3880 6218
155 341 236 396 65
1380 339 1447 393 ΙΝ
1489 339 1531 392 H
1541 339 1966 394 EXAEMEIWN
2008 340 2232 398 LIBER.
3355 348 3414 388 tn

153 450 398 522 ούρανοῦ
441 450 659 520 μνήμην
707 448 998 521 πεποίηται
1042 451 1073 502 ὁ
1125 449 1360 516 Παῦλος,
1409 451 1469 504 ὃν
1513 453 1547 524 ἡ
1593 451 1753 524 δημι-

1858 452 2000 523 quod
2046 452 2233 506 mundi
2265 451 2472 506 fabrica
2504 465 2614 508 non
2650 451 2847 518 habet,
2882 451 3339 523 quemadmodum
3373 467 3418 509 el

156 542 368 614 ουργία
410 542 510 594 οὐκ
541 539 675 609 ἔχει.
715 541 858 610 Ἀρά
886 540 983 593 καὶ
1011 540 1244 594 ἐνταῦθα
1293 543 1327 612 ἡ
1370 540 1463 595 τοῦ
1495 541 1748 614 δευτέρου

164 632 362 700 μνήμη
398 629 505 682 τῶν
548 627 898 699 ζητουμένων
937 627 1101 682 ἐστίν.
1132 630 1195 683 Οἱ
1237 629 1410 683 ταῦτα
1447 629 1627 683 τοίνυν
1657 629 1751 684 καὶ

159 720 238 774 τά
265 719 491 774 τοιαῦτα
518 722 900 792 προφέροντες.
923 719 985 774 οὑ
1018 738 1108 790 μοι
1138 722 1382 775 δοκοῦσιν
1415 722 1750 793 ἐπεσκέφθαι

162 812 260 867 τὸν
292 814 496 867 σκοπὸν
541 813 642 883 τῆς
685 814 781 867 τοῦ
828 815 1032 885 πατρὸς
1074 817 1107 886 ἠ
1119 813 1234 885 μῶν
1271 813 1650 881 διδασκαλίας,
1692 815 1752 878 ὃς

161 908 329 977 δήμῳ
377 908 616 976 τοσούτῳ
666 906 1046 977 διαλεγόμενος
1097 908 1156 959 ἐν
1208 906 1474 979 ἐκκλησίᾳ
1520 907 1752 961 πολυαν-

162 997 410 1069 δρούσῃ,
465 997 799 1068 κατάλληλον
843 997 1151 1068 ἐξανάγκης
1194 999 1427 1051 ἐποιεῖτο
1463 1000 1573 1061 τοῖς
1603 997 1752 1068 δεχο-

168 1090 357 1160 μένοις
387 1090 480 1142 τὸν
526 1087 704 1156 λόγον.
747 1089 838 1143 Ἐν
874 1089 982 1161 γάρ
1012 1089 1289 1153 τοσούτοις
1325 1090 1438 1153 τοῖς
1467 1088 1747 1154 ἀκούουσι,

164 1179 358 1233 πολλοὶ
391 1180 488 1250 μέν
514 1175 656 1249 ἦσαν
696 1180 789 1234 καὶ
841 1181 890 1233 οἱ
938 1180 1047 1235 τῶν
1094 1180 1438 1252 ὑψηλοτέρων
1471 1181 1752 1244 ἐπαῖόντες

163 1269 346 1339 λόγων
369 1287 380 1298 ·
430 1271 862 1336 πολλαπλασίους
901 1271 958 1324 δὲ
998 1272 1049 1324 οἱ
1083 1273 1184 1341 τῆς
1211 1272 1541 1342 λεπτοτέρας
1567 1271 1752 1336 ἐξετά-

164 1380 312 1426 σεως
335 1362 447 1417 τῶν
469 1364 757 1434 νοημάτων
779 1364 878 1417 οὑκ
901 1363 1300 1436 ἐφικνούμενοι,
1326 1365 1516 1436 ἄνδρες
1549 1365 1750 1418 ἰδιῶται

161 1456 266 1509 καὶ
309 1455 566 1526 βάναυσοι
596 1459 717 1519 ταῖς
757 1456 1080 1528 ἐπιδιφρίοις
1121 1457 1404 1532 ἐργασίαις
1450 1474 1752 1528 προσασχο-

158 1547 442 1618 λούμενοι,
473 1548 568 1601 καλ⁵
591 1548 620 1600 ὁ
664 1549 723 1601 ἐν
747 1547 960 1616 γυναιξὶ
986 1547 1114 1611 λαὸς
1143 1547 1254 1600 τῶν
1282 1546 1536 1601 τοιούτων
1572 1548 1750 1619 μαθη-

163 1639 360 1709 μάτων
388 1637 755 1709 ἀγύμναστος,
783 1638 878 1691 καὶ
898 1640 934 1710 ἠ
957 1638 1173 1691 νεολαία
1193 1638 1300 1692 τῶν
1328 1639 1555 1704 παίδων,
1579 1640 1672 1692 καὶ
1701 1640 1751 1691 oi

158 1730 626 1801 παρηλικέστεροι
659 1729 802 1783 κατά
846 1728 937 1782 τὸν
982 1731 1194 1800 χρόνον,
1236 1731 1436 1796 πάντες
1468 1724 1612 1785 οὗτοι
1641 1732 1749 1785 τῶν

157 1820 429 1874 τοιούτων
477 1820 688 1874 ἐδέοντο
734 1819 928 1890 λόγων,
975 1821 1085 1872 τῶν
1122 1821 1261 1892 μετά
1294 1839 1438 1886 τινος
1479 1824 1746 1894 εὐλήπτου

157 1910 524 1981 ψυχαγωγίας
551 1910 641 1964 διά
669 1911 768 1982 τῆς
797 1911 1127 1983 φαινομένης
1152 1914 1404 1979 κτίσεως,
1433 1915 1526 1968 καὶ
1559 1916 1666 1967 τῶν
1692 1919 1752 1969 ἐν

158 2003 346 2076 ταύτῃ
385 2001 566 2056 καλῶν
611 2001 750 2073 πρὸς
796 2003 896 2074 τὴν
926 2001 1021 2055 τοῦ
1066 2005 1428 2072 πεποιηκότος
1467 2005 1533 2058 τὰ
1576 2007 1752 2059 πάντα

160 2095 375 2164 γνῶσιν
403 2093 907 2164 χειραγωγούντων.
941 2093 1103 2146 Ὥστε
1137 2097 1185 2147 εί
1217 2095 1314 2165 μέν
1345 2095 1479 2166 πρὸς
1507 2096 1600 2149 τὸν
1630 2114 1753 2150 σκο-

163 2185 273 2239 πὺν
295 2185 398 2256 τῆς
431 2184 526 2237 τοῦ
561 2184 796 2256 μεγάλου
821 2184 1140 2239 διδασκάλου
1167 2187 1341 2256 κρίνει
1376 2205 1460 2250 τις
1494 2189 1560 2241 τά
1601 2188 1753 2257 λεγό-

169 2293 333 2348 μενα,
376 2275 551 2328 λείπει
581 2278 693 2338 τοῖς
725 2276 1034 2346 εἰρημένοις
1080 2277 1254 2330 οὐδέν.
1297 2278 1372 2331 Οὐ
1414 2279 1521 2350 γὰρ
1555 2281 1753 2348 ἀγωνι-

167 2368 501 2438 στικὼτερον
539 2367 867 2437 ἐνεστήσατο
913 2367 1070 2438 λόγον
1103 2367 1238 2440 πρὸς
1277 2373 1396 2433 ταῖς
1442 2371 1551 2424 τῶν
1590 2372 1755 2442 ζητη-

171 2461 363 2530 μάτων
419 2459 700 2522 ἐνστάσεις
744 2457 996 2529 ἐκθύμως
1026 2460 1469 2532 διαπλεκόμενος,
1496 2462 1632 2515 ἀλλὰ
1655 2467 1753 2535 τῆς

163 2553 546 2622 ἁπλουστέρας
574 2552 682 2604 τῶν
722 2553 982 2624 ῥημάτων
1012 2554 1321 2626 ἐξηγήσεως
1349 2557 1467 2620 ὅλος
1500 2552 1587 2626 ἦν,
1613 2557 1753 2610 ὥστε

163 2643 480 2715 πρόσφορον
514 2645 583 2714 τῇ
614 2641 876 2712 ἁπλότητι
919 2641 1027 2696 τῶν
1073 2644 1378 2697 ἀκουόντων
1408 2644 1755 2714 παραθέσθαι

162 2736 262 2789 τὸν
285 2735 465 2804 λόγον,
494 2734 635 2806 μετά
660 2734 754 2788 τοῦ
776 2734 1007 2798 καὶτοῖς
1028 2735 1135 2788 τῶν
1169 2737 1428 2806 μειζόνων
1461 2739 1754 2810 ἀκροαταῖς

162 2827 584 2881 συναναϐαίνειν
618 2844 734 2888 πως
779 2825 944 2879 αὑτοῦ
977 2826 1076 2898 τὴν
1118 2825 1398 2898 ἐξήγησιν,
1427 2829 1496 2882 τά
1535 2829 1756 2884 ποικίλα

162 2915 479 2986 μαθήματα
541 2915 641 2984 τῆς
698 2914 804 2979 ἔξω
867 2915 1188 2984 φιλοσοφίας
1234 2917 1755 2988 παραδεικνύουσαν.

161 3007 336 3061 Ὥστε
365 3005 524 3078 παρὰ
559 3007 659 3076 μὲν
688 3007 796 3059 τῶν
826 3007 1036 3060 πολλῶν
1062 3007 1318 3074 νοεῖσθαι,
1366 3009 1518 3080 παρά
1548 3009 1605 3064 δὲ
1649 3009 1755 3062 τῶν

158 3099 549 3170 ὑπερεχόντων
581 3096 978 3169 θαυμάζεσθαι.
1033 3099 1096 3151 El
1125 3098 1181 3151 δέ
1220 3100 1283 3152 σὺ
1307 3141 1322 3164 ,
1365 3099 1616 3171 καθάπερ
1661 3101 1756 3153 ἐπὶ

1852 543 1941 597 hic
1970 544 2198 599 secundi
2231 544 2433 598 mentio
2461 544 2744 614 quaeritur.
2774 542 2876 610 Qui
2906 544 3022 599 haec
3053 551 3108 599 et
3142 543 3246 598 alia
3277 545 3396 612 ejus

1853 635 1997 690 modi
2035 637 2366 706 loquuntur,
2397 637 2452 692 hi
2482 638 2616 691 mihi
2646 651 2755 692 non
2788 637 3044 692 videntur
3080 642 3400 707 pr0positun

1853 727 2023 794 patris
2067 726 2239 780 nostri
2287 727 2551 781 doctrina:
2594 727 2756 782 linem
2795 727 3029 793 intueri,
3069 730 3162 798 qui
3211 731 3262 782 in
3309 746 3416 782 am-

1854 817 2098 887 plissima
2147 819 2380 874 ecclesia
2436 820 2698 890 p0pulum
2739 820 3243 890 frequentissimum
3289 824 3408 877 allo-

1851 925 2046 979 quens,
2083 926 2184 980 pro
2210 912 2551 966 audientium
2578 911 2938 982 intelligentia
2967 928 3275 972 sermonem
3307 931 3409 968 mo-

1851 1006 2166 1061 derabatur.
2201 1003 2261 1060 1n
2291 1013 2441 1059 tanta
2478 1005 2624 1059 enim
2657 1003 3009 1059 multitudine
3031 1043 3046 1068 ,
3085 1005 3210 1060 licet
3237 1016 3420 1061 essent

1851 1096 2104 1153 nonnulli
2147 1099 2241 1168 qui
2291 1098 2516 1152 altiores
2562 1098 2723 1152 etiam
2773 1096 3176 1165 disputationes
3218 1098 3424 1152 intelli—

1851 1197 2067 1258 gerent.
2111 1188 2332 1258 plurimi
2382 1193 2565 1241 tamen
2605 1187 2869 1242 doctrina:
2907 1187 3262 1242 subtilitatem
3313 1204 3423 1243 non

1852 1279 2158 1348 capiebant,
2194 1286 2378 1346 utpote
2406 1277 2658 1331 homines
2685 1277 2942 1346 imperiti,
2977 1286 3143 1344 atque
3175 1279 3420 1346 opiﬁcvs,

1851 1377 1904 1422 ct
1946 1368 2181 1438 negotiis
2220 1368 2417 1421 vilibus
2463 1365 2754 1436 occupati,
2787 1373 2841 1418 et
2881 1367 3140 1421 mulieres
3184 1367 3238 1420 in
3275 1367 3420 1434 ejus-

1852 1459 2001 1512 modi
2047 1459 2355 1528 disciplinis
2384 1457 2609 1512 minime
2642 1459 2989 1522 exercitam;
3027 1465 3082 1512 et
3130 1473 3422 1525 puerorum

1852 1552 2033 1615 turba,
2062 1558 2327 1622 aetateque
2351 1549 2593 1618 provecti
2624 1563 2806 1611 senes,
2835 1549 2929 1617 qui
2951 1563 3146 1603 omnes
3175 1551 3422 1602 oratione

1853 1641 1995 1696 l'acili
2045 1641 2366 1695 instituendi
2411 1640 2807 1710 recreandique
2853 1647 3041 1704 erant,
3089 1647 3144 1693 et
3197 1656 3294 1708 per
3340 1656 3427 1694 res

1855 1745 2164 1801 procreatas
2199 1747 2322 1802 quae
2361 1741 2682 1795 cernuntur,
2714 1745 3012 1798 carumque
3051 1729 3422 1798 pulchritudi-

1851 1841 1996 1889 nem,
2032 1825 2098 1877 ad
2124 1839 2304 1878 rerum
2332 1822 2573 1877 omnium
2600 1830 2876 1875 auctorem
2907 1831 3424 1890 procreatoremque

1851 1914 2204 1984 perducendi.
2242 1915 2423 1978 Quare
2464 1911 2511 1967 si
2544 1913 2669 1981 quis
2702 1926 2769 1964 ex
2806 1913 3157 1980 praeceptoris
3188 1913 3427 1970 consilio

1851 2007 1995 2060 dicta
2030 2006 2202 2075 ipsius
2231 2003 2572 2075 cxpenderit,
2595 2004 2733 2058 nihil
2757 2003 3118 2058 dubitationis
3151 2005 3426 2073 relinque-

1852 2111 1959 2154 tur.
2003 2098 2190 2167 Neque
2235 2098 2380 2153 enim
2415 2096 2707 2152 verborum
2754 2096 3136 2150 contentiones
3185 2109 3426 2164 aucupa-

1850 2192 2034 2252 batur,
2065 2205 2164 2244 nec
2195 2188 2355 2244 facile
2379 2204 2500 2244 sese
2527 2187 2924 2258 quaestionibus
2954 2186 3292 2257 implicabat,
3331 2189 3428 2242 sed

1853 2280 2085 2350 simplici
2126 2279 2415 2334 verborum
2451 2279 2792 2349 expositione
2833 2279 3172 2335 audientium
3217 2282 3429 2350 simpli-

1851 2371 2003 2424 citati
2034 2371 2114 2426 sic
2168 2371 2475 2426 orationem
2518 2385 2674 2426 suam
2719 2373 3202 2440 accommodabat,
3234 2384 3295 2428 ut
3328 2391 3423 2428 va.-

1851 2459 1990 2511 riam
2037 2467 2218 2512 tamen
2255 2466 2501 2514 externa:
2536 2459 2896 2529 philosophia:
2932 2461 3242 2516 doctrinam
3275 2463 3431 2518 redo-

1855 2547 2004 2610 lens,
2044 2547 2398 2616 peritioribus
2432 2548 2593 2602 etiam
2639 2549 3004 2605 satisfaceret.
3059 2551 3426 2617 Quamobrem

1853 2651 1971 2691 eam
2002 2645 2054 2689 et
2078 2637 2314 2706 imperiti
2342 2637 2739 2708 intelligebant,
2764 2645 2818 2693 et
2845 2640 3042 2694 eruditi
3077 2643 3430 2698 admiraban-

1854 2737 1964 2782 tur.
2011 2727 2092 2780 Tu
2127 2741 2278 2792 vero,
2310 2729 2378 2791 si,
2409 2736 2467 2782 ut
2501 2729 2556 2782 iu
2592 2739 2777 2785 monte
2817 2728 3028 2796 Sinai‘,
3061 2735 3263 2788 relicto.
3285 2737 3430 2792 intra

1854 2816 2056 2886 populo
2104 2816 2266 2870 simul
2310 2831 2434 2870 cum
2471 2832 2670 2888 magno
2712 2818 2862 2874 Mose
2909 2822 3110 2890 quaeris
3155 2823 3210 2876 in
3245 2838 3429 2880 rerum

1855 2922 2180 2960 arcanarum
2215 2909 2693 2977 contemplationis
2732 2911 2986 2966 nebulam
3030 2913 3260 2968 introire
3285 2955 3301 2980 ,
3335 2915 3430 2969 ubi

1855 2995 1968 3060 ille,
2005 3011 2129 3051 cum
2164 3005 2342 3060 esset,
2373 2998 2507 3052 vidit
2540 3015 2604 3054 ea
2639 3016 2758 3070 qua:
2802 3003 2984 3059 verbis
3028 3006 3290 3074 explicari
3318 3023 3432 3061 non

1855 3099 2120 3157 possunt,
2161 3093 2645 3162 necessariumque
2678 3095 2832 3163 cupis
2877 3111 3058 3152 rerum
3085 3099 3426 3152 conditarum

158 3190 261 3244 τοῦ
291 3189 512 3242 Σιναῒου
551 3189 710 3260 ὅρους
739 3186 1056 3242 καταλιπὼν
1099 3187 1250 3241 κάτω
1281 3188 1370 3240 τὸν
1404 3187 1570 3241 πολὺν
1605 3187 1752 3252 λαὸν,

1859 3183 2107 3237 ordinem
2141 3197 2497 3254 cognoscere,
2529 3187 2822 3254 quomodo,
2857 3188 2996 3242 cmlo
3020 3195 3272 3258 terraque
3299 3205 3438 3244 con-

159 3283 263 3337 καὶ
305 3281 454 3350 ὑπὲρ
497 3280 624 3342 τοὺς
658 3278 851 3342 ἄλλους
894 3277 1131 3350 ὑψωθεὶς
1171 3277 1270 3349 τὴν
1316 3278 1577 3340 διάνοιαν,
1630 3295 1754 3332 συν-

159 3373 432 3426 εισελθεϊν
475 3371 799 3442 φιλονεικεῖς
840 3369 920 3439 τῷ
969 3369 1190 3440 μεγάλῳ
1237 3370 1446 3441 Μωῦσῇ
1473 3410 1488 3435 ,
1540 3371 1620 3433 εἰς
1661 3369 1753 3422 τὸν

159 3465 368 3534 γνόφον
412 3462 517 3534 τῆς
561 3463 668 3516 τῶν
713 3462 1042 3532 ἀπορρήτων
1091 3460 1350 3531 θεωρίας,
1388 3461 1445 3513 ἐν
1475 3453 1519 3528 ᾧ
1548 3463 1754 3522 ἐκεῖνος

1862 3271 2052 3337 tectis,
2085 3271 2177 3326 lux
2211 3271 2431 3343 quidem
2480 3281 2538 3327 ut
2571 3283 2755 3339 esset,
2812 3275 3055 3330 divinum
3114 3278 3434 3336 mandatum

1858 3365 2224 3433 exspectarit,
2261 3365 2500 3421 tenebrae
2530 3375 2711 3421 autem
2753 3368 3065 3424 exstiterint
3107 3369 3273 3424 etiam
3311 3371 3432 3424 sine

1859 3458 2138 3512 mandato.

161 3557 484 3629 γενόμενος,
533 3550 640 3634 εἶδέ
688 3569 750 3607 τε
792 3551 864 3605 τά
893 3551 1100 3605 ἀθέατα
1135 3552 1364 3605 καὶτῶν
1391 3551 1674 3621 ἁλαλήτων
1717 3550 1821 3620 ἔπη
1855 3550 2166 3620 ἠκροάσατο
2193 3589 2208 3613 ,
2255 3549 2349 3602 καὶ
2386 3549 2568 3621 ζητεῖς
2613 3549 2818 3618 γνῶναι
2848 3550 2945 3621 τὴν
2986 3551 3287 3620 ἀναγκαίαν
3333 3550 3434 3618 τῆς

161 3648 404 3708 κτίσεως
423 3644 600 3710 τάξιν,
626 3642 745 3704 πῶς
790 3641 886 3696 τοῦ
915 3639 1165 3713 ούρανοῦ,
1209 3641 1306 3694 καὶ
1349 3642 1447 3712 τῆς
1485 3641 1587 3711 γῆς
1631 3638 1964 3708 γεγονότων,
2007 3639 2068 3692 τὸ
2097 3639 2196 3709 μὲν
2224 3639 2340 3708 φῶς
2364 3638 2626 3710 ἀναμένει
2653 3639 2714 3692 τὸ
2743 3639 2883 3693 θεῖον
2923 3639 3271 3711 πρόσταγμα,
3299 3642 3436 3710 πρὸς

161 3737 229 3790 «cs
247 3733 510 3804 γενέσθαι
535 3732 652 3801 φῶς
669 3750 684 3764 ·
710 3732 772 3784 τὸ
800 3731 858 3784 δέ
887 3731 1074 3793 σκότος
1101 3731 1194 3783 καὶ
1216 3731 1344 3784 ἄνευ
1378 3731 1802 3802 προστάγματος
1835 3723 1924 3798 ἦν.

235 3831 354 3884 Καὶ
409 3830 460 3881 εἰ
511 3828 677 3898 μηδὲν
723 3827 831 3880 ἔδει
883 3823 965 3894 τῷ
1010 3826 1150 3894 φωτὶ
1185 3825 1322 3895 πρὸς
1359 3824 1421 3878 τὸ
1472 3825 1756 3894 καταλαμ-

165 3921 403 3994 πρύνειν
431 3919 523 3972 τὸν
555 3918 911 3986 ὑποκείμενον
955 3916 1122 3986 ἀέρα,
1163 3915 1258 3969 καὶ
1302 3916 1457 3970 νυκτὶ
1503 3917 1597 3970 καὶ
1631 3914 1766 3986 ἡμέ-

171 4030 246 4084 ρᾳ
293 4010 551 4082 διορίζειν
608 4008 699 4060 τὸν
755 4007 982 4080 χρόνον,
1025 4006 1109 4070 τίς
1165 4001 1234 4077 ἦν
1290 4006 1452 4078 χρεία
1511 4007 1611 4073 τῆς
1667 4005 1763 4058 τοῦ

167 4103 329 4174 ἡλίου
389 4098 776 4169 κατασκευῆς;
821 4097 917 4150 καὶ
959 4098 1008 4149 εὶ
1051 4097 1331 4167 καταρχὰς
1380 4095 1515 4166 μετά
1547 4095 1642 4148 τοῦ
1675 4097 1764 4148 ού-

174 4184 344 4264 ρςίνοῦ
372 4191 596 4260 γέγονεν
621 4191 655 4259 ἡ
683 4189 777 4259 γῆ,
801 4187 920 4250 πῶς
943 4186 1422 4240 ἀκατασκεύαστον
1447 4187 1511 4240 τὸ
1539 4203 1765 4256 γεγενη-

1930 3821 2233 3887 Praeterea,
2279 3823 2325 3878 si
2369 3823 2435 3877 ad
2469 3823 2774 3893 subjectum
2806 3837 2986 3879 aerem
3026 3824 3435 3888 illustrandum,

1862 3923 1917 3970 et
1956 3923 2172 3984 tempus
2217 3923 2380 3970 nocte
2427 3915 2627 3985 dieque
2674 3914 3151 3986 distinguendum,
3188 3916 3335 3968 nulla
3378 3931 3433 3968 re

1863 4004 1954 4058 lux
1987 4004 2237 4074 indiguit,
2265 4004 2399 4074 quid
2425 4005 2472 4058 ei
2506 4005 2673 4060 fuerit
2698 4021 2857 4074 opus,
2882 4015 2942 4059 ut
2967 4007 3047 4061 sol
3079 4006 3440 4060 conderetur?

1861 4096 1941 4148 Ad
1981 4095 2131 4158 haec,
2167 4099 2210 4150 si
2249 4096 2405 4150 initio
2441 4098 2604 4150 simul
2646 4113 2769 4152 cum
2805 4098 2942 4152 coelo
2977 4107 3119 4151 terra
3169 4098 3268 4150 fuit
3307 4114 3436 4167 pro-

1861 4198 2064 4249 creata,
2097 4203 2205 4255 quo
2230 4195 2390 4256 pacto
2414 4184 2985 4255 fuci-itincomposita?
3016 4187 3151 4242 Nam
3184 4189 3228 4243 si
3258 4187 3436 4244 faccre

173 4284 345 4356 μένον
375 4282 523 4347 ἐστί;
574 4280 650 4335 Τὸ
673 4280 782 4351 γὰρ
816 4279 1248 4342 κατασκευάσαι,
1290 4279 1472 4332 καὶτὸ
1514 4280 1756 4349 ποιῆσαι,

1863 4285 1916 4332 et
1946 4293 2276 4347 componere
2305 4278 2441 4332 nihil
2473 4279 2617 4332 inter
2653 4295 2712 4334 se
2744 4279 2996 4334 videntur
3029 4279 3266 4344 dill‘erre,
3300 4296 3436 4348 quo-

171 4375 329 4430 οὐδὲν
359 4373 510 4427 δοκεῖ
532 4371 808 4441 διαφέρειν
834 4370 978 4423 κατά
998 4369 1096 4440 τὴν
1125 4369 1352 4425 ἔννοιαν.
1385 4369 1450 4424 Et
1476 4365 1569 4424 οὖν
1591 4371 1759 4423 ταύτό

173 4467 291 4520 ἐστι
317 4464 383 4518 τδ
416 4462 641 4532 ποιῆσαι
667 4460 745 4532 τῷ
769 4462 1198 4528 κατασκευάσαι,
1229 4460 1345 4525 πῶς
1371 4460 1435 4514 τὸ
1461 4461 1761 4532 πεποιημέ-

172 4574 264 4611 νον
292 4555 447 4608 ἐστὶν
490 4552 1001 4620 ἀκατασκεύαστον;
1049 4554 1145 4608 καὶ
1183 4551 1254 4606 τὰ
1288 4553 1416 4624 περ)⁹
1457 4552 1556 4624 τῆς
1585 4554 1758 4624 ὑγρᾶς

174 4648 367 4712 οὐσίας
393 4643 839 4716 ἐπαπορούμενα,
868 4647 943 4710 ὼς
976 4646 1036 4699 ού
1065 4646 1286 4700 δυνατὸν
1315 4645 1374 4700 ὂν
1402 4645 1514 4700 άνω
1543 4644 1642 4715 τῆς
1670 4646 1758 4698 οὑ-

179 4740 368 4813 ρανίου
404 4737 592 4807 άψίδος
619 4739 678 4791 ἐν
709 4736 789 4807 τῷ
823 4737 1151 4806 σφαιροειδεῖ
1178 4738 1416 4807 σχήματι
1444 4736 1504 4789 τὸ
1533 4736 1758 4804 ρευστὸν

175 4827 463 4899 ἐφιζῆσαι.
508 4827 636 4888 Πῶς
673 4827 782 4898 γὰρ
828 4825 1173 4896 ἐφιδρυνθείη
1218 4825 1296 4896 τῷ
1326 4825 1510 4897 κυρτῷ
1539 4827 1572 4896 ἠ
1603 4825 1767 4895 ὑγρό-

177 4937 299 4990 της,
333 4918 481 4972 κατά
515 4920 694 4971 πᾶσαν
719 4918 969 4988 ἀνάγκην
991 4916 1099 4971 ἀπὸ
1129 4916 1223 4970 τοῦ
1249 4917 1336 4970 ἀεὶ
1358 4916 1764 4987 κορυφουμένου

177 5010 277 5081 τῆς
324 5008 596 5079 σφαίρας,
639 5009 775 5081 πρὸς
815 5008 886 5061 τά
928 5006 1182 5077 ἐπικλινῆ
1213 5005 1308 5060 τοῦ
1352 5008 1628 5078 σχήματος
1671 5007 1764 5060 τοῦ

181 5098 357 5171 ὑγροῦ
381 5099 778 5170 μεταρῤέοντος
801 5115 816 5163 ;
847 5097 972 5159 Πῶς
1009 5097 1067 5150 δέ
1104 5096 1198 5150 τοῦ
1227 5095 1588 5168 ὑποκειμένου
1609 5097 1767 5151 ἀστα-

180 5191 426 5256 τοῦντος,
449 5192 508 5243 ἐν
529 5191 695 5260 ἑαυτῇ
719 5189 830 5256 ἕξει
858 5190 917 5242 τὸ
945 5190 1225 5259 στάσιμον,
1253 5187 1344 5240 ἀεὶ
1367 5188 1465 5258 τῆς
1487 5187 1621 5250 ιδίας
1639 5188 1767 5241 ἀπο-

181 5281 536 5335 λισθαίνουσα
575 5280 812 5350 βάσεως;
854 5279 981 5343 Πῶς
1019 5279 1076 5331 δέ
1112 5279 1175 5330 οὑ
1210 5277 1635 5349 σκεδασθήσεται
1668 5278 1770 5348 τῆς
1799 5269 1806 5276 ’

181 5373 453 5444 ὀξυτάτης
498 5371 596 5426 τοῦ
631 5371 795 5425 πόλου
840 5373 1139 5444 περιφορᾶς
1170 5370 1229 5423 τὸ
1265 5369 1514 5439 ἐφιζάνον
1551 5368 1768 5432 πάντως

185 5462 800 5536 ἀποκρουούσης;’Δλλά
817 5463 922 5532 μὴν
937 5464 1032 5516 καὶ
1047 5462 1108 5514 τὸ
1127 5461 1463 5515 δαπανᾶσθαι
1478 5459 1574 5531 τὴν
1593 5460 1766 5529 ὑγρὰν

187 5556 347 5626 φύσιν
365 5554 634 5610 ἀπίθανον
656 5557 769 5617 τοῖς
785 5553 1122 5622 ἀντιλέγουσι
1149 5552 1414 5623 φαίνεται.
1433 5551 1532 5605 Διά
1546 5551 1606 5604 τὸ
1628 5552 1763 5605 πάν-

258 5713 284 5745 ⁸
322 5710 497 5765 Exod.
543 5725 658 5776 xix,
698 5709 766 5762 16
828 5726 947 5779 sqq.

1867 4369 2026 4422 modo
2048 4409 2062 4433 ,
2094 4370 2238 4438 quod
2272 4369 2474 4423 factum
2506 4380 2610 4434 est,
2643 4370 3062 4440 incompositum
3104 4370 3238 4424 fuit?
3272 4369 3434 4432 Tum,

1865 4475 1986 4529 quae
2024 4459 2091 4514 ad
2138 4474 2333 4530 aquam
2387 4462 2661 4530 pertinent
2707 4462 3072 4530 quaestiones.
3113 4462 3266 4530 quasi
3318 4461 3434 4514 fieri

1865 4566 1975 4604 non
2019 4553 2213 4620 possit,
2245 4561 2304 4605 at
2336 4567 2500 4621 super
2531 4553 2720 4622 apside
2761 4555 2966 4608 cmlesti
3002 4554 3279 4622 ﬁguraque
3329 4554 3436 4622 glo-

1865 4643 2000 4698 bosa
2057 4651 2111 4698 et
2139 4643 2374 4696 rotunda
2422 4645 2723 4698 consistant
2771 4660 2890 4712 qua:
2918 4644 3060 4698 lltixa
3107 4654 3255 4697 sunt.
3289 4644 3436 4708 Quo-

1866 4734 2029 4789 modo
2052 4733 2196 4788 enim
2224 4742 2419 4787 natura
2455 4734 2673 4788 humida
2708 4735 2760 4789 in
2792 4752 2961 4789 curvo
2987 4733 3288 4795 consideat,
3315 4750 3441 4802 quae

1863 4825 1930 4879 de
1961 4825 2187 4896 sphaerae
2227 4824 2442 4895 fastigio
2481 4826 2533 4879 in
2567 4843 2767 4895 pronas
2809 4828 2991 4895 ﬁgurae
3027 4836 3209 4894 partes
3250 4842 3438 4879 neres-

1865 4917 2014 4971 sario
2053 4915 2281 4970 deﬂuit?
2318 4925 2413 4970 aut
2451 4919 2760 4986 quomodo,
2799 4934 2922 4971 cum
2963 4918 3012 4969 id
3054 4932 3161 4986 quo
3195 4917 3441 4970 sustine-

1863 5012 1954 5058 tur
1984 5005 2236 5059 instabile
2263 5006 2601 5074 sit,cumque
2639 5021 2668 5058 a
2698 5023 2795 5061 sua
2826 5007 2940 5060 basi
2975 5021 3185 5074 semper
3217 5005 3436 5057 delaba-

1865 5103 1977 5160 tur,
2007 5096 2060 5148 in
2105 5111 2163 5150 se
2216 5096 2332 5165 ipsa
2379 5097 2599 5151 habebit
2629 5098 2978 5151 lirmitatcm?
3019 5106 3113 5150 aut
3161 5097 3442 5164 quomodo

1863 5203 1973 5240 non
2010 5187 2389 5256 dissipabitur,
2423 5203 2546 5241 cum
2578 5189 2958 5242 incitatissima
2993 5189 3100 5257 poli
3147 5187 3438 5241 conversio

1865 5278 1998 5331 nihil
2047 5293 2276 5348 prorsus
2320 5278 2566 5333 insidens
2595 5279 2977 5348 inhrerensque
3008 5279 3111 5332 sibi
3145 5293 3254 5332 non
3302 5275 3439 5344 abji-

1865 5371 1976 5426 ciat
1995 5414 2008 5437 ,
2040 5387 2104 5424 ac
2127 5372 2394 5440 repellat?
2420 5372 2728 5436 Quinetiam
2775 5371 2898 5426 istis
2938 5355 3444 5424 contradicentibus

1874 5478 1984 5517 non
2022 5463 2239 5516 videtur
2277 5479 2400 5518 esse
2435 5463 2764 5528 verisimile,
2795 5475 2854 5516 ut
2893 5479 3014 5532 quae
3043 5462 3262 5516 humida
3310 5465 3445 5518 sunt

1871 5563 2286 5620 consumantur,
2321 5568 2445 5608 cum
2477 5561 2529 5608 ct
2557 5551 2808 5621 fontium,
2836 5561 2889 5610 et
2913 5551 3222 5622 ﬂuminum,
3249 5559 3304 5607 et
3323 5562 3446 5607 ma-
