3880 6218
403 327 470 383 17
1650 322 1711 378 S.
1752 317 2083 376 GREGORII
2126 317 2417 374 NYSSENI
2749 365 2759 374 .
3616 317 3693 369 68

403 450 501 513 ris,
540 453 594 503 et
637 447 858 502 lacuum
899 461 1072 517 aquas
1124 450 1178 503 in
1236 447 1426 503 eadem
1482 460 1697 516 semper
1730 459 1972 500 mensur:

2091 458 2212 495 τοτε
2235 443 2293 494 ἐν
2317 443 2418 512 ῖσῳ
2452 441 2528 513 τῷ
2555 444 2738 514 μέτρῳ
2764 441 2832 495 τά
2856 441 2965 496 τῶν
2993 442 3200 497 ὑδάτων
3229 441 3461 513 ὁρᾶσθαι
3494 446 3696 512 συστή-

402 542 708 598 consistere
749 540 1000 607 videant,
1054 542 1296 611 exceptis
1346 539 1675 610 quibusdam
1721 538 1987 600 fontibus,

402 634 495 704 qui
543 648 609 687 ex
644 632 904 688 imbrium
936 634 1257 703 niviumque
1295 633 1347 687 vi
1379 633 1592 702 copiam
1629 645 1895 701 aquarum
1933 632 1988 684 in

401 724 693 795 superﬁcie
725 726 887 779 sitam
927 726 1247 796 colligentes
1272 768 1285 791 ,
1328 724 1657 779 torrentium
1689 723 1865 778 instar
1892 737 1990 792 pro

402 818 664 874 facultate
699 833 820 887 quae
863 834 1086 873 sursum
1132 819 1419 888 provenit,
1453 818 1534 872 vel
1576 825 1870 887 augentur,
1904 817 1991 872 vel

401 909 683 963 deﬁciunt.
717 908 851 963 Nam
881 926 945 965 ex
980 910 1181 979 quibus
1217 910 1476 980 perennia
1501 908 1700 962 ﬂuenta
1741 916 1987 974 manant,

402 1015 505 1053 nec
534 1001 703 1054 ullum
739 1000 1152 1055 decrementum
1199 1002 1278 1065 iit,
1328 1009 1421 1055 aut
1469 1003 1890 1065 incrementum,
1933 1001 1991 1056 in

404 1092 475 1147 iis
501 1093 636 1146 nihil
659 1093 911 1148 humoris
941 1094 1216 1159 consumi,
1241 1093 1536 1149 manifesto
1563 1102 1801 1150 constat.
1831 1094 1990 1160 Quod

402 1184 548 1239 enim
574 1185 948 1253 consumitur,
976 1186 1224 1241 eamdem
1258 1194 1521 1256 perpetuo
1547 1202 1863 1243 mensuram
1894 1186 1992 1242 ob-

403 1276 581 1329 tinere
614 1289 723 1329 non
752 1282 953 1346 potest.
976 1275 1053 1331 Ae
1077 1292 1145 1331 ne
1169 1278 1311 1349 ignis
1342 1278 1582 1350 quidem,
1608 1278 1653 1333 si
1680 1279 1839 1333 modo
1868 1296 1990 1335 eam

402 1381 530 1421 vere
561 1373 814 1420 naturam
855 1367 1040 1432 habet,
1077 1376 1138 1423 ut
1172 1384 1368 1439 aquam
1410 1377 1727 1435 consumat,
1768 1386 1992 1427 mensu-

401 1472 517 1512 ram
545 1452 824 1528 propriam
857 1467 1123 1526 tueretur,
1153 1470 1245 1514 aut
1274 1463 1482 1517 nullum
1515 1472 1863 1532 augmentum
1891 1480 1993 1518 nu-

331 1554 337 1558 ’
401 1548 790 1603 trimentumve
819 1544 1146 1620 susciperet.
1184 1550 1371 1622 Neque
1396 1554 1540 1608 enim
1582 1552 1693 1608 ﬁeri
1728 1562 1905 1624 potest
1935 1563 1993 1610 ut

399 1638 521 1709 ejus
546 1652 739 1695 natura
769 1656 836 1696 ex
870 1643 1097 1697 materia
1138 1653 1462 1715 consumpta
1497 1661 1603 1700 non
1633 1654 1916 1716 augeatur.

472 1732 596 1787 llaec
640 1742 692 1788 et
722 1733 922 1788 similia
956 1734 1000 1790 si
1026 1742 1082 1789 tu
1116 1735 1409 1804 diligenter
1447 1737 1713 1808 indagans
1743 1746 1796 1793 et
1821 1739 1987 1794 rebus

400 1818 731 1874 sublimibus
763 1819 1111 1885 incumbens,
1140 1838 1205 1878 ea
1238 1840 1359 1893 qua:
1391 1840 1422 1878 a
1454 1824 1602 1881 Mose
1646 1827 1699 1880 in
1735 1828 1986 1899 caliginis

401 1910 742 1966 obscuritate
771 1921 1064 1983 conspecta
1086 1922 1234 1981 sunt,
1262 1923 1316 1969 et
1344 1916 1457 1986 ipse
1476 1917 1783 1986 perspicere
1804 1919 1983 1988 cupis,

400 2009 457 2056 et
484 2002 818 2057 multitudini
864 2004 1192 2074 patefacere,
1230 2009 1534 2077 prudentiae
1561 2017 1664 2063 tua:
1694 2012 1988 2065 consulue-

397 2092 523 2156 rim,
555 2109 625 2148 ne
655 2094 821 2148 alium
852 2106 1154 2165 spectares,
1191 2098 1285 2153 scd
1320 2101 1384 2153 ad
1417 2116 1534 2153 cam
1578 2103 1805 2170 gratiam
1847 2119 1983 2157 cou-

398 2182 637 2255 fugeres,
669 2201 792 2256 quae
830 2187 884 2240 in
918 2198 968 2241 te
999 2196 1105 2253 est,
1137 2199 1190 2244 ct
1219 2189 1285 2244 ad
1320 2190 1579 2261 Spiritum
1618 2195 1981 2257 t'cvelationis,

397 2276 490 2345 qui
518 2277 776 2345 precibus
807 2287 1071 2333 exoratus
1109 2295 1293 2334 rerum
1341 2281 1649 2337 divinarum
1697 2292 1750 2337 ct
1781 2285 1982 2339 altissi-

396 2378 610 2418 marum
653 2380 854 2422 arcana
893 2370 1181 2424 reserabit.
1215 2369 1414 2426 Verum
1449 2375 1705 2443 quoniam
1738 2391 1805 2430 ex
1843 2378 1984 2447 Apo-

398 2456 596 2513 stolica
626 2458 739 2529 lege
768 2458 1030 2518 debemus
1058 2472 1251 2518 mutuo
1282 2465 1440 2520 nobis
1472 2465 1574 2536 ipsi
1605 2468 1829 2531 servire,
1866 2469 1983 2522 lau-

393 2547 703 2620 dabilisque
752 2553 1038 2609 servitutis
1086 2556 1366 2624 proprium
1410 2567 1513 2621 est,
1558 2557 1719 2614 factis
1765 2576 1827 2613 ea
1862 2577 1983 2630 qua:

396 2643 655 2698 mandata
687 2651 818 2699 sunt
847 2645 1105 2714 exsequi;
1142 2648 1549 2715 precationibus
1581 2650 1690 2704 tuis
1719 2650 1982 2721 adjuvan-

390 2734 540 2789 tibus
566 2749 789 2805 operam
827 2735 991 2797 dabo,
1038 2748 1098 2790 ut
1132 2751 1397 2807 quantum
1432 2740 1545 2793 ﬁeri
1580 2743 1798 2811 poterit,
1832 2759 1981 2813 qua:-

391 2826 600 2880 stiones
642 2825 743 2880 has
787 2825 1026 2882 breviter
1063 2831 1349 2900 explicem.
1391 2830 1497 2886 Sed
1542 2843 1833 2904 antequam
1878 2850 1978 2890 ex-

387 2917 597 2982 ordiar,
644 2918 777 2973 illud
811 2928 1065 2975 testatum
1099 2924 1242 2988 volo,
1274 2924 1407 2978 mibi
1438 2933 1649 2979 certum
1676 2942 1798 2982 esse
1829 2929 1977 2983 nulla

388 3008 445 3062 in
475 3024 536 3063 re
572 3010 955 3066 contradicere
998 3012 1065 3067 iis
1103 3029 1224 3083 qua:
1258 3029 1288 3068 a
1334 3013 1393 3069 S.
1444 3014 1649 3071 Basilio
1683 3018 1737 3073 in
1786 3021 1976 3075 mundi

2094 554 2260 608 ματα,
2284 539 2341 590 ἐν
2363 539 2566 607 πηγαῖς
2586 553 2644 589 τε
2671 539 2765 590 καὶ
2788 538 3185 607 ποταμοῖςρκαὶ
3216 535 3453 607 λίμναις,
3476 537 3616 608 πλὴν
3638 536 3698 590 εἴ

2089 647 2234 693 τινες
2247 629 2356 682 τῶν
2378 628 2568 700 πηγῶν
2585 628 2904 683 ἐπιπολαίαν
2921 628 3139 700 ἔχουσαι
3154 630 3252 701 τὴν
3272 629 3365 683 τοῦ
3386 629 3575 695 ὓδατος
3592 648 3694 701 χο-

2095 722 2311 794 ρηγίαν,
2344 722 2439 775 καὶ
2457 722 2836 793 διαπηδήσεως
2869 722 3092 795 ὄμϐρων
3115 722 3149 794 ἢ
3181 723 3375 793 χιόνων
3401 722 3693 792 πηγάζου-

2093 831 2210 867 σιν’
2246 815 2301 868 αἳ
2334 815 2638 887 χειμάρρου
2673 816 2874 886 τρόπον
2913 818 2980 887 τῇ
3028 815 3236 870 ἄνωθεν
3278 816 3508 886 ἐπιρροῇ
3554 831 3691 866 συν-

2091 907 2426 977 απολήγουσί
2454 925 2513 961 τε
2551 909 2645 962 καὶ
2675 908 3053 973 συναύξονται.
3096 909 3214 979 Ἐφ’
3251 901 3326 962 ὧν
3365 908 3422 961 δὲ
3458 908 3690 961 ἁένναον

2092 1002 2375 1069 προχεῖται
2408 1000 2471 1053 τὸ
2504 1001 2740 1073 ῥεῖθρον,
2775 1002 3044 1073 μηδεμιᾶς
3074 1001 3424 1064 ἐλαττώσεως
3456 999 3687 1071 ἢαύξή-

2094 1107 2232 1155 σεως
2279 1092 2591 1164 γενομένης,
2626 1094 2941 1161 ἀναγκαίως
2971 1093 3033 1146 τὸ
3085 1093 3254 1163 μηδὲν
3292 1089 3687 1145 ἀναλίσκεσθαι

2090 1184 2191 1255 τῆς
2231 1185 2404 1255 ὑγρᾶς
2432 1185 2621 1249 οὐσίας
2653 1183 3019 1257 ὁμολογεῖται.
3068 1185 3144 1239 Οὑ
3174 1184 3286 1255 γὰρ
3314 1183 3591 1253 ἐνδέχεται
3617 1182 3684 1236 τὸ

2090 1272 2477 1345 δαπανώμενον
2520 1276 2579 1329 ἐν
2627 1275 2706 1346 τῷ
2738 1274 2837 1347 ῐσῳ
2887 1277 3072 1348 μέτρῳ
3149 1276 3285 1346 πρὸς
3318 1275 3380 1328 τὸ
3433 1273 3683 1345 διηνεκὲς

2090 1365 2392 1435 διαμένειν·
2432 1365 2547 1419 ἀλλ’
2576 1366 2695 1419 οὑδέ
2734 1366 2794 1419 τὸ
2828 1364 2960 1439 πῦρ,
2992 1367 3149 1438 εἴπερ
3179 1366 3258 1437 τῷ
3284 1366 3398 1420 ὄντι
3427 1366 3681 1437 δαπανη-

2090 1455 2239 1509 τικδν
2269 1457 2362 1510 τοῦ
2396 1457 2584 1521 ὓδατος
2610 1453 2701 1529 ἦν,
2735 1458 2925 1529 ἔμενεν
2956 1458 3021 1512 ἂν
3051 1460 3144 1511 ἐπὶ
3177 1458 3271 1512 τοῦ
3303 1458 3432 1513 ίδίου
3474 1458 3679 1530 μέτρου

2090 1547 2323 1614 ἄναυξές
2367 1567 2427 1603 τε
2474 1549 2568 1603 καὶ
2616 1550 2868 1621 ἄτροφον.
2905 1552 2979 1604 Οὑ
3030 1551 3141 1623 γάρ
3193 1553 3309 1604 ἐστι
3355 1550 3576 1605 δυνατὸν
3603 1551 3678 1622 τῇ

2090 1642 2452 1714 δαπανωμένῃ
2508 1643 2608 1715 ὕλῃ
2640 1643 2733 1697 τοῦ
2767 1644 2937 1715 πυρὸς
2987 1646 3062 1715 μὴ
3098 1643 3459 1711 συναύξεσθαι
3487 1643 3675 1713 φύσιν.

2166 1731 2227 1786 Εἰ
2252 1727 2343 1786 οὖν
2372 1732 2547 1787 ταῦτα
2577 1735 2640 1786 σὺ
2665 1734 2759 1787 καὶ
2783 1733 2851 1787 τὰ
2872 1733 3097 1788 τοιαῦτα
3128 1734 3615 1805 πολυπραγμονῶν,
3646 1731 3678 1785 6

2089 1825 2222 1877 πᾶσι
2268 1828 2380 1888 τοῖς
2432 1826 2658 1896 ὑψηλοῖς
2704 1826 3184 1896 ἐπεκτεινόμενος,
3236 1828 3331 1879 καὶ
3375 1826 3445 1879 τά
3496 1826 3554 1877 ἐν
3590 1823 3677 1894 τῷ

2088 1915 2235 1985 ζόφῳ
2265 1917 2366 1987 τῆς
2401 1916 2496 1970 τοῦ
2527 1916 2806 1981 Μωΰσέως
2835 1918 3100 1981 ὀπτασίας
3133 1917 3385 1988 κείμενα,
3420 1917 3580 1981 αὑτός
3610 1934 3674 1969 τε

2089 2010 2216 2062 ίδείν
2250 2013 2315 2081 τῇ
2351 2012 2607 2081 φρονήσει
2643 2027 2757 2075 σου,
2796 2010 2870 2081 μὴ
2913 2010 3047 2082 πρὸς
3085 2009 3240 2063 ἄλλον
3271 2009 3507 2080 βλέπειν,
3532 2009 3676 2063 ἀλλὰ

2086 2104 2223 2176 πρὸς
2248 2103 2346 2175 τὴν
2376 2105 2432 2156 ἐν
2467 2105 2549 2157 σοὶ
2580 2104 2759 2176 χάριν,
2800 2106 2894 2158 καὶ
2921 2105 2998 2175 τῷ
3033 2104 3300 2175 πνεύματι
3337 2105 3436 2175 τῆς
3459 2105 3673 2157 ἀποκα-

2084 2195 2297 2265 λύψεως
2328 2195 2405 2264 τῷ
2429 2195 2519 2249 διὰ
2546 2196 2655 2249 τῶν
2690 2196 3007 2267 προσευχῶν
3036 2213 3118 2249 σοι
3158 2197 3565 2269 φανερουμένῳ,
3596 2196 3674 2250 τὰ

2085 2287 2205 2339 θεῖα
2254 2285 2391 2358 βάθη
2446 2286 2843 2357 διερευνᾶσθαι.
2903 2287 3058 2341 Ἐπεὶ
3112 2287 3169 2341 δὲ
3225 2289 3331 2360 χρὴ
3384 2289 3524 2342 κατὰ.
3574 2288 3671 2342 τὸν

2083 2383 2438 2437 ἀποστολικὸν
2468 2384 2631 2455 νόμον
2659 2384 2829 2439 εἴκειν
2858 2384 3105 2457 ἀλλήλοις
3136 2386 3204 2440 δι’
3229 2386 3451 2455 ἀγάπης
3483 2386 3630 2455 ἡμᾶς
3651 2404 3667 2418 ο

2084 2472 2214 2527 ἴδιον
2246 2473 2302 2525 δὲ
2352 2474 2449 2545 τῆς
2479 2475 2771 2545 ἐπαινετῆς
2813 2475 3056 2539 δουλείας
3100 2476 3236 2542 ἐστὶ,
3275 2476 3336 2530 τὸ
3381 2479 3461 2541 είς
3503 2477 3672 2549 ἔργον

2082 2565 2311 2632 ἀγαγεῖν
2342 2568 2409 2619 τὰ
2435 2566 2803 2637 ἐπιτάγματα,
2841 2567 2931 2620 διὰ
2960 2566 3207 2639 βραχέων
3238 2569 3315 2631 ὼς
3354 2568 3469 2621 ἔστι
3506 2568 3672 2621 δυνα-

2080 2658 2192 2725 τὸν,
2234 2659 2333 2730 τὴν
2364 2660 2491 2729 περὶ¹
2518 2659 2722 2712 τούτων
2766 2658 3033 2729 ὑπόληψιν
3067 2658 3369 2728 ἐκκαλύψαι
3403 2659 3669 2730 πειράσο-

2084 2768 2201 2823 μαι,
2228 2753 2293 2821 τῇ
2324 2753 2394 2822 σῇ
2426 2753 2701 2822 προσευχῇ
2729 2752 3003 2821 συμμάχῳ
3060 2750 3197 2820 πρὸς
3221 2748 3312 2804 τὸν
3336 2748 3492 2817 λόγον
3520 2749 3671 2821 χρώ-

2084 2860 2264 2912 μενος.
2298 2841 2466 2895 Τοῦτο
2491 2842 2548 2897 δέ
2585 2860 2674 2913 μοι
2699 2841 2804 2911 πρὸ
2832 2843 2932 2911 τῆς
2961 2842 3326 2913 ἐγχειρήσεως
3355 2840 3669 2913 διαμεμαρ-

2078 2931 2349 3002 τυρήσθω,
2396 2932 2456 2985 τὸ
2504 2931 2671 3002 μηδὲν
2710 2932 2860 3001 ἡμᾶς
2910 2929 3379 3001 ἁντιδογματίζειν
3407 2929 3484 3001 τῷ
3518 2930 3667 3001 ἁγίῳ

2078 3019 2363 3091 Βασιλείῳ,
2396 3022 2525 3093 περὶ
2555 3020 2663 3074 τῶν
2693 3020 2837 3075 κατὰ
2863 3021 2963 3091 τὴν
2989 3020 3349 3092 κοσμογονίαν
3381 3020 3530 3092 αὐτῷ
3566 3038 3667 3091 φι-

387 3100 829 3169 procreationem
860 3105 1176 3174 conscripta
1205 3113 1355 3171 sunt,
1387 3108 1596 3163 etiamsi
1636 3126 1723 3165 me
1755 3110 1971 3167 dicendi

2078 3112 2504 3183 λοσοφηθέντων,
2559 3112 2681 3185 μηδ’
2735 3113 2803 3167 ἂν
2855 3114 2992 3185 πρὸς
3040 3114 3233 3185 ἑτέραν
3285 3112 3543 3185 ἐξήγησιν
3595 3113 3666 3167 ἐκ

387 3189 524 3244 ordo
556 3190 624 3244 ad
656 3191 818 3245 aliam
851 3195 1252 3263 expositionem
1285 3197 1594 3254 adduxerit.
1628 3199 1766 3255 Rata
1808 3204 1972 3273 igitur

2077 3221 2221 3267 τινος
2257 3203 2576 3268 ἀκολουθίας
2605 3206 2635 3258 ὁ
2661 3204 2818 3273 λόγος
2866 3204 2993 3275 ἔλθῃ
3013 3221 3028 3235 ο
3075 3205 3189 3259 ἀλλ’
3223 3207 3407 3258 ἐκεῖνα
3442 3204 3543 3274 μὲν
3567 3221 3666 3257 κερ

385 3283 499 3337 rint
530 3282 678 3337 illius
717 3285 944 3355 scripta,
984 3296 1371 3359 praestemque,
1399 3306 1500 3346 nec
1535 3293 1683 3358 ullis,
1733 3295 1835 3350 nisi
1869 3295 1973 3353 Te-

386 3376 643 3430 stamenti
664 3376 849 3432 divino
882 3377 1090 3449 Spiritu
1118 3381 1363 3437 dictante
1391 3386 1622 3450 exarati,
1648 3403 1971 3445 monumen-

384 3464 457 3520 tis
487 3465 702 3521 cedant.
740 3464 939 3522 Nostra
971 3484 1099 3523 vero
1134 3472 1444 3542 quicunque
1476 3474 1737 3543 legerint,
1779 3486 1835 3530 et
1871 3479 1973 3532 ali-

383 3557 516 3625 quid
547 3566 744 3627 praeter
773 3574 1119 3615 communem
1163 3563 1477 3633 Opinionem
1513 3567 1841 3631 invenerint,
1888 3571 1970 3626 sic

383 3649 678 3718 accipiant,
728 3658 788 3703 ut
816 3652 937 3707 sine
969 3653 1135 3708 ullius
1178 3655 1381 3723 iniuria
1415 3657 1470 3710 in
1499 3657 1715 3714 dicendi
1757 3665 1969 3718 exerci-

385 3741 592 3795 tatione
620 3741 977 3809 probabiliter
1003 3743 1301 3814 disputata.
1346 3745 1533 3819 Neque
1578 3752 1722 3806 enim
1764 3770 1968 3825 propo-

382 3832 552 3885 situm
580 3831 894 3898 defendere,
922 3843 1015 3890 aut
1038 3837 1233 3908 dogma
1265 3843 1601 3897 constituere
1626 3845 1962 3912 proﬁtemur,

384 3929 444 3974 nt
500 3922 966 3980 calumniantibus
1013 3928 1361 3984 occasionem
1418 3933 1790 4001 praebeamus,
1865 3951 1966 3991 nec

382 4013 536 4067 hisce
589 4014 810 4083 scriptis
851 4016 1321 4087 interpretationis
1370 4022 1674 4077 doctrinam
1725 4025 1961 4093 tradere,

381 4103 478 4157 sed
504 4104 747 4159 animum
784 4115 837 4161 et
865 4109 1248 4179 cogitationem
1290 4122 1536 4167 nostram
1574 4115 1627 4168 in
1664 4116 1767 4170 hoc
1796 4132 1962 4188 argu~

382 4205 569 4251 mento
614 4198 879 4254 duntaxat
918 4216 1191 4257 exercere.
1229 4204 1397 4261 Nemo
1431 4207 1595 4277 igitur
1626 4219 1902 4279 exspectet
1933 4227 1963 4267 a

383 4289 560 4353 nobis,
592 4298 653 4344 nt
679 4291 1096 4360 qua‘stionibus,
1125 4311 1246 4365 quae
1282 4297 1366 4351 vel
1390 4314 1456 4353 ex
1488 4309 1677 4354 sancta
1712 4300 1962 4371 Scriptu-

380 4393 462 4445 ra,
498 4381 582 4435 vel
615 4396 683 4435 ex
724 4382 791 4437 iis
822 4397 945 4452 quae
983 4399 1013 4437 a
1049 4395 1381 4457 praeceptore
1417 4398 1610 4446 nostro
1641 4394 1823 4447 statim
1851 4394 1962 4450 de-

379 4472 585 4525 clarata
615 4479 764 4534 sunt,
797 4488 1026 4544 quaeque
1055 4477 1110 4529 iu
1142 4492 1488 4535 communem
1525 4483 1835 4552 opinionem
1867 4500 1961 4539 ca-
1989 4514 2035 4569 Β

379 4562 509 4616 dere
537 4562 809 4628 videntur,
838 4567 1198 4637 implicemur.
1214 4569 1515 4628 Nobisenin
1533 4588 1636 4627 non
1652 4585 1737 4631 est
1760 4591 1957 4644 propo-

380 4652 546 4708 situm
580 4662 639 4706 ιιι
672 4669 735 4708 ea
767 4656 1126 4712 conciliemus
1152 4673 1273 4728 qua:
1302 4661 1550 4727 protinus
1588 4672 1851 4733 apparent
1878 4668 1963 4721 in-

381 4754 463 4798 ter
489 4759 548 4799 se
582 4746 883 4799 contraria.
916 4745 1281 4813 Quamobrem
1311 4751 1470 4805 liceat
1508 4753 1668 4809 nobis
1704 4771 1767 4810 ex
1804 4756 1963 4814 insti-

382 4845 500 4889 tuto
531 4845 720 4891 nostro
748 4839 1041 4892 verborum
1073 4855 1296 4895 sensum
1332 4843 1640 4911 explorare,
1676 4854 1729 4900 et
1756 4847 1811 4901 in
1838 4864 1960 4904 eam

380 4940 567 4978 curam
596 4927 935 4994 incumbere,
970 4939 1028 4982 ut
1052 4930 1280 4985 vocibus
1313 4931 1366 4985 in
1398 4933 1800 5003 signiﬁcatione
1825 4954 1957 5009 pro~

379 5016 498 5085 pria
524 5020 970 5085 permanentibus
995 5032 1205 5077 certum
1237 5039 1417 5078 rerum
1440 5030 1836 5096 procreationis
1862 5047 1953 5086 or-

379 5105 585 5169 dinem,
622 5121 686 5161 ae
735 5110 931 5164 seriem
986 5111 1440 5183 contemplemur.
1482 5134 1501 5167 ι
1583 5119 1639 5173 lu
1699 5123 1965 5193 principio

378 5198 663 5269 (inquit),
701 5198 829 5254 fecit
872 5202 1013 5258 Deus
1049 5206 1247 5260 cmlum
1282 5216 1337 5261 et
1372 5215 1574 5266 terram
1599 5211 1638 5276 ‘,
1688 5230 1706 5261 ι
1747 5220 1797 5267 et
1825 5214 1957 5268 reli-

378 5305 507 5358 qua,
543 5306 663 5359 quae
694 5291 952 5363 deinceps
992 5298 1179 5351 mundi
1225 5298 1484 5356 fabricam
1512 5312 1566 5358 et
1602 5320 1666 5359 ea
1698 5321 1819 5373 qua:
1860 5321 1956 5361 sex

376 5380 589 5435 dierum
620 5383 799 5452 spatio
830 5385 971 5439 facta
1006 5398 1136 5443 sunt
1167 5392 1622 5462 complectuntur.
1660 5394 1949 5465 Cancrum,

376 5476 697 5542 priusquam
734 5491 922 5531 eorum
958 5495 1079 5550 quae
1109 5483 1311 5552 scripta
1360 5493 1509 5551 sunt,
1557 5490 1952 5555 expositionem

377 5565 776 5632 aggrediamur,
827 5568 957 5626 illud
1003 5573 1161 5628 nobis
1203 5576 1441 5644 positum
1480 5580 1952 5651 constitutumque

373 5658 445 5715 sit
460 5657 516 5713 in
534 5666 727 5714 natura
741 5661 920 5718 divina
941 5681 1063 5719 cum
1084 5666 1367 5726 voluntate
1394 5670 1468 5726 ita
1493 5670 1822 5729 concurrere
1848 5665 1947 5745 po-

476 5774 499 5805 ‘
531 5770 666 5827 Gen.
693 5789 733 5842 t,
774 5773 823 5828 1.

2072 3296 2387 3368 κρατήσθω,
2430 3297 2525 3351 καὶ
2557 3297 2724 3369 μόνης
2752 3297 2853 3367 τῆς
2909 3290 3263 3350 θεοπνεύστου
3291 3296 3562 3367 Διαθήκης
3586 3295 3664 3349 τὰ

2071 3388 2351 3460 δευτερεῖα
2382 3388 2631 3460 φερέσθω
2654 3405 2668 3421 ο
2709 3387 2779 3442 τὰ
2807 3389 2864 3442 δὲ
2892 3380 3138 3461 ἡμέτερα
3169 3388 3245 3451 ὡς
3280 3389 3338 3441 ἐν
3368 3388 3659 3458 γυμνασίῳ

2071 3481 2178 3534 τινὶ
2222 3480 2592 3551 σχολαστικῶς
2642 3480 3065 3551 ἐπιχειρούμενα
3113 3482 3226 3543 τοῖς
3268 3478 3657 3548 ἐντυγχάνουσι

2071 3572 2415 3645 προκείσθω,
2472 3572 2743 3644 μηδεμιᾶς
2798 3572 2987 3644 μηδενὶ
3042 3571 3131 3625 διὰ
3183 3569 3388 3623 τούτων
3447 3569 3658 3640 βλάϐης

2070 3664 2528 3735 προσγινομένης,
2573 3663 2629 3716 εί
2652 3681 2704 3716 τι
2733 3663 2885 3734 παρὰ
2912 3663 3011 3733 τὴν
3059 3659 3243 3731 κοινὴν
3278 3660 3545 3729 ὑπόληψιν
3592 3661 3656 3714 ἐν

2067 3757 2176 3817 τοῖς
2202 3754 2519 3827 λεγομένοις
2545 3756 2871 3834 εὑρίσκοιτο.
2905 3755 2979 3808 υὺ
3007 3754 3115 3825 γὰρ
3145 3752 3322 3823 δόγμα
3361 3751 3451 3806 τὸν
3490 3751 3654 3819 λόγον

2068 3845 2392 3917 ποιούμεθα,
2424 3846 2567 3899 ὥστε
2595 3846 2847 3918 ἀφορμὴν
2886 3846 3069 3900 δοῦναι
3093 3847 3209 3907 τοῖς
3238 3842 3611 3898 διαϐάλλουσιν
3631 3858 3649 3873 '

2066 3938 2180 3991 ἀλλ’
2232 3936 2605 4009 ὁμολογοῦμεν
2649 3937 3012 4008 ἐγγυμνάζειν
3067 3936 3229 4009 μόνον
3292 3934 3499 3988 ἑαυτῶν
3547 3935 3652 4006 τὴν

2065 4029 2327 4093 διάνοιαν,
2352 4033 2466 4093 τοῖς
2497 4030 2881 4102 προκειμένοις
2901 4033 3187 4100 νοήμασιν,
3216 4028 3277 4081 οὑ
3300 4026 3652 4081 διδασκαλίαν

2065 4119 2397 4191 ἐξηγητικὴν
2450 4123 2562 4183 τοῖς
2612 4120 2810 4189 ἐφεξῆς
2861 4119 3235 4175 ἀποτίθεσθαι.
3289 4119 3363 4172 Τὸ
3410 4117 3511 4189 μὲν
3553 4106 3651 4171 οὗν

2065 4210 2474 4280 συμπλέκεσθαι
2514 4210 2649 4281 πρὸς
2679 4210 2776 4273 τὰς
2804 4211 3083 4273 ἐνστάσεις
3110 4211 3208 4273 τάς
3228 4210 3336 4263 άπὸ
3358 4210 3457 4280 τῆς
3484 4209 3651 4279 ἁγίας

2061 4304 2285 4374 Γραφῆς
2344 4304 2473 4373 ἡμῖν
2552 4302 3007 4371 προτεινομένας,
3060 4301 3155 4355 καὶ
3216 4303 3281 4354 ἐκ
3336 4302 3445 4355 τῶν
3510 4305 3641 4370 περὶ⁸

2062 4391 2203 4444 πόδα
2230 4390 2381 4461 παρὰ
2432 4388 2541 4443 τοὺ
2582 4391 2900 4445 διδασκάλου
2951 4392 3105 4463 ήμῶν
3157 4392 3644 4462 ἐρμηνευθέντως,

2062 4484 2162 4536 ὅσα
2225 4483 2373 4536 δοκεῖ
2406 4482 2481 4552 μὴ
2533 4482 2853 4552 συμϐαίνειν
2897 4487 3014 4547 ταῖς
3056 4485 3263 4547 κοιναῖς
3310 4483 3647 4554 umquam,

2067 4575 2257 4646 μηδεὶς
2313 4574 2610 4628 ἁπαιτείτω
2657 4574 2747 4628 τὸν
2794 4576 2925 4645 ἐμὸν
2971 4576 3147 4644 λόγον.
3200 4576 3276 4630 Οὐ
3327 4577 3438 4649 γὰρ
3485 4577 3647 4631 τοῦτό

2062 4683 2152 4736 μοι
2214 4666 2519 4736 πρόκειται,
2574 4666 2653 4729 τὸ,
2707 4665 3033 4737 συνηγορίαν
3083 4668 3207 4721 τινὰ
3253 4671 3366 4731 τοῖς
3412 4668 3478 4722 ἐκ
3547 4665 3644 4722 τοῦ

2059 4755 2348 4828 προχείρου
2427 4757 2770 4828 φαινομένοις
2848 4757 3247 4827 ἐναντιώμασιν
3318 4759 3641 4828 ἐπινοῆσαν

2057 4848 2195 4902 ἀλλά
2228 4864 2318 4917 μοι
2350 4849 2759 4920 συγχωρηθήτω
2794 4849 2916 4903 κατ’
2946 4848 3192 4914 ἐξουσίαν
3227 4850 3364 4922 πρὸς
3396 4849 3489 4903 τὸν
3512 4851 3645 4905 ῐδιον

2060 4938 2261 4991 σκοπὸν
2304 4936 2402 5008 τὴν
2451 4938 2560 4992 τῶν
2612 4938 2789 5010 ῥητῶν
2835 4940 3088 5006 ἐξετάσαι
3145 4939 3419 4993 διάνοιαν·
3472 4939 3645 5003 εῖπως

2058 5032 2188 5101 ἡμῖν
2220 5029 2433 5099 γένοιτο
2457 5029 2703 5094 δυνατὸν,
2733 5032 3019 5102 συμμαχίᾳ
3057 5031 3213 5093 Θεοῦ,
3245 5030 3515 5101 μενούσης
3540 5028 3644 5100 τῆς

2056 5122 2255 5188 λέξεως
2286 5125 2381 5176 ἐπὶ
2412 5123 2513 5192 τῆς
2554 5122 2687 5184 ἰδίας
2718 5124 3027 5191 ἐμφάσεως,
3061 5122 3475 5194 συνηρτημένην
3520 5119 3646 5174 τινὰ

2057 5218 2150 5270 καὶ
2178 5215 2467 5270 ἀκόλουθον
2506 5215 2562 5267 ἐν
2587 5216 2653 5284 τῇ
2684 5213 2859 5266 κτίσει
2887 5214 2996 5266 τῶν
3035 5214 3335 5282 γεγονότων
3359 5213 3644 5284 ἐπινοῆσαι

2062 5309 2162 5379 τὴν
2211 5306 2465 5378 θεωρίαν.
2521 5323 2539 5356 ι
2591 5306 2682 5358 Ἐν
2706 5307 2851 5376 ἀρχῃ
2908 5304 3154 5375 ἐποίησε,
3207 5308 3393 5375 φησὶν,
3447 5310 3475 5357 ὁ
3508 5305 3645 5369 Θεὸς

2058 5400 2150 5453 τὸν
2183 5398 2411 5469 οὐρανὸν
2440 5396 2535 5449 καὶ
2561 5397 2660 5468 τὴν
2690 5397 2815 5466 γῆν,
2856 5415 2873 5445 ι
2902 5395 2997 5449 καὶ
3026 5396 3095 5449 τὰ
3131 5396 3329 5466 ἐφεξῆς
3357 5397 3457 5448 ὅσα
3482 5412 3643 5468 περι-

2062 5489 2174 5559 έχει
2201 5489 2300 5557 τῆς
2325 5484 2685 5555 κοσμογονίας
2710 5485 2737 5537 ὁ
2767 5485 2943 5553 λόγος,
2973 5484 3042 5536 τὰ
3073 5484 3170 5553 μὲν
3199 5481 3263 5554 δὴ
3297 5482 3641 5553 γεγενημένα

2058 5580 2200 5633 κατὰ
2239 5579 2338 5650 τὴν
2393 5576 2729 5650 Ἐξαήμερον
2775 5575 2969 5629 ταῦτα.
3018 5576 3136 5646 Χρὴ
3185 5575 3264 5637 δὲ,
3309 5570 3483 5643 οἶμαι,
3531 5573 3641 5641 πρὸ

2056 5673 2157 5744 τῆς
2192 5670 2491 5737 ἐξετάσεως
2520 5669 2629 5724 τῶν
2653 5669 3075 5741 γεγραμμένων,
3113 5669 3291 5722 ἐκεῖνο
3320 5666 3640 5739 διομολογη-
