3880 6218
151 278 220 330 69
1358 269 1428 324 ΙΝ
1461 267 1940 326 IIEXAEMERON
1981 268 2200 323 LIBER.
3359 273 3430 328 7O

153 393 316 458 θῆναι
345 389 425 460 τῷ
449 390 613 461 λόγῳ,
649 390 732 444 ὅτι
766 390 860 444 ἐπὶ
886 389 988 460 τῆς
1018 389 1170 454 θείας
1202 390 1416 460 φύσεως
1450 389 1746 462 σύνδρομός

1875 397 2124 450 estatem,
2145 395 2203 441 nt
2221 387 2316 442 Dei
2341 389 2628 458 potestatis
2654 403 2910 444 mensura
2936 388 3007 442 sit
3025 388 3140 458 ipsa
3157 390 3432 460 voluntas;

157 488 272 538 ἐστι
301 487 368 554 τῇ
421 484 676 555 βουλήσει
709 485 744 555 ή
791 483 1041 553 δύναμις,
1078 485 1174 537 καὶ
1210 485 1408 556 μέτρον
1444 485 1544 553 τῆς
1583 483 1745 536 δυνά-

161 591 310 642 μεως
341 572 438 626 τοῦ
489 573 624 626 Θεοῦ
671 573 733 626 τὸ
765 573 975 642 θέλημα
1021 573 1266 641 γίνεται·
1316 572 1378 625 τὸ
1431 572 1489 625 δὲ
1539 571 1750 641 θέλημα

159 666 322 736 σοφία
358 667 527 720 ἐστίν.
560 666 763 735 Σοφίας
805 665 862 718 δὲ
893 665 1042 727 ἴδιον,
1072 663 1134 717 τὸ
1165 663 1328 735 μηδὲν
1360 664 1573 729 ἀγνοεῖν
1603 662 1750 726 ὅπως

161 761 230 814 ἂν
252 759 322 812 τὰ
345 759 470 812 καθ’
492 759 723 812 ἕκαστον
746 756 973 827 γένοιτο.
1004 758 1082 827 Τῇ
1111 757 1168 809 δὲ
1192 756 1392 825 γνώσει
1423 755 1752 825 συμπέφυκε

159 851 260 906 καὶ
299 853 333 922 ἠ
365 851 628 921 δύναμις·
668 849 810 902 ὥστε
843 848 978 920 ὁμοῦ
1025 848 1263 917 ἔγνω³τὸ
1314 848 1431 900 δέον
1477 847 1750 914 γενέσθαι,

163 943 504 1014 συνέδραμεν
531 944 564 1012 ἡ
613 941 978 1012 ἐξεργαστικὴ
1008 939 1119 994 τῶν
1153 939 1322 993 ὄντων
1369 940 1540 1008 ἰσχὺς,
1577 937 1638 990 τὸ
1665 955 1754 989 νο-

163 1035 300 1106 ηθὲν
349 1037 430 1097 εἰς
479 1034 762 1106 ἐνέργειαν
811 1033 1054 1102 ἄγουσα,
1105 1032 1200 1084 καὶ
1257 1031 1410 1084 οὐδὲν
1471 1031 1630 1100 μετὰο
1659 1029 1756 1100 τὴν

165 1126 372 1195 γνῶσιν
414 1123 872 1197 ύφεστερίζουσα,
909 1121 1046 1176 ἀλλὰ
1089 1121 1451 1192 συνημμένως
1479 1121 1573 1174 καὶ
1602 1122 1756 1176 ἀδια-

167 1215 384 1279 στάτως
443 1214 915 1270 συναναδείκνυται
971 1215 1038 1284 τῇ
1100 1211 1262 1282 βουλῇ
1310 1212 1405 1264 καὶ
1458 1209 1519 1263 τὸ
1573 1210 1754 1281 ἔργον.

163 1307 412 1378 Δύναμις
441 1308 549 1378 γάρ
583 1311 732 1360 ἐστιν
756 1307 790 1377 ἡ
822 1305 986 1376 βουλὴ
1031 1303 1176 1358 κατὰ
1203 1303 1395 1357 ταυτὸν
1417 1343 1430 1365 ,
1486 1304 1578 1356 καὶ
1612 1304 1759 1366 ὅπως

165 1400 237 1454 ἂν
267 1400 340 1453 τὰ
367 1399 495 1452 ὄντα
527 1399 738 1468 γένοιτο
765 1395 1224 1468 προϐουλεύουσα,
1257 1395 1350 1448 καὶ
1379 1396 1478 1458 τὰς
1505 1395 1759 1466 ἀφορμὰς

167 1492 314 1564 πρὸς
351 1492 450 1564 τὴν
481 1492 590 1545 τῶν
621 1491 924 1562 νοηθέντων
969 1489 1202 1560 ὕπαρξιν
1242 1489 1627 1561 ἐκπορίζουσα.
1674 1491 1761 1552 Ὡς

163 1585 311 1656 ὁμοῦ
341 1585 412 1638 τὰ
445 1585 622 1640 πάντα
646 1584 742 1638 τοῦ
770 1585 904 1638 Θεοῦ
931 1585 1058 1654 περὶ
1083 1584 1183 1654 τὴν
1214 1584 1394 1637 κτίσιν
1417 1583 1672 1650 νοεῖσθαι,
1701 1583 1763 1637 τὸ

165 1677 410 1748 θέλημα,
450 1677 548 1748 τὴν
598 1677 813 1746 σοφίαν,
861 1679 960 1748 τὴν
1006 1676 1256 1746 δύναμιν,
1303 1676 1400 1747 τὴν
1431 1676 1620 1730 οὐσίαν
1650 1676 1761 1730 τῶν

1850 479 2105 534 voluntas
2145 488 2328 534 autem
2371 487 2454 535 est
2494 481 2782 550 sapientia.
2833 479 3124 550 Sapientiae
3161 497 3290 536 vero
3333 498 3434 552 po-

1852 574 2028 644 prium
2044 583 2148 642 est,
2167 589 2272 627 non
2301 577 2550 644 ignorare
2569 573 2844 642 quomodo
2867 573 3293 643 unumquodque
3321 575 3432 628 ﬁat.

1851 663 2022 719 Porro
2072 666 2440 735 cognitionem
2489 673 2731 734 potestas
2781 667 3049 734 sequitur.
3093 663 3434 734 Quapropter

1854 759 2016 813 simul
2042 765 2097 813 et
2129 758 2377 814 facienda
2410 759 2688 827 cognovit,
2713 765 2767 812 et
2798 758 2945 810 nulla
2979 757 3300 826 interposita
3329 773 3432 810 mo-

1853 864 1912 902 ra
1945 852 2225 904 concurrit
2260 866 2440 904 rerum
2482 850 2724 904 effectrix
2765 851 2869 910 vis,
2904 866 3022 920 quae
3055 853 3268 920 cognita
3310 867 3436 920 per—

1857 942 2066 1004 liceret,
2112 951 2166 996 et
2207 943 2324 997 sine
2359 943 2470 996 ullo
2505 943 2792 996 intervallo
2827 958 2949 996 cum
2981 944 3262 997 voluntate
3299 959 3434 996 con-

1851 1033 2101 1102 junctum
2139 1049 2278 1102 opus
2319 1036 2666 1088 continenter
2711 1045 2996 1088 ostensum
3028 1042 3149 1088 est:
3187 1035 3437 1103 quando-

1857 1124 2074 1193 quidem
2113 1125 2353 1194 poteutia
2397 1127 2652 1178 voluntas
2687 1133 2792 1190 est,
2827 1125 3128 1194 eodemque
3165 1132 3438 1178 momento

1859 1217 2128 1287 prospicit
2161 1217 2438 1286 quomodo
2467 1233 2556 1270 res
2592 1216 2744 1280 ﬁant,
2780 1225 2834 1271 et
2861 1217 3182 1273 occasiones
3213 1217 3435 1286 praebet,

1860 1319 1918 1362 ut
1961 1311 2198 1378 cogitata
2235 1311 2344 1364 sint
2389 1307 2550 1362 facta.
2595 1309 2960 1375 Quamobrem
3004 1312 3186 1364 omnia
3216 1326 3338 1382 quae
3385 1312 3437 1364 in

1861 1400 1970 1455 Deo
2006 1411 2156 1464 sunt,
2190 1402 2256 1455 ad
2296 1417 2476 1456 rerum
2510 1403 2947 1472 procreationem
2986 1405 3312 1472 pertinentia
3359 1406 3438 1459 si-

1862 1494 1973 1546 mul
2003 1494 2334 1563 cogitantur,
2369 1493 2644 1556 voluntas,
2679 1494 2970 1563 supientia,
3003 1503 3246 1564 potestas
3273 1503 3328 1549 et
3351 1510 3441 1548 re—

1861 1599 1982 1636 rum
2015 1584 2258 1652 ipsarum
2292 1591 2508 1638 natura.
2545 1583 2678 1648 Quae
2702 1599 2825 1638 cum
2863 1583 2938 1638 ita
2981 1587 3111 1650 sint,
3149 1602 3310 1641 nemo
3334 1602 3442 1641 am-

1865 1676 2026 1744 plius,
2073 1673 2347 1744 quomodo
2384 1683 2478 1728 aut
2517 1677 2680 1742 unde,
2727 1679 3124 1746 perscrutando
3161 1678 3440 1748 inquiren-

164 1770 364 1824 ὄντων.
401 1769 606 1823 Τούτου
635 1769 694 1822 δὲ
721 1769 893 1833 οὕτως
941 1769 1178 1840 ἔχοντος,
1221 1769 1400 1823 οὐκέτ’
1429 1769 1494 1823 ἄν
1519 1787 1604 1833 τις
1643 1788 1763 1823 στε-

1875 1768 2042 1838 doque
2095 1776 2444 1836 torqueatur;
2499 1770 2676 1824 solent
2713 1770 2856 1823 enim
2912 1769 3136 1840 quidam
3179 1771 3246 1825 ad
3296 1772 3444 1830 hunc

165 1867 467 1934 νοχωροῖτο
498 1863 628 1934 περὶ
653 1862 754 1932 τῆς
783 1862 916 1932 ὕλης
950 1862 1393 1934 διερευνώμενος,
1423 1863 1484 1916 τὸ
1524 1863 1641 1927 πῶς
1670 1865 1766 1917 καὶ

167 1954 234 2005 τὸ
265 1953 432 2006 πόθεν
462 1951 736 2022 ἐπιζητῶν
761 1971 776 1984 ·
811 1947 900 2006 οἷα
936 1953 1000 2025 δὴ
1033 1954 1299 2024 λεγόντων
1335 1954 1481 2008 ἔστιν
1524 1955 1762 2020 ἀκούειν,

169 2047 240 2098 Εἰ
271 2045 434 2107 ᾶῦλός
467 2047 614 2098 ἐστιν
653 2046 680 2097 6
720 2044 870 2110 Θεὸς,
923 2045 1086 2100 πόθεν
1129 2049 1162 2117 ἡ
1206 2045 1328 2118 ὕλη,
1363 2047 1479 2111 πῶς
1509 2048 1570 2101 τὸ
1599 2049 1766 2102 ποσὸν

169 2142 240 2192 ἐκ
263 2137 362 2192 τοῦ
389 2139 620 2203 ἁπόσου,
656 2141 749 2191 καὶ
779 2139 843 2192 ὲκ
872 2138 966 2192 τοῦ
1002 2139 1203 2193 ἀόπτου
1232 2140 1294 2193 τὸ
1321 2141 1534 2210 ὁρατὸν,
1566 2141 1660 2194 καὶ
1704 2143 1768 2194 ἐκ

171 2231 274 2284 τοῦ
303 2231 611 2301 ἀμεγέθους
640 2248 700 2283 τε
720 2233 813 2285 καὶ
851 2230 1124 2300 ἀορίστου,
1147 2233 1208 2284 τὸ
1235 2233 1452 2297 πάντως
1481 2233 1631 2304 ὄγκῳ
1659 2233 1769 2286 τινὶ

175 2323 276 2377 καὶ
321 2323 644 2395 πηλικότητι
680 2323 995 2395 ὁριζόμενον
1021 2340 1036 2388 ;
1072 2325 1165 2378 καὶ
1197 2324 1266 2378 τά
1297 2325 1430 2379 ἄλλα
1465 2325 1642 2378 πάντα
1670 2327 1770 2380 ὅσα

175 2418 314 2488 περὶ
355 2417 454 2488 τὴν
503 2417 638 2487 ὕλην
683 2418 897 2488 ὁρᾶται,
949 2418 1130 2490 πῶςῆ
1171 2418 1334 2473 πόθεν
1368 2421 1688 2491 παρήγαγεν
1742 2423 1771 2474 6

179 2509 356 2579 μηδὲν
387 2509 446 2560 ὲν
484 2512 551 2579 τῇ
602 2509 798 2563 ἑαυτοῦ
828 2511 988 2578 φύσει
1017 2511 1254 2565 τοιοῦτον
1283 2512 1457 2582 ἔχων;
1509 2513 1623 2565 Μία
1658 2513 1770 2584 γὰρ

176 2597 418 2650 ἑκάστου
463 2599 574 2652 τῶν
609 2601 740 2670 περὶ
777 2603 878 2670 τῆς
911 2599 1046 2668 ὕλης
1095 2602 1517 2673 προφερομένων
1565 2606 1698 2675 ἡμῖν
1737 2606 1770 2675 ἡ

173 2690 357 2757 λύσις,
397 2691 459 2745 τὺ
492 2693 630 2762 μήτε
660 2693 918 2747 ἀδύνατον
944 2695 1042 2767 τὴν
1087 2696 1278 2765 σοφίαν
1304 2696 1397 2749 τοῦ
1419 2696 1552 2750 Θεοῦ
1581 2697 1772 2750 ὑποτί-

174 2783 398 2848 θεσθαι,
449 2785 587 2855 μήτε
629 2785 728 2856 τὴν
761 2785 989 2858 δύναμιν
1021 2788 1223 2859 ἄσοφον
1243 2806 1258 2820 ο
1291 2789 1425 2843 ἀλλὰ
1458 2790 1577 2861 μετ’
1609 2789 1774 2860 ἀλλή-

171 2877 294 2930 λων
344 2873 483 2930 εἶναι
531 2877 726 2940 ταῦτα,
775 2879 872 2931 καὶ
899 2879 958 2932 ἓν
1005 2881 1290 2953 ἀμφότερα
1321 2883 1656 2954 δείκνυσθαι,
1695 2883 1772 2946 ὡς

175 2967 308 3037 ἅμα
343 2969 436 3020 καὶ
473 2969 614 3022 κατὰ
656 2967 852 3022 ταύτὸν
898 2970 978 3040 τῷ
1024 2971 1196 3042 ἑτέρῳ
1233 2973 1669 3045 συγκατορᾶσθαι
1711 2973 1774 3026 τὸ

173 3060 394 3129 ἕτερον.
429 3059 502 3112 Τό
543 3077 602 3112 τε
649 3060 758 3131 γὰρ
792 3062 953 3131 σοφὸν
981 3062 1148 3116 αὑτοῦ
1184 3063 1396 3136 Θέλημα
1427 3069 1493 3138 τῇ
1545 3066 1771 3137 δυνάμει
1799 3115 1844 3172 C

173 3150 296 3204 τῶν
345 3153 756 3224 ἐνεργουμένων
808 3155 1164 3226 ἐφανερώθη,
1220 3157 1374 3228 καὶὴ
1441 3158 1771 3231 ἑνεργητικὴ

177 3241 354 3298 αὐτοῦ
383 3243 613 3315 δύναμις
674 3245 734 3298 ὲν
776 3245 853 3316 τῷ
882 3246 1030 3317 σοφῷ
1065 3247 1330 3318 θελήματι
1360 3247 1672 3320 ἐτελειώθη.
1708 3249 1773 3303 Εἰ

175 3329 280 3387 οὖν
307 3336 366 3387 ἐν
403 3335 482 3406 τῷ
503 3335 652 3406 αὐτῷ
680 3337 774 3390 καὶ
803 3337 942 3390 κατὰ
967 3339 1160 3392 ταύτόν
1189 3342 1336 3394 ἐστιν
1363 3342 1396 3412 ἡ
1437 3339 1598 3410 σοφία
1621 3339 1715 3394 καὶ
1739 3342 1773 3411 ἡ

177 3423 418 3495 δύναμις
473 3425 597 3478 οὔτε
641 3427 828 3495 ἁγνοεῖ
856 3428 1003 3492 ὅπως
1035 3428 1102 3483 ἂν
1151 3430 1251 3500 ὕλη
1296 3431 1432 3502 πρὸς
1461 3432 1562 3504 τὴν
1601 3450 1774 3486 κατα-

180 3517 393 3588 σκευὴν
423 3517 673 3589 εὑρεθείη
707 3517 814 3571 τῶν
843 3521 1032 3588 ὄντων,
1068 3520 1180 3575 οὒτ’
1216 3523 1465 3579 ἀδυνατεῖ
1496 3524 1556 3578 τὸ
1582 3524 1774 3595 νοηθὲν

179 3612 532 3681 προαγαγεῖν
567 3612 646 3673 εἰς
680 3611 982 3681 ἐνέργειαν.

259 3701 452 3755 Πάντα
466 3701 520 3753 δὲ
537 3701 850 3772 δυνάμενος,
871 3704 1006 3774 ὁμοῦ
1024 3703 1092 3758 τὰ
1112 3705 1290 3758 πάντα
1305 3706 1372 3759 δι’
1390 3699 1512 3778 ὧνή
1534 3707 1630 3776 ὕλη
1651 3725 1776 3762 συν-

185 3793 414 3846 ίσταται
436 3791 513 3862 τῷ
537 3792 686 3862 σοφῷ
705 3810 764 3844 τε
787 3793 879 3846 ιιιιύ⁸
895 3793 1106 3865 δυνατῷ
1134 3794 1398 3866 θελήματι
1449 3795 1777 3850 κατεϐάλετο

183 3885 333 3955 πρὸς
355 3883 454 3955 τὴν
471 3885 813 3954 ἀπεργασίαν
827 3885 934 3938 τῶν
947 3885 1136 3950 ὄντων,
1151 3886 1211 3940 τὺ
1225 3887 1445 3956 κοῦφον,
1462 3887 1525 3939 τὸ
1543 3885 1702 3958 βαρὺ,
1719 3886 1780 3940 τὸ

183 3977 410 4040 ναστὸν,
428 3977 490 4030 τὸ
509 3977 722 4048 ἀραιὸν,
744 3978 804 4030 τὸ
825 3977 1084 4048 μαλακὸν,
1106 3979 1167 4032 τὸ
1183 3980 1493 4046 ἀντίτυπον,
1511 3982 1570 4033 τὸ
1591 3981 1777 4053 ὑγρὸν,

183 4071 254 4124 τὸ
276 4069 464 4139 ξηρὸν,
491 4070 551 4122 τὸ
582 4068 806 4140 ψυχρὸν,
836 4069 896 4123 τὸ
915 4069 1134 4142 θερμὸν,
1152 4069 1215 4123 τὸ
1233 4069 1451 4141 χρῶμα,
1482 4071 1543 4124 τὸ
1572 4073 1780 4142 σχῆμα,

185 4164 294 4234 τὴν
311 4162 682 4234 περιγραφὴν,
703 4161 766 4215 τὸ
780 4162 1072 4232 διάστημα·
1095 4162 1130 4215 δι
1157 4163 1332 4215 πάντα
1357 4163 1454 4232 μὲν
1475 4163 1595 4216 καθ’
1613 4164 1784 4217 ἑαυτὰ

189 4253 400 4308 ἔννοιαί
421 4255 538 4306 ἐστι
563 4255 656 4306 καὶ
675 4253 806 4322 ψιλὰ
827 4255 1093 4324 νοήματα.
1128 4254 1204 4306 Οὐ
1235 4253 1345 4324 γάρ
1377 4271 1429 4305 τι
1460 4255 1667 4308 τούτων
1696 4257 1780 4324 ἐφ’

191 4345 394 4399 ἑαυτοῦ
412 4344 511 4414 ὕλη
533 4345 700 4409 ἐστὶν,
732 4344 867 4398 ἀλλὰ
887 4346 1258 4417 συνδραμόντα
1280 4347 1416 4417 πρὸς
1434 4347 1656 4418 ἄλληλα,
1682 4348 1780 4420 ὕλη

1868 1857 2087 1912 modum
2123 1859 2434 1928 percontari
2460 1879 2472 1912 :
2495 1860 2551 1916 Si
2586 1860 2836 1924 materia,
2869 1860 3143 1930 inquiunt,
3185 1861 3328 1918 Deus
3348 1879 3442 1916 va-

1866 1960 1973 2016 cat,
2013 1951 2156 2007 unde
2171 1953 2435 2006 materia?
2465 1953 2741 2022 quomodo
2764 1963 2945 2008 autem
2973 1962 3240 2023 quantum
3263 1971 3329 2009 ex
3355 1971 3441 2018 eo.

1867 2044 1958 2113 qui
1993 2045 2480 2114 caretquantitate.
2505 2052 2598 2098 aut
2615 2045 2945 2114 aspectabile
2965 2062 3032 2101 ex
3051 2047 3163 2111 illo,
3182 2048 3273 2117 qui
3293 2051 3443 2102 cerni

1868 2151 1977 2188 non
1998 2135 2321 2204 potest?aut
2339 2151 2406 2190 ex
2429 2151 2515 2199 eo,
2546 2137 2636 2205 qui
2661 2137 2808 2190 nulla
2838 2138 2978 2192 mole
2997 2138 3446 2208 circumscriptus

1867 2235 1972 2288 est,
1999 2225 2051 2279 id
2069 2227 2212 2295 quod
2235 2226 2415 2296 aliqua
2435 2227 2658 2280 omnino
2678 2230 3050 2298 magnitudine
3069 2231 3448 2299 amplitudine-

1871 2333 1976 2387 que
1995 2319 2374 2372 concluditur?
2393 2319 2520 2374 Haec
2541 2327 2594 2374 et
2611 2321 2715 2373 alia
2737 2321 2918 2374 omnia
2943 2322 3184 2390 ejusdem
3207 2325 3444 2393 generis,

1871 2427 1990 2476 quae
2021 2413 2074 2466 in
2121 2411 2237 2482 ipsa
2261 2411 2490 2466 materia
2530 2412 2804 2476 videntur,
2849 2430 3086 2483 quonam
3131 2425 3308 2485 pacto,
3357 2428 3450 2471 aut

1873 2504 2018 2561 unde
2041 2506 2293 2574 produxit
2315 2505 2426 2565 ille,
2446 2505 2538 2574 qui
2561 2505 2612 2559 in
2637 2514 2830 2559 natura
2858 2521 2957 2560 sua
2976 2507 3108 2560 nihil
3127 2507 3288 2562 habet
3311 2508 3449 2578 ejus-

1876 2594 2164 2648 modi‘LAd
2194 2595 2441 2664 singulas
2471 2595 2638 2660 enim,
2671 2611 2792 2664 quae
2819 2594 2886 2649 de
2910 2597 3134 2650 materia
3169 2597 3452 2664 proferun-

1871 2696 1962 2740 tur
1989 2686 2341 2756 quaestiones,
2383 2701 2490 2741 una
2519 2688 2609 2741 illa
2646 2689 2803 2742 nobis
2827 2688 3026 2742 solutio
3065 2697 3148 2741 est
3187 2707 3198 2741 :
3228 2705 3325 2744 nec
3355 2689 3450 2744 Dei

1873 2779 2218 2849 sapientiam,
2239 2779 2588 2848 impotentem
2612 2797 2626 2844 ;
2645 2794 2744 2833 nec
2761 2780 3081 2848 potentiam,
3103 2780 3448 2850 insipientem

1872 2873 2124 2940 proponi,
2150 2870 2242 2925 sed
2275 2871 2418 2924 inter
2439 2885 2497 2925 se
2527 2878 2716 2924 mutuo
2733 2871 3028 2940 conjuncta
3060 2887 3204 2934 esse,
3226 2881 3278 2926 et
3303 2886 3454 2927 utra-

1872 2979 1980 3033 que
1997 2978 2165 3016 unum
2187 2962 2426 3024 ostendi,
2449 2963 2686 3017 utsimul
2713 2963 3026 3033 pariterque
3051 2965 3105 3017 in
3128 2975 3358 3034 utroque
3381 2967 3454 3018 al-

1873 3065 2052 3110 terum
2075 3064 2356 3110 cernatur.
2387 3053 2666 3124 Siquidem
2689 3063 2743 3110 et
2767 3057 2985 3126 sapiens
3007 3058 3178 3127 ipsius
3199 3061 3451 3113 voluntas

1875 3155 2144 3219 potestate
2179 3147 2447 3201 factorum
2486 3155 2570 3202 est
2608 3149 2881 3202 declarata
2905 3189 2920 3212 ,
2964 3157 3018 3203 et
3049 3150 3292 3204 eﬂectrix
3332 3153 3453 3222 ejus

1875 3249 2122 3311 potestas
2161 3241 2216 3294 in
2255 3241 2430 3310 ipsius
2471 3241 2720 3310 sapiente
2751 3246 3034 3296 voluntate
3069 3244 3309 3312 perfecta
3347 3254 3450 3298 est.

1873 3329 2136 3397 Proinde,
2156 3333 2200 3385 si
2224 3341 2278 3386 et
2303 3331 2356 3385 in
2375 3331 2563 3386 eodem
2589 3341 2643 3386 et
2671 3333 2836 3386 simul
2865 3334 3132 3403 sapientia
3159 3345 3263 3400 est,
3291 3346 3455 3406 atque

1873 3422 2148 3494 potentia;
2173 3439 2274 3478 nec
2297 3423 2533 3494 ignorat,
2556 3427 2828 3493 quomodo
2864 3427 2928 3478 ad
2955 3442 3138 3481 rerum
3180 3431 3456 3498 composi-

1874 3515 2081 3569 tionem
2133 3515 2447 3568 inveniatur
2491 3516 2742 3576 matcria.
2796 3533 2896 3571 nec
2942 3519 3218 3574 invalidus
3268 3533 3351 3576 est
3388 3523 3454 3576 ad

1877 3607 2010 3662 illud
2039 3605 2404 3670 eﬂiciendum,
2439 3607 2584 3675 quod
2619 3609 2787 3662 novit.

1947 3700 2134 3768 Itaque
2162 3714 2286 3753 cum
2322 3701 2504 3753 omnia
2523 3701 2715 3768 possit,
2735 3703 2798 3754 ad
2822 3718 3002 3756 rerum
3029 3713 3454 3772 procreationem

1878 3789 2108 3858 sapienti
2144 3792 2459 3860 potentique
2479 3792 2758 3844 voluntate
2792 3794 2954 3846 simul
2987 3796 3171 3846 omnia
3198 3797 3453 3858 contulit,

1877 3881 2176 3945 levitatem,
2213 3883 2554 3950 gravitatem,
2591 3883 2938 3947 densitatem,
2982 3885 3282 3950 raritatem,
3320 3888 3459 3939 mol-

1879 3973 2187 4037 litudinem,
2229 3974 2506 4038 duritiam,
2549 3975 2951 4038 humidilatem,
2998 3977 3322 4039 siccitatem,
3366 3979 3460 4033 l'ri-

1881 4067 2184 4138 gidilatem,
2225 4067 2578 4134 caliditatem,
2619 4069 2878 4134 colorem,
2919 4069 3168 4140 ﬁguram,
3210 4073 3460 4126 circum-

1883 4159 2258 4226 scriptionem,
2289 4159 2666 4213 intervallum:
2701 4175 2822 4230 quae
2845 4161 3060 4228 quidem
3094 4164 3307 4231 singula
3333 4173 3462 4218 sunt

1886 4261 2076 4304 tenues
2109 4251 2352 4320 qnmdam
2386 4252 2654 4321 numaque
2689 4254 2975 4321 notiones;
3013 4256 3149 4309 nihil
3183 4259 3327 4310 enim
3363 4258 3462 4311 ho-

1885 4357 2004 4395 rum
2041 4359 2208 4396 unum
2245 4358 2342 4411 per
2373 4359 2432 4398 se
2459 4346 2686 4398 materia
2719 4357 2823 4411 est,
2859 4349 2950 4401 sed
2988 4349 3200 4403 cunctis
3229 4350 3371 4403 inter
3404 4365 3464 4404 se

189 4437 426 4506 γίνεται.
455 4437 520 4489 Εἰ
548 4430 642 4488 οὖν
662 4435 738 4506 τῷ
766 4435 1084 4508 ὑπερέχοντι
1112 4438 1209 4508 τῆς
1233 4437 1426 4506 σοφίας
1451 4439 1545 4491 καὶ
1569 4438 1668 4507 τῆς
1689 4440 1771 4491 δυ-

1886 4435 2348 4490 concurrentibus
2379 4437 2603 4490 materia
2651 4439 2728 4492 tit.
2768 4437 2822 4492 Si
2857 4439 3022 4508 igitur
3047 4442 3326 4508 sapientia:
3363 4457 3463 4511 po-

190 4527 437 4598 νάμεως,
461 4527 554 4579 καὶ
575 4525 754 4580 πάντα
771 4523 880 4579 οἵδε
905 4527 998 4578 καὶ
1021 4526 1197 4580 πάντα
1226 4527 1468 4594 δύναται,
1497 4529 1636 4597 τάχα
1667 4546 1782 4592 πως

197 4618 640 4693 προσεγγίζομεν
659 4622 724 4690 τῇ
741 4619 915 4690 ὑψηλῇ
933 4617 1026 4670 τοῦ
1043 4620 1175 4672 Μωῦ
1185 4620 1319 4682 σέως
1333 4623 1506 4691 φωνῇ,
1519 4621 1578 4683 ὃς
1595 4638 1668 4690 φη
1677 4637 1780 4673 σιν·

207 4715 316 4766 Ἔν
346 4710 650 4778 κεφαλαίῳ
683 4708 862 4781 (τοῦτο
888 4709 994 4779 γὰρ
1025 4707 1146 4761 (ειντῖ¹
1183 4707 1283 4777 τῆς
1316 4705 1510 4777 ἀρχῆς
1555 4707 1785 4772 Ἀκύλας

197 4797 492 4862 ἐκδέδωκε)
525 4795 858 4866 πεποιῆσθαι
895 4795 1050 4866 παρὰ
1095 4795 1190 4848 τοῦ
1239 4795 1374 4848 Θεοῦ
1417 4797 1513 4850 τὸν
1556 4797 1786 4867 οὐρανὸν

195 4888 294 4941 καὶ
317 4887 421 4956 τὴν
440 4887 566 4955 γῆν.
603 4885 824 4955 Ἐπειδὴ
848 4885 957 4956 γὰρ
985 4885 1348 4954 είσαγωγικὸν
1382 4887 1520 4959 πρὸς
1549 4886 1784 4955 θεογνω-

197 4978 324 5032 σίαν
354 4977 417 5030 τὸ
446 4977 550 5046 τῆς
571 4976 840 5043 γενέσεως
871 4975 1071 5046 βιϐλίον
1102 4979 1131 5030 6
1155 4978 1441 5048 προφήτης
1471 4979 1784 5048 πεποίηται,

197 5069 293 5121 καὶ
329 5067 534 5130 σκοπός
560 5067 678 5119 ἐστι
711 5067 788 5138 τῷ
817 5069 1046 5139 Μωῦσῇ,
1081 5069 1207 5132 τοὺς
1233 5072 1298 5139 τῇ
1333 5068 1581 5140 αἰσθήσει
1610 5069 1788 5122 δεδου-

197 5159 482 5231 λωμένους
507 5159 914 5230 χειραγωγῆσαι
941 5159 1027 5212 διὰ
1053 5160 1162 5213 τῶν
1189 5161 1528 5231 φαινομένων
1555 5162 1690 5232 πρὸς
1721 5161 1789 5215 τά

201 5248 578 5318 ὑπερκείμενα
624 5247 725 5317 τῆς
768 5249 1090 5319 αἰσθητικῆς
1131 5251 1520 5321 καταλήψεως’
1573 5251 1788 5322 οὐρανῷ

201 5339 257 5392 δὲ
281 5339 383 5393 καὶ
409 5341 478 5409 τῇ
511 5343 582 5410 γῇ
605 5339 848 5409 ὁρίζεται
880 5341 1012 5410 ἡμῖν
1039 5343 1071 5412 ἡ
1114 5341 1202 5394 διὰ
1223 5345 1322 5412 τῆς
1341 5342 1518 5412 ὅψεως
1545 5344 1745 5412 γνῶσις
1769 5362 1782 5374 ·

204 5432 290 5486 διὰ
315 5431 476 5485 τοῦτο
494 5433 568 5495 ὡς
591 5431 916 5502 περιεκτικὰ
939 5432 1048 5486 τῶν
1067 5433 1235 5488 ὅντων
1255 5435 1320 5488 τά
1343 5435 1544 5506 ἔσχατα
1567 5437 1676 5491 τῶν
1701 5436 1790 5490 διὰ

208 5525 302 5594 τῆς
335 5524 645 5593 αἰσθήσεως
662 5525 796 5594 ἡμῖν
815 5526 1234 5596 γινωσκομένων
1261 5529 1289 5579 6
1305 5527 1460 5596 λόγος
1482 5528 1782 5599 ὠνόμασεν,

210 5615 292 5666 ἵνα
321 5614 410 5667 διὰ
455 5613 552 5666 τοῦ
573 5614 640 5665 τὰ
675 5615 994 5685 περιέχοντα
1016 5618 1188 5669 εἰπεῖν
1213 5617 1364 5688 παρὰ
1402 5619 1534 5672 Θεοῦ
1555 5621 1786 5690 γεγενῆ-

213 5703 350 5772 σθαι,
377 5703 757 5776 συμπεριλάὸῃ
789 5708 896 5760 πᾶν
923 5707 981 5760 τὸ
1009 5709 1156 5772 ἐντὸς
1184 5709 1292 5762 τῶν
1323 5709 1505 5780 ἄκρων
1532 5711 1782 5781 περιεκό-

1883 4524 2174 4592 ιριιιὶαείιυο
2205 4526 2516 4594 praestantia
2550 4535 2602 4580 et
2629 4527 2813 4580 omnia
2849 4531 3020 4592 novit,
3053 4539 3104 4583 et
3139 4539 3314 4598 potest
3345 4547 3464 4584 om-

1881 4615 1994 4674 nia,
2023 4615 2206 4684 aliquo
2229 4615 2390 4669 modo
2425 4617 2658 4672 fortasse
2690 4618 2754 4671 ad
2779 4621 3046 4674 excelsam
3083 4621 3248 4676 Mosis
3275 4639 3464 4678 vocem

1882 4706 2218 4773 accepimus,
2256 4707 2384 4776 qui,
2437 4725 2456 4756 ι
2489 4707 2542 4760 in
2588 4724 2830 4771 summa,
2872 4729 2892 4759 ι
2941 4711 3118 4779 inquit
3169 4713 3271 4778 (sic
3319 4716 3463 4765 enim

1884 4799 2110 4866 Aquilus
2140 4815 2258 4866 pro,
2299 4817 2316 4847 ι
2346 4800 2396 4851 in
2433 4801 2721 4868 principio,
2746 4821 2763 4851 ι
2800 4801 2982 4870 vertit)
3020 4803 3150 4856 fecit
3182 4802 3324 4858 Deus
3347 4819 3463 4858 cae-

1897 4891 2004 4942 lum
2043 4899 2096 4944 et
2129 4901 2348 4948 terram.
2381 4890 2649 4956 Quoniam
2676 4896 2818 4948 enim
2851 4897 3247 4966 procreationis
3268 4898 3465 4951 librum

1894 4982 2200 5050 composuit
2243 4983 2538 5052 propheta,
2583 4993 2642 5037 ut
2686 4987 2752 5039 ad
2805 4987 2896 5041 Dei
2944 4989 3307 5057 cognitionem
3357 4990 3466 5042 dux

1891 5083 2055 5135 esset,
2087 5072 2249 5140 idque
2281 5072 2412 5127 Mosi
2445 5075 2782 5144 propositum
2812 5077 2930 5139 fuit,
2967 5087 3023 5130 nt
3045 5093 3139 5132 eos
3167 5079 3258 5147 qui
3293 5079 3468 5132 sensi-

1892 5165 1994 5218 bus
2019 5164 2235 5217 obnoxii
2265 5165 2610 5236 deviuctique
2637 5176 2785 5232 sunt,
2807 5185 2900 5237 per
2923 5185 2984 5223 ea
3009 5185 3128 5239 quae
3148 5179 3468 5231 cernuntur,

1893 5255 1957 5306 ad
1997 5253 2084 5305 illa
2125 5254 2446 5322 perduceret
2479 5271 2600 5325 qua:
2641 5258 2896 5310 sensibus
2933 5259 3320 5327 comprehendi
3361 5273 3469 5313 non

1893 5354 2158 5414 possunt;
2184 5347 2322 5400 cado
2353 5357 2534 5402 autem
2561 5355 2614 5402 et
2642 5355 2790 5402 terra
2821 5357 3007 5403 nostra
3043 5365 3138 5418 per
3167 5352 3354 5403 oculos
3385 5365 3470 5402 co-

1892 5437 2064 5503 gnitio
2117 5439 2490 5504 terminatur;
2541 5439 2747 5492 idcirco
2805 5451 3046 5494 extrema
3100 5457 3288 5495 eorum
3347 5457 3469 5510 quae

1891 5543 2056 5582 sensu
2103 5545 2132 5582 a
2176 5529 2335 5585 nobis
2383 5531 2788 5600 percipiuntur,
2837 5541 3092 5602 tanquam
3140 5549 3230 5587 res
3273 5549 3467 5590 omnes

1895 5620 2312 5687 complectentia
2339 5622 2661 5687 nominavit,
2689 5632 2747 5678 ut
2771 5640 2834 5679 ea
2859 5639 2977 5694 quae
3005 5625 3464 5695 complectuntur,

1893 5730 1923 5768 a
1965 5713 2072 5769 Deo
2115 5713 2256 5770 facta
2301 5730 2422 5773 esse
2471 5731 2939 5785 commemorans,
2988 5715 3474 5788 comprehenderet
