3880 6218
411 309 473 363 7i
1665 307 1723 362 S.
1753 307 2077 361 CIIEGURII
2110 307 2404 363 NYSSICNI
3614 314 3682 368 72

413 421 677 494 quidquid
707 423 776 477 ab
803 422 910 477 illis
942 422 1278 487 rmninetur,
1313 432 1369 478 et
1405 439 1501 495 pro
1529 440 1625 488 eo,
1670 435 1728 478 ut
1757 427 1983 488 diceret,

2103 442 2286 494 μενον,
2314 429 2408 482 καὶ
2428 430 2547 482 ἀντὶ
2563 430 2658 483 τοῦ
2681 431 2850 483 εἰπεῖν
2870 432 2952 484 ὅτι
2971 429 3182 502 ἀθρόως
3207 431 3384 483 πάντα
3414 429 3476 482 τά
3501 430 3634 483 ὄντα
3655 432 3684 482 ό

414 516 577 568 simul
604 518 788 568 omnia
823 515 990 568 Dcunt
1041 515 1267 583 fecisse,
1305 536 1323 566 ι
1347 517 1401 570 in
1439 531 1695 569 summa»
1742 518 1857 572 sive
1904 518 1997 571 rin

412 607 742 676 principio,»
788 607 946 667 dixit,
990 606 1156 660 Deum
1193 607 1390 663 fecisse
1436 608 1634 661 caelum
1669 618 1722 663 et
1770 617 1993 664 terram.

414 695 708 767 Utriusque
737 709 916 752 autem
949 699 1100 751 vocis
1131 715 1236 751 una
1269 699 1600 769 signiﬁcatio
1627 708 1711 754 est
1741 719 1754 754 :
1795 702 1997 769 princi-

413 789 560 857 pium
589 791 732 843 enim
752 832 764 854 ,
793 799 847 844 et
877 804 1089 843 summa
1115 806 1269 860 mque
1297 791 1575 844 declarant
1607 791 1788 846 simul.
1818 791 1997 858 Quare

414 893 507 946 per
523 895 542 928 ι
555 895 821 932 summam
837 899 853 928 ι
872 880 1111 934 ostendit
1128 881 1309 934 oi‘nnia
1328 881 1490 936 simul
1507 881 1675 937 fuisse
1689 893 1992 952 procreata,

404 977 464 1022 et
493 984 588 1038 per
617 986 634 1018 ι
663 971 990 1039 principium
1016 989 1037 1022 ι
1067 979 1289 1034 cuncta,
1327 981 1624 1036 momento,
1653 982 1706 1028 et
1737 975 1856 1029 sine
1886 976 1995 1029 ullo

406 1063 675 1130 temporis
716 1062 894 1131 spatio
941 1061 1085 1114 facta
1131 1062 1301 1116 fuisse
1335 1063 1624 1132 significat.
1660 1065 1992 1136 Principium

408 1153 553 1206 enim
585 1168 697 1206 non
729 1153 958 1223 patitur,
995 1162 1055 1207 ut
1083 1155 1252 1208 ullum
1291 1155 1635 1210 intervallum
1667 1159 1990 1228 cogitemus.

406 1243 543 1297 Nam
573 1253 632 1298 ut
665 1253 929 1314 punctum
965 1253 1049 1301 est
1079 1247 1406 1316 principium
1460 1249 1634 1313 lineae,
1681 1259 1734 1305 et
1784 1252 1994 1305 indivi-

407 1336 881 1406 duum-corporis,
913 1339 993 1392 sic
1020 1349 1352 1392 momentum
1385 1339 1558 1409 ipsius
1588 1344 1866 1411 temporis.
1895 1343 1993 1399 Re-

403 1443 525 1480 rum
550 1427 719 1498 igitur
746 1429 908 1482 simul
940 1431 1182 1483 onmium
1207 1433 1548 1486 constructio
1575 1433 1642 1487 ab
1686 1435 1990 1492 incredibili

401 1518 649 1587 polentia
680 1517 773 1573 Dei
806 1518 1071 1588 proiecta,
1105 1522 1434 1592 principium
1464 1539 1493 1576 a
1519 1523 1688 1588 Mose,
1719 1542 1818 1581 seu
1843 1543 1994 1582 sum—

400 1621 494 1659 ma
531 1606 588 1661 in
630 1623 737 1677 qua
789 1609 1042 1663 consistit
1089 1611 1442 1680 universitas,
1488 1614 1824 1669 nominatur.
1878 1617 1987 1684 Ille,

401 1696 533 1751 dum
567 1714 748 1752 rerum
778 1709 1019 1755 extrema
1051 1703 1421 1772 prosequitur,
1451 1707 1618 1761 tacite
1649 1709 1812 1762 etiam
1842 1710 1988 1765 indi-

2100 517 2234 581 Θεὸς
2254 521 2528 590 ἐποίησεν,
2558 520 2708 576 εἶπεν
2731 524 2801 575 ἐν
2819 524 3143 590 κεφαλαίῳ,
3162 523 3280 592 ἦτοι
3307 522 3375 574 ἐν
3402 522 3556 590 ἀρχῇ
3582 540 3685 575 πε-

2100 608 2382 677 ποιηκέναι
2429 609 2520 662 τὸν
2567 612 2696 664 Θεὸν
2739 614 2830 666 τὸν
2873 612 3098 684 οὐρανὸν
3139 614 3231 666 καὶ
3267 613 3365 682 τὴν
3400 617 3521 682 γῆν.
3559 613 3685 665 Μία

2097 697 2153 750 δὲ
2172 699 2280 752 τῶν
2306 700 2398 754 δύο
2428 702 2620 771 φωνῶν
2654 705 2686 774 ή
2723 705 2986 776 σημασία,
3023 705 3121 774 τῆς
3153 722 3210 756 τε
3247 703 3440 773 ἀρχῆς
3467 702 3681 756 καὶτοῦ

2097 791 2448 857 κεφαλαίου.
2499 792 2763 863 Δηλοῦται
2813 794 2921 865 γὰρ
2971 794 3164 864 ἐπίσης
3205 794 3272 846 δι’
3299 794 3571 862 ἑκατέρων
3619 791 3684 845 τὸ

2096 880 2323 953 ἀθρόον·
2369 874 2441 928 ἐν
2475 883 2570 954 μὲν
2620 883 2727 958 γὰρ
2772 884 2850 950 τῷ
2893 886 3216 948 κεφαλαίῳ,
3263 883 3325 937 τὸ
3375 884 3683 953 συλλήϐδην

2093 974 2160 1026 τά
2188 975 2366 1029 πάντα
2394 976 2722 1046 γεγενῆσθαι
2763 977 3094 1048 περιίστησι.
3120 977 3209 1030 διὰ
3249 977 3306 1030 δὲ
3336 977 3433 1047 τῆς
3474 975 3678 1045 ἀρχῆς

2093 1065 2346 1136 δηλοῦται
2401 1067 2463 1120 τὸ
2510 1068 2714 1138 ἀκαρές
2771 1084 2832 1120 τε
2889 1068 2983 1121 καὶ
3036 1068 3378 1122 ἀδιάστατον.
3439 1067 3523 1142 ’11η
3562 1066 3674 1137 γὰρ

2093 1158 2250 1228 ἀρχὴ
2312 1160 2513 1222 παντὸς
2571 1159 2998 1238 διαστηματικοῦ
3048 1162 3318 1231 νοήματος
3376 1159 3676 1230 ἀλλοτρίως

2093 1250 2225 1321 ἔχει.
2267 1252 2355 1314 Ὠς
2400 1252 2460 1304 τὸ
2508 1254 2729 1322 σημεῖον
2775 1252 2919 1322 ἁρχὴ
2969 1253 3068 1322 τῆς
3117 1251 3401 1323 γραμμῆς,
3441 1251 3534 1303 καὶ
3575 1251 3671 1303 τοῦ

2091 1344 2256 1411 ὄγκου
2297 1344 2358 1396 τὸ
2384 1345 2605 1413 ἄτομον,
2631 1342 2801 1407 οὕτως
2827 1343 2922 1398 xai.
2948 1344 3010 1398 τὸ
3047 1345 3252 1414 ἀκαρὲς
3287 1343 3383 1396 τοῦ
3414 1341 3670 1414 χρονικοῦ

2090 1435 2478 1506 διαστήματος.
2541 1437 2602 1488 Ἦ
2654 1433 2746 1490 οῦν
2790 1435 2962 1507 ἀθρόα
3005 1436 3113 1489 τῶν
3161 1436 3329 1489 ὄντων
3372 1435 3522 1505 παρὰ
3565 1435 3670 1503 τῆς

2091 1528 2368 1598 ἁφράστου
2399 1526 2682 1597 δυνάμεως
2710 1526 2804 1581 τοῦ
2838 1527 2974 1581 Θεοῦ
3007 1528 3302 1598 καταϐολὴ,
3333 1528 3490 1596 ἀρχὴ
3517 1527 3671 1599 παρὰ

2089 1616 2181 1670 τοῦ
2210 1618 2506 1680 Μωῦσέως,
2537 1619 2700 1688 ήτουν
2729 1617 3060 1687 κεφάλαιον
3099 1620 3511 1690 κατωνομάσθη,
3540 1621 3597 1670 ἐν

2089 1711 2149 1763 τὸ
2188 1711 2297 1763 πᾶν
2333 1710 2594 1779 συστῆναι
2628 1711 2866 1778 λέγεται.
2908 1711 2990 1764 Τὰ
3039 1710 3136 1782 μὲν
3170 1713 3313 1782 ἄκρα
3353 1711 3460 1765 τῶν
3500 1713 3670 1764 ὄντων

399 1799 495 1842 cat
525 1805 645 1860 quae
675 1792 810 1861 ipsis
843 1795 1388 1863 comprehenduntur
1419 1801 1702 1855 extremis.
1733 1801 1983 1858 Extrema

2090 1801 2257 1856 εἰπών
2279 1821 2292 1832 ·
2328 1801 2397 1855 τὰ
2423 1801 2479 1856 δὲ
2513 1804 2652 1874 μέσα
2684 1804 2822 1857 κατὰ
2854 1803 2914 1857 τὸ
2947 1802 3297 1874 σιωπώμενον
3334 1807 3445 1866 τοῖς
3478 1804 3673 1874 ἄκροις

396 1880 546 1945 dico,
601 1883 783 1936 habita
827 1885 1039 1939 ratione
1085 1902 1280 1941 sensus
1321 1889 1566 1952 humani,
1623 1892 1714 1960 qui
1752 1908 1851 1947 nec
1885 1895 1988 1948 sub

396 1980 604 2026 terram
640 1983 887 2043 penetrat
926 1991 1026 2030 nec
1059 1977 1258 2032 calum
1294 1979 1657 2036 transcendit.
1692 1982 1746 2036 In
1780 1985 1988 2053 princi-

401 2065 492 2132 pio
524 2066 689 2135 igitur
720 2067 981 2120 mundum
1012 2083 1136 2123 esse
1163 2069 1440 2124 conditum
1477 2071 1685 2137 dicens,
1720 2076 1988 2144 significat

397 2170 584 2208 rerum
626 2158 868 2210 omnium
900 2161 1220 2215 occasiones
1250 2170 1305 2216 et
1343 2177 1558 2227 causas,
1594 2173 1649 2218 et
1690 2174 1986 2235 potestates

399 2263 433 2298 a
452 2245 557 2300 Deo
577 2245 750 2303 fuisse
777 2249 1079 2316 confectas,
1102 2263 1154 2305 et
1173 2253 1238 2306 ad
1265 2253 1502 2322 primum
1527 2255 1986 2313 voluntatisillius

394 2347 609 2392 motum
637 2356 726 2394 res
756 2341 1004 2412 singulas
1029 2345 1330 2410 exstitisse,
1353 2347 1575 2409 caelum,
1599 2348 1825 2412 aethera,
1857 2353 1985 2403 stel-

395 2433 505 2496 las,
535 2433 732 2501 ignem,
768 2450 917 2499 aera,
953 2452 1102 2491 mare
1138 2446 1384 2506 ,terram,
1418 2440 1698 2504 animalia,
1734 2442 1980 2511 plantas:

399 2539 520 2593 quae
545 2525 762 2594 quidem
797 2527 980 2580 omnia
1014 2527 1104 2582 Dei
1136 2531 1299 2584 oculo
1329 2533 1714 2593 cernebantur,
1747 2544 1986 2603 potesta-

390 2615 471 2668 tis
522 2616 734 2671 ratione
771 2619 1102 2687 conspicua,
1151 2628 1211 2674 ut
1259 2622 1434 2692 inquit
1483 2624 1790 2693 prephcta:
1833 2645 1852 2676 ι
1879 2625 1983 2692 Qui

400 2707 549 2761 videt
571 2711 758 2762 omnia
787 2712 958 2778 prius,
977 2727 1140 2780 quam
1170 2711 1355 2769 Iiant'.
1380 2734 1404 2768 ι
1440 2714 1545 2771 Sed
1577 2727 1867 2787 potestate,
1898 2734 1986 2774 sa-

391 2799 710 2868 pientiaque
736 2802 802 2855 ad
838 2802 1174 2872 singularum
1213 2805 1398 2859 mundi
1431 2808 1665 2876 partium
1699 2809 1982 2879 perfectio-

397 2904 520 2943 nem
553 2891 773 2955 collata,
807 2895 1118 2949 necessaria
1147 2896 1394 2964 quadam
1424 2900 1593 2955 series
1624 2901 1814 2955 ordine
1842 2919 1982 2972 quo-

393 2979 518 3034 dam
552 2991 846 3038 consecuta
880 2993 988 3048 cst,
1022 2997 1081 3039 ut
1111 3003 1279 3040 unum
1305 2989 1524 3058 aliquod
1556 3006 1621 3044 ex
1654 2999 1765 3046 tota
1798 3009 1980 3048 rerum

395 3073 756 3128 universitate
778 3076 1012 3144 primum
1036 3079 1334 3143 exstiterit,
1352 3089 1406 3133 et
1423 3084 1757 3150 apparuerit.
1779 3083 1982 3141 Deinde

390 3171 520 3231 post
545 3163 674 3217 illud
710 3167 1024 3220 necessario
1050 3168 1279 3223 alterum
1310 3178 1583 3226 secutum.
1615 3171 1772 3239 Tum,
1805 3183 1864 3228 ut
1893 3191 1980 3228 ar-

386 3250 527 3307 tifex
564 3263 759 3306 natura
799 3255 1045 3325 cogebat,
1083 3259 1393 3314 tertiumet
1420 3269 1699 3330 quartum,
1737 3273 1789 3317 et
1818 3265 1980 3333 quin-

384 3353 529 3410 tum,
563 3355 617 3399 et
646 3346 855 3416 reliqua
888 3347 1169 3418 deinceps,
1198 3364 1308 3404 non
1330 3365 1463 3406 casu
1490 3363 1545 3406 et
1570 3352 1810 3419 fortuna,
1837 3356 1982 3410 inor-

384 3435 581 3490 dinato
602 3445 656 3490 et
676 3438 837 3492 celeri
862 3439 1096 3508 quodam
1126 3449 1296 3506 motu,
1319 3444 1415 3498 sed
1445 3453 1502 3497 ut
1521 3446 1866 3502 necessarius
1883 3463 1981 3500 na-

386 3536 532 3582 tura:
560 3530 696 3585 ordo
727 3531 782 3584 in
816 3532 982 3587 rebus
1009 3531 1368 3602 disponendis
1396 3537 1730 3605 requirebat,
1759 3538 1831 3591 ita
1865 3539 1978 3592 sin-

384 3621 518 3690 gula
546 3620 688 3677 facta
719 3623 890 3679 fuisse
924 3633 1134 3688 narrat,
1163 3633 1217 3680 et
1249 3626 1316 3682 de
1342 3629 1684 3685 naturalibus
1713 3631 1976 3685 institutis

387 3713 825 3786 philosOphatur.
845 3715 1120 3782 Quasdam
1142 3719 1306 3772 etiam
1327 3735 1491 3776 voces
1514 3721 1832 3791 imperantis
1858 3722 1972 3784 Dei,

392 3805 622 3874 singulis
649 3809 812 3863 rebus
832 3825 952 3878 qure
975 3819 1324 3879 generantur,
1357 3812 1621 3882 assignat,
1659 3814 1823 3884 idque
1852 3831 1975 3870 ree-

385 3905 466 3962 te,
498 3906 552 3954 et
580 3904 967 3955 convenienter
998 3901 1147 3956 facit.
1178 3901 1457 3972 Quidquid
1488 3896 1634 3958 enim
1662 3906 1853 3962 ordine
1884 3923 1975 3962 sa-

391 3988 711 4060 pienterque
754 3992 956 4046 factum
993 4003 1096 4057 est,
1136 3994 1428 4064 quamdam
1462 3996 1630 4050 veluti
1660 4013 1848 4054 vocem
1881 3999 1977 4056 Dei

391 4078 634 4132 vicissim
668 4080 857 4136 refert.

2090 1895 2583 1965 συνενδειξάμενος.
2639 1896 2820 1965 Ἀκρα
2847 1895 2904 1948 δέ
2939 1914 3102 1966 φημι,
3143 1896 3230 1950 διὰ
3266 1896 3366 1966 τὴν
3391 1895 3672 1966 ἀνθρωπί-

2087 2006 2184 2058 νην
2214 1987 2489 2058 αἵσθησιν,
2520 1988 2556 2058 ἢ
2586 1986 2711 2040 οὕτε
2749 1990 2828 2051 εὶς
2855 1989 2924 2040 τὰ
2961 1989 3065 2041 ὑπὸ
3093 1989 3196 2058 γῆν
3227 1988 3514 2054 διαδύεται,
3542 1989 3671 2044 οὔτε

2085 2081 2175 2134 τὸν
2222 2083 2450 2152 οὐρανὸν
2483 2082 2765 2136 διαϐαίνει.
2805 2082 3013 2136 Οὐκοῦν
3059 2084 3217 2138 τοῦτο
3249 2088 3408 2149 νοεῖν,
3453 2087 3486 2154 ή
3524 2085 3670 2157 ἀρχὴ

2085 2175 2184 2244 τῆς
2227 2174 2585 2245 κοσμογονίας
2617 2175 2947 2242 ὑποτίθεται,
2977 2177 3058 2230 ὅτι
3091 2178 3309 2232 πάντων
3346 2178 3453 2232 τῶν
3497 2179 3671 2231 ὄντων

2084 2269 2184 2332 τὰς
2215 2269 2471 2340 ἀφορμὰς
2504 2270 2598 2322 καὶ
2626 2270 2724 2332 τὰς
2754 2270 2952 2334 αἰτίας,
2984 2272 3076 2324 καὶ
3107 2271 3206 2334 τὰς
3229 2271 3505 2342 δυνάμεις,
3537 2271 3670 2324 συλ-

2087 2360 2285 2430 λήϐδην
2332 2361 2360 2412 ό
2411 2359 2542 2422 Θεὸς
2590 2363 2647 2414 ἐν
2695 2362 2892 2432 ἀκαρεῖ
2946 2362 3327 2426 κατεϐάλλετο,
3372 2363 3466 2415 καὶ
3507 2365 3562 2414 ἐν
3594 2365 3668 2434 τῇ

2087 2450 2276 2522 πρώτῃ
2307 2451 2400 2503 τοῦ
2448 2451 2754 2523 θελήματος
2788 2455 2955 2523 ὁρμῇ,
2998 2456 3030 2523 ἡ
3074 2454 3304 2506 ἑκάστου
3349 2453 3455 2506 τῶν
3494 2454 3668 2506 ὄντων

2084 2543 2240 2596 οὐσία
2289 2543 2641 2615 συνέδραμεν,
2686 2546 2932 2616 οὐρανὸς,
2980 2545 3176 2616 αἰθὴρ,
3229 2547 3476 2617 ἀστέρες,
3529 2545 3667 2617 πῦρ,

2085 2635 2213 2705 ἀὴρν
2250 2634 2512 2701 θάλασσα’
2547 2635 2642 2705 γῆ.
2675 2634 2837 2700 ζῶον,
2872 2637 3046 2706 φυτά·
3095 2637 3131 2690 ἃ
3159 2636 3237 2706 τῷ
3272 2637 3370 2707 μὲν
3405 2636 3531 2706 θείῳ
3560 2637 3668 2705 ὀφ-

2085 2724 2276 2796 θαλμῷ
2330 2727 2506 2781 πάντα
2553 2727 2892 2797 καθεωρᾶτο,
2938 2727 3017 2798 τῷ
3067 2730 3165 2799 τῆς
3197 2729 3483 2798 δυνάμεως
3521 2730 3669 2801 λόγῳ

2082 2817 2428 2888 δεικνύμενα,
2479 2819 2577 2890 τῷ,
2603 2819 2781 2883 καθώς
2811 2837 2978 2891 φησιν
3007 2823 3040 2891 ἡ
3079 2823 3413 2892 προφητεία,
3451 2841 3468 2872 ι
3500 2822 3669 2876 εἰδότι

2084 2911 2266 2965 πάντα
2297 2912 2404 2981 πρὸ
2439 2913 2540 2982 τῆς
2573 2913 2839 2983 γενέσεως
2890 2913 3092 2968 αὐτῶν.
3131 2934 3149 2965 ι
3186 2915 3263 2985 Τῇ
3295 2915 3353 2966 δὲ
3393 2931 3670 2982 συγκατα-

2083 3004 2343 3077 ϐληθείσῃ
2387 3005 2612 3077 δυνάμει
2643 3023 2701 3059 τε
2747 3005 2841 3059 καὶ
2887 3008 3050 3078 σοφίᾳ
3086 3009 3220 3079 πρὸς
3262 3007 3357 3079 τὴν
3386 3007 3667 3060 τελείωσιν

2009 3131 2060 3188 ϐ’
2083 3095 2313 3148 ἑκάστου
2331 3095 2440 3148 τῶν
2463 3097 2666 3167 μορίων
2686 3095 2778 3149 τοῦ
2799 3097 3025 3168 κόσμου,
3051 3098 3240 3168 είρμός
3263 3116 3346 3161 τις
3368 3100 3668 3166 ἀναγκαῖος

2085 3187 2228 3240 κατά
2253 3205 2374 3240 τινα
2408 3188 2561 3252 τάξιν
2581 3188 3038 3260 ἐπηκολούθησεν,
3075 3190 3215 3243 ὥστε
3243 3190 3304 3243 τὸ
3330 3190 3440 3260 πῦρ
3463 3190 3668 3261 προλα-

2087 3277 2198 3330 ϐεῖν
2241 3279 2339 3348 μὲν
2383 3279 2477 3332 καὶ
2512 3281 2924 3352 προεκφανῆναι
2959 3280 3069 3334 τῶν
3122 3281 3301 3336 ἄλλων
3338 3283 3444 3335 τῶν
3486 3283 3543 3334 ἐν
3583 3283 3668 3353 τῷ

2087 3368 2251 3420 παντὶ
2278 3369 2690 3442 θεωρουμένων,
2722 3373 2818 3426 καὶ
2849 3372 2992 3426 οὕτω
3024 3374 3143 3445 μετ’
3171 3375 3365 3439 ἐκεῖνο,
3409 3376 3469 3427 τὸ
3492 3377 3668 3444 ἀναγ-

2086 3459 2254 3522 καίως
2282 3460 2361 3531 τῷ
2400 3462 2724 3534 προλαϐόντι
2758 3463 3045 3535 ἑπόμενον,
3089 3467 3183 3519 καὶ
3224 3466 3316 3519 ἐπὶ
3342 3468 3518 3537 τούτῳ
3546 3469 3667 3536 τρί-

2081 3568 2194 3616 τον,
2219 3551 2296 3614 ὼς
2331 3555 2366 3623 ή
2396 3554 2618 3625 τεχνικὴ
2659 3555 3036 3627 συνηνάγκαζε
3080 3557 3273 3626 φύσις’
3314 3560 3572 3631 τέταρτόν
3601 3578 3664 3614 τε

2082 3644 2177 3694 καὶ
2206 3643 2476 3714 πέμπτον,
2507 3645 2601 3698 καὶ
2630 3645 2700 3698 τὰ
2731 3647 2895 3702 λοιπὰ
2921 3649 3018 3720 τῆς
3044 3649 3183 3703 κατὰ
3207 3650 3269 3703 τὸ
3299 3651 3495 3722 ἐφεξῆς
3526 3652 3664 3706 ἀκο-

2082 3733 2322 3800 λουθίας,
2373 3737 2473 3790 οὐκ
2514 3739 2811 3810 αὐτομάτῳ
2853 3742 2963 3794 τινὶ
3013 3743 3308 3813 συντυχίᾳ,
3349 3743 3491 3797 κατὰ
3536 3744 3665 3798 τινὰ

2081 3825 2315 3880 ἄτακτον
2362 3829 2459 3882 καὶ
2495 3831 2722 3900 τυχαίαν
2772 3832 2964 3904 φορὰν,
3015 3833 3187 3898 οὕτως
3233 3835 3659 3905 ἅναφαινόμενα.

2096 3913 2232 3967 Ἀλλ’
2262 3915 2338 3979 ὼς
2363 3917 2396 3987 ἡ
2423 3919 2696 3988 ἀναγκαία
2724 3924 2822 3993 τῆς
2853 3922 3069 3991 φύσεως
3088 3924 3240 3988 τάξις
3259 3923 3506 3994 ἐπιζητεῖ
3521 3925 3582 3978 τὸ
3599 3927 3663 3979 ὲν

2079 4007 2192 4068 τοῖς
2224 4007 2528 4077 γινομένοις
2566 4011 2878 4079 ἀκόλουθον,
2909 4014 3079 4077 οὕτως
3107 4015 3314 4068 ἕκαστα
3335 4015 3662 4088 γεγενῆσθαί

2085 4113 2248 4166 φησιν
2271 4098 2329 4151 ὲν
2349 4099 2656 4172 διηγήσεως
2674 4103 2802 4157 εῖδει
2825 4105 2956 4177 περὶ
2982 4107 3089 4160 τῶν
3112 4108 3356 4176 φυσικῶν
3375 4109 3662 4177 δογμάτων

392 4175 776 4247 φιλοσοφήσας.
810 4179 920 4232 Καὶ
943 4181 1126 4248 φωνάς
1155 4198 1307 4244 τινας
1347 4181 1443 4235 τοῦ
1485 4183 1620 4236 Θεοῦ
1665 4187 2039 4256 προσακτικὰς
2071 4192 2299 4246 ἑκάστου
2325 4195 2436 4249 τῶν
2464 4199 2764 4270 γινομένων
2792 4175 3185 4273 προσγράφων,
3216 4206 3397 4270 καλῶς
3421 4175 3513 4261 καὶ
3541 4207 3662 4261 θεο-

391 4271 621 4341 πρεπῶς
639 4273 905 4326 καὶτοῦτο
925 4273 1112 4328 ποιῶν.
1131 4277 1246 4329 Πᾶν
1267 4276 1376 4347 γὰρ
1401 4277 1462 4329 τὸ
1493 4277 1615 4331 καθ’
1641 4279 1831 4350 εἱρ-μόν
1851 4299 1972 4334 τινα
2001 4283 2095 4337 καὶ
2126 4286 2317 4354 σοφίαν
2345 4290 2628 4362 γινόμενον
2655 4293 2746 4346 τοῦ
2773 4271 2928 4359 Θεοῦ,
2959 4271 3039 4359 τὶς
3062 4271 3319 4369 ἄντικρύς
3345 4301 3458 4354 ἐστι
3481 4301 3658 4373 φωνή.

461 4363 648 4432 Itaque
669 4379 792 4418 cum
820 4364 910 4420 Dei
936 4377 1182 4420 naturam
1211 4368 1549 4437 ignoremus,
1578 4369 1752 4440 ipsam
1781 4379 1974 4442 poten-

383 4456 518 4508 tiam
545 4456 827 4526 ipsamque
843 4458 1167 4528 sapientiam
1184 4461 1370 4515 animo
1388 4463 1783 4533 coneipientes,
1806 4464 1974 4520 Deum

389 4556 569 4599 mente
593 4561 696 4602 nos
726 4545 999 4601 credimus
1011 4548 1515 4618 comprehendisse.
1532 4551 1742 4605 Idcirco
1756 4553 1975 4620 quando

390 4637 644 4690 conditus
665 4644 749 4692 est
775 4637 926 4693 orbis
953 4639 1263 4702 universus,
1287 4647 1576 4710 antequam
1595 4643 1826 4712 singulae
1853 4659 1977 4712 par-

381 4737 472 4780 tes
493 4725 664 4794 ipsius
681 4734 1028 4795 apparerent,
1042 4728 1282 4782 tenebris
1295 4730 1830 4799 totusobtegebatur,
1848 4732 1972 4800 quia

388 4818 647 4887 splendor
669 4818 828 4886 ignis,
865 4835 986 4888 qum
1009 4820 1112 4874 sub
1135 4796 1969 4891 materizeparticulislati-tabat,
2005 4796 2049 4850 Β

384 4908 632 4962 :nondum
673 4909 974 4964 elfulserat.
1015 4909 1252 4975 Etenim,
1296 4912 1753 4981 quemadmodum
1796 4916 1981 4971 silices

391 4996 445 5051 in
472 4999 710 5054 tenebris
739 4999 986 5054 obscurae
1013 4999 1219 5069 iacent,
1253 5001 1384 5056 licet
1415 5002 1524 5056 vim
1553 5002 1788 5058 lucidam
1820 5016 1982 5075 atque

383 5089 759 5145 illustrantem
804 5091 1130 5148 naturaliter
1164 5092 1222 5146 in
1273 5107 1334 5147 se
1377 5094 1730 5157 contineant,
1777 5096 1983 5165 quippe

391 5197 512 5251 quae
546 5184 763 5253 pariant
792 5183 996 5254 ignem,
1021 5185 1072 5255 si
1100 5185 1244 5239 inter
1273 5202 1334 5241 se
1364 5186 1716 5262 collidantur,
1742 5189 1981 5243 scintilla

388 5286 522 5326 vero
553 5274 622 5327 ab
653 5273 791 5343 ipsis
824 5276 1057 5344 prolata,
1091 5277 1384 5346 splendore
1418 5277 1567 5334 illius
1602 5280 1734 5349 ipsa:
1759 5296 1978 5350 quoque

386 5373 696 5419 cernuntur
727 5383 740 5419 :
775 5367 856 5421 sic
884 5369 1122 5424 obscura
1147 5383 1401 5438 caecaque
1435 5379 1590 5424 erant
1613 5372 1796 5425 omnia
1823 5374 1977 5443 prius

387 5471 553 5524 quam
593 5456 865 5524 pellucida
900 5471 1065 5530 atque
1100 5460 1390 5515 illustrans
1423 5473 1620 5516 natura
1649 5464 1702 5517 in
1724 5473 1974 5533 apertum

390 5545 753 5614 proferretur.
788 5548 924 5604 Nam
958 5566 1083 5605 cum
1134 5567 1242 5606 uno
1271 5552 1470 5608 divinae
1492 5555 1792 5611 voluntatis
1821 5566 1975 5612 motu

390 5650 566 5706 nuper
601 5638 921 5696 indistincta
957 5657 1141 5699 rerum
1172 5644 1509 5703 universitas
1538 5646 1703 5701 simul
1729 5649 1974 5705 exstitis-

460 5730 484 5765 '
514 5731 648 5788 Dan.
683 5749 803 5801 ιιιιν,
843 5735 932 5791 49..

2146 4378 2290 4433 Διότι
2312 4381 2447 4434 Θεοῦ
2467 4385 2566 4453 μὲν
2585 4385 2771 4438 οὐσίαν
2786 4387 2906 4456 ἥτις
2926 4390 3096 4446 ἐστὶν,
3110 4391 3170 4442 οὐ
3189 4391 3545 4462 γινώσκομεν·
3559 4397 3662 4467 τὴν

2078 4466 2134 4520 δὲ
2155 4470 2480 4539 αύτοσοφίαν
2500 4473 2594 4527 καὶ
2609 4473 2708 4545 τὴν
2729 4476 3087 4547 αὐτοδύναμιν
3108 4481 3164 4531 ἐν
3278 4481 3550 4548 λαϐόντες,
3565 4466 3660 4539 τὸν

2080 4559 2210 4612 Θεὸν
2231 4561 2578 4632 ἀνειληφέναι
2594 4567 2657 4636 τῇ
2685 4565 2893 4637 διανοίᾳ
2912 4571 3258 4642 πιστεύομεν.
3280 4573 3481 4626 Τούτου
3501 4576 3661 4646 χάριν

2080 4651 2168 4704 ὅτε
2191 4652 2250 4704 τὸ
2263 4653 2384 4706 ὅλον
2399 4655 2636 4722 ἐγένετο,
2665 4659 2795 4728 πρὶν
2815 4659 3042 4714 ἕκαστον
3067 4662 3175 4716 τῶν
3195 4681 3258 4716 συ
3267 4665 3413 4735 μπλη
3422 4667 3659 4736 ρούντων

2079 4742 2140 4794 τὸ
2159 4743 2278 4796 ὅλον
2300 4745 2383 4813 ἐφ’
2401 4746 2597 4799 ’ἑαυτοῦ
2632 4747 2928 4821 δειχθῆναι,
2971 4750 3130 4821 ζόφος
3169 4753 3246 4822 τῷ
3275 4758 3438 4809 παντὶ
3466 4759 3662 4811 ἐπεκέα-

2079 4843 2230 4895 χυτο·
2259 4826 2412 4881 οὔπω
2443 4829 2552 4901 γὰρ
2581 4832 2813 4906 ἐξεφάνη
2847 4837 2941 4890 τοῦ
2979 4841 3150 4910 πυρὸς
3189 4844 3221 4913 ἡ
3273 4844 3415 4915 αὐγὴ
3454 4847 3658 4899 ὑποκε-

2080 4919 2371 4991 κρυμμένη
2434 4925 2552 4987 τοῖς
2629 4927 2838 4997 μορίοις
2908 4930 3009 5000 τῆς
3066 4932 3197 5004 ὕλης
3265 4937 3516 5010 καθάπερ
3565 4939 3662 4994 καὶ

2079 5011 2135 5062 ei
2218 5011 2446 5081 ψηφῖδες
2519 5015 2744 5084 ἀφανεῖς
2817 5021 2876 5072 ὲν
2969 5021 3044 5092 τῷ
3124 5027 3305 5079 σκότει
3370 5030 3660 5098 μένουσιν,

2079 5101 2128 5152 εἰ
2166 5101 2262 5155 καὶ
2301 5103 2546 5171 φυσικῶς
2590 5107 2648 5158 ὲν
2694 5109 2915 5175 ἑαυταῖς
2959 5113 3058 5184 τὴν
3091 5119 3426 5190 φωτιστικὴν
3475 5120 3658 5191 ἔχουσι

2077 5192 2325 5263 δύναμιν,
2362 5194 2451 5248 διὰ
2483 5196 2584 5265 τῆς
2612 5199 2750 5269 πρὸς
2783 5202 3020 5273 ἀλλήλας
3052 5208 3426 5277 συμπτώσεως
3456 5213 3516 5264 τὸ
3547 5213 3660 5284 πῦρ

2078 5284 2488 5351 ἀποτίκτουσαι,
2517 5288 2611 5342 τοῦ
2644 5291 2701 5344 δὲ
2732 5295 3027 5367 σπινθῆρος
3059 5299 3118 5362 ἐξ
3149 5301 3326 5356 αὐτῶν
3354 5304 3658 5373 ἀναφανέν-

2078 5392 2188 5439 τος,
2221 5377 2469 5432 κάκεῖναι
2497 5383 2563 5451 τῇ
2599 5381 2901 5456 λαμπηδόνι
2933 5389 3123 5443 τούτου
3170 5398 3656 5467 συνανεφάνησανο

2078 5463 2252 5528 οὕτως
2281 5466 2490 5537 άόρατά
2519 5487 2580 5522 τε
2614 5472 2708 5526 καὶ
2736 5475 2916 5545 ἀφανῆ
2947 5479 3016 5532 τά
3048 5480 3228 5536 πάντα
3260 5479 3350 5554 ἦν,
3384 5463 3520 5557 πρὶν
3557 5488 3658 5558 τὴν

2078 5563 2411 5631 φωτιστικὴν
2441 5564 2630 5620 οὐσίαν
2671 5569 2750 5632 εἰς
2791 5571 2853 5624 τὸ
2881 5574 3113 5643 ἐκφανὲς
3144 5580 3448 5648 προελθεῖν.
3494 5582 3655 5654 ’Ἄρτι

2076 5650 2186 5724 γὰρ
2231 5653 2443 5726 ἀθρόως
2483 5659 2540 5715 ἐν
2582 5664 2652 5733 τῇ
2695 5665 2794 5736 μιᾷ
2843 5668 2983 5740 ῥοπῇ
3022 5669 3117 5723 τοῦ
3161 5669 3304 5725 θείου
3353 5650 3658 5748 θελήματος
