3880 6218
524 237 594 293 75
1786 244 1843 300 s.
1887 243 2218 301 cneconn
2258 243 2552 303 NYSSENI
3739 274 3807 328 π

522 357 684 422 Deus,
714 356 834 412 Fiat
861 359 984 426 lux;
1018 378 1036 412 ι
1064 361 1335 430 ejusmodi
1364 361 1564 427 verbis,
1591 371 1649 416 ut
1676 366 1912 420 arbitror
1941 367 2080 434 signi

2215 381 2318 434 γας
2358 374 2694 446 μαρτύρεται
2736 375 2996 448 Μωῡσῆς,
3035 379 3092 431 ἐν
3133 376 3213 444 οἷς
3267 401 3453 455 φησιν,
3498 387 3585 440 ὅτι
3628 406 3648 440 ι
3683 390 3806 442 Καὶ

520 449 712 514 ﬂcans,
738 451 978 506 divinam
1010 452 1314 508 oralionem
1350 469 1475 510 esse
1508 455 1648 508 lucis
1706 471 1845 526 opus
1883 471 2099 510 omnem

517 539 808 596 humanam
832 542 1216 613 cogitationem
1243 552 1617 614 superantem.
1642 544 1753 601 Nos
1781 547 1926 600 enim
1951 545 2096 615 quod

516 630 720 687 factum
744 641 830 689 est
881 637 1261 689 tantummodo
1289 638 1606 709 aspicimus,
1633 653 1910 708 sensuque
1933 637 2100 708 perci-

513 724 714 795 pimus,
747 733 801 781 et
824 725 1178 782 admiramur.
1225 727 1324 783 Ubi
1380 738 1563 791 autem
1593 730 1734 800 ignis
1763 729 1984 785 latitans
2015 746 2104 785 re-

513 824 677 886 pente
703 825 1014 886 generetur,
1053 819 1170 875 sive
1193 835 1260 875 ex
1297 820 1536 891 lapidum
1561 822 1868 883 collisione,
1893 822 2010 876 sive
2035 837 2102 877 ex

513 906 743 960 aliarum
784 923 963 962 rerum
999 910 1187 963 attritu
1244 911 1510 980 prosiliat,
1551 919 1606 966 et
1637 927 1882 981 quanam
1912 911 1994 967 vis
2023 913 2099 977 id,

514 997 661 1066 quod
683 998 750 1052 ab
774 999 892 1066 ipso
918 1000 1421 1070 comprehenditur,
1443 1002 1660 1065 exedat,
1698 1011 1864 1072 atque
1898 1017 2103 1059 consu-

515 1095 649 1152 mat,
685 1103 913 1158 qumque
959 1105 1139 1144 aerem
1163 1089 1379 1145 ﬂamma
1411 1092 1719 1157 collustret,
1771 1109 1947 1165 neque
1978 1110 2100 1150 cer-

511 1193 646 1234 nere
691 1194 1008 1249 possumus,
1049 1196 1227 1251 neque
1256 1181 1363 1236 ulla
1399 1182 1731 1254 cogitatione
1773 1185 2098 1256 complecti;

509 1272 606 1327 sed
637 1273 692 1327 in
727 1272 846 1328 solo
873 1273 983 1328 Deo
1011 1281 1120 1327 tam
1157 1273 1402 1329 miriﬁeae
1433 1275 1509 1330 rei
1540 1276 1806 1332 rationem
1848 1277 2102 1332 recondi-

508 1366 620 1412 tam
647 1375 770 1416 esse
793 1361 1050 1427 dicimus,
1095 1364 1186 1432 qui
1223 1379 1426 1416 arcana
1480 1367 1772 1434 potestatis
1798 1369 2010 1422 ratione
2042 1369 2098 1422 in

509 1449 633 1522 igne
655 1451 1161 1524 lucemingenerat.
1199 1453 1671 1520 Quemadmodum
1717 1475 1969 1515 sermone
1999 1476 2100 1516 suo

506 1540 690 1597 Moses
721 1550 1030 1607 attestatur,
1067 1562 1086 1595 ι
1115 1542 1280 1606 Dixit,
1319 1564 1336 1595 ι
1388 1545 1658 1616 inquiens,
1713 1568 1732 1601 ‹
1769 1548 1936 1614 Deus,
1977 1544 2099 1604 Fiat

506 1631 621 1695 lux,
652 1640 705 1686 et
742 1634 885 1687 facta
921 1642 1006 1689 est
1036 1635 1150 1690 lux.
1198 1644 1252 1690 et
1281 1636 1415 1690 vidit
1445 1635 1589 1693 Deus
1619 1639 1799 1694 lucem
1834 1655 1959 1697 esse
1997 1643 2095 1697 bo-

506 1736 633 1775 nam
653 1721 718 1774 “.
761 1741 780 1774 ι
814 1720 955 1779 Vere
976 1724 1120 1778 enim
1159 1723 1253 1779 Dei
1283 1726 1454 1783 solius
1477 1735 1563 1784 est
1591 1729 1788 1784 intueri
1821 1734 2094 1802 quomodo
2128 1717 2169 1774 Β

505 1813 580 1867 sit
597 1813 672 1868 ita
691 1814 866 1881 bona;
890 1815 1233 1874 imbecillitas
1257 1827 1437 1874 autem
1468 1827 1680 1876 natum
1699 1831 1921 1891 nostrae,
1945 1827 2092 1896 quod

505 1903 583 1968 ﬁt,
627 1907 890 1976 perspicit
931 1906 1022 1960 illa
1076 1909 1336 1980 quidem;
1377 1928 1485 1982 qua
1533 1915 1746 1970 ratione
1775 1927 1951 1972 autem
1979 1920 2090 1982 ﬁat,

505 2011 608 2051 nec
634 2001 943 2067 perspicere
970 2008 1168 2069 potest,
1199 2018 1300 2058 nec
1320 2005 1546 2061 laudare
1585 2026 1598 2062 :
1630 2007 1925 2064 laudantur
1947 2013 2088 2065 enim

506 2101 628 2157 qua:
683 2097 1112 2158 cognoscuntur,
1182 2109 1291 2148 non
1348 2106 1528 2150 autem
1577 2112 1698 2167 qua:
1749 2101 2088 2170 ignomntur.

511 2195 533 2231 σ
580 2179 731 2234 Vidit
769 2199 788 2233 ι
823 2181 1009 2252 igitur,
1043 2183 1240 2254 inquit,
1277 2204 1297 2238 ι
1328 2188 1470 2243 Deus
1503 2189 1680 2245 lucem
1715 2206 1837 2247 esse
1869 2193 2097 2252 bonam.

500 2277 554 2325 et
581 2270 770 2328 divisit
793 2272 938 2330 Deus
964 2274 1107 2329 inter
1136 2276 1312 2331 lucem
1345 2288 1398 2334 et
1426 2281 1677 2337 tenebras
1703 2284 1766 2336 ιδ.
1793 2303 1810 2334 ι
1849 2283 2087 2341 Rursum

502 2361 704 2428 Moses,
735 2366 879 2435 quod
919 2367 1154 2421 naturali
1188 2367 1426 2439 quodam
1487 2371 1679 2430 ordine
1737 2383 1901 2445 atque
1951 2391 2087 2430 con-

497 2464 661 2510 centu
704 2456 782 2523 Iit,
839 2459 1151 2514 necessario
1182 2460 1248 2515 ad
1280 2461 1450 2517 Deum
1496 2473 1771 2520 auctorem
1803 2466 1991 2533 rel'ert,
2019 2483 2082 2522 ex

499 2547 569 2603 iis
601 2564 722 2618 qua:
751 2550 896 2606 dicta
954 2561 1104 2620 sunt,
1156 2563 1216 2609 ut
1260 2571 1362 2625 ego
1416 2559 1611 2622 sentin,
1645 2558 1870 2624 docens,
1901 2561 2086 2615 omnia

499 2655 623 2709 quae
675 2644 990 2699 necessario
1024 2646 1217 2701 ordine
1265 2662 1326 2701 se
1364 2651 1757 2718 consequentia
1804 2651 2086 2722 proditura

496 2741 673 2798 erant,
709 2733 820 2791 Deo
843 2736 1081 2806 primum
1131 2737 1302 2794 fuisse
1323 2744 1560 2812 cognita.
1595 2741 1806 2798 Etenim
1836 2759 1959 2798 cum
1990 2760 2089 2799 na-

495 2831 620 2878 tura
655 2824 746 2878 illa
795 2825 975 2881 lucida
1005 2835 1169 2898 atque
1212 2830 1525 2885 illnstrandi
1564 2833 1673 2887 vim
1705 2835 1934 2901 habens,
1965 2851 2086 2905 quae

497 2909 554 2965 in
619 2927 801 2968 rerum
863 2916 1221 2974 universitate
1300 2917 1660 2976 disseminata
1728 2923 2087 2997 dispersaque

496 3010 637 3066 erat,
665 3005 730 3059 ad
777 3004 829 3059 id
859 3007 1006 3076 quod
1036 3009 1140 3063 sibi
1171 3017 1462 3082 cognatum
1497 3027 1562 3067 ac
1615 3014 1792 3070 simile
1821 3025 1960 3084 erat,
1994 3033 2088 3073 ac-

495 3104 765 3158 curreret,
805 3112 972 3168 seque
1005 3108 1116 3154 tota
1143 3101 1442 3172 colligeret,
1470 3107 1785 3161 necessario
1814 3123 1878 3162 ea
1915 3125 2036 3178 quae
2057 3125 2086 3164 a
2114 3087 2157 3145 θ

496 3187 708 3257 reliqua
738 3190 1133 3247 elementorum
1155 3197 1384 3251 materia
1416 3206 1671 3254 contecta
1703 3203 2084 3267 remanebant,

495 3278 934 3336 obscurabantur
963 3304 976 3337 :
1009 3293 1062 3338 et
1097 3286 1211 3341 haec
1269 3288 1587 3345 obscuratio
1638 3294 1875 3349 tenebrae
1908 3305 2084 3350 erant.

496 3373 653 3438 Quod
687 3373 851 3444 igitur
910 3390 1268 3435 consecutum
1307 3389 1412 3449 est,
1469 3399 1537 3439 ne
1569 3386 1694 3456 quis
1718 3386 1771 3440 in
1800 3387 2085 3443 fortuitum

499 3464 732 3535 aliquem
771 3481 958 3522 casum
1032 3469 1306 3540 rejieeret,
1371 3473 1551 3530 Moses
1599 3489 1721 3531 esse
1782 3476 1876 3532 Dei
1949 3495 2087 3548 opus

499 3555 755 3618 asseruit,
784 3567 876 3624 qut
913 3558 1074 3614 rebus
1105 3562 1340 3618 conditis
1393 3578 1512 3618 eam
1542 3566 1825 3623 tribuisset
1855 3568 2087 3623 faculta-

499 3653 629 3700 tem.
697 3646 840 3717 Ignis
869 3657 1049 3703 autem
1081 3660 1334 3708 naturam
1387 3661 1441 3708 et
1475 3656 1706 3711 celerem
1734 3673 1879 3724 esse,
1933 3667 1987 3714 et
2018 3661 2086 3714 ad

497 3739 778 3807 superiora
831 3740 1163 3807 tendentem,
1219 3759 1544 3815 semperque
1590 3749 1865 3813 mobilem,
1901 3766 1966 3805 ex
2018 3753 2086 3807 iis

495 3845 618 3900 quae
667 3830 939 3894 videntur,
979 3835 1204 3889 cuilibet
1258 3845 1424 3905 patet.
1464 3836 1528 3893 Et
1559 3841 1672 3894 hinc
1705 3842 1926 3910 quidem
1987 3860 2087 3914 per

495 3923 601 3976 hoc
623 3921 950 3993 principium
980 3925 1329 3997 intelligenda
1383 3940 1782 3999 proponuntur.
1825 3933 1957 3989 Illud
1987 3952 2088 3991 au-

496 4020 604 4067 tem
639 4015 693 4068 in
742 4031 940 4084 genere
983 4019 1318 4075 narrationis
1368 4014 1629 4079 historice
1690 4041 1717 4077 τι
1754 4025 1903 4082 Mose
1956 4043 2087 4083 con-

496 4105 758 4174 scriptum
783 4115 899 4162 est:
927 4126 946 4159 ι
974 4107 1041 4162 Et
1062 4108 1267 4165 factum
1295 4122 1378 4168 est
1401 4129 1625 4185 vespere
1644 4159 1658 4181 ,
1692 4128 1744 4171 et
1774 4118 1974 4174 factum
2001 4129 2087 4176 est

497 4211 657 4251 mane
686 4199 750 4252 ⁸⁸.
777 4219 796 4250 ι
835 4199 970 4265 Quis
990 4202 1133 4255 enim
1160 4203 1393 4272 ignorat,
1424 4219 1547 4260 cum
1573 4222 1661 4262 res
1695 4220 1991 4276 procreatae
2011 4213 2085 4267 ita

496 4287 824 4354 divismsint,
858 4300 919 4344 ut
940 4292 1060 4346 aliae
1082 4302 1281 4362 mente,
1305 4297 1424 4351 alia:
1451 4300 1704 4355 sensibus
1726 4303 2085 4372 comprehen-

496 4377 716 4442 dantur,
746 4394 909 4436 omne
949 4382 1278 4453 legislatoris
1322 4389 1564 4445 studium
1612 4408 1756 4448 nunc
1789 4409 1854 4449 eo
1887 4396 2069 4466 dirigi,

492 4483 606 4524 non
633 4481 691 4524 ut
719 4485 815 4527 eas
858 4486 978 4541 quae
1032 4484 1212 4532 mente
1247 4485 1410 4548 atque
1459 4481 1644 4536 animo
1677 4485 2072 4555 percipiuntur.

492 4573 747 4631 exponat,
788 4563 884 4619 sed
922 4576 979 4619 ut
1009 4565 1074 4621 iis
1103 4582 1224 4637 quae
1257 4581 1559 4627 cernuntur
1591 4589 1772 4630 rerum
1815 4580 2072 4637 sensibus

493 4652 853 4709 obnoxiarum
881 4664 1132 4712 ornatum
1150 4665 1204 4714 et
1228 4660 1643 4732 dispositionem
1677 4669 1968 4724 ostendat?

562 4863 698 4920 Cum
730 4867 895 4936 igitur
935 4869 1095 4938 ignis,
1145 4872 1234 4940 qui
1267 4884 1461 4930 natura
1506 4895 1604 4933 sua
1637 4882 1918 4940 celerrime
1951 4902 2073 4942 sur—

489 4970 612 5010 sum
663 4957 853 5024 tendit,
911 4966 1168 5029 tanquam
1224 4967 1420 5037 sagitta
1477 4971 1546 5024 ab
1608 4987 1736 5028 arcu
1769 4979 1968 5034 emissa
2008 4984 2076 5038 ab

491 5047 615 5102 aliis
661 5048 946 5106 elementis
990 5055 1351 5122 progrediens
1399 5074 1464 5114 ex
1500 5062 1858 5123 universitate
1891 5087 2072 5128 rerum

487 5145 617 5192 ante
641 5138 990 5204 exsilivisset,
1013 5150 1066 5198 et
1085 5160 1247 5212 quam
1281 5148 1510 5216 cogitari
1536 5156 1709 5222 possit
1765 5160 2074 5225 celerrime,

489 5235 714 5283 caeteras
749 5233 934 5287 sensui
968 5233 1152 5289 aﬂines
1179 5251 1266 5290 res
1291 5243 1702 5312 pertransisset,
1730 5265 1828 5304 nec
1867 5262 2086 5311 motum-

491 5325 698 5374 rectum
755 5321 969 5394 longius
1013 5329 1217 5383 valeret
1265 5330 1586 5401 producere,
1623 5340 1769 5407 quod
1837 5359 1925 5399 res
1966 5347 2072 5403 illae

489 5423 609 5478 quae
639 5421 819 5468 mente
880 5416 1055 5470 solum
1104 5420 1497 5491 percipiuntur,
1554 5428 1707 5484 nullo
1757 5442 1916 5502 pacto
1944 5453 2068 5493 cum

489 5499 632 5564 istis,
660 5517 780 5571 quae
815 5507 1069 5565 sensibus
1119 5518 1247 5567 sunt
1279 5517 1555 5583 expositae,
1584 5499 1872 5590 qualis’est
1903 5528 2068 5588 etiam

562 5701 607 5734 ⁸³
645 5702 784 5760 Gen.
847 5723 885 5774 ι,
939 5711 993 5780 3,
1031 5712 1084 5766 4.
1173 5718 1218 5750 ιλ
1258 5715 1391 5772 Ibid.
1435 5723 1487 5775 4.
1571 5725 1614 5757 ¹⁸
1656 5727 1792 5785 Ibid.
1835 5730 1885 5786 8.

2205 459 2359 517 εἶπεν
2381 467 2408 518 ό
2436 465 2588 528 Θεός·
2612 467 2903 539 Γενηθήτω
2930 471 3067 539 φῶς·
3098 493 3116 523 ›
3141 471 3300 526 τοῦτο
3320 474 3407 529 διὰ
3429 475 3537 530 τῶν
3561 480 3806 550 είρημέ-

2205 575 2310 610 νων
2330 598 2346 623 ,
2487 555 2663 630 οἶμαι,
2704 560 2877 625 διδοὺς
2897 602 2912 625 ,
2951 563 3032 615 ὅτι
3067 563 3210 627 θεῖος
3247 565 3404 634 λόγος
3445 569 3560 620 έστί
3589 548 3654 622 τὸ
3679 548 3802 622 -τοῦ

2205 649 2382 718 φωτὸς
2435 651 2596 722 ἔργον
2648 654 2830 706 πᾶσαν
2889 654 3098 706 ἔννοιαν
3155 656 3367 727 παριὼν
3413 657 3800 730 ἀνθρωπίνην.

2215 740 2408 809 Ἡμεῖς
2447 741 2545 810 μὲν
2585 743 2695 813 γὰρ
2729 743 2864 812 πρὸς
2897 743 3058 812 μόνον
3083 744 3144 796 τὸ
3175 747 3459 816 γινόμενον
3490 745 3799 819 βλέπομεν,

2203 834 2296 886 καὶ
2324 836 2389 905 τῇ
2432 834 2681 904 αἰσθήσει
2721 836 2781 888 τὸ
2811 835 2997 906 θαῦμα
3028 837 3317 908 δεχόμεθα.
3351 839 3463 892 Ποῦ
3495 840 3552 894 δὲ
3583 841 3646 894 τὸ
3675 840 3800 912 πῦρ

2202 923 2553 995 διαιτώμενον
2575 925 2640 979 ἀθ
2651 927 2786 996 ρόως
2808 929 3172 996 ἀπογεννᾶται
3196 945 3211 958 ·
3245 931 3295 983 εί
3316 931 3382 983 ἐκ
3406 933 3507 1002 τῆς
3529 931 3801 1001 συμπτώ-

2205 1034 2343 1080 σεως
2370 1017 2476 1070 τῶν
2502 1018 2750 1090 ψηφίδων
2789 1019 3232 1091 ἀναπαλλόμενον
3275 1060 3293 1089 ,
3323 1023 3389 1076 ἐκ
3427 1021 3620 1076 τίνων·
3651 1022 3690 1093 ἢ
3735 1025 3799 1075 ἐκ

2200 1109 2344 1173 τίνος
2374 1109 2539 1181 ἄλλης
2569 1111 2706 1183 πρὸς
2735 1111 2936 1181 ἑαυτὴν
2971 1111 3284 1182 τριϐείσης“
3321 1112 3416 1164 καὶ
3439 1111 3524 1174 τίς
3555 1113 3592 1182 ἡ
3623 1112 3798 1165 δύνα-

2205 1216 2315 1269 μις,
2352 1201 2384 1268 ἡ
2417 1200 2475 1252 τὸ
2503 1199 2602 1270 μὲν
2635 1202 2995 1272 περιδραχθὲν
3020 1203 3110 1254 ὑπ’
3142 1201 3308 1254 αὑτοῦ
3337 1200 3663 1266 διεσθίουσα,
3699 1203 3797 1254 τὸν

2199 1292 2257 1344 δὲ
2285 1292 2422 1364 ἀέρα
2444 1296 2509 1365 τῇ
2535 1293 2693 1362 φλογὶ
2718 1293 3162 1362 καταυγάζουσα,
3186 1293 3309 1347 οὕτε
3333 1294 3458 1347 ίδεῖν
3476 1294 3794 1364 δυνάμεθα,

2198 1382 2322 1436 οὔτε
2356 1384 2565 1438 ἔννοιάν
2601 1403 2725 1439 τινα
2765 1386 2893 1456 περὶ
2918 1385 3108 1438 τούτου
3149 1385 3333 1438 λαϐεῖν
3353 1403 3365 1416 ·
3396 1386 3510 1439 ἀλλ’
3537 1389 3597 1439 ἐν
3635 1386 3795 1456 μόνῳ

2197 1476 2275 1546 τῷ
2314 1476 2431 1547 Θεῷ
2463 1477 2555 1531 τὸν
2591 1477 2748 1545 λόγον
2789 1477 2890 1547 τῆς
2926 1477 3230 1547 παραδόξου
3257 1476 3463 1548 ταύτης
3505 1476 3795 1547 θαυματο·

2198 1571 2380 1632 ποιίας
2422 1571 2745 1624 ἀποκεῖσθαί
2790 1588 3000 1640 φαμεν,
3047 1570 3124 1640 τῷ
3167 1573 3455 1641 ποιήσαντι
3501 1569 3645 1622 κατά
3694 1571 3795 1620 τὸν

2198 1663 2435 1734 ἄρρητον
2471 1663 2572 1733 τῆς
2611 1663 2896 1733 δυνάμεως
2935 1663 3127 1730 λόγον,
3164 1662 3489 1733 γεννηθῆναι
3522 1660 3600 1730 τῷ
3648 1661 3795 1728 πυρὶ

2197 1757 2258 1809 τὸ
2284 1757 2418 1826 φῶς.
2457 1756 2655 1819 Καθὼς
2679 1758 2706 1808 ὁ
2743 1757 2979 1827 Μωῦσῆς
3002 1758 3059 1809 ἐν
3079 1755 3158 1826 τῷ
3189 1756 3302 1826 ἰδίῳ
3331 1756 3473 1826 λόγῳ
3507 1754 3795 1827 μαρτύρε-

2196 1868 2317 1912 ται,
2347 1851 2429 1913 ὃτι
2474 1871 2491 1901 ‹
2534 1851 2646 1904 Καὶ
2687 1847 2838 1903 εἶπεν
2882 1851 2911 1902 ό
2956 1850 3118 1914 Θεὸς,
3165 1849 3455 1919 Γενηθήτω
3490 1847 3643 1918 φῶς,
3687 1849 3795 1902 καὶ

2196 1943 2413 2010 ἐγένετο
2456 1941 2586 2011 φῶς·
2640 1942 2732 1994 καὶ
2776 1938 2913 1994 εἶδεν
2946 1945 2973 1995 ὁ
3000 1943 3133 2005 Θεὸς
3165 1943 3224 1993 τὸ
3260 1941 3375 2011 φῶς
3407 1942 3489 1993 ὅτι
3520 1941 3718 1994 καλόν.
3767 1960 3786 1991 ι

2195 2036 2374 2091 Μόνου
2414 2035 2522 2107 γάρ
2548 2035 2622 2099 ὡς
2662 2035 2878 2105 ἀληθῶς
2921 2033 3058 2087 Θεοῦ
3104 2035 3164 2086 τὸ
3208 2035 3366 2098 ίδείν,
3404 2035 3551 2095 ὅπως
3581 2032 3651 2087 ἂν
3691 2032 3796 2100 γέ-

2195 2146 2339 2182 νοιτο
2366 2129 2424 2182 τὸ
2455 2128 2600 2182 οὓτω
2629 2128 2794 2182 καλόν
2815 2146 2828 2159 ο
2852 2130 2885 2198 ἡ
2909 2127 2965 2180 δὲ
2985 2127 3084 2197 τῆς
3109 2126 3384 2198 ἡμετέρας
3405 2125 3621 2195 φύσεως
3643 2141 3796 2177 πτω-

2190 2221 2337 2291 χεία,
2378 2219 2438 2272 τὸ
2471 2218 2571 2288 μὲν
2595 2219 2877 2288 γινόμενον
2919 2217 3137 2288 βλέπει,
3172 2216 3262 2269 τὸν
3303 2217 3361 2269 δὲ
3397 2215 3518 2268 καθ’
3545 2214 3608 2266 ὃν
3637 2214 3792 2282 γίνε-

2193 2330 2283 2366 ται
2321 2312 2500 2381 λόγον,
2540 2311 2663 2364 οὒτε
2701 2310 2847 2376 ἰδεῖν,
2887 2309 3011 2363 οὔτε
3045 2309 3327 2362 ἐπαινέσαι
3365 2307 3605 2369 δυνατῶς
3644 2305 3787 2374 ἔχει.

2195 2403 2316 2455 Τῶν
2341 2403 2449 2471 γάρ
2475 2399 2914 2472 γνωριζομένων,
2945 2400 3065 2470 οὐχὶ
3090 2399 3201 2452 τῶν
3227 2397 3608 2468 ἀγνοουμένων
3633 2397 3790 2449 ἐστὶν

2193 2498 2222 2549 ὁ
2252 2496 2490 2560 ἔπαινος.
2529 2513 2547 2547 ‹
2582 2490 2737 2548 Εἷδεν
2774 2513 2792 2544 ι
2825 2489 2939 2557 οὖν,
2976 2494 3161 2564 φησὶν,
3201 2511 3218 2542 ε
3255 2494 3283 2544 ό
3313 2491 3444 2553 Θεὸς
3474 2491 3534 2543 τὸ
3559 2489 3683 2558 φῶς
3707 2490 3788 2542 ὅτι

2194 2586 2382 2653 καλὸν,
2414 2587 2510 2640 καὶ
2550 2585 2865 2657 διεχώρισεν
2890 2585 2919 2636 ὁ
2950 2585 3080 2646 Θεὸς
3129 2585 3233 2637 ἀνά
3267 2583 3430 2653 μέσον
3472 2581 3563 2634 τοῦ
3599 2581 3789 2650 φωτὸς

2195 2679 2289 2731 καὶ
2315 2677 2418 2732 ἀνά
2456 2679 2619 2747 μέσον
2651 2676 2745 2729 τοῦ
2784 2676 3030 2738 σκότους.
3073 2695 3091 2728 ι
3139 2675 3312 2728 Πάλιν
3363 2672 3423 2725 τὸ
3462 2672 3786 2738 ἀναγκαίως

2191 2771 2335 2824 κατά
2373 2770 2472 2842 τὴν
2509 2769 2831 2822 ἀκολουθίαν
2869 2769 2969 2838 τῆς
3005 2766 3222 2835 φύσεως
3250 2766 3308 2820 ὲν
3338 2764 3489 2828 τάξει
3529 2765 3642 2816 τινὶ
3690 2765 3788 2816 καὶ

2193 2865 2428 2935 ἁρμονίᾳ
2478 2862 2786 2932 γινόμενον,
2835 2863 2913 2924 εἰς
2959 2859 3112 2911 θείαν
3159 2858 3436 2929 ἐνέργειαν
3473 2859 3502 2910 ό
3536 2858 3788 2924 Μωῦσῆς

2191 2957 2417 3025 ἀνάγειο
2465 2955 2765 3018 διδάσκων,
2821 2948 3009 3022 οἶμαι,
3052 2950 3140 3003 διὰ
3183 2950 3292 3002 τῶν
3328 2948 3676 3019 εἰρημένων,
3724 2949 3786 2999 τὸ

2194 3047 2371 3101 πάντα
2401 3045 2936 3117 προκατανενοῆσθαι
2959 3048 3026 3115 τῇ
3060 3043 3154 3097 τοῦ
3194 3042 3330 3096 Θεοῦ
3367 3041 3526 3111 σοφίᾳ
3548 3081 3564 3107 ,
3594 3041 3672 3094 τὰ
3697 3042 3788 3095 διά

2189 3155 2333 3201 τινος
2364 3138 2665 3206 ἀναγκαίας
2699 3137 2905 3201 τάξεως
2939 3135 3083 3189 κατά
3116 3135 3178 3187 τὸ
3205 3133 3497 3188 ἀκόλουθον
3541 3132 3787 3203 ἐκϐησό-

2191 3245 2348 3298 μενα.
2392 3228 2503 3298 Τῆς
2559 3227 2667 3297 γὰρ
2715 3227 3048 3295 φωτιστικῆς
3097 3226 3288 3288 οὐσίας
3337 3225 3437 3296 τῆς
3487 3225 3563 3296 τῷ
3615 3226 3786 3278 παντὶ

2189 3318 2678 3388 κατεσπαρμένης,
2738 3317 2874 3385 πρὸς
2924 3317 2985 3369 τὸ
3030 3316 3289 3385 συγγενὲς
3337 3315 3781 3388 συνδραμούσης,

2188 3413 2280 3465 καὶ
2310 3412 2490 3480 πάσης
2523 3411 2652 3482 περὶ
2687 3410 2882 3477 ἑαυτὴν
2915 3409 3325 3480 ἀθροισθείσης,
3353 3408 3673 3478 ἀναγκαίως
3713 3411 3785 3462 τὰ

2187 3499 2662 3573 ἐπιπροσθούμένα
2695 3505 2762 3573 τῇ
2813 3502 2972 3572 λοιπῇ
3026 3501 3135 3555 τῶν
3175 3501 3454 3570 στοιχείων
3499 3501 3602 3572 ὕλῃ
3652 3519 3787 3555 κατ-

2187 3597 2490 3661 εσκιάζετο,
2515 3598 2611 3650 καὶ
2638 3596 2698 3649 τὸ
2713 3594 3092 3665 ἀποσκίασμα,
3119 3595 3308 3659 σκότος
3334 3590 3419 3664 ἦν.
3454 3593 3630 3646 Τοῦτο
3664 3595 3783 3647 toi-

2187 3706 2281 3743 νυν
2315 3689 2375 3743 τὸ
2403 3686 2712 3751 ἀκολούθως
2750 3687 3062 3757 γενόμενον,
3096 3686 3172 3750 ὼς
3223 3684 3290 3738 ἂν
3329 3686 3400 3755 μή
3450 3702 3535 3747 τις
3577 3685 3785 3753 ἀνάγοι

2187 3780 2322 3851 πρὸς
2352 3779 2656 3849 αὐτόματόν
2688 3796 2808 3833 τινα
2847 3777 3163 3847 συντυχίαν,
3191 3776 3326 3830 Θεοῦ
3357 3794 3520 3847 φησιν
3554 3775 3727 3847 ἔργον
3754 3778 3786 3828 ό

2185 3874 2448 3944 Μωῦσῆς,
2477 3873 2570 3927 τοῦ
2610 3873 2706 3944 τὴν
2739 3873 2964 3942 δύναμιν
2993 3872 3199 3942 ταύτην
3233 3870 3632 3940 ὲναποθεμένου
3661 3874 3786 3934 τοῖς

2185 3966 2498 4036 γενομένοις
2520 3983 2533 3996 ·
2565 3966 2698 4020 ἀλλά
2730 3965 2836 4036 μὴν
2865 3965 2924 4017 τὸ
2952 3963 3132 4028 ὀξεῖάν
3160 3981 3219 4016 τε
3253 3964 3348 4016 καὶ⁸
3377 3963 3641 4036 ἀνωφερῆ
3680 3965 3785 4018 καὶ

2186 4058 2497 4128 ἀεικίνητον
2534 4057 2625 4109 τοῦ
2662 4056 2832 4126 πυρὸς
2869 4051 3006 4108 εἶναι
3039 4055 3139 4126 τὴν
3181 4053 3363 4125 φύσιν,
3407 4055 3570 4108 παντὶ
3611 4054 3785 4125 δῆλον

2184 4152 2249 4204 ὲκ
2269 4150 2377 4204 τῶν
2401 4151 2739 4220 φαινομένων
2769 4150 2914 4202 ἐστίν
2932 4167 2946 4181 υ
2977 4149 3012 4202 ἀ
3041 4149 3096 4201 δὲ
3119 4141 3211 4202 διὰ
3233 4148 3333 4217 τῆς
3362 4147 3538 4218 ἀρχῆς
3563 4147 3785 4219 ταύτης

2185 4246 2250 4297 ἐκ
2277 4242 2369 4296 τοῦ
2397 4241 2693 4296 ἀκολούθου
2719 4245 2858 4294 νοεῖν
2886 4240 3202 4294 ὑποτίθεται
3223 4244 3251 4293 ὁ
3271 4240 3447 4309 λόγος,
3479 4241 3785 4312 ίστορικῶς

2184 4335 2337 4407 παρά
2365 4335 2458 4388 τοῦ
2495 4333 2770 4396 Μωῦσέως
2809 4335 2866 4386 ὲν
2902 4334 3238 4405 διηγήματος
3267 4333 3398 4387 είδει
3432 4335 3784 4403 συγκατατέ-

2105 4429 2150 4485 D
2179 4443 2443 4498 γραπται,
2459 4424 2693 4491 τό,‹Καὶ
2721 4424 2935 4492 ἐγένετο
2954 4425 3182 4494 ἑσπέρα,
3203 4426 3296 4478 καὶ
3319 4425 3538 4493 ἐγένετο
3560 4427 3738 4496 πρωῒ.
3755 4445 3777 4478 ι

2186 4517 2280 4580 Τίς
2297 4516 2406 4586 γὰρ
2420 4517 2519 4568 οὐκ
2537 4511 2678 4567 οἶδεν
2697 4515 2779 4566 ὅτι
2793 4513 2916 4582 διχῆ
2929 4515 3024 4584 τῆς
3039 4514 3269 4574 κτίσεως
3283 4514 3600 4584 νοουμένης,
3617 4516 3699 4579 είς
3715 4532 3782 4568 τε

2179 4609 2240 4662 τὸ
2255 4609 2444 4680 νοητὸν
2465 4608 2557 4660 καὶ
2573 4605 2885 4676 αίσθητὸν,ή
2906 4608 3056 4659 πᾶσα
3078 4606 3282 4678 σπουδὴ
3298 4607 3375 4677 τῷ
3392 4609 3667 4680 νομοθέτῃ
3677 4610 3782 4662 νῦν

2180 4701 2348 4763 ἐστιν,
2365 4699 2424 4752 οὐ
2442 4697 2512 4752 τά
2525 4697 2693 4768 νοητά
2708 4697 3098 4768 ἐξηγήσασθαι,
3113 4698 3249 4752 ἀλλά
3267 4700 3544 4765 ὑποδεῖξαι
3557 4701 3650 4755 διὰ
3663 4703 3781 4756 τῶν

2181 4790 2520 4860 φαινομένων
2545 4791 2674 4860 ἡμῖν
2694 4790 2792 4860 τὴν
2818 4789 2874 4842 ἐν
2899 4791 3012 4853 τοῖς
3047 4789 3325 4861 αἰσθητοῖς
3363 4791 3774 4863 διακόσμησιν;

2266 4897 2419 4951 Ἐπεὶ
2457 4893 2550 4951 οὗν
2601 4897 2661 4950 τὸ
2721 4898 2831 4970 πῦρ
2878 4899 3014 4970 ὁμοῦ
3073 4899 3134 4952 τὸ
3194 4901 3457 4972 συστῆναι
3516 4902 3577 4956 τὸ
3634 4905 3775 4966 πᾶν,

2179 4990 2290 5044 τῶν
2321 4990 2630 5062 ὲτεροφυῶν
2661 4992 2941 5062 στοιχείων
2997 4993 3341 5059 ὲκτοξευθὲν,
3394 4994 3652 5067 καθάπερ
3717 5016 3776 5050 τι

2181 5082 2358 5153 βέλος,
2420 5086 2478 5137 ἐν
2549 5085 2627 5154 τῷ
2705 5086 2979 5157 ἀνωφερεῖ
3039 5087 3135 5140 καὶ
3213 5087 3401 5159 κούφῳ
3457 5089 3559 5158 τῆς
3624 5093 3775 5145 κατά

2181 5173 2341 5243 φύσιν
2395 5175 2661 5244 κινήσεως
2705 5175 2799 5228 τοῦ
2852 5175 3052 5240 παντὸς
3099 5176 3465 5247 προεξήλατω
3517 5178 3615 5232 καὶ
3665 5182 3778 5252 ἴσῳ

2179 5263 2410 5331 νοήματι
2437 5261 2534 5331 τὴν
2573 5261 2840 5333 αἰσθητὴν
2865 5263 3054 5317 οὐσίαν
3079 5265 3419 5336 διαπερᾶσαν
3441 5309 3458 5332 ,
3488 5268 3591 5321 οὐκ
3639 5269 3775 5339 ἔσχε

2179 5357 2551 5424 προσαγαγεῖν
2595 5355 2682 5406 ἐπ’
2731 5353 2943 5418 εὐθείας
2995 5357 3093 5428 τὴν
3139 5358 3374 5429 κίνησιν,
3413 5359 3514 5430 τῆς
3564 5366 3776 5432 νοητῆς

2179 5443 2408 5507 κτίσεως
2440 5445 2819 5518 ἀκοινωνήτως
2864 5448 3000 5516 πρὸς
3042 5449 3140 5520 τὴν
3175 5449 3284 5504 τῶν
3329 5452 3606 5522 αἰσθητῶν
3639 5455 3772 5508 ἐπι·-

2180 5534 2363 5606 μιξίαν
2408 5537 2671 5612 ἐχούσης,
2705 5541 2964 5614 αἰσθητὸν
3005 5543 3060 5596 δὲ
3097 5544 3158 5598 τὸ
3190 5544 3331 5616 πῦρ·
3373 5545 3567 5599 τούτου
3603 5549 3776 5617 χάριν

2166 5747 2268 5791 ..ξς
