3880 6218
148 238 225 295 π
1360 235 1426 291 IN
1458 231 1939 294 HEXAEMERON
1999 228 2224 284 LIBER.
3357 226 3425 280 73

151 365 216 414 ἐν
244 361 363 423 τοῖς
388 359 584 431 ἄκροις
615 360 720 430 τῆς
759 360 990 422 κτίσεως
1028 360 1174 430 ὅροις
1203 360 1261 410 τὸ
1290 356 1401 428 πῦρ
1431 358 1742 427 γενόμενον,
1777 405 1779 415 ,

1883 355 2008 427 guis,
2034 351 2379 409 commisceri
2423 361 2627 422 queant
2666 369 2682 406 :
2733 365 3005 408 summam
3040 349 3225 405 mundi
3253 350 3430 421 regio.-

151 452 479 521 ἀναγκαίως
501 452 784 524 κυκλοειδῆ
821 453 1056 506 ποιεῖται
1084 451 1183 519 τὴν
1212 449 1453 519 κίνησιν,
1480 450 1616 519 πρὸς
1649 449 1747 518 μὲν

151 545 352 600 τὸπᾶν
382 542 648 615 φέρεσθαι
684 542 790 595 ὑπὸ
821 543 921 612 τῆς
949 541 1279 611 ἐγκειμένης·
1295 543 1363 610 τῇ
1393 541 1552 608 φύσει
1592 539 1746 594 δυνάο

157 652 315 705 μεως
361 633 853 697 συνελαυνόμενον,
895 633 996 703 τῆς
1041 632 1098 686 δὲ
1151 634 1269 684 κατ’
1324 631 1541 694 εὐθείας
1580 632 1750 701 φορᾶς

155 725 351 797 χώραν
380 725 482 778 οὐκ
523 725 794 795 ’ἐχούσηςο
842 725 993 777 πᾶσα
1030 723 1138 793 γὰρ
1187 725 1222 793 ἡ
1270 723 1500 793 αἰσθητὴ
1549 723 1749 786 κτίσις,

161 818 318 880 ἰδίοις
353 818 501 888 ὅροις
527 816 848 887 περιέχεται
869 831 880 844 ·
913 814 992 885 τῷ
1021 815 1176 884 ἄκρῳ
1204 813 1401 884 πέρατι
1435 813 1536 881 τῆς
1560 812 1754 880 αἰσθη-

157 912 264 980 τῆς
304 911 525 978 φύσεως
561 908 882 968 ἒνδιοδεύει,
912 908 971 958 ὲν
1009 902 1092 969 οἷς
1127 904 1758 976 εὑοδοῦταικινοὺμενον,

156 1004 266 1074 τῆς
298 1002 496 1072 νοητῆς
533 1001 774 1068 φύσεως,
826 998 1009 1062 καθὼς
1044 999 1348 1066 φθάσαντες
1385 998 1646 1067 εἴπομεν,
1691 997 1752 1049 οὑ

165 1091 622 1164 παραδεχομένης
674 1092 732 1143 ὲν
780 1093 946 1160 ἑαυτῇ
1000 1088 1094 1142 τοῦ
1156 1088 1324 1159 πυρὸς
1389 1088 1479 1140 τὸν
1533 1087 1752 1157 δρόμον.

160 1185 270 1237 Διά
347 1183 504 1237 τοῦτο
567 1184 597 1236 6
667 1180 909 1251 Μωῦσῆς
981 1177 1428 1248 ἐπακολουθήσας
1505 1178 1594 1231 διὰ
1659 1178 1757 1245 τῆς

160 1274 414 1338 διανοίας
462 1277 531 1344 τῇ
584 1273 681 1326 τοῦ
737 1272 906 1342 πυρὸς
963 1272 1210 1342 κινήσει,
1275 1269 1350 1341 μὴ
1416 1272 1528 1332 τοῖς
1576 1270 1759 1332 αὐτοῖς

171 1366 402 1437 μέρεσιν
445 1365 912 1436 ὲπιμεμενηκέναι
965 1365 1099 1434 φησὶ
1154 1363 1214 1416 τὸ
1276 1362 1568 1433 γενόμενον
1610 1361 1756 1428 φῶς,

167 1459 293 1511 ἀλλ’
327 1458 780 1528 ἐκπεριεχόμενον
807 1456 904 1523 τὴν
937 1455 1253 1525 παχυτέραν
1281 1455 1389 1508 τῶν
1419 1454 1590 1508 ὄντων
1632 1455 1761 1507 ὑπό-

172 1567 370 1604 στασιν
393 1591 408 1614 ,
449 1551 507 1601 ὲν
546 1548 626 1618 τῷ
677 1546 892 1618 σφοδρῷ
929 1549 1026 1618 τῆς
1073 1548 1338 1617 κινήσεως
1379 1545 1762 1616 ἀντιμετάγειν

170 1641 266 1695 διὰ
290 1642 393 1710 τῆς
424 1639 696 1711 περιόδου,
726 1641 839 1699 τοῖς
874 1654 932 1690 τε
967 1638 1296 1705 ἀφωτίστοις
1326 1637 1385 1690 τὸ
1416 1636 1640 1705 φέγγος,
1670 1635 1762 1689 καὶ

172 1737 292 1797 τοῖς
345 1700 780 1801 πεφωτισμένως
825 1730 914 1783 τὸν
962 1700 1145 1798 ζόφον.
1200 1730 1360 1792 Ἴσως
1408 1700 1466 1782 δὲ
1499 1700 1655 1783 ’κατὰ
1695 1729 1765 1782 τὰ
1794 1700 1838 1757 Β

175 1826 410 1897 χρονικὰ
439 1825 783 1895 διαστήματα
808 1823 912 1892 τῆς
937 1822 1192 1892 τοιαύτης
1224 1822 1476 1892 διαδοχῆς
1509 1823 1637 1890 περὶ
1669 1822 1768 1890 τὴν

176 1919 337 1973 κάτω
388 1915 574 1987 χώραν
620 1915 945 1986 γινομένης,
985 1913 1078 1966 τοῦ
1116 1914 1296 1983 φωτός
1347 1930 1488 1983 φημι
1532 1913 1627 1966 καὶ
1671 1912 1766 1966 τοῦ

183 2011 442 2073 σκότους’
489 2009 652 2063 πάλιν
689 2007 767 2079 τῷ
803 2006 924 2076 Θεῷ
963 2007 1062 2078 τὴν
1105 2005 1524 2076 ὀνοματοποιίαν
1556 2005 1769 2076 ἡμέρας

179 2119 246 2155 τε.
271 2107 365 2156 καὶ
391 2101 586 2164 νυκτὸς
607 2102 644 2154 6
671 2099 912 2168 Μωῦσῆς
944 2097 1280 2168 ἀνατίθησιν,
1311 2098 1461 2152 οὐδὲν
1493 2097 1599 2150 τῶν
1625 2096 1770 2150 κατά

185 2192 248 2246 τὸ
280 2192 575 2246 ἀκόλουθον
609 2189 993 2260 γεγενημένων
1018 2189 1358 2259 αὐτομάτως,
1388 2189 1421 2258 ἢ
1454 2188 1546 2258 ἀφ’
1583 2187 1768 2258 ἑτέρου

184 2284 333 2346 τινὸς
370 2282 666 2353 ἐσχηκέναι
706 2282 806 2353 τὴν
844 2281 1020 2352 ἀρχὴν
1053 2282 1253 2334 ἐννοεῖν
1298 2279 1630 2350 ἐπιτρέπων.
1673 2278 1772 2332 Διά

185 2374 349 2428 τοῦτο
386 2374 592 2445 φησίν·
644 2391 665 2425 ι
711 2374 772 2426 ’0
813 2372 944 2436 Θεὸς
988 2371 1216 2426 ἐκάλεσε
1259 2371 1321 2424 τὸ
1366 2369 1481 2440 φῶς
1523 2370 1771 2442 ἡμέραν,

187 2468 286 2521 καὶ
314 2467 375 2519 τὸ
409 2466 600 2528 σκότος
651 2469 880 2523 ἐκάλεσε
919 2463 1140 2517 νύκτα.)
1171 2462 1284 2533 Τῆς
1308 2463 1416 2532 γάρ
1442 2462 1776 2530 φωτιστικῆς

188 2556 475 2626 δυνάμεως
503 2557 765 2626 ἀτρεμεῖν
793 2555 858 2611 ἐκ
884 2553 1100 2622 φύσεως
1131 2551 1502 2622 ἀδυνατούσης
1523 2591 1538 2614 ,
1563 2553 1654 2605 ὅτε
1696 2550 1776 2621 τῷ

187 2647 305 2702 ἄνω
331 2647 487 2718 μέρει
513 2645 608 2699 τοῦ
645 2644 846 2698 κύκλου
872 2644 1116 2714 διεξῆλθε
1157 2644 1218 2696 τὸ
1254 2643 1457 2713 φέγγος
1475 2683 1491 2707 ,
1519 2644 1614 2696 καὶ
1641 2642 1779 2713 πρὸς

186 2737 254 2790 τὸ
286 2736 645 2806 ὑποκείμενον
674 2729 744 2805 ἦν
777 2736 810 2805 ἠ
841 2735 1002 2806 φορὰ,
1031 2735 1091 2801 ἐξ
1125 2735 1369 2804 ἀνάγκης
1393 2737 1458 2805 τῇ
1498 2735 1777 2805 ὑποδρομῇ

187 2830 287 2883 τοῦ
316 2830 487 2900 πυρὸς
519 2829 580 2881 τὸ
613 2827 1010 2900 ὑπερκείμενον
1048 2826 1392 2897 ἀπεσκςιάσθη
1417 2866 1432 2890 ,
1475 2825 1578 2896 τῆς
1603 2844 1780 2897 παχυ-

189 2919 386 2989 τέρας,
412 2918 495 2980 ,ὼς
531 2916 701 2982 εἰκὸς,
733 2915 950 2985 φύσεως
968 2916 1068 2986 τὴν
1105 2915 1279 2985 αὐγὴν
1321 2915 1779 2987 ἐπιπροσθούσης.

1851 462 1972 502 nem
2011 445 2262 500 obtinens
2295 445 2352 498 in
2401 444 2591 499 orbem
2615 444 2929 500 necessario
2957 451 3164 496 motum
3185 441 3315 512 egit.
3345 441 3430 496 Ab

1853 541 2016 595 insita
2055 539 2200 594 enim
2231 539 2281 592 vi
2314 538 2554 592 naturali
2590 552 2715 592 cum
2765 538 3025 592 universo
3059 537 3263 590 mundo
3301 534 3428 590 ferri

1853 631 2221 700 compellitur,
2255 630 2435 684 locum
2489 637 2671 684 autem
2693 644 2790 699 per
2816 644 2978 698 quem
3012 635 3161 681 recta
3185 625 3431 681 motione

1856 723 2080 787 feratur,
2107 737 2217 776 non
2245 721 2431 787 habet,
2463 721 2611 790 quod
2639 729 2693 776 et
2731 736 2821 777 res
2868 720 3123 775 sensibus
3172 720 3434 790 expositae

1855 815 1972 870 suis
1995 827 2223 882 quaque
2248 812 2448 866 ﬁnibus
2479 813 2845 875 continentur,
2879 822 2933 866 et
2958 826 3079 880 quae
3107 811 3290 865 aniino
3315 819 3436 866 tan.

1856 911 1972 958 tum
1999 902 2556 972 comprehenduntur,
2591 903 2730 971 ignis
2767 917 3012 963 cursum,
3041 910 3102 955 ut
3145 908 3271 956 an-te
3296 901 3437 956 dixi.

1859 1011 2004 1060 mus,
2044 1009 2150 1048 non
2182 994 2511 1063 suscipiunt,
2533 994 2740 1048 idcirco
2786 995 2840 1048 in
2872 1007 3132 1062 suprema
3160 993 3311 1046 orbis
3349 1007 3439 1047 re-

1858 1087 2020 1156 gione
2065 1100 2326 1154 prospere
2363 1085 2567 1155 degens
2605 1086 3067 1139 circumvertitur.
3109 1083 3296 1153 Itaque
3321 1084 3436 1138 Μοι-

1861 1194 1949 1234 ses
1978 1178 2118 1248 ignis
2147 1186 2354 1232 motum
2395 1179 2773 1241 considerans,
2815 1193 2922 1232 non
2987 1178 3066 1231 ait
3097 1179 3272 1232 lucem
3309 1192 3439 1248 pro-

1861 1277 2100 1327 creatam
2121 1270 2173 1324 in
2209 1271 2413 1327 eisdem
2444 1272 2686 1341 partibus
2716 1271 3103 1340 permansisse,
3135 1271 3236 1326 sed
3275 1269 3440 1326 velte-

1863 1367 2033 1419 menti
2069 1372 2219 1418 motu
2248 1364 2575 1419 crassiorem
2614 1379 2795 1419 rerum
2823 1364 3017 1418 molem
3048 1364 3364 1427 obeuntem,
3387 1369 3444 1418 et

1863 1457 2113 1512 obscuris
2134 1457 2382 1512 attulisse
2401 1458 2769 1528 splendorem.
2797 1467 2851 1511 et
2873 1455 3162 1512 illustratis
3183 1454 3444 1513 tenebras

1865 1547 2174 1616 reliquisse.
2241 1546 2352 1602 llac
2416 1557 2597 1602 autem
2659 1548 2796 1602 lucis
2833 1547 3289 1616 tenebrarumque
3327 1559 3448 1599 suc-

1867 1640 2117 1694 cessio-ne
2135 1640 2308 1708 aequis
2338 1642 2603 1708 temporis
2637 1639 2942 1694 intervallis
2972 1639 3027 1692 in
3055 1638 3280 1707 regione
3304 1634 3446 1690 infe-

1868 1730 2004 1784 riori
2055 1739 2296 1800 peracta,
2350 1729 2548 1796 Moses,
2579 1739 2636 1785 ut
2680 1730 2814 1784 nihil
2849 1745 3057 1791 eorum,
3084 1743 3206 1799 quae
3257 1728 3448 1783 ordine

1869 1831 2160 1876 consecuta
2183 1828 2334 1886 sunt,
2368 1831 2462 1876 aut
2492 1823 2715 1878 fortuito
2741 1829 2835 1877 aut
2863 1822 2930 1875 ab
2959 1821 3068 1876 alia
3099 1835 3269 1876 causa
3296 1819 3450 1891 prin-

1869 1916 2074 1985 cipium
2100 1915 2360 1969 habuisse
2384 1915 2710 1978 declararet,
2735 1913 2839 1969 diei
2885 1913 3176 1982 noctisque
3202 1911 3451 1968 denomi-

1871 2010 2146 2064 nationem
2181 2009 2291 2063 Deo
2315 2009 2583 2069 tribuens,
2621 2027 2641 2059 ι
2680 2008 3004 2079 Appellavit,
3045 2007 3238 2078 inquit,
3271 2006 3452 2061 lucem

1871 2102 2039 2165 diem,
2067 2108 2120 2155 et
2145 2102 2403 2156 tenebras
2434 2111 2644 2155 noctem
2666 2101 2730 2153 ¹⁶.
2773 2119 2792 2151 ι
2829 2097 2965 2153 Nam
2991 2113 3114 2153 cum
3144 2095 3451 2157 illustrandi

1871 2193 1956 2248 vis
1987 2193 2330 2246 naturaliter.
2363 2207 2469 2246 non
2526 2200 2712 2262 posset
2740 2191 3044 2262 quiescere,
3104 2189 3199 2243 ubi
3222 2189 3313 2242 lux
3357 2202 3453 2256 per

1875 2299 2144 2340 summam
2178 2285 2370 2339 circuli
2419 2296 2632 2356 partem
2688 2282 2961 2339 transiens
3046 2281 3117 2336 ad
3171 2279 3454 2350 superiora

1876 2376 2140 2446 pervenit,
2168 2391 2397 2431 necesse
2439 2375 2559 2440 fuit,
2604 2384 2664 2429 ut
2689 2373 2950 2430 inferiora
3001 2373 3451 2434 obscurarentur,

1877 2467 2152 2523 crassiore
2180 2474 2396 2529 natura,
2432 2475 2493 2521 ut
2550 2481 2648 2537 par
2673 2472 2777 2529 est,
2837 2465 3180 2536 splendorem
3216 2477 3328 2516 non
3361 2459 3458 2514 ad,

1878 2559 2148 2614 mittente.
2182 2557 2334 2628 Ignis
2386 2558 2552 2628 igitur
2597 2558 2913 2613 abscessum
2956 2571 3240 2626 vesperam
3274 2555 3456 2610 nemi-

1881 2650 2047 2703 navit.
2078 2650 2293 2704 Rursus
2315 2655 2495 2703 autem
2525 2663 2650 2702 cum
2673 2648 2815 2719 ignis
2849 2661 3163 2718 supremum
3184 2645 3458 2708 circulum

1880 2749 2242 2810 percurreret,
2278 2748 2332 2795 et
2397 2740 2773 2809 superioribus
2825 2741 3007 2794 lumen
3030 2737 3275 2801 aberret,
3329 2737 3459 2799 illud

1882 2833 2059 2902 ipsum
2078 2831 2286 2886 factum
2309 2832 2529 2886 vocavit
2551 2847 2731 2895 mane,
2766 2831 3152 2900 crepusculum
3183 2830 3264 2884 sic
3287 2829 3465 2899 appelr

1883 2922 2025 2976 lans.
2059 2920 2164 2974 Sed
2191 2920 2352 2989 paulo
2383 2919 2546 2974 altius
2597 2933 2903 2974 sermonem
2934 2928 3262 2986 repetamus,
3287 2927 3346 2972 ut
3365 2933 3463 2970 ex.

192 3009 310 3079 Τὴν
338 3005 434 3062 οὖν
459 3006 554 3061 τοῦ
589 3006 766 3076 φωτὸς
794 3006 1142 3078 ὑποχώρησιν
1161 3046 1176 3070 ,
1207 3007 1446 3078 ἑσπέραν
1471 3007 1776 3077 ὠνόμασεν.

1887 3013 2174 3082 positionis
2201 3012 2376 3066 allata:
2404 3026 2432 3065 a
2464 3011 2624 3065 nobis
2653 3011 2790 3065 ordo
2816 3025 2881 3064 ex
2905 3009 2972 3064 iis
2997 3024 3118 3079 quae
3131 3008 3375 3078 sparsim
3409 3009 3466 3065 iu

192 3099 310 3152 Καὶ
339 3098 502 3152 πάλιν
531 3098 1022 3169 ἐκπεριδραμὸντος
1045 3096 1139 3153 τοῦ
1168 3097 1337 3170 πυρὸς
1367 3098 1457 3151 τὸν
1490 3099 1783 3170 ὑποκείμεφ

196 3205 292 3242 νον
323 3189 548 3251 κύκλον,
575 3188 670 3241 καὶ
693 3190 807 3252 τοῖς
838 3188 950 3242 ἄνω
978 3188 1078 3259 τὴν
1106 3190 1281 3259 αὐγὴν
1314 3190 1782 3258 ὲπαναγαγόντος,

199 3283 419 3354 πρωῖαν
455 3282 518 3334 τὸ
553 3283 837 3352 γινόμενον
871 3283 1336 3354 προσηγόρευσεν,
1371 3281 1546 3346 οὕτως
1583 3283 1784 3355 όνομά-

201 3392 301 3440 σας
331 3376 422 3428 τὸν
455 3374 671 3446 ὄρθρον.
706 3374 911 3446 Μικρὸν
940 3374 998 3427 δὲ
1019 3375 1110 3428 τὸν
1141 3374 1296 3444 λόγον
1332 3376 1784 3447 ἐπαναλάὸωμεν,

199 3469 276 3530 ὡς
301 3468 369 3521 ἂν
409 3468 502 3521 καὶ
525 3467 594 3520 τὰ
622 3467 936 3538 παραθέντα
962 3469 1060 3539 τῆς
1089 3465 1236 3530 θείας
1262 3468 1509 3538 Γραφῆς,
1536 3467 1673 3538 πρὸς
1696 3467 1787 3520 τὸν

200 3558 396 3628 εἱρμὸν
427 3561 526 3629 τῆς
554 3556 912 3628 ἀποδοθείσης
944 3556 1179 3628 θεωρίας
1206 3560 1340 3628 ἡμῖν
1377 3558 1785 3627 συνεργήσειεν.

201 3646 342 3702 Εἷπε
383 3648 494 3720 γὰρ
523 3651 581 3702 ὲν
612 3649 849 3721 πρώτοις
878 3650 908 3702 6
945 3649 1042 3718 τῆς
1066 3649 1458 3718 κοσμογενείας
1499 3648 1675 3717 λόγος,
1706 3649 1788 3701 ὅτι

209 3759 227 3791 ι
281 3740 372 3792 Ἐν
414 3741 558 3811 ἀρχῇ
602 3740 857 3810 ἐποίησεν
902 3741 931 3791 6
973 3738 1105 3802 Θεὸς
1149 3739 1240 3793 τὸν
1278 3739 1506 3811 οὐρανὸν
1555 3741 1648 3792 καὶ
1691 3740 1790 3808 τὴν

203 3831 335 3901 γῆν.
351 3850 370 3884 ι
392 3831 564 3887 Τοῦτο
582 3831 638 3883 δὲ
659 3833 822 3900 ἡμεῖς
845 3829 1213 3901 ὑπελάϐομεν,
1235 3831 1316 3884 ὅτι
1344 3830 1539 3902 ἀθρόον
1560 3832 1656 3902 τῆς
1683 3831 1791 3884 τῶν

205 3922 379 3974 ὄντων
414 3921 726 3991 συστάσεως
751 3923 779 3974 ὁ
807 3921 966 3988 λόγος
996 3921 1323 3992 παρίστησιν
1342 3964 1356 3984 ,
1386 3923 1451 3974 ἐκ
1505 3921 1599 3974 τοῦ
1637 3938 1789 3992 περι-

209 4015 427 4083 έχοντος
451 4013 546 4066 καὶ
579 4013 640 4067 τὸ
663 4013 813 4076 ἐντὸς
835 4012 1263 4082 ἐνδεικνύμενος,
1307 4013 1432 4076 Τοῖς
1463 4013 1572 4084 γὰρ
1604 4012 1792 4084 ἄκροις

209 4107 306 4158 καὶ
326 4104 399 4156 τὰ
433 4103 573 4173 μέσα
601 4105 816 4167 πάντως
838 4103 1248 4174 ἐμπεριέχεται.
1277 4102 1458 4175 Ἀκρα
1483 4103 1540 4158 δὲ
1561 4104 1636 4167 ὡς
1658 4104 1795 4176 πρὸς

210 4197 312 4266 τὴν
358 4193 708 4266 ἀνθρωπίνην
760 4193 1048 4265 αἴσθησιν,
1107 4193 1336 4266 οὐρανός
1389 4195 1504 4253 ἐστι
1558 4195 1653 4248 καὶ
1697 4197 1791 4266 γῆ.

207 4286 359 4338 Διότι
416 4285 626 4348 τούτοις
685 4283 1026 4356 ἑκατέρωθεν
1072 4286 1106 4355 ἡ
1159 4284 1268 4337 τῶν
1317 4283 1620 4356 ἀνθρώπων
1672 4284 1795 4354 ὄψις

1888 3113 2076 3160 sancta
2094 3101 2377 3173 Scriptura
2405 3103 2585 3172 posita
2617 3109 2769 3163 sunt,
2817 3100 3224 3170 comprobetur.
3259 3099 3466 3165 Verba,

1887 3214 2009 3268 quae
2043 3198 2232 3252 mundi
2265 3198 2548 3252 continent
2597 3196 2897 3267 opiﬁcium,
2936 3197 3016 3250 sic
3058 3197 3269 3250 habent
3303 3213 3316 3247 :
3344 3213 3369 3245 4
3400 3192 3466 3252 ιΙιι

1889 3289 2160 3360 principio
2186 3289 2317 3344 fecit
2342 3289 2486 3344 Deus
2513 3288 2714 3344 cmlum
2745 3295 2801 3343 et
2833 3296 3056 3342 terram.
3086 3306 3105 3338 ι
3132 3285 3255 3341 Haec
3271 3301 3373 3342 nos
3394 3286 3470 3342 ita

1891 3397 2082 3438 sumus
2126 3380 2488 3451 interpretati,
2515 3389 2576 3434 ut
2617 3395 2798 3436 rerum
2849 3380 3092 3433 omnium
3149 3379 3474 3448 procreatio-

1892 3490 2015 3530 nem
2059 3474 2224 3530 simul
2259 3473 2432 3529 fuisse
2482 3475 2860 3537 constitutam,
2917 3487 2981 3526 ex
3030 3471 3096 3525 iis
3166 3471 3471 3542 signiﬁcari

1891 3565 2214 3620 dixerimus.
2281 3564 2361 3619 Ex
2417 3579 2484 3620 eo
2543 3564 2687 3619 enim
2771 3564 2916 3633 quod
3017 3565 3279 3626 continet,
3338 3564 3472 3620 illud

1891 3660 2055 3711 etiam
2117 3656 2356 3711 ostendit
2443 3655 2590 3725 quod
2664 3656 3007 3721 continetur;
3097 3670 3223 3710 nam
3291 3663 3475 3710 extre,

1892 3748 1998 3802 mis
2040 3747 2221 3802 media
2255 3746 2806 3816 comprehenduntur.
2841 3745 3092 3800 Extrema
3121 3762 3268 3810 vero,
3307 3762 3478 3815 quan,

1893 3850 2007 3893 tum
2086 3840 2306 3908 quidem
2379 3839 2444 3892 ad
2501 3854 2724 3894 sensum
2814 3839 3052 3908 pertinet
3127 3839 3475 3910 humanum,

1895 3939 2025 3986 sunt
2057 3933 2254 3986 caelum
2285 3940 2338 3985 et
2363 3940 2533 3986 terra.
2587 3930 2682 3985 llis
2721 3932 2865 3985 enim
2902 3939 3157 4003 aspectus
3191 3932 3478 3988 hominum

1896 4023 2154 4094 utrinque
2179 4022 2671 4078 circumscribitur.
2711 4021 3181 4088 Quemadmodum
3205 4024 3350 4079 enim
3384 4024 3479 4095 qui

1895 4113 2054 4180 dixit,
2106 4114 2162 4168 in
2204 4129 2368 4167 manu
2408 4114 2536 4183 ejus
2571 4129 2693 4168 esse
2761 4113 2903 4169 ﬁnes
2950 4123 3114 4169 terrae
3165 4116 3240 4178 4',
3302 4115 3483 4179 media

1897 4207 2059 4260 etiam
2109 4220 2230 4276 qua:
2282 4204 2487 4260 ﬁnibus
2533 4205 2955 4268 concluduntur,
2995 4205 3270 4261 intellexit
3330 4225 3344 4260 :
3401 4207 3483 4262 sic

1900 4297 2077 4352 Moses
2149 4312 2252 4367 per
2321 4295 2696 4352 extremitates
2766 4297 3079 4352 universam
3135 4297 3285 4354 orbis
3311 4305 3484 4353 mate-

209 4376 477 4446 ὁρίζεται.
523 4376 733 4448 Ὥσπερ
770 4376 952 4428 τοίνυν
997 4378 1025 4430 ὁ
1072 4374 1243 4430 εἰπὼν
1291 4377 1372 4430 ὅτι
1423 4377 1514 4432 Ἐν
1547 4381 1614 4449 τῇ
1655 4380 1779 4450 χειρ

1905 4389 2043 4442 riam
2116 4387 2436 4456 complexus
2502 4395 2606 4450 est,
2668 4402 2790 4455 quae
2851 4386 3072 4456 quidem
3149 4388 3334 4462 opinio
3415 4401 3482 4451 ex

213 4467 384 4520 αὑτοῦ
415 4467 484 4520 τὰ
513 4468 724 4537 πέρατα
749 4467 848 4538 τῆς
885 4469 990 4538 γῆς
1013 4507 1028 4531 ,
1059 4469 1152 4522 καὶ
1192 4469 1260 4522 τὰ
1297 4469 1443 4540 μέσα
1470 4473 1536 4541 τῇ
1565 4473 1795 4542 περιοχῇ

213 4559 329 4612 τῶν
360 4559 614 4628 περάτων
648 4559 1084 4630 συμπεριέλαῦεν
1107 4573 1120 4586 '
1159 4559 1309 4612 οὕτω
1350 4560 1444 4621 καὶ
1485 4563 1514 4613 6
1557 4560 1798 4630 Μωῦσῆς

213 4651 320 4720 τῆς
345 4650 534 4722 ὑλικῆς
554 4649 649 4702 τοῦ
680 4651 878 4712 παντὸς
902 4649 1107 4719 κόσμου
1130 4650 1434 4722 καταϐολῆς
1458 4650 1556 4721 τὴν
1577 4650 1800 4714 ἔνδειξιν

213 4741 308 4801 διά
355 4742 464 4794 τῶν
511 4744 760 4812 περάτων
809 4742 1133 4811 πεποίηται·
1190 4746 1470 4815 συνεργεῖν
1515 4741 1572 4795 δέ
1621 4759 1801 4813 φαμεν

220 4836 362 4907 πρὸς
412 4834 512 4904 τὴν
564 4834 822 4907 τοιαύτην
872 4835 1175 4908 ὑπόληψιν,
1223 4835 1295 4888 τὰ
1340 4835 1429 4888 διά
1477 4833 1644 4905 μέσου
1704 4837 1802 4906 ῥή-

223 4945 392 4996 ματα.
433 4927 757 4996 ,Γέγραπται
799 4925 928 4998 γὰρ,
970 4928 1054 4980 ὅτι
1102 4946 1126 4978 ‹
1167 4928 1234 4980 Ἢ
1271 4927 1328 4980 δὲ
1359 4930 1430 4998 γῆ
1463 4924 1531 4997 ἧν
1570 4928 1803 4998 ἀόρατος

218 5020 322 5074 καὶ
367 5019 879 5080 ἀκατασκεύαστος-·
917 5039 934 5070 ι
977 5020 1054 5083 ὡς
1100 5021 1166 5074 ὲκ
1199 5019 1390 5073 τούτου
1433 5019 1592 5090 δῆλον
1641 5014 1804 5081 εῐναιι,

215 5112 307 5171 δέτι
337 5113 403 5182 τῇ
444 5111 542 5180 μὲν
571 5111 796 5182 δυνάμει
834 5111 904 5170 τὰ
937 5112 1114 5166 πάντα
1146 5107 1215 5182 ἦν
1237 5114 1294 5165 ἐν
1324 5110 1517 5183 πρώτῃ
1547 5109 1644 5165 τοῦ
1669 5110 1806 5164 Θεοῦ

222 5204 355 5274 περὶ
388 5204 488 5274 τὴν
533 5205 710 5257 κτίσιν
741 5205 907 5276 ὁρμῇ,
938 5205 1100 5257 οἱονεὶ
1144 5203 1523 5274 σπερματικῆς
1550 5219 1696 5265 τινος
1715 5202 1810 5256 -δυ-

225 5297 444 5365 νάμεως
477 5296 611 5366 πρὸς
632 5295 729 5367 τὴν
754 5297 848 5349 τοῦ
885 5297 1084 5359 παντὸς
1113 5297 1326 5364 γένεσιν
1351 5293 1806 5365 καταϐληθείσης,

223 5387 477 5456 ἐνεργείᾳ
506 5386 562 5439 δὲ
589 5385 656 5439 τὰ
688 5386 810 5440 καθ’
845 5387 1074 5441 ἕκαστον
1122 5386 1273 5440 οὑπω
1323 5382 1412 5458 ἦν.
1451 5386 1517 5439 Ἠ
1558 5385 1665 5456 γὰρ
1709 5383 1806 5454 γῆ,

221 5478 427 5550 φησὶν,
459 5476 538 5547 ἦν
569 5477 839 5547 ἀόρατος,
890 5478 987 5532 καὶ
1031 5478 1584 5542 ἀκατασκεύαστος.
1633 5479 1769 5530 Ὀπε
1781 5493 1810 5544 ρ

297 5656 348 5694 ε’
383 5657 520 5715 Gen.
553 5673 595 5730 ι,
636 5656 689 5718 5..
769 5657 808 5689 ¹⁷
843 5655 994 5717 Psal.
1028 5670 1172 5723 χειν,
1213 5656 1267 5715 4,.
1347 5655 1390 5687 ¹³
1429 5653 1564 5714 Gen.
1595 5669 1641 5721 .I.
1674 5653 1734 5716 2

1907 4480 2089 4534 verbis
2139 4494 2262 4548 qua:
2314 4486 2444 4532 sunt
2513 4477 2835 4547 interiecta,
2891 4476 3278 4532 con-ﬁrmatur.
3336 4477 3485 4532 Scri-

1905 4581 2058 4642 ptum
2107 4581 2192 4627 est
2226 4571 2372 4625 enim
2433 4590 2447 4623 :
2512 4588 2530 4619 ι
2585 4569 2754 4624 Terra
2796 4577 2979 4624 autem
3023 4579 3143 4624 erat
3185 4569 3485 4624 invisibilis

1908 4673 1961 4718 et
1997 4663 2359 4732 incomposita
2381 4661 2430 4695 ³⁸
2463 4679 2475 4713 :
2513 4681 2531 4711 ι
2571 4669 2630 4713 ιιι
2654 4661 2881 4730 planum
2923 4659 3102 4726 ﬁeret,
3133 4660 3321 4714 omnia
3365 4661 3485 4729 qui-

1909 4754 2032 4808 dem
2069 4753 2238 4807 fuisse
2261 4759 2529 4822 potestate
2561 4752 2614 4804 in
2643 4751 2822 4819 primo
2852 4749 2950 4805 Dei
2974 4749 3046 4802 ad
3081 4749 3486 4818 procreandum

1909 4845 2138 4914 appulsu
2164 4883 2180 4907 ,
2223 4854 2478 4912 tanquam
2512 4843 2570 4896 vi
2623 4842 2857 4910 quadam
2900 4841 3135 4896 seminis
3173 4841 3238 4894 ad
3297 4841 3487 4903 mundi

1910 4934 2347 5004 procreationem
2371 4931 2645 5002 conjecta,
2682 4943 2806 4985 actu
2830 4944 2970 4985 vero
2988 4944 3082 5004 res
3117 4928 3360 4998 singulas
3381 4927 3488 4982 mi-

1910 5003 2061 5080 nime
2079 5024 2266 5078 fuisse.
2304 5042 2323 5074 ι
2348 5023 2516 5078 Terra
2529 5040 2564 5074 ε
2584 5021 2753 5084 enim,
2783 5003 3026 5090 inquitﬁ
3048 5026 3170 5074 erat
3197 5017 3490 5076 invisibilis

1913 5122 1967 5170 et
1993 5114 2383 5184 incomposita.
2424 5132 2444 5166 ι
2465 5111 2626 5178 Quod
2653 5111 2879 5182 perinde
2903 5118 2989 5166 est
3020 5125 3085 5166 ac
3120 5110 3164 5165 si
3192 5109 3486 5174 diceretur,

1915 5212 2054 5270 erat,
2087 5212 2140 5262 et
2189 5220 2296 5260 non
2342 5211 2460 5261 erat
2493 5223 2506 5259 :
2539 5202 2808 5274 siquidem
2849 5201 2916 5255 ad
2943 5217 3063 5258 eam
3096 5200 3337 5257 nondum
3360 5215 3493 5254 con.

1915 5304 2203 5352 currerant
2253 5296 2566 5367 qualitates.
2613 5294 2792 5363 Cujus
2828 5292 3046 5364 quidem
3091 5293 3378 5361 sententiae
3412 5292 3493 5344 in:

1917 5387 2117 5442 dicium
2173 5395 2280 5450 est,
2331 5386 2479 5458 quod
2512 5385 2805 5440 invisibilis
2845 5384 3017 5439 fuisse
3067 5383 3288 5438 dicitur.
3331 5379 3493 5447 Quod

1917 5481 2064 5534 enim
2103 5493 2211 5534 non
2258 5479 2492 5546 videtur,
2537 5478 2688 5536 color
2719 5492 2832 5536 non
2864 5484 2976 5543 est;
3027 5475 3494 5538 coloratum!!!“
