3880 6218
419 207 489 263 79
1685 205 1745 262 s.
1771 189 2098 261 caecout]
2123 185 2410 261 ursam

3611 205 3712 257 ιιο

417 327 639 398 quidam
683 325 848 380 veluti
890 324 1073 381 ﬂuxus
1116 339 1185 380 ex
1228 323 1517 396 superﬁcie
1555 321 1742 394 ﬁgurae
1778 342 1790 376 :
1825 323 1970 393 ﬁgur:

2099 319 2214 377 ἶσόν
2253 326 2368 378 ἐστι
2391 323 2470 394 τῷ
2509 322 2707 391 λέγειν,
2730 323 2811 376 ὅτι
2839 319 2929 395 ἦν,
2956 324 3050 377 καὶ
3085 323 3184 378 ούκ
3210 319 3298 396 ἦν.
3330 324 3403 376 Ού
3433 323 3540 398 γάρ
3570 343 3704 377 που

414 432 548 474 vero
590 424 815 470 nonest
859 417 978 470 sine
1027 429 1278 485 corpore.
1304 413 1671 480 Quamobrem
1717 414 1765 468 si
1795 411 1989 466 invisi-

415 506 544 565 bilis
587 515 727 572 erat,
763 515 817 562 et
849 508 1035 562 colore
1075 507 1298 562 carebat
1329 506 1553 561 omnino
1587 523 1602 559 :
1635 504 1778 575 quod
1810 510 1990 559 autem

413 600 616 656 coloris
661 608 748 657 est
801 615 1016 670 expers,
1057 600 1284 671 ﬁguram
1342 613 1451 652 non
1505 597 1693 658 habet,
1739 603 1794 651 et
1846 599 1991 664 quod

414 691 684 761 ejusmodi
722 698 828 754 est,
869 705 1101 758 corpore
1136 696 1310 742 vacat.
1353 689 1536 754 Quare
1587 686 1646 740 in
1684 685 1863 739 subita
1901 684 1992 737 illa

412 781 600 836 mundi
629 781 910 836 molitione
941 781 1105 834 simul
1133 795 1256 835 cum
1285 779 1511 848 reliquis
1539 777 1707 832 rebus
1731 775 1989 829 erunibus

413 873 590 928 inerat
623 881 768 928 terra
803 891 817 926 ε
849 874 1091 928 restabat
1123 879 1326 934 autem,
1373 880 1432 925 ut
1463 869 1538 940 (id
1584 867 1730 939 quod
1772 877 1859 921 est
1891 882 1986 936 ge-

413 964 616 1033 nerari)
636 964 925 1034 qualitates
954 964 1366 1018 adhiberentur.
1396 961 1609 1016 Etenim
1635 977 1702 1016 ex
1724 975 1810 1017 eo.
1835 957 1979 1028 quod

411 1055 737 1110 invisibilem
783 1069 904 1109 eam
953 1053 1121 1108 fuisse
1163 1053 1296 1108 dicit
1326 1051 1633 1123 Scriptura,
1676 1066 1776 1104 nec
1823 1049 1985 1102 aliam

408 1146 571 1200 ullam
591 1145 644 1200 in
661 1145 776 1215 ipsa
793 1145 1107 1215 qualitatem
1127 1142 1296 1198 fuisse
1317 1142 1672 1198 demonstrat.
1705 1141 1859 1206 Quod
1889 1154 1988 1192 au-

407 1251 513 1292 tem
527 1237 944 1306 incompositam
963 1242 1143 1298 vocat,
1157 1235 1362 1289 indicat
1381 1248 1501 1290 eam
1518 1232 1761 1289 nondum
1796 1243 1987 1298 corpo-

405 1330 515 1385 reis
536 1329 959 1399 proprietatibus
981 1326 1151 1382 l‘uisse
1173 1337 1484 1381 concretam
1499 1333 1552 1382 et
1573 1324 1983 1380 condensatam.

2101 413 2637 485 συνδεδραμήκεισαν
2682 413 2812 484 περὶ
2861 413 3029 486 αὐτὴν
3072 416 3128 469 αἱ
3183 416 3465 486 ποιότητες
3498 435 3513 446 ο
3543 419 3706 469 ἀπό-

2099 507 2264 572 δειξις
2307 506 2364 559 δὲ
2403 507 2503 576 τῆς
2549 506 2787 570 διανοίας
2817 506 3045 577 ταύτης,
3074 508 3158 560 ὅτι
3198 508 3427 579 ἀόρατον
3454 509 3625 578 αὐτὴν
3653 508 3707 560 ὁ

2095 579 2254 661 λόγος
2280 590 2417 647 εἶναι
2453 594 2637 666 φησίν.
2667 595 2739 648 Τὸ
2772 596 2879 666 γὰρ
2909 598 3160 666 ἀόρατον,
3190 597 3388 668 χρῶμα
3415 599 3512 650 οὐκ
3537 600 3694 651 ἐστί’

2092 682 2155 736 τὸ
2200 684 2257 736 δὲ
2289 684 2504 754 χρῶμα,
2537 679 2647 738 οἷόν
2677 703 2761 749 τις
2793 687 3039 759 ἀπορροὴ
3092 688 3184 741 τοῦ
3220 689 3358 742 κατὰ
3404 689 3506 759 τὴν
3557 692 3696 743 ἐπε-

2093 775 2322 844 φάνειαν
2345 777 2623 845 σχήματος
2652 777 2885 845 γίνεται,
2915 779 2977 831 τὸ
3004 779 3058 832 δὲ
3081 781 3261 852 σχῆμα
3285 781 3385 834 οὐκ
3409 783 3536 836 ἄνευ
3568 783 3694 837 σώδ

2095 883 2282 935 ματος.
2332 867 2394 918 Εἰ
2427 863 2520 920 οὖν
2552 868 2782 939 ἀόρατον
2825 865 2914 940 ἦν,
2948 873 3040 923 καὶ
3086 873 3500 942 ἀχρωμάτιστον
3535 875 3688 926 πάν-

2091 973 2225 1020 τως.
2254 957 2439 1028 Τούτῳ
2465 958 2520 1011 δὲ
2561 959 2944 1032 συνθεωρεῖται
2977 964 3038 1015 τὸ
3065 965 3470 1034 ἀσχημάτιστον
3491 983 3503 995 ⁶
3527 969 3646 1020 ἐκεί
3663 996 3688 1006 -

2093 1062 2168 1114 νῳ
2211 1045 2268 1098 δὲ
2307 1047 2368 1099 τὸ
2397 1047 2725 1117 ἀσώματον·
2767 1052 2961 1106 ούκοῦν
3003 1057 3063 1106 ἐν
3107 1054 3185 1125 τῷ
3217 1057 3398 1128 ἀθρόῳ
3445 1061 3543 1126 τῆς
3575 1056 3681 1111 τοῦ

2093 1134 2301 1204 κόσμου
2355 1137 2662 1206 καταϐολῆς
2685 1177 2700 1200 ,
2729 1135 2797 1210 ἦν
2850 1141 2949 1210 μὲν
2995 1143 3053 1194 ὲν
3085 1147 3196 1207 τοῖς
3236 1141 3387 1199 οὖσιν
3413 1147 3444 1211 ἡ
3471 1146 3564 1215 γῆ,
3595 1148 3679 1209 ὼς

2093 1226 2187 1279 καὶ
2210 1227 2278 1280 τά
2304 1227 2437 1281 ἄλλα
2465 1230 2662 1286 πάντα.
2689 1232 2946 1303 Ἀνέμενε
2977 1234 3034 1287 δὲ
3059 1234 3120 1288 τὸ
3141 1235 3228 1289 διὰ
3251 1237 3354 1307 τῆς
3382 1238 3491 1291 τῶν
3523 1247 3679 1292 ποιο-

2092 1319 2266 1388 τήτων
2296 1322 2658 1392 κατασκευῆς,
2685 1323 2820 1393 ὅπερ
2855 1325 2972 1378 ἐστὶ
3002 1326 3272 1394 γενέσθαι.
3305 1331 3401 1382 Διά
3434 1332 3540 1401 γὰρ
3573 1330 3677 1382 τοῦ

403 1424 636 1496 ἀόρατον
666 1423 836 1494 αὐτὴν
863 1425 1035 1478 εἰπεῖν
1062 1421 1228 1480 εἶναι,
1251 1421 1312 1474 τὸ
1360 1421 1495 1492 μηδὲ
1537 1417 1703 1489 ἄλλην
1733 1415 1855 1470 τινά
1885 1411 2145 1480 ποιότητα.
2178 1411 2498 1483 θεωρεῖσθαι
2536 1417 2664 1486 περὶ
2689 1418 2857 1489 αὐτὴν
2911 1421 2940 1472 ὁ
2973 1419 3129 1489 λόγος
3171 1423 3520 1479 ἐνδείκνυται.
3558 1426 3676 1479 Καὶ

401 1516 490 1570 διὰ
514 1515 607 1569 τοῦ
637 1516 1116 1572 ἀκατασκεύαστον
1149 1515 1434 1586 ὀνομάσαι,
1470 1515 1612 1568 νοεῖν
1641 1511 1823 1564 δίδωσι
1856 1506 1916 1558 τὸ
1948 1504 2115 1573 μήπω
2141 1504 2309 1574 αὐτὴν
2343 1508 2730 1562 πεπυκνῶσθαι
2756 1514 2877 1575 ταῖς
2910 1519 3250 1582 σωματικαῖς
3285 1516 3556 1588 ίδιότησινε

477 1610 592 1666 Hoc
635 1619 815 1664 autem
858 1625 925 1665 ex
974 1609 1311 1682 Symmachi,
1365 1616 1420 1664 et
1464 1606 1877 1666 Theodotionls,
1926 1612 1980 1656 et

2155 1597 2538 1670 Φανερὼτερον
2590 1600 2647 1654 δὲ
2700 1602 2788 1656 διὰ
2832 1603 2930 1673 τῆς
2985 1607 3280 1678 Συμμάχου
3337 1611 3431 1663 καὶ
3486 1611 3678 1664 Θεοδο-

401 1701 612 1772 Aquilte
672 1670 1123 1771 interpretatione
1170 1701 1378 1756 clarius
1429 1699 1539 1765 ﬁt;
1587 1713 1710 1751 cum
1772 1697 1970 1767 primus

2085 1687 2277 1750 τίωνος
2355 1691 2449 1743 καὶ
2543 1692 2742 1746 Ἀκύλα
2820 1670 3219 1770 γραφῆς-ἠ..
3241 1699 3465 1772 τοιαύτη
3550 1703 3674 1757 διὰ-

402 1809 593 1848 eorum
611 1793 796 1848 dicat:
825 1811 844 1844 ι
870 1791 1040 1848 Terra
1072 1801 1255 1847 autem
1285 1799 1405 1847 erat
1443 1792 1612 1854 iners,
1642 1799 1698 1845 et
1729 1789 1985 1844 indistin-

400 1897 521 1952 cta;
558 1905 576 1938 ι
607 1885 745 1940 alter
768 1892 984 1940 autem:
1016 1903 1034 1936 ι
1063 1883 1193 1938 Erat
1213 1885 1415 1950 inanis,
1442 1893 1496 1938 et
1519 1883 1668 1937 nulla
1695 1898 1710 1941 :
1737 1901 1756 1932 ιι
1788 1881 1983 1935 tertius

401 1992 530 2033 vero
564 1995 578 2031 :
621 1996 639 2029 ι
671 1976 802 2031 Erat
843 1976 982 2032 nihil
1019 1983 1074 2030 et
1106 1976 1359 2030 nihilum.
1387 1993 1406 2028 ι
1452 1973 1530 2028 Ex
1575 1973 1662 2028 his
1708 1973 1876 2033 enim,
1923 1981 1982 2024 u‘t

400 2085 503 2141 ego
549 2068 769 2140 quidem
818 2067 1018 2128 sentio,
1066 2067 1386 2137 intelligitur
1419 2071 1586 2129 terra,
1632 2079 1698 2120 ex
1737 2080 1802 2120 eo
1833 2063 1982 2133 quod

403 2179 427 2213 ε
455 2160 603 2215 iners
627 2178 649 2212 ι
680 2167 868 2223 esset;
898 2158 1135 2214 nondum
1185 2167 1308 2211 actu
1360 2156 1550 2221 fuisse,
1598 2155 1695 2212 sed
1729 2155 1845 2209 sola
1885 2170 1982 2223 pu-

398 2248 809 2316 testate;quod
852 2256 1032 2303 autem
1088 2266 1107 2298 ι
1140 2247 1478 2309 indistincta,
1519 2263 1538 2297 ι
1589 2245 1832 2300 nondum
1861 2243 1978 2298 sin-

397 2340 553 2408 gulas
585 2339 878 2409 qualitates
925 2339 1069 2393 inter
1113 2355 1172 2392 se
1205 2340 1426 2408 proprie
1469 2336 1637 2392 fuisse
1670 2345 1973 2406 separatas,

398 2431 492 2485 sed
544 2431 732 2487 orbem
783 2431 1097 2484 universum
1150 2431 1201 2482 in
1247 2427 1480 2482 confusa
1521 2428 1754 2496 quadam
1799 2436 1853 2482 et
1892 2427 1976 2480 in-

397 2523 656 2577 distincta
707 2523 990 2591 qualitate,
1021 2535 1146 2576 cum
1183 2535 1282 2575 nec
1313 2521 1486 2581 color,
1523 2531 1620 2573 nec
1646 2517 1839 2588 ﬁgura,
1873 2532 1975 2572 nec

397 2615 590 2675 moles,
625 2628 724 2668 nec
754 2613 1071 2682 amplitudo,
1128 2627 1226 2667 nec
1266 2612 1371 2666 ulla
1411 2611 1516 2664 alia
1540 2611 1806 2679 ejusmodi
1836 2625 1973 2680 qua-

392 2706 520 2760 litas
565 2706 782 2775 propria
829 2706 1042 2759 ratione
1086 2705 1344 2758 distincta
1397 2704 1451 2757 in
1499 2703 1750 2770 subjecto
1783 2716 1975 2756 cerne-

391 2805 563 2850 retur.
614 2794 758 2849 ldem
800 2794 1069 2864 signiﬁcat
1109 2794 1287 2856 nobis,
1340 2811 1358 2844 ι
1399 2793 1599 2855 inanis,
1646 2800 1701 2846 et
1738 2791 1907 2845 nulla.
1947 2809 1965 2841 ι

392 2888 526 2941 Nam
567 2903 700 2946 voce
733 2887 846 2949 illa,
899 2906 916 2938 ι
955 2885 1158 2951 inanis,
1194 2905 1213 2936 ι
1251 2887 1334 2940 vis
1381 2885 1669 2952 qualitates
1709 2897 1970 2954 separaris

391 2979 686 3041 indicatur,
733 2988 792 3032 ut
827 2979 1211 3048 intelligamus,
1250 2977 1436 3031 mundi
1485 2978 1824 3031 conditorem
1869 2990 1968 3044 po-

392 3077 642 3126 testatem
671 3071 992 3140 qualitatum
1024 3069 1413 3137 susceptricem
1459 3067 1804 3137 produxisse,
1843 3083 1975 3136 qua!

390 3161 609 3230 quidem
653 3161 834 3214 inanis
871 3168 1007 3226 erat,
1055 3169 1108 3213 et
1139 3160 1193 3213 in
1234 3174 1292 3213 se
1324 3159 1458 3212 nihil
1504 3159 1838 3221 continebat,
1871 3174 1964 3212 an-

389 3257 609 3320 tequam
657 3248 1015 3319 qualitatibus
1059 3246 1446 3315 compleretur.
1503 3244 1743 3300 Tertiam
1789 3246 1963 3301 inter-

387 3340 767 3411 pretationem,
795 3346 855 3393 ut
873 3355 939 3394 ex
958 3335 1176 3407 Epicuri
1197 3335 1575 3407 depromptam
1597 3336 1962 3406 philosOphia,

388 3431 508 3486 sine
549 3429 988 3484 consideratione
1029 3429 1440 3498 relinquendam
1470 3429 1745 3482 existimo.
1777 3425 1966 3481 Simile

389 3524 535 3578 enim
567 3521 823 3591 quiddam
855 3520 942 3574 ille
976 3536 1195 3590 quoque
1217 3521 1454 3576 declarat
1478 3518 1544 3574 de
1575 3519 1751 3589 primo
1782 3533 1963 3572 rerum

387 3611 675 3683 principio,
698 3625 863 3681 voces.
882 3610 1072 3666 inanes
1101 3610 1380 3681 efﬁngens,
1408 3625 1505 3679 per
1529 3624 1732 3679 easque
1759 3610 1963 3662 nullam

389 3703 560 3759 fuisse
605 3718 782 3757 rerum
812 3718 918 3757 non
949 3701 1336 3758 subsistentem
1362 3710 1611 3757 naturam
1643 3701 1964 3768 ostendens,

387 3796 477 3850 cui
500 3795 675 3850 simile
707 3802 790 3849 est
821 3794 954 3848 nihil
978 3803 1031 3849 et
1055 3794 1304 3851 nihilum.
1338 3793 1536 3849 Verum
1559 3793 1626 3846 ad
1654 3793 1962 3849 institutum

388 3893 638 3941 nostrum
674 3883 1443 3955 revertamur,videamusque
1469 3886 1742 3954 qumnodo
1775 3901 1964 3954 supre-

388 3993 478 4033 mo
498 3985 708 4031 naturae
729 3977 947 4031 sensilis
971 3978 1204 4030 termino
1230 3978 1297 4032 ab
1327 3977 1449 4048 igne
1471 3979 1640 4033 semel
1668 3987 1963 4048 occupato,

387 4066 789 4121 firmamentum
820 4065 1076 4138 deinceps
1109 4065 1312 4122 factum
1344 4066 1590 4137 sit,quod
1615 4070 1969 4137 superiorum

383 4163 437 4210 et
475 4155 794 4210 inferiorum
842 4171 1106 4225 aquarum
1151 4157 1448 4212 confinium
1482 4173 1611 4214 esse
1647 4159 1801 4212 dicit.
1844 4158 1958 4229 Ego

382 4246 535 4302 enim
561 4249 822 4302 existimo
844 4249 1264 4314 iirtnamentum,
1290 4250 1404 4303 sive
1434 4249 1504 4304 sit
1530 4267 1695 4302 unum
1733 4266 1796 4303 ex
1827 4266 1962 4318 qua-

2087 1795 2203 1833 νοια
2256 1781 2608 1852 σαφηνίζεται
2633 1801 2648 1814 ·
2692 1784 2785 1838 τοῦ
2831 1787 2930 1857 μὲν
2962 1789 3207 1854 εἰπόντος
3229 1808 3243 1821 ο
3286 1811 3304 1842 ι
3335 1792 3399 1844 Ἦ
3422 1793 3478 1846 δὲ
3501 1797 3570 1866 γῆ
3596 1791 3672 1866 ἦν

2083 1870 2252 1941 ἀργὸν
2276 1873 2372 1925 καὶ
2399 1874 2727 1945 ἀδιάκριτον·
2751 1897 2768 1929 ι
2801 1879 2894 1931 τοῦ
2923 1880 2980 1933 δὲ
3013 1881 3222 1952 ἑτέρου,
3257 1903 3276 1935 ι
3305 1885 3542 1954 Κένωμα
3566 1888 3668 1940 καὶ

2081 1961 2262 2014 οὐθέν·
2287 1982 2305 2014 ι
2338 1965 2432 2017 τοῦ
2471 1966 2527 2019 δὲ
2553 1967 2736 2034 ἄλλου,
2773 1988 2793 2021 ι
2819 1971 2989 2024 Οὐθὲν
3021 1974 3114 2025 καὶ
3142 1974 3320 2029 ούθέν.
3349 1995 3366 2028 ι
3401 1978 3668 2047 Δηλοῦται

2081 2054 2190 2124 γὰρ
2225 2054 2312 2108 διὰ
2335 2056 2542 2110 τούτων
2563 2097 2577 2118 ,
2611 2060 2754 2112 κατά
2805 2061 2895 2113 τὸν
2947 2063 3079 2133 ἐμὸν
3120 2065 3295 2134 λόγον,
3325 2068 3413 2120 διὰ
3442 2071 3538 2140 μὲν
3563 2071 3663 2124 τοῦ

2081 2144 2288 2214 ἀργοῦ,
2326 2147 2408 2199 ὅτι
2460 2151 2710 2221 ἐνεργείᾳ
2747 2152 2846 2222 μὲν
2908 2154 3060 2208 οὔπω
3092 2153 3158 2226 ἦν
3189 2175 3202 2188 ο
3231 2161 3288 2211 ἐν
3323 2161 3461 2232 μόνῃ
3498 2161 3553 2213 δὲ
3592 2166 3666 2232 τῇ

2076 2236 2305 2307 δυνάμει
2330 2238 2390 2292 τὸ
2425 2235 2564 2293 εἶναι
2593 2237 2734 2312 εἶχεο
2772 2243 2858 2298 διὰ
2887 2245 2944 2299 δὲ
2972 2247 3067 2300 τοῦ
3097 2250 3430 2318 ἀδιακρέτου,
3468 2255 3528 2307 τὸ
3551 2273 3664 2324 μη-

2075 2328 2228 2382 δέπω
2253 2332 2554 2401 ἀποστῆναι
2587 2338 2679 2387 ἀπ’
2698 2337 2943 2408 ἀλλήλων
2971 2343 3064 2394 καὶ
3098 2344 3183 2411 ἐφ’
3211 2345 3411 2414 ἑαυτῆς
3443 2346 3666 2410 ἰδιαζόν-

2073 2435 2183 2482 τως
2231 2422 2470 2488 ἑκάστην
2511 2425 2618 2477 τῶν
2665 2431 2966 2498 ποιοτήτων
3018 2435 3411 2503 γνωρίζεσθαι,
3441 2437 3554 2490 ἀλλ’
3600 2441 3664 2491 ἐν

2079 2515 2590 2586 συγκεχυμένῃτινὶ
2609 2520 2702 2571 καὶ
2726 2520 3024 2593 ἀδιακρίτῳ
3045 2528 3289 2598 ποιότητι
3314 2529 3374 2582 τὸ
3400 2533 3504 2582 πᾶν
3523 2532 3663 2585 καθ-

2071 2603 2322 2672 ορᾶσθαι,
2357 2606 2430 2675 μὴ
2470 2609 2790 2679 χρώματος,
2813 2614 2886 2682 μὴ
2920 2617 3217 2685 σχήματος,
3256 2621 3330 2691 μὴ
3362 2622 3546 2689 ὄγκου,
3580 2625 3666 2696 μὴ

2075 2700 2295 2770 βάρους,
2327 2704 2400 2772 μὴ
2422 2705 2802 2776 πηλικότητος,
2821 2708 2894 2779 μὴ
2922 2711 3082 2764 ἄλλου
3100 2713 3245 2776 τινὸς
3273 2715 3382 2767 τῶν
3399 2717 3662 2771 τοιούτων

2073 2790 2156 2857 ἐφ’
2191 2790 2385 2844 ἑαυτοῦ
2419 2795 2562 2848 κατά
2589 2791 2678 2848 τδν
2715 2799 2844 2850 ἴδιον
2895 2800 3051 2868 λόγον
3095 2803 3152 2855 ὲν
3195 2803 3271 2875 τῷ
3311 2806 3664 2877 ὑποκειμένῳ

2072 2878 2460 2951 θεωρουμένου.
2479 2886 2586 2957 Τὴν
2611 2888 2666 2940 δὲ
2686 2889 2856 2959 αὐτὴν
2881 2889 3115 2945 διάνοιαν
3141 2895 3470 2950 ὲῶείκνυται
3499 2901 3658 2968 ἡμῖν,

2072 2973 2250 3024 καὶτὸ
2293 2975 2514 3046 κένωμα
2545 2981 2638 3032 κα.)⁸
2678 2981 2856 3035 οὐθέν.
2894 2985 3003 3052 Τὴν
3047 2984 3156 3056 γὰρ
3190 2990 3504 3061 χωρητικὴν
3543 2991 3665 3045 τῶν

2072 3065 2372 3133 ποιοτήτων
2397 3066 2647 3137 δύναμιν,
2679 3073 2745 3142 τῇ
2780 3072 2874 3124 τοῦ
2897 3073 3210 3143 κενώματος
3237 3081 3385 3148 φωνῇ
3417 3082 3662 3153 παρεδή-

2070 3154 2270 3208 λωσεν·
2310 3157 2449 3211 ὥστε
2489 3160 2575 3212 διὰ
2625 3163 2815 3216 τούτου
2855 3164 3046 3234 μαθεῖν
3069 3209 3081 3229 ,
3116 3167 3197 3218 ὅτι
3227 3167 3478 3239 δεκτικὴν
3503 3171 3666 3224 δύναδ

2073 3265 2164 3315 μιν
2203 3249 2311 3302 τῶν
2350 3254 2652 3323 ποιοτήτων
2691 3257 2720 3307 ὁ
2750 3257 2845 3309 τοῦ
2889 3258 3088 3320 παντὸς
3144 3261 3364 3331 κτίστης
3411 3281 3659 3333 προκατ-

2069 3337 2352 3393 ε6άλλετο’
2390 3343 2520 3413 κενὴ
2548 3343 2603 3396 δέ
2635 3363 2720 3409 τις
2756 3342 2822 3417 ἦν
2855 3347 2992 3419 αὕτη
3049 3351 3144 3402 καὶ
3195 3354 3254 3404 ἐν
3307 3353 3472 3425 ἑαυτῇ
3508 3351 3665 3426 εἶχεν

2068 3429 2224 3484 οὐθὲν
2248 3469 2264 3494 ,
2301 3433 2432 3503 πρὶν
2466 3437 2933 3508 συμπληρωθῆναι
2979 3441 3148 3512 αὐτὴν
3201 3447 3319 3509 ταῖς
3378 3448 3653 3518 ποιότησι.

2069 3519 2177 3573 Τὸν
2225 3521 2280 3573 δὲ
2316 3524 2501 3594 τρίτον
2545 3525 2722 3594 λόγον,
2756 3529 2832 3591 ὡς
2869 3532 2934 3583 ὲκ
2968 3534 3070 3602 τῆς
3138 3535 3460 3608 Ἐπικούρου
3503 3540 3658 3608 φιλο-

2069 3612 2262 3681 σοφίας
2301 3616 2730 3688 παρευρεθέντα,
2764 3622 3084 3676 καταλιπεῖν
3129 3624 3281 3695 οἶμαι
3314 3629 3659 3702 ἀθεώρητον.-

2068 3705 2292 3775 Ὅμοιον
2319 3708 2426 3779 γάρ
2458 3725 2510 3761 τι
2538 3711 2787 3773 κάκεῖνός
2815 3730 2946 3782 φησι
2975 3717 3106 3788 περὶ
3151 3718 3249 3788 τῆς
3281 3718 3502 3792 πρώτης
3538 3722 3655 3775 τῶν

2065 3795 2234 3848 ὄντων
2267 3798 2462 3868 ἀρχῆς,
2493 3800 2796 3868 κενόφωνον
2851 3803 2909 3856 δὲ
2961 3809 3056 3859 καὶ
3104 3809 3269 3878 μηδὲν
3301 3811 3398 3882 τὴν
3448 3813 3651 3866 ἀνυπό-

2068 3904 2260 3941 στατον
2289 3889 2399 3943 τῶν
2440 3893 2659 3962 ἀτόμων
2694 3893 2857 3964 φύσιν
2895 3897 2990 3950 διὰ
3013 3899 3120 3952 τῶν
3156 3901 3413 3954 τοιούτων
3453 3902 3650 3970 φωνῶν

2064 3979 2650 4054 ὲνδεικνύμενος,ὅπερ
2678 3985 2862 4054 ὅμοιόν
2896 3989 3014 4040 ἐστι·
3031 3991 3109 4058 τῷ
3142 3990 3312 4057 οὐδὲν,
3338 3993 3432 4046 καὶ
3463 3993 3647 4048 οὐθέν.

2077 4069 2215 4121 Ἀλλ’
2245 4071 2338 4124 ἐπὶ
2365 4074 2432 4124 τὰ
2481 4075 2680 4145 συνεχῆ
2721 4077 2821 4148 τῆς
2873 4078 3106 4152 θεωρίας
3150 4083 3312 4136 πάλιν
3343 4087 3652 4154 προΐωμεν,-

2063 4160 2182 4225 πῶς
2205 4163 2440 4229 εἰσάπαξ
2473 4165 2568 4218 τοῦ
2598 4167 2770 4239 πυρὸς
2797 4167 2887 4223 τόν
2912 4173 3212 4241 ἀκρότατον
3244 4175 3346 4245 τῆς
3380 4178 3652 4250 αἰσθητῆς.

2062 4252 2277 4319 φύσεως
2302 4255 2426 4324 ὅρον
2447 4259 2913 4328 περιοδεύσαντος,
2936 4264 3245 4344 ἀκολούθως
3271 4268 3331 4319 τὺ
3361 4271 3646 4341 στερέωμα

382 4345 531 4401 tuor,
560 4337 675 4392 sive
702 4338 848 4392 aliud
881 4339 973 4391 illa
1020 4341 1411 4409 complectens,
1443 4349 1503 4395 ut
1533 4342 1745 4395 externi
1781 4342 1960 4410 philo-

2075 4343 2311 4411 γίνεται·
2343 4348 2479 4419 ὅπερ
2515 4350 2764 4421 μεθόριόν
2799 4370 2965 4423 φησιν
3017 4339 3174 4410 εἶναι’.
3212 4358 3322 4412 τῶν
3370 4378 3429 4414 τε
3459 4337 3646 4434 ’ὑπερ-

383 4428 543 4499 sophi
598 4429 962 4494 tradiderunt,
1011 4446 1128 4484 non
1171 4446 1293 4486 esse
1343 4447 1544 4502 corpus
1604 4433 1840 4487 solidum
1892 4450 1955 4488 ac

382 4519 601 4582 durum,
649 4519 744 4575 sed
787 4522 1195 4591 comparatione
1234 4524 1577 4592 sempiterna“:
1610 4532 1664 4578 et
1698 4524 1956 4594 incorpo-

380 4624 529 4677 rear,
579 4618 637 4665 et
674 4626 794 4681 quae
841 4620 992 4666 tactu
1026 4628 1135 4667 non
1187 4614 1517 4682 percipitur,
1573 4615 1955 4684 proprietatis,

380 4709 683 4756 extremum
720 4702 850 4757 illud
901 4714 1108 4760 natura:
1149 4704 1392 4766 sensilia,
1428 4705 1573 4774 quod
1602 4706 1743 4774 ignis
1774 4707 1825 4761 vi
1855 4723 1962 4762 sua‘

382 4804 641 4863 perpetuo
689 4796 876 4851 mobili
921 4797 1110 4862 ambit,
1157 4799 1557 4853 ﬁrmamentum
1615 4813 1645 4852 a
1673 4798 1958 4869 Scriptura

381 4885 510 4940 dici.
542 4885 676 4953 Quis
703 4889 847 4942 enim
871 4889 1074 4954 nescit,
1095 4892 1240 4958 quod
1278 4890 1514 4945 solidum
1545 4900 1650 4956 est,
1677 4893 1957 4948 resistenti

381 4975 616 5046 quadam
647 4976 848 5034 duritie
882 4978 1252 5034 condensari?
1297 4981 1441 5051 quod
1482 4989 1666 5036 autem
1707 4991 1792 5037 est
1823 4983 1958 5040 dena-

381 5081 528 5138 sium,
555 5078 608 5123 et
647 5067 876 5134 durum,
919 5085 985 5126 ae
1014 5073 1300 5136 resistens,
1339 5072 1601 5140 qualitate
1649 5075 1800 5141 gravi
1847 5090 1954 5130 neu

278 5162 280 5164 ’
379 5171 537 5218 vacat
574 5177 588 5214 :
619 5159 767 5228 quod
810 5175 940 5217 vero
967 5171 1163 5216 natura
1211 5178 1374 5231 grave
1412 5171 1515 5226 est,
1563 5181 1784 5220 sursum
1825 5165 1952 5221 ferri

379 5263 488 5303 non
529 5257 731 5316 potest.
772 5251 840 5303 At
882 5251 1048 5308 rebus
1084 5251 1306 5307 cunctis
1351 5253 1647 5308 sensilibus
1698 5254 1953 5322 superius

378 5345 465 5392 est
501 5337 922 5407 ﬁrmamentum,
957 5359 1023 5398 ex
1057 5359 1167 5414 quo
1219 5342 1299 5410 ﬁt,
1353 5351 1413 5396 ut
1448 5344 1585 5401 nihil
1616 5345 1670 5400 in
1699 5361 1766 5400 eo
1797 5359 1952 5400 cras,

378 5443 498 5484 sum
521 5439 613 5484 aut
638 5434 1018 5503 corpulentum
1035 5435 1264 5505 cogitari
1288 5434 1482 5504 possit,
1515 5435 1634 5499 sed,
1662 5443 1722 5490 ut
1743 5436 1950 5490 dictum

377 5528 483 5586 est,
528 5537 708 5577 rerum
751 5541 872 5595 quae
916 5541 1147 5597 corpore
1179 5537 1395 5594 vacant,
1441 5537 1494 5584 et
1529 5529 1714 5583 animo
1743 5537 1951 5584 tantum

377 5615 930 5687 comprehenduntur,
955 5622 1386 5692 comparatione,
1407 5621 1674 5695 quidquid
1697 5623 1954 5680 sensibus

2063 4439 2333 4510 κειμένων
2360 4444 2454 4496 καὶ
2493 4445 2602 4498 τῶν
2653 4445 3027 4516 ὑποκειμένων
3071 4451 3298 4507 ὑδάτων.
3349 4456 3489 4524 Ἐγὼ
3533 4459 3647 4530 γὰρ

2061 4527 2214 4600 οἴμαι
2253 4532 2411 4603 σῶμα
2446 4535 2544 4604 μέν
2585 4553 2670 4588 τοι
2702 4539 2929 4608 στερρὸν
2964 4543 3058 4593 καὶ
3085 4543 3398 4610 ἀντίτυπον,
3417 4549 3471 4601 ετ
3498 4549 3555 4601 τέ
3587 4527 3642 4603 τι

2061 4619 2171 4673 τῶν
2197 4622 2496 4692 τεσσάρων,
2521 4625 2574 4676 εί
2595 4624 2660 4678 τέ’
2687 4643 2740 4679 τι
2776 4629 2871 4681 καὶ
2900 4632 3048 4701 παρὰ
3102 4632 3268 4686 ταῦτα
3294 4632 3499 4707 ἕτερον,
3537 4657 3640 4692 κα·-

2064 4710 2172 4775 θὼς
2198 4716 2230 4781 ὴ
2258 4712 2454 4778 ἔξωθεν
2497 4717 2808 4790 ὲφαντάσθη
2866 4721 3172 4791 φιλοσοφία,
3217 4726 3380 4796 μηδὲν
3427 4731 3552 4800 περὶ
3579 4728 3642 4784 τὺ

2065 4804 2351 4874 στερέωμα
2406 4806 2911 4878 θεωρεῖσθαι,-ἀλλά
2941 4813 3002 4866 τὸ
3044 4815 3213 4885 ἀκρον
3242 4818 3340 4886 τῆς
3374 4820 3640 4889 αίσθητῆς

2061 4894 2270 4964 οὐσίας,
2295 4898 2432 4968 ὅπερ
2460 4901 2492 4968 ἠ
2526 4899 2624 4952 τοῦ
2663 4903 2834 4974 πυρὸς
2859 4904 3021 4974 φύσις
3056 4907 3196 4960 κατὰ
3216 4909 3313 4978 τὴν
3336 4911 3640 4980 ἀεικίνητον

2061 4982 2292 5056 δύναμιν
2341 4991 2646 5060 περιπολεῖ,
2676 4993 2836 5047 τοῦτο
2881 4998 3166 5068 στερέωμα
3194 5001 3343 5070 παρά
3375 5004 3470 5072 τῆς
3500 5005 3640 5074 Γρα-

2061 5077 2168 5148 φῆς
2193 5079 2444 5150 ῥηθῆναι,
2483 5085 2765 5156 συγκρίσει
2793 5087 2895 5157 τῆς
2938 5087 3106 5143 ἀϊδίου
3137 5107 3196 5143 τε
3223 5091 3317 5145 καὶ
3347 5093 3638 5163 ἀσωμάτου

2061 5169 2152 5221 καὶ
2173 5169 2409 5238 ἀναφοῦς
2436 5173 2716 5244 ἰδιότητος.
2760 5175 2855 5241 Τίς
2885 5178 2993 5249 γὰρ
3023 5181 3124 5234 ούκ
3151 5177 3290 5235 οἶδεν
3332 5183 3413 5236 ὅτι
3450 5188 3557 5238 πᾶν
3579 5187 3640 5238 τὸ

2061 5260 2287 5331 στερρὸν
2315 5261 2405 5316 διά
2453 5281 2597 5329 τινος
2626 5269 2844 5332 πάντως
2885 5271 3206 5336 ἀντιτυπίας
3239 5274 3589 5328 πεπύκνωται
3621 5294 3635 5340 ;

2059 5348 2133 5402 Τὸ
2155 5353 2210 5404 δὲ
2253 5354 2454 5409 πυκνὸν
2486 5357 2580 5409 καὶ
2611 5359 2923 5424 ἀντίτυπον,
2957 5363 3018 5415 ού
3045 5364 3340 5437 καθαρεύει
3368 5367 3467 5436 τῆς
3497 5369 3639 5421 κατά

2057 5443 2118 5493 τὸ
2151 5442 2314 5516 βάρος
2349 5448 2668 5520 ποιότητοςο
2698 5451 2757 5504 τὸ
2803 5453 2860 5506 δὲ
2906 5453 3045 5526 βαρὺ
3103 5457 3242 5510 κατά
3297 5457 3397 5528 τὴν
3454 5459 3634 5526 φύσιν,

2057 5535 2338 5607 ἀνωφερὲς
2365 5533 2502 5592 εἶναι
2527 5541 2588 5592 ού
2633 5540 2874 5596 δύναται.
2915 5544 3075 5598 Ἀλλὰ
3109 5547 3213 5617 μὴν
3244 5547 3424 5616 πάσης
3469 5548 3639 5620 ὑπέρ-

2058 5643 2234 5680 κειται
2281 5629 2389 5700 τῆς.
2415 5630 2679 5702 αἰσθητῆς
2707 5635 2936 5699 κτίσεως
2963 5636 3024 5689 τὸ
3053 5639 3370 5710 στερέωμα,
3401 5640 3498 5693 ούκ
3528 5641 3637 5710 ἄρα
