  <div class='ocr_page' id='page_1' title='image "/cluster/home/n/w/nwhite01/storage/ocr_20150623/44/nnc1.0037127462/048.png"; bbox 0 0 3880 6218; ppageno 0'>
   <div class='ocr_carea' id='block_1_1' title="bbox 86 429 1665 504">
    <p class='ocr_par' dir='ltr' id='par_1_1' title="bbox 86 429 1665 502">
     <span class='ocr_line' id='line_1_1' title="bbox 86 429 1665 502; baseline 0.006 -12"><span class='ocrx_word' id='word_1_1' title='bbox 86 429 160 490; x_wconf 74' lang='grc' dir='ltr'><strong>81ς</strong></span> <span class='ocrx_word' id='word_1_2' title='bbox 1289 443 1376 502; x_wconf 75' lang='grc' dir='ltr'><strong>ΙΝ,</strong></span> <span class='ocrx_word' id='word_1_3' title='bbox 1395 443 1665 499; x_wconf 66' lang='grc' dir='ltr'><strong>ΗΕΧΑΕΝ</strong></span> 
     </span>
    </p>
   </div>
   <div class='ocr_carea' id='block_1_2' title="bbox 1771 429 3348 504">
    <p class='ocr_par' dir='ltr' id='par_1_2' title="bbox 1771 446 3348 504">
     <span class='ocr_line' id='line_1_2' title="bbox 1771 446 3348 504; baseline 0.003 -4"><span class='ocrx_word' id='word_1_4' title='bbox 1771 447 1870 502; x_wconf 70' lang='grc' dir='ltr'><strong>ιΟΝ</strong></span> <span class='ocrx_word' id='word_1_5' title='bbox 1903 446 2124 502; x_wconf 85' lang='lat' dir='ltr'><strong>LIBER.</strong></span> <span class='ocrx_word' id='word_1_6' title='bbox 3278 447 3348 504; x_wconf 68' lang='grc'><strong>82</strong></span> 
     </span>
    </p>
   </div>
   <div class='ocr_carea' id='block_1_3' title="bbox 85 549 1665 636">
    <p class='ocr_par' dir='ltr' id='par_1_3' title="bbox 85 549 1664 633">
     <span class='ocr_line' id='line_1_3' title="bbox 85 549 1664 633; baseline 0.01 -32"><span class='ocrx_word' id='word_1_7' title='bbox 85 549 226 619; x_wconf 79' lang='grc' dir='ltr'>παχύ</span> <span class='ocrx_word' id='word_1_8' title='bbox 258 569 307 602; x_wconf 90' lang='grc' dir='ltr'><strong>τι</strong></span> <span class='ocrx_word' id='word_1_9' title='bbox 333 551 429 604; x_wconf 73' lang='grc' dir='ltr'><strong>καὶ</strong></span> <span class='ocrx_word' id='word_1_10' title='bbox 458 549 784 624; x_wconf 72' lang='grc' dir='ltr'><strong>σωματῶδες</strong></span> <span class='ocrx_word' id='word_1_11' title='bbox 811 559 935 629; x_wconf 78' lang='grc' dir='ltr'>περὶ</span> <span class='ocrx_word' id='word_1_12' title='bbox 973 559 1116 613; x_wconf 81' lang='grc' dir='ltr'>αὐτὸ·</span> <span class='ocrx_word' id='word_1_13' title='bbox 1138 563 1274 612; x_wconf 88' lang='grc' dir='ltr'>νοεῖν</span> <span class='ocrx_word' id='word_1_14' title='bbox 1310 563 1342 633; x_wconf 84' lang='grc' dir='ltr'>ἠ</span> <span class='ocrx_word' id='word_1_15' title='bbox 1372 562 1664 616; x_wconf 81' lang='grc' dir='ltr'><strong>ἀκολουθία</strong></span> 
     </span>
    </p>
   </div>
   <div class='ocr_carea' id='block_1_4' title="bbox 1771 549 3348 636">
    <p class='ocr_par' dir='ltr' id='par_1_4' title="bbox 1771 563 3348 636">
     <span class='ocr_line' id='line_1_4' title="bbox 1771 563 3348 636; baseline 0 -16"><span class='ocrx_word' id='word_1_16' title='bbox 1771 574 1853 620; x_wconf 88' lang='lat' dir='ltr'><strong>est</strong></span> <span class='ocrx_word' id='word_1_17' title='bbox 1911 566 2208 632; x_wconf 81' lang='lat' dir='ltr'><strong>obnoxium</strong></span> <span class='ocrx_word' id='word_1_18' title='bbox 2235 605 2252 632; x_wconf 92' lang='lat'><strong>,</strong></span> <span class='ocrx_word' id='word_1_19' title='bbox 2297 565 2530 621; x_wconf 84' lang='lat' dir='ltr'><strong>solidum</strong></span> <span class='ocrx_word' id='word_1_20' title='bbox 2574 565 2899 636; x_wconf 87' lang='lat' dir='ltr'><strong>firmumque</strong></span> <span class='ocrx_word' id='word_1_21' title='bbox 2935 564 3174 628; x_wconf 88' lang='lat' dir='ltr'><strong>dicitur,</strong></span> <span class='ocrx_word' id='word_1_22' title='bbox 3220 563 3348 620; x_wconf 86' lang='lat' dir='ltr'><strong>licet</strong></span> 
     </span>
    </p>
   </div>
   <div class='ocr_carea' id='block_1_5' title="bbox 81 640 1665 727">
    <p class='ocr_par' dir='ltr' id='par_1_5' title="bbox 81 640 1665 724">
     <span class='ocr_line' id='line_1_5' title="bbox 81 640 1665 724; baseline 0.01 -31"><span class='ocrx_word' id='word_1_23' title='bbox 81 640 174 694; x_wconf 84' lang='grc' dir='ltr'><strong>τοῦ</strong></span> <span class='ocrx_word' id='word_1_24' title='bbox 221 643 382 710; x_wconf 75' lang='grc' dir='ltr'>λόγου</span> <span class='ocrx_word' id='word_1_25' title='bbox 407 643 648 713; x_wconf 83' lang='grc' dir='ltr'>δίδωσιν,</span> <span class='ocrx_word' id='word_1_26' title='bbox 673 647 810 701; x_wconf 85' lang='grc' dir='ltr'><strong>ἀλλά</strong></span> <span class='ocrx_word' id='word_1_27' title='bbox 840 649 1022 714; x_wconf 84' lang='grc' dir='ltr'>καθὼς</span> <span class='ocrx_word' id='word_1_28' title='bbox 1067 651 1304 723; x_wconf 76' lang='grc' dir='ltr'>εἴρηται,</span> <span class='ocrx_word' id='word_1_29' title='bbox 1334 655 1400 724; x_wconf 77' lang='grc' dir='ltr'>τῇ</span> <span class='ocrx_word' id='word_1_30' title='bbox 1442 654 1580 723; x_wconf 75' lang='grc' dir='ltr'>πρὸς</span> <span class='ocrx_word' id='word_1_31' title='bbox 1605 655 1665 708; x_wconf 83' lang='grc' dir='ltr'>τὸ</span> 
     </span>
    </p>
   </div>
   <div class='ocr_carea' id='block_1_6' title="bbox 1771 640 3346 727">
    <p class='ocr_par' dir='ltr' id='par_1_6' title="bbox 1771 651 3346 727">
     <span class='ocr_line' id='line_1_6' title="bbox 1771 651 3346 727; baseline -0.003 -16"><span class='ocrx_word' id='word_1_32' title='bbox 1771 665 2021 724; x_wconf 82' lang='lat' dir='ltr'><strong>naturam</strong></span> <span class='ocrx_word' id='word_1_33' title='bbox 2066 651 2230 727; x_wconf 79' lang='lat' dir='ltr'><strong>quam</strong></span> <span class='ocrx_word' id='word_1_34' title='bbox 2287 658 2522 713; x_wconf 77' lang='lat' dir='ltr'><strong>maxime</strong></span> <span class='ocrx_word' id='word_1_35' title='bbox 2576 657 2804 726; x_wconf 79' lang='lat' dir='ltr'><strong>cogitari</strong></span> <span class='ocrx_word' id='word_1_36' title='bbox 2845 655 3019 726; x_wconf 86' lang='lat' dir='ltr'><strong>possit</strong></span> <span class='ocrx_word' id='word_1_37' title='bbox 3091 653 3346 710; x_wconf 74' lang='lat' dir='ltr'><strong>subtilem</strong></span> 
     </span>
    </p>
   </div>
   <div class='ocr_carea' id='block_1_7' title="bbox 81 733 1665 819">
    <p class='ocr_par' dir='ltr' id='par_1_7' title="bbox 81 733 1665 812">
     <span class='ocr_line' id='line_1_7' title="bbox 81 733 1665 812; baseline 0.009 -27"><span class='ocrx_word' id='word_1_38' title='bbox 81 733 270 803; x_wconf 82' lang='grc' dir='ltr'>νοητόν</span> <span class='ocrx_word' id='word_1_39' title='bbox 299 751 362 788; x_wconf 88' lang='grc' dir='ltr'><strong>τε</strong></span> <span class='ocrx_word' id='word_1_40' title='bbox 409 737 506 788; x_wconf 78' lang='grc' dir='ltr'>καὶ</span> <span class='ocrx_word' id='word_1_41' title='bbox 544 736 835 807; x_wconf 81' lang='grc' dir='ltr'>ἀσώματον</span> <span class='ocrx_word' id='word_1_42' title='bbox 880 741 1200 812; x_wconf 79' lang='grc' dir='ltr'><strong>παραθέσει,</strong></span> <span class='ocrx_word' id='word_1_43' title='bbox 1237 745 1346 796; x_wconf 80' lang='grc' dir='ltr'>πᾶν</span> <span class='ocrx_word' id='word_1_44' title='bbox 1393 747 1515 798; x_wconf 85' lang='grc' dir='ltr'>ὅσον</span> <span class='ocrx_word' id='word_1_45' title='bbox 1570 745 1665 800; x_wconf 83' lang='grc' dir='ltr'><strong>τοῦ</strong></span> 
     </span>
    </p>
   </div>
   <div class='ocr_carea' id='block_1_8' title="bbox 1771 733 3352 819">
    <p class='ocr_par' dir='ltr' id='par_1_8' title="bbox 1771 747 3352 819">
     <span class='ocr_line' id='line_1_8' title="bbox 1771 747 3352 819; baseline -0.002 -16"><span class='ocrx_word' id='word_1_46' title='bbox 1771 750 2034 806; x_wconf 85' lang='lat' dir='ltr'><strong>obtineat.</strong></span> <span class='ocrx_word' id='word_1_47' title='bbox 2061 749 2258 810; x_wconf 73' lang='lat' dir='ltr'><strong>Merito</strong></span> <span class='ocrx_word' id='word_1_48' title='bbox 2287 749 2471 819; x_wconf 79' lang='lat' dir='ltr'><strong>igitur,</strong></span> <span class='ocrx_word' id='word_1_49' title='bbox 2504 748 2650 819; x_wconf 86' lang='lat' dir='ltr'><strong>quod</strong></span> <span class='ocrx_word' id='word_1_50' title='bbox 2673 747 2814 818; x_wconf 79' lang='lat' dir='ltr'><strong>ignis</strong></span> <span class='ocrx_word' id='word_1_51' title='bbox 2849 747 3056 801; x_wconf 80' lang='lat' dir='ltr'><strong>ambitu</strong></span> <span class='ocrx_word' id='word_1_52' title='bbox 3101 759 3352 817; x_wconf 81' lang='lat' dir='ltr'><strong>compre-</strong></span> 
     </span>
    </p>
   </div>
   <div class='ocr_carea' id='block_1_9' title="bbox 81 825 1665 912">
    <p class='ocr_par' dir='ltr' id='par_1_9' title="bbox 81 825 1665 909">
     <span class='ocr_line' id='line_1_9' title="bbox 81 825 1665 909; baseline 0.01 -33"><span class='ocrx_word' id='word_1_53' title='bbox 81 825 341 896; x_wconf 75' lang='grc' dir='ltr'><strong>αἰσθητοῦ</strong></span> <span class='ocrx_word' id='word_1_54' title='bbox 367 827 557 896; x_wconf 78' lang='grc' dir='ltr'>γένους</span> <span class='ocrx_word' id='word_1_55' title='bbox 580 831 715 895; x_wconf 78' lang='grc' dir='ltr'>ἐστὶ,</span> <span class='ocrx_word' id='word_1_56' title='bbox 739 833 966 904; x_wconf 76' lang='grc' dir='ltr'>στερρὸν</span> <span class='ocrx_word' id='word_1_57' title='bbox 989 834 1227 902; x_wconf 86' lang='grc' dir='ltr'>λέγεται,</span> <span class='ocrx_word' id='word_1_58' title='bbox 1249 836 1351 890; x_wconf 81' lang='grc' dir='ltr'>κᾶν</span> <span class='ocrx_word' id='word_1_59' title='bbox 1371 840 1436 908; x_wconf 82' lang='grc' dir='ltr'>τῇ</span> <span class='ocrx_word' id='word_1_60' title='bbox 1460 841 1665 909; x_wconf 82' lang='grc' dir='ltr'>φυσικῇ</span> 
     </span>
    </p>
   </div>
   <div class='ocr_carea' id='block_1_10' title="bbox 1771 825 3348 912">
    <p class='ocr_par' dir='ltr' id='par_1_10' title="bbox 1771 837 3348 912">
     <span class='ocr_line' id='line_1_10' title="bbox 1771 837 3348 912; baseline -0.003 -18"><span class='ocrx_word' id='word_1_61' title='bbox 1771 839 2030 895; x_wconf 88' lang='lat' dir='ltr'><strong>henditur</strong></span> <span class='ocrx_word' id='word_1_62' title='bbox 2051 839 2556 912; x_wconf 82' lang='lat' dir='ltr'><strong>(comprehenditur</strong></span> <span class='ocrx_word' id='word_1_63' title='bbox 2576 849 2756 895; x_wconf 89' lang='lat' dir='ltr'><strong>autem</strong></span> <span class='ocrx_word' id='word_1_64' title='bbox 2779 837 3046 910; x_wconf 88' lang='lat' dir='ltr'><strong>quidquid</strong></span> <span class='ocrx_word' id='word_1_65' title='bbox 3068 853 3135 894; x_wconf 81' lang='lat' dir='ltr'><strong>ex</strong></span> <span class='ocrx_word' id='word_1_66' title='bbox 3159 851 3348 892; x_wconf 88' lang='lat' dir='ltr'><strong>crassa</strong></span> 
     </span>
    </p>
   </div>
   <div class='ocr_carea' id='block_1_11' title="bbox 81 916 1666 998">
    <p class='ocr_par' dir='ltr' id='par_1_11' title="bbox 81 916 1666 998">
     <span class='ocr_line' id='line_1_11' title="bbox 81 916 1666 998; baseline 0.011 -29"><span class='ocrx_word' id='word_1_67' title='bbox 81 916 368 988; x_wconf 78' lang='grc' dir='ltr'><strong>λεπτότητι</strong></span> <span class='ocrx_word' id='word_1_68' title='bbox 406 921 691 991; x_wconf 76' lang='grc' dir='ltr'>διαφεύγει</span> <span class='ocrx_word' id='word_1_69' title='bbox 735 925 832 996; x_wconf 80' lang='grc' dir='ltr'>τὴν</span> <span class='ocrx_word' id='word_1_70' title='bbox 881 928 1228 998; x_wconf 78' lang='grc' dir='ltr'><strong>κατανόησιν.</strong></span> <span class='ocrx_word' id='word_1_71' title='bbox 1274 930 1484 984; x_wconf 83' lang='grc' dir='ltr'>Οὐκοῦν</span> <span class='ocrx_word' id='word_1_72' title='bbox 1534 933 1666 985; x_wconf 88' lang='grc' dir='ltr'>ἀκο-</span> 
     </span>
    </p>
   </div>
   <div class='ocr_carea' id='block_1_12' title="bbox 79 1008 1662 1092">
    <p class='ocr_par' dir='ltr' id='par_1_12' title="bbox 79 1008 1662 1092">
     <span class='ocr_line' id='line_1_12' title="bbox 79 1008 1662 1092; baseline 0.01 -33"><span class='ocrx_word' id='word_1_73' title='bbox 79 1008 283 1072; x_wconf 78' lang='grc' dir='ltr'>λούθως</span> <span class='ocrx_word' id='word_1_74' title='bbox 299 1011 424 1080; x_wconf 78' lang='grc' dir='ltr'>ὅσον</span> <span class='ocrx_word' id='word_1_75' title='bbox 445 1015 509 1082; x_wconf 82' lang='grc' dir='ltr'>τῇ</span> <span class='ocrx_word' id='word_1_76' title='bbox 539 1015 769 1087; x_wconf 81' lang='grc' dir='ltr'>περιόδῳ</span> <span class='ocrx_word' id='word_1_77' title='bbox 789 1016 884 1070; x_wconf 91' lang='grc' dir='ltr'><strong>τοῦ</strong></span> <span class='ocrx_word' id='word_1_78' title='bbox 913 1035 983 1070; x_wconf 85' lang='grc' dir='ltr'><strong>πυ</strong></span> <span class='ocrx_word' id='word_1_79' title='bbox 993 1019 1379 1092; x_wconf 74' lang='grc' dir='ltr'>ρὸςδιελήφθη·</span> <span class='ocrx_word' id='word_1_80' title='bbox 1397 1021 1662 1092; x_wconf 84' lang='grc' dir='ltr'>διελήφθη</span> 
     </span>
    </p>
   </div>
   <div class='ocr_carea' id='block_1_13' title="bbox 75 1100 1670 1184">
    <p class='ocr_par' dir='ltr' id='par_1_13' title="bbox 75 1100 1670 1184">
     <span class='ocr_line' id='line_1_13' title="bbox 75 1100 1670 1184; baseline 0.01 -31"><span class='ocrx_word' id='word_1_81' title='bbox 75 1100 214 1154; x_wconf 81' lang='grc' dir='ltr'>δὲτὸ</span> <span class='ocrx_word' id='word_1_82' title='bbox 231 1101 406 1173; x_wconf 82' lang='grc' dir='ltr'>πέρας</span> <span class='ocrx_word' id='word_1_83' title='bbox 435 1107 533 1175; x_wconf 69' lang='grc' dir='ltr'>τῆς</span> <span class='ocrx_word' id='word_1_84' title='bbox 551 1104 742 1176; x_wconf 80' lang='grc' dir='ltr'>ὑλικῆς</span> <span class='ocrx_word' id='word_1_85' title='bbox 761 1109 948 1174; x_wconf 80' lang='grc' dir='ltr'><strong>οὐσίας</strong></span> <span class='ocrx_word' id='word_1_86' title='bbox 970 1128 982 1140; x_wconf 82' lang='lat'><strong>&#39;</strong></span> <span class='ocrx_word' id='word_1_87' title='bbox 1012 1111 1090 1181; x_wconf 84' lang='grc' dir='ltr'>τῷ</span> <span class='ocrx_word' id='word_1_88' title='bbox 1113 1113 1260 1177; x_wconf 74' lang='grc' dir='ltr'>ἅπαξ</span> <span class='ocrx_word' id='word_1_89' title='bbox 1281 1113 1394 1184; x_wconf 84' lang='grc' dir='ltr'>ἰδίῳ</span> <span class='ocrx_word' id='word_1_90' title='bbox 1422 1114 1530 1168; x_wconf 78' lang='grc' dir='ltr'>τινὶ</span> <span class='ocrx_word' id='word_1_91' title='bbox 1557 1115 1670 1184; x_wconf 82' lang='grc' dir='ltr'><strong>ὅρῳ</strong></span> 
     </span>
    </p>
   </div>
   <div class='ocr_carea' id='block_1_14' title="bbox 79 1193 1664 1278">
    <p class='ocr_par' dir='ltr' id='par_1_14' title="bbox 79 1193 1664 1278">
     <span class='ocr_line' id='line_1_14' title="bbox 79 1193 1664 1278; baseline 0.011 -36"><span class='ocrx_word' id='word_1_92' title='bbox 79 1193 439 1262; x_wconf 85' lang='grc' dir='ltr'>περιγραφὲν,</span> <span class='ocrx_word' id='word_1_93' title='bbox 476 1197 766 1267; x_wconf 82' lang='grc' dir='ltr'>στερέωμα</span> <span class='ocrx_word' id='word_1_94' title='bbox 806 1200 904 1264; x_wconf 84' lang='grc' dir='ltr'><strong>μὲν</strong></span> <span class='ocrx_word' id='word_1_95' title='bbox 941 1201 1032 1256; x_wconf 73' lang='grc' dir='ltr'>διὰ</span> <span class='ocrx_word' id='word_1_96' title='bbox 1064 1201 1160 1274; x_wconf 83' lang='grc' dir='ltr'><strong>τὴν</strong></span> <span class='ocrx_word' id='word_1_97' title='bbox 1191 1205 1574 1276; x_wconf 80' lang='grc' dir='ltr'>ὑλικὴνφύσιν</span> <span class='ocrx_word' id='word_1_98' title='bbox 1598 1209 1664 1278; x_wconf 81' lang='grc' dir='ltr'>τῇ</span> 
     </span>
    </p>
   </div>
   <div class='ocr_carea' id='block_1_15' title="bbox 77 1285 1670 1370">
    <p class='ocr_par' dir='ltr' id='par_1_15' title="bbox 77 1285 1670 1370">
     <span class='ocr_line' id='line_1_15' title="bbox 77 1285 1670 1370; baseline 0.011 -35"><span class='ocrx_word' id='word_1_99' title='bbox 77 1285 506 1360; x_wconf 32' lang='grc' dir='ltr'>συγκρίσει-τῶν</span> <span class='ocrx_word' id='word_1_100' title='bbox 543 1289 921 1362; x_wconf 78' lang='grc' dir='ltr'><strong>ὑποκειμένων</strong></span> <span class='ocrx_word' id='word_1_101' title='bbox 952 1297 1392 1370; x_wconf 80' lang='grc' dir='ltr'><strong>προσηγορεύθη.</strong></span> <span class='ocrx_word' id='word_1_102' title='bbox 1429 1299 1670 1370; x_wconf 77' lang='grc' dir='ltr'>Οὐρανὸς</span> 
     </span>
    </p>
   </div>
   <div class='ocr_carea' id='block_1_16' title="bbox 73 1373 1670 1460">
    <p class='ocr_par' dir='ltr' id='par_1_16' title="bbox 73 1373 1670 1460">
     <span class='ocr_line' id='line_1_16' title="bbox 73 1373 1670 1460; baseline 0.011 -35"><span class='ocrx_word' id='word_1_103' title='bbox 73 1373 132 1432; x_wconf 73' lang='grc' dir='ltr'>δὲ</span> <span class='ocrx_word' id='word_1_104' title='bbox 179 1373 303 1446; x_wconf 73' lang='grc' dir='ltr'>ἔσχε</span> <span class='ocrx_word' id='word_1_105' title='bbox 354 1377 416 1428; x_wconf 82' lang='grc' dir='ltr'>τὸ</span> <span class='ocrx_word' id='word_1_106' title='bbox 464 1376 658 1450; x_wconf 73' lang='grc' dir='ltr'>ὄνομα,</span> <span class='ocrx_word' id='word_1_107' title='bbox 688 1379 878 1453; x_wconf 81' lang='grc' dir='ltr'>ὥσπερ</span> <span class='ocrx_word' id='word_1_108' title='bbox 923 1384 1018 1436; x_wconf 75' lang='grc' dir='ltr'><strong>καὶ</strong></span> <span class='ocrx_word' id='word_1_109' title='bbox 1049 1384 1128 1456; x_wconf 85' lang='grc' dir='ltr'>τῷ</span> <span class='ocrx_word' id='word_1_110' title='bbox 1167 1385 1308 1454; x_wconf 80' lang='grc' dir='ltr'>φωτὶ</span> <span class='ocrx_word' id='word_1_111' title='bbox 1348 1387 1522 1458; x_wconf 73' lang='grc' dir='ltr'>ὄνομα</span> <span class='ocrx_word' id='word_1_112' title='bbox 1571 1388 1670 1460; x_wconf 86' lang='grc' dir='ltr'><strong>τὴν</strong></span> 
     </span>
    </p>
   </div>
   <div class='ocr_carea' id='block_1_17' title="bbox 73 1466 1669 1548">
    <p class='ocr_par' dir='ltr' id='par_1_17' title="bbox 73 1466 1669 1548">
     <span class='ocr_line' id='line_1_17' title="bbox 73 1466 1669 1548; baseline 0.009 -30"><span class='ocrx_word' id='word_1_113' title='bbox 73 1466 286 1536; x_wconf 78' lang='grc' dir='ltr'><strong>ἡμέραν</strong></span> <span class='ocrx_word' id='word_1_114' title='bbox 314 1469 487 1535; x_wconf 74' lang='grc' dir='ltr'>ἔθετο,</span> <span class='ocrx_word' id='word_1_115' title='bbox 527 1473 622 1524; x_wconf 72' lang='grc' dir='ltr'><strong>καὶ</strong></span> <span class='ocrx_word' id='word_1_116' title='bbox 657 1473 734 1543; x_wconf 86' lang='grc' dir='ltr'>τῷ</span> <span class='ocrx_word' id='word_1_117' title='bbox 791 1476 974 1528; x_wconf 78' lang='grc' dir='ltr'>σκότει</span> <span class='ocrx_word' id='word_1_118' title='bbox 1002 1477 1102 1548; x_wconf 81' lang='grc' dir='ltr'>τὴν</span> <span class='ocrx_word' id='word_1_119' title='bbox 1131 1478 1326 1534; x_wconf 88' lang='grc' dir='ltr'>νύκτα.</span> <span class='ocrx_word' id='word_1_120' title='bbox 1375 1480 1436 1534; x_wconf 85' lang='grc' dir='ltr'><strong><em>Ἥ</em></strong></span> <span class='ocrx_word' id='word_1_121' title='bbox 1465 1481 1521 1534; x_wconf 78' lang='grc' dir='ltr'>δὲ</span> <span class='ocrx_word' id='word_1_122' title='bbox 1561 1481 1669 1533; x_wconf 81' lang='grc' dir='ltr'><strong>τῶν</strong></span> 
     </span>
    </p>
   </div>
   <div class='ocr_carea' id='block_1_18' title="bbox 71 1558 1665 1644">
    <p class='ocr_par' dir='ltr' id='par_1_18' title="bbox 71 1558 1665 1644">
     <span class='ocr_line' id='line_1_18' title="bbox 71 1558 1665 1644; baseline 0.011 -34"><span class='ocrx_word' id='word_1_123' title='bbox 71 1558 282 1612; x_wconf 73' lang='grc' dir='ltr'>ὑδάτων</span> <span class='ocrx_word' id='word_1_124' title='bbox 337 1561 614 1634; x_wconf 75' lang='grc' dir='ltr'>διάκρισις</span> <span class='ocrx_word' id='word_1_125' title='bbox 643 1567 676 1635; x_wconf 75' lang='grc' dir='ltr'>ἡ</span> <span class='ocrx_word' id='word_1_126' title='bbox 737 1569 1118 1642; x_wconf 78' lang='grc' dir='ltr'><strong>κεχωρισμένη</strong></span> <span class='ocrx_word' id='word_1_127' title='bbox 1153 1574 1220 1642; x_wconf 77' lang='grc' dir='ltr'>τῇ</span> <span class='ocrx_word' id='word_1_128' title='bbox 1283 1575 1530 1644; x_wconf 79' lang='grc' dir='ltr'>μεσιτείᾳ</span> <span class='ocrx_word' id='word_1_129' title='bbox 1569 1573 1665 1626; x_wconf 87' lang='grc' dir='ltr'><strong>τοῦ</strong></span> 
     </span>
    </p>
   </div>
   <div class='ocr_carea' id='block_1_19' title="bbox 72 1652 1670 1734">
    <p class='ocr_par' dir='ltr' id='par_1_19' title="bbox 72 1652 1670 1734">
     <span class='ocr_line' id='line_1_19' title="bbox 72 1652 1670 1734; baseline 0.009 -32"><span class='ocrx_word' id='word_1_130' title='bbox 72 1652 480 1725; x_wconf 83' lang='grc' dir='ltr'>στερεώματος,</span> <span class='ocrx_word' id='word_1_131' title='bbox 503 1655 627 1708; x_wconf 73' lang='grc' dir='ltr'>οὔτε</span> <span class='ocrx_word' id='word_1_132' title='bbox 659 1657 760 1726; x_wconf 85' lang='grc' dir='ltr'>τῆς</span> <span class='ocrx_word' id='word_1_133' title='bbox 789 1658 1110 1730; x_wconf 72' lang='grc' dir='ltr'>ὑπολήψεως</span> <span class='ocrx_word' id='word_1_134' title='bbox 1137 1661 1511 1734; x_wconf 83' lang='grc' dir='ltr'><strong>ἀλλοτριοῦται</strong></span> <span class='ocrx_word' id='word_1_135' title='bbox 1540 1665 1670 1717; x_wconf 81' lang='grc' dir='ltr'>ταύ-</span> 
     </span>
    </p>
   </div>
   <div class='ocr_carea' id='block_1_20' title="bbox 67 1746 1668 1824">
    <p class='ocr_par' dir='ltr' id='par_1_20' title="bbox 67 1746 1668 1824">
     <span class='ocr_line' id='line_1_20' title="bbox 67 1746 1668 1824; baseline 0.009 -30"><span class='ocrx_word' id='word_1_136' title='bbox 67 1761 191 1813; x_wconf 84' lang='grc' dir='ltr'>της,</span> <span class='ocrx_word' id='word_1_137' title='bbox 208 1746 302 1797; x_wconf 80' lang='grc' dir='ltr'><strong>καὶ</strong></span> <span class='ocrx_word' id='word_1_138' title='bbox 329 1746 462 1816; x_wconf 80' lang='grc' dir='ltr'>πρὸς</span> <span class='ocrx_word' id='word_1_139' title='bbox 491 1746 590 1818; x_wconf 80' lang='grc' dir='ltr'><strong>τὴν</strong></span> <span class='ocrx_word' id='word_1_140' title='bbox 621 1749 844 1820; x_wconf 81' lang='grc' dir='ltr'>Γραφὴν</span> <span class='ocrx_word' id='word_1_141' title='bbox 864 1751 1175 1816; x_wconf 73' lang='grc' dir='ltr'>ἀκολούθως</span> <span class='ocrx_word' id='word_1_142' title='bbox 1197 1753 1330 1824; x_wconf 77' lang='grc' dir='ltr'>ἔχει.</span> <span class='ocrx_word' id='word_1_143' title='bbox 1352 1755 1668 1824; x_wconf 76' lang='grc' dir='ltr'>Γέγραπται</span> 
     </span>
    </p>
   </div>
   <div class='ocr_carea' id='block_1_21' title="bbox 67 1835 1668 1918">
    <p class='ocr_par' dir='ltr' id='par_1_21' title="bbox 67 1835 1668 1918">
     <span class='ocr_line' id='line_1_21' title="bbox 67 1835 1668 1918; baseline 0.009 -32"><span class='ocrx_word' id='word_1_144' title='bbox 67 1835 181 1905; x_wconf 67' lang='grc' dir='ltr'><strong>γὰρ</strong></span> <span class='ocrx_word' id='word_1_145' title='bbox 209 1837 268 1889; x_wconf 86' lang='grc' dir='ltr'>ὲν</span> <span class='ocrx_word' id='word_1_146' title='bbox 295 1839 363 1907; x_wconf 88' lang='grc' dir='ltr'>τῇ</span> <span class='ocrx_word' id='word_1_147' title='bbox 403 1839 693 1911; x_wconf 75' lang='grc' dir='ltr'>ἀκολουθίᾳ</span> <span class='ocrx_word' id='word_1_148' title='bbox 726 1841 834 1894; x_wconf 82' lang='grc' dir='ltr'><strong>τῶν</strong></span> <span class='ocrx_word' id='word_1_149' title='bbox 887 1843 1196 1914; x_wconf 81' lang='grc' dir='ltr'>εἰρημένων</span> <span class='ocrx_word' id='word_1_150' title='bbox 1249 1845 1389 1915; x_wconf 78' lang='grc' dir='ltr'>μετὰ</span> <span class='ocrx_word' id='word_1_151' title='bbox 1440 1847 1501 1898; x_wconf 89' lang='grc' dir='ltr'><strong>τὸ</strong></span> <span class='ocrx_word' id='word_1_152' title='bbox 1541 1849 1668 1918; x_wconf 69' lang='grc' dir='ltr'>περὶ</span> 
     </span>
    </p>
   </div>
   <div class='ocr_carea' id='block_1_22' title="bbox 1768 929 3354 1002">
    <p class='ocr_par' dir='ltr' id='par_1_22' title="bbox 1768 929 3354 1002">
     <span class='ocr_line' id='line_1_22' title="bbox 1768 929 3354 1002; baseline -0.001 -17"><span class='ocrx_word' id='word_1_153' title='bbox 1768 931 1996 986; x_wconf 84' lang='lat' dir='ltr'><strong>materia</strong></span> <span class='ocrx_word' id='word_1_154' title='bbox 2056 934 2318 1002; x_wconf 82' lang='lat' dir='ltr'><strong>constat),</strong></span> <span class='ocrx_word' id='word_1_155' title='bbox 2341 931 2392 984; x_wconf 93' lang='lat' dir='ltr'><strong>id</strong></span> <span class='ocrx_word' id='word_1_156' title='bbox 2433 933 2674 1002; x_wconf 78' lang='lat' dir='ltr'><strong>propriis</strong></span> <span class='ocrx_word' id='word_1_157' title='bbox 2728 932 2898 987; x_wconf 81' lang='lat' dir='ltr'><strong>semel</strong></span> <span class='ocrx_word' id='word_1_158' title='bbox 2943 931 3195 986; x_wconf 79' lang='lat' dir='ltr'><strong>terminis</strong></span> <span class='ocrx_word' id='word_1_159' title='bbox 3241 929 3354 984; x_wconf 89' lang='lat' dir='ltr'><strong>cir-</strong></span> 
     </span>
    </p>
   </div>
   <div class='ocr_carea' id='block_1_23' title="bbox 1769 1023 3346 1095">
    <p class='ocr_par' dir='ltr' id='par_1_23' title="bbox 1769 1023 3346 1095">
     <span class='ocr_line' id='line_1_23' title="bbox 1769 1023 3346 1095; baseline -0.001 -18"><span class='ocrx_word' id='word_1_160' title='bbox 1769 1023 2187 1092; x_wconf 86' lang='lat' dir='ltr'><strong>cumscriptum,</strong></span> <span class='ocrx_word' id='word_1_161' title='bbox 2201 1024 2284 1095; x_wconf 32' lang='lat' dir='ltr'><strong>‘ob</strong></span> <span class='ocrx_word' id='word_1_162' title='bbox 2305 1025 2606 1084; x_wconf 74' lang='lat' dir='ltr'><strong>naturalem</strong></span> <span class='ocrx_word' id='word_1_163' title='bbox 2637 1024 2880 1082; x_wconf 68' lang='lat' dir='ltr'><strong>materia:</strong></span> <span class='ocrx_word' id='word_1_164' title='bbox 2901 1023 3346 1086; x_wconf 79' lang='lat' dir='ltr'><strong>crassitudinem,</strong></span> 
     </span>
    </p>
   </div>
   <div class='ocr_carea' id='block_1_24' title="bbox 1769 1115 3354 1185">
    <p class='ocr_par' dir='ltr' id='par_1_24' title="bbox 1769 1115 3354 1185">
     <span class='ocr_line' id='line_1_24' title="bbox 1769 1115 3354 1185; baseline -0.001 -16"><span class='ocrx_word' id='word_1_165' title='bbox 1769 1115 1839 1170; x_wconf 88' lang='lat' dir='ltr'><strong>ad</strong></span> <span class='ocrx_word' id='word_1_166' title='bbox 1864 1116 2206 1185; x_wconf 87' lang='lat' dir='ltr'><strong>superiorum</strong></span> <span class='ocrx_word' id='word_1_167' title='bbox 2235 1115 2600 1172; x_wconf 78' lang='lat' dir='ltr'><strong>differentiam</strong></span> <span class='ocrx_word' id='word_1_168' title='bbox 2641 1124 2900 1172; x_wconf 86' lang='lat' dir='ltr'><strong>vocatum</strong></span> <span class='ocrx_word' id='word_1_169' title='bbox 2931 1125 3012 1170; x_wconf 92' lang='lat' dir='ltr'><strong>est</strong></span> <span class='ocrx_word' id='word_1_170' title='bbox 3037 1116 3354 1168; x_wconf 82' lang='lat' dir='ltr'><strong>ﬁrmamen-</strong></span> 
     </span>
    </p>
   </div>
   <div class='ocr_carea' id='block_1_25' title="bbox 1769 1203 3353 1280">
    <p class='ocr_par' dir='ltr' id='par_1_25' title="bbox 1769 1203 3353 1280">
     <span class='ocr_line' id='line_1_25' title="bbox 1769 1203 3353 1280; baseline -0.001 -22"><span class='ocrx_word' id='word_1_171' title='bbox 1769 1213 1907 1258; x_wconf 91' lang='lat' dir='ltr'><strong>tum.</strong></span> <span class='ocrx_word' id='word_1_172' title='bbox 1941 1203 2412 1280; x_wconf 78' lang='lat' dir='ltr'><strong>Quemadmodum</strong></span> <span class='ocrx_word' id='word_1_173' title='bbox 2451 1214 2630 1260; x_wconf 89' lang='lat' dir='ltr'><strong>autem</strong></span> <span class='ocrx_word' id='word_1_174' title='bbox 2657 1213 2710 1261; x_wconf 91' lang='lat' dir='ltr'><strong>et</strong></span> <span class='ocrx_word' id='word_1_175' title='bbox 2741 1205 2938 1269; x_wconf 86' lang='lat' dir='ltr'><strong>lucem,</strong></span> <span class='ocrx_word' id='word_1_176' title='bbox 2971 1203 3150 1269; x_wconf 88' lang='lat' dir='ltr'><strong>diem;</strong></span> <span class='ocrx_word' id='word_1_177' title='bbox 3181 1209 3238 1256; x_wconf 91' lang='lat' dir='ltr'><strong>et</strong></span> <span class='ocrx_word' id='word_1_178' title='bbox 3271 1207 3353 1256; x_wconf 88' lang='lat' dir='ltr'><strong>te-</strong></span> 
     </span>
    </p>
   </div>
   <div class='ocr_carea' id='block_1_26' title="bbox 1767 1295 3352 1367">
    <p class='ocr_par' dir='ltr' id='par_1_26' title="bbox 1767 1295 3352 1367">
     <span class='ocr_line' id='line_1_26' title="bbox 1767 1295 3352 1367; baseline -0.001 -15"><span class='ocrx_word' id='word_1_179' title='bbox 1767 1297 1968 1352; x_wconf 84' lang='lat' dir='ltr'><strong>nebras</strong></span> <span class='ocrx_word' id='word_1_180' title='bbox 2001 1307 2219 1353; x_wconf 88' lang='lat' dir='ltr'><strong>noctem</strong></span> <span class='ocrx_word' id='word_1_181' title='bbox 2253 1315 2267 1352; x_wconf 89' lang='lat'>:</span> <span class='ocrx_word' id='word_1_182' title='bbox 2307 1298 2389 1353; x_wconf 90' lang='lat' dir='ltr'><strong>sic</strong></span> <span class='ocrx_word' id='word_1_183' title='bbox 2415 1299 2570 1362; x_wconf 86' lang='lat' dir='ltr'><strong>illud,</strong></span> <span class='ocrx_word' id='word_1_184' title='bbox 2595 1298 2795 1353; x_wconf 71' lang='lat' dir='ltr'><strong>coelum</strong></span> <span class='ocrx_word' id='word_1_185' title='bbox 2821 1295 3134 1367; x_wconf 83' lang='lat' dir='ltr'><strong>appellavit.</strong></span> <span class='ocrx_word' id='word_1_186' title='bbox 3169 1295 3352 1364; x_wconf 81' lang='lat' dir='ltr'><strong>Atque</strong></span> 
     </span>
    </p>
   </div>
   <div class='ocr_carea' id='block_1_27' title="bbox 1769 1389 3354 1463">
    <p class='ocr_par' dir='ltr' id='par_1_27' title="bbox 1769 1389 3354 1463">
     <span class='ocr_line' id='line_1_27' title="bbox 1769 1389 3354 1463; baseline -0.003 -17"><span class='ocrx_word' id='word_1_187' title='bbox 1769 1392 1837 1446; x_wconf 89' lang='lat' dir='ltr'><strong>ab</strong></span> <span class='ocrx_word' id='word_1_188' title='bbox 1871 1391 1974 1446; x_wconf 88' lang='lat' dir='ltr'><strong>hac</strong></span> <span class='ocrx_word' id='word_1_189' title='bbox 2018 1392 2238 1463; x_wconf 90' lang='lat' dir='ltr'><strong>quidem</strong></span> <span class='ocrx_word' id='word_1_190' title='bbox 2267 1393 2611 1463; x_wconf 68' lang='lat' dir='ltr'><strong>expositione</strong></span> <span class='ocrx_word' id='word_1_191' title='bbox 2652 1392 2850 1446; x_wconf 84' lang='lat' dir='ltr'><strong>divisio</strong></span> <span class='ocrx_word' id='word_1_192' title='bbox 2875 1403 3144 1461; x_wconf 89' lang='lat' dir='ltr'><strong>aquarum</strong></span> <span class='ocrx_word' id='word_1_193' title='bbox 3181 1389 3354 1444; x_wconf 87' lang='lat' dir='ltr'><strong>inter-</strong></span> 
     </span>
    </p>
   </div>
   <div class='ocr_carea' id='block_1_28' title="bbox 1769 1479 3352 1554">
    <p class='ocr_par' dir='ltr' id='par_1_28' title="bbox 1769 1479 3352 1554">
     <span class='ocr_line' id='line_1_28' title="bbox 1769 1479 3352 1554; baseline -0.003 -16"><span class='ocrx_word' id='word_1_194' title='bbox 1769 1484 1949 1553; x_wconf 88' lang='lat' dir='ltr'><strong>positu</strong></span> <span class='ocrx_word' id='word_1_195' title='bbox 1977 1483 2380 1554; x_wconf 89' lang='lat' dir='ltr'><strong>interjectuque</strong></span> <span class='ocrx_word' id='word_1_196' title='bbox 2415 1485 2743 1539; x_wconf 87' lang='lat' dir='ltr'><strong>firmamenti</strong></span> <span class='ocrx_word' id='word_1_197' title='bbox 2774 1483 3069 1537; x_wconf 87' lang='lat' dir='ltr'><strong>constituta</strong></span> <span class='ocrx_word' id='word_1_198' title='bbox 3105 1493 3214 1535; x_wconf 87' lang='lat' dir='ltr'><strong>non</strong></span> <span class='ocrx_word' id='word_1_199' title='bbox 3251 1479 3352 1534; x_wconf 81' lang='lat' dir='ltr'><strong>ab-</strong></span> 
     </span>
    </p>
   </div>
   <div class='ocr_carea' id='block_1_29' title="bbox 1769 1571 3354 1646">
    <p class='ocr_par' dir='ltr' id='par_1_29' title="bbox 1769 1571 3354 1646">
     <span class='ocr_line' id='line_1_29' title="bbox 1769 1571 3354 1646; baseline -0.002 -19"><span class='ocrx_word' id='word_1_200' title='bbox 1769 1575 1973 1640; x_wconf 79' lang='lat' dir='ltr'><strong>horret,</strong></span> <span class='ocrx_word' id='word_1_201' title='bbox 1991 1583 2046 1629; x_wconf 92' lang='lat' dir='ltr'><strong>et</strong></span> <span class='ocrx_word' id='word_1_202' title='bbox 2064 1575 2362 1646; x_wconf 73' lang='lat' dir='ltr'><strong>Scriptura:</strong></span> <span class='ocrx_word' id='word_1_203' title='bbox 2375 1576 2630 1631; x_wconf 84' lang='lat' dir='ltr'><strong>convenit</strong></span> <span class='ocrx_word' id='word_1_204' title='bbox 2656 1593 2670 1630; x_wconf 91' lang='lat'><strong>:</strong></span> <span class='ocrx_word' id='word_1_205' title='bbox 2697 1575 2778 1630; x_wconf 90' lang='lat' dir='ltr'><strong>sic</strong></span> <span class='ocrx_word' id='word_1_206' title='bbox 2796 1573 2940 1627; x_wconf 90' lang='lat' dir='ltr'><strong>enim</strong></span> <span class='ocrx_word' id='word_1_207' title='bbox 2960 1571 3214 1642; x_wconf 91' lang='lat' dir='ltr'><strong>postilla,</strong></span> <span class='ocrx_word' id='word_1_208' title='bbox 3232 1585 3354 1640; x_wconf 67' lang='lat' dir='ltr'><strong>qum</strong></span> 
     </span>
    </p>
   </div>
   <div class='ocr_carea' id='block_1_30' title="bbox 1769 1663 3352 1742">
    <p class='ocr_par' dir='ltr' id='par_1_30' title="bbox 1769 1663 3352 1742">
     <span class='ocr_line' id='line_1_30' title="bbox 1769 1663 3352 1742; baseline -0.004 -22"><span class='ocrx_word' id='word_1_209' title='bbox 1769 1665 1837 1720; x_wconf 89' lang='lat' dir='ltr'><strong>de</strong></span> <span class='ocrx_word' id='word_1_210' title='bbox 1852 1674 1994 1720; x_wconf 89' lang='lat' dir='ltr'><strong>terra</strong></span> <span class='ocrx_word' id='word_1_211' title='bbox 2013 1668 2219 1742; x_wconf 77' lang='lat' dir='ltr'><strong>scripta</strong></span> <span class='ocrx_word' id='word_1_212' title='bbox 2233 1679 2380 1732; x_wconf 88' lang='lat' dir='ltr'><strong>sunt,</strong></span> <span class='ocrx_word' id='word_1_213' title='bbox 2399 1667 2676 1736; x_wconf 77' lang='lat' dir='ltr'><strong>sequitur:</strong></span> <span class='ocrx_word' id='word_1_214' title='bbox 2701 1683 2719 1715; x_wconf 77' lang='grc' dir='ltr'>ι</span> <span class='ocrx_word' id='word_1_215' title='bbox 2739 1663 3000 1718; x_wconf 63' lang='lat' dir='ltr'><strong>Tenebrae</strong></span> <span class='ocrx_word' id='word_1_216' title='bbox 3011 1669 3171 1718; x_wconf 87' lang='lat' dir='ltr'><strong>erant</strong></span> <span class='ocrx_word' id='word_1_217' title='bbox 3188 1675 3352 1731; x_wconf 85' lang='lat' dir='ltr'><strong>super</strong></span> 
     </span>
    </p>
   </div>
   <div class='ocr_carea' id='block_1_31' title="bbox 1769 1743 3346 1828">
    <p class='ocr_par' dir='ltr' id='par_1_31' title="bbox 1769 1743 3346 1828">
     <span class='ocr_line' id='line_1_31' title="bbox 1769 1743 3346 1828; baseline -0.003 -19"><span class='ocrx_word' id='word_1_218' title='bbox 1769 1758 2052 1828; x_wconf 82' lang='lat' dir='ltr'><strong>abyssum,</strong></span> <span class='ocrx_word' id='word_1_219' title='bbox 2079 1767 2134 1814; x_wconf 91' lang='lat' dir='ltr'><strong>et</strong></span> <span class='ocrx_word' id='word_1_220' title='bbox 2157 1743 2390 1828; x_wconf 21' lang='lat' dir='ltr'><strong>Ispiritus</strong></span> <span class='ocrx_word' id='word_1_221' title='bbox 2415 1759 2512 1813; x_wconf 80' lang='lat' dir='ltr'><strong>Dei</strong></span> <span class='ocrx_word' id='word_1_222' title='bbox 2540 1757 2818 1813; x_wconf 82' lang='lat' dir='ltr'><strong>ferebatur</strong></span> <span class='ocrx_word' id='word_1_223' title='bbox 2848 1771 3013 1824; x_wconf 87' lang='lat' dir='ltr'><strong>super</strong></span> <span class='ocrx_word' id='word_1_224' title='bbox 3033 1753 3310 1824; x_wconf 80' lang='lat' dir='ltr'><strong>aquam“.</strong></span> <span class='ocrx_word' id='word_1_225' title='bbox 3327 1771 3346 1805; x_wconf 83' lang='lat' dir='ltr'><strong>I</strong></span> 
     </span>
    </p>
   </div>
   <div class='ocr_carea' id='block_1_32' title="bbox 1770 1844 3354 1921">
    <p class='ocr_par' dir='ltr' id='par_1_32' title="bbox 1770 1844 3354 1921">
     <span class='ocr_line' id='line_1_32' title="bbox 1770 1844 3354 1921; baseline -0.004 -19"><span class='ocrx_word' id='word_1_226' title='bbox 1770 1849 2117 1904; x_wconf 79' lang='lat' dir='ltr'><strong>Arbitramur</strong></span> <span class='ocrx_word' id='word_1_227' title='bbox 2135 1850 2300 1921; x_wconf 79' lang='lat' dir='ltr'><strong>igitur</strong></span> <span class='ocrx_word' id='word_1_228' title='bbox 2317 1858 2528 1904; x_wconf 89' lang='lat' dir='ltr'><strong>tantum</strong></span> <span class='ocrx_word' id='word_1_229' title='bbox 2548 1849 2763 1912; x_wconf 88' lang='lat' dir='ltr'><strong>abesse,</strong></span> <span class='ocrx_word' id='word_1_230' title='bbox 2781 1856 2840 1902; x_wconf 91' lang='lat' dir='ltr'><strong>ut</strong></span> <span class='ocrx_word' id='word_1_231' title='bbox 2863 1846 3092 1917; x_wconf 84' lang='lat' dir='ltr'><strong>spiritus</strong></span> <span class='ocrx_word' id='word_1_232' title='bbox 3110 1844 3354 1900; x_wconf 76' lang='lat' dir='ltr'><strong>tenebra-</strong></span> 
     </span>
    </p>
   </div>
   <div class='ocr_carea' id='block_1_33' title="bbox 63 1916 1665 2014">
    <p class='ocr_par' dir='ltr' id='par_1_33' title="bbox 63 1928 1662 2008">
     <span class='ocr_line' id='line_1_33' title="bbox 63 1928 1662 2008; baseline 0.009 -30"><span class='ocrx_word' id='word_1_233' title='bbox 63 1928 166 1998; x_wconf 80' lang='grc' dir='ltr'>τῆς</span> <span class='ocrx_word' id='word_1_234' title='bbox 197 1929 304 1998; x_wconf 80' lang='grc' dir='ltr'>γῆς</span> <span class='ocrx_word' id='word_1_235' title='bbox 329 1931 505 1984; x_wconf 81' lang='grc' dir='ltr'>εἰπεῖν</span> <span class='ocrx_word' id='word_1_236' title='bbox 524 1948 537 1960; x_wconf 90' lang='grc'>·</span> <span class='ocrx_word' id='word_1_237' title='bbox 567 1932 647 1984; x_wconf 83' lang='grc' dir='ltr'>ὅτι</span> <span class='ocrx_word' id='word_1_238' title='bbox 675 1951 694 1982; x_wconf 83' lang='grc' dir='ltr'>ι</span> <span class='ocrx_word' id='word_1_239' title='bbox 733 1933 937 1998; x_wconf 89' lang='grc' dir='ltr'>Σκότος</span> <span class='ocrx_word' id='word_1_240' title='bbox 967 1931 1035 2008; x_wconf 85' lang='grc' dir='ltr'>ἦν</span> <span class='ocrx_word' id='word_1_241' title='bbox 1057 1937 1245 1990; x_wconf 79' lang='grc' dir='ltr'>ἐπάνω</span> <span class='ocrx_word' id='word_1_242' title='bbox 1269 1937 1368 2006; x_wconf 85' lang='grc' dir='ltr'><strong>τῆς</strong></span> <span class='ocrx_word' id='word_1_243' title='bbox 1395 1938 1662 2004; x_wconf 78' lang='grc' dir='ltr'>ἀϐύσσου,</span> 
     </span>
    </p>
   </div>
   <div class='ocr_carea' id='block_1_34' title="bbox 1771 1916 3350 2014">
    <p class='ocr_par' dir='ltr' id='par_1_34' title="bbox 1771 1916 3350 2014">
     <span class='ocr_line' id='line_1_34' title="bbox 1771 1916 3350 2014; baseline -0.005 -18"><span class='ocrx_word' id='word_1_244' title='bbox 1771 1958 1916 2006; x_wconf 90' lang='lat' dir='ltr'><strong>rum,</strong></span> <span class='ocrx_word' id='word_1_245' title='bbox 1939 1916 2179 2011; x_wconf 71' lang='lat' dir='ltr'><strong>spiritus</strong></span> <span class='ocrx_word' id='word_1_246' title='bbox 2193 1941 2287 1997; x_wconf 87' lang='lat' dir='ltr'><strong>Dei</strong></span> <span class='ocrx_word' id='word_1_247' title='bbox 2319 1943 2412 2009; x_wconf 90' lang='lat' dir='ltr'><strong>sit,</strong></span> <span class='ocrx_word' id='word_1_248' title='bbox 2441 1949 2708 2014; x_wconf 89' lang='lat' dir='ltr'><strong>quantum</strong></span> <span class='ocrx_word' id='word_1_249' title='bbox 2733 1916 2986 1995; x_wconf 18' lang='lat' dir='ltr'><strong>abestiab</strong></span> <span class='ocrx_word' id='word_1_250' title='bbox 3008 1936 3158 1991; x_wconf 86' lang='lat' dir='ltr'><strong>omni</strong></span> <span class='ocrx_word' id='word_1_251' title='bbox 3177 1935 3350 1990; x_wconf 89' lang='lat' dir='ltr'><strong>malo:</strong></span> 
     </span>
    </p>
   </div>
   <div class='ocr_carea' id='block_1_35' title="bbox 65 2017 1658 2096">
    <p class='ocr_par' dir='ltr' id='par_1_35' title="bbox 65 2017 1658 2096">
     <span class='ocr_line' id='line_1_35' title="bbox 65 2017 1658 2096; baseline 0.009 -27"><span class='ocrx_word' id='word_1_252' title='bbox 65 2017 165 2070; x_wconf 74' lang='grc' dir='ltr'><strong>καὶ</strong></span> <span class='ocrx_word' id='word_1_253' title='bbox 213 2019 432 2090; x_wconf 83' lang='grc' dir='ltr'>πνεῦμα</span> <span class='ocrx_word' id='word_1_254' title='bbox 479 2021 614 2074; x_wconf 82' lang='grc' dir='ltr'>Θεοῦ</span> <span class='ocrx_word' id='word_1_255' title='bbox 666 2024 969 2096; x_wconf 78' lang='grc' dir='ltr'>ἐπεφέρετο</span> <span class='ocrx_word' id='word_1_256' title='bbox 1014 2025 1200 2082; x_wconf 75' lang='grc' dir='ltr'>ἐπάνω</span> <span class='ocrx_word' id='word_1_257' title='bbox 1242 2027 1336 2080; x_wconf 88' lang='grc' dir='ltr'><strong>τοῦ</strong></span> <span class='ocrx_word' id='word_1_258' title='bbox 1388 2028 1599 2094; x_wconf 81' lang='grc' dir='ltr'>ὓδατος.</span> <span class='ocrx_word' id='word_1_259' title='bbox 1639 2049 1658 2082; x_wconf 80' lang='lat' dir='ltr'><strong>s</strong></span> 
     </span>
    </p>
   </div>
   <div class='ocr_carea' id='block_1_36' title="bbox 65 2111 1666 2188">
    <p class='ocr_par' dir='ltr' id='par_1_36' title="bbox 65 2111 1666 2188">
     <span class='ocr_line' id='line_1_36' title="bbox 65 2111 1666 2188; baseline 0.01 -27"><span class='ocrx_word' id='word_1_260' title='bbox 65 2111 452 2182; x_wconf 76' lang='grc' dir='ltr'>Στοχαζὸμεθα</span> <span class='ocrx_word' id='word_1_261' title='bbox 492 2115 670 2168; x_wconf 82' lang='grc' dir='ltr'>τοίνυν</span> <span class='ocrx_word' id='word_1_262' title='bbox 704 2117 788 2169; x_wconf 85' lang='grc' dir='ltr'><strong>ὅτι</strong></span> <span class='ocrx_word' id='word_1_263' title='bbox 821 2117 880 2169; x_wconf 70' lang='grc' dir='ltr'>τὸ</span> <span class='ocrx_word' id='word_1_264' title='bbox 923 2119 1140 2188; x_wconf 81' lang='grc' dir='ltr'>πνεῦμα</span> <span class='ocrx_word' id='word_1_265' title='bbox 1190 2119 1284 2172; x_wconf 87' lang='grc' dir='ltr'><strong>τοῦ</strong></span> <span class='ocrx_word' id='word_1_266' title='bbox 1313 2121 1448 2173; x_wconf 79' lang='grc' dir='ltr'>Θεοῦ</span> <span class='ocrx_word' id='word_1_267' title='bbox 1485 2122 1666 2178; x_wconf 86' lang='grc' dir='ltr'>τοσοῦ-</span> 
     </span>
    </p>
   </div>
   <div class='ocr_carea' id='block_1_37' title="bbox 61 2203 1664 2278">
    <p class='ocr_par' dir='ltr' id='par_1_37' title="bbox 61 2203 1664 2278">
     <span class='ocr_line' id='line_1_37' title="bbox 61 2203 1664 2278; baseline 0.009 -24"><span class='ocrx_word' id='word_1_268' title='bbox 61 2219 156 2254; x_wconf 87' lang='grc' dir='ltr'><strong>τον</strong></span> <span class='ocrx_word' id='word_1_269' title='bbox 203 2204 399 2274; x_wconf 81' lang='grc' dir='ltr'>ἀπέχει</span> <span class='ocrx_word' id='word_1_270' title='bbox 433 2205 527 2268; x_wconf 88' lang='grc' dir='ltr'><strong>τοῦ</strong></span> <span class='ocrx_word' id='word_1_271' title='bbox 579 2207 806 2272; x_wconf 76' lang='grc' dir='ltr'>σκότους</span> <span class='ocrx_word' id='word_1_272' title='bbox 835 2203 995 2272; x_wconf 74' lang='grc' dir='ltr'>εἶναι,</span> <span class='ocrx_word' id='word_1_273' title='bbox 1025 2211 1150 2263; x_wconf 81' lang='grc' dir='ltr'>ὅσον</span> <span class='ocrx_word' id='word_1_274' title='bbox 1197 2213 1290 2278; x_wconf 80' lang='grc' dir='ltr'>καὶ</span> <span class='ocrx_word' id='word_1_275' title='bbox 1334 2213 1536 2277; x_wconf 80' lang='grc' dir='ltr'>παντὸς</span> <span class='ocrx_word' id='word_1_276' title='bbox 1564 2232 1664 2268; x_wconf 90' lang='grc' dir='ltr'>κα-</span> 
     </span>
    </p>
   </div>
   <div class='ocr_carea' id='block_1_38' title="bbox 1769 2025 3356 2104">
    <p class='ocr_par' dir='ltr' id='par_1_38' title="bbox 1769 2025 3356 2104">
     <span class='ocr_line' id='line_1_38' title="bbox 1769 2025 3356 2104; baseline -0.003 -16"><span class='ocrx_word' id='word_1_277' title='bbox 1769 2033 1915 2104; x_wconf 91' lang='lat' dir='ltr'><strong>quod</strong></span> <span class='ocrx_word' id='word_1_278' title='bbox 1939 2033 2435 2089; x_wconf 84' lang='lat' dir='ltr'><strong>innumerabilibus</strong></span> <span class='ocrx_word' id='word_1_279' title='bbox 2468 2039 2676 2088; x_wconf 66' lang='lat' dir='ltr'><strong>sanctae</strong></span> <span class='ocrx_word' id='word_1_280' title='bbox 2701 2029 3000 2101; x_wconf 73' lang='lat' dir='ltr'><strong>Scriptum</strong></span> <span class='ocrx_word' id='word_1_281' title='bbox 3025 2025 3356 2084; x_wconf 66' lang='lat' dir='ltr'><strong>testimoniis</strong></span> 
     </span>
    </p>
   </div>
   <div class='ocr_carea' id='block_1_39' title="bbox 1771 2119 3356 2194">
    <p class='ocr_par' dir='ltr' id='par_1_39' title="bbox 1771 2119 3356 2194">
     <span class='ocr_line' id='line_1_39' title="bbox 1771 2119 3356 2194; baseline -0.004 -17"><span class='ocrx_word' id='word_1_282' title='bbox 1771 2137 2066 2194; x_wconf 84' lang='lat' dir='ltr'><strong>possumus</strong></span> <span class='ocrx_word' id='word_1_283' title='bbox 2089 2124 2471 2194; x_wconf 83' lang='lat' dir='ltr'><strong>comprobare,</strong></span> <span class='ocrx_word' id='word_1_284' title='bbox 2502 2120 2820 2193; x_wconf 64' lang='lat' dir='ltr'><strong>qureDeum</strong></span> <span class='ocrx_word' id='word_1_285' title='bbox 2847 2127 2902 2174; x_wconf 86' lang='lat' dir='ltr'><strong>et</strong></span> <span class='ocrx_word' id='word_1_286' title='bbox 2923 2119 3099 2172; x_wconf 90' lang='lat' dir='ltr'><strong>lucem</strong></span> <span class='ocrx_word' id='word_1_287' title='bbox 3119 2130 3245 2172; x_wconf 86' lang='lat' dir='ltr'><strong>esse</strong></span> <span class='ocrx_word' id='word_1_288' title='bbox 3268 2129 3356 2170; x_wconf 84' lang='lat' dir='ltr'><strong>ve-</strong></span> 
     </span>
    </p>
   </div>
   <div class='ocr_carea' id='block_1_40' title="bbox 1771 2209 3351 2279">
    <p class='ocr_par' dir='ltr' id='par_1_40' title="bbox 1771 2209 3351 2279">
     <span class='ocr_line' id='line_1_40' title="bbox 1771 2209 3351 2279; baseline -0.004 -10"><span class='ocrx_word' id='word_1_289' title='bbox 1771 2231 1888 2270; x_wconf 88' lang='lat' dir='ltr'><strong>ram</strong></span> <span class='ocrx_word' id='word_1_290' title='bbox 1927 2216 1974 2250; x_wconf 69' lang='grc' dir='ltr'>ἀ</span> <span class='ocrx_word' id='word_1_291' title='bbox 1999 2255 2014 2279; x_wconf 85' lang='grc'><strong>,</strong></span> <span class='ocrx_word' id='word_1_292' title='bbox 2037 2224 2093 2268; x_wconf 85' lang='lat' dir='ltr'><strong>et</strong></span> <span class='ocrx_word' id='word_1_293' title='bbox 2114 2216 2364 2270; x_wconf 81' lang='lat' dir='ltr'><strong>habitare</strong></span> <span class='ocrx_word' id='word_1_294' title='bbox 2393 2217 2569 2274; x_wconf 87' lang='lat' dir='ltr'><strong>lucem</strong></span> <span class='ocrx_word' id='word_1_295' title='bbox 2603 2216 2944 2269; x_wconf 88' lang='lat' dir='ltr'><strong>inaccessam</strong></span> <span class='ocrx_word' id='word_1_296' title='bbox 2986 2213 3028 2243; x_wconf 77' lang='grc' dir='ltr'>’ί</span> <span class='ocrx_word' id='word_1_297' title='bbox 3061 2209 3351 2265; x_wconf 77' lang='lat' dir='ltr'><strong>afﬁrmant.</strong></span> 
     </span>
    </p>
   </div>
   <div class='ocr_carea' id='block_1_41' title="bbox 61 2293 3356 2382">
    <p class='ocr_par' dir='ltr' id='par_1_41' title="bbox 61 2293 3356 2382">
     <span class='ocr_line' id='line_1_41' title="bbox 61 2293 3356 2382; baseline 0.003 -36"><span class='ocrx_word' id='word_1_298' title='bbox 61 2293 166 2347; x_wconf 84' lang='grc' dir='ltr'><strong>κοῦ</strong></span> <span class='ocrx_word' id='word_1_299' title='bbox 193 2295 491 2366; x_wconf 77' lang='grc' dir='ltr'>ἀλλοτρίως</span> <span class='ocrx_word' id='word_1_300' title='bbox 523 2297 654 2368; x_wconf 80' lang='grc' dir='ltr'>ἔχει,</span> <span class='ocrx_word' id='word_1_301' title='bbox 679 2299 789 2351; x_wconf 81' lang='grc' dir='ltr'><strong>Καὶ</strong></span> <span class='ocrx_word' id='word_1_302' title='bbox 823 2301 1026 2370; x_wconf 87' lang='grc' dir='ltr'>μυρίας</span> <span class='ocrx_word' id='word_1_303' title='bbox 1057 2300 1174 2353; x_wconf 80' lang='grc' dir='ltr'>ἔστι</span> <span class='ocrx_word' id='word_1_304' title='bbox 1215 2303 1343 2373; x_wconf 81' lang='grc' dir='ltr'>περὶ</span> <span class='ocrx_word' id='word_1_305' title='bbox 1376 2303 1568 2357; x_wconf 88' lang='grc' dir='ltr'>τούτου</span> <span class='ocrx_word' id='word_1_306' title='bbox 1598 2304 1697 2374; x_wconf 77' lang='grc' dir='ltr'>τῆς</span> <span class='ocrx_word' id='word_1_307' title='bbox 1724 2306 1886 2374; x_wconf 76' lang='grc' dir='ltr'>ἁγίας</span> <span class='ocrx_word' id='word_1_308' title='bbox 1916 2307 2137 2376; x_wconf 84' lang='grc' dir='ltr'>Γοαφῆς</span> <span class='ocrx_word' id='word_1_309' title='bbox 2181 2305 2540 2377; x_wconf 65' lang='grc' dir='ltr'>παραθέσθαιξ</span> <span class='ocrx_word' id='word_1_310' title='bbox 2568 2304 2781 2374; x_wconf 79' lang='grc' dir='ltr'>φωνὰς,</span> <span class='ocrx_word' id='word_1_311' title='bbox 2808 2304 2890 2356; x_wconf 83' lang='grc' dir='ltr'><strong>ὅτι</strong></span> <span class='ocrx_word' id='word_1_312' title='bbox 2919 2303 3015 2382; x_wconf 70' lang='grc' dir='ltr'>καὶ</span> <span class='ocrx_word' id='word_1_313' title='bbox 3057 2301 3174 2372; x_wconf 83' lang='grc' dir='ltr'>φῶς</span> <span class='ocrx_word' id='word_1_314' title='bbox 3207 2301 3356 2356; x_wconf 76' lang='grc' dir='ltr'>ἐστιν</span> 
     </span>
    </p>
   </div>
   <div class='ocr_carea' id='block_1_42' title="bbox 59 2387 1457 2467">
    <p class='ocr_par' dir='ltr' id='par_1_42' title="bbox 59 2387 1457 2467">
     <span class='ocr_line' id='line_1_42' title="bbox 59 2387 1457 2467; baseline 0.01 -30"><span class='ocrx_word' id='word_1_315' title='bbox 59 2387 320 2457; x_wconf 74' lang='grc' dir='ltr'>ἀληθινὸν</span> <span class='ocrx_word' id='word_1_316' title='bbox 365 2391 394 2441; x_wconf 89' lang='grc' dir='ltr'>ὁ</span> <span class='ocrx_word' id='word_1_317' title='bbox 442 2389 594 2454; x_wconf 76' lang='grc' dir='ltr'>Θεὸς,</span> <span class='ocrx_word' id='word_1_318' title='bbox 637 2392 731 2450; x_wconf 76' lang='grc' dir='ltr'><strong>καὶ</strong></span> <span class='ocrx_word' id='word_1_319' title='bbox 787 2393 927 2458; x_wconf 69' lang='grc' dir='ltr'>οἰκεῖ</span> <span class='ocrx_word' id='word_1_320' title='bbox 980 2394 1277 2467; x_wconf 75' lang='grc' dir='ltr'>ἀπρόσιτον</span> <span class='ocrx_word' id='word_1_321' title='bbox 1321 2396 1457 2464; x_wconf 85' lang='grc' dir='ltr'>φῶς.</span> 
     </span>
    </p>
   </div>
   <div class='ocr_carea' id='block_1_43' title="bbox 135 2479 1671 2564">
    <p class='ocr_par' dir='ltr' id='par_1_43' title="bbox 135 2479 1671 2564">
     <span class='ocr_line' id='line_1_43' title="bbox 135 2479 1671 2564; baseline 0.01 -34"><span class='ocrx_word' id='word_1_322' title='bbox 135 2479 214 2531; x_wconf 78' lang='grc' dir='ltr'><strong>Τὸ</strong></span> <span class='ocrx_word' id='word_1_323' title='bbox 232 2479 288 2532; x_wconf 78' lang='grc' dir='ltr'><strong>δὲ</strong></span> <span class='ocrx_word' id='word_1_324' title='bbox 315 2481 534 2551; x_wconf 86' lang='grc' dir='ltr'>πνεῦμα</span> <span class='ocrx_word' id='word_1_325' title='bbox 551 2481 652 2554; x_wconf 33' lang='grc' dir='ltr'>,τοῦ</span> <span class='ocrx_word' id='word_1_326' title='bbox 674 2481 1032 2554; x_wconf 38' lang='grc' dir='ltr'>Θεοῦ-,ταύτὸν</span> <span class='ocrx_word' id='word_1_327' title='bbox 1051 2491 1116 2558; x_wconf 83' lang='grc' dir='ltr'>τῇ</span> <span class='ocrx_word' id='word_1_328' title='bbox 1156 2489 1314 2558; x_wconf 85' lang='grc' dir='ltr'>φύσει</span> <span class='ocrx_word' id='word_1_329' title='bbox 1344 2493 1494 2545; x_wconf 74' lang='grc' dir='ltr'>ἐστὶν</span> <span class='ocrx_word' id='word_1_330' title='bbox 1523 2491 1671 2564; x_wconf 79' lang='grc' dir='ltr'>αὐτῷ</span> 
     </span>
    </p>
   </div>
   <div class='ocr_carea' id='block_1_44' title="bbox 59 2569 1670 2652">
    <p class='ocr_par' dir='ltr' id='par_1_44' title="bbox 59 2569 1670 2652">
     <span class='ocr_line' id='line_1_44' title="bbox 59 2569 1670 2652; baseline 0.006 -26"><span class='ocrx_word' id='word_1_331' title='bbox 59 2575 140 2642; x_wconf 72' lang='grc' dir='ltr'>τῷ</span> <span class='ocrx_word' id='word_1_332' title='bbox 157 2573 300 2644; x_wconf 83' lang='grc' dir='ltr'>Θεῷ·</span> <span class='ocrx_word' id='word_1_333' title='bbox 321 2576 369 2626; x_wconf 87' lang='grc' dir='ltr'><strong>εί</strong></span> <span class='ocrx_word' id='word_1_334' title='bbox 399 2574 456 2628; x_wconf 85' lang='grc' dir='ltr'>δὲ</span> <span class='ocrx_word' id='word_1_335' title='bbox 490 2576 588 2646; x_wconf 77' lang='grc' dir='ltr'><strong>μία</strong></span> <span class='ocrx_word' id='word_1_336' title='bbox 607 2575 770 2644; x_wconf 80' lang='grc' dir='ltr'>φύσις</span> <span class='ocrx_word' id='word_1_337' title='bbox 792 2577 887 2630; x_wconf 84' lang='grc' dir='ltr'><strong>τοῦ</strong></span> <span class='ocrx_word' id='word_1_338' title='bbox 913 2577 1047 2630; x_wconf 86' lang='grc' dir='ltr'>Θεοῦ</span> <span class='ocrx_word' id='word_1_339' title='bbox 1073 2581 1167 2631; x_wconf 68' lang='grc' dir='ltr'><strong>καὶ</strong></span> <span class='ocrx_word' id='word_1_340' title='bbox 1195 2581 1286 2632; x_wconf 80' lang='grc' dir='ltr'><strong>τοῦ</strong></span> <span class='ocrx_word' id='word_1_341' title='bbox 1323 2582 1634 2652; x_wconf 81' lang='grc' dir='ltr'>πνεύματος</span> <span class='ocrx_word' id='word_1_342' title='bbox 1647 2569 1670 2644; x_wconf 50' lang='grc'>,’</span> 
     </span>
    </p>
   </div>
   <div class='ocr_carea' id='block_1_45' title="bbox 60 2661 1670 2734">
    <p class='ocr_par' dir='ltr' id='par_1_45' title="bbox 60 2661 1670 2734">
     <span class='ocr_line' id='line_1_45' title="bbox 60 2661 1670 2734; baseline 0.005 -23"><span class='ocrx_word' id='word_1_343' title='bbox 60 2663 184 2731; x_wconf 66' lang='grc' dir='ltr'>φῶς</span> <span class='ocrx_word' id='word_1_344' title='bbox 212 2661 270 2715; x_wconf 78' lang='grc' dir='ltr'>δὲ</span> <span class='ocrx_word' id='word_1_345' title='bbox 287 2663 314 2715; x_wconf 86' lang='grc' dir='ltr'>ὀ</span> <span class='ocrx_word' id='word_1_346' title='bbox 327 2662 479 2727; x_wconf 76' lang='grc' dir='ltr'>Θεὸς,</span> <span class='ocrx_word' id='word_1_347' title='bbox 505 2663 619 2731; x_wconf 85' lang='grc' dir='ltr'><strong>φῶς</strong></span> <span class='ocrx_word' id='word_1_348' title='bbox 635 2663 700 2716; x_wconf 80' lang='grc' dir='ltr'><strong>ἂν</strong></span> <span class='ocrx_word' id='word_1_349' title='bbox 713 2679 739 2732; x_wconf 85' lang='grc' dir='ltr'><strong>ε</strong></span> <span class='ocrx_word' id='word_1_350' title='bbox 749 2663 800 2734; x_wconf 80' lang='grc' dir='ltr'><strong>ίη</strong></span> <span class='ocrx_word' id='word_1_351' title='bbox 821 2665 1038 2728; x_wconf 80' lang='grc' dir='ltr'>πάντως</span> <span class='ocrx_word' id='word_1_352' title='bbox 1064 2667 1158 2728; x_wconf 71' lang='grc' dir='ltr'><strong>καὶ</strong></span> <span class='ocrx_word' id='word_1_353' title='bbox 1174 2667 1266 2720; x_wconf 83' lang='grc' dir='ltr'><strong>τοῦ</strong></span> <span class='ocrx_word' id='word_1_354' title='bbox 1281 2667 1417 2719; x_wconf 83' lang='grc' dir='ltr'>Θεοῦ</span> <span class='ocrx_word' id='word_1_355' title='bbox 1435 2667 1495 2719; x_wconf 73' lang='grc' dir='ltr'>τὸ</span> <span class='ocrx_word' id='word_1_356' title='bbox 1513 2665 1670 2720; x_wconf 89' lang='grc' dir='ltr'>πνεῦ-</span> 
     </span>
    </p>
   </div>
   <div class='ocr_carea' id='block_1_46' title="bbox 61 2753 1669 2826">
    <p class='ocr_par' dir='ltr' id='par_1_46' title="bbox 61 2753 1669 2826">
     <span class='ocr_line' id='line_1_46' title="bbox 61 2753 1669 2826; baseline 0.003 -17"><span class='ocrx_word' id='word_1_357' title='bbox 61 2774 164 2824; x_wconf 77' lang='grc' dir='ltr'>μα.</span> <span class='ocrx_word' id='word_1_358' title='bbox 185 2755 262 2807; x_wconf 69' lang='grc' dir='ltr'><strong>Τὸ</strong></span> <span class='ocrx_word' id='word_1_359' title='bbox 295 2755 352 2808; x_wconf 80' lang='grc' dir='ltr'>δὲ</span> <span class='ocrx_word' id='word_1_360' title='bbox 377 2755 490 2824; x_wconf 85' lang='grc' dir='ltr'>φῶς</span> <span class='ocrx_word' id='word_1_361' title='bbox 521 2759 578 2808; x_wconf 84' lang='grc' dir='ltr'><strong>ἐν</strong></span> <span class='ocrx_word' id='word_1_362' title='bbox 604 2757 746 2824; x_wconf 78' lang='grc' dir='ltr'>φωτὶ</span> <span class='ocrx_word' id='word_1_363' title='bbox 781 2755 994 2822; x_wconf 85' lang='grc' dir='ltr'>πάντως</span> <span class='ocrx_word' id='word_1_364' title='bbox 1028 2761 1174 2810; x_wconf 87' lang='grc' dir='ltr'>ποιεῖ</span> <span class='ocrx_word' id='word_1_365' title='bbox 1201 2759 1408 2826; x_wconf 80' lang='grc' dir='ltr'>ἐκεῖνα,</span> <span class='ocrx_word' id='word_1_366' title='bbox 1441 2753 1524 2822; x_wconf 79' lang='grc' dir='ltr'>οἷς</span> <span class='ocrx_word' id='word_1_367' title='bbox 1547 2760 1669 2814; x_wconf 80' lang='grc' dir='ltr'>ἐπι-</span> 
     </span>
    </p>
   </div>
   <div class='ocr_carea' id='block_1_47' title="bbox 59 2835 1666 2922">
    <p class='ocr_par' dir='ltr' id='par_1_47' title="bbox 59 2835 1666 2922">
     <span class='ocr_line' id='line_1_47' title="bbox 59 2835 1666 2922; baseline 0.002 -22"><span class='ocrx_word' id='word_1_368' title='bbox 59 2835 126 2916; x_wconf 70' lang='grc' dir='ltr'><em>φέ</em></span> <span class='ocrx_word' id='word_1_369' title='bbox 137 2865 316 2918; x_wconf 87' lang='grc' dir='ltr'>ρεται.</span> <span class='ocrx_word' id='word_1_370' title='bbox 339 2848 412 2901; x_wconf 78' lang='grc' dir='ltr'>Τὸ</span> <span class='ocrx_word' id='word_1_371' title='bbox 428 2848 484 2901; x_wconf 79' lang='grc' dir='ltr'><strong>δὲ</strong></span> <span class='ocrx_word' id='word_1_372' title='bbox 509 2847 654 2920; x_wconf 73' lang='grc' dir='ltr'>ὕδωρ</span> <span class='ocrx_word' id='word_1_373' title='bbox 737 2849 808 2901; x_wconf 74' lang='grc' dir='ltr'><strong>τὸ·</strong></span> <span class='ocrx_word' id='word_1_374' title='bbox 826 2849 1044 2920; x_wconf 90' lang='grc' dir='ltr'>πνεῦμα</span> <span class='ocrx_word' id='word_1_375' title='bbox 1069 2849 1162 2911; x_wconf 84' lang='grc' dir='ltr'><strong>τοῦ</strong></span> <span class='ocrx_word' id='word_1_376' title='bbox 1184 2849 1321 2903; x_wconf 82' lang='grc' dir='ltr'>Θεοῦ</span> <span class='ocrx_word' id='word_1_377' title='bbox 1345 2851 1512 2919; x_wconf 83' lang='grc' dir='ltr'>ἑπεφέ</span> <span class='ocrx_word' id='word_1_378' title='bbox 1523 2867 1666 2922; x_wconf 89' lang='grc' dir='ltr'>ρετο,</span> 
     </span>
    </p>
   </div>
   <div class='ocr_carea' id='block_1_48' title="bbox 62 2941 1667 3013">
    <p class='ocr_par' dir='ltr' id='par_1_48' title="bbox 62 2941 1667 3013">
     <span class='ocr_line' id='line_1_48' title="bbox 62 2941 1667 3013; baseline 0.002 -21"><span class='ocrx_word' id='word_1_379' title='bbox 62 2941 193 3002; x_wconf 74' lang='grc' dir='ltr'>ἀλλο</span> <span class='ocrx_word' id='word_1_380' title='bbox 245 2957 298 2992; x_wconf 92' lang='grc' dir='ltr'>τι</span> <span class='ocrx_word' id='word_1_381' title='bbox 354 2941 510 3010; x_wconf 86' lang='grc' dir='ltr'><strong>παρά</strong></span> <span class='ocrx_word' id='word_1_382' title='bbox 544 2941 642 3012; x_wconf 74' lang='grc' dir='ltr'><strong>τὴν</strong></span> <span class='ocrx_word' id='word_1_383' title='bbox 699 2942 994 3012; x_wconf 82' lang='grc' dir='ltr'>κατωφερῆ</span> <span class='ocrx_word' id='word_1_384' title='bbox 1036 2941 1244 3012; x_wconf 86' lang='grc' dir='ltr'>ταύτην</span> <span class='ocrx_word' id='word_1_385' title='bbox 1276 2943 1384 2995; x_wconf 84' lang='grc' dir='ltr'><strong>τῶν</strong></span> <span class='ocrx_word' id='word_1_386' title='bbox 1425 2941 1667 3013; x_wconf 77' lang='grc' dir='ltr'>ρευστῶν</span> 
     </span>
    </p>
   </div>
   <div class='ocr_carea' id='block_1_49' title="bbox 61 3031 1672 3106">
    <p class='ocr_par' dir='ltr' id='par_1_49' title="bbox 61 3031 1672 3106">
     <span class='ocr_line' id='line_1_49' title="bbox 61 3031 1672 3106; baseline 0.002 -21"><span class='ocrx_word' id='word_1_387' title='bbox 61 3033 282 3086; x_wconf 67' lang='grc' dir='ltr'>ὑδάτων</span> <span class='ocrx_word' id='word_1_388' title='bbox 323 3033 487 3102; x_wconf 79' lang='grc' dir='ltr'>φύσιν</span> <span class='ocrx_word' id='word_1_389' title='bbox 536 3033 702 3097; x_wconf 71' lang='grc' dir='ltr'>ἐστὶν,</span> <span class='ocrx_word' id='word_1_390' title='bbox 737 3033 764 3085; x_wconf 84' lang='grc' dir='ltr'><strong>ὃ</strong></span> <span class='ocrx_word' id='word_1_391' title='bbox 787 3031 865 3103; x_wconf 83' lang='grc' dir='ltr'><strong>τῷ</strong></span> <span class='ocrx_word' id='word_1_392' title='bbox 901 3031 1242 3105; x_wconf 81' lang='grc' dir='ltr'>στερεώματι</span> <span class='ocrx_word' id='word_1_393' title='bbox 1267 3034 1403 3104; x_wconf 84' lang='grc' dir='ltr'>πρὸς</span> <span class='ocrx_word' id='word_1_394' title='bbox 1435 3033 1494 3086; x_wconf 81' lang='grc' dir='ltr'><strong>τὸ</strong></span> <span class='ocrx_word' id='word_1_395' title='bbox 1525 3033 1672 3106; x_wconf 54' lang='grc' dir='ltr'>βαρύ,</span> 
     </span>
    </p>
   </div>
   <div class='ocr_carea' id='block_1_50' title="bbox 59 3126 1664 3199">
    <p class='ocr_par' dir='ltr' id='par_1_50' title="bbox 59 3126 1664 3199">
     <span class='ocr_line' id='line_1_50' title="bbox 59 3126 1664 3199; baseline 0 -19"><span class='ocrx_word' id='word_1_396' title='bbox 59 3145 122 3180; x_wconf 85' lang='grc' dir='ltr'><strong>τε</strong></span> <span class='ocrx_word' id='word_1_397' title='bbox 163 3128 266 3182; x_wconf 71' lang='grc' dir='ltr'>καὶ</span> <span class='ocrx_word' id='word_1_398' title='bbox 310 3128 630 3198; x_wconf 74' lang='grc' dir='ltr'>κατωφερὲς</span> <span class='ocrx_word' id='word_1_399' title='bbox 665 3126 808 3198; x_wconf 74' lang='grc' dir='ltr'>ὕδωρ</span> <span class='ocrx_word' id='word_1_400' title='bbox 858 3127 1266 3197; x_wconf 78' lang='grc' dir='ltr'>διατειχίζεται.</span> <span class='ocrx_word' id='word_1_401' title='bbox 1314 3127 1378 3180; x_wconf 85' lang='grc' dir='ltr'>Εἰ</span> <span class='ocrx_word' id='word_1_402' title='bbox 1415 3127 1472 3181; x_wconf 81' lang='grc' dir='ltr'><strong>δὲ</strong></span> <span class='ocrx_word' id='word_1_403' title='bbox 1523 3127 1664 3199; x_wconf 79' lang='grc' dir='ltr'>ὕδωρ</span> 
     </span>
    </p>
   </div>
   <div class='ocr_carea' id='block_1_51' title="bbox 61 3209 1665 3292">
    <p class='ocr_par' dir='ltr' id='par_1_51' title="bbox 61 3209 1665 3292">
     <span class='ocr_line' id='line_1_51' title="bbox 61 3209 1665 3292; baseline 0.001 -21"><span class='ocrx_word' id='word_1_404' title='bbox 61 3220 296 3276; x_wconf 78' lang='grc' dir='ltr'>κάκεῖνο</span> <span class='ocrx_word' id='word_1_405' title='bbox 331 3217 486 3288; x_wconf 84' lang='grc' dir='ltr'><strong>παρά</strong></span> <span class='ocrx_word' id='word_1_406' title='bbox 541 3218 638 3288; x_wconf 81' lang='grc' dir='ltr'>τῆς</span> <span class='ocrx_word' id='word_1_407' title='bbox 675 3217 900 3288; x_wconf 84' lang='grc' dir='ltr'>Γραφῆς</span> <span class='ocrx_word' id='word_1_408' title='bbox 949 3215 1307 3288; x_wconf 73' lang='grc' dir='ltr'>ὀνομάζεται,</span> <span class='ocrx_word' id='word_1_409' title='bbox 1345 3209 1392 3284; x_wconf 80' lang='grc' dir='ltr'>ᾧ</span> <span class='ocrx_word' id='word_1_410' title='bbox 1444 3217 1533 3271; x_wconf 80' lang='grc' dir='ltr'><strong>διὰ</strong></span> <span class='ocrx_word' id='word_1_411' title='bbox 1564 3215 1665 3292; x_wconf 78' lang='grc' dir='ltr'>τῆς</span> 
     </span>
    </p>
   </div>
   <div class='ocr_carea' id='block_1_52' title="bbox 1846 2481 3354 2556">
    <p class='ocr_par' dir='ltr' id='par_1_52' title="bbox 1846 2481 3354 2556">
     <span class='ocr_line' id='line_1_52' title="bbox 1846 2481 3354 2556; baseline 0.001 -16"><span class='ocrx_word' id='word_1_412' title='bbox 1846 2485 2086 2556; x_wconf 83' lang='lat' dir='ltr'><strong>Spiritus</strong></span> <span class='ocrx_word' id='word_1_413' title='bbox 2124 2495 2304 2540; x_wconf 88' lang='lat' dir='ltr'><strong>autem</strong></span> <span class='ocrx_word' id='word_1_414' title='bbox 2333 2484 2426 2541; x_wconf 86' lang='lat' dir='ltr'><strong>Dei</strong></span> <span class='ocrx_word' id='word_1_415' title='bbox 2465 2499 2530 2540; x_wconf 87' lang='lat' dir='ltr'><strong>ea</strong></span> <span class='ocrx_word' id='word_1_416' title='bbox 2563 2499 2730 2554; x_wconf 87' lang='lat' dir='ltr'><strong>super</strong></span> <span class='ocrx_word' id='word_1_417' title='bbox 2759 2499 2881 2554; x_wconf 68' lang='lat' dir='ltr'><strong>quae</strong></span> <span class='ocrx_word' id='word_1_418' title='bbox 2916 2481 3109 2548; x_wconf 87' lang='lat' dir='ltr'><strong>fertur,</strong></span> <span class='ocrx_word' id='word_1_419' title='bbox 3149 2485 3354 2542; x_wconf 79' lang='lat' dir='ltr'><strong>similia</strong></span> 
     </span>
    </p>
   </div>
   <div class='ocr_carea' id='block_1_53' title="bbox 1775 2574 3358 2645">
    <p class='ocr_par' dir='ltr' id='par_1_53' title="bbox 1775 2574 3358 2645">
     <span class='ocr_line' id='line_1_53' title="bbox 1775 2574 3358 2645; baseline 0.002 -16"><span class='ocrx_word' id='word_1_420' title='bbox 1775 2575 1905 2629; x_wconf 80' lang='lat' dir='ltr'><strong>facit</strong></span> <span class='ocrx_word' id='word_1_421' title='bbox 1935 2575 2004 2629; x_wconf 91' lang='lat' dir='ltr'><strong>iis</strong></span> <span class='ocrx_word' id='word_1_422' title='bbox 2031 2589 2154 2644; x_wconf 82' lang='lat' dir='ltr'><strong>quae</strong></span> <span class='ocrx_word' id='word_1_423' title='bbox 2182 2575 2252 2638; x_wconf 33' lang='lat' dir='ltr'><strong>in,</strong></span> <span class='ocrx_word' id='word_1_424' title='bbox 2273 2575 2394 2630; x_wconf 90' lang='lat' dir='ltr'><strong>luce</strong></span> <span class='ocrx_word' id='word_1_425' title='bbox 2429 2584 2582 2630; x_wconf 87' lang='lat' dir='ltr'><strong>sunt.</strong></span> <span class='ocrx_word' id='word_1_426' title='bbox 2613 2574 2980 2640; x_wconf 79' lang='lat' dir='ltr'><strong>Quamobrem</strong></span> <span class='ocrx_word' id='word_1_427' title='bbox 3014 2589 3156 2645; x_wconf 90' lang='lat' dir='ltr'><strong>aqua</strong></span> <span class='ocrx_word' id='word_1_428' title='bbox 3191 2591 3358 2645; x_wconf 84' lang='lat' dir='ltr'><strong>super</strong></span> 
     </span>
    </p>
   </div>
   <div class='ocr_carea' id='block_1_54' title="bbox 1773 2667 3354 2739">
    <p class='ocr_par' dir='ltr' id='par_1_54' title="bbox 1773 2667 3354 2739">
     <span class='ocr_line' id='line_1_54' title="bbox 1773 2667 3354 2739; baseline 0.002 -17"><span class='ocrx_word' id='word_1_429' title='bbox 1773 2685 1936 2739; x_wconf 87' lang='lat' dir='ltr'><strong>quam</strong></span> <span class='ocrx_word' id='word_1_430' title='bbox 1967 2667 2062 2724; x_wconf 86' lang='lat' dir='ltr'><strong>Dei</strong></span> <span class='ocrx_word' id='word_1_431' title='bbox 2111 2669 2339 2738; x_wconf 86' lang='lat' dir='ltr'><strong>spiritus</strong></span> <span class='ocrx_word' id='word_1_432' title='bbox 2371 2667 2674 2734; x_wconf 81' lang='lat' dir='ltr'><strong>ferebatur,</strong></span> <span class='ocrx_word' id='word_1_433' title='bbox 2711 2669 2768 2723; x_wconf 89' lang='lat' dir='ltr'><strong>in</strong></span> <span class='ocrx_word' id='word_1_434' title='bbox 2803 2670 2924 2724; x_wconf 90' lang='lat' dir='ltr'><strong>luce</strong></span> <span class='ocrx_word' id='word_1_435' title='bbox 2953 2677 3070 2724; x_wconf 86' lang='lat' dir='ltr'><strong>erat</strong></span> <span class='ocrx_word' id='word_1_436' title='bbox 3103 2670 3354 2736; x_wconf 88' lang='lat' dir='ltr'><strong>omnino,</strong></span> 
     </span>
    </p>
   </div>
   <div class='ocr_carea' id='block_1_55' title="bbox 1770 2760 3354 2831">
    <p class='ocr_par' dir='ltr' id='par_1_55' title="bbox 1770 2760 3354 2831">
     <span class='ocr_line' id='line_1_55' title="bbox 1770 2760 3354 2831; baseline -0.001 -13"><span class='ocrx_word' id='word_1_437' title='bbox 1770 2771 1826 2818; x_wconf 88' lang='lat' dir='ltr'><strong>et</strong></span> <span class='ocrx_word' id='word_1_438' title='bbox 1860 2777 1890 2815; x_wconf 80' lang='grc' dir='ltr'><strong>ο</strong></span> <span class='ocrx_word' id='word_1_439' title='bbox 1921 2760 2161 2816; x_wconf 86' lang='lat' dir='ltr'><strong>tenebris</strong></span> <span class='ocrx_word' id='word_1_440' title='bbox 2191 2769 2448 2831; x_wconf 86' lang='lat' dir='ltr'><strong>separata</strong></span> <span class='ocrx_word' id='word_1_441' title='bbox 2467 2799 2485 2825; x_wconf 90' lang='lat'><strong>,</strong></span> <span class='ocrx_word' id='word_1_442' title='bbox 2516 2768 2572 2816; x_wconf 89' lang='lat' dir='ltr'><strong>et</strong></span> <span class='ocrx_word' id='word_1_443' title='bbox 2607 2761 2731 2816; x_wconf 88' lang='lat' dir='ltr'><strong>ideo</strong></span> <span class='ocrx_word' id='word_1_444' title='bbox 2765 2761 2842 2816; x_wconf 88' lang='lat' dir='ltr'><strong>illi</strong></span> <span class='ocrx_word' id='word_1_445' title='bbox 2873 2775 2981 2816; x_wconf 87' lang='lat' dir='ltr'><strong>non</strong></span> <span class='ocrx_word' id='word_1_446' title='bbox 3015 2769 3136 2815; x_wconf 87' lang='lat' dir='ltr'><strong>erat</strong></span> <span class='ocrx_word' id='word_1_447' title='bbox 3166 2777 3308 2830; x_wconf 91' lang='lat' dir='ltr'><strong>opus</strong></span> <span class='ocrx_word' id='word_1_448' title='bbox 3339 2804 3354 2828; x_wconf 92' lang='lat'><strong>,</strong></span> 
     </span>
    </p>
   </div>
   <div class='ocr_carea' id='block_1_56' title="bbox 1771 2852 3356 2920">
    <p class='ocr_par' dir='ltr' id='par_1_56' title="bbox 1771 2852 3356 2920">
     <span class='ocr_line' id='line_1_56' title="bbox 1771 2852 3356 2920; baseline 0 -12"><span class='ocrx_word' id='word_1_449' title='bbox 1771 2869 1896 2908; x_wconf 88' lang='lat' dir='ltr'><strong>cum</strong></span> <span class='ocrx_word' id='word_1_450' title='bbox 1929 2855 1986 2907; x_wconf 89' lang='lat' dir='ltr'><strong>in</strong></span> <span class='ocrx_word' id='word_1_451' title='bbox 2017 2852 2260 2908; x_wconf 83' lang='lat' dir='ltr'><strong>tenebris</strong></span> <span class='ocrx_word' id='word_1_452' title='bbox 2289 2868 2398 2906; x_wconf 88' lang='lat' dir='ltr'><strong>non</strong></span> <span class='ocrx_word' id='word_1_453' title='bbox 2429 2858 2608 2920; x_wconf 88' lang='lat' dir='ltr'><strong>esset,</strong></span> <span class='ocrx_word' id='word_1_454' title='bbox 2639 2861 2699 2906; x_wconf 90' lang='lat' dir='ltr'><strong>ut</strong></span> <span class='ocrx_word' id='word_1_455' title='bbox 2719 2853 3120 2908; x_wconf 85' lang='lat' dir='ltr'><strong>illustraretur.</strong></span> <span class='ocrx_word' id='word_1_456' title='bbox 3148 2853 3282 2920; x_wconf 58' lang='lat' dir='ltr'><strong>Quae</strong></span> <span class='ocrx_word' id='word_1_457' title='bbox 3307 2854 3356 2910; x_wconf 89' lang='lat' dir='ltr'><strong>si</strong></span> 
     </span>
    </p>
   </div>
   <div class='ocr_carea' id='block_1_57' title="bbox 1767 2942 3351 3015">
    <p class='ocr_par' dir='ltr' id='par_1_57' title="bbox 1767 2942 3351 3015">
     <span class='ocr_line' id='line_1_57' title="bbox 1767 2942 3351 3015; baseline 0.001 -17"><span class='ocrx_word' id='word_1_458' title='bbox 1767 2949 1921 3000; x_wconf 83' lang='lat' dir='ltr'><strong>recte</strong></span> <span class='ocrx_word' id='word_1_459' title='bbox 1954 2943 2306 3001; x_wconf 84' lang='lat' dir='ltr'><strong>considerata</strong></span> <span class='ocrx_word' id='word_1_460' title='bbox 2343 2951 2503 3007; x_wconf 89' lang='lat' dir='ltr'><strong>sunt,</strong></span> <span class='ocrx_word' id='word_1_461' title='bbox 2541 2959 2684 3012; x_wconf 86' lang='lat' dir='ltr'><strong>aqua</strong></span> <span class='ocrx_word' id='word_1_462' title='bbox 2703 2942 2972 3013; x_wconf 68' lang='lat' dir='ltr'><strong>,profecto</strong></span> <span class='ocrx_word' id='word_1_463' title='bbox 2993 2983 3008 3008; x_wconf 93' lang='lat'><strong>,</strong></span> <span class='ocrx_word' id='word_1_464' title='bbox 3042 2959 3208 3013; x_wconf 89' lang='lat' dir='ltr'><strong>super</strong></span> <span class='ocrx_word' id='word_1_465' title='bbox 3237 2959 3351 3015; x_wconf 81' lang='lat' dir='ltr'><strong>qua</strong></span> 
     </span>
    </p>
   </div>
   <div class='ocr_carea' id='block_1_58' title="bbox 1770 3033 3352 3105">
    <p class='ocr_par' dir='ltr' id='par_1_58' title="bbox 1770 3033 3352 3105">
     <span class='ocr_line' id='line_1_58' title="bbox 1770 3033 3352 3105; baseline 0.002 -16"><span class='ocrx_word' id='word_1_466' title='bbox 1770 3037 2049 3098; x_wconf 76' lang='lat' dir='ltr'><strong>ferebatur</strong></span> <span class='ocrx_word' id='word_1_467' title='bbox 2119 3035 2354 3105; x_wconf 86' lang='lat' dir='ltr'><strong>spiritus</strong></span> <span class='ocrx_word' id='word_1_468' title='bbox 2410 3033 2546 3101; x_wconf 88' lang='lat' dir='ltr'><strong>Dei,</strong></span> <span class='ocrx_word' id='word_1_469' title='bbox 2595 3036 2814 3090; x_wconf 90' lang='lat' dir='ltr'><strong>diversa</strong></span> <span class='ocrx_word' id='word_1_470' title='bbox 2863 3043 2948 3090; x_wconf 90' lang='lat' dir='ltr'><strong>est</strong></span> <span class='ocrx_word' id='word_1_471' title='bbox 3001 3036 3070 3090; x_wconf 89' lang='lat' dir='ltr'><strong>ab</strong></span> <span class='ocrx_word' id='word_1_472' title='bbox 3117 3038 3352 3092; x_wconf 78' lang='lat' dir='ltr'><strong>istarum</strong></span> 
     </span>
    </p>
   </div>
   <div class='ocr_carea' id='block_1_59' title="bbox 1769 3126 3354 3197">
    <p class='ocr_par' dir='ltr' id='par_1_59' title="bbox 1769 3126 3354 3197">
     <span class='ocr_line' id='line_1_59' title="bbox 1769 3126 3354 3197; baseline 0.002 -18"><span class='ocrx_word' id='word_1_473' title='bbox 1769 3141 2034 3197; x_wconf 86' lang='lat' dir='ltr'><strong>aquarum</strong></span> <span class='ocrx_word' id='word_1_474' title='bbox 2066 3134 2296 3192; x_wconf 86' lang='lat' dir='ltr'><strong>natura,</strong></span> <span class='ocrx_word' id='word_1_475' title='bbox 2351 3141 2474 3196; x_wconf 83' lang='lat' dir='ltr'><strong>quae</strong></span> <span class='ocrx_word' id='word_1_476' title='bbox 2521 3127 2783 3182; x_wconf 81' lang='lat' dir='ltr'><strong>deorsum</strong></span> <span class='ocrx_word' id='word_1_477' title='bbox 2817 3126 3031 3189; x_wconf 79' lang='lat' dir='ltr'><strong>fluunt,</strong></span> <span class='ocrx_word' id='word_1_478' title='bbox 3073 3135 3128 3182; x_wconf 91' lang='lat' dir='ltr'><strong>et</strong></span> <span class='ocrx_word' id='word_1_479' title='bbox 3169 3127 3354 3182; x_wconf 84' lang='lat' dir='ltr'><strong>firma-</strong></span> 
     </span>
    </p>
   </div>
   <div class='ocr_carea' id='block_1_60' title="bbox 1769 3216 3356 3288">
    <p class='ocr_par' dir='ltr' id='par_1_60' title="bbox 1769 3216 3356 3288">
     <span class='ocr_line' id='line_1_60' title="bbox 1769 3216 3356 3288; baseline 0.004 -18"><span class='ocrx_word' id='word_1_480' title='bbox 1769 3225 1956 3272; x_wconf 86' lang='lat' dir='ltr'><strong>mento</strong></span> <span class='ocrx_word' id='word_1_481' title='bbox 1985 3217 2056 3278; x_wconf 83' lang='lat' dir='ltr'><strong>ab</strong></span> <span class='ocrx_word' id='word_1_482' title='bbox 2091 3232 2234 3288; x_wconf 89' lang='lat' dir='ltr'><strong>aqua</strong></span> <span class='ocrx_word' id='word_1_483' title='bbox 2271 3218 2422 3288; x_wconf 80' lang='lat' dir='ltr'><strong>gravi</strong></span> <span class='ocrx_word' id='word_1_484' title='bbox 2459 3225 2515 3272; x_wconf 92' lang='lat' dir='ltr'><strong>et</strong></span> <span class='ocrx_word' id='word_1_485' title='bbox 2549 3217 2613 3270; x_wconf 89' lang='lat' dir='ltr'><strong>ad</strong></span> <span class='ocrx_word' id='word_1_486' title='bbox 2656 3216 2917 3274; x_wconf 87' lang='lat' dir='ltr'><strong>inferiora</strong></span> <span class='ocrx_word' id='word_1_487' title='bbox 2959 3219 3222 3276; x_wconf 87' lang='lat' dir='ltr'><strong>tendente</strong></span> <span class='ocrx_word' id='word_1_488' title='bbox 3266 3229 3356 3276; x_wconf 39' lang='lat' dir='ltr'><strong>se;</strong></span> 
     </span>
    </p>
   </div>
   <div class='ocr_carea' id='block_1_61' title="bbox 61 3305 1665 3392">
    <p class='ocr_par' dir='ltr' id='par_1_61' title="bbox 61 3307 1662 3382">
     <span class='ocr_line' id='line_1_61' title="bbox 61 3307 1662 3382; baseline -0.002 -18"><span class='ocrx_word' id='word_1_489' title='bbox 61 3310 412 3382; x_wconf 73' lang='grc' dir='ltr'>ὑψηλοτέρας</span> <span class='ocrx_word' id='word_1_490' title='bbox 459 3310 692 3378; x_wconf 76' lang='grc' dir='ltr'>Θεωρίας</span> <span class='ocrx_word' id='word_1_491' title='bbox 729 3309 791 3361; x_wconf 86' lang='grc' dir='ltr'><strong>τὸ</strong></span> <span class='ocrx_word' id='word_1_492' title='bbox 826 3308 937 3360; x_wconf 84' lang='grc' dir='ltr'><strong>τῶν</strong></span> <span class='ocrx_word' id='word_1_493' title='bbox 963 3309 1169 3380; x_wconf 81' lang='grc' dir='ltr'>νοητῶν</span> <span class='ocrx_word' id='word_1_494' title='bbox 1211 3309 1493 3378; x_wconf 84' lang='grc' dir='ltr'>δυνάμεων</span> <span class='ocrx_word' id='word_1_495' title='bbox 1524 3307 1662 3378; x_wconf 84' lang='grc' dir='ltr'>πλή-</span> 
     </span>
    </p>
   </div>
   <div class='ocr_carea' id='block_1_62' title="bbox 1771 3305 3355 3392">
    <p class='ocr_par' dir='ltr' id='par_1_62' title="bbox 1771 3305 3355 3380">
     <span class='ocr_line' id='line_1_62' title="bbox 1771 3305 3355 3380; baseline 0.002 -19"><span class='ocrx_word' id='word_1_496' title='bbox 1771 3307 2036 3378; x_wconf 79' lang='lat' dir='ltr'><strong>iungitur.</strong></span> <span class='ocrx_word' id='word_1_497' title='bbox 2089 3307 2247 3374; x_wconf 83' lang='lat' dir='ltr'><strong>Quod</strong></span> <span class='ocrx_word' id='word_1_498' title='bbox 2295 3319 2478 3363; x_wconf 86' lang='lat' dir='ltr'><strong>autem</strong></span> <span class='ocrx_word' id='word_1_499' title='bbox 2529 3307 2584 3361; x_wconf 89' lang='lat' dir='ltr'><strong>in</strong></span> <span class='ocrx_word' id='word_1_500' title='bbox 2623 3305 2906 3378; x_wconf 90' lang='lat' dir='ltr'><strong>Scriptura</strong></span> <span class='ocrx_word' id='word_1_501' title='bbox 2939 3316 3168 3364; x_wconf 86' lang='lat' dir='ltr'><strong>vocetur</strong></span> <span class='ocrx_word' id='word_1_502' title='bbox 3213 3323 3355 3380; x_wconf 86' lang='lat' dir='ltr'><strong>aqua</strong></span> 
     </span>
    </p>
   </div>
   <div class='ocr_carea' id='block_1_63' title="bbox 61 3401 1668 3476">
    <p class='ocr_par' dir='ltr' id='par_1_63' title="bbox 61 3401 1668 3476">
     <span class='ocr_line' id='line_1_63' title="bbox 61 3401 1668 3476; baseline 0.001 -23"><span class='ocrx_word' id='word_1_503' title='bbox 61 3422 231 3476; x_wconf 81' lang='grc' dir='ltr'>ρωμα</span> <span class='ocrx_word' id='word_1_504' title='bbox 265 3403 630 3474; x_wconf 77' lang='grc' dir='ltr'>σημαίνεσθαι</span> <span class='ocrx_word' id='word_1_505' title='bbox 665 3401 1059 3472; x_wconf 74' lang='grc' dir='ltr'>στοχαζόμεθα,</span> <span class='ocrx_word' id='word_1_506' title='bbox 1097 3401 1390 3470; x_wconf 76' lang='grc' dir='ltr'>ξενιζέσθω</span> <span class='ocrx_word' id='word_1_507' title='bbox 1440 3401 1526 3454; x_wconf 85' lang='grc' dir='ltr'><strong>διά</strong></span> <span class='ocrx_word' id='word_1_508' title='bbox 1569 3403 1668 3473; x_wconf 83' lang='grc' dir='ltr'>τῆς</span> 
     </span>
    </p>
   </div>
   <div class='ocr_carea' id='block_1_64' title="bbox 59 3493 1669 3568">
    <p class='ocr_par' dir='ltr' id='par_1_64' title="bbox 59 3493 1669 3568">
     <span class='ocr_line' id='line_1_64' title="bbox 59 3493 1669 3568; baseline -0.005 -14"><span class='ocrx_word' id='word_1_509' title='bbox 59 3497 387 3568; x_wconf 81' lang='grc' dir='ltr'>ὁμωνυμίας</span> <span class='ocrx_word' id='word_1_510' title='bbox 441 3495 650 3566; x_wconf 83' lang='grc' dir='ltr'>μηδείς.</span> <span class='ocrx_word' id='word_1_511' title='bbox 701 3495 812 3550; x_wconf 70' lang='grc' dir='ltr'><strong>Καὶ</strong></span> <span class='ocrx_word' id='word_1_512' title='bbox 841 3493 951 3565; x_wconf 87' lang='grc' dir='ltr'>γὰρ</span> <span class='ocrx_word' id='word_1_513' title='bbox 995 3495 1091 3547; x_wconf 74' lang='grc' dir='ltr'><strong>καὶ</strong></span> <span class='ocrx_word' id='word_1_514' title='bbox 1123 3496 1152 3547; x_wconf 86' lang='grc' dir='ltr'>ὁ</span> <span class='ocrx_word' id='word_1_515' title='bbox 1197 3494 1330 3557; x_wconf 86' lang='grc' dir='ltr'>Θεὸς</span> <span class='ocrx_word' id='word_1_516' title='bbox 1377 3493 1488 3566; x_wconf 87' lang='grc' dir='ltr'><strong>πῦρ</strong></span> <span class='ocrx_word' id='word_1_517' title='bbox 1537 3511 1669 3547; x_wconf 85' lang='grc' dir='ltr'>κατ-</span> 
     </span>
    </p>
   </div>
   <div class='ocr_carea' id='block_1_65' title="bbox 59 3585 1664 3656">
    <p class='ocr_par' dir='ltr' id='par_1_65' title="bbox 59 3585 1664 3656">
     <span class='ocr_line' id='line_1_65' title="bbox 59 3585 1664 3656; baseline -0.002 -14"><span class='ocrx_word' id='word_1_518' title='bbox 59 3588 362 3642; x_wconf 86' lang='grc' dir='ltr'>αναλίσκον</span> <span class='ocrx_word' id='word_1_519' title='bbox 389 3587 560 3644; x_wconf 75' lang='grc' dir='ltr'>ἐστὶν.</span> <span class='ocrx_word' id='word_1_520' title='bbox 609 3585 746 3638; x_wconf 76' lang='grc' dir='ltr'>ἀλλὰ</span> <span class='ocrx_word' id='word_1_521' title='bbox 781 3585 1075 3654; x_wconf 85' lang='grc' dir='ltr'>καθαρεύει</span> <span class='ocrx_word' id='word_1_522' title='bbox 1108 3587 1209 3656; x_wconf 83' lang='grc' dir='ltr'>τῆς</span> <span class='ocrx_word' id='word_1_523' title='bbox 1261 3585 1452 3656; x_wconf 83' lang='grc' dir='ltr'>ὑλικῆς</span> <span class='ocrx_word' id='word_1_524' title='bbox 1483 3602 1664 3656; x_wconf 90' lang='grc' dir='ltr'>σημα-</span> 
     </span>
    </p>
   </div>
   <div class='ocr_carea' id='block_1_66' title="bbox 63 3671 1667 3748">
    <p class='ocr_par' dir='ltr' id='par_1_66' title="bbox 63 3671 1667 3748">
     <span class='ocr_line' id='line_1_66' title="bbox 63 3671 1667 3748; baseline -0.002 -16"><span class='ocrx_word' id='word_1_525' title='bbox 63 3680 188 3742; x_wconf 84' lang='grc' dir='ltr'>σίας</span> <span class='ocrx_word' id='word_1_526' title='bbox 221 3677 318 3730; x_wconf 82' lang='grc' dir='ltr'><strong>τοῦ</strong></span> <span class='ocrx_word' id='word_1_527' title='bbox 349 3676 522 3747; x_wconf 73' lang='grc' dir='ltr'>πυρὸς</span> <span class='ocrx_word' id='word_1_528' title='bbox 552 3677 580 3729; x_wconf 86' lang='grc' dir='ltr'><em>ὁ</em></span> <span class='ocrx_word' id='word_1_529' title='bbox 626 3675 806 3744; x_wconf 83' lang='grc' dir='ltr'>λόγος.</span> <span class='ocrx_word' id='word_1_530' title='bbox 862 3677 1072 3744; x_wconf 84' lang='grc' dir='ltr'>’Ὠσπερ</span> <span class='ocrx_word' id='word_1_531' title='bbox 1101 3671 1196 3728; x_wconf 88' lang='grc' dir='ltr'><strong>οῦν</strong></span> <span class='ocrx_word' id='word_1_532' title='bbox 1246 3675 1338 3728; x_wconf 87' lang='grc' dir='ltr'><strong>τδν</strong></span> <span class='ocrx_word' id='word_1_533' title='bbox 1386 3675 1520 3730; x_wconf 82' lang='grc' dir='ltr'>Θεὸν</span> <span class='ocrx_word' id='word_1_534' title='bbox 1554 3674 1667 3748; x_wconf 86' lang='grc' dir='ltr'><strong>πῦρ</strong></span> 
     </span>
    </p>
   </div>
   <div class='ocr_carea' id='block_1_67' title="bbox 61 3763 1664 3844">
    <p class='ocr_par' dir='ltr' id='par_1_67' title="bbox 61 3763 1664 3844">
     <span class='ocr_line' id='line_1_67' title="bbox 61 3763 1664 3844; baseline -0.004 -20"><span class='ocrx_word' id='word_1_535' title='bbox 61 3770 258 3844; x_wconf 81' lang='grc' dir='ltr'>μαθὼν</span> <span class='ocrx_word' id='word_1_536' title='bbox 279 3763 446 3831; x_wconf 81' lang='grc' dir='ltr'>εἶναι,</span> <span class='ocrx_word' id='word_1_537' title='bbox 475 3767 604 3822; x_wconf 78' lang='grc' dir='ltr'>ἄλλο</span> <span class='ocrx_word' id='word_1_538' title='bbox 635 3783 688 3820; x_wconf 88' lang='grc' dir='ltr'><strong>τι</strong></span> <span class='ocrx_word' id='word_1_539' title='bbox 720 3765 882 3820; x_wconf 76' lang='grc' dir='ltr'>αὑτὸν</span> <span class='ocrx_word' id='word_1_540' title='bbox 917 3767 1073 3838; x_wconf 84' lang='grc' dir='ltr'>παρὰ</span> <span class='ocrx_word' id='word_1_541' title='bbox 1093 3765 1155 3818; x_wconf 78' lang='grc' dir='ltr'>τὸ</span> <span class='ocrx_word' id='word_1_542' title='bbox 1191 3765 1305 3836; x_wconf 85' lang='grc' dir='ltr'><strong>πῦρ</strong></span> <span class='ocrx_word' id='word_1_543' title='bbox 1332 3765 1489 3820; x_wconf 88' lang='grc' dir='ltr'>τοῦτο</span> <span class='ocrx_word' id='word_1_544' title='bbox 1509 3767 1664 3842; x_wconf 60' lang='grc' dir='ltr'>ὲνόηέ</span> 
     </span>
    </p>
   </div>
   <div class='ocr_carea' id='block_1_68' title="bbox 59 3855 1666 3932">
    <p class='ocr_par' dir='ltr' id='par_1_68' title="bbox 59 3855 1666 3932">
     <span class='ocr_line' id='line_1_68' title="bbox 59 3855 1666 3932; baseline -0.003 -17"><span class='ocrx_word' id='word_1_545' title='bbox 59 3880 164 3924; x_wconf 84' lang='grc' dir='ltr'><strong>σας</strong></span> <span class='ocrx_word' id='word_1_546' title='bbox 197 3879 212 3892; x_wconf 68' lang='grc' dir='ltr'><strong><em>ο</em></strong></span> <span class='ocrx_word' id='word_1_547' title='bbox 245 3859 392 3914; x_wconf 73' lang='grc' dir='ltr'>οὕτω</span> <span class='ocrx_word' id='word_1_548' title='bbox 421 3860 518 3912; x_wconf 76' lang='grc' dir='ltr'><strong>καὶ</strong></span> <span class='ocrx_word' id='word_1_549' title='bbox 563 3855 707 3932; x_wconf 71' lang='grc' dir='ltr'>ὕδωρ</span> <span class='ocrx_word' id='word_1_550' title='bbox 754 3857 884 3929; x_wconf 84' lang='grc' dir='ltr'>θείῳ</span> <span class='ocrx_word' id='word_1_551' title='bbox 940 3857 1214 3927; x_wconf 81' lang='grc' dir='ltr'>πνεύματι</span> <span class='ocrx_word' id='word_1_552' title='bbox 1265 3858 1666 3927; x_wconf 76' lang='grc' dir='ltr'>ἐπιφερόμενον</span> 
     </span>
    </p>
   </div>
   <div class='ocr_carea' id='block_1_69' title="bbox 54 3950 1669 4027">
    <p class='ocr_par' dir='ltr' id='par_1_69' title="bbox 54 3950 1669 4027">
     <span class='ocr_line' id='line_1_69' title="bbox 54 3950 1669 4027; baseline -0.005 -17"><span class='ocrx_word' id='word_1_553' title='bbox 54 3955 359 4027; x_wconf 68' lang='grc' dir='ltr'>διδαχθεὶς,</span> <span class='ocrx_word' id='word_1_554' title='bbox 397 3955 471 4025; x_wconf 81' lang='grc' dir='ltr'>μὴ</span> <span class='ocrx_word' id='word_1_555' title='bbox 511 3952 608 4024; x_wconf 74' lang='grc' dir='ltr'>τὴν</span> <span class='ocrx_word' id='word_1_556' title='bbox 654 3951 954 4022; x_wconf 85' lang='grc' dir='ltr'>κατωφερῆ</span> <span class='ocrx_word' id='word_1_557' title='bbox 1005 3951 1166 4020; x_wconf 79' lang='grc' dir='ltr'>φύσιν</span> <span class='ocrx_word' id='word_1_558' title='bbox 1203 3951 1403 4024; x_wconf 75' lang='grc' dir='ltr'>νοήσῃς</span> <span class='ocrx_word' id='word_1_559' title='bbox 1441 3950 1538 4020; x_wconf 80' lang='grc' dir='ltr'><strong>τὴν</strong></span> <span class='ocrx_word' id='word_1_560' title='bbox 1589 3951 1669 4012; x_wconf 81' lang='grc' dir='ltr'>εἰς</span> 
     </span>
    </p>
   </div>
   <div class='ocr_carea' id='block_1_70' title="bbox 57 4041 1668 4121">
    <p class='ocr_par' dir='ltr' id='par_1_70' title="bbox 57 4041 1668 4121">
     <span class='ocr_line' id='line_1_70' title="bbox 57 4041 1668 4121; baseline -0.004 -19"><span class='ocrx_word' id='word_1_561' title='bbox 57 4052 169 4120; x_wconf 80' lang='grc' dir='ltr'>γῆν</span> <span class='ocrx_word' id='word_1_562' title='bbox 205 4049 648 4121; x_wconf 75' lang='grc' dir='ltr'>καταρρέουσαν.</span> <span class='ocrx_word' id='word_1_563' title='bbox 704 4045 780 4098; x_wconf 82' lang='grc' dir='ltr'>Τὸ</span> <span class='ocrx_word' id='word_1_564' title='bbox 816 4046 926 4118; x_wconf 88' lang='grc' dir='ltr'><strong>γάρ</strong></span> <span class='ocrx_word' id='word_1_565' title='bbox 975 4043 1195 4114; x_wconf 85' lang='grc' dir='ltr'>πνεῦμα</span> <span class='ocrx_word' id='word_1_566' title='bbox 1234 4045 1330 4097; x_wconf 85' lang='grc' dir='ltr'><strong>τοῦ</strong></span> <span class='ocrx_word' id='word_1_567' title='bbox 1379 4041 1514 4096; x_wconf 87' lang='grc' dir='ltr'>Θεοῦ</span> <span class='ocrx_word' id='word_1_568' title='bbox 1555 4046 1668 4106; x_wconf 82' lang='grc' dir='ltr'>τοῖς</span> 
     </span>
    </p>
   </div>
   <div class='ocr_carea' id='block_1_71' title="bbox 59 4133 1666 4212">
    <p class='ocr_par' dir='ltr' id='par_1_71' title="bbox 59 4133 1666 4212">
     <span class='ocr_line' id='line_1_71' title="bbox 59 4133 1666 4212; baseline -0.004 -20"><span class='ocrx_word' id='word_1_569' title='bbox 59 4141 374 4212; x_wconf 83' lang='grc' dir='ltr'>χθαμαλοῖς</span> <span class='ocrx_word' id='word_1_570' title='bbox 421 4155 482 4191; x_wconf 90' lang='grc' dir='ltr'><strong>τε</strong></span> <span class='ocrx_word' id='word_1_571' title='bbox 538 4137 634 4190; x_wconf 78' lang='grc' dir='ltr'><strong>καὶ</strong></span> <span class='ocrx_word' id='word_1_572' title='bbox 670 4137 926 4200; x_wconf 83' lang='grc' dir='ltr'>ἀστάτοις</span> <span class='ocrx_word' id='word_1_573' title='bbox 946 4135 1047 4190; x_wconf 79' lang='grc' dir='ltr'><strong>οὐκ</strong></span> <span class='ocrx_word' id='word_1_574' title='bbox 1077 4134 1424 4206; x_wconf 73' lang='grc' dir='ltr'>ἐπιφέρεται.</span> <span class='ocrx_word' id='word_1_575' title='bbox 1453 4133 1666 4188; x_wconf 80' lang='grc' dir='ltr'>Οὐκοῦν</span> 
     </span>
    </p>
   </div>
   <div class='ocr_carea' id='block_1_72' title="bbox 57 4213 1668 4300">
    <p class='ocr_par' dir='ltr' id='par_1_72' title="bbox 57 4213 1668 4300">
     <span class='ocr_line' id='line_1_72' title="bbox 57 4213 1668 4300; baseline -0.006 -14"><span class='ocrx_word' id='word_1_576' title='bbox 57 4213 140 4296; x_wconf 80' lang='grc' dir='ltr'>ὧς</span> <span class='ocrx_word' id='word_1_577' title='bbox 165 4231 234 4285; x_wconf 81' lang='grc' dir='ltr'><strong>ἂν</strong></span> <span class='ocrx_word' id='word_1_578' title='bbox 278 4229 662 4300; x_wconf 81' lang='grc' dir='ltr'>φανερώτερον</span> <span class='ocrx_word' id='word_1_579' title='bbox 692 4229 826 4300; x_wconf 82' lang='grc' dir='ltr'>ἡμῖν</span> <span class='ocrx_word' id='word_1_580' title='bbox 873 4225 1241 4296; x_wconf 82' lang='grc' dir='ltr'>ὲκκαλυφθείη</span> <span class='ocrx_word' id='word_1_581' title='bbox 1265 4226 1327 4278; x_wconf 86' lang='grc' dir='ltr'>τὸ</span> <span class='ocrx_word' id='word_1_582' title='bbox 1355 4225 1552 4294; x_wconf 85' lang='grc' dir='ltr'>νόημα,</span> <span class='ocrx_word' id='word_1_583' title='bbox 1580 4223 1668 4276; x_wconf 81' lang='grc' dir='ltr'>διὰ</span> 
     </span>
    </p>
   </div>
   <div class='ocr_carea' id='block_1_73' title="bbox 63 4313 1664 4393">
    <p class='ocr_par' dir='ltr' id='par_1_73' title="bbox 63 4313 1664 4393">
     <span class='ocr_line' id='line_1_73' title="bbox 63 4313 1664 4393; baseline -0.007 -15"><span class='ocrx_word' id='word_1_584' title='bbox 63 4323 370 4393; x_wconf 84' lang='grc' dir='ltr'>συντομίας</span> <span class='ocrx_word' id='word_1_585' title='bbox 417 4321 508 4376; x_wconf 77' lang='grc' dir='ltr'><strong>τὸν</strong></span> <span class='ocrx_word' id='word_1_586' title='bbox 541 4319 666 4374; x_wconf 90' lang='grc' dir='ltr'>νοῦν</span> <span class='ocrx_word' id='word_1_587' title='bbox 710 4320 821 4372; x_wconf 83' lang='grc' dir='ltr'><strong>τῶν</strong></span> <span class='ocrx_word' id='word_1_588' title='bbox 864 4319 1171 4391; x_wconf 75' lang='grc' dir='ltr'>εἰρημένων</span> <span class='ocrx_word' id='word_1_589' title='bbox 1223 4313 1664 4384; x_wconf 78' lang='grc' dir='ltr'>ἀναληψώμεθα·</span> 
     </span>
    </p>
   </div>
   <div class='ocr_carea' id='block_1_74' title="bbox 1 4408 1668 4484">
    <p class='ocr_par' dir='ltr' id='par_1_74' title="bbox 1 4408 1668 4484">
     <span class='ocr_line' id='line_1_74' title="bbox 1 4408 1668 4484; baseline -0.007 -14"><span class='ocrx_word' id='word_1_590' title='bbox 1 4431 16 4444; x_wconf 89' lang='grc'><em>’</em></span> <span class='ocrx_word' id='word_1_591' title='bbox 59 4415 240 4470; x_wconf 77' lang='grc' dir='ltr'>ὅτιτὸ</span> <span class='ocrx_word' id='word_1_592' title='bbox 276 4414 567 4484; x_wconf 86' lang='grc' dir='ltr'>στερέωμα</span> <span class='ocrx_word' id='word_1_593' title='bbox 606 4411 636 4464; x_wconf 80' lang='grc' dir='ltr'><strong>ὃ</strong></span> <span class='ocrx_word' id='word_1_594' title='bbox 663 4411 942 4482; x_wconf 77' lang='grc' dir='ltr'>ἐπεκλήθη</span> <span class='ocrx_word' id='word_1_595' title='bbox 993 4410 1245 4478; x_wconf 73' lang='grc' dir='ltr'>οὐρανὸς,</span> <span class='ocrx_word' id='word_1_596' title='bbox 1286 4408 1536 4479; x_wconf 74' lang='grc' dir='ltr'>μεθόριον</span> <span class='ocrx_word' id='word_1_597' title='bbox 1565 4409 1668 4476; x_wconf 81' lang='grc' dir='ltr'>τῆς</span> 
     </span>
    </p>
   </div>
   <div class='ocr_carea' id='block_1_75' title="bbox 59 4498 1668 4576">
    <p class='ocr_par' dir='ltr' id='par_1_75' title="bbox 59 4498 1668 4576">
     <span class='ocr_line' id='line_1_75' title="bbox 59 4498 1668 4576; baseline -0.006 -16"><span class='ocrx_word' id='word_1_598' title='bbox 59 4505 338 4576; x_wconf 78' lang='grc' dir='ltr'>αἰσθητῆς</span> <span class='ocrx_word' id='word_1_599' title='bbox 375 4504 493 4555; x_wconf 78' lang='grc' dir='ltr'>ἐστι</span> <span class='ocrx_word' id='word_1_600' title='bbox 544 4501 795 4563; x_wconf 85' lang='grc' dir='ltr'>κτίσεως,</span> <span class='ocrx_word' id='word_1_601' title='bbox 829 4500 892 4552; x_wconf 84' lang='grc' dir='ltr'>τὸ</span> <span class='ocrx_word' id='word_1_602' title='bbox 927 4499 982 4552; x_wconf 73' lang='grc' dir='ltr'>δὲ</span> <span class='ocrx_word' id='word_1_603' title='bbox 1010 4499 1106 4552; x_wconf 77' lang='grc' dir='ltr'>ἀπ’</span> <span class='ocrx_word' id='word_1_604' title='bbox 1137 4498 1368 4560; x_wconf 73' lang='grc' dir='ltr'>ἐκείνου,</span> <span class='ocrx_word' id='word_1_605' title='bbox 1394 4499 1558 4570; x_wconf 87' lang='grc' dir='ltr'>νοητή</span> <span class='ocrx_word' id='word_1_606' title='bbox 1585 4515 1668 4562; x_wconf 81' lang='grc' dir='ltr'><strong>τις</strong></span> 
     </span>
    </p>
   </div>
   <div class='ocr_carea' id='block_1_76' title="bbox 58 4585 1666 4667">
    <p class='ocr_par' dir='ltr' id='par_1_76' title="bbox 58 4585 1666 4667">
     <span class='ocr_line' id='line_1_76' title="bbox 58 4585 1666 4667; baseline -0.009 -13"><span class='ocrx_word' id='word_1_607' title='bbox 58 4597 376 4667; x_wconf 79' lang='grc' dir='ltr'>διαδέχεται</span> <span class='ocrx_word' id='word_1_608' title='bbox 404 4595 599 4657; x_wconf 83' lang='grc' dir='ltr'>κτίσις,</span> <span class='ocrx_word' id='word_1_609' title='bbox 637 4595 695 4646; x_wconf 77' lang='grc' dir='ltr'>ὲν</span> <span class='ocrx_word' id='word_1_610' title='bbox 801 4593 902 4645; x_wconf 71' lang='grc' dir='ltr'><strong>οὐκ</strong></span> <span class='ocrx_word' id='word_1_611' title='bbox 935 4588 1096 4654; x_wconf 72' lang='grc' dir='ltr'>εἶδος,</span> <span class='ocrx_word' id='word_1_612' title='bbox 1121 4591 1184 4642; x_wconf 85' lang='grc' dir='ltr'><strong>οὐ</strong></span> <span class='ocrx_word' id='word_1_613' title='bbox 1233 4587 1482 4660; x_wconf 85' lang='grc' dir='ltr'>μέγεθος,</span> <span class='ocrx_word' id='word_1_614' title='bbox 1507 4589 1606 4657; x_wconf 82' lang='grc' dir='ltr'><strong>οὐχ</strong></span> <span class='ocrx_word' id='word_1_615' title='bbox 1632 4589 1666 4658; x_wconf 85' lang='grc' dir='ltr'><strong>ἠ</strong></span> 
     </span>
    </p>
   </div>
   <div class='ocr_carea' id='block_1_77' title="bbox 1770 3399 3357 3470">
    <p class='ocr_par' dir='ltr' id='par_1_77' title="bbox 1770 3399 3357 3470">
     <span class='ocr_line' id='line_1_77' title="bbox 1770 3399 3357 3470; baseline 0.001 -17"><span class='ocrx_word' id='word_1_616' title='bbox 1770 3401 1936 3456; x_wconf 89' lang='lat' dir='ltr'><strong>etiam</strong></span> <span class='ocrx_word' id='word_1_617' title='bbox 1969 3399 2062 3453; x_wconf 89' lang='lat' dir='ltr'><strong>illa</strong></span> <span class='ocrx_word' id='word_1_618' title='bbox 2085 3437 2100 3464; x_wconf 88' lang='lat'><strong>,</strong></span> <span class='ocrx_word' id='word_1_619' title='bbox 2133 3415 2240 3467; x_wconf 86' lang='lat' dir='ltr'><strong>qua</strong></span> <span class='ocrx_word' id='word_1_620' title='bbox 2287 3399 2594 3454; x_wconf 88' lang='lat' dir='ltr'><strong>sublimiori</strong></span> <span class='ocrx_word' id='word_1_621' title='bbox 2635 3401 3102 3470; x_wconf 82' lang='lat' dir='ltr'><strong>contemplatione</strong></span> <span class='ocrx_word' id='word_1_622' title='bbox 3143 3401 3357 3457; x_wconf 73' lang='lat' dir='ltr'><strong>divina-</strong></span> 
     </span>
    </p>
   </div>
   <div class='ocr_carea' id='block_1_78' title="bbox 1771 3489 3356 3562">
    <p class='ocr_par' dir='ltr' id='par_1_78' title="bbox 1771 3489 3356 3562">
     <span class='ocr_line' id='line_1_78' title="bbox 1771 3489 3356 3562; baseline 0.003 -19"><span class='ocrx_word' id='word_1_623' title='bbox 1771 3505 1894 3544; x_wconf 87' lang='lat' dir='ltr'><strong>rum</strong></span> <span class='ocrx_word' id='word_1_624' title='bbox 1945 3489 2213 3546; x_wconf 87' lang='lat' dir='ltr'><strong>mentium</strong></span> <span class='ocrx_word' id='word_1_625' title='bbox 2259 3491 2544 3560; x_wconf 85' lang='lat' dir='ltr'><strong>plenitudo</strong></span> <span class='ocrx_word' id='word_1_626' title='bbox 2600 3490 2964 3560; x_wconf 70' lang='lat' dir='ltr'><strong>significatur,</strong></span> <span class='ocrx_word' id='word_1_627' title='bbox 3015 3508 3082 3546; x_wconf 89' lang='lat' dir='ltr'><strong>ne</strong></span> <span class='ocrx_word' id='word_1_628' title='bbox 3125 3493 3250 3562; x_wconf 89' lang='lat' dir='ltr'><strong>quis</strong></span> <span class='ocrx_word' id='word_1_629' title='bbox 3300 3493 3356 3547; x_wconf 88' lang='lat' dir='ltr'><strong>id</strong></span> 
     </span>
    </p>
   </div>
   <div class='ocr_carea' id='block_1_79' title="bbox 1770 3583 3356 3655">
    <p class='ocr_par' dir='ltr' id='par_1_79' title="bbox 1770 3583 3356 3655">
     <span class='ocr_line' id='line_1_79' title="bbox 1770 3583 3356 3655; baseline 0.003 -20"><span class='ocrx_word' id='word_1_630' title='bbox 1770 3583 2050 3649; x_wconf 87' lang='lat' dir='ltr'><strong>alienum,</strong></span> <span class='ocrx_word' id='word_1_631' title='bbox 2103 3591 2198 3637; x_wconf 88' lang='lat' dir='ltr'><strong>aut</strong></span> <span class='ocrx_word' id='word_1_632' title='bbox 2251 3597 2454 3637; x_wconf 82' lang='lat' dir='ltr'><strong>novum</strong></span> <span class='ocrx_word' id='word_1_633' title='bbox 2501 3590 2676 3654; x_wconf 86' lang='lat' dir='ltr'><strong>putet.</strong></span> <span class='ocrx_word' id='word_1_634' title='bbox 2728 3583 2863 3638; x_wconf 82' lang='lat' dir='ltr'><strong>Nam</strong></span> <span class='ocrx_word' id='word_1_635' title='bbox 2911 3591 2966 3638; x_wconf 92' lang='lat' dir='ltr'><strong>et</strong></span> <span class='ocrx_word' id='word_1_636' title='bbox 3013 3584 3156 3638; x_wconf 88' lang='lat' dir='ltr'><strong>Deus</strong></span> <span class='ocrx_word' id='word_1_637' title='bbox 3211 3585 3356 3655; x_wconf 79' lang='lat' dir='ltr'><strong>ignis</strong></span> 
     </span>
    </p>
   </div>
   <div class='ocr_carea' id='block_1_80' title="bbox 1769 3674 3353 3746">
    <p class='ocr_par' dir='ltr' id='par_1_80' title="bbox 1769 3674 3353 3746">
     <span class='ocr_line' id='line_1_80' title="bbox 1769 3674 3353 3746; baseline 0.001 -18"><span class='ocrx_word' id='word_1_638' title='bbox 1769 3689 2106 3731; x_wconf 87' lang='lat' dir='ltr'><strong>consumens</strong></span> <span class='ocrx_word' id='word_1_639' title='bbox 2137 3682 2224 3730; x_wconf 88' lang='lat' dir='ltr'><strong>est</strong></span> <span class='ocrx_word' id='word_1_640' title='bbox 2254 3677 2324 3740; x_wconf 78' lang='grc'>³⁸,</span> <span class='ocrx_word' id='word_1_641' title='bbox 2359 3682 2602 3730; x_wconf 89' lang='lat' dir='ltr'><strong>attamen</strong></span> <span class='ocrx_word' id='word_1_642' title='bbox 2633 3675 2704 3728; x_wconf 90' lang='lat' dir='ltr'><strong>ab</strong></span> <span class='ocrx_word' id='word_1_643' title='bbox 2739 3674 2883 3745; x_wconf 74' lang='lat' dir='ltr'><strong>ignis</strong></span> <span class='ocrx_word' id='word_1_644' title='bbox 2915 3676 3146 3730; x_wconf 88' lang='lat' dir='ltr'><strong>materia</strong></span> <span class='ocrx_word' id='word_1_645' title='bbox 3177 3691 3353 3746; x_wconf 90' lang='lat' dir='ltr'><strong>purus</strong></span> 
     </span>
    </p>
   </div>
   <div class='ocr_carea' id='block_1_81' title="bbox 1769 3765 3352 3840">
    <p class='ocr_par' dir='ltr' id='par_1_81' title="bbox 1769 3765 3352 3840">
     <span class='ocr_line' id='line_1_81' title="bbox 1769 3765 3352 3840; baseline 0.001 -20"><span class='ocrx_word' id='word_1_646' title='bbox 1769 3765 2113 3840; x_wconf 75' lang='lat' dir='ltr'><strong>intelligitur.</strong></span> <span class='ocrx_word' id='word_1_647' title='bbox 2135 3766 2614 3832; x_wconf 85' lang='lat' dir='ltr'><strong>Quemadmodum</strong></span> <span class='ocrx_word' id='word_1_648' title='bbox 2635 3765 2826 3836; x_wconf 81' lang='lat' dir='ltr'><strong>igitur,</strong></span> <span class='ocrx_word' id='word_1_649' title='bbox 2850 3781 2974 3821; x_wconf 91' lang='lat' dir='ltr'><strong>cum</strong></span> <span class='ocrx_word' id='word_1_650' title='bbox 2997 3767 3158 3822; x_wconf 89' lang='lat' dir='ltr'><strong>audis</strong></span> <span class='ocrx_word' id='word_1_651' title='bbox 3182 3765 3352 3822; x_wconf 90' lang='lat' dir='ltr'><strong>Deum</strong></span> 
     </span>
    </p>
   </div>
   <div class='ocr_carea' id='block_1_82' title="bbox 1767 3857 3353 3932">
    <p class='ocr_par' dir='ltr' id='par_1_82' title="bbox 1767 3857 3353 3932">
     <span class='ocr_line' id='line_1_82' title="bbox 1767 3857 3353 3932; baseline 0.002 -20"><span class='ocrx_word' id='word_1_652' title='bbox 1767 3872 1892 3912; x_wconf 90' lang='lat' dir='ltr'><strong>esse</strong></span> <span class='ocrx_word' id='word_1_653' title='bbox 1933 3857 2142 3928; x_wconf 80' lang='lat' dir='ltr'><strong>ignem,</strong></span> <span class='ocrx_word' id='word_1_654' title='bbox 2181 3857 2330 3918; x_wconf 86' lang='lat' dir='ltr'><strong>aliud</strong></span> <span class='ocrx_word' id='word_1_655' title='bbox 2362 3859 2624 3928; x_wconf 75' lang='lat' dir='ltr'><strong>quiddam</strong></span> <span class='ocrx_word' id='word_1_656' title='bbox 2666 3859 2742 3916; x_wconf 88' lang='lat' dir='ltr'><strong>ab</strong></span> <span class='ocrx_word' id='word_1_657' title='bbox 2765 3860 3030 3932; x_wconf 83' lang='lat' dir='ltr'><strong>istoigne</strong></span> <span class='ocrx_word' id='word_1_658' title='bbox 3065 3860 3353 3915; x_wconf 87' lang='lat' dir='ltr'><strong>diversum</strong></span> 
     </span>
    </p>
   </div>
   <div class='ocr_carea' id='block_1_83' title="bbox 1769 3950 3356 4022">
    <p class='ocr_par' dir='ltr' id='par_1_83' title="bbox 1769 3950 3356 4022">
     <span class='ocr_line' id='line_1_83' title="bbox 1769 3950 3356 4022; baseline -0.001 -16"><span class='ocrx_word' id='word_1_659' title='bbox 1769 3965 1894 4006; x_wconf 79' lang='lat' dir='ltr'><strong>esse</strong></span> <span class='ocrx_word' id='word_1_660' title='bbox 1921 3952 2076 4005; x_wconf 79' lang='lat' dir='ltr'><strong>illum</strong></span> <span class='ocrx_word' id='word_1_661' title='bbox 2118 3951 2371 4021; x_wconf 81' lang='lat' dir='ltr'><strong>cogitas:</strong></span> <span class='ocrx_word' id='word_1_662' title='bbox 2415 3950 2497 4006; x_wconf 91' lang='lat' dir='ltr'><strong>sic</strong></span> <span class='ocrx_word' id='word_1_663' title='bbox 2539 3951 2706 4006; x_wconf 88' lang='lat' dir='ltr'><strong>etiam</strong></span> <span class='ocrx_word' id='word_1_664' title='bbox 2751 3967 2875 4008; x_wconf 91' lang='lat' dir='ltr'><strong>cum</strong></span> <span class='ocrx_word' id='word_1_665' title='bbox 2907 3952 3096 4006; x_wconf 90' lang='lat' dir='ltr'><strong>divino</strong></span> <span class='ocrx_word' id='word_1_666' title='bbox 3135 3951 3356 4022; x_wconf 86' lang='lat' dir='ltr'><strong>spiritui</strong></span> 
     </span>
    </p>
   </div>
   <div class='ocr_carea' id='block_1_84' title="bbox 1769 4042 3358 4114">
    <p class='ocr_par' dir='ltr' id='par_1_84' title="bbox 1769 4042 3358 4114">
     <span class='ocr_line' id='line_1_84' title="bbox 1769 4042 3358 4114; baseline 0 -16"><span class='ocrx_word' id='word_1_667' title='bbox 1769 4059 1967 4114; x_wconf 90' lang='lat' dir='ltr'><strong>aquam</strong></span> <span class='ocrx_word' id='word_1_668' title='bbox 1995 4043 2300 4113; x_wconf 87' lang='lat' dir='ltr'><strong>subjectam</strong></span> <span class='ocrx_word' id='word_1_669' title='bbox 2331 4042 2528 4107; x_wconf 89' lang='lat' dir='ltr'><strong>discis,</strong></span> <span class='ocrx_word' id='word_1_670' title='bbox 2555 4059 2626 4099; x_wconf 90' lang='lat' dir='ltr'><strong>ne</strong></span> <span class='ocrx_word' id='word_1_671' title='bbox 2660 4051 2819 4114; x_wconf 91' lang='lat' dir='ltr'><strong>putes</strong></span> <span class='ocrx_word' id='word_1_672' title='bbox 2855 4045 3006 4099; x_wconf 90' lang='lat' dir='ltr'><strong>illam</strong></span> <span class='ocrx_word' id='word_1_673' title='bbox 3038 4057 3162 4100; x_wconf 90' lang='lat' dir='ltr'><strong>esse</strong></span> <span class='ocrx_word' id='word_1_674' title='bbox 3193 4045 3358 4099; x_wconf 86' lang='lat' dir='ltr'><strong>istam</strong></span> 
     </span>
    </p>
   </div>
   <div class='ocr_carea' id='block_1_85' title="bbox 1769 4133 3356 4206">
    <p class='ocr_par' dir='ltr' id='par_1_85' title="bbox 1769 4133 3356 4206">
     <span class='ocr_line' id='line_1_85' title="bbox 1769 4133 3356 4206; baseline 0.001 -15"><span class='ocrx_word' id='word_1_675' title='bbox 1769 4152 1890 4206; x_wconf 67' lang='lat' dir='ltr'><strong>quae</strong></span> <span class='ocrx_word' id='word_1_676' title='bbox 1917 4135 2177 4190; x_wconf 88' lang='lat' dir='ltr'><strong>inferiora</strong></span> <span class='ocrx_word' id='word_1_677' title='bbox 2208 4145 2400 4204; x_wconf 82' lang='lat' dir='ltr'><strong>petens</strong></span> <span class='ocrx_word' id='word_1_678' title='bbox 2431 4135 2487 4188; x_wconf 90' lang='lat' dir='ltr'><strong>in</strong></span> <span class='ocrx_word' id='word_1_679' title='bbox 2521 4143 2722 4190; x_wconf 90' lang='lat' dir='ltr'><strong>terram</strong></span> <span class='ocrx_word' id='word_1_680' title='bbox 2762 4135 2903 4190; x_wconf 90' lang='lat' dir='ltr'><strong>fluit.</strong></span> <span class='ocrx_word' id='word_1_681' title='bbox 2938 4133 3075 4190; x_wconf 87' lang='lat' dir='ltr'><strong>Nam</strong></span> <span class='ocrx_word' id='word_1_682' title='bbox 3126 4136 3356 4205; x_wconf 87' lang='lat' dir='ltr'><strong>spiritus</strong></span> 
     </span>
    </p>
   </div>
   <div class='ocr_carea' id='block_1_86' title="bbox 1771 4225 3356 4295">
    <p class='ocr_par' dir='ltr' id='par_1_86' title="bbox 1771 4225 3356 4295">
     <span class='ocr_line' id='line_1_86' title="bbox 1771 4225 3356 4295; baseline 0.003 -17"><span class='ocrx_word' id='word_1_683' title='bbox 1771 4226 1865 4281; x_wconf 89' lang='lat' dir='ltr'><strong>Dei</strong></span> <span class='ocrx_word' id='word_1_684' title='bbox 1925 4241 2092 4295; x_wconf 91' lang='lat' dir='ltr'><strong>super</strong></span> <span class='ocrx_word' id='word_1_685' title='bbox 2153 4225 2387 4280; x_wconf 89' lang='lat' dir='ltr'><strong>terrenis</strong></span> <span class='ocrx_word' id='word_1_686' title='bbox 2441 4225 2566 4280; x_wconf 89' lang='lat' dir='ltr'><strong>istis</strong></span> <span class='ocrx_word' id='word_1_687' title='bbox 2619 4233 2786 4294; x_wconf 87' lang='lat' dir='ltr'><strong>atque</strong></span> <span class='ocrx_word' id='word_1_688' title='bbox 2836 4227 3188 4282; x_wconf 87' lang='lat' dir='ltr'><strong>inslabilibus</strong></span> <span class='ocrx_word' id='word_1_689' title='bbox 3243 4241 3356 4282; x_wconf 87' lang='lat' dir='ltr'><strong>non</strong></span> 
     </span>
    </p>
   </div>
   <div class='ocr_carea' id='block_1_87' title="bbox 1770 4315 3354 4388">
    <p class='ocr_par' dir='ltr' id='par_1_87' title="bbox 1770 4315 3354 4388">
     <span class='ocr_line' id='line_1_87' title="bbox 1770 4315 3354 4388; baseline 0 -16"><span class='ocrx_word' id='word_1_690' title='bbox 1770 4317 1960 4374; x_wconf 86' lang='lat' dir='ltr'><strong>fertur.</strong></span> <span class='ocrx_word' id='word_1_691' title='bbox 1994 4315 2194 4372; x_wconf 71' lang='lat' dir='ltr'><strong>Verum</strong></span> <span class='ocrx_word' id='word_1_692' title='bbox 2215 4355 2228 4378; x_wconf 95' lang='lat'><strong>,</strong></span> <span class='ocrx_word' id='word_1_693' title='bbox 2264 4325 2322 4370; x_wconf 89' lang='lat' dir='ltr'><strong>ut</strong></span> <span class='ocrx_word' id='word_1_694' title='bbox 2354 4315 2558 4382; x_wconf 83' lang='lat' dir='ltr'><strong>clarior</strong></span> <span class='ocrx_word' id='word_1_695' title='bbox 2589 4317 2754 4372; x_wconf 89' lang='lat' dir='ltr'><strong>nobis</strong></span> <span class='ocrx_word' id='word_1_696' title='bbox 2786 4317 2874 4371; x_wconf 87' lang='lat' dir='ltr'><strong>hic</strong></span> <span class='ocrx_word' id='word_1_697' title='bbox 2905 4331 3102 4373; x_wconf 88' lang='lat' dir='ltr'><strong>sensus</strong></span> <span class='ocrx_word' id='word_1_698' title='bbox 3136 4327 3354 4388; x_wconf 86' lang='lat' dir='ltr'><strong>pateat,</strong></span> 
     </span>
    </p>
   </div>
   <div class='ocr_carea' id='block_1_88' title="bbox 1767 4405 3354 4478">
    <p class='ocr_par' dir='ltr' id='par_1_88' title="bbox 1767 4405 3354 4478">
     <span class='ocr_line' id='line_1_88' title="bbox 1767 4405 3354 4478; baseline -0.002 -13"><span class='ocrx_word' id='word_1_699' title='bbox 1767 4410 2004 4465; x_wconf 86' lang='lat' dir='ltr'><strong>breviter</strong></span> <span class='ocrx_word' id='word_1_700' title='bbox 2015 4415 2327 4478; x_wconf 83' lang='lat' dir='ltr'><strong>repetamus</strong></span> <span class='ocrx_word' id='word_1_701' title='bbox 2353 4422 2416 4462; x_wconf 88' lang='lat' dir='ltr'><strong>ea</strong></span> <span class='ocrx_word' id='word_1_702' title='bbox 2431 4423 2552 4478; x_wconf 65' lang='lat' dir='ltr'><strong>quae</strong></span> <span class='ocrx_word' id='word_1_703' title='bbox 2569 4407 2714 4464; x_wconf 88' lang='lat' dir='ltr'><strong>dicta</strong></span> <span class='ocrx_word' id='word_1_704' title='bbox 2728 4416 2878 4462; x_wconf 88' lang='lat' dir='ltr'><strong>sunt.</strong></span> <span class='ocrx_word' id='word_1_705' title='bbox 2898 4405 3354 4476; x_wconf 85' lang='lat' dir='ltr'><strong>Firmamentum,</strong></span> 
     </span>
    </p>
   </div>
   <div class='ocr_carea' id='block_1_89' title="bbox 1769 4499 3356 4578">
    <p class='ocr_par' dir='ltr' id='par_1_89' title="bbox 1769 4499 3356 4578">
     <span class='ocr_line' id='line_1_89' title="bbox 1769 4499 3356 4578; baseline 0.001 -23"><span class='ocrx_word' id='word_1_706' title='bbox 1769 4499 1916 4578; x_wconf 76' lang='lat' dir='ltr'><strong>quod</strong></span> <span class='ocrx_word' id='word_1_707' title='bbox 1947 4508 2204 4555; x_wconf 86' lang='lat' dir='ltr'><strong>vocatum</strong></span> <span class='ocrx_word' id='word_1_708' title='bbox 2227 4507 2315 4555; x_wconf 90' lang='lat' dir='ltr'><strong>est</strong></span> <span class='ocrx_word' id='word_1_709' title='bbox 2343 4499 2544 4556; x_wconf 71' lang='lat' dir='ltr'><strong>cadum</strong></span> <span class='ocrx_word' id='word_1_710' title='bbox 2569 4539 2585 4563; x_wconf 94' lang='lat'><strong>,</strong></span> <span class='ocrx_word' id='word_1_711' title='bbox 2610 4501 2884 4556; x_wconf 86' lang='lat' dir='ltr'><strong>terminus</strong></span> <span class='ocrx_word' id='word_1_712' title='bbox 2909 4507 2996 4556; x_wconf 87' lang='lat' dir='ltr'><strong>est</strong></span> <span class='ocrx_word' id='word_1_713' title='bbox 3023 4515 3206 4556; x_wconf 88' lang='lat' dir='ltr'><strong>rerum</strong></span> <span class='ocrx_word' id='word_1_714' title='bbox 3233 4516 3356 4573; x_wconf 64' lang='lat' dir='ltr'><strong>quae</strong></span> 
     </span>
    </p>
   </div>
   <div class='ocr_carea' id='block_1_90' title="bbox 1771 4590 3351 4661">
    <p class='ocr_par' dir='ltr' id='par_1_90' title="bbox 1771 4590 3351 4661">
     <span class='ocr_line' id='line_1_90' title="bbox 1771 4590 3351 4661; baseline -0.002 -12"><span class='ocrx_word' id='word_1_715' title='bbox 1771 4593 2028 4649; x_wconf 84' lang='lat' dir='ltr'><strong>sensibus</strong></span> <span class='ocrx_word' id='word_1_716' title='bbox 2061 4590 2644 4659; x_wconf 87' lang='lat' dir='ltr'><strong>comprehenduntur:</strong></span> <span class='ocrx_word' id='word_1_717' title='bbox 2681 4590 2831 4661; x_wconf 90' lang='lat' dir='ltr'><strong>quod</strong></span> <span class='ocrx_word' id='word_1_718' title='bbox 2862 4590 3008 4650; x_wconf 85' lang='lat' dir='ltr'><strong>ultra</strong></span> <span class='ocrx_word' id='word_1_719' title='bbox 3039 4591 3194 4645; x_wconf 88' lang='lat' dir='ltr'><strong>illum</strong></span> <span class='ocrx_word' id='word_1_720' title='bbox 3240 4599 3351 4647; x_wconf 85' lang='lat' dir='ltr'><strong>ter-</strong></span> 
     </span>
    </p>
   </div>
   <div class='ocr_carea' id='block_1_91' title="bbox 67 4676 1665 4754">
    <p class='ocr_par' dir='ltr' id='par_1_91' title="bbox 67 4679 1662 4753">
     <span class='ocr_line' id='line_1_91' title="bbox 67 4679 1662 4753; baseline -0.007 -11"><span class='ocrx_word' id='word_1_721' title='bbox 67 4691 166 4742; x_wconf 76' lang='grc' dir='ltr'><strong>ὲπὶ</strong></span> <span class='ocrx_word' id='word_1_722' title='bbox 203 4691 376 4741; x_wconf 81' lang='grc' dir='ltr'>τόπου</span> <span class='ocrx_word' id='word_1_723' title='bbox 417 4685 588 4751; x_wconf 83' lang='grc' dir='ltr'>θέσις,</span> <span class='ocrx_word' id='word_1_724' title='bbox 611 4685 672 4738; x_wconf 82' lang='grc' dir='ltr'><strong>οὐ</strong></span> <span class='ocrx_word' id='word_1_725' title='bbox 719 4685 780 4736; x_wconf 84' lang='grc' dir='ltr'><strong>τὸ</strong></span> <span class='ocrx_word' id='word_1_726' title='bbox 827 4685 890 4736; x_wconf 83' lang='grc' dir='ltr'>ὲκ</span> <span class='ocrx_word' id='word_1_727' title='bbox 923 4681 1312 4753; x_wconf 82' lang='grc' dir='ltr'>διαστημάτων</span> <span class='ocrx_word' id='word_1_728' title='bbox 1359 4679 1662 4751; x_wconf 83' lang='grc' dir='ltr'>μέτρον,οὐ</span> 
     </span>
    </p>
   </div>
   <div class='ocr_carea' id='block_1_92' title="bbox 1771 4676 3352 4754">
    <p class='ocr_par' dir='ltr' id='par_1_92' title="bbox 1771 4681 3352 4754">
     <span class='ocr_line' id='line_1_92' title="bbox 1771 4681 3352 4754; baseline -0.001 -16"><span class='ocrx_word' id='word_1_729' title='bbox 1771 4683 1980 4744; x_wconf 85' lang='lat' dir='ltr'><strong>miuum</strong></span> <span class='ocrx_word' id='word_1_730' title='bbox 2015 4689 2131 4748; x_wconf 87' lang='lat' dir='ltr'><strong>est,</strong></span> <span class='ocrx_word' id='word_1_731' title='bbox 2183 4682 2238 4738; x_wconf 91' lang='lat' dir='ltr'><strong>id</strong></span> <span class='ocrx_word' id='word_1_732' title='bbox 2277 4697 2384 4738; x_wconf 75' lang='lat' dir='ltr'><strong>res.</strong></span> <span class='ocrx_word' id='word_1_733' title='bbox 2417 4681 2524 4736; x_wconf 79' lang='lat' dir='ltr'><strong>illae</strong></span> <span class='ocrx_word' id='word_1_734' title='bbox 2561 4697 2686 4752; x_wconf 66' lang='lat' dir='ltr'><strong>quae</strong></span> <span class='ocrx_word' id='word_1_735' title='bbox 2723 4689 2906 4738; x_wconf 81' lang='lat' dir='ltr'><strong>mente</strong></span> <span class='ocrx_word' id='word_1_736' title='bbox 2945 4683 3352 4754; x_wconf 86' lang='lat' dir='ltr'><strong>percipiuntur,</strong></span> 
     </span>
    </p>
   </div>
   <div class='ocr_carea' id='block_1_93' title="bbox 63 4771 1663 4853">
    <p class='ocr_par' dir='ltr' id='par_1_93' title="bbox 63 4771 1663 4853">
     <span class='ocr_line' id='line_1_93' title="bbox 63 4771 1663 4853; baseline -0.006 -21"><span class='ocrx_word' id='word_1_737' title='bbox 63 4781 294 4853; x_wconf 79' lang='grc' dir='ltr'>χρῶμα,</span> <span class='ocrx_word' id='word_1_738' title='bbox 320 4779 380 4830; x_wconf 74' lang='grc' dir='ltr'><strong>οὐ</strong></span> <span class='ocrx_word' id='word_1_739' title='bbox 416 4777 620 4847; x_wconf 85' lang='grc' dir='ltr'>σχῆμα,</span> <span class='ocrx_word' id='word_1_740' title='bbox 671 4775 730 4828; x_wconf 78' lang='grc' dir='ltr'><strong>οὐ</strong></span> <span class='ocrx_word' id='word_1_741' title='bbox 771 4775 1093 4844; x_wconf 81' lang='grc' dir='ltr'>πηλικότης,</span> <span class='ocrx_word' id='word_1_742' title='bbox 1146 4773 1246 4825; x_wconf 77' lang='grc' dir='ltr'><strong>οὐκ</strong></span> <span class='ocrx_word' id='word_1_743' title='bbox 1297 4771 1424 4825; x_wconf 74' lang='grc' dir='ltr'>ἄλλο</span> <span class='ocrx_word' id='word_1_744' title='bbox 1462 4789 1515 4824; x_wconf 91' lang='grc' dir='ltr'><strong>τι</strong></span> <span class='ocrx_word' id='word_1_745' title='bbox 1555 4771 1663 4832; x_wconf 82' lang='grc' dir='ltr'>τῶν</span> 
     </span>
    </p>
   </div>
   <div class='ocr_carea' id='block_1_94' title="bbox 66 4861 1665 4942">
    <p class='ocr_par' dir='ltr' id='par_1_94' title="bbox 66 4861 1665 4942">
     <span class='ocr_line' id='line_1_94' title="bbox 66 4861 1665 4942; baseline -0.01 -13"><span class='ocrx_word' id='word_1_746' title='bbox 66 4876 178 4929; x_wconf 78' lang='grc' dir='ltr'>ὑπὸ</span> <span class='ocrx_word' id='word_1_747' title='bbox 204 4875 298 4926; x_wconf 86' lang='grc' dir='ltr'><strong>τὸν</strong></span> <span class='ocrx_word' id='word_1_748' title='bbox 327 4871 556 4942; x_wconf 75' lang='grc' dir='ltr'>οὐρανὸν</span> <span class='ocrx_word' id='word_1_749' title='bbox 587 4865 978 4937; x_wconf 85' lang='grc' dir='ltr'>θεωρουμένων</span> <span class='ocrx_word' id='word_1_750' title='bbox 1021 4864 1192 4918; x_wconf 78' lang='grc' dir='ltr'>οὐδέν.</span> <span class='ocrx_word' id='word_1_751' title='bbox 1231 4863 1340 4919; x_wconf 80' lang='grc' dir='ltr'>Καί</span> <span class='ocrx_word' id='word_1_752' title='bbox 1375 4880 1441 4933; x_wconf 87' lang='grc' dir='ltr'><strong>με</strong></span> <span class='ocrx_word' id='word_1_753' title='bbox 1476 4861 1665 4933; x_wconf 72' lang='grc' dir='ltr'>μηδεὶς</span> 
     </span>
    </p>
   </div>
   <div class='ocr_carea' id='block_1_95' title="bbox 2 4955 1660 5046">
    <p class='ocr_par' dir='ltr' id='par_1_95' title="bbox 2 4955 1660 5046">
     <span class='ocr_line' id='line_1_95' title="bbox 2 4955 1660 5046; baseline -0.01 -23"><span class='ocrx_word' id='word_1_754' title='bbox 2 5021 24 5046; x_wconf 46' lang='grc' dir='ltr'>δ</span> <span class='ocrx_word' id='word_1_755' title='bbox 66 4963 374 5022; x_wconf 79' lang='grc' dir='ltr'>ὑπονοείτω</span> <span class='ocrx_word' id='word_1_756' title='bbox 403 4963 490 5015; x_wconf 78' lang='grc' dir='ltr'><strong>διὰ</strong></span> <span class='ocrx_word' id='word_1_757' title='bbox 531 4961 630 5030; x_wconf 83' lang='grc' dir='ltr'>τῆς</span> <span class='ocrx_word' id='word_1_758' title='bbox 662 4957 1021 5028; x_wconf 75' lang='grc' dir='ltr'>τροπολογίας</span> <span class='ocrx_word' id='word_1_759' title='bbox 1057 4955 1318 5026; x_wconf 86' lang='grc' dir='ltr'>σύγχυσιν</span> <span class='ocrx_word' id='word_1_760' title='bbox 1341 4955 1568 5022; x_wconf 81' lang='grc' dir='ltr'>ἐπάγειν</span> <span class='ocrx_word' id='word_1_761' title='bbox 1594 4957 1660 5025; x_wconf 81' lang='grc' dir='ltr'>τῇ</span> 
     </span>
    </p>
   </div>
   <div class='ocr_carea' id='block_1_96' title="bbox 69 5047 1664 5129">
    <p class='ocr_par' dir='ltr' id='par_1_96' title="bbox 69 5047 1664 5129">
     <span class='ocr_line' id='line_1_96' title="bbox 69 5047 1664 5129; baseline -0.009 -16"><span class='ocrx_word' id='word_1_762' title='bbox 69 5058 284 5129; x_wconf 68' lang='grc' dir='ltr'>θεωρία</span> <span class='ocrx_word' id='word_1_763' title='bbox 333 5055 434 5125; x_wconf 83' lang='grc' dir='ltr'>τῆς</span> <span class='ocrx_word' id='word_1_764' title='bbox 477 5053 697 5118; x_wconf 78' lang='grc' dir='ltr'>λέξεως.</span> <span class='ocrx_word' id='word_1_765' title='bbox 755 5051 830 5114; x_wconf 82' lang='grc' dir='ltr'>ὡς</span> <span class='ocrx_word' id='word_1_766' title='bbox 874 5051 995 5111; x_wconf 86' lang='grc' dir='ltr'>ταῖς</span> <span class='ocrx_word' id='word_1_767' title='bbox 1053 5049 1331 5110; x_wconf 79' lang='grc' dir='ltr'>ὑπονοίαις</span> <span class='ocrx_word' id='word_1_768' title='bbox 1392 5047 1502 5099; x_wconf 85' lang='grc' dir='ltr'><strong>τῶν</strong></span> <span class='ocrx_word' id='word_1_769' title='bbox 1557 5047 1664 5118; x_wconf 87' lang='grc' dir='ltr'><strong>πρὸ</strong></span> 
     </span>
    </p>
   </div>
   <div class='ocr_carea' id='block_1_97' title="bbox 69 5137 1664 5221">
    <p class='ocr_par' dir='ltr' id='par_1_97' title="bbox 69 5137 1664 5221">
     <span class='ocr_line' id='line_1_97' title="bbox 69 5137 1664 5221; baseline -0.008 -18"><span class='ocrx_word' id='word_1_770' title='bbox 69 5151 234 5221; x_wconf 81' lang='grc' dir='ltr'>ἡμῶν</span> <span class='ocrx_word' id='word_1_771' title='bbox 285 5145 354 5200; x_wconf 75' lang='grc' dir='ltr'>τὰ</span> <span class='ocrx_word' id='word_1_772' title='bbox 391 5143 619 5199; x_wconf 87' lang='grc' dir='ltr'>τοιαῦτα</span> <span class='ocrx_word' id='word_1_773' title='bbox 663 5139 1088 5213; x_wconf 76' lang='grc' dir='ltr'>τεθεωρηκὸτων</span> <span class='ocrx_word' id='word_1_774' title='bbox 1146 5137 1541 5210; x_wconf 85' lang='grc' dir='ltr'>συμφέρεσθαι,</span> <span class='ocrx_word' id='word_1_775' title='bbox 1569 5139 1664 5194; x_wconf 78' lang='grc' dir='ltr'>καὶ</span> 
     </span>
    </p>
   </div>
   <div class='ocr_carea' id='block_1_98' title="bbox 70 5229 1665 5310">
    <p class='ocr_par' dir='ltr' id='par_1_98' title="bbox 70 5229 1665 5310">
     <span class='ocr_line' id='line_1_98' title="bbox 70 5229 1665 5310; baseline -0.008 -15"><span class='ocrx_word' id='word_1_776' title='bbox 70 5243 256 5310; x_wconf 82' lang='grc' dir='ltr'>λέγειν</span> <span class='ocrx_word' id='word_1_777' title='bbox 285 5259 297 5270; x_wconf 94' lang='grc'>·</span> <span class='ocrx_word' id='word_1_778' title='bbox 337 5239 433 5302; x_wconf 70' lang='grc' dir='ltr'>τὰς</span> <span class='ocrx_word' id='word_1_779' title='bbox 473 5237 570 5306; x_wconf 77' lang='grc' dir='ltr'><strong>μὲν</strong></span> <span class='ocrx_word' id='word_1_780' title='bbox 602 5231 970 5295; x_wconf 81' lang='grc' dir='ltr'>ἀποστατικὰς</span> <span class='ocrx_word' id='word_1_781' title='bbox 998 5231 1277 5300; x_wconf 73' lang='grc' dir='ltr'>δυνάμεις,</span> <span class='ocrx_word' id='word_1_782' title='bbox 1313 5229 1550 5294; x_wconf 68' lang='grc' dir='ltr'>ἄϐυσσον</span> <span class='ocrx_word' id='word_1_783' title='bbox 1577 5229 1665 5292; x_wconf 54' lang='grc' dir='ltr'><strong>λέέ</strong></span> 
     </span>
    </p>
   </div>
   <div class='ocr_carea' id='block_1_99' title="bbox 73 5322 1665 5401">
    <p class='ocr_par' dir='ltr' id='par_1_99' title="bbox 73 5322 1665 5401">
     <span class='ocr_line' id='line_1_99' title="bbox 73 5322 1665 5401; baseline -0.006 -14"><span class='ocrx_word' id='word_1_784' title='bbox 73 5334 272 5401; x_wconf 85' lang='grc' dir='ltr'>γεσθαι</span> <span class='ocrx_word' id='word_1_785' title='bbox 292 5349 306 5364; x_wconf 75' lang='grc' dir='ltr'><strong>ο</strong></span> <span class='ocrx_word' id='word_1_786' title='bbox 329 5331 422 5384; x_wconf 77' lang='grc' dir='ltr'><strong>τὸν</strong></span> <span class='ocrx_word' id='word_1_787' title='bbox 449 5331 504 5383; x_wconf 76' lang='grc' dir='ltr'>δὲ</span> <span class='ocrx_word' id='word_1_788' title='bbox 534 5327 957 5398; x_wconf 80' lang='grc' dir='ltr'>κοσμοκράτορα</span> <span class='ocrx_word' id='word_1_789' title='bbox 978 5325 1073 5378; x_wconf 91' lang='grc' dir='ltr'><strong>τοῦ</strong></span> <span class='ocrx_word' id='word_1_790' title='bbox 1097 5323 1352 5386; x_wconf 72' lang='grc' dir='ltr'>σκότους,</span> <span class='ocrx_word' id='word_1_791' title='bbox 1386 5322 1449 5375; x_wconf 87' lang='grc' dir='ltr'><strong>τὸ</strong></span> <span class='ocrx_word' id='word_1_792' title='bbox 1478 5323 1665 5377; x_wconf 83' lang='grc' dir='ltr'>ὲπάνω</span> 
     </span>
    </p>
   </div>
   <div class='ocr_carea' id='block_1_100' title="bbox 74 5414 1662 5493">
    <p class='ocr_par' dir='ltr' id='par_1_100' title="bbox 74 5414 1662 5493">
     <span class='ocr_line' id='line_1_100' title="bbox 74 5414 1662 5493; baseline -0.012 -16"><span class='ocrx_word' id='word_1_793' title='bbox 74 5425 178 5493; x_wconf 76' lang='grc' dir='ltr'>τῆς</span> <span class='ocrx_word' id='word_1_794' title='bbox 210 5423 452 5477; x_wconf 77' lang='grc' dir='ltr'>ἀῦύσσου</span> <span class='ocrx_word' id='word_1_795' title='bbox 489 5418 728 5474; x_wconf 83' lang='grc' dir='ltr'>νοεῖσθαι</span> <span class='ocrx_word' id='word_1_796' title='bbox 780 5417 990 5480; x_wconf 82' lang='grc' dir='ltr'>σκότος.</span> <span class='ocrx_word' id='word_1_797' title='bbox 1021 5417 1250 5485; x_wconf 83' lang='grc' dir='ltr'>Μήποτε</span> <span class='ocrx_word' id='word_1_798' title='bbox 1277 5414 1422 5468; x_wconf 74' lang='grc' dir='ltr'>οὕτω</span> <span class='ocrx_word' id='word_1_799' title='bbox 1481 5431 1662 5484; x_wconf 81' lang='grc' dir='ltr'>παρα.</span> 
     </span>
    </p>
   </div>
   <div class='ocr_carea' id='block_1_101' title="bbox 76 5509 1660 5586">
    <p class='ocr_par' dir='ltr' id='par_1_101' title="bbox 76 5509 1660 5586">
     <span class='ocr_line' id='line_1_101' title="bbox 76 5509 1660 5586; baseline -0.004 -17"><span class='ocrx_word' id='word_1_800' title='bbox 76 5517 420 5586; x_wconf 77' lang='grc' dir='ltr'>νομήσαιμι,</span> <span class='ocrx_word' id='word_1_801' title='bbox 454 5513 531 5576; x_wconf 84' lang='grc' dir='ltr'>ὼς</span> <span class='ocrx_word' id='word_1_802' title='bbox 591 5513 805 5583; x_wconf 83' lang='grc' dir='ltr'>ποίημα</span> <span class='ocrx_word' id='word_1_803' title='bbox 837 5511 974 5565; x_wconf 84' lang='grc' dir='ltr'>Θεοῦ</span> <span class='ocrx_word' id='word_1_804' title='bbox 1019 5511 1119 5584; x_wconf 84' lang='grc' dir='ltr'>τὴν</span> <span class='ocrx_word' id='word_1_805' title='bbox 1175 5510 1375 5564; x_wconf 87' lang='grc' dir='ltr'>κακίαν</span> <span class='ocrx_word' id='word_1_806' title='bbox 1419 5509 1610 5582; x_wconf 83' lang='grc' dir='ltr'>νοῆσαι</span> <span class='ocrx_word' id='word_1_807' title='bbox 1646 5528 1660 5543; x_wconf 79' lang='grc' dir='ltr'><strong>ο</strong></span> 
     </span>
    </p>
   </div>
   <div class='ocr_carea' id='block_1_102' title="bbox 2 5599 1664 5674">
    <p class='ocr_par' dir='ltr' id='par_1_102' title="bbox 2 5599 1664 5674">
     <span class='ocr_line' id='line_1_102' title="bbox 2 5599 1664 5674; baseline -0.004 -15"><span class='ocrx_word' id='word_1_808' title='bbox 2 5617 30 5650; x_wconf 69' lang='grc' dir='ltr'><strong><em>δ</em></strong></span> <span class='ocrx_word' id='word_1_809' title='bbox 79 5605 268 5674; x_wconf 82' lang='grc' dir='ltr'>σαφῶς</span> <span class='ocrx_word' id='word_1_810' title='bbox 289 5604 534 5666; x_wconf 74' lang='grc' dir='ltr'>εἰπόντος</span> <span class='ocrx_word' id='word_1_811' title='bbox 565 5603 657 5655; x_wconf 76' lang='grc' dir='ltr'>ἐπὶ</span> <span class='ocrx_word' id='word_1_812' title='bbox 704 5600 1004 5672; x_wconf 74' lang='grc' dir='ltr'>κεφαλαίου</span> <span class='ocrx_word' id='word_1_813' title='bbox 1043 5599 1136 5654; x_wconf 84' lang='grc' dir='ltr'><strong>τοῦ</strong></span> <span class='ocrx_word' id='word_1_814' title='bbox 1183 5599 1329 5653; x_wconf 88' lang='grc' dir='ltr'>θείου</span> <span class='ocrx_word' id='word_1_815' title='bbox 1363 5599 1546 5669; x_wconf 83' lang='grc' dir='ltr'>λόγου,</span> <span class='ocrx_word' id='word_1_816' title='bbox 1581 5600 1664 5653; x_wconf 83' lang='grc' dir='ltr'>ὃτι</span> 
     </span>
    </p>
   </div>
   <div class='ocr_carea' id='block_1_103' title="bbox 49 5689 1666 5778">
    <p class='ocr_par' dir='ltr' id='par_1_103' title="bbox 49 5689 1666 5778">
     <span class='ocr_line' id='line_1_103' title="bbox 49 5689 1666 5778; baseline -0.002 -30"><span class='ocrx_word' id='word_1_817' title='bbox 49 5714 106 5748; x_wconf 82' lang='grc' dir='ltr'><strong>-ι</strong></span> <span class='ocrx_word' id='word_1_818' title='bbox 145 5696 259 5748; x_wconf 72' lang='grc' dir='ltr'><strong>Καὶ</strong></span> <span class='ocrx_word' id='word_1_819' title='bbox 312 5689 454 5748; x_wconf 74' lang='grc' dir='ltr'>εἶδεν</span> <span class='ocrx_word' id='word_1_820' title='bbox 497 5695 527 5748; x_wconf 89' lang='grc' dir='ltr'><strong>ὀ</strong></span> <span class='ocrx_word' id='word_1_821' title='bbox 579 5693 714 5778; x_wconf 65' lang='lat' dir='ltr'><strong>Geo;</strong></span> <span class='ocrx_word' id='word_1_822' title='bbox 762 5693 832 5746; x_wconf 86' lang='grc' dir='ltr'><strong>τά</strong></span> <span class='ocrx_word' id='word_1_823' title='bbox 879 5694 1062 5746; x_wconf 81' lang='grc' dir='ltr'>πάντα</span> <span class='ocrx_word' id='word_1_824' title='bbox 1105 5695 1206 5746; x_wconf 80' lang='grc' dir='ltr'><strong>ὅσα</strong></span> <span class='ocrx_word' id='word_1_825' title='bbox 1248 5692 1523 5764; x_wconf 72' lang='grc' dir='ltr'>εποίησεν,</span> <span class='ocrx_word' id='word_1_826' title='bbox 1571 5691 1666 5744; x_wconf 76' lang='grc' dir='ltr'><strong>καὶ</strong></span> 
     </span>
    </p>
   </div>
   <div class='ocr_carea' id='block_1_104' title="bbox 161 5869 539 5940">
    <p class='ocr_par' dir='ltr' id='par_1_104' title="bbox 161 5869 539 5940">
     <span class='ocr_line' id='line_1_104' title="bbox 161 5869 539 5940; baseline -0.005 -13"><span class='ocrx_word' id='word_1_827' title='bbox 161 5869 204 5905; x_wconf 83' lang='grc'><strong>¹⁹</strong></span> <span class='ocrx_word' id='word_1_828' title='bbox 241 5870 380 5929; x_wconf 82' lang='lat' dir='ltr'><strong>Gen.</strong></span> <span class='ocrx_word' id='word_1_829' title='bbox 405 5890 444 5940; x_wconf 79' lang='grc' dir='ltr'>ι,</span> <span class='ocrx_word' id='word_1_830' title='bbox 487 5872 539 5926; x_wconf 75' lang='lat'><strong>‘2.</strong></span> 
     </span>
    </p>
   </div>
   <div class='ocr_carea' id='block_1_105' title="bbox 1771 4775 3350 4849">
    <p class='ocr_par' dir='ltr' id='par_1_105' title="bbox 1771 4775 3350 4849">
     <span class='ocr_line' id='line_1_105' title="bbox 1771 4775 3350 4849; baseline -0.004 -13"><span class='ocrx_word' id='word_1_831' title='bbox 1771 4779 2055 4849; x_wconf 77' lang='lat' dir='ltr'><strong>excipiunt</strong></span> <span class='ocrx_word' id='word_1_832' title='bbox 2079 4815 2095 4844; x_wconf 93' lang='lat'><strong>,</strong></span> <span class='ocrx_word' id='word_1_833' title='bbox 2141 4775 2204 4831; x_wconf 90' lang='lat' dir='ltr'><strong>in</strong></span> <span class='ocrx_word' id='word_1_834' title='bbox 2238 4776 2440 4847; x_wconf 87' lang='lat' dir='ltr'><strong>quibus</strong></span> <span class='ocrx_word' id='word_1_835' title='bbox 2475 4792 2580 4832; x_wconf 85' lang='lat' dir='ltr'><strong>nec</strong></span> <span class='ocrx_word' id='word_1_836' title='bbox 2611 4777 2973 4847; x_wconf 75' lang='lat' dir='ltr'><strong>speciesest,</strong></span> <span class='ocrx_word' id='word_1_837' title='bbox 3006 4789 3110 4832; x_wconf 83' lang='lat' dir='ltr'><strong>nec</strong></span> <span class='ocrx_word' id='word_1_838' title='bbox 3141 4777 3350 4848; x_wconf 71' lang='lat' dir='ltr'><strong>magni-</strong></span> 
     </span>
    </p>
   </div>
   <div class='ocr_carea' id='block_1_106' title="bbox 1773 4866 3349 4932">
    <p class='ocr_par' dir='ltr' id='par_1_106' title="bbox 1773 4866 3349 4932">
     <span class='ocr_line' id='line_1_106' title="bbox 1773 4866 3349 4932; baseline -0.003 -9"><span class='ocrx_word' id='word_1_839' title='bbox 1773 4868 1940 4932; x_wconf 91' lang='lat' dir='ltr'><strong>tudo,</strong></span> <span class='ocrx_word' id='word_1_840' title='bbox 1985 4882 2090 4923; x_wconf 91' lang='lat' dir='ltr'><strong>nec</strong></span> <span class='ocrx_word' id='word_1_841' title='bbox 2133 4867 2276 4922; x_wconf 87' lang='lat' dir='ltr'><strong>situs</strong></span> <span class='ocrx_word' id='word_1_842' title='bbox 2321 4867 2394 4928; x_wconf 88' lang='lat' dir='ltr'><strong>in_</strong></span> <span class='ocrx_word' id='word_1_843' title='bbox 2423 4866 2576 4931; x_wconf 88' lang='lat' dir='ltr'><strong>loco,</strong></span> <span class='ocrx_word' id='word_1_844' title='bbox 2605 4881 2706 4921; x_wconf 88' lang='lat' dir='ltr'><strong>nec</strong></span> <span class='ocrx_word' id='word_1_845' title='bbox 2739 4866 3012 4922; x_wconf 89' lang='lat' dir='ltr'><strong>intervalli</strong></span> <span class='ocrx_word' id='word_1_846' title='bbox 3047 4879 3238 4920; x_wconf 88' lang='lat' dir='ltr'><strong>mensu</strong></span> <span class='ocrx_word' id='word_1_847' title='bbox 3255 4881 3349 4928; x_wconf 89' lang='lat' dir='ltr'><strong>ra.</strong></span> 
     </span>
    </p>
   </div>
   <div class='ocr_carea' id='block_1_107' title="bbox 1769 4957 3336 5032">
    <p class='ocr_par' dir='ltr' id='par_1_107' title="bbox 1769 4957 3336 5032">
     <span class='ocr_line' id='line_1_107' title="bbox 1769 4957 3336 5032; baseline -0.004 -15"><span class='ocrx_word' id='word_1_848' title='bbox 1769 4977 1872 5018; x_wconf 91' lang='lat' dir='ltr'><strong>nec</strong></span> <span class='ocrx_word' id='word_1_849' title='bbox 1921 4961 2094 5027; x_wconf 79' lang='lat' dir='ltr'><strong>color,</strong></span> <span class='ocrx_word' id='word_1_850' title='bbox 2135 4975 2240 5015; x_wconf 89' lang='lat' dir='ltr'><strong>nec</strong></span> <span class='ocrx_word' id='word_1_851' title='bbox 2285 4961 2492 5032; x_wconf 77' lang='lat' dir='ltr'><strong>figura,</strong></span> <span class='ocrx_word' id='word_1_852' title='bbox 2543 4973 2644 5014; x_wconf 89' lang='lat' dir='ltr'><strong>nec</strong></span> <span class='ocrx_word' id='word_1_853' title='bbox 2673 4961 2991 5029; x_wconf 86' lang='lat' dir='ltr'><strong>quantitas,</strong></span> <span class='ocrx_word' id='word_1_854' title='bbox 3043 4973 3146 5013; x_wconf 91' lang='lat' dir='ltr'><strong>nec</strong></span> <span class='ocrx_word' id='word_1_855' title='bbox 3189 4957 3336 5025; x_wconf 78' lang='lat' dir='ltr'><strong>quid-</strong></span> 
     </span>
    </p>
   </div>
   <div class='ocr_carea' id='block_1_108' title="bbox 1769 5045 3346 5124">
    <p class='ocr_par' dir='ltr' id='par_1_108' title="bbox 1769 5045 3346 5124">
     <span class='ocr_line' id='line_1_108' title="bbox 1769 5045 3346 5124; baseline -0.003 -17"><span class='ocrx_word' id='word_1_856' title='bbox 1769 5067 1934 5124; x_wconf 84' lang='lat' dir='ltr'><strong>quam</strong></span> <span class='ocrx_word' id='word_1_857' title='bbox 1979 5053 2126 5108; x_wconf 89' lang='lat' dir='ltr'><strong>aliud</strong></span> <span class='ocrx_word' id='word_1_858' title='bbox 2163 5067 2354 5108; x_wconf 87' lang='lat' dir='ltr'><strong>eorum</strong></span> <span class='ocrx_word' id='word_1_859' title='bbox 2388 5067 2512 5124; x_wconf 67' lang='lat' dir='ltr'><strong>qua:</strong></span> <span class='ocrx_word' id='word_1_860' title='bbox 2547 5045 2652 5112; x_wconf 86' lang='lat' dir='ltr'><strong>sub</strong></span> <span class='ocrx_word' id='word_1_861' title='bbox 2687 5051 2829 5106; x_wconf 75' lang='lat' dir='ltr'><strong>cmlo</strong></span> <span class='ocrx_word' id='word_1_862' title='bbox 2862 5057 3190 5105; x_wconf 88' lang='lat' dir='ltr'><strong>cernuntur.</strong></span> <span class='ocrx_word' id='word_1_863' title='bbox 3240 5047 3346 5104; x_wconf 78' lang='lat' dir='ltr'><strong>Nec</strong></span> 
     </span>
    </p>
   </div>
   <div class='ocr_carea' id='block_1_109' title="bbox 1772 5139 3347 5214">
    <p class='ocr_par' dir='ltr' id='par_1_109' title="bbox 1772 5139 3347 5214">
     <span class='ocr_line' id='line_1_109' title="bbox 1772 5139 3347 5214; baseline -0.003 -16"><span class='ocrx_word' id='word_1_864' title='bbox 1772 5143 2066 5214; x_wconf 86' lang='lat' dir='ltr'><strong>quisquam</strong></span> <span class='ocrx_word' id='word_1_865' title='bbox 2098 5142 2419 5208; x_wconf 88' lang='lat' dir='ltr'><strong>arbitretur,</strong></span> <span class='ocrx_word' id='word_1_866' title='bbox 2433 5156 2550 5210; x_wconf 87' lang='lat' dir='ltr'><strong>_nos</strong></span> <span class='ocrx_word' id='word_1_867' title='bbox 2583 5141 2876 5195; x_wconf 89' lang='lat' dir='ltr'><strong>verborum</strong></span> <span class='ocrx_word' id='word_1_868' title='bbox 2909 5139 3347 5209; x_wconf 85' lang='lat' dir='ltr'><strong>interpretationi</strong></span> 
     </span>
    </p>
   </div>
   <div class='ocr_carea' id='block_1_110' title="bbox 1770 5229 3350 5304">
    <p class='ocr_par' dir='ltr' id='par_1_110' title="bbox 1770 5229 3350 5304">
     <span class='ocr_line' id='line_1_110' title="bbox 1770 5229 3350 5304; baseline -0.004 -15"><span class='ocrx_word' id='word_1_869' title='bbox 1770 5249 1839 5290; x_wconf 81' lang='lat' dir='ltr'><strong>ex</strong></span> <span class='ocrx_word' id='word_1_870' title='bbox 1871 5238 1974 5288; x_wconf 84' lang='lat' dir='ltr'><strong>hac</strong></span> <span class='ocrx_word' id='word_1_871' title='bbox 2009 5235 2200 5289; x_wconf 88' lang='lat' dir='ltr'><strong>morali</strong></span> <span class='ocrx_word' id='word_1_872' title='bbox 2232 5233 2576 5304; x_wconf 85' lang='lat' dir='ltr'><strong>expositione</strong></span> <span class='ocrx_word' id='word_1_873' title='bbox 2601 5231 2988 5288; x_wconf 84' lang='lat' dir='ltr'><strong>confusionem</strong></span> <span class='ocrx_word' id='word_1_874' title='bbox 3033 5229 3256 5297; x_wconf 80' lang='lat' dir='ltr'><strong>afferre,</strong></span> <span class='ocrx_word' id='word_1_875' title='bbox 3291 5237 3350 5285; x_wconf 89' lang='lat' dir='ltr'><strong>ut</strong></span> 
     </span>
    </p>
   </div>
   <div class='ocr_carea' id='block_1_111' title="bbox 1771 5322 3347 5398">
    <p class='ocr_par' dir='ltr' id='par_1_111' title="bbox 1771 5322 3347 5398">
     <span class='ocr_line' id='line_1_111' title="bbox 1771 5322 3347 5398; baseline -0.003 -17"><span class='ocrx_word' id='word_1_876' title='bbox 1771 5326 2129 5398; x_wconf 80' lang='lat' dir='ltr'><strong>opinionibus</strong></span> <span class='ocrx_word' id='word_1_877' title='bbox 2161 5341 2353 5381; x_wconf 87' lang='lat' dir='ltr'><strong>eorum</strong></span> <span class='ocrx_word' id='word_1_878' title='bbox 2387 5325 2483 5395; x_wconf 89' lang='lat' dir='ltr'><strong>qui</strong></span> <span class='ocrx_word' id='word_1_879' title='bbox 2511 5331 2640 5384; x_wconf 81' lang='lat' dir='ltr'><strong>ante</strong></span> <span class='ocrx_word' id='word_1_880' title='bbox 2671 5338 2774 5379; x_wconf 91' lang='lat' dir='ltr'><strong>nos</strong></span> <span class='ocrx_word' id='word_1_881' title='bbox 2801 5322 3148 5392; x_wconf 87' lang='lat' dir='ltr'><strong>interpretati</strong></span> <span class='ocrx_word' id='word_1_882' title='bbox 3179 5331 3347 5388; x_wconf 86' lang='lat' dir='ltr'><strong>sunt,</strong></span> 
     </span>
    </p>
   </div>
   <div class='ocr_carea' id='block_1_112' title="bbox 1771 5413 3348 5488">
    <p class='ocr_par' dir='ltr' id='par_1_112' title="bbox 1771 5413 3348 5488">
     <span class='ocr_line' id='line_1_112' title="bbox 1771 5413 3348 5488; baseline -0.003 -14"><span class='ocrx_word' id='word_1_883' title='bbox 1771 5419 2050 5476; x_wconf 83' lang='lat' dir='ltr'><strong>faveamus</strong></span> <span class='ocrx_word' id='word_1_884' title='bbox 2076 5459 2091 5484; x_wconf 94' lang='lat'><strong>,</strong></span> <span class='ocrx_word' id='word_1_885' title='bbox 2122 5419 2488 5488; x_wconf 87' lang='lat' dir='ltr'><strong>dicamusquc</strong></span> <span class='ocrx_word' id='word_1_886' title='bbox 2526 5422 2834 5487; x_wconf 84' lang='lat' dir='ltr'><strong>potestates</strong></span> <span class='ocrx_word' id='word_1_887' title='bbox 2858 5415 2982 5471; x_wconf 86' lang='lat' dir='ltr'><strong>illas</strong></span> <span class='ocrx_word' id='word_1_888' title='bbox 3028 5429 3150 5485; x_wconf 71' lang='lat' dir='ltr'><strong>quae</strong></span> <span class='ocrx_word' id='word_1_889' title='bbox 3195 5413 3348 5470; x_wconf 72' lang='lat' dir='ltr'><strong>defe-</strong></span> 
     </span>
    </p>
   </div>
   <div class='ocr_carea' id='block_1_113' title="bbox 1770 5505 3348 5582">
    <p class='ocr_par' dir='ltr' id='par_1_113' title="bbox 1770 5505 3348 5582">
     <span class='ocr_line' id='line_1_113' title="bbox 1770 5505 3348 5582; baseline -0.003 -18"><span class='ocrx_word' id='word_1_890' title='bbox 1770 5517 2004 5576; x_wconf 87' lang='lat' dir='ltr'><strong>cerunt,</strong></span> <span class='ocrx_word' id='word_1_891' title='bbox 2035 5510 2298 5582; x_wconf 85' lang='lat' dir='ltr'><strong>abyssum</strong></span> <span class='ocrx_word' id='word_1_892' title='bbox 2327 5509 2472 5564; x_wconf 88' lang='lat' dir='ltr'><strong>dlci:</strong></span> <span class='ocrx_word' id='word_1_893' title='bbox 2499 5507 2808 5580; x_wconf 90' lang='lat' dir='ltr'><strong>principem</strong></span> <span class='ocrx_word' id='word_1_894' title='bbox 2833 5519 2968 5562; x_wconf 87' lang='lat' dir='ltr'><strong>vero</strong></span> <span class='ocrx_word' id='word_1_895' title='bbox 2995 5505 3348 5562; x_wconf 87' lang='lat' dir='ltr'><strong>tenebrarum</strong></span> 
     </span>
    </p>
   </div>
   <div class='ocr_carea' id='block_1_114' title="bbox 1771 5599 3345 5672">
    <p class='ocr_par' dir='ltr' id='par_1_114' title="bbox 1771 5599 3345 5672">
     <span class='ocr_line' id='line_1_114' title="bbox 1771 5599 3345 5672; baseline -0.004 -16"><span class='ocrx_word' id='word_1_896' title='bbox 1771 5601 2001 5672; x_wconf 75' lang='lat' dir='ltr'><strong>intelligi</strong></span> <span class='ocrx_word' id='word_1_897' title='bbox 2031 5601 2288 5658; x_wconf 85' lang='lat' dir='ltr'><strong>tenebras</strong></span> <span class='ocrx_word' id='word_1_898' title='bbox 2318 5601 2442 5657; x_wconf 87' lang='lat' dir='ltr'><strong>illas</strong></span> <span class='ocrx_word' id='word_1_899' title='bbox 2463 5639 2479 5666; x_wconf 93' lang='lat'><strong>,</strong></span> <span class='ocrx_word' id='word_1_900' title='bbox 2514 5615 2637 5670; x_wconf 72' lang='lat' dir='ltr'><strong>qua:</strong></span> <span class='ocrx_word' id='word_1_901' title='bbox 2665 5615 2832 5672; x_wconf 88' lang='lat' dir='ltr'><strong>super</strong></span> <span class='ocrx_word' id='word_1_902' title='bbox 2858 5599 3120 5670; x_wconf 83' lang='lat' dir='ltr'><strong>abyssum</strong></span> <span class='ocrx_word' id='word_1_903' title='bbox 3165 5605 3345 5651; x_wconf 80' lang='lat' dir='ltr'><strong>erant.</strong></span> 
     </span>
    </p>
   </div>
   <div class='ocr_carea' id='block_1_115' title="bbox 1771 5687 3350 5765">
    <p class='ocr_par' dir='ltr' id='par_1_115' title="bbox 1771 5687 3350 5765">
     <span class='ocr_line' id='line_1_115' title="bbox 1771 5687 3350 5765; baseline -0.003 -17"><span class='ocrx_word' id='word_1_904' title='bbox 1771 5691 2066 5765; x_wconf 82' lang='lat' dir='ltr'><strong>Nunquam</strong></span> <span class='ocrx_word' id='word_1_905' title='bbox 2093 5694 2238 5749; x_wconf 84' lang='lat' dir='ltr'><strong>enim</strong></span> <span class='ocrx_word' id='word_1_906' title='bbox 2268 5693 2344 5747; x_wconf 89' lang='lat' dir='ltr'><strong>ita</strong></span> <span class='ocrx_word' id='word_1_907' title='bbox 2377 5692 2669 5748; x_wconf 89' lang='lat' dir='ltr'><strong>delirarem</strong></span> <span class='ocrx_word' id='word_1_908' title='bbox 2695 5733 2712 5760; x_wconf 94' lang='lat'><strong>,</strong></span> <span class='ocrx_word' id='word_1_909' title='bbox 2747 5700 2808 5747; x_wconf 85' lang='lat' dir='ltr'><strong>ut</strong></span> <span class='ocrx_word' id='word_1_910' title='bbox 2843 5705 2933 5748; x_wconf 85' lang='lat' dir='ltr'><strong>res</strong></span> <span class='ocrx_word' id='word_1_911' title='bbox 2961 5703 2994 5746; x_wconf 86' lang='lat' dir='ltr'><strong>a</strong></span> <span class='ocrx_word' id='word_1_912' title='bbox 3025 5689 3134 5746; x_wconf 88' lang='lat' dir='ltr'><strong>Deo</strong></span> <span class='ocrx_word' id='word_1_913' title='bbox 3173 5687 3350 5744; x_wconf 75' lang='lat' dir='ltr'><strong>factas</strong></span> 
     </span>
    </p>
   </div>
   <div class='ocr_carea' id='block_1_116' title="bbox 619 5855 1665 5942">
    <p class='ocr_par' dir='ltr' id='par_1_116' title="bbox 619 5855 1632 5940">
     <span class='ocr_line' id='line_1_116' title="bbox 619 5855 1632 5940; baseline 0.001 -13"><span class='ocrx_word' id='word_1_914' title='bbox 619 5873 662 5904; x_wconf 82' lang='lat'><strong>&#39;°</strong></span> <span class='ocrx_word' id='word_1_915' title='bbox 701 5869 920 5939; x_wconf 62' lang='lat' dir='ltr'><strong>«found,</strong></span> <span class='ocrx_word' id='word_1_916' title='bbox 958 5855 1011 5928; x_wconf 82' lang='grc' dir='ltr'>θ.</span> <span class='ocrx_word' id='word_1_917' title='bbox 1091 5873 1134 5904; x_wconf 78' lang='grc'>³³</span> <span class='ocrx_word' id='word_1_918' title='bbox 1176 5869 1199 5924; x_wconf 87' lang='grc' dir='ltr'>ι</span> <span class='ocrx_word' id='word_1_919' title='bbox 1239 5870 1380 5927; x_wconf 91' lang='lat' dir='ltr'><strong>Tim.</strong></span> <span class='ocrx_word' id='word_1_920' title='bbox 1425 5887 1500 5940; x_wconf 80' lang='lat' dir='ltr'><strong>vi,</strong></span> <span class='ocrx_word' id='word_1_921' title='bbox 1543 5869 1632 5928; x_wconf 80' lang='grc'><strong>16.</strong></span> 
     </span>
    </p>
   </div>
   <div class='ocr_carea' id='block_1_117' title="bbox 1771 5855 2706 5942">
    <p class='ocr_par' dir='ltr' id='par_1_117' title="bbox 1793 5869 2706 5942">
     <span class='ocr_line' id='line_1_117' title="bbox 1793 5869 2706 5942; baseline -0.001 -18"><span class='ocrx_word' id='word_1_922' title='bbox 1793 5869 1946 5928; x_wconf 89' lang='lat' dir='ltr'><strong>Deut.</strong></span> <span class='ocrx_word' id='word_1_923' title='bbox 2005 5887 2078 5938; x_wconf 76' lang='lat' dir='ltr'><strong>Ir,</strong></span> <span class='ocrx_word' id='word_1_924' title='bbox 2120 5871 2224 5942; x_wconf 69' lang='grc' dir='ltr'><strong>εις</strong></span> <span class='ocrx_word' id='word_1_925' title='bbox 2267 5869 2432 5928; x_wconf 82' lang='lat' dir='ltr'><strong>Hebr.</strong></span> <span class='ocrx_word' id='word_1_926' title='bbox 2477 5885 2576 5936; x_wconf 80' lang='lat' dir='ltr'><strong>xu,</strong></span> <span class='ocrx_word' id='word_1_927' title='bbox 2617 5869 2706 5926; x_wconf 73' lang='lat'><strong>29.</strong></span> 
     </span>
    </p>
   </div>
  </div>
