3880 6218
1831 421 1889 477 s.
1923 422 2252 481 casconu
2287 393 2579 484 mssast

3730 432 3800 488 8b

568 531 741 589 malas
771 546 895 590 esse
928 533 1220 602 ducerem,
1255 551 1380 594 cum
1414 539 1706 610 perspicue
1731 558 2002 599 summam
2033 547 2140 602 col-

2252 550 2362 604 ἰδοὺ
2412 550 2482 603 τὰ
2514 551 2694 605 πάντα
2733 549 2872 604 καλὰ
2910 550 3052 605 λίαν.
3090 570 3110 604 ι
3143 551 3213 604 Ei
3241 551 3298 604 δὲ
3342 550 3519 604 πάντα
3546 550 3673 605 καλὰ
3706 553 3798 605 ὅσα

568 624 744 694 ligens
769 624 955 682 divina
984 627 1270 700 Scriptura
1300 629 1525 687 dicatzc
1556 633 1622 686 Et
1655 633 1792 688 vidit
1827 633 1969 691 Deus
2003 653 2144 692 cun-

567 725 655 772 cta
689 733 812 788 qua:
846 717 1089 788 fecerat,
1121 731 1175 777 et
1201 735 1361 779 erant
1401 725 1561 781 valde
1591 727 1731 782 bona
1760 727 1828 779 ".
1861 748 1878 778 ι
1901 728 2060 794 Quod
2095 731 2141 786 si

565 824 906 882 quaecunque
942 811 1087 868 Deus
1120 814 1250 868 fecit
1284 823 1413 870 sunt
1445 817 1619 882 bona,
1654 819 1887 890 abyssus
1922 831 2146 886 autem,

564 916 794 974 quisque
826 901 894 958 ad
931 904 1080 959 illam
1113 905 1422 978 pertinent,
1458 923 1488 962 a
1525 925 1753 965 numero
1785 926 1975 966 eorum
2022 929 2150 983 quae

571 991 716 1047 facta
747 1001 880 1048 sunt
909 1008 940 1047 a
975 994 1085 1051 Deo
1105 1037 1120 1061 ,
1159 1012 1270 1053 non
1296 999 1668 1053 excluduntur
1694 1020 1707 1055 :
1745 1010 1801 1056 et
1829 1002 1944 1056 haec
1975 1005 2143 1074 igitur

566 1083 626 1138 in
652 1083 848 1141 ordine
876 1102 978 1142 suo
1006 1088 1148 1142 bona
1169 1129 1188 1155 ,
1225 1090 1390 1144 etiam
1437 1092 1672 1162 abyssus
1705 1093 1822 1162 ipsa
1843 1133 1857 1158 ,
1891 1094 2018 1148 licet
2051 1095 2143 1148 lus

566 1177 734 1234 rebus
758 1178 924 1234 insita
954 1181 1198 1236 nondum
1230 1184 1379 1238 circa
1434 1185 1582 1239 illam
1632 1186 1964 1255 splenderet.
2005 1186 2146 1241 Pro-

565 1271 694 1328 inde
723 1287 848 1328 eum
875 1273 930 1328 in
958 1273 1244 1345 Scriptura
1289 1278 1556 1348 abyssum
1583 1279 1747 1333 audio
1766 1317 1781 1343 ,
1829 1281 2140 1334 multitudi-

567 1378 691 1420 nem
733 1379 1000 1435 aquarum
1044 1368 1346 1437 significari
1394 1370 1540 1424 dico.
1597 1369 1687 1425 Sic
1717 1372 1863 1426 enim
1905 1373 1959 1426 in
1992 1373 2143 1442 psal-

565 1454 676 1511 mis
700 1471 917 1526 quoque
946 1457 1313 1514 describitur:
1352 1479 1370 1512 ι
1391 1461 1744 1517 Conturbataa
1776 1474 1904 1518 sunt
1930 1463 2146 1535 abyssi,

564 1547 864 1603 multitudo
906 1551 1120 1605 sonitus
1167 1566 1436 1621 aquarum
1469 1553 1535 1608 ".
1575 1573 1593 1605 ι
1624 1552 1906 1610 Tenebras
1957 1566 2140 1610 autem

564 1637 716 1694 circa
779 1641 928 1695 illam
984 1643 1254 1709 audiens,
1304 1645 1411 1698 vim
1464 1645 1777 1700 illustrandi
1832 1646 1888 1700 in
1949 1661 2142 1701 rerum

565 1729 926 1788 universitate
945 1733 1106 1789 sitam
1131 1734 1375 1790 nondum
1394 1736 1634 1792 eluxisse
1663 1738 1931 1808 intelligo.
1961 1740 2141 1808 Aqua—

567 1833 693 1876 rum
717 1837 847 1878 vero
872 1825 1271 1893 separationem
1302 1842 1398 1896 per
1432 1829 1839 1884 ﬁrmamentum
1867 1845 2139 1885 consecu-

567 1922 676 1969 tam
710 1913 936 1971 discens
963 1931 994 1972 a
1027 1915 1348 1988 Scriptura,
1397 1920 1532 1974 nihil
1573 1921 1874 1976 absurdum
1897 1963 1910 1986 ,
1964 1929 2061 1975 aut
2107 1938 2138 1975 a

565 2007 808 2064 nominis
847 2011 1247 2081 signiﬁcatione
1271 2012 1509 2068 alienum
1544 2015 1674 2068 mihi
1723 2015 1903 2070 facere
1928 2017 2139 2082 videor,

567 2095 616 2150 si
666 2096 965 2154 discrimen
1010 2099 1153 2154 inter
1181 2115 1368 2155 earum
1410 2111 1638 2158 naturas
1681 2106 2021 2175 intelligam,
2067 2115 2142 2160 at-

566 2202 673 2256 que
716 2203 890 2244 unum
933 2205 1108 2260 genus
1160 2191 1379 2245 illarum
1421 2208 1641 2247 sursum
1693 2195 1953 2258 tendere,
2002 2195 2142 2249 nihil

568 2279 859 2348 gravitatis
922 2279 1162 2346 habere,
1228 2291 1283 2338 et
1343 2283 1524 2353 ignem
1585 2284 1804 2339 levitate
1873 2300 2138 2357 superare

565 2370 700 2423 mihi
747 2373 1146 2442 persuadeam,
1197 2374 1334 2430 adeo
1375 2385 1437 2430 ut
1477 2392 1646 2447 supra
1696 2386 1950 2432 naturam
2004 2380 2138 2433 cali-

564 2462 689 2518 dam
749 2478 1008 2528 manens,
1052 2465 1202 2523 illius
1256 2469 1490 2539 subjecti
1549 2485 1649 2524 nec
1705 2479 1856 2525 motu
1917 2473 2142 2526 convel-

563 2554 728 2619 latur,
764 2570 866 2611 nec
898 2557 1091 2612 ardore
1136 2558 1194 2612 in
1233 2559 1508 2615 diversum
1551 2562 1798 2616 ordinem
1840 2573 2143 2618 commute-

561 2655 674 2710 tur,
708 2646 804 2702 sed
833 2645 948 2719 igni
973 2648 1408 2704 subtercurrenti
1433 2651 1641 2705 nullum
1674 2652 1742 2707 ad
1771 2667 1830 2706 se
1852 2667 2138 2708 accessum

563 2738 850 2810 praebens,
883 2739 1157 2810 integrum
1187 2751 1426 2798 maneat.
1459 2741 1746 2809 Quomodo
1776 2745 1959 2809 enim,
1995 2744 2139 2814 quod

563 2831 793 2888 materia
831 2841 1012 2895 caret,
1047 2838 1099 2888 ei
1133 2849 1194 2889 se
1230 2833 1413 2888 locum
1447 2835 1859 2902 accommodet,
1890 2836 2035 2906 quod
2075 2853 2139 2890 ex

564 2924 795 2980 materia
823 2925 1086 2980 constat?
1116 2924 1366 2982 Alterum
1408 2935 1589 2980 autem
1640 2927 1775 2982 illud
1813 2944 1937 2984 esse
1981 2929 2140 2999 cujus

564 3025 819 3070 naturam
869 3024 926 3073 et
968 3017 1178 3082 oculis,
1231 3029 1285 3073 et
1323 3025 1522 3090 gustu,
1573 3027 1626 3074 et
1665 3028 1815 3074 tactu
1855 3022 2142 3091 cognosci—

566 3123 710 3165 mus.
742 3107 874 3176 Quaa
906 3113 1053 3166 enim
1095 3111 1223 3176 hic,
1254 3118 1309 3166 et
1347 3111 1608 3166 deorsum
1650 3111 1826 3166 fertur
1867 3128 2007 3182 aqua
2029 3151 2043 3177 ,
2087 3123 2140 3168 et

565 3201 842 3272 perlucida
871 3203 1136 3268 cernitur,
1168 3210 1222 3258 et
1250 3211 1416 3274 gustu
1445 3204 1808 3274 dignoscitur,
1841 3221 1961 3261 eam
1985 3247 2000 3270 ,
2033 3222 2135 3261 nas
2163 3220 2206 3278 ρ

563 3302 688 3348 tura
717 3293 838 3363 ejus
868 3302 1152 3365 perspecta
1179 3302 1235 3349 et
1261 3295 1479 3366 cognita
1499 3338 1514 3363 ,
1553 3295 1622 3352 ad
1649 3296 1812 3351 aliam
1861 3299 2142 3354 notionem

561 3384 866 3440 transferre
896 3401 1002 3439 non
1031 3386 1298 3456 cogimur.

634 3482 703 3534 At
728 3495 852 3552 quae
884 3481 996 3535 illic
1027 3496 1167 3550 aqua
1195 3480 1418 3545 dicitur,-
1449 3497 1574 3536 cum
1607 3497 1706 3537 nec
1744 3484 2010 3550 videatur,
2041 3503 2142 3541 nec

562 3571 696 3628 ﬂutat
716 3613 732 3638 ,
758 3587 862 3627 nec
887 3573 1013 3627 ullis
1046 3588 1272 3642 prorsus
1301 3572 1572 3642 ejusmodi
1605 3577 1854 3631 terminis
1886 3593 2142 3633 coercea-

563 3669 676 3724 tur,
717 3660 920 3730 quibus
957 3669 1152 3714 natura
1193 3661 1419 3714 humida
1456 3664 1793 3732 continetur,
1841 3667 1935 3721 sed
1987 3677 2140 3722 extra

563 3749 744 3802 locum
787 3748 861 3803 sit
889 3757 943 3804 et
971 3763 1169 3818 expers
1203 3750 1450 3804 omnium
1478 3752 1842 3820 qualitatum,
1884 3772 2004 3826 quae
2039 3759 2140 3813 sub

2171 1890 2212 1943 Β

562 3854 784 3894 sensum
842 3837 1079 3902 cadunt,
1132 3839 1183 3894 si
1257 3855 1424 3910 super
1472 3842 1591 3911 ipsa
1643 3843 1851 3897 feratur
1910 3848 2138 3916 spiritus

562 3926 693 3995 Dei,
746 3936 800 3984 et
840 3945 1007 3999 supra
1057 3931 1229 3985 caelos
1266 3945 1390 3986 esse
1441 3935 1721 3998 credatur,
1777 3945 1830 3990 et
1880 3939 2138 3994 omnibus

560 4033 684 4090 quae
720 4034 888 4074 sensu
917 4027 1346 4091 cognoscuntur,
1382 4023 1638 4091 superior
1668 4024 1772 4087 sit,
1807 4029 1902 4096 qui
1951 4041 2060 4081 non
2107 4044 2139 4082 a

561 4110 841 4167 communi
872 4127 1015 4182 aqua
1044 4111 1318 4168 diversam
1365 4122 1552 4183 putet,
1607 4125 1970 4188 naturamque
2010 4135 2138 4174 sen-

559 4202 717 4258 sibus
757 4219 868 4258 non
902 4203 1194 4258 obnoxiam
1217 4237 1234 4269 ,-
1273 4204 1368 4260 sed
1418 4206 1617 4260 animo
1647 4222 1713 4262 ac
1747 4219 1927 4264 mente
1959 4210 2136 4266 solum

559 4293 1014 4365 comprehensam
1059 4295 1370 4362 existimet,
1420 4294 1566 4351 inter
1593 4311 1688 4352 eos
1713 4333 1728 4363 ,
1756 4298 1852 4368 qui
1885 4299 2139 4368 judicare

560 4392 828 4456 possunt,
875 4384 1116 4440 arbitror
1153 4399 1278 4440 esse
1317 4385 1611 4440 neminem.
1655 4386 1792 4441 Nam
1827 4401 1887 4443 ut
1929 4405 1999 4445 ex
2039 4407 2136 4446 su-

562 4477 774 4549 periore
808 4475 1170 4546 lisputatione
1193 4476 1602 4545 conclusimus,
1653 4479 1917 4549 quidquid
1948 4497 2135 4539 move—

2245 641 2501 712 ἐποίησεν
2527 643 2556 693 ὀ
2602 643 2753 707 Θεὸς,
2784 645 2818 712 ἡ
2849 643 2907 695 δέ
2953 641 3190 706 ἄϐυσσος
3241 642 3344 696 καὶ.
3367 643 3442 697 τὰ»
3475 643 3601 715 περὶ
3639 645 3804 713 αὐτὴν

2245 732 2345 786 οὐκ
2374 732 2476 798 ἔξω
2504 733 2612 786 τῶν
2652 733 2806 803 παρὰ
2852 732 2944 786 τοῦ
2979 732 3114 786 Θεοῦ
3143 734 3444 803 γεγονότων
3488 734 3626 788 ἐστίν
3657 752 3670 765 ·
3695 734 3799 806 ἄρα

2247 825 2388 878 καλά
2433 825 2526 879 καὶ
2565 824 2740 879 ταῦτα
2768 825 2847 895 τῷ
2898 826 3012 896 ἰδίῳ
3034 825 3198 895 λόγῳ,
3237 826 3341 879 κᾶν
3362 826 3595 889 ἄϐυσσος
3701 826 3802 879 κᾶν

2248 919 2414 988 μήπω
2455 919 2584 988 περὶ
2631 919 2802 988 αὑτὴν
2847 918 3038 989 λάμπῃ
3082 917 3142 970 τὸ
3173 921 3284 980 tot;
3325 914 3475 973 οὖσιν
3506 920 3803 988 ἐγκείμενον

2246 1010 2380 1078 φῶς.
2423 1009 2633 1064 Οὐκοῦν
2673 1005 2908 1064 ἄϐυσσον
2943 1010 3040 1080 μὲν
3077 1010 3227 1080 παρὰ
3260 1010 3360 1079 τῆς
3393 1010 3610 1081 Γραφῆς
3643 1011 3802 1062 ἁκού-

2246 1116 2363 1163 σας,
2396 1099 2456 1152 τὸ
2487 1099 2688 1170 πλῆθος
2715 1100 2822 1153 τῶν
2847 1100 3052 1153 ὑδάτων
3083 1099 3445 1170 σημαίνεσθαι
3474 1099 3628 1167 λέγω.
3655 1098 3811 1152 οὕτω

2244 1195 2353 1261 γὰρ
2389 1191 2556 1263 αὐτὴν
2593 1193 2689 1245 καὶ
2725 1193 2762 1262 ἡ.
2793 1190 3079 1262 ψαλμωδία
3115 1191 3353 1262 ὁρίζεται
3377 1190 3620 1258 λέγουσαν
3648 1211 3665 1242 ι
3686 1191 3823 1247 Ἐτσε

2251 1285 2528 1354 ρὰχθησαν
2589 1282 2644 1332 αἱ
2709 1281 2958 1346 ἄϐυσσοι,
2999 1280 3201 1350 πλῆθος
3233 1281 3398 1350 ἤχους
3437 1279 3655 1332 ὑδάτων·
3695 1296 3713 1330 ι
3748 1279 3807 1330 τὺ

2243 1371 2298 1424 δὲ
2327 1371 2455 1442 περὶ
2497 1371 2668 1442 αὑτὴν
2713 1372 2901 1434 σκότος
2936 1371 3196 1435 ἀκούσας,
3219 1373 3279 1424 τὸ
3311 1373 3478 1440 μήπω
3519 1369 3809 1438 πεφηνέναι

2241 1461 2338 1532 τὴν
2391 1460 2720 1532 φωτιστικὴν
2753 1455 2980 1531 δύναμιν
3025 1460 3123 1532 τὴν
3173 1461 3496 1530 ἐγκειμένην
3541 1461 3601 1530 τῇ
3651 1459 3809 1526 φύσει

2241 1554 2349 1608 τῶν
2376 1554 2543 1610 ὅντων
2570 1554 2788 1624 ἐνόησα.
2815 1550 3103 1624 Χωρισμὸν
3127 1553 3183 1606 δέ
3207 1553 3431 1614 ὑδάτων,
3454 1552 3544 1604 διὰ
3577 1549 3662 1602 τοῦ
3693 1567 3810 1602 στεο

2247 1645 2525 1718 ρεὼματος
2547 1646 2808 1716 γεγονότα
2837 1646 2988 1716 παρὰ
3015 1645 3116 1715 τῆς
3146 1644 3368 1716 Γραφῆς
3405 1643 3773 1711 διδασκόμενος
3792 1681 3812 1700 ,

2242 1740 2341 1791 οὑκ
2367 1738 2469 1805 ἔξω
2517 1755 2606 1808 μοι
2639 1736 2779 1789 δοκῶ
2810 1736 2902 1788 τοῦ
2951 1736 3160 1798 εἰκότος
3193 1737 3384 1798 ποιεῖν,
3426 1734 3519 1786 καὶ
3561 1734 3657 1802 τῆς
3687 1734 3810 1786 κατ’

2241 1831 2411 1900 ὄνομα
2459 1829 2753 1898 σημασίας,
2794 1827 2886 1879 ἐπὶ
2929 1826 3022 1880 τοῦ
3072 1823 3262 1890 ὓδατος
3295 1824 3568 1897 χωρισμόν
3597 1823 3807 1884 ἐννοῶν,

2242 1922 2383 1975 ὥστε
2430 1921 2684 1992 διάφορον
2717 1921 2976 1990 ἐκατέρου
3025 1919 3122 1991 τὴν
3174 1918 3338 1988 φύσιν
3363 1917 3569 1972 οἴεσθαι
3601 1917 3693 1970 καὶ
3713 1932 3812 1967 πε-

2243 2011 2462 2068 πεῖσθαι
2483 2029 2496 2043 ο
2538 2009 2597 2064 τὸ
2627 2012 2723 2081 μὲν
2757 2011 3036 2082 άνωφερές
3064 2028 3125 2063 τε
3165 2012 3259 2064 καὶ
3290 2011 3491 2079 κοῦφον
3528 2004 3681 2072 εἶναι,
3714 2007 3817 2059 καὶ

2241 2105 2341 2173 τῆς
2363 2103 2692 2172 κουφότητος
2719 2101 2813 2154 τοῦ
2857 2101 3026 2171 πυρὸς
3052 2101 3410 2172 ἐλαφρότερον
3443 2119 3460 2134 ο
3490 2099 3624 2154 ὥστε
3645 2099 3812 2168 ὑπερ-

2243 2195 2354 2249 άνω
2384 2196 2478 2265 τῆς
2507 2193 2714 2264 θερμῆς
2761 2192 2946 2255 οὐσίας
2996 2191 3153 2262 μιένον
3173 2232 3187 2255 ,
3222 2192 3358 2260 μήτε
3389 2191 3455 2259 τῇ
3490 2189 3694 2258 κινήσει
3718 2183 3820 2239 τοῦ

2244 2283 2602 2353 ὑποκειμένου
2656 2280 3173 2352 συμμετατίθεσθαι,
3229 2280 3368 2351 μήτε
3416 2281 3486 2348 τῇ
3525 2277 3813 2346 θερμότητι

2244 2376 2380 2447 πρὸς
2434 2374 2722 2428 ἀντίπαλον
2750 2375 2900 2439 τάξιν
2935 2371 3431 2436 ἀποκαθίστασθαι,
3460 2369 3573 2422 ἀλλ’
3600 2368 3729 2420 αὑτό
3758 2385 3817 2418 τε

2248 2467 2428 2537 μένειν
2453 2466 2737 2537 ἀμείωτον,
2765 2465 2844 2536 τῷ
2892 2481 2951 2518 τε
2986 2464 3336 2534 ὑποτρέχοντι
3385 2463 3518 2533 πυρὶ
3550 2459 3815 2530 μηδεμίαν

2242 2561 2309 2614 δι’
2338 2559 2530 2612 ἐαυτοῦ
2557 2558 2788 2628 πάροδον
2823 2559 2939 2628 ἐᾷν.
2964 2556 3089 2619 Πῶς
3121 2554 3230 2625 γὰρ
3264 2555 3330 2608 ἂν
3358 2550 3521 2615 τόπος
3544 2551 3621 2622 τῷ
3650 2551 3817 2620 ὑλικῷ

2242 2654 2302 2706 τὸ
2337 2653 2497 2707 ἆῦλον
2525 2652 2734 2720 γένοιτο
2759 2669 2773 2716 ;
2797 2651 2869 2703 Τὸ
2897 2650 2953 2702 δὲ
3000 2649 3185 2722 ἕτερον
3212 2647 3355 2718 ὕδωρ
3385 2645 3539 2699 τοῦτο
3564 2641 3723 2709 εἶναι,
3754 2636 3817 2696 οὗ
3867 2657 3877 2662 '

2241 2746 2340 2816 τὴν
2370 2743 2530 2813 φύσιν
2559 2743 2652 2797 καὶ
2680 2740 2942 2812 ὀφθαλμῷ
2985 2739 3081 2794 καὶ
3123 2741 3233 2809 ἁφῇ
3271 2737 3364 2791 καὶ
3410 2736 3595 2804 γεύσει
3621 2734 3817 2806 γνωρίί

2243 2836 2426 2906 ζομεν.
2462 2837 2527 2887 Ὃ
2567 2835 2674 2904 γὰρ
2708 2834 2801 2887 καὶ
2838 2833 2988 2886 κάτω
3045 2832 3290 2902 φέρεται,
3315 2829 3407 2884 καὶ
3449 2827 3636 2890 διειδές
3687 2825 3819 2879 καθ-

2241 2928 2456 2998 ορᾶται,
2482 2925 2576 2978 καὶ
2595 2927 2662 2994 τῇ
2688 2923 2874 2992 γεύσει
2903 2921 3246 2990 γινώσκεται,
3264 2920 3352 2974 διὰ.
3379 2920 3480 2990 τῆς·
3497 2917 3820 2988 ἐγκειμένης

2242 3017 2546 3088 ποιότητος,
2561 3014 2716 3068 τοῦτο
2740 3013 2875 3084 πρὸς
2895 3013 3061 3086 ἄλλην
3082 3013 3202 3066 τινὰ
3235 3011 3561 3084 μεταφέρειν
3589 3007 3825 3073 ἔννοιαν,

2243 3111 2280 3182 ὴ
2311 3109 2404 3163 τοῦ
2443 3106 2844 3178 γνωριζομένου
2893 3105 3054 3174 φύσις
3103 3105 3204 3158 οὑκ
3257 3102 3577 3173 ἀναγκάζει.

2274 3469 2479 3526 Ἐκεῖνο
2495 3468 2590 3540 μέν
2615 3483 2696 3520 τοι
2713 3458 3071 3533 τὸλεγόμενον
3091 3455 3254 3532 ὓδωρ,
3270 3459 3297 3512 ὃ
3317 3459 3450 3530 μήτε
3467 3459 3675 3528 ὁρᾶται-
3687 3458 3831 3525 μήτε

2245 3568 2346 3634 ῥεῖ,
2373 3563 2508 3634 μήτε
2520 3561 2630 3613 τισὶ
2655 3557 2965 3629 περιέχεται
2985 3555 3139 3618 ὅλως,
3167 3548 3246 3616 οἷς
3263 3555 3295 3619 ὴ
3317 3550 3458 3621 ὑγρὰ
3475 3551 3686 3617 πέφυκε
3706 3549 3830 3601 δια-

2242 3653 2558 3727 κρατεῖσθαι
2584 3655 2764 3721 φύσις,
2799 3649 2912 3702 ἁλλ’
2941 3645 3045 3711 ἐξω
3088 3645 3185 3717 μὲν
3217 3644 3384 3697 τόπου
3415 3642 3583 3704 ἐστὶν,
3619 3642 3834 3710 ἀμιγὲς

2241 3753 2296 3805 δὲ
2323 3750 2503 3820 πάσης
2527 3747 2626 3817 τῆς
2656 3745 2774 3799 κατ’
2801 3741 3051 3811 αἴσθησιν
3077 3734 3482 3807 γνωριζομένης
3513 3733 3833 3803 ποιότητος,

2240 3845 2338 3896 οὑκ
2375 3843 2439 3896 ἄν
2467 3855 2589 3892 τινα
2624 3833 2775 3908 οἶμαι
2803 3834 2908 3886 τῶν
2943 3832 3146 3902 κρίνειν
3183 3826 3631 3898 ἐπεσκεμμένων,
3655 3824 3753 3878 διὰ
3774 3841 3834 3876 τε
3876 3905 3877 3912 γ

2239 3936 2301 3990 τὸ
2329 3928 2696 4003 ὑποφέρεσθαι
2729 3926 2806 3996 τῷ
2855 3924 3124 3993 πνεύματι
3169 3920 3262 3976 τοῦ
3304 3918 3459 3982 Θεοῦ,
3491 3917 3582 3971 καὶ
3630 3915 3728 3970 διὰ
3775 3915 3838 3968 τδ

2242 4024 2497 4094 ὑπεράνω
2544 4019 2653 4072 τῶν
2699 4013 2941 4086 οὐρανῶν
2975 4008 3113 4065 εἶναι
3161 4009 3452 4070 πιστεύειν,
3496 4007 3589 4060 καὶ
3625 4007 3725 4060 διὰ
3777 4009 3838 4060 τὺ
3876 4035 3877 4086 ι

2240 4116 2458 4170 πάντων
2516 4111 2623 4165 τῶν
2678 4109 2744 4162 δι’
2803 4105 3106 4176 αἰσθήσεως
3159 4099 3577 4171 γινωσκομένων
3644 4099 3841 4169 μένειν

2240 4207 2523 4278 ἐξώτερον,
2554 4204 2628 4275 μὴ
2677 4200 2804 4254 ἄλλο
2848 4217 2900 4252 τι
2949 4197 3098 4268 παρὰ
3129 4195 3188 4248 τὸ
3225 4193 3402 4247 κοινὸν
3445 4193 3656 4245 ἐννοεῖν
3684 4191 3840 4263 ὕδωρ
3875 4183 3877 4258 1

2239 4299 2375 4368 πρὸς
2407 4297 2503 4367 τὴν
2548 4291 2741 4365 νοητὴν
2785 4290 2970 4342 οὐσίαν
3005 4289 3122 4350 ταῖς
3168 4284 3445 4347 ὑπονοίαις
3493 4282 3839 4353 φερόμενον.

2240 4386 2410 4442 Τοῦτο
2434 4385 2541 4455 γὰρ
2561 4385 2626 4435 ἐκ
2648 4380 2755 4434 τῶν
2782 4376 3163 4448 ἐξητασμένων
3189 4370 3589 4443 ὑπενοήσαμεν,
3605 4371 3698 4423 ὅτι
3725 4373 3845 4424 πᾶν

2239 4480 2298 4532 τὸ
2329 4477 2642 4546 κινούμενον
2672 4472 2820 4534 ἐντὸς
2839 4463 2937 4540 τῆς
2960 4467 3156 4538 νοητῆς
3181 4463 3393 4534 φύσεως
3422 4461 3845 4534 περιείργεται,
3871 4491 3878 4592 ι

2366 4588 2425 4592 __
2443 4569 2483 4592 ,ι
2531 4560 2685 4592 1-.._1
2721 4565 2818 4592 -5...
2855 4558 3196 4592 Amm—ams}...
3232 4558 3337 4592 gms.
3401 4553 3566 4592 "II/mn
3618 4557 3681 4592 εξ-
3727 4561 3846 4592 ..ιτ-

559 4579 672 4635 tur,
721 4584 753 4623 a
789 4574 989 4622 natura
1013 4605 1029 4631 ,
1073 4582 1196 4636 quae
1227 4576 1408 4623 mente
1443 4569 1558 4623 sola
1593 4571 1915 4640 percipitur,
1952 4575 2139 4628 exclu—

2245 4573 2337 4625 καὶ
2362 4569 2490 4640 περὶ
2528 4560 2687 4620 ἐαυτδ
2721 4565 2818 4634 τὴν
2854 4558 3196 4632 ἀναστροφὴν
3231 4558 3361 4629 ἔχει.
3401 4553 3566 4626 Ὅρος
3618 4557 3683 4610 δὲ
3727 4561 3846 4619 τοῖς

561 4679 686 4720 sum
731 4672 844 4728 est,
895 4669 952 4717 et
1000 4661 1145 4715 circa
1189 4661 1432 4730 seipsum
1479 4664 1893 4720 conversionem
1950 4665 2136 4723 habet.

561 4755 768 4811 Natura
794 4769 925 4810 vero
952 4755 1198 4809 locorum
1234 4753 1426 4822 spatiis
1459 4754 1750 4809 terminata
1771 4797 1788 4820 ,
1822 4757 1988 4812 rebus
2017 4775 2139 4828 quae

562 4854 857 4903 moventur
880 4844 1017 4899 lines
1048 4843 1370 4908 constituit,
1403 4845 1547 4898 ultra
1577 4861 1716 4915 quos
1750 4856 1946 4902 natura
1966 4887 1984 4909 ,
2024 4851 2142 4904 sola

562 4936 928 5007 intelligentia
961 4934 1396 5004 comprehensa,
1429 4936 1711 5006 nullisque
1757 4938 2002 4993 locorum
2048 4948 2144 4994 aut

565 5028 983 5085 intervallorum
1048 5027 1484 5097 proprietatibus
1545 5029 1786 5084 obnoxia
1842 5031 2140 5101 reperitur.

569 5120 896 5191 Supremum
931 5120 1096 5192 igitur
1132 5127 1344 5174 natura:
1374 5119 1596 5176 sensilis
1637 5121 1954 5185 terminum,
1989 5131 2145 5177 extra

565 5227 729 5283 quem
765 5212 903 5267 nihil
934 5211 1042 5268 tale
1085 5220 1190 5276 est,
1223 5211 1403 5282 qualia
1435 5219 1564 5267 sunt
1596 5226 1659 5267 ea
1690 5227 1810 5282 quae
1840 5213 2142 5276 cernimus,

565 5304 893 5361 ﬁrmamenti
943 5305 1164 5360 nomine
1206 5304 1474 5360 declarari
1520 5303 1776 5370 dicimus,
1813 5295 2140 5360 sententiam

565 5408 809 5453 nostram
855 5394 1144 5467 Scriptura
1189 5397 1372 5452 verbis
1410 5397 1522 5453 illis
1559 5397 1971 5467 approbanteu
1998 5396 2146 5451 Divi-

566 5492 638 5546 sit
670 5489 816 5547 Deus
849 5491 994 5546 inter
1038 5505 1259 5558 aquam,
1304 5505 1427 5561 qua:
1473 5498 1592 5546 erat
1640 5490 1746 5545 sub
1778 5487 2142 5551 ﬁrmamento,

565 5591 622 5639 et
649 5596 845 5653 aquam
875 5596 996 5652 quae
1020 5589 1139 5637 erat
1173 5597 1338 5653 super
1365 5582 1762 5638 ﬁrmamentum
1787 5583 1852 5637 ³⁸.
1883 5601 1902 5634 ι
1951 5581 2027 5635 Ex
2060 5583 2143 5637 his

565 5673 730 5729 etiam
761 5678 932 5743 patet,
973 5689 1043 5729 ne
1075 5674 1234 5730 initio
1260 5675 1482 5746 quidem
1513 5675 1655 5728 hanc
1686 5688 1812 5728 cum
1845 5673 1936 5728 illa
1968 5672 2142 5727 fuisse

647 5843 693 5884 ”
731 5849 867 5908 Gen.
919 5867 957 5918 I,
1007 5851 1093 5907 5|.

2247 4662 2578 4731 κινουμένοις
2597 4652 2656 4710 τὸ
2682 4657 2853 4728 πέρας
2878 4649 2975 4723 τῆς
2989 4653 3176 4723 διαστη
3187 4651 3420 4722 ματικῆς
3443 4649 3560 4700 ἐστι
3580 4647 3846 4716 φύσεως,

2249 4755 2364 4825 μεθ’
2382 4747 2410 4806 ὃ
2425 4750 2638 4822 καθαρὰ
2663 4749 2771 4801 τῶν
2786 4745 3023 4800 τοπικῶν
3043 4763 3100 4798 τε
3117 4744 3211 4798 καὶ
3222 4737 3409 4812 διαστη
3419 4740 3678 4812 ματικῶν
3702 4741 3855 4794 ἰδιω⁴
3873 4764 3877 4812 i

2247 4847 2432 4918 μάτων
2460 4843 2770 4914 εὑρίσκεται
2793 4841 2826 4909 ἡ
2869 4837 3030 4908 νοητή
3071 4853 3129 4888 τε
3157 4837 3250 4888 καὶ
3284 4833 3609 4894 ἀδιάστατος
3643 4831 3850 4899 φύσις.

2245 4917 2317 4989 Τὸ
2341 4930 2432 4989 οὖν
2460 4933 2758 5005 ἀκρότατον
2789 4930 2961 5000 πέρας
2982 4929 3081 4998 τῆς
3103 4927 3366 4997 αἰσθητῆς
3400 4925 3614 4987 οὐσίας,
3654 4917 3724 4975 οὗ
3764 4925 3834 4976 τὸ
3875 4949 3877 5012 1

2243 5027 2499 5080 ἐπέκεινα
2526 5023 2678 5077 οὐδὲν
2708 5017 2948 5075 τοιοῦτόν
2978 5021 3148 5085 ἐστιν,
3175 5014 3286 5070 οἷον
3319 5017 3378 5068 ἐν
3409 5017 3524 5077 τοῖς
3558 5015 3862 5084 φαινομέ-

2244 5142 2354 5188 vat;
2383 5121 2730 5191 γινώσκεται,
2771 5111 2926 5171 τοῦτό
2960 5125 3138 5184 φαμεν
3179 5110 3255 5180 τῷ
3296 5107 3520 5178 ὀνόματι
3569 5105 3856 5176 παραδη“

2245 5213 2467 5266 λοῦσθαι
2495 5210 2586 5265 τοῦ
2616 5208 3012 5281 στερεὼματος,
3047 5201 3370 5274 βεϐαιούσης
3398 5198 3530 5284 ἡμῖν
3552 5195 3672 5265 τῆς
3694 5196 3857 5266 Γρα-

2247 5307 2354 5378 φῆς
2380 5305 2479 5375 τὴν
2505 5303 2780 5365 ὑπόνοιαν,
2811 5301 2846 5369 ἧ
2871 5315 3034 5369 φησιν
3056 5313 3070 5327 ο
3095 5315 3114 5349 ί
3157 5295 3267 5348 Καὶ
3295 5291 3618 5363 διεχώρισεν
3651 5293 3685 5344 ὁ
3713 5291 3862 5350 Θεὸς

2246 5396 2350 5450 ἀνά
2385 5394 2550 5466 μέσον
2578 5392 2674 5445 τοῦ
2720 5391 2911 5454 ὓδατος
2958 5389 2987 5442 ὃ
3024 5384 3092 5459 ἦν
3136 5386 3392 5440 ὑποκάτω
3433 5381 3527 5436 τοῦ
3579 5383 3862 5452 στερεώ-

2247 5503 2444 5558 ματος,
2495 5486 2588 5539 καὶ
2627 5484 2723 5538 τοῦ
2757 5483 2948 5544 ὓδατος
2997 5481 3025 5533 ὃ
3065 5476 3132 5550 ἦν
3162 5479 3348 5532 ἐπάνω
3375 5474 3468 5528 τοῦ
3497 5473 3864 5544 στερεώμα-

2245 5597 2354 5642 τος.
2382 5597 2400 5628 ι
2439 5578 2724 5631 Δείκνυται
2753 5576 2862 5647 γάρ
2886 5574 2972 5628 διὰ
3006 5571 3232 5635 τούτων,
3260 5571 3341 5622 ὅτι
3366 5567 3485 5620 οὑδέ
3517 5565 3630 5638 τὴν
3663 5564 3864 5634 ἀρχὴν

2249 5670 2620 5742 κατεκέκρατο
2645 5667 2805 5724 τοῦτο
2848 5666 2984 5738 πρὸς
3015 5665 3193 5719 ἐκεῖνο
3225 5661 3286 5719 τὸ
3319 5661 3484 5730 ὕδωρ,
3513 5657 3644 5712 ἀλλ’
3685 5659 3760 5709 ἐν
3798 5657 3876 5725 τῇ

1173 5849 1376 5906 “Psal.
1415 5866 1596 5916 ωτι-ι,
1640 5850 1722 5916 l7,
1773 5851 1854 5903 18.
1931 5848 1974 5879 ’⁸
2016 5846 2151 5902 Gen.
2192 5863 2229 5912 1,
2275 5847 2325 5901 7.
