3880 6218
85 421 160 479 85
1287 421 1354 476 ΙΝ
1371 420 1672 478 ’HE‘XAEM

1779 420 1864 475 ΟΝ
1899 419 2122 476 LIBER.
3267 412 3336 468 86

85 537 198 594 τῶν
221 533 503 604 ὀνομάτων
531 533 818 604 κοινωνίᾳ.
843 533 1075 604 ἄμικτος
1111 529 1181 604 ἦν
1211 537 1244 604 ή
1282 533 1464 602 φύσις,
1502 537 1559 588 ὲν
1588 535 1668 602 τῷ

1779 531 2084 594 confusam,
2132 529 2228 586 sed
2262 545 2388 584 cum
2434 537 2582 583 esset
2612 529 2830 584 nomine
2871 530 3188 598 conjuncta,
3230 527 3342 580 nul-

86 626 267 679 εἰπεῖν
289 663 305 687 ,
338 624 438 694 οὑχ
463 624 546 676 δτι
599 624 846 692 Ἐγένετο
885 624 1141 676 ὑποκάτω
1161 663 1175 686 ,
1203 623 1236 692 ἢ
1264 619 1374 676 Ἦν
1413 624 1670 692 ὑπεράνω

85 713 184 766 τοῦ
217 712 628 784 στερεὼματος·
663 715 756 767 καὶ
785 714 814 768 δ
837 710 906 786 ἦν
935 715 1195 768 ὑποκάτω
1229 713 1322 768 τοῦ
1356 713 1672 786 στερεώμα-

85 819 201 866 τος,
243 801 372 856 ἄλλο
401 821 454 856 τι
484 804 670 858 ἐπάνω
698 801 785 875 ἦν.
835 805 898 858 Εἰ
930 803 987 857 δὲ
1010 806 1072 858 τὸ
1113 806 1213 876 μὲν
1245 804 1407 869 εὐθὺς
1434 806 1492 856 ἐν
1523 803 1671 874 ζόφῳ

87 893 226 962 πρὸς
260 893 360 965 τὴν
387 893 539 948 κάτω
573 893 720 946 θέσιν
749 895 1164 967 άπεωρισμένον
1197 896 1311 948 ἐστί
1335 911 1349 924 ·
1393 895 1456 949 τὸ
1488 895 1547 948 δὲ
1573 897 1672 948 οὑκ

88 984 150 1038 ἐν
181 983 359 1054 ζόφῳ·
404 986 461 1038 ὲν
487 985 626 1054 φωτῖ¹
654 985 763 1054 γὰρ
803 986 1021 1049 πάντως
1050 987 1168 1039 ἐστὶ
1200 987 1262 1039 τὸ
1301 989 1358 1040 ὲν
1402 987 1671 1057 πνεύματι

83 1073 249 1138 Θεοῦ,
281 1075 376 1126 καὶ
399 1074 490 1127 τοῦ
513 1073 679 1144 ζόφου
703 1075 1052 1147 κεχώρισται,
1081 1077 1196 1147 ἅμα
1219 1077 1277 1132 δὲ
1305 1077 1396 1131 καὶ
1418 1079 1672 1149 ὑπεράνω

81 1158 158 1231 ἦν
187 1164 286 1216 τοῦ
305 1165 716 1234 ἀναδειχθέντος
745 1167 950 1238 μεταξὺ
987 1167 1370 1238 στερεώματος
1392 1209 1407 1229 ,
1433 1169 1672 1240 κρινάτω

81 1255 118 1305 ὁ
145 1254 370 1317 συνετὸς
401 1255 696 1326 ἀκροατὴς,
728 1255 784 1308 εῐ
805 1273 855 1309 τι
887 1257 988 1327 τῆς
1014 1257 1333 1330 πρεπούσης
1350 1260 1674 1330 ὑπολήψεως

79 1346 114 1396 ὁ
145 1345 308 1414 λόγος
339 1345 497 1417 ἡμῶν
528 1348 588 1400 ὲν
609 1349 722 1410 τοῖς
748 1349 1062 1422 εἰρημένοις
1084 1351 1554 1420 παρεστοχάσατο.
1592 1352 1672 1404 Τὰ

87 1437 196 1512 μὲν
245 1431 342 1491 οὖν
389 1439 522 1509 περὶ
566 1438 668 1510 τῆς
708 1440 932 1510 πρώτης
980 1441 1089 1494 τῶν
1140 1442 1310 1495 ὄντων
1360 1445 1672 1505 συστάσεως

81 1529 224 1596 ἡμῖν
257 1528 655 1599 ὑπονοηθέντα,
691 1533 789 1584 καὶ⁵
821 1531 941 1596 πῶς
981 1535 1040 1585 ἐν
1069 1535 1136 1604 τῇ
1187 1533 1416 1604 δυνάμει
1452 1535 1551 1604 τῆς
1580 1535 1673 1586 οὑ-

84 1619 214 1682 65a;
244 1621 308 1671 οὑ
335 1619 646 1692 δευτερεύει
669 1622 730 1674 τὸ
759 1623 874 1691 φῶς
901 1623 1012 1676 τῶν
1040 1625 1212 1678 ὄντων
1233 1664 1246 1688 ,
1285 1625 1390 1678 κᾶν
1424 1627 1456 1697 ἡ
1481 1627 1520 1677 Γ
1525 1625 1672 1696 ραφὴ

82 1707 199 1778 πρὸ
221 1707 316 1761 τοῦ
338 1709 519 1778 φωτὸς
559 1711 890 1782 ἱστορεῖσθαι
922 1713 984 1766 τὸ
1013 1714 1204 1776 σκότος
1235 1713 1416 1780 λέγει,
1451 1716 1546 1768 καὶ
1570 1715 1672 1768 ὅσα

81 1799 222 1868 περὶ
245 1799 341 1853 τοῦ
369 1800 752 1871 στερεώματος
781 1805 1150 1876 ποχαστικῶς
1169 1807 1552 1876 ἐνενοήσαμεν,
1577 1807 1672 1859 καὶ

81 1891 220 1960 περὶ
242 1892 343 1962 τῆς
369 1893 477 1946 τῶν
510 1893 720 1948 ὑδάτων
749 1873 1034 1967 διαφορᾶς,
1066 1890 1142 1948 ὧν
1185 1898 1220 1966 ἡ
1261 1873 1585 1966 φύσις-πρὸς
1614 1896 1674 1950 τὸ
1706 1873 1749 1928 Β

83 1983 412 2054 κατωφερὲς
435 2001 498 2037 τε
525 1986 621 2038 καὶ
649 1985 853 2054 κοῦφον
889 1988 1302 2060 μεμερισμένη,
1335 1987 1437 2051 τὰς
1473 1987 1674 2041 καταλι-

79 2071 288 2142 λήλους
307 2075 438 2144 ἡμῖν
460 2093 528 2127 πε
537 2077 590 2147 pl
609 2077 874 2147 ἑκατέρου
901 2077 1010 2130 τῶν
1031 2079 1339 2149 ὁμωνύμως
1366 2079 1672 2150 λεγομένων

81 2163 350 2226 ὑπονοίας
408 2165 670 2236 ἐντίθησι,
732 2167 907 2220 ταῦτα
957 2169 1050 2221 καὶ
1099 2169 1169 2222 τὰ
1219 2169 1444 2224 τοιαῦτα
1500 2170 1668 2224 ἐστίν.

93 2252 322 2323 Ἐπειδὴ
342 2253 401 2306 δὲ
419 2253 667 2326 διεκρίθη
699 2256 798 2324 μὲν
826 2255 921 2308 ἀπ’
946 2255 1188 2326 ἀλλήλων
1207 2257 1276 2310 τὰ
1303 2255 1490 2322 ὑδατα,
1523 2257 1592 2310 τά
1611 2273 1673 2310 τε

75 2342 344 2414 δρώμενα
367 2346 461 2398 καὶ
493 2346 564 2399 τὰ
585 2346 873 2416 νοούμενα,
909 2349 1004 2401 καὶ
1034 2347 1197 2418 μέσος
1222 2349 1347 2419 ὄρος
1374 2348 1674 2420 ἀπεδείχθη

75 2435 188 2504 τῆς
212 2436 410 2506 διπλῆς
437 2435 546 2488 τῶν
577 2437 786 2490 ὑδάτων
815 2438 1030 2506 φύσεως
1051 2440 1079 2490 6
1107 2438 1354 2507 οὐρανὸς,
1382 2441 1410 2491 ὁ
1437 2440 1494 2490 ἒν
1526 2439 1676 2514 ἀρχῇ,

79 2527 194 2602 μὲν
227 2527 563 2598 γεγενῆσθαι
597 2529 734 2598 μετὰ
765 2528 866 2599 τῆς
895 2530 998 2599 γῆς
1038 2530 1131 2583 καὶ
1153 2531 1372 2582 πάντων
1402 2528 1513 2585 τῶν
1536 2527 1672 2599 πρὸς

73 2620 187 2689 τὴν
223 2618 566 2690 κατασκευὴν
601 2619 693 2672 τοῦ
731 2621 936 2690 κόσμου
967 2619 1414 2690 καταϐληθέντων
1443 2619 1672 2689 λεγόμε-

73 2727 200 2773 νος,
230 2711 348 2763 νυνὶ
369 2711 426 2764 δὲ
453 2711 758 2774 τελειωθεὶς
789 2729 849 2764 τε
881 2713 974 2765 καὶ
1005 2711 1325 2788 ὀνομασθεῗίς
1359 2714 1416 2764 ἐν
1442 2713 1508 2782 τῇ
1542 2713 1673 2764 ἁνα-

73 2800 255 2864 δείξει
284 2801 378 2854 τοῦ
423 2799 802 2872 στερεώματος
835 2801 929 2854 τοῦ
967 2801 1064 2860 διὰ,
1083 2802 1181 2872 τῆς
1211 2801 1548 2873 περιδρομῆς
1575 2801 1670 2853 τοὺ

75 2892 268 2962 πυρὸς
293 2891 632 2962 ὁρισθέντος,
661 2893 754 2946 καὶ
799 2895 840 2962 η
870 2893 1098 2966 δευτέρα
1129 2892 1222 2945 τοῦ
1263 2893 1440 2963 φωτὸς
1477 2894 1672 2946 κυκλο-

77 2983 278 3062 φορία,
315 2983 480 3036 πάλιν
507 2983 567 3035 τὸ
611 2984 970 3053 ὑποκείμενον
1008 2985 1113 3037 ἀνὰ
1151 2985 1314 3056 μέρος
1353 2985 1674 3044 ἐπεσκότισέ

76 3093 144 3130 τε
195 3077 297 3129 καὶ
349 3074 635 3144 ἐφώτισεν.
675 3077 853 3146 Ὅπερ
904 3076 999 3129 καὶ
1047 3075 1340 3146 ὠνομάσθη
1387 3077 1525 3130 κατὰ
1571 3077 1686 3148 τὴν..

79 3164 478 3239 προλαϐοῦσαν
510 3166 850 3232 ἀκολουθίαν,
899 3167 992 3220 καὶ
1040 3166 1197 3220 τοῦτο
1238 3163 1438 3238 ἡμέρα.
1485 3169 1674 3237 Ἀναγ-
1699 3203 1743 3264 c

79 3259 268 3326 καίως
314 3258 372 3311 δὲ
405 3259 500 3312 καὶ
544 3258 853 3322 ἀκολούθως
897 3259 1058 3330 καὶὴ
1101 3259 1198 3311 τοὺ
1238 3258 1475 3330 ἀριθμοῦ
1510 3261 1676 3329 φύσις

81 3349 414 3422 συνεισῆλθε
443 3352 512 3422 τῇ
553 3350 748 3405 κτίσει.
794 3351 959 3404 Οὐδὲν
1002 3349 1112 3420 γὰρ
1145 3350 1329 3421 ἔτερόν
1367 3353 1516 3405 ἐστιν
1553 3354 1676 3424 ἀρι-

81 3443 254 3513 θμὸς,
283 3443 334 3494 εί
364 3443 440 3513 μὴ
470 3441 712 3513 μονάδων
737 3440 1003 3508 σύνθεσις.
1037 3441 1153 3494 Πᾶν
1176 3440 1232 3494 δὲ
1252 3441 1312 3494 τὸ
1339 3442 1676 3522 διωρισμένη

81 3534 202 3592 τινὶ
247 3535 568 3604 περιγραφῇ
625 3531 1036 3602 θεωρούμενον,
1099 3534 1268 3604 μονὰς
1322 3535 1672 3604 ὀνομάζεται.

97 3624 264 3677 Ἐπεὶ
298 3620 393 3677 οὖν
437 3623 776 3694 πανταχόθεν
803 3627 830 3676 ό
852 3623 1051 3687 κύκλος
1080 3624 1403 3696 ἀνελλειπής
1437 3627 1586 3678 ἐστιν
1618 3627 1676 3678 ὲν

85 3713 280 3785 ἑαυτῷ
305 3713 620 3785 ὁριζόμενος
641 3729 654 3744 ⁸
680 3713 862 3778 καλῶς
888 3717 917 3768 6
940 3714 1098 3782 λόγος
1131 3715 1189 3768 ἓν
1217 3734 1269 3768 τι
1307 3715 1557 3787 ὠνόμασε
1579 3715 1676 3787 τὴν

85 3808 232 3880 μίαν
252 3803 350 3858 τοῦ
379 3803 578 3858 κύκλου
611 3803 880 3876 περίοδον,
901 3805 1071 3858 εἰπών
1093 3824 1107 3837 ·
1138 3825 1156 3856 ι
1193 3807 1440 3874 Ἐγένετο
1468 3808 1678 3878 ἑσπέρα

85 3889 196 3944 καὶ
219 3889 442 3958 ἐγένετο
473 3889 620 3959 πρωῒ
644 3889 826 3960 ἡμέρα
855 3889 972 3959 μίαο
1013 3909 1031 3940 ι
1067 3893 1161 3944 καὶ
1195 3891 1357 3945 πάλιν
1383 3893 1482 3962 τὴν
1513 3893 1678 3963 ἄλλην

83 3981 363 4046 ὡσαύτως
390 3981 470 4035 ἓν.
501 3981 722 4044 Συνθεὶς
749 3981 806 4034 δὲ
836 3983 1152 4054 ἀμφότερα,
1180 3983 1274 4036 δύο
1298 3984 1539 4053 ἐποίησε.
1569 3985 1681 4036 Καὶ

85 4071 276 4134 οὕτως
307 4073 337 4125 ὁ
365 4071 524 4139 λόγος
549 4073 651 4140 τὴν
687 4070 782 4125 τοῦ
813 4071 1051 4143 ἀριθμοῦ
1086 4072 1302 4140 γένεσιν
1331 4077 1443 4138 τοῖς
1471 4075 1682 4145 μορίοις

89 4163 376 4231 συνήγαγε
409 4162 508 4231 τῆς
545 4161 811 4225 κτίσεως,
846 4163 947 4232 τὴν
993 4163 1316 4218 ἀκολουθίαν
1348 4169 1446 4236 τῆς
1474 4167 1682 4232 τάξεως

83 4258 211 4317 τοῖς
243 4253 470 4323 ὀνόμασι
497 4252 590 4304 τοῦ
623 4251 862 4323 ἀριθμοῦ
893 4253 1303 4325 σημειούμενος.
1331 4276 1351 4306 ι
1386 4257 1632 4324 Ἐγένετο
1659 4279 1676 4310 ι

85 4345 230 4414 γὰρ,
265 4345 450 4414 φησὶν,
486 4363 504 4395 ι
541 4344 767 4415 ἑσπέρα,
800 4345 894 4398 καὶ
933 4346 1147 4414 ἐγένετο
1183 4347 1328 4418 πρωϊ
1360 4349 1540 4421 ἡμέρα
1561 4349 1684 4404 δευ-

85 4439 256 4510 τέρα.
297 4458 318 4488 ι

1773 625 1878 677 lam
1911 632 2093 678 tamen
2141 621 2404 675 habuisse
2441 628 2652 672 natura:
2691 619 3120 689 permistionem.
3157 615 3344 685 Neque

1770 717 1915 768 enim
1938 714 2171 767 dicitur:
2204 712 2333 766 Erat
2362 712 2550 767 subter
2584 719 2679 764 aut
2710 725 2876 778 supra
2909 711 3340 772 ﬁrmamentum,

1772 806 1868 862 sed
1914 805 2029 859 hac
2063 813 2179 858 erat
2209 805 2315 858 sub
2358 805 2722 862 ﬁrmamento,
2756 801 2849 854 illa
2892 808 3011 855 erat
3049 813 3212 869 supra
3251 799 3343 852 ﬁr-

1772 905 2126 949 mamentum.
2164 895 2320 961 Quod
2344 897 2390 950 si
2429 909 2538 948 una
2565 893 2750 948 statim
2791 893 2846 946 in
2883 892 3141 954 tenebris,
3175 891 3344 944 altera

1773 1001 1999 1054 prorsus
2043 987 2100 1039 in
2153 987 2274 1039 luce
2312 993 2366 1038 et
2412 999 2442 1037 a
2497 982 2741 1037 tenebris
2779 982 3049 1051 sejuncta,
3089 981 3344 1034 nimirum

1773 1074 1866 1128 illa
1890 1090 2055 1144 super
2076 1089 2185 1144 qua
2224 1074 2472 1143 spiritus,
2514 1087 2635 1142 qua:
2663 1071 2828 1126 simul
2851 1071 3016 1126 etiam
3045 1069 3148 1123 fuit
3180 1083 3344 1138 supra

1775 1165 2373 1234 ﬁrmamentumLQtwd
2405 1165 2750 1232 interjeetum
2777 1171 2883 1226 est,
2931 1178 3052 1233 qua:
3072 1162 3139 1217 de
3163 1177 3342 1215 rerum

1773 1259 2148 1312 universitatis
2189 1259 2581 1312 consututione
2615 1247 3066 1324 excogitavimus,
3122 1261 3175 1306 et
3205 1267 3345 1320 quo-

1775 1349 2022 1403 modoin
2055 1359 2266 1404 natura:
2297 1349 2541 1418 potentia
2573 1348 2804 1418 reliquis
2828 1348 2992 1401 rebus
3025 1347 3116 1398 lux
3147 1360 3254 1397 non
3277 1345 3349 1398 sit

1775 1443 2072 1514 posterior,
2128 1443 2257 1497 licet
2311 1443 2596 1514 Scriptura
2651 1445 2909 1496 tenebras
2959 1439 3109 1510 prius
3185 1453 3349 1506 quam

1775 1535 1950 1588 lucem
1989 1542 2400 1599 commemoret,
2435 1549 2665 1602 quaeque
2694 1533 2761 1587 de
2781 1532 3126 1586 ﬁrmamento
3155 1529 3351 1599 proba-

1773 1625 1960 1680 biliter.
1998 1625 2302 1688 attulimus,
2342 1633 2397 1678 et
2437 1625 2505 1678 de
2542 1638 2806 1693 aquarum
2860 1621 3184 1687 diﬁ‘erentia,
3230 1633 3352 1688 quae

1773 1717 1896 1772 illas
1943 1715 2184 1772 nominis
2235 1715 2622 1772 communione
2669 1713 2992 1783 conjunctas
3031 1711 3086 1766 in
3132 1725 3350 1779 gravem

1775 1809 2063 1878 levemque
2111 1807 2382 1871 dividens,
2426 1805 2674 1861 diversas
2722 1805 2790 1860 de
2839 1812 3068 1874 utraque
3110 1803 3350 1871 ipsarum

1777 1900 2065 1967 opiniones
2113 1896 2326 1964 affert;
2367 1897 2483 1950 haec
2537 1905 2592 1950 et
2635 1895 2722 1950 liis
2773 1893 2973 1949 similia
3027 1899 3152 1947 sunt
3187 1911 3200 1946 :
3234 1907 3354 1960 quae

1775 1999 1959 2043 utrum
1999 1995 2146 2042 recta
2183 1997 2237 2041 et
2280 1985 2662 2042 convenientia
2695 1984 2829 2050 sint,
2863 1983 3074 2051 judicet
3114 1982 3354 2051 prudens

1776 2081 2013 2134 auditor.
2048 2077 2414 2148 Posteaquam
2451 2079 2637 2148 igitur,
2674 2092 2797 2146 quae
2826 2083 3130 2130 cernuntur
3175 2087 3352 2142 aquae,

1775 2172 1843 2228 ab
1875 2171 1984 2228 illis
2018 2186 2140 2240 quae
2176 2170 2577 2240 intelliguntur,
2621 2175 2846 2222 secretae
2879 2173 3008 2221 sunt
3037 2205 3052 2230 ,
3089 2163 3356 2218 medimn-

1775 2278 1882 2332 que
1935 2263 2078 2317 inter
2130 2261 2402 2330 duplicem
2447 2275 2713 2330 aquarum
2766 2265 3020 2311 naturam
3060 2253 3355 2309 conﬁnium

1773 2354 2122 2424 interiectum
2152 2363 2234 2408 est
2257 2352 2481 2412 coelum,
2521 2351 2664 2420 quod
2695 2349 2859 2404 simul
2881 2361 3005 2401 cum
3029 2355 3172 2400 terra
3193 2351 3355 2412 atque

1773 2445 2030 2498 omnibus
2059 2443 2150 2508 iis,
2187 2459 2310 2512 qua:
2342 2441 2410 2496 ad
2455 2439 2646 2494 mundi
2676 2437 3126 2492 constitutionem
3159 2434 3358 2489 collata

1775 2543 1927 2598 sunt,
1961 2536 2016 2588 in
2051 2534 2323 2604 principio
2349 2532 2556 2586 factum
2589 2547 2710 2586 esse
2734 2529 2959 2594 dicitur,
2989 2543 3138 2582 nunc
3174 2535 3354 2581 autem

1774 2625 2079 2696 perfectum
2117 2633 2171 2680 et
2203 2625 2548 2679 nominatum
2585 2623 2639 2676 in
2671 2620 3139 2677 demonstratione
3175 2618 3358 2670 ﬁrma-

1773 2717 1965 2780 menti,
1997 2716 2138 2787 ignis
2173 2716 2380 2770 ambitu
2421 2715 2658 2780 diﬁiniti,
2690 2713 3030 2776 ostenditur;
3057 2711 3192 2764 alter
3219 2709 3359 2764 lucis

1775 2809 2038 2862 circuitus
2069 2823 2287 2862 rursum
2319 2815 2373 2860 et
2407 2806 2721 2860 oliscuravit
2751 2803 2804 2858 id
2842 2804 2989 2873 quod
3018 2812 3136 2856 erat
3172 2801 3359 2870 subje-

1774 2909 1924 2954 ctum
1970 2900 2260 2960 vicissim,
2291 2909 2344 2952 et
2392 2897 2734 2956 illustravit:
2771 2895 2937 2965 idque
2979 2896 3190 2959 eadem,
3239 2907 3362 2963 qua

1776 2999 1902 3048 ante
1931 2991 2078 3046 dicta
2111 2999 2218 3056 est,
2249 2990 2462 3050 ratione
2485 2995 2737 3046 vocatum
2762 2997 2845 3042 est
2870 2985 3008 3040 dies.
3041 2983 3362 3039 Necessario

1775 3094 1954 3137 autem
1997 3089 2162 3152 atque
2192 3080 2386 3136 ordine
2417 3089 2616 3134 natura
2661 3079 2880 3132 numeri
2919 3091 3102 3131 rerum
3135 3075 3360 3130 univer-

1777 3176 1994 3234 sitatem
2039 3175 2290 3244 ingressa
2317 3181 2422 3228 est.
2459 3171 2648 3242 Neque
2674 3171 2822 3226 enim
2866 3169 3010 3222 aliud
3052 3179 3139 3223 est
3173 3181 3362 3220 nume-

1777 3281 1896 3328 rus,
1955 3265 2062 3321 nisi
2113 3267 2385 3323 unitatum
2432 3263 2780 3334 compositio.
2842 3259 3119 3330 Quidquid
3180 3269 3359 3312 autem

1777 3355 2040 3426 praeﬁnita
2107 3357 2290 3425 aliqua
2359 3353 2875 3424 circumscriptione
2938 3349 3358 3412 consideratur,

1777 3461 1945 3500 unum
2003 3446 2359 3515 appellamus.
2419 3445 2602 3511 Quare
2645 3459 2772 3498 cum
2828 3441 3070 3497 circulus
3122 3439 3362 3510 undique

1776 3535 2055 3606 perfectus
2099 3536 2154 3588 in
2211 3553 2272 3590 se
2320 3543 2708 3606 cognoscatur,
2763 3544 2913 3589 recte
2961 3531 3246 3601 Scriptura
3302 3529 3361 3584 in

1778 3631 1998 3683 nomine
2029 3644 2198 3682 unum
2239 3627 2431 3682 circuli
2471 3627 2735 3681 ambitum
2776 3625 3081 3688 constituit,
3119 3623 3357 3678 dicens:

1785 3738 1803 3769 ι
1841 3718 2065 3772 Factum
2118 3728 2202 3773 est
2255 3733 2499 3787 vespere,
2548 3727 2603 3772 et
2656 3717 2860 3771 factum
2903 3724 2987 3771 est
3035 3729 3195 3768 mane
3238 3712 3362 3767 dies

1779 3825 1944 3872 unus,
1983 3831 2000 3861 ι
2039 3819 2092 3864 et
2124 3827 2342 3864 rursum
2377 3811 2609 3863 alterum
2638 3791 2908 3862 ambitum
2948 3807 3135 3862 itidem
3164 3819 3358 3859 unum.

1781 3895 2083 3967 Utriusque
2119 3915 2251 3952 vero
2281 3899 2611 3966 compositio
2647 3897 2756 3950 duo
2798 3897 3050 3952 reddidit.
3085 3897 3258 3963 Atque
3285 3895 3359 3946 ita

1783 3987 2067 4058 Scriptura
2092 3991 2584 4044 ntnneri'naturam
2610 3990 2796 4042 tnuudi
2821 3988 3066 4062 partibus
3091 3985 3360 4056 adjunxit,

1783 4082 1996 4137 ordinis
2046 4085 2500 4151 consequentiam
2537 4083 2854 4137 nominibus
2899 4081 3110 4135 numeri
3153 4077 3362 4149 signiﬁ-

1783 4189 1938 4230 cans.
1981 4193 1999 4226 ι
2039 4172 2263 4228 Factum
2311 4183 2395 4229 est
2423 4193 2441 4225 ι
2479 4173 2920 4243 enim,_inquit,
2969 4190 2987 4222 ι
3015 4187 3257 4240 vespere,
3307 4179 3361 4225 et

1785 4265 1991 4323 factum
2022 4273 2108 4322 est
2137 4281 2299 4321 mane
2326 4265 2444 4320 dies
2465 4265 2777 4328 secundus._
2796 4285 2815 4317 ι

185 4528 344 4582 Ἐπεὶ
373 4523 467 4583 οὖν
516 4527 690 4581 ταῦτα
754 4529 1010 4596 ἐγένετο,
1069 4530 1233 4584 πάλιν
1276 4533 1310 4601 ἡ
1371 4530 1532 4600 φύσις
1569 4531 1676 4585 τῶν

1852 4533 1988 4586 Cum
2021 4532 2187 4602 igitur
2216 4531 2329 4584 [nec
2359 4531 2502 4586 facta
2539 4537 2749 4594 essent,
2803 4543 2985 4584 rerum
3025 4539 3218 4582 natura
3247 4543 3367 4583 rur-

89 4624 274 4678 ὅντων
315 4621 384 4675 δι’
424 4619 720 4674 ἀκολούθου
763 4621 1054 4690 βαδίζουσα
1077 4662 1091 4686 ,
1125 4623 1186 4675 τὸ
1218 4623 1537 4692 ἀναγκαίως
1566 4627 1682 4687 τοῖς

91 4712 491 4784 προγεγονόσιν
529 4712 795 4782 ἑπόμενον
833 4713 1188 4784 ἐξεργάζεται
1214 4731 1230 4746 ο
1269 4718 1592 4786 προηγεῖται
1624 4715 1682 4768 δὲ

95 4807 199 4860 καὶ
218 4804 410 4859 τούτου
439 4803 534 4858 τοῦ
567 4803 729 4876 ἔργου
771 4803 915 4856 θεῖον
945 4805 1247 4876 ἐπίταγμα,
1285 4805 1557 4875 πανταχοῦ
1587 4805 1682 4858 τοῦ

95 4897 384 4960 Μωῦσέως
407 4895 841 4966 ἀσφαλιζομένου
881 4896 1037 4968 ἡμῶν
1060 4897 1161 4968 τὴν
1187 4897 1426 4950 διάνοιαν
1450 4897 1546 4951 τοῦ
1574 4915 1681 4968 μη-

93 4992 192 5046 δὲν
211 4989 364 5044 άθεεί
389 5005 444 5041 τι
469 4989 578 5042 τῶν
606 4987 770 5042 ὄντων
798 4988 1079 5054 συστῆναι,
1108 4989 1182 5052 ὡς
1211 4988 1277 5041 ἂν
1304 4989 1368 5042 τὸ
1395 4990 1525 5062 περὶ
1556 4991 1685 5042 εκά-

101 5101 234 5138 στου
261 5082 376 5137 τῶν
405 5083 710 5152 γεγονότων
751 5081 960 5150 θαῦμα,
991 5083 1072 5143 εἰς
1099 5079 1192 5133 τὸν
1217 5081 1562 5150 πεποιηκότα
1581 5081 1684 5150 τὴν

99 5173 386 5245 ἀναφοράν
431 5175 566 5244 ἔχοι.
601 5173 788 5242 Πάσης
816 5175 926 5244 γὰρ
959 5172 1064 5242 τῆς
1110 5173 1446 5242 φωτιστικῆς
1493 5189 1554 5225 τε
1589 5172 1686 5226 καὶ

103 5265 392 5338 πυρώδους
427 5263 615 5326 οὑσίας
691 5266 809 5327 ταῖς
855 5263 1014 5325 ἰδίαις
1059 5263 1304 5332 ποιότησι
1353 5262 1463 5315 τῶν
1507 5263 1684 5316 ἄλλων

103 5356 521 5428 άποκριθείσης,
548 5357 583 5426 ἡ
615 5357 714 5425 μὲν
737 5355 831 5407 τοῦ
856 5356 1021 5426 ἀέρος
1047 5355 1358 5424 κατασκευὴ
1386 5355 1682 5417 σιωπᾶται,

105 5449 198 5501 καί
229 5465 316 5501 τοι
333 5448 429 5501 καὶ
447 5445 604 5500 τοῦτο
631 5449 688 5499 ἐν
719 5447 996 5517 δευτέροις
1024 5446 1170 5511 εἰκὸς
1199 5441 1267 5517 ἦν
1299 5446 1435 5516 μετὰ
1465 5446 1562 5517 τὴν
1588 5447 1681 5500 τοῦ

306 5540 617 5612 ἀναδρομὴν
658 5539 1075 5610 φυσιολογῆσαι·
1111 5541 1246 5594 διότι
1281 5540 1570 5608 συγγένειά
1600 5539 1684 5602 τίς

107 5633 252 5685 ἐστιν
299 5629 451 5700 αὐτῷ
483 5631 627 5683 κατὰ
653 5630 711 5682 τὺ
740 5629 964 5699 κοῦφον,
993 5631 1130 5701 πρὸς
1176 5631 1277 5700 τὴν
1319 5630 1560 5700 τῴπυρὶ
1594 5633 1682 5683 ὲν-

105 5723 492 5794 θεωρουμένην
525 5724 832 5793 κουφότητα
857 5741 870 5754 ⁸
910 5718 1012 5778 εἷθ’
1042 5723 1214 5786 οὕτως
1260 5725 1392 5795 περὶ
1437 5725 1536 5794 τῆς
1581 5724 1680 5794 βοι-

109 5815 258 5887 αείας
299 5815 682 5888 διηγήσασθαι,
706 5815 941 5886 φύσεως.
997 5817 1057 5870 '0
1093 5815 1146 5870 δὲ
1191 5815 1433 5886 Μωὺσῆς
1475 5816 1552 5870 τά,
1585 5817 1682 5886 μὲν

1789 4639 1886 4680 sus
1923 4623 2116 4678 ordine
2148 4619 2983 4692 progrediensantecedentibus
3019 4635 3364 4690 consequens

1788 4714 2000 4770 addidit
2035 4714 2369 4769 necessario.
2407 4714 2586 4782 Atque
2616 4713 2741 4766 huic
2772 4713 2900 4767 item
2941 4713 3093 4782 operi
3121 4711 3364 4766 divinum

1789 4809 2107 4861 mandatum
2161 4806 2354 4868 anteit,
2415 4807 2630 4861 animos
2695 4805 2896 4874 ubique
2948 4816 3171 4858 nostros
3217 4801 3366 4859 Mose

1789 4901 2169 4962 conlirmante,
2203 4913 2272 4950 ne
2295 4897 2424 4966 quid
2463 4897 2582 4952 sine
2629 4895 2720 4951 Dei
2750 4905 2884 4950 nutu
2927 4896 3232 4950 consistere
3265 4909 3364 4949 co-

1788 4994 2046 5064 gitemus,
2075 4991 2172 5048 sed
2195 4991 2566 5062 quaesingulis
2607 4992 2661 5044 in
2693 4992 2857 5045 rebus
2891 4989 3208 5044 admiranda
3240 5001 3365 5057 per-

1790 5085 2074 5155 spicimus,
2118 5085 2184 5139 ad
2235 5083 2405 5138 Deum
2452 5099 2641 5138 eorum
2683 5084 2929 5152 opiﬁcem
2981 5090 3366 5151 auctoremque

1789 5175 2093 5231 referamus
2123 5192 2137 5229 :
2166 5175 2314 5228 omni
2357 5189 2487 5244 ergo
2517 5183 2630 5228 tum
2670 5172 2869 5237 lucida,
2906 5181 3018 5226 tum
3061 5173 3219 5240 ignea
3262 5186 3363 5224 na-

1791 5277 1914 5322 tura
1950 5267 2187 5338 propriis
2217 5267 2576 5335 qualitatibus
2607 5281 2636 5317 a
2664 5264 2876 5318 caeteris
2905 5264 3173 5333 sejuncta,
3201 5270 3365 5332 atque

1791 5359 2075 5422 distincta,
2108 5358 2251 5414 aeris
2298 5357 2619 5412 constitutio
2658 5355 2876 5410 silentio
2907 5354 3362 5426 praetermittitur,

1789 5465 1913 5505 cum
1939 5459 2120 5504 tamen
2149 5449 2360 5504 ordinis
2389 5449 2529 5503 ratio
2565 5449 2884 5518 postularet,
2915 5457 2973 5502 ut
3000 5451 3124 5517 igne
3153 5449 3364 5502 consti-

1791 5553 1927 5608 tuto,
1965 5544 2033 5597 de
2063 5544 2182 5612 ipso
2215 5559 2339 5596 aere
2369 5542 2772 5610 disputaretur;
2806 5541 2920 5608 qui,
2955 5557 3078 5594 cum
3115 5540 3247 5594 levis
3270 5541 3362 5606 sit,

1791 5651 1914 5688 cum
1969 5635 2110 5704 ignis
2161 5635 2378 5689 levitate
2401 5633 2694 5702 quamdam
2745 5633 2907 5688 habet
2951 5631 3365 5700 cognationem;

1791 5726 1988 5781 deinde
2025 5727 2094 5781 de
2118 5733 2313 5780 natura
2352 5725 2504 5794 gravi
2535 5725 2697 5779 verba
2729 5723 2944 5778 ﬁerent.
2977 5719 3153 5777 Moses
3181 5730 3362 5774 autem

1791 5817 1997 5876 omisso
2023 5834 2150 5877 aere
2192 5817 2258 5876 de
2283 5818 2385 5875 hac
2412 5818 2530 5888 ipsa
2559 5816 2801 5874 disserit.
2829 5814 2987 5883 Quod
3025 5812 3246 5888 quidem
3274 5811 3368 5868 ille
