3880 6218
328 267 404 330 89
1548 276 1616 330 1N
1656 272 2136 331 HEXAEMERON
2165 277 2390 336 LIBER.
3537 286 3606 342 90

329 390 428 492 καὶ
467 390 688 492 όφθήτω
735 392 766 461 ἡ
814 388 974 468 ξηρά.
1019 411 1038 444 ι
1093 393 1258 467 Ὁρᾷς
1290 394 1390 466 τὴν
1427 395 1734 463 ἀναγκαίαν
1762 393 1945 458 τάξιν.

2049 398 2234 453 eruis:
2285 400 2582 471 quomodo,
2639 415 2899 472 expressa
2956 415 3093 471 aqua
3139 399 3208 454 ab
3267 401 3385 471 ipsa
3429 407 3604 471 terra,

330 481 433 551 τῆς
464 481 708 550 φύσεως,
756 483 872 546 πῶς
909 483 1010 553 τῆς
1041 483 1145 555 γῆς
1189 485 1620 554 ἀφελκυσθέντος
1660 487 1756 540 τοῦ
1791 486 1920 540 ὓδα-

328 590 427 636 τος
479 573 793 645 ξηραίνεται
841 575 905 628 τὸ
948 575 1247 648 ἀποκριθὲν
1293 576 1396 647 τῆς
1452 577 1784 650 ὑγρότητος,
1829 580 1924 632 καὶ

333 663 455 726 πῶς
524 663 721 733 μηκέτι
773 664 1072 736 πηλοειδῶς
1115 667 1571 738 ἀνακεκραμένης
1625 669 1762 738 πρὸς
1825 666 1924 738 τὴν

333 754 440 825 γῆν
489 753 590 826 τῆς
636 756 966 825 ὑγρότητος,
1023 757 1337 826 ἀναγκαίως
1394 757 1622 829 δοχείοις
1681 763 1795 811 τισὶ
1863 759 1926 811 τὸ

336 847 483 919 ὓδωρ
531 849 1028 919 περιστοιχίζεται·
1082 849 1158 914 ὡς
1207 850 1273 904 ἂν
1327 849 1400 922 μὴ
1440 849 1518 919 τῷ
1568 849 1776 922 ρευστῷ
1827 852 1927 920 τῆς

339 940 559 1014 φύσεως
591 941 672 1001 εἰς
702 939 1008 1010 ἀφανισμὸν
1047 939 1192 995 ἔλθοι
1217 979 1233 1003 ,
1272 941 1498 1012 μηδενὸς
1545 941 1643 1012 τὴν
1681 941 1927 1012 διάχυσιν

339 1026 510 1084 αὑτοῦ
556 1030 1034 1102 περισφίγγοντος.
1082 1032 1244 1086 Ἀλλά
1292 1051 1383 1103 μοι
1414 1033 1560 1088 δοκεῖ
1592 1035 1665 1104 μὴ
1700 1034 1927 1105 ἄκαιρον

338 1118 482 1199 εἶναι
515 1122 678 1176 πάλιν
707 1122 814 1182 τῶν
840 1123 1248 1196 ὑπερουρανίων
1277 1127 1482 1180 ὑδάτων
1513 1127 1736 1197 μνήμην
1766 1128 1924 1196 ποιή-

339 1215 562 1268 σασθαι.
617 1216 678 1268 Εἰ
720 1215 828 1286 γὰρ
875 1218 1189 1283 ἀναγκαίως
1231 1218 1465 1287 ἐνταῦθα
1494 1219 1627 1292 πρὸς
1661 1217 1929 1288 ὑποδοχὴν

339 1305 448 1358 τῶν
477 1308 686 1372 ὑδάτων
719 1309 751 1376 ἡ
781 1309 851 1379 γῆ
881 1310 1310 1379 σχηματίξεται,
1343 1307 1453 1363 οἷόν
1474 1316 1584 1365 τισι
1617 1311 1837 1374 κόλποις
1869 1310 1930 1363 τὸ

338 1399 569 1466 ρευστὺν
614 1399 794 1454 αὑτῶν
835 1402 1254 1472 περιείργουσα,
1303 1405 1398 1460 καὶ
1448 1407 1512 1474 τῇ
1562 1403 1780 1475 ἀστάτῳ
1821 1403 1932 1458 τῶν

339 1491 551 1546 ὑδάτων
577 1492 758 1560 φύσει,
785 1493 863 1564 τῷ
897 1495 1012 1564 ἰδίῳ
1048 1493 1295 1566 σταθερῷ
1327 1497 1675 1567 παρεχομένη
1712 1498 1772 1549 τὸ
1799 1497 1929 1550 στά-

341 1601 523 1654 σιμον·
557 1584 674 1648 πῶς
703 1587 768 1639 ἂν
810 1587 870 1638 τὸ
911 1585 1080 1657 ὕδωρ,
1115 1587 1276 1656 είπερ
1317 1586 1392 1656 τῷ
1425 1587 1538 1642 ὄντι
1572 1587 1713 1656 ὕδωρ
1761 1588 1928 1649 ἐστὶν,

341 1677 560 1731 ἵσταται
603 1678 702 1750 μὲν
741 1680 836 1733 ἐπὶ
864 1678 957 1732 τοῦ
1006 1681 1265 1744 ἀστάτου,
1298 1681 1584 1752 ἀδιάχυτον
1615 1683 1672 1734 δέ
1709 1683 1801 1735 ἐπὶ
1833 1680 1929 1735 τοῦ

341 1770 545 1842 κυρτοῦ
571 1770 846 1841 διαμένει;
870 1772 931 1824 Εἰ
955 1770 1062 1842 γὰρ
1093 1772 1223 1843 μίαν
1261 1789 1320 1824 τε
1361 1775 1456 1826 καὶ
1491 1774 1590 1842 τὴν
1619 1774 1788 1845 αὐτὴν
1827 1775 1936 1829 τῶν

342 1863 438 1919 δύο
484 1863 694 1917 ὑδάτων
726 1863 825 1934 τὴν
855 1864 1017 1934 φύσιν
1059 1865 1452 1936 ὑποτιθέμεθα.
1499 1867 1714 1938 ἀνάγκη
1763 1869 1934 1934 πᾶσα,

347 1957 494 2027 άπερ
532 1957 627 2008 ἐπὶ
673 1956 876 2010 τούτων
907 1957 1201 2028 βλέπομεν,
1241 1957 1420 2026 ταῦτα
1453 1959 1546 2021 καὶ
1592 1961 1678 2012 ἐπ’
1713 1961 1937 2026 ἐκείνων

346 2047 574 2109 οἴεσθαι·
607 2049 804 2118 οὐκοῦν
854 2049 922 2103 τά
963 2049 1110 2104 νῶτα
1139 2050 1234 2102 τοῦ
1281 2049 1512 2120 ούρανοῦ
1563 2049 1808 2122 σχίζεται
1857 2052 1938 2114 εἰς

346 2141 616 2203 αὐλῶνας,
645 2143 764 2195 καθ’
797 2143 1089 2213 ὁμοιότητα
1113 2142 1222 2197 τῶν
1248 2142 1342 2195 ἐπὶ
1371 2143 1474 2212 τῆς
1503 2143 1607 2214 γῆς
1638 2144 1938 2213 γινομένων

347 2234 488 2304 πρὸς
512 2233 612 2297 τὰς
642 2234 751 2287 τῶν
782 2235 1044 2305 κρημνῶν
1069 2235 1379 2298 διαστάσεις
1411 2234 1934 2307 ἐκφαραγγούμενα,

349 2326 438 2392 ’ίνα
464 2326 525 2378 τὸ
554 2324 698 2397 ὕδωρ
723 2326 1038 2399 ἐγκρατηθῇ
1071 2330 1193 2390 ταῖς
1221 2327 1519 2396 κοιλότησι.
1556 2327 1623 2379 Τί
1653 2323 1748 2380 οῦν
1779 2327 1938 2398 ἐροῦ-

349 2436 456 2480 σιν,
483 2418 615 2471 ὅταν
649 2421 681 2488 ἡ
710 2420 999 2488 ἐγκύκλιος
1042 2419 1136 2472 τοῦ
1168 2419 1331 2472 πόλου
1381 2418 1656 2489 περιφορά
1689 2420 1828 2488 πρὸς
1872 2420 1940 2474 τά

348 2511 503 2564 κάτω
537 2510 692 2580 κλίνῃ
724 2511 782 2563 τὸ
825 2510 922 2563 νῦν
970 2510 1389 2582 ὑπερκείμενον,
1433 2512 1541 2580 άρα
1583 2510 1658 2581 μὴ
1704 2510 1942 2582 πώματά

347 2619 472 2656 τινα
501 2604 614 2666 τοῖς
648 2603 870 2667 κύκλοις
905 2603 1284 2673 ἐπινοήσωσιν,
1325 2603 1399 2668 ὡς
1435 2603 1502 2667 ἂν
1553 2603 1627 2674 μὴ
1669 2604 1942 2675 ἐκκρεμὲς

348 2696 411 2774 τὸ
451 2696 596 2768 ὕδωρ
623 2697 934 2766 γενόμενον,
970 2696 1081 2748 τῶν
1119 2697 1476 2767 κοιλωμάτων
1519 2697 1735 2768 ἐκρέοι;
1783 2696 1943 2750 Ἀλλά

350 2804 488 2858 φησι
515 2786 882 2857 δαπανητικὸν
923 2787 1022 2856 μὲν
1055 2781 1194 2839 εἶναι
1233 2786 1293 2839 τὸ
1328 2785 1463 2857 πῦρ,
1494 2787 1684 2857 χρείαν
1708 2787 1764 2840 δὲ
1797 2786 1944 2861 ἔχειν

351 2877 488 2951 ὑλης
518 2877 661 2942 τινὸς
701 2879 803 2947 τῆς
837 2877 1248 2950 ὑποτρεφούσης
1297 2878 1470 2931 εἰσαεὶ
1507 2878 1606 2948 τὴν
1639 2877 1833 2947 φλόγα,
1867 2878 1942 2940 ὡς

351 2966 420 3044 ᾷν
455 2965 530 3037 μὴ
555 2967 1001 3038 καταμαρανθείη
1022 3007 1037 3032 ,
1083 2970 1148 3039 τῇ
1181 2968 1386 3040 ἀπορίᾳ.
1415 2967 1509 3021 τοῦ
1551 2968 1943 3031 ὑπεκκαίοντος

353 3059 488 3124 αὑτὸ
517 3061 644 3130 περὶ
681 3061 842 3114 ἑαυτὸ
879 3059 1287 3130 δαπανώμενον.
1340 3059 1482 3129 Ἐγὼ
1527 3060 1583 3113 δὲ
1623 3060 1727 3114 κᾶν
1758 3061 1791 3131 ὴ
1844 3078 1940 3131 με-

351 3151 499 3222 γάλη
529 3149 624 3202 τοῦ
653 3151 975 3220 διδασκάλου
1015 3152 1174 3222 ἡμῶν
1205 3153 1357 3224 φωνὴ
1387 3156 1453 3226 τῇ
1485 3153 1710 3225 τοιαύτῃ
1741 3153 1943 3225 ὑπολή-

353 3239 448 3310 ψει
481 3242 864 3312 συμφέρεται,
894 3244 1308 3315 παραιτήσομαι
1341 3247 1463 3307 τοὺς
1495 3245 1942 3314 ἐντυγχάνοντας,

359 3333 438 3404 μὴ
488 3332 741 3402 χαλεπῶς
793 3332 960 3403 ἔχειν,
1011 3337 1060 3387 εί
1107 3335 1244 3406 πρὸς
1272 3336 1333 3388 τὸ
1366 3336 1660 3390 ἀκόλουθον
1709 3337 1944 3406 βλέπων,

357 3426 540 3496 πάντη
565 3424 802 3479 δουλεύω
823 3429 936 3489 τοῖς
967 3426 1406 3498 προκαθημένοις
1437 3430 1494 3481 ἐν
1517 3432 1584 3500 τῇ
1611 3429 1813 3501 θεωρίᾳ
1840 3430 1949 3482 τῶν

357 3513 551 3569 ὄντων.
600 3515 714 3569 Καὶ
750 3517 859 3586 γὰρ
908 3517 1002 3570 καὶ
1047 3516 1124 3587 τῷ
1165 3518 1466 3590 διδασκάλῳ
1515 3521 1717 3584 σκοπὸς
1751 3517 1842 3592 ἦν,
1889 3521 1952 3573 οὑ

360 3611 580 3672 πάντως
603 3609 704 3672 τὰς
734 3608 866 3672 ἰδίας
897 3610 1195 3680 ὑπολήψεις
1245 3613 1356 3674 τοῖς
1389 3613 1760 3683 ἀκροωμένοις
1787 3630 1952 3683 νομο-

362 3699 560 3761 θετεῖν,
596 3699 734 3752 ἀλλὰ
771 3699 958 3768 ἐφοδόν
996 3718 1117 3753 τινα
1153 3700 1240 3754 διά
1273 3703 1370 3771 τῆς
1413 3702 1762 3765 διδασκαλίας
1787 3704 1953 3756 αὑτοῦ

364 3792 502 3861 πρὸς
527 3791 628 3863 τὴν
651 3792 912 3862 ἀλήθειαν
940 3795 997 3844 ἐν
1031 3797 1144 3857 τοῖς
1173 3794 1638 3864 μαθητευομένοις
1675 3795 1951 3864 γενέσθαι’

365 3885 462 3937 καὶ
491 3885 652 3954 ἡμεῖς
695 3884 876 3936 τοίνυν
905 3885 1378 3954 ἐγγυμνασθέντες
1413 3890 1524 3949 τοῖς
1578 3888 1706 3958 παρ’
1743 3887 1953 3940 ἐκείνου

364 3973 774 4042 καταλειφθεῖσι
818 3975 1121 4047 μαθήμασι,
1159 3975 1296 4045 πρὸς
1322 3975 1383 4028 τὸ
1425 3975 1717 4030 ἀκόλουθον
1759 3977 1956 4046 βλέπο-

369 4081 489 4133 μεν.
527 4063 626 4132 Είη
671 4062 714 4114 δ’
761 4063 828 4116 ἂν
853 4059 1026 4128 οὗτος,
1059 4063 1218 4135 εἴπερ
1263 4065 1510 4136 ἐπιτύχοι
1549 4065 1643 4118 τοῦ
1677 4067 1890 4131 εἰκότος
1928 4070 1957 4121 ὁ

366 4153 546 4224 λόγος,
580 4157 661 4220 εἰς
692 4155 791 4226 τὴν
822 4155 916 4208 τοῦ
946 4155 1267 4210 διδασκάλου
1303 4158 1496 4226 σοφίαν
1525 4158 1953 4229 ἀναφερόμενος.

367 4248 434 4301 Τί
464 4249 642 4301 τοίνυν
674 4247 810 4319 πρὸς
832 4248 930 4318 τὴν
959 4248 1350 4318 ὑπενεχθεῖσαν
1383 4249 1654 4302 ἀντίθεσιν
1686 4252 1841 4320 ἡμεῖς
1866 4250 1958 4303 λο-

367 4341 675 4412 γιζόμεθα;
711 4343 787 4395 Οὑ
813 4345 921 4411 γάρ
952 4341 1114 4412 μόνον
1144 4344 1200 4394 ἐν
1235 4341 1313 4412 τῷ
1354 4345 1489 4412 πυρὶ
1519 4343 1612 4395 καὶ
1641 4341 1794 4395 ὕδατι
1825 4342 1959 4396 θεω-

371 4434 575 4506 ροῦμεν
603 4435 702 4498 τὰς
740 4434 1182 4504 ἀντιστοιχούσας
1230 4435 1549 4504 ποιότητας,
1595 4436 1731 4488 ἀλλά
1757 4437 1852 4490 καὶ
1899 4438 1958 4488 ἐν

370 4528 590 4598 ἑκάστῳ
625 4527 734 4580 τῶν
768 4526 1049 4596 στοιχείων
1092 4527 1240 4580 ἐστιν
1270 4529 1452 4596 εὑρεῖν
1483 4545 1604 4580 τινα
1651 4529 1868 4592 πάντως
1901 4530 1960 4580 ἐν

368 4621 484 4683 τοῖς
532 4617 785 4690 ίδιὼμασι
823 4619 962 4689 πρὸς
997 4618 1066 4671 τά
1103 4619 1452 4689 ἀντικείμενα
1496 4619 1694 4691 μάχην.
1751 4620 1960 4690 Ὥσπερ

370 4710 480 4782 γὰρ
511 4711 604 4763 ἐπὶ
649 4709 759 4763 τῶν
796 4707 1276 4780 μνημονευθέντων
1331 4708 1610 4779 στοιχείων
1657 4709 1960 4763 ἀντιϐαίνει

370 4801 450 4871 τῷ
468 4801 566 4871 μὲν
581 4798 778 4872 ψυχρῷ
796 4801 827 4868 ἡ
847 4799 1141 4870 θερμότης,
1159 4799 1236 4869 τῷ
1250 4799 1306 4851 δὲ
1329 4799 1481 4870 ὑγρῷ
1498 4802 1529 4869 ἡ
1549 4800 1614 4869 in
1624 4799 1803 4870 ρὸτηςν
1820 4798 1965 4851 οὕτω

376 4890 539 4944 πάλιν
563 4888 706 4942 κατά
735 4886 832 4958 τὴν
865 4888 1058 4958 ἑτέραν
1085 4887 1377 4958 διάμετρον
1408 4887 1500 4940 ἐπὶ
1527 4887 1624 4957 τῆς
1655 4885 1760 4955 γῆς
1783 4903 1842 4938 τε
1870 4886 1964 4939 καὶ

375 4987 472 5039 τοῦ
506 4985 668 5056 ἀέρος
703 4982 764 5049 ἐξ
787 4983 1030 5036 ἐναντίου
1053 4982 1189 5035 εἰσιν
1231 4983 1289 5035 αί
1316 4983 1373 5034 ἐν
1405 4982 1650 5052 ἐκατέρῳ
1682 4982 1963 5050 ποιότητες

374 5077 635 5147 ἀλλήλαις
660 5074 1112 5146 ἀντικαθήμεναι⁹
1142 5074 1436 5145 στερρότης
1479 5090 1537 5126 τε
1565 5075 1660 5127 καὶ
1691 5075 1926 5145 μανότης
1945 5115 1962 5139 ,

373 5169 663 5223 ἀντιτυπία
683 5169 776 5222 καὶ
800 5165 1082 5238 ἀραιότης,
1118 5165 1356 5238 βαρύτης
1370 5183 1430 5218 τε
1452 5167 1544 5219 καὶ
1561 5167 1849 5236 κουφότης·
1873 5168 1965 5226 καὶ

373 5262 477 5314 ὅσα
504 5260 638 5314 ἀλλα
668 5259 810 5311 κατά
831 5259 892 5311 τὸ
917 5257 1122 5322 ἰδιάζον
1146 5260 1204 5310 ἐν
1229 5258 1480 5329 ἐκατέρῳ
1504 5258 1730 5321 τούτων,
1761 5261 1827 5312 ἐκ
1856 5260 1966 5313 τῶν

377 5351 638 5404 ἐναντίων
666 5348 1014 5420 γνωρίζεται.
1054 5350 1265 5419 Ὠσπερ
1297 5349 1479 5401 τοίνυν
1523 5352 1582 5402 ἐν
1624 5348 1837 5413 τούτοις
1867 5345 1966 5404 οὐκ

377 5443 526 5497 ἐστιν
555 5443 730 5494 εἰπεῖν
762 5440 1058 5513 τρέφεσθαι
1107 5439 1186 5511 τῷ
1221 5440 1448 5510 ἐναντίῳ
1479 5440 1540 5494 τὸ
1571 5441 1758 5513 ἕτερον
1783 5458 1796 5470 ·
1843 5440 1968 5495 οὔτε

380 5536 491 5606 γάρ
517 5539 585 5606 τῇ
615 5535 829 5606 δαπάνῃ
852 5533 946 5588 τοῦ
977 5534 1272 5605 ἐμϐριθοῦς
1297 5534 1330 5604 ὴ
1359 5535 1416 5587 ἐν
1437 5533 1516 5604 τῷ
1545 5533 1670 5604 ἀέρι
1695 5533 1966 5605 κουφότης

383 5627 629 5692 αὒξεται,
661 5625 784 5680 οὔτε
822 5628 882 5680 τὸ
915 5624 1108 5681 ναστὸν
1137 5627 1239 5696 τῆς
1277 5628 1378 5695 γῆς
1427 5628 1642 5695 ἐνεργεῖ
1685 5626 1780 5680 τοῦ
1816 5628 1966 5681 ἀντι-

386 5718 725 5790 στοιχοῦντος
764 5721 862 5791 τὴν
893 5721 1216 5793 ἀραιότητα,
1260 5718 1383 5775 οὔτε
1417 5721 1483 5774 τά
1509 5719 1672 5776 λοιπά
1705 5721 1833 5792 περὶ
1865 5721 1967 5793 τὴν

2023 490 2171 558 quod
2220 491 2289 545 ab
2342 491 2666 552 liumiditate
2712 502 2984 548 secretum
3039 499 3144 558 est,
3191 500 3499 558 exarescat,
3550 502 3606 549 et

2023 583 2298 652 quomodo
2335 599 2460 638 cum
2501 583 2554 638 id
2575 584 2721 654 quod
2754 584 3038 638 humidum
3068 592 3172 648 est,
3202 600 3312 639 non
3369 583 3606 655 amplius

2025 673 2080 726 in
2123 674 2265 728 caeni
2301 690 2505 730 morem
2529 691 2652 730 cum
2678 683 2825 730 terra
2861 677 3186 746 permistum
3230 676 3322 737 sit,
3367 685 3607 746 recepta-

2025 764 2166 818 culis
2187 765 2517 834 quibusdam
2545 765 2800 835 cingatur
2827 780 2990 834 aqua,
3019 779 3087 818 ne
3113 772 3335 834 pr0pter
3354 774 3606 819 naturam

2025 855 2227 909 ﬂuxam
2259 856 2554 926 dispereat,
2587 856 2634 910 si
2663 855 2856 909 eﬂ'usio
2877 855 3051 924 ipsius
3076 855 3228 908 nulla
3258 870 3318 909 re
3347 868 3604 908 coercea-

2028 957 2139 1002 tur.
2178 948 2308 1002 Mihi
2341 964 2448 1002 non
2473 947 2690 1002 videtur
2728 948 2988 1012 alienum,
3017 949 3085 1000 de
3124 947 3304 1014 aquis,
3336 961 3456 1015 qua:
3511 960 3608 1000 su-

2029 1056 2125 1110 per
2155 1040 2326 1094 coalos
2361 1047 2518 1102 sunt,
2559 1040 2755 1094 iterum
2797 1040 3121 1094 mentionem
3160 1037 3358 1092 facere.
3395 1036 3527 1090 Nam
3560 1038 3608 1093 si

2028 1145 2256 1186 necesse
2318 1138 2426 1193 est,
2488 1137 2548 1182 ut
2597 1128 2684 1182 hic
2735 1137 2856 1197 apte
2906 1128 2973 1181 ad
3005 1143 3178 1198 aquas
3229 1127 3610 1196 suscipiendas

2030 1233 2175 1278 terra
2236 1223 2536 1284 formetur,
2593 1236 2714 1291 quae
2770 1221 3098 1290 quibusdam
3158 1221 3369 1275 sinibus
3419 1234 3608 1273 earum

2029 1313 2233 1369 ﬂuenta
2261 1312 2540 1375 cohibeat,
2571 1319 2892 1380 naturaeque
2923 1310 3166 1366 instabili
3196 1310 3408 1363 Iirmam
3443 1309 3612 1362 stabi-

2031 1407 2238 1461 litatem
2273 1421 2427 1460 suam
2466 1412 2747 1474 opponat:
2780 1404 2874 1474 qui
2935 1403 3052 1458 ﬂeri
3110 1411 3312 1473 potest,
3361 1411 3420 1457 ut
3463 1416 3612 1471 aqua

2031 1498 2122 1552 illa
2184 1499 2457 1567 superior,
2515 1497 2560 1552 si
2610 1511 2738 1550 vere
2771 1503 2857 1551 est
2903 1510 3066 1565 aqua,
3126 1510 3290 1564 super
3325 1510 3384 1549 re
3426 1493 3612 1548 mobili

2031 1591 2319 1657 consistat,
2362 1605 2463 1651 nec
2494 1604 2659 1659 super
2690 1603 2859 1642 curva
2890 1603 2950 1642 re
2990 1587 3183 1656 jacens
3212 1587 3563 1657 dispergatur
3591 1585 3616 1638 ?

2033 1684 2246 1738 Etenim
2283 1683 2330 1738 si
2364 1698 2525 1738 unam
2557 1689 2610 1736 et
2632 1680 2879 1736 eamdem
2908 1681 3194 1748 utriusque
3217 1690 3469 1732 naturam
3493 1693 3617 1733 esse

1966 1761 2010 1816 Β
2039 1778 2352 1843 statuimus,
2395 1776 2768 1830 necessarium
2826 1783 2932 1837 est,
2981 1781 3038 1827 ut
3077 1788 3198 1842 quae
3221 1773 3274 1825 in
3334 1772 3419 1825 his
3459 1771 3618 1840 aquis

2040 1869 2433 1938 conspicimus,
2459 1867 2648 1922 eadem
2681 1867 2865 1920 omnia
2896 1865 2964 1920 de
2989 1864 3098 1918 illis
3129 1865 3455 1932 cogitemus.
3477 1861 3619 1933 Ergo

2039 1961 2164 2017 εωιὶ
2189 1968 2338 2028 terga
2369 1959 2608 2014 dissecta
2646 1965 2796 2020 sunt,
2853 1965 3015 2027 atque
3048 1964 3308 2011 excavata
3356 1956 3411 2008 in
3447 1954 3619 2010 valles
3676 1978 3679 1981 ·

2037 2069 2224 2107 earum
2265 2052 2496 2115 similes,
2521 2067 2644 2121 qua:
2685 2059 2912 2121 propter
2941 2048 3228 2103 intervalla
3261 2047 3526 2101 montium
3560 2047 3620 2102 in

2038 2152 2184 2199 terra
2210 2155 2358 2208 sunt,
2392 2154 2452 2199 ut
2485 2145 2594 2200 illis
2618 2160 2759 2214 aqtta
2783 2149 3127 2198 coercentur.
3166 2142 3232 2194 At
3255 2141 3385 2212 quid
3413 2139 3620 2204 dicent,

2038 2237 2260 2306 quando
2288 2237 2396 2307 poli
2420 2237 2783 2291 conversione
2811 2235 2863 2289 id
2893 2233 3038 2304 quod
3056 2234 3310 2302 superius
3342 2246 3489 2286 nunc
3515 2239 3623 2298 est,

2042 2329 2274 2384 inferius
2309 2328 2421 2390 ﬂet,
2456 2328 2727 2398 poculane
2757 2328 2944 2397 aliqua
2975 2326 3032 2382 in
3078 2324 3311 2379 orbibus
3341 2324 3624 2392 excogita-

2041 2424 2198 2486 bunt,
2247 2437 2317 2476 ne
2377 2436 2520 2490 aqua
2586 2434 2856 2490 suspensa
2889 2435 2957 2473 ex
3004 2417 3154 2471 cavis
3183 2417 3400 2471 eﬂluat?
3442 2414 3625 2469 Vorax

2040 2525 2144 2581 est,
2186 2513 2465 2584 inquiunt,
2503 2513 2669 2584 ignis,
2720 2512 3062 2580 materiaque
3099 2509 3306 2579 indiget
3351 2507 3626 2561 ﬂammam

2043 2617 2307 2680 perpetuo
2357 2607 2659 2668 nutriente,
2692 2621 2762 2660 ne
2824 2601 3217 2660 succendentis
3247 2600 3628 2670 exstinguatur

2044 2701 2246 2770 inopia,
2274 2706 2328 2754 et
2353 2715 2383 2752 a
2423 2699 2721 2767 semetipso
2753 2701 3134 2751 consumatur.
3164 2693 3277 2762 Ego
3315 2708 3464 2754 vero,
3497 2691 3629 2744 licet

2045 2807 2240 2861 magna
2264 2791 2617 2863 praiceptoris
2643 2788 2818 2844 nostri
2846 2803 2952 2842 vox
2976 2787 3106 2840 huic
3138 2785 3426 2840 sententia:
3447 2782 3630 2836 favere

2043 2885 2313 2946 videatur,
2348 2885 2552 2954 rogabo
2590 2890 2772 2937 tamen
2793 2895 2910 2942 eos,
2940 2879 2994 2933 in
3035 2892 3265 2948 quorum
3289 2889 3486 2928 manus
3513 2873 3629 2926 haec

2046 2973 2361 3034 inciderint,
2419 2987 2486 3024 ne
2535 2968 2770 3041 graviter
2817 2966 3016 3031 ferant,
3064 2963 3159 3019 sed
3195 2961 3496 3031 patiantur,
3544 2972 3630 3010 me

2047 3066 2355 3119 institutum
2387 3063 2636 3118 ordinem
2667 3059 2844 3130 sequi.
2896 3055 3084 3126 Neque
3136 3053 3282 3109 enim
3341 3050 3632 3120 Opiniones

2048 3165 2291 3218 nostras,
2341 3163 2400 3209 ut
2430 3156 2606 3223 leges,
2640 3149 2984 3206 auditoribus
3031 3143 3411 3214 proponimus,
3432 3141 3524 3195 sed
3563 3155 3630 3196 ex

2048 3251 2297 3306 doctrina
2333 3249 2508 3319 ipsius
2549 3245 2898 3301 occasionem
2948 3242 3290 3310 arripientes,
3335 3240 3630 3289 consenta-

2050 3358 2212 3396 neum
2239 3339 2486 3393 ordinem
2517 3339 2811 3392 intuemur.
2839 3333 3205 3400 Quamobrem
3229 3337 3284 3382 et
3312 3328 3427 3382 haec
3457 3323 3632 3378 oratio

2050 3443 2262 3495 nostra,
2315 3433 2362 3486 si
2416 3429 2636 3500 quidem
2670 3443 2700 3481 a
2732 3427 2935 3480 decoro
2976 3439 3085 3477 non
3135 3417 3506 3478 abhorruerit,
3567 3413 3637 3468 ad

2050 3525 2172 3594 ejus
2201 3523 2523 3593 sapientiam
2560 3508 2849 3573 referetur.
2886 3515 3027 3580 Quid
3059 3515 3227 3582 igitur
3252 3509 3319 3562 ad
3379 3523 3465 3566 ea.
3514 3519 3634 3574 quat

2053 3625 2244 3670 contra
2270 3613 2618 3674 dicebantur,
2648 3603 3151 3678 respondebimus?
3201 3600 3319 3654 Non
3355 3599 3529 3652 solum
3578 3595 3636 3649 in

2054 3709 2178 3778 igne
2209 3715 2262 3758 et
2291 3720 2431 3775 aqua
2453 3702 2763 3758 contrarias
2801 3699 3096 3769 qualitates
3121 3691 3510 3765 perspicimus.
3541 3687 3637 3741 sed

2056 3801 2110 3853 in
2139 3798 2369 3867 singulis
2395 3795 2680 3850 elementis
2714 3793 2897 3846 videre
2928 3791 3053 3843 licet
3081 3785 3373 3857 quamdam
3395 3781 3626 3852 proprie-

2056 3898 2228 3943 tatum
2264 3904 2388 3942 cum
2413 3885 2681 3956 oppositis
2703 3899 2961 3954 pugnam.
2997 3875 3467 3945 Quemadmodum
3493 3873 3640 3929 enim

2057 3982 2110 4034 in
2137 3979 2425 4033 elementis
2451 3992 2572 4046 quae
2607 3973 3184 4029 commemoravimus,
3244 3967 3520 4021 contraria
3553 3975 3638 4020 est

2058 4069 2340 4140 frigiditati
2360 4067 2638 4130 caliditas,
2662 4065 2882 4118 siccitas
2915 4060 3249 4123 humiditati,
3275 4058 3355 4112 sic
3379 4057 3434 4112 in
3467 4055 3640 4110 altera

2057 4164 2454 4218 elementorum
2490 4156 2837 4227 oppositione
2883 4152 3179 4207 contraria:
3229 4157 3358 4205 sunt
3410 4149 3556 4202 inter
3583 4163 3642 4201 se

2058 4257 2373 4326 qualitates.
2401 4250 2676 4311 soliditas,
2703 4257 2758 4303 et
2781 4247 3001 4307 raritas,
3036 4244 3238 4298 duritia
3279 4249 3334 4295 et
3385 4239 3639 4297 mollitia.

2058 4347 2297 4418 gravitas
2351 4352 2405 4398 et
2451 4343 2640 4396 levitas
2686 4359 2697 4392 :
2747 4347 2802 4394 et
2849 4340 2894 4395 si
2953 4337 3083 4408 quid
3134 4333 3282 4388 aliud
3335 4335 3391 4387 in
3445 4333 3642 4385 horum

1990 4465 2035 4518 ι)
2065 4450 2298 4506 utroque
2337 4434 2648 4506 proprium,
2686 4431 2843 4486 alteri
2883 4430 3219 4485 contrarium
3266 4424 3640 4494 cognoscitur.

2064 4534 2136 4588 Ut
2169 4533 2333 4602 igitur
2381 4531 2435 4582 in
2463 4527 2547 4592 Itis
2583 4525 2766 4580 dicere
2794 4539 2904 4577 non
2946 4536 3272 4594 possumus.
3307 4517 3644 4572 contrarium

2065 4642 2231 4680 unum
2264 4625 2436 4676 altero
2464 4619 2746 4674 contrario
2785 4616 3010 4680 nutriri,
3047 4630 3148 4669 nec
3187 4611 3474 4681 gravitatis
3512 4623 3637 4661 con-

2065 4715 2376 4782 sumptiotte
2406 4709 2548 4764 acris
2573 4708 2847 4762 levitatem
2878 4703 3086 4773 augeri,
3121 4717 3294 4770 neque
3327 4707 3486 4753 terra:
3515 4697 3650 4749 den-

2066 4807 2282 4859 sitatem
2325 4799 2560 4872 oppositi
2607 4796 2860 4852 elementi
2929 4793 3208 4846 raritatem
3259 4789 3492 4853 eﬂicere,
3555 4794 3648 4840 aut

2066 4895 2305 4963 reliquas
2343 4893 2464 4959 ejus
2503 4888 2864 4958 pmprietates
2918 4884 3063 4938 alere
3093 4896 3284 4936 aereas
3311 4878 3643 4950 qualitates:

2067 4991 2170 5050 sic,
2208 4982 2663 5054 inqu'ietaliquis,
2705 4979 2959 5049 frigidum
3023 4974 3240 5046 quidem
3274 4981 3328 5027 et
3362 4971 3649 5025 humidum

2067 5080 2246 5136 calido
2293 5085 2348 5132 et
2386 5077 2533 5131 sicco
2564 5089 2690 5128 esse
2729 5071 3030 5134 contraria,
3093 5083 3204 5122 non
3244 5075 3423 5119 tamen
3463 5064 3644 5132 sequi,

2068 5172 2127 5226 ut
2157 5178 2348 5226 mutuo
2380 5169 2521 5222 inter
2551 5181 2610 5220 se
2645 5163 2869 5218 interitu
2901 5159 3237 5219 nutriantur,
3278 5170 3456 5225 neque
3487 5170 3554 5209 ex
3583 5169 3652 5206 eo

2067 5263 2210 5331 quod
2237 5261 2464 5313 alterum
2489 5271 2597 5310 non
2625 5255 2717 5316 sit,
2746 5253 2975 5307 alterum
3001 5264 3144 5304 esse.
3173 5245 3288 5300 Hoc
3315 5245 3462 5301 enim
3488 5250 3650 5314 pacto

2067 5361 2324 5408 neutrum
2377 5347 2727 5407 consisteret,
2785 5346 2832 5397 si
2876 5343 3164 5409 utriusque
3200 5337 3286 5391 vis
3333 5337 3390 5390 in
3421 5335 3652 5389 alterius

2068 5445 2291 5501 interitu
2337 5440 2441 5495 sita
2486 5438 2664 5492 foret:
2721 5449 2822 5504 par
2859 5434 3005 5488 enim
3049 5432 3105 5485 in
3144 5436 3377 5498 utroque
3403 5442 3649 5483 corrum-

2069 5536 2231 5607 pendi
2265 5534 2496 5586 alterum
2523 5532 2767 5598 potestas
2796 5531 2900 5586 est,
2932 5529 2986 5576 et
3017 5536 3233 5590 semper
3263 5515 3654 5586 exauperantis

2071 5627 2312 5702 potentia
2359 5622 2486 5678 victi
2546 5617 2816 5690 pernicies
2877 5614 3144 5674 nascitur,
3218 5611 3382 5680 idque
3437 5608 3650 5678 experi-

2074 5700 2257 5776 mento
2282 5714 2655 5772 conﬁrmatur.
2704 5709 2762 5764 Si
2794 5705 3078 5762 materiam
3111 5701 3351 5772 aliquam
3384 5700 3528 5769 ignis
3551 5711 3649 5767 ap-
