3880 6218
141 285 201 342 9|
1398 286 1454 340 s.
1497 285 1823 344 cneconu
1864 285 2157 343 NYSSENI
2200 255 2203 258 ’
2794 312 2796 319 ι
3357 281 3433 338 aa

151 401 522 468 prehenderit,
549 395 748 458 deinde
771 416 912 472 aqua
943 399 1291 471 conjiciatur,
1322 410 1574 456 mutuum
1605 403 1737 457 utri—
1762 448 1772 467 ι

1876 402 1942 471 ἧν
1975 400 2276 470 ἰδιώματα,
2327 397 2416 451 διὰ
2443 397 2547 468 τῆς
2580 395 2792 450 ἑαυτῶν
2837 394 3084 466 δαπάνης
3116 393 3305 465 τρέφει
3331 399 3438 462 τὰς

151 510 327 566 usque
368 494 682 552 videbimus
725 495 976 551 exitium.
1031 494 1188 561 Quod
1235 494 1378 550 enim
1417 495 1472 548 in
1502 504 1736 564 utroque

1877 496 2056 566 ερίους
2101 495 2392 564 ποιότητας
2425 510 2439 524 °
2486 492 2662 556 οὕτως
2696 492 2839 544 εἴποι
2871 508 2955 554 τις
3003 489 3071 544 ἂν
3100 489 3158 556 ἐξ
3191 490 3439 545 ἐναντίου

152 585 493 652 dominatur,
534 586 769 641 alterum
805 586 1000 657 perdit,
1028 601 1151 641 cum
1183 593 1478 656 utrumque
1512 587 1738 641 alterius

153 675 410 746 potentiae
468 681 756 747 superanti
806 678 1010 748 pariter
1054 676 1235 731 cedat.
1283 676 1538 744 Quandiu
1592 679 1736 733 enim

153 765 382 837 :equalis
415 776 500 823 est
523 770 814 839 utriusque
843 770 925 826 vis
955 778 1168 832 mutua,
1202 772 1461 840 utrinque
1494 778 1740 824 tentatur

158 858 496 924 internecio;
545 868 600 914 et
642 869 894 916 neutrum
947 862 1117 916 altero
1149 862 1314 916 alitur
1343 873 1436 919 aut
1477 864 1738 928 nutritur,

158 941 255 1004 sed
295 957 593 1020 utrumque
626 951 791 1005 simul
830 953 1076 1008 vicissim
1107 953 1340 1010 deletur.
1379 956 1450 1011 Ut
1475 970 1570 1011 eas
1599 955 1744 1011 feras

158 1055 269 1094 non
296 1040 544 1096 dicemus
572 1051 818 1096 mutuam
853 1043 958 1098 sibi
997 1044 1214 1100 vivendi
1254 1045 1569 1102 facultatem
1603 1061 1743 1116 pra:-

158 1128 311 1194 bere,
344 1144 467 1201 qua:
493 1145 616 1186 sese
644 1132 888 1187 vicissim
917 1133 1219 1189 devorant:
1255 1137 1335 1190 sic
1373 1137 1656 1192 humidum
1687 1145 1742 1193 et

161 1221 372 1276 siccum
434 1222 511 1277 ita
550 1227 829 1279 contraria
883 1234 1033 1292 sunt,
1087 1236 1148 1282 ut
1184 1237 1440 1284 neutrum
1471 1230 1540 1285 ab
1569 1231 1743 1286 altero

161 1321 540 1382 conservetur,
595 1317 643 1371 si
697 1333 866 1371 unum
912 1318 1142 1375 alterius
1186 1320 1412 1374 interitu
1449 1322 1741 1376 nutriatur.

163 1405 531 1472 Quamobrem
562 1407 696 1465 mihi
731 1407 908 1479 magis
939 1419 1369 1466 consentaneum
1404 1412 1636 1476 videtur,
1688 1420 1749 1466 ut

164 1496 240 1551 ita
264 1505 596 1563 statuamus,
619 1502 878 1570 quoniam
907 1505 1090 1558 omnia
1113 1520 1235 1574 quae
1259 1504 1400 1561 Deus
1427 1506 1574 1568 fecit,
1593 1505 1765 1579 valde

164 1589 304 1643 bona
335 1590 672 1661 pulchraque
707 1601 856 1661 sunt,
881 1594 936 1648 in
967 1596 1198 1666 singulis
1228 1596 1426 1667 inspici
1449 1597 1752 1666 pulchritu-

1843 589 1940 657 μὲν
1968 585 2107 640 εἶναι
2150 586 2211 640 τὸ
2245 587 2411 657 ὑγρόν
2439 603 2498 639 τε
2545 586 2640 638 καί
2685 584 2930 656 ψυχρὸν,
2975 582 3054 653 τῷ
3105 582 3295 655 θερμῷ
3338 586 3439 645 καὶ

1841 677 2028 749 ξηρῷ,
2082 677 2157 749 μὴ
2207 679 2389 748 μέντοι
2436 677 2734 749 τρέφεσθαι
2791 675 2965 730 ταῦτα
3017 678 3137 740 ταῖς
3191 673 3440 748 ἀλλήλων

1843 771 2070 842 φθοραῖς
2095 813 2108 836 ,
2173 759 2311 842 μηδὲ
2370 771 2469 841 τὴν
2537 769 2631 824 τοῦ
2694 765 2836 823 εἶναι
2907 767 3113 822 τούτων
3177 769 3442 840 ἑκάτερον

1844 862 2094 933 δύναμιν,
2143 864 2201 914 ἐν
2229 862 2306 934 τῷ
2343 863 2416 934 μὴ
2449 858 2589 916 εἶναι
2616 861 2678 914 τὺ
2708 862 2895 929 ἕτερον
2926 860 3095 931 ἔχειν.
3141 860 3298 913 Οὕτω
3327 861 3443 933 γὰρ

1847 956 1914 1009 ἂν
1941 957 2225 1028 οὐθέτερον
2259 957 2343 1027 εἰη
2365 997 2379 1017 ,
2429 957 2586 1025 εἰπερ
2614 954 2648 1023 ἡ
2678 954 2907 1026 διαμονὴ
2932 953 3246 1025 ἀμφοτέρου
3279 956 3337 1006 ἑν
3367 957 3438 1026 τῇ

1848 1047 1957 1101 τῶν
1979 1048 2073 1102 δύο
2102 1049 2279 1120 φθορᾷ
2306 1049 2404 1119 τὴν
2419 1046 2648 1117 δύναμιν
2673 1047 2786 1118 ἑχοι
2803 1065 2818 1078 ·
2854 1045 2942 1116 ἴση
2961 1047 3072 1118 γὰρ
3096 1046 3154 1100 ἑν
3171 1045 3438 1116 ἑκάστῳὴ

1850 1139 1944 1194 τοῦ
1972 1141 2213 1214 φθείρειν
2238 1140 2301 1194 τὸ
2328 1141 2513 1211 ἕτερον
2541 1138 2790 1208 δύναμις,
2820 1139 2914 1191 καὶ
2947 1138 3035 1191 ἀεὶ
3071 1137 3443 1192 καταπλεονά-

1855 1235 1964 1300 ζων
1994 1233 2088 1287 τοῦ
2138 1233 2560 1304 ἐπικρατοῦντος
2586 1233 2616 1284 ό
2647 1229 2955 1300 ἀφανισμὸς
2982 1227 3078 1282 τοῦ
3115 1229 3442 1300 λειπομένου

1856 1329 2102 1397 γίνεται·
2151 1326 2247 1379 καὶ
2271 1325 2353 1378 ὅτι
2384 1323 2591 1394 ἀληθὴς
2623 1323 2652 1374 ό
2683 1322 2865 1390 λόγος,
2897 1320 2958 1386 ἑξ
2999 1320 3173 1392 αὐτῆς
3198 1319 3315 1372 ἑστι
3342 1319 3448 1389 τῆς

1857 1423 2056 1492 πείρας
2098 1417 2256 1471 τοῦτο
2293 1417 2505 1488 μαθεῖν.
2553 1416 2722 1469 Ὅταν
2753 1417 2862 1487 γάρ
2889 1431 3037 1476 τινος
3065 1412 3197 1484 ὐλης
3242 1413 3304 1465 τὸ
3334 1412 3462 1482 πῦρ.

1859 1509 2273 1583 περιδράξηται,
2322 1503 2440 1560 εἶτα
2488 1506 2703 1577 ἑπαχθῇ
2745 1506 2805 1560 τὸ
2844 1505 3008 1576 ὕδωρ,
3057 1503 3246 1573 σαφῶς
3297 1502 3447 1556 ἔστιν

1862 1607 1991 1659 ἰδεῖν
2009 1605 2118 1658 τῶν
2144 1603 2236 1656 δύο
2263 1601 2466 1655 τούτων
2489 1600 2588 1672 τὴν
2614 1603 2671 1652 ἑν
2697 1599 2950 1670 ἀλλήλοις
2978 1597 3187 1668 φθοράν
3208 1613 3222 1627 ο
3255 1595 3316 1648 τὸ
3340 1595 3446 1666 γὰρ

164 1677 311 1734 diuis
357 1679 753 1750 perfectionem
797 1693 1078 1755 oportere.
1133 1686 1353 1740 Additio
1403 1688 1548 1741 enim
1603 1687 1753 1740 illius

1876 1698 2190 1771 επικρατοῦν
2245 1699 2304 1750 ἑν
2346 1695 2556 1758 τούτοις
2602 1693 2853 1762 ἀφανίζει
2913 1692 2976 1745 τὺ
3030 1691 3261 1760 ἓτερον,
3320 1688 3449 1752 ῐσως

168 1769 452 1842 particulae
484 1769 676 1834 Valde,
717 1774 1187 1844 significationem
1236 1775 1491 1840 intendit,
1527 1790 1759 1842 eamque

1876 1790 2101 1852 εἴκοντος
2130 1787 2394 1858 ἑκατέρου
2430 1788 2496 1857 τῇ
2544 1783 2836 1854 δυναστείᾳ
2886 1782 2982 1835 τοῦ
3029 1779 3446 1852 πλησιάζοντος.

168 1861 558 1936 perfectionem
586 1866 674 1920 cui
722 1867 862 1922 nihil
901 1864 1067 1931 desit,
1119 1870 1279 1938 plane
1319 1868 1590 1924 declarat.
1622 1867 1758 1922 Nam

175 1961 233 2007 ut
274 1953 330 2011 in
380 1954 698 2010 animalium
750 1973 970 2029 genere,
1010 1961 1267 2028 quamvis
1330 1961 1761 2016 innumerabiles

172 2045 508 2104 differentias
533 2063 850 2116 cernamus,
894 2052 1135 2122 generali
1167 2060 1352 2107 tamen
1383 2069 1568 2109 rerum
1611 2068 1762 2107 com-

172 2138 526 2195 mendatione
571 2141 866 2198 convenire
915 2142 1171 2208 dicimus,
1227 2154 1284 2199 ut
1331 2144 1764 2215 unumquodque

175 2229 468 2301 pulchrum
506 2246 631 2288 esse
675 2234 911 2288 dicatur.
954 2234 1086 2302 Qua:
1125 2244 1308 2292 tamen
1367 2239 1486 2294 laus
1526 2247 1582 2293 et
1609 2254 1763 2293 com-

176 2320 458 2377 mendatio
492 2339 604 2379 non
637 2325 873 2381 refertur
912 2328 978 2380 ad
1007 2329 1394 2399 eamspeciem
1424 2337 1489 2385 et.
1509 2329 1763 2396 formam,

177 2429 301 2482 qua:
329 2415 690 2486 conspicitur.
722 2418 942 2488 Alioqui
986 2435 1088 2474 nec
1117 2421 1500 2491 scolopendra,
1533 2438 1636 2478 nec
1664 2431 1769 2478 ter-

181 2505 380 2561 restris
412 2521 569 2574 rana,
603 2524 706 2565 nec
739 2526 861 2580 qua:
885 2527 950 2566 ex
982 2512 1124 2582 putri
1157 2513 1385 2568 materia
1415 2523 1766 2585 generantur,

177 2599 438 2653 animalia
489 2607 674 2656 essent
718 2601 876 2657 valde
930 2603 1180 2673 pulchra.
1233 2603 1351 2658 Non
1395 2607 1539 2660 enim
1588 2623 1769 2662 rerum

181 2692 423 2760 speciem
457 2692 680 2750 divinus
731 2696 926 2752 oculus
958 2696 1224 2761 intuetur,
1278 2714 1379 2753 nec
1408 2698 1641 2769 quadam
1677 2715 1771 2754 co-

182 2785 337 2852 loris,
375 2786 675 2861 formaeque
707 2792 1043 2861 praestantia,
1096 2793 1450 2862 pulchritudo
1487 2795 1769 2861 definitur,

181 2878 278 2932 sed
301 2894 388 2944 eo,
419 2879 564 2950 quod
601 2882 839 2952 singula,
869 2892 1144 2953 quatenus
1171 2891 1323 2948 sunt,
1358 2892 1612 2938 naturam
1650 2900 1775 2954 per-

183 2969 382 3026 fectam
413 2972 636 3029 habent.
669 2973 789 3030 Non
822 2976 966 3030 enim
1001 2976 1057 3030 in
1080 2991 1146 3030 eo
1171 2977 1339 3032 situm
1371 2985 1478 3040 est,
1507 2986 1566 3030 ut
1599 2993 1775 3047 equus

185 3061 282 3129 sit,
307 3064 456 3136 quod
481 3064 582 3120 bos
613 3082 723 3122 non
748 3067 840 3131 sit,
871 3077 967 3122 aut
993 3077 1218 3137 contra;
1250 3068 1342 3124 sed
1363 3071 1506 3139 quod
1538 3070 1593 3123 in
1626 3078 1776 3124 utro-

1864 1883 2008 1945 Ἕως
2048 1881 2092 1933 δ’
2125 1880 2189 1933 ἂν
2223 1878 2510 1950 ἰσόρροπος
2555 1878 2612 1930 ἑν
2658 1874 2992 1946 ἀμφοτέροις
3037 1875 3070 1944 ὴ
3117 1871 3370 1941 δύναμις,
3415 1869 3449 1939 ἢ

1862 1973 2064 2044 ὁμοίως
2131 1971 2263 2042 παρ’
2331 1968 2659 2039 ἀμφοτέρων
2733 1965 2987 2034 ἀλλήλοις
3055 1965 3084 2016 ὁ
3146 1958 3453 2030 ἀφανισμός

1866 2066 2191 2136 ἐνεργεῖται,
2223 2061 2317 2115 καὶ
2343 2061 2626 2131 οὐθέτερον
2665 2057 2743 2128 τῷ
2791 2057 2964 2127 ἑτέρῳ
2994 2053 3274 2125 τρέφεται,
3321 2049 3465 2104 ἀλλὰ·

1863 2157 1934 2210 τὰ
1977 2157 2070 2210 δύο
2113 2155 2363 2225 ἀλλήλοις
2393 2151 2794 2220 ἑναφανίζεται.
2849 2149 2938 2211 Ὠς
2989 2147 3168 2200 τοίνυν
3210 2145 3304 2196 ἐπὶ
3349 2141 3457 2194 τῶν

1866 2246 2380 2318 ἀλληλοφαγούντων
2411 2244 2615 2314 θηρίων
2649 2244 2748 2294 οὐκ
2785 2241 2896 2311 ἔχει
2931 2237 3125 2307 φύσιν,
3170 2236 3460 2306 ἀμφότερα

1867 2341 1933 2395 δι’
1962 2339 2208 2410 ἀλλήλων
2236 2339 2356 2409 ζῇν,
2387 2337 2456 2390 τὰ
2491 2338 2580 2389 ὐπ’
2617 2334 2862 2404 ἀλλήλων
2891 2330 3227 2401 φθειρόμενα
3261 2344 3278 2360 ο
3318 2327 3462 2380 οῧτω

1869 2433 1964 2486 καὶ
1993 2434 2025 2503 ἡ
2061 2430 2154 2484 τοῦ
2181 2427 2348 2500 ὑγροῦ
2377 2428 2513 2498 πρὸς
2538 2428 2600 2479 τὸ
2624 2425 2788 2496 ξηρὸν
2813 2423 3150 2485 ἐναντίωσις,
3177 2418 3476 2488 οὐθέτερον.

1869 2525 1936 2578 ἂν
1970 2527 2027 2577 ἑν
2055 2523 2133 2593 τῷ
2162 2517 2300 2575 εἶναι
2333 2520 2632 2588 φυλάσσοι,
2677 2518 2835 2588 εἴπερ
2874 2515 2908 2585 ὴ
2953 2513 3050 2566 τοῦ
3081 2512 3270 2582 ἑτέρου
3304 2507 3460 2562 ἀπώ-

1870 2617 1991 2669 λεια
2036 2615 2223 2686 τρέφοι
2253 2615 2312 2666 τὸ
2350 2614 2556 2684 ἕτερον.
2621 2609 2782 2663 Ἀλλά
2813 2624 2904 2679 μοι
2935 2606 3085 2659 δοκεῖ
3112 2602 3294 2665 καλῶς
3323 2601 3465 2672 ἔχειν

1871 2708 2044 2771 οῦτως
2067 2707 2132 2761 ἂν
2154 2706 2354 2778 μᾶλλον
2381 2706 2512 2776 ἡμῖν
2539 2702 2680 2756 κατὰ
2699 2701 2759 2754 τὺ
2785 2697 3078 2754 ἀκόλουθον
3101 2694 3466 2764 διαληφθῆναι

1873 2801 1965 2854 τὸν
1993 2799 2150 2868 λόγον
2174 2815 2186 2828 ·
2229 2795 2416 2867 ἐπειδὴ
2455 2798 2634 2849 πάντα
2663 2793 2765 2847 ὅσα
2795 2790 3052 2861 ἐποίησεν
3085 2790 3113 2842 ό
3141 2787 3296 2850 Θεὸς,
3329 2782 3482 2838 καλὰ-

1875 2891 1994 2944 λίαν
2026 2891 2194 2956 ἐστὶν,
2235 2889 2451 2958 ἑκάστῳ
2482 2885 2627 2958 φημὶ
2672 2885 2782 2938 δεῖν
2827 2882 2939 2936 τῶν
2972 2880 3142 2934 ὄντων
3182 2877 3471 2946 ἑνθεωρεῖ-

1879 2983 2002 3036 σθαι
2033 2983 2134 3052 τὴν
2181 2981 2274 3034 τοῦ
2311 2978 2478 3033 καλοῦ
2521 2977 2859 3048 τελειότητα.
2921 2974 2989 3028 Ἦ
3039 2971 3148 3043 γὰρ
3188 2969 3284 3023 τοῦ
3329 2967 3474 3022 λίαν

1880 3071 2164 3144 προσθήκη
2189 3109 2205 3134 ,
2255 3069 2342 3122 διὰ
2368 3069 2468 3140 τῆς
2498 3065 2823 3135 ἑπιτατικῆς
2853 3061 3131 3135 σημασίας
3167 3056 3353 3126 σαφῶς
3383 3056 3472 3108 ὲν-

185 3169 294 3224 que
314 3171 505 3211 eorum
538 3172 600 3214 se
633 3157 808 3228 ipsam
850 3167 1052 3214 natura.
1072 3172 1380 3225 conservat,
1415 3162 1772 3232 propriasque

1879 3159 2224 3216 δείκνυταιτδ
2245 3159 2556 3221 ἀνελλειπὲς
2578 3159 2658 3221 εἰς
2679 3155 2975 3210 τελείωσιν.
2991 3153 3081 3215 Ὠς
3096 3150 3204 3220 γὰρ
3224 3149 3282 3201 ὲν
3299 3148 3363 3217 τῇ
3382 3161 3476 3213 γε-

187 3247 256 3302 ad
297 3249 656 3307 stabilitatem
695 3267 852 3306 suam
905 3251 1117 3307 obtinet
1163 3251 1474 3319 facultates,
1517 3269 1620 3308 nec
1651 3269 1772 3309 cor-

1881 3257 2028 3311 νέσει
2059 3255 2167 3309 τῶν
2191 3253 2346 3318 ζώων
2379 3251 2578 3323 μυρίας
2617 3251 2715 3322 μὲν
2758 3248 2873 3301 ἑστι
2904 3243 3169 3316 διαφορὰς
3207 3242 3334 3295 ἰδεῖν
3367 3236 3476 3291 τῶν

194 3341 505 3410 rumpendi,
533 3343 629 3398 sed
661 3343 1027 3399 conservandi
1059 3345 1166 3398 vim
1196 3344 1384 3400 habet.

1885 3351 1941 3400 ἑν
1975 3346 2182 3409 τούτοις
2226 3345 2434 3414 γενῶν,
2483 3343 2560 3414 τῷ
2613 3342 2670 3394 δὲ
2713 3336 2988 3408 καθολικῷ
3033 3336 3178 3406 λόγῳ
3222 3333 3320 3402 τῆς
3365 3327 3477 3382 τῶν

187 3432 359 3489 ὄντων
405 3435 680 3507 ἀποδοχῆς
723 3436 986 3507 ἁρμόζειν
1026 3436 1112 3504 ἐφ’
1141 3437 1372 3490 ἑκάστου
1405 3437 1603 3506 φαμὲν,
1650 3439 1792 3493 κατὰ
1821 3441 1880 3494 τὸ
1910 3436 2027 3493 ἴσον
2073 3439 2134 3491 τὺ
2168 3438 2329 3491 καλὸν
2363 3432 2501 3490 εἶναι
2539 3435 2658 3489 λίαν
2687 3451 2700 3465 ⁸
2746 3433 2807 3488 οὐ
2855 3433 2963 3504 μὴν
3011 3431 3147 3502 πρὸς
3194 3427 3256 3480 τὸ
3295 3419 3480 3493 φαινό-

195 3544 356 3599 μενον
400 3526 500 3598 τὴν
539 3528 815 3600 ἀποδοχὴν
858 3524 1018 3593 εἶναι,
1053 3529 1086 3599 ἢ
1137 3527 1204 3582 ἂν
1235 3530 1328 3581 καὶ
1359 3530 1392 3599 ἡ
1427 3529 1812 3602 σκολόπενδραι,
1845 3534 1939 3585 καὶ
1983 3535 2011 3585 ὁ
2043 3533 2294 3602 χερσαῖος
2325 3528 2614 3598 βάτραχος,
2644 3527 2738 3580 καί
2769 3524 2838 3578 τὰ
2881 3526 2944 3576 ὲκ
2972 3523 3074 3592 τῆς
3116 3519 3331 3591 σήψεως
3369 3515 3478 3569 τῶν

194 3620 473 3693 βορϐόρων
512 3621 946 3692 ζωογονούμενα,
983 3621 1096 3692 ἔχοι
1137 3622 1199 3676 τὸ
1232 3621 1351 3676 λίαν
1404 3623 1574 3677 καλά’
1605 3624 1718 3677 ἁλλ’
1753 3626 1812 3679 οὐ
1855 3627 1990 3698 πρὸς
2021 3625 2118 3696 τὴν
2150 3623 2299 3695 ὥραν
2329 3623 2438 3676 τῶν
2470 3619 2770 3690 γεγονότων
2811 3619 2840 3670 ό
2886 3617 3027 3679 θεῖος
3055 3611 3330 3682 ὀφθαλμὸς
3360 3607 3482 3679 βλέ·

194 3737 333 3784 πων,
362 3721 421 3772 ὲν
443 3719 666 3791 εὐχροίᾳ
693 3721 800 3772 τινὶ
825 3720 918 3773 καὶ
944 3720 1219 3791 εὐμορφίᾳ
1260 3719 1320 3772 τὸ
1367 3721 1530 3774 καλὸν
1579 3722 1840 3791 ὁρίζεται,
1881 3725 1994 3778 ἀλλ⁸
2026 3726 2082 3776 ἑν
2115 3722 2192 3792 τῷ
2223 3721 2490 3784 ἑκαστον,
2553 3717 2689 3770 καθὸ
2732 3715 2844 3768 ἔστι
2873 3753 2885 3777 ,
2936 3711 3147 3764 τελείαν
3196 3709 3254 3759 ἑν
3301 3702 3480 3772 ἑαυτῷ

196 3812 342 3884 ἔχειν
375 3812 474 3884 τὴν
517 3812 716 3882 φύσινο
773 3813 834 3865 οὐ
879 3811 988 3884 γὰρ
1021 3815 1078 3866 ἐν
1123 3813 1202 3884 τῷ
1232 3813 1358 3883 βοῦν
1409 3813 1483 3883 μὴ
1534 3809 1696 3877 εἶναι,
1746 3816 1838 3869 τὸν
1888 3818 2052 3870 ἵππον
2096 3815 2241 3867 ἔστιν
2281 3809 2441 3878 εἶναι,
2489 3807 2604 3862 ἀλλ’
2647 3808 2704 3859 ἑν
2750 3805 2966 3873 ἑκάστῳ
2993 3800 3198 3853 τούτων
3227 3793 3482 3864 συντηρεῖ

198 3904 397 3974 ἑαυτὴν
421 3905 455 3974 ι)
489 3901 672 3972 φύσις,
709 3901 844 3966 ἰδίας
875 3901 1128 3973 ἀφορμὰς
1163 3902 1301 3973 πρὸς
1339 3902 1437 3973 τὴν
1489 3902 1623 3956 ἰδίαν
1673 3903 1932 3977 διαμονὴν
1959 3905 2290 3975 κεκτημένη,
2321 3903 2422 3954 οὐκ
2451 3903 2506 3953 ἐν
2534 3899 2709 3970 φθορᾷ
2739 3896 2840 3966 τῆς
2871 3893 3106 3964 φύσεως,
3140 3887 3252 3942 ἀλλ’
3276 3889 3353 3948 εἰς
3381 3884 3481 3954 τὴν

197 3994 294 4052 τοῦ
321 3990 458 4048 εἶναι
483 3993 710 4064 δύναμιν
737 3993 954 4064 ἔχουσα.

275 4087 369 4143 Sic
400 4087 564 4142 etiam
591 4087 882 4152 elementa,
925 4087 1053 4142 licet
1088 4087 1244 4144 aliter
1283 4087 1426 4142 inter
1447 4103 1506 4142 se
1533 4087 1789 4153 habeant,

206 4180 422 4251 singula
461 4188 643 4236 tamen
690 4181 747 4234 in
791 4196 851 4237 se
907 4181 1067 4237 valde
1114 4192 1245 4236 sunt
1283 4181 1531 4252 pulchra.
1564 4179 1793 4250 Propria

205 4273 354 4326 enim
387 4273 818 4343 unumquodque
846 4273 1057 4328 ratione
1081 4273 1414 4343 completum
1446 4280 1530 4327 est
1560 4271 1794 4342 pulchri-

207 4361 422 4418 tudine.
441 4361 679 4416 Pulcbra
705 4371 789 4418 est
809 4370 974 4428 terra,
997 4362 1200 4433 quippe
1225 4379 1346 4432 qua:
1375 4378 1482 4417 non
1503 4370 1624 4433 eget
1654 4363 1795 4417 aeris

1951 4085 2110 4140 Οῦτω
2136 4083 2240 4137 κᾶν
2269 4081 2469 4151 ἑτέρως
2493 4077 2604 4149 ἔχοι
2628 4075 2698 4128 τὰ
2718 4074 2955 4144 στοιχεῖα
2966 4070 3102 4141 πρὸς
3119 4067 3345 4139 ἄλληλα,
3367 4066 3481 4120 ἀλλ’

1890 4175 1983 4232 οῦν
2015 4179 2098 4245 ἐφ’
2133 4172 2326 4228 ἑαυτοῦ
2355 4173 2586 4224 ἑκαστον
2613 4165 2779 4221 καλόν
2806 4167 2920 4217 ἑστι
2953 4162 3096 4214 λίαν.
3140 4161 3255 4228 Ἐφ’
3287 4157 3490 4214 ἑαυτοῦ,

1892 4271 2001 4342 γὰρ
2034 4267 2172 4322 κατὰ
2182 4266 2273 4320 τὸν
2292 4265 2420 4317 ἴδιον
2435 4262 2591 4330 λόγον
2625 4262 2682 4312 ἑν
2700 4257 2778 4328 τῷ
2803 4253 2950 4324 καλῷ
2991 4249 3478 4342 συμπεπλήρωται.

1893 4340 2070 4418 καλὸν
2101 4364 2246 4415 ἑστιν
2265 4360 2298 4423 ἡ
2323 4358 2416 4427 γῆο
2440 4356 2500 4408 οὐ
2516 4355 2624 4424 γὰρ
2644 4351 2740 4421 τῆς
2767 4347 3044 4409 ἀπωλείας
3061 4343 3152 4397 τοῦ
3171 4344 3330 4413 ἀέρος
3345 4340 3483 4411 χρῄ-

210 4456 460 4520 interitu,
496 4461 556 4508 ut
581 4462 727 4510 terra
757 4455 851 4519 sit,
890 4455 985 4510 sed
1019 4455 1255 4509 naturali
1286 4455 1388 4510 sibi
1425 4470 1452 4508 a
1487 4453 1597 4509 Deo
1629 4455 1772 4509 insit:

1898 4456 1980 4519 ζει
2006 4453 2140 4526 πρὸς
2151 4452 2213 4504 τὸ
2234 4445 2372 4504 εἶναι
2389 4447 2482 4518 γῆ,
2503 4445 2637 4500 ἀλλὰ
2656 4443 2805 4514 μένει
2827 4442 2884 4494 ἑν
2900 4442 3020 4502 ταῖς
3041 4437 3197 4499 ἰδίαις
3213 4435 3482 4505 ποιότησι,

211 4554 482 4617 potestate
515 4561 639 4602 sese
670 4561 1034 4610 conservans,
1068 4546 1124 4600 in
1167 4546 1406 4616 propriis
1435 4546 1794 4616 qualitatibus

215 4646 420 4695 manet.
453 4636 689 4694 Pulcher
724 4645 809 4694 est
841 4653 956 4702 aer,
989 4653 1098 4693 non
1117 4653 1189 4692 ex
1225 4653 1290 4693 eo
1317 4637 1462 4708 quod
1494 4645 1641 4693 terra
1685 4652 1796 4691 non

217 4731 312 4797 sit,
361 4729 456 4786 sed
483 4730 630 4802 quod
660 4731 777 4800 ipse
823 4737 929 4794 est,
976 4744 1146 4802 seque
1187 4741 1397 4786 natura
1440 4745 1555 4786 sum
1589 4730 1799 4785 viribus

217 4832 515 4882 sustentat.
585 4823 677 4881 Sic
725 4824 891 4878 etiam
935 4839 1076 4894 aqua
1122 4831 1206 4878 est
1249 4823 1409 4879 valde
1455 4823 1706 4894 pulchra,
1745 4830 1801 4878 et

220 4916 361 4987 ignis
396 4916 624 4986 pulcher
647 4923 734 4972 est
754 4915 930 4981 valde,
961 4923 1014 4970 et
1043 4915 1282 4985 propriis
1310 4923 1540 4985 uterque
1569 4917 1801 4986 qualita-

220 5010 369 5064 tibus
397 5009 704 5074 absolutus,
744 5011 800 5062 in
831 5023 895 5064 ea
936 5024 1195 5064 mensura
1224 5023 1333 5078 qua
1365 5009 1598 5078 primum
1635 5024 1802 5080 gene-

222 5111 377 5156 ratus
412 5109 522 5168 est,
574 5100 774 5156 divinae
815 5101 1117 5156 voluntatis
1146 5101 1348 5155 virtute
1385 5110 1645 5172 perpetuo
1674 5115 1806 5155 eou—

223 5201 496 5250 scrvatur.
559 5192 790 5258 «Terra,
849 5194 1074 5265 inquit,
1122 5192 1176 5246 in
1211 5201 1472 5246 aaternum
1513 5197 1622 5245 stat
1646 5189 1690 5220 ³⁷
1723 5205 1736 5242 :
1775 5205 1796 5240 ι

220 5304 332 5344 no
383 5285 742 5354 imminuitur,
774 5301 884 5340 non
914 5293 1173 5357 augetur:
1211 5299 1304 5339 aer
1334 5283 1388 5338 in
1424 5283 1659 5353 propriis
1689 5297 1802 5338 ser-

227 5389 389 5434 vatur
423 5377 703 5446 terminis;
732 5377 876 5449 ignis
904 5393 1013 5432 non
1047 5379 1332 5433 minuitur.
1366 5375 1614 5441 Quonam
1643 5374 1808 5446 igitur

228 5478 388 5540 pacto
421 5483 561 5538 aqua
609 5469 726 5526 8012
765 5483 829 5524 ex
859 5483 1046 5524 eorum
1081 5485 1281 5540 genere
1307 5476 1409 5532 est,
1453 5481 1574 5537 qua:
1607 5481 1808 5520 (5011811-

233 5562 497 5616 muntur?
533 5560 799 5618 Praeterea
838 5563 892 5618 in
939 5563 1104 5618 rebus
1149 5560 1284 5632 ipsis
1314 5559 1459 5615 inter
1496 5572 1556 5614 se
1589 5571 1807 5627 compa-

305 5741 352 5776 ⁸⁷
387 5741 567 5799 Eccle.
603 5758 642 5812 i,
657 5741 708 5796 ι.

1896 4550 1984 4604 διὰ
1997 4549 2094 4617 τῆς
2116 4542 2349 4616 φυσικῆς
2364 4541 2501 4610 αὐτῇ
2515 4536 2698 4590 θεόθεν
2715 4531 3041 4602 ἐγκειμένης
3059 4528 3340 4617 δυνάμεως
3357 4527 3484 4617 ἑαυ-

1895 4641 1994 4710 τὴν
2030 4611 2387 4705 συντηροῦσα.
2411 4627 2590 4681 Καλὸν
2606 4627 2634 4678 ὁ
2655 4625 2765 4694 ἀήρ
2786 4639 2798 4653 ·
2825 4623 2925 4674 οὐκ
2951 4623 3009 4673 ἑν
3025 4618 3103 4690 τῷ
3125 4621 3200 4689 μὴ
3223 4611 3360 4671 εἶναι
3383 4613 3483 4710 την

1898 4705 2020 4802 γην,
2049 4726 2162 4782 ἀλλ’
2190 4728 2247 4776 ἐν
2268 4717 2311 4791 ᾧ
2337 4720 2496 4783 αὐτός
2525 4719 2772 4776 ἑστιταίς
2803 4712 2944 4766 κατὰ
2967 4711 3126 4779 φύσιν
3146 4705 3483 4778 ἐνυπαρχού-

1903 4798 2022 4886 σαις
2050 4817 2196 4888 αὐτῴ
2208 4816 2469 4885 δυνάμεσι
2494 4811 2628 4881 πρὸς
2642 4810 2738 4878 τὴν
2760 4804 3018 4875 διαμονὴν
3039 4799 3305 4872 ἐξαρκῶν.
3329 4798 3485 4851 Οῦτω

1901 4915 1996 4969 καὶ
2027 4913 2172 4982 ὓδωρ
2218 4909 2338 4962 λίαν
2387 4904 2548 4960 καλὸν
2569 4942 2584 4967 ,
2634 4901 2728 4955 καὶ
2754 4900 2813 4951 τὸ
2843 4895 2953 4968 πῦρ
3001 4894 3162 4948 καλόν
3194 4894 3310 4945 ἑστι
3338 4891 3480 4955 λίαν,

1900 5011 2019 5068 ταῖς
2043 5005 2197 5065 ἰδίαις
2224 5000 2482 5070 ἑκάτερον
2512 4989 3056 5064 συμπεπληρωμένον
3085 4986 3356 5055 ποιότησι,
3387 4983 3484 5036 καὶ

1901 5104 1968 5172 τῇ
2002 5097 2228 5166 δυνάμει
2257 5092 2351 5146 τοῦ
2383 5089 2528 5142 θείου
2560 5086 2862 5156 θελήματος
2895 5078 3136 5172 κατὰτὰ
3172 5078 3281 5131 ἴδια
3311 5077 3486 5172 μέτρα

1901 5166 2003 5260 τῆς
2041 5187 2264 5257 πρώτης
2303 5179 2590 5250 γενέσεως,
2626 5177 2705 5237 εἰς
2752 5174 2814 5227 τὸ
2861 5171 3104 5242 διηνεκὲς
3149 5166 3482 5260 παραμένον.

1910 5298 1930 5332 ι
1951 5255 2018 5332 ’Ἠ
2035 5255 2355 5348 γῆρφησίν,
2373 5291 2390 5322 ι
2411 5271 2490 5333 εἰς
2516 5267 2606 5320 τὸν
2626 5264 2798 5319 αἰῶνα
2816 5261 3066 5332 ἕστηκεν·
3084 5279 3100 5312 ι
3121 5259 3221 5312 οὐκ
3236 5255 3487 5309 ὲλαττου-
3513 5336 3516 5337 ν

1907 5369 2068 5443 μένη,
2115 5367 2176 5419 οὐ
2227 5359 2616 5423 πλεονάζουσα.
2683 5356 2741 5409 '0
2783 5353 2892 5424 ἀὴρ
2926 5355 2984 5406 ἑν
3021 5353 3133 5443 τοῖς
3162 5349 3314 5443 ἰδίοις
3341 5349 3486 5443 ὅροις

1907 5439 2266 5534 φυλάσσεται,
2313 5453 2374 5507 τὸ
2416 5450 2526 5521 πῦρ
2576 5449 2636 5502 οὐ
2684 5446 2968 5518 μειοῦται·
3035 5441 3149 5505 πῶς
3217 5439 3374 5510 μόνον
3423 5439 3485 5488 ἐκ

1909 5532 2124 5610 πάντων
2173 5551 2232 5604 τὸ
2279 5547 2424 5615 ὓδωρ
2467 5542 2576 5598 τῶν
2605 5537 3010 5608 δαπανωμένων
3043 5532 3195 5600 tari;
