3844 6226
263 337 338 393 9'5
1446 339 1521 394 IN
1553 341 2033 398 HEXHEMERON
2072 342 2297 398 DIBER-
3471 339 3545 398 οι

263 451 404 523 πρὸς
432 449 640 516 τούτοις
669 452 871 525 πολλὴν
899 453 1115 526 ὁρῶμεν
1138 456 1197 508 ὲν
1231 455 1515 526 συγκρίσει
1537 456 1648 510 τῶν
1681 456 1850 510 ὄντων

1965 459 2150 514 randis
2186 458 2433 514 videmus
2475 470 2596 512 eam
2637 469 2757 526 qua:
2803 463 3056 509 naturam
3092 469 3158 511 ae
3188 455 3298 510 vim
3329 455 3542 526 igneam

263 536 365 613 τὴν
393 538 613 616 πυρώδη
648 546 839 601 οὑσίαν
883 549 976 600 καὶ
1008 547 1272 618 δύναμιν·
1327 548 1422 600 καὶ
1462 547 1621 600 τοῦτο
1666 550 1852 618 σαφῶς

267 631 332 685 ἐκ
359 633 470 687 τῶν
498 635 568 688 τά
615 636 864 708 μετέωρα
907 636 1420 706 πεφιλοσοφηκότων
1468 637 1548 700 είς
1582 637 1855 702 ἀπόδειξιν

263 727 480 793 ἄγεται,
511 728 574 780 τὸ
606 728 1042 782 πολλαπλασίονα
1085 729 1185 798 τῆς
1218 729 1320 799 γῆς
1351 725 1489 781 εἶναι
1521 729 1613 781 τὸν
1659 729 1810 798 ἥλιον
1838 743 1849 754 ·

264 816 342 878 ὡς
384 818 520 888 μηδὲ
552 820 645 872 ἐπὶ
689 821 824 874 πολὺ
869 821 962 874 τοῦ
1017 820 1176 890 ἀέρος
1207 820 1309 890 τὴν
1343 821 1436 873 ἀπ’
1491 820 1659 890 αὐτῆς
1699 821 1854 872 σκιὰν

264 906 617 972 ἐξικνεῖσθαι,
652 909 730 981 τῷ
761 911 1150 983 ὑπερϐάλλοντι
1193 912 1287 965 τοῦ
1332 912 1558 982 ἡλιακοῦ
1593 911 1854 981 μεγέθους

267 1001 574 1064 κωνοειδῶς
606 1003 664 1053 ὲν
697 1005 763 1073 τῇ
798 1003 1070 1074 προσϐολῇ
1101 1004 1209 1057 τῶν
1235 1005 1470 1057 ἀκτίνων
1500 1003 1855 1073 συστελλομέ-

265 1108 388 1161 νην.
418 1091 484 1146 Εἰ
507 1088 600 1146 οὖν
622 1092 796 1157 οὑτως
821 1095 999 1162 ὀλίγον
1023 1095 1181 1148 τοῦτο
1203 1095 1280 1158 ὡς
1312 1095 1446 1163 πρὸς
1479 1095 1654 1147 ἐκεῖνο
1683 1095 1858 1164 κρινό-

271 1202 433 1256 μενον
461 1224 478 1250 ,
526 1185 666 1240 ὥστε
704 1187 990 1244 πολλοστὸν
1033 1185 1173 1242 εἶναι
1203 1189 1296 1241 τοῦ
1333 1187 1558 1258 ἡλιακοῦ
1593 1187 1858 1258 μεγέθους

271 1277 414 1347 μετά
439 1277 621 1350 πάσης
643 1281 742 1348 τῆς
778 1281 881 1350 γῆς
913 1281 974 1333 τὸ
1005 1281 1148 1352 ὕδωρ
1180 1281 1670 1351 ἀντιμετρούμενον
1707 1294 1721 1308 ·
1779 1281 1858 1342 εἰς

271 1367 440 1420 πόσον
482 1367 550 1422 ἂν
593 1370 780 1441 χρόνον
823 1370 885 1421 τὸ
916 1369 1088 1440 βραχὺ
1135 1369 1293 1422 τοῦτο
1333 1370 1411 1440 τῷ
1456 1369 1694 1440 τοσούτῳ
1724 1369 1859 1439 πυρὶ

270 1461 411 1529 πρὸς
450 1460 548 1532 τὴν
576 1461 819 1532 δαπάνην
850 1462 1166 1534 διήρκεσεν;
1217 1463 1375 1516 Ἀλλά
1420 1463 1528 1533 μὴν
1569 1461 1860 1524 διαπαντὸς

271 1551 491 1622 ὁρῶμεν
519 1553 618 1624 τὴν
641 1553 914 1608 θάλασσαν
941 1556 999 1606 ὲν
1027 1554 1104 1625 τῷ
1137 1557 1238 1625 τσῳ
1270 1554 1376 1624 πλη
1385 1555 1726 1625 μμύρουσαν,
1766 1555 1859 1604 καί

271 1645 382 1697 τῶν
414 1647 674 1716 ποταμῶν
703 1647 802 1719 τὴν
831 1648 1001 1718 φορὰν
1038 1650 1097 1700 ὲν
1129 1651 1242 1712 τοῖς
1275 1649 1424 1713 ἰδίοις
1466 1649 1730 1719 μένουσαν
1760 1645 1858 1716 μέ-

272 1750 425 1805 τροις
448 1754 462 1766 ο
509 1737 617 1807 ἆρα
644 1738 705 1790 τὸ
736 1738 812 1810 μὴ
840 1738 1184 1793 δαπανᾶσθαι
1209 1757 1260 1792 τι
1289 1740 1382 1792 τοῦ
1410 1739 1579 1809 ὑγροῦ
1601 1779 1616 1802 ,
1646 1740 1734 1791 διὰ
1761 1738 1860 1806 τῆς

1955 551 2183 615 obtinet,
2233 549 2606 620 magnitudine
2638 548 2796 618 longe
2843 555 3125 618 praestare.
3157 546 3292 602 Nam
3339 547 3418 602 illi
3447 549 3544 618 qui

1955 639 2023 694 de
2068 641 2230 695 rebus
2269 639 2597 695 sublimibus
2630 637 3108 708 philosophantur,
3153 637 3328 693 solem
3359 639 3543 708 ipsum

1958 733 2142 785 multis
2171 731 2419 801 partibus
2467 738 2610 783 terra
2643 729 2906 797 majorem
2958 744 3082 784 esse
3114 729 3275 783 facile
3314 728 3544 784 demon-

1958 830 2155 875 strant.
2181 819 2369 890 Neque
2393 820 2538 874 enim
2571 819 2820 872 umbram
2847 825 3005 872 terra:
3033 819 3250 888 longius
3283 819 3338 872 in
3365 834 3544 873 aerem

1958 911 2228 982 protendi,
2261 910 2406 982 quod
2455 919 2749 979 superante
2773 909 2911 963 solis
2935 909 3336 978 magnitudine,
3363 908 3548 962 radio-

1956 1021 2078 1059 rum
2099 1019 2326 1059 accessu
2357 1004 2409 1056 in
2436 1003 2676 1057 turbinis
2700 1017 2905 1056 morem
2930 1003 3290 1055 contrahatur
3310 1010 3364 1055 et
3390 1015 3548 1055 coar-

1956 1107 2152 1152 ctetur.
2203 1096 2358 1163 Quod
2391 1097 2435 1151 si
2470 1106 2643 1149 totum
2691 1097 2818 1159 hoc,
2857 1093 3003 1164 quod
3048 1110 3112 1149 ex
3145 1105 3290 1149 terra
3315 1102 3370 1148 et
3405 1108 3548 1164 aqua

1959 1188 2269 1253 conficitur,
2307 1204 2432 1242 cum
2463 1189 2584 1257 ipso
2607 1195 2818 1240 tantum
2855 1187 2969 1240 sole
2993 1195 3395 1255 comparatum,
3434 1194 3547 1238 tam

1959 1283 2214 1352 exiguum
2264 1286 2385 1341 est,
2457 1285 2516 1332 ut
2557 1277 2745 1332 multis
2813 1277 3066 1346 partibus
3122 1275 3360 1330 excellat
3413 1273 3550 1328 solis

1960 1369 2298 1443 magnitudo,
2358 1368 2600 1438 quandiu
2651 1369 2925 1421 tantulum
2969 1366 3112 1422 istud
3154 1367 3363 1420 humidi
3398 1372 3550 1419 tanto

1962 1465 2070 1535 igni
2112 1463 2508 1518 nutrimentum
2545 1459 3066 1514 subministrasset?
3095 1459 3348 1512 Attamen
3371 1459 3548 1512 omni-

1964 1557 2070 1610 bus
2108 1555 2325 1610 smculis
2368 1555 2618 1609 videmus
2671 1569 2821 1608 mare
2871 1555 3077 1622 pariter
3133 1553 3448 1618 exundans,
3495 1561 3551 1608 et

1961 1647 2244 1702 ﬂuminum
2267 1661 2464 1700 cursus
2491 1645 2696 1700 eisdem
2733 1645 2932 1699 ﬁnibus
2958 1654 3012 1696 et
3035 1644 3210 1698 modis
3249 1644 3546 1698 contineri.

1962 1739 2080 1805 Quo
2135 1739 2355 1809 quidem
2408 1739 2790 1809 experimento
2845 1738 2980 1792 nihil
3037 1737 3246 1790 humidi
3297 1736 3550 1792 consumi

271 1826 532 1898 τοιαύτης
563 1833 920 1901 μαρτυρεῖται
954 1829 1164 1900 πείρας.
1206 1830 1343 1883 Ἀλλ’
1371 1831 1560 1901 ὥσπερ
1594 1829 1744 1900 παρά
1762 1829 1860 1899 τὴν

1965 1833 2263 1902 probatur;
2313 1839 2368 1887 et
2406 1830 2874 1902 quemadmodum
2909 1831 3070 1884 initio
3103 1845 3212 1883 non
3260 1844 3327 1883 ex
3365 1829 3552 1883 humi-

272 1919 504 1990 πρὼτην
536 1921 638 1974 οὑκ
666 1923 724 1974 ὲν
746 1925 812 1993 τῇ
841 1921 1018 1993 φθορᾷ
1048 1925 1148 1995 τῆς
1182 1925 1479 1994 ὑγρότητος
1505 1924 1565 1976 τὸ
1597 1922 1708 1993 πῦρ
1735 1922 1859 1991 ἔσχε

271 2009 375 2078 τὴν
390 2009 620 2078 γένεσιν,
635 2011 771 2065 ἀλλά
784 2013 932 2084 παρά
942 2014 1040 2085 τῆς
1051 2013 1224 2084 αὐτῆς
1240 2014 1444 2084 ὑπέστη
1462 2013 1759 2083 δυνάμεωςο
1770 2013 1862 2066 καὶ

272 2101 434 2154 τοῦτο
461 2101 634 2166 οὕτως
649 2103 792 2157 κατά
804 2105 901 2174 τὴν
934 2105 1158 2176 πρώτην
1171 2105 1266 2159 τοῦ
1283 2107 1547 2176 στοιχείου
1581 2105 1642 2156 σύ
1653 2122 1857 2168 στασιν,

273 2194 368 2246 καὶ
391 2195 472 2256 εἰς
493 2193 553 2246 τὸ
564 2192 808 2264 διηνεκὲς
825 2196 857 2264 ἡ
877 2195 1104 2264 διαμονὴ
1134 2195 1558 2267 φυλαχθήσεται,
1583 2197 1734 2249 οὐδὲν
1761 2196 1860 2264 τῆς

273 2287 452 2355 ὑγρᾶς
472 2285 687 2353 φύσεως
717 2287 852 2358 πρὸς
869 2287 932 2340 τὸ
950 2288 1222 2358 διαμεῖναι
1243 2289 1306 2341 τὸ
1327 2290 1434 2359 πῦρ
1451 2289 1660 2358 διοχλου
1669 2289 1856 2360 μένης.

381 2379 522 2431 Ἀλλ’
582 2378 800 2449 ὁρῶμεν
826 2422 838 2443 ,
903 2380 1038 2451 φησί
1071 2421 1084 2445 ,
1165 2381 1424 2445 πολλάκις
1499 2380 1861 2452 ὑγρανθεῖσαν

271 2471 333 2539 ἐξ
422 2471 732 2544 ἐπομϐρίας
789 2472 889 2541 τὴν
944 2472 1068 2541 γῆν,
1152 2467 1271 2525 εἶτα
1354 2470 1708 2542 σφοδρότερον
1765 2470 1859 2522 τοῦ

273 2564 427 2634 ἡλίου
479 2562 540 2615 τὺ
582 2563 940 2633 ὑποκείμενον
987 2563 1308 2632 θάλψαντος,
1350 2563 1521 2633 ξηρὰν
1570 2561 1860 2633 γινομένην

272 2654 374 2726 τὴν
400 2653 507 2725 πρὸ
528 2652 712 2722 ὀλίγου
768 2653 1052 2726 διάϐροχον
1073 2670 1086 2682 ·
1153 2654 1254 2707 ποῦ
1285 2655 1486 2719 τοίνυν,
1519 2656 1703 2724 φησιν,
1734 2655 1768 2724 ἡ
1803 2656 1860 2705 ἐν

271 2746 484 2810 τούτοις
527 2748 786 2818 ὑγρότης,
831 2747 988 2817 εἴπερ
1040 2747 1115 2817 μὴ
1163 2746 1394 2800 καθόλου
1442 2747 1502 2798 τὸ
1533 2745 1735 2816 θερμὸν
1761 2745 1862 2815 τῆς

271 2837 494 2898 ἀκτῖνος
516 2835 1006 2901 ἐπαναλίσκοντος;
1040 2831 1167 2906 ⁷Λρ’
1188 2831 1282 2888 οὖν
1311 2837 1404 2888 καὶ
1429 2835 1491 2888 τὸ
1517 2836 1574 2887 ὲν
1598 2834 1677 2904 τῷ
1705 2833 1862 2906 κερά-

276 2948 366 2999 μῳ
410 2929 554 3000 ὕδωρ
600 2930 649 2980 εἰ
705 2927 1068 2999 μεταϐληθείη
1122 2929 1258 2998 πρὸς
1305 2929 1522 2999 ἕτερον,
1564 2929 1659 2979 καὶ
1706 2926 1860 2979 κενὸν

274 3021 491 3090 ἁθρόως
532 3020 596 3072 τὸ
627 3019 833 3089 πλῆρες
865 3021 1075 3087 γένοιτο
1111 3035 1123 3048 ⁶
1180 3020 1301 3072 ἐπεὶ
1347 3020 1404 3072 δὲ
1453 3021 1510 3071 ἐν
1555 3018 1729 3088 τούτῳ
1762 3018 1862 3070 οὑκ

275 3114 424 3166 εστιν
449 3153 465 3175 ,
517 3112 639 3165 οὐδὲ
682 3107 823 3166 εἶναι
867 3111 1004 3175 ὅλως
1047 3111 1107 3164 τὸ
1144 3113 1203 3164 ὲν
1251 3111 1422 3183 ἑτέρῳ
1465 3111 1748 3181 γινόμενον
1778 3110 1864 3161 λέ-

274 3221 501 3272 γουσινς
545 3205 612 3256 Ὃ
633 3203 742 3274 γὰρ
770 3202 1003 3256 ἐνταῦθα
1036 3204 1267 3272 γίνεται,
1296 3203 1456 3256 τοῦτο
1478 3203 1571 3256 καὶ
1603 3203 1687 3254 ἐπ’
1720 3201 1861 3254 ὲκεί-

273 3311 370 3349 νου
406 3312 492 3358 τις
529 3295 817 3348 ὑπολαϐὼν
843 3335 858 3355 ,
907 3293 1000 3347 τοῦ
1049 3296 1258 3358 εἰκότος
1311 3295 1408 3364 οὑχ
1463 3294 1856 3364 ἁμαρτήσεται.

273 3381 427 3441 Ἶσον
461 3387 569 3458 γάρ
616 3389 732 3440 ἐστι
763 3389 862 3458 τήν
885 3403 946 3439 τε
979 3386 1086 3439 ἀπὸ
1123 3386 1217 3438 τοῦ
1258 3386 1438 3438 κοίλου
1462 3385 1652 3437 τούτου
1679 3384 1772 3436 ἐπὶ
1804 3383 1865 3434 τὸ

273 3479 466 3550 ἕτερον
497 3478 674 3532 κοῖλον
703 3477 794 3530 τοῦ
825 3477 994 3547 ὑγροῦ
1028 3475 1333 3547 μεταρῤοὴν
1359 3474 1632 3543 γενέσθαι,
1660 3474 1752 3526 καὶ
1769 3470 1864 3542 τὴν

275 3569 458 3623 νοτίδα
501 3568 604 3638 τῆς
631 3569 738 3637 γῆς
769 3566 1213 3637 ὲξικμασθεῖσαν,
1250 3563 1550 3634 ἀναχθῆναι
1599 3562 1736 3632 πρὸς
1772 3561 1864 3613 τὸν

274 3659 437 3728 ἀέρα,
473 3659 718 3728 φυσικῶς
762 3657 856 3710 τοῦ
887 3657 1077 3727 ὑγροῦ,
1107 3659 1235 3710 ὅταν
1269 3659 1304 3728 ἡ
1341 3656 1434 3710 τοῦ
1465 3655 1864 3726 ὑπερκειμένου

277 3750 550 3821 θερμότης
580 3749 715 3820 πρὸς
739 3749 936 3820 ἑαυτὴν
969 3749 1260 3817 ἐφέλκηται
1291 3746 1640 3818 λεπτομερῶς
1673 3747 1738 3796 ἐκ
1765 3745 1865 3814 τῆς

277 3842 403 3910 γῆς,
448 3840 582 3911 πρὸς
630 3839 700 3892 τά
743 3839 857 3892 ἄνω
903 3839 1272 3908 διηθουμένου.
1310 3840 1616 3908 Τεκμήριον
1659 3835 1715 3889 δὲ
1756 3835 1864 3888 τῶν

276 3931 601 4002 γινομένων,
639 3931 720 3983 ὅτι
748 3930 1070 4000 παχυτέρων
1110 3930 1368 3992 πολλάκις
1395 3929 1503 3981 τῶν
1530 3927 1720 3998 ἀτμῶν
1758 3926 1865 3980 ἀπὸ

275 4023 373 4077 τοῦ
422 4022 620 4094 βάθους
659 4023 758 4092 τῆς
794 4023 897 4092 γῆς
929 4021 1345 4092 ἀναδιδομένων,
1379 4020 1620 4092 νεφώδης
1649 4037 1734 4083 τις
1771 4019 1866 4071 σύ-

279 4131 472 4177 στασις
507 4112 798 4184 ἀναϐρύειν
824 4113 992 4178 δοκεῖ,
1040 4112 1136 4166 καὶ
1179 4113 1415 4182 τοσαύτη
1458 4112 1566 4165 τῶν
1608 4111 1795 4181 ἀτμῶν
1829 4112 1863 4182 ἠ

275 4205 529 4276 παχύτης
565 4207 795 4274 γίνεται,
827 4205 902 4268 ὡς
931 4206 1024 4257 καὶ
1054 4208 1168 4268 τοῖς
1204 4203 1501 4274 ὀφθαλμοῖς
1542 4205 1713 4275 αὑτὴν
1769 4205 1865 4272 ἐφ-

278 4300 440 4370 ικτὴν
472 4295 626 4351 εἶναι.
660 4297 874 4350 Γένοιτο
912 4296 956 4348 δ’
1002 4297 1066 4349 ἄν
1096 4312 1226 4348 ποτε
1253 4296 1347 4348 καὶ
1390 4295 1864 4366 λεπτομερεστέρα

276 4407 362 4453 τις
400 4393 435 4461 ὴ
478 4390 576 4458 τῆς
613 4387 814 4450 νοτίδος
842 4386 1228 4455 ἀναθυμίασις,
1272 4386 1347 4448 ὠς
1380 4385 1690 4450 ἐξισοῦσθαι
1725 4386 1864 4456 πρὸς

1967 1924 2154 1979 ditatis
2195 1925 2418 1978 interitu
2469 1923 2615 1993 ignis
2641 1931 2821 1976 ortum
2869 1923 3079 1988 habuit,
3137 1920 3231 1976 sed
3259 1921 3329 1975 ab
3358 1918 3548 1978 eadem

1967 2018 2298 2072 constitutus
2317 2025 2403 2072 est
2423 2023 2712 2086 potestate.
2737 2017 2819 2072 sic
2841 2024 2899 2069 ut
2926 2015 3061 2069 nihil
3082 2013 3306 2068 humida
3327 2023 3545 2078 natura,

1965 2126 2074 2178 quo
2106 2110 2233 2180 ipse'
2251 2117 2489 2172 maneat,
2538 2109 2912 2178 perturbetur,
2950 2107 3004 2161 in
3050 2106 3227 2176 primo
3260 2119 3361 2160 suo
3399 2110 3546 2159 statu

1967 2210 2231 2272 perpetuo
2263 2208 2650 2258 conservatum
2681 2199 2769 2254 iri.

2036 2384 2102 2437 At
2133 2383 2302 2446 enim,
2333 2381 2532 2452 inquit,
2569 2394 2945 2450 saepenumero
2977 2388 3178 2433 terram
3215 2375 3393 2430 imbre
3428 2389 3548 2428 ma-

1964 2476 2234 2531 defactam
2264 2477 2532 2538 videmus,
2566 2474 2763 2529 deinde
2793 2474 2910 2529 sole
2941 2470 3319 2527 vehementius
3344 2467 3548 2523 calefa-

1965 2570 2162 2633 cieute,
2189 2567 2437 2623 eamdem
2464 2581 2814 2630 exarescere,
2865 2579 2988 2635 quae
3042 2565 3208 2632 paulo
3243 2572 3369 2618 ante
3429 2567 3548 2617 erat

1966 2661 2190 2728 irrigua.
2215 2658 2466 2725 Quonam
2498 2659 2684 2726 igitur,
2717 2657 2914 2727 inquit,
2947 2656 3083 2710 abiit
3117 2653 3409 2709 humiditas
3433 2653 3549 2714 illa,

1965 2752 2010 2806 si
2035 2750 2313 2804 radiorum
2348 2748 2544 2802 ardore
2567 2762 2677 2802 non
2707 2756 2792 2802 est
2817 2754 3142 2814 consumpta
3169 2745 3192 2797 ?
3225 2746 3307 2797 An
3343 2758 3465 2812 qua:
3489 2743 3547 2796 in

1964 2842 2109 2896 dolio
2128 2849 2210 2896 est
2233 2855 2398 2909 aqua,
2433 2841 2477 2895 si
2511 2839 2565 2893 in
2599 2839 2833 2894 alterum
2864 2837 3070 2892 dolium
3105 2834 3549 2902 transfundatur,

1965 2935 2262 3002 statimque
2284 2931 2660 2994 exinaniatur,
2694 2927 2841 2998 quod
2878 2929 3098 2998 plenum
3145 2935 3282 2988 erat,
3314 2924 3441 2996 quia
3492 2925 3549 2978 in

1965 3039 2076 3077 uno
2107 3038 2247 3092 aqua
2282 3037 2390 3076 non
2425 3033 2538 3084 est,
2581 3037 2650 3076 ne
2699 3021 2752 3074 in
2795 3019 2972 3074 altero
2999 3017 3218 3088 quidem
3249 3016 3399 3071 erit?
3434 3011 3552 3070 Hoc

1967 3116 2010 3170 si
2043 3115 2168 3184 quis
2205 3115 2271 3168 ad
2305 3114 2576 3169 elementa
2629 3112 2904 3174 retulerit,
2940 3110 3077 3164 nihil
3129 3107 3353 3163 errabit.
3405 3105 3549 3161 Idem

1967 3207 2110 3260 enim
2139 3215 2242 3268 est,
2275 3222 2340 3260 ex
2367 3221 2478 3259 uno
2499 3220 2629 3260 vase
2655 3205 2709 3258 in
2735 3204 2966 3258 alterum
2989 3216 3187 3270 aquam
3210 3196 3548 3258 transfundi,

1966 3307 2021 3353 et
2047 3298 2424 3352 bumiditatem
2449 3306 2650 3352 eterra
2688 3293 2903 3364 exsugi,
2933 3294 2986 3346 in
3033 3305 3327 3360 acremque
3368 3296 3550 3343 trans.

1967 3388 2194 3458 portari.
2215 3387 2552 3442 Naturaliter
2579 3386 2748 3448 enim,
2782 3383 3006 3455 quando
3032 3384 3378 3453 superiorum
3409 3379 3550 3436 cali-

1966 3481 2110 3535 ditas
2136 3481 2204 3534 ad
2237 3495 2296 3536 se
2323 3479 2570 3543 attrahit,
2600 3477 2884 3533 humidum
2909 3475 3217 3532 subtilitate
3250 3473 3488 3544 partium
3518 3487 3550 3525 a

1965 3581 2112 3629 terra
2142 3588 2358 3628 sursum
2381 3571 2609 3626 tollitur.
2631 3553 2873 3639 Hujusce
2895 3569 2972 3624 rei
2997 3567 3131 3622 illud
3174 3566 3436 3621 indicium
3456 3564 3552 3630 sit,

1966 3663 2113 3732 quod
2137 3662 2507 3718 crassioribus
2531 3677 2562 3717 c
2585 3660 2860 3732 profundo
2885 3667 3046 3715 terrae
3070 3659 3390 3727 plerumque
3420 3655 3536 3711 sub

1967 3753 2095 3806 latis
2143 3752 2458 3820 vaporibus,
2506 3751 2867 3820 caliginosum
2915 3747 3188 3817 quoddam
3217 3761 3421 3815 corpus
3455 3745 3551 3800 de-

1967 3841 2103 3904 ﬂuit,
2131 3849 2387 3909 tantaque
2414 3843 2486 3894 sit
2513 3856 2774 3910 vaporum
2809 3839 3231 3908 coagmentatio,
3271 3845 3333 3890 ut
3373 3836 3552 3892 oculis

1967 3933 2254 4003 perSpicue
2297 3941 2580 3987 cernatur.
2641 3931 2790 3986 Alias
2822 3937 3003 3986 autem
3039 3929 3258 3986 tenuior
3303 3927 3548 3999 quasdam

1965 4027 2185 4094 vaporis
2219 4025 2278 4078 ﬂt
2306 4025 2603 4090 exhalatio,
2635 4040 2757 4094 qua;
2787 4023 2856 4082 ad
2893 4023 3040 4078 aeris
3071 4023 3392 4077 tenuitatem
3425 4035 3550 4089 pro-

1964 4120 2114 4173 xime
2142 4117 2374 4183 accedit,
2412 4132 2514 4172 nec
2538 4117 2690 4187 prius
2715 4113 2895 4171 oculis
2924 4115 3130 4186 percipi
3160 4120 3360 4184 potest,
3385 4126 3549 4182 quam

1965 4209 2112 4265 inter
2149 4225 2208 4264 se
2241 4217 2432 4263 coacta
2468 4217 2631 4278 atque
2652 4217 2908 4272 concreta
2949 4206 3424 4276 coagmentatione
3449 4219 3549 4259 sua

1966 4301 2168 4357 nubem
2200 4300 2415 4356 eﬂiciat.
2444 4298 2660 4355 Tenues
2694 4309 2852 4369 igitur
2879 4309 3044 4369 atque
3069 4295 3279 4349 humidi
3321 4311 3552 4366 vapores

1968 4397 2046 4450 illi
2105 4395 2326 4450 levitate
2374 4408 2474 4448 sua
2520 4394 2574 4447 iu
2618 4407 2744 4448 aere
2785 4392 3022 4446 ﬂuitant.
3077 4391 3234 4457 Quod
3287 4391 3335 4445 si
3376 4390 3550 4458 major

275 4484 373 4536 τὸν
401 4482 537 4552 ἀέρα
565 4479 766 4549 τρόπον
795 4476 916 4529 τινὰ
939 4480 1004 4547 τῇ
1035 4477 1344 4547 λεπτότητι,
1372 4477 1465 4530 καὶ
1494 4475 1570 4548 μὴ
1600 4477 1860 4548 πρότερον

1967 4488 2174 4543 humidi
2199 4488 2357 4558 copia
2393 4487 2450 4540 in
2479 4501 2649 4540 unum
2683 4483 2967 4539 conﬂuens
2996 4483 3319 4554 gravitatem
3353 4483 3547 4550 acqui-

278 4572 648 4645 φανεροῦσθαι
694 4573 813 4632 ταῖς
855 4568 1032 4638 ὄψεσι,
1082 4569 1212 4639 πρὶν
1261 4569 1430 4640 αὐτὴν
1478 4571 1614 4640 πρὸς
1665 4570 1865 4641 ἑαυτὴν

281 4666 604 4736 συμπεσεῖν,
648 4661 746 4732 τὴν
791 4661 899 4713 τῶν
943 4660 1200 4714 τοιούτων
1243 4661 1426 4732 ὑγρῶν
1476 4662 1860 4733 ἀναθυμίασιν,

279 4761 379 4814 καὶ
403 4757 545 4810 οὕτω
567 4753 820 4824 γενέσθαι
842 4751 1004 4821 νέφος
1029 4753 1116 4806 διὰ
1147 4755 1245 4824 τῆς
1271 4754 1658 4824 συμπιλήσεως
1678 4772 1692 4786 ο
1722 4754 1864 4808 ὥστε

279 4851 380 4910 τὰς
399 4847 601 4910 λεπτάς
625 4863 686 4898 τε
719 4845 812 4898 καὶ
837 4845 1139 4915 ἀτμοειδεῖς
1169 4844 1420 4916 ἰκμάδας,
1449 4849 1584 4910 τέως
1618 4847 1717 4916 μὲν
1746 4850 1866 4900 ἐπι-

279 4941 536 5004 πολάζειν
564 4939 643 5009 τῷ
667 4937 792 5008 ἀέρι
822 4936 910 4992 διὰ
935 4939 1262 5006 κουφότητα,
1298 4941 1394 4994 καί
1419 4939 1732 5009 ἐποχεῖσθαι
1753 4943 1864 5002 τοῖς

280 5031 612 5100 πνεύμασιν,
653 5033 704 5082 εἰ
735 5029 792 5084 δὲ
818 5030 1056 5101 πλεῖονή
1085 5030 1178 5084 τοῦ
1209 5031 1378 5102 ὑγροῦ
1409 5032 1696 5100 συγγένεια
1727 5033 1862 5102 πρὸς

278 5125 454 5194 αὐτὴν
485 5125 780 5195 συρρυεῖσα
812 5124 1006 5195 βαρεῖα
1050 5123 1283 5191 γένοιτο,
1313 5124 1434 5177 τότε
1491 5125 1863 5178 ἐκπίπτουσαν

277 5215 376 5268 τοῦ
409 5216 569 5286 ἀέρος
593 5216 686 5267 ἐπὶ
715 5216 818 5286 τὴν
835 5217 938 5286 γῆν
969 5214 1204 5282 σταγόνα
1227 5215 1492 5281 γίνεσθαι.
1523 5217 1732 5272 Οὐκοῦν
1763 5218 1864 5270 οὑκ

277 5307 558 5360 ἀνάλωσεν
584 5307 619 5376 ἡ
651 5305 918 5377 θερμότης
965 5307 1104 5376 ὅπερ
1152 5307 1217 5360 ἐκ
1256 5307 1354 5377 τῆς
1386 5308 1489 5379 γῆς
1533 5310 1861 5379 ἀνεμάξατο,

275 5397 393 5451 ἀλλ’
442 5395 504 5462 ἐξ
551 5396 730 5450 αὑτῶν
782 5396 880 5468 μὲν
913 5397 1143 5468 συνέστη
1188 5397 1248 5449 τὸ
1293 5400 1486 5466 νέφος,
1529 5400 1590 5453 τὸ
1618 5401 1674 5454 δὲ
1704 5401 1863 5470 νέφος

277 5489 582 5556 συνθλιϐὲν,
613 5489 758 5561 ὕδωρ
783 5490 1019 5558 ἐγένετο·
1047 5489 1202 5543 τοῦτο
1231 5489 1289 5543 δὲ
1317 5491 1477 5544 πάλιν
1501 5495 1565 5563 τῇ
1601 5496 1669 5564 γῇ
1697 5511 1862 5547 κατα-

281 5579 508 5650 μιχθὶν,
553 5581 634 5643 είς
677 5579 848 5650 ἀτμὸν
887 5580 1132 5652 ἀνήχθη,
1185 5581 1278 5634 καὶ
1307 5584 1336 5635 ό
1380 5583 1552 5653 ἀτμὸς
1581 5586 1859 5654 νεφωθεὶς,

275 5669 483 5740 ὄμϐρος
522 5671 762 5740 ἐγένετο.
820 5672 916 5727 Ἐκ
958 5671 1013 5724 δὲ
1058 5671 1247 5726 τούτου
1301 5674 1462 5726 πάλιν
1514 5677 1546 5746 ἡ
1608 5676 1678 5746 γῆ
1737 5679 1861 5740 τοὺς

279 5762 487 5832 ἀτμοὺς
517 5761 797 5815 ἀπεκύτσε
822 5777 837 5794 ο
893 5764 1132 5816 κάκεῖνοι
1177 5763 1538 5832 παχυνθέντες
1570 5768 1626 5820 ἐν
1659 5769 1721 5838 τῇ
1767 5785 1858 5820 su-

1969 4587 2075 4645 rat,
2117 4588 2246 4632 tunc
2285 4594 2353 4631 ex
2406 4591 2533 4631 aere
2579 4575 2832 4645 guttatim
2864 4573 3034 4628 cadit.
3073 4575 3264 4642 Itaque
3303 4570 3449 4640 quod
3485 4587 3550 4623 ex
3615 4567 3628 4590 ’

1968 4679 2112 4724 terra
2137 4667 2394 4722 caliditas
2454 4666 2681 4720 attrahit
2729 4673 2784 4720 et
2815 4665 3047 4728 extollit,
3091 4663 3144 4716 id
3203 4662 3271 4715 ab
3317 4675 3379 4715 ea
3441 4676 3550 4714 non

1967 4761 2336 4823 consumitur,
2371 4758 2467 4813 sed
2521 4758 2697 4814 nubes
2733 4757 2955 4812 evadit:
3009 4771 3116 4826 qua
3147 4753 3366 4823 quidem
3399 4770 3549 4806 eoru-

1969 4868 2180 4922 pressa,
2231 4851 2406 4905 imber
2437 4849 2692 4905 eﬂicilur.
2729 4847 2844 4902 Hoc
2879 4855 3063 4902 autem
3131 4860 3350 4900 rursum
3392 4853 3550 4898 terra:

1967 4943 2279 5007 commisto,
2305 4955 2474 5010 vapor
2495 4939 2776 5008 consurgit
2801 4957 2813 4992 :
2838 4937 2931 5007 qui
2958 4935 3216 4990 redactus
3237 4934 3292 4988 in
3319 4934 3546 4995 nubem,

1967 5038 2208 5108 pluviam
2260 5043 2315 5090 et
2367 5034 2596 5089 imbrem
2648 5032 2812 5102 parit.
2873 5028 3030 5084 Unde
3079 5042 3309 5098 vapores
3348 5027 3546 5081 iterum

1967 5132 2204 5201 concipit
2266 5141 2447 5190 terra.
2516 5128 2609 5199 qui
2678 5127 2734 5181 in
2806 5125 2982 5180 nubes
3040 5120 3401 5192 coagmentati
3451 5118 3546 5174 de-

1966 5222 2142 5278 ﬂuunt
2176 5241 2189 5277 :
2233 5222 2379 5293 quod
2418 5229 2601 5276 autem
2661 5217 2911 5279 deﬂuxit,
2941 5227 3163 5269 rursum
3191 5227 3288 5283 per
3321 5226 3546 5282 vapores

1965 5316 2196 5384 cogitur.
2223 5314 2403 5382 Atque
2424 5313 2495 5366 ita
2518 5311 2668 5365 orbis
2698 5308 2920 5380 quidam
2957 5307 3038 5370 lit,
3067 5304 3162 5375 qui
3191 5304 3249 5359 in
3283 5318 3343 5358 se
3364 5303 3544 5373 ipsum

1965 5407 2128 5469 redit,
2156 5414 2210 5459 et
2232 5404 2425 5458 iisdem
2456 5400 2700 5470 vestigiis
2721 5397 2943 5452 assidue
2969 5395 3202 5451 vertitur
3221 5407 3286 5447 ac
3310 5392 3542 5446 circum-

1966 5497 2228 5549 volvitur.
2284 5492 2440 5560 Quod
2489 5493 2535 5548 si
2579 5491 2794 5561 plantas
2832 5505 2897 5543 ac
2937 5488 3183 5558 germina
3225 5483 3543 5554 abieceris:

1963 5585 2329 5655 respondebo,
2384 5583 2567 5638 omnia
2615 5581 2671 5636 in
2723 5580 2910 5636 orbem
2967 5580 3152 5633 itidem
3211 5590 3542 5630 commeare.

1965 5677 2173 5731 lliunor
2210 5677 2355 5731 enim
2388 5691 2482 5746 per
2521 5674 2734 5745 plantas
2761 5685 2856 5728 aut
2915 5672 3126 5728 semina
3177 5669 3232 5722 in
3293 5667 3543 5738 germina

1965 5769 2212 5834 conﬂuit,
2235 5784 2360 5828 cum
2387 5767 2534 5838 quod
2569 5777 2848 5826 terrenum
2875 5772 2981 5832 est,
3001 5760 3360 5832 consequitur
3382 5776 3395 5814 :
3417 5756 3541 5829 qui-
