3880 6218
240 312 319 373 ss
1490 314 1551 370 s.
1591 311 1932 370 cnsaonu
1962 312 2257 383 sssssm
3446 320 3557 379 οδ.

241 429 348 487 bus
368 426 630 485 admissis
663 443 754 486 res
795 429 1038 486 enutrita
1085 430 1289 488 crescit
1342 440 1399 488 et
1453 441 1705 505 augetur.
1766 432 1833 487 At

1957 431 2122 486 πτάσει
2167 431 2277 486 τῶν
2309 430 2488 501 νεφῶν
2538 433 2922 512 κατερρύησαν
2947 454 2963 468 ο
3014 438 3108 495 καί
3141 437 3204 492 τὸ
3242 439 3531 511 ἀπορρυὲν

243 521 339 577 ubi
379 524 678 588 exaruerit,
720 521 795 577 ita
829 522 1172 589 dissolvitur,
1208 529 1268 577 ut
1296 523 1525 595 singula:
1550 535 1735 595 partes
1761 524 1831 580 ad

242 613 580 674 elementum
620 611 710 668 sui
743 612 923 667 simile
952 619 1318 668 revertantur.
1352 611 1571 668 Etenim
1597 627 1723 668 cum
1774 615 1830 669 in

242 702 531 774 particulis
561 701 679 757 suis
719 716 815 758 aer
835 701 907 758 sit
946 717 1131 771 rarus,
1173 704 1537 774 tenuibusque
1566 719 1832 775 vaporum

243 793 495 864 partibus
555 794 717 864 longe
763 793 1009 858 tenuior,
1035 794 1301 865 quidquid
1350 795 1404 848 in
1445 796 1564 864 ipso
1600 803 1716 858 est,
1763 793 1832 848 ad

243 893 539 956 cognatum
595 885 700 941 sibi
745 885 1077 941 elementum
1118 902 1217 957 per
1256 888 1437 957 ipsum
1489 887 1705 942 transit.
1743 885 1834 947 Sic

243 979 392 1038 enim
423 984 479 1032 et
507 978 712 1047 pulvis,
741 978 869 1032 licet
915 978 1011 1032 diu
1061 977 1118 1032 in
1155 992 1286 1032 aere
1322 976 1523 1033 diffusa
1572 977 1831 1047 jactetur,

247 1073 464 1125 tandem
512 1070 763 1125 redditur
796 1079 958 1125 terrae
984 1087 999 1137 ;
1029 1080 1084 1125 et
1116 1070 1319 1125 humor
1372 1085 1485 1125 non
1533 1070 1702 1142 perit,
1735 1069 1835 1127 sed

248 1163 456 1233 aliquid
486 1164 715 1218 omnino
749 1164 854 1218 sibi
897 1165 1257 1232 conjunctum
1289 1177 1354 1217 ac
1396 1162 1575 1218 simile
1601 1162 1832 1228 invenit,

247 1257 336 1310 cui
382 1254 676 1321 admistus,
707 1264 1017 1326 auctusque
1070 1257 1308 1327 partium
1336 1256 1598 1311 similium
1645 1270 1834 1311 acces-

250 1346 424 1409 sione,
458 1362 677 1401 rursum
712 1346 767 1401 in
794 1348 994 1408 nubem
1034 1348 1369 1412 concrescit,
1409 1356 1574 1417 atque
1616 1347 1691 1400 ita
1740 1361 1837 1418 per

249 1439 450 1508 pluviae
479 1448 666 1508 guttas
696 1438 749 1501 in
783 1450 1037 1499 naturam
1058 1454 1215 1494 suam
1249 1439 1582 1499 restituitur.
1624 1437 1699 1494 Ex
1724 1452 1835 1508 quo

253 1529 334 1595 tit,
395 1540 454 1585 ut
489 1531 678 1585 mundi
734 1540 942 1602 partes,
988 1545 1111 1604 quae
1161 1530 1356 1587 ordine
1411 1531 1727 1585 constitutae
1778 1530 1835 1584 iu

253 1621 620 1676 universitate
674 1634 858 1677 rerum
895 1621 1170 1690 videntur,
1197 1621 1452 1677 eumdem
1487 1620 1711 1676 modum
1783 1630 1837 1676 et

1936 522 2098 577 πάλιν
2130 523 2198 576 δι’
2232 523 2422 595 ἀτμῶν
2452 524 2699 597 ἀνεδόθη,
2741 528 2834 580 καὶ
2861 527 3005 582 οὕτω
3037 529 3236 597 κύκλος
3268 547 3351 594 τις
3372 531 3532 599 γίνε-

1934 631 2024 691 ται
2058 615 2195 686 πρὸς
2224 615 2417 669 ἑαυτὸν
2450 616 2826 691 ἀναστρέφων,
2855 619 2958 673 καὶ
2979 619 3066 679 διὰ
3089 621 3198 673 τῶν
3229 621 3407 676 αὑτῶν
3430 622 3529 676 ἀεὶ

1934 704 2259 784 περιχωρῶν
2287 725 2346 780 τε
2379 710 2472 768 καὶ
2506 709 2871 780 ἑλισσόμενος.
2917 711 3036 766 Κάν
3061 713 3129 766 τὰ
3164 713 3307 780 φυτά
3334 714 3527 785 εἴπῃς,

1936 801 2040 873 κᾶν
2080 792 2589 877 τάξβλαστήματα,
2631 802 2811 856 πάντα
2862 803 2940 874 τῷ
2981 804 3130 875 αὑτῷ
3168 803 3353 874 κύκλῳ
3382 821 3530 876 συμ-

1935 892 2306 969 περιέρχεται,
2355 893 2422 945 Ἦ
2452 892 2570 965 γάρ,
2598 893 2761 964 ἰκμάς
2787 894 2887 970 διάη
2913 894 3096 965 φυτῶν
3123 895 3156 965 ἢ
3193 896 3532 966 σπερμάτων

1937 987 2053 1048 τοῖς
2100 984 2349 1054 βλαστοῖς
2398 985 2800 1057 συνανέδραμεν
2825 1001 2840 1016 ⁸
2892 983 2992 1040 εἷθ’
3031 988 3154 1041 ὅσον
3184 986 3299 1039 ἐστὶ
3324 986 3533 1055 γεῶδες

1938 1075 2076 1147 αὐτῇ
2122 1076 2507 1145 συνεπόμενον,
2539 1072 2799 1145 ὲναφεῖσα
2843 1077 2921 1148 τῷ
2951 1076 3099 1148 ὄγκῳ
3128 1077 3220 1129 τοῦ
3256 1076 3535 1148 τρεφομέ-

1936 1182 2028 1220 νου
2055 1208 2070 1233 ,
2120 1168 2248 1221 ὅταν
2279 1166 2517 1242 ξηρανθῇ
2564 1168 2628 1231 τὸ
2678 1168 3034 1239 ὑποκείμενον
3072 1167 3150 1239 τῷ
3196 1170 3529 1239 περιέχοντι,

1936 1255 2100 1311 πάλιν
2132 1258 2269 1330 πρὸς
2306 1258 2366 1312 τὸ
2407 1259 2683 1331 ὁμόφυλον
2706 1260 3077 1329 ὲξατμίξεται.
3127 1263 3179 1312 Ἀ
3193 1260 3338 1328 ραιὸς
3370 1258 3426 1311 δὲ
3453 1257 3534 1310 ὣν

1936 1348 1966 1399 ὁ
1991 1347 2102 1419 ἀὴρ
2130 1350 2189 1401 ὲν
2220 1352 2331 1412 τοῖς
2359 1350 2553 1403 ἑαυτοῦ
2592 1351 2821 1422 μορίοις,
2869 1352 2964 1404 καὶ
2992 1351 3092 1421 τῆς
3133 1349 3532 1421 λεπτομερείας
3560 1404 3573 1417 ς

1935 1437 2047 1492 τῶν
2073 1438 2261 1509 ἀτμῶν
2284 1441 2801 1519 λεπτομερέστερος,
2833 1439 2979 1499 ἅπαν
3010 1441 3072 1494 τὸ
3110 1445 3167 1495 ἐν
3201 1440 3349 1511 αὐτῷ
3378 1442 3537 1508 γενό-

1941 1547 2122 1602 μενον,
2157 1531 2296 1603 πρὸς
2337 1532 2399 1585 τὸ
2451 1534 2714 1603 συγγενὲς
2756 1533 3053 1603 διαφίησιν.
3097 1534 3253 1603 Οὕτω
3283 1533 3438 1607 γὰρῆ
3473 1551 3533 1587 τε

1937 1622 2106 1687 κόνις,
2138 1622 2241 1677 κᾶν
2263 1624 2494 1679 ἐπιπολὺ
2526 1624 2622 1678 τοῦ
2655 1624 2815 1694 ἀέρος
2842 1624 3120 1698 διασχεθῇ,
3152 1624 3313 1678 πάλιν
3363 1627 3429 1696 τῇ
3461 1626 3533 1696 γῇ

252 1728 770 1783 mensuram,quam
791 1712 1007 1785 opiﬁcis
1037 1714 1303 1783 sapientia
1328 1713 1527 1783 cuique
1550 1712 1617 1767 ad
1644 1711 1833 1775 mundi

1957 1714 2246 1769 ιποδίδοται
2276 1734 2291 1748 ο
2347 1718 2442 1771 καὶ
2482 1720 2515 1789 ἡ
2568 1717 2735 1789 ἰκμὰς
2775 1718 2876 1771 οὑκ
2922 1717 3238 1781 ἀπόλλυται,
3287 1717 3402 1770 ἀλλ’
3442 1711 3536 1770 sit-

252 1776 721 1874 pulchritudin-em
774 1776 931 1868 initio
964 1776 1327 1875 praescripsit,
1380 1776 1637 1865 tueantur
1669 1808 1834 1868 atque

1957 1801 2123 1872 ptoxst
2176 1805 2237 1858 τὸ
2290 1776 2515 1870 πάντως
2543 1776 2729 1879 ἑαυτῇ⁷
2748 1809 3007 1877 συγγενές
3037 1825 3097 1860 τε
3131 1776 3235 1862 καὶ.
3257 1807 3536 1877 σύμφυλον

250 1903 604 1950 conservent.

1943 1894 2089 1948 κατά
2113 1896 2204 1951 τὸν
2231 1896 2371 1970 ἀέρα
2397 1898 2770 1969 πλανώμενον,
2799 1894 2845 1969 ᾧ
2870 1899 3316 1972 προσπλασθεϊσα
3341 1901 3432 1953 καὶ
3449 1899 3540 1953 διὰ

250 1992 354 2060 τῆς
383 1988 493 2043 τῶν
520 1988 723 2059 ὁμοίων
771 1988 1177 2061 προχωρήσεως
1220 1985 1517 2058 αὑξηθείσα
1538 2025 1554 2049 ,
1603 1983 1765 2039 πάλιν
1802 1984 2111 2053 διογκοῦται
2144 1990 2278 2062 πρὸς
2310 1991 2508 2059 νέφους
2538 1993 2818 2057 σύστασιν,
2855 1991 2949 2046 καὶ
2981 1991 3123 2045 οὕτω
3148 1989 3237 2044 διά
3263 1989 3538 2058 σταγόνων

252 2089 319 2156 τῇ
352 2085 459 2158 ἰδίᾳ
485 2085 645 2154 φύσει
674 2083 1144 2139 ἀποκαθίσταταιο
1182 2082 1326 2136 ὥστε
1355 2080 1634 2152 πανταχοῦ
1660 2079 1731 2133 τά
1760 2078 1854 2133 τοῦ
1885 2081 2092 2153 κόσμου
2121 2102 2180 2138 τε
2218 2085 2574 2156 στοιχειωδῶς
2618 2088 2677 2140 ὲν
2713 2085 2793 2157 τῷ
2825 2087 2988 2140 παντὶ
3044 2084 3395 2155 θεωρούμενα
3448 2081 3541 2137 ἐπὶ

253 2176 348 2231 τοῦ
375 2177 537 2230 αὑτοῦ
571 2177 771 2249 μέτρου
802 2173 1194 2245 φυλάσσεσθαι,
1219 2174 1249 2228 δ
1278 2173 1431 2247 παρά
1473 2173 1574 2244 τὴν
1622 2170 1845 2243 πρώτην
1877 2173 1965 2242 ἐφ’
1999 2175 2233 2231 ἑκάστου
2278 2179 2387 2231 τῶν
2430 2179 2597 2233 ὄντων
2632 2181 2665 2251 ἡ
2715 2180 2875 2248 σοφία
2914 2179 3009 2233 τοῦ
3041 2176 3373 2250 δημιουργοῦ
3405 2175 3541 2248 πρὸς

252 2271 351 2341 τὴν
380 2269 747 2341 εὐαρμοστίαν
774 2268 867 2324 τοῦ
898 2268 1097 2331 παντὸς
1126 2268 1425 2337 διετάξατο.

331 2362 464 2421 Illud
495 2367 663 2437 objici
713 2382 877 2436 posse
912 2380 1022 2421 non
1087 2365 1303 2437 ignoro,
1365 2376 1741 2434 saepenumero
1790 2360 1846 2414 in

258 2460 518 2525 maximis
543 2458 823 2514 caloribus
854 2460 1029 2514 nubes
1052 2472 1147 2527 per
1180 2472 1363 2512 aerem
1386 2456 1648 2526 disjectas
1689 2452 1846 2515 ferri,

258 2551 316 2618 in
343 2565 484 2620 quas
514 2551 560 2612 si
588 2549 800 2605 diutius
826 2548 1026 2619 aliquis
1051 2549 1223 2605 aciem
1252 2548 1539 2603 oculorum
1599 2544 1851 2600 intende-

262 2645 361 2709 rit,
403 2641 699 2712 redarguet
742 2641 1146 2712 quodammodo
1204 2639 1472 2694 rationem
1509 2652 1722 2702 eorum,
1755 2635 1851 2705 qui

257 2739 515 2797 asserunt
548 2741 756 2795 naturae
790 2729 1026 2784 humidae
1056 2731 1193 2784 nihil
1226 2727 1500 2785 consumi.
1547 2726 1682 2780 Nam
1721 2735 1841 2780 tur-

260 2823 501 2879 bulenta:
546 2824 713 2879 nubis
761 2823 1058 2884 Sectiones,
1108 2838 1230 2892 quae
1259 2825 1488 2877 multum
1542 2820 1686 2874 aeris
1719 2834 1848 2890 spa-

260 2919 399 2975 tium
425 2923 729 2985 occupant,
764 2915 1000 2986 primum
1033 2914 1257 2983 quidem
1311 2913 1482 2968 nimia
1518 2911 1736 2967 ardoris
1792 2911 1845 2966 vi

261 3017 514 3061 accensae
536 3003 973 3074 magnitudinem
998 3003 1352 3069 contrahunt,
1371 3001 1569 3058 deinde
1596 3001 1848 3056 incendio

261 3098 552 3153 exsiccatae
613 3097 837 3168 penitus
884 3096 1194 3158 abolentur,
1241 3095 1378 3149 adeo
1409 3102 1470 3149 ut
1515 3095 1747 3149 humore
1779 3093 1849 3147 ab

261 3200 400 3253 aestu
445 3167 799 3259 consumpto,
855 3187 992 3243 nihil
1021 3187 1251 3241 omnino
1312 3186 1676 3257 relinquatur.
1728 3167 1918 3251 Quoc

262 3274 489 3345 quidem
522 3283 851 3346 argumento
882 3288 1150 3344 vaporum
1182 3273 1325 3329 ratio
1348 3273 1635 3330 refellitur.
1665 3273 1851 3329 Nubes

265 3367 415 3422 enim
438 3367 495 3421 in
523 3368 813 3437 superiore
829 3365 1133 3422 turbulenti
1158 3366 1486 3435 ventosique
1519 3365 1682 3435 hujus
1708 3363 1852 3419 aeris

268 3466 427 3528 parte
457 3460 777 3514 constitutae
808 3458 945 3515 nihil
974 3460 1293 3529 graviorum
1342 3472 1607 3529 vaporum
1663 3457 1717 3510 in
1752 3471 1851 3510 na-

267 3557 411 3605 turae
439 3565 555 3605 sua:
576 3550 899 3606 tenuitatem
921 3550 1236 3616 admittunt,
1258 3564 1381 3605 eum
1408 3564 1599 3605 omnes
1624 3563 1855 3621 vapores

270 3651 326 3698 et
353 3644 734 3700 exhalationes
764 3642 1097 3699 crassiorem
1119 3641 1267 3695 iIIam
1301 3640 1446 3695 aeris
1467 3648 1700 3710 partem,
1734 3655 1858 3710 quae

272 3742 474 3789 terram
511 3737 740 3806 propius
772 3734 961 3797 ambit,
999 3744 1196 3789 natura
1238 3732 1561 3803 praeﬁnitam
1595 3732 1852 3795 habeant,

272 3841 376 3885 nec
427 3827 662 3882 ulterius
693 3826 948 3896 progredi
994 3826 1229 3896 possint.
1266 3823 1401 3879 Nam
1461 3825 1645 3881 tenuis
1692 3835 1858 3894 atque

272 3918 496 3972 aetheria
530 3919 621 3971 illa
650 3919 801 3986 regio
836 3918 975 3971 nihil
1025 3931 1276 3973 crassum
1313 3916 1573 3971 admittit.
1622 3915 1857 3983 Quidam

275 4024 335 4064 se
359 4009 627 4063 montium
656 4010 1055 4064 altissimorum
1085 4010 1320 4064 vertices
1342 4009 1548 4065 vidisse
1581 4009 1861 4064 memoria:

274 4100 655 4170 prodiderunt,
681 4101 739 4154 in
763 4114 906 4170 quos
923 4114 1026 4155 nec
1051 4100 1230 4155 nubes
1256 4099 1691 4164 ascendere,nec
1714 4102 1860 4155 venti

277 4193 549 4262 aspirare,
572 4207 674 4247 nec
693 4194 951 4247 volucres
974 4192 1148 4262 magis
1163 4191 1421 4269 advolare
1439 4194 1672 4263 possint,
1694 4205 1860 4261 quam

275 4284 535 4339 animalia
555 4298 676 4354 quae
691 4284 840 4338 humi
858 4283 1109 4339 demersa
1128 4292 1278 4349 sunt,
1292 4283 1346 4337 in
1361 4299 1485 4339 aere
1495 4284 1661 4338 vitam
1682 4297 1860 4353 agere.

278 4375 353 4433 Ut
391 4376 700 4447 perspicum
732 4376 824 4440 sit,
851 4390 975 4431 esse
1006 4375 1297 4447 quemdam
1332 4375 1386 4429 in
1411 4389 1536 4430 aere
1569 4375 1863 4428 terminum

278 4470 659 4530 constitutum,
693 4482 856 4539 quem
902 4467 1274 4523 crassioribus
1308 4475 1468 4521 terra:
1499 4465 1864 4522 exhalationi—

279 4565 384 4620 bus
430 4561 728 4625 transilire,
774 4568 833 4614 ut
880 4559 947 4614 ad
992 4561 1277 4630 superiora
1319 4560 1712 4625 conscendant,
1755 4573 1865 4613 non

278 4658 461 4712 liceat.
511 4653 877 4722 Quamobrem
933 4652 988 4707 in
1039 4652 1305 4707 montium
1362 4651 1743 4707 cacuminibus
1797 4649 1866 4703 ad

279 4757 523 4805 aestatem
575 4762 751 4816 usque
795 4754 1119 4818 permanent
1166 4745 1349 4809 nives,
1403 4758 1503 4799 nec
1548 4741 1864 4812 liqueﬁunt,

280 4844 426 4913 quod
461 4842 750 4896 humorum
784 4839 841 4894 in
868 4853 933 4895 ea
964 4844 1117 4909 parte
1147 4837 1428 4893 concretio
1457 4837 1679 4893 assidue
1708 4836 1869 4892 refri-

281 4942 435 5006 geret
466 4949 668 4989 aerem.
703 4931 1011 4999 Quinetiam
1044 4930 1233 5000 igneos
1270 4935 1500 4991 tractus,
1534 4943 1674 4997 quos
1694 4927 1868 4997 prosi-

283 5027 478 5081 lientes
517 5024 703 5080 stellas
731 5022 950 5093 quidam
983 5030 1197 5084 vocant,
1232 5035 1298 5075 ex
1327 5021 1517 5075 eadem
1550 5033 1714 5074 causa
1753 5018 1866 5072 ﬁeri

281 5117 482 5172 docent
512 5115 807 5184 sapientes,
842 5113 933 5182 qui
960 5128 1048 5167 res
1071 5109 1337 5181 ejusmodi
1362 5110 1698 5180 proﬁtentur.
1725 5106 1870 5164 Ven-

280 5212 463 5262 torum
483 5203 631 5260 etaim
657 5203 708 5257 vi
728 5203 1029 5258 crassiores
1043 5201 1308 5271 quasdam
1327 5214 1392 5255 ac
1414 5199 1697 5257 densiores
1724 5201 1868 5256 aeris

284 5307 470 5369 partes
502 5296 557 5350 in
588 5295 867 5366 regionem
912 5294 1191 5350 aetheriam
1238 5291 1519 5361 compelli,
1556 5306 1665 5362 quo
1705 5292 1869 5348 simul

284 5397 447 5458 atque
460 5385 827 5458 pervenerint,
844 5384 1082 5449 incendi,
1096 5384 1368 5439 ﬂammam
1382 5397 1600 5453 quoque
1609 5398 1733 5438 cum
1747 5400 1872 5441 ven-

284 5488 344 5539 to
364 5481 527 5535 simul
544 5476 1212 5548 exstingui.Quamobrem
1240 5490 1365 5530 cum
1386 5474 1495 5528 diei
1527 5478 1869 5546 nonpossint

287 5587 521 5643 vapores
552 5571 823 5627 exstincta
869 5569 1011 5623 nube
1049 5582 1269 5622 rursum
1320 5566 1654 5631 consistere,
1706 5576 1766 5622 ut
1801 5585 1867 5625 ex

289 5659 895 5733 illis,quemadmodum
938 5659 992 5712 in
1040 5656 1394 5712 inferioribus
1433 5656 1547 5711 ﬁeri
1588 5657 1866 5726 videmus,

290 5754 469 5813 relicti
516 5753 723 5811 humidi
772 5752 981 5810 reditus
1030 5750 1238 5822 sperari
1279 5759 1474 5822 queat,
1517 5765 1746 5810 necesse
1786 5766 1871 5811 est

2035 2361 2174 2415 Ἀλλ’
2201 2358 2323 2433 οἷδοι¹
2364 2362 2455 2415 τὸν
2495 2360 2885 2417 ἀντιπίπτοντα
2905 2363 3097 2431 λόγον·
3135 2359 3396 2421 πολλάκις
3432 2356 3541 2428 γὰρ

1950 2450 2099 2511 ἔστιν
2123 2452 2265 2509 ἰδεῖν.
2299 2454 2356 2505 ἐν
2382 2453 2726 2526 σφοδροτέρῳ
2756 2454 2998 2516 καύσωνι
3024 2452 3161 2521 νέφη
3189 2448 3312 2504 τινὰ
3335 2448 3425 2502 διὰ
3443 2448 3566 2515 τοῦν

1952 2542 2113 2613 ἀέρος
2155 2544 2601 2616 κατεσπαρμένα,
2632 2539 2716 2609 οἷς
2761 2547 2813 2607 εἰ
2851 2563 2936 2610 τις
2969 2545 3061 2598 ἐπὶ
3090 2544 3275 2597 πλεῖον
3303 2543 3544 2597 ὲνατενί-

1953 2651 2117 2700 σειεν,
2162 2635 2373 2705 ἐλέγξει
2422 2653 2544 2700 πως
2575 2637 2666 2690 τὸν
2704 2636 2862 2705 λόγον
2909 2637 3117 2699 τοῦτον,
3150 2637 3209 2701 ὃς
3246 2636 3412 2707 μηδὲν
3438 2635 3548 2708 ’τῆς⁸

1953 2727 2127 2798 ὑγρᾶς
2163 2729 2377 2797 φύσεως
2405 2729 2853 2795 ὲξᾳναλίσκεσθαι
2883 2729 3051 2797 λέγει.
3105 2727 3187 2782 Τὰ
3218 2730 3327 2800 γὰρ
3372 2727 3544 2801 θρομ-

1953 2819 2132 2892 δοειδῆ
2182 2820 2278 2874 τοῦ
2321 2821 2520 2892 νέφους
2567 2824 2870 2893 τμήματα,
2924 2822 3166 2894 πολλαχῆ
3231 2821 3324 2874 τοῦ
3382 2821 3544 2891 ἀέρος

1953 2911 2345 2982 ὲσκεδασμένα,
2379 2911 2592 2984 πρῶτον
2620 2913 2719 2982 μὲν
2750 2912 3066 2966 ἐλαττοῦται
3092 2913 3234 2966 κατά
3268 2912 3358 2965 τὸν
3379 2913 3543 2981 δγκον

1952 3004 2031 3074 τῷ
2061 3004 2454 3074 ὑπερϐάλλοντι
2479 3004 2572 3063 τοῦ
2605 3004 2847 3074 φλογμοῦ
2881 3003 3234 3076 ἐξοπτώμενα
3301 2999 3418 3058 εἶτα
3448 3004 3545 3058 καὶ

1955 3097 2035 3159 εἰς
2072 3096 2135 3148 τὸ
2186 3092 2450 3160 παντελὲς
2477 3095 2797 3171 ἀφανίζεται
2832 3098 3255 3167 καταφρυγέντα
3296 3095 3372 3166 τῷ
3413 3094 3548 3150 καὺ-

1953 3204 2105 3249 σωνι,
2133 3187 2210 3251 ὡς
2238 3188 2374 3259 μηδὲ
2411 3188 2580 3261 βραχὺ
2614 3207 2667 3240 τι
2718 3188 2971 3257 λείψανον
3003 3188 3416 3258 ὑπολειφθῆναι,
3448 3184 3545 3241 τοῦ

1955 3278 2200 3350 φλογμοῦ
2226 3281 2327 3350 τὴν
2360 3280 2561 3349 ἰκμάδα
2592 3278 3091 3349 καταξηράναντος.
3130 3278 3301 3332 Τοῦτο
3330 3279 3386 3331 δὲ
3417 3279 3549 3330 οὑκ-

1955 3368 2035 3422 έτι
2059 3370 2175 3423 ἐστὶ
2197 3368 2274 3441 τῷ
2293 3369 2403 3422 τῶν
2422 3369 2611 3441 ἀτμῶν
2632 3369 2779 3440 λόγῳ,
2798 3369 3320 3441 παραμυθήσασθαι.
3352 3370 3415 3422 'il
3438 3370 3547 3440 γὰρ

1956 3458 2069 3513 ἀνω
2095 3459 2205 3513 τῶν
2228 3459 2404 3528 νεφῶν
2432 3460 2764 3522 κατάστασις
2792 3461 2825 3530 ἡ
2856 3458 2950 3512 τοῦ
2984 3458 3206 3530 θολεροῦ
3237 3459 3429 3512 τούτου
3454 3460 3561 3511 καί.

1964 3551 2376 3622 πνευματώδους
2396 3552 2555 3624 ἀέρος
2583 3552 2979 3623 ὑπερκειμένη,
3011 3553 3164 3604 οὐδὲν
3188 3550 3296 3607 τῶν
3320 3549 3559 3622 βαρυτέ-,

1963 3663 2070 3717 ρων
2101 3649 2160 3700 ὲν
2185 3649 2252 3717 τῇ
2281 3646 2571 3717 λεπτότητι
2596 3646 2696 3715 τῆς
2730 3645 2865 3709 ἰδίας
2903 3644 3118 3712 φύσεως
3150 3643 3544 3714 καταδέχεται·

1959 3735 2094 3789 ἀλλά
2112 3737 2310 3799 πάντες
2332 3736 2494 3806 ἀτμοὶ
2515 3737 2609 3789 καὶ
2626 3737 2795 3789 πᾶσαι
2812 3736 3204 3806 ἀναθυμιάσεις
3220 3737 3347 3808 ὅρον
3364 3734 3564 3806 έχουσι

1959 3827 2059 3897 τῆς
2082 3829 2175 3881 ἐπὶ
2194 3828 2254 3881 τὸ
2276 3827 2388 3882 ἀνω
2412 3830 2584 3899 φορᾶς
2604 3828 2704 3899 τὴν
2723 3827 2816 3883 τοῦ
2839 3826 3119 3899 περιγείου
3142 3827 3305 3899 ἀέρος
3329 3827 3470 3880 κατά
3490 3826 3561 3891 τὸ,

1965 3919 2131 3991 μέρος
2154 3921 2329 3973 ἐκεῖνο
2357 3920 2663 3991 παχύτητα,
2684 3914 2753 3992 ἧς
2779 3918 3025 3972 διαδῦναι
3053 3919 3146 3972 ἐπὶ
3168 3918 3230 3971 τὸ
3250 3918 3363 3973 ἀνω
3388 3917 3549 3988 φύσιν

1961 4009 2062 4062 οὐκ
2094 4008 2227 4081 ἔχει.
2260 4009 2334 4063 Οὑ
2354 4010 2464 4080 γὰρ
2494 4008 2561 4062 ἀν
2587 4007 2939 4078 ὑπολειφθείη
2969 4009 3026 4060 ἑν
3046 4009 3125 4079 τῷ
3151 4008 3332 4080 λεπτῷ
3361 4027 3421 4061 τε
3455 4009 3553 4064 καὶ

1962 4102 2280 4174 αἰθεροειδεί
2296 4104 2405 4156 τῶν
2426 4101 2807 4174 παχυμερεστέ
2817 4118 2923 4171 ρων
2939 4101 3112 4154 οὐδέν.
3139 4100 3327 4164 Οὕτως
3346 4098 3438 4155 οὖν
3457 4103 3550 4155 καὶ

1963 4194 2106 4266 ὀρῶν
2119 4212 2277 4248 τινων
2299 4193 2692 4267 ὑπερμεγεθῶν
2708 4193 2809 4257 τάς
2839 4192 3149 4263 ἀκρωρείας
3170 4193 3220 4246 οἱ
3240 4194 3553 4264 ἱστορήσανρ

1964 4303 2055 4350 τες
2075 4286 2323 4354 λέγουσιν
2347 4287 2674 4357 ὑπερνεφεῖς
2701 4286 2800 4355 μὲν
2827 4280 2967 4336 εἶναι
2993 4284 3083 4337 ἀεὶ
3116 4284 3210 4337 καὶ
3229 4286 3557 4353 ἀνεφίκτους⁴

1965 4379 2077 4442 τοῖς
2095 4377 2390 4449 πνεύμασι,
2404 4379 2498 4431 καὶ
2521 4382 2635 4441 τοῖς
2654 4379 2878 4448 πτηνοῖς
2895 4378 3176 4447 ἀμήχανον
3192 4379 3292 4446 τὴν
3317 4380 3404 4430 ἐπ’
3420 4377 3553 4430 ὲκεί-

1968 4488 2074 4525 νων
2090 4469 2344 4537 γενέσθαι
2364 4472 2580 4539 πτῆσιν,
2600 4469 2698 4538 οὑχ
2717 4463 2880 4540 ἦττον
2897 4469 2930 4537 ἢ
2952 4471 3062 4531 τοῖς
3085 4468 3437 4538 ὑποϐρυχίοις
3458 4467 3552 4537 τὴν

1970 4563 2029 4614 ἑν
2050 4561 2174 4633 ἀέρι
2203 4559 2370 4630 ζωὴν,
2400 4560 2476 4623 ὡς
2519 4558 2609 4612 διὰ
2636 4561 2856 4614 πάντων
2887 4559 3074 4628 σαφῶς
3108 4559 3549 4623 ἀποδείκνυσθαι,

1967 4647 2107 4706 εἷναί
2137 4668 2190 4703 τι
2221 4649 2363 4703 κατά
2400 4650 2492 4703 τὸν
2532 4650 2671 4722 ἀέρα
2702 4649 2840 4721 πρὸς
2880 4649 2972 4703 τὸν
3005 4642 3398 4721 ὑπερκείμενον
3443 4650 3551 4721 χῶ-

1969 4758 2062 4814 ρον
2098 4740 2364 4811 μεθόριον,
2394 4740 2423 4794 ὃ
2453 4742 2587 4794 πᾶσι
2637 4744 2750 4805 τοῖς
2793 4742 3294 4813 παχυμερεστέροις
3341 4737 3447 4795 τῶν
3489 4744 3551 4796 ὲκ

1966 4836 2065 4904 τῆς
2098 4833 2203 4903 γῆς
2228 4833 2690 4904 ἀναθυμιωμένων
2717 4833 2890 4904 ὁρίζει
2926 4834 3023 4904 τὴν
3061 4834 3269 4887 στάσιν
3303 4828 3366 4887 οὗ
3394 4835 3552 4906 χάριν

1967 4925 2060 4979 καὶ
2092 4925 2253 4995 μέχρι
2277 4924 2375 4995 τῆς
2405 4922 2553 4993 ὥρας
2583 4922 2677 4976 τοῦ
2718 4923 2929 4991 θέρους,
2968 4924 3202 4993 άτηκτος
3241 4924 3274 4995 ἠ
3317 4926 3409 4978 ἐπὶ
3445 4925 3551 4979 τῶν

1967 5015 2285 5088 ἀκρωρειῶν
2311 5015 2552 5087 διαμένει
2571 5015 2724 5085 χιὼν,
2747 5016 2844 5084 τῆς
2871 5015 2981 5068 τῶν
3001 5015 3190 5086 ἀτμῶν
3244 5014 3555 5077 συστάσεως

1967 5110 2091 5164 κατ’
2116 5111 2291 5163 έκεῖνο
2322 5109 2382 5162 τὸ
2414 5108 2577 5179 μέρος
2613 5106 2875 5177 διηνεκῶς
2909 5108 3001 5161 τὸν
3038 5107 3176 5179 ἀέρα
3206 5105 3550 5179 καταψυχοὺ-

1970 5219 2089 5273 σης.
2128 5200 2286 5254 Ἀλλὰ
2332 5201 2426 5253 καὶ
2476 5199 2603 5262 τοὺς
2649 5199 2953 5270 πυροειδεῖς
3001 5199 3212 5263 ὁλκοὺς,
3261 5198 3355 5263 οὓς
3410 5215 3552 5264 τινες

1967 5294 2279 5356 διάττοντας
2326 5290 2582 5345 καλοῦσιν
2622 5291 2880 5363 ἀστέρας,
2932 5292 2997 5344 ὲκ
3037 5292 3136 5362 τῆς
3172 5291 3347 5362 αὐτῆς
3375 5292 3552 5355 αἰτίας

1966 5382 2232 5454 γίνεσθαι,
2291 5379 2699 5450 φυσιολογοῦσιν
2753 5380 2804 5433 οἰ
2852 5380 3026 5434 ταῦτα
3082 5380 3269 5449 σοφοὶ,
3315 5380 3445 5433 ὅταν
3488 5378 3549 5432 ἔκ

1968 5491 2129 5530 τινων
2169 5472 2491 5544 πνευμάτων
2538 5469 2660 5542 βίας
2701 5470 2975 5542 ὑπερχεθῇ
3018 5487 3070 5523 τι
3106 5469 3202 5523 τοῦ
3248 5469 3547 5540 παχυτέρου

1969 5571 2064 5625 καὶ
2096 5566 2456 5638 ὑλωδεστέρου
2484 5564 2646 5635 ἀέρος
2676 5564 2768 5617 ὲπί⁸
2793 5563 2883 5616 τὸν
2913 5563 3151 5634 αἰθέριον
3178 5562 3361 5624 τόπον,
3394 5560 3553 5623 εὐθὺς

1970 5656 2365 5727 ὲκφλογοῦσθαι
2412 5656 2523 5710 ἄνω
2578 5654 2901 5726 γενόμενον·
2957 5652 3221 5708 καὶκατὰ
3268 5652 3364 5725 τὴν
3413 5650 3555 5707 ἐνδοέ

1972 5752 2159 5806 θεῖσαν
2190 5751 2254 5804 ὲκ
2286 5746 2379 5804 τοῦ
2409 5746 2715 5819 πνεύματος
2751 5745 2949 5820 ὁρμὴν,
2975 5745 3075 5819 τὴν
3122 5746 3296 5817 φλόγα
3327 5744 3564 5815 ῥέουσαν.
