3844 6226
137 283 202 340 97
1343 283 1408 336 ΙΝ
1449 282 1588 338 “EX
1601 283 1724 338 AEN

1834 281 1932 338 .οΝ
1973 281 2200 337 LIBER.
3347 277 3418 332 98

138 399 412 473 φέρεσθαι·
451 399 765 463 σϐεσθέντος
811 399 868 452 δὲ
897 399 991 452 τοῦ
1038 397 1366 470 πνεύματος,
1411 420 1724 474 συναπομα-

1834 416 2020 456 eorum
2045 399 2372 456 sententiam
2397 397 2722 468 approbare,
2745 396 2842 467 qui
2859 395 3142 452 humidum
3167 396 3342 458 exuri,
3361 406 3418 450 ct

139 493 408 567 ραὲνεσθαι
453 493 546 546 καὶ
593 495 692 562 τὴν
721 491 916 562 φλόγα.
953 491 1045 562 Τῷ
1091 493 1362 563 πνεύματι
1407 494 1586 548 τοίνυν
1625 496 1726 550 οὑκ

137 586 246 640 ἐπι
296 583 522 639 δυνατὸν
569 586 744 638 εἰπεῖν
789 585 951 638 πάλιν
993 585 1200 655 ἀτμοὺς
1227 586 1288 638 ὲν
1315 585 1395 656 τῷ
1433 585 1726 658 ἀφανισμῷ

135 676 226 731 τοῦ
275 677 471 745 νέφους
511 677 904 730 συνίστασθαι·
956 676 1032 739 ὠς
1082 676 1150 730 δι’
1200 677 1427 730 ἐκείνων
1483 677 1723 742 ἐλπίσαι,

137 775 252 828 καθ’
293 773 588 844 ὁμοιότητα
633 773 742 826 τῶν
793 771 1034 826 κάτωθεν
1070 771 1363 844 ῥηθέντων,
1401 771 1497 826 τοῦ
1519 763 1724 843 ἀναλη-

135 865 356 935 φθέντος
413 864 582 934 ὑγροῦ
641 866 742 934 τὴν
789 865 1069 929 ἐπάνοδον,
1119 865 1334 936 ἀνάγκη
1384 865 1726 920 συντίθεσθαι

135 962 242 1022 τοῖς
282 960 602 1012 ἑκκαίεσθαι
637 959 698 1011 τὸ
751 959 918 1028 ὑγρὸν
967 958 1378 1029 δογματίζουσι,
1427 961 1522 1013 καὶ
1561 961 1640 1024 εἰς
1667 947 1728 1014 ei

140 1053 212 1124 μὴ
257 1051 317 1105 ὃν
363 1051 766 1123 περιΐστασθαι.
812 1051 950 1104 Ἀλλ’
981 1052 1093 1119 ἐγὼ
1125 1052 1186 1104 τὸ
1225 1053 1322 1122 μὲν
1372 1051 1725 1120 ἀφανίζεσθαι

135 1143 210 1214 τῷ
237 1143 626 1214 ὑπερὸἀλλοντι
665 1143 900 1212 φλογμῷ
940 1143 1041 1212 τὴν
1079 1145 1138 1196 ὲν
1179 1145 1293 1204 τοῖς
1335 1144 1526 1212 ἀτμοῖς
1561 1145 1724 1214 ὑγρό-

133 1251 266 1304 τητα
301 1233 580 1302 πείθομαι,
619 1233 850 1303 μάταιον
883 1233 977 1284 καὶ
1019 1232 1292 1302 ἐριστικὸν
1329 1228 1466 1284 εἷναι
1501 1233 1724 1303 κρίνων,

131 1325 192 1378 τὸ
219 1329 330 1386 τοῖς
364 1327 616 1396 φανεροῖς
649 1322 1074 1394 ἀντιμάχεσθαισ
1103 1323 1226 1376 ἐπεὶ
1257 1323 1314 1375 δὲ
1349 1325 1617 1394 προσήκει
1653 1323 1726 1394 μὴ

135 1418 326 1485 καμεῖν
360 1413 698 1485 πανταχόθεν
725 1415 1104 1484 ἀνιχνεὺοντας
1131 1413 1230 1486 τὴν
1263 1413 1547 1485 ἀλήθειαν,
1576 1415 1726 1466 οὐδὲν

133 1504 288 1579 ἧττον
316 1507 524 1560 τούτων
562 1507 884 1578 γινομένων,
922 1507 1066 1576 φημὶ
1098 1505 1158 1559 τὸ
1194 1506 1392 1577 μέτρον
1419 1507 1518 1577 τῆς
1551 1507 1726 1577 ὑγρᾶς

133 1600 344 1670 φύσεως
378 1600 648 1668 ἀμείωτον
681 1597 1062 1664 διασώζεσθαι,
1105 1600 1200 1650 καὶ
1238 1599 1326 1652 ἀεὶ
1375 1597 1438 1651 τὸ
1478 1598 1728 1652 δαπανῶο

133 1707 287 1761 μενον
315 1688 731 1757 ἀντεισάγεσθαι
770 1689 988 1751 πάντως
1016 1687 1093 1757 τῷ
1135 1687 1396 1741 λείποντι.
1439 1689 1506 1760 Ὃ
1545 1685 1602 1740 δέ
1635 1705 1725 1758 μοι

129 1781 225 1850 τὴν
266 1781 524 1850 τοιαύτην
576 1779 846 1849 ὑπόληψιν
905 1778 1128 1848 βεϐαίαν
1177 1782 1339 1844 ποιεῖ,
1369 1775 1516 1832 τοῦτ’
1559 1779 1722 1831 ἐστιν’
1759 1765 1800 1825 Β

141 1874 228 1926 Ἐν
259 1877 326 1944 τῇ
364 1873 486 1926 καθ’
516 1875 666 1942 ἡμᾶς
697 1871 790 1924 τοῦ
822 1872 992 1942 πυρὸς
1023 1873 1296 1942 ἐνεργείᾳ,
1325 1871 1482 1925 τοῦτο
1511 1873 1598 1926 διὰ
1630 1875 1724 1943 τῆς

131 1966 322 2035 πείρας
365 1965 732 2034 μανθάνομεν,
763 1965 846 2016 ὅτι
878 1965 938 2016 οὑ
975 1963 1158 2026 πάσας
1187 1963 1286 2025 τὰς
1315 1965 1602 2035 ποιότητας
1629 1966 1726 2034 τῆς

131 2056 258 2124 ὕλης
286 2057 346 2109 τὸ
381 2056 494 2127 πῦρ
541 2055 914 2118 ἐπιϐόσκεται,
943 2054 1057 2108 ἀλλ’
1087 2050 1156 2124 ἦς
1205 2055 1270 2108 ἃν
1299 2055 1689 2127 περιδράξηται
1709 2073 1723 2087 ·

131 2143 234 2202 οἴω
259 2149 395 2220 φέρε
421 2151 598 2202 εἰπεῖν
628 2150 720 2200 ἐπὶ
759 2147 860 2216 τῆς
900 2147 994 2200 τοῦ
1026 2147 1208 2200 ἐλαίου
1241 2145 1394 2217 ὕλης,
1424 2147 1612 2218 ἐπειδὴ
1639 2146 1734 2200 κεέἵ

121 2233 394 2313 ’χὼρισται
421 2241 522 2311 τῆς
555 2240 770 2310 ψυχρᾶς
802 2237 1110 2312 ποιότητος,
1143 2240 1202 2290 ὲν
1237 2239 1304 2308 τῇ
1337 2237 1436 2310 ὕλῃ
1467 2237 1639 2310 ταύτῃ
1665 2238 1728 2291 τὸ

133 2335 290 2403 ὑγρὸν
339 2333 580 2396 εὐκόλως
623 2333 729 2386 ὑπό
773 2332 874 2402 τῆς
907 2331 1238 2405 θερμότητος
1269 2331 1372 2383 τοῦ
1419 2332 1589 2402 πυρὸς
1639 2331 1720 2398 ἐξ·

129 2425 408 2495 ειλκὺσθη,
435 2427 528 2478 καὶ
555 2425 686 2494 φλὸξ
707 2425 942 2493 ἐγένετο.
983 2424 1120 2477 Ἀλλ’
1165 2425 1226 2476 οὑ
1253 2423 1410 2493 μόνον
1444 2426 1522 2486 είς
1554 2424 1728 2493 φλόγα

129 2518 185 2570 τὸ
213 2519 396 2570 ἔλαιον
434 2517 524 2570 διά
549 2517 641 2569 τοῦ
681 2516 850 2586 πυρὸς
883 2515 1175 2586 ἠλλοιώθη,
1208 2515 1344 2568 ἀλλά
1393 2517 1486 2568 καὶ
1533 2515 1594 2568 τὸ
1632 2517 1726 2568 τοῦ

126 2610 298 2681 πυρὸς
341 2609 438 2662 τοῦ
475 2608 770 2678 γενομένου
800 2608 908 2661 ἀπὸ
953 2607 1046 2660 τοὺ
1095 2607 1298 2668 ἐλαίου,
1334 2607 1518 2677 φησὶν,
1564 2608 1728 2678 ὑγρὸν

127 2703 266 2774 μετά
307 2703 370 2754 τὴ
411 2702 545 2772 πῦρ,
585 2701 724 2772 ξηρά
757 2701 966 2768 γίνεται
1009 2693 1190 2764 κόνις·
1229 2700 1364 2770 ὅπερ
1400 2699 1586 2768 σαφῶς
1624 2701 1730 2753 δεί-

124 2809 318 2844 κνυσιν
375 2793 410 2862 η
461 2793 525 2844 ἐκ
573 2791 666 2844 τοῦ
711 2791 907 2860 λύχνου
936 2789 1122 2856 λιγνὺς
1159 2789 1634 2859 καταμελαίνουσα
1669 2789 1729 2842 τὸ

121 2885 219 2956 τῆς
253 2883 456 2952 φλογὸς
509 2883 942 2953 ὑπερκείμενονο
983 2883 1122 2950 ὅπερ
1164 2882 1212 2932 εί
1267 2881 1357 2932 ἐπὶ
1411 2879 1595 2932 πλεῖον
1645 2880 1730 2948 γί-

119 2993 325 3045 γνοιτο,
361 2977 458 3030 καὶ
505 2975 668 3044 ὄγκος
712 2993 796 3037 τις
836 2972 1274 3044 ὑποστρέφεσθαι
1299 2971 1378 3042 τῷ
1409 2972 1496 3026 διὰ
1519 2973 1618 3041 τῆς
1647 2971 1729 3024 λι-

119 3069 284 3138 γνύος
325 3067 702 3139 μελαινομένῳ
737 3069 908 3136 τόπῳ.
945 3065 1112 3118 Ὅθεν
1141 3064 1300 3136 δῆλόν
1327 3066 1496 3129 ἐστιν,
1533 3065 1616 3117 ὅτι
1649 3065 1728 3127 εἰς

1826 495 1881 548 in
1907 495 2138 548 nihilum
2170 491 2343 562 redigi
2371 489 2618 545 tradunt.
2651 489 2760 560 Ego
2789 504 2937 554 vero,
2971 498 3032 543 ut
3063 489 3280 558 vaporis
3313 488 3416 542 hu-

1825 600 2034 641 morem
2057 585 2126 640 ab
2149 575 2516 654 eisuperanie
2537 583 2792 636 incendlo
2813 581 3064 636 consumi
3117 581 3414 636 concedam

1827 676 2006 748 (stulti
2025 677 2172 732 enim
2197 692 2260 730 ac
2281 673 2582 746 pertinacis
2609 673 2846 729 hominis
2863 673 3072 742 judico,
3103 674 3265 729 rebus
3293 683 3418 742 per-

1827 768 2034 839 spicuis
2065 766 2390 832 adversari),
2423 761 2628 830 tamen,
2659 763 2920 835 quoniam
2950 755 3196 832 undique
3213 763 3416 816 verita-

1827 872 1934 916 tem
1979 859 2298 930 indagantes
2333 858 2556 928 fatigari
2601 857 2711 912 non
2751 857 2929 920 decet,
2973 869 3164 910 assero
3207 857 3416 910 natura:

1829 953 2064 1008 humida:
2094 966 2410 1006 mensuram
2439 951 2578 1004 nihil
2622 950 2969 1004 imminutam
2999 949 3335 1012 conservari,
3363 951 3417 1002 et

1829 1046 1972 1116 quod
2002 1053 2388 1113 consumptum
2420 1049 2526 1106 est,
2554 1041 2780 1112 rependi
2807 1055 3038 1110 prorsus
3061 1035 3226 1111 atque
3255 1037 3416 1096 resti-

1829 1139 1930 1190 tui.
1954 1135 2110 1202 Quod
2143 1143 2324 1188 autem
2357 1136 2412 1190 in
2443 1135 2544 1189 hac
2571 1149 2658 1189 me
2685 1133 2955 1188 sententia
2977 1131 3284 1194 conﬁrmat,
3310 1131 3416 1185 ho‘c‘

1828 1239 1913 1284 est
1943 1229 2148 1300 :lgnis,
2209 1237 2270 1282 ut
2303 1243 2370 1284 ex
2403 1228 2620 1282 actione
2649 1227 2824 1298 ipsius
2845 1225 2934 1280 hic
2961 1226 3104 1296 apud
3123 1241 3223 1280 nos
3253 1222 3419 1296 expe-

1829 1323 2020 1386 rimur,
2053 1337 2162 1376 non
2191 1335 2386 1376 omnes
2413 1320 2672 1386 materiae,
2715 1335 2878 1390 quam
2903 1317 3156 1390 ‘cdrripit,
3185 1317 3420 1388 qualitaé

1829 1417 1912 1466 tes
1939 1411 2274 1480 depascitur.
2315 1409 2562 1481 Exempli
2605 1411 2782 1480 gratia
2813 1411 2868 1464 in
2897 1409 3004 1464 olei
3033 1411 3282 1472 materia,
3317 1408 3419 1462 hu-

1829 1503 2049 1557 miditas
2079 1510 2434 1574 posteaquam
2457 1518 2486 1556 a
2510 1503 2774 1572 qualitate
2801 1501 2994 1572 frigida
3027 1501 3276 1568 seiuncta
3307 1509 3416 1564 est,

1832 1596 1993 1650 facile
2015 1597 2083 1650 ab
2113 1597 2254 1666 ignis
2285 1595 2564 1652 caliditate
2593 1581 2907 1658 attrahitur,
2939 1603 2994 1649 et
3023 1593 3415 1647 inﬂammatur;

1834 1681 1940 1742 Sed
1972 1703 2082 1740 non
2117 1687 2294 1742 solum
2323 1687 2378 1742 in
2407 1671 2682 1742 flammam
2717 1687 2897 1742 oleum
2931 1687 3290 1750 convertitur,
3321 1683 3419 1740 ve-

1829 1795 1951 1834 rum
1998 1781 2162 1834 etiam
2203 1789 2328 1848 post
2379 1779 2562 1850 ignem
2615 1783 2684 1836 ex
2721 1779 2828 1834 olei
2875 1778 3200 1832 humiditate
3236 1781 3418 1831 ortum

1779 1867 1790 1878 ’
1831 1873 2020 1928 aridus
2051 1874 2194 1928 cinis
2224 1872 2477 1938 efficitur,
2519 1873 2572 1928 id
2605 1873 2752 1944 quod
2773 1885 2961 1942 aperte
2993 1873 3326 1942 perspicitur
3350 1877 3418 1925 ex

1831 1964 2070 2019 lucernae
2103 1963 2349 2034 fuligine,
2381 1979 2488 2034 qua
2519 1979 2583 2020 ea
2613 1979 2734 2033 qua:
2781 1979 2948 2034 supra
2990 1963 3264 2016 ﬂammam
3315 1962 3420 2018 sila

1831 2063 1982 2120 Sunt,
2015 2058 2354 2126 nigrescunt.
2393 2051 2550 2124 Quod
2583 2058 2632 2112 si
2661 2057 2868 2110 diatius
2901 2057 3012 2118 liat,
3051 2055 3153 2123 ipsi
3187 2053 3310 2110 loco
3355 2069 3420 2108 cx

1829 2147 2070 2203 lucernae
2113 2147 2340 2218 fuligine
2389 2149 2592 2202 infecto
2637 2149 2810 2204 moles
2859 2147 3104 2218 quaedam
3153 2149 3422 2202 accrescit

1831 2248 2000 2312 atque
2029 2239 2288 2296 adlueret.
2311 2239 2390 2295 Ex
2419 2256 2530 2311 quo
2559 2242 2782 2310 planum
2810 2239 2891 2304 fit,
2919 2241 3096 2295 oleum
3123 2255 3220 2310 per
3241 2241 3420 2309 ignem

1829 2331 2166 2386 exsiccatum
2208 2333 2263 2386 in
2307 2333 2710 2389 minutissimas
2747 2345 2802 2390 et
2845 2343 3128 2404 aspectum
3171 2343 3422 2389 nostrum

1830 2423 2152 2494 effugientes
2183 2425 2484 2494 particulas
2529 2425 2884 2489 commutari,
2931 2437 3094 2496 atque
3137 2425 3208 2481 ita
3239 2441 3421 2481 aerem

1830 2525 2038 2587 petere,
2083 2516 2320 2586 indeque
2351 2517 2612 2571 desiliens
2643 2517 2696 2570 in
2727 2521 2930 2571 terram
2966 2517 3274 2574 considere.
3319 2517 3422 2571 Mi-

1831 2607 2248 2660 nutissimarum
2272 2616 2455 2660 autem
2491 2607 2740 2677 fuliginis
2769 2609 3160 2677 particularum
3185 2611 3238 2662 in
3301 2625 3426 2664 acre

1831 2697 1948 2751 ﬁeri
1998 2695 2342 2760 effusionem,
2377 2713 2444 2752 ex
2493 2714 2560 2753 eo
2597 2708 2778 2768 potest
2806 2700 3056 2771 intelligi,
3085 2700 3230 2770 quod
3264 2707 3426 2755 nares

1833 2789 1981 2844 hunc
2013 2789 2194 2860 ipsum
2225 2805 2402 2844 aerem
2429 2791 2818 2846 attrahentium
2847 2791 3014 2862 nigra:
3037 2789 3196 2846 ﬁunt.
3253 2789 3424 2857 Quin-

1831 2882 1998 2935 etiam
2033 2881 2088 2935 id
2118 2883 2262 2951 quod
2293 2897 2356 2936 ex
2389 2891 2610 2952 pectore
2640 2884 2978 2954 respirantes
3010 2883 3292 2948 emittunt,
3343 2885 3426 2938 nl-'

1833 2989 1990 3044 grum
2022 2989 2147 3030 esse
2177 2975 2547 3044 conspicitur,
2577 2983 2863 3045 propterea
2886 2975 3033 3046 quod
3061 2975 3306 3045 fuliginis
3331 2990 3425 3028 co-

1833 3066 1949 3121 lore
1975 3081 2068 3136 per
2103 3065 2246 3120 aeris
2277 3067 2662 3120 attractionem
2694 3065 2990 3122 accedente
3022 3067 3092 3123 sit
3136 3065 3424 3120 infectum;

119 3159 299 3213 λεπτά
325 3177 388 3212 τε
417 3159 512 3211 καὶ
561 3158 744 3227 ἀφανῆ
783 3157 950 3228 μόρια
981 3157 1045 3210 τὸ
1086 3156 1262 3211 ἔλαιον
1299 3155 1387 3209 ὂιά
1409 3156 1502 3208 τοὺ
1539 3158 1710 3228 πυρὸς
1747 3157 2124 3228 ἀποξηρανθὲν
2157 3157 2485 3222 ἀλλοιοῦται,
2513 3159 2607 3211 καὶ
2636 3157 2809 3223 οὕτως
2851 3161 2910 3212 ὲν
2935 3159 3014 3230 τῷ
3041 3159 3164 3231 ἀέρι
3193 3161 3428 3228 γίνεταις

122 3252 383 3306 κάκεῖθεν
409 3253 504 3303 ἐπὶ
543 3250 642 3322 τὴν
669 3251 771 3322 γῆν
811 3249 1106 3312 συνιζάνει.
1125 3251 1372 3302 Δείκνυσι
1403 3249 1460 3302 δὲ
1494 3247 1558 3301 τὸ·
1582 3252 1639 3302 ἐν
1659 3249 1736 3320 τῷ
1759 3251 1882 3322 ἀέρι
1908 3251 2006 3322 τὴν
2030 3251 2339 3324 λεπτομερῆ
2375 3253 2477 3322 τῆς
2503 3251 2719 3320 λιγνύος
2760 3249 2896 3304 εἶναι
2933 3251 3200 3324 διάχυσιν,
3238 3255 3302 3306 ὲκ
3335 3253 3432 3306 τοῦ

123 3344 249 3407 τοὺς
277 3343 568 3414 μυκτῆρας
595 3341 706 3394 τῶν
732 3343 824 3394 τὸν
857 3343 996 3413 ἀέρα
1023 3343 1212 3396 τοῦτον
1243 3343 1618 3396 ἀναπνεόντων
1645 3343 2122 3413 ὑπομελαίνεσθαι.
2145 3345 2414 3408 Πολλάκις
2429 3345 2486 3398 δὲ
2517 3345 2610 3398 καὶ
2635 3345 2694 3398 τὸ
2722 3345 2934 3398 ἔνδοθεν
2963 3349 3026 3398 ὲκ
3055 3345 3148 3399 τοὺ
3181 3345 3432 3417 θώρακος

125 3437 564 3507 ἀναπτυόμενον,
615 3434 782 3506 μέλαν
823 3437 1077 3506 ὁρᾶσθαι,
1125 3435 1214 3488 διά
1249 3435 1311 3488 τὸ
1341 3434 1423 3500 τῷ
1465 3434 1715 3507 χρώματι
1753 3436 1852 3505 τῆς
1877 3435 2092 3505 λιγνύος
2135 3439 2228 3491 καὶ
2264 3437 2397 3491 αὑτό
2448 3437 2937 3511 καταχρώννυσθαι
2969 3438 3046 3510 τῷ
3072 3439 3160 3492 διᾶ
3195 3439 3294 3510 τῆς
3335 3437 3434 3492 τοῦ

127 3533 286 3602 ἀέρος
317 3527 598 3596 ἀναπνοῆς
627 3529 1083 3582 συνεισπίπτοντι.

197 3623 414 3678 Οὐκοῦν
461 3621 622 3690 δῆλόν
667 3622 814 3674 ἐστιν
855 3623 920 3674 ἐκ
958 3621 1192 3684 τούτων,
1221 3622 1304 3674 ὅτι
1332 3620 1427 3673 τοὺ
1469 3620 1647 3674 ὲλαίου
1679 3621 1724 3673 τί

1917 3621 1994 3676 Et
2023 3623 2107 3677 his
2135 3633 2348 3678 constat
2377 3621 2757 3680 humiditatem
2786 3626 2892 3680 olei
2924 3626 3005 3682 sic
3037 3627 3092 3680 in
3124 3625 3436 3682 siccitatem

133 3718 230 3789 μὲν
274 3715 445 3786 ὑγρὸν
481 3716 560 3775 εἰς
603 3712 874 3784 ξηρότητα
910 3714 1275 3786 μετεποιήθη,
1316 3715 1344 3767 ὁ
1370 3709 1426 3766 δὲ
1466 3712 1608 3767 κατά
1635 3713 1736 3784 τὴν

131 3810 265 3880 ὓλην
309 3808 476 3874 ὄγκος
527 3807 629 3858 οὑκ
665 3807 745 3870 είς
791 3806 1132 3877 ἀνυπαρξίαν
1176 3805 1447 3876 ἠφανίσθη
1495 3803 1583 3858 διὰ
1627 3804 1738 3857 τῶν

129 3899 348 3954 λεπτῶν
405 3917 466 3952 τε
515 3899 608 3952 καὶ
669 3899 890 3967 ἀφανῶν
940 3899 1144 3970 μορίων
1213 3895 1592 3959 ὲνσκεδασθεὶς
1659 3895 1740 3966 τῷ

131 3993 280 4064 ἀέρι.
320 3992 501 4061 Ὅπερ
544 3991 722 4044 τοίνυν
770 3991 863 4044 ἐπὶ
918 3990 1016 4042 τοῦ
1055 3984 1224 4062 ὑγροῦ
1276 3990 1468 4043 τούτου
1510 3988 1597 4042 διά
1641 3987 1740 4058 τῆς

131 4085 244 4138 τῶν
283 4083 586 4153 γινομένων
633 4083 914 4153 ἐνεργείας
961 4081 1272 4152 ἐμάθομεν,
1299 4082 1382 4134 ὅτι
1434 4079 1740 4133 ἀλλοιοῦται

137 4176 302 4248 μόνον
329 4173 391 4228 τὸ
423 4172 590 4244 ὑγρὸν
619 4175 694 4238 είς
739 4173 1031 4244 ξηρότητα,
1065 4173 1164 4225 οὑκ
1194 4173 1272 4235 εἰς
1301 4173 1362 4224 τὸ
1391 4171 1651 4234 παντελὲς
1680 4171 1742 4223 το

135 4272 328 4326 ὑλικὸν
362 4267 718 4338 ἀφανίζεται’
751 4265 910 4320 τοῦτό
959 4285 1044 4329 τις
1097 4267 1193 4320 καὶ
1239 4265 1366 4337 περὶ
1408 4263 1502 4316 τοῦ
1541 4265 1742 4328 παντὸς

135 4361 361 4424 ἐννοῶν,
389 4357 484 4412 τοῦ
524 4358 730 4420 εἰκότος
759 4358 856 4426 οὑχ
885 4358 1264 4428 ἁμαρτήσεται
1282 4370 1297 4384 ⁸
1333 4353 1491 4424 δῆλον
1516 4353 1625 4424 γὰρ
1660 4354 1742 4407 ὃτι

135 4457 204 4508 ὲκ
249 4453 434 4524 μερῶν
481 4452 544 4503 τὸ
593 4449 714 4504 ὅλον
765 4449 1114 4518 συνέστηκεν.
1153 4447 1332 4518 Ὅπερ
1365 4445 1412 4498 δ’
1442 4445 1508 4498 ἂν
1558 4446 1620 4498 ὲν
1663 4442 1743 4514 τῷ

139 4544 306 4615 μέρει
331 4541 630 4609 ἐμάθομεν,
660 4539 818 4593 τοῦτο
846 4539 941 4592 καὶ
969 4539 1099 4611 περὶ
1120 4538 1214 4590 τοῦ
1241 4536 1442 4600 παντὸς
1463 4535 1746 4606 ἐδιδάχθη-

138 4653 265 4707 μεν.
313 4633 462 4688 Μίαν
500 4633 557 4686 δὲ
585 4631 664 4704 τῷ
699 4632 848 4701 γένει
889 4631 990 4702 τὴν
1031 4629 1308 4702 ὑγρότητα
1342 4625 1500 4694 εἶναι,
1533 4629 1646 4682 οὐδ’
1679 4629 1745 4682 ἂν

133 4729 252 4780 τῶν
283 4725 576 4797 ἐριστικῶν
604 4743 688 4788 τις
712 4724 976 4778 ἀντείποι.
1021 4723 1182 4776 Ἀλλά
1219 4725 1330 4793 μὴν
1371 4721 1543 4792 λεπτὴ
1596 4721 1746 4782 κόνις

137 4819 480 4874 ἑκκαυθείσα
512 4818 599 4872 διὰ
635 4817 729 4871 τοῦ
773 4817 946 4888 πυρός
989 4818 1023 4887 ἡ
1071 4813 1311 4888 ὑγρότης
1356 4817 1592 4884 ἐγένετο’
1639 4813 1747 4884 ἄρα

139 4915 240 4966 καὶ
273 4913 384 4966 πᾶν
415 4910 580 4982 ὑγρὸν
613 4913 670 4962 ἐν
693 4907 770 4980 τῷ
791 4910 924 4979 πυρὶ
967 4909 1258 4980 γενόμενον
1301 4907 1624 4980 μεταϐάλλει
1645 4906 1746 4978 τὴν

138 5005 202 5056 ὲν
221 5007 340 5067 τοῖς
381 5003 590 5074 μορίοις
615 5002 896 5072 ποιότητα,
919 5002 1056 5072 πρὸς
1081 5004 1140 5054 τὸ
1170 4999 1332 5074 ξηρὸν
1361 5003 1426 5054 ἐκ
1451 4999 1546 5052 τοῦ
1578 4997 1745 5071 ὑγροῦ

143 5095 572 5166 μεθιστάμενον,
601 5094 700 5147 οὑκ
727 5095 805 5157 εἰς
835 5091 896 5146 τὸ
927 5093 1186 5156 παντελὲς
1214 5090 1558 5163 ἀφανίζεται.
1595 5091 1747 5144 Ἐπεί¹

138 5182 241 5241 οὖν
289 5185 468 5256 ἀτμοῦ
521 5184 779 5248 σύστασις
821 5171 884 5238 τὸ
931 5187 1092 5254 νέφος
1119 5186 1286 5252 ἐστὶν,
1325 5187 1354 5238 ὁ
1403 5183 1462 5237 δὲ
1504 5175 1678 5254 ἀτμός
1713 5183 1747 5253 ἡ

139 5280 496 5351 λεπτομερὴς
543 5279 638 5332 τοῦ
687 5277 852 5350 ὑγροῦ
913 5280 1058 5332 ἐστιν
1106 5277 1496 5347 ἀναθυμίασις,
1533 5277 1745 5347 ἀνάγκη

141 5371 326 5434 πᾶσα,
357 5369 490 5422 ὅταν
531 5369 883 5439 καταφρυγὲν
915 5367 995 5439 τῷ
1029 5367 1259 5440 φλογμῷ
1307 5367 1368 5420 τὸ
1409 5367 1601 5438 νέφος,
1657 5367 1748 5420 τὸν

140 5461 348 5516 λεπτὸν
379 5463 588 5516 ἐκεῖνον
617 5463 712 5515 καὶ
757 5462 938 5532 ἀμερῆ
965 5459 1060 5514 τοῦ
1091 5459 1266 5530 ἀτμοῦ
1295 5459 1480 5530 ὄγκον,
1513 5460 1616 5513 κᾶν
1647 5459 1746 5532 τὴν

143 5555 330 5626 ὑγρὰν
376 5553 452 5626 μὴ
503 5553 739 5624 διασώζῃ
797 5553 1075 5624 ποιότητα,
1133 5552 1207 5623 μὴ
1259 5554 1446 5623 μέντοι
1509 5553 1649 5605 κατά
1691 5552 1751 5606 τὸ

141 5646 516 5717 ὑποκείμενον
555 5647 636 5709 είς
675 5647 984 5716 ἀφανισμὸν
1015 5645 1362 5716 μεταῦαίνειν
1408 5647 1487 5708 είς
1531 5645 1592 5698 τὸ
1617 5645 1750 5717 μηδὲ

141 5739 544 5812 ἀναλυόμενον.
577 5739 834 5810 Τέσσαρα
867 5739 976 5811 γὰρ
1010 5740 1136 5809 περὶ
1181 5739 1272 5794 τὸν
1319 5739 1492 5810 ἀτμὸν
1527 5737 1756 5811 θεωρεῖτε

1841 3716 2187 3780 conuuutari,
2219 3725 2278 3771 ut
2309 3718 2552 3772 materiae
2597 3717 2920 3788 magnitudo“
2945 3717 3042 3787 per
3079 3717 3437 3776 tenuissimas-

1839 3805 2162 3876 particulas,
2185 3813 2240 3862 et
2263 3814 2385 3878 quae
2409 3808 2581 3862 aciem
2609 3808 2895 3860 oculorum
2927 3807 3210 3877 eﬂ‘ugiunt,
3235 3808 3288 3860 iu
3310 3821 3436 3862 aere

1842 3897 2072 3966 disjecta
2117 3913 2230 3952 non
2273 3897 2540 3952 deleatur.
2587 3897 2644 3951 Si
2690 3899 2815 3967 quis
2855 3898 3042 3969 igitur,
3090 3907 3148 3953 ut
3187 3899 3292 3954 hoc
3328 3899 3438 3954 olei

1843 3987 2127 4040 humi-dum
2146 3987 2414 4042 duntaxat
2437 3989 2490 4042 in
2509 3987 2718 4042 siccum
2737 3989 3096 4054 convertitur,
3116 4003 3226 4044 non
3251 4000 3436 4042 autem

1842 4088 1953 4132 tota
1983 4078 2213 4132 materia
2235 4078 2454 4148 penitus
2482 4077 2755 4142 aboletur,
2777 4079 2858 4132 sic
2879 4081 2948 4132 de
2971 4077 3232 4132 universo
3257 4077 3438 4132 humi—

1842 4169 1913 4222 do
1941 4169 2280 4238 cogitaverit,
2317 4183 2428 4223 non
2469 4169 2676 4224 errabit
2694 4187 2716 4237 ;-
2741 4169 3090 4224 manifestum
3131 4172 3276 4224 cnim
3320 4179 3434 4233 est,

1843 4269 2017 4316 totum
2057 4278 2123 4317 ex
2161 4261 2414 4331 partibus
2445 4271 2728 4317 eonstare.-
2766 4259 2923 4328 Quod
2958 4270 3140 4317 autem
3183 4264 3250 4317 de
3283 4268 3444 4334 parte‘

1845 4355 2131 4416 diseimus,
2165 4355 2308 4409 idem
2337 4353 2405 4410 d‘c
2435 4361 2552 4410 toto
2579 4354 2895 4410 edocemur.
2931 4353 3107 4410 Unam
3140 4363 3320 4409 autem
3345 4371 3438 4426 ge-

1845 4461 1977 4501 nere
2024 4446 2404 4502 humiditatem
2449 4462 2574 4503 esse
2620 4461 2783 4502 nemo
2841 4463 2911 4503 ne
2962 4449 3439 4518 pertinacissimus

1846 4537 2068 4608 quidem
2100 4540 2540 4610 negabit.-Atque
2567 4542 2866 4597 humiditas
2900 4541 2968 4595 ah
2999 4543 3122 4613 igne
3150 4541 3443 4596 combusta“

1849 4633 2030 4688 tenuis
2064 4633 2248 4703 pulvis
2271 4633 2539 4690 efficitur:
2565 4643 2619 4690 et
2643 4651 2806 4690 omne
2847 4636 3152 4698 humidum,
3193 4635 3323 4688 dum
3354 4644 3442 4688 est

1847 4724 1904 4779 in
1935 4727 2080 4798 igne,
2120 4729 2510 4797 particularum
2555 4731 2874 4801 qualitatem
2911 4745 2975 4785 ex
3010 4730 3340 4785 lmmiditate
3385 4731 3444 4784 iu

1851 4821 2154 4876 siccitatem
2186 4824 2479 4888 convertit,
2509 4839 2621 4878 non
2653 4832 2834 4879 autem
2869 4825 3088 4894 penitus
3118 4821 3332 4878 deletur
3356 4823 3441 4877 af-

1851 4929 1958 4984 que
1985 4917 2354 4970 consumitur.-
2396 4915 2666 4982 Quoniam
2707 4917 2874 4989 igitur
2909 4917 3104 4970 nebula
3133 4931 3230 4970 seu
3264 4915 3448 4969 nubi-.9

1779 4983 1829 5040 Π
1857 5005 1992 5059 nihil
2024 5007 2169 5061 aliud
2199 5017 2302 5070 est,
2341 5009 2444 5062 nisi
2481 5024 2745 5078 vaporqu
2781 5010 2992 5062 coactio
3026 5017 3190 5078 atque
3215 5023 3442 5062 concre-

1855 5099 1968 5152 tio:
2001 5109 2171 5170 vapor
2201 5109 2382 5156 autem
2409 5109 2494 5157 est
2525 5102 2850 5158 tenuissima
2884 5102 3088 5154 humidi
3121 5099 3397 5155 exhalatio
3425 5117 3448 5153 εγ

1851 5179 2081 5244 necesse
2120 5201 2230 5254 est,
2257 5205 2382 5244 cum
2413 5191 2610 5247 ardore
2642 5191 2815 5246 nubes
2848 5193 3145 5256 exaruerit,
3183 5190 3448 5245 minutis-‘

1856 5283 2054 5336 simum
2099 5283 2234 5338 illud
2273 5292 2329 5340 et
2371 5284 2714 5340 individuum
2759 5283 2979 5354 vaporis
3029 5285 3442 5354 corpusculum,

1855 5375 2108 5442 quamvis
2134 5377 2410 5431 humidam
2427 5377 2745 5448 qualitatem
2771 5391 2882 5430 non
2907 5385 3109 5440 servet,
3131 5391 3238 5430 non
3261 5385 3452 5430 tametv

1856 5469 2080 5523 omnino
2107 5469 2347 5540 disperdi
2363 5479 2418 5526 et
2448 5471 2675 5526 aboleri.
2701 5470 2950 5538 Quatuor
2976 5471 3124 5526 enim
3161 5471 3214 5525 in
3245 5477 3453 5541 vapore'

1854 5563 2307 5628 considerantur,
2353 5563 2682 5629 humiditas,
2723 5563 3028 5635 frigidit‘as,
3074 5565 3347 5635 gravitas,
3391 5564 3448 5617 et

1855 5654 2154 5724 quantitas.
2187 5655 2264 5708 Ex
2289 5654 2376 5711 his
2406 5671 2527 5726 qua:
2557 5664 2766 5711 natum
2796 5657 2940 5727 ignis
2963 5656 3347 5714 adversantur,
3380 5666 3452 5709 eu

1855 5747 1904 5804 vi
1923 5747 2099 5818 ipsius
2116 5749 2497 5820 cxsuperantis
2525 5748 2834 5806 abolentur:
2859 5748 3214 5820 quamobrem
3235 5762 3337 5805 nec
3354 5749 3450 5801 hau
