3880 6218
386 235 454 292 99
1634 239 1695 295 S.
1737 238 2070 296 GREGORII
2113 238 2408 296 NYSSENI

3534 239 3640 294 ιοο

386 355 592 412 midum
619 371 719 414 nec
740 355 990 430 frigidum
1023 357 1078 412 in
1106 357 1234 429 igne
1272 359 1375 416 sita
1409 369 1630 414 manent
1667 361 1957 430 ejusmodi.

2065 378 2171 424 ται,
2201 361 2263 414 τὸ
2293 363 2476 433 ὑγρὸν,
2503 361 2562 414 τὸ
2587 363 2814 432 ψυχρὸν,
2841 361 2902 413 τὸ
2936 361 3155 431 ﬂamini)
3189 358 3505 431 πηλικότης.
3544 359 3641 412 Ἐκ

386 446 676 513 Quantitas
696 463 826 504 vero
840 447 910 503 ab
936 448 1077 520 ignis
1103 458 1304 504 natura
1327 465 1437 504 non
1464 452 1765 520 discrepat,
1793 467 1960 521 quan-

387 539 676 611 doquidem
707 547 761 595 et
789 540 930 610 ignis
958 542 1016 594 in
1044 551 1250 610 quanto
1317 542 1717 606 consideratur,
1752 550 1806 597 et
1835 557 1958 597 cum

385 637 594 700 quanto
623 631 903 700 quantitas
931 647 1040 685 non
1069 638 1291 702 pugnat.
1325 630 1511 702 Itaque
1540 633 1759 703 vaporis
1787 649 1961 704 quan-

385 723 518 778 titas
534 723 606 778 ab
625 723 834 777 humidi
850 731 904 778 et
925 722 1103 792 frigidi
1124 725 1386 794 qualitate
1413 726 1662 795 sejuncta
1689 735 1955 782 servatur.

385 813 518 881 Quae
548 823 728 869 autem
765 831 831 869 ex
869 819 1136 886 gravitate
1171 818 1413 886 qualitas
1453 819 1641 888 vapori
1696 818 1960 870 naturali-

385 915 472 960 ter
507 907 668 970 inest,
697 921 804 962 una
827 923 952 962 eum
977 907 1356 978 magnitudine
1392 917 1810 975 conservatur;
1860 925 1956 978 pa-

386 999 517 1053 riter
550 1000 697 1054 enitn
733 1008 788 1054 et
819 999 1044 1055 humida
1078 1010 1131 1056 et
1183 1001 1386 1072 frigida
1438 1016 1660 1071 gravem
1706 1009 1957 1053 naturam

385 1090 605 1144 habent.
640 1090 714 1144 Ex
743 1091 846 1146 hac
875 1107 1058 1146 rerum
1083 1093 1225 1147 serie
1261 1108 1417 1148 mens
1451 1093 1601 1145 nullo
1641 1092 1829 1145 labore
1864 1105 1960 1145 co—

381 1192 628 1252 gnoscet,
678 1183 955 1251 quomodo
993 1198 1137 1253 aqua
1174 1185 1262 1237 ﬁat
1314 1194 1461 1238 terra
1513 1191 1959 1250 commutataque

381 1274 602 1342 vaporis
633 1275 894 1343 qualitate
916 1285 1168 1329 naturam
1198 1275 1431 1337 similem
1463 1282 1814 1344 assequatur.
1841 1272 1958 1327 Sic-

382 1382 506 1420 cum
539 1366 708 1430 enim,
750 1375 805 1420 et
835 1381 1000 1437 grave
1051 1367 1358 1436 qualitatis,
1416 1383 1542 1437 qua:
1588 1375 1750 1421 terra:
1789 1368 1954 1431 inest,

381 1459 600 1528 propria
634 1467 786 1521 sunt,
821 1459 876 1512 in
907 1473 1076 1528 eaque
1106 1474 1279 1528 vapor
1307 1465 1538 1513 exustus
1595 1459 1954 1512 convertitur.

383 1550 459 1604 Ac
491 1551 622 1603 mihi
655 1550 876 1619 quidem
909 1565 1017 1604 non
1044 1548 1358 1604 faciendum
1395 1548 1634 1613 videtur,
1656 1555 1714 1602 ut
1737 1548 1958 1618 aprinci-

381 1639 531 1708 pium
596 1638 700 1692 hoc
754 1638 1018 1702 assecuti,
1070 1645 1500 1707 consequentem
1551 1637 1823 1699 ordinem,
1889 1636 1956 1688 ad

380 1743 542 1799 quem
557 1729 942 1783 consideratio
965 1729 1081 1798 ipsa
1108 1743 1209 1782 nos
1238 1743 1337 1798 per
1367 1727 1690 1783 verisimilia
1709 1726 1775 1779 ad
1815 1728 1957 1782 veri-

2060 450 2264 503 τούτων
2287 452 2386 503 ὅσα
2412 451 2512 520 μὲν
2533 453 2786 514 ἐναντίως
2829 451 2963 520 πρὸς
2993 451 3054 502 τὸ
3079 449 3190 520 πῦρ
3214 449 3346 519 ἔχει,
3373 451 3439 518 τῇ
3478 447 3639 500 δυναο

2063 541 2216 612 στείᾳ
2252 541 2346 595 τοῦ
2393 541 2810 612 ἐπικρατοῦντος
2855 540 3234 610 ἐξαφανίζεται
3255 557 3268 570 ’
3299 538 3420 592 οὕτε
3456 539 3552 607 γὰρ
3578 538 3640 590 τὸ

2061 632 2247 703 ὑγρὸν,
2278 633 2401 686 οὐτε
2424 635 2486 686 τὸ
2508 635 2714 706 ψυχρὸν
2743 637 2801 687 ἐν
2826 633 2904 704 τῷ
2929 635 3062 703 πυρὶ
3088 633 3376 702 γενόμενον
3389 630 3640 701 διαμένει

2060 724 2312 778 τοιοῦτον.
2352 725 2416 778 Ἦ
2471 726 2652 796 μέντοι
2711 724 3007 794 πηλικότης
3048 724 3320 792 συγγενῶς
3363 723 3458 776 καὶ
3504 721 3637 789 πρὸ..

2059 815 2156 886 τὴν
2177 816 2270 868 τοῦ
2296 817 2467 887 πυρὸς
2495 817 2681 870 οὐσίαν
2709 817 2852 887 ἔχει’
2897 818 2990 870 καὶ
3024 816 3132 887 γὰρ
3162 816 3222 868 τὺ
3255 814 3368 884 πῦρ
3395 815 3452 868 ἐν
3488 812 3640 881 ποσῷ

2061 909 2394 979 καθορᾶται·
2448 909 2599 978 ποσῷ
2639 910 2698 962 δέ
2753 909 2986 980 ποσότης
3031 909 3093 961 οὐ
3142 908 3390 976 μάχεται.
3441 906 3502 959 Et
3547 901 3640 958 οὖν

2059 1003 2090 1068 ἡ
2160 1000 2454 1071 πηλικότης
2523 1001 2617 1053 τοῦ
2680 1000 2854 1070 ἀτμοῦ
2915 999 3276 1062 διασώζεται,
3338 1000 3436 1068 τῆς
3499 995 3641 1050 κατά

2058 1092 2118 1142 τὸ
2169 1093 2331 1162 ὑγρόν
2374 1109 2433 1145 τε
2479 1093 2570 1145 καὶ
2622 1091 2826 1162 ψυχρὸν
2893 1092 3175 1160 ποιότητος
3231 1087 3636 1158 διαζευχοεῖσα·

2061 1185 2092 1253 ἡ
2127 1184 2182 1235 δέ
2217 1184 2356 1237 κατά
2392 1182 2452 1236 τὸ
2481 1183 2645 1254 βάρος
2678 1183 2901 1252 ποιότης
2933 1181 3204 1242 οὑσιωδῶς
3238 1178 3528 1248 ἐγκειμένη
3568 1181 3637 1247 τῇ

2060 1273 2151 1327 τοῦ
2178 1272 2350 1342 ἀτμοῦ
2379 1273 2567 1343 φύσει,
2600 1272 2928 1340 συνδιεσώθη
2955 1274 3019 1342 τῇ
3053 1269 3376 1339 πηλικότητι
3406 1269 3640 1338 (ἐπίσης

2060 1363 2167 1434 γάρ
2189 1367 2222 1434 ἡ
2249 1363 2489 1436 βαρύτης
2519 1365 2611 1416 καὶ
2643 1365 2826 1434 ὑγροῖς
2850 1362 2945 1415 καὶ
2972 1362 3156 1432 ξηροῖς
3185 1360 3512 1430 ἐνυπάρχειν
3544 1359 3642 1410 πέ-
3741 1373 3748 1377 ·

2061 1473 2230 1524 φυκεν
2249 1461 2291 1525 )’
2322 1455 2498 1508 οὐκέτ’
2546 1455 2612 1508 ἂν
2643 1456 2669 1508 ὁ
2713 1453 2839 1516 νοῦς
2867 1455 3000 1523 ἡμῖν
3035 1452 3218 1522 κάμνῃ
3249 1454 3315 1522 τῇ
3345 1450 3642 1520 ἀκολουθίᾳ

2061 1546 2169 1599 τῶν
2197 1546 2493 1616 γινομένων
2529 1546 2793 1615 ἑπόμενος
2813 1585 2827 1605 ,
2852 1543 2997 1596 ὥστε
3032 1541 3358 1610 ἐπιγνῶναι,
3387 1542 3536 1604 ὅπως
3577 1542 3642 1592 τὸ

2063 1637 2206 1707 ὓδωρ
2233 1637 2305 1706 γῆ
2334 1637 2646 1706 γενόμενον,
2675 1636 2762 1689 διά
2785 1635 2878 1689 τοῦ
2907 1634 3262 1706 μεταϐάλλειν
3283 1636 3408 1698 τοὺς
3426 1635 3643 1704 ἀτμοὺς

2057 1727 2156 1795 τὴν
2201 1727 2483 1796 ποιότητα,
2518 1726 2616 1796 τὴν
2651 1725 2871 1795 ὁμοειδῆ
2898 1725 3058 1793 φύσιν
3097 1723 3527 1793 καταλαμϐάνει.
3566 1724 3640 1776 Τὸ

380 1829 549 1876 tatem
597 1820 815 1877 ducens
876 1821 1247 1891 progreditur,
1321 1820 1662 1874 omittamus.
1731 1816 1957 1872 Videtur

2062 1817 2164 1887 γάρ
2191 1817 2356 1886 ξηρὸν
2396 1819 2486 1870 καὶ
2531 1816 2668 1887 βαρὺ
2710 1817 2839 1870 ἴδιον
2869 1817 2935 1870 ἂν
2963 1815 3048 1886 εἴη
3096 1817 3194 1886 τῆς
3229 1817 3358 1884 περὶ
3386 1816 3483 1886 τὴν
3532 1816 3642 1886 γῆν

377 1915 524 1967 enim
553 1912 625 1966 ob
665 1912 805 1966 hanc
845 1928 1065 1968 causam
1102 1923 1156 1967 et
1199 1926 1348 1967 mare
1391 1926 1608 1981 semper
1635 1911 1690 1964 in
1723 1910 1957 1979 propriis

2062 1907 2438 1977 θεωρουμένης
2466 1906 2750 1976 ποιότητος
2771 1949 2787 1971 ,
2817 1907 2896 1970 εἱς
2924 1908 3061 1976 ὅπερ
3091 1907 3381 1970 ἐκκαυθεὶς
3408 1906 3437 1958 ὁ
3465 1906 3641 1976 ἀτμὸς

379 2003 631 2059 terminis
659 2017 996 2072 permanere.
1029 2001 1297 2069 Quoniam
1341 2003 1588 2058 accessio
1619 2002 1731 2066 illa,
1788 2015 1954 2070 quam

2062 1999 2410 2068 μετεποιὴθη.
2463 1999 2571 2052 Καί
2627 2015 2714 2068 μοι
2747 1998 2894 2052 δοκεῖ
2941 1998 3119 2063 καλῶς
3151 1998 3296 2068 ἔχειν
3328 1999 3430 2068 τῆς
3461 1997 3642 2069 ἀρχῆς

378 2111 446 2150 ex
482 2095 892 2150 conﬂuentibus
943 2095 1104 2164 aquis
1141 2094 1366 2150 assidue
1398 2095 1661 2164 paulatim
1697 2093 1953 2162 acquirit,

377 2186 702 2240 exhauritur
733 2195 786 2240 et
817 2185 1162 2240 consumitur
1187 2200 1217 2237 a
1245 2185 1545 2247 ealiditate,
1599 2199 1720 2254 quae
1763 2199 1958 2236 cucur-

379 2277 566 2330 bitula:
607 2275 784 2331 instar
813 2283 1011 2329 tenues
1059 2274 1295 2328 humida:
1348 2281 1560 2329 natura;
1609 2289 1838 2343 vapores
1874 2280 1957 2326 at-

377 2367 567 2422 trahit.
589 2365 792 2422 Verum
823 2367 950 2436 quia
979 2365 1381 2419 mediterranea
1409 2365 1552 2427 loca,
1607 2373 1662 2420 et
1688 2381 1812 2435 quae
1839 2378 1956 2418 ma-

375 2459 463 2529 gis
508 2459 574 2512 ad
621 2458 935 2528 aquilonem
976 2464 1231 2526 vergunt,
1275 2457 1403 2511 huic
1447 2456 1646 2510 rationi
1701 2456 1956 2510 videntur

373 2547 686 2612 adversari,
721 2555 1010 2617 propterea
1037 2547 1208 2616 quod,
1232 2562 1356 2601 cum
1394 2547 1447 2602 in
1485 2547 1844 2616 hispartibns
1885 2547 1957 2600 ob

375 2639 522 2696 aeris
570 2639 864 2693 ambientis
908 2635 1261 2708 {rigiditatem
1301 2652 1451 2692 mare
1497 2653 1604 2691 non
1649 2638 1952 2692 .admodum

375 2729 615 2793 ealeflat,
656 2743 919 2800 vaporum
945 2728 1217 2784 confectio
1243 2736 1475 2800 torpeat,
1496 2743 1617 2784 eam
1650 2729 1949 2800 dupliciter

373 2820 846 2875 conﬁrmabimus.

2055 2090 2260 2160 ταύτης
2290 2091 2639 2161 λαϐομένους,
2674 2090 2748 2161 μὴ
2777 2091 3043 2159 διαφεῖναι
3069 2093 3168 2159 τὴν
3197 2091 3517 2146 ἀκολουθίαν
3541 2093 3643 2160 τῆς

2062 2181 2377 2246 ἐξετάσεως,
2403 2185 2480 2245 εἰς
2507 2184 2572 2252 ἣν
2602 2182 2814 2251 πρόεισι
2843 2182 2928 2236 διά
2958 2183 3064 2235 τῶν
3084 2183 3318 2235 εἰκότων
3349 2185 3382 2253 ή
3415 2182 3645 2254 Θεωρία,

2062 2274 2479 2346 χειραγωγοῦσα
2520 2277 2654 2345 πρὸς
2703 2277 2802 2345 τὴν
2836 2274 3118 2344 ἀλήθειαν.
3161 2276 3345 2327 Ἔοικε
3390 2275 3500 2344 γάρ
3548 2277 3646 2328 καὶ

2063 2367 2096 2436 ἡ
2135 2365 2376 2419 θάλασσα
2421 2365 2509 2418 διὰ
2531 2365 2688 2418 τοῦτο
2716 2369 2774 2418 ἐν
2811 2369 2921 2430 τοῖς
2960 2366 3109 2428 ἰδίοις
3137 2366 3284 2436 ὅροις
3309 2365 3402 2420 διὰ
3440 2367 3646 2428 παντὸς

2065 2454 2266 2524 μένειν,
2305 2455 2387 2507 ὅτι
2425 2456 2542 2508 κατ’
2571 2455 2750 2522 ὀλίγον
2776 2455 2876 2524 τῆς
2923 2455 3010 2508 ἀεὶ
3052 2457 3344 2527 γινομένης
3374 2456 3511 2525 αὐτῇ
3557 2455 3648 2508 διά

2061 2543 2173 2596 τῶν
2207 2543 2415 2596 ὑδάτων
2450 2543 2786 2614 προσθήκης,
2827 2545 2859 2610 ἡ
2899 2544 2986 2597 διὰ
3011 2544 3120 2597 τῶν
3159 2546 3350 2615 ἀτμῶν
3381 2545 3648 2616 ἐξάντλη-

2065 2650 2150 2696 σις
2187 2632 2282 2684 ἐπὶ
2321 2633 2381 2685 τὸ
2419 2633 2810 2703 ὑπερκείμενον
2856 2634 3064 2701 γίνεται
3105 2636 3203 2705 τῆς
3236 2635 3649 2707 ἐπιθαλπούσης

2061 2725 2424 2796 θερμότητος,
2461 2725 2652 2788 σικύας
2697 2725 2852 2795 δίκην
2892 2727 2954 2778 τὸ
3001 2725 3337 2798 λεπτομερὲς
3386 2728 3488 2799 τῆς
3534 2729 3650 2782 τῶν

2061 2818 2240 2889 ὑγρῶν
2283 2817 2497 2886 φύσεως
2545 2817 2916 2887 ἀνιμωμένης.
2962 2819 3048 2871 Ἐν
3091 2819 3149 2872 δέ
3190 2822 3303 2882 τοῖς
3341 2821 3650 2891 μεσογείοις

371 2871 996 2983 τέ--κάίῄβδρεινοτέροις
1040 2911 1149 2964 τῶν
1178 2871 1360 2966 τόπων
1395 2913 1429 2983 ἡ
1478 2912 1573 2966 τοῦ
1616 2912 1962 2983 περιέχοντος
1998 2871 2272 2982 ψυχρότης
2296 2871 2678 2964 ’ἐναντιοῦσθαι
2716 2871 2986 2979 δοκεέντῷ
3035 2909 3197 2978 λόγῳ,
3241 2871 3317 2975 ὡς

374 3004 676 3058 θάλπεσθαι
719 3003 965 3076 σφοδρῶς
993 3003 1093 3076 τὴν
1137 3005 1197 3057 ἐν
1234 3007 1346 3069 τοῖς
1393 3005 1584 3077 μέρεσι
1627 3005 1836 3068 τούτοις
1871 3005 2178 3068 θάλασσαν,
2232 3001 2510 3074 ἀργούσης
2553 3002 2652 3072 τῆς
2696 3001 2805 3056 τῶν
2842 3002 3028 3072 ἀτμῶν
3069 3001 3404 3068 ἀναδόσεως,
3437 3003 3649 3067 διπλοῖς

374 3095 494 3149 ἔστι
526 3095 806 3166 λογισμοῖς
842 3095 940 3168 τὴν
977 3097 1248 3151 ἀντίθεσιν
1281 3097 1486 3168 ταύτην
1515 3098 2034 3169 παραμυθήσασθαι.

450 3186 697 3244 Primum
727 3185 894 3258 igitur
938 3185 1195 3251 dicimus,
1229 3187 1355 3243 licet
1389 3188 1822 3243 innumerabilia
1847 3202 1957 3241 ma-

2150 3183 2372 3254 Πρῶτον
2437 3185 2536 3254 μὲν
2587 3186 2669 3238 ὅτι
2715 3185 2814 3255 μία
2876 3187 2993 3240 ἐστὶ
3032 3185 3130 3239 καὶ
3205 3186 3434 3258 συνεχὴς
3508 3189 3653 3258 πρὸς

380 3282 464 3335 ria
523 3277 840 3346 videantur,
896 3294 1070 3334 unum
1115 3287 1403 3335 tamenet
1464 3280 1784 3335 continuum
1833 3294 1958 3335 esse

377 3386 552 3436 mare,
609 3370 664 3425 in
703 3385 826 3426 sese
875 3385 974 3440 per
1004 3369 1192 3426 orbem
1249 3371 1572 3426 universum
1615 3384 1954 3434 commeans,

377 3477 482 3519 nec
512 3461 624 3515 ullo
647 3468 806 3532 pacto
834 3475 866 3515 a
895 3460 1289 3529 conjunctione
1326 3476 1426 3516 sua
1461 3460 1743 3515 divulsum
1795 3465 1958 3528 atque

376 3554 689 3623 sejunctum
743 3571 758 3606 :
815 3552 1193 3622 quamobrem,
1234 3551 1280 3606 si
1338 3560 1599 3622 perpetua
1659 3550 1957 3604 caliditatis

370 3641 694 3712 praisentia,
732 3641 879 3710 quod
909 3640 1153 3694 australe
1177 3649 1282 3704 est,
1313 3639 1715 3704 succendatur,
1759 3637 1816 3692 in
1845 3637 1957 3692 illis

378 3733 513 3789 item
540 3732 796 3804 partibus
835 3732 1262 3786 diminutionem
1294 3731 1509 3795 sentiri,
1561 3730 1720 3800 aquis
1765 3740 1960 3799 sponte

377 3840 481 3884 sua
511 3826 768 3881 deorsum
800 3825 1123 3880 naturaliter
1165 3822 1570 3878 confluentibus
1618 3821 1688 3876 ad
1732 3821 1958 3891 explen-

377 3919 510 3975 dum
536 3917 613 3984 id,
638 3917 784 3989 quod
810 3918 1139 3972 exhaustum
1167 3923 1222 3971 et
1253 3915 1595 3970 exinanitum
1619 3921 1726 3969 est.
1751 3913 1959 3969 Deinde

375 4025 508 4065 cum
538 4019 712 4065 totum
748 4025 899 4063 mare
943 4024 1010 4063 ex
1065 4007 1260 4078 quavis
1303 4021 1449 4076 aqua
1491 4003 1829 4066 confectum,
1886 4004 1958 4059 sit

379 4102 612 4166 salsum,
631 4115 828 4172 parem
861 4100 977 4154 ﬁeri
1008 4113 1275 4169 vaporum
1306 4098 1670 4168 digestionem
1704 4111 1959 4164 compro-

373 4191 540 4256 bari;
569 4191 841 4246 salsorum
872 4190 1016 4244 enim
1055 4189 1323 4244 naturalis
1363 4196 1446 4244 est
1476 4187 1722 4244 siccitas.
1777 4185 1961 4254 Quare

380 4283 430 4338 si
463 4282 702 4354 qualitas
733 4283 848 4336 haec
869 4297 979 4351 per
1005 4289 1179 4335 totum
1219 4295 1372 4335 mare
1400 4281 1608 4350 pariter
1637 4278 1835 4333 ditiusa
1851 4285 1956 4341 est,

375 4374 591 4443 pariter
626 4373 792 4428 etiam
837 4374 952 4444 agit
995 4374 1051 4426 in
1081 4374 1342 4428 omnibus
1385 4373 1535 4428 illius
1577 4373 1850 4442 partibus.
1902 4369 1959 4424 Id

378 4466 529 4520 enim
553 4464 822 4534 cujusque
857 4473 1070 4519 natura!
1109 4465 1390 4534 proprium
1436 4471 1545 4528 est,
1575 4472 1632 4516 ut
1673 4479 1738 4518 ex
1772 4463 1824 4516 vi
1860 4477 1959 4517 sua

381 4564 530 4628 agat.
565 4555 702 4610 Nam
731 4565 790 4610 ut
818 4556 962 4626 ignis
995 4556 1266 4620 accendit,
1315 4564 1368 4610 et
1416 4557 1509 4609 nix
1560 4554 1867 4623 refrigerat,
1905 4558 1960 4606 et

381 4649 489 4702 mel
517 4649 700 4702 dulcia
729 4635 926 4710 reddit,
981 4648 1054 4701 ita
1085 4648 1168 4703 sal
1210 4647 1473 4705 exsiccat.
1511 4645 1783 4712 Quocirca
1833 4659 1958 4698 cum

384 4739 591 4808 passim
613 4751 724 4807 per
767 4737 953 4790 omnia
1000 4737 1174 4790 maria
1223 4737 1354 4792 salis
1384 4737 1719 4792 exsiccativa
1759 4744 1958 4789 natura

384 4827 459 4880 sit
491 4826 809 4890 distributa,
841 4826 921 4878 sic
955 4825 1021 4878 ad
1057 4825 1272 4881 facilem
1301 4840 1565 4895 vaporum
1591 4825 1955 4896 digestionem

381 4917 757 4986 prospiciente
799 4915 983 4968 divina
1021 4915 1328 4984 sapientia;
1367 4930 1559 4970 omnes
1587 4917 1735 4971 enim
1771 4923 1957 4984 partes

383 5023 543 5078 aquae
569 5015 764 5063 tenues
803 5007 888 5062 sal
921 5007 1324 5077 quodammodo
1352 5008 1617 5071 excludit,
1663 5016 1829 5078 atque
1866 5023 1961 5062 ex-

392 5098 546 5166 pellit
569 5112 600 5153 e
637 5099 797 5165 mari,
821 5098 1024 5170 quippe
1051 5097 1197 5168 quod
1223 5098 1539 5154 dominetur
1569 5099 1793 5153 humido
1827 5113 1960 5168 pro-

389 5199 509 5258 pter
557 5189 777 5245 insitam
839 5198 1050 5244 naturte
1111 5190 1413 5244 siccitatem
1446 5209 1459 5245 :
1493 5205 1606 5244 non
1660 5190 1959 5245 absurdum

380 5289 477 5336 est
532 5280 870 5348 existimare,
910 5280 1252 5351 mquabiliter
1289 5281 1529 5350 undique
1577 5281 1958 5336 humiditatem

382 5371 665 5437 consumi,
693 5386 846 5426 mare
875 5387 970 5442 per
991 5386 1221 5440 vapores
1241 5371 1605 5426 exhauriente
1636 5387 1780 5427 aere.
1799 5371 1958 5438 Quod

383 5471 574 5514 autem
605 5461 784 5516 οιιιιιίε
807 5474 1002 5514 aereus
1041 5460 1241 5514 humor
1266 5460 1319 5514 in
1354 5461 1596 5514 nubibus
1639 5460 1746 5514 fiat.
1795 5470 1958 5537 atque

453 5641 544 5712 (te)
569 5641 840 5713 lnterpres
874 5640 1024 5711 legit,
1057 5640 1427 5712 ὑπερκαίοιτο,
1458 5639 1608 5696 Emr.

1991 4529 2038 4586 D

2057 3277 2256 3347 ἐαυτὴν
2321 3277 2493 3332 διόλου
2538 3279 2570 3347 ἡ
2628 3277 2888 3342 θάλασσα,
2940 3277 3045 3332 κᾶν
3100 3279 3184 3341 ,είς
3237 3280 3407 3350 μυρία
3451 3280 3649 3352 διῄρη-

2056 3387 2147 3421 ται
2205 3368 2414 3439 πελάγη
2439 3408 2456 3434 ,
2510 3369 2753 3439 οὐδαμοῦ
2797 3369 2899 3439 τῆς
2931 3369 3068 3439 πρὸς
3109 3371 3310 3442 ἑαυτὴν
3351 3374 3651 3441 συναφείας

2056 3460 2444 3530 διασπωμένη·
2487 3460 2650 3526 ὥστε,
2683 3463 2731 3514 εἰ
2760 3461 2821 3513 τὸ
2847 3461 3022 3515 ,νότιον
3059 3466 3123 3532 τῇ
3162 3464 3405 3534 διηνεκεῖ
3431 3481 3651 3536 παρου-

2061 3550 2151 3621 σίᾳ
2189 3551 2283 3603 τοῦ
2317 3551 2517 3622 θερμοῦ
2547 3552 2869 3621 ὑπερκέοιτο
2907 3552 3006 3622 (a),
3041 3556 3100 3606 ἐν
3143 3557 3255 3618 τοῖς
3296 3555 3650 3628 κατεψυγμέ-

2060 3661 2170 3708 νοις
2203 3646 2395 3716 μέρεσι
2433 3645 2536 3714 τῆς
2562 3647 2678 3697 ἐκεῖ
2704 3646 3002 3717 γενομένης
3033 3647 3385 3713 ἐλαττώσεως
3424 3650 3527 3721 τὴν
3560 3653 3650 3704 αἴ-

2063 3736 2251 3806 σθησιν
2281 3735 2548 3804 γίνεσθαι.
2593 3737 2916 3808 αὐτομάτως
2952 3740 3050 3809 τῆς
3083 3740 3190 3792 τῶν
3228 3741 3438 3795 ὑδάτων
3469 3745 3650 3814 φορᾶς

2061 3825 2117 3875 ἐν
2147 3823 2224 3894 τῷ
2249 3827 2561 3894 κατωφερεί
2585 3824 2685 3895 τῆς
2719 3825 2930 3894 φύσεως
2955 3828 3091 3899 πρὸς
3122 3829 3183 3882 τὸ
3204 3831 3292 3885 ἀεὶ
3321 3832 3651 3902 κινούμενον

2064 3915 2489 3987 μεταρῤεούσης.
2521 3918 2750 3970 Ἔπειτα
2785 3919 2842 3971 δὲ
2873 3919 2969 3972 καὶ
2996 3920 3056 3972 τὸ
3082 3923 3262 3975 πᾶσαν
3294 3923 3474 3994 ἆλμην
3503 3921 3652 3979 εἶναι

2059 4005 2156 4077 τὴν
2190 4006 2486 4072 θάλασσαν,
2533 4010 2596 4060 ἐκ
2631 4009 2832 4072 παντὸς
2859 4010 2954 4063 τοῦ
2990 4011 3180 4076 ὓδατος
3213 4015 3528 4086 γινομένην,
3555 4017 3651 4070 διὰ

2058 4096 2158 4167 τὴν
2189 4097 2297 4150 τῶν
2325 4099 2514 4166 ἀτμῶν
2549 4099 2818 4165 ἀνάδοσιν,
2850 4101 2992 4155 κατὰ
3017 4103 3080 4156 τὸ
3111 4101 3229 4160 ἶσον
3265 4108 3608 4180 μαρτύρεται
3632 4127 3648 4140 ο

2063 4185 2191 4239 ἴδιον
2221 4187 2329 4257 γάρ
2353 4190 2453 4257 τῆς
2482 4187 2588 4241 τῶν
2616 4188 2760 4242 ἀλῶν
2789 4190 3006 4259 φύσεως
3033 4197 3070 4265 ἡ
3109 4195 3342 4268 ξηρότης
3375 4200 3547 4256 ἐστίν.
3581 4201 3652 4255 Εἰ

2059 4275 2114 4329 δὲ
2133 4277 2276 4331 κατά
2303 4278 2364 4330 τὸ
2385 4274 2500 4332 ἴσον
2527 4280 2559 4348 ή
2589 4279 2809 4349 ποιότης
2830 4281 2966 4354 αὕτη
2997 4284 3130 4353 πρὸς
3154 4289 3336 4340 πᾶσαν
3364 4288 3653 4344 θάλασσαν

2060 4368 2447 4441 ἀνακέκραται,
2477 4373 2583 4441 ἄρα
2615 4373 2816 4441 ὁμοίως
2844 4377 2902 4426 ἐν
2943 4378 3106 4429 παντὶ
3149 4379 3305 4448 μέρει
3341 4381 3400 4434 τὸ
3440 4384 3652 4456 ἑαυτῆς

2063 4465 2349 4533 ἐνεργήσει
2385 4466 2416 4535 ἡ
2459 4465 2625 4535 ἅλμη.
2663 4466 2821 4519 Πᾶσα
2858 4466 2965 4537 γὰρ
3012 4469 3172 4536 φύσις
3204 4471 3266 4524 τὸ
3307 4473 3654 4546 κατάλληλον

2065 4556 2130 4624 τῇ
2173 4554 2275 4626 ἰδία
2300 4555 2525 4625 δυνάμει
2560 4556 2774 4620 πάντως
2803 4559 3112 4626 ἐργάζεται.
3159 4563 3246 4624 Ὠς
3274 4563 3384 4635 γὰρ
3412 4566 3560 4620 καίει
3584 4569 3656 4621 τὸ

2069 4645 2200 4714 πῦρ,
2232 4646 2327 4699 καὶ
2356 4648 2389 4716 ἡ
2433 4647 2566 4717 χιὼν
2589 4648 2770 4718 ψύχει,
2802 4652 2894 4704 καὶ
2922 4651 3201 4719 γλυκαίνει
3228 4656 3289 4706 τὸ
3324 4656 3469 4726 μέλι,
3500 4659 3656 4714 οὓτω

2068 4735 2160 4788 καὶ
2199 4736 2250 4787 οἱ
2298 4736 2424 4800 ἅλες
2473 4737 2836 4808 ξηραίνουσιν.
2878 4740 3086 4794 Οὐκοῦν
3125 4743 3317 4815 ἐπειδὴ
3365 4750 3656 4818 πανταχοῦ

2067 4827 2178 4887 τοῖς
2207 4825 2495 4896 πελάγεσιν
2523 4830 2554 4898 ἡ
2587 4829 2882 4902 ξηραντικὴ
2914 4833 3020 4886 τῶν
3043 4833 3189 4888 ἁλῶν
3222 4839 3656 4910 συγκαταμέμι-
3715 4881 3721 4884 -

2067 4935 2191 4972 κται
2219 4918 2397 4988 φύσις,
2429 4921 2586 4974 τοῦτο
2613 4922 2745 4993 πρὸς
2772 4925 3022 4978 εὐκολίαν
3043 4927 3142 4995 τῆς
3169 4927 3280 4981 τῶν
3303 4929 3497 4999 ἀτμῶν
3519 4933 3658 4987 άναρ

2065 5011 2262 5075 δόσεως
2287 5011 2385 5081 τῆς
2419 5011 2568 5076 θείας
2598 5015 2788 5083 σοφίας
2813 5017 3204 5090 προειδομένης
3231 5026 3247 5089 (
3270 5021 3512 5076 ἐκθλίϐει
3537 5025 3656 5097 γάρ

2069 5118 2186 5164 πως
2215 5103 2309 5155 καὶ
2337 5101 2612 5168 ἐξωθεῖται
2638 5105 2735 5174 τῆς
2763 5104 3038 5176 θαλάσσης
3073 5111 3181 5162 πᾶν
3212 5109 3273 5161 τὸ
3309 5109 3658 5180 λεπτομερὲς

2070 5191 2164 5244 τοῦ
2206 5192 2398 5255 ὓδατος
2437 5194 2472 5264 ἡ
2515 5192 2694 5264 ἂλμη,
2743 5193 2832 5246 διὰ
2872 5196 2970 5265 τῆς
3004 5196 3332 5268 ἐγκειμένης
3378 5201 3445 5270 τῇ
3483 5199 3657 5268 φύσει

2068 5281 2361 5354 ξηρότητος
2411 5284 2552 5337 κατά
2593 5283 2686 5336 τοῦ
2738 5286 2903 5356 ὑγροῦ
2959 5287 3399 5360 δυναστεύουσα)
3423 5307 3436 5321 ⁸
3487 5291 3657 5346 οὐδὲν

2067 5373 2170 5438 ἐξω
2215 5374 2310 5429 τοῦ
2363 5375 2570 5440 εἰκότος
2621 5377 2768 5430 ἐστὶν
2813 5377 3006 5449 ἐπίσης
3048 5378 3255 5434 οἴεσθαι
3306 5383 3657 5451 πανταχόθεν

2069 5466 2415 5539 γίνεσθαιτῷ
2444 5467 2594 5540 ὑγρῷ
2636 5469 2730 5535 τὴν
2761 5470 3027 5542 δαπάνην.
3061 5474 3154 5526 τοῦ
3205 5474 3365 5548 ἀέρος
3409 5475 3494 5533 διὰ
3535 5475 3657 5535 τῶν
