3844 6226
195 277 294 334 σοι

1394 285 1461 342 ΙΝ
1501 286 1978 346 ΗΕΧΛΕΜΕΒΟΝ
2015 285 2240 342 LIBER.

3376 282 3480 342 102

197 400 395 472 ἀτμῶν
435 399 747 472 ἀρυομένου
778 401 877 471 τὴν
911 401 1211 462 θάλασσαν.
1259 404 1419 458 Ἀλλὰ
1457 407 1563 478 μὴν
1593 407 1655 460 τὸ
1688 409 1796 461 πᾶ-

1905 407 2023 462 inde
2051 407 2248 477 pluviae
2296 405 2352 460 in
2406 411 2608 460 terram
2653 404 2932 469 decidant,
2984 412 3039 460 et
3069 417 3172 458 nos
3222 406 3482 474 superius

199 510 301 548 σαν
342 493 446 564 τὴν
481 493 727 565 ἐναέριον
773 493 978 564 ἰκμάδα
1011 496 1172 562 νέφος
1211 495 1496 563 γίνεσθαι,
1537 499 1794 554 κάκεῖθεν

197 586 453 657 ἐπιρρεῖν
490 588 618 650 τοὺς
665 585 910 658 ὄμϐρους
945 589 1012 658 τῇ
1054 591 1148 658 γῇ.
1189 588 1217 641 ὃ
1255 606 1318 640 τε
1368 589 1654 659 προλαϐὼν
1690 591 1796 644 ἀπ-

196 676 374 741 έδειξε
404 677 565 746 λόγος
586 718 601 742 ,
643 679 740 730 καὶ
769 680 803 748 ἡ
846 679 1152 750 προφητεία
1189 679 1433 734 διδάσκει
1468 680 1546 751 τῷ
1583 681 1703 750 Θεῷ
1735 681 1795 734 τὸ

192 770 441 826 τοιοῦτον
463 770 624 842 ἔργον
643 770 982 836 ἀνατιθεῖσα,
1002 773 1061 823 ἐν
1080 765 1160 832 οἷς
1178 786 1364 840 φησιν,
1385 771 1468 823 ὅτι
1500 790 1517 820 ι
1542 766 1604 822 'U
1631 787 1797 840 προσ-

195 860 537 931 καλούμενος
570 861 630 914 τὺ
666 860 810 930 ὕδωρ
838 861 938 930 τῆς
969 858 1267 930 Θαλάσσης,
1298 861 1395 914 καὶ
1425 860 1632 930 ὲκχέων
1662 859 1795 912 αὑτὸ

197 953 344 1006 κατά
392 952 686 1023 πρόσωπον
730 953 831 1022 τῆς
881 953 1012 1020 γῆς,
1053 969 1076 1005 ο
1122 954 1218 1006 καὶ
1265 952 1401 1006 ἀλλα
1448 951 1640 1006 πολλά.
1684 952 1796 1004 Καὶ

196 1044 261 1099 τὸ
297 1045 632 1110 ἑξοπτᾶσθαι
669 1045 850 1098 πάντα
886 1044 957 1097 τά
995 1047 1130 1115 νέφη
1159 1049 1222 1098 ἐκ
1253 1046 1353 1114 τῆς
1389 1045 1796 1116 ὑπερκειμένης

199 1138 566 1210 θερμότητος,
595 1137 692 1193 καὶ
717 1139 796 1202 είς
819 1137 880 1190 τὸ
910 1139 1173 1200 παντελὲς
1203 1137 1670 1205 καταφρύγεσθαι,
1701 1136 1796 1188 καὶ

197 1229 360 1282 τοῦτο
392 1229 482 1282 διά
527 1233 626 1300 τῆς
659 1230 942 1299 ἐνεργείας
982 1229 1284 1299 ἐμάθομεν.
1322 1230 1583 1282 Λείπεται
1616 1227 1796 1281 τοίνυν

202 1323 281 1394 μὴ
315 1322 703 1393 παραδραμεῖν
739 1322 840 1392 τὴν
869 1321 1180 1384 ἀκολούθως
1208 1321 1630 1375 ἀνακύπτουσαν
1664 1324 1795 1392 ἡμῖν

199 1417 269 1469 ὲκ
290 1415 404 1468 τῶν
430 1414 741 1486 εἰρημένων
764 1414 1056 1468 ἀντίθεσιν.
1106 1415 1254 1486 Ἐρεῖ
1275 1413 1384 1484 γάρ
1409 1432 1493 1477 τις
1523 1416 1632 1477 τοῖς
1669 1431 1798 1482 προ·

201 1505 601 1577 εξητασμένοις
632 1505 900 1576 ἑπόμενος
919 1544 934 1568 ,
965 1507 1046 1559 ὃτι
1079 1505 1240 1558 Κατά
1269 1506 1328 1557 τὸ
1356 1505 1448 1557 ἐπὶ
1479 1504 1573 1558 τοῦ
1613 1505 1795 1558 ἐλαίου

201 1600 513 1670 ὑπόδειγμα
549 1598 974 1668 μεμαθήκαμεν,
1005 1598 1067 1650 τὸ
1093 1599 1190 1668 μὲν
1223 1596 1406 1649 ὑλικὸν
1439 1597 1534 1649 τοῦ
1573 1597 1794 1649 ὑποκει-

202 1689 372 1761 μένου
406 1691 504 1742 καὶ
532 1689 671 1760 μετά
703 1689 802 1761 τὴν
829 1689 1119 1758 ὲξόπτησιν
1157 1691 1231 1758 μὴ
1274 1687 1639 1752 ἀπόλλυσθαι,
1680 1686 1796 1740 ἀλλ’

1894 497 2263 561 ostendimus,
2289 506 2344 553 et
2376 498 2664 568 prophetia
2696 513 2835 567 opus
2866 496 3143 568 ejusmodi
3169 493 3282 550 Deo
3309 497 3481 552 tribui

1896 590 2060 645 docet
2097 591 2184 645 his
2217 591 2420 654 verbis,
2463 591 2656 647 dicens
2693 609 2706 645 :
2750 610 2768 642 ι
2795 588 2899 656 Qui
2937 595 3102 644 vocat
3129 602 3330 659 aquam
3361 603 3482 642 ma-

1896 683 1994 745 ris,
2027 689 2085 737 et
2115 683 2296 738 fundit
2331 698 2451 738 eam
2488 699 2655 753 super
2689 682 2884 738 faciem
2910 693 3070 736 term
3086 681 3154 736 ⁸⁸.
3183 700 3200 732 ι
3253 679 3322 734 Ει
3351 695 3478 734 ουιιι

1895 775 2004 829 alia
2038 776 2235 839 multa,
2280 785 2395 829 tum
2442 776 2618 831 nubes
2652 791 2683 828 a
2727 774 3013 844 superiore
3059 773 3344 828 caliditate
3381 786 3478 826 ac-

1896 866 2081 928 cendi,
2113 873 2170 920 et
2203 865 2434 937 .penitus
2457 865 2725 921 exsiccari
2759 866 2943 933 reipsa
2967 859 3484 929 didicimus.Quare

1896 971 2007 1010 non
2055 964 2142 1012 est
2212 957 2592 1026 pmtereuntla
2642 955 2896 1024 quaestio,
2942 969 3064 1024 quae
3106 953 3267 1009 nobis
3287 967 3357 1011 ex
3411 952 3482 1007 iis

1897 1064 2018 1118 qua:
2044 1049 2192 1104 dicta
2227 1057 2376 1115 sunt,
2411 1049 2606 1105 ordine
2651 1048 2917 1103 occurrit.
2966 1047 3058 1100 Sic
3084 1045 3231 1101 enim
3281 1044 3484 1115 aliquis

1896 1141 2162 1210 obiiciat:
2197 1140 2273 1195 Ex
2316 1148 2749 1196 commemorato
2784 1139 2890 1194 olei
2921 1138 3172 1208 exemplo
3212 1137 3486 1192 intellexi—

1899 1248 2043 1296 mus,
2085 1235 2371 1287 materiam
2401 1234 2708 1302 subjectam
2761 1231 2929 1286 etiam
2965 1237 3092 1300 post
3139 1229 3482 1284 combustio-

1897 1339 2020 1379 nem
2051 1341 2161 1378 nun
2195 1325 2422 1389 aboleri,
2453 1324 2547 1379 sed
2580 1325 2632 1379 in
2660 1339 2839 1378 aerem
2859 1321 3137 1386 secedere,
3163 1331 3326 1392 atque
3341 1319 3485 1392 ignis

1896 1418 1949 1470 vi
1988 1418 2042 1470 in
2071 1428 2275 1472 terram
2314 1417 2509 1487 redigi,
2536 1431 2600 1470 eo
2637 1426 2985 1483 consumpto,
3025 1413 3169 1484 quod
3206 1413 3329 1482 ejus
3356 1429 3486 1484 qua-

1905 1507 2046 1562 litati
2073 1507 2416 1561 contrarium
2449 1515 2590 1562 erat.
2638 1507 3006 1572 Quamobrem
3035 1507 3129 1576 qui
3168 1513 3348 1575 potest
3379 1505 3484 1560 hu-

1900 1599 2046 1653 mida
2073 1605 2270 1652 natura
2305 1613 2521 1668 semper
2556 1599 2866 1661 imminuta,
2912 1606 3077 1668 atque
3117 1597 3328 1667 integra
3361 1613 3487 1667 per-

1907 1703 2150 1746 manere,
2189 1701 2312 1740 cum
2360 1701 2622 1755 vaporum
2677 1687 2990 1751 humorem,
3028 1695 3088 1739 ut
3144 1686 3484 1742 declaratum

199 1783 284 1844 εἰς
312 1780 404 1834 τὸν
426 1780 569 1850 ἀέρα
598 1783 938 1851 μεταχωρεῖν
965 1780 1052 1832 διὰ
1076 1779 1178 1848 τῆς
1199 1779 1292 1832 τοῦ
1319 1779 1490 1848 πυρὸς
1518 1779 1799 1849 ἐνεργείας

1905 1786 2009 1836 est.
2039 1778 2242 1846 ubique
2278 1778 2531 1832 calitlitas
2569 1776 2850 1844 arefaciat,
2879 1787 2933 1833 et
2972 1778 3028 1831 in
3057 1777 3263 1833 siccam
3311 1777 3488 1848 quali-

199 1873 634 1944 ἀπογεούμενον.
663 1872 771 1925 Τοῦ
795 1871 852 1924 δὲ
881 1871 1050 1944 ὑγροῦ
1079 1870 1531 1939 ἐναφανισθέντος
1551 1873 1616 1942 τῇ
1644 1872 1798 1923 ἐναν-

200 1965 293 2036 τίᾳ
323 1963 574 2034 ποιότητι
595 2003 609 2025 ,
642 1964 760 2025 πῶς
789 1961 939 2015 ἔστιν
983 1962 1254 2033 ἀμείωτον
1289 1961 1388 2031 τὴν
1421 1961 1593 2029 ὑγρὰν
1638 1962 1798 2030 φύσιν

201 2056 378 2109 εἰσαεὶ
411 2054 712 2126 διαμένειν,
751 2054 985 2108 πάντοτε
1031 2053 1132 2123 τῆς
1173 2053 1383 2124 θερμῆς
1427 2053 1614 2116 οὐσίας
1655 2053 1714 2106 τὸ
1743 2056 1799 2106 ἐν

178 2150 316 2239 ι«τοῖς
364 2148 563 2218 ἀτμοῖς
604 2146 775 2219 ὑγρὸν
823 2145 1332 2217 καταφρυττούσης,
1367 2147 1459 2200 καὶ
1505 2148 1585 2208 εἰς
1630 2145 1800 2216 ξηρὰν

205 2239 658 2312 μεταϐαλλούσης
697 2239 989 2309 ποιότητα,
1039 2236 1222 2301 καθὼς
1263 2240 1294 2308 ἠ
1339 2237 1542 2307 θεωρία
1571 2238 1711 2290 κατά
1742 2237 1801 2289 τὺ

201 2331 498 2386 ἀκόλουθον
539 2331 632 2384 διὰ
670 2331 778 2383 τῶν
809 2329 1196 2400 ὲξητασμένων
1236 2328 1556 2395 ἀπέδειξενς
1601 2328 1664 2380 Εἰ
1709 2323 1801 2380 οὖν

201 2426 557 2496 ἑξατμίξεται
605 2425 703 2495 μὲν
743 2425 805 2476 τὸ
835 2423 1025 2494 ὑγρὸν,
1069 2423 1339 2484 εὐάλωτος
1376 2423 1431 2474 δὲ
1475 2421 1682 2488 γίνεται
1724 2418 1802 2489 τῷ

202 2517 394 2588 θερμῷ
419 2518 452 2588 ἡ
477 2516 732 2587 ὑγρότης,
763 2515 843 2578 είς
861 2515 930 2568 τά
946 2513 1120 2568 λεπτά
1137 2532 1196 2566 τε
1220 2501 1314 2566 καὶ
1334 2512 1512 2583 ἀμερῆ
1539 2512 1804 2581 τμήματα

199 2609 290 2662 διὰ
319 2608 428 2662 τῶν
457 2608 650 2678 ἀτμῶν
683 2607 1006 2678 μερισθεῖσα
1027 2624 1040 2636 ³
1081 2606 1298 2674 ἀνάγκη
1330 2605 1501 2666 πᾶσα,
1539 2603 1675 2674 πρὸς
1704 2601 1803 2672 τὴν

206 2701 382 2774 ξηράν
418 2700 685 2770 ποιότητα
711 2697 806 2752 τοῦ
834 2697 1004 2768 ὑγροῦ
1038 2696 1473 2768 μεταϐαίνοντος,
1505 2694 1803 2766 ἀληθέστε-

208 2811 302 2866 ρον
326 2795 542 2846 ἐκεῖνον
576 2792 670 2844 τὸν
714 2791 873 2858 λόγον
911 2789 1150 2854 οἴεσθαι,
1187 2790 1271 2841 ὃτι
1319 2787 1435 2840 ἐστί
1478 2803 1563 2850 τις
1597 2785 1804 2839 ὑδάτων

206 2884 498 2957 περιουσία
524 2921 538 2946 ,
579 2885 613 2954 ἠ
645 2883 733 2936 ἀεὶ
761 2881 1154 2952 ἀναπληροῦσα
1189 2879 1251 2934 τὸ
1280 2881 1346 2933 ὲκ
1381 2877 1477 2932 τοῦ
1512 2877 1682 2949 πυρὸς
1712 2877 1806 2930 δα-

206 2976 532 3047 πανώμενον
554 3018 568 3031 .
613 2975 775 3038 Ἴσως
817 2973 862 3026 δ’
908 2973 974 3026 ἀν
1007 2989 1132 3026 τινα
1171 2972 1266 3025 καὶ
1311 2968 1619 3042 μαρτυρίαν
1668 2967 1807 3038 πρὸς

206 3069 306 3139 τὴν
362 3065 621 3137 τοιαύτην
670 3063 941 3134 ὑπόληψιν
977 3063 1086 3116 ἀπὸ
1139 3064 1241 3132 τῆς
1279 3062 1507 3131 Γραφῆς
1560 3057 1808 3129 παραλά-

1903 1877 2067 1924 tatem
2093 1871 2416 1924 convertat?
2477 1870 2610 1932 Cur,
2672 1885 2797 1924 cum
2856 1869 3143 1923 humidum
3182 1869 3486 1933 exhaletur,

1900 1970 1954 2016 et
1978 1961 2157 2016 calido
2185 1970 2295 2016 tam
2329 1962 2400 2016 sit
2429 1962 2751 2027 obnoxium,
2782 1969 2842 2017 ut
2872 1962 2928 2016 in
2959 1963 3169 2026 tenuia,
3201 1969 3370 2033 atque
3404 1961 3489 2016 in-

1901 2051 2125 2105 dividua
2168 2053 2502 2123 corpuscula
2538 2037 2632 2122 per
2669 2068 2902 2122 vapores
2928 2053 3228 2108 dissectum
3271 2054 3326 2108 in
3377 2053 3490 2108 ario

1900 2142 2026 2196 dam
2054 2145 2377 2212 qualitatem
2409 2149 2475 2199 ab
2504 2161 2570 2200 co
2609 2160 2838 2200 necesse
2867 2146 2941 2200 sit
2978 2146 3331 2211 commutari,
3378 2163 3490 2202 non
3536 2194 3543 2200 .

1901 2251 1964 2291 ea
2025 2237 2208 2289 verior
2267 2236 2615 2292 existimetur
2682 2237 2890 2306 opinio,
2938 2251 3061 2306 quae
3117 2237 3317 2292 asserit
3368 2252 3490 2292 esse

1902 2326 2197 2396 quamdam
2234 2342 2503 2396 aquarum
2535 2327 2773 2397 ecpiam,
2824 2341 2933 2397 qua
2957 2342 3175 2398 semper
3210 2328 3492 2384 instaure-

1901 2427 2013 2482 tur,
2044 2426 2098 2474 et
2117 2417 2421 2474 sumciatur
2458 2420 2511 2475 id
2543 2420 2691 2490 quod
2725 2421 2794 2475 ab
2827 2420 2952 2489 igne
2981 2429 3376 2492 consumptum
3424 2435 3492 2476 ac

1903 2509 2246 2579 deperditum
2302 2512 2426 2566 est?
2474 2512 2776 2582 praesertim
2818 2528 2943 2567 cum
2985 2511 3286 2582 Scriptum
3335 2512 3493 2567 testi-

1904 2603 2090 2655 monio
2112 2601 2424 2657 conﬁrmari
2458 2605 2658 2674 possit,
2697 2619 2819 2675 quae
2848 2604 3016 2658 tradit
3046 2613 3268 2674 apertas
3317 2603 3495 2660 fuisse

1904 2698 2210 2746 cataractas
2265 2693 2474 2759 coeli”,
2541 2709 2664 2747 cum
2743 2691 2903 2762 aquis
2958 2691 3247 2747 altissimis
3301 2705 3494 2745 omnes

1906 2783 2172 2836 montium
2222 2784 2456 2840 vertices
2507 2783 2897 2853 superantibus
2945 2781 3225 2852 submergi
3282 2789 3494 2844 terram

1905 2883 2203 2946 oporteret.
2238 2874 2352 2931 Hoc
2383 2892 2482 2947 ego
2520 2876 2821 2947 Scriptum
2870 2873 3252 2929 testimonium
3304 2872 3490 2928 dicam

1906 2968 2014 3022 alio
2070 2968 2320 3038 ejusdem
2372 2969 2672 3037 Scriptum
2711 2967 3025 3022 testimonio
3073 2965 3247 3021 refelli
3299 2980 3492 3036 posse.

1909 3058 2062 3112 Solet
2092 3059 2239 3112 enim
2289 3057 2477 3112 divina
2530 3057 2814 3128 Scriptura
2853 3071 2885 3111 a
2917 3057 3143 3126 propria
3191 3056 3494 3112 verborum

207 3135 328 3213 ϐοι·
379 3159 444 3212 τὺ
497 3135 786 3226 ἀνοιγῆναι
847 3157 974 3219 τοὺς
1042 3154 1434 3227 καταρράκτας
1490 3150 1584 3204 τοῦ
1646 3151 1799 3220 οὑρα-

1912 3150 2314 3219 signiticatione
2365 3148 2642 3203 recedere.

206 3252 339 3318 νοῦ,
391 3251 479 3304 ὅτε
536 3247 872 3319 ὑποϐρύχιον
920 3247 1027 3299 ἔδει
1080 3245 1336 3314 γενέσθαι
1384 3244 1482 3315 τὴν
1520 3244 1654 3313 γῆν,
1697 3242 1876 3312 πάσης
1933 3241 2075 3312 ὀρῶν
2132 3242 2378 3312 κορυφῆς
2464 3242 2560 3294 ἐπὶ
2586 3240 2840 3295 πλεῖστον
2875 3240 3076 3310 βάθους
3133 3241 3497 3313 ὑπερέχοντος

205 3341 301 3394 τοῦ
335 3340 552 3402 ὓδατος.
587 3337 727 3390 Ἀλλ’
758 3336 870 3406 ἐγὼ
895 3337 994 3408 τὴν
1027 3335 1126 3406 μὲν
1155 3335 1434 3407 γραφικὴν
1461 3331 1736 3386 ἀντίθεσίν
1766 3349 1907 3401 φημι
1945 3330 2170 3384 δυνατὸν
2199 3326 2450 3385 εἶναιδιά
2486 3331 2705 3406 Γραφῆς
2737 3331 2932 3402 ἐτέρας
2965 3333 3493 3412 παραμυθήσασθαι.

204 3431 328 3486 οἶδα
372 3432 485 3501 γὰρ
507 3432 608 3502 τὴν
642 3430 983 3500 κατάχρησιν
1013 3427 1124 3480 τῶν
1158 3427 1317 3482 θείων
1352 3427 1613 3497 ῥημάτων
1647 3423 1739 3475 ἐπὶ
1769 3421 1869 3492 τῆς
1894 3424 2168 3493 γραφικῆς
2194 3423 2500 3492 συνηθείας.

279 3528 348 3580 Τί
419 3527 678 3598 σημαίνει
734 3524 824 3579 διὰ
884 3523 980 3576 τοῦ
1030 3521 1260 3588 ἀνοῖξαι,
1320 3524 1415 3576 καὶ
1468 3522 1521 3574 τί
1572 3521 1662 3576 διὰ
1714 3519 1808 3574 τοῦ

207 3620 428 3673 κλεῖσαι
485 3618 847 3684 ὲνδείκνυταις
887 3615 1059 3686 Δῆλον
1091 3616 1200 3687 γὰρ
1246 3616 1330 3668 ὅτι
1379 3615 1442 3666 τὺ
1497 3613 1809 3684 κλειόμενον

209 3711 527 3779 ἀνοίγεται,
558 3708 742 3764 καὶτὸ
774 3708 1127 3779 ἀνοιγόμενον
1173 3706 1438 3760 κλείεται.
1491 3704 1646 3758 Ἐπεὶ
1689 3700 1804 3770 οὖν,

208 3802 390 3872 ἀτμοῦ
447 3817 582 3854 ποτε
639 3801 785 3854 κατά
841 3801 966 3863 τοὺς
1023 3798 1251 3868 χρόνους
1319 3796 1498 3849 Ἠλίου
1573 3797 1806 3866 ἐπικρα-

203 3893 454 3956 τοῦντος,
478 3892 621 3946 οὕτω
640 3892 804 3962 φησὶν
823 3891 857 3961 ἡ
884 3889 1095 3962 Γραφὴ,
1121 3889 1204 3942 ὅτι
1234 3909 1250 3940 ι
1280 3887 1608 3959 Ἐκλείσθηὸ
1635 3887 1803 3956 ούρα-

208 3983 302 4047 νὺς
330 3985 426 4037 ἐπὶ
459 3981 554 4054 ἐτη
586 3982 713 4053 τρία
743 3981 838 4036 καὶ
868 3983 1042 4053 μῆνας
1075 3980 1152 4045 ’ἐξ-
1189 4001 1206 4031 ι
1234 3979 1391 4033 τοῦτο
1416 3975 1568 4050 οἶμαι
1590 3978 1682 4031 τοῦ
1705 3979 1799 4031 οὑ-

209 4073 379 4148 ρανοῦ
421 4073 550 4138 τοὺς
585 4073 972 4145 καταρράκτας
997 4070 1268 4142 ὴνεῷχθαι
1305 4070 1398 4124 τὸν
1434 4070 1531 4140 τῆς
1574 4070 1799 4140 Γραφῆς

207 4167 369 4235 λόγον
395 4167 596 4234 λέγειν,
629 4166 704 4230 ὡς
735 4165 989 4235 ἐκλείσθη
1017 4167 1074 4216 έν
1099 4163 1179 4234 τῷ
1214 4163 1313 4233 τῆς
1343 4161 1644 4232 ἀνομϐρίας
1673 4179 1794 4214 και-

210 4260 312 4332 ρῷ.
361 4259 522 4313 Ἀλλά
561 4257 668 4330 μὴν
705 4257 827 4310 τότε
855 4256 945 4310 διὰ
983 4255 1085 4326 τῆς
1120 4255 1425 4326 προσευχῆς
1456 4253 1549 4307 τοῦ
1592 4255 1795 4317 Ἠλίου,

205 4351 372 4420 νέφος
393 4352 457 4405 ἐκ
484 4350 586 4420 τῆς
613 4349 886 4419 θαλάσσης
917 4349 1210 4416 ἀναφανὲν,
1245 4347 1335 4400 τὸν
1364 4346 1589 4417 οὐρανὸν
1615 4347 1798 4410 αὑτοῖς

206 4441 299 4496 διὰ
333 4442 434 4510 τῆς
474 4440 784 4512 ἐπομϐρίας
808 4439 1040 4512 ἠνοιξεν.
1082 4440 1225 4509 ’Ἄρα
1252 4436 1441 4507 σαφῶς
1474 4436 1798 4490 ἀποδείκνυ-

207 4551 301 4586 ται
330 4533 418 4586 διά
463 4532 690 4595 τούτων,
723 4531 786 4584 τὺ
823 4530 957 4602 μηδὲ
993 4530 1116 4583 τότε
1146 4529 1206 4583 τὸ
1245 4529 1530 4602 στερέωμα
1572 4527 1668 4581 τοῦ
1707 4529 1800 4581 οὑ-

209 4624 380 4696 ρανοῦ
430 4623 760 4696 διασχισθὲν,
814 4626 878 4678 ὲκ
935 4622 1046 4677 τῶν
1095 4620 1454 4692 ὑπερκεῖσθαι
1496 4620 1803 4690 λεγομένων

206 4717 423 4771 ὑδάτων
447 4715 792 4789 καταρρἦαι
830 4715 920 4768 τὸν
959 4713 1187 4785 ὄμϐρον,
1219 4712 1336 4766 ἀλλ’
1367 4712 1595 4783 οὐρανὸν
1623 4711 1801 4779 λέγει,

206 4807 304 4861 τὸν
355 4807 634 4878 περίγειον
678 4806 852 4878 ἀέρα,
893 4806 984 4858 τὸν
1027 4804 1280 4874 ὁρίζοντα
1318 4807 1430 4867 τοῖς
1464 4804 1658 4873 ἀτμοῖς
1703 4801 1803 4872 τὴν

209 4900 426 4964 στάσιν,
458 4900 596 4970 ὅπερ
621 4899 739 4953 ἐστὶ
767 4899 863 4969 τῆς
886 4895 1399 4968 λεπτομερεστάτης
1427 4894 1520 4948 τοῦ
1546 4896 1804 4966 ὑπερκει-

213 4993 385 5064 μένου
429 4993 554 5063 ὄρος
585 4991 821 5061 φύσεως·
856 4989 972 5061 μεθ’
1005 4989 1064 5043 ὃν
1086 4988 1345 5060 οὑδεμίαν
1393 4987 1622 5060 δύναμιν
1666 4987 1803 5058 πρὸς

208 5085 314 5156 τὴν
341 5085 527 5139 ἄνοδον
559 5083 674 5155 ἔχει
712 5082 821 5136 τῶν
856 5081 1300 5154 ἐμϐριθεστέρων
1331 5080 1507 5144 οὐδὲν,
1535 5079 1597 5132 οὑ
1620 5078 1801 5148 νέφος,

209 5177 276 5230 οὑ
311 5176 548 5248 πνεῦμα,
584 5177 685 5230 οὑκ
716 5175 912 5246 ἀτμὸς,
945 5175 1047 5229 οὑκ
1078 5173 1474 5244 ἀναθυμίασις,
1495 5173 1594 5243 οὑχ
1623 5173 1656 5242 ἡ
1694 5169 1803 5224 τῶν

211 5268 437 5340 πτηνῶν
486 5269 667 5339 φύσις.
724 5267 800 5322 Τὸ
848 5263 942 5322 οῦν
987 5267 1131 5339 ὑπὲρ
1190 5264 1435 5336 κεφαλῆς
1473 5262 1718 5334 συνήθως
1766 5263 1800 5331 ή

211 5361 406 5432 Γραφὴ
420 5360 650 5432 οὐρανὸν
666 5360 835 5429 λέγει,
859 5379 879 5410 ι
905 5359 1135 5431 ούρανοῦ
1153 5357 1376 5412 πετεινά
1399 5377 1417 5407 ι
1441 5355 1696 5424 λέγουσα,
1711 5352 1804 5407 τὸν

211 5451 354 5521 ἀέρα
374 5451 567 5505 τοῦτον
594 5451 980 5523 διαπετόμενα.
1022 5449 1160 5502 Ἀλλ’
1200 5451 1249 5502 εἰ
1282 5449 1376 5502 καὶ
1402 5447 1575 5500 ταῦτα
1613 5445 1800 5498 τοῦτον

205 5543 329 5615 ἔχει
359 5543 451 5599 τὸν
501 5546 724 5618 τρόπον,
753 5545 907 5600 οὔπω
959 5543 1020 5597 τὸ
1068 5544 1252 5617 ἕτερον
1281 5545 1309 5598 ὁ
1344 5544 1499 5613 λόγος
1530 5545 1662 5614 ἡμῖν
1693 5543 1798 5594 ὑπ-

283 5725 534 5784 "Amos.
577 5743 634 5794 ν,
670 5727 725 5782 8.
801 5727 845 5759 ’³
877 5725 1014 5781 Gen.
1047 5724 1222 5794 vn,“
1263 5740 1383 5799 sqq.

1833 4573 1880 4631 D

1451 5724 1506 5796 ."
1541 5720 1604 5776 ΙΙΙ
1638 5720 1772 5793 “es.
1803 5737 1936 5788 xvn,
1973 5721 2040 5790 9;
2073 5721 2206 5778 Luc.
2234 5739 2308 5789 tv,
2337 5723 2428 5776 25.

1984 3518 2125 3583 Quid
2162 3519 2327 3586 igitur
2368 3534 2464 3587 per
2488 3518 2704 3588 aperire
2739 3525 2794 3573 et
2848 3518 3108 3575 claudere
3164 3519 3296 3574 velit
3338 3519 3498 3575 intel-

1913 3595 2008 3678 ligi
2063 3609 2498 3665 consideremus.
2552 3609 2627 3664 Ea
2673 3610 2936 3666 nimirum
2968 3610 3318 3682 aperiuntur,
3372 3625 3498 3681 qua

1911 3700 2102 3755 clausa
2139 3711 2286 3767 sunt,
2309 3708 2363 3756 et
2397 3716 2518 3770 quae
2539 3709 2670 3756 sunt
2697 3709 2905 3771 aperta,
2935 3699 3294 3757 clauduntur.
3329 3701 3496 3756 Tem-

1910 3791 2146 3862 poribus
2178 3791 2345 3862 igitur
2379 3791 2512 3846 Eliae
2540 3807 2663 3846 cum
2696 3792 2824 3846 olim
2856 3806 3054 3862 magna
3077 3792 3302 3848 siccitas
3324 3800 3494 3860 esset,

1909 3899 1974 3940 ea
2017 3900 2106 3954 res
2166 3885 2223 3938 in
2279 3883 2567 3955 Scriptura
2621 3884 2774 3940 hisce
2826 3884 3009 3939 verbis
3057 3892 3143 3939 est
3181 3883 3492 3954 explicata:

1914 3997 1932 4029 ι
1962 3977 2226 4034 Clausum
2264 3985 2351 4032 est
2401 3977 2602 4032 malum
2660 3977 2824 4032 annis
2854 3977 3054 4040 tribus,
3104 3983 3161 4030 et
3205 3975 3494 4030 mensibus

1909 4086 2007 4126 sex
2030 4072 2098 4126 ³ο.
2133 4090 2150 4122 ι
2179 4070 2363 4137 Quare
2383 4083 2448 4124 ea
2483 4068 2782 4139 Scriptum
2807 4067 3080 4131 oratione,
3099 4081 3209 4137 qua
3231 4066 3496 4122 dicuntur

1907 4173 2111 4232 aperta:
2147 4170 2440 4216 cataractae
2483 4161 2632 4223 coeli,
2687 4158 2990 4231 signiﬁcari
3025 4158 3268 4215 arbitror
3310 4160 3492 4230 ipsum

1907 4255 2108 4308 caelum
2145 4253 2317 4308 fuisse
2345 4253 2594 4307 clausum
2625 4263 2872 4320 tempore
2907 4251 3196 4308 siccitatis.
3222 4250 3346 4319 Quo
3366 4255 3495 4325 qui-

1907 4345 2032 4401 dem
2066 4354 2314 4416 tempore
2338 4360 2462 4399 cum
2481 4345 2736 4414 precibus
2759 4343 2892 4398 Elite
2923 4345 3096 4400 nubes
3127 4360 3158 4400 e
3187 4347 3326 4400 mari
3357 4348 3494 4402 sub-

1908 4438 2054 4505 lata,
2100 4439 2284 4508 pluvia
2322 4438 2564 4493 demissa
2619 4437 2822 4491 caelum
2880 4437 3189 4507 aperuerit,
3251 4447 3494 4506 constat,

1908 4546 1979 4587 ne
2007 4539 2139 4586 tunc
2156 4530 2378 4601 quidem
2406 4530 2754 4586 ﬁrmamento
2785 4529 2908 4586 coeli
2938 4530 3216 4601 disrupto,
3240 4548 3310 4588 ex
3335 4535 3494 4600 aquis

1905 4638 2030 4694 quae
2063 4638 2229 4692 super
2265 4622 2357 4677 illo
2389 4622 2652 4678 dicuntur
2699 4639 2846 4688 esse,
2886 4625 3119 4681 imbrem
3173 4623 3492 4692 deﬂuxisse,

1907 4715 2004 4770 sed
2035 4715 2234 4770 caelum
2265 4715 2529 4784 appellari
2576 4730 2782 4778 aerem,
2845 4719 2940 4785 qui
2985 4726 3193 4771 terram
3243 4716 3494 4771 ambiens

1906 4807 2204 4877 vaporibus
2257 4808 2551 4862 terminum
2611 4808 2915 4874 constituit,
2962 4823 3072 4878 quo
3125 4822 3156 4861 a
3207 4807 3496 4864 subtiliore

1907 4906 2108 4955 natura
2157 4899 2247 4952 illa
2289 4899 2574 4970 superiore
2611 4900 2993 4970 sejungantur,
3034 4899 3178 4954 ultra
3200 4914 3366 4970 quem
3416 4900 3494 4954 ni-

1908 4992 1985 5046 hil
2023 5006 2212 5046 eorum
2238 5006 2359 5061 qua:
2385 4993 2636 5061 graviora
2669 5002 2818 5056 sunt,
2851 5000 3032 5062 potest
3079 4992 3348 5062 aspirare,
3378 5007 3491 5047 nou

1906 5085 2104 5147 nubes,
2136 5098 2246 5138 non
2273 5093 2495 5148 ventus,
2544 5099 2655 5139 non
2686 5099 2876 5153 vapor,
2920 5099 3031 5140 non
3055 5085 3356 5150 exhalatio,
3379 5100 3493 5140 non

1906 5176 2040 5247 ipsa:
2070 5175 2340 5232 volucres.
2395 5177 2551 5243 Quod
2585 5187 2766 5233 autem
2809 5193 2903 5233 aer
2953 5177 3044 5232 hic
3095 5176 3374 5247 capitibus
3401 5193 3494 5230 no-

1906 5269 2039 5323 stris
2064 5269 2386 5339 impendens
2420 5270 2622 5326 cmlum
2657 5270 2712 5325 in
2738 5270 3026 5340 Scriptura
3057 5277 3309 5335 vocetur,
3329 5268 3494 5324 facile

1907 5361 2278 5431 intelligimus,
2310 5361 2438 5416 dum
2467 5365 2522 5416 in
2552 5377 2614 5417 ea
2633 5363 2888 5432 legimus,
2914 5381 2932 5414 ι
2960 5361 3204 5416 volatilia
3235 5360 3363 5416 cmli
3383 5359 3488 5415 “.9
3587 5353 3604 5378 ’

1905 5451 2101 5506 Aerem
2131 5451 2274 5505 enim
2299 5466 2397 5520 per
2421 5467 2483 5506 ea
2508 5467 2627 5521 qua:
2656 5452 2712 5506 in
2747 5453 2867 5522 ipso
2895 5452 3104 5516 volant,
3144 5450 3346 5506 coelum
3377 5449 3492 5506 dici

1905 5543 2311 5614 cognoscimus.
2340 5543 2608 5600 Caeterum
2633 5545 2885 5600 licetliwc
2904 5545 2976 5598 ita
2988 5559 3050 5601 se
3076 5544 3332 5610 habeant,
3351 5557 3491 5599 non-

2507 5723 2546 5756 ³¹
2577 5721 2712 5778 Gen.
2759 5739 2796 5789 ι,
2835 5722 2904 5776 96
2935 5738 2948 5787 ;
2984 5721 3174 5778 ﬂattb.
3215 5738 3289 5791 va,
3326 5718 3414 5780 ΞΒ.
