3880 6218
337 280 441 336 103
1587 287 1642 340 S.
1677 283 1912 341 CREGO

2043 287 2333 346 NYSSENI
3520 291 3579 352 ιιι
3597 301 3622 352 ι

333 399 463 455 dum
500 399 772 470 explicata
794 409 880 456 est
913 400 1004 454 illa
1031 403 1284 472 quaestio,
1334 403 1612 473 quomodo
1648 421 1914 476 vaporum

2022 411 2270 474 ελύσατο,
2304 412 2421 474 πῶς
2446 413 2478 481 ἡ
2517 414 2595 475 εἰς
2623 413 2681 466 τὸ
2710 398 2874 483 ξηρὸν
2906 414 3014 467 τῶν
3047 415 3237 486 ἀτμῶν
3263 407 3623 488 μεταποίησις

333 492 392 548 in
415 491 626 546 siccum
656 494 1016 549 commutatio
1050 494 1332 550 humidum
1355 495 1410 550 vi
1461 504 1674 551 natura:
1726 499 1920 552 calidae

333 593 724 656 consumptum
760 601 870 640 non
906 588 1392 644 imminuat.Aliud
1423 589 1689 660 praeterea
1719 591 1918 646 Ordine

333 678 592 747 sequitur
641 679 1032 747 inquirendum
1063 719 1078 744 ,
1133 680 1282 750 quod
1320 683 1674 737 accuratiore
1731 683 1919 737 studio

333 768 660 837 indagantes
679 769 825 824 forte
853 785 1280 841 consequemur.
1315 773 1531 827 Audisti
1568 773 1918 844 prophetiam

331 861 534 915 divina:
602 861 897 931 potestatis
953 863 1394 934 magnitudinem
1439 879 1506 919 ex
1557 866 1628 921 iis
1680 881 1804 936 qua:
1858 867 1918 921 in

334 955 502 1007 rebus
544 953 853 1022 procreatis
903 953 1227 1008 admiranda
1271 959 1601 1021 cernuntur,
1648 972 1918 1012 enarran-

331 1050 439 1096 tem
470 1042 576 1096 hoc
612 1043 778 1095 modo
811 1061 824 1095 :
869 1062 886 1094 ι
911 1041 1047 1109 Quis
1068 1059 1232 1098 manu
1257 1045 1548 1102 dimensus
1572 1054 1658 1101 est
1686 1061 1912 1116 aquam,

327 1142 382 1188 et
413 1134 618 1187 ctelum
670 1135 874 1203 palmo,
930 1146 985 1190 et
1034 1137 1243 1206 pugillo
1295 1145 1500 1192 terram
1559 1133 1918 1193 universam?

326 1225 465 1291 Quis
496 1228 549 1279 in
578 1237 782 1280 statera
815 1236 1057 1291 montes,
1091 1237 1145 1282 et
1184 1230 1356 1284 valles
1385 1231 1440 1282 in
1485 1230 1644 1283 lance
1673 1231 1916 1285 colloca-

327 1318 406 1371 vit
426 1317 504 1371 ³³2
535 1337 552 1368 ι
597 1316 692 1372 His
723 1319 928 1381 verbis,
969 1328 1027 1372 ut
1063 1319 1324 1382 arbitror,
1357 1328 1550 1390 aperte
1585 1320 1750 1375 ducet
1783 1335 1918 1390 pro-

327 1409 512 1480 pheta,
528 1410 806 1480 propriam
831 1412 1067 1482 singulis
1087 1412 1372 1466 elementis
1392 1414 1773 1484 praescriptam
1793 1424 1918 1469 esse

327 1516 671 1563 mensuram,
702 1518 732 1554 a
769 1500 864 1556 Dei
901 1503 1089 1556 omnia
1141 1504 1566 1573 complectentis
1615 1513 1913 1574 potestate,

326 1609 492 1662 quam
529 1595 621 1648 illc
649 1611 894 1658 manum,
919 1603 972 1650 et
1013 1597 1278 1665 palmum,
1315 1605 1370 1651 et
1403 1598 1672 1666 pugillum
1729 1605 1914 1664 vocat,

327 1687 446 1740 suis
474 1687 907 1758 unumquodque
940 1689 1196 1744 terminis
1232 1700 1286 1744 et
1335 1691 1613 1745 mensuris
1648 1705 1916 1744 coerccn—
1952 1751 1959 1760 γ

2019 506 2120 558 οὑκ
2144 505 2356 558 ἐλαττοί
2385 507 2445 558 τὸ
2471 507 2657 576 ὑγρόν,
2683 507 2744 559 τὸ
2768 509 3130 579 ἐπικρατήσει
3163 512 3262 578 τῆς
3292 510 3498 582 θερμῆς
3523 511 3620 564 οὐ-

2022 597 2144 660 σίας
2183 597 2658 668 ὲκδαπανώμενονι
2696 599 2840 669 Πρὸς
2873 599 2929 652 δὲ
2961 600 3134 653 ταῦτα
3169 600 3347 664 καλῶς
3398 601 3463 654 ἂν
3504 604 3620 671 ἔχοι

2020 679 2214 754 ἑτέραν
2235 684 2555 737 ἀκολουθίαν
2581 679 2824 756 ἐξευρεῖν
2855 691 2918 758 τῇ
2943 687 3143 758 θεωρίᾳ
3172 689 3264 742 τοῦ
3293 690 3451 757 λόγου
3484 696 3623 760 τυμ-

2020 771 2333 830 σαίνουσαν⁸
2373 777 2503 840 ἴσως
2530 779 2638 849 γὰρ
2671 780 2736 831 ἂν
2779 780 2990 848 γένοιτο
3030 783 3160 851 ἡμῖν
3206 781 3295 832 διὰ
3333 771 3435 852 τῆς
3471 783 3621 850 φιλο-

2021 866 2332 943 πονωτέρας
2393 873 2744 944 προσεδρίάς,
2926 875 3244 945 διαμαρτεῖν
3290 876 3387 946 τῆς
3449 893 3621 947 apocr-

2019 964 2153 1034 ηκού
2163 974 2260 1034 σης
2277 983 2341 1018 πε
2350 967 2404 1036 ρὶ
2428 967 2520 1018 τοῦ
2546 967 2861 1036 σκέμματος
2879 966 3222 1036 ὑπολήψεως.
3242 963 3488 1020 Ἤκουσα
3517 967 3620 1036 τῆς

2020 1056 2355 1125 προφητείας
2383 1055 2443 1109 τὺ
2472 1052 2757 1126 μεγαλεῖον
2789 1058 2888 1126 τῆς
2918 1058 3010 1110 τοῦ
3053 1050 3188 1110 Θεοῦ
3219 1057 3502 1126 δυνάμεως
3528 1059 3619 1110 διὰ

2019 1145 2126 1200 τῶν
2161 1146 2218 1197 ὲν
2246 1148 2310 1215 τῇ
2357 1145 2533 1198 κτίσει
2571 1145 2868 1216 θαυμάτων
2899 1145 3225 1216 διεξιούσης,
3259 1151 3316 1200 ὲν
3341 1142 3422 1210 οἷς
3451 1163 3615 1216 φησι·

2024 1253 2045 1287 ι
2082 1235 2178 1297 Τίς
2204 1236 2479 1310 ὲμέτρησε
2518 1240 2584 1307 τῇ
2632 1239 2778 1308 χειρὶ
2804 1238 2865 1292 τὸ
2912 1237 3077 1308 ὕδωρ,
3131 1241 3224 1292 καὶ
3264 1241 3353 1291 τὸν
3385 1239 3619 1310 οὐρανὸν

2022 1323 2301 1400 σπιθαμῇ,
2345 1330 2440 1382 καὶ
2475 1332 2654 1384 πᾶσαν
2689 1330 2787 1401 τὴν
2825 1332 2928 1400 γῆν
2973 1332 3170 1402 δρακί;
3205 1333 3288 1395 τίς
3318 1332 3513 1400 ἔστησε
3547 1332 3618 1384 τὰ

2020 1419 2148 1492 ὅρια
2185 1419 2433 1492 σταθμῷ,
2482 1421 2578 1475 καί
2604 1421 2703 1485 τὰς
2752 1422 2929 1484 νάπας
2971 1423 3151 1492 ζυγῴ;
3191 1444 3206 1472 ν
3251 1422 3317 1476 δι’
3349 1415 3424 1475 ὧν
3458 1419 3616 1490 οἶμαι

2020 1513 2206 1582 σαφῶς
2232 1511 2384 1575 ἰδίοις
2413 1513 2629 1583 μέτροις
2671 1512 2781 1564 τῶν
2819 1513 3097 1582 στοιχείων
3132 1514 3361 1565 ἕκαστον
3389 1517 3619 1583 περιγεὲ

2017 1604 2260 1676 γράφθαι
2281 1605 2372 1656 τὸν
2395 1604 2682 1675 προφήτην
2703 1603 2994 1665 διδάσκειν,
3016 1604 3115 1673 τῆς
3136 1603 3492 1674 περιεκτικῆς
3520 1598 3616 1654 τοῦ

2019 1691 2152 1744 Θεοῦ
2188 1691 2490 1762 δυνάμεως,
2541 1694 2606 1762 ἢν
2637 1685 2796 1762 χεῖρα
2827 1694 2922 1744 καὶ
2967 1693 3163 1763 δράκα,
3195 1694 3289 1744 καὶ
3335 1691 3619 1761 σπιθαμὴν

324 1785 456 1832 tem.
496 1779 734 1834 Necesse
759 1787 844 1833 est
877 1781 1066 1850 igitur,
1094 1782 1139 1834 si
1171 1780 1263 1834 Dei
1304 1790 1546 1852 potestas
1594 1784 1796 1855 chum
1829 1782 1914 1836 di-

2024 1783 2298 1854 όνομάζει,
2329 1785 2510 1846 ίδικῶς
2535 1784 2766 1836 ἕκαστον
2797 1784 2904 1836 τῶν
2934 1783 3105 1838 ὄντων
3132 1786 3190 1836 ὲν
3219 1784 3297 1854 τῷ
3322 1785 3619 1855 καθήκοντι.

324 1888 514 1926 mensa
555 1882 660 1936 est,
694 1875 737 1927 si
768 1889 966 1928 manus
997 1874 1118 1943 ejus
1151 1891 1374 1945 aquam,
1409 1877 1453 1930 si
1499 1852 1742 1946 pugillus
1782 1875 1917 1930 uni-

323 1972 544 2022 Versam
595 1977 824 2029 terram.
880 1969 926 2023 si
962 1969 1131 2023 valles
1165 1969 1217 2022 iu
1257 1977 1465 2023 statera
1495 1970 1812 2033 constituit,
1868 1969 1915 2024 si

323 2059 607 2116 montibus
645 2060 861 2130 pondus
901 2058 1218 2130 prreflnivit,
1264 2061 1446 2115 omnia
1487 2059 1802 2116 mensuram
1853 2077 1917 2117 ac

322 2151 549 2206 modum
579 2151 722 2206 tueri
759 2161 944 2218 Suum,
996 2153 1134 2207 nihil
1169 2168 1365 2208 eorum
1392 2157 1602 2224 augeri,
1637 2154 1776 2208 nihil
1813 2156 1917 2208 im-

322 2241 522 2304 minui,
556 2258 679 2312 quae
713 2258 942 2300 mensus
991 2239 1077 2300 est
1111 2243 1275 2308 Deus,
1317 2257 1550 2316 quaeque
1593 2248 1772 2316 ipsius
1817 2243 1917 2317 'po-

325 2341 527 2389 testate
551 2335 949 2404 continentur;
1001 2338 1046 2392 si
1083 2339 1233 2392 nulla
1276 2347 1458 2394 autem
1509 2341 1672 2394 rebus
1714 2328 1918 2394 accidit

323 2429 592 2492 accretio,
648 2428 798 2484 nulla
837 2432 1155 2497 diminutio,
1209 2439 1270 2486 ut
1301 2425 1593 2502 prophetia
1650 2442 1911 2499 testatur,

323 2519 380 2573 in
426 2535 526 2573 sua
581 2533 812 2589 prorsus
862 2523 1299 2592 unumquodque
1345 2540 1608 2579 mensura
1653 2535 1916 2595 perpetuo

323 2620 528 2672 manet,
556 2627 680 2665 cum
715 2622 908 2666 natura
929 2613 1046 2682 ipsa
1068 2630 1246 2667 rerum
1268 2617 1686 2669 commutabilis
1715 2626 1915 2670 cuncta

321 2703 568 2758 vicissim
599 2714 904 2767 convertat,
941 2715 994 2760 et
1027 2712 1196 2760 unum
1235 2709 1288 2762 in
1332 2710 1479 2762 aliud
1519 2717 1713 2770 mutet,
1751 2709 1916 2763 idem-

323 2809 430 2862 que
465 2809 689 2850 rursum
744 2795 1110 2852 conversione
1145 2801 1569 2870 mutationcque
1613 2801 1913 2871 pristinum

323 2885 378 2938 in
413 2895 617 2940 statum
658 2888 910 2942 red‘ucat.
947 2889 1052 2944 Sed
1082 2893 1210 2961 quia
1253 2890 1512 2963 vaporem
1545 2893 1692 2946 hunc
1735 2893 1915 2945 humi-

321 2977 452 3032 dum
489 2979 545 3033 in
572 2977 790 3034 ﬂamma
836 2983 1102 3051 positum,
1137 2984 1395 3040 siccitate
1429 3001 1524 3054 per
1557 2984 1910 3038 combustio-

2021 1878 2205 1948 μέτρῳ
2237 1875 2728 1948 περισφιγγούσης.
2775 1878 2838 1931 Εἰ
2868 1873 2960 1932 οὖν
3000 1878 3344 1948 μεμέτρηται
3387 1878 3619 1948 οὐρανὸς

2016 1969 2082 2036 τῇ
2116 1967 2234 2037 θείᾳ
2273 1966 2523 2036 δυνάμει,
2560 1967 2655 2019 καὶ
2682 1969 2750 2038 τῇ
2775 1969 2924 2039 χειρὶ
2945 1968 3004 2020 τὸ
3035 1968 3180 2038 ὕδωρ
3199 2013 3212 2031 ,
3244 1968 3336 2022 καὶ
3362 1971 3428 2038 τῇ
3455 1968 3619 2038 δρακὶ

2019 2062 2224 2132 πᾶσαὴ
2255 2062 2346 2131 γῆ,
2384 2062 2475 2114 καὶ
2511 2061 2972 2128 ζυγοστατοῦνται
3006 2065 3061 2116 αἰ
3090 2066 3284 2127 νάπαι,
3323 2065 3416 2115 καὶ
3451 2079 3620 2132 φανε-

2021 2151 2112 2222 ρὸς
2153 2154 2266 2215 τοῖς
2313 2151 2494 2222 ὄρεσιν
2526 2150 2849 2222 ἀφορίζεται
2887 2152 3162 2222 σταθμὸς,
3211 2153 3427 2222 ἀνάγκη
3459 2154 3616 2204 πᾶσα

2021 2247 2203 2315 μένειν
2237 2244 2468 2297 ἕκαστον
2499 2245 2592 2295 ὲπὶ
2635 2243 2730 2296 τοῦ
2780 2244 2910 2296 ἰδίου
2947 2245 3142 2315 μέτρου
3189 2246 3283 2297 καὶ
3331 2243 3571 2315 σταθμοῦ
3598 2284 3615 2306 ,

2021 2332 2158 2408 μήτε
2211 2337 2512 2408 αὐξήσεως,
2555 2339 2693 2407 μήτε
2739 2329 3087 2400 κολοδώσεως
3120 2338 3180 2389 ἐν
3226 2339 3340 2400 τοῖς
3374 2336 3479 2389 ὑπὸ
3518 2334 3618 2388 τοῦ

2017 2429 2151 2482 Θεοῦ
2204 2429 2662 2502 μεμετρημένοις,
2710 2429 2805 2483 καὶ
2857 2430 2949 2482 ὑπ’
2993 2428 3159 2481 αὑτοῦ
3205 2423 3621 2499 περιεχομένοις

2016 2520 2322 2591 δυναμένης
2351 2521 2627 2588 γενέσθαι.
2679 2521 2744 2576 Εἰ
2775 2517 2866 2574 οῦν
2904 2521 3040 2592 μήτε
3091 2521 3432 2593 προσθήκην,
3472 2521 3616 2590 μήτε

2016 2613 2308 2665 ἐλάττωσιν
2335 2613 2460 2682 περὶ
2483 2613 2549 2666 τὰ
2571 2613 2698 2666 ὄντα
2724 2613 3043 2682 συμϐαίνειν
3077 2615 3110 2684 ἠ
3135 2614 3442 2685 προφητεία
3473 2630 3620 2683 μαρ-

2014 2701 2261 2771 τύρεται,
2298 2702 2513 2765 πάντως
2551 2697 2642 2755 ἐπὶ
2677 2701 2757 2772 τῷ
2793 2703 2908 2774 ἰδίῳ
2957 2703 3189 2756 ἕκαστον
3231 2703 3414 2772 μέτρῳ
3443 2704 3622 2756 εἰσαεὶ

2014 2795 2281 2864 διαμένει,
2318 2798 2417 2864 τῆς
2446 2795 2689 2866 τρεπτῆς
2719 2795 2936 2863 φύσεως
2963 2796 3060 2864 τῆς
3093 2796 3151 2847 ἐν
3183 2796 3298 2857 τοῖς
3326 2789 3446 2848 οὖσι
3479 2793 3625 2847 Θεω-

2019 2887 2308 2958 ρουμένης,
2344 2886 2519 2938 πάντα
2541 2883 2619 2950 είς
2641 2886 2845 2958 ἄλληλα
2870 2880 3334 2956 μεταϐαλλούσης,
3364 2887 3457 2940 καὶ
3478 2885 3624 2938 ἕκα-

2017 2989 2138 3032 στον
2166 2982 2244 3040 εἰς
2273 2977 2332 3051 τὸ
2355 2978 2540 3050 ἕτερον
2566 2978 2886 3046 ἀλλοιούσης
2907 3020 2921 3041 ,
2950 2979 3046 3030 καί⁹
3083 2975 3244 3031 πάλιν
3277 2980 3370 3030 ἀπ’
3397 2977 3622 3031 ἐκείνου

321 3086 446 3125 nem
476 3071 777 3140 acquisita,
833 3074 886 3127 in
919 3074 1246 3144 ‘Qualitatcm
1300 3085 1619 3130 terrestrem
1671 3075 1911 3130 transire

2022 3069 2101 3123 5ιά
2142 3068 2446 3140 μεταϐολῆς
2495 3085 2555 3120 τε
2595 3069 2689 3122 καὶ
2715 3067 3056 3132 ἀλλοιώσεως
3099 3071 3179 3142 εἰς
3227 3069 3288 3120 το
3324 3069 3380 3134 ἐξ
3437 3067 3624 3138 ἀρχῆς

320 3179 388 3219 cx
423 3164 712 3234 superiore
741 3165 845 3220 Olei
878 3168 1132 3237 exemplo
1163 3167 1300 3223 satis
1336 3155 1711 3228 ostendimus,
1745 3166 1906 3222 dein-

321 3261 455 3325 ceps
497 3256 960 3312 considerandum
1011 3267 1117 3321 est,
1168 3268 1350 3313 utrum
1398 3257 1624 3329 vaporis
1680 3259 1914 3312 materia

323 3346 378 3400 in
406 3346 745 3400 contrariam
784 3348 1112 3416 qualitatem
1144 3365 1412 3404 conversa
1459 3349 1708 3419 reliquiae
1739 3347 1915 3418 ipsius

322 3436 707 3490 combustione
728 3426 1048 3493 subtiliores
1073 3455 1138 3493 ac
1171 3441 1455 3494 tenuiores
1492 3440 1704 3494 enectae
1730 3454 1902 3510 supra

325 3541 548 3580 manere
589 3527 824 3598 possint.

2014 3157 2170 3222 ἀῦθις
2199 3158 2602 3228 ὲπαναγούσης.
2649 3158 2791 3210 Ἀλλ’
2822 3157 2904 3212 δτι
2934 3159 3032 3228 μὲν
3066 3160 3094 3211 ὁ
3131 3153 3488 3228 ὑγρὸςόῦτος
3518 3159 3622 3210 de-

2019 3253 2135 3324 μὸς,
2172 3252 2233 3304 ὲν
2265 3250 2342 3322 τῷ
2369 3250 2596 3321 φλογμῷ
2624 3250 3027 3328 διαγενόμενος,
3063 3249 3143 3313 εἰς
3175 3250 3272 3321 τὴν
3303 3251 3478 3320 γεώδη
3521 3266 3624 3319 με-

2015 3345 2262 3399 ταϐαίνει
2312 3343 2605 3418 ποιότητα,
2642 3344 2778 3413 πρὸς
2808 3327 2866 3395 τὸ
2905 3343 3065 3414 ξηρὸν
3120 3343 3481 3413 μεταϐληθεὶς
3521 3341 3616 3394 διὰ

2017 3437 2119 3506 τῆς
2150 3432 2514 3504 ὲξοπτήσεὶυς,
2554 3433 2713 3486 τοῦτο
2746 3433 2802 3484 ὲν
2837 3433 2950 3495 τοῖς
2995 3432 3325 3503 προλαϐοῦσι
3353 3431 3530 3497 λόγοις
3557 3431 3622 3481 ὲν

2018 3527 2098 3598 τῷ
2144 3525 2286 3579 κατά
2324 3523 2384 3577 τὸ
2433 3523 2610 3576 ἔλαιον
2655 3523 3019 3592 ὑποδείγματι
3069 3523 3306 3593 μετρίως
3340 3522 3619 3591 νενόηται,

325 3624 547 3674 σκοπεῖν
575 3622 631 3674 δὲ
667 3623 727 3676 τὰ
766 3625 903 3696 μετά
937 3627 1094 3680 τοῦτο
1128 3622 1415 3699 προσήκει,
1444 3630 1491 3681 εἰ
1526 3613 1623 3698 τῆς
1659 3627 1792 3700 ’ύλης
1821 3626 1914 3680 τοῦ
1952 3623 2128 3694 ἀτμοῦ
2170 3620 2308 3692 πρὸς
2340 3618 2440 3690 τὴν
2467 3618 2716 3672 ἒναντίάν
2763 3617 3149 3687 ἀλλοιωοείσης
3201 3617 3491 3686 ποιότητα.
3526 3615 3622 3666 δυο

322 3715 484 3768 νατόν
508 3717 653 3767 ἐστιν
681 3716 791 3770 ἄνω
821 3718 1002 3788 μένειν
1029 3719 1204 3774 ἐκεῖνο
1236 3719 1330 3772 τοῦ
1364 3720 1536 3791 ἀτμοῦ
1571 3720 1629 3772 τὸ
1658 3720 1933 3789 λείψανον,
1966 3719 2048 3772 ὅτι
2074 3714 2206 3768 ποτὲ
2236 3711 2490 3765 κατανοεῖ
2511 3713 2538 3764 ὁ
2559 3710 2717 3778 λόγος
2743 3710 2803 3762 τὸ
2824 3709 2913 3764 διὰ
2946 3710 3044 3777 τῆς
3073 3710 3418 3778 ὲξοπτήσεως
3452 3724 3622 3777 μετα-

323 3808 568 3879 ποιηθὲν,
601 3808 736 3878 πρὸς
759 3811 820 3862 τὸ
838 3810 1159 3883 λεπτότερόν
1186 3831 1244 3866 τε
1267 3814 1360 3866 καὶ
1385 3813 1777 3884 ἀφανέστερον.

397 3899 509 3953 Hoc
535 3908 718 3953 autem
751 3903 1017 3974 exemplis
1063 3904 1194 3958 item
1249 3905 1409 3959 vobis
1447 3904 1763 3959 manifestis
1813 3918 1914 3972 po-

325 3993 557 4047 terimus
585 3993 938 4062 investigare.
990 3991 1180 4064 Neque
1213 3995 1359 4049 enim
1404 3995 1577 4066 fuligo
1623 3997 1712 4050 illa
1742 3985 1916 4049 subti-

325 4083 536 4136 lissima
581 4093 844 4153 perpetuo
874 4083 962 4138 hic
1019 4085 1076 4138 in
1120 4100 1245 4140 aere
1296 4083 1583 4156 permanet
1634 4083 1912 4148 sublimis,

327 4172 422 4224 Sed
457 4186 552 4239 per
583 4172 727 4225 aeris
759 4172 1043 4226 raritatem
1076 4173 1144 4226 ad
1170 4173 1468 4242 cognatum
1517 4175 1623 4230 sibi
1671 4175 1915 4228 elemen-

327 4268 444 4311 tum
479 4260 780 4323 transiens,
835 4270 996 4314 terrae
1050 4270 1105 4316 et
1156 4262 1488 4330 parietibus,
1531 4269 1917 4330 tectorumque

332 4347 684 4414 laquearibus
735 4346 1088 4403 adhaerescit.
1141 4349 1297 4415 Quod
1343 4350 1412 4406 dc
1460 4351 1762 4420 vaporibus
1810 4349 1918 4402 illis

2093 3890 2256 3945 Ἀλλά
2281 3890 2387 3962 μὴν
2415 3885 2571 3958 οἶμαι
2601 3887 2827 3942 δυνατὸν
2857 3883 2993 3942 εἶναι
3017 3890 3109 3942 καὶ
3135 3897 3264 3964 περὶ
3296 3890 3504 3943 ἐκείνου
3527 3890 3617 3943 διὰ

2021 3983 2128 4037 τῶν
2151 3979 2441 4051 γνωρίμων
2469 3981 2596 4049 ὑμῖν
2627 3979 3046 4050 ὑποδειγμάτων
3071 3978 3456 4056 στοχάσασθαι.
3476 3983 3617 4034 Οὐδὲ

2021 4076 2132 4146 γὰρ
2157 4071 2394 4126 ἐνταῦθα
2417 4069 2478 4124 τὸ
2498 4069 2835 4140 λεπτομερὲς
2866 4069 2966 4138 τῆς
2991 4068 3206 4136 λιγνύος
3228 4070 3399 4123 εἰσαεὶ
3424 4069 3618 4142 διαμε-

2022 4187 2102 4222 νει
2132 4166 2270 4220 κατὰ
2297 4162 2387 4218 τὸν
2419 4163 2556 4234 ἀέρα
2583 4163 2876 4232 μετέωρον,
2898 4161 3012 4214 ἀλλ’
3039 4161 3144 4214 ὑπὸ
3166 4162 3265 4230 τῆς
3291 4161 3617 4233 ἀραιότητος

2021 4260 2116 4314 τοῦ
2147 4259 2310 4325 ἀέρος
2340 4251 2478 4328 πρὸς
2501 4253 2561 4308 τὸ
2596 4253 2858 4321 συγγενὲς
2899 4253 3212 4320 διαφύεται,
3268 4256 3338 4322 γῇ
3377 4254 3471 4306 καὶ
3501 4254 3617 4306 τεξ-

2023 4369 2143 4422 χεσι
2185 4349 2280 4403 καὶ
2325 4349 2436 4410 τοῖς
2465 4345 2559 4398 τοῦ
2605 4345 2807 4415 ὀρόφου
2847 4343 3026 4411 ξύλοις
3073 4345 3615 4421 περιχρωννύμενον.

328 4436 545 4508 quoque
569 4436 924 4506 cegitandum
959 4448 1065 4500 est,
1089 4447 1148 4493 ut
1192 4439 1258 4494 ad
1291 4441 1629 4509 Superiorem
1668 4440 1913 4510 igneam-

2023 4438 2232 4494 Οὐκοῦν
2261 4435 2554 4494 ἀκόλουθον
2575 4435 2668 4487 καὶ
2692 4429 2820 4505 περί
2843 4433 3053 4487 ἐκείνου
3077 4433 3138 4486 τὸ
3164 4430 3278 4487 ἴσον
3299 4433 3616 4499 ὑπολαϐεῖν,

328 4545 436 4600 que
460 4529 736 4599 regionem
765 4545 796 4583 a
827 4530 1005 4585 ventis
1026 4532 1461 4600 compellantur,
1502 4540 1555 4586 et
1579 4531 1632 4584 in
1676 4527 1917 4584 humida:

328 4620 609 4692 qualitatis
654 4622 1092 4676 commutatione
1146 4623 1438 4677 materiam
1507 4627 1752 4685 servent,
1805 4635 1920 4675 are-

331 4712 571 4782 l'actique
619 4713 686 4767 ad
731 4713 784 4767 id
821 4715 967 4782 quod
1000 4715 1080 4770 eis
1111 4723 1403 4786 cognatum
1441 4723 1523 4770 est
1606 4731 1669 4770 ac
1716 4716 1916 4780 simile,

331 4806 694 4860 detrahantur
732 4806 996 4875 humique
1047 4807 1395 4862 consideant.
1437 4805 1717 4864 Naturalis
1772 4808 1919 4863 enim

332 4897 501 4951 rebus
543 4895 802 4951 omnibus
860 4897 1170 4952 attrahendi
1225 4898 1306 4953 vis
1345 4899 1510 4954 insita
1545 4908 1649 4964 est,
1707 4903 1767 4952 ut
1809 4897 1916 4951 mi-

333 4987 484 5042 hime
514 4987 814 5042 absurdum
849 4987 1124 5054 videatur,
1177 4990 1222 5044 si
1253 4997 1485 5061 'vapOres
1511 4991 1734 5061 quidam
1777 4989 1914 5044 sicci

334 5080 401 5131 ac
451 5085 740 5131 terrestres
793 5075 996 5141 eﬂ'ecti,
1067 5089 1230 5133 terrae
1282 5080 1516 5136 siccitati
1555 5087 1610 5136 et
1665 5079 1917 5150 qualitati

335 5169 818 5225 commisceantur.
883 5169 1041 5237 Quod
1091 5172 1138 5227 si
1176 5184 1244 5227 ex
1284 5175 1388 5228 olei
1440 5174 1673 5229 materia
1716 5179 1915 5227 cuncta

338 5263 748 5325 constarent,in
764 5264 1150 5321 crassitudinis
1188 5266 1450 5336 qualitate
1489 5282 1722 5336 vapores
1772 5266 1921 5334 ejus-

341 5352 484 5407 modi
519 5353 574 5406 in
594 5355 832 5410 colorem
873 5356 1098 5428 nigrum
1119 5358 1410 5414 exustione
1435 5365 1919 5423 converterentur,

339 5451 480 5496 ctex
507 5445 688 5511 specie
720 5443 810 5499 illa
845 5457 1165 5518 conspecta,
1218 5449 1352 5520 quid
1385 5450 1558 5513 fieret,
1608 5451 1783 5506 cuivis
1831 5466 1922 5506 es-
1966 5437 1971 5442 ’

341 5535 425 5590 set
453 5537 822 5605 perspicuum.
847 5537 1049 5596 Verum
1090 5556 1218 5612 quia
1255 5541 1626 5599 subtilissima
1665 5541 1920 5614 liquidis-

413 5703 458 5745 “
484 5711 587 5768 lsa.
626 5727 713 5773 χι,
747 5711 838 5768 ηδ

2021 4531 2104 4585 ὅτι
2150 4529 2253 4583 ὑπὸ
2297 4527 2406 4581 τῶν
2441 4525 2767 4595 πνευμάτων
2813 4525 3080 4586 ἀνωσθεὶς
3128 4525 3156 4576 ὁ
3190 4525 3363 4594 ἀτμὸς
3409 4527 3490 4590 εἰς
3523 4527 3620 4578 τὸν

2023 4621 2419 4694 ὑπερκείμενον
2440 4619 2534 4672 καὶ
2557 4617 2805 4688 φλογώδη
2831 4616 3028 4686 χῶρον,
3055 4617 3148 4669 καὶ
3175 4619 3234 4670 ἐν
3248 4613 3314 4687 τῇ
3341 4618 3616 4689 μεταϐολῇ

2021 4713 2122 4783 τῆς
2144 4711 2316 4784 ὑγρᾶς
2356 4701 2678 4776 ποιότητος,
2709 4708 2770 4760 τὸ
2797 4707 2980 4760 ὑλικὸν
3008 4707 3323 4768 διεσώσατο,
3370 4707 3531 4781 ξηρὸς
3559 4710 3619 4763 δὲ

2022 4790 2312 4875 γενόμενος
2337 4801 2474 4873 πρὸς
2505 4790 2566 4854 τὸ
2592 4801 2852 4868 συγγενὲς
2887 4799 3251 4870 καθειλκύσθη
3281 4801 3374 4853 καὶ
3403 4802 3548 4853 άπεκ
3564 4831 3618 4851 ι.-

2024 4898 2187 4968 τέστη
2216 4898 2309 4966 γῇ.
2351 4894 2604 4963 Ἐλκτικὴ
2635 4891 2743 4963 γὰρ
2768 4892 2877 4943 τῶν
2901 4893 3118 4945 οἰκείων
3139 4893 3370 4964 δύναμις
3399 4883 3618 4964 ἑκάστῳ

2023 4988 2131 5041 τῶν
2162 4980 2329 5041 ὄντων
2352 4988 2416 5040 ἐκ
2441 4983 2656 5054 φύσεως
2677 4983 2940 5052 ἔγκειται,
2969 4984 3043 5046 ὡς
3075 4983 3210 5055 μηδὲ
3232 4983 3337 5049 ἔξω
3363 4985 3457 5038 τοῦ
3482 4986 3620 5039 ἀκο-

2025 5079 2214 5132 λούθου
2244 5077 2342 5148 τὴν
2379 5075 2632 5145 τοιαύτην
2674 5072 2813 5128 εἶναι
2862 5076 3152 5146 ὑπόληψιν,
3189 5077 3272 5130 ὃτι.
3319 5076 3486 5147 ξηρός
3529 5093 3623 5141 τις

2027 5170 2120 5222 καὶ
2143 5168 2350 5240 γεώδης
2382 5168 2411 5219 ὁ
2459 5165 2630 5236 ἀτμὸς
2654 5167 2944 5237 γενόμενος
2967 5169 3066 5236 τὴν
3095 5161 3378 5238 ποιότητα,
3411 5171 3476 5240 τῇ
3519 5168 3619 5238 ξη-

2033 5262 2216 5332 ρότητι
2241 5261 2339 5331 τῆς
2371 5260 2474 5331 γῆς
2515 5259 2840 5330 κατεμίχθη.
2877 5260 2939 5312 Εἰ
2978 5260 3074 5328 μὲν
3111 5256 3207 5314 οῦν
3247 5257 3314 5331 ἦν
3355 5259 3623 5330 ὲλαιώδηςί

2030 5355 2182 5406 πᾶσα
2210 5352 2307 5415 τῆς
2347 5352 2520 5421 ὑγρᾶς
2555 5351 2741 5414 οὑσίας
2785 5353 2817 5422 ἡ
2871 5352 3052 5420 φύσις,
3089 5353 3308 5418 πάντως
3346 5354 3414 5407 ἂν
3448 5356 3506 5406 ὲν
3537 5355 3621 5424 τῷ

2032 5446 2340 5515 παχυμερεί
2371 5445 2472 5513 τῆς
2509 5444 2793 5512 ποιότητος
2825 5445 2962 5515 πρὸς
2995 5444 3057 5497 τὸ
3097 5446 3264 5516 μέλαν
3291 5447 3485 5517 ἔτρεψε
3509 5447 3624 5501 τῶν

2031 5535 2285 5592 τοιούτων
2312 5535 2501 5606 ἀτμῶν
2528 5537 2628 5607 τὴν
2657 5535 2824 5605 χρόαν
2848 5537 2881 5606 ἡ
2907 5535 3218 5608 ὲξόπτησιςο
3247 5527 3334 5592 καί
3367 5538 3622 5609 ἐπίδηλον
