3880 6218
349 345 456 402 107

1635 335 1694 390 S.
1733 333 2064 392 GREGORII
2102 329 2394 387 NYSSENI

3518 323 3628 380 108

352 475 518 522 tatem
539 477 660 519 cum
687 461 852 518 simili
875 462 1148 533 possimus
1171 455 1453 514 conciliari
1471 462 1634 526 atque
1653 454 1931 524 conjungi.

2050 453 2329 519 Ξιάζευξις,
2376 449 2512 521 μηδὲ
2557 448 2712 502 τοῦτό
2767 463 2850 500 σοι
2880 445 2974 498 ἀπ’
3023 442 3234 505 ἐλπίδος
3286 441 3437 494 ἔσται
3483 440 3624 510 (51).

351 557 510 625 Quod
534 547 579 612 si
607 556 792 625 aliqua
816 555 913 610 tibi
944 553 1108 607 etiam
1137 550 1204 605 ad
1231 550 1337 603 hoc
1365 562 1569 616 corpus
1591 545 1808 599 a-ﬂ‘ectio
1828 553 1933 608 est,

351 661 403 705 ct
431 651 583 721 angit
618 657 669 704 te
710 663 776 702 ac
820 646 961 700 male
1001 643 1185 706 habet,
1211 640 1358 711 quod
1395 636 1728 708 disjungeris
1775 636 1848 690 ab
1872 651 1939 691 eo

350 742 499 811 quod
550 739 758 811 diligis,
817 753 890 792 ne
932 735 1036 791 hoc
1082 733 1300 804 quidem
1353 747 1505 802 spem
1554 730 1651 784 tibi
1709 729 1938 784 adimat.

353 833 580 888 Videbis
612 830 760 886 enim
783 842 1108 898 corporeum
1137 825 1240 878 hoc
1271 822 1589 886 amiculum,
1623 819 1770 890 quod
1795 832 1940 873 nunc

354 932 531 979 morte
559 922 890 978 dissolutum
923 917 1112 980 fuerit,
1159 933 1226 972 ex
1265 914 1459 970 iisdem
1495 929 1687 968 rursus
1719 913 1939 967 contexi

354 1027 518 1086 atque.
547 1014 826 1084 componi,
861 1026 972 1066 non
1025 1011 1126 1063 hac
1167 1023 1357 1063 crassa
1404 1006 1672 1078 gravique
1701 1011 1936 1070 textura,

354 1107 450 1162 sed
505 1106 571 1160 ad
615 1105 822 1160 aeriam
871 1103 1191 1157 tenuitatem
1239 1107 1405 1168 atque
1453 1096 1812 1153 subtilitatem
1852 1095 1941 1150 ﬁlo

353 1199 754 1256 reconcinnato
792 1203 959 1266 atque
995 1195 1220 1256 refecto,
1269 1201 1329 1246 ut
1375 1200 1431 1244 ct
1475 1189 1622 1244 adsit
1657 1189 1750 1242 tibi
1791 1186 1942 1256 quod

353 1289 560 1361 diligis,
587 1296 641 1342 et
677 1287 732 1340 in
783 1285 996 1340 meliori
1024 1296 1188 1352 atque
1228 1280 1448 1337 amabili
1484 1279 1659 1348 magis
1690 1275 1940 1346 pulchri-

357 1381 545 1436 tudine
575 1377 756 1433 denuo
777 1373 1270 1430 restituatur.—G.
1295 1377 1370 1426 Ac
1393 1367 1605 1425 videtur
1623 1410 1638 1434 ,
1673 1367 1893 1435 inquam
1921 1404 1938 1429 ,

355 1489 424 1530 ex
441 1472 582 1528 serie
612 1477 776 1540 atque
795 1464 1211 1523 continuatione
1227 1463 1498 1517 dictorum
1514 1459 1674 1515 nobis
1692 1459 1941 1514 doctrina

357 1560 788 1619 resurrectionis
809 1554 1216 1630 quodammodo
1235 1557 1287 1609 in
1304 1553 1608 1609 orationem
1626 1551 1937 1621 irrepsisse,

358 1657 425 1711 de
459 1669 566 1726 qua
595 1653 724 1708 mihi
759 1665 865 1706 non
893 1647 1254 1704 dubitandum
1283 1645 1502 1716 quidem
1539 1658 1667 1700 esse
1697 1643 1938 1702 videtur,

2043 544 2200 612 Ὀψει
2235 542 2348 612 (52)
2384 540 2494 609 γάρ
2539 537 2700 591 τοῦτο
2727 536 2787 588 τὸ
2817 534 3128 605 σωματικὸν
3161 531 3501 602 περιϐόλαιον
3531 530 3629 582 τὸν

2038 634 2132 689 νῦν
2164 634 2278 704 (55)
2325 631 2574 685 διαλυθὲν
2602 627 2680 699 τῷ
2727 628 2942 696 Θανάτῳ
2980 627 3045 678 ἐκ
3091 625 3198 677 τῶν
3237 622 3420 676 αὐτῶν
3461 621 3628 674 πάλιν

2039 724 2478 794 ἐξυφαινόμενον,
2526 720 2587 774 ού
2637 717 2780 773 κατά
2813 719 2913 787 τὴν
2955 715 3252 786 παχυμερῆ
3285 715 3484 780 ταύτην
3529 714 3630 765 καὶ

2043 816 2265 887 βαρεῖαν
2291 811 2634 882 κατασκευὴν
2654 852 2670 876 ,
2717 808 2832 863 ἀλλ’
2876 807 2970 861 ἐπὶ
3004 807 3064 859 τὸ
3095 804 3416 874 λεπτότερόν
3443 820 3500 855 τε
3533 803 3629 854 καὶ

2040 911 2273 982 ἀερώδει,
2311 907 2786 979 μετακλωσθέντος
2808 903 2901 956 τοῦ
2932 903 3170 973 νήματος
3197 897 3330 968 (54),
3369 895 3508 948 ὥστε
3540 909 3626 945 σοι

2042 1005 2135 1058 καὶ
2173 1006 2424 1075 παρεῖναι
2473 1001 2536 1054 τὸ
2585 997 2975 1067 ἀγαπώμενον,
3022 993 3118 1047 καὶ
3156 994 3214 1044 ἐν
3253 989 3497 1060 ἀμείνονι
3530 986 3630 1038 καὶ

2041 1095 2437 1170 ἐρασμιωτέρῳ
2497 1092 2685 1147 κάλλει
2739 1090 2852 1160 (55)
2914 1088 3076 1142 πάλιν
3135 1079 3625 1139 ἀποκαθίστασθαι.

2045 1168 2115 1229 -ζ-
2132 1188 2194 1240 Γ.
2235 1183 2372 1239 Ἀλλ’
2400 1182 2544 1236 ἐοικέ
2569 1199 2685 1245 πως
2705 1223 2718 1241 ,
2753 1177 2906 1232 εἷπον
2924 1219 2939 1246 ,
2966 1177 3026 1242 ἐξ
3047 1173 3364 1236 ἀκολουθίας
3389 1173 3516 1242 ἡμῖν
3561 1168 3630 1222 τὸ

2042 1277 2218 1347 δόγμα
2238 1274 2338 1344 τῆς
2357 1273 2707 1334 ἀναστάσεως
2723 1268 3198 1338 ἐπεισεληλυθέναι
3221 1266 3333 1332 (56)
3355 1264 3431 1334 τῷ
3457 1263 3626 1330 λόγῳ,

2042 1370 2071 1422 ὅ
2096 1385 2185 1439 μοι
2205 1367 2352 1420 δοκεῖ
2374 1366 2498 1419 ίδεῖι
2521 1365 2632 1436 (57)
2657 1363 2852 1432 ἀληθές
2875 1361 2972 1432 μὲν
2992 1361 3085 1412 καὶ
3107 1357 3295 1411 πιστὸν
3319 1358 3382 1408 ἐκ
3402 1354 3500 1423 τῆς
3514 1353 3628 1405 τῶν

2043 1458 2277 1528 Γραφῶν
2308 1455 2675 1516 διδασκαλίας,
2718 1453 2804 1506 ἴνα
2843 1451 2918 1522 μὴ
2946 1445 3428 1522 ἀμφιϐάλλῃ(58)·
3475 1447 3630 1498 ἐπει-

2042 1549 2106 1617 δὴ
2133 1549 2247 1620 (59)
2270 1547 2388 1611 πῶς
2410 1549 2442 1618 ἡ
2471 1545 2722 1600 ἀσθένεια
2745 1544 2839 1615 τῆς
2863 1542 3207 1614 ἀνθρωπίνης
3231 1539 3488 1602 διανοίας,
3510 1541 3629 1599 τοῖς

2043 1640 2310 1711 χωρητοῖς
2331 1638 2442 1708 (40)
2469 1639 2600 1707 ἡμῖν
2636 1635 2935 1704 λογισμοῖς,
2974 1633 3174 1704 μᾶλλον
3200 1631 3338 1701 πρὸς
3365 1627 3628 1696 τοιαύτην

358 1717 494 1816 quin
523 1759 649 1799 vera
670 1753 718 1798 et
746 1759 813 1797 ex
851 1738 1101 1795 doctrina
1130 1736 1542 1807 Scripturarum
1572 1733 1855 1789 credibilis
1887 1739 1942 1786 et

2050 1729 2156 1799 (41)
2183 1729 2362 1782 πίστιν
2389 1725 2822 1798 ἐπιστηρίζεται,
2851 1724 3032 1788 καλῶς
3058 1723 3125 1777 ἂν
3153 1722 3265 1792 ἔχοι
3294 1721 3428 1791 μηδὲ
3466 1717 3632 1772 τοῦτο

357 1839 640 1908 explorata
684 1836 792 1901 sit;
830 1831 925 1889 sed
961 1833 1219 1902 quoniam
1257 1831 1511 1883 humanae
1550 1828 1745 1882 mentis
1787 1826 1939 1880 inlir-

2050 1823 2099 1876 ιδ
2123 1823 2286 1894 μέρος
2313 1821 2694 1893 παραδραμεῖν
2717 1819 3049 1890 ἀθεώρητον.
3078 1815 3142 1869 Τί
3167 1811 3261 1869 οὖν
3287 1814 3394 1885 χρὴ
3423 1812 3626 1881 λέγειν,

359 1935 522 1988 niitas
584 1927 908 1990 rationibus,
965 1939 1104 1994 quas
1148 1938 1346 1994 capere
1391 1920 1687 1992 possimus,
1751 1919 1926 1990 magis

2050 1914 2493 1987 περισκεψώμεθα
2511 1913 2644 1984 (42).
3597 1925 3600 1927 λ

360 2020 767 2099 quodammodo
798 2018 866 2073 ad
894 2015 1208 2087 hujusmodi
1247 2013 1451 2084 aliquid
1476 2010 1807 2066 credendum
1847 2007 2229 2074 confirmatur,
2255 2006 2397 2061 haud
2421 2006 2659 2060 alienum
2685 2003 2871 2071 fuerit,
2899 2017 2971 2058 ne
2992 2002 3136 2056 hanc
3161 2001 3380 2072 quidem
3409 2007 3630 2068 partem

360 2124 727 2181 indiscussam
757 2123 814 2172 et
849 2113 1230 2183 inexplicatam
1263 2106 1709 2180 praterireQuid
1739 2107 1904 2178 igitur
1927 2105 2110 2162 dicere
2137 2112 2408 2176 oporteat,
2438 2102 2741 2158 videamus.

445 2309 522 2363 M.
555 2309 634 2362 Ac
681 2302 940 2371 magistra
970 2319 982 2353 :
1033 2296 1137 2364 Qui
1165 2312 1195 2351 a
1222 2301 1407 2349 nostra
1449 2287 1663 2361 quidem
1685 2329 1702 2354 ,
1739 2284 1940 2355 inquit,

2125 2291 2200 2344 M.
2227 2286 2383 2358 Half)
2409 2283 2723 2348 διδάσκαλος
2745 2326 2761 2351 ,
2787 2284 2852 2338 Οἱ
2879 2280 2974 2353 μέν
2998 2277 3102 2344 ἔξω
3120 2317 3135 2342 ,
3166 2274 3329 2345 φησὶ,
3358 2272 3452 2342 τῆς
3505 2271 3630 2324 καθ’

359 2385 702 2460 phil050phia
753 2363 917 2437 alieni
984 2363 1146 2446 sunt,
1205 2378 1260 2432 in
1308 2375 1541 2433 diversis
1587 2374 1943 2444 opinionibus

2050 2378 2195 2450 ἡμᾶς
2227 2375 2544 2445 φιλοσοφίας
2567 2375 2626 2427 ἐν
2650 2371 2925 2442 διαφόροις
2963 2367 3312 2439 ὑπολήψεσιν,
3344 2366 3501 2429 ἀλλος
3535 2363 3634 2418 ἀλ-

358 2459 500 2536 alius
559 2478 719 2532 aliter
771 2489 840 2530 ex
897 2478 1051 2544 parte
1108 2469 1342 2539 quadam
1403 2467 1472 2523 de
1535 2465 1941 2522 resurrectione

2050 2472 2203 2542 λως(4
2213 2471 2266 2540 5)
2276 2470 2404 2541 μέρε
2414 2467 2545 2537 ι(44)
2557 2465 2663 2518 τινὶ
2674 2465 2766 2517 τοῦ
2785 2464 2925 2517 κατὰ
2937 2463 3034 2531 τὴν
3047 2462 3340 2541 ἀνάστασιν
3354 2459 3639 2529 ἐφήψαντο

358 2570 663 2628 doctrinam
695 2565 1014 2636 attigerunt,
1066 2576 1170 2616 nec
1220 2561 1379 2630 plane
1423 2574 1547 2613 cum
1585 2559 1786 2614 nostris
1815 2571 1942 2612 sen-

358 2663 599 2725 tientes,
654 2670 756 2713 nec
814 2655 1036 2725 penitus
1085 2653 1154 2707 ab
1188 2648 1460 2720 ejusmodi
1509 2662 1608 2717 spe
1679 2647 1942 2701 aberran-

359 2765 462 2810 tes.
524 2751 660 2807 Nam
730 2746 979 2804 nonnulli
1021 2744 1237 2815 quidem
1297 2756 1413 2796 rem
1483 2737 1942 2794 communicando

358 2839 692 2899 contumelia
720 2837 985 2899 alliciunt,
1020 2849 1085 2888 ac
1115 2832 1483 2888 dehonestant
1517 2829 1817 2882 humanum
1847 2841 1942 2898 ge-

361 2949 490 2998 nus,
552 2931 800 2988 eamdem
843 2927 1080 2982 animam
1105 2931 1392 2979 censentes
1426 2921 1660 2975 invicem
1696 2927 1811 2973 tum
1843 2919 1942 2972 hn-

363 3026 566 3092 minis,
596 3032 713 3078 tum
776 3020 992 3093 ratione
1037 3017 1314 3082 carentis,
1360 3030 1425 3069 ac
1472 3014 1618 3069 bruti
1667 3012 1782 3066 ﬁeri
1824 3012 1944 3066 ani-

2041 2537 2330 2635 δόγματος,
2346 2537 2469 2614 οὔτε
2485 2559 2551 2612 δι’
2564 2559 2672 2630 ἀκρ
2681 2557 2760 2610 ι6ε
2769 2557 2851 2619 ίας
2862 2557 2973 2617 τοῖς
2991 2537 3278 2625 ἡμετέροις
3292 2549 3635 2620 συνενεχθέν·

2040 2674 2152 2718 τες,
2177 2653 2302 2707 οὔτε
2333 2653 2508 2722 πάντη
2544 2649 2644 2718 τῆς
2677 2647 2931 2716 τοιαύτης
2959 2643 3362 2712 ἀποσφαλέντες
3395 2640 3637 2701 ἐλπίδος.

2045 2750 2202 2812 Τινές
2235 2748 2332 2816 μέν
2362 2745 2473 2814 γὰρ
2501 2741 2781 2812 ὑϐρίζουσι
2809 2741 2874 2810 τῇ
2901 2736 3171 2805 κοινότητι
3188 2734 3250 2787 τό
3270 2732 3636 2802 ἀνθρώπινον,

2047 2841 2147 2912 τὴν
2171 2838 2338 2909 αὐτὴν
2364 2835 2467 2890 ἀνά
2499 2833 2662 2904 μέρος
2685 2829 2973 2901 ἀνθρώπου
3003 2846 3063 2882 τε
3089 2827 3184 2881 καὶ
3215 2827 3415 2893 ἀλόγου
3451 2823 3639 2893 ψυχὴν

2048 2928 2403 3001 διοριζόμενοι
2433 2925 2701 2994 γίνεσθαι,
2727 2919 3155 2993 μετενδυομένην
3176 2917 3247 2971 τὰ
3272 2916 3521 2986 σώματα,
3539 2915 3640 2966 καὶ

2051 3022 2187 3094 πρὸς
2215 3021 2279 3074 τὸ
2303 3018 2534 3088 ἀρέσκον
2561 3015 2648 3068 ἀεὶ
2674 3013 3129 3085 μεταϐαίνουσαν,
3154 3011 3188 3079 ἢ
3223 3008 3445 3079 πτηνὸν,
3478 3005 3512 3078 ἢ
3544 3006 3638 3058 ἕν-

369 3117 530 3173 malis
560 3157 576 3183 ,
612 3116 717 3170 alia
753 3120 876 3185 post
909 3111 1019 3166 alia
1051 3109 1284 3165 subinde
1332 3123 1564 3178 corpora
1602 3107 1941 3167 induentem,

2050 3113 2228 3183 υδρον,
2273 3111 2308 3181 ἢ
2339 3107 2597 3180 χερσαῖόν
2640 3124 2692 3159 τι
2742 3104 2880 3169 ζῶον
2908 3102 3201 3174 γινομένην
3237 3100 3377 3172 μετά
3404 3099 3495 3152 τὸν
3535 3101 3640 3153 ἀν-

360 3221 415 3264 et
463 3209 528 3262 ad
572 3206 627 3262 id
683 3205 828 3277 quod
881 3205 1098 3276 placeat
1145 3216 1364 3271 semper
1426 3207 1830 3262 transeuntem,
1864 3196 1945 3252 vel

361 3300 607 3366 volatile,
651 3299 737 3354 vel
786 3297 1050 3369 aquatile,
1120 3295 1203 3350 vel
1265 3300 1526 3348 terrestre
1592 3289 1794 3344 animal
1828 3297 1950 3359 post

365 3392 642 3448 hominem
692 3390 842 3455 (icri,
879 3404 943 3443 ac
997 3401 1193 3443 rursus
1268 3388 1338 3440 ab
1403 3384 1486 3439 his
1528 3383 1596 3438 ad
1651 3383 1946 3436 humanam

369 3479 552 3536 redire
581 3488 858 3535 naturam.
897 3475 1007 3546 Alij
1044 3490 1175 3532 vero
1206 3475 1370 3530 etiam
1413 3472 1480 3526 ad
1525 3471 1756 3526 frutices
1797 3469 1950 3538 ejus-

368 3570 514 3626 modi
569 3569 989 3626 deliramcutum
1050 3564 1392 3628 extendunt,
1454 3569 1514 3616 ut
1562 3561 1728 3616 etiam
1789 3559 1950 3613 arbo~

365 3676 519 3717 ream
603 3675 666 3716 ac
728 3659 962 3730 ligneam
991 3657 1042 3714 ei
1115 3656 1284 3710 vitam
1341 3651 1757 3708 convenientem
1788 3660 1950 3719 atque

364 3752 830 3810 accommodatam
858 3765 981 3806 esse
1021 3757 1231 3819 putent.
1251 3745 1540 3802 Nonnullis
1563 3758 1692 3798 vero
1729 3743 1834 3797 hoc
1861 3756 1951 3797 so-

367 3849 477 3898 lum
531 3843 772 3906 videtur,
825 3841 1075 3896 videlicet
1121 3839 1266 3911 quod
1316 3854 1383 3894 ex
1463 3836 1683 3891 homine
1733 3849 1950 3904 semper

364 3935 531 3988 alium
589 3933 861 3987 hominem
930 3930 1164 3986 invicem
1218 3935 1440 3992 sumat,
1488 3935 1544 3982 et
1593 3941 1691 3996 per
1729 3925 1948 3981 easdem

367 4025 519 4079 omni
556 4032 800 4094 tempore
859 4022 1096 4078 humana
1138 4021 1250 4075 vita
1287 4019 1538 4090 exigatur
1569 4025 1734 4089 atque
1779 4031 1944 4086 rega-

364 4125 495 4170 tur:
545 4127 670 4168 cum
713 4127 862 4167 nunc
913 4111 1134 4182 quidem
1175 4109 1235 4164 in
1289 4108 1414 4171 his,
1461 4121 1661 4164 rursus
1731 4107 1858 4161 item
1891 4107 1948 4160 in

364 4207 490 4261 aliis
545 4202 747 4260 eaedem
794 4205 850 4258 in
910 4211 1234 4274 perpetuum
1266 4201 1465 4254 animat
1518 4201 1650 4255 sint.
1705 4198 1821 4254 Nos
1850 4215 1950 4253 au-

362 4311 472 4354 tem
519 4294 1025 4352 commodissimum
1074 4308 1199 4348 esse
1239 4308 1574 4359 censemus,
1629 4299 1687 4344 ut
1740 4291 1809 4345 ab
1859 4305 1952 4345 ee-

361 4388 692 4445 clcsiasticis
725 4386 1014 4442 sententiis
1053 4393 1222 4456 atque
1279 4384 1518 4440 decretis
1575 4383 1947 4447 exordientes,

2050 3203 2286 3274 θρωπον,
2312 3201 2406 3255 καὶ
2429 3198 2591 3252 πάλιν
2623 3197 2731 3251 ἀπὸ
2759 3196 2961 3250 τούτων
2981 3195 3117 3265 πρὸς
3152 3193 3251 3264 τὴν
3285 3192 3641 3262 ἀνθρωπίνην

2049 3294 2329 3348 ἐπανιέναι
2368 3291 2550 3360 φύσιν.
2601 3291 2820 3361 ’Ἑτεροι
2858 3288 2914 3342 δέ
2947 3287 3110 3358 μέχρι
3151 3285 3260 3338 τῶν
3291 3283 3510 3354 θάμνων
3541 3283 3642 3335 τὸν

2046 3381 2290 3436 τοιοῦτον
2328 3381 2495 3452 λῆρον
2524 3381 2878 3440 ἐκτείνουσιν,
2912 3377 2988 3440 ὡς
3014 3376 3109 3431 καὶ
3139 3375 3232 3428 τὸν
3272 3374 3480 3442 ξυλώδη
3521 3372 3642 3442 βὲον

2050 3473 2187 3542 αὐτῇ
2236 3470 2568 3540 κατάλληλόν
2612 3486 2674 3523 τε
2724 3469 2819 3522 καὶ
2868 3468 3065 3521 οἰκεῖον
3095 3465 3356 3535 νομίζειν.
3409 3464 3535 3525 Τοῖς
3576 3463 3641 3516 δὲ

2048 3564 2206 3618 τοῦτο
2237 3562 2382 3616 δοκεῖ
2403 3561 2561 3632 μόνον
2582 3559 2643 3612 τὸ
2671 3559 2728 3627 ἐξ
2749 3557 3036 3627 ἀνθρώπου
3067 3557 3177 3628 (45)
3205 3556 3292 3608 ἐτε
3303 3571 3392 3624 ρον
3425 3552 3641 3622 ἀνθρω-

2051 3671 2150 3707 πον
2182 3655 2269 3707 ἀεὶ
2306 3649 2761 3723 μεταλαμϐάνειν,
2797 3651 2892 3703 καί
2917 3647 3007 3701 διὰ
3043 3647 3152 3701 τῶν
3187 3647 3366 3700 αὐτῶν
3402 3645 3639 3698 πάντοτε

2048 3747 2140 3800 τὸν
2168 3744 2506 3816 ἀνθρώπινον
2532 3742 2876 3812 διεξάγεσθαι
2898 3741 3034 3810 βίον,
3065 3739 3166 3792 νῦν
3189 3739 3291 3809 μὲν
3314 3741 3376 3792 ἐν
3401 3737 3640 3801 τούτοις,

2055 3838 2216 3891 πάλιν
2234 3836 2290 3890 δέ
2315 3836 2424 3907 (46)
2447 3835 2506 3888 ἐν
2526 3834 2730 3905 ἐτέροις
2753 3833 2862 3886 τῶν
2877 3831 3059 3884 αὐτῶν
3077 3829 3264 3900 ψυχῶν
3283 3830 3362 3891 είς
3382 3828 3446 3881 τὸ
3467 3827 3642 3897 διηνε-

2050 3929 2146 3991 κὲς
2174 3928 2491 3998 γινομένων.
2510 3925 2703 3996 Ἡμεῖς
2729 3924 2786 3978 δέ
2816 3922 2995 3986 καλῶς
3023 3921 3169 3992 ἔχειν
3197 3920 3401 3991 φαμὲν,
3432 3920 3498 3973 ἐκ
3526 3919 3642 3972 τῶν

2052 4016 2524 4086 ἐκκλησιαστικῶν
2553 4015 2839 4086 δογμάτων
2870 4011 3212 4085 ὁρμώμενοι,
3252 4009 3503 4064 τοσοῦτον
3532 4026 3642 4062 πα-

2061 4108 2386 4181 ραδέξασθαι
2413 4107 2571 4178 μόνον
2589 4106 2697 4159 τῶν
2716 4103 2943 4159 τοιαῦτα
2962 4102 3494 4173 πεφιλοσοφηκότων,
3513 4101 3643 4154 ὅσον

2057 4218 2120 4255 συ
2129 4198 2480 4271 μφωνοῦντας
2510 4197 2706 4260 αὐτοὺς
2737 4197 2940 4267 τρόπον
2961 4194 3082 4247 τινὰ
3105 4192 3273 4258 δεῖξαι
3293 4192 3372 4264 τῷ
3386 4192 3485 4263 τῆς
3500 4193 3638 4246 ἀνα-

2056 4295 2299 4357 στάσεως
2324 4294 2574 4363 δόγματι.
2620 4291 2694 4343 Τὺ
2725 4291 2836 4361 γὰρ
2873 4289 3051 4357 λέγειν
3083 4289 3280 4350 αὐτοὺς
3306 4285 3469 4340 πάλιν
3495 4285 3644 4338 τισὶν

2056 4386 2166 4455 (47)
2192 4381 2632 4455 ἐπεισκρίνεσθαι
2654 4380 2922 4451 δόγμασιν
2945 4381 3058 4450 (48)
3094 4379 3231 4450 μετὰ
3259 4377 3357 4447 τὴν
3384 4376 3494 4445 (49)
3528 4376 3645 4429 ἀπὸ

362 4485 540 4553 iisque
605 4478 764 4551 quasi
836 4446 1206 4533 fundamentis
1276 4476 1433 4538 nixi,
1519 4483 1732 4529 tantum
1803 4446 1943 4529 dun?

2052 4446 2242 4529 τούτου
2269 4446 2659 4545 (ΒΨ-διάλυσιν
2815 4446 3014 4542 ψυχήν,
3160 4469 3280 4522 λίαν
3305 4446 3500 4539 ἀπᾴδει
3539 4469 3643 4537 τῆς

361 4582 512 4629 taxat
544 4572 612 4629 de
645 4570 997 4640 Opinionibus
1027 4584 1217 4624 eorum
1242 4609 1256 4632 ,
1289 4568 1380 4638 qui
1417 4567 1531 4622 hac
1567 4566 1948 4636 philosophice

363 4684 518 4724 more
573 4671 997 4730 tractaverunt,
1057 4660 1392 4730 accipiamus
1427 4698 1442 4722 ,
1503 4669 1766 4729 quantum
1813 4659 1947 4712 satis

362 4763 435 4818 sit
473 4760 540 4817 ad
570 4756 1060 4816 demonstrandum
1095 4769 1190 4810 cos
1221 4753 1404 4823 aliquo
1445 4751 1609 4805 modo
1649 4749 1945 4806 convenire

431 4983 550 5052 (3|)
584 4985 833 5052 Ἔσται.
848 4981 912 5052 Α,
934 4980 977 5052 Β
1009 4978 1167 5032 ἔστω.

435 5049 551 5126 (δεῖ)
593 5055 798 5126 ’θεῖναι
819 5051 860 5103 B
887 5049 1013 5126 Ela-

433 5117 550 5193 (55)
593 5117 705 5193 Τὸῆκ·
725 5121 862 5193 νῦν.
889 5117 1013 5172 Ben
1046 5117 1164 5193 νῦν.

437 5185 548 5262 (54)
590 5191 701 5262 Top
727 5191 1013 5262 νήματος.
1046 5185 1215 5262 Βητοῦ
1241 5187 1526 5256 νοήματος.

433 5225 549 5332 δέ)
591 5225 914 5317 ῖξῖλᾶἑέῗῖ
924 5225 1014 5328 21;;
1039 5225 1244 5332 gms;

436 5323 547 5401 (56)
591 5323 1176 5401 ΞΕπεισεὲληλιίθέγαι.
1205 5326 1246 5377 Β
1275 5323 1698 5379 ἐπειολλυθέναι.

456 5403 547 5466 57)
601 5400 792 5455 Ἰδεῖν.
819 5399 860 5450 Β
889 5397 1016 5450 δεῖν.

456 5409 547 5466 57)
601 5409 792 5455 Ἶδειν.
819 5409 860 5450 Β
889 5409 1016 5450 δεῖν.

435 5409 725 5546 (58)-Ϊζνα
771 5467 856 5539 μὴ
891 5464 1262 5537 ἀμφιϐάλλῃ.
1307 5465 1346 5517 Α
1383 5461 1520 5518 εἶναι
1548 5465 1650 5536 (sic.
1679 5469 1732 5518 et
1768 5459 1827 5531 Β)
1864 5457 1948 5529 ,μῆ

365 5541 750 5620 anteiam-

435 5604 547 5684 (59)
597 5607 858 5684 ἘπειδὴΣ
880 5606 1003 5684 Α,Β
1032 5604 1217 5674 ἐπειδὴ
1241 5604 1318 5684 δέ.

437 5677 550 5749 (46)
590 5677 906 5747 Χωρητοῖς.
938 5679 982 5749 ﬁt
1005 5677 1349 5749 χωρητικοίς,

439 5745 551 5825 (41)
595 5745 902 5815 Τοὶαὐτην.
937 5747 978 5798 Β
1002 5745 1098 5816 τὴν
1128 5745 1400 5815 τοιαύτην.

2054 4567 2415 4637 ἐλπιζομένης
2439 4568 2568 4637 ἡμῖν
2595 4564 2964 4627 ἀναϐιώσεως,
2993 4563 3074 4616 ὅτι
3097 4562 3217 4631 (51)
3242 4561 3350 4631 γὰρ
3370 4561 3536 4630 ήμέτε
3548 4577 3640 4628 ρος

2055 4659 2209 4728 λόγος
2239 4658 2427 4713 ἐκτῶν
2453 4657 2547 4711 τοῦ
2568 4657 2773 4727 κόσμου
2801 4655 3104 4726 στοιχείων,
3140 4653 3234 4708 νῦν
3255 4671 3313 4707 τε
3335 4652 3429 4707 καὶ
3454 4651 3645 4704 εἰσαῦ-

2054 4749 2137 4814 θις
2165 4752 2225 4805 τὸ
2255 4750 2414 4821 σῶμα
2443 4749 2600 4820 ἡμῶν
2633 4746 2982 4802 συνίστασθαι
3019 4746 3191 4816 λέγει,
3228 4746 3322 4800 καὶ
3349 4746 3465 4809 τοῖς
3499 4743 3638 4809 ἔξω·

2122 4972 2234 5042 (42)
2275 4974 2595 5038 Περισκεψ.
2622 4972 2688 5030 Α,
2707 4971 2750 5023 Β
2783 4969 3216 5040 ἐπισκεψόμεθα.

2121 5043 2236 5112 (45)
2279 5043 2526 5112 Ἄλλως.
2554 5042 2594 5092 Β
2624 5042 2787 5112 ἄλλῳ.

2121 5110 2234 5180 (44)
2273 5110 2469 5178 Μέρει.
2499 5113 2543 5162 Λ
2565 5113 2623 5180 ἐν
2661 5111 2838 5180 μέρει..

2121 5178 2232 5251 (45)
2283 5180 2376 5251 Ἐ
2405 5178 2823 5251 ἀνθρῴπὸυλΑ
2848 5179 3084 5251 saevos».
3115 5179 3370 5232 πάντοτε.

2119 5249 2233 5319 (46)
2273 5250 2465 5303 Πάλιν
2493 5249 2577 5303 δέ.
2607 5251 2654 5302 Α
2681 5249 2842 5303 πάλιν
2865 5249 2958 5302 νῦν
2981 5249 3058 5302 δέ.

2125 5321 2239 5388 (47)
2278 5320 2470 5391 Πάλιν
2493 5321 2675 5373 τισίν.
2787 5319 2948 5391 πάλιν
2989 5321 3158 5391 αὑτήν
3184 5335 3349 5373 τισιν.

2129 5391 2242 5526 (48)
2282 5390 2599 5456 Δόγμασιν.
2629 5391 2693 5452 Α,
2723 5390 2762 5440 Β
2787 5389 3055 5459 σώμασιν.

2161 5461 2242 5526 59)
2282 5459 2443 5512 Μετὰ
2467 5457 2597 5524 τήν.
2619 5459 2662 5511 Α
2689 5460 2742 5513 in
2777 5468 2930 5513 textu
2963 5476 2975 5510 :
3001 5461 3055 5512 Μ

2161 5461 2242 5529 59)
2282 5454 2443 5530 Μετὰ
2467 5457 2662 5530 τήν-,Λ
2689 5460 2759 5530 in)
2777 5454 2930 5513 textu
2963 5476 2975 5510 :
3001 5459 3156 5512 Μετά
3176 5459 3273 5530 τὴν
3297 5455 3405 5530 ἀπδ
3431 5454 3645 5530 τούτων

2058 5523 2300 5583 διάλυσιν
2338 5528 2440 5600 τὴν
2488 5523 2679 5600 ψυχὴν-
2712 5529 2831 5600 λίαν
2864 5530 3085 5600 ἀπᾴδειο
3136 5531 3190 5584 in
3232 5523 3508 5600 margine,
3541 5523 3642 5579 τσῦ

2063 5600 2312 5668 σώματος
2332 5598 2600 5668 διάζευξιν
2631 5598 2691 5650 ού
2713 5598 2832 5668 λίαν
2853 5598 3066 5654 ἀπάδει.

2134 5667 2244 5737 (50)
2292 5669 2532 5737 Τούτου.
2567 5667 2608 5719 Β
2642 5667 2865 5725 τούτων.

2133 5736 2246 5811 (δι)
2290 5739 2436 5792 ”Οτι.
2471 5736 2536 5803 Α,
2564 5738 2602 5789 Β
2622 5738 2729 5791 ὅτε.
