3880 6218
1230 353 1320 409 DE
1360 351 1577 409 ANIMA
1608 347 1695 404 ET
1739 336 2350 400 RESURRECTIONE.

3409 336 3510 390 HO

231 473 328 526 θεν
355 471 419 524 τὸ
447 468 562 525 ἴσον
582 471 748 525 δοκεῖ.
779 470 852 524 Ού
871 469 979 540 γὰρ
1001 469 1113 540 (52)
1137 470 1302 541 ἀλλην
1321 469 1442 525 τινὰ
1465 468 1557 524 τοῦ
1577 468 1822 539 σώματος

1930 477 2052 516 cum
2091 460 2342 516 doctrina
2408 456 2850 512 resurrectionis.
2902 455 3036 509 Nam
3105 453 3249 524 quod
3268 450 3506 510 dicunt.

229 563 545 633 ἐπινοήσεις
568 563 683 632 (55)
710 561 870 632 φύσιν
901 561 1006 626 ἔξω
1028 561 1126 631 τῆς
1150 561 1356 632 δρομῆς
1387 559 1500 632 (54)
1538 559 1646 612 τῶν
1679 576 1822 612 στοι-

228 655 417 724 χείων.
453 653 710 725 Διαφέρει
742 654 798 706 δὲ
827 653 1099 718 τοσοῦτον,
1127 653 1251 706 ὅσον
1282 654 1409 722 παρ’
1449 651 1605 722 ἡμῶν
1640 651 1739 721 μὲν
1763 650 1824 703 τὸ

230 746 367 799 αὐτὸ
383 744 637 814 λέγεσθαι
654 744 815 798 πάλιν
831 745 960 815 περὶ
971 744 1069 815 τὴν
1080 744 1257 814 ψυχὴν
1271 743 1383 814 (ὃὸ)
1401 741 1822 814 συμπήγνυσθαι

232 838 420 908 σῶμα,
445 835 631 890 ἐκτῶν
651 835 830 890 αὐτῶν
853 836 1132 906 στοιχείων
1160 835 1631 906 συναρμοζόμενον
1647 851 1659 862 ο
1686 833 1825 886 ὲκεί-

231 934 358 990 vati;
383 926 440 978 δὲ
472 925 682 979 οἴεσθαι
707 924 843 996 πρὸς
858 925 992 979 ἀλλα
1015 924 1137 977 τινὰ
1166 921 1394 994 σώματα
1418 922 1614 991 λογικά
1642 938 1701 974 τε
1730 921 1822 974 καὶ

232 1018 430 1086 ἄλογα,
476 1017 572 1071 καὶ
605 1016 910 1086 ἀναίσθητα
933 1016 1031 1088 τὴν
1057 1016 1236 1087 ψυχὴν
1269 1014 1634 1069 καταπίπτειν
1662 1014 1772 1084 (56)
1804 1029 1819 1045 ο

228 1103 315 1176 οἷς
340 1109 404 1164 τὺ
451 1109 551 1181 μὲν
580 1109 646 1162 ἐκ
682 1108 791 1161 τῶν
826 1105 922 1161 τοῦ
956 1108 1162 1178 κόσμου
1210 1106 1390 1178 μερῶν
1433 1102 1568 1160 εἶναι
1596 1104 1694 1177 τὴν
1726 1105 1820 1157 σύ-

231 1217 428 1255 στασιν
453 1201 821 1272 ὁμολογεῖται,
840 1201 1100 1268 διαφωνεῖ
1126 1199 1184 1252 δὲ
1216 1198 1277 1252 τὸ
1308 1199 1384 1270 μὴ
1415 1198 1479 1252 ἐκ
1513 1197 1620 1251 τῶν
1643 1197 1821 1250 αὐτῶν

227 1291 443 1345 οἴεσθαι
463 1291 573 1344 τῶν
599 1290 721 1345 κατ’
746 1290 918 1362 ἀρχὰς
945 1287 1060 1362 (57)
1093 1290 1151 1341 ἐν
1172 1290 1238 1359 τῇ
1262 1288 1349 1342 διά
1384 1287 1584 1358 σαρκὸς
1616 1287 1726 1358 ζωῇ
1753 1289 1819 1358 τῇ

225 1381 378 1452 ψυχῇ
411 1381 822 1454 πφσφυέντων.
853 1379 1064 1434 Οὐκοῦν
1093 1380 1156 1432 τὸ
1188 1379 1287 1449 μὲν
1321 1377 1395 1450 μὴ
1422 1377 1530 1444 ἔξω
1559 1377 1652 1431 τοῦ
1681 1378 1823 1432 εἰκό-

226 1491 323 1537 τος
348 1470 492 1527 εἶναι
527 1471 592 1526 τὸ
615 1473 776 1526 πάλιν
821 1472 922 1543 τὴν
951 1471 1129 1542 ψυχὴν
1179 1472 1236 1524 ἐν
1286 1469 1498 1540 σώματι
1531 1469 1643 1540 (58)
1671 1470 1822 1538 γενέο

228 1565 380 1629 σθαι,
415 1564 569 1636 τακρά
605 1565 704 1636 τῆς
732 1564 837 1629 ἔξω
882 1562 1202 1634 φιλοσοφίας
1234 1561 1711 1634 μεμαρτυρήσοω·
1760 1563 1822 1616 τὺ

221 1655 285 1709 δὲ
312 1656 619 1710 ἀσύστατον
653 1654 749 1708 τοῦ
802 1655 1026 1708 ἐκείνων
1068 1652 1336 1723 δόγματος
1374 1651 1489 1722 (59)
1537 1651 1725 1722 καιρὸς
1756 1651 1821 1705 ἂν

1927 556 2165 610 animam
2202 558 2490 624 postquam
2528 563 2556 601 a
2583 563 2815 619 corpore
2845 548 3120 618 disiuncta
3161 544 3322 599 fuerit
3345 581 3359 604 ,
3389 558 3510 595 rur-

1926 663 2023 704 sus
2054 654 2367 719 penetrare,
2396 651 2450 698 et
2479 641 2761 697 insinuare
2819 655 2878 695 se
2931 641 2984 694 in
3011 639 3192 708 aliqua
3237 649 3466 704 corpora
3495 672 3511 694 .

1927 755 2034 796 non
2086 736 2380 792 admodum
2416 734 2697 805 discrepat
2757 733 2824 788 ab
2865 746 2927 787 ea
2990 744 3151 800 quam
3220 740 3510 798 speramus

1925 830 2353 892 resurrectione,
2388 827 2643 897 quoniam
2673 834 2728 882 et
2761 835 2946 880 nostra
2981 836 3199 892 quoque
3233 819 3508 888 scriptura

1925 925 2078 985 dicit.
2129 939 2194 977 ex
2237 921 2522 976 elementis
2577 919 2764 974 mundi
2801 926 2857 973 et
2911 931 3056 970 nunc
3097 925 3350 968 constare
3408 924 3509 963 uo-

1925 1027 2098 1072 strum
2128 1030 2329 1084 corpus
2355 1055 2369 1078 ,
2406 1019 2460 1065 et
2501 1012 2556 1066 iu
2609 1020 2887 1081 posterum
2941 1007 3230 1062 conﬂatum
3271 1014 3325 1058 et
3378 1017 3510 1055 con-

1925 1110 2174 1163 stitutum
2217 1106 2280 1160 iri
2315 1125 2328 1158 :
2365 1112 2422 1159 et
2451 1103 2593 1157 idem
2641 1102 2881 1158 externis
2931 1099 3274 1170 philosophis
3306 1097 3502 1165 placet.

1921 1198 2040 1251 Non
2093 1200 2238 1252 enim
2273 1195 2490 1250 aliunde
2532 1194 2758 1249 conﬂari
2795 1207 2996 1262 corpus
3044 1190 3354 1260 excogitare
3385 1202 3509 1257 pos-

1924 1291 2070 1351 sint,
2127 1301 2291 1356 quam
2335 1301 2400 1339 ex
2461 1299 2736 1338 concursu
2771 1283 3188 1337 elementorum.
3244 1273 3507 1330 Diﬂeren-

1923 1376 1999 1429 tia
2053 1383 2235 1429 autem
2291 1381 2346 1428 et
2394 1373 2771 1427 controversia
2813 1371 2868 1424 in
2927 1385 2992 1424 eo
3055 1367 3311 1423 consistit
3357 1366 3506 1434 quod

1925 1483 1952 1519 a
1991 1467 2148 1524 nobis
2198 1469 2418 1539 quidem
2460 1467 2702 1531 dicitur,
2749 1466 2892 1520 idem
2947 1477 3140 1518 rursus
3190 1462 3336 1516 circa
3391 1460 3510 1512 ani-

1923 1573 2066 1612 mam
2122 1557 2368 1613 eamdem
2419 1571 2779 1612 concrescere
2815 1568 3035 1623 corpus,
3087 1550 3232 1622 quod
3293 1564 3358 1602 ex
3409 1549 3509 1601 iis-

1923 1649 2046 1704 dem
2088 1650 2376 1706 elemeutis
2439 1656 2592 1705 coeat
2651 1655 2706 1702 et
2769 1648 3170 1709 concinnctur;
3242 1641 3318 1695 illi
3379 1655 3508 1693 vero

223 1748 314 1819 εἴη
347 1737 844 1818 διασκορπίσασθαι
879 1745 1019 1818 (60).
1058 1745 1156 1799 καὶ
1181 1744 1251 1798 δι’
1285 1745 1455 1814 αὐτῆς
1487 1743 1543 1797 δὲ
1582 1743 1694 1814 (61)
1723 1744 1821 1814 τῆς

1930 1749 2156 1810 putant,
2216 1740 2281 1795 ad
2343 1741 2450 1795 alia
2501 1739 2751 1810 quaedam
2811 1751 3065 1808 corpora,
3124 1744 3237 1787 tum
3293 1733 3505 1785 ratione

224 1836 373 1890 κατὰ
409 1836 472 1890 τὸ
497 1835 720 1906 εύλογον
750 1836 1170 1906 ἀνακυπτούσης
1198 1837 1330 1906 ἡμῖν
1356 1833 1817 1904 ἀκολουθίας,φαο

1930 1834 2172 1905 prazdita,
2205 1842 2318 1888 tum
2355 1835 2584 1892 rationis
2623 1843 2784 1903 atque
2839 1829 2975 1886 adeo
3026 1841 3226 1884 sensus
3258 1823 3504 1894 expertia
3565 1898 3568 1901 _

224 1926 469 1996 νερῶσαι
510 1927 712 1998 ῥᾳδίως
740 1927 855 1980 ἐστὶ
876 1926 990 1996 (62)
1020 1925 1244 1979 δυνατὸν
1272 1924 1372 1993 τὴν
1401 1922 1679 1996 ἀλήθειαν.

1930 1929 2152 1981 Inimam
2192 1928 2358 1998 redigi
2421 1938 2586 1998 atque
2619 1926 2858 1982 transire
2891 1945 2902 1979 :
2965 1937 3086 1991 qum
3121 1919 3338 2000 quidem
3383 1932 3503 1971 cor-

223 2034 364 2089 pora
413 2021 548 2090 quin
584 2036 652 2076 ex
700 2021 952 2090 partibus
994 2019 1181 2075 mundi
1228 2018 1539 2073 conﬂentur
1584 2033 1693 2073 non
1720 2018 2021 2085 dubitatur,
2052 2037 2150 2077 uec
2205 2022 2273 2076 de
2315 2037 2378 2077 ea
2422 2037 2482 2076 re
2557 2019 2932 2076 controversia
2983 2026 3098 2080 est;
3167 2011 3261 2070 sed
3326 2011 3380 2063 iu
3443 2017 3509 2063 eo

222 2111 507 2168 dissensio
534 2118 642 2173 est,
681 2109 830 2180 quod
879 2110 959 2164 illi
999 2125 1107 2164 non
1148 2117 1344 2179 putant
1378 2123 1442 2163 ex
1489 2109 1684 2164 iisdem
1732 2111 1984 2180 partibus
2033 2127 2098 2165 ea
2150 2112 2376 2166 conﬂari
2445 2128 2564 2182 qua:
2624 2120 2805 2182 partes
2888 2109 2954 2163 ab
2989 2109 3142 2163 initio
3209 2106 3262 2158 in
3316 2110 3511 2156 carua'

225 2208 261 2260 li
297 2204 414 2259 vita
465 2203 670 2258 animae
701 2201 1072 2256 adhaeserant.
1100 2200 1242 2271 Ergo
1273 2201 1392 2255 veri
1447 2199 1668 2271 quidem
1724 2216 1831 2254 non
1871 2201 2123 2258 absimile
2158 2218 2280 2258 esse
2315 2203 2460 2272 quod
2514 2204 2698 2257 anima
2743 2218 2936 2258 rursus
2993 2201 3045 2253 in
3116 2211 3350 2266 corpore
3409 2203 3508 2247 οι·

221 2299 411 2359 sistat,
496 2302 742 2350 externae
800 2292 1162 2364 philosophiae
1229 2293 1552 2348 testimonio
1611 2294 2032 2364 comprobatum
2089 2303 2229 2351 esto.
2277 2296 2433 2363 Quod
2485 2305 2666 2350 autem
2736 2309 2925 2349 eorum
2988 2291 3235 2348 doctrina
3321 2287 3516 2342 cousi-

223 2399 373 2448 stcre
399 2399 510 2440 non
564 2385 762 2455 possit,
819 2383 1204 2454 tempestivum
1267 2383 1433 2438 fuerit
1493 2383 1808 2454 dispicere,
1845 2392 2012 2454 atque
2077 2403 2173 2456 per
2251 2404 2371 2443 eam
2428 2403 2550 2458 qum
2605 2403 2670 2440 ex
2727 2393 2875 2441 recta
2920 2387 3128 2440 ratione
3184 2383 3342 2438 nobis
3410 2383 3510 2437 ex"

225 2480 376 2536 sistit
422 2474 876 2545 consequentiam
909 2514 926 2538 ,
969 2475 1149 2544 quoad
1206 2473 1327 2543 ejus
1394 2473 1508 2528 licri
1581 2483 1762 2544 potest
1792 2512 1808 2538 ,
1850 2477 2140 2532 ostendere
2183 2491 2248 2533 ac
2291 2478 2575 2532 declarare
2625 2479 2933 2533 veritatem.

295 2572 394 2635 Τίς
423 2566 516 2624 οὖν
554 2570 583 2622 ὁ
618 2567 748 2639 περὶ
787 2567 993 2622 τούτων
1020 2567 1214 2635 λόγοςς
1268 2566 1331 2621 Oi
1367 2567 1503 2637 πρὸς
1529 2567 1816 2639 διαφόρους

1993 2569 2250 2635 Quaanam
2290 2570 2457 2640 igitur
2506 2571 2654 2626 hisce
2679 2570 2745 2626 de
2802 2570 2966 2624 rebus
3000 2569 3176 2622 oratio
3217 2578 3298 2622 est
3326 2568 3348 2620 ?
3379 2566 3512 2632 Qui-

228 2665 424 2733 φύσεις
465 2663 565 2733 τὴν
597 2661 777 2732 ψυχὴν
823 2661 1254 2732 μετοικίζοντες,
1305 2662 1522 2730 συσχεῖν
1563 2660 1676 2732 (65)
1726 2679 1814 2732 μοι

1930 2661 2030 2716 bus
2069 2661 2135 2716 ad
2171 2661 2420 2718 diversas
2481 2671 2708 2716 naturas
2759 2662 2997 2716 animam
3053 2661 3292 2714 transire
3347 2669 3511 2727 atque

225 2755 448 2809 δοκοῦσι
474 2754 574 2817 τὰς
609 2752 712 2822 τῆς
751 2751 965 2822 φύσεως
995 2752 1296 2822 ἰδιότηταςο
1355 2753 1448 2806 καὶ
1483 2753 1660 2806 πάντα
1707 2754 1814 2824 χρὴ

1930 2753 2157 2824 migrare
2191 2755 2388 2825 placet,
2446 2755 2500 2809 hi
2552 2755 2686 2809 mihi
2733 2755 3098 2825 proprietates
3142 2761 3351 2806 natura:
3379 2765 3512 2804 ceu-

229 2847 345 2916 (31)
368 2843 762 2916 καταμιγνύειν
791 2861 850 2898 τε
878 2845 971 2898 καὶ
1000 2843 1300 2916 ἀναφύρειν
1332 2844 1468 2916 πρὸς
1504 2843 1729 2914 ἄλληλα,
1757 2845 1816 2898 τὸ

1930 2842 2154 2900 fundere
2183 2845 2475 2913 videntur;
2541 2861 2843 2917 omnesque
2892 2862 2979 2901 res
3035 2846 3176 2899 inter
3213 2861 3336 2900 sese
3383 2848 3514 2898 con‘

227 2939 450 3004 ἄλογον.
477 2936 538 2989 τὸ
567 2935 811 3004 λογικὸν,
841 2935 902 2988 τὸ
936 2934 1249 3005 αἰσθητικὸν
1271 2936 1386 3006 (65)
1409 2968 1423 3001 ,-
1462 2935 1524 2988 τὸ
1557 2935 1814 3004 ἀναίσθη-

1930 2934 2156 2992 fundere
2184 2947 2350 3008 atque
2383 2939 2763 3000 commiscere,
2796 2939 3008 2993 ratione
3045 2952 3260 3001 carens,
3295 2939 3512 2992 ratione

228 3045 326 3081 τον
351 3043 367 3056 ·
400 3027 561 3098 εἴπερ
589 3028 649 3081 ἐν
676 3025 923 3097 ἀλλήλοις
950 3026 1123 3080 ταῦτα
1149 3025 1378 3095 γένοιτο,
1408 3027 1543 3097 μηδέ
1573 3043 1676 3080 τινι
1705 3024 1816 3098 (66)

231 3120 454 3189 φύσεως
503 3118 681 3190 είρμῷ
725 3117 868 3172 κατά
899 3117 962 3170 τὸ
1008 3119 1399 3189 ἀμετάπτωτον
1441 3119 1537 3172 ἀπ’
1574 3118 1819 3190 ἀλλήλων

230 3209 705 3280 διαστοιχιζόμενα
727 3208 860 3280 (67).
883 3209 959 3262 Τὸ
985 3209 1094 3279 γὰρ
1118 3210 1216 3279 τὴν
1238 3209 1406 3278 αὐτὴν
1424 3207 1602 3279 ψυχὴν
1618 3207 1816 3275 λέγειν,

233 3305 332 3360 νῦν
361 3304 463 3374 μὲν
493 3303 717 3372 λογικήν
745 3320 803 3355 τε
835 3302 928 3356 καὶ
960 3301 1328 3372 διανοητικὴν,
1365 3300 1452 3355 διά
1477 3300 1575 3369 τῆς
1607 3299 1819 3353 τοιᾶσδε

233 3396 330 3449 τοῦ
366 3395 619 3463 σώματος
644 3393 938 3465 περιϐολῆς
966 3394 1246 3461 γίνεσθαι·
1273 3392 1434 3446 πάλιν
1462 3392 1519 3446 δὲ
1543 3391 1680 3462 μετὰ
1710 3390 1820 3444 τῶν

233 3488 486 3558 ἑρπετῶν
523 3486 785 3556 φωλεύειν
809 3485 945 3556 (68),
984 3484 1019 3555 ἢ
1069 3487 1180 3548 τοῖς
1213 3484 1419 3556 ὀρνέοις
1459 3481 1821 3551 συναγελάζε-

235 3579 388 3641 σθαι,
445 3577 478 3647 ἧ
521 3577 866 3648 ἀχθοφορεῖν,
909 3576 943 3646 ἢ
989 3576 1364 3646 σαρκοὸορείν,
1409 3574 1444 3645 ἢ
1494 3574 1820 3645 ὑποϐρύχιον

234 3667 402 3735 εἶναι,
433 3669 469 3740 ἦ
503 3671 598 3723 καὶ
624 3669 763 3738 πρὸς
792 3667 853 3720 τὸ
885 3667 1210 3737 ἀναίσθητον
1235 3665 1615 3737 μεταπίπτειν,
1645 3666 1824 3736 ριζου-

239 3761 417 3832 μένην
454 3777 515 3812 τε
565 3760 661 3814 καὶ
704 3758 1234 3829 ἀποδενδρουμένην,
1284 3758 1378 3812 καὶ
1409 3757 1618 3810 κλάδων
1648 3755 1820 3826 ἐκφύ-

239 3870 357 3917 σεις
381 3851 496 3922 (69)
527 3851 1054 3907 ἀναϐλαστάνουσαν.
1088 3850 1182 3903 καὶ
1227 3851 1285 3902 ἐν
1331 3847 1540 3911 τούτοις
1574 3847 1607 3919 ἢ
1640 3847 1820 3911 ἄνθος,

237 3947 272 4016 ἢ
297 3944 545 4016 ἀκάνθην
563 3941 745 4014 (70),ῆ
764 3943 1026 4013 τρόφιμόν
1041 3960 1093 3996 τι
1115 3941 1410 4011 φυομένην,
1426 3940 1460 4010 ἢ
1481 3939 1820 4010 δηλητήριον,

235 4038 396 4092 οὐδὲν
423 4036 612 4105 ἔτερόν
638 4037 805 4099 ἐστιν,
832 4035 865 4106 ἢ
894 4034 1090 4088 ταύτὸν
1119 4031 1375 4104 ἡγεῖσθαι
1404 4033 1472 4086 τά
1501 4031 1700 4096 πάντα,
1730 4031 1823 4084 καὶ

243 4127 373 4198 μίαν
403 4128 464 4180 ἐν
483 4127 598 4189 τοῖς
623 4121 772 4179 οὖσιν
805 4120 941 4179 εἶναι
969 4126 1067 4196 τὴν
1091 4124 1202 4194 (71)
1224 4123 1385 4193 φύσιν
1407 4124 1464 4176 ἐν
1487 4123 1825 4194 συγκεχυμέο

240 4235 310 4290 νῃ
327 4219 435 4272 τιν)⁹
449 4216 544 4272 καὶ
561 4217 858 4288 ἀδιακρίτῳ
874 4216 1128 4287 κοινωνίᾳ
1146 4215 1500 4286 πεφυρμένην
1517 4214 1653 4286 (72),
1671 4215 1824 4286 μηδεο

1927 3028 2240 3097 przeditum,
2277 3045 2441 3086 sensu
2483 3030 2792 3100 praeditum,
2837 3046 3004 3086 sensu
3065 3046 3292 3094 carens;
3335 3030 3512 3100 siqui-

1927 3120 2049 3176 dem
2094 3121 2210 3176 haee
2245 3122 2476 3177 invicem
2516 3121 2664 3176 aliud
2739 3122 2793 3176 in
2829 3122 2938 3176 alio
2981 3123 3112 3186 sint,
3167 3123 3316 3175 nullo
3352 3131 3511 3176 natu-

1927 3227 2003 3266 ra:
2057 3213 2212 3283 quasi
2258 3228 2478 3269 carcere
2527 3221 2582 3268 et
2632 3215 2878 3270 claustro
2921 3214 3332 3270 immutahiliter
3376 3215 3511 3269 alte-

1929 3318 2050 3357 rum
2110 3303 2180 3358 ab
2239 3303 2413 3359 altero
2457 3304 2750 3375 dirempta.
2802 3303 2938 3359 Nam
2987 3305 3235 3362 eamdem
3273 3307 3510 3361 animam

1928 3393 2110 3449 dicere
2188 3409 2337 3448 nunc
2385 3395 2604 3466 quidem
2657 3403 2713 3451 et
2781 3397 2991 3452 ratione
3041 3405 3093 3451 et
3157 3397 3511 3468 intelligentia

1930 3489 2094 3553 atque
2124 3485 2400 3556 cogitandi
2435 3487 2484 3542 vi
2518 3488 2829 3558 prmditam,
2866 3504 2964 3560 per
3008 3489 3169 3546 talem
3219 3491 3512 3561 quemdam

1930 3576 2178 3645 corporis
2225 3579 2482 3633 amictum
2539 3578 2693 3645 ﬁeri;
2733 3595 2957 3636 rursum
2993 3597 3122 3636 vero
3179 3598 3301 3637 cum
3344 3586 3514 3652 repti-

1931 3666 2073 3723 libus
2107 3667 2161 3721 in
2201 3673 2454 3726 cavernis
2498 3670 2712 3727 latitare
2739 3711 2754 3736 ,
2806 3680 2898 3727 aut
2927 3688 3051 3728 eum
3102 3675 3338 3730 aviculis
3381 3691 3514 3730 con-

1930 3757 2164 3826 gregari,
2217 3766 2311 3812 aut
2359 3760 2612 3815 sarcinas
2672 3771 2920 3832 gestare,
2951 3770 3045 3817 aut
3095 3764 3283 3818 crudis
3332 3767 3514 3821 carni-

1931 3845 2034 3900 hus
2061 3847 2230 3914 vesci,
2260 3857 2354 3902 aut
2393 3851 2736 3908 submersam
2764 3867 2908 3916 esse,
2939 3862 3033 3908 aut
3064 3855 3226 3908 etiam
3260 3855 3313 3909 in
3342 3870 3510 3911 sensu

1931 3946 2206 3994 carentem
2270 3949 2522 3996 naturam
2583 3944 2911 4013 degenerare
2943 3981 2960 4006 ,
3045 3950 3102 3996 ut
3156 3944 3237 3997 vel
3298 3945 3512 4000 radices

1932 4038 2074 4098 agat,
2117 4029 2200 4084 vel
2229 4031 2394 4086 arbor
2427 4033 2642 4096 evadat.
2676 4048 3066 4104 ramorumque
3101 4035 3348 4104 germina
3379 4049 3512 4104 pro-

1931 4118 2120 4183 ducat,
2170 4130 2225 4175 et
2269 4121 2324 4176 in
2362 4121 2447 4177 his
2485 4124 2570 4178 vel
2625 4121 2747 4189 ﬂos,
2809 4124 2892 4178 vel
2930 4123 3116 4193 spina,
3173 4125 3257 4179 vel
3305 4124 3512 4194 aliquid

1933 4213 2208 4268 nutriendi
2274 4214 2324 4268 vi
2379 4215 2719 4284 praeditum,
2777 4216 2861 4272 vel
2913 4216 3136 4272 noxium
3197 4215 3288 4269 ﬁat
3348 4225 3510 4286 atque

243 4312 375 4380 μιᾶς
393 4310 654 4380 ἰδιότητος
673 4309 733 4362 τὸ
761 4308 846 4362 ἐτε
856 4325 945 4378 ρον
969 4308 1062 4362 τοῦ
1087 4307 1276 4378 ἐτέρου
1310 4305 1712 4377 ἀποκρινούσης
1733 4345 1747 4360 .
1767 4307 1822 4359 Ὀ

1930 4305 2145 4368 evadat,
2175 4305 2310 4359 nihil
2345 4305 2488 4360 aliud
2523 4313 2630 4373 est,
2685 4307 2789 4362 nisi
2846 4307 3027 4361 omnia
3077 4306 3216 4361 idem
3249 4321 3371 4362 esse
3412 4322 3511 4376 pu-

239 4401 354 4470 τάρ
378 4400 553 4466 λέγων
583 4398 646 4452 τὸ
672 4398 803 4453 αὐτὸ
831 4399 888 4450 ἐν
939 4398 1101 4451 παντὶ
1136 4395 1402 4466 γίνεσθαι,
1434 4395 1586 4450 οὐδὲν
1613 4395 1816 4465 ἕτερον,

240 4493 276 4562 ἣ
306 4493 366 4544 ἓν
395 4488 535 4545 εἶναι
564 4491 632 4544 τά
658 4489 836 4544 πάντα
867 4489 1134 4558 βούλεται,
1159 4489 1257 4559 τῆς
1283 4486 1689 4558 ἐμφαινομένης
1707 4486 1823 4540 δια-

244 4585 425 4656 φορᾶς
457 4587 566 4647 τοῖς
583 4578 737 4636 οὖσιν
761 4577 912 4636 οὐδὲν
945 4581 1084 4652 πρὸς
1113 4580 1222 4652 (75)
1251 4579 1528 4649 ἐπιμιξίαν
1552 4578 1661 4632 τῶν
1685 4579 1830 4632 ἀκοι-

243 4674 504 4743 νωνητων
541 4670 975 4742 ἐμποδιζούσης·
1026 4669 1103 4732 ὡς
1144 4669 1392 4738 ἀνάγκην
1425 4662 1584 4731 εἶναι,
1625 4668 1726 4720 κάν
1773 4683 1826 4719 τι

239 4765 356 4819 τῶν
389 4763 628 4829 ἰοϐόλων,
660 4763 754 4816 καὶ
784 4761 1134 4832 σαρκοϐόρων
1165 4760 1278 4830 (74)
1309 4758 1591 4829 θεάσηται,
1621 4758 1826 4829 ὁμόφυ-

316 4945 438 5012 (52)
481 4947 562 5000 Οὐ
589 4946 720 5016 γάρ.
750 4945 792 4996 Β
820 4945 879 4997 ού
905 4942 1119 5016 γάρῌᾶν.

318 5017 435 5082 (5‘5)
490 5013 887 5080 Ἐπἰνοήσεις.
913 5013 991 5075 Α,
1012 5014 1052 5064 Β
1084 5013 1448 5083 ἐπινοήσαιεν.

321 5087 440 5152 (54)
481 5085 732 5154 Δρομῆς.
771 5086 811 5136 Β
838 5085 1159 5155 συνδρομῆς.
1499 5084 1502 5087 ’

319 5157 438 5224 (55)
485 5151 722 5224 Ψυῇίήγ.
752 5156 792 5206 Β
812 5151 982 5224 αὐτὴν
1021 5151 1222 5222 ψυχήν.

342 5222 436 5288 56)
478 5222 899 5279 Κατὰπίπτειν.
933 5222 998 5287 Α,
1021 5225 1062 5275 Β
1103 5222 1478 5291 μεταπίπτειν.

342 5231 436 5288 56)
478 5231 899 5279 Καταπίπτειν.
933 5231 998 5287 Α,
1023 5231 1062 5275 Β
1103 5231 1332 5291 μεταπῐτ

318 5231 440 5362 (57)
481 5298 620 5348 Κατ’
647 5295 855 5363 ἀρχάς.
880 5295 923 5364 Δ
948 5294 1042 5346 καὶ
1065 5294 1184 5345 κατ’
1203 5294 1332 5364 ἀρχ.

318 5367 438 5433 (Eis)
481 5365 730 5432 Σώματι.
762 5367 803 5417 Λ
830 5363 907 5432 τῷ
944 5364 1178 5432 σώματι.

319 5432 436 5499 (δυ)
491 5435 766 5487 Ἐκείνων
786 5433 1100 5501 δόγματος.
1135 5436 1200 5489 Δ.
1221 5433 1262 5484 Β
1297 5433 1420 5485 κατ’
1449 5433 1646 5494 αὐτοὺς
1675 5432 1834 5500 δόγμ.

321 5506 437 5570 (60)
478 5504 1050 5573 Araa’xopnlaqO'Om.
1085 5508 1150 5565 Λ,
1175 5503 1213 5553 Β
1239 5501 1730 5573 διασκοπὴσασθαι.

322 5575 439 5636 (61)
481 5573 573 5626 Δέ.
614 5573 763 5626 Delet
794 5571 934 5632 A,B.

324 5645 438 5705 (62)
491 5643 738 5709 Ῥᾳδίως
757 5643 906 5695 ἐστί.
935 5644 972 5694 Α
997 5642 1072 5705 ὡς
1103 5641 1244 5702 ἐστί.

321 5715 438 5776 (63)
479 5711 762 5782 Συσχεῖν.
783 5711 825 5763 Β
853 5712 1118 5782 συγχέειν.
1151 5714 1196 5764 Α
1240 5715 1476 5780 συγχεῖν.

322 5783 439 5853 (64)
480 5781 684 5836 Πάντα
715 5782 852 5851 χρή.
887 5783 926 5836 Β
958 5780 1232 5853 πανταχῆ.
1272 5783 1316 5835 Λ
1362 5784 1416 5835 in
1462 5791 1607 5835 textu
1661 5780 1834 5833 πάντα

1928 4403 2044 4452 tare
2072 4435 2088 4460 ,
2123 4411 2396 4466 unamque
2443 4395 2495 4450 in
2538 4397 2699 4454 rebus
2759 4398 3031 4454 universis
3062 4412 3186 4453 esse
3218 4407 3508 4465 naturam,

1931 4485 2218 4542 inconfusa
2251 4487 2486 4556 quadam
2533 4495 2588 4542 et
2640 4487 2954 4543 indistincta
3011 4497 3174 4559 atque
3209 4487 3506 4543 indiscreta

1932 4577 2319 4631 communione
2357 4592 2541 4632 secum
2599 4577 2989 4642 commistam,
3044 4577 3194 4632 nulla
3255 4577 3510 4646 proprie-

1933 4677 2046 4726 tate
2097 4669 2327 4725 alterum
2383 4670 2449 4723 ab
2493 4671 2666 4724 altero
2709 4678 3048 4726 secernente.
3103 4667 3204 4736 Qui
3252 4671 3395 4725 enim
3428 4670 3512 4723 di-

1933 4761 2008 4814 cit
2047 4759 2186 4815 idem
2243 4760 2296 4813 in
2344 4759 2600 4816 universa
2660 4767 2855 4814 natura
2932 4775 3114 4814 rerum
3169 4759 3282 4815 ﬂeri
3317 4801 3331 4824 ,
3378 4759 3512 4814 nihil

1935 4942 2224 5028 χρήλεετοεη
2249 4944 2306 5028 in
2345 4945 2602 5028 margine
2623 4943 2798 5028 «avsa
2826 4942 2895 5028 εά
2923 4943 3206 5012 ἰδιώματα,

2008 5011 2122 5074 (65)
2156 5015 2534 5080 Λίσθητικόν.
2561 5014 2603 5065 Β
2630 5011 2906 5076 αἰσθητόν.

2009 5081 2118 5152 (66)
2160 5083 2322 5148 Μηδέ
2349 5089 2484 5136 τινι.
2506 5085 2548 5135 Λ
2566 5121 2580 5144 ,
2611 5082 2652 5133 Β
2686 5081 2873 5152 μηδενί
2899 5100 2972 5135 τι.

2008 5151 2120 5222 (67)
2160 5151 2695 5222 Διαστοιχιζόιιεναέ
2707 5155 2774 5220 Λ,
2790 5153 2830 5204 Β
2850 5151 3279 5222 διατειχιζόμενα
3298 5194 3302 5200 .

2009 5221 2122 5286 (68)
2163 5221 2478 5276 Φωλεύειγ.
2509 5224 2552 5275 Α
2582 5224 2635 5277 in
2666 5222 2911 5293 margine
2944 5221 3279 5293 ὲμφωλεύειν

2009 5293 2121 5354 (69)
2173 5293 2506 5362 Ἐκφύσεις.
2533 5293 2574 5344 Β
2603 5292 2886 5362 ἐμφύσεις.

2008 5363 2120 5431 (70)
2173 5361 2481 5431 ᾌκάνθην.
2509 5361 2828 5431 Β-ἀκανθαν.

2009 5428 2120 5490 (71')
2153 5429 2321 5487 Εἶναι
2343 5433 2475 5499 τήν.
2513 5428 2664 5484 Εἶναι
2695 5430 2837 5484 delet
2863 5432 2924 5484 Α.

2011 5503 2122 5570 (7;!)
2162 5504 2450 5568 Κοινιιινίῃ
2498 5517 2636 5569 περ.
2669 5502 2732 5563 Δ,
2831 5503 3101 5573 κοινότητι
3137 5503 3273 5573 πρὸς
3316 5500 3512 5573 ἑαυτὴν

1939 5573 2312 5642 πεφυρμένην.
2346 5573 2386 5622 Β
2428 5571 2914 5642 συμπεφυρμένην.

2015 5641 2135 5708 (75)
2167 5647 2341 5706 Πρός.
2371 5643 2412 5694 Β
2445 5641 2580 5712 πρὸς
2609 5643 2726 5706 τήν.

2017 5713 2125 5781 (74)
2165 5714 2266 5766 Καὶ
2303 5711 2547 5780 σσρκοϐ.
2588 5712 2626 5762 Β
2660 5713 2692 5782 ἢ
2728 5711 2952 5781 σαρκοδ.
