3844 6226
2236 146 2338 159 θεν-ι’
2393 144 2443 154 -ν

325 254 435 317 ΗΒ
1542 265 1602 321 S.
1641 263 1973 322 GllEGOllli
2011 265 2311 327 NYSSENI
3524 281 3633 338 HG

324 375 489 431 miles
514 382 568 430 et
595 376 794 447 abjeeti
835 378 993 448 ﬁunt,
1051 390 1108 438 ct
1156 382 1224 437 ad
1266 390 1470 454 terram
1509 382 1767 452 depressi
1795 399 1916 439 cum

2073 388 2168 460 ὑτὴ
2194 389 2308 461 (19)
2347 392 2522 460 παγία
2562 394 2809 466 διαμένει
2856 396 3021 470 μέχρι
3056 398 3275 454 πάντων
3296 397 3411 469 (20)
3440 397 3636 461 αὐτοῖς

322 470 692 525 crassitudine
713 474 1017 531 materialis
1040 485 1251 531 natura:
1266 475 1717 532 commiscentur.
1741 476 1916 547 Atque

2086 481 2329 536 ὑπόνοια.
2359 482 2424 537 Εἰ
2451 484 2560 557 γὰρ
2574 486 2845 556 ἄτρεπτον
2868 489 2966 560 τὴν
2988 491 3243 562 οὐράνιον
3270 489 3384 561 (21)
3403 489 3635 557 λέγουσι

324 558 590 616 bac-tenus
643 562 887 618 nondum
919 567 1179 621 consistit
1210 566 1484 636 ejusmodi
1515 566 1916 622 sententiarum

2073 569 2192 624 ύσιν
2222 571 2358 642 (22),
2392 573 2511 638 πῶς
2557 574 2743 646 χώραν
2765 576 2878 647 εχει
2918 558 3031 649 (εδ)
3059 558 3141 634 εν
3167 579 3248 651 τῷ
3275 558 3536 650 ἀτρέπτῳ
3567 579 3634 632 τδ

321 660 486 715 atque
516 654 892 712 doctrinarum
910 658 1249 725 absurditas,
1282 667 1342 714 ut
1375 661 1430 713 in
1455 661 1796 714 contrarium
1825 659 1915 713 in—

2073 658 2236 728 ἀθος;
2268 662 2380 715 Καὶ
2419 664 2470 716 εί
2515 666 2770 738 ἐμπαθὴς
2804 668 2919 739 (24)
2949 672 2983 742 ἡ
3014 672 3168 726 κάτω
3201 671 3383 743 φύσις,
3414 670 3535 735 πῶς
3567 672 3632 727 ἐν

321 760 495 800 versa:
520 747 634 801 sint
664 748 972 820 opiniOnes.
1014 751 1120 807 Sed
1150 768 1220 808 ne
1249 752 1369 807 haec
1396 750 1620 821 quidem
1651 758 1916 823 perpetuo

2073 753 2103 824 ξ)
2158 754 2391 826 παθητῷ
2445 758 2805 831 κατορθοῦται
2865 764 2901 833 ἡ
2961 763 3238 831 ἀπάθεια;
3289 764 3455 819 Ἀλλά
3515 781 3629 835 φυ-

320 847 472 893 eerta
496 841 818 914 stabilisque
832 846 917 902 eis
945 846 1266 917 imaginatio
1288 845 1584 918 Opinioque
1612 854 1916 917 permanet.

2073 843 2183 901 >ὖσι
2213 847 2328 917 (25)
2355 847 2426 903 τά
2454 849 2687 918 ἄμικτα,
2713 854 2811 907 καὶ
2847 854 3027 909 ἐνοῦσι
3056 855 3128 909 τὰ
3166 855 3531 928 ἀκοινώνητα,
3563 856 3631 911 ἐν

318 928 458 984 Nam
477 932 524 986 si
553 933 950 993 immutabilem
966 936 1158 992 dicunt
1182 939 1465 994 caelestem
1486 953 1613 994 esse
1636 945 1916 1003 naturam,

2073 934 2191 995 ἀθει
2229 935 2292 990 τὸ
2334 937 2624 1009 ἄτρεπτον,
2656 943 2752 996 καὶ
2807 944 2869 997 ἐν
2920 943 3001 1014 τῷ
3055 944 3275 1016 τρεπτῷ
3301 945 3417 1017 (26)
3457 945 3630 1001 πάλιν

320 1037 432 1089 ιμιο
467 1034 627 1093 pacto
682 1027 737 1082 in
786 1027 1110 1085 immutabili
1151 1030 1339 1100 passio
1389 1036 1446 1086 et
1481 1029 1700 1085 aﬂectio
1739 1029 1916 1085 locum

2073 1026 2373 1099 αθορῶντες
2385 1030 2485 1102 τὴν
2501 1032 2790 1087 ἀπάθειαν.
2809 1034 2919 1088 Καὶ
2946 1033 3070 1087 οὑδέ
3088 1035 3302 1100 τούτοις
3312 1035 3425 1107 (27)
3446 1036 3632 1089 εἰσαεὶ

323 1112 525 1168 habet?
558 1116 800 1189 itemque
860 1121 909 1177 si
948 1120 1245 1179 affectibus
1272 1130 1329 1179 et
1358 1123 1509 1180 vitiis
1545 1122 1784 1179 obnoxia
1838 1128 1916 1177 est

2073 1119 2373 1189 ,αμὲνουσιν
2426 1122 2540 1192 (28)
2565 1140 2581 1154 ο
2639 1123 2758 1177 ἀλλ’
2803 1123 3055 1199 ὃθεντὴν
3096 1128 3277 1200 ψυχὴν
3306 1127 3396 1181 διὰ
3418 1127 3630 1192 κακίας

320 1203 539 1261 inferna
568 1218 788 1280 natura,
820 1228 932 1284 quo
1001 1223 1165 1286 pacto
1218 1215 1275 1270 in
1304 1230 1374 1272 eo
1424 1215 1572 1287 quod
1628 1214 1916 1279 affectibus

2073 1208 2327 1281 πῴκησαν
2363 1211 2500 1282 (29).
2532 1215 2712 1269 ἐκεῖσε
2743 1217 2907 1271 πάλιν
2937 1217 3109 1289 αὑτὴν
3147 1219 3225 1283 ὡς
3251 1218 3629 1291 ἀσφαλῆοβθ)

319 1300 619 1356 obnoxium
643 1311 753 1370 est,
778 1306 1098 1374 passionum
1125 1316 1292 1378 atque
1323 1306 1621 1364 all'ectuum
1667 1307 1916 1362 vacuitas

2073 1300 2115 1354 ιὶ
2159 1303 2441 1373 ἀκήρατον
2480 1304 2627 1377 ζωὴν
2683 1309 2750 1361 ἐκ
2797 1308 2901 1378 τῆς
2957 1308 3153 1381 ὑλικῆς
3202 1306 3626 1374 ἀνοικίζουσιν,

318 1397 375 1442 c-t
413 1391 641 1447 abolitio
694 1397 893 1452 conﬁci
932 1408 1099 1470 atque
1130 1399 1379 1470 expediri
1436 1398 1655 1470 potest?
1711 1396 1915 1454 Verum

2073 1408 2209 1462 σπερ
2251 1392 2634 1465 ἐπιλαθόμενοι
2671 1396 2733 1450 τὸ
2776 1398 2989 1452 ἐκεῖθεν
3016 1398 3186 1471 αὐτὴν
3218 1400 3252 1469 ἡ
3295 1398 3469 1453 κακία
3499 1397 3627 1469 (3|)

321 1484 654 1550 ptrmiseent
707 1502 769 1542 ea
830 1490 1237 1559 quaemisccri
1280 1506 1391 1547 non
1443 1497 1697 1561 possunt,
1750 1497 1916 1560 atquc

2073 1484 2270 1537 nicum
2297 1483 2436 1553 (52),
2461 1486 2529 1555 τῇ
2551 1486 2703 1541 κάτω
2722 1488 3129 1561 καταμιχθῆναι
3153 1488 3339 1559 φύσει.

322 1575 519 1631 uninnt
541 1595 604 1633 ea
627 1581 833 1651 quibus
885 1584 1030 1640 inter
1077 1599 1140 1640 se
1169 1585 1321 1639 nulla
1386 1583 1702 1640 connnunio
1732 1588 1853 1647 est;
1911 1579 1967 1633 in
2006 1576 2294 1633 aﬁ‘ectione
2324 1578 2845 1648 immutabilitatem,
2881 1582 3208 1639 inmutabili
3244 1596 3444 1639 rursus
3482 1594 3626 1652 pas-

308 1670 545 1729 _sionum
577 1682 633 1728 et
658 1674 949 1730 aﬂectuum
983 1676 1338 1731 abolitionem
1366 1687 1420 1731 et
1452 1675 1783 1729 vacuitatem
1824 1669 2213 1740 imaginantes.
2253 1671 2333 1725 Ac
2369 1686 2441 1727 ne
2491 1672 2550 1727 in
2580 1671 2670 1729 bis
2735 1673 2958 1744 quidem
3010 1689 3233 1746 semper
3290 1682 3627 1747 permanent

319 1779 384 1819 ac
420 1774 807 1832 perseverant;
872 1768 967 1822 sed
1004 1768 1149 1823 unde
1215 1769 1454 1824 animam
1494 1783 1591 1839 per
1628 1767 1821 1821 vitium
1890 1770 1947 1818 et
1982 1762 2284 1832 nequitiam
2323 1763 2692 1831 deduxerunt,
2723 1765 2819 1821 illo
2847 1781 3042 1824 rursus
3084 1782 3206 1825 eam
3236 1775 3498 1838 tanquam
3528 1788 3531 1791 π
3562 1764 3625 1819 in

318 1863 493 1912 tntam
521 1866 576 1912 et
607 1859 969 1915 immortalem
999 1862 1165 1915 vitam
1210 1876 1279 1917 ex
1307 1861 1576 1918 materiali
1618 1859 1912 1923 reducunt,
1947 1855 2108 1927 quasi
2156 1855 2312 1912 obliti
2357 1856 2505 1927 quod
2588 1856 2888 1914 vitiositate
2942 1870 3168 1931 gravata
3215 1858 3368 1916 illinc
3451 1852 3625 1929 quasi

320 1949 517 2029 pennis
539 1951 763 2006 amissis
796 1951 984 2009 infera
1010 1953 1302 2010 commista
1328 1964 1542 2009 naturae
1571 1954 1666 2009 sit.

392 2046 576 2117 Itaque
606 2047 934 2104 obtrectatio
962 2058 1017 2104 et
1046 2050 1378 2120 vituperatio
1425 2050 1595 2121 hujus
1617 2050 1767 2115 vitae,
1800 2061 1915 2102 cce-

2093 2042 2170 2095 Ἦ
2198 2058 2257 2095 τε
2284 2037 2378 2096 οὖν
2406 2042 2627 2115 διαϐολὴ
2668 2042 2764 2097 τοῦ
2792 2043 2920 2115 τῇδε
2948 2043 3087 2115 βίου,
3118 2044 3219 2099 καὶ
3256 2046 3286 2098 ὁ
3306 2043 3417 2100 τῶν
3447 2044 3625 2117 οὐρα-

320 2137 656 2207 lestiumque
684 2152 750 2193 ac
776 2154 1103 2209 superorum
1130 2139 1251 2196 laus
1269 2140 1414 2199 inter
1431 2155 1555 2197 sese
1572 2137 1920 2195 confundun-

319 2237 412 2283 tur
440 2236 496 2284 et
521 2229 974 2295 commiscentnr,
1046 2231 1250 2301 quippe
1276 2245 1405 2305 cum
1435 2231 1528 2286 illa
1560 2229 1784 2301 quidem
1809 2230 1918 2283 vita

319 2336 444 2390 qua:
470 2323 613 2378 male
635 2322 788 2377 audit
813 2330 870 2377 et
902 2321 1133 2379 infamia
1163 2322 1398 2388 laborat,
1438 2322 1567 2378 boni
1595 2324 1678 2393 (ut
1699 2321 1917 2375 illorum

320 2415 510 2485 opinio
529 2414 654 2485 fert)
682 2423 876 2471 auctor
895 2424 950 2470 et
968 2414 1078 2469 dux
1106 2416 1213 2482 sit;
1235 2430 1359 2486 qum
1373 2423 1554 2470 autem
1576 2427 1675 2483 pro
1693 2412 1919 2468 meliore

323 2509 582 2572 habetur,
641 2507 1035 2577 propensionis
1061 2507 1131 2561 ad
1183 2506 1389 2561 malum
1424 2519 1619 2560 ansam
1654 2513 1708 2559 et
1753 2517 1918 2558 occa-

320 2602 532 2654 sionem
556 2600 754 2654 anima:
782 2598 894 2654 det.
950 2596 1222 2666 Quocirca
1250 2594 1524 2668 ejicienda
1564 2610 1632 2651 ex
1665 2593 1917 2649 doctrina

320 2691 569 2747 veritatis
589 2691 770 2746 omnis
802 2688 942 2746 falsa
981 2692 1188 2761 pariter
1208 2698 1272 2761 et
1309 2687 1588 2744 instabilis
1630 2686 1700 2741 de
1723 2684 1918 2755 hujus-

304 2779 467 2834 -n»odi
495 2781 662 2836 rebus
708 2781 998 2851 persuasio
1030 2779 1116 2837 cs't
1148 2799 1164 2836 :
1201 2796 1268 2835 ac
1317 2797 1384 2835 ne
1412 2780 1537 2834 illos
1581 2777 1800 2850 quidem
1832 2793 1920 2833 se-

320 2887 578 2940 quantur,
633 2873 837 2943 quibus
864 2872 1078 2928 animas
1103 2888 1171 2928 ex
1189 2872 1552 2929 muliebribus
1592 2870 1918 2942 corporibus

322 2962 389 3015 al
419 2964 630 3017 virilem
684 2966 852 3019 vitam
883 2967 1125 3022 transire
1154 2965 1331 3035 placet
1359 2982 1375 3032 ;
1402 2974 1501 3019 aut
1537 2975 1730 3020 contra
1763 2979 1795 3017 a
1835 2964 1919 3019 vi-

304 3058 516 3112 rilibus
595 3058 923 3128 corporibus
984 3065 1268 3127 separatas
1318 3057 1533 3113 animas
1615 3058 1758 3111 intra
1806 3071 1918 3110 mu-

323 3147 489 3203 lieres
532 3147 729 3219 redigi,
783 3157 879 3202 aut
905 3148 1071 3203 etiam
1102 3147 1171 3202 ad
1207 3148 1355 3203 viros
1405 3162 1471 3202 ex
1498 3146 1633 3202 viris
1657 3146 1919 3209 transire,

322 3251 379 3294 et
408 3258 475 3297 ex
511 3240 834 3297 mulieribus
863 3255 1059 3296 rursus
1090 3240 1205 3296 lieri
1238 3241 1519 3303 mulieres,
1554 3239 1650 3296 sed
1680 3239 1824 3303 illos,
1858 3247 1920 3293 ut

321 3348 421 3387 eos
447 3334 539 3403 qui
576 3348 607 3387 a
643 3332 875 3389 veritate
923 3331 1323 3395 aberraverint,
1372 3330 1576 3397 missos
1622 3328 1914 3385 faciamus.

2022 2134 2153 2188 νίων
2180 2134 2293 2204 (35)
2327 2133 2549 2200 ἔπαινος
2594 2136 2653 2189 ἐν
2680 2136 2932 2207 ἀλλήλοις
2974 2135 3318 2207 συγχέονται,
3346 2138 3440 2192 καὶ
3470 2138 3627 2192 ἀνω-

2021 2226 2317 2297 φεροῦνται
2367 2228 2506 2298 (54),
2554 2226 2650 2281 τοῦ
2707 2229 2806 2298 μὲν
2853 2227 3280 2300 διαϐεϐλημένου
3331 2227 3475 2284 κατά
3513 2229 3625 2301 τὴν

2020 2318 2246 2372 ἐκείνων
2275 2318 2437 2386 δόξαν
2486 2316 2626 2389 πρδς
2653 2319 2715 2373 τὸ
2750 2319 2914 2373 καλὸν
2951 2319 3365 2391 καθηγουμένου
3387 2337 3402 2352 ο
3435 2320 3530 2375 τοῦ
3555 2321 3625 2374 δὲ

2022 2410 2161 2483 πρὸς
2184 2411 2493 2482 κρείττονος
2513 2412 2626 2484 (55)
2651 2413 3060 2484 ὑπειλημμένου
3085 2413 3184 2484 τὴν
3206 2413 3460 2485 ἀφορμὴν
3475 2413 3591 2466 ἐνδι
3608 2443 3627 2456 -

2022 2501 2206 2566 δόντος
2229 2503 2341 2573 (36)
2373 2505 2441 2575 τῇ
2475 2504 2622 2575 ψυχῇ
2661 2504 2759 2575 τῆς
2794 2504 2932 2575 πρὸς
2957 2504 3020 2558 τὸ
3039 2507 3229 2576 χεῖρον
3246 2503 3441 2574 ῥοπῆς.
3466 2504 3625 2557 051e-

2018 2593 2113 2647 οὖν
2140 2594 2412 2663 ἐκϐλητέα
2451 2594 2562 2648 τῶν
2602 2595 2701 2666 τῆς
2726 2594 2987 2666 ἀληθείας
3022 2595 3309 2667 δογμάτων
3337 2597 3487 2650 πᾶσα
3511 2613 3623 2649 πε-

2019 2685 2339 2757 πλανημένη
2371 2704 2432 2740 τε
2461 2687 2556 2743 καὶ
2582 2685 2892 2740 ἁστατοῦσα
2920 2687 3046 2759 περὶ
3078 2688 3185 2741 τῶν
3203 2687 3461 2741 τοιούτων
3485 2688 3625 2742 ὑπό-

2021 2777 2223 2849 ληψις’
2267 2778 2555 2851 μήθ”ὂσοι
2603 2778 2718 2849 (37)
2766 2778 3117 2832 καταϐαίνειν
3160 2781 3226 2833 ἐκ
3265 2779 3375 2851 (38)
3418 2797 3623 2849 γυναι-

2017 2872 2183 2927 κείων
2232 2872 2502 2942 σωμάτων
2536 2871 2674 2942 πρὸς
2724 2870 2823 2942 τὴν
2851 2869 3097 2941 ἀνδρώδη
3132 2871 3280 2942 ζωὴν
3302 2871 3400 2934 τὰς
3431 2871 3625 2942 ψυχὰς

2017 2966 2199 3037 δοκείη
2225 2965 2341 3037 (59)
2374 2966 2437 3019 τὸ
2485 2964 2724 3036 ἔμπαλιν
2757 2965 2816 3020 ἐν
2848 2964 3065 3033 γυναιξὶ
3109 2962 3355 3031 γίνεσθαι
3379 2965 3478 3028 τὰς
3501 2964 3624 3018 τῶν

2017 3058 2289 3129 ἀνδρικῶν
2335 3057 2610 3128 σωμάτων
2634 3057 2998 3128 χωρισθείσας
3030 3056 3227 3127 ψυχὰς,
3272 3056 3306 3129 ἦ
3341 3059 3437 3111 καί
3473 3057 3625 3128 πμ

2019 3150 2218 3223 ἄνδρας
2249 3151 2307 3217 ἐξ
2357 3149 2571 3221 ἀνδρῶν
2602 3148 2970 3219 μεταϐαίνειν,
3009 3149 3105 3203 καὶ
3126 3150 3393 3217 γυναῖκας
3414 3150 3481 3202 ἐκ
3510 3167 3622 3217 γυ-

2018 3259 2219 3295 ναικων
2234 3241 2477 3311 γίνεσθαι
2498 3240 2749 3308 λέγουσιν
2772 3240 2909 3311 (40),
2940 3240 3018 3304 ὡς
3046 3240 3146 3311 τῆς
3169 3239 3430 3310 ἀληθείας
3454 3241 3589 3293 ἐστο
3604 3270 3621 3280 -

2020 3334 2327 3405 χασμένους
2356 3333 2814 3403 ἁκολουθήσωμεν
2836 3332 2972 3397 (41).
3008 3332 3067 3385 'U
3090 3331 3190 3401 μὲν
3211 3330 3323 3399 γὰρ
3343 3330 3622 3402 πρότερος

322 3423 459 3476 Nam
488 3424 639 3493 prior
660 3423 880 3493 quidem
916 3423 1124 3493 opinio,
1160 3439 1270 3478 non
1310 3423 1490 3478 solum
1532 3420 1680 3492 quod
1712 3432 1766 3477 et
1821 3422 1906 3476 in-

2114 3425 2274 3496 μόνον
2305 3424 2385 3496 τῷ
2408 3425 2543 3495 (Μ’)
2571 3423 2803 3486 ἀστατος
2852 3422 2965 3493 (42)
3006 3422 3102 3477 καὶ
3158 3421 3438 3493 ἀπατηλὸς
3471 3417 3621 3475 εἶναι

324 3514 540 3570 stabilis
584 3524 639 3569 et
688 3515 853 3569 fallax
885 3514 980 3581 sit,
1028 3515 1319 3585 reprobata
1368 3522 1624 3581 est,cum
1672 3515 1790 3584 ipsa
1819 3528 1917 3584 per

2016 3517 2431 3588 ἀπεδοκιμάσθη
2462 3519 2492 3571 ὁ
2522 3516 2677 3585 λόγος
2714 3514 2848 3587 (45),
2865 3515 3029 3579 αὑτὸς
3050 3517 3107 3568 ἐν
3133 3513 3311 3585 ἐαυτῷ
3334 3514 3450 3585 (44)
3473 3513 3621 3585 πρὸς

325 3621 449 3663 sese
484 3616 708 3678 propter
735 3607 1048 3664 contrarias
1082 3610 1375 3679 op’niones
1394 3616 1697 3674 evertatur,
1723 3621 1913 3663 verum

2073 3627 2110 3673 ις
2137 3608 2385 3672 ἐναντίας
2414 3607 2714 3678 ὑπολήψεις
2741 3606 3229 3677 περιτρεπόμενος,
3267 3604 3385 3659 ἀλλ’
3407 3605 3493 3659 ὃτι
3515 3605 3621 3660 καὶ

322 3698 488 3753 etiam
516 3700 661 3769 quod
684 3700 851 3771 impia
877 3712 983 3766 est,
1011 3713 1069 3757 ut
1090 3718 1212 3772 qua:
1246 3699 1449 3765 tradat,
1488 3699 1625 3754 nihil
1656 3699 1711 3754 iu
1729 3713 1913 3755 rerum

2073 3701 2226 3766 r36th
2256 3701 2390 3772 ἔχει,
2441 3700 2606 3771 μηδὲν
2648 3697 2760 3751 τῶν
2804 3697 2975 3751 ὄντων
3024 3698 3103 3761 είς
3125 3696 3344 3766 γένεσιν
3376 3695 3618 3765 ἄγεσθαι

325 3796 578 3844 naturam
639 3790 891 3860 produci,
929 3793 1037 3849 nisi
1063 3793 1333 3848 vitiositas
1372 3791 1702 3863 principium
1726 3791 1915 3863 cujus-

308 3897 433 3950 que
466 3892 675 3939 natura:
731 3884 844 3939 det.
894 3884 1029 3938 Nam
1080 3886 1125 3939 si
1172 3899 1348 3954 neque
1407 3883 1679 3948 homines,
1739 3899 1917 3955 neque

325 3974 549 4042 planta:,
581 3988 759 4043 neque
810 3988 1026 4043 pecora.
1076 3975 1184 4029 nisi
1212 3988 1451 4044 superne
1482 3974 1537 4028 in
1579 3974 1695 4029 lnec
1730 3974 1916 4029 anima

312 4063 551 4133 delapsa
575 4062 760 4128 fuerit,
790 4072 1118 4126 nascuntur,
1161 4065 1347 4134 lapsus
1392 4072 1575 4121 autem
1601 4065 1649 4121 is
1696 4072 1919 4135 propter

326 4153 682 4208 vitiositatem
717 4154 796 4216 ﬁt,
824 4156 1015 4224 utique
1035 4154 1226 4209 vitium
1254 4170 1318 4211 ac
1351 4157 1649 4227 nequitiam
1682 4171 1919 4227 praeesse

309 4252 524 4314 putant
549 4259 731 4300 rerum
761 4246 1050 4301 creationi.
1087 4246 1165 4302 Ac
1198 4248 1346 4302 circa
1378 4249 1522 4304 idem
1554 4249 1917 4320 quodammo-

327 4336 400 4390 do
429 4345 644 4406 tempus
674 4345 911 4408 utraque
944 4338 1220 4402 accidunt,
1251 4347 1313 4393 ut
1348 4350 1404 4394 et
1426 4339 1591 4395 homo
1614 4356 1681 4396 ex
1709 4341 1917 4411 nuptiis

328 4440 669 4497 procreetur,
702 4438 756 4485 et
785 4430 979 4486 animae
1026 4430 1283 4500 delapsus
1305 4446 1429 4487 cum
1466 4433 1776 4503 nuptiarum
1804 4444 1920 4489 stn-

407 4588 521 4661 (iil)
564 4589 719 4644 Οὐδὲ
755 4589 929 4654 αὐτή.
957 4591 999 4642 Α
1027 4590 1146 4643 οὐδὲ
1170 4591 1328 4661 αὓτη,

401 4659 513 4724 (20)
542 4660 807 4714 Πάντων.
838 4661 961 4726 Α,Β
989 4661 1208 4725 παντός.

404 4729 517 4802 (24)
555 4731 673 4799 Τὴν
699 4730 1000 4802 οὐράνιον.
1031 4730 1071 4782 Β
1095 4730 1156 4783 τὸ
1182 4732 1450 4802 οὐράνιον.

405 4800 518 4866 (22)
547 4802 760 4855 Φύσιν.
785 4800 932 4855 Delet
959 4800 1017 4854 Β.

404 4871 520 4943 (25)
554 4870 763 4938 Χώραν
795 4870 939 4943 ἔχει.
966 4872 1005 4923 Β
1025 4870 1137 4943 ἔχει
1168 4870 1372 4942 χώραν.

406 4940 517 5005 (24)
550 4944 617 4994 Et
640 4940 932 5009 ἐμπαθὴς.
962 4946 1004 4993 A
1026 4940 1371 5012 η’ἐμπαθής.

405 5011 520 5075 (23)
550 5012 835 5082 Φυροῦᾳι.
872 5011 936 5074 Λ,
974 5011 1303 5082 Βνφύρουσι.

364 5146 371 5151 Ι
407 5082 518 5148 (26)
562 5081 812 5147 nit-Inui).
842 5082 882 5132 Β
903 5081 1179 5152 ἀτρέπτῳ.

408 5154 518 5217 (27)
560 5153 815 5217 Τούτοις.
840 5152 881 5203 Β
906 5154 962 5203 ἐν
992 5152 1222 5214 τούτοις.

562 5222 991 5306 Amph-ovain.
1007 5222 1047 5273 Β
1060 5221 1506 5306 Ῑαραμένουσιν.

410 5292 523 5351 (:29)
562 5290 929 5356 Ἇπῴκησαν.
963 5293 1028 5355 Α,
1060 5293 1101 5344 Β
1138 5290 1450 5360 ἀπῴκισαν.

407 5360 524 5431 (ὅθ)
559 5360 852 5429 Ἀσφαυίῆ.
884 5361 923 5411 Β
951 5362 1029 5423 είς
1064 5364 1196 5431 ἀσφ.

409 5430 521 5498 (31)
564 5432 631 5487 Ἦ
657 5433 852 5483 κακία.
880 5433 948 5494 Α,
972 5432 1021 5501 Β
1046 5434 1103 5485 ἐν
1136 5432 1323 5501 κακίᾳ.

411 5502 522 5575 (ξεί)
555 5502 860 5575 Βρύσαᾳα.
885 5500 1245 5575 ᾼΫβρίσασαν,
1282 5500 1340 5563 Β,
1368 5500 1659 5575 βρύςασαν.

415 5573 527 5631 (53)
564 5571 887 5637 Οίνριανιωνν.
920 5572 958 5622 Β
985 5571 1343 5641 ἐπουρανίων.

414 5643 528 5711 (54)
568 5642 1050 5713 Ἀνωερτροῡνται.
1088 5645 1130 5695 Α
1158 5642 1598 5713 Ιζὰναῳύρονται.

416 5713 529 5779 (55)
569 5712 721 5781 Πρὸς
744 5713 1099 5779 κρείττονος.
1132 5716 1169 5767 Α
1204 5713 1243 5765 Β
1266 5712 1401 5791 apii;
1431 5714 1487 5766 τὸ
1515 5715 1780 5783 κρεῖττον.

2014 3789 2379 3861 δογματίζων,
2426 3790 2523 3844 καὶ
2552 3787 2751 3852 κακίας
2783 3788 2901 3856 (45)
2948 3790 3015 3858 τῇ
3065 3788 3298 3842 ἐκάστου
3321 3787 3483 3857 φύσει
3508 3788 3620 3859 τὴν

2016 3885 2193 3956 ἀρχὴν
2216 3881 2544 3954 ἐνδιδούσης.
2577 3883 2640 3936 Εἰ
2667 3881 2778 3954 γὰρ
2815 3879 2942 3935 οὔτε
2968 3880 3263 3951 ἄνθρωποι,
3284 3879 3410 3934 οὔτε
3442 3880 3616 3949 φυτὰ,

2015 3976 2141 4032 οὔτε
2198 3976 2540 4048 βοσκήματα,
2581 3974 2656 4046 μὴ
2688 3973 2866 4044 ψυχῆς
2890 3971 3099 4027 ἀνωθεν
3120 3973 3214 4026 ἐπὶ
3239 3971 3414 4026 ταῦτα
3433 3972 3619 4043 ἐμπε-

2020 4070 2225 4137 σούσης
2278 4068 2391 4139 (46)
2440 4067 2664 4137 φύονται
2704 4066 2858 4136 (47)·
2896 4067 2930 4134 ἡ
2959 4063 3017 4117 δὲ
3055 4062 3264 4126 πτῶσις
3292 4062 3380 4115 διὰ
3409 4060 3619 4126 κακίας

2017 4161 2246 4230 γίνεται.
2299 4159 2408 4227 ἀρα
2438 4158 2730 4227 κατάρχειν
2768 4156 2971 4208 οἴονται
3011 4152 3110 4222 τὴν
3149 4151 3346 4206 κακίαν
3374 4151 3474 4221 τῆς
3498 4150 3620 4205 τῶν

2019 4251 2190 4304 ὄντων
2230 4249 2560 4312 συστάσεως.
2589 4247 2699 4300 Καί
2744 4263 2862 4308 πως
2888 4244 3178 4314 συμϐαίνει
3208 4242 3350 4297 κατά
3380 4242 3474 4296 τὸν
3505 4243 3619 4296 αὑ-

2018 4343 2110 4396 τὸν
2140 4341 2329 4413 χρόνον
2365 4339 2649 4410 ἀμφότερα
2670 4338 2806 4407 (48),
2846 4337 2940 4389 καὶ
2990 4336 3276 4404 ἄνθρωπον
3321 4336 3387 4387 ἐκ
3425 4334 3618 4405 γάμου

2019 4432 2271 4503 φύεσθαι,
2299 4431 2395 4485 κα).
2422 4431 2519 4502 τῆς
2554 4430 2731 4500 ψυχῆς
2764 4429 2861 4500 τὴν
2889 4428 3242 4483 κατάπτωσιν
3272 4429 3339 4499 τῇ
3378 4426 3474 4481 τοῦ
3510 4427 3618 4495 γά-

2101 4591 2214 4660 (56)
2255 4588 2652 4654 Ἐνδιὸόντος.
2740 4587 3060 4660 (ἐνδιδόντες.

2098 4652 2209 4731 (37)
2234 4660 2381 4726 Miid‘
2407 4660 2561 4731 ὅσοι.
2592 4652 2632 4712 Ᾱ
2670 4658 2806 4731 ἀλλὰ
2834 4658 2955 4731 μηδ’
2986 4659 3131 4731 figet;
3175 4652 3539 4725 μεταϐαίνειν.
3572 4652 3618 4707 Β

2025 4727 2219 4809 eodem
2242 4731 2425 4809 modo,
2452 4730 2557 4809 nisi
2588 4729 2735 4809 quod
2765 4727 2971 4782 omittit
2996 4727 3153 4781 ἀλλά.

2096 4802 2211 4866 (38)
2242 4802 2357 4853 Ἐκ.
2385 4800 2427 4850 Β
2456 4800 2521 4851 ἐκ
2558 4800 2684 4852 τῶν.

2098 4872 2213 4940 (59)
2234 4871 2462 4940 Δοκείη.
2504 4870 2569 4934 Δ,
2599 4871 2640 4921 Β
2671 4869 2817 4940 δοκεῖ
2842 4867 2875 4938 ῆ
2900 4866 3235 4940 τδέμπαλιν.

2096 4931 2564 5010 (4Ο)Λέγουὸίν.’
2599 4942 2643 4992 Λ
2699 4931 2878 5008 λέγειν
2909 4931 3317 5010 πᾴλινλῲς-τῆς
3351 4931 3614 5010 ἀληθείας

2027 5004 2408 5082 ἠστοχηκέναι.
2458 5010 2501 5061 Β
2553 5004 2879 5079 λέγειν,’ὠς
2916 5008 3015 5078 τῆς
3072 5006 3233 5077 ἀληθ.
3274 5004 3615 5077 ἐστοχασμέο

2027 5098 2158 5132 νοις.

2105 5098 2218 5220 δι)
2270 5151 2329 5202 Ἀ
2338 5150 2821 5220 κολουθήσῳμεγ.
2845 5147 3361 5220 Βᾶκολουθήσομεν.

2097 5218 2233 5285 (41⁴)
2260 5223 2342 5273 Οὺ
2375 5220 2567 5287 μόνον
2593 5218 2697 5283 τῷ.
2728 5220 2803 5271 Οὑ
2840 5219 2997 5289 μόνον
3023 5218 3110 5271 διὰ
3137 5218 3201 5271 τό

2100 5290 2213 5361 (42)
2237 5292 2541 5361 Ἂστατος.
2568 5291 2609 5341 Β
2630 5290 2858 5352 ἄστατός
2887 5305 2969 5343 τε.

2098 5360 2207 5424 (i5)
2242 5360 2526 5426 Ὀλίῖγος.
2562 5364 2590 5413 ὁ
2620 5361 2763 5415 delet
2786 5362 2850 5414 A.

2096 5433 2208 5502 (H)
2241 5430 2483 5502 'Eapté).
2510 5431 2549 5481 Β
2581 5430 2750 5499 αὐτῷ.

2097 5500 2211 5567 (4.3)
2246 5500 2352 5552 Καὶ
2381 5503 2617 5566 κακίας.
2648 5503 2709 5564 Λ,
2748 5502 2788 5552 Β
2821 5500 2895 5570 μὴ
2919 5502 3140 5561 κακίας.

2099 5572 2210 5641 (ili)
2247 5570 2705 5642 'l-Iynscoéonc._
2723 5573 2787 5633 Δ,
2812 5572 2853 5625 Β
2879 5572 3172 5642 πεσούσης.

2096 5640 2208 5709 (47)
2245 5644 2521 5694 ditiorem.
2556 5642 2614 5692 Β.
2640 5640 2893 5708 φύοντας.

2098 5711 2210 5783 (48)
2235 5713 2463 5780 Χρόνον
2494 5712 2813 5781 aligera/iu.
2852 5712 2890 5764 Β
2914 5713 3201 5784 ἀμφύτερα
3224 5712 3440 5786 χρόνον.
