3844 6226
322 241 385 305 Η
398 247 431 302 5
1540 252 1599 310 S.
1640 251 1971 310 οιιεοοιιιι
2009 252 2054 310 Ν
2066 254 2101 310 Υ
2111 255 2317 315 SSENI

3525 267 3636 325 116

322 363 485 418 miles
512 369 565 418 et
593 363 792 435 abjecti
833 365 990 436 ﬁunt,
1049 377 1105 426 et
1154 370 1221 426 ad
1265 377 1468 442 terram
1508 370 1766 440 depressi.
1793 386 1913 427 cum

2071 375 2166 448 ὒτὴ
2192 376 2305 448 (19)
2345 378 2519 448 παγία
2560 379 2806 453 διαμένει
2854 383 3018 458 μέχρι
3054 385 3273 442 πάντων
3295 384 3412 457 (20)
3441 384 3640 449 αὐτοῖς

320 457 689 513 crassitudine
711 462 1014 519 materialis
1038 473 1249 519 natura:
1264 463 1715 520 commiscentur.
1739 464 1913 534 Atque

2084 468 2327 523 ὑπόνοια.
2357 469 2421 524 Εἰ
2449 470 2557 544 γὰρ
2572 473 2841 543 ἄτρεπτον
2866 457 2971 548 τὴν
2985 478 3242 549 οὐράνιον
3269 477 3383 549 (21)
3404 477 3637 545 λέγουσι

322 546 587 604 hactenus
641 549 884 606 nondum
918 554 1175 609 consistit
1208 553 1480 624 ejusmodi
1514 554 1913 610 sententiarum

2071 556 2190 611 ύσιν
2220 558 2356 630 (22),
2389 559 2508 625 πῶς
2555 561 2740 633 χώραν
2762 563 2876 634 ἔχει
2916 546 3028 638 (ea)
3057 546 3138 621 ιν
3166 566 3247 639 τῷ
3273 546 3537 637 ἄτρεπτῳ
3566 567 3638 620 τδ

319 647 483 705 atque
514 642 889 700 doctrinarum
908 646 1247 713 absurditas,
1281 655 1339 702 ut
1373 648 1427 701 in
1453 648 1793 702 contrarium
1822 646 1913 701 in-

2071 645 2233 715 άθος;
2266 649 2377 702 Καὶ
2417 651 2468 704 εί
2513 653 2767 725 ἐμπαθὴς
2802 655 2916 727 (24)
2947 659 2980 731 ἡ
3012 659 3165 714 κάτω
3199 659 3382 730 φύσις,
3415 658 3537 723 πῶς
3568 660 3634 713 ὲν

318 747 492 788 versae
518 735 631 789 sint
662 738 969 807 opiniones.
1011 738 1118 796 Sed
1149 755 1217 796 ne
1248 740 1365 795 haec
1394 738 1617 808 quidem
1648 745 1913 811 perpetuo

2071 739 2100 812 ξ)
2156 741 2388 814 παθητῷ
2443 745 2802 819 κατορθοῦται
2863 752 2898 822 ἡ
2959 750 3237 818 audeam;
3289 751 3455 807 Ἀλλά
3516 769 3633 822 φυ-

318 834 469 880 eerta
493 829 816 902 stabilisque
831 833 913 890 eis
942 833 1263 905 imaginatio
1286 833 1581 906 opinioque
1611 841 1913 905 permanet.

2071 831 2180 891 δῦσι
2210 834 2324 904 (25)
2353 834 2423 891 τὰ
2453 836 2684 906 ἄμικτα,
2711 841 2808 895 καὶ
2846 841 3024 897 ἐνοῦσι
3054 843 3125 898 τὰ
3164 842 3533 916 ἀκοινώνητα,
3564 844 3634 898 ἐν

316 916 455 971 Nam
475 919 521 974 si
550 921 947 980 immutabilem
965 924 1156 981 dicunt
1181 927 1462 982 caelestem
1484 940 1610 982 esse
1635 932 1913 991 naturam,

2071 921 2188 982 άοει
2227 922 2289 978 τὸ
2332 925 2622 996 ἄτρεπτον,
2654 930 2749 984 καὶ
2805 931 2866 986 ὲν
2918 930 2997 1002 τῷ
3052 933 3273 1004 τρεπτῷ
3299 933 3416 1005 (26)
3457 933 3633 989 πάλιν

318 1025 429 1077 ιμιο
465 1021 624 1081 pacto
680 1015 734 1071 in
784 1015 1108 1073 immutabili
1149 1019 1336 1088 passio
1386 1024 1443 1074 et
1478 1016 1697 1073 affectio
1736 1017 1913 1074 locum

2071 1014 2370 1087 τθορῶντες
2382 1017 2483 1090 τὴν
2499 1019 2788 1075 ἀπάθειαν.
2808 1021 2917 1075 Καὶ
2945 1021 3067 1075 οὐδὲ
3085 1023 3299 1088 τούτοις
3309 1023 3425 1095 (27)
3446 1024 3635 1077 εἰσαεὶ

304 1099 522 1158 habet?
555 1104 798 1177 itemque
858 1108 907 1165 si
946 1108 1243 1167 all‘ectibus
1271 1117 1326 1167 et
1357 1111 1506 1168 vitiis
1543 1110 1781 1166 obnoxia
1837 1116 1913 1165 est

2071 1107 2370 1177 ,αμένουσιν
2424 1109 2537 1181 (28)
2563 1127 2578 1142 ο
2637 1111 2755 1164 ἀλλ’
2801 1111 2927 1168 ὅθεν
2949 1114 3052 1186 τὴν
3094 1115 3274 1188 ψυχὴν
3304 1115 3395 1169 διὰ
3418 1115 3634 1180 κακίας

318 1191 536 1249 inferna
566 1205 785 1268 natura,
818 1216 929 1272 quo
999 1211 1162 1274 pacto
1216 1203 1273 1258 in
1302 1218 1371 1260 eo
1422 1203 1570 1275 quod
1626 1201 1913 1268 affectibus

2071 1196 2324 1270 τῲκησαν
2361 1199 2497 1270 (29).
2530 1203 2709 1256 ἐκεῖσε
2741 1204 2905 1259 πάλιν
2935 1205 3106 1278 αὐτὴν
3144 1206 3222 1271 ὡς
3249 1206 3631 1278 ἀσφαλῆτβθ)

317 1288 616 1343 obnoxium
641 1299 750 1358 est,
776 1293 1095 1362 passionum
1123 1302 1289 1365 atque
1322 1293 1618 1352 all'ectuum
1665 1294 1913 1351 vacuitas

2071 1288 2111 1342 ιὶ
2157 1291 2437 1362 ἀκήρατον
2478 1292 2624 1365 ζωὴν
2682 1296 2748 1350 ἐκ
2794 1296 2898 1367 τῆς
2955 1296 3150 1368 ὑλικῆς
3201 1294 3630 1363 ἀνοικίζουσιν,

316 1385 372 1430 ‹-ι
410 1379 638 1435 abolitio
692 1384 890 1440 conﬁci
930 1395 1096 1457 atque
1129 1386 1376 1457 expediri
1434 1386 1652 1457 potest?
1709 1383 1911 1442 Verum

2071 1396 2205 1450 σπερ
2248 1380 2630 1454 ἐπιλαθόμενοι
2669 1385 2730 1439 τὸ
2773 1386 2987 1442 ἐκεῖθεν
3014 1387 3184 1460 αὐτὴν
3216 1389 3250 1458 ἡ
3292 1386 3467 1442 κακία
3496 1386 3631 1457 (3|)

317 1472 651 1539 permiscent
705 1490 767 1530 ea
828 1478 1234 1547 quan-misceri
1278 1493 1388 1534 non
1441 1485 1695 1549 possunt.
1748 1485 1913 1548 ειῑίιιιο

2071 1472 2266 1525 »ύσασα
2294 1471 2433 1542 (52),
2458 1475 2526 1545 τῇ
2549 1474 2699 1529 κάτω
2721 1477 3126 1551 καταμικθῆναι
3150 1477 3337 1549 φύσει.

320 1563 516 1619 uniunt
539 1583 601 1621 ca
626 1569 830 1639 quibus
882 1571 1027 1627 inter
1075 1587 1136 1628 se
1167 1572 1318 1627 nulla
1384 1570 1700 1628 connuunio
1731 1576 1851 1635 est;
1909 1567 1964 1621 in
2004 1564 2291 1622 alit-ctione
2321 1567 2842 1638 immutabilitatem,
2879 1571 2936 1626 in
2959 1571 3205 1627 mutabili
3242 1585 3443 1628 rursus
3480 1583 3628 1641 pas-

304 1658 541 1719 .sionum
574 1669 630 1717 et
655 1661 946 1718 all‘ectuum
981 1663 1335 1719 abolitionem
1365 1673 1417 1719 et
1451 1662 1780 1718 vacuitatem
1822 1657 2209 1728 imaginantes.
2251 1659 2330 1714 Ac
2366 1675 2438 1716 ne
2489 1661 2547 1716 in
2579 1659 2667 1718 his
2733 1663 2955 1732 quidem
3008 1678 3230 1735 semper
3288 1671 3629 1735 permanent

317 1766 381 1807 ac
417 1762 804 1820 perseverant;
870 1755 964 1810 sed
1001 1756 1146 1811 unde
1212 1756 1452 1811 animam
1492 1770 1589 1826 per
1626 1754 1819 1809 vitium
1889 1758 1944 1807 ct
1980 1750 2281 1820 nequitiam
2320 1752 2689 1819 deduxerunt,
2720 1753 2817 1809 illo
2845 1769 3040 1812 rursus
3082 1771 3204 1814 eam
3234 1764 3496 1827 tanquam
3564 1752 3627 1808 in

315 1851 490 1900 tutam
519 1854 574 1900 ct
604 1847 965 1903 immortalem
996 1850 1162 1903 vitam
1208 1865 1277 1905 ex
1306 1849 1574 1905 materiali
1616 1847 1909 1911 reducunt,
1945 1842 2105 1915 quasi
2154 1842 2309 1900 obliti
2356 1844 2502 1915 quod
2586 1844 2886 1903 vitiositate
2940 1858 3164 1919 gravata
3213 1846 3366 1904 illine
3450 1841 3627 1918 quasi

317 1936 514 2018 pennis
537 1939 759 1995 amissis
793 1940 980 1998 inferat
1007 1941 1298 1999 commista
1327 1950 1540 1997 naturae
1569 1941 1664 1998 sit.

389 2034 574 2106 Itaque
605 2035 931 2093 obtrectatio
959 2046 1013 2093 et
1044 2038 1376 2109 vituperatio
1423 2038 1592 2110 hujus
1615 2037 1764 2103 vitae,
1799 2049 1912 2091 cce-

2090 2030 2168 2084 Ἤ
2196 2046 2254 2083 τε
2281 2025 2375 2085 οὖν
2403 2030 2624 2104 διαϐολὴ
2666 2030 2761 2086 τοῦ
2790 2030 2917 2104 τῇδε
2945 2031 3084 2103 βίου,
3117 2032 3217 2087 καὶ
3254 2034 3284 2087 ὁ
3304 2032 3414 2088 τῶν
3444 2032 3628 2105 ούρα-

317 2125 653 2195 lestiumque
682 2140 746 2182 ac
773 2142 1100 2197 superorum
1127 2128 1248 2184 laus
1267 2129 1411 2188 inter
1429 2144 1552 2185 sese
1571 2125 1917 2183 confundun-

316 2225 409 2271 tur
437 2224 493 2272 et
519 2217 970 2283 commiscentur,
1043 2219 1247 2290 quippe
1274 2234 1401 2295 cum
1431 2219 1525 2274 illa
1558 2217 1781 2289 quidem
1807 2217 1916 2271 vita

316 2324 441 2378 «μιεε
468 2311 610 2366 male
633 2310 785 2366 audit
810 2318 867 2366 et
900 2310 1129 2368 infamia
1160 2310 1395 2377 laborat,
1436 2310 1563 2366 boni
1594 2311 1675 2382 (ut
1698 2308 1914 2364 illorum

318 2403 508 2472 opinio
526 2403 651 2474 (ert)
679 2412 873 2458 auctor
893 2411 948 2458 et
965 2403 1075 2458 dux
1103 2404 1210 2471 sit;
1232 2418 1356 2475 quae
1371 2411 1551 2459 autem
1574 2415 1672 2472 pro
1690 2399 1916 2456 meliore

321 2496 580 2559 habetur,
638 2495 1032 2565 propensiouis
1059 2495 1128 2549 ad
1180 2495 1385 2549 malum
1421 2508 1616 2549 ansam
1652 2501 1706 2547 et
1751 2505 1915 2547 occa-

318 2590 530 2642 sionem
554 2587 751 2642 animze
781 2586 892 2642 det.
947 2583 1219 2653 Quocirca
1247 2583 1521 2657 ejicienda
1561 2599 1630 2639 ex
1662 2581 1914 2638 doctrina

318 2678 567 2734 veritatis
587 2678 768 2734 omnis
800 2676 940 2733 falsa
979 2679 1186 2748 pariter
1204 2685 1269 2749 let
1306 2675 1585 2733 instabilis
1628 2674 1697 2730 de
1721 2672 1915 2743 hujus-

300 2767 466 2829 ;modi
492 2768 660 2824 rebus
706 2768 995 2839 persuasio
1028 2766 1114 2824 es't
1146 2787 1162 2824 :
1199 2783 1265 2823 ac
1314 2784 1381 2823 ne
1409 2769 1534 2822 illos
1577 2766 1798 2838 quidem
1830 2781 1917 2821 se-

318 2874 575 2928 quamur,
631 2861 834 2931 quibus
863 2860 1076 2915 animas
1101 2875 1169 2916 ex
1187 2860 1549 2917 muliebribus
1589 2859 1915 2930 corporibus

304 2950 386 3004 al
416 2951 627 3006 virilem
683 2954 849 3007 vitam
882 2954 1123 3009 transire
1153 2953 1328 3023 placet
1357 2970 1373 3020 ;
1400 2962 1498 3007 aut
1534 2962 1727 3008 contra
1760 2967 1792 3006 a
1833 2952 1917 3007 vi-

302 3046 514 3100 -rilibus
593 3046 921 3116 corporibus
981 3054 1266 3115 separatas
1316 3046 1530 3101 animas
1612 3046 1755 3099 intra
1804 3059 1914 3099 mu-

319 3135 486 3191 lieres
529 3135 726 3207 redigi,
780 3137 1069 3191 autetiam
1100 3134 1168 3190 ad
1205 3136 1353 3192 viros
1403 3150 1469 3190 ex
1497 3134 1630 3190 viris
1655 3133 1916 3198 transire,

319 3239 376 3282 ct
405 3246 472 3285 ex
509 3228 832 3286 mulieribus
861 3244 1057 3284 rursus
1088 3227 1203 3284 lieri
1236 3229 1516 3291 mulieres,
1552 3227 1647 3284 sed
1678 3226 1822 3291 illos,
1855 3235 1917 3281 ut

318 3337 418 3376 eos
445 3322 536 3391 qui
573 3336 603 3375 a
640 3321 873 3377 veritate
921 3320 1321 3384 aberraverint,
1369 3318 1574 3385 missos
1620 3316 1911 3373 faciamus.

2020 2122 2151 2176 νίων
2179 2122 2291 2192 (55)
2324 2122 2546 2188 ἔπαινος
2592 2124 2650 2177 ὲν
2678 2123 2930 2195 ἀλλήλοις
2972 2123 3316 2194 συγχέονται,
3343 2126 3437 2180 καὶ
3469 2126 3629 2181 ἀνω-

2020 2214 2314 2285 φεροῦνται
2365 2215 2503 2287 (54),
2552 2214 2647 2269 τοῦ
2704 2216 2803 2286 μὲν
2851 2215 3277 2288 διαϐεϐλημένου
3329 2216 3475 2272 κατὰ
3512 2217 3628 2290 τὴν

2019 2306 2243 2360 ἐκείνων
2273 2305 2434 2374 δόξαν
2459 2304 2623 2377 νπρδς
2650 2307 2712 2361 τὸ
2747 2307 2912 2361 καλὸν
2948 2307 3363 2379 καθηγουμένου
3386 2325 3400 2340 ν
3433 2308 3530 2362 τοῦ
3556 2310 3629 2364 δὲ

2019 2398 2158 2471 πρὸς
2181 2399 2490 2470 κρείττονος
2511 2400 2623 2473 (55}
2649 2400 3057 2472 ύπειλημμὲνου
3082 2400 3182 2473 τὴν
3204 2401 3460 2474 ἀφορμὴν
3475 2402 3595 2455 ὲνδι
3610 2432 3630 2445 ο

2020 2489 2203 2554 δόντος
2226 2491 2337 2561 (36)
2371 2493 2437 2563 τῇ
2473 2492 2619 2564 ψυχῇ
2658 2492 2756 2563 τῆς
2792 2492 2929 2563 πρὸς
2954 2492 3017 2546 τὸ
3037 2495 3227 2565 χεῖρον
3244 2493 3439 2563 ῥοπῆς.
3468 2493 3627 2548 Οὐκ-

2016 2581 2110 2636 οῦν
2138 2582 2408 2652 ὲκϐλητέα
2449 2583 2559 2637 τῶν
2600 2583 2698 2655 τῆς
2724 2582 2984 2655 ἀληθείας
3020 2584 3307 2656 δογμάτων
3336 2586 3490 2640 πᾶσα
3516 2603 3625 2639 πε-

2018 2673 2336 2746 πλανημένη
2368 2693 2429 2728 τε
2458 2675 2553 2732 καὶ
2579 2674 2890 2729 ἀστατοῦσα
2917 2675 3044 2748 περὶ
3076 2676 3183 2730 τῶν
3202 2676 3460 2731 τοιούτων
3487 2679 3629 2733 ὑπό-

2019 2766 2220 2838 ληψιςσ
2264 2767 2552 2839 μήθ”ὃσοι
2600 2766 2715 2838 (57)
2764 2767 3115 2821 καταϐαίνειν
3158 2770 3224 2822 ἐκ
3263 2768 3374 2841 (38)
3418 2786 3625 2839 γυναι-

2015 2860 2181 2915 κείων
2230 2860 2498 2931 σωμάτων
2533 2858 2671 2931 πρὸς
2722 2859 2821 2931 τὴν
2849 2857 3096 2931 ἀνδρώδη
3130 2860 3279 2932 ζωὴν
3301 2860 3401 2924 τὰς
3431 2860 3627 2931 ψυχὰς

2015 2954 2196 3026 δοκείη
2223 2953 2338 3026 (59)
2371 2955 2434 3007 τὸ
2482 2952 2721 3024 ἔμπαλιν
2755 2953 2813 3009 ἑν
2846 2952 3064 3022 γυναιξὶ
3107 2952 3354 3021 γίνεσθαι
3379 2955 3479 3016 τὰς
3503 2953 3627 3007 τῶν

2016 3045 2286 3117 ἀνδρικῶν
2332 3045 2606 3117 σωμάτων
2632 3045 2995 3117 χωρισθείσας
3027 3044 3225 3117 ψυχὰς,
3270 3045 3305 3119 ἢ
3340 3047 3436 3100 καὶ
3474 3046 3627 3118 etp);

2017 3137 2215 3211 ἄνδρας
2247 3138 2305 3205 ἐξ
2355 3137 2567 3209 ἀνδρῶν
2599 3136 2967 3208 μεταϐαίνειν,
3007 3138 3103 3192 καὶ
3124 3139 3392 3206 γυναῖκας
3414 3139 3480 3192 ὲκ
3512 3156 3623 3207 γυ-

2002 3247 2217 3283 ’ναικων
2232 3229 2474 3300 γίνεσθαι
2496 3228 2746 3297 λέγουσιν
2770 3229 2907 3300 (40),
2938 3229 3015 3293 ῶς
3043 3229 3145 3300 τῆς
3168 3229 3429 3300 ἀληθείας
3452 3230 3591 3283 ὲσιτο
3607 3259 3623 3269 -

2018 3322 2325 3393 χασμένους
2354 3321 2811 3391 ἀκολουθήσωμεν
2833 3319 2970 3387 (41).
3007 3321 3064 3374 'U
3088 3320 3188 3391 μὲν
3210 3320 3322 3388 γὰρ
3342 3320 3623 3392 πρότερος

300 3411 456 3465 Nam
486 3413 635 3482 prior
657 3412 878 3482 quidem
913 3412 1121 3482 opinio,
1156 3427 1267 3466 non
1307 3411 1488 3467 solum
1530 3408 1678 3481 quod
1710 3420 1763 3465 et
1819 3406 1903 3464 i'u-

2111 3413 2271 3485 μόνον
2303 3412 2383 3484 τῷ
2406 3412 2540 3484 (Μ’)
2568 3411 2801 3476 ἄστατος
2850 3411 2963 3482 (42)
3004 3411 3100 3466 καὶ
3156 3410 3437 3482 ἀπατηλὸς
3468 3406 3622 3465 εἶναι

321 3503 537 3558 stabilis
582 3512 636 3558 et
686 3503 850 3557 fallax
882 3503 979 3569 sit,
1025 3503 1317 3573 reprobata
1366 3510 1472 3569 est,
1497 3517 1622 3558 cum
1670 3503 1787 3573 ipsa
1816 3516 1914 3572 per

2014 3505 2428 3577 ἀπεδοκιμάσθη
2460 3507 2490 3560 ὁ
2519 3504 2675 3573 λόγος
2712 3504 3026 3576 (45),αύτδς
3047 3505 3105 3556 ἐν
3131 3502 3310 3574 ἑαυτῷ
3333 3503 3448 3573 (44)
3470 3503 3623 3574 πρὸς

322 3610 445 3651 sese
481 3604 704 3666 propter
732 3596 1045 3653 contrarias
1080 3598 1372 3667 Opiniones
1392 3604 1694 3662 evertatur,
1721 3609 1910 3652 verum

2071 3616 2107 3661 rt;
2134 3595 2382 3660 ἐναντίας
2413 3595 2712 3668 ὑπολήψεις
2740 3595 3227 3667 περιτρεπόμενος,
3265 3593 3383 3648 ἀλλ’
3405 3595 3490 3647 ὅτι
3514 3594 3622 3648 καὶ

319 3687 485 3741 ctiam
514 3688 658 3757 quod
682 3688 848 3760 impia
874 3699 981 3754 est,
1009 3699 1066 3745 ut
1087 3706 1210 3760 qua:
1244 3687 1446 3753 tradat,
1486 3687 1622 3742 nihil
1654 3686 1709 3742 in
1726 3701 1910 3744 rerum

321 3784 575 3832 naturam
636 3778 888 3849 produci,
926 3782 1033 3838 nisi
1060 3780 1330 3836 vitiositas
1370 3779 1699 3851 principium
1722 3779 1910 3851 cujus-

305 3886 429 3939 -que
463 3880 672 3927 natura:
728 3872 840 3928 det.
889 3872 1026 3927 Nam
1078 3874 1122 3928 si
1170 3887 1345 3942 neque
1405 3872 1677 3936 homines,
1736 3887 1913 3943 neque

321 3963 545 4031 plantae,
577 3977 755 4032 neque
806 3977 1023 4032 pecora,
1074 3962 1182 4017 nisi
1210 3976 1448 4032 superne
1480 3962 1535 4016 in
1577 3961 1693 4017 lucc
1728 3962 1912 4017 anima

308 4040 548 4121 delapsa
572 4051 755 4116 fuerit,
787 4061 1116 4115 nascuntur,
1159 4054 1344 4122 lapsus
1390 4060 1572 4109 autem
1598 4053 1647 4109 is
1693 4060 1916 4123 propter

322 4141 679 4197 vitiositatem
712 4143 792 4206 fit,
822 4144 1011 4213 utique
1033 4143 1224 4197 vitium
1252 4158 1316 4198 ac
1349 4144 1646 4215 nequitiam
1681 4159 1916 4214 praeesse

306 4240 521 4303 putant
545 4247 727 4288 rerum
758 4234 1047 4289 creationi.
1084 4234 1163 4290 Ae
1195 4237 1344 4291 circa
1376 4237 1519 4293 idem
1552 4238 1914 4308 quodammo-

324 4324 397 4378 do
425 4333 641 4395 tempus
671 4334 908 4396 utraque
941 4326 1217 4390 accidunt.
1249 4335 1310 4381 ut
1345 4338 1401 4383 et
1424 4326 1588 4383 homo
1611 4344 1679 4384 ex
1707 4328 1914 4399 nuptiis

325 4428 666 4485 procreetur,
698 4427 753 4473 et
781 4419 976 4474 anima:
1023 4419 1280 4489 delapsus
1301 4433 1425 4479 cum
1463 4421 1773 4490 nuptiarum
1802 4432 1916 4477 stu-

403 4577 517 4649 (iil)
561 4577 716 4632 Οὐδὲ
752 4578 926 4643 αὐτή.
954 4579 996 4631 Α
1024 4578 1143 4632 οὐδὲ
1166 4579 1324 4649 αὕτη,

397 4648 510 4713 (20)
539 4649 804 4703 Πάντων.
835 4649 959 4714 A,B
986 4649 1205 4713 παντός.

399 4718 514 4791 (2))
552 4719 670 4788 Τὴν
696 4718 998 4791 οὐράνιον.
1027 4718 1069 4770 Β
1092 4718 1153 4771 τὸ
1179 4721 1446 4791 οὐράνιον.

401 4789 514 4855 (22)
543 4790 755 4843 Φύσιν.
780 4789 929 4844 Delet
956 4788 1014 4843 Β.

401 4860 516 4932 (25)
550 4858 758 4932 Χώραν
790 4859 936 4932 ἔχει.
963 4860 1003 4911 Β
1023 4858 1133 4932 ἔχει
1165 4858 1368 4931 χώραν.

403 4930 514 5001 (24)
546 4933 613 4983 El
636 4929 928 4999 ἐμπαθὴς.
959 4934 1001 4982 Α
1024 4929 1367 5001 ηεμπαθής.

402 5000 516 5072 (23)
546 5001 933 5072 ΦυροῦᾳιχΛ,
970 5001 1027 5072 Β
1047 5000 1300 5072 φύρουσι.

361 5136 369 5141 ο
404 5070 515 5137 (215)
558 5070 808 5135 Τρεπτῷ.
837 5071 878 5122 Β
900 5070 1176 5141 ἀτρέπτῳ.

404 5142 515 5207 (27)
556 5142 811 5206 Τούτοις.
836 5141 877 5191 Β
902 5143 959 5192 ἐν
978 5140 1219 5204 τούτοις.

557 5211 1044 5296 ρία,ιίένουσιν.ΔΒ
1058 5210 1502 5296 ἕαραμένουσιν.

406 5282 519 5341 (211)
557 5279 925 5350 Ἀπῴκησαν.
960 5282 1025 5343 Α,
1058 5283 1098 5334 Β
1134 5279 1447 5350 ἀπῴκισαν.

404 5351 520 5420 (50)
554 5349 849 5418 Ἀσφωὶῆ.
881 5351 919 5401 Β
948 5353 1026 5413 είς
1060 5355 1192 5420 ὰσφ.

406 5419 517 5487 (51)
561 5420 626 5474 Ἦ
653 5422 848 5472 κακία.
878 5422 945 5483 Α,
978 5421 1017 5472 Β
1043 5424 1099 5474 ὲν
1132 5419 1319 5490 κακία.

552 5490 857 5564 ἱδρύσασα.
882 5491 1241 5564 ᾼγβρίσασαν.
1277 5488 1336 5553 Β,
1364 5488 1656 5564 βρύσασαν.

412 5562 523 5619 (53)
560 5560 884 5625 Οίνριιιοιωλν.
917 5561 955 5611 Β
982 5560 1338 5630 ἐπουρανίων.

411 5631 525 5700 (5i)
564 5631 1046 5702 Ἀνῳίρεμοῦνταα
1086 5634 1126 5684 Λ
1154 5633 1191 5681 Β
1208 5631 1594 5702 ἁναφύρονται.

413 5702 525 5769 (55)
564 5701 718 5770 Πρὸς
741 5701 1096 5768 κμίττονος.
1128 5705 1165 5755 Α
1199 5702 1239 5754 Β
1262 5701 1398 5779 πρὸς
1427 5703 1483 5755 τὸ
1510 5704 1777 5773 κρεῖττον.

2009 3688 2223 3754 ἀσεϐῶς
2254 3689 2388 3761 ἔχει,
2438 3688 2604 3759 μηδὲν
2645 3686 2757 3740 τῶν
2802 3685 2973 3741 ὄντων
3021 3687 3100 3751 είς
3123 3685 3342 3755 γένεσιν
3374 3684 3620 3753 ἄγεσθαι

2011 3777 2376 3849 δογματίζων,
2424 3779 2520 3833 καὶ¹
2550 3775 2749 3840 κακίας
2781 3776 2898 3846 (45)
2945 3779 3012 3847 τῇ
3063 3776 3295 3832 ἑκάστου
3318 3775 3480 3846 φύσει
3505 3777 3620 3848 τὴν

2013 3872 2190 3944 ἀρχὴν
2214 3870 2542 3943 ἐνδιδούσης.
2575 3872 2637 3924 Εἰ
2664 3870 2776 3942 γὰρ
2813 3868 2940 3923 οὔτε
2965 3868 3261 3940 ἄνθρωποι,
3282 3868 3407 3922 οὔτε
3439 3869 3617 3938 φυτὰ,

2012 3964 2137 4020 οὔτε
2195 3964 2537 4036 βοσκήματα,
2579 3964 2654 4035 μὴ
2686 3961 2864 4034 ψυχῆς
2887 3960 3096 4016 ἄνωθεν
3117 3962 3210 4015 ἐπὶ
3236 3961 3411 4016 ταῦτα
3430 3961 3620 4031 ἐμπε-

2018 4058 2223 4124 σούσης
2275 4056 2388 4128 (46)
2437 4055 2662 4126 φύονται
2702 4055 2856 4124 (47)·
2893 4055 2927 4123 ἡ
2957 4051 3015 4105 δὲ
3053 4051 3261 4115 πτῶσις
3288 4050 3378 4105 διὰ
3405 4050 3621 4115 κακίας

2015 4150 2243 4218 γίνεται.
2297 4147 2406 4216 ἄρα
2435 4147 2728 4215 κατάρχειν
2766 4144 2968 4197 οἴονται
3008 4140 3107 4211 τὴν
3146 4140 3343 4195 κακίαν
3370 4140 3471 4210 τῆς
3495 4140 3619 4195 τῶν

2016 4238 2187 4292 ὄντων
2228 4238 2558 4299 συστάσεως.
2587 4235 2697 4288 Καί
2742 4251 2859 4296 πως
2886 4232 3175 4302 συμϐαίνει
3206 4230 3348 4286 κατά
3378 4231 3471 4285 τδν
3501 4232 3618 4285 ab-

2014 4331 2107 4385 τὸν
2138 4330 2326 4401 χρόνον
2362 4327 2647 4399 ἀμφότερα
2668 4326 2803 4395 (48),
2844 4325 2938 4377 καὶ
2987 4324 3273 4392 ἄνθρωπον
3318 4324 3384 4376 ὲκ
3422 4322 3617 4393 γάμου

2016 4420 2269 4491 φύεσθαι,
2296 4420 2392 4474 καὶ
2419 4420 2517 4491 τῆς
2551 4418 2728 4489 ψυχῆς
2761 4417 2858 4489 τὴν
2886 4416 3240 4471 κατάπτωσιν
3270 4417 3336 4487 τῇ
3375 4414 3470 4468 τοῦ
3506 4415 3616 4484 γά-

2098 4579 2211 4647 (36)
2253 4577 2648 4644 Ἐνδιδόντος.
2675 4578 2716 4629 Β
2745 4576 3057 4638 ἐνδιδόντες.

2095 4640 2207 4717 (37)
2231 4648 2378 4714 Miitj‘
2405 4648 2558 4703 ὅσοι.
2588 4640 2629 4701 Ᾱ
2667 4647 2803 4701 ἀλλὰ
2831 4646 2952 4718 μηδ’
2983 4647 3128 4718 ὅσοις
3172 4640 3537 4714 μεταϐαίνειν.
3571 4641 3616 4696 Β

2022 4715 2215 4799 curifin
2239 4719 2422 4799 modo,
2448 4718 2555 4799 nisi
2586 4718 2732 4799 quod
2763 4715 2968 4772 omittit
2993 4715 3151 4769 ἀλλά.

2094 4790 2208 4855 (58)
2239 4790 2354 4841 Ἐκ.
2383 4789 2425 4839 Β
2453 4788 2519 4840 ὲκ
2555 4788 2681 4841 τῶν.

2096 4854 2210 4929 (59)
2231 4860 2460 4929 Δοκείη.
2502 4858 2566 4922 Δ,
2597 4860 2637 4910 Β
2668 4858 2813 4929 δοκεῖ
2839 4856 2871 4927 ἢ
2897 4854 3233 4929 cereum.

2094 4919 2567 5007 (40)Λᾴγουον-ιγ.ζ
2697 4919 2874 5007 λέγειν
2905 4919 3314 5007 πᾲλινθῴςλτῆς
3347 4919 3613 5007 ἀληθείας

2024 4992 2404 5070 memmi.
2454 4999 2498 5049 Β
2551 4992 2876 5067 λέγειν,’ὡς
2913 4997 3012 5068 τῆς
3069 4994 3230 5065 ᾁληθ.
3269 4992 3613 5064 ἐστοχασμέο

2025 5086 2155 5130 νοις.

2103 5139 2216 5209 (41)
2267 5139 2818 5209 Ἀκολουθήσεομεν.
2841 5135 3357 5209 ΒΑάκολουθήσομεν.

2095 5205 2230 5275 (41⁸)
2257 5211 2339 5262 Ob
2371 5208 2565 5276 μόνον
2591 5205 2697 5271 τῷ.
2725 5209 2800 5260 Οὐ
2837 5207 2993 5278 μόνον
3019 5206 3105 5260 διὰ
3133 5205 3195 5259 τό

2098 5278 2210 5348 (42)
2235 5280 2538 5341 Ἀστατος.
2565 5279 2606 5330 Β
2628 5279 2855 5341 ἄστατός
2884 5293 2966 5332 τε.

2096 5350 2204 5412 (i5)
2239 5349 2522 5415 Ὀλόγος.
2559 5352 2587 5402 ὁ
2617 5349 2760 5404 delet
2783 5351 2847 5403 A.

2094 5420 2206 5489 (Η)
2239 5418 2480 5484 Ἐαυτιξλ
2506 5420 2547 5470 Β
2579 5417 2747 5487 αὐτῷ.

2095 5488 2208 5553 (4.3)
2242 5488 2349 5541 Καὶ
2378 5491 2613 5553 κακίας.
2644 5491 2707 5553 Λ,
2746 5490 2786 5540 Β
2819 5489 2893 5558 μὴ
2916 5491 3136 5550 κακίας.

2096 5560 2207 5629 (ili)
2244 5559 2703 5630 Ἰέῖμπεσούσης.
2721 5562 2784 5623 Λ,
2810 5560 2850 5611 Β
2876 5560 3168 5630 πεσούσης.

2094 5631 2205 5695 (47)
2241 5632 2517 5683 (ῥύονται.
2553 5630 2611 5682 Β.
2637 5628 2890 5697 φύοντας.

2096 5700 2207 5772 (48)
2232 5702 2459 5769 Χρόνον
2491 5700 2811 5770 ἀμφότερα.
2848 5700 2887 5762 Β
2911 5700 3199 5772 ἀμφότερα
3220 5700 3437 5774 χρόνον.
