3844 6226
275 191 388 248 HT

1355 202 1453 258 ne
1484 199 1704 258 ANIMA
1739 200 1836 258 ET
1879 153 2486 259 nssunnsc'noae.

3467 193 3571 249 “8

277 317 384 376 μου
425 309 748 380 συμϐαίνειν
793 313 1018 385 σπουδῇ.
1073 316 1186 370 Καὶ
1216 317 1278 370 τὸ
1309 317 1391 373 ἔτι
1415 319 1608 374 τούτου
1634 321 1872 393 παραλο-

1981 318 2069 375 dio
2091 319 2384 376 conveniat
2415 327 2470 375 et
2509 325 2822 375 concurrat.
2871 315 2940 372 Et
2971 315 3115 388 quod
3159 310 3454 370 absurdius
3485 317 3572 368 est

273 398 524 470 γιῖηερον
553 401 696 472 (49),
749 404 806 458 εί
851 404 974 477 ἔαρι
1010 408 1080 461 τά
1107 410 1276 465 πολλά
1300 412 1398 484 τῆς
1437 413 1632 482 ἀλόγου
1661 413 1876 483 φύσεως

279 491 658 557 συνδυάζεται.
689 490 820 565 Ἀρ*
863 494 958 552 οὖν
1001 499 1150 556 ἔστιν
1195 505 1372 557 εἰπεῖν
1409 505 1491 559 ὅτι
1525 505 1621 558 καὶ
1660 507 1730 578 τῇ
1765 505 1877 560 ἀνω

273 583 556 652 περιφορᾷ
587 583 648 636 τὸ
679 585 781 658 ἔαρ
812 588 1144 658 ἐμφύεσθαι,
1179 592 1281 664 τὴν
1307 595 1506 648 κακίαν
1533 598 1697 655 ποιεῖ.
1735 594 1876 648 ὥστε

251 672 572 740 συμϐαίνει
589 675 702 746 (50)
731 679 870 749 ὁμοῦ
895 698 956 733 τε
982 683 1076 736 τοῦ
1103 685 1278 738 κακοῦ
1309 686 1408 750 τὰς
1433 687 1612 758 ψυχὰς
1636 688 1880 758 πληρουο

277 763 452 830 μένας
509 767 752 832 πίπτειν,
796 773 892 825 καὶ
925 773 1022 838 τὰς
1055 776 1330 849 γαστέρας
1369 779 1478 833 τῶν
1521 779 1734 848 ἀλόγων
1761 781 1875 834 κυῖο

275 855 508 958 σκεσθαι
528 875 544 924 ;
567 861 633 914 Τί
655 861 702 914 δ’
720 862 790 958 ἀν
805 865 936 939 εἴπῃ
950 885 1035 932 τις
1055 867 1168 939 (51)
1191 871 1321 942 περὶ
1341 869 1436 925 τοῦ
1460 873 1738 940 γεωπὸνου
1761 873 1876 946 (59.)

271 955 373 1001 τοῦ
413 955 898 1024 καταπηγνύοντος
929 961 1042 1030 (55)
1071 965 1140 1036 τῇ
1172 966 1244 1036 γῇ
1273 964 1374 1030 τὰς
1401 966 1511 1020 τῶν
1529 968 1712 1038 φυτῶν
1741 969 1880 1024 ἀπο-

275 1043 526 1146 σπάδας
565 1047 692 1146 Πῶς
744 1051 778 1122 ἡ
818 1052 1010 1146 τούτου
1045 1056 1169 1128 χεὶρ
1201 1059 1590 1130 συγκατέχωσε
1611 1060 1690 1132 τῷ
1724 1062 1878 1132 φυτῷ

253 1135 378 1202 ,τὴν
423 1135 776 1209 ἀνθρωπίνην
827 1141 1028 1214 ψυχὴν,
1081 1149 1484 1221 συντρεχούσης
1529 1154 1878 1224 πτερορρυή-

275 1245 420 1319 iam;
447 1232 502 1292 (5
515 1233 560 1304 ι)
590 1235 656 1306 τῇ
687 1236 782 1290 τοῦ
810 1237 1105 1310 ἀνθρώπου
1137 1244 1278 1312 πρὸς
1309 1243 1407 1316 τὴν
1435 1247 1660 1315 φυτείαν
1689 1248 1832 1319 ὁρμῇ
1859 1267 1874 1316 ;

271 1317 354 1370 Τὺ
389 1321 524 1373 αὐτὸ
577 1323 759 1378 τοίνυν
795 1327 996 1382 ἄτοπον
1039 1332 1136 1385 καὶ
1169 1333 1262 1386 ἐπὶ
1289 1334 1383 1388 τοῦ
1426 1335 1614 1408 ἑτέρου
1653 1317 1763 1391 τῶν

269 1424 393 1476 γων
421 1413 556 1482 (55),
599 1417 692 1470 ἐπὶ
711 1419 774 1472 τὸ
808 1419 1020 1476 οἴεσθαι
1069 1423 1172 1497 τὴν
1217 1425 1397 1500 ψυχὴν
1421 1428 1518 1493 τὰς
1547 1431 1798 1498 συνόδους
1817 1435 1877 1488 ἒν

273 1501 518 1576 συζυγίᾳ
547 1507 658 1580 (56)
689 1509 910 1574 ζώντων
943 1518 1413 1589 περιεργάσασθαι
1435 1521 1570 1592 (5⁸7),
1601 1523 1634 1594 ἢ
1661 1523 1760 1588 τὰς
1787 1525 1878 1579 λο-

267 1595 436 1692 χείας
456 1599 760 1692 ἐπιτηρεῖν,
790 1605 876 1661 ἵνα
893 1611 1008 1674 τοῖς
1026 1612 1316 1682 φυομένοις
1331 1613 1577 1687 σώμασιν
1597 1619 1878 1692 ἐπεισκρι-

1978 418 2033 466 et
2065 409 2246 466 adhuc
2297 411 2472 483 magis
2511 411 2772 466 abhorret
2818 425 2846 462 a
2877 405 3153 463 communi
3190 419 3358 460 sensu
3405 409 3571 473 atque

1978 503 2260 572 Opinione,
2295 521 2425 560 vere
2483 503 2746 575 pleraque
2778 501 3037 556 animalia
3081 498 3316 554 rationis
3354 495 3569 566 experti

1979 603 2175 650 natura
2197 595 2424 666 praedita
2455 603 2658 651 coeunt
2672 603 2726 650 et
2756 593 3188 664 coniunguntur.
3222 588 3437 660 Ergone
3459 585 3570 642 dici

1981 693 2162 756 potest
2184 685 2330 756 quod
2377 702 2473 741 ver
2502 685 2786 742 ediciatut
2841 697 3056 754 supera:
3096 694 3316 752 quoque
3359 678 3570 734 revolu-

1979 779 2116 834 tioni
2132 787 2296 850 atque
2325 778 2676 834 conversioni
2697 777 2972 832 vitiositas
2991 775 3336 840 innascatur,
3354 779 3415 827 ut
3442 785 3571 824 con-

1979 870 2156 942 tingat
2191 871 2355 926 simul
2383 879 2436 926 et
2460 870 2674 925 animas
2706 869 2840 924 vitio
2873 867 3136 937 compleri
3163 875 3330 936 atque
3363 863 3565 926 delabi,

1979 971 2035 1020 et
2060 973 2244 1020 uteros
2263 963 2554 1019 brutorum
2576 962 2936 1018 animantium
2958 958 3292 1030 concipere?
3317 957 3458 1024 Quid
3477 972 3572 1012 au-

1987 1064 2096 1111 tem
2127 1055 2328 1111 dixerit
2360 1055 2564 1126 aliquis
2604 1053 2673 1110 de
2695 1054 2938 1126 agricola
2987 1059 3231 1109 resectos
3259 1059 3316 1107 et
3345 1049 3567 1105 avulsus

1979 1149 2288 1220 plantarum
2318 1147 2571 1202 surculos
2604 1147 2660 1202 in
2689 1153 2894 1202 terram
2932 1143 3250 1216 deligente?
3269 1159 3378 1214 quo
3405 1151 3569 1214 pacto

1979 1256 2177 1296 manus
2227 1239 2392 1310 hujus
2421 1254 2528 1294 una
2571 1253 2700 1294 cum
2755 1238 2938 1308 planta
2991 1237 3230 1292 animam
3269 1235 3566 1292 humanam

1979 1342 2126 1390 terra
2143 1335 2328 1390 obruit
2355 1342 2518 1404 atque
2542 1331 2773 1396 defodit,
2787 1337 3156 1386 concurrente
3177 1345 3302 1385 cum
3325 1329 3568 1384 hominis

1979 1425 2165 1481 Studio
2203 1425 2488 1496 plantandi
2519 1423 2832 1479 deﬂuxione
2863 1438 3192 1494 pennarum,
3224 1421 3426 1492 quibus
3453 1421 3569 1474 ani-

1979 1532 2070 1574 ma
2101 1517 2414 1588 spolietur?
2442 1515 2644 1572 Eadem
2681 1517 2808 1572 item
2847 1500 3169 1572 absurditas
3199 1522 3284 1569 est
3313 1515 3479 1569 etiam
3511 1514 3566 1568 in

1981 1613 2156 1666 altera
2185 1611 2466 1682 opinione,
2503 1610 2548 1666 si
2574 1609 2700 1680 quis
2730 1614 2885 1680 putet
2914 1607 3129 1663 animas
3163 1607 3345 1663 coitus
3376 1621 3567 1661 eorum

265 1685 606 1786 aestv-(53).
635 1695 700 1749 Et
761 1697 820 1751 δι
847 1678 1074 1756 ἀπείποι
1122 1678 1152 1758 ὁ
1200 1705 1341 1778 ἀνὴρ
1388 1678 1480 1762 τὸν
1523 1711 1724 1781 γάμον,
1754 1678 1877 1786 ἠδὲ

1983 1705 2078 1776 qui
2105 1705 2162 1760 in
2184 1704 2444 1776 conjugio
2473 1703 2688 1763 vivunt,
2725 1701 3014 1773 explorare
3049 1711 3216 1771 atque
3243 1699 3454 1761 rimari,
3481 1699 3570 1752 vel

269 1782 415 1852 γυνὴ
442 1783 644 1876 ἑαυτὴν
671 1788 770 1859 τῆς
787 1791 894 1846 τῶν
913 1791 1118 1849 ὀδυνῶν
1153 1795 1264 1867 (59)
1300 1799 1547 1874 ἀνάγκης
1576 1782 1877 1876 ἐλευθερὼ-

273 1889 466 1926 σειεν⁸
513 1871 608 1950 ἆρ’
647 1879 710 1933 οὗ
746 1880 977 1954 βαρήσει
1019 1887 1120 1958 τὴν
1154 1888 1332 1963 ψυχὴν
1370 1893 1404 1964 ἡ
1434 1871 1638 1962 κακίας
1666 1871 1876 1954 Οὐιίοῠν

271 1965 304 2016 ὁ
337 1966 514 2035 γάμος
553 1971 618 2041 τῇ
673 1971 786 2026 ἀνω
815 1977 986 2049 κακίᾳ
1019 1977 1080 2033 τὸ
1107 1982 1250 2036 κατά
1295 1984 1404 2040 τῶν
1433 1985 1624 2058 ψυχῶν
1653 1989 1874 2044 ὲνδὼσι-

275 2059 528 2156 μον(60)
564 2061 802 2156 δίδωσιν,
829 2067 862 2139 ῆ
895 2071 990 2123 καὶ
1015 2071 1138 2143 δίχα
1166 2075 1360 2130 τούτου
1403 2080 1744 2138 καθάπτεται
1779 2087 1878 2156 τῆς

267 2149 454 2248 ψυχῆς,
478 2155 512 2220 ἡ
535 2155 672 2248 πρὸς
694 2158 756 2212 τὸ
779 2161 1024 2218 ἐναντίον
1048 2167 1252 2237 σχέσις.
1276 2171 1488 2226 Οὐκοῦν
1514 2175 1700 2242 ἄοικος
1723 2179 1780 2232 ὲν
1800 2149 1878 2248 τῶ

257 2243 901 2348 -μέτι91καὶ-ἀλῖξτ-ιςη
954 2255 1103 2348 ψυχὴ
1145 2261 1574 2333 πεπλανήσεται,
1621 2267 1732 2322 τῶν
1775 2243 1876 2340 μὲν

270 2337 546 2405 οὐρανίων
591 2341 966 2416 ἀπορρυεῖσα·
1024 2347 1279 2422 σώματος
1337 2355 1394 2408 δὲ
1443 2356 1510 2410 ἂν
1555 2357 1698 2412 οὕτω
1727 2337 1877 2432 “nixo:

273 2426 418 2496 πρὸς
449 2429 716 2505 ὑποδοχὴν
748 2435 1125 2509 ἀμοιρήσασα.
1166 2437 1304 2498 Εἶτα
1353 2447 1448 2502 καὶ
1477 2449 1595 2512 πῶς
1635 2450 1724 2505 διά
1751 2426 1876 2508 του-

271 2535 386 2572 των
421 2522 734 2578 ἐπιστατεῖν
763 2526 826 2580 τδ
855 2527 1010 2584 Θεῖον
1038 2532 1148 2589 τῶν
1180 2534 1350 2592 ὄντων
1378 2539 1762 2613 ὑπονοήσουσι,
1807 2549 1874 2619 τῇ

273 2613 480 2686 cupi?
503 2615 678 2690 ταύτῃ
715 2620 810 2672 καὶ
849 2621 1032 2696 ἀλόγῳ
1061 2627 1172 2681 τῶν
1187 2629 1376 2700 ψυχῶν
1403 2635 1750 2692 καταπτὼσει
1777 2613 1878 2705 τάξ

275 2705 458 2803 ἀρχάς
519 2709 620 2780 τῆς
687 2711 1040 2787 ἀνθρωπίνης
1124 2721 1470 2790 ἀνατιθέντες
1527 2728 1639 2800 (61)
1690 2729 1873 2803 ζωῆς;

289 2799 534 2892 Ἀνάγκη
573 2803 684 2876 γὰρ
737 2808 888 2862 πᾶσα
923 2812 988 2882 τῇ
1018 2811 1162 2884 ἀρχῇ
1211 2816 1308 2868 καὶ
1337 2815 1406 2870 τά
1439 2818 1550 2882 (62)
1575 2799 1720 2892 μετὰ
1746 2799 1880 2878 τέω.

277 2907 380 2961 την
405 2891 518 2984 (65)
561 2898 867 2966 συμφώνως
909 2900 1072 2972 ἔχειν.
1122 2905 1184 2958 Εί
1218 2907 1326 2978 γὰρ
1359 2910 1423 2961 ἐκ
1457 2891 1748 2984 συντυχίας
1787 2919 1880 2972 αὒ-

1981 1791 2226 1865 pariendi
2251 1801 2470 1862 tempus
2508 1790 2824 1855 observare,
2853 1797 2912 1844 ut
2939 1789 2996 1844 in
3027 1803 3260 1860 corpora
3281 1785 3566 1842 nascentia

1980 1884 2416 1941 seseinsinuent.
2446 1883 2602 1950 Quod
2636 1883 2682 1938 si
2703 1882 2785 1936 vir
2806 1881 3027 1952 nuptias
3052 1879 3410 1942 recusaverit,
3445 1892 3569 1931 mu-

1979 1979 2080 2034 lier
2115 1979 2244 2032 item
2279 1992 2338 2032 se
2359 1977 2427 2032 ab
2455 1977 2784 2032 necessitate
2817 1973 3064 2046 pariendi
3095 1971 3432 2035 liberaverit,
3465 1985 3565 2023 an-

1980 2089 2092 2130 non
2130 2073 2369 2127 animam
2395 2071 2666 2125 vitiositas
2709 2067 2996 2141 gravabit?
3043 2065 3313 2132 Quocirca
3363 2062 3568 2132 nuptiae

1981 2177 2196 2232 supera:
2237 2161 2522 2216 vitiositati
2586 2175 2774 2214 ansam
2807 2167 2864 2215 et
2917 2157 3266 2213 occasionem
3302 2155 3568 2210 adversus

1981 2257 2198 2311 animas
2232 2253 2366 2308 dant
2401 2271 2414 2307 :
2457 2261 2551 2308 aut
2605 2251 2774 2308 etiam
2831 2251 3040 2320 absque
3095 2247 3303 2318 nuptiis
3338 2244 3568 2301 allectus

1982 2349 2247 2402 adversus
2279 2343 2335 2399 id
2371 2345 2520 2415 quod
2547 2343 2890 2398 contrarium
2925 2349 3030 2406 est,
3065 2341 3306 2395 animam
3335 2337 3566 2394 invadit.

1979 2443 2124 2513 Ergo
2151 2438 2436 2494 domicilio
2466 2452 2664 2492 carens
2701 2435 2920 2492 interim
2953 2442 3008 2490 et
3032 2431 3356 2504 vagabunda
3387 2431 3568 2486 anima

1980 2535 2284 2598 oberrabit,
2346 2547 2470 2587 cum
2501 2546 2534 2588 e
2567 2530 2888 2588 ctelestibus
2945 2527 3166 2600 quidem
3197 2523 3486 2581 deﬂuxerit
3513 2529 3568 2578 et
3657 2533 3661 2538 '

1979 2625 2269 2690 exciderit,
2305 2621 2561 2694 corporis
2607 2635 2740 2677 vero
2776 2619 2847 2686 (si
2897 2620 2970 2674 ita
2999 2616 3286 2688 acciderit)
3322 2621 3573 2684 recepta-

1980 2717 2092 2772 culi
2122 2729 2322 2787 expers
2349 2715 2444 2770 sit.
2479 2711 2548 2766 Et
2573 2709 2855 2783 quomodo
2903 2707 3103 2764 deinde
3141 2721 3237 2777 per
3287 2706 3402 2760 haec
3428 2720 3570 2774 pra:-

1979 2825 2103 2867 esse
2129 2808 2297 2864 rebus
2349 2805 2628 2862 universis
2666 2804 2914 2859 divinum
2953 2799 3170 2856 Numen
3222 2799 3282 2855 in
3325 2797 3570 2852 animum

1982 2902 2264 2966 inducent,
2296 2899 2390 2972 qui
2413 2899 2541 2954 huic
2581 2897 2820 2954 fortuitae
2857 2905 2914 2952 et
2950 2896 3159 2951 ratione
3185 2893 3394 2950 carenti
3447 2892 3570 2948 ani-

277 2983 522 3051 τομάτου
551 2986 697 3052 τινος
715 2991 744 3042 ὁ
785 2989 897 3060 βίος
934 2993 1160 3064 ἤρξατο,
1187 2997 1360 3069 τυχέα
1395 2999 1505 3072 (64)
1533 2983 1752 3070 πάντως
1784 3008 1878 3062 κα).

1986 3009 2201 3048 morum
2218 2992 2520 3064 delapsioni
2547 2990 2818 3062 principia
2835 2989 2961 3045 vitae
2988 2987 3240 3042 humana:
3255 2985 3571 3058 assignant!

279 3077 315 3172 η
513 3079 694 3172 ἀυτῶν
724 3081 835 3154 (65)
887 3085 1120 3152 διέξοδος
1162 3089 1388 3156 γίνεται.
1435 3094 1546 3147 Καὶ
1582 3097 1758 3169 μάτην
1781 3101 1884 3172 τῆς

280 3167 438 3264 θείας
461 3169 747 3243 δυνάμεως
777 3177 827 3228 οἱ
849 3177 1170 3233 τοιοῦτοιτὰ
1199 3181 1328 3236 ὄντα
1359 3167 1782 3252 ἐξάπτουσινξοί
1805 3167 1881 3264 μὴ

283 3257 593 3331 βουλήματι
648 3263 780 3336 θείῳ
829 3265 898 3319 τὰ
936 3267 996 3320 ὲν
1023 3267 1102 3339 τῷ
1130 3271 1323 3342 κόσμῳ
1351 3273 1582 3342 φύεσθαι
1609 3257 1880 3348 λέγοντες,

279 3349 402 3444 ἀλλ’
447 3353 530 3414 είς
579 3355 826 3444 πονηράν
873 3373 1034 3412 τινων
1093 3357 1207 3430 (66)
1239 3365 1530 3436 συντυχίαν
1572 3367 1677 3434 τάς
1707 3371 1882 3444 ἀρχὰς

279 3440 392 3535 τῶν
423 3443 730 3535 γινομένων
757 3447 1075 3516 ἀνάγοντες,
1105 3450 1182 3516 ὡς
1229 3453 1331 3509 οὐκ
1377 3455 1445 3510 ἃν
1481 3440 1761 3533 συστάσης
1781 3440 1884 3535 τῆς

277 3532 636 3605 ἀνθρωπίνης
680 3537 827 3608 ζωῆς
857 3539 934 3612 μὴ
981 3541 1076 3596 τοῦ
1135 3544 1308 3600 κακοῦ
1339 3547 1524 3614 δόντος
1565 3555 1630 3623 τῇ
1670 3532 1782 3626 ζωῇ
1823 3532 1884 3610 τὺ

279 3625 586 3696 ἐνδόσιμον.
603 3626 772 3684 Eia-5v
799 3633 832 3702 ἠ
860 3633 1003 3706 ἀρχὴ
1023 3635 1118 3689 τοῦ
1137 3635 1250 3706 βίου
1285 3639 1532 3711 τοιαύτη,
1561 3625 1882 3717 δηλαδὴίκαὶ

277 3717 354 3770 τὰ
373 3718 572 3790 ἐφεξῆς
590 3721 734 3776 κατά
756 3723 854 3796 τὴν
877 3724 1052 3798 ἀρχὴν
1071 3728 1448 3800 κινηθήσεται.
1474 3733 1550 3787 Οὐ
1577 3734 1686 3808 γὰρ
1709 3737 1774 3791 ἄν
1798 3756 1886 3804 τις

381 3810 772 3908 uicerint-13.6w
804 3815 936 3908 Δοὐδὲ
969 3818 1030 3883 ἐξ
1059 3819 1266 3888 ἀγαθοῦ
1293 3821 1354 3876 τὸ
1377 3823 1616 3881 ἐναντίον
1651 3827 1883 3898 φύεσθαι

281 3897 459 3966 λέγοι.
495 3899 657 3955 Ἀλλά
683 3903 829 3958 κατά
849 3906 948 3978 τὴν
967 3907 1060 3961 τοῦ
1091 3909 1408 3984 σπέρματος
1440 3914 1621 3984 φύσιν,
1641 3897 1734 3972 παὶ
1755 3921 1884 3986 τοὺς

280 3992 536 4085 παρποὺς
569 3994 922 4068 ἀναμένομεν
967 3999 1104 4071 (67).
1146 4003 1358 4058 οὐκοῦν
1406 4006 1588 4079 πάσης
1612 4011 1712 4080 τῆς
1736 4011 1883 4085 ζωῆς

281 4082 318 4150 ἡ
362 4084 688 4176 (αὐτόματος
729 4089 869 4162 αὕτη
922 4093 1018 4146 καὶ
1067 4097 1360 4169 συντυχικὴ
1423 4100 1640 4171 κίνησις
1677 4082 1877 4176 ἠγεμο-

279 4174 600 4339 νεύεὲϐἓίζὸ),
631 4181 906 4253 μηδεμιᾶς
938 4187 1200 4257 προνοίας
1235 4187 1322 4243 διὰ
1356 4190 1466 4246 τῶν
1501 4190 1672 4248 ὄντων
1699 4174 1880 4267 οίχού-

281 4281 386 4335 σης
535 4308 548 4323 -

281 4281 386 4335 σης
413 4281 548 4335 (“9)-

1983 3086 2221 3141 Prorsus
2249 3085 2396 3140 enim
2451 3098 2680 3140 necesse
2712 3089 2817 3150 est,
2849 3089 2910 3137 ut
2967 3082 3020 3136 id
3043 3079 3188 3152 quod
3238 3078 3570 3150 principium

1982 3179 2364 3250 consequitur,
2403 3179 2563 3232 etiam
2599 3192 2723 3232 cum
2761 3177 2882 3246 ipso
2911 3173 3223 3231 conveniat.
3267 3170 3325 3227 Si
3362 3171 3507 3227 enim
3540 3187 3570 3226 ε

1982 3287 2114 3326 casu
2143 3271 2326 3343 aliquo
2345 3269 2642 3324 temerario
2671 3269 2780 3323 vita
2815 3267 3048 3337 alicujus
3087 3265 3306 3321 initium
3339 3263 3569 3335 ceperit,

1984 3363 2242 3420 fortuitus
2283 3363 2449 3418 etiam
2484 3363 2712 3418 omnino
2741 3376 2941 3417 cursus
2968 3367 3022 3416 et
3056 3359 3240 3416 exitus
3267 3357 3389 3429 ejus
3424 3359 3570 3412 exsi-

1984 3457 2099 3512 stit.
2123 3457 2203 3510 Ac
2225 3455 2391 3511 stulte
2419 3460 2475 3510 et
2508 3454 2693 3524 inepte
2716 3461 2880 3524 atque
2903 3450 3143 3508 absurde
3165 3449 3236 3506 ab
3265 3449 3451 3505 divina
3473 3463 3569 3518 po-

1983 3549 2159 3604 tentia
2195 3549 2337 3604 tales
2368 3547 2624 3603 homines
2655 3561 2746 3603 res
2782 3545 3074 3601 universas
3105 3541 3348 3614 pendere
3383 3541 3566 3594 Vulttltl

1983 3641 2080 3712 qui
2099 3656 2212 3696 non
2263 3639 2545 3696 voluntate
2574 3637 2760 3695 divina
2790 3652 2878 3694 res
2917 3634 3226 3692 mundanas
3252 3632 3480 3705 produci
3507 3649 3570 3685 ae

1983 3732 2279 3804 provenire
2304 3729 2520 3796 dicunt,
2554 3727 2652 3785 sed
2685 3727 2750 3783 ad
2780 3741 3010 3800 pravum
3044 3725 3338 3796 quemdam
3379 3737 3570 3777 casum

1983 3823 2230 3882 referunt
2257 3823 2529 3895 principia
2563 3835 2754 3878 eorum
2786 3835 2907 3890 quae
2925 3825 3252 3883 nascuntur,
3272 3813 3432 3886 quasi
3463 3813 3573 3868 vita

1985 3917 2230 3972 humana
2284 3914 2552 3971 constitui
2582 3920 2638 3970 et
2668 3911 2900 3968 conﬂari
2944 3927 3056 3967 non
3107 3909 3404 3982 potuisset,
3461 3907 3568 3960 nisi

1983 4009 2177 4064 vitium
2207 4008 2558 4064 occasionem
2603 4013 2660 4062 et
2693 4005 2913 4060 initium
2958 4005 3082 4058 vitae
3129 4001 3394 4058 dedisset.
3423 3997 3572 4065 Quo-

1983 4103 2133 4157 circa
2179 4099 2228 4156 si
2277 4098 2612 4172 principium
2674 4097 2802 4152 vita:
2848 4096 2957 4152 tale
2995 4104 3114 4160 est,
3177 4092 3572 4164 consequentia

1983 4209 2206 4267 quoque
2249 4192 2510 4248 nimirum
2561 4191 2726 4247 sicuti
2786 4189 3121 4262 principium
3179 4189 3568 4244 movebuntur.

1983 4288 2100 4342 Non
2137 4287 2282 4342 enim
2318 4283 2518 4354 aliquis
2545 4281 2747 4339 dixerit
2773 4296 2839 4338 ex
2867 4281 3012 4337 malo
3041 4282 3268 4347 bonum,
3298 4293 3473 4350 neque
3503 4291 3572 4331 ex

273 4354 432 4462 bono
471 4362 816 4462 contrarium
854 4367 1034 4462 nasci.
1067 4367 1176 4462 sed
1228 4379 1392 4440 prout
1444 4373 1609 4430 fuerit
1644 4379 1874 4436 seminis
1913 4391 2134 4445 natura,
2159 4381 2234 4436 ila
2265 4381 2480 4438 fructus
2499 4392 2720 4450 quoque
2740 4387 3060 4448 exspectare
3111 4375 3374 4433 solemus.
3427 4369 3571 4440 Ergo

281 4451 615 4506 temerarius
635 4451 726 4508 hic
753 4461 919 4525 atque
941 4454 1202 4514 fortuitus
1229 4467 1413 4517 motus
1440 4465 1592 4519 omni
1627 4465 1752 4542 vita:
1775 4471 1994 4539 praeerit
2022 4480 2189 4543 atque
2223 4471 2463 4543 praeibit,
2481 4471 2633 4526 nulla
2659 4468 3006 4540 providentia
3041 4483 3138 4539 per
3164 4481 3254 4522 res
3285 4464 3571 4520 universas

277 4543 591 4613 pertinente
629 4553 792 4617 atque
823 4559 1158 4618 permeante.

355 4661 662 4732 Ἀχρηστος
683 4662 742 4716 δὲ
769 4664 1084 4718 παντάπασι
1109 4666 1205 4720 καὶ
1230 4667 1264 4738 ἡ
1289 4666 1398 4722 τῶν
1425 4668 1705 4741 λογισμῶν
1725 4671 1878 4728 ἔσται

2055 4674 2277 4728 Inutilis
2318 4672 2448 4726 item
2483 4684 2713 4741 prorsus
2745 4669 2850 4724 erit
2889 4667 3207 4723 rationibus
3252 4665 3378 4720 nixa
3435 4679 3570 4734 pru-

277 4753 620 4822 προμήθεια’
670 4757 772 4823 τῆς
817 4755 876 4809 δὲ
927 4757 1130 4829 ἀρετῆς
1163 4758 1353 4830 κέρδος
1392 4760 1565 4827 οὐδὲν,
1601 4764 1696 4816 καὶ
1743 4765 1879 4836 πρὸς

275 4844 340 4896 τὺ
375 4843 490 4912 (70)
523 4845 692 4898 κακὸν
737 4845 1036 4918 ἀλλοτρίως
1072 4849 1218 4920 ἔχειν
1261 4850 1378 4904 ἀντ’
1416 4853 1630 4914 οὐδενὸς
1662 4854 1729 4908 ἂν
1767 4857 1876 4926 εἴη.

351 4958 468 5043 (
491 4963 1015 5043 Ι-ζαιιιξαιοιγιώτάξ-ραιςζ
1049 4965 1092 5017 Α
1121 4965 1184 5043 in
1216 4981 1393 5043 marg.
1422 4969 1877 5043 παραδοξότερον.

493 5031 936 5108 ξρίμϐαίνειίᾏ,
974 5035 1014 5085 Β
1041 5031 1384 5105 συμϐαίνειν.

503 5101 658 5180 Eum
681 5119 791 5180 τις.
817 5104 1028 5180 Βξίποι
1056 5101 1162 5180 τις.

493 5174 904 5254 {eamdi-0122B
931 5177 1224 5254 γεηπόνου.

500 5243 1066 5324 ἕαταπῃ-τνροντοζξ
1090 5249 1158 5324 Α2
1184 5251 1225 5301 Β
1246 5252 1704 5324 καταπηγνῠντος

354 5311 470 5394 tif-ft.)
499 5311 1070 5394 ΕὲερτίῤῥυτῖσεΑιΒ
1098 5311 1200 5394 τῇς
1229 5311 1472 5394 ψυχικῆὲ
1488 5311 1659 5394 ’πτερο

353 5383 468 5522 (ἰίὕὲ
503 5383 623 5436 Τῶν
650 5387 870 5452 λόγων.
894 5389 957 5448 Α,
985 5387 1024 5438 Β
1052 5405 1102 5440 τ.
1131 5383 1256 5459 λ’όγξ
1284 5383 1422 5446 ἔστί.

353 5452 444 5514 (56
503 5455 605 5507 Ἔν
618 5453 828 5522 συξυγ.
855 5456 914 5512 Β.
947 5457 1056 5510 τῶν
1079 5461 1136 5512 ἐν
1167 5461 1360 5522 συζυγ.

503 5455 605 5530 Ἐν
618 5453 828 5530 συξιζγ.
855 5456 914 5512 Β.
947 5457 1056 5510 τῶν
1079 5461 1136 5530 ὲν
1167 5452 1360 5530 συζυγ.

355 5525 470 5604 ti???
497 5525 1026 5604 (ἔξριερπτὶυῒςιενθαι-
1060 5529 1126 5604 ᾼν
1157 5531 1197 5604 β
1223 5525 1702 5604 mmmam...

351 5597 471 5675 ias)
509 5595 1016 5675 περιστριθεριηγ,
1057 5600 1122 5662 Α,
1157 5601 1197 5653 B
1226 5595 1592 5675 εἰσκρὶθῶσιν.

356 5667 474 5737 (ὃν)
525 5667 808 5722 Ὂδυι·ῶν.
835 5667 877 5722 Β
912 5667 1134 5724 ὠδίνων.

1985 4765 2172 4821 dentia
2194 4804 2208 4828 ,
2249 4762 2434 4816 cautio
2468 4769 2634 4831 atque
2667 4775 2801 4814 cura
2833 4775 2845 4811 :
2886 4759 3106 4813 virtutis
3134 4756 3568 4812 emolumentum

1987 4857 2244 4923 nullum;
2281 4863 2334 4910 et
2368 4870 2397 4908 a
2431 4855 2565 4909 vitio
2604 4853 2877 4923 integrum
2915 4861 2970 4904 et
3011 4849 3253 4906 alienum
3300 4863 3424 4904 esse
3472 4864 3572 4918 pro

2053 4971 2168 5042 (60)
2213 4972 2585 5042 Ἐνδόσιμον.
2619 4969 2660 5020 Β
2673 4970 2741 5042 ἐν
2764 4968 3062 5042 δόγμασιν.

2053 5037 2168 5112 (61)
2213 5037 2630 5112 Ἇνατιθέντες.
2673 5039 2716 5091 Β
2751 5037 3120 5093 ἀνατίθενται.

2053 5110 2165 5180 (62)
2202 5111 2296 5166 Τά.
2335 5113 2396 5164 Β.
2427 5110 2508 5164 τό.

2050 5179 2161 5251 (65)
2193 5183 2352 5236 Μετὰ
2383 5182 2629 5252 ταύτην.
2655 5181 2699 5232 Α
2732 5179 2849 5252 μετ’
2879 5179 3069 5252 αὑτήν.

2053 5250 2166 5322 (64)
2206 5253 2516 5322 Τυχέα.νΑ,
2557 5251 2598 5302 Β
2623 5250 2840 5322 τυχαία.

2055 5319 2167 5391 (65)
2197 5319 2337 5376 Κατ’
2371 5320 2593 5391 αὐτῶν.
2615 5319 2746 5386 Δ,⁷Β
2776 5321 2895 5374 κατ’
2920 5319 3104 5391 αὐτόν.

2051 5390 2166 5464 (66)
2190 5390 2470 5460 Πονηρὼ·
2500 5407 2696 5464 τινων.
2724 5390 2971 5464 Πονηράν
2995 5408 3140 5444 τινα.

2039 5460 2165 5530 ,(67)
2214 5464 2621 5532 Ἀναμέγομεν.
2646 5461 2691 5514 Α
2716 5460 3101 5532 ἀναμένοιμεν.

2056 5534 2170 5602 (68)
2209 5531 2606 5602 Ἡγεμονεύει.
2631 5532 2676 5583 Α.
2703 5531 3080 5602 ἡγεμονεύσει.

2057 5600 2170 5672 (till)
2209 5600 2530 5674 οὶχούσης.
2553 5604 2618 5666 Λ,
2637 5602 2682 5674 l3
2699 5600 2963 5674 ἡκούσης.

1977 5741 1980 5743 Α
2063 5674 2175 5745 (70)
2212 5671 2320 5727 καὶ
2352 5673 2501 5742 πρὸς
2527 5675 2611 5728 τό.
2635 5672 2676 5724 Β
2697 5671 2788 5726 »ίαὶ
2815 5672 2874 5726 τὸ
2897 5671 3029 5746 πρὸς
3061 5671 3139 5728 τό.
