3844 6226
298 164 400 222 H9

1598 166 1654 222 S.
1695 161 2024 220 GREGORH
2057 164 2101 219 Ν
2113 163 2354 222 YSSENI

3467 173 3568 232 129

295 283 473 338 nihilo
508 280 768 336 ducetur.
812 280 950 337 Nam
981 282 1166 338 omnia
1211 298 1444 354 prorsus
1489 282 1544 338 in
1596 287 1870 353 potestate

1981 278 2159 333 Πάντα
2212 281 2322 353 γὰρ
2365 282 2582 346 πάντως
2623 284 2718 338 ἐπὶ
2757 285 2838 355 τῷ
2879 285 3098 359 φέροντι
3146 286 3411 352 κείσεται,
3470 294 3564 344 καί

294 381 503 429 temere
531 372 801 443 rapientis
827 380 882 429 et
910 373 1214 430 auferentis
1244 374 1479 430 fortuna:
1505 374 1615 430 sita
1671 381 1872 438 erunt;

296 479 476 534 neque
515 464 624 520 vita
661 465 964 536 quidquam
1004 465 1222 522 difl‘eret
1255 481 1287 522 a
1320 468 1556 523 navibus
1594 467 1874 538 guberna-

297 566 415 613 tore
441 558 786 623 carentibus,
811 567 1348 616 armamentorumve
1379 559 1728 630 expertibus,
1751 573 1876 629 qua:

297 649 542 706 fortuitis
569 649 790 706 casibus
813 657 1078 721 tanquam
1098 650 1355 707 ﬂuetibus
1381 648 1708 721 quihusdam
1738 649 1875 705 alias

296 737 368 794 ad
401 739 570 795 alium
605 740 880 796 bonorum
915 742 1262 798 malorumve
1294 755 1486 798 casum
1521 741 1679 814 quasi
1715 740 1876 811 traji-

297 833 478 887 ciatur
501 840 666 904 atque
690 832 1027 889 traducatur.
1051 834 1170 889 Non
1193 835 1339 891 enim
1365 834 1607 900 lucrum,
1631 833 1779 904 quod
1807 848 1876 888 ex

302 925 504 981 virtute
535 925 844 997 contingit,
876 927 1062 982 inesse
1094 934 1279 998 potest
1304 927 1372 982 iis
1404 941 1639 998 quorum
1674 933 1875 981 natura

299 1030 366 1069 ex
393 1015 675 1072 contrario
706 1017 1044 1087 principium
1074 1017 1260 1073 habet.
1293 1016 1432 1072 Nam
1463 1015 1735 1088 siquidem
1762 1017 1876 1071 vita

300 1113 492 1161 nostra
525 1106 794 1163 divinitus
830 1108 1191 1179 gubernatur,
1227 1107 1454 1162 dubium
1489 1123 1598 1162 non
1639 1107 1875 1178 amplius

299 1212 424 1254 esse
464 1197 668 1266 poterit
704 1198 836 1268 quin
873 1198 1144 1254 vitiositas
1187 1198 1312 1254 vita:
1351 1207 1559 1254 nostra:
1589 1213 1696 1254 non
1738 1213 1876 1268 prae-

301 1289 392 1343 sit.
428 1288 525 1342 Sin
557 1298 740 1344 autem
771 1304 868 1360 per
902 1289 1096 1343 vitium
1128 1303 1195 1344 ac
1224 1289 1532 1359 nequitiam
1565 1289 1875 1357 nascimur,

302 1381 524 1450 penitus
566 1395 632 1437 ac
677 1397 907 1452 prorsus
951 1383 1150 1437 vitiose
1189 1396 1254 1437 ac
1302 1383 1557 1454 nequiter
1605 1382 1875 1438 vivemus.

301 1470 575 1538 Quocirca
625 1488 783 1546 nugo:
830 1487 895 1528 ac
928 1471 1288 1529 deliramenta
1326 1488 1425 1544 per
1458 1473 1576 1528 haec
1615 1487 1739 1529 esse
1777 1471 1877 1528 de-

302 1562 760 1619 monstrabuntur
790 1570 914 1634 post
954 1563 1097 1619 hanc
1131 1563 1298 1618 vitam
1333 1562 1519 1620 futura
1543 1562 1755 1634 judicia
1776 1603 1791 1630 ,
1824 1570 1880 1619 et

303 1670 405 1726 pro
451 1656 653 1710 merito
702 1655 1085 1726 compensatio
1140 1661 1307 1725 atque
1362 1653 1769 1718 remuneratio,
1822 1660 1879 1709 et

301 1763 646 1818 quaecunque
677 1747 783 1801 alia
813 1747 881 1801 ad
911 1746 1206 1801 tollendam
1230 1745 1588 1801 vitiositatem
1613 1745 1879 1800 dicuntur

301 1848 357 1895 et
384 1840 708 1895 creduntur.
741 1837 877 1895 Nam
908 1838 1002 1909 qui
1033 1838 1150 1894 ﬁeri
1180 1846 1359 1910 potest
1394 1848 1452 1893 ut
1488 1837 1653 1892 homo
1681 1839 1878 1907 nequi-

300 1930 392 1984 tia:
426 1929 656 2000 vitiique
683 1944 882 2000 expers
914 1929 1029 1991 sit,
1062 1928 1155 1999 qui
1191 1943 1290 1998 per
1324 1927 1678 1983 vitiositatem
1714 1935 1876 1981 natus

300 2020 417 2078 sit?
450 2020 740 2087 Quomodo
780 2020 910 2075 item
961 2019 1222 2074 alacritas
1263 2018 1431 2073 animi
1467 2019 1718 2088 quaadam
1755 2025 1876 2074 stu-

299 2113 567 2184 diumque
614 2113 681 2168 ad
732 2112 899 2166 vitam
948 2125 1076 2165 eum
1125 2110 1327 2165 virtute
1361 2109 1627 2179 agendam
1667 2108 1874 2162 homini

300 2204 514 2260 innasci
542 2202 748 2274 possit,
778 2201 940 2272 cujus
973 2209 1168 2255 natura
1195 2215 1227 2254 a
1250 2199 1577 2265 vitiositate,
1603 2206 1662 2254 ut
1698 2198 1876 2265 aiunt,

300 2295 638 2368 principium
673 2295 881 2351 habet?
917 2292 988 2350 Ut
1021 2293 1168 2348 enim
1202 2291 1412 2347 nullum
1440 2307 1508 2346 ex
1538 2290 1721 2346 brutis
1752 2289 1877 2344 aui-

302 2388 538 2443 malibus
565 2385 846 2442 hominum
880 2400 1031 2440 more
1065 2385 1212 2455 loqui
1246 2394 1500 2448 conatur,
1537 2398 1602 2437 ac
1635 2381 1876 2436 naturali

300 2489 678 2549 consuetaque
704 2486 759 2534 et
788 2477 842 2532 in
875 2493 984 2548 qua
1013 2476 1279 2531 innutrita
1311 2483 1442 2532 sunt
1471 2489 1605 2531 voce
1635 2476 1875 2541 utentia,

301 2571 437 2626 nihil
467 2569 571 2626 sibi
606 2570 921 2626 detrimenti
958 2566 1229 2623 accidisse
1261 2573 1492 2638 putant,
1529 2567 1577 2622 si
1611 2565 1879 2622 orationis

299 2677 368 2718 ac
389 2661 665 2718 sermonis
693 2661 938 2732 expertia
972 2661 1084 2717 sint
1109 2678 1123 2714 :
1155 2659 1349 2716 eodem
1381 2659 1545 2715 modo
1569 2659 1735 2715 etiam
1765 2658 1878 2725 illi,

299 2753 396 2825 qui
425 2752 616 2808 vitium
638 2766 702 2808 ac
725 2751 1030 2823 nequitiam
1053 2750 1374 2807 existimant
1397 2765 1520 2806 esse
1547 2749 1878 2821 principium

299 2854 356 2901 et
391 2860 617 2901 causam
658 2845 818 2909 vitae,
851 2842 920 2898 ad
955 2841 1318 2914 expetendam
1356 2841 1653 2908 virtutem,
1690 2848 1882 2912 utpote

1975 373 2126 427 οὐδὲν
2160 375 2188 428 ό
2213 373 2327 445 βίος
2359 375 2546 430 διοίσει
2575 378 2684 431 τῶν
2738 379 3156 450 ἀνερματίστων
3182 380 3297 452 (71)
3337 381 3565 444 πλοίων,

1975 467 2097 528 ταῖς
2142 465 2471 537 αὐτομάτοις
2512 467 2842 538 συντυχίαις,
2879 464 2992 524 οἷόν
3017 487 3127 524 τισι
3165 471 3428 542 κύμασιν,
3469 469 3567 522 ἄλ-

1975 555 2096 609 λοτε
2125 557 2237 626 (72)
2267 557 2402 628 πρὸς
2427 557 2594 630 ἀλλην
2631 559 2812 614 καλῶν
2841 561 2874 632 ἢ
2901 561 3122 630 φαύλων
3156 563 3252 616 σὺν
3280 561 3417 634 τύχῃ
3447 561 3566 629 (73)

1979 647 2461 720 μεθορμιζόμενος.
2497 651 2571 704 Οὐ
2605 652 2713 724 γὰρ
2745 651 2860 707 ἔστι
2889 653 2950 708 τὸ
2969 653 3028 721 ἐξ
3047 655 3246 726 ἀρετῆς
3272 654 3382 723 (74)
3403 656 3572 722 ἐγγι-

1975 738 2162 794 νέσθαι
2198 741 2408 813 κέρδος,
2444 738 2524 806 οἷς
2548 743 2582 815 ἡ
2608 742 2768 812 φύσις
2796 745 2860 800 ἐκ
2885 744 2998 800 τῶν
3021 746 3279 799 ἐναντίων
3303 745 3416 817 ('75)
3463 745 3569 816 τὴν

1976 832 2151 905 ἀρχὴν
2179 832 2314 904 ἔχει.
2356 835 2418 888 Εἰ
2445 835 2543 906 μὲν
2575 835 2686 907 γὰρ
2719 835 2904 890 θεόθεν
2933 838 3297 906 οἰκονομεῖται
3333 836 3497 907 ἡμῶν
3533 837 3570 907 ἡ

1977 923 2112 997 ζωὴ,
2152 925 2213 979 τὸ
2243 925 2300 980 δὲ
2339 925 2454 998 (76)
2491 927 2697 981 κακίαν
2734 928 3030 999 κατάρχειν
3066 928 3170 999 τῆς
3209 928 3356 998 ζωῆς
3402 926 3568 998 ἡμῶν

1979 1016 2435 1087 συνομολογεῖται.
2479 1018 2614 1072 Εἰδὲ
2635 1018 2701 1072 δι’
2743 1019 2960 1090 ἐκείνης
2983 1019 3264 1090 φυόμεθα,
3293 1020 3474 1088 πάντη
3503 1035 3567 1070 τε

1977 1106 2070 1160 καὶ
2105 1107 2322 1171 πάντως
2357 1110 2478 1161 κατ’
2516 1109 2688 1180 αὐτὴν
2726 1108 3096 1181 βιοτεύσομεν.
3126 1110 3310 1182 Δῆρος
3343 1106 3442 1164 οὖν
3474 1110 3572 1163 διὰ

1977 1198 2181 1252 τούτων
2238 1199 2720 1272 ἀποδειχθήσεται,
2757 1202 2829 1256 τά
2866 1203 3005 1273 μετά
3032 1203 3124 1257 τὸν
3165 1204 3291 1274 τῇδε
3326 1203 3442 1274 βίον
3487 1203 3571 1255 διο

1978 1289 2284 1362 καιωτήρια
2305 1307 2318 1320 ·
2347 1289 2442 1344 καὶ
2467 1291 2501 1360 ή
2537 1291 2674 1362 πρὸς
2701 1291 2815 1362 (77)
2851 1291 3010 1358 ἀξίαν
3047 1292 3404 1353 ἀνταπόδοσις
3424 1292 3573 1362 (78),

1978 1381 2074 1435 καὶ
2101 1381 2201 1434 ὅσα
2222 1379 2358 1436 ἀλλα
2379 1383 2515 1453 πρὸς
2539 1382 2817 1454 ἀναίρεσιν
2852 1382 2955 1452 τῆς
2989 1382 3188 1446 κακίας
3209 1381 3425 1450 λέγεται
3469 1383 3579 1434 καὶ

1979 1470 2336 1524 πεπίστευται
2362 1470 2496 1542 (79).
2521 1469 2644 1534 Πῶς
2671 1469 2781 1542 γὰρ
2807 1469 3030 1524 δυνατὸν
3059 1467 3166 1534 ἔξω
3193 1467 3400 1538 ταύτης
3426 1463 3576 1520 εἶναι

1978 1564 2070 1619 τὸν
2092 1564 2376 1636 ἄνθρωπον
2401 1563 2495 1616 τὸν
2526 1564 2592 1618 δι’
2612 1564 2827 1634 ἐκείνης
2861 1562 3065 1632 φύντα;
3088 1561 3215 1625 Πῶς
3233 1561 3292 1615 δὲ
3325 1562 3424 1615 καὶ
3448 1561 3577 1629 (80)

1979 1657 2124 1728 ὁρμή
2168 1672 2253 1720 τις
2303 1655 2520 1724 ἐγένετο
2575 1654 2688 1723 (81)
2745 1651 3105 1725 προαιρετικὴ
3161 1650 3246 1723 τῷ
3287 1649 3580 1722 ἀνθρώπῳ

1979 1749 2114 1819 πρὸς
2157 1745 2248 1801 τὸν
2282 1747 2403 1801 κατ’
2443 1746 2646 1817 ἀρετὴν
2687 1744 2823 1816 βίον,
2875 1739 2938 1799 οῦ
2966 1746 3000 1815 ἠ
3043 1742 3206 1814 φύσις
3243 1743 3308 1796 ὲκ
3339 1741 3576 1804 κακίας,

1975 1837 2052 1903 ὡς
2088 1837 2326 1907 λέγουσι,
2357 1836 2458 1908 τὴν
2497 1836 2671 1908 ἀρχὴν
2708 1835 2859 1907 ἐχει;
2910 1835 3000 1900 Ὧς
3028 1834 3139 1906 γάρ
3171 1833 3274 1889 οὐκ
3294 1835 3584 1905 ἐπιχειρεῖ

1975 1945 2029 1982 τι
2069 1926 2179 1982 τῶν
2213 1927 2422 1997 ἀλόγων
2447 1927 2560 1999 (82)
2599 1927 2963 1999 ἀνθρωπικῶς
2992 1925 3359 1997 φθέγξασθαι,
3398 1927 3472 1997 τῇ
3510 1924 3578 1978 δὲ

1978 2017 2265 2090 συντρόφῳ
2305 2021 2401 2074 καὶ
2451 2018 2590 2073 κατά
2635 2018 2800 2089 φύσιν
2839 2017 3155 2089 κεχρημένα
3187 2019 3363 2089 φωνῇ,
3405 2017 3577 2070 οὐδε-

1980 2111 2110 2182 μίαν
2136 2113 2350 2182 ήγεῖται
2382 2109 2586 2182 ζημίαν
2611 2109 2943 2182 ἀμοιροῦντα
2968 2109 3048 2181 τῷ
3073 2109 3218 2180 λόγῳ
3244 2108 3356 2180 (85)
3376 2122 3390 2137 ⁸
3419 2106 3579 2162 κατά

1974 2203 2067 2256 τὸν
2111 2203 2272 2256 αὑτὸν
2324 2201 2546 2274 τρόπον,
2602 2203 2696 2256 καὶ
2732 2195 2815 2265 οἷς
2851 2204 2884 2272 ἡ
2914 2201 3083 2256 κακία
3117 2200 3229 2272 (84)
3279 2198 3582 2271 νομίζεται

1976 2288 2117 2347 εἶναι
2145 2293 2246 2363 τῆς
2278 2291 2424 2363 ζωῆς
2448 2290 2592 2364 ἀρχὴ
2619 2291 2730 2362 (85)
2768 2293 2864 2346 κα)⁵
2897 2289 3046 2345 αἰτία
3066 2328 3082 2356 ,
3109 2290 3211 2343 οὐκ
3239 2288 3306 2343 ἂν
3334 2291 3415 2352 εἰς
3438 2291 3578 2342 ἐπι-

1975 2383 2176 2454 θυμίαν
2203 2383 2407 2437 ἔλθοιεν
2444 2384 2544 2454 τῆς
2581 2382 2803 2454 ἀρετῆς,
2843 2380 2921 2445 ὡς
2947 2379 3056 2448 ἔξω
3081 2379 3185 2450 τῆς
3216 2378 3435 2450 φύσεως
3461 2378 3583 2433 αὺ-

1976 2477 2086 2530 τῶν
2111 2474 2296 2548 οὔσης.
2356 2474 2516 2528 ’Δλλά
2566 2473 2671 2546 μὴν
2711 2475 2845 2528 πᾶσι
2888 2475 3000 2536 τοῖς
3036 2471 3471 2543 κεκαθαρμένοις
3499 2471 3582 2526 ἐκ

1977 2568 2256 2640 λογισμῶν
2290 2569 2389 2641 τὴν
2413 2567 2591 2639 ψυχὴν
2618 2565 2708 2621 διά
2735 2564 2974 2635 σπουδῆς
2999 2581 3059 2618 τε
3088 2563 3187 2618 καὶ
3209 2560 3509 2632 ἐπιθυμίας
3542 2562 3583 2614 ὀ

1980 2659 2101 2713 κατ’
2132 2658 2244 2730 (86)
2299 2659 2499 2730 ἀρετὴν
2558 2657 2672 2728 βίος
2732 2655 2880 2710 ἐστίν
2909 2653 3046 2726 (87).
3099 2655 3244 2723 Ἀρά
3296 2651 3386 2706 διά
3436 2649 3580 2703 τού-

1979 2767 2086 2804 των
2113 2749 2226 2821 (88)
2279 2749 2465 2820 σαφῶς
2502 2745 2924 2810 ἀποδείκνυται,
2966 2745 3028 2799 τὸ
3059 2744 3135 2817 μὴ
3182 2742 3586 2816 πρεσσυτέραν

1982 2839 2122 2896 εἶναι
2161 2843 2262 2914 τῆς
2310 2841 2455 2912 ζωῆς
2500 2840 2598 2912 τὴν
2628 2839 2861 2906 κακίαν,
2912 2840 3038 2910 μήτ’
3069 2837 3180 2908 (89)
3216 2835 3425 2890 ἐκεῖθεν
3465 2835 3584 2898 τὰς

299 2955 422 3010 quae
456 2947 615 2994 extra
659 2944 915 2992 naturam
963 2950 1155 2989 eorum
1199 2934 1308 2998 sit,
1361 2933 1562 2988 adduci
1596 2948 1706 2987 non
1754 2948 1878 3002 pos-

1986 2938 2208 3005 πρώτας
2245 2932 2419 3006 ἀρχάς
2454 2931 2746 3004 ἐσχηκέναι
2767 2930 2866 3002 τὴν
2894 2929 3075 3000 φύσιν,
3107 2928 3243 2983 ἀλλά
3269 2927 3586 2996 κατάρχειν

299 3032 434 3087 siut.
474 3029 639 3101 Atqui
677 3044 868 3084 omnes
909 3027 1003 3098 qui
1044 3025 1356 3081 rationibus
1404 3025 1643 3079 animam
1678 3039 1881 3094 purga-

300 3131 414 3177 tam
453 3121 693 3184 habent,
727 3120 896 3174 vitam
927 3131 1050 3189 quae
1101 3131 1228 3172 cum
1275 3117 1482 3172 virtute
1518 3116 1880 3186 transigatur,

301 3227 521 3270 summo
550 3211 736 3268 studio
767 3219 1032 3280 appetunt
1071 3217 1236 3279 atque
1275 3210 1702 3279 concupiscunt.
1743 3209 1884 3282 Ergo

304 3320 404 3376 per
439 3304 544 3359 hoc
584 3312 772 3374 aperte
803 3302 1216 3357 demonstratur
1251 3301 1606 3357 vitiositatern
1641 3303 1751 3356 vita
1787 3317 1884 3356 au-

303 3394 598 3466 tiquiorem
629 3409 737 3448 non
766 3408 890 3450 esse
919 3412 932 3448 :
966 3408 1142 3464 neque
1172 3392 1325 3446 illinc
1353 3393 1582 3462 primam
1614 3393 1880 3464 originem

304 3495 560 3542 naturam
593 3485 893 3549 habuisse,
929 3485 1026 3541 sed
1072 3486 1198 3540 vita:
1247 3495 1457 3542 naturae
1502 3494 1787 3541 auctorem
1830 3494 1884 3541 et

304 3593 530 3635 causam
559 3593 684 3634 esse.
715 3579 1042 3648 sapientiam
1073 3575 1207 3642 Dei,
1237 3593 1360 3648 quae
1397 3593 1580 3632 rerum
1613 3585 1873 3631 naturam

305 3670 618 3727 universam
651 3669 1001 3725 administrat
1035 3676 1200 3739 atque
1228 3669 1513 3738 gubernat.
1539 3668 1675 3723 Cum
1701 3679 1881 3724 autem

305 3760 489 3814 anima
528 3758 990 3829 quemadmodum
1033 3759 1271 3814 creatori
1312 3759 1526 3829 placet,
1585 3759 1639 3813 in
1693 3773 1882 3814 rerum

307 3861 557 3905 naturam
598 3852 948 3922 provenerit,
998 3859 1131 3907 tunc
1167 3852 1234 3907 ad
1275 3852 1568 3909 arbitrium
1617 3867 1736 3907 eam
1782 3853 1883 3906 eli-

306 3956 469 4007 gere,
523 3941 669 4010 quod
708 3941 921 4011 placeat
959 3949 1122 4013 atque
1160 3942 1312 3998 cordi
1357 3942 1464 4008 sit,
1512 3953 1568 3996 et
1610 3943 1880 4014 quidquid

309 4049 404 4101 per
441 4031 756 4088 facultatem
790 4035 1025 4106 eligendi
1056 4035 1408 4090 arbitrarium
1444 4050 1569 4091 esse
1599 4037 1879 4100 voluerit,

306 4125 358 4178 id
394 4127 560 4180 etiam
601 4125 853 4181 evadere.
901 4125 1054 4180 lianc
1085 4135 1268 4180 autem
1303 4128 1631 4182 sententiam
1667 4129 1882 4184 discere

306 4215 586 4287 possimus
622 4216 690 4270 ab
721 4216 1080 4272 similitudine
1113 4217 1292 4281 oculi,
1323 4217 1415 4288 qui
1451 4225 1510 4273 ut
1546 4219 1727 4276 videat
1758 4223 1880 4291 qni-

1986 3025 2142 3096 ἡμῶν
2177 3027 2276 3096 τῆς
2307 3025 2451 3094 ζωῆς
2495 3023 2596 3094 τὴν
2635 3022 2696 3077 τὸ
2739 3024 2848 3077 πᾶν
2880 3019 3267 3093 οίκονομοῦσαν
3290 3020 3386 3073 τοῦ
3427 3017 3582 3072 Θεοῦ

1987 3115 2196 3185 σοφίαν.
2252 3113 2542 3167 Ἐλθοῦσαν
2591 3113 2647 3167 δὲ
2682 3112 2762 3176 είς
2792 3113 3009 3182 γένεσιν
3047 3111 3147 3183 τὴν
3198 3110 3378 3182 ψυχὴν
3424 3107 3585 3162 κατὰ

1982 3208 2075 3260 τὸν
2103 3205 2408 3277 ἀρέσκοντα
2444 3205 2649 3278 τρόπον
2684 3204 2763 3276 τῷ
2794 3204 3066 3272 κτίσαντι,
3093 3204 3216 3258 τότε
3256 3203 3378 3258 κατ’
3410 3201 3579 3265 ἐξου-

1986 3302 2106 3356 σίαν
2149 3301 2319 3372 αὐτὴν
2357 3301 2632 3374 αἱρεῖσθαι
2669 3300 2731 3354 τὸ
2775 3299 2917 3355 κατὰ
2948 3299 3174 3372 γνώμην
3210 3301 3276 3355 ὲκ
3317 3299 3418 3370 τῆς
3453 3299 3580 3370 (90)

1984 3393 2377 3466 προαιρετικῆς
2394 3393 2702 3464 δυνάμεως,
2719 3393 2746 3446 ὅ
2765 3392 2818 3447 τί
2837 3410 2941 3465 περ
2967 3393 3034 3447 ἂν
3062 3392 3234 3446 ἐθέλει
3264 3392 3377 3462 (91)
3405 3389 3581 3444 τοῦτο

1984 3486 2080 3540 καὶ
2119 3485 2430 3558 γινομένην.
2459 3484 2744 3555 Μάθοιμεν
2770 3485 2816 3540 δ’
2843 3484 2910 3538 ἂν
2937 3484 3028 3538 τὸν
3053 3484 3210 3554 λόγον
3235 3485 3304 3537 ἐκ
3325 3483 3420 3538 τοῦ
3456 3484 3577 3538 τῶν

1982 3577 2277 3648 ὀφθαλμῶν
2306 3577 2414 3649 (9‘2)
2432 3576 2850 3648 ύποδείγματος,
2880 3569 2924 3646 ᾧ
2958 3577 3019 3631 τὺ
3042 3577 3140 3648 μὲν
3162 3577 3296 3647 όρᾷν
3326 3577 3478 3628 ἐστιν
3502 3580 3575 3632 ἐκ

1984 3669 2219 3739 φύσεως,
2247 3669 2306 3722 τὸ
2325 3669 2381 3723 δὲ
2411 3668 2487 3741 μὴ
2513 3669 2644 3740 όρᾷν
2669 3669 2733 3722 ὲκ
2754 3667 3130 3741 προαιρέσεως
3151 3668 3187 3738 ἢ
3209 3667 3304 3722 καὶ
3332 3666 3572 3731 πάθους.

1983 3761 2198 3815 Γένοιτο
2236 3760 2345 3833 γάρ
2389 3760 2454 3816 ἄν
2483 3778 2612 3814 ποτε
2647 3761 2742 3816 καὶ
2792 3759 2855 3815 τὸ
2903 3760 3055 3831 παρά
3091 3759 3254 3828 φύσιν
3281 3759 3396 3830 (93;
3441 3759 3577 3812 ἀντὶ

1981 3852 2082 3922 τῆς
2109 3850 2398 3921 φύσεως,ῆ
2428 3850 2860 3914 έκουσίως’τινὸς
2892 3849 2982 3903 τὸν
3003 3848 3283 3920 ὀφθαλμὸν
3313 3849 3574 3920 μύοντος,

1983 3943 2017 4014 ἢ
2069 3945 2134 3997 ὲκ
2175 3942 2381 4007 πάθους
2421 3943 2773 4014 στερηθέντος
2818 3944 2914 4013 τῆς
2946 3941 3142 4012 ὅψεως.
3187 3942 3372 4006 Οῦτως
3417 3941 3578 3995 ἐστιν

1983 4036 2176 4100 εἰπεῖν,
2215 4037 2309 4091 καὶ
2348 4038 2414 4108 τῇ
2475 4037 2620 4108 ψυχῇ
2656 4035 2838 4090 θεόθεν
2876 4038 2974 4108 μὲν
3025 4030 3166 4090 εἶναι
3217 4035 3319 4104 τὴν
3362 4034 3578 4088 σύστα-

1988 4145 2071 4183 σιν
2112 4129 2246 4200 (94),
2283 4129 2550 4200 μηδεμιᾶς
2583 4129 2639 4183 δὲ
2685 4129 2980 4200 νοουμένης
3014 4128 3144 4200 περὶ
3173 4127 3234 4182 τὸ
3265 4128 3419 4181 Θεὶον
3460 4145 3576 4180 κα-

1985 4221 2128 4283 κίας,
2161 4220 2265 4287 ἔξω
2293 4221 2393 4289 τῆς
2423 4218 2542 4274 κατ’
2577 4219 2746 4291 αὐτὴν
2780 4220 3023 4290 ἀνάγκης
3047 4215 3222 4273 εἶναι·
3265 4219 3578 4289 γενομένην

304 4285 429 4362 dem
459 4322 489 4362 a
523 4315 718 4362 natura
737 4307 920 4373 habet,
955 4315 1013 4361 ut
1045 4316 1227 4363 autem
1262 4285 1374 4363 non
1393 4310 1598 4376 videat,
1630 4327 1696 4367 ex
1726 4285 1877 4366 arbi-

1986 4313 2043 4366 δὲ
2080 4285 2254 4376 οὕτως
2291 4285 2361 4382 τῆ
2394 4312 2500 4384 ἰδία
2535 4285 2728 4382 γνὼμῂ
2763 4285 2990 4382 πρὸς-τό
3016 4311 3206 4364 δοκοῦν
3247 4285 3500 4378 ἀγεσθαι,
3526 4285 3576 4380 ’ἢ

305 4399 418 4453 trio
456 4412 519 4453 ac
555 4399 900 4470 praecedente
933 4399 1243 4464 voluntate,
1281 4402 1366 4457 vel
1419 4403 1581 4456 etiam
1631 4417 1697 4458 ex
1750 4405 1882 4459 vitio

305 4499 469 4560 atque
506 4489 844 4544 calamitate.
888 4487 993 4544 Pro
1024 4499 1222 4545 natura
1249 4492 1396 4546 enim
1435 4493 1732 4562 aliquando
1768 4495 1882 4550 fieri

307 4587 489 4650 potest
521 4580 690 4636 etiam
726 4581 782 4635 id
813 4580 957 4650 quod
991 4589 1188 4651 praeter
1220 4591 1473 4637 naturam
1508 4594 1624 4648 est,
1660 4593 1753 4638 aut
1787 4600 1879 4637 vo-

377 4760 491 4834 ξςί)
537 4760 1027 4834 Ἇνερματργτωτς.
1055 4760 1095 4812 A
1127 4761 1178 4813 in
1216 4762 1456 4830 margine
1475 4762 1875 4834 ἁκυδερνήτων.

375 4800 491 4892 (7⁵2)
525 4800 878 4885 ’λ’ζιῖιΐὲἓῗὲ
895 4800 1140 4884 Ἠλὶ)ῖὲιῖ

375 4899 490 4969 (75)
521 4901 643 4954 Σὺν
674 4902 850 4968 τύχῃ.
878 4901 942 4961 Α,
976 4901 1015 4951 Β
1038 4899 1348 4968 συντυχίαν.

382 4970 496 5049 lli)
529 4969 800 5049 Ἀρετῆς·
832 4971 877 5049 B.
897 4969 1145 5049 ἀρχῆς,
1233 5038 1258 5048 -

378 5039 492 5105 (75)
527 5039 648 5092 Τῶν
672 5039 1074 5103 ἐναντίωντᾺ,
1107 5039 1149 5090 Β
1170 5039 1260 5092 τοῦ
1289 5041 1550 5094 ἐναντίου.

637 5109 736 5186 δέ.-
756 5111 881 5186 Αᾼξ
902 5110 964 5162 τὺ
987 5109 1144 5186 μηδέ,

379 5128 494 5186 (ω)
538 5128 605 5163 ιο
637 5128 723 5162 οε.
756 5128 820 5177 Α,
842 5128 881 5162 υ
902 5128 1057 5232 cogn]

375 5178 493 5249 (Τί)
533 5180 602 5233 'Il
621 5181 879 5250 πρόςηΑί
903 5197 976 5250 πρ
1013 5197 1057 5240 ς.

382 5247 498 5309 U8)
538 5247 977 5314 Ἀνταπόδοσιρ.
1006 5251 1045 5300 Β
1073 5247 1471 5312 ἀνταποδόσεις.

381 5319 494 5388 (7.9)
515 5318 928 5371 Πεπίστευται.
958 5320 998 5369 Β
1032 5321 1366 5373 πιστεύεται.

381 5387 494 5451 (80)
525 5389 599 5442 Δὲ
627 5389 744 5440 καί.
767 5391 808 5440 Α
842 5390 883 5440 Β
902 5389 945 5441 δ’
969 5389 1035 5440 ἂν
1062 5391 1174 5442 καί.

384 5459 498 5526 (81)
541 5457 830 5522 Ἐγένετο.
858 5460 920 5520 Α,
958 5459 998 5508 Β
1035 5458 1330 5526 ἐγγένοιτο.

384 5529 498 5594 (82)
541 5528 808 5594 Ἁλόγων.
842 5535 904 5591 Δ,
935 5527 993 5580 Β.
1026 5531 1233 5582 addunt
1266 5528 1436 5591 ξύλων.

383 5601 494 5656 (55)
537 5597 619 5659 Td)
644 5600 821 5661 λόγῳ.
859 5599 926 5662 Λ,
952 5599 991 5648 Β
1020 5598 1109 5649 τοῦ
1138 5598 1314 5665 λόγου.

1988 4405 2053 4457 ἐκ
2079 4403 2447 4474 προαιρέσεως
2470 4403 2606 4473 πρὸς
2635 4402 2694 4456 τὸ
2723 4402 2884 4456 καλὸν
2906 4401 3263 4472 ἐπιμύουσαν,
3289 4401 3323 4472 ἢ
3352 4400 3412 4464 ea
3445 4401 3577 4452 ἐπι-

1992 4493 2189 4563 ϐουλῆς
2221 4493 2314 4546 τοῦ
2347 4493 2718 4559 συνοικοῦντος
2750 4493 2907 4565 ἡμῶν
2933 4495 3004 4564 τῇ
3033 4491 3144 4563 ζωῇ
3181 4491 3416 4562 πολέμου
3449 4490 3574 4573 (95)

1987 4587 2078 4639 τὸν
2111 4584 2384 4656 ὀφθαλμὸν
2431 4585 2833 4656 βλαπτομένην,
2875 4585 2968 4639 καὶ
3007 4586 3066 4638 ὲν
3100 4583 3178 4656 τῷ
3219 4585 3317 4656 τῆς
3349 4582 3576 4652 ἀπάτης

2063 4765 2176 4833 (84)
2207 4765 2276 4820 ἸΙ
2293 4765 2491 4820 κακία.
2521 4766 2562 4817 Β
2585 4765 2772 4820 κακία.

2062 4836 2175 4957 (ἓξὲξ
2217 4837 2480 4925 μρχήηΑ
2503 4839 2536 4907 ὴ
2566 4837 2730 4957 ἀξςχήο

2136 4927 2152 4957 )
2239 4911 2280 4957 0
2305 4924 2411 4957 κατ
2450 4907 2491 4957 Β
2512 4909 2603 4957 ὲσ..
2631 4925 2658 4957 ν
2684 4905 2712 4957 ὁ

2062 4905 2175 4970 (86)
2219 4906 2280 4958 Ὁ
2305 4906 2430 4960 κατ’
2450 4907 2491 4958 Β
2512 4905 2712 4959 ἐστὶνό
2747 4906 2888 4959 κατ’.

2059 4977 2176 5041 (87)
2220 4977 2445 5030 Ἐστίν.
2470 4976 2614 5030 llelet
2630 4977 2691 5030 Β.

2059 5047 2172 5114 (88)
2205 5048 2453 5101 Τούτων.
2478 5047 2542 5108 Α,
2574 5044 2616 5097 Β
2636 5045 2848 5100 τούτου.

2061 5117 2171 5183 (89)
2201 5115 2369 5182 Μήτ’.
2399 5119 2464 5180 Α,
2489 5116 2549 5169 Β.
2582 5115 2740 5185 μηδέ.

2061 5186 2174 5252 (90)
2225 5188 2323 5240 Ἐκ
2343 5185 2468 5250 τῆς.
2496 5185 2538 5238 Α
2569 5183 2622 5238 in
2647 5183 2894 5253 margine
2909 5183 3015 5236 διά.

2060 5255 2173 5321 (9|)
2219 5257 2462 5309 Ἐθέλει.
2491 5257 2552 5318 Α,
2581 5255 2622 5306 B
2644 5253 2821 5324 ἐθέλῃ.

2060 5326 2170 5395 (92)
2201 5324 2320 5378 Τῶν·
2342 5324 2678 5394 ὀφθαλμῶν.
2696 5322 2836 5395 νΑζΒ
2859 5323 3000 5377 κατά
3024 5324 3114 5378 τὸν
3144 5322 3446 5395 ὀφθαλμόν.

2058 5394 2169 5463 (95)
2199 5397 2411 5449 Φύσιν.
2441 5397 2486 5447 Α
2509 5396 2608 5463 τὴν
2638 5394 2820 5462 φύσιν.

2062 5465 2170 5535 (Μ)
2211 5467 2572 5518 rivo-ratur.
2608 5465 2671 5536 ιχ,
2712 5464 2753 5514 Β
2782 5465 3038 5536 σύστασιν
3070 5464 3257 5536 αὐτῆς.

2065 5534 2176 5606 (95)
2216 5536 2504 5604 Πολέμου.
2545 5536 2606 5596 Α,
2639 5535 2677 5585 Β
2718 5534 2994 5605 πολεμίου.

3793 1989 3795 2066 1

3793 2389 3795 2546 γ
