3844 6226
448 286 554 342 r23
1497 267 1505 275 '
1654 283 1712 341 s.
1748 284 2054 342 cessem

2170 284 2408 343 YSSENI
3612 265 3735 335 12⁸

443 404 717 473 Quoniam
768 403 936 477 igitur
979 420 1091 460 una
1142 404 1366 477 quidem
1416 418 1600 462 rerum
1634 405 2055 479 universarum‘

2166 405 2245 476 πεῷ
2271 404 2415 459 κατά
2443 404 2505 457 τὸ
2533 404 2830 473 ἀγέννητον
2865 400 2981 473 (l7)
3010 403 3078 475 τῇ
3115 401 3378 471 ἀῖδι6τητι
3425 396 3521 453 τοῦ
3565 395 3732 458 ὄντος

444 514 615 552 Causa
640 504 760 559 est,
791 512 893 551 nec
919 496 1168 567 ejusdem
1193 514 1316 552 cum
1342 511 1604 567 suprema
1630 504 1831 551 natura
1856 511 2024 567 gene-

2166 496 2503 569 αρισουμένη
2524 513 2539 526 '
2571 496 2711 567 ὅπερ
2736 495 2803 565 δὴ
2832 495 2930 550 καὶ
2960 496 3254 565 Μανιχαῖοι
3288 490 3728 561 φαντασθέντες,

446 592 525 644 ris
554 596 684 643 sunt
710 604 775 644 ea
802 604 926 659 quae
955 604 1053 659 per
1079 590 1230 643 illam
1265 598 1552 660 procreata
1583 595 1719 644 sunt
1744 607 1761 644 :
1794 604 1897 659 par
1935 589 2025 643 ni-

2166 588 2221 641 αί
2249 605 2395 652 τινες
2422 590 2523 659 τῆς
2565 585 2894 658 Ἑλληνικῆς
2922 585 3242 655 φιλοσοφίας
3273 584 3386 655 (i8)
3418 584 3538 644 ταῖς
3580 579 3732 638 ἰσαις

449 682 667 743 mirum,
707 677 1001 752 utriusque
1053 682 1334 752 opinionis
1374 680 1691 739 absurditas
1732 690 1857 743 est.
1908 679 2028 737 sive

2166 678 2410 742 πονοίαις
2450 676 2891 749 συνενεχθέντες,
2923 676 3099 748 δόγμα
3126 675 3225 748 τὴν
3252 672 3559 744 φαντασίαν
3587 668 3730 722 ταύ-

446 770 576 838 quis
613 779 765 838 putet
793 786 858 826 ex
894 778 1091 826 natura
1126 770 1223 826 Dei
1257 779 1602 835 creaturam,
1637 768 1759 825 sive
1794 782 1863 823 ex
1915 767 2029 822 alia

2166 788 2233 842 ην
2266 770 2614 842 πεποίηνται.

449 863 707 935 quapiam
762 865 1007 920 essentia
1052 879 1141 919 res
1186 870 1418 920 cunctas
1452 863 1507 917 in
1547 877 1733 918 rerum
1778 868 2030 916 naturam
2070 864 2374 934 productas
2411 881 2537 921 esse
2574 883 2589 919 :
2623 872 2719 919 aut
2748 879 2896 920 enim
2929 875 3141 918 Numen
3198 875 3421 933 quoque
3469 858 3729 914 divinum

446 953 880 1024 proprietatibus
907 963 1120 1009 natura:
1154 953 1442 1024 praeditum
1484 968 1614 1010 esse
1652 950 2086 1018 existimabitur,
2125 955 2399 1026 siquidem
2442 955 2690 1027 ejusdem
2723 971 2852 1011 cum
2887 955 2998 1011 Deo
3032 956 3254 1026 generis
3316 960 3445 1008 sunt
3473 965 3539 1006 ea
3603 964 3733 1019 qua:

452 1046 597 1102 facta
637 1055 804 1119 atque
836 1058 1022 1103 creata
1064 1056 1197 1104 sunt
1221 1066 1240 1104 :
1273 1055 1369 1102 aut
1397 1046 1586 1117 aliqua
1617 1054 1821 1101 natura
1855 1046 2156 1105 materialis
2188 1058 2345 1105 extra
2373 1048 2616 1104 divinam
2683 1051 2984 1105 essentiam
3052 1049 3323 1104 adversus
3391 1045 3563 1102 Deum
3636 1045 3731 1099 in-

451 1139 799 1203 troducetur,
834 1145 1045 1193 etcum
1078 1152 1148 1194 eo
1189 1138 1628 1208 comparabitur,
1656 1151 1782 1207 qua:
1821 1136 2038 1192 ratione
2076 1153 2188 1194 non
2252 1139 2451 1210 genita
2518 1140 2909 1211 proprietatis,
2954 1153 3078 1195 eum
3126 1135 3562 1208 sempiternitate
3601 1133 3733 1204 eius

451 1230 684 1300 quiest,
734 1228 1093 1299 adaequetur:
1141 1227 1291 1301 quod
1339 1228 1603 1284 nimirum
1646 1228 1815 1285 etiam
1849 1227 2143 1287 Manichaei
2172 1232 2575 1303 imaginati,et
2625 1231 2877 1286 nonnulli
2938 1246 3008 1286 ex
3069 1228 3388 1285 Graecanica
3449 1226 3732 1298 sapientia

438 1311 664 1378 eisdem
707 1320 1066 1393 opinionibus
1113 1321 1367 1389 assensi,
1412 1337 1512 1394 pro
1550 1329 1704 1378 certa
1745 1322 2041 1394 stabilique
2072 1327 2350 1383 sententia
2385 1327 2529 1383 hanc
2553 1325 3004 1398 imaginationem
3035 1323 3371 1379 habuerunt.

524 1457 597 1514 Ut
623 1472 758 1528 ergo
782 1457 1020 1512 maxime
1042 1455 1370 1526 eﬂ‘ugiamus
1391 1464 1446 1511 et
1472 1455 1744 1511 evitemus
1767 1468 1889 1510 eam
1915 1470 2040 1526 quae

2224 1461 2317 1525 Ὦς
2345 1459 2415 1515 ἃν
2463 1459 2698 1532 μάλιστα
2744 1454 2840 1515 οὖν
2890 1458 3225 1530 ἐκφύγοιμεν
3254 1458 3355 1530 τὴν
3385 1456 3485 1527 ἀφ’
3518 1457 3732 1511 ἑκατέο

452 1567 519 1608 ex
541 1558 775 1620 utraque
796 1557 953 1619 parte
977 1548 1197 1604 exsistit
1217 1547 1619 1604 absurditatem
1642 1546 1699 1601 in
1722 1545 2035 1617 quaestione

2166 1568 2238 1606 ›ου
2270 1551 2382 1623 (19)
2409 1551 2640 1607 ἀτοπίαν
2667 1552 2726 1605 ὲν
2751 1554 2817 1623 τῇ
2850 1551 3076 1623 ζητήσει
3115 1551 3227 1605 τῶν
3251 1550 3440 1613 ὄντων,
3475 1549 3633 1603 κατά
3670 1549 3736 1603 τι

449 1645 524 1702 de
550 1646 716 1699 rebus
744 1641 1042 1707 universis,
1070 1640 1319 1711 exemplo
1347 1638 1538 1706 Pauli,
1564 1638 1834 1693 rationem
1855 1676 1870 1703 ,
1896 1652 2029 1708 quo.

2166 1643 2227 1698 οὗ
2275 1643 2601 1699 ’Δποστὸλου
2636 1642 2750 1715 (20)
2782 1642 3119 1713 ὑπόδειγμα,
3153 1640 3736 1711 ἀπολυπραγμόνητον

456 1733 620 1788 modo
653 1730 1089 1802 unumquodque
1122 1738 1379 1798 creatum
1406 1729 1515 1794 sit,
1544 1727 1836 1799 explorare
1872 1734 2041 1798 atque

2166 1734 2230 1789 :bv
2274 1734 2432 1804 λόγον
2478 1735 2571 1789 τὸν
2612 1735 2740 1805 περ)⁵
2771 1733 2888 1800 τοῦ,
2919 1733 3038 1797 πῶς
3075 1732 3305 1786 ἕκαστον
3344 1731 3517 1797 ἐστιν,
3556 1747 3737 1785 κατα-

454 1825 696 1883 scrutari
743 1822 1262 1895 praetermittamus,
1300 1828 1517 1876 tantum
1564 1818 1746 1876 obiter
1773 1818 2042 1874 duntaxat

457 1915 802 1980 iudicantes,
847 1912 997 1985 quod
1038 1920 1226 1969 motus
1270 1912 1474 1967 divinae
1511 1910 1816 1968 voluntatis
1845 1925 1913 1967 ae
1939 1909 2041 1966 de-

458 2005 795 2069 stinationis,
821 2019 950 2060 cum
980 2002 1238 2068 voluerit,
1273 2017 1364 2059 res
1398 2002 1458 2057 tit
1487 2010 1541 2057 et
1564 2001 1825 2057 voluntas
1850 2001 1920 2056 ad
1949 2016 2046 2057 οε·-

459 2097 693 2153 sentiam
720 2103 776 2151 et
798 2093 1054 2152 eﬂectum
1084 2091 1373 2163 redigitur;
1404 2091 1659 2164 protinus
1686 2097 1884 2146 natura
1913 2103 2046 2146 eva-

450 2191 633 2251 deus,
668 2189 798 2258 quia
833 2186 1203 2258 quodcunque
1234 2185 1422 2241 dixina
1470 2192 1717 2255 potestas
1768 2183 2047 2253 sapienter

462 2278 672 2347 pariter
693 2283 749 2334 et
771 2275 1071 2331 artiﬁciose
1092 2274 1350 2337 voluerit,
1369 2273 1425 2329 id
1449 2273 1785 2329 voluntatem
1809 2286 2005 2328 vanam
2025 2309 2043 2337 ,

452 2367 795 2423 .ineﬂicacem
823 2373 879 2422 et
906 2367 1117 2436 absque
1141 2364 1340 2422 et'l'ectu
1371 2380 1500 2421 esse
1530 2380 1643 2420 non
1674 2363 1908 2435 patitur.
1937 2361 2048 2418 Vo-

467 2461 696 2515 lnntatis
720 2467 902 2513 autem
934 2456 1260 2513 exsistentia
1289 2466 1453 2527 atque
1485 2456 1830 2518 substantia,
1857 2468 2049 2510 essen-

453 2551 679 2605 Jiaest.
709 2547 848 2604 Cum
884 2556 1067 2603 autem
1099 2546 1356 2603 bifariam
1401 2546 1595 2602 divisa:
1635 2545 1750 2603 sint
1796 2559 1889 2601 res
1929 2544 2052 2600 uni-

453 2657 673 2706 versae,
703 2649 822 2696 tum
858 2640 915 2695 in
950 2639 1325 2695 intellectuale
1348 2640 1530 2710 (quod
1555 2653 1681 2695 cum
1708 2647 1892 2695 mente
1927 2637 2049 2693 sola

454 2739 685 2788 «constat
712 2739 770 2787 et
798 2730 1113 2802 intelligens
1154 2737 1279 2795 est,
1324 2737 1440 2784 tum
1486 2735 1672 2785 mente
1714 2728 1837 2785 sola
1882 2737 2052 2799 atque

457 2825 832 2895 intelligentia
863 2824 1112 2880 cernitur
1140 2832 1198 2880 et
1230 2823 1793 2895 comprehenditur),
1826 2831 1946 2879 tum
1994 2824 2050 2879 in

470 2916 788 2985 corporale,
837 2914 1294 2971 intellectualium
1343 2913 1567 2986 quidem
1621 2922 1881 2972 creatura
1938 2928 2051 2970 non

470 3007 688 3062 videtur
717 3007 905 3078 aliquo
931 3005 1097 3062 modo
1130 2985 1450 3076 discrepare
1478 3019 1543 3061 ac
1576 3004 1798 3063 diversa
1824 3020 1950 3062 esse
1978 3005 2049 3061 ab
2074 2985 2119 3045 (ἶ

474 3099 783 3170 incorporei
810 3107 1012 3153 natura
1035 3138 1051 3161 ,
1087 3097 1182 3154 sed
1214 3113 1339 3154 esse
1365 3112 1434 3153 ex
1465 3098 1810 3169 propinquo,
1846 3097 2052 3170 quippe

474 3206 599 3245 cum
632 3190 711 3255 id,
735 3190 881 3260 quod
912 3190 1093 3245 visum
1124 3197 1180 3246 et
1203 3196 1436 3255 tactum,
1456 3188 1862 3245 dimensionem
1889 3197 2055 3260 atque

477 3281 825 3338 intervallum
853 3280 1063 3352 eﬂ‘ugit,
1107 3280 1387 3337 ostendat.
1429 3279 1587 3346 Quod
1629 3281 1821 3351 utique
1858 3281 1906 3337 si
1930 3280 2057 3351 quis

460 3375 642 3428 etiam
675 3373 743 3429 de
775 3386 1037 3443 suprema
1063 3378 1266 3426 natura
1301 3371 1640 3442 suspicetur,
1675 3388 1786 3428 non
1819 3372 2053 3428 errabit.

460 3464 653 3520 .Porro
676 3479 803 3519 cum
833 3477 1101 3535 corporea
1130 3471 1387 3519 creatura
1417 3463 1565 3520 inter
1599 3478 1696 3520 eas
1740 3464 2058 3535 preprietao

464 3567 562 3619 ,tes
591 3572 715 3628 quae
742 3556 951 3612 nullam
974 3571 1100 3612 cum
1130 3555 1321 3612 divino
1348 3554 1587 3613 Numine
1614 3557 2057 3613 communionem

462 3650 684 3705 ,lmbent
703 3688 719 3712 ,
754 3653 1038 3718 spectetur
1065 3655 1236 3718 atque
1265 3647 1650 3703 consideretur
1680 3688 1698 3714 ,
1740 3663 1916 3719 eaque
1960 3662 2062 3718 po—

465 3740 756 3797 .tissinrum
785 3754 1040 3811 magnam
1073 3739 1224 3794 illam
1257 3738 1630 3795 diﬂicultatem
1676 3755 1743 3794 ac
1790 3740 2064 3812 perplexi-

470 3842 648 3897 ,tatem
674 3833 875 3889 rationi
901 3834 1187 3906 ingeneret
1203 3870 1220 3899 ,
1247 3847 1373 3904 qua:
1397 3833 1538 3887 ratio
1565 3833 1876 3904 perspicere
1899 3840 2065 3903 atque

468 3925 920 3981 animadvertere
958 3940 1071 3979 non
1108 3930 1325 3995 potest,
1356 3939 1470 3995 quo
1500 3932 1661 3994 pacto
1699 3937 1766 3978 ex
1797 3922 2064 3979 invisibili

472 4014 763 4073 exstiterit
790 4015 844 4070 id
874 4013 1021 4085 quod
1046 4014 1311 4069 videtur?
1336 4030 1402 4070 ex
1428 4028 1497 4068 eo
1532 4012 1683 4082 quod
1708 4021 1914 4067 tactum
1937 4011 2068 4067 etl‘u—

478 4106 566 4176 git
584 4147 600 4173 ,
628 4105 865 4161 solidum
894 4117 1056 4176 atque
1077 4103 1276 4160 durum
1300 4120 1315 4171 ;
1341 4119 1408 4161 ex
1434 4103 1719 4160 indeﬁnito
1745 4103 2064 4166 deﬁnitum:

2138 1825 2428 1897 λείψομεν,
2488 1824 2745 1879 τοσοῦτον
2789 1822 3336 1896 παρασημαινόμενοι
3363 1821 3477 1890 (21)
3540 1821 3735 1893 μόνον,

2139 1916 2224 1971 ὅτι
2253 1919 2287 1988 ή
2316 1915 2461 1989 ὁρμὴ
2484 1915 2583 1987 τῆς
2616 1915 2768 1981 θείας
2793 1914 3185 1987 προαιρέσεως,
3214 1913 3344 1967 ὅταν
3380 1911 3557 1966 ἐθέλει
3587 1912 3732 1984 (22),

2142 2006 2375 2077 πρᾶγμα
2417 2006 2664 2076 γίνεται,
2718 2007 2814 2060 καὶ
2865 2004 3142 2060 ούσιοῦται
3194 2004 3257 2058 τὸ
3305 2002 3583 2075 βούλευμα
3617 2003 3735 2075 (25)

2141 2096 2306 2161 εὐθὺς
2348 2099 2384 2168 ή
2420 2096 2583 2167 φύσις
2631 2097 2743 2169 (24)
2791 2096 3105 2168 γινόμενον.
3156 2095 3260 2166 τῆς
3309 2095 3737 2167 παντοδυνάμου

2146 2186 2412 2254 ἐξουσίας,
2435 2189 2571 2260 ὅπερ
2598 2189 2665 2243 ἂν
2698 2188 2879 2258 σοφῶς
2903 2204 2961 2241 τε
2988 2189 3082 2241 καὶ
3101 2186 3364 2258 τεχνικῶς
3395 2186 3561 2260 ἐθέλῃ
3587 2187 3735 2256 (25),

2148 2278 2223 2350 μὴ
2250 2278 2619 2334 ἀνυπόστατον
2657 2280 2917 2353 ποιούσης
2944 2278 3005 2334 τὸ
3033 2278 3266 2350 θέλημα.
3309 2280 3374 2333 Ἦ
3409 2279 3465 2334 δὲ
3504 2279 3606 2334 τοῦ
3646 2279 3739 2334 θε-

2144 2367 2388 2439 λήματος
2428 2366 2660 2441 ὑπαρξις
2705 2369 2863 2425 οὐσία
2919 2371 3058 2424 ὲστί.
3095 2368 3232 2440 Διχῆ
3281 2368 3340 2423 δὲ
3381 2368 3741 2439 διακρινομέ-

2146 2469 2253 2507 νων
2280 2452 2392 2524 (26)
2420 2454 2530 2509 τῶν
2551 2454 2744 2523 ὄντων,
2772 2458 2854 2521 είς
2883 2456 2945 2510 τὺ
2970 2456 3154 2526 νοερόν
3180 2473 3240 2510 τε
3263 2455 3358 2510 καὶ
3386 2458 3739 2527 σωματικόν⁸

2147 2548 2182 2618 ἠ
2209 2547 2308 2618 μὲν
2330 2547 2438 2603 τῶν
2473 2547 2677 2619 νοερῶν
2712 2547 2890 2613 κτίσις
2912 2549 2973 2602 οὑ
3015 2549 3165 2604 δοκεῖ
3203 2565 3322 2612 πως
3367 2548 3608 2619 ἀπᾴδειν
3643 2549 3736 2618 τῆς

2147 2639 2242 2693 τοῦ
2266 2638 2559 2710 ἀσωμάτου
2581 2640 2817 2711 φύσεως,
2848 2639 2964 2694 ἀλλ’
2998 2641 3062 2693 ὲκ
3081 2638 3178 2693 τοῦ
3208 2639 3476 2709 σύνεγγυς
3508 2634 3666 2693 εἶναι
3685 2640 3738 2693 τὸ

2148 2727 2328 2792 ἀειδές
2348 2745 2408 2782 τε
2437 2730 2533 2784 καὶ
2558 2730 2762 2798 ἀναφὲς
2781 2728 2877 2784 καὶ
2901 2728 3220 2783 ἀδιάστατον
3252 2727 3581 2783 δεικνύουσα
3601 2728 3735 2800 (9.7).

2153 2819 2332 2891 Ὅπερ
2355 2817 2420 2891 δή
2456 2819 2552 2874 καὶ
2579 2819 2711 2891 περὶ
2741 2819 2842 2892 τὴν
2879 2818 3279 2891 ὑπερκειμένην
3303 2817 3469 2888 φύσιν
3489 2819 3737 2873 ὑπονοῶν

2151 2927 2236 2975 τις
2260 2911 2362 2981 οὐχ
2391 2911 2787 2983 ἁμαρτήσεται.
2819 2910 2932 2983 Τῆς
2960 2911 3020 2964 δὲ
3060 2911 3375 2983 σωματικῆς
3409 2910 3663 2975 κτίσεως
3686 2912 3738 2965 ὲν

2151 3001 2532 3073 ἀκοινωνήτοις
2558 3002 2634 3067 ὼς
2654 3003 2791 3074 πρὸς
2812 3002 2873 3056 τὸ
2900 3002 3054 3056 Θεϊον
3080 3005 3195 3068 τοῖς
3225 3001 3481 3074 ίδιώμασι
3508 3001 3740 3073 θεωρου-

2154 3091 2356 3162 μένης·
2405 3091 2501 3145 καὶ
2546 3090 2755 3162 ταύτην
2786 3090 2900 3162 (28)
2945 3091 3182 3163 μάλιστα
3215 3090 3315 3164 τὴν
3351 3090 3562 3163 πολλὴν
3600 3092 3739 3163 ἀμηο

2152 3184 2344 3255 χανίαν
2374 3184 2708 3256 ἐμποιούσης
2739 3184 2816 3254 τῷ
2844 3184 3007 3254 λόγῳ,
3040 3184 3117 3256 μὴ
3145 3183 3443 3256 δυναμένου
3477 3187 3738 3249 κατιδεῖν,

2155 3276 2274 3339 πῶς
2300 3277 2366 3330 ὲκ
2382 3274 2477 3330 τοῦ
2494 3276 2724 3349 ἀοράτου
2745 3276 2805 3330 τὸ
2829 3276 3135 3348 ὁρώμενον;
3171 3278 3237 3331 ὲκ
3269 3276 3367 3331 τοῦ
3404 3277 3666 3346 ἀναφοῦς
3685 3277 3741 3331 rb

2158 3367 2383 3439 στερᾢ
2405 3368 2501 3421 καὶ
2521 3368 2832 3435 ἀντίτυπον,
2847 3369 2912 3422 ὲκ
2938 3367 3034 3423 τοῦ
3055 3369 3306 3441 ἀορίστου
3326 3369 3389 3423 τδ
3406 3368 3742 3441 ὡρισμένον,

2156 3462 2222 3515 ὲκ
2241 3459 2331 3515 τοῦ
2347 3460 2550 3514 ἀπόσου
2570 3477 2632 3514 τε
2654 3460 2748 3515 καὶ
2767 3460 3037 3532 ἁμεγέθου
3057 3460 3169 3533 (‘29)
3189 3461 3251 3516 τὺ
3273 3462 3493 3526 πάντως
3523 3462 3745 3534 μέτροις

2156 3552 2267 3607 τισὶ
2300 3554 2412 3617 τοῖς
2440 3552 2549 3623 (50)
2575 3552 2715 3607 κατά
2743 3552 2805 3606 τδ
2849 3552 3016 3607 ποσὸν
3059 3551 3461 3624 θεωρουμένοις
3492 3568 3751 3624 περιειρ·

2158 3644 2419 3715 γόμενον;
2454 3644 2565 3698 Καὶ
2589 3643 2659 3698 τὰ
2686 3643 2807 3698 καθ’
2829 3645 3060 3698 ἕκαστον
3089 3644 3193 3698 ὅσα
3221 3644 3353 3715 περὶ
3373 3643 3475 3716 τὴν
3499 3660 3753 3715 σωματι-

2160 3735 2264 3805 κὴν
2286 3735 2762 3805 καταλαμϐάνεται
2787 3735 2971 3805 φύσιν,
2996 3752 3062 3788 πε
3070 3734 3126 3807 pi
3149 3729 3226 3789 ὧν
3250 3734 3503 3788 τοσοῦτόν
3542 3752 3754 3805 ςαμεν.

2162 3826 2246 3881 ὅτι
2272 3826 2424 3881 οὐδὲν
2450 3826 2537 3896 ἐφ’
2558 3825 2755 3881 ἑαυτοῦ
2791 3826 2899 3880 τῶν
2929 3825 3059 3897 περὶ
3080 3825 3143 3879 rb
3164 3825 3325 3896 σῶμα
3354 3824 3757 3895 θεωρουμένων

2165 3916 2327 3989 σῶμά
2352 3918 2520 3983 ἐστιν,
2542 3918 2603 3971 ού
2628 3917 2833 3988 σχῆμα,
2876 3915 2939 3969 οὐ
2963 3914 3163 3986 χρῶμα
3190 3913 3328 3986 (51),
3370 3913 3435 3967 ού
3460 3912 3663 3985 βάρος.
3694 3914 3756 3967 οὐ

2164 4008 2474 4081 διάστημα,
2531 4010 2593 4062 ού
2623 4009 2924 4080 πηλικότης
2958 4008 3094 4079 (52),
3144 4007 3245 4060 οὐκ
3281 4004 3409 4060 ἄλλο
3434 4022 3487 4060 τι
3518 4004 3640 4059 τῶν
3699 4005 3759 4059 ιν

2166 4100 2413 4170 ποιότητι
2441 4100 2553 4171 (55)
2584 4100 2973 4171 θεωρουμένων
2999 4097 3173 4162 οὐδὲν,
3216 4095 3354 4151 ἀλλά
3387 4094 3603 4150 τούτων
3626 4095 3762 4150 ἐκα-

484 4216 551 4257 ex
583 4212 651 4255 eo
678 4198 824 4269 quod
870 4205 927 4254 et
966 4196 1293 4268 quantitatis
1334 4203 1392 4252 et
1434 4194 1829 4268 magnitudinis
1871 4209 2055 4264 expert

2169 4208 2293 4247 στον
2324 4191 2438 4263 (54)
2468 4191 2622 4260 λόγος
2665 4192 2844 4245 ἐστίν*
2879 4192 2913 4261 ή
2946 4190 3002 4244 δὲ
3044 4189 3182 4261 πρὸς
3228 4186 3435 4260 ἄλληλα
3468 4187 3760 4258 συνδρομή

472 4298 602 4356 est,
652 4288 708 4344 id
755 4286 906 4359 quod
946 4287 1173 4342 omnino
1208 4284 1489 4341 mensuris
1521 4283 1892 4355 quibusdam,
1943 4297 2055 4353 qua

2168 4283 2372 4338 τούτων
2400 4283 2495 4337 καὶ
2521 4282 2715 4346 ἒνωσις
2752 4283 2911 4352 σῶμα
2942 4280 3174 4351 γίνεται.
3217 4277 3373 4334 Ἐπεὶ
3399 4275 3495 4332 οὖν
3521 4277 3585 4331 ai
3620 4294 3763 4348 συμ-

472 4398 587 4453 -ροι-
613 4380 976 4451 quantitatem
1007 4377 1411 4447 intelliguntur,
1439 4376 1796 4433 continetur?
1824 4374 1889 4429 Et
1917 4391 2055 4445 qua:-

2172 4373 2596 4446 πληρωματικαὶ
2638 4370 2736 4425 τοῦ
2776 4369 3029 4442 σώματος
3072 4369 3358 4439 ποιότητες
3392 4365 3471 4437 νῷ
3503 4366 3626 4436 (35)
3659 4384 3763 4420 aux-

469 4489 709 4543 runqne
756 4472 865 4526 alia
897 4468 1216 4541 singulatim
1257 4469 1409 4524 circa
1442 4483 1765 4539 corpoream
1812 4475 2055 4522 naturam

2171 4466 2606 4537 ταλαμὸάνονται
2633 4462 2729 4517 καὶ
2754 4462 2855 4515 οὐκ
2896 4459 3170 4531 αἰσθήσει,
3197 4458 3383 4530 νοερὸν
3404 4457 3464 4511 δὲ
3486 4457 3553 4510 τὺ
3579 4457 3761 4521 Θετσν,

490 4564 1033 4635 comprehenduntur
1067 4561 1136 4617 de
1170 4559 1373 4630 quibus
1395 4566 1611 4615 tantum
1639 4558 1895 4624 dicimus,
1921 4558 2055 4629 quod

2172 4558 2256 4621 τίς
2282 4556 2445 4619 πόνος
2473 4553 2586 4624 (⁸56)
2617 4553 2725 4606 τῶν
2764 4550 2970 4622 νοητῶν
3002 4549 3071 4603 τὰ
3113 4550 3362 4619 νοήματα
3404 4546 3762 4617 κατεργάσα-

492 4657 631 4711 nihil
661 4670 851 4710 earum
879 4669 1063 4711 rerum
1084 4696 1103 4721 ,
1133 4670 1257 4726 qua:
1283 4654 1435 4709 circa
1467 4666 1672 4722 corpus
1699 4650 2067 4706 consideran-

481 4760 602 4815 tur,
635 4761 732 4818 per
759 4760 882 4802 sese
917 4759 1123 4816 corpus
1159 4751 1282 4811 est,
1322 4757 1434 4798 non
1474 4742 1686 4814 ﬁgura,
1732 4755 1847 4797 non
1889 4739 2067 4806 color,

567 4967 677 5031 (l7)
728 4964 1100 5034 ‘Arérrntm'.
1210 4962 1489 5034 ἀγένητον.

567 5029 679 5103 (I8)
719 5029 1107 5103 Φιλοσοφίας.
1144 5032 1190 5085 Λ
1228 5029 1282 5085 in
1314 5029 1560 5103 margine
1592 5029 1806 5103 σοφίας.

568 5100 678 5174 (19)
730 5105 844 5172 Ἀφ’
872 5100 1188 5174 ιέεδιατέρου.Δ
1218 5105 1285 5174 _A,
1316 5102 1361 5152 B
1388 5102 1473 5174 ὲφῗ
1508 5100 1787 5174 ἑκάτερον,

569 5167 682 5243 (9.0)
720 5167 883 5229 Κάτὰ
910 5173 975 5227 τὸ
1015 5167 1123 5226 τόῦ
1178 5167 1497 5225 Ἀποστόλ.
1543 5170 1585 5221 Β
1612 5167 1753 5223 κατά
1778 5168 1871 5222 τὸν
1918 5167 2078 5222 Ἀπό-

501 5264 529 5302 σ
536 5263 704 5298 τωθν.

572 5316 687 5378 (21)
730 5309 1348 5381 Παρασημαινόμενοι.
1398 5309 1445 5362 Α
1508 5307 2076 5382 παρασημαινὰμενοι.

504 5387 544 5437 Β
576 5382 1124 5453 παρασημηνάμενοξ

576 5450 686 5516 (22')
732 5450 970 5505 suam;
1000 5451 1066 5513 Α,
1096 5451 1138 5502 B
1171 5450 1350 5520 ἐθέλῃ.

568 5524 680 5588 (23)
717 5523 1049 5588 Βούλευμα.
1078 5521 1143 5577 Α.
1175 5520 1235 5573 Β.
1279 5518 1542 5589 βούλημα.

577 5593 690 5660 ('Zi)
741 5592 801 5645 Ἠ
830 5592 1035 5657 φύσις.
1081 5590 1142 5641 'H
1180 5588 1360 5660 (lelenl
1395 5589 1461 5649 Α,
1502 5588 1559 5641 Β.

581 5658 695 5721 (‘25)
746 5660 975 5725 suam.
1019 5662 1080 5717 Α,
1115 5660 1155 5711 B
1179 5658 1428 5728 ἐθελήσῃ.

582 5709 694 5803 (⁸36]
734 5709 1219 5799 ΔιακριῖὊμέι-ων.
1248 5729 1290 5781 Β
1313 5709 1673 5798 ὑιῇρημὲνων.

2173 4647 2333 4713 σθαι;
2366 4640 2467 4699 Ὧν
2496 4647 2531 4716 ή
2562 4643 2699 4715 πρὸς
2728 4642 2934 4713 ἄλληλα
2962 4639 3235 4711 συνδρομὴ
3262 4637 3361 4709 τὴν
3380 4634 3476 4691 τοῦ
3506 4634 3765 4707 σώματος

2175 4740 2309 4808 ἡμῖν
2337 4736 2673 4806 ἀπεγέννησε
2719 4732 2901 4804 φύσιν.
2947 4731 3109 4787 Ἀλλά
3136 4728 3312 4785 ταῦτα
3365 4727 3468 4799 μὲν
3507 4725 3623 4792 ἔξω
3668 4726 3765 4783 τοῦ

2253 4954 2365 5024 (27)
2404 4955 2792 5009 Δεικνύουσα.
2835 4953 2877 5006 Α
2908 4952 3072 5024 delet.
3108 4949 3151 5004 Β
3191 4939 3355 5006 habet
3394 4946 3764 5005 δεικνύουσω.

2253 5022 2366 5094 (28)
2409 5026 2656 5090 Ταύτην.
2699 5026 2763 5090 Α,
2796 5024 2837 5074 Β
2862 5022 3086 5094 ταύτης.

2253 5091 2365 5157 (Ξῦ)
2417 5094 2743 5163 Ἀμεγὲθου.
2772 5095 2817 5146 Α
2848 5091 3168 5163 ἀμεγέθους.

2254 5165 2365 5235 (50)
2414 5165 2559 5231 Τοῖς.
2596 5165 2637 5235 Β
2667 5162 2784 5216 τοῦ.

2253 5228 2364 5304 (51)
2399 5236 2480 5287 Οὐ
2503 5228 2830 5304 ὰχῆμα,μοὺ
2867 5229 3089 5304 χρῶμα.
3191 5231 3255 5304 ού
3289 5245 3407 5298 χρ.,
3428 5228 3492 5280 οὑ
3531 5246 3631 5299 cz.

2253 5299 2367 5373 (32)
2410 5305 2491 5357 Οὺ
2522 5299 2958 5369 squamea
2984 5299 3371 5373 ἢ-πξηλικότης.

2254 5360 2367 5438 (55)
2419 5373 2522 5427 Ἐν
2563 5360 2849 5438 εὶοιότηὲιῖ
2906 5374 2944 5422 Α
2982 5360 3134 5422 addit
3167 5360 3765 5438 καταλαμϐανομένων.

2253 5445 2366 5511 (54)
2409 5446 2734 5497 Ἕκαστον.
2774 5443 2814 5493 Β
2844 5440 3080 5509 ἑκάστῳ.

2261 5515 2374 5579 (55)
2412 5513 2528 5577 Νῷ.
2562 5513 2603 5563 Β
2631 5515 2686 5564 ὲν
2718 5510 2813 5580 νῷ.

2260 5573 2369 5653 (56)
2414 5573 2508 5649 Tig-
2535 5585 2739 5647 πόνος.
2765 5573 2829 5644 It,
2856 5580 2915 5636 Β.
2951 5579 3024 5643 τίς
3050 5593 3203 5640 πονος
3230 5575 3304 5647 τῷ
3319 5574 3494 5647 νοητῷ
3514 5574 3586 5630 τὰ
3608 5573 3770 5648 νοηιά

2191 5671 2414 5726 κατεργ,

3793 5466 3814 5556 ἵ
