  <div class='ocr_page' id='page_1' title='image "/cluster/home/n/w/nwhite01/storage/ocr_20150623/44/nnc1.0037127462/072.png"; bbox 0 0 3844 6226; ppageno 0'>
   <div class='ocr_carea' id='block_1_1' title="bbox 95 317 222 380">
    <p class='ocr_par' dir='ltr' id='par_1_1' title="bbox 95 317 222 380">
     <span class='ocr_line' id='line_1_1' title="bbox 95 317 222 380; baseline 0.024 -3"><span class='ocrx_word' id='word_1_1' title='bbox 95 317 222 380; x_wconf 65' lang='grc'><strong>’125</strong></span> 
     </span>
    </p>
   </div>
   <div class='ocr_carea' id='block_1_2' title="bbox 1255 325 2366 386">
    <p class='ocr_par' dir='ltr' id='par_1_2' title="bbox 1255 325 2366 386">
     <span class='ocr_line' id='line_1_2' title="bbox 1255 325 2366 386; baseline 0.004 -7"><span class='ocrx_word' id='word_1_2' title='bbox 1255 325 1346 381; x_wconf 86' lang='lat' dir='ltr'><strong>DE</strong></span> <span class='ocrx_word' id='word_1_3' title='bbox 1379 326 1596 383; x_wconf 72' lang='grc' dir='ltr'><strong>ΑΝΙΜΑ</strong></span> <span class='ocrx_word' id='word_1_4' title='bbox 1634 327 1726 384; x_wconf 80' lang='grc' dir='ltr'>ΕΤ</span> <span class='ocrx_word' id='word_1_5' title='bbox 1763 325 2366 386; x_wconf 76' lang='lat' dir='ltr'><strong>RESURRECTIONE.</strong></span> 
     </span>
    </p>
   </div>
   <div class='ocr_carea' id='block_1_3' title="bbox 3293 318 3398 376">
    <p class='ocr_par' dir='ltr' id='par_1_3' title="bbox 3293 318 3398 376">
     <span class='ocr_line' id='line_1_3' title="bbox 3293 318 3398 376; baseline -0.019 0"><span class='ocrx_word' id='word_1_6' title='bbox 3293 318 3398 376; x_wconf 68' lang='grc'><strong>123</strong></span> 
     </span>
    </p>
   </div>
   <div class='ocr_carea' id='block_1_4' title="bbox 113 433 1702 518">
    <p class='ocr_par' dir='ltr' id='par_1_4' title="bbox 113 437 1702 515">
     <span class='ocr_line' id='line_1_4' title="bbox 113 437 1702 515; baseline 0.006 -28"><span class='ocrx_word' id='word_1_7' title='bbox 113 437 488 508; x_wconf 71' lang='grc' dir='ltr'><strong>προκειμένου</strong></span> <span class='ocrx_word' id='word_1_8' title='bbox 513 439 890 512; x_wconf 78' lang='grc' dir='ltr'>παρεξετάσθη</span> <span class='ocrx_word' id='word_1_9' title='bbox 923 441 1053 512; x_wconf 78' lang='grc'><strong>(57).</strong></span> <span class='ocrx_word' id='word_1_10' title='bbox 1077 443 1151 496; x_wconf 71' lang='grc' dir='ltr'>Τὸ</span> <span class='ocrx_word' id='word_1_11' title='bbox 1174 443 1229 497; x_wconf 78' lang='grc' dir='ltr'><strong>δὲ</strong></span> <span class='ocrx_word' id='word_1_12' title='bbox 1253 443 1584 515; x_wconf 74' lang='grc' dir='ltr'>ζητούμενον</span> <span class='ocrx_word' id='word_1_13' title='bbox 1613 440 1702 514; x_wconf 79' lang='grc' dir='ltr'><strong>ἦν,</strong></span> 
     </span>
    </p>
   </div>
   <div class='ocr_carea' id='block_1_5' title="bbox 1812 433 3397 518">
    <p class='ocr_par' dir='ltr' id='par_1_5' title="bbox 1816 433 3397 518">
     <span class='ocr_line' id='line_1_5' title="bbox 1816 433 3397 518; baseline -0.004 -17"><span class='ocrx_word' id='word_1_14' title='bbox 1816 464 1923 502; x_wconf 88' lang='lat' dir='ltr'><strong>non</strong></span> <span class='ocrx_word' id='word_1_15' title='bbox 1959 447 2200 518; x_wconf 73' lang='lat' dir='ltr'><strong>gravitas</strong></span> <span class='ocrx_word' id='word_1_16' title='bbox 2231 453 2285 502; x_wconf 93' lang='lat' dir='ltr'><strong>et</strong></span> <span class='ocrx_word' id='word_1_17' title='bbox 2317 444 2534 516; x_wconf 86' lang='lat' dir='ltr'><strong>pondus</strong></span> <span class='ocrx_word' id='word_1_18' title='bbox 2554 486 2567 510; x_wconf 90' lang='lat'><strong>,</strong></span> <span class='ocrx_word' id='word_1_19' title='bbox 2599 457 2709 498; x_wconf 91' lang='lat' dir='ltr'><strong>non</strong></span> <span class='ocrx_word' id='word_1_20' title='bbox 2736 439 3012 496; x_wconf 76' lang='lat' dir='ltr'><strong>dimensio</strong></span> <span class='ocrx_word' id='word_1_21' title='bbox 3041 445 3202 508; x_wconf 82' lang='lat' dir='ltr'><strong>atque</strong></span> <span class='ocrx_word' id='word_1_22' title='bbox 3231 433 3397 494; x_wconf 46' lang='lat' dir='ltr'><strong>inter;</strong></span> 
     </span>
    </p>
   </div>
   <div class='ocr_carea' id='block_1_6' title="bbox 111 527 1708 608">
    <p class='ocr_par' dir='ltr' id='par_1_6' title="bbox 111 527 1708 608">
     <span class='ocr_line' id='line_1_6' title="bbox 111 527 1708 608; baseline 0.01 -32"><span class='ocrx_word' id='word_1_23' title='bbox 111 528 159 578; x_wconf 83' lang='grc' dir='ltr'>εἰ</span> <span class='ocrx_word' id='word_1_24' title='bbox 186 527 306 597; x_wconf 76' lang='grc'><strong>(58)</strong></span> <span class='ocrx_word' id='word_1_25' title='bbox 335 533 816 602; x_wconf 79' lang='grc' dir='ltr'>προῦφεστήκασιν</span> <span class='ocrx_word' id='word_1_26' title='bbox 837 535 894 586; x_wconf 86' lang='grc' dir='ltr'>αἱ</span> <span class='ocrx_word' id='word_1_27' title='bbox 915 533 1084 606; x_wconf 76' lang='grc' dir='ltr'>ψυχαὶ</span> <span class='ocrx_word' id='word_1_28' title='bbox 1111 536 1220 590; x_wconf 80' lang='grc' dir='ltr'><strong>τῶν</strong></span> <span class='ocrx_word' id='word_1_29' title='bbox 1249 539 1540 608; x_wconf 82' lang='grc' dir='ltr'>σωμάτων,</span> <span class='ocrx_word' id='word_1_30' title='bbox 1575 539 1708 592; x_wconf 81' lang='grc' dir='ltr'>πότε</span> 
     </span>
    </p>
   </div>
   <div class='ocr_carea' id='block_1_7' title="bbox 109 619 1708 702">
    <p class='ocr_par' dir='ltr' id='par_1_7' title="bbox 109 619 1708 702">
     <span class='ocr_line' id='line_1_7' title="bbox 109 619 1708 702; baseline 0.009 -32"><span class='ocrx_word' id='word_1_31' title='bbox 109 619 142 688; x_wconf 84' lang='grc' dir='ltr'>ἢ</span> <span class='ocrx_word' id='word_1_32' title='bbox 175 637 300 680; x_wconf 63' lang='lat' dir='ltr'><strong>nuc</strong></span> <span class='ocrx_word' id='word_1_33' title='bbox 343 621 608 689; x_wconf 83' lang='grc' dir='ltr'>γίνονται.</span> <span class='ocrx_word' id='word_1_34' title='bbox 647 627 758 678; x_wconf 80' lang='grc' dir='ltr'>Καὶ</span> <span class='ocrx_word' id='word_1_35' title='bbox 807 627 996 680; x_wconf 81' lang='grc' dir='ltr'>τούτου</span> <span class='ocrx_word' id='word_1_36' title='bbox 1055 629 1212 698; x_wconf 75' lang='grc' dir='ltr'>χάριν</span> <span class='ocrx_word' id='word_1_37' title='bbox 1245 632 1380 702; x_wconf 75' lang='grc' dir='ltr'>ἡμῖν</span> <span class='ocrx_word' id='word_1_38' title='bbox 1425 631 1554 702; x_wconf 74' lang='grc' dir='ltr'>περὶ</span> <span class='ocrx_word' id='word_1_39' title='bbox 1594 631 1708 700; x_wconf 81' lang='grc'><strong>(59)</strong></span> 
     </span>
    </p>
   </div>
   <div class='ocr_carea' id='block_1_8' title="bbox 107 709 1710 794">
    <p class='ocr_par' dir='ltr' id='par_1_8' title="bbox 107 709 1710 794">
     <span class='ocr_line' id='line_1_8' title="bbox 107 709 1710 794; baseline 0.012 -34"><span class='ocrx_word' id='word_1_40' title='bbox 107 709 204 761; x_wconf 75' lang='grc' dir='ltr'>τοῦ</span> <span class='ocrx_word' id='word_1_41' title='bbox 233 727 358 773; x_wconf 86' lang='grc' dir='ltr'><strong>πως</strong></span> <span class='ocrx_word' id='word_1_42' title='bbox 392 712 620 784; x_wconf 85' lang='grc' dir='ltr'>ζήτησιν</span> <span class='ocrx_word' id='word_1_43' title='bbox 662 717 738 780; x_wconf 87' lang='grc' dir='ltr'>ὡς</span> <span class='ocrx_word' id='word_1_44' title='bbox 765 718 1052 788; x_wconf 71' lang='grc' dir='ltr'><strong>ἀνέφικτον</strong></span> <span class='ocrx_word' id='word_1_45' title='bbox 1077 717 1242 772; x_wconf 82' lang='grc' dir='ltr'>οὖσαν</span> <span class='ocrx_word' id='word_1_46' title='bbox 1280 721 1710 794; x_wconf 81' lang='grc' dir='ltr'>ἀπολυπραγμό-</span> 
     </span>
    </p>
   </div>
   <div class='ocr_carea' id='block_1_9' title="bbox 107 803 1710 888">
    <p class='ocr_par' dir='ltr' id='par_1_9' title="bbox 107 803 1710 888">
     <span class='ocr_line' id='line_1_9' title="bbox 107 803 1710 888; baseline 0.014 -40"><span class='ocrx_word' id='word_1_47' title='bbox 107 816 276 868; x_wconf 81' lang='grc' dir='ltr'>νητον</span> <span class='ocrx_word' id='word_1_48' title='bbox 303 803 522 872; x_wconf 79' lang='grc' dir='ltr'>ἀφῆκεν</span> <span class='ocrx_word' id='word_1_49' title='bbox 550 807 580 860; x_wconf 82' lang='grc' dir='ltr'>ὁ</span> <span class='ocrx_word' id='word_1_50' title='bbox 609 806 786 876; x_wconf 80' lang='grc' dir='ltr'>λόγος.</span> <span class='ocrx_word' id='word_1_51' title='bbox 821 811 953 881; x_wconf 74' lang='grc' dir='ltr'>Περὶ</span> <span class='ocrx_word' id='word_1_52' title='bbox 977 811 1074 864; x_wconf 75' lang='grc' dir='ltr'>τοῦ</span> <span class='ocrx_word' id='word_1_53' title='bbox 1107 812 1218 884; x_wconf 67' lang='grc'><strong>(40)</strong></span> <span class='ocrx_word' id='word_1_54' title='bbox 1247 814 1378 868; x_wconf 85' lang='grc' dir='ltr'>πότε</span> <span class='ocrx_word' id='word_1_55' title='bbox 1409 815 1508 879; x_wconf 85' lang='grc' dir='ltr'>τὰς</span> <span class='ocrx_word' id='word_1_56' title='bbox 1535 817 1710 888; x_wconf 83' lang='grc' dir='ltr'>ἀρχὰς</span> 
     </span>
    </p>
   </div>
   <div class='ocr_carea' id='block_1_10' title="bbox 106 892 1708 973">
    <p class='ocr_par' dir='ltr' id='par_1_10' title="bbox 106 892 1708 973">
     <span class='ocr_line' id='line_1_10' title="bbox 106 892 1708 973; baseline 0.013 -32"><span class='ocrx_word' id='word_1_57' title='bbox 106 893 164 942; x_wconf 84' lang='grc' dir='ltr'>αἱ</span> <span class='ocrx_word' id='word_1_58' title='bbox 199 892 382 964; x_wconf 69' lang='grc' dir='ltr'>ψυχαὶ</span> <span class='ocrx_word' id='word_1_59' title='bbox 417 895 524 966; x_wconf 83' lang='grc' dir='ltr'>τῆς</span> <span class='ocrx_word' id='word_1_60' title='bbox 573 899 862 971; x_wconf 78' lang='grc' dir='ltr'><strong>ὑπάρξεως</strong></span> <span class='ocrx_word' id='word_1_61' title='bbox 903 905 1151 973; x_wconf 75' lang='grc' dir='ltr'>ἔχουσιν,</span> <span class='ocrx_word' id='word_1_62' title='bbox 1202 906 1278 970; x_wconf 81' lang='grc' dir='ltr'>ὡς</span> <span class='ocrx_word' id='word_1_63' title='bbox 1321 907 1615 962; x_wconf 80' lang='grc' dir='ltr'>ἀκόλουθον</span> <span class='ocrx_word' id='word_1_64' title='bbox 1648 909 1708 962; x_wconf 80' lang='grc' dir='ltr'>ὃν</span> 
     </span>
    </p>
   </div>
   <div class='ocr_carea' id='block_1_11' title="bbox 103 985 1708 1074">
    <p class='ocr_par' dir='ltr' id='par_1_11' title="bbox 103 985 1708 1074">
     <span class='ocr_line' id='line_1_11' title="bbox 103 985 1708 1074; baseline 0.013 -40"><span class='ocrx_word' id='word_1_65' title='bbox 103 985 224 1047; x_wconf 80' lang='grc' dir='ltr'>τοῖς</span> <span class='ocrx_word' id='word_1_66' title='bbox 263 987 770 1062; x_wconf 79' lang='grc' dir='ltr'>προεξητασμένοις</span> <span class='ocrx_word' id='word_1_67' title='bbox 790 1033 804 1057; x_wconf 89' lang='grc'><em>,</em></span> <span class='ocrx_word' id='word_1_68' title='bbox 842 993 1026 1065; x_wconf 77' lang='grc' dir='ltr'><strong>ζητεῖν</strong></span> <span class='ocrx_word' id='word_1_69' title='bbox 1055 997 1464 1054; x_wconf 77' lang='grc' dir='ltr'>καταλείπεται.</span> <span class='ocrx_word' id='word_1_70' title='bbox 1494 1001 1556 1053; x_wconf 81' lang='grc' dir='ltr'><strong>Εἰ</strong></span> <span class='ocrx_word' id='word_1_71' title='bbox 1598 1002 1708 1074; x_wconf 83' lang='grc' dir='ltr'><strong>γὰρ</strong></span> 
     </span>
    </p>
   </div>
   <div class='ocr_carea' id='block_1_12' title="bbox 103 1074 1707 1161">
    <p class='ocr_par' dir='ltr' id='par_1_12' title="bbox 103 1074 1707 1161">
     <span class='ocr_line' id='line_1_12' title="bbox 103 1074 1707 1161; baseline 0.012 -34"><span class='ocrx_word' id='word_1_72' title='bbox 103 1074 292 1147; x_wconf 76' lang='grc' dir='ltr'>δοθείη</span> <span class='ocrx_word' id='word_1_73' title='bbox 329 1078 396 1132; x_wconf 85' lang='grc' dir='ltr'><strong>τὺ</strong></span> <span class='ocrx_word' id='word_1_74' title='bbox 436 1081 544 1151; x_wconf 82' lang='grc' dir='ltr'>πρὸ</span> <span class='ocrx_word' id='word_1_75' title='bbox 580 1083 673 1136; x_wconf 78' lang='grc' dir='ltr'><strong>τοῦ</strong></span> <span class='ocrx_word' id='word_1_76' title='bbox 713 1084 964 1156; x_wconf 76' lang='grc' dir='ltr'>σώματος</span> <span class='ocrx_word' id='word_1_77' title='bbox 993 1088 1050 1141; x_wconf 84' lang='grc' dir='ltr'><strong>ἐν</strong></span> <span class='ocrx_word' id='word_1_78' title='bbox 1082 1087 1356 1161; x_wconf 77' lang='grc' dir='ltr'><strong>ἰδιαζούσῃ</strong></span> <span class='ocrx_word' id='word_1_79' title='bbox 1393 1091 1499 1143; x_wconf 69' lang='grc' dir='ltr'><strong>τιν)¹</strong></span> <span class='ocrx_word' id='word_1_80' title='bbox 1536 1109 1707 1146; x_wconf 84' lang='grc' dir='ltr'>κατα-</span> 
     </span>
    </p>
   </div>
   <div class='ocr_carea' id='block_1_13' title="bbox 105 1165 1708 1250">
    <p class='ocr_par' dir='ltr' id='par_1_13' title="bbox 105 1165 1708 1250">
     <span class='ocr_line' id='line_1_13' title="bbox 105 1165 1708 1250; baseline 0.012 -34"><span class='ocrx_word' id='word_1_81' title='bbox 105 1165 304 1220; x_wconf 74' lang='grc' dir='ltr'>στάσει</span> <span class='ocrx_word' id='word_1_82' title='bbox 335 1167 438 1240; x_wconf 79' lang='grc' dir='ltr'>τὴν</span> <span class='ocrx_word' id='word_1_83' title='bbox 467 1170 642 1244; x_wconf 74' lang='grc' dir='ltr'>ψυχὴν</span> <span class='ocrx_word' id='word_1_84' title='bbox 687 1174 950 1244; x_wconf 78' lang='grc' dir='ltr'><strong>βιοτεύειν</strong></span> <span class='ocrx_word' id='word_1_85' title='bbox 971 1187 988 1203; x_wconf 86' lang='grc'>⁶</span> <span class='ocrx_word' id='word_1_86' title='bbox 1037 1177 1251 1250; x_wconf 79' lang='grc' dir='ltr'><strong>ἀνάγκη</strong></span> <span class='ocrx_word' id='word_1_87' title='bbox 1279 1181 1430 1233; x_wconf 79' lang='grc' dir='ltr'>πᾶσα</span> <span class='ocrx_word' id='word_1_88' title='bbox 1457 1181 1556 1242; x_wconf 72' lang='grc' dir='ltr'><strong>τὰς</strong></span> <span class='ocrx_word' id='word_1_89' title='bbox 1583 1181 1708 1236; x_wconf 81' lang='grc' dir='ltr'><strong>ἀτό-</strong></span> 
     </span>
    </p>
   </div>
   <div class='ocr_carea' id='block_1_14' title="bbox 103 1259 1706 1344">
    <p class='ocr_par' dir='ltr' id='par_1_14' title="bbox 103 1259 1706 1344">
     <span class='ocr_line' id='line_1_14' title="bbox 103 1259 1706 1344; baseline 0.012 -37"><span class='ocrx_word' id='word_1_90' title='bbox 103 1273 246 1320; x_wconf 85' lang='grc' dir='ltr'>πους</span> <span class='ocrx_word' id='word_1_91' title='bbox 277 1259 500 1326; x_wconf 78' lang='grc' dir='ltr'>ὲκείνας</span> <span class='ocrx_word' id='word_1_92' title='bbox 521 1263 947 1334; x_wconf 79' lang='grc' dir='ltr'>δογματοποιῐας</span> <span class='ocrx_word' id='word_1_93' title='bbox 971 1269 1126 1338; x_wconf 78' lang='grc' dir='ltr'>ἰσχὺν</span> <span class='ocrx_word' id='word_1_94' title='bbox 1155 1267 1298 1340; x_wconf 85' lang='grc' dir='ltr'>ἐχειν</span> <span class='ocrx_word' id='word_1_95' title='bbox 1327 1271 1567 1342; x_wconf 79' lang='grc' dir='ltr'>νομίζειν</span> <span class='ocrx_word' id='word_1_96' title='bbox 1593 1272 1706 1344; x_wconf 73' lang='grc'><strong>(41)</strong></span> 
     </span>
    </p>
   </div>
   <div class='ocr_carea' id='block_1_15' title="bbox 101 1347 1707 1433">
    <p class='ocr_par' dir='ltr' id='par_1_15' title="bbox 101 1347 1707 1433">
     <span class='ocr_line' id='line_1_15' title="bbox 101 1347 1707 1433; baseline 0.012 -34"><span class='ocrx_word' id='word_1_97' title='bbox 101 1347 216 1400; x_wconf 82' lang='grc' dir='ltr'>τῶν</span> <span class='ocrx_word' id='word_1_98' title='bbox 250 1350 348 1404; x_wconf 73' lang='grc' dir='ltr'><strong>διὰ</strong></span> <span class='ocrx_word' id='word_1_99' title='bbox 389 1355 592 1420; x_wconf 81' lang='grc' dir='ltr'><strong>κακίας</strong></span> <span class='ocrx_word' id='word_1_100' title='bbox 637 1357 738 1422; x_wconf 83' lang='grc' dir='ltr'><strong>τὰς</strong></span> <span class='ocrx_word' id='word_1_101' title='bbox 779 1357 958 1430; x_wconf 80' lang='grc' dir='ltr'>ψυχὰς</span> <span class='ocrx_word' id='word_1_102' title='bbox 999 1361 1402 1426; x_wconf 75' lang='grc' dir='ltr'>εἰσοικιζόντων</span> <span class='ocrx_word' id='word_1_103' title='bbox 1431 1363 1544 1433; x_wconf 76' lang='grc'><strong>(42)</strong></span> <span class='ocrx_word' id='word_1_104' title='bbox 1594 1367 1707 1428; x_wconf 85' lang='grc' dir='ltr'>τοῖς</span> 
     </span>
    </p>
   </div>
   <div class='ocr_carea' id='block_1_16' title="bbox 103 1441 1704 1527">
    <p class='ocr_par' dir='ltr' id='par_1_16' title="bbox 103 1441 1704 1527">
     <span class='ocr_line' id='line_1_16' title="bbox 103 1441 1704 1527; baseline 0.011 -35"><span class='ocrx_word' id='word_1_105' title='bbox 103 1441 388 1512; x_wconf 78' lang='grc' dir='ltr'>σώμασιν.</span> <span class='ocrx_word' id='word_1_106' title='bbox 445 1447 604 1502; x_wconf 77' lang='grc' dir='ltr'>Ἀλλὰ</span> <span class='ocrx_word' id='word_1_107' title='bbox 651 1451 760 1520; x_wconf 80' lang='grc' dir='ltr'>μὴν</span> <span class='ocrx_word' id='word_1_108' title='bbox 811 1451 1187 1524; x_wconf 80' lang='grc' dir='ltr'>ἐφυστερίζειν</span> <span class='ocrx_word' id='word_1_109' title='bbox 1229 1453 1330 1517; x_wconf 79' lang='grc' dir='ltr'>τὰς</span> <span class='ocrx_word' id='word_1_110' title='bbox 1383 1453 1562 1525; x_wconf 73' lang='grc' dir='ltr'>ψυχὰς</span> <span class='ocrx_word' id='word_1_111' title='bbox 1593 1455 1704 1527; x_wconf 67' lang='grc'><strong>(45)</strong></span> 
     </span>
    </p>
   </div>
   <div class='ocr_carea' id='block_1_17' title="bbox 97 1533 1705 1618">
    <p class='ocr_par' dir='ltr' id='par_1_17' title="bbox 97 1533 1705 1618">
     <span class='ocr_line' id='line_1_17' title="bbox 97 1533 1705 1618; baseline 0.011 -34"><span class='ocrx_word' id='word_1_112' title='bbox 97 1533 201 1604; x_wconf 75' lang='grc' dir='ltr'>τὴν</span> <span class='ocrx_word' id='word_1_113' title='bbox 231 1537 488 1604; x_wconf 81' lang='grc' dir='ltr'>γένεσιν,</span> <span class='ocrx_word' id='word_1_114' title='bbox 537 1541 632 1594; x_wconf 77' lang='grc' dir='ltr'><strong>καὶ</strong></span> <span class='ocrx_word' id='word_1_115' title='bbox 678 1543 950 1616; x_wconf 84' lang='grc' dir='ltr'>νεωτέρας</span> <span class='ocrx_word' id='word_1_116' title='bbox 982 1545 1037 1614; x_wconf 74' lang='grc'><strong>(4</strong></span> <span class='ocrx_word' id='word_1_117' title='bbox 1049 1545 1095 1616; x_wconf 78' lang='grc' dir='ltr'><strong>ι)</strong></span> <span class='ocrx_word' id='word_1_118' title='bbox 1145 1547 1247 1616; x_wconf 81' lang='grc' dir='ltr'>τῆς</span> <span class='ocrx_word' id='word_1_119' title='bbox 1291 1546 1401 1600; x_wconf 84' lang='grc' dir='ltr'><strong>τῶν</strong></span> <span class='ocrx_word' id='word_1_120' title='bbox 1435 1547 1705 1618; x_wconf 85' lang='grc' dir='ltr'>σωμάτων</span> 
     </span>
    </p>
   </div>
   <div class='ocr_carea' id='block_1_18' title="bbox 99 1620 1706 1709">
    <p class='ocr_par' dir='ltr' id='par_1_18' title="bbox 99 1620 1706 1709">
     <span class='ocr_line' id='line_1_18' title="bbox 99 1620 1706 1709; baseline 0.009 -31"><span class='ocrx_word' id='word_1_121' title='bbox 99 1620 248 1679; x_wconf 74' lang='grc' dir='ltr'>εἶναι</span> <span class='ocrx_word' id='word_1_122' title='bbox 291 1631 664 1700; x_wconf 80' lang='grc' dir='ltr'>συμπλὰσεως</span> <span class='ocrx_word' id='word_1_123' title='bbox 705 1633 840 1704; x_wconf 68' lang='grc'><strong>(45),</strong></span> <span class='ocrx_word' id='word_1_124' title='bbox 881 1635 1056 1700; x_wconf 74' lang='grc' dir='ltr'>οὐδεὶς</span> <span class='ocrx_word' id='word_1_125' title='bbox 1095 1637 1161 1691; x_wconf 73' lang='grc' dir='ltr'>ἄν</span> <span class='ocrx_word' id='word_1_126' title='bbox 1195 1636 1304 1692; x_wconf 86' lang='grc' dir='ltr'><strong>τῶν</strong></span> <span class='ocrx_word' id='word_1_127' title='bbox 1347 1632 1406 1692; x_wconf 84' lang='grc' dir='ltr'>εὖ</span> <span class='ocrx_word' id='word_1_128' title='bbox 1447 1639 1706 1709; x_wconf 84' lang='grc' dir='ltr'>φρονούν-</span> 
     </span>
    </p>
   </div>
   <div class='ocr_carea' id='block_1_19' title="bbox 97 1718 1706 1794">
    <p class='ocr_par' dir='ltr' id='par_1_19' title="bbox 97 1718 1706 1794">
     <span class='ocr_line' id='line_1_19' title="bbox 97 1718 1706 1794; baseline 0.01 -27"><span class='ocrx_word' id='word_1_129' title='bbox 97 1733 212 1768; x_wconf 85' lang='grc' dir='ltr'><strong>των</strong></span> <span class='ocrx_word' id='word_1_130' title='bbox 243 1718 627 1790; x_wconf 79' lang='grc' dir='ltr'><strong>ὑπονοήσειεν,</strong></span> <span class='ocrx_word' id='word_1_131' title='bbox 669 1723 906 1794; x_wconf 79' lang='grc' dir='ltr'>φανεροῦ</span> <span class='ocrx_word' id='word_1_132' title='bbox 941 1725 1106 1779; x_wconf 82' lang='grc' dir='ltr'>πᾶσιν</span> <span class='ocrx_word' id='word_1_133' title='bbox 1135 1725 1286 1791; x_wconf 78' lang='grc' dir='ltr'>ὄντος</span> <span class='ocrx_word' id='word_1_134' title='bbox 1313 1728 1395 1781; x_wconf 84' lang='grc' dir='ltr'>ὅτι</span> <span class='ocrx_word' id='word_1_135' title='bbox 1419 1727 1571 1781; x_wconf 71' lang='grc' dir='ltr'>οὐδὲν</span> <span class='ocrx_word' id='word_1_136' title='bbox 1599 1728 1706 1783; x_wconf 82' lang='grc' dir='ltr'><strong>τῶν</strong></span> 
     </span>
    </p>
   </div>
   <div class='ocr_carea' id='block_1_20' title="bbox 1811 533 3398 608">
    <p class='ocr_par' dir='ltr' id='par_1_20' title="bbox 1811 533 3398 608">
     <span class='ocr_line' id='line_1_20' title="bbox 1811 533 3398 608; baseline -0.005 -16"><span class='ocrx_word' id='word_1_137' title='bbox 1811 540 2046 600; x_wconf 86' lang='lat' dir='ltr'><strong>vallum,</strong></span> <span class='ocrx_word' id='word_1_138' title='bbox 2081 554 2190 592; x_wconf 90' lang='lat' dir='ltr'><strong>non</strong></span> <span class='ocrx_word' id='word_1_139' title='bbox 2221 537 2537 608; x_wconf 86' lang='lat' dir='ltr'><strong>quantitas,</strong></span> <span class='ocrx_word' id='word_1_140' title='bbox 2572 551 2682 590; x_wconf 90' lang='lat' dir='ltr'><strong>non</strong></span> <span class='ocrx_word' id='word_1_141' title='bbox 2715 533 2864 588; x_wconf 85' lang='lat' dir='ltr'><strong>aliud</strong></span> <span class='ocrx_word' id='word_1_142' title='bbox 2899 533 3200 603; x_wconf 82' lang='lat' dir='ltr'><strong>quidquam</strong></span> <span class='ocrx_word' id='word_1_143' title='bbox 3237 544 3398 599; x_wconf 85' lang='lat' dir='ltr'><strong>pror-</strong></span> 
     </span>
    </p>
   </div>
   <div class='ocr_carea' id='block_1_21' title="bbox 1811 623 3396 700">
    <p class='ocr_par' dir='ltr' id='par_1_21' title="bbox 1811 623 3396 700">
     <span class='ocr_line' id='line_1_21' title="bbox 1811 623 3396 700; baseline -0.006 -13"><span class='ocrx_word' id='word_1_144' title='bbox 1811 647 1910 687; x_wconf 88' lang='lat' dir='ltr'><strong>sus</strong></span> <span class='ocrx_word' id='word_1_145' title='bbox 1939 647 2161 698; x_wconf 87' lang='lat' dir='ltr'><strong>corum,</strong></span> <span class='ocrx_word' id='word_1_146' title='bbox 2194 645 2317 700; x_wconf 69' lang='lat' dir='ltr'><strong>qua:</strong></span> <span class='ocrx_word' id='word_1_147' title='bbox 2349 645 2445 700; x_wconf 87' lang='lat' dir='ltr'><strong>per</strong></span> <span class='ocrx_word' id='word_1_148' title='bbox 2474 629 2794 700; x_wconf 70' lang='lat' dir='ltr'><strong>qualitatem</strong></span> <span class='ocrx_word' id='word_1_149' title='bbox 2825 623 3396 696; x_wconf 85' lang='lat' dir='ltr'><strong>comprehenduntur,</strong></span> 
     </span>
    </p>
   </div>
   <div class='ocr_carea' id='block_1_22' title="bbox 1810 713 3392 790">
    <p class='ocr_par' dir='ltr' id='par_1_22' title="bbox 1810 713 3392 790">
     <span class='ocr_line' id='line_1_22' title="bbox 1810 713 3392 790; baseline -0.006 -16"><span class='ocrx_word' id='word_1_150' title='bbox 1810 729 1905 774; x_wconf 92' lang='lat' dir='ltr'><strong>aut</strong></span> <span class='ocrx_word' id='word_1_151' title='bbox 1941 721 2340 790; x_wconf 86' lang='lat' dir='ltr'><strong>intelliguntur,</strong></span> <span class='ocrx_word' id='word_1_152' title='bbox 2371 719 2466 775; x_wconf 89' lang='lat' dir='ltr'><strong>sed</strong></span> <span class='ocrx_word' id='word_1_153' title='bbox 2516 717 2942 788; x_wconf 88' lang='lat' dir='ltr'><strong>unumquodque</strong></span> <span class='ocrx_word' id='word_1_154' title='bbox 2999 715 3196 770; x_wconf 88' lang='lat' dir='ltr'><strong>horum</strong></span> <span class='ocrx_word' id='word_1_155' title='bbox 3247 713 3392 768; x_wconf 90' lang='lat' dir='ltr'><strong>ratio</strong></span> 
     </span>
    </p>
   </div>
   <div class='ocr_carea' id='block_1_23' title="bbox 1810 808 3394 882">
    <p class='ocr_par' dir='ltr' id='par_1_23' title="bbox 1810 808 3394 882">
     <span class='ocr_line' id='line_1_23' title="bbox 1810 808 3394 882; baseline -0.003 -17"><span class='ocrx_word' id='word_1_156' title='bbox 1810 821 1974 882; x_wconf 88' lang='lat' dir='ltr'><strong>atque</strong></span> <span class='ocrx_word' id='word_1_157' title='bbox 2005 811 2288 882; x_wconf 86' lang='lat' dir='ltr'><strong>proportio</strong></span> <span class='ocrx_word' id='word_1_158' title='bbox 2309 817 2413 873; x_wconf 88' lang='lat' dir='ltr'><strong>est,</strong></span> <span class='ocrx_word' id='word_1_159' title='bbox 2447 809 2641 866; x_wconf 90' lang='lat' dir='ltr'><strong>horum</strong></span> <span class='ocrx_word' id='word_1_160' title='bbox 2681 815 2862 862; x_wconf 86' lang='lat' dir='ltr'><strong>autem</strong></span> <span class='ocrx_word' id='word_1_161' title='bbox 2901 808 3047 861; x_wconf 89' lang='lat' dir='ltr'><strong>inter</strong></span> <span class='ocrx_word' id='word_1_162' title='bbox 3097 819 3220 862; x_wconf 88' lang='lat' dir='ltr'><strong>sese</strong></span> <span class='ocrx_word' id='word_1_163' title='bbox 3259 819 3394 860; x_wconf 84' lang='lat' dir='ltr'><strong>con-</strong></span> 
     </span>
    </p>
   </div>
   <div class='ocr_carea' id='block_1_24' title="bbox 1810 896 3396 973">
    <p class='ocr_par' dir='ltr' id='par_1_24' title="bbox 1810 896 3396 973">
     <span class='ocr_line' id='line_1_24' title="bbox 1810 896 3396 973; baseline -0.006 -15"><span class='ocrx_word' id='word_1_164' title='bbox 1810 918 2009 958; x_wconf 88' lang='lat' dir='ltr'><strong>cursus</strong></span> <span class='ocrx_word' id='word_1_165' title='bbox 2040 909 2205 973; x_wconf 88' lang='lat' dir='ltr'><strong>atque</strong></span> <span class='ocrx_word' id='word_1_166' title='bbox 2237 902 2432 965; x_wconf 89' lang='lat' dir='ltr'><strong>unitio,</strong></span> <span class='ocrx_word' id='word_1_167' title='bbox 2464 915 2666 970; x_wconf 90' lang='lat' dir='ltr'><strong>corpus</strong></span> <span class='ocrx_word' id='word_1_168' title='bbox 2695 900 2774 954; x_wconf 85' lang='lat' dir='ltr'><strong>ﬁt.</strong></span> <span class='ocrx_word' id='word_1_169' title='bbox 2807 897 3080 968; x_wconf 85' lang='lat' dir='ltr'><strong>Quoniam</strong></span> <span class='ocrx_word' id='word_1_170' title='bbox 3119 896 3285 968; x_wconf 85' lang='lat' dir='ltr'><strong>igitur</strong></span> <span class='ocrx_word' id='word_1_171' title='bbox 3315 909 3396 950; x_wconf 66' lang='lat' dir='ltr'><strong>ea:</strong></span> 
     </span>
    </p>
   </div>
   <div class='ocr_carea' id='block_1_25' title="bbox 1808 993 3394 1064">
    <p class='ocr_par' dir='ltr' id='par_1_25' title="bbox 1808 993 3394 1064">
     <span class='ocr_line' id='line_1_25' title="bbox 1808 993 3394 1064; baseline -0.006 -16"><span class='ocrx_word' id='word_1_172' title='bbox 1808 994 2124 1064; x_wconf 85' lang='lat' dir='ltr'><strong>qualitates,</strong></span> <span class='ocrx_word' id='word_1_173' title='bbox 2161 1008 2226 1048; x_wconf 81' lang='lat' dir='ltr'><strong>ex</strong></span> <span class='ocrx_word' id='word_1_174' title='bbox 2265 993 2466 1064; x_wconf 88' lang='lat' dir='ltr'><strong>quibus</strong></span> <span class='ocrx_word' id='word_1_175' title='bbox 2515 1005 2716 1062; x_wconf 88' lang='lat' dir='ltr'><strong>corpus</strong></span> <span class='ocrx_word' id='word_1_176' title='bbox 2754 995 2996 1052; x_wconf 86' lang='lat' dir='ltr'><strong>constat,</strong></span> <span class='ocrx_word' id='word_1_177' title='bbox 3029 994 3232 1050; x_wconf 84' lang='lat' dir='ltr'><strong>mente,</strong></span> <span class='ocrx_word' id='word_1_178' title='bbox 3285 999 3394 1040; x_wconf 89' lang='lat' dir='ltr'><strong>non</strong></span> 
     </span>
    </p>
   </div>
   <div class='ocr_carea' id='block_1_26' title="bbox 1807 1076 3396 1156">
    <p class='ocr_par' dir='ltr' id='par_1_26' title="bbox 1807 1076 3396 1156">
     <span class='ocr_line' id='line_1_26' title="bbox 1807 1076 3396 1156; baseline -0.007 -16"><span class='ocrx_word' id='word_1_179' title='bbox 1807 1099 1976 1140; x_wconf 89' lang='lat' dir='ltr'><strong>sensu</strong></span> <span class='ocrx_word' id='word_1_180' title='bbox 2025 1083 2606 1156; x_wconf 85' lang='lat' dir='ltr'><strong>comprehenduntur,</strong></span> <span class='ocrx_word' id='word_1_181' title='bbox 2674 1089 2842 1151; x_wconf 88' lang='lat' dir='ltr'><strong>atque</strong></span> <span class='ocrx_word' id='word_1_182' title='bbox 2903 1076 3276 1133; x_wconf 80' lang='lat' dir='ltr'><strong>intellectuale</strong></span> <span class='ocrx_word' id='word_1_183' title='bbox 3327 1090 3396 1130; x_wconf 86' lang='lat' dir='ltr'><strong>ac</strong></span> 
     </span>
    </p>
   </div>
   <div class='ocr_carea' id='block_1_27' title="bbox 1807 1166 3394 1244">
    <p class='ocr_par' dir='ltr' id='par_1_27' title="bbox 1807 1166 3394 1244">
     <span class='ocr_line' id='line_1_27' title="bbox 1807 1166 3394 1244; baseline -0.006 -14"><span class='ocrx_word' id='word_1_184' title='bbox 1807 1183 1990 1231; x_wconf 89' lang='lat' dir='ltr'><strong>mente</strong></span> <span class='ocrx_word' id='word_1_185' title='bbox 2015 1185 2300 1238; x_wconf 87' lang='lat' dir='ltr'><strong>constans,</strong></span> <span class='ocrx_word' id='word_1_186' title='bbox 2325 1183 2618 1244; x_wconf 85' lang='lat' dir='ltr'><strong>menteque</strong></span> <span class='ocrx_word' id='word_1_187' title='bbox 2636 1168 3156 1242; x_wconf 86' lang='lat' dir='ltr'><strong>eomprehensibile,</strong></span> <span class='ocrx_word' id='word_1_188' title='bbox 3179 1166 3394 1222; x_wconf 89' lang='lat' dir='ltr'><strong>Numen</strong></span> 
     </span>
    </p>
   </div>
   <div class='ocr_carea' id='block_1_28' title="bbox 1787 1259 3394 1336">
    <p class='ocr_par' dir='ltr' id='par_1_28' title="bbox 1787 1259 3394 1336">
     <span class='ocr_line' id='line_1_28' title="bbox 1787 1259 3394 1336; baseline -0.005 -16"><span class='ocrx_word' id='word_1_189' title='bbox 1787 1261 2058 1320; x_wconf 56' lang='lat' dir='ltr'><strong>&#39;divinum</strong></span> <span class='ocrx_word' id='word_1_190' title='bbox 2092 1275 2218 1324; x_wconf 88' lang='lat' dir='ltr'><strong>est:</strong></span> <span class='ocrx_word' id='word_1_191' title='bbox 2268 1266 2398 1336; x_wconf 89' lang='lat' dir='ltr'><strong>quid</strong></span> <span class='ocrx_word' id='word_1_192' title='bbox 2449 1263 2648 1336; x_wconf 82' lang='lat' dir='ltr'><strong>negotii</strong></span> <span class='ocrx_word' id='word_1_193' title='bbox 2699 1273 2786 1322; x_wconf 87' lang='lat' dir='ltr'><strong>est</strong></span> <span class='ocrx_word' id='word_1_194' title='bbox 2843 1262 2891 1318; x_wconf 90' lang='lat' dir='ltr'><strong>ei</strong></span> <span class='ocrx_word' id='word_1_195' title='bbox 2926 1259 3074 1332; x_wconf 90' lang='lat' dir='ltr'><strong>quod</strong></span> <span class='ocrx_word' id='word_1_196' title='bbox 3106 1267 3163 1314; x_wconf 90' lang='lat' dir='ltr'><strong>et</strong></span> <span class='ocrx_word' id='word_1_197' title='bbox 3213 1265 3394 1314; x_wconf 91' lang='lat' dir='ltr'><strong>mente</strong></span> 
     </span>
    </p>
   </div>
   <div class='ocr_carea' id='block_1_29' title="bbox 1807 1350 3394 1428">
    <p class='ocr_par' dir='ltr' id='par_1_29' title="bbox 1807 1350 3394 1428">
     <span class='ocr_line' id='line_1_29' title="bbox 1807 1350 3394 1428; baseline -0.004 -16"><span class='ocrx_word' id='word_1_198' title='bbox 1807 1365 2046 1421; x_wconf 85' lang='lat' dir='ltr'><strong>constat,</strong></span> <span class='ocrx_word' id='word_1_199' title='bbox 2101 1365 2155 1413; x_wconf 91' lang='lat' dir='ltr'><strong>et</strong></span> <span class='ocrx_word' id='word_1_200' title='bbox 2193 1357 2546 1428; x_wconf 82' lang='lat' dir='ltr'><strong>intelligentia</strong></span> <span class='ocrx_word' id='word_1_201' title='bbox 2597 1351 3124 1426; x_wconf 87' lang='lat' dir='ltr'><strong>comprehenditur,</strong></span> <span class='ocrx_word' id='word_1_202' title='bbox 3181 1350 3394 1406; x_wconf 82' lang='lat' dir='ltr'><strong>eﬂiccre</strong></span> 
     </span>
    </p>
   </div>
   <div class='ocr_carea' id='block_1_30' title="bbox 1806 1445 3390 1521">
    <p class='ocr_par' dir='ltr' id='par_1_30' title="bbox 1806 1445 3390 1521">
     <span class='ocr_line' id='line_1_30' title="bbox 1806 1445 3390 1521; baseline -0.006 -15"><span class='ocrx_word' id='word_1_203' title='bbox 1806 1466 1869 1506; x_wconf 89' lang='lat' dir='ltr'><strong>ea</strong></span> <span class='ocrx_word' id='word_1_204' title='bbox 1897 1465 2019 1521; x_wconf 73' lang='lat' dir='ltr'><strong>qua:</strong></span> <span class='ocrx_word' id='word_1_205' title='bbox 2047 1457 2227 1504; x_wconf 90' lang='lat' dir='ltr'><strong>mente</strong></span> <span class='ocrx_word' id='word_1_206' title='bbox 2260 1457 2563 1504; x_wconf 88' lang='lat' dir='ltr'><strong>cernuntur</strong></span> <span class='ocrx_word' id='word_1_207' title='bbox 2607 1457 2662 1504; x_wconf 91' lang='lat' dir='ltr'><strong>et</strong></span> <span class='ocrx_word' id='word_1_208' title='bbox 2695 1445 3124 1517; x_wconf 84' lang='lat' dir='ltr'><strong>intelliguntur?</strong></span> <span class='ocrx_word' id='word_1_209' title='bbox 3154 1457 3390 1514; x_wconf 88' lang='lat' dir='ltr'><strong>quorum</strong></span> 
     </span>
    </p>
   </div>
   <div class='ocr_carea' id='block_1_31' title="bbox 1809 1535 3392 1611">
    <p class='ocr_par' dir='ltr' id='par_1_31' title="bbox 1809 1535 3392 1611">
     <span class='ocr_line' id='line_1_31' title="bbox 1809 1535 3392 1611; baseline -0.005 -15"><span class='ocrx_word' id='word_1_210' title='bbox 1809 1541 1950 1596; x_wconf 89' lang='lat' dir='ltr'><strong>inter</strong></span> <span class='ocrx_word' id='word_1_211' title='bbox 1979 1542 2092 1611; x_wconf 91' lang='lat' dir='ltr'><strong>ipsa</strong></span> <span class='ocrx_word' id='word_1_212' title='bbox 2127 1555 2434 1596; x_wconf 85' lang='lat' dir='ltr'><strong>concursus</strong></span> <span class='ocrx_word' id='word_1_213' title='bbox 2467 1543 2717 1610; x_wconf 89' lang='lat' dir='ltr'><strong>corporis</strong></span> <span class='ocrx_word' id='word_1_214' title='bbox 2751 1539 2911 1596; x_wconf 88' lang='lat' dir='ltr'><strong>nobis</strong></span> <span class='ocrx_word' id='word_1_215' title='bbox 2953 1535 3237 1608; x_wconf 73' lang='lat' dir='ltr'><strong>generavit</strong></span> <span class='ocrx_word' id='word_1_216' title='bbox 3289 1549 3392 1590; x_wconf 61' lang='lat' dir='ltr'><strong>nao</strong></span> 
     </span>
    </p>
   </div>
   <div class='ocr_carea' id='block_1_32' title="bbox 1807 1628 3394 1704">
    <p class='ocr_par' dir='ltr' id='par_1_32' title="bbox 1807 1628 3394 1704">
     <span class='ocr_line' id='line_1_32' title="bbox 1807 1628 3394 1704; baseline -0.003 -17"><span class='ocrx_word' id='word_1_217' title='bbox 1807 1641 2012 1688; x_wconf 89' lang='lat' dir='ltr'><strong>turam.</strong></span> <span class='ocrx_word' id='word_1_218' title='bbox 2050 1631 2156 1687; x_wconf 90' lang='lat' dir='ltr'><strong>Sed</strong></span> <span class='ocrx_word' id='word_1_219' title='bbox 2190 1631 2304 1686; x_wconf 68' lang='lat' dir='ltr'><strong>haec</strong></span> <span class='ocrx_word' id='word_1_220' title='bbox 2340 1631 2562 1702; x_wconf 88' lang='lat' dir='ltr'><strong>quidem</strong></span> <span class='ocrx_word' id='word_1_221' title='bbox 2619 1641 2772 1688; x_wconf 78' lang='lat' dir='ltr'><strong>extra</strong></span> <span class='ocrx_word' id='word_1_222' title='bbox 2816 1632 3158 1704; x_wconf 90' lang='lat' dir='ltr'><strong>propositum</strong></span> <span class='ocrx_word' id='word_1_223' title='bbox 3215 1628 3394 1683; x_wconf 76' lang='lat' dir='ltr'><strong>obiter</strong></span> 
     </span>
    </p>
   </div>
   <div class='ocr_carea' id='block_1_33' title="bbox 1807 1721 3394 1795">
    <p class='ocr_par' dir='ltr' id='par_1_33' title="bbox 1807 1721 3394 1795">
     <span class='ocr_line' id='line_1_33' title="bbox 1807 1721 3394 1795; baseline -0.004 -15"><span class='ocrx_word' id='word_1_224' title='bbox 1807 1726 2140 1788; x_wconf 77' lang='lat' dir='ltr'><strong>examinata,</strong></span> <span class='ocrx_word' id='word_1_225' title='bbox 2173 1725 2444 1795; x_wconf 80' lang='lat' dir='ltr'><strong>explicata</strong></span> <span class='ocrx_word' id='word_1_226' title='bbox 2468 1733 2632 1794; x_wconf 88' lang='lat' dir='ltr'><strong>atque</strong></span> <span class='ocrx_word' id='word_1_227' title='bbox 2663 1739 2900 1780; x_wconf 78' lang='lat' dir='ltr'><strong>excussa</strong></span> <span class='ocrx_word' id='word_1_228' title='bbox 2954 1725 3088 1781; x_wconf 90' lang='lat' dir='ltr'><strong>sint.</strong></span> <span class='ocrx_word' id='word_1_229' title='bbox 3146 1721 3394 1789; x_wconf 75' lang='lat' dir='ltr'><strong>Quzrstio</strong></span> 
     </span>
    </p>
   </div>
   <div class='ocr_carea' id='block_1_34' title="bbox 97 1805 1702 1888">
    <p class='ocr_par' dir='ltr' id='par_1_34' title="bbox 97 1806 1702 1888">
     <span class='ocr_line' id='line_1_34' title="bbox 97 1806 1702 1888; baseline 0.009 -29"><span class='ocrx_word' id='word_1_230' title='bbox 97 1806 340 1876; x_wconf 60' lang='grc' dir='ltr'><strong>ἀςιύχων</strong></span> <span class='ocrx_word' id='word_1_231' title='bbox 368 1813 650 1882; x_wconf 73' lang='grc' dir='ltr'>κινητικὴν</span> <span class='ocrx_word' id='word_1_232' title='bbox 677 1831 737 1867; x_wconf 87' lang='grc' dir='ltr'><strong>τε</strong></span> <span class='ocrx_word' id='word_1_233' title='bbox 771 1815 864 1868; x_wconf 80' lang='grc' dir='ltr'><strong>καὶ</strong></span> <span class='ocrx_word' id='word_1_234' title='bbox 891 1816 1188 1888; x_wconf 74' lang='grc' dir='ltr'><strong>αὐξητικὴν</strong></span> <span class='ocrx_word' id='word_1_235' title='bbox 1223 1819 1283 1871; x_wconf 86' lang='grc' dir='ltr'><strong>ἐν</strong></span> <span class='ocrx_word' id='word_1_236' title='bbox 1307 1817 1454 1888; x_wconf 81' lang='grc' dir='ltr'>αὐτῷ</span> <span class='ocrx_word' id='word_1_237' title='bbox 1480 1817 1592 1888; x_wconf 71' lang='grc'><strong>(46)</strong></span> <span class='ocrx_word' id='word_1_238' title='bbox 1617 1818 1702 1872; x_wconf 83' lang='grc' dir='ltr'><strong>δύ-</strong></span> 
     </span>
    </p>
   </div>
   <div class='ocr_carea' id='block_1_35' title="bbox 1812 1805 3396 1888">
    <p class='ocr_par' dir='ltr' id='par_1_35' title="bbox 1812 1811 3396 1885">
     <span class='ocr_line' id='line_1_35' title="bbox 1812 1811 3396 1885; baseline 0 -19"><span class='ocrx_word' id='word_1_239' title='bbox 1812 1823 1986 1867; x_wconf 84' lang='lat' dir='ltr'><strong>autem</strong></span> <span class='ocrx_word' id='word_1_240' title='bbox 2019 1821 2159 1877; x_wconf 87' lang='lat' dir='ltr'><strong>erat,</strong></span> <span class='ocrx_word' id='word_1_241' title='bbox 2212 1829 2392 1868; x_wconf 89' lang='lat' dir='ltr'><strong>annon</strong></span> <span class='ocrx_word' id='word_1_242' title='bbox 2436 1814 2632 1870; x_wconf 76' lang='lat' dir='ltr'><strong>anima:</strong></span> <span class='ocrx_word' id='word_1_243' title='bbox 2688 1825 2814 1870; x_wconf 84' lang='lat' dir='ltr'><strong>ante</strong></span> <span class='ocrx_word' id='word_1_244' title='bbox 2870 1827 3104 1885; x_wconf 87' lang='lat' dir='ltr'><strong>corpora</strong></span> <span class='ocrx_word' id='word_1_245' title='bbox 3163 1811 3396 1868; x_wconf 76' lang='lat' dir='ltr'><strong>exstite-</strong></span> 
     </span>
    </p>
   </div>
   <div class='ocr_carea' id='block_1_36' title="bbox 95 1901 1702 1982">
    <p class='ocr_par' dir='ltr' id='par_1_36' title="bbox 95 1901 1702 1982">
     <span class='ocr_line' id='line_1_36' title="bbox 95 1901 1702 1982; baseline 0.01 -34"><span class='ocrx_word' id='word_1_246' title='bbox 95 1915 274 1968; x_wconf 74' lang='grc' dir='ltr'>ναμιν</span> <span class='ocrx_word' id='word_1_247' title='bbox 305 1901 442 1971; x_wconf 73' lang='grc' dir='ltr'>ἔχει.</span> <span class='ocrx_word' id='word_1_248' title='bbox 473 1905 594 1957; x_wconf 81' lang='grc' dir='ltr'><strong>Τῶν</strong></span> <span class='ocrx_word' id='word_1_249' title='bbox 621 1905 666 1960; x_wconf 85' lang='grc' dir='ltr'><strong>δ’</strong></span> <span class='ocrx_word' id='word_1_250' title='bbox 697 1908 756 1960; x_wconf 85' lang='grc' dir='ltr'><strong>ἐν</strong></span> <span class='ocrx_word' id='word_1_251' title='bbox 785 1907 938 1977; x_wconf 79' lang='grc' dir='ltr'>νηδύϊ</span> <span class='ocrx_word' id='word_1_252' title='bbox 961 1909 1074 1980; x_wconf 76' lang='grc'><strong>(4⁵1)</strong></span> <span class='ocrx_word' id='word_1_253' title='bbox 1117 1911 1547 1982; x_wconf 79' lang='grc' dir='ltr'>ἐντρεφομένων,</span> <span class='ocrx_word' id='word_1_254' title='bbox 1578 1911 1702 1964; x_wconf 80' lang='grc' dir='ltr'>οὔτε</span> 
     </span>
    </p>
   </div>
   <div class='ocr_carea' id='block_1_37' title="bbox 1812 1901 3388 1982">
    <p class='ocr_par' dir='ltr' id='par_1_37' title="bbox 1812 1903 3388 1977">
     <span class='ocr_line' id='line_1_37' title="bbox 1812 1903 3388 1977; baseline -0.001 -19"><span class='ocrx_word' id='word_1_255' title='bbox 1812 1907 1940 1971; x_wconf 89' lang='lat' dir='ltr'><strong>rint,</strong></span> <span class='ocrx_word' id='word_1_256' title='bbox 1972 1913 2028 1960; x_wconf 91' lang='lat' dir='ltr'><strong>et</strong></span> <span class='ocrx_word' id='word_1_257' title='bbox 2064 1906 2118 1960; x_wconf 91' lang='lat' dir='ltr'><strong>in</strong></span> <span class='ocrx_word' id='word_1_258' title='bbox 2157 1921 2342 1960; x_wconf 87' lang='lat' dir='ltr'><strong>rerum</strong></span> <span class='ocrx_word' id='word_1_259' title='bbox 2372 1915 2624 1960; x_wconf 90' lang='lat' dir='ltr'><strong>naturam</strong></span> <span class='ocrx_word' id='word_1_260' title='bbox 2654 1907 2936 1977; x_wconf 80' lang='lat' dir='ltr'><strong>producta:</strong></span> <span class='ocrx_word' id='word_1_261' title='bbox 2967 1906 3101 1970; x_wconf 87' lang='lat' dir='ltr'><strong>sint,</strong></span> <span class='ocrx_word' id='word_1_262' title='bbox 3142 1903 3388 1974; x_wconf 90' lang='lat' dir='ltr'><strong>quando,</strong></span> 
     </span>
    </p>
   </div>
   <div class='ocr_carea' id='block_1_38' title="bbox 95 1991 1702 2076">
    <p class='ocr_par' dir='ltr' id='par_1_38' title="bbox 95 1991 1702 2076">
     <span class='ocr_line' id='line_1_38' title="bbox 95 1991 1702 2076; baseline 0.012 -35"><span class='ocrx_word' id='word_1_263' title='bbox 95 1992 128 2058; x_wconf 75' lang='grc' dir='ltr'><strong>ἡ</strong></span> <span class='ocrx_word' id='word_1_264' title='bbox 171 1991 438 2064; x_wconf 71' lang='grc' dir='ltr'>αὔξησις,</span> <span class='ocrx_word' id='word_1_265' title='bbox 471 1995 595 2050; x_wconf 71' lang='grc' dir='ltr'>οὔτε</span> <span class='ocrx_word' id='word_1_266' title='bbox 637 1999 670 2068; x_wconf 75' lang='grc' dir='ltr'><strong>ἡ</strong></span> <span class='ocrx_word' id='word_1_267' title='bbox 710 2000 911 2070; x_wconf 79' lang='grc' dir='ltr'>τοπικὴ</span> <span class='ocrx_word' id='word_1_268' title='bbox 960 1999 1172 2072; x_wconf 76' lang='grc' dir='ltr'>κίνησίς</span> <span class='ocrx_word' id='word_1_269' title='bbox 1209 2005 1358 2056; x_wconf 80' lang='grc' dir='ltr'>ἐστιν</span> <span class='ocrx_word' id='word_1_270' title='bbox 1390 2003 1502 2076; x_wconf 70' lang='grc'><strong>(48)</strong></span> <span class='ocrx_word' id='word_1_271' title='bbox 1537 2001 1702 2074; x_wconf 80' lang='grc' dir='ltr'>ἀμφί-</span> 
     </span>
    </p>
   </div>
   <div class='ocr_carea' id='block_1_39' title="bbox 1812 1991 3394 2076">
    <p class='ocr_par' dir='ltr' id='par_1_39' title="bbox 1812 1993 3394 2068">
     <span class='ocr_line' id='line_1_39' title="bbox 1812 1993 3394 2068; baseline -0.003 -17"><span class='ocrx_word' id='word_1_272' title='bbox 1812 2007 1862 2051; x_wconf 91' lang='lat' dir='ltr'><strong>et</strong></span> <span class='ocrx_word' id='word_1_273' title='bbox 1894 1996 2170 2066; x_wconf 87' lang='lat' dir='ltr'><strong>quomodo</strong></span> <span class='ocrx_word' id='word_1_274' title='bbox 2192 1997 2485 2064; x_wconf 70' lang='lat' dir='ltr'><strong>exsistant,</strong></span> <span class='ocrx_word' id='word_1_275' title='bbox 2514 2005 2676 2068; x_wconf 87' lang='lat' dir='ltr'><strong>atque</strong></span> <span class='ocrx_word' id='word_1_276' title='bbox 2699 1997 2909 2054; x_wconf 90' lang='lat' dir='ltr'><strong>idcirco</strong></span> <span class='ocrx_word' id='word_1_277' title='bbox 2955 2011 3075 2052; x_wconf 87' lang='lat' dir='ltr'><strong>eam</strong></span> <span class='ocrx_word' id='word_1_278' title='bbox 3125 1993 3394 2066; x_wconf 75' lang='lat' dir='ltr'><strong>qincstio-</strong></span> 
     </span>
    </p>
   </div>
   <div class='ocr_carea' id='block_1_40' title="bbox 97 2080 3389 2157">
    <p class='ocr_par' dir='ltr' id='par_1_40' title="bbox 97 2080 3389 2157">
     <span class='ocr_line' id='line_1_40' title="bbox 97 2080 3389 2157; baseline -0.003 -13"><span class='ocrx_word' id='word_1_279' title='bbox 97 2080 288 2144; x_wconf 77' lang='grc' dir='ltr'><strong>σολος-</strong></span> <span class='ocrx_word' id='word_1_280' title='bbox 1807 2104 1954 2150; x_wconf 90' lang='lat' dir='ltr'><strong>nem,</strong></span> <span class='ocrx_word' id='word_1_281' title='bbox 2015 2087 2290 2157; x_wconf 85' lang='lat' dir='ltr'><strong>quomodo</strong></span> <span class='ocrx_word' id='word_1_282' title='bbox 2324 2087 2408 2142; x_wconf 80' lang='lat' dir='ltr'><strong>hae</strong></span> <span class='ocrx_word' id='word_1_283' title='bbox 2467 2089 2820 2151; x_wconf 80' lang='lat' dir='ltr'><strong>exsisterent,</strong></span> <span class='ocrx_word' id='word_1_284' title='bbox 2876 2094 3134 2156; x_wconf 90' lang='lat' dir='ltr'><strong>utquam</strong></span> <span class='ocrx_word' id='word_1_285' title='bbox 3170 2081 3389 2154; x_wconf 89' lang='lat' dir='ltr'><strong>assequi</strong></span> 
     </span>
    </p>
   </div>
   <div class='ocr_carea' id='block_1_41' title="bbox 101 2171 3392 2253">
    <p class='ocr_par' dir='ltr' id='par_1_41' title="bbox 101 2171 3392 2253">
     <span class='ocr_line' id='line_1_41' title="bbox 101 2171 3392 2253; baseline 0.001 -32"><span class='ocrx_word' id='word_1_286' title='bbox 101 2178 282 2240; x_wconf 87' lang='lat' dir='ltr'><strong>atque</strong></span> <span class='ocrx_word' id='word_1_287' title='bbox 311 2178 574 2248; x_wconf 76' lang='lat' dir='ltr'><strong>expedire</strong></span> <span class='ocrx_word' id='word_1_288' title='bbox 609 2195 720 2234; x_wconf 91' lang='lat' dir='ltr'><strong>non</strong></span> <span class='ocrx_word' id='word_1_289' title='bbox 773 2188 982 2250; x_wconf 86' lang='lat' dir='ltr'><strong>posset,</strong></span> <span class='ocrx_word' id='word_1_290' title='bbox 1051 2180 1274 2236; x_wconf 90' lang='lat' dir='ltr'><strong>curiose</strong></span> <span class='ocrx_word' id='word_1_291' title='bbox 1350 2181 1680 2253; x_wconf 83' lang='lat' dir='ltr'><strong>investigare</strong></span> <span class='ocrx_word' id='word_1_292' title='bbox 1743 2186 1909 2249; x_wconf 85' lang='lat' dir='ltr'><strong>atque</strong></span> <span class='ocrx_word' id='word_1_293' title='bbox 1964 2176 2203 2232; x_wconf 86' lang='lat' dir='ltr'><strong>scrutari</strong></span> <span class='ocrx_word' id='word_1_294' title='bbox 2260 2177 2438 2231; x_wconf 90' lang='lat' dir='ltr'><strong>oratio</strong></span> <span class='ocrx_word' id='word_1_295' title='bbox 2499 2187 2686 2232; x_wconf 87' lang='lat' dir='ltr'><strong>nostra</strong></span> <span class='ocrx_word' id='word_1_296' title='bbox 2753 2176 3130 2247; x_wconf 73' lang='grc' dir='ltr'>ιπιιιιοιιιιὶεἰι.</span> <span class='ocrx_word' id='word_1_297' title='bbox 3201 2171 3392 2227; x_wconf 80' lang='lat' dir='ltr'><strong>Restat</strong></span> 
     </span>
    </p>
   </div>
   <div class='ocr_carea' id='block_1_42' title="bbox 99 2266 3396 2344">
    <p class='ocr_par' dir='ltr' id='par_1_42' title="bbox 99 2266 3396 2344">
     <span class='ocr_line' id='line_1_42' title="bbox 99 2266 3396 2344; baseline 0.001 -28"><span class='ocrx_word' id='word_1_298' title='bbox 99 2273 292 2320; x_wconf 68' lang='lat' dir='ltr'><strong>autem</strong></span> <span class='ocrx_word' id='word_1_299' title='bbox 325 2273 630 2326; x_wconf 87' lang='lat' dir='ltr'><strong>secundum</strong></span> <span class='ocrx_word' id='word_1_300' title='bbox 673 2289 759 2339; x_wconf 90' lang='lat' dir='ltr'><strong>ea,</strong></span> <span class='ocrx_word' id='word_1_301' title='bbox 805 2290 926 2344; x_wconf 73' lang='lat' dir='ltr'><strong>quae</strong></span> <span class='ocrx_word' id='word_1_302' title='bbox 959 2275 1193 2330; x_wconf 88' lang='lat' dir='ltr'><strong>antehac</strong></span> <span class='ocrx_word' id='word_1_303' title='bbox 1227 2273 1686 2338; x_wconf 79' lang='lat' dir='ltr'><strong>examinavimus,</strong></span> <span class='ocrx_word' id='word_1_304' title='bbox 1723 2281 1782 2326; x_wconf 89' lang='lat' dir='ltr'><strong>ut</strong></span> <span class='ocrx_word' id='word_1_305' title='bbox 1810 2278 2109 2342; x_wconf 76' lang='lat' dir='ltr'><strong>qttzeratur,</strong></span> <span class='ocrx_word' id='word_1_306' title='bbox 2147 2269 2369 2340; x_wconf 90' lang='lat' dir='ltr'><strong>quando</strong></span> <span class='ocrx_word' id='word_1_307' title='bbox 2395 2267 2592 2322; x_wconf 66' lang='lat' dir='ltr'><strong>animae</strong></span> <span class='ocrx_word' id='word_1_308' title='bbox 2657 2267 2926 2338; x_wconf 87' lang='lat' dir='ltr'><strong>principia</strong></span> <span class='ocrx_word' id='word_1_309' title='bbox 2987 2266 3072 2322; x_wconf 92' lang='lat' dir='ltr'><strong>sui</strong></span> <span class='ocrx_word' id='word_1_310' title='bbox 3125 2273 3282 2320; x_wconf 91' lang='lat' dir='ltr'><strong>ortus</strong></span> <span class='ocrx_word' id='word_1_311' title='bbox 3338 2268 3396 2321; x_wconf 67' lang='lat' dir='ltr'><strong>et</strong></span> 
     </span>
    </p>
   </div>
   <div class='ocr_carea' id='block_1_43' title="bbox 97 2356 3392 2435">
    <p class='ocr_par' dir='ltr' id='par_1_43' title="bbox 97 2356 3392 2435">
     <span class='ocr_line' id='line_1_43' title="bbox 97 2356 3392 2435; baseline -0 -24"><span class='ocrx_word' id='word_1_312' title='bbox 97 2359 451 2418; x_wconf 75' lang='lat' dir='ltr'><strong>cxsistentia:</strong></span> <span class='ocrx_word' id='word_1_313' title='bbox 500 2364 788 2420; x_wconf 83' lang='lat' dir='ltr'><strong>habeant?</strong></span> <span class='ocrx_word' id='word_1_314' title='bbox 839 2364 974 2420; x_wconf 88' lang='lat' dir='ltr'><strong>Nam</strong></span> <span class='ocrx_word' id='word_1_315' title='bbox 1008 2367 1054 2422; x_wconf 89' lang='lat' dir='ltr'><strong>si</strong></span> <span class='ocrx_word' id='word_1_316' title='bbox 1111 2367 1298 2420; x_wconf 90' lang='lat' dir='ltr'><strong>datum</strong></span> <span class='ocrx_word' id='word_1_317' title='bbox 1359 2363 1524 2420; x_wconf 83' lang='lat' dir='ltr'><strong>fuerit</strong></span> <span class='ocrx_word' id='word_1_318' title='bbox 1556 2363 1703 2435; x_wconf 89' lang='lat' dir='ltr'><strong>quod</strong></span> <span class='ocrx_word' id='word_1_319' title='bbox 1767 2368 1896 2417; x_wconf 89' lang='lat' dir='ltr'><strong>ante</strong></span> <span class='ocrx_word' id='word_1_320' title='bbox 1942 2375 2147 2432; x_wconf 90' lang='lat' dir='ltr'><strong>corpus</strong></span> <span class='ocrx_word' id='word_1_321' title='bbox 2207 2360 2261 2414; x_wconf 93' lang='lat' dir='ltr'><strong>in</strong></span> <span class='ocrx_word' id='word_1_322' title='bbox 2324 2359 2586 2428; x_wconf 82' lang='lat' dir='ltr'><strong>peculiari</strong></span> <span class='ocrx_word' id='word_1_323' title='bbox 2642 2359 2878 2430; x_wconf 88' lang='lat' dir='ltr'><strong>quadam</strong></span> <span class='ocrx_word' id='word_1_324' title='bbox 2932 2360 3168 2415; x_wconf 88' lang='lat' dir='ltr'><strong>statione</strong></span> <span class='ocrx_word' id='word_1_325' title='bbox 3209 2356 3392 2412; x_wconf 78' lang='lat' dir='ltr'><strong>anima</strong></span> 
     </span>
    </p>
   </div>
   <div class='ocr_carea' id='block_1_44' title="bbox 97 2447 3386 2522">
    <p class='ocr_par' dir='ltr' id='par_1_44' title="bbox 97 2447 3386 2522">
     <span class='ocr_line' id='line_1_44' title="bbox 97 2447 3386 2522; baseline -0.001 -18"><span class='ocrx_word' id='word_1_326' title='bbox 97 2451 277 2516; x_wconf 84' lang='lat' dir='ltr'><strong>vivat,</strong></span> <span class='ocrx_word' id='word_1_327' title='bbox 327 2458 560 2512; x_wconf 88' lang='lat' dir='ltr'><strong>omnino</strong></span> <span class='ocrx_word' id='word_1_328' title='bbox 599 2475 828 2515; x_wconf 74' lang='lat' dir='ltr'><strong>necesse</strong></span> <span class='ocrx_word' id='word_1_329' title='bbox 861 2467 948 2514; x_wconf 85' lang='lat' dir='ltr'><strong>est</strong></span> <span class='ocrx_word' id='word_1_330' title='bbox 983 2467 1044 2513; x_wconf 91' lang='lat' dir='ltr'><strong>ut</strong></span> <span class='ocrx_word' id='word_1_331' title='bbox 1089 2459 1362 2514; x_wconf 85' lang='lat' dir='ltr'><strong>absurdas</strong></span> <span class='ocrx_word' id='word_1_332' title='bbox 1403 2459 1526 2514; x_wconf 89' lang='lat' dir='ltr'><strong>illas</strong></span> <span class='ocrx_word' id='word_1_333' title='bbox 1589 2457 1894 2512; x_wconf 81' lang='lat' dir='ltr'><strong>sententias</strong></span> <span class='ocrx_word' id='word_1_334' title='bbox 1928 2463 1982 2508; x_wconf 94' lang='lat' dir='ltr'><strong>et</strong></span> <span class='ocrx_word' id='word_1_335' title='bbox 2012 2453 2164 2508; x_wconf 83' lang='lat' dir='ltr'><strong>ﬁctas</strong></span> <span class='ocrx_word' id='word_1_336' title='bbox 2191 2452 2483 2522; x_wconf 84' lang='lat' dir='ltr'><strong>opiniones</strong></span> <span class='ocrx_word' id='word_1_337' title='bbox 2508 2466 2700 2506; x_wconf 89' lang='lat' dir='ltr'><strong>eorum</strong></span> <span class='ocrx_word' id='word_1_338' title='bbox 2773 2451 2864 2520; x_wconf 88' lang='lat' dir='ltr'><strong>qui</strong></span> <span class='ocrx_word' id='word_1_339' title='bbox 2935 2458 3156 2520; x_wconf 86' lang='lat' dir='ltr'><strong>propter</strong></span> <span class='ocrx_word' id='word_1_340' title='bbox 3224 2447 3386 2502; x_wconf 87' lang='lat' dir='ltr'><strong>vitio-</strong></span> 
     </span>
    </p>
   </div>
   <div class='ocr_carea' id='block_1_45' title="bbox 93 2540 3394 2622">
    <p class='ocr_par' dir='ltr' id='par_1_45' title="bbox 93 2540 3394 2622">
     <span class='ocr_line' id='line_1_45' title="bbox 93 2540 3394 2622; baseline -0.001 -23"><span class='ocrx_word' id='word_1_341' title='bbox 93 2550 326 2602; x_wconf 84' lang='lat' dir='ltr'><strong>sitatem</strong></span> <span class='ocrx_word' id='word_1_342' title='bbox 373 2550 588 2604; x_wconf 87' lang='lat' dir='ltr'><strong>animas</strong></span> <span class='ocrx_word' id='word_1_343' title='bbox 619 2552 676 2606; x_wconf 93' lang='lat' dir='ltr'><strong>in</strong></span> <span class='ocrx_word' id='word_1_344' title='bbox 734 2567 966 2622; x_wconf 90' lang='lat' dir='ltr'><strong>corpora</strong></span> <span class='ocrx_word' id='word_1_345' title='bbox 1021 2552 1216 2606; x_wconf 90' lang='lat' dir='ltr'><strong>deduci</strong></span> <span class='ocrx_word' id='word_1_346' title='bbox 1279 2551 1494 2616; x_wconf 82' lang='lat' dir='ltr'><strong>volunt,</strong></span> <span class='ocrx_word' id='word_1_347' title='bbox 1554 2551 1703 2606; x_wconf 80' lang='lat' dir='ltr'><strong>vires</strong></span> <span class='ocrx_word' id='word_1_348' title='bbox 1759 2547 1964 2602; x_wconf 87' lang='lat' dir='ltr'><strong>habere</strong></span> <span class='ocrx_word' id='word_1_349' title='bbox 2031 2553 2308 2615; x_wconf 89' lang='lat' dir='ltr'><strong>putemus.</strong></span> <span class='ocrx_word' id='word_1_350' title='bbox 2351 2543 2646 2599; x_wconf 84' lang='lat' dir='ltr'><strong>Enimvero</strong></span> <span class='ocrx_word' id='word_1_351' title='bbox 2689 2543 3047 2613; x_wconf 87' lang='lat' dir='ltr'><strong>posteriorem</strong></span> <span class='ocrx_word' id='word_1_352' title='bbox 3109 2557 3232 2598; x_wconf 87' lang='lat' dir='ltr'><strong>esse</strong></span> <span class='ocrx_word' id='word_1_353' title='bbox 3278 2540 3394 2598; x_wconf 86' lang='lat' dir='ltr'><strong>ori-</strong></span> 
     </span>
    </p>
   </div>
   <div class='ocr_carea' id='block_1_46' title="bbox 89 2632 3388 2714">
    <p class='ocr_par' dir='ltr' id='par_1_46' title="bbox 89 2632 3388 2714">
     <span class='ocr_line' id='line_1_46' title="bbox 89 2632 3388 2714; baseline -0.002 -21"><span class='ocrx_word' id='word_1_354' title='bbox 89 2643 292 2712; x_wconf 72' lang='lat' dir='ltr'><strong>ginem</strong></span> <span class='ocrx_word' id='word_1_355' title='bbox 320 2641 654 2703; x_wconf 87' lang='lat' dir='ltr'><strong>animarum.</strong></span> <span class='ocrx_word' id='word_1_356' title='bbox 709 2643 968 2714; x_wconf 86' lang='lat' dir='ltr'><strong>ipsasque</strong></span> <span class='ocrx_word' id='word_1_357' title='bbox 1005 2643 1340 2700; x_wconf 81' lang='lat' dir='ltr'><strong>recentiores</strong></span> <span class='ocrx_word' id='word_1_358' title='bbox 1393 2657 1516 2700; x_wconf 88' lang='lat' dir='ltr'><strong>esse</strong></span> <span class='ocrx_word' id='word_1_359' title='bbox 1575 2655 1866 2712; x_wconf 84' lang='lat' dir='ltr'><strong>corporum</strong></span> <span class='ocrx_word' id='word_1_360' title='bbox 1917 2635 2317 2709; x_wconf 83' lang='lat' dir='ltr'><strong>compositione</strong></span> <span class='ocrx_word' id='word_1_361' title='bbox 2361 2650 2523 2690; x_wconf 87' lang='lat' dir='ltr'><strong>nemo</strong></span> <span class='ocrx_word' id='word_1_362' title='bbox 2570 2649 2705 2690; x_wconf 89' lang='lat' dir='ltr'><strong>sana</strong></span> <span class='ocrx_word' id='word_1_363' title='bbox 2764 2641 2945 2689; x_wconf 90' lang='lat' dir='ltr'><strong>mente</strong></span> <span class='ocrx_word' id='word_1_364' title='bbox 3011 2633 3272 2703; x_wconf 78' lang='lat' dir='ltr'><strong>praeditus</strong></span> <span class='ocrx_word' id='word_1_365' title='bbox 3333 2632 3388 2688; x_wconf 92' lang='lat' dir='ltr'><strong>in</strong></span> 
     </span>
    </p>
   </div>
   <div class='ocr_carea' id='block_1_47' title="bbox 89 2723 3392 2802">
    <p class='ocr_par' dir='ltr' id='par_1_47' title="bbox 89 2723 3392 2802">
     <span class='ocr_line' id='line_1_47' title="bbox 89 2723 3392 2802; baseline -0.002 -17"><span class='ocrx_word' id='word_1_366' title='bbox 89 2733 360 2786; x_wconf 83' lang='lat' dir='ltr'><strong>animum</strong></span> <span class='ocrx_word' id='word_1_367' title='bbox 399 2731 702 2798; x_wconf 77' lang='lat' dir='ltr'><strong>induxerit,</strong></span> <span class='ocrx_word' id='word_1_368' title='bbox 771 2749 897 2788; x_wconf 90' lang='lat' dir='ltr'><strong>cum</strong></span> <span class='ocrx_word' id='word_1_369' title='bbox 957 2735 1312 2790; x_wconf 87' lang='lat' dir='ltr'><strong>manifestum</strong></span> <span class='ocrx_word' id='word_1_370' title='bbox 1373 2748 1438 2787; x_wconf 90' lang='lat' dir='ltr'><strong>ac</strong></span> <span class='ocrx_word' id='word_1_371' title='bbox 1498 2732 1854 2802; x_wconf 88' lang='lat' dir='ltr'><strong>perspicuum</strong></span> <span class='ocrx_word' id='word_1_372' title='bbox 1921 2728 1993 2784; x_wconf 90' lang='lat' dir='ltr'><strong>sit</strong></span> <span class='ocrx_word' id='word_1_373' title='bbox 2057 2727 2314 2780; x_wconf 91' lang='lat' dir='ltr'><strong>omnibus</strong></span> <span class='ocrx_word' id='word_1_374' title='bbox 2354 2724 2500 2794; x_wconf 90' lang='lat' dir='ltr'><strong>quod</strong></span> <span class='ocrx_word' id='word_1_375' title='bbox 2558 2725 2694 2780; x_wconf 90' lang='lat' dir='ltr'><strong>nihil</strong></span> <span class='ocrx_word' id='word_1_376' title='bbox 2747 2741 2816 2781; x_wconf 80' lang='lat' dir='ltr'><strong>ex</strong></span> <span class='ocrx_word' id='word_1_377' title='bbox 2869 2725 3126 2782; x_wconf 85' lang='lat' dir='ltr'><strong>inanimis</strong></span> <span class='ocrx_word' id='word_1_378' title='bbox 3194 2723 3392 2780; x_wconf 81' lang='lat' dir='ltr'><strong>habeat</strong></span> 
     </span>
    </p>
   </div>
   <div class='ocr_carea' id='block_1_48' title="bbox 89 2817 3386 2896">
    <p class='ocr_par' dir='ltr' id='par_1_48' title="bbox 89 2817 3386 2896">
     <span class='ocr_line' id='line_1_48' title="bbox 89 2817 3386 2896; baseline -0.002 -19"><span class='ocrx_word' id='word_1_379' title='bbox 89 2826 154 2878; x_wconf 87' lang='lat' dir='ltr'><strong>in</strong></span> <span class='ocrx_word' id='word_1_380' title='bbox 187 2839 318 2879; x_wconf 86' lang='lat' dir='ltr'><strong>sese</strong></span> <span class='ocrx_word' id='word_1_381' title='bbox 345 2824 454 2878; x_wconf 85' lang='lat' dir='ltr'><strong>vim</strong></span> <span class='ocrx_word' id='word_1_382' title='bbox 499 2825 752 2879; x_wconf 83' lang='lat' dir='ltr'><strong>movendi</strong></span> <span class='ocrx_word' id='word_1_383' title='bbox 805 2826 1012 2894; x_wconf 84' lang='lat' dir='ltr'><strong>pariter</strong></span> <span class='ocrx_word' id='word_1_384' title='bbox 1047 2833 1211 2896; x_wconf 87' lang='lat' dir='ltr'><strong>atque</strong></span> <span class='ocrx_word' id='word_1_385' title='bbox 1263 2825 1568 2880; x_wconf 82' lang='lat' dir='ltr'><strong>crescendi.</strong></span> <span class='ocrx_word' id='word_1_386' title='bbox 1623 2823 1691 2876; x_wconf 86' lang='lat' dir='ltr'><strong>At</strong></span> <span class='ocrx_word' id='word_1_387' title='bbox 1743 2833 1932 2878; x_wconf 90' lang='lat' dir='ltr'><strong>eorum</strong></span> <span class='ocrx_word' id='word_1_388' title='bbox 1991 2819 2086 2888; x_wconf 90' lang='lat' dir='ltr'><strong>qui</strong></span> <span class='ocrx_word' id='word_1_389' title='bbox 2123 2818 2175 2871; x_wconf 90' lang='lat' dir='ltr'><strong>in</strong></span> <span class='ocrx_word' id='word_1_390' title='bbox 2208 2825 2366 2872; x_wconf 82' lang='lat' dir='ltr'><strong>utero</strong></span> <span class='ocrx_word' id='word_1_391' title='bbox 2421 2817 2763 2880; x_wconf 88' lang='lat' dir='ltr'><strong>nutriuntur,</strong></span> <span class='ocrx_word' id='word_1_392' title='bbox 2807 2831 2984 2886; x_wconf 87' lang='lat' dir='ltr'><strong>neque</strong></span> <span class='ocrx_word' id='word_1_393' title='bbox 3027 2823 3386 2887; x_wconf 77' lang='lat' dir='ltr'><strong>augmentum</strong></span> 
     </span>
    </p>
   </div>
   <div class='ocr_carea' id='block_1_49' title="bbox 81 2909 2664 2985">
    <p class='ocr_par' dir='ltr' id='par_1_49' title="bbox 81 2909 2664 2985">
     <span class='ocr_line' id='line_1_49' title="bbox 81 2909 2664 2985; baseline -0.003 -15"><span class='ocrx_word' id='word_1_394' title='bbox 81 2925 148 2970; x_wconf 83' lang='lat' dir='ltr'><strong>et</strong></span> <span class='ocrx_word' id='word_1_395' title='bbox 193 2917 622 2980; x_wconf 87' lang='lat' dir='ltr'><strong>incrementum,</strong></span> <span class='ocrx_word' id='word_1_396' title='bbox 657 2931 836 2985; x_wconf 83' lang='lat' dir='ltr'><strong>neque</strong></span> <span class='ocrx_word' id='word_1_397' title='bbox 881 2917 948 2971; x_wconf 91' lang='lat' dir='ltr'><strong>de</strong></span> <span class='ocrx_word' id='word_1_398' title='bbox 983 2916 1104 2972; x_wconf 84' lang='lat' dir='ltr'><strong>loco</strong></span> <span class='ocrx_word' id='word_1_399' title='bbox 1139 2916 1208 2970; x_wconf 92' lang='lat' dir='ltr'><strong>ad</strong></span> <span class='ocrx_word' id='word_1_400' title='bbox 1267 2915 1444 2970; x_wconf 89' lang='lat' dir='ltr'><strong>locum</strong></span> <span class='ocrx_word' id='word_1_401' title='bbox 1509 2923 1692 2968; x_wconf 89' lang='lat' dir='ltr'><strong>motus</strong></span> <span class='ocrx_word' id='word_1_402' title='bbox 1729 2917 2123 2967; x_wconf 86' lang='lat' dir='ltr'><strong>controversus</strong></span> <span class='ocrx_word' id='word_1_403' title='bbox 2147 2917 2202 2963; x_wconf 91' lang='lat' dir='ltr'><strong>et</strong></span> <span class='ocrx_word' id='word_1_404' title='bbox 2232 2909 2524 2978; x_wconf 82' lang='lat' dir='ltr'><strong>ambiguus</strong></span> <span class='ocrx_word' id='word_1_405' title='bbox 2557 2917 2664 2964; x_wconf 89' lang='lat' dir='ltr'><strong>est.</strong></span> 
     </span>
    </p>
   </div>
   <div class='ocr_carea' id='block_1_50' title="bbox 169 2999 1702 3077">
    <p class='ocr_par' dir='ltr' id='par_1_50' title="bbox 169 2999 1700 3076">
     <span class='ocr_line' id='line_1_50' title="bbox 169 2999 1700 3076; baseline -0.001 -18"><span class='ocrx_word' id='word_1_406' title='bbox 169 3003 442 3058; x_wconf 78' lang='grc' dir='ltr'>Λεεπεται</span> <span class='ocrx_word' id='word_1_407' title='bbox 475 2999 569 3056; x_wconf 76' lang='grc' dir='ltr'><strong>οὖν</strong></span> <span class='ocrx_word' id='word_1_408' title='bbox 619 3003 748 3074; x_wconf 80' lang='grc' dir='ltr'>μίαν</span> <span class='ocrx_word' id='word_1_409' title='bbox 779 3006 872 3058; x_wconf 75' lang='grc' dir='ltr'><strong>καὶ</strong></span> <span class='ocrx_word' id='word_1_410' title='bbox 915 3022 1013 3076; x_wconf 86' lang='grc' dir='ltr'><strong>την</strong></span> <span class='ocrx_word' id='word_1_411' title='bbox 1069 3005 1239 3076; x_wconf 77' lang='grc' dir='ltr'>αὐτὴν</span> <span class='ocrx_word' id='word_1_412' title='bbox 1279 3005 1460 3076; x_wconf 70' lang='grc' dir='ltr'>ψυχῆς</span> <span class='ocrx_word' id='word_1_413' title='bbox 1500 3021 1560 3057; x_wconf 87' lang='grc' dir='ltr'><strong>τε</strong></span> <span class='ocrx_word' id='word_1_414' title='bbox 1606 3003 1700 3057; x_wconf 80' lang='grc' dir='ltr'><strong>καὶ</strong></span> 
     </span>
    </p>
   </div>
   <div class='ocr_carea' id='block_1_51' title="bbox 1812 2999 3390 3077">
    <p class='ocr_par' dir='ltr' id='par_1_51' title="bbox 1875 2999 3390 3070">
     <span class='ocr_line' id='line_1_51' title="bbox 1875 2999 3390 3070; baseline 0 -15"><span class='ocrx_word' id='word_1_415' title='bbox 1875 3000 2230 3070; x_wconf 73' lang='lat' dir='ltr'><strong>Relinquitur</strong></span> <span class='ocrx_word' id='word_1_416' title='bbox 2290 3001 2478 3070; x_wconf 77' lang='lat' dir='ltr'><strong>igitur,</strong></span> <span class='ocrx_word' id='word_1_417' title='bbox 2533 3008 2592 3054; x_wconf 91' lang='lat' dir='ltr'><strong>ut</strong></span> <span class='ocrx_word' id='word_1_418' title='bbox 2621 3007 2896 3068; x_wconf 90' lang='lat' dir='ltr'><strong>putemus,</strong></span> <span class='ocrx_word' id='word_1_419' title='bbox 2939 3014 3109 3054; x_wconf 91' lang='lat' dir='ltr'><strong>unum</strong></span> <span class='ocrx_word' id='word_1_420' title='bbox 3142 3007 3198 3054; x_wconf 89' lang='lat' dir='ltr'><strong>et</strong></span> <span class='ocrx_word' id='word_1_421' title='bbox 3243 2999 3390 3055; x_wconf 88' lang='lat' dir='ltr'><strong>idem</strong></span> 
     </span>
    </p>
   </div>
   <div class='ocr_carea' id='block_1_52' title="bbox 89 3089 1702 3164">
    <p class='ocr_par' dir='ltr' id='par_1_52' title="bbox 89 3091 1702 3164">
     <span class='ocr_line' id='line_1_52' title="bbox 89 3091 1702 3164; baseline -0.001 -18"><span class='ocrx_word' id='word_1_422' title='bbox 89 3094 366 3163; x_wconf 78' lang='grc' dir='ltr'>σώματος</span> <span class='ocrx_word' id='word_1_423' title='bbox 405 3091 578 3162; x_wconf 79' lang='grc' dir='ltr'>ἀρχὴν</span> <span class='ocrx_word' id='word_1_424' title='bbox 611 3093 712 3164; x_wconf 78' lang='grc' dir='ltr'><strong>τῆς</strong></span> <span class='ocrx_word' id='word_1_425' title='bbox 751 3092 1062 3156; x_wconf 80' lang='grc' dir='ltr'>συστάσεως</span> <span class='ocrx_word' id='word_1_426' title='bbox 1107 3093 1336 3148; x_wconf 79' lang='grc' dir='ltr'>οἴεσθαι.</span> <span class='ocrx_word' id='word_1_427' title='bbox 1376 3094 1486 3147; x_wconf 76' lang='grc' dir='ltr'>Καὶ</span> <span class='ocrx_word' id='word_1_428' title='bbox 1516 3093 1702 3164; x_wconf 82' lang='grc' dir='ltr'>ὥσπερ</span> 
     </span>
    </p>
   </div>
   <div class='ocr_carea' id='block_1_53' title="bbox 1812 3089 3390 3164">
    <p class='ocr_par' dir='ltr' id='par_1_53' title="bbox 1812 3089 3390 3160">
     <span class='ocr_line' id='line_1_53' title="bbox 1812 3089 3390 3160; baseline 0.001 -15"><span class='ocrx_word' id='word_1_429' title='bbox 1812 3091 2003 3145; x_wconf 65' lang='lat' dir='ltr'><strong>anima:</strong></span> <span class='ocrx_word' id='word_1_430' title='bbox 2051 3098 2106 3145; x_wconf 91' lang='lat' dir='ltr'><strong>et</strong></span> <span class='ocrx_word' id='word_1_431' title='bbox 2142 3091 2394 3160; x_wconf 87' lang='lat' dir='ltr'><strong>corporis</strong></span> <span class='ocrx_word' id='word_1_432' title='bbox 2421 3089 2837 3146; x_wconf 79' lang='lat' dir='ltr'><strong>constitutionis</strong></span> <span class='ocrx_word' id='word_1_433' title='bbox 2881 3091 3215 3160; x_wconf 88' lang='lat' dir='ltr'><strong>principium</strong></span> <span class='ocrx_word' id='word_1_434' title='bbox 3242 3105 3390 3146; x_wconf 89' lang='lat' dir='ltr'><strong>esse.</strong></span> 
     </span>
    </p>
   </div>
   <div class='ocr_carea' id='block_1_54' title="bbox 85 3180 1702 3254">
    <p class='ocr_par' dir='ltr' id='par_1_54' title="bbox 85 3181 1702 3254">
     <span class='ocr_line' id='line_1_54' title="bbox 85 3181 1702 3254; baseline 0.001 -20"><span class='ocrx_word' id='word_1_435' title='bbox 85 3185 206 3254; x_wconf 79' lang='grc' dir='ltr'>τῆς</span> <span class='ocrx_word' id='word_1_436' title='bbox 255 3183 412 3253; x_wconf 76' lang='grc' dir='ltr'>ῥίζης</span> <span class='ocrx_word' id='word_1_437' title='bbox 443 3183 540 3252; x_wconf 78' lang='grc' dir='ltr'>τὴν</span> <span class='ocrx_word' id='word_1_438' title='bbox 575 3183 867 3236; x_wconf 74' lang='grc' dir='ltr'>ἀποσπὰδα</span> <span class='ocrx_word' id='word_1_439' title='bbox 899 3181 1139 3235; x_wconf 82' lang='grc' dir='ltr'><strong>λαϐοῦσα</strong></span> <span class='ocrx_word' id='word_1_440' title='bbox 1185 3184 1338 3254; x_wconf 75' lang='grc' dir='ltr'>παρὰ</span> <span class='ocrx_word' id='word_1_441' title='bbox 1364 3183 1475 3237; x_wconf 84' lang='grc' dir='ltr'>τῶν</span> <span class='ocrx_word' id='word_1_442' title='bbox 1503 3184 1702 3252; x_wconf 84' lang='grc' dir='ltr'>γεηπό-</span> 
     </span>
    </p>
   </div>
   <div class='ocr_carea' id='block_1_55' title="bbox 1812 3180 3394 3254">
    <p class='ocr_par' dir='ltr' id='par_1_55' title="bbox 1812 3180 3394 3250">
     <span class='ocr_line' id='line_1_55' title="bbox 1812 3180 3394 3250; baseline 0.003 -16"><span class='ocrx_word' id='word_1_443' title='bbox 1812 3183 1884 3236; x_wconf 81' lang='lat' dir='ltr'><strong>Ac</strong></span> <span class='ocrx_word' id='word_1_444' title='bbox 1939 3180 2400 3250; x_wconf 88' lang='lat' dir='ltr'><strong>quemadmodum</strong></span> <span class='ocrx_word' id='word_1_445' title='bbox 2436 3191 2584 3236; x_wconf 86' lang='lat' dir='ltr'><strong>terra</strong></span> <span class='ocrx_word' id='word_1_446' title='bbox 2637 3181 2682 3238; x_wconf 90' lang='lat' dir='ltr'><strong>si</strong></span> <span class='ocrx_word' id='word_1_447' title='bbox 2745 3182 3031 3238; x_wconf 86' lang='lat' dir='ltr'><strong>surculum</strong></span> <span class='ocrx_word' id='word_1_448' title='bbox 3097 3182 3167 3236; x_wconf 89' lang='lat' dir='ltr'><strong>ab</strong></span> <span class='ocrx_word' id='word_1_449' title='bbox 3199 3182 3394 3238; x_wconf 79' lang='lat' dir='ltr'><strong>radice</strong></span> 
     </span>
    </p>
   </div>
   <div class='ocr_carea' id='block_1_56' title="bbox 87 3273 1702 3346">
    <p class='ocr_par' dir='ltr' id='par_1_56' title="bbox 87 3273 1702 3346">
     <span class='ocr_line' id='line_1_56' title="bbox 87 3273 1702 3346; baseline -0.001 -19"><span class='ocrx_word' id='word_1_450' title='bbox 87 3293 212 3329; x_wconf 79' lang='grc' dir='ltr'><strong>νων</strong></span> <span class='ocrx_word' id='word_1_451' title='bbox 239 3277 272 3345; x_wconf 76' lang='grc' dir='ltr'><strong>ἡ</strong></span> <span class='ocrx_word' id='word_1_452' title='bbox 317 3274 390 3343; x_wconf 85' lang='grc' dir='ltr'>γῆ</span> <span class='ocrx_word' id='word_1_453' title='bbox 420 3273 634 3345; x_wconf 77' lang='grc' dir='ltr'><strong>δένδρον</strong></span> <span class='ocrx_word' id='word_1_454' title='bbox 663 3274 941 3344; x_wconf 82' lang='grc' dir='ltr'>ἐποίησεν,</span> <span class='ocrx_word' id='word_1_455' title='bbox 973 3275 1074 3327; x_wconf 81' lang='grc' dir='ltr'>οὐκ</span> <span class='ocrx_word' id='word_1_456' title='bbox 1114 3274 1254 3346; x_wconf 81' lang='grc' dir='ltr'>αὑτὴ</span> <span class='ocrx_word' id='word_1_457' title='bbox 1281 3273 1378 3346; x_wconf 80' lang='grc' dir='ltr'>τὴν</span> <span class='ocrx_word' id='word_1_458' title='bbox 1408 3274 1702 3346; x_wconf 75' lang='grc' dir='ltr'><strong>αὐξητικὴν</strong></span> 
     </span>
    </p>
   </div>
   <div class='ocr_carea' id='block_1_57' title="bbox 1812 3273 3394 3346">
    <p class='ocr_par' dir='ltr' id='par_1_57' title="bbox 1812 3273 3394 3343">
     <span class='ocr_line' id='line_1_57' title="bbox 1812 3273 3394 3343; baseline -0.001 -15"><span class='ocrx_word' id='word_1_459' title='bbox 1812 3274 2085 3338; x_wconf 82' lang='lat' dir='ltr'><strong>avulsum,</strong></span> <span class='ocrx_word' id='word_1_460' title='bbox 2119 3273 2188 3326; x_wconf 93' lang='lat' dir='ltr'><strong>ab</strong></span> <span class='ocrx_word' id='word_1_461' title='bbox 2215 3273 2474 3343; x_wconf 81' lang='lat' dir='ltr'><strong>agricolis</strong></span> <span class='ocrx_word' id='word_1_462' title='bbox 2520 3275 2816 3343; x_wconf 87' lang='lat' dir='ltr'><strong>acceperit,</strong></span> <span class='ocrx_word' id='word_1_463' title='bbox 2848 3275 3100 3328; x_wconf 84' lang='lat' dir='ltr'><strong>arborem</strong></span> <span class='ocrx_word' id='word_1_464' title='bbox 3127 3274 3252 3330; x_wconf 90' lang='lat' dir='ltr'><strong>inde</strong></span> <span class='ocrx_word' id='word_1_465' title='bbox 3281 3273 3394 3330; x_wconf 83' lang='lat' dir='ltr'><strong>elli-</strong></span> 
     </span>
    </p>
   </div>
   <div class='ocr_carea' id='block_1_58' title="bbox 91 3364 1702 3438">
    <p class='ocr_par' dir='ltr' id='par_1_58' title="bbox 91 3365 1702 3438">
     <span class='ocr_line' id='line_1_58' title="bbox 91 3365 1702 3438; baseline -0.001 -18"><span class='ocrx_word' id='word_1_466' title='bbox 91 3367 328 3420; x_wconf 75' lang='grc' dir='ltr'>ἐνοείσα</span> <span class='ocrx_word' id='word_1_467' title='bbox 359 3365 438 3436; x_wconf 82' lang='grc' dir='ltr'>τῷ</span> <span class='ocrx_word' id='word_1_468' title='bbox 463 3365 787 3438; x_wconf 79' lang='grc' dir='ltr'>τρεφομένῳ</span> <span class='ocrx_word' id='word_1_469' title='bbox 811 3365 1060 3436; x_wconf 81' lang='grc' dir='ltr'>δύναμιν,</span> <span class='ocrx_word' id='word_1_470' title='bbox 1091 3365 1226 3419; x_wconf 79' lang='grc' dir='ltr'>ἀλλὰ</span> <span class='ocrx_word' id='word_1_471' title='bbox 1257 3365 1418 3436; x_wconf 84' lang='grc' dir='ltr'>μόνον</span> <span class='ocrx_word' id='word_1_472' title='bbox 1446 3366 1545 3428; x_wconf 78' lang='grc' dir='ltr'><strong>τὰς</strong></span> <span class='ocrx_word' id='word_1_473' title='bbox 1569 3366 1702 3438; x_wconf 73' lang='grc' dir='ltr'>πρὸς</span> 
     </span>
    </p>
   </div>
   <div class='ocr_carea' id='block_1_59' title="bbox 1812 3364 3395 3438">
    <p class='ocr_par' dir='ltr' id='par_1_59' title="bbox 1812 3364 3395 3437">
     <span class='ocr_line' id='line_1_59' title="bbox 1812 3364 3395 3437; baseline 0.001 -19"><span class='ocrx_word' id='word_1_474' title='bbox 1812 3364 1902 3430; x_wconf 86' lang='lat' dir='ltr'><strong>cit,</strong></span> <span class='ocrx_word' id='word_1_475' title='bbox 1937 3381 2047 3418; x_wconf 89' lang='lat' dir='ltr'><strong>non</strong></span> <span class='ocrx_word' id='word_1_476' title='bbox 2103 3364 2220 3434; x_wconf 88' lang='lat' dir='ltr'><strong>ipsa</strong></span> <span class='ocrx_word' id='word_1_477' title='bbox 2255 3364 2363 3418; x_wconf 89' lang='lat' dir='ltr'><strong>vim</strong></span> <span class='ocrx_word' id='word_1_478' title='bbox 2393 3367 2721 3436; x_wconf 83' lang='lat' dir='ltr'><strong>augescendi</strong></span> <span class='ocrx_word' id='word_1_479' title='bbox 2745 3367 2794 3422; x_wconf 90' lang='lat' dir='ltr'><strong>ei</strong></span> <span class='ocrx_word' id='word_1_480' title='bbox 2831 3371 2978 3437; x_wconf 90' lang='lat' dir='ltr'><strong>quod</strong></span> <span class='ocrx_word' id='word_1_481' title='bbox 3043 3367 3285 3421; x_wconf 89' lang='lat' dir='ltr'><strong>nutritur</strong></span> <span class='ocrx_word' id='word_1_482' title='bbox 3309 3366 3395 3420; x_wconf 85' lang='lat' dir='ltr'><strong>in-</strong></span> 
     </span>
    </p>
   </div>
   <div class='ocr_carea' id='block_1_60' title="bbox 89 3455 1702 3531">
    <p class='ocr_par' dir='ltr' id='par_1_60' title="bbox 89 3455 1702 3531">
     <span class='ocr_line' id='line_1_60' title="bbox 89 3455 1702 3531; baseline -0.022 -16"><span class='ocrx_word' id='word_1_483' title='bbox 89 3462 202 3531; x_wconf 62' lang='grc' dir='ltr'>τὴιι</span> <span class='ocrx_word' id='word_1_484' title='bbox 225 3459 458 3529; x_wconf 76' lang='grc' dir='ltr'>αὔξησιν</span> <span class='ocrx_word' id='word_1_485' title='bbox 481 3456 737 3528; x_wconf 79' lang='grc' dir='ltr'>ἀφορμὰς</span> <span class='ocrx_word' id='word_1_486' title='bbox 761 3459 962 3510; x_wconf 77' lang='grc' dir='ltr'>ἐνιεῖσα</span> <span class='ocrx_word' id='word_1_487' title='bbox 982 3456 1059 3527; x_wconf 84' lang='grc' dir='ltr'><strong>τῷ</strong></span> <span class='ocrx_word' id='word_1_488' title='bbox 1082 3457 1386 3528; x_wconf 80' lang='grc' dir='ltr'>ἐκκειμένῳ</span> <span class='ocrx_word' id='word_1_489' title='bbox 1404 3455 1537 3528; x_wconf 68' lang='grc'><strong>(49).</strong></span> <span class='ocrx_word' id='word_1_490' title='bbox 1563 3455 1702 3509; x_wconf 62' lang='grc' dir='ltr'><strong>οὕτω</strong></span> 
     </span>
    </p>
   </div>
   <div class='ocr_carea' id='block_1_61' title="bbox 1812 3455 3396 3531">
    <p class='ocr_par' dir='ltr' id='par_1_61' title="bbox 1812 3455 3396 3527">
     <span class='ocr_line' id='line_1_61' title="bbox 1812 3455 3396 3527; baseline 0.003 -18"><span class='ocrx_word' id='word_1_491' title='bbox 1812 3455 2021 3524; x_wconf 83' lang='lat' dir='ltr'><strong>iieicns,</strong></span> <span class='ocrx_word' id='word_1_492' title='bbox 2055 3456 2150 3511; x_wconf 87' lang='lat' dir='ltr'><strong>sed</strong></span> <span class='ocrx_word' id='word_1_493' title='bbox 2195 3455 2523 3512; x_wconf 90' lang='lat' dir='ltr'><strong>incrementi</strong></span> <span class='ocrx_word' id='word_1_494' title='bbox 2568 3456 2838 3512; x_wconf 80' lang='lat' dir='ltr'><strong>duntaxat</strong></span> <span class='ocrx_word' id='word_1_495' title='bbox 2891 3459 3174 3513; x_wconf 88' lang='lat' dir='ltr'><strong>materiam</strong></span> <span class='ocrx_word' id='word_1_496' title='bbox 3229 3465 3396 3527; x_wconf 86' lang='lat' dir='ltr'><strong>atque</strong></span> 
     </span>
    </p>
   </div>
   <div class='ocr_carea' id='block_1_62' title="bbox 91 3545 1702 3624">
    <p class='ocr_par' dir='ltr' id='par_1_62' title="bbox 91 3545 1702 3620">
     <span class='ocr_line' id='line_1_62' title="bbox 91 3545 1702 3620; baseline -0.002 -18"><span class='ocrx_word' id='word_1_497' title='bbox 91 3549 312 3620; x_wconf 74' lang='grc' dir='ltr'>φαμὲν,</span> <span class='ocrx_word' id='word_1_498' title='bbox 355 3548 450 3602; x_wconf 76' lang='grc' dir='ltr'>καὶ</span> <span class='ocrx_word' id='word_1_499' title='bbox 479 3548 542 3600; x_wconf 72' lang='grc' dir='ltr'>τὸ</span> <span class='ocrx_word' id='word_1_500' title='bbox 575 3550 640 3601; x_wconf 83' lang='grc' dir='ltr'><strong>ἐκ</strong></span> <span class='ocrx_word' id='word_1_501' title='bbox 679 3545 774 3599; x_wconf 79' lang='grc' dir='ltr'><strong>τοῦ</strong></span> <span class='ocrx_word' id='word_1_502' title='bbox 809 3545 1096 3617; x_wconf 79' lang='grc' dir='ltr'>ἀνθρώπου</span> <span class='ocrx_word' id='word_1_503' title='bbox 1136 3546 1534 3618; x_wconf 78' lang='grc' dir='ltr'>ἀποσπώμενον</span> <span class='ocrx_word' id='word_1_504' title='bbox 1571 3545 1702 3618; x_wconf 87' lang='grc' dir='ltr'>πρὸς</span> 
     </span>
    </p>
   </div>
   <div class='ocr_carea' id='block_1_63' title="bbox 1812 3545 3392 3624">
    <p class='ocr_par' dir='ltr' id='par_1_63' title="bbox 1812 3547 3392 3624">
     <span class='ocr_line' id='line_1_63' title="bbox 1812 3547 3392 3624; baseline 0.001 -22"><span class='ocrx_word' id='word_1_505' title='bbox 1812 3547 2104 3603; x_wconf 83' lang='lat' dir='ltr'><strong>subsidium</strong></span> <span class='ocrx_word' id='word_1_506' title='bbox 2134 3548 2238 3602; x_wconf 91' lang='lat' dir='ltr'><strong>sibi</strong></span> <span class='ocrx_word' id='word_1_507' title='bbox 2271 3548 2438 3603; x_wconf 86' lang='lat' dir='ltr'><strong>insito</strong></span> <span class='ocrx_word' id='word_1_508' title='bbox 2468 3548 2771 3604; x_wconf 88' lang='lat' dir='ltr'><strong>immittens</strong></span> <span class='ocrx_word' id='word_1_509' title='bbox 2804 3568 2816 3604; x_wconf 95' lang='lat'>:</span> <span class='ocrx_word' id='word_1_510' title='bbox 2857 3551 2929 3604; x_wconf 89' lang='lat' dir='ltr'><strong>ita</strong></span> <span class='ocrx_word' id='word_1_511' title='bbox 2955 3549 3194 3604; x_wconf 89' lang='lat' dir='ltr'><strong>dicimus</strong></span> <span class='ocrx_word' id='word_1_512' title='bbox 3221 3550 3392 3624; x_wconf 73' lang='lat' dir='ltr'><strong>etiam</strong></span> 
     </span>
    </p>
   </div>
   <div class='ocr_carea' id='block_1_64' title="bbox 89 3634 1702 3711">
    <p class='ocr_par' dir='ltr' id='par_1_64' title="bbox 89 3634 1702 3711">
     <span class='ocr_line' id='line_1_64' title="bbox 89 3634 1702 3711; baseline -0.002 -18"><span class='ocrx_word' id='word_1_513' title='bbox 89 3640 400 3710; x_wconf 77' lang='grc' dir='ltr'>ἀνθρώπου</span> <span class='ocrx_word' id='word_1_514' title='bbox 437 3640 686 3710; x_wconf 78' lang='grc' dir='ltr'>φυτείαν,</span> <span class='ocrx_word' id='word_1_515' title='bbox 719 3639 813 3692; x_wconf 73' lang='grc' dir='ltr'><strong>καὶ</strong></span> <span class='ocrx_word' id='word_1_516' title='bbox 849 3639 981 3692; x_wconf 77' lang='grc' dir='ltr'>αὐτὸ</span> <span class='ocrx_word' id='word_1_517' title='bbox 1007 3639 1208 3711; x_wconf 81' lang='grc' dir='ltr'>τρόπον</span> <span class='ocrx_word' id='word_1_518' title='bbox 1245 3637 1366 3692; x_wconf 79' lang='grc' dir='ltr'>τινὰ</span> <span class='ocrx_word' id='word_1_519' title='bbox 1394 3637 1532 3702; x_wconf 81' lang='grc' dir='ltr'>ζῶον</span> <span class='ocrx_word' id='word_1_520' title='bbox 1566 3634 1702 3692; x_wconf 76' lang='grc' dir='ltr'>εἶναι</span> 
     </span>
    </p>
   </div>
   <div class='ocr_carea' id='block_1_65' title="bbox 1812 3634 3394 3711">
    <p class='ocr_par' dir='ltr' id='par_1_65' title="bbox 1812 3638 3394 3710">
     <span class='ocr_line' id='line_1_65' title="bbox 1812 3638 3394 3710; baseline -0.001 -16"><span class='ocrx_word' id='word_1_521' title='bbox 1812 3639 1862 3694; x_wconf 93' lang='lat' dir='ltr'><strong>id</strong></span> <span class='ocrx_word' id='word_1_522' title='bbox 1891 3638 2036 3708; x_wconf 90' lang='lat' dir='ltr'><strong>quod</strong></span> <span class='ocrx_word' id='word_1_523' title='bbox 2069 3655 2132 3693; x_wconf 82' lang='lat' dir='ltr'><strong>ex</strong></span> <span class='ocrx_word' id='word_1_524' title='bbox 2161 3639 2402 3710; x_wconf 10' lang='lat' dir='ltr'><strong>homine,</strong></span> <span class='ocrx_word' id='word_1_525' title='bbox 2431 3640 2686 3696; x_wconf 85' lang='lat' dir='ltr'><strong>avellitur</strong></span> <span class='ocrx_word' id='word_1_526' title='bbox 2723 3642 2790 3696; x_wconf 85' lang='lat' dir='ltr'><strong>ad</strong></span> <span class='ocrx_word' id='word_1_527' title='bbox 2831 3641 3068 3698; x_wconf 88' lang='lat' dir='ltr'><strong>hominis</strong></span> <span class='ocrx_word' id='word_1_528' title='bbox 3098 3641 3394 3705; x_wconf 87' lang='lat' dir='ltr'><strong>sationem,</strong></span> 
     </span>
    </p>
   </div>
   <div class='ocr_carea' id='block_1_66' title="bbox 93 3730 1702 3804">
    <p class='ocr_par' dir='ltr' id='par_1_66' title="bbox 93 3730 1702 3804">
     <span class='ocr_line' id='line_1_66' title="bbox 93 3730 1702 3804; baseline 0.001 -20"><span class='ocrx_word' id='word_1_529' title='bbox 93 3733 156 3798; x_wconf 78' lang='grc' dir='ltr'>ἐξ</span> <span class='ocrx_word' id='word_1_530' title='bbox 193 3731 452 3802; x_wconf 60' lang='grc' dir='ltr'>ἐμψύχου</span> <span class='ocrx_word' id='word_1_531' title='bbox 491 3731 757 3802; x_wconf 72' lang='grc' dir='ltr'>ἔμψυχον,</span> <span class='ocrx_word' id='word_1_532' title='bbox 789 3733 854 3785; x_wconf 84' lang='grc' dir='ltr'><strong>ἐκ</strong></span> <span class='ocrx_word' id='word_1_533' title='bbox 884 3731 1221 3801; x_wconf 80' lang='grc' dir='ltr'>τρεφομένου</span> <span class='ocrx_word' id='word_1_534' title='bbox 1254 3731 1607 3804; x_wconf 79' lang='grc' dir='ltr'>τρεφόμενον.</span> <span class='ocrx_word' id='word_1_535' title='bbox 1642 3730 1702 3785; x_wconf 84' lang='lat' dir='ltr'><strong>Ei</strong></span> 
     </span>
    </p>
   </div>
   <div class='ocr_carea' id='block_1_67' title="bbox 1812 3730 3396 3804">
    <p class='ocr_par' dir='ltr' id='par_1_67' title="bbox 1812 3732 3396 3804">
     <span class='ocr_line' id='line_1_67' title="bbox 1812 3732 3396 3804; baseline 0.001 -18"><span class='ocrx_word' id='word_1_536' title='bbox 1812 3732 1986 3802; x_wconf 90' lang='lat' dir='ltr'><strong>ipsum</strong></span> <span class='ocrx_word' id='word_1_537' title='bbox 2019 3747 2239 3802; x_wconf 85' lang='lat' dir='ltr'><strong>quoque</strong></span> <span class='ocrx_word' id='word_1_538' title='bbox 2265 3733 2450 3804; x_wconf 89' lang='lat' dir='ltr'><strong>aliquo</strong></span> <span class='ocrx_word' id='word_1_539' title='bbox 2491 3734 2654 3788; x_wconf 88' lang='lat' dir='ltr'><strong>modo</strong></span> <span class='ocrx_word' id='word_1_540' title='bbox 2682 3735 2882 3789; x_wconf 86' lang='lat' dir='ltr'><strong>animal</strong></span> <span class='ocrx_word' id='word_1_541' title='bbox 2920 3751 3062 3797; x_wconf 80' lang='lat' dir='ltr'><strong>esse,</strong></span> <span class='ocrx_word' id='word_1_542' title='bbox 3089 3749 3156 3789; x_wconf 75' lang='lat' dir='ltr'><strong>ex</strong></span> <span class='ocrx_word' id='word_1_543' title='bbox 3182 3733 3396 3788; x_wconf 86' lang='lat' dir='ltr'><strong>anima-</strong></span> 
     </span>
    </p>
   </div>
   <div class='ocr_carea' id='block_1_68' title="bbox 93 3822 1702 3896">
    <p class='ocr_par' dir='ltr' id='par_1_68' title="bbox 93 3822 1702 3896">
     <span class='ocr_line' id='line_1_68' title="bbox 93 3822 1702 3896; baseline -0.001 -20"><span class='ocrx_word' id='word_1_544' title='bbox 93 3823 156 3876; x_wconf 77' lang='grc' dir='ltr'><strong>δὲ</strong></span> <span class='ocrx_word' id='word_1_545' title='bbox 200 3823 282 3894; x_wconf 76' lang='grc' dir='ltr'>μὴ</span> <span class='ocrx_word' id='word_1_546' title='bbox 319 3823 504 3884; x_wconf 81' lang='grc' dir='ltr'>πάσας</span> <span class='ocrx_word' id='word_1_547' title='bbox 536 3823 635 3886; x_wconf 71' lang='grc' dir='ltr'>τὰς</span> <span class='ocrx_word' id='word_1_548' title='bbox 663 3822 762 3892; x_wconf 83' lang='grc' dir='ltr'>τῆς</span> <span class='ocrx_word' id='word_1_549' title='bbox 799 3823 976 3894; x_wconf 61' lang='grc' dir='ltr'>ψυχῆς</span> <span class='ocrx_word' id='word_1_550' title='bbox 1021 3823 1300 3894; x_wconf 75' lang='grc' dir='ltr'>ἐνεργείας</span> <span class='ocrx_word' id='word_1_551' title='bbox 1329 3823 1426 3877; x_wconf 79' lang='grc' dir='ltr'><strong>καὶ</strong></span> <span class='ocrx_word' id='word_1_552' title='bbox 1459 3824 1702 3896; x_wconf 81' lang='grc' dir='ltr'>κινήσεις</span> 
     </span>
    </p>
   </div>
   <div class='ocr_carea' id='block_1_69' title="bbox 1812 3822 3391 3896">
    <p class='ocr_par' dir='ltr' id='par_1_69' title="bbox 1812 3822 3391 3895">
     <span class='ocr_line' id='line_1_69' title="bbox 1812 3822 3391 3895; baseline 0 -20"><span class='ocrx_word' id='word_1_553' title='bbox 1812 3830 1862 3876; x_wconf 83' lang='grc' dir='ltr'><strong>ιο</strong></span> <span class='ocrx_word' id='word_1_554' title='bbox 1893 3822 2216 3886; x_wconf 91' lang='lat' dir='ltr'><strong>animatum,</strong></span> <span class='ocrx_word' id='word_1_555' title='bbox 2246 3839 2311 3877; x_wconf 85' lang='lat' dir='ltr'><strong>ex</strong></span> <span class='ocrx_word' id='word_1_556' title='bbox 2340 3839 2406 3878; x_wconf 86' lang='lat' dir='ltr'><strong>eo</strong></span> <span class='ocrx_word' id='word_1_557' title='bbox 2436 3824 2580 3894; x_wconf 92' lang='lat' dir='ltr'><strong>quod</strong></span> <span class='ocrx_word' id='word_1_558' title='bbox 2611 3825 2852 3878; x_wconf 90' lang='lat' dir='ltr'><strong>nutritur</strong></span> <span class='ocrx_word' id='word_1_559' title='bbox 2879 3825 2930 3879; x_wconf 85' lang='lat' dir='ltr'><strong>id</strong></span> <span class='ocrx_word' id='word_1_560' title='bbox 2954 3823 3100 3895; x_wconf 90' lang='lat' dir='ltr'><strong>quod</strong></span> <span class='ocrx_word' id='word_1_561' title='bbox 3129 3823 3391 3884; x_wconf 80' lang='lat' dir='ltr'><strong>nutritur.</strong></span> 
     </span>
    </p>
   </div>
   <div class='ocr_carea' id='block_1_70' title="bbox 91 3909 1702 3988">
    <p class='ocr_par' dir='ltr' id='par_1_70' title="bbox 91 3909 1702 3984">
     <span class='ocr_line' id='line_1_70' title="bbox 91 3909 1702 3984; baseline 0 -20"><span class='ocrx_word' id='word_1_562' title='bbox 91 3913 130 3982; x_wconf 75' lang='grc' dir='ltr'><strong>ἡ</strong></span> <span class='ocrx_word' id='word_1_563' title='bbox 172 3911 464 3983; x_wconf 78' lang='grc' dir='ltr'><strong>βραχύτης</strong></span> <span class='ocrx_word' id='word_1_564' title='bbox 493 3910 806 3974; x_wconf 66' lang='grc' dir='ltr'>ἀποσπῶδος</span> <span class='ocrx_word' id='word_1_565' title='bbox 834 3909 948 3981; x_wconf 84' lang='grc'><strong>(50)</strong></span> <span class='ocrx_word' id='word_1_566' title='bbox 977 3910 1244 3984; x_wconf 83' lang='grc' dir='ltr'>ἐχώρησε,</span> <span class='ocrx_word' id='word_1_567' title='bbox 1275 3911 1584 3982; x_wconf 82' lang='grc' dir='ltr'>θαυμαστὸν</span> <span class='ocrx_word' id='word_1_568' title='bbox 1612 3912 1702 3965; x_wconf 83' lang='grc' dir='ltr'><strong>οὺ-</strong></span> 
     </span>
    </p>
   </div>
   <div class='ocr_carea' id='block_1_71' title="bbox 1812 3909 3392 3988">
    <p class='ocr_par' dir='ltr' id='par_1_71' title="bbox 1812 3912 3392 3986">
     <span class='ocr_line' id='line_1_71' title="bbox 1812 3912 3392 3986; baseline 0.003 -20"><span class='ocrx_word' id='word_1_569' title='bbox 1812 3912 1964 3980; x_wconf 75' lang='lat' dir='ltr'><strong>Quod</strong></span> <span class='ocrx_word' id='word_1_570' title='bbox 2019 3913 2064 3967; x_wconf 91' lang='lat' dir='ltr'><strong>si</strong></span> <span class='ocrx_word' id='word_1_571' title='bbox 2107 3928 2218 3968; x_wconf 90' lang='lat' dir='ltr'><strong>non</strong></span> <span class='ocrx_word' id='word_1_572' title='bbox 2271 3915 2452 3970; x_wconf 90' lang='lat' dir='ltr'><strong>omnis</strong></span> <span class='ocrx_word' id='word_1_573' title='bbox 2483 3915 2681 3969; x_wconf 76' lang='lat' dir='ltr'><strong>animae</strong></span> <span class='ocrx_word' id='word_1_574' title='bbox 2732 3915 3052 3972; x_wconf 86' lang='lat' dir='ltr'><strong>etlicientias</strong></span> <span class='ocrx_word' id='word_1_575' title='bbox 3083 3916 3290 3986; x_wconf 85' lang='lat' dir='ltr'><strong>pariter</strong></span> <span class='ocrx_word' id='word_1_576' title='bbox 3325 3930 3392 3970; x_wconf 87' lang='lat' dir='ltr'><strong>ac</strong></span> 
     </span>
    </p>
   </div>
   <div class='ocr_carea' id='block_1_72' title="bbox 93 4001 1702 4079">
    <p class='ocr_par' dir='ltr' id='par_1_72' title="bbox 93 4001 1702 4073">
     <span class='ocr_line' id='line_1_72' title="bbox 93 4001 1702 4073; baseline 0.001 -18"><span class='ocrx_word' id='word_1_577' title='bbox 93 4003 214 4055; x_wconf 71' lang='grc' dir='ltr'>δέν.</span> <span class='ocrx_word' id='word_1_578' title='bbox 253 4002 392 4054; x_wconf 72' lang='grc' dir='ltr'><strong>Οὐδὲ</strong></span> <span class='ocrx_word' id='word_1_579' title='bbox 421 4001 532 4072; x_wconf 71' lang='grc' dir='ltr'><strong>γὰρ</strong></span> <span class='ocrx_word' id='word_1_580' title='bbox 567 4001 681 4072; x_wconf 81' lang='grc'><strong>(51)</strong></span> <span class='ocrx_word' id='word_1_581' title='bbox 705 4001 765 4055; x_wconf 81' lang='grc' dir='ltr'><strong>ἐν</strong></span> <span class='ocrx_word' id='word_1_582' title='bbox 791 4001 866 4072; x_wconf 81' lang='grc' dir='ltr'>τῷ</span> <span class='ocrx_word' id='word_1_583' title='bbox 897 4001 1172 4073; x_wconf 81' lang='grc' dir='ltr'>σπέρματι</span> <span class='ocrx_word' id='word_1_584' title='bbox 1204 4005 1347 4065; x_wconf 86' lang='grc' dir='ltr'>σῖτος</span> <span class='ocrx_word' id='word_1_585' title='bbox 1371 4001 1533 4064; x_wconf 80' lang='grc' dir='ltr'>εὐθὺς</span> <span class='ocrx_word' id='word_1_586' title='bbox 1563 4001 1702 4056; x_wconf 77' lang='grc' dir='ltr'>κατὰ</span> 
     </span>
    </p>
   </div>
   <div class='ocr_carea' id='block_1_73' title="bbox 1812 4001 3393 4079">
    <p class='ocr_par' dir='ltr' id='par_1_73' title="bbox 1812 4005 3393 4079">
     <span class='ocr_line' id='line_1_73' title="bbox 1812 4005 3393 4079; baseline 0.001 -19"><span class='ocrx_word' id='word_1_587' title='bbox 1812 4012 1986 4060; x_wconf 84' lang='lat' dir='ltr'><strong>motus</strong></span> <span class='ocrx_word' id='word_1_588' title='bbox 2019 4005 2290 4074; x_wconf 78' lang='lat' dir='ltr'><strong>exiguitas</strong></span> <span class='ocrx_word' id='word_1_589' title='bbox 2327 4007 2532 4062; x_wconf 82' lang='lat' dir='ltr'><strong>surculi</strong></span> <span class='ocrx_word' id='word_1_590' title='bbox 2571 4007 2746 4062; x_wconf 91' lang='lat' dir='ltr'><strong>avulsi</strong></span> <span class='ocrx_word' id='word_1_591' title='bbox 2794 4023 2994 4077; x_wconf 86' lang='lat' dir='ltr'><strong>capere</strong></span> <span class='ocrx_word' id='word_1_592' title='bbox 3025 4009 3226 4079; x_wconf 83' lang='lat' dir='ltr'><strong>potuit,</strong></span> <span class='ocrx_word' id='word_1_593' title='bbox 3256 4009 3393 4068; x_wconf 87' lang='lat' dir='ltr'><strong>nihil</strong></span> 
     </span>
    </p>
   </div>
   <div class='ocr_carea' id='block_1_74' title="bbox 95 4092 1702 4176">
    <p class='ocr_par' dir='ltr' id='par_1_74' title="bbox 95 4092 1702 4166">
     <span class='ocr_line' id='line_1_74' title="bbox 95 4092 1702 4166; baseline 0.002 -21"><span class='ocrx_word' id='word_1_594' title='bbox 95 4093 162 4145; x_wconf 71' lang='grc' dir='ltr'>τδ</span> <span class='ocrx_word' id='word_1_595' title='bbox 191 4092 526 4162; x_wconf 76' lang='grc' dir='ltr'>φαινόμενον</span> <span class='ocrx_word' id='word_1_596' title='bbox 567 4094 766 4164; x_wconf 78' lang='grc' dir='ltr'>στάχυς</span> <span class='ocrx_word' id='word_1_597' title='bbox 799 4093 916 4146; x_wconf 79' lang='grc' dir='ltr'>ἐστὶ</span> <span class='ocrx_word' id='word_1_598' title='bbox 953 4096 971 4164; x_wconf 98' lang='grc'><strong>(</strong></span> <span class='ocrx_word' id='word_1_599' title='bbox 998 4095 1114 4158; x_wconf 84' lang='grc' dir='ltr'>πῶς</span> <span class='ocrx_word' id='word_1_600' title='bbox 1151 4093 1261 4164; x_wconf 79' lang='grc' dir='ltr'><strong>γὰρ</strong></span> <span class='ocrx_word' id='word_1_601' title='bbox 1310 4094 1422 4166; x_wconf 90' lang='grc'><strong>(52)</strong></span> <span class='ocrx_word' id='word_1_602' title='bbox 1452 4094 1702 4148; x_wconf 81' lang='grc' dir='ltr'>τοσοῦτον</span> 
     </span>
    </p>
   </div>
   <div class='ocr_carea' id='block_1_75' title="bbox 1812 4092 3392 4176">
    <p class='ocr_par' dir='ltr' id='par_1_75' title="bbox 1812 4094 3392 4169">
     <span class='ocr_line' id='line_1_75' title="bbox 1812 4094 3392 4169; baseline 0.003 -21"><span class='ocrx_word' id='word_1_603' title='bbox 1812 4095 2026 4149; x_wconf 87' lang='lat' dir='ltr'><strong>mirum.</strong></span> <span class='ocrx_word' id='word_1_604' title='bbox 2073 4094 2260 4166; x_wconf 85' lang='lat' dir='ltr'><strong>Neque</strong></span> <span class='ocrx_word' id='word_1_605' title='bbox 2292 4096 2436 4150; x_wconf 87' lang='lat' dir='ltr'><strong>enim</strong></span> <span class='ocrx_word' id='word_1_606' title='bbox 2498 4097 2551 4150; x_wconf 88' lang='lat' dir='ltr'><strong>in</strong></span> <span class='ocrx_word' id='word_1_607' title='bbox 2586 4098 2800 4152; x_wconf 83' lang='lat' dir='ltr'><strong>semine</strong></span> <span class='ocrx_word' id='word_1_608' title='bbox 2851 4097 3214 4162; x_wconf 85' lang='lat' dir='ltr'><strong>frumentum,</strong></span> <span class='ocrx_word' id='word_1_609' title='bbox 3245 4098 3392 4169; x_wconf 90' lang='lat' dir='ltr'><strong>quod</strong></span> 
     </span>
    </p>
   </div>
   <div class='ocr_carea' id='block_1_76' title="bbox 95 4185 1702 4261">
    <p class='ocr_par' dir='ltr' id='par_1_76' title="bbox 95 4185 1702 4256">
     <span class='ocr_line' id='line_1_76' title="bbox 95 4185 1702 4256; baseline 0.001 -19"><span class='ocrx_word' id='word_1_610' title='bbox 95 4187 161 4237; x_wconf 85' lang='grc' dir='ltr'><strong>ἐν</strong></span> <span class='ocrx_word' id='word_1_611' title='bbox 203 4185 454 4255; x_wconf 78' lang='grc' dir='ltr'>τοσούτῳ</span> <span class='ocrx_word' id='word_1_612' title='bbox 501 4185 864 4256; x_wconf 82' lang='grc' dir='ltr'>χωρήσειεν);</span> <span class='ocrx_word' id='word_1_613' title='bbox 909 4185 1047 4239; x_wconf 74' lang='grc' dir='ltr'>ἀλλὰ</span> <span class='ocrx_word' id='word_1_614' title='bbox 1093 4187 1196 4256; x_wconf 79' lang='grc' dir='ltr'>τῆς</span> <span class='ocrx_word' id='word_1_615' title='bbox 1229 4190 1333 4256; x_wconf 84' lang='grc' dir='ltr'>γῆς</span> <span class='ocrx_word' id='word_1_616' title='bbox 1371 4186 1535 4241; x_wconf 80' lang='grc' dir='ltr'>αὑτὸν</span> <span class='ocrx_word' id='word_1_617' title='bbox 1581 4189 1702 4252; x_wconf 85' lang='grc' dir='ltr'>ταῖς</span> 
     </span>
    </p>
   </div>
   <div class='ocr_carea' id='block_1_77' title="bbox 1812 4185 3396 4261">
    <p class='ocr_par' dir='ltr' id='par_1_77' title="bbox 1812 4188 3396 4261">
     <span class='ocr_line' id='line_1_77' title="bbox 1812 4188 3396 4261; baseline 0.003 -21"><span class='ocrx_word' id='word_1_618' title='bbox 1812 4189 2026 4260; x_wconf 80' lang='lat' dir='ltr'><strong>quidem</strong></span> <span class='ocrx_word' id='word_1_619' title='bbox 2078 4198 2364 4260; x_wconf 88' lang='lat' dir='ltr'><strong>appareat,</strong></span> <span class='ocrx_word' id='word_1_620' title='bbox 2411 4188 2665 4258; x_wconf 86' lang='lat' dir='ltr'><strong>protinus</strong></span> <span class='ocrx_word' id='word_1_621' title='bbox 2718 4190 2871 4259; x_wconf 83' lang='lat' dir='ltr'><strong>Spica</strong></span> <span class='ocrx_word' id='word_1_622' title='bbox 2925 4199 3010 4244; x_wconf 86' lang='lat' dir='ltr'><strong>est</strong></span> <span class='ocrx_word' id='word_1_623' title='bbox 3049 4190 3225 4261; x_wconf 91' lang='lat' dir='ltr'><strong>(nam</strong></span> <span class='ocrx_word' id='word_1_624' title='bbox 3282 4207 3396 4261; x_wconf 83' lang='lat' dir='ltr'><strong>quo</strong></span> 
     </span>
    </p>
   </div>
   <div class='ocr_carea' id='block_1_78' title="bbox 91 4277 1702 4354">
    <p class='ocr_par' dir='ltr' id='par_1_78' title="bbox 91 4277 1702 4351">
     <span class='ocr_line' id='line_1_78' title="bbox 91 4277 1702 4351; baseline 0.002 -21"><span class='ocrx_word' id='word_1_625' title='bbox 91 4277 474 4346; x_wconf 74' lang='grc' dir='ltr'>καταλλήλοις</span> <span class='ocrx_word' id='word_1_626' title='bbox 526 4279 919 4349; x_wconf 78' lang='grc' dir='ltr'>τιθηνουμένης</span> <span class='ocrx_word' id='word_1_627' title='bbox 954 4283 1184 4351; x_wconf 77' lang='grc' dir='ltr'>τροφαῖς</span> <span class='ocrx_word' id='word_1_628' title='bbox 1204 4319 1218 4342; x_wconf 85' lang='grc'><em>,</em></span> <span class='ocrx_word' id='word_1_629' title='bbox 1251 4279 1453 4349; x_wconf 83' lang='grc' dir='ltr'>στάχυς</span> <span class='ocrx_word' id='word_1_630' title='bbox 1487 4281 1516 4334; x_wconf 89' lang='grc' dir='ltr'><strong>ὁ</strong></span> <span class='ocrx_word' id='word_1_631' title='bbox 1559 4281 1702 4343; x_wconf 82' lang='grc' dir='ltr'>σῖτος</span> 
     </span>
    </p>
   </div>
   <div class='ocr_carea' id='block_1_79' title="bbox 1812 4277 3392 4354">
    <p class='ocr_par' dir='ltr' id='par_1_79' title="bbox 1812 4281 3392 4354">
     <span class='ocr_line' id='line_1_79' title="bbox 1812 4281 3392 4354; baseline 0.001 -20"><span class='ocrx_word' id='word_1_632' title='bbox 1812 4287 1967 4349; x_wconf 91' lang='lat' dir='ltr'><strong>pacto</strong></span> <span class='ocrx_word' id='word_1_633' title='bbox 2014 4287 2228 4335; x_wconf 90' lang='lat' dir='ltr'><strong>tantum</strong></span> <span class='ocrx_word' id='word_1_634' title='bbox 2283 4281 2338 4335; x_wconf 88' lang='lat' dir='ltr'><strong>in</strong></span> <span class='ocrx_word' id='word_1_635' title='bbox 2371 4282 2586 4335; x_wconf 89' lang='lat' dir='ltr'><strong>tantillo</strong></span> <span class='ocrx_word' id='word_1_636' title='bbox 2635 4281 2816 4335; x_wconf 89' lang='lat' dir='ltr'><strong>locum</strong></span> <span class='ocrx_word' id='word_1_637' title='bbox 2849 4282 3052 4338; x_wconf 87' lang='lat' dir='ltr'><strong>habere</strong></span> <span class='ocrx_word' id='word_1_638' title='bbox 3093 4283 3300 4351; x_wconf 87' lang='lat' dir='ltr'><strong>poterit</strong></span> <span class='ocrx_word' id='word_1_639' title='bbox 3323 4282 3392 4354; x_wconf 83' lang='lat'><strong>?),</strong></span> 
     </span>
    </p>
   </div>
   <div class='ocr_carea' id='block_1_80' title="bbox 93 4369 1702 4444">
    <p class='ocr_par' dir='ltr' id='par_1_80' title="bbox 93 4369 1702 4442">
     <span class='ocr_line' id='line_1_80' title="bbox 93 4369 1702 4442; baseline 0.001 -20"><span class='ocrx_word' id='word_1_640' title='bbox 93 4371 342 4438; x_wconf 68' lang='grc' dir='ltr'>γίνεται,</span> <span class='ocrx_word' id='word_1_641' title='bbox 367 4371 468 4422; x_wconf 76' lang='grc' dir='ltr'>οὐκ</span> <span class='ocrx_word' id='word_1_642' title='bbox 497 4369 840 4434; x_wconf 78' lang='grc' dir='ltr'>ἐξαλλάσσων</span> <span class='ocrx_word' id='word_1_643' title='bbox 864 4371 974 4442; x_wconf 81' lang='grc'><strong>(55)</strong></span> <span class='ocrx_word' id='word_1_644' title='bbox 999 4375 1056 4426; x_wconf 80' lang='grc' dir='ltr'><strong>ἐν</strong></span> <span class='ocrx_word' id='word_1_645' title='bbox 1081 4375 1145 4442; x_wconf 84' lang='grc' dir='ltr'><strong>τῇ</strong></span> <span class='ocrx_word' id='word_1_646' title='bbox 1175 4371 1302 4442; x_wconf 81' lang='grc' dir='ltr'>βολῇ</span> <span class='ocrx_word' id='word_1_647' title='bbox 1333 4371 1445 4441; x_wconf 77' lang='grc'><strong>(54)</strong></span> <span class='ocrx_word' id='word_1_648' title='bbox 1476 4371 1574 4442; x_wconf 82' lang='grc' dir='ltr'>τὴν</span> <span class='ocrx_word' id='word_1_649' title='bbox 1609 4371 1702 4441; x_wconf 80' lang='grc' dir='ltr'><strong>φύ-</strong></span> 
     </span>
    </p>
   </div>
   <div class='ocr_carea' id='block_1_81' title="bbox 1812 4369 3393 4444">
    <p class='ocr_par' dir='ltr' id='par_1_81' title="bbox 1812 4374 3393 4444">
     <span class='ocr_line' id='line_1_81' title="bbox 1812 4374 3393 4444; baseline -0.003 -14"><span class='ocrx_word' id='word_1_650' title='bbox 1812 4375 1901 4430; x_wconf 85' lang='lat' dir='ltr'><strong>sed</strong></span> <span class='ocrx_word' id='word_1_651' title='bbox 1933 4385 2078 4430; x_wconf 87' lang='lat' dir='ltr'><strong>terra</strong></span> <span class='ocrx_word' id='word_1_652' title='bbox 2121 4375 2458 4430; x_wconf 83' lang='lat' dir='ltr'><strong>frumentum</strong></span> <span class='ocrx_word' id='word_1_653' title='bbox 2508 4374 2966 4431; x_wconf 85' lang='lat' dir='ltr'><strong>convenientibus</strong></span> <span class='ocrx_word' id='word_1_654' title='bbox 3000 4381 3056 4429; x_wconf 88' lang='lat' dir='ltr'><strong>et</strong></span> <span class='ocrx_word' id='word_1_655' title='bbox 3083 4375 3232 4444; x_wconf 81' lang='lat' dir='ltr'><strong>aptis</strong></span> <span class='ocrx_word' id='word_1_656' title='bbox 3285 4389 3393 4426; x_wconf 85' lang='lat' dir='ltr'><strong>nu-</strong></span> 
     </span>
    </p>
   </div>
   <div class='ocr_carea' id='block_1_82' title="bbox 97 4459 1696 4534">
    <p class='ocr_par' dir='ltr' id='par_1_82' title="bbox 97 4459 1696 4534">
     <span class='ocr_line' id='line_1_82' title="bbox 97 4459 1696 4534; baseline 0.003 -22"><span class='ocrx_word' id='word_1_657' title='bbox 97 4477 216 4522; x_wconf 84' lang='grc' dir='ltr'>σιν,</span> <span class='ocrx_word' id='word_1_658' title='bbox 251 4459 374 4514; x_wconf 79' lang='grc' dir='ltr'>ἀλλ’</span> <span class='ocrx_word' id='word_1_659' title='bbox 411 4461 691 4531; x_wconf 74' lang='grc' dir='ltr'>ἐμφαίνων</span> <span class='ocrx_word' id='word_1_660' title='bbox 725 4461 838 4532; x_wconf 84' lang='grc'><strong>(55)</strong></span> <span class='ocrx_word' id='word_1_661' title='bbox 873 4461 1062 4515; x_wconf 75' lang='grc' dir='ltr'>ἐαυτὸν</span> <span class='ocrx_word' id='word_1_662' title='bbox 1091 4463 1184 4516; x_wconf 77' lang='grc' dir='ltr'><strong>καὶ</strong></span> <span class='ocrx_word' id='word_1_663' title='bbox 1213 4461 1449 4516; x_wconf 84' lang='grc' dir='ltr'>τελειοῦν</span> <span class='ocrx_word' id='word_1_664' title='bbox 1483 4459 1596 4534; x_wconf 85' lang='grc'><strong>(56)</strong></span> <span class='ocrx_word' id='word_1_665' title='bbox 1629 4466 1696 4534; x_wconf 83' lang='grc' dir='ltr'>τῇ</span> 
     </span>
    </p>
   </div>
   <div class='ocr_carea' id='block_1_83' title="bbox 95 4549 1700 4624">
    <p class='ocr_par' dir='ltr' id='par_1_83' title="bbox 95 4549 1700 4624">
     <span class='ocr_line' id='line_1_83' title="bbox 95 4549 1700 4624; baseline 0.003 -22"><span class='ocrx_word' id='word_1_666' title='bbox 95 4552 206 4621; x_wconf 77' lang='grc' dir='ltr'>τῆς</span> <span class='ocrx_word' id='word_1_667' title='bbox 235 4550 450 4620; x_wconf 76' lang='grc' dir='ltr'>τροφῆς</span> <span class='ocrx_word' id='word_1_668' title='bbox 475 4551 585 4622; x_wconf 79' lang='grc'><strong>(57)</strong></span> <span class='ocrx_word' id='word_1_669' title='bbox 606 4553 876 4624; x_wconf 65' lang='grc' dir='ltr'>ἐνεργείᾳ.</span> <span class='ocrx_word' id='word_1_670' title='bbox 899 4553 1110 4624; x_wconf 82' lang='grc' dir='ltr'>Ὠσπερ</span> <span class='ocrx_word' id='word_1_671' title='bbox 1129 4549 1222 4607; x_wconf 79' lang='grc' dir='ltr'>οὖν</span> <span class='ocrx_word' id='word_1_672' title='bbox 1245 4555 1338 4606; x_wconf 80' lang='grc' dir='ltr'>ἐπὶ</span> <span class='ocrx_word' id='word_1_673' title='bbox 1360 4553 1470 4606; x_wconf 84' lang='grc' dir='ltr'><strong>τῶν</strong></span> <span class='ocrx_word' id='word_1_674' title='bbox 1495 4555 1700 4624; x_wconf 80' lang='grc' dir='ltr'>φυομέ-</span> 
     </span>
    </p>
   </div>
   <div class='ocr_carea' id='block_1_84' title="bbox 99 4643 1701 4714">
    <p class='ocr_par' dir='ltr' id='par_1_84' title="bbox 99 4643 1701 4714">
     <span class='ocr_line' id='line_1_84' title="bbox 99 4643 1701 4714; baseline 0.004 -22"><span class='ocrx_word' id='word_1_675' title='bbox 99 4659 214 4694; x_wconf 82' lang='grc' dir='ltr'><strong>νων</strong></span> <span class='ocrx_word' id='word_1_676' title='bbox 247 4643 582 4712; x_wconf 78' lang='grc' dir='ltr'>σπερμάτων</span> <span class='ocrx_word' id='word_1_677' title='bbox 623 4643 766 4695; x_wconf 78' lang='grc' dir='ltr'>κατὰ</span> <span class='ocrx_word' id='word_1_678' title='bbox 803 4643 960 4711; x_wconf 84' lang='grc' dir='ltr'>λόγον</span> <span class='ocrx_word' id='word_1_679' title='bbox 1001 4643 1113 4714; x_wconf 80' lang='grc'><strong>(58)</strong></span> <span class='ocrx_word' id='word_1_680' title='bbox 1151 4645 1184 4708; x_wconf 83' lang='grc' dir='ltr'><strong>ἡ</strong></span> <span class='ocrx_word' id='word_1_681' title='bbox 1232 4643 1461 4712; x_wconf 73' lang='grc' dir='ltr'>αὔξησις</span> <span class='ocrx_word' id='word_1_682' title='bbox 1507 4644 1599 4698; x_wconf 73' lang='grc' dir='ltr'>ἐπὶ</span> <span class='ocrx_word' id='word_1_683' title='bbox 1641 4643 1701 4698; x_wconf 87' lang='grc' dir='ltr'><strong>τὺ</strong></span> 
     </span>
    </p>
   </div>
   <div class='ocr_carea' id='block_1_85' title="bbox 101 4733 1700 4806">
    <p class='ocr_par' dir='ltr' id='par_1_85' title="bbox 101 4733 1700 4806">
     <span class='ocr_line' id='line_1_85' title="bbox 101 4733 1700 4806; baseline 0.003 -22"><span class='ocrx_word' id='word_1_684' title='bbox 101 4733 262 4796; x_wconf 74' lang='grc' dir='ltr'>τέλος</span> <span class='ocrx_word' id='word_1_685' title='bbox 309 4733 428 4803; x_wconf 81' lang='grc'><strong>(59)</strong></span> <span class='ocrx_word' id='word_1_686' title='bbox 470 4733 722 4804; x_wconf 83' lang='grc' dir='ltr'>πρόεισι’</span> <span class='ocrx_word' id='word_1_687' title='bbox 755 4733 846 4788; x_wconf 75' lang='grc' dir='ltr'><strong>τὸν</strong></span> <span class='ocrx_word' id='word_1_688' title='bbox 877 4735 1041 4790; x_wconf 83' lang='grc' dir='ltr'>αὐτὸν</span> <span class='ocrx_word' id='word_1_689' title='bbox 1081 4735 1282 4806; x_wconf 82' lang='grc' dir='ltr'>τρόπον</span> <span class='ocrx_word' id='word_1_690' title='bbox 1333 4737 1426 4790; x_wconf 70' lang='grc' dir='ltr'><strong>καὶ</strong></span> <span class='ocrx_word' id='word_1_691' title='bbox 1469 4737 1562 4789; x_wconf 76' lang='grc' dir='ltr'>ἐπὶ</span> <span class='ocrx_word' id='word_1_692' title='bbox 1601 4737 1700 4806; x_wconf 82' lang='grc' dir='ltr'>τῆς</span> 
     </span>
    </p>
   </div>
   <div class='ocr_carea' id='block_1_86' title="bbox 177 4931 1704 5051">
    <p class='ocr_par' dir='ltr' id='par_1_86' title="bbox 177 4931 1704 5051">
     <span class='ocr_line' id='line_1_86' title="bbox 177 4931 1704 5051; baseline -0.005 -55"><span class='ocrx_word' id='word_1_693' title='bbox 177 4931 296 5051; x_wconf 50' lang='grc' dir='ltr'><strong>(βῖ)</strong></span> <span class='ocrx_word' id='word_1_694' title='bbox 339 4931 783 5000; x_wconf 81' lang='grc' dir='ltr'>Παρεξετάσθη.</span> <span class='ocrx_word' id='word_1_695' title='bbox 843 4935 888 4986; x_wconf 79' lang='grc' dir='ltr'><strong>Α</strong></span> <span class='ocrx_word' id='word_1_696' title='bbox 935 4933 1344 5004; x_wconf 78' lang='grc' dir='ltr'>παρεξετάσοω.</span> <span class='ocrx_word' id='word_1_697' title='bbox 1401 4935 1442 4986; x_wconf 94' lang='grc' dir='ltr'><strong>Β</strong></span> <span class='ocrx_word' id='word_1_698' title='bbox 1499 4935 1704 5006; x_wconf 78' lang='grc' dir='ltr'>παρεξ-</span> 
     </span>
     <span class='ocr_line' id='line_1_87' title="bbox 179 5018 346 5051; baseline 0 0"><span class='ocrx_word' id='word_1_699' title='bbox 179 5019 252 5051; x_wconf 62' lang='grc' dir='ltr'><strong>απ</strong></span> <span class='ocrx_word' id='word_1_700' title='bbox 289 5018 346 5051; x_wconf 75' lang='grc' dir='ltr'>η.</span> 
     </span>
    </p>
   </div>
   <div class='ocr_carea' id='block_1_87' title="bbox 103 5019 346 5054">
    <p class='ocr_par' dir='ltr' id='par_1_87' title="bbox 103 5019 346 5054">
     <span class='ocr_line' id='line_1_88' title="bbox 103 5019 346 5054; baseline -0.008 0"><span class='ocrx_word' id='word_1_701' title='bbox 103 5019 323 5054; x_wconf 68' lang='grc' dir='ltr'>ττταετυη</span> <span class='ocrx_word' id='word_1_702' title='bbox 335 5042 346 5052; x_wconf 91' lang='grc'><strong>.</strong></span> 
     </span>
    </p>
   </div>
   <div class='ocr_carea' id='block_1_88' title="bbox 127 5018 1701 5172">
    <p class='ocr_par' dir='ltr' id='par_1_88' title="bbox 127 5018 1701 5172">
     <span class='ocr_line' id='line_1_89' title="bbox 127 5018 1701 5172; baseline 0.003 -48"><span class='ocrx_word' id='word_1_703' title='bbox 471 5073 538 5140; x_wconf 78' lang='grc' dir='ltr'><strong>Α,</strong></span> <span class='ocrx_word' id='word_1_704' title='bbox 579 5071 622 5124; x_wconf 88' lang='lat' dir='ltr'><strong>B</strong></span> <span class='ocrx_word' id='word_1_705' title='bbox 653 5074 702 5125; x_wconf 85' lang='grc' dir='ltr'>εἰ</span> <span class='ocrx_word' id='word_1_706' title='bbox 755 5073 852 5144; x_wconf 88' lang='grc' dir='ltr'>μή.</span> <span class='ocrx_word' id='word_1_707' title='bbox 885 5073 1138 5144; x_wconf 70' lang='grc' dir='ltr'>Αεψυχαι</span> <span class='ocrx_word' id='word_1_708' title='bbox 1173 5075 1281 5128; x_wconf 85' lang='grc' dir='ltr'><strong>τῶν</strong></span> <span class='ocrx_word' id='word_1_709' title='bbox 1319 5091 1460 5147; x_wconf 85' lang='grc' dir='ltr'>σωμ.</span> <span class='ocrx_word' id='word_1_710' title='bbox 1499 5076 1557 5129; x_wconf 88' lang='lat' dir='ltr'><strong>B.</strong></span> <span class='ocrx_word' id='word_1_711' title='bbox 1595 5075 1701 5130; x_wconf 78' lang='grc' dir='ltr'>τῶν</span> 
     </span>
    </p>
   </div>
   <div class='ocr_carea' id='block_1_89' title="bbox 105 5159 432 5194">
    <p class='ocr_par' dir='ltr' id='par_1_89' title="bbox 105 5159 432 5194">
     <span class='ocr_line' id='line_1_90' title="bbox 105 5159 432 5194; baseline 0 0"><span class='ocrx_word' id='word_1_712' title='bbox 105 5159 254 5194; x_wconf 79' lang='grc' dir='ltr'>σωυ..</span> <span class='ocrx_word' id='word_1_713' title='bbox 283 5159 346 5192; x_wconf 85' lang='grc' dir='ltr'>αι</span> <span class='ocrx_word' id='word_1_714' title='bbox 373 5159 432 5194; x_wconf 69' lang='grc' dir='ltr'><strong>Ψ.</strong></span> 
     </span>
    </p>
   </div>
   <div class='ocr_carea' id='block_1_90' title="bbox 89 5157 890 5294">
    <p class='ocr_par' dir='ltr' id='par_1_90' title="bbox 89 5157 890 5294">
     <span class='ocr_line' id='line_1_91' title="bbox 105 5157 432 5210; baseline 0 -16"><span class='ocrx_word' id='word_1_715' title='bbox 105 5159 254 5208; x_wconf 81' lang='grc' dir='ltr'>σωμ.</span> <span class='ocrx_word' id='word_1_716' title='bbox 283 5159 346 5192; x_wconf 86' lang='grc' dir='ltr'>αι</span> <span class='ocrx_word' id='word_1_717' title='bbox 373 5157 432 5210; x_wconf 80' lang='grc' dir='ltr'>ψ.</span> 
     </span>
     <span class='ocr_line' id='line_1_92' title="bbox 89 5211 890 5294; baseline 0 0"><span class='ocrx_word' id='word_1_718' title='bbox 89 5251 104 5294; x_wconf 60' lang='grc' dir='ltr'><strong>ι</strong></span> <span class='ocrx_word' id='word_1_719' title='bbox 180 5211 296 5294; x_wconf 60' lang='lat' dir='ltr'><strong>ea)</strong></span> <span class='ocrx_word' id='word_1_720' title='bbox 341 5213 502 5294; x_wconf 69' lang='grc' dir='ltr'><strong>ἔζερξο</strong></span> <span class='ocrx_word' id='word_1_721' title='bbox 541 5211 718 5294; x_wconf 65' lang='grc' dir='ltr'>ιι-</span> 
     </span>
    </p>
   </div>
   <div class='ocr_carea' id='block_1_91' title="bbox 93 5281 1090 5352">
    <p class='ocr_par' dir='ltr' id='par_1_91' title="bbox 93 5281 1090 5352">
     <span class='ocr_line' id='line_1_93' title="bbox 93 5281 1090 5352; baseline 0.006 -20"><span class='ocrx_word' id='word_1_722' title='bbox 93 5281 104 5332; x_wconf 73' lang='grc' dir='ltr'><em>ἶ</em></span> <span class='ocrx_word' id='word_1_723' title='bbox 179 5281 298 5352; x_wconf 67' lang='grc' dir='ltr'><strong>(ω)</strong></span> <span class='ocrx_word' id='word_1_724' title='bbox 345 5281 479 5349; x_wconf 75' lang='grc' dir='ltr'>Περὶ</span> <span class='ocrx_word' id='word_1_725' title='bbox 505 5283 631 5352; x_wconf 60' lang='grc' dir='ltr'>τοῦ.</span> <span class='ocrx_word' id='word_1_726' title='bbox 667 5285 710 5336; x_wconf 89' lang='grc' dir='ltr'>Β</span> <span class='ocrx_word' id='word_1_727' title='bbox 742 5285 866 5352; x_wconf 75' lang='grc' dir='ltr'>περὶ</span> <span class='ocrx_word' id='word_1_728' title='bbox 891 5283 948 5336; x_wconf 81' lang='grc' dir='ltr'><strong>δὲ</strong></span> <span class='ocrx_word' id='word_1_729' title='bbox 973 5282 1090 5338; x_wconf 75' lang='grc' dir='ltr'>τοῦ.</span> 
     </span>
    </p>
   </div>
   <div class='ocr_carea' id='block_1_92' title="bbox 179 5349 978 5422">
    <p class='ocr_par' dir='ltr' id='par_1_92' title="bbox 179 5349 978 5422">
     <span class='ocr_line' id='line_1_94' title="bbox 179 5349 978 5422; baseline 0.003 -18"><span class='ocrx_word' id='word_1_730' title='bbox 179 5351 294 5422; x_wconf 66' lang='lat' dir='ltr'><strong>t-ii)</strong></span> <span class='ocrx_word' id='word_1_731' title='bbox 341 5349 630 5422; x_wconf 68' lang='grc' dir='ltr'>Νομίζειν.</span> <span class='ocrx_word' id='word_1_732' title='bbox 679 5349 978 5422; x_wconf 77' lang='grc' dir='ltr'>Βνομίσαι.</span> 
     </span>
    </p>
   </div>
   <div class='ocr_carea' id='block_1_93' title="bbox 178 5419 1306 5486">
    <p class='ocr_par' dir='ltr' id='par_1_93' title="bbox 178 5419 1306 5486">
     <span class='ocr_line' id='line_1_95' title="bbox 178 5419 1306 5486; baseline 0.007 -16"><span class='ocrx_word' id='word_1_733' title='bbox 178 5421 294 5486; x_wconf 66' lang='lat' dir='ltr'><strong>(i2)</strong></span> <span class='ocrx_word' id='word_1_734' title='bbox 341 5419 816 5482; x_wconf 67' lang='grc' dir='ltr'>Εἱσοικιζόντωνζ</span> <span class='ocrx_word' id='word_1_735' title='bbox 848 5423 888 5472; x_wconf 91' lang='grc' dir='ltr'><strong>Β</strong></span> <span class='ocrx_word' id='word_1_736' title='bbox 914 5419 1306 5485; x_wconf 73' lang='grc' dir='ltr'>ἐνοικιζὸντων.</span> 
     </span>
    </p>
   </div>
   <div class='ocr_carea' id='block_1_94' title="bbox 179 5489 1174 5561">
    <p class='ocr_par' dir='ltr' id='par_1_94' title="bbox 179 5489 1174 5561">
     <span class='ocr_line' id='line_1_96' title="bbox 179 5489 1174 5561; baseline 0.002 -19"><span class='ocrx_word' id='word_1_737' title='bbox 179 5491 298 5548; x_wconf 61' lang='lat'><strong>(53&#39;:</strong></span> <span class='ocrx_word' id='word_1_738' title='bbox 349 5489 464 5553; x_wconf 78' lang='grc' dir='ltr'><strong>Τὰς</strong></span> <span class='ocrx_word' id='word_1_739' title='bbox 489 5492 716 5559; x_wconf 73' lang='grc' dir='ltr'>ψυχάς.</span> <span class='ocrx_word' id='word_1_740' title='bbox 752 5493 794 5544; x_wconf 89' lang='grc' dir='ltr'><strong>Β</strong></span> <span class='ocrx_word' id='word_1_741' title='bbox 835 5492 940 5544; x_wconf 81' lang='grc' dir='ltr'>τῶν</span> <span class='ocrx_word' id='word_1_742' title='bbox 965 5493 1174 5561; x_wconf 70' lang='grc' dir='ltr'>ψυχῶν.</span> 
     </span>
    </p>
   </div>
   <div class='ocr_carea' id='block_1_95' title="bbox 180 5561 1166 5634">
    <p class='ocr_par' dir='ltr' id='par_1_95' title="bbox 180 5561 1166 5634">
     <span class='ocr_line' id='line_1_97' title="bbox 180 5561 1166 5634; baseline -0.001 -18"><span class='ocrx_word' id='word_1_743' title='bbox 180 5561 296 5634; x_wconf 61' lang='lat' dir='ltr'><strong>iiii</strong></span> <span class='ocrx_word' id='word_1_744' title='bbox 341 5561 558 5626; x_wconf 62' lang='grc' dir='ltr'>Νεωτὲ(</span> <span class='ocrx_word' id='word_1_745' title='bbox 573 5579 668 5634; x_wconf 66' lang='lat' dir='ltr'><strong>qq.</strong></span> <span class='ocrx_word' id='word_1_746' title='bbox 705 5563 766 5624; x_wconf 83' lang='lat' dir='ltr'><strong>A,</strong></span> <span class='ocrx_word' id='word_1_747' title='bbox 796 5563 835 5612; x_wconf 87' lang='grc' dir='ltr'><strong>Β</strong></span> <span class='ocrx_word' id='word_1_748' title='bbox 874 5563 1166 5634; x_wconf 71' lang='grc' dir='ltr'>νεωτέραν.</span> 
     </span>
    </p>
   </div>
   <div class='ocr_carea' id='block_1_96' title="bbox 177 5631 1116 5698">
    <p class='ocr_par' dir='ltr' id='par_1_96' title="bbox 177 5631 1116 5698">
     <span class='ocr_line' id='line_1_98' title="bbox 177 5631 1116 5698; baseline 0.003 -19"><span class='ocrx_word' id='word_1_749' title='bbox 177 5633 298 5698; x_wconf 64' lang='grc' dir='ltr'><strong>(ιλ)</strong></span> <span class='ocrx_word' id='word_1_750' title='bbox 341 5631 772 5696; x_wconf 62' lang='grc' dir='ltr'>Συμπλᾰσεως.</span> <span class='ocrx_word' id='word_1_751' title='bbox 805 5635 845 5684; x_wconf 80' lang='grc' dir='ltr'>Λ</span> <span class='ocrx_word' id='word_1_752' title='bbox 883 5631 1116 5685; x_wconf 76' lang='grc' dir='ltr'>ὃιαπλᾶτ</span> 
     </span>
    </p>
   </div>
   <div class='ocr_carea' id='block_1_97' title="bbox 181 5699 1162 5770">
    <p class='ocr_par' dir='ltr' id='par_1_97' title="bbox 181 5699 1162 5770">
     <span class='ocr_line' id='line_1_99' title="bbox 181 5699 1162 5770; baseline 0.012 -26"><span class='ocrx_word' id='word_1_753' title='bbox 181 5701 298 5764; x_wconf 51' lang='lat' dir='ltr'><strong>(in)</strong></span> <span class='ocrx_word' id='word_1_754' title='bbox 353 5699 458 5770; x_wconf 65' lang='grc' dir='ltr'><em>Ἐν</em></span> <span class='ocrx_word' id='word_1_755' title='bbox 489 5700 670 5764; x_wconf 72' lang='grc' dir='ltr'>αὐτῷ.</span> <span class='ocrx_word' id='word_1_756' title='bbox 707 5705 770 5760; x_wconf 72' lang='grc' dir='ltr'>Δ.</span> <span class='ocrx_word' id='word_1_757' title='bbox 807 5703 848 5754; x_wconf 86' lang='grc' dir='ltr'><strong>Β</strong></span> <span class='ocrx_word' id='word_1_758' title='bbox 876 5705 932 5753; x_wconf 80' lang='grc' dir='ltr'><strong>ἐν</strong></span> <span class='ocrx_word' id='word_1_759' title='bbox 965 5701 1162 5770; x_wconf 62' lang='grc' dir='ltr'>ἐαυτῷ-</span> 
     </span>
    </p>
   </div>
   <div class='ocr_carea' id='block_1_98' title="bbox 181 5769 1548 5844">
    <p class='ocr_par' dir='ltr' id='par_1_98' title="bbox 181 5769 1548 5844">
     <span class='ocr_line' id='line_1_100' title="bbox 181 5769 1548 5844; baseline 0.006 -24"><span class='ocrx_word' id='word_1_760' title='bbox 181 5770 294 5839; x_wconf 73' lang='grc' dir='ltr'><strong>(Π)</strong></span> <span class='ocrx_word' id='word_1_761' title='bbox 333 5772 394 5822; x_wconf 76' lang='grc' dir='ltr'><strong>Δ¹</strong></span> <span class='ocrx_word' id='word_1_762' title='bbox 419 5769 490 5823; x_wconf 69' lang='grc' dir='ltr'><strong>ἐν·</strong></span> <span class='ocrx_word' id='word_1_763' title='bbox 517 5771 714 5838; x_wconf 67' lang='grc' dir='ltr'><strong>νηδύϊ.</strong></span> <span class='ocrx_word' id='word_1_764' title='bbox 752 5773 793 5824; x_wconf 83' lang='grc' dir='ltr'><strong>Λ</strong></span> <span class='ocrx_word' id='word_1_765' title='bbox 829 5775 894 5843; x_wconf 80' lang='grc' dir='ltr'>τῇ</span> <span class='ocrx_word' id='word_1_766' title='bbox 922 5769 1166 5842; x_wconf 54' lang='lat' dir='ltr'><strong>vna-.5211}</strong></span> <span class='ocrx_word' id='word_1_767' title='bbox 1200 5772 1253 5826; x_wconf 70' lang='grc' dir='ltr'>δὲ</span> <span class='ocrx_word' id='word_1_768' title='bbox 1285 5777 1346 5844; x_wconf 71' lang='grc' dir='ltr'>τῇ</span> <span class='ocrx_word' id='word_1_769' title='bbox 1376 5771 1548 5842; x_wconf 73' lang='grc' dir='ltr'>νηδύϊ.</span> 
     </span>
    </p>
   </div>
   <div class='ocr_carea' id='block_1_99' title="bbox 1805 4465 3391 4539">
    <p class='ocr_par' dir='ltr' id='par_1_99' title="bbox 1805 4465 3391 4539">
     <span class='ocr_line' id='line_1_101' title="bbox 1805 4465 3391 4539; baseline -0.001 -19"><span class='ocrx_word' id='word_1_770' title='bbox 1805 4468 2003 4523; x_wconf 90' lang='lat' dir='ltr'><strong>triente</strong></span> <span class='ocrx_word' id='word_1_771' title='bbox 2069 4469 2364 4538; x_wconf 86' lang='lat' dir='ltr'><strong>alimentis,</strong></span> <span class='ocrx_word' id='word_1_772' title='bbox 2417 4469 2470 4522; x_wconf 92' lang='lat' dir='ltr'><strong>in</strong></span> <span class='ocrx_word' id='word_1_773' title='bbox 2525 4469 2730 4539; x_wconf 86' lang='lat' dir='ltr'><strong>spicam</strong></span> <span class='ocrx_word' id='word_1_774' title='bbox 2789 4467 3120 4522; x_wconf 74' lang='lat' dir='ltr'><strong>frumentum</strong></span> <span class='ocrx_word' id='word_1_775' title='bbox 3186 4465 3391 4526; x_wconf 88' lang='lat' dir='ltr'><strong>evadit,</strong></span> 
     </span>
    </p>
   </div>
   <div class='ocr_carea' id='block_1_100' title="bbox 1807 4558 3394 4629">
    <p class='ocr_par' dir='ltr' id='par_1_100' title="bbox 1807 4558 3394 4629">
     <span class='ocr_line' id='line_1_102' title="bbox 1807 4558 3394 4629; baseline 0 -17"><span class='ocrx_word' id='word_1_776' title='bbox 1807 4574 1914 4612; x_wconf 90' lang='lat' dir='ltr'><strong>non</strong></span> <span class='ocrx_word' id='word_1_777' title='bbox 1947 4559 2246 4617; x_wconf 89' lang='lat' dir='ltr'><strong>immutans</strong></span> <span class='ocrx_word' id='word_1_778' title='bbox 2275 4561 2330 4614; x_wconf 92' lang='lat' dir='ltr'><strong>in</strong></span> <span class='ocrx_word' id='word_1_779' title='bbox 2361 4560 2518 4629; x_wconf 77' lang='lat' dir='ltr'><strong>gleba</strong></span> <span class='ocrx_word' id='word_1_780' title='bbox 2572 4567 2850 4624; x_wconf 85' lang='lat' dir='ltr'><strong>naturam,</strong></span> <span class='ocrx_word' id='word_1_781' title='bbox 2892 4558 2988 4614; x_wconf 81' lang='lat' dir='ltr'><strong>sed</strong></span> <span class='ocrx_word' id='word_1_782' title='bbox 3015 4572 3275 4613; x_wconf 82' lang='lat' dir='ltr'><strong>cxserens</strong></span> <span class='ocrx_word' id='word_1_783' title='bbox 3328 4569 3394 4612; x_wconf 84' lang='lat' dir='ltr'><strong>ac</strong></span> 
     </span>
    </p>
   </div>
   <div class='ocr_carea' id='block_1_101' title="bbox 1807 4647 3393 4721">
    <p class='ocr_par' dir='ltr' id='par_1_101' title="bbox 1807 4647 3393 4721">
     <span class='ocr_line' id='line_1_103' title="bbox 1807 4647 3393 4721; baseline 0.003 -20"><span class='ocrx_word' id='word_1_784' title='bbox 1807 4650 2065 4720; x_wconf 85' lang='lat' dir='ltr'><strong>prodens,</strong></span> <span class='ocrx_word' id='word_1_785' title='bbox 2103 4659 2157 4705; x_wconf 75' lang='lat' dir='ltr'><strong>et</strong></span> <span class='ocrx_word' id='word_1_786' title='bbox 2191 4651 2502 4707; x_wconf 86' lang='lat' dir='ltr'><strong>absolutum</strong></span> <span class='ocrx_word' id='word_1_787' title='bbox 2558 4666 2623 4705; x_wconf 86' lang='lat' dir='ltr'><strong>ac</strong></span> <span class='ocrx_word' id='word_1_788' title='bbox 2653 4649 2954 4721; x_wconf 86' lang='lat' dir='ltr'><strong>perfectum</strong></span> <span class='ocrx_word' id='word_1_789' title='bbox 2987 4665 3108 4704; x_wconf 79' lang='lat' dir='ltr'><strong>sese</strong></span> <span class='ocrx_word' id='word_1_790' title='bbox 3153 4647 3393 4706; x_wconf 72' lang='lat' dir='ltr'><strong>reddens</strong></span> 
     </span>
    </p>
   </div>
   <div class='ocr_carea' id='block_1_102' title="bbox 1807 4738 3394 4808">
    <p class='ocr_par' dir='ltr' id='par_1_102' title="bbox 1807 4738 3394 4808">
     <span class='ocr_line' id='line_1_104' title="bbox 1807 4738 3394 4808; baseline -0.002 -14"><span class='ocrx_word' id='word_1_791' title='bbox 1807 4741 2012 4796; x_wconf 84' lang='lat' dir='ltr'><strong>auxilio</strong></span> <span class='ocrx_word' id='word_1_792' title='bbox 2051 4741 2400 4798; x_wconf 82' lang='lat' dir='ltr'><strong>mttrimenti.</strong></span> <span class='ocrx_word' id='word_1_793' title='bbox 2449 4739 2919 4808; x_wconf 85' lang='lat' dir='ltr'><strong>Quemadmodum</strong></span> <span class='ocrx_word' id='word_1_794' title='bbox 2968 4739 3136 4808; x_wconf 81' lang='lat' dir='ltr'><strong>igitur</strong></span> <span class='ocrx_word' id='word_1_795' title='bbox 3183 4738 3240 4793; x_wconf 92' lang='lat' dir='ltr'><strong>in</strong></span> <span class='ocrx_word' id='word_1_796' title='bbox 3289 4753 3394 4792; x_wconf 78' lang='lat' dir='ltr'><strong>na-</strong></span> 
     </span>
    </p>
   </div>
   <div class='ocr_carea' id='block_1_103' title="bbox 1882 4936 3395 5060">
    <p class='ocr_par' dir='ltr' id='par_1_103' title="bbox 1882 4936 3395 5060">
     <span class='ocr_line' id='line_1_105' title="bbox 1882 4936 3395 5010; baseline -0.001 -18"><span class='ocrx_word' id='word_1_797' title='bbox 1882 4937 1992 5006; x_wconf 65' lang='grc'><strong>(48)</strong></span> <span class='ocrx_word' id='word_1_798' title='bbox 2031 4939 2286 5004; x_wconf 72' lang='grc' dir='ltr'>Κίνησίς</span> <span class='ocrx_word' id='word_1_799' title='bbox 2311 4940 2500 4994; x_wconf 82' lang='grc' dir='ltr'>ἐστιν.</span> <span class='ocrx_word' id='word_1_800' title='bbox 2537 4939 2766 5009; x_wconf 78' lang='grc' dir='ltr'>Κίνησίς</span> <span class='ocrx_word' id='word_1_801' title='bbox 2807 4939 2952 4992; x_wconf 81' lang='grc' dir='ltr'>ἐστιν</span> <span class='ocrx_word' id='word_1_802' title='bbox 2988 4936 3395 5010; x_wconf 74' lang='grc' dir='ltr'>ἀμφισϐητήσι-</span> 
     </span>
     <span class='ocr_line' id='line_1_106' title="bbox 1885 5009 2344 5060; baseline 0 0"><span class='ocrx_word' id='word_1_803' title='bbox 1885 5025 1910 5060; x_wconf 83' lang='lat'>:</span> <span class='ocrx_word' id='word_1_804' title='bbox 1931 5026 1989 5060; x_wconf 89' lang='grc' dir='ltr'><strong>τε</strong></span> <span class='ocrx_word' id='word_1_805' title='bbox 2020 5010 2114 5060; x_wconf 84' lang='grc' dir='ltr'>καὶ</span> <span class='ocrx_word' id='word_1_806' title='bbox 2142 5009 2344 5060; x_wconf 59' lang='lat' dir='ltr'><strong>unum.</strong></span> 
     </span>
    </p>
   </div>
   <div class='ocr_carea' id='block_1_104' title="bbox 1861 5023 2344 5069">
    <p class='ocr_par' dir='ltr' id='par_1_104' title="bbox 1861 5023 2344 5069">
     <span class='ocr_line' id='line_1_107' title="bbox 1861 5023 2344 5069; baseline 0.014 -11"><span class='ocrx_word' id='word_1_807' title='bbox 1861 5023 1910 5069; x_wconf 64' lang='grc' dir='ltr'><strong>υς</strong></span> <span class='ocrx_word' id='word_1_808' title='bbox 1931 5026 1989 5060; x_wconf 88' lang='grc' dir='ltr'><strong>τε</strong></span> <span class='ocrx_word' id='word_1_809' title='bbox 2020 5023 2114 5061; x_wconf 83' lang='grc' dir='ltr'>και</span> <span class='ocrx_word' id='word_1_810' title='bbox 2142 5023 2344 5069; x_wconf 64' lang='lat' dir='ltr'><strong>auom.</strong></span> 
     </span>
    </p>
   </div>
   <div class='ocr_carea' id='block_1_105' title="bbox 1813 5008 3002 5150">
    <p class='ocr_par' dir='ltr' id='par_1_105' title="bbox 1813 5008 3002 5150">
     <span class='ocr_line' id='line_1_108' title="bbox 1813 5008 2676 5077; baseline 0.007 -18"><span class='ocrx_word' id='word_1_811' title='bbox 1813 5008 1910 5076; x_wconf 77' lang='grc' dir='ltr'>μός</span> <span class='ocrx_word' id='word_1_812' title='bbox 1931 5026 1989 5060; x_wconf 88' lang='grc' dir='ltr'><strong>τε</strong></span> <span class='ocrx_word' id='word_1_813' title='bbox 2020 5010 2114 5061; x_wconf 80' lang='grc' dir='ltr'>καὶ</span> <span class='ocrx_word' id='word_1_814' title='bbox 2142 5009 2344 5077; x_wconf 78' lang='grc' dir='ltr'><strong>ἀμφίϐ.</strong></span> <span class='ocrx_word' id='word_1_815' title='bbox 2667 5008 2676 5009; x_wconf 22' lang='grc' dir='ltr'>ί</span> 
     </span>
     <span class='ocr_line' id='line_1_109' title="bbox 1882 5077 3002 5150; baseline 0 -18"><span class='ocrx_word' id='word_1_816' title='bbox 1882 5077 1992 5150; x_wconf 52' lang='grc'><strong>(49)</strong></span> <span class='ocrx_word' id='word_1_817' title='bbox 2047 5079 2421 5150; x_wconf 73' lang='grc' dir='ltr'>Ἐκκειμένφ.</span> <span class='ocrx_word' id='word_1_818' title='bbox 2507 5081 2570 5145; x_wconf 81' lang='grc' dir='ltr'><strong>Α,</strong></span> <span class='ocrx_word' id='word_1_819' title='bbox 2603 5081 2646 5132; x_wconf 91' lang='grc' dir='ltr'><strong>Β</strong></span> <span class='ocrx_word' id='word_1_820' title='bbox 2679 5079 3002 5150; x_wconf 81' lang='grc' dir='ltr'>ἐγκειμένῳ.</span> 
     </span>
    </p>
   </div>
   <div class='ocr_carea' id='block_1_106' title="bbox 1880 5148 2906 5214">
    <p class='ocr_par' dir='ltr' id='par_1_106' title="bbox 1880 5148 2906 5214">
     <span class='ocr_line' id='line_1_110' title="bbox 1880 5148 2906 5214; baseline 0.001 -14"><span class='ocrx_word' id='word_1_821' title='bbox 1880 5148 1993 5212; x_wconf 83' lang='grc'><strong>(50)</strong></span> <span class='ocrx_word' id='word_1_822' title='bbox 2044 5149 2443 5214; x_wconf 63' lang='grc' dir='ltr'>’Λποσπάδοςκ</span> <span class='ocrx_word' id='word_1_823' title='bbox 2490 5153 2528 5201; x_wconf 75' lang='grc' dir='ltr'><strong>Α</strong></span> <span class='ocrx_word' id='word_1_824' title='bbox 2568 5151 2670 5214; x_wconf 87' lang='grc' dir='ltr'>τῆς</span> <span class='ocrx_word' id='word_1_825' title='bbox 2699 5148 2906 5203; x_wconf 82' lang='grc' dir='ltr'>ἀποσπ.</span> 
     </span>
    </p>
   </div>
   <div class='ocr_carea' id='block_1_107' title="bbox 1879 5218 2894 5288">
    <p class='ocr_par' dir='ltr' id='par_1_107' title="bbox 1879 5218 2894 5288">
     <span class='ocr_line' id='line_1_111' title="bbox 1879 5218 2894 5288; baseline 0.002 -18"><span class='ocrx_word' id='word_1_826' title='bbox 1879 5218 1992 5288; x_wconf 52' lang='grc'><strong>(5))</strong></span> <span class='ocrx_word' id='word_1_827' title='bbox 2038 5220 2190 5271; x_wconf 78' lang='grc' dir='ltr'><em>Οὐδὲ</em></span> <span class='ocrx_word' id='word_1_828' title='bbox 2223 5219 2351 5287; x_wconf 73' lang='grc' dir='ltr'>γάρ.</span> <span class='ocrx_word' id='word_1_829' title='bbox 2389 5221 2457 5282; x_wconf 79' lang='grc' dir='ltr'><strong>Α,</strong></span> <span class='ocrx_word' id='word_1_830' title='bbox 2493 5219 2533 5270; x_wconf 89' lang='grc' dir='ltr'><strong>Β</strong></span> <span class='ocrx_word' id='word_1_831' title='bbox 2558 5218 2678 5274; x_wconf 72' lang='grc' dir='ltr'>οὐδὲ</span> <span class='ocrx_word' id='word_1_832' title='bbox 2709 5221 2894 5288; x_wconf 15' lang='grc' dir='ltr'>γὰρίὸ.</span> 
     </span>
    </p>
   </div>
   <div class='ocr_carea' id='block_1_108' title="bbox 1872 5237 2987 5358">
    <p class='ocr_par' dir='ltr' id='par_1_108' title="bbox 1872 5237 2987 5358">
     <span class='ocr_line' id='line_1_112' title="bbox 1879 5237 2894 5288; baseline 0.002 -18"><span class='ocrx_word' id='word_1_833' title='bbox 1879 5237 1992 5282; x_wconf 69' lang='grc' dir='ltr'><strong>(οι)</strong></span> <span class='ocrx_word' id='word_1_834' title='bbox 2038 5237 2190 5271; x_wconf 84' lang='grc' dir='ltr'>υυοε</span> <span class='ocrx_word' id='word_1_835' title='bbox 2223 5237 2351 5287; x_wconf 73' lang='grc' dir='ltr'>γαρ.</span> <span class='ocrx_word' id='word_1_836' title='bbox 2389 5237 2457 5282; x_wconf 68' lang='grc' dir='ltr'><strong>Α,</strong></span> <span class='ocrx_word' id='word_1_837' title='bbox 2493 5237 2533 5270; x_wconf 81' lang='grc' dir='ltr'><strong>υ</strong></span> <span class='ocrx_word' id='word_1_838' title='bbox 2558 5237 2678 5274; x_wconf 84' lang='grc' dir='ltr'>ουοε</span> <span class='ocrx_word' id='word_1_839' title='bbox 2747 5237 2817 5288; x_wconf 80' lang='lat' dir='ltr'><strong>up</strong></span> <span class='ocrx_word' id='word_1_840' title='bbox 2845 5237 2894 5272; x_wconf 94' lang='grc' dir='ltr'><strong>ο.</strong></span> 
     </span>
     <span class='ocr_line' id='line_1_113' title="bbox 1872 5237 2987 5358; baseline 0.003 -19"><span class='ocrx_word' id='word_1_841' title='bbox 1872 5287 1985 5358; x_wconf 85' lang='grc'><strong>(52)</strong></span> <span class='ocrx_word' id='word_1_842' title='bbox 2027 5288 2160 5353; x_wconf 81' lang='grc' dir='ltr'><strong>Πῶς</strong></span> <span class='ocrx_word' id='word_1_843' title='bbox 2193 5289 2324 5358; x_wconf 78' lang='grc' dir='ltr'>γάρ.</span> <span class='ocrx_word' id='word_1_844' title='bbox 2355 5291 2420 5351; x_wconf 77' lang='grc' dir='ltr'>Α,</span> <span class='ocrx_word' id='word_1_845' title='bbox 2457 5291 2498 5342; x_wconf 90' lang='grc' dir='ltr'><strong>Β</strong></span> <span class='ocrx_word' id='word_1_846' title='bbox 2525 5289 2643 5352; x_wconf 81' lang='grc' dir='ltr'>πῶς</span> <span class='ocrx_word' id='word_1_847' title='bbox 2668 5237 2776 5358; x_wconf 51' lang='grc' dir='ltr'>γέρ</span> <span class='ocrx_word' id='word_1_848' title='bbox 2809 5287 2873 5340; x_wconf 82' lang='grc' dir='ltr'>ἂν</span> <span class='ocrx_word' id='word_1_849' title='bbox 2905 5287 2987 5342; x_wconf 85' lang='grc' dir='ltr'><strong>τό.</strong></span> 
     </span>
    </p>
   </div>
   <div class='ocr_carea' id='block_1_109' title="bbox 1873 5357 2967 5424">
    <p class='ocr_par' dir='ltr' id='par_1_109' title="bbox 1873 5357 2967 5424">
     <span class='ocr_line' id='line_1_114' title="bbox 1873 5357 2967 5424; baseline 0.002 -14"><span class='ocrx_word' id='word_1_850' title='bbox 1873 5357 1986 5422; x_wconf 82' lang='grc'><strong>(55)</strong></span> <span class='ocrx_word' id='word_1_851' title='bbox 2040 5359 2494 5422; x_wconf 73' lang='grc' dir='ltr'><strong>Ἐξαλλάσσων.</strong></span> <span class='ocrx_word' id='word_1_852' title='bbox 2539 5360 2579 5410; x_wconf 87' lang='grc' dir='ltr'><strong><em>Β</em></strong></span> <span class='ocrx_word' id='word_1_853' title='bbox 2607 5359 2967 5424; x_wconf 75' lang='grc' dir='ltr'>ἐξαλλάττων.</span> 
     </span>
    </p>
   </div>
   <div class='ocr_carea' id='block_1_110' title="bbox 1873 5427 2584 5498">
    <p class='ocr_par' dir='ltr' id='par_1_110' title="bbox 1873 5427 2584 5498">
     <span class='ocr_line' id='line_1_115' title="bbox 1873 5427 2584 5498; baseline 0.006 -19"><span class='ocrx_word' id='word_1_854' title='bbox 1873 5427 1984 5492; x_wconf 67' lang='grc'><strong>(54)</strong></span> <span class='ocrx_word' id='word_1_855' title='bbox 2027 5427 2208 5494; x_wconf 69' lang='grc' dir='ltr'><strong>Βνλῇ.</strong></span> <span class='ocrx_word' id='word_1_856' title='bbox 2241 5430 2306 5492; x_wconf 84' lang='grc' dir='ltr'><strong>Δ,</strong></span> <span class='ocrx_word' id='word_1_857' title='bbox 2336 5430 2376 5479; x_wconf 90' lang='grc' dir='ltr'><strong>Β</strong></span> <span class='ocrx_word' id='word_1_858' title='bbox 2411 5428 2584 5498; x_wconf 73' lang='grc' dir='ltr'>βώλῳ.</span> 
     </span>
    </p>
   </div>
   <div class='ocr_carea' id='block_1_111' title="bbox 1877 5497 2885 5565">
    <p class='ocr_par' dir='ltr' id='par_1_111' title="bbox 1877 5497 2885 5565">
     <span class='ocr_line' id='line_1_116' title="bbox 1877 5497 2885 5565; baseline 0.001 -16"><span class='ocrx_word' id='word_1_859' title='bbox 1877 5498 1988 5562; x_wconf 79' lang='grc'><strong>(55)</strong></span> <span class='ocrx_word' id='word_1_860' title='bbox 2041 5499 2388 5565; x_wconf 67' lang='grc' dir='ltr'>Ὲμςεαίνων.</span> <span class='ocrx_word' id='word_1_861' title='bbox 2413 5497 2484 5558; x_wconf 72' lang='grc' dir='ltr'><strong>Α,</strong></span> <span class='ocrx_word' id='word_1_862' title='bbox 2521 5497 2559 5550; x_wconf 85' lang='grc' dir='ltr'><strong>Β</strong></span> <span class='ocrx_word' id='word_1_863' title='bbox 2591 5497 2885 5565; x_wconf 80' lang='grc' dir='ltr'>ἐκφαξνων.</span> 
     </span>
    </p>
   </div>
   <div class='ocr_carea' id='block_1_112' title="bbox 1875 5567 2799 5631">
    <p class='ocr_par' dir='ltr' id='par_1_112' title="bbox 1875 5567 2799 5631">
     <span class='ocr_line' id='line_1_117' title="bbox 1875 5567 2799 5631; baseline 0.001 -12"><span class='ocrx_word' id='word_1_864' title='bbox 1875 5569 1986 5626; x_wconf 76' lang='grc'><strong>(56)</strong></span> <span class='ocrx_word' id='word_1_865' title='bbox 2030 5567 2328 5621; x_wconf 74' lang='grc' dir='ltr'>Τελειοῦν.</span> <span class='ocrx_word' id='word_1_866' title='bbox 2366 5569 2431 5631; x_wconf 84' lang='grc' dir='ltr'><strong>Λ,</strong></span> <span class='ocrx_word' id='word_1_867' title='bbox 2469 5569 2510 5620; x_wconf 87' lang='grc' dir='ltr'><strong>Β</strong></span> <span class='ocrx_word' id='word_1_868' title='bbox 2536 5568 2799 5620; x_wconf 86' lang='grc' dir='ltr'>τειλειῶν.</span> 
     </span>
    </p>
   </div>
   <div class='ocr_carea' id='block_1_113' title="bbox 1875 5636 3266 5712">
    <p class='ocr_par' dir='ltr' id='par_1_113' title="bbox 1875 5636 3266 5712">
     <span class='ocr_line' id='line_1_118' title="bbox 1875 5636 3266 5712; baseline 0.004 -24"><span class='ocrx_word' id='word_1_869' title='bbox 2024 5636 2265 5712; x_wconf 34' lang='lat' dir='ltr'><strong>(poenio</strong></span> <span class='ocrx_word' id='word_1_870' title='bbox 2288 5639 2346 5712; x_wconf 68' lang='lat' dir='ltr'><strong>_A</strong></span> <span class='ocrx_word' id='word_1_871' title='bbox 2382 5639 2433 5690; x_wconf 91' lang='lat' dir='ltr'><strong>in</strong></span> <span class='ocrx_word' id='word_1_872' title='bbox 2467 5639 2712 5712; x_wconf 68' lang='lat' dir='ltr'><strong>margine</strong></span> <span class='ocrx_word' id='word_1_873' title='bbox 2738 5637 2952 5712; x_wconf 59' lang='grc' dir='ltr'>φύσεως</span> <span class='ocrx_word' id='word_1_874' title='bbox 2988 5637 3266 5712; x_wconf 71' lang='grc' dir='ltr'>συνεργίᾳ.</span> 
     </span>
    </p>
   </div>
   <div class='ocr_carea' id='block_1_114' title="bbox 1875 5707 2996 5776">
    <p class='ocr_par' dir='ltr' id='par_1_114' title="bbox 1875 5707 2996 5776">
     <span class='ocr_line' id='line_1_119' title="bbox 1875 5707 2996 5776; baseline 0.005 -20"><span class='ocrx_word' id='word_1_875' title='bbox 1875 5707 1986 5768; x_wconf 81' lang='grc'><strong>(58)</strong></span> <span class='ocrx_word' id='word_1_876' title='bbox 2027 5709 2188 5776; x_wconf 68' lang='grc' dir='ltr'><strong>κατὰ</strong></span> <span class='ocrx_word' id='word_1_877' title='bbox 2219 5710 2422 5776; x_wconf 74' lang='grc' dir='ltr'>λόγον.</span> <span class='ocrx_word' id='word_1_878' title='bbox 2466 5709 2531 5771; x_wconf 82' lang='grc' dir='ltr'><strong>Λ,</strong></span> <span class='ocrx_word' id='word_1_879' title='bbox 2571 5710 2612 5760; x_wconf 84' lang='grc' dir='ltr'><strong>Β</strong></span> <span class='ocrx_word' id='word_1_880' title='bbox 2645 5711 2764 5760; x_wconf 81' lang='grc' dir='ltr'>κατ’</span> <span class='ocrx_word' id='word_1_881' title='bbox 2795 5708 2996 5776; x_wconf 80' lang='grc' dir='ltr'>ὀλίγον.</span> 
     </span>
    </p>
   </div>
   <div class='ocr_carea' id='block_1_115' title="bbox 1875 5775 2656 5848">
    <p class='ocr_par' dir='ltr' id='par_1_115' title="bbox 1875 5775 2656 5848">
     <span class='ocr_line' id='line_1_120' title="bbox 1875 5775 2656 5848; baseline 0.004 -16"><span class='ocrx_word' id='word_1_882' title='bbox 1875 5779 1984 5837; x_wconf 75' lang='grc' dir='ltr'><strong>(ὸυ)</strong></span> <span class='ocrx_word' id='word_1_883' title='bbox 2027 5775 2224 5844; x_wconf 68' lang='grc' dir='ltr'>Τέλος.</span> <span class='ocrx_word' id='word_1_884' title='bbox 2264 5775 2329 5848; x_wconf 58' lang='grc' dir='ltr'><strong>Α,</strong></span> <span class='ocrx_word' id='word_1_885' title='bbox 2362 5780 2400 5831; x_wconf 88' lang='grc' dir='ltr'><strong>Β</strong></span> <span class='ocrx_word' id='word_1_886' title='bbox 2429 5779 2656 5835; x_wconf 78' lang='grc' dir='ltr'>τέλειον.</span> 
     </span>
    </p>
   </div>
  </div>
