3844 6226
424 218 534 281 «ιγ
1698 228 1755 283 S.
1791 225 2118 285 GREGORII
2157 229 2458 292 NYSSENI
3598 231 3722 288 123

425 339 710 396 scentibus
737 339 1040 396 seminibus
1068 339 1463 398 incrementum
1491 343 1753 413 paulatim
1783 344 1849 399 ad
1881 360 2005 416 pcr—
2035 399 2037 406 ,

2162 351 2456 423 ιορωπίνης
2492 353 2822 419 συστάσεως,
2862 354 2998 425 πρὸς
3038 353 3194 423 λόγον
3225 351 3338 423 (60)
3371 351 3471 422 τῆς
3513 353 3722 420 σωμα⁹

428 430 717 486 rectionem
753 431 1100 501 progreditur
1131 449 1144 486 :
1172 433 1364 488 eodem
1399 433 1564 489 modo
1618 434 1674 489 in
1727 435 2012 488 hominum

2162 446 2271 515 νκῆς
2298 445 2612 516 ποσότητος.
2648 445 2742 499 καὶ
2773 446 2807 518 ἡ
2840 445 2939 515 τῆς
2968 445 3147 515 ψυχῆς
3179 443 3524 511 διαφαίνεται
3553 440 3723 494 δύνα-

427 535 646 591 quoque
669 520 997 580 formatione
1018 533 1184 595 atque
1214 528 1617 582 constitutione
1666 543 1765 598 pro
1800 527 2016 583 ratione

2164 554 2229 600 ις·
2268 536 2483 607 πρῶτον
2519 537 2618 608 μέν
2661 537 2750 592 διὰ
2785 537 2880 591 τοῦ
2925 534 3221 609 θρεπτικοῦ
3269 536 3364 589 καὶ
3403 529 3720 604 αὐξητικοῦ

429 627 493 668 ac
521 613 868 684 proportione
897 629 1175 686 corporea:
1203 618 1613 689 magnitudinis,
1648 621 1844 675 anima:
1875 636 2016 691 quo-

2162 629 2228 692 >τς
2268 627 2476 682 ἔνδοθεν
2509 629 2906 701 πλασσομένοις
2936 628 3284 699 ἐγγινομένη,
3333 625 3490 680 Μετὰ
3530 623 3720 677 ταῦτα

429 719 538 772 que
567 703 810 773 potentia
843 717 1070 776 apparet
1098 715 1264 779 atque
1282 709 1498 766 elucet:
1528 709 1766 782 primum
1795 712 2015 783 quidem

2162 731 2175 772 ε
2216 719 2315 792 τὴν
2354 721 2675 792 αἰσθητικὴν
2719 721 2880 794 χάριν
2919 722 3032 785 τοῖς
3063 721 3146 783 είς
3180 718 3297 790 φῶς
3349 714 3722 790 προελθοῦσιν

432 815 528 870 per
553 800 658 854 vim
687 800 867 857 alendi
887 802 1051 858 simul
1083 811 1249 875 atque
1271 807 1506 877 augendi
1534 806 1603 863 iis
1633 823 1755 878 quae
1780 807 1834 862 ln
1860 815 2019 863 utero

431 891 797 961 ellinguntur,
852 907 976 950 sese
1033 893 1323 952 insinuans
1373 905 1540 963 atque
1582 895 1875 952 innascens
1907 895 2016 966 (a);

433 993 561 1053 post
589 983 704 1037 hare
738 995 871 1039 vero
899 983 1104 1040 donum
1135 983 1404 1042 sentiendi
1444 987 1500 1042 in
1522 987 1701 1044 lucem
1736 987 2021 1058 productis

435 1073 728 1140 inducens,
765 1082 932 1146 atque
962 1075 1037 1130 ita
1072 1075 1336 1148 deinceps
1364 1078 1524 1149 quasi
1554 1079 1794 1134 fructum
1830 1094 2023 1149 quem-

435 1165 585 1228 dam.
606 1173 769 1222 aucta
795 1167 909 1238 jam
935 1168 1122 1237 planta
1151 1169 1501 1226 mediocriter
1525 1185 1788 1228 exserens
1804 1186 1868 1226 ac
1893 1186 2023 1241 pro-

437 1261 575 1315 dens
605 1260 816 1316 ratione
842 1259 1124 1330 praeditam
1164 1259 1299 1324 vim,
1333 1277 1443 1316 non
1505 1260 1820 1318 universam
1854 1261 2023 1318 simul

439 1348 496 1403 in
525 1361 693 1401 unum
724 1346 1056 1402 conductam
1109 1357 1358 1418 repente,
1417 1348 1512 1404 sed
1567 1365 1680 1404 una
1721 1365 1846 1406 cum
1896 1365 2024 1407 sur-

439 1447 599 1508 gente
626 1446 682 1494 et
726 1446 1087 1494 excrescente
1145 1438 1353 1508 planta,
1381 1456 1478 1509 per
1510 1448 1938 1496 consentaneum
1969 1447 2026 1496 et

439 1535 844 1599 competen'tem
872 1543 1228 1600 progressum
1258 1538 1424 1602 atque
1450 1529 1754 1602 profectum
1773 1545 2028 1586 crescen-

2118 809 2417 880 ἐπάγουσα,
2448 808 2548 868 εἴθ’
2572 812 2736 875 οὕτω.
2761 813 3013 884 καθάπερ
3033 812 3156 867 τινὰ
3181 811 3422 882 καρπὸν,
3449 810 3725 881 αὐξηθέν-

2117 917 2210 966 τος
2240 901 2340 972 ἤδη
2373 901 2467 956 τοῦ
2498 902 2690 973 φυτοῦ,
2725 903 2962 975 μετρίως
2983 902 3094 974 (61)
3123 901 3224 974 τὴν
3253 900 3478 973 λογικὴν
3503 899 3725 970 ἐμφαί-

2120 1009 2286 1048 νουσα
2319 993 2569 1064 δύναμιν,
2614 994 2676 1048 οὐ
2720 996 2899 1049 πᾶσαν
2933 993 3079 1048 κατὰ.
3117 993 3180 1047 τὸ
3215 993 3433 1063 ἁθρόον,
3463 991 3608 1046 ἀλλὰ
3652 993 3724 1060 τῇ

2119 1085 2397 1157 ἀναδρομῇ
2429 1085 2523 1139 τοῦ
2569 1085 2737 1156 φυτοῦ
2774 1086 2841 1140 δι’
2872 1085 3164 1142 ἀκολούθου
3197 1086 3481 1157 προκοπῆς
3508 1100 3726 1137 συναυ-

2123 1176 2420 1250 ξανομένην
2459 1177 2596 1247 (62).
2648 1178 2866 1250 Ἐπειδὴ
2914 1179 3093 1232 τοίνυν
3149 1177 3214 1231 τὺ
3269 1179 3333 1231 ἐκ
3369 1177 3482 1230 τῶν
3531 1174 3728 1245 ἐμψύ-

2122 1285 2234 1340 χων
2269 1269 2351 1333 είς
2378 1268 2632 1340 ἀφορμὴν
2675 1269 2916 1340 ἐμψύχου
2959 1269 3073 1337 (65)
3106 1267 3418 1332 συστάσεως
3448 1263 3730 1321 ἀποσπὼ-

2128 1379 2308 1432 μενον,
2337 1361 2532 1432 νεκρὸν
2554 1355 2694 1415 εἶναι
2719 1361 2779 1414 οὗ
2807 1359 3030 1414 δύναται
3060 1361 3116 1432 (ἡ
3141 1360 3252 1432 γὰρ
3284 1359 3555 1431 νεκρότης
3578 1355 3732 1410 κατὰ

2123 1451 2302 1525 ψυχῆς
2351 1453 2612 1525 στέρησιν
2645 1453 2883 1522 γίνεται·
2919 1453 3020 1506 οὐκ
3070 1452 3136 1506 ἂν
3181 1453 3247 1522 δὴ
3282 1451 3395 1523 (64)
3425 1446 3731 1522 προσλάϐῃ

2126 1544 2239 1616 (65)
2276 1545 2376 1616 τὴν
2407 1545 2520 1612 ἕξιν
2556 1548 2590 1616 ἡ
2632 1545 2890 1616 στέρησις
2922 1559 2956 1608 )ο
2999 1547 3064 1599 ἐκ
3093 1543 3301 1598 τούτων
3361 1539 3733 1612 καταλαμϐά-

437 1627 550 1676 tem
582 1626 638 1675 et
665 1628 1072 1691 augescentem.
1132 1621 1404 1688 Quoniam
1463 1622 1629 1694 igitur
1662 1622 1717 1678 id
1783 1623 1926 1694 quod
1959 1623 2028 1679 ab

2162 1653 2290 1707 ομεν
2317 1635 2380 1690 τὸ
2404 1635 2588 1708 κοινὴν
2617 1636 2696 1703 τῷ
2727 1637 2788 1702 ἐξ
2830 1637 3157 1708 ἀμφοτέρων
3190 1634 3303 1704 (66)
3337 1631 3732 1702 συνισταμένῳ

441 1709 700 1767 animatis
732 1709 801 1766 ad
845 1711 1130 1768 materiam
1165 1721 1219 1770 et
1265 1728 1490 1770 causam
1549 1713 1771 1770 animati
1813 1714 2027 1770 consti-

2166 1721 2488 1792 υγκρίματι,
2514 1707 2613 1794 τὴν
2657 1725 2736 1788 είς
2762 1724 2824 1778 τὸ
2848 1720 2988 1778 εἶναι
3033 1707 3266 1794 πάροδον
3299 1722 3550 1791 γίνεσθαι
3584 1721 3730 1791 (67),

441 1801 670 1860 tutionis
704 1800 981 1867 avellitur,
1013 1812 1290 1860 mortuum
1339 1820 1465 1862 esse
1499 1820 1607 1862 non
1651 1813 1832 1877 potest
1861 1806 2033 1877 (mor-

443 1895 630 1950 talitas
651 1895 799 1951 enim
826 1909 926 1965 per
945 1894 1143 1950 anima:
1176 1894 1536 1966 privationem
1577 1897 1669 1962 lit;
1710 1911 1819 1951 non
1849 1902 2032 1952 autem

443 1990 680 2060 privatio
737 1986 987 2045 habitum
1037 1987 1467 2058 anticipaverit),
1501 2003 1566 2044 ex
1613 1987 1702 2044 his
1732 1987 2035 2059 deprehen-

444 2078 633 2136 dimus
652 2090 1001 2134 communem
1023 2082 1078 2131 et
1100 2075 1155 2130 in
1193 2089 1360 2130 unum
1394 2075 1646 2146 idemque
1675 2083 1892 2146 tempus
1920 2072 2035 2129 col-

444 2170 618 2226 latum
669 2169 978 2240 ingressum
1006 2173 1062 2223 et
1095 2165 1302 2221 aditum
1335 2165 1403 2220 ad
1435 2165 1734 2222 essentiam
1791 2164 2035 2236 pateﬁeri

443 2264 497 2320 ei
547 2261 1009 2334 coagmentationi
1042 2267 1210 2330 atque
1251 2259 1554 2324 coalitioni,
1597 2275 1720 2329 quas
1747 2274 1812 2314 ex
1848 2259 2038 2313 ambo-

449 2355 559 2412 bus
588 2355 846 2426 (corpore
870 2353 1081 2410 scilicet
1106 2361 1162 2409 et
1191 2352 1396 2422 anima)
1415 2360 1635 2410 constat
1664 2359 1715 2408 et
1739 2349 2032 2408 coalescit:

448 2464 628 2518 neque
658 2447 761 2503 hoc
806 2447 963 2519 prius
1016 2445 1344 2508 exsistentc,
1393 2460 1572 2514 neque
1619 2444 1710 2498 illa
1763 2442 2038 2513 posterius

449 2538 771 2596 accedente.
815 2539 993 2595 Porro
1027 2535 1170 2592 ratio
1207 2536 1526 2592 necessario
1571 2533 1816 2590 futurum
1845 2535 2040 2605 praevi-

449 2633 564 2692 det.
593 2639 653 2687 ut
692 2629 988 2702 aliquando
1023 2628 1424 2686 incrementum
1476 2627 1786 2683 animarum
1827 2625 2039 2682 numeri

450 2725 742 2790 consistat,
793 2737 895 2779 nec
924 2721 1160 2778 ulterius
1212 2719 1614 2792 progrediatur,
1663 2734 1731 2774 ne
1777 2728 2041 2789 perpetuo

450 2817 585 2872 ﬂuat
611 2824 825 2881 natura,
844 2829 1060 2885 semper
1085 2811 1140 2868 in
1157 2827 1271 2876 eas,
1298 2825 1420 2882 quae
1443 2811 1561 2866 alias
1580 2817 1701 2880 post
1733 2810 1869 2864 alias
1899 2811 2042 2865 exsi-

453 2914 629 2970 stant,
657 2920 888 2961 manans
903 2902 1131 2959 ulterius
1157 2915 1220 2957 ac
1233 2915 1511 2972 nunquam
1530 2900 1735 2954 moveri
1759 2899 2038 2955 desinens.

453 2999 695 3055 Causam
747 3006 930 3052 autem
975 3010 1077 3051 cur
1124 3000 1373 3050 nostram
1428 3007 1648 3063 quoque
1686 3005 1912 3062 prorsus
1950 2991 2045 3044 ali-

458 3090 688 3161 quando
710 3096 965 3144 naturam
998 3085 1249 3142 stabilem
1285 3083 1400 3139 ﬁeri
1430 3090 1701 3153 Oportcat,
1731 3081 1873 3137 hanc
1922 3098 2045 3138 esse

461 3191 751 3252 putamus,
792 3179 940 3252 quod
965 3194 1091 3234 cum
1114 3176 1296 3233 omnis
1315 3185 1508 3232 natura
1538 3192 1660 3244 quae
1692 3191 1890 3232 sensus
1910 3174 2040 3231 etfu-

463 3276 619 3346 giens
647 3283 828 3330 mente
854 3272 974 3330 sola
999 3268 1509 3342 comprehenditur,
1557 3268 1614 3323 in
1649 3283 1753 3324 suo
1808 3268 2051 3338 comple-

464 3374 652 3423 mento
700 3380 766 3422 ac
793 3362 1137 3437 plenitudine
1172 3362 1461 3425 consistat,
1503 3359 1784 3430 probabile
1831 3374 1896 3414 ac
1953 3376 2052 3428 par

463 3463 552 3513 est
575 3455 871 3511 humanum
894 3469 1114 3525 quoque
1134 3452 1430 3524 aliquando
1448 3467 1623 3522 genus
1650 3449 1718 3506 ad
1743 3451 1906 3506 ﬁnem
1928 3467 2054 3508 esse

466 3553 855 3618 perventurum
889 3545 1041 3617 (nam
1077 3558 1147 3599 ne
1207 3543 1312 3598 hoc
1344 3542 1568 3614 quidem
1625 3542 1694 3596 ab
1727 3557 1791 3596 ea
1829 3550 2048 3607 natura,

467 3653 595 3708 qua:
621 3652 730 3693 non
761 3652 952 3701 sensu,
975 3635 1076 3692 sed
1105 3643 1289 3692 mente
1333 3634 1603 3699 cernitur,
1643 3634 1882 3690 alienum
1919 3634 2050 3705 est),

469 3745 542 3786 ne
570 3743 787 3799 semper
838 3728 894 3783 in
936 3726 1153 3783 defectu
1197 3726 1448 3796 conspici
1503 3725 1870 3781 existimetur.
1915 3723 2051 3778 Nam

471 3822 705 3877 aliorum
728 3826 854 3892 post
883 3819 992 3874 alia
1027 3817 1264 3876 subinde
1293 3817 1679 3873 exsistentium
1713 3830 1930 3885 semper
1963 3831 2050 3869 ac-

472 3910 652 3967 cessio
676 3911 853 3982 arguit
872 3918 1126 3966 naturam
1155 3925 1280 3967 esse
1309 3907 1708 3980 imperfectam.
1730 3908 1865 3962 Cum
1890 3904 2056 3978 igitur

475 4016 648 4072 genus
666 4002 966 4058 humanum
999 4002 1064 4056 ad
1092 4017 1248 4058 suam
1290 3999 1681 4070 plenitudinem
1713 3999 2048 4069 pervenerit,

478 4091 743 4147 consistet
773 4089 999 4145 omnino
1027 4089 1206 4145 ﬂuxus
1236 4088 1328 4143 hic
1364 4095 1575 4142 naturae
1613 4097 1816 4155 motus,
1848 4087 2054 4156 quippe

2131 1806 2254 1862 οὔτε
2300 1809 2491 1863 τούτου
2531 1810 2987 1882 προτερεύοντος,
3031 1810 3144 1866 οὔτ’
3185 1811 3398 1865 ἐκείνου
3431 1809 3736 1880 ἐφυστερί-

2133 1899 2351 1965 ζοντος·
2393 1903 2581 1956 στᾶσιν
2611 1901 2669 1956 δέ
2698 1920 2828 1957 ποτε
2857 1903 2958 1974 τῆς
2999 1903 3095 1958 τοῦ
3121 1903 3356 1975 ἀριθμοῦ
3390 1904 3502 1957 τῶν
3529 1903 3738 1974 ψυχῶν

2134 1990 2433 2062 αὐξήσεως,
2450 1992 2762 2061 ἀναγκαίως
2781 1996 2990 2066 προορᾷ
3017 1995 3045 2048 ὁ
3073 1995 3249 2064 λόγος.
3286 1995 3374 2058 Ὠς
3399 1993 3465 2048 ἂν
3505 1995 3587 2066 μὴ
3617 1995 3740 2048 δια-

2134 2079 2335 2144 παντὸς
2381 2080 2492 2153 ῥέοι
2519 2083 2553 2152 ἡ
2587 2081 2768 2151 φύσις,
2799 2082 2886 2137 ἀεὶ
2923 2083 3013 2137 διὰ
3044 2084 3151 2138 τῶν
3181 2083 3593 2155 ἐπιγινομένων
3639 2083 3741 2136 ἐπὶ

2133 2170 2196 2223 τὸ
2221 2171 2406 2242 πρόσω
2429 2171 2684 2244 χεομένη,
2711 2173 2804 2226 κα).
2822 2173 3078 2228 οὐδέποτε
3105 2175 3206 2245 τῆς
3235 2176 3503 2247 κινήσεως
3523 2175 3739 2245 λήγου-

2139 2251 2225 2313 σα.
2255 2258 2366 2332 Τὴν
2384 2257 2444 2314 δὲ
2473 2261 2650 2316 αἰτίαν
2678 2263 2772 2316 τοῦ
2791 2265 2900 2317 δεῖν
2927 2263 3145 2329 πάντως
3175 2266 3438 2336 στάσιμόν
3468 2283 3612 2319 ποτε
3648 2267 3738 2319 καὶ

2135 2348 2235 2422 τὴν
2271 2352 2549 2425 ἡμετέραν
2585 2355 2829 2423 γίνεσθαι
2874 2355 3056 2426 φύσιν,
3090 2356 3296 2426 ταύτην
3338 2358 3567 2428 οἰόμεθα
3591 2397 3609 2419 ,
3660 2359 3736 2410 ὅτι

2137 2439 2320 2512 πάσης
2349 2441 2449 2514 τῆς
2492 2445 2688 2516 νοητῆς
2733 2443 2948 2514 φύσεως
2991 2447 3050 2499 ἐν
3099 2445 3178 2517 τῷ
3228 2446 3345 2518 ίδίῳ
3396 2446 3737 2518 πληρώματι

2139 2531 2420 2605 ἑστώσης,
2454 2535 2601 2599 εικός
2644 2552 2775 2590 ποτε
2824 2537 2919 2590 καὶ
2960 2537 3023 2591 τὸ
3065 2537 3406 2610 ἀνθρώπινον
3438 2541 3522 2602 εἰς
3555 2538 3737 2611 πέρας

2139 2623 2334 2690 ἐλθεῖν,
2365 2625 2485 2679 οὑδέ
2518 2626 2626 2699 γὰρ
2655 2628 2815 2683 τοῦτο
2849 2630 2948 2700 τῆς
2982 2631 3180 2701 νοητῆς
3222 2631 3592 2703 ἠλλοτρίωται
3645 2627 3736 2700 φξρο

2142 2732 2309 2781 σεως·
2361 2717 2438 2782 ὡς
2491 2718 2565 2790 μὴ
2608 2720 2840 2776 πάντοτε
2885 2722 3062 2777 δοκεῖν
3104 2724 3163 2777 ἐν
3205 2723 3286 2795 τῷ
3328 2723 3580 2778 λείποντι
3633 2725 3732 2791 (68)

2142 2807 2498 2879 καθορᾶσθαι.
2535 2809 2600 2862 Ἦ
2629 2809 2738 2883 γὰρ
2767 2812 2854 2866 ἀεὶ
2872 2813 2980 2868 τῶν
2999 2813 3396 2885 ἐπιγινομένων
3417 2815 3729 2885 προσθήκη,

2142 2899 2447 2971 κατηγορία
2481 2897 2575 2954 τοῦ
2607 2901 2947 2969 ἐλλείποντος
2977 2905 3088 2976 (69)
3127 2905 3273 2977 ἔχειν
3306 2905 3405 2977 τὴν
3447 2906 3625 2974 φύσιν
3655 2906 3729 2973 γί-

2141 3007 2313 3045 νεται.
2367 2991 2617 3048 Ἐπειδὰν
2657 2987 2749 3049 οὗν
2783 2997 2864 3059 εἰς
2892 2996 2954 3050 τὸ
2989 2999 3187 3050 οἰκεῖον
3222 2997 3501 3069 πλήρωμα
3544 2996 3614 3050 τὸ
3653 2997 3733 3048 ἀνο

2146 3081 2416 3152 Θρὼπινον
2463 3085 2667 3156 φθάσῃ.
2723 3089 2982 3157 στήσεται
3027 3087 3244 3150 πάντως
3287 3089 3321 3158 ἡ
3361 3086 3576 3160 ῥοώδης
3631 3085 3733 3156 (70)

2145 3173 2282 3244 αὕτη
2311 3175 2410 3245 τῆς
2436 3175 2654 3245 φύσεως
2677 3178 2910 3248 κίνησις,
2941 3181 3022 3243 είς
3052 3179 3112 3233 τὸ
3140 3181 3436 3248 ἀναγκαῖον
3463 3181 3736 3247 καταντή-

2147 3282 2289 3319 σασα
2310 3267 2504 3338 πέρας,
2539 3267 2633 3322 καί
2653 3286 2737 3332 τις
2763 3269 2926 3341 ἐτέρα
2952 3270 3283 3333 κατάστασις
3310 3269 3414 3340 τὴν
3447 3267 3602 3338 ζωιην
3635 3268 3742 3320 δια-

2148 3358 2361 3428 δέχεται
2388 3359 2523 3429 (71),
2555 3361 2654 3431 τῆς
2684 3360 2779 3414 νῦν
2810 3363 2867 3414 ἐν
2903 3362 3113 3430 γενέσει
3154 3362 3251 3416 καὶ
3287 3360 3463 3432 φθορᾷ
3494 3360 3745 3428 διεξατο-

2155 3451 2323 3521 μένης
2361 3453 2760 3522 κεχωρισμένη.
2807 3453 2900 3523 Μὴ
2932 3452 3099 3525 οὔσης
3125 3454 3233 3525 γὰρ
3262 3453 3562 3522 γενέσεως,
3603 3453 3748 3506 κατὰ

2159 3542 2339 3593 πᾶσαν
2380 3540 2623 3610 ἀνάγκην
2660 3539 2779 3593 οὐδὲ
2820 3541 2881 3593 τὸ
2923 3540 3274 3612 φθειρόμενον
3309 3539 3482 3592 ἔσται.
3529 3539 3599 3593 Ei
3648 3538 3750 3607 γὰρ

2159 3631 2265 3702 πρὸ
2297 3633 2395 3700 τῆς
2436 3630 2729 3694 διαλύσεως
2777 3630 3022 3695 σύνθεσις
3054 3631 3166 3701 (72)
3205 3631 3460 3702 ἄρχεται,
3494 3629 3752 3682 σύνθεσιν

2158 3718 2215 3772 δέ
2254 3737 2434 3789 φαμεν
2457 3719 2554 3789 τὴν
2580 3720 2668 3773 διὰ
2692 3720 2958 3789 γενέσεως
2989 3721 3221 3792 πάροδον
3246 3737 3260 3751 ·
3288 3720 3590 3775 ἀκόλουθον
3617 3719 3755 3772 πάνυ

2158 3827 2268 3875 τως
2304 3812 2376 3882 μὴ
2406 3812 2823 3883 καθηγουμένης
2855 3811 2954 3885 τῆς
2981 3812 3316 3877 συνθέσεως,
3348 3812 3481 3884 μηδὲ
3512 3811 3619 3884 τὴν
3645 3813 3758 3865 διὰ·

2159 3903 2310 3956 λυσιν
2333 3904 2579 3958 ἕπεσθαι.
2611 3905 2820 3960 Οὐκοῦν
2845 3906 3058 3960 ἐστῶσά
3088 3925 3174 3969 τις
3197 3905 3312 3976 (75)
3344 3906 3438 3960 καὶ
3465 3905 3756 3966 ἀδιάλυτος

2163 3995 2197 4064 ἡ
2241 3997 2376 4066 μετὰ
2429 3995 2603 4052 ταῦτα
2633 3997 2746 4070 ζωὴ
2779 3996 2847 4052 δι’
2886 3997 3204 4064 ἀκολουθίας
3241 3999 3353 4069 (74)
3384 3998 3757 4068 προφαίνεται

2166 4086 2300 4158 (75),
2315 4086 2439 4141 οὔτε
2457 4089 2560 4142 ὑπὸ
2576 4089 2862 4156 γενέσεως,
2881 4089 3004 4144 οὔτε
3022 4090 3127 4144 ὑπὸ
3143 4091 3348 4162 φθορᾶς
3366 4089 3755 4160 ἁλλοιουμένη.

479 4181 852 4239 necessarium
882 4182 1044 4238 linem
1074 4187 1398 4246 assecutus;
1432 4188 1596 4250 atque
1632 4178 1774 4234 alius
1828 4177 2050 4249 quidam
2083 4186 2262 4236 status
2299 4181 2468 4234 vitam
2515 4181 2772 4250 excipiet,
2823 4181 3074 4240 diversus
3109 4183 3177 4238 ab
3209 4198 3294 4247 eo,
3338 4184 3432 4252 qui
3475 4199 3630 4238 nunc
3672 4199 3761 4254 per

479 4272 884 4340 generationem
917 4281 1080 4341 atque
1112 4271 1521 4342 corruptionem
1552 4269 1784 4325 invicem
1815 4269 2076 4340 exigitur.
2117 4269 2218 4325 Ulli
2241 4273 2386 4327 enim
2424 4281 2582 4328 ortus
2613 4280 2666 4328 et
2684 4275 2963 4343 generatio
2995 4291 3101 4329 non
3130 4275 3254 4338 erit,
3274 4273 3502 4328 omnino
3525 4290 3762 4330 necessia

476 4369 564 4417 est
590 4369 650 4416 ut
682 4376 750 4418 ne
778 4362 850 4418 sit
884 4361 1107 4433 quidem
1138 4361 1283 4432 quod
1307 4363 1542 4417 intereat
1587 4369 1642 4417 et
1671 4369 2078 4430 corrumpatur.
2127 4360 2263 4416 Nam
2332 4363 2379 4420 si
2443 4363 2861 4420 dissolutionem
2932 4365 3258 4434 compositio
3287 4364 3551 4434 praecedit
3583 4365 3760 4434 (com-

480 4452 806 4524 positionem
832 4460 1014 4510 antem
1045 4451 1302 4521 dicimus,
1334 4465 1617 4510 accessum
1650 4467 1748 4522 per
1777 4453 2240 4523 generationem),
2264 4455 2490 4509 omnino
2521 4456 3080 4524 consequitur,quod,
3105 4471 3211 4510 non
3239 4455 3588 4525 praecedente
3611 4472 3762 4512 com-

480 4547 777 4618 positione,
831 4561 936 4604 nec
981 4547 1272 4604 dissnlutio
1311 4546 1534 4618 quidem
1572 4557 1856 4616 sequatur.
1883 4546 2025 4619 Ergo
2100 4547 2316 4604 stabilis
2370 4550 2643 4619 quaedam,
2690 4564 2756 4603 ac
2817 4548 3204 4605 dissolutionis
3225 4565 3428 4619 expers
3455 4557 3586 4620 post
3619 4550 3760 4605 hanc

479 4636 667 4696 futura
708 4640 897 4712 (prout
919 4639 1147 4696 credere
1177 4653 1276 4710 par
1303 4639 1410 4709 est)
1452 4638 1560 4693 vita
1594 4638 1976 4711 praesignatur,
2013 4651 2135 4710 qua:
2164 4654 2342 4710 nequc
2372 4655 2470 4712 per
2494 4649 2700 4707 ortum,
2733 4656 2910 4712 neque
2951 4656 3050 4713 per
3087 4641 3376 4697 interitum
3411 4642 3757 4697 immutetur.

575 4858 667 4924 60)
703 4859 860 4926 Πρὸς
883 4859 1086 4927 λόγον.
1121 4858 1163 4909 Β
1192 4855 1326 4922 πρὸς
1354 4856 1634 4925 ἀνάλογον.

579 4929 672 4988 6|)
711 4930 993 4996 Μετρίως.
1025 4927 1168 4981 Delct
1206 4927 1268 4981 B.

553 4997 670 5064 (ΒΩ)
708 4994 1276 5067 Συνιιυξανομένην,
1319 4997 1362 5048 Α
1397 4994 1851 5067 συναυξανομένη.

554 5069 670 5139 (63)
722 5069 1055 5139 Ἑμψύχου.
1095 5072 1140 5122 Α
1173 5066 1432 5139 ἔμψυχον.

559 5087 670 5133 ιιι-η
727 5087 916 5138 ’δ’μψυ
945 5087 999 5135 .οί

559 5138 670 5204 (et)
706 5137 808 5203 Δή.
848 5139 889 5188 B

557 5207 672 5287 (ἓξ)
713 5205 1056 5287 Προσλάξηο
1098 5208 1139 5287 ι
1176 5204 1443 5287 reoiden-

557 5274 672 5347 (66)
717 5274 791 5331 Τὸ
821 5277 1028 5330 κοινὸν
1066 5275 1146 5342 τῷ
1173 5277 1243 5338 ἐξ
1271 5274 1422 5347 ἀμφί
1454 5274 1601 5328 Dele!
1636 5275 1698 5330 Β.

560 5346 673 5418 (67)
712 5348 1017 5418 Γίνεσθαι.
1047 5346 1091 5399 Δ
1113 5346 1384 5418 γενέσθαι.

559 5415 673 5480 (63)
710 5417 1006 5470 Αείποντι.
1050 5418 1093 5469 Α
1124 5416 1439 5469 ἐλλείποντι.

475 5539 480 5554 .
561 5474 675 5559 (69)
725 5487 1160 5553 ἐλλείποι-τος.
1220 5487 1264 5538 Α
1299 5485 1550 5551 ἐλλιπῶς.

2100 4841 2144 4897 υ
2183 4861 2357 4950 “qui
2409 4859 2681 4930 Ῥοώδης.
2715 4859 2757 4916 Α
2790 4861 2844 4916 in
2875 4861 3142 4932 margine.
3183 4862 3237 4918 in
3265 4870 3421 4920 textu
3453 4873 3650 4922 autem
3691 4867 3761 4936 ei-

2176 4943 2372 5066 “107:6.
2399 4999 2752 5069 Διαδέχεται.
2787 5003 2851 5065 Λ,
2888 5003 2930 5052 Β
2957 5001 3276 5063 διαδέξεται.

2249 5070 2362 5141 (72)
2401 5072 2712 5136 Σύνθεσις.
2754 5075 2818 5127 Δ.
2849 5073 2888 5123 Β
2918 5073 2950 5141 ἡ
2981 5073 3131 5125 σύνθ.

2251 5140 2362 5207 (75)
2406 5141 2640 5194 Οὐκοῦν
2669 5142 2907 5195 ἑστῶσά
2928 5140 3031 5206 τις.
3063 5143 3119 5196 In
3149 5143 3298 5196 calce
3323 5143 3534 5198 codicis
3555 5142 3600 5195 Α
3632 5143 3764 5196 hanc

2179 5210 2400 5281 invenio
2429 5210 2865 5281 observzltionettt
2899 5230 2912 5265 :
2959 5213 3080 5265 Ὀτι
3132 5212 3274 5264 κατὰ
3319 5213 3422 5281 τὴν
3459 5212 3556 5265 τοῦ
3596 5213 3766 5277 8-Day-

2180 5279 2360 5368 τελέου
2387 5279 2706 5368 ακολουθίαν
2736 5283 2774 5368 η
2787 5281 3070 5368 ’μέλλουσριὶ
3243 5279 3550 5368 ἀπέραντος
3595 5284 3759 5336 ἔσται.

2253 5349 2363 5413 (74)
2398 5349 2478 5402 Δι’
2511 5349 2890 5416 ἀκολουθίας.
2932 5356 2998 5404 Α.
3031 5353 3071 5402 Β
3094 5352 3162 5405 δι’
3192 5349 3512 5408 ἆκολοῦθου.

2254 5420 2364 5489 (75)
2404 5421 2820 5490 Προφαίνεται.
2852 5427 2917 5485 Δ,
2949 5422 2990 5473 Β
3019 5421 3228 5477 addunt
3265 5423 3526 5488 πίστεως.

566 5667 642 5730 (a)
680 5667 960 5722 Scholion.
998 5666 1144 5720 Unde
1165 5685 1254 5723 nec
1284 5671 1416 5722 redit
1443 5668 1651 5738 quidem
1694 5684 1921 5732 unquam
1954 5667 2181 5738 privatio
2203 5665 2269 5717 ad
2292 5666 2526 5719 habitum
2556 5683 2569 5720 :
2597 5665 2751 5721 veluti
2774 5665 2986 5718 ca‘cilas
3010 5663 3078 5717 ad
3111 5665 3299 5721 risum:
3330 5672 3518 5719 contra
3546 5680 3764 5735 namque

493 5736 725 5808 habitus,
766 5740 1062 5809 privatione
1101 5741 1366 5811 antiquior
1399 5736 1497 5806 est,
1535 5756 1596 5793 ac
1637 5738 1768 5793 solet
1807 5753 1921 5793 cum
1954 5737 2180 5806 privatio
2215 5745 2434 5790 nmo-uc.
