3844 6226
90 314 197 371 Ιὲθ

1208 317 1299 373 DE
1336 317 1555 376 ANIMA
1591 317 1682 373 ΕΤ
1717 317 2331 378 RESURRECTlONE.

3296 327 3405 385 150

155 425 219 479 Γ.
248 427 401 497 Ἐγὼ
415 429 656 485 δὲταῦτα
675 429 1044 505 διεξελθούσης
1060 430 1169 488 διδα
1178 434 1370 489 σκάλον
1383 435 1493 507 (62)
1506 480 1519 502 ,
1552 440 1649 491 ἐπε
1658 458 1694 491 ι-

1889 442 1954 497 G.
1978 442 2091 513 Ego
2118 456 2248 497 vero
2271 486 2284 505 ,
2309 458 2431 500 cum
2461 444 2573 504 lucc
2607 444 2861 515 magistra
2900 448 3241 518 exposuisset
3268 489 3284 513 ,
3333 461 3400 503 ac

85 518 151 590 δὴ
186 523 307 585 τοῖς
346 523 565 586 πολλοῖς
594 525 1083 596 παρακαθημένοις
1105 528 1217 599 (77)
1241 529 1417 583 ἐδόκει
1444 531 1505 583 τὸ
1529 548 1701 602 προσ-

85 610 228 678 ῆκδν
280 614 585 682 ἐσχηκέναι
637 616 813 686 πέρας
861 617 890 667 ὁ
943 615 1122 685 λόγος,
1177 620 1434 690 φοϐηθεὶς
1482 622 1556 692 μὴ
1602 622 1701 676 οὐκ

86 701 171 755 ἔτι
219 703 254 756 ὁ
310 704 550 759 διαλύων
599 706 881 777 (78)·ήμῖν
918 708 986 762 τὰ
1031 709 1159 780 περὶ
1198 713 1298 781 τῆς
1350 712 1702 776 ἀναστάσεως

88 798 250 866 παρὰ
276 798 394 850 τῶν
417 797 619 863 ἔξωθεν
661 801 1046 872 προφερόμενα
1067 843 1081 865 ,
1107 803 1161 855 εἴ
1185 821 1240 857 τι
1281 806 1346 858 ἐκ
1378 806 1477 876 τῆς
1514 807 1698 879 ἀρῤω-

88 892 254 953 στέας
295 893 332 959 ἡ
372 892 692 957 διδάσκει).ος
740 893 922 955 πάθοι,
967 894 996 948 ὃ
1042 894 1107 967 δὴ
1142 896 1236 948 καὶ
1293 897 1514 966 ἐγένετο
1547 899 1698 969 (79)·

86 979 286 1043 οἳπω,
341 984 509 1053 φημὶ,
557 985 654 1038 τοῦ
740 986 1083 1057 κυριωτάτου
1139 988 1290 1059 (80)
1363 988 1474 1042 τῶν
1562 989 1700 1043 λατά

83 1073 272 1143 δόγμα
306 1076 421 1145 (Si)
471 1077 824 1147 ζητουμένων
877 1080 906 1130 ὁ
955 1078 1112 1147 λόγος
1160 1078 1361 1147 ἥψατο.
1401 1084 1539 1153 Φησ)⁸
1588 1082 1700 1155 γὰρ

84 1168 120 1235 ἡ
172 1167 548 1232 θεόπνευστος
593 1170 808 1240 Γραφὴ,
843 1172 983 1225 κατά
1024 1190 1084 1225 τε
1138 1173 1239 1243 τὴν
1281 1174 1407 1227 νέαν
1453 1176 1548 1228 καὶ
1597 1176 1698 1246 ἀρ-

86 1258 260 1328 χαίαν
308 1261 425 1329 (82)
470 1261 855 1328 διδασκαλίαν,
926 1264 1147 1328 πάντως
1207 1267 1341 1318 ποτέ
1390 1266 1543 1330 τάξει
1594 1268 1701 1320 τινὶ

84 1352 187 1405 καὶ
251 1353 441 1423 εἱρμῷ
495 1355 595 1424 τῆς
652 1354 868 1423 φύσεως
920 1356 1077 1426 ἡμῶν
1137 1358 1279 1410 κατὰ
1328 1360 1428 1429 τὴν
1476 1360 1701 1430 παροδι-

82 1445 197 1513 κὴν
246 1444 372 1513 (85)
402 1446 497 1496 τοῦ
533 1446 728 1516 χρόνου
780 1448 995 1517 κίνησιν
1032 1448 1359 1521 διεξιούσης,
1404 1452 1700 1523 στήσεσθαι

1809 531 2086 602 plerisque
2142 548 2276 588 eoru
2305 551 2335 585 ιι
2396 535 2490 603 qui
2552 536 2912 603 assidebaut,
2981 544 3401 596 convenientem

1814 627 1967 681 [idem
2001 630 2180 681 oratio
2237 628 2431 697 adepta
2471 645 2597 685 esse
2638 632 2938 698 videretur,
2990 637 3201 691 veritus
3235 653 3324 703 ne,
3351 638 3401 694 si

1809 733 1873 771 ex
1919 721 2111 773 morbo
2157 721 2432 793 magistrae
2488 722 2807 780 humanitus
2865 727 3070 796 aliquid
3123 729 3401 786 accideret

1811 809 1979 879 (quod
2018 811 2278 865 nimirum
2313 813 2478 867 etiam
2527 814 2771 883 accidit),
2831 833 2941 872 non
2982 820 3220 888 amplius
3249 830 3402 878 esset

1806 905 1900 973 qui
1952 903 2275 959 dissolveret
2305 918 2368 959 ea
2401 920 2523 974 qua:
2554 907 2622 962 ab
2650 911 2897 967 externis
2921 912 3082 969 nobis
3107 914 3174 971 de
3208 930 3400 970 resur-

1808 996 2052 1049 rectione
2100 996 2443 1066 objiciuntur
2479 1014 2493 1051 :
2543 997 2819 1067 Nondum,
2855 1003 3113 1074 inquam,
3158 1007 3211 1061 id
3249 1007 3399 1077 quod

1808 1093 1892 1140 est
1925 1088 2162 1142 maxime
2201 1092 2481 1160 preprium
2518 1101 2683 1163 atque
2725 1096 3084 1166 praecipuum,
3129 1101 3397 1157 maxime-

1810 1196 1916 1250 que
1952 1181 2017 1234 ad
2050 1197 2159 1235 rem
2196 1185 2429 1252 pertinet
2456 1205 2521 1246 ex
2555 1190 2623 1245 iis
2672 1206 2792 1261 qua:
2822 1191 2970 1246 circa
3002 1192 3142 1246 hanc.
3172 1202 3396 1252 senten-

1811 1270 1939 1324 tiam
2003 1281 2165 1342 atque
2219 1270 2528 1335 doctritiam
2584 1291 2928 1351 quzeruntur,
2978 1284 3157 1357 attigit
3196 1287 3393 1344 oratio.

1812 1360 1953 1417 Dicit
1987 1368 2132 1421 enim
2178 1368 2442 1426 divinitus
2480 1374 2693 1443 prodita
2743 1372 3051 1444 Scriptura,
3100 1387 3155 1433 et
3196 1394 3400 1435 secun-

1809 1450 1939 1506 dum
1968 1470 2161 1509 novam
2187 1465 2240 1511 ct
2261 1461 2563 1516 secundum
2590 1464 2871 1534 antiquam
2913 1464 3244 1534 doctrinam,
3270 1485 3397 1527 cum

85 1536 192 1605 μὲν
232 1536 342 1606 τὴν
383 1535 554 1608 ῥοώδη
586 1538 793 1609 ταύτην
826 1540 1000 1611 φορὰν
1033 1541 1133 1613 τὴν
1180 1540 1266 1595 διὰ
1298 1543 1400 1612 τῆς
1445 1544 1551 1597 τῶν
1582 1546 1694 1597 ἐπι-

1813 1553 2008 1599 natura
2058 1558 2246 1603 nostra
2280 1551 2473 1609 ordine
2513 1554 2750 1624 quodam
2797 1570 2860 1611 ac
2893 1558 3036 1614 serie
3084 1573 3183 1629 per
3215 1569 3398 1618 trans-

80 1631 413 1697 γινομένων
448 1629 559 1699 (84)
593 1630 847 1701 διαδοχῆς
878 1632 1196 1703 προϊοῦσαν,
1230 1634 1329 1703 τῆς
1360 1634 1414 1687 δὲ
1442 1634 1536 1687 τοῦ
1567 1652 1705 1689 παν-

78 1721 175 1784 τὸς
227 1721 691 1794 συμπληρώσεως
743 1724 940 1794 μηκέτι
990 1724 1089 1796 τὴν
1139 1725 1231 1777 ἐπὶ
1265 1725 1326 1777 τὸ
1359 1725 1541 1779 πλεῖον
1588 1727 1701 1799 (85)

80 1814 407 1884 ἐπαύξησιν
453 1812 865 1885 προδεχομένης
906 1813 1056 1883 (86),
1088 1813 1236 1867 ἆπαν
1270 1815 1332 1867 τὸ
1374 1816 1482 1868 τῶν
1515 1816 1704 1886 ψυχῶν

80 1907 195 1973 πλή
207 1925 399 1976 purga,
425 1906 589 1961 πάλιν
609 1907 673 1959 ἐκ
696 1905 791 1961 τοῦ
812 1905 1023 1969 ἀειδοῦς
1046 1907 1139 1959 καὶ
1166 1907 1567 1979 ἐσκεδασμένου
1587 1911 1700 1981 (87)

80 1999 235 2069 πρὸς
258 1999 322 2051 τὸ
350 1998 606 2062 συνεστὸς
625 1999 720 2052 καὶ
736 1998 1063 2069 φαινόμενον
1086 1998 1570 2064 ἐπανελεύσεσθαι,
1594 2002 1703 2054 τῶν

81 2092 281 2144 αὐτῶν
306 2092 589 2160 στοιχείων
634 2090 775 2143 κατὰ
793 2090 884 2143 τὸν
920 2090 1085 2143 αὑτὸν
1125 2091 1316 2163 εἱρμὸν
1334 2094 1473 2162 πρὸς
1497 2094 1704 2164 ἄλληλα

84 2186 261 2238 πάλιν
284 2183 731 2256 ἀναδραμόντων.
778 2182 845 2235 Ἢ
872 2182 929 2236 δὲ
965 2183 1191 2254 τοιαύτη
1225 2184 1325 2255 τῆς
1366 2182 1510 2257 ζωῆς
1531 2188 1701 2241 κατάο

86 2290 289 2336 στασις
306 2314 323 2335 ,
366 2273 497 2343 περὶ
517 2270 627 2324 τῶν
649 2271 750 2342 τῆς
776 2270 928 2336 θείας
952 2271 1302 2337 διδασκαλίας
1324 2274 1557 2345 Γραφῶν
1589 2278 1702 2349 (88)

80 2364 401 2426 ἀνάστασις
471 2362 729 2431 λέγεται,
780 2366 852 2435 τῇ
914 2362 1008 2416 τοῦ
1069 2364 1308 2432 γεώδους
1359 2367 1698 2440 ἀνορθώσει,

78 2455 283 2527 πάσης
313 2456 415 2527 τῆς
441 2456 551 2509 τῶν
573 2456 855 2526 στοιγείων
877 2460 1145 2528 κινήσεως
1173 2461 1697 2533 συνονομαζομένης.

87 2572 175 2584 -.
203 2545 281 2597 Μ.
328 2548 396 2600 Τί
425 2544 541 2611 οὖν,
587 2565 742 2617 φησι,
776 2546 982 2599 τούτων
1023 2548 1429 2618 ἀμνημόνευτον
1478 2551 1535 2601 ἐν
1582 2552 1693 2611 τοῖς

89 2638 428 2709 εἰρημένοις
459 2640 641 2706 ἐστίν;
672 2666 743 2678 -
780 2637 842 2692 Γ.
884 2636 1047 2705 Αὐτὸ,
1092 2638 1255 2709 φημὶ,
1285 2640 1346 2694 τὸ
1389 2641 1566 2711 δόγμα
1596 2642 1694 2712 τῆς

86 2730 489 2796 ἀναστάσεως.

1807 1636 2030 1692 itoriutn
2083 1650 2137 1695 et
2177 1641 2232 1695 in
2291 1644 2479 1699 orbem
2512 1647 2828 1703 redeuntem
2864 1652 3130 1720 temporis
3164 1662 3397 1724 motum,

1806 1730 2061 1799 expedita
2105 1743 2271 1805 atque
2311 1737 2572 1806 explicita
2610 1739 2793 1806 fuerit,
2833 1757 3061 1814 prorsus
3100 1746 3397 1817 aliquando

1806 1820 1945 1886 fore,
1976 1834 2033 1877 ut
2064 1823 2247 1884 ﬂuxus
2273 1830 2493 1899 quidem
2520 1830 2609 1885 bic
2638 1847 2837 1889 cursus
2862 1850 2959 1905 per
2981 1840 3394 1896 successionem

1804 1922 1859 1966 et
1912 1917 2383 1974 continuationem
2460 1922 2696 1977 aliorum
2768 1934 2892 1993 post
2951 1927 3089 1984 alios
3155 1930 3397 1990 invicem

1804 2004 2190 2060 exsistentium
2222 2017 2276 2062 et
2306 2009 2676 2065 exorientium
2702 2011 3060 2084 progrediens
3088 2021 3395 2088 consistat;

1804 2096 2209 2165 complementa
2267 2108 2450 2155 autem
2511 2117 2693 2157 rerum
2741 2104 3125 2163 universarum
3180 2118 3395 2167 natura:

1804 2202 1914 2241 non
1959 2190 2195 2261 amplius
2262 2191 2664 2249 incrementum
2716 2196 2771 2251 in
2820 2197 2998 2268 majus
3050 2200 3392 2271 admittente,

1806 2281 2123 2335 universam
2175 2285 2576 2354 plenitudinem
2598 2296 2653 2343 et
2682 2297 2887 2343 emtum
2924 2291 3234 2347 animarum
3268 2312 3396 2350 rur-

1804 2387 1901 2428 sus
1932 2388 1999 2428 ex
2032 2375 2297 2432 invisibili
2329 2393 2394 2432 ac
2424 2379 2695 2450 dissipato
2720 2389 2866 2437 statu
2906 2382 2974 2437 ad
3002 2400 3128 2441 eum
3161 2395 3391 2455 statum,

1803 2464 1860 2519 in
1894 2482 2005 2537 quo
2042 2468 2305 2526 collectus
2345 2473 2657 2528 consistere
2704 2472 3033 2545 stabilisque
3069 2492 3395 2548 permanere

1802 2569 1970 2631 atque
2003 2576 2273 2632 apparere
2294 2572 2350 2620 et
2382 2565 2631 2636 conspici
2672 2567 2870 2637 possit,
2904 2569 3212 2627 rediturum
3245 2588 3391 2641 esse,

1804 2649 1998 2706 iisdem
2038 2653 2347 2719 elementis,
2393 2672 2491 2726 per
2538 2658 2787 2715 eamdem
2816 2661 3012 2717 seriem
3042 2677 3235 2722 rursus
3268 2666 3395 2721 aliis

1802 2741 1872 2796 ad
1907 2743 2013 2797 alia
2054 2746 2346 2817 regressis.
2388 2745 2540 2803 Talis
2568 2757 2750 2804 autem
2783 2749 2909 2805 vitae
2938 2760 3116 2810 status
3146 2755 3216 2811 ab
3246 2754 3393 2811 divi-

1803 2848 1888 2888 ηαξ
1908 2833 2173 2891 doctrinae
2201 2835 2511 2910 Scripturis
2541 2841 2879 2898 resnrrectio
2896 2844 3122 2911 dicitur,
3158 2847 3264 2903 sub
3287 2863 3393 2903 n0-

76 2910 250 2964 mine
295 2908 424 2979 ejus
471 2909 620 2979 quod
668 2918 910 2966 terreum
970 2919 1056 2967 est
1087 2953 1103 2979 ,
1175 2915 1471 2970 erectionls
1518 2926 1572 2973 ct
1621 2920 2044 2982 instaurationis
2099 2928 2249 2982 omni
2319 2908 2719 2988 elementorum
2761 2943 2909 2989 motu
2969 2939 3391 3008 comprehenso.

78 3039 161 3048 —-
194 3006 272 3059 Μ.
311 3007 451 3070 Quid
501 3006 668 3074 igitur
707 3006 925 3070 horum,
960 3007 1157 3075 inquit,
1194 3011 1298 3067 est,
1334 3003 1495 3074 cujus
1547 3004 1602 3060 in
1660 3008 1991 3078 supradictis
2037 3012 2240 3065 mentio
2275 3009 2419 3067 facta
2478 3029 2585 3069 non
2621 3015 2822 3071 sit?—
2846 3016 2911 3072 G.
2951 3003 3112 3090 Ipsa;
3139 3019 3386 3092 inquam,

80 3101 361 3156 det-trina
393 3098 837 3153 resurrectionis.

162 3196 252 3248 Μ.
274 3193 386 3247 Καὶ
410 3193 515 3264 μὴν
530 3193 722 3258 πολλὰ,
740 3193 894 3263 φησι,
909 3192 1017 3245 τῶν
1039 3192 1132 3245 νῦν
1148 3191 1454 3257 διεξοδικῶς
1473 3194 1592 3262 είρη
1602 3191 1692 3260 μέ·
1729 3194 1770 3251 C

79 3304 231 3348 νων,
262 3285 404 3355 πρὸς
422 3283 610 3336 τοῦτον
638 3284 728 3335 τὸν
752 3284 952 3337 σκοπὸν
980 3283 1156 3355 φέρει.
1184 3313 1255 3323 -
1284 3283 1344 3336 Γ.
1371 3283 1445 3335 Οὐ
1472 3282 1580 3352 γὰρ
1605 3277 1688 3335 οἴ-

81 3378 214 3440 δας,
251 3370 431 3437 εἷπον,
466 3376 590 3427 ὅσον
624 3373 735 3441 (89)
763 3374 911 3443 παρά
943 3375 1049 3427 τῶν
1071 3374 1536 3443 ἀντιτεταγμένων
1556 3374 1690 3443 ἡμῖν

83 3469 255 3539 παρᾶ
275 3469 379 3538 τῆς
398 3468 512 3533 (90)
534 3467 748 3530 ἐλπίδος
768 3468 972 3538 ταύτης
988 3466 1314 3530 ἀντιθέσεως
1335 3467 1444 3536 (91)
1462 3464 1692 3519 ἀνθυπο-

84 3562 333 3632 φέρεται
368 3560 609 3631 σμῆνοςς
659 3560 769 3613 Καὶ
809 3560 927 3629 ἅμα
965 3559 1143 3627 λέγειν
1190 3557 1507 3628 ἐπεχείρουν
1531 3596 1546 3619 ,
1589 3558 1690 3610 ὅσα

84 3650 240 3719 πρὸς
265 3648 589 3720 ἀνατροπὴν
606 3649 703 3717 τῆς
724 3647 1075 3711 ἀναστάσεως
1096 3648 1248 3717 παρὰ
1269 3646 1377 3700 τῶν
1402 3645 1693 3717 ἐριστικῶν

87 3740 521 3810 ἐφευρίσκεται.
552 3768 621 3779 -
645 3740 723 3793 Μ.
754 3739 815 3792 Ἠ
845 3738 925 3803 δέ,
966 3740 1128 3792 Δοκεί
1157 3755 1267 3808 μοι,
1312 3738 1467 3807 φησὶ,
1496 3736 1695 3807 χρῆναι

86 3833 373 3903 πρότερον
408 3832 477 3886 τα
504 3830 779 3901 σποράδην
808 3828 963 3899 παρὰ
990 3830 1089 3900 τῆς
1119 3828 1270 3892 θείας
1301 3828 1523 3899 Γραφῆς
1567 3826 1697 3897 περὶ

84 3925 294 3977 τούτου
331 3923 425 3976 τοῦ
464 3923 735 3994 δόγματος
762 3921 1053 3978 ἐκτεθέντα
1088 3922 1202 3991 (92)
1225 3922 1295 3978 δι’
1333 3922 1531 3990 ὀλίγων
1576 3921 1691 3972 ἐπι-

87 4017 355 4085 δραμεῖν.
385 4015 462 4077 (‘9;
495 4016 562 4068 ἂν
598 4015 806 4069 ἐκεῖθεν
836 4016 965 4084 ἡμῖν
987 4017 1021 4084 ἠ
1054 4014 1287 4084 κορωνὶς
1316 4009 1592 4080 ἐπιτεθείη
1617 4008 1698 4080 τῷ

85 4100 263 4169 λόγῳ.
300 4100 554 4154 Ἤκουσα
580 4098 760 4153 τοίνυν
794 4100 908 4170 (93)
941 4099 1038 4154 τοῦ
1070 4098 1237 4155 Δασὶδ
1275 4100 1702 4172 ὑμνολογοῦντος

84 4194 151 4245 ἐν
200 4191 383 4254 θείαις
429 4189 615 4261 ᾠδαῖς,
656 4192 746 4246 ὅτε
792 4192 894 4262 τὴν
942 4190 1038 4245 τοῦ
1095 4192 1297 4257 παντὸς
1341 4192 1702 4265 διακόσμησιν

84 4284 362 4339 ὑπόθεσιν
397 4283 493 4336 τοῦ
522 4282 693 4353 ὕμνου
724 4286 1094 4356 πεποιημένος
1126 4287 1185 4340 ἐν
1219 4285 1496 4357 ἑκατοστῷ
1530 4288 1700 4357 τρίτῳ

83 4374 303 4448 ψαλμῷ
336 4374 475 4446 πρὸς
499 4375 579 4445 τῷ
606 4375 747 4429 τέλει
778 4376 878 4447 τῆς
907 4377 1184 4449 ὑμνῳδίας
1218 4376 1377 4430 τοῦτό
1406 4393 1591 4449 φησιν,
1617 4377 1699 4430 ὅτι

90 4487 111 4521 ι
158 4467 510 4531 Ἀντανελεῖς
530 4466 644 4538 (94)
668 4467 731 4521 τὸ
759 4468 979 4539 πνεῦμα
1002 4469 1207 4534 αὐτῶν,
1239 4470 1335 4523 καὶ
1360 4469 1692 4540 ἐκλείψουσι,

83 4561 187 4616 καὶ
214 4561 301 4623 εἰς
330 4559 423 4611 τὸν
448 4559 580 4629 χοῦν
606 4558 789 4612 αὐτῶν
812 4560 1253 4632 ἐπιστρέφουσιν.
1284 4560 1697 4626 Ἐξαποστελεῖς

1897 3190 1968 3247 Μ.
2017 3192 2179 3264 Atqui
2229 3197 2420 3260 multa,
2470 3196 2667 3268 inquit.
2706 3216 2771 3256 ex
2819 3200 2887 3257 iis
2920 3218 3040 3273 quae
3069 3220 3213 3261 nunc
3240 3204 3386 3275 fuse,

1812 3284 2022 3354 prolixe
2061 3298 2225 3357 atque
2255 3288 2476 3358 copiose
2504 3291 2649 3344 dicta
2681 3302 2832 3360 sunt,
2863 3294 2929 3350 ad
2962 3312 3081 3352 eam
3112 3299 3388 3369 pertinent

1810 3379 2165 3435 sententiam.
2213 3411 2282 3420 —
2325 3380 2392 3435 G.
2451 3381 2644 3436 Annon
2692 3387 2858 3450 nosti.
2916 3389 3156 3459 inquam,
3212 3407 3390 3462 quatt-

1811 3467 1926 3514 tum
1980 3462 2049 3516 ab
2097 3463 2431 3520 adversariis
2473 3464 2541 3519 de
2588 3466 2690 3522 bac
2736 3485 2833 3540 spe
2878 3472 3035 3528 nobis
3079 3476 3383 3546 oppositio-

1814 3567 1942 3606 num
1975 3560 2029 3608 et
2061 3554 2464 3625 subjectionum
2494 3560 2649 3627 quasi
2689 3575 2918 3616 examen
2955 3562 3261 3618 inferatur?
3321 3582 3387 3622 ac

1813 3644 1977 3698 simul
2024 3645 2209 3700 dicere
2244 3649 2503 3715 conabar,
2550 3666 2890 3720 qumcunque
2923 3652 2989 3708 ad
3041 3656 3386 3712 eversionem

1812 3737 2237 3790 resurrectionis
2284 3738 2532 3793 homines
2577 3742 2903 3797 contentiosi
2955 3744 3386 3801 comminiscun-

1815 3832 1925 3879 tur.
1949 3856 2020 3867 —
2044 3824 2114 3878 Μ.
2139 3829 2206 3879 At
2227 3826 2503 3897 illa,()pus
2520 3843 2646 3883 esse
2673 3829 2807 3883 mibi
2827 3830 3056 3898 videtur,
3078 3834 3273 3904 inquit,
3296 3850 3385 3902 ea,

1804 3932 1927 3987 qua:
1960 3918 2165 3988 passim
2197 3933 2262 3974 ac
2290 3922 2525 3991 sparsim
2568 3922 2640 3977 ab
2674 3922 2859 3977 divina
2892 3922 3173 3995 Scriptura
3203 3927 3271 3981 de
3295 3927 3398 3983 hac

1799 4010 2075 4066 sententia
2122 4017 2289 4082 atque
2348 4012 2604 4068 doctrina
2660 4016 2911 4086 exposita
2968 4028 3136 4084 sunt,
3202 4022 3398 4090 paucis

1800 4102 1956 4173 prius
1988 4118 2335 4174 percurrere,
2361 4112 2422 4160 ut
2451 4105 2579 4162 inde
2612 4108 2773 4164 nobis
2794 4108 2917 4164 linis
2944 4111 3182 4166 orationi
3212 4112 3395 4183 impo-

1799 4201 1986 4249 natur.
2016 4194 2213 4250 Audivi
2263 4195 2432 4267 igitur
2490 4197 2694 4254 divinis
2735 4201 3087 4260 cantionibus
3133 4203 3396 4262 Davideut

1798 4286 1989 4343 laudes
2019 4286 2111 4343 Dei
2167 4290 2581 4360 praedicantem,
2636 4306 2762 4348 cum
2821 4304 3038 4364 sumpta
3099 4296 3396 4355 occaSione

1806 4379 2138 4449 praedicandi
2185 4382 2255 4436 ab
2304 4397 2490 4437 rerum
2540 4383 2928 4441 universarum
2978 4394 3190 4444 natura:
3237 4389 3393 4461 dige-

1802 4472 1981 4528 stione
2002 4480 2056 4527 et
2078 4472 2559 4531 administratione
2580 4491 2594 4542 ;
2616 4477 2670 4531 in
2688 4478 2991 4534 centesimo
3008 4481 3170 4537 tertio
3182 4484 3396 4553 psalmo

1803 4564 1952 4618 circa
1986 4563 2145 4620 ﬁnem
2170 4566 2450 4623 cantionis
2476 4569 2548 4622 ita
2578 4568 2687 4624 ait:
2719 4587 2738 4621 ι
2762 4569 2993 4627 Auferes
3016 4571 3270 4642 spiritum
3299 4589 3395 4629 eo-

83 4655 149 4711 τδ
197 4653 437 4724 ΙΙνεῦμά
470 4669 565 4706 σου
585 4693 602 4719 ,
637 4652 730 4706 καὶ
762 4653 1144 4724 κτισθήσονται
1164 4693 1179 4719 ,
1230 4654 1326 4706 κα),
1362 4654 1694 4718 ἀνακαινιείς

1813 4671 1950 4721 rum,
1992 4665 2047 4725 et
2100 4656 2378 4723 delicient,
2422 4666 2479 4715 ct
2534 4660 2590 4715 in
2618 4660 2898 4730 pulverem
2946 4676 3109 4718 suum
3157 4677 3393 4721 convero

162 4863 283 4933 (76)
321 4860 727 4933 Δωασκὰλου.
748 4859 793 4912 Δ
817 4858 879 4933 Β,
910 4861 1009 4930 τῆς
1038 4856 1337 4933 διδασκκίη
1357 4858 1598 4933 scholiis
1627 4859 1694 4913 ad

86 4929 304 4991 calcem
336 4932 547 4987 codicis
584 4932 651 4995 A,
683 4930 799 4984 hinc
838 4929 1009 5000 lego:
1052 4930 1188 5001 "api
1216 4929 1316 4999 τῆς
1345 4929 1694 4994 ἀναστάσεως

87 5002 628 5082 πάλιν-διέλέγεται.
707 5068 721 5082 ο
911 5078 925 5082 _
990 5070 1030 5082 ἢ
1100 5069 1127 5082 ”

161 5074 283 5141 (77)
324 5067 874 5141 Παρὰκαθημένοις.
898 5078 964 5137 Α,
990 5070 1031 5122 Β
1060 5069 1167 5124 τῶν
1194 5067 1694 5141 παρακαθημένων.

160 5136 278 5217 (78)
331 5136 593 5217 fo'qtax.
627 5136 737 5217 1ξῇ
764 5143 795 5217 ό
821 5142 961 5195 διαλ.

154 5210 276 5285 (79)
329 5212 618 5285 Ἐγένετο.
646 5211 689 5262 Β
706 5210 928 5285 γέγονε.

156 5281 278 5357 (80)
318 5281 725 5357 Κύριαηάξουπ
751 5281 797 5357 B_
818 5299 1067 5357 ααιριωτ.

158 5351 279 5427 (81)
320 5357 541 5427 Δόγμα·
582 5353 644 5406 Βο
679 5351 741 5427 ἴτδ
764 5351 971 5427 ἑάγιιάο

182 5370 279 5425 δι’
320 5370 541 5423 Δόγμα.
582 5370 644 5406 n.
679 5370 741 5405 το
772 5370 866 5420 οογ
915 5370 971 5405 α.

182 5426 276 5495 82)
326 5426 631 5495 Ἀρχαισνξ.
670 5425 736 5487 Α,
764 5421 806 5473 Β
843 5370 1102 5495 τξνᾲάργ.

317 5492 681 5577 ggpopmir.
718 5495 761 5577 ὲ
783 5492 1121 5577 περιοδξκην.

319 5562 446 5621 Τῶν
468 5565 688 5637 urg-tr.
705 5562 762 5637 _B
788 5562 902 5637 τὴν-
917 5562 1028 5616 τῶν
1054 5562 1205 5630 ἐπιγ.

153 5571 272 5710 (δέ)
319 5571 446 5621 Τῶν
468 5571 688 5645 tiu-r17.
722 5571 762 5614 Β
788 5571 887 5684 την
917 5571 988 5614 ne

179 5640 276 5710 89)
322 5636 394 5710 Τὸ
429 5638 665 5710 τξλειον.
705 5633 768 5687 Β.
801 5633 988 5710 π-εέον.

152 5701 272 5781 (86)
313 5704 792 5777 Προδεχομένης.
834 5702 876 5754 Β
902 5701 1233 5776 προσδεχομ.

1870 4860 1981 4934 (87)
2033 4861 2543 4934 Ἐσθιεδςισμέτου.
2575 4862 2617 4915 Β
2649 4863 2999 4934 διεσκεδασμ.

1872 4932 1985 5017 (88)
2022 4932 2162 5013 Περὶ
2203 4931 2323 5017 cf)?
2367 4931 2479 5017 τῆς
2839 4935 2896 5016 A_
2925 4931 3058 5017 περὶ
3097 4934 3197 5017 τῆς
3244 4934 3395 5017 gata;

1793 5002 2184 5126 τῶἔλξραφῶν.
2225 5002 2267 5053 Β
2310 5003 2463 5074 παρὰ
2490 5006 2589 5074 τῆς
2631 5002 2781 5069 θείας
2827 5004 2939 5058 τῶν
2983 5002 3217 5076 Γραφῶν
3244 5005 3392 5059 διδα-

1797 5089 1866 5125 σκ
1962 5090 2047 5126 ας.

1797 5089 2047 5135 σκαλιας.

1868 5142 1982 5213 (89)
2024 5143 2237 5211 Ὅσον.
2270 5142 2327 5213 Β
2352 5142 2527 5197 νόσον.

1866 5212 1981 5281 (⁷90)
2021 5213 2186 5281 Παρὰ
2216 5212 2347 5282 τῆς.
2390 5213 2431 5265 Β
2469 5214 2600 5279 περὶ
2630 5213 2751 5283 τῆς.

1869 5284 1981 5353 (91)
2031 5284 2434 5353 Ἀντιθέσεως.
2480 5290 2548 5347 Α,
2580 5284 2987 5341 Βάντιθέσεων.

1868 5351 1983 5421 (92)
2037 5351 2406 5407 Ἐντεθέντα.
2449 5354 2490 5405 Β
2530 5354 2839 5409 ἐκτεθέντα.

1867 5422 1983 5493 (95)
2025 5424 2303 5477 Ἤκουσα
2343 5424 2573 5479 τοίνυν.
2624 5423 2974 5493 δειιοιίθδιθε
3007 5425 3063 5479 ἰη
3108 5425 3262 5481 calce
3301 5442 3393 5480 co-

1797 5494 1936 5550 dicis
1965 5492 2007 5548 Α
2032 5493 2151 5565 (ita,
2203 5494 2333 5565 περὶ
2354 5494 2463 5565 τῆς
2504 5492 2648 5548 κατὰ
2683 5495 2777 5549 τὸν
2824 5497 2988 5551 Δαὸὶδ
3018 5496 3390 5559 ἀναστάσεως.

1867 5562 2427 5639 (94)-Ἀνιςατεζιεῖς.
2489 5566 2535 5619 Δ
2577 5566 2654 5621 ita
2702 5566 2758 5621 in
2806 5567 3096 5639 margine;
3141 5567 3196 5621 in
3240 5576 3391 5622 textu

1796 5633 1965 5703 vero,
1983 5633 2283 5700 ἀνατελεῖς.
