3844 6226
129 342 230 401 ίὸὂ

1193 339 1281 392 DE
1323 335 1537 393 ANIMA
1574 334 1661 392 ΕΤ
1702 333 2310 393 RESURRECTIONE.

3300 332 3405 394 134

122 458 236 517 τοῖς
267 454 388 524 (20)
423 453 627 524 ἱερεῦσι
659 453 841 522 μόνοις
885 452 1113 524 νόμιμον
1145 447 1213 524 ἦν
1255 452 1394 506 κατά
1418 453 1608 524 χρείαν
1641 453 1712 506 is-

1821 449 2292 512 deudilrabcbant,
2321 445 2423 502 nisi
2453 446 2673 517 puriore
2724 446 2960 518 quadam
3022 447 3196 503 victus
3235 448 3417 502 ratio-‘

125 544 393 613 ρουργίας
423 544 573 606 ἐντὸς
604 543 700 594 τοῦ
732 543 1223 613 καταπετάσματος
1253 543 1533 611 γίνεσθαι,
1570 543 1631 596 τὸ
1661 543 1718 596 δὲ

120 635 453 704 άπόκρυφόν
487 650 548 686 τε
584 635 680 686 καὶ
712 634 906 686 ἄδυτον
937 633 1035 686 τοῦ
1067 633 1227 699 ναοῦ,
1268 636 1325 685 ἐν
1361 626 1407 700 ᾧ
1439 634 1500 686 τὸ
1533 632 1720 686 θυσια·

122 725 350 795 στήριον
385 726 568 796 ἵδρυτο
598 724 846 795 κεράτων
873 725 986 777 τισὶ
1019 725 1347 795 προσϐολαῖς
1380 724 1493 793 (‘2!)
1524 723 1720 776 κεκαλ-

121 815 495 885 λωπισμένον,
525 816 620 868 καὶ
647 816 834 880 αὐτοῖς
871 817 983 878 τοῖς
1011 814 1248 886 ἱερεῦσιν
1276 815 1606 868 ἀνεπίϐατον
1626 810 1717 886 ἦν,

122 907 263 977 πλὴν
297 909 420 971 ἑνὸς
448 909 543 961 τοῦ
573 908 1015 979 προτεταγμένου
1041 911 1139 979 τῆς
1166 910 1486 982 ἱερωσύνης,
1508 911 1582 975 ὡς
1606 911 1717 980 (22)

121 998 273 1064 ᾶπαξ
304 997 402 1052 τοῦ
434 998 681 1052 ἐνιαυτοῦ
711 1000 855 1053 κατά
884 1016 1002 1052 τινα
1027 1001 1262 1071 νόμιμον
1292 1001 1526 1073 ἡμέραν,
1560 1002 1720 1072 μόνος

117 1091 578 1161 ἀπορρητοτέραν
631 1091 754 1143 τινὰ
809 1092 903 1145 κα)⁵
955 1093 1373 1164 μυστικωτέραν
1424 1096 1720 1166 προσάγων

120 1179 443 1252 ἱερουργίαν
469 1182 562 1234 ἐπὶ
589 1183 651 1234 τὸ
677 1183 826 1246 ὲντὺς
853 1183 1170 1254 παρεδύετο.
1198 1185 1478 1256 Τοσαύτης
1504 1185 1597 1240 οὖν
1629 1185 1720 1239 οὔ-

120 1288 222 1342 σης
264 1272 382 1342 (25)
420 1273 550 1343 περὶ
575 1274 670 1326 τὸν
698 1275 824 1328 ναὸν
855 1274 1043 1328 τοῦτον
1075 1275 1360 1346 διαφορᾶς,
1389 1277 1471 1330 ὅτι
1493 1294 1577 1340 τις
1604 1276 1716 1347 (ει)

116 1361 287 1414 εἰκὼν
339 1363 456 1433 (εδ)
506 1364 600 1417 καὶ
650 1364 876 1434 μίμημα
927 1367 1027 1436 τῆς
1079 1368 1278 1437 νοητῆς
1312 1363 1382 1438 ἦν
1437 1369 1714 1422 καταστάς

116 1471 285 1518 σει-ις,
311 1456 474 1508 τοῦτο
497 1455 596 1524 τῆς
620 1457 938 1526 σωματικῆς
970 1460 1407 1530 παρατηρήσεως
1436 1459 1714 1514 διδασκούι

116 1560 258 1614 σης,
300 1545 388 1598 ὅτι
437 1544 564 1597 οὒτε
614 1547 766 1598 πᾶσα
817 1547 851 1615 ἡ
903 1547 1093 1617 λογικὴ
1146 1547 1308 1615 φύσις
1343 1547 1422 1618 τῷ
1474 1547 1588 1618 ναῷ
1619 1548 1714 1602 τοῦ

113 1634 281 1695 Θεοῦ,
316 1637 564 1689 τουτέστι
596 1639 661 1708 τῇ
694 1637 954 1709 ὁμολογία
986 1638 1082 1691 τοῦ
1107 1637 1344 1709 μεγάλου
1379 1637 1515 1692 Θεοῦ
1545 1655 1716 1710 προσ-

115 1727 377 1793 εγγίζειο
425 1727 540 1781 ἀλλ’
572 1729 622 1780 οἱ
669 1729 806 1799 πρὸς
863 1730 964 1792 τὰς
1022 1729 1236 1799 ψευδεῖς
1286 1729 1582 1801 ὑπολήψεις
1619 1746 1716 1783 πε-

115 1817 466 1888 πλανημένοι
505 1820 662 1882 ἐκτός
699 1798 806 1872 είσι
856 1819 951 1872 τοῦ
997 1798 1144 1873 θείου
1184 1798 1712 1893 περισχοινίσματος.
1745 1798 1791 1859 Β

114 1910 240 1962 Τῶν
273 1911 333 1964 δὲ
371 1910 462 1964 διὰ
487 1911 586 1980 τῆς
613 1912 907 1981 ὁμολογίας
939 1913 1091 1976 ἐντὸς
1116 1914 1498 1984 γεγενημένων
1530 1931 1719 1986 προτι-

119 2003 378 2073 ματέρων
423 2003 537 2072 (26)
580 2004 689 2057 τῶν
750 2006 956 2068 ἄλλων,
998 2009 1046 2059 οἱ
1093 2008 1573 2080 περιρῤαντηρίοις
1623 2009 1719 2063 καὶ

116 2095 372 2162 ἁγνείαις
408 2095 906 2167 προκαθαιρόμενοι
929 2097 1063 2166 (‘27),
1097 2097 1192 2150 καὶ
1229 2097 1434 2151 τούτων
1469 2100 1519 2151 οί
1559 2099 1717 2167 ἀφιεο

123 2185 397 2256 ρωθέντες
419 2187 521 2257 ήδη
551 2186 614 2240 τὸ
646 2187 807 2240 πλέον
829 2187 1060 2258 ἔχουσιν,
1088 2188 1227 2242 ὥστε
1253 2188 1353 2258 τῆς
1383 2189 1719 2261 ὲσωτερικῆς

119 2279 410 2345 ἀξιοῦσθαι
447 2281 860 2350 μυσταγωγίας,
891 2281 964 2345 ὡς
992 2283 1036 2334 δ’
1061 2283 1126 2337 άν
1154 2299 1240 2347 τις
1267 2283 1361 2336 ἐπὶ
1385 2283 1447 2336 τὸ
1470 2282 1718 2354 φανερώ-

119 2388 280 2440 τερον
336 2371 573 2442 προάγοι
612 2372 726 2443 (28)
773 2371 871 2443 τὴν
919 2372 1016 2425 τοῦ
1071 2373 1392 2443 αἰνίγματος
1456 2375 1715 2448 ἔμφασιν,

120 2461 310 2516 Ταῦτα
338 2463 454 2516 ἔστι
485 2463 679 2534 μαθεῖν
702 2463 796 2516 τοῦ
819 2463 978 2529 λόγου
1003 2463 1362 2531 διδάσκοντος,
1387 2467 1467 2520 ὅτι
1498 2467 1606 2521 τῶν
1630 2469 1717 2520 λο-

117 2553 297 2619 γικῶν
323 2553 629 2622 δυνάμεων,
661 2554 716 2606 αί
752 2552 850 2623 μέν
875 2552 1017 2614 τινές
1050 2553 1188 2606 εἰσιν
1215 2549 1327 2607 οἷον
1351 2555 1412 2606 τὸ
1438 2554 1592 2624 ἆγιον
1625 2555 1719 2609 θυ-

116 2643 442 2712 σιαστήριον
466 2642 528 2693 ὲν
563 2640 641 2710 τῷ
671 2639 851 2710 ἀδύτῳ
889 2640 988 2710 τῆς
1022 2639 1274 2709 θεότητος
1303 2639 1713 2712 καθιδρυμέναι·

112 2734 178 2785 αἱ
208 2733 268 2786 δέ
299 2749 446 2796 τινες
485 2731 647 2786 πάλιν
677 2730 771 2784 καὶ
814 2729 1021 2784 τούτων
1068 2731 1126 2782 ὲν
1157 2729 1314 2800 ἐξοχῇ
1366 2731 1715 2801 θεωροῦνται,

110 2825 374 2895 κεράτων
414 2823 573 2895 δίκην
615 2821 1054 2894 προϐεϐλημέναι
1075 2863 1090 2888 ,
1118 2821 1214 2876 καὶ
1237 2821 1392 2876 ἄλλαι
1420 2821 1549 2893 περὶ
1577 2823 1719 2876 ἐκείο

111 2933 222 2978 νας
259 2915 407 2968 κατά
468 2931 590 2967 τινα
631 2913 838 2978 τάξεως
868 2912 1194 2967 ἀκολουθίαν
1223 2911 1609 2983 προτερεύουσί
1656 2929 1718 2966 τε

113 3005 239 3074 (29)
270 3005 366 3058 καὶ
395 3003 792 3075 δευτερεύουσι.
814 3003 887 3056 Τὸ
901 3003 958 3056 δὲ
979 3002 1086 3056 τῶν
1121 3002 1424 3072 ἀνθρώπων
1449 3003 1604 3072 γένος
1631 3003 1719 3057 διά

1820 557 1909 605 ne,
1935 555 1999 595 ac
2029 541 2359 611 quibusdam
2397 540 2810 608 aspersionibus
2834 549 3021 594 essent
3047 539 3248 608 expiati
3279 559 3293 606 ;
3339 555 3404 594 ac

1820 647 2016 686 rursus
2039 633 2200 686 etiam
2233 647 2297 686 ex
2357 631 2440 697 bis
2469 632 2601 701 ipsis
2650 647 2758 685 non
2814 633 3070 685 omnibus
3129 633 3404 685 internum

1819 724 2083 793 templum
2115 723 2326 793 ingredi
2359 723 2575 786 licebat,
2601 724 2694 778 sed
2735 723 3112 779 sacerdotibus
3139 723 3406 777 duntaxat

1819 813 2168 869 sacrificandi
2217 827 2384 868 causa
2433 813 2574 867 intra
2624 813 2800 869 velum
2842 815 3096 868 versandi
3125 813 3217 882 jus
3244 822 3402 869 erat:

1818 904 2069 958 occultus
2095 919 2225 958 vero
2271 913 2326 956 et
2381 919 2616 960 arcanus
2647 905 2830 974 templi
2874 905 3026 960 locus
3056 907 3073 974 (
3105 921 3264 974 quem
3288 905 3408 958 ἄδυ-

1817 1010 1909 1046 τον
1935 993 2178 1064 vocaut),
2208 993 2263 1048 in
2292 1009 2402 1062 quo
2432 995 2603 1049 altare
2633 994 2961 1048 collocatum
2989 1010 3256 1049 cornuum
3283 996 3414 1064 qni-1

1819 1085 2048 1140 busdam
2082 1086 2469 1156 prominentiis
2517 1087 2840 1141 adornatum
2875 1095 3018 1152 erat,
3059 1087 3193 1157 ipsis
3220 1102 3405 1142 sacer-

1819 1176 2041 1232 dotibus
2072 1178 2392 1233 inaccessus
2415 1185 2554 1244 erat,
2586 1185 2948 1248 praeterquam
2975 1179 3068 1232 uni
3098 1180 3191 1248 qui
3220 1193 3404 1233 sacer-

1817 1267 1968 1321 dotio
1987 1269 2314 1338 praepositus
2340 1278 2478 1335 erat,
2527 1269 2622 1339 qui
2655 1269 2825 1322 semel
2883 1269 2936 1322 in
2971 1274 3116 1324 anno
3159 1269 3406 1339 legitimo

1816 1356 2078 1426 quodam,
2101 1367 2256 1412 certo
2279 1369 2444 1428 atque
2467 1358 2697 1414 solemni
2719 1358 2829 1424 die,
2857 1360 3031 1425 solus,
3061 1367 3119 1414 ut
3142 1373 3404 1414 arcanum

1815 1457 1870 1503 et
1908 1448 2254 1503 reconditum
2279 1450 2554 1520 quoddam
2591 1452 2762 1520 magis
2788 1461 2842 1505 et
2870 1451 3146 1506 occultum
3193 1453 3404 1508 sacrifi-

1815 1538 1960 1593 cium
1996 1537 2240 1603 offerret,
2301 1540 2586 1594 introibat.
2638 1541 2775 1596 Cum
2833 1541 2998 1613 igitur
3049 1550 3200 1597 tanta
3259 1553 3404 1598 esset

1815 1632 1964 1686 circa
2006 1632 2109 1688 hoc
2143 1633 2408 1703 templum
2436 1631 2766 1696 differentia,
2793 1635 2942 1702 quod
2991 1633 3172 1706 imago
3203 1637 3408 1705 pariter

1817 1738 1882 1777 ac
1915 1723 2271 1780 simulacrum
2313 1725 2455 1795 ejus,
2516 1725 2610 1796 qui
2662 1736 2843 1781 mente
2895 1727 3402 1796 comprehenditur,

1819 1823 1998 1871 status
2019 1825 2160 1881 erat,
2202 1816 2308 1871 hoc
2350 1817 2610 1871 nimirum
2643 1817 2874 1873 docente
2898 1818 3170 1889 corporali
3211 1819 3403 1873 obser-

1817 1908 2058 1970 vatione,
2098 1905 2245 1978 quod
2269 1922 2376 1962 non
2411 1908 2592 1963 omnis
2642 1919 2894 1962 creatura
2939 1909 3151 1963 ratione
3177 1909 3403 1978 praedita

1817 1996 2020 2065 templo
2047 1994 2166 2060 Dei,
2220 1997 2325 2052 hoc
2354 2004 2440 2052 est
2466 1997 2802 2053 confessioni
2852 1998 3034 2068 magni
3066 1997 3160 2053 Dei
3202 2014 3403 2069 appro—

1818 2087 2086 2158 pinquet;
2111 2087 2210 2143 sed
2237 2089 2332 2158 qui
2368 2087 2522 2144 falsis
2543 2089 2898 2159 opinionibus
2931 2105 2996 2144 ac
3025 2091 3406 2160 persuasioni-

1817 2179 1922 2236 bus
1968 2179 2180 2236 seducti
2238 2189 2396 2245 sunt,
2443 2181 2842 2251 prohibeantur
2899 2197 2928 2235 a
2982 2183 3154 2253 septis
3202 2183 3404 2239 divinis

1818 2279 1982 2342 atque
2014 2272 2300 2328 cancellis.
2345 2271 2420 2326 Ex
2465 2273 2534 2328 iis
2569 2282 2749 2328 autem
2813 2274 2906 2344 qui
2960 2289 3059 2344 per
3088 2275 3402 2330 confessio-

1818 2379 1940 2418 nem
1980 2364 2126 2418 intro
2158 2363 2384 2420 admissi
2429 2361 2658 2428 fuerint,
2691 2365 2906 2420 caeteris
2936 2366 3316 2422 anteferantur
3340 2381 3404 2421 ac

1819 2463 2079 2526 praestent
2119 2455 2214 2526 qui
2245 2456 2688 2526 aspersionibns,
2727 2457 2965 2528 puritate
3011 2465 3065 2513 et
3095 2472 3125 2511 a
3153 2459 3405 2513 venereis

1819 2547 2151 2602 abstinentia
2186 2557 2314 2603 ante
2353 2548 2559 2604 fuerint
2597 2549 2824 2620 expiati,
2863 2558 3027 2622 atque
3057 2549 3146 2606 his
3203 2550 3282 2604 illi
3309 2551 3404 2620 qui

1818 2640 2108 2696 sacrificiis
2156 2639 2413 2694 destinati
2439 2649 2593 2704 sunt,
2627 2640 2824 2695 exinde
2861 2640 2976 2710 jam
3011 2641 3238 2695 meliore
3267 2656 3405 2695 eon-

1817 2731 2025 2786 ditione
2051 2733 2184 2796 sint,
2241 2741 2302 2785 ut
2351 2731 2676 2786 interiorum
2727 2747 3010 2787 sacrorum
3051 2733 3404 2788 administra-

1819 2822 1965 2878 tione
1992 2837 2056 2877 ac
2085 2823 2380 2894 prmsulatu
2413 2822 2562 2895 digni
2609 2823 2930 2878 habeantur.
2961 2825 3065 2880 Sed
3100 2835 3260 2896 prout
3305 2826 3404 2879 alio

1817 2914 1943 2983 quis
1969 2914 2034 2968 ad
2064 2913 2465 2970 evidentiorem
2514 2930 2580 2969 ac
2633 2915 2807 2985 magis
2841 2917 3191 2986 perspicuam
3226 2918 3404 2987 expli-

1827 3010 2100 3063 cationem
2136 3007 2441 3080 aenigmatis
2471 3014 2637 3077 atque
2661 3007 2928 3062 involucri
2949 3008 3404 3080 significationem

111 3095 226 3165 τὴν
281 3093 638 3164 ἑγγινομένην
685 3093 885 3146 κακίαν
939 3091 1044 3156 ἔξω
1092 3093 1192 3163 τῆς
1229 3091 1378 3156 θείας
1422 3092 1712 3164 περιϐολῆς

1822 3097 2068 3166 proferre
2105 3097 2301 3168 possit,
2340 3097 2456 3152 haec
2485 3096 2698 3152 discere
2733 3097 2858 3152 licet
2909 3097 3141 3153 docente
3173 3099 3405 3161 ratione.
3435 3101 3441 3108 ’

111 3184 389 3257 ἀπεὼσθη
409 3201 423 3215 ·
469 3186 606 3256 ὅπερ
649 3183 731 3254 τῷ
765 3183 1110 3256 περιράντρῳ
1156 3183 1271 3254 (50)
1300 3182 1511 3256 λουτρῷ
1538 3183 1710 3254 καθηο

117 3277 370 3348 ράμενον
399 3277 551 3339 ὲντδς
579 3275 810 3344 γίνεται.

1821 3187 1966 3259 quod
2020 3203 2088 3242 ex
2120 3189 2340 3244 ratione
2395 3188 2645 3260 pra-ditis
2680 3187 2983 3244 virtutibus
3010 3191 3130 3243 aliae
3189 3190 3406 3260 quidem

1817 3280 1987 3336 veluti
2021 3288 2276 3336 sanctum
2305 3281 2478 3337 altare
2510 3280 2623 3336 sint
2674 3281 2730 3335 in
2762 3281 2926 3350 adyto
2973 3280 3199 3336 Deitatis
3233 3283 3394 3336 collo-

113 3378 284 3434 catze,
320 3367 607 3422 nonnullae
636 3381 771 3420 vero
802 3381 998 3421 rursus
1032 3366 1199 3420 etiarn
1235 3380 1299 3420 ex
1354 3365 1442 3420 bis
1469 3367 1525 3422 in
1557 3369 1886 3426 excellentia
1931 3373 2357 3442 conspiciantur
2431 3387 2705 3427 cornuum
2784 3371 2958 3426 instar
3004 3375 3405 3442 prominentes.

115 3472 297 3533 atque
342 3463 466 3517 aliae
497 3477 700 3517 rursus
723 3463 872 3518 circa
897 3461 1023 3516 illas
1057 3461 1397 3530 competenti
1431 3472 1917 3536 consentaneoque
1971 3465 2213 3537 quodam
2285 3465 2480 3521 ordine
2543 3473 2660 3520 tum
2717 3467 2983 3537 primunt,
3023 3475 3147 3521 tum
3203 3483 3403 3521 SCt'IIII-

112 3553 255 3607 dum
322 3552 507 3606 locum
555 3551 861 3606 obtineant.
916 3547 1104 3605 Genus
1171 3559 1354 3604 autem
1417 3550 1718 3608 humanum
1759 3563 1984 3625 propter
2035 3555 2393 3611 vitiositatem
2429 3555 2681 3610 innatam
2721 3565 2878 3610 extra
2935 3557 3205 3628 parietum
3262 3559 3403 3613 divi-

114 3659 331 3699 norum
359 3642 629 3698 ambitum
660 3652 1072 3699 summoveatur
1103 3660 1123 3697 :
1159 3641 1308 3713 quod
1335 3643 1428 3698 ubi
1453 3647 1840 3716 conspersorio
1866 3648 2088 3702 lavacro
2114 3648 2398 3718 expiatum
2431 3648 2616 3713 fuerit,
2665 3649 2812 3704 intro
2846 3649 3126 3704 mittatur.

199 3757 354 3812 Ἀλλ’
391 3758 580 3830 ἐπειδὴ
616 3758 802 3829 μέλλει
829 3757 960 3812 ποτὲ
989 3757 1059 3812 τὰ
1093 3757 1234 3828 μετά
1259 3756 1373 3828 (51)
1406 3757 1581 3812 ταῦτα
1613 3777 1718 3812 πα-

114 3851 504 3922 ραφράγματα
535 3849 778 3914 λύεσθαι,
809 3849 876 3903 δι’
905 3843 980 3904 ὧν
1009 3850 1121 3919 (52)
1150 3851 1298 3921 ἡμᾶς
1323 3851 1356 3920 ή
1386 3850 1553 3904 κακία
1580 3853 1718 3922 πρὸς

110 3947 186 3997 τὰ
215 3943 372 4006 ἐντὸς
397 3941 493 3995 τοῦ
521 3943 1011 4014 καταπετάσματος
1037 3941 1402 4012 ἀπετείχισεν,
1429 3942 1560 3996 ὅταν
1589 3959 1720 4014 σκη-

115 4033 375 4104 νοπηχοῇ
399 4035 510 4101 (55)
539 4033 703 4086 πάλιν
726 4032 813 4085 διὰ
847 4032 948 4102 τῆς
978 4033 1326 4096 ἀναστάσεως
1365 4032 1523 4103 ήμῶν
1547 4035 1582 4104 ή
1611 4032 1717 4102 φύ-

113 4143 236 4197 σις,
265 4125 366 4178 καί
391 4126 541 4177 πᾶσα
563 4127 597 4194 ή
623 4123 767 4177 κατὰ
791 4123 995 4178 κακίαν
1019 4123 1344 4193 ἐγγινομένη
1377 4123 1489 4194 (53)
1513 4123 1726 4193 διαφθο-

121 4218 198 4287 ρά
233 4215 569 4287 ἐξαφανισθῇ
597 4214 707 4267 τῶν
737 4214 928 4277 ὄντων,
961 4213 1085 4266 τότε
1128 4211 1280 4283 κοινὴ
1326 4214 1654 4284 συστήσεται
1685 4216 1719 4286 ή

118 4309 259 4380 περὶ
288 4309 383 4361 τὸν
415 4307 548 4361 Θεὸν
587 4305 751 4377 ἑορτὴ
778 4308 891 4369 τοῖς
921 4304 1011 4359 διὰ
1037 4305 1138 4374 τῆς
1164 4305 1512 4370 ἀναστάσεως
1548 4324 1723 4360 πυκα-

119 4401 338 4454 σθεῖσιν
360 4440 375 4463 ,
403 4398 480 4462 ὡς
519 4399 647 4468 μίαν
673 4415 734 4451 τε
768 4398 863 4451 καὶ
890 4396 990 4467 τὴν
1026 4396 1196 4468 αὐτὴν
1229 4397 1552 4467 προκεῖσθαι
1584 4399 1721 4452 πᾶσι

1893 3755 2002 3812 Sed
2031 3757 2288 3828 quoniam
2331 3757 2446 3812 ba‘c
2471 3757 2524 3812 in
2562 3757 2742 3813 medio
2785 3761 3032 3830 opposita
3097 3768 3275 3830 scpta,
3312 3777 3403 3831 per

1821 3865 1944 3918 quae
1975 3850 2244 3906 vitiositas
2271 3865 2372 3906 nos
2400 3851 2471 3905 ab
2495 3866 2562 3905 eo
2600 3851 2722 3906 loco
2755 3854 2848 3923 qui
2903 3853 3047 3908 intra
3091 3856 3268 3909 velum
3322 3863 3403 3910 est

1819 3939 2051 4001 dirimit,
2084 3940 2380 4011 aliquando
2422 3941 2722 4006 solventur,
2753 3957 2878 3996 cum
2914 3959 3009 4012 per
3041 3944 3402 3998 resurrectio-
3439 4005 3442 4010 _

1821 4045 1945 4084 nem
1978 4038 2174 4085 natura
2201 4039 2388 4086 nostra
2418 4049 2612 4089 rursus
2637 4033 2793 4104 quasi
2829 4033 3241 4089 tabernaculum
3274 4035 3403 4097 fixa,
3441 4102 3445 4108 _

1821 4128 1985 4192 atque
2010 4123 2190 4178 omnis
2222 4138 2318 4192 per
2348 4123 2699 4179 vitiositatem
2757 4124 2944 4179 innata
2999 4127 3304 4196 corruptio.
3336 4143 3401 4182 ex

1817 4226 2000 4266 rerum
2027 4222 2220 4267 natura
2255 4213 2457 4269 abolita
2493 4222 2657 4284 atque
2682 4214 2896 4270 sublata
2931 4215 3114 4280 fuerit,
3153 4226 3285 4271 ttuic
3335 4217 3402 4273 iis

1817 4302 1910 4372 qui
1946 4317 2042 4371 per
2081 4305 2542 4360 resurrectionem
2583 4304 2730 4370 tecti,
2761 4307 2936 4360 ornati
2974 4316 3136 4377 atque
3176 4324 3400 4378 compo—

1817 4394 1906 4448 siti
1940 4392 2164 4460 fuerint,
2215 4411 2507 4451 commune
2557 4395 2760 4450 festum
2795 4397 2945 4451 circa
2981 4397 3148 4453 Deum
3197 4402 3400 4454 consti-

116 4491 226 4561 τὴν
282 4487 652 4560 εὐφροσύνηνο
719 4486 920 4558 μηκέτι
965 4486 1229 4556 διαφορᾶς
1279 4503 1422 4550 τινος
1467 4486 1568 4556 τῆς
1610 4486 1712 4541 τῶν

1823 4491 2028 4549 tuetur,
2060 4493 2119 4540 ut
2144 4485 2398 4541 omnibus
2431 4500 2537 4540 una
2565 4494 2728 4556 atque
2759 4487 2947 4543 eadem
2982 4488 3162 4542 la-titia
3201 4498 3400 4560 phpo-

119 4585 261 4634 ῖσων
308 4579 635 4650 μετουσίας,
684 4579 782 4649 τὴν
828 4577 1057 4648 λογικὴν
1090 4576 1253 4646 φύσιν
1296 4577 1721 4648 διατεμνούσης,

116 4671 262 4726 άλλά
303 4669 414 4723 τῶν
456 4668 551 4722 νῦν
579 4668 684 4733 ἔξω
711 4668 800 4721 διά
837 4669 938 4737 τὴν
968 4667 1169 4720 κακίαν
1214 4666 1381 4720 ὄντων
1422 4665 1573 4730 ἐντὸς
1611 4666 1720 4719 τῶν

116 4763 340 4817 ἀδύτων
379 4761 476 4832 τῆς
516 4759 666 4824 θείας
700 4757 1104 4830 μακαριότητὸς
1140 4773 1272 4809 ποτε
1317 4756 1719 4826 γενησομένων,

122 4855 219 4907 καὶ
266 4855 385 4915 τοῖς
437 4851 629 4921 κέρασι
683 4850 780 4904 τοῦ
825 4849 1236 4920 θυσιαστηρίου,
1279 4848 1549 4911 τουτέστι,
1598 4849 1718 4911 ταῖς

120 4944 446 5013 ἑξεχούσαις
474 4941 587 4995 τῶν
613 4938 1002 5010 ὑπερκοσμίων
1028 4937 1323 5010 δυνάμεσιν
1352 4938 1578 5002 ἑαυτοὺς
1601 4937 1715 5008 (55)

195 5139 314 5208 (‘20)
369 5137 551 5193 Ἀλλὰ
577 5134 724 5208 τοῖς.
767 5136 835 5208 Α,
1000 5136 1137 5208 τοῖς,

195 5203 315 5278 (21)
355 5205 749 5275 Προσϐολαῖς.
785 5206 854 5270 Δ,
887 5204 931 5256 Β
957 5203 1276 5277 προϐολαῖς.

196 5280 314 5328 1‘22)
362 5279 479 5328 '00.
523 5277 567 5328 Β
601 5277 681 5328 ὃς.

196 5277 314 5338 1‘22)
362 5279 479 5338 Ὧς.
523 5277 567 5328 Β
601 5277 681 5338 ὃς.

196 5281 314 5347 (ᾗ)
362 5281 479 5342 Ὧς.
523 5281 567 5328 Β
601 5281 681 5338 ὃς.

195 5350 314 5418 (25)
359 5347 664 5418 Τοσαύτης
682 5341 796 5418 οὔχ·
818 5344 1032 5418 οὔσης.
1052 5343 1142 5418 Λᾶ
1172 5343 1287 5418 haec
1307 5339 1554 5418 Scholion
1579 5340 1710 5418 illud

123 5407 372 5485 legebam
404 5417 459 5469 in
491 5407 873 5485 calce—codicis
897 5413 940 5465 Α
961 5407 1126 5485 Ε’Ὅτι
1151 5411 1317 5485 τύπος
1338 5407 1407 5485 ἦν
1427 5411 1711 5485 καὶ-εἰκὼν

121 5481 222 5558 τῆς
245 5486 374 5550 νέας
403 5486 607 5558 ταύτης
633 5484 1018 5546 καταστάσεως
1045 5484 1079 5552 ὴ
1118 5481 1218 5550 τῆς
1255 5482 1314 5534 ὲν
1340 5481 1418 5552 τῷ
1449 5481 1562 5551 ναῷ
1590 5485 1706 5536 εἰσ-

121 5555 247 5610 όδου
277 5555 535 5625 διαφορά.

196 5627 315 5693 (9.4)
356 5621 485 5680 Ὅτι
523 5641 632 5688 τις.
669 5623 733 5683 Α,
833 5621 973 5690 ἥτις.

194 5692 312 5762 (25)
354 5694 564 5750 Εὶκών.
592 5695 636 5744 Α
663 5692 828 5744 είκών
852 5708 932 5743 τε.

197 5760 313 5840 (26)
353 5763 816 5834 ιιροτιμοτέρων.
844 5763 908 5827 Δ,
937 5760 977 5812 Β
1004 5761 1386 5832 προτιμότερα

1819 4587 2002 4642 natur,
2035 4577 2183 4630 nulla
2214 4578 2447 4647 amplius
2485 4577 2791 4634 diﬂ‘erentia
2845 4579 3061 4634 ratione
3119 4583 3397 4650 prmditam

1817 4676 2070 4722 naturam
2095 4682 2124 4720 a
2156 4669 2572 4738 participatione
2629 4675 2768 4740 aequi
2796 4671 2940 4740 juris
2993 4682 3155 4741 atque
3186 4688 3400 4726 eorum-

1816 4755 1939 4810 dcm
1973 4756 2239 4812 bonorum
2272 4758 2580 4826 dirimente,
2615 4762 2708 4816 sed
2745 4762 2812 4817 iis
2848 4763 2940 4833 qui
2973 4779 3119 4818 nunc
3174 4772 3398 4833 propter

1815 4846 2170 4902 vitiositatem
2203 4857 2358 4902 extra
2397 4859 2547 4916 sunt,
2599 4852 2821 4906 tandem
2892 4853 3192 4924 aliquando
3260 4855 3401 4909 intra

1815 4938 1983 5009 alyta
2013 4936 2212 4993 divinae
2239 4939 2600 4997 beatitudinis
2640 4941 2860 5009 futuris,
2884 4953 2934 5000 et
2970 4944 3232 5001 cornibus
3263 4947 3402 5000 alta-

1887 5133 2014 5221 (ΞἹ)
2038 5137 2597 5206 Προκαθαιρόμενοι.
2645 5141 2691 5192 Α
2723 5139 2779 5196 in
2824 5143 3077 5215 margine
3115 5147 3397 5221 προκαθη-

1815 5203 2070 5276 ράμενοι.

2037 5273 2310 5342 Προάγοι.
2341 5275 2382 5328 Β
2407 5277 2692 5346 προσάγοι.

1886 5342 2001 5459 (ἳθζ
2041 5342 2479 5410 Προτερεύουσῖ
2506 5342 2608 5400 τε(
2633 5349 2671 5400 Β
2696 5351 3089 5421 προτερεύουσι
3125 5353 3183 5408 δέ
3211 5371 3295 5410 τε.

1887 5413 1978 5459 (30
2042 5412 2426 5459 "smmis-tom-
2470 5415 2530 5459 Α,
2559 5417 3061 5459 Βπσηνὸὸηυιννιηῖοη

1887 5412 2000 5493 €29)
2038 5412 2426 5493 ἐζεριράξῖρίρ·
2467 5415 2532 5480 Αν
2559 5417 2597 5468 Β
2617 5412 3084 5493 περιβραθτηρίψο

1887 5481 2000 5552 (51)
2039 5482 2220 5552 Mergi.
2262 5483 2303 5535 Β
2340 5484 2500 5552 μέσα.

1885 5547 2000 5619 (52)
2039 5553 2120 5604 Δι’
2149 5547 2256 5606 ὧν.
2294 5547 2427 5606 Ιῖτὰ
2455 5555 2520 5607 δι’
2555 5547 2650 5610 ὧν.

2039 5622 2463 5704 {aena-01711017.
2504 5628 2589 5704 ᾼι
2611 5626 2652 5678 Β
2686 5631 3101 5704 σκηνοπαγηθῇ.

1883 5690 1997 5831 (δέ)
2047 5690 2457 5761 Ἐγγινομένψ
2499 5696 2542 5747 Α
2573 5690 2959 5773 ἐγγενομένη.’
2998 5700 3005 5705 ’
3049 5690 3060 5704 ⁸

1910 5762 1998 5831 55)
2050 5761 2349 5829 Ἑαυτοιῖς.
2395 5763 2433 5815 Β
2467 5765 2524 5819 ἐν
2560 5767 2790 5831 ἑαυτοῖς.

1910 5762 1998 5834 55)
2050 5761 2349 5829 Ἑαυτοιῖς.
2395 5763 2433 5815 Β
2467 5765 2524 5819 ἐν
2560 5761 2790 5833 ἑαυτοῖς.
