3844 6226
134 264 235 318 ιετ
291 248 297 253 ’

668 376 1062 434 ΚΕΦΛΛΑΙΟΝ
1104 377 1176 428 E'.

129 468 264 524 ὀτι
301 473 563 539 ὁμοίωμα
602 469 713 537 τῆς
757 471 919 534 θείας
946 468 1271 532 βασιλείας
1305 469 1336 519 ό
1375 466 1707 534 ἄνθρωπος.
1743 475 1790 531 Α

200 563 279 616 To
308 563 365 616 δὲ
405 562 548 616 θεῖον
584 561 781 624 κάλλος
806 561 866 614 οὐ
905 559 1142 631 σχήματί
1185 576 1322 621 τινι,
1369 559 1460 611 καὶ
1493 559 1706 628 μορφῆς

130 655 420 725 εὐμοιρίᾳ,
467 653 553 707 διά
594 669 740 714 τινος
789 652 1039 721 εύχροίας
1086 649 1433 718 ἀγλαΐζεται,
1486 649 1598 701 ἀλλ’
1653 651 1710 700 ὲν

99 808 102 810 γ
129 744 204 809 dav
214 743 398 813 ρὰστῳ
423 741 784 812 μακαριότητι
811 743 928 793 κατ’
947 739 1146 811 ἀρετὴν
1162 739 1464 810 θεωρεῖται.
1500 739 1709 808 Ὥσπερ

129 833 314 883 τοίνυν
339 834 441 895 τὰς
470 831 816 902 ἀνθρωπίνας
848 831 1060 900 μορφὰς
1087 829 1175 883 διά
1203 830 1510 902 χρωμάτων
1546 829 1709 882 τινῶν

130 921 224 973 ἐπὶ
257 925 386 985 τοὺς
433 923 666 984 πίνακας
690 923 740 974 οἱ
770 924 1001 993 γραφεῖς
1053 921 1453 992 μεταφέρουσι,
1481 919 1579 983 τὰς
1633 922 1712 972 οἰ-

131 1012 287 1075 κείας
320 1030 376 1064 τε
415 1013 507 1066 καὶ
551 1013 918 1084 καταλλήλους
971 1012 1148 1082 βαφὰς
1195 1011 1587 1080 ἀπαλείφοντες
1632 1010 1709 1080 τῷ

133 1105 450 1173 μιμήματι,
474 1104 549 1166 ὼς
579 1105 644 1156 ἂν
673 1103 741 1156 δι’
780 1103 1064 1174 ἀκριϐείας
1092 1103 1153 1154 τὸ
1181 1102 1484 1172 ἀρχέτυπον
1516 1101 1710 1164 κάλλος

131 1195 485 1265 μετενεχθεὶη
514 1195 650 1265 πρὸς
671 1195 732 1247 τὸ
754 1195 1004 1264 ὁμοίωμα
1031 1211 1045 1225 ·
1069 1194 1211 1248 οῦτω
1244 1211 1332 1266 μοι
1359 1194 1468 1248 νόει
1498 1194 1592 1248 καὶ
1619 1193 1710 1245 τὸν

128 1289 401 1357 ἡμέτερον
435 1289 700 1358 πλάστην,
735 1285 846 1341 οἷόν
874 1306 983 1340 τισι
1014 1287 1210 1357 βαφαῖς
1242 1289 1308 1357 τῇ
1352 1287 1460 1340 τῶν
1504 1286 1712 1356 ἀρετῶν

127 1379 357 1450 ἐπιϐολῇ
376 1380 508 1449 πρὸς
526 1380 583 1432 τὸ
606 1381 735 1433 ίδιον
751 1379 944 1442 κάλλος
956 1379 1052 1449 τὴν
1067 1379 1250 1431 εἰκόνα
1269 1376 1711 1450 περιανθίσαντα,

125 1471 184 1520 ὲν
213 1473 350 1539 ἡμῖν
371 1470 540 1534 δεῖξαι
574 1471 670 1540 τὴν
699 1470 834 1523 ἰδίαν
868 1470 1063 1540 ἀρχήν.
1095 1470 1354 1539 Πολυειδῆ
1382 1470 1437 1522 δὲ
1463 1470 1557 1525 καὶ
1592 1485 1712 1520 ποι-

127 1566 256 1618 κίλα
281 1566 354 1617 τὰ
371 1567 535 1618 οἱονεὶ
557 1565 824 1637 χρώματα
844 1567 944 1634 τῆς
973 1563 1199 1627 εἰκόνος,
1225 1563 1291 1618 δι’
1319 1559 1396 1617 ὧν
1420 1565 1453 1632 ἡ
1483 1563 1710 1634 ἀληθινὴ

125 1655 617 1725 ἀναζωγραφείται
650 1657 832 1728 μορφὴ
856 1697 870 1718 ,
904 1659 1004 1709 οὐκ
1028 1655 1314 1728 ὲρύθρημα
1345 1656 1438 1717 καὶ
1468 1654 1714 1726 λαμπρό-

123 1763 248 1816 της,
272 1747 368 1800 καὶ
395 1749 429 1817 ή
460 1749 588 1801 ποιά
608 1748 812 1800 τούτων
834 1748 971 1818 πρὸς
995 1746 1195 1820 ἄλληλα
1228 1745 1393 1816 μίξις,
1423 1745 1542 1799 ούδέ
1567 1763 1712 1809 τινος

127 1838 364 1907 μέλανος
391 1839 683 1910 ὑπογραφὴ
723 1838 898 1910 ὀφρύν
931 1856 991 1892 τε
1027 1839 1121 1897 καὶ
1150 1839 1463 1909 ὀφθαλμοὺς
1494 1839 1716 1894 ὑπαλεί-

126 1946 329 1996 φουσα,
357 1931 452 1984 καὶ
480 1931 622 1984 κατά
651 1947 774 1983 τινα
808 1932 1003 2002 κρᾶσιν
1034 1931 1102 1983 τὰ
1135 1931 1287 1987 κοῖλα
1312 1930 1406 1984 τοῦ
1433 1931 1714 2002 χαρακτῆ-

130 2037 223 2090 ρος
247 2020 675 2084 ύποσκιάζουσα,
705 2021 798 2072 καὶ
823 2021 924 2075 ὅσα
952 2019 1178 2074 τοιαῦτα
1204 2021 1510 2091 ζωγράφων
1531 2024 1712 2092 χεῖρες

127 2113 564 2183 ἑκετεχνήσαντο
586 2129 598 2143 ⁸
648 2112 762 2164 ἀλλ’
789 2113 909 2166 ἀντὶ
941 2111 1149 2167 τούτων
1186 2112 1494 2183 καθαρότης
1519 2155 1533 2177 ,
1563 2113 1712 2165 ἀπαε-

129 2203 289 2265 θεια,
329 2205 700 2276 μακαριότης,
741 2204 912 2258 κακοῦ
950 2204 1152 2268 παντὸς
1192 2202 1568 2275 ἀλλοτρίωσις,
1617 2205 1711 2256 καὶ

127 2297 228 2349 ὅσα
254 2297 349 2349 τοῦ
377 2297 620 2350 τοιούτου
661 2298 852 2366 γένους
879 2297 1018 2360 ἐστὶ,
1053 2297 1120 2354 δι’
1163 2289 1239 2350 ὧν
1272 2297 1569 2367 μορφοῦται
1598 2300 1711 2361 τοῖς

126 2386 439 2456 ἀνθρώποις
466 2389 499 2458 ἡ
521 2389 658 2459 πρὸς
680 2388 740 2441 τὸ
764 2387 920 2442 Θεῖον
947 2389 1224 2458 ὁμοίωσις,
1253 2388 1528 2451 Τοιούτοις
1555 2388 1712 2442 ἄνθε-

129 2491 216 2528 σιν
243 2479 271 2528 ό
299 2477 632 2548 δημιουργὸς
656 2479 754 2548 τῆς
781 2478 918 2541 ἰδίας
965 2479 1173 2542 εἰκόνος
1193 2479 1293 2550 τὴν
1319 2480 1601 2550 ἡμετέραν
1628 2479 1709 2531 δι-

125 2567 364 2637 εχάραξε
394 2568 578 2636 φύσιν.
620 2569 684 2621 Et
720 2569 777 2626 δὲ
809 2570 902 2622 καὶ
926 2571 993 2623 τὰ
1028 2570 1164 2624 ἄλλα
1201 2569 1610 2635 συνεξετάζοις,
1642 2570 1711 2624 δι’

123 2651 204 2711 ὧν
243 2659 307 2711 τὸ
347 2658 493 2712 θεῖον
535 2658 731 2722 κάλλος
765 2659 1267 2731 χαρακτηρίζεται’
1315 2661 1568 2731 εὑρήσεις
1619 2661 1712 2717 καὶ

123 2750 266 2820 πρὸς
287 2753 470 2804 ἐκεῖνα
493 2752 561 2804 δι’
589 2751 874 2822 ἀκριϐείας
909 2751 1223 2823 σωζομένην
1241 2755 1298 2808 ἐν
1323 2754 1389 2821 τῇ
1412 2751 1534 2804 καθ’
1564 2752 1711 2822 ἡμᾶς

119 2841 296 2895 εικόνι
316 2842 418 2911 τὴν
441 2841 754 2912 ὁμοιότητα.
781 2840 920 2905 Νοῦς
947 2843 1040 2896 καὶ
1067 2842 1228 2910 λόγος
1255 2841 1514 2913 ήθειότης
1541 2841 1709 2893 ἐστίν·

118 2936 184 2990 ὲν
229 2936 375 3005 ἀρχῇ
409 2951 468 2987 τε
502 2932 612 3005 γὰρ
637 2929 707 3005 ἦν
739 2935 768 2986 ὁ
799 2936 991 3002 Λόγος.
1023 2935 1133 2988 Καὶ
1169 2936 1218 2987 οἱ
1261 2935 1536 3006 προφῆται
1573 2933 1711 2987 κατά

121 3025 343 3079 Παῦλον
366 3025 495 3079 νοῦν
517 3024 757 3097 Χριστοῦ
781 3024 982 3094 ἔχουσι,
1014 3025 1105 3078 τὸν
1134 3025 1194 3076 ὲν
1221 3025 1403 3086 αὐτοῖς
1427 3023 1708 3079 λαλοῦντα.

116 3115 204 3170 Οὐ
255 3116 447 3188 πόρρω
485 3115 691 3170 τούτων
744 3117 836 3168 καὶ
881 3114 944 3169 τὸ
995 3114 1357 3186 ἀνθρώπινον.
1426 3116 1590 3185 Ὁρᾷς
1652 3117 1710 3167 ὲν

120 3207 346 3276 σεαυτῷ
370 3206 576 3263 καὶτὸν
605 3206 787 3274 λόγον,
830 3207 923 3260 καὶ
947 3206 1207 3268 διάνοιαν,
1243 3208 1468 3278 μίμημα
1495 3206 1590 3260 τοῦ
1624 3206 1711 3260 ὅν-

116 3315 238 3362 τως
283 3299 377 3352 νοῦ
422 3316 482 3351 τε
527 3299 622 3352 καὶ
674 3299 854 3367 λόγου.
903 3299 1116 3370 ’Λγάπη
1152 3299 1313 3359 πάλιν
1352 3301 1380 3353 ό
1408 3297 1542 3362 Θεὸς
1563 3339 1578 3363 ,
1616 3300 1712 3352 καὶ

118 3389 352 3458 ἀγάπης
393 3390 568 3459 πηγή.
598 3389 768 3442 Τοῦτο
783 3388 902 3459 ξγάρ
951 3406 1114 3460 φησιν
1159 3389 1412 3459 Ἰωάννης
1444 3391 1472 3443 ὁ
1514 3390 1708 3460 μέγας,

118 3479 211 3531 ὃτι
234 3498 251 3529 ι
272 3479 491 3549 Ἀγάπη
508 3483 572 3533 ἐκ
587 3478 680 3532 τοῦ
696 3479 829 3532 Θεοῦ
845 3497 858 3510 ο
884 3501 901 3531 ι
927 3480 1040 3542 καὶ,
1062 3500 1080 3531 ‹
1103 3481 1162 3533 'U
1180 3481 1309 3536 Θεὸς
1329 3480 1516 3551 ἀγάπη
1530 3482 1645 3534 ἐστί
1660 3497 1671 3509 ·
1689 3501 1708 3533 ι

119 3570 288 3623 τοῦτο
307 3571 408 3623 καὶ
431 3572 696 3642 ἡμέτερον
717 3573 1008 3642 πεποίηται
1029 3573 1319 3642 πρόσωπον
1334 3575 1364 3626 ὁ
1383 3574 1480 3644 τῆς
1502 3572 1715 3641 φύσεως

121 3661 400 3732 πλάστης.
429 3683 448 3714 ι
471 3664 559 3721 Ἐν
575 3663 749 3733 τούτῳ
769 3685 785 3715 ι
808 3665 936 3734 γὰρ,
959 3665 1111 3735 φησι,
1133 3682 1150 3714 ι
1173 3662 1469 3732 γνώσονται
1493 3665 1712 3729 πάντες,

119 3754 210 3807 ὅτι
243 3754 482 3824 μαθηταί
515 3772 617 3824 μου
649 3756 794 3817 ἐστὲ,
830 3757 926 3812 ἐὰν
955 3757 1204 3824 ἀγαπᾶτε
1235 3755 1517 3825 ἀλλήλους.
1539 3775 1561 3807 ι
1617 3758 1716 3811 Οὐ·

121 3843 263 3897 κοῦν
296 3844 373 3915 μὴ
406 3845 687 3919 παρούσης
717 3844 941 3914 ταύτης,
973 3843 1116 3906 ἄπας
1149 3847 1177 3898 ὁ
1209 3843 1494 3914 χαρακτὴρ
1514 3845 1614 3914 τῆς
1637 3845 1715 3896 εί·-

122 3937 288 3999 κόνος
331 3937 784 4008 μεταπεποίηται.
829 3937 1014 3996 Πάντα
1059 3936 1377 4002 ὲπιϐλέπει,
1411 3937 1506 3989 καὶ
1535 3934 1712 3989 πάντα

122 4027 394 4082 ἐπακούει
418 4029 480 4081 τὸ
507 4029 680 4092 Θεῖον,
703 4031 800 4085 καὶ
823 4030 1000 4084 πάντα
1014 4030 1374 4100 διερευνᾶται.
1401 4029 1587 4099 Ἔχεις
1616 4029 1713 4081 καὶ

127 4121 199 4174 σὺ
233 4122 337 4192 τὴν
364 4122 433 4174 δι’
486 4121 660 4192 ὅψεως
699 4124 792 4176 καὶ
821 4123 993 4193 ἀκοῆς
1035 4123 1142 4175 τῶν
1184 4121 1353 4175 ὄντων
1385 4119 1670 4192 ἀντίληψιν
1693 4160 1708 4184 ,

125 4213 230 4266 καὶ
262 4214 367 4282 τὴν
405 4211 704 4284 ζητητικῦν
735 4231 792 4267 τε
833 4215 927 4270 καὶ
964 4213 1372 4286 διερευνητικὴν
1403 4213 1510 4265 τῶν
1541 4213 1710 4271 ὄντων

124 4322 398 4364 οιανοιαν.

1405 252 1494 307 DE
1539 249 1826 307 IIOMINIS
1874 250 2180 308 OPIFICIO.

1738 3073 1788 3140 ϐ

3288 247 3386 308 ιω

2437 371 2664 427 CAPUT
2699 371 2761 425 ν.

1951 464 2231 518 Hominem
2263 463 2429 517 divini
2465 464 2670 532 imperii
2699 463 2978 535 imaginem
3005 461 3268 520 exhibere.

1889 556 2157 609 Caeterum
2189 555 2539 624 pulchritudo
2563 555 2662 610 illa
2699 556 2902 618 divina,
2940 569 3045 610 non
3075 555 3180 610 ulla
3212 554 3386 610 forma

1821 648 1903 703 vel
1949 647 2147 703 eximia
2197 655 2481 701 venustate
2530 653 2754 703 externa
2809 646 3134 715 resplendet,
3190 646 3285 701 sed
3331 647 3386 700 in

1820 736 2076 792 beatitate
2133 736 2432 792 secundum
2483 736 2737 791 virtutem
2795 735 3056 792 ineffabili
3110 737 3384 791 consistit.

1820 825 2028 881 Idcirco
2070 825 2526 896 quemadmodum
2559 826 2796 895 pictores
2825 825 3104 880 coloribus
3153 825 3378 895 quibus-

1821 919 1946 972 dam
1981 919 2182 988 figuras
2214 919 2484 975 humanas
2517 918 2571 971 in
2611 918 2809 972 tabulis
2837 918 3169 988 exprimunt,
3211 917 3390 976 omni-

1820 1025 1927 1077 qne
1958 1010 2137 1064 studio
2159 1010 2372 1064 colores
2397 1009 2652 1079 proprios
2679 1019 2736 1064 et
2769 1010 3160 1067 convenientes
3188 1008 3389 1066 addere

1823 1101 2050 1170 picturae
2102 1114 2215 1155 suae
2271 1111 2562 1164 conantur.
2617 1109 2676 1154 ut
2727 1101 3186 1170 pulchritudinem
3245 1097 3386 1168 ejus,

1819 1189 1964 1259 quod
1988 1191 2320 1260 exprimunt,
2351 1191 2697 1260 exemplaris,
2724 1198 2977 1244 accurate
3008 1190 3060 1242 in
3095 1189 3386 1257 imaginem

1819 1283 1993 1352 ipsam
2027 1281 2362 1337 transferant
2393 1301 2405 1335 :
2457 1282 2536 1335 sic
2567 1291 2810 1337 nostrum
2841 1282 3002 1337 etiam
3051 1281 3386 1340 conditorem

1818 1376 2180 1442 existimabis,
2233 1376 2507 1431 indentem
2550 1377 2776 1430 virtutes
2804 1374 3001 1429 animis
3036 1373 3260 1433 nostris.
3295 1371 3390 1424 iis-

1818 1468 1941 1522 dem
1986 1469 2151 1522 veluti
2185 1469 2461 1524 coloribus
2497 1469 2784 1539 imaginem
2835 1481 2988 1521 suam
3023 1465 3090 1524 ad
3126 1464 3390 1525 similitu-

1819 1561 2002 1615 dinem
2041 1562 2275 1632 propriaz
2323 1561 2744 1631 pulchritudinis
2791 1574 3040 1624 ornasse,
3085 1568 3146 1618 ut
3181 1557 3387 1629 princi-

1819 1662 1979 1724 patus
2010 1656 2095 1710 sui
2127 1656 2307 1725 imago
2331 1655 2385 1710 in
2414 1657 2570 1710 nobis
2594 1656 3015 1726 perspiceretur.
3041 1651 3183 1710 Sunt
3208 1659 3388 1708 autem

1817 1746 2146 1816 multiplices
2192 1762 2256 1802 ac
2294 1747 2429 1802 varii
2471 1748 2636 1816 hujus
2685 1746 2935 1818 imaginis
2985 1747 3218 1808 colores,
3262 1745 3388 1816 qui-

1814 1835 1919 1890 bus
1964 1838 2146 1892 nativa
2178 1837 2271 1892 Dei
2322 1839 2494 1893 forma
2523 1839 2588 1894 ad
2621 1839 2800 1894 vivum
2853 1839 3180 1909 exprimitur
3213 1856 3226 1892 :
3277 1852 3389 1892 non

1814 1925 1892 1979 illi
1933 1927 2150 1996 quidem
2189 1929 2272 1983 vel
2329 1929 2517 1992 rubor,
2559 1929 2643 1983 vel
2696 1929 2972 1998 splendor,
3006 1929 3090 1983 vel
3124 1930 3266 1987 facta
3297 1942 3387 1984 se-

1811 2017 2050 2072 cundum
2098 2019 2424 2087 qualitatum
2459 2021 2861 2089 proportionem
2909 2019 3103 2074 horum
3157 2019 3298 2077 inter
3329 2032 3390 2074 se

1811 2107 2144 2168 commistio,
2176 2108 2259 2161 vel
2292 2110 2581 2166 atramenti
2615 2109 2681 2164 ad
2722 2109 2905 2164 fucum
2940 2109 3251 2179 usurpatio,
3279 2123 3389 2179 qua

1810 2199 2100 2268 supercilia
2141 2199 2355 2257 oculive
2402 2201 2772 2265 sublinantur,
2813 2217 2878 2257 ac
2915 2201 3153 2272 quodam
3185 2209 3389 2270 tempe-

1811 2299 2062 2345 ramento
2087 2299 2271 2362 partes
2297 2292 2570 2363 depressae
2598 2294 2906 2348 sublustres
2942 2293 3260 2358 reddantur,
3303 2292 3388 2353 vel

1810 2383 1857 2439 si
1887 2383 2017 2454 quid
2047 2391 2133 2439 est
2161 2384 2478 2454 hujusmodi
2511 2387 2655 2457 quod
2691 2387 2960 2442 artiﬁcum
2995 2386 3266 2446 industria
3297 2403 3387 2442 re-

1812 2476 1953 2544 perit
1984 2492 1995 2523 :
2039 2476 2133 2533 sed
2159 2478 2399 2546 puritas,
2437 2479 2754 2533 immunitas
2781 2494 2812 2533 a
2857 2479 3386 2549 perturbationibus,

1811 2565 2113 2630 beatitudo,
2161 2569 2404 2623 conditio
2438 2571 2564 2624 mali
2608 2571 2787 2628 omnis
2819 2585 3035 2642 expers,
3069 2579 3124 2628 et
3156 2572 3241 2630 his
3284 2572 3390 2630 alia

1816 2659 2145 2725 consimilia,
2209 2675 2333 2730 quae
2385 2660 2660 2716 hominem
2733 2661 2838 2717 Deo
2889 2677 3073 2730 parem
3125 2663 3388 2726 cilicium.

1815 2749 2098 2818 Ejusmodi
2153 2751 2382 2806 floribus
2432 2751 2711 2806 hominum
2767 2764 3018 2816 naturam
3060 2755 3258 2812 artifex
3299 2756 3391 2816 ille
3496 2809 3506 2821 ,

1816 2840 2049 2909 propria:
2076 2840 2329 2912 imaginis
2360 2843 2600 2897 ornavit.
2631 2844 2788 2910 Quod
2823 2845 2870 2900 si
2895 2854 2950 2903 et
2982 2845 3086 2899 alia
3109 2846 3239 2907 libet
3266 2861 3392 2918 per.

1814 2931 2056 2999 quirere,
2086 2933 2288 3002 quibus
2315 2933 2496 2988 divina
2524 2935 2872 3004 pulchritudo
2905 2935 3270 3008 exprimitur:
3306 2936 3392 2991 inv

1818 3021 2027 3091 telliges
2083 3021 2247 3076 etiam
2297 3021 2388 3076 illa
2432 3023 2580 3094 quod
2619 3026 2833 3093 attinet,
2885 3025 3296 3087 Similitudinem
3335 3027 3390 3090 in

1817 3113 2056 3184 imagine
2089 3121 2279 3168 nostra
2307 3125 2562 3171 accurate
2587 3126 2858 3178 servatam
2905 3133 3046 3179 esse.
3096 3119 3156 3180 In
3198 3128 3391 3182 natura

1817 3205 2000 3258 divina
2026 3211 2110 3260 est
2141 3220 2296 3260 mens
2322 3215 2376 3260 et
2406 3222 2606 3264 sermo.
2635 3208 2731 3270 Est
2751 3209 2894 3262 enim
2928 3211 3103 3271 sacris
3137 3211 3190 3264 in
3219 3209 3394 3267 Litte-

1818 3296 1895 3351 ris
1925 3296 2224 3365 proditum,
2253 3297 2409 3351 initio
2441 3314 2618 3352 rerum
2645 3301 2961 3358 Sermonem
2988 3303 3100 3372 jam
3131 3303 3301 3361 fuisse
3324 3305 3390 3366 δ’.

1816 3379 2023 3443 Paulus
2055 3389 2218 3443 etiam
2251 3398 2404 3452 vates
2427 3389 2631 3446 Christi
2657 3399 2890 3447 mentem
2925 3394 3182 3456 habuisse
3206 3395 3389 3459 tradit,

1821 3495 1917 3550 per
1949 3495 2045 3535 eos
2093 3480 2405 3550 loquentem
2431 3481 2495 3541 ⁸⁸.
2530 3481 2970 3544 Consentaneum
3017 3485 3104 3540 his
3133 3485 3393 3562 quiddam

1818 3579 1903 3627 est
1931 3572 1984 3625 in
2015 3571 2256 3628 homine.
2303 3572 2438 3628 Nam
2470 3574 2526 3628 in
2571 3575 2749 3645 teipso
2781 3576 3174 3643 animadvertis
3198 3589 3252 3634 et
3276 3594 3394 3641 ser-

1819 3679 2036 3718 monem
2068 3679 2212 3729 esse,
2252 3673 2307 3718 et
2343 3666 2450 3719 vim
2498 3665 2910 3738 intelligentcm,
2934 3685 3054 3740 quae
3091 3679 3220 3726 sunt
3251 3687 3398 3730 vera:

1817 3753 1967 3808 illius
1991 3755 2190 3809 mentis
2219 3762 2273 3808 et
2296 3757 2567 3814 sermonis
2596 3757 2791 3825 imago.
2821 3758 2964 3822 Deus
2999 3761 3126 3822 item
3153 3761 3394 3825 charitas

1817 3853 1924 3910 est,
1960 3857 2016 3903 et
2055 3845 2177 3907 fons
2216 3847 2332 3918 ipse
2371 3849 2574 3904 amoris
2621 3853 2815 3914 mutui.
2863 3850 2954 3906 Sic
2987 3853 3130 3917 enim
3161 3869 3394 3927 magnus

1817 3937 1907 3993 ille
1934 3936 2174 3992 Joannes
2205 3940 2468 4008 loquitur,
2507 3955 2632 4002 cum
2661 3943 2736 3996 ait
2763 3958 2780 4002 _:
2825 3962 2843 3995 ι
2865 3942 2943 3998 Ex
2975 3944 3082 4004 Deo
3107 3953 3192 4001 cst
3213 3947 3394 4009 chari-

1815 4037 1920 4093 ωε,
1936 4049 1953 4081 ι
1977 4040 2051 4096 et,
2081 4050 2100 4082 ι
2125 4030 2266 4086 Deus
2289 4033 2402 4101 ipse
2419 4033 2557 4096 nihil
2583 4043 2666 4095 est
2684 4035 2830 4096 aliud
2852 4053 3012 4109 quam
3035 4040 3275 4104 charitas
3291 4042 3387 4101 “.9

1814 4121 1991 4183 Etiam
2024 4125 2165 4177 hanc
2199 4123 2362 4180 faciei
2393 4137 2593 4182 nostra?
2621 4137 2802 4187 notam
2835 4147 3016 4185 rerum
3045 4131 3270 4194 Creator
3301 4134 3396 4188 im-

1813 4216 2052 4284 pressit:
2101 4216 2287 4287 itaque
2323 4218 2543 4288 inquit:
2581 4237 2599 4270 ι
2634 4221 2715 4284 Ex
2758 4236 2823 4276 eo
2851 4222 3154 4295 intelligent
3181 4241 3392 4296 omnes,

1812 4320 1912 4360 vos
1965 4322 2118 4363 meos
2168 4323 2292 4364 esse
2337 4309 2657 4395 discipulos,
2719 4313 2766 4366 si
2819 4321 3010 4375 mutuo
3060 4331 3159 4372 vos
3209 4332 3396 4374 amore

126 4397 561 4467 complectimini
584 4398 650 4452 ”.
686 4419 704 4451 ι
750 4398 959 4455 Idcirco
985 4400 1030 4454 si
1060 4407 1285 4454 mutuus
1319 4397 1410 4452 hic
1438 4411 1593 4451 amor
1622 4396 1677 4452 in
1701 4397 1860 4453 nobis
1890 4397 2250 4462 desideretur,
2287 4403 2452 4458 totius
2484 4403 2736 4473 imaginis
2763 4413 2904 4466 notae
2935 4414 3155 4469 mutatae
3186 4409 3396 4470 scilicet

122 4497 319 4545 erunt.
349 4489 544 4545 Omnia
585 4493 830 4549 intuetur
853 4495 1096 4548 divinum
1141 4493 1376 4559 Numen,
1407 4493 1591 4547 omnia
1641 4492 1886 4558 exaudit,
1942 4493 2123 4546 omnia
2185 4505 2578 4563 perscrutatnr.
2631 4496 2806 4558 Etiam
2855 4507 2912 4554 tu
2945 4501 3065 4555 visu
3098 4501 3396 4574 audituque

127 4600 223 4640 res
251 4585 513 4656 percipis,
552 4595 606 4641 ct
637 4591 836 4644 mentis
864 4589 1221 4659 intelligentia
1255 4589 1510 4646 universa
1541 4586 1774 4657 inquiris
1801 4596 1854 4642 et
1880 4590 2262 4658 perscrutaris.

664 4681 1058 4735 ΚΕΦΑΛΑΙΟΝ
1086 4684 1176 4748 ς’.

2438 4681 2668 4742 CAPUT
2703 4682 2792 4740 Ἣ.

143 4770 465 4846 Ἔξέτασις
492 4771 604 4846 τῇς
646 4772 753 4846 τοῦ
782 4772 893 4826 νοῦ
922 4773 1087 4846 Δξτρός
1120 4772 1246 4846 Δτὴζ*
1291 4773 1480 4846 φύσιν
1513 4787 1711 4846 συηέε-

1821 4767 2163 4846 Cognotionis
2207 4787 2325 4846 qua;
2362 4773 2526 4846 menti
2556 4789 2672 4833 cum
2704 4783 2902 4828 natura
2944 4783 3044 4840 est.
3083 4775 3393 4846 indagatio;

201 4843 391 4913 νείας,
421 4843 492 4894 ἐν
504 4836 560 4908 ᾧ
573 4836 671 4895 καὶ
691 4843 759 4895 ἐκ
775 4836 1040 4911 παρόδου
1064 4836 1136 4894 τὸ
1167 4836 1620 4913 τώγ’Ἇνομοίωκ
1637 4836 1673 4898 δ
1677 4863 1721 4897 ι-

199 4912 512 4984 ελέγχεται
539 4913 747 4984 δόγμα.

204 5003 313 5054 Καί
349 5019 416 5070 με
455 5002 642 5070 μηδεὶς
667 5003 861 5056 οἰέσθω
903 5002 1027 5057 καθ’
1053 5003 1352 5073 ὁμοιότητα
1382 5003 1482 5071 τῆς
1504 5000 1715 5071 ἀνθρω-

134 5093 298 5162 πίνης
321 5091 406 5145 ὲνε
417 5093 603 5163 ργείας
620 5095 678 5146 ἐν
695 5083 973 5164 διαφόροις
997 5093 1257 5163 δυνάμεσι
1280 5093 1340 5146 τὸ
1366 5093 1519 5145 Θεῖον
1539 5091 1717 5160 λέγειν

133 5184 244 5235 τῶν
272 5184 448 5236 ὄντων
482 5185 836 5252 ἐφάπτεσθαι.
874 5185 948 5237 Οὐ
982 5184 1092 5255 γάρ
1129 5186 1246 5237 ἐστι
1301 5181 1524 5235 δυνατὸν
1557 5184 1616 5234 ἐν
1643 5183 1710 5252 τῇ

134 5275 401 5344 ἁπλότητι
429 5276 529 5345 τῆς
553 5275 836 5348 θειότητος
863 5277 926 5329 τὸ
954 5275 1196 5328 ποικίλον
1224 5292 1283 5327 τε
1315 5275 1408 5327 καὶ
1437 5271 1710 5336 πολυειδὲς

134 5363 232 5432 τῆς
279 5365 679 5435 ἀντιληπτικῆς
730 5367 1008 5435 ἐνεργείας
1042 5366 1391 5436 κατανοῆσαι.
1423 5363 1560 5418 Οὐδὲ
1602 5364 1711 5434 γὰρ

134 5456 266 5523 ἡμῖν
316 5455 510 5509 πολλαί
552 5456 696 5519 τινές
730 5459 868 5509 εἰσιν
896 5459 952 5510 αἱ
999 5457 1386 5526 ἀντιληπτικαὶ
1419 5457 1527 5509 τῶν
1573 5473 1715 5526 πραο

133 5543 362 5613 γμάτων
388 5545 666 5614 δυνάμεις,
703 5547 752 5602 εί
777 5546 870 5599 καὶ
894 5547 1245 5617 πολυτρόπως
1269 5545 1356 5599 διά
1385 5546 1493 5599 τῶν
1521 5545 1713 5615 αἰσθή-

213 5681 257 5710 “
286 5679 453 5734 Jonn.
482 5695 520 5745 ι,
560 5682 611 5734 1.
697 5682 743 5713 ⁸³
777 5681 793 5735 1
829 5682 956 5736 Cor.
989 5699 1088 5746 vn,
1118 5683 1218 5748 £0;
1258 5683 1302 5737 ll
1329 5683 1456 5738 Cor.
1496 5697 1615 5753 nn,
1649 5682 1702 5736 5.

381 5782 648 5844 Panum.
697 5780 818 5843 Gl.
865 5777 1079 5842 XLIV.

1803 5683 1847 5714 “
1895 5682 1912 5738 Ι
1950 5681 2107 5742 Joan.
2145 5700 2216 5747 tv,
2259 5684 2307 5752 7,
2345 5685 2395 5742 8.

1892 4841 1982 4915 ubi
2009 4841 2174 4915 obiter
2213 4851 2262 4915 et
2306 4842 2691 4908 hereticorum,
2735 4848 2824 4914 qui
2852 4846 3090 4905 Anomwi
3119 4841 3390 4915 dicuntur,

1889 4909 2135 4964 doctrina
2165 4912 2450 4979 refutatur.

1889 4998 2061 5056 Nemo
2088 5009 2268 5055 autem
2303 5002 2581 5058 existimet
2621 5003 2692 5057 ita
2719 5020 2804 5059 me
2836 5005 3004 5075 loqui,
3035 5007 3190 5077 quasi
3220 5007 3391 5070 Deum

1820 5099 2054 5146 statuam
2087 5093 2169 5148 sic
2219 5106 2399 5164 agere,
2431 5102 2488 5147 ut
2545 5095 2822 5152 hominem
2871 5097 3118 5153 videmus
3160 5097 3392 5156 diversis

1820 5184 2171 5238 facultatibus
2241 5185 2297 5238 in
2359 5186 2572 5256 agendo
2627 5188 2727 5242 uti.
2790 5186 2908 5243 Non
2962 5189 3106 5243 enim
3173 5189 3256 5244 fas
3307 5199 3396 5248 est

1819 5273 1886 5326 de
1941 5271 2090 5336 Deo,
2150 5273 2310 5342 cujus
2359 5283 2445 5328 est
2508 5285 2702 5330 natura
2768 5279 2991 5348 simplex
3027 5317 3042 5341 ,
3115 5278 3391 5349 cogitare:

1820 5364 1977 5432 quasi
2034 5363 2186 5416 varia
2237 5363 2636 5434 multiplicique
2659 5365 2917 5422 facultate
2943 5369 3200 5438 przeditus
3231 5385 3397 5440 agem-

1821 5456 1874 5509 di
1931 5455 2020 5509 sit.
2076 5453 2209 5508 Nam
2270 5456 2316 5510 si
2371 5456 2425 5510 in
2453 5458 2610 5513 nobis
2654 5458 2873 5530 quidem
2922 5460 3105 5514 multae
3144 5467 3272 5516 sunt
3315 5459 3398 5519 fa»

1821 5547 2056 5602 cultates
2092 5563 2192 5618 per
2233 5564 2370 5618 quas
2408 5549 2654 5620 agimus,
2719 5552 2934 5607 etiamsi
2985 5551 3216 5608 diversis
3273 5567 3396 5615 me»

2491 5686 2536 5718 “
2564 5684 2717 5748 Joau.
2756 5703 2877 5752 xm,
2914 5687 3001 5741 35.

3109 5782 3149 5849 ὕ
