3844 6226
411 270 517 327 139

1660 265 1720 326 s.
1761 250 2095 325 causam:
2128 269 2421 329 mesen:

3582 277 3684 332 MO

409 387 497 442 dis
547 397 643 456 per
697 397 893 440 sensus
951 385 1138 438 omnia
1189 381 1546 454 suscipimus.
1595 381 1693 438 Est
1734 382 1884 438 enim
1931 381 1980 436 in

2096 400 2235 438 σεων
2265 385 2374 441 τῶν
2401 384 2546 440 κατὰ
2574 385 2721 459 ζωὴν
2748 385 3141 458 ἐφαπτώμεθα.
3170 387 3285 443 Μία
3313 388 3426 461 γάρ
3447 389 3534 455 τίς
3564 391 3680 445 ἐστι

409 478 571 536 nobis
597 491 707 532 una
735 474 982 548 quaedam
1009 475 1094 530 vis
1130 489 1196 530 ac
1228 473 1484 537 facultas.
1521 474 1785 530 nimirum
1808 476 1988 539 ulcus,

408 584 532 642 qua-
553 569 799 639 singulas
852 581 1114 622 sensuum
1161 565 1320 622 sedes
1353 564 1684 636 permeando
1731 568 1989 621 universa

399 661 600 720 'cflicit.
633 660 759 717 Haec
791 659 968 716 oculis
1010 659 1273 731 quidquid
1327 659 1577 724 od’ertur,
1625 658 1815 714 videt:
1873 658 1990 712 haec

409 753 677 828 quidquid
714 752 939 819 dicitur,
979 752 1196 806 aurium
1228 766 1331 822 ope
1376 751 1628 822 percipit.
1691 749 1817 805 Haec
1867 751 1990 820 quae

409 854 560 917 grata
598 854 726 901 sunt
770 843 1136 913 amplectitur,
1192 843 1405 912 ingrata
1468 855 1599 896 vero
1657 845 1984 907 aversatur;

408 937 524 992 haec
566 951 728 990 manu
773 935 1023 989 ministra
1074 946 1458 1004 quamcunque
1510 933 1576 987 ad
1643 947 1760 988 rem
1807 931 1985 989 visum

407 1027 592 1092 fuerit,
622 1027 813 1091 utitur,
840 1025 1086 1096 ejusdem
1118 1033 1179 1078 ut
1217 1023 1567 1078 instrumenti
1613 1035 1717 1094 ope
1763 1029 1851 1079 res
1900 1022 1984 1080 Vel

405 1120 672 1184 continet,
699 1119 784 1174 vel
819 1116 1015 1187 reiicit,
1042 1126 1198 1187 prout
1225 1132 1292 1170 ex
1314 1130 1417 1170 usu
1447 1114 1563 1170 fore
1589 1117 1800 1170 statuit.
1823 1115 1981 1182 Quod

408 1212 455 1266 si
486 1211 654 1282 igitur
698 1210 754 1266 in
804 1211 1023 1265 homine
1063 1224 1232 1263 unum
1275 1208 1536 1279 quiddam
1583 1219 1669 1263 est
1707 1213 1762 1263 et
1814 1208 1982 1273 idem,

403 1303 551 1376 quod
590 1317 685 1371 per
727 1302 910 1356 omnia
940 1302 992 1355 vi
1029 1300 1392 1370 facultateque
1428 1315 1527 1356 sua
1564 1299 1675 1370 agit
1706 1314 1770 1353 ac
1801 1314 1987 1354 move-

405 1403 518 1458 tur,
556 1403 610 1450 et
630 1393 874 1450 vicissim
901 1406 1048 1448 nunc
1098 1391 1204 1446 hoc
1243 1406 1390 1445 nunc
1443 1390 1537 1444 illo
1587 1405 1753 1446 sensu
1787 1390 1983 1454 utitur,

406 1489 660 1560 quodque
688 1486 760 1541 ob
787 1483 977 1556 agendi
1005 1484 1326 1540 varietatem
1365 1488 1622 1538 naturam
1672 1497 1830 1538 suam
1874 1498 1982 1537 non

404 1589 602 1646 mutat,
633 1589 912 1648 utcunque
933 1591 1195 1632 sensuum
1220 1575 1591 1632 instrumenta
1609 1573 1828 1632 diversa
1873 1575 1985 1630 sint

403 1692 434 1731 a
463 1681 660 1731 natura
693 1671 914 1729 condita
945 1687 960 1726 :
985 1684 1096 1742 quo
1114 1676 1276 1741 pacto
1299 1668 1425 1740 quis
1451 1668 1588 1726 adeo
1605 1668 1834 1724 demens
1860 1683 1984 1724 esse

2092 475 2342 548 δύναμις,
2373 477 2534 543 αὐτὸς
2566 482 2595 533 ό
2622 479 2940 550 ἐγκείμενος
2972 479 3118 545 νοῦς,
3147 481 3176 534 ό
3202 480 3271 535 δι’
3305 481 3548 536 ἑκάστου
3569 484 3680 537 τῶν

2092 571 2464 644 αἰσθητηρίων
2483 572 2717 637 διεξιὼν,
2743 573 2837 626 καὶ
2855 573 2964 626 τῶν
2989 572 3160 627 όντων
3193 573 3680 647 ἐπιδρασσόμενοςι

2097 659 2268 728 Οὗτος
2297 663 2496 736 θεωρεῖ
2532 665 2619 718 διὰ
2647 664 2755 720 τῶν
2786 663 3083 736 ὀφθαλμῶν
3108 664 3172 718 τὸ
3199 664 3558 737 φαινόμενον·
3591 657 3680 721 οὗ·

2089 767 2182 818 τος
2206 755 2494 809 συνιεῖ’διὰ
2530 756 2632 827 τῆς
2667 757 2836 829 ἀκοῆς
2861 756 2924 810 τὸ
2951 756 3272 828 λεγόμενον,
3313 758 3503 830 ἀγαπᾷ
3527 776 3589 812 τε
3619 759 3678 812 τὺ

2090 844 2473 917 κατευθύμιον,
2523 846 2619 899 καὶ
2647 843 2708 900 τὸ
2744 846 2820 917 μὴ
2846 845 2970 899 καθ’
3002 847 3202 919 ἡδονὴν
3245 849 3676 920 ἀποστρέφεται,

2089 938 2182 988 καὶ
2217 939 2282 1006 τῇ
2322 937 2466 1008 χειρὶ
2497 936 2695 1008 χρῆται
2741 935 2880 1006 πρὸς
2917 936 2979 988 τὸ
3015 937 3044 990 ὃ
3070 953 3122 989 τι
3155 936 3423 1007 βούλεται,
3457 939 3679 1009 κρατῶν

2086 1029 2154 1082 δι’
2176 1028 2346 1100 αὐτῆς
2369 1030 2464 1082 καὶ
2490 1028 2877 1100 ἀπωθούμενος
2904 1029 3052 1101 άπερ
3073 1028 3140 1082 ἂν
3167 1028 3466 1082 λυσιτελεῖν
3483 1029 3672 1102 κρίνῃ.

2086 1123 2153 1192 τῇ
2183 1119 2276 1174 τοῦ
2299 1121 2534 1193 ὀργάνου
2563 1120 2826 1192 συνεργίᾳ
2867 1121 2947 1184 εἰς
2975 1119 3134 1174 τοῦτο
3171 1121 3578 1192 συγχρώμενος.
3612 1123 3681 1174 ΕΞ

2085 1212 2265 1267 τοίνυν
2312 1215 2369 1266 ὲν
2405 1212 2484 1284 τῷ
2527 1212 2801 1285 ἀνθρώπῳ
2849 1213 2958 1267 κᾶν
2990 1212 3225 1285 διάφορα
3265 1213 3403 1283 τύχῃ
3433 1212 3502 1265 τὰ
3537 1212 3679 1283 πρὸς

2087 1305 2339 1377 αἴσθησιν
2371 1305 2857 1376 κατεσκευασμένα
2881 1307 3033 1376 παρὰ
3054 1305 3154 1376 τῆς
3188 1304 3405 1374 φύσεως
3431 1306 3674 1376 δργαναν

2085 1397 2215 1451 όδιὰ
2240 1397 2454 1450 πάντων
2476 1397 2716 1468 ἐνεργῶν
2741 1397 2839 1450 καὶ
2861 1396 3184 1466 κινούμενος
3202 1396 3297 1450 καὶ
3320 1396 3676 1467 καταλλήλω;

2087 1491 2302 1561 ἑκάστῳ
2336 1489 2472 1562 πρὸς
2515 1489 2578 1542 τὸ
2618 1482 2984 1559 προκείμενον
3020 1486 3397 1560 κεχρημένος,
3439 1483 3523 1550 εἷς
3553 1489 3676 1540 ἐστι

2085 1583 2180 1636 καὶ
2205 1584 2233 1636 ὁ
2259 1580 2421 1645 αὐτὸς
2445 1621 2462 1647 ,
2501 1584 2620 1646 ταῖς
2653 1582 2936 1652 διαφοραῖς
2977 1579 3088 1634 τῶν
3123 1579 3414 1650 ἐνεργειῶν
3453 1579 3514 1631 οὐ
3546 1594 3678 1630 συν-

2089 1675 2436 1744 εξαλλάσσων
2462 1674 2562 1745 τὴν
2595 1673 2758 1743 φύσιν
2783 1691 2796 1703 ·
2828 1672 2944 1733 πῶς
2985 1671 3045 1726 ἄν
3071 1688 3156 1735 τις
3183 1671 3276 1724 ἐπὶ
3303 1669 3396 1723 τοῦ
3428 1668 3563 1723 Θεοῦ
3586 1670 3682 1722 διὰ

405 1768 602 1840 possit,
640 1775 701 1821 ut
728 1763 824 1821 Dei
853 1771 1107 1819 naturam
1142 1777 1243 1834 per
1274 1760 1569 1818 facultates
1593 1761 1778 1818 varias
1824 1760 1980 1826 quasi

2088 1767 2193 1821 τῶν
2223 1767 2482 1820 ποικίλων
2496 1765 2776 1836 δυνάμεων
2796 1765 2858 1817 τὸ
2888 1763 3194 1835 πολυμερὲς
3216 1762 3314 1832 τῆς
3334 1761 3520 1826 οὐσίας
3543 1768 3679 1814 κατ-

401 1859 863 1915 multimembrem
905 1856 926 1928 (
953 1866 1014 1912 ut
1043 1856 1118 1911 ita
1147 1855 1408 1925 dixerim)
1440 1854 1814 1927 imaginctur?
1845 1853 1981 1910 Nam

407 1971 427 2004 ‹
466 1949 569 2018 Qui
597 1950 815 2005 oculum
843 1947 1019 2012 ﬁnxit,
1041 1967 1060 2000 ι
1089 1948 1168 2002 uti
1201 1946 1367 2002 Vates
1388 1947 1633 2016 loquitur
1659 1947 1726 2014 ",
1763 1966 1782 2001 ι
1809 1955 1863 2003 et
1885 1963 1984 2000 au-

401 2056 516 2098 rem
555 2039 841 2112 plantavit,
871 2057 890 2088 ι
931 2036 1220 2092 facultates
1278 2035 1444 2091 hasce
1501 2044 1760 2105 tanquam
1823 2041 1983 2092 notas

400 2137 667 2206 quasdam
696 2132 762 2186 de
783 2131 984 2202 quibus
1007 2129 1135 2185 facti
1168 2129 1235 2184 ad
1265 2130 1442 2200 ipsius
1472 2129 1781 2199 exemplum
1811 2143 1982 2199 agni»-

403 2240 702 2286 sceremur,
737 2223 1020 2278 hominum
1053 2229 1264 2276 natura:
1309 2221 1614 2291 impressit.
1651 2219 1864 2274 Idcirco
1895 2219 1983 2274 in—

400 2320 521 2390 quit
547 2337 563 2373 :
594 2338 610 2369 σ
631 2315 919 2371 Faciamus
947 2314 1222 2369 hominem
1253 2312 1320 2367 ad
1338 2311 1629 2383 imaginem
1658 2323 1926 2366 nostram.
1957 2331 1976 2363 ι

402 2411 509 2467 Sed
537 2409 630 2465 ubi
670 2408 831 2463 nobis
861 2403 1150 2462 Anomcei?
1194 2404 1324 2474 quid
1369 2404 1436 2458 ad
1476 2404 1591 2457 haec
1636 2403 1855 2458 tandem
1895 2401 1982 2458 di.

403 2502 548 2558 cturi
578 2508 707 2556 sunt
727 2500 751 2553 ?
771 2513 881 2568 quo
903 2505 1064 2568 pacto
1095 2497 1358 2551 adversus
1383 2505 1447 2550 ea
1463 2510 1584 2566 quae
1605 2493 1805 2549 tradita
1833 2509 1862 2548 a
1885 2507 1984 2549 no-

399 2591 486 2649 bis
517 2599 666 2656 sunt,
714 2589 1019 2645 doctrinam
1068 2602 1225 2644 suam
1277 2584 1579 2641 absurdam
1643 2585 1984 2640 tuebuntur?

401 2686 634 2742 hoccine
665 2685 877 2740 scilicet
905 2679 1338 2754 respondebunt,
1388 2678 1504 2734 fieri
1552 2693 1718 2750 posse
1756 2687 1818 2733 ut
1871 2694 1981 2733 una

399 2778 701 2848 eademque
757 2775 936 2846 imago
986 2772 1180 2828 formis
1230 2770 1468 2827 diversis
1506 2767 1982 2840 respondeat?At

400 2887 532 2928 vero
569 2870 614 2926 si
646 2878 844 2925 natura
878 2865 1026 2922 Patri
1049 2864 1336 2921 dissimilis
1366 2870 1452 2918 est
1482 2859 1678 2925 Filius,
1703 2860 1980 2931 quomodo

400 2974 723 3020 naturarum
774 2962 1114 3017 diversarum
1149 2957 1342 3013 eadem
1401 2955 1594 3012 cll‘ecta
1646 2954 1831 3026 imago
1864 2952 1983 3010 est?

2085 1857 2430 1923 οπτεύσειεν;
2467 1875 2488 1910 ι
2509 1856 2570 1911 '0
2591 1877 2608 1908 ι
2635 1858 2740 1929 γὰρ
2764 1877 2783 1909 ι
2805 1856 3015 1920 πλάσας
3027 1856 3120 1909 τὸν
3140 1854 3434 1925 ὀφθαλμὸν,
3448 1872 3468 1902 ι
3489 1851 3680 1914 καθώς

2087 1967 2252 2021 φησιν
2281 1951 2310 2002 ὁ
2341 1951 2648 2024 Προφήτης,
2670 1951 2764 2003 καὶ
2804 1968 2821 1999 ι
2842 1950 2870 2001 ὁ
2901 1947 3174 2017 φυτεύσας
3198 1946 3258 2000 τὸ
3285 1943 3428 2009 οὗς,ι
3449 1945 3589 2015 πρὸς
3607 1945 3679 1997 τὰ

2085 2041 2144 2092 ἐν
2174 2042 2323 2113 αύτῷ
2355 2040 2772 2113 παραδείγματα
2793 2041 2892 2104 τὰς
2922 2039 3200 2108 ἐνεργείας
3226 2038 3426 2100 ταύτας
3455 2031 3569 2090 οἷόν
3594 2053 3679 2089 τι-

2085 2150 2182 2196 νας
2198 2121 2590 2205 γνωριστικοὺς
2607 2132 2960 2204 χαρακτῆρας
2975 2134 3042 2202 τῇ
3065 2130 3224 2200 φύσει
3244 2129 3351 2182 τῶν
3368 2128 3463 2182 ἀνθ
3474 2127 3677 2198 ρώπων

2083 2223 2477 2293 ἐνεσημηνατο.
2509 2241 2527 2273 ι
2553 2222 2875 2293 Ποιήσωμεν
2897 2240 2915 2273 ι
2947 2219 3079 2291 γὰρ,
3119 2219 3307 2290 φησιν,
3345 2238 3362 2269 ι
3383 2217 3686 2290 ἄνθρωπον

2089 2315 2210 2368 κατ’
2238 2315 2424 2367 εἰκόνα
2447 2313 2775 2386 ἡμετέραν.»
2812 2312 2972 2367 Ἀλλὰ
3001 2311 3103 2365 πού
3129 2330 3219 2384 μοι
3243 2313 3351 2365 τῶν
3375 2313 3682 2383 Ἀνομοέων

2085 2407 2118 2477 ή
2147 2406 2390 2478 αἴρεσις;
2437 2404 2489 2458 τί
2518 2405 2653 2476 πρὸς
2678 2406 2777 2476 τὴν
2797 2405 3052 2477 τοιαύτην
3085 2404 3270 2476 spado:
3301 2407 3520 2476 φωνήν;
3552 2406 3680 2469 πῶς

2089 2496 2450 2552 διασώσουσιν
2481 2499 2540 2550 ἐν
2564 2499 2678 2560 τοῖς
2716 2499 3027 2569 εἰρημένοις
3054 2497 3148 2551 τοῦ
3185 2497 3452 2568 δόγματος
3489 2497 3682 2551 αὐτῶν

2081 2589 2181 2660 τὴν
2213 2587 2516 2659 κενότητας
2545 2584 2656 2660 ἆρα
2686 2587 2910 2641 δυνατὸν
2941 2585 3082 2642 εἶναι
3123 2591 3357 2659 φήσουσι
3382 2624 3402 2653 ,τ
3432 2587 3565 2659 μίαν
3593 2592 3681 2643 εἰ⁹

2081 2682 2216 2736 κόνα
2261 2680 2542 2753 διαφόροις
2589 2680 2922 2751 ὁμοιωθῆναι
2968 2683 3238 2752 μορφαί;;
3293 2682 3356 2734 Ei
3405 2681 3678 2751 ἀνόμοιος

2082 2773 2224 2828 κατὰ
2263 2773 2362 2845 τὴν
2399 2771 2561 2842 φύσιν
2598 2771 2678 2843 τῷ
2717 2773 2894 2843 Harp!
2924 2773 2952 2823 ό
2990 2773 3135 2835 Υἱὸς,
3179 2772 3297 2835 πῶς
3330 2772 3460 2842 μίαν
3500 2790 3676 2826 κατα-

2083 2865 2335 2930 σκευάζει
2357 2864 2466 2917 τῶν
2492 2864 2762 2935 διαφόρων
2792 2864 3006 2934 φύσεων
3036 2865 3136 2935 τὴν
3168 2865 3388 2930 εἰκόνας
3433 2857 3493 2918 Ὃ
3527 2866 3667 2937 γὰρ.

2088 2977 2105 3011 ι
2136 2959 2454 3030 Ποιήσωμεν
2467 2957 2752 3028 ἄνθρωπον
2764 2956 3081 3010 κατέἱκόνα
3095 2957 3394 3029 ἡμετέραν.
3421 2977 3440 3010 ι
3470 2957 3673 3018 εἰπὼν.

398 3057 536 3114 Nam
566 3071 693 3110 cum
720 3054 957 3115 dicatur,
1010 3067 1031 3104 ι
1064 3043 1357 3105 Faciamus
1384 3048 1660 3104 hominem
1703 3049 1770 3103 ad
1802 3047 1979 3103 nostri

2088 3051 2179 3104 καὶ
2213 3049 2302 3102 διὰ
2327 3051 2428 3119 τῆς
2451 3047 2821 3120 πληθῠντικῆς
2855 3047 3128 3118 σημασίας,
3155 3048 3252 3118 τὴν
3269 3049 3430 3117 ἁγίαν
3460 3050 3672 3120 Τριάδα

399 3153 723 3224 imaginem;
766 3165 787 3200 ο
832 3159 1173 3214 numeroque
1206 3141 1575 3198 multitudinis
1619 3150 1976 3198 sacrosancta

2091 3143 2346 3214 δηλώσας
2369 3113 2393 3206 ,1
2406 3143 2505 3195 οὐκ
2533 3113 2599 3195 άν
2616 3139 2715 3212 τῆς
2748 3113 2955 3204 είκόνος
2996 3113 3296 3212 μοναδικῶς
3318 3113 3676 3214 ⁷ἐπεμνςνίγσθη,

399 3246 646 3301 Trinitas
687 3238 960 3296 indicetur
1011 3255 1026 3291 :
1083 3251 1193 3290 non
1248 3242 1366 3289 erat
1420 3249 1652 3289 numero
1708 3233 1973 3305 singulari

2088 3236 2234 3310 εἴπερ
2249 3234 2516 3306 ἀνομοίως
2534 3235 2648 3304 ἔχοι
2673 3233 2811 3304 πρὸς
2825 3232 3028 3305 ἄλληλα
3041 3233 3112 3287 τά
3128 3235 3432 3305 ἀρχέτυπα.
3457 3236 3534 3288 Ού
3559 3235 3673 3308 γάρ

399 3336 655 3409 imaginis
673 3329 921 3388 facienda
947 3327 1171 3393 mentio,
1197 3326 1467 3398 siquidem
1495 3325 1792 3383 dissimiles
1821 3335 1978 3382 erant

2088 3325 2144 3402 ἦν
2190 3329 2410 3384 δυνατὸν
2451 3329 2560 3382 τῶν
2599 3328 2847 3400 ἀλλήλοις
2894 3327 2973 3401 μὴ
3016 3329 3420 3398 συμϐαινόντων
3466 3331 3549 3393 εἰς
3601 3327 3680 3382 ἓν

399 3431 468 3486 ad
530 3440 764 3501 quorum
823 3421 1106 3492 exemplar
1169 3434 1234 3476 ea
1303 3417 1781 3476 conformabatur.
1829 3417 1977 3476 Fieri

2088 3421 2464 3493 ἅναδειχθῆναι
2511 3421 2806 3492 ὁμοίωμαο
2851 3420 2970 3474 ἀλλ’
3018 3421 3073 3474 εἰ
3119 3420 3368 3491 διάφοροι
3413 3416 3552 3492 ἦσαν
3616 3422 3674 3473 αἱ

398 3522 546 3579 enim
581 3519 1004 3590 haudquaquam
1039 3521 1274 3585 poterat,
1317 3520 1377 3566 ut
1418 3509 1718 3568 dissimiles
1771 3525 1836 3566 ac
1892 3510 1978 3565 di-

397 3613 544 3671 versi
586 3612 730 3668 inter
780 3625 842 3668 se
881 3623 990 3664 una
1029 3606 1328 3676 eademque
1382 3605 1620 3674 imagine
1669 3620 1977 3675 repraesen-

397 3712 648 3762 tarentur
673 3716 689 3757 :
718 3701 964 3772 adeoque
996 3698 1044 3756 si
1071 3705 1229 3753 erant
1259 3703 1472 3750 natura
1496 3693 1750 3759 diversae,
1809 3695 1976 3749 etiam

399 3799 670 3870 imagines
728 3810 824 3852 eos
865 3793 953 3849 sui
1012 3791 1259 3848 diversas
1296 3787 1534 3844 condere
1583 3801 1806 3843 necesse
1851 3786 1975 3852 fuit,

399 3903 633 3962 quarum
667 3885 926 3959 quaslibet
959 3882 1258 3951 exemplari
1307 3894 1411 3936 suo
1441 3878 1818 3950 responderet.
1867 3877 1973 3935 Sed

399 3997 526 4037 eum
585 3994 696 4035 una
749 3987 961 4033 tantum
1013 3976 1189 4046 imago
1248 3976 1358 4040 sit,
1413 3988 1525 4029 non
1574 3987 1744 4027 unum
1792 3980 1974 4027 tamen

401 4075 565 4129 unius
621 4069 883 4142 imaginis
937 4069 1339 4139 archetypum:
1394 4065 1521 4138 quis
1577 4065 1715 4120 adeo
1775 4064 1976 4120 mentis

401 4167 559 4237 in0ps
591 4164 773 4229 fuerit,
807 4170 864 4215 ut
898 4161 1132 4230 ignoret,
1157 4174 1280 4229 quae
1307 4157 1402 4212 uni
1436 4156 1724 4228 eidemque
1762 4155 1846 4210 rei
1901 4155 1978 4210 si-

399 4257 552 4311 milia
581 4263 731 4318 sunt,
770 4253 961 4308 eadem
995 4253 1138 4306 inter
1183 4266 1243 4306 se
1290 4263 1510 4321 quoque
1563 4249 1767 4303 similia
1813 4249 1980 4303 esse?

2079 3515 2290 3585 φύσεις,
2308 3513 2597 3584 διαφόρους
2625 3512 2841 3575 πάντως
2865 3513 2957 3564 καὶ
2980 3512 3079 3566 τὰς
3104 3512 3313 3574 εἰκόνας
3341 3511 3525 3564 αὐτῶν
3591 3512 3675 3564 ὲν-

2085 3606 2383 3675 εστήσατο,
2435 3603 2535 3673 τὴν
2581 3601 2921 3673 κατάλληλον
2971 3599 3180 3674 ἑκάστῃ
3230 3601 3673 3672 δημιουργήσαςτ

2097 3695 2237 3748 Ἀλλ’
2269 3693 2461 3764 ἐπειδὴ
2494 3694 2592 3764 μία
2633 3692 2733 3764 μὲν
2762 3694 2796 3764 ἡ
2829 3691 3018 3753 εἰκὼν,
3055 3686 3154 3764 ούχ
3188 3692 3247 3744 ἓν
3285 3692 3341 3745 δὲ
3369 3687 3430 3745 τὸ
3461 3692 3565 3760 τῆς
3595 3694 3678 3744 εί⁴

2084 3786 2238 3851 κόνος
2276 3786 2613 3857 ἀρχέτυπον·
2645 3785 2727 3849 τίς
2759 3784 2933 3850 οὕτως
2976 3784 3081 3853 ἔξω
3125 3786 3360 3848 διανοίας
3403 3787 3555 3838 ἐστὶν
3595 3786 3674 3848 ὡς

2085 3881 2325 3949 ἀγνοεῖν,
2356 3879 2440 3931 ὅτι
2472 3877 2541 3931 τά
2569 3877 2648 3948 τῷ
2671 3877 2751 3931 ἐνὶ
2778 3877 3110 3950 ὁμοιούμενα
3130 3911 3152 3942 ,-
3175 3875 3269 3930 καῖ
3297 3878 3433 3949 πρὸς
3460 3877 3670 3948 ἄλληλα

2086 3971 2308 4034 πάντως
2336 3969 2539 4041 ὁμοίως
2573 3969 2720 4040 ἔχει;
2751 3970 2851 4023 Διὰ
2881 3969 3039 4022 τοῦτό
3082 3986 3244 4040 φησι,
3271 3970 3408 4039 τάνχα
3437 3969 3540 4040 τὴν
3569 3987 3674 4023 κα-

2086 4063 2210 4115 κίαν
2253 4059 2456 4130 ταύτην
2484 4062 2542 4113 ἐν
2578 4063 2644 4132 τῇ
2676 4063 2988 4132 κατασκευῇ
3018 4060 3116 4131 τῆς
3146 4061 3488 4131 ἀνθρωπίνης
3520 4061 3674 4133 ζωῆς

2083 4155 2112 4208 ὁ
2145 4151 2301 4221 λόγος
2331 4151 2800 4223 ὑποτεμνόμενος,
2832 4171 2851 4204 ‹
2881 4154 3204 4224 Ποιήσωμεν
3225 4152 3508 4221 ἄνθρωπον
3550 4155 3675 4205 κατ’

2085 4247 2268 4300 εἰκόνα
2300 4242 2394 4295 καὶ
2429 4243 2687 4315 ὁμοίωσιν
2717 4245 3019 4316 ἡμετέρανε
3053 4265 3070 4294 ι

399 4348 610 4406 Idcirco
636 4346 718 4402 sic
749 4345 1014 4416 loquitur,
1045 4343 1297 4400 fortassis
1324 4351 1383 4397 ut
1409 4341 1462 4395 in
1492 4341 1609 4412 ipsa
1641 4340 1883 4396 hominis
1917 4343 2195 4397 creatione
2230 4356 2450 4411 pravam
2482 4337 2678 4392 horum
2721 4337 2967 4390 lizeresim
3000 4336 3314 4408 praecideret
3347 4350 3361 4386 :
3401 4352 3422 4386 ‹
3463 4332 3676 4390 Facia—

400 4453 522 4492 mus
549 4435 827 4490 hominem
845 4431 912 4486 ad
953 4432 1244 4502 imaginem
1279 4431 1813 4500 similitmlinetmlue
1835 4439 2105 4483 nostram.
2140 4448 2156 4480 ι

994 4545 1222 4603 CAPUT
1260 4545 1376 4601 VH.

2614 4543 3015 4596 KEMAMON

402 4642 751 4711 Quamobrem
781 4640 943 4694 nullis
961 4656 990 4692 a
1011 4650 1203 4693 natura
1215 4640 1287 4711 sit
1317 4637 1483 4691 armis
1506 4637 1683 4701 homo,
1715 4638 1980 4708 nimisque

2088 4637 2186 4692 Διὰ
2210 4640 2267 4691 τί
2304 4636 2532 4707 γυμνὸς
2565 4635 2685 4690 τῶν
2805 4638 3048 4711 φύσεως
3072 4637 3276 4690 ὅπλων
3305 4653 3369 4689 τε
3389 4637 3486 4691 καί
3525 4653 3676 4706 προ-

865 4711 1171 4779 tegumcntis
1205 4710 1514 4762 instructus.

470 4803 618 4872 Quid
647 4817 776 4858 vero
807 4802 914 4858 sibi
944 4802 1061 4856 vult
1086 4811 1268 4856 erecta
1301 4801 1354 4853 in
1389 4800 1609 4858 homine
1638 4799 1808 4870 figura
1828 4801 1854 4854 ἲ
1880 4806 1975 4855 aut

400 4912 498 4950 cur
527 4911 634 4950 non
673 4896 890 4964 corpori
909 4895 1068 4964 quasi
1101 4892 1405 4962 congenita?
1449 4900 1580 4947 sunt
1611 4893 1856 4962 quaedam
1907 4892 1975 4946 ad

399 4983 655 5036 tuendam
688 4983 852 5036 vitam
887 4980 1210 5035 necessaria:
1251 4981 1442 5034 vires?
1483 4981 1783 5050 imparatus
1839 4982 1976 5036 adeo

400 5075 468 5128 ab
518 5073 774 5129 omnibus
826 5081 1036 5127 naturae
1094 5072 1386 5142 praesidiis,
1435 5073 1692 5136 inermis,
1747 5089 1972 5144 pauper,

399 5167 640 5220 omnium
665 5165 730 5219 ad
756 5181 916 5220 usum
934 5166 1058 5219 vitae
1079 5166 1513 5222 necessariorum
1541 5180 1708 5236 egens
1735 5177 1975 5232 creatur,

401 5255 618 5324 dignior
674 5256 1189 5322 commiseratione,
1247 5255 1328 5310 uti
1385 5256 1606 5326 quidem
1656 5257 1973 5328 apparebat,

401 5357 566 5414 quam
594 5345 688 5413 qui
719 5345 915 5400 beatus
947 5345 1356 5413 praadicaretur.
1386 5344 1503 5403 Non
1534 5362 1802 5403 cornuum
1854 5365 1980 5404 mus

403 5434 610 5489 nitione
627 5441 896 5498 armatus,
934 5451 1039 5489 non
1072 5437 1335 5506 unguium
1364 5439 1637 5504 acumine,
1665 5453 1772 5492 non
1794 5438 1973 5494 denti-

401 5524 526 5588 bus,
561 5538 667 5577 non
709 5525 952 5594 ungulis,
974 5540 1084 5580 non
1112 5524 1302 5580 aculeo
1341 5536 1625 5589 venenato,
1659 5525 1975 5597 cujusmodi

490 5707 536 5737 ⁸⁸
575 5703 717 5760 Psal.
751 5720 904 5768 xcm,
934 5707 983 5761 9.

2456 4706 2859 4776 καλυμμάτων
2882 4711 2914 4760 ό
2948 4707 3280 4775 ἅνθρωπος.

2166 4799 2329 4852 Ἀλλὰ
2355 4799 2408 4853 τί
2439 4798 2687 4870 βούλεται
2724 4800 2786 4851 τὸ
2818 4799 2910 4853 τοῦ
2953 4801 3228 4869 σχήματος
3264 4798 3479 4870 δρθιον;
3511 4799 3584 4852 Τί
3616 4800 3673 4852 δὲ

2082 4890 2202 4962 ούχλ⁵
2253 4892 2516 4961 συμφυεῖς
2558 4892 2695 4943 εἰσιν
2740 4891 2796 4942 ai
2831 4889 2968 4960 πρὸς
3004 4887 3096 4943 τόν
3137 4889 3250 4960 βίον
3294 4891 3557 4960 δυνάμεις
3593 4893 3674 4961 τῷ

2084 4981 2298 5052 σώματι
2323 5001 2336 5048 ;
2362 4982 2496 5035 ἀλλὰ
2529 4981 2735 5052 γυμνὸς
2766 4982 2866 5052 μὲν
2909 4980 3016 5034 τῶν
3052 4979 3301 5050 φυσικῶν
3341 4984 3675 5051 σκεπασμά-

2084 5091 2211 5140 των,
2254 5074 2452 5137 ἄοπλος
2483 5074 2539 5127 δέ
2573 5092 2657 5136 τις
2688 5075 2782 5126 καὶ
2809 5072 2976 5142 πένης
3003 5074 3031 5126 ὁ
3077 5072 3384 5142 ἄνθρωπος,
3415 5073 3519 5126 καὶ.⁸
3561 5075 3674 5127 τῶν

2081 5166 2218 5237 πρὸς
2266 5165 2363 5237 τὴν
2397 5167 2584 5238 χρείαν
2616 5167 2797 5236 ἐνδεὴς
2832 5165 3088 5220 ἁπάντων
3127 5165 3221 5218 ἐπὶ
3257 5165 3349 5218 τὸν
3380 5165 3492 5235 βίον
3525 5182 3675 5235 παρ-

2077 5258 2292 5326 άγεται,
2315 5258 2576 5312 ἐλεεῖσθαι
2600 5258 2849 5330 μᾶλλονῆ
2872 5259 3270 5330 μακαρίζεσθαι
3293 5258 3435 5311 κατὰ
3452 5257 3514 5311 τὺ
3539 5276 3675 5328 φαι-

2079 5347 2302 5418 νόμενον
2322 5347 2492 5414 ἄξιος,
2518 5349 2577 5401 ού
2607 5349 2899 5419 προϐολαῖς
2923 5349 3169 5421 κεράτων
3192 5345 3670 5417 καθωπλισμένος,

2077 5439 2178 5491 ούκ
2210 5438 2417 5510 ὀνύχων
2465 5441 2670 5510 ἀκμαῖς
2694 5481 2708 5503 ,
2748 5441 2846 5510 ούχ
2871 5441 3098 5507 ὁπλαῖς,
3141 5441 3175 5512 ἢ
3211 5441 3441 5502 ὀδοῦσιν,
3475 5442 3508 5510 ἡ
3557 5459 3671 5493 τινι

2079 5530 2291 5602 κέντρῳ
2319 5531 2693 5602 θανατηφόρον
2719 5533 2796 5586 ίὸν
2826 5535 2886 5586 ὲκ
2911 5533 3126 5601 φύσεως
3163 5533 3360 5604 ἔχοντι,
3387 5527 3477 5588 οἷα
3503 5532 3572 5601 δὴ
3601 5531 3674 5586 τὰ
