3844 6226
169 325 265 386 Ml

1389 330 1480 388 DE
1522 326 1806 386 HOMINIS
1863 323 2179 384 OPIFICIO.

3329 326 3434 385 ΝΞ

358 439 466 494 τῶν
498 439 653 506 ζώων
673 439 734 493 ὲν
762 439 976 504 ἑαυτοῖς
1008 439 1144 511 πρὸς
1166 441 1265 511 τὴν
1293 439 1404 494 τῶν
1436 438 1750 493 λυπούντων

1864 439 2020 494 rebus
2049 438 2321 492 instructa
2356 437 2616 508 pleraque
2651 439 2910 495 animalia
2954 439 3066 496 vim
3119 440 3430 500 ludentium

171 532 376 603 ἄμυναν
391 532 677 603 κέκτηται’
701 533 763 584 οὐ
785 536 852 604 τῇ
872 532 980 588 τῶν
1000 533 1207 605 τριχῶν
1223 533 1487 605 περιϐολῇ
1501 533 1561 586 τὺ
1579 532 1741 601 σῶμα

170 626 520 683 καλύπτεται·
553 625 802 696 καίτοιγε
832 627 962 690 τσως
993 626 1084 680 τὸν
1115 629 1197 690 εἰς
1228 627 1406 699 ἀρχὴν
1427 626 1538 678 τῶν
1566 624 1744 680 ἄλλων

168 717 624 790 προτεταγμένον.
665 709 887 781 οἰκείοις
918 717 1105 781 ὅπλοις
1142 717 1250 771 ἔδει
1295 714 1745 788 περιπεφράχθαι

168 810 315 883 παρὰ
340 810 438 880 τῆς
462 808 701 878 φύσεως,
723 803 799 872 ὡς
827 808 895 862 ἂν
915 808 991 880 μὴ
1015 809 1115 880 τῆς
1140 808 1270 880 παρ’
1300 808 1507 880 ἑτέρων
1527 808 1748 862 ἐπικου-

171 899 288 971 ρίας
323 899 461 970 πρὸς
489 899 587 969 τὴν
630 893 768 951 ίδίαν
800 897 1098 966 ἀσφάλειαν
1136 897 1327 952 δέοιτο.
1356 897 1491 952 Νυνὶ
1523 896 1581 951 δὲ
1613 896 1747 950 λέων

172 991 285 1062 μὲν,
325 991 420 1046 καὶ
457 990 583 1056 σῦς,
621 991 716 1045 καὶ
767 990 946 1060 τίγρις
970 1030 984 1053 ,
1031 989 1126 1042 καὶ
1151 989 1418 1061 πάρδαλις
1439 1029 1455 1055 ,
1487 989 1580 1044 καὶ
1611 989 1666 1043 εί
1693 1007 1746 1044 τι

167 1081 406 1136 τοιοῦτον
439 1083 626 1152 ἕτερον
652 1121 667 1143 ,
700 1081 979 1152 ἀρκοῦσαν
1019 1080 1133 1151 ἔχει
1177 1080 1314 1150 πρὸς
1343 1081 1617 1151 σωτηρίαν
1647 1079 1748 1150 τὴν

168 1175 229 1229 ἐκ
256 1173 475 1245 φύσεως
519 1173 770 1244 δύναμιν.
815 1174 925 1226 Καὶ
961 1171 1038 1242 τῷ
1079 1171 1263 1244 ταύρῳ
1304 1172 1403 1242 μὲν
1446 1169 1508 1224 τὸ
1539 1170 1746 1244 κέρας,

166 1267 258 1319 καὶ
287 1265 365 1335 τῷ
392 1264 589 1335 λαγωῷ
618 1263 680 1317 τὸ
707 1263 902 1335 τάχος,
942 1264 1038 1316 καὶ
1068 1256 1135 1334 τῇ
1170 1261 1391 1334 δορκάδι
1418 1260 1480 1315 τδ
1517 1262 1748 1333 πήδημα

165 1359 256 1413 καὶ
282 1358 345 1410 τὸ
362 1357 483 1410 κατ’
515 1356 792 1428 ὀφθαλμὸν
810 1355 1072 1428 ἀσφαλὲς.
1103 1355 1200 1409 καὶ
1227 1354 1372 1426 ἄλλῳ
1396 1357 1507 1410 τινὶ¹
1539 1353 1664 1425 ζώῳ
1684 1355 1746 1407 τὸ

165 1451 420 1521 μέγεθος,
452 1451 545 1504 καὶ
573 1435 782 1520 ἑτέροις
811 1448 1190 1521 ἠπρονομαία,
1225 1450 1319 1502 καὶ
1345 1452 1456 1513 τοῖς
1481 1450 1749 1510 πετεινοῖς

159 1540 221 1596 τὸ
241 1543 462 1610 πτερὸν,
494 1543 588 1594 καὶ
616 1542 681 1612 τῇ
712 1527 943 1612 μελίσσῃ
967 1541 1029 1594 τὸ
1054 1541 1300 1611 κέντρον,
1327 1540 1423 1595 καὶ
1455 1541 1590 1593 πᾶσι
1613 1537 1749 1590 πάν-

159 1653 266 1699 τως
291 1637 353 1690 ἓν
379 1654 433 1689 τι
462 1637 544 1698 εἰς
577 1635 857 1708 σωτηρίαν
882 1636 1037 1706 παρὰ
1073 1633 1176 1705 τῆς
1195 1635 1411 1706 φύσεως
1437 1622 1743 1704 ἐμπέφυκε·

161 1725 324 1796 μόνος
350 1726 408 1780 δὲ
438 1726 654 1806 πάντων
692 1725 722 1778 ὁ
751 1724 1039 1797 ἅνθρωπος
1067 1725 1174 1779 τῶν
1211 1723 1310 1795 μὲν
1343 1723 1749 1795 ταχυδρομούν-

1854 546 1914 586 se
1945 529 2268 600 prapulsare
2300 528 2572 594 videmus,
2598 544 2666 585 ne
2692 530 2818 601 pilis
2847 531 3068 602 quidem
3114 547 3315 606 corpus
3353 547 3428 594 ie-

1855 625 2020 694 gitnr.
2079 623 2150 678 At
2191 637 2322 678 vero
2348 638 2494 688 eum,
2541 638 2629 677 οιιι
2670 623 2726 678 in
2766 639 2854 680 res
2883 633 3110 684 caeteras
3142 627 3430 700 imperium
3462 616 3464 618 ’

1856 713 2261 779 destinabatur,
2286 715 2457 769 armis
2475 730 2507 768 ει
2532 723 2726 770 natura
2755 717 2994 788 propriis
3021 719 3290 775 munitum
3311 737 3435 779 esse

1855 806 2161 876 oportebat,
2192 820 2260 861 ne
2285 805 2351 860 ad
2406 807 2668 862 tuendum
2693 822 2816 864 sese
2853 821 2959 880 ope
2997 810 3176 866 aliena
3228 825 3431 881 egeret.

1854 894 1973 951 Jam
2001 897 2107 960 leo,
2137 911 2290 966 aper,
2321 897 2503 968 tigris,
2546 898 2807 968 pardalis,
2848 908 3044 956 caetera
3101 906 3433 964 necessariis

1856 1001 1887 1040 a
1919 995 2115 1042 natura
2154 988 2365 1044 viribus
2393 988 2460 1043 ad
2493 989 2748 1044 tuendam
2771 991 3002 1047 salutem
3028 1008 3186 1050 suam
3211 995 3434 1069 egregie

1857 1077 2126 1133 instructa
2155 1086 2303 1134 sunt.
2331 1072 2512 1135 Tauro
2543 1093 2770 1148 cornua,
2804 1083 2974 1154 lepori
3025 1085 3298 1152 celeritas,
3332 1103 3426 1144 ca-

1855 1177 2000 1238 preae
2056 1171 2139 1224 vis
2192 1171 2443 1237 saliendi,
2495 1167 2890 1243 oculorumque
2935 1177 3290 1246 praestantia;
3337 1178 3434 1236 alii

1856 1259 2080 1314 animali
2105 1262 2442 1333 magnitudo,
2474 1264 2886 1334 alii‘proboscis
2914 1277 2929 1333 ;
2969 1267 3286 1324 volucribus
3311 1271 3432 1331 ala.

1855 1351 1944 1422 api
1975 1353 2224 1416 aculeus.
2262 1363 2427 1424 atque
2458 1355 2595 1411 adeo
2631 1357 2888 1412 omnibus
2940 1357 3171 1428 aliquid.
3217 1375 3330 1432 quo
3374 1377 3436 1418 se

1856 1449 2208 1507 conservent,
2241 1453 2438 1501 natura
2475 1444 2667 1516 largita
2698 1454 2804 1502 est.
2838 1447 3001 1505 Solus
3035 1449 3200 1504 homo
3250 1453 3438 1520 perni-

1856 1533 2013 1588 cibus
2031 1534 2261 1600 tardior,
2296 1538 2636 1608 corpulentis
2659 1539 2860 1605 minor,
2905 1540 2988 1596 eis
3046 1556 3169 1612 quae
3211 1543 3435 1599 armisa

1855 1637 2053 1681 natura
2083 1627 2229 1684 datis
2253 1636 2369 1684 tuta
2401 1637 2549 1695 sunt,
2585 1629 2907 1686 imbecillior
2936 1639 3042 1688 est.
3092 1632 3199 1699 Qui
3245 1634 3434 1706 igitur,

1855 1718 2308 1789 dixeritaliquis.
2343 1729 2774 1779 consentaneum
2798 1732 2914 1789 est,
2940 1724 3034 1779 tali
3061 1739 3246 1781 rerum
3281 1743 3438 1783 sum-

156 1835 265 1871 των
295 1819 614 1892 ἀργότερος,
646 1819 755 1874 τῶν
781 1817 839 1871 δὲ
873 1816 1362 1888 πολυσαρκούντων
1389 1815 1747 1888 βραχύτερος,

1864 1825 1996 1863 mam
2020 1810 2319 1882 obtigisse?
2335 1812 2447 1884 Ego
2466 1829 2597 1870 vero
2626 1815 2770 1870 haud
2795 1816 3094 1874 difficulter
3116 1818 3432 1883 oatendero.

156 1908 268 1962 τῶν
301 1907 359 1962 δὲ
382 1911 496 1971 τοῖς
539 1908 842 1978 συμφύτοις
875 1908 1064 1972 ὅπλοις
1091 1907 1514 1979 ἡσφαλισμένων
1542 1907 1750 1960 εὐαλω-

157 2001 399 2072 τότερος.
425 2001 539 2054 Καὶ
567 2000 706 2065 πῶς,
737 2000 854 2070 ἐρεῖ
875 2015 980 2065 τις,
1008 2001 1037 2052 ό
1056 1999 1295 2063 τοιοῦτος
1319 1998 1418 2069 τὴν
1449 1997 1622 2070 ἀρχὴν
1649 1998 1751 2068 τὴν

158 2089 302 2143 κατὰ
325 2088 548 2143 πάντων
576 2085 962 2159 κεκλήρωταις
995 2086 1132 2139 Ἀλλ’
1164 2087 1315 2140 οὐδὲν
1340 2081 1495 2156 οἶμαι
1516 2084 1751 2155 χαλεπὸν

158 2181 366 2248 δεῖξαι,
419 2182 503 2234 ὅτι
552 2180 614 2232 τὸ
652 2179 846 2233 δοκοῦν
886 2179 1101 2243 ὲπιδεὲς
1145 2179 1247 2249 τῆς
1295 2177 1512 2247 φύσεως
1552 2177 1747 2248 ἡμῶν,

161 2275 386 2346 ἀφορμὴ
423 2275 560 2344 πρὸς
597 2272 659 2326 τὸ
697 2273 919 2343 κρατεῖν
961 2269 1072 2324 τῶν
1110 2263 1438 2339 ὑποχειρίων
1484 2269 1654 2321 ἐστίν.
1687 2269 1750 2320 Ei

161 2367 269 2439 γὰρ
308 2366 456 2419 οὕτω
487 2364 771 2434 δυνάμεως
821 2359 966 2433 εἶχεν
999 2363 1028 2414 ό
1067 2360 1357 2430 ἄνθρωπος
1385 2399 1400 2423 ,
1432 2359 1507 2423 ὡς
1547 2361 1614 2430 τῇ
1649 2359 1748 2428 μὲν

161 2459 409 2530 ὠκύτητι
457 2456 832 2528 παρατρέχειν
863 2454 954 2507 τὸν
1002 2453 1191 2514 ἵππον,
1240 2451 1501 2523 ἄτριπτον
1553 2451 1611 2504 δὲ
1647 2451 1752 2503 ὑπὸ

164 2549 521 2620 στερρότητος
552 2545 695 2614 ἔχειν
741 2542 833 2596 τὸν
864 2541 1020 2606 πόδα,
1071 2541 1269 2605 ὁπλαῖς
1313 2557 1454 2593 τισιν
1496 2541 1530 2610 ἢ
1565 2539 1758 2610 χηλαῖς

161 2639 527 2711 ἐρειδόμενον,
563 2637 773 2707 κέρατα
816 2635 873 2688 δὲ
919 2635 1014 2687 καὶ
1055 2633 1256 2705 κέντρα
1304 2632 1399 2685 καὶ
1440 2633 1641 2703 ὄνυχας
1694 2633 1753 2683 ἐν

159 2729 345 2800 ἑαύτῷ
384 2727 607 2799 φέρειν·
660 2725 876 2798 πρῶτον
916 2724 1017 2795 μὲν
1069 2724 1342 2796 Θηριώδης
1400 2741 1486 2787 τις
1537 2725 1604 2776 ἂν
1649 2718 1717 2794 ἦν
1745 2763 1760 2787 ,

158 2823 256 2876 καὶ
307 2821 672 2890 δυσάντητος,
723 2817 980 2872 τοιούτων
1031 2817 1196 2870 αὐτοῦ
1244 2816 1323 2888 τῷ
1372 2816 1585 2887 σώματι
1619 2833 1758 2887 συμ-

159 2913 509 2984 πεφυκότων.
552 2913 786 2964 Ἔπειτα
823 2910 878 2962 δὲ
920 2908 1172 2980 παρεῖδεν
1200 2907 1265 2962 ἂν
1294 2907 1392 2979 τὴν
1439 2906 1548 2960 τῶν
1580 2907 1757 2962 ἄλλων

157 3005 377 3078 ἀρχὴν,
432 3003 585 3057 ούδὲν
635 3004 734 3073 τῆς
785 3001 1076 3073 συνεργίας
1127 2999 1236 3054 τῶν
1273 3000 1603 3071 ὑποχειρίων
1642 3001 1756 3053 δεό-

161 3116 352 3170 μενος.
401 3098 542 3151 Νυνὶ
572 3096 632 3150 δὲ
675 3096 865 3149 τούτου
909 3094 1068 3166 χάριν
1111 3093 1196 3164 ἐφ’
1229 3092 1459 3146 ἕκαστον
1497 3093 1606 3146 τῶν
1651 3094 1755 3146 ὖπ-
1781 3123 1825 3180 C

159 3189 513 3262 εζευγμένων
534 3191 665 3262 ἡμῖν
691 3185 747 3241 ai
786 3188 881 3241 τοῦ
908 3187 1021 3257 βίου
1047 3188 1229 3257 χρεῖαι
1257 3183 1751 3256 κατεμερίσθησαν,

158 3283 242 3346 ὼς
268 3281 574 3351 ἀναγκαίαν
600 3282 776 3332 ποιεῖν
803 3279 901 3350 τὴν
927 3277 1047 3331 κατ’
1080 3276 1305 3330 ἐκείνων
1337 3275 1533 3346 ἀρχήν.
1563 3273 1635 3327 Τὸ
1659 3274 1760 3344 μὲν

162 3375 339 3446 βραδὺ
373 3373 470 3427 τοῦ
507 3371 760 3442 σώματος
789 3370 1138 3440 δυσκίνητον,
1182 3368 1272 3421 τὸν
1304 3368 1470 3422 ἵππον
1502 3367 1568 3437 τῇ
1603 3365 1761 3437 χρείᾳ

166 3465 496 3538 προσήγαγέ
536 3481 596 3516 τε
639 3464 734 3516 καὶ
781 3461 1109 3533 ὲδαμόισατο.
1202 3461 1269 3513 Ἦ
1315 3459 1373 3513 δὲ
1413 3459 1516 3528 τῆς
1559 3461 1761 3528 σαρκὸς

164 3559 449 3630 γυμνότης
477 3557 786 3626 ἀναγκαίαν
829 3556 928 3625 τὴν
971 3553 1080 3608 τῶν
1126 3553 1414 3626 προϐάτων
1438 3550 1761 3605 ἐπιστασίαν

164 3651 452 3720 ἐποίησεν,
482 3650 547 3700 ἐκ
580 3647 680 3717 τῆς
715 3645 931 3716 ἐτησίου
964 3645 1072 3698 τῶν
1099 3644 1264 3718 ἐρίων
1293 3643 1467 3714 φορᾶς
1498 3642 1597 3712 τῆς
1623 3642 1763 3712 ἡμε-

160 3743 334 3813 τέρας
370 3741 588 3810 φύσεως
642 3735 1056 3809 ἁναπληροῦσαν
1107 3737 1168 3789 τὸ
1207 3735 1414 3789 λεῖπον.
1462 3733 1537 3788 Τὸ
1578 3732 1636 3786 δὲ
1664 3731 1762 3794 τὰς

164 3832 430 3904 ἀφορμὰς
463 3833 595 3903 ἡμῖν
649 3830 747 3892 τὰς
777 3829 912 3902 πρὸς
943 3827 1032 3882 τὸν
1069 3827 1184 3897 βίον
1208 3827 1302 3881 καὶ
1325 3825 1384 3892 ἐξ
1417 3826 1620 3896 ἑτέρων
1651 3825 1763 3878 εἱσ-

165 3925 428 3994 ἐιγεσθαι,
471 3923 542 3977 τὰ
570 3921 851 3994 ἀχθοφόρα
879 3919 987 3973 τῶν
1022 3919 1178 3982 ζώων
1207 3920 1329 3982 ταῖς
1356 3917 1632 3980 τοιαύταις
1661 3916 1764 3968 ὑπο

167 4016 426 4090 ηρεσίαις
453 4013 770 4080 ὑπέζευξεν.
817 4013 978 4066 Ἀλλὰ
1011 4013 1118 4084 μὴν
1141 4011 1203 4064 τὸ
1236 4011 1312 4082 μὴ
1345 4009 1607 4064 δύνασθαι
1639 4001 1762 4063 καθ⁴

169 4111 471 4182 ὁμοιότητα
515 4107 621 4161 τῶν
675 4106 1035 4177 βοσκημάτων
1083 4105 1411 4174 ποηφαγεῖν,
1451 4101 1765 4174 ὑποχείριον

169 4203 254 4274 τῷ
288 4202 393 4273 βίῳ
421 4200 513 4254 τὸν
541 4199 668 4269 βοῦν
697 4196 1094 4268 ἀπειργάσατο,
1128 4197 1241 4258 τοῖς
1278 4193 1428 4257 ἰδίοις
1453 4192 1637 4256 πόνοις
1665 4192 1765 4264 τὴν

173 4295 326 4367 ζωὴν
354 4295 486 4365 ἡμῖν
511 4291 961 4363 ὲξευμαρίζοντσ.
997 4289 1150 4344 Ἐπεὶ
1179 4289 1237 4342 δὲ
1278 4287 1372 4342 καὶ
1413 4286 1641 4341 ὀδόντων
1673 4286 1766 4340 καὶ

173 4388 456 4458 δήγματος
477 4380 547 4454 ἦν
577 4376 736 4455 χρεία
757 4382 893 4454 πρὸς
917 4381 980 4436 τὺ
1012 4376 1480 4447 καταγωνίζεσθαί
1505 4393 1627 4430 τινα
1659 4374 1767 4428 τῶν

1858 1901 1912 1956 id
1945 1902 2092 1970 quod
2118 1918 2148 1957 a
2178 1912 2375 1960 natura
2402 1907 2562 1962 nobis
2600 1905 2795 1963 deesse
2842 1908 3077 1973 Videtur,
3115 1924 3281 1967 unam
3309 1924 3440 1969 esse

1856 2006 2082 2052 causam
2123 1996 2192 2052 ob
2225 2011 2391 2068 quam
2419 2007 2618 2054 caetera
2660 2009 2848 2055 nostra
2883 2001 2994 2056 sint
3034 2000 3093 2056 in
3140 2010 3434 2071 potestate.

1856 2084 1992 2140 Nam
2026 2086 2074 2140 si
2100 2101 2179 2142 eae
2209 2086 2450 2142 hominis
2471 2090 2615 2144 vires
2660 2088 2861 2156 forent,
2903 2098 2964 2144 ut
3015 2106 3191 2161 equos
3232 2093 3437 2151 celeri-

1856 2187 1968 2236 tate
2005 2189 2385 2250 praacurreret,
2436 2196 2500 2236 ac
2537 2180 2700 2251 pedes
2747 2181 2974 2238 haberet
3012 2199 3077 2240 ea
3115 2184 3338 2251 duritie,
3380 2197 3442 2243 ut

1857 2271 1978 2327 liudi
2003 2287 2112 2326 non
2152 2280 2400 2343 possent,
2436 2270 2658 2342 ungulis
2689 2271 2948 2328 nimirum
2977 2275 3169 2332 solidis
3195 2277 3281 2333 vel
3305 2277 3437 2332 ehea

1859 2361 1926 2417 lis
1953 2362 2238 2430 munitos;
2284 2369 2545 2434 praeterea
2584 2361 2688 2432 ipsi
2727 2378 2829 2418 nec
2861 2378 3068 2419 cornua
3115 2381 3218 2423 nec
3263 2368 3440 2423 aculei

1859 2467 1960 2506 nec
1997 2465 2208 2524 ungues
2237 2453 2492 2510 deessent
2522 2471 2533 2505 :
2571 2453 2805 2522 primum
2841 2453 3062 2524 quidem
3094 2459 3440 2515 immanitate

1861 2542 2009 2598 ferus
2036 2559 2100 2597 ac
2125 2544 2366 2601 crudelis
2399 2553 2568 2610 esset,
2610 2545 2778 2602 rebus
2805 2546 2872 2600 ad
2927 2549 3288 2606 exercendam
3335 2566 3440 2608 stes

1860 2634 2046 2688 vitiant
2077 2638 2411 2706 comparatis
2441 2652 2470 2690 a
2513 2649 2707 2692 natura
2744 2637 3068 2700 instructus.
3099 2638 3306 2698 Deinde
3338 2641 3440 2696 im-

1858 2727 2068 2795 perium
2110 2727 2164 2780 in
2200 2741 2289 2783 res
2313 2734 2540 2784 caeteras
2573 2744 2680 2783 non
2719 2738 3068 2800 occupasset,
3098 2734 3320 2802 quando
3357 2735 3439 2790 eis

1857 2816 2022 2870 etiam
2055 2817 2283 2886 imperio
2321 2833 2422 2874 suo
2446 2818 2711 2889 subjectis
2746 2822 2947 2874 nullam
2993 2821 3061 2876 ad
3095 2837 3212 2879 rem
3258 2826 3441 2897 eguiv

1858 2915 1960 2963 set.
2000 2906 2156 2962 Nunc
2193 2909 2295 2963 hac
2318 2910 2434 2980 ipsa
2469 2910 2537 2965 de
2574 2925 2741 2966 causa
2785 2913 2996 2983 singula
3023 2914 3178 2985 quasi
3230 2919 3438 2974 mancio

1858 3001 1946 3070 pia
1985 3010 2172 3056 nostra
2201 3003 2448 3059 diversos
2475 3004 2543 3058 ad
2583 3020 2718 3060 usus
2739 3006 2862 3060 vitae
2909 3007 3330 3075 destinavimus,
3380 3019 3443 3067 ut

1857 3091 2084 3149 omnino
2104 3093 2262 3148 nobis
2283 3108 2506 3150 necesse
2535 3095 2608 3152 sit
2630 3097 2762 3165 ipsis
2787 3106 2912 3152 eum
2940 3100 3168 3170 imperio
3184 3113 3438 3172 praeesse.

1862 3182 2049 3254 Itaque
2087 3200 2211 3240 cum
2235 3186 2305 3241 ob
2335 3187 2586 3257 corporis
2609 3188 2964 3258 exiguitatem
3009 3191 3129 3247 loco
3153 3208 3261 3247 non
3303 3196 3442 3252 satis

1862 3277 2076 3347 agiliter
2125 3293 2460 3344 moveamur,
2517 3293 2720 3351 equum
2778 3282 2990 3337 scilicet
3049 3282 3318 3340 domitum
3371 3287 3440 3344 ad

1863 3384 2022 3424 usum
2058 3373 2307 3426 nostrum
2337 3371 2658 3426 accivimus.
2695 3371 2953 3443 CorpOris
3000 3375 3242 3442 nuditas,
3280 3384 3343 3432 ut
3383 3378 3440 3432 in

1860 3477 1992 3518 oves
2044 3461 2329 3532 imperium
2371 3463 2686 3519 necessario
2748 3479 3178 3535 usurparemus,
3220 3467 3438 3526 eil'ecit:

1860 3567 1972 3624 quo
1999 3567 2067 3608 cx
2093 3553 2292 3612 annuis
2325 3567 2514 3610 earum
2562 3554 2728 3616 lanis.
2780 3555 2924 3625 quod
2983 3566 3192 3613 natura:
3243 3567 3443 3614 nostra!

1862 3644 2068 3711 deerat,
2103 3660 2464 3701 sumeremus.
2492 3645 2649 3712 Quod
2687 3647 2808 3702 aliis
2845 3663 2910 3702 ex
2943 3647 3260 3718 regionibus
3292 3662 3444 3720 quae-

1863 3737 1989 3792 dam
2037 3736 2107 3792 ad
2157 3736 2320 3816 vitam
2352 3733 2730 3796 sustinendam
2791 3738 3025 3807 petenda
3077 3748 3286 3804 essent,
3315 3741 3445 3797 fecit

1863 3834 1925 3886 ut
1964 3828 2219 3885 animalia
2252 3843 2374 3900 quae
2395 3827 2632 3884 ferendis
2661 3830 2924 3885 oneribus
2951 3838 3158 3896 essent,
3198 3832 3252 3888 in
3297 3832 3444 3888 hunc

1865 3935 2025 3977 usum
2058 3922 2371 3992 subjugum
2405 3921 2768 3977 mitteremus.
2811 3921 2949 3987 Quia
2987 3937 3152 3992 porro
3171 3923 3286 3980 fieri
3332 3937 3445 3980 non

1867 4021 2082 4084 poterat
2111 4019 2173 4068 ut
2200 4013 2377 4068 instar
2408 4012 2742 4084 reliquorum
2779 4028 3039 4082 pecorum
3085 4015 3271 4070 herbis
3319 4032 3446 4088 κιαι

1865 4103 2122 4172 mincque
2153 4117 2499 4158 vesceremur
2532 4120 2545 4156 :
2584 4101 2792 4157 idcirco
2833 4102 3025 4158 bovem
3063 4105 3220 4163 nobis
3257 4108 3442 4176 subje-

1867 4195 2064 4257 cimus,
2105 4209 2214 4265 quo
2252 4209 2352 4265 pro
2379 4194 2539 4251 nobis
2577 4194 2863 4250 laborante
2907 4195 3193 4264 confieret,
3241 4205 3302 4252 ut
3346 4213 3447 4254 nos

1862 4287 2105 4358 jucunde
2136 4287 2501 4358 facillimeque
2529 4288 2883 4359 agitaremus.
2915 4287 3185 4345 Dentibus
3211 4302 3275 4346 ac
3299 4305 3449 4345 mor-

1869 4395 1935 4436 su
1967 4378 2127 4435 nobis
2161 4394 2301 4450 opus
2328 4386 2448 4434 erat
2488 4377 2556 4432 ad
2593 4378 2957 4449 expugnanda
2989 4387 3188 4436 caetera
3236 4384 3445 4436 anima-

175 4480 358 4535 ἄλλων
385 4478 563 4542 ζώων.
591 4476 679 4530 διὰ
705 4475 803 4544 τῆς
828 4474 936 4527 τῶν
967 4473 1195 4528 ὀδόντων
1231 4470 1456 4543 βλάϐης,
1489 4467 1755 4543 παρέσχεν

1870 4474 1964 4538 lia,
1984 4472 2216 4544 praebuit
2255 4471 2322 4526 ad
2364 4471 2510 4526 hunc
2542 4487 2699 4528 usum
2741 4471 2900 4527 nobis
2939 4473 3218 4527 maxillam
3273 4475 3450 4539 canis,

175 4575 207 4625 δ
239 4570 388 4625 κύων
416 4567 554 4641 μετὰ
576 4566 671 4621 τοῦ
702 4567 897 4635 τάχους
919 4564 1021 4635 τὴν
1048 4563 1183 4616 ἰδίαν
1211 4562 1372 4630 γένυν
1397 4561 1464 4631 τῇ
1520 4559 1768 4630 ἡμετέρᾳ

175 4666 364 4738 χρείᾳ,
393 4659 508 4716 οἷόν
547 4679 631 4726 τις
665 4659 906 4730 ἔμψυχος
937 4658 1182 4729 μάχαιρα
1213 4654 1292 4725 τῷ
1323 4653 1594 4725 ἀνθρώπῳ
1617 4651 1772 4736 γενότ

183 4776 366 4830 μενος.
421 4755 684 4827 Κεράτων
727 4753 785 4807 δὲ
839 4751 1111 4823 προϐολῆς
1171 4749 1265 4804 καὶ
1323 4748 1533 4818 ὀνύχων
1582 4745 1769 4816 ἀκμῆς

183 4847 535 4924 ἰσχυρότερός
564 4864 622 4901 τε
653 4846 749 4900 καὶ
787 4844 1096 4914 τομώτερος
1135 4841 1476 4911 ἐπινενόηται
1523 4841 1636 4902 τοῖς
1677 4838 1770 4889 ἁν-

179 4941 425 5013 θρὼποις
456 4941 485 4991 ὁ
511 4938 626 5009 σίδη
638 4954 746 5006 ρος,
771 4937 871 4989 οὐκ
897 4934 985 4988 ἀεὶ
1013 4930 1384 5005 συμπεφυκὼς
1405 4932 1558 5003 ἡμῖν,
1581 4927 1768 4998 ὥσπερ

180 5036 295 5095 τοῖς
325 5028 540 5102 Θηρίοις
569 5031 772 5088 ἐκεῖνα,
798 5026 911 5080 ἀλλ’
943 5026 1035 5079 ἐπὶ
1069 5023 1262 5095 καιροῦ
1291 5023 1679 5094 συμμαχήσας,
1707 5013 1771 5072 τὸ

179 5125 369 5179 λοιπὸν
401 5118 488 5193 ἐφ’
513 5120 706 5176 ἑαυτοῦ
741 5120 911 5191 μένει.
957 5120 1066 5172 Καὶ
1097 5118 1219 5171 ἀντὶ
1245 5108 1345 5187 τῆς
1369 5113 1464 5167 τοῦ
1492 5109 1771 5184 κροκοδεί-

179 5210 274 5270 λου
326 5214 559 5286 φωλίδος
584 5247 600 5277 ,
655 5212 772 5266 ἔστι
829 5210 928 5281 μὲν
984 5202 1078 5262 καὶ
1129 5208 1294 5262 αὐτὸν
1344 5206 1553 5263 ἐκεῖνον
1608 5203 1772 5257 ὅπλον

179 5305 543 5378 ποιήσασθαι,
576 5304 718 5357 κατὰ
748 5298 940 5374 καιρὸν
965 5300 1065 5370 τὴν
1102 5299 1264 5371 δορὰν
1292 5296 1671 5368 περιθέμενον.
1707 5296 1772 5349 Εἰ

178 5403 236 5455 δὲ
263 5401 366 5473 μὴ,
394 5396 792 5469 σχηματίζεται
825 5395 919 5448 καὶ
946 5392 1080 5465 πρὸς
1108 5391 1266 5444 τοῦτο
1287 5389 1438 5462 παρᾶ
1461 5389 1561 5459 τῆς
1581 5387 1775 5456 τέχνης

180 5496 208 5546 6
242 5492 487 5563 σίδηρος,
516 5490 576 5553 ὃς
606 5489 699 5540 ἐπὶ
728 5486 920 5557 καιροῦ
953 5485 1090 5558 πρὸς
1116 5484 1207 5537 τὸν
1237 5479 1472 5551 πόλεμον
1501 5479 1779 5552 ὑπηρετή-

183 5602 306 5650 σας,
343 5583 512 5638 πάλιν
570 5580 854 5651 ἐλεύθερον
915 5577 1010 5631 τοῦ
1047 5575 1246 5646 ἄχθους
1294 5574 1384 5626 ἐπ’
1421 5571 1644 5642 εἰρήνης
1684 5569 1777 5622 τδν

178 5676 410 5749 ὁπλίτην
424 5676 734 5731 κατέλιπεν.
770 5672 1061 5741 Ὑπηρετεῖ
1085 5670 1141 5723 δὲ
1164 5667 1242 5739 τῷ
1261 5667 1359 5738 βίῳ
1383 5666 1476 5722 καὶ
1501 5665 1562 5720 τὸ
1582 5663 1780 5736 πτερὸν

181 5776 294 5830 τῶν
325 5771 558 5842 ὀρνέων,
583 5767 659 5830 ὡς
695 5764 827 5837 μηδὲ
855 5763 949 5817 τοῦ
973 5759 1177 5834 πτηνοῦ
1211 5759 1407 5830 τάχους
1439 5757 1505 5813 δι’
1538 5756 1779 5821 ἐπινοίας

1875 4573 2038 4633 atque
2079 4563 2243 4619 etiam
2267 4563 2606 4619 velocitatem
2636 4577 2815 4624 suam.
2863 4566 2925 4616 ut
2963 4577 3071 4618 non
3101 4565 3338 4621 absurde
3371 4567 3452 4620 vt-

1874 4673 1976 4713 vus
2030 4653 2269 4711 hominis
2312 4653 2525 4723 gladius
2549 4653 2654 4709 dici
2689 4654 2884 4724 possit.
2920 4654 3198 4710 Cornuum
3236 4665 3292 4713 et
3349 4672 3465 4721 una

1873 4749 2059 4821 guium
2094 4748 2216 4802 loco
2243 4746 2389 4801 ferro
2420 4744 2682 4799 utendum
2703 4759 2826 4800 esse
2859 4744 3039 4814 potius
3062 4743 3311 4802 homines
3337 4747 3454 4800 aui-

1875 4839 2307 4898 madverterunt,
2348 4833 2492 4904 quod
2524 4835 2615 4888 illa
2647 4849 2773 4888 cum
2800 4833 3022 4894 duritie.
3053 4840 3167 4889 tum
3202 4839 3456 4894 acumine

1876 4932 2036 5002 longe
2065 4929 2253 4984 vincit.
2277 4926 2600 4998 Quanquam
2634 4924 2841 4980 ferrum
2885 4924 3134 4982 homines
3162 4941 3272 4981 non
3307 4943 3453 4985 sem-

1879 5037 1976 5092 per
2005 5025 2294 5089 usurpant,
2329 5017 2472 5072 sicut
2505 5016 2596 5069 illa
2631 5013 3056 5086 ferisnunquam
3087 5030 3198 5072 non
3234 5017 3455 5084 adsunt;

1881 5113 1972 5167 sed
2011 5112 2216 5165 utimur
2247 5124 2314 5165 eo
2348 5109 2642 5170 interdum,
2689 5121 2812 5160 cum
2847 5106 2922 5161 ita
2961 5121 3049 5161 res
3091 5110 3352 5178 postulat,
3391 5124 3459 5166 ac

1882 5204 2079 5259 deinde
2109 5202 2350 5257 vicissim
2390 5199 2700 5271 deponitur.
2768 5196 2877 5254 Pro
2903 5198 3165 5256 crocodili
3197 5214 3456 5270 squamea

1879 5306 2026 5362 cute,
2061 5295 2187 5350 licet
2211 5294 2281 5350 ab
2317 5292 2512 5350 eodem
2551 5299 2734 5363 petere
2774 5290 2921 5362 quod
2981 5306 3081 5346 nos
3137 5293 3368 5360 muniat,
3410 5293 3462 5349 si

1880 5388 2133 5444 videlicet
2152 5395 2247 5442 aut
2267 5395 2504 5458 tergora,
2545 5393 2640 5440 aut
2672 5385 2874 5442 ferrum
2909 5384 2976 5440 ad
2998 5385 3250 5444 eumdem
3297 5398 3458 5442 usum

1883 5481 2289 5537 conformatum
2319 5477 2635 5533 induamus.
2667 5476 2782 5533 Hoc
2835 5476 2966 5532 belli
3015 5485 3258 5548 tempore
3311 5485 3463 5548 post.

1885 5589 2046 5646 quam
2106 5572 2262 5628 miles
2324 5570 2632 5640 usurpavit,
2673 5582 2806 5640 pace
2843 5564 3159 5634 constituta,
3214 5569 3461 5639 ejusdem

1887 5677 2055 5717 onere
2089 5677 2150 5717 se
2179 5661 2340 5717 levat.
2375 5658 2549 5715 Etiam
2573 5659 2755 5713 avium
2780 5671 2971 5728 pennae
3008 5657 3290 5712 hominum
3315 5673 3466 5713 com-

1893 5757 2070 5814 modis
2110 5755 2378 5825 serviunt,
2402 5753 2673 5811 efﬁciente
2699 5752 2979 5808 hominum
3017 5747 3300 5816 industria,
3321 5744 3462 5814 quod
