3844 6226
413 267 519 325 1⁵59

1663 261 1723 324 s.
1764 247 2098 322 causam:
2131 267 2423 326 NYSSENI

3584 275 3682 329 HO

412 385 499 440 dis
548 395 645 454 per
699 395 896 438 sensus
954 383 1141 436 omnia
1193 379 1550 451 suscipimus.
1598 378 1696 435 Est
1738 379 1887 436 enim
1934 379 1984 433 in

2099 397 2238 435 σεων
2267 382 2376 438 τῶν
2404 381 2549 437 κατὰ
2577 382 2724 456 ζωὴν
2752 382 3145 455 ἐφαπτώμεθα.
3175 384 3290 440 Μία
3317 385 3430 458 γάρ
3452 386 3536 451 τίς
3567 389 3677 442 ἐστι

411 476 573 534 nobis
600 489 710 530 una
737 472 986 547 quaedam
1013 473 1098 529 vis
1133 487 1200 528 ac
1231 471 1487 535 facultas.
1524 472 1788 528 nimirum
1811 473 1990 536 mens,

411 582 534 640 quae
555 567 801 637 singulas
854 580 1118 621 sensuum
1165 563 1324 620 sedes
1356 561 1687 634 permeando
1733 566 1992 618 universa

402 659 604 718 "efﬁcit.
635 658 762 715 Haec
793 657 971 714 oculis
1014 657 1277 729 quidquid
1331 656 1580 722 oﬂ‘ertur,
1627 656 1818 712 videt:
1875 655 1992 710 hac

411 751 679 826 quidquid
717 750 942 817 dicitur,
983 750 1200 804 aurium
1231 763 1335 820 ope
1379 749 1630 820 percipit.
1694 746 1819 803 Haec
1869 748 1993 818 quae

411 852 563 916 grata
601 851 729 899 sunt
773 841 1140 911 amplectitur,
1195 840 1409 910 ingrata
1471 853 1602 894 vero
1659 844 1986 905 aversatur;

410 935 526 991 haec
569 949 731 988 manu
776 933 1027 988 ministra
1077 944 1461 1002 quamcunque
1513 930 1580 985 ad
1646 945 1764 986 rem
1809 929 1987 986 visum

411 1025 595 1089 fuerit,
624 1026 816 1088 utitur,
843 1023 1089 1094 ejusdem
1121 1030 1182 1076 ut
1220 1021 1570 1076 instrumenti
1615 1033 1720 1092 cpe
1766 1027 1854 1078 res
1903 1020 1987 1078 Vel

408 1119 676 1183 continet,
702 1117 787 1171 vel
822 1113 1018 1184 rejicit,
1046 1124 1202 1185 prout
1229 1130 1296 1168 ex
1317 1128 1420 1168 usu
1451 1112 1566 1168 fore
1592 1115 1802 1168 statuit.
1825 1113 1984 1180 Quod

411 1210 459 1264 si
489 1208 657 1279 igitur
700 1207 756 1263 in
807 1207 1027 1262 homine
1068 1222 1236 1260 unum
1278 1206 1540 1276 quiddam
1587 1217 1671 1262 est
1709 1211 1764 1262 et
1816 1206 1984 1272 idem,

406 1300 554 1372 quod
593 1314 687 1368 per
729 1299 913 1354 omnia
943 1299 996 1351 vi
1033 1297 1396 1367 facultateque
1432 1313 1531 1352 sua
1567 1297 1677 1368 agit
1709 1312 1772 1350 ac
1804 1313 1989 1352 move-

408 1400 522 1455 tur,
559 1399 614 1446 et
633 1390 876 1446 vicissim
903 1403 1051 1445 nunc
1102 1388 1208 1443 hoc
1246 1403 1394 1442 nunc
1447 1387 1540 1442 illo
1590 1403 1755 1444 sensu
1789 1387 1984 1452 utitur,

409 1485 663 1558 quodque
690 1483 763 1538 ob
789 1481 981 1553 agendi
1007 1481 1329 1536 varietatem
1368 1487 1625 1535 naturam
1675 1494 1832 1535 suam
1876 1496 1983 1534 non

407 1586 604 1643 mutat,
636 1585 914 1645 utcunque
936 1587 1198 1630 sensuum
1223 1573 1594 1628 instrumenta
1611 1572 1830 1629 diversa
1875 1572 1986 1628 sint

405 1689 436 1728 a
466 1679 662 1728 natura
695 1669 918 1726 condita
948 1684 964 1723 ε
989 1682 1099 1740 quo
1119 1674 1279 1739 pacto
1303 1665 1428 1738 quis
1454 1666 1591 1723 adeo
1608 1665 1836 1722 demens
1861 1680 1985 1722 esse

2094 473 2344 545 δύναμις,
2375 475 2537 540 αὐτὸς
2569 479 2599 530 6
2625 476 2944 548 ἐγκείμενος
2976 476 3122 542 νοῦς,
3151 477 3180 531 6
3206 477 3276 532 δι’
3309 477 3552 532 ἑκάστου
3572 481 3678 534 τῶν

2095 569 2466 641 αἰσθητηρίων
2485 569 2720 634 διεξιὼν,
2746 569 2968 624 καὶτῶν
2992 569 3163 624 ὅντων
3197 571 3678 644 ἐπιδρασσόμενος,

2101 656 2271 726 Οὗτος
2300 661 2498 734 θεωρεῖ
2535 662 2622 716 διὰ
2651 661 2758 717 τῶν
2789 661 3086 733 ὀφθαλμῶν
3112 661 3175 716 τὸ
3203 662 3563 734 φαινόμενον·
3593 655 3679 717 οὗ.

2092 764 2186 815 τος
2209 753 2496 807 συνιεῖ“διά
2532 753 2635 824 τῆς
2670 754 2840 826 ἀκοῆς
2865 753 2927 807 τὸ
2955 753 3276 824 λεγόμενον,
3316 754 3506 827 ἀγαπᾷ
3530 773 3591 809 τε
3620 757 3678 810 τὸ

2093 842 2475 914 κατευθύμιον,
2524 843 2621 896 καὶ
2649 841 2712 897 τὸ
2747 843 2823 915 μὴ
2849 843 2974 896 καθ’
3005 844 3205 917 ἡδονὴν
3249 845 3675 916 ἀποστρέφεται,

2091 935 2185 986 καὶ
2219 935 2285 1004 τῇ
2325 935 2468 1006 χειρὶ
2499 933 2698 1006 χρῆται
2745 933 2883 1004 πρὸς
2921 933 2982 986 τὸ
3019 935 3048 987 ὅ
3073 951 3126 987 τι
3157 933 3426 1005 βούλεται,
3461 936 3678 1007 κρατῶν

2089 1026 2157 1080 δι’
2179 1025 2348 1097 αὐτῆς
2371 1027 2465 1080 καὶ
2491 1025 2880 1097 ἀπωθούμενος
2907 1026 3013 1080 ἀπε
3022 1041 3056 1098 ρ
3075 1025 3142 1079 ἂν
3169 1025 3470 1079 λυσιτελεῖν
3487 1027 3672 1100 κρίνῃ,

2088 1121 2155 1190 τῇ
2185 1117 2278 1171 τοῦ
2301 1117 2536 1190 ὀργάνου
2566 1117 2828 1190 συνεργίᾳ
2869 1119 2951 1182 εἰς
2978 1117 3137 1171 τοῦτο
3174 1118 3582 1190 συγχρώμενος.
3615 1121 3680 1172 Εἰ

2087 1210 2267 1264 τοίνυν
2313 1212 2370 1263 ἐν
2408 1210 2486 1282 τῷ
2529 1209 2804 1282 ἀνθρώπῳ
2852 1210 2961 1264 κᾶν
2993 1210 3227 1283 διάφορα
3268 1211 3406 1281 τύχῃ
3437 1210 3505 1263 τὰ
3542 1209 3678 1281 πρός

2088 1303 2341 1374 αἴσθησιν
2373 1302 2859 1374 κατεσκευασμένα
2884 1304 3036 1374 παρὰ
3056 1303 3156 1373 τῆς
3191 1301 3407 1372 φύσεως
3434 1303 3674 1374 ὄργανα,

2086 1397 2115 1448 6
2129 1395 2217 1448 διὰ
2241 1395 2457 1448 πάντων
2478 1394 2718 1465 ἐνεργῶν
2745 1395 2842 1448 καὶ
2864 1394 3186 1464 κινούμενος
3205 1395 3300 1448 καὶ
3323 1394 3675 1465 καταλλήλως

2088 1488 2304 1558 ἑκάστῳ
2338 1487 2474 1560 πρὸς
2517 1487 2580 1540 τὸ
2621 1480 2987 1556 προκείμενον
3023 1485 3400 1558 κεχρημένος,
3442 1481 3526 1549 εἷς
3557 1488 3678 1538 ἐστι⁴

2086 1580 2181 1633 καὶ
2205 1581 2234 1634 6
2260 1577 2422 1643 αὐτὸς
2447 1618 2464 1644 ,
2502 1581 2623 1644 ταῖς
2656 1579 2939 1650 διαφοραῖς
2980 1577 3090 1632 τῶν
3126 1577 3415 1648 ἐνεργειῶν
3457 1577 3518 1630 οὐ
3551 1593 3676 1629 συνο

2089 1672 2438 1741 εξαλλάσσων
2465 1671 2565 1743 τὴν
2597 1671 2760 1741 φύσιν
2786 1689 2800 1701 ·
2831 1670 2947 1732 πῶς
2988 1669 3048 1724 ἀν
3074 1686 3158 1734 τις
3185 1670 3279 1722 ἐπὶ
3305 1667 3403 1722 τοῦ
3430 1667 3568 1722 Θεοῦ
3591 1668 3683 1721 διὰ

407 1765 605 1837 possit,
643 1772 704 1818 ut
730 1761 827 1819 Dei
856 1769 1111 1816 naturam
1145 1774 1246 1832 per
1278 1758 1572 1816 facultates
1596 1759 1780 1814 varias
1825 1757 1980 1825 quasi

2088 1765 2194 1818 τῶν
2223 1764 2484 1817 ποικίλων
2498 1763 2778 1834 δυνάμεων
2800 1762 2861 1815 τὸ
2891 1761 3197 1833 πολυμερὲς
3219 1761 3316 1831 τῆς
3335 1760 3524 1824 οὐσίας
3548 1777 3678 1814 κατ-

405 1857 867 1912 multimembrem
909 1853 929 1926 (
956 1864 1017 1910 ut
1046 1854 1122 1909 ita
1151 1853 1411 1923 dixerim)
1443 1852 1816 1924 imaginctur?
1846 1850 1982 1906 Nam

409 1967 430 2002 ι
469 1946 572 2016 Qui
600 1947 818 2002 oculum
847 1945 1023 2009 finxit,
1044 1965 1064 1998 ι
1092 1947 1171 2000 uti
1205 1943 1369 2000 Vates
1391 1945 1635 2014 loquitur
1661 1944 1728 2011 “,
1766 1963 1785 1998 ι
1811 1953 1865 2000 et
1887 1959 1986 1997 au-

403 2053 520 2095 rem
558 2036 844 2108 plantavit,
875 2055 894 2087 ι
935 2033 1223 2090 facultates
1281 2034 1447 2088 hasce
1503 2041 1762 2103 tauquam
1825 2039 1984 2089 notas

403 2134 670 2204 quasdam
700 2130 766 2184 de
787 2129 988 2200 quibus
1010 2127 1138 2183 facti
1171 2127 1237 2181 ad
1267 2127 1444 2198 ipsius
1475 2126 1783 2197 exemplum
1814 2140 1984 2196 agno-

405 2237 706 2284 sceremur,
742 2221 1024 2275 hominum
1056 2226 1268 2274 natura:
1313 2219 1616 2289 impressit.
1653 2216 1865 2272 ideirco
1896 2217 1985 2272 in-

403 2317 524 2388 quit
551 2335 567 2371 :
597 2335 614 2367 σ
634 2313 922 2368 Faciamus
951 2311 1224 2367 hominem
1256 2309 1631 2381 adimagincm
1659 2320 1927 2364 nostram.
1959 2329 1978 2361 ι

406 2408 512 2464 Sed
541 2407 634 2463 ubi
674 2405 834 2461 nobis
865 2401 1153 2459 Anommi?
1197 2402 1327 2472 quid
1371 2402 1438 2456 ad
1478 2402 1593 2456 hazc
1638 2400 1856 2456 tandem
1897 2399 1984 2455 di-

407 2500 552 2555 cturi
582 2497 754 2554 sunt?
774 2511 885 2566 quo
906 2503 1068 2566 pacto
1098 2494 1360 2549 adversus
1386 2503 1449 2547 ea
1465 2508 1586 2564 quae
1607 2491 1807 2546 tradita
1835 2506 1864 2546 a
1888 2505 1986 2547 no-

403 2589 488 2645 bis
520 2596 669 2653 sunt,
717 2586 1023 2643 doctrinam
1071 2599 1228 2641 suam
1280 2581 1581 2638 absurdam
1646 2583 1986 2638 tuebuntur?

405 2683 638 2738 hoccine
668 2682 880 2737 scilicet
908 2677 1340 2751 respondebunt,
1390 2676 1507 2731 fieri
1554 2690 1720 2747 posse
1759 2685 1821 2731 ut
1873 2691 1982 2731 una

402 2774 704 2845 eademque
760 2773 939 2843 imago
988 2769 1183 2825 formis
1233 2767 1470 2823 diversis
1508 2765 1838 2838 respondeat
1866 2765 1984 2821 ?At

404 2883 535 2924 vero
573 2866 618 2923 si
649 2875 847 2921 natura
881 2862 1029 2919 Patri
1051 2861 1339 2918 dissimilis
1368 2867 1455 2914 est
1484 2856 1681 2922 Filius,
1705 2858 1983 2928 quomodo

2086 1855 2431 1921 οπτεύσειεν;
2469 1872 2490 1907 ι
2511 1854 2572 1908 ’0
2593 1875 2610 1907 ι
2637 1856 2744 1927 γὰρ
2767 1874 2786 1906 ι
2808 1854 3019 1918 πλάσας
3031 1855 3124 1907 τὸν
3144 1853 3437 1923 ὀφθαλμὸν,
3453 1871 3472 1901 ι
3493 1850 3680 1913 καθώς

2087 1965 2253 2019 φησιν
2282 1948 2310 1999 6
2343 1948 2651 2022 Προφήτης,
2673 1949 2767 2002 καὶ
2807 1966 2825 1997 ι
2845 1948 2873 1999 ὁ
2904 1945 3177 2015 φυτεύσας
3201 1944 3261 1998 τὸ
3288 1941 3430 2008 οὗς,ι
3453 1945 3594 2014 πρὸς
3611 1944 3680 1996 τὰ

2087 2039 2146 2090 ἐν
2175 2040 2324 2111 αὐτῷ
2356 2038 2775 2111 παραδείγματα
2796 2039 2894 2101 τὰς
2925 2037 3203 2107 ἐνεργείας
3228 2036 3430 2099 ταύτας
3459 2030 3576 2089 οἷόν
3599 2053 3682 2088 ne

2085 2148 2183 2194 νας
2199 2119 2592 2202 γνωριστικοὺς
2610 2130 2963 2202 χαρακτῆρας
2978 2132 3045 2200 τῇ
3067 2128 3226 2199 φύσει
3247 2128 3355 2180 τῶν
3371 2127 3467 2181 ἀνθ
3478 2126 3679 2197 ρώπων

2085 2221 2478 2292 ἐνεσημήνατο.
2511 2238 2530 2271 ι
2555 2221 2878 2290 Ποιήσωμεν
2900 2238 2918 2271 ι
2950 2217 3081 2290 γάρ,
3123 2218 3311 2289 φησὶν,
3349 2216 3686 2288 «ἄνθρωπον

2091 2314 2212 2367 κατ’
2239 2312 2425 2366 εἰκόνα
2448 2312 2778 2384 ἡμετέραν.»
2815 2310 2975 2364 Ἀλλὰ
3003 2309 3106 2363 ποῦ
3133 2328 3222 2382 μοι
3246 2311 3355 2363 τῶν
3379 2312 3682 2381 Ἀνομοίων

2086 2406 2120 2474 ἡ
2148 2405 2391 2477 αἴρεσις;
2439 2403 2491 2458 τί
2520 2403 2656 2475 πρὸς
2680 2405 2779 2474 τὴν
2799 2403 3055 2475 τοιαύτην
3089 2403 3274 2475 ἐροῦσι
3306 2405 3522 2476 φωνήνς
3555 2405 3682 2468 πῶς

2091 2495 2452 2551 διασώσουσιν
2483 2497 2542 2548 ἐν
2566 2497 2679 2559 τοῖς
2719 2496 3030 2568 εἰρημένοις
3057 2495 3151 2550 τοῦ
3188 2497 3454 2566 δόγματος
3491 2497 3684 2550 αὐτῶν

2083 2587 2182 2658 τὴν
2215 2586 2518 2658 κενότητα;
2547 2583 2658 2659 ἆρα
2687 2585 2913 2640 δυνατὸν
2944 2583 3084 2640 εἶναι
3127 2589 3360 2658 φήσουσι
3385 2627 3403 2651 ,
3435 2586 3572 2657 μίαν
3600 2591 3681 2641 εὶ-

2083 2681 2218 2734 κόνα
2263 2680 2544 2752 διαφόροις
2591 2678 2925 2750 ὁμοιωθῆναι
2971 2682 3241 2750 μορφαίςς
3297 2680 3359 2732 Εἰ
3408 2680 3679 2750 ἀνόμοιος

2085 2771 2226 2827 κατά
2266 2771 2364 2843 τὴν
2402 2770 2562 2841 φύσιν
2600 2770 2680 2842 τῷ
2718 2772 2896 2841 Πατρὶ
2927 2771 2955 2822 6
2993 2771 3138 2832 Υἱὸς,
3182 2770 3300 2833 πῶς
3333 2770 3462 2840 μίαν
3502 2788 3678 2824 κατα-

2086 2864 2338 2928 σκευάζει
2360 2863 2468 2916 τῶν
2494 2862 2763 2933 διαφόρων
2793 2863 3008 2932 φύσεων
3039 2863 3139 2933 τὴν
3171 2863 3390 2928 εἰκόνα;
3435 2863 3496 2915 '0
3529 2865 3669 2934 γὰρ,

403 2971 726 3016 naturarum
777 2959 1117 3014 diversarum
1151 2954 1345 3010 eadem
1404 2952 1596 3008 effecta
1649 2951 1833 3023 imago
1867 2949 1984 3008 est?

2090 2976 2107 3009 ι
2138 2958 2456 3028 Ποιήσωμεν
2469 2954 2752 3026 ἄνθρωπον
2765 2955 2884 3008 κατ’
2899 2955 3083 3008 είκόνα
3099 2957 3132 3025 ἡ
3142 2955 3269 3025 μετέ
3276 2973 3396 3026 ραν,
3423 2975 3442 3007 ι
3474 2955 3675 3016 εἰπὼν.

403 3053 541 3110 Nam
569 3067 696 3107 cum
723 3051 960 3112 dicatur,
1012 3064 1033 3100 ι
1066 3040 1359 3102 Faciamus
1385 3045 1663 3101 hominem
1705 3046 1774 3100 ad
1804 3045 1982 3100 nostri

2088 3049 2181 3102 καὶ
2215 3047 2304 3100 διὰ
2330 3049 2430 3118 τῆς
2453 3046 2822 3118 πληθῠντικῆς
2856 3045 3130 3116 σημασίας⁸
3157 3045 3254 3116 τὴν
3271 3047 3434 3114 ἁγίαν
3463 3047 3675 3118 Τριὰδα

403 3148 726 3220 imaginem;
770 3162 790 3197 ι
835 3156 1176 3211 numeroque
1209 3139 1579 3195 multitudinis
1621 3147 1979 3195 sacrosancta

2094 3141 2348 3212 δηλώσας
2372 3111 2508 3204 ,οὐκ
2535 3111 2600 3193 ἀν
2617 3137 2716 3210 τῆς
2749 3111 2956 3202 είκόνος
2998 3111 3299 3210 μοναδικῶς
3320 3111 3536 3211 -ἐπεμνιίς
3547 3140 3677 3210 σθη,

403 3242 650 3297 Trinitas
691 3235 963 3292 indicetur
1014 3253 1028 3289 :
1085 3248 1195 3288 non
1251 3240 1368 3286 erat
1423 3245 1654 3287 numero
1710 3231 1976 3302 singulari

2088 3234 2236 3308 εἴπερ
2252 3232 2518 3304 ἀνομοίως
2536 3233 2648 3302 ἐχοι
2674 3233 2812 3302 πρὸς
2826 3231 3030 3303 ἄλληλα
3043 3231 3434 3302 τὰ-ἀρχέτυπα.
3459 3234 3536 3286 Οὐ
3560 3233 3676 3305 γάρ

403 3332 658 3406 imaginis
677 3326 924 3385 facienda
950 3325 1174 3389 mentio,
1199 3323 1470 3396 siquidem
1497 3323 1794 3380 dissimiles
1823 3333 1982 3379 erant

2088 3322 2148 3400 ἦν
2193 3327 2412 3382 δυνατὸν
2452 3326 2562 3380 τῶν
2601 3325 2848 3398 ἀλλήλοις
2895 3325 2973 3399 μὴ
3017 3326 3422 3397 συμϐαινόντων
3469 3329 3550 3391 είς
3610 3326 3682 3380 ἓν

403 3427 472 3483 ad
535 3437 767 3496 quorum
827 3418 1110 3490 exemplar
1171 3431 1237 3472 ea
1306 3415 1783 3472 conformabatur.
1833 3415 1980 3473 Fieri

2088 3419 2465 3491 ἀναδειχθῆναι
2513 3419 2807 3489 ὁμοίωμαο
2852 3418 2970 3472 ἀλλ’
3019 3419 3073 3472 εἱ
3120 3414 3371 3489 διάφοροί
3416 3413 3556 3489 ἦσαν
3623 3420 3678 3472 αἱ

402 3519 549 3575 enim
584 3516 1006 3587 haudquaquam
1041 3517 1278 3582 poterat,
1319 3517 1380 3563 ut
1421 3507 1721 3565 dissimiles
1773 3522 1839 3563 ae
1895 3507 1980 3562 di-

2088 3512 2292 3582 φύσεις.
2310 3511 2599 3582 διαφόρους
2627 3510 2842 3572 πάντως
2866 3511 2959 3563 καὶ
2981 3510 3079 3564 τὰς
3104 3510 3315 3572 εἰκόνας
3343 3508 3530 3562 αὐτῶν
3598 3511 3678 3562 ἐνο

400 3610 548 3667 versi
590 3609 733 3664 inter
783 3621 844 3664 se
883 3620 992 3661 una
1032 3602 1332 3672 eademque
1385 3602 1624 3671 imagine
1672 3617 1980 3672 repraesen-

2088 3603 2385 3672 εστήσατο,
2437 3601 2536 3671 τὴν
2582 3599 2920 3671 κατάλληλον
2971 3597 3180 3672 ἑκάστῃ
3231 3599 3676 3670 δημιουργήσας.

401 3708 692 3759 tarentur:
721 3698 968 3768 adeoque
999 3695 1047 3753 si
1074 3702 1232 3749 erant
1262 3700 1475 3747 natura
1499 3690 1752 3756 diversae,
1812 3692 1979 3746 etiam

2099 3691 2240 3745 Ἀλλ’
2272 3690 2463 3762 ἐπειδὴ
2495 3691 2593 3762 μία
2635 3689 2735 3761 μὲν
2763 3691 2797 3762 ἡ
2830 3689 3020 3752 εἰκὼν,
3056 3683 3155 3762 οὔχ
3189 3689 3248 3743 ἓν
3286 3690 3342 3743 δὲ
3372 3684 3433 3743 τὸ
3463 3691 3570 3759 τῆς
3601 3693 3680 3742 εξ-

403 3795 673 3866 imagines
731 3806 827 3847 eos
867 3790 956 3846 sui
1015 3788 1262 3845 diversas
1299 3784 1537 3840 condere
1587 3799 1809 3840 necesse
1853 3783 1977 3849 fuit,

2088 3784 2240 3848 κόνος
2278 3783 2614 3854 ἀρχέτυπον·
2647 3783 2729 3847 τίς
2760 3782 2934 3848 οὕτως
2977 3781 3082 3850 ἔξω
3126 3783 3362 3846 διανοίας
3406 3785 3560 3836 ἐστὶν
3600 3784 3678 3847 ὡς

401 3899 636 3958 quarum
671 3881 928 3955 quaelibet
962 3879 1261 3948 exemplari
1311 3891 1414 3932 suo
1446 3875 1821 3947 responderet.
1869 3874 1975 3932 Sed

2088 3877 2328 3945 ἀγνοεῖν,
2358 3876 2441 3928 ὅτι
2473 3875 2543 3928 τὰ
2571 3874 2650 3946 τῷ
2673 3875 2753 3929 ἐνὶ
2780 3875 3110 3947 ὁμοιούμενα
3131 3909 3153 3940 ,ε
3177 3872 3269 3929 καῖ
3299 3875 3436 3947 πρὸς
3463 3875 3672 3947 ἄλληλα

403 3994 528 4033 cum
588 3991 698 4032 una
752 3983 962 4030 tantum
1015 3973 1192 4042 imago
1251 3971 1360 4036 sit,
1417 3985 1528 4025 non
1577 3984 1746 4023 unum
1793 3977 1976 4023 tamen

2089 3967 2310 4030 πάντως
2338 3965 2540 4038 ὁμοίως
2574 3961 2723 4038 ἔχει;
2753 3968 2852 4020 Διά
2883 3967 3040 4020 τοῦτό
3083 3978 3245 4039 φησι,
3271 3969 3412 4038 τάχα
3439 3968 3544 4038 τὴν
3575 3986 3674 4022 κα-

404 4071 568 4126 unius
624 4066 886 4140 imaginis
940 4065 1343 4135 archetypum:
1397 4061 1524 4134 quis
1579 4061 1717 4117 adeo
1776 4061 1979 4116 mentis

2088 4059 2212 4112 κίαν
2255 4057 2458 4128 ταύτην
2486 4059 2544 4111 ἐν
2579 4061 2646 4130 τῇ
2678 4061 2989 4130 κατασκευῇ
3019 4059 3118 4130 τῆς
3147 4059 3494 4130 ἀνθρωπίνης
3526 4060 3675 4131 ζωῆς

405 4163 562 4234 'mops
593 4161 776 4226 fuerit,
811 4167 867 4212 ut
901 4157 1134 4228 ignoret,
1160 4170 1283 4226 quae
1310 4154 1406 4209 uni
1439 4152 1727 4224 eidemque
1764 4153 1848 4207 rei
1903 4152 1980 4207 si-

2088 4153 2115 4204 6
2146 4148 2304 4218 λόγος
2333 4149 2800 4220 ὑποτεμνόμενος,
2833 4169 2852 4200 ι
2883 4151 3206 4221 Ποιήσωμεν
3227 4150 3514 4220 ἄνθρωπον
3553 4153 3677 4203 κατ’

402 4254 556 4309 milia
584 4260 734 4315 sunt,
773 4250 963 4306 eadem
998 4250 1140 4303 inter
1186 4262 1246 4302 se
1294 4259 1514 4318 quoque
1566 4245 1770 4300 similia
1815 4245 1982 4300 esse?

2088 4244 2270 4297 εἰκόνα
2302 4239 2397 4292 καὶ
2431 4240 2689 4312 ὁμοίωσιν
2719 4243 3021 4314 ἡμετέρανκ
3055 4263 3072 4292 ι

401 4345 612 4403 idcirco
638 4344 720 4400 sic
752 4341 1015 4413 loquitur,
1048 4339 1300 4396 fortassis
1327 4347 1386 4393 ut
1411 4339 1466 4392 in
1496 4337 1613 4408 ipsa
1644 4337 1884 4393 hominis
1919 4341 2196 4394 creatione
2231 4353 2452 4408 pravam
2486 4334 2681 4388 horum
2723 4334 2969 4388 haeresim
3001 4334 3316 4405 prmcideret
3348 4349 3362 4384 :
3404 4351 3428 4384 ι
3465 4331 3676 4389 Facia-

403 4450 526 4490 mus
552 4432 828 4488 hominem
848 4429 915 4483 ad
956 4429 1247 4499 imaginem
1283 4427 1816 4497 similittuliuennlue
1838 4437 2107 4481 nostram.
2142 4446 2158 4478 ι

996 4542 1225 4600 CAPUT
1265 4542 1378 4598 vn.
2617 4540 3017 4594 KEMAMUN
3047 4532 3127 4595 z".

405 4639 753 4709 Quamobrem
783 4636 946 4690 nullis
963 4653 993 4689 α
1013 4637 1290 4709 naturasit
1321 4634 1486 4687 armis
1510 4633 1686 4698 homo,
1719 4635 1983 4704 nullisque

2088 4635 2188 4690 Διὰ
2212 4638 2268 4689 τί
2305 4634 2535 4705 γυμνὸς
2561 4633 2688 4709 ,τῶν
2807 4636 3050 4709 φύσεως
3074 4635 3278 4688 ὅπλων
3305 4651 3371 4688 τε
3390 4636 3490 4690 καὶ
3529 4652 3676 4705 προσ

867 4707 1173 4776 tegumentis
1207 4707 1518 4759 instructus.
1897 4703 1905 4704 7

2315 4703 2323 4705 ἡ
2381 4703 2392 4705 ’
2457 4703 2861 4774 καλυμμάτων
2884 4708 2917 4758 ό
2950 4705 3281 4774 ἄνθρωπος.

472 4801 620 4870 Quid
649 4815 778 4856 vero
809 4799 917 4855 sibi
945 4799 1063 4853 vult
1089 4809 1272 4853 creeta
1304 4797 1357 4850 iu
1392 4797 1612 4854 homine
1641 4796 1810 4867 figura
1831 4798 1858 4851 ’ί
1883 4804 1978 4852 aut

2168 4797 2330 4850 Ἀλλὰ.
2356 4797 2409 4851 τί
2440 4796 2689 4867 βούλεται
2726 4798 2788 4849 τὸ
2820 4796 2913 4851 τοῦ
2955 4799 3230 4868 σχήματος
3266 4797 3482 4868 δρθιον;
3517 4799 3584 4852 Τί
3618 4800 3674 4851 δὲ

403 4909 500 4948 cur
528 4909 636 4948 non
675 4893 892 4961 corpori
911 4892 1071 4961 quasi
1103 4889 1407 4959 congenitae
1452 4897 1582 4944 sunt
1614 4889 1859 4958 quaedam
1909 4889 1978 4943 ad

2088 4887 2204 4959 οὐχὶ
2254 4890 2518 4959 συμφυεῖς
2561 4890 2696 4941 εἰσιν
2742 4889 2798 4940 αἱ
2833 4888 2970 4958 πρὸς
3008 4887 3098 4942 τδν
3139 4888 3251 4959 βίον
3295 4890 3558 4959 δυνάμεις
3593 4891 3674 4960 τῷ

401 4981 656 5035 tuendam
689 4981 854 5034 vitam
888 4977 1214 5032 necessaria:
1255 4978 1445 5032 vires?
1486 4978 1786 5047 imparatus
1842 4978 1979 5033 adeo

2088 4979 2301 5049 σώματι
2323 4998 2337 5046 ;
2363 4979 2498 5033 ἀλλὰ
2531 4979 2737 5050 γυμνὸς
2769 4979 2868 5050 μὲν
2911 4979 3020 5032 τῶν
3054 4978 3302 5048 φυσικῶν
3343 4983 3675 5051 σκεπασμά-

402 5073 470 5126 ab
520 5072 775 5127 omnibus
827 5078 1038 5124 natura;
1096 5069 1388 5140 praesidiis,
1437 5071 1694 5134 inermis,
1749 5087 1975 5141 pmiper,

2088 5088 2213 5136 των,
2255 5072 2454 5134 ἄοπλος
2485 5072 2541 5124 δέ
2575 5090 2659 5134 τις
2691 5073 2784 5124 καὶ
2811 5071 2979 5141 πένης
3006 5073 3034 5124 6
3079 5071 3386 5141 ἄνθρωπος,
3418 5072 3524 5126 καὶ
3561 5075 3675 5126 τῶν

400 5163 642 5217 omnium
666 5163 731 5217 ad
757 5179 918 5218 usum
936 5164 1059 5216 vitae
1081 5163 1515 5219 necessariorum
1543 5177 1710 5233 egens
1737 5174 1977 5230 creatur,

2088 5164 2220 5235 πρὸς
2267 5163 2364 5235 τὴν
2399 5164 2586 5236 χρείαν
2618 5165 2798 5234 ἐνδεὴς
2835 5164 3091 5218 ἁπάντων
3129 5164 3222 5217 ἐπὶ
3259 5164 3351 5217 τὸν
3382 5164 3495 5233 βίον
3529 5181 3675 5234 παρ-

403 5252 620 5322 dignior
675 5253 1191 5319 commiseratione,
1249 5252 1331 5308 uti
1387 5254 1608 5323 quidem
1658 5255 1975 5326 apparebat,

2088 5256 2294 5324 άγεται,
2317 5255 2579 5309 ἐλεεῖσθαι
2603 5257 2851 5328 μᾶλλονῆ
2875 5258 3273 5328 μακαρίζεσθαι
3295 5257 3438 5311 κατὰ
3455 5256 3520 5310 τὸ
3542 5275 3676 5326 φαι-

402 5355 567 5411 quaru
595 5343 690 5410 qui
719 5342 917 5398 beatus
949 5343 1358 5411 medicantur.
1387 5342 1505 5400 Non
1535 5360 1804 5401 cornuum
1857 5363 1982 5402 mu-

403 5431 610 5486 nitione
628 5439 898 5496 armatus,
937 5449 1041 5487 non
1073 5435 1337 5504 unguium
1366 5436 1639 5501 acumine,
1667 5451 1774 5490 non
1796 5436 1976 5492 denli~

401 5521 527 5585 bus,
561 5536 669 5575 non
711 5522 955 5591 ungulis,
977 5538 1084 5578 non
1113 5523 1303 5578 aculeo
1343 5533 1627 5588 venenato,
1661 5523 1978 5595 cuiusmodi

491 5704 538 5734 ⁵⁸
577 5701 720 5759 Psal.
755 5717 907 5766 XCI",
937 5705 986 5758 9.

2081 5345 2304 5416 νόμενον
2324 5345 2494 5412 ἄξιος,
2520 5347 2580 5399 ού
2609 5348 2902 5418 προϐολαῖς
2926 5347 3171 5420 κεράτων
3194 5344 3670 5416 καθωπλισμένος,

2079 5437 2179 5489 οὐκ
2211 5437 2419 5508 ὀνύχων
2467 5439 2673 5509 ἀκμαῖς
2697 5479 2711 5501 ,
2751 5439 2849 5509 οὐχ
2874 5440 3100 5505 ὁπλαῖς,
3144 5439 3178 5510 ἢ
3213 5439 3444 5501 ὀδοῦσιν,
3477 5441 3512 5509 ἧ
3559 5458 3672 5491 τινι

2080 5529 2293 5601 κέντρῳ
2321 5529 2696 5601 θανατηφόρον
2723 5532 2799 5584 ἰὸν
2829 5533 2888 5584 ἐκ
2914 5531 3128 5600 φύσεως
3164 5531 3362 5602 ἔχοντι,
3389 5527 3480 5586 οἷα
3505 5531 3573 5601 δὴ
3604 5531 3677 5585 τά
