3844 6226
177 330 272 392 ut

1393 336 1484 392 DE
1527 331 1811 392 HOMINIS
1867 329 2184 388 OPIB‘ICIO.

3335 332 3439 390 149.

177 443 340 500 πολλὰ
365 444 471 499 τῶν
503 444 658 510 ζώων
678 445 738 499 ὲν
766 445 980 510 ἑαυτοῖς
1012 445 1148 517 πρὸς
1169 446 1270 517 τὴν
1299 443 1408 499 τῶν
1441 443 1752 498 λυπούντων

1869 443 2024 499 rebus
2055 443 2326 497 instructa
2361 443 2620 514 pleraque
2656 444 2914 500 animalia
2959 444 3072 501 vim
3124 445 3436 506 ladentium

178 538 381 610 ἄμυναν
396 539 682 608 κέκτηται·
707 538 768 590 οὐ
790 541 857 609 τῇ
876 538 986 593 τῶν
1004 539 1211 610 τριχῶν
1227 557 1298 593 πε
1305 538 1492 611 ριϐολῇ
1506 538 1566 592 τὸ
1584 538 1746 607 σῶμα

177 632 525 688 καλύπτεται·
560 629 807 700 καίτοιῨε
837 632 968 696 ἴσως
998 631 1088 687 τὸν
1120 635 1202 696 εἰς
1234 633 1411 704 ἀρχὴν
1431 632 1543 684 τῶν
1571 630 1748 686 ἄλλων

175 723 631 796 προτεταγμένον.
671 723 892 786 οἰκείοις
924 723 1110 787 ὅπλοις
1147 723 1255 777 ἔδει
1300 720 1749 793 περιπεφράχθαι

175 817 322 889 παρὰ
346 816 443 886 τῆς
467 813 706 884 φύσεως,
728 807 803 878 ὡς
833 813 900 868 ἂν
921 813 996 885 μὴ
1020 815 1119 886 τῆς
1145 813 1274 886 παρ’
1304 806 1513 886 ἐτέρων
1533 813 1752 867 ἐπικου-

179 905 294 976 ρίας
330 905 467 976 πρὸς
494 904 592 976 τὴν
636 899 773 956 ἰδίαν
805 903 1104 972 ἀσφάλειαν
1140 902 1331 958 δέοιτο.
1359 903 1496 957 Νυνὶ
1529 901 1586 956 δὲ
1617 901 1752 956 λέων

179 997 292 1067 μὲν,
330 996 425 1051 καὶ
462 995 588 1061 σῦς,
627 997 722 1051 καὶ
773 997 950 1066 τίγρις
974 1036 989 1059 ,
1035 995 1130 1048 καὶ
1156 995 1422 1067 πάρδαλις
1443 1034 1459 1060 ,
1491 995 1585 1050 καὶ
1616 995 1670 1050 εί
1698 1012 1751 1050 τι

175 1087 412 1142 τοιοῦτον
443 1088 632 1158 ἕτερον
658 1127 672 1148 ,
706 1086 984 1157 ἀρκοῦσαν
1023 1086 1138 1157 ἔχει
1182 1084 1319 1156 πρὸς
1348 1085 1622 1156 σωτηρίαν
1652 1084 1753 1155 τὴν

173 1181 238 1235 ὲκ
264 1179 480 1251 φύσεως
523 1179 775 1248 δύναμιν.
819 1179 929 1232 Καὶ
965 1176 1044 1247 τῷ
1083 1176 1268 1249 ταύρῳ
1309 1178 1408 1248 μὲν
1451 1175 1514 1230 τὸ
1544 1176 1752 1250 κέρας,

173 1272 265 1324 καὶ
293 1271 370 1340 τῷ
397 1269 595 1341 λαγωῷ
624 1268 686 1323 τδ
712 1269 875 1340 τάχος
892 1309 906 1333 ,
946 1270 1043 1322 καὶ
1073 1261 1140 1340 τῇ
1174 1267 1396 1340 δορκάδι
1423 1264 1486 1320 τὸ
1522 1267 1754 1338 πήδημα

173 1364 263 1418 καὶ
289 1363 351 1416 τὸ
367 1362 488 1416 κατ’
519 1361 797 1434 ὀφθαλμὸν
815 1361 1077 1434 ἀσφαλὲς,
1108 1360 1204 1414 καὶ
1233 1360 1377 1432 ἄλλῳ
1401 1361 1512 1414 τινί⁹
1545 1358 1669 1430 ζώῳ
1689 1360 1751 1412 τὸ

171 1456 424 1527 μέγεθος,
457 1456 551 1510 καὶ
579 1440 787 1527 ἑτέροις
817 1453 1195 1526 ἠπρονομαία,
1229 1455 1324 1508 καὶ
1350 1457 1461 1518 τοῖς
1486 1455 1754 1516 πετεινοῖς

166 1547 227 1602 τὸ
247 1548 468 1617 πτερὸν,
500 1547 593 1599 καὶ
621 1549 686 1618 τῇ
718 1531 948 1618 μελίσσῃ
971 1547 1033 1599 τὸ
1059 1546 1305 1616 κέντρον,
1332 1545 1428 1600 καὶ
1460 1547 1596 1598 πᾶσι
1619 1543 1754 1596 πάν-

165 1659 272 1705 τως
297 1643 358 1696 ἓν
384 1659 438 1695 τι
467 1642 549 1705 εἰς
583 1640 862 1714 σωτηρίαν
887 1642 1040 1711 παρὰ
1077 1640 1180 1710 τῆς
1199 1639 1417 1712 φύσεως
1442 1628 1748 1708 ἐμπέφυκε·

167 1731 329 1802 μόνος
355 1731 412 1785 δὲ
443 1733 660 1810 πάντων
697 1731 726 1783 ὁ
757 1730 1043 1803 ἄνθρωπος
1071 1731 1179 1784 τῶν
1216 1728 1315 1802 μὲν
1348 1728 1754 1801 ταχυδρομούν·

1859 551 1919 591 se
1949 534 2272 606 propulsare
2304 533 2577 600 videmus,
2603 549 2671 590 ne
2697 535 2823 606 pilis
2851 535 3073 606 quidem
3119 553 3320 610 corpus
3359 553 3434 598 Ie-

1859 629 2025 700 gitur.
2083 628 2155 683 At
2195 642 2327 683 vero
2353 643 2499 692 eum,
2545 643 2635 682 em
2675 628 2731 684 in
2771 645 2860 685 res
2889 638 3116 688 caeteras
3147 631 3435 704 imperium
3467 619 3471 622 λ

1860 719 2266 784 destinabatur,
2291 720 2462 774 armis
2481 735 2512 774 ιι
2537 728 2730 775 natura
2761 722 2999 793 propriis
3026 724 3294 780 munitum
3317 741 3440 784 esse

1859 811 2165 881 oportebat,
2197 825 2266 866 ne
2289 811 2356 866 ad
2411 811 2674 867 tuendum
2698 827 2820 868 sese
2859 827 2964 885 ope
3002 815 3181 870 aliena
3232 829 3436 886 egeret.

1859 900 1978 957 Jam
2006 902 2112 966 leo.
2141 916 2295 972 aper,
2327 902 2509 973 tigris,
2551 903 2812 972 pardalis,
2854 913 3049 962 caetera
3107 911 3439 968 necessariis

1861 1007 1892 1046 a
1925 998 2120 1047 natura
2159 993 2370 1049 viribus
2397 993 2465 1048 ad
2498 995 2753 1050 tuendam
2776 996 3008 1052 salutem
3032 1013 3191 1055 suam
3217 1000 3440 1074 egregie

1861 1083 2131 1139 instructa
2160 1091 2308 1140 sunt.
2335 1077 2518 1140 Tauro
2548 1099 2774 1152 cornua,
2809 1088 2978 1159 lepori
3029 1091 3304 1158 celeritas.
3338 1108 3432 1149 ca-

1859 1183 2005 1244 preae
2060 1176 2144 1230 vis
2198 1176 2448 1242 saliendi,
2501 1177 2896 1249 oculorumque
2939 1183 3295 1250 prestantia;
3342 1184 3438 1240 alii

1861 1265 2085 1320 animali
2110 1267 2448 1338 magnitudo,
2479 1269 2891 1340 alii'proboscis
2919 1283 2935 1338 ;
2975 1271 3292 1329 volucribus
3315 1275 3437 1336 ala.

1861 1356 1949 1427 api
1981 1358 2229 1421 aculeus.
2267 1368 2432 1430 atque
2464 1360 2601 1416 adeo
2636 1362 2894 1417 omnibus
2945 1363 3177 1433 aliquid.
3222 1380 3335 1438 quo
3380 1381 3441 1423 se

1861 1455 2213 1513 conservent,
2246 1458 2444 1506 natura
2481 1449 2672 1522 largita
2704 1459 2809 1507 est.
2843 1451 3006 1510 Solus
3041 1453 3205 1510 homo
3255 1458 3443 1526 perni-

1860 1539 2018 1593 cibus
2036 1539 2266 1605 tardior,
2301 1543 2642 1613 corpulentis
2665 1543 2865 1611 minor,
2911 1545 2994 1600 eis
3052 1561 3174 1616 qua
3216 1549 3441 1604 armisa

1861 1643 2058 1686 natura
2088 1632 2234 1690 datis
2259 1642 2374 1689 tuta
2405 1642 2555 1701 sunt.
2591 1635 2913 1692 imbecillior
2941 1643 3048 1692 est.
3097 1637 3204 1704 Qui
3251 1639 3438 1710 igitur,

1860 1723 2066 1778 dixerit
2087 1724 2314 1794 aliquis.
2349 1734 2779 1783 consentaneum
2804 1737 2920 1792 est,
2947 1729 3040 1784 tali
3067 1745 3251 1786 rerum
3285 1747 3443 1787 sum-

162 1841 270 1877 των
300 1813 620 1898 ἀργότερος,
651 1823 760 1879 τῶν
787 1823 844 1877 δὲ
878 1821 1368 1894 πολυσαρκούντων
1394 1821 1752 1894 βραχύτερος,

1869 1830 2000 1869 mam
2025 1816 2325 1888 obtigisse?
2341 1817 2452 1889 Ego
2471 1834 2602 1874 vero
2631 1819 2775 1874 haud
2800 1820 3100 1878 difficulter
3121 1823 3438 1888 ostendero.

162 1913 273 1967 τῶν
305 1913 365 1968 δὲ
387 1916 501 1977 τοῖς
543 1913 848 1984 συμφύτοις
880 1913 1068 1978 ὅπλοις
1095 1913 1520 1984 ἠσφαλισμένων
1548 1913 1755 1966 εὐαλω-

162 2007 405 2078 τότερος.
431 2006 544 2060 Καὶ
572 2005 712 2071 πῶς,
743 2005 859 2076 ὲρεί
881 2021 985 2071 τις,
1013 2007 1041 2058 ὁ
1060 2004 1300 2069 τοιοῦτος
1325 2003 1424 2076 τὴν
1455 2003 1628 2076 ἀρχὴν
1655 2002 1756 2072 τὴν

164 2095 306 2149 κατὰ
331 2093 553 2149 πάντων
581 2092 968 2166 κεκλήρωται;
1000 2091 1138 2145 Ἀλλ’
1169 2092 1321 2145 οὐδὲν
1345 2086 1500 2162 οἶμαι
1521 2089 1756 2161 χαλεπὸν

164 2187 372 2254 δεῖξαι,
425 2187 508 2240 ὅτι
558 2186 620 2239 τὸ
659 2185 852 2238 δοκοῦν
891 2184 1106 2248 ὲπιδεὲς
1151 2185 1252 2255 τῆς
1299 2183 1517 2253 φύσεως
1557 2183 1752 2253 ἡμῶν,

166 2281 392 2352 ἀφορμὴ
428 2281 565 2349 πρὸς
603 2278 665 2331 τὸ
703 2279 924 2348 κρατεῖν
967 2275 1077 2330 τῶν
1115 2269 1443 2345 ὑποχειρίων
1490 2275 1659 2326 ἐστίν.
1692 2274 1755 2326 Εἰ

167 2373 273 2444 γὰρ
313 2372 462 2425 οὕτω
492 2370 778 2440 δυνάμεως
828 2364 972 2438 εἶχεν
1004 2368 1032 2419 ὀ
1072 2365 1362 2436 ἄνθρωπος
1390 2405 1405 2429 ,
1437 2365 1513 2428 ὡς
1552 2367 1619 2435 τῇ
1654 2365 1753 2432 μὲν

167 2465 414 2534 ὠκύτητι
463 2461 839 2533 παρατρέχειν
869 2459 961 2513 τὸν
1008 2458 1196 2521 ἵππον,
1245 2457 1507 2529 ἄτριπτον
1559 2456 1616 2509 δὲ
1652 2456 1756 2508 ὑπὸ

168 2555 527 2626 στερρότητος
558 2551 701 2620 ἔχειν
748 2548 840 2602 τὸν
871 2547 1026 2612 πόδα,
1077 2546 1274 2610 ὁπλαῖς
1318 2563 1460 2599 τισιν
1501 2547 1535 2617 ἧ
1570 2544 1763 2616 χηλαῖς

165 2645 533 2717 ἐρειδόμενον,
569 2643 780 2713 κέρατα
823 2640 880 2694 δὲ
926 2641 1019 2693 καὶ
1060 2639 1261 2711 κέντρα
1309 2638 1404 2691 καὶ
1445 2638 1646 2708 ὄνυχας
1699 2639 1758 2688 ἐν

164 2734 351 2804 ἑαυτῷ
390 2733 614 2805 φέρειν’
666 2731 882 2804 πρῶτον
922 2731 1022 2801 μὲν
1075 2729 1348 2801 θηριώδης
1405 2747 1490 2792 τις
1543 2729 1609 2782 ἂν
1653 2724 1722 2800 ἦν
1750 2769 1765 2792 ,

162 2828 260 2881 καὶ
312 2827 678 2896 δυσάντητος,
730 2823 985 2877 τοιούτων
1036 2823 1201 2876 αὐτοῦ
1250 2822 1328 2894 τῷ
1377 2821 1590 2892 σώματι
1625 2839 1764 2892 συμ-

162 2919 515 2990 πεφυκότων.
558 2918 793 2970 Ἔπειτα
829 2916 884 2969 δὲ
926 2914 1177 2985 παρεῖδεν
1205 2913 1270 2967 ἂν
1299 2913 1396 2986 τὴν
1445 2912 1554 2966 τῶν
1585 2912 1763 2968 ἄλλων

161 3011 384 3084 ἀρχὴν,
439 3009 591 3062 οὐδὲν
641 3010 740 3079 τῆς
791 3007 1081 3079 συνεργίας
1132 3005 1242 3059 τῶν
1279 3005 1609 3077 ὑποχειρίων
1647 3006 1762 3058 δεό-

165 3122 358 3175 μενος.
408 3103 548 3157 Νυνὶ
578 3101 638 3155 δὲ
682 3101 871 3154 τούτου
916 3100 1074 3172 χάριν
1117 3099 1202 3170 ἐφ’
1235 3098 1464 3152 ἕκαστον
1503 3099 1611 3152 τῶν
1657 3099 1760 3151 o7:—
1787 3129 1830 3186 ο

161 3196 519 3267 εζευγμένων
540 3197 672 3267 ἡμῖν
697 3193 753 3247 αἰ
793 3193 887 3246 τοῦ
913 3193 1027 3262 βίου
1053 3193 1235 3263 χρεῖαι
1263 3189 1757 3261 κατεμερίσθησαν,

159 3289 240 3352 ὼς
268 3287 580 3357 ἀναγκαίαν
607 3288 782 3338 ποιεῖν
808 3285 906 3355 τὴν
933 3283 1053 3336 κατ’
1087 3282 1311 3335 ἐκείνων
1343 3280 1538 3352 ἀρχήν.
1568 3279 1641 3332 Th
1665 3279 1765 3350 μὲν

164 3380 346 3453 βραδὺ
380 3379 476 3432 τοῦ
513 3376 767 3449 σώματος
795 3375 1144 3446 δυσκίνητον,
1188 3374 1279 3426 τὸν
1309 3373 1475 3427 ἵππον
1508 3373 1573 3442 τῇ
1609 3371 1766 3442 χρείᾳ

166 3470 503 3544 προσήγαγέ
543 3487 602 3522 τε
645 3470 740 3522 καὶ
787 3467 1115 3538 ἐδαμάσατο.
1208 3466 1275 3519 Ἦ
1321 3465 1380 3518 δὲ
1419 3464 1521 3534 τῆς
1564 3466 1767 3534 σαρκὸς

164 3565 456 3636 γυμνότης
484 3562 792 3632 ἀναγκαίαν
835 3561 934 3631 τὴν
978 3559 1086 3613 τῶν
1132 3558 1420 3632 προϐάτων
1443 3555 1766 3610 ἐπιστασίαν

163 3657 459 3726 ἐποίησεν,
489 3656 554 3706 ἐκ
587 3653 686 3722 τῆς
721 3650 938 3721 ἐτησίου
970 3650 1078 3703 τῶν
1105 3649 1270 3724 ἐρίων
1299 3649 1472 3719 φορᾶς
1504 3647 1603 3717 τῆς
1629 3647 1768 3716 ἡμε-

157 3749 340 3820 τέρας
376 3747 596 3816 φύσεως
649 3741 1063 3815 ἁναπληροῦσαν
1113 3742 1174 3795 τὸ
1213 3741 1420 3794 λεῖπον.
1468 3738 1542 3792 Τὸ
1584 3737 1641 3791 δὲ
1669 3737 1768 3800 τὰς

160 3839 436 3912 ἀφορμὰς
469 3839 602 3910 ἡμῖν
655 3835 754 3899 τὰς
782 3835 917 3907 πρὸς
948 3833 1039 3888 τὸν
1075 3832 1190 3902 βίον
1214 3833 1308 3887 καὶ
1332 3831 1390 3898 ἐξ
1423 3830 1626 3902 ἐτέρων
1657 3830 1769 3886 εἰσ·

161 3931 433 4002 ἁγεσθαι,
477 3929 548 3982 τὰ
577 3927 858 4000 ἀχθοφόρα
884 3925 993 3979 τῶν
1028 3925 1184 3988 ζώων
1213 3926 1336 3988 ταῖς
1362 3922 1638 3985 τοιαύταις
1666 3922 1770 3974 ὑπ-

163 4023 432 4096 ηρεσίαις
459 4019 775 4086 ὐπέζευξεν.
823 4018 984 4071 Ἀλλὰ
1017 4018 1125 4090 μὴν
1148 4017 1210 4070 τὸ
1243 4017 1318 4087 μὴ
1351 4015 1613 4070 δύνασθαι
1646 4011 1768 4068 καθ’

163 4118 477 4189 ὁμοιότητα
521 4114 627 4166 τῶν
681 4112 1040 4183 βοσκημάτων
1089 4111 1416 4179 ποηφαγεϊν,
1458 4106 1771 4179 ὑποχείριον

164 4210 250 4282 τῷ
287 4209 397 4279 βίῳ
427 4206 519 4258 τὸν
547 4205 674 4275 βοῦν
703 4202 1100 4274 ἀπειργάσατο,
1135 4203 1248 4264 τοῖς
1284 4198 1434 4262 ἰδίοις
1459 4198 1642 4261 πόνοις
1671 4197 1771 4269 τὴν

167 4302 328 4374 ζωὴν
358 4301 491 4371 ἡμῖν
517 4297 967 4368 ὲξευμαρίζοντα.
1003 4295 1157 4350 Ἐπεὶ
1185 4294 1243 4348 δὲ
1283 4293 1377 4347 καὶ
1419 4291 1647 4346 ὀδόντων
1679 4292 1773 4345 καὶ

166 4394 461 4465 δήγματος
483 4385 552 4460 ἦν
583 4389 742 4460 χρεία
763 4388 899 4460 πρὸς
923 4387 986 4442 τὸ
1018 4381 1486 4452 καταγωνίξεσθαί
1512 4399 1633 4435 τινα
1665 4379 1772 4434 τῶν

1863 1907 1918 1961 id
1950 1908 2096 1976 quod
2123 1923 2154 1962 a
2184 1917 2380 1965 natura
2407 1911 2567 1966 nobis
2605 1910 2800 1967 deesse
2849 1913 3083 1977 videtur,
3121 1929 3286 1971 unam
3315 1929 3445 1973 esse

1861 2010 2087 2058 causam
2127 2002 2198 2058 ob
2231 2016 2396 2073 quam
2424 2012 2623 2059 caetera
2666 2015 2853 2059 nostra
2889 2005 3000 2061 sint
3041 2005 3099 2060 in
3146 2015 3438 2076 potestate.

1860 2089 1996 2144 Nam
2032 2091 2080 2145 si
2105 2107 2184 2148 eae
2215 2091 2455 2147 hominis
2476 2094 2619 2150 vires
2666 2093 2867 2161 forent,
2909 2103 2970 2149 ut
3021 2110 3196 2166 equos
3237 2097 3442 2154 celeri-

1861 2192 1974 2241 tate
2011 2192 2389 2256 prtecurreret,
2441 2201 2505 2242 ac
2543 2185 2706 2256 pedes
2752 2186 2980 2243 haberet
3017 2204 3082 2244 ea
3121 2187 3343 2256 duritie,
3385 2201 3447 2248 ut

1863 2277 1982 2332 laudi
2007 2292 2119 2332 non
2157 2285 2404 2348 possent,
2441 2275 2664 2347 ungulis
2694 2277 2954 2332 nimirum
2983 2279 3174 2336 solidis
3200 2281 3286 2338 vel
3309 2282 3442 2338 ohe;

1865 2366 1932 2422 Iis
1959 2367 2243 2434 munitos;
2289 2375 2550 2438 praeterea
2589 2367 2694 2437 ipsi
2733 2384 2834 2422 nec
2866 2382 3073 2424 cornua
3120 2385 3224 2428 nec
3269 2373 3445 2428 aculei

1865 2473 1965 2511 nec
2003 2469 2213 2529 ungules
2242 2458 2498 2515 deessent
2528 2477 2538 2510 :
2576 2458 2811 2528 primum
2846 2459 3067 2530 quidem
3101 2464 3446 2519 immanitate

1865 2547 2015 2603 ferus
2041 2564 2106 2602 ac
2130 2549 2371 2606 crudelis
2405 2558 2574 2616 esset,
2616 2549 2783 2608 rebus
2811 2551 2878 2606 ad
2933 2555 3294 2611 exercendam
3341 2571 3446 2613 me

1865 2639 2050 2694 vitiant
2082 2643 2416 2711 comparatis
2445 2657 2476 2696 a
2518 2653 2714 2696 natura
2749 2642 3074 2704 instructus.
3105 2643 3312 2704 Deinde
3343 2646 3444 2702 im-

1865 2732 2073 2800 perium
2115 2732 2168 2785 in
2205 2747 2294 2788 res
2318 2740 2546 2789 caeteras
2578 2749 2686 2788 non
2725 2743 3074 2805 occupasset,
3104 2739 3326 2807 quando
3363 2739 3445 2795 eis

1863 2822 2027 2876 etiam
2060 2822 2288 2892 imperio
2326 2838 2426 2879 suo
2452 2823 2716 2894 subjectis
2751 2827 2952 2879 nullam
2998 2826 3066 2882 ad
3101 2842 3218 2884 rem
3263 2830 3446 2901 eguip

1863 2921 1965 2969 set.
2005 2911 2161 2968 Nunc
2199 2914 2301 2968 hac
2324 2915 2440 2984 ipsa
2475 2915 2542 2970 de
2579 2931 2746 2971 causa
2790 2919 3002 2989 singula
3028 2919 3184 2990 quasi
3235 2924 3444 2980 maneie

1863 3007 1951 3076 pia
1991 3015 2176 3062 nostra
2207 3009 2454 3064 diversos
2480 3009 2549 3064 ad
2589 3025 2724 3065 usus
2745 3011 2868 3066 vitae
2915 3011 3335 3079 destinavimus,
3386 3023 3449 3072 ut

1863 3097 2089 3154 omnino
2109 3098 2268 3154 nobis
2289 3114 2512 3156 necesse
2541 3100 2614 3157 sit
2636 3102 2768 3171 ipsis
2793 3112 2917 3156 cum
2945 3105 3173 3174 imperio
3190 3117 3443 3176 praeesse.

1867 3187 2054 3260 itaque
2092 3205 2217 3245 cum
2240 3192 2311 3246 ob
2341 3193 2592 3262 corporis
2615 3194 2970 3263 exiguitatem
3014 3196 3134 3251 loco
3158 3213 3266 3252 non
3309 3201 3447 3256 satis

1868 3282 2080 3352 agiliter
2130 3298 2466 3349 moveamur,
2523 3299 2726 3356 equum
2784 3287 2995 3342 scilicet
3054 3287 3323 3345 domitum
3377 3292 3446 3348 ad

1869 3388 2028 3430 usum
2064 3378 2313 3431 nostrum
2343 3376 2663 3431 accivimus.
2700 3376 2958 3448 Corpbris
3006 3380 3247 3446 nuditas.
3286 3389 3349 3436 ut
3389 3383 3446 3438 in

1866 3481 1998 3523 oves
2049 3466 2335 3538 imperium
2377 3467 2692 3524 necessario
2754 3485 3183 3540 usurparemus,
3225 3471 3444 3530 eﬂ'ecit:

1866 3572 1978 3630 quo
2005 3573 2072 3613 ex
2099 3559 2298 3617 annuis
2331 3571 2520 3614 earum
2567 3559 2734 3620 lanis.
2786 3560 2930 3630 quod
2988 3571 3197 3616 naturae
3248 3571 3450 3619 nostra:

1867 3650 2073 3717 deerat,
2110 3665 2470 3706 sumeremus.
2497 3650 2655 3717 Quod
2694 3652 2814 3706 aliis
2851 3668 2915 3706 ex
2948 3652 3265 3722 regionibus
3298 3668 3450 3724 quae-

1869 3742 1995 3797 dam
2044 3741 2113 3797 ad
2163 3742 2326 3821 vitam
2357 3738 2736 3800 sustinendam
2797 3743 3030 3812 petenda
3083 3753 3292 3809 essent.
3320 3746 3451 3802 fecit

1870 3838 1931 3890 ut
1969 3834 2224 3890 animalia
2258 3849 2380 3905 quae
2401 3833 2637 3889 ferendis
2667 3835 2929 3890 oneribus
2956 3842 3162 3900 essent.
3203 3837 3258 3892 iu
3303 3836 3450 3894 hunc

1872 3940 2031 3983 usum
2064 3927 2376 3998 subjugum
2411 3927 2774 3982 mitteremus.
2817 3925 2954 3992 Quia
2993 3942 3157 3997 porro
3177 3928 3292 3984 ﬁeri
3338 3942 3451 3986 non

1873 4026 2087 4090 poterat
2118 4023 2179 4073 ut
2207 4018 2383 4073 instar
2413 4017 2748 4089 reliquorum
2785 4033 3046 4086 pecorum
3091 4019 3276 4075 herbis
3325 4037 3452 4092 gra‘

1871 4107 2128 4178 tnineque
2159 4122 2505 4164 vescerentur
2537 4125 2552 4161 :
2591 4106 2798 4162 idcirco
2839 4107 3030 4163 bovem
3067 4109 3225 4170 nobis
3263 4112 3448 4181 subje-

1873 4199 2070 4262 cimus.
2111 4214 2220 4270 quo
2258 4213 2357 4270 pro
2383 4199 2546 4256 nobis
2584 4199 2868 4254 laborante
2913 4199 3198 4268 confieret,
3247 4211 3308 4257 ut
3353 4218 3453 4259 nos

1868 4293 2112 4363 jucunde
2142 4291 2507 4364 facillimeque
2535 4293 2890 4364 agitaremus.
2920 4291 3190 4350 Dentibus
3215 4306 3281 4350 ac
3305 4310 3455 4350 mor-

1875 4401 1940 4440 su
1974 4384 2133 4440 nobis
2167 4399 2306 4455 opus
2334 4391 2454 4439 erat
2495 4383 2562 4436 ad
2600 4383 2963 4454 expugnanda
2995 4393 3192 4440 caetera
3241 4389 3452 4440 anima-

169 4486 363 4542 ἄλλων
391 4483 568 4547 ζώων,
597 4481 685 4535 διὰ
710 4481 809 4550 τῆς
833 4480 942 4534 τῶν
973 4479 1200 4534 ὀδόντων
1237 4475 1462 4548 βλάϐης,
1495 4472 1752 4548 παρέσχες

1874 4479 1970 4543 lia,
1991 4477 2223 4548 praebuit
2261 4475 2327 4531 ad
2370 4475 2516 4530 hunc
2549 4491 2705 4533 usum
2747 4475 2906 4531 nobis
2945 4476 3223 4531 maxillam
3279 4479 3456 4544 canis.

169 4582 202 4632 ὁ
237 4576 394 4632 κύων
422 4573 561 4647 μετὰ
581 4572 677 4627 τοῦ
707 4572 903 4641 τάχους
925 4571 1027 4640 τὴν
1054 4569 1189 4622 ἰδίαν
1217 4567 1378 4636 γένυν
1404 4567 1470 4636 τῇ
1526 4563 1775 4635 ἡμετέρα

170 4672 370 4744 χρείᾳ,
399 4664 512 4722 οἷόν
553 4685 636 4731 τις
671 4665 912 4736 ἔμψυχος
943 4663 1188 4735 μάχαιρα
1219 4659 1298 4730 τῷ
1329 4657 1600 4730 ἀνθρώπῳ
1623 4656 1778 4740 γενότ

177 4781 372 4836 μενος.
427 4761 690 4832 Κεράτων
733 4759 791 4812 δὲ
845 4757 1117 4829 προϐολῆς
1177 4754 1271 4808 καὶ
1329 4753 1539 4823 ὀνύχων
1589 4750 1775 4820 ἀκμῆς

178 4852 541 4930 ἰσχυρότερός
569 4870 628 4906 τε
659 4852 754 4906 καὶ
792 4849 1101 4920 τομώτερος
1139 4846 1482 4916 ἐπινενόηται
1529 4845 1642 4908 τοῖς
1683 4843 1776 4894 ἁν-

175 4947 431 5020 θρώποις
461 4947 491 4997 ὁ
517 4943 752 5015 σίδηρος,
778 4942 877 4994 οὐκ
903 4940 990 4994 ἀεὶ
1018 4936 1390 5010 συμπεφυκὼς
1411 4937 1564 5008 ἡμῖν,
1586 4933 1774 5020 ὥσπερ

175 5019 299 5102 τοῖς
329 5035 546 5107 Θηρίοις
573 5037 778 5094 ἐκεῖνα,
803 5032 917 5086 ἀλλ’
949 5032 1041 5084 ἐπὶ
1075 5028 1268 5100 καιροῦ
1297 5028 1685 5098 συμμαχήσας,
1713 5019 1777 5078 τὸ

176 5132 375 5186 λοιπὸν
407 5125 494 5199 ἐφ’
519 5125 712 5181 ἑαυτοῦ
746 5125 917 5197 μένει.
961 5125 1072 5177 Καὶ
1103 5123 1224 5176 ἀντὶ
1250 5113 1350 5192 τῆς
1375 5119 1470 5172 τοῦ
1498 5115 1777 5190 κροκοδεί-

176 5225 279 5277 λου
331 5220 564 5290 φωλίδος
589 5251 605 5282 ,
662 5217 778 5270 ἐστι
835 5216 934 5287 μὲν
989 5207 1083 5269 καὶ
1135 5213 1299 5267 αὐτὸν
1350 5212 1559 5268 ἐκεῖνον
1613 5208 1778 5262 ὅπλον

178 5311 549 5384 ποιήσασθαι,
581 5311 725 5363 κατὰ
755 5303 946 5380 καιρδν
970 5305 1070 5376 τὴν
1107 5305 1270 5377 δορὰν
1298 5302 1676 5374 περιθέμενον.
1713 5301 1778 5355 Εἰ

178 5408 244 5460 δὲ
271 5407 372 5478 μὴ,
402 5403 799 5475 σχηματίζεται
831 5400 926 5453 καὶ
951 5399 1087 5471 πρὸς
1114 5397 1272 5450 τοῦτο
1293 5395 1445 5468 παρὰ
1466 5394 1567 5465 τῆς
1586 5393 1781 5462 τέχνης

180 5502 214 5553 ὁ
251 5498 494 5568 σίδηρος,
522 5495 582 5559 ὃς
612 5495 705 5547 ἐπὶ
735 5491 927 5564 καιροῦ
959 5491 1095 5564 πρὸς
1121 5489 1212 5542 τὸν
1243 5487 1479 5556 πόλεμον
1507 5485 1785 5558 ὑπηρετή-

185 5608 316 5656 σας,
349 5589 517 5644 πάλιν
576 5586 861 5657 ἐλεύθερον
921 5583 1016 5637 τοῦ
1053 5581 1251 5652 ἄχθους
1300 5580 1390 5632 ἐπ’
1427 5577 1650 5648 εἰρήνης
1690 5575 1784 5629 τὸν

179 5682 417 5755 ὁπλίτην
431 5682 740 5737 κατέλιπεν.
777 5678 916 5746 ’Υπη
925 5679 1067 5747 ρετεί
1090 5676 1148 5729 δὲ
1170 5673 1247 5745 τῷ
1267 5673 1365 5744 βίῳ
1389 5673 1482 5728 καὶ
1507 5671 1568 5726 τὸ
1589 5670 1786 5742 πτερὸν

186 5781 304 5834 τῶν
335 5776 564 5848 ὀρνέων,
589 5773 665 5837 ὡς
701 5770 833 5843 μηδὲ
862 5769 955 5824 τοῦ
979 5765 1183 5840 πτηνοῦ
1217 5766 1413 5836 τάχους
1445 5763 1512 5820 δι’
1544 5761 1786 5826 ἐπινοίας

1881 4579 2046 4638 atque
2086 4568 2249 4624 etiam
2273 4567 2612 4624 velocitatem
2643 4581 2822 4629 suam,
2871 4570 2931 4620 ut
2968 4581 3076 4622 nou
3107 4568 3344 4626 absurde
3378 4571 3458 4624 vi-

1880 4678 1983 4718 vus
2036 4659 2276 4716 hominis
2319 4658 2532 4728 gladius
2555 4658 2660 4713 dici
2696 4659 2890 4728 possit.
2926 4658 3204 4714 Cornuum
3242 4669 3299 4717 et
3356 4677 3472 4726 ιιιιο,

1879 4754 2065 4826 guium
2101 4752 2222 4806 loco
2251 4751 2395 4806 ferro
2426 4748 2688 4803 utendum
2709 4763 2833 4804 esse
2865 4748 3045 4818 potius
3067 4748 3318 4808 homines
3343 4752 3460 4805 aui-

1881 4843 2313 4903 madverterunt,
2354 4839 2498 4910 quod
2531 4839 2622 4894 illa
2653 4853 2779 4893 cum
2806 4837 3028 4900 duritie.
3059 4845 3173 4894 tum
3209 4844 3462 4898 acumine

1882 4937 2042 5007 longe
2072 4935 2260 4990 vincit.
2283 4931 2606 5003 Quanquam
2641 4929 2846 4985 ferrum
2891 4929 3141 4986 homines
3169 4946 3278 4986 non
3314 4947 3459 4990 sem-

1885 5042 1982 5097 per
2012 5029 2300 5095 usurpant,
2335 5022 2479 5077 sicut
2513 5021 2603 5074 illa
2638 5019 2768 5075 feris
2782 5035 3062 5090 nunquam
3094 5035 3204 5076 non
3240 5022 3461 5089 adsunt;

1887 5118 1979 5172 sed
2017 5117 2223 5170 utimur
2255 5129 2321 5170 eo
2354 5113 2649 5175 interdum,
2695 5126 2818 5165 cum
2853 5111 2928 5166 ita
2966 5127 3055 5167 res
3097 5115 3359 5184 postulat,
3398 5129 3465 5171 ac

1888 5209 2086 5264 deinde
2115 5206 2357 5262 vicissim
2397 5204 2706 5275 deponitur.
2774 5201 2884 5260 Pro
2909 5204 3171 5260 crocodili
3204 5220 3462 5276 squamea

1885 5311 2032 5366 cute.
2067 5301 2192 5356 licet
2217 5299 2287 5355 ab
2324 5297 2518 5354 eodem
2557 5304 2741 5367 petere
2781 5295 2927 5366 quod
2986 5311 3088 5351 nos
3143 5298 3375 5365 muniat.
3417 5299 3468 5354 si

1886 5393 2140 5450 videlicet
2158 5401 2253 5447 aut
2274 5399 2510 5462 tergora,
2552 5397 2646 5444 aut
2679 5389 2881 5445 ferrum
2916 5388 2982 5444 ad
3005 5389 3256 5446 eumdem
3303 5404 3465 5447 usum

1887 5486 2295 5542 conformatum
2325 5482 2640 5538 induamus.
2674 5480 2790 5537 Hoc
2842 5480 2972 5536 belli
3021 5490 3264 5553 tempore
3317 5491 3468 5554 post.

1890 5595 2052 5652 quam
2113 5577 2269 5633 miles
2330 5575 2638 5645 usurpavit,
2679 5587 2812 5645 pace
2849 5570 3166 5639 constituta,
3221 5575 3467 5645 ejusdem

1894 5682 2061 5723 onere
2095 5683 2156 5722 se
2185 5667 2346 5722 levat.
2383 5664 2556 5720 Etiam
2580 5664 2761 5718 avium
2786 5676 2978 5734 penna:
3015 5662 3297 5718 hominum
3321 5678 3472 5718 com-

1899 5762 2075 5819 modis
2116 5760 2385 5831 serviunt,
2409 5758 2679 5816 efficiente
2705 5758 2986 5814 hominum
3025 5753 3306 5821 industria,
3328 5748 3470 5819 quod
