3886 6214
381 326 486 381 ΗΞ

1627 318 1683 374 S.
1717 315 2040 372 GREGORII
2074 316 2367 376 NYSSENI

3536 318 3636 373 ιιι

382 461 450 502 ne
474 444 710 500 volucris
735 443 953 513 quidem
985 441 1073 496 illa
1098 441 1391 512 pernicitas
1419 453 1449 494 a
1479 439 1638 497 nobis
1685 441 1959 496 desidere-

2069 445 2210 515 ἡμᾶς
2256 444 2662 498 ἀπολείπεσθαι.
2706 443 2786 495 Τά
2831 442 2929 512 μὲν
2964 442 3069 514 γὰρ
3109 441 3167 508 ἐξ
3199 439 3378 494 αὐτῶν
3407 438 3639 493 τιθασσά

382 547 492 596 tur.
529 538 720 594 Avium
752 539 896 593 enim
932 535 1178 607 quaedam
1214 535 1370 589 factae
1405 533 1642 598 cicures,
1685 535 1959 588 venatori-

382 630 488 686 bus
523 630 644 686 usui
678 638 805 682 sunt
836 644 851 694 ;
883 641 1069 682 earum
1114 640 1352 695 namque
1392 639 1556 695 opera
1593 633 1819 679 caeteras
1866 639 1958 681 ca-

381 717 584 788 pimus.
612 715 755 781 Quin
781 721 836 770 et
868 714 1040 768 alatas
1078 714 1305 784 sagittas
1339 728 1430 767 ars
1452 713 1780 779 machinata,
1809 714 1960 766 volu—

381 819 530 860 crem
553 803 698 858 illam
721 803 1096 875 pernicitatem
1117 803 1182 856 ad
1207 817 1339 856 usus
1363 812 1580 858 nostros
1603 804 1657 857 in
1682 818 1810 857 arcu
1837 803 1959 856 imi-

385 904 495 950 tata
526 902 629 952 est.
655 892 811 962 Quod
833 902 1012 948 autem
1040 895 1238 964 planta:
1265 901 1467 950 nostrae
1487 893 1552 948 ad
1580 892 1774 947 itinera
1793 892 1959 962 perfi-

381 989 574 1046 cienda
596 997 924 1059 comparatae
943 1004 1049 1042 non
1071 996 1216 1050 sunt,
1241 988 1441 1058 quippe
1460 1003 1578 1057 quae
1598 986 1852 1042 facillime
1877 988 1960 1042 lac-

382 1084 617 1139 dantur:
645 1081 881 1152 idipsum
905 1080 1054 1146 facit,
1092 1088 1150 1135 ut
1190 1080 1293 1135 hac
1327 1081 1489 1135 etiam
1518 1079 1572 1133 in
1595 1087 1746 1149 parte
1779 1095 1956 1133 reme-

378 1176 525 1233 dium
543 1189 873 1248 qumramus,
891 1172 1227 1244 pedibusque
1241 1173 1444 1227 nostris
1461 1171 1674 1226 calceos
1686 1179 1954 1241 aptemus.

981 1284 1213 1341 CAPUT
1253 1282 1392 1338 VIII.

383 1400 736 1469 Quamobrem
767 1407 912 1452 recta
941 1397 1011 1452 sit
1043 1397 1270 1469 hominis
1290 1396 1483 1469 ﬁgure,
1527 1403 1637 1469 tum
1664 1395 1822 1469 etiam
1845 1411 1959 1469 mq-

451 1488 550 1525 nus
579 1471 836 1525 sermonis
861 1485 1027 1522 causa
1058 1468 1227 1536 factas
1249 1483 1361 1520 esse
1387 1465 1663 1535 :denique,
1680 1476 1727 1519 et
1754 1464 1818 1518 de
1838 1468 1958 1518 ani-

450 1557 659 1596 morum
684 1539 990 1594 discrimine
1018 1539 1323 1592 disseritur.

447 1655 793 1713 Conveniunt
825 1661 878 1708 et
909 1653 1000 1708 illa
1018 1650 1356 1722 imperatori,
1380 1651 1651 1720 regiaque
1672 1647 1958 1718 dignitatis

2062 536 2288 602 γίνεται,
2317 535 2410 588 καὶ
2440 537 2686 604 συνεργεῖ
2715 536 2825 596 τοῖς
2855 532 3175 603 θηρεύουσι⁸
3215 532 3282 584 τὰ.
3309 530 3367 584 δὲ
3385 529 3462 582 δι’
3492 530 3637 583 ὲκεί-

2059 649 2165 685 νων
2190 633 2308 694 ταῖς
2337 629 2546 700 χρείαις
2572 628 2730 699 ἡμῶν
2763 627 2830 682 δι’
2865 626 3108 688 ἐπινοίας
3138 626 3426 693 ὑπάγεται.
3477 622 3637 676 Ἀλλὰ

2060 723 2154 775 καὶ
2173 722 2498 792 πτερόεντας
2520 721 2649 790 ἡμῖν
2669 720 2794 782 τοὺς
2815 719 3027 780 ὀϊστοὺς
3052 719 3084 786 ἡ
3117 716 3282 786 τέχνη
3311 715 3375 767 δι’
3395 713 3639 774 ἐπινοίας

2060 814 2423 884 ποιησαμένη,
2453 813 2512 865 τὸ
2543 810 2744 881 πτηνὸν
2774 811 2937 880 τάχος
2964 811 3081 872 ταῖς
3108 807 3402 879 ἡμετέραις
3427 805 3640 877 χρείαις

2058 909 2147 962 διὰ
2174 906 2266 960 τοῦ
2292 907 2443 973 τόξου
2494 903 2794 976 χαρίζεται.
2848 902 2921 955 Τὸ
2949 901 3006 954 δὲ
3038 900 3296 962 εὐπαθεῖς
3328 900 3420 951 καὶ
3454 896 3639 967 εὐτρί-

2060 1017 2226 1063 πτους
2252 1002 2383 1070 ἡμῖν
2410 997 2546 1069 πρὸς
2567 996 2666 1067 τὴν
2689 995 2913 1066 πορείαν
2943 989 3082 1047 εἶναι
3111 991 3208 1057 τὰς
3243 992 3445 1062 βάσεις,
3473 993 3642 1057 ἀναγ-

2060 1092 2220 1146 καίαν
2254 1093 2397 1144 ποιεῖ
2423 1089 2520 1159 τὴν
2547 1090 2612 1142 ὲκ
2641 1087 2752 1141 τῶν
2777 1085 3103 1156 ὑποχειρίων
3127 1083 3434 1155 συνεργίαν.
3465 1083 3639 1136 Ἐκεῖ-

2060 1183 2150 1238 θεν
2182 1183 2291 1254 γάρ
2321 1184 2436 1236 ἐστι
2460 1183 2571 1246 τοῖς
2599 1179 2725 1232 ποσὶ
2756 1179 3120 1249 περιαρμόσαι
3144 1177 3214 1230 τὰ
3239 1175 3447 1228 πέδιλα.

2597 1294 2990 1348 ΚΕΦΑΔΑΙΟΝ
3027 1293 3106 1344 H’.

2060 1412 2162 1466 Διὰ
2188 1411 2246 1465 τί
2283 1411 2482 1477 ὄρθιον
2525 1411 2630 1464 τοῦ
2662 1409 2974 1476 ἀνθρώπου
3013 1407 3076 1477 τί)
3117 1403 3361 1477 σχῆμα,
3407 1400 3642 1477 κιςὶΑὸτι

2129 1481 2226 1534 διὰ
2252 1470 2359 1533 τόν
2388 1483 2576 1546 λόγον
2599 1484 2659 1533 al
2687 1470 2900 1548 χεῖρες*
2931 1480 3000 1531 ἐν
3025 1470 3073 1543 ᾧ
3100 1470 3198 1541 τις-⁷
3221 1470 3320 1528 καὶ
3351 1473 3484 1539 περὶ
3511 1471 3642 1524 διη-

2127 1550 2316 1620 φορᾶς
2341 1551 2558 1620 ψυχῶν
2585 1551 2932 1618 φιλοσοφία.

2135 1663 2354 1733 Ὀρθιον
2393 1662 2450 1714 δὲ
2495 1663 2572 1734 τῷ
2601 1661 2872 1733 ἀνθρώπῳ
2914 1663 2974 1714 τὸ
3005 1661 3212 1731 σχῆμα,
3260 1657 3520 1728 καὶπρὸς
3546 1655 3639 1708 τὸν

379 1749 582 1804 indicia
601 1753 748 1811 sunt,
767 1743 912 1814 quod
934 1750 1080 1798 recta
1102 1742 1308 1796 homini
1332 1741 1501 1805 figura
1519 1739 1719 1793 tributa
1739 1738 1830 1800 sit,
1849 1752 1953 1805 qua

2069 1751 2286 1820 οὐρανὸν
2315 1751 2649 1804 ἀνατείνεται
2675 1791 2688 1814 ,
2736 1751 2828 1803 καὶ
2863 1751 2974 1804 ἄνω
3010 1749 3214 1821 βλέπει.
3271 1747 3496 1820 Ἀρχικὰ
3544 1747 3641 1800 καὶ⁵

377 1841 447 1896 ad
468 1839 665 1896 cadum
689 1837 883 1901 tendit,
907 1851 970 1890 ac
991 1849 1209 1890 sursum
1235 1840 1464 1902 spectat.
1483 1829 1618 1884 Nam
1639 1829 1781 1899 quod
1806 1831 1957 1883 solus

378 1935 541 1990 homo
571 1932 713 1987 inter
748 1929 882 1984 alias
916 1943 1003 1982 res
1031 1933 1244 1981 creatas
1288 1923 1602 1993 huiusmodi
1624 1924 1716 1986 sit,
1736 1921 1960 1990 reliquis

377 2025 632 2080 omnibus
663 2036 892 2092 corpore
930 2019 1187 2074 deorsum
1226 2015 1616 2087 vergentibus:
1656 2013 1961 2068 clarissime

377 2117 751 2180 demonstrat,
793 2120 1002 2182 quanto
1038 2118 1278 2180 potestas
1318 2118 1526 2162 natura
1563 2121 1731 2178 supra
1763 2113 1960 2160 caetera

377 2206 667 2262 eminentis
698 2202 1048 2274 pratstantior
1077 2201 1186 2256 illis
1217 2200 1312 2265 sit,
1342 2215 1464 2269 quae
1494 2214 1555 2254 se
1585 2197 1752 2268 hujus
1785 2197 1961 2266 impe-

375 2300 463 2354 rio
501 2297 854 2354 submittunt.
892 2293 1095 2348 Ilorum
1128 2293 1405 2346 anteriora
1432 2290 1681 2360 corporis
1713 2289 1960 2344 membra

377 2391 542 2462 pedes
568 2395 716 2458 sunt,
738 2387 885 2457 quod
911 2400 976 2438 ra
1004 2399 1124 2454 qua:
1152 2384 1409 2438 deorsum
1436 2389 1704 2452 spectant,
1737 2380 1961 2436 omnino

376 2481 614 2552 quodam
645 2479 802 2548 quasi
837 2478 1013 2532 fulcro
1043 2476 1377 2544 indigebant.
1415 2473 1471 2526 In
1507 2471 1745 2528 hominis
1775 2479 1957 2526 autem

376 2575 594 2646 opiﬁcio
621 2589 814 2627 manus
840 2572 1036 2626 horum
1061 2572 1182 2625 loco
1199 2576 1327 2624 sunt
1359 2571 1531 2622 l'actaz.
1552 2566 1686 2620 Nam
1708 2567 1760 2620 iu
1782 2566 1956 2638 ﬁgura

376 2678 559 2725 erecta
601 2682 771 2722 unum
812 2666 970 2735 quasi
1007 2663 1420 2718 fundamentum
1457 2661 1772 2725 sutliciebat,
1813 2659 1957 2731 quod

379 2770 614 2830 utroque
637 2759 773 2830 pede
800 2766 1035 2814 stantem
1065 2755 1292 2811 firmiter
1327 2755 1567 2810 fulciret.
1605 2754 1734 2808 Erat
1763 2763 1818 2809 et
1851 2769 1959 2808 cae-

377 2853 590 2923 teroqui
625 2866 886 2905 manuum
919 2863 1085 2920 opera
1116 2847 1183 2902 ad
1217 2848 1507 2918 eloquendi
1538 2848 1646 2901 vim
1681 2846 1962 2915 adjuvan-

377 2946 502 2999 dam
527 2943 858 2999 necessaria.
883 2939 1072 3011 Itaque
1097 2940 1141 2995 si
1164 2939 1288 3010 quis
1308 2939 1452 2994 dicat
1482 2946 1692 2992 natura:
1715 2937 1959 3007 loquenti

378 3051 574 3090 manus
594 3035 865 3090 sermonis
887 3047 1053 3088 causa
1079 3047 1201 3087 esse
1221 3031 1397 3096 datas,
1423 3047 1528 3084 non
1555 3033 1601 3085 is
1617 3029 1836 3100 quidem
1856 3033 1962 3099 pla-

2062 1844 2255 1902 ταῦτα,
2291 1844 2382 1896 καὶ
2407 1844 2506 1914 τὴν
2540 1843 2825 1914 βασιλικὴν
2853 1842 3009 1907 ἀξίαν
3045 1842 3518 1912 ἐπισημαίνονται.
3567 1837 3641 1892 Τδ

2062 1933 2172 2006 γὰρ
2204 1934 2362 2004 μόνον
2388 1936 2446 1987 ὲν
2472 1938 2585 1998 τοῖς
2617 1931 2736 1988 οὖσι
2764 1934 3001 1988 τοιοῦτον
3033 1931 3171 1986 εἶναι
3203 1932 3293 1986 τὸν
3331 1929 3639 2001 ἄνθρωπον,

2061 2029 2174 2090 τοῖς
2202 2027 2257 2080 δὲ
2301 2028 2483 2092 ἄλλοις
2531 2027 2704 2082 ἅπασι
2746 2027 2884 2098 πρὸς
2917 2027 2977 2080 τὸ
3021 2027 3170 2080 κάτω
3215 2024 3525 2077 νενευκέναι
3571 2021 3644 2073 τὰ

2063 2117 2312 2188 σώματα,
2338 2118 2525 2188 σαφῶς
2543 2118 2780 2172 δείκνυσι
2805 2117 2903 2188 τὴν
2927 2117 3028 2188 τῆς
3056 2116 3209 2181 ἀξίας
3229 2114 3510 2186 διαφοράν,
3530 2111 3644 2165 τῶν

2061 2227 2121 2265 τε
2149 2211 2567 2265 ὑποκυπτόντων
2586 2214 2650 2282 τῇ
2677 2211 2984 2280 δυναστείᾳ,
3015 2211 3109 2263 καὶ
3137 2210 3232 2278 τῆς
3262 2204 3644 2278 ὑπερανεστιὺ⁸

2064 2322 2163 2375 σης
2196 2304 2372 2358 αὐτῶν
2414 2303 2677 2368 ἐξουσίας.
2729 2302 2854 2367 Τοῖς
2887 2304 2984 2373 μὲν
3016 2302 3124 2373 γάρ
3169 2301 3346 2364 ἄλλοις
3378 2299 3547 2353 ἅπασι
3574 2299 3647 2352 τά

2063 2397 2369 2468 ἔμπροσθεν
2398 2397 2549 2450 κῶλα
2573 2397 2666 2450 τοῦ
2700 2395 2950 2466 σώματος
2978 2395 3134 2458 πόδες
3162 2395 3288 2455 εἰσὶ,
3311 2393 3442 2446 διότι
3467 2393 3528 2445 τὺ
3554 2409 3648 2445 κε-

2064 2490 2234 2557 κυφὸς
2261 2489 2429 2542 ἐδεῖτο
2456 2489 2673 2551 πάντως
2713 2488 2806 2540 τοῦ
2839 2487 3209 2558 ὑπερείδοντος
3246 2502 3259 2516 ·
3311 2485 3406 2537 ἐπὶ
3443 2484 3501 2536 δὲ
3540 2481 3649 2552 τῆς

2061 2581 2155 2635 τοῦ
2189 2581 2479 2653 ἀνθρώπου
2507 2582 2853 2651 κατασκευῆς
2880 2583 3061 2650 χεῖρες
3088 2578 3158 2632 τὰ
3189 2576 3340 2631 κῶλα
3372 2575 3645 2644 ἐγένοντο.

2063 2672 2167 2726 Τοῦ
2213 2675 2321 2745 γὰρ
2371 2673 2555 2746 ὀρθίου
2606 2674 2886 2743 σχήματος
2933 2673 3212 2743 αὑτάρκης
3250 2667 3318 2741 ἦν
3363 2670 3502 2740 πρὸς
3545 2669 3650 2738 τὴν

2063 2766 2250 2837 χρείαν
2302 2767 2402 2838 μία
2452 2767 2644 2837 βάσις,
2677 2766 2893 2829 ’διπλοῖς
2935 2765 3093 2818 ποσὶν
3138 2765 3196 2816 ὲν
3227 2761 3496 2831 ἀσφαλείᾳ
3545 2760 3652 2830 τὴν

2066 2859 2254 2912 στάσιν
2288 2856 2586 2928 ἐρείδουσα.
2629 2855 2839 2916 Ἀλλως
2867 2854 2924 2906 δὲ
2952 2854 3045 2907 καὶ
3068 2855 3133 2924 τῇ
3165 2851 3258 2905 τοῦ
3293 2852 3450 2920 λόγου
3485 2851 3649 2921 χρείᾳ

2065 2955 2322 3021 συνεργός
2352 2951 2496 3002 ἐστιν
2520 2951 2552 3019 ή
2580 2949 2688 3002 τῶν
2716 2947 2913 3019 χειρῶν
2938 2947 3226 3017 ὑπουργία.
3266 2944 3372 2997 Καί
3407 2960 3488 3005 τις
3513 2943 3648 2996 ἴδιον

2063 3045 2162 3115 τῆς
2194 3043 2419 3113 λογικῆς
2454 3042 2669 3111 φύσεως
2716 3041 2815 3112 τὴν
2852 3041 2959 3094 τῶν
3001 3040 3200 3111 χειρῶν
3235 3037 3536 3109 ὑπηρεσίαν
3569 3037 3648 3088 εί-

378 3145 447 3183 ne
484 3145 514 3183 a
557 3144 687 3183 vero
733 3126 1082 3182 aberraverit.
1126 3124 1182 3177 lu
1218 3140 1328 3193 quo
1362 3139 1470 3177 non
1502 3125 1568 3176 ad
1599 3123 1708 3179 hoc
1743 3131 1958 3177 tantum

2069 3134 2200 3196 πὼν,
2238 3134 2298 3186 οὑ
2337 3133 2430 3186 τοῦ
2474 3133 2675 3196 παντὸς
2720 3133 3120 3204 ἁμαρτήσεται,
3151 3133 3210 3183 οὑ
3243 3131 3400 3201 μόνον
3428 3129 3564 3198 πρὸς
3590 3128 3649 3180 τὺ

377 3223 562 3276 animo
589 3219 987 3290 respiciendum
1009 3227 1114 3280 est,
1134 3219 1278 3288 quod
1310 3217 1498 3272 venire
1526 3216 1700 3272 cuivis
1719 3216 1777 3272 in
1807 3231 1960 3271 men-

379 3323 485 3367 tem
522 3322 720 3383 potest,
741 3314 1000 3368 nimirum
1034 3312 1179 3382 quod
1217 3312 1416 3367 litteris
1445 3311 1683 3382 exprimi
1718 3325 1899 3367 sermo
1930 3325 1961 3365 τι

378 3405 540 3460 nobis
568 3419 826 3458 manuum
860 3404 1081 3460 solertia
1103 3405 1244 3460 sole‘t
1278 3421 1291 3458 :
1327 3419 1637 3474 quanquam
1657 3404 1960 3474 hocipsum

378 3511 488 3552 non
523 3509 552 3550 a
587 3497 734 3551 nulla
768 3497 996 3551 rationis
1025 3497 1338 3566 prastantia
1375 3495 1680 3565 profectum
1717 3507 1824 3561 est,
1853 3495 1961 3553 ho-

379 3593 553 3645 mines
585 3605 682 3660 per
717 3590 928 3645 litteras
963 3590 1134 3659 loqui,
1184 3605 1249 3644 ac
1294 3604 1463 3660 prope
1511 3589 1673 3644 modo
1724 3589 1961 3660 quodam

379 3680 632 3735 manibus
673 3680 818 3736 inter
860 3696 920 3736 se
962 3680 1253 3746 disserere,
1287 3680 1588 3734 litterarum
1625 3682 1773 3736 notis
1797 3697 1964 3736 voces

379 3773 528 3844 ipsas
556 3771 1161 3842 comprehendentibus.
1193 3769 1309 3842 Ego
1343 3788 1469 3827 vero
1496 3788 1619 3826 cum
1661 3787 1858 3828 manus
1908 3774 1962 3826 in

379 3862 736 3935 eXprimendo
758 3878 1011 3918 sermone
1033 3864 1241 3933 aliquid
1281 3863 1476 3919 afferre
1511 3865 1812 3935 adjumenti
1835 3867 1960 3919 aio:

380 3955 525 4011 aliud
545 3955 722 4010 habeo
738 3969 846 4026 quo
864 3954 1177 4024 reSpiciam.
1203 3954 1259 4008 In
1284 3955 1429 4024 quod
1458 3965 1748 4026 antequam
1787 3958 1968 4026 inqui-

383 4047 735 4111 ramus,libet
763 4045 1021 4117 quiddam
1060 4045 1590 4117 considerare,quod
1638 4049 1905 4104 omissum
1934 4066 1963 4103 a

380 4141 541 4197 nobis
554 4138 870 4196 est.Parum
884 4141 1028 4195 enim
1047 4139 1222 4195 abfuit
1239 4141 1368 4211 quin
1387 4141 1507 4212 ejus
1525 4142 1678 4196 obliti
1697 4158 1962 4202 essemus,

380 4229 526 4298 quod
549 4229 602 4282 in
626 4227 817 4284 ordine
835 4243 1040 4296 rerum,
1061 4236 1121 4282 ut
1144 4243 1221 4284 eae
1249 4231 1481 4285 conditae
1501 4240 1650 4296 sunt,
1675 4235 1962 4303 pmcedit:

382 4317 747 4384 Quamobrem
788 4321 940 4388 prius
972 4335 1061 4374 res
1098 4335 1129 4375 e
1161 4329 1304 4375 terra
1340 4331 1631 4379 nascentes
1671 4325 1967 4393 pullulasse

381 4415 653 4474 dicantur,
681 4413 878 4469 deinde
903 4424 1021 4468 orta
1061 4430 1185 4470 esse
1219 4415 1478 4472 animalia
1510 4418 1743 4473 rationis
1769 4435 1964 4490 exper-

379 4509 488 4562 tia:
510 4508 737 4576 locoque
765 4506 983 4561 demum
1013 4508 1198 4574 tertio,
1217 4509 1417 4566 creatis
1432 4510 1835 4574 his,hominem
1855 4516 1965 4583 pri-

380 4610 530 4651 mum
553 4597 853 4652 exstitisse.
875 4595 1132 4652 Fortasse
1159 4598 1227 4653 de
1251 4599 1356 4654 hoc
1385 4616 1494 4655 non
1523 4601 1575 4656 id
1602 4603 1778 4657 solum
1811 4605 1966 4660 intel-

381 4687 477 4759 ligi
520 4695 724 4758 potest,
767 4688 912 4758 quod
960 4689 1135 4745 cuivis
1163 4690 1417 4757 colligere
1453 4693 1595 4758 licet,
1632 4695 1806 4750 visum
1844 4711 1970 4751 esse

382 4776 629 4831 Creatori
674 4777 828 4840 utile,
876 4787 936 4832 ut
967 4779 1034 4832 ad
1073 4781 1392 4834 animalium
1427 4791 1641 4851 pastum
1680 4785 1876 4841 herbas
1907 4801 1970 4840 ac

384 4869 632 4938 gramina
662 4869 940 4933 conderet,
965 4871 1219 4924 animalia
1260 4888 1387 4926 vero
1409 4875 1471 4926 ad
1493 4876 1734 4932 hominis
1757 4892 1919 4933 usum
1953 4895 1967 4932 :

386 4959 594 5014 idcirco
635 4968 761 5015 ante
786 4960 1106 5015 animalium
1137 4977 1348 5033 greges,
1390 4966 1704 5021 eorumdem
1742 4968 1972 5023 alimen-

385 5059 502 5105 tum
529 5069 542 5104 :
571 5061 625 5107 et
651 5068 774 5123 quae
803 5053 1043 5109 hominis
1072 5055 1193 5112 vita;
1216 5059 1490 5112 servitura
1520 5070 1697 5126 erant,
1726 5070 1853 5117 ante
1873 5063 1971 5117 ho-

388 5142 589 5196 minem
612 5145 906 5202 exstitisse.
932 5149 1046 5218 Ego
1071 5149 1152 5205 sic
1170 5159 1372 5215 statuo,
1398 5151 1583 5208 Mosen
1621 5156 1677 5209 in
1701 5155 1789 5210 his
1813 5158 1972 5226 quid-

390 5235 515 5290 dam
545 5235 842 5294 tradidisse
873 5239 1102 5296 arduum
1128 5261 1142 5297 :
1186 5252 1239 5298 et
1267 5245 1448 5300 verbis
1483 5248 1702 5302 arcanis
1730 5247 1970 5317 philoso-

392 5326 598 5398 phiam,
622 5344 743 5397 quaa
771 5338 855 5386 est
880 5332 947 5386 de
965 5333 1168 5398 animo,
1196 5343 1560 5405 pertractasse
1583 5357 1596 5392 :
1619 5339 1969 5395 informatam

390 5419 539 5474 illam
567 5420 785 5490 quidem
811 5422 973 5478 etiam
997 5427 1066 5480 ab
1089 5425 1176 5491 iis,
1204 5431 1296 5497 qui
1325 5430 1378 5483 in
1406 5431 1578 5486 electo
1600 5431 1692 5487 Dei
1726 5433 1779 5487 in
1810 5434 1972 5489 terris

391 5521 539 5566 caatu
566 5515 946 5583 comprehensi
981 5535 1089 5573 non
1124 5521 1363 5584 fuerunt,
1395 5524 1705 5593 magistris:
1737 5527 1830 5580 sed
1857 5543 1975 5597 pro-

392 5603 539 5659 fecto
570 5606 826 5662 obscure.
875 5608 948 5664 De
992 5611 1076 5665 his
1114 5614 1257 5665 enim
1292 5615 1474 5669 verbis
1523 5616 1830 5686 intelligere
1859 5628 1971 5680 est,

390 5697 612 5751 vivendi
642 5699 748 5752 vim
779 5702 1052 5772 animique
1086 5704 1393 5760 facultatem
1429 5707 1692 5776 triplicem
1730 5719 1972 5764 statuen-

387 5788 516 5844 dam
546 5806 690 5860 esse;
721 5795 910 5849 harum
936 5795 1166 5865 primam
1191 5812 1313 5856 esse
1336 5799 1505 5866 illam,
1526 5815 1630 5871 qua
1651 5817 1739 5859 res
1768 5812 1977 5858 tantum

2064 3225 2241 3279 κοινὸν
2268 3225 2426 3278 τοῦτο
2448 3227 2543 3279 καὶ
2567 3225 2855 3295 πρόχειρον
2880 3224 3198 3294 ἀποτρέχων
3219 3225 3284 3292 τῇ
3313 3221 3540 3284 διανοία,
3566 3221 3650 3273 ὅτι

2063 3319 2354 3390 γράμμασι
2381 3317 2473 3369 τὸν
2512 3317 2665 3385 λόγον
2695 3315 2782 3370 διά
2808 3317 2907 3386 τῆς
2945 3315 3054 3368 τῶν
3083 3314 3279 3385 χειρῶν
3305 3313 3532 3382 εὐφυΐας
3560 3314 3651 3364 ὲν-

2067 3407 2447 3479 σημαινόμεθα
2474 3406 2608 3477 (ἐστι
2641 3407 2740 3477 μὲν
2766 3406 2875 3475 γὰρ
2899 3405 3019 3458 οὑδὲ
3044 3404 3205 3458 τοῦτο
3237 3404 3459 3480 λογικῇς
3485 3404 3649 3476 χάρι-

2063 3519 2153 3565 τος
2181 3502 2429 3572 ἄμοιρον,
2469 3502 2530 3554 τὸ
2582 3501 2914 3571 φθέγγεσθαι
2961 3501 3048 3554 διὰ
3083 3501 3426 3572 γραμμάτων
3475 3502 3650 3570 ἡμᾶς,

2065 3593 2159 3646 καὶ
2205 3593 2404 3663 τρόπον
2448 3591 2570 3645 τινὰ
2601 3592 2690 3646 διὰ
2735 3593 2917 3662 χειρὸς
2960 3591 3341 3659 διαλέγεσθαι,
3396 3593 3507 3654 τοῖς
3537 3592 3654 3644 τῶν

2067 3687 2343 3757 στοιχείων
2367 3687 2715 3758 χαρακτῆρσι
2744 3685 2842 3750 τὰς
2877 3685 3058 3753 φωνάς
3077 3683 3458 3755 διασώζοντας)
3481 3700 3492 3713 ·
3532 3684 3654 3736 ἀλλ’

2066 3779 2176 3846 ἐγὼ
2203 3779 2336 3850 πρὸς
2361 3779 2549 3849 ἕτερον
2580 3777 2812 3847 βλέπων,
2849 3779 3129 3848 συνεργεῖν
3158 3794 3301 3848 φημι
3332 3775 3426 3839 τὰς
3460 3777 3654 3845 χεῖρας

2064 3874 2130 3943 τῇ
2165 3872 2470 3942 ὲκφωνήσει
2501 3869 2778 3939 τοῦλόγου
2800 3889 2812 3900 ·
2857 3869 3058 3940 μᾶλλον
3116 3871 3172 3923 δὲ
3208 3870 3338 3942 πρὶν
3373 3868 3498 3938 περὶ
3523 3869 3658 3921 τού-

2064 3981 2172 4018 των
2200 3962 2526 4028 διεξετάσαι,
2557 3963 2647 4016 τὸν
2679 3963 2983 4034 παρεθέντα
3014 3963 3171 4031 λόγον
3207 3963 3656 4031 κατανοήσωμεν.

2066 4054 2280 4127 Μικροῦ
2309 4055 2418 4126 γὰρ
2447 4055 2594 4124 ἡμᾶς
2627 4055 2687 4107 τὸ
2713 4053 2853 4107 κατὰ
2887 4055 2988 4125 τὴν
3025 4053 3178 4120 τάξιν
3204 4053 3314 4106 τῶν
3347 4053 3661 4121 γεγονότων

2066 4147 2308 4201 διέλαθεν
2335 4163 2347 4177 ·
2394 4148 2539 4211 τίνος
2567 4149 2727 4218 χάριν
2758 4149 3087 4219 προηγεῖται
3119 4148 3216 4218 μὲν
3245 4151 3278 4217 ἡ
3316 4147 3517 4219 βλάστη
3540 4148 3660 4200 τῶν

2067 4240 2132 4292 ἐκ
2171 4239 2268 4310 τῆς
2309 4239 2413 4309 γῆς
2461 4243 2742 4308 φυομένων
2763 4279 2777 4300 ,
2830 4241 3130 4307 ἐπιγίνεται
3159 4240 3215 4294 δὲ
3249 4241 3316 4294 τὰ
3347 4240 3514 4308 ἄλογα
3541 4241 3662 4294 τῶν

2069 4329 2223 4395 ζώων
2244 4371 2258 4397 ,
2301 4333 2396 4385 καὶ
2425 4331 2568 4384 οὕτω
2601 4331 2738 4402 μετὰ
2764 4331 2862 4402 τὴν
2899 4332 3244 4403 κατασκευὴν
3273 4331 3476 4386 τούτων
3502 4335 3528 4384 ὁ
3555 4334 3660 4387 ἄν-

2071 4423 2307 4494 θρωπος.
2357 4424 2512 4495 Τάχα
2552 4425 2661 4496 γάρ
2705 4425 2766 4477 οὑ
2818 4425 2978 4494 μόνον
3020 4425 3082 4478 τὸ
3127 4427 3192 4479 ἐκ
3229 4424 3325 4478 τοῦ
3361 4426 3659 4496 προχείρου

2069 4517 2358 4586 νοούμενον
2379 4516 2466 4570 διὰ
2495 4516 2684 4570 τούτου
2718 4515 3080 4587 μανθάνομεν,
3105 4518 3186 4570 ὃτι
3215 4517 3322 4570 τῶν
3346 4516 3499 4580 ζώων
3532 4518 3658 4570 ἓνε-

2071 4628 2164 4664 κεν
2193 4613 2226 4682 ἡ
2275 4611 2382 4664 πόα
2418 4612 2687 4681 χρήσιμος
2728 4610 2899 4681 ἐφάνη
2941 4610 3018 4679 τῷ
3048 4611 3315 4676 κτίσαντι,
3349 4610 3438 4663 διὰ
3476 4609 3532 4663 δὲ
3565 4611 3663 4662 τὴν

2071 4702 2354 4773 ἄνθρωπον
2381 4704 2448 4754 τά
2474 4702 2637 4771 βοτά·
2676 4695 2736 4754 οὗ
2769 4702 2928 4772 χάριν
2962 4701 3068 4774 πρὸ
3099 4702 3196 4773 μὲν
3227 4701 3333 4756 τῶν
3371 4702 3661 4772 βοσκημὰ-

2071 4811 2200 4858 των,
2242 4795 2467 4847 ἐκείνων
2520 4795 2715 4864 τροφὴ,
2753 4794 2856 4866 πρὸ
2886 4794 2942 4846 δὲ
2984 4794 3075 4847 τοῦ
3103 4794 3392 4866 ἀνθρώπου
3433 4794 3494 4847 τὸ
3551 4795 3663 4847 ὑπ-

2071 4886 2286 4954 ηρετεῖν
2319 4883 2511 4954 μέλλον
2538 4886 2602 4954 τῇ
2639 4884 2951 4955 ἀνθρωπίνῃ
2994 4885 3126 4955 ζωῇ.
3177 4884 3315 4937 Ἀλλ’
3360 4885 3482 4954 ἐμοὶ
3510 4884 3666 4938 δοκεῖ

2082 4978 2262 5049 δόγμα
2302 4995 2355 5030 τι
2387 4977 2496 5030 τῶν
2529 4978 2928 5048 κεκρυμμένων
2961 4977 3304 5048 παραδηλοῦν
3335 4977 3422 5030 διὰ
3450 4978 3664 5031 τούτων

2072 5071 2101 5122 ὁ
2136 5071 2395 5140 Μωῦσῆς,
2427 5070 2522 5124 καὶ
2543 5071 2641 5140 τὴν
2671 5071 2798 5141 περὶ
2821 5069 2998 5139 ψυχῆς
3030 5069 3346 5138 φιλοσοφίαν
3372 5069 3439 5122 δι’
3478 5071 3662 5142 enop-

2075 5163 2254 5233 ρήτων
2284 5162 2655 5233 παραδιδόναι,
2686 5162 2752 5230 ἣν
2781 5161 3090 5231 ἐφαντάσθη
3126 5162 3224 5230 μὲν
3256 5163 3348 5214 καὶ
3384 5163 3417 5232 ἡ
3455 5161 3666 5226 ἔξωθεν

2074 5253 2383 5317 παίδευσις,
2432 5253 2492 5305 οὑ
2542 5253 2648 5323 μὴν
2697 5251 2981 5322 τηλαυγῶς
3032 5253 3346 5324 κατενόησε.
3405 5253 3665 5307 Διδάσκει

2074 5344 2182 5416 γὰρ
2213 5346 2357 5415 ἡμᾶς
2389 5346 2477 5398 διὰ
2502 5345 2705 5399 τούτων
2732 5348 2760 5399 ὀ
2787 5346 2962 5414 λόγος,
2993 5347 3051 5399 ὲν
3079 5347 3226 5417 τρισὶ
3251 5346 3534 5416 διαφοραῖς
3557 5347 3667 5416 τὴν

2075 5437 2307 5509 ζωτικὴν
2329 5440 2420 5491 καὶ
2443 5439 2678 5508 ψυχικὴν
2701 5439 2927 5509 δύναμιν
2954 5438 3295 5510 θεωρεῖσθαι.
3340 5441 3401 5491 'II
3428 5440 3526 5508 μὲν
3548 5440 3668 5508 γάρ

2076 5531 2158 5594 τίς
2187 5532 2334 5583 ἐστιν
2367 5531 2632 5601 αὑξητική
2660 5549 2718 5584 τε
2741 5532 2900 5602 μόνον
2927 5532 3022 5584 καὶ
3053 5530 3341 5602 θρεπτικὴ,
3370 5531 3429 5583 τὸ
3455 5531 3668 5584 κατάλ-

2074 5623 2233 5692 ληλον
2256 5626 2335 5687 εἰς
2364 5625 2678 5695 προσθήκην
2704 5624 2811 5678 τῶν
2842 5625 3192 5695 τρεφομένων
3221 5625 3594 5695 προσάγουσα,
3630 5626 3668 5695 ἥ

2079 5717 2282 5788 φυσικὴ
2315 5717 2552 5786 λέγεται,
2587 5719 2682 5772 καὶ
2718 5720 2846 5790 περὶ
2874 5719 2944 5773 τὰ
2986 5722 3127 5789 φυτὰ
3153 5721 3456 5791 θεωρεῖται.
3501 5720 3671 5775 Ἐστι

2089 5807 2198 5881 γὰρ
2226 5811 2316 5865 καὶ
2355 5813 2414 5864 ὲν
2442 5814 2553 5876 τοῖς
2577 5813 2866 5884 φυομένοις
2896 5813 3130 5885 ζωτικὴν
3160 5832 3280 5868 τινα
3316 5814 3541 5882 δύναμιν
3576 5816 3669 5867 αξ-
