3886 6214
244 367 352 426 τις

1540 375 1628 428 DE
1675 327 1956 432 IIDMINIS
2005 374 2316 432 OPIFICIO.

3416 382 3518 440 HG

241 499 491 570 σθήσεως
510 500 735 570 ἄμοιρον
765 503 1122 578 κατανοῆσαι.
1145 505 1371 575 Ἕτερον
1399 505 1456 558 δὲ
1488 507 1639 578 παρά
1671 507 1820 561 τοῦτι

1933 509 2147 563 alantur
2170 517 2223 564 et
2247 518 2588 579 accrescant,
2614 513 2977 568 attrahentem
3002 517 3390 570 nutrimentum
3422 512 3518 568 nd-

237 591 391 661 ζωῆς
422 590 559 656 εἶδός
598 595 767 657 ἐστιν,
811 595 838 647 ὃ
870 597 963 648 καὶ
992 596 1152 649 τοῦτο
1187 597 1320 669 ἔχει,
1355 599 1449 652 καὶ
1488 600 1550 652 τὸ
1583 604 1704 653 κατ’
1737 600 1822 654 αἴ-

241 683 436 754 σθησιν
479 686 834 756 οἰκονομῆσαι
870 688 1254 759 προσείληφεν,
1301 691 1439 762 ὅπερ
1480 694 1538 745 ὲν
1569 696 1635 762 τῇ
1668 693 1828 762 φύσει

237 773 349 826 τῶν
377 775 587 843 ἀλόγων
623 776 792 831 ἐστίν.
824 779 899 830 Οὐ
925 779 1035 849 γάρ
1070 779 1230 850 μόνον
1253 781 1510 853 τρέφεται
1546 785 1638 836 καὶ
1666 784 1826 850 αὔξε-

236 880 351 927 ται,
385 865 521 919 ἀλλά
553 868 650 920 καὶ
676 868 776 938 τὴν
806 869 1126 941 αἰσθητικὴν
1155 871 1438 944 ἐνέργειάν
1468 891 1527 927 τε
1561 876 1655 927 καὶ
1683 876 1830 928 ἀντί-

237 958 404 1027 ληψιν
449 958 582 1028 ἔχει.
637 961 703 1014 Ἡ
732 963 788 1014 δὲ
818 962 998 1016 τελεία
1039 967 1096 1017 ἐν
1134 963 1349 1034 σώματι
1381 965 1494 1036 ζωὴ
1531 967 1589 1019 ἐν
1632 969 1698 1037 τῇ
1732 967 1822 1019 λο-

234 1052 392 1120 γικῇ,
424 1053 491 1121 τῇ
524 1051 840 1124 ἀνθρωπίνῃ
873 1055 1035 1122 λέγω,
1072 1055 1376 1126 καθορᾶται
1409 1056 1590 1124 φύσει,
1628 1074 1826 1128 τρεφο-

239 1141 380 1211 μένη
421 1161 480 1194 τε
524 1145 616 1196 καὶ
650 1145 1040 1218 αἰσθανομένη,
1070 1149 1163 1201 καὶ
1188 1148 1347 1217 λόγου
1383 1149 1705 1219 μετέχουσα,
1732 1150 1826 1202 καὶ

235 1232 314 1303 νῷ
336 1233 703 1307 διοικουμένη.
740 1238 779 1289 Γ
785 1239 954 1291 ένοιτο
985 1239 1030 1292 δ’
1056 1239 1121 1292 ἂν
1155 1241 1286 1310 ἡμῖν
1316 1241 1535 1311 τοιαύτη
1564 1259 1647 1305 τις
1672 1243 1706 1312 ὴ
1729 1240 1823 1295 τοῦ

216 1324 400 1394 ’λόγου
434 1327 714 1398 διαίρεσις·
765 1330 885 1383 Τῶν
918 1331 1086 1384 ὄντων
1113 1331 1174 1384 τὸ
1207 1332 1305 1402 μέν
1331 1350 1382 1386 τι
1419 1332 1630 1402 νοητὸν,
1662 1333 1724 1385 τὸ
1766 1332 1822 1385 δὲ

234 1420 552 1488 σωματικόν
597 1423 813 1486 πάντως
863 1423 1028 1476 ἐστίν.
1104 1424 1264 1477 Ἀλλὰ
1315 1423 1406 1477 τοῦ
1472 1425 1569 1495 μὲν
1628 1423 1820 1496 νοητοῦ

235 1511 521 1576 παρείσθω
545 1512 636 1566 νῦν
679 1516 711 1584 ἡ
749 1515 887 1586 πρὸς
917 1515 985 1568 τά
1014 1517 1192 1569 οἰκεῖίἰ⁴
1219 1518 1358 1586 τομή
1392 1531 1405 1544 ⁶
1452 1517 1514 1569 ού
1548 1515 1658 1587 γὰρ
1697 1514 1821 1568 τού-

230 1618 344 1654 των
378 1606 407 1655 ὁ
436 1604 612 1672 λόγος.

1931 608 2066 655 tura:
2095 618 2286 657 earum
2310 618 2493 658 rerum
2525 619 2646 673 qua:
2669 606 2911 671 aluntur,
2959 607 3211 662 idoneum
3251 625 3264 661 :
3311 624 3375 662 ex
3408 625 3516 678 quo

1929 693 2035 748 illa:
2065 711 2280 765 semper
2310 696 2518 766 aliquid
2562 697 2884 754 incrementi
2922 709 3163 754 sumant.
3200 700 3516 771 Appellatur

1929 785 2044 841 hmo
2093 789 2385 852 naturalis,
2438 798 2601 859 atque
2646 789 2700 844 in
2744 791 2944 860 plantis
2990 792 3338 862 perspicitur.
3381 789 3516 845 Nam

1929 879 2364 934 animadvertere
2420 889 2505 935 est
2548 881 2710 935 etiam
2774 883 2828 936 in
2881 883 3147 955 stirpibus
3209 883 3518 939 facultatem

1928 968 2219 1036 quamdam
2255 969 2472 1024 vivendi
2521 972 2723 1035 inesse,
2762 988 2956 1028 sensus
2990 981 3170 1028 tamen
3205 974 3384 1029 omnis
3417 989 3519 1027 ex-

1928 1069 2158 1128 pertem.
2197 1061 2397 1116 l‘rzeter
2421 1062 2559 1117 hanc
2586 1065 2756 1117 altera
2780 1066 2904 1120 vita:
2927 1067 3137 1136 species
3160 1076 3243 1122 est
3265 1081 3386 1136 quae
3408 1067 3519 1136 pri-

1929 1167 2072 1204 mam
2105 1155 2241 1206 hanc
2270 1156 2646 1224 complexa,vi
2671 1158 2832 1210 etiam
2865 1159 3134 1214 sentiendi
3161 1168 3244 1215 est
3268 1157 3515 1227 praedita.

1928 1241 2024 1293 Est
2053 1251 2233 1295 autem
2269 1243 2382 1297 lnee
2413 1245 2732 1299 animalium
2766 1246 2998 1303 rationis
3033 1249 3364 1319 expertium,
3398 1264 3520 1318 qua:

1932 1347 2039 1386 non
2073 1334 2234 1388 modo
2265 1335 2555 1391 alunturet
2578 1345 2930 1394 accrescunt:
2965 1340 3059 1394 sed
3090 1341 3255 1394 etiam
3287 1339 3516 1394 faculta«

1931 1431 2038 1478 tem
2064 1426 2355 1494 quamdam
2383 1429 2711 1484 sentientem
2739 1430 2963 1486 habent.
2995 1429 3247 1486 Perfecta
3280 1427 3518 1499 denique

1931 1516 1982 1569 in
2016 1533 2245 1588 corpore
2275 1519 2384 1572 vita
2412 1519 2465 1572 in
2500 1529 2697 1574 natura
2731 1524 2946 1577 ratione
2979 1531 3185 1590 utente,
3219 1539 3382 1592 quam
3418 1523 3518 1576 hu-

1930 1623 2144 1663 manam
2212 1609 2464 1673 dicimus,
2538 1614 2828 1680 quaerenda
2879 1621 2983 1668 est.
3027 1612 3102 1667 Ea
3175 1614 3432 1668 nimirum
3465 1622 3520 1668 et

233 1702 505 1760 nutritur.
542 1707 594 1753 et
638 1701 823 1763 sentit,
864 1709 918 1756 et
943 1701 1155 1755 ratione
1191 1713 1384 1756 ornata
1416 1709 1532 1767 est,
1579 1710 1633 1758 et
1660 1717 1690 1756 a
1735 1709 1916 1756 mente
1945 1703 2171 1773 regitur.
2205 1702 2381 1772 Atque
2401 1704 2500 1758 hoc
2518 1705 2637 1758 loco
2655 1706 2828 1775 placet
2846 1707 2900 1760 in
2921 1706 3256 1777 explicandis
3273 1709 3519 1761 oratione

232 1791 403 1844 rebus
430 1791 933 1859 hisce.hujusmodi
955 1795 1189 1862 quadam
1221 1795 1511 1865 partitione
1537 1794 1931 1850 uti:Universae
1972 1811 2058 1850 res
2090 1795 2312 1849 omnino
2364 1805 2458 1851 aut
2499 1805 2626 1852 sunt
2671 1798 2828 1863 tales,
2862 1810 2920 1854 ut
2952 1806 3133 1855 mente
3171 1807 3334 1870 atque
3357 1800 3509 1853 intel-

232 1883 459 1950 ligentia
493 1883 1047 1952 comprehendantur,
1084 1896 1176 1938 aut
1215 1898 1343 1940 sunt
1386 1902 1682 1958 corporeae.
1716 1887 1820 1941 Eas
1848 1904 1966 1956 qum
1995 1896 2174 1941 mente
2203 1888 2598 1957 percipiuntur.
2630 1903 2758 1944 suas
2791 1889 2844 1943 in
2879 1891 3091 1961 species
3122 1890 3279 1960 quasi
3301 1890 3518 1961 partiri,

227 1975 336 2028 hoc
365 1973 585 2043 quidem
615 1977 670 2029 in
708 1977 828 2031 loco
851 1992 958 2031 non
986 1985 1069 2033 est
1095 1979 1330 2043 animus,
1357 1980 1575 2050 quando
1605 1979 1686 2033 ha:
1714 1980 1778 2032 ad
1803 1979 2100 2035 institutam
2130 1981 2428 2034 orationem
2462 1981 2594 2034 nihil
2628 1983 2878 2037 attinent.

302 2113 413 2166 Τοῦ
437 2114 495 2166 δὲ
527 2115 838 2184 σωματικοῦ
873 2117 935 2168 τὸ
977 2117 1074 2186 μὲν
1114 2118 1342 2187 ἄμοιρον
1375 2117 1603 2170 καθόλου
1648 2117 1820 2186 ζωῆς,

2003 2116 2205 2172 Rerum
2245 2134 2406 2187 porro
2445 2133 2836 2186 corporearum
2868 2118 2988 2174 alia:
3025 2120 3128 2171 vita
3159 2133 3384 2188 prorsus
3415 2117 3514 2173 de-

230 2205 292 2257 τὺ
320 2205 378 2258 δὲ
412 2206 629 2276 μετέχει
676 2207 910 2275 ζωτικῆς
939 2208 1238 2278 ἐνεργείας.
1275 2207 1443 2261 Πάλιν
1469 2207 1563 2260 τοῦ
1593 2207 1823 2270 ζωτικοῦ

231 2299 492 2368 σώματος
529 2299 587 2352 τὸ
621 2299 719 2368 μὲν
751 2299 997 2369 αἰσθήσει
1045 2299 1218 2370 συζῇ,
1265 2301 1326 2353 τὸ
1371 2301 1428 2352 δὲ
1469 2302 1689 2370 ἀμοιρεῖ
1728 2301 1825 2368 τῆς

233 2387 564 2457 αἰσθήσεως.
605 2384 738 2440 Εἶτα
782 2388 842 2441 τὺ
886 2387 1202 2458 αἰσθητικὸν
1247 2389 1504 2460 τέμνεται
1547 2390 1708 2444 πάλιν
1748 2393 1826 2452 εἰς

233 2476 454 2544 λογικόν
487 2496 546 2530 τε
581 2479 679 2531 καὶ
721 2478 934 2547 ἄλογον.
984 2479 1083 2532 Διά
1117 2480 1278 2534 τοῦτο
1321 2481 1534 2552 πρῶτον
1569 2481 1703 2551 μετὰ
1729 2481 1826 2551 τὴν

233 2569 444 2639 ἄψυχον
485 2569 616 2640 ὓλην
645 2566 755 2623 οἷον
797 2571 1113 2641 ὑποϐάθραν
1149 2571 1272 2625 τινὰ
1302 2574 1400 2643 τῆς
1433 2573 1540 2626 τῶν
1571 2572 1826 2643 ἐμψύχων

238 2661 385 2725 ἰδέας
397 2663 497 2732 τὴν
510 2663 745 2732 φυσικὴν
764 2663 968 2733 ταύτην
995 2665 1141 2734 ζωὴν
1164 2665 1422 2733 συστῆναι
1451 2665 1596 2732 λέγει
1622 2667 1650 2718 ὁ
1669 2682 1826 2736 νομο-

235 2751 419 2822 θέτης,
456 2755 516 2806 ἐν
550 2755 760 2824 τῇήτῶν
790 2756 974 2824 φυτῶν
1017 2755 1218 2827 βλάστῃ
1242 2759 1662 2827 προῦποστᾶσαν
1683 2774 1696 2788 ·
1726 2753 1825 2810 εἶθ’

234 2844 410 2907 οὕτως
453 2846 648 2912 έπάγει
693 2845 800 2899 τῶν
845 2848 965 2900 κατ’
1014 2847 1266 2918 αἴσθησιν
1303 2848 1690 2919 διοικουμένων
1728 2850 1826 2920 τὴν

232 2935 359 3002 γένε
367 2953 471 2987 σιν.

307 3026 417 3079 Καὶ
472 3026 661 3096 ἐπειδὴ
707 3027 846 3080 κατὰ
895 3027 990 3097 τὴν
1039 3027 1209 3100 αὐτὴν
1237 3030 1555 3083 ἀκολουθίαν
1589 3030 1696 3082 τῶν
1742 3029 1828 3084 διὰ

234 3117 440 3188 σαρκὸς
505 3117 610 3188 τὴν.
654 3117 800 3190 ζωὴν
869 3119 1160 3191 εἰληχότων
1222 3122 1291 3174 τὰ
1361 3121 1462 3190 μὲν
1511 3122 1824 3193 αἰσθητικά,

232 3209 329 3263 καὶ
360 3209 484 3279 δίχα
533 3210 633 3278 τῆς
675 3212 867 3281 νοερᾶς
913 3211 1129 3280 φύσεως
1177 3212 1262 3281 ἐφ’
1293 3213 1502 3265 ἑαυτῶν
1541 3213 1682 3267 εἶναι
1732 3215 1825 3266 δύ-

231 3319 413 3365 ναται,
444 3303 507 3354 τὸ
535 3302 593 3354 δὲ
629 3302 845 3370 λογικὸν
884 3304 985 3357 οὐκ
1028 3302 1094 3356 ἂν
1123 3303 1324 3373 ἑτέρως
1367 3303 1572 3371 γένοιτο
1614 3306 1670 3358 ὲν
1721 3304 1826 3357 σώ-

235 3411 386 3464 ματι,
405 3397 454 3446 εἰ
483 3395 556 3464 μὴ
588 3394 665 3464 τῷ
691 3395 934 3466 αἰσθητῷ
957 3395 1310 3467 συγκραθείη·
1341 3395 1430 3449 διὰ
1453 3397 1611 3450 τοῦτο
1639 3397 1821 3450 τελευ-

229 3487 380 3548 ταῖος
421 3485 560 3554 μετά
591 3485 661 3538 τά
708 3486 1063 3556 βλαστήματα
1103 3486 1196 3538 καὶ
1217 3485 1289 3538 τά
1329 3487 1459 3555 βοτά
1491 3489 1822 3542 κατεσκευά-

232 3575 335 3643 σθη
365 3578 396 3628 ὁ
422 3575 730 3646 ἄνθρωπος,
761 3575 865 3646 ὁδῷ
892 3593 1000 3629 τινι
1030 3576 1167 3648 πρὸς
1194 3578 1255 3629 τὸ
1283 3577 1485 3630 τέλειον
1509 3577 1819 3640 ἀκολούθως

1929 2208 2253 2275 stituuntur,
2281 2210 2401 2263 alim
2419 2209 2631 2264 vivendi
2654 2209 2910 2264 facultate
2932 2211 3173 2279 prwditee
3195 2215 3346 2264 sunt.
3375 2206 3515 2262 Rur-

1929 2317 2050 2355 sum
2083 2316 2282 2371 corpus
2311 2303 2421 2356 vita
2455 2303 2762 2372 praeditum,
2802 2314 2899 2356 aut
2931 2317 3154 2358 sensum
3198 2300 3379 2363 habet,
3420 2306 3515 2353 aut

1927 2407 1992 2446 eo
2019 2401 2190 2448 caret.
2225 2393 2438 2463 Corpus
2469 2404 2648 2449 autem
2682 2396 2926 2451 sentiens
2955 2395 3041 2448 vel
3077 2393 3306 2449 rationis
3339 2391 3392 2448 .vi
3424 2406 3514 2446 or-

1929 2490 2115 2538 natum
2139 2525 2155 2548 ,
2210 2486 2294 2540 vel
2345 2487 2466 2556 ejus
2507 2503 2703 2557 expers
2737 2503 2858 2543 esse
2887 2501 3114 2542 necesse
3152 2495 3254 2542 est.
3308 2482 3514 2539 Idcirco

1929 2574 2108 2632 Moses
2139 2576 2408 2632 inanimas
2441 2593 2530 2634 res
2556 2579 2810 2648 primum,
2844 2594 2965 2648 quae
2996 2578 3362 2631 animatorum
3393 2583 3515 2629 tan-

1929 2683 2092 2736 quam
2117 2668 2271 2734 {imus
2299 2669 2520 2739 quidam
2553 2649 2755 2739 gradus
2795 2681 3001 2728 essent,
3040 2669 3237 2723 deinde
3277 2666 3514 2722 naturali

1930 2759 2039 2812 vita
2065 2761 2338 2830 praditas,
2366 2767 2517 2814 ortas
2547 2777 2670 2817 esse
2699 2761 2885 2824 tradit,
2911 2776 3032 2830 quae
3071 2760 3327 2814 nimirum
3361 2759 3515 2829 plan-

1929 2863 2107 2907 tarum
2146 2853 2388 2923 germina
2414 2861 2572 2907 erant
2597 2871 2615 2926 ε
2641 2860 2768 2923 post
2797 2852 2940 2916 haec,
2966 2867 3154 2906 eorum
3183 2867 3303 2920 quae
3346 2864 3510 2906 sensu

1929 2943 2223 3013 agitantur.
2249 2943 2512 3012 originem
2539 2951 2952 2998 commemorat.

2001 3034 2136 3090 Cum
2165 3042 2344 3088 autem
2371 3041 2804 3089 consentaneum
2849 3034 2940 3097 sit,
2989 3047 3173 3087 rerum
3221 3045 3514 3102 corporea-

1930 3143 2052 3181 rum
2100 3127 2210 3180 vita
2253 3126 2626 3196 prmditarum,
2673 3139 2769 3180 eas
2815 3125 3035 3195 quidem
3078 3140 3199 3193 qua:
3243 3122 3513 3178 sentiendi

1929 3220 2040 3273 vim
2069 3219 2294 3284 habent,
2321 3220 2486 3273 etiam
2519 3218 2657 3274 citra
2689 3224 2944 3274 naturam
2991 3216 3380 3284 intelligentem
3408 3215 3517 3270 exi-

1931 3321 2076 3367 stere
2103 3326 2264 3382 posse
2287 3350 2302 3374 ,
2335 3311 2446 3364 vim
2481 3325 2608 3366 vero
2637 3309 3054 3365 ratiocinantem
3072 3308 3126 3362 in
3145 3322 3373 3377 corpore
3405 3321 3512 3362 non

1930 3414 2072 3462 esse,
2108 3399 2212 3454 nisi
2256 3399 2502 3455 facultati
2534 3399 2790 3457 sentienti
2836 3395 3240 3469 quodammodo
3283 3397 3513 3452 commi-

1925 3499 2179 3547 sceatur:
2211 3491 2416 3546 idcirco
2437 3498 2559 3561 post
2583 3493 2798 3560 plantas
2823 3499 2876 3544 et
2897 3503 3098 3560 pecora
3114 3489 3512 3543 homodemum

1929 3584 2187 3641 conditus
2216 3592 2319 3646 est,
2361 3593 2554 3638 natura
2587 3584 2779 3637 ordine
2821 3581 2890 3636 ad
2920 3592 3159 3637 creatum
3196 3581 3355 3651 plane
3386 3594 3513 3650 per-

227 3665 532 3737 αροῖούσης
573 3667 672 3737 τῆς
719 3666 952 3734 φύσεως.
1003 3666 1103 3720 Διά
1150 3667 1332 3738 πάσης
1369 3667 1478 3738 γὰρ
1521 3667 1665 3730 ἰδέας
1708 3667 1818 3718 τῶν

1928 3677 2129 3731 fectum
2160 3675 2560 3745 progrediente.
2593 3673 2729 3728 Nam
2765 3673 2966 3726 animal
2995 3672 3099 3726 hoc
3126 3670 3362 3725 rationis
3392 3684 3514 3740 par-

225 3758 421 3828 ψυχῶν
450 3760 846 3828 κατακιρνᾶται
875 3760 938 3812 τὸ
966 3759 1182 3826 λογικὸν
1223 3759 1380 3813 τοῦτο
1403 3756 1581 3822 ζῶονό
1612 3759 1819 3830 ἄνθρω-

231 3866 354 3914 πος,
404 3851 677 3921 Τρέφεται
710 3853 805 3920 μὲν
836 3851 944 3920 γὰρ
978 3852 1120 3904 κατά
1157 3851 1218 3904 τὸ
1258 3851 1486 3916 φυσικὸν
1515 3854 1614 3921 τῆς
1639 3850 1818 3921 ψυχῆς

228 3940 406 4007 εἶδοςθ
457 3945 525 4012 τῇ
569 3943 627 3996 δὲ
674 3941 940 4014 αὑξητικῇ
989 3943 1214 4013 δυνάμει
1246 3946 1278 4014 ή
1312 3943 1602 4013 αἰσθητικὴ
1651 3960 1818 4015 προσ-

227 4033 405 4104 εφύη,
444 4034 626 4104 μέσως
671 4033 870 4104 ἔχουσα
918 4033 1060 4086 κατὰ
1101 4035 1200 4105 τὴν
1252 4034 1387 4088 ἰδίαν
1422 4034 1585 4104 φύσιν
1617 4035 1716 4104 τῆς
1756 4051 1816 4086 τε

228 4126 426 4196 νοερᾶς
455 4126 673 4195 καὶτῆς
698 4125 1072 4197 ὑλωδεστέρας
1093 4126 1282 4188 οὐσίας
1313 4141 1326 4156 ⁸
1372 4125 1610 4195 τοσούτῳ
1639 4143 1816 4194 παχυ-

230 4218 541 4290 μερεστέρα
582 4219 806 4290 ταύτης,
853 4220 962 4288 ὅσῳ
1000 4218 1359 4290 καθαρωτέρα
1401 4219 1636 4288 ἐκείνης.
1682 4213 1817 4272 Εἶτά

225 4328 312 4373 τις
339 4310 553 4378 γίνεται
590 4310 726 4381 πρὸς
750 4311 812 4364 τὸ
838 4311 1034 4363 λεπτὸν
1066 4311 1160 4363 καὶ
1190 4310 1478 4380 φωτοειδὲς
1503 4312 1603 4380 τῆς
1627 4311 1817 4380 αἰσθη-

225 4409 389 4476 τικῆς
420 4404 636 4474 φύσεως
676 4406 710 4476 ἡ
748 4405 849 4476 τῆς
875 4407 1067 4475 νοερᾶς
1110 4405 1299 4468 οὐσίας
1329 4404 1601 4468 οἰκείωσίς
1633 4422 1692 4457 τε
1723 4406 1817 4460 καί

225 4501 571 4570 ἀνάκρασις,
611 4499 687 4562 ὡς
736 4501 796 4553 ὲν
834 4499 981 4570 τρισὶ
1025 4498 1236 4562 τούτοις
1267 4497 1358 4551 τὸν
1400 4498 1686 4569 ἄνθρωπον
1718 4500 1816 4568 τὴν

227 4593 492 4646 σύστασιν
521 4590 665 4660 ἔχειν
699 4605 711 4618 ·
760 4589 944 4652 καθὼς
972 4590 1066 4642 καὶ
1093 4588 1244 4661 παρά
1267 4589 1359 4642 τοῦ
1399 4590 1722 4643 Ἀποστόλου
1756 4591 1816 4642 τὸ

223 4681 473 4737 τοιοῦτον
507 4681 804 4751 ἐμάθομεν,
834 4683 892 4732 ὲν
923 4674 1004 4743 οἷς
1037 4681 1174 4749 πρὸς
1202 4681 1328 4742 τοὺς
1370 4680 1652 4749 Ἐφεσίους
1687 4679 1812 4750 ἔφη,

225 4774 666 4844 προσευχόμενος
695 4773 880 4835 αὐτοῖς
909 4773 1010 4844 τὴν
1045 4772 1266 4842 ὁλοτελῆ
1298 4772 1458 4842 χάριν
1495 4772 1589 4825 τοῦ
1630 4772 1816 4842 σώμα-

221 4884 338 4931 τος,
379 4866 475 4919 καὶ
502 4865 603 4935 τῆς
640 4865 840 4936 ψυχῆς,
871 4864 967 4916 καὶ
1003 4864 1097 4917 τοῦ
1143 4864 1454 4932 πνεύματος
1485 4865 1542 4915 ὲν
1571 4867 1637 4933 τῇ
1671 4881 1812 4935 παρ-

222 4959 389 5028 ουσία
417 4957 516 5010 τοῦ
563 4957 773 5027 Κυρίου
817 4955 1178 5026 φυλαχθῆναι,
1216 4956 1339 5008 ἀντὶ
1382 4955 1476 5009 τοῦ
1517 4956 1811 5026 θρεπτικοῦ

225 5052 430 5122 μέρους
471 5050 534 5102 τὸ
575 5049 735 5120 σῶμα
773 5049 969 5117 λέγων,
1011 5049 1072 5101 τὸ
1104 5048 1160 5101 δὲ
1204 5047 1520 5119 αἰσθητικὸν
1563 5051 1628 5119 τῇ
1667 5049 1812 5120 ψυχῇ
1849 5033 1892 5087 Ῑ)

218 5140 624 5211 διασημαίνων,
659 5140 946 5212 τὺίνοερὸν
982 5139 1038 5192 δὲ
1078 5138 1157 5208 τῷ
1189 5138 1482 5208 πνεύματι.
1540 5139 1812 5204 Ὡσαύτως

220 5235 317 5288 καὶ⁸
339 5233 433 5287 τὸν
457 5233 791 5304 γραμματέα
807 5233 895 5287 διὰ
915 5232 1009 5285 τοῦ
1033 5231 1362 5300 Εὑαγγελίου
1385 5233 1628 5286 παιδεύει
1650 5237 1678 5286 ὁ
1704 5233 1816 5287 Κύ-

225 5342 378 5397 ριος,
423 5326 607 5393 πάσης
641 5323 860 5394 ἐντολῆς
901 5323 1217 5394 προτιθέναι
1257 5323 1355 5394 τὴν
1387 5325 1466 5388 εἰς
1505 5325 1637 5378 Θεὸν
1680 5327 1815 5394 ἀγά-

222 5433 355 5484 πην,
392 5415 493 5485 τὴν
524 5414 585 5478 ἐξ
611 5415 737 5482 ὅλης
772 5415 993 5483 καρδίας
1027 5415 1118 5467 καὶ
1141 5415 1320 5484 ψυχῆς
1350 5415 1442 5468 καὶ
1467 5414 1703 5480 διανοίας
1729 5418 1815 5468 ἐνοι

221 5509 588 5578 εργουμένην.
643 5509 750 5560 Καὶ
802 5507 909 5577 γάρ
947 5505 1183 5560 ἐνταῦθα
1218 5507 1316 5576 τὴν
1349 5507 1519 5576 αὐτὴν
1549 5507 1696 5560 δοκεί
1726 5527 1814 5579 μοι

221 5599 492 5670 διαιεοράν
553 5599 874 5669 ἑρμηνεύειν
929 5601 958 5650 ὁ
1011 5598 1202 5666 λόγος,
1261 5597 1358 5666 τὴν
1410 5599 1509 5666 μὲν
1575 5617 1813 5668 σωματι-

222 5692 475 5761 κωτέραν
516 5692 845 5744 κατάστασιν
884 5689 1111 5760 καρδίαν
1148 5689 1356 5753 εἰπὼν,
1406 5689 1579 5760 ψυχὴν
1624 5692 1678 5743 δὲ
1719 5690 1814 5761 τὴν

228 5783 444 5853 μέσην,
500 5781 740 5839 διάνοιαν
788 5780 845 5834 δὲ
902 5781 1000 5851 τὴν
1051 5779 1390 5852 ὑψηλοτέραν
1459 5779 1656 5850 φύσιν,
1718 5781 1814 5853 τὴν

1926 3769 2120 3838 ticeps,
2152 3780 2313 3836 quem
2341 3766 2616 3819 hominem
2641 3763 2899 3826 dicimus,
2929 3778 2996 3817 ex
3019 3762 3168 3816 omni
3197 3770 3283 3816 est
3314 3761 3513 3816 animae

1926 3857 2101 3913 forma
2133 3857 2291 3927 quasi
2338 3862 2720 3924 temperatum.
2749 3851 2983 3908 Perinde
3008 3852 3156 3908 enim
3191 3859 3356 3922 atque
3383 3850 3514 3904 stir-

1925 3950 2072 4017 pium
2113 3947 2325 4006 anima,
2354 3960 2519 4014 quam
2566 3945 2869 4001 naturalem
2913 3941 3184 4008 diximus,
3229 3940 3514 3997 nutritur:

1924 4040 2121 4094 deinde
2149 4037 2390 4093 facultati
2422 4035 2750 4091 accretionis
2780 4035 2944 4090 etiam
2981 4035 3221 4090 sentiens
3251 4032 3509 4095 adhaeret,

1924 4136 2084 4206 cujus
2113 4143 2200 4190 est
2225 4145 2428 4190 natura
2449 4133 2608 4202 quasi
2636 4132 2814 4187 media
2832 4130 3080 4202 quaedam
3103 4131 3246 4185 inter
3271 4131 3511 4185 animam

1925 4230 2072 4284 illam
2114 4229 2348 4299 primam
2389 4226 2665 4281 rudiorem
2715 4231 2769 4279 et
2816 4224 3031 4278 tertiam
3072 4222 3462 4293 intelligenten
3495 4239 3508 4275 '.

1923 4327 2077 4374 tanto
2103 4315 2362 4372 nimirum
2389 4314 2733 4384 intelligente
2761 4311 3022 4374 crassior,
3050 4319 3261 4380 quanto
3291 4308 3382 4362 illa
3411 4323 3512 4378 pu-

1923 4411 2057 4465 rior.
2085 4409 2326 4478 Denique
2352 4422 2476 4462 cum
2501 4404 2686 4461 subtili
2714 4413 2768 4458 et
2792 4403 2972 4458 lucida
2998 4409 3191 4456 natura
3219 4399 3508 4463 sentiente,

1923 4503 2087 4556 etiam
2112 4499 2422 4568 intelligens
2446 4496 2735 4566 aptissimo
2769 4500 3200 4564 temperamento
3222 4490 3510 4560 conjungi-

1925 4599 2036 4652 tur,
2079 4599 2138 4643 ut
2176 4589 2287 4658 jam
2334 4589 2506 4643 tribus
2553 4587 2706 4642 hisce
2745 4588 2909 4640 rebus
2955 4585 3192 4640 hominis
3231 4584 3506 4654 opificium

1923 4690 2157 4738 constet.
2191 4680 2340 4736 Licet
2371 4681 2472 4734 hoc
2501 4679 2569 4734 de
2596 4677 2844 4749 Apostoli
2901 4676 3103 4740 verbis,
3139 4691 3260 4746 qua
3293 4675 3348 4729 in
3377 4673 3502 4744 epi-

1925 4777 2066 4831 stola
2094 4774 2162 4829 ad
2181 4773 2444 4844 Ephesios
2472 4779 2706 4834 exstant,
2728 4770 3049 4839 intelligere.
3081 4767 3421 4838 Optatenim,
3447 4772 3508 4820 ut

1925 4869 2136 4938 integra
2167 4867 2428 4936 corporis.
2446 4873 2510 4918 et,
2533 4863 2747 4929 animm,
2775 4869 2827 4916 et
2855 4861 3085 4930 spiritus
3113 4860 3288 4930 gratia
3332 4859 3384 4911 in
3412 4857 3506 4911 ad-

1925 4969 2143 5013 ventum
2178 4957 2391 5010 Domini
2425 4953 3032 5019 eonservetur,_quibus
3062 4951 3118 5004 in
3159 4950 3342 5004 verbis
3377 4963 3504 5002 cor-

1923 5051 2071 5120 poris
2101 5049 2390 5119 appellatio
2422 5057 2628 5115 partem
2657 5047 2710 5098 in
2746 5045 2966 5099 homine
2995 5045 3349 5101 nutrientem,
3383 5041 3504 5094 ani-

1921 5157 2011 5196 ma
2045 5141 2399 5202 sentientem.
2432 5138 2625 5206 spiritu
2669 5136 3058 5205 intelligentem
3099 5143 3270 5188 notat.
3302 5132 3504 5186 Eodem

1923 5233 2084 5287 modo
2115 5231 2352 5286 scribam
2381 5231 2532 5283 illum
2579 5227 2860 5282 Dominus.
2890 5226 2957 5282 in.
2986 5224 3278 5293 Evangelio
3321 5225 3502 5286 docet,

1923 5339 2162 5380 amorem
2190 5323 2244 5377 in
2277 5321 2444 5376 Deum
2468 5337 2532 5374 ex
2566 5317 2873 5373 totoeorde
2903 5326 2960 5371 et
3002 5316 3183 5370 anima
3228 5324 3283 5368 et
3325 5323 3505 5369 mente

1927 5417 2253 5486 profectum,
2298 5414 2512 5467 caeteris
2559 5412 2652 5465 Dei
2693 5411 2850 5464 scitis
2889 5410 3048 5478 longe
3085 5405 3498 5462 anteferendum

1923 5521 2066 5576 esse.
2099 5503 2230 5556 Nam
2263 5511 2317 5555 et
2341 5501 2457 5554 haec
2485 5501 2668 5558 oratio.
2686 5499 2816 5553 mihi
2843 5499 3138 5553 discrimen
3167 5499 3308 5551 idem
3333 5512 3501 5566 expo-

1925 5613 2053 5652 nere
2087 5595 2320 5654 videtur,
2353 5603 2410 5646 ut
2453 5592 2636 5647 cordis
2676 5592 3037 5662 appellatione
3075 5592 3318 5645 crassius
3368 5589 3501 5643 illud

1923 5692 2166 5758 corporis
2199 5691 2250 5740 in
2286 5688 2503 5741 homine
2532 5694 3016 5754 temperamentum
3042 5686 3261 5739 veniat:
3308 5683 3503 5738 anima:

1925 5796 2082 5849 vero,
2112 5778 2347 5834 medium
2381 5792 2394 5831 :
2429 5778 2628 5834 mentis
2655 5777 2889 5847 denique
2916 5791 3018 5832 vox
3060 5774 3500 5831 excellentiorem
3586 5843 3593 5850 _
