3886 6214
207 347 318 404 ιη

1429 355 1516 410 DE
1546 355 1833 413 HOMINIS
1865 356 2180 415 OPlFlCIO.

3385 351 3488 412 180

205 459 523 531 κεχυμένην
572 460 714 516 κατὰ
764 460 832 514 τά
864 462 1088 533 πλάγια,
1141 467 1227 519 οἵα
1285 469 1318 537 ἠ
1366 469 1474 522 τῶν
1516 469 1695 523 κυνῶν
1743 489 1802 524 τε

1913 487 2016 527 non
2045 471 2194 527 illam
2221 472 2473 542 fqllidem.
2501 471 2687 536 talem,
2739 471 2886 541 quali
2923 487 3071 526 nunc
3106 471 3336 538 utimur,
3385 471 3483 528 scd

207 555 304 604 καὶ
330 551 440 604 τῶν
461 552 666 606 λοιπῶν
687 553 796 615 τῶν
810 554 1112 628 ῶμοὸόρων
1134 560 1272 624 ἐστὶ,
1290 561 1371 630 τῷ
1390 563 1658 634 καρχάρῳ
1694 564 1806 618 τῶν

203 641 438 695 ὸῖόντων
487 644 694 712 μεταξὺ
728 645 834 698 τῶν
865 646 1250 719 διαστημάτων
1283 653 1684 725 ἐνδιαρρἐυσα.
1741 657 1805 709 Et

201 729 303 786 οὖν
336 735 413 806 μὴ
444 737 699 806 παρῆσαν
729 728 993 810 αι’χεῷες
1020 740 1097 810 τῷ
1128 740 1363 812 σώματι,
1396 745 1511 808 πῶς
1545 745 1612 799 ἂν
1649 747 1806 818 ἔναρ-

204 827 340 895 θρος
381 826 568 897 τούτῳ,
607 829 924 901 avexeratqu
962 831 1136 904 φωνὴ,
1173 835 1275 904 τῆς
1315 839 1665 908 κατασκευῆς
1694 838 1803 893 τῶν

206 917 352 970 κατά
375 917 440 969 τὸ
466 919 646 987 στόμα
674 920 878 991 μορίων
892 909 952 975 οὗ
973 924 1642 997 σρνδιασχηματιζομὲνης
1664 929 1802 999 πρὸς

203 1007 307 1078 τὴν
335 1008 526 1078 χρείαν
563 1007 656 1062 τοῦ
686 1011 958 1080 φθόγγους
1000 1013 1075 1078 ὡς
1102 1016 1414 1084 ἐπάναγκες
1445 1013 1637 1088 εἶναιῆ
1673 1017 1803 1090 βλη-

209 1100 416 1168 χᾶσθαι
443 1101 682 1167 πάντως,
717 1104 760 1172 ἢ
788 1105 1076 1175 μηκάζειν,
1107 1105 1146 1176 ἢ
1167 1106 1440 1172 ὑλακτεῖν,
1474 1109 1508 1179 ἦ
1540 1109 1802 1180 χρεμετί-

204 1191 325 1254 ζειν
350 1193 443 1245 τὸν
476 1193 783 1264 ἄνθρωπον,
806 1196 841 1266 ἢ
871 1195 1142 1270 βουσὶν,ηῆ
1174 1198 1318 1262 ὄνοις
1351 1199 1480 1270 βοᾷν
1511 1201 1803 1272 παραπλή-

207 1301 348 1347 σιον,
385 1285 418 1355 ἦ
449 1304 572 1340 τινα
605 1286 846 1358 θηριώδη
871 1286 1159 1361 μυκηθμδν
1187 1291 1429 1359 ἀφιέναι.
1455 1293 1591 1346 Νυνὶ
1621 1293 1678 1347 δὲ
1703 1295 1806 1365 τῆς

205 1374 395 1445 χειρὸς
425 1374 736 1448 ὲντεθείσης
757 1376 836 1447 τῷ
853 1376 1090 1448 σώματι,
1119 1378 1375 1450 εῠσχολόν
1397 1383 1522 1437 ἐστι.
1542 1382 1604 1435 τὸ
1631 1382 1808 1453 στόμα

205 1465 275 1534 τῇ
318 1463 598 1537 ὑπηρεσίᾳ
638 1466 733 1520 τοῦ
787 1467 966 1537 λόγου.
1027 1469 1236 1524 Οὐκοῦν
1281 1470 1413 1530 ἴδιον
1456 1473 1554 1543 τῆς
1585 1473 1808 1544 λογικῆς

203 1555 430 1622 φύσεως
466 1558 524 1610 αἱ
556 1559 737 1629 χεῖρες
766 1558 1203 1631 ἀναπεφήνασιν,
1239 1561 1400 1624 οὕτω,
1435 1563 1530 1616 τοῦ
1565 1564 1806 1618 πλάστου

203 1643 297 1700 διὰ
319 1644 531 1700 τούτων
554 1647 945 1717 ἐπινοήσαντας
979 1648 1058 1720 τῷ
1081 1649 1226 1722 λόγῳ
1256 1651 1358 1723 τὴν
1390 1653 1664 1714 εὐκολίαν.

1903 563 1990 619 vel
2030 579 2198 620 carne
2237 563 2499 634 amplam,
2551 562 2805 626 solidam.
2845 579 3115 634 aSperam,
3163 579 3286 634 quae
3322 563 3486 635 quid-

1903 654 2034 725 quid
2062 655 2324 711 dentibus
2360 656 2623 726 injectum
2655 664 2827 721 esset,
2881 672 2990 711 una
3022 671 3148 710 cum
3195 655 3306 710 illis
3334 660 3488 709 cbm-

1901 744 2326 799 minueret:ch
2371 753 2584 810 contra,
2627 746 2843 801 mollem
2895 761 3090 801 versus
3143 745 3335 812 latera,
3366 743 3488 799 ﬂui-

1902 833 2164 906 damque,
2208 835 2522 905 cujusmodi
2555 851 2755 895 canum
2803 837 3254 907 reliquorumque
3282 833 3488 890 anima-

1907 922 2043 976 lium
2087 923 2508 979 crudivororum
2559 924 2744 994 lingua
2772 935 2884 990 est,
2933 942 3053 996 qua:
3081 928 3223 980 inter
3243 925 3486 980 dentimn

1909 1017 2066 1085 quasi
2113 1025 2452 1073 serratorum
2502 1019 2673 1073 rimas
2736 1018 3075 1074 ditIunditur.
3117 1018 3488 1085 Quamobrem

1909 1105 1957 1160 si
1984 1119 2181 1161 manus
2211 1105 2452 1162 humano
2483 1110 2703 1179 corpori
2735 1110 2934 1166 addita:
2951 1127 3062 1166 non
3095 1111 3351 1176 fuissent,
3374 1124 3487 1180 quo

1909 1206 2071 1267 pacto
2096 1199 2319 1254 tandem
2350 1203 2584 1271 exprimi
2615 1204 2901 1259 articulata
2932 1205 3089 1276 quasi
3129 1220 3232 1259 vox
3279 1205 3489 1274 potuis-

1909 1298 2012 1351 set,
2041 1291 2293 1360 partibus
2315 1293 2428 1348 oris
2458 1292 2524 1348 ad
2555 1308 2755 1350 sonum
2779 1295 3150 1366 adiuvandum
3204 1311 3315 1350 non
3342 1295 3482 1352 satis

1915 1389 2038 1451 apte
2063 1381 2422 1438 conformatis
2444 1384 2466 1436 ’ς
2482 1383 2913 1451 Profecto.enim
2933 1395 3029 1442 aut
3047 1387 3367 1455 balandum,
3392 1395 3490 1442 aut

1913 1475 2353 1544 caprissandum,
2375 1486 2472 1530 aut
2503 1478 2838 1543 Intrandum,
2860 1487 2951 1533 aut
2977 1479 3359 1559 hinniendum,
3391 1489 3486 1534 aut

1920 1566 2226 1631 boandum,
2262 1576 2362 1622 aut
2396 1569 2703 1624 rudendum
2737 1570 2944 1627 homini
2998 1570 3214 1637 fuisset,
3251 1579 3345 1626 aut
3370 1585 3489 1626 mu-

1915 1657 2061 1727 gitus
2086 1657 2309 1727 quidam
2343 1661 2647 1720 belluarum
2683 1676 2836 1717 more
2858 1662 3123 1719 edendas.
3171 1661 3327 1718 Nunc
3353 1675 3482 1717 cum

207 1751 413 1834 manus
451 1737 660 1793 homini
704 1738 844 1795 datae
871 1741 1008 1804 sint,
1065 1749 1279 1810 tantum
1323 1744 1564 1806 sermoni
1611 1759 1675 1799 os
1719 1746 2079 1816 exprimendo
2121 1749 2361 1805 deservit
2389 1758 2561 1834 atque
2595 1761 2920 1824 occupatur.
2953 1752 3166 1807 Idcirco
3193 1761 3341 1808 recte
3374 1760 3490 1809 sta-

204 1831 408 1896 tuitur,
439 1846 639 1897 manus
659 1849 784 1890 esse
813 1837 1096 1906 proprium
1113 1838 1390 1906 quoddam
1422 1849 1630 1895 natura:
1653 1840 1911 1911 loquendi
1938 1843 2196 1900 facultate
2218 1845 2457 1915 [traditae
2484 1831 2935 1914 instrumentum,
2962 1848 3106 1903 hanc
3139 1849 3481 1920 potissimum

204 1926 280 1997 ad
309 1926 480 1988 ﬁnem
508 1927 702 1995 factas,
734 1936 801 1988 ut.
823 1945 1014 1986 earum
1038 1947 1221 2004 operai
1237 1935 1545 2006 expeditior
1570 1937 1628 1992 in
1659 1937 1818 1995 nobis
1847 1940 2492 2012 sermonis.usus.;esset.,

745 2043 1147 2114 ΚΕΦᾼΛΑΙΟΝ
1195 2046 1274 2105 e'.

209 2133 274 2182 Ὅ
283 2146 334 2184 τι

430 2201 644 2271 σχῆμα
673 2203 826 2271 πρὸς
850 2204 968 2272 τὴν
1005 2206 1113 2260 τοῦ
1139 2201 1326 2277 ,ιότου
1347 2201 1576 2286 χρεών,

290 2292 516 2364 Ἐπειδὴ
568 2295 748 2352 τοίνυν
809 2295 1020 2368 θεοειδῇ
1051 2315 1176 2352 τινα
1217 2299 1380 2370 χάριν
1413 2301 1494 2371 τῷ
1525 2301 1825 2372 πλάσματι.

209 2385 368 2454 ἡμῶν
395 2387 428 2438 ὁ
447 2388 682 2456 ποιήσας
706 2385 1027 2458 δεδώρηται,
1067 2388 1174 2450 τῶν
1203 2391 1360 2454 ίδίωνη
1385 2391 1606 2460 ἀγαθῶν
1633 2395 1808 2459 ἐνθεὶς

205 2481 273 2548 τῇ
303 2479 476 2532 εἰκόνι
499 2478 600 2542 τὰς
617 2479 941 2551 ὁμοιότητας
961 2498 977 2512 ·
995 2482 1084 2536 διὰ
1110 2482 1269 2553 τοῦτο
1288 2484 1357 2537 τά
1385 2484 1487 2555 μὲν
1506 2485 1669 2540 λοιπά
1699 2485 1822 2553 τῶν,

205 2571 435 2638 ἀγαθῶν
469 2569 668 2625 ἔδωκεν
697 2574 764 2626 ἐκ
808 2572 1123 2644 φιλοτιμίας
1165 2577 1234 2645 τῇ
1271 2575 1588 2648 ἀνθρωπίνῃ
1622 2576 1820 2646 φύσει.-

205 2662 324 2716 Νοῦ
348 2663 407 2717 δὲ
432 2664 530 2718 καὶ
559 2665 878 2736 φρονήσεως
906 2665 1006 2718 οὐκ
1035 2665 1150 2719 ἐστι
1185 2667 1390 2739 κυρίως
1419 2667 1596 2722 εἰπεῖν
1617 2668 1810 2736 anse-

203 2755 405 2822 δωκεν,
429 2756 545 2809 ἀλλ’
567 2757 653 2809 ὃτι
683 2757 978 2827 μετέδωκε,
999 2757 1090 2810 τὸν
1107 2757 1239 2812 ἴδιον
1267 2758 1435 2822 αὐτοῦ
1456 2760 1568 2830 τῆςέ
1581 2758 1800 2829 φύσεως

203 2849 416 2918 κόσμον
439 2847 715 2901 ἐπιϐαλὼν
738 2851 805 2921 τῇ
830 2849 1021 2903 εικόνι.
1039 2849 1196 2909 Ἐπεὶ
1213 2847 1307 2903 οὖν
1335 2851 1587 2922 νοερόντι
1613 2852 1804 2923 χρῆμα

203 2940 304 3008 καὶ
334 2937 629 3009 ἀσώματόν
656 2939 806 2992 ἐστιν
828 2941 857 2993 ό
892 2937 1041 3004 νοῦς,
1071 2933 1434 3010 ἀκοινώνητον
1457 2941 1523 2996 ἂν
1553 2941 1681 3013 ἔσχε
1710 2943 1810 3014 τὴν

201 3033 374 3103 χάριν
402 3034 500 3086 καὶ
547 3032 800 3104 ἄμικτον,
836 3032 913 3104 μὴ
951 3031 1045 3088 διά
1075 3049 1222 3098 τινος
1270 3033 1515 3098 ἐπινοίας
1547 3051 1814 3106 φανερού-

209 3124 385 3192 μένης
407 3122 572 3176 αὐτοῦ
595 3122 696 3193 τῆς
734 3124 1021 3193 κινήσεως.
1046 3123 1249 3177 Τούτου
1283 3124 1444 3196 χάριν
1465 3124 1566 3194 τῆς
1595 3125 1813 3196 ὀργανι-

203 3216 315 3284 κῆς
339 3215 545 3285 ταύτης
571 3214 909 3286 προσεδεήθη
927 3216 1295 3285 κατασκευῆς,
1320 3217 1408 3269 ἵνα
1437 3217 1716 3288 πλήκτρου
1733 3217 1814 3271 δί-

2512 2054 2748 2112 CAPUT
2802 2055 2894 2111 IX.

377 2131 703 2212 όρταζικὸν
746 2135 1218 2212 οιιιιτεςγλιιειιυάεγθηΔ
1248 2137 1698 2212 τοῦκάνθρώπου
1735 2139 1804 2195 τὸ

1985 2141 2268 2208 Hominem
2307 2145 2386 2199 sic
2407 2145 2686 2212 conditum
2706 2161 2843 2212 esse,
2868 2155 2929 2198 ut
2956 2146 3315 2200 instrumenta
3349 2147 3422 2200 ad

2264 2231 2560 2270 aerumnam
2587 2217 2888 2271 necessaria
2926 2215 3136 2270 habent.

1987 2301 2221 2371 Donavit
2257 2303 2424 2377 igitur
2454 2305 2664 2363 homini
2691 2307 2934 2372 condito,
2950 2321 3134 2362 rerum
3159 2306 3366 2360 Auctor
3404 2304 3490 2360 di—

1911 2394 2093 2450 vinam
2135 2397 2430 2467 quamdam
2455 2395 2950 2467 gratiamtinditis,
2971 2396 3196 2465 imagini
3229 2395 3394 2452 bonis
3419 2395 3490 2452 iis

1911 2501 2035 2555 qua:
2067 2488 2306 2558 propriis
2333 2488 2511 2558 ipsius
2532 2488 2694 2550 bonis
2723 2495 2855 2547 sunt
2886 2487 3221 2544 consimilia.
3239 2489 3318 2541 Ac
3346 2487 3492 2541 bona

1912 2579 2132 2648 quidem
2177 2588 2376 2635 extera
2415 2577 2915 2643 naturashominis
2960 2593 3036 2640 ex
3070 2592 3220 2632 mera
3251 2575 3491 2646 magniﬁ-

1913 2670 2100 2725 centia
2146 2670 2388 2725 tribuit:
2424 2679 2665 2734 mentem
2703 2685 2837 2726 vero
2871 2669 3333 2744 prudentiamque
3374 2682 3489 2723 non

1913 2761 2138 2832 proprie
2161 2761 2348 2816 datam
2379 2761 2648 2827 dicemus,
2684 2763 2783 2818 sed
2813 2777 2962 2824 cum.
2985 2761 3206 2824 homine
3237 2773 3489 2815 commu-

1915 2852 2154 2907 nicatam
2193 2870 2207 2906 :
2239 2853 2457 2908 volente
2499 2852 2759 2908 nimirum
2799 2850 2913 2907 Deo
2971 2852 3217 2913 debitum
3280 2857 3492 2906 natura:

1916 2957 2030 2997 suae
2061 2941 2165 2996 soli
2191 2951 2446 2996 ornatum
2476 2942 2700 3012 imagini
2731 2940 3114 3008 circumdare,
3134 2940 3287 2997 Mens
3325 2955 3492 3010 porro

1914 3049 2039 3089 cum
2089 3034 2257 3088 animi
2303 3042 2514 3088 tantum
2565 3034 2927 3106 intelligentia
2968 3032 3487 3104 comprehendatur,

1918 3139 2198 3195 corporea:
2243 3125 2452 3180 scilicet
2483 3139 2682 3194 expers
2730 3124 3024 3181 materiei:
3059 3123 3315 3186 habitura
3358 3137 3491 3194 proe

1918 3214 2063 3272 fecto
2091 3216 2428 3286 praestantiae
2472 3231 2588 3270 sua:
2635 3215 2780 3270 dona
2811 3215 2893 3272 sic
2937 3224 3077 3280 erat,
3133 3222 3194 3268 ut
3217 3229 3282 3270 ea
3333 3214 3486 3270 nulla

207 3306 439 3375 κηντῶν
461 3306 791 3376 φωνητικῶν
807 3305 1013 3377 μορίων
1043 3306 1374 3377 ἁπτόμενος,
1403 3307 1494 3361 διὰ
1519 3308 1618 3378 τῆς
1649 3309 1804 3373 ποιᾶς

1918 3325 2044 3364 cum
2073 3323 2134 3364 re
2166 3307 2734 3374 communicarentur,
2765 3309 2873 3366 nisi
2910 3308 3136 3373 inventa
3159 3306 3301 3364 ratio
3332 3321 3485 3378 qua:-

204 3372 321 3452 τῶν
353 3372 924 3467 φθόγγων-τυπώσεως
950 3372 1266 3471 ἑρμηνεύσῃ
1285 3401 1385 3470 τὴν
1411 3372 1623 3453 ἔνδοθεν
1656 3400 1804 3471 κίνη-

1917 3401 2044 3457 dam
2077 3410 2246 3465 esset,
2283 3416 2390 3471 qua
2428 3408 2613 3455 motus
2646 3372 2822 3471 ipsius
2860 3401 3028 3472 quasi.
3055 3372 3368 3472 patefieret:
3389 3397 3493 3455 ld-

207 3504 316 3559 rxtv.
351 3491 464 3544 Καὶ
483 3489 674 3560 ὥσπερ
715 3507 800 3554 τις
841 3491 1109 3562 μουσικῆς
1142 3489 1410 3563 ἔμπειρος
1437 3490 1536 3554 ὣν,
1566 3491 1633 3546 ἂν
1676 3493 1812 3547 ίδίαν

204 3583 275 3653 ὲκ
305 3580 517 3644 πάθους
568 3580 644 3653 μὴ
701 3581 816 3652 ἔχοι
862 3581 1069 3653 φωνὴν,
1109 3581 1434 3654 βουλόμενος
1471 3583 1531 3637 δὲ
1569 3585 1812 3657 φανεράν

206 3673 442 3742 ποιῆσαι
463 3672 562 3744 τὴν
599 3673 930 3744 ἐπιστήμην,
960 3673 1270 3746 ἀλλοτρίαις
1320 3674 1667 3748 ὲμμελῳδοίη
1698 3694 1812 3746 φω-

204 3768 352 3828 ναῖς,
382 3765 450 3817 δι’
481 3763 707 3837 αὑλῶνῆ
735 3764 903 3836 λύρας
927 3764 1266 3835 δημοσιεύων
1292 3766 1393 3838 τὴν
1421 3767 1618 3838 τέχνην
1637 3783 1652 3798 °
1669 3767 1812 3823 οὕτω

207 3857 310 3911 καὶ
339 3857 370 3908 ό
399 3854 737 3926 ἀνθρώπινος
769 3854 915 3919 νοῦς,
953 3856 1314 3910 παντοδαπῶν
1345 3859 1634 3928 νοημάτων
1661 3859 1812 3929 εὐρει-

207 3953 314 4022 τὴς
347 3949 448 4009 ῶν.
475 3949 554 4020 τῷ
598 3949 674 4020 μὴ
704 3949 965 4004 δύνασθαι
998 3949 1089 4004 διὰ
1129 3949 1460 4021 σωματικῶν
1504 3949 1812 4022 αἰσθήσεων

203 4041 480 4112 ὲπαῖούσῃ
524 4043 592 4112 τῇ
623 4042 769 4112 ψυχῇ
797 4041 1175 4105 δεικνύειντὰς
1195 4041 1298 4112 τῆς
1327 4041 1572 4106 διανοίας
1601 4041 1806 4114 ὁρμὰς,

207 4133 470 4203 καθάπερ
515 4150 600 4196 τις
643 4133 921 4202 ἁρμοστὴς
953 4132 1220 4203 ἔντεχνος,
1244 4132 1352 4186 τῶν
1389 4132 1651 4204 ἐμψύχων
1681 4133 1809 4187 τού-

206 4243 320 4278 των
377 4225 629 4296 ὀργάνων
687 4224 1010 4294 ἁπτόμενος,
1044 4224 1136 4277 διὰ
1174 4225 1275 4295 τῆς
1321 4225 1379 4277 ὲν
1409 4225 1619 4288 τούτοις
1670 4225 1809 4296 ἠχῆς

207 4317 426 4385 φανερά
479 4317 626 4368 ποιεί
673 4314 742 4367 τὰ
788 4313 1153 4384 κεκρυμμένα
1184 4314 1456 4386 νοήματα.
1488 4313 1808 4384 Σύμμικτος

204 4408 263 4471 δέ
285 4424 374 4471 τις
404 4409 440 4477 ἡ
472 4405 704 4479 μουσικὴ
744 4408 874 4477 περὶ
899 4407 962 4459 τὸ
989 4405 1329 4478 ἀνθρώπινον
1371 4406 1604 4478 ὄργανον
1639 4405 1806 4464 αὐλοῦ

209 4501 305 4553 καὶ
320 4497 518 4568 λύρας,
541 4497 732 4567 ὥσπερ
756 4498 814 4550 ὲν
839 4496 1076 4570 συνῳδίᾳ
1106 4496 1216 4552 τινὶ
1247 4495 1390 4554 κατὰ
1414 4495 1613 4553 ταύτὸν
1641 4496 1806 4568 ἀλλή-

207 4591 324 4654 λοις
386 4589 909 4662 συμφθεγγομένων.
957 4589 1031 4642 Τδ
1057 4588 1156 4659 μὲν
1190 4587 1301 4659 γὰρ
1336 4587 1557 4658 πνεῦμα
1595 4588 1684 4648 διὰ
1708 4591 1805 4661 τῆς

207 4681 510 4752 ἀρτηρίας,
544 4681 654 4736 ἀπὸ
681 4679 791 4733 τῶν
821 4679 1270 4752 πνευματοδόχων
1297 4680 1538 4750 ἀγγείων
1568 4679 1808 4735 ἀνωθού-

199 4790 402 4844 μενον,
451 4773 582 4826 ὅταν
628 4772 663 4842 ἡ
718 4771 865 4841 ὁρμὴ
890 4769 986 4828 τοῦ
1029 4769 1404 4841 φθεγγομένου
1451 4771 1589 4841 πρὸς
1625 4771 1810 4843 φωνὴν

207 4862 424 4934 τονώσῃ
447 4863 512 4916 τὸ
531 4863 717 4934 μέρος,
731 4865 854 4926 ταῖς
881 4860 1091 4915 ἔνδοθεν
1113 4863 1631 4934 προσαρασσόμενον
1641 4879 1809 4934 προσ-

209 4957 421 5020 εολαίς,
446 4955 503 5008 αἱ
537 4952 877 5024 κυκλοτερῶς
902 4953 992 5006 τὸν
1020 4953 1267 5026 αύλοειδῆ
1282 4954 1472 5013 τοῦτον
1500 4953 1808 5026 διειλήφασι

211 5047 406 5118 πόρον,
423 5044 671 5116 prpetrat!
702 5061 818 5108 πως
835 5045 935 5115 τὴν
949 5045 1039 5106 διὰ
1055 5044 1150 5099 τοῦ
1181 5045 1347 5100 αὐλοῦ
1377 5047 1673 5118 γινομένην
1702 5064 1809 5116 φω-

211 5138 331 5208 νὴν,
347 5139 469 5199 ταῖς
483 5135 811 5207 ὑμενώδεσιν
825 5136 1039 5210 ἐξοχαῖς
1057 5139 1116 5190 ὲν
1132 5136 1319 5208 κύκλῳ
1333 5153 1401 5190 πε
1409 5137 1614 5208 ριδονού
1622 5154 1802 5208 μενον.

223 5229 488 5301 ’Υπερῴα
511 5229 569 5282 δὲ
598 5228 692 5283 τὸν
730 5229 976 5283 κάτωθεν
1006 5227 1239 5298 φθόγγον
1270 5229 1547 5301 ἐκδέχεται
1574 5229 1655 5301 τῷ
1680 5231 1802 5291 κατ’

213 5325 388 5396 αὐτὴν
412 5320 710 5392 κενώματι,
741 5320 981 5392 διδύμοις
1000 5321 1182 5386 αὐλοῖς
1201 5325 1315 5384 τοῖς
1332 5321 1427 5375 ἐπὶ
1451 5322 1577 5386 τοὺς
1594 5321 1805 5393 μυκτῆ-

217 5427 318 5481 ρας
334 5410 605 5481 διήκουσι,
627 5410 722 5463 καὶ
747 5403 859 5462 οῗον
883 5408 1115 5471 λεπίδων
1131 5409 1275 5464 τισὶν
1295 5409 1507 5480 ἐξοχαῖς
1535 5413 1650 5475 τοῖς
1675 5412 1806 5482 περὶ

215 5501 306 5552 τὸν
324 5498 503 5570 ἡθμὸν
528 5499 770 5570 χόνδροις
797 5499 897 5569 τὴν
927 5499 1112 5568 φωνὴν
1141 5499 1551 5569 περισχίζουσα,
1580 5516 1808 5569 γεγωνο·

215 5590 383 5662 ιέραν
409 5590 512 5660 τὴν
533 5589 674 5661 ἠχὴν
693 5589 1084 5662 ἀπεργάζεται.
1110 5589 1318 5661 Παρειὰ
1340 5589 1418 5655 δὲ,
1445 5591 1540 5645 καὶ
1559 5590 1802 5660 γλῶσσα,

218 5683 313 5737 καὶ
347 5683 383 5752 ἡ
420 5681 551 5751 περὶ
602 5680 694 5735 τὸν
721 5681 979 5752 φάρυγγα
999 5679 1285 5752 διασκευὴ,
1313 5681 1434 5735 καθ’
1465 5680 1534 5757 ἠν
1562 5683 1591 5735 ὁ
1627 5680 1803 5735 ἀνθε-

219 5771 358 5846 ςσὼν
375 5771 711 5844 ύποχαλᾶται
731 5772 1149 5846 κοιλαινόμινος,
1178 5773 1275 5828 καὶ
1298 5772 1567 5840 ὀξυτονῶν
1591 5773 1798 5828 ἐπιτεί-

1918 3495 2073 3549 circo
2118 3499 2239 3548 erat
2288 3508 2429 3562 opus
2479 3491 2778 3548 artificiosa
2818 3492 3308 3549 instrumentorum
3342 3499 3492 3548 stru-

1919 3597 2100 3652 ctura,
2147 3602 2257 3656 quo
2306 3602 2460 3640 mens
2484 3594 2668 3656 partes
2700 3584 2822 3640 voci
2853 3584 3154 3650 formandae
3183 3584 3491 3639 destinatas

1918 3687 2180 3750 tanquam
2230 3679 2498 3746 plectrum
2532 3676 2755 3744 feriens,
2804 3677 2962 3733 sonis.
2989 3685 3140 3738 certo
3190 3676 3353 3730 modo
3393 3691 3494 3732 ex-

1916 3772 2122 3845 pressis
2215 3779 2424 3826 motum
2469 3787 2629 3829 suum
2671 3771 2991 3827 interiorem
3051 3776 3370 3841 exponeret.
3412 3769 3493 3823 Ac

1917 3862 2379 3936 quemadmodum
2412 3864 2458 3918 si
2487 3863 2614 3934 quis
2639 3861 2865 3918 musica!
2884 3863 3230 3946 peritusrsua
3264 3861 3489 3932 quidem

1915 3972 2051 4014 voce
2075 3956 2210 4011 vitio
2239 3953 2476 4026 quodam
2525 3953 2873 4020 destituatur,
2914 3963 3085 4009 artem
3121 3967 3253 4008 vero
3292 3952 3493 4008 nihilo-

1917 4048 2104 4102 minus
2133 4056 2414 4103 ostentare
2445 4045 2596 4107 velit,
2633 4050 2694 4097 ut
2741 4059 2873 4116 ergo
2918 4045 3006 4100 hic
3044 4045 3304 4100 ascititiis
3345 4044 3494 4100 voci-

1918 4139 2022 4194 bus
2053 4139 2333 4209 eleganter
2382 4139 2578 4202 utitur,
2629 4137 2715 4193 vel
2753 4137 2868 4209 lyra
2896 4137 2982 4191 vel
3020 4137 3176 4200 tibia,
3223 4145 3490 4207 quantum

1916 4239 2035 4289 arte
2065 4232 2263 4294 valeat,
2299 4229 2684 4286 demonstrans
2717 4246 2730 4282 ε
2760 4229 2843 4284 sic
2883 4244 3039 4284 mens
3101 4227 3342 4282 humana
3388 4241 3490 4283 va-

1916 4325 2124 4377 riarum
2189 4321 2465 4376 rationum
2515 4321 2862 4392 indagatrix,
2914 4335 3042 4382 cum
3095 4319 3488 4390 cogitationum

1913 4430 2138 4470 suarum
2165 4414 2394 4469 consilia
2431 4427 2543 4468 non
2573 4414 2750 4483 possit
2787 4412 2977 4466 animo.
3004 4411 3240 4482 aperire,
3265 4411 3359 4480 qui
3393 4424 3490 4480 per

1912 4513 2171 4564 externos
2203 4519 2402 4560 sensus
2430 4519 2522 4559 res
2556 4502 2824 4573 percipit:
2861 4502 3010 4557 velut
3061 4501 3372 4557 industrius
3396 4514 3489 4554 ar-

1913 4598 2048 4654 tifex
2077 4597 2319 4652 animata
2349 4609 2556 4667 organa
2591 4595 2795 4664 pulsat,
2829 4608 3036 4664 perque
3066 4590 3275 4647 editum
3305 4590 3376 4645 ab
3397 4591 3486 4648 bis

1914 4703 2110 4744 sonum
2139 4686 2356 4744 abditas
2385 4685 2750 4757 cogitationes
2771 4699 2901 4740 suas
2928 4682 3206 4753 patefacit.
3243 4680 3341 4737 Est
3377 4695 3486 4735 au-

1912 4787 2022 4835 tem
2053 4779 2111 4834 in
2127 4778 2246 4834 'hoc
2302 4777 2540 4832 hominis
2587 4777 2955 4832 instrumento
3000 4773 3292 4831 commista
3330 4787 3484 4842 qum-

1912 4871 2038 4926 dam
2070 4870 2220 4926 tibia:
2251 4869 2490 4941 lyrasque
2519 4869 2749 4932 musica,
2769 4881 2879 4922 non
2913 4865 3073 4922 aliter
3099 4872 3264 4936 atque
3286 4864 3335 4921 si
3368 4863 3484 4920 hac

1910 4963 2022 5019 duo
2061 4970 2253 5017 mutuo
2293 4968 2561 5016 concentu
2615 4965 3005 5016 consonarent.
3055 4955 3192 5010 Nam
3253 4955 3484 5025 spiritus

1909 5069 2008 5126 per
2071 5053 2332 5109 arteriam
2371 5066 2439 5107 ex
2493 5050 2666 5117 vasis,
2715 5051 2917 5120 quibus
2969 5049 3088 5120 ipse
3143 5047 3479 5112 continetur,

1911 5161 2132 5204 sursum
2200 5143 2493 5213 impulsus.
2556 5143 2788 5200 homine
2854 5141 3110 5198 locuturo
3169 5139 3476 5196 membrum

1907 5238 2110 5309 ipsum,
2141 5242 2202 5289 ut
2229 5250 2422 5290 vocem
2456 5233 2603 5298 edat,
2649 5233 2850 5304 cupide
2893 5232 3052 5304 quasi
3103 5231 3424 5288 intendente
3459 5247 3477 5287 :

1908 5339 2024 5386 tum
2051 5328 2218 5400 igitur
2264 5327 2496 5398 spiritus
2526 5325 2596 5380 ad
2629 5325 2920 5382 interiores
2960 5323 3181 5380 arteriae
3219 5320 3480 5380 commis-

1910 5435 2074 5479 suras
2108 5419 2310 5486 illisus,
2367 5433 2490 5490 qua:
2539 5424 2778 5472 meatum
2831 5415 2988 5470 illum
3032 5414 3180 5471 tibia
3240 5413 3481 5470 similem

1909 5511 2059 5567 omni
2086 5525 2154 5566 ex
2195 5519 2350 5580 parte
2390 5507 2694 5571 continent,
2739 5506 2886 5562 tibiae
2921 5520 3120 5560 sonum
3151 5503 3313 5559 modo
3339 5516 3478 5573 quo-

1911 5603 2035 5658 dam
2066 5601 2336 5665 imitatur,
2374 5598 2620 5669 undique
2646 5613 2744 5670 per
2784 5595 3049 5669 quasdam
3094 5594 3262 5650 veluti
3308 5594 3476 5649 strias

1906 5691 2284 5748 membraneas
2316 5691 2569 5762 agitatus.
2587 5689 2792 5744 Deinde
2814 5688 3054 5760 palatum
3080 5683 3344 5756 capedine
3373 5697 3474 5737 sua

1903 5792 2076 5836 vacua
2110 5794 2306 5837 sonum
2345 5777 2415 5835 ab
2445 5777 2556 5834 imo
2597 5778 2910 5834 tendentem
2953 5774 3256 5848 excipiens.
3292 5770 3474 5844 gemi-
