3886 6214
433 307 529 364 151

1667 323 1722 378 s.
1766 309 2095 384 GRECORII
2151 329 2444 387 NYSSENI

3588 341 3695 398 152

428 418 522 476 nis
543 421 794 476 eumdem
821 419 1018 478 ﬁstulis
1059 425 1125 481 ad
1159 428 1349 484 nares
1369 431 1795 501 pertinentibus,
1838 447 1997 508 atque

2107 459 2288 495 νεταιο
2330 445 2504 498 ταῦτα
2566 443 2744 496 πάντα
2792 443 2892 515 τὴν
2926 445 2986 497 ἐν
3022 448 3140 509 ταῖς
3187 450 3404 518 νευραῖς
3430 451 3524 505 τοῦ
3557 454 3699 529 πλήρ

428 513 594 568 etiam
616 512 707 568 illa
735 517 1078 587 cartilagine,
1125 534 1247 589 quae
1279 522 1332 575 id
1383 524 1530 593 quod
1575 527 1756 580 colum
1805 543 2004 586 vocant

419 604 827 675 complectitur,
861 615 1117 678 tanquam
1161 626 1259 680 per
1307 629 1569 684 squamas
1602 620 1854 674 nonnihil
1902 637 2001 676 ex-

421 704 635 753 stantes
659 697 731 752 ita
762 700 1077 770 disrumpit,
1112 713 1171 757 ut
1197 720 1297 759 vox
1324 707 1481 778 longe
1503 709 1704 764 clarior
1721 712 1996 768 reddatur.

420 784 586 842 Cena;
613 802 798 858 porro,
855 798 909 844 et
941 791 1145 861 lingua,
1181 804 1236 846 et
1269 793 1506 848 lam-ium
1545 805 1820 852 structura
1846 800 1992 855 circa

420 893 587 952 quam
631 889 876 936 mentum
935 882 989 937 in
1048 883 1282 940 formam
1321 901 1618 942 concavam
1661 891 1991 960 explicatum

421 969 644 1028 tandem
707 973 762 1026 in
829 988 1062 1030 acumen
1110 975 1318 1032 desinit
1351 993 1364 1029 :
1397 979 1514 1034 [nec
1556 995 1688 1050 ergo
1733 983 1990 1039 universa

2109 551 2273 603 κτρου
2297 536 2510 608 κίνησιν
2533 535 2884 606 ὑποκρίνεται
2913 537 3172 601 ποικίλως
3207 540 3299 592 καὶ
3319 541 3694 615 πολυτρόπως,

2105 626 2198 677 ἐπὶ
2227 627 2420 697 καιροῦ
2473 627 2570 680 σὺν
2619 627 2798 697 πολλῷ
2829 627 2908 698 τῷ
2937 629 3090 698 τάχει
3121 629 3530 702 μεθαρμόζοντα
3559 642 3697 709 πρὸς

2102 716 2202 787 τὴν
2255 719 2444 788 χρείαν
2501 721 2629 782 τοὺς
2679 721 2886 782 τόνους.
2931 720 3168 773 Χειλέων
3199 722 3254 775 δὲ
3297 722 3546 798 διαστολὴ
3599 738 3695 785 καὶ

2103 809 2362 879 ἐπίμυσις
2394 811 2588 863 ταύτὸν
2618 815 2762 863 ποιεῖ
2788 815 2899 875 τοῖς
2923 811 3008 864 διὰ
3037 812 3144 864 τῶν
3173 813 3448 868 δακτύλων
3470 818 3697 885 ἐπιλαιτ

2102 898 2322 954 σάνουσι
2365 901 2463 954 τοῦ
2505 901 2670 956 αὐλοῦ
2696 903 2759 956 τὸ
2788 902 3026 974 πνεῦμα,
3063 906 3154 957 καὶ
3177 906 3277 975 τὴν
3305 907 3572 977 ἁρμονίαν
3597 909 3692 962 τοῦ

2102 988 2318 1058 μέλους.

417 1063 610 1134 plectri
650 1064 704 1119 in
742 1064 938 1121 ﬁdibus
974 1075 1179 1163 motum
1212 1071 1364 1126 varie
1408 1073 1888 1163 multipliciterque
1928 1091 2321 1147 repraesentant
2353 1102 2367 1139 :
2406 1094 2460 1140 et
2499 1101 2694 1158 magna
2741 1086 3042 1152 celeritate,
3087 1098 3250 1158 prout
3292 1107 3380 1147 res
3428 1095 3687 1163 postulat,

416 1169 612 1209 vocum
637 1161 803 1250 tonos
830 1165 1085 1250 mutant.
1138 1157 1432 1214 Labiorum
1472 1161 1708 1234 denique
1745 1165 2081 1233 diductione,
2127 1175 2557 1246 eorumdemque
2593 1157 2834 1234 Vicissim
2885 1157 3294 1250 compressione
3329 1157 3698 1249 sic-utimur,

419 1257 481 1302 ιν.
509 1247 706 1304 musici
733 1247 1027 1319 digitorum
1057 1267 1222 1322 opera
1246 1253 1497 1324 spiritum
1531 1256 1587 1310 in
1633 1257 1850 1324 ﬁstulis,
1879 1268 1932 1317 et
1954 1271 2150 1320 cantus
2181 1267 2320 1323 adeo
2366 1269 2706 1325 harmoniam
2738 1247 3112 1326 moderantur.

1048 1365 1283 1420 CAPUT
1325 1367 1393 1423 Χ.

825 1456 1054 1510 Mentem
1079 1475 1169 1527 per
1196 1475 1382 1514 sensus
1416 1478 1588 1532 agere.

491 1551 606 1608 Hoc
629 1553 794 1624 igitur
831 1562 992 1624 pacto
1020 1563 1203 1608 mente
1235 1571 1331 1625 per
1356 1556 1637 1626 opiﬁcium
1665 1560 1991 1630 organicum

2653 1385 3047 1440 ΚΕΦᾹΛΑΙΟΝ
3093 1387 3148 1441 l'.

2246 1477 2375 1530 Ὅτι
2409 1476 2507 1530 διὰ
2544 1477 2666 1531 τῶν
2690 1478 3036 1546 αἰσθήσεων
3075 1483 3108 1533 ὀ
3133 1479 3278 1545 νοῦς
3303 1480 3547 1549 ἐνεργεῖ.

2174 1564 2330 1618 Οὕτω
2383 1567 2559 1619 τοίνυν
2615 1566 2709 1620 τοῦ
2743 1567 2834 1620 νοῦ
2877 1567 2964 1620 διὰ
3007 1569 3106 1638 τῆς
3157 1570 3453 1640 ὀργανικῆς
3489 1570 3700 1640 ταύτης

420 1659 734 1700 sermonem
790 1644 846 1698 in
905 1645 1067 1700 nobis
1123 1647 1284 1716 quasi
1340 1647 1678 1716 modulante,
1733 1652 1994 1722 loquendi

2104 1658 2443 1728 κατασκευῆς
2471 1659 2527 1710 ἐν
2556 1660 2686 1729 ἡμῖν
2708 1659 3172 1728 μουσουργοῦντος
3207 1661 3297 1712 τὸν
3335 1661 3514 1728 λόγον,
3545 1661 3697 1728 λογί-

420 1733 740 1791 l'acultatem
786 1737 966 1806 adepti
1009 1751 1205 1793 sumus
1247 1758 1261 1793 :
1305 1755 1414 1810 quo
1449 1741 1652 1813 insigni
1681 1744 1826 1800 dono
1853 1748 1997 1801 cari-

420 1827 530 1882 turi
561 1842 808 1892 eramus,
873 1829 918 1884 si
974 1843 1140 1898 grave
1191 1831 1599 1904 molestumque
1645 1840 1998 1908 comparandi

418 1921 663 1976 humano
725 1921 942 1990 corpori
996 1933 1183 1991 pastus
1235 1924 1516 1991 negotium
1587 1926 1754 1983 labris
1811 1929 1999 1984 datum

419 2013 638 2070 fuisset.
695 2013 854 2068 Nunc
910 2028 1036 2068 cum
1090 2015 1142 2068 id
1199 2014 1358 2070 oliicii
1411 2018 1669 2073 manibus
1715 2020 1996 2090 obtigerit,

415 2105 568 2162 nulla
609 2122 675 2162 ex
708 2107 813 2161 alia
851 2122 910 2162 re
957 2122 1020 2162 os
1062 2109 1322 2178 occupari
1378 2125 1604 2166 necesse
1641 2119 1748 2177 est,
1800 2113 1907 2169 nisi
1939 2121 1998 2168 ut

417 2214 729 2255 sermonem
763 2214 928 2270 quam
973 2201 1262 2270 aptissime
1288 2199 1525 2272 ellingat.
1563 2202 1743 2273 Atque
1781 2213 1865 2260 est
1896 2204 1998 2260 bu-

412 2290 508 2362 jus
540 2292 729 2362 organi
754 2291 952 2363 duplex
995 2293 1214 2362 quidem
1259 2309 1417 2356 usus,
1453 2295 1593 2349 alter
1619 2294 1674 2348 in
1708 2295 1995 2351 elliciendo

416 2396 573 2447 sono,
604 2383 743 2439 alter
773 2383 830 2438 in
863 2384 1192 2454 recipiendis
1229 2385 1336 2440 illis
1372 2386 1699 2456 rebus,quas
1719 2401 1808 2442 res
1839 2397 1995 2442 extra

415 2491 522 2532 nos
545 2477 752 2546 positas
780 2475 1218 2532 consideramus.
1262 2476 1465 2530 Harum
1525 2487 1711 2534 autem
1761 2477 1995 2534 faculta-

416 2575 532 2620 tum
556 2575 749 2622 neutra
786 2581 911 2620 cum
956 2565 1124 2620 altera
1168 2566 1470 2621 miscetur:
1503 2565 1600 2622 sed
1643 2569 1901 2637 quaelibet
1939 2569 1992 2624 id

415 2658 550 2729 agit,
577 2657 646 2712 ad
667 2657 816 2729 quod
848 2672 880 2711 a
911 2667 1108 2712 natura
1141 2666 1226 2714 est
1245 2658 1540 2715 destinata.
1575 2657 1786 2715 Idcirco
1816 2677 1994 2732 neque

417 2751 644 2806 auditus
700 2750 969 2820 loquitur,
1012 2767 1191 2822 neque
1232 2767 1341 2807 vox
1384 2751 1562 2816 audit,
1615 2768 1792 2822 neque
1823 2753 1993 2808 altera

415 2840 612 2897 harum
643 2843 930 2913 perturbat
971 2844 1220 2898 alteram.
1253 2844 1393 2897 Nam
1436 2859 1541 2899 vos
1585 2845 1807 2916 quidem
1852 2861 1992 2901 sem-

416 2948 516 3005 per
551 2934 757 3004 aliquid
787 2935 988 2990 emittit
1023 2977 1037 3000 ,
1081 2943 1385 3005 contraque
1423 2935 1645 2992 auditus
1676 2952 1991 3007 quanquam

2103 1749 2188 1801 xei.
2212 1749 2532 1819 γεγόναμεν,
2564 1750 2662 1802 οὐκ
2684 1750 2768 1812 ἂν,
2796 1749 2870 1814 ὡς
2901 1746 3074 1821 οἶμαι,
3119 1750 3332 1821 ἔχοντες
3358 1751 3457 1821 τὴν
3485 1751 3581 1804 τοῦ
3605 1752 3697 1805 λό-

2101 1856 2198 1907 γου
2229 1839 2408 1910 χάριν,
2439 1841 2489 1892 εί
2517 1841 2579 1893 τὸ
2621 1841 2755 1911 βαρύ
2787 1859 2844 1894 τε
2891 1843 2984 1895 καὶ
3015 1842 3268 1895 ἐπίπονον
3299 1843 3396 1912 τῆς
3425 1843 3568 1896 κατὰ
3595 1842 3699 1914 τὴν

2103 1929 2305 2001 βρῶσιν
2355 1930 2606 2001 λατρείας
2668 1932 2780 1994 τοῖς
2835 1931 3036 2000 χείλεσι
3075 1932 3210 2001 πρὸς
3252 1933 3350 2001 τὴν
3379 1931 3570 2000 χρείαν
3597 1930 3696 1984 τοῦ

2103 2020 2353 2092 σώματος
2381 2021 2727 2092 ἐπορίζομεν.
2777 2023 2913 2074 Νυνὶ
2942 2022 2998 2076 δὲ
3037 2024 3134 2094 τὴν
3165 2021 3420 2092 τοιαύτην
3447 2023 3696 2093 λειτουρ-

2099 2111 2222 2182 γίαν
2255 2113 2310 2165 αί
2353 2115 2535 2182 χεῖρες
2580 2113 2660 2175 είς
2689 2113 2887 2177 ἑαυτὰς
2927 2115 3346 2183 μετενέγκασαι,
3386 2113 3604 2166 εῦθετον
3622 2115 3699 2184 τῇ

2100 2204 2372 2276 ὑπηρεσίᾳ
2413 2203 2507 2256 τοῦ
2557 2203 2720 2272 λόγου
2767 2204 2828 2257 τὸ
2872 2205 3044 2276 στόμα
3081 2207 3391 2260 κατέλιπον.
3433 2205 3702 2274 Διπλῆδὲ

2098 2297 2226 2366 περὶ
2265 2295 2326 2348 τὸ
2376 2296 2604 2366 ὀργανον
2636 2298 2670 2365 ἡ
2701 2297 2947 2367 ἐνέργεια
2971 2315 2984 2328 ·
3021 2300 3055 2368 ἡ
3091 2299 3187 2368 μὲν
3243 2298 3378 2368 πρὸς
3429 2297 3704 2368 ἐργασίαν

2097 2387 2254 2456 ἠχῆς,
2284 2389 2316 2458 ἡ
2343 2386 2396 2438 δὲ
2414 2387 2548 2457 πρὸς
2582 2389 2848 2459 ὑποδοχὴν
2871 2389 2977 2441 τῶν
3006 2389 3205 2453 ἔξωθεν
3237 2388 3546 2460 νοημάτων.
3584 2390 3704 2440 Καὶ

2097 2479 2196 2532 οὐκ
2232 2479 2583 2548 ἐπιμίγνυται
2602 2480 2737 2551 πρὸς
2767 2480 2880 2550 τὴν·
2897 2481 3140 2552 ἐτέρανή
3165 2480 3322 2550 ἄλλη,
3350 2478 3488 2532 ἀλλὰ
3505 2496 3696 2548 παρα,-

2100 2570 2250 2640 μένει
2288 2573 2354 2641 τῇ
2406 2572 2677 2642 ἐνεργείᾳ,
2710 2573 2794 2642 ἐφ’
2890 2573 3092 2642 ἐτάχθη
3137 2573 3290 2643 παρὰ
3321 2571 3420 2643 τῆς
3451 2571 3696 2641 φύσεως,

2095 2663 2198 2715 οὐκ
2229 2662 2518 2733 ἐνοχλοῦσα
2547 2666 2612 2734 τῇ
2646 2664 2869 2731 γείτονι,
2903 2663 3027 2717 οὔτε
3056 2665 3154 2734 τῆς
3187 2664 3357 2735 ἀκοῆς
3400 2663 3695 2731 λαλούσης,

2096 2752 2218 2808 οὔτε
2245 2752 2345 2822 τῆς
2374 2754 2555 2824 φωνῆς
2593 2753 2916 2825 ἀκουούσης.
2962 2754 3024 2806 Ἦ
3067 2754 3165 2824 μὲν
3205 2753 3320 2823 γὰρ
3353 2753 3440 2808 άεί
3471 2771 3525 2805 τι
3557 2753 3697 2807 πάνι-

2096 2861 2201 2906 τως
2212 2845 2480 2914 προΐεται,
2499 2846 2532 2911 ἡ
2550 2843 2605 2896 δὲ
2629 2842 2767 2913 άκοὴ
2791 2842 3052 2914 δεχομένη
3068 2842 3330 2914 διηνεκῶς
3359 2843 3458 2895 οὐκ
3480 2841 3694 2911 ἐμπίμ-

2098 2937 2316 3001 πλαται,
2370 2935 2551 3000 καθώς
2599 2937 2732 3007 φησί
2777 2955 2879 2990 που
2913 2935 3166 3007 Σολομὼν
3187 2952 3200 2968 ⁸
3231 2937 3262 2988 ὃ
3306 2953 3396 3006 μοι
3425 2935 3694 2988 δοκεῖκαὶ

415 3033 680 3096 perpetuo
715 3027 966 3095 recipiat,
1005 3042 1283 3095 nunquam
1309 3035 1488 3081 tamen
1520 3027 1782 3096 repletur,
1808 3043 1997 3099 quem-

2104 3028 2338 3098 μάλιστα
2365 3027 2472 3080 τῶν
2525 3029 2582 3080 ἐν
2629 3030 2758 3097 ἡμῖν
2793 3026 2940 3092 ἄξιον
2981 3023 3118 3080 εἶναι
3165 3029 3259 3080 καὶ
3289 3026 3690 3097 θαυμάζεσθαι·

417 3119 711 3173 admodum
747 3119 966 3173 Salonio
1000 3119 1200 3173 alicubi
1236 3119 1479 3188 loquitur
1499 3120 1710 3186 ".Quae
1741 3136 1830 3177 res
1858 3121 1993 3174 mibi

416 3213 654 3267 maxime
680 3212 734 3266 in
766 3212 924 3268 nobis
961 3213 1325 3268 admiratione
1360 3214 1522 3285 digna
1568 3213 1806 3279 videtur,
1861 3228 1984 3284 qua:

417 3303 677 3359 nimirum
715 3303 806 3358 illa
850 3305 922 3359 sit
967 3305 1247 3360 interioris
1286 3315 1490 3362 nostra:
1531 3306 1850 3374 capacitatis
1887 3321 1998 3359 am-

417 3397 652 3467 plitudo,
688 3396 744 3449 in
783 3411 948 3466 quam
990 3397 1175 3450 omnia
1212 3412 1307 3466 per
1346 3397 1599 3450 auditum
1647 3395 1829 3452 infusa
1864 3411 1998 3451 con-o

419 3488 626 3555 ﬂuunt;
681 3488 775 3560 qui
830 3489 942 3546 sint
991 3489 1150 3560 quasi
1201 3504 1232 3543 a
1282 3489 1718 3553 commentariis,
1759 3505 1994 3560 quorum

417 3595 584 3650 opera
637 3579 1035 3652 consignentur
1075 3595 1139 3637 ea
1187 3597 1310 3651 quae
1363 3582 1418 3636 in
1460 3581 1622 3637 aures
1667 3592 1993 3652 penetrant;

417 3686 542 3741 quae
575 3673 921 3742 receptacula
957 3674 1067 3727 sint
1127 3688 1309 3727 rerum
1337 3672 1528 3726 auditu
1589 3683 1994 3744 perceptarum,

418 3778 531 3834 quo
562 3774 718 3833 pacto
751 3763 864 3819 ﬁeri
896 3766 1096 3835 pOSsll,
1145 3777 1202 3818 ut
1231 3781 1356 3818 cum
1385 3765 1524 3820 adeo
1562 3767 1732 3819 multa
1770 3771 1823 3822 εἰ
1845 3767 1996 3820 varia

419 3853 808 3919 immittantur,
869 3855 1070 3908 nonin
1123 3854 1486 3909 collocatione
1522 3869 1704 3910 rerum
1763 3856 1995 3910 aliarum

422 3961 589 4016 super
626 3944 762 4001 alias
797 3945 1052 4000 conlusio
1089 3961 1152 4000 ac
1194 3945 1536 4015 perturbatio
1576 3948 1825 4016 quaedam
1874 3964 2000 4002 con-

422 4039 617 4109 tingat.
671 4037 816 4094 Idem
843 4050 895 4095 et
927 4039 983 4092 in
1027 4039 1285 4094 facultate
1323 4040 1546 4096 vidente
1583 4041 1637 4094 in
1681 4040 2000 4095 admiratio-

421 4145 546 4184 nem
577 4131 742 4185 venit.
775 4128 910 4183 Nam
940 4138 994 4184 et
1027 4147 1120 4200 per
1146 4131 1288 4184 lianc
1316 4130 1481 4186 modo
1527 4133 1766 4200 quodam
1817 4132 2000 4186 consi-

425 4221 540 4276 mili
568 4236 724 4276 mens
761 4223 1000 4275 extraria
1052 4221 1373 4291 prehendit,
1426 4227 1771 4293 receptisque
1815 4239 1997 4278 rerum

425 4315 804 4388 npparentium
838 4313 1171 4377 simulacris,
1228 4316 1430 4371 l'ormas
1462 4330 1652 4369 eormn
1682 4331 1805 4387 qua:
1849 4317 1999 4372 cerni

422 4411 655 4474 possunt
676 4403 816 4474 apud
848 4419 970 4460 sese
999 4402 1260 4473 depingit.
1289 4405 1466 4474 Atque
1497 4415 1556 4459 ut
1589 4406 1643 4458 in
1666 4406 1846 4476 ampla
1862 4421 2001 4477 qua-

423 4496 548 4550 dam
570 4495 725 4558 urbe,
755 4511 875 4565 qua:
916 4510 1015 4566 per
1050 4494 1296 4550 diversos
1324 4497 1509 4552 aditus
1555 4498 1808 4555 homines
1838 4499 2000 4554 adve-

423 4588 639 4643 nientes
690 4587 902 4656 recipit,
953 4602 1063 4642 non
1115 4603 1284 4641 unum
1337 4590 1631 4658 quemdam
1691 4591 1757 4646 ad
1816 4591 1998 4647 locum

423 4697 616 4736 omnes
647 4689 1010 4742 concurrunt,
1043 4681 1138 4735 sed
1179 4682 1318 4737 alios
1347 4683 1533 4738 videre
1560 4693 1644 4739 est
1681 4685 1746 4739 ad
1793 4686 1994 4751 lorum,

425 4773 564 4827 alios
599 4774 652 4826 in
677 4771 840 4835 mdes,
879 4771 1017 4828 alios
1048 4773 1114 4827 ad
1143 4774 1386 4836 comitia,
1428 4776 1657 4846 plateas,
1688 4777 1997 4848 angiporta,

422 4863 659 4929 theatra,
683 4877 956 4932 quemque
982 4863 1065 4917 sui
1089 4879 1156 4918 ex
1181 4864 1351 4918 animi
1382 4867 1674 4931 sententia,
1691 4870 2000 4935 tendentes,

422 4955 566 5010 itaet
582 4958 782 5010 mentis
802 4957 1082 5026 oppidum.
1103 4957 1249 5025 quod
1265 4966 1349 5013 est
1363 4960 1503 5013 intra
1522 4977 1622 5015 nos
1635 4970 2001 5029 exstructum,

427 5047 630 5102 diversi
694 5047 914 5118 quidem
959 5065 1218 5104 sensuum
1267 5051 1628 5122 aditusquasi
1691 5057 2002 5125 complent;

424 5153 582 5193 mens
608 5146 788 5193 tamen
811 5138 880 5194 de
901 5141 1132 5211 singulis
1158 5158 1280 5212 qua:
1301 5145 1708 5212 ingrediuntur,
1731 5145 2003 5215 judicium

425 5229 654 5294 faciens,
685 5232 826 5286 etin
865 5235 1119 5302 quaelibet
1155 5234 1458 5302 inquirens,
1508 5237 1588 5292 sic
1636 5238 1834 5294 deinde
1876 5256 2006 5310 pro-

425 5323 576 5394 prias
599 5338 664 5377 ea
688 5323 835 5378 velut
859 5325 914 5379 in
945 5325 1103 5381 sedes
1121 5329 1330 5382 notitiae
1356 5329 1610 5388 collocat.
1630 5331 1708 5386 Ac
1737 5333 2003 5403 quemad-

425 5414 649 5470 modum
701 5431 800 5470 usu
831 5418 1018 5473 venire
1058 5426 1234 5486 potest
1269 5418 1420 5490 (libet
1459 5421 1610 5476 enim
1652 5423 1730 5478 uti
1788 5423 2002 5488 eadem,

425 5523 534 5576 qua
571 5509 860 5578 coepimus,
897 5511 968 5565 ab
1000 5511 1199 5581 Oppido
1231 5518 1446 5580 sumpta
1480 5513 1907 5583 comparatione)
1946 5522 2004 5568 ut

425 5597 678 5663 tribules,
709 5593 818 5654 γει
857 5597 1023 5656 etiam
1071 5605 1314 5675 cognati,
1359 5603 1554 5660 eadem
1600 5605 1790 5661 urbem
1846 5613 2004 5676 porta

499 5753 547 5791 ⁸⁸
574 5757 753 5814 Eccle.
803 5777 840 5823 I,
871 5760 922 5815 8.

2106 3119 2158 3173 τί
2207 3119 2268 3172 τὸ
2323 3121 2523 3181 πλάτος
2565 3121 2774 3172 ἐκείνου
2805 3120 2898 3172 τοῦ
2933 3118 3144 3172 ἔνδοθεν
3168 3120 3514 3190 χωρήματος,
3559 3119 3641 3180 εἰς
3667 3118 3699 3168 ὃ

2098 3211 2274 3264 πάντα
2301 3214 2491 3282 συρρεῖ
2519 3211 2586 3265 τὰ
2615 3212 2702 3265 διὰ
2727 3212 2822 3280 τῆς
2862 3213 3030 3282 ἀκοῆς
3074 3213 3395 3282 είσχεόμενα
3419 3228 3432 3275 ;
3474 3211 3624 3274 τίνες
3647 3213 3696 3262 οἱ

2099 3303 2659 3373 ύπομνηματογρέιφοι
2685 3302 2792 3354 τῶν
2813 3303 3186 3373 εἰσαγομένων
3218 3305 3276 3356 ἐν
3302 3305 3440 3373 αὐτῇ
3481 3302 3697 3370 λόγωνς

2099 3396 2192 3448 καὶ
2215 3399 2343 3448 ποῖα
2365 3394 2543 3466 δοχεῖα
2568 3396 2674 3448 τῶν
2707 3394 3062 3465 ἐντιθεμένων
3088 3398 3154 3466 τῇ
3192 3397 3326 3467 ἀκοῇ
3357 3397 3650 3466 νοημάτων
3682 3411 3697 3458 ;

2099 3488 2193 3541 καὶ
2219 3487 2355 3551 πῶς,
2379 3487 2587 3540 πολλῶν
2603 3490 2694 3540 καὶ
2714 3488 3067 3540 παντοδαπῶν
3080 3487 3329 3556 ἀλλήλοις
3357 3486 3672 3556 ἐπεμϐαλλο
3688 3516 3701 3525 -

2103 3580 2298 3648 μένων,
2331 3578 2590 3649 σύγχυσις
2621 3579 2714 3632 καὶ
2737 3578 2910 3648 πλάνη
2939 3578 3079 3630 κατά
3106 3578 3203 3648 τὴν
3230 3578 3531 3648 ἐπάλληλον
3545 3577 3702 3630 θέσιν

2097 3671 2206 3726 τῶν
2219 3674 2555 3743 ἐγκειμένων
2569 3673 2630 3724 οὐ
2653 3673 2883 3740 γίνεται;
2901 3671 2972 3722 Τὸ
2995 3671 3105 3724 ἴσον
3120 3673 3163 3724 δ’
3185 3673 3250 3726 ἄν
3278 3689 3360 3733 τις
3377 3671 3469 3724 καὶ
3485 3670 3582 3724 ἐπὶ
3597 3670 3702 3737 τῆς·

2097 3763 2205 3817 τῶν
2235 3763 2411 3833 ὄψεων
2430 3762 2708 3833 ἐνεργείας
2731 3761 3081 3831 θαυμάσειεν.
3101 3762 3329 3832 Ὁμοίως
3365 3761 3471 3831 γὰρ
3492 3763 3586 3814 καὶ
3607 3763 3706 3816 διὰ

2097 3856 2302 3910 τούτων
2319 3858 2347 3907 ὁ
2371 3855 2495 3918 νοῦς
2511 3855 2618 3909 τῶν
2637 3855 2740 3920 ἔξω
2760 3856 2854 3908 τοῦ
2875 3856 3125 3926 σώματος
3160 3855 3567 3926 ἐπιδρασσεται,
3601 3859 3705 3908 καὶ

2101 3947 2236 4020 πρὸς
2249 3946 2436 4000 ἐαυτὸν
2451 3946 2598 4000 ἐλκει
2616 3947 2722 4000 τῶν
2735 3947 3073 4017 φαινομένων
3089 3946 3156 3998 τὰ
3173 3946 3382 4012 εἴδωλα,
3398 3945 3706 4016 τοὺςχαρω

2101 4043 2309 4114 κτῆρας
2323 4042 2432 4094 τῶν
2447 4042 2660 4114 ὁρατῶν
2685 4044 2742 4096 ἐν
2769 4042 2948 4112 ἐαυτῷ
2969 4042 3358 4112 καταγράφων.
3380 4042 3489 4093 Καὶ
3504 4040 3705 4112 ὥσπερ

2102 4133 2257 4197 εἴτις
2283 4133 2595 4204 πολύχωρος
2630 4134 2713 4204 εἴη
2750 4134 2903 4197 πόλις
2929 4135 2992 4185 ἐκ
3025 4133 3296 4203 διαφόρων
3330 4132 3548 4184 εἰσόδων
3571 4134 3706 4196 τοὺς

2104 4225 2240 4294 πρὸς
2287 4225 2456 4294 αὐτὴν
2500 4224 2912 4296 συμφοιτῶντας
2946 4225 3318 4294 εἰσδεχομένη,
3366 4223 3466 4275 οὐκ
3501 4223 3596 4275 ἐπὶ
3636 4223 3706 4276 τὺ

2104 4315 2236 4369 αὐτὸ
2258 4316 2402 4369 κατά
2419 4333 2470 4368 τι
2499 4315 2606 4368 τῶν
2625 4317 2682 4368 ἐν
2705 4318 2770 4386 τῇ
2791 4317 2943 4369 πόλει
2970 4315 3371 4386 συνδραμόντες
3389 4316 3436 4366 oi
3466 4314 3700 4378 πάντες,

2105 4406 2220 4461 ἀλλ’
2238 4409 2286 4460 oi
2311 4407 2408 4478 μὲν
2425 4407 2563 4460 κατὰ
2584 4406 2681 4477 τὴν
2702 4409 2925 4478 ἀγορὰν,
2948 4409 2994 4459 οἱ
3023 4407 3080 4460 δὲ
3101 4406 3244 4460 κατὰ
3263 4408 3526 4477 οἰκήσεις,
3542 4405 3701 4459 ἄλλοι

2107 4499 2246 4553 κατὰ
2269 4499 2368 4562 τὰς
2407 4498 2722 4568 ἐκκλησίας,
2759 4499 2792 4569 ἢ
2826 4500 2924 4562 τὰς
2953 4499 3234 4563 πλατείας,
3280 4498 3314 4569 ἢ
3361 4499 3486 4562 τοὺς
3536 4515 3704 4551 στενο-

2107 4591 2366 4662 ωποὺς,,ἢ
2390 4590 2459 4644 τὰ
2498 4590 2722 4662 Θέατρα,
2749 4591 3011 4662 κατάτὴν
3052 4591 3184 4644 ἰδίαν
3205 4592 3432 4653 ἐκαστος
3464 4590 3702 4662 γνώμην

2111 4683 2512 4754 μεταχωροῦσι·
2547 4683 2802 4754 τοιαύτην
2848 4684 2968 4738 τινὰ
3013 4683 3194 4754 βλέπω
3227 4684 3321 4736 καὶ
3350 4683 3447 4752 τὴν
3473 4681 3567 4734 τοῦ
3604 4682 3702 4735 νοῦ

2107 4775 2263 4829 πόλιν
2311 4777 2421 4846 τὴνε
2443 4775 2654 4829 ἔνδοθεν
2687 4777 2744 4828 ἐν
2773 4777 2911 4846 ἡμῖν
2938 4776 3370 4847 συνῳκισμένην,
3406 4777 3471 4846 ἣν
3509 4775 3706 4842 διάφος

2109 4881 2192 4938 ροι
2225 4866 2329 4937 μὲν·
2350 4869 2404 4920 αἱ
2429 4866 2515 4918 διὰ
2542 4865 2650 4918 τῶν
2679 4865 2982 4937 αἰσθήσεων
3009 4866 3202 4919 εἴσοδοι
3233 4865 3702 4934 καταπληροῦσιν⁶

2115 4962 2340 5015 ἕκαστον
2414 4959 2480 5011 δέ.
2500 4958 2610 5010 τῶν
2653 4958 2931 5011 εἰσιόντων
2977 4957 3315 5029 φιλοκρινῶν
3371 4975 3431 5010 τε
3476 4958 3574 5010 καὶ
3621 4957 3706 5010 δι·
3747 5031 3755 5038 .

2110 5053 2381 5121 ἐξετάζων
2413 5056 2441 5105 ὁ
2476 5051 2600 5115 νοῦς
2621 5092 2635 5116 ,
2669 5054 2782 5115 τοῖς
2818 5051 3173 5122 καταλλήλοις
3205 5052 3304 5123 τῆς
3326 5050 3582 5120 γνώσεως
3614 5052 3707 5103 τό-
3745 5048 3754 5055 ’

2111 5162 2234 5210 ποις
2280 5144 2679 5200 ἐναποτίθεται.
2736 5144 2846 5197 Καὶ
2901 5143 3091 5215 ὥσπερ
3135 5145 3230 5198 ἐπὶ
3274 5145 3369 5197 τοῦ
3418 5143 3560 5196 κατὰ
3600 5145 3705 5215 τὴν
3747 5133 3754 5152 ³

2111 5241 2267 5294 πόλιν
2296 5239 2720 5308 ὑποδείγματος,
2755 5235 2870 5290 ἐστι
2904 5237 3168 5301 πολλάκις
3200 5235 3508 5308 ὁμοφύλους
3538 5235 3708 5300 τινὰς

2113 5331 2273 5394 ὄντας
2316 5331 2413 5383 καὶ
2457 5329 2736 5397 συγγενεῖς
2777 5327 2911 5398 μηδέ
2965 5329 3064 5399 τῆς
3110 5329 3281 5398 αὐτῆς
3330 5327 3504 5397 πύλης
3541 5327 3705 5390 ἐντὸς

2112 5421 2387 5493 γενέσθαι,
2419 5421 2578 5475 ἄλλου
2612 5422 2732 5474 κατ’
2765 5420 2931 5492 ἄλλην
2963 5421 3168 5474 εἴσοδον
3203 5419 3344 5472 κατὰ
3381 5418 3442 5472 τέ
3479 5419 3703 5488 συμϐὰν

2112 5513 2525 5588 είσδραμόντος,
2573 5512 2729 5565 οὐδὲν
2760 5510 2816 5564 δέ
2859 5506 3024 5582 ἦττον
3071 5511 3220 5574 ἐντὸς
3253 5511 3350 5581 τῆς
3394 5507 3702 5580 περιϐολῆς

2113 5605 2207 5661 τοῦ
2259 5606 2470 5677 τείχους
2519 5604 2835 5675 γενόμενοι,
2881 5606 3044 5659 πάλιν
3099 5589 3216 5673 μετ’
3261 5602 3510 5674 ἀλλήλων
3562 5603 3704 5665 etot,
