3886 6214
219 318 321 374 153

1384 322 1474 378 DE
1543 321 1830 379 HOMINIS
1890 318 2210 376 OPIFICIO.

3386 323 3494 380 156

214 433 357 506 πρὸς
387 434 651 508 ἀλλήλους
675 435 894 499 οἰκείως
917 435 1153 508 ἔχοντες
1180 439 1273 492 καὶ
1303 439 1365 492 τὸ
1398 440 1634 510 ἔμπαλιν
1661 439 1806 493 ἔστιν

1923 455 2018 494 non
2038 437 2438 510 ingrediantur,
2456 436 2565 492 alio
2589 435 2969 492 forte'fortuna
2988 454 3083 509 per
3099 441 3265 495 alium
3282 441 3493 497 aditum

214 529 406 598 εὑρεῖν
459 529 773 598 γινόμενον·
835 530 885 582 οί
949 531 1056 602 γὰρ
1113 531 1524 603 ἁπεξενωμένοι
1587 549 1646 586 τε
1708 533 1804 586 καὶ

215 621 487 688 ἄγνωστοι
522 620 768 691 ἀλλήλων
811 623 910 693 μιᾷ
937 620 1184 692 χρῶνταιν
1205 623 1344 694 πρὸς
1379 623 1478 696 τὴν
1505 623 1660 678 πόλιν
1689 626 1803 677 εἰσ-

215 711 324 784 όδῳ
359 709 620 776 πολλάκις
640 751 666 778 ,κ
691 713 806 766 ἀλλ’
839 713 898 768 οὐ
936 714 1200 767 συνάπτει
1228 714 1452 778 τούτους
1480 715 1733 787 ἀλλήλοις
1770 717 1802 786 ἠ

213 805 365 859 κατὰ
391 807 490 876 τὴν
518 805 721 858 εἴσοδον
751 805 1008 859 κοινωνία
1027 825 1038 836 ·
1071 793 1330 860 δύνανται
1367 805 1477 878 γὰρ
1523 807 1617 860 καὶ
1654 807 1806 870 ἐντὸς

214 899 502 968 γενόμενοι
527 898 878 969 διακριθῆναι
903 899 1040 970 πρὸς
1067 899 1128 952 τὸ
1152 899 1440 970 ὁμόφυλον·
1481 899 1725 953 τοιοῦτόν
1753 917 1806 952 τι

218 990 409 1060 βλέπω
437 990 530 1042 καὶ
563 991 655 1043 ἐπὶ
682 991 782 1061 τῆς
816 989 959 1044 κατὰ
990 991 1081 1044 τὸν
1115 991 1241 1045 νοῦν
1277 991 1637 1062 εὐρυχωρίας.
1673 992 1807 1045 Πολ-

215 1081 379 1144 λάκις
408 1081 517 1153 γὰρ
540 1082 634 1135 καὶ
665 1085 730 1134 ἐκ
765 1082 1039 1154 διαφόρων
1065 1082 1437 1154 αἰσθητηρίων
1478 1083 1577 1154 μία
1605 1083 1807 1153 γνῶσις

215 1175 354 1242 ἡμῖν
383 1173 788 1244 συναγείρεται,
814 1174 908 1227 τοῦ
932 1174 1099 1228 αὐτοῦ
1130 1176 1456 1247 πράγματος
1481 1177 1806 1248 πολυμερῶς

217 1265 359 1335 πρὸς
389 1266 490 1329 τὰς
520 1266 803 1338 αἰσθήσεις
835 1266 1214 1338 μεριζομένου,
1253 1268 1423 1322 Πάλιν
1452 1269 1497 1322 δ’
1531 1265 1598 1323 αὖ
1629 1270 1689 1324 τὸ
1718 1271 1805 1322 ὲν-

214 1357 424 1419 αντίον,
473 1359 622 1411 ἔστιν
668 1360 734 1410 ἐκ
787 1360 917 1428 μιᾶς
947 1376 1092 1424 τινος
1133 1359 1243 1414 τῶν
1292 1360 1599 1431 αἰσθήσεων
1635 1362 1806 1415 πολλὰ

214 1448 315 1501 καὶ
355 1449 577 1502 ποικίλα
609 1449 803 1519 μαθεῖν
824 1491 838 1514 ,
874 1451 1027 1503 οὐδὲν
1060 1451 1310 1523 ἀλλήλοις
1345 1453 1487 1506 κατὰ
1516 1454 1614 1524 τὴν
1644 1454 1806 1524 φύσιν

217 1538 626 1608 συμϐαίνοντα·
681 1535 791 1594 οἷον
835 1540 853 1610 (
891 1544 1140 1612 κρεῖττον
1182 1542 1290 1614 γὰρ
1334 1544 1391 1594 ὲν
1444 1543 1806 1614 ὑποδείγματι

212 1626 610 1702 διασαψηνίσαι
657 1633 750 1685 τὸν
784 1631 1025 1703 λόγον),
1064 1632 1377 1704 προκείσθω
1430 1635 1711 1705 ζητεῖσθαι
1755 1653 1806 1688 τι

213 1725 350 1795 περί
381 1724 572 1794 χυμῶν
605 1725 888 1796 ἰδιότητος,
909 1726 964 1778 τί
998 1725 1098 1796 μὲν
1122 1725 1222 1794 ήδὺ
1250 1725 1386 1798 πρὸς
1407 1727 1505 1797 τὴν
1531 1727 1805 1798 αἴσθησιν,

1913 531 1994 586 ιλιι.
2033 532 2222 586 urbem
2254 531 2444 592 itante,
2501 531 2605 601 qui
2635 531 2992 587 nihilominus
3019 543 3310 604 postquam
3350 535 3491 589 intra

1913 625 2241 678 mmniorum
2292 623 2559 677 ambitum
2599 636 2885 687 venerunt,
2923 627 3282 691 conveniunt,
3314 634 3369 681 et
3393 642 3494 681 ne-

1914 713 2253 769 cessitudine
2290 720 2477 767 mutua
2534 714 2641 768 sibi
2691 714 2934 769 devincti
2975 725 3142 783 sunt;
3192 723 3497 787 contraque

1914 805 2030 860 ﬁeri
2052 814 2248 876 potest,
2309 815 2367 858 ut
2397 806 2648 860 homines
2667 821 2892 876 peregre
2920 809 3218 884 venientes,
3243 809 3497 879 interque

1914 915 2037 954 sese
2071 899 2270 968 ignoti,
2315 898 2508 952 eodem
2543 898 2609 952 ad
2653 899 2844 953 urbem
2903 900 3054 954 aditu
3105 895 3441 954 contendant
3477 917 3494 954 :

1913 1006 2052 1060 quos
2111 998 2292 1046 tamen
2344 992 2654 1046 communis
2688 991 2742 1044 in
2799 991 2985 1046 urbem
3023 993 3306 1057 ingressus
3345 993 3496 1048 nullo

1917 1084 2079 1139 modo
2111 1084 2416 1156 conjungit,
2459 1088 2679 1157 quando
2718 1090 2905 1142 urbem
2943 1087 3174 1156 ingressi
3220 1091 3367 1143 sunt,
3392 1095 3493 1150 pro

1920 1175 2076 1230 libitu
2103 1177 2339 1248 quisque
2363 1194 2422 1233 se
2443 1179 2512 1234 ab
2529 1181 2652 1235 aliis
2667 1189 2906 1251 separat,
2937 1178 3167 1248 singulis
3191 1191 3321 1232 suos
3343 1188 3490 1243 quae-

1919 1265 2171 1320 rentibus
2203 1282 2353 1320 :non
2391 1267 2716 1324 dissimilem
2764 1270 3069 1337 intelligere
3105 1266 3297 1322 videor
3324 1263 3501 1319 etiam

1915 1356 2115 1409 mentis
2144 1352 2558 1424 amplitudinem
2585 1368 2730 1408 esse.
2758 1351 2892 1406 Nam
2913 1367 3290 1422 saepenumero
3319 1367 3384 1406 ex
3415 1351 3502 1405 di-

1913 1445 2088 1499 versis
2115 1457 2376 1497 sensuum
2397 1443 2620 1513 organis
2649 1443 2914 1498 unius-rei
2946 1441 3309 1512 cognitionem
3335 1456 3499 1510 para-

1915 1552 2059 1600 nius,
2096 1537 2210 1606 ipsa
2240 1551 2297 1588 re
2314 1534 2548 1589 diversis
2569 1534 2745 1588 modis
2775 1533 3030 1588 sensibus
3056 1549 3116 1588 se
3148 1533 3494 1587 insinuante:

1914 1639 2106 1684 contra
2139 1628 2322 1684 videre
2364 1637 2470 1693 est,
2504 1644 2616 1682 uno
2648 1627 2952 1698 eodemque
3001 1642 3168 1682 sensu
3200 1627 3370 1679 multa
3402 1641 3506 1678 va-

1915 1723 2108 1792 riaque
2159 1721 2391 1792 percipi,
2432 1738 2552 1791 qua:
2585 1721 2877 1791 caeteroqui
2905 1727 3101 1773 natura
3132 1719 3272 1772 inter
3301 1734 3359 1774 se
3390 1732 3503 1772 non

212 1817 270 1869 τί
304 1817 365 1871 δὲ
398 1818 630 1887 φευκτὸν
660 1821 773 1881 τοῖς
803 1819 1123 1889 γευομένοις
1152 1817 1322 1872 ἐστίν.
1356 1819 1569 1873 Οὐκοῦν
1607 1821 1806 1892 εὑρέθη

1923 1815 2265 1870 :onveniunt.
2306 1813 2470 1868 Verbi
2508 1813 2681 1884 gratia
2728 1816 2888 1881 (nam
2926 1811 3130 1865 rectius
3165 1810 3278 1863 haec
3317 1824 3508 1862 exem-

213 1907 304 1962 διὰ
356 1909 460 1979 τῆς
503 1909 696 1980 πείρας
729 1910 763 1979 ἧ
803 1926 866 1962 τε
914 1910 1016 1981 τῆς
1059 1909 1227 1980 χολῆς
1267 1910 1568 1981 πικρότης,
1605 1911 1701 1964 καὶ
1750 1912 1810 1965 τὸ

215 2002 498 2074 προσηνὲς
519 2002 621 2070 τῆς
649 2001 794 2054 κατὰ
815 2001 879 2053 τὸ
917 2001 1050 2071 μέλι
1085 2003 1390 2073 ποιότητος.
1439 2004 1723 2074 Διαφὸρων
1754 2005 1810 2057 δὲ

216 2096 392 2149 ὄντων
416 2096 645 2158 τούτων,
679 2098 808 2166 μίαν
835 2098 1050 2166 εἰσάγει
1071 2096 1272 2166 γνῶσιν
1305 2097 1366 2149 τὸ
1396 2096 1527 2150 αὐτὸ
1555 2100 1809 2168 πρᾶγμα,

217 2187 549 2259 πολυμερῶς
592 2191 657 2260 τῇ
707 2189 916 2260 διανοίᾳ
957 2186 1408 2258 εἰσοικιζόμενον,
1449 2188 1482 2258 ἦ
1536 2189 1810 2260 γεύσει,ἢ

217 2279 509 2350 ὀσφρήσει,
557 2279 591 2350 ἢ
643 2281 802 2348 ἀκοῇ,
841 2279 1104 2342 πολλάκις
1132 2280 1190 2332 δὲ
1225 2281 1319 2332 καὶ
1357 2281 1422 2350 τῇ
1455 2281 1588 2350 ἁφῇ,
1623 2280 1716 2333 καί⁵
1743 2281 1810 2350 τῇ

219 2369 366 2440 ὄψει.
416 2371 529 2424 Καὶ
564 2372 675 2442 γὰρ
713 2370 834 2424 ἰδών
862 2388 948 2436 τις
988 2372 1050 2424 τὺ
1098 2373 1254 2442 μέλι,
1286 2372 1381 2425 καὶ
1423 2372 1518 2424 τοῦ
1549 2371 1811 2442 ὀνόματος

220 2462 467 2525 ἀκούσας
489 2502 505 2524 ,
555 2463 650 2515 καὶ
679 2465 745 2534 τῇ
783 2461 971 2530 γεύσει
1003 2461 1184 2514 λαϐὼν
1205 2504 1218 2527 ,
1254 2463 1348 2516 καὶ
1382 2463 1470 2516 τὸν
1501 2462 1673 2533 ἀτμὸν
1725 2462 1815 2515 διὰ

219 2555 320 2624 τῆς
349 2554 678 2625 ὀσφρήσεως
711 2555 996 2621 ἐπιγνοὺς,
1017 2555 1115 2608 καὶ
1139 2557 1206 2625 τῇ
1238 2554 1354 2624 ἁφῇ
1384 2553 1688 2624 δοκιμάσας
1708 2594 1722 2617 ,
1751 2555 1814 2606 τὸ

219 2645 358 2698 αὐτὸ
400 2647 638 2716 πρᾶγμα
677 2645 744 2698 δι’
791 2646 1025 2699 ἑκάστου
1065 2646 1172 2701 τῶν
1227 2647 1602 2719 αἰσθητηρίων
1647 2647 1814 2716 ἐγνώ-

225 2753 368 2806 ρισε.
400 2738 634 2792 Ποικίλα
661 2738 718 2791 δὲ
748 2739 911 2793 πάλιν
951 2738 1049 2793 καὶ
1083 2739 1340 2810 πολυειδῆ
1374 2741 1463 2814 διὰ
1496 2742 1627 2811 μιᾶς
1667 2757 1814 2804 τινος

220 2825 536 2898 αἰσθήσεως
568 2828 934 2900 διδασκόμεθα
955 2845 968 2859 ⁸
993 2829 1090 2898 τῆς
1119 2845 1179 2882 τε
1216 2830 1387 2901 ἀκοῆς
1423 2831 1684 2893 παντοίας
1726 2831 1813 2883 δε-

222 2919 470 2989 χομένης
509 2919 725 2988 φωνὰς,
791 2920 891 2992 τῆς
927 2939 986 2975 τε
1026 2922 1118 2976 διὰ
1161 2922 1271 2977 τῶν
1318 2921 1612 2992 ὀφθαλμῶν
1661 2923 1813 2975 ἀντι-

220 3009 444 3080 λήψεως
465 3012 776 3084 ἀδιάκριτον
801 3013 1032 3086 ἐχούσης
1045 3015 1150 3086 τὴν
1173 3016 1453 3087 ἐνέργειαν
1476 3015 1569 3068 ἐπὶ
1587 3015 1686 3086 τῆς
1707 3015 1814 3068 τῶν

223 3102 559 3173 ἑτερογενῶν
590 3103 841 3173 θεωρίας.
889 3105 1124 3175 Ὁμοίως
1151 3107 1258 3177 γὰρ
1292 3105 1471 3176 λευκῷ
1495 3124 1554 3159 τε
1577 3107 1813 3178 προσπί-

223 3213 375 3258 πτει,
411 3195 508 3248 καὶ
553 3195 762 3266 μέλανι,
812 3198 907 3250 καὶ
957 3200 1090 3250 πᾶσι
1134 3202 1249 3262 τοῖς
1285 3199 1426 3252 κατὰ
1457 3200 1520 3262 τὸ
1573 3200 1815 3253 ἐναντίον

224 3287 483 3340 διεστῶσι
534 3287 615 3358 τῷ
662 3287 933 3360 χρώματι.
992 3288 1180 3354 Οῦτως
1228 3293 1262 3361 ἡ
1317 3290 1527 3358 γεῦσις,
1575 3289 1747 3355 οῦτως
1779 3293 1813 3363 ἡ

221 3379 520 3452 ὄσφρησις,
553 3379 731 3446 οὕτως
758 3385 791 3453 ή
822 3382 910 3435 διὰ
937 3383 1035 3454 τῆς
1063 3382 1207 3454 ἁφῆς
1236 3385 1582 3454 κατανόησις,
1618 3400 1816 3439 παντο-

226 3471 419 3525 δαπῶν
463 3475 807 3546 πραγμάτων
840 3476 1046 3548 ἑκάστη
1091 3477 1180 3531 διὰ
1219 3479 1316 3548 τῆς
1356 3477 1566 3542 οἰκείας
1597 3479 1816 3551 ἀντιλή-

225 3563 377 3633 ψεως
406 3565 506 3636 τὴν
543 3567 744 3635 γνῶσιν
779 3569 1072 3640 ἐντίθησιν.

759 3842 1156 3896 ΚΕΦΑΛΑΙΟΝ
1197 3844 1299 3896 IA’.

378 3936 511 3988 Ὅτι
547 3932 881 4002 ἀθεώρητος
912 3937 950 4004 ὴ
979 3936 1086 3990 τοῦ
1115 3935 1432 4004 ἀνθρώπου
1470 3937 1678 4006 φύσις.

304 4089 372 4143 Τί
399 4088 580 4143 τοίνυν
608 4089 725 4142 ἐστὶ
753 4087 896 4141 κατὰ
919 4088 1018 4160 τὴν
1051 4090 1244 4160 ἑαυτοῦ
1280 4093 1441 4160 φύσιν
1467 4093 1495 4145 6
1520 4091 1646 4157 νοῦς
1663 4131 1681 4158 ,
1713 4095 1741 4147 6
1767 4096 1826 4147 ὲν

231 4183 585 4253 αἰσθητικαῖς
627 4181 918 4251 δυνάμεσιν
963 4183 1156 4236 ἑαυτὸν
1202 4183 1562 4256 ὲπιμερίζων,
1617 4187 1711 4240 καὶ
1756 4185 1826 4241 δι’

235 4273 476 4345 ἑκάστης
510 4273 862 4344 καταλλήλως
889 4275 990 4345 τὴν
1018 4275 1126 4328 τῶν
1150 4275 1321 4330 ὄντων
1343 4276 1546 4347 γνῶσιν
1580 4279 1826 4350 ἀναλαμ-

235 4369 453 4431 6άνων;
486 4368 609 4420 Ὅτι
639 4367 748 4438 γὰρ
787 4367 913 4420 ἄλλο
952 4384 1008 4419 τι
1033 4369 1187 4438 παρὰ
1212 4368 1311 4432 τὰς
1338 4368 1621 4440 αἰσθήσεις
1653 4371 1823 4434 ἐστὶν,

1911 1908 2017 1978 plis
2049 1907 2442 1975 illustrantur),
2496 1905 2837 1975 propositum
2889 1902 3050 1957 nobis
3079 1909 3198 1956 esto
3240 1901 3504 1970 quiddam

1909 1977 1978 2053 de
2036 2012 2290 2067 saporum
2350 1997 2685 2066 proprietate
2740 1993 3078 2063 perquirere,
3139 1992 3263 2062 quis
3295 1977 3509 2050 dulcis;

1910 2091 2037 2161 quis
2081 2090 2326 2160 gustatui
2365 2097 2558 2142 contra
2619 2087 2868 2155 ingratus
2907 2084 3105 2138 humor
3159 2084 3251 2138 sit.
3314 2083 3509 2152 Itaque

1911 2187 2173 2240 docemur
2209 2181 2546 2252 experientia
2587 2181 2748 2235 bilem
2799 2180 3020 2250 quidem
3059 2193 3183 2234 esse
3209 2191 3450 2232 amaram
3483 2192 3507 2228 :2

1913 2284 2124 2348 gratam
2184 2290 2316 2331 vero
2377 2275 2523 2328 melli
2583 2274 2904 2344 qualitatem
2951 2270 3247 2342 quamdam
3294 2268 3498 2324 inesse.

1917 2371 2040 2426 llaec
2072 2385 2198 2424 cum
2243 2369 2458 2424 diverSa
2485 2368 2623 2421 inter
2648 2382 2708 2421 se
2742 2367 3029 2427 exsistant,
3065 2377 3171 2417 una
3213 2371 3392 2416 tamen
3425 2360 3513 2414 re'r

1915 2462 2106 2517 notitia
2152 2469 2520 2530 comparatur,
2558 2457 2736 2511 modis
2774 2456 2942 2510 variis
2971 2455 3141 2508 menti
3189 2453 3509 2515 insinuata,

1915 2554 2174 2608 nimirum
2213 2559 2458 2623 gustatu,
2491 2548 2748 2611 odoratu,
2792 2547 3008 2609 auditu,
3046 2545 3210 2600 etiam
3242 2551 3512 2598 contactu-

1917 2656 2331 2710 nonnunquam,
2363 2646 2417 2693 et
2441 2647 2687 2706 aspectu.
2721 2634 2857 2689 Nam
2881 2649 3005 2688 cum
3041 2633 3166 2702 quis
3198 2632 3303 2686 mel
3327 2632 3515 2684 intue-

1915 2746 2026 2800 tur,
2059 2749 2260 2790 nomen
2303 2730 2476 2797 audit,
2504 2738 2722 2801 gustum
2752 2727 3000 2798 percipit,
3033 2725 3260 2777 halitum
3290 2722 3505 2788 olfacit,

1917 2835 2174 2884 contactu
2240 2825 2477 2893 denique
2532 2822 2712 2891 ipsum
2778 2820 3046 2888 explorat,
3089 2815 3334 2871 eamdem
3388 2828 3503 2869 rem

1917 2916 2149 2987 singulis
2195 2912 2451 2970 sensibus
2483 2909 2716 2981 percipit
2753 2929 2766 2964 :
2827 2915 3021 2963 contra
3073 2919 3204 2960 vero
3245 2903 3397 2957 varia
3449 2910 3518 2958 et

1918 3010 2100 3080 specie
2123 3007 2339 3062 diversa
2375 3018 2485 3058 uno
2530 3002 2776 3057 vicissim
2831 3015 2998 3054 sensu
3038 3006 3123 3053 est
3149 3010 3504 3066 cognoscere.

1922 3099 2393 3169 Quemadmodum
2425 3097 2617 3151 auditu
2650 3093 2832 3149 omnis
2877 3091 3095 3162 generis
3133 3103 3297 3144 voces
3325 3088 3518 3158 perci--

1928 3198 2155 3268 piuntur
2186 3211 2200 3248 :
2233 3202 2286 3247 et
2303 3191 2587 3245 oculorum
2618 3203 2681 3241 ea
2708 3186 2944 3240 lacultas
2966 3193 3071 3246 est,
3097 3189 3159 3236 ut
3193 3181 3508 3252 promiscue

1927 3304 2017 3343 res
2068 3287 2232 3340 etiam
2261 3299 2462 3354 genere
2489 3281 2736 3336 diversas
2761 3278 3010 3334 videant:
3043 3275 3316 3331 consimili
3361 3273 3510 3328 enim

1926 3380 2092 3435 modo
2118 3377 2334 3432 videndi
2358 3375 2443 3429 vis
2475 3375 2528 3427 in
2557 3373 2761 3436 album,
2780 3371 3018 3442 nigrum,
3047 3385 3134 3425 res
3164 3369 3291 3423 item
3323 3367 3516 3421 colore

1927 3474 2072 3528 inter
2105 3488 2164 3527 se
2190 3471 2438 3526 diversas
2464 3474 2691 3522 caeteras
2730 3463 2942 3519 incidit.
2997 3463 3090 3516 Sic
3141 3454 3338 3517 senSus
3379 3459 3510 3512 reli-

1926 3567 2040 3638 qui,
2070 3573 2343 3636 gustatus,
2390 3560 2675 3624 odoratus,
2710 3564 3020 3620 contactus,
3074 3555 3349 3606 variarum
3392 3549 3512 3603 sin-

1921 3661 2036 3732 guli
2087 3673 2272 3715 rerum
2329 3671 2427 3712 sua
2481 3651 2830 3726 perceptione
2881 3648 3133 3702 notitiam
3195 3642 3360 3698 nobis
3413 3657 3510 3711 pa-

1926 3751 2099 3805 riunt.

2529 3827 2760 3886 CAPUT
2814 3824 2908 3880 XL

1927 3934 1978 3989 Ν
1985 3945 2195 3988 aluram
2217 3927 2446 3982 hominis
2469 3932 2637 3978 totam
2655 3917 3076 3972 consideratione
3092 3921 3272 3967 nostra
3290 3906 3518 3981 perspici

2571 4009 2674 4046 non
2700 4005 2872 4060 posse.

2000 4094 2142 4162 Quid
2191 4091 2377 4162 igitur,
2430 4083 2669 4154 inquies,
2707 4088 2904 4134 natura
2940 4090 3038 4132 sua
3080 4089 3236 4128 mens
3269 4068 3518 4162 hominis

1928 4161 2037 4252 est,
2069 4199 2193 4256 quae
2220 4161 2330 4252 per
2363 4189 2624 4233 sensuum
2668 4171 2913 4226 diversas
2947 4183 3009 4224 se
3043 4165 3330 4256 facultates
3353 4161 3515 4223 didit,

1927 4295 1981 4338 et
2015 4295 2110 4351 per
2131 4279 2230 4331 has
2270 4272 2373 4329 sibi
2397 4284 2583 4324 rerum
2607 4265 2853 4320 notitiam
2888 4257 3203 4329 comparat?
3233 4255 3517 4351 [diversum

1930 4343 2062 4429 sane
2091 4367 2354 4441 quiddam
2381 4377 2507 4417 esse
2551 4365 2790 4413 mentem
2824 4355 2892 4408 ab
2940 4352 3078 4422 ipsis
3107 4347 3385 4412 sensibus,
3424 4343 3520 4413 qui

234 4461 337 4514 οὐκ
389 4458 455 4512 ἂν
488 4453 643 4529 οἶμαί
680 4437 801 4513 τινα
855 4461 963 4514 τῶν
1011 4437 1298 4532 ἐμφρόνων
1342 4437 1726 4532 ἀμφιϐάλλειν.
1763 4462 1816 4514 El

1931 4437 2190 4534 ambigat,
2229 4460 2347 4514 fore
2373 4455 2673 4514 neminem,
2709 4448 2805 4519 qui
2855 4446 3078 4517 quidem
3131 4441 3328 4534 sapiat,
3372 4437 3522 4534 arbi:

235 4551 348 4624 γὰρ
373 4550 572 4604 ταύτὸν
596 4547 665 4622 ἦν
691 4555 762 4623 τῇ
787 4552 1062 4624 αἰσθήσει,
1083 4553 1221 4624 πρὸς
1250 4552 1308 4605 ἓν
1334 4555 1551 4617 πάντως
1577 4551 1690 4624 εἶχε
1715 4553 1824 4606 τῶν

235 4645 362 4698 κατ’
393 4643 648 4713 αἴσθησιν
681 4644 1090 4715 ἐνεργουμένων
1133 4645 1233 4714 τὴν
1273 4644 1615 4713 οἰκειότητα,
1649 4644 1738 4698 διὰ
1766 4643 1828 4697 τὸ

234 4734 451 4790 ἁπλοῦν
493 4735 590 4806 μὲν
627 4736 790 4789 αὑτὸν
828 4733 986 4801 εἶναι,
1041 4735 1208 4806 μηδὲν
1259 4737 1316 4789 δὲ
1361 4735 1604 4788 ποικίλον
1646 4737 1704 4788 ἐν
1749 4734 1828 4805 τῷ

237 4827 403 4900 ἁπλῷ
453 4828 799 4899 θεωρεῖσθαι.
849 4829 986 4882 Νυνὶ
1035 4829 1094 4880 δὲ
1138 4828 1358 4881 πάντων
1407 4827 1827 4898 συντιθεμένων,

237 4922 374 4976 ἄλλο
404 4921 506 4992 μέν
534 4939 588 4974 τι
615 4921 714 4992 τὴν
746 4920 888 4992 ἁφὴν
921 4917 1062 4974 εἶναι
1081 4961 1096 4986 ,
1126 4920 1256 4975 ἄλλο
1299 4920 1357 4973 δὲ
1403 4920 1502 4990 τὴν
1536 4921 1824 4992 ὄσφρησιν,

239 5015 339 5068 καὶ
358 5013 472 5066 τῶν
500 5013 677 5066 ἄλλων
698 5013 959 5076 ὡσαύτως
979 5013 1360 5082 ἀκοινωνήτως
1383 5030 1442 5065 τε
1466 5011 1563 5064 καὶ
1582 5011 1829 5080 άμίκτως

239 5109 386 5180 πρὸς
414 5107 624 5179 ἄλληλα
655 5107 1040 5179 διακειμένων,
1077 5105 1265 5178 ἐπειδὴ
1296 5104 1436 5158 κατὰ
1459 5104 1521 5158 τὸ
1549 5105 1662 5157 ἴσον
1694 5103 1831 5156 ἐκά-

243 5219 355 5274 στῃ
387 5201 743 5273 καταλλήλως
776 5201 1068 5274 πάρεστιν,
1097 5199 1285 5271 ἕτερόν
1324 5216 1450 5252 τινα
1485 5199 1704 5261 πάντως
1732 5198 1832 5251 αύ-

236 5295 335 5346 τὺν
373 5295 482 5364 χρὴ
523 5294 675 5363 παρά
708 5292 807 5364 τὴν
846 5291 1111 5363 αἰσθητὴν
1142 5290 1493 5344 ὑποτίθεσθαι
1540 5289 1725 5359 φύσιν,
1760 5289 1836 5351 ὡς

239 5386 308 5440 ἂν
345 5387 421 5457 μή
449 5403 534 5449 τις
563 5386 804 5439 ποικιλία
828 5386 906 5456 τῷ
936 5393 1112 5456 νοητῷ
1144 5382 1494 5456 συλμμιχθείη.
1535 5403 1554 5434 ι
1575 5382 1618 5434 Τ
1624 5382 1670 5444 ίς
1694 5381 1836 5450 ἔγνω

239 5477 372 5532 νοῦν
399 5477 684 5548 κυρίους»
731 5477 895 5548 φησὶν
932 5479 961 5531 ὁ
1005 5476 1347 5540 Ἀπόστολος.
1395 5474 1538 5546 Ἐγὼ
1581 5475 1638 5529 δὲ
1685 5474 1836 5545 παρὰ

243 5569 403 5622 τοῦτό
433 5585 600 5639 φημι,
625 5569 723 5633 Τίς
754 5569 845 5622 τὸν
879 5569 1012 5625 ἴδιον
1040 5569 1165 5624 νοῦν
1197 5571 1552 5641 κατενόησεν;
1586 5568 1836 5622 Είπάτω-

250 5678 352 5718 av
377 5664 428 5715 οἱ
450 5661 545 5716 τοῦ
568 5661 704 5716 Θεοῦ
737 5663 833 5734 τὴν
859 5663 1022 5734 φύσιν
1057 5665 1208 5730 ἐντὸς
1243 5663 1556 5736 ποιούμενοι
1586 5663 1683 5734 τῆς
1708 5664 1834 5718 ἐαυ-

323 5779 374 5811 ⁸¹
401 5776 565 5835 Rom.
597 5794 674 5848 ιι,
708 5779 799 5835 54.

1928 4527 2232 4615 tror.'Nam
2287 4551 2332 4608 si
2363 4548 2507 4604 idem
2537 4551 2686 4601 esset
2712 4541 2858 4613 quod
2899 4551 3121 4598 sensus,
3155 4531 3379 4587 omnino
3411 4527 3510 4582 uni

1928 4669 1995 4709 ex
2043 4648 2299 4706 sensibus
2329 4648 2477 4698 esset
2520 4637 2742 4692 allinis:
2801 4631 3022 4702 quando
3057 4643 3214 4682 mens
3253 4625 3374 4694 ipsa
3419 4635 3522 4676 na-

1931 4758 2067 4801 tura:
2103 4737 2369 4809 simplicis
2409 4740 2513 4796 est,
2546 4732 2601 4784 in
2635 4742 2744 4798 qua
2789 4723 2928 4780 nihil
2985 4721 3150 4776 statui
3179 4716 3393 4809 varium
3422 4727 3519 4809 po-

1928 4845 2055 4894 test.
2116 4833 2188 4888 At
2211 4806 2348 4886 vero
2387 4822 2708 4893 compositis
2753 4816 3030 4877 omnibus,
3079 4826 3203 4865 cum
3251 4806 3397 4862 aliud
3443 4806 3517 4861 sit

1928 4938 2239 4991 contactus,
2265 4919 2412 4975 aliud
2442 4917 2721 4976 odoratus,
2745 4909 3068 4976 czeterisque
3097 4902 3281 4957 itidem
3321 4900 3402 4956 sic
3430 4898 3520 4952 in-

1929 5035 2013 5081 ter
2036 5039 2094 5079 se
2119 5017 2378 5079 diversis,
2407 5019 2467 5065 ut
2491 5004 2865 5076 nihilquidem
2891 5003 3033 5056 inter
3058 4999 3206 5067 ipsos
3229 5006 3522 5049 commune

1932 5125 2027 5186 sit,
2066 5131 2225 5173 mens
2272 5123 2452 5167 tamen
2488 5104 2720 5174 singulis
2758 5098 2965 5171 pariter
3013 5094 3223 5148 ratione
3280 5087 3519 5158 quadam

1934 5209 2295 5270 conveniente
2318 5199 2481 5265 adsit,
2517 5194 2741 5252 omnino
2784 5186 3120 5246 censendum
3155 5189 3240 5238 est
3278 5187 3520 5235 mentem

1939 5300 2086 5356 aliud
2142 5292 2400 5366 quiddam
2430 5301 2574 5351 esse,
2607 5296 2770 5353 quam
2831 5279 2903 5334 sit
2947 5282 3142 5331 natura
3180 5271 3420 5366 sensilis,
3452 5282 3522 5321 ne

1938 5361 2177 5461 simplici
2225 5383 2327 5449 rei,
2359 5386 2412 5435 et
2443 5391 2566 5448 quae
2611 5369 2968 5442 intelligentia
3010 5361 3520 5461 comprehenditur,

1939 5453 2121 5540 inesse
2171 5476 2384 5534 diversa
2419 5466 2667 5539 quaedam
2699 5470 3027 5518 statuamus.
3082 5456 3348 5512 Praeclare
3377 5453 3521 5522 Apo—

1945 5576 2119 5632 stolus
2176 5567 2448 5626 exclamat
2483 5580 2499 5616 :
2535 5578 2554 5612 ι
2595 5557 2730 5624 Quis
2776 5560 3014 5610 mentem
3073 5547 3286 5604 Domini
3313 5557 3520 5614 cogno-

1942 5669 2020 5725 vit
2045 5667 2086 5700 "
2119 5665 2141 5719 ’ί
2181 5681 2198 5715 ι
2247 5656 2374 5715 Mihi
2408 5667 2536 5710 vero
2565 5650 2698 5708 libet
2729 5647 2835 5705 hoc
2864 5645 3028 5703 etiam
3070 5639 3348 5713 adjicere:
3382 5632 3524 5702 Quis
