3886 6214
346 259 457 320 185

1589 267 1648 323 5.
1675 267 2011 326 αιιΕουιιιι
2054 270 2351 327 NYSSENI

3525 280 3630 337 150

345 387 581 434 mentem
619 379 897 450 propriam
942 390 1288 452 perspectam
1317 381 1514 438 habet?
1538 381 1932 454 Respondeant

2059 388 2144 441 πῶν
2197 389 2586 460 καταλήψεως,
2633 393 2682 444 εί
2724 393 2955 457 ἑαυτοὺς
3010 394 3385 467 κατενόησαν;
3431 398 3480 450 εἰ
3529 396 3628 452 τοῦ

346 471 530 536 nobis,
556 471 651 542 qui
693 471 787 529 Dei
820 481 1076 536 naturam
1107 475 1277 530 animi
1324 477 1759 547 cogitationibus
1787 494 1940 535 com-

347 563 611 633 prehendi
674 579 838 634 posse
892 565 1236 632 existimant,
1285 567 1572 638 seipsosne
1604 571 1765 640 plane
1813 585 1942 625 con-

345 655 592 724 templati
615 656 784 710 sunt?
821 658 1091 714 mentisve
1113 661 1352 730 propriae
1388 673 1642 716 naturam
1685 665 1942 734 explora-

347 755 455 800 tam
485 755 540 802 et
569 748 844 818 cognitam
875 749 1291 807 habent?Dices
1325 752 1469 808 hanc
1491 751 1632 810 forte
1658 757 1842 812 multis
1873 773 1940 813 ex

344 838 512 916 rebus
543 838 779 896 diversis
811 850 1089 897 constare.
1128 843 1198 897 At
1236 859 1348 914 quo
1377 853 1536 914 pacto
1565 846 1680 902 ﬁeri
1733 855 1938 918 potest,

344 929 581 1001 utquod
629 931 815 1004 animo
864 931 1210 1004 intelligitur,
1271 938 1638 1006 compositura
1671 939 1786 994 sit?
1838 950 1936 996 aut

344 1039 466 1094 qua:
495 1023 712 1080 tandem
743 1025 800 1079 in
823 1026 924 1080 hoc
946 1044 1071 1082 esse
1101 1028 1275 1098 possit
1326 1031 1605 1087 mistiouis
1639 1047 1825 1090 rerum
1847 1051 1941 1106 ge-

345 1132 476 1174 nere
501 1117 850 1183 diversarum
893 1121 1068 1178 ratio?
1127 1121 1224 1176 Sin
1255 1130 1447 1178 contra
1484 1133 1694 1182 statues
1729 1128 1942 1198 simpli-

343 1223 465 1276 cem
517 1211 811 1280 quamdam
876 1215 1076 1273 mentis
1121 1228 1244 1268 esse
1286 1225 1562 1280 naturam,
1603 1217 1942 1290 minimeque

345 1300 706 1370 compositam
763 1320 778 1374 ξ
824 1318 928 1373 qua
979 1303 1094 1358 fieri
1128 1304 1278 1359 dices
1301 1305 1536 1369 ratione,
1561 1316 1622 1362 ut
1668 1307 1725 1362 in
1758 1310 1940 1365 varios

345 1390 538 1454 eadem
578 1408 777 1450 sensus
830 1397 1160 1468 spargatur?
1193 1397 1470 1467 quomodo
1510 1398 1566 1453 in
1603 1415 1715 1454 uno
1749 1401 1942 1456 varia?

347 1485 628 1554 quomodo
676 1486 729 1553 in
777 1488 948 1554 variis
983 1504 1106 1542 esse
1167 1504 1337 1543 unum
1382 1491 1600 1560 potest?
1644 1490 1940 1559 Enimvero

347 1592 459 1646 quo
489 1577 541 1632 in
558 1586 610 1633 te
629 1579 867 1642 obscura
893 1595 996 1637 nos
1023 1590 1186 1652 pacto
1208 1581 1569 1653 explicemus,
1591 1585 1941 1641 animadver-

348 1679 424 1724 to.
455 1687 474 1722 ι
515 1668 806 1741 Faciamus
827 1672 1128 1743 hominem,
1160 1691 1185 1738 ι
1241 1672 1422 1744 inquit
1449 1671 1616 1738 Deus,
1653 1691 1676 1734 ι
1707 1674 1776 1730 ad
1798 1677 1939 1738 ima-

2045 480 2176 534 ἰδίου
2204 481 2297 534 νοῦ
2321 482 2423 552 τὴν
2451 483 2615 550 φύσιν
2639 483 2991 552 ὲπέγνωσανς
3024 485 3346 559 Πολυμερής
3375 487 3460 550 τίς
3481 487 3625 556 ἐστι,

2042 575 2136 627 καὶ
2167 574 2584 638 πολυσύνθετος.
2624 575 2735 631 Καὶ
2780 575 2898 640 πῶς
2936 576 2997 630 τὸ
3025 577 3214 648 νοητὸν
3245 579 3304 631 ἐν
3345 578 3625 645 συνθέσει;

2040 666 2189 737 ἢτίς
2237 668 2267 720 ὁ
2313 667 2414 736 τῆς
2461 667 2572 722 τῶν
2614 667 2948 738 ἑτερογενῶν
2993 669 3349 741 ἀνακράσεως
3382 670 3621 741 τρόποςς

2055 758 2194 811 Ἀλλ’
2229 757 2437 821 ἁπλοῦς
2477 759 2570 812 καὶ
2609 758 2900 830 ἀσύνθετος
2923 772 2939 786 ⁸
2968 759 3068 812 καὶ
3089 759 3206 824 πῶς
3229 763 3308 824 εἰς
3330 759 3430 831 τὴν
3457 761 3625 834 πολυέ-

2047 850 2272 922 μέρειαν
2301 852 2402 921 τὴν
2441 851 3192 926 αἰσθητικὴν,διασπείρεται;
3228 852 3344 917 πῶς
3373 855 3432 908 ἐν
3459 853 3622 924 μονό-

2040 959 2168 1014 τητι
2215 942 2280 996 τὸ
2333 942 2610 1008 ποικίλως
2659 943 2776 1006 πῶς
2823 944 2882 996 ἐν
2922 944 3164 1016 ποικιλίᾳ
3213 944 3274 997 τὸ
3315 946 3412 1009 ἒν;
3481 945 3625 999 Ἀλλ’

2040 1034 2214 1103 ἔγνων
2261 1033 2373 1088 τῶν
2407 1035 2774 1107 ἠπορημένων
2808 1037 2910 1106 τὴν
2947 1036 3138 1102 λύσιν,
3167 1039 3257 1110 ἐπ’
3290 1038 3460 1108 αὐτὴν
3488 1039 3625 1092 ἀνα-

2039 1125 2261 1198 δραμὼν
2289 1125 2385 1179 τοῦ
2403 1125 2537 1179 Θεοῦ
2567 1126 2663 1198 τὴν
2685 1129 2900 1197 φωνήν,⁸
2937 1144 2956 1178 ι
2981 1126 3304 1197 Ποιήσωμεν
3323 1145 3341 1177 ι
3368 1127 3498 1198 γὰρ,
3520 1143 3596 1198 φη
3615 1157 3628 1167 -

2043 1213 2150 1278 σὶν,
2180 1229 2201 1264 t
2223 1212 2508 1286 ἄνθρωπον
2530 1217 2648 1268 κατ’
2669 1215 2852 1270 εἰκόνα
2877 1216 2973 1270 καὶ
2999 1215 3122 1287 καθ’
3139 1216 3628 1289 ὁμοίωσινήμετέέ

2044 1321 2164 1376 ραν.
2190 1319 2210 1355 ι
2250 1306 2318 1360 Ἥ
2347 1306 2455 1379 γὰρ
2487 1304 2649 1362 εἰκὼν
2679 1307 2785 1372 ἓως
2813 1307 2880 1362 ἂν
2905 1310 2963 1362 ἐν
3007 1308 3196 1379 μηδενὶ
3230 1307 3485 1380 λείπηται
3516 1309 3630 1378 τῶν

2042 1396 2183 1449 κατὰ
2209 1397 2272 1450 τὸ
2310 1399 2618 1469 ἀρχέτυπον
2643 1400 2969 1470 νοουμένων,
3000 1400 3207 1471 κυρίως
3237 1402 3386 1470 ἐστὶν
3427 1399 3591 1453 εἰκῶν
3612 1415 3627 1428 °

2042 1487 2162 1541 καθ’
2194 1489 2222 1541 ὃ
2259 1488 2304 1542 δ’
2335 1489 2403 1547 ἂν
2428 1490 2661 1567 διαπέσῃ
2687 1492 2784 1562 τῆς
2809 1490 2947 1563 πρὸς
2969 1491 3030 1544 τὸ
3055 1492 3412 1563 πρωτότυπον
3440 1493 3631 1561 ὁμοιόπ-

2040 1596 2239 1650 τητος,
2271 1582 2392 1635 κατ’
2427 1583 2606 1635 ἐκεῖνο
2641 1583 2703 1636 τὸ
2747 1583 2913 1655 μέρος
2957 1585 3140 1653 εἰκὼν,
3169 1585 3272 1637 οὐκ
3314 1583 3480 1648 ἐστιν.
3522 1585 3633 1634 οὺ-

2042 1670 2173 1726 κοῦν
2205 1672 2394 1744 ἐπειδὴ
2421 1673 2481 1726 ἐν
2510 1672 2618 1728 τῶν
2650 1673 2781 1745 περὶ
2815 1673 2915 1746 τὴν
2943 1673 3094 1728 θείαν
3131 1673 3293 1744 φύσιν
3321 1674 3643 1746 θεωρουμέτ

347 1763 550 1832 ginem,
581 1763 1110 1836 similitudinemque
1136 1775 1405 1834 nostram.
1439 1783 1458 1818 ι
1488 1767 1676 1837 Imago
1710 1767 1758 1823 si
1787 1769 1939 1823 nulla

2059 1781 2155 1824 νων
2197 1764 2316 1819 ἐστὶ
2345 1767 2408 1819 τὸ
2432 1766 2820 1837 ἀκατάληπτον
2848 1767 2948 1838 τῆς
2976 1765 3164 1832 ούσίας
3183 1782 3197 1796 ⁶
3233 1767 3449 1840 ἀνάγκη
3479 1769 3640 1835 πᾶσι

348 1854 404 1920 in
448 1863 601 1924 parte
635 1855 910 1912 desideret
936 1873 1002 1928 ea
1027 1873 1151 1927 qua:
1180 1866 1312 1914 sunt
1340 1858 1395 1913 in
1427 1860 1746 1931 archetypo,
1796 1869 1944 1918 recte

347 1945 560 2005 scilicet
631 1947 813 2017 imago
865 1949 1281 2024 appellabitur;
1323 1950 1413 2022 sin
1459 1952 1640 2024 aliqua
1689 1968 1753 2008 ex
1790 1963 1946 2025 parte

348 2037 761 2095 similitudinem
793 2041 1144 2111 exemplaris,
1175 2039 1244 2108 ad
1290 2041 1438 2114 quod
1468 2052 1553 2099 est
1578 2045 1940 2111 conformata,

348 2145 459 2185 non
506 2131 694 2197 refert,
747 2133 1050 2189 secundum
1081 2133 1329 2196 eamdem
1359 2143 1572 2206 partem
1606 2136 1788 2207 imago
1832 2153 1942 2193 non

347 2232 455 2278 est.
513 2223 750 2289 Quando
808 2225 977 2296 igitur
1008 2240 1178 2289 unum
1207 2225 1310 2282 hoc
1340 2235 1427 2282 est
1459 2227 1528 2283 de
1557 2228 1629 2291 iis.
1668 2244 1792 2300 qua;
1823 2245 1947 2293 esse

350 2313 406 2380 in
438 2313 550 2371 Deo
579 2325 818 2378 constat.
857 2317 948 2372 Dei
977 2317 1237 2383 nimirum
1269 2326 1524 2375 naturam
1551 2322 1946 2392 comprehendi

348 2406 500 2471 nulla
545 2407 777 2462 rationis
806 2409 858 2461 vi
890 2425 1080 2480 posse;
1131 2410 1508 2468 necessarium
1554 2413 1660 2467 erit
1694 2414 1946 2488 omnino,

348 2498 453 2566 hac
485 2502 652 2555 etiam
689 2501 744 2556 in
776 2508 930 2570 parte
961 2501 1252 2571 imaginem
1285 2501 1379 2558 Dei
1414 2503 1467 2556 in
1502 2502 1725 2558 homine
1753 2504 1945 2560 arche-

347 2599 478 2660 typo
511 2606 615 2647 suo
637 2592 993 2662 respondere.
1029 2592 1162 2646 Nam
1206 2594 1252 2649 si
1285 2601 1482 2648 natura
1514 2595 1770 2665 imaginis
1803 2613 1942 2667 qua:

2049 1857 2143 1924 καὶ
2165 1857 2224 1910 ἐν
2245 1858 2420 1928 τούτῳ
2445 1857 2542 1930 τὴν
2572 1858 2755 1912 εἰκόνα
2780 1859 2920 1930 πρὸς
2947 1858 3010 1912 τὸ
3033 1858 3341 1931 ἀρχέτυπον
3365 1859 3510 1930 ἔχειν
3532 1860 3636 1930 τὴν

2053 1947 2304 2026 μίμησιν.
2351 1949 2413 2001 Ei
2444 1947 2555 2019 7&9
2581 1950 2614 2020 ἡ
2655 1949 2754 2018 μὲν
2786 1950 2887 2020 τῆς
2929 1948 3140 2012 εἰκόνος
3168 1948 3330 2018 φύσις
3361 1950 3638 2021 κατελαμ-

2049 2039 2266 2106 ϐάνετο,
2309 2039 2371 2093 τὸ
2418 2040 2478 2095 δὲ
2523 2041 2880 2112 πρωτότυπον
2917 2041 3060 2114 ὑπὲρ
3109 2040 3416 2111 κατάληψιν
3453 2036 3554 2111 ἦν’
3598 2042 3637 2112 ή

2049 2131 2359 2205 ἐναντιότης
2402 2135 2512 2189 τῶν
2553 2135 3040 2207 ἐπιθεωρουμένων
3085 2133 3147 2188 τὸ
3190 2121 3651 2204 διημαρτημένον

2048 2227 2146 2296 τῆς
2184 2225 2392 2290 εἰκόνος
2445 2226 2748 2298 διήλεγχεν.
2815 2225 3037 2296 Ἐπειδὴ
3089 2225 3148 2279 δὲ
3197 2224 3480 2294 διαφεύγει
3534 2224 3642 2296 τὴν

2049 2316 2252 2384 γνῶσιν
2279 2319 2312 2403 η
2344 2318 2487 2372 κατὰ
2515 2318 2608 2383 τὸν
2637 2319 2763 2372 νοῦν
2791 2319 2883 2373 τὸν
2917 2318 3186 2393 ἡμέτερον
3209 2317 3392 2388 φύσις,
3431 2317 3487 2380 ὃς
3517 2318 3644 2376 ἐστι

2051 2411 2170 2480 κατ’
2196 2409 2378 2463 εἰκόνα
2399 2409 2493 2463 τοῦ
2517 2411 2822 2477 κτίσαντος,
2841 2409 3045 2484 ἀκρισῆ
3065 2409 3202 2480 πρὸς
3221 2409 3284 2462 τὸ
3305 2407 3534 2478 ὑπερκεί
3541 2425 3647 2478 με-

2051 2520 2142 2563 νον
2181 2505 2295 2576 ἔχει
2331 2505 2433 2577 τὴν
2461 2505 2758 2578 ὁμοιότητα
2783 2548 2796 2569 ,
2837 2505 2917 2576 τῷ
2955 2503 3078 2558 καθ’
3137 2503 3329 2557 ἑαυτὸν
3371 2501 3646 2573 ἀγνώστῳ

2052 2614 2118 2667 χα
2129 2597 2472 2668 ρακτηρίζων
2494 2599 2592 2668 τὴν
2620 2597 3001 2669 ᾴκατάληπτον
3026 2595 3207 2665 φύσιν.

349 2687 418 2742 Iis
459 2690 553 2750 sit,
612 2687 839 2760 intelligi
892 2697 1113 2760 posset;
1164 2688 1446 2759 exemplar
1485 2703 1615 2744 vero
1661 2691 1917 2761 princeps
1968 2676 2138 2761 supra
2200 2693 2795 2762 intelligentiamostra:
2823 2690 2968 2751 vires
3013 2689 3254 2760 positum
3281 2692 3427 2741 esset
3469 2702 3484 2739 :
3521 2683 3654 2740 haec.

349 2781 467 2849 ipsa
494 2779 787 2836 diversitas
839 2780 1044 2836 indicio
1091 2778 1252 2847 foret,
1293 2789 1561 2850 quantum
1608 2781 1677 2837 ab
1708 2783 2007 2853 archetypo
2055 2783 2234 2855 imago
2266 2783 2382 2857 ipsa
2417 2782 2766 2836 recessisset.
2794 2778 2948 2834 Nunc
2993 2792 3116 2833 cum
3156 2785 3406 2831 naturam
3439 2776 3644 2830 mentis

349 2883 576 2940 nostrae.
607 2875 672 2929 ad
699 2875 964 2931 creatoris
992 2875 1285 2946 imaginem
1337 2873 1515 2939 factae,
1550 2875 1926 2947 intelligentia:
1955 2877 2036 2934 vis
2064 2879 2283 2946 assequi
2325 2895 2430 2931 non
2455 2877 2646 2948 possit,
2666 2883 2979 2927 accuratam
3007 2886 3070 2925 ea
3093 2876 3303 2924 natura:
3331 2881 3496 2936 supra
3539 2881 3644 2922 nos

348 2967 666 3026 exsistentis
707 2967 1120 3022 similitudinem
1162 2966 1362 3034 refert,
1418 2968 1583 3039 inque
1612 2984 1678 3025 eo
1711 2971 1856 3041 quod
1903 2979 1957 3024 et
2008 2971 2128 3042 ipsa
2178 2971 2426 3050 indagari
2477 2986 2584 3024 non
2635 2975 2843 3039 patest,
2878 2977 3168 3036 expressas
3194 2961 3647 3016 naturaeincom-

351 3061 678 3136 prehensilis
712 3069 870 3118 notas
897 3061 1162 3118 ostendit.

958 3175 1193 3232 CAPUT
1232 3176 1346 3236 Ill.

352 3287 472 3353 Qua
503 3295 655 3353 parte
689 3287 946 3357 contineri
992 3289 1234 3357 princeps
1291 3289 1456 3341 animi
1502 3288 1736 3357 facultas
1787 3286 1949 3354 (quod

423 3359 746 3428 ἡγεμονικόν
801 3356 1235 3429 ϐνίεείιίὶειιιιι)
1267 3356 1510 3428 putanda
1559 3358 1826 3429 sittﬂuw
1875 3357 1950 3414 la-

421 3427 722 3496 crymarum
759 3443 821 3480 ac
861 3430 1002 3481 risus
1043 3427 1242 3492 cauare,
1270 3427 1627 3497 explicatum.
1660 3427 1952 3481 Theorema

421 3498 642 3578 denique
666 3497 963 3566 physicum,
991 3499 1056 3553 de
1080 3501 1341 3566 materiai,
1375 3509 1607 3562 natura,
1661 3515 1725 3552 ac
1756 3498 1949 3556 mentis

421 3579 562 3622 mter
588 3585 643 3624 88
677 3580 864 3623 mutuo
892 3585 1052 3626 nexu.

425 3681 636 3737 Idcirco
664 3682 886 3738 tandem
933 3682 1155 3738 curiosa
1187 3683 1404 3738 vanitas
1453 3683 1738 3737 hominum
1765 3682 1953 3752 conje-

353 3776 526 3835 Cturis
587 3777 834 3831 visorum
892 3775 1150 3841 facessat,
1196 3791 1338 3847 quos
1381 3777 1581 3831 mentis
1631 3774 1950 3830 facultatem

355 3883 478 3935 quae
497 3868 858 3938 intelligentia
880 3867 1400 3938 comprehenditur,
1424 3866 1687 3923 membris
1714 3866 1952 3921 nonnul-

355 3961 424 4015 lis
449 3961 699 4030 corporis
722 3957 1007 4015 includere
1035 3974 1145 4016 non
1171 3967 1258 4015 est
1278 3960 1538 4015 veritum.
1582 3956 1718 4012 Nam
1755 3957 1953 4011 horum

356 4053 478 4115 aliis
504 4053 558 4107 in
592 4050 759 4107 corde
797 4051 1100 4122 principem
1131 4051 1301 4108 animi
1331 4051 1440 4105 vim
1464 4050 1737 4105 collocare
1763 4049 1950 4104 visum

357 4154 459 4211 est,
512 4143 638 4200 aliis
674 4142 729 4197 in
785 4143 1013 4198 cerebro
1051 4159 1066 4198 :
1121 4157 1248 4198 cum
1277 4141 1568 4212 Opiniones
1623 4139 1793 4195 hasce
1823 4154 1955 4196 suas

359 4238 571 4297 levibus
619 4235 842 4308 quidem
879 4235 1008 4298 illis,
1037 4234 1137 4292 sed
1159 4243 1348 4290 tamen
1398 4249 1430 4288 a
1463 4233 1578 4289 veri
1610 4233 1798 4303 specie
1842 4247 1953 4287 non

359 4329 784 4386 abhorrentibus
851 4329 1012 4400 plane
1086 4327 1398 4383 rationibus
1441 4325 1795 4382 confirment.
1848 4324 1955 4392 Qui

358 4425 504 4488 enim
537 4421 688 4479 cordi
722 4422 1092 4493 principatum
1119 4419 1397 4484 deferunt,
1432 4417 1610 4489 ipsius
1636 4417 1741 4473 loci
1779 4417 1951 4472 situ-m

2577 3169 2975 3224 ΚΕΦΑΔᾹΙΟΝ
3009 3170 3113 3224 ΙΒ¹.

2065 3288 2377 3355 Ἐξέτασις
2401 3327 2416 3349 ,
2453 3289 2523 3341 ἐν
2561 3287 2676 3340 τίνι
2705 3287 2773 3340 τὸ
2801 3285 3166 3355 ἡγεμονικὸν
3191 3285 3535 3354 νομιστέον,
3575 3287 3650 3341 ἐν

2110 3354 2160 3414 ὧ
2201 3359 2454 3425 καὶπερὶ
2483 3357 2760 3426 δακρύων
2784 3356 2882 3410 καὶ
2913 3354 3046 3424 περὶ
3074 3358 3328 3426 γέλωτος
3353 3361 3650 3426 φυσιολο-

2121 3432 2242 3500 γία,
2269 3431 2367 3482 καί
2397 3425 2668 3500 θεώρημά
2680 3445 2739 3500 ita
2761 3427 3188 3500 φυσικὸνΑπερὶ
3214 3425 3327 3500 τῆς
3355 3425 3504 3481 κατὰ
3531 3427 3652 3500 τὴν

2122 3496 2305 3568 ὕλην,
2337 3500 2439 3554 καὶ
2468 3499 2582 3567 τὴν
2609 3499 2822 3568 φύσιν,
2851 3497 2952 3566 καὶ
2987 3497 3096 3551 τὸν
3129 3496 3282 3552 νοῦν
3303 3499 3645 3564 κοινωνίας.

2121 3673 2336 3741 Σιγάτω
2380 3671 2558 3725 τοίνυν
2592 3673 2741 3734 πᾶσα
2776 3671 3104 3742 στοχαστικὴ
3137 3669 3495 3741 ματαιολογία
3535 3670 3666 3729 τῶν.

2057 3765 2264 3838 μορίοις
2293 3765 2404 3826 τισὶ
2445 3765 2778 3834 σωματικοῖς
2817 3763 2918 3834 τὴν
2954 3763 3155 3833 νοητὴν
3183 3762 3666 3827 ἐναποκλειόντων,

2054 3859 2356 3930 ἐνέργειαν,
2377 3849 2453 3919 ὧν
2477 3859 2526 3909 οἱ
2553 3856 2651 3927 μὲν
2673 3857 2730 3909 ἐν
2754 3855 2952 3926 καρδίᾳ
2971 3855 3032 3908 τὸ
3054 3855 3380 3927 ἡγεμονικὸν
3402 3851 3546 3910 εἶναι
3566 3856 3649 3908 τί-

2056 3952 2260 4017 θενται,
2291 3953 2342 4004 οἱ
2366 3951 2422 4004 δὲ
2455 3949 2532 4021 τῷ
2556 3949 2845 4020 ἐγκεφάλῳ
2870 3948 2965 4002 τὸν
2993 3947 3118 4001 νοῦν
3147 3937 3517 4003 ἐνδιαιτᾶσθαι
3545 3965 3656 4018 (par.

2057 4062 2177 4110 σιν,
2201 4043 2555 4116 ίέπιπολαίοις
2588 4041 2700 4096 τισὶ
2743 4040 3067 4112 πιθανότησι
3099 4041 3202 4104 τὰς
3238 4040 3492 4103 τοιαύτας
3525 4042 3656 4110 ἐπιτ-

2055 4136 2206 4201 νοίας
2235 4134 2587 4207 κρατοῦντες.
2639 4133 2697 4187 Ὀ
2731 4132 2832 4205 μὲν
2861 4132 2971 4204 γὰρ
3011 4135 3077 4203 τῇ
3111 4131 3312 4203 καρδίᾳ
3336 4130 3664 4204 προστιθεὶς,

2055 4227 2154 4299 τὴν
2187 4226 2506 4297 ἡγεμονίαν,
2533 4223 2633 4294 τὴν
2673 4223 2816 4281 κατὰ
2839 4222 3004 4276 τόπον
3031 4221 3202 4293 αὐτῆς
3227 4219 3377 4275 θέσιν
3411 4225 3654 4277 ποιεῖται

2056 4314 2150 4370 τοῦ
2191 4315 2351 4381 λόγου
2385 4315 2717 4386 τεκμήριον,
2745 4312 2836 4368 διὰ
2871 4311 2934 4365 τὸ
2969 4312 3147 4366 δοκεῖν
3191 4329 3312 4376 πως
3339 4311 3439 4383 τὴν
3475 4312 3665 4383 μέσην

2055 4407 2152 4462 τοῦ
2188 4406 2392 4471 παντὸς
2434 4405 2688 4476 σώματος
2738 4403 2956 4474 ἐπέχειν
2986 4401 3171 4474 χώραν
3198 4403 3390 4472 αὐτὴν,
3433 4401 3509 4467 ὡς
3553 4405 3657 4475 τῆς

361 4532 461 4587 pro
483 4516 697 4571 ratione
725 4521 1015 4586 usurpant.
1047 4512 1258 4569 Etenim
1287 4527 1387 4568 cor
1419 4511 1604 4566 locum
1630 4509 1686 4564 in
1718 4509 1950 4564 humano

2064 4499 2456 4572 προαιρετικῆς
2501 4499 2768 4568 κινήσεως
2806 4497 3042 4560 εὐκόλως
3074 4499 3140 4548 ἐκ
3173 4494 3266 4547 τοῦ
3309 4495 3476 4565 μέσου
3514 4497 3660 4566 πρὸς

359 4621 596 4676 corpore
653 4614 769 4661 toto
820 4604 1060 4661 medium
1097 4619 1272 4676 prope
1319 4603 1576 4660 obtinere
1617 4601 1860 4668 videtur,
1901 4609 1962 4655 ut

361 4709 544 4755 motus
583 4713 614 4753 a
645 4698 878 4754 consilio
906 4696 1188 4768 profectus
1217 4695 1382 4751 facile
1416 4695 1476 4750 in
1505 4709 1712 4765 corpus
1743 4695 1962 4750 univer-

363 4807 484 4859 sum
517 4806 587 4847 ex
638 4791 744 4847 hoc
798 4790 977 4848 medio
1032 4803 1094 4844 se
1124 4787 1492 4852 dill‘underet,
1565 4792 1731 4856 atque
1785 4785 1862 4840 ita
1891 4783 1960 4839 ad

363 4883 634 4953 agendum
665 4881 1103 4953 progrederetur.
1130 4879 1268 4935 Huic
1290 4877 1579 4935 sententiae
1612 4875 1747 4933 illud
1791 4875 1960 4932 etiam

366 4976 702 5048 patrocinari
760 4981 977 5045 putant.
1037 4971 1184 5044 quod
1240 4971 1464 5026 homine
1500 4970 1588 5026 vel
1643 4978 1841 5025 maesto
1874 4968 1960 5025 vel

364 5069 531 5132 irato,
586 5066 1034 5138 perturbationes
1085 5063 1406 5136 hujusmodi
1443 5077 1541 5117 cor
1571 5062 1808 5117 maxime
1835 5075 1962 5131 per-

369 5174 588 5215 movere
609 5159 888 5224 videntur,
924 5165 985 5213 ut
1032 5156 1229 5213 iisdem
1261 5155 1547 5210 afficiatur.
1583 5153 1825 5209 Cerebro
1867 5152 1962 5224 qui

371 5249 734 5312 ratiocinandi
757 5250 866 5305 vim
888 5256 1239 5315 consecrant,
1255 5255 1420 5318 caput
1441 5261 1474 5301 a
1492 5253 1687 5301 natura
1705 5255 1966 5316 tanquam

373 5358 558 5408 arcem
592 5341 887 5413 quamdam
941 5341 1117 5398 totius
1171 5341 1426 5412 corporis
1464 5345 1808 5396 exstructum
1845 5351 1971 5394 esse

375 5435 668 5502 afﬁrmant.
704 5430 818 5487 Hac
868 5433 922 5488 in
947 5447 1075 5490 arce
1106 5432 1309 5488 mentis
1357 5431 1522 5486 veluti
1557 5431 1701 5501 regis
1742 5429 1972 5485 domici-

378 5527 512 5590 lium
542 5539 688 5590 esse,
722 5540 844 5596 qua:
867 5525 1109 5595 undique
1133 5537 1395 5582 sensuum
1424 5523 1671 5594 organis,
1703 5529 1969 5592 tanquam

380 5616 759 5688 apparitorum
815 5617 1254 5688 stipatorumque
1321 5614 1587 5672 satellitio
1659 5613 1961 5668 muniatur.

383 5704 624 5774 Utuntur
668 5709 834 5768 etiam
898 5709 964 5766 ad
1023 5707 1411 5767 stabiliendum
1437 5709 1769 5763 sententiam
1806 5721 1963 5763 suam

2064 4589 2212 4650 ἅπαν
2253 4589 2619 4664 μεριζομένης
2671 4587 2854 4659 σῶμα,
2908 4588 3001 4640 καὶ
3041 4586 3218 4650 οὕτως
3258 4587 3339 4649 εἰς
3372 4585 3698 4662 ἐνέργειαν.

2064 4681 2381 4756 προϊούσης.
2422 4683 2532 4736 Καὶ
2578 4679 2880 4751 μαρτύριον
2935 4682 3172 4733 ποιεῖται
3213 4678 3308 4732 τοῦ
3357 4678 3518 4747 λόγου
3555 4678 3660 4752 τὴν
3692 4681 3699 4691 ’

2063 4775 2314 4847 λυπηράν
2339 4791 2399 4828 τε
2433 4774 2528 4827 καὶ
2559 4772 2783 4844 θυμώδη
2812 4772 2907 4826 τοῦ
2944 4770 3232 4844 ἀνθρώπου
3266 4770 3542 4837 διάθεσιν,
3571 4772 3661 4826 ὅτι
3699 4766 3702 4768 ⁷

2063 4867 2213 4923 δοκεῖ
2235 4883 2354 4930 πως
2383 4864 2453 4918 τὰ
2471 4863 2700 4918 τοιαῦτα
2737 4862 2887 4934 πάθη
2922 4865 3196 4932 συγκινεῖν
3222 4860 3285 4914 τὸ
3311 4861 3475 4933 μέρος
3496 4860 3663 4917 τοῦτο

2065 4962 2202 5033 πρὸς
2233 4959 2330 5032 τὴν
2361 4957 2723 5028 συμπάθειαν.
2756 4957 2821 5011 Ut
2848 4956 2906 5009 δὲ
2929 4956 3021 5008 τὸν
3043 4953 3346 5023 ἐγκέφαλον
3367 4952 3665 5023 ἀφιεροῦν-

2062 5069 2155 5116 τες
2202 5051 2281 5120 τῷ
2307 5049 2584 5119 λογισμῷ,
2615 5047 2806 5118 ὥσπερ
2837 5044 3131 5116 ἀκρόπολίν
3177 5061 3297 5097 τινα
3325 5041 3419 5097 τοῦ
3453 5043 3664 5108 παντὸς

2069 5144 2322 5217 σώματος
2362 5143 2462 5213 τὴν
2493 5139 2736 5210 κεφαλὴν
2764 5137 3092 5209 δεδομῆσθαι
3122 5138 3276 5207 παρὰ
3303 5135 3404 5206 τῆς
3438 5134 3664 5204 φύσεως

2067 5236 2351 5306 λέγουσιν·
2387 5235 2619 5288 ἐνοικεῖν
2663 5231 2724 5285 δὲ
2757 5229 2932 5303 ταύτῃ
2975 5229 3231 5299 καθάπερ
3271 5227 3396 5281 τινὰ
3433 5225 3667 5298 βασιλέα

2070 5327 2164 5383 τὸν
2201 5325 2346 5391 νοῦν,
2395 5319 2506 5379 οἷόν
2551 5339 2694 5379 τισιν
2740 5322 3161 5392 ἀγγελιαφόροις
3204 5321 3238 5391 ἦ
3265 5320 3666 5383 ὑπασπισταῐκτ,

2074 5422 2189 5483 τοῖς
2215 5415 2591 5490 αἰσθητηρίοις
2615 5417 2674 5470 ἐν
2699 5414 2885 5485 κύκλῳ
2913 5412 3397 5484 δορυφορούμενον.
3422 5410 3666 5479 Σημείδν

2074 5515 2133 5569 δὲ
2180 5516 2273 5567 κοιλ⁸
2319 5507 2464 5566 οὗτοι
2503 5512 2602 5582 τῆς
2644 5507 2900 5578 τοιαύτης
2947 5505 3203 5568 ὑπονοίας
3241 5501 3550 5564 ποιοῦνται,
3598 5503 3675 5562 τὰ

2075 5606 2420 5679 παράγεσθαι
2444 5600 2540 5656 τοῦ
2574 5601 2913 5664 καθεστῶτος
2942 5597 3032 5653 τὸν
3068 5595 3328 5667 λογισμὸν
3352 5595 3462 5648 τῶν
3489 5609 3666 5649 neue

2070 5689 2337 5774 ’κωμένων
2367 5697 2466 5764 τὰς
2511 5696 2813 5769 μήνιγγας,
2845 5692 2940 5747 καὶ
2974 5692 3036 5746 τὸ
3069 5692 3128 5746 ἐν
3164 5688 3359 5761 ἀγνοίᾳ
3400 5685 3496 5740 τοῦ
3524 5683 3669 5754 πρό-
