3886 6214
243 268 349 336 ιετ

1526 275 1613 329 DE
1668 274 1953 332 HOMINIS
1996 274 2313 334 OPIFICIO.

3417 279 3523 335 158

238 400 441 450 mna;
468 384 710 455 γίνεσθαι
728 388 856 459 τοὺς
876 389 936 442 ὲν
956 387 1096 461 μέθῃ
1118 391 1634 463 καρηϐαρήσαντας.
1656 394 1810 463 Προσι

1942 392 2045 448 hoc
2080 403 2424 466 argumento,
2454 397 2600 467 quod
2636 396 2994 451 ratiocinandi
3036 394 3270 451 facultas
3317 394 3376 451 in
3415 397 3518 463 eis,

237 478 458 554 αθὲασι
493 477 553 533 δὲ
582 480 674 555 καί
702 496 856 545 τινας
884 482 1264 557 φυσικωτέρας
1289 484 1468 548 αἰτίας
1510 485 1610 556 τῆς
1650 484 1832 539 τοιαύ-

237 584 341 637 της
368 568 501 640 περὶ
538 569 600 621 τὸ
624 571 954 642 ἡγεμονικὸν
988 572 1241 637 ὑπονοίας
1269 574 1530 647 ἑκάτερος
1555 575 1665 629 τῶν
1700 576 1833 629 ταύ-

234 673 363 723 ταις
393 664 516 727 ταῖς
562 663 742 730 δόξαις
786 664 1229 735 παρισταμένων.
1263 665 1323 718 '0
1348 667 1445 736 μὲν
1466 666 1575 738 γάρ
1600 667 1736 739 πρὸς
1767 668 1832 721 τὸ

233 752 493 823 πυρῶδες
516 754 793 823 συγγενῶς
824 754 970 825 ἔχειν
998 756 1100 826 τὴν
1127 758 1193 809 ὲκ
1224 756 1326 828 τῆς
1349 757 1591 821 διανοίας
1614 758 1830 829 κίνησιν

236 843 421 919 λέγει,
467 844 558 898 διά
590 846 649 898 τὸ
682 847 990 917 ἀεικίνητον
1032 844 1172 901 εἷναι
1207 849 1302 901 καὶ
1341 848 1403 902 τὸ
1447 849 1558 922 πῦρ
1603 850 1698 903 καὶ
1729 850 1829 921 τὴν

236 934 503 1010 διάνοιαν,
570 938 678 991 Καὶ
725 938 915 1009 ἐπειδὴ
963 938 1232 1008 πηγάζειν
1272 940 1331 992 ὲν
1376 940 1457 1011 τῷ
1515 941 1687 1012 μορίῳ
1726 943 1827 1013 τῆς

233 1027 466 1097 καρδίας
502 1030 537 1100 il}
572 1028 846 1105 θερμότης
878 1030 1221 1100 ὁμολογεῖται
1243 1048 1256 1062 ·
1298 1031 1385 1084 διὰ
1426 1030 1589 1087 τοῦτο
1629 1033 1706 1104 τῷ
1731 1034 1825 1086 εύ-

235 1119 446 1188 κινήτῳ
478 1120 581 1190 τῆς
617 1108 952 1192 θερμότητος
988 1122 1088 1193 τὴν
1119 1120 1216 1175 τοῦ
1255 1120 1351 1176 νοῦ
1376 1123 1590 1193 κίνησιν
1626 1124 1826 1177 ἀνακε-

232 1210 474 1293 κρᾶσθαι
499 1211 696 1279 λέγων,
724 1212 929 1283 δοχεῖον
956 1214 1060 1284 τῆς
1093 1215 1289 1285 νοερᾶς
1320 1214 1536 1283 φύσεως
1563 1214 1662 1286 τὴν
1695 1233 1827 1286 καρ-

230 1301 349 1366 δίαν
376 1298 517 1355 εἷναί
545 1318 731 1381 φησιν,
768 1307 827 1355 ὲν
919 1303 980 1358 τὸ
1011 1304 1212 1376 θερμὸν
1235 1306 1640 1376 περιείληπται.
1686 1308 1746 1359 ’0
1767 1307 1824 1361 δὲ

229 1393 421 1463 ξτερος
457 1395 593 1459 πᾶσι
624 1397 740 1458 τοῖς
774 1395 1152 1469 αἰσθητηρίοις
1191 1391 1303 1450 οἷον
1352 1397 1667 1468 ὑποϐάθραν
1698 1398 1822 1450 τινά

228 1484 324 1549 καὶ
358 1484 517 1553 ῥίζαν
569 1480 709 1540 εἶναι
748 1484 897 1554 λέγει
928 1486 1028 1557 τὴν
1068 1486 1312 1557 μήνιγγα
1353 1485 1529 1556 (οὑτω
1561 1486 1669 1558 γὰρ
1703 1487 1820 1540 ὀνο-

230 1576 468 1659 μάζουσι
496 1576 590 1630 τὸν
623 1578 973 1650 περιεκτικὸν
997 1579 1093 1633 τοῦ
1118 1580 1424 1649 ἐγκεφάλου
1451 1580 1692 1651 ὑμένα)·
1726 1583 1821 1634 καὶ

224 1668 405 1738 τούτῳ
430 1668 746 1723 πιστοῦνται
768 1671 859 1723 τὸν
892 1671 1020 1724 ἴδιον
1044 1671 1223 1739 λόγον,
1239 1672 1317 1735 ὡς
1344 1672 1444 1744 οὑχ
1468 1672 1693 1744 ἑτέρωθι
1721 1674 1820 1745 τῆς

223 1757 489 1828 νοητικῆς
516 1758 797 1829 ἐνεργείας
829 1759 1232 1832 καθιδρυμένης
1251 1802 1268 1828 ,
1294 1764 1345 1815 εί
1375 1764 1450 1834 μὴ
1486 1762 1607 1816 κατ’
1640 1765 1819 1816 ἐκεῖνο

224 1846 288 1900 τὸ
324 1846 516 1917 μέρος,
538 1841 584 1915 ᾧ
610 1850 707 1903 καὶ
730 1850 791 1902 τὸ
816 1847 910 1913 οὖς
938 1852 1358 1922 ὲφηρμοσμένον
1382 1854 1480 1917 τὰς
1508 1854 1818 1925 ἐμπιπτού-

226 1954 328 2001 σας
347 1939 499 2008 αὑτῷ
531 1940 714 2007 φωνὰς
746 1944 1142 2013 προσαράσσει.
1180 1946 1292 1998 Καὶ
1327 1947 1360 2015 ἡ
1403 1946 1525 2015 ὄψις
1558 1946 1701 2000 κατὰ
1726 1948 1818 2003 τὸν

225 2031 478 2102 πυθμένα
504 2034 604 2115 τῆς
633 2034 741 2087 τῶν
769 2034 1061 2105 ὀφθαλμῶν
1093 2037 1255 2108 ’ἐδρας
1290 2043 1697 2107 συμπεφυκυῖα,
1729 2041 1818 2094 διά

222 2126 332 2197 τῶν
360 2127 750 2195 ἐμπιπτόντων
796 2130 919 2192 ταῖς
955 2129 1146 2200 κόραις
1178 2130 1413 2185 εἰδώλων
1448 2132 1585 2204 πρὸς
1613 2133 1674 2185 τὸ
1708 2134 1817 2189 ἔσω

225 2218 460 2268 ποιεῖται
499 2216 598 2286 τὴν
626 2217 892 2285 τύπωσιν.
927 2218 1034 2283 Καὶ
1064 2219 1174 2272 τῶν
1205 2221 1397 2289 ἀτμῶν
1437 2223 1495 2275 αί
1531 2223 1816 2293 ποιότητες

222 2306 311 2364 διὰ
333 2307 437 2376 τῆς
462 2308 573 2373 τῶν
584 2308 924 2380 ’,ὀσφρήσεων
948 2310 1118 2387 qua;
1157 2313 1216 2366 ὲν
1241 2313 1393 2383 αὑτῷ
1426 2314 1811 2385 διακρίνονται.

224 2398 333 2465 Καὶ
372 2400 407 2467 ἡ
455 2400 600 2452 κατά
638 2402 741 2472 τὴν
782 2401 973 2469 γεῦσιν
1017 2402 1270 2474 αξσθησις
1307 2408 1372 2476 τῇ
1414 2407 1688 2476 ἐπικρίσει
1716 2410 1815 2479 τῆς

222 2492 491 2558 μήνιγγος
513 2491 887 2562 δοκιμάζεται,
914 2496 983 2548 ἐκ
1012 2494 1108 2561 τοῦ
1152 2496 1419 2565 σύνεγγυς
1449 2498 1707 2568 ἐκφύσεις
1729 2518 1815 2554 τι·-

218 2580 318 2643 νὰς
357 2581 648 2652 νευρὼδεις
671 2584 764 2651 ἀφ’
793 2585 993 2669 ἑαυτῆς
1033 2586 1357 2659 ᾳίσθητικάς
1393 2588 1481 2648 διά
1511 2590 1621 2643 τῶν
1647 2590 1814 2669 αὐχεο

215 2672 349 2743 igitur
394 2673 707 2728 σπονδύλων
751 2678 846 2744 ἐπὶ
874 2677 966 2730 τὸν
1004 2678 1271 2750 ὴθμοειδῆ
1313 2680 1479 2751 πόρον
1514 2682 1657 2745 κατά
1686 2684 1814 2748 τοὺς

212 2763 409 2817 αὐτόθι
448 2764 594 2834 μύας
620 2768 1088 2850 ἐγκαταμιξάσης.
1130 2771 1274 2841 Ἐγὼ
1306 2774 1364 2839 δὲ
1393 2774 1453 2826 τὸ
1490 2775 1589 2847 μὲν
1622 2777 1812 2830 ἐπιτα-

216 2855 521 2949 ράσσεσθαι
564 2859 823 2923 πολλάκις
858 2863 995 2932 πρὸς
1027 2862 1126 2927 τὰς
1158 2865 1266 2918 τῶν
1311 2867 1652 2937 παθημάτων
1697 2870 1810 2921 ἐπι-

216 2950 524 3019 κρατήσεις
551 2951 613 3003 τὸ
647 2952 992 3025 διανοητικὺν
1030 2957 1133 3027 τῆς
1161 2958 1362 3030 ψυχῆς,
1401 2961 1496 3012 καὶ
1534 2961 1807 3031 ἀμϐλύνε-

1932 501 2166 556 quorum
2191 488 2492 556 meninges,
2520 489 2623 543 hoc
2651 496 2737 545 est
2769 488 3100 543 membrana?
3129 487 3341 543 cerebri
3379 488 3522 543 laesae

1933 586 2085 644 sunt,
2117 579 2185 634 de
2215 594 2319 633 suo
2341 580 2498 649 quasi
2539 587 2686 635 statu
2718 581 3111 651 proturbetur:
3153 589 3209 635 et
3237 582 3385 651 quod
3414 582 3517 634 ho~

1933 670 2113 725 mines
2150 671 2336 725 obruti
2387 671 2673 738 ebrietate,
2728 688 2947 727 omnem
3001 671 3188 726 decori
3248 677 3516 728 rationem

1931 763 2200 833 ignorent.
2236 760 2467 831 Utrique
2499 768 2759 830 praeterea
2784 762 2959 831 magis
2979 762 3146 817 etiam
3167 760 3431 816 doctrinae
3451 764 3519 817 de

1928 869 2112 908 rerum
2143 860 2338 907 natura
2385 860 2781 907 consentaneas
2832 853 3071 906 rationes
3106 851 3407 914 adducunt,
3446 855 3515 911 ad

1930 944 2261 999 sententiam
2288 943 2356 997 de
2390 942 2653 1013 principis
2686 942 2856 996 animi
2888 943 3167 997 facultatis
3192 943 3322 996 sede
3353 959 3511 998 suam

1929 1034 2382 1089 conﬁrmandam.
2413 1032 2547 1087 Nam
2579 1034 2716 1088 alter
2744 1032 2967 1103 quidem
3004 1033 3080 1087 ait
3119 1041 3328 1087 motum
3361 1048 3517 1087 men-

1926 1133 1999 1187 tis
2030 1131 2200 1201 igneae
2232 1140 2441 1184 natura:
2480 1127 2695 1183 aﬂinem
2751 1143 2875 1183 esse
2898 1166 2913 1192 ,
2946 1128 3168 1197 quando
3205 1137 3260 1181 et
3290 1127 3430 1196 ignis
3461 1114 3516 1182 et

1925 1237 2081 1276 mens
2111 1233 2389 1289 nunquam
2422 1234 2531 1272 non
2578 1227 2920 1273 moveantur.
2968 1217 3218 1287 Cumque
3254 1218 3307 1271 in
3350 1217 3514 1271 corde

1924 1313 2123 1368 caloris
2152 1313 2355 1367 fontem
2386 1326 2508 1366 esse
2541 1312 2613 1365 sit
2644 1312 2698 1365 in
2748 1310 3036 1375 confesso,
3069 1309 3276 1363 idcirco
3311 1309 3515 1365 mentis

1924 1414 2129 1459 motum
2180 1419 2305 1458 cum
2348 1403 2547 1458 caloris
2598 1402 2899 1456 mobilitate
2960 1401 3121 1471 quasi
3147 1406 3511 1469 temperatum

1922 1514 2065 1555 esse.
2097 1512 2301 1567 corque
2342 1497 2481 1551 adeo
2535 1503 2745 1549 naturae
2803 1494 3157 1565 intelligentia
3188 1500 3511 1561 receptacu-

1924 1592 2032 1642 lum
2066 1589 2281 1652 statuit,
2333 1588 2478 1658 quod
2520 1587 2673 1641 calor
2698 1602 2763 1640 eo
2797 1586 3163 1640 contineatur.
3204 1583 3354 1637 Alter
3380 1597 3515 1643 vero

1924 1684 2230 1752 mcningem
2292 1682 2394 1752 (sic
2428 1682 2575 1735 enim
2620 1680 2896 1750 appellant
2941 1678 3314 1732 membranam
3359 1691 3512 1729 cerea

1921 1772 2559 1844 brumamplectentem)
2595 1771 2839 1826 omnium
2896 1784 3229 1839 organorum
3263 1766 3507 1823 sentiens

1918 1868 2054 1922 tium
2087 1864 2257 1920 veluti
2309 1866 2495 1922 basem
2526 1880 2591 1919 ac
2618 1865 2858 1918 radicem
2887 1861 3181 1933 quamdam
3213 1874 3338 1915 esse
3361 1857 3509 1913 amr-

1919 1965 2051 2012 mat.
2094 1956 2232 2011 Huic
2261 1971 2391 2026 ergo
2456 1954 2734 2025 propriam
2771 1952 3039 2007 rationem
3073 1949 3234 2019 quasi
3286 1949 3512 2004 credere

1919 2066 2026 2104 non
2056 2048 2288 2113 dubitat,
2325 2064 2499 2117 neque
2529 2047 2639 2100 ullo
2672 2046 2782 2100 alio
2822 2045 2878 2098 in
2908 2044 3048 2112 loco
3073 2041 3388 2095 facultatem
3420 2041 3509 2093 in.

1916 2142 2246 2211 telligeutem
2278 2140 2439 2195 sitam
2471 2139 2773 2199 existimat,
2803 2143 2960 2191 extra
3009 2150 3173 2205 quam
3218 2148 3283 2189 ea
3312 2133 3368 2186 in
3402 2131 3506 2187 ho-

1917 2230 2081 2285 minis
2113 2239 2289 2298 parte,
2317 2229 2384 2282 ad
2440 2242 2603 2297 quam
2649 2242 2812 2281 aures
2876 2224 3167 2295 aptissime
3213 2221 3507 2291 adjuncta,

1914 2335 2080 2375 voces
2109 2320 2213 2374 sibi
2245 2317 2549 2373 incidentes
2582 2318 2742 2386 quasi
2775 2315 3025 2369 nonnihil
3059 2311 3328 2384 pulsando
3358 2311 3511 2367 defe-

1917 2419 2067 2465 runt.
2099 2409 2198 2466 Cui
2235 2417 2493 2479 aspectus
2531 2408 2587 2462 in
2624 2408 2731 2460 ima
2760 2407 3050 2459 Oculorum
3084 2405 3213 2460 sede
3243 2421 3273 2458 a
3309 2411 3511 2470 natura

1916 2500 2320 2562 adhaerescens,
2363 2512 2460 2567 per
2507 2497 2803 2552 incidentia
2837 2495 2892 2549 in
2919 2493 3153 2565 pupulas
3188 2493 3506 2557 simulacra,

1914 2606 2103 2647 rerum
2154 2590 2362 2645 formas
2402 2588 2634 2643 interius
2680 2586 2961 2656 exprimit,
3020 2584 3287 2638 halituum
3338 2584 3505 2639 etiam

1913 2683 2206 2753 qualitates
2248 2697 2346 2750 per
2394 2681 2659 2736 odoratus
2685 2678 3069 2732 attractioncm
3108 2676 3211 2729 bac
3260 2675 3315 2728 in
3351 2682 3513 2745 parte

1911 2776 2320 2831 discernuntur.
2375 2772 2578 2828 Eodem
2609 2770 2773 2825 modo
2795 2783 2920 2839 quae
2959 2783 2988 2820 a
3052 2782 3219 2821 sensu
3251 2773 3508 2835 gustatus

1910 2866 2310 2938 percipiuntur,
2340 2865 2586 2936 ejusdem
2614 2862 2889 2931 meningis
2912 2861 3108 2915 vicina:
3143 2858 3354 2929 judicio
3376 2858 3511 2913 sub-

1904 2958 2001 3029 jici
2055 2972 2284 3013 necesse
2340 2966 2445 3019 est,
2502 2952 2725 3025 quando
2792 2966 2855 3005 ea
2923 2952 3179 3005 surculos
3238 2948 3508 3020 quosdam

214 3039 347 3099 σθαι
377 3041 476 3109 τῆς
499 3043 643 3095 κατὰ
668 3043 831 3113 φύσιν
855 3048 1138 3118 ἐνεργείας
1159 3050 1252 3105 τὸν
1274 3050 1533 3122 λογισμὸν
1562 3053 1625 3105 ἐκ
1662 3071 1806 3119 τινος

1917 3066 2163 3113 nerveos,
2191 3049 2393 3118 quibus
2421 3062 2487 3102 ex
2516 3048 2631 3115 ipsa
2656 3045 2740 3099 vis
2764 3044 2906 3099 inest
2928 3041 3223 3104 sentiendi,
3258 3055 3353 3109 per
3385 3053 3509 3094 cer-

213 3131 543 3219 σωματικῆς
591 3135 998 3208 περιστάσεως,
1049 3139 1248 3210 ἀληθὲς
1296 3136 1438 3195 εἷναί
1485 3160 1661 3216 φημιο
1718 3145 1810 3197 καὶ¹

1916 3145 2049 3200 vicis
2070 3141 2353 3197 vcrtebras
2386 3138 2454 3193 ad
2482 3145 2719 3192 meatum
2740 3152 2902 3206 quem
2933 3136 3003 3189 ab
3033 3132 3241 3195 isthmi,
3268 3132 3372 3187 hoc
3397 3140 3507 3199 est,

217 3225 410 3295 πηγήν
435 3241 561 3278 τινα
587 3226 682 3279 τοῦ
712 3228 855 3301 κατά
881 3229 943 3282 τὸ
971 3229 1131 3301 σῶμα
1159 3232 1440 3303 πυρώδους
1466 3235 1565 3306 τὴν
1587 3237 1814 3308 καρδίαν

211 3310 386 3387 εἶναι,
446 3316 585 3385 πρὸς
637 3317 737 3391 τάς
798 3320 1066 3393 θυμώδεις
1120 3324 1299 3394 ὁρμὰς
1349 3329 1811 3400 συγκινουμένην.

211 3408 327 3460 Καὶ
356 3411 439 3460 ἔτι
469 3410 609 3481 πρὸς
630 3410 858 3476 τούτοις,
888 3414 949 3466 τὸ
973 3414 1377 3487 ὑποϐεϐλῆσθαι
1417 3423 1529 3483 τοῖς
1554 3422 1816 3492 αἰσθητη-

216 3500 356 3591 ρίοις
381 3501 484 3571 τὴν
521 3502 789 3572 μήνιγγα,
829 3505 972 3558 κατὰ
1004 3506 1095 3578 τὸν
1140 3507 1297 3576 λόγον
1327 3510 1438 3564 τῶν
1475 3513 1546 3566 τὰ
1580 3513 1809 3568 τοιαῦτα

212 3591 723 3660 φυσιολογούντων,
786 3600 1302 3671 περιπτυσσομένην
1360 3603 1418 3654 ὲν
1490 3605 1657 3675 ἑαυτῇ
1716 3606 1807 3658 τὸν

210 3683 554 3753 ἰγκέφαλον,
609 3685 706 3757 καὶ
758 3690 872 3759 τοῖς
923 3690 1133 3743 ἐκεῖθεν
1190 3693 1384 3763 ἀτμοῖς
1444 3695 1810 3767 ὑπαλειφομέ-

210 3792 312 3843 νην
342 3813 360 3841 ,
436 3776 548 3829 τῶν
602 3780 725 3842 ταῖς
779 3780 1138 3853 ἀνατομικαῖς
1197 3783 1452 3857 θεωρίαις
1517 3790 1808 3860 ὲσχολακό-

206 3883 325 3939 των
354 3869 419 3922 τὸ
445 3870 689 3925 τοιοῦτον
715 3873 952 3949 ἀκούων,
988 3878 1092 3948 οὑκ
1127 3877 1306 3931 ἀθετῶ
1337 3879 1398 3933 τὸ
1426 3880 1736 3953 λεγόμενον.

1913 3246 2159 3306 angustae
2193 3234 2337 3287 inter
2373 3231 2483 3285 duo
2535 3228 2710 3282 maria
2786 3238 2939 3285 terra!
2960 3226 3309 3282 similitudine
3328 3222 3511 3294 appel-

1913 3330 2026 3381 lant
2048 3322 2341 3398 ἡθμοειδῆ,
2380 3322 2680 3383 derivatos,
2722 3318 2991 3373 musculis
3019 3317 3220 3372 ibidem
3272 3316 3397 3371 sitis
3422 3315 3508 3369 in-

1912 3419 2066 3474 serit.
2098 3417 2214 3487 Ego
2262 3429 2391 3469 vero
2425 3429 2535 3467 non
2567 3411 2803 3467 dilliteor
2852 3409 3168 3463 facultatem
3208 3407 3378 3461 animi
3414 3406 3503 3460 iit-

1914 3509 2245 3579 telligentem
2278 3520 2420 3573 saepe
2452 3519 2483 3557 a
2512 3503 2829 3556 morborum
2864 3500 3124 3553 violentia
3150 3498 3347 3552 victam
3381 3512 3506 3565 per-

1912 3600 2159 3666 turbari,
2216 3606 2271 3653 et
2344 3612 2411 3652 ex
2458 3608 2628 3649 causa
2682 3600 2912 3648 externa
2965 3599 3175 3661 partem
3214 3588 3506 3643 ratiocina-

1915 3696 2106 3750 tricem
2138 3692 2193 3745 in
2250 3688 2570 3743 ellicacitate
2621 3701 2719 3740 sua
2779 3682 3017 3737 naturali
3045 3681 3204 3751 quasi
3252 3681 3507 3736 hebetem

1917 3787 2091 3844 reddi.
2128 3784 2304 3838 Etiam
2366 3781 2513 3852 quod
2548 3789 2634 3835 est
2698 3779 2919 3848 igneum
2963 3777 3022 3832 in
3057 3790 3311 3845 corpore,
3344 3774 3504 3844 proﬁv

1917 3880 2174 3939 cisci"ex
2218 3874 2384 3931 corde
2413 3881 2676 3942 tanquam
2708 3886 2776 3926 ex
2808 3869 2976 3933 fonte,
3024 3867 3279 3935 idemque
3306 3880 3403 3920 cor
3436 3862 3507 3918 ad

211 3959 572 4025 vehementes
619 3962 786 4017 animi
849 3966 1249 4023 commotiones
1289 3983 1395 4023 una
1427 3974 1631 4029 moveri
1671 3991 1777 4030 non
1807 3991 1948 4046 nego
1982 3993 1997 4028 :
2032 3969 2269 4038 denique
2314 3980 2385 4019 ne
2435 3963 2541 4017 hoc
2575 3959 2796 4031 quidem
2854 3958 3086 4025 inlicior,
3136 3956 3502 4012 membranam

209 4052 502 4119 cerebrum
537 4054 842 4122 amplexam
867 4072 1127 4114 sensuum
1173 4065 1395 4132 organis
1437 4065 1613 4125 instar
1651 4069 1800 4125 basis
1831 4066 2122 4138 cujusdam
2156 4074 2311 4123 esse,
2345 4063 2406 4112 ut
2436 4054 2703 4126 quosdam
2739 4052 2806 4107 de
2834 4052 2998 4106 rebus
3040 4050 3191 4104 hisce
3233 4049 3501 4104 disserere

207 4148 444 4214 scimus,
505 4163 627 4227 quae
677 4151 964 4222 cerebrum
1006 4154 1111 4209 sibi
1164 4155 1467 4221 involutum
1499 4165 1800 4231 contineat,
1834 4171 1889 4219 et
1944 4159 2209 4216 balitibus
2244 4154 2314 4208 ab
2365 4152 2589 4221 organis
2632 4163 2895 4204 sensuum
2953 4146 3210 4216 profectis
3238 4145 3396 4216 quasi
3430 4146 3492 4200 ria

204 4252 370 4319 getur
394 4262 409 4298 :
442 4244 665 4315 quando
684 4262 771 4308 me
797 4247 1113 4319 bujusmodi
1135 4254 1383 4323 quaedam
1413 4257 1481 4312 ab
1506 4259 1595 4326 iis,
1624 4261 1720 4332 qui
1756 4261 1873 4316 haec
1903 4273 2001 4329 per
2027 4266 2321 4324 corporum
2356 4248 2628 4303 scctiones
2653 4249 2933 4312 comperta
2963 4241 3254 4308 habebant,
3284 4240 3500 4297 audisse

205 4338 585 4408 commemini.

278 4434 359 4487 Οὑ
413 4433 520 4505 μὴν
558 4434 835 4517 ἀπόδειξιν
879 4438 1141 4509 ποιοῦμαι
1184 4442 1387 4511 ταύτην
1428 4440 1525 4494 τοῦ
1554 4442 1807 4502 τοπικαῖς

1983 4432 2187 4493 Verum
2218 4443 2565 4499 nequaquam
2591 4428 2847 4484 existimo
2874 4429 3241 4485 demonstrari
3270 4446 3365 4499 per
3389 4429 3497 4485 haec

204 4540 318 4576 τισι
398 4529 770 4596 περιγραφαῖς
828 4528 1287 4600 ὲμπεριειλῆφθαι
1350 4518 1449 4601 τὴν
1508 4528 1801 4600 ἀσώματον

204 4614 394 4683 φύσιν.
460 4615 574 4677 Τάς
634 4631 696 4668 τε
760 4616 870 4687 γὰρ
938 4619 1267 4690 παραφοράς
1337 4621 1439 4677 οὐκ
1502 4620 1569 4676 ἐκ
1633 4621 1801 4691 μόνης

202 4704 587 4777 καρηὸαρείας
634 4707 882 4775 γίνεσθαι
922 4709 1345 4783 μεμαθήκαμεν,
1393 4711 1529 4764 ἀλλά
1563 4711 1659 4769 καὶ
1694 4711 1803 4768 τῶν

202 4797 303 4860 τὰς
336 4796 579 4866 πλευρὰς
604 4798 967 4863 ὑπεξωκότων
998 4802 1213 4872 ὑμένων
1242 4803 1509 4872 ἐμπαθῶς
1530 4802 1803 4857 διατεθέν-

204 4905 337 4955 των,
366 4889 571 4959 ὁμοίιος
596 4891 904 4963 ἀρρωστεῖν
928 4892 989 4946 τὸ
1031 4894 1370 4966 διανοητικὸν
1397 4894 1719 4966 διορίζονται
1752 4896 1802 4949 οί

203 4979 303 5047 τῆς
338 4980 588 5049 ἰατρικῆς
610 4980 992 5052 ἐπιστήμονες,
1020 4984 1262 5053 φρενῖτιν
1284 4981 1346 5035 τὸ
1376 4982 1544 5045 πάθος
1574 4980 1799 5036 καλοῦνο

203 5086 320 5133 τες,
350 5068 541 5140 ἐπειδὴ
576 5070 771 5140 φρένες
792 5074 907 5135 τοῖς
934 5072 1098 5141 ὑμέσι
1126 5073 1338 5137 τούτοις
1369 5074 1486 5127 ἐστὶ
1513 5073 1576 5126 τὸ
1602 5073 1794 5143 ὄνομα.

206 5163 316 5216 Καὶ
366 5164 400 5233 ὴ
440 5163 550 5215 ἀπὸ
594 5164 692 5234 τῆς
750 5164 926 5235 λύπης
972 5166 1065 5218 ἐπὶ
1109 5166 1208 5236 τὴν
1256 5166 1485 5237 καρδίαν
1538 5166 1795 5236 γινομένη

207 5250 470 5321 συναίσθη
480 5269 563 5315 σις
583 5252 939 5323 ἑσφαλμένως
962 5255 1290 5309 ὑπονοεῖται.
1322 5257 1398 5325 Ob
1417 5255 1525 5327 γὰρ
1546 5256 1645 5325 τῆς
1670 5272 1799 5327 καρ-

204 5346 344 5410 δίας,
374 5346 511 5399 ἀλλά
544 5345 639 5399 τοῦ
670 5346 939 5415 στόματος
966 5348 1063 5418 τῆς
1105 5347 1314 5411 κοιλίας
1340 5347 1793 5419 δριμυσσομένου,

206 5442 282 5503 εἰς
334 5438 436 5510 τὴν
474 5439 704 5511 καρδίαν
736 5440 800 5493 τὸ
849 5440 1021 5505 πάθος
1064 5441 1157 5511 ὑπ’
1207 5441 1463 5512 ἀπειρίας
1509 5440 1790 5507 ἀνάγουσι.

205 5528 457 5583 Τοιοῦτον
493 5530 552 5583 δέ
582 5530 638 5583 τί
678 5547 844 5599 φασιν
880 5532 931 5584 οἱ
972 5529 1377 5601 ὲπεσκεμμένοι
1415 5529 1483 5583 δι’
1509 5529 1795 5600 ἀκριϐείας

205 5622 276 5674 τὰ
306 5623 478 5693 πάθη,
513 5624 597 5675 ὅτι
626 5621 998 5693 συμπτώσεως
1021 5622 1132 5676 τῶν
1155 5622 1337 5693 πόρων
1376 5622 1470 5675 καὶ
1504 5620 1718 5691 μύσεως
1733 5621 1794 5673 ἐν

208 5717 324 5779 ταῖς
352 5715 627 5787 λ’)πηραῖς
669 5715 941 5771 διαθέσεσι
971 5717 1216 5788 φυσικῶς
1245 5717 1373 5788 περὶ
1396 5716 1543 5771 ἅπαν
1566 5715 1789 5787 γινομέ-

1908 4541 2092 4598 posse,
2128 4531 2383 4577 naturam
2434 4528 2712 4590 expertem
2763 4522 3016 4593 corporis
3071 4523 3191 4576 loco
3254 4524 3497 4592 Spatiovr

1894 4616 2189 4686 descripto
2219 4612 2509 4668 contineri.
2570 4610 2707 4666 Nam
2763 4613 2964 4669 mentis
3015 4613 3209 4668 deliria
3266 4630 3374 4668 non
3434 4630 3496 4668 ex

1909 4710 2173 4766 ebrietate
2204 4707 2320 4762 sola
2353 4704 2485 4758 oriri
2513 4710 2731 4758 constat
2759 4721 2775 4772 ;
2811 4705 2907 4760 sed
2946 4712 3002 4760 et
3031 4706 3085 4758 in
3121 4705 3259 4769 illis,
3296 4706 3498 4773 quibus

1912 4799 2243 4854 membrana:
2268 4794 2440 4851 costis
2463 4794 2741 4850 subtensze
2801 4795 2997 4849 morbo
3042 4795 3232 4865 aliquo
3290 4795 3499 4852 all'ectze

1911 4898 2062 4955 sunt,
2087 4890 2279 4946 eodem
2312 4886 2477 4941 modo
2506 4886 2900 4957 intelligentem
2943 4887 3257 4942 facultatem
3308 4887 3472 4943 debili

1908 4982 2033 5045 tari,
2063 4981 2222 5052 periti
2247 4980 2384 5034 artis
2414 4978 2698 5033 medicinae
2730 4979 3281 5047 tradttnt.Appellant
3308 4988 3492 5037 autem

1905 5074 1960 5128 id
1991 5074 2166 5128 morbi
2200 5088 2372 5143 genus
2404 5071 2765 5143 phrenitidem
2792 5087 2822 5126 a
2841 5071 3161 5142 pltrenibus.
3182 5087 3292 5141 quo
3322 5087 3493 5128 mem-

1903 5162 2088 5217 branae
2114 5168 2233 5217 ista:
2262 5162 2481 5216 nomine
2520 5168 2803 5215 notantur.
2841 5160 3055 5215 Doloris
3095 5177 3225 5216 vero
3266 5176 3488 5221 sensus.

1906 5257 1999 5326 qui
2026 5272 2090 5312 ex
2125 5256 2389 5310 mmstitia
2422 5254 2731 5310 redundare
2779 5253 2845 5306 ad
2880 5268 2978 5306 cor
3033 5252 3258 5317 dicitur,
3314 5252 3491 5307 homi~

1904 5364 2035 5403 num
2069 5362 2258 5403 errore
2308 5353 2614 5401 noucaret.
2671 5345 2809 5399 Cum
2847 5345 2993 5398 enim
3046 5360 3155 5399 non
3214 5360 3328 5408 cor,
3390 5346 3488 5400 sed

1903 5439 2153 5494 osculum
2181 5437 2449 5493 stomachi
2491 5436 2604 5491 acri
2636 5436 2825 5491 dolore
2855 5442 3116 5499 tentetur,
3147 5451 3249 5489 nos
3299 5443 3482 5491 tamen

1902 5530 1969 5583 ad
1998 5542 2095 5583 cor
2124 5528 2379 5583 morbum
2413 5528 2562 5583 hunc
2597 5544 2665 5583 ex
2706 5529 2977 5598 imperitia
3010 5529 3248 5597 quadam
3292 5530 3485 5584 referi-

1901 5640 2046 5680 mus.
2077 5622 2327 5677 Tradunt
2354 5629 2536 5678 autem
2556 5622 2870 5692 hujusmodi
2898 5622 3158 5693 quiddam
3192 5624 3252 5686 ii,
3276 5624 3480 5694 quibus

1899 5725 2155 5773 accurate
2191 5715 2511 5772 morborum
2552 5716 2794 5773 rationes
2827 5724 3127 5789 perspecta:
3146 5724 3299 5784 sunt,
3324 5714 3476 5787 quod
