3886 6214
443 593 659 659 pressio
684 593 820 651 ﬁat:
853 599 1123 672 quidquid
1159 607 1312 662 exire
1349 610 1607 682 impedita
1653 622 2019 690 respiratione

442 693 699 751 nequeat,
732 686 800 759 ad
831 689 997 745 imam
1017 698 1268 764 corporis
1289 704 1646 772 capacitatem
1673 686 2014 771 detrudatur.

443 767 570 827 Inde
619 778 948 847 usuvenire,
998 790 1057 837 ut
1113 801 1239 841 cum
1293 767 1376 844 ad
1420 795 1833 865 respirationem
1875 804 2017 862 facta

440 863 655 919 viscera
685 867 756 923 ab
785 868 874 934 iis,
911 888 941 925 a
973 877 1175 945 quibus
1226 883 1470 955 undique
1512 863 1904 963 continentur,
1956 902 2013 957 in

440 965 734 1025 angustum
767 971 1068 1033 arctantur,
1097 970 1418 1046 plerumque
1450 980 1742 1041 violentior
1785 993 2014 1061 spiritus

438 1052 694 1106 attractio
735 1064 948 1113 natura:
981 1061 1029 1114 vi
1057 1062 1177 1127 ﬁat,
1227 1081 1349 1136 quae
1405 1075 1553 1143 quod
1607 1087 1693 1134 est
1742 1052 2010 1141 arctatum

436 1139 667 1199 dilatare
699 1148 915 1214 nititur,
952 1162 1011 1207 ut
1034 1171 1096 1210 ea
1129 1174 1252 1229 quae
1283 1139 1602 1235 compressa
1652 1182 1804 1240 sunt,
1840 1177 2011 1236 vicis-

436 1230 542 1286 sim
593 1234 939 1298 diducantur.
986 1245 1164 1317 Atque
1216 1230 1529 1323 hujusu—todi
1582 1262 1639 1316 in
1687 1230 2011 1337 respirando

436 1321 810 1385 diﬂicultatem
845 1339 1119 1395 maestitia:
1154 1321 1416 1401 indicium
1447 1352 1722 1420 quoddam
1748 1321 1871 1415 esse
1896 1372 2009 1416 sta-

437 1418 665 1484 tuimus,
694 1424 839 1492 quod
867 1437 920 1482 et
945 1431 1241 1500 suspirium
1273 1446 1327 1490 et
1355 1418 1616 1509 gemitum
1646 1449 2005 1518 appellamus.

440 1506 530 1563 Sic
558 1512 702 1581 quod
727 1527 914 1586 partes
946 1525 1097 1577 cordi
1131 1506 1420 1600 contiguas
1461 1506 1733 1603 premere.
1762 1551 2004 1611 putatur,

434 1614 544 1655 non
571 1607 777 1672 cordis,
819 1612 913 1666 sed
941 1616 1056 1670 oris
1099 1617 1152 1671 in
1180 1624 1846 1689 ventriculo-molesta‘est
1873 1636 2002 1692 alie-

430 1689 564 1754 ctio,
601 1691 794 1750 iisdem
833 1713 903 1754 ex
942 1704 1130 1760 causis
1178 1717 1324 1773 orta,
1360 1713 1428 1767 de
1462 1716 1666 1785 quibus
1722 1733 2003 1780 meatuum

429 1786 896 1852 compressionem
930 1792 1044 1849 ﬁeri
1076 1796 1340 1859 diximus.
1377 1804 1512 1861 Nam
1552 1801 1654 1864 vas
1702 1811 1799 1868 bili
1852 1817 2005 1870 exci-
2036 1810 2080 1865 Β

426 1873 639 1943 piendae
670 1878 1026 1952 destinatum,
1052 1906 1234 1947 acrem
1276 1895 1428 1952 illum
1462 1914 1529 1955 ac
1550 1903 1863 1961 mordacem
1894 1908 1997 1962 huv

427 1978 634 2023 morem
669 1982 892 2044 propter
914 1983 1341 2041 coarctationem
1376 1991 1464 2045 sui
1497 1992 1551 2046 in
1602 1996 1849 2052 osculum
1886 2008 2000 2055 sto-

426 2059 605 2114 machi
640 2063 871 2122 derivat.
908 2071 1042 2141 Eius
1073 2076 1150 2131 rei
1187 2081 1557 2139 certissimum
1583 2097 1672 2143 est
1698 2105 1996 2162 argumen-

423 2153 732 2222 tum,un
778 2160 980 2228 quibus
1033 2164 1148 2221 haec
1172 2171 1443 2238 aegritudo
1489 2178 1711 2244 accidit,
1763 2153 1999 2241 eosdem

419 2243 760 2311 suppallidos
807 2259 860 2303 et
912 2256 1178 2324 aurugine
1237 2258 1615 2322 laborantibus
1672 2272 1994 2330 consimiles

419 2337 680 2393 extremis
713 2340 766 2394 iu
794 2344 1042 2412 partibus
1070 2349 1187 2405 ﬁeri
1232 2352 1496 2421 videmus,
1558 2360 1666 2417 bile
1700 2365 1983 2421 humorem

418 2444 580 2484 suum
629 2431 700 2487 ob
737 2440 1196 2507 compressionem
1250 2445 1474 2503 nimiam
1509 2452 1565 2506 in
1618 2468 1787 2511 venas
1837 2473 2141 2531 spargente.
2179 2466 2319 2533 Quin
2352 2480 2406 2525 et

1679 318 1736 377 S.
1772 323 2097 384 GREGORII
2128 332 2169 386 Ν
2182 334 2424 395 YSSENI

2123 739 2229 775 νων
2254 725 2333 797 τῷ
2378 734 2702 802 περιέχοντι,
2756 736 3035 813 βιαιοτέρα
3078 746 3336 813 πολλάκις
3368 725 3573 826 η’όλκὴ
3605 725 3702 809 τοῦ

2123 814 2431 886 πνεύματος
2466 823 2570 877 ὑπὸ
2609 827 2707 898 τῆς
2743 829 2959 898 φύσεως
2991 833 3225 903 γίνεται,
3284 814 3421 911 πρὸς
3462 814 3573 914 tipa-
3591 845 3701 897 τῶν

2124 914 2601 976 συμπεπτωκότων
2628 917 2910 993 διαστολὴν
2943 923 3003 977 τὸ
3051 928 3311 983 στενωθὲν
3338 932 3696 1005 εὐρυνούσηςς

2121 996 2194 1048 Τὸ
2224 997 2281 1051 δὲ
2320 1004 2559 1061 τοιοῦτον
2598 1005 2785 1082 ἆσθμα
2814 1015 3126 1085 σύμπτωμα
3155 1019 3332 1093 λύπης
3368 996 3696 1095 ποιούμεθα.

2122 1093 2420 1163 στεναγμὸν
2435 1097 2566 1150 αὐτὸ
2577 1101 2672 1153 καὶ
2696 1104 3131 1179 ἀναποτνιασμὸν
3144 1110 3517 1182 ὀνομάζοντες.
3532 1093 3699 1172 Ἄλλὰ

2117 1180 2214 1232 καὶ
2249 1182 2310 1235 τὸ
2345 1185 2537 1240 δοκοῦν
2574 1191 2883 1249 ὑποθλίόειν
2926 1199 2987 1252 τὸ
3020 1180 3367 1272 περικάρδιον
3414 1205 3600 1278 μέρος,
3633 1209 3699 1261 οὗ

2116 1272 2216 1342 τῆς
2257 1278 2508 1348 καρδίας,
2557 1283 2691 1339 ἀλλὰ
2724 1287 2815 1340 τοῦ
2853 1291 3117 1361 στόματός
3156 1295 3270 1347 ἐστι
3315 1272 3426 1367 ’τῆς⁷
3460 1272 3703 1370 γαπρδς

2116 1365 2297 1435 ἀηδία,
2325 1368 2412 1424 διὰ
2441 1372 2540 1443 τῆς
2565 1376 2738 1447 αὐτῆς
2771 1381 2969 1446 αἰτίας,
3014 1384 3158 1453 λέγω
3187 1386 3251 1457 δὴ
3293 1365 3395 1456 τῆς
3423 1390 3565 1442 κατὰ
3596 1365 3698 1460 τὴν

2117 1456 2433 1529 σύμπτωσιν
2482 1466 2589 1518 τῶν
2636 1469 2839 1539 πόρων,
2887 1472 2980 1526 τοῦ
3016 1456 3301 1546 χοληδόχου
3349 1479 3573 1547 ἀγγείου
3603 1456 3697 1533 τδν

2114 1548 2309 1620 δριμὺν
2346 1555 2552 1610 ἐκεῖνον
2590 1559 2684 1611 καὶ
2720 1560 2963 1634 δακνώδη
2994 1566 3166 1635 χυμὸν
3195 1567 3301 1620 ὑπὸ
3329 1570 3694 1640 στενοχωρίας

2113 1640 2205 1692 ἐπὶ
2239 1643 2302 1697 τὸ
2329 1646 2503 1717 στόμα
2540 1649 2643 1719 τῆς
2671 1654 2907 1725 γαστρὸς
2936 1657 3346 1727 παρεγχέοντος.
3389 1659 3692 1726 Ἀπόδειξις

2112 1732 2167 1785 δὲ
2214 1735 2407 1791 τούτου
2435 1739 2498 1792 τὸ
2536 1739 2792 1816 ὕπωχρον
2842 1747 3084 1816 γίνεσθαι
3132 1750 3227 1803 καὶ
3273 1752 3532 1824 ίκτερὼδη
3578 1755 3697 1817 τοῖς

2109 1825 2469 1899 λυπουμένοις
2502 1835 2602 1905 τὴν
2635 1836 2977 1908 ἐπιφάνειαν,
3005 1840 3113 1894 άπδ
3150 1842 3250 1912 τῆς
3290 1843 3429 1911 ἄγαν
3459 1845 3695 1915 συνοχῆς

2107 1915 2198 1967 ἐπὶ
2230 1917 2328 1981 τὰς
2357 1919 2680 1990 φλέσαςιτὺν
2718 1927 2846 1982 ἴδιον
2887 1931 3062 2000 χυμὸν
3100 1931 3200 2001 τῆς
3231 1933 3392 2004 χολῆς
3435 1937 3694 1989 ἐπισπει-

2106 2007 2308 2079 ρούσης
2329 2026 2343 2039 ⁵
2372 2011 2507 2067 ἀλλὰ
2533 2017 2627 2070 καὶ
2654 2018 2715 2071 τὸ
2742 2019 2800 2086 ἐξ
2822 2022 3065 2077 ἐναντίου
3096 2026 3378 2097 γινόμενον
3409 2027 3601 2092 πάθος,
3625 2029 3693 2081 1:5

2104 2098 2246 2152 κατὰ
2274 2101 2373 2173 τὴν
2417 2105 2758 2182 εὐφροσύνην
2800 2114 2943 2183 φημὶ
2987 2115 3083 2167 καὶ
3109 2115 3202 2168 τὺν
3226 2117 3456 2185 γέλωτα,
3484 2119 3695 2188 μᾶλλον

2100 2190 2189 2243 τὸν
2234 2192 2390 2262 λόγον
2426 2199 2728 2272 συνίστησι.
2763 2207 3076 2276 Διαχέονται
3120 2211 3229 2282 γάρ
3276 2229 3393 2275 πως
3437 2213 3530 2265 καὶ
3570 2211 3694 2267 δια-

2096 2278 2309 2335 λύονται
2331 2284 2399 2337 δι’
2425 2289 2616 2360 ἡδονῆς
2641 2294 2691 2345 οἱ
2719 2294 2814 2348 τοῦ
2837 2296 3088 2367 σώματος
3110 2300 3265 2373 πόροι
3303 2301 3414 2355 τῶν
3445 2302 3508 2356 ἔκ
3536 2319 3693 2367 τινος

2095 2373 2265 2444 ἀκοῆς
2291 2376 2469 2447 ἡδείας
2495 2382 2869 2454 διαχεθέντων.

2455 2478 2729 2532 contraria
2759 2481 2888 2536 huic
2921 2483 3153 2550 affectio,
3193 2487 3451 2542 nimirum
3492 2490 3690 2547 laetitia

1868 2525 1881 2528 _
1967 2525 1993 2531 _
2189 2525 2223 2533 η
2466 2525 2729 2532 ---φρ---
2761 2525 2887 2536 .....ν
2921 2525 3153 2550 .........υ,
3492 2525 3688 2547 ηιμ...

414 2533 470 2579 et
508 2525 674 2591 risus,
715 2530 890 2600 magis
935 2533 1097 2589 etiam
1130 2538 1370 2597 rationes
1420 2554 1639 2602 nostras
1685 2550 2030 2609 conﬁrmant.
2080 2558 2213 2614 Nam
2261 2580 2383 2618 cum
2438 2569 2624 2624 auditu
2680 2576 2926 2631 nonnihil
2975 2577 3688 2652 jucundumpercepimus,

414 2617 758 2652 .wnlinnnl...
787 2638 849 2652 η..
869 2627 1216 2652 -,.,.,.ι-.....--..
1250 2649 1344 2652 ____
1372 2635 1413 2652 ι-
1444 2651 1447 2652 ,
1623 2639 1639 2652 .
2032 2648 2043 2652 _

414 2617 758 2687 explicantur
786 2627 1216 2684 aeresolvuntur
1243 2635 1479 2703 quodam
1515 2639 1679 2696 modo
1710 2653 1932 2714 propter
1958 2648 2293 2721 voluptatem
2327 2668 2540 2716 meatus
2570 2668 2841 2733 corporis.

486 2708 538 2733 I..
586 2710 765 2733 -l-l__-
840 2729 987 2733 AM-.-
1092 2729 1102 2733 _
1144 2722 1154 2733 .
1202 2722 1275 2733 ν...
1492 2728 1507 2733 -
1554 2729 1585 2733 -_

482 2708 539 2763 In
582 2710 803 2777 dolore,
836 2729 1059 2786 propter
1089 2722 1369 2780 tristitiam
1423 2728 1652 2788 subtiles
1702 2708 1981 2791 mea-tuum

410 2802 900 2872 transpirationes,
944 2824 1066 2879 qua:
1112 2825 1337 2884 propter
1379 2820 1730 2889 exiguitatem
1789 2827 1985 2899 depre-

410 2887 575 2945 hendi
625 2893 715 2947 vix
766 2904 1033 2964 possunt,
1081 2916 1408 2973 compressae
1456 2909 1668 2966 viscera
1718 2915 1980 2972 interiora

407 2983 814 3055 constringunt,
851 2995 905 3041 et
962 2990 1028 3044 ad
1062 3002 1226 3063 caput
1261 3010 1326 3051 ac
1370 3001 1578 3056 cerebri
1632 3006 1979 3065 membranas

408 3069 575 3125 udum
607 3072 760 3128 illum
789 3077 1017 3134 halitum
1042 3091 1232 3151 agunt,
1271 3098 1330 3141 ut
1363 3091 1567 3147 multus
1593 3092 1738 3150 intra
1767 3100 1978 3155 cerebri

405 3161 671 3218 cavitates
698 3167 985 3235 collectus,
1019 3187 1116 3240 per
1142 3184 1353 3232 meatus
1385 3183 1480 3250 qui
1531 3183 1598 3237 ad
1644 3187 1807 3241 imam
1850 3201 1980 3246 sunt

338 3241 344 3247 ’
406 3250 649 3320 ejusdem
681 3261 981 3326 partem,in
1004 3267 1195 3323 oculos
1216 3241 1525 3340 deiiciatur,
1559 3283 1978 3349 superciliorum

405 3349 780 3404 contractione
827 3354 1079 3421 guttatim
1128 3358 1408 3417 humorem
1458 3370 1819 3440 exprimente,
1856 3393 1978 3447 quae

403 3433 601 3493 deinde
637 3448 804 3510 gutta:
841 3445 1092 3516 lacrymae
1125 3453 1492 3522 appellantur.
1531 3433 1740 3518 Eodem
1804 3433 1977 3527 modo

400 3536 582 3585 tecum
608 3542 821 3604 putato,
853 3537 1142 3598 all'ectioue
1183 3551 1462 3606 contraria
1497 3557 1768 3615 meatibus
1824 3577 1977 3620 more

401 3632 669 3680 consueto
705 3629 881 3700 magis
910 3632 1192 3704 aliquanto
1213 3638 1472 3707 dilatatis,
1505 3648 1755 3716 spiritum
1786 3669 1975 3722 quem-

400 3712 526 3767 dam
557 3715 626 3770 ab
660 3718 796 3788 ipsis
839 3728 1132 3782 attractum
1182 3730 1238 3784 in
1304 3732 1416 3789 imo
1444 3712 1749 3808 subsidere,
1802 3712 1975 3817 atque

402 3804 528 3861 inde
553 3808 800 3865 vicissim
829 3827 860 3865 a
917 3825 1114 3873 natura
1151 3835 1248 3890 per
1300 3834 1538 3881 meatum
1585 3831 1697 3887 oris
1754 3838 1971 3906 expelli,

399 3897 702 3955 visceribus
723 3902 1014 3967 universis,
1035 3911 1380 3983 maximeque
1395 3916 1640 3985 jecinore
1664 3922 1682 3991 (
1707 3931 1766 3978 ut
1798 3927 1972 4000 aiunt)

398 3987 632 4057 quadam
690 3996 1048 4053 succussione
1099 4008 1152 4055 et
1213 4001 1457 4062 fervente
1512 4021 1661 4066 motu
1720 4017 1970 4085 spiritum

397 4083 712 4153 hujusmodi
743 4092 1182 4153 extrudentibus.
1234 4098 1444 4157 Idcirco
1484 4114 1701 4174 natura,
1736 4083 1796 4164 ut
1846 4112 1971 4169 huic

397 4180 613 4249 spiritui
643 4184 846 4240 exitum
879 4187 1094 4245 facilem
1124 4202 1321 4261 struat,
1351 4207 1588 4256 meatum
1613 4206 1724 4263 oris
1746 4207 1966 4278 dilatat;

393 4280 568 4349 genis,
588 4296 684 4350 per
710 4299 848 4352 quas
877 4288 1178 4345 anhelitum
1207 4295 1358 4351 exire
1387 4310 1611 4355 necesse
1639 4316 1742 4369 est,
1788 4309 1968 4362 utriu-

392 4392 500 4444 que
536 4377 794 4436 diductis.
824 4381 1061 4441 lnditum
1118 4390 1245 4447 huic
1295 4405 1382 4450 est
1440 4397 1518 4452 rei
1559 4416 1758 4457 nomen
1795 4406 1960 4461 risus.

2180 2745 2267 2810 Ὠς
2302 2751 2410 2822 γὰρ
2439 2755 2554 2807 ἐκεῖ
2601 2754 2691 2810 διὰ
2731 2756 2831 2827 τῆς
2875 2758 3049 2832 λύπης
3105 2762 3329 2831 μύουσιν
3380 2768 3452 2819 αἱ·
3481 2768 3689 2825 λεπταί

2090 2856 2149 2894 τε
2185 2843 2279 2895 καὶ
2317 2843 2500 2914 ἄδηλοι
2548 2844 2660 2897 τῶν
2713 2847 2892 2918 πόρων
2946 2850 3223 2919 διαπνοαὶ,
3277 2857 3369 2908 xal.
3423 2857 3680 2930 διασφίγο

2008 2955 2050 3011 (ς
2087 2945 2243 3011 ξασαι
2294 2937 2393 3008 τὴν
2447 2935 2656 2991 ἔνδοθεν
2715 2938 2822 2990 τῶν
2881 2941 3202 3013 σπλάγχνων
3254 2945 3529 3014 διάθεσιν,
3583 2954 3680 3006 ἐπὶ

2082 3033 2179 3105 τὴν
2226 3027 2470 3099 κεφαλὴν
2512 3028 2606 3080 καὶ
2648 3026 2747 3090 τὰς
2792 3029 3062 3098 μήνιγγας
3100 3032 3192 3085 τὸν
3224 3036 3440 3108 νοτερὸν
3498 3039 3678 3112 ἁτμδν

2080 3122 2480 3187 ἀναθλίῦουσιν,
2501 3118 2561 3183 ὃς
2606 3118 2773 3183 πολὺς
2826 3121 3220 3195 ὲναποληφθεὶς
3267 3134 3390 3191 ταῖς
3432 3129 3527 3183 τοῦ
3581 3132 3677 3201 ἐγ·

2080 3214 2316 3284 κεφάλου
2358 3211 2652 3281 κοιλότησι,
2676 3210 2766 3264 διὰ
2799 3211 2912 3265 τῶν
2957 3215 3096 3269 κατὰ
3139 3216 3237 3288 τὴν
3282 3218 3438 3289 βάσιν
3486 3221 3679 3294 πόρων

2079 3309 2171 3360 ἐπὶ
2221 3305 2349 3368 τοὺς
2393 3302 2705 3375 ὀφθαλμοὺς
2760 3303 3080 3371 ἐξωθεῖται,
3135 3309 3234 3380 τῆς
3280 3311 3389 3365 τῶν
3450 3314 3676 3386 ὀφρύων

2081 3397 2450 3470 συμπτώσεως
2499 3396 2856 3468 ὲξελκομένης
2908 3399 2996 3453 διὰ
3039 3402 3315 3470 σταγόνων
3361 3404 3464 3474 τὴν
3502 3408 3676 3479 ὑγρα-

2080 3491 2199 3544 σίαν
2236 3490 2298 3561 (ἡ
2324 3489 2381 3541 δὲ
2410 3488 2624 3556 σταγὼν
2654 3490 2889 3561 δάκρυον
2921 3490 3173 3561 λέγεται)
3199 3509 3214 3524 ·
3247 3492 3390 3547 οὕτω
3419 3513 3509 3566 μοι
3545 3498 3675 3567 νόη-

2079 3600 2190 3649 σον,
2224 3583 2287 3635 ὲκ
2315 3582 2413 3652 τῆς
2458 3580 2704 3644 ἐναντίας
2750 3579 3044 3643 διαθέσεως
3075 3581 3237 3635 πλέον
3279 3584 3371 3636 τοῦ
3400 3586 3681 3691 συνήθους

2107 3673 2217 3691 1-...
2247 3670 2447 3691 -..1....η
2494 3669 2599 3691 -.⁸⁸η
2639 3671 2817 3691 _!A,,..
2884 3670 3086 3691 _!-!\___
3108 3672 3158 3691 ,n
3206 3673 3220 3691 Ι
3450 3674 3477 3686 ευ
3600 3678 3625 3691 α

2075 3670 2449 3742 εὐρυνομένων
2492 3669 2600 3723 τῶν
2636 3671 2840 3740 πόρων.
2880 3670 3220 3726 εἰσέλκεσθαί
3244 3691 3295 3726 τι
3344 3674 3565 3746 πνεῦμα
3595 3678 3649 3731 δι

2076 3760 2257 3814 αὐτῶν
2279 3761 2371 3813 ἐπὶ
2400 3760 2460 3813 τὸ
2487 3760 2665 3828 βάθος,
2691 3760 2943 3814 κάκεῖθεν
2968 3762 3129 3817 πάλιν
3163 3763 3477 3828 ἐξωθεῖσθαι
3509 3768 3671 3838 παρὰ

2072 3852 2174 3922 τῆς
2211 3852 2423 3922 φύσεως
2459 3853 2547 3906 διὰ
2593 3851 2688 3906 τοῦ
2729 3853 2870 3907 κατὰ
2906 3854 2966 3907 τὸ
3005 3856 3182 3925 στόμα
3209 3857 3399 3929 πόρου,
3441 3859 3681 3915 πάντωνι

2073 3940 2183 3993 τῶν
2211 3940 2555 4013 σπλάγχνων,
2576 3943 2668 3995 καὶ
2693 3942 2926 4012 μάλιστά
2947 3961 3011 4013 γε
3036 3946 3130 3998 τοῦ
3158 3947 3387 4016 ἥπατος,
3415 3949 3492 4012 ὣς
3503 3968 3663 4018 φασι,

2072 4033 2163 4086 διά
2188 4050 2332 4098 τινος
2368 4034 2557 4088 κλόνου
2587 4036 2681 4088 καὶ
2719 4035 3077 4107 βρασμώδους
3106 4041 3374 4110 κινήσεως
3399 4042 3461 4095 τὸ
3486 4044 3665 4097 τοιοῦ-

2072 4141 2165 4176 τον
2195 4124 2410 4195 πνεῦμα
2455 4126 2916 4193 συνεξωθούντων.
2955 4128 3116 4182 Ὅθεν
3142 4131 3404 4185 εὐκολίαν
3432 4134 3557 4189 τινὰ
3589 4140 3671 4208 τῇ

2072 4212 2287 4285 διεξόδῳ
2309 4214 2400 4268 τοῦ
2431 4217 2740 4288 πνεύματος
2770 4220 3132 4292 μηχανωμένη
3155 4223 3194 4294 ἡ
3216 4224 3397 4292 φύσις,
3421 4226 3660 4298 ἀνευρύ-

2075 4324 2153 4360 νει
2191 4308 2281 4361 τὸν
2313 4308 2441 4381 περὶ
2470 4310 2530 4362 τὸ
2577 4311 2752 4381 στόμα
2803 4313 3006 4384 πόρον,
3048 4316 3389 4388 ἑκατέρωθεν
3425 4321 3558 4391 περὶ
3596 4322 3673 4379 τὸῐ

2072 4394 2259 4471 ἆσθμα
2285 4401 2385 4465 τὰς
2428 4402 2662 4473 παρειὰς
2690 4404 3091 4461 διαστέλλουσα.
3144 4409 3353 4481 Ὀνομα
3380 4410 3436 4463 δὲ
3457 4411 3534 4481 τῷ
3570 4431 3666 4483 γι-

392 4472 462 4527 At
486 4490 616 4530 vero
640 4492 750 4532 non
783 4492 1073 4552 propterea
1104 4487 1188 4543 vis
1226 4489 1394 4546 animi
1446 4496 1700 4569 princeps
1732 4500 1960 4570 jecinori

2088 4490 2276 4560 ιομένῳ
2304 4490 2477 4558 γέλως
2514 4472 2700 4545 ἐστίν.
2762 4492 2900 4547 Οὔτε
2938 4491 3031 4550 οὗν
3053 4496 3141 4551 διὰ
3183 4472 3340 4553 τοῦτο
3369 4500 3447 4572 τῷ
3476 4472 3656 4573 ἥπατι

392 4571 703 4640 tribuenda,
733 4589 909 4646 neque
932 4587 1154 4649 propter
1182 4588 1466 4656 sanguinis
1499 4593 1643 4648 circa
1686 4612 1781 4650 cor
1808 4598 1963 4654 ebul-

390 4666 658 4734 litionem,
693 4685 816 4740 quae
844 4671 1059 4731 aﬂ'ectio
1089 4678 1463 4740 vehementius
1495 4690 1679 4744 animo
1708 4694 1957 4762 exsistit,

389 4762 445 4817 in
475 4765 641 4820 corde
684 4768 885 4825 mentis
918 4771 1101 4827 sedem
1153 4790 1277 4831 esse
1331 4784 1630 4849 putandum
1690 4799 1809 4844 est:
1867 4793 1959 4847 sed

388 4867 519 4914 sunt
551 4859 749 4916 horum
805 4879 988 4921 causa:
1020 4868 1075 4923 in
1121 4881 1398 4929 structura
1446 4884 1696 4949 corporis
1754 4888 1961 4965 consti-

386 4960 618 5011 tuendae.
652 4956 888 5015 Mentem
925 4963 1147 5033 quidem
1187 4969 1503 5029 existimare
1533 4976 1798 5036 debemus
1836 4958 1956 5036 cui-

384 5050 519 5106 libet
547 5056 793 5111 membro
812 5061 1173 5130 aequabiliter,
1200 5081 1264 5121 ea
1303 5069 1578 5129 mistionis
1602 5077 1814 5133 ratione
1835 5095 1957 5149 qua:

382 5149 645 5218 explicari
673 5153 906 5210 dicendo
934 5171 1199 5230 nequeat,
1231 5168 1447 5225 adesse.
1501 5172 1656 5238 Quod
1690 5176 1736 5230 si
1793 5191 1956 5234 erunt

381 5242 474 5312 qui
502 5244 739 5305 Litteras
776 5255 940 5308 etiam
966 5273 1155 5315 sacras
1197 5261 1299 5317 hac
1328 5265 1378 5316 in
1413 5276 1565 5336 parte
1593 5270 1754 5327 nobis
1784 5288 1953 5344 oppo-

380 5347 676 5410 nant,qu:n
701 5344 754 5399 in
784 5349 946 5405 corde
976 5353 1084 5411 vim
1106 5354 1255 5411 illam
1283 5360 1584 5431 principem
1608 5380 1733 5422 esse
1754 5374 1954 5425 testen-

383 5440 492 5498 tur,
521 5450 591 5490 ne
620 5436 813 5496 horum
843 5447 1064 5515 quidem
1094 5455 1331 5512 orationi
1361 5459 1441 5513 sic
1471 5466 1860 5533 assentiemur,
1894 5481 1952 5525 ut

378 5542 489 5584 non
521 5532 748 5601 priusiu
771 5553 890 5593 eam
917 5542 1280 5617 inquiramus.
1308 5552 1442 5608 Nam
1474 5572 1597 5612 cum
1632 5562 1686 5615 in
1711 5562 1947 5633 quodam

377 5641 448 5680 ex
476 5630 647 5701 sacris
676 5633 820 5692 libro
856 5638 1041 5699 cordis
1064 5648 1271 5704 mentio
1315 5650 1427 5718 ﬁat,
1463 5655 1663 5712 ibidem
1698 5671 1752 5715 et
1787 5677 1947 5719 rencs

378 5723 577 5795 adjecti
608 5742 758 5802 sunt,
792 5746 922 5795 sunt
953 5740 1099 5800 enim
1131 5744 1445 5817 hujusmodi
1468 5760 1711 5826 quaedam
1740 5760 1940 5818 verba:

2062 4580 2123 4633 τὸ
2152 4582 2475 4652 ἡγεμονικὸν
2515 4583 2788 4653 λογιστέον
2810 4626 2824 4650 ,
2873 4586 2997 4641 οὔτε
3024 4589 3112 4643 διὰ
3150 4591 3250 4662 τὴν
3294 4595 3657 4668 περικάρδιον

2063 4670 2207 4736 ζέσιν
2235 4672 2328 4725 τοῦ
2375 4674 2604 4744 αἵματος
2640 4677 2698 4729 ὲν
2725 4678 2841 4741 ταῖς
2893 4678 3153 4749 θυμικαίς
3196 4682 3535 4750 διαθέσεσιν,
3593 4691 3689 4765 ὲν.

2060 4761 2256 4832 καρδία
2286 4765 2565 4835 νομιστέον
2593 4760 2731 4819 εἶναι
2759 4768 2853 4820 τοῦ
2881 4768 2971 4821 νοῦ
2993 4770 3092 4842 τὴν
3120 4773 3436 4846 καθίδρυσιν
3457 4794 3473 4807 ⁴
3506 4779 3651 4835 ἀλλὰ

2058 4853 2228 4907 ταῦτα
2261 4855 2358 4925 μὲν
2394 4859 2473 4920 εἰς
2522 4857 2618 4920 τὰς
2648 4860 2806 4924 ποιὰς
2842 4860 2951 4913 τῶν
3003 4865 3271 4934 σωμάτων
3298 4873 3691 4969 κατασκευὰςξ

2061 4945 2318 4969 2.....--_1-_.
2378 4947 2481 4969 m‘-.
2508 4949 2556 4969 δι
2624 4949 2673 4969 ,9
2746 4952 2758 4969 ι
2879 4954 2891 4969 1
3041 4957 3055 4969 ι
3116 4957 3128 4969 ι
3315 4960 3340 4969 ι.
3523 4962 3538 4969 -

2057 4945 2341 5003 ἁνακτέον.
2378 4947 2482 5000 Τὸν
2503 4949 2559 5001 δὲ
2588 4949 2709 5003 νοῦν
2735 4952 3012 5023 ὁμοτίμως
3035 4957 3249 5029 ἑκάστῳ
3271 4960 3380 5013 τῶν
3409 4962 3644 5033 μορίων,
3682 4945 3721 5019 ’ς

2057 5034 2197 5093 κατὰ
2216 5035 2309 5088 τὸν
2334 5035 2609 5107 ἄφραστον
2626 5040 2723 5109 τῆς
2743 5041 3096 5113 ἀνακράσεως
3119 5045 3277 5116 λόγον
3297 5049 3647 5119 ἐφάπτεσθαι

2054 5127 2355 5196 νομιστέον.
2388 5127 2505 5182 Κᾶν
2555 5129 2658 5200 τὴν
2689 5131 2909 5203 Γραφήν
2939 5151 3083 5199 τινες
3124 5137 3256 5207 ἡμῖν
3303 5141 3439 5210 πρὸς
3476 5142 3653 5200 τοῦτο

2054 5217 2478 5285 προτείνωνται,
2530 5222 2596 5289 τῇ
2638 5222 2835 5294 καρδίᾳ
2866 5223 2929 5276 τὸ
2967 5226 3293 5297 ἡγεμονικὸν
3326 5235 3645 5304 μαρτυροῦ-

2054 5309 2183 5369 σαν“,
2234 5308 2334 5361 οὐκ
2372 5309 2738 5376 ἀνεξετάστως
2782 5313 2874 5366 τὸν
2913 5315 3069 5383 λόγον
3097 5317 3384 5400 δεξόμεθα.
3435 5324 3495 5378 ὐ
3521 5326 3657 5398 γάρι

2052 5399 2277 5469 καρδίαν
2306 5401 2582 5472 μνησθεὶς,
2613 5404 2706 5456 καὶ
2732 5405 2945 5476 νεφρῶν
2978 5407 3400 5478 ἐμνημόνευσεν,
3425 5415 3600 5469 εἰπών
3623 5436 3640 5451 ·

2056 5509 2074 5540 ι
2105 5492 2343 5556 Ἐτάζων
2366 5495 2589 5563 καρδίας
2610 5495 2704 5548 καὶ
2733 5497 2963 5567 νεφροὺς
2987 5500 3015 5552 ὁ
3037 5498 3201 5564 Θεόςο
3222 5521 3241 5553 ι
3280 5501 3423 5558 ὥστε
3450 5506 3484 5576 ἢ
3522 5507 3641 5579 ἀμ-

2050 5582 2316 5652 φοτέροις,
2351 5584 2383 5654 ἢ
2411 5584 2674 5656 οὐδετέρῳ
2711 5587 2772 5639 τὸ
2813 5588 2995 5658 νοερὸν
3022 5591 3455 5659 κατακλείουσιν.
3493 5597 3639 5666 ’Δμ-

2048 5671 2333 5728 6λύνεσθαι
2354 5675 2410 5728 δὲ
2439 5675 2536 5740 τὰς
2558 5678 2813 5748 νοητικᾶς
2836 5680 3134 5751 ἐνεργείας,
3160 5684 3192 5754 ἢ
3216 5685 3320 5756 καὶ,
3338 5687 3651 5744 παντάπασι

2050 5779 2134 5819 σιν
2166 5762 2466 5834 ἀπρακτεῖν
2506 5768 2562 5823 ἐν
2608 5769 2674 5840 τῇ
2706 5770 2834 5841 ποιᾷ
2864 5768 3098 5827 διαθέσει
3135 5773 3228 5829 τοῦ
3269 5776 3518 5848 σώματος
3549 5780 3635 5853 διε
