3886 6214
189 309 288 363 “Si

1470 301 1555 357 DE
1587 300 1801 358 HOMIN
1810 301 1872 356 IS
1915 299 2227 356 OPIFICIO.

3363 303 3469 360 162

184 426 433 490 δαχθεὶς,
474 426 574 496 οὐχ
619 424 802 478 ἱκανὸν
836 421 1092 494 ποιοῦμαι
1139 422 1297 476 τοῦτο
1335 425 1654 494 τεκμήριον,
1697 421 1790 475 τοῦ

1900 438 1919 472 ι
1962 419 2108 474 Deus
2129 417 2298 473 corda
2326 425 2374 472 ο·
2417 431 2578 470 renes
2602 416 2847 486 explorat
2861 415 3276 471 ".ildcircmcl
3294 416 3346 470 in
3370 417 3470 469 ho-

184 521 343 590 τόπῳ
373 519 484 573 τινὶ
505 521 604 588 τὴν
631 518 862 589 δύναμιν
887 517 981 571 τοῦ
1002 517 1096 572 νοῦ
1121 517 1554 589 περιείργεσθαι,
1577 517 1652 579 ὡς
1670 519 1791 580 ταῖς

189 609 605 680 ὲπιγινομέναις
647 610 761 670 τοῖς
813 607 1004 678 μέρεσι
1057 607 1389 677 φλεγμοναῖς
1439 607 1536 677 τῆς
1584 606 1791 668 οἰκείας

189 702 536 773 εὐρυχωρίας
583 699 988 771 ὲξειργομένης.
1042 697 1338 769 Σωματικὴ
1365 697 1471 768 γὰρ
1499 700 1530 767 ὴ
1565 696 1786 768 τοιαύτη

187 792 341 856 δόξα,
383 792 443 844 τὸ
478 791 552 861 μὴ
580 789 838 843 δύνασθαι
871 789 1416 860 προκατειλημμένου
1442 790 1534 841 τοῦ
1563 788 1787 856 ἀγγείου

188 884 281 936 διά
305 900 452 945 τινος
467 886 578 934 τῶν
599 881 839 952 ὲμδεὸλη
849 882 1045 951 μένων,
1065 881 1148 933 ἒτε
1158 883 1250 952 ρόν
1266 898 1318 933 τι
1346 884 1404 934 ὲν
1423 880 1572 950 αὑτῴ
1601 879 1787 951 χώραν

190 975 398 1044 εὑρεῖν.
437 974 502 1025 Ἡ
527 973 636 1044 γὰρ
671 971 834 1042 νοητὴ
869 970 1030 1039 φύσις
1062 970 1186 1024 οὔτε
1217 974 1337 1035 ταῖς
1365 971 1658 1024 κενώσεσιν
1687 973 1787 1042 ὲμ-

191 1064 495 1134 φιλοχωρεῖ
522 1064 631 1116 τῶν
662 1064 960 1133 σωμάτων,
1008 1062 1132 1116 οὔτε
1171 1063 1249 1133 τῷ
1295 1064 1641 1127 πλεονάζοντι
1686 1065 1785 1133 τῆς

192 1157 400 1227 σαρκὸς
425 1155 728 1219 ἐξωθεῖται.
793 1154 933 1207 Ἀλλ’
964 1154 1148 1224 ἐπειδὴ
1174 1155 1422 1227 καθάπερ
1447 1174 1499 1208 τι
1531 1157 1785 1226 μουσικὸν

189 1247 426 1318 ὄργανον
464 1247 610 1300 ἅπαν
639 1247 701 1298 τὸ
734 1246 891 1316 σῶμα
925 1245 1403 1316 δεδημιούργηται,
1435 1247 1626 1316 ὥσπερ
1651 1264 1786 1316 συμ-

189 1339 368 1391 ϐαίνει
393 1337 652 1400 πολλάκις
691 1337 917 1389 ἐπὶτῶν
955 1337 1214 1408 μελῳδεῖν
1251 1338 1351 1407 μὲν
1384 1338 1782 1407 ἐπισταμένων,

189 1431 598 1485 άδυνατούντων
656 1430 713 1482 δὲ
767 1429 937 1495 δεῖξαι
990 1431 1088 1501 τὴν
1140 1433 1485 1500 ἐπιστήμην,
1539 1431 1638 1501 τῆς
1677 1432 1784 1484 τῶν

187 1524 441 1594 ὀργάνων
492 1522 794 1593 ἀχρηστίας
838 1524 898 1574 οὑ
950 1523 1396 1595 παραδεχομένης
1441 1525 1540 1594 τὴν
1589 1524 1784 1594 τέχνην

189 1615 284 1684 (τὸ
340 1615 456 1685 γάρ
501 1615 533 1684 ἦ
584 1614 760 1685 χρόνῳ
805 1614 1049 1686 φθαρὲν,
1111 1616 1143 1686 ἢ
1212 1616 1666 1688 παρερρηγμένον
1719 1618 1784 1669 ὲκ

187 1705 623 1769 καταπτώσεως,
656 1705 689 1775 ἢ
731 1707 835 1758 ὑπό
881 1723 1027 1769 τινος
1067 1706 1144 1759 ἰοῦ
1169 1707 1262 1758 καὶ
1293 1707 1529 1776 εὐρῶτος
1553 1710 1784 1777 ὴχρειω-

1892 524 2012 562 rum
2047 517 2359 576 utrumque,
2391 507 2476 560 vel
2509 514 2763 560 neutrum
2814 505 2950 558 adeo
2992 511 3049 556 ut
3083 504 3468 572 intelligentem

1894 601 2062 655 animi
2114 600 2222 652 vim
2250 597 2534 652 includant
2565 612 2793 653 necesse
2822 605 2926 653 est.
2949 595 3217 650 Caeterum
3251 597 3470 650 etiamsi

1891 692 2119 747 edoceat
2141 689 2430 744 facultates
2461 689 2833 759 intelligentia:
2864 688 3192 757 quibusdam
3229 690 3282 742 in
3307 687 3470 742 aﬁ‘ec-

1895 783 2138 838 tionibus
2163 783 2414 852 corporis
2446 782 2610 852 quasi
2640 780 2906 845 hebetari,
2927 781 3015 836 vei
3049 781 3210 834 etiam
3236 795 3469 850 prorsus

1885 877 2072 947 jacere
2099 897 2110 930 :
2147 889 2254 927 non
2288 883 2467 928 tamen
2513 873 2645 927 satis
2675 873 2930 926 idoneum
2959 879 3338 940 argumentum
3368 872 3472 925 hoc

1889 986 2012 1026 esse
2037 979 2240 1033 statuo,
2275 984 2385 1038 quo
2419 968 2700 1036 probetur,
2752 967 2873 1020 loco
2926 973 3078 1020 certo
3122 965 3231 1018 vim
3264 965 3466 1019 mentis

1891 1064 1966 1116 ita
1999 1061 2404 1125 circumscribi,
2423 1069 2481 1114 ut
2498 1059 2805 1114 tumoribus
2825 1059 3066 1112 membra
3090 1059 3179 1112 illa
3197 1073 3472 1127 occupan-

1891 1156 2061 1217 tibus,
2100 1155 2164 1208 de
2187 1169 2288 1208 suo
2328 1155 2446 1221 ipsa
2481 1151 2638 1222 quasi
2677 1150 2854 1219 spatio
2887 1151 3135 1204 excedat.
3195 1148 3292 1203 Est
3326 1149 3469 1202 enim

1887 1247 2204 1316 hujusmodi
2225 1247 2471 1316 quaadam
2492 1245 2751 1314 cogitatio
2770 1243 3052 1313 corporeis
3074 1242 3237 1296 rebus
3259 1255 3472 1295 accom-

1887 1343 2130 1404 modata,
2188 1355 2319 1394 vase
2357 1339 2524 1393 rebus
2565 1339 2776 1410 injectis
2793 1339 3013 1407 repleto,
3059 1349 3166 1389 non
3220 1349 3378 1403 posse
3417 1333 3472 1386 in

1886 1433 2078 1488 eodem
2119 1433 2242 1487 aliis
2274 1432 2453 1486 locum
2487 1445 2628 1486 esse.
2657 1428 2880 1499 Quippe
2913 1437 3109 1482 natura
3147 1429 3265 1482 solo
3291 1427 3475 1480 animo

1889 1521 2374 1592 compreliensilis,
2409 1528 2475 1574 ut
2509 1520 2564 1573 in
2600 1530 2780 1588 partes
2809 1517 3058 1588 corporis
3115 1531 3319 1571 vacuas
3365 1531 3474 1570 non

1885 1617 2185 1688 immigrat,
2225 1618 2306 1672 sic
2343 1625 2398 1672 et
2458 1631 2488 1669 a
2539 1631 2706 1668 carne
2747 1614 2904 1683 quasi
2970 1611 3312 1667 redundante
3365 1627 3476 1666 non

1886 1709 2199 1779 expellitur.
2237 1707 2332 1763 Est
2367 1707 2594 1761 omnino
2619 1715 2797 1759 totum
2824 1720 3028 1774 corpus
3057 1705 3358 1759 humanum
3392 1704 3478 1756 in-

189 1798 389 1866 μένον,
440 1797 714 1865 ἄφθογγον
755 1798 901 1866 μένει
949 1797 1044 1850 καὶ
1074 1799 1469 1868 ἀνενέργητον,
1523 1799 1628 1851 κᾶν
1678 1797 1785 1852 ὑπὸ

1894 1810 2006 1856 star
2037 1801 2234 1856 musici
2269 1800 2617 1856 instrumenti
2672 1799 3023 1854 fabricatum.
3076 1797 3232 1851 Solet
3290 1805 3474 1850 autem

159 1887 281 1960 ιτοῦ
324 1889 580 1959 προέχειν
618 1887 900 1952 δοκοῦντος
952 1888 1096 1942 κατά
1133 1889 1231 1961 τὴν
1265 1890 1560 1960 αὐλητικὴν
1588 1892 1784 1961 τέχνην

154 1976 557 2061 ξὲμπνέηταιγ
599 1982 744 2034 οὕτω
792 1982 886 2035 καὶ
929 1984 958 2035 ό
987 1981 1112 2044 νοῦς
1157 1983 1224 2034 δι’
1253 1981 1374 2035 ὅλου
1421 1981 1514 2034 τοῦ
1549 1982 1783 2052 ὀργάνου

187 2073 416 2144 διήκων,
468 2077 564 2128 καὶ
605 2074 955 2144 καταλλήλως
993 2077 1115 2137 ταῖς
1157 2077 1433 2143 νοητικαῖς
1463 2075 1784 2144 ἐνεργείαις,

159 2163 330 2229 ικαθὺ
375 2165 646 2231 πέφυκεν,
679 2163 894 2233 ἑκάστῳ
941 2162 1052 2214 τῶν
1097 2164 1280 2232 μερῶν
1316 2164 1783 2233 προσαπτόμενος,

190 2256 283 2306 ἐπὶ
319 2255 420 2325 μὲν
446 2255 558 2308 τῶν
592 2255 735 2308 κατά
770 2256 930 2323 φύσιν
976 2255 1334 2324 διακειμένων
1385 2255 1443 2307 τὸ
1472 2257 1667 2308 οἰκεῖον
1699 2258 1785 2306 ἐν·

193 2349 460 2418 ήργησεν,
492 2348 582 2400 ἐπὶ
610 2347 667 2399 δὲ
689 2347 795 2399 τῶν
816 2346 1186 2399 ἀσθενούντων
1215 2345 1469 2411 δέξασθαι
1492 2347 1589 2415 τὴν
1608 2363 1786 2415 τεχνι-

193 2441 295 2509 κὴν
347 2438 515 2491 αὑτοῦ
562 2437 796 2505 κίνησιν,
855 2437 1136 2506 ἄπρακτός
1184 2453 1243 2488 τε
1287 2436 1382 2489 καὶ
1425 2437 1786 2508 ἀνενέργητος

190 2529 399 2598 ἔμεινε.
452 2527 672 2595 Πέφυκε
707 2529 816 2597 γάρ
861 2544 977 2587 πως
1011 2527 1040 2578 ό
1072 2526 1194 2589 νοῦς
1230 2526 1366 2597 πρὸς
1414 2526 1512 2596 μὲν
1541 2526 1601 2578 τὸ
1644 2527 1785 2579 κατά

191 2618 356 2687 φύσιν
381 2618 727 2686 διακείμενον
759 2618 976 2680 οἰκείως
1006 2617 1170 2687 ἔχειν,
1201 2617 1340 2688 πρὸς
1372 2617 1429 2670 δὲ
1465 2619 1526 2672 τὸ
1557 2635 1786 2691 παρενε-

188 2710 318 2781 χθὲν
349 2711 459 2763 ἀπὸ
480 2709 706 2778 ταύτης,
736 2709 1166 2779 ἀλλοτριοῦσθαι.

1887 1908 2284 1961 nonnunquam
2309 1892 2630 1954 usuvenire,
2662 1900 2720 1944 ut
2760 1891 2990 1944 canendi
3025 1887 3244 1960 quidem
3277 1887 3478 1958 aliquis

1887 1987 2099 2054 peritus
2146 1984 2240 2044 sit.
2280 1999 2470 2038 verum
2511 1983 2647 2038 artis
2681 1997 2794 2036 sua;
2831 1981 3216 2036 instrumentis
3270 1980 3478 2035 vitiatis

1889 2077 2279 2132 documentum
2339 2077 2596 2130 idoneum
2659 2075 2822 2129 edere
2883 2082 3140 2144 nequeat.
3197 2073 3270 2125 Ea
3330 2073 3479 2126 enim

1890 2167 2035 2222 forte
2063 2169 2145 2222 vel
2178 2183 2207 2221 a
2241 2177 2486 2237 tempore
2533 2167 2744 2232 vitiata,
2783 2167 2866 2221 vel
2920 2165 3201 2220 confracta
3241 2181 3335 2233 per
3368 2165 3482 2217 rui-

1891 2276 2045 2322 nam,
2081 2260 2166 2314 vel
2199 2274 2227 2312 a
2260 2259 2514 2327 rubigine
2569 2274 2632 2312 ac
2695 2259 2802 2312 situ
2857 2257 3037 2326 inepta
3075 2255 3307 2315 reddita,
3343 2270 3480 2310 sono

1890 2358 2102 2414 carent,
2136 2350 2460 2418 nullumque
2486 2348 2552 2401 ad
2590 2363 2748 2400 usum
2803 2346 3000 2400 idonea
3060 2353 3209 2406 sunt,
3266 2345 3480 2398 etiamsi

1890 2443 1976 2495 vel
2019 2441 2088 2495 ab
2122 2442 2325 2496 eximio
2367 2441 2595 2495 tibicine
2628 2438 2908 2494 inﬂentur.
2947 2437 3045 2491 Sic
3089 2454 3146 2494 se
3181 2453 3334 2492 mens
3384 2452 3482 2506 per

1892 2533 2212 2588 universum
2255 2547 2522 2604 organum
2559 2548 2717 2587 suum
2755 2532 2980 2598 didens,
3009 2540 3063 2587 et
3095 2531 3371 2601 applicans
3419 2546 3480 2587 se

1887 2623 2104 2676 ratione
2126 2630 2493 2677 consentanea
2526 2622 2790 2675 membris
2818 2621 3048 2692 singulis
3070 2637 3164 2690 per
3191 2621 3481 2675 facultates

1892 2722 2101 2767 natura:
2166 2729 2278 2767 sna:
2320 2714 2707 2768 convenientes
2739 2715 2791 2766 in
2841 2713 2908 2768 iis
2948 2728 3068 2782 qua:
3101 2720 3248 2766 recte
3282 2711 3482 2766 habent

188 2805 500 2858 secundum
542 2816 816 2869 naturam,
849 2807 954 2858 vim
995 2821 1153 2859 suam
1184 2814 1448 2871 exercet;
1504 2807 1556 2860 in
1599 2811 1812 2863 caeteris
1864 2825 1985 2878 quae
2020 2809 2382 2864 artiﬁciosum
2435 2808 2609 2878 ipsius
2654 2815 2861 2861 motum
2918 2821 3016 2875 per
3058 2805 3482 2860 imbecillitatem

187 2913 392 2966 capere
432 2905 732 2966 nequeunt,
757 2897 902 2965 jacet
941 2907 1104 2966 atque
1149 2899 1323 2952 otiosa
1372 2907 1476 2952 est.
1527 2898 1626 2953 Est
1667 2903 1811 2954 enim
1871 2901 1977 2956 hoc
2020 2901 2188 2955 menti
2250 2901 2544 2970 peculiare,
2589 2909 2649 2954 ut
2685 2901 2739 2953 in
2788 2899 3048 2954 membris
3099 2906 3293 2952 natura
3345 2897 3484 2951 bene

188 2989 406 3043 atl'ectis
429 2987 802 3043 eiiicacitatem
840 3004 995 3042 suam
1039 2988 1317 3045 obtineat:
1346 3005 1407 3044 ea
1438 3006 1564 3044 vero
1596 3007 1717 3061 qua:
1744 2993 2035 3062 depravata
2062 3000 2210 3055 sunt,
2246 2999 2549 3045 aversetur.

266 3081 379 3135 Καί
409 3098 503 3150 μοι
527 3079 677 3132 δοκεῖ
707 3077 1078 3150 φυσικώτερον
1111 3075 1251 3134 εἷναί
1293 3100 1345 3134 τι
1381 3083 1522 3135 κατὰ
1544 3083 1603 3136 τὸ
1634 3083 1791 3154 μέρος

1973 3087 2052 3138 Ac
2113 3083 2246 3138 mihi
2299 3083 2521 3152 quidem
2581 3081 2797 3136 videtur
2856 3097 3016 3152 posse
3063 3081 3166 3134 hac
3227 3081 3281 3133 in
3331 3089 3485 3149 parte

188 3173 354 3226 τοῦτο
370 3172 656 3243 θεώρημα,
683 3171 748 3224 δι’
771 3167 831 3226 οὗ
860 3172 1050 3242 μαθεῖν
1080 3172 1194 3226 ἔστι
1215 3191 1268 3226 τι
1295 3175 1404 3227 τῶν
1433 3176 1790 3246 ἀστειοτέρων

186 3265 503 3334 δογμάτων.
523 3263 738 3334 Ἐπειδὴ
778 3265 884 3335 γὰρ
923 3264 984 3316 τὸ
1017 3265 1300 3318 κάλλιστον
1343 3268 1560 3320 πάντων
1591 3269 1682 3320 καὶ
1707 3267 1793 3334 ἐξ·

188 3356 470 3425 οχώτατον
494 3355 698 3423 ἀγαθὸν
719 3355 848 3407 αὑτὸ
879 3355 941 3408 τὸ
976 3355 1132 3407 Θεῖόν
1156 3357 1293 3416 ἐστι,
1308 3356 1443 3427 πρὸς
1467 3357 1495 3408 ὃ
1519 3358 1694 3410 πάντα
1714 3357 1794 3409 νέ-

191 3462 412 3507 νευκεν,
439 3447 542 3497 ὅσα
566 3444 661 3496 τοῦ
686 3443 850 3496 καλοῦ
879 3445 978 3514 τὴν
1005 3444 1188 3512 ἔφεσιν
1219 3444 1352 3513 ἔχει,
1381 3444 1468 3496 διὰ
1502 3444 1659 3497 τοῦτό
1687 3463 1791 3513 φα-

195 3555 298 3608 μεν
325 3536 541 3589 καὶτὸν
568 3535 716 3598 νοῦν,
739 3535 832 3588 ἆτε
869 3537 987 3587 κατ’
1028 3535 1212 3586 εἰκόνα
1247 3534 1342 3587 τοῦ
1382 3535 1665 3588 καλλίστου
1698 3553 1792 3602 γεω

191 3631 446 3700 νόμενον,
473 3629 579 3691 ἕως
609 3628 676 3680 ἂν
701 3627 902 3700 μετέχῃ
919 3627 1020 3695 τῆς
1043 3627 1177 3698 πρὸς
1200 3627 1260 3679 τὸ
1281 3627 1588 3698 ἀρχέτυπον
1615 3628 1797 3698 ὁμοιό-

189 3737 383 3791 τητος,
416 3719 648 3771 καθόσον
671 3718 965 3788 ἐνδέχεται.
997 3720 1092 3770 καὶ
1125 3718 1289 3771 αὑτὸν
1322 3720 1378 3770 ὲν
1401 3718 1478 3789 τῷ
1511 3718 1662 3788 καλῷ
1680 3719 1795 3772 δια-

196 3813 407 3884 μένειν,
433 3813 482 3863 εί
509 3811 567 3863 δέ
599 3828 716 3874 πως
740 3808 843 3874 ἔξω
863 3810 1074 3878 γένοιτο
1095 3811 1310 3871 τούτου,
1329 3810 1668 3880 γυμνοῦσθαι
1701 3811 1792 3864 τοῦ

194 3903 428 3964 κάλλους
459 3904 518 3954 ἐν
543 3895 587 3968 ᾧ
611 3898 698 3970 ἦν.
725 3902 932 3972 Ὠσπερ
971 3901 1028 3952 δὲ
1062 3902 1268 3969 ἔφαμεν
1307 3903 1372 3971 τῇ
1413 3900 1666 3970 ὁμοιώσει
1699 3899 1792 3954 τοῦ

195 3995 564 4066 πρωτοτύπου
599 3994 828 4056 κάλλους
871 3995 1334 4063 κατακοσμεῖσθαι
1377 3993 1467 4046 τὸν
1501 3993 1648 4057 νοῦν,
1682 3989 1793 4046 οἶόν

196 4106 253 4141 τι
288 4088 602 4157 κάτοπτρον
639 4084 718 4156 τῷ
749 4086 1059 4157 χαρακτῆρι
1099 4085 1193 4139 τοῦ
1231 4086 1634 4156 ὲμφαινομένου
1663 4103 1794 4156 μορ-

198 4181 496 4251 φούμενον⁹
527 4178 669 4231 κατά
698 4179 795 4249 τὴν
823 4177 991 4249 αὑτὴν
1023 4177 1334 4245 ἀναλογίαν,
1360 4179 1453 4230 καὶ
1478 4179 1575 4249 τὴν
1597 4181 1797 4231 οἰκονο-

202 4291 305 4344 μου
315 4273 484 4342 μένην
509 4273 601 4323 ὑπ’
628 4270 792 4324 αὑτοῦ
811 4269 971 4338 φύσιν
990 4269 1206 4340 ἔχεσθαι
1227 4269 1320 4322 τοῦ
1338 4269 1429 4322 νοῦ
1447 4269 1793 4338 λογιζόμεθα,

199 4363 299 4418 καὶ
313 4361 396 4432 τῷ
417 4361 805 4433 παρακειμένῳ
827 4360 1012 4414 κάλλει
1033 4360 1126 4413 καὶ
1143 4361 1310 4431 αὑτὴν
1333 4355 1795 4430 κοσμεῖσθαι,οἷόν

197 4475 254 4511 τι
279 4457 584 4524 κατόπτρου
609 4453 913 4524 κάτοπτρον
935 4453 1245 4524 γινομένηνο
1269 4453 1586 4524 κρατεῖσθαι
1607 4452 1661 4506 δὲ
1689 4453 1794 4506 ὑπὸ
1828 4437 1870 4492 D

200 4545 411 4615 ταύτης
441 4545 535 4597 καὶ
551 4543 869 4614 συνέχεσθαι
890 4543 950 4596 τὸ
964 4544 1148 4597 ὑλικὸν
1161 4543 1260 4614 τῆς
1285 4543 1649 4608 ὑποστάσεως,
1670 4545 1798 4616 περ).

199 4638 270 4708 ῆν
297 4638 584 4708 θεωρεῖται
604 4637 638 4706 ή
667 4636 850 4704 φύσις.
889 4637 1032 4700 Ἕως
1065 4635 1133 4689 ἂν
1160 4633 1254 4690 οὖν
1272 4636 1463 4707 ἔχηται
1488 4637 1582 4689 τοῦ
1612 4637 1794 4708 ἑτέρου

200 4729 266 4781 τὸ
283 4730 371 4781 ἒτε
382 4745 493 4799 ρον,
518 4728 606 4781 διὰ
638 4729 855 4781 πάντων
888 4728 1166 4796 ἀναλόγως
1191 4730 1224 4800 ὴ
1248 4728 1342 4781 τοῦ
1372 4729 1539 4791 ὅντως
1567 4728 1798 4792 κάλλους

203 4819 466 4874 κοινωνία
495 4819 740 4886 διέξεισι,
782 4819 869 4872 διὰ
899 4819 994 4873 τοῦ
1019 4821 1416 4892 ὑπερκειμένου
1449 4821 1508 4873 τὸ
1534 4820 1798 4890 προσεχὲς

204 4909 645 4974 καλλωπίζουσα.
695 4910 943 4964 Ἐπειδὰν
982 4911 1037 4964 δέ
1070 4929 1154 4974 τις
1185 4913 1408 4982 γένηται
1447 4912 1548 4982 τῆς
1592 4911 1800 4981 ἀγαθῆς

203 5004 413 5074 ταύτης
434 5005 712 5074 συμφυΐας
727 5004 1091 5075 διασπασμὸς,
1121 5006 1154 5076 ἢ
1181 5006 1274 5059 καὶ
1297 5006 1432 5077 πρὸς
1453 5006 1512 5058 τὸ
1541 5005 1798 5075 ἔμπαλιν,

206 5095 579 5166 ἀντακολουθῇ
610 5094 688 5167 τῷ
705 5095 1071 5166 ὑποδεδηκότι
1098 5097 1160 5150 τὸ
1177 5097 1459 5170 ὑπερέχονο
1488 5098 1610 5149 τότε
1634 5095 1802 5164 αὑτῆς

205 5202 266 5238 τε
293 5185 398 5253 τῆς
427 5183 581 5253 ὑλης,
613 5185 742 5238 ὅταν
782 5185 999 5257 μονωθῇ
1035 5189 1135 5257 τῆς
1177 5186 1420 5254 φύσεως,
1451 5185 1703 5257 διηνέχθη
1743 5186 1804 5238 τὸ

208 5278 460 5346 ἄσχημον
510 5274 792 5346 (ἄμορφον
827 5276 938 5347 γάρ
989 5293 1043 5329 τι
1084 5276 1208 5330 καθ’
1245 5276 1443 5349 ἑαυτὴν
1484 5279 1518 5347 ἡ
1567 5275 1669 5345 ὑλη
1705 5275 1800 5329 καὶ

209 5367 618 5434 ἀκατάσκευον)
646 5366 738 5419 καὶ
758 5369 824 5437 τῇ
853 5367 1100 5439 ἀμορφία
1123 5369 1326 5438 ταύτης
1353 5369 1714 5440 συνδιεφθάρη
1741 5369 1802 5422 τὸ

211 5455 412 5518 κάλλος
457 5455 554 5524 τῆς
599 5454 836 5523 φύσεως,
890 5457 924 5526 ἢ
974 5455 1062 5510 διά
1100 5457 1194 5510 τοῦ
1233 5457 1324 5512 νοῦ
1377 5458 1798 5524 καλλωπίζεται.

213 5546 323 5597 Καὶ
356 5544 530 5607 οὑτως
581 5544 669 5597 ἐπ’
704 5545 864 5599 αὑτὸν
906 5546 998 5601 τὸν
1049 5547 1174 5602 νοῦν
1214 5547 1308 5602 τοῦ
1359 5548 1499 5604 κατὰ
1541 5549 1640 5620 τὴν
1667 5549 1802 5621 ὓλην

283 5721 330 5751 ⁸³
364 5719 513 5775 Psal.
543 5736 642 5789 vn,
682 5721 768 5776 ιθ.

1901 3173 2164 3242 quiddam
2201 3173 2542 3226 considerari
2577 3186 2606 3224 a
2641 3171 2800 3226 nobis
2841 3188 2906 3226 ex
2945 3171 3123 3224 media
3163 3185 3343 3232 rerum
3385 3185 3485 3224 na-

1900 3266 2158 3318 turalium
2205 3265 2538 3318 tractatione
2589 3265 2962 3334 desumptum,
3021 3267 3087 3318 de
3126 3278 3236 3333 quo
3275 3261 3482 3332 percipi

1897 3354 2147 3408 doctrina
2199 3355 2421 3424 elegans
2475 3355 2672 3424 possit.
2715 3353 2850 3408 Nam
2897 3369 3019 3407 cum
3068 3353 3311 3407 omnium
3359 3353 3483 3422 pul-

1895 3446 2227 3500 cherrimum
2285 3460 2349 3499 ac
2401 3446 2915 3515 praestantissimum
2960 3446 3161 3498 bonum
3219 3444 3290 3498 sit
3337 3442 3484 3499 Deus

1894 3538 2032 3608 ipse,
2078 3541 2142 3590 ad
2191 3553 2355 3606 quem
2391 3537 2574 3590 omnia
2609 3537 2935 3606 respiciunt,
2976 3551 3318 3606 qurecunque
3347 3535 3476 3590 boni

1894 3630 2170 3684 desiderio
2216 3638 2539 3699 tanguntur,
2589 3630 2794 3683 idcirco
2827 3637 2883 3683 et
2933 3637 3172 3683 mentem
3221 3627 3480 3693 dicimus,

1894 3721 2096 3776 iactam
2134 3720 2201 3774 ad
2241 3721 2369 3775 boni
2401 3720 2758 3791 pulcherrimi
2787 3721 3101 3790 imaginem,
3133 3720 3374 3790 quandiu
3407 3721 3485 3775 si-

1893 3813 2226 3868 militudinis
2277 3813 2572 3884 archetypo
2612 3811 2999 3882 respondentis
3045 3812 3320 3882 particeps
3373 3820 3482 3876 est,

1896 3905 2074 3975 quoad
2106 3906 2228 3973 ejus
2257 3905 2373 3960 ﬁeri
2406 3913 2612 3975 potest,
2656 3905 2797 3960 haud
2833 3906 2999 3960 dubie
3045 3906 3172 3959 boni
3214 3914 3484 3976 prmstan-

1898 3997 2028 4051 tiam
2055 3998 2195 4052 tueri
2215 4012 2278 4050 ac
2309 4011 2664 4051 conservare.
2693 3997 2951 4052 Eamdem
2979 4007 3196 4063 contra,
3229 3998 3275 4053 si
3300 3999 3482 4069 aliquo

1897 4097 2058 4159 pacto
2092 4103 2120 4142 a
2163 4088 2408 4158 principe
2437 4089 2583 4143 bono
2619 4090 2912 4151 exorbitet,
2962 4097 3077 4142 tota
3121 4089 3211 4143 illa
3238 4091 3484 4160 pulchri-

1894 4183 2108 4242 tudine,
2152 4197 2259 4249 qua
2291 4190 2413 4235 erat
2455 4191 2668 4244 ornata,
2705 4181 2954 4250 spoliari.
3008 4180 3177 4234 Porro
3219 4182 3484 4251 quemad-

1896 4272 2118 4324 modum
2145 4271 2444 4324 indicatum
2467 4283 2550 4324 est
2568 4271 2929 4326 similitudine
2953 4273 3222 4342 principis
3249 4273 3486 4342 pulchri-

1899 4361 2110 4414 tudinis
2169 4367 2420 4412 ornatam
2485 4375 2608 4414 esse
2670 4367 2927 4422 mentem,
2988 4359 3212 4428 perinde
3257 4376 3319 4415 ac
3359 4376 3485 4431 spe-

1899 4453 2086 4505 culum
2127 4452 2297 4520 ﬁgura
2335 4451 2490 4506 faciei
2527 4467 2593 4504 ex
2644 4451 2763 4520 ipso
2815 4451 3113 4505 relucentis
3150 4452 3480 4521 insignitur:

1899 4541 2091 4596 eadem
2146 4542 2361 4595 ratione
2413 4550 2466 4595 et
2512 4549 2786 4604 naturam,
2849 4556 2971 4610 qua:
3016 4556 3046 4594 a
3088 4549 3268 4596 mente
3310 4542 3482 4596 admi-

1899 4635 2190 4700 nistratur,
2234 4649 2362 4704 erga
2411 4634 2656 4688 eamdem
2703 4634 2950 4688 allectam
3001 4648 3124 4689 esse
3171 4635 3480 4699 statuimus,

1901 4733 1960 4780 ut
2000 4726 2210 4781 scilicet
2241 4734 2295 4780 et
2326 4726 2497 4794 ipsam
2533 4726 2718 4778 ornari
2749 4727 3052 4794 propinqua
3079 4727 3484 4795 pulchritudine

1900 4816 2173 4879 dicamus,
2205 4823 2259 4871 et
2292 4817 2448 4884 quasi
2489 4815 2696 4884 speculi
2747 4816 3031 4884 speculum
3071 4831 3215 4870 esse.
3266 4813 3486 4870 Naturae

1901 4922 2067 4977 porro
2100 4907 2426 4963 crassiorem
2463 4907 2619 4976 quasi
2659 4907 2941 4962 materiem
2980 4909 3151 4962 nostri
3185 4907 3482 4971 cohaerere,

1901 4999 1988 5052 cui
2024 4999 2139 5068 ipsa
2179 5009 2372 5052 natura
2422 5000 2581 5052 inest.
2616 4999 2784 5068 Igitur
2813 4999 3054 5068 quandiu
3107 4999 3220 5053 haec
3259 4999 3398 5053 inter
3424 5015 3484 5054 se

1901 5098 2027 5158 apte
2070 5103 2320 5144 connexa
2373 5098 2523 5150 sunt,
2577 5089 2742 5142 etiam
2795 5089 3084 5144 verissima
3130 5089 3484 5157 pulchritudo

1900 5182 2262 5236 conveniente
2307 5170 2542 5250 quadam
2595 5181 2808 5234 ratione
2855 5195 2981 5234 cum
3032 5180 3290 5235 omnibus
3328 5195 3483 5234 com-

1905 5275 2261 5329 municatur:
2301 5286 2519 5342 semper
2562 5287 2649 5333 eo,
2693 5269 2841 5341 quod
2892 5272 3013 5327 loco
3052 5281 3136 5326 est
3179 5272 3484 5341 superiore,

1906 5366 2220 5437 proximum
2253 5363 2356 5420 sibi
2381 5373 2699 5417 exornanle.
2740 5360 2838 5417 Ubi
2862 5378 2988 5416 vero
3013 5363 3287 5432 praeclarae
3324 5363 3486 5432 hujus

1909 5456 2316 5528 conjunctionis
2333 5463 2418 5511 est
2441 5455 2580 5509 facta
2602 5453 2872 5520 divulsio;
2897 5457 2981 5509 vel
3005 5463 3216 5520 contra,
3232 5455 3377 5527 quod
3401 5461 3485 5509 est

1911 5546 2260 5620 praestantius
2303 5544 2496 5602 ordine
2526 5545 2743 5602 inverso
2771 5545 3020 5615 sequitur
3063 5544 3327 5602 inferius:
3368 5555 3481 5603 tum
