3886 6214
413 277 522 337 163

1656 273 1717 336 S.
1759 271 2090 336 GREGOMI
2123 279 2411 337 NYSSENI

3587 268 3688 339 un

409 395 626 454 scalicet
655 393 896 452 rudioris
939 396 995 450 in
1047 395 1271 450 homine
1303 395 1550 452 materiei
1597 411 1627 450 a
1659 405 1856 452 natura
1904 399 1999 454 de-

2106 398 2328 469 αῖσχους
2364 399 2454 451 διά
2489 398 2600 469 ’τῆς
2630 397 2844 468 φύσεως
2881 400 2914 470 ἡ
2945 399 3178 463 διάδοσις
3207 394 3437 467 γίνεται,
3470 399 3548 462 ὡς
3584 417 3690 470 μη-

409 494 576 542 serta:
606 487 890 557 turpitudo
924 487 1158 557 insignis
1193 495 1440 559 apparet.
1473 487 1611 544 Nam
1649 489 1767 559 ipsa
1806 505 1903 560 per
1938 507 2000 545 se

411 580 672 636 materies
703 579 962 651 quiddam
995 587 1087 636 est
1107 580 1356 637 deforme
1381 587 1439 636 et
1462 581 1862 652 imperfectum.
1891 580 1996 635 De-

412 668 741 725 formitatem
765 685 897 724 vero
917 669 1190 736 materiei,
1222 669 1654 741 pulchritudinis
1688 671 1852 726 etiam
1877 671 1998 741 ejus

410 777 534 834 qua
563 762 617 834 in
669 769 867 818 natura
913 771 1022 827 est,
1077 776 1111 817 a
1164 770 1344 817 mente
1402 761 1683 832 profectae,
1743 762 1998 818 interitus

411 853 790 924 consequitur.
823 853 917 908 Sic
949 854 1086 910 adeo
1119 855 1368 909 materiei
1398 854 1686 926 turpitudo
1718 869 1817 924 per
1841 864 1999 910 natus

411 961 530 1002 ram
565 945 635 1001 ad
664 957 900 1002 mentem
945 948 1123 1018 ipsam
1155 946 1450 1015 redundat,
1499 955 1560 1002 ut
1608 957 1716 1004 non
1737 947 1851 1018 jam
1883 962 2000 1002 am-

412 1038 558 1108 plius
602 1037 659 1092 in
689 1037 862 1094 creati
915 1037 1091 1110 figura
1138 1039 1323 1110 imago
1377 1039 1471 1094 Dei
1519 1047 1800 1110 appareat.
1844 1037 1998 1094 Mens

411 1130 559 1185 enim
589 1130 860 1185 bonorum
891 1130 1067 1186 ideam
1108 1139 1367 1201 tanquam
1409 1133 1694 1203 speculum
1729 1136 1852 1200 pust
1889 1142 2000 1185 ter-

411 1235 540 1292 gum
581 1221 888 1282 collocaris.
930 1221 1164 1275 eximios
1199 1220 1327 1275 boni
1374 1219 1778 1292 resplendentis
1817 1221 1999 1275 radios

411 1313 616 1383 reiicit,
651 1327 716 1367 ac
747 1314 994 1369 materiei
1025 1312 1435 1368 deformitatem
1467 1313 1523 1368 in
1558 1327 1682 1369 sese
1707 1314 1996 1368 transfert.

411 1403 529 1461 Hoc
554 1406 811 1462 videlicet
850 1408 1016 1462 modo
1042 1408 1285 1477 pravitas
1329 1407 1475 1462 bono
1505 1407 1657 1478 prius
1704 1407 1862 1478 quasi
1913 1409 1998 1460 in-

411 1508 657 1554 terverso
711 1513 776 1552 ac
803 1499 1039 1565 sublato,
1089 1502 1267 1554 oritur
1314 1498 1369 1554 et
1416 1501 1653 1555 exsistit;
1699 1498 1998 1554 Pulchrum

409 1604 542 1644 vero
568 1591 784 1646 censeri
823 1590 1006 1654 debet,
1049 1591 1424 1661 quodcunque
1481 1590 1549 1644 ad
1599 1590 1856 1662 princeps
1900 1591 2001 1646 bo-

411 1697 543 1736 num
580 1683 854 1754 congruit.
907 1683 1177 1755 Quodque
1208 1695 1642 1741 consentaneum
1678 1681 1854 1739 eidem
1887 1699 1996 1739 non

2101 489 2220 543 κέτι
2233 489 2328 542 τοῦ
2347 489 2484 543 Θεοῦ
2505 486 2604 562 τὴν
2623 490 2807 544 εἰκόνα
2829 492 2888 544 ὲν
2906 491 2983 561 τῷ
3011 491 3319 562 χαρακτῆρι
3347 490 3688 562 καθορᾶσθαι

2101 582 2193 637 τοῦ
2225 581 2565 651 πλάσματος.
2619 576 2744 636 Οἷον
2771 582 2880 654 γάρ
2918 598 2969 635 τι
3006 582 3310 652 κάτοπτρον
3341 581 3482 634 κατά
3513 580 3685 634 νώτου

2098 673 2198 745 τὴν
2226 672 2334 725 τῶν
2363 673 2582 742 ἀγαθῶν
2618 671 2764 726 ἰδέαν
2795 673 2823 724 ό
2847 671 2971 736 νοῦς
3008 672 3398 743 ποιησάμενος,
3429 669 3685 723 ἐκϐάλλει

2103 765 2202 835 μὲν
2231 765 2332 835 τῆς
2361 761 2686 834 ἐκλάμψεως
2725 762 2818 816 τοῦ
2867 760 3076 830 ἀγαθοῦ
3107 760 3206 824 τὰς
3246 759 3538 830 ἐμφάσεις,
3583 758 3686 827 τῆς

2099 858 2156 912 δὲ
2198 857 2329 928 ῦλης
2359 856 2459 926 τὴν
2498 855 2773 927 ἀμορφίαν
2815 851 2894 919 εἰς
2928 853 3118 909 ἑαυτὸν
3149 853 3546 923 ἀναμάσσεται.
3573 851 3687 907 Καὶ

2099 949 2494 1020 τούτῳγίνεται
2518 947 2596 1019 τῷ
2613 942 2800 1018 τρόπῳ
2828 947 2920 1001 τοῦ
2942 945 3112 1000 κακοῦ
3143 947 3177 1016 ἡ
3211 939 3444 1013 γένεσις,
3472 943 3563 998 διά
3587 948 3688 1015 τῆς

2102 1041 2503 1112 ύπεξαιρέσεως
2542 1039 2636 1094 τοῦ
2668 1036 2834 1093 καλοῦ
2876 1038 3358 1110 παρυφισταμένηι
3420 1036 3600 1091 Καλὸν
3630 1037 3688 1090 δὲ

2102 1134 2232 1195 πᾶν,
2265 1133 2402 1202 ὅπερ
2441 1131 2508 1184 ἂν
2551 1131 2689 1200 τύχῃ
2722 1129 2858 1201 πρὸς
2895 1129 2959 1182 τὸ
3002 1128 3220 1200 πρῶτον
3248 1126 3448 1195 ἀγαθὸν
3470 1127 3689 1188 οἰκείως

2101 1224 2251 1293 ἕχον·
2282 1224 2311 1277 ὃ
2338 1239 2392 1275 τι
2415 1221 2460 1276 δ’
2491 1221 2558 1274 ἂν
2583 1221 2689 1288 ἔξω
2719 1221 2941 1292 γένηται
2969 1220 3066 1291 τῆς
3099 1220 3238 1290 πρὸς
3265 1218 3422 1274 τοῦτο
3451 1217 3691 1288 σχέσεώς

2099 1333 2158 1369 τε
2184 1316 2278 1370 καὶ
2311 1314 2644 1386 ὁμοιώσεως,
2671 1314 2900 1385 ἄμοιρον
2947 1313 3041 1367 τοῦ
3082 1313 3248 1368 καλοῦ
3272 1314 3490 1375 πάντως
3517 1311 3689 1364 ἐστίν.

2100 1410 2163 1462 Εἰ
2193 1405 2286 1462 οῦν
2318 1408 2376 1463 ἓν
2405 1407 2505 1479 μὲν
2539 1406 2682 1462 κατὰ
2719 1392 2810 1459 τδν
2853 1406 3200 1478 θεωρηθέντα
3231 1407 3388 1476 λόγον
3429 1405 3491 1458 τὸ
3520 1405 3694 1464 ὅντως

2100 1501 2302 1574 ἀγαθόν
2325 1519 2338 1532 ·
2399 1505 2427 1557 ὁ
2452 1503 2507 1556 δὲ
2533 1501 2658 1564 νοῦς
2681 1501 2762 1570 τῷ
2792 1499 2916 1580 κατῖ
2937 1500 3122 1553 εἰκόνα
3147 1497 3243 1551 τοῦ
3275 1495 3442 1580 καλοῦ
3469 1495 3697 1564 γεγενῆ-

2103 1598 2246 1660 σθαι,
2280 1594 2376 1650 καὶ
2407 1596 2567 1658 αὐτὸς
2584 1595 2694 1664 ἔχει
2714 1594 2773 1647 τὸ
2803 1577 2965 1657 καλὸς
2989 1588 3127 1646 εἶναι
3150 1585 3220 1661 δὴ
3251 1590 3310 1644 δὲ
3342 1577 3502 1658 φύσις
3535 1589 3569 1658 ἡ
3588 1585 3697 1640 ὑπὸ

2101 1687 2197 1743 τοῦ
2226 1688 2319 1742 νοῦ
2351 1687 2706 1758 συνεχομένη,
2735 1685 2988 1756 καθάπερ
3009 1701 3093 1747 τις
3118 1677 3282 1737 εἰκὼν
3301 1683 3509 1744 εἰκόνος
3542 1681 3662 1734 ἔστί
3680 1698 3694 1710 ·

410 1780 515 1837 est,
546 1774 730 1828 omnis
754 1782 839 1828 est
857 1773 1286 1844 pulchritudinis
1303 1784 1518 1846 expers.
1553 1773 1922 1841 Quamobrem
1951 1774 1996 1828 si

2106 1779 2377 1834 δείκνυται
2410 1770 2499 1832 διά
2531 1777 2757 1840 τούτων,
2785 1777 2866 1830 ὅτι
2901 1775 2962 1828 τὸ
2989 1774 3171 1828 ὑλικὸν
3203 1773 3361 1845 ἡμῶν
3392 1772 3699 1852 συνέστηκε

411 1865 481 1920 de
511 1867 784 1920 sententia
807 1866 1082 1922 rationum
1111 1868 1508 1938 expositarum,
1541 1881 1711 1921 unum
1739 1865 1997 1936 quiddam

410 1964 499 2013 est
538 1972 665 2012 vere
704 1958 949 2022 bonum:
993 1974 1148 2014 mens
1184 1972 1366 2015 autem
1399 1960 1541 2023 ideo,
1574 1958 1720 2029 quod
1752 1959 1819 2013 ad
1858 1957 1999 2011 ima-

411 2049 592 2120 ginem
618 2049 832 2118 pulchri
860 2056 946 2106 est
972 2051 1339 2115 conformata,
1367 2059 1421 2105 et
1443 2051 1560 2122 ipsa
1595 2049 2000 2121 pulchritudine

411 2141 649 2212 quadam
683 2150 880 2195 ornata
923 2150 1009 2197 est
1043 2161 1056 2196 :
1094 2142 1332 2214 denique
1375 2153 1594 2205 natura,
1629 2157 1793 2212 quam
1845 2157 2000 2196 mens

411 2233 682 2295 continet,
723 2233 770 2288 si
803 2242 885 2288 est
929 2233 1187 2302 imaginis
1235 2234 1400 2303 hujus
1432 2234 1536 2288 alia
1576 2233 1825 2304 quaedam
1867 2233 2002 2285 ima"-

411 2338 481 2393 go
516 2341 528 2376 :
558 2323 664 2377 erit
693 2333 977 2377 ostensum
1013 2321 1158 2376 haud
1199 2322 1365 2378 dubie
1403 2323 1684 2378 rudiorem
1711 2323 1860 2376 illam
1899 2339 2001 2377 no-

413 2411 514 2466 stri
545 2411 826 2466 materiem
876 2420 992 2465 tum
1034 2411 1254 2466 demum
1301 2421 1451 2468 recte
1495 2413 1655 2487 quasi
1699 2412 2001 2466 stabilitam

412 2519 558 2568 esse,
597 2505 821 2574 quando
859 2520 888 2557 a
927 2512 1120 2559 natura
1150 2505 1515 2576 gubernatur.
1547 2503 1818 2560 Caeterum
1855 2516 2003 2560 eam-

413 2598 537 2653 dem
579 2599 815 2652 solutam
858 2597 1079 2661 coliabi,
1127 2599 1346 2668 quando
1393 2599 1461 2653 ab
1505 2615 1591 2662 eo,
1635 2613 1744 2668 quo
1776 2597 2004 2652 firmiter

413 2691 755 2754 continetur,
795 2690 1155 2762 disjungitur,
1188 2701 1242 2747 et
1269 2708 1298 2745 a
1330 2691 1542 2762 pulchri
1571 2693 1833 2746 societate
1860 2692 2005 2746 avel-

417 2784 566 2839 litur.
609 2781 754 2838 Fieri
777 2783 881 2840 hoc
909 2785 1216 2846 consuevit,
1257 2799 1380 2838 cum
1420 2794 1633 2837 natura:
1663 2782 2004 2838 ordoinver-

418 2876 572 2938 titur.
607 2873 777 2928 animi
825 2875 1054 2929 libidine
1098 2890 1208 2930 non
1259 2873 1329 2928 ad
1370 2873 1792 2946 pulchritudinis
1835 2873 2005 2929 decus

421 2968 741 3032 inclinante,
793 2967 889 3021 sed
925 2966 992 3021 ad
1037 2967 1115 3029 id,
1155 2966 1300 3037 quod
1351 2966 1530 3036 ipsum
1583 2981 1912 3037 magnopere
1949 2976 2008 3018 ut

419 3066 716 3115 exornetur
743 3058 966 3129 indiget.
994 3056 1110 3112 Non
1142 3059 1287 3112 enim
1319 3057 1434 3113 fieri
1457 3058 1617 3113 aliter
1635 3068 1837 3129 potest,
1872 3059 2003 3130 quin

419 3150 566 3222 quod
609 3151 856 3206 materiei
908 3151 1127 3222 propria
1177 3149 1353 3204 forma
1400 3149 1674 3205 destituta:
1722 3150 2009 3205 consimile

420 3243 654 3298 elicitur
694 3242 901 3297 :etiam
931 3241 1297 3296 deformitatis
1344 3240 1718 3313 faeditatisquc
1761 3241 2008 3311 ejitsdem

424 3335 716 3405 imaginem
746 3333 958 3388 induat.
992 3331 1100 3388 Sed
1145 3331 1262 3388 haec
1289 3332 1511 3404 quidem
1551 3333 1622 3388 ab
1655 3333 1780 3388 aliis
1809 3331 1875 3386 ad
1903 3332 2009 3387 alia

422 3426 656 3496 delapsi,
690 3425 871 3480 obiter
895 3423 1108 3479 scilicet
1140 3423 1467 3494 explicando
1496 3421 1881 3485 indicavimus,
1910 3425 2013 3476 im-

424 3517 790 3575 miscentibus
834 3531 957 3573 sese
984 3517 1070 3572 bis
1097 3517 1148 3571 ei
1193 3513 1648 3577 considerationi,
1698 3531 1806 3584 qua
1849 3515 1905 3570 id
1943 3515 2011 3570 de

423 3627 536 3682 quo
564 3611 767 3682 agitur,
798 3609 1090 3682 complecti
1125 3616 1247 3665 erat
1271 3609 1511 3663 animus.
1542 3605 1658 3662 an
1686 3608 1834 3663 enim
1870 3624 2014 3678 qua:-

425 3703 704 3769 rebamus,
732 3719 904 3775 ecqua
935 3704 990 3758 iu
1033 3711 1188 3773 parte
1228 3705 1403 3760 nosui
1435 3702 1667 3758 facultas
1706 3701 2012 3773 intelligen-

427 3797 518 3852 tiae
543 3796 725 3852 sedem
755 3796 1050 3867 quamdam
1078 3801 1286 3850 certam
1310 3796 1583 3852 obtineret
1615 3815 1628 3851 :
1661 3809 1729 3848 an
1757 3801 1885 3848 vero
1915 3808 2013 3864 per

427 3891 612 3946 omnia
645 3889 901 3960 aequabili
944 3904 1004 3946 se
1045 3889 1260 3944 ratione
1304 3888 1473 3944 didat.
1519 3877 1708 3960 itaque
1748 3887 2012 3942 adversus

427 3999 525 4039 eos
554 3985 647 4054 qui
685 3981 854 4036 certis
881 3981 1121 4052 partium
1160 3981 1299 4036 locis
1330 3990 1569 4037 mentem
1612 3979 1922 4046 includunt,
1960 3987 2014 4034 et

431 4075 498 4129 ad
527 4073 958 4129 confirmandam
991 4072 1133 4126 hanc
1163 4071 1536 4142 conjecturam
1570 4083 1724 4129 suam
1755 4070 2010 4132 afferunt,

2103 1856 2202 1944 μέν
2237 1873 2332 1925 καὶ
2382 1864 2817 1942 περικρατεῖται,
2864 1871 2993 1923 ὃταν
3046 1867 3399 1937 οἰκονομῆται
3443 1867 3548 1920 ὑπὸ
3593 1869 3701 1935 τῆς

2101 1963 2318 2032 φύσεως
2338 1980 2351 1993 ·
2381 1961 2569 2015 λύεται
2597 1961 2677 2025 δὲ,
2727 1963 2822 2016 καὶ
2850 1956 3132 2014 διαπίπτει
3162 1959 3342 2022 πάλιν,
3373 1958 3498 2012 ὅταν
3523 1975 3700 2028 χωρι-

2105 2051 2204 2126 σθῇ
2231 2054 2344 2125 cui»:
2368 2052 2827 2126 περικρατοῦντός
2860 2069 2920 2105 τε
2961 2051 3054 2104 καὶ
3084 2048 3418 2120 συνέχοντος,
3454 2050 3549 2103 καὶ
3576 2049 3703 2102 δια-

2105 2146 2319 2218 σπασθῇ
2349 2148 2446 2220 τῆς
2475 2147 2611 2215 πρὸς
2639 2141 2699 2198 τὸ
2731 2144 2895 2197 καλὸν
2927 2143 3227 2214 συμφυΐας.
3258 2141 3331 2194 Τὸ
3362 2140 3419 2192 δὲ
3453 2139 3704 2192 τοιοῦτον

2103 2241 2203 2294 οῦκ
2237 2239 2413 2302 ἄλλως
2442 2237 2672 2306 γίνεται,
2704 2235 2737 2306 ἢ
2773 2236 2902 2288 ὅταν
2931 2233 3029 2304 τῆς
3075 2232 3289 2302 φύσεως
3315 2227 3452 2302 πρὸς
3485 2221 3547 2282 τὸ
3595 2229 3702 2298 ἑμ-

2104 2333 2268 2387 παλιν
2300 2332 2521 2401 γένηται
2566 2329 2600 2400 ἡ
2639 2325 2963 2397 ἐπιστροφὴ,
2998 2324 3073 2396 μὴ
3113 2320 3249 2396 πρὸς
3284 2322 3345 2376 τὸ
3386 2321 3552 2374 καλὸν
3597 2322 3705 2390 τῆς

2104 2421 2398 2496 ἐπιθυμίας
2428 2422 2709 2493 νευούσης,
2736 2420 2872 2474 ἀλλά
2893 2418 3027 2489 πρὸς
3057 2416 3116 2471 τὸ
3138 2415 3338 2488 χρῇζον
3364 2415 3458 2468 τοῦ
3484 2413 3703 2468 καλλω-

2105 2515 2372 2585 πίζοντος.
2403 2517 2642 2586 Ἀνάγκη
2659 2514 2766 2586 γὰρ
2780 2516 2929 2566 πᾶσα
2961 2513 3027 2582 τῇ
3058 2508 3413 2580 πτωχευούσῃ
3438 2507 3539 2576 τῆς
3562 2507 3705 2570 ἰδίας

2110 2610 2324 2684 μορφῆς
2353 2599 2451 2682 {Ian
2483 2608 2627 2663 κατά
2655 2590 2716 2660 ἰδ
2744 2605 2992 2676 ἄσχημόν
3010 2618 3069 2656 τε
3101 2602 3196 2656 καὶ
3220 2599 3454 2663 ἀκαλλὲς
3479 2611 3698 2668 συμμε-

2106 2691 2515 2777 ταμορφοῦσθαι
2543 2700 2603 2754 τὸ
2631 2699 3004 2770 ὁμοιούμενον,
3057 2695 3196 2750 ἀλλὰ
3229 2693 3401 2747 ταῦτα
3437 2691 3537 2763 μὲν
3564 2694 3699 2762 ἡμῖν

2107 2795 2165 2862 ἐξ
2186 2793 2507 2856 ἀκολουθίας
2535 2777 2681 2854 τινὸς
2707 2788 3117 2861 παρεξητάσθη.
3135 2787 3224 2840 διὰ
3252 2777 3350 2857 τῆς
3384 2786 3464 2846 εἰς
3482 2783 3545 2837 τὸ
3565 2801 3696 2854 προ.

2109 2884 2360 2955 κείμενον
2401 2881 2638 2953 θεωρίας
2666 2878 3069 2933 ἐπεισελθόντα.
3111 2876 3185 2928 To
3213 2875 3322 2946 γὰρ
3367 2873 3697 2945 ζητούμενον

2107 2971 2197 3046 ἦν,
2230 2977 2278 3028 εἰ
2307 2977 2366 3028 ὲν
2406 2957 2564 3045 μέρει
2598 2973 2706 3026 τινὶ
2740 2971 2850 3026 τῶν
2876 2972 2932 3024 ὲν
2957 2971 3090 3041 ἡμῖν
3119 2971 3153 3041 ἡ
3187 2967 3350 3040 νοερὰ
3379 2966 3699 3037 καθίδρυται

2109 3067 2355 3139 δύναμις,
2381 3066 2415 3138 ἢ
2448 3065 2538 3118 διὰ
2565 3065 2782 3118 πάντων
2816 3062 2958 3118 κατά
2985 3062 3045 3116 τὸ
3079 3063 3193 3115 ἴσον
3215 3049 3410 3132 διῆκει.
3446 3058 3572 3112 Τῶν
3596 3058 3699 3127 γὰρ

2111 3163 2356 3224 τοπικοῖς
2405 3159 2596 3230 μέρεσι
2627 3154 3054 3235 περιειργόντων
3081 3153 3174 3207 τὸν
3202 3152 3348 3215 νοῦν,
3380 3151 3474 3205 καὶ
3498 3151 3582 3214 εἰς
3610 3149 3700 3202 σύ-

2114 3257 2301 3306 στασιν
2327 3251 2426 3321 τῆς
2452 3249 2708 3318 τοιαύτης
2733 3246 2913 3301 αὐτῶν
2940 3243 3262 3315 ὑπολήψεως
3289 3241 3699 3313 προφερόντων,

2110 3330 2173 3398 τὸ
2208 3344 2283 3415 μὴ
2309 3342 2622 3396 εὐοδοῦσθαι
2652 3342 2753 3411 τὴν
2792 3339 3031 3393 διάνοιαν
3063 3335 3158 3392 ἐπὶ
3187 3333 3296 3388 τῶν
3345 3332 3496 3402 παρά
3532 3330 3700 3402 φύσιν

2111 3435 2473 3506 διακειμένων
2521 3434 2621 3498 τὰς
2670 3435 2978 3505 μήνιγγαςο
3017 3426 3296 3490 ἀπέδειξεν
3329 3425 3356 3478 ὁ
3404 3424 3584 3493 λόγος,
3621 3425 3705 3478 ὅτι

2115 3525 2255 3581 κατά
2283 3527 2392 3579 πᾶν
2437 3523 2600 3595 μέρος
2637 3521 2731 3576 τοῦ
2768 3520 3107 3590 ἀνθρωπίνου
3150 3515 3542 3587 συγκρίματος,
3579 3514 3708 3569 καθ’

2112 3619 2141 3673 ὃ
2169 3621 2413 3689 πέφυκεν
2438 3619 2666 3681 ἕκαστος
2693 3617 2957 3688 ἐνεργεῖν,
2990 3616 3119 3676 ἴσως
3146 3616 3179 3684 ἡ
3206 3613 3304 3683 τῆς
3330 3611 3509 3683 ψυχῆς
3537 3610 3709 3665 δύναο

2117 3724 2209 3784 μις
2236 3710 2596 3785 ἀνενέργητος
2627 3709 2798 3779 μένει,
2845 3707 2920 3778 μὴ
2959 3707 3305 3778 διαμένοντος
3342 3707 3402 3758 ἐν
3437 3707 3504 3775 τῇ
3542 3703 3711 3770 φύσει

2111 3805 2206 3860 τοῦ
2241 3804 2460 3876 μέρους.
2493 3802 2602 3856 Καὶ
2627 3801 2716 3854 διὰ
2738 3798 2898 3853 τοῦτο
2920 3799 2978 3866 ἐξ
3009 3797 3332 3872 ἀκολουθίας
3354 3796 3415 3849 τὸ
3440 3795 3712 3867 προτεθὲν

2115 3894 2455 3965 παρενέπεσε
2483 3891 2562 3964 τῷ
2587 3891 2730 3960 λόγῳ
2761 3887 3046 3960 θεώρημα,
3079 3886 3146 3941 δι’
3165 3879 3226 3940 οὗ
3257 3886 3621 3958 μανθάνομεν,
3645 3887 3711 3938 ἐν

2113 3985 2191 4056 τῷ
2228 3982 2554 4056 ἀνθρωπίνῳ
2587 3981 2919 4052 συγκρίματι
2947 3979 3052 4033 ὑπὸ
3082 3979 3218 4033 Θεοῦ
3258 3979 3355 4050 μὲν
3382 3977 3709 4032 διοικεῖσθαι

2113 4067 2206 4130 τὸν
2251 4076 2396 4139 νοῦν,
2448 4074 2540 4127 ὑπ’
2569 4075 2779 4126 ἐκείνου
2825 4072 2883 4126 δὲ
2938 4073 3038 4143 τὴν
3084 4073 3276 4143 ύλικὴν
3322 4070 3481 4142 ἡμῶν
3530 4068 3708 4140 ζωὴν,

428 4177 553 4223 esse
602 4170 657 4222 in
699 4166 769 4221 iis
809 4164 1190 4236 intelligentia:
1235 4165 1345 4220 vim
1394 4165 1730 4236 languidam,
1778 4177 2012 4234 quorum

432 4259 574 4315 male
599 4259 808 4314 cerebri
839 4257 1045 4312 allectat:
1064 4259 1176 4313 sint
1201 4259 1536 4313 membranzn
1561 4277 1574 4311 :
1600 4266 1880 4312 ostensum
1905 4265 2010 4319 est,

433 4355 487 4404 ln
511 4350 659 4405 omni
692 4350 941 4421 corporis
969 4350 1238 4415 membro,
1267 4350 1414 4421 quod
1454 4350 1673 4420 quidem
1711 4347 1903 4419 agendi
1934 4347 2014 4402 fa-

2113 4169 2242 4222 ὅταν
2275 4170 2332 4220 ὲν
2367 4170 2431 4237 τῇ
2465 4165 2623 4234 φύσει
2670 4164 2828 4237 μένῃ,
2860 4165 2910 4216 εἰ
2951 4163 3009 4216 δὲ
3039 4162 3426 4234 παρατραπείη
3467 4163 3568 4231 τῆς
3601 4161 3709 4230 9'5-

2118 4273 2274 4320 σεως,
2306 4259 2401 4310 καὶ
2447 4243 2549 4327 τῆς
2593 4257 2733 4310 κατὰ
2773 4256 2866 4310 τὸν
2907 4255 3032 4310 νοῦν
3064 4255 3349 4340 ἐνεργείας
3391 4252 3712 4324 ἀλλοτριοῦ-

2118 4351 2262 4406 σθαι.
2310 4350 2448 4404 Ἀλλ’
2488 4349 2874 4419 ἐπανέλθωμεν
2917 4349 3083 4402 πάλιν
3126 4348 3249 4401 ὅθεν
3296 4347 3585 4416 ὲεέὸημεν,
3625 4347 3711 4400 ὅτι

431 4443 636 4496 cultatc
689 4441 976 4512 praeditum
1009 4450 1116 4509 est,
1164 4457 1274 4496 non
1323 4442 1521 4496 mirum
1570 4457 1716 4503 esse,
1779 4440 1825 4496 si
1874 4440 2004 4494 nihil

2117 4444 2207 4497 ἐπὶ
2254 4442 2364 4496 τῶν
2398 4442 2472 4513 μὴ
2519 4442 2990 4512 παρατραπέντων
3036 4441 3102 4495 ἐκ
3155 4439 3364 4503 πάθους
3411 4437 3557 4502 τινὸς
3607 4431 3713 4508 τῆς

432 4531 652 4587 animus
695 4530 915 4588 eﬂiciat.
954 4547 1076 4586 cum
1111 4531 1415 4586 membrum
1457 4532 1637 4603 ipsum
1688 4532 1765 4587 ita
1800 4539 1860 4587 ut
1891 4547 2004 4588 esse

2113 4529 2346 4606 φυσικῆς
2395 4535 2783 4598 καταστάσεως
2828 4535 2929 4605 τὴν
2980 4534 3190 4588 οἰκείαν
3241 4533 3474 4603 δύναμιν
3517 4533 3546 4584 ὁ
3583 4532 3712 4597 νοῦς

431 4631 810 4694 comparatum
845 4637 874 4677 a
908 4631 1103 4678 natura
1138 4622 1392 4688 debebat,
1429 4640 1538 4679 non
1585 4630 1801 4683 cxistat.
1840 4624 2004 4694 Atque

2112 4631 2347 4702 ἐνεργεῖ,
2382 4628 2478 4683 καὶ
2504 4627 2739 4700 ἔρρωται
2777 4627 2876 4696 μὲν
2908 4626 3001 4680 ἐπὶ
3035 4627 3145 4680 τῶν
3183 4625 3554 4686 συνεστώτων,
3583 4623 3714 4678 ἀδυ-

433 4709 538 4771 hoc
563 4716 682 4770 loco
710 4731 817 4770 non
848 4716 1322 4781 inconvenienter,
1355 4717 1572 4786 opinor,
1603 4717 1938 4771 intexuimus
1963 4718 2004 4770 il

2113 4723 2262 4775 νατεῑ
2303 4719 2362 4774 δὲ
2415 4719 2578 4773 πάλιν
2611 4719 2704 4772 ἐπὶ
2746 4717 2854 4771 τῶν
2902 4719 2978 4788 μὴ
3021 4711 3343 4790 χωρούντων
3391 4713 3560 4769 αὐτοῦ
3610 4714 3713 4785 τὴν

433 4805 527 4861 lud
559 4807 863 4870 theorema,
893 4807 963 4862 de
991 4822 1101 4877 quo
1134 4808 1436 4880 intelligere
1464 4818 1572 4871 cst,
1605 4809 1658 4866 in
1693 4817 1805 4863 tota
1840 4809 2004 4865 homi-

2115 4811 2416 4883 ἐνέργειαν.
2453 4809 2610 4864 Ἔστι
2636 4809 2744 4880 γὰρ
2775 4809 2871 4863 καὶ
2901 4810 2968 4863 δι’
3002 4807 3204 4879 ἑτέρων
3237 4801 3299 4862 τὸ
3333 4808 3462 4879 περὶ
3498 4807 3712 4860 τούτων

433 4901 522 4954 bis
546 4914 806 4970 compage
830 4908 1067 4954 mentem
1095 4898 1316 4970 quidem
1340 4901 1600 4956 divinitus
1631 4901 1944 4970 gubernari,
1981 4918 2004 4956 a

2117 4903 2294 4974 δόγμα
2338 4900 2743 4955 πιστώσασθαιο
2789 4901 2884 4955 καὶ
2915 4903 2961 4953 εἰ
3009 4901 3083 4972 μὴ
3127 4901 3265 4972 βαρὺ
3306 4903 3371 4971 τῇ
3421 4901 3559 4968 ἀκοῇ
3597 4898 3711 4951 τῶν

435 4999 618 5044 mente
649 5005 779 5044 vero
810 4991 976 5046 vitam
1007 4990 1250 5047 rudioris
1279 4991 1333 5045 in
1363 4991 1521 5046 nobis
1561 4991 1831 5054 materiei,
1861 4993 1908 5047 si
1947 5008 2004 5046 ea

2121 4993 2588 5066 προκεκμηκότων
2617 4993 2716 5065 ἤδη
2747 4993 2824 5064 τῷ
2870 4993 3034 5064 λόγῳ,
3070 4991 3164 5046 καὶ
3207 4990 3593 5064 περὶτούτων,
3633 4990 3714 5053 ὡς

433 5089 588 5136 extra
617 5093 868 5136 naturam
897 5097 1006 5137 non
1037 5083 1329 5139 exorbitet.
1367 5080 1500 5136 Nam
1543 5084 1587 5138 si
1625 5097 1654 5138 a
1695 5095 1890 5138 natura
1919 5099 2004 5139 re-

2123 5085 2190 5140 ἂν
2212 5080 2312 5138 οἷοί
2341 5102 2401 5138 τε
2425 5078 2598 5154 ὦμεν,
2627 5083 2694 5138 δι’
2731 5084 2928 5153 ὀλίγων
2946 5083 3357 5159 διώηψὼμεθα.

435 5169 627 5235 cedat,
672 5173 864 5241 agendi
917 5172 1272 5240 facultatem,
1315 5187 1478 5245 quam
1529 5174 1726 5230 habeat
1769 5189 1798 5228 a
1841 5180 2053 5240 mente,
2104 5191 2330 5246 prorsus
2379 5178 2648 5232 amittere.
2695 5175 2989 5232 Enimvero
3035 5185 3342 5231 revertatur
3377 5189 3445 5231 eo
3486 5173 3714 5228 tandem

436 5263 638 5329 oratio,
668 5266 810 5320 unde
835 5266 1074 5333 deflexit,
1105 5277 1342 5324 mentem
1383 5269 1634 5324 videlicet
1665 5268 1719 5322 in
1763 5270 1830 5323 iis
1861 5269 2139 5339 partibus,
2183 5285 2419 5341 quarum
2456 5269 2700 5326 conditio
2745 5271 3016 5326 naturalis
3070 5271 3261 5324 morbo
3291 5269 3476 5338 aliquo
3515 5266 3711 5320 vitiata

438 5368 548 5410 non
582 5357 674 5419 sit,
701 5356 1070 5414 eﬂicacitatem
1097 5375 1250 5414 suam
1273 5359 1542 5424 obtinere,
1583 5360 1637 5414 in
1683 5360 1989 5416 valentibus
2017 5361 2281 5418 membris
2309 5363 2600 5429 valentem,
2637 5363 2692 5418 in
2740 5361 2806 5418 iis
2852 5371 3033 5418 autem
3069 5377 3192 5433 quae
3217 5362 3499 5416 actionum
3532 5360 3715 5431 ipsius

435 5448 659 5516 capacia
680 5464 788 5503 non
816 5457 964 5515 sunt,
993 5451 1331 5523 languidam.
1375 5449 1551 5523 Atque
1595 5452 1722 5509 huic
1761 5452 1981 5522 quidem
2031 5455 2313 5510 sententiae
2344 5470 2453 5509 non
2491 5463 2578 5510 cst
2602 5454 2820 5512 diﬂicile
2844 5455 3149 5511 rationibus
3177 5455 3343 5511 etiam
3390 5454 3516 5512 aliis
3548 5454 3716 5510 fidem

438 5537 636 5594 facere.
669 5538 825 5605 Quod
867 5541 911 5596 si
956 5543 1247 5621 molestum
1279 5559 1387 5600 non
1419 5543 1526 5599 erit
1551 5543 1640 5606 iis,
1671 5543 1764 5614 qui
1807 5544 2055 5600 oratione
2095 5547 2378 5618 superiore
2407 5555 2619 5604 tantum
2647 5562 2756 5602 non
2789 5546 3068 5618 defatigati
3109 5558 3258 5612 sunt,
3295 5547 3472 5618 placet
3514 5555 3570 5603 et
3597 5547 3715 5612 illa,

437 5634 616 5704 QtIOud
648 5635 770 5705 ejus
797 5635 912 5692 fieri
946 5638 1166 5706 poterit,
1204 5655 1366 5708 quam
1408 5639 1730 5696 brevissime
1763 5641 2144 5711 perstringere.
