3886 6214
189 286 294 344 165

698 396 1114 451 ΚΕΦΔΛΑΙΟΝ.
1158 395 1258 450 ll".

1471 283 1562 341 DE
1602 279 1886 339 HOMINIS
1922 279 2236 338 OPIFICIO.

2074 130 2100 172 I

3365 281 3470 339 166

2486 389 2716 446 CAPUT
2753 389 2893 449 XIII.

186 490 328 560 Περὶ
358 490 579 551 ὕπνου,
606 487 704 541 καὶ
723 487 988 557 χάσμης,
1018 485 1117 539 καὶ
1139 486 1408 554 ὀνείρων,
1432 486 1780 555 αἰτιολογία.

1911 483 2101 546 Somni,
2133 481 2469 539 oscitatiom‘s
2490 524 2508 550 ,
2543 485 2934 538 insomniorum
2978 498 3159 540 cuum
3193 481 3468 540 iudicatio.

271 583 341 634 Ἦ
385 581 545 650 ὑλικὴ
594 581 690 634 καὶ
731 579 940 652 ῥοώδης
985 579 1124 650 αὕτη
1181 578 1292 631 τῶν
1325 579 1594 650 σωμάτων
1643 580 1778 651 ζωὴ,

186 675 426 731 ¹πάντοτε
469 674 559 728 διὰ
589 675 862 744 κινήσεως
903 672 1189 743 προϊοῦσα,
1221 674 1280 726 ἐν
1327 673 1501 744 τούτῳ
1528 674 1639 742 ἔχει
1685 673 1781 727 τοῦ

189 763 335 820 εἶναι
367 767 467 837 τὴν
497 765 748 836 δύναμιν,
785 766 843 819 ἐν
869 763 950 835 τῷ
995 764 1070 837 μὴ
1106 764 1299 836 στῆναί
1338 783 1467 818 ποτε
1496 766 1596 837 τῆς
1625 767 1782 836 κινή-

190 871 353 918 σεως.
386 853 656 925 Καθάπερ
683 852 742 907 δέ
778 871 862 917 τις
907 853 1153 926 ποταμὸς
1172 853 1316 908 κατά
1354 853 1454 927 τὴν
1480 855 1614 909 ίδίαν
1643 855 1784 927 ῥέων

189 948 394 1018 ὁρμὴν,
419 946 604 1018 πλήρη
638 945 740 1015 μὲν
768 945 1006 1000 δείκνυσι
1045 946 1147 1016 τὴν
1174 946 1484 1017 κοιλότητα,
1515 946 1584 1001 δι’
1609 943 1678 1020 ἦς
1717 947 1784 1002 ἂν

188 1037 334 1111 τύχῃ
361 1039 681 1108 φερόμενος,
719 1038 781 1090 οὐ
821 1037 927 1109 μὴν
968 1039 1026 1090 ἐν
1057 1037 1135 1108 τῷ
1166 1037 1314 1109 αὐτῷ
1355 1038 1505 1092 ὕδατι
1537 1040 1666 1109 περὶ
1691 1038 1784 1093 τὸν

191 1131 362 1185 αὐτὸν
390 1132 477 1184 ἀεὶ⁵
503 1131 666 1184 τόπον
694 1131 911 1202 ὁρᾶται,
944 1129 1078 1184 ἀλλά
1106 1129 1167 1184 τὸ
1207 1131 1306 1201 μὲν
1338 1131 1655 1203 ὑπέδραμεν
1688 1131 1786 1185 αὐ-

191 1223 311 1285 τοῦ,
347 1224 410 1276 τὸ
450 1223 506 1276 δέ
554 1223 846 1294 ιῖγπερρἐει⁸
882 1221 1028 1276 οὕτω
1074 1223 1169 1276 καὶ
1196 1223 1258 1275 τὸ
1291 1223 1474 1277 ὑλικὸν
1523 1220 1626 1294 τῆς
1657 1218 1786 1295 τῇδε

191 1310 346 1382 ζωῆς
379 1310 470 1365 διά
510 1328 654 1374 τινος
691 1313 959 1383 κινήσεως
991 1313 1085 1365 καὶ
1136 1311 1266 1384 ῥοῆς
1290 1314 1356 1384 τῇ
1408 1312 1661 1385 συνεχείᾳ
1687 1313 1789 1382 τῆς

191 1403 305 1458 τῶν
350 1401 612 1455 ἐναντίων
653 1401 905 1473 διαδοχῆς
952 1401 1259 1472 ἀμείϐεται,
1305 1401 1382 1466 ὡς
1409 1403 1476 1456 ἂν
1518 1405 1790 1475 μηδέποτε

195 1494 395 1564 στῆναι
419 1492 679 1548 δύνασθαι
698 1494 798 1565 τῆς
828 1494 1152 1566 μεταϐολῆς,
1182 1493 1318 1549 ἀλλὰ
1343 1498 1408 1567 τῇ
1437 1497 1667 1568 δυνάμει
1695 1496 1790 1551 τοῦ

192 1586 463 1657 ἀτρεμεῖν
507 1585 787 1640 ἄπαυστον
817 1585 964 1656 ἔχειν
1005 1585 1092 1640 διὰ
1121 1587 1230 1640 τῶν
1268 1587 1471 1659 ὁμοίων
1505 1589 1794 1659 ἐναμειϐο-

195 1679 375 1748 μένην
402 1677 502 1749 τὴν
541 1678 778 1750 κίνησιν.
807 1679 869 1732 Εἰ
894 1679 952 1732 δέ
983 1696 1117 1732 ποτε
1146 1679 1464 1752 κινούμενον
1505 1678 1790 1748 παύσοιτο,

1961 575 2217 631 Crassior
2250 576 2342 630 illa
2376 575 2632 646 tluxaque
2663 591 2956 646 corporum
2989 584 3305 632 nostrorum
3336 575 3470 640 vita,

1888 680 2013 734 quae
2062 680 2282 739 semper
2326 676 2598 728 movetur,
2645 681 2711 720 ex
2744 680 2810 722 eo
2859 665 2980 736 ipso
3026 666 3133 719 vim
3168 663 3472 722 exsistendi

1890 757 2076 823 habet,
2112 758 2260 829 quod
2305 766 2456 814 motu
2488 758 2715 828 praedita
2763 759 2837 814 sit
2865 758 3068 829 quietis
3109 766 3352 827 experte.
3395 756 3476 812 Ac

1889 850 2058 906 veluti
2086 850 2287 907 fluvius
2317 851 2520 922 impetu
2551 867 2654 906 suo
2676 852 2976 915 volutatus,
3001 851 3215 904 alveum
3251 846 3474 919 quidem

1891 957 2055 999 suum
2085 958 2303 1014 semper
2336 944 2546 1014 implet,
2571 960 2669 1015 per
2699 959 2860 1014 quem
2891 943 3114 1009 labitur,
3148 956 3258 997 non
3292 952 3477 996 tamen

1892 1035 2085 1090 eadem
2111 1049 2252 1106 aqua
2277 1035 2467 1090 eodem
2498 1036 2552 1090 in
2583 1036 2706 1092 loco
2732 1043 2996 1106 perpetuo
3021 1035 3214 1100 hazret,
3245 1033 3341 1088 sed
3371 1032 3477 1086 alia

1892 1127 2242 1192 decurrente,
2289 1126 2461 1182 aﬂluit
2501 1127 2607 1181 alia
2651 1145 2666 1183 :
2707 1127 2789 1184 sic
2835 1126 3079 1182 crassior
3121 1126 3214 1181 illa
3265 1124 3372 1178 vita
3421 1125 3478 1177 in

1893 1218 2060 1274 terris
2109 1225 2304 1274 nostra
2355 1227 2507 1274 motu
2535 1217 2776 1290 quodam
2825 1234 2890 1274 ac
2938 1217 3179 1273 fluxione
3215 1215 3479 1272 continua

1894 1310 2130 1367 diversis
2149 1310 2314 1366 rebus
2335 1299 2765 1367 succedentibus
2795 1311 2922 1375 sibi,
2947 1312 3000 1364 in
3030 1317 3289 1380 perpetua
3314 1309 3477 1363 vicis-

1896 1403 2139 1459 situdine
2167 1418 2448 1473 nunquam
2486 1403 2886 1474 interquiescit,
2905 1401 3002 1458 sed
3038 1416 3147 1456 una
3175 1417 3300 1456 cum
3325 1401 3482 1470 quie-

1897 1496 2086 1552 scendi
2119 1495 2380 1551 facultate
2410 1511 2708 1566 perennem
2740 1496 2904 1551 etiam
2933 1502 3141 1550 motum
3171 1492 3372 1548 similia
3399 1491 3483 1544 vi—

1897 1587 2085 1642 cissim
2131 1589 2495 1644 alternantem
2530 1588 2714 1644 habet.
2761 1586 2916 1652 Quod
2948 1588 2993 1641 si
3036 1587 3127 1641 hic
3149 1585 3270 1654 ejus
3299 1591 3483 1638 motus

1898 1679 2194 1750 aliquando
2222 1680 2493 1751 quiescat,
2521 1679 2694 1750 ipsam
2715 1693 2934 1749 quoque
2957 1676 3232 1746 exstingui
3255 1687 3486 1731 necesse

193 1769 293 1821 καὶ
344 1767 441 1820 τοῦ
490 1763 629 1822 εἷναι
677 1767 898 1833 πάντως
938 1768 1036 1840 τὴν
1081 1768 1294 1824 παῦλαν
1333 1770 1479 1836 ἕξει·
1524 1769 1657 1836 οἷον,
1717 1772 1796 1826 δι-

1911 1779 2002 1826 est.
2031 1771 2352 1836 Evacuatio,
2391 1763 2544 1828 verbi
2591 1772 2795 1842 gratia,
2841 1771 3200 1840 repletionem
3241 1768 3483 1838 excipit;

192 1857 423 1924 ἐδέξατο
445 1857 509 1910 τὸ
541 1857 751 1930 πλῆρες
786 1859 819 1929 η
851 1859 1102 1925 κένωσις,
1127 1861 1221 1914 καὶ
1253 1861 1415 1915 πάλιν
1445 1861 1795 1933 ἀντεισῆλθεν

193 1953 230 2023 ἡ
283 1951 570 2022 πλήρωσις
621 1953 688 2021 τῇ
742 1951 1010 2022 κενότητι.
1055 1951 1262 2016 ’Ύπνος
1311 1945 1372 2005 τὸ
1423 1952 1671 2006 σύντονον
1696 1955 1797 2024 τῆς

195 2044 592 2115 ἐγρηγόρσεως
645 2041 1009 2112 ὑπεχάλασεν,
1044 2039 1164 2097 εἶτα
1197 2047 1524 2118 ἐγρήγορσις
1561 2047 1622 2100 τὸ
1652 2048 1798 2102 ἀνει-

199 2134 369 2204 μένον
399 2133 657 2186 ἐτόνωσε.
686 2134 800 2187 Καὶ
836 2135 1116 2206 οὐδέτερον
1140 2135 1345 2191 τούτων
1373 2140 1431 2191 ἐν
1457 2139 1537 2210 τῷ
1559 2141 1801 2211 διηνεκεῖ

198 2226 498 2297 συμμένει,
547 2225 665 2279 ἀλλ’
699 2226 977 2299 ὑποχωρεί
1013 2231 1135 2291 ταῖς
1181 2230 1506 2300 παρουσίαις
1552 2229 1801 2302 ἀλλήλων

198 2317 516 2388 ἀμφότερα,
545 2318 690 2372 οὕτω
716 2319 817 2389 τῆς
837 2319 1053 2388 φύσεως
1081 2320 1279 2392 ἑαυτὴν
1307 2325 1427 2386 ταῖς
1461 2323 1802 2392 ὑπαλλαγαῖς

200 2409 688 2482 άνακαινιζούσης,
725 2410 802 2475 ὡς
831 2411 1110 2484 ἑκατέρων
1132 2413 1189 2464 ἐν
1219 2412 1298 2483 τῷ
1344 2413 1501 2486 μέρει
1533 2415 1803 2486 μεταλαγ-

202 2504 480 2575 χάνουσαν
525 2504 912 2568 ἀδιασπάστως
937 2504 1046 2558 ἀπὸ
1082 2505 1177 2565 τοῦ
1224 2506 1414 2576 ἐτέρου
1457 2507 1803 2577 μεταϐαίνειν

202 2598 299 2649 ἐπὶ
327 2598 390 2650 τὸ
422 2598 635 2670 ἓτερον.
668 2596 743 2650 T6
767 2614 827 2650 τε
849 2597 960 2669 γάρ
981 2597 1275 2661 διαπαντὸς
1299 2599 1657 2653 συντετάσθαι
1684 2603 1805 2662 ταῖς

201 2688 514 2756 ἐνεργείαις
543 2687 604 2740 τὸ
642 2687 803 2752 ζῶον,
839 2684 996 2759 ῥῆξίν
1029 2705 1153 2742 τινα
1195 2689 1290 2742 καὶ
1327 2689 1668 2760 διασπασμὸν
1696 2690 1804 2742 τῶν

201 2781 684 2852 ὕπερτεινομένων
735 2782 971 2833 ποιεῖται
1019 2781 1206 2852 μερῶν
1227 2797 1240 2811 ’
1272 2781 1307 2851 ἤ
1330 2798 1388 2834 τε
1414 2782 1668 2854 διηνεκὴς
1709 2779 1804 2834 τοῦ

203 2870 467 2942 σώματος
509 2872 694 2937 ἄνεσις
737 2871 1033 2926 διάπτωσιν
1069 2885 1190 2928 τινα
1218 2873 1311 2926 τοῦ
1349 2873 1680 2938 συνεστῶτος
1713 2874 1808 2927 καὶ

201 2965 368 3017 λύσιν
404 2965 720 3034 ἐργάζεται.
753 2961 826 3017 Τὸ
853 2965 909 3017 δὲ
939 2965 1084 3020 κατά
1109 2965 1302 3037 καιρὸν
1338 2965 1578 3037 μετρίως
1613 2967 1807 3020 ἐκατέ-

207 3076 326 3129 ρων
357 3056 767 3127 ἐπιτυγχάνειν,
810 3051 1042 3129 δύναμις
1089 3051 1226 3129 πρὸς
1253 3057 1518 3130 διαμονήν
1557 3061 1673 3112 ἐστι
1705 3060 1809 3130 τῆς

207 3149 454 3219 φύσεως,
477 3149 567 3203 διὰ
600 3152 700 3222 τῆς
735 3150 1017 3220 διηνεκοῦς
1047 3145 1185 3222 πρὸς
1221 3150 1292 3204 τά
1333 3152 1684 3223 ἀντικείμενα
1716 3169 1813 3222 με·
1838 3132 1882 3190 C

206 3241 504 3306 ταϐάσεως
537 3242 596 3294 ἐν
627 3238 912 3314 ἑκατέροις
937 3237 1136 3315 ἑαυτὴν
1167 3234 1278 3297 ἀπὸ
1309 3244 1421 3297 τῶν
1451 3244 1655 3316 ἐτέρων
1688 3246 1816 3298 ἀνα·

210 3335 524 3407 παυούσης.
560 3335 718 3389 Οὕτω
754 3329 932 3389 τοίνυν
971 3335 1335 3407 τἐτονωμένον
1370 3337 1460 3391 διά
1510 3337 1614 3409 τῆς
1650 3340 1816 3410 ἐγρη-

211 3426 466 3500 γόρσεως
516 3421 580 3480 τό
629 3427 788 3498 σῶμα
833 3427 1096 3496 λαϐοῦσα,
1137 3428 1294 3483 λύσιν
1338 3430 1556 3500 ἐμποιεῖ
1597 3429 1686 3483 διά
1718 3429 1812 3483 τοῦ

217 3519 394 3574 ὕπνου
423 3517 506 3590 τῷ
528 3516 686 3590 τόνῳ,
717 3521 816 3584 τὰς
839 3520 1159 3591 αἰώητικὰς
1179 3521 1438 3592 δυνάμεις
1466 3523 1602 3592 πρὸς
1624 3522 1812 3595 καιρὸν

213 3613 284 3665 ἐκ
311 3611 424 3665 τῶν
441 3611 732 3682 ἐνεργειῶν
751 3613 1132 3679 ἀναπαύσασα,
1157 3606 1268 3666 οἷόν
1285 3631 1439 3677 τινας
1459 3615 1658 3678 ἵππους
1677 3613 1818 3685 μετά

212 3703 348 3766 τοὺς
382 3701 605 3770 ἀγῶνας
637 3702 745 3756 τῶν
789 3703 1050 3774 ἁρμάτων
1087 3703 1384 3758 ἐκλύσασα.
1429 3704 1728 3773 Ἀναγκαία
1756 3703 1815 3758 δὲ

213 3801 287 3868 τῇ
322 3796 587 3850 συστάσει
628 3795 722 3849 τοῦ
759 3796 1012 3867 σώματος
1052 3796 1087 3867 ὴ
1117 3795 1376 3869 εὔκαιρος
1411 3796 1614 3857 ἄνεσις,
1642 3797 1718 3862 ὼς
1751 3795 1816 3850 ἂν

217 3890 526 3952 ἀκωλύτως
557 3892 642 3957 ἐφ’
670 3889 816 3943 άπαν
838 3883 900 3943 τό
933 3889 1092 3960 σῶμα
1123 3889 1212 3944 διὰ
1238 3889 1349 3943 τῶν
1379 3891 1437 3943 ἐν
1461 3889 1609 3960 αὐτῷ
1635 3891 1817 3961 πόρων

219 3985 258 4052 ὴ
292 3981 474 4052 τροφὴ
518 3980 805 4051 διαχέοιτο,
853 3981 1082 4052 μηδενὸς
1113 3981 1268 4034 τόνου
1306 3983 1374 4052 τῇ
1416 3981 1572 4053 διόδῳ
1599 3999 1817 4054 παρεμ-

217 4073 561 4136 ποδίζοντος.
615 4072 880 4143 Καθάπερ
918 4073 1026 4144 γὰρ
1073 4073 1138 4124 ἐκ
1195 4072 1296 4142 τῆς
1356 4073 1644 4144 διαϐρόχου
1688 4075 1812 4144 γῆς,

218 4167 355 4219 ὅταν
402 4164 690 4236 ἐπιλάμψῃ
731 4163 1088 4236 θερμοτέραις
1126 4165 1341 4218 ἀκτῖσιν
1378 4167 1406 4218 ὁ
1446 4166 1619 4236 ἥλιος,
1653 4166 1816 4237 ἁτμοί

219 4276 374 4322 τινες
409 4255 735 4328 ὁμιχλώδεις
766 4256 873 4310 ἀπὸ
901 4255 997 4309 τοῦ
1028 4256 1226 4328 βάθους
1269 4257 1606 4312 ἀνέλκονται·
1632 4259 1821 4329 ὅμοιόν

220 4370 278 4406 τι
311 4351 526 4421 γίνεται
559 4349 652 4402 καὶ
673 4350 730 4400 ἐν
754 4351 825 4420 τῇ
853 4347 976 4402 καθ’
1013 4350 1162 4420 ἡμᾶς
1189 4351 1284 4420 γῇ,
1312 4349 1412 4420 τῆς
1444 4350 1650 4421 τροφῆς
1685 4349 1818 4402 εσω-

225 4444 321 4496 θεν
360 4442 469 4494 ὑπὸ
494 4441 593 4511 τῆς
626 4441 861 4512 φυσικῆς
890 4441 1224 4512 θερμότητος
1251 4439 1604 4512 άναζεούσης.
1651 4442 1815 4494 Ἀνω-
1851 4469 1894 4525 D

224 4536 420 4606 φερεῖς
446 4533 503 4586 δὲ
537 4533 689 4596 ὄντες
717 4534 766 4586 οἱ
808 4533 973 4601 ἀτμοὶ
1009 4533 1154 4586 κατὰ
1193 4532 1373 4602 φύσιν,
1415 4534 1507 4586 καὶ
1537 4531 1817 4604 ἀερώδεις,

225 4628 326 4680 καὶ
358 4625 500 4696 1:96.;
524 4625 585 4678 τὸ
617 4625 1013 4694 ὑπερκείμενον
1040 4624 1421 4688 ἀναπνέοντες,
1449 4627 1508 4678 ἐν
1540 4629 1652 4689 τοῖς
1683 4629 1822 4679 κατὰ

225 4719 331 4788 τὴν
368 4715 616 4786 κεφαλὴν
657 4716 897 4784 γίνονται
947 4714 1190 4785 χωρίοις,
1222 4712 1333 4769 οἷόν
1372 4733 1455 4780 τις
1498 4717 1704 4781 καπνὸς
1742 4719 1822 4781 εἰς

228 4808 504 4879 ἁρμονίαν
539 4808 720 4878 τοίχου
749 4806 1094 4878 διαδυόμενος
1113 4825 1126 4838 ⁸
1163 4803 1285 4862 εἶτα
1305 4809 1556 4863 ἐντεῦθεν
1584 4811 1676 4863 ἐπὶ
1696 4811 1823 4873 τοὺς

228 4899 342 4951 τῶν
376 4898 747 4969 αἰσθητηρίων
790 4897 988 4969 πόρους
1041 4897 1454 4970 ἐξατμιζόμενοι
1502 4900 1824 4972 διαφοροῦν-

229 5007 346 5052 ται,
373 4989 442 5042 δι’
475 4986 551 5042 ὧν
584 4991 746 5060 ἀργεῖ
782 4989 902 5042 κατ’
940 4990 1241 5062 ἀνάγκηνή
1276 4991 1546 5062 αἴσθησις,
1580 4996 1644 5065 τῇ
1680 5009 1823 5064 παρ-

232 5081 338 5152 όδῳ
362 5081 474 5132 τῶν
513 5080 699 5150 ἀτμῶν
727 5081 949 5134 ἐκείνων
973 5081 1285 5147 ὑπεξιοῦσα.
1315 5085 1380 5136 Αἰ
1407 5083 1507 5154 μὲν
1529 5083 1637 5155 γὰρ
1672 5085 1824 5153 ὄψεις

234 5176 344 5235 τοῖς
398 5171 688 5242 βλεφάροις
728 5171 1210 5242 ἐπιλαμϐάνονται,
1250 5168 1360 5227 οἷόν
1403 5191 1542 5238 τινος
1579 5175 1825 5245 μηχανῆς

238 5261 590 5334 μολυϐδίνης,
631 5261 726 5315 τοῦ
768 5263 1008 5317 τοιούτου
1052 5265 1194 5334 λέγω
1235 5266 1454 5339 βάρους,
1488 5271 1602 5332 τοῖς
1629 5269 1826 5337 ὀφθαλ-

239 5360 365 5426 μοῖς
409 5353 756 5424 ἐπιχαλώσης
799 5355 860 5408 τὸ
909 5355 1198 5429 βλέφαρον.
1235 5359 1578 5427 Παχυνθεῖσα
1623 5358 1680 5413 δέ
1712 5361 1826 5422 τοῖς

237 5446 428 5507 αὐτοῖς
449 5443 663 5508 τούτοις
697 5446 891 5515 ἀτμοῖς
916 5447 950 5516 ἠ
975 5446 1137 5518 ἀκοὴ,
1175 5449 1426 5520 καθάπερ
1468 5448 1638 5522 θύρας
1681 5447 1826 5511 τινὸς

245 5539 352 5599 τοῖς
393 5536 742 5601 ἀκουστικοῖς
787 5538 997 5608 μορίοις
1045 5539 1408 5611 ἐπιτεθείσης,
1451 5541 1681 5612 ἡσυχίαν
1717 5540 1827 5596 ἀπὸ

240 5627 339 5698 τῆς
359 5627 509 5683 κατὰ
534 5628 696 5698 φύσιν
728 5629 1006 5700 ἐνεργείας
1043 5629 1167 5700 ἄγει
1186 5646 1202 5660 ο
1237 5631 1334 5685 καὶ
1370 5625 1432 5684 τὺ
1459 5631 1694 5686 τοιοῦτον
1722 5632 1827 5687 πά-

242 5719 334 5783 θος
367 5717 536 5800 ὕπνος
582 5721 754 5786 ἐστὶν,
780 5722 1125 5793 ἀτρεμούσης
1152 5724 1212 5778 ἐν
1240 5723 1320 5794 τῷ
1359 5725 1572 5794 σώματι
1605 5725 1706 5798 τῆς
1745 5725 1827 5778 αἰ-

1899 1873 2202 1936 contraque
2228 1866 2456 1936 rcpletio
2479 1865 2739 1920 vacuitati
2777 1863 3047 1919 succedit.-
3077 1862 3319 1917 Somnus
3350 1875 3488 1916 con-

1898 1958 2085 2014 tinuas
2107 1957 2324 2028 vigilias
2349 1956 2582 2013 remittit
2611 1975 2627 2012 :
2654 1955 2875 2027 vigiliae,
2927 1954 3074 2025 quod
3106 1955 3344 2010 laxatum
3375 1964 3482 2017 est,

1865 2060 1867 2062 '
1899 2050 2144 2106 vicissim
2175 2048 2427 2105 tendunt.
2459 2047 2727 2103 Neutrum
2758 2048 2955 2102 horum
2999 2048 3264 2101 continuo
3301 2047 3484 2107 durat.

1901 2142 1995 2198 sed
2033 2143 2268 2198 alterum
2302 2142 2463 2198 alteri
2499 2145 2708 2196 mutuis
2733 2141 2954 2196 vicibus
2981 2140 3252 2204 succedit,
3287 2149 3486 2194 natura

1902 2233 2139 2302 seipsam
2175 2231 2495 2302 hujusmodi
2525 2219 3004 2288 vicissitudinibus
3030 2234 3396 2291 instaurante.
3429 2233 3488 2285 ut

1903 2323 2067 2379 modo
2094 2325 2222 2387 hoc,
2250 2323 2412 2380 modo
2443 2325 2539 2378 illo
2584 2339 2705 2388 usa,
2735 2330 2998 2394 perpetuo
3028 2325 3097 2377 ab
3123 2339 3233 2377 uno
3263 2323 3331 2377 ad
3361 2325 3491 2378 altcé

1905 2432 2027 2470 rum
2070 2424 2341 2471 transeat.
2371 2415 2508 2470 Nam
2540 2416 2588 2471 si
2627 2431 2846 2486 semper
2873 2417 3019 2470 vires
3065 2416 3321 2471 animalis
3363 2430 3492 2470 con-

1905 2516 2066 2562 tenta
2091 2508 2223 2571 sint,
2261 2507 2435 2578 frangi
2463 2523 2529 2562 ac
2551 2508 2818 2578 disrumpi
2851 2507 3067 2562 tandem
3103 2507 3352 2562 membra
3393 2523 3490 2561 su-

1907 2614 2005 2670 pra
2033 2600 2254 2654 modum
2291 2611 2440 2656 tenta
2479 2614 2711 2666 necesse
2740 2608 2861 2667 est;
2894 2607 3199 2669 contraque
3224 2599 3492 2654 continua

1907 2694 2160 2766 corporis
2187 2695 2478 2758 relaxatio,
2511 2693 2586 2746 rei
2619 2695 2772 2762 quasi
2795 2692 3074 2747 corruenti
3110 2707 3175 2748 ac
3209 2691 3493 2748 dissolutae

1909 2784 2194 2839 interitum
2234 2784 2412 2840 aliert.
2455 2784 2599 2839 Usus
2646 2794 2826 2838 autem
2875 2786 3161 2854 utriusque
3209 2787 3494 2854 tempesti-

1907 2891 2012 2931 vus
2037 2883 2295 2931 naturam
2327 2885 2641 2940 conservat,
2675 2891 2796 2946 quae
2824 2876 2878 2930 in
2911 2885 3170 2946 perpetua
3204 2892 3386 2932 rerum
3419 2878 3495 2931 sis

1909 2969 2078 3025 bimet
2111 2969 2521 3025 adversantium
2570 2970 2974 3038 permutatione
3021 2983 3167 3024 nunc
3197 2970 3318 3036 hac,
3346 2979 3497 3025 nunc

1915 3062 2007 3116 illa
2056 3076 2116 3117 se
2164 3070 2405 3117 recreat.
2442 3061 2610 3131 Igitur
2647 3079 2771 3117 cum
2822 3077 2920 3132 per
2958 3063 3171 3134 vigilias
3218 3065 3499 3119 contentio

1916 3152 2116 3207 virium
2169 3167 2372 3221 corpus
2417 3152 2671 3206 nonnihil
2718 3153 3053 3244 debilittyit,
3103 3167 3298 3208 somno
3341 3154 3496 3208 laxa-

1917 3251 2034 3298 tum
2071 3244 2339 3299 reficitur.
2377 3243 2442 3297 Et
2480 3253 2540 3298 ut
2560 3246 2689 3314 equi
2721 3254 2846 3316 post
2877 3237 3180 3299 certamina
3213 3237 3504 3314 quadrigis

1915 3339 2256 3400 eximuntur,
2280 3337 2360 3390 sic
2383 3335 2674 3392 facultates
2707 3338 3012 3392 sentientes
3034 3336 3247 3406 agendo
3279 3337 3501 3392 lassatae

1916 3428 2231 3500 aliquandiu
2275 3444 2306 3482 a
2345 3437 2544 3482 natura
2594 3428 2839 3483 vicissim
2891 3435 3236 3484 recreantur.
3281 3425 3500 3483 Etenim

1915 3531 2004 3576 est
2053 3521 2368 3576 necessaria
2423 3536 2514 3576 res
2567 3519 2636 3574 ad
2691 3521 3168 3575 conservationem
3222 3521 3498 3590 corporis,

1917 3613 2242 3683 tempestiva
2291 3611 2572 3681 remissio,
2611 3620 2671 3666 ut
2702 3620 2818 3666 toto
2857 3612 2912 3666 in
2959 3627 3195 3682 corpore
3233 3626 3334 3682 per
3367 3626 3507 3667 suos

1917 3713 2135 3761 meatus
2165 3704 2285 3760 sine
2309 3704 2460 3759 omni
2498 3703 2891 3773 impedimento
2913 3703 3025 3758 cibi
3055 3702 3346 3766 didantur,
3378 3705 3504 3758 nu‘l-~

1918 3797 1970 3851 la
2004 3797 2245 3867 partium
2293 3796 2606 3852 intensione
2653 3796 2760 3850 hoc
2797 3796 2962 3866 quasi
3006 3796 3112 3850 iter
3149 3794 3499 3851 obstruente.

1918 3883 2394 3955 Quemadmodum
2422 3890 2568 3944 enim
2604 3905 2669 3944 ex
2707 3898 2853 3944 terra
2885 3889 3096 3959 irrigua
3125 3903 3359 3959 vapores
3403 3902 3501 3942 ca«1

1919 3981 2144 4052 liginosi
2195 3981 2263 4036 ab
2315 3981 2430 4036 imo
2456 3981 2830 4047 attrahuntur,
2873 3984 3219 4051 maximeque
3260 3996 3386 4036 cum
3417 3981 3504 4036 sol

1919 4071 2108 4127 radios
2143 4071 2440 4126 calidiores
2465 4072 2676 4141 spargit
2709 4089 2722 4127 :
2766 4071 2954 4125 itidem
2991 4071 3165 4126 nostri
3207 4069 3263 4124 in
3296 4069 3501 4140 opiflcii

1917 4164 2037 4218 solo
2065 4164 2344 4227 usuvenit,
2377 4162 2518 4218 cibis
2557 4163 2698 4216 intra
2738 4177 2842 4217 nos
2874 4176 2972 4231 per
2998 4161 3238 4217 calorem
3278 4171 3503 4217 natura-

1919 4258 2028 4312 lem
2057 4257 2478 4313 ebullientibus.
2527 4256 2776 4326 Cumque
2803 4269 3040 4324 vapores
3087 4270 3117 4308 a
3147 4263 3345 4309 natura
3373 4270 3502 4310 sur-

1919 4366 2042 4406 sum
2070 4350 2320 4413 tendant,
2356 4356 2411 4405 et
2455 4349 2602 4404 aerei
2647 4350 2784 4414 sint,
2837 4350 2894 4403 lit
2925 4356 2986 4402 ut
3025 4349 3078 4404 in
3117 4348 3255 4405 locis
3305 4350 3507 4418 capitis

1921 4442 2236 4506 considant,
2277 4450 2331 4496 et
2361 4441 2588 4512 perinde
2618 4450 2784 4509 atque
2820 4441 3004 4496 fumus
3033 4457 3128 4512 per
3162 4444 3312 4513 ipsas
3335 4443 3504 4498 etiam

1921 4533 2085 4603 quasi
2139 4533 2368 4604 parietis
2419 4531 2820 4588 commissuras
2879 4537 3186 4603 penetrant.
3247 4531 3380 4589 Inde
3432 4533 3505 4588 ad

1921 4633 2137 4680 meatus
2197 4637 2532 4694 organorum
2585 4635 2786 4677 senSus
2835 4624 3100 4693 paulatim
3151 4622 3507 4693 eVaporantlo

1922 4714 2109 4779 delati,
2142 4713 2352 4785 passim
2383 4727 2508 4769 sese
2537 4711 2896 4782 permisceat,
2931 4723 2993 4766 ut
3027 4726 3251 4770 sensum
3281 4728 3499 4766 omnem

1924 4806 2166 4862 otiosum
2204 4803 2362 4860 reddi
2402 4818 2634 4860 necesse
2675 4803 2767 4866 sit,
2807 4803 3094 4859 cedentem
3137 4803 3397 4858 halitibus
3436 4804 3506 4857 il»

1924 4897 1994 4952 lis
2028 4910 2235 4966 organa
2268 4910 2332 4950 ea
2360 4895 2784 4966 occupantibus.
2829 4890 2986 4950 Oculi
3031 4909 3060 4947 a
3112 4895 3393 4964 palpebris
3423 4904 3505 4948 te-

1925 4988 2467 5058 guntuerjusmodi
2489 5003 2753 5058 vaporum
2778 4989 3022 5058 pondere
3044 4995 3305 5056 tanquam
3329 4985 3505 5055 plum-

1926 5079 2026 5132 hea
2069 5079 2323 5134 machina
2355 5079 2594 5148 quadam
2635 5079 2926 5149 palpebras
2955 5079 3133 5133 oculis
3176 5078 3504 5132 obtlueente.

1925 5168 2162 5224 Auditus
2205 5170 2275 5224 ab
2307 5170 2504 5225 iisdem
2555 5170 2876 5225 obstructus
2922 5169 3208 5233 halitibus,
3241 5171 3509 5237 quaedam

1927 5263 2084 5331 quasi
2117 5261 2267 5318 fores
2306 5263 2555 5332 partibus
2595 5261 2806 5318 auditui
2837 5261 3129 5318 destinatis
3155 5262 3326 5323 obdit,
3359 5271 3414 5315 et
3439 5261 3512 5313 ab

1928 5354 2148 5408 actione
2178 5369 2278 5409 sua
2315 5354 2554 5408 naturali
2593 5364 2794 5411 cessat.
2833 5352 3014 5424 Atque
3045 5350 3509 5423 hujusmodiquia

1926 5444 2048 5500 dem
2101 5445 2318 5502 atl‘ectio
2373 5446 2624 5516 corporis
2675 5461 2902 5502 somnus
2941 5445 3167 5511 dicitur,
3225 5459 3392 5499 sensu
3449 5443 3509 5497 in

1928 5554 2162 5609 corpore
2208 5540 2549 5609 quiescente,
2580 5552 2636 5596 et.
2681 5540 2750 5595 ab
2787 5540 2939 5594 omni
2987 5549 3140 5593 motu
3175 5538 3509 5600 abstinente,

1929 5639 1989 5684 ut
2020 5629 2172 5685 facili
2205 5631 2421 5687 ratione
2449 5632 2610 5687 cibus
2637 5632 2882 5697 didatur,
2910 5641 2965 5687 et
2994 5645 3104 5685 una
3132 5646 3258 5686 cum
3288 5629 3508 5700 vapori-

1930 5720 2036 5778 bus
2068 5722 2181 5779 illis
2213 5739 2310 5794 per
2341 5731 2556 5782 meatus
2585 5724 2834 5795 singulos
2873 5732 3140 5796 penetret.
