3886 6214
396 273 500 330 167

1627 276 1685 332 S.
1727 272 2056 332 GREGORII
2091 267 2384 331 NYSSENI

3554 273 3656 330 168

399 396 664 468 σθήσεως,
687 397 781 450 καὶ
802 391 1144 452 παντάπασιν
1167 398 1232 451 ἐκ
1267 398 1365 467 τῆς
1401 396 1543 452 κατὰ
1583 398 1744 467 φύσιν
1781 400 2046 468 κινήσεως
2083 397 2494 468 ἀπρακτούσης,
2525 394 2602 460 ώς
2639 394 2705 450 ἂν
2739 395 3054 466 εύπόρευτοι
3088 395 3350 464 γένωνται
3388 395 3487 465 τῆς
3537 412 3660 468 τρο-

394 492 504 563 φῆς
532 493 588 546 αί
621 493 919 558 ἀναδόσεις,
947 495 1014 548 δι’
1043 494 1275 548 ἑκάστου
1304 493 1414 547 τῶν
1441 494 1622 565 πόρων
1645 497 1758 557 τοῖς
1781 495 1976 564 ἀτμοῖς
2004 493 2420 562 συνδιεξιούσης.

468 581 598 635 Eam
613 585 683 637 ob
704 600 814 638 rem
833 599 957 639 cum
981 584 1099 638 loca
1114 587 1318 654 passim
1340 590 1486 639 circa
1508 599 1768 640 sensuum
1782 599 1982 654 organa

2159 585 2266 638 Καὶ
2293 583 2484 636 τούτου
2528 583 2688 653 χάριν
2729 583 2778 635 εἰ
2831 584 3210 652 στενοχωροῖτο
3259 583 3358 650 μέν
3407 581 3512 634 ὑπὸ
3561 583 3661 652 τῆς

394 685 495 743 per
530 673 905 730 exhalationes
933 676 1236 731 interiores
1285 676 1671 741 obstruuntur,
1726 691 1975 731 somnum

397 773 580 818 autem
609 764 772 818 rebus
813 765 887 818 ita
920 767 1274 834 poscentibus
1313 766 1563 835 impediri
1602 773 1688 820 est
1716 780 1974 820 necesse:

401 862 514 909 tum
547 872 676 926 ergo
719 867 900 925 partes
925 873 1138 913 nerveae
1169 874 1206 910 'a
1234 858 1524 927 vaporibus
1556 865 1856 927 occupata,
1883 873 1979 910 na-

399 955 523 1001 tura
558 964 657 1003 sua
703 950 914 1017 scipsas
951 949 1312 1010 contendunt,
1351 957 1407 1002 ut
1450 949 1550 1002 hac
1575 949 1894 1003 extensione
1928 947 1980 1000 id

400 1039 550 1109 quod
584 1055 678 1108 per
704 1040 1082 1095 exhalationes
1110 1040 1355 1094 crassius
1379 1049 1497 1093 erat
1526 1040 1822 1102 redditum,
1857 1055 1981 1091 rur-

402 1150 498 1189 sus
531 1141 864 1188 attenuetur.
911 1133 1031 1187 Non
1076 1134 1235 1187 aliter
1273 1145 1436 1203 atque
1470 1134 1581 1186 ﬁeri
1617 1133 1886 1197 videmus,
1927 1141 1983 1185 ut

401 1223 752 1300 vehementer
779 1223 1218 1293 contorquendo,
1249 1225 1494 1278 vestibus
1523 1224 1642 1276 udis
1675 1221 1872 1274 humor
1888 1235 1984 1275 ει·-

403 1316 693 1382 primatur.
744 1314 887 1368 Idem
925 1314 1129 1368 halitus
1162 1315 1206 1369 si
1235 1316 1456 1383 quando
1507 1315 1612 1367 illis
1641 1329 1706 1366 ex
1739 1310 1984 1381 partibus

401 1404 704 1474 expellendi
732 1416 882 1467 sunt,
919 1421 1040 1474 qua:
1071 1414 1253 1475 partes
1277 1406 1344 1458 ad
1368 1405 1553 1459 fauces
1586 1403 1722 1468 sitae,
1754 1413 1809 1458 et
1835 1401 1986 1457 orbis

405 1497 654 1566 ﬁguram,
687 1508 740 1550 et
765 1513 1018 1565 magnam
1048 1511 1338 1552 nervorum
1361 1497 1573 1564 copiam
1595 1496 1828 1550 habent:
1859 1510 1982 1548 cum

404 1587 518 1641 Ileri
542 1602 650 1641 non
677 1589 871 1655 possit.
903 1597 960 1640 ιιι
983 1587 1285 1641 membrum
1307 1587 1452 1656 quod
1480 1588 1770 1641 rotundum
1792 1592 1900 1650 est,
1930 1584 1986 1638 in

405 1687 613 1731 rectum
634 1679 978 1740 extendatur,
1007 1679 1340 1748 omninoque
1367 1678 1499 1732 illud
1524 1679 1738 1731 dilatari
1766 1692 1990 1732 necesse

405 1769 480 1824 sit
513 1769 567 1822 in
597 1768 884 1823 circularis
917 1769 1104 1839 ﬁgura:
1141 1770 1416 1836 .formam;
1460 1770 1673 1823 idcirco
1701 1769 1898 1838 spiritu
1933 1769 1987 1822 in

397 1862 735 1940 pscitatione
785 1869 1029 1930 recepto,
1065 1871 1355 1931 mentoque
1394 1861 1574 1930 gulam
1607 1860 1748 1914 infra
1787 1860 1866 1914 sic
1892 1860 1985 1913 de-

414 1969 629 2022 presso.
683 1960 740 2005 ut
791 1953 1079 2007 cavitatem
1118 1952 1332 2016 elliciat,
1371 1952 1631 2006 omnibus
1683 1951 1846 2006 etiam
1909 1951 1992 2004 in-

406 2046 701 2101 terioribus
761 2046 815 2098 in
865 2044 1056 2099 circuli
1099 2044 1323 2114 figuram
1371 2043 1752 2107 conformatis,
1811 2041 1990 2096 fumea

408 2137 601 2192 isthaec
644 2137 947 2201 crassities,
985 2150 1106 2205 qua“:
1139 2135 1193 2188 in
1231 2134 1494 2188 membris
1545 2133 1844 2197 resederat,
1883 2148 1990 2186 una

407 2243 534 2282 eum
572 2228 776 2294 spiritu
833 2225 1174 2295 propellitur.
1232 2223 1531 2278 Usuvenire
1571 2235 1754 2278 autem
1805 2224 1994 2292 hujus—

410 2319 556 2371 modi
581 2317 837 2385 quiddam
868 2317 1022 2370 nobis
1058 2315 1369 2386 frequenter
1408 2323 1463 2370 et
1488 2331 1518 2368 a
1543 2330 1736 2370 somno
1761 2315 1994 2384 plerum-

409 2427 517 2480 que
550 2411 708 2474 solet,
749 2425 873 2463 cum
907 2425 1096 2463 eorum
1149 2409 1417 2462 halituum
1452 2409 1657 2478 aliquid
1695 2410 1828 2462 locis
1866 2409 1993 2476 qui-

411 2502 642 2558 busdam
675 2511 919 2571 superat,
956 2500 1199 2554 nondum
1248 2506 1384 2555 satis
1417 2509 1762 2565 concoctum,
1815 2515 1992 2568 neque

411 2595 760 2664 dissipatum.
797 2593 870 2646 Ex
902 2594 986 2647 his
1016 2595 1304 2662 perspicue
1334 2601 1500 2662 patet,
1534 2601 1768 2648 mentem
1803 2593 1994 2646 huma-

413 2702 538 2742 nam
582 2694 864 2756 perpetuo,
917 2685 963 2740 si
1005 2695 1057 2739 et
1089 2687 1296 2755 integra
1337 2696 1527 2738 natura
1560 2686 1652 2745 sit.
1703 2693 1758 2738 et
1789 2687 1993 2755 vigilet,

412 2779 687 2834 eﬂicacem
718 2794 861 2842 esse,
894 2793 957 2832 ac
983 2777 1216 2831 moveri.
1251 2775 1344 2829 Sin
1375 2790 1438 2830 ea
1469 2790 1660 2829 somno
1693 2776 1762 2830 sit
1790 2775 1994 2840 laxata,

415 2882 567 2928 motu
598 2882 651 2926 et
689 2874 861 2942 ipsam
885 2889 987 2927 suo
1017 2887 1225 2926 carere.
1260 2869 1374 2924 Nisi
1409 2871 1534 2938 quis
1571 2869 1709 2924 forte
1737 2869 1808 2924 sit
1846 2884 1910 2923 ea
1942 2869 1994 2922 iu

415 2965 712 3026 sententia,
743 2973 802 3018 ut
825 2964 1271 3035 imaginationem
1298 2963 1359 3016 in
1401 2962 1633 3017 somniis
1659 2962 1856 3016 mentis
1876 2976 1999 3015 esse

414 3067 646 3118 motum,
669 3055 761 3125 qui
796 3055 1014 3110 homine
1042 3056 1204 3109 etiam
1238 3054 1544 3108 dormiente
1581 3069 1688 3108 non
1724 3054 1995 3122 quiescat,

415 3149 692 3216 opinetur.
731 3146 992 3215 Equidem
1037 3147 1116 3199 sic
1163 3152 1365 3207 statuo,
1408 3153 1618 3197 tantum
1671 3144 1995 3214 prudentem

2081 674 2292 727 ἔνδοθεν
2341 674 2758 744 ἀναθυμιάσεως
2805 676 2836 744 ἡ
2881 675 3008 745 περὶ
3059 673 3127 727 τά
3172 670 3496 745 αἰσθητήρια
3540 675 3662 726 δια-

2083 768 2285 836 σκευὴ,
2337 765 2598 819 κωλύοιτο
2651 767 2707 819 δὲ
2763 765 2906 819 κατά
2946 782 3069 818 τινα
3131 766 3318 834 χρείαν
3365 767 3394 816 ὁ
3453 764 3658 827 6mm;-

2083 858 2288 929 πλῆρες
2317 858 2606 926 γενόμενον
2644 855 2752 909 τῶν
2776 855 2965 926 ἀτμῶν
2997 855 3056 908 τὸ
3090 855 3376 925 νευρῶδες,
3406 856 3537 907 αὐτὸ
3571 855 3664 921 ὑφ’

2083 951 2276 1003 ἐαυτοῦ
2304 948 2546 1018 φυσικῶς
2580 948 2923 1010 διατείνεται,
2955 947 3026 1009 ὡς
3063 947 3149 999 διὰ
3175 947 3274 1016 τῆς
3298 947 3571 1007 ἐκτάσεως
3603 944 3666 996 τὸ

2085 1039 2352 1110 παχυνθὲν
2384 1039 2486 1091 ὑπὸ
2514 1039 2620 1091 τῶν
2653 1038 2840 1108 ἀτμῶν
2877 1039 3040 1108 μέρος
3067 1038 3518 1108 ἐκλεπτυνθῆναι·
3554 1035 3668 1091 οἷόν

2085 1151 2137 1187 τι
2163 1132 2408 1186 ποιοῦσιν
2442 1135 2489 1185 οἱ
2517 1133 2603 1186 διὰ
2640 1133 2740 1203 τῆς
2785 1131 3146 1202 σφοδροτέρας
3191 1127 3576 1198 στρεϐλώσεως
3607 1129 3669 1179 τὸ

2086 1224 2228 1295 ὕδωρ
2251 1224 2357 1276 τῶν
2387 1224 2614 1293 ἱματίων
2638 1223 2998 1285 ἐκθλίόοντες.
3028 1221 3131 1274 Καὶ
3155 1221 3342 1290 ἐπειδὴ
3365 1219 3671 1288 κυκλοτερῆ

2084 1317 2153 1369 τὰ
2179 1317 2307 1386 περὶ¹
2334 1318 2426 1368 τὸν
2456 1315 2712 1387 φάρυγγα
2735 1315 2899 1386 μέρη,
2926 1313 3210 1379 πλεονάζει
3237 1313 3294 1365 δὲ
3318 1312 3378 1364 τὸ
3404 1310 3673 1381 νευρῶδες

2088 1411 2144 1460 ἐν
2174 1408 2411 1470 τούτοιςο
2445 1408 2573 1459 ὅταν
2605 1407 2698 1460 καὶ
2725 1406 2833 1459 ἀπὸ
2874 1407 3076 1459 τούτων
3104 1405 3403 1476 ἐξωσθῆναι
3432 1404 3539 1456 δέοι
3571 1403 3673 1472 τὴν

2088 1498 2196 1551 τῶν
2233 1498 2424 1569 ἀτμῶν
2464 1498 2842 1570 παχυμέρειαν
2878 1498 3087 1569 (ἐπειδὴ
3132 1496 3412 1567 ἀμήχανόν
3455 1497 3572 1547 ἐστι
3603 1495 3675 1546 δι’

2089 1591 2298 1654 εὐθείας
2323 1593 2603 1644 ἀποτεῖναι
2623 1591 2683 1643 τὸ
2710 1591 3015 1654 κυκλοειδές
3047 1590 3231 1660 μέρος,
3264 1591 3310 1641 εί
3348 1589 3422 1658 μὴ
3449 1587 3591 1640 κατά
3612 1585 3679 1638 τὸ

2090 1684 2386 1756 περιφερὲς
2429 1685 2613 1754 σχῆμα
2649 1683 2984 1755 διαταθείη)·
3037 1683 3228 1736 τούτου
3258 1681 3417 1754 χάριν
3463 1680 3676 1748 ἀπολη-

2093 1777 2316 1845 φθέντος
2345 1779 2402 1828 ἐν
2427 1780 2493 1848 τῇ
2528 1777 2715 1848 χάσμῃ
2747 1776 2841 1829 τοῦ
2870 1773 3198 1846 πνεύματος,
3231 1776 3318 1827 ὅτε
3347 1775 3376 1825 δ
3404 1772 3678 1842 άνθερεὼν

2092 1870 2184 1921 ἐπὶ
2214 1869 2273 1920 τὸ
2323 1869 2471 1922 κάτω
2501 1871 2614 1932 τοῖς
2653 1867 3037 1939 γαργαρεῶσιν
3084 1866 3538 1928 ὑποκοιλαίνεται,
3581 1864 3681 1916 καὶ

2087 1961 2200 2013 τῶν
2229 1960 2378 2023 ἐντὸς
2406 1961 2624 2014 πάντων
2663 1962 2743 2023 εἰς
2774 1961 2974 2013 κύκλου
3007 1959 3190 2029 σχῆμα
3234 1957 3613 2018 διαταθέντων,
3638 1956 3680 2009 ᾗ

2092 2052 2389 2122 λιγνυώδης
2439 2052 2620 2124 ἐκείνη
2678 2052 2924 2122 παχύτης
2976 2054 3008 2121 ἡ
3066 2052 3506 2121 ὲναπειλημμένη
3565 2054 3684 2112 τοῖς

2097 2147 2287 2217 μέρεσι
2346 2145 2748 2199 συνδιαπνεῖται
2807 2148 2872 2215 τῇ
2925 2144 3142 2214 διεξόδῳ
3194 2143 3287 2199 τοῦ
3343 2141 3682 2214 πνεύματος.

2087 2237 2361 2301 ’Πολλάκις
2380 2237 2459 2300 δέ,
2486 2237 2580 2289 καὶ
2603 2236 2851 2306 μετάτὺν
2879 2235 3044 2290 ὕπνον
3069 2231 3174 2288 οἶδε
3197 2235 3255 2287 τὸ
3274 2234 3513 2287 τοιοῦτον
3542 2251 3606 2286 συ
3615 2252 3688 2302 μι-

2095 2331 2322 2391 ϐαίνειν,
2357 2331 2483 2384 ὅταν
2529 2347 2579 2382 τι
2631 2330 2741 2382 τῶν
2784 2329 2976 2399 ἀτμῶν
3019 2328 3242 2381 ἐκείνων
3300 2326 3684 2398 περιλειφθείη

2095 2424 2206 2484 τοῖς
2231 2421 2415 2484 τόποις
2443 2421 2729 2492 ἄπεμπτόν
2761 2437 2820 2473 τε
2855 2421 2950 2474 καὶ
2982 2421 3389 2474 ἀδιάπνευστον.
3438 2420 3531 2472 Ἐκ
3557 2417 3656 2470 τού
3675 2450 3688 2457 ο

2097 2533 2202 2567 των
2226 2515 2402 2567 τοίνυν
2427 2516 2456 2567 ὁ
2483 2513 2821 2584 ἀνθρώπινος
2857 2512 2982 2575 νοῦς
3009 2512 3278 2565 δείκνυσιν
3301 2511 3567 2583 ἐναργῶς,
3599 2511 3686 2564 ὅτι

2095 2607 2196 2676 τῆς
2219 2605 2433 2675 φύσεως
2459 2605 2660 2675 ἔχεται,
2693 2606 3033 2678 συνεστώσης
3062 2607 3160 2674 μὲν
3181 2605 3271 2658 καὶ
3293 2603 3683 2675 ἐγρηγορυίας,

2098 2697 2192 2750 καὶ
2227 2697 2386 2760 αὐτὸς
2415 2697 2689 2767 συνεργῶν
2730 2697 2823 2750 καὶ
2862 2697 3209 2767 κινούμενοςο
3254 2694 3590 2766 παρεθείσης
3626 2695 3683 2748 δὲ

2097 2787 2173 2857 τῷ
2218 2786 2391 2856 ὕπνῳ,
2428 2787 2606 2856 μένων
2637 2786 2908 2858 ἀκίνητος,
2941 2790 2988 2841 εί
3042 2789 3115 2859 μή
3149 2805 3231 2851 τις
3259 2787 3367 2858 ἄρα
3405 2787 3505 2856 τὴν
3538 2787 3680 2839 ὀνει-

2100 2878 2244 2947 ρώδη
2270 2880 2570 2946 φαντασίαν
2594 2878 2682 2930 νοῦ
2714 2879 2925 2949 κίνησιν
2947 2879 3208 2932 ὑπολάϐοι
3233 2877 3372 2932 κατὰ
3399 2878 3491 2931 τὸν
3513 2877 3680 2930 ὕπνον

2099 2972 2520 3043 ἐνεργουμένην.
2563 2972 2749 3040 Ἡμεῖς
2789 2971 2847 3024 δέ
2893 2988 3074 3041 φαμεν
3115 2970 3282 3041 μόνην
3323 2971 3430 3023 δεῖν
3457 2969 3557 3039 τὴν
3583 2969 3680 3040 έμ-

2099 3065 2272 3135 φρονά
2303 3081 2360 3115 τε
2389 3065 2482 3116 καὶ
2514 3062 2854 3116 συνεστῶσαν
2883 3064 2984 3132 τῆς
3018 3063 3257 3126 διανοίας
3285 3063 3569 3134 ἐνέργειαν
3595 3063 3685 3114 ἐπὶ

2097 3157 2189 3208 τὸν
2238 3155 2361 3208 νοῦν
2399 3156 2719 3226 ἀναφέρειν·
2752 3161 2849 3218 τάς
2877 3155 2933 3207 δὲ
2977 3155 3114 3208 κατὰ
3150 3155 3241 3208 τὸν
3283 3155 3449 3208 ὕπνον
3480 3172 3686 3223 φαντα-

412 3249 471 3296 ct
502 3241 762 3308 integram
824 3238 1096 3307 cogitandi
1157 3237 1470 3290 facultatem
1522 3237 1691 3290 mcnli
1727 3251 1852 3292 esse
1884 3237 1986 3290 tri-

2101 3247 2308 3310 σιώδεις
2335 3247 2603 3318 φλυαρίας
2636 3246 2931 3315 ίνδάλματά
2966 3264 3086 3300 τινα
3128 3249 3224 3317 τῆς
3265 3247 3407 3302 κατά
3441 3247 3530 3300 τὸν
3561 3245 3687 3298 νοῦν

417 3331 712 3386 buendam.
741 3330 1080 3394 Quis-auum
1104 3343 1203 3398 per
1231 3343 1481 3381 somnum
1515 3344 1572 3382 se
1595 3327 1830 3382 oﬂ‘erunt
1865 3331 1999 3383 ima-

415 3423 642 3493 ginaria:
691 3437 873 3491 nugae,
932 3435 1032 3474 ceu
1086 3421 1379 3474 simulacra
1431 3420 1676 3489 quaedam
1724 3421 1999 3476 actionum

418 3515 640 3573 mentis,
697 3512 794 3564 bas
829 3511 898 3563 ab
944 3510 1112 3563 animi
1159 3525 1219 3564 ea
1249 3510 1430 3581 specie
1461 3527 1582 3580 qua:
1633 3511 1846 3567 ratione
1892 3529 2001 3566 non

421 3604 612 3665 utitur,
650 3613 864 3656 temere
909 3602 1034 3672 ﬁngi
1073 3601 1473 3656 existimamus.
1525 3601 1661 3656 Nam
1697 3604 1753 3658 in
1792 3605 1998 3667 animo,

418 3697 511 3767 qui
547 3710 739 3749 soumo
784 3695 1116 3764 praepeditus
1149 3709 1245 3765 per
1287 3710 1484 3750 sensus
1516 3711 1622 3749 non
1654 3696 1786 3765 agit,
1838 3698 2000 3752 etiam

423 3788 624 3842 mentis
658 3786 903 3841 actiones
949 3801 1169 3840 cessare
1221 3801 1444 3840 necesse
1495 3795 1598 3841 est.
1650 3785 1754 3842 Per
1806 3803 2002 3843 sensus

419 3880 565 3933 enim
613 3895 768 3933 mens
805 3879 1046 3932 humano
1099 3878 1317 3948 corpori
1366 3887 1734 3947 temperatura
1764 3880 1998 3949 quadam

419 3970 699 4040 jungitur:
733 3970 938 4024 idcirco
967 3970 1379 4039 quiescentibus
1409 3970 1462 4023 in
1489 3971 1698 4040 agendo
1722 3972 1999 4034 sensibus,

419 4065 582 4116 etiam
634 4068 868 4114 mentem
916 4062 1148 4114 otiosam
1197 4076 1338 4124 esse,
1393 4076 1523 4114 vero
1568 4071 2000 4116 consentaneum

423 4155 659 4207 maxime
709 4152 891 4209 fuerit.
935 4151 1086 4208 Licet
1127 4153 1228 4206 hoc
1277 4154 1368 4208 illo
1415 4169 1632 4224 quoque
1679 4165 2004 4224 argumento

421 4242 848 4313 deprehendere,
894 4243 1036 4312 quod
1060 4244 1310 4296 absurdis
1349 4243 1401 4297 in
1426 4243 1613 4309 rebus,
1649 4253 1814 4313 atque
1845 4246 2003 4300 etiam

423 4331 718 4404 aliquando
777 4334 830 4386 in
877 4335 944 4387 iis
996 4348 1117 4402 qua:
1155 4333 1270 4386 lieri
1326 4343 1621 4402 nequeunt,
1674 4334 2007 4392 dormientes

428 4423 778 4494 imaginando
818 4424 921 4478 sibi
955 4425 1159 4477 versari
1195 4423 1471 4478 videntur.
1526 4422 1686 4478 Nullo
1713 4425 1857 4478 enim
1892 4425 2006 4480 ﬁeri

429 4517 534 4571 hoc
571 4525 731 4588 pacto
760 4524 967 4587 posset,
1017 4518 1064 4571 si
1106 4516 1323 4571 animus
1355 4532 1420 4570 eo
1461 4527 1703 4588 tempore
1735 4533 1765 4572 ιι
1797 4521 2008 4574 ratione

423 4620 481 4664 et
519 4619 697 4664 mente
725 4609 1142 4678 gubernaretur.
1178 4609 1364 4678 Itaque
1400 4608 1531 4663 mihi
1560 4609 1794 4676 videtur,
1817 4611 2007 4664 animo

427 4705 730 4758 secundum
789 4701 1080 4756 facultates
1131 4703 1616 4771 praestantissimae
1666 4705 2005 4772 quiescente,

420 4795 729 4850 secundum
782 4803 1014 4849 mentem
1054 4805 1108 4849 ct
1141 4811 1392 4860 sensum,
1453 4796 1568 4851 sola
1619 4813 1746 4866 pars
1790 4813 1853 4852 ea
1887 4814 2009 4866 quae

429 4889 705 4944 nutriendi
748 4889 857 4942 vim
905 4888 1088 4949 habet,
1125 4888 1288 4941 nobis
1333 4887 1734 4942 dormientibus
1770 4888 2006 4942 ollicium

429 4981 642 5035 facere:
699 4981 752 5033 iu
801 4980 902 5033 hac
933 4979 1191 5034 nimirum
1235 4980 1502 5049 imagines
1535 4980 1780 5049 quaadam
1817 4996 2006 5036 eorum

427 5089 551 5144 qua:
577 5073 734 5128 nobis
758 5073 1107 5144 vigilantibus
1137 5082 1455 5137 occurrunt,
1489 5080 1544 5127 et
1568 5074 1726 5143 quasi
1750 5089 1816 5130 ex
1844 5075 2007 5146 longo

2103 3340 2381 3408 ἐνεργείας
2432 3337 2656 3409 οἰόμεθα
2705 3337 2782 3408 τῷ
2813 3337 3136 3408 ἀλογωτέρῳ
3181 3339 3281 3408 τῆς
3327 3338 3508 3409 ψυχῆς
3555 3339 3690 3391 εῖδει

2104 3431 2246 3484 κατὰ
2275 3431 2335 3483 τὸ
2375 3429 2590 3500 συμϐὰν
2620 3429 3057 3484 διαπλάττεσθαι.
3089 3430 3208 3482 Τῶν
3241 3429 3349 3500 γάρ
3382 3429 3690 3501 αἰσθήσεων

2101 3523 2201 3592 τὴν
2227 3522 2404 3592 ψυχὴν
2435 3521 2795 3574 ἀπολυθεῖσαν
2824 3521 2909 3574 διὰ
2937 3521 3032 3573 τοῦ
3059 3520 3248 3582 ὕπνου,
3289 3523 3382 3574 καὶ
3406 3520 3516 3574 τῶν
3545 3521 3693 3575 κατά

2103 3613 2226 3666 νοῦν
2267 3613 2556 3684 ἐνεργειῶν
2591 3611 2746 3675 ἐκτὸς
2772 3608 2910 3664 εἶναι
2947 3615 3068 3664 κατ’
3101 3612 3346 3682 ἀνάγκην
3374 3612 3691 3682 συμϐαίνει.

2103 3705 2204 3757 Διὰ
2235 3702 2342 3775 γὰρ
2371 3703 2577 3756 τούτων
2628 3701 2764 3772 πρὸς
2805 3701 2895 3753 τὸν
2928 3700 3214 3773 ἄνθρωπον
3250 3702 3281 3771 ή
3312 3699 3404 3752 τοῦ
3443 3699 3533 3753 νοῦ
3565 3716 3694 3752 συν-

2103 3797 2403 3867 ανάκρασις
2428 3795 2662 3863 γίνεταιο
2691 3793 2800 3846 τῶν
2824 3789 2920 3846 οὖν
2958 3792 3261 3863 αἰσθήσεων
3301 3791 3693 3862 παυσαμένων,

2105 3889 2296 3959 ἀργεῖν
2327 3887 2537 3956 ἀνάγκη
2569 3885 2661 3939 καὶ
2682 3884 2780 3957 τὴν
2801 3885 3060 3938 διάνοιαν.
3086 3883 3135 3936 Τ
3141 3884 3403 3954 εκμὴριον
3430 3881 3488 3934 δὲ
3512 3881 3572 3934 τὺ
3595 3883 3697 3935 καὶ

2105 3983 2162 4034 ὲν
2193 3981 2416 4042 ἀτόποις
2458 3980 2552 4032 καὶ
2584 3981 2642 4032 ἐν
2668 3977 2970 4049 ἀμηχάνοις
3021 3976 3281 4039 πολλάκις
3325 3976 3498 4028 δοκεῖν
3548 3970 3697 4026 εἶναι

2104 4075 2196 4126 τὸν
2243 4072 2676 4143 φανταζόμενοψ
2725 4070 2863 4140 ὅπερ
2907 4069 3007 4122 οὐκ
3054 4067 3120 4121 ἂν
3167 4065 3401 4134 ἐγένετο,
3445 4062 3700 4133 λογισμῷ

2103 4168 2199 4221 καὶ
2227 4166 2436 4235 διανοίᾳ
2456 4165 2554 4234 τῆς
2575 4161 2755 4233 ψυχῆς
2776 4159 3074 4231 τηνικαῦτα
3098 4157 3488 4226 διοικουμένης.
3531 4154 3703 4208 Ἀλλά

2111 4276 2199 4329 μοι
2224 4258 2370 4310 δοκεῖ
2400 4258 2519 4317 ταῖς
2563 4253 2983 4325 προτιμοτέραις
3020 4249 3128 4302 τῶν
3155 4249 3438 4316 δυνάμεων
3461 4244 3561 4314 τῆς
3591 4243 3702 4311 ψυ-

2109 4353 2204 4422 χῆς
2240 4349 2552 4420 ἠρεμούσης
2589 4347 2755 4417 (φημὶ
2783 4345 2840 4398 δὲ
2865 4347 2986 4407 ταῖς
3025 4341 3167 4396 κατὰ
3189 4341 3281 4392 τὸν
3320 4337 3442 4391 νοῦν
3469 4337 3567 4390 καὶ
3599 4335 3702 4406 τὴν

2109 4439 2360 4508 αἴσθησιν
2391 4435 2712 4508 ἐνεργείαις)
2744 4435 2903 4506 μόνον
2928 4435 2990 4486 τὸ
3017 4431 3306 4503 θρεπτικὸν
3331 4427 3501 4497 αὐτῆς
3527 4427 3704 4498 μέρος

2111 4531 2333 4602 ἐνεργὸν
2358 4529 2498 4584 κατὰ
2529 4529 2619 4582 τὸν
2659 4527 2824 4580 ὕπνον
2862 4521 3024 4588 εἶναι,
3055 4526 3112 4577 ἐν
3143 4524 3194 4576 δὲ
3240 4520 3411 4591 τούτῳ
3437 4519 3544 4571 τῶν
3573 4519 3704 4572 καθ’

2042 4594 2083 4647 D
2116 4594 2264 4693 ὕπαρ
2307 4621 2615 4692 γενομένων
2662 4619 2855 4672 εἴδωλά
2902 4635 3045 4679 τινα,
3081 4616 3174 4668 καὶ
3209 4613 3544 4684 ἀπηχήματα
3590 4611 3706 4662 τῶν

2065 4774 2069 4779 ,
2116 4732 2172 4768 τε
2206 4714 2325 4767 κατ’
2355 4712 2624 4781 αἴσθησιν,
2661 4708 2891 4762 καὶτῶν
2933 4706 3076 4760 κατὰ
3102 4704 3338 4758 διάνοιαν
3377 4700 3709 4773 ἐνεργουμέ-

2117 4822 2241 4869 νων,
2280 4803 2422 4875 ἆπερ
2467 4801 2616 4871 αύτῷ
2659 4801 2748 4855 διὰ
2773 4799 2867 4853 τοῦ
2916 4793 3347 4868 μνημονευτικοῦ
3393 4793 3491 4862 τῆς
3518 4789 3709 4861 ψυχῆς

2117 4898 2288 4959 εἴδους
2335 4893 2674 4965 ἐνετυπώθηι
2717 4893 2886 4946 ταῦτα
2925 4890 3104 4954 καθὼς
3148 4890 3336 4958 ἔτυχεν
3380 4885 3709 4952 ἀναζωγρα-

2119 4987 2358 5056 φεῖσθαι,
2401 4984 2764 5057 άπηχήματός
2794 5001 2940 5047 τινος
2977 4979 3312 5053 μνημονικοῦ
3351 4976 3430 5048 τῷ
3473 4973 3707 5043 τοιούτῳ

2121 5076 2250 5129 εῖδει
2273 5076 2374 5145 τῆς
2401 5075 2576 5144 ψυχῆς
2605 5071 3057 5143 παραμείναντος.

425 5163 717 5218 intervallo
749 5163 1165 5218 obscuriuscule
1189 5162 1352 5217 delati
1399 5179 1580 5218 rerum
1630 5180 1728 5234 per
1776 5181 1972 5222 sensus
2007 5177 2060 5222 et
2091 5167 2460 5238 cogitationes
2498 5175 2744 5219 actarum
2781 5163 2924 5225 soni,
2961 5175 3058 5232 per
3098 5160 3204 5214 vim
3240 5158 3433 5212 anima;
3472 5153 3710 5208 remini-

427 5267 672 5314 seentem
701 5258 972 5327 impressi,
1005 5268 1208 5312 temere
1233 5255 1571 5313 formantur:
1606 5259 1706 5313 hac
1740 5261 1885 5315 velut
1912 5271 2155 5317 extrema
2196 5263 2507 5318 resonantia
2544 5277 2611 5316 ex
2641 5259 2901 5314 memoria
2937 5255 3201 5326 profecta,
3236 5251 3496 5307 nutrienti
3530 5249 3709 5302 animi

435 5351 573 5423 parti
598 5352 830 5419 quodam
861 5351 1024 5405 modo
1048 5352 1456 5406 inhaerescente.

508 5443 827 5512 Huiusmodi
871 5459 1002 5515 ergo
1053 5443 1109 5498 in
1163 5444 1643 5515 imaginationibus
1675 5444 1836 5499 homo
1887 5445 2015 5498 dor-

437 5539 613 5594 miens
638 5543 913 5603 versatur,
945 5551 1122 5606 neque
1153 5545 1300 5590 recta
1334 5535 1739 5606 progressionis
1773 5535 1914 5590 serie
1942 5536 2013 5587 ad

435 5648 527 5688 res
554 5645 676 5700 qua:
707 5636 991 5698 apparent,
1037 5627 1348 5689 deducitur,
1405 5627 1500 5681 sed
1546 5625 1794 5681 confusis
1825 5639 1880 5680 et
1908 5640 2014 5679 non

434 5722 820 5784 tonsentaneis
864 5718 1148 5776 erroribus
1178 5720 1501 5787 obvagatur.
1545 5717 2017 5785 Quemadmodum

2204 5439 2292 5492 Ἓν
2314 5437 2519 5499 τούτοις
2537 5432 2630 5489 οῦν
2648 5434 3032 5504 φαντασιοῦται
3049 5436 3076 5487 ὁ
3089 5432 3388 5504 ἅνθρωπος,
3409 5431 3507 5502 ούχ
3527 5432 3716 5504 είρμῷ

2122 5547 2227 5583 τινι
2245 5530 2381 5599 πρὸς
2405 5528 2501 5599 τὴν
2527 5527 2634 5582 τῶν
2665 5525 3002 5597 φαινομένων
3022 5525 3235 5595 ὁμιλίαν
3263 5525 3550 5594 ἀγόμενος,
3571 5524 3716 5576 ἀλλὰ

2127 5622 2499 5694 πεφυρμέναις
2521 5622 2631 5673 τισὶ
2657 5620 2749 5673 καὶ
2777 5618 3156 5682 ἀνακολούθοις
3178 5618 3413 5680 ἀπάταις
3438 5618 3718 5689 περιπλα-

2126 5713 2385 5785 νώμενος.
2416 5713 2682 5783 Καθάπερ
2706 5712 2761 5765 δὲ
2789 5711 2928 5766 κατὰ
2954 5711 3050 5776 τὰς
3075 5708 3389 5780 σωματικὰς
3409 5707 3721 5782 ἐνεργείας,
