3886 6214
221 302 330 356 169

1477 305 1568 360 DE
1609 305 1900 364 HOMINIS
1938 305 2254 363 OPIFICIO.

3395 312 3497 368 170

219 416 337 469 τῶν
372 415 558 487 μερῶν
591 414 900 482 ἰδιαζόντως
936 433 990 469 τι
1029 417 1170 471 κατά
1192 416 1289 488 τὴν
1319 420 1647 490 ὲγκειμένην
1677 421 1804 490 αὐτᾷ

1928 432 2111 477 autem
2145 423 2201 476 in
2236 422 2486 491 corporis
2535 421 2916 479 eﬂectionibus
2968 422 3044 487 fit,
3096 432 3154 479 ut
3184 439 3500 496 quanquam

221 506 475 576 φυσικῶς
503 507 734 578 δύναμιν
780 508 1149 576 ἐνεργοῦντος,
1188 510 1397 578 γίνεταί
1442 528 1526 574 τις
1574 512 1671 566 καὶ
1719 512 1816 565 τοῦ

218 599 562 670 ἠρεμοῦντος
589 601 965 672 μέρους-πρὸς
989 601 1051 654 τὸ
1082 603 1400 673 κινούμενον
1447 605 1783 669 συνδιάθεσις
1801 623 1813 636 ·

218 691 506 758 ἀναλόγως
535 691 630 744 καὶ
654 692 747 744 ἐπὶ
770 692 873 763 τῆς
895 693 1100 764 ψυχῆς,
1125 694 1231 747 κᾶν
1263 695 1324 750 τὸ
1355 697 1454 766 μὲν
1485 697 1655 768 αὐτῆς
1688 698 1819 770 ἠρε-

222 782 384 851 μοῦν,
420 783 480 835 τὸ
509 783 565 836 δὲ
606 783 924 854 κινούμενον
964 787 1124 859 τύχῃ,
1149 786 1212 839 τὸ
1239 787 1358 842 ὅλον
1389 789 1469 860 τῷ
1502 789 1658 862 μέρει
1694 807 1820 844 συν-

216 872 537 927 διατίθεται.
554 875 690 928 Οὐδὲ
705 876 778 944 γά
786 894 817 947 ρ
835 877 1106 948 ἐνδέχεται
1127 879 1623 952 συνδιασπασθῆναι
1641 883 1815 954 πάντη

217 964 319 1035 τὴν
348 964 496 1018 κατά
538 965 701 1035 φύσιν
741 968 990 1038 ἑνότητα,
1025 971 1332 1042 κρατούσης
1376 974 1434 1026 ἐν
1469 975 1625 1045 μέρει
1671 977 1816 1040 τινὸς

217 1058 331 1110 τῶν
366 1059 489 1111 κατ’
529 1057 699 1129 αὐτὴν
737 1059 1021 1132 δυνάμεων
1063 1063 1150 1116 διὰ
1186 1064 1286 1134 τῆς
1333 1067 1629 1137 ἐνεργείας.
1679 1068 1816 1120 Ἀλλ’

218 1147 414 1220 ὥσπερ
445 1150 828 1222 ἐγρηγορότων
861 1170 920 1206 τε
957 1155 1050 1208 καὶ
1079 1155 1491 1220 σπουδαζόντων
1530 1159 1819 1230 ἐπικρατεῖ

221 1239 324 1310 μὲν
353 1241 384 1292 ὁ
409 1239 556 1304 νοῦς,
586 1241 854 1313 ὑπηρετεῖ
876 1244 933 1297 δὲ
965 1247 998 1316 ἡ
1031 1245 1304 1318 αἴσθησις,
1334 1248 1436 1301 οὐκ
1463 1250 1815 1305 ἀπολείπεται

215 1331 276 1384 δὲ
307 1331 516 1384 τούτων
543 1334 575 1402 ἡ
605 1332 911 1407 διοικητικὴ
935 1334 1030 1389 τοῦ
1067 1335 1318 1408 σώματος
1345 1338 1574 1410 δύναμις
1603 1342 1671 1411 (ὁ
1716 1340 1816 1410 μὲν

216 1422 330 1493 γάρ
372 1423 500 1486 νοῦς
529 1422 742 1494 πορίζει
779 1425 878 1496 τὴν
899 1427 1108 1498 τροφὴν
1140 1432 1205 1497 τῇ
1237 1429 1418 1500 χρείᾳ,
1454 1432 1487 1500 ή
1523 1430 1582 1483 δὲ
1620 1430 1816 1503 αἰσθη-

217 1533 306 1580 σις
327 1515 394 1570 τδ
418 1516 678 1587 πορισθὲν
709 1516 1025 1585 ὑπεδέξατο,
1063 1522 1098 1592 ἡ
1127 1521 1184 1574 δὲ
1209 1521 1476 1594 θρεπτικὴ
1509 1522 1604 1576 τοῦ
1631 1523 1817 1594 σώμα-

211 1625 310 1672 τος
355 1607 588 1680 δύναμις
638 1611 806 1682 ἑαυτῇ
860 1612 921 1665 τὸ
960 1612 1114 1666 δοθὲν
1159 1613 1628 1685 προσῳκείωσεν)ο
1672 1615 1817 1670 οὕτω

214 1700 312 1754 καὶ
357 1699 504 1757 κατά
529 1700 621 1756 τὸν
675 1701 845 1756 ὕπνον
880 1703 1328 1774 ἀντιμεθίσταταί
1368 1724 1484 1770 πως
1514 1709 1572 1761 ὲν
1613 1709 1746 1778 ἡμῖν
1779 1709 1813 1780 ή

1921 513 2167 566 membra
2208 511 2428 582 singula
2475 512 2736 581 quiddam
2785 513 3139 582 peculiariter
3178 528 3280 583 pro
3329 514 3503 573 indita

1921 605 2060 676 ipsis
2081 619 2112 658 a
2137 611 2335 660 natura
2363 604 2622 661 facultate
2647 615 2848 677 agant:
2881 613 3063 662 tamen
3088 608 3270 678 aliqua
3299 609 3503 668 existat

1918 698 2094 766 partis
2131 697 2489 767 quiescentis,
2527 696 2596 751 ad
2630 712 2749 753 eam
2785 713 2908 768 quae
2935 708 3205 767 movetur,
3239 699 3496 758 aﬂ‘ectio:

1919 789 2108 844 eadem
2157 791 2371 845 ratione
2421 789 2478 844 in
2511 790 2700 844 animo
2733 790 2898 846 etlam
2943 793 3222 854 usuvenit,
3274 801 3332 847 ut
3371 793 3501 850 licet

1920 897 2049 952 pars
2073 881 2194 950 ejus
2220 882 2335 937 haec
2363 883 2636 953 quiescat,
2671 883 2844 937 altera
2873 892 3189 940 moveatur:
3225 886 3393 941 totius
3417 895 3501 940 ta-

1918 987 2042 1026 men
2091 973 2160 1027 ad
2199 982 2408 1044 partem
2448 973 2665 1030 affectio
2713 976 2959 1046 quaedam
3007 987 3243 1032 maneat.
3283 977 3501 1050 Nequa-

1919 1079 2084 1132 quam
2118 1065 2265 1119 enim
2302 1066 2418 1121 fieri
2449 1075 2647 1136 potest.
2685 1075 2742 1120 ut
2772 1068 3040 1123 naturalis
3067 1069 3242 1124 unilio
3271 1085 3499 1139 prorsus

1918 1155 2273 1220 dissolvatur,
2313 1158 2530 1214 etiamsi
2569 1159 2818 1229 quaedam
2859 1161 2912 1215 in
2945 1161 3104 1218 nobis
3135 1162 3368 1220 facultas
3394 1165 3496 1219 ali-

1917 1249 2138 1316 quando
2176 1249 2391 1305 eaateris
2438 1250 2634 1320 agendi
2682 1251 2736 1306 vi
2785 1261 2841 1308 et
2877 1251 3198 1310 etﬁcacitate
3250 1264 3494 1324 praestet.

1916 1338 2210 1395 Enimvero
2254 1349 2315 1396 ut
2362 1343 2524 1398 nobis
2565 1343 2922 1415 vigilantibus
2967 1354 3022 1402 et
3070 1346 3282 1416 agendo
3330 1361 3497 1403 occu-

1919 1431 2062 1501 patis
2092 1433 2370 1503 praecipua
2396 1436 2600 1491 mentis
2623 1446 2706 1492 est
2733 1446 3000 1508 potestas,
3031 1439 3284 1496 minister
3309 1451 3495 1496 autem

1917 1525 2118 1578 mentis
2147 1532 2231 1578 est
2271 1540 2502 1581 sensus:
2549 1543 2727 1597 neque
2753 1528 2989 1585 facultas
3019 1545 3142 1600 quae
3163 1545 3363 1602 corpus
3392 1548 3496 1587 nu-

1916 1614 2032 1678 trit,
2071 1615 2400 1672 excluditur.
2425 1616 2578 1676 Mens
2603 1620 2748 1675 enim
2779 1621 3045 1677 rationem
3081 1624 3363 1694 apiscendi
3397 1641 3496 1681 ne-

1915 1707 2142 1762 cessarii
2189 1708 2429 1764 alimenti
2459 1711 2718 1777 ostendit,
2755 1728 2954 1769 sensus
2983 1715 3130 1784 quod
3169 1724 3254 1772 est
3275 1730 3494 1788 compa-

211 1793 326 1846 τῶν
359 1794 643 1864 δυνάμεων
670 1793 878 1849 τούτων
909 1768 1210 1867 ἠγεμονίαο
1244 1798 1339 1853 καὶ
1367 1798 1697 1869 κρατοῦντος
1717 1799 1804 1852 τοῦ

1919 1806 2097 1853 ratum
2127 1799 2345 1869 recipit,
2393 1800 2628 1860 facultas
2659 1804 2897 1876 denique
2935 1807 3186 1863 nutriens
3233 1825 3390 1864 suum
3437 1812 3494 1866 in

214 1885 584 1957 ἀλογωτέρου,
617 1883 851 1939 παύεται
884 1885 984 1954 μὲν
1015 1886 1048 1956 ὴ
1075 1884 1185 1939 τῶν
1213 1886 1417 1956 ἐτέρων
1448 1887 1720 1958 ἐνέργεια,
1750 1889 1812 1941 οὐ

217 1974 327 2045 μὴν
363 1973 646 2038 παντελῶς
683 1974 1102 2031 ἀποσϐέννυται.
1146 1975 1540 2047 Ἐπειγομένης
1569 1977 1627 2030 δὲ
1659 1995 1813 2050 τηνι..

216 2064 400 2121 καῦτα
430 2066 520 2121 διὰ
541 2066 638 2120 τοῦ
674 2065 843 2122 ὕπνου
879 2067 1016 2139 πρὸς
1049 2067 1149 2139 τὴν
1175 2068 1341 2138 πέψιν
1383 2069 1484 2140 τῆς
1512 2069 1813 2142 θρεπτικῆς

215 2155 528 2228 δυνάμεως,
553 2157 649 2215 καὶ
673 2158 860 2214 πᾶσαν
891 2155 989 2228 τὴν
1027 2156 1191 2226 φύσιν
1233 2158 1371 2230 πρὸς
1411 2158 1610 2230 ἑαυτὴν
1655 2161 1814 2230 ἀσχο-

213 2247 439 2321 λούσης.
491 2246 616 2302 οὔτε
673 2247 954 2312 παντελῶς
1011 2249 1308 2305 διασπᾶται
1347 2249 1554 2320 ταύτης
1602 2253 1637 2323 ἡ
1689 2254 1810 2305 κατ’

214 2340 474 2410 αἴσθησιν
514 2339 744 2410 δύναμις
790 2340 871 2409 (οὐ
905 2339 1017 2412 γὰρ
1071 2341 1348 2412 ἐνδέχεται
1378 2343 1440 2396 τὸ
1477 2343 1622 2411 ἅπαξ
1672 2363 1812 2416 συμ-

215 2430 467 2498 πεφυκὸς
505 2430 954 2502 διατέμνεσθαι),
985 2430 1111 2485 οὕτε
1160 2433 1503 2505 ἀναλάμπειν
1551 2437 1586 2507 ἡ
1639 2438 1813 2509 αὐτῆς

213 2521 470 2591 ἐνέργεια
517 2522 761 2586 δύναται,
809 2524 875 2592 τῇ
911 2521 1021 2576 τῶν
1063 2525 1434 2599 αἰσθητηρίων
1478 2529 1646 2601 ἀργίᾳ
1671 2531 1812 2584 κατά

213 2614 306 2667 τὸν
353 2613 526 2669 ὕπνον
575 2615 964 2688 ἐμπεδηθεῖσα.
995 2617 1156 2673 Κατὰ
1201 2620 1295 2672 τὸν
1341 2621 1505 2676 αὐτὸν
1558 2623 1615 2677 δὲ
1653 2623 1811 2693 λόγον

213 2707 312 2759 καὶ
373 2705 472 2759 τοῦ
531 2705 627 2761 νοῦ
673 2708 816 2779 πρὸς
867 2709 930 2763 τὸ
990 2711 1309 2782 αἰσθητικὸν
1355 2709 1496 2778 εἶδος
1545 2715 1650 2786 τῆς
1701 2717 1809 2787 ψυ-

211 2799 319 2870 χῆς
340 2799 742 2870 οἰκειουμένου,
778 2803 1074 2857 ἀκόλουθον
1107 2804 1174 2859 ἂν
1215 2807 1300 2877 εἰη
1351 2807 1446 2859 καὶ
1485 2810 1807 2879 κινουμένου

207 2891 433 2954 τούτου,
467 2893 844 2958 συγκινεῖσθαι
882 2894 1062 2964 λέγειν
1103 2897 1268 2950 αὑτὸν
1295 2937 1310 2963 ,
1341 2898 1437 2952 καὶ¹
1473 2899 1809 2971 ἠρεμοῦντος

209 2982 758 3050 συγκαταπαύεσθαι.
794 2979 920 3039 Οῖον
965 2986 1022 3040 δέ
1061 3005 1114 3040 τι
1155 2989 1285 3060 περὶ
1325 2989 1386 3043 τὸ
1424 2989 1536 3062 πῦρ
1563 2991 1808 3061 γίνεσθαι

207 3071 482 3140 πέφυκεν,
509 3075 637 3128 ὃταν
673 3075 775 3144 μὲν
811 3077 1136 3150 ὑποκρυφθῇ
1163 3083 1276 3143 τοῖς
1307 3080 1533 3151 ἀχύροις
1566 3084 1807 3138 ἀπανται-

207 3165 394 3236 χόθεν,
421 3167 694 3236 μηδεμιᾶς
708 3168 984 3240 ἀναπνοῆς
999 3171 1463 3245 ἀναῤῥιπιζούσης
1479 3175 1578 3246 τὴν
1606 3176 1800 3244 φλόγα,

207 3255 338 3309 οὕτε
369 3257 443 3310 τά
491 3259 1024 3331 προσπαρακείμενα
1071 3263 1319 3332 νέμεται,
1349 3265 1474 3320 οὕτε
1523 3267 1804 3332 παντελῶς

208 3347 683 3415 κατασϐέννυται,
718 3350 834 3404 ἀλλ’
865 3352 987 3406 ἀντὶ
1027 3353 1224 3423 φλογὸς
1250 3357 1424 3425 ἀτμός
1449 3375 1534 3421 τις
1565 3358 1653 3412 διὰ
1693 3359 1803 3415 τῶν

207 3437 436 3508 ἀχύρων
458 3440 554 3493 ἐπὶ
583 3441 676 3493 τὸν
714 3441 853 3509 ἀέρα
899 3442 1171 3510 διέξεισιν,
1217 3447 1267 3499 εἰ
1296 3447 1354 3501 δέ
1398 3466 1544 3512 τινος
1587 3451 1805 3505 λάϐοιτο

203 3530 497 3603 διαπνοῆς,
545 3533 718 3603 φλόγα
769 3534 861 3587 τὸν
893 3537 1099 3590 καπνὸν
1146 3539 1520 3612 ἀπεργάζεται
1542 3561 1557 3576 ο
1581 3544 1674 3598 τὸν
1705 3546 1804 3598 αύ-

197 3624 302 3678 τὺν
329 3624 538 3694 τρόπον
583 3627 729 3679 καὶὸ
757 3627 883 3690 νοῦς
917 3631 983 3700 τῇ
1041 3631 1287 3702 ἀπραξίᾳ
1337 3632 1447 3686 τῶν
1493 3635 1802 3706 αἰσθήσεων

207 3717 357 3772 κατά
399 3718 493 3771 τὸν
525 3719 692 3773 ὕπνον
743 3721 1144 3792 συγκαλυφθεὶς
1168 3766 1183 3790 ,
1218 3724 1342 3778 οὔτε
1391 3727 1697 3798 ἐκλάμπειν
1730 3729 1799 3781 δι’

205 3808 398 3864 αὐτῶν
427 3810 670 3875 δυνατῶς
697 3811 806 3882 ἔχει
824 3852 838 3876 ,
870 3812 990 3866 οὕτε
1027 3815 1134 3885 μὴν
1183 3816 1462 3881 παντελῶς
1491 3819 1799 3874 κατασϐένο

203 3915 400 3953 νυται·
434 3899 550 3952 ἀλλ’
584 3895 694 3954 οἷον
721 3902 1051 3967 καπνοειδῶς
1075 3907 1324 3972 κινεῖται,
1347 3906 1412 3960 τὸ
1438 3908 1545 3979 μέν
1564 3927 1616 3964 τι
1648 3911 1800 3984 ἐνερο

203 3990 348 4058 γῶν,
385 3990 450 4044 τὸ
489 3990 547 4044 δέ
589 3993 652 4044 οὐ
702 3993 1016 4064 δυνάμενος.
1054 3997 1166 4050 Καὶ
1199 3997 1387 4065 ὥσπερ
1406 4017 1490 4063 τις
1540 4002 1799 4071 μουσικὸς

204 4083 652 4152 κεχαλασμέναις
682 4086 804 4147 ταῖς
853 4085 1073 4156 χορδαῖς
1113 4086 1214 4156 τῆς
1247 4088 1415 4160 λύρας
1451 4091 1706 4162 ἐμϐαλὼν
1737 4094 1798 4146 τὸ

205 4173 513 4243 πλῆκτρον,
541 4174 604 4227 οὐ
631 4175 774 4228 κατά
803 4176 1007 4247 ῥυθμὸν
1039 4179 1272 4248 προάγει
1295 4182 1356 4235 τὸ
1384 4183 1568 4246 μέλος·
1596 4185 1656 4237 οὐ
1687 4184 1797 4255 γὰρ

204 4264 276 4316 ἂν
309 4263 376 4316 τὸ
425 4264 500 4336 μὴ
558 4268 951 4337 συντεταμένον
979 4269 1232 4340 ἠχήσειεν
1265 4287 1278 4300 ·
1315 4271 1482 4344 anxi;
1527 4274 1627 4344 μὲν
1676 4277 1797 4346 χεὶρ

203 4355 476 4426 τεχνικῶς
518 4356 780 4422 πολλάκις
809 4362 1058 4422 κινεῖται,
1097 4363 1235 4432 πρὸς
1259 4363 1356 4434 τὴν
1383 4365 1614 4438 τοπικὴν
1646 4366 1796 4424 θέσιν

1917 1904 2078 1944 usum
2121 1894 2304 1947 vertit.
2344 1891 2435 1948 Sic
2466 1911 2562 1966 per
2595 1912 2851 1952 somnum
2901 1900 3244 1970 principatus
3273 1902 3496 1958 faculta.
3527 1920 3532 1927 ·

1916 1986 2031 2031 tum
2061 1977 2115 2033 in
2148 1980 2308 2037 nobis
2333 1983 2571 2053 quodam
2599 1987 2761 2042 modo
2801 2000 3163 2057 permutatur.
3196 1991 3332 2046 Nam
3365 2009 3492 2049 cum

1915 2081 2084 2136 penes
2137 2077 2347 2138 partem
2395 2074 2607 2130 ratione
2641 2091 2754 2131 non
2804 2087 3048 2133 utentem
3105 2088 3346 2150 potestas
3397 2086 3492 2147 sit,

1915 2157 2238 2217 facultatum
2279 2164 2491 2220 scilicet
2518 2166 2689 2221 animi
2721 2168 3057 2238 reliquarum
3097 2174 3342 2230 actiones
3373 2191 3498 2230 ces—

1914 2259 2040 2308 sant
2088 2253 2330 2322 quidem,
2380 2266 2436 2312 at
2488 2273 2598 2312 non
2649 2273 2878 2329 prorsus
2926 2263 3374 2335 exstinguuntur.
3431 2267 3496 2322 Et

1913 2346 2166 2413 quamvis
2194 2363 2261 2402 eo
2298 2356 2545 2420 tempore
2585 2349 2818 2409 facultas
2857 2354 3108 2412 nutriens
3149 2362 3492 2416 concoctioni

1913 2437 2160 2492 ciborum
2193 2440 2401 2495 intenta
2428 2445 2521 2508 sit,
2555 2444 2873 2514 adjumento
2899 2451 3081 2506 somni
3115 2451 3486 2522 perficiendae,

1913 2527 2160 2600 adeoque
2190 2531 2246 2586 in
2285 2533 2388 2588 hac
2423 2535 2679 2592 universa
2709 2549 2905 2594 natura
2937 2550 3277 2613 occupetur:
3309 2554 3494 2601 tamen

1914 2629 1974 2674 ut
1999 2621 2158 2692 plane
2185 2623 2256 2678 ab
2283 2623 2387 2678 hac
2418 2627 2666 2684 sentiens
2695 2628 2924 2688 facultas
2957 2641 3071 2688 tum
3106 2651 3211 2691 non
3238 2639 3495 2695 avellitur

1916 2712 2159 2784 (quando
2180 2730 2302 2784 qua:
2329 2727 2523 2772 natura
2553 2720 2895 2787 coaluerunt,
2935 2723 3172 2798 disjungi
3202 2743 3313 2784 non
3345 2745 3495 2800 .pos-

1913 2806 2086 2875 sunt),
2123 2807 2198 2860 ita
2238 2823 2416 2878 neque
2456 2819 2568 2864 tota
2603 2811 2777 2881 ipsius
2816 2813 2895 2868 vis
2922 2816 3122 2882 elucet,
3166 2819 3235 2875 ab
3267 2824 3492 2893 organis

1911 2911 2173 2952 sensuum
2214 2914 2311 2969 per
2342 2915 2595 2956 somnum
2630 2905 2789 2973 quasi
2831 2904 3159 2967 feriantibus
3209 2913 3496 2983 impedita.

1911 2986 2115 3044 Eadem
2161 2991 2375 3047 ratione
2421 3001 2476 3048 et
2531 2993 2669 3050 illud
2707 3007 3098 3068 consequetur,
3155 3002 3303 3071 quod
3358 3020 3486 3060 cum

1911 3081 2113 3136 mentis
2157 3091 2213 3137 et
2250 3083 2424 3152 partis
2473 3085 2642 3139 animi
2685 3090 2976 3146 sentientis
3019 3099 3207 3147 mutua
3239 3095 3487 3165 quaedam

1908 3169 1980 3224 sit
2008 3171 2364 3241 coniunctio:
2415 3185 2564 3230 muta
2609 3177 2733 3241 hac,
2777 3180 2941 3234 simul
2976 3192 3212 3238 mentem
3257 3187 3488 3249 moveri,

1905 3266 1962 3313 et
2009 3269 2203 3316 contra
2250 3264 2598 3333 quiescente,
2655 3269 2958 3338 quiescere.
3008 3273 3190 3344 Ignem
3240 3277 3490 3335 videmus

1905 3351 2079 3420 paleis
2124 3369 2192 3408 ex
2238 3357 2386 3410 omni
2443 3368 2598 3427 parte
2653 3369 2996 3430 coopertum,
3059 3365 3104 3418 si
3155 3368 3307 3420 nullo
3355 3367 3488 3424 flatu

1904 3442 2120 3498 ﬂamma
2137 3447 2424 3512 excitetur,
2443 3465 2622 3520 neque
2637 3455 2883 3522 proxima
2901 3471 3128 3527 quaeque
3145 3460 3488 3518 absumendo

1904 3531 2222 3602 depascere,
2278 3546 2334 3592 et
2392 3554 2622 3608 prorsus
2679 3545 2845 3599 etiam
2902 3562 3010 3600 non
3062 3551 3330 3621 extingui,
3383 3568 3485 3622 pro

1903 3621 2122 3678 ﬂamma
2151 3642 2354 3697 vapore
2385 3631 2623 3700 quodam
2671 3650 2771 3704 per
2817 3637 2965 3706 ipsas
2998 3640 3181 3708 paleas
3213 3643 3268 3696 in
3299 3621 3480 3698 aerem

1903 3722 2241 3780 penetrante.
2293 3717 2450 3784 Quod
2499 3720 2548 3775 si
2587 3731 2770 3777 autem
2799 3724 2959 3781 flatus
3002 3728 3203 3798 aliquis
3233 3731 3480 3795 accedat,

1903 3819 2002 3875 pro
2031 3805 2184 3862 fumo
2211 3810 2428 3865 flamma
2457 3815 2796 3871 accenditur.
2835 3817 2929 3873 Sic
2961 3835 3116 3877 mens
3141 3824 3395 3881 sensibus
3427 3826 3485 3882 in

1902 3912 2098 3954 somno
2156 3902 2570 3972 quiescentibus
2621 3910 2782 3977 quasi
2837 3918 3110 3977 contecta,
3162 3930 3340 3986 neque
3386 3933 3485 3988 per

1899 4005 1998 4047 eos
2019 3993 2239 4050 elucere
2269 4004 2469 4066 potest,
2494 4006 2549 4054 et
2578 4002 2806 4056 omnino
2838 4004 3003 4059 etiam
3039 4022 3148 4061 non
3179 4010 3482 4080 exstingui-

1899 4089 2010 4148 tur,
2059 4085 2155 4142 sed
2199 4095 2261 4142 ut
2305 4089 2448 4158 ignis
2481 4091 2713 4158 fumum,
2748 4095 2974 4166 sic'ipsa
3004 4107 3211 4154 motum
3243 4101 3483 4172 aliquem

1899 4177 2120 4245 retinet,
2157 4180 2354 4248 partim
2409 4198 2598 4255 agens,
2645 4189 2845 4257 partim
2876 4191 2931 4244 in
2959 4193 3168 4261 agendo
3197 4194 3480 4256 deﬁciens.

1899 4267 2078 4340 Atque
2109 4271 2189 4326 uti
2236 4274 2483 4330 musicus
2517 4278 2728 4346 plectro
2776 4281 3014 4339 chordas
3059 4284 3189 4355 lyrae
3218 4289 3482 4346 remissas

1901 4369 2156 4432 tangens,
2180 4381 2292 4420 non
2313 4367 2592 4438 eleganter
2610 4381 2663 4425 et
2683 4387 2973 4430 numerose
2993 4376 3288 4447 quidquam
3307 4382 3477 4442 cauit.

206 4446 319 4498 τῶν
361 4446 532 4499 τόνων
576 4449 639 4501 τὸ
683 4448 960 4520 πλῆκτρον
1008 4451 1218 4519 ἄγουσα
1240 4492 1254 4516 ,
1288 4453 1350 4509 τὸ
1381 4455 1438 4507 δὲ
1477 4456 1645 4526 ἠχοῦν
1695 4459 1796 4514 οὐκ

1907 4457 2125 4525 quando
2151 4459 2299 4528 quod
2330 4469 2543 4516 tensum
2571 4478 2678 4518 non
2711 4473 2814 4528 est,
2845 4467 3006 4524 edere
3031 4446 3227 4526 sonum
3253 4477 3477 4545 nequit;

203 4532 379 4596 ἐστιν,
403 4536 453 4587 εἰ
489 4534 561 4604 μὴ
598 4536 723 4590 ὅσον
751 4537 964 4608 ἄσημόν
996 4556 1118 4595 τινα
1151 4542 1246 4595 καὶ
1281 4543 1614 4601 ἀσύντακτον
1643 4550 1703 4602 ἐν
1727 4552 1794 4620 τῇ

204 4625 425 4695 κινήσει
456 4626 568 4679 τῶν
594 4628 802 4700 χορδῶν
818 4631 1020 4702 ὑπηχεῖ
1048 4632 1139 4685 τὸν
1167 4633 1392 4704 βόμϐον·
1411 4635 1557 4691 οὕτω
1586 4639 1676 4694 διὰ
1701 4639 1796 4693 τοῦ

205 4716 384 4770 ὕπνου
440 4720 542 4788 τῆς
592 4721 894 4792 ὀργανικῆς
919 4724 1029 4778 τῶν
1055 4726 1424 4799 αἰσθητηρίων
1451 4733 1798 4804 κατασκευῆς

203 4805 600 4878 χαλασθείσης,
640 4809 673 4878 ἢ
725 4809 954 4865 καθόλου
999 4814 1199 4886 ἡρεμεῖ
1242 4817 1270 4869 ὁ
1313 4820 1600 4890 τεχνίτης,
1637 4822 1796 4894 εἴπερ

200 4895 421 4950 τελείαν
449 4898 602 4952 λύσιν
631 4901 698 4954 ἐκ
747 4901 1042 4975 πληθώρας
1075 4907 1220 4971 τινὸς
1253 4909 1348 4962 καὶ
1380 4909 1580 4981 βάρους
1632 4913 1795 4969 πάθοι

199 4988 268 5041 es
290 4989 546 5058 ὄργανον,
569 4991 602 5062 ἢ
632 4992 836 5057 ἀτόνως
854 5012 915 5047 τε
947 4997 1042 5049 καὶ
1075 4997 1334 5068 ἀμυδρῶς
1361 5002 1669 5073 ἐνεργήσει,
1696 5007 1794 5078 οὐχ

203 5079 604 5148 ὑποδεχομένου
632 5082 727 5135 τοῦ
775 5085 1090 5154 αἰσθητικοῦ
1127 5088 1360 5159 ὀργάνου
1392 5092 1459 5144 δι’
1510 5095 1794 5166 ἀκριϐείας

200 5169 304 5241 τὴν
329 5170 549 5240 τέχνην.
586 5173 684 5226 Διά
705 5173 865 5226 τοῦτο
888 5176 922 5246 ἧ
947 5194 1006 5230 τε
1039 5181 1142 5248 μνῆ
1153 5197 1227 5250 μη
1258 5185 1659 5256 συγκεχυμένη,
1699 5187 1792 5240 καὶ

201 5263 239 5332 ἡ
284 5262 598 5332 πρόγνωσις
645 5266 1074 5339 προκαλύμμασί
1120 5287 1264 5324 τισιν
1310 5275 1633 5344 ἀμφιϐόλοις
1672 5280 1792 5331 ἐπι-

200 5354 566 5418 νυστάζουσα,
597 5358 656 5409 ἐν
680 5357 914 5422 εἰδώλοις
940 5360 1048 5414 τῶν
1088 5362 1210 5415 καθ’
1239 5362 1384 5438 ὕπαρ
1423 5370 1792 5441 σπουδαζομέ-

199 5463 309 5499 νων
344 5447 732 5515 φαντασιοῦται
755 5490 770 5514 ,
799 5450 890 5502 καί
915 5468 968 5505 τι
998 5453 1106 5506 τῶν
1136 5456 1493 5514 ἐκϐαινόντων
1531 5462 1790 5527 πολλάκις

198 5537 464 5606 ἐμήνυσε.
495 5538 586 5607 Τῷ
615 5538 722 5610 γὰρ
768 5539 948 5612 λεπτῷ
984 5544 1084 5615 τῆς
1115 5543 1351 5614 φύσεως,
1391 5550 1504 5621 ἔχει
1532 5569 1586 5605 τι
1626 5554 1789 5609 πλέον

200 5629 358 5698 παρά
379 5629 480 5699 τὴν
503 5629 822 5702 σωματικὴν
847 5635 1225 5706 παχυμέρειαν
1258 5641 1339 5704 εἰς
1373 5642 1434 5695 τὸ
1474 5644 1713 5716 καθορᾷν
1736 5664 1788 5700 τι

197 5722 309 5776 τῶν
334 5722 505 5775 ὅντων
531 5723 810 5777 δύνασθαι.
844 5726 920 5778 Οὐ
971 5729 1075 5798 μὴν
1104 5729 1172 5782 δι’
1204 5731 1420 5798 εὐθείας
1450 5737 1596 5800 τινὸς
1631 5738 1787 5792 δύνα-

535 5812 805 5876 Ρηιιοι.
852 5819 970 5880 Gn.
1017 5820 1242 5885 XLIV.

1901 4563 2126 4603 manum
2167 4551 2257 4606 ille
2283 4553 2502 4623 quidem
2535 4556 2831 4614 artificiose
2878 4570 3077 4625 movet,
3115 4565 3321 4632 plectro
3350 4572 3475 4637 qui-

1901 4637 2006 4693 bus
2031 4643 2290 4696 convenit
2318 4643 2455 4699 locis
2495 4647 2790 4717 applicato,
2821 4665 2991 4706 sonus
3022 4661 3200 4709 tamen
3241 4657 3325 4711 vel
3354 4661 3479 4713 nul-

1900 4730 2009 4795 lus,
2039 4732 2122 4786 vel
2145 4733 2365 4804 ignotus
2387 4746 2443 4790 et
2467 4737 2864 4808 incompositus
2887 4743 2955 4798 de
2977 4746 3070 4799 tali
3101 4745 3287 4803 ﬁdium
3313 4753 3475 4820 pulsu

1899 4823 2269 4892 exprimitur:
2305 4826 2378 4880 ita
2427 4835 2483 4881 et
2539 4833 2796 4900 organica
2856 4849 3117 4891 sensuum
3169 4847 3471 4912 structura,

1899 4915 2118 4984 quoties
2143 4932 2238 4986 per
2265 4932 2518 4974 somnum
2545 4920 2724 4976 laxata
2749 4933 2854 4986 est,
2882 4927 2963 4982 vel
2985 4943 3212 4998 prorsus
3239 4936 3475 5004 quiescit

1898 5005 2120 5069 artifex,
2155 5009 2322 5063 veluti
2357 5025 2479 5064 cum
2505 5027 2571 5066 ex
2609 5013 2776 5068 nimia
2806 5019 3106 5087 repletione
3143 5038 3208 5078 ac
3229 5027 3471 5094 pondere

1897 5095 2111 5167 integra
2158 5099 2510 5156 instrumenti
2549 5111 2635 5157 est
2679 5103 2821 5159 facta
2865 5110 3034 5165 totius
3069 5113 3351 5178 relaxatio,
3385 5119 3470 5172 vel

1896 5186 2219 5257 languideet
2247 5191 2483 5246 obscure
2513 5194 2643 5263 agit,
2674 5195 3040 5256 instrumento
3069 5217 3267 5260 sensus
3295 5215 3468 5263 artem

1896 5281 2096 5336 mentis
2130 5293 2444 5338 accuratam
2492 5302 2600 5340 non
2643 5289 2911 5358 capiente.
2963 5291 3173 5351 Idcirco
3208 5303 3470 5355 memoria

1894 5371 2146 5434 confusa,
2178 5381 2232 5427 et
2263 5375 2346 5430 vis
2377 5377 2732 5446 praesagiendt
2765 5381 3034 5452 ambiguis
3066 5385 3120 5438 in
3141 5387 3465 5454 quibusdam

1894 5464 2216 5520 velamentis
2275 5469 2432 5536 quasi
2488 5470 2834 5527 durmitando
2891 5483 3111 5540 nutans,
3172 5479 3466 5535 simulacra

1893 5569 2102 5620 rerum,
2135 5557 2336 5626 quibus
2362 5559 2593 5630 vigilans
2622 5575 2943 5634 occupatur,
2980 5567 3327 5639 imaginando
3357 5572 3462 5626 sibi

1893 5646 2191 5704 informare
2245 5651 2484 5706 videtur:
2534 5669 2714 5725 neque
2755 5673 2868 5714 non
2901 5659 3194 5730 aliquando
3226 5679 3288 5718 ea
3339 5681 3464 5735 quae

1889 5739 2090 5796 deinde
2114 5743 2490 5814 comprobaret
2523 5756 2774 5818 eventus,
2803 5752 3081 5809 indicavit.
3105 5753 3234 5807 Nam
3263 5765 3461 5826 praeter

3135 5847 3174 5907 ϐ
