3886 6214
390 292 485 349 ΠΙ

1666 287 1723 343 S.
1760 284 2088 344 CRECORII
2127 288 2424 346 NYSSENI

3557 293 3661 349 1ῗέ

385 423 529 468 eam.
554 420 675 476 qua!
696 405 749 459 in
774 403 1028 476 corporis
1048 410 1133 459 est
1158 410 1609 472 temperamento,
1635 401 1971 462 crassitiem,

2082 404 2467 473 ταιδιασαφεῖν
2494 404 2554 458 τὸ
2588 406 2899 476 λεγόμενον.
2934 406 3009 470 ὡς
3042 408 3285 479 τηλαυγῆ
3314 424 3372 461 τε
3407 411 3502 462 καὶ
3524 414 3657 481 προ-

392 500 558 556 habet
598 496 860 568 quiddam
910 511 1005 567 per
1053 503 1263 550 natura)
1307 494 1688 557 subtilitatem,
1743 507 1852 562 quo
1884 507 1974 547 res

388 590 704 664 perspicere
742 588 938 659 possit.
976 587 1162 658 Neque
1198 595 1380 642 tamen
1411 587 1501 639 illa
1529 592 1614 640 est
1655 585 1758 649 vis,‘
1793 593 1851 639 ut
1884 585 1972 639 di-

386 694 541 738 recto
600 681 785 736 futura
839 681 1101 744 declaret,
1164 679 1345 750 deque
1403 678 1472 734 iis
1521 675 1761 732 dilucide
1810 687 1975 745 alque

388 780 575 841 aperte
605 786 707 826 nos
734 770 961 825 doceat:
1006 770 1101 824 sed
1123 777 1209 825 est
1236 777 1447 823 tantum
1472 768 1721 839 quaedam
1747 767 1971 835 obliqua

385 873 439 917 et
461 863 715 935 ambigua
741 862 910 917 futuri
932 871 1160 918 eventus
1187 861 1537 933 signiﬁcatio,
1562 874 1724 930 quam
1742 859 1971 929 aenigma

389 969 613 1022 vocant,
664 957 759 1028 qui
811 957 865 1011 in
908 956 993 1011 his
1045 954 1470 1025 interpretandis
1519 960 1827 1008 versantur.
1880 949 1973 1005 Sic

391 1051 484 1118 qui
527 1065 557 1103 a
592 1048 804 1119 poculis
840 1056 953 1103 erat
990 1046 1284 1108 Pharaoni,
1328 1060 1425 1116 per
1451 1058 1705 1099 somnum
1742 1043 1797 1096 in
1830 1042 1971 1111 regis

394 1143 622 1197 calicem
663 1142 878 1196 botrunt
904 1139 1195 1209 exprimit:
1238 1137 1319 1192 sic
1354 1138 1530 1207 pistor
1566 1134 1832 1204 ejusdem,
1879 1147 1967 1186 ca-

396 1235 630 1289 nistrum
667 1233 770 1287 sibi
812 1240 1028 1303 gestare
1053 1230 1268 1283 videtur
1288 1229 1357 1285 ”.
1391 1228 1529 1293 Quia
1563 1226 1706 1280 enim
1746 1233 1975 1294 uterque

393 1326 627 1396 vigilans
685 1324 769 1379 his
820 1323 987 1377 rebus
1028 1319 1288 1389 occupari
1342 1332 1674 1389 magnopere
1732 1325 1973 1385 cuperet,

394 1419 560 1472 etiam
616 1432 713 1488 per
769 1429 1019 1470 somnum
1075 1427 1138 1468 ea
1196 1411 1310 1467 fieri
1367 1411 1612 1480 putabat.
1669 1409 1975 1463 Simulacra

2077 494 2235 565 δηλον
2261 492 2399 548 εἶναι
2420 495 2517 567 τὴν
2558 496 2666 549 τῶν
2699 497 3075 569 προκειμένων
3109 499 3457 553 διδασκαλίαν
3476 518 3489 530 ·
3515 500 3661 553 ἀλλά

2076 583 2205 655 λοξὴ
2233 586 2326 637 καὶ
2356 584 2655 654 ἀμφίϐολος
2686 584 2782 637 τοῦ
2812 585 3149 659 μέλλοντοςῂ
3172 585 3401 654 δήλωσις
3426 587 3659 653 γίνεται,

2076 678 2211 747 ὅπερ
2240 677 2468 747 αἴνιγμα
2496 678 2744 745 λέγουσιν
2775 681 2823 731 οἱ
2849 678 2916 731 τὰ
2945 677 3171 731 τοιαῦτα
3219 680 3657 749 ὑποκρινόμενοι.

2080 767 2266 830 Οὕτως
2294 769 2323 819 ὀ
2350 769 2584 838 οἰνοχόος
2634 768 2871 823 ἐκθλίϐει
2919 769 3016 840 τὴν
3045 768 3239 841 βότρυν
3267 774 3334 841 τῇ
3357 771 3538 824 κύλικι
3563 772 3658 823 τοῦ

2078 860 2278 931 Φαραώ
2302 878 2315 890 ·
2339 860 2482 914 οὕτω
2508 865 2835 932 κανηφορεῖν
2868 863 2898 913 6
2937 862 3206 924 σιτοποιὸς
3238 861 3569 931 ἐφαντάσθη,
3600 865 3661 916 ἐν

2078 948 2159 1016 οἷς
2189 953 2308 1005 καθ’
2335 952 2483 1023 ὕπαρ
2512 952 2771 1025 ἑκάτερος
2794 955 2893 1026 τὴν
2921 953 3152 1023 σπουδὴν
3177 948 3343 1023 εἶχεν,
3372 957 3428 1007 ἐν
3449 955 3659 1017 τούτοις

2078 1040 2217 1097 εἶναι
2251 1046 2343 1098 καὶ
2364 1044 2452 1098 διὰ
2482 1044 2585 1097 τῶν
2607 1045 2829 1117 ὀνείρων
2859 1047 3121 1115 οἰόμενος.
3143 1047 3262 1098 Τῶν
3279 1046 3386 1117 γὰρ
3413 1048 3660 1117 συνήθων

2078 1136 2260 1197 αὐτοῖς
2286 1136 2728 1205 ἐπιτηδευμάτων
2747 1137 2814 1189 τὰ
2841 1137 3032 1189 εἴδωλα
3057 1135 3135 1206 τῷ
3149 1138 3538 1207 προγνωστικῷ
3560 1137 3659 1207 τῆς

2078 1228 2255 1298 ψυχῆς
2289 1228 2691 1290 ἐντυπωοέντα,
2724 1228 2997 1299 παρέσχεν
3038 1231 3129 1282 ἐπὶ¹
3172 1229 3364 1299 καιροῦ
3408 1231 3516 1282 τῶν
3564 1233 3661 1283 ἐκ·

2082 1318 2402 1389 δησομένων
2449 1319 2537 1371 διὰ
2589 1320 2687 1390 τῆς
2734 1320 2988 1390 τοιαύτης
3043 1321 3137 1373 τοῦ
3181 1321 3273 1375 νοῦ
3326 1324 3660 1392 προφητείας

2084 1425 2225 1460 κατα
2233 1408 2656 1478 μαντεύσασθαι.

398 1525 633 1579 namque
674 1508 981 1564 studiorum
1010 1520 1073 1558 ac
1102 1505 1245 1567 vitae,
1278 1503 1365 1559 cui
1392 1509 1771 1558 assueverant.
1806 1502 1944 1571 parti
1973 1499 2141 1553 animi
2173 1502 2240 1555 de
2267 1502 2467 1556 futuris
2506 1501 2815 1573 dispicienti
2849 1505 3138 1573 impressa,
3176 1504 3446 1561 faciebant
3482 1515 3540 1560 ut
3567 1523 3665 1577 per

396 1601 537 1654 hanc
575 1599 775 1654 mentis
817 1596 1253 1668 praesagitionem
1283 1593 1567 1664 quiddam,
1616 1594 1706 1647 cui
1771 1590 2128 1661 responderet
2155 1601 2403 1656 eventus,
2440 1595 2543 1648 sibi
2576 1595 3017 1650 vaticinarentur.

471 1691 605 1746 Illud
629 1693 870 1762 quidem,
901 1691 1047 1760 quod
1082 1688 1267 1743 Daniel
1301 1696 1356 1744 et
1379 1687 1656 1759 Josephus
1686 1695 1739 1742 ct
1773 1688 1859 1743 his
1887 1686 1978 1740 alii

2154 1686 2215 1740 Ei
2244 1688 2300 1742 δὲ
2328 1690 2525 1759 Δανιὴλ
2559 1692 2654 1743 καὶ
2698 1691 2900 1761 Ιωσὴφ,
2934 1691 3029 1744 καὶ
3058 1694 3105 1745 οἱ
3140 1696 3259 1748 κατ’
3279 1695 3519 1760 ἐκείνους
3542 1698 3664 1767 θείᾳ

397 1783 732 1844 (onsitniles.
794 1782 1050 1837 facultate
1072 1779 1306 1850 quadam
1334 1780 1541 1842 divina,
1578 1778 1834 1833 sensibus
1867 1777 1972 1831 mi-

396 1879 545 1930 nime
571 1875 924 1943 perturbatis,
967 1888 1151 1927 rerum
1206 1873 1517 1926 futurarum
1548 1870 1859 1939 cognitione
1889 1869 1975 1922 in-

396 1968 592 2024 structi
626 1966 867 2032 fuerunt,
920 1965 1054 2019 nihil
1094 1964 1162 2019 ad
1196 1963 1249 2019 id
1282 1965 1350 2018 de
1404 1980 1513 2034 quo
1538 1963 1720 2034 agitur
1759 1963 1973 2016 attinet.

394 2060 517 2115 Non
551 2059 696 2114 cnim
733 2058 1024 2129 quisquam
1057 2056 1173 2111 hanc
1198 2063 1346 2110 recte
1381 2056 1448 2110 ad
1477 2054 1816 2111 somniorum
1848 2052 1976 2108 ell‘e-

397 2160 485 2207 cta
516 2151 784 2214 retulerit,
836 2150 940 2203 nisi
975 2148 1116 2203 forte
1152 2148 1366 2203 ratione
1395 2148 1584 2202 eadem
1624 2147 1837 2201 divinas
1881 2161 1976 2215 ap-

399 2244 719 2314 paritiones,
761 2257 885 2312 quae
925 2240 1206 2295 nonnullis
1238 2239 1589 2310 vigilantibus
1620 2253 1680 2293 se
1716 2236 1973 2299 offerunt,

399 2348 506 2387 non
539 2332 829 2402 peculiaria
851 2330 987 2393 visa,
1011 2330 1106 2386 sed
1126 2335 1557 2384 consentaneum
1578 2342 1717 2396 opus
1741 2335 1869 2380 natu
1880 2341 1970 2389 rae,

399 2430 590 2492 suapte
614 2422 660 2475 vi
690 2420 925 2491 quadam
953 2419 1007 2474 id
1035 2418 1341 2479 eﬂicientis,
1369 2432 1493 2473 esse
1522 2424 1744 2472 statuat.
1770 2415 1974 2481 Quem-

399 2514 694 2568 admodum
734 2527 888 2584 ergo,
930 2526 1058 2565 cum
1119 2509 1368 2566 homines
1409 2508 1650 2562 universi
1718 2522 1747 2560 a
1798 2513 1978 2560 mente

399 2606 617 2675 propria
664 2611 946 2674 regantur,
990 2602 1149 2673 pauci
1197 2613 1379 2656 tamen
1408 2600 1631 2671 quidam
1679 2600 1974 2662 exsistunt,

398 2696 723 2765 quibuscum
756 2694 899 2751 Deus
935 2693 1230 2750 manifesto
1258 2709 1394 2764 pene
1421 2692 1744 2746 familiarem
1781 2692 1834 2744 in
1862 2704 1980 2743 mo-

399 2789 527 2842 dum
555 2795 839 2843 versatur:
875 2788 954 2843 sic
975 2802 1099 2842 cum
1125 2787 1207 2841 vis
1236 2784 1572 2855 imaginandi
1603 2798 1699 2852 per
1724 2795 1979 2837 somnum

400 2880 657 2935 omnibus
689 2893 844 2949 aeque
888 2892 953 2933 ac
981 2879 1101 2934 sine
1135 2877 1451 2933 discrimine
1495 2892 1525 2929 a
1563 2886 1758 2931 natura
1796 2875 1868 2929 sit
1900 2874 1982 2928 in-

399 2971 535 3035 dita,
578 2971 735 3042 pauci
771 2987 838 3026 ex
872 2970 1256 3025 universorum
1301 2978 1445 3024 ccetu
1490 2978 1638 3034 sunt,
1672 2967 1873 3036 quibus
1902 2965 1983 3018 di-

400 3040 613 3118 viniora
642 3078 702 3117 se
734 3061 1075 3117 somniorum
1110 3061 1221 3115 visa
1249 3059 1506 3116 oderunt.
1548 3056 1742 3112 (ἔπιθι-ἱ
1775 3056 1819 3111 si
1849 3054 1978 3125 quid
2008 3040 2050 3098 C

402 3153 473 3207 de
517 3153 856 3208 somniorum
890 3149 1225 3217 coniecturis
1259 3148 1334 3202 rei
1376 3147 1574 3201 futura:
1600 3153 1975 3215 cognoscunt:

394 3244 455 3298 id
489 3253 662 3299 totum
695 3244 811 3299 fieri
847 3258 934 3307 eo,
979 3259 1090 3313 quo
1118 3241 1416 3307 indicatum
1445 3246 1551 3300 est,
1594 3236 1756 3290 modo
1784 3242 1982 3303 putan-

400 3337 530 3391 dutn
564 3337 687 3391 erit.
723 3335 879 3402 Quod
913 3343 1092 3389 autem
1119 3341 1175 3388 et
1201 3330 1492 3402 [Egyplius
1529 3338 1583 3383 et
1608 3328 1867 3397 Assyrius
1895 3333 1981 3395 ty-

400 3444 609 3483 rannus
648 3427 742 3483 Dei
790 3435 929 3482 nutu
973 3426 1042 3481 ad
1078 3425 1389 3480 futurorum
1439 3422 1727 3477 scientiam
1761 3417 1982 3473 deducti

403 3527 552 3583 sunt,
606 3522 707 3576 hoc
755 3533 972 3590 quoque
1011 3517 1119 3571 alio
1171 3513 1503 3585 respiciente
1544 3510 1653 3567 Deo
1702 3511 1977 3565 usuvenit.

400 3609 539 3668 Nam
567 3627 634 3667 eo
662 3621 820 3682 pacto
844 3618 1160 3666 sanctorum
1193 3605 1555 3677 quorumdam
1583 3603 1865 3657 hominum
1895 3616 1985 3656 sa-

403 3705 666 3776 pientiam
698 3704 954 3761 omnibus
999 3703 1344 3756 innotescere
1374 3697 1639 3767 oportuit,
1678 3706 1737 3750 ut
1766 3710 1829 3750 ea
1861 3694 1983 3748 vitae

402 3798 689 3854 hominum
733 3795 883 3850 utilis
926 3803 1090 3850 esset.
1133 3791 1236 3858 in
1265 3790 1414 3846 enim
1444 3788 1560 3843 fieri
1598 3789 1889 3858 potuisset,
1923 3793 1982 3841 ut

405 3892 462 3945 in
492 3888 711 3945 Daniele
740 3886 969 3942 facultas
1000 3900 1125 3941 esse
1160 3880 1498 3938 vaticinandi
1541 3878 1980 3949 deprehendere-

404 3992 518 4044 tur,
549 3980 656 4035 nisi
702 3985 1084 4034 excantatores
1113 3983 1170 4030 et
1217 3972 1359 4040 magi
1410 3970 1685 4025 somnium
1755 3967 1898 4037 regis
1927 3972 1982 4018 et

407 4072 651 4127 invenire
718 4076 773 4124 et
847 4065 1201 4137 interpretari
1278 4059 1643 4131 nequissent?
1705 4055 1980 4127 quomodo

408 4162 788 4234 .Egyptiorusn
813 4157 1129 4215 conservari
1159 4155 1309 4210 natio
1340 4151 1629 4223 potuisset,
1655 4148 1895 4217 Josepho
1923 4145 1978 4199 in

406 4273 628 4315 carcere
652 4256 837 4312 abdito
859 4263 913 4310 et
938 4254 1223 4314 concluso,
1256 4252 1301 4306 si
1332 4266 1439 4304 non
1476 4247 1674 4303 somnii
1715 4245 1978 4315 explana-

407 4351 487 4404 tio
538 4347 859 4419 prrebuisset
891 4345 1257 4406 occasionem,
1315 4356 1420 4411 qua
1472 4342 1527 4394 in
1557 4346 1760 4393 emtum
1810 4337 1980 4390 totius

408 4441 589 4509 gentis
612 4436 1024 4494 accerseretur?
1050 4435 1263 4491 Idcirco
1297 4431 1644 4488 statuendum
1667 4438 1773 4492 est,
1802 4428 1982 4482 diver-

408 4547 528 4587 sam
568 4532 761 4585 horum
812 4527 1076 4582 rationem
1101 4540 1243 4590 esse,
1285 4540 1407 4594 qua:
1447 4523 1514 4577 ad
1549 4536 1869 4577 communes
1896 4520 1981 4573 vi-

408 4622 595 4680 siones
623 4634 731 4674 non
762 4626 1049 4688 congruat.
1086 4614 1298 4670 Usitata
1325 4629 1452 4669 vero
1475 4612 1810 4669 somniorum
1843 4610 1978 4674 visa,

408 4712 663 4767 omnibus
682 4708 864 4771 obvia,
898 4722 1158 4778 perquam
1200 4704 1365 4760 variis
1390 4703 1567 4757 modis
1595 4701 1979 4757 informantur.

408 4803 517 4857 Aut
544 4802 713 4861 enim,
751 4796 1210 4869 quemadmodum
1252 4803 1339 4850 est
1368 4793 1697 4863 expositum,
1752 4791 1980 4847 extremi

407 4891 569 4962 quasi
616 4890 738 4946 soni
781 4888 1105 4943 diurnarum
1134 4885 1479 4941 eﬂ'ectionum
1519 4882 1575 4937 in
1625 4891 1781 4953 parte
1812 4881 1981 4935 animi

410 4982 797 5037 reminiscente
822 4978 1018 5048 reliqui
1048 4976 1310 5037 tinniunt,
1343 4982 1437 5027 aut
1459 4988 1557 5042 pro
1577 4988 1643 5028 eo
1673 4981 1837 5041 atque
1865 4986 1985 5025 cor-

411 5090 514 5144 pus
553 5073 802 5129 aﬂ‘ectum
834 5079 941 5135 est,
998 5068 1210 5125 somnia
1238 5081 1456 5137 quoque
1496 5066 1790 5136 tinguntur.
1830 5065 1987 5118 Patet

412 5165 517 5220 hoc
561 5180 626 5220 ex
671 5179 760 5229 eo,
805 5164 950 5233 quod
996 5161 1088 5233 qui
1133 5160 1346 5222 sitiunt,
1404 5173 1527 5214 esse
1555 5160 1621 5211 ad
1656 5158 1834 5211 fontes
1864 5170 1987 5211 sese

408 5252 767 5309 existimant:
815 5251 909 5322 qui
939 5249 1213 5312 esuriunt,
1259 5247 1312 5301 in
1338 5246 1628 5310 conviviis,
1664 5246 1985 5300 adolescens

415 5361 513 5416 per
555 5353 768 5399 aetatem
812 5344 1128 5407 lasciviens.
1184 5348 1553 5398 consentanea
1606 5338 1815 5393 libidini
1872 5350 1985 5391 sua:

404 5439 763 5509 imaginatur.
792 5437 1052 5507 Equidem
1080 5444 1135 5493 et
1162 5436 1324 5490 aliam
1352 5433 1640 5505 quamdam
1664 5439 1861 5502 praeter
1886 5431 1984 5486 has

415 5525 749 5580 somniorum
775 5541 1000 5582 causam
1024 5526 1210 5592 didici,
1249 5540 1373 5580 cum
1401 5522 1772 5580 necessarium
1798 5535 1986 5590 quem-

466 5681 691 5755 ”,Gen.
717 5697 807 5752 ιι,
845 5682 867 5737 ι
907 5697 1059 5753 seqq.

2081 1777 2332 1849 δυνάμει,
2359 1782 2626 1853 μηδεμιᾶς
2640 1784 2838 1846 αὐτοὺς
2857 1784 3209 1855 ἐπιθολούσης
3225 1786 3547 1856 αἰσθήσεως,
3563 1791 3665 1860 τὴν

2082 1869 2193 1923 τῶν
2242 1872 2545 1941 μελλόντων
2577 1874 2776 1943 γνῶσιν
2804 1878 3277 1947 προεπαιδεύοντο,
3309 1880 3461 1932 οὐδὲν
3504 1880 3667 1933 τοῦτο

2082 1962 2220 2032 πρὸς
2240 1963 2332 2015 τὸν
2357 1965 2716 2035 προκείμενον
2735 1966 2910 2034 λόγον.
2932 1968 3065 2021 Οὐδὲ
3089 1968 3198 2040 γὰρ
3214 1970 3278 2024 ἄν
3294 1988 3376 2033 τις
3391 1971 3562 2025 ταῦτα
3595 1976 3663 2042 τῇ

2081 2049 2306 2121 δυνάμει
2326 2052 2434 2107 τῶν
2459 2056 2726 2107 ἐνυπνίων
2748 2055 3039 2125 λογίσαιτο,
3072 2061 3193 2113 ἐπεὶ
3221 2061 3436 2124 πάντως
3465 2063 3528 2113 ἐκ
3568 2064 3665 2115 τοῦ

2081 2143 2375 2197 ἀκολούθου
2401 2147 2606 2210 καὶτὰς
2628 2148 2749 2201 καθ’
2764 2149 2909 2221 ὕπαρ
2922 2151 3212 2221 γινομένας
3229 2153 3549 2223 θεοφανείας
3562 2157 3667 2209 οὐκ
3728 2138 3739 2143 ’

2082 2236 2369 2297 ὀπτασίαν.
2388 2237 2523 2291 ἀλλά
2549 2239 2764 2307 φύσεως
2777 2242 3098 2296 ἀκολουθίαν
3123 2244 3262 2297 κατά
3279 2245 3340 2297 τὸ
3362 2246 3667 2316 αὐτόματον

2082 2326 2479 2398 ἐνεργουμένην
2498 2331 2757 2401 οἰήσεται.
2785 2332 2992 2404 Ὠσπερ
3011 2334 3189 2388 τοίνυν
3209 2336 3426 2389 πάντων
3454 2334 3669 2405 ἀνθρώ-

2081 2434 2198 2470 πων
2214 2418 2356 2471 κατά
2371 2420 2460 2472 τὸν
2483 2421 2611 2473 ῐδιον
2634 2423 2758 2475 νοῦν
2780 2423 3181 2494 διοικουμένων,
3199 2426 3368 2494 ὀλίγοι
3413 2433 3552 2490 τινές
3580 2429 3672 2480 εί-

2084 2522 2166 2559 σιν
2194 2511 2242 2560 οἱ
2272 2508 2370 2578 τῆς
2400 2509 2546 2573 θείας
2571 2512 2784 2581 ὁμιλίας
2813 2513 2876 2565 ἐκ
2908 2513 3000 2566 τοῦ
3027 2515 3301 2584 ἐμφανοῦς
3330 2515 3667 2585 ἀξιούμενοι·

2082 2596 2226 2650 οὕτω
2264 2599 2460 2662 κοινῶς
2487 2602 2621 2653 πᾶσι
2660 2604 2752 2655 καὶ
2781 2603 3058 2672 ὀμοτίμως
3088 2605 3190 2673 τῆς
3231 2607 3289 2656 ἐν
3313 2604 3500 2669 ὕπνοις
3528 2624 3671 2675 (pav-

2082 2692 2275 2754 τασίας
2323 2692 2463 2745 κατά
2522 2693 2682 2762 φύσιν
2731 2696 3125 2766 ἐγγινομένης,
3162 2698 3448 2769 μετέχουσί
3491 2716 3664 2762 τινες,

2083 2783 2203 2851 οὐχι
2241 2783 2459 2847 πάντες,
2506 2784 2781 2855 θειοτέρας
2812 2787 2955 2849 τινὸς
2999 2787 3086 2840 διά
3131 2789 3239 2843 τῶν
3288 2790 3514 2860 ὀνείρων
3558 2791 3663 2860 τῆς

2083 2875 2402 2943 ἐμφανείας.
2446 2877 2572 2939 Τοῖς
2615 2877 2661 2929 δ’
2690 2878 2869 2942 ἀλλοις
2910 2882 3044 2932 πᾶσι
3086 2879 3192 2933 κᾶν
3238 2880 3464 2952 γένηταί
3491 2899 3580 2945 τις
3607 2883 3665 2947 ἐξ

2084 2967 2351 3019 ἐνυπνίων
2388 2969 2514 3039 περί
2559 2987 2610 3021 τι
2660 2970 3002 3040 πρόγνωσις,
3040 2971 3180 3024 κατά
3224 2972 3316 3024 τὸν
3372 2974 3663 3043 είρημένον

2084 3056 2294 3125 γίνεται
2319 3059 2537 3128 τρόπον.
2571 3061 2632 3112 Et
2662 3060 2719 3113 δέ
2751 3062 2844 3113 και
2876 3064 2904 3115 ὀ
2949 3063 3246 3130 Αἰγύπτιος
3282 3065 3375 3116 καὶ
3403 3066 3431 3116 ὀ
3468 3066 3664 3119 Ἀσσύ-

2084 3165 2198 3221 ριος
2233 3149 2493 3221 τύραννος
2528 3149 2711 3204 θεόθεν
2749 3153 2884 3223 πρὸς
2911 3154 3011 3222 τὴν
3049 3154 3158 3207 τῶν
3192 3155 3491 3225 μελλόντων
3518 3157 3658 3227 ὠδη-

2082 3238 2277 3309 γοῦντο
2306 3240 2531 3308 γνῶσιν,
2558 3242 2746 3312 ἐτερόν
2770 3245 2886 3296 ἐστι
2923 3245 2985 3297 τὸ
3009 3245 3095 3298 διὰ
3123 3244 3328 3299 τούτων
3351 3248 3666 3316 οίκονομούο

2086 3349 2245 3402 μενον
2264 3351 2276 3365 ·
2308 3333 2684 3404 φανερωθῆναι
2718 3334 2826 3405 γὰρ
2865 3333 2969 3388 ἔδει
3006 3339 3395 3410 κεκρυμμένην
3422 3341 3520 3409 τὴν
3552 3342 3666 3392 τῶν

2084 3427 2256 3495 ἁγίων
2284 3427 2497 3495 σοφίαν,
2527 3427 2603 3489 ὡς
2645 3427 2712 3479 ἂν
2745 3426 2818 3497 μὴ
2853 3427 3126 3499 ἄχρηστος
3170 3430 3247 3500 τῷ
3275 3431 3439 3500 κοινῷ
3483 3449 3667 3503 παραυ

2081 3520 2265 3593 δράμῃ
2289 3520 2378 3573 τὸν
2432 3519 2566 3589 βίον.
2606 3520 2732 3581 Πῶς
2758 3519 2865 3589 γὰρ
2904 3518 3149 3591 ἐγνώσθη
3184 3519 3422 3583 τοιοῦτος
3450 3520 3526 3574 ὣν
3555 3526 3666 3575 Δα-

2082 3615 2222 3685 νιὴλ,
2264 3613 2338 3685 μὴ
2368 3613 2473 3665 τῶν
2516 3610 2783 3665 ἐπαοιδῶν
2832 3612 2926 3664 καὶ
2964 3612 3152 3681 μάγων
3187 3612 3321 3680 πρὸς
3352 3613 3451 3682 τὴν
3505 3612 3667 3686 εὗρε-

2085 3725 2167 3761 σιν
2206 3709 2305 3777 τῆς
2351 3704 2651 3777 φαντασίας
2691 3702 3069 3774 ἀτονησάντων
3097 3720 3111 3769 ;
3144 3703 3267 3767 Πῶς
3302 3704 3346 3756 δ’
3381 3706 3447 3757 ἂν
3506 3722 3671 3776 περι-

2085 3794 2265 3863 εσώθη
2280 3795 2342 3847 τὸ
2362 3794 2653 3861 Αἰγύπτιον
2670 3793 2841 3855 ἔθνος,
2863 3794 2920 3843 ἐν
2943 3790 3305 3861 δεσμωτηρίῳ
3325 3791 3664 3859 καθειργμέ-

2084 3902 2176 3940 you
2208 3884 2302 3938 τοῦ
2345 3886 2567 3954 Ἰωσὴφ,
2603 3886 2651 3937 εί
2687 3883 2761 3954 μὴ
2808 3884 3129 3952 παρήγαγεν
3160 3883 3240 3945 είς
3272 3884 3468 3952 μέσους
3494 3882 3667 3935 αὑτὸν

2084 3979 2119 4032 ὖ
2153 3976 2247 4032 τοῦ
2292 3978 2541 4030 ἐνυπνίου
2588 3976 2798 4046 κρίσιςς
2847 3974 3056 4029 Οὐκοῦν
3080 3974 3208 4028 ἄλλο
3250 3991 3302 4026 τι
3339 3977 3531 4038 ταῦτα,
3567 3976 3665 4029 καὶ

2081 4070 2201 4139 οὐχὶ
2236 4067 2378 4122 κατά
2407 4067 2505 4131 τὰς
2549 4065 2733 4128 κοινὰς
2762 4064 3061 4133 φαντασίας
3101 4062 3406 4131 λογίζεσθαι
3433 4064 3560 4134 χρή.
3594 4063 3666 4116 '11

2081 4160 2139 4213 δέ
2176 4158 2410 4230 συνήθης
2460 4155 2599 4226 αὕτη
2635 4154 2744 4209 τῶν
2789 4154 3012 4224 ὀνείρων
3057 4153 3179 4222 δψις
3232 4152 3385 4222 κοινὴ
3438 4152 3666 4205 πάντων

2081 4252 2229 4316 ἐστὶ,
2260 4250 2610 4321 πολυτρόπως
2664 4248 2759 4301 καὶ
2819 4245 3113 4309 πολυειδῶς
3162 4248 3285 4309 ταῖς
3337 4243 3663 4313 φαντασίαις

2083 4343 2425 4414 ἐγγινομένη.
2459 4338 2532 4395 Ἦ
2560 4340 2669 4412 γὰρ
2709 4340 3042 4410 παραμένει,
3074 4337 3256 4400 καθὼς
3296 4337 3547 4409 εἴρηται,
3581 4337 3665 4408 τῷ

2088 4434 2406 4507 μνημονικῷ
2451 4433 2551 4502 τῆς
2578 4431 2753 4501 ψυχῆς
2782 4429 2889 4482 τῶν
2947 4428 3326 4499 μεθημερινῶν
3376 4426 3664 4496 ἐπιτηδευ-

2088 4527 2272 4597 μάτων
2300 4525 2368 4579 τά
2408 4525 2748 4593 ἀπηχήματα
2916 4519 3177 4581 πολλάκις
3228 4518 3323 4572 καὶ
3373 4518 3509 4588 πρὸς
3560 4516 3666 4579 τάς

2085 4619 2245 4682 ποιὰς
2272 4617 2364 4670 τοῦ
2398 4615 2646 4685 σώματος
2682 4613 2999 4683 διαθέσειςή
3029 4610 3138 4664 τῶν
3173 4611 3438 4664 ἐνυπνίων
3485 4610 3663 4663 κατὰ-

2087 4724 2273 4771 στασις
2296 4704 2684 4760 ἀνατυποῦται.
2718 4702 2874 4757 Οὕτω
2902 4703 3011 4774 γὰρ
3039 4704 3068 4755 ὀ
3096 4701 3332 4772 διψώδης
3366 4703 3424 4755 ἐν
3455 4704 3668 4769 πηγαῖς

2084 4794 2224 4852 εἶναι
2251 4797 2418 4857 δοκεῖ,
2448 4798 2542 4850 καὶ
2580 4797 2636 4848 ἐν
2667 4794 2919 4864 εὐωχίαις
2951 4796 2980 4846 ὀ
3007 4793 3213 4864 τροφῆς
3240 4792 3661 4863 προσδεόμενος,

2086 4889 2180 4942 καὶ
2206 4890 2235 4941 ὀ
2263 4888 2401 4953 νέος,
2438 4884 2754 4956 σφριγώσης
2777 4882 2924 4953 αύτῷ
2950 4883 3048 4952 τῆς
3076 4882 3311 4952 ἡλικίας,
3340 4880 3665 4950 καταλλήλῳ

2083 4979 2163 5049 τῷ
2212 4978 2373 5033 πάθει
2426 4975 2830 5044 φαντασιοῦται.
2872 4976 3081 5042 Ἔγνων
3115 4973 3171 5026 δὲ
3211 4974 3307 5025 καὶ
3351 4971 3514 5041 ἀλλην
3548 4971 3666 5039 ἐγὼ

2085 5070 2194 5123 τῶν
2229 5068 2349 5123 καθ’
2388 5067 2558 5120 ὕπνου
2599 5066 2905 5136 γενομένων
2943 5066 3151 5128 αἰτίαν,
3186 5063 3502 5135 θεραπεύων
3537 5065 3667 5117 τινὰ

2083 5161 2192 5214 τῶν
2239 5159 2557 5227 ἐπιτηδείων
2588 5158 2864 5212 ἑαλωκότα
2903 5156 3190 5229 φρενίτιδι,
3232 5156 3289 5217 ὃς
3329 5154 3669 5226 βαρούμενος

2086 5255 2150 5324 τῇ
2173 5254 2345 5322 τροφῇ
2374 5250 2573 5304 πλείονι
2596 5250 2694 5319 τῆς
2723 5247 3004 5318 δυνάμεως
3023 5248 3187 5303 αὑτοῦ
3211 5247 3667 5317 προσενεχθείσῃ,

2085 5344 2253 5407 ἐϐόα,
2295 5343 2420 5406 τοὺς
2481 5340 2847 5413 περιεστῶτας
2898 5340 3284 5410 μεμφόμενος,
3331 5340 3415 5392 ὅτι
3471 5338 3671 5410 ἔντερα

2087 5435 2291 5489 κόπρου
2325 5430 2710 5504 πληρώσαντες
2743 5426 2854 5485 εἷεν
2879 5430 3277 5494 ἐπιτεθεικότες
3307 5428 3479 5498 αὐτῷ.
