3886 6214
167 359 274 416 ἱτῧ

1435 357 1520 409 DE
1569 351 1849 410 HOMINIS
1887 353 2200 408 GPIFICIO.

3353 349 3451 400 ιτι

170 476 300 527 dam
343 471 685 527 laborantem
727 487 794 526 ex
841 471 1148 542 plirenitide
1195 485 1466 525 curarem.
1503 471 1640 526 Cibo
1677 471 1822 525 enim
1865 471 2120 540 largiore,
2167 483 2328 538 quam
2361 469 2534 538 ipsius
2580 467 2788 523 viribus
2821 467 3156 531 conveniret,
3193 475 3453 536 gravatus

170 569 478 632 clamabat,
517 575 571 621 et
602 574 850 622 astantes
879 567 1224 637 objurgabat,
1253 565 1610 634 quamobrem
1640 565 1898 619 intestina
1932 579 2090 618 coeno
2129 565 2334 632 repleta
2367 564 2470 618 sibi
2512 563 2918 632 imposuissent.

241 681 356 732 Καὶ
383 679 484 750 ήδη
545 677 639 732 τοῦ
665 677 916 750 σώματος
959 677 1106 748 αὐτῷ
1167 678 1306 748 πρὸς
1353 676 1550 747 ἱδρῶτα
1601 675 1766 728 σπεύ-

1941 677 2190 744 Cumque
2223 675 2334 744 jam
2368 689 2567 742 corpus
2592 673 2824 742 quodam
2857 689 2980 726 cum
3033 675 3234 742 impetu
3279 675 3451 728 sudo-

167 771 380 836 δοντος,
431 769 622 842 ᾐτιᾶτο
666 771 794 834 τοὺς
842 771 1116 839 παρὸντας
1164 770 1308 840 ὕδωρ
1357 769 1502 839 ἔχειν
1543 771 1770 838 ἡτοιμα-

174 863 403 934 σμένον,
429 863 514 931 ἐφ’
537 855 581 930 ᾧ
607 877 666 914 τε
689 861 1020 932 καταδρέξαι
1056 861 1330 931 κείμενον,
1357 862 1448 914 καὶ¹
1474 861 1574 914 οὐκ
1607 859 1770 911 ἐνεδί-

171 955 268 1008 δου
295 955 458 1024 βοῶν,
477 955 581 1015 ἓως
604 954 636 1023 ή
660 951 884 1016 ἔκϐασις
899 953 1007 1006 τῶν
1024 953 1279 1004 τοιούτων
1303 951 1561 1022 μέμψεων
1575 948 1673 1010 τὰς
1686 951 1773 1000 αἰ-

173 1047 298 1108 τίας
313 1047 680 1116 ἡρμήνευσεν.
709 1044 946 1114 Ἀθρόως
961 1043 1070 1114 γὰρ
1090 1041 1250 1112 ἱδρώς
1268 1059 1326 1094 τε
1347 1042 1511 1104 πολὺς
1529 1043 1624 1094 ἐπε
1633 1039 1770 1112 ῥρύη

171 1135 254 1204 τῷ
271 1135 514 1204 σώματι,
536 1136 628 1186 καὶ
649 1136 682 1204 ὴ
707 1134 918 1204 γαστὴρ
947 1133 1324 1201 ύποιρθαρεῖσα
1341 1133 1437 1204 τὴν
1467 1135 1524 1186 ἐν
1556 1134 1668 1195 τοῖς
1688 1135 1772 1184 ἐν-

171 1227 365 1296 τέροις
396 1225 680 1295 βαρύτητα
707 1226 1056 1294 διεσήμανεν.
1089 1225 1266 1296 Ὅπερ
1297 1225 1499 1288 τοίνυν,
1535 1223 1776 1293 ἀμϐλυν-

175 1316 370 1386 θείσης
421 1317 526 1369 ὑπὸ
563 1316 662 1385 τῆς
693 1316 850 1368 νόσου
890 1315 988 1384 τῆς
1018 1315 1252 1386 νήψεως,
1285 1315 1522 1384 ἔπασχεν
1549 1316 1582 1384 ἡ
1617 1313 1774 1381 φύσις

179 1411 638 1481 συνδιατιθεμένη
695 1411 776 1480 τῷ
829 1410 990 1464 πάθει
1039 1409 1132 1463 τοῦ
1199 1409 1467 1479 σώματος,
1523 1408 1618 1460 τοῦ
1680 1409 1774 1474 μὲν

175 1502 468 1572 ὀχλοῦντος
506 1504 606 1556 οὐκ
659 1502 1006 1572 ἀναισθήτως
1035 1501 1254 1571 ἔχουσα,
1275 1501 1606 1568 διασαφῆναι
1633 1500 1690 1552 δὲ
1715 1501 1776 1552 τὸ

175 1593 390 1648 λυποῦν
437 1593 702 1665 ἐναργῶς,
735 1593 824 1646 διὰ
871 1593 968 1663 τὴν
1002 1596 1064 1646 ἐκ
1108 1594 1206 1663 τῆς
1246 1594 1402 1646 νόσου
1429 1593 1772 1664 παραφορὰν,

175 1689 282 1739 οὐκ
339 1685 626 1756 ἰσχύουσα·
674 1685 836 1738 τοῦτο
867 1686 1010 1740 κατὰ
1045 1685 1106 1740 τὸ
1145 1687 1314 1749 εἰκὸς,
1343 1689 1390 1738 εἰ
1421 1685 1494 1756 μὴ
1525 1685 1583 1750 ἐξ
1603 1687 1776 1758 ἁρρωα

179 1777 362 1840 στίας.
403 1778 540 1830 ἀλλὰ
565 1777 642 1848 τῷ
668 1779 810 1831 κατὰ
837 1778 998 1846 φύσιν
1028 1778 1181 1848 ὕπνῳ
1215 1778 1276 1831 τὸ
1303 1779 1644 1849 διανοητικὸν
1677 1780 1776 1850 τῆς

184 1867 376 1936 ιζυχῆς
421 1866 795 1938 κατηυνάσθη,
821 1868 1071 1921 ἐνύπνιον
1103 1868 1169 1922 ἂν
1221 1868 1299 1938 τῷ
1351 1868 1523 1931 οὕτως
1575 1869 1777 1921 διακει-

183 1961 336 2029 μένῳ
383 1959 612 2027 ἐγίνετο,
650 1959 802 2014 ὕδατι
839 1961 936 2030 μὲν
982 1960 1081 2030 τῆς
1107 1960 1200 2012 τοῦ
1237 1959 1460 2029 ἱδρῶτος
1491 1961 1774 2031 ἐπιρροῆς,

1873 783 1984 822 rem
2014 781 2402 837 expressurum
2431 773 2570 827 erat,
2595 765 2886 818 accusabat
2911 780 3005 818 eos
3039 766 3130 834 qui
3171 764 3449 828 adessent,

1873 857 2030 926 quasi
2059 871 2254 926 aquam
2301 859 2366 909 ad
2401 871 2596 910 manus
2627 857 2915 919 haberent,
2971 871 3078 924 qua
3131 857 3308 924 ipsum
3367 857 3452 926 ja-

1874 961 2088 1004 centem
2155 957 2554 1018 respergerent.
2607 947 2932 1016 Hujusmodi
2995 949 3264 1004 clamores
3335 965 3448 1004 non

1877 1039 2295 1100 intermittebat,
2329 1038 2506 1092 donec
2531 1047 2764 1091 eventus
2793 1041 2931 1106 ipse,
2965 1053 3088 1106 quae
3127 1038 3319 1091 harum
3367 1039 3455 1092 in-

1876 1132 2250 1199 crepationum
2317 1145 2497 1184 causa:
2547 1137 2753 1193 essent,
2806 1129 3127 1183 declararet.
3174 1130 3450 1184 Continuo

1877 1225 2022 1276 enim
2057 1223 2228 1276 sudor
2260 1223 2518 1290 copiosus
2541 1237 2570 1276 e
2604 1237 2834 1289 corpore
2867 1223 3139 1280 manabat.
3177 1233 3230 1278 et
3265 1232 3454 1278 venter

1883 1313 2099 1364 solutus
2144 1311 2289 1381 quod
2343 1312 2522 1366 isthuc
2596 1321 2745 1366 esset
2799 1312 2850 1365 in
2905 1312 3188 1368 intestinis
3239 1327 3453 1383 ponatis

1887 1403 2256 1471 signiﬁcabat.
2291 1402 2448 1468 Quod
2487 1403 2652 1472 igitur
2688 1403 2887 1455 accidit
2921 1404 3184 1458 liehetatze
3219 1419 3316 1474 per
3343 1407 3453 1458 vim

1879 1495 2054 1548 morbi
2097 1501 2323 1558 naturae,
2356 1511 2477 1563 quae
2499 1495 2688 1548 morbo
2723 1496 2973 1563 corporis
3004 1496 3361 1558 adiciebatur,
3395 1507 3456 1552 ut

1878 1587 2010 1657 quid
2063 1603 2229 1655 grave
2269 1587 2670 1656 molestumque
2715 1589 2820 1642 sibi
2860 1599 3028 1650 esset,
3077 1603 3186 1642 non
3229 1591 3456 1642 omnino

1879 1681 2179 1750 ignoraret,
2233 1679 2477 1732 indicare
2531 1687 2714 1732 tamen
2769 1694 2866 1748 per
2922 1689 3097 1733 ortam
3142 1695 3207 1734 ex
3263 1681 3455 1751 ujorbo

1879 1765 2438 1821 delirationetnunde
2483 1765 2796 1828 laederetur,
2833 1769 3122 1836 perspicue
3157 1785 3266 1822 non
3311 1771 3432 1824 vale

1881 1859 2064 1914 ret:id
2089 1866 2517 1913 consentaneum
2543 1867 2648 1920 est,
2688 1862 2734 1914 si
2761 1859 2902 1915 forte
2926 1877 3032 1916 non
3059 1878 3124 1916 ex
3145 1863 3458 1917 iuvalitudi‘

1881 1965 1968 2014 ne,
2016 1951 2110 2004 sed
2149 1951 2388 2004 naturali
2420 1965 2615 2004 somno
2655 1953 2966 2023 intelligens
3019 1957 3184 2008 animi
3223 1956 3455 2010 facultas

181 2051 422 2123 ἐντέρων
469 2051 524 2104 δὲ
555 2051 710 2124 βάρει
751 2053 850 2122 τῆς
896 2051 1039 2106 κατὰ
1084 2051 1183 2122 τὴν
1219 2053 1426 2123 τροφὴν
1479 2053 1775 2122 ἀχθηδόνος

1891 2044 2055 2110 sopita
2081 2040 2360 2106 fuisset,in
2395 2042 2618 2096 homine
2649 2043 2730 2097 sic
2759 2043 2954 2099 ali‘ecto
2981 2048 3252 2101 somnium
3281 2050 3458 2117 quod-

185 2143 622 2215 σημαινομὲνης.
655 2141 826 2198 Τοῦτο
870 2146 965 2197 καὶ
990 2144 1204 2207 πολλοῖς
1243 2144 1352 2198 τῶν
1380 2145 1480 2215 τὴν
1526 2145 1780 2217 ἰατρικὴν

185 2235 642 2306 πεπαιδευμένων
690 2237 858 2300 δοκεῖ,
903 2237 1055 2308 παρὰ
1112 2237 1210 2300 τὰς
1269 2237 1378 2290 τῶν
1431 2237 1780 2308 παθημάτων

184 2326 581 2398 διαφορὰς,καὶ
613 2326 715 2390 τὰς
747 2327 852 2380 τῶν
882 2327 1151 2380 ἐνυπνίων
1189 2327 1338 2396 ὄψεις
1367 2329 1480 2389 τοῖς
1510 2327 1780 2394 κάμνουσι

184 2416 438 2486 γίνεσθαι
464 2433 478 2446 ·
511 2416 680 2480 ἄλλας
735 2423 832 2488 μὲν
877 2419 986 2470 τῶν
1029 2417 1462 2488 στομαχούντων,
1492 2419 1684 2488 ἐτέρας
1723 2417 1780 2470 δὲ

184 2511 299 2562 τῶν
329 2510 742 2580 κεκακωμένων
788 2510 885 2574 τὰς
933 2513 1226 2580 μήνιγγας,
1263 2511 1358 2562 καὶ¹
1391 2509 1498 2562 τῶν
1527 2512 1585 2562 ἐν
1614 2525 1782 2579 πυρε-

181 2605 300 2664 τοῖς
342 2603 508 2655 πάλιν
550 2603 766 2670 ἐτέρας,
799 2601 906 2654 τῶν
948 2620 1008 2654 τε
1065 2601 1208 2655 κατὰ
1235 2601 1417 2672 χολὴν,
1455 2603 1546 2655 καὶ
1592 2599 1697 2654 τῶν
1723 2602 1782 2652 ἐν

183 2694 472 2763 φλέγματι
497 2694 856 2764 κακουμένων
900 2692 959 2745 ού
1001 2693 1100 2755 τὰς
1135 2693 1332 2754 αὑτὰς,
1380 2691 1609 2744 καὶτῶν
1647 2691 1784 2760 πλη-

182 2783 468 2854 θωρικῶν,
493 2784 718 2836 καὶτῶν
747 2784 1118 2854 ἐκτετηκότων
1156 2783 1316 2836 πάλιν
1365 2781 1548 2844 ἄλλας.
1597 2781 1686 2846 Ἐξ
1709 2775 1782 2834 ὧν

181 2877 341 2929 ἔστιν
372 2876 518 2934 ἰδεῖν.
545 2877 627 2928 ὄτι
665 2876 698 2944 ἡ
735 2874 1000 2946 θρεπτική
1035 2891 1094 2926 τε
1131 2877 1222 2926 καὶ
1251 2874 1519 2944 αὐξητικὴ
1555 2872 1785 2942 δύναμις

179 2969 290 3038 τῆς
323 2967 506 3037 ψυχῆς
525 2966 626 3039 ἔχῃ
659 2985 712 3020 τι
749 2967 844 3020 καὶ
869 2965 962 3019 τοῦ
994 2965 1183 3036 νοεροῦ
1225 2963 1786 3035 συγκατεσπαρμένον

179 3059 332 3128 αὐτῇ
365 3058 456 3110 διὰ
506 3057 606 3126 τῆς
637 3058 1026 3128 ἀνακράσεως,
1063 3053 1092 3108 ὃ
1119 3059 1186 3126 τῇ
1233 3057 1367 3127 ποιᾷ
1416 3056 1652 3109 διαθέσει
1691 3055 1784 3109 τοῦ

182 3147 454 3216 σώματος
486 3147 684 3218 τρόπον
731 3147 854 3199 τινα
893 3145 1256 3216 ἐξομοιοῦται,
1291 3147 1386 3200 καὶ
1440 3148 1500 3200 τὸ
1551 3149 1786 3217 ἐπικρα-

179 3237 320 3291 τοῦν
351 3237 524 3301 πάθος
569 3241 690 3301 ταῖς
739 3239 1059 3307 φαντασίαις
1115 3239 1616 3309 μεθαρμοζὸμενον.
1665 3237 1786 3290 Ἔτι

179 3330 250 3382 δὲ
297 3329 393 3382 καὶ
441 3330 578 3400 πρὸς
619 3328 716 3393 τὰς
763 3330 870 3384 τῶν
918 3329 1064 3399 ἠθῶν
1103 3332 1466 3392 καταστάσεις
1515 3331 1784 3386 τυποῦται

1882 2133 2008 2186 dam
2051 2133 2295 2186 futurum
2345 2133 2536 2198 fuisse,
2585 2135 2640 2187 in
2679 2151 2788 2204 quo
2847 2153 2943 2206 per
2987 2155 3182 2207 aquam
3240 2142 3460 2196 sudoris

1883 2221 2073 2286 ﬂuxio,
2115 2239 2213 2292 per
2245 2225 2632 2279 intestinorum
2657 2228 2872 2295 pondus
2903 2230 3008 2283 cibi
3044 2241 3191 2285 esset
3220 2235 3460 2302 gravitas

1884 2316 2217 2384 significata.
2255 2318 2403 2372 Idem
2441 2320 2688 2388 plerique
2719 2321 2912 2376 medici
2950 2333 3214 2386 statuunt,
3249 2327 3339 2395 qui
3373 2343 3460 2382 se—

1883 2407 2120 2462 cundum
2175 2411 2486 2464 morborum
2538 2411 2858 2466 discrimina
2908 2417 3248 2470 sonmiorum
3293 2419 3457 2472 etiam

1885 2500 2098 2568 species
2141 2499 2387 2556 diversas
2434 2503 2594 2571 aegris
2632 2502 2882 2558 accidere
2927 2505 3196 2559 allirmant
3251 2523 3266 2560 :
3322 2511 3459 2564 altas

1885 2591 2148 2644 nimirum
2189 2593 2256 2646 iis
2295 2593 2390 2662 qui
2425 2595 2696 2648 stomachi
2737 2596 2873 2649 vitio
2909 2597 3183 2663 laborent,
3220 2601 3360 2655 alias
3395 2603 3461 2656 iis

1885 2683 2086 2752 quibus
2129 2684 2338 2738 cerebri
2385 2686 2716 2740 membranae
2764 2687 2876 2741 sint
2925 2689 3086 2752 liesaa,
3137 2691 3271 2746 alias
3326 2693 3464 2747 febri

1889 2775 2191 2842 correptis,
2259 2775 2396 2830 alias
2445 2777 2512 2829 iis
2555 2779 2756 2846 quibus
2809 2779 3014 2834 nimius
3064 2780 3189 2836 bilis
3244 2783 3462 2850 humor,

1887 2864 2024 2918 alias
2056 2865 2254 2932 quibus
2286 2865 2475 2932 pituita
2507 2867 2579 2920 sit
2613 2869 2840 2922 molesta
2869 2886 2884 2922 :
2914 2867 3150 2940 denique
3180 2873 3285 2926 alia
3317 2889 3466 2928 sema

1889 2955 2101 3009 nierum
2145 2957 2258 3010 visa
2307 2959 2454 3012 succi
2493 2960 2668 3028 plenis
2697 2964 3043 3032 corporibus,
3082 2965 3187 3018 alia
3225 2983 3466 3024 marces.

1889 3047 2139 3100 centibus
2195 3049 2384 3114 objici.
2449 3048 2522 3102 De
2575 3051 2778 3119 quibus
2823 3056 3080 3111 omnibus
3119 3057 3305 3113 videre
3357 3069 3464 3122 est,

1889 3143 2218 3195 nutrientem
2257 3153 2782 3214 accrescentemque
2823 3147 3130 3204 facultatem
3164 3152 3329 3205 animi
3356 3165 3465 3207 nott

1889 3233 2024 3286 nihil
2057 3234 2219 3286 etiam
2273 3233 2340 3288 de
2397 3235 2450 3287 vi
2509 3236 2846 3306 intelligente
2895 3241 2997 3294 sibi
3049 3241 3362 3311 inspersum
3399 3257 3468 3300 ex

1890 3333 2258 3395 temperatura
2289 3334 2476 3380 mutua
2509 3331 2812 3392 continere,
2863 3333 3006 3400 quod
3057 3336 3303 3403 corporis
3347 3335 3471 3390 affe-

183 3419 414 3482 πολλοίς
439 3419 508 3472 τὰ
537 3419 782 3474 ἐνύπνια.
801 3421 970 3473 ’Δλλα
993 3420 1086 3472 τοῦ
1115 3421 1384 3491 ἀνδρείου,
1403 3423 1496 3474 καὶ
1528 3421 1663 3474 ἄλλα
1691 3421 1784 3473 τοῦ

1893 3420 2060 3474 ctioni
2090 3421 2322 3490 quodam
2346 3423 2509 3476 modo
2529 3425 2816 3479 consimile
2839 3426 3121 3490 reddatur,
3141 3437 3194 3482 et
3221 3431 3470 3486 divorsas

181 3511 372 3564 δειλοῦ
397 3510 466 3562 τὰ
501 3513 862 3582 φαντάσματα
889 3529 900 3540 ·
937 3511 1086 3565 ἄλλοι
1113 3511 1208 3564 τοῦ
1238 3513 1538 3566 ἀκολάστου
1563 3512 1785 3582 ὄνειροι,

183 3604 292 3656 καὶ
325 3603 478 3656 ἄλλοι
526 3602 618 3656 τοῦ
665 3603 966 3673 σώφρονος·
991 3605 1048 3656 ἐν
1096 3603 1304 3674 ἐτέροις
1333 3605 1360 3655 ὁ
1401 3604 1747 3672 μεταδοτικὸς
1769 3643 1784 3664 ,

185 3695 292 3750 καὶ
343 3697 406 3748 ἐν
463 3695 674 3765 ἑτέροις
713 3694 1103 3764 φαντασιοῦται
1143 3697 1172 3747 ὁ
1209 3693 1512 3764 ἄπληστος,
1549 3692 1785 3763 οὐδαμοῦ

185 3787 299 3856 τῆς
333 3785 574 3850 διανοίας
594 3825 610 3848 ,
645 3785 780 3840 ἀλλὰ
813 3786 912 3855 τῆς
949 3785 1299 3855 ἀλογωτέρας
1327 3785 1617 3848 διαθέσεως
1637 3787 1693 3837 ἐν
1719 3787 1784 3856 τῇ

187 3881 346 3950 ψυχῇ
387 3879 486 3938 τας
511 3877 767 3940 τοιαύτας
797 3879 1098 3946 φαντασίας
1119 3877 1522 3947 ἁνατυπούσης,
1543 3873 1626 3940 οἷς
1657 3895 1790 3947 προ-

189 3969 416 4040 ειθίσθη
445 3969 534 4022 διὰ
569 3969 668 4038 τῆς
699 3969 820 4022 καθ’
853 3969 1004 4040 ῦπαρ
1039 3969 1290 4039 μελέτης,
1337 3969 1544 4023 τούτων
1577 3969 1676 4032 τὰς
1711 3971 1790 4020 εἰ·

191 4061 368 4124 πόνοις
401 4061 496 4114 καὶ
527 4062 586 4114 ἐν
615 4063 724 4123 τοῖς
758 4060 1030 4122 ἐνυπνίοις
1068 4059 1538 4129 ἀναπλαττούσης.

1894 3511 2321 3582 itnaginationes
2353 3523 2652 3569 nocturnas
2681 3531 2780 3584 pro
2813 3518 2986 3571 morbi
3010 3519 3330 3575 diversitate
3353 3521 3470 3577 είῐιο

1897 3601 2031 3655 ciat.
2089 3602 2186 3656 Est
2235 3611 2289 3657 et
2339 3605 2484 3658 aliud
2532 3605 2873 3658 somniorum
2935 3608 3207 3675 quoddam
3266 3626 3468 3678 genus.

1893 3690 2039 3761 quod
2102 3707 2200 3760 pro
2257 3707 2470 3746 morum
2533 3695 2802 3763 cujusque
2861 3697 3122 3750 varietate
3179 3696 3466 3754 formatur.

1897 3781 2037 3835 Sunt
2073 3783 2218 3836 enim
2250 3783 2368 3836 alia:
2408 3784 2643 3839 hominis
2685 3785 2862 3851 fortis,
2903 3787 3021 3840 alite
3065 3788 3236 3842 timidi
3275 3791 3472 3862 imagi-

1893 3875 2142 3929 nationcs
2181 3885 2462 3930 nocturnae
2505 3895 2518 3930 :
2553 3877 2656 3930 alia
2698 3881 3082 3948 temperantis,
3125 3883 3337 3951 aliaque
3383 3884 3472 3940 iur-

1893 3967 2248 4035 temperantis
2277 3970 2521 4034 somnia;
2570 3970 2674 4025 alia
2721 3970 2927 4024 homini
2968 3973 3192 4026 avaritia
3231 3975 3472 4043 inexpled

1895 4057 2022 4120 bili,
2060 4059 2164 4110 alia
2205 4059 2412 4113 liberali
2461 4077 2556 4128 per
2597 4077 2850 4116 somnum
2897 4063 3252 4130 objiciuntur.
3296 4067 3473 4134 Atque

195 4161 319 4208 visa
357 4155 473 4206 haec
503 4169 846 4224 nequaquam
883 4170 1060 4219 mens,
1093 4154 1188 4209 sed
1222 4171 1418 4224 expers
1449 4155 1538 4208 illa
1569 4154 1798 4208 rationis
1835 4153 1888 4206 in
1921 4154 2100 4206 anima
2121 4153 2333 4208 aﬂ‘ectio
2365 4155 2814 4210 informat-Nam
2844 4158 3043 4226 quibus
3073 4161 3195 4228 quis
3231 4162 3474 4216 aSsuevit

193 4249 408 4300 diurno
443 4247 644 4312 studio,
687 4261 876 4301 eorum
919 4247 974 4300 in
1015 4248 1224 4302 somnis
1261 4247 1424 4302 etiam
1469 4247 1762 4302 simulacra
1811 4246 1982 4315 tingit.

734 4387 1130 4439 ΚΕΦΛΑΑῙΟΝ
1175 4387 1274 4443 1Δ’,

201 4481 336 4558 Ὂςι
363 4479 478 4558 ρὺκ
505 4479 574 4531 ἐν
594 4477 758 4558 μέρει
786 4479 892 4533 τοῦ
919 4479 1189 4558 σώματος
1229 4483 1262 4532 ό
1299 4478 1462 4558 νοῦς.
1501 4479 1595 4530 Ἐν
1611 4470 1668 4557 εἷ)
1691 4477 1786 4530 καί

2479 4385 2705 4439 CAPUT
2753 4385 2896 4439 XIV.

1899 4475 1954 4530 Μ
1961 4485 2128 4548 cutem
2154 4487 2297 4530 certa
2318 4479 2544 4548 quadam
2593 4481 2647 4532 in
2669 4482 2902 4547 corporis
2925 4493 3074 4548 parte
3098 4499 3198 4535 non
3229 4483 3472 4547 existere.

275 4543 739 4630 διάκρισις-τῶν
767 4564 830 4601 τε
877 4543 1230 4618 σωματικῶν
1268 4551 1365 4602 καὶ
1405 4543 1681 4618 ψυχικῶν
1713 4565 1785 4600 xt-

1970 4547 2300 4630 declaratum
2330 4543 2348 4600 ἓ
2373 4559 2628 4630 pnrterea
2657 4543 2896 4616 corporis
2925 4543 2976 4604 et
3025 4555 3190 4605 animi
3239 4543 3474 4608 motumii

276 4617 580 4686 νημάτων.

295 4730 462 4782 Ἀλλᾶ
528 4731 660 4783 πολὺ
713 4730 822 4784 τῶν
875 4731 1248 4802 προκειμένων
1307 4729 1792 4800 ἀπεπλανήθημεν.

206 4823 394 4888 Δείξαι
427 4821 537 4893 γὰρ
575 4824 707 4892 ἡμῖν
734 4822 764 4873 ὁ
785 4820 941 4888 λόγος
973 4821 1234 4893 προέθετο
1264 4822 1344 4886 τὸ,
1392 4823 1466 4892 μὴ
1505 4823 1656 4892 μέρει
1689 4821 1796 4873 τιν)⁵

207 4911 306 4964 τοῦ
347 4909 604 4980 σώματος
635 4911 936 4963 ἐνδεδέσθαι
961 4911 1052 4965 τὸν
1077 4913 1199 4966 νοῦν
1230 4930 1242 4942 ·
1270 4912 1406 4965 ἀλλὰ
1431 4912 1632 4974 παντὸς
1655 4912 1795 4965 κατὰ

209 5005 272 5056 τὸ
305 5003 423 5055 ἴσον
457 5003 832 5070 ἐφάπτεσθαι,
863 5005 1212 5075 καταλλὴλως
1249 5007 1313 5075 τῇ
1347 5005 1506 5074 φύσει
1538 5003 1630 5056 τοῦ
1661 5001 1797 5056 ὑπο-

213 5094 472 5163 κειμένου
511 5094 706 5165 μέρους
751 5095 1075 5166 ἐνεργοῦντα
1128 5095 1226 5166 τὴν
1282 5095 1514 5166 κίνησιν.
1545 5097 1702 5146 Ἔστι
1741 5091 1798 5145 δὲ

211 5187 346 5239 ὅπου
395 5187 492 5238 καὶ
525 5186 880 5239 ἐπακολουθεῖ
916 5191 1035 5250 ταῖς
1066 5189 1322 5256 φυσικαῖς
1363 5187 1558 5258 ὁρμαῖς
1583 5189 1610 5238 ὁ
1652 5185 1796 5250 νοῦς,

213 5271 326 5331 οἷον
364 5277 650 5348 ὑπηρέτης
691 5279 998 5348 γενόμενος.
1035 5279 1371 5350 Καθηγεῖται
1399 5279 1508 5350 γὰρ
1541 5279 1800 5342 πολλάκις

215 5367 370 5438 ἠτοῦ
415 5368 667 5438 σώματος
711 5371 892 5438 φύσις,
929 5372 1021 5424 καὶ
1067 5370 1161 5424 τοῦ
1213 5371 1508 5434 λυποῦντος
1550 5371 1800 5441 αἴσθησιν

217 5461 526 5523 ἐπιτιθεῖσα,
569 5461 664 5513 καὶ
709 5459 803 5512 τοῦ
859 5459 1242 5532 εὐφραίνοντος
1291 5460 1617 5530 ἐπιθυμίαν,
1661 5461 1800 5512 ὥστε

219 5551 426 5620 ταύτην
453 5552 554 5621 μὲν
587 5551 688 5614 τὰς
717 5549 936 5623 πρώτας
969 5553 1228 5624 παρέχειν
1257 5553 1450 5622 ἀρχὰς,
1478 5553 1510 5623 ἥ
1545 5551 1802 5622 βρώσεως

221 5641 438 5713 ὖρεξιν,
473 5643 508 5712 ἦ
550 5659 695 5706 τινος
746 5643 882 5707 ὅλως
928 5643 1036 5696 τῶν
1070 5642 1192 5696 καθ’
1242 5641 1432 5714 ἡδονὴν
1485 5643 1581 5715 τὴν
1627 5643 1804 5714 ὁρμὴν

222 5735 580 5806 ἐμποιοῦσαν,
607 5737 698 5789 τὴν
737 5737 794 5791 δέ
836 5737 960 5792 νοῦν
1006 5737 1356 5809 ἐκδεχόμενον
1393 5737 1493 5800 τὰς
1547 5737 1804 5800 τοιαύτας

225 5827 424 5900 ὁρμὰς,
445 5829 567 5893 ταῖς
607 5827 838 5894 οἰκείαις
879 5827 1176 5901 περινοίαις
1215 5827 1312 5892 τὰς
1359 5825 1488 5900 πρὸς
1517 5829 1577 5882 τὸ
1609 5827 1804 5882 ποθοιῦ⁴⁸

1970 4619 2253 4671 discrimen
2284 4621 2601 4688 expositum.

1971 4727 2167 4782 Verum
2201 4731 2478 4785 enimvero
2529 4733 2684 4800 longe
2741 4733 2809 4786 ab
2851 4749 2935 4796 eo,
2995 4749 3104 4803 quo
3142 4735 3208 4786 de
3245 4738 3336 4806 agi
3361 4753 3476 4790 co:-

1898 4829 2051 4890 ptum
2103 4831 2242 4884 erat,
2309 4823 2542 4892 digressi
2595 4841 2808 4880 sumus.
2861 4825 3280 4882 lnstitueramus
3327 4829 3472 4882 enim

1899 4914 2294 4977 demonstrare,
2331 4925 2564 4968 mentem
2605 4918 2748 4984 parti
2797 4919 3048 4986 corporis
3075 4919 3236 4970 alicui
3279 4919 3468 4988 alliga-

1899 5019 2078 5074 gatam
2111 5021 2215 5059 non
2251 5021 2410 5060 esse:
2445 5007 2536 5061 sed
2579 5023 2701 5060 cum
2752 5015 2873 5060 toto
2922 5009 3037 5078 pari
3085 5009 3296 5063 ratione
3342 5025 3478 5063 con-

1894 5098 2072 5166 jungi,
2096 5097 2414 5152 eﬂicientem
2449 5109 2651 5151 motum
2681 5099 2731 5150 in
2767 5101 3024 5153 membris
3051 5101 3221 5169 partis
3251 5102 3477 5169 cujusli-

1901 5188 1993 5240 bet
2051 5197 2258 5242 natura:
2315 5201 2762 5242 consentaneum.
2833 5187 2914 5242 Fit
2971 5199 3150 5242 autem
3200 5191 3476 5244 interdum

1902 5277 2090 5340 etiam,
2127 5287 2186 5331 ut
2221 5295 2372 5332 mens
2409 5287 2665 5347 tanquam
2701 5279 2972 5340 minister,
3007 5290 3218 5334 natura:
3249 5283 3480 5334 libidini-

1905 5369 2003 5422 bus
2037 5369 2386 5438 obtemperet.
2429 5369 2582 5438 Saepe
2613 5371 2758 5424 enim
2790 5371 3040 5438 corporis
3083 5379 3276 5424 natura
3321 5371 3478 5426 ducis

1903 5459 2142 5514 ollicium
2180 5469 2425 5529 usurpat,
2465 5462 2620 5514 itaut
2658 5470 2711 5515 et
2745 5467 2993 5516 nocentis
3021 5464 3099 5516 rei
3144 5479 3390 5524 sensum,
3427 5473 3482 5516 et

1900 5551 2152 5620 jucunda:
2179 5569 2240 5605 ac
2273 5561 2438 5622 gratze
2457 5553 2786 5608 desiderium
2811 5555 3030 5609 excitet.
3053 5555 3308 5624 Adeoque
3341 5559 3396 5606 lit
3422 5565 3480 5608 ut

1905 5643 2220 5711 expetendis
2245 5645 2406 5698 rebus
2433 5649 2776 5699 occasionem
2801 5663 2997 5716 corpus
3025 5649 3280 5716 praebeat,
3314 5663 3378 5700 ac
3399 5649 3482 5700 vel

1908 5735 2012 5787 cibi
2051 5737 2132 5788 vel
2175 5736 2474 5804 voluptatis
2510 5737 2744 5806 alicujus
2790 5737 3072 5792 libidinetn
3107 5740 3264 5792 nobis
3295 5739 3477 5805 indat;

1909 5841 2062 5882 mens
2094 5835 2271 5884 autem
2313 5827 2628 5898 liujusmodi
2659 5829 2984 5898 cupiditates
3023 5829 3311 5896 excipiens,
3361 5843 3474 5882 om:
