3886 6214
425 353 527 407 175

1701 347 1758 401 S.
1793 343 2118 401 GREGORII
2157 343 2452 401 NYSSENI

3591 341 3693 396 176

2915 459 2964 498 ιγ

424 482 521 524 nes
573 463 814 521 rationes
850 470 904 517 et
945 461 1179 517 consilia
1218 459 1438 530 corpori
1485 458 1887 523 accommodet,
1935 467 1995 512 ut

2104 475 2264 527 μενον
2320 460 2574 531 ἀφορμὰς
2640 459 3046 531 συνεκπορίζειν
3096 457 3175 528 τῷ
3215 456 3451 528 σώματι.
3507 455 3583 511 Τδ
3629 455 3690 510 δὲ

423 558 700 613 industria
746 571 845 612 sua
895 554 1041 625 quod
1089 553 1368 621 expetitur
1415 551 1678 606 inveniat.
1730 549 1848 605 Non
1899 551 2004 606 hoc

421 650 562 719 apud
592 665 786 704 omnes
812 648 1067 702 homines
1099 648 1278 700 locum
1304 643 1472 698 habet
1494 661 1506 697 τ
1530 643 1622 696 sed
1654 642 1872 696 illorum
1896 651 2001 705 est,

421 741 515 810 qui
546 757 574 794 a
607 748 807 795 natura
853 737 1147 807 mancipiis
1187 749 1356 804 quam
1400 734 1666 790 simillimi
1701 735 1996 790 exsistunt.

419 835 501 888 llli
547 835 717 896 enim,
770 848 894 888 cum
937 839 1148 884 naturae
1199 827 1518 883 libidinibus
1570 827 1836 880 rationem
1883 832 2004 878 tan-

420 943 585 998 quam
627 941 740 980 rem
791 923 1028 993 mancipi
1085 922 1358 976 addictam
1417 918 1748 987 subjiciant,
1800 917 2002 972 mentis

419 1018 632 1072 scilicet
668 1030 836 1084 opera
885 1015 940 1068 in
987 1011 1263 1066 adulando
1315 1023 1581 1064 sensuum
1624 1008 2001 1077 voluptatibus

422 1109 677 1163 servilem
722 1108 776 1159 in
823 1104 1044 1158 modum
1094 1103 1414 1156 abutuntttr.
1458 1100 1541 1153 Ab
1574 1099 1643 1154 iis
1694 1107 1877 1152 autem
1907 1098 2000 1168 qui

423 1200 784 1272 perfectiores
814 1205 965 1262 sunt,
989 1199 1093 1250 hoc
1122 1208 1469 1265 nequaquam
1493 1191 1822 1246 admittitur.
1848 1190 2001 1245 Mens

422 1291 567 1344 enim
599 1290 655 1343 in
683 1290 770 1343 his
797 1289 959 1342 ducis
987 1287 1167 1341 ollicio
1200 1285 1444 1356 fungitur
1473 1302 1486 1337 :
1512 1283 1768 1352 quodque
1796 1298 1865 1337 ex
1894 1298 2000 1336 usu

421 1390 529 1445 est,
580 1382 650 1436 de
695 1381 926 1435 rationis
968 1377 1191 1447 iudicio,
1235 1391 1342 1430 non
1377 1375 1602 1428 libidine
1651 1375 1822 1428 ullius
1867 1372 1999 1428 all‘e-

421 1474 622 1528 ctionis
653 1472 826 1540 eligit.
883 1470 1056 1539 Atque
1094 1469 1259 1538 hujus
1294 1469 1454 1522 ducis
1505 1467 1754 1536 vestigiis
1803 1473 1999 1518 natura

421 1567 706 1627 insistens,
741 1563 1140 1633 praecedentem
1181 1561 1453 1630 sequitur.
1487 1557 1754 1612 Caeterum
1779 1556 1879 1610 etsi
1909 1573 2002 1611 su-

419 1660 636 1730 periere
676 1657 931 1710 oratione
976 1653 1316 1707 declaratum
1361 1658 1467 1713 est,
1516 1649 1715 1718 triplex
1774 1663 1896 1702 esse
1945 1647 1997 1699 in

417 1749 638 1805 vivendi
673 1747 933 1801 facultate
977 1744 1301 1804 discrimen,
1337 1750 1396 1795 ut
1439 1741 1545 1802 alia
1596 1741 1670 1794 sit
1716 1741 1826 1792 vita
1879 1753 1999 1808 qua:

417 1845 637 1915 quidem
673 1839 971 1900 nutriatur,
1012 1850 1211 1905 expers
1254 1842 1436 1888 tamen
1491 1833 1564 1886 sit
1609 1847 1806 1886 sensus
1846 1849 1860 1885 :
1893 1831 2000 1883 alia

417 1945 473 1990 et
527 1933 828 1994 nutriatur,
879 1937 934 1983 et
982 1927 1205 1990 sentiat,
1261 1932 1446 1980 careat
1502 1931 1682 1978 autem
1739 1921 2002 1976 facultate

417 2029 650 2083 rationis
687 2043 699 2079 :
753 2023 859 2077 alia
899 2021 1138 2089 denique
1179 2029 1233 2074 et
1269 2018 1483 2072 ratione
1515 2025 1728 2077 utatur,
1775 2021 1829 2068 et
1871 2029 2000 2082 per-

417 2121 560 2174 fecta
601 2118 694 2179 sit,
728 2127 935 2184 perque
972 2110 1261 2164 facultates
1295 2115 1521 2162 caeteras
1554 2120 1744 2160 omnes
1777 2103 2000 2168 diffusa,

417 2221 479 2266 ut
515 2222 568 2266 et
600 2210 654 2263 in
687 2209 754 2261 iis
788 2206 1037 2266 exsistat,
1073 2213 1127 2258 et
1161 2211 1418 2271 tanquam
1450 2199 1712 2254 eximium
1743 2197 2000 2268 quiddam

418 2298 784 2370 intelligentia:
815 2295 922 2348 vim
959 2295 1156 2347 habeat
1187 2310 1199 2346 :
1232 2305 1393 2346 nemo
1423 2299 1602 2344 tamen
1644 2288 1848 2343 idcirco
1881 2287 2001 2341 exi-

417 2394 602 2449 stimet
646 2399 759 2443 tres
813 2387 868 2440 in
921 2387 1162 2439 humano
1209 2380 1429 2451 Opificio
1477 2380 1691 2434 animas
1736 2378 1998 2441 existere,

417 2499 666 2540 seorsum
694 2480 864 2536 certis
905 2476 1064 2547 quasi
1114 2474 1378 2528 limitibus
1423 2469 1895 2538 circumseriptas,
1942 2477 2000 2522 ut

417 2587 674 2631 naturam
736 2571 973 2627 hominis
1029 2585 1093 2622 ex
1149 2566 1398 2636 pluribus
1453 2563 1655 2618 animis
1707 2561 1998 2616 conflatam

414 2680 609 2741 putare
656 2667 974 2721 debeamus.
1041 2661 1177 2715 Nam
1234 2674 1363 2713 vera
1406 2667 1461 2712 et
1519 2655 1761 2726 perfecta
1815 2653 1997 2708 anima

414 2777 607 2832 reapse
632 2761 792 2814 unica
823 2757 1074 2826 quedam
1105 2762 1210 2817 est,
1236 2751 1572 2821 intelligens,
1605 2749 1754 2802 nulla
1787 2763 1852 2803 ex
1881 2762 1998 2800 ma-

415 2855 553 2908 terie
596 2864 787 2906 crassa
837 2854 1119 2908 constans,
1175 2843 1268 2898 sed
1306 2859 1402 2912 per
1440 2856 1638 2896 sensus
1679 2847 1888 2892 natura:
1921 2837 1997 2891 illi

416 2959 617 2999 crassa:
659 2942 841 2996 mista.
888 2936 1164 3006 Quidquid
1206 2943 1387 2989 autem
1426 2932 1643 2988 exsistit
1670 2947 1737 2985 ex
1772 2930 2001 2983 materie

2106 551 2345 605 τοιοῦτον
2372 554 2473 604 οὐκ
2509 552 2603 604 ἐπὶ
2633 551 2848 604 πάντων
2875 552 3042 616 ἐστὶν,
3077 550 3214 604 ἀλλά
3247 550 3424 620 μόνων
3451 548 3560 601 τῶν
3593 548 3688 602 ἀν-

2105 640 2608 712 δραποδωδέστερον
2652 641 3039 712 διακειμένων,
3089 641 3138 694 οἳ
3181 639 3546 704 δουλώσαντες
3599 640 3690 692 τὸν

2104 735 2261 804 λόγον
2316 737 2435 798 ταῖς
2488 737 2685 806 ὁρμαῖς
2736 738 2832 806 τῆς
2888 736 3125 806 φύσεως,
3173 736 3260 789 διά
3302 736 3402 806 τῆς
3455 733 3550 787 τοῦ
3596 732 3692 788 νοῦ

2106 826 2419 896 συμμαχίας
2473 826 2535 880 τὸ
2573 827 2714 879 κατά
2764 827 2861 890 τάς
2909 828 3189 898 αἰσθήσεις
3241 825 3341 896 ἡδὺ
3396 823 3691 895 δουλοπρε-

2105 919 2224 982 πῶς
2288 917 2697 973 κολακεύουσιν.
2770 919 2895 972 Ἐπὶ
2947 918 3004 972 δὲ
3046 917 3155 972 τῶν
3194 915 3541 987 τελειοτέρων
3591 915 3692 984 οὐχ

2103 1009 2276 1073 οὕτως
2325 1009 2553 1078 γίνεται.
2601 1009 2938 1079 Καθηγεῖται
2981 1009 3089 1082 γάρ
3139 1011 3168 1062 ὁ
3221 1008 3376 1072 νοῦς,
3408 1007 3553 1076 λόγῳ
3595 1009 3691 1058 καὶ

2104 1102 2224 1172 οὐχὶ
2279 1103 2440 1156 πάθει
2469 1102 2530 1154 τὸ
2564 1101 2840 1166 λυσιτελὲς
2887 1103 3357 1174 προαιρούμενον
3380 1101 3414 1171 ὴ
3441 1099 3497 1152 δέ
3527 1098 3690 1168 φύσις

2105 1195 2224 1246 κατ’
2259 1193 2402 1263 [χνος
2453 1194 2646 1248 ἕπεται
2693 1194 2772 1264 τῷ
2813 1193 3338 1264 προκαθηγουμένῳ.
3380 1187 3596 1256 Ἐπειδὴ
3631 1190 3692 1244 δὲ

2103 1288 2254 1354 τρεῖς
2299 1285 2441 1338 κατά
2481 1285 2581 1356 τὴν
2623 1285 2859 1357 ζωτικὴν
2905 1286 3132 1356 δύναμιν
3183 1283 3448 1355 διαφορὰς
3478 1285 3507 1335 ὁ
3533 1283 3694 1350 λόγος

2103 1365 2268 1444 εὗρε,
2298 1375 2396 1444 τὴν
2443 1376 2539 1445 μὲν
2591 1377 2928 1447 τρεφομένην
2987 1376 3152 1449 χωρὶς
3199 1375 3541 1446 αἰσθήσεως,
3588 1373 3691 1441 τὴν

2103 1465 2159 1518 δὲ
2222 1467 2565 1536 τρεφομένην
2637 1467 2736 1536 μὲν
2801 1469 2896 1520 καὶ
2957 1466 3375 1538 αὐξανομένην,
3429 1462 3693 1536 ἀμοιροῦ-

2105 1570 2202 1606 σαν
2261 1555 2318 1607 se
2377 1556 2476 1624 τῆς
2530 1556 2753 1625 λογικῆς
2812 1557 3128 1627 ἐνεργείας,
3183 1555 3283 1627 τὴν
3347 1555 3403 1608 δὲ
3464 1552 3691 1623 λογικὴν

2104 1646 2196 1697 καὶ
2220 1645 2428 1698 τελείαν
2455 1647 2520 1698 δι’
2558 1647 2774 1730 ἁπάσης
2803 1648 3094 1719 διήκουσαν
3122 1648 3222 1718 τῆς
3266 1647 3572 1717 δυνάμεως,
3609 1647 3688 1710 ὡς

2105 1739 2195 1790 καί⁵
2225 1740 2281 1790 ἐν
2316 1739 2552 1802 ἐκείναις
2583 1735 2723 1792 εἶναι
2757 1741 2974 1811 καὶτῆς
3001 1743 3192 1811 νοερᾶς
3222 1741 3282 1794 τὸ
3310 1740 3469 1793 πλέον
3505 1740 3647 1810 ἔχειν
3672 1754 3689 1766 ·

2032 1806 2073 1860 Β
2105 1826 2294 1898 μηδεὶς
2322 1827 2409 1881 διὰ
2448 1828 2651 1882 τούτων
2696 1806 2990 1884 ὑπονοείτω
3021 1806 3169 1902 τρεῖς
3217 1806 3693 1902 συγκεκροτῆσθαι

2100 1919 2278 1990 ψυχὰς
2315 1921 2372 1973 ἐν
2410 1921 2488 1991 τῷ
2512 1920 2835 1993 ἀνθρωπίνῳ
2867 1923 3224 1995 συγκρίματι,
3254 1925 3310 1976 ἐν
3341 1925 3500 1987 ἰδίαις
3533 1939 3692 1991 περι-

2103 2015 2341 2081 γραφαῖς
2375 2011 2774 2084 θεωρουμένας,
2810 2013 2950 2067 ῶστε
2993 2015 3353 2085 συγκρότημά
3391 2033 3444 2068 τι
3478 2014 3691 2068 πολλῶν

2102 2101 2291 2174 ψυχῶν
2333 2105 2430 2174 τὴν
2483 2106 2830 2178 ἀνθρωπίνην
2879 2107 3041 2177 φύσιν
3081 2104 3219 2161 εἶναι
3250 2108 3511 2178 νομίζειν.
3547 2106 3688 2160 Ἀλλ’

2103 2197 2136 2266 ἡ
2169 2196 2268 2267 μὲν
2289 2196 2495 2268 ἆληθής
2516 2215 2573 2249 τε
2601 2199 2693 2251 καὶ
2714 2199 2894 2251 τελεία
2924 2198 3091 2268 ψυχὴ,
3119 2200 3216 2269 μία
3242 2202 3307 2270 τῇ
3333 2201 3492 2268 φύσει
3515 2199 3691 2262 ἐστὶν,

2100 2289 2134 2358 ἡ
2163 2284 2332 2358 νοερά
2352 2305 2411 2340 τε
2435 2290 2530 2342 καὶ
2554 2289 2735 2353 ἀῦλος,
2771 2291 2803 2360 ἡ
2833 2289 2918 2343 διά
2945 2291 3051 2343 τῶν
3083 2291 3389 2360 αἰσθήσεων
3426 2293 3492 2362 τῇ
3528 2291 3692 2362 ὑλικῇ

2099 2381 2548 2450 καταμιγνυμένη
2593 2380 2773 2448 φύσει.
2817 2382 2891 2434 Τὸ
2923 2381 2979 2434 δὲ
3015 2381 3213 2445 ὑλῶδες
3245 2381 3390 2434 ἆπαν
3424 2384 3483 2434 ἐν
3510 2385 3693 2453 τροπῇ

2097 2485 2156 2520 τε
2204 2470 2296 2521 καὶ
2341 2469 2622 2523 ἀλλοιώσει
2653 2472 2933 2542 κείμενον,
2975 2473 3025 2524 εί
3077 2473 3175 2542 μὲν
3211 2473 3425 2542 μετέχοι
3445 2473 3546 2541 τῆς
3585 2473 3698 2542 ψυ-

2098 2561 2301 2632 χούσης
2339 2562 2650 2632 δυνάμεως,
2689 2565 2829 2618 κατά
2861 2563 3086 2634 αὔξησιν
3131 2563 3481 2635 κινηθήσεται
3504 2581 3516 2593 ο
3550 2565 3598 2616 εί
3630 2564 3695 2618 δὲ

2104 2654 2368 2708 ἁποπέσοι
2388 2655 2748 2726 τῆς“ζωτικῆς
2773 2657 3072 2728 ἐνεργείας,
3099 2660 3177 2721 εἰς
3205 2656 3408 2728 φθορὰν
3429 2657 3692 2710 ἀναλύσει

2103 2742 2202 2814 τὴν
2226 2743 2460 2814 κίνησιν.
2496 2746 2632 2800 Οὔτε
2663 2743 2756 2800 οὖν
2787 2748 3037 2820 αἴσθησις
3065 2749 3232 2820 χωρὶς
3260 2748 3452 2819 ὑλικῆς
3477 2749 3689 2812 οὐσίας,

2106 2835 2226 2898 οὔτε
2253 2840 2350 2906 τῆς
2397 2841 2589 2909 νοερᾶς
2636 2839 2916 2912 δυνάμεως
2955 2841 3156 2912 χωρὶς,
3203 2841 3505 2912 αἰσθήσεως
3535 2839 3690 2912 ἐνέρ-

2107 2944 2231 2996 γεια
2262 2929 2492 2996 γίνεται.

414 3051 633 3100 crassa,
680 3032 1077 3088 mutationibus
1127 3035 1180 3084 et
1241 3028 1468 3082 alternis
1520 3023 1970 3080 conversionibus
2023 3019 2361 3085 obnoxium,
2397 3024 2442 3077 si
2493 3023 2710 3092 quidem
2762 3023 3039 3081 facultatis
3083 3025 3355 3095 particeps
3407 3025 3514 3079 erit
3567 3023 3687 3094 ejus

416 3149 536 3203 qua:
589 3131 825 3184 animam
884 3126 1288 3195 complectitur,
1327 3122 1654 3177 accretionis
1700 3131 1906 3176 motum
1947 3118 2209 3186 habebit;
2275 3119 2360 3174 sin
2422 3127 2604 3174 autem
2653 3121 2870 3176 vivendi
2913 3121 3226 3176 facultatem
3284 3121 3516 3188 amittat,
3573 3131 3685 3177 tum

415 3219 610 3275 deinde
663 3218 874 3273 scilicet
905 3226 1085 3269 motus
1133 3213 1253 3278 eius
1299 3213 1365 3267 ad
1416 3221 1717 3266 extremum
1779 3213 2055 3266 interitum
2115 3220 2320 3281 verget.
2370 3212 2578 3266 Idcirco
2617 3227 2795 3283 neque
2822 3228 3019 3269 sensus
3049 3225 3201 3269 extra
3239 3213 3482 3269 materiei
3524 3221 3689 3268 natu-

414 3328 531 3370 nam
557 3311 808 3367 exsistit:
841 3325 1017 3380 neque
1041 3308 1272 3362 facultas
1298 3307 1608 3377 intelligens
1639 3307 1757 3362 sine
1788 3321 1954 3362 sensu
2009 3306 2256 3361 actiones
2300 3322 2431 3362 suas
2457 3314 2697 3362 exercet.

1014 3400 1234 3457 CAPUT
1286 3399 1401 3456 XV.
2023 3404 2066 3462 C

419 3495 663 3550 Lnimam
711 3493 917 3561 proprie
963 3501 1152 3545 etesse
1199 3507 1323 3561 eam;
1365 3500 1414 3544 et
1463 3491 1590 3552 dici,
1631 3508 1747 3560 qum
1792 3493 1998 3546 ratione

485 3568 686 3626 utitur;
713 3560 917 3616 caeteris
942 3571 1150 3614 tantum
1175 3560 1582 3629 appellationem
1608 3578 1726 3614 cum
1760 3561 1857 3614 hac
1883 3579 1996 3616 esse

485 3650 833 3689 communem.
866 3631 1128 3684 Praeterea
1166 3647 1256 3698 per
1296 3633 1595 3684 universum
1625 3647 1816 3697 corpus
1854 3648 1998 3684 men-

491 3708 561 3759 tis
601 3721 654 3758 se
691 3703 999 3770 facultatem
1035 3702 1234 3763 didere,
1268 3702 1599 3755 conveniente
1627 3704 1860 3772 quatiant
1905 3719 1997 3754 ra-

487 3777 625 3828 tione
669 3773 915 3826 membris
964 3773 1188 3841 singulis
1241 3773 1604 3840 conjunctam.

489 3865 546 3919 Si
585 3864 711 3933 quis
757 3870 938 3918 autem
990 3861 1198 3915 idcirco
1241 3861 1429 3930 plures
1477 3877 1601 3916 esse
1635 3862 1846 3915 animas
1878 3859 1997 3930 opi-

422 3965 610 4018 natur,
657 3955 804 4024 quod
856 3962 1040 4009 creata
1095 3954 1355 4007 nonnulla
1411 3953 1666 4008 facultate
1719 3955 1996 4009 nutriente

419 4053 548 4101 sunt
577 4045 822 4116 praedita,
864 4043 1122 4098 nonnulla
1164 4043 1460 4108 sentiente;
1514 4059 1638 4098 cum
1677 4045 1766 4098 illa
1803 4059 1993 4109 sensu,

418 4137 534 4191 inec
571 4136 928 4204 intelligentia
980 4143 1229 4199 careant;
1265 4136 1312 4187 is
1353 4135 1656 4188 animarum
1695 4135 1993 4190 discrimen

418 4244 527 4283 non
562 4229 698 4282 satis
729 4227 998 4296 explicate
1034 4225 1299 4280 declarat.
1336 4225 1608 4296 Quidquid
1638 4228 1784 4282 enim
1817 4228 1871 4281 in
1905 4245 1992 4284 re-

417 4336 538 4377 rum
567 4329 762 4374 natura
801 4320 1038 4382 exsistit,
1067 4321 1112 4374 si
1142 4320 1360 4389 quidem
1392 4319 1631 4388 perfecte
1653 4332 1736 4375 est
1757 4321 1808 4374 id
1837 4323 1984 4390 quod

414 4427 537 4467 esse
587 4411 789 4465 debet:
836 4417 984 4463 recte
1023 4411 1183 4464 etiam
1225 4425 1289 4462 ac
1323 4411 1544 4480 proprie
1588 4427 1787 4465 nomen
1829 4428 1989 4468 suum

413 4502 644 4564 obtinet.
698 4516 808 4569 quo
844 4500 1057 4554 scilicet
1110 4501 1451 4570 appellatur;
1504 4500 1590 4556 siu
1638 4501 1843 4572 aliquid
1881 4518 1990 4557 non

414 4607 641 4662 prorsus
668 4599 720 4645 et
770 4593 978 4659 integre
1009 4597 1094 4644 est
1126 4591 1203 4654 id,
1238 4593 1383 4660 quod
1423 4607 1546 4646 esse
1569 4593 1784 4646 .dicitur
1812 4608 1832 4647 .'
1862 4593 1990 4648 huic

413 4681 712 4753 improprie
759 4696 958 4734 nomen
1005 4681 1185 4750 ipsum
1231 4683 1510 4734 tribuitur.
1547 4679 1602 4735 Si
1648 4685 1795 4752 quis,
1835 4686 1986 4739 verbl

2614 3403 3012 3456 ΚΕΦΑΛΑῙΟΝ
3061 3404 3161 3456 1Ε’.

2101 3491 2224 3546 Ὅτι
2274 3493 2491 3560 κυρίως
2538 3491 2737 3561 ψυχὴ,
2782 3493 2820 3558 ἠ
2861 3492 3075 3560 Jay-mh
3127 3493 3224 3546 καὶ
3266 3494 3395 3546 ἐστι
3439 3491 3540 3546 καὶ
3586 3494 3687 3546 λέ-

2167 3578 2356 3630 remi:
2389 3565 2448 3615 αἱ
2488 3563 2539 3615 δ’
2576 3563 2757 3615 ἄλλαι
2795 3564 3115 3630 ὁμωνύμως
3155 3561 3681 3630 κατονομάζονται.

2180 3624 2236 3683 Ἔ
2241 3650 2276 3684 ν
2297 3624 2344 3698 ᾧ
2372 3631 2470 3684 καὶ
2501 3633 2596 3696 τὸ,
2624 3631 2722 3685 διὰ
2747 3624 3108 3699 “(inec-toi}
3138 3624 3411 3700 σώματος
3446 3632 3687 3697 διήκειν

2166 3702 2282 3767 τὴν
2329 3701 2437 3754 τοῦ
2476 3706 2586 3755 νοῦ
2631 3702 2909 3770 δύναμιν,
2956 3703 3356 3770 natm/(Jun;
3414 3701 3686 3757 ἑκάστου

2161 3773 2385 3841 μέρους
2409 3771 2938 3842 προσαπτομένην.

2165 3865 2229 3916 Et
2263 3863 2322 3916 δέ
2351 3881 2470 3916 τινα
2521 3866 2618 3934 τῆς
2667 3865 2897 3928 κτίσεως
2937 3863 3037 3934 τὴν
3066 3862 3366 3934 θρεπτικὴν
3398 3861 3684 3934 ἐνέργειαν

2094 3955 2242 4026 ἔχει,
2274 3956 2308 4026 ἢ
2358 3955 2520 4010 πάλιν
2553 3957 2717 4022 ἐτερα
2758 3959 2825 4027 τῇ
2871 3955 3159 4028 αἰσθητικῇ
3201 3956 3483 4010 διοικεῖται
3516 3955 3684 4011 δυνά-

2099 4065 2208 4117 μει,
2239 4049 2374 4118 μήτε
2401 4049 2584 4101 ἐκεῖνα
2616 4047 2950 4118 αἰσθήσεως,
2985 4049 3121 4119 μήτε
3153 4046 3325 4100 ταῦτα
3354 4047 3454 4116 τῆς
3482 4050 3684 4116 νοερᾶς

2098 4137 2394 4206 μετέχοντα
2428 4136 2675 4204 φύσεως,
2716 4138 2811 4190 καὶ
2841 4137 2928 4192 διά
2955 4137 3111 4190 τοῦτό
3138 4153 3222 4200 τις
3254 4136 3440 4206 ψυχῶν
3474 4137 3683 4206 πλῆθος

2095 4225 2527 4279 καθυποπτεύει·
2578 4227 2640 4278 οὐ
2703 4225 2846 4279 κατά
2903 4225 2996 4279 τὸν
3053 4225 3364 4296 διαιροῦντα
3424 4225 3584 4292 λόγον
3653 4228 3682 4280 ὁ

2094 4313 2336 4378 τοιοῦτος
2365 4315 2462 4385 τὴν
2501 4315 2609 4369 τῶν
2637 4315 2825 4386 ψυχῶν
2857 4317 3121 4387 διαφορὰν
3153 4317 3467 4388 δογματίσει
3492 4336 3504 4348 ·
3542 4319 3678 4372 διότι

2093 4407 2202 4458 πᾶν
2219 4405 2355 4458 τὸέν
2374 4409 2488 4468 τοῖς
2503 4403 2622 4459 οὖσι
2649 4406 2956 4476 νοούμενον,
2987 4410 3034 4460 εἰ
3059 4407 3156 4476 μὲν
3180 4408 3401 4471 τελείως
3427 4409 3512 4479 εἴη
3541 4410 3681 4479 ὅπερ

2093 4497 2238 4561 ἐστὶ,
2268 4497 2471 4569 κυρίως
2508 4499 2602 4552 καὶ
2631 4497 2953 4570 ὀνομάζεται
2981 4501 3116 4571 ὅπερ
3141 4498 3387 4568 λέγεταιο
3419 4501 3480 4553 τὸ
3508 4499 3569 4554 δὲ
3601 4502 3679 4572 μὴ

2091 4588 2180 4642 διὰ
2203 4589 2421 4642 πάντων
2461 4589 2519 4642 δν
2550 4592 2753 4655 ἐκεῖνο,
2783 4591 2812 4644 ὃ
2840 4591 3280 4662 κατωνόμασται,
3309 4592 3546 4661 ματαίαν
3581 4596 3677 4646 καὶ

2090 4683 2190 4750 τὴν
2223 4681 2590 4752 προσηγορίαν
2620 4681 2753 4753 ἔχει.
2791 4677 2916 4734 Οἷον
2945 4683 2998 4735 εί
3022 4701 3104 4747 τις
3127 4683 3219 4736 τὸν
3244 4682 3419 4753 ἀληθῆ
3448 4683 3677 4748 δείξειεν

410 4774 609 4842 gratia.
652 4787 844 4841 panem
889 4785 1080 4825 verum
1112 4773 1364 4826 ostendat
1398 4790 1412 4824 :
1449 4789 1572 4827 eum
1611 4775 1828 4844 piOprie
1859 4790 1975 4830 rem

2103 4747 2285 4842 Ξρτον,
2346 4747 2526 4842 φαμεν
2583 4747 2682 4826 τδζ
2722 4772 2960 4826 τοιοῦτον
3017 4773 3222 4844 κυρίως
3273 4747 3557 4841 ἐπιλέγειν
3598 4775 3677 4845 τῷ

411 4863 708 4917 indicatam
744 4877 846 4916 suo
881 4863 1104 4916 nomine
1134 4864 1442 4933 appellasse
1471 4864 1726 4921 dicimus.
1762 4866 1858 4920 Sin
1887 4881 1989 4921 au-

409 4961 518 5008 tem
565 4970 672 5006 una
715 4967 842 5006 cum
898 4952 1003 5006 hoc
1056 4953 1221 5005 alium
1276 4953 1568 5022 quemdam
1625 4954 1987 5021 demonstret,

411 5051 527 5096 arte
576 5042 780 5095 factum
823 5040 889 5096 de
936 5042 1167 5096 materie
1212 5041 1446 5110 lapidea,
1487 5043 1733 5110 ejusdem
1775 5046 1984 5109 formae,

411 5133 677 5199 aequalem
717 5131 1114 5201 magnitudine,
1148 5133 1329 5186 colore
1361 5134 1723 5200 consimilem,
1759 5143 1818 5189 ut
1845 5137 1986 5189 mul-

408 5222 481 5275 tis
506 5238 572 5275 ex
603 5225 767 5276 rebus
801 5223 941 5276 idem
978 5237 1100 5277 esse
1133 5237 1256 5274 cum
1283 5237 1368 5286 eo,
1405 5222 1470 5276 ad
1517 5225 1674 5291 cujus
1708 5228 1989 5295 exemplar

412 5311 590 5366 factus
618 5321 722 5374 est,
753 5319 1009 5381 appareat
1039 5329 1052 5366 :
1101 5328 1267 5366 unum
1302 5315 1463 5368 modo
1489 5314 1652 5375 desit,
1689 5316 1834 5384 quod
1870 5317 1988 5369 ido-

411 5420 546 5458 neus
576 5420 698 5458 esse
726 5404 920 5457 alendo
957 5404 1161 5458 homini
1198 5419 1308 5457 non
1354 5406 1526 5475 possit
1562 5415 1716 5459 :tum
1755 5422 1883 5459 vero
1920 5406 1987 5462 de

408 5495 512 5549 hoc
541 5495 660 5564 ipso
706 5510 814 5546 non
848 5503 995 5548 recte
1035 5496 1197 5565 lapidi
1230 5497 1386 5564 panis
1432 5496 1852 5566 appellationem
1898 5498 1981 5551 in-

411 5584 601 5648 ditam,
627 5583 721 5637 sed
750 5600 846 5653 per
873 5584 1024 5638 vocis
1044 5587 1295 5649 abusum,
1329 5585 1740 5641 alﬁrmabimus.
1779 5586 1978 5642 Eodem
1999 5593 2016 5621 ’

411 5676 569 5729 modo
595 5675 858 5745 quidquid
889 5691 996 5728 non
1044 5677 1190 5730 omni
1223 5693 1288 5730 ex
1328 5685 1483 5747 parte
1508 5678 1558 5730 id
1591 5689 1675 5732 est
1703 5681 1848 5748 quod
1891 5681 1976 5734 di-

407 5771 570 5838 citur,
593 5768 651 5824 in
680 5783 746 5824 eo
776 5767 1098 5838 appellando
1131 5769 1412 5825 vocabulis
1441 5769 1733 5826 abutimur.
1770 5773 1977 5837 Quatu-

2095 4861 2441 4933 ὑποκειμένῳ
2465 4863 2526 4916 τὸ
2550 4863 2738 4934 ὄνομα.
2768 4864 2828 4916 Ei
2856 4863 2912 4916 δέ
2935 4881 3017 4926 τις
3042 4864 3134 4916 τὸν
3167 4864 3275 4919 ἀπὸ
3309 4863 3457 4917 λίθου
3479 4882 3675 4935 τεχνη-

2094 4952 2254 5007 θέντα
2299 4953 2374 5025 τῷ
2416 4955 2556 5008 κατὰ
2603 4955 2763 5024 φύσιν
2816 4955 3346 5027 ἀντιπαραδείξειεν,
3392 4950 3438 5024 ᾧ
3485 4957 3676 5027 σχῆμα

2094 5046 2194 5116 μὲν
2230 5046 2292 5099 τὸ
2335 5047 2498 5110 αὐτὸ,
2537 5049 2630 5101 καὶ
2661 5048 2722 5100 τὸ
2771 5047 2992 5118 μέγεθος
3037 5044 3173 5111 ἴσον,
3205 5048 3300 5101 καὶ
3339 5050 3372 5118 ἡ
3400 5046 3494 5101 τοῦ
3525 5050 3674 5118 χρῶ-

2089 5154 2255 5205 ματος
2295 5139 2582 5208 ὁμοιότης,
2625 5139 2764 5192 ὥστε
2804 5139 2890 5192 διὰ
2929 5139 3038 5192 τῶν
3077 5139 3346 5192 πλείστων
3389 5139 3481 5192 τὸν
3507 5139 3672 5192 αὐτὸν

2087 5227 2224 5283 εἶναι
2260 5231 2339 5301 τῷ
2381 5231 2718 5300 πρωτοτύπῳ
2760 5233 2971 5296 δοκεῖν,
3026 5232 3298 5286 ἐπιλείπει
3328 5231 3384 5286 δὲ
3424 5232 3578 5301 αὑτῷ
3610 5233 3672 5285 τὸ

2087 5323 2180 5374 καὶ
2217 5323 2418 5392 τροφὴν
2467 5323 2723 5376 δύνασθαι
2754 5319 2892 5376 εἶναι
2918 5341 2931 5354 ·
2970 5324 3118 5394 παρά
3145 5323 3300 5378 τοῦτο
3339 5325 3399 5376 οὺ
3439 5324 3669 5394 κυρίως,

2086 5408 2198 5460 ἀλλ’
2233 5411 2297 5462 ἐκ
2336 5413 2726 5482 καταχρήσεως
2772 5411 2870 5482 τῆς
2913 5414 3230 5481 ἐπωνυμίας
3257 5413 3352 5466 τοῦ
3382 5414 3550 5483 ἄρτου
3581 5429 3669 5464 τε-

2084 5501 2381 5570 τυχηκέναι
2433 5501 2524 5553 τὸν
2569 5501 2715 5555 λίθον
2760 5503 3026 5574 λέγωμεν.
3075 5506 3185 5558 Καὶ
3219 5504 3396 5558 πάντα
3432 5505 3501 5557 τὰ
3529 5504 3671 5558 κατὰ

2085 5590 2177 5642 τὸν
2222 5591 2382 5644 αὐτὸν
2426 5593 2603 5662 λόγον,
2635 5591 2670 5647 ἃ
2712 5595 2786 5665 μὴ
2828 5595 2895 5648 δι’
2923 5596 3058 5648 ὅλων
3087 5596 3232 5648 ἐστὶν
3256 5597 3392 5667 ὅπερ
3415 5596 3666 5662 λέγεται,

2087 5683 2150 5733 ἐκ
2193 5686 2581 5755 καταχρήσεως
2620 5685 2732 5755 ἔχει
2765 5688 2864 5757 τὴν
2907 5687 3120 5758 κλῆσιν.
3165 5687 3321 5741 Οὕτω
3358 5688 3540 5742 τοίνυν
3571 5682 3666 5735 καὶ

2084 5773 2182 5842 τῆς
2233 5775 2408 5846 ψυχῆς
2455 5779 2508 5830 ἐν
2557 5776 2634 5848 τῷ
2681 5778 2852 5850 νοερῷ
2891 5797 2947 5833 τε
2995 5781 3088 5834 καὶ
3123 5779 3324 5850 λογικῷ
3367 5779 3429 5832 τὸ
3462 5778 3663 5832 τέλειον
