3886 6214
431 261 532 319 ΠΟ

1706 276 1763 333 S.
1805 278 2137 336 GREGORII
2175 281 2474 341 NYSSENI

3596 281 3688 337 180

408 375 552 435 dam
584 375 846 431 mundum
872 392 1017 444 esse,
1042 380 1133 451 qui
1157 397 1223 438 ex
1252 383 1537 443 elementis
1560 387 1776 457 iisdem,
1802 394 2002 463 quibus

2111 399 2343 454 τοιοῦτον
2391 399 2610 454 ἔπαινον
2650 401 2717 471 τῇ
2762 397 3078 469 ἀνθρωπίνῃ
3109 397 3464 471 χαριζόμενοι
3496 396 3685 466 φύσει,

427 481 610 522 rerum
670 469 1042 539 universitas,
1105 477 1451 545 compositus
1494 486 1661 535 esset.
1720 481 2014 553 Splendido

425 558 532 613 isto
563 560 782 618 nomine
815 576 939 616 cum
981 579 1233 636 magnam
1284 576 1499 627 natura:
1526 571 1764 629 hominis
1796 575 2010 630 laudem

424 650 669 710 tribuere
734 653 953 717 vellent,
1010 657 1338 725 ignorabant
1405 676 1466 715 se
1525 662 1678 716 illum
1732 680 1842 721 non
1891 666 2013 721 aliis

424 758 589 813 quam
624 760 746 814 quae
769 747 815 799 ei
845 757 1044 801 etcum
1077 750 1256 805 culice
1278 760 1333 805 et
1361 767 1486 807 cum
1520 770 1674 811 mure
1700 758 2012 813 communia
2052 786 2057 797 τ

424 846 629 901 essent,
679 839 1019 895 ornamentis
1064 842 1455 900 condecorare.
1508 845 1641 900 Nam
1689 856 1742 902 et
1790 850 1904 904 haec
1943 866 2007 905 ex

422 937 660 998 quatuor
684 930 1081 985 elementorum
1114 941 1553 1005 temperamento
1581 948 1857 1005 constant,
1882 958 2008 998 cum

422 1019 610 1074 multa:
642 1035 711 1076 an
752 1022 962 1093 exiguae
1004 1024 1114 1078 sint
1149 1027 1203 1080 in
1241 1043 1301 1082 re
1340 1029 1583 1097 qualibet
1612 1031 2007 1089 elementorum

421 1119 632 1179 partes,
669 1127 736 1166 ex
776 1115 1225 1172 consideratione
1252 1120 1617 1175 animatorum
1652 1124 2005 1195 intelligatur.

419 1202 686 1259 Constare
716 1206 863 1260 enim
900 1224 1008 1262 non
1046 1218 1227 1279 potest
1269 1221 1423 1266 extra
1461 1230 1624 1282 quam
1654 1232 1718 1270 cx
1764 1219 2007 1273 elemen-

420 1294 514 1356 tis,
551 1296 698 1365 quod
747 1314 912 1353 sensu
961 1301 1033 1354 sit
1066 1303 1374 1370 praeditum.
1414 1304 1572 1371 Quod
1618 1324 1748 1378 ergo
1787 1320 1871 1365 est
1900 1326 2009 1364 am-

418 1386 569 1456 plum
625 1388 679 1441 in
739 1404 843 1452 eo,
903 1395 946 1445 si
1002 1395 1239 1449 maxime
1299 1397 1575 1453 hominem
1629 1401 2008 1459 existimemus

417 1494 735 1550 expressam
797 1486 984 1539 mundi
1044 1499 1096 1542 et
1143 1488 1434 1560 imaginem
1483 1501 1536 1546 et
1583 1493 1998 1549 similitudinem

417 1572 584 1626 esse?
645 1588 768 1627 cum
828 1575 1071 1630 futurum
1121 1579 1230 1639 sit,
1286 1588 1344 1632 ut
1392 1582 1596 1650 pariter
1645 1585 1844 1637 coelum
1897 1584 2005 1638 hoc

415 1660 678 1725 volubile,
718 1671 863 1717 terra
894 1667 1301 1722 mutationibus
1332 1667 1588 1735 obnoxia,
1618 1679 1817 1726 cuncta
1848 1672 2004 1728 deni-

2116 488 2400 560 λε>.ήθασιν
2446 488 2671 552 ἑαυτοὺς
2724 490 2836 552 τοῖς
2881 490 3007 559 περί
3057 490 3147 542 τὸν
3195 486 3434 540 κώνωπα
3468 487 3562 540 καὶ
3601 486 3687 539 τὸν

2119 582 2225 652 μῦν
2276 582 2529 652 ίδιώμασι
2582 580 3027 652 σεμνοποιοῦντες
3081 580 3170 634 τὸν
3221 579 3526 650 ἄνθρωπον.
3583 579 3688 631 Καὶ

2114 676 2224 745 γάρ
2256 675 2529 737 κάκείνοις
2577 676 2641 726 ὲκ
2694 672 2802 725 τῶν
2842 672 3121 742 τεσσάρων
3170 669 3387 723 τούτων’
3421 670 3455 737 ἡ
3499 667 3686 739 κρᾶσίς

2114 767 2259 828 ἐστι,
2311 768 2445 820 διότι
2489 766 2709 827 πάντως
2745 764 2975 818 ἑκάστου
3015 764 3123 816 τῶν
3149 762 3315 817 όντων
3347 762 3380 833 ἢ
3422 761 3618 814 πλείων
3650 759 3682 830 ἢ

2116 857 2352 911 ἐλάττων
2398 874 2483 919 τις
2527 858 2687 927 μοῖρα
2728 855 2858 925 περὶ
2903 855 2963 909 τὸ
2994 853 3234 923 ἔμψυχον
3272 851 3575 923 θεωρεῖται,
3613 843 3686 904 ὧν

2115 950 2243 1005 ἄνευ
2277 950 2538 1021 συστῆναι
2584 967 2636 1002 τι
2666 949 2773 1003 τῶν
2806 947 3113 1020 αἰσθήσεως
3148 946 3503 1016 μετεχόντων,
3530 945 3684 1013 φύσιν

2112 1043 2213 1095 ούκ
2262 1042 2394 1112 ἔχει.
2454 1043 2519 1095 Τί
2565 1039 2659 1096 οὖν
2704 1042 2879 1112 μέγα,
2942 1041 3149 1110 κόσμου
3210 1037 3537 1109 χαρακτῆρα
3593 1036 3685 1089 καὶ

2113 1133 2362 1203 ὁμοίωμα
2399 1133 2718 1203 νομισθῆναι
2748 1132 2840 1185 τὸν
2870 1130 3190 1200 ἄνθρωπον;
3221 1127 3450 1198 ούρανοῦ
3474 1126 3567 1180 τοῦ
3594 1144 3686 1179 πει

2114 1222 2465 1294 ριερχομένου
2485 1265 2500 1289 ,
2530 1223 2632 1293 γῆς
2663 1224 2762 1292 τῆς
2809 1220 3221 1290 ἀλλοιουμένης,
3254 1219 3468 1271 πάντων
3498 1217 3602 1270 τῶν
3629 1217 3687 1269 ἐν

2110 1314 2316 1377 τούτοις
2339 1316 2851 1386 περικρατουμένων
2870 1317 2937 1385 τῇ
2972 1312 3187 1383 παρόδῳ
3213 1311 3305 1365 τοῦ
3339 1310 3683 1381 περιέχοντος

2114 1405 2680 1477 συμπαρερχομένων;
2740 1403 2879 1456 Ἀλλ’
2932 1405 2989 1457 ὲν
3038 1402 3143 1455 τίνι
3190 1401 3332 1455 κατά
3374 1401 3463 1454 τὸν
3492 1400 3686 1471 ἐκκλη-

2112 1496 2384 1549 σιαστικὸν
2424 1496 2579 1564 λόγον
2619 1497 2680 1550 τὸ
2719 1495 3058 1566 ἀνθρώπινον
3097 1493 3362 1564 μέγεθος;
3396 1493 3509 1545 Οὐκ
3539 1493 3597 1544 ὲν
3620 1495 3684 1561 τῇ

2112 1586 2248 1657 πρὸς
2278 1587 2367 1639 τὸν
2400 1587 2615 1640 κτιστὸν
2653 1586 2856 1659 κόσμον
2885 1587 3184 1656 ὁμοιότητι,
3215 1582 3330 1638 ἀλλ’
3370 1585 3427 1637 ὲν
3453 1582 3530 1653 τῷ
3568 1584 3686 1635 κατ’

2111 1678 2293 1732 εἰκόνα
2329 1678 2580 1745 γενέσθαι
2610 1678 2707 1748 τῆς
2738 1677 2831 1731 τοῦ
2871 1679 3157 1741 κτίσαντος
3191 1677 3427 1745 φύσεως.
3472 1676 3565 1739 Τίς
3595 1672 3686 1729 οὖν

416 1768 527 1822 que
583 1753 667 1807 his
727 1756 1145 1825 comprehensa,
1195 1774 1320 1814 cum
1372 1776 1439 1815 eo
1491 1762 1610 1832 ipso
1649 1764 1794 1834 quod
1838 1766 2007 1819 ambit

2111 1771 2137 1823 6
2167 1771 2267 1841 τῆς
2308 1744 2514 1832 εἰκόνος
2552 1744 2738 1838 λόγος;
2777 1771 2906 1833 ἴσως
2948 1772 3093 1839 ὲρεῖς
3116 1786 3128 1800 ·
3162 1744 3281 1832 πῶς
3309 1768 3585 1839 ὡμοίωται
3609 1766 3687 1835 τῷ

418 1846 696 1912 universa,
730 1848 1021 1905 intereant.
1053 1850 1227 1916 Quam
1254 1860 1459 1916 autem,
1495 1857 1730 1925 inquies,
1758 1857 2004 1912 doctrina

416 1937 675 1995 Ecclesia:
713 1944 1080 2011 praestantiam
1110 1945 1316 2000 homini
1346 1949 1579 2004 tribuit?
1606 1950 1734 2005 Eam
1771 1953 2002 2018 scilicet,

418 2046 541 2099 quae
593 2032 647 2085 in
684 2033 1046 2111 similitudine
1088 2039 1275 2092 mundi
1318 2039 1482 2109 hujus
1517 2043 1686 2097 creati
1733 2059 1843 2097 non
1883 2062 2009 2099 eon-

418 2123 590 2184 sistit,
651 2124 747 2178 sed
802 2126 951 2195 quod
1012 2129 1181 2182 tradit
1245 2133 1519 2187 hominem
1584 2134 1649 2189 ad
1713 2137 2006 2205 imaginem

416 2226 633 2274 natura:
659 2214 940 2273 Creatoris
962 2236 1086 2275 esse
1111 2220 1334 2277 factum.
1366 2228 1434 2278 At
1457 2225 1607 2281 dices
1640 2226 1796 2293 forte,
1816 2226 2008 2300 Ecqua:

416 2308 605 2363 isthtec
635 2317 720 2364 est
747 2312 1004 2381 Imaginis
1033 2316 1212 2369 ratio?
1234 2331 1346 2386 quo
1382 2326 1545 2387 pacto
1578 2319 1782 2376 referre
1802 2332 2008 2379 natura:

417 2415 650 2470 corpore
684 2405 927 2459 carentis
960 2405 1250 2475 imaginem
1278 2418 1475 2477 potest.
1510 2412 1652 2480 quod
1683 2428 2005 2483 corporeum

416 2493 543 2548 est?
599 2494 880 2562 quomodo
947 2497 1126 2552 simile
1179 2509 1259 2552 est
1323 2508 1531 2554 aeterno
1580 2505 2009 2572 temporarium?

418 2583 771 2648 immutabili,
800 2588 944 2652 quod
975 2592 1380 2644 commutatur?
1409 2593 1575 2647 nullis
1604 2594 1843 2649 obnoxio
1870 2611 2010 2650 mor-

417 2674 506 2730 bis
536 2685 590 2731 et
624 2677 880 2735 interitus
908 2684 1138 2751 experti,
1164 2684 1308 2752 quod
1333 2686 1540 2739 morbis
1579 2687 1885 2756 subjectum
1917 2698 2003 2743 est

416 2775 471 2819 et
510 2769 739 2825 interit?
775 2787 911 2837 puro
940 2773 1078 2836 vitii,
1118 2774 1264 2844 quod
1316 2776 1369 2828 in
1406 2777 1660 2831 vitiorum
1689 2780 1844 2848 quasi
1879 2797 2006 2835 ruit-

419 2860 674 2915 tuberuio
725 2870 831 2923 est,
887 2871 942 2918 et
987 2864 1042 2918 in
1094 2866 1175 2921 eis
1227 2866 1534 2921 educatur?
1580 2867 1717 2923 Nam
1779 2870 2006 2925 interest

418 2953 747 3020 permultum
784 2955 930 3009 inter
971 2955 1020 3008 id
1070 2956 1214 3022 quod
1259 2957 1446 3012 forma:
1488 2959 1724 3028 principi
1777 2974 2008 3031 respon-

416 3045 547 3099 dere
574 3045 954 3115 intelligimus,
974 3040 1039 3101 ‘et
1066 3047 1212 3117 quod
1244 3048 1313 3102 ad
1344 3050 1634 3118 imaginem
1670 3051 1873 3105 factum
1899 3061 2000 3107 est.

419 3133 604 3205 Imago
652 3138 821 3202 enim,
882 3139 928 3191 si
991 3140 1257 3209 principis
1299 3143 1533 3211 exempli
1591 3144 2004 3200 similitudinem

417 3225 605 3287 refert,
636 3243 766 3281 vere
805 3228 987 3298 imago
1027 3230 1234 3283 dicitur
1262 3248 1276 3296 ;
1320 3232 1404 3285 sin
1453 3233 1521 3286 ab
1551 3249 1617 3287 eo
1646 3237 1791 3304 quod
1825 3238 2009 3306 expri—

418 3318 675 3372 mendum
715 3329 854 3383 erat,
903 3322 1135 3377 imitatio
1175 3324 1400 3389 recedit,
1449 3342 1555 3379 non
1585 3327 1697 3396 jam
1730 3329 1850 3398 ejus
1889 3346 2009 3385 esse

419 3409 602 3479 imago
641 3411 943 3480 putandum
976 3412 1079 3467 hoc
1119 3415 1246 3479 erit,
1283 3416 1378 3470 sed
1409 3416 1687 3473 diversum
1724 3421 2006 3489 quiddam.

417 3499 540 3565 Quo
590 3511 753 3570 pacto
803 3504 970 3572 igitur
1030 3505 1215 3567 homo,
1259 3507 1352 3575 qui
1408 3515 1463 3561 et
1518 3510 1766 3565 mortalis
1808 3520 1912 3574 est,
1954 3518 2010 3565 et

421 3593 628 3649 morbis
687 3597 975 3661 olmoxius,
1037 3604 1092 3650 et
1143 3598 1268 3653 vita:
1319 3592 1540 3656 brevis:
1577 3601 1666 3656 hic
1721 3619 1850 3674 ergo
1898 3620 2009 3674 quo

420 3696 584 3755 pacto
607 3694 816 3743 natura:
843 3690 1201 3761 incorruptae,
1234 3707 1409 3762 puras,
1437 3701 1656 3748 aeterna:
1679 3694 1859 3764 imago
1887 3696 2010 3750 est?

425 3775 721 3833 Enimvero
770 3779 902 3848 quid
944 3780 1047 3835 hac
1097 3782 1149 3835 in
1188 3790 1342 3852 parte
1396 3785 1634 3840 maxime
1674 3787 1890 3841 veritati
1937 3787 2009 3843 sit

422 3879 877 3934 consentaneum,
916 3871 1046 3928 sola
1098 3874 1241 3931 haud
1295 3877 1460 3933 dubie
1487 3879 1702 3934 Veritas
1754 3876 2039 3935 accurate'

420 3961 593 4014 novit.
637 3956 748 4013 Nos
774 3962 1110 4029 conjecturis
1141 3964 1470 4033 quibusdam
1507 3974 1561 4019 et
1584 3967 2007 4036 cogitationibus

424 4051 592 4105 animi
622 4053 908 4107 veritatem
952 4055 1364 4125 investigantes,
1401 4063 1664 4125 quantum
1698 4058 1895 4128 ingenii
1927 4059 2008 4112 vis

423 4159 619 4212 capere
647 4155 842 4214 potest,
870 4146 1185 4215 hujusmodi
1215 4146 1475 4217 quiddam
1496 4148 1563 4202 de
1584 4148 1687 4203 hoc
1707 4148 2005 4204 credimus.

422 4234 558 4288 Nam
596 4244 651 4290 et
692 4236 935 4290 divinum
968 4237 1274 4302 oraculum,
1310 4252 1420 4306 quo
1456 4236 1730 4306 proditum
1761 4244 1867 4299 est,
1907 4238 2008 4290 ho-

424 4328 627 4382 minem
661 4328 727 4383 ad
768 4328 863 4383 Dei
900 4328 1191 4399 imaginem
1226 4330 1454 4392 factum,
1489 4327 1686 4383 falsum
1736 4343 1844 4381 non
1883 4342 2007 4382 esse

2111 1861 2324 1932 σώματι
2348 1863 2411 1915 τὸ
2440 1861 2763 1931 ἀσώματον;
2790 1862 2907 1924 πῶς
2933 1860 3012 1932 τῷ
3045 1861 3202 1932 ἀϊδίῳ
3236 1861 3295 1913 τὸ
3326 1861 3684 1930 πρόσκαιρον;

2108 1952 2185 2022 τῷ
2243 1951 2587 2021 ἀναλλοιὼτῳ
2639 1951 2701 2005 τὸ
2755 1952 2843 2006 διὰ
2890 1951 3101 2023 τροπῆς
3150 1949 3559 2021 ἀλλοιούμενον;
3608 1949 3688 2020 τῷ

2109 2044 2309 2097 ἀπαθεῖ
2339 2061 2402 2097 τε
2432 2045 2527 2097 καὶ
2574 2043 2836 2115 ἀφθάρτῳ
2879 2043 2941 2096 τὸ
2982 2041 3229 2114 ἐμπαθὲς
3261 2042 3355 2094 καὶ
3401 2039 3689 2112 φθειρόμε-

2108 2150 2231 2197 νονς
2264 2133 2342 2203 τῷ
2382 2134 2575 2203 ἀμιγεῖ
2602 2132 2782 2203 πάσης
2816 2131 3015 2196 κακίας
3052 2132 3113 2185 τὸ
3143 2133 3373 2185 πάντοτε
3409 2129 3687 2184 συνοικοῦν

2107 2226 2276 2297 ταύτῃ
2316 2224 2411 2277 καὶ
2446 2224 2905 2295 συντρεφόμενον;
2939 2223 3080 2277 Πολὺ
3111 2223 3221 2295 γὰρ
3256 2223 3316 2276 τὸ
3346 2223 3513 2294 μέσον
3539 2222 3688 2286 ἐστὶ,

2107 2315 2202 2368 τοῦ
2242 2334 2301 2368 τε
2342 2315 2484 2369 κατὰ
2516 2316 2576 2369 τὸ
2612 2316 2920 2387 ἀρχέτυπον
2949 2314 3239 2386 νοουμένου
3260 2354 3274 2378 ,
3319 2315 3414 2367 καὶ
3443 2313 3535 2369 τοῦ
3564 2314 3687 2367 κατ’

2108 2410 2290 2461 εἰκόνα
2317 2407 2706 2476 γεγενημένου.
2752 2406 2816 2459 Ἢ
2843 2406 2953 2476 γάρ
2981 2403 3166 2470 εἰκὼν,
3207 2406 3255 2456 εἰ
3296 2404 3396 2473 μὲν
3442 2403 3556 2473 ἔχει
3587 2401 3693 2474 τὴν

2109 2502 2242 2572 πρὸς
2283 2501 2342 2552 τὸ
2374 2499 2726 2571 πρωτότυπον
2766 2498 3060 2568 ὁμοιότητα
3082 2538 3096 2559 ,
3134 2496 3336 2567 κυρίως
3367 2494 3524 2549 τοῦτο
3551 2512 3691 2548 κατ-

2105 2592 2447 2662 ονομάξεται.
2498 2590 2559 2642 Εἰ
2589 2589 2646 2642 δὲ
2694 2589 3053 2659 παρενεχθείη
3094 2588 3187 2642 τοῦ
3237 2588 3602 2659 προκειμένου
3654 2590 3686 2658 ἡ

2110 2680 2341 2750 μίμησις
2362 2719 2376 2734 .
2410 2678 2537 2733 ἄλλο
2568 2697 2642 2742 τι,
2675 2679 2770 2731 καὶ
2797 2680 2897 2731 οὐκ
2937 2678 3100 2732 εἰκὼν
3124 2678 3332 2732 ἐκείνου
3359 2679 3420 2731 τὸ
3449 2677 3690 2731 τοιοῦτόν

2107 2775 2241 2827 ἐστι.
2302 2770 2426 2834 Πῶς
2470 2764 2563 2823 οὖν
2609 2771 2638 2821 6
2682 2768 2962 2833 ἄνθρωπος
3019 2769 3080 2822 τὸ
3132 2768 3326 2840 θνητὸν
3380 2768 3540 2822 τοῦτο
3598 2771 3690 2822 καὶ

2107 2864 2349 2934 ἐμπαθὲς
2394 2865 2488 2917 καὶ
2514 2862 2832 2933 ὠκύμορον,
2863 2863 2960 2932 τῆς
2995 2862 3275 2934 ἀκηράτου
3317 2864 3410 2915 καὶ
3438 2861 3686 2933 καθαρᾶς

2108 2957 2201 3009 καὶ
2234 2955 2321 3008 ἀεὶ
2353 2954 2517 3025 οὔσης
2562 2953 2774 3023 φύσεώς
2807 2957 2955 3007 ἐστιν
2994 2953 3195 3020 εἰκών;
3248 2954 3408 3007 Ἀλλὰ
3457 2953 3551 3006 τὸν
3589 2953 3688 3023 μὲν

2107 3046 2280 3117 ἀληθῆ
2320 3046 2447 3115 περὶ
2490 3045 2678 3098 τούτου
2725 3045 2881 3110 λόγον
2937 3044 3070 3114 μόνη
3119 3044 3185 3097 ἂν
3232 3044 3396 3115 εἰδείη
3432 3045 3686 3113 σαφῶςή

2109 3137 2274 3199 ὅντως
2322 3134 2785 3206 Ἀλήθεια.Ἢμεῖς
2818 3136 2872 3189 δὲ
2921 3135 3042 3189 καθ’
3064 3136 3189 3189 ὅσον
3218 3136 3526 3207 χωροῦμεν,
3564 3152 3688 3189 στο-

2111 3230 2337 3298 χασμοῖς
2374 3244 2484 3280 τισι
2521 3229 2615 3281 καί
2645 3227 2919 3292 ὑπονοίαις
2958 3229 3019 3281 τὸ
3057 3227 3254 3299 ἀληθὲς
3279 3227 3689 3297 ἁνιχνεύοντες,

2108 3318 2280 3372 ταῦτα
2306 3319 2434 3389 περί
2470 3319 2577 3372 τῶν
2607 3319 2953 3390 ζητουμένων
2986 3319 3467 3390 ὑπολαμϐάνομεν.
3499 3319 3645 3372 Οὔτε
3664 3320 3693 3372 6

2112 3412 2250 3475 θεῖος
2284 3410 2538 3479 ψεύδεται
2581 3411 2766 3478 λόγος,
2793 3412 2913 3463 κατ’
2944 3412 3127 3465 εἰκόνα
3169 3411 3304 3465 Θεοῦ
3331 3411 3504 3466 εἰπὼν
3527 3428 3693 3479 γεγε⁴

2111 3504 2303 3571 νῆσθαι
2334 3502 2423 3554 τὸν
2446 3501 2729 3573 ἄνθρωπον
2747 3520 2759 3531 ’
2784 3501 2908 3556 οὔτε
2936 3504 2969 3573 ἡ
2993 3501 3199 3572 ἐλεεινὴ
3220 3501 3318 3572 τῆς
3343 3501 3696 3573 ἀνθρωπίνης

2112 3595 2325 3664 φύσεως
2369 3595 2712 3667 ταλαιπωρία
2761 3598 2825 3667 τῇ
2876 3595 3243 3667 μακαριότητι
3294 3594 3393 3666 τῆς
3445 3592 3696 3654 ἀπαθοῦς

2111 3686 2257 3758 ζωῆς
2284 3687 2685 3759 καθωμοίωται.
2739 3688 2975 3759 Ἀνάγκη
3007 3690 3116 3757 γὰρ
3139 3687 3249 3740 τῶν
3289 3686 3383 3739 δύο
3414 3684 3475 3738 τὸ
3503 3683 3698 3755 ἕτερον

2108 3779 2517 3851 ὁμολογεῖσθαι,
2549 3780 2603 3832 εἴ
2627 3798 2709 3843 τις
2740 3780 3019 3851 συγκρίνοι
3052 3777 3130 3848 τῷ
3157 3776 3277 3848 Θεῷ
3301 3776 3362 3830 τὸ
3389 3775 3698 3846 ἡμέτερον,
3784 3790 3787 3791 ⁷

2110 3872 2143 3940 ἢ
2181 3871 2420 3942 παθητὸν
2458 3865 2598 3925 εἶναι
2631 3870 2691 3922 τὸ
2705 3870 2882 3931 Θείον,
2924 3870 2958 3940 ἢ
2990 3867 3200 3931 ἀπαθὲς
3225 3868 3286 3920 τὸ
3318 3865 3698 3938 ἀνθρώπινον,

2109 3965 2185 4027 ὡς
2230 3964 2296 4018 ἂν
2334 3963 2423 4018 διὰ
2448 3962 2557 4016 τῶν
2590 3963 2720 4016 ἰσων
2749 3965 2777 4016 6
2807 3963 2907 4032 τῆς
2930 3962 3246 4032 ὁμοιότητος
3273 3961 3431 4029 λόγος
3466 3959 3557 4011 ἐπ’
3581 3960 3693 4028 ἀμ-

2112 4058 2370 4128 φοτέρους
2408 4054 2899 4125 καταλαμϐάνοιτο.
2928 4056 2990 4108 Εἰ
3010 4053 3068 4106 δὲ
3088 4052 3211 4107 οὔτε
3240 4054 3302 4106 τὸ
3317 4055 3473 4110 Θεῖον
3506 4053 3701 4121 ἐμπα-

2112 4148 2234 4211 θὲς,
2264 4149 2386 4199 οὕτε
2432 4145 2489 4199 τὸ
2522 4144 2642 4198 καθ’
2680 4146 2827 4214 ἡμᾶς
2870 4144 2974 4209 ἔξω
3017 4143 3219 4207 πάθους
3261 4144 3428 4204 ἐστὶν,
3473 4142 3587 4211 ἄρα
3609 4158 3703 4205 τις

2110 4240 2295 4309 ἕτερος
2333 4236 2716 4290 ὑπολέλειπται
2750 4236 2927 4305 λόγος,
2960 4234 3084 4288 καθ’
3112 4234 3171 4288 ὃν
3200 4233 3485 4307 ἀληθεύειν
3513 4234 3704 4302 φαμὲν

2110 4332 2207 4403 τὴν
2231 4331 2382 4384 θείαν
2416 4329 2626 4400 φωνὴν,
2658 4328 2758 4398 τὴν
2785 4330 2843 4382 ὲν
2880 4328 3049 4382 εἰκόνι
3070 4326 3204 4381 Θεοῦ
3243 4325 3573 4396 γεγενῆσθαι
3600 4325 3706 4378 τὸν

425 4421 722 4477 statuimus
759 4428 853 4475 :et
895 4419 1284 4490 deplorandam
1334 4420 1474 4474 hanc
1521 4429 1730 4475 natura;
1760 4419 2007 4473 humanaa

2114 4423 2398 4495 ἄνθρωπον
2448 4422 2729 4489 λέγουσαν.
2791 4420 3001 4476 Οὐκοῦν
3061 4419 3230 4490 αὐτὴν
3282 4416 3707 4487 ἐπαναληπτέον

426 4517 729 4566 aerumnam
770 4511 1016 4568 beatitati
1046 4511 1172 4565 vitte
1196 4511 1402 4565 doloris
1429 4512 1637 4580 experti
1664 4526 2008 4580 nequaquam

428 4604 779 4672 respondere.
814 4603 910 4657 Est
931 4603 1075 4657 enim
1112 4617 1357 4663 necesse.
1386 4604 1431 4657 si
1459 4619 1582 4657 cum
1614 4602 1723 4656 Deo
1756 4610 2008 4656 naturam

426 4707 674 4757 nostram
723 4695 976 4758 conferre
1017 4696 1268 4759 velimus,
1306 4696 1536 4750 alterum
1579 4696 1647 4750 de
1692 4695 1778 4750 his
1806 4694 2006 4749 fateri:

427 4798 523 4842 aut
584 4787 860 4842 hominem
935 4787 1101 4841 nullis
1147 4786 1526 4842 affectionibus
1574 4787 1850 4841 morbisve
1913 4785 2013 4839 ob-

430 4879 655 4939 noxium
685 4893 830 4941 esse,
864 4885 959 4932 aut
1003 4877 1193 4932 eadem
1241 4877 1296 4931 in
1334 4876 1503 4931 Deum
1541 4891 1760 4947 quoque
1789 4876 2007 4933 cadere.

428 4969 733 5039 Castemqui
775 4968 924 5023 nulla
958 4968 1143 5027 futura
1185 4977 1268 5024 est
1300 4968 1554 5039 imaginis
1605 4969 1924 5035 similitudo,
1963 4969 2009 5023 si

431 5077 538 5115 on
582 5062 701 5117 haec
738 5063 944 5132 pariter
967 5062 1183 5131 utrique
1221 5069 1433 5117 natura:
1468 5063 1817 5117 conveniant.
1853 5061 2009 5127 Quod

430 5158 478 5208 sl
520 5169 699 5225 neque
734 5154 917 5218 divina
968 5163 1161 5208 natura
1210 5155 1337 5210 ullis
1379 5166 1464 5210 est
1503 5154 1884 5209 aﬂ‘eetionihus
1911 5156 2009 5209 ob—

430 5246 619 5312 noxia,
642 5263 820 5318 neque
843 5249 1081 5303 humana
1103 5248 1172 5303 ab
1196 5248 1389 5303 iisdem
1420 5249 1680 5303 immunis
1709 5262 1773 5303 ac
1799 5248 1968 5302 libera
1995 5266 2007 5300 :

434 5336 705 5405 reliquam
750 5354 874 5397 esse
911 5341 1075 5394 aliam
1123 5339 1414 5411 quamdam
1454 5340 1722 5394 rationem
1775 5347 2009 5406 oportet,

436 5428 741 5483 secundum
774 5446 947 5503 gnam
998 5446 1103 5485 vox
1176 5431 1268 5485 illa
1332 5431 1516 5486 divina
1571 5446 1697 5485 vera
1748 5431 1841 5490 sit.
1894 5444 2015 5498 quae

436 5528 681 5575 creatum
730 5537 854 5579 esse
892 5523 1164 5587 hominem
1207 5524 1273 5585 ad
1303 5524 1595 5595 imaginem
1632 5522 1726 5578 Dei
1761 5522 2011 5585 atlirmat.

441 5611 652 5669 Idcirco
693 5630 886 5672 rursus
919 5618 1068 5687 ipsas
1097 5616 1337 5673 Litteras
1384 5631 1575 5672 sacras
1612 5616 1897 5679 adeamus,
1943 5629 2013 5669 an

442 5719 513 5777 ne
541 5705 757 5767 illarum
788 5708 951 5768 verba
975 5724 1076 5765 nos
1115 5709 1295 5780 aliqua
1329 5707 1467 5765 forte
1500 5708 1713 5766 ratione
1743 5707 1808 5765 ad
1842 5706 2015 5785 expliq

2115 4519 2244 4587 ἡμῖν
2264 4517 2361 4586 τὴν
2389 4514 2541 4568 θείαν
2567 4513 2809 4585 Γραφὴν,
2834 4514 2992 4577 εἴτις
3011 4513 3119 4586 ἄρα
3140 4512 3350 4581 γένοιτο
3370 4509 3460 4564 διά
3477 4509 3590 4562 τῶν
3612 4526 3712 4577 τεο

2114 4608 2447 4680 γραμμένων
2470 4604 2605 4676 πρὸς
2629 4605 2690 4657 τὸ
2721 4603 2884 4676 ζητού
2894 4621 3053 4675 μενον
3075 4601 3432 4674 χειραγωγία.
3459 4599 3616 4653 Μετὰ
3640 4600 3710 4651 τὸ

2113 4701 2309 4759 εἰπεῖν,
2333 4699 2414 4751 ὅτι
2447 4714 2466 4747 ι
2505 4697 2825 4767 Ποιήσωμεν
2850 4695 3136 4765 ἄνθρωπον
3162 4693 3283 4745 κατ’
3309 4690 3514 4750 εἰκόνα,
3548 4709 3569 4741 ι
3600 4690 3710 4743 καὶ

2114 4789 2208 4842 ὲπί
2229 4788 2339 4840 τίσι
2365 4788 2701 4857 ποιήσωμεν,
2726 4785 2923 4853 ἐπάγει
2955 4783 3141 4838 τοῦτον
3170 4783 3260 4836 τὸν
3277 4782 3459 4850 λόγον,
3488 4782 3575 4833 ὅτι
3604 4780 3711 4833 καὶ

2115 4880 2368 4951 ἐποίησεν
2394 4880 2422 4931 6
2447 4879 2579 4942 Θεὸς
2606 4877 2696 4933 τὸν
2726 4876 3039 4948 ἄνθρωπον,
3071 4874 3167 4930 καί⁵
3200 4875 3320 4926 κατ’
3348 4871 3533 4927 εἰκόνα
3558 4869 3707 4923 Θεοῦ

2110 4972 2365 5040 ἐποίησεν
2408 4970 2588 5024 αὐτόν.
2632 4991 2649 5018 ι
2679 4962 3128 5038 Ἀρσενκαὶθῆλυ
3146 4960 3401 5031 εποίησεν
3420 4960 3646 5022 αύτούς.
3686 4983 3705 5013 ι

2118 5065 2340 5133 Εἴρηται
2371 5061 2467 5131 μὲν
2492 5057 2584 5114 οὖν
2606 5058 2706 5130 ἥδη
2740 5057 2834 5143 καί
2862 5057 2919 5129 ἐν
2947 5057 3060 5117 τοῖς
3079 5050 3424 5143 ἔμπροσθεν,
3452 5050 3536 5101 ὃτι
3564 5046 3716 5115 πρὸς

2114 5151 2431 5221 καθαίρεσιν
2459 5149 2559 5219 τῆς
2571 5138 2852 5215 αἱρετικῆς
2868 5143 3120 5205 ἀσεϐείας
3139 5145 3167 5195 6
3187 5138 3429 5200 τοιοῦτος
3458 5150 3717 5207 προανα-

2118 5242 2432 5312 πεφώνηται
2477 5240 2653 5308 λόγος,
2689 5238 2775 5291 ἵνα
2820 5235 3158 5306 διδαχθέντες
3203 5233 3285 5285 ὅτι
3336 5228 3567 5297 ἐποίησε
3612 5225 3717 5278 τὸν

2116 5333 2401 5404 ἄνθρωπον
2427 5333 2455 5383 ὁ
2487 5327 2776 5401 μονογενὴς
2799 5326 2930 5389 Θεὸς
2959 5326 3078 5379 κατ’
3104 5323 3289 5377 εἰκόνα
3315 5317 3476 5380 Θεοῦ,
3513 5315 3717 5404 μηδενὶ

2116 5402 2258 5494 λόγω
2284 5422 2380 5493 τὴν
2405 5420 2637 5492 θεότητα
2676 5418 2766 5471 τοῦ
2798 5416 3011 5487 Πατρὸς
3049 5414 3144 5467 καὶ
3191 5412 3285 5465 τοῦ
3322 5407 3457 5463 Υἱοῦ
3487 5402 3715 5475 διακρί-

2117 5532 2317 5585 νωμεν,
2373 5512 2566 5582 ἐπίσης
2617 5510 2716 5580 τῆς
2769 5508 2929 5576 ἁγίας
2979 5506 3203 5576 Γραφης
3251 5501 3385 5555 Θεὸν
3440 5497 3717 5567 ἑκάτερον

2117 5604 2510 5678 ὀνομαζούσης,
2541 5602 2630 5655 τόν
2664 5617 2723 5653 τε
2752 5598 3105 5669 πεποιηκότα
3133 5595 3222 5650 τὸν
3257 5592 3570 5669 ἄνθρωπον,
3616 5588 3719 5642 καὶ

2119 5696 2179 5763 οὗ
2208 5700 2325 5759 κατ’
2365 5696 2548 5752 εἰκόνα
2586 5693 2823 5764 ἐγένετο.
