3886 6214
199 331 292 384 181

1461 339 1550 394 DE
1591 341 1871 396 IIOMINIS
1910 339 2221 400 OI’IFICIO.

3368 335 3471 393 182

202 447 480 504 eationem
528 453 650 520 ejus
683 455 828 524 quod
879 459 1196 526 quaerimus,
1250 459 1520 515 deducere
1553 464 1784 532 possint.
1851 461 1959 515 Illae
2004 461 2169 531 igitur
2219 474 2342 512 cum
2383 457 2766 528 exposuissent
2807 456 2923 511 haec
2961 455 3053 511 Dei
3089 456 3274 520 verba,
3314 473 3334 507 ι
3366 452 3472 509 Fa-

199 539 416 594 ciamus
449 541 725 598 hominem
771 547 838 600 ad
887 548 1176 618 imaginem
1217 561 1499 606 nostram:
1547 572 1564 604 ι
1604 553 1785 607 addita
1824 556 1988 609 etiam
2031 570 2094 609 ea
2147 553 2498 614 indicatione,
2552 566 2710 620 quem
2745 549 2955 604 scilicet
2999 549 3068 603 ad
3104 549 3266 604 finem
3309 548 3477 602 homo

193 635 476 690 ereandus
544 649 711 702 esset,
775 651 886 694 tum
960 643 1156 698 deinde
1199 645 1512 712 hujusmodi
1554 649 1857 702 orationem
1908 649 2228 718 subjiciunt:

2315 647 2502 716 Itaque
2531 644 2674 700 Deus
2707 645 2980 700 hominem
3019 643 3286 708 condidit,
3314 651 3368 698 et
3405 641 3475 696 ad

187 725 487 794 imaginem
543 745 667 783 eum
715 730 807 786 Dei
856 735 1389 798 cnttdiditutnarem
1423 745 1476 791 ct
1527 737 1782 794 feminam
1823 740 1948 795 fecit
1992 755 2086 794 eos
2131 741 2200 793 ⁸³⁵.
2261 761 2280 791 ι
2336 737 2472 792 Illud
2517 737 2737 806 quidem
2788 751 2950 806 supra
2994 745 3079 792 est
3147 735 3472 796 indicatum,

195 817 366 868 verba
413 819 532 874 haec
579 822 846 878 divinitus
886 841 1007 880 esse
1055 831 1284 896 prolata,
1326 831 1390 882 ad
1439 835 1786 888 evertendam
1853 834 2186 903 impietatem
2243 832 2656 893 haereticorum,
2701 845 2840 900 quos
2887 829 3178 883 Anomaaos
3228 827 3468 897 appella-

195 908 403 972 vimus,
458 921 517 966 ut
569 915 771 980 edocti,
833 917 999 971 Deutn
1050 921 1200 973 illntn
1265 925 1556 993 unigcnam
1607 942 1824 982 creasse
1881 927 2158 982 hominem
2210 927 2278 980 ad
2318 925 2412 978 Dei
2452 925 2784 993 imaginem,
2817 924 2966 981 nullo
2995 923 3158 978 modo
3194 917 3372 973 Patris
3391 915 3481 969 Fi-

193 1002 367 1070 liia-tue
399 1005 742 1061 divinitatem
769 1026 1108 1080 separemus,
1131 1017 1351 1084 quando
1383 1015 1599 1070 Litterae
1629 1032 1802 1072 sacra:
1844 1025 2137 1087 utrumque
2173 1017 2455 1086 aequaliter
2501 1013 2673 1068 Deum
2724 1013 3044 1084 appellant,
3083 1023 3136 1069 et
3181 1013 3336 1067 illum
3373 1012 3469 1082 qui

197 1093 478 1150 hominem
510 1100 736 1163 creavit,
773 1112 828 1156 et
855 1103 1018 1171 cujus
1055 1105 1122 1158 ad
1153 1105 1447 1174 imaginem
1481 1105 1665 1162 factus
1693 1115 1802 1162 est.

285 1233 429 1284 Ἀλλ’
461 1235 489 1285 ὁ
511 1235 610 1303 μὲν
641 1237 770 1306 περὶ
795 1239 998 1292 τούτων
1018 1241 1172 1308 λόγος
1194 1243 1458 1309 ἀφείσθω,
1485 1243 1620 1314 πρὸς
1646 1243 1702 1296 δὲ
1730 1243 1791 1295 τὸ

1969 1243 2169 1299 Verum
2211 1243 2474 1312 prolixior
2513 1244 2580 1298 de
2633 1242 2722 1296 his
2764 1243 2940 1296 oratio
2985 1243 3320 1298 instituenda
3365 1259 3476 1300 non

194 1326 564 1396 προκείμενον
597 1329 990 1398 ὲπιστρεπτέον
1021 1331 1117 1402 τὴν
1156 1333 1414 1403 ζήτησιν’
1449 1335 1563 1396 πῶς
1597 1337 1691 1386 καὶ
1728 1335 1788 1392 τὸ

195 1417 344 1469 θεῖον
367 1419 657 1489 μακάριον,
679 1423 772 1473 καὶ
789 1423 1022 1476 ἐλεεινὸν
1039 1425 1100 1476 τὸ
1115 1425 1210 1478 ἀνθ
1221 1423 1472 1496 ρώπινον,
1493 1427 1586 1479 καὶ
1607 1427 1788 1496 ὅμοιον

192 1511 398 1578 ἐκείνῳ
437 1511 598 1564 τοῦτο
624 1512 777 1584 παρὰ
804 1517 902 1584 τῆς
937 1515 1162 1584 Γραφῆς
1193 1516 1539 1584 ὀνομάζεται.
1581 1517 1787 1570 Οὐκοῦν

193 1603 517 1667 ἐξεταστέον
537 1605 652 1673 μετ’
666 1602 952 1676 ἀκριϐείας
974 1607 1043 1658 τὰ
1062 1609 1299 1677 ῥήματα.
1323 1609 1640 1680 Εῠρήσομεν
1657 1608 1785 1676 γὰρ,

193 1694 282 1744 ὅτι
303 1693 394 1745 ’έτε
404 1711 496 1763 ρον
517 1696 614 1764 μέν
629 1712 682 1747 τι
699 1697 761 1748 τὸ
786 1701 905 1749 κατ’
921 1699 1102 1750 εἰκόνα
1119 1701 1434 1769 γενόμενον,
1454 1701 1540 1753 ἒτε
1548 1718 1639 1772 ρον
1655 1701 1709 1753 δὲ
1727 1701 1787 1753 τὸ

193 1784 294 1837 νῦν
317 1787 377 1838 ἐν
403 1786 748 1858 ταλαιπωρίᾳ
775 1788 1136 1859 δεικνύμενον.
1175 1811 1192 1840 ε
1227 1793 1516 1863 Ἐποίησεν
1544 1793 1741 1858 όΘεὸς,
1763 1813 1782 1844 ι

196 1877 362 1946 φησι,
403 1895 422 1927 ι
461 1878 552 1930 τὸν
602 1879 910 1949 ἄνθρωπον,
965 1883 1084 1934 κατ’
1118 1884 1300 1936 εἰκόνα
1352 1885 1487 1938 Θεοῦ
1533 1887 1789 1956 ἐποίησεν

197 1968 388 2019 αὐτόν.
431 1987 450 2019 ι
492 1969 656 2032 Τέλος
686 1969 800 2040 ἔχει
832 1973 864 2042 ἠ
905 1973 999 2024 τοῦ
1048 1975 1166 2026 κατ’
1197 1976 1380 2028 είκόνα
1420 1980 1787 2048 γεγενημένου

198 2060 403 2123 κτίσις.
471 2055 602 2114 Εἶτα
657 2063 994 2132 ὲπανάληψιν
1051 2069 1282 2118 ποιεῖται
1348 2066 1442 2119 τοῦ
1496 2067 1638 2120 κατά
1691 2069 1790 2136 τὴν

201 2153 554 2221 κατασκευὴν
601 2153 784 2220 λόγου*
836 2157 927 2208 καί
973 2173 1159 2226 φησινρ
1220 2176 1238 2208 ε
1294 2159 1492 2229 ’Ἃρσεν
1525 2159 1619 2211 καὶ
1653 2161 1786 2230 θῆλυ

203 2243 466 2311 ἐποίησεν
497 2245 752 2308 αὐτούς.»
777 2247 946 2301 Παντὶ
969 2249 1078 2320 γὰρ
1123 2245 1272 2318 οἶμαι
1306 2251 1584 2320 γνώριμον
1629 2247 1787 2315 εἶναι,

203 2337 286 2388 ὅτι
317 2336 426 2400 ἔξω
472 2335 630 2388 τοῦτο
662 2335 758 2388 τοῦ
807 2340 1162 2408 πρωτοτύπου
1209 2343 1438 2393 νοεῖται’
1481 2362 1500 2392 ‹
1559 2343 1646 2395 Ἐν
1684 2342 1794 2412 γὰρ

205 2425 432 2495 Χριστῷ
477 2424 672 2494 Ἰησοῦ,
713 2445 732 2476 ι
779 2426 960 2490 καθώς
987 2445 1151 2498 φησιν
1177 2429 1204 2482 ὁ
1241 2431 1581 2494 Ἀπόστολος,
1613 2451 1630 2481 ι
1667 2430 1792 2484 οὔτε

203 2516 378 2586 ἄρρεν
405 2515 530 2568 οὔτε
563 2516 697 2584 θῆλύ
727 2518 891 2571 ἐστιν.
935 2537 952 2568 ι
1007 2519 1168 2572 Ἀλλὰ
1209 2522 1316 2591 μὴν
1361 2525 1440 2584 εἰς
1474 2521 1644 2574 ταῦτα
1678 2521 1794 2591 διῃ-

1893 1343 2014 1396 est.
2071 1336 2362 1405 petittsque
2404 1334 2470 1388 ad
2524 1335 2575 1387 id
2615 1349 2724 1403 quo
2781 1335 2848 1388 de
2885 1349 3043 1404 agere
3093 1343 3333 1403 emptum
3394 1343 3480 1390 est

1891 1435 2275 1488 revertamur,
2335 1426 2691 1494 quamobrem
2747 1424 2962 1478 scilicet
3005 1423 3206 1478 divina:
3269 1433 3480 1478 natura:

1893 1518 2130 1572 similem
2177 1534 2302 1573 esse
2362 1519 2661 1572 humanam
2727 1515 2904 1570 sacris
2964 1515 3030 1570 sit
3085 1513 3307 1570 Litteris
3349 1533 3478 1586 pro-

1891 1611 2063 1665 ditum
2115 1630 2127 1664 :
2178 1627 2302 1664 cum
2359 1611 2472 1664 haec
2539 1608 2784 1680 profecto
2831 1608 2902 1663 sit
2949 1607 3169 1668 misera,
3209 1608 3300 1660 illa
3351 1625 3479 1663 vero

1891 1702 2074 1756 beata.
2110 1703 2297 1770 Itaque
2329 1701 2488 1753 nobis
2532 1706 2787 1752 accurate
2833 1698 3051 1768 singula
3089 1698 3144 1750 in
3187 1697 3352 1752 verba
3395 1709 3480 1754 est

1891 1793 2301 1862 inquirendum.
2353 1791 2700 1844 Inveniemus
2752 1789 2900 1842 enim
2952 1789 3102 1842 aliud
3163 1804 3284 1843 esse
3333 1789 3478 1862 quod

1893 1885 1986 1938 Dei
2017 1884 2306 1952 imaginem
2342 1882 2562 1946 referat,
2600 1881 2668 1936 ab
2715 1895 2782 1935 eo
2809 1881 2954 1950 quod
2993 1881 3096 1934 hac
3127 1881 3180 1934 in
3225 1896 3470 1936 aerumna

1892 1975 2290 2044 conspicimus.
2324 1992 2342 2024 ι
2375 1972 2528 2028 Fecit
2567 1971 2730 2032 Deus,
2772 1991 2790 2022 ι
2831 1970 3090 2040 inquiunt
3130 1971 3351 2030 Littera:
3391 1987 3478 2024 sa-

1892 2083 2020 2128 crm,
2077 2085 2094 2116 ι
2139 2065 2410 2119 hominem
2455 2083 2469 2117 :
2519 2072 2572 2116 et
2627 2063 2846 2132 quidem
2897 2075 3020 2115 eum
3078 2061 3144 2120 ad
3187 2062 3478 2132 imaginem

1893 2159 1985 2212 Dei
2017 2158 2145 2210 fecit
2173 2157 2240 2209 “.
2281 2175 2300 2208 ι
2338 2155 2476 2226 Ergo
2500 2155 2612 2223 jam
2645 2153 2946 2223 perfectum
2973 2153 3298 2222 intelligitur
3342 2151 3480 2206 illud

1894 2259 2159 2316 creatura,
2213 2249 2358 2318 quod
2411 2249 2478 2302 ad
2523 2247 2763 2302 divinam
2797 2248 3087 2317 imaginem
3138 2245 3481 2300 conformari

1895 2342 2156 2410 oportuit.
2205 2339 2359 2405 Quod
2416 2348 2596 2393 autem
2635 2348 2756 2407 post
2805 2339 2921 2392 haec
2974 2337 3117 2392 redit
3152 2337 3216 2390 ad
3264 2337 3484 2406 exposi-

1897 2433 2098 2486 tionem
2139 2429 2339 2500 opitieii
2377 2431 2568 2492 divini,
2603 2445 2726 2484 cum
2766 2430 2864 2492 ait,
2912 2447 2930 2478 ι
2965 2428 3120 2482 Fecit
3144 2442 3240 2482 eos
3273 2443 3480 2482 marem

1899 2538 1961 2577 ac
2003 2521 2300 2577 feminam:
2361 2543 2378 2574 ›
2438 2523 2490 2576 id
2536 2523 2728 2590 opinor
2755 2537 2945 2577 omnes
2980 2522 3226 2575 homines
3272 2519 3482 2589 perspi-

205 2606 410 2675 ρῆςθαι
458 2609 486 2658 ὁ
513 2608 670 2674 λόγος
720 2610 854 2677 φησι
900 2609 992 2662 τὸν
1027 2610 1342 2682 ἄνθρωπον.
1386 2613 1597 2666 Οὐκοῦν
1634 2613 1795 2681 διπλῆ

1909 2629 2047 2674 cere,
2099 2614 2166 2666 ab
2195 2614 2444 2680 exemplo
2473 2613 2716 2682 principe
2751 2612 3138 2668 removendum
3188 2627 3328 2667 esse.
3370 2631 3387 2662 ι
3424 2611 3482 2663 In

203 2697 293 2752 τίς
323 2701 473 2750 ἐστιν
501 2702 534 2768 ἡ
569 2699 672 2770 τῆς
701 2699 918 2769 φύσεως
957 2706 989 2772 ὴ
1001 2702 1117 2772 μῶν
1149 2707 1484 2776 κατασκευὴ,
1510 2705 1543 2775 ἦ
1567 2724 1626 2758 τε
1665 2707 1798 2776 πρὸς

201 2789 274 2840 τὸ
300 2791 452 2842 Θείον
483 2791 833 2862 ὡμοιωμένη,
854 2791 888 2860 ἥ
906 2808 964 2844 τε
1000 2795 1137 2864 πρὸς
1169 2796 1266 2865 τὴν
1302 2797 1566 2867 διαφορὰν
1595 2797 1800 2867 ταύτην

200 2879 540 2952 διῃρημένη.
593 2881 845 2936 Τοιοῦτον
899 2887 1010 2954 γάρ
1050 2902 1102 2937 τι
1147 2887 1176 2938 ὁ
1221 2887 1378 2956 λόγος
1424 2889 1488 2941 ἐκ
1538 2889 1638 2958 τῆς
1687 2905 1803 2941 συν-

201 2973 426 3035 τάξεως
477 2973 585 3027 τῶν
635 2977 1034 3046 γεγραμμένων
1075 2979 1392 3045 αἰνίττεται,
1433 2981 1648 3053 πρῶτον
1705 2982 1803 3050 μὲν

203 3064 408 3130 εἰπὼν,
443 3067 525 3118 ὅτι
561 3085 580 3115 ι
645 3069 934 3139 Ἐποίησεν
970 3074 998 3122 ὀ
1039 3071 1170 3134 Θεὸς
1201 3073 1292 3126 τὸν
1329 3073 1631 3144 ἄνθρωπον,
1683 3078 1802 3128 κατ’

203 3155 400 3210 εἰκόνα
459 3157 595 3210 Θεοῦ
655 3160 914 3231 ἐποίησεν
972 3163 1166 3217 αὐτόν·
1237 3185 1256 3216 ι
1331 3167 1504 3224 ,πάλιν
1573 3169 1626 3220 δὲ
1696 3173 1806 3232 τοῖς

205 3249 530 3318 εἰρημένοις
564 3251 884 3319 ἐπαγαγὼν,
923 3254 1004 3306 ὅτι
1041 3273 1061 3306 ί
1113 3257 1310 3324 Ἀρσεν
1350 3259 1445 3310 καὶ
1491 3258 1623 3328 θῆλυ
1660 3261 1808 3312 ἑποί-

205 3355 349 3408 ησεν
401 3340 627 3403 αὐτοὺς,
691 3361 712 3391 ›
779 3342 917 3415 ὅπερ
978 3344 1254 3416 ἀλλότριον
1314 3347 1427 3401 τῶν
1475 3351 1604 3418 περὶ
1671 3349 1805 3402 θεοῦ

207 3431 527 3501 νοουμένων
577 3433 746 3486 ἐστίν.
808 3429 976 3504 Οἶμαι
1021 3435 1130 3507 γὰρ
1189 3437 1299 3504 ἐγὼ
1341 3438 1520 3509 δόγμα
1568 3457 1620 3491 τι
1667 3442 1808 3509 μέγα

211 3522 316 3574 καὶ
381 3523 583 3591 ὑψηλὸν
653 3523 742 3575 διὰ
800 3523 910 3578 τῶν
973 3527 1280 3596 εἰρημένων
1340 3528 1444 3580 ὑπὸ
1507 3529 1604 3598 τῆς
1661 3529 1810 3590 θείας

211 3611 446 3680 Γραφῆς
498 3613 902 3682 παραδίδοσθαι.
937 3615 1010 3668 Τὸ
1053 3616 1110 3668 δὲ
1154 3617 1328 3687 δόγμα
1363 3618 1602 3672 τοιοῦτόν
1657 3621 1808 3673 ἐστι’

211 3703 324 3756 Δύο
367 3703 532 3756 τινῶν
565 3705 702 3757 κατὰ
744 3706 806 3758 τὸ
850 3707 1148 3776 ἀκρότατον
1189 3711 1324 3777 πρὸς
1355 3709 1561 3778 ἄλληλα
1592 3711 1810 3781 διεστη-

209 3793 418 3856 κότων,
457 3795 621 3864 μέσον
657 3795 774 3848 ἐστὶ
801 3796 862 3848 τὸ
910 3797 1270 3868 ἀνθρώπινον,
1295 3800 1394 3868 τῆς
1441 3817 1499 3852 τε
1540 3801 1687 3863 θείας
1718 3802 1812 3854 καὶ

211 3888 522 3956 ἀσωμάτου
552 3889 922 3956 φύσεως,·καὶ
959 3891 1058 3960 τῆς
1109 3891 1306 3959 ἀλόγου
1355 3895 1451 3945 καὶ
1505 3893 1812 3963 κτηνώδους

213 3980 396 4048 ζωῆς.
437 3979 655 4044 Ἔξεστι
690 3983 800 4053 γὰρ
837 3983 1097 4053 ἑκατέρου
1145 3983 1252 4035 τῶν
1301 3983 1603 4055 εἰρημένων
1644 3985 1702 4036 ἐν
1735 3984 1814 4052 τῷ

215 4071 551 4142 ἀνθρωπίνῳ
593 4075 926 4144 συγκρίματι
976 4075 1250 4146 θεωρῆσαι
1295 4077 1394 4145 τὴν
1440 4079 1670 4146 μοῖραν·
1719 4075 1812 4129 τοῦ

217 4163 328 4234 μὲν
359 4164 508 4215 θείου
533 4164 594 4216 τὸ
627 4164 842 4231 λογικόν
873 4183 930 4218 τε
969 4168 1063 4218 καὶ
1093 4167 1454 4238 διανοητικὸν,
1485 4168 1513 4219 ὃ
1539 4169 1640 4237 τὴν
1675 4167 1816 4220 κατὰ

213 4252 286 4304 τὸ
315 4254 489 4324 ἄρρεν
532 4256 624 4307 καὶ
671 4255 806 4326 θῆλυ
853 4257 1115 4326 διαφορὰν
1160 4257 1222 4308 οὐ
1263 4257 1583 4328 προσίεται·
1632 4255 1725 4309 τοῦ
1757 4256 1816 4308 δὲ

215 4340 425 4408 ἀλόγου
453 4343 552 4411 τὴν
583 4347 902 4414 σωματικὴν
931 4345 1273 4416 κατασκευὴν
1303 4349 1396 4398 καὶ
1421 4346 1707 4398 διάπλασιν
1737 4349 1816 4410 εἱς

217 4433 398 4504 ἄρῤέν
443 4450 504 4486 τε
551 4436 645 4486 καὶ
699 4435 831 4505 θῆλυ
883 4436 1340 4507 μεμερισμένην.’
1377 4438 1666 4508 Ἑκάτερον
1710 4439 1816 4510 γὰρ

217 4523 435 4575 τούτων
463 4525 582 4576 ἐστὶ
615 4525 832 4589 πάντως
871 4527 927 4577 ἐν
959 4527 1124 4578 παντὶ
1155 4526 1234 4596 τῷ
1277 4528 1556 4597 μετέχοντι
1587 4528 1687 4598 τῆς
1721 4531 1817 4582 ἀν-

221 4613 512 4684 θρωπίνης
535 4612 700 4684 ζωῆς.
747 4615 906 4668 Ἀλλὰ
939 4617 1289 4686 προτερεύειν
1317 4618 1379 4669 τὸ
1408 4618 1612 4688 νοερὸν,
1638 4618 1819 4681 καθὼς

221 4705 386 4776 παρὰ
425 4703 520 4757 τοῦ
565 4705 662 4774 τὴν
706 4705 1148 4776 ἁνθρωπογονίαν
1183 4709 1240 4760 ὲν
1281 4709 1432 4772 τάξει
1462 4709 1820 4773 διεξελθόντος

221 4795 534 4864 ἐμάθομεν,
590 4798 1088 4868 ἐπιγεννηματικὴν
1133 4799 1190 4851 δὲ
1241 4796 1380 4853 εἶναι
1431 4799 1508 4870 τῷ
1549 4800 1820 4870 ἀνθρώπῳ

219 4889 325 4957 τὴν
371 4887 514 4958 πρὸς
561 4888 624 4940 τὸ
662 4888 858 4956 ἄλογον
907 4891 1192 4942 κοινωνίαν
1229 4907 1288 4942 τε
1334 4891 1429 4942 καὶ
1479 4893 1817 4958 συγγένειαν.

223 4979 460 5048 Πρῶτον
486 4979 585 5048 μὲν
613 4975 723 5048 γάρ
749 4995 933 5050 φησιν,
964 4981 1046 5032 ὅτι
1104 4998 1122 5031 ι
1172 4981 1454 5052 Ἐποίησεν
1485 4982 1512 5033 ὁ
1540 4981 1669 5045 Θεὸς
1701 4983 1818 5034 κατ’

221 5070 421 5122 εἰκόνα
467 5069 562 5122 τοῦ
606 5069 740 5122 Θεοῦ
790 5071 882 5123 τὸν
914 5069 1219 5140 ἄνθρωπον,
1265 5093 1282 5123 ν
1320 5073 1532 5134 δεικνὺς
1577 5073 1666 5125 διὰ
1709 5073 1819 5124 τῶν

223 5160 562 5231 εἰρημένων,
612 5161 794 5225 καθώς
841 5178 1002 5231 φησιν
1047 5165 1076 5215 ὁ
1131 5163 1472 5225 Ἀπὸστολος,
1511 5163 1592 5215 ὅτι
1642 5163 1700 5215 ὲν
1741 5161 1820 5233 τῷ

1901 2705 2124 2760 Christo
2153 2707 2304 2760 enim
2337 2704 2488 2766 Jesu,
2521 2723 2539 2756 ι
2578 2715 2639 2758 ut
2688 2705 2986 2774 Apostolus
3027 2705 3222 2774 inquit,
3259 2723 3278 2756 ι
3307 2718 3486 2773 neque

1906 2815 2026 2852 mas
2060 2815 2237 2868 neque
2280 2799 2484 2852 femina
2529 2807 2613 2852 est
2633 2801 2698 2851 ".
2735 2819 2754 2850 ι
2797 2799 2865 2852 At
2893 2814 3022 2853 vero
3063 2798 3284 2853 Littera:
3314 2811 3485 2851 sacra:

1903 2890 2108 2944 diserte
2137 2889 2428 2953 affirmant,
2465 2891 2738 2944 hominem
2775 2891 2829 2944 in
2870 2905 3076 2944 marem
3121 2889 3486 2957 feminamque

1904 2981 2138 3034 divisum
2169 2996 2312 3034 esse.
2357 2981 2544 3048 Itaque
2571 2981 2840 3049 duplicem
2873 2996 2994 3036 esse
3037 2979 3236 3033 factam
3265 2963 3486 3032 ‘naturm

1907 3079 2108 3124 nostra:
2149 3077 2484 3124 structuram
2531 3084 2762 3124 necesse
2793 3078 2900 3134 est,
2948 3085 3183 3138 quarum
3221 3069 3390 3122 altera
3419 3069 3487 3120 ad

1907 3160 2146 3213 divinam
2221 3162 2510 3230 imaginem
2569 3161 2980 3229 exprimendam
3035 3160 3242 3213 directa
3292 3159 3487 3218 fuerit.

1911 3253 2080 3304 altera
2117 3251 2182 3304 ad
2236 3251 2578 3306 efficiendum
2619 3253 2750 3304 illud
2803 3267 2968 3306 sexus
3011 3249 3330 3305 discrimen.
3378 3248 3490 3302 IIu-

1903 3343 2146 3409 jusmodi
2188 3346 2329 3398 enim
2369 3343 2630 3412 quiddam
2685 3341 2914 3396 indicari
2951 3341 3201 3408 videtur,
3265 3343 3312 3397 si
3363 3357 3488 3396 ver-
3523 3351 3525 3354 ’

1910 3437 2102 3488 1›οι·ιιιιι
2134 3433 2462 3504 compositio
2495 3443 2550 3488 et
2593 3435 2768 3489 series
2804 3433 3206 3499 consideretur,
3255 3435 3488 3504 primum

1910 3527 2055 3580 enim
2102 3525 2302 3578 dicitur
2365 3545 2382 3576 ι
2420 3523 2572 3578 Fecit
2623 3525 2896 3579 hominem
2943 3525 3108 3590 Deus,
3165 3533 3219 3580 et
3269 3525 3490 3596 quidem

1911 3633 2034 3671 eum
2071 3617 2136 3670 ad
2163 3617 2452 3685 imaginem
2481 3615 2571 3669 Dei
2603 3614 2750 3669 feeit.
2792 3635 2810 3666 ι
2853 3615 3058 3670 Deinde
3089 3615 3176 3670 his
3199 3613 3291 3669 illa
3317 3615 3490 3686 subji-

1913 3711 2155 3770 ciuntur,
2205 3725 2224 3758 ι
2263 3707 2464 3760 Marem
2517 3723 2578 3760 ac
2643 3707 2898 3760 feminam
2941 3723 3036 3764 eos
3089 3707 3256 3768 fecit:
3290 3727 3320 3778 ιΔ
3371 3723 3492 3778 qua

1913 3801 2160 3870 profecto
2183 3800 2248 3851 ad
2273 3800 2560 3867 imaginem
2585 3799 2674 3852 Dei
2703 3815 2810 3852 non
2844 3807 2972 3853 sunt
2995 3799 3300 3854 referenda.
3313 3773 3492 3870 Ἐφή-

1841 3925 1881 3980 ϐ
1915 3890 2037 3942 dem
2087 3890 2320 3957 amplam
2369 3897 2550 3942 statuo
2591 3899 2646 3942 et
2689 3890 2918 3962 arduam
2961 3890 3270 3944 doctrinam
3319 3890 3374 3944 in
3407 3889 3493 3944 his

1920 3979 2090 4040 tradi,
2141 3979 2400 4030 nimirum
2465 3959 2779 4046 hujusmodi
2828 3978 3138 4048 quamdam:
3197 3976 3342 4031 Inter
3387 3979 3494 4032 duo

1918 4079 2160 4125 extreme
2216 4068 2574 4132 dissidentia,
2629 4079 2882 4124 naturam
2949 4071 3201 4125 videlicet
3255 4069 3495 4124 divinam

1919 4170 2310 4230 expertemque
2335 4163 2606 4231 corporis,
2636 4171 2691 4217 et
2721 4163 2949 4217 alteram
2975 4172 3253 4219 carentem
3285 4169 3498 4220 ratione

1921 4269 1985 4307 ac
2047 4253 2364 4314 helluinam,
2423 4253 2660 4306 medium
2711 4252 2986 4307 hominem
3039 4269 3180 4310 esse.
3233 4252 3366 4307 Nam
3432 4254 3498 4309 de

1921 4353 2154 4410 utroque
2191 4342 2243 4394 itt
2275 4342 2440 4410 hujus
2476 4341 2696 4411 opificio
2736 4343 3002 4397 exsistere
3033 4345 3310 4412 quiddam,
3343 4359 3500 4414 pror-

1923 4451 2019 4490 sus
2055 4443 2141 4488 est
2181 4433 2636 4489 animadvertere.
2685 4431 2758 4488 De
2797 4442 2994 4488 natura
3023 4435 3227 4497 divina,
3270 4438 3377 4490 vim
3413 4452 3503 4488 ra-

1922 4526 2088 4580 tionis
2117 4534 2170 4578 et
2201 4524 2591 4594 intelligentia},
2626 4539 2750 4592 quae
2779 4539 2942 4578 sexus
2973 4525 3200 4578 masculi
3241 4539 3305 4580 ac
3344 4524 3502 4578 femi-

1925 4617 2012 4672 nei
2065 4617 2362 4672 discrimen
2414 4616 2626 4669 nullum
2673 4615 2888 4684 recipit,
2931 4615 2998 4668 de
3034 4623 3227 4668 natura
3275 4614 3498 4669 rationis

1925 4719 2168 4778 experte,
2204 4714 2536 4762 structuram
2569 4709 2712 4760 hanc
2743 4707 2991 4776 corporis
3015 4713 3069 4760 et
3107 4706 3335 4760 formam
3363 4721 3497 4760 sexu

1923 4799 2262 4854 distinctam.
2318 4797 2624 4869 Utrumque
2675 4799 2870 4852 horum
2915 4799 2969 4851 in
3005 4799 3248 4867 quolibet
3281 4799 3501 4854 homine

1923 4900 2025 4944 est.
2067 4889 2174 4944 Sed
2221 4891 2458 4958 priorem
2509 4889 2679 4944 fuisse
2735 4889 2788 4943 in
2838 4904 2904 4944 eo
2937 4888 3251 4942 facultatem
3299 4887 3501 4942 intelli-

1923 4981 2104 5053 gendi,
2137 4983 2336 5036 deinde
2363 4983 2681 5036 societatem
2715 4983 3204 5051 cognationemque
3241 4995 3365 5034 cum
3399 4995 3500 5033 na-

1925 5083 2048 5127 tura
2087 5075 2300 5127 ratione
2343 5083 2565 5128 carente
2595 5074 2896 5130 accessisse
2931 5092 2944 5128 :
2976 5089 3042 5128 ex
3075 5081 3300 5126 auctore
3331 5071 3501 5124 histo-

1925 5166 2018 5219 ria:
2071 5166 2139 5219 de
2191 5173 2314 5219 ortu
2375 5167 2633 5230 hominis,
2697 5167 2891 5220 ordine
2947 5165 3160 5236 singula
3219 5172 3495 5229 narrante,

223 5252 461 5322 τοιούτῳ
498 5253 667 5324 ἄρρεν
711 5253 806 5305 atat
843 5253 973 5322 θῆλυ
1009 5255 1109 5307 οὐκ
1137 5253 1302 5308 ἔστιν.
1331 5249 1464 5306 Εἶτα
1495 5253 1690 5320 ἐπάγει
1721 5255 1804 5323 τῆς

1927 5257 2216 5312 discimus.
2253 5256 2498 5310 Primum
2527 5259 2671 5310 enim
2724 5255 2914 5320 tradit,
2949 5255 3113 5310 Deum
3147 5269 3365 5311 creasse
3399 5255 3496 5308 ho-

227 5344 588 5415 ἀνθρωπίνης
623 5344 840 5414 φύσεως
871 5345 942 5398 τὰ
990 5345 1274 5416 ἰδιώματα,
1311 5345 1392 5397 ὅτι
1430 5363 1448 5396 ι
1489 5346 1693 5417 Ἀρρεν
1727 5345 1820 5398 καὶ

231 5436 368 5508 θῆλυ
407 5438 662 5507 ἐποίησεν
699 5437 919 5502 αὐτούς.
965 5457 983 5489 ι
1024 5438 1088 5490 Τί
1136 5433 1227 5490 οὖν
1257 5437 1344 5490 διὰ
1385 5435 1574 5489 τούτου
1611 5435 1818 5506 μανθά-

230 5545 437 5600 νομενς
479 5528 592 5581 Καί
637 5547 726 5599 μοι
783 5529 968 5600 μηδεὶς
996 5529 1278 5599 νεμεσάτω
1327 5527 1606 5600 πόρρωθεν
1656 5545 1824 5598 προσ-

305 5752 359 5787 ⁸⁹
387 5751 526 5808 Gen.
549 5766 588 5818 ι,
625 5751 715 5809 27.
795 5753 838 5785 ⁵⁷
860 5751 1034 5809 Galat.
1059 5768 1142 5820 ιιι,
1172 5752 1260 5808 28.
1313 5753 1356 5784 ⁵⁸
1385 5751 1514 5808 ibid.
1545 5751 1613 5806 26
1637 5767 1754 5822 sqq.

1927 5348 2130 5402 minem
2177 5346 2246 5400 ad
2306 5347 2594 5416 imaginem
2653 5361 2808 5402 suam
2859 5366 2871 5401 :
2915 5348 2972 5400 in
3027 5359 3135 5416 quo
3196 5344 3338 5399 idem
3387 5344 3496 5397 vult

1926 5436 2158 5498 docere.
2213 5437 2357 5506 quod
2413 5446 2467 5490 et
2515 5435 2811 5506 Apostolus
2863 5436 3083 5504 scripsit
3105 5434 3187 5497 ⁵³.
3229 5441 3498 5503 quatenus

1931 5528 2108 5598 imago
2145 5527 2238 5584 Dei
2266 5529 2337 5583 sit
2370 5529 2553 5596 homo,
2584 5543 2748 5584 sexus
2786 5528 2841 5582 in
2867 5543 2934 5583 eo
2961 5526 3258 5582 discrimen
3293 5524 3498 5579 nullum
