3886 6214
415 305 519 361 185

1647 309 1704 366 S.
1735 306 2066 365 GREGORII
2126 308 2420 368 NYSSENI

3585 309 3683 364 £81

409 432 557 476 esse.
592 418 798 476 Deinde
828 430 1039 478 natura:
1065 423 1306 479 hominis
1333 424 1592 478 attributa
1617 426 1839 495 propria
1864 426 1995 482 sub-

2102 429 2282 498 ἀγοντι
2313 433 2404 485 τὸν
2432 431 2588 500 λόγον
2635 430 2711 501 τῷ
2760 429 3107 501 προκειμένῳ
3139 429 3397 500 νοήματι.
3445 426 3578 489 Θεὸς
3614 429 3681 497 τῇ

408 513 528 583 jicit
559 532 571 568 :
607 513 808 569 Marem
849 514 1219 586 feminamque
1264 516 1390 570 fecit
1433 532 1550 573 eos.
1581 515 1724 584 Quid
1765 533 1898 589 ergo
1931 518 2000 574 de

414 604 517 658 hoc
543 601 864 658 discendum
898 605 1056 659 nobis
1085 605 1208 660 est?
1242 605 1509 675 Equidem
1549 606 1681 660 mihi
1722 607 1996 661 neminem

415 696 579 750 irasci
629 696 777 760 volo,
835 697 1001 752 altius
1050 713 1164 752 rem
1214 714 1336 768 qua:
1388 699 1442 753 in
1502 699 1997 754 considerationem

415 787 582 848 venit,
624 789 908 857 repetenti.
956 786 1099 843 Deus
1144 796 1339 842 natura
1388 803 1486 843 sua
1527 791 1635 842 tale
1684 803 1748 843 ac
1788 796 1998 843 tantum

412 877 686 947 quoddam
717 879 917 934 bonum
943 890 1048 944 est,
1071 889 1334 949 quantum
1364 881 1471 933 ulla
1495 879 1828 950 cogitatione
1855 895 1999 935 com-

413 970 677 1039 prehendi
734 971 1064 1041 potestzvel
1121 972 1302 1041 potius
1353 972 1522 1026 etiam
1577 987 1740 1027 omne
1790 973 1996 1027 bonum

412 1062 558 1131 quod
627 1061 984 1133 intelligendo
1042 1063 1404 1132 cogitandove
1469 1064 1994 1134 comprehenditur,

413 1162 728 1223 exsuperat.
778 1155 965 1224 Itaque
1004 1163 1256 1209 naturam
1292 1157 1588 1211 humanam
1633 1173 1739 1212 non
1793 1159 1899 1213 alia
1929 1158 1998 1213 de

413 1261 578 1303 causa
621 1246 887 1311 condidit,
932 1259 1096 1318 quam
1129 1248 1276 1318 quod
1321 1249 1502 1304 bonus
1551 1258 1718 1306 esset.
1752 1251 1999 1322 Cumque

411 1340 541 1395 talis
588 1348 756 1406 esset,
807 1347 862 1395 et
903 1353 1066 1394 unam
1117 1341 1260 1395 hanc
1310 1341 1381 1395 ob
1431 1355 1653 1396 causam
1704 1341 1768 1396 ad
1829 1343 1997 1396 fabri-

414 1432 685 1487 cationem
737 1431 988 1486 humana:
1029 1441 1237 1486 naturae
1271 1434 1621 1498 accessisset,
1655 1449 1768 1488 non
1806 1449 1875 1487 ex
1908 1449 1998 1489 se-

413 1523 582 1578 misse
632 1523 740 1578 vim
791 1523 1054 1581 bonitatis
1127 1539 1240 1580 sure
1299 1525 1583 1581 declarare
1641 1527 1856 1593 voluit,
1920 1527 1997 1580 ita

413 1621 475 1666 ut
519 1613 769 1668 nonnihil
817 1615 1025 1669 homini
1079 1631 1306 1672 suorum
1348 1618 1617 1673 bonorum
1667 1620 1995 1690 largiretur,

414 1705 662 1758 nonnihil
700 1721 825 1760 cum
873 1719 939 1761 eo
995 1719 1064 1762 ne
1101 1711 1554 1774 communicaret,
1607 1710 1812 1765 invidia
1855 1726 1996 1781 prte-

412 1797 712 1866 pediretur.
761 1797 1007 1855 Perfecte
1046 1801 1311 1856 nimirum
1365 1819 1427 1858 se
1477 1773 1683 1858 bonum
1736 1773 1997 1869 ostehdit,
2031 1773 2074 1829 Β

412 1903 537 1942 cum
616 1889 890 1946 hominem
975 1892 1045 1948 de
1121 1893 1298 1949 nihilo
1358 1895 1658 1962 conderet,
1740 1897 2003 1968 omnique

413 1978 685 2034 bonorum
730 1984 888 2053 copia
939 1983 1256 2040 instrueret.
1295 1985 1427 2052 Quze
1474 1999 1599 2041 cum
1651 1987 1787 2043 adeo
1831 1987 2003 2042 multa

411 2071 524 2127 sint
567 2085 815 2138 numero,
857 2079 916 2128 ut
960 2076 1235 2132 recenseri
1268 2077 1483 2149 singula
1521 2078 2002 2134 commemorando

412 2160 700 2220 diiiieulter
751 2167 1010 2236 possint:
1041 2167 1250 2224 idcirco
1307 2169 1548 2226 breviter
1600 2171 1862 2227 universa
1911 2170 2003 2226 his

410 2255 594 2311 verbis
641 2258 1204 2328 comprehenduntur,
1239 2261 1443 2331 quibus
1493 2261 1656 2317 homo
1686 2262 1754 2316 ad
1804 2263 2002 2334 imagi-

412 2362 536 2402 nem
577 2347 669 2404 Dei
695 2348 877 2406 factus
907 2361 1031 2406 esse
1077 2351 1300 2407 dicitur.
1327 2352 1524 2409 Valent
1565 2355 1709 2409 enim
1743 2355 1834 2409 illa
1879 2362 2004 2409 tan-

412 2439 679 2504 tutndem,
711 2453 775 2495 ac
815 2443 860 2496 si
887 2442 1186 2506 diceretur,
1224 2453 1477 2499 naturam
1502 2445 1800 2500 humanam
1827 2460 1858 2500 a
1894 2445 2004 2502 Deo

413 2532 467 2586 in
498 2532 742 2590 omnium
767 2533 1041 2589 b0uorum
1073 2536 1390 2591 societatem
1415 2543 1663 2590 vocatam
1694 2552 1834 2593 esse.
1865 2535 2003 2593 Nam

412 2623 458 2680 si
495 2621 590 2679 Dei
623 2631 814 2680 natura
846 2627 1090 2696 perfecta
1119 2627 1367 2697 quasdam
1405 2630 1562 2699 copia
1602 2637 1688 2686 est
1728 2630 2002 2685 bonorum

411 2717 697 2782 omnium,
764 2717 928 2774 homo
987 2729 1167 2775 autem
1221 2721 1342 2791 ejus
1397 2730 1484 2778 est
1550 2724 1729 2794 imago
1785 2742 1798 2778 :
1858 2721 2003 2778 haud

411 2812 576 2869 dubie
631 2813 987 2870 simulacrum
1050 2813 1156 2870 hoc
1223 2811 1318 2870 Dei
1383 2817 1638 2887 princeps
1693 2818 2001 2888 exemplum

411 2904 487 2957 ila
540 2904 776 2972 referet,
834 2913 896 2960 ut
959 2913 1015 2960 et
1071 2906 1252 2976 ipsum
1303 2907 1464 2963 bonis
1517 2907 1772 2964 omnibus
1826 2909 2004 2962 abun-

412 2992 523 3046 det.
583 2990 773 3063 itaque
834 2995 890 3048 in
954 2994 1117 3050 nobis
1183 3003 1269 3051 est
1320 3009 1585 3065 expressa
1654 2998 1836 3052 omnis
1900 2997 2003 3052 ho-

412 3084 557 3136 nesti
587 3085 822 3154 species.
854 3087 1036 3142 omnis
1073 3088 1272 3150 virtus,
1308 3088 1490 3143 omnis
1514 3089 1804 3157 sapientia,
1837 3089 1999 3159 quid~
2027 3107 2074 3168 ε

411 3172 547 3240 quid
613 3173 851 3244 denique
910 3177 1428 3246 praestantissimum
1492 3180 1886 3249 comprehendi
1947 3179 2001 3233 vi

413 3265 792 3336 intelligentiae
860 3273 1061 3338 potest.
1124 3268 1304 3340 Atque
1352 3271 1495 3324 inter
1555 3281 1752 3325 caetera
1807 3279 1892 3325 est
1947 3269 2003 3324 in

412 3355 574 3412 nobis
605 3357 855 3423 libertas,
893 3375 1014 3430 quae
1045 3361 1194 3416 nulla
1237 3361 1585 3417 necessitatis
1621 3363 1736 3431 lege
1763 3369 2000 3425 tenetur,

412 3450 618 3506 nullius
650 3451 704 3506 in
733 3462 928 3506 natura
962 3452 1427 3525 dominatusjugo
1451 3454 1724 3523 subjecta,
1759 3454 1854 3509 sed
1881 3470 2004 3524 quae

409 3541 618 3612 judicio
644 3550 796 3599 certo
821 3551 876 3598 et
906 3543 1190 3600 liberrimo
1211 3544 1360 3616 quod
1391 3545 1509 3600 vult
1546 3547 1714 3618 eligit.
1737 3545 1833 3601 Est
1855 3548 2002 3600 enim

414 3635 589 3691 virtus
646 3649 759 3692 suae
809 3637 1054 3706 spontis,
1112 3637 1322 3694 nullius
1381 3636 1611 3708 imperio
1668 3639 1998 3706 mancipata.

413 3729 570 3796 Quod
600 3738 781 3785 autem
808 3746 838 3784 a
865 3731 1194 3785 necessitate
1221 3729 1454 3801 quadam
1495 3730 1826 3785 violentiave
1852 3729 2003 3801 cogi-

414 3829 524 3882 tur,
565 3819 755 3874 virtuti
805 3829 1237 3875 consentaneum
1294 3835 1420 3876 esse
1474 3821 1688 3890 nequit.
1745 3819 1901 3886 Quod
1954 3820 2002 3875 si

413 3923 580 3980 porro
609 3911 788 3981 imago
817 3925 1135 3982 eXpressam
1183 3911 1613 3982 pulchritudinis
1662 3915 1718 3982 in
1751 3914 2003 3986 exemplo

413 4000 663 4071 principe
715 4003 946 4073 ﬁguram
1007 4003 1081 4058 ita
1115 4013 1492 4075 repraesentet,
1550 4012 1610 4059 ut
1663 4006 1802 4061 nihil
1835 4007 1904 4061 ab
1936 4021 2002 4062 ea

415 4110 644 4164 prorsus
675 4094 910 4159 differat,
936 4111 1045 4151 non
1076 4094 1191 4166 jam
1221 4095 1368 4151 illam
1395 4097 1689 4170 imaginem
1720 4097 1860 4162 fore,
1894 4097 1992 4154 sed

415 4185 588 4257 ipsam
623 4187 980 4258 eamdemque
1021 4201 1158 4254 rem,
1223 4203 1346 4258 qua:
1399 4191 1547 4244 nulla
1583 4190 1668 4246 sui
1724 4199 1882 4262 parte
1914 4191 2001 4247 di-

416 4279 598 4334 scerni
633 4293 663 4332 a
690 4281 872 4350 seipsa
903 4281 1099 4350 possit.
1137 4280 1280 4348 Quid
1313 4280 1481 4352 igitur
1514 4290 1620 4347 est,
1668 4285 1907 4355 inquies,
1945 4286 2001 4341 in

415 4384 526 4438 quo
557 4379 768 4426 natura:
796 4372 1018 4436 divinae,
1077 4382 1134 4428 et
1191 4373 1314 4442 ejus
1364 4387 1488 4444 quae
1539 4375 1607 4429 ad
1637 4375 1878 4431 divinam
1916 4383 2001 4432 est

2102 519 2300 572 ἑαυτοῦ
2333 519 2493 588 φύσει
2529 522 2640 574 πᾶν
2676 521 2759 572 ὅτι
2793 537 2899 590 περ
2940 519 3057 572 ἐστι
3105 521 3224 572 κατ’
3255 519 3464 572 ἔννοιαν
3503 517 3685 570 λαϐεῖν

2101 609 2320 679 ἀγαθὸν,
2372 595 2559 664 ἐκεῖνᾶ
2597 613 2743 664 ἐστι·
2785 611 2984 682 μᾶλλον
3017 609 3075 662 δὲ
3106 607 3306 672 παντὸς
3335 607 3543 675 ἀγαθοῦ
3589 608 3685 660 τοῦ

2100 698 2391 769 νοουμένου
2439 716 2500 752 τε
2546 702 2640 753 καὶ
2685 698 3236 769 καταλαμϐανομένου
3276 697 3538 749 ἐπέκεινα
3582 695 3684 754 ῶν,

2099 793 2161 845 ού
2189 793 2256 845 δι’
2285 792 2412 846 ἄλλο
2451 811 2502 846 τι
2531 793 2704 858 κτίζει
2736 794 2834 863 τὴν
2869 792 3218 862 ἀνθρωπίνην
3246 791 3414 861 ζωὴν,
3450 790 3484 861 ἢ
3515 790 3604 842 διὰ
3624 788 3690 841 τὸ

2099 882 2301 951 ἀγαθὸς
2349 879 2505 937 εἶναι.
2557 884 2808 948 Τοιοῦτος
2851 883 2907 936 δὲ
2946 883 3041 944 ῶν,
3078 881 3175 934 καὶ
3209 881 3298 934 διὰ
3347 880 3506 932 τοῦτο
3551 879 3689 950 πρὸς

2099 973 2197 1046 τὴν
2226 975 2584 1046 δημιουργίαν
2614 976 2715 1046 τῆς
2762 975 3111 1046 ἀνθρωπίνης
3155 973 3371 1043 φύσεως
3410 973 3686 1043 ὁρμήσας,

2099 1067 2198 1120 οὐκ
2219 1065 2284 1120 ἂν
2313 1069 2546 1139 ἡμιτελῆ
2573 1068 2670 1138 τὴν
2698 1065 2798 1139 τῆς
2830 1066 3166 1136 ἁγαθότητος
3194 1065 3496 1130 ἐνεδείξατο
3523 1063 3688 1117 δύνα-

2103 1177 2216 1230 μιν,
2252 1160 2315 1212 τὸ
2359 1159 2458 1230 μέν
2493 1177 2545 1212 τι
2571 1158 2694 1222 δοὺς
2735 1161 2798 1211 ἐκ
2824 1157 2933 1210 τῶν
2965 1156 3276 1228 προσόντων
3303 1153 3468 1224 αὐτῷ,
3502 1151 3596 1206 τοῦ
3629 1153 3692 1206 δὲ

2100 1251 2373 1323 φθονήσας
2397 1252 2498 1321 τῆς
2544 1249 2860 1320 μετουσίαςο
2907 1247 3046 1301 ἀλλά
3079 1247 3143 1300 τὺ
3173 1245 3381 1299 τέλειον
3412 1244 3515 1314 τῆς
3545 1245 3690 1311 ἁγα-

2101 1344 2324 1414 θότητος
2353 1341 2490 1406 εἶδος
2526 1345 2585 1396 ὲν
2611 1341 2786 1411 τούτῳ
2816 1342 2988 1402 ἐστὶν,
3014 1341 3080 1393 ὲκ
3107 1338 3201 1392 τοῦ
3231 1339 3327 1393 καὶ
3345 1336 3693 1408 παραγαγεῖν

2098 1437 2190 1490 τὸν
2220 1435 2506 1506 ἄνθρωπον
2533 1438 2596 1488 ἐκ
2621 1433 2714 1487 τοῦ
2743 1435 2816 1505 μὴ
2840 1433 2992 1496 ὄντος
3025 1433 3106 1495 εἰς
3143 1431 3380 1501 γένεσιν,
3416 1429 3511 1483 καὶ⁹
3533 1430 3695 1482 ἀνεν-

2098 1525 2191 1598 δεῆ
2221 1523 2329 1578 τῶν
2352 1525 2573 1593 ἀγαθῶν
2601 1524 3042 1596 ἀπεργάσασθαι.
3114 1524 3270 1576 Ἐπεὶ
3295 1522 3353 1575 δὲ
3386 1521 3554 1584 πολὺς
3577 1520 3692 1572 τῶν

2101 1617 2222 1672 καθ’
2251 1617 2482 1671 ἕκαστον
2526 1616 2745 1686 ἀγαθῶν
2788 1617 2818 1668 ὁ
2847 1617 3170 1684 κατάλογος,
3200 1615 3260 1667 οὐ
3295 1614 3396 1684 μὲν
3423 1609 3514 1666 οῦν
3541 1612 3696 1665 ἔστιν

2102 1709 2319 1782 ἀριθμῷ
2353 1708 2550 1782 ῥᾳδίως
2595 1707 2785 1762 τοῦτον
2831 1707 3122 1761 διαλαϐεῖν.
3179 1706 3277 1759 Διὰ
3327 1705 3489 1758 τοῦτο
3534 1721 3698 1774 περι-

2103 1803 2341 1874 ληπτικῇ
2373 1804 2438 1873 τῇ
2477 1803 2628 1872 φωνῇ
2659 1801 2875 1854 ἅπαντα
2907 1798 3185 1854 συλλαϐὼν
3227 1801 3256 1852 ό
3290 1798 3448 1867 λόγος
3481 1797 3698 1867 ἐσήμα-

2103 1911 2214 1960 νεν,
2245 1895 2302 1946 έν
2326 1893 2405 1964 τῷ
2455 1896 2650 1948 εἰπεῖν.
2685 1893 2807 1945 κατ’
2833 1892 3016 1946 εἰκόνα
3052 1890 3190 1945 Θεοῦ
3225 1889 3555 1960 γεγενῆσθαι
3599 1889 3698 1942 τὸν

2104 1986 2409 2059 ἄνθρωπον.
2441 1982 2592 2038 Ἶσον
2629 1985 2740 2055 γάρ
2773 1987 2888 2038 ἐστι
2913 1983 3075 2037 τοῦτο
3102 1983 3182 2054 τῷ
3210 1983 3406 2040 εἰπεῖν.
3441 1981 3523 2034 δτι
3551 1997 3698 2033 παν-

2104 2079 2194 2142 τὸς
2227 2077 2432 2148 ἀγαθοῦ
2468 2077 2694 2148 μέτοχον
2721 2077 2822 2147 τὴν
2850 2075 3202 2147 ἀνθρωπίνην
3227 2075 3387 2144 φύσιν
3411 2072 3694 2144 ἐποίησεν.

2105 2173 2169 2224 Et
2206 2170 2316 2242 γὰρ
2361 2169 2634 2240 πλήρωμα
2679 2167 2778 2238 μὲν
2813 2166 3034 2235 ἀγαθῶν
3077 2165 3138 2220 τὸ
3167 2167 3340 2228 Θεῖον,
3393 2163 3602 2218 ἐκείνου
3637 2163 3702 2218 δὲ

2104 2262 2262 2316 τοῦτο
2295 2260 2457 2314 εἰκών
2478 2275 2491 2290 ο
2521 2261 2607 2332 ἄρ’
2631 2261 2690 2312 ὲν
2719 2257 2799 2328 τῷ
2829 2258 3035 2330 πλῆρες
3066 2252 3206 2311 εἶναι
3237 2257 3441 2320 παντὸς
3461 2254 3700 2324 ἀγαθοῦ,

2105 2353 2242 2425 πρὸς
2286 2353 2348 2406 τὸ
2402 2353 2713 2424 ἀρχέτυπον
2763 2352 2796 2421 ἡ
2846 2349 3010 2404 εἰκὼν
3062 2349 3176 2420 ἔχει
3234 2348 3328 2420 τὴν
3374 2348 3699 2419 ὁμοιότητα.

2105 2445 2315 2498 Οὐκοῦν
2357 2445 2508 2497 ἐστιν
2540 2445 2598 2496 ὲν
2623 2445 2757 2514 ἡμῖν
2795 2441 2996 2506 παντὸς
3029 2442 3128 2512 μὲν
3167 2438 3337 2495 καλοῦ
3371 2440 3503 2506 ἰδέα,
3542 2442 3702 2493 πᾶσα

2103 2535 2160 2588 δὲ
2208 2536 2376 2608 ἀρετὴ
2431 2536 2526 2588 καὶ
2573 2535 2755 2603 σοφία,
2797 2535 2891 2588 καὶ
2937 2537 3046 2587 πᾶν
3089 2533 3280 2605 ὃτιπέρ
3309 2535 3426 2587 ἐστι
3463 2533 3602 2604 πρὸς
3635 2532 3702 2586 τὺ

2105 2631 2352 2700 κρεῖττον
2391 2625 2704 2698 νοούμενον.
2751 2627 2846 2679 Ἐν
2873 2626 2930 2679 δὲ
2957 2626 3067 2680 τῶν
3094 2625 3311 2679 πάντων
3333 2626 3429 2679 καὶ
3459 2625 3518 2677 τὺ
3546 2623 3700 2677 ὲλεύ-

2105 2721 2264 2794 θερον
2293 2720 2539 2790 ἀνάγκης
2565 2714 2725 2786 εἶναι,
2756 2720 2850 2772 καὶ
2884 2717 2959 2789 μὴ
2993 2715 3328 2789 ιδπεζεῦχθαί
3359 2733 3465 2770 τινι
3488 2718 3696 2787 φυσικῇ⁸

2105 2812 2434 2883 δυναστείᾳο
2484 2810 2600 2866 ἀλλ’
2643 2807 2995 2877 αὐτεξούσιον
3041 2809 3180 2880 πρὸς
3214 2809 3278 2862 τὸ
3317 2807 3510 2862 δοκοῦν
3550 2808 3696 2878 ἔχειν

2103 2901 2202 2971 τὴν
2231 2898 2479 2970 γνώμην.
2526 2899 2847 2952 Ἀδέσποτον
2877 2900 2988 2972 γάρ
3020 2913 3074 2952 τι
3108 2898 3295 2970 χρῆμα
3325 2900 3358 2969 ἡ
3387 2895 3562 2968 ἁρετὴ
3608 2897 3697 2951 καὶ

2105 2991 2373 3055 ἑκούσιον,
2419 2991 2482 3044 τὸ
2525 2991 2582 3043 δὲ
2630 2991 3154 3061 κατηναγκασμένον
3196 2989 3292 3043 καὶ
3339 2988 3696 3059 βεϐιασμένον

2106 3084 2275 3154 ἀρετὴ
2297 3080 2437 3137 εἶναι
2461 3084 2522 3136 οὐ
2551 3083 2795 3139 δύναται.
2842 3083 2934 3137 Ἐν
2968 3085 3101 3138 πᾶσι
3132 3084 3312 3137 τοίνυν
3344 3081 3446 3154 τῆς
3487 3082 3697 3146 εἰκόνος

2105 3174 2198 3228 τοῦ
2229 3174 2586 3246 πρωτοτύπου
2620 3175 2847 3238 κάλλους
2895 3175 2988 3228 τὸν
3019 3175 3350 3247 χαρακτῆρα
3395 3173 3689 3247 φερούσης,

2101 3266 2154 3316 εἰ
2191 3264 2267 3334 μὴ
2297 3265 2440 3318 κατά
2473 3266 2527 3318 τί
2547 3263 2645 3335 τὴν
2673 3265 2938 3337 διαφορὰν
2967 3265 3090 3338 ἔχῃ,
3126 3266 3310 3320 οὐκέτι
3341 3266 3408 3320 ἂν
3441 3265 3528 3336 εἴη
3558 3267 3699 3319 πάν-

2101 3372 2213 3418 τως
2256 3356 2530 3426 ὁμοίωμα,
2565 3357 2702 3410 ἀλλὰ
2747 3358 2943 3410 ταύτὸν
2978 3358 3156 3411 έκεῖνο
3187 3355 3276 3411 διὰ
3307 3358 3529 3412 πάντων
3563 3359 3700 3411 ἀνα-

2103 3447 2466 3518 δειχθήσεται,
2497 3448 2556 3501 τὸ
2587 3450 2643 3500 ὲν
2683 3449 2846 3502 παντὶ
2876 3449 3316 3518 ἀπαράλλακτον.
3351 3449 3484 3502 Τίνα
3513 3450 3700 3503 τοίνυν

2105 3539 2272 3592 αὑτοῦ
2305 3555 2365 3592 τε
2395 3539 2489 3592 τοῦ
2518 3539 2700 3603 Θείου,
2742 3540 2838 3593 καὶ
2867 3539 2962 3592 τοῦ
3013 3539 3148 3609 πρὸς
3194 3539 3254 3592 τὺ
3279 3541 3435 3593 Θεῖον
3479 3539 3701 3610 ὡμοιω-

2109 3633 2271 3702 μένου
2326 3631 2424 3702 τὴν
2472 3631 2732 3704 διαφορὰν
2780 3631 3133 3703 καθορῶμεν;
3186 3631 3274 3684 Ἑν
3321 3631 3420 3702 τῷ,
3467 3632 3531 3684 τὸ
3595 3634 3698 3700 μὲν

2103 3725 2374 3789 ἀκτίστως
2402 3721 2561 3786 εἶναι,
2594 3726 2655 3778 τὸ
2689 3724 2746 3779 δὲ
2775 3725 2863 3778 διὰ
2902 3727 3133 3790 κτίσεως
3170 3725 3495 3793 ὑποστῆναι.
3546 3724 3612 3778 Ἠ
3640 3725 3699 3777 δὲ

2101 3819 2202 3889 τῆς
2223 3819 2481 3889 τοιαύτης
2506 3818 2762 3890 ἰδιότητος
2794 3818 3028 3888 διαφορὰ
3060 3817 3219 3872 πάλιν
3250 3817 3452 3889 ἐτέρων
3479 3814 3704 3888 ἰδιωμάο

2103 3925 2212 3963 των
2239 3908 2566 3963 ἀκολουθίαν
2600 3909 2844 3981 ἐποίησε.
2893 3908 3342 3980 Συνομολογεϊται
3373 3909 3482 3978 γὰρ
3514 3908 3704 3980 πάντη

2103 4017 2164 4053 τε
2207 4001 2302 4053 καὶ
2347 4001 2583 4065 πάντως,
2630 4001 2729 4072 τὴν
2773 4001 2870 4071 μὲν
2905 4001 3160 4055 ἀκτιστον
3192 3999 3358 4069 φύσιν
3399 4000 3497 4052 καὶ
3538 3999 3676 4070 ἀτρε

2103 4110 2240 4147 πτον
2283 4088 2445 4155 εἶναι,
2479 4094 2575 4147 καὶ
2618 4094 2704 4146 ἀεὶ
2741 4091 3004 4153 ὡσαύτως
3042 4092 3208 4164 ἔχειν,
3242 4092 3341 4163 τὴν
3370 4093 3431 4146 δὲ
3467 4093 3704 4162 κτιστὴν

2103 4187 2366 4241 ἀδύνατον
2395 4186 2522 4240 ἄνευ
2551 4184 2891 4250 ἀλλοιώσεως
2922 4185 3204 4256 συστῆναι,
3241 4184 3387 4239 Αὐτὴ
3417 4184 3525 4258 γάρ
3554 4187 3588 4257 ὴ
3631 4187 3699 4239 ὲκ

2103 4278 2195 4334 τοῦ
2237 4279 2312 4351 μὴ
2345 4278 2497 4343 ὄντος
2525 4280 2605 4343 εἰς
2635 4278 2696 4331 τὺ
2721 4274 2861 4331 εἶναι
2903 4277 3156 4352 πάροδος,
3187 4276 3401 4347 κίνησίς
3433 4279 3516 4340 τίς
3552 4280 3698 4340 ἐστι,

2103 4373 2199 4427 καὶ
2245 4371 2530 4436 ἀλλοίωσις
2569 4369 2664 4424 τοῦ
2720 4371 2795 4442 μὴ
2846 4371 2999 4434 ὄντος
3032 4374 3112 4434 εἰς
3143 4371 3204 4424 τὸ
3236 4367 3397 4430 εἶναι,
3441 4371 3586 4425 κατὰ
3631 4371 3696 4426 τὸ

414 4461 782 4530 conformata,
819 4463 1118 4520 discrimen
1151 4467 1394 4536 perSpici
1449 4469 1666 4539 possit?
1700 4470 1833 4525 illud
1868 4485 1999 4528 vero

2104 4468 2246 4521 θεῖον
2284 4465 2530 4537 βούλημα
2585 4464 3005 4535 μεθισταμένου.
3060 4467 3170 4518 Καὶ
3220 4463 3409 4534 ῶσπερ
3459 4464 3551 4519 τὸν
3599 4465 3697 4518 ἐπὶ

416 4554 471 4608 in
504 4567 571 4608 eo
601 4554 921 4624 perSpicies,
955 4557 1102 4626 quod
1134 4555 1229 4612 Dei
1266 4567 1463 4616 natura
1485 4559 1995 4619 exsistitincreata:

415 4645 698 4700 hominum
732 4658 865 4702 vero
897 4661 990 4717 per
1031 4649 1366 4704 creationem
1404 4659 1490 4706 est
1551 4658 1692 4706 orta.
1754 4650 1869 4707 Hoc
1904 4654 2006 4709 de—

415 4737 542 4791 inde
603 4737 900 4792 discrimen
959 4738 1067 4792 alia
1125 4739 1374 4809 qttazdam
1425 4755 1860 4813 consequuntur.
1903 4743 2001 4800 Est

413 4827 559 4879 enim
601 4826 761 4895 plane
787 4826 927 4894 apud
962 4841 1155 4882 omnes
1208 4828 1264 4881 in
1302 4829 1580 4893 confesso,
1629 4838 1881 4885 naturam
1916 4833 2000 4886 in-

413 4925 659 4970 creatam
710 4917 1131 4982 immutabilem,
1188 4918 1547 4989 eamdemque
1593 4935 1808 4990 semper
1843 4937 2006 4988 esse;

415 5015 700 5073 creatam,
755 5007 876 5064 sine
941 5021 1201 5080 perpetua
1256 5009 1643 5068 vicissitudine
1697 5015 2003 5069 consistere

417 5102 572 5154 nullo
603 5101 766 5158 modo
798 5117 982 5172 posse.
1017 5102 1154 5157 Nam
1185 5105 1303 5175 ipse
1337 5106 1606 5161 transitus
1631 5121 1699 5161 ex
1732 5106 1902 5161 nihilo
1935 5107 2001 5161 ad

415 5206 622 5257 ortum,
653 5203 834 5252 motus
855 5197 1078 5266 quidam
1110 5207 1214 5262 est,
1247 5206 1301 5254 et
1329 5199 1581 5265 mutatio,
1619 5215 1726 5270 qua
1773 5201 1826 5254 id
1854 5201 2002 5269 quod

417 5296 601 5337 rerum
638 5286 692 5338 in
731 5296 927 5342 natura
967 5303 1077 5343 non
1114 5303 1263 5355 erat,
1297 5291 1364 5346 de
1400 5294 1668 5348 sententia
1696 5293 1997 5349 voluntatis

418 5376 618 5432 divinae
642 5381 909 5436 exsistere
941 5383 1152 5454 incipit.
1173 5387 1349 5457 Atque
1361 5385 1481 5441 utin
1495 5386 1846 5459 Evangelio”
1866 5398 1996 5443 nota

421 5469 474 5524 in
508 5485 613 5525 aere
643 5484 898 5541 expressa
917 5476 1150 5534 Caesaris
1175 5476 1352 5547 imago
1390 5477 1615 5543 dicitur,
1651 5479 1718 5532 de
1756 5495 1865 5549 quo
1910 5481 1997 5534 in-

422 5563 683 5632 telligitur
717 5567 1018 5622 secundum
1053 5579 1332 5625 externam
1363 5571 1598 5640 speciem
1639 5569 1809 5628 fuisse
1845 5572 1992 5627 illam

496 5737 541 5770 ”
579 5738 746 5795 Marc.
801 5755 899 5807 xu,
949 5740 1029 5794 15.

2114 4557 2197 4611 τοῦ
2255 4557 2458 4627 χαλκοῦ
2507 4555 2830 4626 χαρακτῆρα
2886 4549 3164 4627 Καίσαρος
3208 4557 3392 4608 εἰκόνα
3436 4553 3587 4622 λέγει
3635 4553 3697 4607 τὸ

2102 4649 2456 4718 Εὐαγγέλιον,
2506 4649 2574 4701 δι’
2622 4642 2682 4701 οὗ
2730 4645 3072 4717 μανθάνομεν
3115 4646 3256 4700 κατὰ
3310 4647 3409 4717 μὲν
3456 4645 3518 4700 τὸ
3565 4646 3698 4718 πρό-

2104 4759 2293 4814 σχημα
2340 4741 2440 4813 τὴν
2469 4740 2730 4811 ὁμοίωσιν
2767 4735 2908 4791 εἶναι
2941 4737 3034 4791 τοῦ
3075 4737 3511 4810 μεμορφωμένου
3555 4737 3698 4809 πρὸς

2103 4834 2380 4904 Καίσαρα,
2411 4835 2470 4885 ὲν
2497 4832 2554 4885 δὲ
2575 4831 2654 4902 τῷ
2679 4830 3024 4901 ὑποκειμένῳ
3060 4829 3158 4901 τὴν
3191 4829 3460 4902 διαφορὰν
3503 4829 3652 4900 ἔχειν
3680 4848 3694 4862 ·

2101 4927 2243 4981 οὕτω
2263 4924 2523 4979 καὶκατὰ
2567 4924 2654 4978 τὸν
2695 4923 2938 4996 παρόντα
2966 4923 3144 4992 λόγον,
3173 4921 3298 4975 ἀντὶ
3323 4925 3696 4994 χαρακτήρων

2097 5020 2167 5072 τὰ
2202 5015 2646 5086 ὲπιθεωρούμενα
2677 5018 2742 5086 τῇ
2773 5032 2830 5066 τε
2859 5011 2979 5086 θείᾳ.
3023 5013 3182 5083 φύσει
3229 5013 3324 5067 καὶ
3367 5015 3435 5084 τῇ
3479 5014 3700 5086 ἀνθρω-

2101 5111 2232 5181 πίνῃ
2263 5109 2721 5177 κατανοήσαντες,
2747 5108 2805 5159 ὲν
2833 5102 2914 5167 οἷς
2957 5107 2990 5177 ἡ
3025 5105 3284 5176 ὁμοιότης
3322 5105 3490 5171 ἐστὶν,
3522 5104 3591 5180 ’ὲν
3615 5104 3697 5175 τῷ

2101 5202 2452 5274 ὑποκειμένῳ
2493 5200 2591 5272 τὴν
2611 5199 2875 5270 διαφορὰν
2924 5197 3334 5269 ὲξευρίσκομεν,
3368 5197 3490 5268 ῆτες
3534 5200 3595 5251 ὲν
3613 5198 3694 5269 τῷ

2103 5295 2344 5364 ἀκτίστῳ
2391 5291 2485 5346 καὶ
2518 5291 2595 5362 τῷ
2636 5289 2836 5360 κτιστῷ
2883 5289 3205 5362 καθορᾶται.
3259 5289 3476 5361 Ἐπειδὴ
3507 5290 3692 5345 τοίνυν

2104 5389 2166 5442 τὸ
2198 5387 2297 5458 μὲν
2325 5383 2585 5447 ὡσαύτως
2619 5383 2748 5453 ἔχει,
2780 5383 2872 5436 καὶ
2909 5383 3016 5446 ἀεὶ,
3048 5383 3108 5435 τὸ
3139 5383 3196 5437 δὲ
3228 5383 3314 5436 διὰ
3340 5381 3576 5446 κτίσεως
3603 5400 3692 5451 γε-

2105 5479 2407 5549 γενημένον
2455 5475 2548 5530 ἀπ’
2601 5471 2936 5535 ἀλλοιώσεως
2980 5471 3074 5526 τοῦ
3119 5468 3258 5524 εἶναι
3305 5469 3545 5542 ἤρξατο,
3596 5470 3693 5523 καὶ

2107 5569 2384 5638 συγγενῶς
2457 5567 2592 5639 πρὸς
2656 5566 2754 5636 τὴν
2794 5564 3072 5636 ’τοιαύτην
3125 5562 3236 5634 ἔχει
3293 5564 3538 5634 τροπήνσ
3598 5561 3694 5618 διὰ
