3886 6214
198 270 308 331 133

1473 279 1560 335 DE
1598 279 1884 337 HOMINIS
1921 282 2235 341 OPIFICIO.

3388 289 3490 344 186

198 389 366 442 τοῦτο
388 392 417 444 6
448 389 606 456 εἰδὼς
626 391 698 446 τὰ
728 392 905 448 πάντα
936 395 1067 467 πρὶν
1102 396 1372 462 γενέσεως
1393 397 1597 460 αὐτῶν,
1621 397 1804 462 καθώς

1913 402 2323 457 similitudinem
2354 401 2433 457 rei
2469 401 2824 458 conformata!
2854 402 2921 456 ad
2969 400 3198 473 eﬂigiem
3240 401 3486 473 Cesaris,

202 497 378 548 φησιν
410 481 445 551 ή
473 484 802 553 προφητεία.
843 485 1308 559 ἐπακολουθήσας,
1343 488 1544 559 μᾶλλον
1571 488 1627 542 δὲ
1663 507 1800 562 προ-

203 575 557 641 κατανοήσας
579 576 645 644 τῇ
672 580 1058 647 προγνωστικῇ
1102 577 1349 647 δυνάμει,
1380 579 1518 649 πρὸς
1552 582 1580 636 ὅ
1625 597 1676 633 τι
1712 579 1805 648 ῥέ-

204 679 302 715 πει
341 662 485 715 κατὰ
514 662 575 715 τὺ
605 665 940 736 αὐτοκρατές
971 683 1033 719 τε
1063 668 1157 719 καὶ
1187 668 1534 734 αὐτεξούσιον
1570 669 1671 739 τῆς
1709 671 1803 722 άν-

206 751 494 826 θρωπίνης
520 758 895 826 προαιρέσεως
923 759 956 829 ή
980 759 1214 829 κίνησις,
1246 760 1433 831 ἐπειδὴ
1464 762 1525 813 τὸ
1546 761 1802 831 ἐσόμενον

205 840 377 911 εἶδεν,
427 845 781 915 ἐπιτεχνᾶται
823 850 889 917 τῇ
922 848 1091 900 είκὸνι
1128 847 1226 918 τὴν
1257 849 1385 915 περὶ
1415 847 1475 901 τὸ
1512 849 1679 919 ἄρρεν
1707 850 1804 901 καὶ

207 933 353 1003 θῆλυ
391 934 675 1005 διαφοράν,
704 937 828 1007 ἥτις
854 939 1040 991 οὐκέτι
1069 938 1207 1009 πρὸς
1236 939 1297 991 τὸ
1324 938 1467 993 θεῖον
1498 940 1803 1011 ἀρχέτυπον

210 1025 425 1095 βλέπει,
482 1026 619 1080 ἀλλὰ
656 1027 839 1091 καθὼς
890 1029 1122 1100 εἴρηται,
1170 1033 1235 1100 τῇ
1283 1030 1599 1102 ὰλογωτέρᾳ
1637 1048 1805 1103 προσ-

206 1118 490 1185 ῳκείωται
522 1119 702 1188 φύσει.
735 1120 847 1191 Τὴν
886 1118 943 1172 δὲ
986 1121 1165 1175 αἰτίαν
1191 1122 1291 1190 τῆς
1330 1121 1590 1193 τοιαύτης
1618 1123 1805 1175 ἐπιτε-

207 1210 461 1280 χνήσεως
498 1211 649 1281 μόνοι
680 1212 783 1283 μὲν
822 1211 890 1264 ἂν
915 1213 1107 1265 εἰδεῖεν
1130 1195 1193 1265 ὀί
1219 1213 1321 1283 τῆς
1354 1213 1613 1284 ἀληθείας
1639 1213 1804 1266 αὑτό-

208 1318 374 1367 πται,
396 1305 492 1356 καὶ
510 1305 782 1375 ὑπηρέται
807 1304 900 1357 τοῦ
930 1305 1111 1374 λόγου.
1156 1307 1349 1377 Ἡμεῖς
1378 1307 1455 1370 δὲ,
1481 1306 1663 1371 καθώς
1685 1310 1804 1360 ἐστι

206 1397 461 1461 δυνατὸν,
475 1398 564 1451 διὰ
588 1399 911 1469 ποχασμῶν
932 1417 1095 1452 τινων
1120 1400 1211 1453 καὶ
1228 1401 1452 1453 εἰκόνων
1473 1400 1807 1470 φαντασθέν-

205 1504 305 1551 τες
328 1488 430 1558 τὴν
450 1488 729 1559 ἀλήθειαν,
752 1489 815 1541 τὸ
843 1490 935 1543 ἐπὶ
964 1488 1087 1543 νοῦν
1110 1489 1265 1544 ἐλθὸν
1296 1491 1395 1544 οὐκ
1415 1492 1806 1561 ἀποφαντικῶς

206 1580 567 1649 ἐκτιθεμεθα,
597 1579 713 1633 ἀλλ’
741 1581 815 1643 ὡς
854 1582 913 1634 ἐν
943 1582 1252 1652 γυμνασίας
1287 1582 1419 1636 εῖδει
1448 1586 1560 1647 τοῖς
1603 1583 1806 1651 εὐγνώ-

209 1687 345 1741 μοσι
367 1671 484 1724 τῶν
509 1672 876 1743 ἀκροωμένων
906 1673 1311 1744 προσθήσομεν.
1335 1675 1401 1727 Τί
1425 1675 1605 1729 τοίνυν
1634 1678 1803 1741 ἐστὶν,

205 1764 238 1815 ὃ
266 1764 402 1833 ’περὶ
430 1764 636 1817 τούτων
665 1764 1058 1837 διενοήθημεν;
1082 1764 1270 1820 Εἰπὼν
1301 1769 1330 1820 6
1365 1766 1521 1835 λόγος
1548 1769 1630 1821 ὅτι
1653 1769 1805 1821 ἐποί-

204 1872 347 1925 ησεν
375 1858 404 1909 6
428 1855 563 1919 Θεὸς
588 1855 680 1909 τὸν
700 1855 1009 1926 ἄνθρωπον,
1040 1856 1121 1927 τῷ
1142 1856 1378 1929 ἀορίστῳ
1401 1860 1501 1927 τῆς
1530 1859 1805 1930 σημασίας

209 1952 363 2004 ᾶπαν
398 1948 737 2002 ἐνδείκνυται
764 1950 827 2002 τὸ
855 1947 1221 2020 ἀνθρώπινον.
1257 1950 1331 2003 Οὐ
1358 1950 1467 2021 γὰρ
1492 1952 1807 2021 συνωνομά-

210 2042 316 2113 σἹη
341 2041 423 2111 τῷ
445 2041 709 2111 κτίσματι
748 2042 844 2095 νῦν
865 2045 894 2096 6
926 2042 1119 2113 Ἀδὰμ,
1156 2040 1341 2106 καθὼς
1375 2043 1436 2095 ἐν
1469 2045 1583 2105 τοίς
1608 2042 1807 2112 ἐφεξῆς

208 2136 245 2205 ἡ
278 2135 499 2208 ἱστορία
532 2135 700 2204 φησίν
720 2153 734 2167 ·
778 2134 892 2189 ἀλλ’
918 2135 1092 2206 ὄνομα
1128 2134 1207 2206 τῷ
1238 2133 1514 2188 κτισθέντι
1533 2133 1807 2205 ἀνθρώπῳ

209 2227 311 2297 οὐχ
330 2228 360 2279 6
386 2227 494 2289 τὶς,
523 2226 642 2280 ἀλλ’
665 2227 693 2278 ὁ
729 2225 959 2279 καθόλου
999 2224 1171 2281 ἐστίν.
1195 2223 1405 2278 Οὐκοῦν
1435 2226 1502 2295 τῇ
1545 2223 1805 2296 καθολικῇ

208 2320 313 2389 τῆς
353 2318 571 2388 φύσεως
602 2317 793 2388 κλήσει
827 2317 1070 2371 τοιοῦτόν
1099 2335 1151 2370 τι
1194 2317 1443 2370 ὑπονοεῖν
1475 2316 1805 2387 ἐναγόμεθα,

209 2412 295 2463 ὃτι
333 2413 400 2481 τῇ
440 2410 562 2481 θείᾳ
604 2409 911 2480 προγνώσει
950 2427 1011 2463 τε
1049 2410 1145 2464 καὶ
1184 2408 1414 2478 δυνάμει
1455 2411 1605 2463 πᾶσα
1652 2411 1684 2480 ἡ
1721 2413 1809 2465 ἁν-

210 2502 510 2573 θρωπότης
557 2504 616 2556 ἐν
662 2505 730 2573 τῇ
789 2500 983 2573 πρώτῃ
1025 2504 1344 2575 κατασκευῇ
1398 2502 1804 2574 περιείληπται.

207 2595 337 2667 Χρὴ
364 2595 475 2665 γὰρ
511 2594 633 2664 Θεῷ
683 2594 849 2665 μηδὲν
891 2594 1144 2664 ἀόριστον
1168 2597 1226 2648 ἐν
1270 2599 1383 2659 τοῖς
1418 2596 1809 2666 γεγενημένοις

206 2688 349 2757 παρ’
385 2687 549 2740 αὑτοῦ
583 2686 827 2757 νομίζειν
848 2705 860 2717 ·
892 2686 1009 2741 ἀλλ’
1056 2688 1287 2742 ἑκάστου
1321 2688 1431 2742 τῶν
1470 2688 1639 2741 ὄντων
1668 2685 1807 2741 εἶναί

202 2795 269 2830 τι
322 2777 497 2849 πέρας
547 2778 643 2831 καὶ
696 2778 917 2848 μέτρον,
966 2780 1033 2849 τῇ
1083 2778 1180 2832 τοῦ
1226 2780 1590 2850 πεποιηκότος
1643 2780 1809 2850 σοςρίᾳ

202 2870 743 2942 περιμετρούμενον.
772 2872 982 2942 Ὠσπερ
1007 2872 1187 2925 τοίνυν
1212 2875 1241 2925 ὁ
1275 2873 1364 2935 τὶς
1402 2872 1689 2943 ἄνθρωπος
1730 2871 1808 2942 τῷ

206 2964 362 3016 κατὰ
391 2964 452 3015 τὸ
482 2963 642 3033 σῶμα
670 2962 823 3033 ποσῷ
864 2963 1255 3033 περιείργεται,
1289 2966 1383 3018 καὶ
1418 2964 1618 3035 μέτρον
1654 2964 1807 3033 αὐτῷ

1904 506 2029 546 cum
2058 508 2168 547 non
2216 493 2442 548 dubium
2500 493 2553 546 in
2604 494 2831 547 materia
2884 493 3130 562 subjecta
3188 492 3486 547 discrimen

1904 593 2089 639 esset:
2120 585 2201 639 sic
2235 585 2403 638 etiam
2437 585 2539 638 hac
2568 586 2620 637 in
2653 585 3053 654 disputatione,
3085 586 3131 637 si
3189 600 3285 655 pro
3343 588 3488 639 notis

1903 690 1966 729 ea
1989 691 2109 745 qua:
2144 677 2199 729 in
2229 683 2424 729 natura
2454 676 2639 729 divina
2668 685 2722 731 et
2747 677 2981 730 humana
3010 688 3158 738 sunt,
3198 676 3254 729 in
3283 676 3487 743 quibus

1906 768 2207 823 similitudo
2241 769 2515 832 consistit,
2544 769 3015 823 considerabimus
3043 788 3055 800 ·
3083 783 3207 824 esse
3235 782 3485 837 magnam

1904 861 1960 913 in
2014 860 2179 914 rebus
2239 860 2505 929 subjectis
2562 860 2936 915 diversitatem
2974 859 3485 931 deprehendemus,

1906 967 2069 1014 quam
2135 953 2426 1021 perspicue
2479 954 2647 1005 estin
2704 967 2770 1006 eo
2827 932 3296 1013 animadvertere,
3342 950 3487 1019 quod

1908 1049 2154 1095 creatum
2191 1050 2246 1096 et
2277 1042 2581 1095 incrcatum
2612 1042 2906 1110 plurimum
2937 1042 3082 1095 inter
3110 1056 3169 1095 se
3205 1040 3487 1100 diﬂ‘crunt.

1910 1135 2278 1202 Quamobrem
2314 1152 2437 1191 cum
2466 1134 2613 1206 quod
2641 1138 2939 1190 increatum
2973 1146 3076 1197 est,
3108 1150 3323 1203 semper
3346 1134 3488 1188 idem

1907 1232 2181 1285 exsistat:
2218 1236 2464 1283 creatum
2501 1242 2634 1283 vero
2666 1243 2764 1296 per
2804 1226 3245 1281 vicissitudinem
3296 1241 3490 1295 qnam-

1906 1324 2028 1376 dam
2063 1338 2185 1376 esse
2212 1322 2464 1391 (πωροι-ῆι,
2492 1329 2545 1375 et
2575 1320 2867 1373 mutationi
2898 1334 3126 1389 prorsus
3160 1317 3316 1372 aﬂine
3375 1318 3487 1381 sit,

1905 1415 2112 1469 idcirco
2151 1415 2200 1470 is
2235 1415 2327 1484 qui
2388 1414 2695 1469 secundum
2743 1421 2919 1467 vatem
2962 1426 3051 1467 res
3115 1424 3306 1464 omnes
3363 1418 3491 1463 ante

1906 1509 2147 1577 ipsarum
2178 1514 2360 1562 ortum
2391 1506 2643 1575 cognitas
2696 1504 2878 1568 habet,
2913 1518 3038 1559 cum
3074 1518 3256 1557 rerum
3310 1501 3491 1557 ordini

1905 1600 2206 1665 insisteret,
2240 1599 2324 1652 vel
2358 1598 2538 1667 potius
2574 1597 2760 1650 divina
2803 1610 2902 1650 sua
2938 1592 3306 1664 prospiciendi
3342 1591 3491 1646 fulu-

1906 1706 1998 1745 ros
2025 1698 2256 1744 eventus
2297 1687 2556 1741 facultate
2590 1685 2959 1756 prtecepisset,
2993 1698 3155 1753 quam
3186 1683 3240 1736 in
3278 1690 3489 1751 partem

1908 1791 2091 1837 motus
2124 1781 2409 1836 electionis
2439 1767 2692 1833 humana:
2722 1793 2821 1847 pro
2845 1775 3058 1831 arbitrii
3084 1774 3492 1844 voluntatisque

1906 1893 2023 1933 sua
2082 1876 2337 1930 libertate
2395 1874 2724 1927 inclinaret:
2784 1870 3080 1943 imaginem
3136 1878 3375 1923 creatam
3433 1868 3489 1920 in

1908 1971 2215 2025 masculum
2244 1975 2301 2023 et
2330 1966 2588 2020 feminam
2621 1964 2825 2018 divisit.
2858 1962 2986 2017 Haec
3024 1961 3224 2016 divisio
3268 1975 3378 2013 non
3422 1958 3491 2011 ad

1911 2061 2002 2116 Dei
2027 2062 2284 2131 princeps
2316 2058 2449 2112 illud
2485 2057 2793 2126 exemplum
2833 2053 2974 2109 facta
3021 2068 3142 2108 esse
3188 2051 3366 2122 putari
3396 2050 3495 2103 dc-

1908 2153 2021 2214 bet,
2061 2150 2158 2206 sed
2217 2147 2677 2220 quemadmodum
2713 2154 2798 2201 est
2857 2145 3091 2200 antehac
3152 2143 3493 2207 indicatum,

1908 2244 2289 2314 cognationem
2327 2242 2489 2296 habet
2536 2254 2659 2295 cum
2701 2249 2895 2292 natura
2949 2236 3180 2291 rationis
3242 2244 3489 2304 experte.

1908 2337 2144 2392 Causam
2185 2334 2404 2405 quidem
2446 2334 2611 2403 hujus
2634 2331 2986 2387 discretionis
3018 2344 3185 2386 sexus
3214 2329 3316 2383 soli
3349 2326 3494 2381 haud

1907 2428 2074 2483 dubie
2120 2427 2431 2496 intelligunt
2464 2424 2565 2488 illi,
2599 2423 2695 2490 qui
2754 2421 3001 2476 veritatis
3054 2417 3261 2473 oculati
3319 2424 3492 2472 testes

1908 2528 2060 2583 sunt,
2098 2527 2154 2572 et
2206 2518 2403 2571 harum
2458 2531 2647 2571 rerum
2695 2513 2856 2568 nobis
2909 2512 3231 2566 memoriam
3294 2508 3496 2565 litteris

1908 2611 2179 2681 proditam
2206 2609 2572 2663 tradiderunt.
2606 2606 2717 2662 Nos
2770 2621 2903 2661 vero
2942 2619 3043 2675 pro
3095 2602 3242 2657 virili
3302 2609 3493 2655 nostra

1909 2720 2006 2774 per
2035 2704 2386 2771 conjecturas
2409 2709 2463 2755 et
2490 2700 2787 2754 simulacra
2815 2697 3063 2768 quaedam
3096 2696 3381 2750 veritatem
3416 2694 3497 2746 in-

1910 2796 2235 2857 formantes,
2268 2792 2413 2864 quod
2451 2793 2612 2847 nobis
2643 2790 2711 2844 ad
2744 2790 2987 2843 animum
3025 2786 3226 2841 accidit
3265 2784 3495 2854 exponi-

1909 2903 2055 2949 mus,
2090 2901 2203 2940 non
2245 2884 2380 2939 illud
2413 2884 2634 2954 quidem
2670 2889 2729 2935 ut
2761 2895 2951 2935 verum
3010 2885 3341 2936 asserentes,
3400 2871 3498 2927 sed

1910 2979 2265 3048 subjicientes
2305 2977 2361 3030 in
2410 2975 2642 3045 gratiam
2695 2971 3031 3034 auditorum,
3095 2966 3332 3034 benigne
3382 2964 3498 3016 bare

206 3055 319 3121 τῆς
343 3055 696 3117 ὑποστάσεως
728 3056 762 3124 ἡ
799 3054 1099 3124 πηλικότης
1127 3055 1298 3115 ἐστὶν.
1342 3055 1376 3127 ἡ
1422 3057 1809 3127 συναπαρτιζο-

1913 3068 2070 3138 quasi
2102 3065 2348 3122 exercitii
2376 3079 2543 3119 causa
2572 3062 2626 3116 in
2653 3061 2892 3116 medium
2934 3058 3097 3111 allata
3129 3055 3499 3123 interpretan-

213 3146 359 3215 μένη
387 3149 454 3214 τῇ
482 3144 775 3215 ἐπιφανείᾳ
809 3142 904 3196 τοῦ
930 3142 1182 3213 σώματος
1208 3160 1221 3174 ⁶
1252 3144 1427 3209 οὕτως
1450 3141 1603 3215 οἶμαι
1639 3146 1811 3199 καθάο

211 3253 328 3308 περ
350 3239 407 3289 ἐν
426 3238 506 3289 ἐνὶ
534 3237 747 3307 σώματι
771 3236 890 3289 ὅλον
905 3236 1075 3307 τὸτῆς
1100 3237 1515 3309 άνθρωπότητος
1536 3238 1813 3309 πλήρωμα

208 3332 286 3401 τῇ
323 3332 709 3401 προγνωστικῇ
744 3328 973 3400 δυνάμει
1015 3330 1167 3400 παρὰ
1207 3329 1301 3383 τοῦ
1345 3329 1479 3383 Θεοῦ
1529 3330 1639 3384 τῶν
1674 3330 1811 3384 ὅλων

210 3420 635 3493 περισχεθῆναι,
671 3420 766 3473 καὶ
795 3420 956 3474 τοῦτο
998 3420 1272 3475 διδάσκειν
1303 3422 1396 3475 τὸν
1427 3422 1585 3490 λόγον
1614 3423 1707 3475 τὸν
1735 3424 1813 3475 εί-

212 3509 414 3569 πόντα.
464 3509 545 3561 ὅτι
587 3508 680 3560 καὶ
710 3508 966 3578 ἐποίησεν
1008 3509 1038 3562 6
1070 3508 1202 3573 Θεὸς
1244 3510 1336 3562 τὺν
1369 3510 1678 3582 ἄνθρωπον,
1718 3513 1813 3565 καὶ

212 3603 344 3655 κατ’
381 3600 566 3654 εἰκόνα
601 3599 736 3654 Θεοῦ
776 3602 1032 3677 ἐποίησεν
1072 3602 1255 3657 αὐτόν.
1287 3604 1362 3656 Οὐ
1403 3604 1513 3675 γὰρ
1551 3606 1610 3658 ἐν
1655 3604 1812 3675 μέρει

211 3693 322 3764 τῆς
360 3692 582 3761 φύσεως
623 3693 657 3762 ή
710 3692 897 3758 εἰκὼν,
946 3691 1068 3745 οὐδὲ
1112 3692 1171 3746 ἐν
1198 3710 1305 3746 τινι
1345 3693 1455 3747 τῶν
1493 3694 1618 3748 καθ’
1649 3694 1814 3748 αὑτὸν

214 3786 623 3858 θεωρουμένων
664 3786 697 3856 ή
727 3786 923 3856 χάρις’
956 3784 1071 3838 ἀλλ’
1102 3788 1188 3855 ἐφ’
1223 3787 1370 3841 ἂπαν
1404 3787 1466 3841 τὸ
1505 3788 1662 3856 γένος
1691 3787 1815 3841 ἐπί-

215 3894 323 3948 σης
356 3879 393 3947 ἡ
432 3878 659 3947 τοιαύτη
695 3877 875 3947 διήκει
917 3876 1169 3947 δύναμις.
1210 3878 1442 3949 Σημεῑον
1473 3878 1549 3942 δὲ,
1583 3879 1666 3931 ὅτι
1709 3879 1816 3931 πᾶ.-

217 3987 307 4025 σῖν
368 3968 633 4032 ὡσαύτως
688 3971 718 4022 ό
787 3968 911 4032 νοῦς
969 3969 1356 4041 ἐγκαθίδρυται
1380 3984 1395 4000 ο
1461 3970 1666 4035 πάντες
1716 3969 1812 4023 τοῦ

214 4062 556 4116 διανοεῖσθαι
591 4061 687 4115 καὶ¹
713 4060 1102 4132 προϐουλεύειν
1123 4060 1224 4132 τὴν
1243 4061 1472 4133 δύναμιν
1495 4061 1698 4132 ἔχουσι,
1720 4063 1816 4115 καὶ

215 4156 289 4208 τά
312 4153 452 4209 ἄλλα
482 4152 681 4216 πάντα,
708 4152 773 4205 δι’
795 4141 872 4204 ὧν
897 4153 936 4222 ἡ
969 4150 1090 4204 θεία
1110 4151 1272 4217 φύσις
1307 4153 1366 4205 ἐν
1386 4152 1464 4223 τῷ
1493 4153 1613 4204 κατ’
1644 4152 1815 4223 αὐτὴν

217 4246 475 4315 γεγονότι
504 4242 929 4307 ἀπεικονίζεται.
973 4243 1206 4314 Ὁμοίως
1234 4242 1348 4314 ἔχει
1378 4244 1407 4297 ὃ
1434 4261 1495 4296 τε
1527 4247 1592 4315 τῇ
1622 4244 1814 4315 πρώτῃ

217 4338 318 4391 τοῦ
380 4338 589 4406 κόσμου
639 4338 958 4407 κατασκευῇ
1016 4336 1452 4407 συναναδειχθεὶς
1497 4337 1812 4409 ἄνθρωπος,

1918 3160 2077 3215 tiutn.
2142 3156 2285 3224 Quid
2314 3156 2480 3227 igitur
2518 3153 2585 3208 de
2628 3153 2715 3207 his
2756 3151 2811 3205 in
2846 3158 3083 3204 mentem
3116 3145 3277 3201 nobis
3299 3141 3498 3197 venit?

1920 3253 2023 3307 hoc
2048 3252 2330 3306 nimirum:
2357 3248 2491 3303 Cum
2517 3245 2742 3309 dicitur,
2765 3242 2932 3297 Deum
2959 3252 3179 3294 creasse
3200 3235 3498 3297 hominem,

1919 3360 2015 3414 per
2044 3342 2383 3398 indefinitam
2424 3338 2677 3392 vocabuli
2708 3335 2948 3390 hominis
2988 3331 3354 3403 notationem,
3397 3341 3496 3379 na-

1920 3446 2099 3491 turam
2130 3435 2421 3488 humanam
2452 3431 2763 3484 universam
2795 3425 3047 3495 intelligi.
3084 3420 3220 3475 Nam
3250 3427 3498 3473 creatum

1918 3531 2043 3592 hoc,
2082 3526 2229 3597 quod
2266 3524 2333 3579 ad
2360 3523 2453 3578 Dei
2491 3522 2693 3576 factum
2740 3518 3035 3588 imaginem
3092 3513 3349 3572 traditur,
3388 3524 3500 3563 non

1919 3622 2009 3676 hic
2038 3617 2229 3672 Adami
2260 3630 2461 3670 nomen
2491 3613 2764 3682 adjectum
2790 3612 2970 3674 habet,
2998 3607 3141 3663 sicut
3175 3606 3228 3658 in
3260 3601 3500 3656 historia:

1918 3708 2331 3767 narrationibus
2390 3703 2783 3774 sequentibus:
2848 3698 2947 3753 sed
3007 3710 3209 3751 nomen
3258 3690 3502 3746 hominis

1920 3800 2091 3856 creati
2126 3796 2365 3853 universi
2408 3796 2647 3866 positum
2678 3801 2785 3856 est,
2833 3805 2945 3844 non
2980 3798 3038 3843 ut
3096 3788 3162 3842 de
3196 3784 3499 3840 individuo.

1921 3895 2132 3950 Idcirco
2159 3906 2256 3961 per
2289 3890 2430 3944 hanc
2454 3886 2693 3941 hominis
2719 3882 3162 3954 appellationem,
3190 3894 3298 3949 qua
3327 3885 3499 3930 totum

1922 4002 2094 4057 genus
2121 3986 2376 4039 universe
2408 3975 2917 4049 comprehenditur,
2943 3975 3064 4045 ejus
3103 3972 3462 4026 admonemur
3487 3986 3500 4022 :

1922 4078 2066 4149 quod
2094 4074 2437 4146 providentia
2467 4077 2823 4140 potestasque
2857 4066 2954 4120 Dei
2990 4070 3161 4117 totam
3218 4061 3503 4115 hominum

1921 4174 2174 4221 naturam
2208 4164 2264 4217 in
2322 4162 2497 4232 prima
2531 4159 2622 4213 illa
2655 4157 2934 4211 creatione
2991 4154 3272 4222 complexa
3317 4152 3407 4205 sit.
3444 4149 3504 4202 In

1922 4260 2087 4314 rebus
2116 4256 2262 4311 enim
2296 4269 2324 4307 a
2362 4251 2473 4306 Deo
2524 4250 2687 4304 factis
2728 4249 2867 4302 nihil
2908 4260 3031 4302 esse
3064 4244 3363 4316 putandum
3397 4250 3502 4304 est,

1923 4345 2071 4418 quod
2102 4345 2173 4399 sit
2203 4342 2307 4413 ipsi
2334 4340 2605 4395 infinitum
2630 4357 2645 4391 :
2681 4352 2803 4391 cum
2831 4336 3017 4392 omnia
3039 4350 3161 4405 quae
3188 4334 3462 4390 exsistunt
3488 4371 3503 4394 ,

220 4432 321 4484 καὶ
354 4432 385 4483 6
412 4429 555 4482 κατὰ
585 4427 686 4498 τὴν
719 4427 815 4482 τοῦ
846 4428 1045 4492 παντὸς
1076 4428 1387 4482 συντέλειαν
1422 4430 1807 4500 γενησόμενος,

1919 4442 2081 4497 finem
2124 4433 2415 4506 quemdam
2450 4440 2504 4486 et
2560 4444 2850 4485 numerum
2887 4429 3146 4491 habeant,
3203 4425 3504 4480 conditoris

220 4524 430 4592 ἐπίσης
472 4523 557 4591 ἐφ’
602 4522 813 4575 ἑαυτῶν
856 4522 1087 4593 φέρουσι
1124 4523 1225 4593 τὴν
1271 4524 1422 4578 θείαν
1466 4525 1668 4579 εἰκόνα.
1716 4524 1817 4578 Διὰ

220 4614 392 4667 τοῦτο
419 4609 501 4677 εἷς
533 4613 821 4685 ἅνθρωπος
846 4614 1248 4685 κατωνομάσθη
1276 4615 1338 4667 τὸ
1361 4617 1491 4677 πᾶν,
1526 4618 1607 4669 ὅτι
1629 4618 1695 4687 τῇ
1728 4617 1818 4669 δυο

220 4710 393 4780 νὰμει
429 4707 526 4760 τοῦ
573 4707 711 4761 Θεοῦ
744 4707 871 4761 οὔτε
914 4725 967 4761 τι
1020 4707 1387 4779 παρῴχηκεν,
1441 4709 1567 4763 οὒτε
1608 4711 1815 4780 μέλλει,

222 4804 369 4857 ἀλλὰ
412 4803 508 4856 καὶ
550 4803 613 4855 τὸ
656 4800 1107 4873 προσδοκώμενον
1135 4802 1333 4872 ἐπίσης
1369 4800 1449 4873 τῷ
1481 4803 1711 4873 παρόντι
1751 4806 1816 4874 τῇ

225 4895 556 4966 περιεκτικῇ
621 4892 717 4946 τοῦ
786 4894 988 4956 παντὸς
1054 4893 1309 4964 ἐνεργείᾳ
1378 4896 1816 4966 περικρατεὴαι.

224 4986 392 5037 Πᾶσα
421 4984 601 5037 τοίνυν
628 4984 661 5054 ἡ
694 4981 856 5051 φύσις
886 4985 920 5053 ή
947 4982 1056 5036 ἀπὸ
1103 4983 1211 5035 τῶν
1246 4982 1481 5056 πρώτων
1522 4984 1684 5057 μέχρι
1715 4987 1824 5037 τῶν

225 5076 480 5145 ἐσχάτων
511 5074 777 5145 διήκουσα
798 5117 811 5139 ,
856 5075 952 5145 μία
980 5091 1064 5138 τις
1106 5074 1201 5128 τοῦ
1241 5075 1391 5138 ὄντος
1422 5077 1572 5130 ἐστὶν
1620 5077 1785 5130 εἰκών
1806 5093 1820 5107 ο

225 5171 261 5239 ἡ
291 5168 355 5221 δὲ
386 5167 525 5237 πρὸς
563 5166 627 5219 τὸ
654 5167 823 5238 ἄρρεν
869 5168 962 5220 καὶ
1002 5166 1136 5236 θῆλυ
1168 5166 1261 5219 τοῦ
1304 5168 1495 5235 γένους
1585 5166 1820 5238 διαφορὰ

230 5258 795 5330 προσκατεσκευάσθη
837 5259 1145 5311 τελευταῖον
1162 5259 1239 5329 τῷ
1271 5260 1573 5329 πλάσματι,
1608 5259 1698 5313 διὰ
1722 5260 1822 5330 τὴν

229 5352 437 5418 αίτίαν,
474 5350 550 5413 ὡς
583 5346 767 5419 οἶμαι,
792 5349 1015 5421 ταύτην.

1922 4528 2191 4598 sapientia
2228 4523 2614 4579 constitutum.
2645 4519 3115 4586 Quemadmodum
3150 4518 3316 4587 igitur
3344 4517 3506 4570 homo

1921 4619 2213 4693 (intelligo
2248 4626 2429 4670 autem
2489 4613 2833 4667 individuum
2885 4610 3202 4682 quoddam)
3260 4611 3505 4677 corporis

1923 4710 2356 4783 magnitudinem
2386 4707 2593 4760 (initam
2618 4706 2799 4769 habet,
2832 4703 3310 4772 substantiamque
3333 4702 3504 4770 ipsius

1920 4804 2233 4876 quantitate
2264 4800 2544 4863 metimur,
2577 4813 2701 4867 quae
2724 4797 2975 4866 corporis
3009 4794 3299 4865 superﬁcie
3327 4794 3504 4847 conti-

1918 4910 2082 4954 netur
2110 4914 2124 4951 :
2157 4896 2239 4951 sic
2274 4894 2515 4948 arbitror
2546 4892 2706 4945 initio
2736 4906 2920 4945 rerum
2946 4904 3055 4944 uno
3086 4903 3315 4958 corpore
3336 4894 3483 4940 totau

1920 4998 2175 5044 naturam
2226 4987 2524 5041 humanam
2568 4984 2737 5038 Deum
2776 4989 3045 5051 potestate
3074 4995 3195 5041 sua,
3227 4993 3335 5049 qua
3374 4992 3498 5031 cun-

1923 5091 2014 5135 cta
2049 5079 2329 5149 praevidet,
2359 5077 2704 5147 complexum
2739 5089 2882 5135 esse,
2930 5074 3093 5143 idque
3133 5072 3269 5125 adeo
3324 5068 3506 5123 verbis

1921 5170 2073 5225 hisee
2105 5167 2249 5223 tradi
2278 5188 2291 5222 :
2332 5186 2349 5217 ι
2389 5166 2543 5221 Fecit
2578 5166 2723 5219 Deus
2754 5165 3053 5229 hominem,
3078 5171 3130 5217 et
3158 5161 3223 5214 ad
3253 5159 3345 5214 Dei
3373 5160 3505 5212 ima.

1927 5263 2109 5333 ginem
2142 5275 2268 5315 eum
2304 5259 2451 5315 fecit.
2480 5278 2498 5310 ι
2532 5257 2653 5311 Νοη
2683 5258 2826 5312 enim
2860 5258 3037 5326 imago
3070 5267 3120 5309 et
3156 5253 3328 5323 gratia
3356 5250 3506 5305 beni-

1928 5354 2022 5425 gni
2054 5354 2147 5409 Dei
2177 5354 2264 5408 vel
2293 5353 2432 5423 parti
2493 5362 2727 5416 natum,
2767 5351 2850 5406 vel
2885 5351 2978 5404 uni
3015 5349 3180 5403 alicui
3241 5360 3506 5401 concessa

231 5454 321 5503 est
356 5444 569 5500 homini
601 5443 975 5513 peculiariter,
1016 5443 1111 5498 sed
1158 5442 1393 5497 facultas
1445 5443 1539 5496 illa
1595 5442 1664 5497 ad
1696 5458 1869 5513 genus
1910 5446 2228 5500 universum
2280 5443 2564 5513 aequaliter
2594 5445 2875 5514 pertinuit.
2926 5442 3082 5508 Quod
3113 5440 3184 5494 ita
3216 5454 3358 5501 esse,
3405 5438 3506 5495 hoc

236 5539 411 5593 etiam
448 5543 776 5605 argumento
804 5540 911 5599 est,
967 5535 1113 5604 quod
1151 5550 1306 5589 mens
1338 5536 1546 5604 pariter
1584 5534 1640 5587 in
1681 5538 1940 5594 omnibus
1998 5538 2210 5592 habitat

2259 5553 2273 5589 :
2321 5550 2510 5589 omnes
2572 5535 2870 5606 cogitandi,
2910 5533 3089 5604 deque
3135 5532 3335 5585 futuris
3369 5544 3504 5583 con-

235 5626 483 5686 sultandi
515 5624 799 5687 facultate,
840 5625 1165 5695 casterisque
1225 5626 1391 5680 rebus
1420 5626 1699 5692 omnibus,
1735 5644 1831 5697 per
1865 5645 2004 5700 quas
2037 5644 2126 5684 res
2158 5628 2341 5681 divina
2376 5635 2573 5680 natura
2629 5628 2683 5680 in
2722 5626 2957 5698 imagine
3004 5640 3102 5680 sua
3158 5622 3508 5693 exprimitur,

236 5720 451 5793 [νεῖτόίιὶ
490 5727 639 5775 sunt.
672 5717 820 5773 Nihil
849 5720 988 5775 inter
1020 5720 1295 5777 hominem
1328 5731 1572 5779 creatum
1604 5726 1657 5781 in
1700 5728 1875 5797 prima
1934 5742 2115 5783 rerum
2169 5725 2550 5788 fabricatione,
2605 5731 2658 5779 et
2715 5738 2839 5779 eum
2874 5723 2967 5793 qui
2999 5723 3054 5778 in
3122 5730 3370 5777 extremo
3411 5731 3504 5770 na-
