3886 6214
413 298 517 354 185

1646 302 1701 358 S.
1732 298 2064 357 GREGORII
2125 301 2418 360 NYSSENI

3581 301 3677 357 181

407 425 555 468 esse.
590 411 796 470 Deinde
826 423 1037 471 naturae
1062 415 1304 471 hominis
1331 416 1590 471 attributa
1615 418 1837 487 propria
1862 418 1993 474 sub-

2100 421 2280 490 ἀγοντι
2311 425 2402 477 τὸν
2430 424 2586 493 λόγον
2633 423 2709 494 τῷ
2758 423 3105 494 προκειμένῳ
3137 422 3395 492 νοήματι.
3443 419 3574 482 Θεὸς
3611 423 3676 489 τῇ

406 507 526 576 jicit
557 525 569 560 :
606 505 806 562 Marem
847 507 1217 579 feminamque
1262 509 1389 564 fecit
1431 525 1548 565 eos.
1580 508 1723 576 Quid
1763 525 1896 580 ergo
1929 510 1997 566 de

412 597 516 650 hoc
541 594 862 650 discendum
896 597 1055 652 nobis
1083 598 1206 653 est?
1240 597 1507 668 Equidem
1546 598 1679 652 mihi
1720 599 1993 653 neminem

413 689 577 742 irasci
629 689 775 752 volo,
833 689 1000 744 altius
1048 706 1162 745 rem
1213 706 1334 761 quat
1387 692 1440 745 in
1499 691 1996 746 considerationem

413 777 581 840 venit,
623 781 906 850 repetenti.
955 779 1097 835 Deus
1142 789 1337 835 natura
1386 796 1484 836 sua
1526 783 1633 835 tale
1682 796 1747 836 ac
1785 789 1996 836 tantum

411 870 684 940 quoddam
715 871 915 927 bonum
941 883 1046 937 est,
1069 881 1332 942 quantum
1362 873 1469 925 ulla
1494 871 1826 942 cogitatione
1853 888 1997 928 com-

411 963 676 1032 prehendi
733 959 1062 1033 potestzvel
1119 965 1301 1034 potius
1351 965 1520 1020 etiam
1575 980 1738 1020 omne
1787 965 1995 1020 bonum

410 1055 556 1123 quod
626 1053 982 1126 intelligendo
1040 1055 1402 1125 cngitandove
1467 1057 1992 1126 comprehenditur,

411 1155 727 1216 exsuperat.
776 1147 964 1218 Itaque
1002 1155 1254 1202 naturam
1291 1149 1586 1204 humanam
1631 1166 1736 1205 non
1790 1151 1896 1206 alia
1927 1151 1996 1206 de

411 1253 577 1295 causa
619 1239 886 1304 condidit,
930 1253 1094 1310 quam
1128 1241 1274 1310 quod
1319 1241 1499 1297 bonus
1549 1250 1716 1298 esset.
1750 1243 1996 1314 Cumque

410 1332 540 1387 talis
587 1341 754 1399 esset,
805 1339 860 1388 et
901 1345 1064 1386 unam
1115 1334 1259 1388 hanc
1308 1333 1379 1388 ob
1429 1348 1651 1389 causam
1702 1333 1766 1388 ad
1826 1335 1994 1389 fabri-

412 1425 683 1479 cationem
735 1424 986 1479 humanae
1027 1434 1235 1479 naturae
1269 1425 1618 1490 accessisset,
1654 1441 1766 1480 non
1804 1441 1873 1480 ex
1906 1441 1996 1481 se-

409 1516 580 1571 misse
630 1516 738 1570 vim
789 1513 1052 1573 bonitatis
1125 1532 1238 1572 suae
1297 1517 1581 1573 declarare
1640 1519 1854 1585 voluit,
1919 1519 1996 1572 ita

412 1613 473 1658 ut
518 1607 767 1660 nonnihil
815 1607 1022 1662 homini
1078 1623 1304 1664 suorum
1346 1611 1615 1666 bonorum
1664 1612 1993 1682 largiretur,

411 1698 661 1751 nonnihil
698 1713 824 1753 cum
871 1711 938 1754 eo
992 1711 1062 1755 ne
1099 1702 1551 1767 communicaret,
1604 1702 1811 1757 invidia
1853 1718 1994 1773 prat-

410 1789 710 1859 pediretur.
759 1789 1006 1848 Perfecte
1045 1793 1310 1849 nimirum
1364 1811 1425 1850 se
1475 1765 1681 1850 bonum
1734 1765 1996 1861 ostendit,
2030 1765 2072 1822 Β

410 1895 534 1935 cum
614 1882 888 1938 hominem
974 1885 1043 1940 de
1119 1887 1297 1942 nihilo
1357 1887 1656 1954 conderet,
1738 1889 2000 1960 omnique

410 1971 682 2027 bonorum
729 1976 885 2046 copia
937 1976 1254 2032 instrueret.
1293 1978 1425 2045 Quae
1472 1991 1597 2033 cum
1648 1979 1785 2035 adeo
1829 1980 2001 2034 multa

409 2063 522 2120 sint
565 2079 814 2130 numero,
854 2072 915 2121 ut
958 2069 1233 2124 recenseri
1266 2070 1481 2141 singula
1519 2071 2000 2126 commemorando

411 2152 698 2212 difﬁculter
749 2160 1008 2228 possint:
1039 2160 1248 2216 idcirco
1305 2162 1545 2218 breviter
1598 2163 1860 2219 universa
1909 2163 2001 2218 his

408 2247 591 2304 verbis
639 2251 1201 2320 comprehenduntur,
1237 2254 1440 2324 quibus
1491 2253 1655 2308 homo
1684 2254 1752 2309 ad
1802 2255 2001 2326 imagi-

409 2355 534 2395 nem
574 2339 668 2396 Dei
694 2341 876 2398 factus
906 2355 1029 2398 esse
1074 2343 1298 2400 dicitur.
1325 2344 1522 2402 Valent
1562 2348 1707 2402 enim
1741 2347 1834 2401 illa
1877 2354 2002 2402 tan-

410 2432 677 2497 tmndem,
709 2446 774 2488 ac
813 2435 858 2488 si
885 2434 1184 2497 diceretur,
1221 2446 1474 2491 naturam
1499 2437 1798 2492 humanam
1825 2452 1856 2492 a
1893 2437 2002 2494 Deo

410 2524 465 2578 in
496 2525 740 2582 omnium
765 2525 1039 2582 b0n0rum
1071 2528 1389 2583 societatem
1413 2536 1661 2583 vocatam
1691 2545 1834 2585 esse.
1863 2527 2001 2585 Nam

409 2616 455 2672 si
492 2614 587 2672 Dei
620 2625 812 2672 natura
846 2619 1088 2689 perfecta
1117 2619 1364 2689 quaedam
1403 2622 1560 2692 copia
1600 2629 1686 2678 est
1727 2622 1999 2678 bonorum

408 2709 695 2774 omnium,
762 2710 927 2766 homo
985 2722 1165 2767 autem
1219 2713 1339 2783 ejus
1395 2722 1481 2770 est
1547 2716 1728 2786 imago
1783 2735 1796 2770 :
1855 2712 2000 2771 haud

409 2805 574 2862 dubie
628 2806 984 2862 simulacrum
1048 2806 1154 2862 hoc
1221 2803 1316 2863 Dei
1380 2809 1637 2879 princeps
1691 2811 2000 2880 exemplum

409 2897 484 2950 ita
537 2897 774 2964 referet,
832 2906 894 2952 ut
957 2906 1012 2952 et
1068 2899 1250 2969 ipsum
1301 2899 1461 2955 bonis
1515 2899 1770 2956 omnibus
1824 2901 2003 2955 abun-

409 2984 520 3039 det.
580 2983 771 3056 ltaque
832 2987 888 3040 in
952 2987 1115 3042 nobis
1181 2995 1266 3044 est
1318 3001 1584 3058 expressa
1651 2990 1834 3044 omnis
1898 2989 2001 3044 ho-

2100 511 2298 564 ἑαυτοῦ
2331 512 2491 580 φύσει
2527 515 2637 567 πᾶν
2674 514 2756 566 ὅτι
2791 529 2897 583 περ
2938 512 3055 565 ἔστι
3102 513 3222 565 κατ’
3253 511 3461 565 ἔννοιαν
3500 510 3679 563 λαϐεῖν

2098 601 2318 670 ἀγαθὸν,
2370 605 2548 656 ἐκεῖνό
2595 606 2740 657 ἐστι·
2783 603 2982 674 μᾶλλον
3015 602 3072 655 δὲ
3104 601 3305 665 παντὸς
3333 600 3541 668 ἀγαθοῦ
3585 601 3680 652 τοῦ

2098 690 2389 760 νοουμένου
2438 709 2498 745 τε
2543 694 2638 746 καὶ
2683 691 3234 762 καταλαμϐανομένου
3275 689 3535 742 ἐπέκεινα
3578 689 3679 747 ὢν.

2097 785 2159 837 οὐ
2187 784 2254 837 δι’
2283 784 2410 838 ἀλλο
2449 803 2500 838 τι
2529 786 2702 850 κτίζει
2734 787 2832 855 τὴν
2866 785 3216 855 ἀνθρωπίνην
3245 783 3412 853 ζωὴν,
3447 783 3481 854 ἢ
3513 782 3601 834 διὰ
3621 781 3684 834 τὸ

2097 875 2300 944 ἀγαθὸς
2347 872 2503 930 εἶναι.
2555 877 2806 940 Τοιοῦτος
2849 875 2905 928 δὲ
2944 875 3040 937 ῶν,
3077 873 3173 926 καὶ
3207 873 3296 926 διὰ
3345 873 3504 926 τοῦτο
3548 871 3683 942 πρὸς

2097 966 2195 1038 τὴν
2223 967 2581 1038 δημιουργίαν
2612 968 2713 1038 τῆς
2759 967 3109 1039 ἀνθρωπίνης
3153 965 3368 1036 φύσεως
3408 966 3680 1036 ὁρμήσας,

2097 1061 2197 1113 οὐκ
2217 1058 2283 1113 ἂν
2311 1060 2544 1131 ἡμιτελῆ
2571 1060 2668 1131 τὴν
2695 1057 2796 1131 τῆς
2828 1059 3164 1129 ἀγαθότητος
3192 1057 3494 1122 ἐνεδείξατο
3520 1057 3682 1110 δύνα-

2100 1170 2214 1223 μιν,
2251 1152 2313 1204 τὸ
2357 1152 2455 1222 μέν
2491 1170 2542 1205 τι
2569 1151 2692 1214 δοὺς
2733 1153 2797 1204 ὲκ
2823 1150 2931 1202 τῶν
2963 1149 3274 1220 προσόντων
3300 1145 3465 1217 αὐτῷ,
3500 1145 3593 1199 τοῦ
3625 1146 3686 1199 δὲ

2099 1243 2371 1316 φθονήσας
2395 1244 2496 1314 τῆς
2541 1242 2858 1314 μετουσίας·
2905 1239 3044 1293 ἀλλὰ
3078 1240 3141 1292 τὸ
3171 1237 3378 1292 τέλειον
3410 1237 3513 1306 τῆς
3543 1238 3684 1304 ἀγα-

2098 1336 2322 1406 θότητος
2351 1333 2488 1399 εἶδος
2523 1337 2583 1388 ὲν
2608 1333 2784 1403 τούτῳ
2813 1334 2986 1396 ἐστὶν,
3013 1334 3078 1386 ὲκ
3105 1331 3199 1384 τοῦ
3230 1332 3325 1385 καὶ
3345 1329 3686 1400 παραγαγεῖν

2096 1429 2188 1482 τὸν
2217 1427 2505 1498 ἄνθρωπον
2531 1430 2594 1480 ὲκ
2619 1425 2713 1479 τοῦ
2741 1427 2814 1498 μὴ
2838 1426 2990 1490 δντος
3024 1426 3104 1488 εἰς
3141 1424 3378 1493 γένεσιν,
3414 1423 3509 1476 καὶ
3531 1423 3687 1474 ἀνεν-

2096 1517 2189 1590 δεῆ
2219 1516 2328 1570 τῶν
2350 1517 2571 1584 ἀγαθῶν
2599 1517 3040 1588 ἀπεργάσασθαι.
3111 1516 3268 1569 Ἐπεὶ
3293 1515 3352 1568 δὲ
3384 1513 3552 1576 πολὺς
3574 1513 3685 1565 τῶν

2099 1609 2221 1664 καθ’
2250 1609 2480 1662 ἕκαστον
2524 1609 2743 1679 ἀγαθῶν
2787 1609 2816 1661 ὁ
2845 1609 3168 1677 κατάλογος,
3198 1608 3259 1659 ού
3293 1607 3394 1677 μὲν
3421 1601 3512 1658 οὖν
3539 1604 3687 1657 ἔστιν

2100 1701 2317 1774 ἀριθμῷ
2351 1700 2548 1774 ῥᾳδίως
2594 1699 2783 1754 τοῦτον
2829 1699 3120 1754 διαλαϐεῖν.
3177 1699 3275 1752 Διά
3325 1697 3487 1750 τοῦτο
3532 1713 3690 1767 περι-

2101 1795 2340 1866 ληπτικῇ
2371 1797 2436 1865 τῇ
2475 1795 2626 1865 φωνῇ
2657 1793 2874 1847 ἅπαντα
2906 1791 3184 1846 συλλαϐὼν
3225 1794 3254 1844 ὁ
3289 1790 3446 1859 λόγος
3479 1789 3689 1860 ἐσήμα-

2102 1903 2212 1952 νεν,
2243 1887 2300 1939 ὲν
2324 1885 2404 1957 τῷ
2453 1888 2648 1940 εἰπεῖν.
2684 1886 2805 1938 κατ’
2832 1884 3014 1938 εἰκόνα
3051 1883 3188 1937 Θεοῦ
3223 1882 3552 1952 γεγενῆσθαι
3597 1881 3688 1935 τὸν

2101 1979 2408 2052 ἄνθρωπον.
2440 1974 2590 2030 Ἶσον
2627 1977 2738 2048 γάρ
2772 1979 2887 2030 ἐστι
2911 1975 3073 2029 τοῦτο
3101 1975 3180 2046 τῷ
3209 1975 3404 2033 εἰπεῖν,
3439 1974 3521 2026 δτι
3548 1989 3688 2026 παν-

2103 2071 2193 2134 τὸς
2225 2069 2430 2140 ἀγαθοῦ
2466 2069 2692 2140 μέτοχον
2720 2069 2821 2139 τὴν
2849 2067 3200 2139 ἀνθρωπίνην
3225 2067 3386 2137 φύσιν
3409 2065 3684 2136 ἐποίησεν.

2103 2164 2166 2216 El
2205 2162 2314 2234 γὰρ
2360 2161 2632 2232 πλήρωμα
2677 2159 2777 2230 μὲν
2811 2159 3032 2227 ἀγαθῶν
3075 2157 3136 2212 τὸ
3165 2159 3338 2221 Θεῖον,
3390 2155 3598 2210 ἐκείνου
3632 2155 3692 2210 δὲ

2102 2254 2261 2308 τοῦτο
2294 2253 2456 2307 εἰκών
2476 2267 2490 2282 ⁸
2520 2253 2606 2325 ἄρ’
2630 2254 2688 2304 ὲν
2717 2249 2797 2320 τῷ
2828 2250 3034 2322 πλῆρες
3065 2245 3204 2303 εἶναι
3236 2249 3438 2312 παντὸς
3458 2246 3689 2316 ἀγαθοῦ,

2103 2346 2240 2417 πρὸς
2284 2345 2347 2398 τὸ
2400 2345 2712 2416 ἀρχέτυπον
2761 2345 2794 2413 ἠ
2844 2341 3008 2396 εἰκὼν
3060 2341 3174 2412 ἔχει
3232 2340 3327 2412 τὴν
3373 2340 3689 2411 ὁμοιότητα.

2103 2437 2314 2490 Οὐκοῦν
2355 2437 2507 2489 ἐστιν
2538 2437 2596 2488 ὲν
2621 2437 2755 2507 ἡμῖν
2794 2433 2995 2498 παντὸς
3027 2435 3126 2504 μὲν
3166 2431 3335 2487 καλοῦ
3369 2433 3502 2498 ἰδέα,
3540 2434 3693 2486 πᾶσα

2102 2528 2159 2581 δὲ
2206 2528 2375 2600 ἀρετὴ
2429 2528 2524 2581 καὶ
2572 2526 2753 2595 σοφία,
2796 2527 2890 2580 καὶ
2935 2530 3044 2579 πᾶν
3087 2525 3278 2597 ὅτιπερ
3308 2527 3424 2579 ὲστι
3462 2525 3599 2596 πρὸς
3631 2523 3694 2578 τὸ

2103 2624 2350 2692 κρεῖττον
2390 2619 2702 2691 νοούμενον.
2749 2620 2845 2671 Ἕν
2871 2619 2928 2672 δὲ
2957 2617 3065 2672 τῶν
3092 2618 3309 2672 πάντων
3332 2617 3426 2671 καὶ
3458 2617 3516 2669 τὸ
3544 2616 3692 2669 ἐλεύ-

2104 2713 2263 2786 θερον
2292 2712 2538 2783 ἀνάγκης
2565 2707 2723 2778 εἶναι,
2754 2713 2848 2764 καὶ
2882 2709 2958 2782 μὴ
2991 2709 3327 2781 ὑπεζεῦχθαί
3357 2725 3462 2762 τινι
3487 2709 3689 2779 φυσικῇ

2103 2804 2432 2875 δυναστείᾳ·
2483 2803 2598 2858 ἀλλ’
2643 2800 2993 2869 αὐτεξούσιον
3039 2801 3179 2872 πρὸς
3212 2801 3276 2855 τὸ
3316 2799 3508 2854 δοκοῦν
3548 2800 3690 2870 ἔχειν

2100 2893 2201 2963 τὴν
2229 2891 2478 2964 γνώμην.
2525 2891 2845 2945 Ἀδέσποτον
2875 2893 2986 2964 γάρ
3018 2905 3072 2944 τι
3106 2891 3293 2962 χρῆμα
3323 2892 3356 2962 ἡ
3385 2887 3558 2961 ἀρετὴ
3604 2890 3690 2943 καὶ

2103 2984 2372 3048 ἑκούσιον,
2418 2983 2480 3036 τὸ
2525 2983 2580 3036 δὲ
2629 2982 3152 3054 κατηναγκασμένον
3195 2982 3291 3035 καὶ
3337 2980 3690 3052 βεϐιασμένον

409 3076 554 3129 nesti
585 3077 820 3146 species.
852 3079 1033 3134 omnis
1071 3081 1270 3142 virtus,
1306 3080 1488 3136 omnis
1512 3081 1802 3150 sapientia,
1835 3081 1997 3151 quid-

2105 3077 2273 3148 ἀρετὴ
2295 3073 2436 3130 εἶναι
2460 3077 2520 3129 οὐ
2549 3075 2794 3131 δύναται.
2841 3076 2932 3130 Ἐν
2966 3077 3100 3130 πᾶσι
3131 3077 3310 3130 τοίνυν
3342 3073 3444 3146 τῆς
3485 3074 3692 3138 εἰκόνος

409 3164 544 3233 quid
610 3166 848 3237 denique
907 3169 1426 3238 praestantissimum
1490 3171 1884 3241 comprehendi
1945 3171 1999 3226 vi

410 3257 789 3328 intelligentia
858 3267 1059 3330 potest.
1122 3261 1302 3332 Atque
1351 3262 1494 3316 inter
1554 3273 1751 3317 caatera
1805 3271 1890 3317 est
1944 3262 2001 3316 in

410 3348 571 3404 nobis
603 3349 852 3415 libertas,
891 3367 1011 3422 quae
1043 3353 1193 3408 nulla
1234 3353 1584 3410 necessitatis
1619 3355 1734 3423 lege
1761 3361 1998 3418 tenetur,

409 3442 615 3499 nullius
647 3443 702 3498 in
731 3454 926 3499 natura
960 3444 1424 3518 dominatusjugo
1449 3446 1723 3516 subjecta,
1757 3447 1852 3502 sed
1879 3463 2003 3516 quae

408 3533 616 3604 judicio
642 3542 793 3591 certo
819 3544 874 3591 et
903 3533 1188 3592 liberrimo
1210 3537 1357 3608 quod
1390 3537 1507 3592 vult
1544 3539 1712 3610 eligit.
1735 3537 1831 3594 Est
1853 3540 2000 3593 enim

411 3628 587 3683 virtus
643 3641 756 3684 sua:
806 3629 1052 3698 spontis,
1110 3629 1320 3686 nullius
1378 3629 1609 3700 imperio
1665 3630 1996 3699 mancipata.

411 3721 569 3789 Quod
598 3730 778 3777 autem
805 3739 836 3776 a
863 3723 1191 3778 necessitate
1219 3721 1452 3793 quadam
1493 3722 1824 3777 violentiave
1850 3723 2000 3793 cogi-

413 3821 522 3875 tur,
563 3812 753 3866 virtuti
802 3820 1235 3867 consentaneum
1292 3827 1417 3868 esse
1471 3814 1685 3883 nequit.
1743 3812 1899 3879 Quod
1952 3812 2000 3868 si

410 3915 578 3972 porro
606 3903 786 3973 imago
815 3917 1132 3974 expressam
1180 3903 1611 3975 pulchritudinis
1661 3907 1716 3974 in
1749 3907 2002 3978 exemplo

411 3993 660 4064 principe
713 3995 944 4066 ﬁguram
1005 3994 1079 4051 ita
1113 4005 1490 4068 representet,
1547 4005 1608 4052 ιιι
1662 3999 1800 4053 nihil
1832 4000 1901 4054 ab
1934 4013 1999 4054 ea

413 4102 641 4157 prorsus
672 4085 908 4152 differat,
934 4103 1043 4144 non
1073 4087 1188 4158 jam
1219 4089 1366 4144 illam
1393 4089 1688 4162 imaginem
1717 4090 1858 4155 fore,
1893 4091 1990 4147 sed

412 4177 586 4248 ipsam
620 4179 977 4250 eamdemque
1020 4195 1156 4247 rem,
1221 4196 1344 4251 qua:
1397 4183 1544 4237 nulla
1581 4183 1665 4239 sui
1722 4192 1880 4254 parte
1912 4183 2000 4240 di-

413 4272 596 4326 scerni
631 4285 661 4325 a
688 4273 870 4342 seipsa
901 4273 1096 4342 possit.
1133 4272 1277 4341 Quid
1311 4273 1479 4345 igitur
1512 4283 1617 4340 est,
1666 4277 1905 4348 inquies,
1942 4279 1999 4334 in

413 4377 524 4432 quo
555 4371 766 4419 natura:
794 4363 1016 4428 divinae,
1074 4376 1132 4421 et
1189 4366 1312 4436 ejus
1361 4379 1486 4436 qua:
1537 4367 1604 4422 ad
1635 4368 1877 4423 divinam
1914 4376 2000 4425 est

2103 3166 2196 3220 τοῦ
2228 3167 2584 3238 πρωτοτύπου
2618 3167 2846 3231 κάλλους
2893 3168 2986 3221 τὸν
3019 3167 3348 3240 χαρακτῆρα
3393 3166 3684 3240 φερούσης,

2101 3259 2152 3309 εἰ
2189 3257 2265 3328 μὴ
2295 3257 2439 3311 κατὰ
2472 3259 2526 3310 τὶ
2545 3256 2644 3327 την
2672 3257 2936 3329 διαφορὰν
2966 3258 3088 3330 ἔχῃ,
3125 3259 3308 3312 οὐκέτι
3339 3259 3406 3312 ἂν
3439 3258 3525 3328 είη
3556 3259 3692 3311 πάν-

2101 3364 2211 3410 τως
2255 3348 2528 3418 ὁμοίωμα,
2564 3349 2700 3403 ἀλλά
2746 3350 2941 3403 ταύτὸν
2977 3351 3154 3403 έκεῖνο
3185 3348 3274 3404 διὰ
3305 3351 3525 3404 πάντων
3560 3351 3693 3403 ἀνα-

2102 3439 2465 3510 δειχθήσεται,
2496 3440 2554 3494 τὸ
2586 3443 2642 3493 ὲν
2681 3443 2845 3494 παντὶ
2874 3442 3315 3511 ἀπαράλλακτον.
3349 3441 3482 3495 Τίνα
3511 3442 3693 3496 τοίνυν

2102 3531 2270 3585 αὑτοῦ
2304 3547 2362 3584 τε
2395 3531 2488 3584 τοῦ
2517 3531 2698 3596 Θείου,
2741 3532 2836 3585 καὶ
2866 3532 2961 3585 τοῦ
3011 3531 3148 3602 πρὸς
3193 3531 3253 3584 τὸ
3277 3533 3433 3585 Θείον
3477 3532 3695 3602 ὡμοιω-

2107 3625 2270 3694 μένου
2325 3623 2422 3695 τὴν
2470 3624 2730 3696 διαφορὰν
2779 3623 3132 3695 καθορῶμεν;
3184 3623 3273 3677 Ἐν
3319 3624 3418 3694 τῷ,
3465 3625 3528 3676 τὸ
3592 3627 3693 3692 μὲν

2101 3717 2372 3781 ἀκτίστως
2400 3713 2560 3779 εἶναι,
2592 3719 2654 3771 τὸ
2687 3717 2745 3771 δὲ
2774 3718 2862 3772 διὰ
2901 3720 3131 3782 κτίσεως
3168 3718 3492 3786 ὑποστῆναι.
3543 3717 3608 3770 Ἦ
3636 3717 3693 3770 δὲ

2100 3811 2201 3882 τῆς
2223 3811 2480 3881 τοιαύτης
2505 3810 2762 3882 ἰδιότητος
2793 3811 3026 3881 διαφορά
3059 3809 3218 3864 πάλιν
3248 3810 3451 3881 ἑτέρων
3475 3807 3698 3879 ἰδιωμά-

2101 3918 2210 3956 των
2238 3901 2564 3956 ἀκολουθίαν
2598 3901 2842 3972 ὲποίησε.
2892 3901 3340 3972 Συνομολογεῖται
3371 3901 3479 3971 γὰρ
3511 3900 3698 3972 πάντη

2101 4010 2162 4046 τε
2206 3993 2300 4046 καὶ
2345 3993 2582 4058 πάντως,
2628 3993 2728 4064 τὴν
2771 3993 2869 4064 μὲν
2904 3993 3158 4047 ἀκτιστον
3191 3991 3356 4062 φύσιν
3398 3993 3494 4045 καὶ
3535 3992 3671 4063 ἀτρε

2101 4102 2238 4140 πτον
2281 4081 2444 4148 εἶναι,
2477 4087 2574 4139 καὶ
2616 4086 2703 4138 ἀεὶ
2740 4084 3003 4146 ὡσαύτως
3041 4085 3208 4156 ἔχειν,
3240 4085 3339 4156 τὴν
3368 4085 3428 4139 δὲ
3465 4085 3698 4154 κτιστὴν

2102 4179 2364 4234 ἀδύνατον
2393 4178 2520 4232 ἄνευ
2550 4177 2889 4242 ἀλλοιώσεως
2920 4178 3202 4249 συστῆναι.
3239 4177 3385 4231 Αὐτὴ
3415 4176 3522 4250 γὰρ
3551 4179 3585 4248 ἠ
3628 4180 3694 4231 ὲκ

2101 4271 2194 4326 τοῦ
2235 4271 2310 4344 μὴ
2343 4271 2496 4335 ὄντος
2523 4272 2604 4335 εἰς
2634 4271 2695 4324 τὸ
2719 4267 2860 4324 εἶναι
2902 4270 3154 4344 πάροδος,
3185 4269 3399 4340 κίνησίς
3430 4271 3514 4333 τίς
3549 4272 3694 4332 ἐστι,

2101 4365 2197 4419 καὶ
2243 4364 2528 4429 ἀλλοίωσις
2567 4362 2663 4417 τοῦ
2719 4363 2794 4435 μὴ
2844 4364 2997 4428 ὄντος
3030 4366 3110 4427 εἰς
3141 4363 3202 4416 τὸ
3235 4360 3395 4422 εἶναι,
3438 4363 3584 4418 κατὰ
3629 4364 3696 4418 τδ

412 4453 780 4522 conformata,
817 4456 1116 4512 discrimen
1147 4460 1391 4530 perspici
1447 4462 1664 4531 possit?
1698 4463 1831 4518 illud
1866 4478 1997 4520 vero

2103 4460 2244 4514 θεῖον
2282 4457 2528 4530 βούλημα
2584 4456 3004 4528 μεθισταμένου.
3058 4459 3168 4510 Καὶ
3218 4456 3407 4526 ὥσπερ
3456 4456 3548 4510 τὸν
3597 4457 3697 4510 ἐπὶ

414 4546 469 4601 in
502 4559 568 4601 eo
597 4546 919 4616 perspicies,
952 4549 1100 4618 quod
1131 4548 1226 4604 Dei
1264 4559 1461 4608 natura
1482 4551 1994 4612 exsistitincreata:

413 4637 696 4693 hominum
730 4653 863 4694 vero
894 4655 988 4710 per
1029 4641 1364 4697 creationem
1401 4651 1487 4698 est
1548 4649 1690 4699 orta.
1752 4643 1866 4700 Hoc
1902 4646 2004 4702 de—

413 4729 541 4784 inde
601 4729 899 4784 discrimen
957 4730 1064 4784 alia
1123 4732 1371 4801 quaedam
1422 4747 1858 4806 consequuntur.
1900 4735 1999 4793 Est

411 4819 556 4871 enim
599 4818 759 4888 plane
785 4818 925 4887 apud
959 4833 1152 4875 omnes
1205 4821 1262 4874 in
1299 4821 1577 4886 confesso,
1627 4831 1878 4878 naturam
1913 4825 1998 4879 in-

412 4918 657 4963 creatam
708 4910 1129 4975 immutabilem,
1186 4911 1544 4982 eamdemque
1591 4927 1806 4984 semper
1841 4929 2004 4981 esse;

412 5008 698 5066 creatam,
753 5001 874 5057 sine
937 5013 1199 5074 perpetua
1253 5001 1640 5060 vicissitudine
1695 5008 2001 5062 consistam

413 5094 570 5147 nullo
601 5093 764 5150 modo
797 5108 979 5165 posse.
1016 5095 1151 5150 Nam
1183 5097 1300 5168 ipse
1334 5099 1604 5154 transitus
1629 5113 1697 5154 ex
1729 5099 1900 5153 nihilo
1933 5100 2000 5154 ad

413 5199 621 5249 ortum,
651 5195 832 5244 motus
853 5189 1076 5258 quidam
1108 5199 1211 5254 est,
1245 5199 1299 5246 et
1327 5193 1578 5257 mutatio,
1617 5207 1723 5263 qua
1771 5194 1824 5247 id
1852 5193 2000 5262 quod

415 5289 599 5330 rerum
637 5278 690 5331 in
729 5288 925 5334 natura
965 5296 1075 5336 non
1112 5295 1261 5348 erat,
1294 5284 1361 5339 de
1397 5287 1666 5340 sententia
1693 5287 1994 5342 voluntatis

416 5368 616 5424 divinae
640 5373 906 5429 exsistere
941 5373 1150 5446 incipit.
1172 5379 1346 5450 Atque
1360 5377 1479 5434 utin
1493 5379 1786 5452 Evangelio
1800 5383 1843 5416 "
1864 5390 1993 5436 nota

418 5463 472 5517 in
506 5478 612 5517 aere
641 5479 896 5534 expressa
915 5469 1147 5528 Caesaris
1173 5469 1350 5540 imago
1388 5470 1612 5537 dicitur,
1649 5471 1716 5526 de
1753 5488 1862 5542 quo
1907 5474 1995 5527 in-

420 5556 681 5626 telligitnr
714 5561 1016 5614 secundum
1051 5572 1329 5618 externam
1361 5563 1595 5632 speciem
1637 5562 1806 5621 fuisse
1843 5565 1990 5620 illam

493 5731 540 5763 ”
578 5731 746 5787 Marc.
800 5749 898 5801 xu,
946 5733 1029 5787 15..

2113 4549 2195 4603 τοῦ
2253 4549 2456 4620 χαλκοῦ
2505 4548 2828 4618 χαρακτῆρα
2885 4547 3162 4619 Καίσαρος
3207 4549 3390 4601 εἰκόνα
3433 4545 3584 4614 λέγει
3633 4545 3698 4600 τὸ

2101 4642 2455 4711 Εὐαγγέλιον,
2505 4641 2572 4694 δι’
2620 4635 2680 4694 οὗ
2729 4637 3071 4710 μανθάνομεν
3113 4639 3254 4693 κατὰ
3308 4639 3406 4710 μὲν
3454 4637 3515 4692 τὺ
3563 4639 3699 4710 πρό-

2103 4752 2292 4806 σχημα
2339 4734 2438 4806 τὴν
2468 4732 2729 4803 ὁμοίωσιν
2765 4727 2906 4784 εἶναι
2939 4730 3033 4784 τοῦ
3073 4729 3508 4802 μεμορφωμένου
3553 4730 3697 4801 πρὸς

2101 4827 2379 4898 Καίσαρα,
2410 4827 2469 4878 ὲν
2496 4825 2553 4878 δὲ
2574 4823 2652 4895 τῷ
2679 4823 3022 4894 ὑποκειμένῳ
3058 4822 3156 4893 τὴν
3189 4821 3457 4894 διαφορὰν
3499 4821 3650 4893 ἔχειν
3677 4839 3693 4853 ο

2099 4920 2241 4973 οὕτω
2262 4919 2356 4972 καὶ
2378 4917 2520 4971 κατά
2565 4917 2652 4971 τὸν
2694 4916 2937 4988 παρόντα
2964 4915 3143 4984 λόγον,
3171 4913 3296 4968 ἀντὶ
3321 4916 3694 4986 χαρακτήρων

2096 5012 2166 5064 τά
2201 5007 2644 5079 ἐπιθεωρούμενα
2675 5011 2740 5078 τῇ
2771 5025 2830 5059 τε
2859 5005 2978 5078 θείᾳ
3021 5006 3180 5076 φύσει
3226 5006 3322 5058 καὶ
3365 5008 3432 5076 τῇ
3477 5006 3698 5078 ἀνθρωο

2099 5103 2230 5174 πίνῃ
2262 5101 2719 5170 κατανοήσαντες,
2745 5101 2803 5151 ἐν
2832 5094 2912 5160 οἷς
2955 5099 2988 5169 ἡ
3024 5096 3280 5169 ὁμοιότης
3319 5097 3487 5164 ἐστὶν,
3519 5097 3589 5170 ,ὲν
3613 5096 3697 5168 τῷ

2099 5195 2450 5267 ὑποκειμένῳ
2492 5193 2590 5264 τὴν
2610 5191 2873 5263 διαφορὰν
2921 5190 3332 5262 ὲξευρίσκομεν,
3366 5189 3487 5261 ἥτις
3532 5190 3696 5261 ἐντῷ

2101 5288 2342 5356 ἀκτίστῳ
2390 5283 2484 5339 καὶ
2516 5283 2594 5355 τῷ
2634 5282 2834 5353 κτιστῷ
2881 5281 3203 5354 καθορᾶται,
3257 5281 3474 5353 Ἐπειδὴ
3505 5283 3694 5338 τοίνυν

2101 5381 2164 5434 τὸ
2196 5381 2295 5450 μὲν
2323 5376 2584 5440 ὡσαύτως
2617 5376 2747 5446 ἔχει,
2779 5376 2870 5429 καὶ
2906 5375 3013 5438 ἀεὶ,
3045 5375 3107 5428 τὸ
3137 5375 3194 5429 δὲ
3225 5375 3311 5428 διὰ
3338 5374 3576 5439 κτίσεως
3601 5392 3695 5444 γει

2102 5471 2405 5542 γενημένον
2453 5469 2547 5522 ἀπ’
2599 5463 2934 5528 ἀλλοιώσεως
2978 5464 3072 5519 τοῦ
3118 5460 3256 5517 εἶναι
3303 5462 3543 5534 ἣρξατο,
3595 5462 3698 5516 καὶ

2105 5561 2382 5632 συγγενῶς
2455 5560 2591 5632 πρὸς
2654 5559 2752 5629 τὴν
2792 5556 3070 5629 ’τοιαύτην
3123 5555 3233 5626 ἔχει
3291 5555 3535 5627 τροπήνο
3596 5553 3699 5611 διὰ
