3844 6222
151 273 250 334 133

1411 281 1500 336 DE
1537 281 1824 339 BOMlNlS
1859 283 2175 342 OPlFlClO.

3331 289 3432 345 136

151 391 304 445 τοῦτο
324 393 355 446 6
386 391 545 458 εἰδὼς
565 393 637 449 τὰ
666 394 845 450 πάντα
875 397 1006 469 πρὶν
1041 397 1311 464 γενέσεως
1332 399 1537 462 αὐτῶν,
1560 398 1743 464 καθώς

1853 404 2263 459 similitudinem
2293 402 2373 459 rei
2408 403 2766 460 conformatae
2795 403 2862 458 ad
2909 401 3140 474 elligiem
3181 401 3428 474 Cesaris,

154 500 314 551 φησιν
347 483 383 554 ἡ
413 486 741 557 προφητεία,
781 487 1248 561 ἐπακολουθήσας,
1281 490 1484 561 μᾶλλον
1510 489 1566 545 δὲ
1602 509 1738 564 προ-

155 579 496 644 κατανοήσας
518 579 583 647 τῇ
611 582 996 650 προγνωστικῇ
1040 579 1288 650 δυνάμει,
1319 580 1458 650 πρὸς
1491 585 1519 637 ὃ
1563 598 1616 634 τι
1651 581 1744 650 ρέ-

155 682 242 718 πει
279 665 425 719 κατὰ
453 665 514 719 τὸ
544 667 879 738 αὐτοκρατές
909 685 972 721 τε
1001 669 1096 722 καὶ
1126 670 1474 736 αὐτεξούσιον
1510 670 1611 740 τῆς
1648 672 1742 724 ἁν-

157 755 434 828 θρωπίνης
458 761 833 829 προαιρέσεως
861 761 894 830 ἡ
919 761 1153 831 κίνησις,
1185 761 1372 833 ἐπειδὴ
1403 763 1464 815 τὸ
1485 763 1742 833 ἐσόμενον

156 844 312 913 εἶδεν,
363 848 718 916 ἐπιτεχνᾶται
762 851 828 919 τῇ
860 849 1029 902 εἰκόνι
1067 849 1165 920 τὴν
1196 851 1324 918 περὶ
1354 849 1414 903 τὸ
1451 851 1618 922 ἄρρεν
1647 851 1744 903 καὶ

158 935 290 1005 θῆλυ
326 936 614 1007 διαφορὰν,
643 939 767 1009 ητις
793 939 979 993 οὐκέτι
1008 939 1146 1011 πρὸς
1176 940 1237 994 τὸ
1264 939 1406 995 θεῖον
1436 941 1743 1012 ἀρχέτυπον

161 1027 361 1097 βλέπει,
420 1029 558 1082 ἀλλὰ
596 1030 778 1094 καθὼς
829 1031 1062 1102 εἴρηται,
1109 1035 1174 1103 τῇ
1221 1033 1539 1104 άλογωτέρᾳ
1576 1050 1744 1105 προσ-

158 1119 428 1188 ῳκείωται
460 1121 640 1190 φύσει.
673 1122 786 1193 Τὴν
825 1121 882 1175 δὲ
925 1123 1104 1177 αἰτίαν
1130 1123 1230 1192 τῆς
1269 1123 1530 1195 τοιαύτης
1557 1125 1745 1177 ἐπιτε-

158 1213 398 1282 χνήσεως
436 1213 588 1284 μόνοι
619 1213 722 1285 μὲν
760 1213 829 1268 ἂν
853 1214 1046 1268 εἰδεῖεν
1071 1197 1132 1268 ὀί
1159 1215 1260 1285 τῆς
1293 1215 1552 1286 ἀληθείας
1578 1215 1744 1268 αὐτό-

159 1321 310 1369 πται,
331 1307 430 1359 καὶ
448 1307 720 1376 ὑπηρέται
745 1307 839 1360 τοῦ
870 1307 1050 1376 λόγου.
1096 1309 1289 1380 Ἡμεῖς
1318 1309 1396 1372 δὲ,
1421 1308 1603 1372 καθώς
1625 1311 1744 1362 ἐστι

158 1400 400 1464 δυνατὸν,
414 1400 502 1454 διὰ
526 1401 851 1472 στοχασμῶν
871 1419 1035 1455 τινων
1059 1403 1152 1455 καὶ
1168 1403 1392 1456 εἰκόνων
1413 1403 1747 1472 φαντασθέν-

158 1507 246 1553 τες
267 1490 367 1560 τὴν
387 1489 668 1561 ἀλήθειαν,
691 1491 754 1544 τὸ
781 1493 874 1545 ἐπὶ
902 1490 1028 1546 νοῦν
1050 1491 1204 1547 ἐλθὸν
1235 1493 1335 1547 οὐκ
1355 1494 1747 1564 ἁποφαντικῶς

157 1582 506 1651 ἐκτιθεμεθα,
535 1581 652 1635 ἀλλ’
680 1583 755 1646 ὡς
795 1584 854 1636 ἐν
883 1585 1192 1654 γυμνασίας
1227 1585 1359 1638 εἴδει
1388 1588 1500 1650 τοῖς
1543 1585 1746 1654 εὐγνώ-

160 1689 283 1742 μοσι
305 1672 422 1726 τῶν
445 1674 818 1745 ἀκροωμένων
845 1675 1250 1747 προσθήσομεν.
1276 1677 1341 1730 Τί
1365 1678 1546 1732 τοίνυν
1575 1680 1743 1743 ἐστὶν,

157 1766 185 1818 ὃ
208 1766 338 1836 περὶ
367 1766 576 1819 τούτων
604 1745 998 1839 διενοήθημεν;
1023 1745 1211 1822 Εἰπὼν
1241 1771 1270 1822 6
1305 1769 1462 1838 λόγος
1488 1771 1570 1824 ὅτι
1593 1771 1745 1823 ἐποί-
1775 1745 1818 1801 Β

157 1875 286 1927 ησεν
311 1860 342 1912 6
365 1858 502 1922 Θεὸς
526 1857 619 1912 τὸν
639 1857 950 1929 ἄνθρωπον,
980 1858 1062 1930 τῷ
1082 1859 1319 1931 ἀορίστῳ
1341 1862 1441 1929 τῆς
1470 1861 1746 1933 σημασίας

161 1954 300 2007 ἅπαν
335 1951 674 2005 ἐνδείκνυται
702 1951 766 2005 τὸ
795 1949 1161 2023 ἀνθρώπινον.
1197 1952 1272 2005 Οὐ
1298 1952 1407 2023 γὰρ
1432 1953 1748 2023 συνωνομά-

162 2045 259 2115 ein
280 2044 362 2114 τῷ
382 2044 649 2114 κτίσματι
686 2044 784 2098 νῦν
806 2047 835 2099 ὁ
867 2044 1060 2115 Ἀδὰμ,
1095 2043 1281 2108 καθὼς
1316 2045 1376 2098 ἐν
1409 2047 1524 2108 τοῖς
1549 2045 1747 2115 ἐφεξῆς

161 2139 192 2208 ἡ
222 2138 436 2211 ἱστορία
469 2137 640 2207 φησίν
659 2156 674 2170 ·
716 2137 832 2192 ἀλλ’
859 2137 1033 2208 δνομα
1068 2136 1148 2208 τῷ
1177 2135 1455 2190 κτισθέντι
1473 2135 1748 2208 ἀνθρώπῳ

161 2230 299 2298 οὐχό
323 2229 430 2292 τὶς,
460 2228 582 2284 ἀλλ’
603 2230 632 2281 6
669 2228 900 2282 καθόλου
939 2227 1112 2283 ἐστίν.
1135 2226 1345 2280 Οὐκοῦν
1375 2229 1443 2298 τῇ
1485 2225 1746 2299 καθολικῇ

159 2321 254 2392 τῆς
290 2320 510 2391 φύσεως
541 2319 732 2391 κλήσει
767 2320 1011 2373 τοιοῦτόν
1038 2337 1090 2372 τι
1135 2319 1384 2372 ὑπονοεῖν
1415 2317 1746 2389 ἐναγόμεθα,

161 2415 237 2466 ὅτι
272 2417 336 2484 τῇ
375 2413 501 2484 θείᾳ
543 2412 852 2483 προγνώσει
890 2429 950 2466 τε
989 2413 1085 2466 καὶ
1123 2410 1356 2481 δυνάμει
1396 2414 1545 2466 πᾶσα
1592 2413 1625 2482 ή
1661 2415 1750 2466 ἀν-

161 2504 447 2576 θρωπότης
495 2507 556 2559 ἐν
601 2508 669 2576 τῇ
727 2503 923 2576 πρώτῃ
965 2507 1284 2578 κατασκευῇ
1338 2505 1745 2577 περιείληπται.

157 2597 276 2670 Χρὴ
300 2597 412 2669 γάρ
449 2597 574 2667 Θεῷ
623 2597 788 2668 μηδὲν
831 2597 1085 2666 ἀόριστον
1108 2599 1166 2651 ἐν
1209 2602 1324 2662 τοῖς
1357 2598 1750 2669 γεγενημένοις

157 2691 286 2760 παρ’
321 2690 488 2743 αὑτοῦ
522 2689 767 2760 νομίζειν
787 2708 800 2720 ·
833 2689 949 2743 ἀλλ’
995 2690 1228 2745 ἑκάστου
1261 2691 1371 2744 τῶν
1409 2691 1579 2744 ὄντων
1609 2687 1748 2743 εἶναί

153 2797 210 2833 τι
259 2781 433 2852 πέρας
485 2781 584 2834 καὶ
635 2781 857 2851 μέτρον,
905 2783 973 2851 τῇ
1024 2780 1120 2835 τοῦ
1166 2782 1531 2852 πεποιηκότος
1583 2783 1750 2853 σοφίᾳ

154 2873 683 2945 περιμετρούμενον.
711 2874 922 2944 Ὠσπερ
947 2874 1127 2926 τοίνυν
1153 2877 1181 2928 ὁ
1215 2874 1303 2938 τὶς
1342 2875 1630 2946 ἄνθρωπος
1671 2873 1749 2944 τῷ

156 2968 298 3020 κατὰ
325 2967 388 3018 τὸ
418 2967 582 3036 σῶμα
609 2965 762 3037 ποσῷ
803 2965 1196 3036 περιείργεται,
1228 2968 1323 3021 καὶ⁵
1359 2967 1559 3038 μέτρον
1595 2966 1748 3036 αὐτῷ

156 3057 256 3125 τῆς
277 3058 637 3120 ὑποστάσεως
669 3059 701 3127 ἡ
739 3057 1038 3128 πηλικότης
1067 3058 1238 3119 ἐστὶν,
1281 3057 1316 3129 ἡ
1362 3059 1751 3129 συναπαρτιζο-

161 3149 294 3218 μὲνη
320 3151 388 3218 τῇ
417 3147 714 3218 ἐπιφανείᾳ
749 3145 844 3199 τοῦ
870 3145 1122 3216 σώματος
1149 3163 1161 3176 ·
1191 3146 1367 3211 οὕτως
1389 3143 1544 3218 οἶμαι
1579 3148 1751 3202 καθά-

159 3255 264 3311 περ
283 3242 340 3292 ἐν
360 3241 442 3292 ἐνὶ
470 3240 688 3310 σώματι
710 3239 831 3292 ὅλον
845 3239 906 3292 τὺ
916 3238 1016 3310 τῆς
1039 3240 1455 3311 ἀνθρωπότητος
1476 3240 1754 3311 πλήρωμα

157 3335 223 3404 τῇ
258 3335 650 3404 προγνωστικῇ
684 3331 913 3402 δυνάμει
954 3333 1107 3403 παρὰ
1146 3331 1241 3385 τοῦ
1285 3331 1419 3386 Θεοῦ
1469 3332 1579 3386 τῶν
1614 3332 1752 3387 ὅλων

159 3424 575 3495 περισχεθῆναι,
610 3423 706 3477 καὶ
734 3423 896 3477 τοῦτο
939 3423 1212 3478 διδάσκειν
1243 3424 1336 3478 τὸν
1367 3424 1525 3493 λόγον
1554 3425 1647 3478 τὸν
1675 3426 1754 3498 eis

159 3512 347 3574 πάντα,
396 3513 483 3564 ὅτι
526 3511 621 3564 καὶ
649 3511 906 3581 ἐποίησεν
947 3511 978 3565 6
1009 3510 1142 3576 Θεὸς
1184 3512 1276 3565 τὸν
1309 3513 1618 3585 ἄνθρωπον,
1657 3514 1754 3568 καὶ⁹

159 3607 277 3657 κατ’
311 3604 504 3658 εἰκόνα
541 3602 677 3657 Θεοῦ
715 3605 972 3679 ἐποίησεν
1011 3604 1195 3660 αὐτόν.
1227 3606 1302 3659 Οὐ
1343 3607 1454 3678 γὰρ
1489 3608 1550 3660 ἐν
1594 3605 1753 3678 μέρει

159 3696 256 3767 τῆς
292 3695 522 3766 φύσεως
563 3697 597 3765 ἡ
649 3695 837 3761 εἰκὼν,
885 3694 1008 3748 οὐδὲ
1052 3695 1111 3749 ἐν
1138 3713 1245 3749 τινι
1284 3696 1394 3749 τῶν
1433 3697 1558 3751 καθ’
1589 3697 1755 3751 αὑτὸν

161 3790 563 3861 θεωρουμένων
604 3790 637 3860 ὴ
667 3789 863 3860 χάρις’
896 3787 1011 3842 ἀλλ’
1041 3791 1126 3858 ἐφ’
1163 3790 1309 3844 ἅπαν
1343 3789 1406 3843 τὸ
1444 3789 1603 3859 γένος
1631 3789 1754 3844 ἐπί-

161 3897 259 3952 σης
288 3883 325 3951 ὴ
364 3881 599 3951 τοιαύτη
633 3879 816 3951 διήκει
857 3879 1108 3951 δύναμις.
1149 3881 1382 3952 Σημεῖον
1413 3880 1489 3945 δὲ,
1523 3881 1606 3934 ὅτι
1649 3881 1756 3934 πᾶ-

163 3990 244 4028 σῖν
299 3972 573 4036 ὡσαύτως
628 3975 658 4026 ὁ
726 3972 850 4036 νοῦς
909 3973 1295 4045 ἐγκαθίδρυται
1319 3987 1334 4002 ·
1401 3973 1606 4036 πάντες
1656 3971 1753 4026 τοῦ

163 4065 494 4120 διανοεῖσθαι
532 4065 628 4119 καὶ
653 4063 1042 4135 προϐουλεύειν
1062 4063 1163 4135 τὴν
1182 4063 1412 4136 δύναμιν
1435 4064 1638 4135 έχουσι,
1660 4065 1756 4118 καὶ

164 4159 228 4210 τὰ
249 4157 385 4212 ἄλλα
416 4156 622 4220 πάντα,
648 4155 714 4209 δι’
734 4145 812 4207 ὧν
837 4157 875 4226 ἡ
908 4154 1030 4208 θεία
1049 4155 1212 4220 φύσις
1247 4155 1305 4207 ἐν
1325 4154 1404 4224 τῷ
1432 4155 1554 4208 κατ’
1583 4155 1754 4227 αὐτὴν

166 4249 409 4318 γεγονότι
438 4245 868 4311 ἀπεικονίζεται.
913 4246 1146 4317 Ὁμοίως
1173 4245 1288 4317 ἔχει
1317 4246 1346 4300 ὃ
1375 4263 1434 4299 τε
1467 4249 1532 4318 τῇ
1562 4247 1754 4319 πρώτῃ

165 4341 255 4394 τοῦ
312 4341 530 4412 κόσμου
578 4342 897 4411 κατασκευῇ
955 4338 1392 4411 συναναδειχθεὶς
1437 4340 1752 4412 ἄνθρωπος,

1843 508 1968 548 cum
1998 510 2108 549 non
2156 495 2382 550 dubium
2439 494 2494 548 in
2543 496 2771 549 materia
2824 495 3071 563 subjecta
3129 492 3428 548 discrimen

1843 595 2029 640 esset:
2060 587 2141 641 sic
2174 587 2343 640 etiam
2377 586 2479 639 hac
2508 586 2560 639 in
2593 586 2994 656 disputatione,
3027 586 3073 638 si
3130 600 3226 656 pro
3284 588 3430 639 notis

1843 692 1905 730 ea
1927 693 2050 748 qua:
2084 678 2140 731 in
2167 685 2363 730 natura
2393 677 2580 731 divina
2608 686 2662 733 et
2687 679 2922 731 humana
2950 688 3098 740 sunt,
3139 677 3195 730 in
3225 676 3428 744 quibus

1845 769 2148 825 similitudo
2181 771 2455 833 consistit,
2483 770 2956 824 considerabimus
2983 789 2996 801 -
3023 784 3149 825 esse
3176 783 3427 839 magnam

1843 863 1900 915 in
1954 861 2120 916 rebus
2179 861 2445 931 subjectis
2502 861 2876 916 diversitatem
2915 860 3427 932 deprehendemus,

1845 968 2008 1016 quam
2074 954 2366 1023 perspicue
2418 957 2587 1007 estin
2645 969 2711 1008 eo
2768 934 3237 1014 animadvertere,
3284 952 3430 1021 quod

1847 1051 2094 1097 creatum
2131 1052 2186 1098 et
2217 1045 2522 1098 increatum
2553 1045 2847 1113 plurimum
2877 1044 3023 1098 inter
3051 1058 3111 1097 se
3146 1042 3429 1102 diﬂ'et'ttnt.

1849 1136 2219 1204 Quamobrem
2254 1153 2378 1192 cum
2407 1136 2553 1208 quod
2581 1139 2881 1192 increatum
2913 1147 3017 1199 est,
3049 1151 3264 1204 semper
3288 1135 3430 1190 idem

1847 1234 2120 1286 exsistat:
2159 1239 2405 1285 creatum
2441 1244 2575 1286 vero
2607 1244 2704 1298 per
2745 1227 3186 1283 vicissitudinem
3238 1242 3432 1296 quain-

1846 1326 1968 1379 dam
2003 1340 2126 1379 esse
2152 1323 2405 1393 cmperit,
2432 1331 2486 1378 et
2517 1321 2808 1376 mutationi
2840 1336 3067 1392 prorsus
3101 1317 3258 1374 aflinc
3317 1319 3428 1382 sit,

1846 1417 2052 1471 idcirco
2092 1418 2140 1473 is
2176 1417 2268 1486 qui
2329 1416 2636 1472 secundum
2685 1423 2860 1469 vatem
2903 1428 2992 1468 res
3055 1425 3248 1466 omnes
3304 1419 3432 1465 ante

1847 1511 2086 1580 ipsarum
2118 1517 2300 1564 ortum
2331 1508 2584 1578 cognitas
2636 1507 2818 1570 habet,
2854 1521 2979 1561 cum
3016 1519 3198 1559 rerum
3252 1503 3432 1558 ordini

1845 1603 2146 1668 insisteret,
2181 1601 2264 1654 vel
2298 1599 2480 1669 potius
2514 1599 2701 1652 divina
2744 1612 2843 1653 sua
2879 1593 3248 1667 prospiciendi
3283 1593 3433 1648 futu-

1847 1708 1938 1748 ros
1965 1700 2197 1747 eventus
2237 1689 2497 1744 facultate
2531 1687 2900 1758 praecepisset,
2933 1700 3095 1755 quam
3127 1684 3181 1738 in
3219 1692 3430 1754 partem

1849 1793 2032 1839 motus
2065 1783 2350 1838 electionis
2381 1768 2632 1835 humana:
2664 1794 2763 1849 pro
2787 1777 2999 1833 arbitrii
3025 1776 3434 1845 voluntatisque

1847 1895 1964 1935 sua
2022 1878 2278 1932 libertate
2337 1876 2665 1930 inclinaret:
2725 1873 3021 1945 imaginem
3077 1880 3316 1926 creatam
3375 1869 3431 1922 in

1848 1973 2156 2027 masculum
2185 1978 2241 2025 et
2271 1967 2529 2022 feminam
2561 1965 2766 2020 divisit.
2799 1963 2927 2019 Haec
2965 1962 3166 2018 divisio
3209 1975 3320 2016 non
3363 1959 3434 2013 ad

1850 2063 1943 2119 Dei
1968 2063 2224 2132 princeps
2256 2060 2390 2114 illud
2426 2058 2733 2128 exemplum
2774 2055 2915 2110 facta
2961 2068 3083 2110 esse
3130 2053 3307 2124 putari
3338 2051 3436 2106 de-

1848 2154 1962 2216 bet,
2002 2152 2100 2208 sed
2157 2149 2618 2222 quemadmodum
2654 2156 2739 2203 est
2798 2146 3033 2202 antehac
3093 2145 3434 2208 indicatum,

1848 2246 2231 2316 cognationem
2269 2245 2430 2298 habet
2476 2256 2601 2297 cum
2641 2251 2837 2294 natura
2890 2237 3122 2292 rationis
3184 2246 3430 2306 experte.

1849 2339 2084 2394 Causam
2127 2336 2345 2407 quidem
2387 2336 2552 2405 hujus
2574 2333 2928 2389 discretionis
2959 2346 3126 2388 sexus
3155 2330 3258 2385 soli
3291 2328 3436 2383 haud

1847 2429 2015 2486 dubie
2060 2429 2372 2498 intelligunt
2405 2426 2506 2491 illi,
2540 2424 2635 2493 qui
2695 2423 2942 2478 veritatis
2995 2419 3202 2475 oculati
3261 2426 3433 2473 testes

1849 2531 2001 2585 sunt,
2038 2528 2095 2574 et
2146 2520 2343 2573 harum
2399 2533 2588 2572 rerum
2636 2515 2797 2570 nobis
2850 2513 3172 2569 memoriam
3236 2509 3438 2566 litteris

1849 2613 2121 2683 proditam
2147 2611 2512 2665 tradiderunt.
2547 2607 2658 2663 Nos
2712 2623 2844 2663 vero
2882 2621 2984 2676 pro
3036 2604 3183 2659 virili
3244 2611 3435 2657 nostra

1850 2722 1946 2778 per
1975 2705 2326 2773 conjecturas
2350 2710 2404 2758 et
2431 2701 2728 2756 simulacra
2756 2699 3004 2770 quaedam
3037 2697 3322 2752 veritatem
3358 2695 3439 2748 in-

1851 2799 2175 2859 formantes,
2208 2794 2354 2866 quod
2391 2794 2553 2849 nobis
2584 2792 2652 2846 ad
2685 2791 2928 2846 animum
2966 2789 3167 2843 accidit
3206 2785 3436 2857 exponi-

1849 2906 1996 2950 mus,
2029 2903 2143 2943 non
2185 2885 2321 2942 illud
2353 2887 2575 2956 quidem
2610 2891 2670 2937 ut
2701 2897 2892 2937 verum
2951 2887 3283 2937 asserentes,
3341 2871 3440 2929 sed

1851 2981 2206 3050 subjicientes
2245 2979 2302 3032 in
2351 2977 2583 3048 gratiam
2636 2973 2972 3037 auditorum,
3034 2967 3273 3036 benigne
3323 2966 3439 3018 haec

1777 3091 1819 3148 ο
1853 3071 2010 3140 quasi
2043 3067 2289 3124 exercitii
2317 3081 2484 3121 causa
2513 3065 2567 3118 in
2593 3063 2833 3119 medium
2874 3060 3037 3114 allata
3070 3057 3440 3148 interpretati:

1859 3162 2019 3218 tium.
2082 3158 2225 3226 Quid
2255 3159 2421 3229 igitur
2459 3155 2526 3210 de
2569 3155 2656 3209 his
2696 3153 2752 3207 in
2787 3159 3024 3206 mentem
3057 3147 3218 3204 nobis
3240 3143 3440 3199 venit?

1861 3255 1963 3309 hoc
1989 3253 2271 3308 nimirum:
2297 3250 2432 3306 Cum
2457 3247 2683 3311 dicitur,
2705 3243 2874 3299 Deum
2899 3253 3120 3296 creasse
3141 3237 3439 3300 hominem,

1860 3362 1956 3417 per
1985 3343 2323 3400 indelinitam
2364 3339 2618 3395 vocabuli
2649 3337 2888 3392 hominis
2929 3333 3295 3406 notationem,
3337 3343 3437 3382 na-

1860 3448 2040 3493 turam
2071 3437 2361 3490 humanam
2392 3433 2704 3486 universam
2735 3427 2989 3498 intelligi.
3025 3423 3161 3477 Nam
3191 3429 3438 3476 creatum

1858 3533 1983 3595 hoc,
2022 3528 2170 3599 quod
2206 3527 2272 3581 ad
2301 3525 2394 3580 Dei
2432 3524 2634 3578 factum
2681 3521 2976 3590 imaginem
3033 3514 3290 3576 traditur,
3329 3526 3442 3565 non

1859 3625 1949 3678 hic
1979 3619 2169 3675 Adami
2201 3632 2402 3672 nomen
2431 3614 2704 3685 adjectum
2731 3614 2911 3675 habet,
2939 3610 3082 3666 sicut
3116 3608 3170 3661 in
3201 3603 3441 3659 historiae

1859 3710 2272 3770 narrationibus
2329 3705 2724 3777 sequentibus:
2789 3701 2888 3756 sed
2947 3712 3149 3754 nomen
3199 3692 3443 3749 hominis

1860 3802 2032 3858 creati
2066 3797 2306 3855 universi
2349 3798 2588 3868 positum
2618 3803 2726 3859 est,
2775 3807 2886 3848 non
2920 3800 2979 3846 ut
3037 3790 3104 3844 de
3137 3787 3440 3842 individuo.

1861 3897 2073 3953 Idcirco
2099 3909 2196 3964 per
2229 3892 2370 3946 hanc
2394 3889 2634 3944 hominis
2660 3885 3103 3956 appellationem,
3131 3896 3239 3951 qua
3269 3888 3441 3933 totum

1862 4004 2034 4060 genus
2062 3988 2317 4042 universe
2349 3978 2858 4052 comprehenditur,
2884 3978 3005 4047 ejus
3043 3974 3404 4029 admonemur
3428 3989 3441 4025 :

1863 4080 2007 4152 quod
2035 4075 2377 4148 providentia
2408 4079 2765 4143 potestasque
2798 4068 2896 4122 Dei
2931 4073 3102 4121 totam
3159 4063 3445 4152 hominum

1863 4177 2114 4224 naturam
2149 4166 2204 4220 in
2263 4165 2438 4235 prima
2472 4162 2563 4216 illa
2596 4159 2874 4214 creatione
2931 4156 3213 4225 complexa
3258 4154 3348 4208 sit.
3385 4151 3446 4206 ln

1862 4262 2028 4317 rebus
2056 4258 2202 4314 enim
2236 4271 2264 4309 a
2303 4253 2414 4308 Deo
2465 4252 2628 4307 factis
2668 4251 2807 4305 nihil
2849 4263 2973 4305 esse
3004 4247 3304 4318 putandum
3338 4253 3444 4308 est,

1863 4347 2012 4421 quod
2043 4348 2114 4402 sit
2143 4345 2248 4416 ipsi
2274 4343 2545 4398 infinitum
2571 4360 2586 4395 :
2621 4355 2744 4394 cum
2771 4340 2958 4394 omnia
2979 4352 3102 4408 qua
3128 4337 3404 4394 exsistunt
3429 4375 3444 4398 ,

169 4435 259 4487 καὶ
287 4436 317 4488 6
344 4433 493 4487 κατὰ
525 4431 626 4503 τὴν
658 4431 755 4486 τοῦ
785 4431 986 4496 παντὸς
1015 4432 1326 4486 συντέλειαν
1361 4433 1748 4504 γενησόμενος,

1859 4445 2022 4499 finem
2064 4436 2356 4509 quemdam
2390 4443 2444 4490 et
2500 4448 2790 4488 numerum
2827 4432 3087 4496 habeant,
3144 4428 3446 4484 conditoris

170 4528 363 4598 ἐπίσης
404 4528 495 4596 ἐφ’
541 4526 752 4579 ἑαυτῶν
795 4526 1027 4597 φέρουσι
1064 4526 1163 4597 τὴν
1210 4527 1362 4582 θείαν
1405 4528 1608 4582 εἰκόνα.
1656 4528 1756 4582 Διὰ

170 4617 324 4671 τοῦτο
351 4614 434 4683 εἷς
470 4617 760 4690 ἄνθρωπος
786 4618 1188 4689 κατωνομάσθη
1214 4619 1278 4670 τὸ
1301 4619 1430 4681 πᾶν,
1465 4621 1546 4673 ὅτι
1568 4622 1635 4690 τῇ
1668 4620 1758 4673 δυ-

171 4713 326 4783 νάμει
363 4713 462 4766 τοῦ
511 4711 649 4766 Θεοῦ
682 4712 811 4765 οὔτε
853 4729 906 4765 τι
959 4710 1327 4782 παρῴχηκεν,
1380 4712 1507 4766 οὔτε
1547 4715 1754 4784 μέλλει,

172 4807 303 4861 ἀλλὰ
345 4808 443 4861 καὶ
487 4807 551 4860 τὺ
593 4803 1046 4878 προσδοκώμενον
1073 4804 1272 4876 ἐπίσης
1308 4803 1389 4876 τῷ
1421 4806 1649 4876 παρόντι
1689 4809 1756 4878 τῇ

175 4899 494 4970 περιεκτικῇ
560 4896 655 4950 τοῦ
724 4897 927 4960 παντὸς
993 4897 1247 4969 ἐνεργείᾳ
1317 4900 1755 4970 περικρατεῖται.

174 4988 326 5041 Πᾶσα
355 4989 539 5041 τοίνυν
565 4989 598 5058 ἡ
632 4986 795 5056 φύσις
825 4989 858 5058 ή
886 4985 995 5040 ἀπὸ
1042 4987 1150 5040 τῶν
1185 4985 1420 5060 πρώτων
1461 4987 1623 5060 μέχρι
1653 4990 1763 5041 τῶν

177 5081 416 5150 ἐσχάτων
445 5079 714 5150 διήκουσα
734 5120 749 5144 ,
793 5079 890 5150 μία
919 5095 1003 5142 τις
1043 5078 1139 5132 τοῦ
1179 5079 1332 5142 ὄντος
1361 5080 1511 5133 ἐστὶν
1559 5081 1724 5134 εἰκών
1745 5096 1758 5111 ο

176 5173 209 5241 ἡ
235 5173 292 5224 δέ
322 5173 462 5242 πρὸς
500 5171 564 5224 τὸ
591 5173 760 5243 ᾶρῤεν
806 5173 900 5225 καὶ
940 5170 1075 5240 θῆλυ
1106 5169 1200 5224 τοῦ
1242 5172 1434 5240 γένους
1524 5169 1759 5243 διαφορὰ

179 5262 731 5334 προσκατεσκευάσθη
774 5263 1084 5316 τελευταῖον
1100 5263 1178 5334 τῷ
1208 5263 1513 5334 πλάσματι,
1546 5263 1637 5317 διὰ
1660 5263 1760 5335 τὴν

181 5356 376 5423 αἰτίαν,
411 5356 488 5418 ὡς
520 5351 704 5425 οἶμαι,
729 5353 953 5426 ταύτην.

1861 4531 2131 4602 sapientia
2169 4526 2555 4582 constitutum.
2585 4522 3056 4590 Quemadmodum
3091 4521 3257 4590 igitur
3284 4521 3447 4573 homo

1860 4622 2154 4697 (intelligo
2188 4628 2369 4674 autem
2429 4616 2774 4671 individuum
2825 4613 3142 4686 quoddam)
3200 4614 3447 4681 corporis

1863 4713 2297 4787 magnitudinem
2326 4710 2533 4764 (initam
2559 4709 2740 4772 habet,
2773 4707 3251 4776 substantiamque
3274 4706 3446 4774 ipsius

1859 4807 2172 4880 quantitate
2204 4804 2484 4866 metimur,
2517 4816 2642 4871 qua:
2664 4800 2916 4870 corporis
2949 4797 3240 4869 superﬁcie
3268 4798 3446 4852 conti-

1857 4913 2022 4958 netur
2049 4917 2064 4954 :
2097 4899 2179 4954 sic
2213 4896 2456 4951 arbitror
2487 4895 2646 4949 initio
2677 4909 2861 4950 rerum
2886 4907 2995 4948 uno
3026 4906 3256 4962 corpore
3277 4899 3426 4945 totae

1860 5002 2115 5048 naturain
2165 4990 2464 5044 humanam
2507 4988 2678 5042 Deum
2717 4993 2986 5056 potestate
3014 4999 3136 5046 sua,
3167 4998 3276 5054 qua
3315 4997 3440 5036 cun-

1862 5094 1953 5139 cta
1989 5082 2268 5153 praevidet,
2299 5081 2644 5151 complexum
2679 5093 2823 5141 esse,
2871 5078 3034 5147 idque
3074 5077 3210 5130 adeo
3266 5073 3448 5128 verbis

1860 5174 2013 5229 hisce
2044 5171 2189 5227 tradi
2218 5191 2232 5226 :
2273 5190 2289 5222 ι
2330 5169 2484 5226 Fecit
2519 5170 2665 5224 Deus
2695 5170 2994 5234 hominem,
3018 5175 3072 5222 et
3099 5165 3165 5219 ad
3193 5164 3286 5220 Dei
3315 5165 3448 5218 ima-

1866 5266 2048 5338 ginem
2081 5279 2207 5320 eum
2243 5263 2391 5319 fecit.
2420 5283 2439 5315 ›
2473 5261 2593 5317 Non
2623 5263 2767 5318 enim
2800 5263 2978 5332 imago
3011 5272 3062 5314 et
3096 5259 3270 5329 gratia
3297 5256 3449 5312 heni~

1867 5359 1962 5430 gni
1994 5359 2087 5413 Dei
2116 5358 2204 5413 vel
2233 5358 2373 5428 parti
2433 5367 2668 5423 naturae,
2707 5357 2791 5412 vel
2826 5357 2919 5410 uni
2956 5355 3122 5409 alicui
3183 5367 3449 5408 concessa

183 5457 264 5506 est
296 5448 506 5504 homini
537 5447 913 5518 peculiariter,
954 5448 1050 5503 sed
1096 5446 1331 5502 facultas
1385 5447 1477 5500 illa
1534 5446 1603 5501 ad
1634 5463 1808 5517 genus
1849 5451 2166 5506 universum
2219 5449 2504 5518 aqualiter
2533 5451 2816 5520 pertinuit.
2867 5448 3023 5515 Quod
3055 5446 3126 5501 ita
3157 5460 3300 5509 esse,
3347 5445 3449 5502 hoc

188 5541 350 5596 etiam
387 5548 712 5610 argumento
740 5545 847 5604 est,
904 5539 1051 5609 quod
1090 5555 1244 5594 mens
1275 5540 1484 5609 pariter
1523 5539 1579 5592 in
1619 5542 1879 5599 omnibus
1936 5542 2149 5597 habitat

2198 5558 2212 5595 :
2261 5555 2450 5595 omnes
2513 5541 2811 5612 cogitandi,
2850 5540 3030 5610 deque
3077 5537 3277 5592 futuris
3312 5551 3447 5590 con-

187 5631 423 5687 sultandi
454 5629 736 5693 facultate,
776 5630 1103 5700 caaterisque
1163 5630 1330 5686 rebus
1359 5631 1638 5696 omnibus,
1674 5649 1770 5702 per
1803 5650 1943 5705 quas
1975 5649 2065 5689 res
2097 5632 2280 5687 divina
2316 5640 2513 5687 natura
2569 5634 2623 5686 in
2662 5632 2898 5703 imagine
2945 5647 3043 5686 sua
3099 5630 3450 5700 exprimitur.

189 5725 393 5794 praediti
430 5732 577 5780 sunt.
609 5722 756 5780 Nihil
785 5725 926 5781 inter
957 5725 1233 5782 hominem
1266 5735 1510 5784 creatum
1543 5730 1596 5786 in
1639 5733 1814 5800 prima
1872 5748 2054 5788 rerum
2107 5731 2490 5796 fabricatione,
2545 5737 2598 5786 et
2655 5744 2780 5786 eum
2814 5729 2909 5799 qui
2940 5729 2995 5784 in
3063 5737 3312 5784 extremo
3354 5739 3446 5778 na:
