3886 6214
439 276 533 329 ίετ
1415 362 1426 379 ,
1637 303 1992 367 s.cascon

2100 315 2378 374 HYSSENI

435 402 643 459 scctur,
700 413 824 454 cum
861 401 975 470 jam
1038 409 1224 462 omnia
1262 424 1641 472 consummata
1696 437 1859 481 erunt

435 495 629 552 gestat.
657 488 951 560 Propterea
1012 501 1174 559 unius
1212 503 1453 563 hominis
1480 515 1701 570 nomine
1753 518 1765 570 i

3576 338 3676 391 l88

1869 468 1882 489 ,
1916 430 2164 487 interest.
2218 433 2440 504 Eqnali
2480 438 2623 492 enim
2682 443 2893 498 ratione
2953 444 3245 516 imaginem
3297 447 3387 504 Dei
3450 460 3680 523 uterque

1774 536 1868 588 psa
1914 527 2130 593 generis
2167 529 2496 585 universitas
2554 534 2949 602 comprehensa
3000 536 3135 603 fuit,
3170 540 3390 609 quando
3425 548 3679 612 potestati

474 578 483 587 '
529 578 540 589 .
704 584 713 594 '
1774 576 1787 588 ,
1914 576 2127 593 σω----
2172 576 2495 585 __--.-----_-
2556 576 2949 602 νν---ιι-νην--ει-
3000 576 3135 603 ,ιιι-ι,
3171 576 3390 609 qun-Iuv
3425 576 3679 612 γυιῠθιαιι

435 576 632 634 dmum
660 586 794 706 ("hil
840 600 923 643 εει
958 594 1040 646 vel
1071 599 1422 666 Ρτωίθΐῖιιιηι,
1458 605 1541 658 vel
1581 606 1844 666 futurum.
1878 614 2020 681 Quin
2075 627 2127 675 et
2175 636 2238 675 ea
2287 638 2408 690 qua:
2466 633 2846 693 expectantur,
2905 644 3012 683 non
3059 631 3218 686 aliter
3255 644 3419 703 atque
3473 637 3524 692 si
3564 637 3679 706 jam

436 684 719 706 nrmcnnlnn
788 690 935 706 "—1....
1024 702 1107 706 --_-
1178 689 1189 700 υ
1453 704 1459 706 _

436 676 722 740 praesentia
764 678 962 748 forent,
1018 702 1117 741 sua
1177 689 1230 743 in
1290 704 1586 763 potestate,

1001 1102 1231 1162 CAPUT
1274 1109 1437 1167 XVII.

437 1206 1019 1295 Quidhrespondeudunt
1054 1218 1453 1295 dubitantibus,
1520 1231 1778 1295 quomodo
1837 1236 2003 1289 animi

508 1280 942 1365 oriturifu‘isfent
973 1288 1278 1365 si_h9miues
1326 1294 1408 1346 illi
1438 1280 2006 1365 'pri'ncipies'imlidnse

505 1353 706 1440 percuti
766 1353 1282 1440 lqbevpolluisseut:
1337 1353 1548 1432 quando
1601 1353 2006 1440 primummpn‘s't

505 1418 1360 1504 hanc'inquinationeimoperarii
1403 1418 1757 1504 procredtioni
1802 1418 2002 1500 sobrolis

508 1489 766 1544 hominem
803 1493 1009 1550 dedisse
1034 1489 1284 1555 videmus.

506 1576 664 1634 Prius
694 1598 821 1637 vero
848 1601 1009 1653 quam
1044 1588 1095 1641 id
1153 1601 1577 1660 perscrutemur,
1615 1597 1757 1656 forte
1801 1604 2004 1660 rectius

437 1664 748 1733 fecerimus,
782 1674 825 1727 si
856 1676 1131 1742 quiddam.
1168 1683 1312 1751 quod
1348 1686 1416 1740 ab
1446 1688 1773 1747 adversariis
1812 1693 2006 1762 objici~

435 1766 546 1822 tur,
577 1761 928 1831 explicemus.
959 1768 1124 1824 Aiunt
1150 1775 1313 1839 enim,
1348 1788 1472 1832 ante
1499 1790 1775 1849 peccatum
1801 1761 2002 1839 nullam

434 1865 612 1920 neque
638 1860 1055 1925 procreationis,
1100 1881 1275 1934 neque
1304 1875 1677 1942 parturiginis,
1710 1892 1773 1931 ac
1804 1893 1871 1932 ne
1903 1895 2001 1948 ap-

434 1946 636 2012 petitus
667 1950 885 2017 quidem
920 1954 972 2007 in
1006 1956 1222 2014 homine
1244 1963 1309 2015 ad
1341 1967 1737 2031 procreandum
1770 1946 2001 2026 mentio-

434 2050 556 2088 nem
591 2036 726 2092 ﬁeri.
757 2039 1052 2113 Postquam
1096 2060 1274 2104 autem
1312 2053 1557 2111 homines
1597 2060 1757 2127 primi
1788 2076 2004 2131 peccas-

432 2136 576 2192 sent,
606 2129 782 2200 deque
809 2137 1063 2203 paradiso
1087 2141 1245 2209 ejecti
1270 2155 1473 2212 essent,
1503 2162 1565 2201 ac
1598 2129 1811 2205 fetninae
1841 2169 1999 2223 pinna

431 2219 681 2275 dolorum
714 2224 768 2277 in
800 2235 956 2294 partu
994 2241 1138 2285 esset
1180 2233 1453 2304 imposita,
1519 2248 1633 2294 tum
1670 2219 1879 2299 scilicet
1933 2248 1999 2301 ad

433 2312 482 2364 i.l
509 2329 858 2383 progressum
886 2334 1007 2375 esse
1039 2323 1327 2390 Adamum,
1356 2337 1412 2382 ut
1442 2336 1836 2391 consuetudine
1869 2355 1999 2394 con-

1649 718 1749 771 qua
1798 709 2051 764 universa
2104 714 2504 783 complectitur,
2552 717 2737 772 habet.
2791 721 2885 775 Est
2920 721 3087 791 igitur
3117 730 3231 777 tota
3275 733 3468 779 natura
3499 727 3677 782 homi-

1584 815 1690 853 una
1742 806 2040 878 eademque
2096 815 2207 868 veri
2261 815 2351 871 Dei
2384 819 2581 888 imago.
2621 818 2796 878 Sexus
2843 833 3022 880 autem
3077 828 3304 882 masculi
3350 827 3681 896 femineique

1554 890 1622 947 de
1647 908 1834 965 causa,
1872 908 1932 954 ut
1979 918 2080 974 ego
2134 906 2676 976 quidem-existimo,
2742 913 3056 984 hujusmodi
3117 918 3351 989 quadam
3403 890 3679 991 adjectum

2620 1127 3011 1182 ΚΕΦΑΛΑΙΟΝ
3054 1133 3151 1185 lZ'.

2112 1235 2174 1288 Τί
2196 1234 2313 1315 χρὴ
2336 1236 2546 1315 ,λέγειις
2576 1237 2719 1315 πρρς
2748 1239 2897 1315 toi”;
2927 1241 3384 1315 ézaxogoﬁrtac
3402 1286 3416 1301 .
3449 1249 3500 1299 ει
3525 1248 3678 1315 μετὰ

2192 1306 2302 1371 τὴν
2315 1305 2609 1384 ἁμαρτίαν
2633 1308 2670 1372 ἡ
2682 1309 3061 1384 ,παιδοπολιΐφ
3086 1305 3212 1377 έῶς
3224 1314 3301 1367 ἂν
3320 1305 3597 1384 ἐῇἐνοτίτο
3614 1322 3675 1371 αι

2174 1374 2387 1498 Ξυέαὶ,
2416 1378 2469 1428 εί
2498 1376 2897 1446 ἀναμάρτητοι
2938 1374 3243 1450 διέμεινάν
3279 1388 3335 1438 ol
3360 1374 3452 1451 ’ἐξ
3476 1388 3674 1457 ἀρχῆς

2218 1462 2253 1496 ν
2284 1459 2492 1511 ρωποι.

2174 1601 2390 1655 Μᾶλλον
2410 1602 2487 1664 δὲ,
2506 1603 2635 1674 πρὶν
2652 1602 2713 1655 τὸ
2734 1605 3089 1675 προκείμενον
3107 1606 3471 1679 διερευνῆσαι,
3500 1614 3679 1681 κρεῖτ-

2103 1708 2195 1744 τον
2236 1692 2365 1755 τσως
2405 1692 2497 1745 τοῦ
2532 1695 2941 1764 προφερομένου
2991 1699 3145 1767 παρὰ
3189 1700 3297 1753 τῶν
3347 1704 3675 1772 μαχομένων

2103 1786 2233 1853 ἡμῖν
2273 1782 2602 1855 ἐπιζητῆσαι
2648 1785 2747 1857 τὴν
2780 1787 2953 1842 λύσιν.
3001 1789 3235 1859 Λέγουσι
3269 1791 3379 1861 γὰρ
3421 1793 3526 1864 πρὸ
3573 1796 3676 1865 τῆς

2102 1875 2377 1945 ἁμαρτίας
2410 1877 2547 1946 μήτε
2578 1878 2737 1930 τόκον
2771 1880 3122 1951 ἱστορεῖσθαι,
3152 1884 3291 1953 μήτε
3316 1884 3500 1948 ὠδῖνα,
3533 1887 3672 1957 μήτε

2100 1966 2199 2037 τὴν
2228 1968 2364 2040 πρὸς
2413 1970 2753 2023 παιδοποιῖαν
2792 1974 2966 2043 ὁρμήν
2991 1991 3004 2003 ·
3038 1977 3461 2031 ἀποικισθέντων
3492 1979 3547 2032 δὲ
3574 1977 3674 2033 τεῦ

2102 2061 2428 2127 παραδείσου
2458 2061 2595 2131 μετά
2619 2063 2716 2133 τὴν
2743 2064 3038 2135 ἁμαρτίαν,
3066 2069 3160 2120 καὶ
3192 2070 3291 2139 τῆς
3319 2071 3577 2138 γυναικὸς
3602 2075 3672 2142 τῇ

2098 2152 2337 2223 τιμωρίᾳ
2373 2152 2480 2204 τῶν
2519 2153 2724 2208 ὠδίνων
2775 2158 3234 2230 κατακριθείσης,
3278 2161 3449 2226 οὕτως
3498 2163 3675 2221 ὲλθεῖν

2098 2243 2188 2294 τὸν
2236 2243 2406 2313 Ἀδὰμ
2431 2246 2509 2305 είς
2535 2244 2596 2296 τὸ
2617 2246 2818 2312 γνῶναι
2848 2250 3103 2319 γαμικῶς
3129 2252 3228 2322 τὴν
3257 2254 3543 2322 ὁμόζυγον,
3576 2257 3676 2311 καὶ

2097 2336 2219 2387 τότε
2266 2336 2365 2405 τῆς
2406 2336 2727 2401 παιδοποῖας
2764 2340 2865 2409 τὴν
2914 2341 3090 2412 ἀρχὴν
3137 2343 3410 2410 γενέσθαι.
3466 2346 3530 2399 Ei
3576 2344 3676 2401 οὖν

426 2404 573 2474 jugis
612 2407 680 2461 ad
738 2416 1167 2479 procreationem
1226 2421 1301 2471 uti
1339 2422 1621 2492 inciperet.
1686 2428 1741 2481 Si
1810 2432 1992 2501 igitur,

2100 2427 2272 2496 γάμος
2302 2404 2359 2479 ἐν
2384 2426 2462 2497 τῷ
2493 2404 2935 2501 παραδείσῳῢούκ
3086 2404 3208 2486 οὔτε
3236 2436 3382 2501 ὠδὶς,
3425 2436 3550 2490 οὗτε
3580 2440 3676 2492 τό-

431 2498 702 2566 inquiunt,
732 2516 907 2572 neque
937 2506 1002 2558 ad
1036 2510 1274 2580 nuptias,
1309 2528 1485 2582 neque
1538 2498 1991 2587 procreationem,

430 2606 604 2660 neque
634 2602 847 2661 partum
882 2597 935 2650 in
966 2601 1220 2667 paradiso
1248 2614 1569 2672 perventum
1606 2619 1711 2675 est,
1743 2628 1997 2669 necessa-

428 2680 569 2733 rium
602 2690 681 2735 est
717 2683 819 2738 hoc
851 2702 1070 2758 quoque
1095 2701 1381 2760 sequatur,
1414 2697 1720 2753 animorum
1758 2704 1998 2758 multitu-

426 2773 606 2827 dinem
641 2777 842 2830 nullam
896 2778 1069 2835 fuisse
1126 2783 1401 2853 futuram,
1456 2792 1562 2846 nisi
1603 2794 1802 2848 donum
1865 2796 1994 2851 illud

425 2866 854 2923 immortalitatis
887 2870 941 2923 in
974 2876 1361 2931 mortalitatem
1395 2891 1789 2938 commutatum
1827 2898 1992 2953 esset,

425 2972 488 3010 ac
519 2973 616 3026 per
653 2961 970 3032 coniugium
1005 2968 1240 3021 excitata
1272 2972 1565 3039 posteritas
1591 2989 1690 3044 pro
1716 2976 1999 3047 migranti-

423 3048 531 3104 bus
565 3052 631 3106 de
666 3053 768 3107 hac
796 3055 906 3109 vita
931 3058 1284 3115 substitueret
1337 3064 1493 3127 alios,
1546 3075 1601 3120 et
1624 3068 1726 3121 hac
1785 3072 1997 3127 ratione

424 3150 675 3197 naturam
727 3158 1098 3204 conservaret.
1133 3152 1390 3223 Adeoque
1420 3167 1702 3225 peccatum
1757 3164 1993 3231 quodam

424 3235 586 3289 modo
628 3236 909 3291 hominum
937 3241 1056 3294 vitae
1081 3243 1243 3295 etiam
1280 3245 1421 3298 bono
1460 3262 1583 3301 esse
1610 3250 1780 3303 videri
1812 3267 1991 3321 posse.

422 3323 559 3379 Nam
595 3342 767 3396 genus
808 3328 1107 3385 humanum
1172 3349 1338 3403 supra
1397 3336 1628 3390 duorum
1683 3356 1993 3403 numerum,

422 3419 517 3487 qui
552 3420 713 3488 primi
742 3424 1025 3488 exstitere,
1053 3433 1275 3478 auctum
1304 3441 1412 3481 non
1445 3427 1675 3483 fuisset:
1715 3431 1820 3485 nisi
1851 3449 1996 3486 mor-

424 3512 495 3566 tis
550 3519 730 3567 metus
786 3522 1060 3579 naturam,
1128 3524 1187 3569 ut
1225 3517 1293 3571 de
1347 3521 1698 3575 successione
1737 3533 1995 3592 perpetua

423 3606 721 3675 cogitaret,
779 3609 1161 3676 permovissct.
1223 3608 1487 3678 Equidem
1548 3612 1649 3667 hac
1720 3615 1883 3668 etiam
1938 3616 1992 3670 in

425 3709 577 3768 parte
607 3708 794 3753 statuo
829 3700 1135 3767 veritatem,
1166 3717 1506 3772 qumcunque
1541 3705 1760 3760 tandem
1793 3708 1885 3772 sit,
1927 3709 1993 3762 iis

2101 2536 2215 2582 κος,
2244 2519 2490 2590 ἀνάγκην
2526 2516 2665 2574 εἷναί
2694 2538 2857 2588 φασιν
2891 2525 2954 2575 ὲκ
2988 2524 3083 2576 τοῦ
3127 2527 3422 2581 ἀκολούθου
3457 2530 3675 2598 λογίζε-

2102 2611 2243 2673 σθαι,
2288 2609 2363 2681 μὴ
2392 2610 2458 2664 ἂν
2488 2612 2545 2663 ὲν
2575 2611 2770 2682 πλήθει
2796 2614 3051 2682 γενέσθαι
3090 2617 3187 2679 τάς
3220 2618 3328 2671 τῶν
3367 2620 3675 2690 ἀνθρώπων

2097 2700 2292 2770 ψυχὰς,
2322 2702 2370 2753 εί
2402 2701 2475 2772 μὴ
2506 2701 2641 2771 πρὸς
2670 2703 2730 2754 τὸ
2762 2701 2954 2774 θνητὸν
2982 2709 3015 2775 ἡ
3053 2706 3153 2776 τῆς
3180 2707 3481 2772 ἀθανασίας
3512 2713 3674 2782 χάρις

2102 2794 2367 2862 μετέπεσε
2387 2833 2401 2855 ,
2430 2794 2522 2846 καὶ
2554 2797 2583 2846 ὁ
2621 2794 2796 2864 γάμος
2824 2794 2910 2849 διὰ
2947 2797 3055 2851 τῶν
3086 2800 3478 2871 ἐπιγινομένων
3515 2818 3672 2857 συνε-

2098 2886 2252 2955 τήρει
2273 2884 2371 2954 τὴν
2403 2884 2585 2953 φύσιν,
2613 2886 2734 2939 ἀντὶ
2760 2886 2867 2939 τῶν
2899 2888 3226 2951 ύπεξιόντων
3257 2892 3383 2954 τοὺς
3405 2892 3464 2956 ἐξ
3489 2894 3670 2946 αὐτῶν

2097 2976 2453 3044 ἀντεισάγων,
2472 2976 2610 3029 ὥστε
2626 2978 2972 3047 λυσιτελῆσαι
2998 2980 3347 3051 ορόποντινά,
3369 2985 3466 3052 τὴν
3489 2986 3673 3058 ἀμαρο

2096 3068 2217 3119 τίαν
2242 3067 2659 3121 ἐπεισελθοῦσαν
2690 3071 2755 3138 τῇ
2794 3067 2905 3139 ζωῇ
2935 3070 3042 3123 τῶν
3081 3073 3404 3143 ἀνθρώπων.
3443 3076 3669 3145 Ἔμεινε

2097 3160 2206 3230 γάρ
2237 3160 2302 3214 ἂν
2340 3164 2395 3212 ὲν
2425 3164 2489 3230 τῇ
2521 3162 2629 3214 τῶν
2658 3164 3096 3233 πρωτοπλάστων
3123 3165 3274 3219 δυάδι
3306 3167 3668 3237 τὸάνθρώπι-

2096 3268 2185 3303 νον
2209 3252 2386 3318 γένος,
2419 3252 2493 3322 μὴ
2518 3251 2611 3305 τοῦ
2641 3254 2782 3307 κατὰ
2804 3256 2895 3308 τὸν
2924 3255 3151 3309 θάνατον
3187 3255 3351 3324 φόϐου
3388 3257 3525 3327 πρὸς
3553 3258 3673 3311 δια-

2095 3340 2256 3410 δοχὴν
2306 3343 2402 3412 τὴν
2443 3344 2603 3410 φύσιν
2662 3346 3109 3417 ἀνακινήσαντος.
3170 3349 3307 3401 Ἀλλ’
3343 3351 3400 3402 ἐν
3450 3350 3669 3414 τούτοις

2096 3432 2256 3485 πάλιν
2283 3434 2311 3484 ὁ
2345 3432 2450 3503 μὴν
2487 3434 2690 3505 ἀληθὴς
2722 3435 2896 3504 λόγος,
2928 3438 3075 3500 ὅστις
3105 3440 3233 3492 ποτὲ
3261 3439 3337 3491 ὢν
3370 3441 3632 3511 τυγχάνει
3655 3484 3669 3508 ,

2099 3523 2279 3592 μόνοις
2308 3524 2374 3577 ἂν
2400 3525 2485 3594 εἴη
2512 3527 2667 3597 δῆλος
2696 3531 2805 3591 τοῖς
2834 3530 2974 3582 κατά
3000 3530 3208 3583 Παῦλον
3240 3533 3311 3585 τὰ
3345 3532 3437 3585 τοῦ
3486 3551 3673 3604 παρα-

2093 3612 2268 3665 δείσου
2300 3614 2583 3683 μυηθεῖσιν
2608 3616 2917 3688 ἀπόρρητα.
2966 3620 3024 3671 ’0
3052 3619 3109 3671 δὲ
3138 3620 3402 3690 ἡμέτερος
3428 3622 3671 3686 τοιοῦτός

2095 3707 2266 3757 ἐστιν’
2298 3706 2707 3774 Ἀντιλεγόντων
2737 3710 2864 3762 ποτὲ
2883 3709 2991 3762 τῶν
3022 3711 3393 3765 Σαδδουκαίων
3420 3712 3498 3782 τῷ
3526 3714 3671 3767 κατά

423 3789 555 3843 solis
602 3796 785 3865 notam
843 3800 896 3844 et
946 3800 1283 3860 perspectam
1330 3807 1483 3857 esse,
1526 3796 1619 3864 qui
1679 3811 1788 3850 non
1837 3798 1992 3853 aliter

2100 3796 2192 3865 τὴν
2239 3796 2533 3851 ἀνάστασιν
2587 3799 2761 3869 λόγῳ,
2809 3802 2903 3853 καὶ
2948 3801 3045 3871 τὴν
3094 3803 3409 3873 πολύγαμον
3448 3805 3670 3876 ἐκείνην

422 3886 584 3947 atque
620 3879 820 3934 Paulus
852 3881 1089 3950 paradisi
1124 3883 1401 3952 mysteriis
1432 3884 1626 3939 initiati
1674 3895 1821 3952 sunt,
1871 3905 1993 3958 qua:

421 3971 731 4025 enat-rando
771 3971 853 4026 fas
888 3987 995 4025 non
1028 3982 1111 4027 est
1136 3975 1463 4044 exprimere.
1486 3976 1680 4032 l‘iostra
1712 3995 1844 4033 sane
1878 3982 1991 4035 haec

420 4073 504 4119 est
541 4067 845 4134 responsio:
879 4067 1017 4121 Cum
1048 4066 1330 4123 Sadducaci
1356 4070 1618 4126 doctrina:
1645 4073 1712 4126 de
1745 4083 1991 4129 mortuo-

422 4172 543 4209 rum
580 4158 998 4213 resuscitatione
1028 4161 1470 4221 adversarentur,
1519 4170 1574 4215 et
1608 4174 1790 4232 nuptae
1846 4166 1991 4220 illius

420 4264 545 4301 cum
609 4247 820 4311 multis,
876 4246 1123 4317 adeoque
1188 4258 1392 4319 septem
1446 4249 1705 4307 fratribus
1749 4255 1989 4311 mulieris

422 4338 750 4391 mentionem
779 4337 851 4391 ad
885 4338 1287 4394 conciliandam
1350 4339 1507 4394 [idem
1540 4342 1844 4412 disciplinae
1877 4360 1991 4399 suae

421 4428 683 4492 facerent,
713 4437 767 4483 et
794 4429 983 4498 ecquis
1014 4430 1205 4483 borum
1233 4445 1353 4485 eam
1402 4446 1432 4483 a
1465 4434 1864 4488 resurrectione
1892 4435 1990 4489 ha-

418 4519 636 4574 biturus
666 4530 811 4575 esset
850 4528 1178 4589 quaererent.
1218 4521 1291 4574 ita
1347 4521 1641 4591 respondet
1704 4521 1983 4586 Dominus,

419 4624 478 4669 ut
511 4620 565 4668 et
591 4613 713 4667 illos
747 4613 995 4680 castiget,
1027 4626 1090 4665 ac
1127 4613 1271 4673 vitae,
1303 4625 1467 4680 quam
1504 4611 1557 4664 in
1586 4615 1989 4670 resurrectione

415 4706 747 4775 apiscemur,
779 4704 1098 4774 mysterium
1130 4702 1442 4757 hominibus
1480 4703 1737 4774 deinceps
1774 4707 1989 4762 univer-

415 4800 493 4854 sis
545 4799 818 4866 explanet.
865 4815 883 4847 ‹
925 4797 984 4850 ln
1039 4796 1459 4861 resurrectione,
1498 4814 1516 4847 ι
1584 4796 1679 4860 ait,
1741 4815 1761 4847 ι
1809 4814 1988 4867 neque

416 4889 635 4957 nuptias
652 4887 997 4950 contrahcnt,
1018 4902 1192 4956 neque
1209 4887 1273 4940 ad
1300 4893 1529 4956 nuptum
1552 4884 1836 4941 tradentur
1855 4889 1932 4943 ⁶⁰ε
1962 4908 1980 4940 ι

412 4982 614 5050 quippe
648 4995 772 5035 cum
799 4980 1033 5049 amplius
1065 4980 1204 5033 mori
1229 4986 1524 5048 nequeant.
1560 4977 1699 5032 Sunt
1724 4980 1866 5034 enim
1899 4996 1989 5051 pa-

402 5087 503 5129 .res
543 5072 775 5139 angelis,
803 5078 856 5125 et
891 5069 984 5125 Dei
1018 5070 1134 5136 lilii,
1184 5071 1274 5124 ubi
1297 5070 1410 5138 jam
1464 5072 1882 5125 resurrexcrint.
1916 5073 1985 5124 At

2094 3890 2341 3950 γυναῖκα,
2370 3890 2467 3959 τὴν
2495 3892 2605 3953 τοῖς
2638 3891 2775 3944 ὲπτά
2813 3892 3111 3962 γενομένην
3141 3894 3411 3962 ἀδελφοῖς,
3453 3898 3535 3960 εἰς
3566 3896 3653 3950 σύ-

2095 3993 2283 4030 στασιν
2305 3978 2397 4031 τοῦ
2428 3978 2546 4032 καθ’
2573 3982 2798 4044 ἑαυτοὺς
2823 3982 3090 4052 δόγματος
3118 3986 3520 4056 προφερόντων,
3546 3983 3670 4042 εἶτα

2089 4068 2233 4131 τίνος
2270 4070 2410 4139 μετά
2438 4072 2534 4143 τὴν
2562 4072 2857 4127 ἀνάστασιν
2881 4074 3031 4127 ἔσται
3064 4075 3501 4145 πυνθανομένων,
3529 4081 3669 4132 ἀπο-

2092 4161 2336 4228 κρίνεται
2392 4163 2527 4231 πρὸς
2570 4164 2660 4216 τὸν
2693 4163 2848 4231 λόγον
2893 4166 2921 4216 ὁ
2964 4166 3196 4237 Κύριος,
3227 4168 3287 4220 ού
3325 4169 3484 4238 μόνον
3537 4173 3669 4235 τοὺς

2092 4251 2481 4316 Σαδδουκαίους
2522 4254 2807 4320 παιδεύων,
2860 4256 2995 4311 ἀλλά
3035 4258 3131 4312 καὶ
3178 4260 3313 4312 πᾶσι
3360 4263 3473 4324 τοῖς
3526 4263 3667 4330 μετὰ

2089 4342 2261 4394 ταῦτα
2288 4344 2389 4412 τῆς
2416 4346 2473 4396 ὲν
2501 4348 2566 4416 τῇ
2598 4347 2889 4400 ἀναστάσει
2916 4349 3059 4417 ζωῆς
3090 4352 3338 4422 φανερῶν
3368 4353 3427 4405 τὸ
3460 4356 3672 4427 μυστήο

2091 4451 2223 4503 ριον.
2260 4450 2279 4484 ί
2302 4435 2390 4490 Ἐν
2412 4435 2522 4507 γὰρ
2539 4442 2603 4507 τῇ
2637 4440 2950 4505 ἀναστάσει,
2995 4443 3178 4509 φησιν,
3212 4443 3335 4495 οὔτε
3369 4446 3665 4512 γαμοῦσιν,

2088 4525 2209 4577 οὔτε
2243 4525 2811 4595 γαμίσκονταιηούτε
2870 4532 2981 4601 γὰρ
3018 4533 3310 4586 ἀποθανεῖν
3357 4536 3436 4588 ἔτι
3473 4537 3669 4592 δύναν-

2087 4633 2212 4668 ται·
2269 4616 2548 4685 ἰσάγγελοι
2592 4619 2701 4691 γάρ
2752 4623 2879 4683 εἱσι,
2916 4623 3010 4676 καὶ
3057 4625 3161 4677 υἱοὶ⁵
3198 4625 3335 4678 Θεοῦ
3391 4628 3537 4692 εἰσι,
3564 4631 3666 4701 τῆς

2087 4706 2433 4770 ἀναστάσεως
2457 4708 2563 4760 υἱοὶ
2594 4708 2765 4773 ὄντες.
2813 4710 2876 4763 'H
2908 4712 2962 4764 δὲ
2995 4714 3094 4784 τῆς
3126 4716 3477 4781 ἀναστάσεως
3503 4720 3666 4789 χάρις

2088 4795 2238 4846 οὐδὲν
2260 4796 2445 4865 ἕτερον
2470 4798 2601 4867 ἡμῖν
2626 4800 3043 4868 ἐπαγγέλλεται,
3064 4802 3097 4874 ἢ
3128 4805 3225 4874 τὴν
3246 4806 3327 4868 είς
3355 4807 3414 4859 τὸ
3437 4810 3666 4878 ἀρχαῖον

2085 4883 2193 4937 τῶν
2221 4887 2587 4942 πεπτωκότων
2610 4890 3073 4947 ἀποκατάστασιν.
3119 4895 3407 4960 Ἐπάνοδος
3432 4903 3544 4968 γάρ
3578 4902 3664 4966 τίς

2085 4976 2230 5029 ἐστιν
2258 4978 2350 5029 ἐπὶ
2373 4978 2471 5050 τὴν
2505 4980 2728 5051 πρώτην
2767 4982 2912 5053 ζωὴν
2941 4987 2974 5054 ἡ
3008 4987 3434 5060 προσδοκωμένη
3462 4991 3625 5060 χάρις
3645 5035 3661 5057 ,

2084 5070 2177 5122 τὸν
2223 5070 2597 5141 ἀποϐληθέντα
2647 5072 2742 5126 τοῦ
2791 5076 3120 5147 παραδείσου
3164 5078 3325 5132 πάλιν
3369 5082 3450 5144 εἰς
3497 5082 3665 5135 αὐτὸν

410 5176 543 5215 vero
578 5160 999 5215 resurrectionis
1050 5160 1254 5214 donum
1289 5160 1426 5213 nihil
1455 5159 1600 5213 aliud
1632 5160 1792 5215 nobis
1827 5161 1984 5229 polli-

2100 5162 2457 5230 ἐπανάγουσα.
2495 5165 2558 5218 Et
2590 5166 2824 5237 τοίνυνή
2860 5142 2969 5219 τῶν
2999 5142 3522 5240 ἀποκαθισταμένων
3545 5173 3662 5244 ζωὴ

409 5260 586 5313 cetur,
614 5266 778 5320 quam
808 5252 1084 5321 lapsorum
1123 5252 1178 5306 in
1235 5253 1529 5321 integrum,
1551 5252 1979 5306 restitutionem.

411 5339 545 5395 Nam
575 5356 638 5396 ea
671 5342 866 5411 gratia,
898 5358 1058 5410 quam
1090 5350 1497 5411 exspectamus,
1528 5340 1735 5395 reditus
1764 5341 1868 5394 erit
1913 5341 1980 5395 ad

413 5433 576 5486 vitam
607 5433 859 5502 primam,
898 5448 1005 5502 qua
1063 5434 1227 5487 homo
1256 5435 1322 5487 de
1370 5433 1625 5501 paradiso
1662 5431 1872 5501 ejectus
1924 5432 1979 5486 in

407 5520 661 5578 eumdem
687 5520 998 5576 reducetur.
1028 5522 1393 5589 Quamobrem
1458 5525 1504 5580 si
1538 5524 1646 5579 vita
1692 5527 1977 5580 restituto-

477 5704 524 5734 "
566 5703 755 5761 Matth.
805 5719 934 5769 χιιι,
978 5704 1076 5771 30;
1132 5703 1296 5760 'tlarc.
1332 5721 1428 5773 xu,
1459 5704 1563 5773 2T3;
1591 5704 1722 5761 huc.
1755 5722 1807 5773 χ,
1843 5706 1934 5763 55.

2089 5252 2225 5323 πρὸς
2259 5254 2356 5324 τὴν
2383 5254 2491 5307 τῶν
2533 5256 2778 5331 ἀγγέλων
2811 5259 3025 5322 οἰκείως
3050 5259 3162 5330 ἔχει
3182 5303 3195 5325 ,
3230 5260 3473 5331 δηλονότι
3501 5266 3663 5335 ὁ-,πρὺ

2085 5346 2185 5415 τῆς
2216 5347 2578 5418 παραϐάσεως
2624 5349 2736 5419 βίος
2785 5351 3075 5419 ἀγγελικὸς
3107 5371 3187 5416 τις
3218 5349 3318 5424 ἦν’
3363 5354 3446 5409 διὸ
3490 5358 3585 5410 καὶ
3624 5360 3659 5427 ἡ

2087 5435 2310 5505 πρὸςντὸ
2332 5439 2554 5509 ἀρχαῖον
2584 5440 2682 5510 τῆς
2712 5438 2857 5511 ζωῆς
2880 5442 2912 5512 ἡ
2921 5441 3036 5511 μῶν
3062 5443 3320 5508 ἐπάνοδος
3348 5447 3463 5510 τοῖς
3488 5448 3656 5516 ἀγγέ-

2086 5529 2197 5593 λοις
2243 5528 2540 5599 ὡμοίωται.
2603 5530 2762 5585 Ἀλλά
2795 5530 2922 5603 μὴν,
2969 5533 3150 5599 καθὼς
3193 5534 3443 5603 εἴρηται,
3474 5538 3659 5609 γάμου
