3886 6214
127 343 132 348 ,
177 279 282 334 ιιιο

1453 285 1540 339 DE
1581 283 1864 342 IIOMINIS
1901 283 2214 338 OPIFICIO.

3351 274 3454 332 190

173 396 312 466 παρ’
337 397 520 460 αὐτοῖς
547 397 646 450 οὐκ
676 397 850 462 ὄντος,
881 401 938 452 ὲν
967 399 1225 472 μυριάσιν
1249 401 1498 472 ἀπείροις
1523 403 1580 454 αἱ
1605 417 1765 471 στρα-

1880 416 1990 453 rum
2021 402 2067 456 ei
2095 401 2289 456 similis
2325 399 2450 464 erit,
2491 415 2596 468 qua
2633 399 2892 452 fruuntur
2935 395 3114 466 angeli
3144 413 3156 449 :
3191 393 3450 448 nimirum

171 487 292 539 τισὶ
324 487 434 539 τῶν
455 487 710 555 ἀγγέλων
739 490 878 542 εἰσίν
904 507 916 518 ·
949 490 1092 545 οὕτω
1113 493 1220 564 γὰρ
1242 495 1300 546 ὲν
1332 497 1449 555 ταῖς
1480 491 1766 554 όπτασίαις

174 581 204 630 6
239 579 444 650 Δανιὴλ
470 579 789 650 διηγήσατο.
824 581 1036 637 Οὐκοῦν
1071 585 1212 638 κατὰ
1239 585 1330 637 τὸν
1357 585 1516 636 αὐτὸν
1541 585 1766 654 τρόπον,

175 670 342 740 εἴπερ
368 671 610 741 μηδεμία
645 675 972 745 παρατροπή
1005 693 1064 728 τε
1105 677 1200 729 καὶ¹
1225 675 1483 740 ἔκστασις
1516 675 1624 742 ἀπὺ
1665 676 1768 745 τῆς

175 760 483 830 ἀγγελικῆς
515 763 806 832 όμοτιμίας
835 763 894 827 ἐξ
923 765 1196 836 ἁμαρτίας
1229 767 1360 840 ᾐμῖν
1394 765 1636 834 ἐγένετο,
1667 764 1768 816 οὐκ

173 850 246 904 ἂν
269 851 394 904 οὐδὲ
429 853 590 924 ἡμεῖς
619 854 716 906 τοῦ
751 855 930 925 γάμου
961 857 1097 926 πρὸς
1126 858 1217 910 τὸν
1255 857 1572 926 πληθυσμὸν
1609 856 1768 925 ἐδεή-

175 945 376 1014 θημεν.
435 946 575 998 Ἀλλ’
603 947 752 1010 ὅστις
787 949 933 1002 ἐστὶν
982 950 1040 1002 ὲν
1069 951 1134 1019 τῇ
1171 949 1330 1018 φύσει
1371 948 1480 1001 τῶν
1510 948 1762 1016 ἀγγέλων

173 1037 276 1090 τοῦ
310 1037 660 1108 πλεονασμοῦ
686 1039 906 1110 τρόπος,
942 1040 1183 1112 ἄρῤητος
1213 1041 1311 1110 μὲν
1351 1041 1445 1093 καὶ
1477 1039 1767 1109 ἀνεπινόη·

173 1145 268 1190 τος
287 1132 616 1198 στοχασμοῖς
631 1129 1016 1200 ἀνθρωπίνοις,
1041 1131 1178 1202 πλὴν
1201 1131 1337 1186 ἀλλὰ
1361 1131 1577 1194 πάντως
1595 1129 1764 1182 ἐστίν’

183 1215 346 1284 οὗτος
377 1220 442 1273 ἂν
477 1222 570 1275 καὶ
606 1222 696 1274 ἐπὶ
724 1222 833 1274 τῶν
859 1221 1031 1293 βραχύ
1065 1241 1117 1276 τι
1143 1226 1275 1294 παρ’
1305 1223 1568 1292 ἀγγέλους
1603 1221 1768 1290 ὴλατ-

173 1331 256 1364 τω
263 1313 447 1382 μένων
475 1313 778 1382 ἀνθρώπων
805 1317 1128 1385 ἐνήργησεν,
1153 1319 1233 1380 είς
1261 1317 1320 1368 τὸ
1342 1315 1642 1384 ὡρισμένον
1665 1313 1768 1366 ὑπὸ

173 1403 278 1470 τῆς
320 1401 520 1474 βουλῆς
561 1403 656 1455 τοῦ
688 1406 1052 1475 πεποιηκότος
1095 1407 1292 1475 μέτρον
1339 1406 1400 1457 τὸ
1430 1404 1766 1474 ἀνθρώπινον

175 1493 381 1558 αὔξων.
427 1494 492 1546 Εἰ
521 1493 578 1546 δὲ
625 1496 1038 1565 στενοχωρεῖταί
1085 1513 1168 1560 τις
1214 1494 1487 1565 ἐπιζητῶν
1532 1494 1622 1547 τὸν
1668 1493 1768 1563 τῆς

177 1585 456 1648 γενέσεως
491 1585 600 1637 τῶν
639 1585 939 1652 ἀνθρώπων
970 1587 1187 1657 τρόπον,
1228 1589 1275 1640 εἰ
1323 1585 1396 1656 μὴ
1434 1583 1766 1655 προσεδεήθη

175 1673 276 1740 τῆς
298 1672 386 1724 διὰ
417 1673 511 1725 τοῦ
539 1675 718 1745 γάμου
757 1677 1042 1748 συνεργίας
1069 1679 1097 1730 ό
1123 1676 1428 1748 ἄνθρωπος,
1459 1675 1768 1744 ἅντερωτή··

1871 498 1924 542 et
1952 489 2193 543 hominis
2229 497 2355 542 ante
2408 489 2618 558 lapsum
2649 489 2758 542 vita
2790 489 3106 558 angelorum
3173 484 3278 538 fuit
3330 485 3454 538 vitae

1871 587 2261 642 consentanea,
2301 597 2531 650 eamque
2564 582 2706 636 haud
2747 583 2914 636 dubie
2943 581 3013 635 ob
3053 593 3278 634 causam
3331 579 3454 632 vita:

1869 679 2075 725 nostra:
2105 671 2160 724 in
2197 673 2470 740 integrum
2505 672 2779 726 restitutio
2807 671 3218 741 comparatione
3255 668 3320 722 ad
3352 684 3451 721 an-

1869 763 2018 832 gelos
2053 761 2199 815 facta
2238 761 2570 816 declaratur.
2613 764 2904 817 Enimvero
2957 777 3272 832 quanquam
3307 761 3452 814 inter

1869 855 2091 924 angelos
2125 854 2272 907 nulla
2307 855 2380 908 sit
2433 856 2785 924 propagatio,
2845 851 3306 924 quemadmodum
3367 857 3452 906 est

1871 947 2196 1010 indicatum,
2243 955 2422 1000 tamen
2474 961 2663 1001 eorum
2705 946 2876 1015 copia:
2929 959 3160 998 numero
3198 943 3447 1012 quaedam

1869 1036 2094 1091 inﬁnita:
2133 1045 2284 1092 sunt.
2313 1035 2402 1090 Sic
2441 1037 2584 1090 enim
2613 1037 2727 1090 suis
2761 1037 2868 1091 illis
2892 1035 2946 1089 in
2989 1036 3126 1089 visis
3185 1033 3444 1090 Danielus

1869 1137 2282 1183 commemorat.
2310 1129 2516 1182 Idcirco
2541 1129 2586 1182 si
2623 1137 2843 1199 propter
2879 1139 3161 1196 peccatum
3191 1128 3257 1180 de
3297 1135 3444 1182 statu

1867 1229 1922 1274 et
1954 1219 2291 1282 conditione,
2325 1236 2430 1289 qua
2459 1235 2618 1289 pares
2649 1220 2857 1290 angelis
2879 1233 3118 1280 eramus,
3158 1232 3265 1270 non
3299 1217 3448 1270 exci-

1869 1311 2168 1374 dissemus,
2204 1326 2272 1364 ne
2303 1311 2461 1364 nobis
2516 1311 2738 1380 quidem
2788 1309 3047 1378 eonjugio
3101 1307 3168 1360 ad
3229 1308 3448 1376 generis

1867 1404 2044 1458 nostri
2073 1405 2548 1474 ampliﬁcationem
2579 1419 2718 1470 Opus
2753 1403 2968 1460 fuisset.
3009 1401 3145 1454 Nam
3189 1415 3451 1470 quaecun-

1869 1513 1974 1566 que
2001 1495 2220 1548 tandem
2247 1496 2569 1550 incrementi
2599 1495 2842 1565 angelica
2864 1496 2918 1548 in
2942 1503 3138 1548 natura
3159 1493 3260 1546 fuit
3287 1493 3449 1558 ratio,

1869 1600 2032 1655 quam
2062 1585 2297 1640 dicendo
2321 1600 2616 1654 exponere,
2662 1585 2746 1638 vel
2803 1583 3096 1654 cogitando
3145 1583 3453 1650 intelligere

1871 1693 1967 1748 per
1994 1676 2260 1747 quasdam
2310 1677 2658 1744 conjecturas
2711 1675 2982 1730 humanas
3039 1689 3146 1728 non
3201 1671 3286 1727 fas
3344 1679 3450 1735 est,

175 1763 352 1834 σομὶεν
385 1765 481 1817 καὶ
509 1767 670 1835 ἡμεῖς
700 1766 792 1819 τὸν
817 1767 913 1834 τῆς
939 1767 1235 1837 ἀγγελικῆς
1259 1764 1610 1826 ὑποστάσεως
1635 1764 1763 1834 τρό-

1880 1770 1979 1824 nisi
2013 1769 2157 1838 quod
2200 1769 2426 1822 oumino
2483 1768 2718 1836 aliquam
2757 1766 2930 1820 fuisse
2977 1767 3290 1820 necessario
3339 1771 3452 1819 sta-

176 1871 302 1920 πονς
337 1854 458 1918 πῶς
492 1857 550 1908 ὲν
577 1855 827 1926 ἀπείροις
863 1857 1122 1927 μυριάσιν
1157 1859 1374 1917 ἐκεῖνοι,
1413 1854 1507 1907 καὶ
1539 1853 1636 1924 μία
1669 1854 1758 1906 οὑ-

175 1942 270 1992 σία
301 1945 462 2008 ,ὄντες
483 1985 496 2006 ,
533 1945 625 1996 καὶ
659 1946 716 1996 ἐν
743 1945 956 2009 πολλοῖς
987 1947 1403 2017 ἀριθμούμενοι.

1874 1863 2132 1916 tuendum
2161 1869 2282 1916 est:
2311 1863 2500 1915 eadem
2537 1861 2703 1930 igitur
2736 1859 2880 1913 ratio
2907 1859 2962 1910 in
2993 1857 3236 1912 humano
3286 1856 3449 1910 etiam

1871 1967 2090 2021 genere,
2122 1951 2266 2020 quod
2294 1967 2460 2022 prope
2514 1953 2584 2006 ab
2619 1951 2827 2022 angelis
2863 1949 3036 2012 abest,
3099 1947 3453 2018 propagando

175 2031 480 2092 valuisset,
531 2032 708 2087 donec
767 2035 833 2087 ad
882 2052 1173 2091 numerum
1233 2040 1469 2095 consilio
1518 2040 1794 2097 Creatoris
1851 2041 2134 2096 deﬁnitum
2191 2051 2508 2110 perventum
2537 2049 2702 2096 esset.
2739 2041 2892 2107 Quod
2959 2041 3002 2094 si
3036 2041 3195 2107 cujus
3243 2038 3332 2092 hic
3392 2036 3448 2090 in

177 2131 476 2191 angustum
507 2125 777 2194 redigitur
803 2127 1178 2196 intelligentia.
1215 2139 1275 2182 ut
1311 2146 1378 2186 ex
1423 2133 1583 2188 nobis
1617 2133 1760 2187 scire
1789 2133 1938 2196 velit,
1973 2148 2148 2202 ecquo
2200 2132 2416 2187 tandem
2460 2133 2622 2188 modo
2665 2132 2914 2186 homines
2945 2131 3140 2184 orituri
3183 2129 3434 2187 fuissent,

178 2211 228 2265 si
257 2215 504 2285 conjugii
551 2217 868 2286 adjumento
903 2235 1012 2273 non
1044 2222 1364 2290 eguissent:
1396 2240 1520 2279 eum
1549 2225 1786 2280 vicissim
1826 2225 2164 2296 rogabimus.
2205 2225 2482 2294 quomodo
2529 2225 2708 2296 angeli
2751 2225 2862 2280 sint
2905 2224 3035 2288 orti,
3069 2239 3246 2294 quove
3295 2229 3455 2292 pacto

176 2323 302 2360 cum
357 2310 425 2361 ad
467 2309 676 2363 inﬁnita
707 2325 875 2382 pr0pe
910 2313 1079 2367 millia
1112 2315 1221 2368 sint
1259 2316 1494 2380 'dill‘usi,
1529 2327 1582 2370 et
1617 2332 1724 2370 una
1761 2327 1955 2371 natura
1994 2324 2049 2370 et
2083 2317 2240 2370 multi
2266 2333 2390 2372 esse
2419 2331 2650 2372 numero
2667 2317 2900 2386 possint.

219 2493 394 2547 Τοῦτο
409 2493 516 2562 γὰρ
531 2496 853 2566 προσφόρως
872 2496 1314 2567 ἀποκρινούμεθα
1330 2499 1406 2570 τῷ
1425 2503 1776 2572 προφέροντι,

175 2585 312 2650 Πῶς
327 2585 394 2638 ἄν
407 2582 608 2658 ἧνδίχα
619 2587 712 2641 τοῦ
731 2587 906 2658 γάμου
923 2589 951 2639 6
965 2585 1058 2640 ἄνθ
1066 2605 1246 2658 ρωπος
1265 2607 1278 2656 ;
1305 2591 1568 2656 εἰπόντες,
1586 2594 1666 2646 ὅτι
1685 2611 1776 2648 κα-

177 2677 206 2727 ί]
217 2676 294 2739 ὡς
319 2697 340 2729 ε
351 2679 422 2730 ἰσι
445 2679 622 2746 γάμου
635 2679 802 2748 χωρὶς
818 2679 868 2732 οἱ
882 2677 1103 2750 ἄγγελοι
1119 2697 1132 2709 ⁸
1155 2681 1216 2734 τὸ
1231 2681 1336 2752 γὰρ
1350 2683 1534 2753 ὅμοιον
1545 2686 1774 2750 ἐκείνοις

175 2770 277 2821 τὸν
303 2769 590 2840 ἄνθρωπον
615 2767 756 2824 εἶναι
786 2775 920 2844 πρὸς
951 2775 1047 2844 τῆς
1074 2773 1462 2848 παραϐάσεως,
1493 2775 1765 2832 δείκνυσιν

174 2867 210 2928 ἠ
244 2865 326 2926 εἰς
352 2865 527 2916 ἐκεῖνο
557 2864 718 2918 πάλιν
751 2865 1214 2930 ἀποκατάστασις.
1255 2869 1472 2923 Τούτων
1512 2865 1604 2924 οὖν
1636 2873 1768 2942 ἡμῖν

173 2953 332 3004 οὕτω
367 2953 874 3026 διευκρινηθέντων,
910 2958 1192 3012 ἐπανιτέον
1235 2960 1328 3012 ἐπὶ
1365 2961 1456 3013 τὸν
1505 2963 1768 3034 πρότερον

175 3045 348 3110 λόγον
372 3061 384 3072 ·
425 3045 542 3106 πῶς
579 3043 719 3114 μετά
753 3047 850 3115 τὴν
883 3047 1227 3118 κατασκευὴν
1274 3049 1376 3118 τῆς
1407 3051 1635 3114 εἰκόνος,
1672 3049 1770 3120 τὴν

1948 2497 2064 2555 Hoc
2091 2501 2234 2556 enim
2264 2499 2546 2570 aptissime
2591 2497 3046 2568 respondebimus
3095 2496 3330 2566 roganti,
3363 2495 3458 2564 qui

1879 2606 1998 2644 esse
2030 2590 2190 2644 homo
2221 2591 2340 2644 sine
2371 2589 2630 2658 conjugio
2679 2588 2949 2658 potuisset
2978 2604 2992 2640 :
3031 2587 3076 2640 si
3127 2587 3374 2642 dicamus
3403 2587 3456 2642 iu

1877 2682 2035 2736 nobis
2071 2683 2172 2736 hoc
2208 2681 2320 2735 ﬁeri
2353 2681 2576 2750 perinde
2607 2680 2869 2750 potuisse,
2895 2687 3073 2748 .atque
3133 2677 3186 2730 in
3225 2677 3456 2746 angelis,

1877 2774 2050 2844 quiet
2086 2773 2190 2845 ipsi
2242 2773 2497 2844 conjugio
2545 2788 2654 2827 non
2708 2780 2956 2826 utuntur.
3011 2768 3232 2838 Angelis
3275 2776 3456 2822 autem

1875 2877 2296 2922 consentaneam
2323 2866 2557 2920 hominis
2580 2873 2830 2919 naturam
2867 2870 2994 2916 ante
3019 2863 3232 2931 lapsum
3261 2858 3454 2924 fuisse,

1876 2960 1942 3014 de
1971 2961 2072 3012 hoc
2101 2965 2270 3028 patet,
2305 2956 2448 3026 quod
2481 2967 2534 3010 et
2561 2957 2614 3010 in
2653 2956 2922 3026 integrum
2959 2953 3234 3014 restituta,
3266 2951 3453 3004 consi—

1879 3049 2026 3103 milis
2059 3049 2260 3102 eisdem
2296 3047 2420 3100 erit.
2452 3045 2547 3100 llis
2574 3045 2640 3099 ad
2670 3047 2812 3098 hunc
2843 3042 3058 3096 modum
3087 3040 3452 3109 invesﬁgatis,

174 3139 332 3190 λατά
359 3140 418 3192 τὸ
457 3140 622 3210 ἄρρεν
653 3143 748 3194 καὶ.
773 3141 904 3211 θῆλυ
928 3141 1193 3213 διαφορὰν
1222 3145 1250 3194 ό
1272 3141 1404 3204 Θεὸς
1423 3143 1770 3211 ἐπιτεχνᾶται

1880 3139 1946 3192 ad
2005 3139 2056 3194 id
2092 3136 2235 3200 unde
2302 3135 2534 3206 digressi
2587 3151 2800 3194 sumus,
2855 3144 3230 3186 revertamur:
3269 3145 3461 3197 quam-

175 3231 268 3299 τῷ
299 3230 598 3298 πλάσματι.
648 3232 789 3302 Πρὸς
827 3231 982 3284 τοῦτο
1007 3231 1118 3302 γάρ
1160 3249 1302 3302 φημι
1324 3233 1594 3302 χρήσιμον
1634 3225 1773 3282 εἶναι

177 3323 250 3374 τδ
283 3323 746 3393 προδιηνυσμένον
773 3325 902 3391 ἡμῖν
934 3320 1216 3390 θεώρημα.
1267 3322 1324 3373 '0
1351 3321 1458 3391 γὰρ
1493 3321 1559 3373 τὰ
1595 3321 1774 3374 πάντα

179 3413 532 3483 παραγαγὼν
565 3417 642 3477 είς
673 3415 736 3466 τὸ
770 3409 910 3466 εἶναι
937 3455 952 3480 ,
985 3415 1078 3466 καὶ
1120 3414 1240 3466 ὅλον
1267 3415 1324 3466 ὲν
1353 3413 1430 3482 τῷ
1463 3413 1578 3484 ἰδίῳ
1613 3413 1774 3482 θελή-

187 3523 328 3574 ματι
357 3506 450 3558 τὸν
479 3506 765 3577 ἄνθρωπον
797 3509 932 3578 πρὸς
953 3507 1050 3578 τὴν
1085 3506 1236 3560 θείαν
1263 3505 1446 3557 εἰκόνα
1467 3505 1778 3576 διαμορφώ-

183 3615 312 3661 σας,
346 3597 408 3650 οὐ
441 3601 560 3661 ταῖς
587 3598 707 3650 κατ’
731 3599 908 3668 ὀλίγον
933 3597 1270 3669 προσθήκαις
1303 3596 1410 3650 τῶν
1445 3596 1776 3666 ἐπιγινομέ-

183 3709 296 3742 νων
313 3690 598 3760 ἀνέμεινεν
627 3689 752 3742 ἰδεῖν
775 3689 866 3741 ἐπὶ
893 3690 952 3742 τὸ
973 3689 1104 3742 ἴδιον
1129 3689 1404 3759 πλήρωμα
1426 3687 1518 3740 τὴν
1543 3687 1776 3758 ἀριθμὸν

185 3781 300 3834 τῶν
321 3781 512 3850 ψυχῶν
545 3781 916 3851 τελειούμενον
941 3800 952 3811 ·
996 3781 1111 3834 ἀλλ’
1147 3781 1357 3852 ἀθρόως
1393 3780 1542 3850 αὑτῷ
1569 3780 1780 3851 πληρώ-

191 3891 331 3942 ματι
371 3875 550 3926 πᾶσαν
583 3874 683 3944 τὴν
710 3873 1054 3944 ἀνθρωπίνην
1085 3873 1243 3941 φύσιν
1279 3872 1366 3924 διὰ
1401 3873 1500 3941 τῆς
1531 3887 1779 3942 προγνω-

189 3962 394 4030 στικῆς
429 3963 708 4032 ἐνεργείας
739 3966 1112 4034 κατανοήσας,
1150 3963 1244 4016 καὶ
1277 3965 1342 4036 τῇ
1388 3963 1564 4033 ὑψηλῇ
1599 3980 1658 4015 τε
1685 3963 1780 4015 καὶ

193 4055 476 4124 ιτα-[γέλῳ
514 4055 666 4126 λήξει
701 4057 958 4125 τιμήσας,
993 4055 1178 4126 ἐπειδὴ
1210 4055 1424 4125 προεῖδε
1449 4057 1516 4125 τῇ
1549 4055 1776 4123 ὁρατικῇ

189 4146 424 4216 δυνάμει
459 4147 532 4216 μὴ
560 4145 974 4216 εὑθιδποροῦσαν
1009 4146 1146 4217 πρὸς
1177 4146 1240 4198 τὸ
1269 4145 1432 4199 καλὸν
1459 4147 1558 4215 τὴν
1589 4145 1780 4215 προαί-

197 4254 375 4307 ρεσιν,
405 4236 500 4289 καὶ
527 4235 616 4289 διὰ
637 4235 795 4288 τοῦτο
819 4236 918 4305 τῆς
943 4237 1243 4306 ἀγγελικῆς
1268 4235 1415 4304 ζωῆς
1449 4237 1784 4290 ἀποπίπτου-

195 4346 298 4381 σαν
321 4344 336 4355 ⁸
366 4327 441 4390 ὡς
468 4327 532 4380 ἂν
558 4327 632 4398 μὴ
655 4321 982 4394 κολοϐωθείη
1010 4327 1070 4380 τὸ
1097 4327 1206 4379 τῶν
1232 4327 1416 4397 ψυχῶν
1444 4328 1553 4380 τῶν
1576 4328 1784 4399 ἀνθρω-

194 4419 375 4470 πίνων
403 4417 604 4487 πλῆοος
625 4457 640 4480 ,
673 4417 904 4470 ἐκπεσὸν
931 4418 1140 4470 ἐκείνου
1175 4418 1269 4471 τοῦ
1304 4420 1530 4490 τρόπου,
1566 4420 1689 4474 καθ’
1723 4420 1782 4472 ὂν

193 4519 242 4568 οἱ
272 4513 502 4582 ἄγγελοι
531 4513 666 4581 πρὸς
685 4511 746 4565 τὸ
777 4512 978 4582 πλῆθος
1008 4513 1322 4584 ηὐξήθησαν
1347 4531 1360 4544 ·
1386 4514 1474 4567 διὰ
1503 4517 1659 4570 τοῦτο
1684 4517 1783 4584 τὴν

195 4606 542 4675 κατάλληλον
588 4608 702 4668 τοῖς
742 4607 821 4668 εἰς
874 4605 1152 4676 ἁμαρτίαν
1204 4606 1630 4677 κατολισθήσασι
1679 4607 1780 4676 τῆς

195 4697 488 4768 αὐξήσεως
523 4697 764 4749 ἐπίνοιαν
809 4696 1272 4764 ὲγκατασκευάζει
1315 4699 1380 4768 τῇ
1433 4697 1592 4765 φύσει
1617 4739 1632 4762 ,
1664 4699 1784 4752 ἀντὶ⁸

193 4793 296 4859 τῆς
325 4787 624 4858 ἀγγελικῆς
655 4787 1022 4857 μεγαλοτυῖας
1055 4789 1143 4841 τὸν
1170 4789 1416 4860 κτηνώδη
1443 4807 1504 4841 τε
1529 4790 1624 4842 καὶ
1657 4789 1780 4842 ἄλο-

197 4899 296 4951 γον
341 4882 442 4952 τῆς
469 4879 526 4944 ἐξ
555 4880 798 4950 ἀλλήλων
823 4879 1068 4950 διαδοχῆς
1099 4880 1299 4951 τρόπον
1339 4881 1682 4950 ὲμφυτεύσας
1715 4883 1781 4951 τῇ

197 4975 610 5046 ἀνθρωττότητι.
656 4971 940 5026 Ἐντεῦθέν
979 4990 1068 5042 μοι
1107 4973 1254 5028 δοκεῖ
1287 4976 1380 5027 καὶ
1409 4978 1438 5028 6
1481 4975 1657 5044 μέγας
1689 4977 1786 5027 Δα-

203 5067 290 5118 ωδ
333 5063 810 5132 κατοικτιζόμενος
842 5062 936 5116 τοῦ
985 5061 1272 5134 ἀνθρώπου
1317 5065 1415 5136 τὴν
1452 5066 1744 5132 ἀθλιότητα
1767 5105 1780 5129 ,

201 5157 468 5219 τοιούτοις
485 5155 662 5222 λόγοις
676 5156 846 5208 καταο
857 5155 1088 5226 ρηνῆσαι
1104 5154 1200 5226 τὴν
1215 5155 1393 5224 φύσιν·
1416 5155 1498 5207 ὅτι
1517 5173 1533 5206 ι
1550 5155 1682 5206 Ἀνο
1693 5171 1790 5224 ρω-

207 5267 308 5312 πος
345 5249 404 5299 ἐν
431 5249 564 5316 τιμῇ
597 5247 672 5298 ὣν
699 5248 760 5299 οὐ
794 5247 990 5316 συνῆκε
1010 5263 1024 5276 ⁸
1057 5265 1074 5297 ›
1106 5247 1268 5316 τιμὴν
1297 5246 1490 5315 λέγων,
1527 5245 1624 5299 τὴν
1651 5245 1786 5316 πρὸς

201 5333 334 5380 τοὺς
361 5327 626 5394 ἀγγέλους
651 5328 960 5396 όμοτιμίαν.
982 5329 1080 5382 Διὰ
1106 5330 1281 5396 τοῦτο,
1317 5334 1468 5401 φησι,
1503 5351 1790 5404 παρασυν-

201 5409 412 5480 ε6).ήθη
465 5413 576 5473 τοῖς
615 5411 838 5481 κτήνεσι
895 5417 1010 5476 τοῖς
1066 5415 1342 5486 ἀνοήτοις,
1405 5419 1496 5470 καὶ
1532 5419 1786 5492 ὡμοιώθη

207 5504 417 5564 αὐτοῖς.
457 5503 666 5564 Ὄντως
698 5501 810 5573 γὰρ
850 5505 1128 5578 κτηνώδης
1168 5509 1384 5578 ἐγένετο
1419 5513 1446 5564 ό
1479 5511 1576 5583 τὴν
1615 5512 1788 5584 ῥοώδη

281 5679 326 5712 ⁶¹
357 5678 502 5734 Psal.
535 5695 724 5740 xtvm,
745 5679 834 5735 2t.

1876 3232 2062 3282 ohrem
2083 3228 2329 3282 videlicet
2353 3227 2515 3290 Deus,
2531 3241 2654 3280 cum
2681 3224 2970 3293 imaginem
2997 3223 3080 3276 sui
3099 3221 3456 3280 condidisset,

1876 3335 2040 3375 sexus
2119 3319 2348 3372 masculi
2407 3317 2732 3386 femineique
2792 3314 3088 3369 discrimen
3159 3311 3454 3366 addiderit.

1879 3411 2137 3482 Equidem
2170 3411 2236 3464 ad
2282 3409 2698 3478 explicationem
2749 3407 2918 3476 hujus
2945 3403 3264 3474 quaestionis
3315 3403 3450 3457 utile

1877 3505 1993 3557 fore
2019 3501 2292 3562 existimo,
2327 3498 2470 3568 quod
2509 3498 2667 3567 paulo
2698 3505 2823 3550 ante
2856 3495 3260 3550 considerando
3290 3493 3449 3563 quasi

1877 3593 2272 3655 conclusimus,
2301 3589 2493 3653 Deum,
2527 3588 2624 3658 qui
2656 3598 2806 3642 creat
2834 3587 3040 3650 omnia,
3073 3586 3250 3655 deque
3280 3585 3453 3638 animi

1878 3687 1962 3741 sui
2002 3683 2272 3739 sententia
2299 3681 2574 3735 hominem
2602 3687 2777 3733 totum
2814 3677 2880 3730 ad
2905 3676 3194 3746 imaginem
3217 3674 3458 3728 divinam

1878 3775 2285 3836 conformavit,
2343 3772 2588 3826 noluisse
2656 3769 2966 3822 animorum
3032 3781 3318 3821 numerum
3379 3765 3454 3818 ita

1879 3867 2164 3936 compleri,
2199 3873 2257 3918 ut
2287 3879 2436 3918 nunc
2467 3864 2554 3916 his
2591 3875 2737 3916 nunc
2768 3860 2876 3914 illis
2916 3860 2972 3914 in
3005 3859 3182 3912 lucem
3217 3856 3454 3927 posteris

1878 3957 2039 4012 editis
2066 3955 2448 4022 adaugeretur,
2483 3951 2576 4006 sed
2605 3965 2727 4004 cum
2758 3949 2948 4004 eodem
3002 3955 3302 4010 momento,
3355 3961 3463 4018 quo

1879 4057 2134 4102 naturam
2183 4045 2476 4097 humanam
2530 4041 2796 4102 condidit.
2850 4055 2970 4093 eam
3042 4039 3353 4093 universam
3411 4047 3466 4090 et

1882 4139 2148 4205 integram
2184 4131 2442 4187 facultate
2472 4145 2570 4184 sua
2621 4129 2806 4182 futura
2861 4129 3225 4197 prospiciente
3277 4128 3458 4181 intue-

1880 4237 2058 4290 retur,
2116 4225 2444 4293 excelsoque
2495 4223 2552 4275 in
2617 4220 2902 4291 dignitatis
2963 4220 3178 4290 gradu,
3247 4229 3302 4272 et
3365 4218 3462 4288 qui

1882 4320 2197 4389 angelorum
2222 4315 2520 4370 conditioni
2545 4329 2642 4383 par
2668 4321 2834 4376 esset,
2858 4312 3156 4366 collocaret
3181 4329 3194 4365 :
3217 4311 3465 4364 animad-

1883 4413 2114 4466 vertisse
2155 4410 2206 4462 vi
2253 4409 2478 4469 divina,
2526 4407 2754 4461 liberam
2809 4405 3048 4459 hominis
3097 4405 3150 4458 in
3213 4403 3466 4473 eligendo

1816 4481 1860 4534 Β
1889 4503 2224 4556 voluntatem
2255 4515 2362 4554 non
2396 4498 2497 4568 (uti
2527 4497 2780 4566 debebat)
2803 4497 3023 4550 virtutis
3047 4495 3190 4548 viam
3233 4495 3463 4565 ingredi.

1891 4599 2079 4665 Itaque
2115 4593 2206 4646 ubi
2231 4593 2298 4646 de
2333 4593 2490 4646 beato
2531 4589 2656 4643 vitm
2685 4589 2944 4659 angelicae
2975 4595 3122 4642 statu
3157 4587 3468 4648 exorlu'ttas-

1893 4693 1995 4751 Set,
2045 4701 2114 4739 ne
2163 4684 2526 4738 humanorum
2565 4681 2872 4736 animorum
2907 4681 3058 4734 natio
3112 4679 3233 4733 sine
3283 4680 3464 4733 incre-

1893 4783 2078 4832 mento
2140 4784 2308 4836 esset,
2365 4775 2572 4829 amisso
2645 4771 3056 4843 propagationis
3127 4769 3313 4834 modo,
3354 4784 3465 4840 quo

1891 4869 2206 4938 angelorum
2236 4875 2394 4920 erant
2424 4875 2598 4920 aucta:
2631 4862 2821 4932 capim,
2875 4861 3143 4915 rationem
3168 4859 3462 4929 quamdam

1890 4961 2134 5022 invenit,
2203 4973 2308 5028 qua
2383 4973 2555 5028 genus
2622 4955 2916 5008 humanum
2999 4951 3462 5023 ampliﬁcaretur,

1890 5061 2317 5108 conscntaneam
2355 5061 2561 5104 naturae
2613 5055 2836 5108 nostrai,
2865 5044 2960 5114 qui
2998 5044 3051 5098 in
3108 5043 3301 5096 vitium
3337 5057 3465 5112 pro—

1895 5145 2034 5215 lapsi
2085 5158 2326 5198 eramus.
2374 5141 2509 5195 Nam
2567 5155 2664 5210 pro
2717 5145 3010 5207 praestante
3056 5137 3152 5190 illo
3210 5135 3465 5204 angelicae

1897 5246 2110 5292 natura:
2141 5235 2302 5289 modo
2335 5233 2501 5287 alium
2540 5229 2828 5301 quemdam
2863 5230 3020 5284 nobis
3063 5229 3363 5290 concessit,
3409 5237 3464 5284 ut

1895 5327 2183 5381 brutorum
2211 5323 2548 5390 rationisque
2579 5319 2884 5388 expertium
2941 5317 3262 5371 animalium
3317 5330 3470 5370 mone

1897 5423 2115 5472 nosmet
2147 5411 2500 5485 propagando
2533 5415 3002 5479 perpetuaremus.
3039 5406 3189 5461 lianc
3218 5407 3288 5460 ob
3339 5419 3468 5458 cau-

1899 5525 2014 5566 sam
2070 5521 2299 5578 magnus
2347 5503 2438 5560 ille
2482 5496 3334 5566 Davides“,liominismiseriam
3382 5497 3474 5552 his
