3886 6214
330 6113 364 6143 ἱ

431 283 523 338 μοι

1602 282 1659 338 S.
1703 281 2032 341 GREGORII
2075 287 2372 347 NYSSENI

3613 287 3722 340 199.

431 399 564 456 mihi
595 398 779 453 verbis
800 398 1122 470 deplorasse
1143 399 1363 454 videtur
1391 416 1404 454 :
1445 418 1463 449 ι
1503 398 1677 454 Homo
1707 416 1833 456 cum
1864 410 2012 458 esset

2130 405 2320 478 ratith
2360 405 2574 476 γένεσιν
2615 411 2680 479 τῇ
2728 409 2888 476 φύσει
2943 407 3390 479 παραδεξάμενος
3416 449 3431 472 ,
3489 406 3576 460 διὰ
3613 405 3718 474 τὴν

431 494 485 546 in
516 489 804 559 dignitate,
828 491 1075 544 animum
1100 505 1210 545 non
1239 491 1477 545 advertit
1507 509 1521 545 :
1561 510 1580 543 ι
1635 493 1894 547 nimirum
1921 509 2019 563 per

2125 497 2263 568 πρὸς
2290 499 2352 552 τὸ
2382 500 2584 564 ὑλῶδες
2609 502 2798 572 ῥοπήν.

429 581 708 650 dignitatis
739 589 943 636 statum
985 581 1273 646 intellexit,
1312 583 1522 652 angelis
1571 582 1852 639 hominem
1900 586 2217 643 conditione
2268 605 2454 660 parem
2517 591 2709 656 fuisse,
2770 592 2994 661 subjicit
3047 603 3280 649 autem:
3332 592 3542 648 Idcirco
3572 591 3709 645 bru-

433 677 502 728 tis
548 684 634 730 est
677 674 1055 730 animantibus
1086 683 1462 744 comparatus,
1495 682 1550 730 et
1597 677 1788 732 iisdem
1835 676 2070 734 effectus
2104 681 2326 736 similis.
2383 683 2640 740 Profecto
2691 687 2836 740 enim
2871 687 3175 750 obbrutuit,
3218 697 3504 756 postquam
3557 700 3716 738 more

431 767 717 824 brutorum
779 770 1072 842 propagari
1131 770 1340 840 coepit,
1399 770 1766 841 degenerante
1823 773 2001 844 ipsius
2054 779 2397 844 praestantia,
2446 795 2617 850 seque
2665 781 2986 837 demittente
3027 781 3095 836 ad
3138 791 3354 837 naturae
3406 779 3711 838 crassioris

431 861 824 918 conditionem.

1005 978 1237 1038 CAPUT
1277 979 1462 1038 XVIII.

434 1070 868 1128 Pcrturbationes
899 1073 956 1127 in
985 1075 1136 1128 nobis
1172 1074 1362 1136 animi,
1394 1075 1600 1128 alienas
1630 1092 1664 1127 a
1687 1076 1917 1140 ratione,
1953 1090 2021 1130 ea:

563 1143 660 1196 hac
687 1160 806 1197 cum
835 1144 1111 1197 brutorum
1140 1154 1336 1198 natura
1367 1147 1681 1216 cognatione
1712 1146 1867 1199 oriri.

506 1232 642 1288 Nam
698 1235 952 1304 equidem
1008 1236 1287 1300 existimo,
1343 1237 1412 1292 de
1459 1238 1563 1291 hac
1619 1238 1739 1308 ipsa
1801 1237 2018 1306 origine

435 1326 882 1395 perturbationes
921 1327 1090 1382 animi
1124 1343 1316 1384 omnes
1341 1337 1396 1384 et
1428 1331 1697 1400 singulas,
1745 1340 2013 1400 tanquam

379 1428 384 1433 ‘
435 1418 585 1472 fonte
614 1422 999 1482 scaturientes,
1027 1421 1083 1474 in
1115 1419 1358 1474 hominis
1385 1430 1637 1475 naturam
1669 1420 2010 1476 redundare.

433 1512 615 1580 Atque
648 1511 752 1566 hoc
783 1519 933 1567 recte
981 1512 1057 1566 ita
1102 1514 1291 1577 statui,
1328 1522 1655 1583 argumento
1683 1524 1767 1568 est
1792 1555 1806 1578 ,
1865 1513 2013 1584 quod

436 1605 880 1674 perturbationes
911 1605 1066 1677 ipsae,
1112 1621 1234 1674 qua:
1264 1606 1470 1676 pariter
1501 1613 1556 1660 et
1603 1607 1658 1661 in
1687 1605 1849 1660 nobis
1875 1613 1929 1658 et
1957 1603 2014 1658 in

436 1694 619 1751 brutis
648 1697 946 1761 exsistunt,
980 1706 1226 1766 cognata:
1252 1698 1488 1767 quodam
1515 1696 1678 1751 modo
1709 1706 1858 1751 sunt.
1891 1694 2012 1750 Non

431 1789 580 1842 enim
609 1795 756 1842 certe
785 1787 867 1843 fas
896 1797 984 1844 est
1011 1786 1217 1855 dicere,
1243 1789 1513 1858 originem
1540 1789 2013 1858 perturbationum
2049 1769 2091 1828 Β

435 1881 635 1951 quibus
665 1878 954 1945 aﬂlcimur,
986 1881 1050 1935 ad
1082 1880 1382 1936 humanam
1417 1888 1672 1934 naturam
1720 1896 1843 1935 esse
1875 1878 2018 1934 refe-

435 1973 686 2037 rendam,
714 1987 842 2026 cum
891 1986 956 2026 ea
1001 1971 1077 2028 sit
1132 1972 1199 2026 ad
1248 1971 1343 2026 Dei
1403 1972 1759 2027 simulacrum
1794 1970 2019 2024 confor-

435 2072 634 2131 mata;
702 2064 797 2120 sed
869 2064 1000 2135 quia
1065 2063 1220 2134 prius
1287 2063 1392 2118 hoc
1459 2065 1515 2117 in
1587 2064 1792 2117 mundo
1855 2064 2021 2117 bruta

435 2158 789 2222 exstiterunt,
812 2171 936 2211 cum
958 2157 1159 2227 quibus
1182 2156 1436 2210 nonnihil
1458 2164 1544 2211 est
1565 2155 1772 2209 homini
1806 2156 2020 2226 (quem-

435 2248 728 2304 admodum
817 2248 1130 2318 expositum
1213 2247 1333 2316 est)
1418 2261 1756 2310 commune,
1821 2244 2019 2300 modus

436 2340 689 2395 videlicet
719 2347 916 2394 ortus:
951 2337 1160 2393 idcirco
1189 2345 1243 2392 et
1280 2337 1387 2391 alia
1436 2335 1690 2408 quaedam
1728 2335 2018 2390 brutorum

437 2440 650 2487 naturae
695 2447 759 2485 ac
815 2430 1098 2484 hominum
1155 2429 1474 2484 communia
1523 2443 1648 2484 esse
1707 2436 2017 2498 ets-perunt.

435 2521 624 2594 Neque
657 2523 802 2578 enim
836 2521 1002 2577 homo
1035 2520 1130 2576 Dei
1180 2519 1351 2576 refert
1395 2519 1718 2590 imaginem,
1755 2535 1864 2589 qua
1906 2520 2018 2572 ira-

434 2615 638 2671 cundia
670 2614 935 2685 praaditus
963 2622 1048 2670 est
1076 2631 1091 2680 ;
1125 2628 1306 2683 neque
1334 2611 1590 2683 voluptas
1621 2611 2020 2682 praestantissi-

437 2722 541 2762 mae
572 2715 782 2762 natura:
822 2715 954 2761 nota
989 2705 1170 2776 putari
1197 2705 1382 2768 debet,
1411 2705 1555 2760 sicut
1573 2708 1635 2760 'et
1656 2704 1945 2768 timiditas,
1968 2712 2024 2755 et

437 2797 693 2864 audacia,
742 2806 800 2853 et
839 2797 1107 2867 majorum
1165 2797 1461 2867 cupiditas,
1507 2806 1563 2851 et
1610 2796 1797 2850 odium
1847 2803 2024 2850 status

437 2890 748 2956 deterioris,
781 2898 1087 2959 caeteraque
1115 2888 1203 2944 his
1237 2888 1551 2944 consimilia
1582 2889 1743 2959 longe
1777 2902 1807 2941 a
1838 2887 2026 2941 divino

439 2981 534 3036 Illo
571 2981 888 3035 charactere
917 2980 1142 3035 absunt.
1181 2977 1533 3048 Quapropter
1561 2978 1678 3032 haec
1705 2985 1931 3046 accepta
1959 2977 2026 3030 de

2645 985 3050 1040 ΚΕΦΑΛΑΙΟΝ
3081 987 3188 1042 IH'.

2121 1071 2263 1150 "ore
2291 1073 2366 1127 τὰ
2403 1073 2595 1150 ἄλογα
2622 1074 2693 1127 ἐν
2739 1075 2884 1144 ἡμῖν
2918 1076 3076 1150 πάθη
3099 1078 3188 1150 ’ἐκ
3210 1148 3219 1150 μ
3240 1077 3353 1147 τῆς
3384 1079 3536 1148 πρὸς
3585 1080 3710 1150 τὴν

2187 1143 2414 1212 ἄλογον
2433 1145 2622 1212 φύσιν
2653 1148 3013 1214 συγγενείας
3052 1146 3158 1212 τὰς
3191 1143 3463 1218 ἀφορμὰς-
3484 1143 3634 1220 ἔχει.

2181 1225 2353 1304 Οἶμαι
2378 1235 2488 1306 γάρ
2523 1236 2589 1288 ἐκ
2625 1236 2724 1306 τῆς
2751 1237 2924 1306 ἀρχῆς
2951 1235 3156 1305 ταύτης
3184 1241 3276 1291 καὶ
3321 1240 3388 1293 τά
3425 1243 3544 1293 καθ’
3569 1242 3710 1294 ἒκα-

2120 1341 2244 1378 στον
2279 1325 2446 1397 πάθη,
2471 1323 2581 1380 οἷον
2611 1327 2674 1380 ἐκ
2709 1345 2853 1391 τινος
2878 1329 3060 1399 πηγῆς
3097 1331 3412 1384 συνδοθέντα
3441 1335 3711 1405 πλημμυ-

2121 1421 2238 1489 ρεῖν
2265 1419 2324 1472 ὲν
2352 1422 2419 1490 τῇ
2443 1419 2756 1492 ἀνθρωπίνῃ
2785 1422 2923 1492 ζωῇ.
2954 1423 3264 1494 Τεκμήριον
3287 1423 3344 1476 δὲ
3369 1425 3476 1477 τῶν
3509 1425 3708 1494 λόγων,

2117 1514 2153 1583 ὴ
2189 1513 2296 1565 τῶν
2330 1513 2667 1583 παθημάτων
2699 1513 3023 1584 συγγένεια,
3058 1515 3199 1568 κατά
3222 1516 3284 1568 τὸ
3314 1512 3433 1570 ῖσον
3464 1520 3598 1588 ἡμῖν
3642 1537 3708 1572 τε

2120 1604 2215 1657 καὶ
2243 1607 2354 1669 τοῖς
2390 1605 2606 1674 ἀλόγοις
2644 1607 3041 1678 ἐμφαινομένη.
3081 1608 3155 1661 Ού
3195 1611 3307 1680 γάρ
3342 1609 3406 1680 δὴ
3438 1610 3598 1680 θέμις
3633 1613 3705 1682 τῇ

2120 1697 2436 1770 ἀνθρωπίνῃ
2464 1698 2644 1766 φύσει,
2688 1701 2753 1770 τῇ
2797 1699 2938 1752 κατά
2961 1699 3019 1752 τὸ
3049 1701 3193 1752 θεῖον
3223 1697 3362 1764 εἶδος
3399 1721 3710 1774 μεμορφω-

2122 1792 2296 1863 μένῃ.
2326 1793 2424 1862 τῆς
2469 1791 2747 1861 ὲμπαθοῦς
2790 1791 3083 1856 διαθέσεως
3117 1799 3561 1866 προσμαρτυρεῖν
3605 1798 3711 1860 τὰς

2120 1881 2346 1951 πρώτας
2391 1881 2589 1950 ἀρχάς.
2648 1881 2790 1932 Ἀλλ’
2837 1883 3026 1953 ἐπειδὴ
3083 1885 3442 1954 προεισῆλθεν
3491 1889 3569 1949 είς
3615 1888 3710 1940 τὸν

2118 1964 2320 2036 κόσμον
2343 1965 2530 2018 τοῦτον
2553 1967 2587 2037 ἡ
2619 1965 2728 2018 τῶν
2758 1966 2968 2034 ἀλόγων
3002 1967 3135 2038 ζωὴ,
3162 1967 3288 2038 ἔσχε
3314 1968 3370 2021 δέ
3403 1987 3455 2021 τι
3482 1970 3571 2023 διὰ
3598 1972 3702 2040 τὴν

2119 2058 2416 2130 εἰρημένην
2440 2059 2618 2112 αἰτίαν
2639 2061 2738 2130 τῆς
2755 2061 2963 2113 ἐκεῖθεν
2987 2060 3201 2130 φύσεως
3225 2065 3320 2115 καὶ
3348 2064 3376 2115 ό
3397 2062 3708 2134 ἄνθρωπος,

2119 2150 2182 2203 τὸ
2207 2150 2348 2204 κατά
2369 2150 2465 2221 τὴν
2485 2151 2697 2220 γένεσιν
2721 2151 2885 2219 λέγω,
2912 2151 3257 2222 συμμετέσχε
3286 2153 3372 2206 διά
3392 2154 3579 2207 τούτου
3613 2173 3690 2210 κα

2117 2241 2228 2296 τῶν
2267 2242 2471 2296 λοιπῶν
2507 2242 2616 2295 τῶν
2663 2244 2720 2295 ὲν
2757 2245 2943 2316 ἐκείνῃ
2986 2243 3377 2315 θεωρουμένων
3416 2249 3480 2318 τῇ
3523 2248 3708 2316 φύσει.

2121 2335 2196 2386 Οὐ
2236 2333 2345 2406 γάρ
2374 2334 2516 2387 κατά
2555 2334 2647 2388 τὸν
2677 2333 2849 2406 θυμόν
2895 2338 3013 2388 ἐστι
3041 2335 3134 2388 τοῦ
3172 2336 3460 2408 ἀνθρώπου
3497 2341 3528 2409 ή
3569 2341 3714 2410 πρὸς

2120 2426 2182 2479 τὸ
2197 2425 2348 2479 Θεῖον
2378 2425 2658 2496 ὁμοίωσις,
2691 2425 2816 2478 οῦτε
2841 2426 2930 2478 διὰ
2962 2427 3063 2496 τῆς
3089 2426 3282 2498 ἡδονῆς
3303 2431 3335 2500 ἡ
3367 2431 3713 2501 ὑπερέχουσα

2123 2520 2588 2592 χαρακτηρίζεται
2623 2519 2802 2590 φύσις,
2843 2519 3014 2576 δειλία
3048 2539 3105 2574 τε
3146 2523 3234 2575 καὶ
3278 2521 3497 2594 θράσος.
3542 2525 3644 2577 καὶ
3679 2527 3707 2594 ἡ

2121 2605 2214 2658 τοῦ
2241 2605 2482 2668 πλείονος
2507 2605 2711 2673 ἔφεσις,
2743 2605 2836 2658 καὶ
2865 2605 2924 2658 τὸ
2950 2607 3088 2675 πρὸς
3129 2607 3189 2659 τὺ
3217 2607 3572 2660 ἐλαττοῦσθαι
3624 2612 3710 2680 μῖ-

2125 2713 2244 2760 σος,
2275 2696 2581 2749 καὶ-πάντα
2623 2695 2692 2749 τά
2729 2695 2954 2749 τοιαῦτα
3001 2695 3190 2768 πόρρω
3232 2697 3324 2750 τοῦ
3368 2697 3711 2768 θεοπρεποῦς

2124 2787 2465 2859 χαρακτῆρός
2487 2789 2624 2842 ἐστι.
2657 2787 2840 2840 Ταῦτα
2870 2789 3049 2842 τοίνυν
3076 2791 3140 2840 ὲκ
3164 2787 3257 2840 τοῦ
3283 2788 3477 2857 ἀλόγου
3507 2792 3709 2863 μέρους

2122 2882 2156 2950 ἡ
2198 2879 2513 2951 ἀνθρωπίνη
2558 2879 2719 2948 φύσις
2758 2880 2896 2950 πρὸς
2937 2880 3133 2951 έαυτὴν
3181 2881 3560 2950 ἐφειλκύσατο.
3619 2877 3710 2947 Οἷς

2123 2971 2234 3042 γὰρ
2254 2974 2287 3042 ἡ
2308 2971 2498 3040 ἄλογος
2519 2971 2632 3042 ζωὴ
2649 2972 2785 3042 πρὸς
2805 2973 3132 3044 συντήρησιν
3150 2973 3346 3042 ἑαυτῆς
3371 2973 3708 3043 ὴσφαλίσθη,

440 3071 641 3133 brutis,
697 3071 937 3124 hominis
999 3084 1271 3139 usurpare
1327 3078 1527 3123 natura
1578 3069 1766 3138 erepit.
1807 3067 2024 3132 Quibus

2130 3060 2296 3116 ταῦτα
2328 3064 2464 3134 πρὸς
2485 3066 2576 3117 τὸν
2617 3063 2958 3135 ἀνθρώπινον
2984 3063 3374 3134 μετενεχθέντα
3401 3064 3537 3132 βίον.
3562 3066 3706 3135 πάθη

439 3162 584 3214 enim
621 3160 788 3213 rebus
844 3161 956 3213 vita
992 3160 1281 3214 brutorum
1346 3158 1414 3212 ad
1473 3173 1532 3213 se
1583 3158 2023 3212 conservandum

2130 3126 2384 3214 ἐγένετο..
2420 3147 2592 3218 Θυμῷ
2642 3126 2878 3218 μὲνγὰρ
2928 3126 3274 3218 σύντηρείται
3315 3126 3706 3221 τάὧμοϐὀραί

440 3250 654 3304 munita
703 3257 809 3312 est,
859 3266 936 3304 ea:
968 3265 1053 3305 res
1106 3251 1174 3304 ad
1221 3251 1460 3306 hominis
1507 3251 1673 3304 vitam
1723 3250 2023 3313 translatae,

441 3354 572 3400 sunt
604 3346 688 3399 hae
719 3346 851 3416 ipsae
883 3345 953 3400 de
982 3344 1183 3414 quibus
1224 3343 1523 3412 loquimur,
1552 3341 1724 3395 animi
1757 3344 1872 3396 sive
1905 3356 2028 3410 per-

440 3436 824 3500 turbationes,
877 3436 991 3490 sive
1049 3433 1388 3488 aﬂ‘ectiones.
1474 3431 1759 3486 Iracundia
1817 3432 2027 3487 belluas

440 3522 766 3577 crudiroras
796 3530 984 3576 tuetur
1007 3522 1077 3576 ab
1117 3521 1383 3576 interitu:
1421 3519 1685 3576 fecundas
1731 3522 2028 3590 voluptatis

443 3617 738 3686 appetitus,
771 3615 1020 3670 imbelles
1043 3615 1338 3686 trepidatio
1364 3633 1376 3670 :
1403 3629 1526 3683 quae
1554 3630 1584 3668 a
1611 3613 2027 3669 robustioribus

444 3723 506 3763 se
569 3707 713 3762 tueri
775 3713 1094 3776 nequeunt,
1157 3716 1379 3762 metus:
1447 3705 2030 3780 grandeS'sustentat

445 3801 738 3870 ingluvies.
774 3799 1111 3869 Contraque,
1166 3801 1214 3855 si
1268 3815 1380 3870 quo
1430 3800 1597 3870 potiri
1631 3800 1776 3869 quod
1830 3799 2030 3870 volupe

447 3890 520 3945 sit
547 3898 845 3960 nequeant.
881 3889 936 3944 id
964 3890 1212 3945 dolorem
1242 3889 1297 3943 in
1328 3889 1410 3944 eis
1439 3891 1665 3955 excitat,
1697 3888 1822 3944 Haec
1847 3890 2029 3943 omnia

447 3991 504 4038 et
533 3981 622 4036 his
657 3981 763 4035 alia
820 3981 1133 4035 consimilia
1164 3981 1414 4051 quaedam
1451 3995 1560 4034 una
1592 3995 1717 4035 cum
1772 3996 2033 4051 procrea-

448 4077 599 4130 tione
620 4076 785 4129 bruta
814 4075 1055 4130 hominis
1081 4073 1360 4144 Opilicium
1385 4085 1812 4143 occupaverunt.
1843 4073 2032 4128 Liceat

449 4175 634 4223 autem
683 4167 820 4222 mihi
852 4167 956 4222 hoc
987 4168 1108 4221 loco
1157 4166 1225 4222 de
1257 4168 1601 4237 sculptorum
1649 4167 2030 4236 praestantium

448 4275 624 4328 more,
655 4260 893 4314 hominis
941 4259 1233 4327 imaginem
1268 4259 1324 4312 vi
1377 4259 1649 4314 orationis
1696 4258 2030 4328 exprimere.

450 4349 922 4417 Quemadmodum
954 4350 1101 4404 enim
1143 4348 1334 4403 videre
1363 4355 1446 4402 est
1492 4347 1758 4417 quasdam
1804 4346 2030 4418 efﬁgies,

2129 3233 2411 3303 φιληδονία
2437 3235 2494 3287 δὲ
2527 3236 2597 3287 τὰ
2634 3235 3031 3303 πολυγονοῦντα
3065 3236 3174 3288 τῶν
3208 3233 3362 3300 ζώων
3386 3236 3551 3300 σώζει
3577 3255 3592 3268 °
3626 3239 3711 3292 τὸν

2129 3326 2352 3379 ἄναλκιν
2383 3327 2630 3398 ήδειλία,
2661 3329 2753 3382 καὶ
2788 3329 2879 3381 τὸν
2906 3329 3175 3382 εὐάλωτον
3205 3333 3316 3392 τοῖς
3343 3331 3713 3403 ἰσχυροτέροις

2129 3421 2157 3472 ὁ
2199 3421 2394 3488 φόσος,
2428 3420 2519 3473 τὸν
2555 3420 2612 3473 δὲ
2663 3420 3005 3492 πολύσαρκον
3039 3423 3072 3492 ἡ
3124 3421 3447 3492 λαιμαργία.
3492 3425 3597 3477 Καὶ
3658 3424 3714 3477 τὺ

2129 3511 2448 3583 διαμαρτεῖν
2474 3513 2784 3566 οὑτινοσοῦν
2831 3515 2940 3566 τῶν
2970 3513 3092 3566 καθ’
3126 3513 3340 3583 ἡδονὴν,
3381 3513 3560 3585 λύπης
3588 3516 3718 3569 ὑπό-

2129 3601 2280 3664 θεσις
2323 3605 2381 3655 ὲν
2431 3607 2544 3667 τοῖς
2599 3604 2818 3673 ἀλόγοις
2865 3604 3000 3659 ἐστί.
3046 3605 3233 3658 Ταῦτα
3280 3605 3460 3660 πάντα
3506 3609 3604 3660 καὶ
3651 3608 3718 3660 τὰ

2129 3691 2355 3745 τοιαῦτα
2395 3693 2480 3746 διὰ
2525 3694 2625 3763 τῆς
2659 3693 2964 3761 κτηνὼδους
3002 3695 3270 3762 γενέσεως
3300 3698 3619 3767 συνεισῆλθε
3652 3703 3718 3769 τῇ

2130 3781 2226 3834 τοῦ
2271 3781 2560 3854 ἀνθρώπου
2607 3787 2942 3854 κατασκευῇ.
2979 3784 3088 3837 Καί
3131 3802 3219 3855 μοι
3271 3789 3721 3858 συγκεχωρήσθω

2133 3876 2274 3928 κατά
2314 3893 2435 3929 τινα
2478 3876 2780 3948 πλαστικὴν
2825 3877 3262 3947 θαυματοποιῒαν
3305 3879 3605 3951 διαγράψαι
3643 3881 3720 3952 τῷ

2129 3967 2275 4039 λόγῳ
2318 3968 2417 4039 τὴν
2466 3969 2813 4041 ἀνθρωπίνην
2844 3970 3048 4024 εἰκόνα.
3097 3971 3364 4042 Καθάπερ
3408 3972 3519 4043 γάρ
3568 3973 3723 4026 ἐστιν

2138 4060 2265 4114 ἰδεῖν
2318 4061 2377 4112 ὲν
2441 4063 2553 4124 τοῖς
2612 4061 2895 4132 πλάσμασι
2943 4061 3045 4126 τάς
3095 4061 3388 4130 διγλύφους
3456 4065 3713 4137 μορφὰς,

2133 4152 2200 4214 ἃς
2227 4153 2572 4224 μηχανῶνται
2601 4155 2736 4224 πρὸς
2762 4154 3023 4225 ἔκπληξιν
3054 4153 3178 4221 τῶνΔ
3198 4157 3638 4226 ἐντυγχανόντων
3665 4160 3716 4212 ol

2133 4245 2203 4298 τά
2247 4246 2474 4298 τοιαῦτα
2515 4245 2979 4316 φιλοτεχνοῦντες,
3008 4249 3106 4318 μιᾷ
3149 4250 3356 4319 κεφαλῇ
3385 4249 3477 4302 δύο
3505 4253 3725 4321 μορφὰς

2135 4337 2445 4408 προσώπων
2485 4338 2990 4408 ὑποχαράσσοντες”
3030 4337 3172 4390 οὕτω
3207 4357 3298 4410 μοι
3339 4339 3484 4393 δοκεί
3527 4341 3725 4414 διπλῆν

451 4445 508 4498 in
539 4442 741 4513 quibus
763 4441 966 4511 duplex
1020 4448 1104 4496 est
1149 4454 1416 4509 expressa
1450 4439 1648 4503 forma,
1699 4439 2026 4509 fingentibus

2138 4431 2325 4502 φέρειν
2351 4432 2380 4483 ό
2410 4429 2694 4502 ἄνθρωπος
2724 4430 2858 4501 πρὸς
2905 4429 2974 4482 τά
3007 4431 3223 4483 ἐναντία
3249 4432 3348 4500 τὴν
3388 4434 3688 4505 ὁμοιότητα
3709 4453 3722 4464 ·

348 4548 361 4556 ·
455 4537 556 4591 has
604 4533 913 4589 artificibus
969 4549 1167 4604 magno
1215 4533 1429 4597 studio,
1492 4542 1659 4602 atque
1715 4533 1808 4586 uni
1865 4533 2032 4604 capiti

453 4626 700 4696 geminas
749 4625 1002 4678 vultuum
1059 4624 1267 4679 formas
1303 4623 1770 4692 insculpentibus,
1824 4634 1878 4677 ut
1939 4639 2034 4677 eas

455 4729 798 4791 spectatores
842 4717 1078 4786 quodam
1129 4731 1254 4770 cum
1295 4725 1519 4784 stupore
1567 4714 1904 4777 intueantur,
1953 4714 2035 4770 sic

454 4813 588 4868 mihi
618 4822 672 4866 et
719 4812 774 4866 in
808 4810 1030 4865 homine
1061 4809 1258 4878 duplex
1296 4823 1423 4863 esse
1453 4807 1763 4862 similitudo
1792 4807 2030 4863 videtur.

454 4919 685 4975 quarum
721 4904 893 4957 altera
927 4902 1085 4970 longe
1113 4901 1182 4954 ab
1235 4899 1408 4955 altera
1458 4897 1743 4954 dissideat.
1778 4899 2031 4953 Divinum

453 4997 598 5050 enim
627 4993 828 5049 mentis
858 4992 1063 5047 donum
1104 4990 1252 5061 quod
1299 4990 1515 5055 attinet,
1569 4990 2036 5060 pulchritudinem

458 5086 571 5139 lucc
610 5101 754 5150 eam,
795 5101 918 5156 quae
952 5087 1009 5138 in
1055 5083 1168 5139 Deo
1206 5091 1313 5143 est.
1363 5083 1571 5148 refert;
1617 5090 1877 5137 caeterum
1929 5099 2038 5152 qua

455 5178 790 5247 cupiditates
839 5179 890 5232 ei
945 5177 1196 5248 quaedam
1259 5178 1485 5240 insunt,
1545 5185 1683 5229 ortae
1747 5191 1810 5230 ex
1870 5176 2037 5229 animi

459 5267 696 5332 morbis,
738 5267 904 5323 etiam
935 5275 1148 5322 natura:
1181 5268 1357 5322 bruta:
1410 5268 1746 5337 cognatione
1796 5274 2035 5322 tenetur.

459 5359 651 5429 Itaque
678 5375 1071 5431 nonnunquam
1111 5367 1167 5415 et
1199 5361 1317 5428 ipsa
1344 5360 1486 5414 ratio
1541 5360 1623 5414 sic
1670 5359 2038 5422 obbrutescit,

461 5460 522 5506 ut
567 5453 635 5507 ab
666 5451 955 5507 affectione
995 5467 1125 5522 erga
1180 5451 1400 5506 brutam
1440 5459 1651 5521 partem
1693 5451 1858 5513 victa,
1893 5449 2042 5518 quod

460 5552 546 5600 est
606 5544 662 5599 in
721 5545 942 5600 homine
997 5545 1517 5614 praestantissimum
1548 5582 1562 5607 ,
1630 5543 1698 5616 vi.
1747 5542 2042 5598 deterioris

462 5637 682 5692 obruat.
703 5633 840 5689 Nam
862 5635 909 5689 si
935 5637 1060 5704 quis
1081 5649 1147 5690 eo
1168 5635 1369 5690 mentis
1396 5633 1714 5690 facultatem
1745 5633 2038 5704 pertrahit,

467 5736 530 5784 ut
569 5729 833 5783 rationem
873 5727 1081 5784 servire
1114 5726 1322 5783 morbis
1353 5725 1523 5782 animi
1557 5732 1716 5798 cogat
1744 5744 1756 5780 :
1789 5741 1874 5781 nae
1919 5735 2033 5780 tum

2138 4521 2216 4592 τῷ
2267 4521 2366 4592 μὲν
2413 4519 2636 4573 θεοειδεῖ
2676 4521 2773 4590 τῆς
2803 4520 3041 4583 διανοίας
3086 4521 3224 4592 πρὸς
3267 4521 3326 4574 τὸ
3361 4522 3501 4575 θεῖον
3529 4525 3727 4589 κάλλος

2144 4612 2614 4683 μεμορφωμένος,
2666 4614 2786 4674 ταῖς
2837 4611 2896 4664 δὲ
2948 4610 3092 4664 κατά
3141 4611 3314 4674 πάθος
3347 4613 3725 4683 ἐγγινομέναις

2140 4705 2339 4776 ὁρμαῖς
2389 4703 2525 4773 πρὸς
2565 4702 2632 4754 τὸ
2683 4700 2956 4772 κτηνῶδες
3005 4701 3186 4770 φέρων
3213 4772 3215 4774 η
3245 4701 3342 4772 τὴν
3393 4703 3726 4774 οἰκειότητα.

2143 4795 2410 4857 Πολλάκις
2452 4793 2515 4846 δὲ
2543 4793 2637 4847 καὶ
2664 4795 2692 4846 ὁ
2723 4793 2880 4860 λόγος
2911 4791 3311 4862 ἀποκτηνοῦται
3349 4792 3438 4845 διά
3463 4797 3564 4864 τῆς
3589 4796 3730 4865 πρὸς

2140 4890 2201 4942 τὸ
2228 4889 2421 4956 ἄλογον
2455 4887 2626 4957 ῥοπῆς
2659 4903 2717 4938 τε
2753 4884 2848 4938 καὶ
2885 4884 3199 4948 διαθέσεως,
3234 4885 3635 4952 συγκαλύπτων
3668 4875 3732 4938 ’τὸ

2138 4983 2383 5051 κρεῖττον
2410 4977 2490 5048 τῷ
2517 4978 2736 5049 χείρονι.
2801 4977 3054 5030 Ἐπειδὰν
3102 4977 3210 5048 γάρ
3252 4993 3337 5039 τις
3384 4977 3521 5045 πρὸς
3553 4976 3731 5029 ταῦτα

2136 5074 2235 5144 τὴν
2259 5071 2603 5142 διανοητικὴν
2631 5071 2909 5142 ἐνέργειαν
2936 5068 3168 5122 καθελκύ
3179 5086 3265 5140 σῃ,
3321 5070 3413 5121 καὶ
3443 5069 3728 5140 ὑπηρέτην

2138 5165 2394 5235 γενέσθαι
2412 5163 2526 5216 τῶν
2557 5162 2746 5216 παθῶν
2769 5161 2860 5214 τὸν
2887 5161 3146 5232 λογισμὸν
3173 5159 3520 5231 ὲκϐιάσηται,
3549 5179 3730 5231 παρα-

2137 5262 2313 5332 τροπή
2347 5277 2432 5323 τις
2461 5260 2670 5328 γίνεται
2697 5257 2790 5310 τοῦ
2835 5255 3042 5325 ἀγαθοῦ
3083 5256 3432 5328 χαρακτῆρος
3462 5256 3600 5326 πρὸς
3629 5256 3728 5327 τὴν

2148 5355 2338 5423 ἄλογον
2367 5353 2580 5414 εἰκόνα,
2625 5351 2805 5419 πάσης
2831 5349 2965 5420 πρὸς
2990 5348 3146 5402 τοῦτο
3173 5348 3730 5419 μεταχαρασσομένης

2147 5448 2246 5519 τῆς
2275 5447 2509 5516 φύσεως,
2540 5443 2790 5512 καθάπερ
2813 5441 3183 5512 γεωργοῦντος
3214 5440 3309 5493 τοῦ
3341 5440 3605 5511 λογισμοῦ
3631 5441 3727 5501 τάς

2145 5541 2255 5594 τῶν
2283 5538 2624 5608 παθημάτων
2671 5535 2880 5606 ἀρχὰς,
2927 5536 3021 5588 καὶ
3062 5535 3128 5588 δι’
3161 5535 3354 5602 ὀλίγων
3398 5537 3478 5597 εἰς
3525 5525 3729 5604 πλῆθος

2145 5630 2488 5694 ἐπαύξοντος.
2543 5628 2653 5697 Τὴν
2678 5628 2787 5696 γάρ
2811 5629 2942 5698 παρ’
2969 5627 3166 5680 ἑαυτοῦ
3199 5626 3490 5698 συνεργίαν
3519 5629 3726 5697 χρήσας

2146 5724 2224 5797 τῷ
2256 5724 2434 5787 πάθει,
2482 5721 2744 5793 πολύχουν
2790 5721 2881 5775 καὶ
2925 5720 3211 5792 ἀμφιλαφῆ
3243 5719 3340 5790 τὴν
3369 5720 3477 5774 τῶν
3511 5721 3724 5775 ἀτόπων
