3886 6214
152 331 256 385 193

1402 325 1491 381 DE
1539 323 1828 381 HOMINIS
1869 324 2184 380 OPIFICIO.

3345 325 3450 383 194

149 451 379 513 γένεσιν
428 439 820 516 ἀπειργασάτο.
869 444 1058 508 Οὕτως
1101 445 1136 514 ἠ
1192 441 1473 514 φιληδονία
1517 444 1621 515 τὴν
1665 443 1765 512 μὲν

1872 443 2128 498 universa
2179 449 2375 496 natura
2427 440 2481 496 τη
2534 441 2700 520 altam
2737 441 2896 510 quasi
2947 440 3177 511 ﬁguram
3209 445 3447 498 redacta.

145 538 331 610 ἀρχὴν
365 537 526 608 ἔσχεν
554 540 619 591 ἐκ
646 538 744 606 τῆς
778 537 917 608 πρὸς
947 537 1010 590 τὸ
1053 536 1247 604 ἄλογον
1274 534 1608 604 ὁμοιώσεως,
1645 532 1763 587 ἀλλ’

146 632 211 683 ὲν
265 633 387 694 τοῖς
445 629 811 702 ἀνθρωπίνοις
867 627 1305 699 πλημμελήμασι
1366 625 1718 697 προσηυξήθη
1744 666 1760 686 ,

146 720 430 785 τοσαύτας
471 722 736 792 διαφορὰς
785 721 894 773 τῶν
939 721 1085 775 κατά
1123 719 1223 790 τὴν
1275 719 1466 790 ἡδονὴν
1511 720 1793 789 ἁμαρτω.

149 814 403 882 νομένων
444 817 778 883 γεννήσασα,
813 813 945 876 ὅσας
990 813 1048 864 ἐν
1077 814 1191 874 τοῖς
1236 810 1451 878 ἀλόγοις
1482 811 1583 863 οὐκ
1616 809 1764 862 ἔστιν

152 901 368 973 εὑρεῖν.
402 901 654 973 Οὓτωςή
704 902 844 973 πρὸς
893 901 984 954 τὸν
1031 899 1204 971 θυμὸν
1250 899 1601 963 διανάστασις
1634 916 1767 968 συγ-

161 995 336 1065 γενὴς
387 996 486 1065 μέν
517 996 634 1047 ὲστι
661 998 727 1066 τῇ
765 993 874 1047 τῶν
908 994 1120 1062 ἀλόγων
1153 996 1320 1064 ὁρμῇ,
1355 991 1579 1057 αὒξεται
1611 993 1667 1045 δὲ
1698 995 1764 1063 τῇ

159 1088 278 1140 τῶν
327 1085 606 1157 λογισμῶν
651 1085 960 1157 συμμαχίᾳ.
1023 1085 1266 1139 Ἐκεῖθεν
1297 1085 1407 1156 γὰρ
1445 1085 1480 1156 ἡ
1527 1084 1708 1155 μῆνις,
1737 1083 1766 1136 6

153 1179 379 1247 φθόνος,
415 1178 477 1231 τὸ
500 1178 717 1248 ψεῦδος,
755 1179 789 1249 ὴ
821 1176 1102 1246 ἐπιϐουλὴ,
1143 1178 1178 1248 ὴ
1214 1177 1523 1248 ὑπόκρισις.

1871 535 2088 588 eximiae
2119 532 2307 588 formae
2337 534 2391 587 in
2424 533 2719 602 imaginem
2745 533 2963 587 brutam
2987 535 3044 588 fit
3069 537 3450 598 commutatio,

1870 624 2086 677 ratione
2116 623 2344 677 morbos
2375 623 2501 676 illos
2535 623 2688 692 ipsos
2741 623 3047 686 excolente,
3082 639 3147 678 ac
3181 624 3337 679 brevi
3385 624 3454 679 dc

1871 716 2064 784 paucis
2094 729 2348 785 magnam
2379 729 2571 768 eorum
2621 713 2835 782 copiam
2869 713 3159 768 efﬁciente.
3219 713 3451 769 Omnem

1869 807 2013 861 enim
2045 823 2269 877 operam
2311 823 2466 862 suam
2501 807 2583 859 eis
2609 807 2768 876 quasi
2796 807 3006 872 locans,
3033 807 3164 863 facit
3190 818 3250 862 ut
3273 809 3451 877 ampla

1861 894 2111 964 quaedam
2159 909 2342 948 rerum
2409 895 2779 948 absurdarum
2831 910 2894 950 ac
2956 897 3127 952 densa
3185 897 3453 952 materies

1863 987 2162 1042 exoriatur.
2201 986 2295 1041 Sic
2321 1003 2447 1042 cum
2478 987 2780 1057 voluptatis
2814 987 3058 1042 studium
3087 1004 3156 1042 ex
3187 988 3453 1043 similitu-

1866 1083 2014 1149 dinc,
2047 1097 2157 1152 qua
2189 1084 2350 1138 bruta
2377 1082 2690 1146 referimus,
2724 1082 3030 1153 profectum
3062 1084 3118 1139 in
3145 1085 3308 1140 nobis
3334 1086 3449 1140 sit:

1867 1173 2004 1228 adeo
2033 1182 2217 1226 tamen
2249 1174 2532 1228 hominum
2567 1173 2788 1228 delictis
2821 1176 3014 1239 crevit,
3046 1187 3107 1228 ut
3139 1175 3194 1229 in
3235 1177 3455 1230 anima-

158 1270 314 1325 libus
373 1271 590 1325 ratione
644 1271 970 1327 carentibus
1027 1279 1112 1326 tot
1166 1272 1514 1342 voluptatum
1578 1269 1769 1324 forma:
1816 1268 1970 1322 nullo
2015 1269 2179 1322 modo
2232 1268 2759 1339 deprehendantur,
2820 1278 2952 1338 quot
3021 1270 3452 1340 voluptariorum

152 1363 447 1418 hominum
481 1366 716 1420 scelesta
773 1366 944 1420 libido
986 1367 1341 1437 excogitavit.
1398 1365 1492 1420 Sic
1536 1373 1592 1420 et
1635 1365 1806 1418 animi
1863 1366 1931 1418 ad
1989 1365 2126 1418 iram
2176 1367 2502 1426 commotio,
2567 1365 2729 1418 habet
2779 1365 2871 1417 illa
2917 1365 3138 1434 quidem
3199 1363 3453 1418 nonnihil

155 1455 322 1510 affine
362 1456 652 1527 cupiditati
693 1459 985 1513 bruterum
1020 1477 1034 1513 :
1069 1475 1260 1515 verum
1313 1460 1490 1514 multo
1543 1458 1779 1512 maxime
1830 1471 1860 1510 a
1907 1457 2141 1512 rationis
2179 1472 2283 1526 ope
2331 1465 2584 1528 augetur.
2615 1457 2697 1512 Ab
2752 1458 2854 1512 hac
2902 1457 3052 1512 enim
3087 1456 3457 1526 proficiscitur

155 1549 425 1604 diuturna
457 1551 584 1604 irati
607 1550 776 1604 animi
806 1551 1104 1613 acerbitas,
1127 1551 1357 1616 invidia,
1379 1550 1752 1612 mendacium,
1778 1549 2015 1612 insidia,
2050 1549 2351 1605 simulatio.

229 1643 423 1697 Ταῦτα
438 1645 615 1698 πάντα
625 1646 723 1715 τῆς
746 1647 987 1716 πονηρᾶς
1003 1645 1097 1700 τοῦ
1116 1646 1208 1699 νοῦ
1228 1647 1500 1717 γεωργίας
1514 1647 1683 1702 ἐστίν.
1701 1648 1765 1700 Et

1941 1643 2067 1699 Hzec
2121 1646 2308 1700 omnia
2370 1659 2551 1715 prava
2606 1645 2807 1700 mentis
2853 1644 3013 1713 quasi
3075 1640 3450 1712 agricolationi

155 1738 268 1808 γὰρ
284 1737 604 1808 γυμνωθείη
627 1740 728 1809 τῆς
742 1740 805 1792 ἐκ
819 1739 925 1792 τῶν
940 1739 1216 1811 λογισμῶν
1249 1741 1564 1812 συμμαχίας
1578 1739 1637 1793 τὸ
1654 1741 1760 1795 πά-

157 1827 274 1890 θος,
305 1827 599 1898 ὡκύμορός
626 1845 712 1892 τις
751 1829 845 1882 καὶ
886 1830 1072 1893 ἄτονος
1101 1831 1129 1883 ό
1147 1829 1320 1902 θυμὸς
1350 1831 1760 1893 καταλείπεται,

158 1919 518 1989 πομφόλυγος
540 1919 694 1990 δίκην
717 1919 851 1989 ὁμοῦ
878 1937 937 1973 τε
965 1921 1270 1992 γινόμενος,
1305 1922 1398 1975 καὶ
1420 1921 1582 1984 εὐθὺς
1598 1921 1764 1974 ἀπολ-

156 2010 221 2063 λύ
230 2028 413 2080 μενος.
441 2010 678 2082 Οὕτωςή
695 2011 804 2064 τῶν
823 2012 964 2065 συῶν
994 2013 1303 2084 λαιμαργία
1327 2013 1426 2085 τὴν
1452 2013 1764 2077 πλεονεξίαν

162 2104 480 2174 εἰσήνεγκε,
506 2103 600 2155 καὶ
619 2103 682 2156 τὸ
710 2103 805 2156 τοῦ
834 2105 1002 2157 ἵππου
1023 2105 1229 2176 γαῦρον
1252 2105 1446 2174 γέγονε
1473 2105 1576 2175 τῆς
1597 2107 1768 2177 ὑπερ-

160 2193 404 2262 ηφανίας
461 2193 644 2263 ἀρχήο
690 2187 804 2247 κκαὶ
853 2195 923 2248 τὰ
977 2195 1102 2248 καθ’
1153 2196 1382 2250 ἕκαστον
1435 2197 1613 2250 πάντα
1667 2198 1767 2268 τῆς

161 2283 479 2354 κτηνώδους
523 2284 750 2352 ἀλογίας
789 2287 1201 2358 ἀφορμηθέντα,
1251 2286 1338 2340 διὰ
1377 2288 1477 2358 τῆς
1522 2290 1768 2359 πονηρᾶς

159 2375 259 2428 τοῦ
291 2375 388 2430 νοῦ
423 2377 676 2447 χρήσεως
716 2378 885 2432 κακία
933 2379 1171 2447 ἐγένετο,
1205 2378 1396 2451 ὥσπερ
1428 2374 1520 2433 οὖν
1568 2381 1662 2434 καὶ
1705 2380 1768 2433 τὸ

160 2466 428 2537 ἔμπαλιν,
471 2467 632 2538 εἴπερ
662 2471 690 2522 6
720 2468 980 2540 λογισμὸς
1008 2469 1118 2524 τῶν
1150 2471 1408 2524 τοιούτων
1448 2473 1768 2544 κινημάτων

157 2559 592 2628 ἀπιμεταλάὅοι
640 2561 702 2614 τὺ
735 2562 958 2632 κράτος,
993 2565 1073 2627 εἰς
1119 2563 1322 2633 ἀρετῆς
1366 2559 1505 2628 εἶδος
1535 2565 1766 2618 ἕκαστον

154 2649 377 2702 τούτων
410 2651 881 2722 ἀντιμεθίσταται.
927 2654 1081 2707 Ποιεί
1124 2654 1233 2728 γὰρ
1262 2655 1290 2707 6
1339 2655 1438 2726 μὲν
1467 2655 1638 2727 θυμὸς
1670 2655 1768 2726 τὴν

156 2739 418 2810 ἀνδρίαν,
452 2741 512 2794 τὸ
543 2741 600 2796 δὲ
627 2742 801 2796 δειλὸν
823 2744 924 2814 τὴν
949 2743 1270 2814 ἀσφάλειαν,
1297 2745 1393 2798 καὶ
1421 2748 1450 2799 6
1479 2745 1642 2816 φόϐος
1668 2745 1768 2816 τὴν

154 2830 511 2897 εὐπείθειαν,
534 2831 595 2886 τὸ
618 2833 777 2902 μῖσος
807 2833 865 2886 δὲ
895 2834 994 2904 τὴν
1027 2834 1130 2904 τῆς
1159 2835 1360 2898 κακίας
1397 2835 1768 2906 ἀποστροφὴν,

155 2922 294 2992 ἡδὲ
329 2924 651 2996 ἀγαπητικὴ
697 2925 926 2996 δύναμις
969 2927 1070 2997 τὴν
1103 2927 1240 2996 πρὸς
1271 2928 1331 2981 τὸ
1359 2926 1576 2997 ἀληθῶς
1604 2927 1768 2980 καλὸν

155 3011 496 3082 ἐπιθυμίαν.
543 3015 617 3067 Τὸ
661 3014 720 3068 δὲ
768 3015 972 3086 γαῦρον
1010 3014 1104 3068 τοῦ
1139 3017 1303 3086 ἧθους
1340 3015 1629 3087 ὑπεραίρει
1662 3016 1768 3070 τῶν

155 3104 556 3175 παθημάτων,
598 3107 691 3159 καὶ
737 3107 1039 3160 ἀδούλωτον
1081 3108 1186 3161 ὑπὸ
1225 3107 1320 3162 τοῦ
1372 3107 1544 3162 κακοῦ
1574 3109 1770 3178 διαφυ-

155 3198 367 3251 λάσσει
415 3199 476 3251 τὸ
522 3199 797 3270 φρόνημα.
876 3201 1122 3254 Ἐπαινεῖ
1166 3201 1225 3254 δὲ
1285 3201 1348 3254 τὸ
1391 3200 1630 3254 τοιοῦτον
1673 3202 1772 3271 τῆς

162 3288 468 3360 ὲπάρσεως
511 3287 652 3355 εἶδος
691 3293 788 3345 καὶ
835 3293 863 3345 6
908 3293 1082 3362 μέγας
1135 3292 1477 3366 Ἀπόστολος,
1530 3293 1770 3364 συνεχῶς

162 3378 604 3449 ἐγκελευόμενος
644 3379 714 3433 τὰ
742 3380 854 3434 ἄνω
886 3385 1127 3453 φρονεῖν.
1169 3383 1278 3434 Καὶ
1307 3381 1481 3446 οὕτως
1508 3383 1654 3435 ἔστιν
1682 3382 1773 3434 εύ-

167 3473 330 3542 ρεῖν,
384 3472 468 3524 ὅτι
519 3474 628 3526 πᾶν
670 3473 732 3525 τὸ
780 3472 1020 3526 τοιοῦτον
1066 3474 1274 3544 κίνημα
1315 3473 1393 3544 τῷ
1438 3473 1628 3546 ὑψηλῷ
1670 3475 1772 3545 τῆς

164 3561 418 3625 διανοίας
449 3563 929 3635 συνεπαιρόμενον,
971 3563 1049 3635 τῷ
1083 3565 1224 3618 κατὰ
1261 3565 1361 3636 τὴν
1395 3565 1545 3619 θείαν
1586 3567 1772 3620 εἰκόνα

165 3653 368 3707 κάλλει
399 3655 884 3725 συσχηματίζεται.
925 3656 1066 3710 Ἀλλ’
1099 3658 1287 3727 ἐπειδὴ
1317 3658 1512 3729 βαρεῖά
1540 3658 1624 3722 τίς
1655 3660 1772 3712 ἐστι

167 3745 276 3797 καὶ¹
323 3747 653 3818 κατωφερὴς
696 3749 730 3818 ή
775 3748 875 3819 τῆς
923 3749 1199 3818 ἁμαρτίας
1246 3750 1420 3820 ῥοπὴ,
1477 3749 1663 3803 πλεῖον
1711 3751 1773 3804 τὸ

166 3838 369 3907 ἓτερον
417 3836 626 3904 γίνεται
657 3853 672 3868 ⁶
721 3839 920 3909 μᾶλλον
963 3841 1072 3910 γὰρ
1115 3839 1194 3909 τῷ
1242 3839 1397 3910 βάρει
1431 3841 1530 3910 τῆς
1571 3841 1770 3910 ἀλόγου

170 3929 401 3999 φύσεως
447 3931 901 3997 συγκατασπᾶται
947 3929 1012 3984 τὸ
1051 3932 1378 4002 ἡγεμονικὸν
1431 3932 1530 4002 τῆς
1555 3931 1733 4002 ψυχῆς
1753 3970 1770 3996 ν

169 4025 326 4092 ἤπερ
361 4020 437 4090 τῷ
471 4021 595 4090 ὕψει
640 4022 743 4092 τῆς
785 4023 1024 4086 διανοίας
1070 4023 1132 4076 τὸ
1177 4022 1315 4094 βαρύ
1361 4041 1421 4076 τε
1465 4025 1560 4077 καὶ
1587 4026 1773 4094 χοῖκὸν

173 4111 505 4181 ἀνιδψοῦται.
559 4110 658 4164 Διὰ
687 4112 846 4166 τοῦτο
878 4113 1140 4175 πολλάκις
1184 4114 1497 4183 ἀγνοεῖσθαι
1537 4118 1682 4168 ποιεῖ
1710 4115 1773 4168 τὸ

175 4202 325 4255 θεῖον
366 4201 537 4273 δῶρον
567 4204 601 4273 ἡ
631 4203 758 4274 περὶ
793 4205 940 4274 ἡμᾶς
982 4203 1255 4276 ἀθλιότης,
1287 4199 1399 4257 οἷον
1433 4208 1772 4276 προσωπεῖον

173 4292 422 4363 εἰδεχθὲς
466 4292 545 4363 τῷ
593 4295 736 4348 κατά
780 4295 880 4365 τὴν
924 4295 1111 4349 είκόνα
1151 4295 1340 4348 κάλλει
1374 4297 1443 4349 τὰ
1481 4295 1628 4368 πάθη
1673 4297 1773 4368 τῆς

1869 1745 2097 1806 accepta
2150 1736 2373 1792 ferenda
2412 1744 2559 1791 sunt.
2615 1734 2752 1789 Nam
2793 1735 2836 1790 si
2864 1735 2978 1789 hzec
3013 1734 3182 1788 animi
3230 1741 3451 1804 pertur-

1872 1825 2044 1889 batio,
2077 1842 2242 1895 quam
2276 1825 2415 1879 iram
2445 1826 2703 1887 dicimus,
2737 1840 2767 1878 a
2797 1825 3026 1879 rationis
3078 1840 3184 1894 ope
3215 1824 3452 1879 societa-

1870 1927 2034 1987 teque
2082 1918 2514 1982 destitueretur,
2578 1915 2722 1970 haud
2779 1916 2944 1970 dubie
3008 1925 3450 1969 momentaneutn

1868 2007 2127 2078 quiddam
2172 2018 2228 2063 et
2281 2008 2602 2079 languidum
2661 2007 2825 2072 foret,
2863 2006 3010 2077 quod
3061 2007 3236 2060 instar
3293 2005 3456 2060 bullae

1874 2100 2042 2156 simul
2072 2109 2128 2156 et
2161 2101 2424 2164 oriretur,
2461 2108 2514 2154 et
2559 2099 2826 2153 interiret.
2865 2099 2958 2152 Sic
2989 2097 3058 2152 ad
3093 2098 3450 2152 imitationem
3529 2146 3532 2150 ί

1869 2192 2132 2262 ingluviei
2173 2206 2490 2261 porcorum,
2519 2191 2770 2246 homines
2795 2189 3041 2244 avaritiae
3071 2190 3252 2244 studio
3281 2188 3452 2242 teneri

1867 2293 2195 2356 coeperunt:
2252 2288 2332 2341 sic
2388 2285 2442 2338 in
2509 2284 2668 2354 equis
2721 2284 2863 2339 elata
2919 2281 3126 2338 ferocia
3184 2283 3456 2351 superbiae

1872 2381 2220 2434 occasionem
2253 2378 2504 2447 praﬂiuit.
2540 2376 2784 2446 Denique
2815 2374 3256 2446 perturbationes
3286 2374 3453 2427 animi

1870 2474 2142 2528 universae
2180 2478 2236 2526 et
2289 2470 2519 2540 singulae
2555 2483 2584 2521 a
2619 2469 2796 2523 brutis
2841 2476 2999 2530 ortae,
3043 2480 3211 2536 prava
3248 2466 3453 2520 mentis

1870 2563 2228 2632 usurpatione
2246 2561 2500 2616 vitiorum
2526 2560 2682 2630 origo
2702 2561 3055 2615 exstiterunt.
3083 2557 3124 2610 E
3146 2557 3451 2621 contrario,

1869 2656 1916 2712 si
1953 2656 2237 2724 imperium
2275 2654 2329 2706 in
2364 2653 2466 2707 hos
2496 2651 2664 2705 animi
2721 2658 2904 2706 motus
2953 2650 3007 2704 in
3055 2663 3115 2704 se
3149 2647 3454 2704 transferat

1868 2747 2010 2799 ratio
2037 2763 2052 2800 :
2085 2744 2286 2815 singuli
2319 2743 2540 2798 virtutis
2574 2742 2806 2796 formam
2843 2739 3097 2794 induunt.
3129 2737 3266 2792 Nam
3296 2738 3456 2794 forti-

1868 2837 2004 2891 tudo
2035 2853 2098 2891 ex
2138 2836 2425 2890 iracundia
2459 2835 2677 2888 oritur:
2719 2832 2987 2887 timiditas
3022 2831 3172 2895 facit,
3210 2837 3270 2883 ut
3301 2837 3456 2884 certo

1872 2927 2130 2999 praesidio
2184 2935 2401 2982 nosmet
2451 2926 2807 2980 muniamus:
2863 2930 3065 2987 metus,
3108 2931 3168 2976 ut
3226 2921 3456 2978 libenter

1873 3036 2168 3093 pareamus
2200 3039 2212 3074 :
2245 3020 2434 3075 odium
2468 3019 2524 3073 in
2558 3016 2966 3071 aversationem
3014 3015 3272 3068 vitiorum
3302 3028 3457 3067 com-

1878 3120 2120 3167 mutatur
2146 3127 2162 3175 ;
2193 3111 2439 3164 charitas
2470 3123 2614 3163 vera:
2647 3107 2870 3161 virtutis
2902 3106 2956 3160 in
3007 3105 3166 3160 nobis
3213 3118 3454 3158 amorem

1873 3203 2292 3265 excitat;elata
2325 3201 2585 3255 ferocitas
2635 3198 2786 3263 facit,
2837 3206 2898 3252 ut
2940 3213 3106 3267 supra
3155 3195 3448 3265 perturba-

1873 3295 2053 3349 tiones
2075 3307 2268 3347 omnes
2291 3306 2392 3345 nos
2411 3289 2725 3353 efferamus,
2749 3295 2805 3340 et
2833 3287 2999 3340 aninn
3027 3284 3458 3356 magnitudinem

1875 3392 2191 3450 conservat,
2224 3397 2336 3450 quo
2370 3382 2556 3436 minus
2590 3381 2637 3435 is
2671 3395 2703 3434 a
2754 3380 2903 3435 vitiis
2941 3388 3232 3448 superatus
3281 3377 3456 3433 servi-

1876 3483 2046 3531 tutem
2097 3473 2321 3528 serviat.
2374 3470 2703 3541 Huiusmodi
2746 3477 2896 3523 certe
2943 3469 3113 3523 animi
3161 3468 3454 3523 elationem

1875 3579 2109 3636 magnus
2138 3565 2304 3620 etiam
2333 3562 2626 3632 Apostolus
2643 3559 2733 3617 ille
2745 3556 3066 3628 praedicat“,
3082 3558 3177 3626 qui
3197 3558 3454 3628 frequen-

1874 3667 1960 3713 ter
1990 3673 2090 3712 nos
2120 3657 2462 3719 cohortatur,
2496 3662 2556 3709 ut
2581 3653 2664 3709 eis
2688 3668 2810 3722 quae
2838 3666 3058 3708 sursum
3089 3657 3244 3714 sunt,
3271 3652 3456 3705 addic-

1876 3751 1915 3804 ti
1971 3749 2166 3806 simus.
2216 3746 2292 3801 De
2354 3761 2464 3816 quo
2509 3745 2619 3814 jam
2671 3751 2727 3799 et
2772 3743 2905 3797 illud
2964 3741 3191 3812 intelligi
3251 3749 3452 3811 potest,

1877 3857 2094 3897 omnem
2149 3839 2315 3894 animi
2367 3846 2575 3892 motum
2628 3850 2738 3890 una
2802 3851 2930 3890 cum
2983 3834 3198 3889 excelsa
3251 3835 3454 3888 mentis

1877 3934 2137 3990 facultate
2187 3947 2247 3986 se
2294 3930 2653 3994 attollentem,
2689 3926 2755 3981 ad
2801 3927 2996 3982 divinae
3050 3925 3302 3996 imaginis
3333 3926 3455 3996 pul-

1875 4027 2244 4082 chritudinem
2285 4018 2790 4076 conformari.Cum
2823 4027 3001 4073 autem
3027 4017 3292 4088 gravitate
3317 4033 3454 4087 qua.

1874 4119 2000 4172 dam
2035 4131 2134 4170 sua
2171 4114 2428 4169 deorsum
2465 4113 2598 4166 vitia
2632 4121 2908 4182 vergant;
2945 4110 3152 4164 idcirco
3192 4108 3446 4179 frequen-

1875 4213 1986 4265 tius
2023 4208 2078 4263 id
2113 4207 2262 4277 quod
2300 4208 2642 4260 contrarium
2697 4205 2824 4260 huic
2853 4210 2957 4265 est,
3011 4201 3230 4257 accidit.
3279 4201 3453 4256 Multo

1874 4301 2041 4356 citius
2071 4300 2216 4353 enim
2249 4299 2509 4367 princeps
2541 4297 2709 4350 animi
2749 4295 2987 4350 facultas
3020 4295 3197 4350 brutae
3242 4305 3455 4349 naturae

175 4383 389 4454 σαρκὸς
419 4364 851 4439 ἐπιπλάσσουσα,
883 4384 1092 4439 Οὐκοῦν
1125 4386 1459 4455 συγγνωστοί
1486 4364 1769 4450 πώς-εἰσιν

1876 4395 2116 4463 pondere
2143 4364 2378 4459 impulsa
2405 4364 2752 4458 deprimitur,
2782 4402 2946 4457 quam
2995 4385 3140 4456 quod
3187 4401 3353 4456 grave
3388 4401 3454 4441 ac

175 4477 228 4530 οἱ
257 4476 401 4546 πρὸς
427 4476 498 4530 τὰ
524 4475 748 4530 τοιαῦτα
779 4476 1087 4546 βλέποντες,
1112 4473 1232 4531 εἶτα
1264 4477 1362 4548 τὴν
1385 4477 1534 4530 θείαν
1561 4480 1775 4549 μορφὴν

177 4569 240 4619 ἐν
267 4566 485 4630 τούτοις
504 4563 641 4621 εἶναι
675 4568 778 4620 οὐκ
812 4556 1050 4639 εὐχερῶς
1075 4569 1465 4638 συντιθέμενοι.
1505 4571 1665 4624 Ἀλλὰ
1687 4571 1776 4626 διά

180 4658 295 4710 τῶν
328 4658 774 4729 κατωρθωκότων
795 4659 884 4712 τὸν
916 4659 1050 4729 βίον,
1081 4660 1259 4727 ἔξεστι
1280 4662 1376 4732 τὴν
1406 4662 1553 4716 θείαν
1582 4665 1639 4717 ὲν
1663 4653 1777 4726 τοῖς

177 4747 495 4819 ἀνθρώποις
527 4751 709 4803 εἰκόνα
745 4750 980 4820 βλέπειν.
1026 4753 1089 4806 El
1118 4752 1226 4825 γὰρ
1259 4755 1514 4827 ἐμπαθὴς
1555 4772 1640 4818 τις
1681 4756 1776 4809 καὶΙ

181 4842 445 4912 σάρκινος
469 4841 544 4894 ὣν
571 4843 916 4897 ἀπιστεῖσθαι
946 4848 1090 4898 ποιεῖ
1110 4844 1208 4900 τὸν
1228 4845 1513 4918 ἄνθρωπον
1542 4846 1618 4909 ὡς
1644 4847 1772 4918 θείῳ

179 4933 372 4988 κάλλει
400 4935 814 5003 κεκοσμημένον
837 4951 853 4966 ο
893 4938 920 4989 ό
947 4937 1150 5008 ὑψηλὸς
1180 4937 1396 5000 πάντως
1431 4937 1531 5009 τὴν
1571 4938 1771 5010 ἀρετὴν

179 5025 276 5078 καὶ
313 5023 638 5094 καθαρεύων
685 5028 750 5078 ὲκ
790 5027 1153 5098 μολυσμάτων
1198 5029 1488 5100 βεσαιώσει
1535 5047 1619 5083 σοι
1670 5031 1771 5102 τὴν

180 5113 321 5180 πρὸς
353 5112 416 5165 τὸ
455 5115 700 5183 κρεῖττον
729 5116 823 5168 ἐπὶ
852 5115 960 5169 τῶν
988 5116 1291 5187 ἀνθρώπων
1317 5117 1607 5189 ὑπόληψιν.
1643 5114 1769 5171 Οἷον

181 5204 434 5270 κρεῖττον
501 5205 611 5273 γαρ
657 5205 716 5256 ὲν
769 5205 1126 5277 ὑποδείγματι
1183 5207 1352 5273 δεῖξαι
1411 5209 1505 5262 τὸν
1564 5209 1720 5277 λόγον
1751 5227 1766 5241 ·

179 5293 455 5363 ἁπήλειψε
480 5295 558 5365 τῷ
581 5296 682 5364 τῆς
713 5298 977 5370 πονηρίας
1004 5299 1305 5371 μολύσματι
1333 5301 1393 5353 τδ
1427 5302 1527 5372 τῆς
1555 5301 1772 5370 φύσεως

182 5383 381 5446 κάλλος
411 5400 496 5446 τις
513 5385 621 5439 τῶν
648 5389 740 5440 ἐπὶ
761 5389 928 5460 κακίᾳ
955 5391 1268 5462 γνωρίμων,
1311 5392 1562 5462 Ἰεχονίας
1585 5393 1768 5464 τυχὸν,

183 5476 217 5544 ἢ
269 5475 326 5528 εἰ
364 5493 450 5540 τις
496 5477 679 5550 ἕτερος
723 5481 816 5535 ἐπὶ
866 5485 1017 5554 κακῷ
1067 5486 1500 5557 μνημονεύεται·
1554 5489 1670 5542 ἀλλ’
1711 5490 1770 5542 ὲν

184 5570 397 5639 Mariis?)
441 5569 678 5635 καὶτοῖς
707 5576 826 5628 κατ’
867 5578 1070 5632 ἐκεῖνον
1105 5577 1322 5632 καθαρὰ
1364 5579 1693 5652 διεφυλάχθη
1732 5581 1765 5650 ἡ

259 5748 308 5781 ⁸⁸
336 5749 554 5806 Coloss.
594 5750 734 5818 tn,l.

1875 4491 2112 4536 terreum
2145 4488 2252 4543 est,
2282 4493 2392 4533 una
2427 4493 2550 4532 cum
2587 4487 2768 4532 mente
2806 4478 2862 4532 in
2899 4477 3070 4531 altum
3109 4477 3451 4532 sublevetur.

1874 4572 2090 4626 Idcirco
2129 4585 2275 4640 saepe
2326 4569 2496 4623 divini
2548 4569 2796 4624 muneris
2837 4570 3190 4639 praestantia,
3246 4584 3454 4639 praepc-
3530 4551 3540 4562 ’

1873 4665 2056 4720 diente
2091 4662 2310 4718 miseria
2339 4671 2550 4722 nostra,
2579 4675 2688 4714 non
2717 4660 2854 4716 satis
2880 4661 2934 4714 in
2983 4660 3144 4715 nobis
3188 4661 3455 4731 perspici-

1875 4764 2004 4810 tur:
2045 4753 2213 4824 fitque
2243 4759 2304 4806 ut
2342 4750 2702 4821 pulchritudo
2733 4749 2934 4805 divinae
2957 4751 3186 4821 imagini
3217 4767 3450 4823 reSpon-

1875 4849 2034 4911 dens,
2083 4845 2293 4900 morbis
2324 4844 2510 4899 carnis
2555 4851 2814 4912 tanquam
2850 4843 3168 4912 turpissima
3213 4844 3450 4913 quadam

1872 4941 2026 4995 larva
2070 4938 2417 4994 obducatur:
2473 4936 2705 5006 ideoque
2740 4936 2952 4990 veniam
3003 4936 3242 5005 quodam
3287 4939 3453 4994 modo

1875 5041 2177 5096 merentur,
2215 5031 2260 5086 si
2296 5031 2387 5100 qui
2427 5029 2496 5083 ad
2531 5028 2846 5093 huiusmodi
2871 5027 3118 5097 quaedam
3148 5029 3454 5099 respicien-

1876 5133 1981 5190 tes,
2033 5138 2158 5178 esse
2191 5122 2244 5174 in
2298 5121 2384 5176 his
2440 5119 2730 5188 imaginem
2779 5115 2872 5171 Dei
2925 5131 3088 5186 posse
3135 5131 3244 5170 non
3294 5116 3452 5173 facl'e

1878 5215 2210 5270 concedunt.
2243 5211 2480 5264 lllustris
2504 5209 2596 5262 illa
2627 5207 2876 5278 profecto
2899 5208 2953 5261 in
2981 5209 3062 5263 eis
3091 5211 3450 5278 conspicitur,

1878 5307 1972 5377 qui
2036 5305 2206 5359 vitam
2260 5317 2416 5357 suam
2473 5300 2543 5354 ad
2605 5299 2824 5354 virtutis
2888 5313 3138 5353 normam
3198 5315 3456 5358 accuraae

1879 5401 2200 5464 exegerunt.
2232 5391 2386 5457 Quod
2414 5393 2460 5445 si
2486 5404 2647 5460 quem
2685 5389 2856 5442 animi
2886 5389 3096 5444 morbis
3123 5391 3452 5458 obnoxium,

1879 5486 2147 5556 carniqne
2169 5483 2436 5548 deditum,
2466 5482 2651 5536 divina
2685 5479 3097 5551 pulchritudine
3127 5491 3452 5537 exornatum

1877 5595 2002 5637 esse
2043 5593 2152 5634 non
2188 5575 2410 5642 credis;
2462 5585 2519 5629 at
2568 5574 2624 5629 in
2677 5574 2845 5630 alium
2892 5576 3128 5641 intuere,
3181 5575 3345 5645 cujus
3405 5576 3458 5630 in
