3886 6214
163 265 267 318 197

155 379 218 438 οὗ
269 386 565 458 χαρίζεται
607 390 688 460 τῷ
717 393 993 464 ἀνθρώπῳ
1037 397 1139 467 τὴν
1178 403 1470 468 μετουσίαν
1503 407 1532 458 6
1563 406 1760 475 λόγος;

153 475 236 545 τῷ
261 477 378 549 γὰρ
423 481 626 552 γενικῷ
653 499 711 535 τε
744 485 839 536 καὶ
865 486 1250 560 ὑπερκειμένῳ
1281 492 1427 564 λόγῳ
1466 499 1615 550 πᾶσα
1653 501 1762 556 τῶν

151 567 388 657 άγαθῶν
418 571 533 623 ἰδέα
561 571 700 644 πρὸς
725 576 926 650 ἑαυτὴν
956 585 1219 652 συμφυῶς
1246 587 1377 657 ἔχει,
1413 591 1510 644 καὶ
1536 592 1594 644 ἓν
1617 609 1672 644 τι
1700 593 1764 646 τὸ

149 656 451 755 ὃλονῂὲστί.
502 663 596 727 Τίς
629 665 688 720 δέ
718 685 786 736 με
811 670 913 738 τῆς
945 676 1252 745 συμμιγοῦς
1280 656 1340 732 τε
1383 683 1476 735 καὶ
1507 685 1760 755 ἐπαμφο-

149 749 487 824 τεριζούσης
517 755 610 808 τοῦ
665 758 822 822 ξύλου
860 763 1104 830 γεύσεως
1145 772 1484 844 duom-ﬁcu;

147 841 264 935 γὰρ
316 845 444 935 οὐκ*
467 849 666 920 ἄδηλον
711 856 828 916 τοῖς
873 841 1386 935 διορατικωτέροιςν,
1442 869 1493 920 τί
1540 870 1602 921 τὸ
1648 841 1756 925 πᾶν

145 934 358 1000 ἐκεῖνο,
384 931 448 990 οὗ
481 943 694 1012 καρπὸς
731 947 763 1016 ἡ
792 945 928 1018 ζωὴ,
962 953 1056 1004 καὶ
1085 955 1267 1020 πάλιν,
1300 958 1352 1010 τί
1381 959 1443 1012 τὸ
1467 961 1755 1032 ἐπίμικτον

143 1027 334 1090 τοῦτο,
369 1025 430 1084 οὗ
465 1033 640 1102 πέρας
685 1037 714 1087 6
763 1037 1012 1104 θάνατος.
1061 1045 1118 1097 Ὁ
1146 1047 1254 1116 γάρ
1286 1049 1379 1102 τοῦ
1413 1053 1613 1118 παντὸς
1655 1056 1755 1126 τὴν

145 1119 464 1176 ἀπόλαυσιν
493 1125 745 1194 ἀφθόνως
789 1132 1037 1200 προθεὶς,
1083 1136 1227 1208 λόγῳ
1262 1142 1372 1193 τινί
1409 1145 1626 1207 πάντως
1657 1148 1752 1200 καὶ

147 1214 474 1309 προμηθείᾳ
516 1221 616 1287 τῆς
663 1221 772 1274 τῶν
821 1225 1109 1281 ἐπικοίνων
1163 1235 1454 1300 μετουσίας
1495 1237 1751 1309 ἀπείργει

143 1303 240 1354 τὸν
271 1305 590 1377 ἄνθρωπον.
643 1313 752 1365 Καί
785 1332 873 1384 μοι
902 1317 1052 1370 δοκεῖ
1076 1321 1168 1372 τὸν
1218 1323 1394 1391 μέγαν
1439 1303 1750 1390 Δαϐὶδξκαὶ

141 1393 236 1442 τὸν
265 1395 436 1462 σοφὸν
465 1398 787 1462 Σολομῶντα
811 1405 1166 1474 διδασκάλους
1189 1417 1288 1485 τῆς
1319 1416 1413 1468 τοῦ
1444 1417 1600 1487 λόγου
1624 1421 1748 1474 τού-

139 1501 238 1536 του
263 1489 612 1582 παραλαϐεῖν
640 1493 972 1566 ἐξηγήσεως.
1015 1502 1336 1576 Ἀμφότεροι
1365 1509 1473 1580 γὰρ
1497 1511 1596 1582 τῆς
1617 1529 1748 1582 συγ-

141 1581 550 1674 κεχωρημένης
579 1586 794 1674 τρυφῆς
827 1590 954 1658 μίαν
980 1594 1239 1662 ἡγοῦνται
1271 1599 1370 1670 τὴν
1395 1581 1577 1674 χάριν,
1614 1581 1745 1658 αὐτὸ

137 1667 202 1719 τὸ
244 1669 422 1734 ὅντως
457 1673 682 1740 ἀγαθὸν,
715 1678 746 1730 ὃ
782 1678 844 1750 δὴ
872 1683 966 1734 καὶ
1000 1686 1110 1738 πᾶν
1141 1687 1288 1741 ἐστιν
1324 1667 1544 1756 άγαθδν.
1565 1667 1744 1750 ίΔαϐὶδ

141 1757 244 1854 μὲν
272 1759 946 1840 λέγων,‹Κατατρύφησον
990 1774 1087 1827 τοῦ
1129 1779 1648 1854 ΚυρίουσιΣολομὼν
1686 1788 1742 1841 δὲ

135 1847 241 1916 τὴν
269 1851 472 1918 σοφίαν
499 1854 694 1926 αὐτὴν,
727 1857 878 1929 (ἥτις
928 1861 1075 1914 ἐστὶν
1096 1866 1124 1918 6
1151 1867 1375 1939 Κύριος,
1411 1871 1566 1936 ξύλον
1594 1875 1739 1948 ζωῆς

135 1937 452 2008 ὀνομάζων.
489 1945 700 2002 Οὐκοῦν
733 1953 928 2007 ταύτόν
958 1957 1076 2010 ἐστι
1103 1959 1181 2029 τῷ
1208 1963 1307 2030 τῆς
1336 1963 1482 2034 ζωῆς
1509 1966 1650 2039 ξύλῳ
1677 1972 1738 2024 τὸ

138 2033 250 2082 πᾶν
291 2031 473 2102 ξύλον,
512 2031 572 2090 οὗ
605 2041 704 2111 τὴν
731 2041 932 2113 βρῶσιν
955 2047 1034 2118 τῷ
1065 2051 1203 2104 κατὰ
1228 2053 1359 2106 Θεὸν
1391 2031 1682 2114 πλασθέντι
1709 2065 1738 2115 6

137 2121 301 2191 λόγος
356 2126 594 2182 δίδωσιν.
654 2131 1100 2207 Ἀντιδιαιρεῖται
1151 2141 1207 2196 δὲ
1257 2145 1338 2216 τῷ
1384 2147 1524 2220 ξύλῳ
1563 2153 1736 2226 τούτῳ

132 2215 330 2284 ἕτερον
361 2219 541 2286 ξύλον,
573 2219 634 2278 οὗ
666 2228 698 2296 ή
740 2226 938 2300 βρῶσις
981 2233 1149 2286 καλοῦ
1195 2237 1290 2290 καὶ
1331 2244 1501 2294 κακοῦ
1533 2245 1736 2312 γνῶσίς

131 2309 309 2372 ἐστιν,
337 2312 442 2365 οὐκ
477 2315 788 2382 ἰδιαζόντως
817 2323 1076 2394 ἑκάτερον
1105 2327 1212 2383 τῶν
1237 2332 1378 2386 κατὰ
1404 2334 1464 2386 τὸ
1494 2337 1736 2392 ἐναντίον

131 2406 565 2475 σημαινομένων
594 2411 652 2462 ὲν
679 2412 834 2483 μέρει
869 2421 1346 2490 καρποφοροῦντος
1379 2442 1393 2456 ·
1445 2427 1581 2481 ἀλλά
1613 2447 1734 2483 τινα

127 2499 554 2568 συγκεχυμένον
600 2503 695 2555 καὶ
749 2505 1056 2576 σύμμικτον
1115 2515 1326 2584 καρπὸν
1385 2517 1736 2586 ὲξανθοῡντος

121 2587 258 2647 ταῖς
297 2588 577 2653 ἐναντίαις
620 2601 1064 2669 συγκεκραμένον
1107 2605 1406 2670 ποιότησιν,
1443 2605 1503 2664 οὗ
1535 2613 1734 2666 κωλύει

122 2677 242 2769 μεν
271 2678 372 2750 τὴν
405 2681 609 2752 βρῶσιν
637 2687 666 2738 6
693 2689 934 2760 ἀρχηγὸς
960 2693 1059 2762 τῆς
1085 2693 1250 2765 ζωῆς.
1289 2700 1646 2769 συμϐουλεύει
1675 2705 1732 2757 δὲ

117 2769 147 2818 6
173 2767 332 2836 ὄφις,
359 2771 445 2824 ἵνα
471 2773 552 2844 τῷ
576 2773 792 2846 θανάτῳ
823 2782 1210 2857 κατασκευάσῃ
1236 2786 1336 2856 τὴν
1361 2767 1587 2844 εἴσοδον.
1623 2794 1734 2846 Καὶ

119 2859 366 2924 πιθανὸς
415 2864 626 2930 γίνεται
680 2868 1128 2940 συμϐουλεύσας,
1191 2876 1416 2951 εὐχροίᾳ
1471 2885 1578 2936 τινὶ
1637 2887 1732 2938 καὶ

117 2954 298 3024 ἡδονῇ
340 2956 436 3008 τὸν
479 2959 689 3029 καρπὸν
742 2964 1131 3036 περιχρὼσας,
1183 2970 1258 3034 ὡς
1311 2971 1376 3025 ἂν
1429 2974 1618 3048 ὀφθείη
1671 2995 1731 3030 τε

119 3045 328 3114 ἡδέως,
363 3049 458 3102 καὶ
483 3050 580 3122 τὴν
611 3053 789 3124 ὄρεξιν
817 3058 952 3128 πρὸς
987 3059 1084 3131 τὴν
1113 3061 1301 3129 γεῦσιν
1333 3045 1726 3136 ὑπερεθίσειεν.

1413 278 1500 334 DE
1541 280 1826 340 IIOMINIS
1863 287 2180 344 OPIFICZO.

3347 291 3448 345 198

1864 421 2140 480 putemus,
2160 428 2272 481 quo
2293 411 2514 466 fruituri
2535 413 2590 466 in
2615 415 2868 483 paradiso
2885 429 3124 470 eramus.
3156 433 3174 466 ι
3199 413 3274 468 De
3297 417 3446 470 onini

1865 505 2014 572 ligno
2043 505 2268 574 (inquit
2299 504 2486 576 Deus)
2523 505 2668 575 quod
2708 517 2794 561 est
2833 507 2888 561 in
2927 507 3218 576 paradiso,
3255 523 3447 562 vesoe-

1864 597 1942 650 ris
1973 597 2018 628 "
2073 615 2092 647 θ
2122 597 2257 662 Quis
2291 597 2502 652 homini
2539 605 2686 674 recte
2725 599 2988 654 esurienti
3027 598 3268 654 fructum
3311 599 3444 668 ligni

1861 688 2011 743 illius
2041 687 2108 742 de
2143 690 2400 758 paradiso
2433 691 2670 756 tribuat,
2703 706 2814 761 quo
2851 693 3059 746 bonum
3093 707 3254 746 omne
3291 706 3445 745 com-

1861 781 2240 850 prehenditur,
2273 789 2328 836 et
2358 782 2500 854 quod
2531 785 2708 838 oratio
2735 785 2920 838 divina
2947 799 3109 838 omne
3139 793 3440 854 nuncupat,

1859 874 2020 942 cujus
2068 875 2232 926 etiam
2289 875 2504 928 fruendi
2544 885 2862 945 potestatem
2909 877 3116 930 homini
3170 875 3440 945 largitur?

1857 964 1992 1018 Nam
2027 967 2294 1022 latissima
2327 974 2508 1033 certe,
2553 978 2608 1022 et
2651 969 2852 1022 eximia
2901 969 2990 1022 illa
3033 983 3167 1024 voce
3208 979 3440 1038 cognata

1857 1058 2001 1110 inter
2043 1073 2102 1112 se
2139 1059 2406 1112 bonorum
2449 1060 2662 1128 species
2699 1060 2880 1114 omnis
2913 1063 3244 1123 continetur,
3275 1061 3439 1130 inque

1857 1165 1968 1201 uno
1997 1150 2122 1204 boni
2159 1151 2295 1203 adeo
2325 1152 2495 1206 totius
2527 1153 2942 1206 universitatem
2971 1154 3238 1206 exsistere
3267 1152 3440 1222 signi-

1857 1238 2070 1294 ﬁcatur.
2113 1239 2247 1306 Quis
2287 1251 2478 1294 contra
2518 1242 2792 1296 hominem
2831 1251 3015 1296 arceat
3053 1243 3122 1296 ab
3162 1244 3336 1298 altero
3372 1242 3436 1296 li-

1854 1347 1994 1400 gno,
2031 1333 2192 1400 cujus
2235 1334 2422 1387 fruitio
2463 1336 2687 1389 mistum
2729 1335 2987 1405 quiddam
3030 1337 3223 1396 habet,
3265 1343 3436 1391 etest

1855 1429 2146 1491 utramque
2181 1425 2235 1476 in
2272 1433 2485 1493 partem
2527 1426 2761 1480 ellicax?
2797 1425 2914 1480 Non
2951 1429 3095 1481 enim
3137 1427 3431 1482 obscurum

1850 1527 1972 1566 esse
1998 1521 2174 1582 potest
2201 1514 2408 1569 homini
2445 1517 2762 1586 intelligenti
2785 1556 2800 1580 ,
2828 1519 2960 1587 quid
2992 1520 3062 1572 sit
3089 1519 3219 1571 illud
3247 1533 3430 1581 omne,

1850 1605 2010 1674 cujus
2046 1613 2130 1661 est
2167 1607 2382 1664 fructus
2417 1611 2528 1663 vita
2560 1629 2572 1663 :
2609 1619 2664 1664 et
2697 1612 2828 1679 quid
2863 1614 3092 1666 alterum
3128 1611 3260 1665 illud
3301 1613 3432 1663 mis—

1849 1704 2001 1763 tum,
2043 1699 2202 1767 cujus
2245 1699 2370 1754 ﬁnis
2411 1717 2560 1756 mors
2610 1713 2712 1757 est.
2763 1703 2896 1755 Nam
2933 1704 3026 1772 qui
3071 1704 3215 1758 illius
3251 1705 3430 1756 omnis

1774 1805 1816 1859 Β
1845 1789 2054 1844 homini
2089 1792 2406 1848 fruitioncm
2439 1803 2755 1864 perpetuam
2790 1797 3092 1861 concessit,
3122 1797 3263 1850 idem
3293 1813 3431 1866 qun-

1842 1897 1948 1952 que
1976 1883 2186 1938 ratione
2206 1886 2440 1953 quadam
2463 1895 2524 1939 et
2550 1887 2782 1941 consilio
2810 1896 2960 1942 certo
2987 1888 3424 1957 promiscuormn

1841 1988 1944 2027 usu
1981 1975 2139 2030 nobis
2174 1977 2477 2031 interdixit.
2519 1981 2594 2032 Ac
2628 1978 2758 2031 tuihi
2800 1980 3018 2048 quidem
3061 1979 3190 2033 lihet
3229 1995 3428 2049 magno

1841 2065 1934 2119 illo
1969 2065 2210 2128 Davide,
2247 2069 2604 2136 sapienteque
2647 2067 2972 2132 Solomone,
3011 2077 3269 2137 tanquam
3311 2083 3426 2121 ma-

1840 2157 2030 2226 gistris
2059 2159 2113 2211 in
2148 2159 2339 2211 harum
2369 2175 2552 2214 rerum
2582 2161 2949 2230 explicatione
2980 2162 3076 2215 uti.
3106 2162 3241 2214 Nam
3273 2171 3424 2215 uter-

1838 2263 1945 2315 que
1967 2248 2190 2302 delicias
2215 2263 2512 2304 concessas
2533 2250 2928 2320 interpretatur
2958 2267 3146 2306 verum
3172 2252 3302 2304 illud
3329 2250 3426 2306 bo-

1839 2355 1990 2404 num,
2013 2340 2158 2408 quod
2183 2341 2324 2396 idem
2347 2351 2430 2396 est
2453 2357 2576 2394 cum
2597 2343 2742 2396 bono
2761 2343 2932 2395 omni.
2957 2342 3186 2396 Davides
3205 2341 3422 2411 quidem

1839 2431 2016 2498 inquit
2057 2433 2100 2464 ⁸⁸
2129 2449 2142 2484 ι
2182 2453 2198 2484 ι
2239 2435 2296 2487 In
2334 2433 2566 2490 Domino
2596 2443 2760 2490 temet
2789 2437 3002 2490 oblecta
3039 2437 3112 2492 ‘“.
3147 2455 3166 2488 ›
3199 2435 3424 2490 Solonio

1837 2533 2018 2577 autem
2041 2565 2054 2587 ,
2084 2527 2446 2595 sapientiam,
2477 2544 2600 2596 quae
2626 2535 2710 2582 est
2741 2529 2854 2597 ipse
2884 2527 3145 2583 Dominus
3167 2568 3182 2591 ,
3212 2530 3420 2596 lignum

1835 2615 1960 2669 vita:
1995 2617 2254 2685 appellat.
2299 2618 2468 2688 Igitur
2503 2620 2634 2673 illud
2671 2635 2832 2675 onme
2872 2620 3012 2674 idem
3053 2629 3138 2675 est
3175 2622 3318 2690 quod
3361 2623 3424 2673 li-

1835 2721 2002 2776 gnum
2034 2711 2189 2773 vitae,
2225 2712 2384 2779 cujus
2429 2711 2620 2766 fruitio
2661 2712 2866 2766 homini
2901 2713 2966 2765 ad
3003 2711 3097 2766 Dei
3129 2713 3419 2783 imaginem

1835 2798 1981 2852 facto
2035 2803 2376 2857 conceditur.
2415 2803 2684 2858 (Ia-terum
2753 2806 2822 2858 ah
2880 2805 2982 2857 hoc
3047 2805 3194 2858 aliud
3246 2806 3420 2874 quod-

1835 2891 1958 2945 dam
2017 2895 2226 2964 lignum
2285 2898 2642 2958 discernitur,
2679 2897 2840 2966 cujus
2905 2897 3118 2953 fructus
3173 2907 3256 2954 est
3289 2898 3416 2952 boni

1835 2997 1900 3038 ac
1934 2986 2063 3038 mali
2099 2989 2362 3056 cognitio.
2401 2989 2514 3042 Non
2549 2990 2694 3060 quod
2731 2991 2962 3044 alterum
2999 2991 3192 3044 horum
3228 2990 3418 3042 adn-r—

1836 3077 2076 3130 santium
2109 3080 2214 3134 sibi
2245 3081 2490 3134 vicissim
2525 3085 2889 3150 produceret,
2920 3082 3014 3136 sed
3040 3081 3184 3151 quod
3217 3083 3418 3146 promi-

117 3151 329 3234 seu“?!
362 3141 748 3234 ac_c°nr"5""'
789 3149 1084 3216 “undam
1128 3149 1365 3206 [metum
1409 3159 1714 3226 Ρτοίετΐοι,
1750 3165 1836 3218 eui
1865 3169 2156 3234 qualitates
2183 3171 2289 3224 illa:
2315 3171 2418 3226 sibi
2473 3173 2828 3228 adversantes
2877 3174 3140 3228 inessent.
3189 3171 3266 3225 De
3314 3172 3418 3224 hoc

119 3229 282 3284 vesci
311 3230 595 3332 hominem
629 3234 746 3290 Dux
778 3239 902 3292 vita:
933 3247 1108 3305 vetat,
1146 3255 1374 3311 serpens
1403 3250 1634 3313 suadet,
1671 3261 1730 3306 ut
1769 3260 1930 3312 morti
1969 3261 2108 3314 viam
2141 3262 2207 3314 ad
2238 3264 2616 3332 perimendum
2645 3265 2918 3318 hominem
2953 3271 3206 3319 strueret.
3239 3262 3416 3316 Vincit

115 3337 266 3377 vero
303 3325 484 3380 malus
513 3327 604 3381 hic
633 3330 850 3384 tandem
887 3331 1263 3397 consiliarius,
1299 3337 1708 3404 pulchritudine
1744 3361 1808 3401 ac
1845 3352 2123 3421 voluptate
2151 3355 2388 3423 quadam
2419 3355 2656 3409 fructtun
2691 3371 2984 3422 exornans,
3018 3366 3076 3410 ut
3109 3365 3164 3411 et
3189 3366 3412 3424 aspectu

111 3417 410 3488 jucundus
449 3430 630 3486 esset,
673 3431 726 3476 et
767 3427 1152 3494 appetitionem
1191 3435 1446 3501 gustandi
1487 3438 1570 3491 sui
1609 3440 1920 3508 proritaret.

705 3537 1102 3593 ΚΕΦΑΛΑΙΟΝ
1143 3543 1224 3596 Κ’.

123 3627 226 3693 Τίς
249 3627 292 3694 ἡ
321 3625 396 3678 ἐν
413 3623 496 3691 τῷ
521 3627 866 3707 παραδείσῳ
905 3629 1042 3707 ζωὴ,
1069 3634 1168 3687 καὶ
1213 3635 1272 3687 τί
1295 3636 1359 3688 τὸ
1395 3638 1727 3707 ἀπηγορευ-

711 3699 892 3768 μένον
934 3699 1144 3766 ξύλον.

191 3790 258 3842 Τί
294 3786 394 3844 οὖν
433 3791 612 3844 ἐκεῖνὸ
641 3793 810 3855 ἐστιν,
832 3792 860 3845 ὃ
889 3793 1054 3846 καλοῦ
1091 3813 1149 3848 τε
1181 3798 1273 3850 καὶ
1304 3798 1474 3851 κακοῦ
1527 3817 1726 3868 συγκε-

119 3883 416 3953 κραμένην
444 3883 558 3954 ἔχει
587 3885 688 3956 τὴν
716 3885 938 3954 γνῶσιν,
961 3891 1083 3951 ταῖς
1101 3889 1167 3942 δι’
1185 3891 1486 3961 αἰσθήσεως
1510 3895 1726 3964 ἡδοναῖς

121 3973 568 4044 ἐπηνθισμένον;
619 3978 763 4048 Ἀρα
803 3979 878 4049 μὴ
906 3979 1097 4050 πόρῤω
1123 3982 1220 4050 τῆς
1254 3983 1511 4053 ἀληθείας
1543 4003 1723 4057 παρα-

123 4069 490 4138 στοχάσομαι,
517 4072 584 4140 τῇ
614 4069 710 4122 τοῦ
732 4071 974 4138 γνωστοῦ
995 4071 1201 4144 διανοίᾳ
1231 4077 1312 4136 είς
1342 4078 1597 4148 ἀφορμὴν
1622 4079 1724 4149 τῆς

121 4159 366 4230 θεωρίας
393 4162 801 4233 συγχρώμενος.
834 4159 1002 4235 Οἶμαι
1041 4165 1144 4238 γὰρ
1179 4168 1280 4220 οὐκ
1311 4171 1619 4242 ἐπιστήμην
1641 4175 1724 4224 ὲν-

119 4252 295 4306 ταῦθα
323 4255 482 4325 παρὰ
511 4255 612 4324 τῆς
666 4256 888 4328 Γραφῆς
923 4259 1162 4313 νοεῖσθαι
1213 4260 1312 4332 τὴν
1339 4261 1560 4328 γνῶσιν.
1587 4265 1724 4318 ἀλλά

119 4361 240 4396 τινα
261 4345 536 4414 διαφορὰν
573 4349 637 4400 ἐκ
684 4349 786 4416 τῆς
818 4351 1096 4421 γραφικῆς
1127 4352 1419 4423 συνηθείας
1456 4357 1716 4425 εὑρίσκω,

121 4434 386 4500 γνώσεώς
421 4453 482 4489 τε
541 4437 636 4490 καὶ
662 4439 1008 4509 διακρίσεως.
1045 4441 1120 4494 Τὸ
1155 4444 1254 4512 μὲν
1284 4445 1394 4515 γὰρ
1422 4445 1720 4518 διακρίνειν

121 4525 511 4596 ἐπιστημόνως
563 4526 624 4579 τὸ
677 4527 840 4580 καλὸν
893 4531 958 4584 ὲκ
990 4533 1083 4584 τοῦ
1131 4533 1326 4596 κακοῦ,
1381 4535 1720 4608 τελειοτέρας

121 4617 284 4682 ’ἕξεως
309 4614 454 4670 εἷναί
481 4635 645 4689 φησιν
675 4620 706 4671 6
761 4621 1101 4686 Ἀπόστολος,
1129 4625 1220 4678 καὶ
1253 4629 1720 4698 γεγυμνασμένων

121 4710 539 4780 αισθητηρίων·
594 4712 674 4766 διὸ
744 4713 838 4766 καὶ
899 4715 1230 4786 πρόσταγμα
1277 4722 1510 4773 ποιεῖται
1541 4721 1717 4775 πάντα

119 4800 464 4872 (amp-ﬁgam
499 4803 594 4856 καὶ
641 4804 736 4857 τοῦ
768 4807 1138 4876 πνευματικοῦ
1165 4809 1226 4860 τὸ
1257 4809 1551 4882 διακρίνειν
1588 4812 1718 4866 ἴδιον

2431 3558 2662 3612 CAPUT
2693 3558 2809 3612 ΧΧ.

1831 3650 1962 3714 Qum
1995 3649 2154 3718 fuerit
2197 3652 2250 3704 in
2272 3650 2526 3720 paradiso
2558 3655 2686 3712 vita,
2712 3653 2910 3722 quodve
2941 3655 3008 3707 sit
3037 3653 3238 3721 lignum
3283 3653 3406 3704 veli.

2557 3733 2686 3776 tum.

1898 3813 2182 3879 Quodnam
2241 3817 2408 3886 igitur
2471 3817 2604 3870 illud
2660 3825 2744 3869 est
2797 3816 3026 3886 lignum,
3085 3831 3406 3872 exornatum

1827 3903 2058 3970 deliciis,
2094 3922 2215 3976 qua:
2255 3923 2420 3962 sensu
2455 3908 2845 3978 percipiantur,
2887 3909 2974 3962 cui
3017 3908 3145 3963 boni
3170 3912 3410 3981 malique

1824 3995 1984 4050 mista
2015 3998 2261 4065 quzedam
2296 4000 2536 4068 cognitio
2576 4000 2751 4054 inest?
2785 4001 3048 4068 Equidem
3102 4017 3209 4056 non
3251 4003 3408 4072 longe

1825 4101 1854 4139 a
1896 4089 2123 4144 veritate
2152 4091 2500 4155 aberravero,
2531 4093 2577 4145 si
2613 4094 2810 4147 mentis
2841 4093 3221 4163 intelligentia,
3269 4111 3408 4164 qua-

1827 4181 1984 4226 tenus
2017 4174 2238 4244 intelligi
2274 4175 2387 4230 lr£c
2418 4185 2670 4246 possunt,
2704 4177 2806 4232 hac
2839 4179 2954 4247 ipsa
2991 4180 3043 4231 in
3082 4178 3404 4232 considera-

1824 4267 1970 4322 tione
2007 4275 2150 4322 utar.
2207 4267 2297 4323 Sic
2342 4271 2488 4323 enim
2535 4270 2809 4336 existimo,
2861 4287 2970 4324 non
3021 4273 3122 4326 hoc
3161 4273 3278 4326 loco
3307 4287 3408 4342 per

1823 4361 2189 4428 cognitionem
2221 4360 2444 4431 intelligi
2467 4363 2881 4420 seientiam:sed
2896 4364 3067 4418 sacris
3091 4362 3144 4414 in
3181 4363 3404 4417 Litteris

1822 4451 2044 4506 invenio
2089 4452 2386 4508 discrimen
2417 4451 2690 4522 quoddam
2747 4455 2890 4508 inter
2923 4454 3288 4523 cognitionem
3339 4469 3403 4508 ac

1821 4543 2288 4610 dijudicationem.
2331 4545 2468 4597 Nam
2501 4544 2702 4599 bonum
2752 4561 2820 4600 ac
2883 4547 3084 4599 malum
3145 4558 3400 4600 accurata

1820 4635 2056 4704 quadam
2095 4637 2330 4692 scientia
2375 4639 2696 4705 dijudicare,
2731 4638 3008 4694 facultatis
3057 4655 3178 4694 esse
3226 4639 3402 4709 perfe-

1819 4729 2007 4782 ctioris
2031 4729 2398 4798 cujusdam,et
2427 4745 2686 4786 sensuum
2719 4733 3132 4786 exercitalorum
3171 4731 3404 4801 Aposto-

1820 4820 1909 4875 lus
1949 4821 2116 4874 tradit
2169 4823 2235 4874 το.
2270 4823 2486 4878 Idcirco
2527 4825 2772 4893 prmeipit
2806 4825 3040 4896 quodam
3086 4827 3224 4886 loco,
3279 4841 3404 4880 esse

119 4889 254 4948 ιϊναί
275 4912 471 4965 φησιν.
489 4896 552 4948 Ἠ
578 4897 636 4949 δὲ
659 4895 862 4964 γνῶσις
887 4899 948 4950 οὺ
976 4899 1252 4970 πανταχοῦ
1278 4902 1375 4973 τὴν
1402 4906 1716 4976 ἐπιστήμην

1839 4912 2004 4966 ιιηηίιι
2037 4913 2392 4981 exploranda,
2421 4923 2474 4970 et
2507 4917 2949 4984 dijudicationem
2983 4925 3190 4970 tantum
3220 4920 3273 4972 in
3306 4921 3402 4972 ho-

118 5006 172 5041 τε
193 4991 290 5042 καὶ
331 4988 432 5060 τὴν
463 4987 672 5057 εἴδησιν
703 4991 992 5059 ὑφηγεῖται
1023 4992 1165 5046 κατὰ
1197 4994 1256 5046 τὸ
1296 4997 1712 5064 σημαινόμενον,

120 5082 248 5136 ἀλλὰ
277 5082 384 5151 τὴν
415 5081 554 5152 πρὸς
577 5083 639 5134 τὸ
665 5084 1063 5154 κεχαρισμένον
1087 5085 1327 5138 διάθεσιν
1348 5103 1362 5116 ⁸
1399 5069 1716 5154 ὡςάἜγνω

122 5175 322 5245 Κύριος
356 5177 484 5238 τοὺς
533 5175 692 5238 ὄντας
715 5176 880 5229 αὐτοῦ
902 5194 916 5208 ⁸
959 5195 978 5228 ›
1017 5179 1113 5258 καὶ
1170 5179 1305 5250 πρὸς
1325 5179 1415 5232 τὸν
1451 5181 1718 5258 Μωῦσέα,

119 5269 304 5334 φσὶν.
335 5261 421 5315 ὅτι
445 5283 464 5314 ι
481 5269 695 5335 Ἐγνων
715 5285 774 5320 σε
795 5269 946 5341 παρὰ
971 5255 1180 5334 πάντας
1201 5289 1216 5302 ·
1243 5292 1261 5324 ι
1297 5274 1425 5344 περὶ
1443 5274 1499 5327 δὲ
1527 5275 1634 5326 τῶν
1653 5276 1713 5328 ὲν

117 5361 282 5429 κακία
341 5361 808 5430 κατεγνωσμένων
841 5361 986 5430 λέγει
1025 5365 1052 5416 6
1099 5363 1169 5417 τὰ
1207 5364 1386 5418 πάντα
1421 5365 1595 5429 εἰδὼς,
1627 5368 1711 5420 ὅτι

121 5469 140 5500 ι
171 5453 448 5505 Οὐδέποτε
509 5452 682 5523 ἔγνων
707 5455 870 5525 ὑμᾶς.
904 5475 926 5509 δ
952 5459 1161 5512 Οὐκοῦν
1201 5459 1262 5512 τὸ
1309 5459 1483 5526 ξύλον,
1517 5463 1612 5532 ἀφ’
1648 5455 1710 5516 οὗ

185 5655 228 5682 ’τ
265 5655 408 5713 Gen.
429 5673 490 5721 ιι,
521 5659 606 5713 l6.

117 5735 176 5792 ιι,
213 5724 304 5781 19.

686 5661 730 5694 ⁵³
755 5659 899 5717 Psal.
939 5665 1197 5730 xxsvt,4.
1275 5666 1319 5698 ’9
1361 5665 1526 5726 Prov.
1561 5681 1646 5733 111.
1683 5665 1770 5720 18-

1820 5003 2020 5058 minem
2041 5004 2381 5073 spiritualem
2412 5007 2608 5061 cadere
2637 5006 2865 5060 allirmat
2893 5008 2960 5060 '“.
2993 5007 3247 5076 Cognitio
3273 5024 3402 5062 vero

1819 5111 1930 5150 non
1966 5097 2254 5150 scientiam
2310 5113 2373 5150 ac
2425 5101 2676 5153 notitiam
2737 5101 2943 5170 ubique
3003 5104 3301 5172 signiﬁcat,
3345 5113 3402 5158 ut

1817 5203 1924 5242 vox
1955 5189 2072 5256 ipsa
2108 5195 2298 5244 notare
2325 5191 2557 5256 videtur,
2591 5192 2683 5246 sed
2703 5194 2991 5261 quamdam
3023 5197 3188 5248 animi
3226 5197 3291 5249 ad
3323 5201 3400 5261 id,

1816 5280 1962 5348 quod
2001 5287 2214 5348 gratum
2253 5281 2410 5334 nobis
2439 5289 2544 5346 est,
2578 5283 2937 5340 all‘ectionem.
2975 5285 3040 5339 Ut
3095 5303 3217 5340 cum
3263 5289 3402 5341 scri-

1819 5381 1972 5440 ptum
2015 5381 2100 5425 est
2127 5373 2176 5404 "
2221 5391 2234 5426 :
2274 5391 2291 5422 ι
2337 5371 2496 5426 Novit
2529 5373 2789 5428 Dominus
2829 5391 2977 5431 suos.
3015 5397 3032 5427 ι
3075 5377 3142 5431 Ει
3176 5379 3242 5433 ad
3280 5379 3400 5432 Mo—

1819 5478 1915 5518 sen
1947 5464 2126 5533 inquit
2183 5482 2196 5517 :
2247 5483 2266 5516 ι
2305 5463 2438 5520 Novi
2503 5471 2558 5519 te
2610 5481 2776 5536 supra
2805 5483 3016 5522 omnes.
3072 5489 3090 5520 ι
3129 5469 3301 5523 Etiam
3332 5471 3399 5526 de

1850 5669 1896 5701 το
1931 5667 2095 5726 Hebr.
2131 5687 2182 5737 v,
2220 5669 2310 5726 M.
2459 5673 2504 5705 '~'-‘-
2545 5670 2563 5724 1
2594 5671 2721 5727 Cor.
2752 5687 2808 5724 ιι.
2843 5671 2928 5724 15.
3009 5671 3052 5702 ⁷³
3083 5669 3123 5725 ll
3155 5668 3394 5724 Timozla.
