3886 6214
459 275 484 328 1
494 273 563 328 99

1691 267 1750 322 S.
1780 263 2112 323 GREGORII
2149 264 2447 322 NYSSENI

3618 275 3736 330 200

453 380 726 444 damnatis
777 387 876 451 ait,
913 385 1005 457 qui
1067 386 1396 458 ceteroquin
1458 387 1641 441 omnia
1714 385 1865 440 novit
1913 385 1962 417 ⁷⁸
2013 399 2027 434 :

2145 386 2170 456 ή
2207 384 2516 456 σύμμικτος
2551 385 2750 454 γνῶσις
2781 389 3230 458 καρωφορεῖται,
3271 389 3383 442 τῶν
3408 390 3737 460 ἀπηγορευ-

461 499 480 531 ι
518 478 804 549 Nunquam
865 479 988 532 novi
1024 494 1122 534 vos
1177 479 1248 534 ⁷⁸.
1290 498 1310 532 ι
1373 478 1603 547 Lignum
1641 492 1772 548 ergo
1815 477 1882 531 de
1928 489 2039 545 quo

455 572 786 642 c0gnitionis
810 571 1137 641 promiscua:
1167 572 1381 660 fructus
1409 571 1645 640 capitur,
1679 579 1763 624 est
1785 569 1838 624 in
1859 583 2038 623 rerum

455 665 746 718 vetitarum
767 678 1016 718 numero.
1046 662 1255 719 Dicitur
1282 671 1462 717 autem
1503 661 1714 717 fructus
1751 660 1840 715 ille
1877 675 2037 730 quem

457 767 684 825 serpens
759 755 1038 824 praedicat,
1112 770 1176 810 ex
1239 755 1403 810 rebus
1451 753 1871 810 adversantibus
1934 750 2040 808 sibi

456 854 713 902 constare
750 865 763 900 :
818 846 1068 902 fortassis
1119 861 1238 902 eam
1271 847 1340 901 ob
1374 860 1620 908 causam,
1643 844 1790 914 quod
1835 844 2038 898 malum

459 937 620 1004 plane
639 936 868 1000 nudum,
895 943 956 990 ut
982 945 1064 990 est
1089 943 1284 990 natura
1307 949 1429 996 sua,
1451 950 1732 1004 nunquam
1761 933 1920 989 nobis
1941 948 2038 1005 ap-

458 1037 666 1097 pareat.
700 1026 956 1081 Profecto
981 1027 1125 1081 enim
1166 1027 1221 1081 in
1257 1026 1477 1080 homine
1500 1024 1868 1094 permovendo
1889 1025 2038 1080 nulla

459 1122 716 1176 vitiorum
756 1120 1048 1177 eliicacitas
1079 1119 1235 1184 foret,
1281 1119 1326 1174 si
1357 1133 1465 1174 non
1515 1119 1734 1188 quidam
1783 1118 1864 1172 eis
1910 1116 2038 1171 boni

460 1214 613 1268 color
661 1213 899 1278 additus,
957 1212 1163 1267 homini
1216 1211 1520 1281 cupiditate
1559 1214 1645 1265 sui
1691 1211 1745 1264 in
1792 1209 2036 1265 fraudem

458 1307 640 1361 illecto
705 1304 891 1361 fucum
968 1305 1192 1360 faceret.
1269 1302 1427 1358 Nunc
1478 1319 1608 1358 vero
1658 1304 1861 1356 malum
1916 1318 2040 1358 esse

459 1399 688 1452 mixtum
718 1397 984 1462 videmus,
1019 1397 1178 1466 cujus
1212 1396 1266 1450 in
1316 1395 1486 1451 fundo
1524 1395 1794 1466 pernicies
1824 1402 1909 1449 est
1942 1410 2037 1447 ve-

458 1492 556 1546 luti
610 1493 855 1560 quaedam
910 1490 1060 1547 fraus
1122 1491 1316 1555 latens,
1373 1506 1540 1560 quum
1589 1489 1830 1544 exterior
1879 1487 2040 1542 dolus

459 1584 748 1654 imaginem
777 1583 903 1637 boni
931 1585 1164 1638 ostentet
1191 1599 1203 1635 :
1232 1583 1412 1636 avaris
1434 1581 1754 1651 praeclarum
1778 1581 2038 1650 quiddam

458 1692 580 1730 esse
606 1677 818 1730 videtur
845 1676 1052 1744 argenti
1101 1675 1380 1745 splendor,
1407 1689 1574 1744 quum
1607 1673 1728 1742 ejus
1771 1672 2039 1742 cupiditas

459 1769 729 1822 malorum
763 1769 1007 1822 omnium
1063 1767 1217 1823 radix
1252 1767 1470 1822 existat.
1508 1765 1643 1832 Quis
1672 1765 1950 1820 hominum
1981 1765 2034 1818 in

461 1858 665 1915 foedam
718 1859 1152 1929 intemperantia
1195 1858 1432 1913 illuviem
1484 1858 1882 1927 prolaberetur,
1927 1857 2037 1911 nisi

457 1967 583 2006 eum
620 1951 674 2004 in
709 1951 957 2006 morbum
1002 1950 1106 2006 hoc
1154 1951 1374 2006 nomine
1400 1951 1549 2006 velut
1595 1951 1871 2005 inescatus
1912 1965 2036 2019 per-

459 2043 790 2106 traheretur,
851 2041 995 2110 quod
1047 2043 1380 2112 voluptatem
1431 2057 1554 2096 esse
1593 2057 1704 2096 rem
1760 2042 1956 2096 bonam
1983 2049 2038 2095 et

456 2135 751 2204 optabilem
809 2135 1124 2189 existimat?
1176 2135 1377 2188 Eodem
1427 2134 1586 2187 modo
1631 2134 1760 2186 vitia
1819 2141 2036 2195 cetera.

456 2241 581 2281 cum
628 2235 838 2282 certum
881 2228 1104 2282 exitium
1133 2227 1428 2285 occultent.
1472 2227 1644 2294 prima
1693 2235 1872 2281 tamen
1921 2226 2039 2281 vice

455 2320 712 2374 videntur
745 2319 1068 2388 expetenda,
1097 2333 1265 2388 seque
1296 2319 1348 2372 in
1387 2319 1601 2373 animos
1630 2318 2034 2387 imprudentum

458 2429 559 2482 pro
591 2413 734 2466 bono
769 2411 1077 2465 insinuant.
1106 2409 1240 2464 Cum
1278 2410 1444 2480 igitur
1473 2409 1728 2480 pleraque
1759 2410 2038 2464 hominum

459 2520 587 2575 pars
617 2503 668 2559 id
720 2505 919 2559 bonum
957 2518 1080 2557 esse
1117 2501 1342 2572 judicet,
1367 2502 1512 2572 quod
1559 2517 1755 2558 sensus
1784 2501 2037 2559 delectat:

457 2613 694 2668 cumque
724 2597 858 2652 adeo
891 2597 1198 2651 communis
1250 2595 1538 2666 appellatio
1567 2595 1692 2649 boni
1724 2596 1815 2657 sit,
1843 2609 1967 2648 cum
1992 2595 2040 2649 ei

458 2689 602 2760 quod
625 2705 750 2744 vere
775 2689 974 2743 bonum
1006 2697 1108 2751 est,
1165 2696 1278 2741 tum
1304 2687 1460 2741 alteri
1497 2687 1642 2757 quod
1684 2687 1884 2742 bonum
1920 2703 2043 2742 esse

455 2783 674 2838 videtur
706 2800 719 2836 :
772 2782 978 2836 idcirco
1026 2781 1206 2836 Sacrae
1237 2779 1456 2835 Litterae
1485 2780 1873 2850 appetitionem
1915 2779 2043 2834 mali

458 2876 682 2931 latentis
715 2875 818 2930 sub
854 2875 978 2929 boni
1016 2873 1218 2942 specie,
1241 2871 1608 2940 cognitionem
1658 2871 1785 2927 boni
1813 2878 1868 2926 et
1917 2871 2044 2925 mali

459 2966 762 3025 nominant,
817 2979 914 3034 per
946 2979 1110 3034 quam
1151 2963 1368 3019 alIectio
1396 2963 1645 3034 quazdam
1677 2973 1731 3019 et
1780 2973 2047 3034 tempera-

459 3065 701 3111 mentum
751 3055 1090 3126 intelligitur.
1120 3053 1239 3110 Non
1264 3055 1410 3110 enim
1445 3056 1682 3109 fructum
1712 3056 1856 3126 'ligni
1893 3056 2042 3110 vetiti

459 3148 708 3202 absolute
763 3149 962 3202 malum
1021 3148 1242 3218 aliquod
1299 3165 1422 3203 esse
1462 3149 1707 3213 tradunt,
1743 3165 1867 3203 cum
1919 3150 2046 3204 boni

461 3237 618 3306 quasi
647 3235 872 3291 ﬂoribus
901 3237 1227 3306 quibusdam
1253 3247 1552 3294 exornatus
1575 3239 1646 3292 sit
1676 3254 1885 3308 :neque
1912 3254 2048 3293 con—

459 3337 545 3381 tra
567 3343 701 3397 pure
729 3328 954 3386 bonum.
978 3343 1102 3381 cum
1138 3329 1243 3382 sub
1263 3345 1328 3384 eo
1359 3331 1560 3382 malum
1595 3331 1764 3383 lateat
1793 3348 1806 3385 :
1840 3331 1932 3384 sed
1981 3345 2047 3384 ex

463 3427 696 3488 utroque
731 3419 976 3482 mistum,
1017 3434 1126 3488 quo
1155 3421 1249 3490 qui
1293 3428 1538 3484 utantur,
1579 3421 1948 3476 certissimum
1979 3422 2047 3475 ad

462 3512 741 3564 Interitum
779 3519 961 3564 ruant.
1005 3509 1192 3580 Itaque
1212 3521 1421 3566 tantum
1446 3528 1554 3567 non
1583 3521 1770 3579 aperte
1786 3513 2044 3574 clamant,

463 3618 648 3656 verum
687 3603 888 3657 bonum
939 3603 1167 3672 simplex
1192 3611 1246 3658 et
1285 3604 1601 3659 uniusmodi
1645 3605 1906 3674 quiddam
1951 3620 2051 3659 na-

463 3703 581 3746 tura
613 3709 710 3747 sua
745 3693 1029 3757 exsistere,
1089 3695 1326 3749 alienum
1377 3697 1446 3750 ab
1485 3711 1632 3748 omni
1694 3695 2038 3765 iluplieitale,

463 3785 979 3856 adversantiumque
1025 3786 1130 3840 sibi
1183 3801 1366 3842 rerum
1405 3786 1812 3854 conjunctione.
1847 3786 2046 3840 Malum

461 3879 653 3928 contra
694 3870 904 3923 varium
935 3885 1080 3935 esse,
1107 3885 1172 3925 ac
1199 3871 1435 3940 quodam
1485 3873 1647 3927 modo
1687 3873 1844 3942 quasi
1880 3874 2047 3928 vesti-

463 3973 576 4016 tum
617 3981 628 4016 :
657 3961 912 4031 quodque
934 3961 1078 4015 aliud
1114 3961 1373 4031 quiddam
1406 3963 1562 4017 initio
1579 3963 1850 4028 videatur,
1882 3978 2047 4032 quam

461 4071 584 4111 esse
613 4055 810 4110 deinde
848 4069 944 4125 per
987 4055 1378 4123 experientiam
1433 4055 1875 4125 deprehenditur.
1912 4055 2046 4109 Nam

463 4149 510 4202 si
552 4148 619 4203 ad
667 4147 788 4216 ejus
845 4147 1214 4216 cognitionem
1255 4147 1660 4216 perveniamus,
1709 4147 1814 4204 hoc
1859 4159 1965 4208 est,
2001 4148 2047 4204 si

461 4240 632 4296 semel
663 4239 806 4294 facto
839 4240 1083 4309 periculo
1119 4240 1320 4292 malum
1349 4240 1764 4308 amplectamur,
1816 4248 1930 4294 tum
1960 4240 2049 4294 ni-

464 4333 664 4386 mirum
693 4347 816 4387 esse
838 4331 970 4386 illud
1005 4331 1059 4386 in
1083 4331 1240 4388 nobis
1264 4347 1485 4386 causam
1509 4332 1834 4403 initiumque
1857 4333 2048 4389 mortis

2147 479 2323 548 μένων
2345 479 2480 533 ἐστί.
2514 480 2790 549 Μέμικται
2815 479 2870 532 δέ
2905 479 2993 533 διὰ
3024 479 3130 533 τῶν
3159 481 3417 535 ἐναντίων
3451 483 3479 534 δ
3513 483 3735 552 καρπὸς

2141 570 2366 633 ἐκεῖνος,
2390 572 2419 623 ό
2442 571 2737 640 συνήγορον
2762 570 2899 640 έχων
2919 572 3112 625 ἐαυτοῦ
3140 572 3230 625 τὸν
3247 573 3391 642 ὅφιν,
3416 573 3558 644 τάχα
3584 573 3736 626 κατά

2141 665 2231 715 τὸν
2257 661 2414 731 λόγον
2437 661 2644 727 τοῦτον,
2667 663 2748 716 ὅτι
2794 663 2856 717 ού
2893 663 3100 734 γυμνὸν
3143 665 3427 735 πρόκειται
3460 665 3522 718 τὸ
3553 665 3737 718 κακὸν

2140 754 2276 808 αὐτὸ
2320 756 2406 824 ἐφ’
2464 753 2659 808 ἐαυτοῦ
2688 756 2828 809 κατά
2863 755 2956 825 τὴν
2996 755 3131 808 ἰδίαν
3168 753 3330 825 φύσιν
3378 756 3733 826 φαινόμενον.

2139 842 2216 900 Ἦ
2247 847 2356 917 γὰρ
2389 847 2454 900 ἂν
2484 848 2764 918 ἄπρακτος
2790 843 2858 917 ἦν
2889 849 2922 918 ή
2946 847 3133 911 κακία,
3159 849 3350 918 μηδενὶ
3373 865 3737 919 προσκιχρω-

2143 940 2314 1010 σμένη
2351 939 2500 1010 καλῷ
2548 939 2628 1008 τῷ
2656 939 2791 1010 πρὸς
2835 938 3131 1009 ἐπιθυμίαν
3161 937 3333 1007 αὐτῆς
3379 937 3730 1008 ἐφελκομένη.

2140 1031 2232 1085 τὸν
2259 1031 2636 1102 ἀπατώμενον.
2672 1031 2807 1083 Νυνὶ
2831 1030 2889 1083 δὲ
2920 1029 3225 1101 σύμμικτος
3249 1029 3366 1093 πώς
3387 1031 3532 1083 ἐστιν
3561 1032 3596 1100 ἡ
3630 1029 3735 1082 τοῦ

2141 1123 2314 1178 κακοῦ
2341 1124 2524 1192 φύσις,
2557 1125 2615 1176 ἐν
2649 1124 2746 1193 μὲν
2769 1124 2846 1194 τῷ
2879 1123 3034 1194 βάθει
3077 1123 3168 1177 τὸν
3200 1121 3441 1193 ὄλεθρον,
3471 1119 3584 1176 οἷόν
3604 1139 3739 1176 τινα

2140 1215 2290 1270 δόλον
2322 1217 2771 1286 ἐγκεκρυμμένον
2817 1215 3038 1286 ἔχουσα,
3073 1217 3131 1268 ἐν
3161 1215 3217 1269 δὲ
3243 1217 3309 1285 τῇ
3347 1215 3488 1267 κατά
3518 1215 3580 1266 τὸ
3610 1231 3742 1282 (ραι⁹

2140 1309 2362 1378 νόμενον
2377 1309 2557 1380 ἀπάτῃ
2582 1307 2747 1362 καλοῦ
2763 1325 2885 1362 τινα
2901 1307 3202 1376 φαντασίαν
3229 1307 3629 1378 παραδεικνύου
3639 1325 3734 1360 σα.

2141 1399 2320 1453 Καλὸν
2353 1399 2501 1453 δοκεῖ
2540 1401 2654 1462 τοῖς
2690 1398 3106 1470 φιλαργύροιςή
3148 1403 3246 1469 τῆς
3291 1397 3422 1468 ὖλης
3464 1397 3690 1469 εῦχροια
3721 1415 3736 1430 ο

2139 1490 2277 1545 ἀλλά
2308 1490 2433 1562 ῥίζα
2459 1491 2678 1545 πάντων
2713 1491 2822 1545 τῶν
2847 1491 3090 1562 κακῶνή
3122 1490 3458 1563 φιλαργυρία
3493 1491 3736 1559 γίνεται.

2142 1582 2238 1644 Τίς
2281 1581 2322 1634 δ’
2378 1581 2445 1635 ἂν
2494 1583 2587 1636 ἐπὶ
2626 1581 2718 1635 τὸν
2762 1581 2970 1652 δυσώδη
3015 1582 3273 1654 βόρῦορον
3301 1583 3398 1653 τῆς
3433 1583 3742 1644 ἀκολασίας

2143 1672 2496 1738 κατώλισθεν,
2544 1676 2593 1727 εί
2641 1673 2716 1743 μὴ
2764 1673 2862 1744 τὴν
2890 1674 3083 1745 ἡδονὴν
3122 1673 3286 1727 καλόν
3313 1692 3365 1728 τι
3390 1676 3485 1727 καὶ
3509 1674 3741 1744 αίρετὶν

2139 1765 2278 1836 ᾤετο
2320 1768 2350 1820 ὁ
2379 1765 2458 1836 τῷ
2512 1765 2725 1818 δελέατι
2758 1766 2933 1836 τούτῳ
2979 1765 3116 1835 πρὸς
3144 1765 3205 1818 τὸ
3231 1765 3402 1829 πάθος
3429 1768 3742 1837 κατασυρό-

2141 1875 2334 1928 μενος;
2369 1857 2525 1910 Οῦτω
2545 1859 2638 1911 καὶ
2675 1856 2744 1910 τὰ
2779 1857 2942 1910 λοιπά
2969 1857 3078 1909 τῶν
3112 1857 3534 1927 ἁμαρτημάτων
3562 1859 3739 1925 ἐγκε-

2137 1951 2460 2022 κρυμμένην
2505 1950 2700 2021 ἔχοντα
2743 1951 2842 2020 τὴν
2870 1934 3190 2021 διαφθορὰν,
3232 1950 3426 2021 αἱρετά
3452 1950 3604 2020 παρά
3632 1951 3739 2020 τὴν

2139 2041 2362 2114 πρώτην
2406 2042 2572 2104 δοκεῖ.
2599 2043 2689 2095 διά
2727 2059 2871 2105 τινος
2903 2042 3118 2111 ἀπάτης
3165 2044 3276 2104 τοῖς
3306 2042 3741 2104 ἀνεπισκέπτως

2139 2133 2255 2186 ἀντ’
2275 2131 2481 2200 ἀγαθοῦ
2525 2131 2954 2202 σπουδαζόμενα.
2999 2131 3217 2202 Ἐπειδὴ
3252 2132 3430 2185 τοίνυν
3459 2134 3508 2185 οί
3543 2132 3739 2184 πολλοὶ

2139 2226 2202 2279 τὸ
2239 2225 2405 2279 καλὸν
2458 2227 2515 2278 ἐν
2551 2225 2629 2296 τῷ
2657 2225 2757 2288 τὰς
2785 2225 3066 2296 αἰσθήσεις
3093 2225 3434 2296 εὐφραίνοντι
3457 2225 3736 2296 κρίνουσι,

2141 2317 2232 2370 καί
2254 2318 2338 2381 τίς
2367 2319 2512 2370 ἐστιν
2531 2319 2819 2388 ὁμωνυμία
2842 2317 2937 2370 τοῦ
2960 2335 3017 2370 τε
3047 2317 3199 2380 δντος
3229 2316 3426 2372 καὶτοῦ
3445 2316 3737 2379 δοκοῦντος

2143 2405 2281 2466 εἶναι
2321 2411 2486 2466 καλοῦ
2510 2430 2523 2442 '
2559 2411 2750 2464 τούτου
2779 2411 2942 2482 χάριν
2971 2413 3005 2478 ή
3036 2409 3173 2481 πρὸς
3206 2409 3268 2461 τὺ
3298 2408 3464 2461 κακὸν
3489 2407 3564 2471 ὡς
3593 2409 3734 2480 πρὸς

2143 2503 2204 2557 τὸ
2229 2503 2430 2570 ἀγαθὸν
2459 2504 2715 2574 γινομένη
2749 2502 3033 2572 ἐπιθυμία,
3071 2500 3237 2554 καλοῦ
3261 2502 3356 2554 καὶ
3378 2500 3550 2554 κακοῦ
3582 2503 3731 2569 γνῶ-

2147 2608 2230 2655 σις
2257 2591 2362 2645 ὑπὸ
2388 2592 2487 2660 τῆς
2510 2591 2730 2661 Γραφῆς
2761 2589 3076 2661 ὠνομάσθη,
3113 2589 3448 2642 συνδιάθεσίν
3479 2605 3610 2644 τινα
3642 2589 3732 2643 καὶ

2145 2683 2448 2755 ἀνάκρασιν
2487 2682 2895 2755 ἐρμηνευούσης
2940 2682 3040 2752 τῆς
3067 2679 3340 2749 γνώσεως.
3359 2678 3496 2733 Ούτε
3525 2681 3728 2734 ἀπολύο

2143 2795 2253 2841 τως
2273 2778 2459 2840 κακὸν,
2474 2776 2608 2828 διότι
2626 2774 3003 2846 περιήνθισται
3017 2773 3096 2844 τῷ
3123 2772 3292 2844 καλῷ,
3321 2773 3444 2827 οῦτε
3471 2773 3730 2844 καθαριξ

2145 2872 2368 2942 ἀγαθὸν,
2409 2873 2542 2925 διότι
2575 2870 2988 2940 ὑποκέκρυπται
3016 2868 3077 2921 τὸ
3108 2867 3278 2920 κακόν
3300 2884 3315 2898 ·
3343 2867 3479 2920 ἀλλά
3523 2867 3728 2937 σύμμι-

2147 2983 2274 3019 κτον
2301 2965 2370 3018 δι’
2391 2964 2664 3034 ἑκατέρων
2683 2962 2778 3016 τοῦ
2803 2961 3256 3032 ἀπηγορευμένον
3279 2959 3436 3024 ξύλου
3456 2959 3552 3012 τὸν
3592 2977 3727 3029 καρ-

2073 3088 2118 3146 C
2151 3055 2252 3109 πὺν
2274 3047 2412 3107 εἷναί
2445 3069 2631 3122 φησιν,
2672 3044 2735 3104 οῦ
2791 3050 2891 3122 τὴν
2943 3049 3132 3117 γεῦσιν
3184 3052 3263 3112 τίς
3309 3049 3536 3103 θάνατον
3575 3051 3728 3118 ἄγειν

2151 3145 2273 3201 εἷπε
2301 3150 2428 3210 τοὺς
2477 3145 2809 3216 ἁψαμένους,
2854 3143 3134 3212 μονονουχὶ
3179 3141 3427 3212 φανερῶς
3455 3143 3518 3196 τὸ
3554 3143 3729 3212 δόγμα

2151 3239 2310 3310 βοῶν,
2341 3240 2422 3292 ὅτι
2445 3237 2507 3290 τὸ
2535 3237 2704 3299 ὅντως
2727 3235 2929 3303 ἀγαθὸν
2959 3233 3164 3287 ἁπλοῦν
3189 3236 3280 3288 καὶ
3312 3235 3584 3305 μονοειδές
3617 3238 3729 3288 ἐστι

2148 3332 2214 3399 τῇ
2241 3331 2422 3396 φύσει,
2470 3327 2649 3397 πάσης
2696 3325 2919 3396 διπλόης
2966 3323 3061 3376 καὶ
3100 3323 3200 3394 τῆς
3238 3324 3376 3393 πρὸς
3395 3324 3457 3377 τδ
3487 3325 3733 3377 ἐναντίον

2150 3420 2412 3489 συζυγίας
2464 3419 2764 3490 ἀλλότριον.
2805 3419 2879 3472 Τὸ
2919 3420 2976 3474 δὲ
3017 3419 3188 3474 κακὸν
3220 3417 3462 3470 ποικίλον
3518 3434 3580 3470 τι
3643 3420 3734 3471 καὶ

2150 3513 2732 3584 κατεσχηματισμένον
2790 3513 2961 3578 ἐστὶν,
3002 3513 3129 3569 ἀλλο
3159 3531 3211 3567 τι
3233 3509 3610 3582 νομιζόμενον,
3644 3512 3737 3565 καὶ

2148 3607 2336 3677 ἕτερον
2360 3605 2444 3658 διὰ
2472 3606 2569 3674 τῆς
2594 3605 2788 3675 πείρας
2813 3604 3260 3677 ἀνακρινόμενον,
3291 3606 3352 3660 ού
3379 3603 3478 3675 τὴν
3506 3603 3735 3672 γνῶσιν,

2148 3699 2418 3764 τουτέστι,
2447 3698 2545 3768 τὴν
2565 3698 2652 3750 διά
2684 3698 2782 3769 τῆς
2814 3697 3006 3768 πείρας
3051 3696 3338 3766 ἀνάληψιν,
3365 3694 3598 3748 θανάτου
3642 3696 3739 3748 καὶ

2147 3789 2440 3860 διαφθορᾶς
2469 3790 2642 3861 ἀρχήν
2669 3806 2729 3840 τε
2754 3789 2847 3843 καὶ
2879 3788 3135 3842 ὑπόθεσιν
3163 3786 3428 3855 γίνεσθαι.
3457 3784 3557 3839 Διά
3575 3785 3740 3838 τοῦτο

2149 3882 2526 3952 προδείκνυσιν
2561 3883 2589 3934 ὁ
2612 3881 2734 3949 ὄφις
2767 3881 2860 3933 τὸν
2909 3879 3145 3950 πονηρὸν
3171 3879 3270 3949 τῆς
3303 3878 3574 3948 ἁμαρτίας
3598 3893 3742 3945 καρ-

2150 3974 2270 4036 πὸν,
2301 3974 2400 4043 οὐχ
2427 3972 2502 4037 ὡς
2531 3967 2646 4044 εἶχε
2680 3972 2895 4042 φύσεως
2927 3972 2989 4024 τὸ
3018 3971 3187 4026 κακὸν
3211 3973 3277 4025 ἐκ
3301 3969 3396 4025 τοῦ
3422 3970 3742 4040 προφανοῦς

2149 4064 2420 4128 ἐπιδείξας
2438 4079 2451 4093 ⁸
2483 4065 2546 4117 ού
2592 4064 2700 4134 γάρ
2741 4062 2807 4116 ἂν
2832 4064 3088 4134 ἠπατήθη
3115 4066 3144 4118 ὁ
3171 4062 3454 4133 ἄνθρωπος
3480 4060 3559 4132 τῷ
3595 4079 3741 4132 προ-

2147 4157 2292 4228 δήλῳ
2336 4155 2489 4226 κακῷ
2514 4173 2530 4189 ο
2589 4154 2726 4208 ἀλλὰ
2786 4155 2875 4209 διά
2925 4172 3068 4218 τινος
3118 4153 3268 4226 ὥρας
3308 4153 3368 4207 τὸ
3411 4153 3742 4224 φαινόμενον

2149 4248 2436 4316 ἀγλαΐσας,
2467 4246 2561 4300 καί
2591 4263 2712 4300 τινα
2743 4245 2887 4300 κατά
2920 4247 3020 4316 τὴν
3047 4245 3300 4315 αἴσθησιν
3320 4245 3512 4316 ἡδονὴν
3539 4247 3742 4313 ἐγγοη-

2149 4337 2344 4400 τεύσας
2362 4338 2429 4407 τῇ
2463 4335 2672 4402 γεύσει,
2708 4335 2932 4398 πιθανὸς
2970 4336 3142 4406 ἐφάνη
3186 4338 3254 4406 τῇ
3281 4337 3520 4404 γυναικὶ,
3551 4336 3741 4400 καθώς

462 4431 518 4476 et
546 4421 818 4476 interitus.
870 4421 1078 4476 Idcirco
1129 4436 1355 4490 serpens
1393 4421 1649 4476 vitiosum
1683 4423 1888 4491 peccati
1932 4422 2041 4477 fru-

2156 4444 2320 4498 φησιν
2383 4429 2416 4497 ἠ
2475 4428 2698 4498 Γραφή·
2733 4428 2874 4482 «Καὶ
2891 4425 3133 4504 εὶδεογάρ
3166 4430 3200 4498 ὴ
3232 4427 3388 4498 γυνὴ,
3423 4429 3612 4499 φησὶν,
3656 4430 3742 4483 ὅτι

463 4519 610 4565 ctum
632 4511 838 4565 homini
856 4510 1214 4575 demonstrat,
1249 4525 1356 4564 non
1390 4511 1540 4564 illum
1581 4512 1798 4580 quidem
1834 4521 2040 4583 aperte,

463 4604 643 4674 qualis
674 4619 701 4657 a
738 4611 932 4658 natura
963 4613 1081 4657 erat
1101 4605 1231 4673 (non
1259 4605 1403 4657 enim
1434 4619 1530 4673 per
1553 4604 1899 4660 manifestum
1929 4621 2046 4659 ma-

465 4697 575 4752 lum
611 4696 722 4750 falli
763 4696 926 4750 homo
974 4696 1289 4764 potuisset),
1351 4695 1444 4750 sed
1477 4709 1699 4750 exmrna
1742 4699 2046 4753 venustatis

464 4804 588 4842 eum
609 4788 788 4856 specie
815 4795 1045 4841 exornat
1071 4805 1084 4840 :
1123 4788 1367 4856 adenque
1394 4788 1575 4857 gustui
1595 4787 1718 4854 ejus
1748 4789 2046 4857 voluptatis

467 4877 694 4948 aliquid,
759 4875 902 4946 quod
945 4893 1108 4932 sensu
1161 4878 1552 4946 perciperetur,
1611 4893 1712 4947 per
1775 4879 2040 4948 quasdam

464 4969 623 5036 quasi
663 4967 968 5038 praestigias
1023 4968 1184 5032 indit,
1231 4978 1288 5022 ut
1323 4971 1397 5023 ita
1431 4970 1645 5024 mulieri
1695 4972 1839 5040 quod
1887 4972 2044 5026 vellet

468 5061 842 5126 persuaderet.
897 5059 988 5114 Sic
1027 5061 1170 5114 enim
1221 5059 1439 5115 Littera:
1478 5076 1647 5114 sacrae
1686 5063 1985 5131 loquuntur
2028 5080 2040 5115 :

471 5165 494 5200 ε
529 5147 678 5204 Vidit
719 5160 900 5207 autem
936 5151 1130 5205 mulier
1159 5151 1364 5222 lignum
1406 5153 1539 5207 illud
1570 5154 1772 5207 bonum
1822 5170 1944 5209 esse
1977 5155 2043 5208 ad

465 5245 834 5311 vescendum,
875 5254 928 5299 et
972 5246 1150 5300 oculis
1195 5254 1434 5316 gratum,
1481 5246 1818 5316 miriﬁceque
1846 5249 2046 5316 jucun-

468 5339 598 5393 dum
633 5347 855 5407 aspectu
887 5339 956 5392 ⁷⁸.
1001 5357 1020 5391 ι
1073 5339 1258 5408 Itaque
1309 5338 1546 5393 fructum
1609 5339 1729 5407 ejus
1760 5348 2045 5408 acceptum

471 5428 726 5482 comedit.
777 5427 945 5484 Cibus
967 5437 1148 5483 autem
1189 5430 1279 5486 ille
1309 5439 1536 5484 moi-tem
1579 5429 1783 5484 homini
1817 5431 2044 5500 peperit.

473 5520 650 5590 Atque
681 5519 767 5574 hic
796 5518 897 5572 fuit
945 5521 1012 5582 is.
1043 5521 1107 5575 de
1168 5537 1277 5591 quo
1305 5520 1649 5583 disserimus,
1702 5523 2046 5591 promiscuus

2149 4518 2314 4572 καλὸν
2340 4517 2402 4571 τὸ
2423 4515 2576 4582 ξύλον
2597 4518 2674 4581 είς
2695 4516 2914 4586 βρῶσιν.
2937 4521 3026 4574 καὶ
3052 4518 3134 4571 ὅτι
3155 4519 3383 4590 ἀρεστὸν
3401 4522 3513 4582 τοῖς
3534 4521 3743 4587 όφθαλυ

2152 4613 2272 4681 μοῖς
2301 4610 2450 4670 ίδεῖν,
2478 4611 2570 4663 καὶ
2599 4609 2800 4678 ὡραῖόν
2827 4609 2942 4661 ἐστι
2974 4609 3067 4662 τοῦ
3097 4613 3436 4680 κατανοῆσαι
3460 4629 3472 4641 ο
3493 4613 3616 4667 »καὶ
3643 4612 3742 4664 λα-

2149 4701 2320 4756 ϐοῦσα
2353 4701 2448 4756 τοῦ
2466 4701 2680 4772 καρποῦ
2707 4701 2874 4755 αὐτοῦ
2896 4701 3116 4770 ἔφαγεν.
3149 4702 3214 4754 Ἠ
3242 4703 3299 4755 δὲ
3330 4702 3535 4773 βρῶσις
3550 4705 3736 4774 ἐκείνη

2150 4793 2383 4848 θανάτου
2423 4795 2604 4864 μήτηρ
2631 4795 2742 4855 τοῖς
2774 4792 3082 4863 ἀνθρώποις
3107 4793 3350 4861 γέγονεν.
3374 4793 3524 4858 Ᾱῦτη
3554 4796 3740 4848 τοίνυν

2150 4886 2184 4955 ὴ
2220 4885 2526 4956 σύμμικτός
2555 4887 2671 4938 ἐστι
2705 4884 3075 4956 καρποφορία,
3109 4883 3296 4952 σαφῶς
3318 4883 3413 4937 τοῦ
3451 4884 3612 4953 λόγου
3647 4887 3740 4938 τὸν

2151 4977 2275 5030 νοῦν
2297 4976 2716 5048 ἐρμηνεύοντος,
2743 4976 2866 5030 καθ’
2900 4976 2960 5029 ὃν
2990 4975 3154 5030 καλοῦ
3183 4993 3243 5029 τε
3273 4979 3367 5030 καὶ
3393 4976 3568 5031 κακοῦ
3593 4995 3740 5043 γνω-

2153 5070 2276 5122 στὸν
2302 5068 2594 5140 ὠνομάσθη
2626 5069 2688 5122 τὸ
2714 5067 2869 5132 ξύλον
2895 5069 3092 5132 ἐκεῖνο,
3120 5068 3205 5122 ὅτι
3237 5068 3378 5121 κατά
3403 5067 3502 5138 τὴν
3525 5068 3634 5123 τῶν
3654 5069 3741 5139 δη-

2151 5159 2424 5230 λητηρίων
2447 5163 2642 5212 κακίαν
2663 5159 2770 5212 τῶν
2792 5158 3248 5228 παραρτυθέντων
3273 5157 3352 5228 τῷ
3369 5159 3567 5228 μέλιτι,
3601 5160 3741 5214 καθὸ

2157 5250 2256 5320 μὲν
2299 5248 2723 5316 καταγλυκαίνει
2770 5249 2871 5318 τήν
2896 5247 3174 5317 αἴσθησιν,
3199 5248 3363 5302 καλὸν
3397 5245 3534 5302 εἶναι
3569 5247 3738 5314 δοκεζ

2153 5339 2290 5395 καθὸ
2315 5339 2373 5394 δὲ
2397 5339 2606 5411 φθείρει
2665 5339 2758 5392 τὸν
2803 5341 3270 5410 προσαπτόμενον,
3309 5339 3482 5395 κακοῦ
3538 5344 3743 5407 παντὶς

2154 5432 2382 5504 ἔσχατον
2414 5433 2645 5502 γίνεται.
2683 5431 2837 5486 Ἐπεὶ
2886 5429 2980 5487 οῦν
3025 5435 3295 5503 ἐνήργησε
3330 5433 3470 5487 κατὰ
3499 5435 3599 5504 τῆς
3645 5435 3736 5488 τοῦ

2154 5525 2439 5598 ἀνθρώπου
2473 5524 2616 5596 ζωῆς
2649 5524 2710 5579 τὸ
2745 5526 2980 5598 πονηρὸν
3019 5526 3342 5598 δηλητήριον
3367 5543 3380 5557 ·
3410 5526 3532 5580 τότε
3579 5527 3610 5579 ὁ
3646 5525 3737 5582 ἄν·

543 5696 591 5729 ’⁸
625 5695 795 5753 Exod.
822 5714 988 5765 xxxv,
1018 5699 1100 5753 12.
1176 5699 1221 5730 ⁷⁵
1263 5698 1455 5754 Matth.
1487 5716 1586 5770 vu,
1615 5702 1704 5756 9.5.
1779 5703 1827 5734 "
1865 5701 2003 5759 Gen.
2029 5717 2110 5768 ιιι,
2143 5701 2198 5758 6.
