3886 6214
191 325 293 380 201

1447 314 1537 370 DE
1574 311 1858 370 HOMINIS
1895 311 2208 370 OPlFICIO.

3337 312 3448 368 2-02

187 440 432 514 θρωπος,
457 440 520 493 τὸ
538 439 683 511 μέγα
716 438 811 493 καὶ
837 438 1070 507 πρᾶγμα
1085 436 1180 488 καὶ
1210 434 1401 504 ὄνομα,
1420 434 1483 486 τὸ
1509 434 1608 503 τῆς
1624 433 1774 496 θείας

1885 432 2136 489 fructus:
2186 433 2590 488 declarantibus
2650 431 2933 503 perspicue
2979 428 3198 486 Litteris
3249 429 3445 494 sacris,

185 531 411 594 ψύσεως
444 533 831 600 ἀπεικόνισμα,
861 531 926 599 τῇ
963 528 1304 598 ματαιότητι,
1337 525 1517 590 καθώς
1557 541 1720 596 φησιν
1745 527 1774 578 ὁ

187 608 511 687 Πραφήτης,
528 611 806 684 ὡμοιώθη.
881 619 1148 687 Ούκοῦνή
1179 619 1276 689 μὲν
1317 617 1478 671 εἰκὼν
1527 617 1663 689 πρὸς
1714 615 1774 669 τδ

187 713 444 782 κρεῖττον
488 712 594 764 τῶν
638 713 696 764 ὲν
727 713 863 782 ἡμῖν
913 712 1219 782 νοουμένων
1257 710 1558 780 ᾠκείωταιο
1602 711 1772 774 τὰδὲ,

1880 543 1990 597 quo
2018 542 2182 583 sensu
2213 527 2419 596 lignum
2454 528 2555 581 hoc
2575 527 2817 583 scientiae
2849 525 2976 581 boni
3012 533 3066 580 et
3093 524 3220 578 mali
3259 525 3447 594 appel-

1880 618 2068 674 larint.
2107 617 2339 673 Perinde
2371 620 2641 682 videlicet,
2669 628 2830 688 atque
2861 633 3069 672 venena
3107 616 3264 672 melle
3317 631 3450 671 con-

1879 711 2013 775 dita,
2041 726 2147 780 qua
2169 710 2355 766 sensui
2377 712 2450 766 ob
2480 710 2870 766 dulcitudinem
2895 720 3048 780 grata
3076 720 3221 769 sunt.
3246 708 3450 763 bonum

185 808 294 860 ὃσα
333 806 462 874 περὶ
511 804 600 857 τὸν
634 805 747 875 βίον
774 805 994 875 λυπηρά
1023 821 1084 856 τε
1112 805 1206 858 καὶ
1234 803 1413 867 ἄθλια,
1449 803 1636 876 πόρρω
1676 805 1774 875 τῆς

1885 801 2137 872 quiddam
2176 818 2341 858 esse:
2373 818 2478 873 qua
2512 818 2641 858 vero
2673 812 2908 857 utentem
2947 803 3285 866 interimunt,
3331 813 3449 852 ma-

188 897 334 966 πρὸς
364 896 424 948 τὸ
455 892 603 948 Θείόν
633 897 778 947 ἐστιν
806 895 1137 965 ὁμοιώσεως.

1885 893 2057 948 lorum
2083 895 2326 949 omnium
2351 903 2590 949 extrema
2620 902 2932 949 censentur.
2965 893 3078 949 Hoc
3104 895 3269 964 igitur
3296 907 3450 948 vene-

187 1004 326 1043 num
387 990 790 1060 quamprimum
836 989 1071 1044 hominis
1119 989 1285 1043 vitam
1341 988 1600 1042 tentando
1652 987 1821 1055 laesit,
1883 989 2202 1057 praeclarum
2267 989 2401 1043 illud
2461 987 2699 1043 hominis
2765 987 3041 1058 Opiﬁcium
3109 1001 3172 1040 ac
3228 999 3449 1050 nomen,

190 1083 442 1152 adeoque
485 1083 684 1138 divinae
725 1093 936 1140 naturae
980 1083 1360 1148 simulacrum,
1403 1085 1681 1149 vanitatis,
1726 1082 2183 1154 quemadmodum
2224 1079 2385 1134 Vates
2426 1081 2753 1153 loquitur",
2809 1081 3218 1138 similitudinem
3251 1079 3450 1134 induit.

189 1177 384 1246 Itaque
408 1181 518 1248 jam
565 1182 742 1250 imago
767 1181 832 1234 ad
870 1189 1050 1250 partes
1084 1180 1138 1233 in
1183 1179 1342 1235 nobis
1382 1181 1789 1249 praestantiores
1818 1177 2102 1233 referenda
2131 1187 2232 1232 est.
2282 1177 2629 1248 Quaecunque
2673 1184 2852 1232 autem
2886 1176 3112 1230 molesta
3154 1175 3208 1228 in
3239 1174 3368 1239 vita,
3397 1177 3453 1227 et

189 1270 376 1325 tristia
405 1270 688 1334 accidunt,
729 1271 884 1341 longe
918 1271 1126 1324 Scilicet
1151 1284 1180 1322 a
1229 1270 1586 1326 similitudine
1624 1278 1834 1325 naturae
1866 1270 2064 1324 divina:
2094 1271 2338 1340 separari
2371 1270 2586 1324 debent.

694 1381 1092 1437 ΚΕΦΑΛΑΙΟΝ
1151 1384 1256 1436 ΚΑ¹
1268 1418 1285 1436 .

187 1497 326 1550 Ὀτι
377 1499 416 1565 ἡ
470 1497 808 1561 ἀνάστασις
841 1499 912 1549 οὐ
931 1497 1224 1550 τοσοῦτον
1247 1497 1314 1550 ἐκ
1345 1497 1450 1551 τοῦ
1485 1497 1778 1565 κηρύγμαο

264 1587 372 1633 τος
390 1567 496 1621 τοῦ
521 1566 848 1635 Γραφικοῦ,
889 1566 1041 1620 ὅσον
1067 1567 1134 1631 ἐξ
1161 1567 1352 1634 αὐτῆς
1375 1566 1484 1634 τῆς
1509 1566 1775 1636 ἀνάγκης

258 1639 385 1692 τῶν
413 1637 771 1706 πραγμάτων
797 1637 1142 1704 ἀκολούθως
1177 1636 1490 1696 ἐλπίζεται.

272 1731 417 1784 Ἀλλ’
473 1730 569 1799 οὐχ
617 1727 790 1791 οὕτως
841 1729 989 1780 ἐστὶν
1019 1727 1237 1797 ἰσχυρὸν
1274 1729 1307 1798 ἡ
1340 1729 1528 1791 κακία,
1569 1727 1644 1792 ὡς
1676 1729 1775 1798 τῆς

183 1821 408 1890 ἀγαθῆς
462 1818 826 1890 ὑπερισχύσαι
858 1818 1139 1888 δυνάμεως
1164 1834 1178 1848 ο
1233 1817 1352 1870 οὐδὲ
1392 1819 1652 1888 κρείττων
1682 1821 1775 1873 καὶ

186 1912 546 1985 μονιμωτέρα
592 1913 691 1980 τῆς
747 1907 880 1962 Θεοῦ
933 1908 1124 1976 σοφίας
1165 1910 1326 1980 ήτῆς
1381 1909 1593 1977 φύσεως
1622 1911 1776 1980 ἡμῶν

184 2004 444 2058 ἀϐουλία.
472 2001 605 2054 Οὐδὲ
625 1999 734 2070 γάρ
763 2000 879 2050 ἐστι
907 1998 1131 2051 δυνατὸν
1154 1997 1214 2050 τὸ
1245 1998 1578 2069 τρεπόμενόν
1603 2016 1659 2050 τε
1684 1999 1776 2051 καὶ

186 2094 595 2165 ἀλλοιούμενον,
630 2090 725 2144 τοῦ
776 2091 862 2143 ἀεὶ
915 2089 1175 2152 ὡσαύτως
1223 2088 1456 2159 ἔχοντος,
1490 2089 1584 2142 καὶ
1612 2091 1668 2141 ὲν
1701 2089 1778 2160 τῷ

187 2186 382 2257 ἀγαθῷ
405 2182 733 2254 πεπηγότος,
767 2180 1223 2252 ἐπικρατέστερόν
1250 2197 1308 2232 τε
1339 2181 1430 2233 καὶ
1462 2179 1780 2250 μονιμώτε-

189 2298 288 2352 ρον
316 2275 457 2331 εἶναι
484 2294 497 2306 ·
524 2276 638 2330 ἀλλ’
679 2275 712 2345 ἡ
750 2274 849 2344 μὲν
878 2272 994 2325 θεία
1023 2271 1186 2341 βουλὴ
1227 2272 1402 2341 πάντη
1436 2271 1619 2323 τεοκαὶ
1647 2270 1780 2322 πάν-

183 2389 301 2435 τως
327 2371 388 2423 τὸ
417 2368 751 2439 ἀμετάθετον
786 2366 921 2436 ἔχει,
949 2365 1008 2417 τὸ
1059 2364 1114 2416 δὲ
1161 2363 1395 2433 τρεπτὸν
1424 2363 1524 2432 τῆς
1567 2361 1780 2432 φύσεως

181 2464 355 2535 ἡμῶν
403 2461 524 2514 οὐδὲ
581 2463 638 2513 ὲν
671 2458 749 2529 τῷ
801 2457 958 2527 κακῷ
1003 2456 1199 2522 πάγιον
1236 2455 1405 2526 μένει.
1441 2455 1515 2506 Τὸ
1555 2453 1663 2524 γὰρ
1695 2452 1782 2505 ἀεὶ

183 2559 416 2619 πάντως
463 2553 803 2622 κινούμενον,
849 2552 895 2602 εί
941 2549 1039 2619 μὲν
1069 2549 1205 2619 πρὸς
1240 2547 1302 2600 τὸ
1336 2547 1500 2600 καλὸν
1538 2545 1650 2617 ἔχοι
1682 2544 1780 2615 τὴν

180 2650 444 2723 πρόοδον,
490 2649 577 2701 διὰ
603 2647 664 2699 τὸ
694 2646 940 2715 ἀόριστον
960 2641 1052 2696 τοῦ
1077 2640 1507 2710 διεξοδευομένου
1527 2637 1783 2708 πράγμα-

177 2759 290 2805 τος
324 2741 578 2793 οὐδέποτε
616 2737 767 2808 λήξει
811 2737 912 2805 τῆς
955 2736 1048 2787 ἐπὶ
1078 2733 1148 2786 τὰ
1182 2732 1370 2803 πρόσω
1403 2731 1595 2801 φορᾶς.
1648 2729 1782 2782 οὐδὲ

176 2834 306 2903 γὰρ
334 2832 555 2903 εὑρήσει
583 2828 912 2899 ζητουμένου
945 2825 1119 2896 πέρας
1153 2823 1322 2884 οὐδὲν,
1346 2816 1408 2875 οὗ
1444 2819 1782 2893 δραξάμενον

179 2924 455 2993 στήσεταί
493 2937 620 2972 ποτε
646 2919 745 2989 τῆς
790 2919 1079 2989 κινήσεως.
1108 2916 1171 2969 El
1195 2916 1250 2969 δὲ
1285 2916 1420 2986 πρὸς
1450 2915 1510 2968 τὸ
1542 2915 1782 2969 ἐναντίον

177 3016 297 3087 τὴν
331 3013 502 3086 ῥοπὴν
559 3012 735 3082 σχοίη,
779 3010 1001 3063 ἐπειδὰν
1042 3008 1268 3080 διανύσῃ
1309 3008 1409 3077 τῆς
1447 3009 1645 3072 κακίας
1692 3007 1783 3061 τὸν

2458 1381 2684 1437 CAPUT
2723 1381 2867 1437 XXI.

1879 1494 2327 1550 Resurrectionem
2357 1512 2421 1551 ea:
2466 1497 2687 1550 mortuis
2739 1513 2841 1549 non
2873 1505 2982 1548 tam
3019 1503 3229 1564 propter
3258 1495 3456 1563 prwdt-

1947 1569 2169 1620 ctionem
2201 1567 2522 1620 Litterarum
2562 1583 2866 1622 sacrarum.
2900 1583 3059 1636 quam
3098 1567 3455 1619 necessarium

1948 1653 2124 1690 rerum
2154 1639 2391 1691 ordinem
2423 1639 2634 1691 omnino
2655 1637 3060 1705 exspectandam
3088 1652 3220 1690 esse.

1947 1727 2426 1785 Verumenimvero
2482 1745 2590 1784 non
2636 1736 2849 1782 tantum
2879 1728 3006 1782 mali
3058 1728 3225 1784 robur
3250 1737 3356 1791 est,
3393 1736 3455 1783 ut

1877 1819 1982 1872 vim
2008 1819 2136 1873 boni
2186 1820 2360 1888 possit
2396 1835 2747 1889 exsuperare,
2796 1835 2972 1890 neque
3014 1827 3222 1873 naturae
3249 1818 3456 1887 impru-

1876 1909 2078 1973 dentia,
2114 1910 2204 1965 Dei
2228 1918 2311 1966 est
2337 1912 2604 1980 sapientia
2629 1911 2712 1965 vel
2749 1911 2945 1980 potior,
2977 1911 3058 1963 vel
3087 1909 3451 1963 constantior.

1878 2002 2019 2058 Fieri
2069 2003 2214 2057 enim
2254 2020 2361 2057 non
2397 2012 2597 2073 potest,
2659 2012 2714 2056 ut
2766 2002 2912 2072 quod
2964 2002 3176 2056 vicibus
3225 2002 3455 2056 alternis

1877 2101 2265 2154 commutatur,
2306 2095 2398 2147 illo
2457 2094 2665 2148 ﬁrmius
2741 2108 2803 2147 ac
2856 2091 3160 2148 durabilius
3201 2093 3454 2157 exsistat,

1878 2185 2020 2253 quod
2058 2199 2272 2253 semper
2317 2183 2509 2238 eodem
2563 2183 2725 2237 modo
2777 2183 3054 2246 aﬁ‘ectum,
3104 2183 3269 2253 inque
3310 2184 3455 2239 bono

1881 2276 2044 2330 ﬁxum
2076 2290 2139 2328 ac
2166 2275 2359 2330 stabile
2382 2285 2486 2340 est,
2519 2290 2643 2327 nam
2666 2274 2758 2329 Dei
2796 2276 3082 2328 consilium
3119 2275 3176 2328 in
3201 2275 3456 2331 omnibus

1879 2369 2044 2422 rebus
2109 2375 2370 2437 perpetuo
2437 2367 2931 2421 inmutabilitatem
2983 2381 3135 2420 suam
3186 2368 3382 2422 retinet
3437 2385 3452 2423 :

1880 2468 2065 2514 nostra
2094 2474 2222 2512 vero
2241 2467 2433 2511 natura
2453 2459 2844 2512 mutationibus
2864 2459 3118 2524 obnoxia,
3143 2475 3211 2513 ne
3231 2459 3287 2513 in
3313 2459 3457 2513 malo

1881 2552 2103 2622 quidem
2158 2557 2474 2606 constanter
2537 2550 2800 2620 persistit.
2863 2551 3018 2616 Quod
3050 2550 3196 2605 enim
3242 2566 3458 2620 semper

1883 2654 2151 2710 movetur,
2181 2645 2227 2699 si
2253 2643 2470 2713 quidem
2497 2643 2565 2696 ad
2603 2643 2806 2697 bonum
2836 2643 3200 2712 progreditur,
3236 2653 3459 2713 propter

1884 2738 2055 2808 ipsius
2082 2737 2180 2802 rei,
2213 2752 2376 2806 quam
2411 2735 2576 2790 veluti
2606 2751 2898 2806 peragrare
2922 2744 3170 2798 conatur,
3217 2737 3459 2790 inﬁnita-

1883 2841 2012 2892 tem.
2049 2845 2325 2900 nunquam
2388 2829 2618 2883 ulterius
2649 2829 2977 2882 contendere
3016 2828 3236 2883 desinit.
3271 2828 3458 2899 Neque

1883 2922 2027 2977 enim
2062 2921 2192 2976 boni
2228 2928 2426 2975 metam
2464 2921 2628 2973 ullam
2662 2919 2901 2974 inveniet
2937 2933 2952 2972 :
2983 2935 3147 2989 quam
3200 2921 3293 2974 ubi
3324 2934 3455 2974 con-

1885 3015 2089 3085 tigerit,
2123 3029 2153 3067 a
2201 3021 2350 3068 motu
2383 3013 2473 3068 ﬁat
2509 3013 2740 3068 institio.
2781 3011 2875 3066 Sin
2924 3012 3196 3067 diversam
3237 3015 3291 3067 in
3329 3029 3458 3083 par-

177 3107 426 3180 δρόμον,
483 3104 576 3157 καὶ
633 3103 725 3155 ἐπὶ
773 3103 835 3154 τὸ
889 3101 1189 3171 ἀκρότατον
1224 3100 1320 3153 τοῦ
1366 3098 1538 3154 κακοῦ
1581 3100 1778 3170 μέτρον

1885 3119 1987 3163 tem
2056 3105 2393 3163 deﬁectendo
2452 3113 2674 3176 perget,
2736 3105 2827 3160 ubi
2895 3120 3120 3162 cursum
3179 3106 3304 3160 mali
3362 3107 3459 3160 ab-

181 3201 460 3270 ἀφίκηται
486 3214 500 3226 '
528 3197 648 3250 τότε
700 3195 760 3248 τὺ
808 3194 904 3264 τῆς
943 3193 1120 3264 ὁρμῆς
1178 3193 1484 3262 ἀεικίνητον
1524 3191 1778 3261 οὐδεμίαν

181 3295 264 3344 ὲκ
311 3289 525 3357 φύσεως
585 3287 774 3339 στάσιν
820 3284 1095 3354 εὑρίσκον,
1146 3283 1365 3336 ἐπειδὰν
1419 3282 1689 3355 διαδράμῃ
1720 3283 1779 3336 τὸ

180 3386 264 3438 ὲκ
287 3381 453 3452 κακίᾳ
479 3380 773 3449 διάστημα,
805 3378 924 3430 κατ’
957 3377 1203 3444 ἀνάγκην
1231 3375 1323 3428 ἐπὶ
1347 3374 1408 3426 τὸ
1432 3374 1634 3443 ἀγαθὸν
1663 3374 1782 3445 τρέ-

185 3490 289 3526 πει
319 3473 419 3543 τὴν
462 3471 696 3540 κίνησιν.
761 3466 845 3538 Μὴ
872 3467 982 3537 γάρ
1033 3463 1329 3536 προϊούσης
1370 3464 1567 3527 κακίας
1595 3465 1688 3517 ἐπὶ
1719 3463 1781 3516 τὸ

183 3566 470 3634 ἀόριστον,
529 3561 645 3615 ἀλλ’
693 3559 1012 3628 ἀναγκαίοις
1063 3558 1263 3628 πέρασι
1309 3556 1777 3626 κατειλημμένης,

184 3656 507 3718 ἀκολούθως
523 3657 556 3724 ἡ
577 3652 672 3706 τοῦ
689 3651 891 3721 ἀγαθοῦ
919 3651 1137 3721 διαδοχὴ
1162 3649 1224 3701 τὸ
1251 3649 1422 3721 πέρας
1451 3649 1549 3718 τῆς
1583 3647 1781 3710 κακίας

189 3750 502 3820 ἐκδέχεται.
533 3748 646 3800 Καὶ
696 3744 859 3807 οὕτω,
894 3741 1078 3806 καθὼς
1116 3742 1351 3813 εἴρηται,
1380 3743 1440 3794 τὸ
1474 3741 1784 3811 ἀεικίνητον

187 3841 357 3910 ἡμῶν
409 3837 512 3908 τῆς
563 3836 777 3906 φύσεως
835 3834 996 3888 πάλιν
1059 3832 1288 3886 ὕστατον
1320 3833 1413 3884 ἐπὶ
1442 3833 1540 3903 τὴν
1572 3830 1782 3902 ἀγαθὴν

189 3931 491 4002 ἀνατρέχει
525 3929 772 4000 πορείαν,
820 3929 884 3998 τῇ
913 3927 1103 3996 μνήμῃ
1135 3925 1243 3978 τῶν
1274 3923 1780 3996 προδεδυστυχημέ-

189 4041 305 4077 νων
336 4022 474 4091 πρὸς
499 4022 558 4072 τὸ
595 4020 670 4089 μὴ
713 4018 874 4071 πάλιν
910 4018 1174 4070 ὲναλῶναι
1207 4018 1322 4080 τοῖς
1353 4017 1486 4078 ῖσοις
1513 4032 1781 4085 σωφρονι-

191 4114 449 4182 ζόμενον.
474 4110 684 4164 Οὐκοῦν
701 4109 852 4162 ἔσται
877 4108 1039 4161 πάλιν
1059 4110 1116 4162 ὲν
1135 4107 1322 4170 καλοῖς
1350 4108 1378 4159 ὁ
1404 4107 1601 4177 δρόμος
1628 4108 1780 4177 ἡμῖν,

190 4205 285 4258 διὰ
320 4203 383 4256 τὸ
420 4203 650 4270 πέρασίν
698 4199 1017 4268 ἀναγκαίοις
1062 4198 1422 4271 περιωρίσθαι
1452 4200 1550 4270 τῆς
1583 4199 1784 4260 κακίας

190 4300 297 4369 τὴν
331 4296 516 4364 φύσιν.
549 4292 817 4364 Καθάπερ
854 4292 962 4362 γὰρ
991 4294 1040 4345 οἱ
1087 4293 1247 4345 δεινοὶ
1285 4291 1354 4344 τά
1391 4293 1656 4362 μετέωρα,
1689 4289 1782 4344 τοῦ

197 4391 302 4463 μὲν
354 4387 534 4457 φωτὸς
588 4377 764 4439 πάντα
808 4384 1026 4454 λέγουσι
1071 4385 1163 4437 τὸν
1209 4384 1410 4453 κόσμον
1443 4379 1581 4436 εἶναι
1611 4383 1783 4436 κατά-

1881 3203 2122 3266 solverit,
2183 3209 2238 3257 et
2281 3202 2347 3254 ad
2401 3200 2522 3269 ejus
2582 3208 2886 3254 extremum
2937 3199 3282 3268 pervenerit,
3341 3205 3459 3253 tum

1880 3293 2091 3348 scilicet
2143 3291 2376 3361 impetus
2423 3292 2538 3360 ipse
2608 3289 2848 3358 perpetui
2908 3295 3110 3352 motus,
3179 3303 3302 3343 cum
3360 3302 3460 3342 na-

1879 3393 2004 3439 tura
2032 3399 2132 3439 sua
2165 3383 2373 3437 nullam
2403 3381 2703 3452 requietem
2731 3380 3000 3443 inveniat,
3033 3394 3296 3450 percurso
3328 3380 3458 3434 mali

1881 3476 2059 3532 stadio
2081 3489 2307 3530 necesse
2336 3481 2421 3530 est
2451 3473 2517 3527 ad
2541 3473 2738 3526 bonum
2775 3471 3018 3527 vicissim
3059 3485 3180 3526 sese
3229 3485 3460 3526 conver-

1880 3577 1977 3624 tat.
2016 3567 2217 3621 Malum
2269 3567 2413 3621 enim
2462 3580 2584 3619 cum
2637 3579 2982 3634 nequaquam
3034 3563 3106 3618 sit
3159 3563 3456 3627 inﬁnitum,

1890 3661 1982 3716 sed
2005 3659 2172 3713 certis
2206 3656 2535 3727 quibusdam
2560 3655 2758 3710 ﬁnibus
2780 3655 3112 3724 descriptum
3148 3670 3162 3706 :
3195 3657 3458 3725 consequi

1882 3766 2106 3807 necesse
2125 3759 2230 3815 est,
2253 3758 2314 3804 ut
2337 3749 2462 3804 mali
2483 3757 2785 3803 extremum
2804 3747 2934 3801 boni
2956 3748 3304 3802 successione
3324 3762 3456 3802 conr

1882 3846 2144 3899 tinuetur.
2169 3844 2376 3913 Itaque,
2407 3849 2467 3896 ut
2487 3850 2573 3896 est
2608 3840 2930 3904 indicatum,
2961 3848 3220 3909 perpetua
3249 3846 3459 3894 natura:

1883 3945 2091 3992 nostra:
2119 3935 2289 3990 motio
2315 3933 2533 3988 tandem
2578 3930 2874 4002 aliquando
2905 3930 2973 3984 ad
3010 3929 3112 3984 iter
3145 3929 3348 3984 bonum
3373 3945 3460 3984 re-

1883 4036 2146 4093 vertetur,
2180 4027 2480 4096 castigante
2528 4039 2630 4079 nos
2671 4022 2937 4078 memoria
2991 4022 3233 4092 priorum
3255 4037 3458 4076 mrum-

1883 4135 2100 4182 narum,
2129 4127 2190 4172 ut
2215 4118 2361 4173 omni
2387 4115 2568 4172 studio
2597 4129 2910 4181 caveamus,
2965 4129 3034 4168 ne
3095 4114 3152 4168 in
3210 4115 3459 4171 miserias

1885 4211 2198 4267 consimiles
2256 4209 2584 4264 recidamus.
2643 4205 2999 4260 Versabimur
3045 4205 3211 4276 igitur
3263 4221 3458 4262 rursus

1886 4302 2181 4373 aliquando
2232 4301 2360 4356 boni
2411 4299 2464 4353 in
2524 4297 2818 4362 curriculo,
2861 4297 3078 4365 quando
3104 4305 3316 4352 certum
3374 4309 3460 4354 est

1889 4393 2015 4447 mali
2043 4400 2292 4446 naturam
2322 4389 2646 4445 necessariis
2681 4387 3006 4458 quibusdam
3063 4390 3310 4444 terminis
3336 4389 3460 4443 ﬁni-

193 4483 408 4543 πλεων,
439 4479 500 4533 τὸ
522 4479 580 4531 δὲ
613 4477 804 4540 σκότος
822 4479 890 4548 τῇ
926 4476 1241 4547 ἀντιφράξει
1259 4476 1354 4530 τοῦ
1388 4476 1532 4530 κατὰ
1565 4475 1660 4546 τὴν
1677 4476 1780 4545 γῆν

1888 4493 1998 4538 tam
2032 4499 2171 4538 esse.
2199 4481 2664 4548 Quemadmodum
2691 4482 2836 4534 enim
2869 4480 3117 4535 homines
3152 4496 3332 4534 rerum
3365 4498 3460 4536 su-

195 4572 456 4642 σώματος
495 4567 960 4636 ἀποσκιαζόμενον
1013 4567 1257 4635 γίνεσθαι
1287 4567 1444 4637 (ἀλλὰ
1484 4567 1642 4621 τοῦτο
1682 4566 1782 4636 μὲν

194 4667 345 4720 κατά
402 4665 462 4716 τὸ
517 4662 704 4733 σχῆμα
752 4661 847 4714 τοῦ
916 4661 1288 4734 σφαιροειδοῦς
1328 4662 1598 4732 σώματος,
1640 4660 1783 4713 κατά

193 4756 375 4811 νώτου
405 4754 507 4822 τῆς
530 4751 760 4822 ἡλιακῆς
793 4753 1006 4815 ἀκτῖνος
1022 4751 1319 4814 κωνοειδῶς
1341 4750 1777 4816 κατακλείεσθαι,

191 4851 289 4904 τὸν
319 4848 379 4902 δὲ
399 4847 551 4916 ἣλιον
575 4844 991 4899 πολλαπλασίονι
1013 4843 1090 4915 τῷ
1119 4844 1335 4916 μεγέθει
1355 4847 1455 4916 τὴν
1479 4845 1584 4915 γῆν
1607 4846 1780 4914 ὑπερ-

194 4939 493 4998 ϐάλλοντα,
545 4934 877 5005 πανταχόθεν
899 4935 1071 5006 αὐτὴν
1112 4937 1232 5000 ταῖς
1263 4938 1472 4989 ἀκτῖσιν
1505 4939 1563 4990 ὲν
1597 4937 1780 5008 κύκλῳ

194 5027 733 5102 περιπτυσσόμενον,
764 5027 1053 5081 συνάπτειν
1083 5028 1226 5080 κατὰ
1252 5029 1312 5082 τὸ
1344 5033 1514 5099 πέρας
1541 5029 1636 5081 τοῦ
1674 5028 1772 5082 κώι

195 5139 290 5174 νου
333 5119 434 5181 τὰς
469 5116 564 5169 τοῦ
599 5117 776 5184 φωτὸς
824 5115 1120 5186 συμϐολὰς,
1172 5117 1310 5170 ὥστε
1349 5115 1471 5169 καθ’
1502 5115 1781 5181 ὑπόθεσιν,

194 5217 244 5267 εἰ
270 5209 491 5280 γένοιτό
522 5226 628 5261 τινι
657 5207 887 5278 δύναμις
938 5206 1187 5277 διαϐῆναι
1216 5207 1276 5260 τὸ
1311 5208 1529 5279 μέτρον,
1561 5210 1641 5270 είς
1659 5208 1785 5260 ὅσον

199 5305 508 5358 ἐκτείνεται
537 5304 570 5372 ἡ
603 5299 753 5363 σκιὰ,
785 5299 1002 5363 πάντως
1052 5301 1119 5353 ἂν
1153 5301 1211 5352 ἐν
1249 5301 1388 5367 φωτὶ
1418 5299 1667 5369 γενέσθαι
1709 5299 1785 5370 μὴ

197 5395 617 5462 διακοπτομένῳ
639 5391 742 5446 ὑπὸ
761 5391 853 5444 τοῦ
885 5393 1132 5460 σκότους)
1154 5409 1166 5420 ·
1192 5391 1364 5455 οὕτως
1389 5387 1541 5461 οἶμαι
1571 5391 1682 5444 δεῖν
1700 5394 1794 5446 καὶ

199 5488 333 5556 περὶ
388 5483 550 5554 ἡμῶν
614 5481 960 5545 διανοεῖσθαι,
1022 5482 1104 5534 ὅτι
1166 5481 1526 5546 διεξελθόντες
1561 5482 1652 5534 τὸν
1693 5482 1793 5552 τῆς

201 5578 408 5640 κακίας
462 5577 608 5646 ὅρον,
653 5573 874 5627 ἐπειδὰν
926 5575 984 5628 ὲν
1021 5573 1099 5644 τῷ
1149 5573 1304 5646 ἄκρῳ
1345 5573 1632 5644 γενώμεθα
1686 5573 1787 5642 τῆς

274 5756 322 5786 ⁷⁸
347 5753 492 5808 Psal.
545 5767 736 5818 cum,
779 5751 834 5806 4.

536 5843 811 5902 Ρλτιιυι.
856 5837 974 5900 Gn.
1009 5835 1238 5901 XLIV.

1890 4591 1988 4645 pra
2015 4590 2115 4629 nos
2160 4573 2536 4644 apparentium
2582 4573 2738 4642 periti
2789 4573 3028 4637 tradunt,
3059 4571 3320 4626 mundum
3344 4575 3461 4627 uni-

1888 4682 2106 4722 versum
2137 4667 2272 4720 lucis
2305 4667 2522 4736 plenum
2557 4680 2700 4731 esse;
2721 4665 2974 4719 tenebras
3005 4679 3131 4718 vero
3162 4663 3278 4718 ﬁeri
3311 4664 3459 4719 alIir-

1889 4765 2040 4810 mant
2073 4772 2138 4811 ex
2165 4758 2355 4810 umbra
2379 4755 2578 4810 terreni
2609 4754 2857 4824 corporis
2888 4755 3221 4809 obvertentis
3245 4771 3303 4810 se
3331 4758 3455 4824 soli,

1887 4862 2011 4902 cum
2045 4847 2261 4916 quidem
2287 4847 2355 4900 ab
2403 4846 2549 4900 illius
2588 4847 2803 4900 radiisa
2825 4853 2976 4915 tergo
3008 4847 3306 4900 secundum
3345 4847 3460 4901 for-

1886 4954 2033 4993 mam
2067 4938 2284 4993 rotundi
2307 4939 2553 5008 corporis
2582 4938 2772 4991 umbra
2794 4937 2968 4992 instar
2995 4938 3117 4992 coni
3147 4939 3455 4995 claudatur.

1889 5030 1984 5085 Sol
2012 5031 2177 5093 enim,
2203 5045 2328 5084 cum
2361 5029 2547 5084 multis
2575 5028 2822 5097 partibus
2855 5040 2997 5082 terra
3031 5030 3203 5099 major
3230 5029 3302 5083 sit
3351 5047 3455 5084 un-

1887 5125 2051 5192 dique
2085 5123 2252 5177 radiis
2285 5137 2404 5176 eam
2435 5121 2549 5175 suis
2575 5121 2876 5189 amplexus,
2909 5120 2964 5173 in
3022 5128 3268 5175 extremo
3316 5137 3458 5178 cono

1886 5218 2062 5272 lucem
2107 5224 2391 5270 coeuntem
2438 5229 2631 5268 rursus
2665 5213 2821 5282 quasi
2855 5214 3149 5267 connectit.
3195 5214 3379 5283 itaque
3409 5215 3456 5270 si

1889 5306 2006 5362 ﬁeri
2053 5313 2236 5376 posset
2267 5304 2452 5375 (posse
2496 5310 2702 5366 autem,
2750 5302 2981 5356 docendi
3023 5316 3188 5356 causa
3223 5303 3453 5370 scilicet,

1889 5395 2212 5467 statuamus)
2249 5402 2307 5448 ut
2335 5395 2460 5464 quis
2488 5394 2732 5447 umbram
2767 5386 3077 5446 universam
3119 5400 3453 5461 penetraret,

1886 5488 1935 5543 is
1968 5487 2185 5541 tandem
2222 5487 2276 5539 in
2311 5486 2486 5538 lucem
2520 5484 2845 5554 perveniret,
2876 5499 3050 5552 neque
3081 5483 3190 5536 ulla
3220 5499 3341 5537 eum
3387 5502 3454 5539 ex

1887 5583 2038 5646 parte
2072 5575 2308 5630 tenebra:
2338 5573 2734 5643 contingerent.
2791 5571 2881 5626 Sic
2914 5579 2968 5628 et
2995 5571 3064 5627 de
3092 5571 3251 5628 nobis
3301 5572 3456 5642 cogi-

3101 5837 3136 5895 7
