3844 6222
434 268 540 325 205

1702 268 1757 323 S.
1801 263 2132 323 GREGORII
2170 265 2456 321 NYSSENI

3591 262 3686 316 901

431 377 660 432 tandum
689 387 795 444 est,
829 378 943 434 fore
973 388 1030 433 ut
1079 388 1371 449 .postquam
1407 378 1533 432 mali
1568 378 1858 432 terminum
1888 391 2000 448 prae

2125 378 2262 432 κατά
2289 377 2386 448 τὴν
2432 375 2703 448 ἁμαρτίαν
2743 378 2918 441 σκιᾶς,
2953 377 3115 431 πάλιν
3148 377 3206 430 ὲν
3250 378 3391 447 φωτὶ
3425 378 3673 442 βιοτεύσο

439 470 696 540 tergressi
725 470 919 534 simus,
949 471 1192 540 adeoque
1222 471 1286 525 ad
1318 477 1614 524 extremam
1649 469 1855 538 peccati
1887 482 2008 520 um-

433 561 585 615 hram
621 563 1028 632 pervenerimus
1062 582 1075 616 :
1108 571 1222 616 tum
1252 577 1382 632 ergo
1444 561 1580 624 fore,
1611 569 1670 614 ut
1717 574 1910 614 rursus
1951 557 2010 612 in

431 667 554 708 luce
585 657 852 721 vivamus,
898 655 1119 722 quando
1155 655 1418 709 bonorum
1463 661 1660 708 natura
1693 661 2008 720 comparata

429 747 496 799 ad
531 746 657 798 mali
690 746 1140 815 magnitudinem,
1205 746 1431 801 inﬁnitis
1480 761 1599 801 eam
1631 746 1878 815 partibus
1913 760 2009 799 su-

429 845 604 904 perat.
639 835 981 906 Quapropter
1007 839 1202 892 iterum
1232 839 1286 891 in
1317 838 1556 908 paradisi
1593 838 2003 907 possessionem

430 929 708 981 mittemur
763 927 1014 982 :iterum
1077 929 1222 998 ligno
1281 929 1373 982 illo
1437 928 1702 991 fruemur,
1743 928 1887 997 quod
1919 935 2005 982 est

427 1018 632 1088 lignum
661 1019 802 1072 vitae.
835 1017 1170 1074 Restituetur
1200 1021 1356 1074 nobis
1387 1021 1636 1089 imaginis
1665 1020 2000 1090 praestantia,

428 1119 481 1162 et
512 1110 722 1178 imperii
751 1109 1006 1178 dignitas.
1053 1110 1170 1164 Non
1202 1111 1270 1164 de
1293 1112 1518 1180 imperio
1547 1114 1601 1164 in
1635 1127 1721 1167 res
1770 1111 1890 1166 illas
1925 1111 2004 1163 lo-

2119 487 2238 539 μεν,
2289 470 2364 532 ὡς
2386 468 2526 522 κατὰ
2571 470 2633 522 τὸ
2660 470 3085 540 άπειροπλάσιον
3119 470 3255 541 πρὸς
3270 472 3332 522 τὸ
3363 471 3462 541 τῆς
3491 471 3686 534 κακίας

2115 561 2309 630 μέτρον
2327 564 2425 632 τῆς
2447 561 2556 614 τῶν
2579 560 2797 630 ἀγαθῶν
2814 561 3026 630 φύσεως
3049 562 3496 632 περιττευούσης.
3522 563 3686 614 Πάλιν

2111 647 2203 706 οὖν
2242 654 2270 704 6
2316 654 2664 725 παράδεισος,
2717 655 2878 708 πάλιν
2907 655 2969 708 τὸ
3003 655 3156 720 ξύλον
3202 656 3400 715 ὲκεῖνο.
3431 654 3460 707 ὃ
3501 654 3569 724 δὴ
3600 656 3686 706 καὶ

2111 744 2258 812 ζωῆς
2308 746 2423 797 ἐστι
2478 745 2651 809 ξύλον,
2694 747 2855 799 πάλιν
2888 747 2985 816 τῆς
3012 747 3216 808 εἰκόνος
3241 748 3275 816 ή
3312 746 3494 816 χάρις,
3528 747 3624 799 καὶ
3658 750 3687 808 ἡ

2110 836 2206 905 τῆς
2237 835 2414 906 ἀρχῆς
2433 836 2578 902 ἀξία.
2621 835 2694 888 Οὔ
2728 854 2817 906 μοι
2849 837 2997 889 δικεῖ
3039 836 3242 888 τούτων
3261 835 3436 898 οὐδὲν,
3467 837 3573 888 ὅσα
3601 835 3686 887 νῦν

2111 927 2247 998 πρὸς
2276 929 2372 998 τὴν
2403 929 2495 981 τοῦ
2527 929 2643 998 βίου
2673 930 2862 999 χρείαν
2890 928 3040 999 παρά
3060 928 3153 981 τοῦ
3183 928 3317 980 Θεοῦ
3349 930 3460 990 τοῖς
3475 927 3686 997 ἀνθρώ-

2111 1036 2232 1083 ποις
2283 1021 2608 1083 ὖπέξευκται
2633 1040 2646 1052 ⁸
2678 1022 2790 1075 ἀλλ’
2837 1021 3028 1092 ἑτέρας
3061 1022 3204 1083 τινὸς
3241 1020 3518 1089 βασιλείας
3544 1019 3686 1072 ἐστὶν

2107 1113 2139 1180 ἡ
2166 1111 2335 1173 ἐλπὶς,
2364 1107 2431 1183 ἧς
2457 1113 2484 1163 6
2507 1113 2664 1179 λόγος
2693 1115 2748 1164 ὲν
2777 1115 3105 1184 ἀπορρήτοις
3145 1113 3314 1183 μένει.

430 1217 567 1270 quor
588 1216 729 1270 qum,
762 1201 828 1255 ad
862 1218 1019 1256 usum
1045 1202 1206 1271 hujus
1233 1204 1355 1256 vita:
1384 1203 1696 1257 hominibus
1723 1218 1752 1255 a
1781 1202 1886 1256 Deo
1915 1202 2172 1270 subjecue
2202 1215 2328 1258 sunt
2363 1223 2375 1256 :
2409 1205 2501 1258 sed
2535 1204 2679 1258 aliud
2709 1207 2981 1275 quoddam
3015 1221 3238 1276 regnum
3260 1204 3684 1274 exspectandum

429 1295 585 1349 nobis
632 1310 754 1350 esse
835 1303 1035 1358 statuo,
1092 1296 1249 1365 cujus
1311 1304 1423 1349 tota
1483 1298 1621 1350 ratio
1680 1298 1894 1352 illorum
1943 1297 1996 1350 in
2028 1312 2254 1352 numero
2302 1307 2407 1361 est,
2445 1315 2564 1368 qua:
2592 1303 2836 1355 enarrari
2885 1302 3116 1356 dicendo
3148 1309 3444 1372 nequeunt.

1005 1407 1238 1462 CAPUT
1269 1407 1432 1463 XXII.

428 1515 698 1585 Refutatio
736 1518 973 1580 illorum,
1009 1521 1098 1588 qui
1122 1520 1375 1589 objiciunt
1405 1536 1422 1572 :
1451 1519 1560 1575 Cur
1589 1538 1689 1574 non
1727 1521 1844 1590 jam
1875 1522 2001 1573 olim

498 1567 895 1661 excitatumjex
943 1567 1109 1644 5.3m
1147 1567 1218 1643 sit
1271 1592 1540 1644 hominum
1590 1567 1769 1661 genus,
1817 1591 2003 1659 quidve
2034 1567 2078 1626 Β

497 1670 612 1727 post
668 1659 910 1728 quwdam
978 1672 1270 1727 temporum
1328 1659 1609 1715 intervalld
1667 1663 2002 1716 resuscitatio

498 1740 846 1796 exspectetur,
885 1730 932 1784 si
961 1732 1170 1800 quidem
1219 1747 1301 1783 res
1335 1731 1471 1784 bona
1500 1748 1610 1785 esse
1641 1734 1880 1800 putanda
1909 1733 1999 1784 sit.

497 1817 786 1874 Enimvero
821 1821 1091 1874 continua!
1119 1821 1277 1875 seriei
1313 1836 1521 1886 rerum,
1582 1838 1702 1891 quae
1734 1823 2005 1892 explican-

422 1923 538 1976 tur,
593 1913 976 1966 inliaereamus.
1054 1910 1187 1965 Nam
1263 1912 1496 1966 fortasse
1568 1927 1674 1966 non
1724 1926 1883 1966 nemo
1934 1911 2003 1966 ad

426 2004 758 2059 dulcissima:
783 2005 896 2074 spei
927 2005 1254 2058 mentionem
1285 2005 1484 2059 erectis
1518 2005 1619 2059 alis
1650 2004 1817 2058 animi
1839 2020 2004 2074 grave

424 2097 824 2164 molestumque
851 2095 1192 2149 existimabit
1230 2110 1374 2159 esse,
1411 2096 1554 2149 bona
1590 2096 1684 2150 illa
1723 2112 1833 2149 non
1870 2110 2004 2150 con-

425 2188 582 2242 tinuo
611 2188 805 2256 apisci,
856 2203 978 2256 quae
1016 2188 1176 2256 longe
1225 2202 1447 2242 sensum
1491 2196 1546 2242 et
1586 2187 2002 2259 intelligentiam

425 2279 720 2332 humanam
774 2287 1125 2348 exsuperant,
1181 2284 1236 2332 et
1285 2276 1521 2332 efﬁciunt
1554 2285 1611 2331 ut
1654 2278 2004 2332 vehementer

427 2372 642 2443 ingrata
674 2371 833 2426 nobis
870 2372 942 2426 sit
976 2370 1301 2426 intermedia
1341 2371 1605 2440 temporis
1647 2371 1858 2434 dilatio,
1895 2386 2002 2440 qua

425 2465 496 2518 ab
545 2480 650 2518 usu
685 2463 766 2518 rei
814 2463 1248 2532 exoptatissimae
1296 2475 1568 2515 arcemur.
1598 2459 1800 2515 Verum
1845 2476 2003 2516 nemo

424 2557 530 2612 hac
561 2555 628 2610 de
664 2570 832 2610 causa
880 2570 1003 2610 sese
1034 2554 1276 2617 amictet,
1315 2555 1646 2624 puerilemve
1690 2554 1744 2608 in
1779 2555 2001 2609 modum

413 2649 680 2719 exiguum
722 2647 788 2702 ad
825 2647 1182 2701 intervallum
1226 2645 1542 2700 fruitionem
1582 2660 1766 2700 rerum
1803 2645 2004 2715 jucun—

422 2741 617 2795 darum
641 2739 845 2796 diﬂerri
877 2741 1107 2794 moleste
1134 2739 1293 2794 ferat.
1323 2738 1456 2791 Nam
1484 2753 1610 2793 cum
1637 2740 1820 2792 omnia
1853 2750 2002 2794 certa

424 2836 637 2888 ratione
687 2849 754 2887 ac
805 2833 1071 2903 sapientia
1122 2835 1517 2902 gubernentur,
1569 2833 1793 2887 omnino
1842 2833 2000 2888 fateri

2613 1416 3007 1468 ΚΕΦΑΛΑΙΟΝ
3047 1417 3152 1468 K-B'
3162 1457 3175 1468 .

2108 1526 2264 1594 Πρὸς
2305 1528 2446 1594 τοὺς
2494 1530 2804 1597 λέγοντας,
2837 1533 2886 1582 εἰ
2919 1532 3112 1583 καλόν
3139 1547 3194 1582 τι
3243 1531 3342 1583 καὶ
3382 1529 3613 1598 ἀγαθὸν
3645 1529 3686 1596 ἠ

2172 1596 2528 1654 ἀνάστασις.
2572 1599 2628 1651 τί
2659 1602 2792 1654 οὺγί
2821 1600 2936 1654 ἤδη
2967 1600 3233 1654 γέγονεν.
3259 1601 3419 1654 ἀλλὰ
3453 1601 3686 1654 γούνων

2172 1600 2528 1662 ἀνάστασις.
2572 1600 2628 1651 τί
2659 1602 2792 1666 οὐχὶ
2821 1600 2936 1667 ἤδη
2967 1600 3233 1668 γέγονεν,
3259 1601 3419 1654 ἀλλὰ
3447 1601 3687 1669 χρόνων

2171 1667 2295 1720 τισί
2327 1669 2623 1736 περιόδοις
2642 1670 2955 1730 ἐλπίζεται.

2186 1828 2344 1881 Ἀλλά
2371 1829 2470 1900 τῆς
2508 1829 2827 1894 ἀκολουθίας
2856 1830 2965 1883 τῶν
2995 1830 3376 1901 ὲξητασμένων
3401 1832 3680 1902 ἐχώμεθα.

2106 1923 2264 1984 Ἴσως
2292 1921 2400 1991 γάρ
2421 1937 2502 1984 τις
2537 1921 2670 1991 πρὸς
2704 1920 2764 1973 τὸ
2797 1922 2965 1988 γλυκὺ
3011 1922 3108 1990 τῆς
3141 1921 3352 1983 ἐλπίδος
3381 1924 3685 1992 πτερωθεὶς

2101 2011 2196 2081 τὴν
2222 2012 2482 2076 διάνοιαν,
2513 2013 2674 2082 ἄχθος
2707 2014 2918 2082 ἡγεῖται
2941 2013 3032 2066 καὶ
3059 2012 3261 2084 ζημίαν
3287 2014 3346 2066 τὺ
3379 2017 3452 2085 μὴ
3487 2016 3686 2070 θᾶττον

2102 2107 2159 2156 ὲν
2201 2107 2310 2166 τοῖς
2342 2103 2566 2172 ἀγαθοῖς
2601 2105 2827 2168 ἐκείνοις
2859 2106 3149 2173 γενέσθαι,
3183 2107 3217 2160 ἂ
3260 2109 3399 2176 ὑπὲρ
3427 2109 3686 2180 αἴσθησίν

2101 2213 2160 2248 τε
2195 2196 2288 2249 καὶ
2329 2195 2528 2264 γνῶσιν
2558 2196 2902 2267 ἀνθρωπίνην
2927 2198 3043 2250 ἐστί
3066 2238 3080 2260 ,
3110 2200 3203 2252 καὶ
3231 2199 3410 2269 δεινὴν
3443 2203 3688 2253 ποιεῖται

2101 2287 2198 2357 τὴν
2235 2286 2322 2339 διά
2351 2287 2515 2356 μέσου
2538 2288 2674 2358 πρὸς
2702 2289 2763 2340 τὸ
2793 2289 3126 2359 ποθούμενον
3147 2290 3240 2343 τοῦ
3275 2292 3467 2363 χρόνου
3501 2294 3689 2363 παρά-

2101 2396 2277 2434 τασιν.
2326 2380 2484 2432 Ἀλλὰ
2521 2381 2594 2451 μὴ
2627 2380 3098 2451 στενοχωρείσθω,
3143 2382 3393 2454 καθάπερ
3437 2401 3520 2446 τις
3571 2385 3687 2436 τῶν

2101 2472 2339 2543 νηπίων,
2370 2471 2467 2542 τὴν
2503 2472 2640 2542 πρὸς
2670 2472 2850 2540 ὀλίγον
2899 2473 3162 2543 ἀναϐολὴν
3192 2473 3298 2526 τῶν
3328 2474 3448 2527 καθ’
3481 2475 3684 2547 ἡδονὴν

2100 2559 2483 2631 δυσχεραίνων.
2534 2561 2749 2632 Ἐπειδὴ
2779 2562 2888 2632 γάρ
2922 2561 3026 2615 ὑπὸ
3058 2563 3213 2629 λόγου
3254 2565 3350 2617 καὶ
3387 2566 3587 2634 σοφίας
3619 2568 3683 2621 τὰ

2102 2649 2280 2703 πάντα
2334 2652 2731 2722 οἰκονομεῖται,
2785 2651 2996 2722 ἀνάγκη
3039 2655 3188 2706 πᾶσα
3241 2655 3406 2724 μηδὲν
3451 2657 3681 2727 ἄμοιρον

2101 2741 2350 2809 ἡγεῖσθαι
2381 2741 2487 2794 τῶν
2522 2742 2817 2812 γινομένων
2846 2742 3008 2796 αὑτοῦ
3043 2761 3102 2796 τε
3125 2744 3219 2796 τοῦ
3246 2746 3428 2814 λόγου,
3457 2749 3556 2801 καὶ
3585 2751 3680 2819 τῆς

2104 2831 2161 2884 ὲν
2187 2831 2334 2900 αὐτῷ
2368 2832 2575 2901 σοφίας.
2613 2835 2788 2903 Ἐρεῖς
2819 2831 2910 2888 οὖν
2933 2852 2947 2864 -
2994 2834 3090 2898 Τίς
3117 2829 3271 2900 οὗτος
3293 2840 3320 2890 6
3350 2839 3505 2906 λόγος
3537 2841 3674 2902 ἐστὶ,

412 2941 648 2981 necesse
679 2933 786 2991 est,
817 2927 955 2980 nihil
985 2942 1173 2982 eorum
1215 2942 1335 2996 qua:
1367 2927 1645 2988 accidunt,
1682 2927 1800 2981 siin.
1836 2928 2000 2980 ratio-

2104 2923 2222 2975 καθ’
2251 2923 2310 2975 ὂν
2338 2923 2437 2977 οὐκ
2465 2924 2625 2987 εὐθὺς
2655 2925 2745 2977 ἐπὶ
2772 2923 2833 2976 τδ
2865 2922 3193 2995 ποθούμενον
3235 2929 3269 2999 ἡ
3307 2927 3400 2981 τοῦ
3430 2928 3674 3002 λυπηρώ

417 3033 514 3082 ne,
561 3026 616 3073 et
659 3033 782 3089 quae
817 3019 872 3071 in
919 3019 1038 3088 ipsa
1073 3018 1286 3073 ratione
1310 3027 1415 3084 est,
1456 3020 1728 3087 sapientia
1758 3018 1900 3075 heri.
1933 3020 2001 3071 At

421 3128 545 3180 qua:
573 3111 786 3176 isthaac,
812 3112 1050 3182 inquies,
1073 3114 1212 3166 ratio
1238 3119 1344 3173 est,
1369 3121 1590 3182 propter
1622 3127 1784 3181 quam
1825 3111 2000 3166 tristis

423 3205 587 3273 hujus
614 3205 750 3258 vitae
779 3205 1134 3258 commutatio
1164 3219 1272 3257 non
1306 3204 1362 3256 lit
1393 3205 1446 3258 in
1475 3205 1636 3258 vitam
1682 3203 1995 3274 optabilem,

423 3293 520 3349 sed
547 3292 614 3348 ad
639 3292 861 3347 deﬁnita
889 3293 1138 3363 quaedam
1174 3294 1352 3361 spatia
1384 3294 1647 3362 temporis
1669 3294 1857 3356 dilata,
1885 3309 2002 3347 mo-

423 3387 562 3442 lesta
603 3386 720 3440 haec
761 3384 815 3437 in
859 3399 1088 3454 corpore
1125 3383 1239 3438 vita
1292 3384 1452 3440 tinem
1487 3383 1843 3455 perfectionis
1882 3401 2001 3440 om-

422 3480 574 3532 nium
600 3485 904 3548 exspectat,
936 3486 997 3531 ut
1019 3476 1216 3532 deinde
1240 3485 1500 3544 tanquam
1528 3491 1557 3530 a
1589 3479 1742 3532 freno
1764 3477 1997 3547 quodam

423 3569 672 3629 liberata,
695 3568 969 3636 quasique
1002 3567 1086 3621 sui
1124 3568 1266 3636 juris
1300 3567 1513 3630 elTecta,
1539 3569 1605 3622 ad
1632 3569 1848 3622 beatum
1881 3585 1999 3621 om-

423 3661 686 3729 niumquc
716 3659 1030 3714 morborum
1051 3673 1245 3729 expers
1271 3674 1444 3713 sevum
1475 3675 1643 3714 cursu
1668 3660 1999 3715 contendat?

421 3755 482 3810 ln
506 3756 608 3808 hac
636 3754 976 3824 expositione
1001 3753 1144 3807 sitne
1168 3753 1381 3807 veritati
1417 3763 1784 3810 consentanea
1811 3754 1996 3808 futura

422 3847 602 3900 oratio
653 3854 864 3911 nostra,
898 3845 1156 3898 nimirum
1203 3844 1323 3914 ipsa
1355 3837 1568 3898 Veritas
1602 3847 1764 3915 plane
1795 3847 1997 3900 intelli-

422 3940 500 4009 git
531 3956 542 3990 :
584 3939 714 3991 mihi
744 3937 961 4007 quidem
995 3935 1062 3989 ad
1091 3936 1331 3989 animum
1373 3937 1519 4005 quod
1560 3937 1777 4002 accidit,
1808 3938 1995 4007 hujus-

421 4032 570 4085 modi
613 4031 874 4100 quiddam
945 4039 1049 4084 est.
1108 4026 1355 4081 Primum
1412 4029 1579 4097 igitur
1637 4031 1739 4084 hoc
1787 4037 1992 4098 repeto,

421 4122 567 4192 quod
612 4124 911 4178 indicatum
953 4128 1037 4177 est
1085 4135 1296 4189 supra:
1351 4139 1369 4170 ι
1418 4118 1725 4179 Faciamus.
1765 4143 1781 4172 ι
1822 4122 1996 4191 inquit

422 4215 587 4280 Deus,
631 4233 650 4266 ι
707 4215 982 4268 hominem
1036 4213 1102 4266 ad
1142 4213 1428 4282 imaginem
1474 4213 1994 4282 similitudinemque

419 4326 688 4379 nostram,
740 4316 924 4385 itaque
969 4314 1099 4368 fecit
1148 4314 1425 4367 hominem
1478 4309 1642 4373 Deus,
1686 4315 1739 4361 et
1783 4306 1848 4360 ad
1894 4304 1989 4358 Dei

420 4409 713 4479 imaginem
758 4423 881 4462 eum
919 4406 1072 4462 fecit.
1114 4425 1132 4457 ι
1188 4405 1466 4461 Hactenus
1511 4403 1692 4471 imago
1729 4400 1821 4453 Dei
1871 4397 1994 4452 uni-

419 4519 579 4560 versa
610 4505 850 4558 humana
881 4504 935 4557 in
963 4511 1160 4556 natura
1190 4517 1312 4557 esse
1339 4498 1612 4557 absoluta,
1643 4497 1994 4562 numerisque

422 4597 537 4651 suis
562 4595 803 4665 perfecta
843 4593 1071 4664 intelligi
1101 4593 1279 4647 debet.
1328 4590 1572 4644 Adamus
1601 4602 1734 4642 vero
1760 4584 1991 4639 necdum

421 4688 604 4743 factus
632 4693 794 4740 erat:
840 4699 964 4737 nam
1006 4684 1266 4745 Adamus,
1306 4682 1611 4738 secundum
1655 4678 1992 4732 notationem

421 4778 684 4838 nominis,
735 4784 1012 4829 terrenum
1044 4774 1354 4842 tiginentum
1402 4773 1694 4842 signiﬁcat,
1731 4766 1994 4837 quemad-

420 4870 642 4927 modum
687 4867 925 4922 l‘lebrtea:
954 4865 1151 4935 linguas
1200 4864 1360 4934 periti
1406 4861 1654 4915 tradunt.
1691 4859 1902 4913 Idcirco
1942 4863 1996 4910 et

423 4960 746 5031 Apostolus,
781 4957 1116 5011 excellenter
1147 4955 1443 5009 vernacula
1481 4954 1536 5006 in
1576 4953 1761 5022 lingua
1805 4950 1994 5005 erudi-

421 5065 534 5118 tus,
574 5051 854 5106 hominem
881 5065 910 5104 e
939 5056 1086 5103 terra
1116 5047 1322 5101 factum
1351 5047 1533 5117 χοῖκὸν
1555 5046 1621 5112 ⁷⁷,
1654 5044 1810 5114 quasi
1842 5041 1995 5096 dicas

425 5146 770 5216 pulvereum,
803 5141 1070 5210 appellat;
1112 5155 1248 5193 voce
1277 5139 1446 5192 Adam
1477 5139 1530 5191 in
1568 5136 1807 5190 Grmcam
1841 5150 1992 5189 com-

420 5244 651 5293 mutata.
691 5234 866 5288 Homo
909 5232 1076 5303 igitur
1105 5232 1170 5286 ad
1217 5231 1506 5302 imaginem
1546 5230 1637 5282 Dei
1679 5228 1857 5283 factus
1887 5236 1991 5292 est,

423 5338 620 5386 natura
654 5327 866 5382 scilicet
900 5325 1182 5379 hominum
1221 5325 1475 5378 universe
1516 5323 1812 5384 intellecta,
1855 5321 1995 5374 divi-

421 5438 552 5478 num
590 5419 724 5475 illud
759 5434 916 5489 opus.
957 5417 1049 5472 Sic
1097 5426 1278 5472 autem
1313 5417 1686 5484 omnipotente
1722 5413 1812 5467 Dei
1849 5415 1994 5482 sapi~

421 5514 572 5571 entia
615 5511 796 5566 factus
840 5518 942 5574 est,
993 5524 1100 5562 non
1145 5517 1204 5562 ut
1252 5524 1380 5579 pars
1412 5509 1580 5563 totius
1616 5515 1847 5571 tantum,
1898 5505 1992 5562 sed

493 5699 541 5730 "
579 5698 600 5749 ι
651 5696 779 5753 Cor.
819 5711 908 5757 xv.
959 5691 1050 5747 ﬂ.

2104 3015 2221 3084 βίου
2253 3017 2580 3085 μετάστασις
2604 3018 2830 3086 γίνεται,
2868 3020 2982 3073 ἀλλ’
3006 3022 3084 3084 εἰς
3113 3019 3335 3092 χρόνους
3364 3022 3518 3086 τινας
3549 3023 3678 3094 dipt-

2103 3109 2336 3178 σμένους
2361 3111 2395 3178 ἡ
2431 3108 2622 3181 βαρεῖα
2651 3111 2742 3164 καὶ
2773 3114 3107 3182 σωματώδης
3140 3112 3274 3183 αὕτη
3305 3116 3677 3186 παραταθείσα

2101 3198 2236 3270 ζωὴ,
2267 3200 2525 3270 ἀναμένει
2555 3201 2614 3254 τὸ
2643 3201 2817 3274 πέρας
2836 3204 2934 3274 τῆς
2959 3204 3051 3258 τοῦ
3095 3207 3296 3268 παντὸς
3342 3206 3678 3279 συμπληρὼ-

2102 3308 2267 3354 σεως,
2300 3292 2386 3345 ἵνα
2423 3291 2482 3344 τὸ
2503 3294 2801 3362 τηνικαῦτα
2831 3295 3081 3366 καθάπερ
3113 3295 3329 3365 χαλινοῦ
3357 3314 3502 3360 τινος
3525 3299 3682 3352 ἐλευ-

2100 3382 2398 3455 θερωθεῖσα
2431 3386 2463 3454 η
2514 3384 2827 3456 ἀνθρωπίνη
2859 3386 2970 3456 ζωὴ
2999 3427 3012 3450 ,
3053 3387 3212 3440 πάλιν
3253 3388 3441 3451 ἄνετός
3473 3406 3533 3441 τε
3589 3391 3682 3442 καὶ

2099 3475 2355 3547 ἐλευθέρα
2387 3474 2522 3547 πρὸς
2545 3476 2634 3529 τὸν
2665 3478 2932 3548 μακάριον
2960 3478 3052 3530 καὶ
3091 3479 3276 3548 ἀπαθῆ
3321 3479 3436 3549 βίον
3470 3483 3682 3535 ἐπανα-

2097 3567 2326 3638 δράμοι;
2364 3567 2500 3621 Ἀλλ’
2543 3569 2591 3620 εἰ
2628 3569 2726 3638 μὲν
2755 3568 2961 3637 ἐγγίζει
2995 3573 3059 3642 τῇ
3087 3571 3313 3643 ἀληθείᾳ
3348 3573 3457 3624 τῶν
3483 3574 3684 3644 ζητου-

2102 3660 2275 3731 μένων
2300 3662 2328 3712 ὁ
2358 3661 2514 3728 λόγος
2533 3702 2547 3725 ,
2587 3662 2723 3733 αὐτὴ
2750 3662 2816 3715 ἂν
2844 3663 3006 3732 εἰδείη
3041 3664 3226 3732 σαφῶς
3256 3665 3287 3734 ἡ
3314 3659 3592 3732 Ἀλήθεια.
3617 3672 3683 3720 Ὃ

2097 3753 2141 3805 δ’
2161 3749 2254 3807 οὖν
2284 3755 2374 3805 ἐπὶ
2399 3757 2495 3823 τὴν
2527 3753 2800 3824 ἡμετέραν
2832 3750 2962 3825 ἦλθε
2991 3755 3245 3819 διάνοιαν,
3276 3757 3512 3809 τοιοῦτον
3536 3761 3681 3812 ἐστί.

2097 3846 2255 3914 Λέγω
2271 3847 2332 3917 δὴ
2361 3847 2451 3900 τὸν
2475 3846 2686 3917 πρῶτον
2712 3846 2870 3900 πάλιν
2896 3847 3247 3901 ὲπαναλαϐὼν
3271 3849 3444 3916 λόγον’
3478 3850 3648 3921 (Ποιη
3667 3879 3686 3889 -

2099 3955 2302 4008 σωμεν,
2331 3958 2346 3988 ›
2404 3939 2565 4008 φησὶν
2597 3940 2624 3991 6
2652 3937 2812 4001 Θεὸς,
2849 3959 2867 3989 ι
2898 3937 3183 4008 ἄνθρωπον
3212 3941 3330 3992 κατ’
3367 3942 3551 3994 εἰκόνα
3586 3943 3682 3994 καὶ

2096 4031 2350 4099 ὁμοίωσιν
2377 4030 2665 4100 ἡμετέραν.
2701 4031 2814 4083 Καὶ
2841 4031 3093 4101 ἐποίησεν
3122 4031 3150 4082 6
3189 4031 3320 4093 Θεὸς
3346 4032 3436 4084 τὸν
3467 4032 3682 4102 amp...»-

2096 4138 2225 4174 πον’
2266 4123 2384 4174 κατ’
2415 4121 2595 4174 εἰκόνα
2631 4120 2762 4174 Θεοῦ
2791 4121 3041 4190 ἐποίησεν
3073 4121 3251 4174 αὐτόν.
3275 4140 3290 4170 ι
3346 4122 3410 4173 Ἠ
3453 4123 3553 4190 μὲν
3583 4119 3680 4176 οὖν

2099 4211 2258 4264 εἰκὼν
2280 4212 2370 4264 τοῦ
2393 4212 2549 4275 Θεοῦ,
2581 4213 2613 4282 ἡ
2639 4214 2696 4265 ἐν
2732 4212 2882 4283 πάσῃ
2905 4215 2970 4280 τῇ
2994 4211 3306 4282 ἀνθρωπίνῃ
3338 4211 3497 4278 φύσει
3537 4212 3679 4265 θεω-

2099 4305 2352 4374 ρουμένη,
2390 4305 2448 4357 τὸ
2475 4305 2626 4367 τέλος
2652 4304 2826 4372 ἔσχεν.
2869 4304 2924 4356 '0
2950 4303 3006 4355 δὲ
3051 4301 3220 4372 Ἀδὰμ
3245 4303 3395 4354 οὔπω
3421 4303 3642 4370 ἐγένετο
3663 4321 3676 4334 ⁸

2094 4397 2152 4449 τὸ
2180 4396 2285 4467 γὰρ
2326 4400 2510 4465 γήϊνον
2542 4396 2762 4464 πλάσμα
2794 4394 2933 4448 κατά
2975 4412 3093 4447 τινα
3135 4394 3530 4464 ὲτυμολογικὴν
3561 4396 3680 4448 ὀνο-

2099 4487 2295 4557 μασίαν
2320 4486 2534 4554 λέγεται
2574 4486 2763 4554 Ἄδαρ..
2797 4485 2974 4548 καθώς
3005 4503 3166 4554 φασιν
3189 4486 3238 4537 οἰ
3272 4486 3369 4553 τῆς
3408 4486 3679 4556 Ἐϐραίων

2096 4581 2276 4649 φωνῆς
2302 4580 2624 4650 ὲπιίστορες.
2657 4580 2744 4632 Διὸ
2771 4581 2864 4632 καὶ
2895 4580 2924 4630 6
2959 4578 3275 4640 Ἀπόστολος
3304 4577 3676 4649 διαφερόντως

2094 4674 2192 4742 τὴν
2220 4674 2445 4741 πάτριον
2470 4673 2576 4724 τῶν
2619 4671 2966 4743 Ἰσραηλιτῶν
3002 4671 3430 4740 πεπαιδευμένος
3466 4673 3675 4741 φωνὴν,

2095 4764 2187 4818 τὸν
2216 4767 2278 4817 ὲκ
2303 4765 2404 4834 γῆς
2433 4764 2717 4834 ἄνθρωπον
2744 4763 2924 4834 χοῖκὸν
2945 4761 3217 4831 ὀνομάζει,
3240 4763 3402 4813 οἱονεὶ
3437 4763 3679 4831 μεταϐα-

2096 4854 2204 4908 λὼν
2239 4855 2337 4924 τὴν
2364 4853 2458 4906 τοῦ
2495 4854 2663 4923 Ἀδάμ
2707 4853 2896 4922 κλῆσιν
2940 4852 3020 4913 εἰς
3051 4851 3148 4920 τὴν
3196 4850 3421 4903 Ἐλλάδα
3465 4855 3675 4920 φωνήν.

2097 4949 2320 5016 Γέγονεν
2349 4942 2438 5000 οὖν
2468 4948 2584 4999 κατ’
2625 4945 2806 4997 εἰκόνα
2834 4945 2862 4995 6
2887 4941 3168 5012 ἄνθρωπος
3189 4981 3202 5004 ,
3235 4941 3266 5008 ἡ
3309 4940 3542 4994 καθόλου
3579 4942 3677 5008 φύε

2098 5057 2179 5104 σις
2200 5081 2213 5102 ,
2244 5041 2305 5092 τὸ
2339 5037 2634 5092 θεοείκελον
2664 5036 2869 5106 χρῆμα.
2890 5035 3083 5102 Γέγονε
3109 5032 3162 5084 δὲ
3189 5035 3253 5102 τῇ
3279 5031 3677 5103 παντοδυνάμῳ

2099 5135 2258 5203 σοφίᾳ
2291 5133 2409 5200 οὺχί
2445 5130 2608 5201 μέρος
2637 5128 2730 5181 τοῦ
2761 5127 2905 5191 ὅλου,
2940 5125 3054 5179 ἀλλ’
3086 5125 3230 5178 ἅπαν
3259 5124 3470 5194 ἀθρόως
3494 5125 3557 5177 τὸ
3578 5126 3675 5193 τῆς

2099 5226 2311 5295 φύσεως
2338 5224 2628 5293 πλήρωμα.
2653 5215 2804 5272 Εἷδεν
2841 5220 2869 5270 ὁ
2910 5219 3122 5271 πάντων
3155 5217 3263 5268 τῶν
3295 5216 3552 5285 περάτων
3581 5235 3672 5269 περ

2099 5316 2541 5390 ριδεδραγμένος,
2569 5309 2749 5373 καθώς
2793 5327 2954 5379 φησιν
3004 5311 3037 5379 ἡ
3073 5308 3297 5380 Γραφὴ,
3341 5309 3374 5377 ἡ
3417 5307 3674 5375 λέγουσα,

2103 5432 2121 5463 ‹
2159 5413 2245 5464 Ἐν
2285 5413 2350 5480 τῇ
2383 5408 2524 5477 χειρὶ
2574 5404 2736 5458 αὑτοῦ
2765 5402 2832 5455 τὰ
2863 5402 3070 5472 πέρατα
3101 5400 3198 5468 τῆς
3236 5399 3338 5467 γῆς
3359 5415 3372 5428 ·
3403 5417 3423 5450 ι
3469 5394 3614 5452 εἶδεν
3650 5401 3671 5446 ρ’

2098 5503 2249 5567 εἰδὼς
2278 5502 2347 5555 τὰ
2379 5502 2553 5553 πάντα
2582 5499 2676 5552 καὶ
2709 5495 2836 5566 πρὶν
2866 5493 3128 5562 γενέσεως
3149 5488 3346 5556 αὐτῶν,
3372 5488 3663 5560 ἐμπεριλα-
