3886 6214
173 307 282 362 205

1461 311 1504 365 E
1545 308 1826 365 HUMINIS
1861 306 2174 364 OPIFICIO.

3310 301 3414 353 9.οθ

175 426 292 481 66w
327 431 396 499 τῇ
450 428 648 496 γνώσει
673 429 799 483 ὅσον
819 431 936 482 κατ’
951 425 1175 499 ἀριμθδν
1194 427 1251 479 ἐν
1266 428 1376 490 τοῖς
1392 424 1510 480 καθ’
1529 431 1754 482 ἕκαστον

1876 427 2044 482 :odem
2079 433 2354 479 momento
2382 433 2577 480 natura
2605 426 2814 496 integra
2845 425 3154 481 exsisteret.
3192 419 3414 490 Prospi-

173 520 336 572 ἔσται
391 518 454 572 τὸ
502 520 856 588 ἀνθρώπινον.
903 521 1053 574 Ἐπεὶ
1103 523 1160 575 δὲ
1212 523 1532 592 κατενόησεν
1573 524 1630 574 ἐν
1674 520 1752 590 τῷ

174 611 461 680 πλάσματι
505 613 537 680 ἠ
549 612 662 680 μῶν
693 611 792 681 τὴν
825 612 960 682 πρὸς
989 617 1048 664 τὸ
1099 617 1275 685 χεῖρον
1313 614 1486 684 ῥοπὴν
1511 655 1524 677 ,
1555 615 1647 667 καὶ
1670 615 1752 667 ὅτι

170 703 277 770 τῆς
323 703 458 772 πρὸς
488 705 614 764 τοὺς
645 703 911 770 ἀγγέλους
947 706 1236 774 όμοτιμίας
1285 707 1545 769 ἑκουσίως
1578 704 1751 776 ἀπορο

175 793 331 862 ρυὲν,
367 793 462 863 τὴν
495 793 628 864 πρὸς
656 792 717 845 τὸ
751 795 1002 847 ταπεινὸν
1027 794 1309 849 κοινωνίαν
1339 795 1754 865 προσοικειώσε-

173 901 297 936 ται’
327 884 416 936 διὰ
459 884 630 937 ταῦτα
657 885 914 954 ιῖατέμιξέ
952 903 1003 938 τι
1039 887 1133 939 καὶ
1170 886 1262 940 τοῦ
1310 887 1505 954 ἀλόγου
1534 889 1599 956 τῇ
1647 886 1754 957 ἰδίᾳ

171 975 368 1027 εἰκόνι.
393 976 468 1027 Ού
498 975 606 1043 γάρ
627 977 773 1026 ἐστιν
796 978 852 1028 ἐν
878 978 942 1046 τῇ
973 975 1091 1045 θείᾳ
1115 993 1173 1027 τε
1198 976 1290 1029 καὶ
1319 975 1565 1044 μακαρίᾳ
1597 973 1754 1044 φύσει

173 1067 208 1135 ἡ
242 1066 387 1118 κατὰ
412 1067 472 1117 τὸ
493 1067 658 1137 ἄρρεν
691 1067 781 1118 καὶ
811 1065 945 1135 θῆλυ
978 1066 1211 1137 διαφορά
1234 1083 1247 1096 ’
1276 1066 1408 1118 ἀλλὰ
1432 1067 1533 1134 τῆς
1560 1065 1754 1134 ἀλόγου

171 1159 524 1226 κατασκευῆς
554 1159 643 1210 ἐπὶ
670 1158 760 1210 τὸν
784 1158 1063 1229 ἄνθρωπον
1091 1157 1430 1228 μετενεγκὼν
1453 1159 1514 1210 τὸ
1541 1157 1751 1228 ἰδίωμα,

171 1251 238 1301 οὐ
280 1248 423 1302 κατὰ
453 1248 513 1300 τὸ
543 1249 742 1318 ὑψηλὸν
789 1249 888 1317 τῆς
931 1249 1160 1311 κτίσεως
1190 1250 1348 1318 ἡμῶν
1397 1248 1488 1301 τὸν
1531 1248 1757 1300 πλεονα-

176 1343 322 1412 σμὸν
348 1340 425 1412 τῷ
447 1341 595 1408 γένει
624 1340 924 1412 χαρίζεται.
960 1342 1034 1393 Ού
1073 1341 1182 1412 γάρ
1221 1341 1308 1392 ὅτε
1341 1339 1401 1392 τὸ
1429 1341 1544 1392 κατ’
1575 1339 1758 1392 εἰκόνα

174 1433 400 1501 ἐποίησε
426 1474 440 1496 ,
471 1433 590 1484 τότε
623 1432 718 1502 τὴν
751 1431 843 1483 τοῦ
877 1431 1200 1497 αὐξάνεσθαι
1249 1431 1342 1484 καὶ
1394 1429 1758 1501 πληθύνεσθαι

171 1529 406 1596 δύναμιν
437 1526 514 1596 τῷ
547 1524 815 1595 ἀνθρώπῳ
843 1523 1180 1594 προσέθηκεν
1202 1563 1216 1586 ,
1249 1523 1362 1576 ἀλλ’
1402 1524 1490 1576 ὅτε
1525 1523 1760 1590 διέκρινε

171 1623 241 1689 τῇ
262 1619 407 1672 κατὰ
432 1619 493 1671 τὸ
515 1617 681 1688 ἄρρεν
703 1617 796 1669 καὶ
819 1615 950 1686 θῆλυ
977 1616 1226 1686 διαφορᾷ,
1247 1616 1365 1668 τότε
1387 1615 1567 1685 φησίν·
1604 1634 1622 1666 ι
1651 1615 1760 1667 Αύ-

174 1709 407 1774 ξάνεσθε
439 1711 530 1763 καὶ
562 1707 893 1777 πληθύνεσθε
913 1746 929 1768 ,
962 1708 1057 1760 καὶ
1089 1707 1412 1779 πληρώσατε
1444 1709 1543 1777 τὴν
1572 1707 1697 1776 γῆν.
1735 1726 1754 1759 ι

172 1801 250 1851 Τὸ
280 1801 392 1868 γάρ
414 1798 652 1852 τοιοῦτον
684 1799 745 1850 ού
784 1798 878 1866 τῆς
906 1797 1055 1860 θείας
1082 1795 1294 1866 φύσεως
1325 1797 1472 1858 ἴδιον,
1500 1797 1633 1851 ἀλλὰ
1661 1799 1759 1868 τῆς

175 1892 380 1958 ἀλόγου
408 1891 544 1950 ἐστὶ.
568 1889 750 1952 καθὼς
795 1891 827 1958 ἡ
868 1888 1076 1958 ἱστορία
1106 1890 1582 1960 παρασημαίνεται
1626 1889 1760 1960 πρό-

171 2003 338 2056 τερον
364 1985 457 2036 ἐπὶ
480 1983 587 2037 τῶν
619 1983 827 2046 ἀλόγων
855 1982 1106 2054 εἰρῆσθαι
1135 1982 1306 2035 ταῦτα
1331 1982 1480 2053 παρὰ.
1501 1981 1594 2034 τοῦ
1624 1980 1758 2034 Θεοῦ

173 2076 555 2146 διηγησαμένη
577 2117 590 2138 ,
623 2075 698 2138 ὡς
735 2075 786 2127 ετ
826 2091 890 2142 γε
936 2074 1041 2144 πρὸ
1073 2074 1166 2126 τοῦ
1205 2073 1477 2126 ἐπιϐαλεῖν
1506 2076 1572 2143 τῇ
1605 2076 1761 2141 φύσει

176 2168 277 2238 τὴν
305 2168 447 2220 κατὰ
488 2167 547 2220 τὸ
583 2166 751 2238 ἄρρεν
783 2167 876 2219 καὶ
921 2164 1053 2235 θῆλυ
1082 2164 1344 2236 διαφορὰν
1371 2205 1384 2226 ,
1411 2164 1508 2233 τὴν
1555 2164 1640 2216 διὰ
1665 2164 1763 2233 τῆς

179 2261 367 2330 φωνῆς
395 2260 596 2328 ταύτης
629 2259 854 2328 δύναμιν
887 2259 964 2320 εἰς
994 2256 1053 2309 τὸ
1081 2256 1407 2322 αὐξάνεσθαι
1438 2255 1515 2325 τῷ
1558 2253 1761 2324 ἀνθρώ-

179 2372 271 2422 πῳ
301 2351 645 2424 προσέθηκεν
671 2389 684 2411 ,
714 2352 814 2403 ούκ
845 2349 910 2402 ἂν
937 2348 1031 2402 τοῦ
1061 2347 1299 2400 τοιούτου
1322 2348 1419 2415 τῆς
1463 2347 1765 2416 γεννήσεως

177 2447 359 2508 εἴδους
393 2443 728 2518 προσεδεήθη
739 2458 856 2510 μεν,
887 2441 951 2493 δι’
973 2434 1032 2494 οὗ
1059 2441 1312 2508 γεννᾶται
1340 2437 1410 2490 τὰ
1437 2437 1624 2504 ἄλογα.

1851 517 2034 572 ciebat
2067 517 2214 570 enim
2258 518 2305 572 is
2336 519 2426 587 qui
2466 518 2601 572 lines
2625 533 2805 571 rerum
2853 516 3096 570 omnium
3129 513 3283 583 quasi
3317 527 3416 580 pu-

1851 624 1957 678 gno
1987 609 2420 679 comprehendit,
2470 608 2572 677 (sic
2611 609 2756 663 enim
2805 623 2994 663 sacros
3025 606 3218 659 Libros
3266 601 3415 671 loqui

1850 702 2098 756 videmus
2155 719 2169 754 :
2231 717 2251 752 ι
2319 699 2376 753 ln
2433 716 2598 754 manu
2657 701 2776 769 ejus
2831 714 3022 753 omnes
3079 706 3237 751 terra:
3281 694 3416 748 lines

1852 803 1979 849 sunt
2001 794 2130 865 τευ)
2167 792 2534 864 prospiciebat
2563 807 2695 862 ergo
2719 833 2734 856 ,
2768 792 2859 862 qui
2887 791 3067 845 omnia
3097 790 3262 843 etiam
3293 794 3420 840 ante

1852 891 2032 937 ortum
2078 883 2322 952 ipsorum
2367 883 2540 945 novit,
2589 898 2750 952 quem
2795 881 2861 934 ad
2911 895 3195 934 numerum
3246 891 3419 947 genus

1856 975 2154 1028 humanum
2184 973 2238 1028 in
2265 973 2498 1044 singulis
2523 973 2960 1042 ampliﬁcandum
2993 971 3148 1025 foret.
3174 971 3421 1040 Cumque

1855 1073 1910 1120 et
1948 1065 2081 1118 illud
2136 1067 2191 1118 in
2245 1065 2402 1120 nobis
2444 1065 2684 1138 futurum
2733 1064 3210 1127 animadverteret,
3244 1069 3304 1114 ut
3354 1060 3423 1114 ad

1857 1167 2060 1212 statum
2091 1158 2418 1213 deteriorem
2446 1166 2660 1212 nosmet
2681 1155 3108 1220 demitteremus,
3141 1162 3303 1224 atque
3328 1153 3421 1206 de-

1859 1249 2076 1318 perdito
2107 1257 2302 1318 sponte
2333 1257 2537 1304 nostra:
2565 1247 2844 1317 dignitatis
2880 1246 3077 1317 gradu,
3118 1261 3228 1316 quo
3266 1259 3425 1314 pares

1860 1341 2068 1410 angelis
2116 1355 2357 1404 eramus,
2412 1340 2478 1394 ad
2526 1341 2833 1394 humilioris
2884 1339 3050 1393 sortis
3097 1345 3280 1393 creata
3326 1351 3428 1390 nos

1861 1432 2289 1501 adjungeremus
2320 1451 2333 1486 :
2367 1432 2530 1487 etiam
2556 1432 2775 1486 brutum
2817 1429 3026 1500 aliquid
3059 1428 3281 1499 imagini
3316 1441 3430 1482 sua:

1862 1523 2179 1578 admiscuit.
2231 1521 2350 1577 Non
2398 1523 2542 1578 enim
2597 1522 2830 1577 masculi
2886 1519 3214 1588 femineique
3265 1533 3430 1573 sexus

1863 1615 2155 1670 discrimen
2190 1615 2244 1668 in
2283 1616 2373 1668 illa
2405 1615 2587 1669 divina
2623 1615 2889 1685 beataque
2939 1623 3136 1668 natura
3172 1627 3296 1667 esse
3329 1628 3432 1682 pu-

1865 1708 1967 1760 tari
2029 1706 2223 1772 debet,
2282 1708 2375 1762 sed
2425 1707 2692 1762 translato
2744 1706 2888 1762 Deus
2935 1707 2988 1760 in
3039 1703 3314 1759 hominem
3365 1717 3432 1756 eo

1864 1799 2008 1868 quod
2044 1799 2264 1868 opiﬁcio
2301 1799 2465 1853 bruto
2498 1799 2780 1869 proprium
2818 1805 2956 1858 erat,
2993 1795 3214 1850 modum
3246 1793 3432 1864 generi

1866 1899 2059 1946 nostro
2087 1892 2498 1962 propagationis
2526 1892 2663 1946 adeo
2692 1891 2980 1946 excellenti
3005 1898 3192 1944 creato
3224 1904 3432 1957 nequa-

1866 1999 2028 2054 quam
2057 1985 2498 2052 {consentaneum
2554 1985 2763 2038 tribuit.
2808 1983 2942 2037 Nam
2987 1983 3298 2037 facultatem
3338 1996 3438 2035 au-

1869 2075 2030 2146 gendi
2052 2083 2108 2130 et
2139 2075 2503 2146 amplificandi
2544 2077 2759 2145 generis
2787 2075 2995 2130 homini
3025 2090 3132 2129 non
3166 2073 3358 2128 tribuit
3383 2073 3438 2127 id

1870 2163 2155 2236 temporis,
2190 2179 2300 2234 quo
2330 2180 2452 2219 eum
2485 2163 2551 2217 ad
2599 2164 2684 2218 sui
2717 2165 3003 2235 imaginem
3043 2163 3312 2227 condidit,
3342 2161 3439 2216 sed

1871 2271 1994 2310 cum
2027 2257 2082 2310 in
2116 2272 2182 2311 eo
2211 2273 2378 2312 sexus
2417 2258 2645 2312 masculi
2680 2255 3008 2326 femiueique
3035 2255 3330 2310 discrimen
3357 2253 3436 2309 fe-

1873 2347 2058 2412 cisset,
2090 2349 2267 2418 inquit
2297 2367 2310 2402 :
2351 2367 2369 2399 ι
2416 2349 2728 2419 Augescite,
2771 2365 2834 2404 ac
2855 2357 3067 2406 vosmet
3096 2349 3441 2418 ampliﬁcate,

1874 2447 1929 2492 et
1976 2446 2175 2493 terram
2215 2440 2486 2510 complete
2514 2443 2581 2497 ⁷⁸.
2633 2461 2650 2493 ›
2685 2439 2740 2494 ld
2771 2442 2915 2497 enim
2949 2457 3058 2496 non
3094 2442 3206 2510 jam
3246 2441 3444 2495 divina;

177 2546 397 2592 natura:
447 2537 771 2592 attributum
803 2545 907 2598 est,
950 2534 1045 2590 sed
1079 2535 1252 2590 bruta:
1281 2553 1294 2588 :
1327 2531 1780 2603 quemadmodum
1834 2531 1952 2602 ipsa
2002 2549 2186 2589 rerum
2237 2546 2511 2606 gestarum
2552 2537 2722 2592 series
2749 2537 3006 2600 ostendit,
3043 2536 3212 2592 Deum
3255 2537 3443 2592 eadem

177 2631 353 2685 etiam
398 2630 466 2684 de
511 2629 690 2683 brutis
740 2629 1082 2697 prolocutum
1142 2643 1285 2682 esse.
1329 2625 1400 2680 Ut
1443 2627 1666 2678 omnino
1716 2625 2062 2680 statuendum
2115 2631 2207 2693 sit,
2261 2630 2410 2684 nullo
2465 2630 2624 2685 nobis
2676 2639 2835 2701 pacto
2884 2631 3278 2701 procreationis
3319 2645 3446 2700 spe-

174 2723 292 2784 cie.
323 2736 431 2790 qua
465 2721 624 2774 bruta
660 2728 1050 2789 propagantur,
1100 2734 1238 2788 Opus
1288 2716 1532 2770 futurum
1577 2715 1749 2770 fuisse

1795 2733 1809 2768 :
1852 2716 1897 2770 si
1952 2718 2171 2786 quidem
2223 2734 2286 2772 ea
2329 2734 2492 2790 quam
2531 2720 2770 2775 diximus
2810 2734 2944 2775 voce
2976 2719 3182 2774 homini
3219 2719 3449 2776 faculta-

175 2825 297 2871 tem
326 2813 556 2883 augendi
591 2828 651 2869 se
689 2814 1049 2868 concessisset
1105 2813 1424 2882 priusquam
1455 2813 1509 2865 in
1559 2819 1756 2865 natura
1784 2819 1971 2864 nostra
1998 2826 2161 2866 sexus
2193 2811 2487 2868 discrimen
2526 2813 2834 2868 exsisteret.

259 2905 461 2960 Τούτου
498 2906 676 2958 τοίνυν
710 2904 1242 2976 προκατανοηθέντος
1271 2903 1358 2957 διὰ
1395 2905 1494 2973 τῆς
1523 2919 1773 2974 προγνω-

177 2996 382 3066 στικῆς
408 2995 686 3066 ἐνεργείας
702 2995 1070 3066 πληρώματος
1089 2994 1197 3046 τῶν
1219 2993 1540 3066 ἀνθρώπων,
1564 2993 1651 3046 διὰ
1675 2996 1774 3063 τῆς

174 3087 574 3159 ζωωδεστέρας
595 3088 861 3156 γενέσεως
879 3088 971 3140 ἐπὶ
992 3087 1088 3158 τὴν
1112 3087 1255 3157 ζωὴν
1278 3087 1557 3158 μέλλοντος
1583 3085 1775 3156 παριέ-

1945 2903 2082 2960 Cum
2127 2907 2294 2977 igitur
2342 2907 2596 2962 universe
2636 2922 2811 2979 genus
2857 2916 3104 2962 nostrum
3150 2908 3293 2965 Deus
3330 2909 3449 2980 (qui

1874 2999 2066 3054 ordine
2097 3007 2245 3054 certo
2279 3007 2478 3054 cuncta
2520 3001 2890 3070 administrat)
2923 3001 3267 3072 prospiceret
3297 3017 3450 3057 more

1875 3090 2162 3145 brutorum
2195 3093 2557 3147 animantium
2591 3094 2891 3158 oriturum,
2934 3111 3112 3164 neque
3144 3094 3257 3150 ﬁeri
3289 3096 3452 3149 aliter

179 3198 304 3244 ναι,
330 3182 360 3234 ὁ
389 3180 538 3244 τάξει
571 3181 679 3234 τινὶ
716 3182 811 3234 καὶ
856 3181 1031 3252 είρμῷ
1076 3179 1440 3250 διακυϐερνῶν
1491 3178 1558 3231 τὰ
1599 3179 1769 3231 πάντα

1879 3199 2041 3254 posse
2069 3185 2421 3255 intelligeret,
2456 3202 2621 3255 quam
2669 3193 2730 3240 ut
2776 3187 2880 3240 hoc
2910 3187 3072 3241 modo
3123 3202 3451 3259 propagare—

178 3273 346 3337 Θεὸς,
369 3271 554 3342 ἐπειδὴ
571 3272 706 3333 ὅλως
721 3271 781 3323 τὸ
796 3271 1031 3323 τοιοῦτον
1049 3272 1112 3340 τῇ
1135 3268 1230 3322 ἀνθ
1238 3268 1511 3338 ρωπότητι
1526 3267 1626 3337 τῆς
1648 3285 1771 3335 γεν-

180 3366 399 3433 νήσεως
422 3359 558 3425 εἶδος
592 3364 882 3430 ἀναγκαῖον
912 3360 1164 3429 ἐποίησεν
1198 3363 1231 3431 ἡ
1260 3361 1396 3432 πρὸς
1427 3361 1487 3412 τὸ
1519 3360 1772 3412 ταπεινὸν

181 3457 292 3524 τῆς
320 3455 533 3523 φύσεως
573 3454 730 3524 ἡμῶν
759 3453 1046 3516 ἐπίκλισις,
1071 3454 1136 3523 ἢν
1169 3449 1274 3506 εἶδε
1308 3454 1436 3524 πρὶν
1463 3452 1711 3521 γενέσθαι
1745 3455 1774 3505 ὁ

181 3547 389 3617 ἐπίσης
409 3546 488 3616 τῷ
513 3545 768 3598 ἐνεστῶτι
791 3545 851 3597 τὸ
883 3545 1070 3615 μέλλον
1103 3543 1333 3613 βλέπων,
1373 3545 1460 3597 διὰ
1486 3543 1644 3596 τοῦτο
1681 3545 1774 3596 καὶ

184 3638 282 3692 τὸν
310 3638 628 3708 σύμμετρον
666 3639 730 3706 τῇ
769 3639 1075 3706 κατασκευῇ
1101 3635 1208 3688 τῶν
1255 3635 1558 3708 ἀνθρώπων
1584 3635 1773 3706 χρόνον

187 3730 631 3802 προκατενόησεν
650 3747 664 3760 ο
691 3729 830 3781 ὥστε
850 3731 916 3799 τῇ
957 3728 1172 3798 παρόδῳ
1198 3727 1304 3779 τῶν
1329 3725 1774 3796 περιορισθεισῶν

186 3823 383 3894 ψυχῶν
419 3820 916 3891 συναπαρτισθῆναι
957 3818 1054 3889 τὴν
1103 3817 1196 3870 τοῦ
1227 3818 1416 3889 χρόνου
1449 3816 1772 3888 παράτασιν,

189 3917 290 3969 καὶ
313 3913 438 3965 τότε
479 3913 666 3981 στῆναι
697 3910 794 3978 τὴν
833 3908 1002 3979 ῥοώδη
1032 3907 1128 3960 τοῦ
1157 3908 1349 3977 χρόνου
1379 3905 1590 3976 κίνησιν
1609 3945 1623 3968 ,
1649 3905 1775 3957 ὅταν

195 4005 398 4076 μηκέτι
427 4003 630 4073 φύηται
657 4002 723 4056 δι’
747 3999 912 4054 αὐτοῦ
950 4001 1011 4054 τὸ
1038 3999 1373 4071 ἀνθρώπινον
1393 4015 1406 4027 ·
1433 3996 1778 4067 τελεσθείσης

187 4099 250 4152 δὲ
294 4099 396 4168 τῆς
433 4097 542 4149 τῶν
593 4095 893 4166 ἀνθρώπων
933 4095 1229 4163 γενέσεως,
1273 4093 1350 4164 τῷ
1389 4092 1530 4144 τέλει
1577 4091 1778 4152 ταύτης

193 4185 608 4257 συγκαταλῆξαι
642 4185 731 4239 τὸν
775 4185 987 4256 χρόνον,
1023 4185 1114 4237 καὶ
1141 4183 1281 4238 οὕτω
1320 4183 1416 4252 τὴν
1454 4183 1547 4236 τοῦ
1579 4182 1778 4243 παντὸς

191 4278 643 4348 ἀναστοιχείωσιν
667 4279 938 4346 γενέσθαι,
979 4279 1073 4330 κα)⁹
1107 4279 1172 4346 τῇ
1207 4275 1474 4346 μεταϐολῇ
1524 4273 1618 4327 τοῦ
1657 4273 1777 4326 ὅλου

195 4369 636 4440 συναμειφθῆναι
674 4369 767 4420 καὶ
795 4368 855 4421 τὸ
883 4367 1241 4438 ἀνθρώπινον,
1278 4367 1384 4418 ἀπὸ
1411 4365 1504 4417 τοῦ
1540 4363 1778 4434 φθαρτοῦ

194 4461 291 4514 καὶ
319 4459 558 4528 γεώδους
596 4461 686 4510 ἐπὶ
721 4459 783 4510 τὸ
812 4458 1020 4519 ἀπαθὲς
1052 4457 1145 4508 καὶ
1172 4457 1358 4510 ἀΐδιον.
1395 4457 1462 4507 Ὃ
1503 4473 1591 4524 μοι
1637 4455 1782 4506 δοκεί

195 4553 292 4606 καὶ
342 4553 373 4603 ό
406 4551 547 4613 θεῖος
582 4549 900 4612 Ἀπόστολος
950 4550 1288 4618 κατανοήσας

196 4643 300 4712 τῆς
326 4642 466 4712 πρὸς
488 4642 805 4711 Κορινθίους
835 4639 1122 4709 ἐπιστολῆς
1144 4641 1241 4710 τὴν
1268 4640 1530 4708 αἰφνίδιον
1556 4639 1647 4692 τοῦ
1671 4639 1787 4710 χρό-

199 4753 292 4789 νου
325 4737 518 4788 στάσιν
539 4775 552 4798 ,
598 4735 690 4787 καὶ
712 4734 808 4804 τὴν
835 4736 914 4796 είς
947 4733 1008 4786 τὸ
1039 4733 1272 4803 ἔμπαλιν
1304 4732 1413 4785 τῶν
1453 4733 1786 4801 κινουμένων

201 4828 496 4891 ἀνάλυσιν,
532 4828 589 4879 ἐν
622 4821 702 4889 οἷς
732 4841 930 4895 φησιν·
981 4843 997 4876 ι
1040 4826 1172 4877 Ἰδοὺ
1209 4826 1504 4894 μυστήριον
1537 4825 1665 4893 ὑμῖν
1703 4823 1785 4874 λέσ

200 4937 315 4988 γω·
353 4920 560 4982 Πάντες
587 4918 684 4988 μὲν
715 4919 776 4970 ού
808 4916 1275 4988 κοιμηθησόμεθα,
1307 4916 1508 4976 πάντες
1533 4915 1589 4966 δέ
1622 4913 1786 4966 ἀλλα-

201 5012 514 5081 γησόμεθα,
537 5013 595 5063 ἐν
617 5010 825 5080 ἀτόμῳ,
848 5011 904 5061 ἐν
928 5011 1057 5079 ῥιπῇ
1082 5006 1383 5076 ὀφθαλμοῦ,
1413 5008 1469 5060 ἐν
1489 5008 1554 5076 τῇ
1583 5005 1785 5076 ἐσχάτῃ

204 5104 495 5169 σάλπιγγι.
521 5122 540 5154 ι
593 5101 700 5154 Τοῦ
747 5104 856 5172 γὰρ
897 5100 1292 5171 πληρώματος,
1333 5098 1407 5160 ὡς
1459 5093 1648 5165 οἶμαι,
1688 5096 1786 5164 τῆς

204 5193 561 5264 ἀνθρωπίνης
607 5195 820 5262 φύσεως
845 5194 986 5246 κατὰ
1013 5191 1074 5244 τὸ
1099 5191 1448 5262 προγνωσθέν
1484 5189 1679 5259 μέτρον
1708 5189 1787 5248 εἰς

207 5289 388 5358 πέρας
422 5285 699 5349 ἐλθόντος,
726 5286 813 5338 διὰ
839 5285 900 5338 τδ
925 5285 1120 5356 μηκέτι
1142 5285 1344 5337 λείπειν
1366 5283 1444 5354 τῷ
1467 5284 1575 5335 τῶν
1601 5283 1788 5352 ψυχῶν

207 5377 428 5448 ἀριθμῷ
463 5377 628 5447 μηδὲν
668 5378 747 5440 εἰς
775 5377 1102 5446 ἐπαύξησιν,
1140 5378 1198 5429 ἐν
1231 5377 1426 5446 ἀκαρεί
1463 5374 1556 5427 τοῦ
1597 5373 1788 5444 χρόνου

208 5469 536 5538 γενήσεσθαι
566 5469 664 5539 τὴν
697 5469 992 5536 ἐναλλαγὴν
1025 5467 1133 5521 τῶν
1162 5467 1328 5521 ὄντων
1368 5466 1604 5530 ἐδίδαξεν
1623 5505 1636 5528 ,
1667 5466 1790 5520 ἄτο-

215 5575 313 5631 μον
339 5559 618 5629 ὀνομάσας
647 5560 741 5614 καὶ
776 5560 936 5632 ῥιπήν
969 5557 1246 5629 ὀφθαλμοῦ
1279 5559 1339 5610 τὸ
1369 5558 1571 5628 ἀμερὲς
1615 5559 1790 5610 ἐκεῖνο

286 5736 332 5769 ’⁸
369 5735 519 5795 Psal.
577 5750 721 5799 χειν,
752 5736 806 5790 4.
883 5735 928 5766 τ’
954 5733 1090 5791 Gen.
1124 5750 1183 5799 ll,
1226 5733 1317 5787 2'2.

1879 3284 1987 3340 tur,
2036 3285 2232 3330 natura
2281 3291 2341 3330 se
2381 3286 2566 3332 nostra
2610 3277 2956 3332 humiliorem
3005 3278 3071 3332 ad
3107 3286 3307 3332 statum
3352 3279 3452 3333 de-

1878 3367 2159 3433 mittente,
2193 3369 2333 3422 sicut
2355 3369 2470 3437 ipse
2492 3368 2664 3422 multo
2694 3378 2821 3422 ante
2849 3367 2964 3423 fore
2991 3370 3330 3436 prmviderat,
3357 3371 3452 3440 qui

1881 3459 2097 3515 futuros
2141 3469 2370 3515 eventus
2403 3469 2663 3530 tanquam
2705 3477 2795 3516 res
2833 3469 3130 3532 praesentes
3165 3461 3448 3518 intuetur:

1878 3555 2042 3606 etiam
2070 3567 2244 3606 aevum
2275 3552 2547 3622 quoddam
2584 3555 2914 3608 conveniens
2955 3555 3173 3625 Opiﬁeio
3213 3555 3453 3609 humano

1880 3641 2191 3711 praestituit,
2221 3648 2280 3694 ut
2313 3642 2618 3694 animarum
2664 3657 2893 3696 numero
2927 3645 3186 3714 temporis
3232 3645 3453 3700 duratio

1881 3733 2236 3803 responderet
2267 3752 2280 3787 :
2316 3741 2480 3802 atque
2513 3740 2628 3786 tum
2656 3734 2874 3788 demum
2909 3733 3089 3790 ﬂuxus
3121 3735 3210 3790 ille
3241 3745 3454 3804 tempo-

1882 3825 1961 3878 ris
2000 3831 2180 3878 motus
2209 3824 2536 3893 quiesceret,
2563 3837 2686 3877 cum
2716 3839 2886 3894 genus
2919 3825 3217 3879 humanum
3251 3842 3453 3896 propa—

1882 3915 1998 3986 gari
2021 3916 2300 3980 desiisset;
2332 3913 2491 3985 bujus
2518 3915 2754 3986 denique
2785 3918 3157 3986 procreatioue
3180 3919 3451 3984 absoluta,

1883 4007 2146 4077 temporis
2201 4007 2364 4060 etiam
2414 4009 2754 4062 continuatio
2805 4010 3134 4075 exspiraret,
3194 4023 3455 4081 sequente

1884 4113 2052 4167 porro
2083 4114 2264 4153 rerum
2293 4098 2694 4152 instauratione
2725 4107 2779 4152 et
2806 4101 3106 4155 mutatione
3133 4103 3457 4158 universita~

1885 4189 1957 4244 tis
1987 4189 2171 4259 hujus,
2221 4204 2345 4242 eum
2373 4205 2479 4258 qua
2525 4189 2764 4244 hominis
2806 4191 3099 4257 conjuncta
3131 4199 3276 4248 esset
3321 4210 3456 4247 con-

1884 4284 2086 4347 versio,
2123 4283 2191 4336 de
2236 4293 2430 4336 natura
2467 4282 2710 4336 interitui
2739 4283 2974 4337 obnoxia
3008 4291 3353 4354 terrenaque,
3399 4288 3454 4340 in

1886 4377 2180 4448 quamdam
2218 4376 2533 4429 morborum
2564 4384 2838 4444 expertem
2883 4384 2934 4429 et
2961 4376 3342 4431 immortalem.
3377 4376 3455 4432 Eo

1888 4469 2020 4523 mihi
2055 4469 2360 4537 respexisse
2383 4467 2602 4522 divinus
2632 4467 2720 4520 ille
2749 4466 3040 4535 Apostolus
3067 4467 3298 4530 videtur,
3327 4484 3456 4522 cum

1315 4589 1328 4611 ,
1373 4548 1653 4617 προειπεῖν
1694 4545 1769 4599 διὰ

1889 4561 1943 4614 in
1985 4559 2225 4629 Epistola
2274 4574 2435 4628 quam
2477 4557 2543 4611 ad
2573 4557 2884 4613 Corinthios
2933 4559 3175 4628 scripsit,
3212 4559 3455 4614 subitum

1894 4653 2154 4721 temporis
2202 4650 2503 4706 desinentis
2551 4650 2730 4714 ﬁnem,
2770 4666 3062 4722 rerumque
3095 4653 3246 4721 prius
3277 4652 3456 4707 mobi-

1894 4741 2025 4795 lium
2057 4740 2326 4794 diversam
2359 4741 2412 4794 in
2441 4748 2646 4808 partem
2679 4741 3084 4795 conversionem
3119 4741 3452 4810 praediceret.

1896 4831 2036 4885 Sunt
2067 4833 2212 4886 enim
2239 4832 2352 4886 haec
2385 4832 2558 4900 ipsius
2585 4832 2749 4885 verba
2783 4850 2796 4884 :
2859 4832 2991 4887 Ecce
3050 4849 3159 4887 rem
3205 4849 3458 4886 arcanam

1893 4920 2034 4973 vobis
2064 4917 2352 4986 patefacio:
2380 4917 2491 4972 A‘os
2512 4919 2722 4988 quidem
2769 4937 2946 4974 omnes
2979 4937 3080 4974 non
3113 4921 3458 4985 dormiamus,

1895 5027 2071 5064 omnes
2138 5019 2312 5064 tamen
2361 5012 2822 5074 commutabimur,
2897 5011 3050 5081 idque
3100 5013 3154 5066 in
3211 5016 3460 5084 temporis

1890 5117 2102 5172 puncto,
2137 5113 2187 5156 et
2215 5104 2357 5157 oculi
2385 5114 2667 5167 momento,
2701 5105 2770 5158 ad
2795 5115 3042 5161 extrema:
3076 5109 3214 5161 tuba:
3245 5109 3460 5177 clango-

1895 5214 2002 5250 rem
2033 5197 2100 5250 ⁸ο.
2174 5193 2287 5247 lloc
2328 5189 2461 5245 mihi
2533 5197 2715 5251 dicere
2758 5198 2991 5259 videtur,
3042 5198 3324 5252 hominum
3363 5215 3462 5253 na-

1897 5286 2066 5350 tione,
2100 5285 2190 5338 illo
2235 5283 2398 5339 modo
2430 5285 2521 5354 qui
2557 5285 2852 5354 praeﬁnitus
2895 5301 2924 5338 a
2965 5285 3075 5340 Deo
3111 5295 3212 5349 est,
3269 5289 3463 5357 ampli-

1901 5375 2079 5438 ﬁcata,
2111 5390 2236 5428 eum
2279 5377 2584 5429 animorum
2622 5391 2852 5429 numero
2882 5375 3018 5429 nihil
3054 5378 3314 5432 accedere
3344 5395 3465 5447 por-

1897 5482 1958 5520 ro
1996 5467 2192 5535 poterit
2222 5487 2235 5521 :
2279 5473 2390 5520 tum
2443 5483 2572 5538 ergo
2605 5483 2693 5522 res
2730 5468 3014 5523 universas
3048 5484 3157 5523 uno
3196 5471 3462 5540 temporis

1896 5565 2174 5613 momento
2211 5567 2603 5614 commutatum
2632 5558 2718 5613 iri.
2751 5557 3024 5614 Punctum
3051 5561 3196 5616 enim
3236 5568 3289 5617 et
3315 5561 3461 5616 oculi

1395 5735 1440 5764 ⁸⁰
1478 5732 1648 5787 lCor.
1679 5747 1765 5798 xv,
1799 5731 1858 5786 5|
1897 5746 2013 5800 sqq.
