3844 6222
439 318 543 373 ξοτ

1700 316 1758 373 S.
1791 317 2120 377 GREGOBII
2153 320 2443 379 NYSSENI

3602 320 3704 376 208

441 441 776 491 momentum
801 437 1040 508 appellat
1065 449 1370 496 extremum
1401 441 1664 510 temporis
1699 441 2016 510 terminum,

2126 447 2216 498 τοῦ
2256 447 2449 517 χρόνου
2492 449 2588 501 καὶ
2624 447 2948 502 ἀδιάστατον
2978 446 3150 518 πέρας
3170 465 3183 479 ο
3213 447 3291 511 ὼς
3321 447 3521 518 μηκέτι
3549 445 3710 499 δυνα-

438 529 618 585 omnis
647 539 922 600 expertem
953 533 1335 597 dimensionis,
1371 534 1574 604 quique
1607 535 1786 590 nullas
1807 535 1860 590 in
1888 551 2014 606 par-

439 631 521 675 tes
564 621 731 676 dividi
783 630 967 692 queat.
1004 624 1190 694 ltaque
1233 625 1348 679 ﬁeri
1389 641 1498 680 non
1540 641 1702 696 posse
1730 628 1909 693 docet,
1957 639 2015 682 ut

439 713 562 779 quis
587 713 653 767 ad
685 729 805 768 eam
840 723 992 770 certo
1021 718 1180 785 quasi
1210 717 1417 770 ambitu
1445 697 1723 772 definitam
1755 720 2014 773 mutatio-

439 821 586 868 nem,
613 822 736 876 qua:
761 823 858 876 per
888 816 1120 862 mortem
1154 808 1231 873 ﬁt,
1264 810 1544 877 perveniat
1571 828 1583 863 :
1625 819 1679 864 et
1709 820 2014 865 extremum

435 910 506 951 ac
560 913 836 953 summum
891 901 1155 969 temporis
1202 909 1538 955 momentum
1588 903 1841 972 attingat,
1893 910 2016 971 post

439 991 586 1058 quod
627 991 774 1044 nulla
807 1007 935 1062 pars
983 993 1104 1061 ejus
1137 994 1343 1062 reliqua
1371 1003 1478 1059 est,
1527 994 1635 1049 nisi
1667 995 1821 1064 prius
1859 995 2012 1062 tuba,

437 1098 563 1150 qua:
597 1083 1050 1138 resurrectionem
1087 1099 1152 1138 ex
1188 1086 1420 1139 mortuis
1457 1086 1750 1154 praecedet,
1786 1086 2014 1155 clango-

439 1185 556 1224 rem
592 1185 752 1225 suum
785 1170 935 1234 edat,
971 1186 1080 1240 quo
1111 1186 1237 1240 pars
1275 1175 1497 1227 humani
1541 1175 1760 1244 generis
1797 1183 2015 1229 mortua

440 1265 600 1334 quasi
635 1266 701 1320 de
736 1281 929 1322 somno
958 1267 1226 1322 excitetur
1255 1285 1268 1322 :
1314 1283 1378 1323 ea
1401 1275 1547 1322 'vero
1581 1283 1703 1338 quae
1747 1268 1925 1321 adhuc
1959 1267 2016 1321 in

441 1360 579 1413 vivis
608 1359 734 1413 erit.
771 1356 989 1424 perinde
1010 1358 1259 1413 utczeteri
1301 1375 1398 1428 per
1427 1361 1910 1426 resurrectionem,
1941 1359 2016 1414 ita

440 1460 496 1506 et
536 1453 654 1521 ipsa
683 1451 872 1506 subito
904 1450 974 1505 ad
1022 1451 1491 1506 immortalitatem
1519 1459 1914 1515 commutetur,
1956 1457 2016 1504 ut

439 1558 560 1598 eam
598 1543 858 1613 deinceps
899 1544 1087 1598 carnis
1121 1543 1337 1614 pondus
1386 1543 1643 1600 deorsum
1696 1560 1862 1599 onere
1915 1559 2016 1600 suo

435 1649 548 1688 non
579 1634 867 1705 deprimat,
900 1634 1137 1689 humove
1179 1644 1398 1690 terrena
1447 1636 1618 1689 moles
1664 1634 1864 1705 alligat,
1919 1634 2015 1689 sed

438 1731 580 1784 elata
612 1731 664 1782 in
696 1729 926 1783 sublime
961 1729 1140 1800 ipsum
1174 1744 1356 1784 aerem
1394 1738 1662 1799 penetret.
1699 1728 1826 1782 Ha‘c
1867 1729 2013 1783 enim

2119 541 2211 593 τὸν
2249 537 2386 594 εἶναι
2416 540 2491 611 τῷ
2520 541 2660 594 κατά
2692 541 2752 594 τὸ
2795 541 3022 612 ἔσχατόν
3049 558 3109 593 τε
3153 541 3247 594 καὶ
3274 542 3576 612 ἀκρότατον
3606 540 3705 613 τῆς

2121 633 2306 704 ἀκμῆς
2343 634 2588 687 ἐπιϐάντι
2625 634 2718 686 τοῦ
2759 633 2974 704 χρόνου,
3007 632 3094 685 διὰ
3129 633 3189 685 τὸ
3222 632 3387 703 μηδὲν
3422 634 3683 688 ὐπολείπε

2123 725 2244 778 σθαι
2265 727 2330 795 τῇ
2358 725 2615 795 ἀκρότητι
2647 725 2839 796 μέρος,
2891 723 2989 794 τὴν
3028 724 3342 795 περιοδικὴν
3383 725 3592 796 ταύτην
3623 727 3708 780 διὰ

2125 813 2355 867 θανάτου
2405 814 2704 885 μεταϐολὴν
2743 815 3086 884 κτήσασθαι,
3135 813 3248 867 ἀλλ’
3289 817 3337 868 εί
3374 815 3536 885 μόνον
3581 818 3706 886 ὴχήσ

2125 927 2273 962 σειεν
2333 909 2368 980 ἡ
2418 908 2516 978 τῆς
2566 907 2912 970 ἀναστάσεως
2947 906 3282 976 σάλπιγξ,ή
3329 905 3388 960 τὸ
3446 907 3708 978 τεθνηκὸς

2123 999 2534 1070 ἀφυπνίζουσα,
2580 999 2674 1051 καὶ
2711 999 2838 1060 τοὺς
2882 999 2939 1050 ὲν
2976 1000 3044 1068 τῇ
3082 998 3193 1069 ζωῇ
3245 999 3708 1068 καταλειφθέντας

2122 1091 2243 1145 καθ’
2261 1090 2552 1161 ὁμοιότητα
2572 1089 2681 1143 τῶν
2702 1089 2760 1154 ἐξ
2782 1090 3128 1153 ἀναστάσεως
3149 1089 3360 1143 ἀλλοιου
3369 1091 3547 1160 μένων
3574 1090 3710 1163 πρὸς

2123 1181 2430 1252 ἀφθαρσίαν
2452 1180 2662 1250 ἀθρόως
2693 1180 3118 1250 μεταϐάλλουσα,
3135 1181 3210 1244 ὡς
3238 1183 3434 1251 μηκέτι
3461 1183 3522 1235 τὸ
3546 1183 3712 1254 βάρος

2121 1275 2219 1344 τῆς
2246 1273 2447 1346 σαρκὸς
2474 1274 2565 1326 ἐπὶ
2586 1274 2646 1326 τὸ
2677 1274 2826 1327 κάτω
2850 1272 3075 1344 βρίθειν,
3106 1275 3202 1326 και)⁹
3227 1278 3294 1344 τῇ
3326 1277 3393 1344 γῇ
3419 1291 3713 1345 παρακατ-

2123 1366 2268 1436 έχειν
2308 1367 2398 1418 τὸν
2437 1365 2633 1434 ὐγκον·
2683 1365 2819 1419 ἀλλά
2861 1366 3150 1438 μετάρσιον
3192 1366 3257 1419 δι’
3301 1367 3460 1438 ἀέρος
3496 1369 3713 1438 φοιτᾷν.

2130 1477 2148 1508 ι
2172 1457 2634 1529 Ἀρπαγησόμεθα
2663 1457 2800 1530 γὰρ,
2838 1460 3022 1528 φησιν,
3050 1461 3108 1512 ἐν
3146 1459 3398 1529 νεφέλαις
3429 1461 3510 1522 είς
3537 1461 3714 1513 ἀπάν-

2121 1540 2280 1622 τησιν
2309 1550 2402 1604 τοῦ
2429 1550 2632 1622 Κυρίου
2663 1553 2741 1613 είς
2784 1551 2922 1622 ἀέρα
2942 1591 2956 1614 ,
2996 1552 3088 1604 καὶ
3125 1549 3299 1614 οὕτως
3328 1551 3560 1606 πάντοτε
3613 1555 3716 1606 σὺν

2123 1641 2313 1712 Κυρίῳ
2348 1641 2603 1712 ἐσόμεθα.
2636 1661 2653 1692 ι
2715 1641 2923 1694 Οὐκοῦν
2968 1642 3315 1712 ἀναμεινάτω
3371 1643 3462 1696 τὸν
3516 1644 3717 1715 χρόνον

2122 1729 2213 1782 τὸν
2239 1730 2552 1797 ἀναγκαίως
2598 1733 2664 1801 τῇ
2695 1730 3010 1804 ἀνθρωπίνῃ
3053 1730 3277 1802 αὐξήσει
3329 1734 3718 1804 συμπαρατεί-

439 1820 736 1887 Apostolus
797 1819 1063 1887 subjecit:
1133 1838 1151 1870 ι
1223 1820 1525 1890 ltapiemur
1577 1836 1674 1889 per
1736 1820 1913 1874 nubes
1964 1819 2016 1872 in

2126 1837 2302 1874 νοντα.
2333 1821 2443 1874 Καὶ
2487 1820 2593 1892 γὰρ
2642 1822 2692 1873 oi
2735 1821 2862 1892 περὶ
2908 1820 2998 1874 τόν
3061 1821 3310 1894 Ἀϐραὰμ
3347 1825 3715 1897 πατριάρχαι,

441 1929 645 1976 aerem,
688 1921 746 1967 ut
785 1911 1014 1968 Domino
1047 1928 1426 1979 occurramus,
1473 1922 1636 1983 atque
1663 1930 1727 1968 ex
1767 1929 1832 1967 eo
1878 1920 2016 1966 tem-

439 2019 569 2074 pore
591 2011 850 2073 perpetuo
867 2018 991 2057 cum
1010 2002 1241 2058 Domino
1269 2004 1558 2058 erimus".
1593 2022 1612 2054 ι
1645 2003 2013 2069 Quamobrem

439 2097 821 2166 unusquisque
849 2096 1114 2166 temporis
1157 2097 1438 2150 hominum
1475 2097 1817 2152 incremento
1848 2096 2018 2152 desti-

439 2188 555 2242 nati
584 2203 790 2242 moram
835 2188 1104 2257 patienter
1162 2187 1320 2242 ferat.
1353 2187 1486 2241 Nam
1539 2197 1594 2243 et
1642 2188 2014 2251 Abrahamus,

439 2280 641 2350 aliique
688 2287 872 2349 patres
921 2280 996 2334 illi
1043 2281 1338 2350 principes,
1385 2295 1698 2350 quanquam
1745 2279 2018 2335 desiderio

438 2371 656 2428 videndi
703 2371 892 2427 isthmc
945 2372 1085 2426 bona
1139 2380 1497 2436 tenerentur,
1552 2387 1728 2442 neque
1773 2387 2016 2442 unquam

2121 1909 2214 1963 τοῦ
2253 1913 2349 1980 μέν
2387 1912 2515 1964 ἰδεῖν
2547 1913 2615 1965 τὰ
2644 1912 2823 1981 ἀγαθά
2847 1913 2946 1982 τὴν
2971 1914 3265 1984 ἐπιθυμίαν
3290 1915 3468 1984 ἔσχον,
3494 1919 3589 1970 καὶ
3610 1918 3718 1972 οὐκ

2122 2003 2331 2073 ἀνῆκαν
2363 2003 2748 2074 ἐπιζητοῦντες
2780 2005 2877 2074 τὴν
2901 2005 3220 2074 ἐπουράνιον
3245 2008 3498 2078 πατρίδα,
3526 2008 3719 2073 καθώς

2123 2112 2287 2165 φησιν
2332 2097 2360 2149 ὁ
2407 2096 2754 2160 Ἀπόστολος·
2792 2096 2906 2150 ἀλλ’
2945 2097 3094 2168 ὅμως
3139 2099 3197 2150 ἐν
3238 2099 3317 2170 τῷ
3359 2099 3604 2165 ἐλπίζειν
3632 2102 3719 2154 ἔτι

2123 2186 2220 2258 τὴν
2251 2188 2410 2258 χάριν
2442 2188 2573 2249 eici,
2593 2188 2684 2240 τοῦ
2714 2187 2847 2240 Θεοῦ
2874 2188 3120 2260 κρεῖττόν
3145 2206 3198 2242 τι
3228 2193 3356 2262 περὶ
3386 2191 3543 2262 ἡμῶν
3578 2209 3721 2263 προ⁸

2124 2279 2483 2350 ϐλεψαμένου,
2514 2280 2769 2352 κατάτὴν
2790 2281 2882 2334 τοῦ
2904 2282 3116 2335 Παύλου
3143 2284 3347 2354 φωνήν·
3379 2303 3398 2335 ι
3423 2286 3542 2338 Ἵνα
3575 2286 3714 2357 μὴ,ι

2125 2370 2278 2440 φησὶ,
2309 2372 2511 2442 (χωρὶς
2537 2371 2694 2442 ἡμῶν
2716 2371 3090 2428 τελειωθῶσιν.
3117 2394 3135 2427 ι

437 2469 714 2524 caelestem
775 2468 1006 2538 patriam
1052 2482 1296 2538 quaerere
1357 2468 1691 2533 desinerent,
1743 2477 1802 2522 ut
1857 2467 2150 2550 Apostolus
2215 2468 2476 2537 loquitur,
2545 2476 2729 2523 tamen
2791 2469 2971 2524 adhuc
3021 2471 3183 2526 etiam
3242 2488 3469 2529 necesse
3510 2475 3714 2530 habent

439 2558 679 2634 divinum
710 2557 842 2612 illud
872 2575 1073 2615 munus
1115 2569 1433 2628 exspectare
1459 2557 1571 2614 Deo
1606 2559 1912 2614 commodis
1959 2559 2162 2615 nostris
2207 2560 2264 2614 in
2300 2560 2403 2614 hoc
2446 2561 2680 2632 benigne
2714 2562 3103 2632 prospiciente,
3158 2575 3216 2619 ut
3249 2564 3456 2624 Paulus
3490 2567 3712 2637 quidem

439 2652 534 2713 ait,
566 2669 583 2701 ι
621 2665 689 2704 ne
725 2650 843 2704 sine
869 2649 1027 2704 nobis
1047 2649 1438 2719 perfectionem
1469 2650 1844 2720 apiscerentur
1879 2671 1898 2702 ι

517 2813 572 2866 Si
609 2813 775 2885 igitur
820 2813 897 2867 illi
931 2829 1141 2870 moram
1187 2815 1330 2871 hanc
1384 2817 1616 2873 libenter
1664 2819 1870 2884 ferunt,
1928 2819 2021 2888 qui

443 2908 630 2964 multis
655 2910 820 2962 etiam
851 2909 1066 2964 saeculis
1112 2925 1214 2966 nos
1257 2919 1679 2980 praecesserunt,
1725 2920 1888 2982 atque
1931 2915 2024 2970 illa

443 3000 582 3056 bona
609 3001 727 3057 sola
760 3000 865 3058 fide
891 3018 957 3058 ac
986 3019 1082 3073 spe
1119 3004 1422 3066 intuentur,
1450 3004 1614 3074 inque
1646 3004 1728 3060 eis
1767 3007 2006 3077 acquies-

443 3100 606 3152 cunt,
641 3091 906 3164 Apostolo
951 3102 1091 3150 teste
1132 3113 1144 3148 :
1190 3105 1342 3150 certo
1387 3096 1491 3152 sibi
1520 3097 1840 3166 pollicentes
1884 3099 2017 3160 fore,
2049 3129 2090 3186 ο

443 3197 504 3244 ut
543 3189 780 3260 speratis
823 3189 985 3246 bonis
1020 3190 1293 3249 fruantur.
1331 3206 1457 3246 cum
1510 3191 1676 3246 ﬁdum
1717 3191 1866 3246 illum
1899 3207 2024 3248 esse

444 3291 709 3345 statuant,
738 3281 834 3352 qui
868 3297 930 3337 ea
957 3283 1211 3352 promisit
1245 3301 1256 3336 :
1289 3285 1417 3353 quid
1456 3299 1557 3339 nos
1589 3283 1809 3338 tandem
1844 3283 2024 3339 facere

441 3388 660 3443 aequum
695 3380 798 3433 est,
842 3388 1078 3443 quorum
1111 3375 1359 3428 nonnulli
1395 3375 1474 3427 sic
1509 3374 1785 3438 vixerunt,
1821 3383 1881 3428 ut
1911 3391 2022 3430 me-

443 3465 584 3519 liora
615 3464 718 3520 sibi
751 3478 846 3535 spe
882 3464 1129 3534 polliceri
1162 3465 1252 3519 vix
1285 3464 1562 3520 habeant?
1599 3466 1770 3520 Etiam
1806 3465 2024 3521 Davidaa

443 3557 586 3612 vatis
611 3557 832 3612 animus
865 3572 931 3612 ex
984 3557 1191 3628 ingenti
1237 3557 1541 3628 cupiditate
1577 3557 1798 3613 defecit.
1835 3557 2025 3629 Itaque

444 3651 590 3706 hanc
632 3651 838 3707 amoris
883 3659 940 3706 et
964 3649 1224 3707 desiderii
1267 3652 1606 3706 ali'ectionem
1654 3651 1771 3722 ipse
1814 3653 1930 3707 suis
1967 3653 2022 3707 in

447 3740 664 3812 hymnis
695 3739 914 3807 fatetur,
943 3755 1070 3795 cum
1104 3742 1281 3811 inquit
1306 3742 1376 3805 θ’,
1403 3757 1600 3814 magno
1631 3757 1690 3796 se
1715 3744 1889 3797 teneri
1930 3743 2025 3799 de-

447 3831 672 3893 siderio,
701 3839 864 3902 atque
895 3833 1061 3886 etiam
1113 3833 1356 3886 animum
1401 3848 1512 3902 prae
1553 3833 1737 3889 studio
1769 3833 2021 3897 deﬁcere,

445 3937 558 3993 quo
586 3937 709 3977 esse
743 3922 797 3976 in
839 3921 1060 3992 palatiis
1090 3920 1303 3976 Domini
1355 3921 1542 3992 cupiat
1573 3939 1586 3974 :
1625 3924 1839 3978 etiamsi
1878 3923 2026 3977 futu-

446 4029 569 4069 rum
599 4015 670 4068 sit
698 4023 758 4068 ut
790 4013 844 4067 in
876 4013 1134 4070 extremis
1163 4014 1479 4084 abjiciatur.
1516 4015 1700 4083 Longe
1727 4016 1871 4070 enim
1907 4033 2024 4070 ma-

416 4101 418 4104 ’
445 4107 536 4176 jus
559 4114 722 4176 atque
749 4105 1051 4175 optabilius
1084 4122 1230 4171 esse,
1263 4107 1387 4162 istic
1417 4108 1471 4162 in
1503 4109 1765 4164 extremis
1787 4110 2022 4174 censeri,

446 4213 610 4267 quam
646 4198 700 4252 in
739 4198 953 4254 vitiosis
983 4199 1146 4266 hujus
1168 4199 1291 4252 vitae
1332 4200 1581 4254 tentoriis
1609 4201 1693 4254 vel
1723 4201 2022 4270 principem

446 4289 626 4344 locum
668 4289 934 4346 obtinere.
965 4289 1333 4346 Nihilominus
1371 4307 1581 4345 moram
1629 4291 1858 4356 ferebat,
1897 4308 2022 4348 cum

444 4381 612 4436 vitam
637 4381 856 4450 quidem
891 4381 1039 4435 illam
1075 4389 1133 4436 ut
1169 4382 1380 4437 beatam
1419 4383 1763 4452 praedicaret,
1797 4383 2024 4453 ejusque

2199 2819 2262 2872 El
2293 2815 2387 2872 οὖν
2414 2819 2613 2872 ἐκεῖνοι
2639 2818 2862 2890 φέρουσι
2891 2820 2989 2891 τὴν
3021 2820 3289 2891 ἀναϐολὴν
3321 2824 3366 2874 οί
3409 2822 3708 2895 πόρρωθεν,

2125 2910 2215 2964 διὰ
2243 2911 2409 2982 μόνης
2437 2910 2673 2973 πίστεως
2703 2909 2918 2979 καὶτῆς
2955 2910 3168 2975 ἐλπίδος
3197 2911 3393 2976 ἰδόντες
3415 2914 3486 2966 τά
3512 2915 3708 2981 ἀγαθὰ,

2127 3002 2222 3055 καὶ
2255 3001 2654 3071 ἀσπασάμενοι,
2699 3000 2882 3065 καθὼς
2915 3005 3183 3074 μαρτυρεί
3205 3007 3232 3057 ό
3275 3005 3628 3068 Ἀπόστολος,
3661 3007 3709 3060 εὲ

2126 3097 2367 3166 ἀσφαλὲς
2391 3098 2485 3167 τῆς
2516 3096 2624 3149 τῶν
2648 3096 3008 3151 ἐλπισθέντων
3041 3098 3393 3161 ἀπολαύσεως
3426 3100 3484 3152 ἐν
3517 3099 3606 3169 τῷ
3639 3117 3710 3152 πι-

2128 3189 2249 3242 στὸν
2289 3189 2597 3259 ἡγήσασθαι
2626 3189 2718 3242 τὸν
2746 3190 3212 3260 ἐπαγγειλάμενον
3248 3190 3494 3260 θέμενον
3529 3191 3590 3244 τί
3623 3189 3711 3262 χρὴ

2125 3280 2386 3351 πράττειν
2415 3281 2539 3343 τοὺς
2563 3280 2791 3344 πολλοὺς
2813 3282 2979 3352 ἡμᾶς,
3004 3276 3086 3346 οἷς
3113 3283 3273 3352 τυχὸν
3299 3281 3418 3335 οὐδέ
3440 3283 3474 3352 ή
3497 3281 3646 3353 πρὸς
3663 3282 3712 3335 τέ

2125 3375 2372 3443 κρεῖττον
2403 3372 2556 3436 ἐλπὶς
2593 3375 2657 3425 ἐκ
2698 3373 2805 3426 τῶν
2848 3373 3194 3444 βεϐιωμένων
3241 3375 3425 3439 festiv;
3468 3375 3713 3439 Ἐξέλιπε

2125 3463 2192 3516 δι’
2220 3463 2512 3534 ἐπιθυμίας
2557 3465 2698 3536 καὶὴ
2721 3465 2811 3520 τοῦ
2834 3467 3125 3538 Προφήτου
3149 3466 3316 3538 ψυχὴ,
3348 3468 3444 3520 καὶ
3464 3467 3716 3537 ὁμολογεὶ

2125 3552 2214 3606 διά
2241 3553 2342 3623 τῆς
2364 3553 2682 3625 ψαλμῳδίας
2717 3555 2778 3608 τὸ
2805 3557 3067 3626 ἐρωτικὸν
3103 3557 3259 3611 τοῦτο
3291 3558 3490 3622 πάθος,
3521 3562 3718 3613 ἐπιπο-

2127 3643 2242 3697 θείν
2274 3645 2446 3713 λέγων
2474 3647 2568 3699 καὶ
2603 3646 2877 3699 ἐκλείπειν
2923 3647 3089 3701 αὐτοῦ
3132 3650 3230 3722 τὴν
3264 3649 3479 3721 ψυχὴν,
3515 3653 3572 3704 ἐν
3602 3654 3720 3715 ταῖς

2127 3735 2316 3798 αὐλαῖς
2336 3735 2428 3789 τοῦ
2456 3737 2659 3808 Κυρίου
2689 3738 2959 3804 γενέσθαι,
2992 3739 3096 3792 κᾶν
3118 3739 3176 3792 ἐν
3199 3743 3312 3804 τοῖς
3341 3741 3599 3810 ἐσχάτοις
3629 3742 3719 3812 δέῃ

2127 3830 2647 3899 παραρριπτεῖσθαι,
2680 3829 2755 3893 ὠς
2793 3829 2972 3899 μεῖξον
3017 3830 3076 3885 ὃν
3103 3833 3196 3885 καὶ
3234 3833 3637 3905 προτιμότερον
3663 3835 3720 3887 τέ

2127 3921 2188 3972 ἐν
2237 3921 2469 3984 ἐκείνοις
2513 3921 2740 3991 ἔσχατον
2793 3918 2962 3986 εἶναι,
3009 3923 3104 3977 τοῦ
3154 3925 3454 3996 πρωτεύειν
3496 3927 3553 3978 ἐν
3608 3931 3722 3990 τοῖς

2127 4013 2471 4084 ἁμαρτωλοῖς
2509 4014 2603 4067 τοῦ
2640 4015 2754 4084 βίου
2791 4014 3164 4087 σκηνώμασιν.
3219 4018 3358 4071 Ἀλλ’
3393 4019 3544 4090 ὅμως
3569 4022 3715 4090 ἠνεί-

2127 4123 2250 4177 χετο
2270 4108 2364 4177 τῆς
2394 4108 2681 4178 ἀναϐολῆς,
2705 4108 3023 4180 μακαρίζων
3043 4110 3140 4180 μὲν
3160 4111 3258 4181 τὴν
3278 4113 3397 4164 ἐκεῖ
3415 4111 3720 4182 διαγωγὴν,

2128 4197 2222 4248 καὶ
2258 4197 2356 4268 τὴν
2394 4199 2451 4250 ἐν
2476 4197 2669 4270 βραχεῖ
2701 4202 2989 4270 μετουσίαν
3018 4203 3268 4272 χιλιάδων
3294 4206 3488 4276 χρόνου
3521 4225 3720 4278 προτι-

2132 4288 2363 4357 μοτέραν
2383 4290 2723 4360 ποιούμενος·
2756 4311 2774 4341 ι
2800 4293 3087 4362 Κρεῖσσον,
3106 4313 3122 4346 ι
3149 4297 3332 4366 φησὶν,
3363 4317 3382 4347 ι
3401 4298 3586 4369 ἡμέρα
3621 4301 3721 4370 μία

2128 4380 2185 4432 ἐν
2213 4383 2333 4443 ταῖς
2361 4381 2552 4444 αὐλαῖς
2587 4400 2680 4434 σου
2709 4383 2848 4454 ὑπὲρ
2874 4383 3148 4454 χιλιάδας·
3173 4407 3189 4437 ι
3221 4388 3334 4440 ἀλλ’
3367 4390 3469 4442 οὐκ
3495 4391 3720 4462 ἐδυσχέ-

444 4474 531 4528 vel
556 4473 942 4528 brevissimum
987 4472 1223 4527 fructum
1273 4475 1504 4544 tempori
1543 4475 1738 4530 millies
1770 4476 2016 4545 ampliori

2130 4489 2276 4542 ραινε
2305 4475 2370 4544 τῇ
2399 4474 2674 4546 ἀναγκαίᾳ
2710 4478 2837 4546 περὶ
2862 4477 2967 4529 τῶν
2992 4478 3160 4532 ὅντων
3189 4481 3494 4555 οἰκονομίᾳ,
3530 4485 3720 4537 ἱκανόν

445 4565 744 4620 anteferret
790 4565 894 4636 (sic
936 4564 1083 4619 enim
1129 4565 1374 4634 loquitur
1418 4584 1430 4619 :
1474 4585 1493 4616 ι
1541 4564 1729 4619 Potior
1779 4576 1860 4620 est
1904 4567 2020 4622 dies

448 4674 593 4712 unus
621 4658 675 4711 in
698 4659 1039 4729 palatiistuis
1057 4673 1219 4727 quant
1243 4657 1412 4712 multa
1427 4658 1659 4712 aliorum
1691 4659 1857 4712 millia
1883 4659 1929 4690 ³³
1951 4659 2017 4726 ι),

444 4747 669 4802 minime
714 4753 896 4802 tamen
939 4746 990 4802 ei
1042 4747 1330 4801 molestum
1366 4753 1547 4808 esset,
1594 4759 1685 4800 res
1736 4746 2022 4800 universas

444 4849 596 4894 certo
633 4836 728 4892 Dei
759 4837 991 4894 consilio
1019 4835 1413 4892 administrari.
1458 4837 1719 4908 Adeoque
1752 4837 1888 4892 satis
1919 4838 2020 4892 hoc

443 4946 568 4986 esse
607 4928 678 4986 ad
715 4929 1030 4986 beatitatem
1068 4929 1383 4984 hominibus
1421 4929 1797 4992 existimabat,
1839 4930 1883 4983 si
1924 4930 2021 4982 ho-

443 5024 534 5080 nis
571 5023 698 5080 istis
719 5022 806 5079 vel
839 5021 1004 5077 animi
1035 5036 1131 5091 spe
1161 5021 1355 5076 saltem
1386 5020 1666 5084 incubent,
1693 5029 2022 5092 quapropter

445 5117 502 5172 in
529 5125 774 5172 extremo
805 5115 881 5168 ait
906 5132 919 5168 :
955 5132 974 5165 ι
1003 5112 1251 5177 Domine,
1283 5113 1377 5182 qui
1405 5111 1546 5168 Deus
1569 5129 1630 5168 es
1652 5114 2021 5180 exercituum,

443 5221 606 5278 quam
629 5207 819 5261 beatus
839 5213 921 5261 est
937 5205 1027 5274 qui
1054 5219 1205 5275 spem
1224 5204 1347 5258 inte
1364 5219 1516 5259 suam
1539 5205 1800 5260 collocat!
1835 5226 1853 5256 ι
1881 5203 2021 5274 Ergo

445 5318 514 5354 ne
547 5313 648 5354 nos
680 5297 900 5368 quidem
929 5305 1145 5351 nosmet
1177 5294 1496 5350 alllictemus
1523 5296 1593 5351 ob
1622 5297 1871 5367 exiguam
1903 5312 2022 5350 mo-

444 5405 584 5450 ram,
624 5403 732 5459 qua
768 5388 1001 5459 speratis
1057 5387 1164 5442 illis
1202 5387 1360 5441 bonis
1407 5386 1705 5440 carendum
1746 5396 1829 5442 est
1863 5404 1877 5441 :
1923 5401 2020 5456 po-

443 5483 665 5552 tiusque
691 5482 838 5536 omni
870 5481 1056 5537 studio
1085 5479 1276 5534 demus
1308 5494 1554 5548 operam,
1593 5496 1662 5534 ne
1697 5491 1881 5534 nostra
1910 5481 2021 5533 cul-

444 5589 510 5642 pa
536 5590 721 5628 corum
761 5590 858 5644 spe
888 5574 1226 5630 excidamus.
1261 5573 1730 5639 Quemadmodum
1763 5574 1930 5638 enim,
1968 5575 2015 5628 si

2121 4580 2181 4615 τε
2215 4565 2294 4626 είς
2327 4567 2674 4636 μακαρισμὸν
2719 4564 2855 4636 ᾤετο
2886 4570 2999 4632 τοῖς
3051 4571 3360 4642 ἀνθρώποις
3405 4575 3502 4626 καὶ
3548 4577 3609 4628 τὸ
3649 4578 3720 4629 δι’

2123 4655 2337 4719 ἐλπίδος
2387 4656 2530 4727 ἔχειν
2577 4658 2645 4711 τὰ
2694 4660 2894 4727 ἀγαθά.
2949 4661 3040 4715 Διό
3096 4680 3262 4732 φησιν
3305 4665 3396 4717 ἐπὶ
3430 4666 3575 4720 τέλει
3617 4669 3718 4738 τῆς

2121 4748 2438 4820 ψαλμῳδίας
2459 4767 2472 4780 ο
2514 4771 2533 4801 ι
2563 4751 2733 4823 Κύριε
2756 4755 2784 4806 ό
2812 4754 2941 4817 Θεὸς
2961 4755 3070 4808 τῶν
3098 4755 3404 4826 δυνάμεων,
3441 4761 3720 4832 μακάριος

2123 4839 2411 4911 ἄνθρωπος
2457 4844 2485 4895 ό
2523 4842 2758 4907 ἐλπίζων
2789 4845 2881 4897 ἐπὶ
2911 4846 2989 4898 σέ.
3020 4867 3036 4895 ι
3073 4849 3147 4901 Οὐ
3192 4849 3371 4903 τοίνυν
3411 4852 3537 4906 οὐδὲ
3565 4857 3720 4925 ἡμᾶς

2125 4933 2574 5004 στενοχωρεῖσθαι
2614 4935 2720 5007 χρὴ
2751 4937 2878 5006 περὶ
2905 4938 3004 5008 τῆς
3045 4940 3102 4991 ἐν
3134 4939 3326 5011 βραχεῖ
3355 4942 3465 4994 τῶν
3496 4945 3718 5009 ἐλπιζο-

2125 5025 2306 5095 μένων
2354 5025 2655 5097 ἀναϐολῆς,
2691 5029 2804 5082 ἀλλ’
2835 5031 2982 5094 ὅπως
3022 5031 3085 5084 ἂν
3141 5032 3215 5104 μὴ
3264 5035 3566 5104 ἀπόϐλητοι
3605 5040 3718 5091 τῶν

2124 5117 2493 5188 ἐλπιζομένων
2520 5121 2812 5192 γενοίμεθα
2832 5164 2846 5186 ,
2897 5125 2995 5194 τὴν
3025 5126 3261 5198 σπουδὴν
3293 5127 3457 5199 ἔχειν.
3498 5131 3716 5203 Ὥσπερ

2124 5211 2231 5281 γὰρ
2252 5211 2306 5263 εί
2329 5227 2414 5274 τις
2453 5212 2702 5283 προείποι
2740 5214 2846 5266 τινὶ
2873 5215 2980 5269 τῶν
3012 5217 3418 5290 ἀπειροτέρων,
3451 5221 3535 5275 ὅτι
3575 5225 3716 5276 κατᾶ

2122 5303 2213 5355 τὸν
2236 5303 2427 5374 καιρὸν
2460 5303 2553 5356 τοῦ
2590 5303 2780 5374 θέρους
2800 5307 2833 5375 ἡ
2859 5306 2968 5359 τῶν
3006 5309 3234 5379 καρπῶν
3259 5313 3551 5381 γενήσεται
3589 5315 3703 5366 συλ-

2123 5392 2286 5463 λογὴ,
2320 5395 2416 5448 καὶ
2442 5395 2667 5465 πλήρεις
2717 5396 2816 5466 μὲν
2857 5399 2913 5449 αί
2965 5399 3242 5469 ἀποθῆκαι
3263 5440 3278 5464 ,
3314 5403 3488 5473 μεστὴ
3518 5403 3577 5458 δὲ
3601 5405 3715 5457 τῶν

2123 5485 2398 5557 ἐδωδίμων
2432 5489 2465 5558 ἡ
2513 5489 2762 5558 τράπεζα
2795 5489 2870 5559 τῷ
2902 5493 3000 5560 τῆς
3025 5492 3279 5562 εὐθηνίας
3307 5492 3460 5547 ἔσται
3495 5497 3715 5567 καιρῷ·

2128 5579 2353 5648 μάταιος
2384 5579 2448 5633 ἂν
2474 5580 2560 5652 εἴη
2594 5584 2621 5634 ό
2651 5583 2990 5637 ἐπισπεύδων
3025 5585 3118 5639 τοῦ
3151 5586 3342 5658 καιροῦ
3375 5587 3475 5659 τὴν
3505 5606 3719 5662 παρου-

513 5749 558 5781 “
592 5749 607 5802 Ι
648 5749 840 5806 Thess.
876 5765 949 5815 tv,
983 5748 1066 5803 l6.
1144 5750 1188 5782 "
1219 5747 1364 5804 Psal.
1403 5766 1630 5818 Lxxxul,
1660 5752 1713 5808 ἓ.
1790 5753 1837 5785 ⁸³
1867 5753 1999 5808 ibid.
2037 5754 2122 5808 ll.
