3886 6214
175 285 284 343 ξιοο

1465 293 1552 350 DE
1593 291 1882 352 HOMIle
1918 295 2246 354 OPIFICIO.

3333 297 3442 352 2m

175 403 328 469 σίαν,
357 403 476 458 δέον
503 403 795 476 σπέρματα
829 407 1188 462 καταϐάλλειν
1231 411 1326 464 καὶ
1359 411 1426 464 δι’
1451 412 1766 482 ἐπιμελείας

1871 413 1994 483 quis
2043 413 2248 467 homini
2293 418 2552 482 praedicat
2602 421 2892 482 tmpento.
2945 417 3156 468 uastatis
3201 418 3442 482 tempore

175 496 366 566 ιαυτῷ
402 497 525 560 τοὺς
553 499 799 568 καρποὺς
829 498 1234 570 ἑτοιμάζεσθαι.
1271 502 1330 555 '0
1367 501 1468 573 μὲν
1501 503 1610 574 γάρ
1641 522 1766 558 και-

180 590 278 659 ρὸς
330 590 424 642 καὶ
453 588 779 661 βουλομένου
798 632 812 654 ,
841 595 938 645 καὶ
978 592 1052 664 μὴ
1078 634 1093 659 ,
1131 595 1346 658 πάντως
1379 595 1520 649 κατὰ
1550 597 1642 651 τὸν
1681 615 1770 650 τε·

173 684 454 754 ταγμένον
480 687 830 756 ἐπιστήσεται
877 687 1089 757 χρόνον.
1121 687 1232 758 Οὐχ
1273 689 1475 757 ὁμοίως
1507 689 1565 742 δὲ
1603 689 1766 742 αὐτὸν

173 773 426 842 ὄψονται,
453 777 483 829 ὃ
515 793 576 828 τε
613 777 1016 847 προετοιμάσας
1053 777 1230 849 ἑαυτῷ
1262 779 1362 848 τὴν
1405 778 1510 831 τῶν
1540 779 1770 848 καρπῶν

171 865 444 933 ἀφθονίαν
469 909 484 932 ,
519 867 612 920 καὶ
663 870 691 920 6
744 869 924 940 πάσης
963 871 1317 941 παρασκευῆς
1361 870 1565 941 ἔρημος
1603 888 1772 925 κατα-

171 955 422 1025 λειφθεὶς
453 959 562 1012 ὑπὸ
591 959 689 1029 τῆς
727 959 894 1032 ὥρας.
927 961 1112 1026 Οὕτως
1139 960 1290 1033 οἶμαι
1315 964 1425 1018 δεῖν
1447 1004 1461 1028 ,
1501 963 1764 1035 προδήλου

171 1047 315 1100 πᾶσι
345 1047 434 1100 διὰ
454 1048 550 1102 τοῦ
580 1047 1101 1120 θείουικηρύγματος
1128 1052 1304 1117 ὄντος,
1335 1053 1416 1106 ὅτι
1445 1055 1766 1123 ἐνστήσεται

171 1136 280 1203 τῆς
309 1137 614 1208 ὲναλλαγῆς
650 1141 679 1192 6
723 1140 912 1211 καιρὸς
935 1181 956 1204 ,
987 1142 1060 1212 μὴ
1098 1141 1322 1212 χρόνους
1368 1143 1650 1215 πολυπραγ
1664 1161 1764 1214 μου

171 1233 294 1281 νεῖν
329 1230 484 1298 (οὐδὲ
517 1230 626 1301 γὰρ
669 1231 826 1301 ἡμῶν
859 1228 1012 1285 εἶπεν
1041 1228 1178 1286 εἶναι
1213 1235 1277 1287 τὸ
1303 1236 1526 1306 καιροὺς
1558 1237 1762 1304 γνῶναι

171 1321 274 1373 καὶ
303 1322 578 1392 χρόνους),
602 1323 736 1394 μηδὲ
761 1323 1054 1394 λογισμούς
1084 1342 1236 1388 τινας
1260 1327 1572 1396 ἀναζητεῖν,
1594 1326 1660 1379 δι’
1687 1319 1764 1379 ὧν

175 1410 458 1480 σαθρὼσει
495 1429 579 1475 τις
605 1413 706 1483 τὴν
739 1412 916 1484 ψυχὴν
959 1415 1087 1483 περὶ
1127 1415 1228 1484 τὴν
1271 1415 1461 1468 ἐλπίδα
1497 1416 1596 1486 τῆς
1627 1415 1763 1468 ἀνα-

173 1502 426 1566 στάσεως
451 1519 466 1532 ·
507 1503 645 1558 ἀλλὰ
688 1507 774 1574 τῇ·
803 1505 984 1558 πίστει
1015 1503 1123 1559 τῶν
1167 1507 1634 1578 προσδοκωμένων
1663 1509 1762 1560 έπ-

168 1592 540 1661 ερειδόμενον,
569 1593 658 1646 διά
681 1595 780 1663 τῆς
805 1595 1019 1667 ἀγαθῆς
1054 1595 1328 1662 πολιτείας
1345 1597 1442 1668 τὴν
1467 1598 1762 1670 μέλλουσαν

170 1683 338 1752 χάριν
369 1685 898 1756 προεμπορεύεσθαι.

1873 504 2084 560 fructus
2125 504 2460 574 colligendos
2508 519 2652 567 esse,
2705 518 2770 557 ac
2810 503 3009 559 demde
3071 519 3196 559 cum
3247 505 3442 560 horrea

1871 595 2049 664 plena,
2079 604 2194 649 tum
2225 595 2364 650 cibis
2395 609 2640 650 mensam
2677 594 2840 650 ubere
2871 595 2964 648 illo
2997 601 3240 665 tempore
3272 595 3444 651 refer-

1873 699 1982 740 tam
2015 686 2166 750 fore;
2210 685 2422 740 fatuum
2462 700 2590 740 esse
2625 699 2850 740 necesse
2897 685 2990 746 sit.
3028 686 3121 755 qui
3158 686 3340 740 statim
3390 687 3445 742 id

1872 787 2088 848 tempus
2123 785 2362 848 exoptat,
2403 793 2528 831 cum
2574 791 2802 831 necesse
2844 776 2917 830 sit
2963 777 3116 846 prius
3146 783 3444 832 sementem

1869 868 2072 932 facere,
2119 883 2424 938 magnaque
2455 867 2728 922 industria
2779 866 2995 922 fructus
3043 867 3191 936 ipsos
3227 883 3442 938 parare.

1869 960 2108 1032 Tempus
2139 960 2360 1031 quidem
2388 968 2440 1014 te
2471 960 2554 1015 vel
2583 960 2819 1025 volente,
2846 958 2932 1013 vel
2962 960 3155 1026 invito,
3189 975 3314 1014 cum
3357 975 3447 1014 re-

1867 1069 1988 1107 rum
2021 1053 2159 1108 ordo
2205 1052 2522 1122 postulabit,
2569 1050 2765 1106 aderit.
2819 1049 2944 1104 Pari
2999 1059 3182 1106 autem
3232 1051 3446 1106 ratione

1867 1145 2160 1200 adventura
2190 1144 2312 1214 ejus
2359 1157 2470 1197 non
2499 1141 2798 1211 excipient,
2855 1156 2980 1196 cum
3017 1141 3064 1196 is
3105 1141 3200 1210 qui
3229 1141 3446 1195 uberri-

1865 1253 2011 1291 mam
2063 1237 2169 1292 sibi
2217 1235 2494 1292 fructuum
2545 1234 2756 1303 c0piam
2805 1232 2992 1287 studio
3055 1247 3157 1288 suo
3207 1232 3443 1303 paravit,

1864 1339 1978 1381 tum
2026 1326 2121 1395 qui
2155 1339 2185 1378 a
2227 1339 2416 1379 rerum
2451 1321 2896 1378 necessariarum
2925 1327 3187 1390 apparatu
3231 1319 3442 1372 instru-

1862 1427 1985 1474 ctus
2030 1433 2140 1472 non
2185 1424 2290 1472 est.
2329 1415 2422 1470 Sic
2465 1413 2716 1484 equidem
2772 1419 2974 1475 statuo,
3020 1425 3144 1468 cum
3191 1409 3444 1463 omnibus

1861 1517 2052 1565 notum
2097 1508 2170 1564 sit
2205 1524 2273 1562 ex
2301 1506 2504 1562 divinis
2547 1505 2810 1568 oraculis,
2859 1503 2977 1558 fore
3021 1511 3236 1572 tempus
3267 1500 3444 1569 quod-

1863 1601 2010 1664 dam,
2045 1615 2156 1670 quo
2183 1615 2274 1654 res
2303 1613 2496 1654 omnes
2529 1595 3015 1652 commutabuntur
3045 1613 3057 1649 :
3093 1609 3202 1648 non
3225 1595 3443 1648 curiose

1862 1694 1918 1747 in
1949 1701 2228 1748 momenta
2259 1700 2568 1763 temporum
2615 1705 2738 1745 esse
2771 1687 3160 1760 inquirendum
3197 1686 3444 1756 (quando

167 1776 547 1846 cognitionem
581 1779 774 1833 borum
822 1779 1086 1836 Dominus
1127 1782 1245 1852 ipse
1276 1785 1436 1871 nobis
1466 1785 1688 1856 ademit)
1734 1803 1911 1858 neque
1949 1788 2462 1844 ratiocinationibus
2491 1801 2712 1857 cperam
2739 1800 2862 1840 esse
2887 1783 3146 1847 dandam,
3175 1798 3274 1853 per
3305 1797 3446 1852 quas

167 1874 397 1927 animus
435 1875 490 1927 in
523 1889 618 1944 spe
646 1877 1070 1932 resurrectionis
1099 1879 1440 1942 debilitetur,
1481 1882 1576 1937 sed
1601 1882 1799 1939 debere
1829 1899 2275 1954 unumquemque
2303 1881 2530 1936 ﬁrmiter
2555 1881 2876 1934 innitentem
2905 1877 3050 1942 ﬁdei,
3070 1892 3177 1948 qua
3204 1891 3294 1932 res
3322 1876 3446 1934 illa!

166 1974 524 2034 exspectatas
554 1968 922 2037 amplectitur,
953 1976 1103 2023 recta
1129 1971 1350 2026 vivendi
1377 1973 1590 2028 ratione
1623 1975 1870 2029 divinum
1903 1976 2038 2031 illud
2068 1975 2270 2029 donum
2303 1973 2464 2044 quasi
2501 1981 2845 2042 antecapere.
3401 1959 3408 1972 ’

690 2084 1086 2140 ΚΕΦΑΛΑΙΟΝ
1123 2087 1250 2141 K1".

169 2193 298 2274 Ὅτι
347 2194 397 2274 6‘
427 2191 544 2274 τὴν
575 2193 772 2274 ἀρχὴν
821 2195 931 2274 τιῆς
973 2197 1080 2274 τοῦ
1124 2197 1359 2274 κόσμορ
1405 2199 1764 2274 συστάσεως

247 2265 577 2386 ἓμὲιέίέγῶν,
603 2266 940 2334 ἀναγκαίως
964 2266 1064 2320 καὶ
1092 2265 1357 2336 περὶτοῦ
1378 2269 1595 2335 τέλους
1621 2265 1767 2324 συκ-

285 2353 322 2400 η
439 2351 519 2388 αι.

247 2424 310 2478 ΕΞ
338 2425 396 2478 δέ
439 2443 523 2490 τις
553 2427 654 2498 τὴν
683 2427 778 2482 νῦν
825 2429 918 2482 τοῦ
969 2429 1174 2501 κόσμου
1225 2433 1398 2503 φορὰν
1441 2431 1620 2505 είρμῷ
1658 2451 1764 2486 τινι

165 2511 570 2583 ὃιεξαγομένην
599 2515 828 2584 βλέπων,
873 2517 940 2569 δι’
981 2512 1050 2588 ἧς
1085 2519 1146 2570 τὺ
1190 2521 1440 2590 χρονικὸν
1479 2521 1765 2593 θεωρεῖται

161 2605 472 2676 διάστημα,
513 2607 587 2679 μὴ
628 2608 938 2679 ἐνδέχεσθαι
982 2610 1130 2679 λέγοι
1167 2611 1266 2682 τὴν
1299 2613 1764 2684 προαγγελθείσαν

161 2699 289 2753 τῶν
317 2703 648 2772 κινουμένων
682 2703 870 2757 στάσιν
895 2705 1221 2774 γενήσεσθαι
1242 2723 1256 2736 ο
1287 2707 1444 2777 δῆλος
1472 2708 1500 2758 6
1523 2708 1763 2771 τοιοῦτός

161 2795 318 2856 ἐστι,
361 2794 496 2862 μηδὲ
533 2797 588 2846 ἐν
629 2795 770 2866 ἀρχῇ
819 2796 1149 2865 γεγενῆσθαι
1185 2799 1336 2868 παρὰ
1371 2797 1464 2851 τοῦ
1501 2799 1635 2852 Θεοῦ
1672 2799 1764 2852 τὸν

159 2880 406 2949 οὐρανὸν
443 2881 539 2934 καὶ
585 2882 686 2952 τὴν
735 2883 840 2952 γῆν
895 2885 1182 2940 πιστεύων.
1216 2886 1280 2940 ’0
1321 2887 1426 2958 γὰρ
1472 2887 1646 2958 ἀρχὴν
1694 2889 1761 2958 τῇ

163 2972 390 3042 κινήσει
419 2971 612 3036 διδοὺς,
655 2975 756 3027 οὐκ
790 2975 1119 3044 ἀμφιϐάλλει
1145 2977 1366 3040 πάντως
1395 2979 1490 3032 καὶ
1521 2979 1648 3049 περὶ
1675 2980 1765 3032 τέ-

163 3063 338 3116 λοῦς’
381 3057 474 3109 καὶ
503 3060 531 3110 6
563 3059 626 3111 τὸ
667 3060 818 3124 τέλος
876 3063 951 3132 μὴ
1001 3064 1452 3135 προσδεχόμενος,
1503 3066 1624 3119 οὐδὲ
1665 3067 1764 3138 τὴν

165 3145 356 3217 ἀρχὴν
399 3150 747 3218 παρεδέξατο.
802 3153 938 3205 Ἀλλ’
995 3155 1182 3228 ὥσπερ
1239 3157 1598 3228 κατηρτίσθαι
1639 3159 1764 3222 τοὺς
1817 3170 1822 3174 ·

163 3240 380 3301 αἰῶνας
423 3241 502 3311 τῷ
535 3245 740 3313 ῥήματι
789 3245 1016 3317 νοοῦμεν
1065 3249 1162 3301 τοῦ
1206 3249 1362 3316 Θεοῦ,
1397 3249 1762 3316 πιστεύοντες,

165 3329 362 3394 καθώς
405 3349 569 3402 φησιν
605 3338 635 3388 6
675 3337 1014 3402 ’Δπόστολος,
1054 3341 1119 3393 ὲκ
1149 3341 1256 3395 τῶν
1305 3342 1380 3412 μὴ
1426 3343 1764 3413 φαινομένων

2425 2085 2652 2144 CAPUT
2694 2083 2896 2140 XXIII-

1871 2203 1975 2270 Qui
2007 2204 2192 2257 mundi
2230 2202 2495 2272 originem
2521 2199 2758 2272 aliquam
2788 2212 2904 2252 esse
2929 2195 3181 2262 fateatur,
3235 2212 3354 2250 eum
3391 2204 3452 2250 et;

1935 2275 2094 2396 gnem
2139 2275 2253 2344 ejus
2293 2270 2408 2341 fore
2442 2270 2752 2341 aliquando,
2792 2283 2896 2323 non
2927 2281 3076 2336 posse
3113 2283 3219 2320 non
3261 2283 3443 2322 conce-

1973 2361 2077 2398 ere.

1939 2435 1998 2490 Si
2029 2435 2154 2506 quis
2187 2442 2370 2490 autem
2413 2434 2636 2487 intuens
2679 2431 2736 2486 in
2769 2429 2960 2486 mundi
3005 2437 3214 2484 motum
3247 2427 3442 2483 ordine

1865 2528 2104 2600 quodam
2139 2527 2598 2597 progredientem,
2635 2538 2744 2594 quo
2793 2531 3104 2591 temporum
3148 2520 3440 2574 intervalla

1866 2629 2158 2676 notantur:
2184 2619 2298 2674 ﬁeri
2320 2629 2668 2688 nequaquam
2695 2629 2858 2685 posse
2876 2614 3044 2678 dicat,
3068 2621 3126 2666 ut
3148 2610 3442 2681 aliquando

1865 2728 1953 2768 res
1989 2711 2291 2768 secundum
2332 2708 2554 2763 oracula
2602 2706 2786 2760 divina
2819 2703 3028 2759 moveri
3061 2702 3357 2758 desinant:
3388 2700 3439 2756 is

1865 2820 1934 2860 ne
1954 2804 2154 2859 cmlum
2179 2801 2401 2872 quidem
2432 2814 2496 2853 ac
2519 2807 2721 2852 terram
2745 2796 2900 2850 initio
2929 2795 3242 2851 condidisse
3269 2793 3442 2849 Deum

1865 2894 2058 2952 credit.
2085 2891 2219 2947 Nam
2245 2891 2338 2960 qui
2371 2890 2586 2944 initium
2622 2884 2897 2956 quoddam
2933 2885 2988 2939 in
3021 2891 3171 2938 motu
3218 2883 3431 2949 statuit,

1865 2987 2028 3042 finem
2049 2985 2169 3055 ejus
2201 2984 2436 3052 aliquem
2463 2979 2580 3034 fore
2603 2995 2712 3034 non
2735 2978 2954 3032 dubitat
2983 2995 2995 3030 :
3024 2976 3250 3046 perinde
3277 2984 3441 3046 atque

1866 3078 2084 3133 initium
2113 3075 2324 3129 nullum
2355 3071 2612 3137 admittit,
2643 3069 2736 3139 qui
2771 3067 2931 3122 linem
2955 3081 3066 3122 non
3093 3066 3304 3122 statuit.
3329 3065 3441 3122 Nos

1867 3181 2088 3235 autem,
2122 3165 2589 3240 quemadmodum
2639 3163 2840 3220 saecula
2884 3160 2980 3216 Dei
3012 3162 3178 3217 verbo
3219 3159 3440 3215 condita

1866 3285 1992 3323 esse
2021 3264 2404 3335 intelligimus,
2445 3270 2612 3331 atque
2655 3261 2724 3316 de
2759 3260 2926 3316 rebus
2965 3273 3236 3328 nusquam
3275 3271 3443 3329 appa-

1867 3359 2138 3423 rentibus,
2188 3366 2248 3412 ut
2299 3355 2596 3425 Apostolus
2631 3354 2708 3406 ait
2753 3352 2818 3417 “,
2863 3365 2928 3406 ea
2972 3367 3094 3420 quae
3141 3357 3444 3405 cernuntur

167 3423 248 3474 τὰ
273 3421 578 3494 βλεπόμενα
615 3429 925 3495 γεγονέναι’
959 3434 1026 3500 τῇ
1060 3433 1196 3502 αὐτῇ
1237 3434 1416 3486 πίστει
1449 3435 1765 3505 χρησόμεθα

1871 3453 2012 3506 facta
2035 3465 2176 3506 ﬂesse
2215 3448 2490 3504 credimus
2515 3446 2736 3502 :eadem
2767 3445 3124 3514 persuasione
3155 3443 3256 3496 hoc
3277 3445 3442 3498 etiam

169 3514 306 3583 περὶ
352 3515 414 3567 τὸ
463 3517 612 3587 ῥῆμα
666 3520 759 3572 τοῦ
801 3521 958 3586 Θεοῦ,
1011 3523 1106 3576 τοῦ
1150 3525 1248 3594 τὴν
1301 3527 1606 3593 ἀναγκαίαν
1657 3527 1766 3580 τῶν

169 3605 348 3657 ὄντων
375 3607 563 3660 στάσιν
603 3613 1126 3682 προαγορεύσαντος.
1175 3616 1248 3668 Τὸ
1285 3616 1341 3668 δὲ
1382 3615 1518 3680 πῶς,
1558 3617 1768 3688 ἐξαιρε-

171 3696 298 3750 τέον
334 3698 436 3766 τῆς
473 3699 1000 3775 πολυπραγμοσύνης.⁵
1022 3721 1036 3735 ·
1091 3707 1186 3759 καὶ
1233 3707 1344 3778 γὰρ
1389 3709 1550 3761 κάκεῖ
1585 3711 1766 3763 πίστει

173 3789 543 3858 κατηρτίσθαι
581 3791 642 3844 τὸ
684 3792 1014 3865 βλεπόμενον
1057 3799 1122 3851 ὲκ
1165 3797 1274 3853 τῶν
1321 3801 1544 3870 μηδέπω
1581 3819 1766 3869 φαινο-

176 3881 364 3950 μένων
389 3884 814 3955 κατεδεξάμεθα,
847 3889 1296 3959 παραδραμόντες
1327 3892 1436 3945 τῶν
1461 3893 1768 3961 άνεφίκτων

179 3973 274 4044 τὴν
307 3974 554 4046 ζήτησιν.
585 3977 776 4030 Καίτοι
815 3981 944 4051 περὶ
973 3981 1184 4034 πολλῶν
1211 3986 1346 4053 ἡμῖν
1380 3985 1408 4036 6
1448 3983 1604 4051 λόγος
1623 3965 1768 4036 ~dmo-

177 4068 294 4136 ρεῖν
349 4067 650 4134 ὑπετίθετο,
695 4072 758 4122 οὐ
813 4073 1014 4144 μικρὰς
1051 4076 1310 4145 παρέχων
1345 4075 1600 4146 ἀφορμὰς
1632 4075 1767 4145 πρὸς

175 4156 276 4224 τὴν
303 4153 413 4207 τῶν
459 4159 904 4229 πεπιστευμένων
939 4163 1286 4232 ἀμφιϐολίαν.
1330 4164 1490 4235 Ἐξῆν
1524 4164 1632 4236 γὰρ
1669 4164 1768 4216 κὰ-

176 4248 264 4298 κεί
292 4247 410 4308 τοῖς
437 4247 728 4316 ἐριστικοῖς
758 4251 823 4303 ὲκ
850 4251 957 4304 τῶν
987 4253 1224 4322 εὐλόγων
1260 4255 1402 4308 κατὰ
1441 4255 1503 4306 τὸ
1543 4255 1770 4308 ἀκόλου-

177 4334 270 4386 θον
320 4336 646 4406 ἀνατρέπειν
693 4338 790 4410 τὴν
846 4341 1048 4406 πίστιν,
1104 4345 1240 4415 πρὸς
1291 4346 1351 4398 τὸ
1401 4345 1476 4416 μὴ
1527 4347 1767 4416 νομίζειν

177 4427 360 4496 ἀληθῆ
385 4430 479 4482 τὸν
511 4431 638 4503 περὶ
674 4433 773 4503 τῆς
801 4433 992 4506 ὑλικῆς
1045 4438 1276 4501 κτίσεως
1311 4435 1452 4493 εῖναι
1497 4439 1686 4508 λόγον,
1709 4439 1768 4493 ὃν

177 4523 212 4589 ἡ
244 4520 380 4586 ἁγία
412 4521 703 4590 πρεσϐεύει
743 4525 782 4576 Γ
789 4525 956 4598 ραφῆ,
993 4529 1210 4582 πάντων
1234 4529 1341 4582 τῶν
1387 4530 1556 4584 ὄντων
1584 4533 1648 4584 ὲκ
1675 4530 1767 4584 τοῦ

176 4611 314 4664 Θεοῦ
360 4607 502 4666 εἶναι
546 4614 997 4690 διαϐεϐαιουμένη
1043 4621 1144 4691 τὴν
1188 4622 1417 4690 γένεσιν.
1458 4625 1520 4676 Οἱ
1553 4623 1660 4695 γὰρ
1691 4625 1769 4694 τῷ

177 4703 412 4773 ἐναντίῳ
455 4708 848 4778 παριστάμενοι
869 4709 1029 4780 λόγῳ,
1063 4714 1326 4766 συναῖδιον
1365 4711 1504 4768 εἷναι
1537 4715 1617 4786 τῷ
1652 4715 1768 4786 Θεῷ

1872 3543 1966 3598 Dei
2014 3543 2244 3597 verbum
2293 3539 2710 3608 amplectemur,
2759 3551 2870 3606 quo
2929 3549 3018 3590 res
3071 3533 3357 3588 universas
3410 3548 3441 3586 a

1871 3644 2020 3687 motu
2054 3639 2372 3688 cessaturas
2403 3627 2724 3683 necessario
2751 3623 3022 3696 praedixit.
3052 3622 3440 3678 Curiositatem

1868 3725 2084 3795 quidem
2127 3733 2392 3787 nostram,
2424 3721 2793 3790 inquirentem
2833 3718 2926 3785 qui
2962 3718 3064 3771 hoc
3091 3715 3210 3771 ﬁeri
3241 3713 3438 3784 possit,

1868 3816 1984 3870 tolli
2016 3820 2256 3884 Oportet.
2287 3811 2422 3865 Nam
2455 3819 2508 3864 et
2539 3809 2665 3864 istic
2701 3808 2906 3864 omissa
2940 3821 3146 3870 rerum,
3179 3819 3318 3875 quas
3355 3803 3442 3858 in-

1869 3903 2118 3974 dagando
2166 3899 2635 3971 comprehendere
2675 3913 2786 3952 non
2835 3911 3154 3967 possumus,
3207 3894 3442 3964 inquisi-

1868 3998 2016 4051 tione
2053 4012 2068 4049 :
2103 3993 2416 4048 indubitata
2455 3991 2814 4062 persuasione
2847 4003 2937 4044 res
2973 4003 3246 4060 nusquam
3276 4001 3442 4057 appa-

1870 4098 2054 4144 rentes
2097 4087 2350 4142 conditas
2395 4087 2715 4146 statuimus,
2753 4090 2814 4137 ut
2837 4081 3036 4138 deinde
3060 4089 3438 4137 cernerentur.

1867 4181 2032 4252 Atqui
2057 4193 2166 4234 non
2198 4191 2371 4250 pauca
2404 4187 2532 4232 sunt
2559 4191 2681 4246 quae
2723 4175 2883 4230 nobis
2907 4173 3252 4228 occasionem
3284 4171 3442 4226 dubi-

1871 4273 2020 4328 tandi
2057 4271 2298 4343 praebere
2343 4269 2590 4339 possint,
2634 4269 2812 4337 deque
2857 4267 2923 4322 iis
2970 4266 3132 4320 etiam
3167 4281 3288 4338 quas
3313 4279 3442 4320 vera

1869 4364 2150 4420 credimus
2191 4360 2525 4432 ambigendi.
2567 4359 2700 4414 Nam
2735 4359 2874 4414 etin
2910 4358 3160 4412 doctrina
3203 4358 3272 4412 de
3315 4366 3441 4412 ortu

1869 4469 2052 4510 rerum
2107 4451 2472 4508 contentiosis
2519 4449 2756 4520 ingeniis
2799 4447 3066 4502 nonnihil,
3113 4456 3282 4509 esset,
3329 4464 3440 4519 quo

1869 4547 1952 4602 eis
1999 4545 2318 4600 subvertere
2343 4541 2412 4596 de
2449 4539 2776 4596 collectione
2807 4537 3186 4592 verisimilium
3217 4553 3444 4608 persua-

1871 4636 2080 4690 sionem
2113 4641 2364 4687 nostram
2407 4631 2614 4693 liceret,
2648 4635 2712 4681 ut.
2748 4642 2856 4682 non
2892 4628 3054 4697 plane
3089 4643 3278 4681 verum
3319 4645 3443 4686 esse

1871 4726 2217 4778 crederemus
2269 4721 2322 4773 id
2367 4719 2512 4789 quod
2560 4725 2648 4772 est
2681 4717 2749 4771 de
2805 4711 3085 4772 creatione
3129 4731 3326 4771 rerum.
3373 4735 3442 4774 ex

177 4795 276 4862 τὴν
329 4793 464 4864 ὖλην
507 4800 1018 4868 κατασκευάζουσι,
1067 4805 1324 4869 τοιούτοις
1377 4807 1766 4877 ἐπιχειρήμασι

1871 4813 2096 4867 materie
2143 4806 2717 4865 eonstantium.divini
2764 4805 3094 4860 auctoritate
3131 4807 3282 4860 verbi
3329 4815 3440 4860 tra-

179 4887 320 4957 πρὸς
347 4886 408 4938 τὺ
435 4887 613 4957 δόγμα
640 4889 942 4962 χρώμενοι*
973 4895 1036 4946 Ei
1063 4895 1266 4960 ἁπλοῦς
1295 4900 1324 4951 6
1347 4897 1480 4962 Θεὸς
1500 4901 1566 4969 τῇ
1589 4897 1770 4967 φύσει,

181 4980 278 5032 καὶ
301 4977 490 5040 ᾶῦλος.
533 4980 720 5045 ἄποιός
766 5001 826 5036 τε
865 4987 958 5039 καί¹
1001 4989 1296 5060 ἀμεγέθης,
1327 4991 1420 5044 καὶ
1455 4992 1768 5058 ἀσύνθετος,

183 5072 280 5124 καὶ
305 5071 410 5140 τῆς
444 5071 582 5124 κατά
611 5074 674 5125 τὸ
704 5077 890 5146 σχῆμα
917 5083 1262 5152 περιγραφῆς
1291 5083 1583 5155 ἀλλοτρίως
1611 5083 1769 5155 ἔχων·

179 5161 338 5214 πᾶσα
369 5161 426 5214 δὲ
453 5161 552 5232 ὕλη
577 5165 635 5217 ἐν
655 5165 1052 5242 διαστηματικῇ
1081 5173 1383 5242 παρατάσει
1411 5175 1774 5246 καταλαμϐά-

179 5272 354 5317 νεται,
374 5256 591 5320 καὶτὰς
612 5258 698 5310 διὰ
713 5259 820 5312 τῶν
842 5263 1208 5335 αἰσθητηρίων
1229 5267 1560 5339 καςαλήψεις
1583 5269 1642 5321 οὐ
1664 5268 1772 5322 δια·

183 5348 484 5416 πέφευγεν,
503 5351 561 5402 ἐν
576 5351 847 5423 χρώματι,
868 5358 962 5408 καὶ
983 5357 1344 5427 σχήματι,κα“ι
1363 5359 1531 5431 ὄγκῳ,
1549 5362 1642 5414 καὶ
1666 5379 1770 5431 πη-

1873 4903 2071 4966 ditum,
2105 4901 2372 4970 originem
2404 4896 2646 4953 omnium
2671 4895 2746 4948 ad.
2770 4895 2938 4948 Deum
2965 4893 3274 4950 referentis.
3303 4893 3444 4950 Huic

1871 4998 2021 5052 enim
2057 4994 2321 5050 doctrinm
2357 4993 2452 5061 qui
2506 4989 2891 5048 adversantur,
2937 4993 3264 5040 cozcternam
3319 5001 3444 5040 esse

1872 5104 1996 5144 cum
2031 5087 2142 5142 Deo
2170 5100 2354 5140 rerum
2391 5082 2674 5137 materiem
2707 5079 2941 5148 probare
2987 5086 3277 5144 conantur,
3314 5093 3444 5134 sen-

1871 5181 2208 5248 tentiamque
2260 5190 2416 5231 suam
2465 5181 2524 5228 ut
2577 5171 2922 5234 conﬁrment,
2963 5172 3299 5243 argumentis
3339 5171 3452 5226 bur-

1871 5271 2110 5342 jusmodi
2129 5277 2384 5324 utuntur:
2412 5264 2470 5320 Si
2489 5265 2654 5326 Deus,
2680 5262 2956 5332 inquiunt,
2973 5269 3168 5318 natura
3188 5263 3439 5333 simplex,

1875 5361 2290 5434 expersomnis
2319 5357 2588 5418 materiei,
2635 5352 2985 5424 qualitatum,
3029 5355 3442 5426 magnitudinis,

181 5439 452 5512 λικότητι,
471 5443 564 5496 καὶ
582 5443 892 5518 ἀντιτυπία,
915 5450 1010 5502 καὶ
1031 5453 1141 5514 τοῖς
1164 5449 1370 5515 λοιποῖς
1388 5455 1498 5516 τοῖς
1518 5455 1644 5523 περὶ
1675 5455 1766 5506 αὐ-

1877 5456 2024 5510 nulla
2049 5469 2115 5508 ex
2144 5467 2203 5507 re
2232 5447 2590 5519 compositus,
2617 5445 2820 5501 nullius
2853 5445 3040 5501 forma?
3063 5445 3312 5500 terminis
3334 5447 3444 5500 cir—

181 5531 282 5606 την
319 5531 715 5606 θεωρουμένοις
745 5541 1146 5614 γινωσκομένη,
1189 5535 1264 5598 ὧν
1293 5543 1443 5598 οὐδὲν
1469 5545 1526 5600 ὲν
1557 5544 1766 5620 τῇθείᾳ

1875 5545 2247 5616 cumscriptus
2278 5553 2538 5600 :somnem
2571 5551 2701 5594 vero
2729 5536 3022 5594 materiam.
3047 5537 3254 5610 spatiis.
3278 5537 3454 5596 certis

299 5711 350 5744 “
392 5713 560 5770 ιιι-ιιι.
593 5731 658 5781 ιι,
699 5718 753 5775 8.
