3844 6222
461 307 552 358 211

457 413 847 484 comprehendi
883 430 1108 472 necesse
1152 427 1256 482 est,
1307 427 1361 474 et
1406 436 1435 474 a
1484 436 1746 477 sensuum
1793 401 2013 493 organis
2043 432 2085 486 Α

459 505 686 576 percipi,
717 507 832 563 sive
857 524 923 563 ex
957 510 1160 576 colore,
1187 512 1302 565 sive
1333 511 1528 577 forma,
1561 516 1676 570 sive
1710 516 1872 578 mole,
1903 517 2019 572 sive

458 598 836 666 magnitudine
861 615 926 654 ac
956 601 1251 666 soliditate,
1284 604 1565 660 attributis
1597 606 1832 676 denique
1858 617 2019 662 caete-

458 688 537 742 ris
574 689 866 758 cognitam,
915 706 1038 744 cum
1082 693 1219 746 nihil
1252 694 1446 748 horum
1493 695 1675 749 divina
1714 697 1768 750 in
1822 707 2016 751 natura

456 778 685 833 exsistat
718 800 731 834 :
777 781 870 850 qui
907 781 1022 836 ﬁeri
1053 784 1248 852 potuit,
1285 793 1409 837 ut.a
1441 788 1684 840 materiei
1713 789 1893 844 omnis
1923 806 2019 843 ex-

457 879 609 939 perte
635 872 892 928 materies
928 875 1292 930 conderetur?
1317 885 1370 931 et
1400 877 1468 931 ab
1505 893 1588 943 eo,
1626 880 1682 932 in
1719 895 1827 948 quo
1856 882 2019 935 nulla:

456 969 585 1014 sunt
623 961 1016 1031 dimensiones,
1059 975 1252 1020 natura
1279 983 1399 1037 quae
1447 971 1544 1022 has
1586 985 1775 1024 omnes
1806 971 2020 1026 habet?

454 1050 592 1105 Nam
630 1054 677 1108 si
715 1072 744 1107 a
776 1054 886 1111 Deo
920 1057 1164 1127 profecta
1197 1075 1319 1114 esse
1347 1063 1529 1114 omnia
1552 1063 1881 1117 credendum
1909 1074 2014 1129 est,

455 1141 710 1197 nimirum
741 1145 900 1200 modo
934 1147 1167 1214 quodam
1190 1149 1552 1218 inexplicabili
1581 1159 1701 1206 orta
1725 1163 1870 1215 sunt,
1890 1167 2014 1206 cum

455 1233 512 1286 in
542 1233 660 1302 ipso
689 1233 798 1290 Deo
820 1246 1005 1291 essent
1039 1257 1052 1292 :
1077 1239 1124 1294 si
1163 1255 1329 1310 porro
1360 1242 1616 1311 quiddam
1653 1243 1708 1296 in
1736 1243 1856 1313 ipso
1876 1259 2019 1298 cras-

454 1339 574 1378 sum
617 1334 755 1388 erat,
793 1342 902 1396 quo
949 1341 1106 1398 pacto
1153 1347 1347 1402 expers
1398 1333 1501 1386 fuit
1539 1335 1809 1396 materiei,
1853 1349 2016 1404 quam

453 1416 571 1485 ipse
605 1419 1109 1489 complectebatur?
1135 1421 1398 1480 Similiter
1425 1426 1532 1480 dici
1558 1426 1625 1482 de
1651 1427 1865 1481 caeteris
1893 1427 2018 1481 uni-

454 1509 626 1564 versis
659 1519 856 1580 potest,
901 1528 1021 1581 quae
1054 1528 1141 1568 res
1177 1515 1259 1582 (ut
1293 1515 1368 1569 ita
1413 1515 1668 1585 dixerim)
1701 1517 2017 1572 materiatas

452 1599 812 1654 constituunt.
859 1601 917 1656 Si
969 1611 1055 1656 est
1093 1604 1148 1657 in
1199 1603 1306 1660 Deo
1359 1607 1694 1675 magnitudo,
1742 1609 2018 1676 quomodo

452 1688 595 1744 idem
641 1693 1032 1762 magnitudinis
1061 1704 1145 1749 est
1177 1697 1411 1765 expers?
1445 1699 1493 1752 si
1528 1699 1658 1768 quid
1707 1707 1791 1754 est
1818 1699 1872 1752 in
1900 1700 2017 1768 ipso

452 1779 832 1848 compositum,
887 1782 1159 1850 quomodo
1207 1784 1436 1855 simplex
1477 1765 1581 1852 est,
1624 1796 1680 1841 et
1737 1765 2016 1844 nullis—ex
2050 1765 2090 1819 Β

451 1869 696 1936 partibus
741 1874 995 1928 constat?
1038 1874 1278 1946 Denique
1336 1880 1479 1949 cogit
1531 1894 1630 1934 nos
1680 1879 1794 1934 haec
1852 1881 2012 1944 ratio,

450 1960 535 2015 vel
591 1968 652 2015 ut
702 1977 770 2016 ex
821 1967 1050 2019 materia
1095 1965 1261 2022 Deum
1317 1978 1569 2025 constare
1624 1970 1912 2037 fateamur,
1967 1972 2013 2027 si

451 2051 670 2119 quidem
711 2069 776 2107 ex
828 2055 946 2124 ipso
991 2072 1172 2112 rerum
1210 2061 1463 2116 materies
1496 2069 1615 2116 orta
1669 2070 1753 2118 est
1791 2082 1804 2116 :
1840 2065 1924 2118 vel
1968 2065 2014 2118 si

449 2141 552 2196 hoc
603 2145 727 2212 quis
771 2155 1074 2212 aversetur,
1112 2157 1265 2202 extra
1293 2167 1351 2205 se
1377 2150 1539 2205 Deum
1566 2153 1851 2206 materiam
1883 2168 2014 2207 con-

449 2233 675 2298 didisse,
713 2236 779 2292 de
807 2253 912 2308 qua
944 2241 1354 2296 universitatem
1379 2243 1523 2296 hanc
1547 2243 1859 2307 fabricaret,
1897 2255 2012 2299 sta-

449 2332 669 2381 tuamus
715 2344 938 2384 necesse
975 2341 1079 2386 est.
1114 2333 1256 2404 Ergo
1291 2334 1337 2388 si
1373 2335 1813 2412 materiesextra
1845 2337 2012 2392 Deum

449 2424 602 2484 erat,
661 2419 802 2474 haud
861 2421 1024 2478 dubie
1072 2424 1330 2493 quiddam
1377 2427 1584 2481 exstitit
1636 2428 1782 2482 aliud
1817 2443 1846 2482 a
1881 2429 2013 2497 Deo,

448 2507 594 2577 quod
618 2523 741 2563 cum
766 2511 860 2564 illo
889 2522 1046 2568 ortus
1071 2527 1290 2585 experte
1323 2529 1652 2572 coaeternum
1678 2518 1799 2575 fuit.
1836 2520 2014 2575 Adeo-

447 2616 555 2672 que
583 2601 692 2656 duo
727 2605 1141 2661 constituuntur
1179 2608 1343 2661 simul
1385 2617 1439 2662 et
1486 2610 1741 2679 principii
1772 2619 1826 2664 et
1860 2620 2014 2666 ortus

447 2695 717 2763 expertia,
758 2711 988 2765 quorum
1019 2698 1252 2752 alterum
1285 2700 1460 2754 instar
1485 2701 1710 2756 artiﬁcis
1734 2711 2009 2772 operetur,

447 2784 683 2840 alterum
738 2787 887 2842 illius
923 2788 1240 2846 eﬁ‘ectiones
1284 2792 1532 2861 recipiat.
1584 2792 1664 2846 Ex
1702 2794 1805 2848 hac
1851 2811 2014 2864 porro

447 2883 799 2946 necessitate,
854 2885 900 2938 si
944 2885 1070 2954 quis
1119 2893 1323 2940 statuat
1356 2886 1600 2942 Creatori
1642 2888 2013 2944 universitatis

445 2973 612 3044 hujus
639 2983 898 3031 aeternam
927 2978 1241 3047 adjunctam
1272 2978 1444 3034 fuisse
1478 2983 1760 3036 materiem
1791 2999 1806 3036 :
1841 2998 2014 3051 quan-

446 3076 554 3118 tam
590 3066 937 3122 decretorum
973 3085 1200 3124 suorum
1240 3071 1696 3140 approbationem
1733 3073 2008 3127 inventuri

446 3163 577 3209 sunt
605 3156 906 3222 Manichaai,
929 3161 1024 3230 qui
1057 3162 1390 3230 principium
1417 3164 1762 3217 materiatum
1786 3163 2010 3232 perinde

444 3253 710 3302 aeternum
744 3251 1106 3312 constituunt,
1131 3261 1296 3321 atque
1320 3261 1404 3308 est
1431 3252 1595 3317 Deus,
1621 3270 1782 3324 quem
1814 3262 2011 3309 vocant

446 3347 698 3392 naturam
725 3340 922 3394 bonam
954 3342 1138 3398 lEnim
1175 3359 1304 3396 vero
1338 3360 1435 3397 nos
1460 3347 1604 3414 quod
1633 3361 1819 3400 sacras
1846 3346 2012 3401 Litte-

445 3443 537 3484 ras
566 3430 897 3486 aﬂirmantes
926 3433 1198 3498 audimus,
1225 3449 1346 3488 esse
1374 3436 1631 3489 nimirum
1666 3437 1921 3491 universa
1945 3453 2012 3492 ex

445 3520 557 3575 Deo
607 3521 917 3586 credimus,
963 3525 1238 3592 quomodo
1287 3536 1469 3580 autem
1510 3527 1567 3581 in
1622 3527 1732 3582 Deo
1784 3528 2009 3594 fuerint,

449 3626 572 3665 cum
635 3615 864 3669 rationis
916 3625 1119 3669 nostra:
1163 3617 1576 3687 intelligentiam
1617 3619 1866 3683 excedat,
1928 3623 2014 3674 in-

449 3703 776 3772 quirendum
822 3722 946 3761 esse
978 3723 1084 3761 non
1115 3717 1390 3778 putamus,
1419 3711 1667 3778 persuasi
1699 3709 1865 3765 Deum
1895 3727 2013 3766 om-

448 3794 541 3848 nia
571 3809 734 3864 posse
767 3815 780 3850 :
821 3807 874 3851 et
904 3799 1142 3853 condere
1175 3799 1381 3869 aliquid
1404 3801 1470 3855 de
1487 3801 1683 3866 nihilo,
1707 3810 1760 3856 et
1789 3802 2013 3858 condito

449 3887 744 3953 qualitates
789 3888 978 3944 indere
1019 3891 1158 3944 tales
1193 3892 1382 3959 quales
1420 3892 1492 3946 sit
1540 3893 1645 3962 ipsi
1696 3894 1894 3948 visum.
1940 3893 2012 3948 De

2039 3119 2083 3178 C

1712 302 1772 358 S.
1813 301 2142 360 GRECORII
2179 300 2469 356 NYSSENI

3595 291 3696 344 219

2114 420 2272 489 φύσει
2299 417 2520 471 δυνατόν
2562 418 2675 469 ἐστι
2720 414 3083 484 κατανοῆσαι·
3119 412 3203 475 τίς
3243 411 3460 482 μηχανὴ
3507 411 3570 463 ἐκ
3603 411 3697 464 τοῦ

2118 511 2282 566 ἀΰλου
2309 511 2410 580 τὴν
2437 509 2568 578 ὓλην
2601 505 2958 575 ἀπτεχθῆναι
2981 524 2994 570 ;
3027 508 3090 557 ἐκ
3113 504 3207 556 τοῦ
3233 503 3559 556 ἀδιαστάτου
3599 505 3697 572 τὴν

2117 601 2545 674 διαστηματικὴν
2597 599 2795 668 φύσινς
2855 598 2918 649 Et
2979 597 3086 666 γὰρ
3143 595 3348 648 ἐκεῖθεν
3398 595 3694 663 ὑποστῆναι

2118 693 2288 744 ταῦτα
2319 692 2691 749 πεπίστευται,
2728 687 2966 757 δηλονότι
2989 689 3046 738 ἐν
3078 685 3225 755 αὑτῷ
3258 686 3386 737 ὄντα
3433 685 3576 738 κατὰ
3609 685 3698 736 τὸν

2118 783 2353 855 ἄρρητον
2393 781 2548 847 λόγον
2584 779 2722 831 οὑτω
2764 777 3030 848 προῆλθεν
3065 779 3142 839 είς
3190 777 3422 843 γένεσιν.
3457 775 3519 828 Εἰ
3553 776 3610 828 δὲ
3643 778 3698 828 ἐν

2118 874 2307 944 ἐκείνῳ
2331 872 2392 925 τὸ
2419 871 2616 934 ὑλῶδες
2653 867 2740 938 ἦν,
2771 869 2889 932 πῶς
2927 869 3085 932 ἇῦλος
3111 870 3141 920 ό
3172 870 3229 920 ὲν
3268 867 3415 938 αὑτῷ
3441 868 3538 938 τὴν
3567 867 3700 936 ὓλην

2118 965 2291 1035 ἔχων;
2328 963 2599 1026 Ὡσαύτως
2639 963 2694 1015 δὲ
2745 963 2838 1015 καὶ
2889 963 2957 1015 τὰ
2997 961 3131 1014 ἄλλα
3185 961 3382 1023 πάντα,
3436 959 3516 1012 δι’
3546 955 3623 1013 ὧν
3664 962 3696 1024 ἡ

2119 1056 2275 1126 ὑλικὴ
2311 1057 2470 1122 φύσις
2502 1053 2982 1124 χαρακτηρίζεται’
3023 1054 3069 1104 εί
3108 1055 3165 1104 ἐν
3206 1051 3282 1120 τῷ
3321 1051 3437 1121 Θεῷ
3465 1055 3498 1121 ἡ
3536 1051 3687 1104 ποσό-

2117 1165 2235 1218 της,
2271 1147 2388 1210 πῶς
2421 1147 2618 1209 ἇποσος
2651 1145 2679 1196 ό
2712 1144 2880 1207 Θεός;
2919 1145 2967 1196 εἰ
3011 1147 3066 1196 ἐν
3096 1143 3286 1213 ἐκείνῳ
3325 1144 3383 1195 τὸ
3418 1142 3696 1203 σύνθετον,

2118 1239 2235 1300 πῶς
2285 1238 2486 1301 ἁπλοῦς
2539 1239 2632 1291 καὶ
2682 1238 2891 1307 ἀμερὴς
2944 1237 3037 1288 καὶ
3089 1235 3409 1298 ἁσύνθετος;
3468 1233 3612 1286 ὥστε
3662 1235 3696 1302 ἦ

2118 1332 2299 1384 ὑλικὸν
2353 1327 2488 1382 εἶναι
2534 1330 2651 1383 κατ’
2691 1328 2935 1398 ἀνάγκην
2991 1328 3173 1390 αὑτὸν,
3228 1327 3314 1378 διὰ
3369 1327 3430 1378 τὸ
3484 1325 3699 1378 ἐκεῖθεν

2118 1423 2410 1493 ὑποστῆναι
2459 1421 2557 1492 τὴν
2600 1420 2750 1489 ὓλην,
2799 1421 2825 1470 ό
2869 1419 3023 1486 λόγος
3060 1415 3332 1486 βιάζεται·
3369 1415 3400 1485 ἦ
3443 1417 3490 1467 εἰ
3535 1413 3702 1466 τοῦτό

2117 1535 2200 1580 τις
2242 1517 2452 1585 φεύγοι,
2495 1513 2692 1580 ἔξωθεν
2734 1511 3172 1581 ὲπεισενεχθῆναι
3221 1509 3318 1579 τὴν
3369 1507 3498 1576 ὕλην
3546 1505 3702 1574 αὑτῷ

2118 1608 2254 1679 πρὸς
2319 1607 2416 1677 τὴν
2476 1603 2817 1673 κατασκευὴν
2889 1601 2982 1654 τοῦ
3041 1599 3236 1662 παντὸς
3294 1597 3700 1666 ὑπολαμϐάνειν

2118 1703 2442 1767 ἐπάναγκες.
2479 1698 2543 1751 Εἰ
2576 1693 2668 1748 οὑν
2701 1695 2804 1761 ἔξω
2847 1693 2942 1746 τοῦ
2990 1692 3120 1745 Θεοῦ
3161 1687 3250 1761 ἦν,
3283 1690 3408 1744 ἄλλο
3442 1706 3495 1740 τι
3540 1690 3702 1758 παρὰ

2119 1793 2210 1845 τὸν
2241 1791 2371 1843 Θεὸν
2412 1790 2627 1848 πάντως
2667 1783 2734 1858 ἦν
2779 1786 3255 1854 συνεπινοούμενον
3295 1781 3438 1835 κατὰ
3469 1781 3560 1833 τὸν
3594 1781 3701 1848 τῆς

2119 1881 2422 1951 ἁῖδιότητος
2464 1881 2621 1947 λόγον
2663 1879 2742 1948 τῷ
2786 1879 3092 1948 ἀγεννήτως
3120 1875 3230 1928 δντι
3251 1893 3263 1905 ·
3296 1874 3434 1926 ὥστε
3475 1872 3569 1925 δύο
3602 1873 3701 1925 ἇν-

2120 1990 2263 2043 αρχα
2303 1972 2399 2024 καὶ
2437 1970 2709 2038 ἁγέννητα
2754 1968 2894 2021 κατὰ
2936 1967 3126 2019 ταύτὸν
3173 1964 3417 2034 ἀλλήλοις
3445 1963 3520 2032 τῷ
3548 1963 3704 2032 λόγῳ

2123 2061 2750 2132 συγκαταλαμϐάνεσθαι,
2782 2059 2874 2112 τοῦ
2899 2057 3154 2128 τεχνικῶς
3186 2056 3558 2126 ἐνεργοῦντος,
3599 2057 3702 2106 καὶ

2119 2155 2212 2208 τοῦ
2253 2154 2539 2224 δεχομένου
2569 2152 2666 2222 τὴν
2697 2150 3118 2220 ἐπιστημονικὴν
3160 2148 3360 2218 ταύτην
3389 2147 3698 2217 ἐνέργειαν.

2120 2248 2230 2301 Καὶ
2261 2249 2314 2300 εἴ
2352 2264 2435 2308 τις
2464 2248 2528 2298 ἐκ
2565 2246 2661 2314 τῆς
2689 2243 2931 2312 ἀνάγκης
2961 2241 3162 2312 ταύτης
3186 2241 3351 2294 ἀΐδιον
3386 2239 3705 2294 ὑποτίθοιτο

2118 2339 2196 2410 τῷ
2241 2336 2566 2409 Δημιουργῷ
2607 2336 2713 2390 τῶν
2764 2335 3015 2388 ἁπάντων
3053 2333 3369 2387 ὑποκεῖσθαι
3403 2333 3502 2404 τὴν
3536 2333 3701 2403 ὓλην,

2118 2434 2248 2502 ὅσην
2291 2433 2320 2483 ὁ
2363 2431 2657 2499 Μανιχαῖος
2700 2429 2920 2499 εὑρήσει
2960 2428 3068 2481 τῶν
3103 2428 3246 2481 ἰδίων
3281 2427 3567 2496 δογμάτων
3600 2428 3701 2496 τὴν

2121 2523 2464 2592 συνηγορίαν,
2492 2521 2549 2584 ὃς
2571 2521 2668 2591 τὴν
2702 2519 2889 2590 ὑλικὴν
2911 2520 3086 2572 αἰτίαν
3134 2519 3274 2572 κατὰ
3307 2518 3368 2570 τὸ
3399 2518 3699 2588 ἀγέννητον

2119 2611 2537 2682 ἀντιπαρεξάγει
2582 2613 2647 2680 τῇ
2698 2609 2874 2679 ἀγαθῇ
2907 2608 3099 2678 φύσειί
3139 2607 3298 2660 Ἀλλὰ
3344 2607 3448 2678 μὴν
3486 2608 3588 2660 καὶ
3642 2609 3698 2660 ἐκ

2118 2704 2213 2758 τοῦ
2243 2703 2375 2758 Θεοῦ
2413 2705 2480 2756 τὰ
2515 2703 2712 2767 πάντα,
2754 2701 2855 2770 τῆς
2894 2700 3114 2770 Γραφῆς
3168 2699 3430 2769 λεγούσης
3468 2698 3695 2752 ἀκούον-

2117 2815 2230 2861 τες,
2267 2794 2738 2864 πεπιστεύκαμεν·
2769 2792 2861 2845 καὶ
2892 2793 2954 2844 τὸ
2986 2793 3131 2855 ὅπως
3169 2787 3237 2862 ἦν
3267 2793 3323 2844 ἐν
3349 2789 3427 2860 τῷ
3463 2789 3616 2860 Θεῷ,
3645 2790 3694 2841 τὺ

2119 2890 2258 2959 ὑπὲρ
2302 2887 2393 2940 τὸν
2437 2885 2700 2956 ἡμέτερον
2731 2884 2905 2952 λόγον,
2934 2886 3035 2937 οὐκ
3064 2882 3318 2950 ἀξιοῦμεν
3345 2880 3693 2952 περιεργάζε-

2123 2978 2265 3039 σθαι,
2298 2978 2473 3030 πάντα
2501 2977 2565 3045 τῇ
2598 2973 2716 3046 θείᾳ
2744 2973 2966 3043 δυνάμει
2992 2972 3214 3043 χωρητὰ
3249 2971 3689 3033 πεπιστευκότες·

2121 3070 2214 3122 καί
2250 3067 2312 3120 τὸ
2347 3067 2421 3138 μὴ
2467 3065 2526 3118 ὃν
2567 3065 2994 3134 ὑποστήσασθαι,
3038 3063 3131 3115 καὶ
3174 3060 3252 3132 τῷ
3294 3062 3407 3114 δντι
3454 3061 3602 3131 πρὸς
3639 3061 3692 3112 τὸ

2113 3160 2300 3213 δοκοῦν
2330 3157 2606 3210 ἐπιϐαλεῖν
2644 3157 2742 3219 τὰς
2771 3154 3080 3224 ποιότητας.
3115 3151 3322 3206 Οὑκοῦν
3363 3151 3690 3215 ἀκολούθως,

2115 3253 2189 3314 ὼς
2219 3252 2405 3322 ἀρκεῖν
2441 3247 2724 3320 ἡγούμεθα
2777 3249 2887 3310 τοῖς
2922 3243 3040 3300 οὖσι
3092 3245 3228 3316 πρὸς
3259 3245 3357 3315 τὴν
3397 3245 3462 3296 ὲκ
3491 3243 3590 3296 τοῦ
3630 3243 3695 3314 μὴ

2115 3344 2265 3406 ὄντος
2293 3343 2605 3405 ὑπόστασιν,
2632 3340 2730 3410 τὴν
2768 3338 2860 3391 τοῦ
2905 3338 3046 3390 θείου
3091 3336 3392 3407 θελήματος
3427 3335 3692 3404 δύναμιν·

2117 3435 2260 3488 οὕτω
2296 3435 2391 3487 καὶ
2435 3435 2532 3504 τὴν
2586 3431 3028 3500 ἀναστοιχείωσιν
3073 3429 3180 3481 τῶν
3229 3427 3580 3480 συνεστώτων
3627 3429 3700 3490 εἰς

2117 3527 2215 3597 τὴν
2249 3525 2415 3596 αὑτὴν
2451 3527 2739 3592 ἀνάγοντες
2772 3522 3021 3591 δύναμιν,
3069 3522 3148 3581 εἰς
3184 3520 3332 3572 οὐδὲν
3363 3519 3469 3584 ἔξω
3497 3518 3596 3571 τοῦ
3625 3521 3700 3570 εξ-

2118 3620 2274 3681 κότος
2318 3617 2414 3682 τὴν
2459 3616 2638 3668 πίστιν
2672 3610 3120 3684 παραληψόμεθα.
3154 3608 3344 3661 Καίτοι
3383 3625 3445 3676 γε
3473 3608 3702 3661 δυνατὸν

2119 3711 2248 3773 ἴσως
2274 3706 2362 3780 ἦν,
2406 3706 2745 3778 εὑρεσιλογίᾳ
2773 3705 2879 3758 τινὶ
2924 3704 3048 3765 τοὺς
3087 3701 3216 3771 περὶ
3261 3700 3358 3769 τῆς
3402 3698 3537 3769 ὕλης
3581 3701 3705 3769 ὲρεσ

2120 3801 2441 3873 σχελοῦντας
2488 3802 2692 3861 πεῖσαι,
2741 3796 2815 3866 μὴ
2853 3795 3026 3848 δοκεῖν
3080 3793 3289 3863 ἐρήμην
3336 3788 3704 3860 κατατρέχειν

2117 3892 2209 3946 τοῦ
2243 3891 2419 3959 λόγου.
2968 3903 2970 3906 '

449 3997 557 4050 quo
606 3982 709 4036 hoc
750 3985 911 4037 etiam
954 3986 1106 4054 sequi
1151 4001 1375 4042 necesse
1412 3995 1518 4052 est,
1563 3990 1788 4056 perinde
1832 3999 1996 4060 atque
2053 3989 2347 4044 statuimus
2401 3986 2468 4040 ad
2507 3984 2588 4040 rei
2645 3997 2754 4038 non
2799 3977 3112 4035 exsistentis
3151 3975 3481 4031 creationem
3525 3974 3704 4030 solius

448 4069 646 4124 divinae
673 4072 966 4127 voluntatis
1003 4082 1319 4144 potestatem
1361 4075 1605 4131 sullicere
1638 4097 1651 4131 :
1697 4078 1772 4130 ita
1821 4079 1866 4132 si
1922 4094 2104 4133 rerum
2135 4079 2247 4148 jam
2279 4075 2625 4131 conditarum
2663 4071 3117 4128 instaurationem
3146 4069 3388 4137 ejusdem
3439 4068 3704 4136 potestati

446 4160 842 4231 relinquamus,
904 4164 1036 4218 nihil
1088 4182 1188 4220 nos
1241 4167 1385 4237 quod
1417 4183 1446 4221 a
1499 4184 1629 4222 vero
1679 4171 1989 4234 abhorreat,
2036 4171 2344 4224 credituros
2384 4184 2526 4223 esse.
2563 4171 2885 4234 Quanquam
2917 4163 3080 4218 etiam
3125 4159 3356 4214 fortasse
3390 4160 3643 4226 praestari
3675 4173 3706 4210 a

447 4253 606 4307 uobis
646 4263 843 4323 potest,
894 4264 952 4308 ut
995 4256 1340 4326 indagatione
1371 4260 1731 4326 quarumdam
1780 4261 2054 4313 rationum
2102 4260 2183 4314 eis
2225 4261 2318 4329 qui
2365 4259 2433 4312 de
2468 4257 2695 4312 materie
2738 4255 2841 4308 hoc
2879 4258 3039 4323 pacto
3079 4248 3438 4310 contendunt,
3478 4246 3707 4303 satisfa-

448 4347 677 4409 ciamus,
737 4362 803 4399 ne
835 4362 1062 4415 prorsus
1107 4349 1172 4402 de
1219 4350 1309 4402 illa
1363 4351 1497 4403 nihil
1538 4351 1723 4405 dicere
1769 4352 2011 4407 voluisse
2042 4353 2215 4407 videri
2254 4350 2548 4422 possimus.

1001 4459 1228 4514 CAPUT
1282 4460 1468 4514 XXIV.

452 4549 720 4617 Rcfutatio
757 4551 974 4604 illorum
1003 4553 1092 4620 qui
1122 4553 1291 4612 aiunt,
1315 4555 1587 4607 materiem
1619 4562 1667 4606 et
1693 4552 1861 4606 Deum
1882 4571 2016 4607 cow—

1072 4631 1221 4674 terna
1257 4640 1388 4677 εδδε.

519 4710 637 4765 Νοη
695 4713 839 4766 enim
890 4728 956 4764 ex
991 4728 1177 4766 earum
1235 4729 1418 4768 rerum
1462 4730 1710 4777 numero,
1757 4731 1880 4786 quze
1931 4730 2018 4769 res

452 4811 664 4862 ratione
711 4816 843 4862 sunt
885 4809 1244 4878 investigatae,
1281 4809 1517 4864 tollenda
1549 4822 1634 4865 est
1670 4811 1783 4866 haec
1814 4812 1881 4865 de
1902 4826 2018 4864 ma-

451 4901 589 4955 terie
657 4901 954 4967 sententia,
1001 4917 1123 4970 quae
1170 4901 1318 4955 illam
1357 4916 1388 4954 a
1431 4910 1626 4956 natura
1687 4911 1897 4956 secreta
1949 4902 2018 4956 ab

451 4993 600 5045 oinni
622 4993 867 5055 materie,
897 5000 951 5046 et
983 5008 1102 5062 quae
1129 4993 1244 5047 sola
1272 4994 1468 5048 mentis
1488 4993 1843 5063 intelligentia
1866 5007 2015 5046 com-

451 5083 828 5154 prehenditur,
861 5093 1037 5138 ortam
1059 5100 1181 5139 esse
1207 5084 1394 5139 tradit.
1422 5085 1611 5139 Omnis
1641 5100 1875 5154 namque
1898 5099 2018 5137 ma-

453 5176 618 5232 teries
665 5177 1022 5245 qualitatibus
1065 5177 1394 5246 quibusdam
1430 5173 1941 5244 przeditaest,queis
1970 5175 2016 5230 si

453 5270 634 5338 reipsa
671 5269 939 5338 privetur,
972 5284 1078 5322 non
1102 5268 1214 5336 jam
1255 5269 1489 5336 amplius
1524 5267 1736 5322 ratione
1763 5281 2013 5336 compre-

454 5359 617 5413 hendi
644 5362 860 5428 poterit.
885 5361 1046 5414 Ratio
1069 5359 1286 5429 quidem
1305 5359 1516 5428 species
1545 5359 1828 5428 qualitatis
1853 5374 2021 5428 quas-

456 5451 587 5504 libet
645 5466 898 5520 separare
942 5468 972 5506 a
1019 5452 1246 5506 materie
1290 5451 1536 5519 subjecta
1581 5459 1759 5520 potest
1808 5471 1820 5504 :
1883 5451 2023 5516 ratio

454 5551 634 5598 autem
684 5545 881 5599 mentis
930 5551 1013 5598 est
1053 5544 1275 5615 propria
1317 5543 1563 5607 qumdam
1608 5543 2020 5612 contemplatio,

458 5650 566 5688 non
618 5637 882 5705 corporis.
925 5637 1078 5701 Esto,
1130 5636 1364 5705 exempli
1424 5635 1617 5705 gratia,
1681 5636 2017 5705 propositum

459 5727 883 5783 cousiderationi
917 5735 1120 5783 nostra
1149 5729 1232 5782 vel
1267 5727 1466 5781 animal
1509 5727 1807 5797 quoddam,
1851 5727 1932 5781 vel
1957 5726 2019 5779 li-

2046 4467 2090 4520 ι)

2628 4457 3020 4512 ΚΕΦΑΛΑΙΟΝ
3062 4453 3186 4508 ΚΔ’.

2129 4556 2504 4622 Dirr/pf)an
2545 4551 2692 4618 πρός
2722 4549 2896 4622 ⁸τοὺςξ
2924 4548 3232 4622 λέγοντας,
3278 4548 3599 4602 συναΐδιον
3623 4548 3707 4604 εἷ-

2536 4617 2636 4675 ναι
2672 4619 2752 4684 τῷ
2784 4618 2905 4683 Θεῷ
2939 4618 3051 4684 τὴν
3086 4617 3269 4685 ὕλην.

2188 4718 2322 4770 Οὐδὲ
2353 4716 2461 4786 γὰρ
2491 4715 2594 4779 ἔξω
2632 4713 2740 4766 τῶν
2789 4710 2929 4764 κατὰ
2964 4709 3024 4762 τὺ
3051 4709 3342 4764 ἀκόλουθον
3375 4711 3708 4782 εὑρισκομέ-

2116 4826 2222 4862 νων
2257 4810 2289 4877 ἡ
2333 4807 2460 4878 περὶ
2501 4806 2599 4874 τῆς
2631 4804 2761 4873 ὕλης
2807 4802 3074 4872 ὑπόληψις
3113 4802 3384 4870 φαίνεται,
3425 4803 3459 4870 ή
3502 4803 3567 4854 ἐκ
3605 4803 3706 4855 τοῦ

2122 4900 2308 4970 νοητοῦ
2333 4916 2392 4952 τε
2413 4900 2507 4951 καὶ
2532 4897 2694 4950 ὰΰλου
2735 4897 2937 4964 ταύτην
2964 4893 3262 4962 ὑποστῆναι
3291 4893 3705 4963 πρεσϐεύουσαο

2123 4995 2299 5046 πᾶσαν
2323 4991 2432 5062 γὰρ
2461 4990 2762 5060 εὑρήσομεν
2812 4989 2874 5039 ἐκ
2917 4985 3210 5054 ποιοτήτων
3253 4984 3414 5036 τινῶν
3445 4985 3712 5036 συνεστῶο

2123 5102 2220 5138 σαν
2270 5083 2369 5153 τὴν
2418 5081 2569 5151 ὓλην,
2602 5074 2680 5150 ὧν.
2721 5080 2769 5130 εἰ
2827 5075 3134 5147 γυμνωθείη
3181 5074 3299 5126 καθ’
3342 5075 3566 5144 ἑαυτὴν,
3611 5075 3710 5126 οὑ-

2120 5175 2288 5246 δαμοῦ
2320 5174 2396 5244 τῷ
2440 5174 2582 5242 λόγῳ
2617 5172 3110 5240 καταληφθήσεται.
3149 5169 3307 5220 Ἀλλὰ
3340 5168 3446 5239 μὴν
3474 5168 3712 5221 ἕκαστον

2123 5266 2403 5334 ποιότητος
2452 5259 2589 5324 εἶδος
2637 5261 2777 5331 λόγῳ
2830 5260 2923 5311 τού
2976 5257 3330 5327 ὑποκειμένου
3386 5258 3708 5327 χωρίζεται.

2139 5358 2196 5410 Ὀ
2227 5357 2281 5409 δὲ
2306 5355 2462 5422 λόγος
2493 5355 2653 5423 νοητή
2681 5354 2764 5414 τίς
2801 5353 2933 5415 ἐστι,
2971 5352 3064 5404 καὶ
3100 5350 3218 5419 οὑχὶ
3252 5348 3538 5418 σωματικὴ
3571 5348 3714 5401 θεω-

2134 5448 2240 5518 ρία.
2277 5441 2420 5509 Οἴον,
2449 5444 2809 5515 προκειμένου
2841 5442 2977 5505 ζώου
3016 5441 3156 5503 τινὸς
3204 5439 3237 5510 ἢ
3289 5439 3445 5502 ξύλου
3472 5443 3543 5510 τῇ
3573 5438 3713 5492 θεω-

2134 5540 2244 5610 ρία,
2271 5539 2305 5608 ἤ
2337 5555 2481 5600 τινος
2506 5535 2664 5589 ἄλλου
2696 5535 2803 5586 τῶν
2830 5532 3016 5603 ὑλικὴν
3042 5531 3270 5601 ἐχόντων
3298 5530 3393 5600 τὴν
3423 5529 3712 5594 σύστασιν,

2129 5632 2299 5685 πολλὰ
2329 5631 2455 5701 περὶ
2481 5629 2541 5682 τὸ
2564 5626 2920 5697 ὑποκείμενον
2939 5628 3004 5695 τῇ
3027 5625 3146 5678 κατ’
3176 5624 3418 5677 ἐπίνοιαν
3442 5623 3714 5694 διαιρέσει

2129 5722 2552 5792 κατενοήσαμεν,
2595 5713 2669 5773 ὧν
2713 5718 2940 5771 ἑκάστου
2967 5715 3102 5785 πρὸς
3143 5715 3204 5768 τὸ
3236 5714 3714 5788 συνθεωρούμενον
