3886 6214
185 283 299 334 2ίὸ

1455 297 1541 350 DE
1583 297 1864 356 IIOMINIS
1901 302 2214 360 ONFICIO.

3345 305 3452 362 214

187 410 444 476 animus;
477 411 504 462 6
526 410 680 479 λόγος
713 410 846 482 ἔχει.
874 411 1098 483 Ἕτερος
1131 411 1240 483 γάρ
1285 415 1314 465 6
1345 413 1440 465 τοῦ
1467 415 1774 486 χρώματος»

1888 434 2084 488 gnum,
2135 420 2219 474 vel
2263 419 2393 489 quid
2441 419 2588 474 aliud
2640 420 2784 489 quod
2833 435 2901 475 ex
2949 419 3175 475 materie
3215 429 3450 476 constet.

185 499 289 548 καὶ
316 497 504 567 ἔτερος
542 499 635 551 τοῦ
667 499 864 572 βάρους
895 505 923 554 6
953 501 1128 570 λόγος,
1166 505 1194 555 6
1225 503 1322 572 τῆς
1353 504 1648 576 ποσότητος
1675 507 1780 560 πά-

183 593 296 653 λιν,
323 592 420 644 καὶ
458 595 488 645 6
519 593 618 662 τῆς
645 595 803 658 ποιᾶς
835 596 975 648 κατά
997 596 1093 666 τὴν
1124 596 1265 667 ἁφὴν
1300 597 1576 667 ἰδιότητος.
1611 599 1685 651 Ἥ
1719 616 1780 651 τε

181 683 301 753 γὰρ
350 685 659 756 μαλακότης
708 687 802 740 καὶ
843 687 904 740 16
948 687 1170 757 δίπηχυ,
1214 689 1305 740 καὶ
1355 688 1426 741 τὰ
1466 688 1628 742 λοιπά
1673 690 1779 743 τῶν

181 780 519 850 εἰρημένων,
553 779 675 832 οὔτε
705 779 974 849 ἀλλήλοις,
999 777 1124 831 οὔτε
1161 779 1240 849 τῷ
1276 778 1484 850 σώματι
1519 780 1656 833 κατὰ
1690 781 1780 832 τὸν

183 872 350 940 λόγον
387 872 741 943 συμφέρεται.
783 872 1043 925 Ἐκάστου
1072 871 1180 940 γὰρ
1215 870 1418 924 τούτων
1466 872 1616 934 ἴδιος,
1659 872 1782 926 καθ’

183 966 216 1015 ὃ
247 967 418 1024 ἐστιν,
443 966 473 1016 ὁ
505 965 894 1034 ὲρμηνευτικὸς
938 965 1062 1036 ὅρος
1116 966 1430 1028 ἐπινοεῖται,
1475 965 1626 1017 οὐδὲν
1669 967 1782 1018 ἐπι-

187 1055 469 1107 κοινωνῶν
494 1055 628 1127 ἄλλῃ
653 1057 758 1107 τινὶ
781 1054 886 1108 τῶν
911 1073 978 1106 πε
988 1056 1039 1123 ρί
1060 1055 1121 1106 τὸ
1153 1054 1508 1122 ὑποκείμενον
1551 1054 1781 1126 θεωρου-

193 1145 379 1212 μένων
417 1145 683 1214 ποιότητι.
735 1146 798 1197 Εἰ
852 1146 1030 1198 τοίνυν
1077 1145 1265 1215 νοητὸν
1318 1145 1415 1214 μὲν
1459 1145 1518 1198 τὸ
1561 1146 1778 1216 χρῶμα,

184 1235 360 1304 νοητὴ
410 1233 468 1286 δὲ
514 1237 608 1287 καὶ
648 1236 681 1304 ή
726 1235 1036 1295 ἀντιτυπία,
1084 1236 1178 1286 καὶ
1211 1235 1243 1304 ἡ
1280 1235 1532 1304 ποσότης,
1575 1236 1669 1288 καὶ
1711 1235 1780 1289 τὰ

183 1325 360 1377 λοιπὰ
389 1325 498 1376 τῶν
519 1324 775 1378 τοιούτων
820 1325 1146 1395 ἰδιωμάτων,
1170 1324 1400 1377 ἕκαστον
1425 1325 1482 1377 δὲ
1502 1325 1703 1379 τούτων
1731 1326 1780 1378 εἰ

183 1415 512 1488 ὑφαιρεθείη
566 1417 658 1470 τοῦ
716 1417 1112 1488 ὑποκειμένου,
1163 1421 1272 1481 πᾶς
1314 1420 1342 1470 6
1386 1417 1481 1470 τοῦ
1529 1415 1779 1488 σώματος

185 1508 565 1562 συνδιαλύεται
606 1509 762 1576 λόγος
785 1525 800 1540 ο
851 1509 1140 1562 ἀκόλουθον
1176 1508 1240 1563 ἂν
1275 1509 1385 1579 εἴη,
1429 1503 1503 1562 ὧν
1543 1509 1641 1579 τὴν
1668 1511 1778 1562 ἀπ-

182 1600 380 1651 ουσίαν
399 1600 501 1670 τῆς
521 1600 614 1652 τοῦ
651 1600 900 1669 σώματος
937 1600 1142 1662 λύσεως
1169 1601 1346 1654 αἰτίαν
1381 1600 1634 1671 εὕρομεν,
1658 1599 1780 1652 τού-

181 1707 298 1742 των
353 1690 454 1761 τὴν
502 1691 804 1762 συνδρομὴν
865 1693 1174 1746 ἀποτίκτειν
1228 1691 1326 1763 τὴν
1378 1690 1568 1762 ὑλικὴν
1616 1690 1776 1761 φύσιν

1884 511 2048 563 Multa
2096 512 2150 564 in
2211 511 2314 564 hoc
2360 511 2694 582 cogitatione
2749 518 2961 567 secreta
3008 511 3449 574 consideramus.

1882 617 2113 670 quorum
2138 603 2481 673 singulorum
2515 605 2657 658 ratio
2688 619 3036 676 nequaquam
3061 606 3206 660 inter
3236 622 3295 662 se
3321 623 3453 662 con-

1881 693 2147 748 funditur.
2202 695 2322 748 Alia
2377 696 2522 750 enim
2576 695 2802 761 coloris,
2856 697 2962 750 alia
3009 697 3290 766 ponderis,
3345 698 3452 751 alia

1882 786 2206 854 quantitatis
2246 786 2299 839 in
2336 795 2592 841 contactu
2639 794 2724 842 est
2763 787 2924 841 ratio.
2960 785 3095 842 Nam
3133 789 3453 855 mollitudo,

1882 878 2111 932 duorum
2138 878 2444 932 cubitorum
2475 878 2810 948 magnitudo,
2827 889 3027 934 cetera
3045 895 3168 949 quae
3192 880 3452 943 diximus,

1887 985 2063 1038 neque
2095 970 2238 1023 inter
2268 985 2327 1024 se
2363 977 2576 1034 mutuo,
2611 986 2790 1040 neque
2830 986 2952 1024 cum
2980 986 3210 1040 corpore
3245 987 3341 1041 per
3376 986 3458 1024 ra-

1881 1063 2086 1114 tionem
2107 1060 2486 1114 conferuntur.
2521 1061 2752 1131 Singula.
2771 1062 2942 1125 enim,
2975 1062 3048 1114 ita
3076 1070 3134 1114 ιιι
3155 1062 3461 1126 exsistunt,

1882 1154 2104 1224 propria
2134 1153 2368 1223 quadam
2395 1153 2643 1206 ﬁnitione
2674 1152 3021 1208 considerata
3049 1152 3462 1224 intelliguntur,

1880 1245 1970 1298 cui
2005 1245 2142 1298 nihil
2177 1252 2261 1299 est
2307 1259 2432 1298 cum
2481 1245 2843 1314 qualitatibus
2874 1245 2928 1298 in
2963 1258 3022 1298 re
3062 1244 3304 1313 subjecta
3346 1258 3451 1298 caa-

1881 1339 2014 1392 teris
2045 1352 2354 1392 commune.
2398 1336 2538 1407 Ergo
2584 1337 2631 1392 si
2683 1335 3166 1406 comprehenditur
3203 1351 3235 1389 a
3276 1345 3454 1390 mente

1880 1431 2067 1496 color,
2117 1430 2396 1494 soliditas,
2451 1431 2764 1499 quantitas,
2815 1430 3086 1484 attributa
3138 1429 3460 1499 hujusmodi

1880 1530 2097 1587 caetera,
2150 1537 2270 1590 quae
2317 1522 2532 1590 singula
2583 1523 2629 1576 si
2687 1522 2766 1576 rei
2809 1521 3076 1590 subjecta:
3116 1521 3456 1587 adimantur,

1880 1619 1995 1666 tota
2034 1613 2282 1682 corporis
2320 1613 2830 1676 ratiodissolvitur;
2870 1628 3001 1667 vero
3023 1613 3289 1666 nimirum
3313 1628 3452 1667 con~

1881 1712 2201 1759 sentanenm
2233 1703 2359 1764 erit,
2391 1718 2579 1757 earum
2615 1718 2799 1756 rerum
2833 1717 3164 1758 concursum
3199 1711 3460 1757 naturam

183 1783 618 1853 ὑπολαμϐάνειν.
658 1786 743 1846 Ὠς
779 1784 890 1856 γὰρ
916 1785 1013 1836 οὐκ
1043 1783 1156 1836 ἔστι
1185 1783 1367 1854 σῶμα,
1398 1779 1442 1851 ᾧ
1473 1784 1534 1836 τὸ
1557 1783 1776 1854 χρῶμα,

1888 1810 1946 1851 ex
1978 1795 2202 1848 materia
2231 1801 2574 1849 constantem
2600 1793 2849 1848 ellicere:
2875 1809 2997 1864 quae
3028 1809 3133 1850 res.
3158 1795 3202 1850 si
3241 1794 3458 1860 absint,

185 1874 285 1926 καὶ
311 1873 378 1926 16
403 1873 606 1943 σχῆμα,
639 1875 738 1926 καὶ·
764 1875 798 1944 ἡ
830 1871 1118 1927 ἀντιτυπία
1147 1872 1241 1925 καὶ
1282 1872 1316 1940 ή
1357 1871 1658 1933 διάστασις,
1687 1871 1782 1922 καὶ

185 1967 249 2018 16
285 1964 474 2035 βάρος,
498 1967 592 2020 καὶ
614 1966 681 2018 τὰ
702 1965 864 2018 λοιπά
901 1963 1008 2017 τῶν
1046 1964 1349 2034 ἰδιωμάτων
1374 1963 1435 2015 οὐ
1471 1961 1782 2032 πρόσεστιν,

185 2057 425 2110 ἕκαστον
453 2057 511 2109 δὲ
545 2057 748 2109 τούτων
797 2056 954 2126 σῶμα
1004 2056 1103 2108 οὑκ
1148 2055 1316 2116 ἔστιν,
1357 2054 1472 2106 ἀλλ’
1518 2053 1702 2124 ἕτερόν
1730 2069 1783 2105 τι

188 2148 352 2218 παρὰ
394 2147 459 2200 16
501 2147 681 2217 σῶμα,
732 2147 872 2200 κατά
913 2147 973 2199 16
1019 2144 1217 2210 ἰδιάζον
1263 2145 1612 2216 εὑρίσκεταιο
1641 2143 1786 2200 εὖτω

185 2241 338 2292 ’κατὰ
383 2240 446 2292 16
485 2240 856 2309 ἀντίστροφον,
886 2239 1018 2291 ὅπου
1047 2238 1091 2290 δ’
1135 2237 1200 2292 ἂν
1227 2237 1506 2308 συνδράμῃ
1543 2235 1614 2289 τὰ
1637 2237 1786 2306 εἰρη-

194 2331 357 2401 μένα,
386 2332 487 2391 τὴν
521 2329 832 2401 σωματικὴν
860 2329 1158 2383 ὑπόστασιν
1188 2327 1580 2398 ἀπεργάζεται.
1625 2325 1786 2380 Ἀλλά

193 2423 307 2492 μὴν
339 2424 389 2473 εἰ
423 2421 590 2492 νοητὴ
615 2419 723 2472 τῶν
760 2419 1062 2488 ἰδιωμάτων
1110 2418 1312 2472 τούτων
1355 2419 1388 2489 ἡ
1436 2417 1783 2488 κατανόησις,

185 2512 384 2582 νοητὸν
402 2513 460 2565 δὲ
488 2515 554 2582 τῇ
582 2511 742 2582 φύσει
771 2513 830 2564 16
867 2512 1021 2564 Θεῖον
1041 2527 1058 2542 ·
1099 2511 1251 2564 οὐδὲν
1295 2510 1541 2574 ἀπεικὸς,
1585 2511 1652 2563 ἐκ
1686 2510 1785 2579 τῆς

180 2605 487 2674 ἀσωμάτου
523 2605 738 2674 φύσεως
771 2603 871 2666 τὰς
901 2603 1096 2672 νοερὰς
1139 2602 1340 2666 ταύτας
1370 2602 1624 2673 ἀφορμὰς
1649 2599 1784 2671 πρὸς

178 2695 297 2766 τὴν
324 2695 432 2747 τῶν
470 2696 740 2766 σωμάτων
774 2695 986 2764 γένεσιν
1019 2695 1341 2762 ὑποστῆναι,
1380 2694 1480 2759 τῆς
1524 2693 1621 2762 μὲν
1663 2709 1786 2760 νοη-

179 2789 296 2857 τῆς
331 2787 542 2857 φύσεως
575 2787 674 2850 τὰς
702 2788 896 2858 νοητὰς
932 2785 1244 2856 ὑφεστώσης
1285 2785 1562 2854 δυνάμεις,
1594 2784 1694 2852 τῆς
1727 2782 1785 2834 δὲ

177 2878 400 2931 τούτων
424 2878 560 2949 πρὸς
580 2878 784 2947 ἄλληλα
812 2877 1115 2948 συνδρομῆς
1140 2877 1238 2948 τὴν
1260 2875 1433 2945 ὑλώδη
1461 2875 1620 2943 φύσιν
1643 2892 1784 2944 παρ-

180 2972 435 3041 αγούσης
472 2973 552 3034 εἰς
576 2971 811 3039 γένεσιν.
841 2969 1000 3022 Ἀλλά
1038 2967 1212 3021 ταῦτα
1249 2968 1346 3037 μὲν
1377 2967 1516 3019 κατά
1543 2968 1605 3020 16
1637 2966 1780 3037 πάρ-

179 3079 358 3134 εργον
395 3065 525 3132 ἡμῖν
568 3060 998 3132 παρεξετάσθω·
1049 3061 1181 3131 ἡμῖν
1223 3059 1282 3111 δὲ
1325 3058 1490 3113 πάλιν
1537 3059 1631 3111 ἐπὶ
1683 3059 1781 3128 τὴν

1883 1902 2085 1957 corpus
2119 1887 2346 1942 interire
2374 1888 2689 1943 videamus-
2712 1886 2848 1940 Nam
2891 1895 2960 1941 ut-
2983 1901 3182 1957 corpus
3206 1902 3315 1940 non
3344 1895 3459 1952 est,

1885 1980 2028 2050 quod
2071 1981 2274 2046 colore,
2324 1979 2522 2045 forma,
2568 1979 2866 2047 soliditate,
2916 1981 3112 2049 spatio,
3158 1981 3453 2049 gravitate,

1885 2072 2164 2126 attributis
2207 2071 2422 2128 caeteris
2462 2071 2748 2142 praeditum
2797 2085 2907 2125 non
2939 2080 3046 2134 est,
3075 2070 3220 2125 sicut
3251 2078 3306 2126 et
3337 2071 3457 2125 hac

1885 2166 2098 2234 singula
2129 2179 2333 2234 corpus
2362 2179 2471 2218 non
2506 2172 2656 2231 sunt,
2697 2179 2823 2218 cum
2868 2178 2898 2216 a
2941 2177 3170 2232 corpore
3205 2178 3460 2218 seorsum

1884 2257 2231 2313 considerata
2259 2257 2524 2326 distingui
2556 2259 2774 2327 possint
2801 2275 2815 2310 :
2851 2256 2932 2311 sic
2963 2271 2994 2310 e
3033 2254 3340 2320 contrario,
3361 2255 3458 2310 ubi

1884 2363 1948 2404 ea
1986 2365 2110 2418 qua:
2146 2349 2531 2404 recensuimus
2555 2355 2781 2414 coeunt,
2824 2362 3025 2417 corpus
3054 2347 3316 2402 constitui
3357 2361 3459 2404 ne-

1884 2454 2041 2496 cesse
2059 2449 2165 2496 est.
2190 2439 2399 2494 Horum
2417 2447 2600 2496 autem
2631 2442 2883 2512 corporis
2914 2439 3307 2494 attributorum
3324 2455 3460 2496 cono

1885 2535 2152 2591 sideratiov
2169 2535 2216 2588 si
2246 2537 2450 2590 mentis
2471 2533 2736 2590 facultate
2763 2535 2841 2597 ῆι,
2863 2549 2927 2588 ac
2948 2532 3044 2589 Dei
3071 2535 3235 2588 etiam
3259 2541 3471 2588 natura.

1883 2634 2069 2682 mente
2106 2635 2314 2681 tantum
2363 2625 2847 2697 comprehenditur
2881 2641 2896 2681 ι
2936 2642 3045 2681 non
3087 2626 3387 2680 abhorrens
3427 2638 3469 2678 a-

1885 2736 2014 2774 vero
2063 2721 2406 2776 censendum
2425 2729 2532 2786 est,
2563 2719 2608 2774 si
2642 2719 2889 2774 dicam-us
2922 2733 2953 2772 a
2985 2725 3180 2772 natura
3209 2716 3459 2786 corporis

1884 2817 2108 2878 experte
2151 2811 2283 2864 oriri
2330 2809 2602 2878 principia
2651 2809 2820 2862 menti
2860 2799 3228 2862 consentanea
3272 2821 3456 2876 posse,

1884 2902 1952 2956 de
1991 2902 2193 2971 quibus
2241 2899 2438 2955 deinde
2480 2914 2716 2970 corpora
2749 2899 3159 2954 constituantur
3203 2916 3216 2951 :
3261 2903 3460 2950 natura

1883 3010 2005 3063 qua:
2054 3004 2238 3048 mente
2280 2993 2604 3063 percipitur,
2659 2991 2948 3046 facultates
2990 2989 3095 3046 sibi
3142 2989 3461 3044 consimiles

1883 3086 2160 3142 excitante
2220 3103 2234 3140 :
2283 3099 2518 3154 quarum
2563 3082 2760 3139 deinde
2795 3097 3069 3138 concursu
3123 3093 3316 3136 mutuo
3345 3095 3459 3143 res,

181 3157 377 3207 πίστιν
422 3154 756 3208 ὲπανακτέον
792 3151 884 3204 τὸν
922 3151 1100 3221 λόγον,
1141 3151 1208 3205 δι’
1245 3145 1313 3222 ἦς
1358 3150 1422 3202 ἐκ
1474 3166 1529 3202 τε
1566 3152 1661 3203 τοῦ
1703 3150 1776 3221 μὴ

1888 3195 2000 3248 quae
2038 3195 2104 3234 ex
2138 3178 2367 3232 materie
2405 3184 2644 3242 constat,
2679 3178 2876 3232 oritur.
2917 3173 3121 3230 Verum
3155 3175 3272 3230 hac
3292 3173 3460 3227 animi

182 3253 348 3314 ὄντος
387 3251 686 3320 ὑποστῆναι
736 3249 798 3301 16
847 3249 956 3301 πᾶν
999 3245 1322 3318 ἐδεξάμεθα,
1359 3249 1453 3301 καὶ
1502 3246 1663 3300 πάλιν
1700 3247 1779 3306 εἰς

184 3341 364 3411 ἄλλην
402 3341 523 3394 τινὰ
568 3337 1101 3410 μεταστοιχειοῢσθαι
1141 3339 1474 3393 κατάστασιν
1504 3337 1655 3409 παρὰ
1679 3338 1778 3407 τῆς

184 3435 419 3506 Γραφῆς
449 3432 803 3504 διδαχθέντες,
837 3435 936 3487 οὑκ
962 3432 1394 3504 ἀμφιϐάλλομεν.

1878 3286 2045 3325 causa
2092 3278 2252 3324 extra
2282 3270 2591 3324 institutum
2638 3284 2668 3322 a
2709 3269 2869 3323 nobis
2904 3267 3234 3336 investigata
3278 3265 3461 3336 putari

1879 3363 2100 3416 debent.
2129 3361 2342 3416 Idcirco
2379 3360 2492 3431 jam
2521 3359 2829 3415 revocanda
2861 3359 3014 3414 illam
3045 3358 3112 3412 ad
3148 3357 3462 3428 persuasio—

1883 3469 2005 3507 nem
2044 3460 2130 3508 est
2179 3453 2377 3514 oratio,
2425 3467 2532 3521 qua
2572 3452 2640 3505 de
2682 3451 2856 3504 nihilo
2898 3449 3096 3505 factam
3127 3464 3248 3504 esse
3280 3463 3462 3503 rerum

186 3549 629 3614 universitatem,
653 3555 708 3603 et
731 3564 851 3604 eam
893 3548 1136 3603 vicissim
1161 3548 1219 3601 in
1241 3547 1410 3600 alium
1441 3552 1646 3602 statum
1669 3544 2113 3600 commutandam
2146 3559 2291 3612 esse,
2323 3551 2382 3598 ut
2420 3559 2487 3599 ex
2539 3544 2786 3598 doctrina
2821 3555 3098 3598 sacrarum
3134 3539 3461 3596 Litterarum

186 3646 534 3716 accepimus,
560 3647 633 3700 ita
652 3660 867 3700 omnem
899 3649 1050 3699 extra
1077 3641 1473 3697 dubitationem
1503 3642 1782 3711 ponimus.

708 3754 1104 3811 ΚΕΦΑΛΑΙΟΝ
1134 3757 1263 3809 KE'.

195 3875 325 3940 Πῶς
361 3873 437 3924 ἄν
466 3889 555 3937 τις
579 3871 676 3925 καὶ
718 3869 836 3923 τῶν
873 3871 1094 3940 ἐξωθεῖ
1137 3868 1504 3940 προσαχθείη
1535 3867 1782 3940 πισςτεῦ-

262 3937 372 3997 (fat
430 3941 504 4009 τῇ
554 3940 766 4009 Γραφῇ
820 3942 953 4009 περὶ
1009 3937 1120 4008 τῆς
1181 3937 1570 4002 ἀναστάσεως
1619 3937 1783 3990 διδα-

267 4015 537 4080 σκούσῃ.

287 4104 430 4156 Ἀλλ’
471 4105 600 4164 ἴσως
640 4119 725 4161 τις
769 4101 901 4172 πρὸς
936 4101 1006 4154 τὰ
1050 4100 1365 4154 διαλυθέντα
1411 4098 1637 4170 σώματα
1673 4097 1790 4169 βλέ-

197 4217 342 4259 πων,
369 4198 463 4249 καὶ
495 4194 627 4265 πρὸς
654 4193 713 4245 16
745 4193 938 4265 μέτρον
959 4194 1058 4263 τῆς
1081 4192 1214 4256 ἰδίας
1253 4192 1530 4261 δυνάμεως
1554 4191 1616 4243 16
1637 4190 1790 4244 Θεῖον

193 4290 423 4359 κρίνων,
460 4287 550 4338 16v
596 4286 696 4352 τῆς
735 4284 1080 4347 ἀναστάσεως
1123 4283 1279 4350 λόγον
1332 4282 1591 4336 ἀδύνατον
1633 4279 1771 4338 εἷναί

192 4395 353 4447 φησι,
379 4378 474 4428 καὶ
505 4373 794 4443 στήσεσθαι
823 4373 890 4425 τὰ
912 4371 1007 4425 νῦν
1029 4371 1341 4441 κινούμενα,
1367 4373 1460 4424 καὶ
1487 4372 1782 4440 ἀναστήσε-

193 4470 345 4523 σθαι·
373 4466 549 4520 τὰνῦν
578 4465 649 4534 μὴ
674 4463 965 4533 κινούμενα
995 4464 1068 4534 μὴ
1096 4461 1402 4531 ἐνδέχεσθαι
1425 4462 1616 4530 λέγων·
1636 4461 1788 4513 ἀλλ’ὁ

190 4561 442 4622 τοιοῦτος
476 4557 689 4628 πρῶτον
728 4556 824 4624 μὲν
863 4555 956 4606 καὶ
1001 4553 1254 4624 μέγιστον
1299 4552 1555 4604 ποιείσθω
1583 4552 1789 4621 τεκμή-

196 4670 316 4723 ριον
346 4650 448 4716 τῆς
481 4647 621 4701 κατά
649 4647 746 4717 τὴν
776 4648 1069 4700 ἀνάστασιν
1098 4643 1373 4714 ἀληθείας,
1399 4642 1460 4694 16
1491 4641 1585 4694 τοῦ
1617 4641 1788 4712 κηρύ-

193 4758 409 4810 γματος
461 4740 628 4809 αὑτῆς
665 4737 1008 4801 ἀξιόπιστονο
1045 4737 1078 4805 ἡ
1115 4735 1172 4787 δὲ
1221 4733 1325 4785 τῶν
1366 4733 1670 4802 λεγομένων
1702 4732 1790 4785 πί-

195 4851 314 4896 στις
349 4835 414 4883 ὲκ
443 4831 540 4901 τῆς
573 4831 679 4884 τῶν
707 4830 908 4882 λοιπῶν
933 4827 1040 4881 τῶν
1066 4826 1482 4899 προρρηθέντων
1511 4825 1787 4886 ἐκϐάσεως

192 4926 256 4978 16
280 4923 526 4993 ἀσφαλὲς
555 4922 686 4992 ἔχει.
725 4921 940 4992 Ἐπειδὴ
971 4919 1079 4990 γὰρ
1125 4919 1346 4981 πολλούς
1385 4936 1442 4970 τε
1472 4919 1566 4971 καὶ
1594 4935 1787 4969 παντο-

193 5017 403 5078 δαποὺς
435 5015 701 5085 παρέθετο
725 5013 915 5081 λόγους
941 5015 974 5083 ἡ
1007 5011 1126 5065 θεία
1155 5010 1362 5081 Γραφὴ,
1396 5008 1613 5062 δυνατόν
1640 5011 1787 5060 ἐστιν

194 5111 348 5170 ὅπως
370 5107 437 5160 ἂν
466 5107 562 5177 ἔχῃ
584 5105 811 5174 ψεύδους
831 5105 864 5177 ἥ
887 5103 1141 5176 ἀληθείας
1157 5104 1224 5158 τὰ
1245 5102 1404 5155 λοιπά
1432 5101 1538 5154 τῶν
1567 5103 1685 5170 εἰρη
1695 5098 1788 5169 μέ·

195 5219 305 5253 νων
330 5197 724 5267 θεασαμένους,
748 5196 812 5249 δι’
835 5196 1054 5249 ἐκείνων
1079 5195 1171 5248 καὶ
1193 5195 1254 5247 16
1281 5195 1409 5265 περὶ
1433 5193 1532 5264 τῆς
1552 5191 1787 5245 ἀναστά-

198 5307 342 5352 σεως
378 5289 558 5358 δόγμα
599 5288 950 5357 κατανοῆσαι.
998 5287 1060 5339 Εἰ
1097 5287 1194 5356 μὲν
1223 5287 1330 5355 γὰρ
1371 5286 1428 5338 ὲν
1469 5286 1580 5346 τοῖς
1609 5281 1788 5344 ἄλλοις

196 5381 420 5450 ψευδεῖς
446 5382 496 5432 οἱ
524 5379 692 5448 λόγοι,
724 5380 816 5432 καὶ
835 5378 1216 5448 διεσφαλμένοι
1238 5377 1334 5445 τῆς
1367 5372 1620 5444 ἀληθείας
1641 5373 1789 5440 ἐλέγ-

196 5489 408 5543 χονται,
433 5470 555 5522 οὑδὲ
575 5467 734 5520 τοῦτο
767 5467 982 5531 πάντως
1014 5466 1171 5529 ἐκτὸς
1200 5465 1428 5534 ψεύδους
1457 5465 1623 5518 ἐστίν.
1643 5465 1706 5517 Εἰ
1733 5463 1792 5515 δὲ

196 5565 266 5618 τὰ
288 5561 427 5616 ἄλὶα
459 5561 635 5614 πάντα
667 5558 1049 5630 μαρτυροῦσαν
1071 5557 1182 5629 ἔχει
1205 5560 1270 5628 τῇ
1298 5555 1523 5628 ἀληθείᾳ
1552 5555 1648 5628 τὴν
1678 5558 1794 5608 πεῖ-

204 5672 327 5724 ραν,
354 5651 650 5705 ἀκόλουθον
694 5649 759 5702 ἂν
791 5650 875 5722 εἴη
901 5651 969 5704 δι’
1001 5651 1224 5703 ἐκείνων
1266 5651 1359 5702 καὶ
1385 5650 1486 5718 τὴν
1537 5649 1662 5717 περὶ
1692 5648 1790 5718 τῆς

201 5738 560 5807 ἀναστάσεως
591 5741 895 5814 πρόρρησιν
937 5741 1111 5812 ἀληθῆ
1146 5741 1396 5811 νομίσαι.
1427 5738 1636 5793 Οὐκοῦν
1669 5741 1786 5792 ἐπι-

2447 3728 2679 3785 CAPUT
2723 3727 2892 3784 XXV.

1890 3857 2007 3923 Quo
2046 3866 2200 3922 pacto
2239 3857 2354 3924 quis
2384 3857 2540 3909 etiam
2577 3856 2782 3909 alienus
2827 3841 2874 3908 ad
2900 3853 3144 3909 doctrina
3189 3853 3460 3918 Ecclesia,

1960 3927 2128 3987 possit
2174 3925 2389 3988 adduci,
2434 3936 2491 3979 ut
2536 3926 2752 3980 Litteris
2793 3928 2989 3992 sacris,
3032 3925 3464 3979 resurrectionem

1959 4013 2024 4051 ex
2067 3998 2291 4052 mortuis
2340 3997 2452 4067 fore
2491 3997 2898 4065 aﬁirmantibus,
2940 3997 3100 4066 ﬁdem
3146 3994 3353 4048 habeat.

1958 4091 2160 4145 Verum
2204 4089 2372 4143 fuerit
2427 4088 2626 4158 aliquis
2663 4087 2920 4151 fortasse,
2967 4088 3059 4157 qui
3102 4102 3332 4158 corpora
3367 4101 3464 4157 per

1890 4180 2176 4234 interitum
2222 4178 2486 4247 dissipata
2515 4177 2899 4244 considerans,
2934 4185 2988 4232 et
3023 4193 3135 4233 suae
3177 4178 3466 4248 potestatis

1889 4271 2112 4325 modulo
2142 4271 2383 4324 divinam
2417 4271 2667 4332 metiens,
2709 4269 2972 4323 ﬁeri’non
3004 4285 3171 4340 posse
3198 4277 3372 4338 putet,
3406 4277 3465 4322 ut

1866 4365 1954 4416 'cx
1981 4364 2210 4417 mortuis
2231 4377 2606 4433 resnrgamus,
2639 4377 2704 4416 ac
2731 4379 2819 4418 res
2843 4377 2965 4432 quae
2999 4372 3284 4417 moventur
3308 4364 3465 4432 quie-

1895 4461 2077 4518 scant,
2099 4470 2330 4524 quaeque
2363 4471 2511 4509 nunc
2546 4463 2693 4510 motu
2717 4463 2928 4518 carent,
2959 4457 3292 4510 excitentur.
3323 4454 3465 4508 Huic

1892 4547 1944 4599 id
1975 4547 2212 4614 primum
2247 4555 2570 4616 argumento
2604 4548 2700 4611 sit,
2735 4547 2961 4601 omnino
2997 4546 3240 4601 futuram
3280 4561 3465 4602 resur-

1819 4663 1863 4717 υ
1893 4638 2190 4691 rectionem
2226 4657 2238 4692 :
2285 4637 2432 4708 quod
2473 4639 2804 4694 certissimis
2845 4646 2940 4694 est
2959 4639 3200 4693 oraculis
3234 4653 3296 4694 ea
3329 4653 3465 4708 prae»

1890 4729 2056 4796 dicta,
2098 4745 2219 4800 qua:
2255 4746 2382 4785 vera
2413 4747 2542 4786 esse
2567 4731 2636 4786 de
2665 4732 2768 4785 hoc
2801 4732 2966 4786 statui
2995 4738 3198 4801 potest,
3236 4731 3379 4801 quod
3411 4739 3466 4785 et

1893 4830 2090 4875 caetera
2161 4820 2252 4876 Dei
2303 4822 2558 4875 vaticinia
2613 4832 2846 4877 eventus
2899 4822 3022 4892 ipse
3068 4822 3461 4891 comprobavit.

1892 4909 2027 4962 Nam
2064 4927 2186 4964 cum
2231 4912 2399 4964 multa
2432 4913 2544 4966 sint
2591 4926 2656 4964 ac
2696 4911 2847 4965 varia
2886 4913 3058 4967 sacris
3087 4910 3466 4980 Litteris-pro-

1894 5003 2025 5064 dila,
2060 5002 2105 5054 si
2135 5017 2197 5056 ea
2217 5002 2300 5056 vel
2331 5001 2466 5055 falsa
2496 5003 2578 5056 vel
2611 5018 2736 5057 vera
2758 5019 2882 5060 esse
2903 5003 3422 5073 deprehenderimus
3447 5021 3461 5057 :

1893 5094 2079 5148 licebit
2111 5101 2165 5147 et
2193 5093 2261 5148 de
2290 5093 2714 5151 resurrectionis
2753 5095 3003 5150 doctrina
3052 5094 3276 5164 perinde
3302 5102 3466 5162 atque

1893 5185 1960 5238 de
1976 5186 2055 5239 eis
2088 5185 2426 5239 existimare.
2461 5186 2595 5238 Nam
2643 5186 2690 5242 si
2731 5194 2926 5240 caetera
2956 5186 3090 5239 falsa
3115 5193 3260 5250 sunt,
3285 5196 3465 5254 atque

1895 5291 1924 5328 a
1966 5278 2197 5329 veritate
2235 5276 2588 5330 abhorrentia
2621 5294 2636 5330 :
2666 5277 2830 5331 etiam
2864 5276 2979 5330 hate
3019 5274 3306 5330 mendacio
3353 5290 3461 5330 non

1894 5365 2119 5419 carebit.
2176 5364 2272 5420 Sin
2325 5367 2509 5419 omnia
2561 5381 2691 5419 vera
2750 5379 2893 5430 esse,
2953 5365 3073 5434 ipsa
3128 5362 3463 5434 experientia

1893 5463 2269 5517 testimonium
2317 5463 2670 5532 perhibente,
2721 5469 2986 5515 constat:
3033 5467 3462 5516 consentaneum

1895 5555 2108 5608 veritati
2145 5554 2311 5609 etiam
2347 5554 2450 5608 hoc
2479 5552 2546 5607 de
2578 5553 2982 5606 resurrectione
3011 5551 3332 5607 vaticinium
3365 5565 3464 5619 pu-

1896 5646 2119 5700 tandum
2151 5646 2275 5700 erit.
2317 5643 2656 5699 Revocemus
2682 5656 2812 5711 ergo
2856 5642 3014 5696 nobis
3047 5642 3104 5696 in
3142 5641 3464 5698 memoriam

1899 5753 2064 5792 unum
2107 5746 2270 5808 atque
2308 5737 2538 5792 alterum
2585 5750 2666 5791 ex.
2686 5735 2778 5803 iis,
2826 5748 2947 5806 quae
2997 5742 3122 5791 ante
3159 5741 3289 5788 sunt
3331 5727 3468 5782 divi—
