3886 6214
427 291 533 345 215

1667 285 1725 342 S.
1752 285 2077 343 GREGORII
2133 283 2426 339 NYSSENI

3553 269 3656 326 2l6

428 407 580 459 nitus
633 403 981 469 denuntiata,
1041 410 1096 457 et
1144 409 1338 458 eventa
1385 415 1509 457 cum
1547 403 1990 473 praedictionibus

2105 400 2419 472 μνησθῶμεν
2453 397 2570 458 ἐνὸς
2599 394 2632 464 ἢ
2663 394 2803 446 δυοῖν
2835 391 2944 444 τῶν
2965 384 3547 461 προκατηγγελμένων,
3567 385 3663 438 καὶ

427 496 794 557 conferamus.
826 505 886 549 ιιι
913 511 980 550 ex
1024 495 1133 550 illis
1172 509 1591 564 cognoscamus,
1622 511 1856 550 verusne
1885 497 1988 549 hac

430 590 592 643 etiam
645 589 704 643 in
752 596 906 658 parte
949 587 1170 643 divinus
1212 603 1392 643 sermo
1443 589 1514 642 sit
1565 587 1986 642 existimandus.

428 680 563 745 Quis
588 690 673 737 est
695 680 787 750 qui
811 679 1038 744 nesciat,
1069 694 1230 749 quam
1260 677 1389 731 olim
1423 678 1847 732 lsraeliticorum
1884 691 1986 730 na-

429 771 506 824 tio
561 786 740 825 rerum
793 771 1038 824 omnium
1087 771 1258 839 c0piis
1312 768 1594 835 ﬂoruerit,
1645 783 1768 823 cum
1826 768 1991 823 etiam

430 863 692 918 adversus
724 863 872 917 orbis
918 862 1146 932 imperia
1175 868 1369 916 extera
1400 859 1797 928 consurgeret?
1827 874 1991 928 quam

430 956 689 1025 praeclara
734 954 1128 1024 Hierosolymis
1156 962 1313 1008 erant
1343 952 1578 1021 palatia?
1607 950 1847 1004 muenia?
1875 959 1992 1004 tur-

431 1047 561 1102 res?
580 1061 701 1116 qua:
729 1047 916 1115 templi
941 1044 1382 1115 magniﬁcentia?
1405 1044 1552 1112 ipsos
1582 1039 1796 1094 Domini
1835 1041 1994 1095 disci-

431 1139 589 1208 pulos
650 1140 760 1193 haac
813 1138 1174 1192 admiratione
1223 1135 1384 1206 digna
1427 1135 1712 1189 censuisse
1754 1141 1988 1188 constat.

430 1227 564 1282 Nam
615 1229 850 1298 quodam
893 1226 1071 1282 alTecti
1131 1234 1353 1294 stupore
1404 1225 1473 1281 de
1529 1226 1723 1279 horum
1765 1225 1990 1292 intuitu,

432 1318 722 1373 Dominum
779 1319 942 1374 etiam
983 1318 1070 1372 bis
1118 1317 1299 1372 verbis
1353 1317 1418 1370 ad
1480 1315 1990 1384 contemplationem

431 1412 754 1476 invitat-unt,
802 1409 1254 1480 quemadmodum
1288 1416 1372 1465 est
1411 1422 1567 1462 sacro
1615 1407 1669 1462 in
1703 1407 1994 1476 Evangelio

431 1502 702 1571 proditum
743 1519 757 1556 :
801 1519 818 1551 ι
850 1499 1060 1566 Quanta
1099 1501 1214 1555 inec
1239 1515 1403 1568 opera
1429 1505 1576 1562 sunt,
1601 1509 1820 1567 quantae
1845 1512 1992 1551 Stru-

431 1599 601 1646 cturae
641 1590 685 1622 ⁸⁵
711 1590 1036 1645 Ιιῡοιιιὶιιυε
1069 1599 1248 1644 autem
1293 1596 1346 1644 et
1380 1587 1497 1642 fore
1524 1589 1620 1641 illo
1647 1587 1702 1641 in
1751 1587 1872 1640 loco
1901 1602 1995 1641 va-

432 1689 573 1736 stam
592 1677 940 1736 solitudinem
964 1678 1323 1745 demonstrat,
1342 1689 1395 1734 et
1410 1679 1734 1750 elegantiam
1755 1685 1997 1733 structu-

2090 491 2545 564 ἀντιπαραθῶμεν
2570 490 2682 550 τοῖς
2711 483 3066 557 προρρηθεῖσι
3103 484 3200 552 τὴν
3230 480 3452 534 ἔκϐασιν
3473 519 3487 543 ,
3519 477 3661 531 ὥστε

2090 585 2289 656 γνῶναι
2316 586 2383 638 δι’
2413 582 2610 645 αὐτῶν,
2639 582 2687 634 εί
2713 579 2846 650 πρὸς
2881 577 2978 648 τὴν
3001 575 3256 646 ἀλήθειαν
3284 575 3313 625 ὁ
3343 572 3499 640 λόγος
3537 569 3660 640 βλέ-

2090 696 2200 732 πει.
2243 677 2338 740 Τίς
2388 676 2487 728 οὐκ
2534 673 2672 726 οἶδεν
2709 672 2855 733 ὅπως
2888 669 3038 740 ἧνθει
3071 665 3210 720 κατά
3254 664 3316 718 τὸ
3359 666 3587 735 ἀρχαῖον
3635 662 3666 714 ό

2102 767 2438 840 Ὶσραηλῖτης
2465 763 2612 827 λαὸς,
2649 763 2849 824 πάσαις
2880 763 3001 824 ταῖς
3029 757 3172 812 κατά
3214 755 3312 828 τὴν
3338 755 3665 822 οἰκουμένην

2089 861 2425 922 δυναστείαις
2449 855 2925 926 άντεγειρόμενος;
2954 846 3040 904 οἷα
3060 847 3127 920 ἦν
3151 849 3219 902 τὰ
3249 847 3491 918 βασίλεια
3522 843 3668 898 κατά

2090 955 2186 1024 τὴν
2207 951 2315 1004 τῶν
2344 952 2408 1002 Ίε
2419 947 2604 1020 ροσολύ
2613 965 2728 1017 μων
2751 946 2903 997 πόλιν
2921 961 2934 1007 ;
2952 937 3039 996 οἶα
3067 942 3136 996 τὰ
3153 941 3305 1011 τείχη
3324 940 3407 1005 ;,οἱ
3426 939 3663 1008 πύργοις

2091 1048 2125 1115 ή
2159 1043 2250 1096 τοῦ
2293 1041 2441 1113 ἱεροῦ
2495 1037 2894 1110 μεγαλουργίας
2942 1036 3083 1106 άπερ
3121 1033 3358 1094 καὶτοῖς
3393 1029 3669 1101 μαθηταῖς

2090 1132 2184 1186 τοῦ
2220 1131 2422 1202 Κυρίου
2465 1129 2590 1194 ἄξια
2624 1126 2898 1196 θαύματος
2935 1122 3213 1193 ἐνομίσθη,
3259 1120 3355 1174 καὶ
3381 1118 3668 1172 κατανοεῖν

2095 1222 2309 1289 ἀξιοῦσι
2337 1221 2427 1276 τὸν
2456 1220 2681 1290 Κύριον,
2709 1213 3094 1284 θαυμαστικῶς
3121 1211 3337 1284 περὶτὰ
3365 1208 3672 1279 φαινόμενα

2092 1313 2423 1375 διατεθέντες
2442 1352 2457 1377 ,
2487 1311 2563 1373 ὠς
2590 1311 2624 1379 ἡ
2660 1306 2753 1361 τοῦ
2783 1305 3112 1374 Εὑαγγελίου
3139 1302 3346 1374 ἱστορία
3372 1301 3551 1371 δηλοῖ,
3583 1296 3671 1348 λέ-

2093 1422 2281 1475 γοντες
2308 1403 2442 1475 πρὸς
2473 1401 2633 1455 αὐτόν
2659 1417 2673 1432 ·
2709 1418 2727 1450 ι
2778 1397 3006 1452 Ποταπά
3031 1395 3098 1448 τὰ
3129 1394 3262 1465 ἔργα
3306 1392 3400 1446 καὶ
3428 1388 3678 1444 ποταπαὶ

2095 1500 2150 1552 αἱ
2182 1495 2499 1565 οἰκοδομαὶί
2538 1513 2556 1544 ι
2600 1493 2629 1544 ὁ
2673 1491 2728 1544 δὲ
2767 1489 2865 1560 τὴν
2899 1489 3164 1558 ἐσομένην
3207 1485 3336 1554 περὶ
3373 1483 3462 1536 τὸν
3503 1482 3675 1534 τόπον

2096 1589 2405 1658 ἐρήμωσιν,
2439 1585 2533 1636 καὶ
2581 1583 2670 1635 τὸν
2708 1579 3012 1651 ἀφανισμὸν
3051 1575 3145 1630 τοῦ
3197 1574 3423 1636 κάλλους
3457 1570 3676 1624 ἐκείνου

2097 1678 2231 1746 πρὸς
2256 1678 2381 1738 τοὺς
2407 1673 2469 1726 τὸ
2499 1672 2671 1742 παρὸν
2703 1667 3081 1741 θαυμάζοντας
3105 1663 3463 1727 ὑποδείκνυσι,
3493 1661 3677 1728 λέγων

433 1787 508 1828 rae
553 1773 864 1828 universam
897 1772 977 1827 sic
1015 1772 1355 1827 interituram
1404 1787 1546 1835 esse,
1583 1780 1643 1825 ut
1674 1785 1784 1825 non
1824 1771 1996 1825 multo

2105 1768 2264 1838 μηδὲν
2296 1767 2404 1820 τῶν
2432 1765 2772 1834 φαινομένων
2805 1761 2920 1832 μετ’
2948 1759 3124 1827 ὀλίγον
3157 1752 3678 1823 ὑπολειφθήσεσθαι.

433 1871 560 1934 post
587 1864 653 1919 de
675 1863 740 1918 iis
766 1877 889 1932 quae
920 1870 1031 1917 tum
1061 1863 1532 1933 conspicerentur,
1560 1862 1690 1916 nihil
1725 1862 1995 1932 reliquum

435 1956 552 2012 fore
583 1956 917 2026 praediceret.
961 1955 1108 2012 Idem
1140 1955 1388 2024 supplicii
1441 1956 1529 2011 sui
1576 1963 1840 2025 tempore,
1871 1969 1995 2009 cum

434 2047 691 2104 mulieres
737 2046 1013 2102 nonnullas
1059 2053 1351 2115 sequentes
1393 2045 1609 2118 ipsum,
1661 2061 1786 2102 esse
1832 2046 1998 2100 latam

436 2138 697 2207 injustam
743 2137 1004 2194 adversus
1042 2137 1386 2192 innocentem
1436 2137 1759 2192 sententiam
1791 2136 2000 2191 lamen-

437 2217 604 2284 tando
655 2235 1017 2298 quererentur
1055 2245 1067 2281 :
1115 2227 1315 2298 quippe
1355 2228 1501 2297 quod
1545 2227 1777 2284 necdum
1827 2227 1999 2282 divini

436 2321 674 2382 consilii,
717 2336 827 2390 quo
865 2319 1058 2375 istbazc
1089 2317 1308 2385 ﬁebant,
1347 2334 1542 2373 causas
1578 2319 1949 2388 perspicerent
1981 2336 1994 2371 :

436 2427 592 2467 suam
618 2411 836 2481 quidem
861 2419 1061 2465 sortem
1091 2420 1147 2465 ut
1175 2410 1397 2466 minime
1419 2409 1763 2480 deplorarent
1793 2418 1997 2475 monet,

437 2518 598 2572 quam
636 2503 908 2573 deplorari
957 2503 1037 2558 fas
1065 2517 1175 2557 non
1214 2518 1336 2558 esse
1374 2520 1386 2556 :
1419 2502 1669 2570 querelas
1705 2509 1884 2557 autem
1923 2501 2000 2554 la-

439 2604 726 2666 mentaque
749 2595 1029 2651 differrent
1047 2596 1100 2650 in
1133 2596 1263 2649 illud
1289 2603 1502 2665 tempus
1533 2595 1680 2664 quod
1704 2603 1851 2649 esset
1876 2609 2001 2649 vere

440 2688 698 2759 lacrymis
719 2687 1074 2751 destinatum,
1103 2703 1212 2758 quo
1240 2688 1426 2742 urbem
1459 2687 1747 2742 obsidione
1769 2687 2000 2741 cincturi

437 2778 642 2843 hostes,
695 2787 749 2834 et
789 2780 1148 2850 oppugnaturi
1187 2789 1370 2834 essent
1401 2779 1448 2810 “
1481 2798 1494 2833 :
1523 2778 1792 2849 ejusmodi
1840 2779 2000 2834 mise-

438 2871 536 2926 riis
558 2871 830 2925 nationem
856 2871 1280 2927 lsraeliticorum
1307 2872 1447 2926 serie
1463 2871 1722 2926 continua
1735 2870 2003 2940 excipien-

440 2961 610 3026 tibus,
643 2968 703 3016 ut
733 2959 917 3018 felices
953 2963 1298 3032 praedicaturi
1339 2964 1449 3018 sint
1485 2978 1581 3017 eos
1624 2963 1716 3032 qui
1760 2961 2000 3018 sobolem

439 3053 642 3107 nullam
665 3063 1066 3122 procreassent.
1091 3054 1171 3109 Ac
1201 3054 1382 3109 verbis
1405 3053 1623 3124 quidem
1648 3054 1774 3120 illis,
1800 3053 2001 3123 quibus

439 3144 558 3199 fore
585 3145 938 3208 vaticinatur,
980 3155 1041 3200 ut
1073 3161 1138 3202 eo
1168 3155 1413 3218 tempore
1440 3146 1678 3203 sterilem
1711 3148 1893 3201 alvum
1923 3144 2000 3200 fe—
2026 3125 2068 3181 (ἶ

438 3237 601 3290 licem
649 3237 761 3290 sint
801 3237 1166 3294 existimaturi
1210 3259 1222 3292 :
1271 3238 1520 3308 equidem
1558 3237 1787 3294 indicari
1821 3244 2004 3291 statuo

438 3326 634 3394 ingens
674 3326 807 3381 illud
857 3327 1104 3384 mulieris
1153 3329 1450 3399 piaculum,
1490 3343 1610 3398 quae
1661 3329 1755 3382 ﬁlii
1807 3328 1891 3384 sui
1945 3343 2005 3382 se

441 3419 704 3474 carnibus
741 3427 1091 3475 exsaturasse
1126 3421 1377 3474 traditur.
1415 3419 1517 3476 Ubi
1561 3435 1695 3490 ergo
1728 3435 1875 3474 nunc
1915 3419 2006 3473 illa

440 3510 700 3580 praeclara
749 3511 984 3580 palatia!
1028 3514 1117 3566 ubi
1151 3513 1451 3582 templum?
1479 3513 1572 3568 ubi
1620 3512 1860 3567 mmnia?
1911 3511 2004 3566 ubi

441 3599 677 3653 turrium
707 3600 1259 3669 propugnacula?ubi
1312 3592 1678 3649 israelitarum
1737 3596 2007 3667 respubli-

441 3689 542 3743 ca?
573 3704 640 3744 an
669 3705 776 3744 non
806 3704 928 3746 esse
953 3691 1077 3745 illos
1107 3706 1205 3761 per
1231 3692 1416 3746 orbem
1447 3707 1613 3763 prope
1636 3692 1862 3746 dixerim
1889 3689 2009 3744 uni-

441 3791 660 3832 versum
710 3793 934 3850 Sparsos
978 3780 1262 3835 videmus?
1306 3794 1372 3833 an
1417 3796 1521 3835 non
1554 3796 1662 3834 una
1706 3795 1829 3833 cum
1874 3779 2007 3846 ipsis

441 3883 632 3924 eversa
658 3870 854 3938 palatia
875 3871 1038 3925 sunt?
1071 3872 1148 3925 Ac
1181 3871 1310 3924 mihi
1347 3872 1564 3940 quidem
1599 3873 1712 3924 hazc
1745 3868 2007 3924 Dominus

443 3975 553 4015 non
571 3961 811 4031 ipsarum
830 3977 1009 4016 rerum
1027 3978 1191 4019 causa
1207 3963 1520 4033 praedixisse
1535 3961 1767 4028 videtur,
1792 3962 2009 4031 quando

443 4052 583 4106 nihil
615 4053 852 4108 habituri
888 4053 1170 4110 auditores
1185 4055 1539 4110 emolumenti
1557 4065 1796 4108 erantex
1820 4053 2010 4122 praedi-

2111 1859 2268 1912 ’Δλλά
2295 1858 2392 1912 καί⁵
2422 1855 2573 1927 παρά
2601 1855 2692 1908 τὸν
2719 1851 2814 1906 τοῦ
2849 1849 3051 1912 πάθους
3089 1846 3277 1918 καιρὸν
3301 1886 3316 1909 ,
3349 1847 3404 1898 αἱ
3439 1843 3538 1914 μὲν
3574 1858 3681 1910 γυ-

2097 1955 2280 2015 ναῖκες
2308 1947 2703 2020 ἐπηκολούθουν
2736 1943 3030 2016 θρηνοῦσαι
3065 1941 3161 2011 τὴν
3194 1938 3376 1992 ἄδικον
3405 1935 3493 1988 ἐπ’
3524 1930 3682 2003 αὐτῷ

2097 2045 2276 2116 ψῆφον
2300 2062 2313 2074 ”
2352 2041 2506 2096 οῧπω
2555 2040 2664 2112 γὰρ
2702 2040 2780 2102 εἰς
2828 2037 2926 2108 τὴν
2970 2034 3079 2088 τῶν
3132 2031 3431 2102 γινομένων
3468 2029 3684 2080 οίκονο-

2102 2137 2227 2208 μίαν
2259 2133 2582 2188 ἀπέϐλεπονο
2623 2134 2652 2184 ὁ
2677 2131 2736 2184 δὲ
2777 2126 3131 2198 συμϐουλεύει
3172 2121 3242 2176 τά
3277 2122 3374 2192 μὲν
3421 2116 3684 2208 περὶαύ-

2097 2207 2189 2282 τὸν
2219 2227 2476 2296 γινόμενα
2504 2223 2713 2293 σιωπᾷν
2740 2237 2754 2251 ⁸
2785 2219 2918 2291 μηδὲ
2943 2218 3048 2287 γὰρ
3077 2211 3213 2269 εἶναι
3241 2210 3491 2282 δακρύων
3521 2207 3681 2272 ἀξια-

2101 2316 2426 2388 ὑπερθέσθαι
2463 2314 2522 2367 δὲ
2557 2314 2648 2366 τὸν
2686 2310 2918 2382 όδυρμὸν
2956 2307 3050 2361 καὶ
3101 2306 3192 2358 τὸν
3224 2303 3420 2376 θρῆνον
3463 2300 3543 2362 είς
3582 2297 3685 2350 τὸν

2101 2409 2274 2479 ἀληθῆ
2316 2408 2423 2460 τῶν
2474 2404 2724 2475 δακρύων
2768 2400 2994 2472 καιρὸν,
3036 2399 3166 2451 ὅταν
3213 2390 3510 2464 περισχεθῇ
3564 2391 3683 2479 τοῖς

2102 2478 2477 2570 πολιορκοῦσιν
2504 2499 2537 2567 ἡ
2571 2495 2745 2558 πόλις,
2771 2495 2867 2547 καὶ
2895 2493 2973 2554 είς
3005 2485 3256 2541 τοσοῦτον
3286 2482 3512 2552 συνοχῆς
3544 2478 3679 2548 ἔλθῃ

2099 2593 2168 2646 τὰ
2202 2591 2370 2660 πάθη,
2409 2589 2484 2652 ὼς
2517 2589 2848 2658 μακάριστον
2884 2580 3132 2652 ἡγεῖσθαι
3173 2578 3264 2630 τὸν
3307 2575 3381 2645 μὴ
3405 2571 3682 2641 γεννώμεο

2102 2702 2208 2738 νον.
2252 2683 2339 2734 Ἐν
2365 2678 2446 2742 οἷς
2479 2679 2573 2732 καὶ
2601 2679 2662 2730 τὸ
2701 2675 2828 2746 περὶ
2867 2673 2962 2744 τὴν
3002 2667 3337 2745 τεκνοφάγον
3369 2663 3680 2735 προεμήνυ·

2105 2793 2194 2828 σεν
2231 2772 2382 2841 ἄγος,
2414 2770 2583 2822 εἰπὼν
2620 2761 3121 2838 μακαρισθήσεσθαι
3158 2757 3302 2812 κατὰ
3333 2754 3429 2816 τὰς
3463 2751 3680 2821 ἡμέρας

2101 2865 2315 2926 ἐκείνας
2355 2863 2454 2934 τὴν
2484 2860 2724 2930 γαστέρα
2758 2858 2856 2926 τὴν
2886 2856 3098 2923 ἄγονον.
3133 2849 3244 2904 Ποῦ
3283 2847 3459 2900 τοίνυν
3493 2844 3680 2895 ἐκεῖνα

2101 2958 2171 3010 τὰ
2202 2931 2480 3027 βασίλεια;
2514 2951 2615 3004 ποῦ
2645 2950 2704 3002 τὸ
2737 2948 2916 3019 ίερόνς
2949 2944 3050 2998 ποῦ
3098 2941 3168 2996 τὰ
3209 2940 3399 3008 τείχη;
3434 2933 3544 3027 ποῦ
3577 2931 3681 2985 τῶν

2105 3024 2327 3116 πύργων
2357 3045 2412 3096 αἱ
2434 3040 2726 3113 προϐολαῖς
2754 3038 2856 3090 ποῦ
2881 3036 2937 3088 δὲ
2958 3037 2990 3104 ή
3013 3033 3119 3086 τῶν
3152 3025 3496 3101 Ἰσραηλιτῶν
3519 3024 3680 3116 Euva-

2107 3115 2287 3200 στεία;
2333 3136 2430 3204 οὐχ
2479 3137 2528 3186 oi
2559 3134 2656 3203 μὲν
2701 3128 2840 3184 κατὰ
2885 3129 3062 3180 πᾶσαν
3108 3119 3301 3193 μικροῦ
3333 3118 3438 3170 δεῖν
3465 3115 3567 3185 τὴν
3611 3115 3686 3166 οξ-

2107 3228 2378 3298 κουμένην
2407 3226 2562 3288 ἀλλος
2597 3222 2802 3291 ἀλλαχῆ
2832 3217 3231 3287 διεσπάρησαν;
3271 3213 3338 3282 τῇ
3383 3209 3439 3261 δὲ
3477 3205 3685 3298 τούτων

2108 3296 2459 3391 καταστροφῇ
2486 3335 2616 3387 συνη
2627 3313 2864 3384 ρειπώθη
2895 3312 2988 3364 καὶ
3007 3308 3076 3362 τὰ
3095 3305 3370 3378 βασίλεια;
3399 3299 3554 3352 Δοκεῖ
3579 3296 3687 3391 γάρ

2111 3431 2201 3486 μοι
2230 3387 2523 3465 ταῦτακαὶ
2559 3406 2629 3460 τὰ
2653 3404 2875 3458 τοιαῦτα
2903 3398 3251 3473 προμηνῦσαι
3286 3395 3319 3486 ό
3360 3391 3560 3486 Κύριος
3581 3429 3597 3453 ,

2107 3476 2215 3554 τῶν
2269 3497 2605 3569 πραγμάτων
2647 3493 2806 3564 χάριν
2865 3489 2955 3560 (τί
2999 3489 3105 3558 γὰρ
3153 3482 3404 3538 τοσοῦτον
3453 3476 3518 3550 ἦν
3572 3478 3692 3569 τοῖς

2109 3566 2361 3646 ἀκούουσι
2405 3587 2591 3658 κέρδος
2617 3585 2726 3636 τῶν
2768 3583 2984 3643 πάντως
3026 3573 3409 3646 ἐκϐησομένων
3447 3571 3480 3638 ἡ
3513 3566 3692 3658 πρόρ-

2111 3688 2298 3754 ῥησιςς
2331 3657 2572 3749 ἔγνωσαν
2603 3677 2710 3746 γὰρ
2736 3675 2802 3729 ἂν
2829 3676 2894 3744 τῇ
2931 3671 3115 3742 πείρᾳ,
3146 3667 3241 3720 καὶ
3271 3666 3345 3736 μὴ
3376 3657 3694 3754 προμαθόν-

2106 3751 2196 3839 τες
2247 3775 2309 3827 τὸ
2346 3769 2768 3843 γενησόμενον),
2803 3766 2916 3820 ἀλλ’
2955 3763 3093 3816 ὥστε
3126 3759 3215 3813 διὰ
3255 3756 3458 3810 τούτων
3503 3751 3693 3843 αὐτοῖς

2115 3869 2208 3922 καὶ
2242 3866 2338 3937 τὴν
2383 3865 2511 3936 περὶ
2547 3861 2654 3916 τῶν
2696 3859 2954 3931 μειζόνων
3007 3855 3188 3907 πίστιν
3231 3851 3311 3912 εἰς
3360 3841 3692 3900 ἀκολουθίαν

2113 3933 2307 4013 ὲλθεῖνξ
2347 3957 2410 4010 Ἢ
2437 3933 2542 4027 γάρ
2575 3956 2632 4006 ὲν
2664 3951 2873 4013 τούτοις
2903 3946 2991 4000 διὰ
3027 3944 3136 3998 τῶν
3170 3941 3344 4011 ἔργων
3378 3933 3650 4008 μαρτυρία
3670 3969 3691 3995 ,

2113 4052 2205 4106 καὶ
2234 4051 2332 4121 τῆς
2359 4051 2416 4102 ἐν
2445 4048 2670 4109 ἐκείνοις
2701 4042 2953 4114 ἀληθείας
2977 4040 3123 4093 ἐστὶν
3147 4033 3434 4099 ἀπόδειξις.

441 4142 660 4198 catione
686 4159 1046 4213 rerum,quas
1062 4152 1353 4199 eventuras
1390 4152 1540 4198 certo
1569 4144 1655 4200 vel
1687 4144 1804 4215 ipsa
1818 4119 2146 4212 experientia
2190 4119 2460 4210 cognituri
2491 4135 2784 4206 aliquando
2807 4137 3015 4193 essent,
3037 4129 3200 4183 etiam
3242 4141 3348 4179 non
3369 4119 3692 4215 praadictas,

444 4236 540 4291 sed
572 4244 636 4320 ut
667 4251 732 4292 ex
761 4236 846 4292 his
885 4212 1051 4307 porro
1077 4239 1488 4308 persuasionem
1517 4212 1806 4310 quamdam
1862 4235 2062 4291 animis
2101 4251 2289 4290 eorum
2308 4234 2374 4288 de
2387 4233 2552 4288 rebus
2569 4231 2739 4286 multo
2755 4225 3115 4298 amplioribus
3131 4216 3510 4276 inderet.Nam
3535 4212 3694 4285 quod

443 4326 639 4382 horum
659 4328 839 4382 exitus
859 4328 1199 4398 pradictioni
1217 4331 1519 4400 respondit,
1540 4332 1704 4386 etiam
1722 4333 1926 4403 reliqua
1948 4339 2099 4388 certo
2126 4330 2240 4384 fore
2267 4329 2630 4383 demonstrat.

514 4416 981 4485 Quemadmodum
1029 4421 1196 4485 enim,
1231 4424 1278 4476 si
1326 4422 1578 4492 agricolae
1623 4426 1890 4479 seminum
1927 4424 2007 4479 fa-
2039 4427 2083 4480 Ι)

443 4509 704 4563 cultatcm
727 4510 1041 4579 explicanti,
1068 4511 1211 4568 forte
1237 4514 1458 4568 rustica:
1479 4514 1555 4569 rei
1583 4515 1706 4584 quis
1725 4516 2010 4585 imperitus

445 4602 608 4656 ﬁdem
643 4617 750 4656 non
794 4603 992 4658 habeat
1025 4624 1036 4658 :
1081 4607 1216 4661 satis
1241 4607 1331 4662 ille
1357 4609 1460 4662 sibi
1491 4617 1645 4679 putat
1674 4610 1738 4663 ad
1766 4610 2012 4666 veritatis

443 4693 853 4759 indicationem,
891 4711 1002 4749 uno
1033 4696 1086 4750 in
1122 4713 1291 4767 grano
1332 4700 1708 4753 universorum
1737 4715 1860 4769 qua:
1895 4717 2010 4754 mo-

443 4785 569 4840 dius
622 4785 884 4854 continet,
929 4787 1038 4840 vim
1091 4786 1518 4857 facultatemque
1561 4790 1854 4844 ostendere
1901 4805 2014 4844 :ac

443 4876 589 4947 quod
621 4877 688 4932 de
726 4891 838 4930 uno
891 4877 1142 4941 allirmet,
1184 4879 1327 4934 idem
1362 4880 1527 4934 etiam
1583 4881 1636 4934 in
1670 4883 1881 4936 cretei-is
1925 4897 2012 4935 vc-

443 4985 565 5025 rum
605 4984 729 5024 esse
759 4969 1026 5039 polliceri.
1063 4969 1199 5024 Nam
1233 4971 1329 5040 qui
1361 4970 1428 5026 de
1459 4987 1572 5026 uno
1605 4973 1789 5042 aliquo
1821 4973 2008 5039 tritici,

443 5062 527 5116 vel
551 5061 761 5123 hordei,
797 5061 883 5116 vel
924 5061 1150 5117 alterius
1171 5059 1428 5116 frumenti
1462 5063 1622 5132 pleno
1651 5065 1832 5120 modio
1862 5079 2010 5118 com-

444 5151 703 5221 prehensi
735 5167 928 5223 grano,
978 5153 1032 5206 in
1059 5152 1273 5223 glebam
1309 5153 1578 5222 conjecto,
1621 5155 1828 5224 spicam
1858 5155 2009 5208 nasci

445 5242 665 5305 viderit,
687 5241 834 5297 hunc
857 5243 1020 5298 etiam
1045 5243 1111 5297 de
1132 5243 1343 5298 caeteris
1374 5258 1714 5314 nequaquam
1757 5244 2011 5300 dubitare

447 5347 674 5389 necesse
714 5343 816 5388 est.
862 5336 942 5388 lta
986 5334 1120 5388 nihil
1151 5335 1353 5388 veritas
1390 5335 1618 5404 reliquis
1648 5335 1849 5390 divinis
1883 5351 2010 5390 ora-

452 5421 588 5476 culis
625 5421 984 5491 respondens,
1027 5423 1193 5478 etiam
1241 5423 1368 5477 huic
1393 5424 1462 5478 de
1489 5425 1907 5481 resurrectione
1926 5441 2014 5479 ar-

446 5527 597 5569 canae
612 5513 874 5573 doctrina:
902 5513 1060 5571 ﬁdem
1090 5517 1385 5572 conciliare
1421 5517 1653 5572 videtur.
1689 5517 2009 5590 Quanquam

521 5688 566 5720 ⁸⁸
598 5685 764 5745 Marc.
807 5704 930 5756 xm,
965 5690 1020 5744 1.
1099 5692 1145 5724 ³⁸
1178 5691 1310 5748 Luc.
1349 5709 1462 5762 six,
1494 5693 1587 5749 43.

2183 4422 2388 4492 Ὥσπερ
2410 4419 2518 4490 γὰρ
2543 4418 2595 4471 εἴ
2617 4435 2759 4481 τινος
2790 4412 3037 4484 γεωργοῦ
3083 4410 3180 4481 τὴν
3213 4408 3320 4460 τῶν
3361 4404 3697 4476 σπερμάτων

2113 4514 2486 4586 ὑφηγουμένου
2518 4512 2765 4580 δύναμιν,
2795 4509 3044 4562 ἀπιστεῖν
3074 4501 3253 4573 συμϐῇ
3278 4500 3366 4551 τὸν
3391 4499 3488 4565 τῆς
3515 4512 3699 4566 γεωρα

2114 4608 2239 4675 γίας
2266 4606 2578 4675 ἀπείρατον,
2614 4601 2893 4672 αὐτάρκης
2916 4599 2983 4654 ἂν
3013 4599 3093 4660 είς
3123 4592 3396 4658 ἀπόδειξιν
3422 4588 3521 4659 τῆς
3554 4587 3696 4655 ἀλη-

2117 4698 2264 4760 θείας
2293 4693 2358 4766 ἦν
2386 4696 2462 4767 τῷ
2493 4695 2742 4764 γεηπόνῳ
2768 4694 2824 4745 ὲν
2854 4691 2936 4743 ἐνὶ
2968 4689 3239 4758 σπέρματι
3268 4683 3374 4736 τῶν
3397 4682 3453 4732 ἐν
3482 4676 3560 4748 τῷ
3597 4693 3699 4767 με-

2113 4787 2284 4858 δίμνῳ
2312 4765 2574 4857 κειμένων
2608 4782 2838 4846 δείξαντι
2871 4779 2970 4852 τὴν
3007 4777 3253 4846 δύναμιν,
3281 4772 3375 4825 καὶ
3421 4767 3548 4837 περὶ
3581 4765 3697 4858 τῷν

2115 4856 2315 4930 λοιπῶν
2343 4856 2660 4944 ἐγγυᾶσθαι.
2704 4874 2761 4924 Ὀ
2785 4871 2892 4940 γὰρ
2923 4868 3042 4922 ἰδὼν
3070 4867 3159 4919 τὸν
3181 4865 3276 4916 ἕνα
3299 4861 3492 4933 πυρὸν,
3525 4858 3558 4927 ἢ
3593 4856 3696 4927 τὴν

2120 4971 2249 5040 μίαν
2272 4968 2485 5041 κριθὴν,
2512 4967 2545 5038 ἢ
2570 4967 2596 5019 ὅ
2623 4965 2674 5018 τί
2700 4981 2806 5035 περ
2839 4963 2904 5015 ἂν
2929 4962 2986 5013 ὲν
3012 4958 3090 5028 τῷ
3118 4954 3446 5026 πληρώματι
3465 4950 3558 5004 τοῦ
3595 4967 3698 5022 με-

2115 5062 2302 5132 δίμνου
2325 5061 2484 5132 τύχῃ,
2513 5056 2649 5130 μετὰ
2676 5056 2736 5108 τὸ
2775 5049 3243 5122 ἐγκαταϐληθῆναι
3277 5048 3344 5116 τῇ
3372 5044 3527 5115 βώλῳ
3558 5042 3696 5095 στά-

2116 5171 2216 5224 χυν
2243 5152 2554 5222 γενόμενον,
2585 5146 2765 5201 οὐκέτι
2788 5145 2852 5198 ἂν
2879 5143 2966 5197 διὰ
2989 5139 3083 5194 τοῦ
3110 5139 3248 5202 ἐνὸς,
3280 5135 3401 5189 οὐδὲ
3430 5133 3556 5203 περὶ
3581 5132 3696 5224 τῷν

2117 5223 2318 5297 λοιπῶν
2361 5240 2734 5310 ἀπιστήσειεν.
2779 5233 2966 5296 Οὕτως
3013 5230 3170 5300 ἱκανή
3223 5245 3313 5298 μοι
3359 5225 3507 5278 δοκεῖ
3552 5223 3698 5294 πρὸς

2123 5334 2425 5406 μαρτυρίαν
2455 5331 2592 5385 εἶναι
2617 5330 2711 5384 τοῦ
2740 5328 2880 5382 κατὰ
2911 5327 3009 5397 τὴν
3042 5323 3334 5378 ἀνάστασιν
3367 5315 3694 5387 μυστηρίου,

2120 5431 2154 5498 ὴ
2202 5431 2314 5492 τοῖς
2378 5427 2584 5488 λοιποῖς
2642 5422 2750 5476 τῶν
2811 5419 3119 5490 εἰρημένων
3185 5407 3696 5480 συνομολογουμένη

2120 5519 2362 5589 ἀλήθεια.
2409 5515 2625 5573 Μᾶλλον
2669 5514 2727 5568 δὲ
2777 5511 2872 5566 καὶ
2905 5509 3074 5578 αὐτῆς
3118 5505 3220 5576 τῆς·
3260 5499 3612 5562 ἀναστάσεως
3658 5499 3694 5568 η
