3886 6214
184 305 295 360 217

1463 317 1552 374 DE
1592 317 1876 378 HOMINIS
1913 321 2226 382 OPlFlCIO.

3355 328 3464 384 218

193 431 388 501 πεῖρα,
413 431 480 501 ἣν
507 430 568 483 ού
605 430 696 484 διὰ
737 431 906 501 λόγων
931 435 1207 501 τοσοῦτον,
1234 439 1357 491 ὅσον
1381 439 1447 492 δι’
1477 441 1657 494 αὐτῶν
1681 441 1780 496 τῶι

1895 449 2066 516 magis
2113 450 2217 504 hoc
2266 450 2380 506 ﬁeri
2429 450 2684 520 equidem
2726 450 2890 506 credo
2927 465 3024 522 per
3066 448 3240 518 ipsam
3276 465 3459 504 rerum

191 521 378 592 ἔργων
411 522 783 594 ἐδιδάχθημεν.
831 525 1046 597 Ἐπειδὴ
1076 529 1184 600 γάρ
1224 529 1366 599 μέγα
1397 532 1492 584 καὶ
1516 532 1656 603 ὑπὲρ
1687 533 1779 586 πί-

194 630 319 665 στιν
345 609 412 683 ἦν
438 613 500 665 τὸ
533 614 672 667 κατά
711 613 811 685 τὴν
837 616 1133 670 ἀνάστασιν
1177 619 1385 690 θαῦμα,
1429 622 1516 675 διὰ
1548 624 1657 677 τῶν
1686 642 1786 678 κα-

191 704 450 772 τωτέρων
492 705 591 774 τῆς
617 705 1046 777 θαυματοποιίας
1082 711 1408 780 ἀρξάμενος,
1437 715 1624 786 ἡρέμα
1667 733 1784 778 πως

188 796 295 865 τὴν
332 796 513 849 πίστιν
548 797 706 867 ἡμῶν
749 796 1060 870 προσεθίζει
1090 805 1203 864 τοῖς
1244 803 1473 872 μείζοσι.
1515 807 1784 878 Καθάπερ

191 888 308 957 γάρ
347 905 431 951 τις
467 889 652 959 μήτηρ
690 891 1041 963 καταλλήλως
1071 895 1431 967 τιθηνουμένη
1466 897 1527 950 τὸ
1565 901 1781 968 νήπιον,

191 979 338 1041 τέως
393 979 492 1049 μὲν
534 981 729 1050 ἁπαλῷ
772 1000 830 1035 τε
865 985 960 1037 καὶ
995 984 1148 1054 ὑγρῷ
1180 985 1257 1056 τῷ
1285 987 1514 1057 στόματι
1553 989 1614 1041 τὸ
1643 989 1784 1056 γάλα

191 1070 284 1122 διὰ
314 1073 415 1136 τῆς
458 1071 628 1144 θηλῆς
670 1074 976 1144 ἐντίθησιν·
1028 1077 1436 1146 ὀδοντοφυοῦντι
1472 1079 1528 1132 δὲ
1560 1080 1661 1151 ἠδη
1692 1083 1786 1134 καὶ

192 1164 554 1234 αὐξανομένῳ
593 1167 866 1236 προσάγει
903 1167 994 1220 τὸν
1031 1169 1215 1238 ἄρτον,
1251 1171 1311 1222 ού
1353 1171 1560 1241 τραχύν
1600 1190 1659 1224 τε
1693 1174 1786 1226 καὶ

191 1255 629 1325 ἀητέργαστον,
660 1259 736 1319 ὼς
764 1258 828 1311 ἂν
861 1261 935 1329 μὴ
965 1259 1314 1332 περιξανθείη
1339 1262 1417 1333 τῷ
1444 1263 1663 1334 σκληρῴ
1687 1266 1786 1334 τῆς

192 1346 407 1414 τροφῆς
429 1346 490 1398 τὸ
509 1346 617 1398 τῶν
642 1345 814 1400 οὔλων
839 1346 1044 1400 ἁπαλόν
1062 1363 1119 1400 τε
1147 1348 1240 1400 καὶ
1261 1348 1627 1418 ἀγύμναστον,
1649 1350 1786 1404 ἀλλά

194 1440 310 1499 τοῖς
339 1438 489 1501 ἰδίοις
509 1438 684 1491 ὀδοῦσι
710 1439 1106 1502 καταλεάνασα,
1134 1439 1444 1511 σύμμετρόν
1462 1458 1522 1494 τε
1553 1443 1644 1495 καὶ
1664 1459 1788 1495 κατε-

196 1527 430 1597 άλληλον
475 1530 542 1598 τῇ
592 1528 818 1597 δυνάμει
856 1527 948 1580 τοῦ
1001 1531 1446 1599 προσφερομένου
1491 1531 1783 1600 ἐποίησεν·

193 1613 317 1669 εἶτα
377 1618 520 1670 κατά
570 1617 884 1688 προσθήκην
941 1618 1039 1688 τῆς
1087 1618 1372 1689 δυνάμεως
1419 1619 1784 1691 ὲπιδιδούσης,

193 1708 560 1778 προσεθισθὲν
623 1711 734 1772 τοῖς
791 1708 1165 1778 ἀπαλωτέροις
1228 1710 1412 1780 ἡρέμα
1466 1711 1528 1763 τὸ
1594 1713 1786 1782 νήπιον

1884 542 2302 608 experientiam.
2345 541 2465 596 Non
2500 545 2646 596 cnim
2687 551 2800 596 tam
2846 545 3024 600 verbis
3047 560 3213 616 quam
3237 560 3295 600 re
3340 546 3458 613 ipsa

1886 632 2346 686 resurrectionem
2399 633 2516 687 lore
2559 633 2879 688 didicimus.
2921 632 2995 686 Ea
3038 649 3168 688 vero
3209 649 3336 686 cum
3372 648 3464 702 res

1887 721 1960 775 sil.
1997 723 2194 785 ardua,
2242 733 2298 778 et
2351 739 2519 794 prope
2555 725 2787 780 dixerim
2820 735 2971 778 extra
3013 725 3169 779 [idem
3224 726 3405 794 posita
3443 742 3461 782 :

1886 813 2094 867 idcirco
2119 813 2385 870 Dominus
2430 831 2456 868 a
2509 817 2790 869 miraculis
2822 816 3178 872 inferioribus
3207 830 3463 882 exorsus,

1885 905 2150 971 paulatim
2185 922 2284 960 nos
2314 907 2714 969 condocefacit,
2751 915 2810 960 ut
2853 909 2908 960 in
2944 909 3104 962 rebus
3149 909 3311 962 etiam
3345 922 3458 960 uta-

1880 993 2098 1062 joribus
2141 996 2296 1050 (idem
2327 997 2430 1067 ipsi
2483 998 2804 1052 habeamus.
2835 997 3014 1065 Atque
3042 997 3118 1050 uti
3169 1005 3344 1050 mater
3375 1013 3466 1050 ra-

1887 1085 2040 1140 tione
2068 1086 2309 1156 quadam
2353 1097 2724 1143 consentanea
2767 1089 2849 1144 sic
2882 1089 3052 1142 nutrit
3085 1087 3369 1149 infantem,
3405 1096 3466 1140 ut

1887 1178 2047 1231 initio
2090 1180 2310 1248 quidem
2361 1191 2548 1236 tenero
2599 1182 2774 1250 ipsius
2817 1181 2898 1234 ori
2945 1194 3009 1233 ac
3047 1180 3195 1232 molli
3245 1180 3326 1231 lac
3368 1191 3468 1247 per

1887 1269 2185 1323 mamillam
2228 1269 2477 1334 instillet,
2520 1272 2719 1326 deinde
2763 1271 2856 1324 ubi
2894 1271 3006 1340 jam
3042 1270 3299 1324 dentibus
3326 1284 3466 1339 prat-

1886 1360 2056 1425 ditus,
2089 1375 2153 1414 ac
2183 1363 2520 1430 majusculus
2544 1377 2666 1417 esse
2693 1363 2884 1432 ccepit,
2929 1371 3126 1424 pauetn
3144 1361 3193 1414 ei
3215 1361 3462 1433 porrigit,

1888 1467 1997 1505 non
2034 1453 2186 1506 illum
2222 1454 2442 1522 quidem
2480 1470 2759 1523 asperum,
2807 1464 2862 1509 et
2911 1455 3005 1524 qui
3041 1453 3216 1523 digeri
3265 1453 3334 1506 ab
3381 1453 3466 1506 in-

1888 1544 2034 1598 fante
2060 1554 2311 1612 nequeat,
2347 1554 2405 1599 ut
2439 1548 2630 1607 molles
2652 1554 2705 1601 et
2729 1547 3098 1602 inexercitatae
3133 1544 3364 1616 gingivae
3393 1544 3468 1599 ab

1886 1635 2006 1704 ejus
2039 1636 2238 1690 duritie
2271 1652 2377 1690 non
2409 1637 2691 1701 laedantur,
2732 1639 2824 1693 sed
2865 1638 2980 1692 suis
3009 1637 3277 1701 ,dentibus
3304 1651 3464 1689 man-

1889 1744 2032 1788 sum,
2052 1726 2417 1799 effectumque
2444 1730 2602 1783 talem
2636 1739 2692 1782 ut
2720 1730 2928 1784 viribus
2952 1730 3102 1798 pueri
3132 1729 3423 1782 conveniat
3448 1745 3465 1782 :

190 1801 469 1870 προσάγει
502 1803 566 1870 τῇ
610 1800 947 1871 στερεωτέρᾳ
983 1803 1176 1872 τροφῇ·
1207 1800 1349 1854 οὕτω
1375 1801 1472 1872 τὴν
1510 1801 1780 1872 ἀνθρωπί-

1889 1820 1956 1874 ad
1973 1827 2278 1874 extremum
2303 1829 2482 1874 autem
2509 1815 2834 1875 confirmato
2851 1821 2962 1890 jam
2991 1821 3110 1891 ejus
3132 1821 3350 1884 robore,
3383 1827 3466 1874 te-

189 1910 296 1961 νην
328 1892 694 1962 μικροψυχίαν
723 1893 752 1943 ὁ
778 1891 1002 1963 Κύριος,
1036 1889 1146 1946 οἷόν
1175 1911 1229 1946 τι
1258 1896 1450 1964 νήπιον
1491 1895 1677 1958 ἀτελὲς
1699 1894 1785 1947 διά

190 1981 307 2035 τῶν
341 1982 634 2050 θαυμάτων
656 1983 870 2053 τρέφων
896 1986 990 2036 καὶ
1009 1985 1226 2054 τιθηνού
1235 2003 1414 2055 μενος,
1439 1987 1656 2058 πρῶτον
1685 1989 1785 2057 μὲν

195 2077 255 2127 ὲν
301 2075 702 2146 άττεγνωσμένῃ
749 2075 888 2145 νόσῳ
931 2075 1028 2146 τὴν
1065 2077 1161 2146 τῆς
1209 2077 1557 2140 ἀναστάσεως
1595 2095 1784 2149 προοι-

198 2167 457 2236 μιάζεται
491 2166 738 2235 δύναμιν,
783 2165 812 2217 ὃ
853 2167 998 2235 μέγα
1038 2166 1134 2236 μὲν
1161 2163 1228 2238 ἦν
1263 2167 1341 2239 τῷ
1373 2168 1780 2240 κατορθώματι,

194 2260 257 2310 ού
290 2259 397 2328 μὴν
425 2257 688 2320 τοιοῦτον,
713 2252 824 2310 οἷον
853 2259 1198 2311 ἀπιστεῖσθαι
1223 2259 1534 2330 λεγόμενον.
1574 2261 1780 2314 Ἐπιτι-

199 2351 385 2420 μήσας
425 2349 534 2419 γάρ
564 2349 644 2420 τῷ
688 2349 906 2420 πυρετῴ
941 2349 1187 2421 σφοδρῶς
1235 2351 1334 2421 τὴν
1374 2350 1644 2422 πενθεράν
1685 2351 1781 2405 τοῦ

193 2442 444 2511 Σίμωνος
479 2441 898 2511 καταφλέγοντι,
928 2441 1195 2512 τοσαύτην
1225 2442 1445 2510 ἐποίησε
1479 2442 1571 2496 τοῦ
1611 2445 1781 2497 κακοῦ

189 2535 297 2603 τὴν
329 2533 678 2602 μετάστασιν.
715 2533 790 2596 ὼς
819 2534 955 2604 πρὸς
982 2533 1042 2585 τὸ
1079 2533 1340 2586 διακονεῖν
1374 2537 1486 2597 τοῖς
1515 2535 1782 2605 παροῦσιν

189 2621 480 2692 ἐνισχύσαι
508 2621 604 2691 τὴν
627 2621 727 2692 ἤδη
760 2623 1215 2693 προσδοκωμένην
1240 2622 1608 2694 τεθνήξεσθαι.
1646 2624 1780 2680 Εἶτα

193 2715 398 2784 μικρόν
434 2731 487 2766 τι
511 2717 578 2784 τῇ
607 2713 832 2783 δυνάμει
863 2713 1206 2784 προστίθησι,
1237 2715 1332 2766 καὶ
1370 2713 1463 2766 τοῦ
1499 2715 1778 2784 βασιλικοῦ

186 2808 292 2860 τὸν
331 2808 540 2861 υἱὸν-ὲν
581 2807 1010 2877 ὁμολογουμένῳ-
1042 2806 1271 2877 κινδύνῳ
1307 2807 1556 2876 κείμενον
1599 2808 1780 2874 (οὕτω

185 2900 310 2968 γάρ
342 2915 504 2968 φησιν
531 2900 564 2968 ἡ
601 2898 832 2969 ἱστορία,
861 2900 942 2951 ὅτι
989 2897 1179 2968 ἔμελλε
1213 2899 1470 2968 τελευτᾷν
1490 2939 1505 2964 ,
1536 2898 1630 2951 τοῦ
1676 2916 1780 2954 πα-

186 2990 328 3060 τρὸς
372 2989 623 3058 βοῶντοςο
673 3007 692 3040 ι
736 2989 1019 3058 Κατάϐηθι
1051 2990 1180 3059 πρὶν
1206 2989 1496 3043 ἀποθανεῖν
1545 2989 1607 3042 τὸ
1647 3008 1777 3043 παι-

187 3083 412 3153 δίον’›)
446 3085 660 3154 ἐνεργεῖ
690 3083 850 3137 πάλιν
887 3082 980 3136 τοῦ
1013 3082 1363 3152 τεθνήξεσθαι
1404 3083 1778 3154 πεπιστευμέ-

190 3194 294 3230 νου
326 3176 422 3246 τὴν
459 3176 788 3236 ἀνάστασιν,
810 3177 867 3227 ὲν
903 3174 1110 3244 μείζονι
1146 3178 1212 3245 τῇ
1241 3175 1468 3245 δυνάμει
1503 3175 1565 3228 τὸ
1594 3174 1779 3245 θαῦμα

191 3267 705 3337 κατεργασάμενος,
734 3265 814 3336 τῷ
842 3265 976 3336 μηδὲ
1003 3265 1299 3335 πλησιάσαι
1328 3265 1405 3335 τῷ
1434 3267 1584 3336 τόπῳ
1602 3307 1617 3333 ,
1646 3266 1781 3320 ἀλλά

193 3359 484 3430 πόρρωθεν
512 3361 578 3428 τῇ
611 3357 704 3411 τοῦ
733 3358 1150 3429 προστάγματος
1180 3356 1322 3427 ἰσχύϊ
1345 3358 1446 3426 τὴν
1475 3355 1621 3426 ζωὴν
1648 3358 1782 3410 ἀπο-

195 3451 429 3504 στεῖλαι.
493 3450 662 3504 Πάλιν
729 3449 795 3501 δι’
865 3448 1183 3510 ἀκολουθίας
1244 3451 1357 3511 τοῖς
1430 3448 1781 3520 ὑψηλοτέροις

192 3542 556 3596 ἐπαναϐαίνει
585 3540 846 3612 θαύμασι.
889 3541 1032 3611 Πρὸς
1070 3539 1178 3610 γάρ
1216 3541 1313 3610 τὴν
1349 3540 1514 3592 παῖδα
1552 3539 1646 3591 τού
1681 3541 1780 3609 ἀρ-

189 3631 579 3704 χισυναγώγου
602 3633 871 3702 ὁρμήσας,
897 3630 1038 3682 ἑκὼν
1065 3629 1229 3682 ἔδωκε
1255 3633 1320 3700 τῇ
1349 3629 1627 3700 ὁδοιπορίᾳ
1658 3646 1781 3698 σχοο

190 3724 314 3793 λὴν,
346 3723 446 3793 τὴν
468 3724 612 3776 ἴασιν
648 3722 748 3791 τῆς
776 3721 1098 3791 αἱμορροίας
1119 3721 1457 3790 δημοσιεύων
1487 3721 1778 3785 λαθοῦσαν,

194 3815 274 3877 ὼς
308 3812 377 3865 ἂν
407 3815 467 3863 ὲν
490 3810 567 3880 τῷ
599 3811 774 3882 χρόνῳ
801 3811 974 3880 τούτῳ
1007 3813 1442 3882 κατακρατήσειε
1468 3811 1566 3881 τῆς
1595 3811 1782 3864 νοσού-

193 3921 298 3973 σης
340 3906 368 3956 ό
397 3902 647 3964 θάνατος.
685 3903 843 3973 Ἀρτι
871 3902 1050 3954 τοίνυν
1085 3902 1187 3972 τῆς
1213 3902 1390 3973 ψυχῆς
1419 3903 1782 3974 χωρισθείσης

190 3997 289 4051 τοῦ
324 3996 598 4065 σώματος,
631 3995 725 4046 καὶ
755 3993 1164 4064 θορυϐουμένων
1193 3995 1250 4045 ὲν
1272 3997 1336 4064 τῇ
1367 3996 1536 4064 γοερᾷ
1565 3996 1779 4065 κραυγῇ

190 4091 304 4145 τῶν
338 4089 756 4142 ὲπικωκυόντων
790 4088 868 4158 τῷ
901 4088 1098 4154 πάθει,
1126 4089 1376 4160 καθάπερ
1407 4087 1466 4154 ἐξ
1501 4088 1670 4142 ὕπνου
1702 4089 1780 4159 τῷ

192 4181 588 4254 προστακτικῴ
623 4181 766 4251 λόγῳ
795 4181 1092 4250 διανίστησι
1130 4181 1290 4234 πάλιν
1324 4181 1460 4252 πρὸς
1504 4183 1602 4253 τὴν
1633 4182 1780 4252 ζωὴν

190 4276 254 4328 τὺ
285 4275 546 4345 κοράσιον
566 4315 580 4337 ,
613 4273 716 4343 ὁδῷ
745 4290 849 4326 τινι
881 4273 975 4326 καὶ
1005 4271 1296 4343 ἀκολουθία
1330 4275 1466 4344 πρὸς
1493 4273 1555 4326 τὸ
1595 4274 1779 4343 μεῖζον

190 4364 596 4434 ἀναλαμϐάνων
624 4363 722 4433 τὴν
753 4361 1098 4435 ἀνθρωπίνην
1127 4362 1429 4416 ἀσθένειαν.

1889 1913 2202 1967 nerioribus
2221 1913 2596 1968 assuefactum
2628 1914 2878 1976 antehac,
2906 1912 2972 1967 ad
2997 1913 3286 1968 solidiores
3307 1925 3469 1982 quos-

1886 1999 2011 2054 dam
2043 2003 2198 2058 cibos
2220 2003 2473 2058 deducit:
2494 2006 2574 2058 sic
2593 2002 2856 2058 Dominus
2877 2004 3060 2056 animo
3076 2017 3178 2058 nos
3196 2001 3470 2056 imbecillo

1887 2093 2168 2160 praeditos,
2218 2094 2377 2164 quasi
2420 2095 2712 2164 quemdam
2754 2093 3019 2148 infantem
3069 2109 3165 2163 per
3201 2091 3468 2146 miracula

1886 2183 2095 2246 nutrit;
2115 2191 2278 2249 atque
2299 2181 2455 2236 initio
2473 2182 2689 2251 quidem
2715 2182 2768 2236 in
2789 2184 3072 2238 curatione
3085 2182 3282 2245 morbi,
3305 2197 3468 2251 quem

1885 2289 2048 2342 posse
2083 2275 2266 2328 curari
2304 2275 2394 2328 vix
2439 2274 2837 2338 existimasses,
2873 2273 3031 2344 quasi
3081 2271 3355 2344 quoddam
3399 2272 3470 2328 de

1884 2367 2292 2421 resurrectione
2313 2367 2636 2436 prooemium
2664 2366 2794 2429 edit,
2823 2383 2945 2420 cum
2973 2382 3086 2420 rem
3110 2364 3326 2436 quidem
3354 2364 3468 2418 exi-

1884 2458 2046 2510 miam
2062 2457 2314 2521 eliiceret,
2329 2474 2449 2527 quae
2462 2465 2642 2510 tamen
2664 2456 3128 2525 humanamiidem
3145 2465 3467 2511 mereretur.

1881 2549 2017 2604 Nam
2048 2566 2170 2605 cum
2192 2550 2499 2605 vehementi
2531 2549 2681 2604 febre
2698 2547 2939 2604 Simonis
2970 2563 3162 2603 socrus
3192 2555 3468 2612 ureretur,

1882 2651 2084 2696 tantam
2109 2643 2234 2695 mali
2256 2642 2613 2696 mutationem
2637 2656 2748 2695 uno
2772 2641 3042 2695 sermonis
3073 2640 3301 2710 imperio
3342 2638 3468 2694 elle-

1881 2733 1978 2796 cit,
2007 2742 2066 2787 ut
2093 2733 2357 2787 continuo
2391 2735 2458 2787 ad
2497 2733 2927 2788 ministrandum
2966 2731 3188 2787 Christo
3215 2740 3270 2786 et
3302 2731 3470 2786 disci-

1882 2825 2023 2893 pulis
2051 2834 2197 2881 esset
2221 2826 2270 2879 ei
2303 2825 2436 2879 satis
2465 2825 2685 2890 virium,
2717 2839 2839 2893 qua:
2867 2824 3026 2894 paulo
3051 2831 3177 2876 ante
3202 2823 3465 2875 moritura

1881 2915 2173 2984 putabatur
2193 2915 2282 2967 ⁸⁸⁸.
2313 2913 2517 2970 Deinde
2542 2916 2797 2984 potestati
2826 2914 2990 2984 priori
3015 2913 3259 2967 nonnihil
3289 2913 3468 2977 addit,

1880 3025 2002 3063 cum
2038 3011 2182 3080 regis
2225 3009 2509 3078 cujusdam
2559 3010 2724 3063 lilium
2762 3010 2814 3064 in
2865 3007 3295 3077 praesentissimo
3346 3007 3470 3060 vita

1806 3137 1848 3194 ε
1881 3101 2199 3156 discrimine
2219 3101 2630 3156 decumbeutem
2654 3099 2974 3155 exsuscitat.
2999 3097 3234 3152 Narrant
3252 3098 3298 3129 ⁸⁷
3323 3098 3469 3152 enim

1881 3190 2101 3247 Littera:
2133 3208 2306 3246 sacrae
2333 3192 2558 3261 jamjam
2582 3191 2753 3246 fuisse
2785 3191 3134 3254 moriturum,
3158 3205 3282 3243 cum
3319 3198 3470 3259 pater

1879 3283 2230 3346 occlamarel,
2265 3291 2324 3337 ut
2368 3283 2684 3352 priusquam
2713 3283 2857 3336 illius
2881 3281 2983 3352 ipsi
3009 3282 3466 3351 exstingueretur,

1880 3375 2146 3429 Dominus
2179 3376 2555 3439 descenderet,
2579 3391 2703 3429 nam
2730 3376 3022 3429 momentis
3046 3374 3275 3444 singulis
3303 3376 3469 3426 vitam

1876 3480 1999 3518 cun
2053 3474 2226 3519 morte
2259 3473 2696 3521 commutaturus
2741 3481 2865 3520 esse
2917 3464 3262 3519 credebatur.
3314 3463 3470 3529 Quod

1881 3555 1991 3623 jam
2012 3555 2332 3608 miraculum
2352 3570 2475 3609 esse
2496 3553 2696 3608 factum
2720 3563 2988 3625 potestate
3005 3553 3238 3623 quadam
3265 3553 3472 3622 majore

1885 3645 2182 3714 putandum
2214 3654 2320 3709 est,
2342 3654 2627 3715 propterea
2663 3645 2806 3715 quod
2845 3645 2909 3698 ad
2947 3646 3123 3698 locum
3154 3645 3209 3697 in
3237 3660 3346 3711 quo
3376 3644 3472 3697 de-

1886 3736 2197 3799 cumbebat,
2225 3752 2333 3789 non
2369 3737 2640 3790 accessit:
2675 3736 2768 3790 sed
2797 3736 2954 3804 quasi
2991 3751 3021 3788 a
3054 3735 3352 3803 longinquo
3384 3734 3470 3786 vi-

1887 3835 1997 3880 tam
2021 3826 2071 3881 ei
2099 3828 2270 3882 solius
2301 3827 2515 3896 imperii
2545 3828 2594 3880 vi
2625 3827 2793 3881 misit.
2823 3826 2954 3882 Post
2978 3829 3088 3881 haec
3110 3826 3178 3880 ad
3208 3826 3471 3879 miracula

1882 3920 2128 3990 quaedam
2169 3919 2338 3973 ardua
2380 3921 2554 3990 magis
2589 3921 2820 3975 accedit.
2862 3920 2995 3974 Nam
3033 3937 3157 3975 cum
3194 3919 3260 3973 ad
3301 3920 3468 3972 tiliam

1880 4013 1982 4065 viri
2015 4011 2233 4080 publico
2268 4013 2322 4064 in
2359 4012 2592 4066 concilio
2633 4012 2898 4081 principis
2925 4020 3188 4082 pergeret,
3221 4007 3466 4065 nonnihil

1881 4101 2061 4156 itineri
2093 4118 2258 4155 morte
2279 4103 2465 4157 volens
2495 4103 2704 4172 injecit,
2727 4105 2856 4157 dum
2879 4111 3127 4157 curatum
3157 4103 3227 4157 ab
3250 4117 3309 4156 se
3338 4115 3463 4170 pro—

1882 4192 2106 4246 ﬂuvium
2143 4194 2426 4262 sanguinis
2460 4194 2636 4262 palam
2675 4193 2899 4258 faceret,
2945 4209 3008 4248 ac
3049 4193 3209 4246 morti
3253 4202 3476 4260 tempus

1890 4286 2216 4338 concederet
2261 4300 2370 4355 quo
2405 4287 2640 4354 puellam
2675 4301 2872 4355 mgram
2919 4292 3233 4354 occuparet.
3284 4281 3479 4351 itaque

1892 4389 2017 4428 cum
2054 4375 2119 4428 ad
2157 4391 2273 4428 eam
2309 4377 2576 4439 venisset,
2615 4392 2642 4429 a
2691 4377 2850 4445 cujus
2895 4391 3126 4446 corpore
3159 4390 3266 4429 non
3301 4375 3480 4427 multo

191 4465 324 4510 ante
371 4456 677 4527 diremptus
723 4463 842 4509 erat
889 4456 1127 4520 animus,
1164 4471 1228 4510 ac
1270 4456 1483 4526 lugubri
1535 4457 1775 4514 clamore
1818 4463 2066 4521 homines
2110 4467 2589 4532 tumultuarentur,
2637 4468 2997 4537 lamentisque
3035 4467 3276 4521 dolorem
3304 4472 3474 4518 testa-

189 4558 430 4606 rentur:
464 4550 582 4604 solo
611 4550 883 4604 sermonis
917 4552 1146 4619 imperio
1181 4553 1414 4620 puellam
1460 4554 1616 4623 quasi
1665 4557 1958 4616 excitatam
2002 4563 2069 4617 de
2104 4578 2300 4617 somno
2342 4563 2464 4617 vita:
2492 4563 2750 4630 restituit,
2795 4567 3005 4618 ratione
3042 4562 3274 4631 quadam
3303 4567 3358 4614 et
3383 4559 3479 4616 via.

189 4645 622 4698 imbecillitatem
667 4645 945 4699 hominum
982 4645 1049 4699 ad
1093 4647 1301 4714 majora
1341 4648 1619 4704 deducens
1649 4649 1714 4704 ⁸⁸.

259 4735 380 4792 Εἶτ’
411 4741 505 4790 ἐπὶ
549 4739 758 4804 τούτοις
796 4738 1112 4809 ὑπερϐαίνει
1146 4737 1224 4808 τῷ
1270 4738 1544 4810 θαύματι,
1586 4743 1681 4797 καὶ
1717 4744 1780 4796 δι’

1961 4743 2174 4799 Rursus
2203 4744 2307 4799 hoc
2339 4745 2500 4799 etiam
2533 4745 2642 4798 alio
2675 4743 2909 4814 quodam
2942 4743 3205 4798 miraculo
3227 4757 3468 4816 superat,

189 4831 534 4901 ὑψηλοτέρας
551 4831 830 4902 δυνάμεως
846 4832 1078 4884 ὁδοποιεῖ
1091 4835 1202 4894 τοῖς
1219 4831 1523 4903 ἀνθρώποις
1538 4833 1636 4905 τὴν
1657 4853 1722 4887 πε
1729 4835 1785 4906 pi.

188 4924 288 4993 τῆς
305 4924 658 4984 ἀναστάσεως
685 4922 886 4976 πίστιν.
910 4923 1047 4976 Νάῖν
1071 4923 1190 4976 τινὰ
1212 4924 1363 4976 πόλιν
1385 4925 1525 4977 κατὰ
1544 4927 1641 4997 τὴν
1658 4928 1786 4980 Ἰου-

188 5015 351 5068 δαίαν
384 5015 588 5084 ἱστορεῖ
619 5017 650 5084 ἡ
676 5015 888 5085 Γραφή.
941 5015 1072 5077 Παῖς
1104 5011 1172 5086 ἦν
1198 5016 1254 5067 ὲν
1290 5015 1462 5088 ταύτῃ
1494 5019 1785 5090 μονογενὴς

187 5110 340 5177 χήρα
374 5107 502 5169 τινὶ,
535 5107 720 5158 οὐκέτι
748 5105 987 5169 τοιοῦτος
1031 5109 1188 5169 παῖς,
1225 5101 1334 5171 οἷος
1377 5111 1435 5160 ἐν
1481 5109 1784 5181 μειρακίοις

187 5195 352 5255 εἶναι.
389 5197 506 5251 ἀλλ’
536 5197 636 5268 ἤδη
666 5199 730 5250 ὲκ
757 5197 962 5251 παίδων
989 5199 1069 5261 είς
1096 5197 1292 5268 ἄνδρας
1324 5198 1514 5252 τελῶν.
1548 5201 1782 5253 Νεανίαν

188 5289 358 5342 αὐτὸν
389 5289 646 5359 ὀνομάζει
677 5291 706 5339 ὁ
728 5289 900 5356 λόγος·
934 5289 1101 5343 πολλά
1132 5289 1197 5342 δι’
1225 5290 1420 5358 ὀλίγων
1454 5289 1718 5361 διηγεῖται
1749 5293 1782 5361 ἠ

191 5378 448 5448 ἱστορία·
494 5378 690 5448 θρῆνος
736 5378 996 5451 ἄντικρύς
1033 5381 1148 5434 ἐστι
1195 5380 1256 5435 τὸ
1286 5377 1552 5454 διήγημα.
1599 5385 1780 5455 Χήρα,

191 5470 384 5540 φησιν,
403 5465 474 5540 ἧν
488 5469 582 5522 τού
605 5469 921 5541 τεθνηκότος
944 5473 977 5542 ἡ
1009 5475 1208 5542 μήτηρ.
1225 5474 1388 5544 Ὁρᾷς
1413 5475 1474 5527 τὸ
1503 5475 1667 5545 βάρος
1685 5477 1783 5547 τῆς

191 5563 508 5634 συμφορᾶς,
534 5562 650 5625 πῶς
679 5563 738 5616 ὲν
779 5563 944 5635 ὀλίγῳ
975 5565 1037 5618 τὸ
1064 5565 1234 5630 πάθος
1262 5567 1291 5619 ό
1317 5566 1472 5636 λόγος
1515 5569 1777 5640 ἐξετραγ-

265 5737 338 5771 ⁸⁶’
377 5736 512 5794 Luc.
543 5754 615 5806 Iv,
639 5737 710 5795 38
733 5756 853 5812 sqq.
932 5741 979 5774 ⁸⁷
1009 5739 1167 5798 Joan.
1198 5758 1269 5808 IV,
1295 5741 1362 5800 46
1393 5759 1515 5815 sqq.

1890 4843 1944 4888 et
1963 4843 2231 4903 potestate
2247 4836 2542 4889 excelsiore
2558 4835 2698 4888 viam
2724 4833 3036 4889 hominibus
3065 4836 3248 4888 struit.
3273 4845 3330 4889 ut
3358 4834 3472 4893 fere

1889 4941 1956 4980 ex
1989 4929 2218 4980 mortuis
2252 4927 2707 4980 resurrectionem
2743 4925 3045 4980 crederent.
3076 4924 3354 4979 Proditum
3387 4935 3471 4981 est

1887 5019 2034 5074 enim
2058 5021 2231 5075 sacris
2251 5018 2552 5087 Litteris”,
2597 5018 2752 5073 Naim
2775 5019 3029 5088 oppidum
3065 5017 3264 5072 Judazzr
3293 5019 3468 5088 quod-

1888 5107 2011 5161 dam
2042 5109 2232 5164 fuisse.
2274 5107 2330 5162 lu
2357 5125 2421 5163 eo
2454 5111 2628 5162 viduae
2660 5109 2876 5162 mulieri
2915 5109 3058 5162 ﬁlius
3090 5120 3208 5162 erat
3242 5109 3466 5174 unicus,

1889 5217 1998 5254 non
2017 5202 2128 5270 jam
2160 5202 2395 5270 amplius
2423 5210 2583 5256 aetate
2608 5217 2761 5270 puer,
2794 5201 2886 5256 sed
2923 5202 3014 5270 qui
3040 5217 3104 5255 ex
3129 5201 3352 5270 ephebis
3374 5218 3472 5256 ex-

1889 5293 2166 5355 cessisset,
2189 5301 2243 5346 et
2265 5293 2503 5346 virorum
2537 5293 2588 5346 in
2624 5308 2850 5347 numero
2871 5301 3206 5348 censeretur.
3229 5293 3466 5348 Historia

1889 5382 2106 5454 quidem
2147 5398 2304 5438 sacra
2349 5384 2600 5453 juvenem
2650 5384 2920 5455 appellat:
2969 5392 3133 5452 atque
3175 5385 3363 5453 paucis
3405 5399 3470 5438 ea

1889 5476 2134 5546 profecto
2175 5477 2351 5531 verbis
2385 5477 2550 5530 multa
2595 5475 3016 5546 complectitur:
3067 5477 3182 5545 ipsa
3227 5475 3472 5529 narratio

1888 5577 2096 5623 tantum
2129 5585 2240 5624 non
2270 5569 2584 5624 lamentatio
2615 5576 2719 5625 est.
2756 5567 2906 5632 Erat,
2941 5567 3115 5640 inquit
3167 5576 3338 5623 mater
3371 5567 3473 5623 ho-

1593 5743 1637 5776 ⁸⁸
1674 5742 1840 5799 Marc.
1883 5761 1934 5811 v,
1965 5745 2036 5799 2‘2
2065 5761 2189 5816 sqq.
2264 5747 2308 5780 ⁸⁸
2343 5743 2476 5802 Luc.
2511 5761 2606 5814 vu,
2642 5747 2700 5800 Η
2735 5762 2856 5818 sqq.
