3844 6222
396 346 504 401 εις)

1663 337 1719 390 S.
1746 334 2078 391 GREGORII
2110 333 2400 388 NYSSENI

3574 327 3675 378 2‘20

401 458 564 513 minis
594 455 704 511 vita
760 453 953 521 functi,
985 451 1181 505 mulier
1222 449 1407 505 vidua.
1449 447 1615 503 Vides
1659 461 1823 517 quam
1868 461 1991 517 gra-

2104 445 2302 514 ᾠδησες
2338 445 2405 498 Τί
2436 444 2545 515 γάρ
2582 446 2697 498 ἐστι
2730 442 2792 496 τὸ
2828 442 3152 513 λεγόμενον;
3195 441 3279 495 ὅτι
3320 439 3421 493 οὐκ
3444 434 3514 510 ῆν
3539 442 3669 512 αὐτῇ

350 556 355 565 ’
397 554 484 605 vis
527 550 614 603 illa
650 562 894 603 aerumna
942 543 1147 600 fuerit?
1179 559 1343 614 quam
1390 542 1596 612 tragice
1631 557 1742 595 rem
1784 540 1990 594 tristis-

399 643 593 697 simam
642 640 806 695 verba
853 651 1085 693 numero
1130 650 1239 689 non
1290 634 1459 687 multa
1508 631 1820 687 declarent?
1862 646 1987 684 nam

398 734 527 802 quid
566 732 672 787 dici
704 729 851 785 aliud
890 729 1195 788 existimas,
1225 741 1385 794 quam
1415 724 1617 778 nullam
1649 723 1698 777 ei
1734 737 1884 792 spem
1924 722 1991 774 li-

399 825 655 879 berorum
701 821 1165 895 procreandorum
1211 818 1476 886 reliquam
1526 815 1729 879 fuisse,
1758 829 1866 885 qua
1894 828 1986 868 so-

398 915 499 969 lari
549 915 763 970 tristem
814 914 957 967 hunc
1002 926 1188 966 casum
1235 909 1545 979 potuisset?
1582 917 1701 963 erat
1733 908 1990 961 nimirum

398 1006 599 1073 vidua;
632 1022 741 1059 non
767 1014 884 1059 erat
918 1004 983 1059 ad
1033 1018 1192 1072 quem
1244 1002 1541 1070 respiceret
1582 1008 1780 1069 praeter
1811 999 1987 1061 illum,

401 1097 493 1166 qui
524 1097 635 1167 jam
666 1097 806 1151 diem
856 1097 909 1148 in
945 1094 1105 1149 terris
1135 1106 1447 1162 supremum
1481 1088 1831 1150 obiveratzis
1862 1102 1990 1143 vero

400 1185 564 1239 etiam
598 1192 715 1238 erat
745 1183 978 1254 unigena
1014 1190 1315 1252 ;quantum
1354 1179 1408 1233 in
1451 1194 1518 1233 eo
1562 1177 1690 1232 mali
1724 1178 1828 1240 sit,
1872 1177 1996 1246 qui-

402 1279 534 1330 libet
582 1276 855 1345 intelligit,
887 1275 982 1345 qui
1028 1289 1139 1327 non
1182 1274 1238 1326 in
1288 1278 1483 1326 natura
1535 1279 1794 1339 tauquam
1841 1269 1996 1341 igno-

402 1380 491 1424 tus
519 1368 719 1437 hospes
754 1368 1147 1438 peregrinatur.
1170 1366 1356 1419 Solum
1387 1364 1531 1418 hunc
1558 1365 1613 1418 in
1646 1365 1820 1417 lucem
1868 1376 1993 1416 cum

401 1462 622 1524 ederet,
668 1469 856 1529 partus
888 1460 1107 1515 dolores
1144 1467 1262 1514 erat
1298 1466 1553 1528 experta,
1590 1456 1690 1511 soli
1732 1468 1998 1507 mammas

407 1553 717 1621 praebuerat
755 1570 767 1603 :
810 1552 961 1605 solus
997 1562 1222 1603 matrem
1276 1550 1328 1603 in
1369 1563 1558 1603 mensa
1603 1546 1943 1601 exbilarabat
1979 1565 1992 1599 :

404 1646 556 1699 solus
586 1643 766 1697 omnis
799 1651 915 1697 erat
951 1643 1004 1696 in
1037 1642 1245 1696 aedibus
1278 1641 1480 1695 laetitiae
1509 1640 1665 1711 quasi
1699 1639 1988 1703 materies,

402 1736 519 1792 sive
550 1734 776 1797 luderet,
805 1734 919 1789 sive
955 1740 1213 1788 tractaret
1243 1734 1411 1792 seria.
1447 1734 1563 1787 sive
1592 1747 1795 1802 corpus
1823 1745 1987 1784 excr-

405 1834 577 1891 ceret,
612 1826 728 1881 sive
763 1825 1026 1879 bilaritati
1061 1823 1280 1879 deditus
1317 1832 1488 1888 esset,
1524 1823 1638 1877 sive
1672 1819 1916 1891 prodiret
1942 1820 1997 1873 in

403 1918 719 1988 publicum,
766 1916 881 1971 sive
933 1931 1057 1970 cum
1106 1916 1294 1986 aliquo
1344 1915 1492 1969 lucta
1546 1913 1995 1984 congrederetur,

404 2011 520 2065 sive
542 2010 595 2063 in
616 2009 873 2078 juvenum
910 2017 1053 2062 cmtu
1078 2015 1226 2062 esset
1254 2028 1264 2062 :
1291 2005 1431 2061 nihil
1455 2019 1577 2060 esse
1599 2013 1795 2074 praeter
1818 2004 1997 2072 ipsum

403 2096 580 2151 solum
612 2096 804 2151 matris
825 2094 1004 2151 oculis
1020 2093 1328 2164 jucundum
1353 2093 1437 2148 vel
1465 2093 1727 2147 eximium
1755 2100 1992 2163 poterat.

403 2189 521 2244 Jam
557 2189 715 2243 uxori
754 2187 1021 2243 ducenda:
1062 2196 1196 2242 aetas
1231 2193 1354 2241 erat
1400 2185 1628 2246 idonea,
1679 2200 1802 2237 cum
1850 2193 2000 2238 esset

405 2279 695 2349 caeteroqui
737 2279 904 2334 totius
935 2278 1154 2333 familiae
1188 2278 1380 2347 stirps,
1419 2293 1607 2332 ramus
1641 2278 1735 2347 qui
1767 2278 2000 2347 posteri-

406 2380 571 2426 tatem
616 2378 961 2441 propagaret,
1013 2381 1246 2427 senecta:
1294 2369 1553 2427 fulcrum.
1601 2369 1774 2425 Etiam
1822 2372 1998 2426 aetatis

404 2464 666 2521 iudicatio
699 2465 906 2519 luctum
938 2472 1120 2534 auget.
1151 2462 1286 2519 Nam
1316 2465 1435 2535 ipse
1468 2464 1568 2519 flos
1600 2463 1788 2519 formae.
1815 2480 1998 2519 emar-

404 2556 588 2610 cuisse
632 2555 991 2626 significatur,
1027 2571 1151 2611 cum
1186 2555 1440 2625 juvenem
1474 2557 1807 2610 exstinctum
1858 2555 1999 2610 dici-

404 2666 550 2713 mus,
578 2648 670 2703 cui
701 2646 766 2702 ad
790 2647 996 2717 justam
1027 2647 1340 2702 crassitiem
1372 2646 1540 2701 barba
1570 2648 1805 2701 necdum
1836 2656 1997 2703 aucta

407 2741 603 2804 fuerit,
645 2742 739 2796 sed
778 2741 954 2810 prima
990 2749 1201 2794 tantum
1239 2742 1438 2810 lanugo
1466 2741 1625 2809 quasi
1655 2740 1998 2796 efflorescere

406 2834 657 2906 coeperit,
692 2848 952 2905 genarum
990 2833 1397 2902 pulchritudine
1426 2833 1726 2886 etiamnum
1762 2832 1994 2886 nitorem

408 2942 567 2982 suum
596 2934 931 2984 ostentante.
964 2925 1103 2993 Quid
1138 2937 1251 2980 tum
1277 2926 1441 2979 animi
1472 2925 1646 2980 fuisse
1673 2925 1751 2979 illi
1783 2927 1998 2979 misera:

407 3028 589 3088 putas,
623 3035 745 3089 qua:
778 3018 949 3073 filium
987 3018 1146 3073 talem
1182 3017 1497 3071 amitteret?
1541 3016 1803 3070 nimirum
1848 3016 1997 3070 velut

2091 538 2436 601 παιδοποιίας
2466 538 2641 601 ἐλπὶς,
2679 535 2778 607 τὴν
2812 536 2904 589 ἐπὶ
2928 534 3006 606 τῷ
3043 533 3351 589 ἐκλείποντι
3390 534 3669 605 συμφορὰν

2092 626 2471 698 θεραπεύουσα
2496 645 2509 659 ’
2539 630 2685 701 χήρα
2718 629 2827 700 γὰρ
2858 631 2892 701 ἡ
2927 630 3085 700 γυνή.
3118 630 3237 682 Οὐκ
3262 624 3377 700 εἶχε
3404 629 3544 701 πρὸς
3569 631 3671 683 ἐτε-

2097 737 2186 791 ρον
2215 722 2335 774 ἁντὶ
2366 721 2460 774 τοῦ
2503 722 2897 793 κατοιχομένου
2941 720 3160 791 βλέπειν
3184 738 3199 753 ’
3236 723 3534 792 μονογενὴς
3572 721 3674 794 γάρ

2092 815 2139 865 ὁ·
2162 813 2338 876 τόκος.
2375 814 2537 866 Ὅσον
2561 814 2617 866 δὲ
2643 814 2705 867 τὸ
2739 813 2835 866 ἐπὶ
2863 812 3039 884 τούτῳ
3078 812 3269 878 κακὸν,
3297 814 3461 867 παντὶ
3500 814 3677 885 ῥᾴδιον

2097 906 2328 959 συνιδεῖν
2357 905 2435 976 τῷ
2475 906 2550 977 μὴ
2586 905 2987 977 άπεξενωμένῳ
3015 907 3115 977 τῆς
3147 908 3382 976 φύσεως.
3413 908 3596 963 Μόνον
3622 908 3680 959 ἐν

2094 997 2282 1052 ὠδῖσιν
2304 999 2508 1051 ἐκεῖνον
2537 996 2823 1070 ἐγνώρισε,
2860 998 3020 1068 μόνον
3052 1002 3176 1063 ταῖς
3203 1000 3395 1069 θηλαῖς
3427 998 3681 1068 ἐτιθηνή-

2096 1105 2252 1142 σατο·
2302 1089 2462 1159 μόνος
2512 1090 2649 1160 αὐτῇ
2708 1090 2942 1161 φαιδρὰν
2989 1091 3167 1144 ἐποίει
3214 1090 3313 1161 τὴν
3357 1091 3678 1160 τράπεζανο

2099 1180 2257 1251 μόνος
2286 1176 2355 1252 ῆν
2377 1182 2477 1250 τῆς
2500 1181 2639 1234 κατὰ
2663 1182 2754 1234 τὸν
2775 1179 2922 1235 οἶκον
2947 1183 3303 1255 φαιδρότητος
3330 1182 3364 1253 ή
3392 1182 3675 1244 ὑπόθεσις·

2097 1270 2329 1335 παίζων,
2364 1272 2711 1338 σπουδάζων,
2744 1274 3104 1345 ἀσκούμενος,
3142 1275 3590 1345 φαιδρυνόμενος,
3622 1276 3681 1327 ἐν

2100 1362 2379 1432 προόδοις,
2429 1365 2487 1415 ἐν
2532 1363 2927 1434 παλαίστραις,
2967 1367 3025 1418 ἐν
3070 1366 3348 1435 συλλόγοις
3396 1366 3679 1434 νεότητος⁶

2100 1458 2207 1510 πᾶν
2244 1456 2272 1508 ὅ
2321 1472 2375 1508 τι
2420 1456 2624 1527 μητρὸς
2673 1456 2971 1528 ὀφθαλμοῖν
3016 1457 3189 1526 γλυκύ
3232 1476 3291 1512 τε
3341 1460 3435 1511 καὶ
3475 1458 3682 1528 τίμιον.

2102 1548 2264 1618 μόνος
2300 1550 2507 1612 ἐκεῖνος
2537 1544 2625 1620 ἦν.
2671 1539 2813 1619 Ἤδη
2843 1549 2938 1603 τοῦ
2974 1551 3153 1618 γάμου
3184 1550 3282 1621 τὴν
3322 1549 3475 1621 ὤραν
3505 1549 3683 1617 ἄγων,

2098 1642 2127 1693 ό
2150 1640 2244 1693 τοῦ
2277 1641 2470 1709 γένους
2504 1640 2701 1711 δρπηξ,
2729 1643 2758 1694 ὁ
2779 1641 2879 1710 τῆς
2901 1641 3153 1712 διαδοχῆς
3179 1642 3390 1705 κλάδος,
3413 1644 3447 1712 ὴ
3475 1642 3687 1711 βακτη-

2105 1733 2194 1803 ρία
2220 1732 2313 1786 τοῦ
2337 1735 2564 1803 γήρους.
2607 1732 2769 1785 Ἀλλὰ
2801 1732 2894 1786 καὶ
2925 1735 2959 1803 ἡ
2992 1734 3091 1803 τῆς
3123 1732 3337 1803 ἡλικίας
3370 1732 3685 1804 προσθήκη,

2101 1825 2259 1889 ἄλλος
2300 1824 2495 1895 θρῆνος
2533 1820 2621 1895 ἦν.
2677 1824 2735 1878 '0
2777 1824 2887 1895 γάρ
2926 1826 3144 1878 νεανίαν
3183 1825 3386 1891 εἰπὼν,
3422 1825 3484 1878 τὸ
3522 1826 3690 1888 ἄνθος

2100 1911 2223 1969 εἷπε
2264 1915 2363 1985 τῆς
2391 1915 2762 1987 μαρανθείσης
2795 1915 2962 1986 ὥρας,
3003 1916 3128 1988 ἄρτι
3165 1920 3280 1979 τοῖς
3321 1916 3518 1980 ἰούλοις
3556 1916 3691 1970 ὐπο-

2099 2005 2415 2077 χλοάζοντα,
2454 2005 2607 2059 ούπω
2642 2006 2737 2059 τοῦ
2783 2006 3042 2076 πώγωνος
3073 2007 3161 2062 διὰ
3196 2008 3392 2078 βάθους
3434 2010 3689 2079 ὑποπιμ-

2100 2096 2395 2167 πλάμενον,
2429 2096 2510 2151 ἐτι
2537 2097 2616 2169 τῷ
2639 2098 2824 2152 κάλλει
2858 2099 2964 2153 τῶν
2989 2101 3229 2172 παρειῶν
3254 2101 3685 2157 ὑποπίλὸοντα.

2100 2187 2165 2241 Τί
2202 2187 2382 2242 τοίνυν
2422 2187 2652 2258 πάσχειν
2686 2190 2832 2254 εἰκὸς
2860 2185 2928 2261 ἦν
2976 2191 3062 2243 ἐπ’
3097 2191 3247 2262 αὐτῷ
3276 2191 3375 2263 τὴν
3426 2193 3689 2264 μητέρας

2098 2279 2260 2332 οἱονεὶ⁹
2304 2278 2437 2351 πυρὶ¹
2486 2281 2598 2342 τοῖς
2643 2281 2973 2349 σπλάγχνοις
3023 2279 3562 2348 ἐγκαταφλέγεσθαι,
3614 2279 3698 2343 ὡς

2100 2371 2312 2444 πικρῶς
2351 2373 2437 2425 ἐπ’
2468 2372 2617 2443 αὐτῷ
2654 2373 3001 2445 παρατείνειν
3031 2373 3123 2426 τὸν
3159 2372 3377 2444 θρῆνον,
3418 2372 3693 2445 περιπλε-

2098 2464 2338 2535 κομένην
2383 2464 2735 2536 προκειμένῳ
2777 2464 2859 2536 τῷ
2900 2464 3187 2536 πτώματι,
3221 2466 3299 2528 ὡς
3341 2465 3416 2537 μὴ
3458 2465 3524 2519 ἃν
3567 2467 3697 2519 ἐπι-

2100 2556 2334 2610 σπεῦσαι
2373 2556 2451 2627 τῷ
2497 2557 2677 2629 νεκρῷ
2718 2557 2818 2629 τὴν
2861 2557 3118 2628 κηδείαν,
3154 2556 3271 2610 ἀλλ’
3325 2558 3692 2628 ἐμφορεῖσθαι

2096 2648 2190 2703 τοῦ
2220 2648 2446 2712 πάθους,
2477 2650 2823 2703 ἐπιπλείστον
2854 2648 3003 2718 αύτῷ
3034 2650 3162 2712 τοὺς
3188 2648 3463 2719 ὀδυρμοὺς
3503 2665 3690 2720 παρα·

2096 2740 2396 2795 τείνουσαν·
2427 2740 2550 2793 οὑδέ
2583 2740 2741 2794 τοῦτο
2775 2741 3022 2812 παρῆκεν
3057 2742 3086 2794 ό
3111 2739 3287 2808 λόγος’
3331 2758 3350 2790 ι
3405 2739 3551 2793 Ἰδὼν
3584 2740 3689 2807 γὰρ

2096 2832 2266 2904 αὐτὴν
2301 2833 2329 2885 ό
2371 2832 2595 2903 Ἰησοῦς,
2624 2851 2644 2885 ι
2678 2833 2862 2903 φησιν,
2898 2853 2916 2883 ι
2951 2829 3375 2903 ἐσπλαγχνίσθη.
3409 2832 3506 2885 καὶ
3525 2848 3690 2902 προεο

2097 2925 2265 2980 ελθὼν
2292 2926 2469 2996 ἥψατο
2497 2925 2597 2995 τῆς
2636 2925 2819 2997 σοροῦ,
2849 2926 2896 2977 oi
2922 2925 2980 2979 δέ
3021 2924 3393 2995 βαστάσαντες
3431 2922 3681 2995 ἔστησαν.

2096 3018 2207 3071 Καὶ
2237 3017 2383 3086 λέγει
2420 3017 2499 3089 τῷ
2540 3016 2720 3087 νεκρῷ
2744 3033 2757 3047 ’
2786 3016 3023 3079 Νεανία,
3057 3016 3139 3070 σοὶ
3182 3014 3345 3084 λέγω,
3392 3015 3684 3086 ἐγέρθητι·

406 3109 477 3163 ab
496 3109 622 3179 igne
650 3108 890 3177 quodam
915 3110 1127 3164 viscera
1152 3107 1324 3176 ipsius
1350 3107 1579 3177 depasta
1611 3107 1783 3163 fuisse
1812 3122 1997 3162 neces-

2104 3108 2193 3163 καὶ
2225 3109 2542 3179 παρέδωκεν
2567 3109 2729 3162 αὑτὸν
2751 3111 2818 3179 τῇ
2865 3108 3032 3180 μητρὶ
3057 3106 3223 3162 αὐτοῦ
3251 3108 3449 3173 ζῶντα.
3491 3127 3510 3158 ι
3550 3108 3685 3177 Ἤδη

408 3212 470 3253 se
515 3206 621 3253 est.
662 3201 852 3268 Itaque
899 3199 1094 3253 acerbe
1132 3197 1482 3251 lamentando
1522 3213 1580 3253 se
1619 3198 1829 3261 afﬂixit,
1871 3214 1994 3252 cum

409 3290 608 3344 mortui
649 3289 884 3345 cadaver
923 3290 1351 3359 amplexaretur,
1392 3298 1447 3343 et
1485 3306 1645 3359 quam
1686 3291 2000 3347 diutissime

408 3380 464 3434 in
495 3378 642 3434 luctu
674 3378 996 3449 perduraret
1022 3396 1035 3432 :
1076 3378 1300 3433 minime
1334 3378 1422 3431 illa
1452 3377 1669 3447 quidem
1699 3393 2001 3449 properans

408 3472 651 3526 extincto
684 3471 834 3540 jLsta
874 3470 1081 3533 facere,
1124 3469 1222 3525 sed
1262 3469 1449 3524 satiari
1505 3470 1697 3524 dolore
1746 3471 1999 3540 cupiens.

2099 3199 2281 3251 τοίνυν
2312 3199 2414 3252 οὐκ
2449 3201 2507 3251 ἐν
2534 3198 2701 3268 ὀλίγῳ
2736 3198 3063 3270 διαστήματι
3102 3197 3200 3252 τοῦ
3230 3198 3428 3271 νεκροῦ
3464 3215 3689 3267 γεγενη-

2113 3290 2300 3359 μένου,
2352 3290 2446 3342 καὶ
2483 3290 2607 3342 ὅσον
2652 3289 2864 3343 οὐδέπω
2915 3288 3336 3351 ἐναποτεθέντος
3379 3289 3458 3361 τῷ
3511 3290 3687 3360 τάφῳ,

2104 3383 2314 3450 γίνεται
2359 3384 2487 3451 παρ’
2520 3381 2685 3434 αὐτοῦ
2734 3380 2942 3452 Κυρίου
2992 3381 3056 3435 τὸ
3103 3381 3200 3452 μὲν
3246 3380 3436 3452 θαῦμα
3485 3382 3691 3453 μεῖζον,

2103 3474 2166 3527 τὸ
2204 3474 2262 3527 δέ
2306 3474 2635 3544 πρόσταγμα
2680 3469 2816 3527 ἶσον.
2855 3474 2976 3527 Ἔτι
3015 3474 3152 3544 πρὸς
3189 3474 3249 3527 τὸ
3294 3473 3693 3544 ὑψηλότερονή

412 3540 617 3616 Deinde
644 3561 975 3631 subjicitur:
1056 3560 1277 3623 Jesum,
1313 3576 1435 3614 cum
1473 3560 1619 3613 illam
1655 3569 1801 3616 esset
1836 3561 1999 3615 intui-

2109 3567 2510 3638 θαυματοποιία
2556 3566 2916 3637 προέρχεται,
2961 3566 3038 3630 ὡς
3092 3566 3157 3621 ἂν
3214 3567 3417 3637 μᾶλλον
3453 3583 3695 3637 προσεγ-

409 3662 523 3713 tus,
550 3642 744 3707 intimo
765 3654 1038 3708 viscerum
1068 3663 1221 3707 motu
1254 3666 1383 3722 erga
1423 3651 1597 3721 ipsam
1624 3663 1685 3706 ut
1712 3653 1999 3709 commise-

2108 3658 2281 3727 γίσειε
2342 3657 2411 3711 τά
2466 3658 2766 3727 φαινόμενα
2826 3658 2907 3729 τῷ
2962 3659 3351 3731 ἀπιστουμένω
3412 3660 3547 3729 περὶ
3598 3658 3698 3730 τὴν

411 3750 623 3805 ratione
647 3757 987 3821 tangeretur,
1013 3749 1309 3803 adductum
1337 3746 1528 3803 fuisse.
1554 3746 1733 3814 Quare
1760 3764 1885 3803 cum
1909 3766 1999 3805 ac-

2109 3751 2410 3807 άνάστασιν
2450 3750 2711 3821 θαύματι.

410 3846 691 3911 cessisset,
734 3845 1072 3915 sandapilam
1129 3845 1348 3913 attigit:
1381 3853 1436 3899 et
1493 3843 1754 3900 continuo
1794 3846 1887 3914 qui
1948 3862 2069 3901 eam
2115 3847 2430 3917 portabant.
2472 3846 2854 3902 substiterunt.
2910 3845 2989 3901 lbi
3028 3854 3141 3900 tum
3181 3854 3428 3910 mortuo,
3467 3845 3699 3900 Iuvenis

412 3937 530 4004 (ait)
564 3936 659 3989 tibi
700 3936 846 4000 dico,
886 3937 1286 4007 expergiscere.
1330 3938 1507 4008 Atque
1547 3939 1651 3993 hoc
1689 3948 1849 4009 pacto
1885 3939 2009 3993 vita:
2053 3940 2363 3994 restitutum
2412 3940 2568 3992 matri
2614 3940 2801 3993 donat.
2842 3938 2985 4008 Ergo
3023 3937 3150 3992 huic
3183 3953 3293 3991 non
3337 3939 3543 4008 exiguo
3582 3937 3695 4006 jam

410 4030 485 4085 ab
518 4028 805 4083 intervallo
841 4040 1060 4084 mortuo
1096 4031 1264 4084 vitam
1304 4031 1564 4094 restituit,
1612 4048 1736 4085 cum
1778 4040 1989 4086 tantum
2032 4049 2139 4088 non
2163 4034 2411 4102 sepultus
2457 4042 2623 4087 esset.
2682 4031 2836 4097 Quod
2859 4031 2971 4100 jam
2998 4031 3323 4085 miraculum
3359 4031 3549 4099 priore
3583 4043 3698 4081 ma-

409 4120 503 4190 jus
527 4125 633 4177 est.
666 4133 979 4188 quanquam
1012 4119 1202 4174 eodem
1246 4122 1520 4175 sermonis
1554 4121 1783 4190 imperio
1838 4124 1910 4177 sit
1961 4120 2242 4179 effectum.
2280 4123 2569 4178 Enimvero
2624 4122 2886 4177 Dominus
2941 4120 3009 4175 ad
3058 4121 3330 4176 excelsius
3362 4120 3531 4175 etiam
3568 4132 3697 4187 pro-

409 4211 618 4282 digium
651 4212 1015 4281 progreditur,
1073 4220 1134 4266 ut
1173 4215 1355 4282 potius
1410 4231 1505 4283 per
1544 4215 1866 4271 manifestas
1904 4216 2220 4273 affectiones
2270 4218 2337 4272 ad
2396 4218 2836 4273 resuscitationis
2892 4217 3215 4271 miraculum
3270 4216 3696 4279 accederemus,

415 4303 563 4371 quod
596 4304 892 4372 cmteroqui
924 4304 1145 4358 difﬁcile
1174 4304 1386 4358 credito
1413 4315 1518 4359 est.

484 4397 693 4454 Afﬂicta
719 4400 939 4469 quidam
959 4400 1268 4455 valetudine
1297 4400 1525 4455 Domino
1550 4400 1835 4460 familiaris
1857 4414 1911 4460 et
1936 4420 1993 4456 ο-
2028 4409 2071 4461 D

413 4492 591 4547 micus
612 4499 746 4555 erat,
764 4491 850 4544 cui
880 4507 1077 4545 nomen
1097 4492 1357 4547 Lazarus.
1379 4491 1534 4546 llunc
1557 4510 1868 4564 quanquam
1895 4496 2001 4551 sibi

414 4598 626 4649 carum,
646 4583 881 4637 invisere
906 4594 1086 4637 tamen
1113 4582 1375 4639 Dominus
1400 4587 1636 4648 nolebat,
1664 4604 1786 4640 cum
1813 4590 1999 4659 procul

413 4677 484 4730 ab
517 4675 637 4746 ipso
666 4676 921 4731 abesset:
959 4687 1018 4730 ut
1048 4676 1184 4731 satis
1214 4686 1267 4730 et
1302 4677 1408 4730 loci
1444 4689 1498 4732 et
1530 4677 1808 4733 facultatis
1842 4682 2002 4735 morti

415 4779 563 4825 esset
594 4770 648 4823 in
679 4771 927 4823 absentia
951 4769 1095 4831 vitae,
1114 4769 1183 4823 ad
1210 4768 1552 4825 efficiendum
1581 4772 1632 4825 id
1668 4774 1845 4828 morbi
1873 4788 1999 4842 cpe,

417 4862 561 4931 quod
590 4861 691 4931 ipsi
713 4870 796 4915 est
821 4863 1122 4931 proprium.
1145 4859 1355 4915 Lazaro
1380 4862 1597 4932 quidem
1620 4864 1748 4934 quid
1774 4865 2006 4920 accidis-

419 4960 501 5005 set
527 4966 651 5003 cum
682 4960 868 5004 essent
896 4951 947 5004 in
978 4950 1221 5014 Galilaea,
1258 4950 1545 5020 discipulis
1574 4953 1811 5009 indicat:
1840 4964 2005 5024 atque

415 5044 577 5095 etiam
602 5043 992 5109 profectionem
1012 5044 1078 5097 ad
1098 5044 1249 5096 illum
1278 5059 1454 5106 suam,
1491 5053 1550 5096 ut
1569 5045 1839 5111 jacentem
1864 5047 2006 5101 exci-

420 5142 582 5187 taret.
604 5131 797 5186 Sedilli
818 5149 996 5187 rerum
1030 5149 1253 5188 suarum
1281 5135 1478 5203 trepidi
1514 5144 1735 5203 propter
1758 5137 2005 5190 immani-

420 5232 587 5277 tatem
630 5223 971 5287 Iudaeorum,
1025 5241 1190 5296 grave
1228 5240 1292 5279 ae
1334 5227 1703 5295 periculosum
1744 5228 1846 5281 sibi
1887 5226 2004 5283 fore

419 5316 759 5380 Statuebant,
801 5318 847 5371 si
879 5319 970 5370 tali
1000 5328 1242 5386 tempore
1287 5318 1340 5372 in
1368 5316 1610 5372 Juda‘am
1636 5319 1904 5385 redirent,
1938 5335 2003 5374 ac

422 5408 896 5465 semethomicidis
917 5410 1235 5463 mactandos
1254 5411 1773 5479 praeberentJtaque
1792 5426 2002 5466 moram

425 5516 490 5555 ex
511 5514 662 5554 mora
686 5507 988 5565 nectentes,
1020 5516 1145 5555 sero
1177 5501 1394 5556 tandem
1421 5517 1452 5557 e
1476 5500 1696 5556 Galilaza
1723 5510 2004 5557 revertun-

425 5589 674 5647 tur.Nam
696 5590 905 5646 Domini
926 5600 1189 5662 potestas,
1207 5593 1449 5663 ipsorum
1470 5604 1586 5648 erat
1604 5595 1881 5649 voluntate
1913 5611 2007 5649 su-

428 5686 628 5755 perior.
648 5682 832 5754 Itaque
859 5683 1199 5747 ducebantur,
1215 5686 1419 5757 abipso
1457 5687 1731 5756 discipuli.
1775 5699 1833 5741 ut
1862 5688 2005 5757 apud

427 5780 740 5836 Bctltaniam
771 5779 925 5835 initia
954 5779 1197 5851 mysterii
1226 5780 1292 5835 de
1317 5781 1740 5846 resurrectione,
1764 5796 1869 5851 qua
1905 5782 2004 5836 bo-

2182 4402 2428 4457 Ἦσθένει
2468 4419 2550 4463 τις
2575 4400 2682 4453 τῶν
2723 4398 2970 4469 συνήθων
3009 4397 3087 4468 τῷ
3132 4400 3324 4470 Κυρίῳ
3352 4401 3448 4453 καὶ
3500 4400 3694 4469 φίλων

2105 4495 2353 4566 Λάζαρος
2371 4494 2539 4563 ὄνομα
2560 4491 2638 4562 τῷ
2659 4489 2990 4544 ἁσθενοῦντι.
3015 4491 3125 4543 Καὶ
3153 4493 3499 4562 παραιτεῖται
3529 4494 3558 4544 ό
3587 4491 3698 4545 Κύ-

2109 4600 2222 4655 ριος
2248 4585 2347 4651 τὴν
2389 4582 2482 4635 τοῦ
2509 4580 2661 4650 φίλου
2708 4578 3016 4647 ἐπίσκεψιν,
3043 4580 3233 4650 ττόρρω
3273 4580 3366 4633 τοῦ
3408 4582 3697 4648 νοσοῦντος

2106 4675 2420 4744 γενόμενος,
2448 4674 2522 4736 ὼς
2550 4673 2614 4726 ἂν
2644 4671 2792 4744 εὖροι
2826 4670 3009 4742 χώραν
3041 4673 3135 4725 καὶ
3161 4672 3389 4743 δύναμιν
3412 4675 3470 4726 ἐν
3498 4678 3567 4745 τῇ
3595 4676 3696 4745 τῆς

2110 4767 2257 4836 ζωῆς
2278 4765 2516 4836 ἀπουσίᾳ
2535 4766 2595 4818 τὸ
2624 4765 2754 4819 ἴδιον
2780 4764 3108 4836 ἐργάζεσθαι
3128 4764 3215 4817 διὰ
3235 4765 3335 4835 τῆς
3355 4767 3515 4819 νόσου
3545 4770 3574 4819 ό
3602 4768 3697 4821 θα-

2111 4877 2291 4923 νατος.
2323 4859 2534 4929 Μηνύει
2558 4862 2665 4923 τοῖς
2691 4858 2959 4930 μαθηταῖς
2978 4860 3006 4911 ό
3032 4857 3235 4928 Κύριος
3258 4859 3397 4911 κατὰ
3420 4860 3521 4928 τὴν
3543 4861 3696 4913 Γαλι-

2112 4952 2267 5006 λαίαν
2292 4952 2353 5005 τδ
2372 4953 2498 5023 περὶ
2520 4952 2612 5004 τὸν
2633 4952 2881 5023 Λάζαρον
2904 4951 3076 5015 πάθος
3096 4968 3107 4982 ·
3140 4950 3275 5004 ἀλλὰ
3303 4951 3397 5003 καὶ
3429 4952 3531 5021 τὴν
3562 4954 3695 5023 προς

2111 5044 2273 5096 αὐτὸν
2298 5044 2492 5114 ὁρμὴν,
2511 5045 2594 5112 ἐφ’
2676 5060 2734 5094 τε
2755 5042 3107 5113 διαναστῆσαι
3131 5043 3221 5094 τὸν
3242 5042 3513 5112 κείμενον.
3536 5045 3698 5114 Περι-

2110 5137 2249 5198 δεεῖς
2280 5136 2337 5188 δὲ
2359 5132 2497 5205 ἦσαν
2520 5137 2713 5188 ἐκεῖνοι
2739 5134 2828 5188 διὰ
2850 5135 2947 5205 τὴν
2971 5134 3080 5187 τῶν
3122 5135 3395 5188 Ἰουδαίων
3411 5135 3693 5206 ὠμότητα,

2111 5227 2346 5298 χαλεπὸν
2372 5229 2465 5281 καὶ
2496 5227 2812 5289 κινδυνῶδες
2849 5226 3158 5295 ποιούμενοι
3188 5226 3248 5280 τὸ
3279 5227 3440 5281 πάλιν
3474 5230 3569 5282 ἐπὶ
3598 5230 3695 5298 τῆς

2123 5318 2382 5380 Ἰουδαίας
2418 5320 2474 5370 ἐν
2506 5320 2654 5388 μέσῳ
2678 5319 2787 5371 τῶν
2831 5317 3111 5387 φονώντων
3155 5317 3428 5386 γενέσθαι.
3459 5320 3574 5372 Καὶ
3608 5320 3695 5373 διὰ

2110 5411 2267 5465 τοῦτο
2302 5411 2581 5480 μέλλοντες
2612 5410 2705 5463 καὶ
2734 5409 3172 5478 ἀναϐαλλόμενοι.
3206 5408 3382 5479 χρόνῳ
3414 5410 3693 5463 ποιοῦνται

2110 5502 2209 5571 τὴν
2226 5501 2333 5554 άπὸ
2352 5503 2450 5571 τῆς
2472 5500 2759 5562 Γαλιλαίας
2780 5499 3054 5553 ἐπάνοδον.
3074 5499 3403 5569 Κατεκράθη
3422 5498 3533 5570 γάρ
3553 5504 3586 5570 η
3609 5500 3696 5567 ἐξ-

2113 5594 2287 5657 ουσία,
2316 5594 2408 5646 καὶ
2432 5592 2625 5662 ἤγοντο
2655 5590 2807 5662 παρὰ
2826 5590 2922 5644 τοῦ
2949 5591 3150 5663 Κυρίου
3171 5592 3218 5643 οἱ
3245 5590 3503 5663 μαθηταὶ,
3532 5592 3695 5645 οἱονεὶ

2114 5686 2181 5737 τά
2213 5685 2499 5756 προτέλεια
2537 5686 2633 5751 τῆς
2668 5681 2959 5752 καθολικῆς
2988 5682 3333 5745 ἀναστάσεως
3362 5683 3420 5734 ἐν
3452 5681 3693 5752 Βηθανίᾳ

2120 5778 2537 5851 μυηθησόμενοι.
2571 5776 2845 5847 Τέσσαρες
2870 5771 3007 5848 ἦσαν
3034 5774 3133 5847 ἤδη
3170 5775 3307 5846 μετὰ
3345 5773 3406 5828 τὸ
3436 5774 3612 5839 πάθος
3637 5778 3691 5829 αξ
