3886 6214
195 321 299 380 311

1465 326 1552 380 DE
1596 323 1878 379 HOMINIS
1912 321 2228 378 OPIFICIO.

3365 315 3470 368 2‘19.

195 433 429 505 ἡμέραν
456 434 632 487 πάντα
659 434 1015 506 ἐπεπλήρωτο
1039 437 1115 509 τῷ
1137 439 1507 508 κατοιχομένῳ
1529 437 1598 490 τά
1627 455 1781 508 νομι-

1886 436 2092 488 minum
2125 431 2419 500 aliquando
2457 446 2628 501 genus
2665 431 2993 486 excitabitur
3030 432 3301 492 universe,
3339 447 3466 501 per-

195 527 428 596 ζόμενα,
469 527 622 597 τάφῳ
651 528 962 599 κατεκρύϐη
996 529 1054 581 τὸ
1100 530 1278 599 σῶμα.
1323 530 1611 599 Ἐξῳδήκει
1642 531 1784 584 κατὰ

191 619 258 671 τὺ
284 618 433 681 εἰκὸς
462 619 584 690 ήδη,
615 620 868 690 καὶπρὸς
895 621 1191 692 διαφθοράν
1223 622 1478 678 διελύετο.
1514 623 1782 691 μυδῶντος

194 709 254 759 ἐν
285 707 367 778 τῷ
404 709 602 779 εύρῶτι
635 709 736 774 τῆς
755 711 877 779 γῆς,
903 713 996 763 καὶ
1017 711 1398 775 διαπίπτοντος
1423 713 1511 764 ὑπ’
1538 715 1782 784 ἀνάγκης

190 798 290 850 τοῦ
320 797 591 868 σώματος.
614 801 846 853 Φευκτὸν
872 798 938 873 ἦν
967 803 1026 855 τὸ
1054 805 1302 873 πρᾶγμα,
1329 804 1653 874 βιαζομένης
1682 805 1781 874 τῆς

193 889 418 955 φύσεως
459 889 520 942 τὸ
553 890 800 943 διαλυθὲν
842 894 920 954 είς
966 894 1230 947 δυσωδίαν
1277 895 1580 948 ἀποδιδόναι
1617 896 1778 949 πάλιν

191 980 273 1048 τῷ
304 981 427 1050 ζῇν.
473 981 606 1034 Τότε
653 983 714 1034 τὸ
745 983 1142 1052 ἀπιστούμενον
1181 985 1280 1054 τῆς
1325 985 1617 1056 καθολικῆς
1649 989 1779 1040 ἀνα-

196 1072 448 1134 στάσεως
497 1071 658 1142 ἔργον
701 1072 768 1125 δι’
802 1075 1195 1145 ἐναργεστέρου
1237 1071 1330 1128 τοῦ
1380 1076 1656 1147 θαύματος
1700 1081 1778 1142 εἰς

190 1165 472 1230 ἀπόδειξιν
500 1166 710 1231 ἄγεται.
759 1167 894 1218 υύδέ
928 1166 1036 1238 γάρ
1081 1171 1145 1220 ἐκ
1186 1169 1340 1221 νόσου
1372 1186 1456 1233 τις
1498 1170 1779 1224 ἀνίσταται

191 1256 462 1326 χαλεπῆς,
504 1257 624 1310 ούδέ
663 1258 798 1328 πρὸς
835 1261 954 1319 ταῖς
1002 1259 1337 1322 τελευταίαις
1367 1260 1442 1313 ὢν
1488 1263 1777 1325 ἀναπνοαῖς

191 1351 274 1411 εἰς
319 1349 419 1416 τὴν
474 1347 617 1420 ζωὴν
666 1349 1016 1418 ἐπανάγεται,
1069 1352 1188 1404 οὐδὲ
1239 1351 1456 1406 παιδίον
1489 1353 1777 1423 ἀρτιθανὲς

189 1440 558 1504 ζωοποιεῖται,
583 1441 702 1493 οὑδέ
730 1441 936 1511 μέλλων
965 1443 1040 1513 τῷ
1066 1444 1222 1514 τάφῳ
1246 1445 1615 1516 προσάγεσθαι
1649 1463 1777 1500 νεα-

188 1531 316 1593 νίας
350 1531 513 1584 πάλιν
552 1535 616 1585 ἐκ
663 1533 762 1603 τῆς
805 1534 962 1605 σοροῦ
1003 1535 1323 1589 ἀναλύεταιο
1356 1537 1473 1590 ἀλλ’
1502 1537 1640 1608 ἀνὴρ
1670 1538 1775 1590 τῶν

189 1623 439 1694 ἐξώρων,
478 1625 690 1696 νεκρὸς,
727 1626 910 1689 ἕωλος,
948 1627 1232 1698 ἐξῳδηκὼς
1260 1627 1380 1698 ήδη.
1413 1629 1506 1681 καὶ¹
1544 1627 1773 1698 λελυμέ-

186 1735 304 1781 νος,
329 1719 407 1781 ώς
443 1718 576 1788 μηδέ
607 1721 720 1782 τοῖς
755 1719 1082 1788 ἐπιτηδείοις
1109 1720 1333 1773 ἀνεκτὸν
1367 1715 1505 1775 εἶναι
1538 1739 1772 1792 προσεγ-

185 1809 347 1877 γίσαι
396 1809 474 1880 τῷ
518 1811 674 1880 τάφῳ
721 1810 810 1863 τὸν
869 1811 1104 1882 Κύριον,
1157 1811 1246 1865 διὰ
1299 1811 1400 1883 τὴν
1449 1814 1773 1884 ἐγκειμένην
1809 1796 1848 1850 Β

185 1901 390 1970 ἀηδίαν
446 1902 540 1954 τοῦ
597 1903 1038 1967 διαπεπτωκότος
1086 1903 1372 1975 σώματος,
1431 1907 1532 1976 μιᾷ.
1583 1909 1773 1977 κλήσει

187 1987 556 2060 ζωοποιηθεὶς
578 1991 863 2045 πιστοῦται
893 1992 952 2045 τὸ
981 1994 1242 2064 κήρυγμα
1270 1995 1368 2064 τῆς
1403 1995 1772 2060 ἀναστάσεως,

187 2083 339 2137 τοῦτ’
381 2082 518 2146 ἔστι,
547 2084 606 2136 τὸ
637 2083 731 2136 ἐπὶ
771 2084 862 2136 τοῦ
911 2084 1089 2137 κοινοῦ
1123 2084 1592 2156 προσδοκώμενον,
1625 2087 1654 2140 ὃ
1683 2089 1776 2140 ἐπὶ

192 2174 396 2244 μέρους
422 2175 488 2244 τῇ
529 2173 695 2244 πείρᾳ
727 2173 1025 2244 ἐμάθομεν.
1059 2174 1328 2244 Καθάπερ
1358 2174 1464 2246 γάρ
1499 2177 1556 2230 ἐν
1584 2180 1648 2248 τῇ
1679 2177 1774 2229 τοῦ

189 2267 395 2329 παντὸς
443 2267 902 2336 ἀναστοιχειώσει,
931 2267 1094 2335 φησὶν
1149 2267 1178 2318 ὁ
1215 2268 1557 2332 Ἀπόστολος,
1611 2269 1773 2322 αὐτὸν

190 2356 607 2428 καταδήσεσθαι
655 2357 746 2410 τὸν
776 2356 980 2429 Κύριον
1028 2361 1085 2410 ἐν
1128 2357 1478 2428 κελεύσματι.
1529 2363 1586 2412 ἐν
1621 2363 1770 2431 φωνῇ

185 2449 555 2518 ἀρχαγγέλου,
589 2449 684 2502 καί
720 2449 806 2502 διὰ
844 2450 1141 2518 σάλπιγγος
1190 2451 1269 2513 είς
1310 2451 1616 2522 ἀφθαρσίαν
1647 2455 1774 2516 τοὺς

184 2541 422 2609 νεκροὺς
457 2540 838 2611 διαναστήσειν
855 2558 867 2570 ·
906 2541 1049 2594 οὕτω
1074 2541 1166 2594 καὶ
1207 2541 1302 2593 νῦν
1327 2537 1436 2595 οἷόν
1462 2561 1580 2596 τινα
1604 2542 1772 2599 ὕπνον

183 2630 288 2682 τὸν
336 2630 584 2698 θάνατον,
627 2635 694 2702 τῇ
733 2634 882 2703 φωνῇ
931 2632 1026 2685 τοῦ
1079 2632 1500 2704 προστάγματος
1542 2636 1571 2687 ὁ
1608 2637 1664 2688 ἐν
1698 2635 1776 2706 τῷ

182 2721 352 2790 τάφῳ
409 2722 862 2792 ἀποσεισάμενος,
911 2724 1008 2776 καὶ
1057 2723 1385 2788 ἀποτινάξας
1439 2725 1634 2780 ἐαυτοῦ
1675 2726 1776 2798 τὴν

181 2813 582 2885 ἐπιγινομένην
633 2814 930 2885 διαφθορὰν
972 2818 1040 2887 τῇ
1088 2817 1398 2887 νεκράτητι,
1439 2818 1624 2889 ἄρτιος
1683 2819 1777 2871 καὶ

185 2904 338 2967 σῶος
373 2905 466 2958 τοῦ
498 2907 670 2975 τάφου
703 2906 1006 2972 ἐξάλλεται,
1043 2908 1179 2978 μηδὲ
1206 2908 1284 2979 τῷ
1305 2909 1490 2980 δεσμῷ
1511 2909 1618 2962 τῶν
1647 2911 1776 2980 περὶ

183 2997 324 3057 τοὺς
351 2995 514 3060 πόδας
565 2997 790 3061 καὶτὰς
833 3000 1020 3071 χεῖρας
1067 2998 1292 3069 κειριῶν
1323 2998 1586 3062 κωλυθεὶς
1639 3000 1775 3071 πρὸς

183 3087 298 3158 τὴν
326 3087 520 3151 ἔξοδον.

1885 527 2150 594 ciperent.
2181 523 2301 577 Toti
2327 524 2441 589 jam
2474 522 2594 576 dies
2629 529 2784 575 erant
2808 522 2976 592 elapsi
3000 529 3237 592 quatuor
3265 541 3277 574 :
3311 522 3465 591 justa

1883 627 2104 670 mortuo
2133 616 2243 684 jam
2284 614 2493 684 pridem
2535 613 2712 680 facta;
2745 629 2946 683 corpus
2981 615 3232 683 sepulcro
3266 615 3464 668 condi-

1883 716 2018 762 tum.
2064 709 2117 761 Id
2152 724 2284 762 vero
2314 708 2492 762 simile
2525 715 2608 762 est
2632 708 2744 776 jam
2781 715 2896 760 tum
2931 709 3279 767 intumuisse.
3314 723 3466 762 com-

1883 808 2247 868 paratumque
2288 799 2352 853 ad
2397 799 2676 853 interitum
2713 798 2903 857 fuisse.
2945 800 3211 853 cadavere
3250 800 3369 868 ipso
3407 800 3464 852 in

1882 889 2069 941 illuvie
2099 895 2257 942 terra:
2296 890 2608 942 necessario
2644 887 2940 942 dililuente.
2986 887 3091 941 Res
3132 889 3252 956 ipsa.
3284 887 3462 950 fusda,

1883 987 2203 1048 tantumque
2227 996 2332 1034 non
2366 979 2752 1040 abominanda,
2776 979 2893 1047 cogi
2925 978 3181 1031 nimirum
3207 988 3463 1032 naturam

1881 1073 1932 1125 id
1963 1072 2108 1140 quod
2139 1073 2251 1142 jam
2286 1074 2358 1126 ita
2393 1071 2756 1134 dissolvisset,
2791 1079 2848 1122 ut
2883 1071 3041 1138 plane
3079 1070 3269 1124 feteret
3291 1110 3304 1131 .
3340 1070 3463 1124 vitm

1879 1165 2187 1219 reStitucre.
2223 1166 2411 1233 Itaque
2442 1174 2554 1216 tum
2581 1163 2722 1216 haud
2751 1163 2916 1216 dubie
2945 1161 3194 1230 prodigio
3217 1163 3460 1230 quodam

1879 1260 2194 1321 illustriori,
2229 1274 2402 1327 genus
2436 1258 2736 1310 humanum
2773 1256 3028 1311 universe
3066 1255 3360 1326 aliquando
3395 1270 3460 1307 ex

1879 1359 2052 1405 morte
2071 1349 2421 1404 excitandum
2443 1365 2586 1410 esse,
2606 1349 3038 1402 demonstratum
3057 1354 3160 1400 est.
3181 1345 3296 1399 Non
3318 1346 3464 1400 enim

1877 1445 2025 1514 gravi
2065 1443 2190 1514 quis
2229 1444 2419 1497 morbo
2458 1444 2688 1505 levatur,
2727 1457 2906 1512 neque
2946 1442 2992 1496 is
3031 1440 3122 1509 qui
3159 1451 3462 1494 extremmn

1877 1537 2113 1591 ducebat
2147 1536 2426 1606 spiritum,
2453 1538 2577 1590 vitae
2594 1535 2932 1599 restituitur,
2957 1549 3135 1602 neque
3166 1533 3344 1602 puella
3379 1548 3462 1586 re-

1876 1643 2009 1683 cens
2036 1636 2248 1682 mortua
2275 1628 2440 1681 vitam
2469 1638 2779 1697 recuperat,
2808 1643 2982 1697 neque
2999 1626 3220 1696 juvenis
3236 1625 3463 1695 jamjam

1877 1719 2226 1788 sepeliendus
2258 1717 2326 1772 de
2354 1718 2636 1789 sandapila
2677 1720 2953 1780 eximitur,
2988 1717 3081 1772 sed
3117 1717 3280 1771 homo
3307 1725 3466 1770 aetate

1879 1812 2184 1882 provectior
2199 1811 2524 1880 jampridem
2543 1820 2810 1876 mortuus,
2831 1809 3128 1873 marcidus,
3147 1819 3466 1878 putrescens

1879 1921 1944 1959 ac
1969 1905 2243 1967 diﬁluens,
2270 1904 2430 1974 cujus
2458 1903 2525 1958 ad
2559 1905 2855 1969 tumulum,
2887 1913 3110 1973 propter
3134 1901 3338 1956 foedum
3371 1915 3466 1954 ca-

1879 1996 2096 2052 daveris
2128 1995 2378 2059 halitum,
2411 2003 2469 2048 ut
2501 1995 2763 2050 Dominus
2785 1994 3094 2058 accederet,
3116 1993 3208 2048 vix
3233 1992 3336 2063 ipsi
3364 2007 3464 2045 nev

1879 2088 2104 2144 cessat-ii
2132 2086 2416 2142 ferendum
2448 2087 2857 2142 existimabant.
2892 2084 2992 2140 Hic
3025 2100 3157 2155 ergo
3189 2100 3295 2138 una
3330 2099 3466 2139 voce

1881 2181 2047 2233 vitam
2079 2194 2434 2248 recuperans,
2462 2179 2621 2234 ﬁdem
2657 2179 2922 2233 doctrinae
2959 2179 3028 2233 de
3061 2180 3466 2233 resurrectione

1883 2272 2164 2334 conciliat,
2202 2279 2260 2324 ut
2287 2271 2398 2340 jam
2433 2271 2507 2324 sit
2537 2270 2964 2339 exspectandum
3006 2269 3282 2329 universe.
3318 2267 3463 2338 quod

1883 2365 2048 2420 certis
2102 2364 2155 2416 in
2205 2364 2454 2433 partibus
2491 2359 2826 2431 experientia
2868 2374 3055 2414 verum
3091 2373 3214 2413 esse
3251 2357 3463 2413 docuit.

1880 2453 2040 2520 Nam,
2079 2463 2137 2508 ut
2166 2455 2462 2524 Apostolus
2491 2452 2766 2506 memoriae
2796 2450 3055 2520 prodidit,
3095 2464 3160 2503 eo
3195 2458 3465 2518 tempore,

1878 2563 1988 2618 quo
2022 2548 2418 2603 instaurabitur
2447 2545 2778 2600 universitas
2812 2559 3020 2605 rerum,
3061 2541 3348 2596 Dominum
3384 2541 3467 2610 ip-

1878 2655 1998 2694 sum
2031 2639 2265 2708 quadam
2297 2637 2456 2706 quasi
2476 2651 2597 2690 cum
2625 2635 2848 2688 militari
2878 2633 3333 2690 conclamatione.
3368 2646 3468 2701 per

1877 2747 2064 2785 vocem
2120 2729 2430 2784 divinorum
2483 2728 2802 2782 nuntiorum
2852 2726 3147 2796 principis,
3202 2741 3265 2778 ac
3316 2725 3467 2779 tuba:

1875 2824 2186 2893 clangorem
2221 2830 2468 2877 mortuos
2500 2821 2566 2875 ad
2593 2819 2962 2874 conditionem
2994 2820 3249 2873 interitus
3273 2833 3468 2887 exper-

1875 2923 1982 2969 tem
2012 2915 2401 2969 suscitaturum
2419 2913 2467 2944 9°
2491 2933 2504 2968 :
2539 2914 2619 2968 sic
2641 2926 2786 2965 nunc
2808 2911 2970 2964 etiam
2992 2909 3230 2963 Lazarus
3255 2910 3470 2962 tumqu

1881 3005 2171 3066 conditus,
2217 3004 2284 3058 ad
2328 3019 2515 3059 vocem
2553 3004 2952 3074 imperiumque
2989 3001 3199 3056 Domini
3237 3009 3468 3055 mortem

1883 3095 2056 3150 instar
2093 3095 2271 3150 somni
2310 3091 3125 3162 excutiens,etputrefactione,
3161 3107 3282 3160 quae
3320 3105 3468 3143 mor-

188 3194 354 3238 tuum
389 3185 650 3240 continuo
684 3194 1068 3257 occupaverat,
1109 3185 1318 3256 abjecta
1349 3203 1362 3240 :
1397 3187 1606 3258 integer
1626 3196 1678 3242 et
1702 3174 1992 3244 incolumis
2022 3191 2090 3244 de
2121 3191 2374 3260 sepulcro
2393 3188 2627 3259 prosilit,
2657 3203 2724 3242 ne
2751 3187 2986 3242 vinculis
3012 3185 3234 3256 quidem
3263 3184 3466 3254 ipsum,

187 3281 400 3352 quibus
443 3297 566 3338 cum
589 3282 1091 3353 manustumpedes
1121 3293 1278 3338 erant
1310 3284 1620 3347 constricti,
1660 3284 2110 3354 impedientibus.

269 3371 417 3445 Ἀρα
458 3375 632 3444 μικρά
667 3375 838 3428 ταῦτα
885 3376 1023 3446 πρὸς
1056 3377 1238 3431 πίστιν
1276 3380 1375 3450 τῆς
1415 3379 1525 3432 τῶν
1573 3379 1781 3448 νεκρῶν

1958 3380 2161 3450 Ecquid
2183 3379 2298 3434 haac
2313 3381 2377 3432 ad
2398 3375 2825 3432 conhrmandam
2844 3372 2911 3429 de
2929 3372 3325 3428 resurrectione
3344 3384 3470 3439 per-

190 3464 579 3527 ἁναστάσεωςς
632 3463 696 3514 Ei
739 3462 920 3533 ζητεῖς
968 3466 1061 3518 καὶ
1107 3467 1174 3519 δι’
1232 3467 1435 3538 ἐτέρων
1480 3466 1784 3537 βεϐαιωθῆ-

190 3551 286 3603 ναί
343 3567 425 3603 σοι
474 3550 574 3619 τὴν
627 3551 755 3620 περὶ
801 3550 992 3604 τούτου
1055 3554 1270 3623 κρίσιν;
1319 3555 1456 3607 ἀλλά
1505 3571 1594 3624 μοι
1641 3554 1788 3606 δοκεῖ

196 3639 274 3710 μὴ
332 3640 512 3708 μάτην
571 3640 684 3700 τοῖς
743 3639 882 3692 κατά
931 3641 1305 3713 Καφαρναοὺμ
1346 3643 1647 3713 εἰρηκέναι,
1711 3641 1786 3704 ὡς

192 3729 261 3780 ἐκ
308 3725 603 3796 προσώπου
649 3725 757 3778 τῶν
793 3725 1096 3797 ἀνθρώπων
1128 3729 1156 3780 ό
1204 3727 1406 3800 Κύριος
1448 3727 1604 3782 τοῦτο
1649 3729 1786 3798 πρὸς

194 3818 393 3869 ἑαυτὸν
430 3814 601 3882 λέγων
623 3832 635 3842 ·
669 3835 687 3866 ‹
726 3803 948 3878 Πάντως
987 3815 1167 3898 ἐρεῖτέ
1210 3834 1301 3887 μοι
1329 3816 1425 3887 τὴν
1471 3817 1786 3888 παραϐολὴν

192 3905 424 3974 ταύτην·
481 3903 674 3973 Ίατρέ,
719 3902 1051 3973 θεράπευσον
1080 3903 1328 3958 σεαυτόν.
1352 3921 1369 3953 ι
1390 3903 1536 3958 Ἔδει
1565 3905 1674 3976 γὰρ
1729 3908 1786 3958 ἐν

194 3994 409 4063 ἑτέροις
461 3990 678 4060 σώμασι
728 3992 1126 4062 προσεθίσαντα
1169 3995 1296 4054 τοὺς
1344 3992 1663 4064 ἀνθρώπους
1708 3993 1786 4064 τῷ

195 4080 345 4132 κατὰ
374 4080 474 4149 τὴν
504 4081 799 4132 ἀνάστασιν
824 4079 1082 4150 θαύματι,
1114 4083 1170 4132 ἐν
1202 4081 1278 4149 τῷ
1319 4080 1440 4133 καθ’
1476 4082 1665 4134 ἑαυτὸν
1693 4084 1786 4136 ἀν-

196 4168 406 4238 θρώπῳ
442 4167 737 4237 βεϐαιῶσαι
784 4169 874 4220 τὸν
901 4168 1078 4236 λόγον.
1116 4165 1268 4232 Εἶδες
1305 4170 1362 4221 ἐν
1405 4169 1609 4240 ἑτέροις
1632 4172 1786 4242 ἐνερ-

195 4256 292 4323 γὸν
340 4255 400 4306 τὸ
434 4256 716 4325 κήρυγμα.
776 4256 914 4319 Τοὺς
964 4255 1314 4327 τεθνήξεσθαι
1369 4257 1681 4327 μέλλοντας,
1726 4259 1786 4311 τὸ

196 4343 416 4395 παιδίον
464 4343 523 4393 τὸ
570 4341 666 4394 τοῦ
697 4342 795 4413 ζῇν
837 4344 959 4414 ἄρτι
996 4346 1367 4413 παυσάμενον,
1400 4349 1496 4397 τὸν
1533 4347 1668 4416 πρὸς
1711 4346 1787 4418 τῷ

195 4431 358 4499 τάφῳ
397 4429 636 4491 νεανίαν,
671 4429 763 4482 τὸν
794 4430 1113 4501 διεφθορότα
1157 4431 1370 4502 νεκρόν,
1409 4434 1617 4495 πάντας
1648 4435 1788 4487 κατά

195 4518 256 4569 τὸ
289 4512 411 4568 ἴσον
437 4517 518 4568 ἐνί
546 4518 930 4586 προστάγματι
964 4518 1099 4588 πρὸς
1128 4518 1225 4589 τὴν
1264 4518 1408 4589 ζωὴν
1436 4519 1784 4584 ἀναλύοντας.

198 4607 395 4673 Ζητεῖς
429 4607 524 4657 καὶ
560 4594 686 4668 τοὺς
717 4605 806 4658 διὰ
849 4608 1180 4678 τραυμάτων
1214 4609 1308 4660 καὶ
1340 4608 1567 4679 αἵματος
1605 4611 1662 4662 ἐν
1708 4610 1787 4678 τῷ

197 4692 421 4761 θανάτῳ
467 4693 780 4760 γεγονότας,
813 4696 888 4764 μή
933 4711 1018 4756 τις
1065 4696 1158 4747 ἐπὶ
1208 4696 1412 4747 τούτων
1449 4697 1635 4749 ἀτονία
1689 4697 1787 4766 τῆς

196 4778 473 4841 ζωοποιοῦ
495 4779 778 4854 δυνάμεως
805 4779 908 4854 λύῃ
940 4781 1038 4852 τὴν
1063 4781 1258 4852 χάριν;
1287 4779 1409 4835 Εἷδε
1436 4783 1527 4836 τὸν
1561 4784 1617 4835 ἐν
1637 4783 1785 4853 ἥλοις

194 4852 669 4938 διαπερονηθέντα
701 4866 800 4929 τάς
855 4852 1060 4938 χεῖρας.
1111 4865 1231 4921 Εἷδε
1281 4869 1372 4922 τὸν
1421 4869 1518 4939 τὴν
1553 4852 1792 4941 πλευρὰν

196 4954 372 5024 λόγχη
399 4955 762 5024 διαπαρέντα.
793 4953 1050 5022 Διένεγκε
1077 4957 1204 5020 τοὺς
1242 4955 1538 5018 δακτύλους
1576 4974 1666 5009 σου
1706 4957 1791 5009 διὰ

194 5044 308 5095 τῶν
333 5042 523 5096 τύπων
555 5038 661 5094 τῶν
686 5043 851 5113 ἥλων.
885 5045 1129 5113 ’Ἑμόαλε
1157 5046 1258 5116 τὴν
1290 5045 1449 5116 χεῖρά
1490 5063 1582 5098 σου
1611 5045 1688 5116 τῷ
1728 5049 1790 5100 ἐκ

196 5133 300 5199 τῆς
335 5130 543 5199 λόγχης
590 5130 885 5201 τραύματι.
919 5131 1160 5202 Στοχάζῃ
1207 5135 1424 5196 πάντως
1467 5135 1560 5186 ἐπὶ
1607 5135 1790 5187 πόσων

197 5220 351 5280 εἰκὸς
387 5214 460 5287 ἦν
498 5219 580 5280 είς
610 5218 672 5270 τὸ
703 5218 855 5282 ἐντὸς
895 5220 994 5289 τὴν
1023 5221 1228 5290 αἰχμὴν
1261 5221 1524 5283 διαδῦναι,
1563 5222 1652 5275 διὰ
1695 5223 1788 5276 τοῦ

200 5307 446 5368 πλάτους
484 5305 583 5374 τῆς
614 5305 865 5375 ὠτειλῆς,
894 5308 993 5377 τὴν
1022 5309 1113 5360 ἐπὶ
1149 5308 1208 5361 τὸ
1246 5308 1354 5361 ἔσω
1383 5310 1616 5380 πάροδον
1647 5310 1792 5379 λογι-

201 5393 457 5462 ζόμενος.
496 5394 560 5444 'ﬂ
592 5391 702 5462 γὰρ
751 5393 951 5445 εἴσοδον
1000 5394 1184 5464 χειρὸς
1228 5395 1576 5465 ἀνθρωπίνης
1609 5399 1798 5466 χωρή-’

203 5498 350 5534 σασα
380 5481 588 5551 πληγὴ,
620 5483 785 5534 πόσον
816 5483 967 5544 ἐντὸς
992 5482 1088 5535 τοῦ
1126 5481 1321 5552 βάθους
1353 5484 1680 5554 γεγενῆσθαι
1703 5485 1792 5538 τὸν

205 5571 431 5642 σίδηρον
484 5571 893 5637 ὑποδείκνυσιν;
923 5573 985 5624 Εἰ
1032 5567 1126 5625 οὖν
1168 5567 1322 5636 οὗτος
1360 5574 1674 5644 ἐγήγερται,
1702 5573 1792 5626 εὖ·

276 5756 324 5788 "
355 5756 374 5810 1
409 5754 608 5812 Thess.
642 5772 715 5821 tv,
749 5757 812 5812 19
846 5773 966 5827 sqq.
1041 5757 1081 5788 "
1125 5755 1255 5812 Luc.
1294 5773 1364 5821 tv,
1406 5756 1498 5812 23.

1885 3471 2198 3525 suasionem
2226 3469 2363 3524 levia
2399 3469 2495 3523 tibi
2525 3466 2818 3521 videntur?
2841 3466 3077 3520 etiamne
3102 3462 3233 3533 quid
3263 3462 3332 3516 de
3368 3461 3482 3560 hac

1884 3561 2092 3616 certius
2122 3561 2449 3616 desideras?
2492 3559 2610 3614 Non
2647 3567 2852 3613 temere
2891 3557 3022 3610 mihi
3064 3555 3328 3609 Dominus
3365 3553 3471 3608 hoc

1885 3652 2027 3722 apud
2056 3651 2580 3722 Capharnaumanos
2611 3654 2780 3714 cives,
2821 3660 3076 3719 tanquam
3126 3658 3194 3702 ex
3225 3647 3469 3716 ipsorum

1883 3759 2118 3814 persona
2143 3744 2351 3800 dixisse
2375 3745 2626 3800 videtur:
2652 3764 2667 3794 ι
2690 3743 2926 3797 Omnino
2956 3740 3089 3794 mihi
3117 3740 3303 3794 tritum
3337 3737 3470 3792 illud

1886 3835 2166 3889 hominum
2195 3837 2552 3903 usurpatione
2591 3833 2814 3888 verbum
2845 3829 3103 3899 objicitis.
3135 3828 3360 3894 Medice,
3387 3834 3472 3880 te-

1885 3925 2064 3996 ipsum
2091 3928 2361 3980 curato“.
2391 3945 2409 3978 ι
2440 3924 2574 3979 Nam
2602 3940 2698 3994 par
2723 3933 2858 3986 erat,
2883 3930 2942 3976 ut
2973 3922 3066 3991 qui
3099 3919 3346 3974 homines
3376 3933 3474 3988 per

1885 4017 2032 4071 edita
2061 4016 2116 4070 in
2149 4017 2341 4071 alienis
2380 4016 2706 4086 corporibus
2749 4014 3012 4068 miracula
3057 4011 3473 4066 condocefacie-

1886 4107 2010 4172 bat,
2046 4117 2105 4161 ut
2143 4109 2600 4163 resurrectionem
2641 4106 2758 4162 fore
2795 4103 3266 4166 crederent,idem
3305 4103 3471 4156 etiam

1888 4202 1983 4255 illo
2010 4202 2063 4256 in
2084 4217 2310 4272 corpore
2332 4202 2476 4270 quod
2499 4216 2529 4254 a
2554 4201 2712 4254 nobis
2741 4207 3049 4268 sumpserat
3069 4195 3470 4266 comprobaret.

1886 4292 1946 4347 ln
1980 4293 2106 4348 aliis
2140 4295 2445 4348 doctrinam
2477 4294 2619 4346 hanc
2647 4290 2941 4346 eiﬁcaciter
2970 4289 3305 4344 declaratam
3338 4300 3474 4339 con-

1888 4387 2268 4456 ﬁrmatamque
2289 4386 2496 4440 vidisti.
2518 4383 2678 4437 Morti
2705 4380 3254 4452 proximos,puellam
3280 4392 3475 4431 recens

1889 4485 2182 4537 mortuam,
2208 4477 2463 4545 juvenem
2491 4474 2730 4528 delatum
2761 4473 2924 4526 etiam
2949 4471 3015 4523 ad
3053 4470 3342 4531 tumulum,
3377 4480 3472 4520 ca-

1887 4570 2058 4624 daver
2083 4567 2319 4637 denique
2338 4569 2660 4636 putrescehs
2681 4581 2694 4616 :
2717 4578 2911 4618 omnes
2925 4563 3024 4616 hos
3047 4562 3113 4615 ad
3140 4561 3300 4613 unius
3324 4559 3474 4612 vocis
3546 4620 3550 4630 ι

1890 4662 2177 4730 imperium
2219 4667 2396 4714 morte
2428 4659 2648 4721 relicta,
2692 4670 2887 4710 rursus
2935 4657 2992 4708 in
3030 4654 3196 4706 vitam
3240 4649 3473 4704 commi-

1826 4742 1869 4795 Ι)
1897 4761 2118 4824 grantes
2143 4750 2351 4806 vidisti.
2379 4749 2572 4803 Jamnc
2604 4756 2658 4803 et
2692 4748 2815 4800 illos
2853 4746 3036 4800 videre
3080 4745 3228 4798 lubet
3266 4741 3475 4797 excita-

1897 4855 2010 4908 tos,
2051 4845 2142 4913 qui
2178 4843 2232 4896 in
2265 4841 2584 4896 vulneribus
2630 4848 2685 4895 et
2721 4839 2988 4909 sanguine
3023 4843 3251 4890 mortem
3291 4833 3474 4887 obive-

1892 4946 2043 5004 runt,
2072 4952 2143 4992 ne
2170 4936 2294 5006 quis
2318 4936 2373 4989 in
2406 4935 2492 4989 his
2520 4933 2660 4989 forte
2687 4940 3012 5002 potestatem
3035 4929 3296 4991 divinam,
3325 4941 3474 4979 mor-

1894 5040 2018 5086 tuos
2051 5030 2106 5084 in
2141 5031 2309 5084 vitam
2349 5035 2720 5092 revocantem,
2754 5040 2876 5080 esse
2913 5022 3243 5078 imbecillam
3280 5019 3475 5088 putet?

1893 5122 1950 5174 In
1990 5120 2142 5173 illum
2183 5120 2397 5172 intuere
2434 5118 2595 5185 cujus
2624 5113 2916 5185 perforatae
2954 5113 3124 5166 clavis
3162 5124 3357 5162 manus
3392 5107 3475 5159 fu-

1895 5219 2096 5265 erunt:
2141 5209 2196 5262 in
2234 5209 2410 5271 illum,
2454 5209 2698 5274 inquam,
2738 5205 2825 5258 cui
2865 5204 3008 5256 latus
3047 5202 3274 5254 alterum
3318 5198 3474 5250 hasta

1897 5301 2204 5372 perfossum
2243 5299 2365 5355 fuit.
2402 5298 2744 5369 Age,digitos
2777 5304 2904 5350 tuos
2941 5311 3033 5364 per
3071 5294 3348 5347 clavorum
3384 5303 3474 5341 ve-

1899 5393 2057 5463 stigia
2086 5391 2416 5445 circumfer:
2445 5390 2625 5443 insere
2647 5403 2868 5441 manum
2904 5387 2957 5439 in
2987 5385 3186 5438 vulnus
3208 5380 3474 5435 inllictum

1900 5485 1969 5538 ab
2000 5486 2176 5538 hasta.
2218 5482 2558 5537 existimabis
2598 5480 2878 5542 facillime,
2914 5490 3199 5546 quousque
3229 5471 3474 5541 cuspidis

1901 5576 2047 5631 acies
2062 5573 2446 5644 pcnetraverit,
2471 5573 2518 5629 si
2548 5572 2616 5628 de
2639 5571 2881 5626 vulneris
2909 5566 3284 5639 amplitudine,
3310 5577 3473 5634 quam
