3886 6214
385 337 492 394 2'23

1595 326 1610 342 ⁸
1632 336 1689 392 S.
1725 332 2056 392 GBEGORII
2090 326 2385 392 NYSSENJ

3535 309 3696 365 221‘

388 453 678 506 vehemens
711 449 879 506 basta!
908 449 1070 504 fuerit
1115 448 1423 519 impressio,
1471 449 1844 519 conjecturam
1879 448 1962 503 fa-

2092 447 2220 501 ιολον
2264 445 2330 499 ἂν
2378 441 2464 511 εἴη
2509 439 2572 493 τὸ
2599 435 2950 492 άποστολικὸν
2979 425 3437 519 ὲπιφθέγξασθαιξ
3475 442 3495 476 ι
3517 426 3644 488 Πῶς

385 540 712 606 cias.Quam
742 541 886 596 enim
916 542 1023 596 alte
1047 540 1246 596 ferrum
1279 548 1594 610 penetrasse
1614 556 1840 597 necesse
1856 550 1960 605 est,

389 650 511 686 cum
543 634 741 687 vulnus
775 633 954 702 ipsum
989 632 1225 686 hominis
1257 646 1478 684 manum
1514 631 1775 686 incertam
1807 645 1966 700 cape-

2065 537 2283 608 λέγουσί
2311 552 2476 597 τινες,
2525 533 2606 585 ὅτι
2653 529 2945 586 ἀνάστασις
2999 522 3208 595 νεκρῶν
3255 521 3356 573 οὐκ
3409 517 3590 581 ἐστιν;
3623 536 3642 568 ι

2080 626 2298 698 Ἐπειδὴ
2323 626 2501 679 τοίνυν
2546 625 2696 675 πᾶσα
2732 620 2829 690 μὲν
2858 617 3166 688 πρόρρησις
3191 611 3286 666 τοῦ
3316 610 3520 678 Κυρίου
3563 609 3654 660 διὰ

358 776 362 780 ,
388 739 448 778 re
479 725 744 792 potuerit!
774 723 873 776 Hic
901 737 1030 792 ergo
1051 737 1174 776 cum
1201 722 1471 776 excitatus
1494 737 1522 774 a
1553 730 1728 776 morte
1753 723 1844 785 sit,
1876 737 1968 776 ne-

2092 723 2166 792 τῆς
2195 720 2304 773 τῶν
2345 715 2643 786 γεγονότων
2679 710 2984 783 μαρτυρίας
3023 705 3230 776 ἀληθὴς
3262 701 3651 792 ἐπιδείκνυται,

390 790 566 876 mine,
597 813 822 882 opinor,
853 790 1294 875 contradicente,
1344 813 1526 866 verbis
1570 811 1677 866 illis
1722 811 1967 880 Apostoli

2092 790 2228 867 νοῦτο
2251 813 2306 864 δὲ
2327 811 2389 862 οὐ
2417 810 2558 878 λόγῳ
2583 807 2980 877 μεμαθήκαμεν
3001 802 3179 871 μόνον,
3202 795 3337 850 ἀλλὰ
3357 795 3450 845 καὶ
3473 791 3533 857 ἐξ
3553 790 3657 843 αὑ-

390 906 546 959 nobis
573 906 651 959 uti
683 906 894 959 licebit:
927 904 1046 970 Quo
1074 911 1233 974 pacto
1261 903 1445 959 dicere
1469 904 1717 958 nonnulli
1745 903 1966 967 audent,

391 998 844 1053 resurrectionem
873 1008 1208 1052 mortuorum
1235 1012 1344 1050 non
1375 995 1834 1061 tore”?Quando
1870 994 1969 1064 igi-

389 1099 480 1143 tur
511 1089 720 1143 Domini
758 1089 1011 1142 vaticinia
1053 1089 1120 1142 de
1154 1088 1258 1142 hoc
1284 1105 1412 1142 vera
1445 1104 1567 1143 esse
1609 1097 1778 1157 patet,
1824 1084 1971 1155 quod

390 1190 445 1234 et
475 1182 690 1234 caeteris
722 1183 842 1249 ejus
872 1182 1113 1236 oraculis
1156 1191 1384 1236 eventus
1431 1180 1812 1251 responderit:
1859 1178 1975 1233 fore

390 1281 572 1326 autem
600 1274 1055 1327 resurrectionem
1087 1289 1197 1327 non
1215 1273 1400 1329 verbis
1439 1273 1622 1335 modo,
1651 1273 1744 1327 sed
1774 1273 1891 1342 ipsa
1919 1289 1976 1324 e-

393 1365 522 1418 tiam
551 1380 609 1419 re
637 1365 1016 1431 declaraverit,
1042 1367 1322 1420 nonnullis
1352 1367 1586 1420 invitam
1619 1379 1711 1433 per
1733 1378 1978 1417 resurre-

392 1457 629 1511 ctionem
654 1457 932 1512 reductis:
963 1459 1093 1528 quid
1121 1457 1380 1528 deinceps
1399 1466 1693 1527 praetexent
1722 1455 1978 1508 adversa-

395 1551 460 1604 rii
506 1565 706 1611 causae,
741 1565 851 1619 quo
891 1552 1072 1605 minus
1102 1551 1261 1605 nobis
1292 1548 1702 1605 assentiamur?
1732 1547 1844 1602 Cur
1870 1562 1980 1599 non

391 1641 574 1696 valere
592 1642 767 1710 jussis
793 1644 1069 1706 omnibus,
1096 1643 1190 1712 qui
1223 1658 1318 1712 per
1348 1641 1744 1712 philosophiam
1764 1640 1981 1692 inanes-

395 1749 501 1800 que
543 1731 764 1788 fraudes
807 1735 972 1804 capti,
1017 1735 1319 1804 simplicem
1362 1741 1415 1788 et
1445 1735 1750 1787 inornatam
1778 1731 1982 1784 verita-

2070 905 2180 957 τῶν
2205 903 2311 956 τῶν
2341 901 2433 953 ἐπὶ
2460 899 2557 969 τὴν
2579 897 2721 967 ζωὴν
2754 895 2810 962 ἐξ
2837 893 3198 953 ἀναστάσεως
3229 886 3654 950 ἐπανελθόντων,

2073 996 2218 1066 ἔργῳ
2251 992 2348 1062 τὴν
2399 988 2670 1053 ἀπόδειξιν
2717 989 2814 1056 τῆς
2865 981 3194 1052 ἐπαγγελίας
3240 977 3538 1046 ἐλάϐομεν·
3570 977 3658 1039 τίς

2075 1085 2424 1139 ὑπολείπεται
2453 1082 2563 1142 τοῖς
2588 1079 2661 1149 μὴ
2691 1075 3036 1129 πιστεύουσιν
3063 1071 3284 1142 ἀφορμή
3307 1088 3321 1135 ;
3363 1070 3501 1133 Ούκ,
3528 1069 3660 1138 Ἕρ-

2081 1176 2276 1249 ρωσθε,
2313 1175 2614 1244 φράσαντες
2649 1172 2757 1231 τοῖς
2786 1168 2872 1220 διὰ
2907 1167 3003 1236 τῆς
3038 1162 3354 1232 φιλοσοφίας
3380 1161 3471 1212 καὶ
3492 1158 3660 1228 κενῆς

2077 1271 2292 1338 ἀπάτης
2335 1261 2841 1336 παρακρουομένοις
2889 1257 2984 1327 τὴν
3023 1254 3398 1309 ἀκατάσκευον
3450 1251 3660 1314 πίστιν,

2076 1360 2239 1428 ψιλῆς
2293 1356 2525 1428 ἑξόμεθα
2569 1355 2665 1424 τῆς
2708 1350 3029 1421 ὀμολογίας;
3081 1346 3346 1417 μαθόντες
3389 1346 3446 1396 ὲν
3489 1343 3664 1428 ὀλίγῳ

2078 1427 2166 1504 διὰ
2201 1427 2299 1501 τοῦ
2359 1427 2645 1518 Προφήτου
2672 1442 2760 1496 τὸν
2799 1442 2998 1512 τρόπον
3046 1439 3144 1509 τῆς
3199 1437 3437 1508 χάριτος,
3476 1435 3542 1487 δι’
3585 1427 3669 1487 ὧν

2081 1555 2275 1611 φησιν’
2323 1558 2342 1590 ‹
2391 1537 2722 1598 Ἀντανελεῖς
2763 1533 2823 1587 τὸ
2863 1531 3082 1602 πνεῦμα
3112 1529 3313 1590 αὐτῶν,
3353 1529 3447 1581 καὶ
3485 1527 3670 1579 ὲκλεί-

2080 1633 2260 1702 ψουσι,
2299 1631 2392 1682 καὶ
2433 1631 2512 1692 εἰς
2550 1629 2641 1680 τὸν
2674 1627 2801 1697 χοῦν
2843 1625 3023 1679 αὐτῶν
3057 1622 3488 1695 ἐπιστρέφουσιν.
3545 1619 3672 1686 Ἐξτ

2084 1720 2401 1783 αποστελεῖς
2467 1720 2527 1773 τὸ
2595 1718 2820 1788 Πνεῦμά
2884 1735 3008 1778 σου,
3076 1717 3172 1770 καὶ
3248 1715 3667 1784 κτισθήσονται,

394 1827 466 1880 tis
515 1826 930 1895 persuasionem
977 1835 1318 1892 aversantur,
1355 1827 1512 1880 nudae
1544 1826 1726 1896 potius
1755 1822 1970 1895 profes-

2092 1815 2166 1868 ιαλ⁸
2208 1815 2541 1876 ἀνακαινιεῖς
2585 1811 2647 1864 τὸ
2687 1811 2977 1882 πρόσωπον
3026 1808 3126 1876 τῆς
3169 1806 3292 1876 γῆς.
3332 1825 3350 1856 ι
3391 1805 3518 1859 "Ore
3567 1805 3672 1856 καὶ

397 1917 541 1973 sioni
561 1918 728 1986 hujus
753 1919 1189 1975 adhaerebimus?
1221 1919 1519 1990 praesertim
1551 1933 1675 1972 cum
1702 1917 1769 1972 de
1798 1917 1979 1971 verbis

395 2006 559 2067 vatis,
593 2023 824 2063 numero
854 2011 1066 2078 paucis,
1097 2025 1207 2077 quo
1240 2017 1398 2078 pacto
1432 2015 1783 2062 revocaturus
1816 2005 1871 2059 in
1900 2005 1980 2059 vi-

397 2103 507 2150 tam
539 2099 611 2152 sit
640 2098 784 2154 Deus
811 2100 1080 2164 homines,
1115 2101 1416 2171 intelligere
1446 2099 1627 2153 liccat.
1651 2096 1933 2158 «Auferes,
1958 2115 1976 2149 ι

397 2187 660 2256 inquit”,
685 2192 754 2244 ab
785 2193 863 2244 eis
890 2190 1145 2259 spiritum
1180 2189 1445 2259 ipsorum,
1478 2195 1532 2244 et
1565 2188 1769 2242 amissa
1807 2186 1981 2241 contio

2083 1905 2470 1977 εὐφραίνεσθαι
2511 1904 2602 1956 τὸν
2637 1904 2840 1974 Κύριον
2878 1902 2970 1953 ἐπὶ
3013 1901 3128 1961 τοῖς
3171 1897 3349 1968 ἔργοις
3389 1893 3550 1948 αὐτοῦ
3587 1893 3678 1945 λέ-

2085 2016 2192 2067 γει,
2258 1997 2615 2050 ἐκλειπόντων
2662 1995 2771 2048 τῶν
2823 1991 3164 2064 ἁμαρτωλῶν
3215 1989 3322 2042 ἀπὸ
3386 1988 3486 2058 τῆς
3537 1987 3672 2056 γῆς.

2088 2091 2212 2155 Πῶς
2240 2092 2346 2162 γάρ
2372 2107 2456 2152 τις
2489 2087 2549 2153 ἐξ
2573 2088 2850 2160 ἁμαρτίας
2874 2083 3327 2156 ὀνομασθήσεται,
3358 2081 3459 2150 τῆς
3486 2080 3680 2149 ἁμαρ-

2087 2185 2208 2247 τίας
2245 2184 2346 2236 οὐκ
2364 2182 2558 2254 ούσης;

399 2299 511 2336 nuo
553 2285 665 2338 vita
710 2285 763 2338 in
799 2286 1071 2354 pulverem
1115 2284 1402 2354 pristinum
1447 2285 1783 2354 redigentur.
1834 2281 2033 2336 Emitte
2065 2279 2331 2351 Spiritum
2372 2287 2550 2340 tuum,
2593 2276 2738 2332 etde
2765 2276 2979 2346 integro
3008 2275 3361 2340 creabuntur,
3412 2279 3683 2330 .nnovata

400 2376 572 2440 ipsius
604 2378 766 2430 etiam
797 2383 958 2432 terra:
991 2377 1150 2432 facie.
1184 2373 1543 2446 illloquidem
1561 2383 1806 2446 tempore
1832 2384 1982 2429 vates
2013 2373 2184 2436 addit,
2218 2373 2331 2428 fore
2370 2380 2430 2426 ut
2477 2370 2592 2426 suis
2628 2386 2694 2424 ex
2736 2370 2994 2439 Operihus
3035 2367 3297 2422 Dominus
3339 2367 3679 2435 voluptatem

401 2466 610 2537 ocpiat,
654 2466 884 2522 sublatis
930 2467 998 2522 de
1035 2475 1181 2522 terra
1215 2467 1497 2522 sceleratis
1533 2465 1871 2521 hominibus.
1927 2463 2048 2529 Quo
2088 2464 2233 2518 enim
2270 2472 2427 2532 pacto
2456 2461 2579 2531 quis
2625 2474 2690 2514 eo
2733 2458 2956 2513 nomine
2999 2467 3113 2511 tttm
3163 2456 3420 2528 appellari
3451 2454 3680 2524 poterit.

400 2569 519 2629 ipsa
545 2577 605 2617 re
637 2563 798 2632 plane
827 2564 1042 2619 sublata
1071 2573 1122 2618 et
1153 2563 1403 2617 abolita?

949 2655 1180 2713 CAPUT
1225 2655 1420 2712 XXVI.

439 2744 896 2802 Resurrectionem
927 2748 1058 2815 fore,
1084 2749 1369 2803 abhorrens
1411 2765 1443 2802 a
1474 2765 1591 2803 vero
1627 2765 1727 2802 non
1757 2747 1941 2802 videri.

473 2832 675 2888 Verum
710 2837 954 2890 nonnulli
988 2846 1136 2902 sunt,
1181 2839 1275 2908 qui
1310 2839 1381 2892 ob
1419 2838 1782 2890 humanarum
1825 2837 1978 2907 cogi-

405 2927 676 2981 tationum
717 2927 1146 2984 imbecillitatem
1192 2946 1258 2986 eo
1289 2934 1562 2992 l'eruntttr,
1611 2938 1669 2983 ut
1708 2929 1800 2984 Dei
1833 2939 1985 2999 pote-

2573 2643 2974 2700 ΚΕΦΑΛΑΙΟΝ
3021 2644 3167 2710 κεῖν.

2231 2732 2368 2792 Ὀτι
2393 2740 2502 2793 οὐκ
2531 2738 2647 2802 ἐξω
2680 2737 2782 2790 τοῦ
2816 2739 3046 2800 εἰκότος
3075 2735 3112 2800 ἠ
3145 2733 3508 2799 ἀνάστασις.

2161 2832 2301 2886 Ἀλλ’
2335 2832 2441 2885 εἰσί
2484 2847 2648 2893 τινες,
2683 2829 2732 2882 οἳ
2775 2829 2862 2883 διὰ
2896 2829 2993 2898 τὴν
3027 2827 3134 2879 τῶν
3187 2825 3543 2897 ἁνθρωπίνιω
3587 2825 3675 2878 λοι

2079 2925 2294 2996 γισμῶν
2325 2924 2565 2984 ἀτονίαν,
2613 2921 2748 2990 πρὸς
2781 2920 2846 2973 τὰ
2886 2920 3132 2990 ἡμέτερα
3184 2917 3359 2989 μέτρα
3387 2915 3482 2986 τὴν
3517 2914 3676 2969 θείαν

408 3023 604 3069 statem
642 3015 708 3069 ad
761 3017 964 3072 virium
1019 3027 1334 3073 nostrarum
1382 3019 1664 3072 modulum
1712 3021 1976 3090 exigant:

2092 3021 2310 3090 5ύναμιν
2346 3017 2646 3088 κρίνοντες,
2681 3016 2742 3068 τὸ
2786 3015 2916 3084 ἡμῖν
2957 3009 3240 3080 ἁχώρητον
3271 3009 3394 3061 οὐδὲ
3421 3007 3541 3078 Θεῷ
3587 3009 3676 3060 δυο

407 3106 636 3175 etquod
681 3109 884 3178 ingenii
921 3112 1094 3166 nostri
1146 3110 1383 3168 facultas
1418 3130 1525 3168 non
1556 3115 1724 3184 capit,
1770 3129 1839 3168 ne
1864 3115 1984 3183 qui-

408 3197 531 3250 dem
559 3213 588 3251 a
619 3197 728 3254 Deo
753 3204 998 3269 praestari
1028 3218 1189 3272 posse
1223 3203 1508 3259 aﬂirment.
1535 3203 1669 3258 Nam
1703 3205 1980 3274 respicere

410 3303 515 3343 nos
549 3290 616 3342 ad
643 3306 741 3346 eos
776 3293 993 3359 jubent,
1034 3296 1126 3364 qui
1165 3295 1294 3348 olim
1329 3301 1553 3360 mortui,
1615 3297 1793 3368 adque
1844 3299 1989 3352 nihi-

411 3380 526 3434 lum
556 3391 684 3436 sunt
712 3384 954 3438 redacti:
991 3395 1102 3438 tttm
1141 3402 1374 3455 quorum
1416 3404 1649 3458 corpora
1699 3390 1849 3460 rogis
1890 3390 1989 3443 im-

400 3473 592 3558 posita
637 3483 691 3528 et
741 3486 1090 3532 concremata
1137 3489 1285 3534 sunt.
1330 3481 1530 3552 Objicit
1579 3499 1770 3538 eorum
1823 3484 1988 3538 nobis

413 3568 588 3620 oratio
620 3569 940 3625 earnivoras
972 3571 1204 3634 belluas,
1231 3583 1396 3643 atque
1429 3576 1596 3629 etiam
1641 3575 1842 3645 pisces,
1880 3576 1977 3646 qui

413 3658 697 3714 hominum
751 3661 1058 3733 naufragiis
1108 3665 1408 3734 ejectorum
1444 3682 1638 3723 carnes
1685 3668 1988 3738 deglutive—

413 3760 561 3805 runt.
595 3752 820 3808 Addunt
881 3757 1196 3822 usuvenire,
1231 3766 1290 3811 ut
1355 3760 1423 3814 iis
1460 3760 1704 3816 vicissim
1740 3761 1991 3818 homines

420 3852 719 3899 vescantur
750 3853 805 3900 et
847 3857 1143 3904 concoctos
1190 3865 1346 3904 suam
1393 3851 1448 3904 in
1492 3866 1714 3906 carnem
1761 3867 1994 3907 conver-

412 3941 551 3988 tant.
610 3934 939 4006 Hujusmodi
992 3941 1166 3994 multa
1227 3952 1540 4006 recensent,
1599 3959 1695 4013 per
1742 3944 1992 4013 profecto

414 4027 576 4090 levia,
620 4041 674 4084 et
695 4031 895 4085 eximia
930 4032 1021 4087 Dei
1052 4044 1320 4103 potestate
1353 4037 1603 4107 indigna,
1659 4047 1718 4091 ut
1750 4047 1992 4094 nostram

417 4116 485 4170 de
533 4120 936 4175 resurrectione
979 4122 1292 4178 doctrinam
1338 4135 1610 4180 evertant.
1659 4127 1826 4193 Quasi
1864 4144 1994 4184 vero

416 4217 652 4276 nequeat
691 4208 837 4266 Deus
887 4215 1032 4283 quod
1074 4215 1280 4270 homini
1318 4229 1405 4272 est
1460 4220 1659 4288 cuique
1710 4221 1994 4290 proprium

415 4300 728 4368 restituere,
764 4305 1054 4374 pristinum
1083 4308 1151 4362 ad
1200 4318 1403 4363 statum
1439 4327 1533 4380 per
1561 4312 1779 4367 easdem
1823 4315 1991 4368 veluti

2087 3112 2244 3166 νατὸν
2301 3107 2438 3162 εἶναι
2495 3106 2984 3166 κατασκευάζουσι.
3041 3101 3358 3154 Δεικνύουσι
3410 3100 3519 3170 γὰρ
3570 3100 3677 3152 τῶν

2085 3219 2144 3255 τε
2179 3201 2417 3270 ἀρχαίων
2443 3199 2654 3268 νεκρῶν
2692 3196 2783 3249 τὸν
2805 3193 3128 3263 ἀφανισμὸν,
3159 3190 3269 3244 τῶν
3299 3208 3358 3242 τε
3385 3189 3472 3242 διὰ
3501 3190 3677 3260 πυρὸς

2088 3291 2586 3362 ἀποτεφρωθέντων
2616 3289 2686 3341 τὰ
2732 3288 2981 3356 λείψανα,
3029 3285 3124 3338 καὶ
3157 3283 3237 3336 ἔτι
3285 3281 3421 3352 πρὸς
3465 3281 3680 3342 τούτοις

2087 3386 2158 3439 τὰ
2201 3383 2509 3454 σαρκοϐόρα
2547 3381 2656 3434 τῶν
2699 3380 2851 3445 ζώων
2887 3379 2964 3449 τῷ
2993 3378 3137 3447 λόγῳ
3185 3375 3544 3447 προφέρουσι,
3583 3373 3681 3426 καὶ

2088 3478 2180 3531 τὸν
2213 3476 2363 3548 ἰχθὺν
2412 3475 2488 3544 τῷ
2530 3474 2643 3544 ἰδίῳ
2685 3472 2897 3542 σώματι
2935 3470 3032 3541 τὴν
3084 3470 3262 3539 σάρκα
3305 3466 3399 3519 τοῦ
3430 3466 3686 3535 ναυαγή-

2093 3585 2281 3630 σαντος
2309 3565 2662 3629 ἀναλαϐόντα,
2696 3565 2791 3616 καὶ
2817 3561 3004 3614 τοῦτον
3031 3559 3191 3612 πάλιν
3224 3559 3432 3628 τροφὴν
3465 3555 3687 3627 ἀνθρὼ-

2093 3675 2209 3710 πων
2257 3657 2569 3726 γενόμενον,
2614 3655 2708 3706 καὶ
2751 3655 2830 3715 εἰς
2857 3651 2950 3704 τὸν
2989 3648 3081 3702 τοῦ
3131 3647 3470 3719 βεϐρωκότος
3513 3647 3690 3714 ὄγκον

2097 3747 2593 3820 μετακεχ-ωρηκότα
2618 3745 2705 3799 διὰ
2733 3745 2831 3814 τῆς
2853 3742 3092 3812 πέψεως.
3125 3741 3236 3793 Καὶ
3261 3739 3432 3793 πολλὰ
3452 3738 3694 3793 τοιαῦτα

2097 3842 2472 3912 μικροπρεπῆ,
2519 3839 2613 3892 καὶ
2650 3839 2748 3908 τῆς
2797 3835 3038 3906 μεγάλης
3085 3831 3180 3886 τοῦ
3220 3831 3354 3885 Θεοῦ
3397 3832 3695 3902 δυνάμεως·

2096 3934 2192 3987 καὶ
2213 3931 2460 3997 ἐξουσίας
2497 3929 2713 3996 ἀνάξια,
2741 3928 2827 3981 ἐπ’
2853 3930 3134 3999 ἀνατροπῇ
3172 3924 3269 3979 τοῦ
3308 3925 3579 3995 δόγματος
3609 3925 3690 3978 δι-

2097 4024 2437 4098 εξέρχονται·
2474 4025 2549 4087 ὼς
2577 4025 2639 4076 ού
2667 4021 2964 4092 δυναμένου
2985 4019 3078 4074 τοῦ
3102 4019 3239 4074 Θεοῦ
3271 4018 3432 4072 πάλιν
3460 4017 3547 4071 διὰ
3575 4018 3694 4073 τῶν

2099 4116 2278 4172 αὐτῶν
2322 4115 2479 4182 ὁδῶν,
2511 4115 2577 4167 δι’
2616 4112 2928 4175 ἀναλύσεως
2970 4109 3427 4180 ἀποκαταστῆσαι
3457 4108 3536 4178 τῷ
3587 4110 3690 4163 ἀν-

2101 4209 2302 4281 θρώπῳ
2322 4210 2382 4262 τὸ
2406 4209 2556 4262 ἴδιον.
2593 4205 2731 4259 Ἀλλ’
2759 4207 2919 4276 ἡμεῖς
2944 4207 3002 4258 ὲν
3021 4204 3190 4275 ὀλίγῳ
3217 4204 3319 4267 τὰς
3351 4202 3569 4274 μακρὰς
3596 4202 3667 4256 αὖ

2101 4303 2208 4355 τῶν
2237 4303 2334 4372 τῆς
2362 4301 2585 4370 λογικῆς
2618 4298 2978 4370 ματαιότητος
3008 4300 3336 4370 περιδρομὰς
3367 4293 3696 4366 ὑποτεμνώ-

413 4391 531 4450 vias
560 4395 836 4451 redeunti.
873 4396 980 4453 Sed
1015 4414 1115 4454 nos
1139 4401 1382 4468 prolixas
1412 4403 1679 4472 ipsorum,
1723 4405 1911 4474 inepte
1933 4421 1984 4460 at

2107 4393 2268 4466 μεθα,
2317 4391 2705 4462 ὁμολογοῦντες
2733 4388 2830 4460 τὴν
2878 4388 2978 4460 μὲν
3017 4387 3260 4440 διάλυσιν
3289 4384 3384 4438 τοῦ
3434 4384 3694 4453 σώματος

423 4493 722 4561 sophistice
765 4492 1266 4553 declamitantium,
1305 4493 1557 4561 ambages
1601 4497 1990 4563 praecidamus;

420 4584 804 4651 fateamurque
828 4584 1030 4637 resolvi
1057 4598 1259 4652 corpus
1292 4583 1529 4639 hominis
1560 4587 1682 4640 illas
1713 4587 1765 4641 in
1787 4598 1990 4658 partes,

420 4675 621 4746 quibus
665 4691 729 4729 ex
770 4674 1020 4744 partibus
1067 4682 1320 4740 constet;
1361 4689 1540 4744 neque
1588 4685 1788 4731 terram
1835 4682 1993 4736 modo

418 4762 882 4835 quemadmodum
915 4778 1099 4817 sermo
1127 4763 1348 4818 divinus
1390 4765 1648 4834 loquitur,
1687 4769 1753 4821 ad
1791 4777 1991 4824 terram

417 4856 630 4918 reduci,
678 4853 774 4909 sed
797 4862 852 4908 et
870 4869 1050 4908 aerem
1073 4861 1127 4907 et
1151 4854 1435 4909 humorem
1464 4855 1528 4908 ad
1553 4873 1616 4910 ea
1640 4873 1759 4927 quae
1777 4861 1993 4928 generis

417 4942 663 5011 ejusdem
691 4953 840 5008 sunt,
880 4963 938 5002 se
973 4946 1226 5003 conferre
1262 4968 1275 5004 :
1309 4951 1566 5006 omnibus
1605 4952 1658 5004 in
1685 4951 1846 5008 nobis
1874 4967 2004 5022 par-

419 5032 569 5087 tibus
607 5033 671 5087 ad
702 5049 791 5089 res
841 5035 943 5090 sibi
990 5047 1257 5106 cognatas
1289 5039 1666 5104 tendentibus,
1713 5041 1830 5096 sive
1864 5041 2002 5096 adeo

421 5135 622 5189 corpus
656 5124 957 5178 humanum
990 5141 1020 5179 a
1052 5129 1361 5184 carnivoris
1392 5131 1607 5192 avibus,
1659 5133 1774 5187 sive
1808 5133 2004 5188 imma-

421 5211 586 5266 nibus
634 5213 851 5281 belluis,
899 5217 1016 5272 sive
1049 5219 1296 5289 piscibus
1333 5221 1645 5286 devoretur,
1695 5224 1810 5277 sive
1847 5225 1971 5277 deni

421 5317 528 5369 que
557 5317 687 5373 rogo
723 5306 1038 5377 impositum
1069 5311 1122 5364 in
1151 5310 1330 5366 fumos
1361 5327 1426 5366 ac
1455 5313 1670 5368 cineres
1701 5314 2000 5384 redigatur.

421 5393 761 5465 Quocunque
786 5409 968 5455 autem
1019 5403 1144 5457 loco
1171 5419 1295 5459 esse
1343 5404 1583 5460 hominis
1629 5419 1831 5473 corpus
1887 5413 2001 5459 sta-

422 5493 664 5553 tuamus,
693 5489 750 5544 id
776 5492 996 5562 quidem
1020 5497 1316 5561 constabit,
1334 5497 1552 5566 opinor,
1585 5496 1688 5551 hoc
1711 5497 1764 5550 in
1792 5497 1997 5550 mundo

424 5577 561 5631 illud
604 5577 750 5635 haud
791 5582 957 5640 dubie
1003 5589 1294 5645 contineri.
1349 5587 1611 5643 Mundum
1667 5603 1836 5658 porro
1901 5588 1998 5645 Dei

497 5755 542 5786 "
582 5754 753 5813 lCor.
790 5775 879 5828 xv,
913 5761 978 5816 12
1010 5780 1128 5835 sqq.
1208 5765 1252 5798 ³³
1293 5763 1436 5820 Psal.
1471 5781 1589 5830 cm,
1628 5764 1717 5830 29,
1753 5765 1841 5818 '50.

732 5937 750 5964 \

2105 4489 2185 4548 εἰς
2215 4485 2284 4537 τὰ
2317 4483 2376 4548 ἐξ
2402 4476 2475 4535 ὧν
2508 4481 2826 4550 συνέστηκε,
2874 4477 3144 4548 γίνεσθαι,
3178 4477 3275 4531 καὶ
3301 4475 3362 4530 οὐ
3393 4475 3556 4546 μόνον
3591 4473 3694 4544 τὴν

2104 4568 2209 4646 γῆν
2239 4575 2381 4628 κατὰ
2424 4575 2515 4627 τὸν
2555 4572 2696 4625 θεῖον
2736 4571 2892 4640 λόγον
2936 4573 3015 4634 είς
3042 4570 3142 4638 τὴν
3191 4569 3297 4636 γῆν
3323 4563 3695 4620 ἀναλύεσθαι·

2102 4667 2240 4722 ἀλλὰ
2262 4668 2356 4719 καὶ
2387 4665 2476 4717 τὸν
2499 4665 2658 4735 ἀέρα,
2685 4663 2776 4717 καὶ
2808 4663 2864 4714 τὸ
2896 4661 3060 4732 ὑγρὸν
3086 4660 3433 4730 προσχωρεῖν
3458 4655 3535 4725 τῷ
3567 4657 3676 4725 ὀμο

2099 4761 2271 4831 φύλῳ,
2307 4760 2401 4812 καὶ
2421 4759 2652 4811 ἑκάστου
2673 4757 2782 4809 τῶν
2805 4757 2862 4808 ἐν
2891 4757 3021 4825 ἡμῖν
3048 4753 3184 4824 πρὸς
3208 4752 3269 4804 τὸ
3305 4749 3567 4818 συγγενὲς
3593 4747 3703 4818 τὴν

2103 4845 2488 4920 μεταχώρησιν
2507 4845 2809 4914 γίγνεσθαι,
2834 4843 2934 4898 κᾶν
2951 4846 3064 4906 τοῖς
3087 4840 3443 4914 σαρκοϐόροις
3461 4838 3700 4910 ὀρνέοις,

2100 4944 2203 4997 κᾶν
2232 4945 2346 5005 τοῖς
2378 4941 2682 5011 ὠμοτάτοις
2711 4937 2922 5008 θηρίοις
2953 4932 3228 5005 ἀναμιχθῇ
3263 4931 3325 4984 τὸ
3350 4927 3704 5000 ἀνθρώπινον

2105 5036 2265 5105 σῶμα
2313 5033 2401 5086 διὰ
2441 5033 2543 5102 τῆς
2592 5029 2865 5101 βρώσεως,
2901 5027 3004 5080 κᾶν
3046 5024 3152 5078 ὑπὸ
3203 5022 3298 5077 τὸν
3347 5022 3536 5076 ὀδόντα
3584 5019 3703 5072 τῶν

2108 5127 2304 5198 ἰχθύων
2334 5125 2482 5196 ἔλθῃ,
2526 5123 2631 5177 κᾶν
2678 5124 2756 5184 εἰς
2790 5120 2998 5190 ἀτμοὺς
3032 5118 3126 5172 καὶ
3174 5116 3323 5167 κόνιν
3377 5113 3698 5184 μεταϐληθῇ

2101 5216 2181 5287 τῷ
2211 5215 2364 5285 πυρί.
2403 5213 2580 5264 Ὅπου
2609 5210 2652 5263 δ’
2696 5209 2761 5262 ἄν
2793 5223 2876 5269 τις
2914 5204 3036 5258 καθ’
3065 5202 3324 5256 ὑπόθεσιν
3359 5199 3700 5270 περιενέγκῃ

2101 5311 2180 5382 τῷ
2211 5311 2355 5380 λόγῳ
2395 5307 2486 5361 τὸν
2525 5305 2829 5376 ἄνθρωπον,
2865 5301 3016 5363 ἐντὸς
3069 5298 3162 5351 τοῦ
3211 5297 3419 5365 κόσμου
3474 5292 3704 5354 πάντως

2104 5404 2249 5458 ἐστί’
2278 5400 2467 5454 τοῦτον
2493 5400 2549 5452 δὲ
2577 5401 2642 5468 τῇ
2675 5397 2818 5467 χειρὶ
2852 5392 2945 5446 τοῦ
2987 5390 3120 5444 Θεοῦ
3153 5385 3636 5459 περικρατεῖσθαι,
3663 5385 3700 5452 ἡ

2103 5499 2459 5558 θεόπνευστος
2498 5493 2737 5546 διδάσκει
2781 5489 2952 5559 φωνή.
2990 5487 3054 5539 Εἰ
3083 5479 3175 5538 οὖν
3208 5482 3271 5535 σύ
3313 5499 3365 5534 τι
3398 5479 3509 5533 τῶν
3537 5479 3598 5529 ὲν
3628 5476 3700 5548 τῇ

2107 5593 2178 5661 σῇ
2200 5589 2431 5660 παλάμῃ
2453 5587 2551 5641 οὐκ
2583 5586 2818 5655 ἀγνοεζ,
2850 5578 2938 5653 ἆρ’
2970 5579 3072 5633 οἴει
3113 5577 3216 5647 τῆς
3263 5575 3364 5646 σῆς
3407 5570 3704 5642 δυνάμεως
