3844 6222
161 305 252 361 225

1385 305 1473 360 DE
1511 303 1797 362 HOMINIS
1831 305 2152 366 OPIFICIO.

3297 319 3402 377 2'26

158 421 480 493 Ξτονωτέραν
518 415 659 475 εἶναι
702 419 802 494 τὴν
849 420 944 474 τοῦ
994 421 1132 475 Θεοῦ
1175 421 1394 492 γνῶσιν,
1435 423 1511 487 ὡς
1554 422 1629 494 μὴ
1660 424 1726 477 ἂν

1838 426 2071 496 positum
2111 440 2232 482 esse
2262 427 2317 482 in
2370 443 2558 494 manu,
2608 428 2828 485 Litteras
2877 429 3142 487 divinitus
3192 434 3406 488 tradita

156 516 384 585 ἐξευρεῖν
419 515 530 567 τῶν
563 514 1046 586 ἑμπεριεχομένων
1079 513 1184 568 ὑπὸ
1215 514 1314 585 τῆς
1355 513 1504 578 Θείας
1536 514 1729 567 σπιθα-

1838 518 2107 573 docent".
2157 519 2314 586 Quod
2349 521 2395 576 si
2427 529 2486 576 tu
2537 537 2600 577 ea
2634 539 2742 578 non
2788 524 3029 593 ignoras,
3086 540 3209 594 quas
3237 540 3403 580 manu

155 607 256 678 μῇς
289 605 387 674 τὴν
421 604 740 676 ἀκρίϐειαν;

1825 617 1918 663 tua
1959 613 2311 668 continentur
2345 631 2359 666 :
2395 630 2496 670 cur
2530 614 2700 670 Deum
2742 619 2923 673 minus
2956 633 3080 673 esse
3121 622 3407 690 perspica-

157 715 278 759 cem,
311 713 477 766 quam
509 707 566 752 tu
596 698 696 763 sis,
737 697 1021 753 existimas
1047 716 1060 753 :
1094 699 1253 769 quasi
1281 713 1390 753 non
1423 705 1678 753 accurate
1706 703 1890 757 omnia
1922 721 2045 774 qua:
2078 709 2256 777 palma
2284 724 2384 764 sua
2414 713 2817 781 complectitur,
2853 723 2982 768 nota
3009 724 3405 788 perspectaque

157 789 338 845 habeat
353 790 379 842 τ

652 905 1050 960 ΚΕΦΑΛΑΙΟΝ
1087 908 1215 962 ΚΖ’.

180 1025 270 1075 Οτι
295 1021 559 1075 δυνατόν
596 1021 785 1086 ἐστιν,
816 1026 902 1088 εἰς
947 1023 1019 1076 τὰ
1057 1024 1162 1078 τοῦ
1205 1023 1430 1090 παντὸς
1456 1023 1726 1092 στοιχεῖα

214 1092 317 1146 τοῦ
347 1093 726 1160 ἀνθρωπίνου
763 1093 1037 1161 σώματος
1065 1094 1492 1160 ἀναλυθέντος,
1539 1094 1726 1148 πάλιν

213 1165 278 1216 ἐκ
303 1163 414 1216 τοῦ
448 1163 656 1217 κοινοῦ
688 1163 923 1227 ἑκάστῳ
955 1164 1021 1217 τὸ
1061 1163 1217 1217 ἴδιον
1241 1164 1649 1233 ἀποσωθῆναι.

226 1251 385 1305 Ἀλλά
416 1252 576 1320 τυχὸν
613 1252 749 1321 πρὸς
773 1251 841 1304 τὰ
867 1255 1105 1322 στοιχεῖα
1130 1252 1225 1306 τοῦ
1261 1253 1459 1316 παντὸς
1491 1253 1724 1323 βλέπων,

152 1344 402 1398 δύσκολον
445 1347 549 1398 οἴει
579 1344 676 1396 τοῦ
731 1345 790 1395 ἐν
826 1346 958 1414 ἡμῖν
996 1345 1160 1416 ἀέρος
1193 1346 1327 1416 πρὸς
1375 1347 1436 1399 τὸ
1475 1346 1734 1414 συγγενὲς

155 1441 406 1506 στοιχεῖον
435 1436 811 1506 ἀναχεθέντος,
845 1437 1055 1490 καὶτοῦ
1087 1437 1292 1510 θερμοῦ
1330 1456 1388 1492 τε
1418 1439 1514 1493 καὶ
1542 1437 1730 1508 ὑγροῦ,

153 1530 238 1582 καὶ
282 1529 378 1582 τοῦ
415 1528 651 1598 γεώδους
701 1529 964 1593 ὡσαύτως
1014 1531 1127 1594 τοῖς
1161 1530 1450 1601 ὁμοφύλοις
1495 1531 1730 1600 ἐγκατα-

2369 910 2601 968 CAPUT
2644 912 2858 971 XXVII.

1832 1015 1982 1072 Fieri
2010 1036 2180 1089 posse,
2212 1034 2270 1076 ut
2295 1017 2482 1092 sparso
2517 1029 2570 1080 in
2613 1028 2866 1082 elementa
2910 1033 3272 1088 universitatis
3309 1036 3406 1089 hu-

1903 1107 2060 1174 mane
2094 1109 2328 1161 corpore,
2361 1098 2496 1174 quod
2533 1101 2805 1174 proprium
2833 1112 3005 1156 tamen
3031 1107 3309 1174 unicuique
3328 1116 3405 1160 est

1900 1176 1966 1214 ex
1989 1163 2087 1214 illa
2113 1163 2486 1220 communitate
2510 1163 2838 1222 restituatur.

1905 1254 1974 1308 At
2000 1256 2167 1319 enim,
2215 1257 2345 1311 dum
2399 1259 2667 1314 elementa
2719 1264 3098 1321 universitatis
3147 1267 3402 1332 intueris,

1833 1345 1953 1399 fore
1975 1348 2262 1404 existimas
2307 1350 2648 1419 perdiliicile,
2703 1362 2760 1406 ut
2810 1370 2877 1409 ex
2913 1361 3309 1415 communitate
3347 1361 3402 1415 id

1832 1437 1977 1504 quod
2007 1453 2299 1507 corporum
2317 1441 2656 1511 singulorum
2678 1447 2958 1515 proprium
2984 1456 3090 1512 est.
3111 1451 3406 1521 aliquando

1831 1541 2027 1583 rursus
2059 1529 2322 1594 conﬂuat,
2366 1539 2653 1601 postquam
2673 1537 2919 1606 semelﬁet
2949 1539 3177 1606 spiritus
3209 1540 3263 1594 in
3305 1556 3404 1594 no-

155 1621 471 1692 μιχθέντων,
514 1620 676 1675 πάλιν
717 1623 781 1673 ἐκ
813 1621 906 1675 τοῦ
958 1623 1138 1676 κοινοῦ
1195 1623 1256 1677 τὸ
1293 1627 1490 1678 οἰκεῖον
1530 1625 1624 1678 ἐπὶ
1670 1625 1729 1677 τὺ

1838 1618 1915 1673 bis
1945 1630 2234 1690 cognatum
2285 1623 2340 1676 in
2379 1623 2709 1680 elementum
2765 1628 3048 1698 dispersus
3080 1640 3183 1696 est,
3232 1641 3286 1687 et
3310 1647 3405 1686 ca-

154 1715 276 1767 ίδιον
313 1713 670 1784 ἀναδραμεῖν.
712 1709 845 1766 Εἶτα
872 1715 930 1766 οὐ
971 1715 1158 1788 λογίζῃ
1187 1715 1274 1770 διὰ
1311 1716 1421 1769 τῶν
1464 1717 1729 1789 ἀνθρωπί-

1838 1709 1938 1774 lor,
1961 1722 2015 1765 et
2043 1712 2260 1775 humor,
2293 1723 2347 1768 et
2377 1723 2561 1785 partes
2586 1727 2796 1783 terreas,
2845 1722 3012 1776 rebus
3061 1724 3148 1777 sui
3189 1724 3405 1778 scilicet

151 1823 252 1857 νων
286 1804 732 1873 ὑποδειγμάτων,
773 1805 832 1856 τὸ
869 1805 1004 1875 μηδὲ
1047 1807 1204 1858 τοῦτο
1235 1806 1336 1877 τῆς
1384 1807 1532 1871 θείας
1571 1809 1731 1862 δυνά-

152 1915 292 1967 μεως
326 1897 680 1967 ὑπερϐαίνειν
712 1897 838 1960 τοὺς
871 1899 1060 1967 δρους;
1103 1895 1256 1962 Εἷδές
1291 1917 1393 1952 που
1423 1901 1640 1964 πάντως
1671 1903 1730 1954 ὲν

148 1991 261 2050 ταῖς
289 1988 661 2058 ἀνθρωπίναις
710 1990 957 2058 οἰκήσεσι
998 1991 1183 2058 κοινὴν
1228 1991 1429 2062 ἀγέλην
1466 1991 1620 2055 ζώων
1651 2010 1732 2046 τι-

150 2081 270 2146 νῶν,
307 2081 374 2132 ἐκ
397 2081 579 2134 κοινοῦ
617 2082 1034 2153 συνισταμένην.
1075 2084 1214 2136 Ἀλλ’
1251 2086 1376 2138 ὅταν
1409 2086 1570 2139 πάλιν
1597 2086 1732 2156 πρὸς

151 2171 271 2234 τοὺς
304 2171 681 2242 κεκτημένους
730 2172 868 2243 αὑτὴ
922 2175 1379 2245 καταμερίζηται,
1413 2177 1448 2246 ἦ
1498 2195 1558 2230 τε
1593 2176 1730 2247 πρὸς

152 2264 273 2325 τοὺς
306 2263 494 2325 οἴκους
535 2263 816 2332 συνήθεια,
850 2264 946 2316 καὶ
978 2263 1046 2317 τὰ
1078 2265 1402 2336 ἐπικείμενα
1441 2271 1640 2338 σημεῖα
1669 2267 1731 2320 τὸ

151 2353 275 2407 ἴδιον
326 2355 546 2420 ἑκάστῳ
593 2353 1017 2423 ἀποκαθίστησι.
1072 2353 1323 2410 Τοιοῦτόν
1368 2374 1419 2408 τι
1475 2357 1731 2427 καὶπερὶ

147 2448 371 2501 σεαυτὸν
426 2447 648 2509 ἐννοῶν.
706 2449 804 2516 οὐχ
861 2449 1200 2520 ἁμαρτήσας
1251 2448 1346 2502 τοῦ
1405 2449 1728 2520 πρέποντος.

142 2541 348 2610 Φυσικῇ
378 2540 488 2612 γάρ
518 2557 624 2593 τινι
658 2539 840 2609 σχέσει
865 2539 960 2592 καὶ
985 2544 1187 2610 στοργῇ
1226 2541 1359 2611 πρὸς
1391 2541 1452 2594 τὸ
1480 2542 1732 2613 συνοικῆ-

140 2651 244 2686 σαν
285 2634 448 2704 σῶμα
474 2633 573 2701 τῆς
603 2633 780 2702 ψυχῆς
815 2631 1182 2703 διακειμένης,
1213 2634 1326 2687 ἔστι
1364 2652 1448 2698 τις
1500 2635 1640 2688 κατά
1670 2635 1732 2689 τὸ

136 2725 366 2796 λεληθὸς
407 2727 548 2796 αὐτῇ
602 2724 688 2778 διὰ
741 2725 841 2795 τῆς
893 2726 1344 2794 συνανακράσεως
1383 2727 1476 2780 τού
1527 2728 1729 2781 οἰκείου

134 2820 328 2889 σχέσις
387 2835 448 2871 τε
520 2818 615 2870 καὶ
675 2816 1010 2884 ἐπίγνωσις,
1087 2812 1199 2871 οἷον
1263 2820 1504 2888 σημείων
1569 2820 1731 2874 τινῶν

129 2910 293 2980 παρὰ
342 2909 447 2979 τῆς
499 2909 715 2975 ᾳύσεως
772 2909 1159 2976 ἐπικειμένων,
1215 2909 1282 2961 δι’
1335 2903 1411 2962 ὧν
1462 2913 1497 2980 ἡ
1557 2911 1730 2964 κοινό-

129 3020 238 3073 της
323 2999 633 3070 ἀσύγχυτος
716 2998 866 3068 μένει
941 2999 1324 3071 διακρινομένη
1405 3004 1520 3064 τοίς
1597 3002 1731 3056 ἰδιά-

131 3093 318 3156 ζουσι.
386 3093 501 3162 Τῆς
571 3090 753 3144 τοίνυν
823 3089 1003 3164 ψυχῆς
1077 3092 1137 3145 τὸ
1201 3094 1459 3160 συγγενές
1513 3110 1571 3146 τε
1637 3095 1732 3148 καὶ

129 3184 273 3240 [διον
331 3185 420 3254 ἐφ’
463 3183 664 3254 ἑαυτὴν
705 3183 867 3237 πάλιν
914 3183 1200 3254 ἑλκούσης,
1251 3185 1337 3248 τίς
1382 3186 1562 3250 πόνος,
1611 3187 1734 3240 εἰπέ

132 3297 253 3350 μοι,
392 3278 516 3347 θείᾳ
542 3276 774 3347 δυνάμει
807 3270 1049 3331 κωλῦσαι
1084 3276 1195 3328 τῶν
1226 3277 1442 3330 οἰκείων
1477 3277 1575 3349 τὴν
1605 3295 1734 3332 συν-

126 3374 368 3445 δρομὴν,
403 3374 634 3444 ἀρρήτῳ
677 3371 786 3426 τινὶ
821 3375 887 3443 τῇ
920 3373 1020 3444 τῆς
1069 3373 1286 3442 φύσεως
1325 3374 1457 3446 ὁλκῇ
1491 3377 1628 3442 πρὸς
1671 3380 1736 3430 τὸ

130 3467 268 3520 ἴδιον
283 3465 664 3536 ἐπειγομένων
683 3481 697 3526 ;
720 3464 793 3517 Τὸ
816 3466 923 3538 γὰρ
944 3466 1310 3537 ἐπιδιαμένειν
1335 3469 1456 3523 τινὰ
1479 3472 1542 3540 τῇ
1565 3469 1731 3541 ψυχῇ,

126 3561 228 3612 καὶ
279 3559 428 3628 μετὰ
461 3559 560 3628 τὴν
605 3556 869 3623 διάλυσιν,
910 3561 1111 3628 σημεῖα
1143 3559 1236 3611 τοῦ
1279 3561 1546 3632 ἡμετέρου
1600 3579 1732 3629 συγ-

129 3651 438 3720 κρίματος,
465 3648 736 3700 δείκνυσιν
766 3650 794 3700 ὀ
841 3650 983 3701 κατὰ
1027 3649 1119 3702 τὸν
1152 3649 1283 3720 ᾅδην
1318 3649 1585 3718 διάλογος,
1625 3653 1734 3705 τῶν

135 3745 238 3812 μὲν
280 3742 560 3812 σωμάτων
595 3739 675 3810 τῷ
698 3742 852 3811 τάφῳ
883 3740 1317 3810 παραδοθέντων,
1356 3744 1734 3815 γνωρίσματος

131 3837 192 3890 δέ
228 3853 386 3899 τινος
431 3833 744 3902 σωματικοῦ
789 3835 908 3895 ταῖς
937 3833 1139 3902 ψυχαῖς
1181 3835 1633 3904 παραμείναντος,
1668 3836 1733 3890 δι’

131 3921 195 3983 οὗ
227 3929 330 3982 καὶ
383 3930 414 3980 ὁ
467 3926 718 3996 Λάζαρος
763 3923 1106 3995 ἐγνωρίζετο.
1146 3926 1238 3977 καὶ
1277 3926 1377 3979 οὐκ
1420 3928 1664 3996 ἠγνοεῖτο
1707 3929 1736 3980 ὁ

133 4021 427 4082 πλούσιος.
477 4017 686 4071 Οὐκοῦν
711 4017 862 4070 οὐδὲν
895 4016 999 4082 ἔξω
1030 4015 1123 4068 τοῦ
1165 4017 1371 4080 εἰκότος
1399 4019 1537 4081 ἐστὶ,
1575 4019 1736 4072 πάλιν

129 4111 428 4166 πιστεύειν
466 4112 531 4162 ὲκ
569 4108 664 4161 τοῦ
694 4107 874 4161 κοινοῦ
911 4107 1049 4177 πρὸς
1080 4107 1140 4160 τὸ
1187 4108 1314 4162 ἴδιον
1350 4109 1448 4181 τὴν
1479 4111 1737 4164 ἀνάλυσιν

129 4205 392 4274 γίνεσθαι
420 4202 530 4256 τῶν
559 4200 934 4269 ἀνισταμένων
976 4200 1264 4269 σωμάτων,
1294 4202 1388 4254 καὶ
1416 4202 1649 4273 μάλιστά
1671 4221 1734 4272 γε

129 4295 702 4370 ’ζῷ’φιλοπονώτερον
759 4295 858 4365 τὴν
901 4293 1060 4362 φύσιν
1096 4293 1256 4364 ἡμῶν
1303 4295 1732 4361 κατεξετάζοντι.

1831 1803 2049 1872 generis
2096 1805 2312 1875 singula
2357 1810 2617 1877 permista
2671 1819 2822 1866 sunt.
2863 1813 2997 1877 Cur,
3044 1815 3298 1881 obsecro,
3337 1817 3406 1871 de

1832 1895 2090 1952 humanis
2125 1899 2286 1952 etiatn
2321 1902 2588 1970 exemplis
2622 1918 2730 1957 non
2751 1905 2965 1976 colligis
2994 1907 3402 1972 ratiocinando,

1831 1988 2030 2043 divinae
2059 1992 2344 2060 potestatis
2376 1995 2479 2048 hoc
2519 1997 2781 2052 terminos
2815 2013 2924 2052 non
2951 1999 3257 2054 excedere?
3283 1999 3404 2054 Non

1831 2090 1988 2149 potes
2019 2096 2127 2136 non
2163 2082 2458 2152 aliquando
2498 2085 2566 2138 iis
2597 2085 2655 2139 in
2702 2087 2859 2153 locis,
2895 2089 3096 2158 quibus
3152 2090 3406 2146 homines

1833 2173 2159 2237 habitarent,
2189 2190 2535 2231 communem
2568 2179 2884 2233 animalium
2918 2196 3135 2252 gregem
3169 2183 3402 2245 vidisse,

1831 2268 1926 2338 qui
1960 2268 2200 2337 plurium
2229 2278 2396 2325 esset.
2447 2269 2546 2326 llic
2572 2272 2619 2326 si
2649 2288 2781 2327 suos
2808 2273 2876 2328 ad
2903 2273 3158 2330 dominos
3205 2274 3406 2332 deinde

1832 2360 2227 2424 remitteretur,
2261 2361 2700 2419 animadvertere
2729 2366 2957 2434 potuisti
3003 2368 3250 2436 singulos
3283 2369 3406 2423 ani-

1831 2451 1995 2504 malia
2029 2465 2127 2505 sua
2174 2467 2519 2521 recuperare,
2574 2461 2687 2508 tum
2736 2456 2881 2525 quod
2929 2471 2992 2510 ea
3054 2457 3402 2514 dominorum

1834 2543 2047 2598 aedibus
2071 2545 2468 2610 assuevissent,
2503 2555 2616 2601 tum
2669 2547 2815 2617 quod
2850 2550 2992 2603 notis
3046 2557 3234 2606 essent
3287 2553 3406 2621 qui-

1832 2636 2062 2691 busdam
2089 2637 2325 2706 signata.
2373 2637 2519 2693 ldem
2572 2640 2616 2694 si
2650 2639 2718 2694 de
2764 2641 3057 2708 temetipso
3108 2643 3400 2713 cogitabis,

1832 2723 2256 2794 haudquaquam
2288 2741 2318 2779 a
2350 2738 2478 2787 vero
2520 2727 2887 2782 aberraveris.
2941 2729 3079 2783 Nam
3115 2745 3239 2785 cum
3280 2732 3406 2786 ani-

1832 2833 1955 2872 mus
1986 2817 2270 2873 aﬂv‘ectione
2311 2827 2365 2873 et
2388 2835 2578 2874 amore
2609 2835 2637 2874 a
2662 2829 2856 2874 natura
2873 2821 3139 2892 singulari
3174 2838 3400 2892 corpus,

1834 2909 1888 2963 in
1944 2910 2106 2979 cujus
2161 2911 2319 2980 quasi
2385 2913 2749 2968 contubernio
2813 2913 2936 2976 fuit,
2997 2927 3402 2985 prosequatur;

1759 3022 1803 3083 ρ
1835 3002 2042 3056 idcirco
2074 3003 2122 3057 ei
2172 3003 2239 3058 de
2279 3003 2665 3072 conjunctione
2712 3005 2944 3073 pristina
2981 3006 3227 3076 quaedam
3262 3007 3407 3061 inest

1834 3108 1963 3164 erga
2007 3095 2290 3164 proprium
2346 3109 2545 3164 corpus
2585 3097 2803 3149 occulta
2862 3099 2978 3152 sive
3025 3097 3240 3152 aﬂ'ectio
3293 3099 3408 3153 sive

1834 3187 2062 3256 agnitio,
2115 3195 2309 3240 natura
2343 3187 2500 3256 quasi
2550 3197 2711 3242 notas
2751 3191 2982 3257 singulis
3033 3191 3403 3259 imprimente,

1833 3295 1902 3332 ne
1938 3278 2051 3338 illa,
2083 3293 2245 3347 quam
2287 3277 2544 3340 dicimus,
2573 3279 2626 3332 in
2657 3281 3047 3335 communitate
3079 3282 3260 3335 omnia
3283 3297 3411 3336 con-

1834 3367 2216 3428 funderentur,
2255 3367 2348 3422 sed
2381 3366 2657 3436 quoddam
2713 3368 3055 3436 singulorum
3109 3370 3403 3425 discrimen

1834 3471 2162 3519 remaneret.
2195 3462 2540 3532 Quapropter
2573 3477 2697 3516 cum
2728 3464 2944 3519 animus
2980 3463 3098 3533 ipse
3139 3464 3410 3534 quidquid

1834 3558 1942 3612 sibi
1973 3563 2264 3626 cognatum
2293 3564 2348 3610 et
2382 3555 2664 3625 proprium
2694 3562 2801 3620 est,
2833 3556 3097 3627 colligat;
3131 3557 3276 3626 quis,
3313 3559 3410 3611 ob-

1835 3665 2016 3714 secro,
2058 3650 2212 3703 labor
2247 3647 2503 3717 potestati
2540 3646 2738 3702 divinas
2775 3645 2961 3711 fuerit,
3002 3648 3289 3718 impedire,
3349 3658 3409 3702 ut

1834 3758 1904 3798 ne
1927 3751 2158 3812 cognata
2193 3755 2386 3795 rursus
2413 3744 2770 3807 concurrant,
2819 3753 2942 3809 qua:
2994 3739 3163 3793 ductu
3197 3746 3409 3792 natura»

1835 3833 2070 3905 quodam
2100 3830 2360 3888 ineﬂabili
2389 3832 2456 3885 Μ
2486 3846 2545 3887 se
2573 3839 2766 3884 mutuo
2812 3828 3110 3885 feruntur?
3134 3828 3192 3883 In
3224 3830 3406 3882 animo

1835 3927 2080 3998 quidem,
2123 3924 2290 3978 etiam
2321 3929 2446 3992 post
2487 3921 2822 3990 diremptum
2877 3921 3041 3990 hujus
3097 3935 3127 3974 a
3155 3934 3406 3988 corpore.

1837 4020 1991 4089 signa
2010 4016 2260 4086 quadam
2293 4029 2605 4083 superesse,
2625 4013 2692 4068 de
2715 4013 2918 4083 quibus
2935 4027 3134 4081 corpus
3159 4021 3407 4066 nostrum

1838 4118 2118 4181 agnoscat,
2146 4107 2390 4162 declarat
2423 4107 2488 4170 is,
2527 4106 2618 4175 qui
2651 4105 2871 4160 habitus
2900 4112 2985 4159 est
3013 4119 3044 4158 a
3069 4104 3236 4158 divite
3266 4105 3408 4172 apud

1838 4205 2046 4260 inferos
2082 4203 2148 4257 ad
2176 4201 2544 4256 Abrahamum
2569 4213 2752 4254 sermo
2771 4197 2837 4250 ".
2863 4196 2999 4251 Nam
3035 4198 3291 4268 quamvis
3325 4213 3412 4251 es-

1840 4305 1960 4350 sent
1981 4291 2206 4347 tumulis
2230 4290 2487 4344 mandata
2518 4303 2770 4358 corpora.
2791 4297 2973 4343 tamen
3005 4297 3132 4342 nota
3161 4287 3408 4356 quaedam

130 4392 280 4448 Οὔτε
318 4389 428 4458 γάρ
451 4386 517 4440 δι’
537 4386 659 4438 ὃλου
679 4385 737 4436 ἐν
765 4385 918 4452 ῥύσει
941 4385 1033 4436 καὶ
1060 4384 1326 4455 μεταϐολῇ
1362 4386 1423 4438 τὸ
1443 4387 1729 4458 ἡμέτερον.

1839 4399 2104 4455 corporea
2153 4382 2450 4437 inhaerebat
2498 4381 2703 4444 animo,
2751 4381 2818 4434 de
2867 4395 2976 4450 qua
3024 4380 3103 4434 uti
3166 4379 3410 4434 Lazarus

132 4480 216 4536 Ἦ
247 4481 369 4551 γὰρ
395 4481 462 4533 ἂν
489 4478 730 4547 ἄληπτον
755 4472 821 4547 ἦν
858 4477 1081 4529 καθόλου
1127 4475 1204 4546 τῷ
1239 4478 1508 4546 μηδεμίαν
1552 4483 1736 4536 στάσιν

133 4575 289 4642 ἔχειν
321 4571 387 4622 ἐκ
417 4567 632 4636 φύσεως
657 4584 670 4596 ·
703 4565 840 4618 ἀλλά
869 4565 1010 4618 κατά
1031 4565 1120 4618 τὸν
1149 4565 1536 4638 ἀκριϐέστερον
1556 4569 1732 4637 λόγον,

132 4665 199 4717 τὸ
237 4663 347 4735 μέν
391 4678 445 4714 τι
481 4660 678 4729 ἕστηκε
727 4657 836 4709 τῶν
879 4659 938 4710 ὲν
987 4658 1148 4726 ἡμῖν,
1206 4657 1269 4709 τὸ
1306 4657 1361 4710 δὲ
1402 4659 1470 4711 δι’
1507 4659 1736 4714 ἀλλοιώ-

136 4773 286 4819 σεως
315 4752 584 4823 πρόεισιν.
627 4749 957 4803 Ἀλλοιοῦται
990 4749 1086 4818 μὲν
1125 4749 1233 4820 γὰρ
1267 4749 1334 4801 δι’
1366 4749 1646 4820 αὐξήσεώς
1677 4770 1735 4806 τε

133 4850 238 4902 καὶ
299 4844 582 4916 μειώσεως
617 4841 678 4894 τὸ
710 4841 889 4911 σῶμα,
925 4834 1036 4893 οἷον
1078 4839 1268 4908 ἱμάτιά
1307 4857 1446 4904 τινα,
1484 4842 1581 4906 τὰς
1612 4844 1744 4897 καθ-

131 4941 272 5008 εξῆς
305 4936 526 5007 ἡλικίας
566 4931 1002 5003 μετενδυόμενον.
1053 4931 1292 5001 Ἐστηκε
1337 4930 1393 4984 δὲ
1435 4932 1522 4986 διὰ
1564 4936 1744 5006 πάσης

131 5030 362 5103 τροπῆς
392 5025 769 5097 ἀμετάϐλητον
809 5024 893 5092 ἐφ’
925 5021 1118 5077 ἑαυτοῦ
1149 5024 1208 5076 τὸ
1247 5019 1405 5087 εἶδος,
1438 5025 1546 5080 τῶν
1594 5028 1742 5097 ἀπαξ

131 5119 556 5191 ἐπιϐληθέντων
585 5115 731 5186 αὑτῷ
763 5115 916 5186 παρά
952 5114 1051 5184 τῆς
1101 5114 1316 5183 φύσεως
1363 5118 1606 5186 σημείων
1643 5122 1743 5174 οὐκ

132 5214 526 5284 ἐξιστάμενον,
557 5209 692 5263 ἀλλά
712 5209 912 5270 πάσαις
939 5209 1058 5270 ταῖς
1080 5206 1222 5260 κατά
1248 5208 1307 5260 τὸ
1329 5208 1489 5280 σῶμα
1509 5216 1741 5281 τροπαῖς

134 5305 296 5378 μετὰ
321 5306 434 5357 τῶν
465 5303 614 5356 ἰδίων
654 5302 1049 5372 ἐμφαινόμενον
1078 5299 1493 5370 γνωρισμάτων.
1547 5301 1740 5370 Ὑπεξ-

131 5395 416 5467 αιρείσθω
445 5393 502 5446 δὲ
531 5393 624 5446 τοῦ
665 5392 823 5461 λόγου
855 5395 887 5462 ἡ
920 5395 984 5445 ὲκ
1021 5389 1226 5454 πάθους
1253 5391 1556 5460 ἀλλοίωσις,
1587 5397 1620 5464 ἠ
1660 5395 1738 5465 τῷ

131 5485 282 5538 εῐδει
310 5481 780 5552 ὲπισυμϐαίνουσα
799 5499 812 5512 ·
849 5478 962 5534 οἷον
999 5480 1108 5550 γάρ
1139 5495 1190 5532 τι
1217 5485 1560 5550 προσωπεῖον
1585 5483 1740 5537 ἀλλό-

130 5595 306 5649 τριον
328 5579 360 5646 ἡ
381 5577 524 5629 κατὰ
555 5574 654 5645 τὴν
679 5575 832 5627 νόσον
855 5573 1098 5644 ἀμορφία
1118 5570 1471 5642 διαλαμϐάνει
1491 5573 1552 5628 τὸ
1575 5570 1736 5644 εἶδος,

213 5760 272 5792 ’δ
311 5757 454 5812 Psal.
496 5771 640 5820 xcn',
685 5757 738 5809 ιι.
814 5756 858 5787 ’³
908 5753 1041 5810 Luc.
1075 5770 1188 5819 xv't,
1221 5753 1285 5808 19
1315 5770 1436 5826 sqq.

1840 4477 2260 4546 agnoscebatur,
2321 4474 2393 4527 ita
2425 4488 2521 4541 per
2550 4471 2798 4527 eamdem
2835 4473 3057 4542 ignotus
3089 4485 3212 4526 esse
3255 4471 3410 4525 dives

1839 4571 1931 4626 ille
1965 4585 2072 4624 non
2095 4573 2330 4638 poterat.
2365 4564 2721 4635 Nequaquam
2749 4563 2917 4634 igitur
2943 4563 3205 4617 abhorret
3224 4577 3253 4615 a
3276 4577 3410 4616 vero

1841 4663 1955 4717 haec
2009 4659 2318 4731 persuasio,
2371 4673 2478 4728 qua
2519 4673 2587 4712 ex
2626 4667 2800 4710 morte
2841 4656 3111 4710 suscitata
3154 4667 3411 4722 corpora,

1841 4753 2235 4810 communitate
2300 4752 2513 4811 relicta,
2564 4749 2854 4818 pristinam
2904 4749 2972 4803 ad
3022 4749 3412 4817 proprietatem

1841 4856 2130 4899 reversura
2178 4841 2495 4896 statuimus.
2535 4837 2833 4909 Apparebit
2878 4836 2982 4890 hoc
3014 4837 3068 4890 in
3115 4837 3326 4905 primis,
3370 4835 3417 4890 si

1841 4938 1969 5006 quis
2007 4934 2353 4990 accuratiore
2391 4932 2576 4987 studio
2623 4931 3017 5000 cognoscendae
3067 4941 3276 4983 naturae
3316 4944 3420 4983 no-

1843 5046 1970 5086 stra:
2008 5043 2067 5083 se
2099 5027 2300 5080 tradat.
2357 5024 2490 5077 Nam
2549 5022 2855 5079 existimari
2913 5037 3022 5075 non
3053 5021 3238 5084 debet,
3295 5036 3420 5076 esse

1842 5137 1944 5176 nos
1975 5121 2226 5174 universe
2257 5133 2382 5171 cum
2407 5117 2604 5176 ﬂuxos,
2635 5126 2748 5168 tum
2781 5113 3070 5168 mutationi
3116 5111 3414 5167 obnoxios.

1840 5212 1958 5266 Non
1992 5213 2134 5266 enim
2171 5209 2279 5263 ulla
2313 5209 2529 5262 ratione
2563 5203 2948 5276 comprehendi
2991 5212 3189 5258 natura
3231 5209 3420 5257 nostra

1842 5310 2061 5374 posset,
2115 5301 2161 5355 si
2223 5301 2373 5354 nulla
2421 5301 2470 5355 ei
2534 5299 2740 5354 tributa
2783 5297 2939 5367 quies
2988 5310 3019 5349 a
3059 5303 3208 5352 motu
3259 5292 3419 5348 foret.

1843 5397 2032 5466 Itaque
2065 5411 2124 5450 re
2158 5394 2474 5466 diligentius
2508 5393 2787 5463 indagata.
2829 5390 3170 5460 reperiemus
3217 5387 3420 5457 partim

1844 5488 2040 5543 svabile
2065 5486 2327 5557 quiddam
2377 5487 2430 5540 in
2464 5485 2624 5540 nobis
2674 5499 2816 5547 esse,
2863 5481 3064 5551 partim
3111 5478 3420 5533 mutatione

1843 5581 2076 5646 varium,
2115 5578 2261 5651 quod
2301 5592 2581 5649 nunquam
2629 5591 2737 5632 non
2776 5573 3014 5629 fluxione
3043 5585 3144 5627 sua
3193 5583 3419 5640 progre-
