  <div class='ocr_page' id='page_1' title='image "/cluster/home/n/w/nwhite01/storage/ocr_20150623/44/nnc1.0037127462/127.png"; bbox 0 0 3886 6214; ppageno 0'>
   <div class='ocr_carea' id='block_1_1' title="bbox 408 294 3676 369">
    <p class='ocr_par' dir='ltr' id='par_1_1' title="bbox 408 294 3676 369">
     <span class='ocr_line' id='line_1_1' title="bbox 408 294 3676 369; baseline -0.006 -1"><span class='ocrx_word' id='word_1_1' title='bbox 408 315 513 368; x_wconf 72' lang='lat'><strong>227</strong></span> <span class='ocrx_word' id='word_1_2' title='bbox 1644 311 1703 369; x_wconf 90' lang='lat' dir='ltr'><strong>S.</strong></span> <span class='ocrx_word' id='word_1_3' title='bbox 1743 308 2072 367; x_wconf 78' lang='lat' dir='ltr'><strong>GREGORII</strong></span> <span class='ocrx_word' id='word_1_4' title='bbox 2112 306 2406 364; x_wconf 76' lang='lat' dir='ltr'><strong>NYSSENI</strong></span> <span class='ocrx_word' id='word_1_5' title='bbox 3572 294 3676 348; x_wconf 65' lang='lat'><strong>228</strong></span> 
     </span>
    </p>
   </div>
   <div class='ocr_carea' id='block_1_2' title="bbox 416 411 1995 502">
    <p class='ocr_par' dir='ltr' id='par_1_2' title="bbox 416 428 1984 500">
     <span class='ocr_line' id='line_1_2' title="bbox 416 428 1984 500; baseline -0.003 -14"><span class='ocrx_word' id='word_1_6' title='bbox 416 432 621 487; x_wconf 85' lang='lat' dir='ltr'><strong>diatur.</strong></span> <span class='ocrx_word' id='word_1_7' title='bbox 644 428 780 485; x_wconf 86' lang='lat' dir='ltr'><strong>Nam</strong></span> <span class='ocrx_word' id='word_1_8' title='bbox 810 443 1014 500; x_wconf 84' lang='lat' dir='ltr'><strong>corpus</strong></span> <span class='ocrx_word' id='word_1_9' title='bbox 1040 430 1212 485; x_wconf 90' lang='lat' dir='ltr'><strong>altera</strong></span> <span class='ocrx_word' id='word_1_10' title='bbox 1241 428 1626 485; x_wconf 72' lang='lat' dir='ltr'><strong>vicissitudine</strong></span> <span class='ocrx_word' id='word_1_11' title='bbox 1657 444 1754 499; x_wconf 86' lang='lat' dir='ltr'><strong>per</strong></span> <span class='ocrx_word' id='word_1_12' title='bbox 1794 443 1984 483; x_wconf 87' lang='lat' dir='ltr'><strong>accre-</strong></span> 
     </span>
    </p>
   </div>
   <div class='ocr_carea' id='block_1_3' title="bbox 2099 411 3675 502">
    <p class='ocr_par' dir='ltr' id='par_1_3' title="bbox 2099 411 3675 502">
     <span class='ocr_line' id='line_1_3' title="bbox 2099 411 3675 502; baseline -0.011 -21"><span class='ocrx_word' id='word_1_13' title='bbox 2099 426 2152 502; x_wconf 68' lang='grc' dir='ltr'>ῆς</span> <span class='ocrx_word' id='word_1_14' title='bbox 2183 425 2261 498; x_wconf 83' lang='grc' dir='ltr'>τῷ</span> <span class='ocrx_word' id='word_1_15' title='bbox 2284 426 2426 495; x_wconf 77' lang='grc' dir='ltr'>λόγῳ</span> <span class='ocrx_word' id='word_1_16' title='bbox 2454 419 2914 494; x_wconf 87' lang='grc' dir='ltr'>περιαιρεθείσης,</span> <span class='ocrx_word' id='word_1_17' title='bbox 2940 415 3192 485; x_wconf 86' lang='grc' dir='ltr'>καθάπερ</span> <span class='ocrx_word' id='word_1_18' title='bbox 3214 416 3307 467; x_wconf 74' lang='grc' dir='ltr'>επὶ</span> <span class='ocrx_word' id='word_1_19' title='bbox 3336 411 3555 483; x_wconf 75' lang='grc' dir='ltr'>Νεεμὰν</span> <span class='ocrx_word' id='word_1_20' title='bbox 3576 411 3675 465; x_wconf 71' lang='grc' dir='ltr'><strong>τοῦ</strong></span> 
     </span>
    </p>
   </div>
   <div class='ocr_carea' id='block_1_4' title="bbox 411 504 1995 591">
    <p class='ocr_par' dir='ltr' id='par_1_4' title="bbox 411 520 1988 585">
     <span class='ocr_line' id='line_1_4' title="bbox 411 520 1988 585; baseline -0.001 -9"><span class='ocrx_word' id='word_1_21' title='bbox 411 524 616 578; x_wconf 90' lang='lat' dir='ltr'><strong>tionem</strong></span> <span class='ocrx_word' id='word_1_22' title='bbox 646 537 711 576; x_wconf 91' lang='lat' dir='ltr'><strong>ac</strong></span> <span class='ocrx_word' id='word_1_23' title='bbox 749 521 1170 575; x_wconf 75' lang='lat' dir='ltr'><strong>diminutionem</strong></span> <span class='ocrx_word' id='word_1_24' title='bbox 1214 529 1484 585; x_wconf 81' lang='lat' dir='ltr'><strong>mutatur,</strong></span> <span class='ocrx_word' id='word_1_25' title='bbox 1524 528 1580 576; x_wconf 92' lang='lat' dir='ltr'><strong>et</strong></span> <span class='ocrx_word' id='word_1_26' title='bbox 1610 529 1799 575; x_wconf 73' lang='lat' dir='ltr'><strong>tetates</strong></span> <span class='ocrx_word' id='word_1_27' title='bbox 1855 520 1988 574; x_wconf 72' lang='lat' dir='ltr'><strong>vitae</strong></span> 
     </span>
    </p>
   </div>
   <div class='ocr_carea' id='block_1_5' title="bbox 2099 504 3677 591">
    <p class='ocr_par' dir='ltr' id='par_1_5' title="bbox 2099 504 3677 591">
     <span class='ocr_line' id='line_1_5' title="bbox 2099 504 3677 591; baseline -0.013 -17"><span class='ocrx_word' id='word_1_28' title='bbox 2099 521 2289 591; x_wconf 82' lang='grc' dir='ltr'><strong>Σύρου,</strong></span> <span class='ocrx_word' id='word_1_29' title='bbox 2322 518 2356 589; x_wconf 80' lang='grc' dir='ltr'>ἢ</span> <span class='ocrx_word' id='word_1_30' title='bbox 2389 514 2611 570; x_wconf 74' lang='grc' dir='ltr'>ἐπὶτῶν</span> <span class='ocrx_word' id='word_1_31' title='bbox 2651 512 2792 567; x_wconf 86' lang='grc' dir='ltr'>κατά</span> <span class='ocrx_word' id='word_1_32' title='bbox 2821 511 2883 564; x_wconf 80' lang='grc' dir='ltr'>τὸ</span> <span class='ocrx_word' id='word_1_33' title='bbox 2908 508 3237 578; x_wconf 71' lang='grc' dir='ltr'>ΕὐαΠέλιον</span> <span class='ocrx_word' id='word_1_34' title='bbox 3262 504 3677 576; x_wconf 76' lang='grc' dir='ltr'><strong>ἱστορηθέντων,</strong></span> 
     </span>
    </p>
   </div>
   <div class='ocr_carea' id='block_1_6' title="bbox 414 591 1995 683">
    <p class='ocr_par' dir='ltr' id='par_1_6' title="bbox 414 610 1985 683">
     <span class='ocr_line' id='line_1_6' title="bbox 414 610 1985 683; baseline -0.002 -13"><span class='ocrx_word' id='word_1_35' title='bbox 414 612 778 670; x_wconf 81' lang='lat' dir='ltr'><strong>succedentes</strong></span> <span class='ocrx_word' id='word_1_36' title='bbox 804 615 911 668; x_wconf 91' lang='lat' dir='ltr'><strong>sibi</strong></span> <span class='ocrx_word' id='word_1_37' title='bbox 948 614 1108 683; x_wconf 89' lang='lat' dir='ltr'><strong>quasi</strong></span> <span class='ocrx_word' id='word_1_38' title='bbox 1131 621 1313 670; x_wconf 80' lang='lat' dir='ltr'><strong>vestes</strong></span> <span class='ocrx_word' id='word_1_39' title='bbox 1342 613 1611 683; x_wconf 88' lang='lat' dir='ltr'><strong>quasdam</strong></span> <span class='ocrx_word' id='word_1_40' title='bbox 1637 613 1835 667; x_wconf 89' lang='lat' dir='ltr'><strong>induit.</strong></span> <span class='ocrx_word' id='word_1_41' title='bbox 1861 610 1985 667; x_wconf 88' lang='lat' dir='ltr'><strong>Idea</strong></span> 
     </span>
    </p>
   </div>
   <div class='ocr_carea' id='block_1_7' title="bbox 2099 591 3680 683">
    <p class='ocr_par' dir='ltr' id='par_1_7' title="bbox 2099 591 3680 677">
     <span class='ocr_line' id='line_1_7' title="bbox 2099 591 3680 677; baseline -0.014 -12"><span class='ocrx_word' id='word_1_42' title='bbox 2099 612 2257 666; x_wconf 88' lang='grc' dir='ltr'>πάλιν</span> <span class='ocrx_word' id='word_1_43' title='bbox 2286 609 2348 663; x_wconf 84' lang='grc' dir='ltr'><strong>τὸ</strong></span> <span class='ocrx_word' id='word_1_44' title='bbox 2375 605 2753 677; x_wconf 85' lang='grc' dir='ltr'><strong>κεκρυμμένον</strong></span> <span class='ocrx_word' id='word_1_45' title='bbox 2781 601 2885 656; x_wconf 79' lang='grc' dir='ltr'><strong>ὑπὸ</strong></span> <span class='ocrx_word' id='word_1_46' title='bbox 2916 599 3010 653; x_wconf 79' lang='grc' dir='ltr'>τοῦ</span> <span class='ocrx_word' id='word_1_47' title='bbox 3039 597 3242 661; x_wconf 83' lang='grc' dir='ltr'><strong>πάθους</strong></span> <span class='ocrx_word' id='word_1_48' title='bbox 3271 591 3427 659; x_wconf 73' lang='grc' dir='ltr'>εἶδος,</span> <span class='ocrx_word' id='word_1_49' title='bbox 3463 592 3551 646; x_wconf 80' lang='grc' dir='ltr'>διὰ</span> <span class='ocrx_word' id='word_1_50' title='bbox 3578 592 3680 662; x_wconf 84' lang='grc' dir='ltr'><strong>τῆς</strong></span> 
     </span>
    </p>
   </div>
   <div class='ocr_carea' id='block_1_8' title="bbox 410 687 1995 784">
    <p class='ocr_par' dir='ltr' id='par_1_8' title="bbox 410 707 1986 777">
     <span class='ocr_line' id='line_1_8' title="bbox 410 707 1986 777; baseline -0.001 -18"><span class='ocrx_word' id='word_1_51' title='bbox 410 723 542 762; x_wconf 91' lang='lat' dir='ltr'><strong>vero</strong></span> <span class='ocrx_word' id='word_1_52' title='bbox 587 707 777 761; x_wconf 89' lang='lat' dir='ltr'><strong>eadem</strong></span> <span class='ocrx_word' id='word_1_53' title='bbox 815 722 1032 777; x_wconf 81' lang='lat' dir='ltr'><strong>semper</strong></span> <span class='ocrx_word' id='word_1_54' title='bbox 1073 714 1278 769; x_wconf 90' lang='lat' dir='ltr'><strong>manet,</strong></span> <span class='ocrx_word' id='word_1_55' title='bbox 1330 714 1489 761; x_wconf 76' lang='lat' dir='ltr'><strong>extra</strong></span> <span class='ocrx_word' id='word_1_56' title='bbox 1533 720 1751 760; x_wconf 90' lang='lat' dir='ltr'><strong>omnem</strong></span> <span class='ocrx_word' id='word_1_57' title='bbox 1803 715 1986 760; x_wconf 84' lang='lat' dir='ltr'><strong>muta-</strong></span> 
     </span>
    </p>
   </div>
   <div class='ocr_carea' id='block_1_9' title="bbox 2099 687 3644 784">
    <p class='ocr_par' dir='ltr' id='par_1_9' title="bbox 2099 687 3644 784">
     <span class='ocr_line' id='line_1_9' title="bbox 2099 687 3644 784; baseline -0.012 -29"><span class='ocrx_word' id='word_1_58' title='bbox 2099 702 2279 771; x_wconf 84' lang='grc' dir='ltr'>ὑγείας</span> <span class='ocrx_word' id='word_1_59' title='bbox 2307 700 2366 751; x_wconf 81' lang='grc' dir='ltr'>ὲν</span> <span class='ocrx_word' id='word_1_60' title='bbox 2395 700 2506 760; x_wconf 87' lang='grc' dir='ltr'>τοῖς</span> <span class='ocrx_word' id='word_1_61' title='bbox 2537 696 2688 758; x_wconf 81' lang='grc' dir='ltr'><strong>ἰδίοις</strong></span> <span class='ocrx_word' id='word_1_62' title='bbox 2709 693 2952 761; x_wconf 75' lang='grc' dir='ltr'><strong>ἀνεφάνη</strong></span> <span class='ocrx_word' id='word_1_63' title='bbox 2975 687 3355 784; x_wconf 36' lang='grc' dir='ltr'>γνωρίσμασιη</span> <span class='ocrx_word' id='word_1_64' title='bbox 3630 773 3644 784; x_wconf 47' lang='grc'><strong>.</strong></span> 
     </span>
    </p>
   </div>
   <div class='ocr_carea' id='block_1_10' title="bbox 409 777 3681 869">
    <p class='ocr_par' dir='ltr' id='par_1_10' title="bbox 409 777 3681 869">
     <span class='ocr_line' id='line_1_10' title="bbox 409 777 3681 869; baseline -0.009 -15"><span class='ocrx_word' id='word_1_65' title='bbox 409 800 672 854; x_wconf 88' lang='lat' dir='ltr'><strong>bilitatem</strong></span> <span class='ocrx_word' id='word_1_66' title='bbox 718 800 918 869; x_wconf 89' lang='lat' dir='ltr'><strong>posita,</strong></span> <span class='ocrx_word' id='word_1_67' title='bbox 965 814 1142 869; x_wconf 88' lang='lat' dir='ltr'><strong>neque</strong></span> <span class='ocrx_word' id='word_1_68' title='bbox 1192 806 1352 854; x_wconf 89' lang='lat' dir='ltr'><strong>notas</strong></span> <span class='ocrx_word' id='word_1_69' title='bbox 1408 798 1615 854; x_wconf 90' lang='lat' dir='ltr'><strong>inditas</strong></span> <span class='ocrx_word' id='word_1_70' title='bbox 1665 813 1695 853; x_wconf 91' lang='lat' dir='ltr'><strong>a</strong></span> <span class='ocrx_word' id='word_1_71' title='bbox 1743 810 1937 853; x_wconf 89' lang='lat' dir='ltr'><strong>natura</strong></span> <span class='ocrx_word' id='word_1_72' title='bbox 1972 796 2076 852; x_wconf 89' lang='lat' dir='ltr'><strong>sibi</strong></span> <span class='ocrx_word' id='word_1_73' title='bbox 2109 792 2310 848; x_wconf 91' lang='lat' dir='ltr'><strong>amittit</strong></span> <span class='ocrx_word' id='word_1_74' title='bbox 2344 810 2357 845; x_wconf 90' lang='lat'><strong>:</strong></span> <span class='ocrx_word' id='word_1_75' title='bbox 2396 789 2491 845; x_wconf 91' lang='lat' dir='ltr'><strong>sed</strong></span> <span class='ocrx_word' id='word_1_76' title='bbox 2522 801 2866 858; x_wconf 65' lang='lat' dir='ltr'><strong>quaecunque</strong></span> <span class='ocrx_word' id='word_1_77' title='bbox 2912 781 3129 851; x_wconf 86' lang='lat' dir='ltr'><strong>corpori</strong></span> <span class='ocrx_word' id='word_1_78' title='bbox 3166 777 3498 831; x_wconf 80' lang='lat' dir='ltr'><strong>mutationes</strong></span> <span class='ocrx_word' id='word_1_79' title='bbox 3526 777 3681 828; x_wconf 89' lang='lat' dir='ltr'><strong>acci-</strong></span> 
     </span>
    </p>
   </div>
   <div class='ocr_carea' id='block_1_11' title="bbox 408 871 3679 964">
    <p class='ocr_par' dir='ltr' id='par_1_11' title="bbox 408 871 3679 964">
     <span class='ocr_line' id='line_1_11' title="bbox 408 871 3679 964; baseline -0.004 -18"><span class='ocrx_word' id='word_1_80' title='bbox 408 892 561 955; x_wconf 88' lang='lat' dir='ltr'><strong>dant,</strong></span> <span class='ocrx_word' id='word_1_81' title='bbox 616 892 732 946; x_wconf 69' lang='lat' dir='ltr'><strong>haec</strong></span> <span class='ocrx_word' id='word_1_82' title='bbox 780 893 1140 948; x_wconf 86' lang='lat' dir='ltr'><strong>nihilominus</strong></span> <span class='ocrx_word' id='word_1_83' title='bbox 1197 895 1352 964; x_wconf 90' lang='lat' dir='ltr'><strong>signa</strong></span> <span class='ocrx_word' id='word_1_84' title='bbox 1407 908 1528 959; x_wconf 90' lang='lat' dir='ltr'><strong>sua,</strong></span> <span class='ocrx_word' id='word_1_85' title='bbox 1582 894 1649 949; x_wconf 87' lang='lat' dir='ltr'><strong>de</strong></span> <span class='ocrx_word' id='word_1_86' title='bbox 1688 894 1894 964; x_wconf 87' lang='lat' dir='ltr'><strong>quibus</strong></span> <span class='ocrx_word' id='word_1_87' title='bbox 1936 901 2287 963; x_wconf 76' lang='lat' dir='ltr'><strong>agnoscatur,</strong></span> <span class='ocrx_word' id='word_1_88' title='bbox 2336 886 2555 941; x_wconf 86' lang='lat' dir='ltr'><strong>retinet.</strong></span> <span class='ocrx_word' id='word_1_89' title='bbox 2598 880 2929 951; x_wconf 74' lang='lat' dir='ltr'><strong>Excipienda</strong></span> <span class='ocrx_word' id='word_1_90' title='bbox 2961 891 3142 937; x_wconf 89' lang='lat' dir='ltr'><strong>tamen</strong></span> <span class='ocrx_word' id='word_1_91' title='bbox 3167 871 3679 937; x_wconf 70' lang='lat' dir='ltr'><strong>veniteamutatio.</strong></span> 
     </span>
    </p>
   </div>
   <div class='ocr_carea' id='block_1_12' title="bbox 409 972 3679 1053">
    <p class='ocr_par' dir='ltr' id='par_1_12' title="bbox 409 972 3679 1053">
     <span class='ocr_line' id='line_1_12' title="bbox 409 972 3679 1053; baseline -0.005 -16"><span class='ocrx_word' id='word_1_92' title='bbox 409 1000 530 1053; x_wconf 74' lang='lat' dir='ltr'><strong>qua:</strong></span> <span class='ocrx_word' id='word_1_93' title='bbox 567 986 756 1038; x_wconf 89' lang='lat' dir='ltr'><strong>morbo</strong></span> <span class='ocrx_word' id='word_1_94' title='bbox 806 984 990 1053; x_wconf 91' lang='lat' dir='ltr'><strong>aliquo</strong></span> <span class='ocrx_word' id='word_1_95' title='bbox 1040 983 1174 1037; x_wconf 69' lang='lat' dir='ltr'><strong>idea:</strong></span> <span class='ocrx_word' id='word_1_96' title='bbox 1224 982 1512 1053; x_wconf 89' lang='lat' dir='ltr'><strong>contingit.</strong></span> <span class='ocrx_word' id='word_1_97' title='bbox 1578 982 1712 1037; x_wconf 86' lang='lat' dir='ltr'><strong>Nam</strong></span> <span class='ocrx_word' id='word_1_98' title='bbox 1759 994 1876 1037; x_wconf 87' lang='lat' dir='ltr'><strong>tum</strong></span> <span class='ocrx_word' id='word_1_99' title='bbox 1934 989 2054 1037; x_wconf 90' lang='lat' dir='ltr'><strong>orta</strong></span> <span class='ocrx_word' id='word_1_100' title='bbox 2107 996 2170 1035; x_wconf 81' lang='lat' dir='ltr'><strong>ex</strong></span> <span class='ocrx_word' id='word_1_101' title='bbox 2237 977 2429 1032; x_wconf 92' lang='lat' dir='ltr'><strong>morbo</strong></span> <span class='ocrx_word' id='word_1_102' title='bbox 2488 972 2812 1029; x_wconf 79' lang='lat' dir='ltr'><strong>deformitas</strong></span> <span class='ocrx_word' id='word_1_103' title='bbox 2872 972 3051 1027; x_wconf 88' lang='lat' dir='ltr'><strong>ideam</strong></span> <span class='ocrx_word' id='word_1_104' title='bbox 3101 980 3357 1042; x_wconf 83' lang='lat' dir='ltr'><strong>occupat,</strong></span> <span class='ocrx_word' id='word_1_105' title='bbox 3415 977 3679 1039; x_wconf 88' lang='lat' dir='ltr'><strong>tanquam</strong></span> 
     </span>
    </p>
   </div>
   <div class='ocr_carea' id='block_1_13' title="bbox 409 1059 3679 1147">
    <p class='ocr_par' dir='ltr' id='par_1_13' title="bbox 409 1059 3679 1147">
     <span class='ocr_line' id='line_1_13' title="bbox 409 1059 3679 1147; baseline -0.006 -18"><span class='ocrx_word' id='word_1_106' title='bbox 409 1076 558 1129; x_wconf 86' lang='lat' dir='ltr'><strong>larva</strong></span> <span class='ocrx_word' id='word_1_107' title='bbox 599 1075 872 1146; x_wconf 64' lang='lat' dir='ltr'><strong>quaedam,</strong></span> <span class='ocrx_word' id='word_1_108' title='bbox 920 1090 1083 1146; x_wconf 89' lang='lat' dir='ltr'><strong>quam</strong></span> <span class='ocrx_word' id='word_1_109' title='bbox 1134 1076 1178 1131; x_wconf 90' lang='lat' dir='ltr'><strong>si</strong></span> <span class='ocrx_word' id='word_1_110' title='bbox 1224 1077 1275 1130; x_wconf 90' lang='lat' dir='ltr'><strong>ei</strong></span> <span class='ocrx_word' id='word_1_111' title='bbox 1315 1076 1607 1147; x_wconf 87' lang='lat' dir='ltr'><strong>cogitando</strong></span> <span class='ocrx_word' id='word_1_112' title='bbox 1652 1075 1981 1142; x_wconf 90' lang='lat' dir='ltr'><strong>adimamus,</strong></span> <span class='ocrx_word' id='word_1_113' title='bbox 2023 1074 2166 1131; x_wconf 87' lang='lat' dir='ltr'><strong>sicut</strong></span> <span class='ocrx_word' id='word_1_114' title='bbox 2203 1071 2272 1125; x_wconf 89' lang='lat' dir='ltr'><strong>ab</strong></span> <span class='ocrx_word' id='word_1_115' title='bbox 2305 1085 2367 1125; x_wconf 90' lang='lat' dir='ltr'><strong>ea</strong></span> <span class='ocrx_word' id='word_1_116' title='bbox 2426 1067 2599 1139; x_wconf 85' lang='lat' dir='ltr'><strong>Syrus</strong></span> <span class='ocrx_word' id='word_1_117' title='bbox 2653 1067 2744 1120; x_wconf 91' lang='lat' dir='ltr'><strong>ille</strong></span> <span class='ocrx_word' id='word_1_118' title='bbox 2799 1063 3130 1130; x_wconf 83' lang='lat' dir='ltr'><strong>Neemanus,</strong></span> <span class='ocrx_word' id='word_1_119' title='bbox 3162 1074 3219 1120; x_wconf 88' lang='lat' dir='ltr'><strong>et</strong></span> <span class='ocrx_word' id='word_1_120' title='bbox 3258 1075 3447 1119; x_wconf 87' lang='lat' dir='ltr'><strong>decem</strong></span> <span class='ocrx_word' id='word_1_121' title='bbox 3485 1059 3679 1115; x_wconf 86' lang='lat' dir='ltr'><strong>infecti</strong></span> 
     </span>
    </p>
   </div>
   <div class='ocr_carea' id='block_1_14' title="bbox 408 1153 3680 1239">
    <p class='ocr_par' dir='ltr' id='par_1_14' title="bbox 408 1153 3680 1239">
     <span class='ocr_line' id='line_1_14' title="bbox 408 1153 3680 1239; baseline -0.005 -18"><span class='ocrx_word' id='word_1_122' title='bbox 408 1163 580 1236; x_wconf 85' lang='lat' dir='ltr'><strong>lepra,</strong></span> <span class='ocrx_word' id='word_1_123' title='bbox 624 1171 689 1222; x_wconf 82' lang='lat' dir='ltr'><strong>de</strong></span> <span class='ocrx_word' id='word_1_124' title='bbox 738 1170 940 1239; x_wconf 86' lang='lat' dir='ltr'><strong>quibus</strong></span> <span class='ocrx_word' id='word_1_125' title='bbox 978 1184 1136 1223; x_wconf 88' lang='lat' dir='ltr'><strong>sacro</strong></span> <span class='ocrx_word' id='word_1_126' title='bbox 1171 1169 1225 1221; x_wconf 93' lang='lat' dir='ltr'><strong>in</strong></span> <span class='ocrx_word' id='word_1_127' title='bbox 1259 1168 1555 1237; x_wconf 76' lang='lat' dir='ltr'><strong>Evangelia</strong></span> <span class='ocrx_word' id='word_1_128' title='bbox 1594 1169 1870 1223; x_wconf 71' lang='lat' dir='ltr'><strong>memoriae</strong></span> <span class='ocrx_word' id='word_1_129' title='bbox 1908 1166 2180 1238; x_wconf 90' lang='lat' dir='ltr'><strong>proditum</strong></span> <span class='ocrx_word' id='word_1_130' title='bbox 2210 1170 2295 1218; x_wconf 86' lang='lat' dir='ltr'><strong>est</strong></span> <span class='ocrx_word' id='word_1_131' title='bbox 2322 1161 2392 1226; x_wconf 82' lang='lat'><strong>&quot;,</strong></span> <span class='ocrx_word' id='word_1_132' title='bbox 2437 1158 2654 1215; x_wconf 83' lang='lat' dir='ltr'><strong>liberati</strong></span> <span class='ocrx_word' id='word_1_133' title='bbox 2693 1157 2939 1221; x_wconf 85' lang='lat' dir='ltr'><strong>fuerunt,</strong></span> <span class='ocrx_word' id='word_1_134' title='bbox 2989 1156 3167 1211; x_wconf 90' lang='lat' dir='ltr'><strong>ideam</strong></span> <span class='ocrx_word' id='word_1_135' title='bbox 3216 1157 3447 1212; x_wconf 91' lang='lat' dir='ltr'><strong>antehac</strong></span> <span class='ocrx_word' id='word_1_136' title='bbox 3497 1153 3680 1209; x_wconf 85' lang='lat' dir='ltr'><strong>morbi</strong></span> 
     </span>
    </p>
   </div>
   <div class='ocr_carea' id='block_1_15' title="bbox 409 1256 3215 1335">
    <p class='ocr_par' dir='ltr' id='par_1_15' title="bbox 409 1256 3215 1335">
     <span class='ocr_line' id='line_1_15' title="bbox 409 1256 3215 1335; baseline -0.003 -17"><span class='ocrx_word' id='word_1_137' title='bbox 409 1266 461 1318; x_wconf 86' lang='lat' dir='ltr'><strong>vi</strong></span> <span class='ocrx_word' id='word_1_138' title='bbox 495 1266 848 1327; x_wconf 89' lang='lat' dir='ltr'><strong>occultatam,</strong></span> <span class='ocrx_word' id='word_1_139' title='bbox 888 1276 1206 1333; x_wconf 86' lang='lat' dir='ltr'><strong>recuperata</strong></span> <span class='ocrx_word' id='word_1_140' title='bbox 1263 1266 1499 1319; x_wconf 84' lang='lat' dir='ltr'><strong>sanitate</strong></span> <span class='ocrx_word' id='word_1_141' title='bbox 1540 1265 1777 1335; x_wconf 86' lang='lat' dir='ltr'><strong>propriis</strong></span> <span class='ocrx_word' id='word_1_142' title='bbox 1828 1266 1974 1320; x_wconf 88' lang='lat' dir='ltr'><strong>notis</strong></span> <span class='ocrx_word' id='word_1_143' title='bbox 2000 1262 2350 1331; x_wconf 89' lang='lat' dir='ltr'><strong>conspicuam</strong></span> <span class='ocrx_word' id='word_1_144' title='bbox 2385 1272 2578 1311; x_wconf 82' lang='lat' dir='ltr'><strong>rursus</strong></span> <span class='ocrx_word' id='word_1_145' title='bbox 2606 1256 2823 1311; x_wconf 86' lang='lat' dir='ltr'><strong>elucere</strong></span> <span class='ocrx_word' id='word_1_146' title='bbox 2858 1270 3080 1309; x_wconf 90' lang='lat' dir='ltr'><strong>necesse</strong></span> <span class='ocrx_word' id='word_1_147' title='bbox 3109 1264 3215 1312; x_wconf 90' lang='lat' dir='ltr'><strong>est.</strong></span> 
     </span>
    </p>
   </div>
   <div class='ocr_carea' id='block_1_16' title="bbox 480 1346 1995 1428">
    <p class='ocr_par' dir='ltr' id='par_1_16' title="bbox 480 1354 1990 1428">
     <span class='ocr_line' id='line_1_16' title="bbox 480 1354 1990 1428; baseline 0.001 -20"><span class='ocrx_word' id='word_1_148' title='bbox 480 1354 847 1422; x_wconf 84' lang='lat' dir='ltr'><strong>Quamobrem</strong></span> <span class='ocrx_word' id='word_1_149' title='bbox 882 1357 1079 1411; x_wconf 81' lang='lat' dir='ltr'><strong>divinae</strong></span> <span class='ocrx_word' id='word_1_150' title='bbox 1107 1358 1162 1411; x_wconf 92' lang='lat' dir='ltr'><strong>in</strong></span> <span class='ocrx_word' id='word_1_151' title='bbox 1200 1359 1359 1411; x_wconf 90' lang='lat' dir='ltr'><strong>nobis</strong></span> <span class='ocrx_word' id='word_1_152' title='bbox 1390 1359 1557 1411; x_wconf 90' lang='lat' dir='ltr'><strong>animi</strong></span> <span class='ocrx_word' id='word_1_153' title='bbox 1600 1357 1990 1428; x_wconf 68' lang='lat' dir='ltr'><strong>praestantissi-</strong></span> 
     </span>
    </p>
   </div>
   <div class='ocr_carea' id='block_1_17' title="bbox 2099 1346 3681 1428">
    <p class='ocr_par' dir='ltr' id='par_1_17' title="bbox 2166 1346 3681 1425">
     <span class='ocr_line' id='line_1_17' title="bbox 2166 1346 3681 1425; baseline -0.006 -18"><span class='ocrx_word' id='word_1_154' title='bbox 2166 1354 2257 1425; x_wconf 81' lang='grc' dir='ltr'><strong>Τῷ</strong></span> <span class='ocrx_word' id='word_1_155' title='bbox 2288 1353 2466 1406; x_wconf 81' lang='grc' dir='ltr'><strong>τοίνυν</strong></span> <span class='ocrx_word' id='word_1_156' title='bbox 2492 1350 2715 1404; x_wconf 84' lang='grc' dir='ltr'>θεοειὸεῖ</span> <span class='ocrx_word' id='word_1_157' title='bbox 2740 1349 2841 1418; x_wconf 84' lang='grc' dir='ltr'><strong>τῆς</strong></span> <span class='ocrx_word' id='word_1_158' title='bbox 2871 1346 3049 1418; x_wconf 76' lang='grc' dir='ltr'>ψυχῆς</span> <span class='ocrx_word' id='word_1_159' title='bbox 3079 1348 3139 1400; x_wconf 87' lang='grc' dir='ltr'><strong>οὐ</strong></span> <span class='ocrx_word' id='word_1_160' title='bbox 3174 1347 3232 1401; x_wconf 77' lang='grc' dir='ltr'>τὸ</span> <span class='ocrx_word' id='word_1_161' title='bbox 3257 1346 3376 1418; x_wconf 80' lang='grc' dir='ltr'>ῥέον</span> <span class='ocrx_word' id='word_1_162' title='bbox 3407 1348 3466 1399; x_wconf 84' lang='grc' dir='ltr'>ὲν</span> <span class='ocrx_word' id='word_1_163' title='bbox 3489 1348 3557 1417; x_wconf 74' lang='grc' dir='ltr'>τῇ</span> <span class='ocrx_word' id='word_1_164' title='bbox 3584 1346 3681 1399; x_wconf 87' lang='grc' dir='ltr'>άλ-</span> 
     </span>
    </p>
   </div>
   <div class='ocr_carea' id='block_1_18' title="bbox 414 1439 1995 1519">
    <p class='ocr_par' dir='ltr' id='par_1_18' title="bbox 414 1448 1987 1519">
     <span class='ocr_line' id='line_1_18' title="bbox 414 1448 1987 1519; baseline -0.002 -15"><span class='ocrx_word' id='word_1_165' title='bbox 414 1466 626 1519; x_wconf 70' lang='grc' dir='ltr'>ηιωίιυε</span> <span class='ocrx_word' id='word_1_166' title='bbox 664 1451 806 1519; x_wconf 85' lang='lat' dir='ltr'><strong>parti</strong></span> <span class='ocrx_word' id='word_1_167' title='bbox 857 1465 970 1503; x_wconf 90' lang='lat' dir='ltr'><strong>non</strong></span> <span class='ocrx_word' id='word_1_168' title='bbox 1024 1448 1158 1503; x_wconf 91' lang='lat' dir='ltr'><strong>illud</strong></span> <span class='ocrx_word' id='word_1_169' title='bbox 1196 1448 1403 1503; x_wconf 80' lang='lat' dir='ltr'><strong>ﬂuxum</strong></span> <span class='ocrx_word' id='word_1_170' title='bbox 1456 1464 1521 1504; x_wconf 92' lang='lat' dir='ltr'><strong>ac</strong></span> <span class='ocrx_word' id='word_1_171' title='bbox 1567 1450 1848 1512; x_wconf 90' lang='lat' dir='ltr'><strong>mutabile,</strong></span> <span class='ocrx_word' id='word_1_172' title='bbox 1893 1448 1987 1502; x_wconf 86' lang='lat' dir='ltr'><strong>sed</strong></span> 
     </span>
    </p>
   </div>
   <div class='ocr_carea' id='block_1_19' title="bbox 2099 1439 3685 1519">
    <p class='ocr_par' dir='ltr' id='par_1_19' title="bbox 2099 1439 3685 1513">
     <span class='ocr_line' id='line_1_19' title="bbox 2099 1439 3685 1513; baseline -0.006 -14"><span class='ocrx_word' id='word_1_173' title='bbox 2099 1446 2305 1499; x_wconf 80' lang='grc' dir='ltr'>λοιωσει</span> <span class='ocrx_word' id='word_1_174' title='bbox 2329 1445 2422 1497; x_wconf 77' lang='grc' dir='ltr'><strong>καὶ</strong></span> <span class='ocrx_word' id='word_1_175' title='bbox 2449 1442 2861 1513; x_wconf 86' lang='grc' dir='ltr'>μεθιστάμενον,</span> <span class='ocrx_word' id='word_1_176' title='bbox 2887 1440 3022 1494; x_wconf 85' lang='grc' dir='ltr'><strong>άλλὰ</strong></span> <span class='ocrx_word' id='word_1_177' title='bbox 3041 1440 3100 1492; x_wconf 83' lang='grc' dir='ltr'><strong>τὸ</strong></span> <span class='ocrx_word' id='word_1_178' title='bbox 3129 1439 3353 1511; x_wconf 88' lang='grc' dir='ltr'>μόνιμόν</span> <span class='ocrx_word' id='word_1_179' title='bbox 3374 1456 3432 1491; x_wconf 90' lang='grc' dir='ltr'><strong>τε</strong></span> <span class='ocrx_word' id='word_1_180' title='bbox 3460 1441 3555 1491; x_wconf 76' lang='grc' dir='ltr'>καὶ</span> <span class='ocrx_word' id='word_1_181' title='bbox 3571 1439 3685 1491; x_wconf 86' lang='grc' dir='ltr'><strong>ὡσ-</strong></span> 
     </span>
    </p>
   </div>
   <div class='ocr_carea' id='block_1_20' title="bbox 415 1532 1995 1632">
    <p class='ocr_par' dir='ltr' id='par_1_20' title="bbox 415 1544 1989 1614">
     <span class='ocr_line' id='line_1_20' title="bbox 415 1544 1989 1614; baseline -0.004 -16"><span class='ocrx_word' id='word_1_182' title='bbox 415 1544 563 1614; x_wconf 91' lang='lat' dir='ltr'><strong>quod</strong></span> <span class='ocrx_word' id='word_1_183' title='bbox 595 1545 648 1596; x_wconf 94' lang='lat' dir='ltr'><strong>in</strong></span> <span class='ocrx_word' id='word_1_184' title='bbox 680 1557 944 1612; x_wconf 84' lang='lat' dir='ltr'><strong>compage</strong></span> <span class='ocrx_word' id='word_1_185' title='bbox 972 1553 1159 1597; x_wconf 88' lang='lat' dir='ltr'><strong>nostra</strong></span> <span class='ocrx_word' id='word_1_186' title='bbox 1206 1550 1292 1596; x_wconf 91' lang='lat' dir='ltr'><strong>est</strong></span> <span class='ocrx_word' id='word_1_187' title='bbox 1326 1550 1646 1611; x_wconf 86' lang='lat' dir='ltr'><strong>perpetuum</strong></span> <span class='ocrx_word' id='word_1_188' title='bbox 1687 1549 1739 1595; x_wconf 91' lang='lat' dir='ltr'><strong>et</strong></span> <span class='ocrx_word' id='word_1_189' title='bbox 1773 1555 1989 1609; x_wconf 86' lang='lat' dir='ltr'><strong>semper</strong></span> 
     </span>
    </p>
   </div>
   <div class='ocr_carea' id='block_1_21' title="bbox 2099 1532 3681 1632">
    <p class='ocr_par' dir='ltr' id='par_1_21' title="bbox 2099 1532 3681 1606">
     <span class='ocr_line' id='line_1_21' title="bbox 2099 1532 3681 1606; baseline -0.007 -13"><span class='ocrx_word' id='word_1_190' title='bbox 2099 1539 2272 1601; x_wconf 87' lang='grc' dir='ltr'>αύτως</span> <span class='ocrx_word' id='word_1_191' title='bbox 2300 1538 2422 1606; x_wconf 76' lang='grc' dir='ltr'>ἔχον</span> <span class='ocrx_word' id='word_1_192' title='bbox 2446 1537 2503 1588; x_wconf 80' lang='grc' dir='ltr'>ὲν</span> <span class='ocrx_word' id='word_1_193' title='bbox 2526 1534 2604 1604; x_wconf 80' lang='grc' dir='ltr'><strong>τῷ</strong></span> <span class='ocrx_word' id='word_1_194' title='bbox 2631 1534 2750 1587; x_wconf 84' lang='grc' dir='ltr'>καθ’</span> <span class='ocrx_word' id='word_1_195' title='bbox 2774 1534 2918 1604; x_wconf 80' lang='grc' dir='ltr'>ἡμᾶς</span> <span class='ocrx_word' id='word_1_196' title='bbox 2937 1532 3287 1602; x_wconf 88' lang='grc' dir='ltr'>συγκρίματι,</span> <span class='ocrx_word' id='word_1_197' title='bbox 3307 1532 3480 1601; x_wconf 81' lang='grc' dir='ltr'>τούτῳ</span> <span class='ocrx_word' id='word_1_198' title='bbox 3508 1549 3681 1602; x_wconf 86' lang='grc' dir='ltr'>προσ-</span> 
     </span>
    </p>
   </div>
   <div class='ocr_carea' id='block_1_22' title="bbox 413 1631 1991 1701">
    <p class='ocr_par' dir='ltr' id='par_1_22' title="bbox 413 1631 1991 1701">
     <span class='ocr_line' id='line_1_22' title="bbox 413 1631 1991 1701; baseline -0.005 -10"><span class='ocrx_word' id='word_1_199' title='bbox 413 1637 581 1699; x_wconf 87' lang='lat' dir='ltr'><strong>idetn,</strong></span> <span class='ocrx_word' id='word_1_200' title='bbox 617 1633 768 1689; x_wconf 87' lang='lat' dir='ltr'><strong>velut</strong></span> <span class='ocrx_word' id='word_1_201' title='bbox 799 1634 1028 1688; x_wconf 78' lang='lat' dir='ltr'><strong>insitum</strong></span> <span class='ocrx_word' id='word_1_202' title='bbox 1070 1631 1588 1701; x_wconf 67' lang='lat' dir='ltr'><strong>adhaeret.Cumque</strong></span> <span class='ocrx_word' id='word_1_203' title='bbox 1620 1632 1991 1687; x_wconf 81' lang='lat' dir='ltr'><strong>diversatent-</strong></span> 
     </span>
    </p>
   </div>
   <div class='ocr_carea' id='block_1_23' title="bbox 411 1725 1991 1799">
    <p class='ocr_par' dir='ltr' id='par_1_23' title="bbox 411 1725 1991 1799">
     <span class='ocr_line' id='line_1_23' title="bbox 411 1725 1991 1799; baseline -0.003 -17"><span class='ocrx_word' id='word_1_204' title='bbox 411 1735 730 1799; x_wconf 86' lang='lat' dir='ltr'><strong>peramenta</strong></span> <span class='ocrx_word' id='word_1_205' title='bbox 773 1726 1017 1780; x_wconf 85' lang='lat' dir='ltr'><strong>diversas</strong></span> <span class='ocrx_word' id='word_1_206' title='bbox 1045 1728 1207 1779; x_wconf 90' lang='lat' dir='ltr'><strong>etiam</strong></span> <span class='ocrx_word' id='word_1_207' title='bbox 1252 1725 1405 1780; x_wconf 89' lang='lat' dir='ltr'><strong>ideas</strong></span> <span class='ocrx_word' id='word_1_208' title='bbox 1448 1726 1706 1791; x_wconf 83' lang='lat' dir='ltr'><strong>eiliciant,</strong></span> <span class='ocrx_word' id='word_1_209' title='bbox 1753 1739 1817 1779; x_wconf 90' lang='lat' dir='ltr'><strong>ac</strong></span> <span class='ocrx_word' id='word_1_210' title='bbox 1853 1736 1991 1780; x_wconf 89' lang='lat' dir='ltr'><strong>tem-</strong></span> 
     </span>
    </p>
   </div>
   <div class='ocr_carea' id='block_1_24' title="bbox 414 1814 1991 1889">
    <p class='ocr_par' dir='ltr' id='par_1_24' title="bbox 414 1814 1991 1889">
     <span class='ocr_line' id='line_1_24' title="bbox 414 1814 1991 1889; baseline -0.003 -18"><span class='ocrx_word' id='word_1_211' title='bbox 414 1826 740 1889; x_wconf 83' lang='lat' dir='ltr'><strong>peramenta</strong></span> <span class='ocrx_word' id='word_1_212' title='bbox 766 1815 900 1869; x_wconf 89' lang='lat' dir='ltr'><strong>nihil</strong></span> <span class='ocrx_word' id='word_1_213' title='bbox 932 1816 1043 1869; x_wconf 91' lang='lat' dir='ltr'><strong>sint</strong></span> <span class='ocrx_word' id='word_1_214' title='bbox 1082 1814 1232 1868; x_wconf 91' lang='lat' dir='ltr'><strong>aliud</strong></span> <span class='ocrx_word' id='word_1_215' title='bbox 1269 1830 1430 1883; x_wconf 89' lang='lat' dir='ltr'><strong>quam</strong></span> <span class='ocrx_word' id='word_1_216' title='bbox 1473 1815 1868 1869; x_wconf 88' lang='lat' dir='ltr'><strong>elementorum</strong></span> <span class='ocrx_word' id='word_1_217' title='bbox 1906 1815 1991 1866; x_wconf 80' lang='lat' dir='ltr'><strong>in-</strong></span> 
     </span>
    </p>
   </div>
   <div class='ocr_carea' id='block_1_25' title="bbox 411 1906 1989 1976">
    <p class='ocr_par' dir='ltr' id='par_1_25' title="bbox 411 1906 1989 1976">
     <span class='ocr_line' id='line_1_25' title="bbox 411 1906 1989 1976; baseline -0.004 -13"><span class='ocrx_word' id='word_1_218' title='bbox 411 1918 497 1963; x_wconf 89' lang='lat' dir='ltr'><strong>ter</strong></span> <span class='ocrx_word' id='word_1_219' title='bbox 525 1924 585 1963; x_wconf 88' lang='lat' dir='ltr'><strong>se</strong></span> <span class='ocrx_word' id='word_1_220' title='bbox 632 1907 963 1971; x_wconf 89' lang='lat' dir='ltr'><strong>commistio,</strong></span> <span class='ocrx_word' id='word_1_221' title='bbox 1014 1907 1083 1961; x_wconf 91' lang='lat' dir='ltr'><strong>de</strong></span> <span class='ocrx_word' id='word_1_222' title='bbox 1127 1908 1330 1976; x_wconf 86' lang='lat' dir='ltr'><strong>quibus</strong></span> <span class='ocrx_word' id='word_1_223' title='bbox 1368 1921 1492 1960; x_wconf 87' lang='lat' dir='ltr'><strong>cum</strong></span> <span class='ocrx_word' id='word_1_224' title='bbox 1536 1907 1642 1959; x_wconf 86' lang='lat' dir='ltr'><strong>alia</strong></span> <span class='ocrx_word' id='word_1_225' title='bbox 1690 1906 1743 1958; x_wconf 93' lang='lat' dir='ltr'><strong>in</strong></span> <span class='ocrx_word' id='word_1_226' title='bbox 1802 1920 1989 1957; x_wconf 87' lang='lat' dir='ltr'><strong>rerum</strong></span> 
     </span>
    </p>
   </div>
   <div class='ocr_carea' id='block_1_26' title="bbox 414 1998 1989 2065">
    <p class='ocr_par' dir='ltr' id='par_1_26' title="bbox 414 1998 1989 2065">
     <span class='ocr_line' id='line_1_26' title="bbox 414 1998 1989 2065; baseline -0.005 -11"><span class='ocrx_word' id='word_1_227' title='bbox 414 1999 789 2063; x_wconf 86' lang='lat' dir='ltr'><strong>universitate,</strong></span> <span class='ocrx_word' id='word_1_228' title='bbox 825 2006 939 2052; x_wconf 89' lang='lat' dir='ltr'><strong>tum</strong></span> <span class='ocrx_word' id='word_1_229' title='bbox 976 1998 1216 2051; x_wconf 87' lang='lat' dir='ltr'><strong>hominis</strong></span> <span class='ocrx_word' id='word_1_230' title='bbox 1262 1998 1423 2051; x_wconf 90' lang='lat' dir='ltr'><strong>etiam</strong></span> <span class='ocrx_word' id='word_1_231' title='bbox 1472 2012 1676 2065; x_wconf 83' lang='lat' dir='ltr'><strong>corpus</strong></span> <span class='ocrx_word' id='word_1_232' title='bbox 1726 2002 1989 2061; x_wconf 83' lang='lat' dir='ltr'><strong>constat;</strong></span> 
     </span>
    </p>
   </div>
   <div class='ocr_carea' id='block_1_27' title="bbox 413 2087 1994 2158">
    <p class='ocr_par' dir='ltr' id='par_1_27' title="bbox 413 2087 1994 2158">
     <span class='ocr_line' id='line_1_27' title="bbox 413 2087 1994 2158; baseline -0.004 -12"><span class='ocrx_word' id='word_1_233' title='bbox 413 2105 642 2146; x_wconf 79' lang='lat' dir='ltr'><strong>necesse</strong></span> <span class='ocrx_word' id='word_1_234' title='bbox 662 2098 768 2155; x_wconf 87' lang='lat' dir='ltr'><strong>est,</strong></span> <span class='ocrx_word' id='word_1_235' title='bbox 824 2099 1178 2158; x_wconf 87' lang='lat' dir='ltr'><strong>permanente</strong></span> <span class='ocrx_word' id='word_1_236' title='bbox 1210 2090 1262 2143; x_wconf 92' lang='lat' dir='ltr'><strong>in</strong></span> <span class='ocrx_word' id='word_1_237' title='bbox 1292 2089 1478 2143; x_wconf 87' lang='lat' dir='ltr'><strong>animo</strong></span> <span class='ocrx_word' id='word_1_238' title='bbox 1517 2088 1638 2143; x_wconf 87' lang='lat' dir='ltr'><strong>idea</strong></span> <span class='ocrx_word' id='word_1_239' title='bbox 1690 2087 1850 2157; x_wconf 88' lang='lat' dir='ltr'><strong>quasi</strong></span> <span class='ocrx_word' id='word_1_240' title='bbox 1897 2101 1994 2156; x_wconf 92' lang='lat' dir='ltr'><strong>per</strong></span> 
     </span>
    </p>
   </div>
   <div class='ocr_carea' id='block_1_28' title="bbox 414 2178 1986 2252">
    <p class='ocr_par' dir='ltr' id='par_1_28' title="bbox 414 2178 1986 2252">
     <span class='ocr_line' id='line_1_28' title="bbox 414 2178 1986 2252; baseline -0.003 -16"><span class='ocrx_word' id='word_1_241' title='bbox 414 2182 829 2251; x_wconf 77' lang='lat' dir='ltr'><strong>expressionem</strong></span> <span class='ocrx_word' id='word_1_242' title='bbox 860 2181 1049 2251; x_wconf 75' lang='lat' dir='ltr'><strong>sigilli,</strong></span> <span class='ocrx_word' id='word_1_243' title='bbox 1093 2196 1204 2235; x_wconf 91' lang='lat' dir='ltr'><strong>non</strong></span> <span class='ocrx_word' id='word_1_244' title='bbox 1234 2182 1414 2252; x_wconf 90' lang='lat' dir='ltr'><strong>ignota</strong></span> <span class='ocrx_word' id='word_1_245' title='bbox 1464 2181 1514 2234; x_wconf 92' lang='lat' dir='ltr'><strong>ei</strong></span> <span class='ocrx_word' id='word_1_246' title='bbox 1566 2195 1688 2234; x_wconf 86' lang='lat' dir='ltr'><strong>esse</strong></span> <span class='ocrx_word' id='word_1_247' title='bbox 1714 2194 1838 2249; x_wconf 68' lang='lat' dir='ltr'><strong>qua:</strong></span> <span class='ocrx_word' id='word_1_248' title='bbox 1879 2178 1986 2232; x_wconf 84' lang='lat' dir='ltr'><strong>for-</strong></span> 
     </span>
    </p>
   </div>
   <div class='ocr_carea' id='block_1_29' title="bbox 416 2267 1992 2340">
    <p class='ocr_par' dir='ltr' id='par_1_29' title="bbox 416 2267 1992 2340">
     <span class='ocr_line' id='line_1_29' title="bbox 416 2267 1992 2340; baseline -0.003 -16"><span class='ocrx_word' id='word_1_249' title='bbox 416 2286 560 2324; x_wconf 89' lang='lat' dir='ltr'><strong>mam</strong></span> <span class='ocrx_word' id='word_1_250' title='bbox 613 2270 783 2339; x_wconf 85' lang='lat' dir='ltr'><strong>ipsam</strong></span> <span class='ocrx_word' id='word_1_251' title='bbox 833 2269 1014 2340; x_wconf 88' lang='lat' dir='ltr'><strong>sigillo</strong></span> <span class='ocrx_word' id='word_1_252' title='bbox 1059 2269 1479 2338; x_wconf 89' lang='lat' dir='ltr'><strong>impresserunt,</strong></span> <span class='ocrx_word' id='word_1_253' title='bbox 1524 2268 1860 2337; x_wconf 84' lang='lat' dir='ltr'><strong>omninoque</strong></span> <span class='ocrx_word' id='word_1_254' title='bbox 1902 2267 1992 2321; x_wconf 86' lang='lat' dir='ltr'><strong>illa</strong></span> 
     </span>
    </p>
   </div>
   <div class='ocr_carea' id='block_1_30' title="bbox 415 2358 1989 2431">
    <p class='ocr_par' dir='ltr' id='par_1_30' title="bbox 415 2358 1989 2431">
     <span class='ocr_line' id='line_1_30' title="bbox 415 2358 1989 2431; baseline -0.004 -15"><span class='ocrx_word' id='word_1_255' title='bbox 415 2371 662 2431; x_wconf 87' lang='lat' dir='ltr'><strong>tempore</strong></span> <span class='ocrx_word' id='word_1_256' title='bbox 695 2360 1116 2417; x_wconf 87' lang='lat' dir='ltr'><strong>instaurationis</strong></span> <span class='ocrx_word' id='word_1_257' title='bbox 1163 2360 1409 2414; x_wconf 86' lang='lat' dir='ltr'><strong>omnium</strong></span> <span class='ocrx_word' id='word_1_258' title='bbox 1443 2374 1636 2414; x_wconf 87' lang='lat' dir='ltr'><strong>rursus</strong></span> <span class='ocrx_word' id='word_1_259' title='bbox 1670 2358 1839 2413; x_wconf 91' lang='lat' dir='ltr'><strong>veluti</strong></span> <span class='ocrx_word' id='word_1_260' title='bbox 1873 2358 1989 2411; x_wconf 89' lang='lat' dir='ltr'><strong>col-</strong></span> 
     </span>
    </p>
   </div>
   <div class='ocr_carea' id='block_1_31' title="bbox 415 2449 1995 2522">
    <p class='ocr_par' dir='ltr' id='par_1_31' title="bbox 415 2449 1995 2522">
     <span class='ocr_line' id='line_1_31' title="bbox 415 2449 1995 2522; baseline -0.003 -17"><span class='ocrx_word' id='word_1_261' title='bbox 415 2452 545 2522; x_wconf 87' lang='lat' dir='ltr'><strong>liget</strong></span> <span class='ocrx_word' id='word_1_262' title='bbox 573 2451 640 2506; x_wconf 89' lang='lat' dir='ltr'><strong>ad</strong></span> <span class='ocrx_word' id='word_1_263' title='bbox 664 2467 808 2519; x_wconf 87' lang='lat' dir='ltr'><strong>sese,</strong></span> <span class='ocrx_word' id='word_1_264' title='bbox 852 2466 1194 2522; x_wconf 69' lang='lat' dir='ltr'><strong>quaecunque</strong></span> <span class='ocrx_word' id='word_1_265' title='bbox 1232 2451 1300 2505; x_wconf 88' lang='lat' dir='ltr'><strong>ad</strong></span> <span class='ocrx_word' id='word_1_266' title='bbox 1324 2450 1457 2505; x_wconf 75' lang='lat' dir='ltr'><strong>idea:</strong></span> <span class='ocrx_word' id='word_1_267' title='bbox 1495 2449 1726 2504; x_wconf 88' lang='lat' dir='ltr'><strong>formam</strong></span> <span class='ocrx_word' id='word_1_268' title='bbox 1776 2463 1995 2518; x_wconf 84' lang='lat' dir='ltr'><strong>expres-</strong></span> 
     </span>
    </p>
   </div>
   <div class='ocr_carea' id='block_1_32' title="bbox 417 2539 1994 2613">
    <p class='ocr_par' dir='ltr' id='par_1_32' title="bbox 417 2539 1994 2613">
     <span class='ocr_line' id='line_1_32' title="bbox 417 2539 1994 2613; baseline -0.003 -16"><span class='ocrx_word' id='word_1_269' title='bbox 417 2557 536 2598; x_wconf 80' lang='lat' dir='ltr'><strong>sam</strong></span> <span class='ocrx_word' id='word_1_270' title='bbox 570 2553 905 2613; x_wconf 89' lang='lat' dir='ltr'><strong>congruent;</strong></span> <span class='ocrx_word' id='word_1_271' title='bbox 928 2552 1233 2612; x_wconf 89' lang='lat' dir='ltr'><strong>congruent</strong></span> <span class='ocrx_word' id='word_1_272' title='bbox 1256 2549 1437 2597; x_wconf 91' lang='lat' dir='ltr'><strong>autem</strong></span> <span class='ocrx_word' id='word_1_273' title='bbox 1467 2539 1608 2595; x_wconf 89' lang='lat' dir='ltr'><strong>haud</strong></span> <span class='ocrx_word' id='word_1_274' title='bbox 1641 2539 1825 2603; x_wconf 88' lang='lat' dir='ltr'><strong>dubie,</strong></span> <span class='ocrx_word' id='word_1_275' title='bbox 1845 2553 1994 2608; x_wconf 66' lang='lat' dir='ltr'><strong>qua:-</strong></span> 
     </span>
    </p>
   </div>
   <div class='ocr_carea' id='block_1_33' title="bbox 414 2629 1995 2703">
    <p class='ocr_par' dir='ltr' id='par_1_33' title="bbox 414 2629 1995 2703">
     <span class='ocr_line' id='line_1_33' title="bbox 414 2629 1995 2703; baseline -0.003 -15"><span class='ocrx_word' id='word_1_276' title='bbox 414 2648 633 2703; x_wconf 88' lang='lat' dir='ltr'><strong>cunque</strong></span> <span class='ocrx_word' id='word_1_277' title='bbox 688 2635 758 2689; x_wconf 90' lang='lat' dir='ltr'><strong>ab</strong></span> <span class='ocrx_word' id='word_1_278' title='bbox 804 2634 963 2688; x_wconf 90' lang='lat' dir='ltr'><strong>initio</strong></span> <span class='ocrx_word' id='word_1_279' title='bbox 1017 2634 1153 2688; x_wconf 80' lang='lat' dir='ltr'><strong>ideae</strong></span> <span class='ocrx_word' id='word_1_280' title='bbox 1208 2632 1414 2687; x_wconf 85' lang='lat' dir='ltr'><strong>fuerint</strong></span> <span class='ocrx_word' id='word_1_281' title='bbox 1471 2633 1760 2702; x_wconf 87' lang='lat' dir='ltr'><strong>impressa.</strong></span> <span class='ocrx_word' id='word_1_282' title='bbox 1822 2629 1995 2700; x_wconf 85' lang='lat' dir='ltr'><strong>Igitur</strong></span> 
     </span>
    </p>
   </div>
   <div class='ocr_carea' id='block_1_34' title="bbox 419 2719 1989 2793">
    <p class='ocr_par' dir='ltr' id='par_1_34' title="bbox 419 2719 1989 2793">
     <span class='ocr_line' id='line_1_34' title="bbox 419 2719 1989 2793; baseline -0.003 -15"><span class='ocrx_word' id='word_1_283' title='bbox 419 2724 716 2779; x_wconf 76' lang='lat' dir='ltr'><strong>absurdum</strong></span> <span class='ocrx_word' id='word_1_284' title='bbox 750 2739 858 2779; x_wconf 94' lang='lat' dir='ltr'><strong>non</strong></span> <span class='ocrx_word' id='word_1_285' title='bbox 886 2732 989 2787; x_wconf 87' lang='lat' dir='ltr'><strong>est,</strong></span> <span class='ocrx_word' id='word_1_286' title='bbox 1016 2722 1067 2777; x_wconf 93' lang='lat' dir='ltr'><strong>id</strong></span> <span class='ocrx_word' id='word_1_287' title='bbox 1102 2722 1249 2793; x_wconf 93' lang='lat' dir='ltr'><strong>quod</strong></span> <span class='ocrx_word' id='word_1_288' title='bbox 1268 2731 1353 2778; x_wconf 91' lang='lat' dir='ltr'><strong>est</strong></span> <span class='ocrx_word' id='word_1_289' title='bbox 1380 2722 1650 2792; x_wconf 86' lang='lat' dir='ltr'><strong>cujusque</strong></span> <span class='ocrx_word' id='word_1_290' title='bbox 1686 2719 1989 2792; x_wconf 90' lang='lat' dir='ltr'><strong>proprium,</strong></span> 
     </span>
    </p>
   </div>
   <div class='ocr_carea' id='block_1_35' title="bbox 421 2809 1991 2883">
    <p class='ocr_par' dir='ltr' id='par_1_35' title="bbox 421 2809 1991 2883">
     <span class='ocr_line' id='line_1_35' title="bbox 421 2809 1991 2883; baseline -0.004 -14"><span class='ocrx_word' id='word_1_291' title='bbox 421 2815 616 2870; x_wconf 90' lang='lat' dir='ltr'><strong>relicta</strong></span> <span class='ocrx_word' id='word_1_292' title='bbox 646 2815 1041 2869; x_wconf 88' lang='lat' dir='ltr'><strong>communitate</strong></span> <span class='ocrx_word' id='word_1_293' title='bbox 1075 2817 1141 2868; x_wconf 84' lang='lat' dir='ltr'><strong>ad</strong></span> <span class='ocrx_word' id='word_1_294' title='bbox 1175 2812 1423 2883; x_wconf 88' lang='lat' dir='ltr'><strong>singulos</strong></span> <span class='ocrx_word' id='word_1_295' title='bbox 1448 2814 1768 2868; x_wconf 90' lang='lat' dir='ltr'><strong>rediturum.</strong></span> <span class='ocrx_word' id='word_1_296' title='bbox 1798 2809 1991 2865; x_wconf 82' lang='lat' dir='ltr'><strong>Vivum</strong></span> 
     </span>
    </p>
   </div>
   <div class='ocr_carea' id='block_1_36' title="bbox 2093 1621 3680 1700">
    <p class='ocr_par' dir='ltr' id='par_1_36' title="bbox 2093 1621 3680 1700">
     <span class='ocr_line' id='line_1_36' title="bbox 2093 1621 3680 1700; baseline -0.003 -18"><span class='ocrx_word' id='word_1_297' title='bbox 2093 1630 2305 1700; x_wconf 79' lang='grc' dir='ltr'>φύεται.</span> <span class='ocrx_word' id='word_1_298' title='bbox 2330 1628 2437 1681; x_wconf 78' lang='grc' dir='ltr'><strong>Καὶ</strong></span> <span class='ocrx_word' id='word_1_299' title='bbox 2453 1627 2640 1697; x_wconf 75' lang='grc' dir='ltr'>ἐπειδὴ</span> <span class='ocrx_word' id='word_1_300' title='bbox 2662 1626 2760 1688; x_wconf 79' lang='grc' dir='ltr'>τὰς</span> <span class='ocrx_word' id='word_1_301' title='bbox 2776 1626 2916 1679; x_wconf 80' lang='grc' dir='ltr'>κατὰ</span> <span class='ocrx_word' id='word_1_302' title='bbox 2942 1625 3001 1677; x_wconf 86' lang='grc' dir='ltr'>τὸ</span> <span class='ocrx_word' id='word_1_303' title='bbox 3017 1621 3154 1688; x_wconf 76' lang='grc' dir='ltr'>εἶδος</span> <span class='ocrx_word' id='word_1_304' title='bbox 3172 1625 3431 1696; x_wconf 72' lang='grc' dir='ltr'>διαφοράς</span> <span class='ocrx_word' id='word_1_305' title='bbox 3452 1626 3508 1677; x_wconf 89' lang='grc' dir='ltr'>αἱ</span> <span class='ocrx_word' id='word_1_306' title='bbox 3526 1629 3680 1677; x_wconf 83' lang='grc' dir='ltr'>ποιαὶ</span> 
     </span>
    </p>
   </div>
   <div class='ocr_carea' id='block_1_37' title="bbox 2092 1716 3681 1791">
    <p class='ocr_par' dir='ltr' id='par_1_37' title="bbox 2092 1716 3681 1791">
     <span class='ocr_line' id='line_1_37' title="bbox 2092 1716 3681 1791; baseline -0.004 -16"><span class='ocrx_word' id='word_1_307' title='bbox 2092 1721 2193 1791; x_wconf 83' lang='grc' dir='ltr'><strong>τῆς</strong></span> <span class='ocrx_word' id='word_1_308' title='bbox 2210 1721 2460 1791; x_wconf 87' lang='grc' dir='ltr'>κράσεως</span> <span class='ocrx_word' id='word_1_309' title='bbox 2488 1719 2835 1790; x_wconf 79' lang='grc' dir='ltr'>παραλλαγαὶ</span> <span class='ocrx_word' id='word_1_310' title='bbox 2857 1716 3315 1789; x_wconf 76' lang='grc' dir='ltr'>μεταμορφοῦσιν,</span> <span class='ocrx_word' id='word_1_311' title='bbox 3338 1719 3372 1787; x_wconf 79' lang='grc' dir='ltr'>ὴ</span> <span class='ocrx_word' id='word_1_312' title='bbox 3390 1717 3447 1769; x_wconf 85' lang='grc' dir='ltr'>δὲ</span> <span class='ocrx_word' id='word_1_313' title='bbox 3480 1719 3681 1787; x_wconf 76' lang='grc' dir='ltr'>κρᾶσις</span> 
     </span>
    </p>
   </div>
   <div class='ocr_carea' id='block_1_38' title="bbox 2091 1807 3683 1883">
    <p class='ocr_par' dir='ltr' id='par_1_38' title="bbox 2091 1807 3683 1883">
     <span class='ocr_line' id='line_1_38' title="bbox 2091 1807 3683 1883; baseline -0.004 -17"><span class='ocrx_word' id='word_1_314' title='bbox 2091 1814 2191 1866; x_wconf 89' lang='grc' dir='ltr'><strong>οὐκ</strong></span> <span class='ocrx_word' id='word_1_315' title='bbox 2213 1811 2347 1883; x_wconf 81' lang='grc' dir='ltr'>άλλη</span> <span class='ocrx_word' id='word_1_316' title='bbox 2365 1829 2450 1874; x_wconf 92' lang='grc' dir='ltr'><strong>τις</strong></span> <span class='ocrx_word' id='word_1_317' title='bbox 2470 1813 2620 1881; x_wconf 85' lang='grc' dir='ltr'>παρά</span> <span class='ocrx_word' id='word_1_318' title='bbox 2648 1810 2745 1880; x_wconf 84' lang='grc' dir='ltr'><strong>τὴν</strong></span> <span class='ocrx_word' id='word_1_319' title='bbox 2766 1810 2873 1863; x_wconf 84' lang='grc' dir='ltr'><strong>τῶν</strong></span> <span class='ocrx_word' id='word_1_320' title='bbox 2904 1809 3179 1879; x_wconf 79' lang='grc' dir='ltr'><strong>στοιχείων</strong></span> <span class='ocrx_word' id='word_1_321' title='bbox 3203 1807 3348 1879; x_wconf 82' lang='grc' dir='ltr'>μίξιν</span> <span class='ocrx_word' id='word_1_322' title='bbox 3376 1809 3511 1870; x_wconf 73' lang='grc' dir='ltr'>ἐστὶ,</span> <span class='ocrx_word' id='word_1_323' title='bbox 3534 1825 3683 1861; x_wconf 80' lang='grc' dir='ltr'>στοιο</span> 
     </span>
    </p>
   </div>
   <div class='ocr_carea' id='block_1_39' title="bbox 2093 1900 3683 1974">
    <p class='ocr_par' dir='ltr' id='par_1_39' title="bbox 2093 1900 3683 1974">
     <span class='ocr_line' id='line_1_39' title="bbox 2093 1900 3683 1974; baseline -0.003 -17"><span class='ocrx_word' id='word_1_324' title='bbox 2093 1903 2292 1974; x_wconf 69' lang='grc' dir='ltr'><strong>χεῖαδά</strong></span> <span class='ocrx_word' id='word_1_325' title='bbox 2316 1920 2496 1974; x_wconf 70' lang='grc' dir='ltr'>φαμεν</span> <span class='ocrx_word' id='word_1_326' title='bbox 2532 1902 2600 1956; x_wconf 84' lang='grc' dir='ltr'><strong>τά</strong></span> <span class='ocrx_word' id='word_1_327' title='bbox 2646 1905 2711 1973; x_wconf 83' lang='grc' dir='ltr'>τῇ</span> <span class='ocrx_word' id='word_1_328' title='bbox 2752 1904 3064 1972; x_wconf 81' lang='grc' dir='ltr'>κατασκευῇ</span> <span class='ocrx_word' id='word_1_329' title='bbox 3093 1900 3188 1954; x_wconf 84' lang='grc' dir='ltr'><strong>τοῦ</strong></span> <span class='ocrx_word' id='word_1_330' title='bbox 3223 1902 3418 1964; x_wconf 76' lang='grc' dir='ltr'>παντὸς</span> <span class='ocrx_word' id='word_1_331' title='bbox 3454 1901 3683 1953; x_wconf 86' lang='grc' dir='ltr'>ὑποκεί-</span> 
     </span>
    </p>
   </div>
   <div class='ocr_carea' id='block_1_40' title="bbox 2098 1991 3684 2065">
    <p class='ocr_par' dir='ltr' id='par_1_40' title="bbox 2098 1991 3684 2065">
     <span class='ocr_line' id='line_1_40' title="bbox 2098 1991 3684 2065; baseline -0.001 -17"><span class='ocrx_word' id='word_1_332' title='bbox 2098 2012 2249 2065; x_wconf 88' lang='grc' dir='ltr'>μενα,</span> <span class='ocrx_word' id='word_1_333' title='bbox 2276 1996 2341 2050; x_wconf 82' lang='grc' dir='ltr'>δι’</span> <span class='ocrx_word' id='word_1_334' title='bbox 2351 1991 2427 2049; x_wconf 81' lang='grc' dir='ltr'><strong>ὧν</strong></span> <span class='ocrx_word' id='word_1_335' title='bbox 2441 1995 2536 2049; x_wconf 82' lang='grc' dir='ltr'>καὶ</span> <span class='ocrx_word' id='word_1_336' title='bbox 2548 1997 2607 2049; x_wconf 64' lang='grc' dir='ltr'>τί»</span> <span class='ocrx_word' id='word_1_337' title='bbox 2623 1993 2962 2065; x_wconf 79' lang='grc' dir='ltr'>ἀνθρώπινον</span> <span class='ocrx_word' id='word_1_338' title='bbox 2994 1994 3282 2064; x_wconf 77' lang='grc' dir='ltr'>συνέστηκε</span> <span class='ocrx_word' id='word_1_339' title='bbox 3307 1993 3484 2062; x_wconf 83' lang='grc' dir='ltr'>σῶμα,</span> <span class='ocrx_word' id='word_1_340' title='bbox 3506 1994 3684 2061; x_wconf 74' lang='grc' dir='ltr'>ἀναγ-</span> 
     </span>
    </p>
   </div>
   <div class='ocr_carea' id='block_1_41' title="bbox 2094 2080 3681 2156">
    <p class='ocr_par' dir='ltr' id='par_1_41' title="bbox 2094 2080 3681 2156">
     <span class='ocr_line' id='line_1_41' title="bbox 2094 2080 3681 2156; baseline 0.008 -16"><span class='ocrx_word' id='word_1_341' title='bbox 2094 2087 2264 2151; x_wconf 93' lang='grc' dir='ltr'>καίως</span> <span class='ocrx_word' id='word_1_342' title='bbox 2283 2083 2377 2139; x_wconf 80' lang='grc' dir='ltr'><strong>τοῦ</strong></span> <span class='ocrx_word' id='word_1_343' title='bbox 2408 2085 2579 2149; x_wconf 90' lang='grc' dir='ltr'>εῐδους</span> <span class='ocrx_word' id='word_1_344' title='bbox 2611 2080 2723 2139; x_wconf 77' lang='grc' dir='ltr'>οἷον</span> <span class='ocrx_word' id='word_1_345' title='bbox 2760 2085 3041 2156; x_wconf 76' lang='grc' dir='ltr'>ἐκμαγείῳ</span> <span class='ocrx_word' id='word_1_346' title='bbox 3088 2084 3380 2156; x_wconf 81' lang='grc' dir='ltr'>σφραγίδος</span> <span class='ocrx_word' id='word_1_347' title='bbox 3417 2085 3483 2155; x_wconf 72' lang='grc' dir='ltr'><strong>τῇ</strong></span> <span class='ocrx_word' id='word_1_348' title='bbox 3527 2085 3681 2154; x_wconf 61' lang='grc' dir='ltr'><strong>ψυΧῇ</strong></span> 
     </span>
    </p>
   </div>
   <div class='ocr_carea' id='block_1_42' title="bbox 2096 2176 3686 2250">
    <p class='ocr_par' dir='ltr' id='par_1_42' title="bbox 2096 2176 3686 2250">
     <span class='ocr_line' id='line_1_42' title="bbox 2096 2176 3686 2250; baseline -0.001 -18"><span class='ocrx_word' id='word_1_349' title='bbox 2096 2179 2551 2250; x_wconf 74' lang='grc' dir='ltr'>παραμείναντος,</span> <span class='ocrx_word' id='word_1_350' title='bbox 2579 2177 2699 2231; x_wconf 77' lang='grc' dir='ltr'>οὐδὲ</span> <span class='ocrx_word' id='word_1_351' title='bbox 2726 2176 2797 2230; x_wconf 86' lang='grc' dir='ltr'><strong>τά</strong></span> <span class='ocrx_word' id='word_1_352' title='bbox 2823 2177 3281 2248; x_wconf 81' lang='grc' dir='ltr'>ὲναπομαξάμενα</span> <span class='ocrx_word' id='word_1_353' title='bbox 3315 2180 3381 2249; x_wconf 77' lang='grc' dir='ltr'>τῇ</span> <span class='ocrx_word' id='word_1_354' title='bbox 3418 2177 3686 2247; x_wconf 74' lang='grc' dir='ltr'>σφραγιδι</span> 
     </span>
    </p>
   </div>
   <div class='ocr_carea' id='block_1_43' title="bbox 2093 2268 3685 2339">
    <p class='ocr_par' dir='ltr' id='par_1_43' title="bbox 2093 2268 3685 2339">
     <span class='ocr_line' id='line_1_43' title="bbox 2093 2268 3685 2339; baseline -0.005 -14"><span class='ocrx_word' id='word_1_355' title='bbox 2093 2272 2185 2325; x_wconf 80' lang='grc' dir='ltr'><strong>τὸν</strong></span> <span class='ocrx_word' id='word_1_356' title='bbox 2213 2272 2380 2324; x_wconf 79' lang='grc' dir='ltr'>τύπον</span> <span class='ocrx_word' id='word_1_357' title='bbox 2412 2272 2501 2323; x_wconf 83' lang='grc' dir='ltr'>ὐπ’</span> <span class='ocrx_word' id='word_1_358' title='bbox 2536 2269 2706 2339; x_wconf 86' lang='grc' dir='ltr'>αὐτῆς</span> <span class='ocrx_word' id='word_1_359' title='bbox 2733 2271 3025 2337; x_wconf 83' lang='grc' dir='ltr'>ἀγνοεῖται,</span> <span class='ocrx_word' id='word_1_360' title='bbox 3058 2268 3169 2322; x_wconf 85' lang='grc' dir='ltr'>ἀλλ’</span> <span class='ocrx_word' id='word_1_361' title='bbox 3195 2272 3251 2322; x_wconf 75' lang='grc' dir='ltr'>ἐν</span> <span class='ocrx_word' id='word_1_362' title='bbox 3279 2268 3356 2339; x_wconf 80' lang='grc' dir='ltr'>τῷ</span> <span class='ocrx_word' id='word_1_363' title='bbox 3379 2268 3554 2339; x_wconf 79' lang='grc' dir='ltr'>καιρῷ</span> <span class='ocrx_word' id='word_1_364' title='bbox 3577 2270 3685 2339; x_wconf 73' lang='grc' dir='ltr'>τῆς</span> 
     </span>
    </p>
   </div>
   <div class='ocr_carea' id='block_1_44' title="bbox 2094 2361 3679 2433">
    <p class='ocr_par' dir='ltr' id='par_1_44' title="bbox 2094 2361 3679 2433">
     <span class='ocr_line' id='line_1_44' title="bbox 2094 2361 3679 2433; baseline -0.002 -17"><span class='ocrx_word' id='word_1_365' title='bbox 2094 2361 2589 2432; x_wconf 82' lang='grc' dir='ltr'>ἀναστοιχειὼσεως</span> <span class='ocrx_word' id='word_1_366' title='bbox 2633 2362 2813 2413; x_wconf 78' lang='grc' dir='ltr'>ἐκεῖνα</span> <span class='ocrx_word' id='word_1_367' title='bbox 2843 2361 3053 2431; x_wconf 83' lang='grc' dir='ltr'>δέχεται</span> <span class='ocrx_word' id='word_1_368' title='bbox 3086 2362 3246 2416; x_wconf 87' lang='grc' dir='ltr'>πάλιν</span> <span class='ocrx_word' id='word_1_369' title='bbox 3287 2362 3421 2433; x_wconf 83' lang='grc' dir='ltr'>πρὸς</span> <span class='ocrx_word' id='word_1_370' title='bbox 3447 2362 3679 2432; x_wconf 78' lang='grc' dir='ltr'>ἑαυτὴν,</span> 
     </span>
    </p>
   </div>
   <div class='ocr_carea' id='block_1_45' title="bbox 2096 2449 3681 2523">
    <p class='ocr_par' dir='ltr' id='par_1_45' title="bbox 2096 2449 3681 2523">
     <span class='ocr_line' id='line_1_45' title="bbox 2096 2449 3681 2523; baseline 0 -20"><span class='ocrx_word' id='word_1_371' title='bbox 2096 2451 2239 2523; x_wconf 78' lang='grc' dir='ltr'>άπερ</span> <span class='ocrx_word' id='word_1_372' title='bbox 2268 2451 2333 2503; x_wconf 83' lang='grc' dir='ltr'>ἂν</span> <span class='ocrx_word' id='word_1_373' title='bbox 2360 2450 2633 2521; x_wconf 76' lang='grc' dir='ltr'>ὲναρμόσῃ</span> <span class='ocrx_word' id='word_1_374' title='bbox 2665 2449 2746 2519; x_wconf 83' lang='grc' dir='ltr'><strong>τῷ</strong></span> <span class='ocrx_word' id='word_1_375' title='bbox 2780 2449 2937 2519; x_wconf 80' lang='grc' dir='ltr'>τύπῳ</span> <span class='ocrx_word' id='word_1_376' title='bbox 2963 2450 3057 2503; x_wconf 78' lang='grc' dir='ltr'><strong>τοῦ</strong></span> <span class='ocrx_word' id='word_1_377' title='bbox 3102 2451 3273 2514; x_wconf 85' lang='grc' dir='ltr'>είδους</span> <span class='ocrx_word' id='word_1_378' title='bbox 3293 2468 3307 2481; x_wconf 89' lang='grc'><strong>·</strong></span> <span class='ocrx_word' id='word_1_379' title='bbox 3354 2452 3681 2522; x_wconf 75' lang='grc' dir='ltr'>ἐναρμόσειε</span> 
     </span>
    </p>
   </div>
   <div class='ocr_carea' id='block_1_46' title="bbox 2093 2538 3681 2610">
    <p class='ocr_par' dir='ltr' id='par_1_46' title="bbox 2093 2538 3681 2610">
     <span class='ocr_line' id='line_1_46' title="bbox 2093 2538 3681 2610; baseline -0.001 -18"><span class='ocrx_word' id='word_1_380' title='bbox 2093 2539 2150 2592; x_wconf 80' lang='grc' dir='ltr'>δὲ</span> <span class='ocrx_word' id='word_1_381' title='bbox 2184 2539 2399 2601; x_wconf 89' lang='grc' dir='ltr'>πάντως</span> <span class='ocrx_word' id='word_1_382' title='bbox 2429 2540 2632 2602; x_wconf 79' lang='grc' dir='ltr'>ἐκεῖνα,</span> <span class='ocrx_word' id='word_1_383' title='bbox 2669 2538 2768 2591; x_wconf 79' lang='grc' dir='ltr'>ὅσα</span> <span class='ocrx_word' id='word_1_384' title='bbox 2797 2540 2914 2591; x_wconf 87' lang='grc' dir='ltr'>κατ’</span> <span class='ocrx_word' id='word_1_385' title='bbox 2948 2539 3122 2609; x_wconf 82' lang='grc' dir='ltr'>ἀρχάς</span> <span class='ocrx_word' id='word_1_386' title='bbox 3154 2539 3468 2610; x_wconf 80' lang='grc' dir='ltr'>ὲνετυπὼθη</span> <span class='ocrx_word' id='word_1_387' title='bbox 3493 2540 3577 2610; x_wconf 83' lang='grc' dir='ltr'>τῷ</span> <span class='ocrx_word' id='word_1_388' title='bbox 3604 2541 3681 2593; x_wconf 80' lang='grc' dir='ltr'><strong>εἵ-</strong></span> 
     </span>
    </p>
   </div>
   <div class='ocr_carea' id='block_1_47' title="bbox 2093 2627 3676 2697">
    <p class='ocr_par' dir='ltr' id='par_1_47' title="bbox 2093 2627 3676 2697">
     <span class='ocr_line' id='line_1_47' title="bbox 2093 2627 3676 2697; baseline 0.001 -14"><span class='ocrx_word' id='word_1_389' title='bbox 2093 2630 2192 2684; x_wconf 88' lang='grc' dir='ltr'>δει.</span> <span class='ocrx_word' id='word_1_390' title='bbox 2228 2629 2435 2683; x_wconf 77' lang='grc' dir='ltr'>Οὐκοῦν</span> <span class='ocrx_word' id='word_1_391' title='bbox 2462 2629 2612 2682; x_wconf 83' lang='grc' dir='ltr'>οὐδὲν</span> <span class='ocrx_word' id='word_1_392' title='bbox 2646 2627 2749 2694; x_wconf 79' lang='grc' dir='ltr'><strong>ἔξω</strong></span> <span class='ocrx_word' id='word_1_393' title='bbox 2780 2628 2873 2683; x_wconf 76' lang='grc' dir='ltr'><strong>τοῦ</strong></span> <span class='ocrx_word' id='word_1_394' title='bbox 2898 2630 3107 2694; x_wconf 88' lang='grc' dir='ltr'>εἰκότος</span> <span class='ocrx_word' id='word_1_395' title='bbox 3130 2632 3265 2697; x_wconf 66' lang='grc' dir='ltr'>ἐστὶ,</span> <span class='ocrx_word' id='word_1_396' title='bbox 3294 2631 3454 2685; x_wconf 81' lang='grc' dir='ltr'>πάλιν</span> <span class='ocrx_word' id='word_1_397' title='bbox 3485 2633 3552 2684; x_wconf 82' lang='grc' dir='ltr'>ὲκ</span> <span class='ocrx_word' id='word_1_398' title='bbox 3579 2631 3676 2685; x_wconf 73' lang='grc' dir='ltr'>τοῦ</span> 
     </span>
    </p>
   </div>
   <div class='ocr_carea' id='block_1_48' title="bbox 2094 2718 3677 2789">
    <p class='ocr_par' dir='ltr' id='par_1_48' title="bbox 2094 2718 3677 2789">
     <span class='ocr_line' id='line_1_48' title="bbox 2094 2718 3677 2789; baseline 0 -16"><span class='ocrx_word' id='word_1_399' title='bbox 2094 2718 2275 2772; x_wconf 88' lang='grc' dir='ltr'>κοινοῦ</span> <span class='ocrx_word' id='word_1_400' title='bbox 2298 2718 2434 2789; x_wconf 83' lang='grc' dir='ltr'>πρὸς</span> <span class='ocrx_word' id='word_1_401' title='bbox 2470 2719 2532 2771; x_wconf 81' lang='grc' dir='ltr'><strong>τὸ</strong></span> <span class='ocrx_word' id='word_1_402' title='bbox 2572 2719 2907 2773; x_wconf 84' lang='grc' dir='ltr'>καθέκαστον</span> <span class='ocrx_word' id='word_1_403' title='bbox 2939 2720 3260 2774; x_wconf 82' lang='grc' dir='ltr'>ὲπαναλύειν</span> <span class='ocrx_word' id='word_1_404' title='bbox 3286 2719 3348 2774; x_wconf 82' lang='grc' dir='ltr'><strong>τὸ</strong></span> <span class='ocrx_word' id='word_1_405' title='bbox 3380 2719 3531 2779; x_wconf 73' lang='grc' dir='ltr'>ἴδιον.</span> <span class='ocrx_word' id='word_1_406' title='bbox 3572 2721 3677 2774; x_wconf 70' lang='lat' dir='ltr'><strong>At!-</strong></span> 
     </span>
    </p>
   </div>
   <div class='ocr_carea' id='block_1_49' title="bbox 2095 2810 3677 2883">
    <p class='ocr_par' dir='ltr' id='par_1_49' title="bbox 2095 2810 3677 2883">
     <span class='ocr_line' id='line_1_49' title="bbox 2095 2810 3677 2883; baseline 0.002 -21"><span class='ocrx_word' id='word_1_407' title='bbox 2095 2827 2250 2880; x_wconf 87' lang='grc' dir='ltr'>γεται</span> <span class='ocrx_word' id='word_1_408' title='bbox 2281 2810 2340 2862; x_wconf 80' lang='grc' dir='ltr'>δὲ</span> <span class='ocrx_word' id='word_1_409' title='bbox 2374 2810 2468 2864; x_wconf 73' lang='grc' dir='ltr'><strong>καὶ</strong></span> <span class='ocrx_word' id='word_1_410' title='bbox 2498 2811 2597 2881; x_wconf 86' lang='grc' dir='ltr'>τὴν</span> <span class='ocrx_word' id='word_1_411' title='bbox 2621 2810 2959 2883; x_wconf 84' lang='grc' dir='ltr'>ὑδράργυρον</span> <span class='ocrx_word' id='word_1_412' title='bbox 2983 2811 3337 2882; x_wconf 88' lang='grc' dir='ltr'>προχεθεῖσαν</span> <span class='ocrx_word' id='word_1_413' title='bbox 3377 2811 3472 2865; x_wconf 80' lang='grc' dir='ltr'><strong>τοῦ</strong></span> <span class='ocrx_word' id='word_1_414' title='bbox 3520 2829 3677 2883; x_wconf 79' lang='grc' dir='ltr'>περι-</span> 
     </span>
    </p>
   </div>
   <div class='ocr_carea' id='block_1_50' title="bbox 415 2900 1995 2974">
    <p class='ocr_par' dir='ltr' id='par_1_50' title="bbox 415 2901 1995 2974">
     <span class='ocr_line' id='line_1_50' title="bbox 415 2901 1995 2974; baseline -0.002 -17"><span class='ocrx_word' id='word_1_415' title='bbox 415 2903 564 2974; x_wconf 89' lang='lat' dir='ltr'><strong>quod</strong></span> <span class='ocrx_word' id='word_1_416' title='bbox 595 2913 793 2956; x_wconf 88' lang='lat' dir='ltr'><strong>vocant</strong></span> <span class='ocrx_word' id='word_1_417' title='bbox 824 2911 1134 2973; x_wconf 88' lang='lat' dir='ltr'><strong>argentum,</strong></span> <span class='ocrx_word' id='word_1_418' title='bbox 1164 2902 1318 2956; x_wconf 91' lang='lat' dir='ltr'><strong>aiunt</strong></span> <span class='ocrx_word' id='word_1_419' title='bbox 1362 2901 1593 2958; x_wconf 71' lang='lat' dir='ltr'><strong>eﬂusum</strong></span> <span class='ocrx_word' id='word_1_420' title='bbox 1652 2917 1817 2970; x_wconf 88' lang='lat' dir='ltr'><strong>capsa</strong></span> <span class='ocrx_word' id='word_1_421' title='bbox 1874 2902 1995 2955; x_wconf 92' lang='lat' dir='ltr'><strong>loco</strong></span> 
     </span>
    </p>
   </div>
   <div class='ocr_carea' id='block_1_51' title="bbox 2099 2900 3674 2974">
    <p class='ocr_par' dir='ltr' id='par_1_51' title="bbox 2099 2900 3674 2973">
     <span class='ocr_line' id='line_1_51' title="bbox 2099 2900 3674 2973; baseline -0.001 -17"><span class='ocrx_word' id='word_1_422' title='bbox 2099 2904 2331 2973; x_wconf 87' lang='grc' dir='ltr'>έχοντος,</span> <span class='ocrx_word' id='word_1_423' title='bbox 2363 2901 2483 2954; x_wconf 81' lang='grc' dir='ltr'>καθ’</span> <span class='ocrx_word' id='word_1_424' title='bbox 2513 2901 2705 2955; x_wconf 81' lang='grc' dir='ltr'>ὑπτίου</span> <span class='ocrx_word' id='word_1_425' title='bbox 2744 2901 2889 2966; x_wconf 70' lang='grc' dir='ltr'>τινὸς</span> <span class='ocrx_word' id='word_1_426' title='bbox 2917 2903 3012 2955; x_wconf 65' lang='grc' dir='ltr'><strong>καὶ⁵</strong></span> <span class='ocrx_word' id='word_1_427' title='bbox 3035 2900 3417 2973; x_wconf 84' lang='grc' dir='ltr'>κονιορτὼδους</span> <span class='ocrx_word' id='word_1_428' title='bbox 3449 2902 3674 2973; x_wconf 82' lang='grc' dir='ltr'>χωρίου,</span> 
     </span>
    </p>
   </div>
   <div class='ocr_carea' id='block_1_52' title="bbox 418 2994 1991 3067">
    <p class='ocr_par' dir='ltr' id='par_1_52' title="bbox 418 2994 1991 3067">
     <span class='ocr_line' id='line_1_52' title="bbox 418 2994 1991 3067; baseline -0.001 -16"><span class='ocrx_word' id='word_1_429' title='bbox 418 2996 620 3067; x_wconf 81' lang='lat' dir='ltr'><strong>supino</strong></span> <span class='ocrx_word' id='word_1_430' title='bbox 664 2996 999 3066; x_wconf 89' lang='lat' dir='ltr'><strong>pulvereque</strong></span> <span class='ocrx_word' id='word_1_431' title='bbox 1045 2995 1288 3066; x_wconf 85' lang='lat' dir='ltr'><strong>Oppleto,</strong></span> <span class='ocrx_word' id='word_1_432' title='bbox 1338 2996 1581 3049; x_wconf 87' lang='lat' dir='ltr'><strong>minutos</strong></span> <span class='ocrx_word' id='word_1_433' title='bbox 1632 2995 1686 3049; x_wconf 93' lang='lat' dir='ltr'><strong>in</strong></span> <span class='ocrx_word' id='word_1_434' title='bbox 1741 2994 1991 3065; x_wconf 86' lang='lat' dir='ltr'><strong>globulos</strong></span> 
     </span>
    </p>
   </div>
   <div class='ocr_carea' id='block_1_53' title="bbox 414 3085 1995 3156">
    <p class='ocr_par' dir='ltr' id='par_1_53' title="bbox 414 3085 1995 3156">
     <span class='ocr_line' id='line_1_53' title="bbox 414 3085 1995 3156; baseline -0.003 -14"><span class='ocrx_word' id='word_1_435' title='bbox 414 3087 814 3142; x_wconf 79' lang='lat' dir='ltr'><strong>conformatum</strong></span> <span class='ocrx_word' id='word_1_436' title='bbox 830 3086 1031 3156; x_wconf 90' lang='lat' dir='ltr'><strong>passim</strong></span> <span class='ocrx_word' id='word_1_437' title='bbox 1058 3087 1132 3139; x_wconf 92' lang='lat' dir='ltr'><strong>ita</strong></span> <span class='ocrx_word' id='word_1_438' title='bbox 1166 3100 1260 3155; x_wconf 88' lang='lat' dir='ltr'><strong>per</strong></span> <span class='ocrx_word' id='word_1_439' title='bbox 1278 3093 1476 3140; x_wconf 87' lang='lat' dir='ltr'><strong>terram</strong></span> <span class='ocrx_word' id='word_1_440' title='bbox 1495 3085 1753 3155; x_wconf 85' lang='lat' dir='ltr'><strong>dispergi,</strong></span> <span class='ocrx_word' id='word_1_441' title='bbox 1775 3094 1833 3139; x_wconf 94' lang='lat' dir='ltr'><strong>ut</strong></span> <span class='ocrx_word' id='word_1_442' title='bbox 1849 3086 1995 3139; x_wconf 89' lang='lat' dir='ltr'><strong>nulla</strong></span> 
     </span>
    </p>
   </div>
   <div class='ocr_carea' id='block_1_54' title="bbox 417 3175 1994 3245">
    <p class='ocr_par' dir='ltr' id='par_1_54' title="bbox 417 3175 1994 3245">
     <span class='ocr_line' id='line_1_54' title="bbox 417 3175 1994 3245; baseline -0.001 -14"><span class='ocrx_word' id='word_1_443' title='bbox 417 3193 545 3232; x_wconf 87' lang='lat' dir='ltr'><strong>cum</strong></span> <span class='ocrx_word' id='word_1_444' title='bbox 563 3192 643 3243; x_wconf 93' lang='lat' dir='ltr'><strong>re,</strong></span> <span class='ocrx_word' id='word_1_445' title='bbox 670 3178 725 3231; x_wconf 92' lang='lat' dir='ltr'><strong>in</strong></span> <span class='ocrx_word' id='word_1_446' title='bbox 749 3191 910 3245; x_wconf 91' lang='lat' dir='ltr'><strong>quam</strong></span> <span class='ocrx_word' id='word_1_447' title='bbox 930 3176 1143 3240; x_wconf 89' lang='lat' dir='ltr'><strong>incidit,</strong></span> <span class='ocrx_word' id='word_1_448' title='bbox 1172 3176 1614 3230; x_wconf 86' lang='lat' dir='ltr'><strong>commisceatur.</strong></span> <span class='ocrx_word' id='word_1_449' title='bbox 1634 3175 1788 3241; x_wconf 88' lang='lat' dir='ltr'><strong>Quod</strong></span> <span class='ocrx_word' id='word_1_450' title='bbox 1807 3175 1853 3230; x_wconf 84' lang='lat' dir='ltr'><strong>si</strong></span> <span class='ocrx_word' id='word_1_451' title='bbox 1869 3175 1994 3245; x_wconf 90' lang='lat' dir='ltr'><strong>quis</strong></span> 
     </span>
    </p>
   </div>
   <div class='ocr_carea' id='block_1_55' title="bbox 416 3265 1993 3336">
    <p class='ocr_par' dir='ltr' id='par_1_55' title="bbox 416 3265 1993 3336">
     <span class='ocr_line' id='line_1_55' title="bbox 416 3265 1993 3336; baseline -0.002 -14"><span class='ocrx_word' id='word_1_452' title='bbox 416 3266 615 3323; x_wconf 88' lang='lat' dir='ltr'><strong>deinde</strong></span> <span class='ocrx_word' id='word_1_453' title='bbox 667 3267 1045 3336; x_wconf 87' lang='lat' dir='ltr'><strong>multipliciter</strong></span> <span class='ocrx_word' id='word_1_454' title='bbox 1098 3267 1410 3335; x_wconf 81' lang='lat' dir='ltr'><strong>dispersum</strong></span> <span class='ocrx_word' id='word_1_455' title='bbox 1460 3265 1701 3320; x_wconf 74' lang='lat' dir='ltr'><strong>vicissim</strong></span> <span class='ocrx_word' id='word_1_456' title='bbox 1751 3268 1993 3336; x_wconf 74' lang='lat' dir='ltr'><strong>colligat,</strong></span> 
     </span>
    </p>
   </div>
   <div class='ocr_carea' id='block_1_56' title="bbox 415 3360 1995 3431">
    <p class='ocr_par' dir='ltr' id='par_1_56' title="bbox 415 3360 1995 3431">
     <span class='ocr_line' id='line_1_56' title="bbox 415 3360 1995 3431; baseline -0.002 -15"><span class='ocrx_word' id='word_1_457' title='bbox 415 3361 696 3416; x_wconf 80' lang='lat' dir='ltr'><strong>conﬂuere</strong></span> <span class='ocrx_word' id='word_1_458' title='bbox 725 3375 825 3416; x_wconf 92' lang='lat' dir='ltr'><strong>sua</strong></span> <span class='ocrx_word' id='word_1_459' title='bbox 855 3369 1055 3431; x_wconf 90' lang='lat' dir='ltr'><strong>sponte</strong></span> <span class='ocrx_word' id='word_1_460' title='bbox 1081 3360 1300 3430; x_wconf 87' lang='lat' dir='ltr'><strong>singula</strong></span> <span class='ocrx_word' id='word_1_461' title='bbox 1340 3374 1461 3430; x_wconf 68' lang='lat' dir='ltr'><strong>qua:</strong></span> <span class='ocrx_word' id='word_1_462' title='bbox 1488 3361 1707 3430; x_wconf 87' lang='lat' dir='ltr'><strong>generis</strong></span> <span class='ocrx_word' id='word_1_463' title='bbox 1746 3360 1995 3430; x_wconf 86' lang='lat' dir='ltr'><strong>ejusdem</strong></span> 
     </span>
    </p>
   </div>
   <div class='ocr_carea' id='block_1_57' title="bbox 417 3456 1998 3527">
    <p class='ocr_par' dir='ltr' id='par_1_57' title="bbox 417 3456 1998 3527">
     <span class='ocr_line' id='line_1_57' title="bbox 417 3456 1998 3527; baseline -0.003 -13"><span class='ocrx_word' id='word_1_464' title='bbox 417 3464 568 3524; x_wconf 83' lang='lat' dir='ltr'><strong>sunt,</strong></span> <span class='ocrx_word' id='word_1_465' title='bbox 588 3458 903 3527; x_wconf 87' lang='lat' dir='ltr'><strong>nullamque</strong></span> <span class='ocrx_word' id='word_1_466' title='bbox 934 3456 1170 3525; x_wconf 87' lang='lat' dir='ltr'><strong>interjici</strong></span> <span class='ocrx_word' id='word_1_467' title='bbox 1187 3470 1301 3511; x_wconf 91' lang='lat' dir='ltr'><strong>rem</strong></span> <span class='ocrx_word' id='word_1_468' title='bbox 1330 3471 1492 3524; x_wconf 82' lang='lat' dir='ltr'><strong>posse</strong></span> <span class='ocrx_word' id='word_1_469' title='bbox 1518 3471 1640 3525; x_wconf 61' lang='lat' dir='ltr'><strong>qua:</strong></span> <span class='ocrx_word' id='word_1_470' title='bbox 1657 3457 1998 3511; x_wconf 89' lang='lat' dir='ltr'><strong>commistio-</strong></span> 
     </span>
    </p>
   </div>
   <div class='ocr_carea' id='block_1_58' title="bbox 418 3546 1998 3620">
    <p class='ocr_par' dir='ltr' id='par_1_58' title="bbox 418 3546 1998 3620">
     <span class='ocr_line' id='line_1_58' title="bbox 418 3546 1998 3620; baseline -0.003 -14"><span class='ocrx_word' id='word_1_471' title='bbox 418 3566 545 3607; x_wconf 88' lang='lat' dir='ltr'><strong>nem</strong></span> <span class='ocrx_word' id='word_1_472' title='bbox 576 3550 718 3605; x_wconf 87' lang='lat' dir='ltr'><strong>hanc</strong></span> <span class='ocrx_word' id='word_1_473' title='bbox 746 3548 1012 3620; x_wconf 88' lang='lat' dir='ltr'><strong>impedire</strong></span> <span class='ocrx_word' id='word_1_474' title='bbox 1052 3555 1241 3618; x_wconf 87' lang='lat' dir='ltr'><strong>queat.</strong></span> <span class='ocrx_word' id='word_1_475' title='bbox 1278 3546 1604 3616; x_wconf 87' lang='lat' dir='ltr'><strong>Hujustnodi</strong></span> <span class='ocrx_word' id='word_1_476' title='bbox 1654 3548 1913 3617; x_wconf 88' lang='lat' dir='ltr'><strong>quiddam</strong></span> <span class='ocrx_word' id='word_1_477' title='bbox 1940 3555 1998 3603; x_wconf 91' lang='lat' dir='ltr'><strong>et</strong></span> 
     </span>
    </p>
   </div>
   <div class='ocr_carea' id='block_1_59' title="bbox 412 3638 1995 3710">
    <p class='ocr_par' dir='ltr' id='par_1_59' title="bbox 412 3638 1995 3710">
     <span class='ocr_line' id='line_1_59' title="bbox 412 3638 1995 3710; baseline -0.003 -13"><span class='ocrx_word' id='word_1_478' title='bbox 412 3644 478 3697; x_wconf 86' lang='lat' dir='ltr'><strong>in</strong></span> <span class='ocrx_word' id='word_1_479' title='bbox 503 3641 728 3697; x_wconf 87' lang='lat' dir='ltr'><strong>butnani</strong></span> <span class='ocrx_word' id='word_1_480' title='bbox 763 3640 1013 3710; x_wconf 87' lang='lat' dir='ltr'><strong>corporis</strong></span> <span class='ocrx_word' id='word_1_481' title='bbox 1035 3654 1298 3709; x_wconf 84' lang='lat' dir='ltr'><strong>compage</strong></span> <span class='ocrx_word' id='word_1_482' title='bbox 1333 3638 1687 3694; x_wconf 87' lang='lat' dir='ltr'><strong>statuendum</strong></span> <span class='ocrx_word' id='word_1_483' title='bbox 1716 3639 1995 3694; x_wconf 80' lang='lat' dir='ltr'><strong>existimo.</strong></span> 
     </span>
    </p>
   </div>
   <div class='ocr_carea' id='block_1_60' title="bbox 421 3731 1998 3803">
    <p class='ocr_par' dir='ltr' id='par_1_60' title="bbox 421 3731 1998 3803">
     <span class='ocr_line' id='line_1_60' title="bbox 421 3731 1998 3803; baseline -0.003 -15"><span class='ocrx_word' id='word_1_484' title='bbox 421 3735 836 3803; x_wconf 78' lang='lat' dir='ltr'><strong>Quamprimum</strong></span> <span class='ocrx_word' id='word_1_485' title='bbox 858 3732 1124 3787; x_wconf 88' lang='lat' dir='ltr'><strong>divinitus</strong></span> <span class='ocrx_word' id='word_1_486' title='bbox 1156 3732 1316 3802; x_wconf 90' lang='lat' dir='ltr'><strong>signo</strong></span> <span class='ocrx_word' id='word_1_487' title='bbox 1347 3731 1503 3801; x_wconf 90' lang='lat' dir='ltr'><strong>quasi</strong></span> <span class='ocrx_word' id='word_1_488' title='bbox 1553 3731 1682 3785; x_wconf 89' lang='lat' dir='ltr'><strong>dato</strong></span> <span class='ocrx_word' id='word_1_489' title='bbox 1733 3745 1998 3786; x_wconf 89' lang='lat' dir='ltr'><strong>concessa</strong></span> 
     </span>
    </p>
   </div>
   <div class='ocr_carea' id='block_1_61' title="bbox 422 3822 1999 3895">
    <p class='ocr_par' dir='ltr' id='par_1_61' title="bbox 422 3822 1999 3895">
     <span class='ocr_line' id='line_1_61' title="bbox 422 3822 1999 3895; baseline -0.001 -16"><span class='ocrx_word' id='word_1_490' title='bbox 422 3826 658 3880; x_wconf 80' lang='lat' dir='ltr'><strong>facultas</strong></span> <span class='ocrx_word' id='word_1_491' title='bbox 687 3825 779 3887; x_wconf 91' lang='lat' dir='ltr'><strong>sit,</strong></span> <span class='ocrx_word' id='word_1_492' title='bbox 826 3832 1012 3895; x_wconf 84' lang='lat' dir='ltr'><strong>partes</strong></span> <span class='ocrx_word' id='word_1_493' title='bbox 1042 3822 1148 3879; x_wconf 90' lang='lat' dir='ltr'><strong>sibi</strong></span> <span class='ocrx_word' id='word_1_494' title='bbox 1189 3823 1582 3878; x_wconf 86' lang='lat' dir='ltr'><strong>convenientes</strong></span> <span class='ocrx_word' id='word_1_495' title='bbox 1632 3828 1687 3877; x_wconf 91' lang='lat' dir='ltr'><strong>et</strong></span> <span class='ocrx_word' id='word_1_496' title='bbox 1736 3832 1999 3892; x_wconf 91' lang='lat' dir='ltr'><strong>cognatas</strong></span> 
     </span>
    </p>
   </div>
   <div class='ocr_carea' id='block_1_62' title="bbox 420 3914 1999 3986">
    <p class='ocr_par' dir='ltr' id='par_1_62' title="bbox 420 3914 1999 3986">
     <span class='ocr_line' id='line_1_62' title="bbox 420 3914 1999 3986; baseline -0.002 -15"><span class='ocrx_word' id='word_1_497' title='bbox 420 3916 642 3972; x_wconf 84' lang='lat' dir='ltr'><strong>misceri</strong></span> <span class='ocrx_word' id='word_1_498' title='bbox 677 3924 873 3985; x_wconf 85' lang='lat' dir='ltr'><strong>sponte</strong></span> <span class='ocrx_word' id='word_1_499' title='bbox 903 3930 1026 3981; x_wconf 89' lang='lat' dir='ltr'><strong>sua,</strong></span> <span class='ocrx_word' id='word_1_500' title='bbox 1055 3930 1232 3986; x_wconf 91' lang='lat' dir='ltr'><strong>neque</strong></span> <span class='ocrx_word' id='word_1_501' title='bbox 1257 3914 1560 3985; x_wconf 90' lang='lat' dir='ltr'><strong>quidquam</strong></span> <span class='ocrx_word' id='word_1_502' title='bbox 1599 3929 1668 3969; x_wconf 79' lang='lat' dir='ltr'><strong>ex</strong></span> <span class='ocrx_word' id='word_1_503' title='bbox 1705 3914 1811 3968; x_wconf 89' lang='lat' dir='ltr'><strong>hoc</strong></span> <span class='ocrx_word' id='word_1_504' title='bbox 1843 3914 1999 3969; x_wconf 87' lang='lat' dir='ltr'><strong>labo-</strong></span> 
     </span>
    </p>
   </div>
   <div class='ocr_carea' id='block_1_63' title="bbox 420 4004 2002 4062">
    <p class='ocr_par' dir='ltr' id='par_1_63' title="bbox 420 4004 2002 4062">
     <span class='ocr_line' id='line_1_63' title="bbox 420 4004 2002 4062; baseline -0.002 -1"><span class='ocrx_word' id='word_1_505' title='bbox 420 4022 501 4061; x_wconf 86' lang='lat' dir='ltr'><strong>rts</strong></span> <span class='ocrx_word' id='word_1_506' title='bbox 537 4007 865 4062; x_wconf 63' lang='lat' dir='ltr'><strong>molestieeve</strong></span> <span class='ocrx_word' id='word_1_507' title='bbox 888 4005 1246 4062; x_wconf 82' lang='lat' dir='ltr'><strong>instauratori</strong></span> <span class='ocrx_word' id='word_1_508' title='bbox 1274 4015 1486 4059; x_wconf 70' lang='lat' dir='ltr'><strong>naturae</strong></span> <span class='ocrx_word' id='word_1_509' title='bbox 1522 4005 1721 4059; x_wconf 88' lang='lat' dir='ltr'><strong>creari.</strong></span> <span class='ocrx_word' id='word_1_510' title='bbox 1765 4004 1903 4057; x_wconf 86' lang='lat' dir='ltr'><strong>Nam</strong></span> <span class='ocrx_word' id='word_1_511' title='bbox 1933 4019 2002 4059; x_wconf 91' lang='lat' dir='ltr'><strong>ne</strong></span> 
     </span>
    </p>
   </div>
   <div class='ocr_carea' id='block_1_64' title="bbox 421 4097 2002 4169">
    <p class='ocr_par' dir='ltr' id='par_1_64' title="bbox 421 4097 2002 4169">
     <span class='ocr_line' id='line_1_64' title="bbox 421 4097 2002 4169; baseline -0.001 -17"><span class='ocrx_word' id='word_1_512' title='bbox 421 4097 478 4152; x_wconf 90' lang='lat' dir='ltr'><strong>in</strong></span> <span class='ocrx_word' id='word_1_513' title='bbox 512 4099 579 4154; x_wconf 89' lang='lat' dir='ltr'><strong>iis</strong></span> <span class='ocrx_word' id='word_1_514' title='bbox 636 4099 855 4168; x_wconf 90' lang='lat' dir='ltr'><strong>quidem</strong></span> <span class='ocrx_word' id='word_1_515' title='bbox 906 4114 1028 4169; x_wconf 65' lang='lat' dir='ltr'><strong>quae</strong></span> <span class='ocrx_word' id='word_1_516' title='bbox 1077 4105 1227 4153; x_wconf 89' lang='lat' dir='ltr'><strong>terra</strong></span> <span class='ocrx_word' id='word_1_517' title='bbox 1274 4097 1627 4169; x_wconf 89' lang='lat' dir='ltr'><strong>proveniunt,</strong></span> <span class='ocrx_word' id='word_1_518' title='bbox 1673 4111 2002 4167; x_wconf 88' lang='lat' dir='ltr'><strong>magnopere</strong></span> 
     </span>
    </p>
   </div>
   <div class='ocr_carea' id='block_1_65' title="bbox 420 4188 2000 4259">
    <p class='ocr_par' dir='ltr' id='par_1_65' title="bbox 420 4188 2000 4259">
     <span class='ocr_line' id='line_1_65' title="bbox 420 4188 2000 4259; baseline -0.003 -14"><span class='ocrx_word' id='word_1_519' title='bbox 420 4199 674 4245; x_wconf 87' lang='lat' dir='ltr'><strong>naturam</strong></span> <span class='ocrx_word' id='word_1_520' title='bbox 713 4190 975 4259; x_wconf 90' lang='lat' dir='ltr'><strong>occupari</strong></span> <span class='ocrx_word' id='word_1_521' title='bbox 1034 4191 1308 4255; x_wconf 87' lang='lat' dir='ltr'><strong>videmus,</strong></span> <span class='ocrx_word' id='word_1_522' title='bbox 1373 4198 1433 4244; x_wconf 91' lang='lat' dir='ltr'><strong>ut</strong></span> <span class='ocrx_word' id='word_1_523' title='bbox 1468 4188 1553 4243; x_wconf 88' lang='lat' dir='ltr'><strong>vel</strong></span> <span class='ocrx_word' id='word_1_524' title='bbox 1604 4188 1871 4254; x_wconf 89' lang='lat' dir='ltr'><strong>triticum,</strong></span> <span class='ocrx_word' id='word_1_525' title='bbox 1913 4189 2000 4243; x_wconf 89' lang='lat' dir='ltr'><strong>vel</strong></span> 
     </span>
    </p>
   </div>
   <div class='ocr_carea' id='block_1_66' title="bbox 420 4279 1999 4353">
    <p class='ocr_par' dir='ltr' id='par_1_66' title="bbox 420 4279 1999 4353">
     <span class='ocr_line' id='line_1_66' title="bbox 420 4279 1999 4353; baseline -0.001 -19"><span class='ocrx_word' id='word_1_526' title='bbox 420 4280 654 4343; x_wconf 91' lang='lat' dir='ltr'><strong>milium,</strong></span> <span class='ocrx_word' id='word_1_527' title='bbox 685 4281 770 4335; x_wconf 90' lang='lat' dir='ltr'><strong>vel</strong></span> <span class='ocrx_word' id='word_1_528' title='bbox 792 4280 937 4335; x_wconf 88' lang='lat' dir='ltr'><strong>aliud</strong></span> <span class='ocrx_word' id='word_1_529' title='bbox 966 4282 1198 4351; x_wconf 83' lang='lat' dir='ltr'><strong>quodvis</strong></span> <span class='ocrx_word' id='word_1_530' title='bbox 1238 4298 1446 4345; x_wconf 89' lang='lat' dir='ltr'><strong>semen,</strong></span> <span class='ocrx_word' id='word_1_531' title='bbox 1506 4281 1574 4336; x_wconf 92' lang='lat' dir='ltr'><strong>de</strong></span> <span class='ocrx_word' id='word_1_532' title='bbox 1601 4295 1712 4353; x_wconf 91' lang='lat' dir='ltr'><strong>quo</strong></span> <span class='ocrx_word' id='word_1_533' title='bbox 1761 4279 1999 4334; x_wconf 88' lang='lat' dir='ltr'><strong>frumen-</strong></span> 
     </span>
    </p>
   </div>
   <div class='ocr_carea' id='block_1_67' title="bbox 421 4374 1995 4443">
    <p class='ocr_par' dir='ltr' id='par_1_67' title="bbox 421 4374 1995 4443">
     <span class='ocr_line' id='line_1_67' title="bbox 421 4374 1995 4443; baseline 0.003 -16"><span class='ocrx_word' id='word_1_534' title='bbox 421 4382 537 4427; x_wconf 89' lang='lat' dir='ltr'><strong>tum</strong></span> <span class='ocrx_word' id='word_1_535' title='bbox 563 4382 657 4428; x_wconf 92' lang='lat' dir='ltr'><strong>aut</strong></span> <span class='ocrx_word' id='word_1_536' title='bbox 681 4374 953 4443; x_wconf 77' lang='lat' dir='ltr'><strong>legumina</strong></span> <span class='ocrx_word' id='word_1_537' title='bbox 983 4384 1312 4443; x_wconf 89' lang='lat' dir='ltr'><strong>nascuntur,</strong></span> <span class='ocrx_word' id='word_1_538' title='bbox 1361 4377 1417 4430; x_wconf 92' lang='lat' dir='ltr'><strong>in</strong></span> <span class='ocrx_word' id='word_1_539' title='bbox 1450 4376 1718 4440; x_wconf 89' lang='lat' dir='ltr'><strong>culmum,</strong></span> <span class='ocrx_word' id='word_1_540' title='bbox 1770 4377 1995 4443; x_wconf 90' lang='lat' dir='ltr'><strong>aristas,</strong></span> 
     </span>
    </p>
   </div>
   <div class='ocr_carea' id='block_1_68' title="bbox 420 4465 1998 4537">
    <p class='ocr_par' dir='ltr' id='par_1_68' title="bbox 420 4465 1998 4537">
     <span class='ocr_line' id='line_1_68' title="bbox 420 4465 1998 4537; baseline 0 -16"><span class='ocrx_word' id='word_1_541' title='bbox 420 4474 476 4521; x_wconf 90' lang='lat' dir='ltr'><strong>et</strong></span> <span class='ocrx_word' id='word_1_542' title='bbox 497 4467 678 4537; x_wconf 87' lang='lat' dir='ltr'><strong>spicas</strong></span> <span class='ocrx_word' id='word_1_543' title='bbox 706 4474 1084 4522; x_wconf 84' lang='lat' dir='ltr'><strong>convertatur.</strong></span> <span class='ocrx_word' id='word_1_544' title='bbox 1119 4465 1230 4522; x_wconf 88' lang='lat' dir='ltr'><strong>Sua</strong></span> <span class='ocrx_word' id='word_1_545' title='bbox 1265 4468 1412 4523; x_wconf 91' lang='lat' dir='ltr'><strong>enim</strong></span> <span class='ocrx_word' id='word_1_546' title='bbox 1459 4477 1653 4537; x_wconf 89' lang='lat' dir='ltr'><strong>sponte</strong></span> <span class='ocrx_word' id='word_1_547' title='bbox 1694 4469 1998 4523; x_wconf 88' lang='lat' dir='ltr'><strong>nutrimen-</strong></span> 
     </span>
    </p>
   </div>
   <div class='ocr_carea' id='block_1_69' title="bbox 422 4557 1997 4626">
    <p class='ocr_par' dir='ltr' id='par_1_69' title="bbox 422 4557 1997 4626">
     <span class='ocr_line' id='line_1_69' title="bbox 422 4557 1997 4626; baseline 0.003 -17"><span class='ocrx_word' id='word_1_548' title='bbox 422 4565 538 4610; x_wconf 90' lang='lat' dir='ltr'><strong>tum</strong></span> <span class='ocrx_word' id='word_1_549' title='bbox 572 4557 767 4626; x_wconf 91' lang='lat' dir='ltr'><strong>cuique</strong></span> <span class='ocrx_word' id='word_1_550' title='bbox 812 4557 1008 4612; x_wconf 87' lang='lat' dir='ltr'><strong>semini</strong></span> <span class='ocrx_word' id='word_1_551' title='bbox 1040 4560 1397 4624; x_wconf 87' lang='lat' dir='ltr'><strong>conveniens,</strong></span> <span class='ocrx_word' id='word_1_552' title='bbox 1449 4561 1599 4614; x_wconf 91' lang='lat' dir='ltr'><strong>nullo</strong></span> <span class='ocrx_word' id='word_1_553' title='bbox 1653 4566 1861 4613; x_wconf 65' lang='lat' dir='ltr'><strong>naturae</strong></span> <span class='ocrx_word' id='word_1_554' title='bbox 1897 4575 1997 4613; x_wconf 91' lang='lat' dir='ltr'><strong>ne-</strong></span> 
     </span>
    </p>
   </div>
   <div class='ocr_carea' id='block_1_70' title="bbox 424 4646 1997 4719">
    <p class='ocr_par' dir='ltr' id='par_1_70' title="bbox 424 4646 1997 4719">
     <span class='ocr_line' id='line_1_70' title="bbox 424 4646 1997 4719; baseline 0.002 -20"><span class='ocrx_word' id='word_1_555' title='bbox 424 4647 571 4717; x_wconf 86' lang='lat' dir='ltr'><strong>gotio</strong></span> <span class='ocrx_word' id='word_1_556' title='bbox 593 4646 660 4700; x_wconf 90' lang='lat' dir='ltr'><strong>de</strong></span> <span class='ocrx_word' id='word_1_557' title='bbox 696 4648 975 4701; x_wconf 90' lang='lat' dir='ltr'><strong>comtnuni</strong></span> <span class='ocrx_word' id='word_1_558' title='bbox 1026 4648 1091 4701; x_wconf 88' lang='lat' dir='ltr'><strong>ad</strong></span> <span class='ocrx_word' id='word_1_559' title='bbox 1140 4649 1482 4719; x_wconf 89' lang='lat' dir='ltr'><strong>singulorum</strong></span> <span class='ocrx_word' id='word_1_560' title='bbox 1526 4665 1684 4704; x_wconf 91' lang='lat' dir='ltr'><strong>usum</strong></span> <span class='ocrx_word' id='word_1_561' title='bbox 1731 4649 1997 4704; x_wconf 87' lang='lat' dir='ltr'><strong>transfer-</strong></span> 
     </span>
    </p>
   </div>
   <div class='ocr_carea' id='block_1_71' title="bbox 422 4734 1996 4805">
    <p class='ocr_par' dir='ltr' id='par_1_71' title="bbox 422 4734 1996 4805">
     <span class='ocr_line' id='line_1_71' title="bbox 422 4734 1996 4805; baseline 0.003 -16"><span class='ocrx_word' id='word_1_562' title='bbox 422 4745 533 4790; x_wconf 88' lang='lat' dir='ltr'><strong>tur.</strong></span> <span class='ocrx_word' id='word_1_563' title='bbox 571 4734 713 4805; x_wconf 87' lang='lat' dir='ltr'><strong>Ergo</strong></span> <span class='ocrx_word' id='word_1_564' title='bbox 747 4737 794 4792; x_wconf 91' lang='lat' dir='ltr'><strong>si</strong></span> <span class='ocrx_word' id='word_1_565' title='bbox 827 4738 1100 4793; x_wconf 89' lang='lat' dir='ltr'><strong>universis</strong></span> <span class='ocrx_word' id='word_1_566' title='bbox 1137 4747 1284 4793; x_wconf 90' lang='lat' dir='ltr'><strong>terra</strong></span> <span class='ocrx_word' id='word_1_567' title='bbox 1317 4740 1672 4795; x_wconf 82' lang='lat' dir='ltr'><strong>nascentibus</strong></span> <span class='ocrx_word' id='word_1_568' title='bbox 1717 4741 1996 4795; x_wconf 91' lang='lat' dir='ltr'><strong>communi</strong></span> 
     </span>
    </p>
   </div>
   <div class='ocr_carea' id='block_1_72' title="bbox 422 4829 2001 4903">
    <p class='ocr_par' dir='ltr' id='par_1_72' title="bbox 422 4829 2001 4903">
     <span class='ocr_line' id='line_1_72' title="bbox 422 4829 2001 4903; baseline 0.002 -20"><span class='ocrx_word' id='word_1_569' title='bbox 422 4829 661 4900; x_wconf 90' lang='lat' dir='ltr'><strong>quodam</strong></span> <span class='ocrx_word' id='word_1_570' title='bbox 695 4845 862 4885; x_wconf 91' lang='lat' dir='ltr'><strong>succo</strong></span> <span class='ocrx_word' id='word_1_571' title='bbox 891 4833 1197 4901; x_wconf 87' lang='lat' dir='ltr'><strong>proposito.</strong></span> <span class='ocrx_word' id='word_1_572' title='bbox 1231 4833 1499 4903; x_wconf 92' lang='lat' dir='ltr'><strong>quidquid</strong></span> <span class='ocrx_word' id='word_1_573' title='bbox 1543 4848 1608 4887; x_wconf 91' lang='lat' dir='ltr'><strong>eo</strong></span> <span class='ocrx_word' id='word_1_574' title='bbox 1660 4833 1858 4887; x_wconf 90' lang='lat' dir='ltr'><strong>nutriri</strong></span> <span class='ocrx_word' id='word_1_575' title='bbox 1905 4848 2001 4886; x_wconf 79' lang='lat' dir='ltr'><strong>ue-</strong></span> 
     </span>
    </p>
   </div>
   <div class='ocr_carea' id='block_1_73' title="bbox 422 4921 1995 4995">
    <p class='ocr_par' dir='ltr' id='par_1_73' title="bbox 422 4921 1995 4995">
     <span class='ocr_line' id='line_1_73' title="bbox 422 4921 1995 4995; baseline 0.001 -19"><span class='ocrx_word' id='word_1_576' title='bbox 422 4937 582 4977; x_wconf 88' lang='lat' dir='ltr'><strong>cesse</strong></span> <span class='ocrx_word' id='word_1_577' title='bbox 612 4929 717 4983; x_wconf 86' lang='lat' dir='ltr'><strong>est.</strong></span> <span class='ocrx_word' id='word_1_578' title='bbox 772 4921 826 4975; x_wconf 90' lang='lat' dir='ltr'><strong>id</strong></span> <span class='ocrx_word' id='word_1_579' title='bbox 858 4924 1090 4976; x_wconf 87' lang='lat' dir='ltr'><strong>attrahit</strong></span> <span class='ocrx_word' id='word_1_580' title='bbox 1131 4925 1312 4979; x_wconf 86' lang='lat' dir='ltr'><strong>alendi</strong></span> <span class='ocrx_word' id='word_1_581' title='bbox 1351 4927 1435 4979; x_wconf 90' lang='lat' dir='ltr'><strong>sui</strong></span> <span class='ocrx_word' id='word_1_582' title='bbox 1473 4941 1663 4989; x_wconf 88' lang='lat' dir='ltr'><strong>causa,</strong></span> <span class='ocrx_word' id='word_1_583' title='bbox 1711 4926 1857 4995; x_wconf 93' lang='lat' dir='ltr'><strong>quod</strong></span> <span class='ocrx_word' id='word_1_584' title='bbox 1895 4925 1995 4994; x_wconf 88' lang='lat' dir='ltr'><strong>ipsi</strong></span> 
     </span>
    </p>
   </div>
   <div class='ocr_carea' id='block_1_74' title="bbox 424 5014 1999 5085">
    <p class='ocr_par' dir='ltr' id='par_1_74' title="bbox 424 5014 1999 5085">
     <span class='ocr_line' id='line_1_74' title="bbox 424 5014 1999 5085; baseline 0.001 -17"><span class='ocrx_word' id='word_1_585' title='bbox 424 5014 731 5080; x_wconf 87' lang='lat' dir='ltr'><strong>convenit;</strong></span> <span class='ocrx_word' id='word_1_586' title='bbox 787 5014 923 5085; x_wconf 91' lang='lat' dir='ltr'><strong>quid</strong></span> <span class='ocrx_word' id='word_1_587' title='bbox 955 5015 1279 5079; x_wconf 88' lang='lat' dir='ltr'><strong>absurdum,</strong></span> <span class='ocrx_word' id='word_1_588' title='bbox 1346 5017 1392 5072; x_wconf 92' lang='lat' dir='ltr'><strong>si</strong></span> <span class='ocrx_word' id='word_1_589' title='bbox 1446 5015 1550 5070; x_wconf 91' lang='lat' dir='ltr'><strong>hac</strong></span> <span class='ocrx_word' id='word_1_590' title='bbox 1587 5019 1752 5072; x_wconf 88' lang='lat' dir='ltr'><strong>etiam</strong></span> <span class='ocrx_word' id='word_1_591' title='bbox 1806 5019 1859 5071; x_wconf 95' lang='lat' dir='ltr'><strong>in</strong></span> <span class='ocrx_word' id='word_1_592' title='bbox 1899 5018 1999 5071; x_wconf 84' lang='lat' dir='ltr'><strong>do-</strong></span> 
     </span>
    </p>
   </div>
   <div class='ocr_carea' id='block_1_75' title="bbox 424 5104 1999 5178">
    <p class='ocr_par' dir='ltr' id='par_1_75' title="bbox 424 5104 1999 5178">
     <span class='ocr_line' id='line_1_75' title="bbox 424 5104 1999 5178; baseline 0.004 -21"><span class='ocrx_word' id='word_1_593' title='bbox 424 5104 606 5158; x_wconf 89' lang='lat' dir='ltr'><strong>ctrina</strong></span> <span class='ocrx_word' id='word_1_594' title='bbox 655 5105 722 5159; x_wconf 89' lang='lat' dir='ltr'><strong>de</strong></span> <span class='ocrx_word' id='word_1_595' title='bbox 772 5108 1181 5162; x_wconf 86' lang='lat' dir='ltr'><strong>resurrectione</strong></span> <span class='ocrx_word' id='word_1_596' title='bbox 1224 5108 1498 5173; x_wconf 89' lang='lat' dir='ltr'><strong>dicamus,</strong></span> <span class='ocrx_word' id='word_1_597' title='bbox 1542 5109 1769 5178; x_wconf 89' lang='lat' dir='ltr'><strong>perinde</strong></span> <span class='ocrx_word' id='word_1_598' title='bbox 1814 5116 1873 5163; x_wconf 92' lang='lat' dir='ltr'><strong>ut</strong></span> <span class='ocrx_word' id='word_1_599' title='bbox 1913 5124 1999 5164; x_wconf 93' lang='lat' dir='ltr'><strong>se-</strong></span> 
     </span>
    </p>
   </div>
   <div class='ocr_carea' id='block_1_76' title="bbox 423 5195 1997 5271">
    <p class='ocr_par' dir='ltr' id='par_1_76' title="bbox 423 5195 1997 5271">
     <span class='ocr_line' id='line_1_76' title="bbox 423 5195 1997 5271; baseline 0.004 -23"><span class='ocrx_word' id='word_1_600' title='bbox 423 5195 574 5249; x_wconf 89' lang='lat' dir='ltr'><strong>mina</strong></span> <span class='ocrx_word' id='word_1_601' title='bbox 633 5198 1051 5251; x_wconf 85' lang='lat' dir='ltr'><strong>convenientem</strong></span> <span class='ocrx_word' id='word_1_602' title='bbox 1127 5214 1382 5264; x_wconf 87' lang='lat' dir='ltr'><strong>succum,</strong></span> <span class='ocrx_word' id='word_1_603' title='bbox 1462 5201 1544 5255; x_wconf 91' lang='lat' dir='ltr'><strong>sie</strong></span> <span class='ocrx_word' id='word_1_604' title='bbox 1594 5201 1870 5271; x_wconf 88' lang='lat' dir='ltr'><strong>quoslibet</strong></span> <span class='ocrx_word' id='word_1_605' title='bbox 1930 5216 1997 5254; x_wconf 73' lang='lat' dir='ltr'><strong>ex</strong></span> 
     </span>
    </p>
   </div>
   <div class='ocr_carea' id='block_1_77' title="bbox 425 5284 1999 5360">
    <p class='ocr_par' dir='ltr' id='par_1_77' title="bbox 425 5284 1999 5360">
     <span class='ocr_line' id='line_1_77' title="bbox 425 5284 1999 5360; baseline 0.006 -23"><span class='ocrx_word' id='word_1_606' title='bbox 425 5284 658 5339; x_wconf 89' lang='lat' dir='ltr'><strong>mortuis</strong></span> <span class='ocrx_word' id='word_1_607' title='bbox 689 5297 1041 5357; x_wconf 90' lang='lat' dir='ltr'><strong>resurgentes</strong></span> <span class='ocrx_word' id='word_1_608' title='bbox 1073 5291 1294 5360; x_wconf 86' lang='lat' dir='ltr'><strong>propria</strong></span> <span class='ocrx_word' id='word_1_609' title='bbox 1344 5307 1539 5347; x_wconf 88' lang='lat' dir='ltr'><strong>rursus</strong></span> <span class='ocrx_word' id='word_1_610' title='bbox 1576 5292 1886 5347; x_wconf 85' lang='lat' dir='ltr'><strong>attrahere?</strong></span> <span class='ocrx_word' id='word_1_611' title='bbox 1926 5291 1999 5346; x_wconf 84' lang='lat' dir='ltr'><strong>lle</strong></span> 
     </span>
    </p>
   </div>
   <div class='ocr_carea' id='block_1_78' title="bbox 425 5373 2001 5452">
    <p class='ocr_par' dir='ltr' id='par_1_78' title="bbox 425 5373 2001 5452">
     <span class='ocr_line' id='line_1_78' title="bbox 425 5373 2001 5452; baseline 0.005 -24"><span class='ocrx_word' id='word_1_612' title='bbox 425 5373 515 5428; x_wconf 83' lang='lat' dir='ltr'><strong>his</strong></span> <span class='ocrx_word' id='word_1_613' title='bbox 536 5377 790 5433; x_wconf 85' lang='lat' dir='ltr'><strong>omnibus</strong></span> <span class='ocrx_word' id='word_1_614' title='bbox 813 5378 950 5433; x_wconf 90' lang='lat' dir='ltr'><strong>adeo</strong></span> <span class='ocrx_word' id='word_1_615' title='bbox 1001 5383 1128 5434; x_wconf 90' lang='lat' dir='ltr'><strong>licet</strong></span> <span class='ocrx_word' id='word_1_616' title='bbox 1181 5382 1510 5452; x_wconf 84' lang='lat' dir='ltr'><strong>intelligere,</strong></span> <span class='ocrx_word' id='word_1_617' title='bbox 1570 5384 1785 5437; x_wconf 86' lang='lat' dir='ltr'><strong>nihilin</strong></span> <span class='ocrx_word' id='word_1_618' title='bbox 1819 5398 2001 5437; x_wconf 89' lang='lat' dir='ltr'><strong>resur-</strong></span> 
     </span>
    </p>
   </div>
   <div class='ocr_carea' id='block_1_79' title="bbox 425 5468 1996 5545">
    <p class='ocr_par' dir='ltr' id='par_1_79' title="bbox 425 5468 1996 5545">
     <span class='ocr_line' id='line_1_79' title="bbox 425 5468 1996 5545; baseline 0.004 -24"><span class='ocrx_word' id='word_1_619' title='bbox 425 5468 692 5524; x_wconf 88' lang='lat' dir='ltr'><strong>rectionis</strong></span> <span class='ocrx_word' id='word_1_620' title='bbox 716 5470 1078 5539; x_wconf 80' lang='lat' dir='ltr'><strong>praedictione</strong></span> <span class='ocrx_word' id='word_1_621' title='bbox 1124 5476 1421 5536; x_wconf 88' lang='lat' dir='ltr'><strong>contineri,</strong></span> <span class='ocrx_word' id='word_1_622' title='bbox 1450 5474 1595 5544; x_wconf 72' lang='lat' dir='ltr'><strong>quod</strong></span> <span class='ocrx_word' id='word_1_623' title='bbox 1626 5473 1996 5545; x_wconf 84' lang='lat' dir='ltr'><strong>separandum</strong></span> 
     </span>
    </p>
   </div>
   <div class='ocr_carea' id='block_1_80' title="bbox 425 5556 2002 5639">
    <p class='ocr_par' dir='ltr' id='par_1_80' title="bbox 425 5556 2002 5639">
     <span class='ocr_line' id='line_1_80' title="bbox 425 5556 2002 5639; baseline 0.006 -26"><span class='ocrx_word' id='word_1_624' title='bbox 425 5556 497 5614; x_wconf 82' lang='lat' dir='ltr'><strong>iis</strong></span> <span class='ocrx_word' id='word_1_625' title='bbox 522 5574 556 5613; x_wconf 89' lang='lat' dir='ltr'><strong>a</strong></span> <span class='ocrx_word' id='word_1_626' title='bbox 591 5561 757 5616; x_wconf 88' lang='lat' dir='ltr'><strong>rebus</strong></span> <span class='ocrx_word' id='word_1_627' title='bbox 792 5563 884 5627; x_wconf 91' lang='lat' dir='ltr'><strong>sit,</strong></span> <span class='ocrx_word' id='word_1_628' title='bbox 912 5578 1051 5634; x_wconf 89' lang='lat' dir='ltr'><strong>quas</strong></span> <span class='ocrx_word' id='word_1_629' title='bbox 1083 5580 1171 5621; x_wconf 90' lang='lat' dir='ltr'><strong>res</strong></span> <span class='ocrx_word' id='word_1_630' title='bbox 1212 5581 1310 5635; x_wconf 90' lang='lat' dir='ltr'><strong>per</strong></span> <span class='ocrx_word' id='word_1_631' title='bbox 1359 5567 1758 5637; x_wconf 77' lang='lat' dir='ltr'><strong>experientiam</strong></span> <span class='ocrx_word' id='word_1_632' title='bbox 1807 5568 2002 5639; x_wconf 80' lang='lat' dir='ltr'><strong>cogni-</strong></span> 
     </span>
    </p>
   </div>
   <div class='ocr_carea' id='block_1_81' title="bbox 499 5740 1567 5816">
    <p class='ocr_par' dir='ltr' id='par_1_81' title="bbox 499 5740 1567 5816">
     <span class='ocr_line' id='line_1_81' title="bbox 499 5740 1567 5816; baseline 0.003 -20"><span class='ocrx_word' id='word_1_633' title='bbox 499 5742 553 5775; x_wconf 79' lang='lat'><strong>&quot;</strong></span> <span class='ocrx_word' id='word_1_634' title='bbox 584 5740 648 5796; x_wconf 72' lang='grc' dir='ltr'>ιγ</span> <span class='ocrx_word' id='word_1_635' title='bbox 682 5740 811 5815; x_wconf 76' lang='lat' dir='ltr'><strong>Reg.</strong></span> <span class='ocrx_word' id='word_1_636' title='bbox 838 5759 893 5809; x_wconf 78' lang='grc' dir='ltr'>ν,</span> <span class='ocrx_word' id='word_1_637' title='bbox 935 5745 955 5798; x_wconf 77' lang='grc'><strong>1</strong></span> <span class='ocrx_word' id='word_1_638' title='bbox 994 5761 1120 5816; x_wconf 62' lang='lat' dir='ltr'><strong>sin;</strong></span> <span class='ocrx_word' id='word_1_639' title='bbox 1224 5745 1352 5801; x_wconf 86' lang='lat' dir='ltr'><strong>Luc.</strong></span> <span class='ocrx_word' id='word_1_640' title='bbox 1384 5762 1455 5814; x_wconf 88' lang='lat' dir='ltr'><strong>tv,</strong></span> <span class='ocrx_word' id='word_1_641' title='bbox 1488 5746 1567 5800; x_wconf 76' lang='lat'><strong>9.7.</strong></span> 
     </span>
    </p>
   </div>
   <div class='ocr_carea' id='block_1_82' title="bbox 2097 2995 3675 3067">
    <p class='ocr_par' dir='ltr' id='par_1_82' title="bbox 2097 2995 3675 3067">
     <span class='ocr_line' id='line_1_82' title="bbox 2097 2995 3675 3067; baseline -0.001 -16"><span class='ocrx_word' id='word_1_642' title='bbox 2097 2999 2177 3061; x_wconf 82' lang='grc' dir='ltr'><strong>εἰς</strong></span> <span class='ocrx_word' id='word_1_643' title='bbox 2200 2997 2372 3051; x_wconf 83' lang='grc' dir='ltr'>λεπτὰ</span> <span class='ocrx_word' id='word_1_644' title='bbox 2401 2996 2821 3067; x_wconf 80' lang='grc' dir='ltr'>σφαιρωθεῖσαν,</span> <span class='ocrx_word' id='word_1_645' title='bbox 2849 2995 2992 3050; x_wconf 81' lang='grc' dir='ltr'>κατά</span> <span class='ocrx_word' id='word_1_646' title='bbox 3013 2996 3112 3067; x_wconf 83' lang='grc' dir='ltr'><strong>τὴν</strong></span> <span class='ocrx_word' id='word_1_647' title='bbox 3130 2998 3232 3067; x_wconf 84' lang='grc' dir='ltr'>γῆν</span> <span class='ocrx_word' id='word_1_648' title='bbox 3246 2996 3675 3061; x_wconf 74' lang='grc' dir='ltr'>διασκίδνασθαι,</span> 
     </span>
    </p>
   </div>
   <div class='ocr_carea' id='block_1_83' title="bbox 2097 3088 3677 3162">
    <p class='ocr_par' dir='ltr' id='par_1_83' title="bbox 2097 3088 3677 3162">
     <span class='ocr_line' id='line_1_83' title="bbox 2097 3088 3677 3162; baseline -0.001 -19"><span class='ocrx_word' id='word_1_649' title='bbox 2097 3090 2233 3162; x_wconf 84' lang='grc' dir='ltr'>πρὸς</span> <span class='ocrx_word' id='word_1_650' title='bbox 2284 3090 2438 3143; x_wconf 85' lang='grc' dir='ltr'>οὐδὲν</span> <span class='ocrx_word' id='word_1_651' title='bbox 2488 3090 2597 3143; x_wconf 82' lang='grc' dir='ltr'>τῶν</span> <span class='ocrx_word' id='word_1_652' title='bbox 2644 3090 3002 3160; x_wconf 79' lang='grc' dir='ltr'>ἐπιτυχόντων</span> <span class='ocrx_word' id='word_1_653' title='bbox 3051 3088 3481 3159; x_wconf 84' lang='grc' dir='ltr'>ὲμμιγνυμένην.</span> <span class='ocrx_word' id='word_1_654' title='bbox 3528 3088 3677 3141; x_wconf 79' lang='grc' dir='ltr'><strong>Εἰδέ</strong></span> 
     </span>
    </p>
   </div>
   <div class='ocr_carea' id='block_1_84' title="bbox 2094 3179 3680 3253">
    <p class='ocr_par' dir='ltr' id='par_1_84' title="bbox 2094 3179 3680 3253">
     <span class='ocr_line' id='line_1_84' title="bbox 2094 3179 3680 3253; baseline -0.001 -16"><span class='ocrx_word' id='word_1_655' title='bbox 2094 3201 2178 3248; x_wconf 90' lang='grc' dir='ltr'><strong>τις</strong></span> <span class='ocrx_word' id='word_1_656' title='bbox 2212 3184 2371 3237; x_wconf 89' lang='grc' dir='ltr'>πάλιν</span> <span class='ocrx_word' id='word_1_657' title='bbox 2397 3183 2457 3236; x_wconf 79' lang='grc' dir='ltr'><strong>τὸ</strong></span> <span class='ocrx_word' id='word_1_658' title='bbox 2491 3179 2727 3253; x_wconf 79' lang='grc' dir='ltr'>πολλαχῆ</span> <span class='ocrx_word' id='word_1_659' title='bbox 2750 3183 3199 3253; x_wconf 86' lang='grc' dir='ltr'>κατεσπαρμένον</span> <span class='ocrx_word' id='word_1_660' title='bbox 3221 3185 3301 3245; x_wconf 86' lang='grc' dir='ltr'><strong>εἰς</strong></span> <span class='ocrx_word' id='word_1_661' title='bbox 3335 3180 3393 3234; x_wconf 81' lang='grc' dir='ltr'>ἓν</span> <span class='ocrx_word' id='word_1_662' title='bbox 3427 3182 3680 3250; x_wconf 80' lang='grc' dir='ltr'>συναγεί-</span> 
     </span>
    </p>
   </div>
   <div class='ocr_carea' id='block_1_85' title="bbox 2100 3272 3679 3345">
    <p class='ocr_par' dir='ltr' id='par_1_85' title="bbox 2100 3272 3679 3345">
     <span class='ocr_line' id='line_1_85' title="bbox 2100 3272 3679 3345; baseline 0.001 -19"><span class='ocrx_word' id='word_1_663' title='bbox 2100 3290 2262 3345; x_wconf 91' lang='grc' dir='ltr'>ρειεν,</span> <span class='ocrx_word' id='word_1_664' title='bbox 2284 3273 2602 3344; x_wconf 76' lang='grc' dir='ltr'>αὐτομάτως</span> <span class='ocrx_word' id='word_1_665' title='bbox 2623 3272 2936 3344; x_wconf 83' lang='grc' dir='ltr'>άναχεῖσθαι</span> <span class='ocrx_word' id='word_1_666' title='bbox 2959 3273 3097 3344; x_wconf 82' lang='grc' dir='ltr'>πρὸς</span> <span class='ocrx_word' id='word_1_667' title='bbox 3113 3273 3175 3326; x_wconf 82' lang='grc' dir='ltr'><strong>τὸ</strong></span> <span class='ocrx_word' id='word_1_668' title='bbox 3195 3273 3481 3343; x_wconf 79' lang='grc' dir='ltr'><strong>ὁμόφυλον,</strong></span> <span class='ocrx_word' id='word_1_669' title='bbox 3497 3274 3679 3327; x_wconf 77' lang='grc' dir='ltr'>οὐδενὶ</span> 
     </span>
    </p>
   </div>
   <div class='ocr_carea' id='block_1_86' title="bbox 2101 3364 3683 3436">
    <p class='ocr_par' dir='ltr' id='par_1_86' title="bbox 2101 3364 3683 3436">
     <span class='ocr_line' id='line_1_86' title="bbox 2101 3364 3683 3436; baseline 0.001 -19"><span class='ocrx_word' id='word_1_670' title='bbox 2101 3365 2249 3435; x_wconf 82' lang='grc' dir='ltr'>μέσῳ</span> <span class='ocrx_word' id='word_1_671' title='bbox 2274 3365 2409 3434; x_wconf 82' lang='grc' dir='ltr'>πρὸς</span> <span class='ocrx_word' id='word_1_672' title='bbox 2430 3365 2527 3436; x_wconf 86' lang='grc' dir='ltr'><strong>τὴν</strong></span> <span class='ocrx_word' id='word_1_673' title='bbox 2559 3365 2764 3418; x_wconf 88' lang='grc' dir='ltr'>οἰκείαν</span> <span class='ocrx_word' id='word_1_674' title='bbox 2801 3365 2947 3436; x_wconf 80' lang='grc' dir='ltr'>μίξιν</span> <span class='ocrx_word' id='word_1_675' title='bbox 2977 3364 3375 3436; x_wconf 87' lang='grc' dir='ltr'>διειργομένην.</span> <span class='ocrx_word' id='word_1_676' title='bbox 3425 3365 3683 3419; x_wconf 78' lang='grc' dir='ltr'>Τοιοῦτόν</span> 
     </span>
    </p>
   </div>
   <div class='ocr_carea' id='block_1_87' title="bbox 2097 3455 3684 3530">
    <p class='ocr_par' dir='ltr' id='par_1_87' title="bbox 2097 3455 3684 3530">
     <span class='ocr_line' id='line_1_87' title="bbox 2097 3455 3684 3530; baseline 0.001 -20"><span class='ocrx_word' id='word_1_677' title='bbox 2097 3475 2150 3510; x_wconf 90' lang='grc' dir='ltr'><strong>τι</strong></span> <span class='ocrx_word' id='word_1_678' title='bbox 2177 3459 2373 3528; x_wconf 82' lang='grc' dir='ltr'>χρῆναι</span> <span class='ocrx_word' id='word_1_679' title='bbox 2404 3457 2606 3527; x_wconf 76' lang='grc' dir='ltr'>νομίζω</span> <span class='ocrx_word' id='word_1_680' title='bbox 2640 3457 2737 3511; x_wconf 71' lang='grc' dir='ltr'><strong>καὶ</strong></span> <span class='ocrx_word' id='word_1_681' title='bbox 2774 3458 2904 3530; x_wconf 75' lang='grc' dir='ltr'>περὶ</span> <span class='ocrx_word' id='word_1_682' title='bbox 2935 3455 2994 3510; x_wconf 83' lang='grc' dir='ltr'>τὸ</span> <span class='ocrx_word' id='word_1_683' title='bbox 3026 3456 3363 3528; x_wconf 85' lang='grc' dir='ltr'>ἀνθρώπινον</span> <span class='ocrx_word' id='word_1_684' title='bbox 3396 3457 3684 3527; x_wconf 78' lang='grc' dir='ltr'>σύγκριμα</span> 
     </span>
    </p>
   </div>
   <div class='ocr_carea' id='block_1_88' title="bbox 2096 3547 3689 3619">
    <p class='ocr_par' dir='ltr' id='par_1_88' title="bbox 2096 3547 3689 3619">
     <span class='ocr_line' id='line_1_88' title="bbox 2096 3547 3689 3619; baseline -0.001 -18"><span class='ocrx_word' id='word_1_685' title='bbox 2096 3548 2420 3603; x_wconf 88' lang='grc' dir='ltr'>διανοεῖσθαι</span> <span class='ocrx_word' id='word_1_686' title='bbox 2444 3566 2459 3580; x_wconf 74' lang='grc' dir='ltr'>ο</span> <span class='ocrx_word' id='word_1_687' title='bbox 2512 3552 2560 3602; x_wconf 90' lang='grc' dir='ltr'><strong>εἰ</strong></span> <span class='ocrx_word' id='word_1_688' title='bbox 2594 3550 2753 3619; x_wconf 88' lang='grc' dir='ltr'>μόνον</span> <span class='ocrx_word' id='word_1_689' title='bbox 2787 3548 2997 3617; x_wconf 86' lang='grc' dir='ltr'>γένοιτο</span> <span class='ocrx_word' id='word_1_690' title='bbox 3026 3548 3175 3619; x_wconf 82' lang='grc' dir='ltr'>παρὰ</span> <span class='ocrx_word' id='word_1_691' title='bbox 3214 3547 3305 3601; x_wconf 78' lang='grc' dir='ltr'>τοῦ</span> <span class='ocrx_word' id='word_1_692' title='bbox 3335 3548 3468 3601; x_wconf 79' lang='grc' dir='ltr'>Θεοῦ</span> <span class='ocrx_word' id='word_1_693' title='bbox 3499 3549 3561 3600; x_wconf 79' lang='grc' dir='ltr'>τὸ</span> <span class='ocrx_word' id='word_1_694' title='bbox 3595 3551 3689 3602; x_wconf 77' lang='grc' dir='ltr'><strong>ὲν-</strong></span> 
     </span>
    </p>
   </div>
   <div class='ocr_carea' id='block_1_89' title="bbox 2098 3639 3687 3712">
    <p class='ocr_par' dir='ltr' id='par_1_89' title="bbox 2098 3639 3687 3712">
     <span class='ocr_line' id='line_1_89' title="bbox 2098 3639 3687 3712; baseline -0.002 -18"><span class='ocrx_word' id='word_1_695' title='bbox 2098 3641 2337 3711; x_wconf 87' lang='grc' dir='ltr'>δόσιμον,</span> <span class='ocrx_word' id='word_1_696' title='bbox 2365 3642 2685 3712; x_wconf 78' lang='grc' dir='ltr'>αὐτομάτως</span> <span class='ocrx_word' id='word_1_697' title='bbox 2713 3641 2780 3694; x_wconf 72' lang='grc' dir='ltr'>τὰ</span> <span class='ocrx_word' id='word_1_698' title='bbox 2809 3639 3120 3711; x_wconf 78' lang='grc' dir='ltr'>κατάλληλα</span> <span class='ocrx_word' id='word_1_699' title='bbox 3148 3640 3288 3712; x_wconf 84' lang='grc' dir='ltr'>μέρη</span> <span class='ocrx_word' id='word_1_700' title='bbox 3314 3643 3425 3703; x_wconf 81' lang='grc' dir='ltr'>τοῖς</span> <span class='ocrx_word' id='word_1_701' title='bbox 3456 3641 3687 3704; x_wconf 77' lang='grc' dir='ltr'>οἰκείοις</span> 
     </span>
    </p>
   </div>
   <div class='ocr_carea' id='block_1_90' title="bbox 2099 3730 3689 3808">
    <p class='ocr_par' dir='ltr' id='par_1_90' title="bbox 2099 3730 3689 3808">
     <span class='ocr_line' id='line_1_90' title="bbox 2099 3730 3689 3808; baseline -0.002 -21"><span class='ocrx_word' id='word_1_702' title='bbox 2099 3735 2594 3808; x_wconf 78' lang='grc' dir='ltr'>ὲπανακίρνασθαι,</span> <span class='ocrx_word' id='word_1_703' title='bbox 2657 3734 2927 3805; x_wconf 80' lang='grc' dir='ltr'>μηδεμιᾶς</span> <span class='ocrx_word' id='word_1_704' title='bbox 2975 3732 3240 3803; x_wconf 83' lang='grc' dir='ltr'>ὲργωδίας</span> <span class='ocrx_word' id='word_1_705' title='bbox 3286 3730 3366 3801; x_wconf 83' lang='grc' dir='ltr'>τῷ</span> <span class='ocrx_word' id='word_1_706' title='bbox 3427 3732 3689 3785; x_wconf 84' lang='grc' dir='ltr'>άναστοι-</span> 
     </span>
    </p>
   </div>
   <div class='ocr_carea' id='block_1_91' title="bbox 2100 3822 3687 3899">
    <p class='ocr_par' dir='ltr' id='par_1_91' title="bbox 2100 3822 3687 3899">
     <span class='ocr_line' id='line_1_91' title="bbox 2100 3822 3687 3899; baseline -0.002 -20"><span class='ocrx_word' id='word_1_707' title='bbox 2100 3825 2332 3898; x_wconf 83' lang='grc' dir='ltr'>χειοῦντι</span> <span class='ocrx_word' id='word_1_708' title='bbox 2362 3828 2461 3899; x_wconf 88' lang='grc' dir='ltr'><strong>τὴν</strong></span> <span class='ocrx_word' id='word_1_709' title='bbox 2495 3826 2654 3896; x_wconf 84' lang='grc' dir='ltr'>φύσιν</span> <span class='ocrx_word' id='word_1_710' title='bbox 2680 3826 2769 3881; x_wconf 83' lang='grc' dir='ltr'><strong>διά</strong></span> <span class='ocrx_word' id='word_1_711' title='bbox 2799 3826 3003 3879; x_wconf 81' lang='grc' dir='ltr'>τούτων</span> <span class='ocrx_word' id='word_1_712' title='bbox 3033 3824 3407 3894; x_wconf 78' lang='grc' dir='ltr'>ἐγγινομένης.</span> <span class='ocrx_word' id='word_1_713' title='bbox 3430 3824 3539 3876; x_wconf 79' lang='grc' dir='ltr'>Καὶ</span> <span class='ocrx_word' id='word_1_714' title='bbox 3567 3822 3687 3895; x_wconf 84' lang='grc' dir='ltr'><strong>γάρ</strong></span> 
     </span>
    </p>
   </div>
   <div class='ocr_carea' id='block_1_92' title="bbox 2100 3913 3687 3991">
    <p class='ocr_par' dir='ltr' id='par_1_92' title="bbox 2100 3913 3687 3991">
     <span class='ocr_line' id='line_1_92' title="bbox 2100 3913 3687 3991; baseline -0.003 -20"><span class='ocrx_word' id='word_1_715' title='bbox 2100 3920 2194 3973; x_wconf 75' lang='grc' dir='ltr'><strong>ἐπὶ</strong></span> <span class='ocrx_word' id='word_1_716' title='bbox 2224 3919 2332 3972; x_wconf 84' lang='grc' dir='ltr'>τῶν</span> <span class='ocrx_word' id='word_1_717' title='bbox 2365 3922 2425 3972; x_wconf 85' lang='grc' dir='ltr'><strong>ὲν</strong></span> <span class='ocrx_word' id='word_1_718' title='bbox 2473 3922 2539 3991; x_wconf 80' lang='grc' dir='ltr'>τῇ</span> <span class='ocrx_word' id='word_1_719' title='bbox 2572 3921 2643 3989; x_wconf 82' lang='grc' dir='ltr'>γῇ</span> <span class='ocrx_word' id='word_1_720' title='bbox 2678 3917 2985 3988; x_wconf 80' lang='grc' dir='ltr'>φυομένων,</span> <span class='ocrx_word' id='word_1_721' title='bbox 3027 3916 3217 3969; x_wconf 79' lang='grc' dir='ltr'>οὐδένα</span> <span class='ocrx_word' id='word_1_722' title='bbox 3259 3914 3418 3968; x_wconf 82' lang='grc' dir='ltr'>πόνον</span> <span class='ocrx_word' id='word_1_723' title='bbox 3460 3913 3687 3984; x_wconf 85' lang='grc' dir='ltr'>ὁρῶμεν</span> 
     </span>
    </p>
   </div>
   <div class='ocr_carea' id='block_1_93' title="bbox 2100 4006 3688 4081">
    <p class='ocr_par' dir='ltr' id='par_1_93' title="bbox 2100 4006 3688 4081">
     <span class='ocr_line' id='line_1_93' title="bbox 2100 4006 3688 4081; baseline -0.003 -16"><span class='ocrx_word' id='word_1_724' title='bbox 2100 4013 2198 4081; x_wconf 79' lang='grc' dir='ltr'>τῆς</span> <span class='ocrx_word' id='word_1_725' title='bbox 2227 4011 2441 4081; x_wconf 81' lang='grc' dir='ltr'>φύσεως</span> <span class='ocrx_word' id='word_1_726' title='bbox 2470 4012 2562 4065; x_wconf 74' lang='grc' dir='ltr'>ἐπὶ</span> <span class='ocrx_word' id='word_1_727' title='bbox 2594 4012 2686 4064; x_wconf 81' lang='grc' dir='ltr'><strong>τὸν</strong></span> <span class='ocrx_word' id='word_1_728' title='bbox 2714 4011 2904 4081; x_wconf 81' lang='grc' dir='ltr'>πυρὸν,</span> <span class='ocrx_word' id='word_1_729' title='bbox 2930 4010 2964 4081; x_wconf 77' lang='grc' dir='ltr'>ἢ</span> <span class='ocrx_word' id='word_1_730' title='bbox 2997 4008 3096 4079; x_wconf 83' lang='grc' dir='ltr'>τὴν</span> <span class='ocrx_word' id='word_1_731' title='bbox 3126 4008 3378 4078; x_wconf 83' lang='grc' dir='ltr'>κέγχρον,</span> <span class='ocrx_word' id='word_1_732' title='bbox 3408 4007 3441 4078; x_wconf 78' lang='grc' dir='ltr'>ἢ</span> <span class='ocrx_word' id='word_1_733' title='bbox 3477 4006 3607 4060; x_wconf 75' lang='grc' dir='ltr'>ἄλλο</span> <span class='ocrx_word' id='word_1_734' title='bbox 3628 4024 3688 4060; x_wconf 87' lang='grc' dir='ltr'><strong>τι</strong></span> 
     </span>
    </p>
   </div>
   <div class='ocr_carea' id='block_1_94' title="bbox 2101 4099 3687 4175">
    <p class='ocr_par' dir='ltr' id='par_1_94' title="bbox 2101 4099 3687 4175">
     <span class='ocr_line' id='line_1_94' title="bbox 2101 4099 3687 4175; baseline -0.004 -18"><span class='ocrx_word' id='word_1_735' title='bbox 2101 4104 2208 4157; x_wconf 85' lang='grc' dir='ltr'><strong>τῶν</strong></span> <span class='ocrx_word' id='word_1_736' title='bbox 2260 4104 2496 4174; x_wconf 84' lang='grc' dir='ltr'>σιτηρῶν</span> <span class='ocrx_word' id='word_1_737' title='bbox 2528 4105 2561 4174; x_wconf 83' lang='grc' dir='ltr'>ἢ</span> <span class='ocrx_word' id='word_1_738' title='bbox 2608 4103 2885 4175; x_wconf 81' lang='grc' dir='ltr'>χεδροπῶν</span> <span class='ocrx_word' id='word_1_739' title='bbox 2928 4103 3274 4173; x_wconf 87' lang='grc' dir='ltr'>σπερμάτων,</span> <span class='ocrx_word' id='word_1_740' title='bbox 3308 4102 3366 4152; x_wconf 83' lang='grc' dir='ltr'>ὲν</span> <span class='ocrx_word' id='word_1_741' title='bbox 3399 4099 3476 4169; x_wconf 84' lang='grc' dir='ltr'>τῷ</span> <span class='ocrx_word' id='word_1_742' title='bbox 3505 4116 3687 4168; x_wconf 87' lang='grc' dir='ltr'>μετα-</span> 
     </span>
    </p>
   </div>
   <div class='ocr_carea' id='block_1_95' title="bbox 2104 4192 3685 4265">
    <p class='ocr_par' dir='ltr' id='par_1_95' title="bbox 2104 4192 3685 4265">
     <span class='ocr_line' id='line_1_95' title="bbox 2104 4192 3685 4265; baseline -0.003 -15"><span class='ocrx_word' id='word_1_743' title='bbox 2104 4196 2317 4251; x_wconf 76' lang='grc' dir='ltr'>ϐάλλειν</span> <span class='ocrx_word' id='word_1_744' title='bbox 2366 4198 2446 4259; x_wconf 86' lang='grc' dir='ltr'><strong>εἰς</strong></span> <span class='ocrx_word' id='word_1_745' title='bbox 2484 4196 2736 4265; x_wconf 85' lang='grc' dir='ltr'>καλάμην</span> <span class='ocrx_word' id='word_1_746' title='bbox 2788 4195 2882 4248; x_wconf 75' lang='grc' dir='ltr'>καὶ</span> <span class='ocrx_word' id='word_1_747' title='bbox 2931 4194 3189 4264; x_wconf 77' lang='grc' dir='ltr'>ἁθέρικας</span> <span class='ocrx_word' id='word_1_748' title='bbox 3239 4193 3333 4246; x_wconf 79' lang='grc' dir='ltr'>καὶ</span> <span class='ocrx_word' id='word_1_749' title='bbox 3378 4192 3685 4261; x_wconf 81' lang='grc' dir='ltr'>ἀστάχυας.</span> 
     </span>
    </p>
   </div>
   <div class='ocr_carea' id='block_1_96' title="bbox 2120 4284 3690 4360">
    <p class='ocr_par' dir='ltr' id='par_1_96' title="bbox 2120 4284 3690 4360">
     <span class='ocr_line' id='line_1_96' title="bbox 2120 4284 3690 4360; baseline -0.004 -19"><span class='ocrx_word' id='word_1_750' title='bbox 2120 4288 2619 4360; x_wconf 83' lang='grc' dir='ltr'>Ἀπραγματεύτως</span> <span class='ocrx_word' id='word_1_751' title='bbox 2657 4287 2765 4357; x_wconf 89' lang='grc' dir='ltr'><strong>γὰρ</strong></span> <span class='ocrx_word' id='word_1_752' title='bbox 2802 4285 2943 4340; x_wconf 82' lang='grc' dir='ltr'>κατὰ</span> <span class='ocrx_word' id='word_1_753' title='bbox 2981 4286 3042 4338; x_wconf 88' lang='grc' dir='ltr'><strong>τὸ</strong></span> <span class='ocrx_word' id='word_1_754' title='bbox 3072 4284 3373 4354; x_wconf 84' lang='grc' dir='ltr'>αὐτόματον</span> <span class='ocrx_word' id='word_1_755' title='bbox 3411 4286 3443 4353; x_wconf 79' lang='grc' dir='ltr'>ἡ</span> <span class='ocrx_word' id='word_1_756' title='bbox 3474 4284 3690 4336; x_wconf 86' lang='grc' dir='ltr'>κατάλ-</span> 
     </span>
    </p>
   </div>
   <div class='ocr_carea' id='block_1_97' title="bbox 2104 4375 3688 4451">
    <p class='ocr_par' dir='ltr' id='par_1_97' title="bbox 2104 4375 3688 4451">
     <span class='ocr_line' id='line_1_97' title="bbox 2104 4375 3688 4451; baseline -0.002 -19"><span class='ocrx_word' id='word_1_757' title='bbox 2104 4380 2262 4451; x_wconf 86' lang='grc' dir='ltr'>ληλος</span> <span class='ocrx_word' id='word_1_758' title='bbox 2302 4379 2475 4451; x_wconf 82' lang='grc' dir='ltr'>τροφὴ</span> <span class='ocrx_word' id='word_1_759' title='bbox 2516 4381 2581 4431; x_wconf 83' lang='grc' dir='ltr'>ὲκ</span> <span class='ocrx_word' id='word_1_760' title='bbox 2622 4378 2716 4431; x_wconf 82' lang='grc' dir='ltr'><strong>τοῦ</strong></span> <span class='ocrx_word' id='word_1_761' title='bbox 2750 4377 2930 4431; x_wconf 80' lang='grc' dir='ltr'>κοινοῦ</span> <span class='ocrx_word' id='word_1_762' title='bbox 2982 4376 3117 4449; x_wconf 85' lang='grc' dir='ltr'>πρὸς</span> <span class='ocrx_word' id='word_1_763' title='bbox 3157 4376 3255 4447; x_wconf 74' lang='grc' dir='ltr'>τὴν</span> <span class='ocrx_word' id='word_1_764' title='bbox 3307 4375 3532 4429; x_wconf 74' lang='grc' dir='ltr'>ἑκάστου</span> <span class='ocrx_word' id='word_1_765' title='bbox 3571 4376 3688 4429; x_wconf 72' lang='grc' dir='ltr'><strong>τῶν</strong></span> 
     </span>
    </p>
   </div>
   <div class='ocr_carea' id='block_1_98' title="bbox 2107 4464 3688 4542">
    <p class='ocr_par' dir='ltr' id='par_1_98' title="bbox 2107 4464 3688 4542">
     <span class='ocr_line' id='line_1_98' title="bbox 2107 4464 3688 4542; baseline -0.001 -19"><span class='ocrx_word' id='word_1_766' title='bbox 2107 4472 2435 4542; x_wconf 82' lang='grc' dir='ltr'>σπερμάτων</span> <span class='ocrx_word' id='word_1_767' title='bbox 2472 4470 2709 4540; x_wconf 86' lang='grc' dir='ltr'>ἰδιότητα</span> <span class='ocrx_word' id='word_1_768' title='bbox 2739 4469 3071 4539; x_wconf 77' lang='grc' dir='ltr'>μεταϐαίνει.</span> <span class='ocrx_word' id='word_1_769' title='bbox 3106 4469 3169 4521; x_wconf 89' lang='grc' dir='ltr'>Εἰ</span> <span class='ocrx_word' id='word_1_770' title='bbox 3202 4464 3295 4521; x_wconf 76' lang='grc' dir='ltr'><strong>οὖν</strong></span> <span class='ocrx_word' id='word_1_771' title='bbox 3328 4467 3511 4537; x_wconf 84' lang='grc' dir='ltr'>κοινῆς</span> <span class='ocrx_word' id='word_1_772' title='bbox 3541 4470 3688 4521; x_wconf 81' lang='grc' dir='ltr'>πᾶσι</span> 
     </span>
    </p>
   </div>
   <div class='ocr_carea' id='block_1_99' title="bbox 2105 4561 3689 4633">
    <p class='ocr_par' dir='ltr' id='par_1_99' title="bbox 2105 4561 3689 4633">
     <span class='ocr_line' id='line_1_99' title="bbox 2105 4561 3689 4633; baseline -0.001 -18"><span class='ocrx_word' id='word_1_773' title='bbox 2105 4565 2215 4626; x_wconf 88' lang='grc' dir='ltr'>τοῖς</span> <span class='ocrx_word' id='word_1_774' title='bbox 2272 4561 2558 4633; x_wconf 84' lang='grc' dir='ltr'>φυομένοις</span> <span class='ocrx_word' id='word_1_775' title='bbox 2602 4563 2701 4631; x_wconf 84' lang='grc' dir='ltr'>τῆς</span> <span class='ocrx_word' id='word_1_776' title='bbox 2755 4561 2977 4631; x_wconf 86' lang='grc' dir='ltr'>ἰκμάδος</span> <span class='ocrx_word' id='word_1_777' title='bbox 3022 4562 3416 4631; x_wconf 70' lang='grc' dir='ltr'>ὑποκειμένης,</span> <span class='ocrx_word' id='word_1_778' title='bbox 3451 4561 3689 4614; x_wconf 73' lang='grc' dir='ltr'>ἕκαστον</span> 
     </span>
    </p>
   </div>
   <div class='ocr_carea' id='block_1_100' title="bbox 2105 4652 3690 4724">
    <p class='ocr_par' dir='ltr' id='par_1_100' title="bbox 2105 4652 3690 4724">
     <span class='ocr_line' id='line_1_100' title="bbox 2105 4652 3690 4724; baseline 0 -17"><span class='ocrx_word' id='word_1_779' title='bbox 2105 4655 2211 4707; x_wconf 83' lang='grc' dir='ltr'><strong>τῶν</strong></span> <span class='ocrx_word' id='word_1_780' title='bbox 2242 4654 2307 4707; x_wconf 84' lang='grc' dir='ltr'>δι’</span> <span class='ocrx_word' id='word_1_781' title='bbox 2356 4654 2527 4722; x_wconf 79' lang='grc' dir='ltr'>αὐτῆς</span> <span class='ocrx_word' id='word_1_782' title='bbox 2572 4654 2917 4724; x_wconf 79' lang='grc' dir='ltr'>τρεφομένων</span> <span class='ocrx_word' id='word_1_783' title='bbox 2962 4653 3022 4705; x_wconf 79' lang='grc' dir='ltr'>τὸ</span> <span class='ocrx_word' id='word_1_784' title='bbox 3055 4653 3386 4724; x_wconf 84' lang='grc' dir='ltr'>κατάλληλον</span> <span class='ocrx_word' id='word_1_785' title='bbox 3444 4652 3690 4707; x_wconf 82' lang='grc' dir='ltr'>ἔσπασεν</span> 
     </span>
    </p>
   </div>
   <div class='ocr_carea' id='block_1_101' title="bbox 2104 4745 3691 4817">
    <p class='ocr_par' dir='ltr' id='par_1_101' title="bbox 2104 4745 3691 4817">
     <span class='ocr_line' id='line_1_101' title="bbox 2104 4745 3691 4817; baseline -0.001 -19"><span class='ocrx_word' id='word_1_786' title='bbox 2104 4749 2182 4809; x_wconf 88' lang='grc' dir='ltr'><strong>εἰς</strong></span> <span class='ocrx_word' id='word_1_787' title='bbox 2204 4747 2301 4817; x_wconf 84' lang='grc' dir='ltr'><strong>τὴν</strong></span> <span class='ocrx_word' id='word_1_788' title='bbox 2331 4747 2423 4799; x_wconf 81' lang='grc' dir='ltr'><strong>τοῦ</strong></span> <span class='ocrx_word' id='word_1_789' title='bbox 2456 4746 2655 4799; x_wconf 77' lang='grc' dir='ltr'>οἰκείου</span> <span class='ocrx_word' id='word_1_790' title='bbox 2690 4745 3004 4816; x_wconf 80' lang='grc' dir='ltr'>προσθήκην</span> <span class='ocrx_word' id='word_1_791' title='bbox 3024 4761 3036 4774; x_wconf 88' lang='grc'><strong>·</strong></span> <span class='ocrx_word' id='word_1_792' title='bbox 3086 4746 3138 4796; x_wconf 90' lang='grc' dir='ltr'><strong>τί</strong></span> <span class='ocrx_word' id='word_1_793' title='bbox 3166 4745 3374 4807; x_wconf 74' lang='grc' dir='ltr'>καινὸν,</span> <span class='ocrx_word' id='word_1_794' title='bbox 3421 4748 3470 4798; x_wconf 92' lang='grc' dir='ltr'><strong>εί</strong></span> <span class='ocrx_word' id='word_1_795' title='bbox 3500 4745 3599 4798; x_wconf 81' lang='grc' dir='ltr'><strong>καὶ</strong></span> <span class='ocrx_word' id='word_1_796' title='bbox 3625 4747 3691 4798; x_wconf 77' lang='grc' dir='ltr'><strong>ὲν</strong></span> 
     </span>
    </p>
   </div>
   <div class='ocr_carea' id='block_1_102' title="bbox 2102 4834 3691 4906">
    <p class='ocr_par' dir='ltr' id='par_1_102' title="bbox 2102 4834 3691 4906">
     <span class='ocr_line' id='line_1_102' title="bbox 2102 4834 3691 4906; baseline -0.002 -17"><span class='ocrx_word' id='word_1_797' title='bbox 2102 4835 2180 4905; x_wconf 85' lang='grc' dir='ltr'><strong>τῷ</strong></span> <span class='ocrx_word' id='word_1_798' title='bbox 2203 4836 2299 4906; x_wconf 83' lang='grc' dir='ltr'>τῆς</span> <span class='ocrx_word' id='word_1_799' title='bbox 2345 4834 2690 4897; x_wconf 86' lang='grc' dir='ltr'>ἀναστάσεως</span> <span class='ocrx_word' id='word_1_800' title='bbox 2721 4834 2860 4904; x_wconf 84' lang='grc' dir='ltr'>λόγῳ</span> <span class='ocrx_word' id='word_1_801' title='bbox 2894 4835 3022 4904; x_wconf 86' lang='grc' dir='ltr'>παρ’</span> <span class='ocrx_word' id='word_1_802' title='bbox 3057 4834 3286 4887; x_wconf 81' lang='grc' dir='ltr'>ἑκάστου</span> <span class='ocrx_word' id='word_1_803' title='bbox 3327 4835 3435 4886; x_wconf 84' lang='grc' dir='ltr'>τῶν</span> <span class='ocrx_word' id='word_1_804' title='bbox 3461 4835 3691 4887; x_wconf 83' lang='grc' dir='ltr'>ἀνιστα-</span> 
     </span>
    </p>
   </div>
   <div class='ocr_carea' id='block_1_103' title="bbox 2107 4925 3689 4999">
    <p class='ocr_par' dir='ltr' id='par_1_103' title="bbox 2107 4925 3689 4999">
     <span class='ocr_line' id='line_1_103' title="bbox 2107 4925 3689 4999; baseline -0.001 -18"><span class='ocrx_word' id='word_1_805' title='bbox 2107 4928 2301 4999; x_wconf 90' lang='grc' dir='ltr'>μένων,</span> <span class='ocrx_word' id='word_1_806' title='bbox 2331 4927 2511 4990; x_wconf 85' lang='grc' dir='ltr'>καθὼς</span> <span class='ocrx_word' id='word_1_807' title='bbox 2542 4928 2633 4979; x_wconf 75' lang='grc' dir='ltr'>ἐπὶ</span> <span class='ocrx_word' id='word_1_808' title='bbox 2667 4925 2774 4978; x_wconf 83' lang='grc' dir='ltr'>τῶν</span> <span class='ocrx_word' id='word_1_809' title='bbox 2804 4928 3155 4997; x_wconf 88' lang='grc' dir='ltr'>σπερμάτων,</span> <span class='ocrx_word' id='word_1_810' title='bbox 3193 4926 3479 4997; x_wconf 78' lang='grc' dir='ltr'>συμϐαίνει</span> <span class='ocrx_word' id='word_1_811' title='bbox 3508 4925 3689 4991; x_wconf 80' lang='grc' dir='ltr'>οὓτως</span> 
     </span>
    </p>
   </div>
   <div class='ocr_carea' id='block_1_104' title="bbox 2104 5006 3693 5087">
    <p class='ocr_par' dir='ltr' id='par_1_104' title="bbox 2104 5006 3693 5087">
     <span class='ocr_line' id='line_1_104' title="bbox 2104 5006 3693 5087; baseline 0.001 -18"><span class='ocrx_word' id='word_1_812' title='bbox 2104 5016 2347 5084; x_wconf 90' lang='grc' dir='ltr'>γίνεσθαι</span> <span class='ocrx_word' id='word_1_813' title='bbox 2381 5018 2479 5087; x_wconf 83' lang='grc' dir='ltr'>τὴν</span> <span class='ocrx_word' id='word_1_814' title='bbox 2520 5016 2613 5069; x_wconf 77' lang='grc' dir='ltr'><strong>τοῦ</strong></span> <span class='ocrx_word' id='word_1_815' title='bbox 2643 5016 2841 5069; x_wconf 90' lang='grc' dir='ltr'>οἰκείου</span> <span class='ocrx_word' id='word_1_816' title='bbox 2883 5006 3083 5086; x_wconf 45' lang='lat' dir='ltr'><strong>cxiii»);</strong></span> <span class='ocrx_word' id='word_1_817' title='bbox 3141 5017 3299 5069; x_wconf 81' lang='grc' dir='ltr'>Ὥστε</span> <span class='ocrx_word' id='word_1_818' title='bbox 3331 5017 3389 5081; x_wconf 76' lang='grc' dir='ltr'><strong>ἐξ</strong></span> <span class='ocrx_word' id='word_1_819' title='bbox 3424 5018 3693 5071; x_wconf 82' lang='grc' dir='ltr'>ἁπάντων</span> 
     </span>
    </p>
   </div>
   <div class='ocr_carea' id='block_1_105' title="bbox 2104 5103 3694 5182">
    <p class='ocr_par' dir='ltr' id='par_1_105' title="bbox 2104 5103 3694 5182">
     <span class='ocr_line' id='line_1_105' title="bbox 2104 5103 3694 5182; baseline 0.001 -21"><span class='ocrx_word' id='word_1_820' title='bbox 2104 5109 2328 5162; x_wconf 86' lang='grc' dir='ltr'>δυνατὸν</span> <span class='ocrx_word' id='word_1_821' title='bbox 2356 5103 2495 5161; x_wconf 77' lang='grc' dir='ltr'>εἶναι</span> <span class='ocrx_word' id='word_1_822' title='bbox 2524 5108 2732 5178; x_wconf 84' lang='grc' dir='ltr'>μαθεῖν,</span> <span class='ocrx_word' id='word_1_823' title='bbox 2754 5108 2921 5178; x_wconf 83' lang='grc' dir='ltr'>μηδὲν</span> <span class='ocrx_word' id='word_1_824' title='bbox 2948 5107 3051 5172; x_wconf 75' lang='grc' dir='ltr'>ἔξω</span> <span class='ocrx_word' id='word_1_825' title='bbox 3078 5108 3185 5162; x_wconf 84' lang='grc' dir='ltr'>τῶν</span> <span class='ocrx_word' id='word_1_826' title='bbox 3209 5112 3275 5179; x_wconf 81' lang='grc' dir='ltr'>τῇ</span> <span class='ocrx_word' id='word_1_827' title='bbox 3296 5110 3463 5179; x_wconf 70' lang='grc' dir='ltr'>πείρᾳ</span> <span class='ocrx_word' id='word_1_828' title='bbox 3484 5125 3694 5182; x_wconf 84' lang='grc' dir='ltr'>γνωρι-</span> 
     </span>
    </p>
   </div>
   <div class='ocr_carea' id='block_1_106' title="bbox 2106 5196 3692 5269">
    <p class='ocr_par' dir='ltr' id='par_1_106' title="bbox 2106 5196 3692 5269">
     <span class='ocr_line' id='line_1_106' title="bbox 2106 5196 3692 5269; baseline 0 -20"><span class='ocrx_word' id='word_1_829' title='bbox 2106 5196 2345 5267; x_wconf 82' lang='grc' dir='ltr'>ζομένων</span> <span class='ocrx_word' id='word_1_830' title='bbox 2373 5197 2434 5250; x_wconf 80' lang='grc' dir='ltr'><strong>τὸ</strong></span> <span class='ocrx_word' id='word_1_831' title='bbox 2463 5199 2722 5268; x_wconf 87' lang='grc' dir='ltr'>κήρυγμα</span> <span class='ocrx_word' id='word_1_832' title='bbox 2747 5198 3020 5269; x_wconf 85' lang='grc' dir='ltr'>περιέχειν</span> <span class='ocrx_word' id='word_1_833' title='bbox 3044 5198 3141 5268; x_wconf 84' lang='grc' dir='ltr'>τῆς</span> <span class='ocrx_word' id='word_1_834' title='bbox 3169 5198 3692 5261; x_wconf 83' lang='grc' dir='ltr'>ἁναστάσεως.Καί-</span> 
     </span>
    </p>
   </div>
   <div class='ocr_carea' id='block_1_107' title="bbox 2106 5288 3687 5360">
    <p class='ocr_par' dir='ltr' id='par_1_107' title="bbox 2106 5288 3687 5360">
     <span class='ocr_line' id='line_1_107' title="bbox 2106 5288 3687 5360; baseline 0 -20"><span class='ocrx_word' id='word_1_835' title='bbox 2106 5304 2250 5355; x_wconf 89' lang='grc' dir='ltr'>τοιγε</span> <span class='ocrx_word' id='word_1_836' title='bbox 2279 5288 2339 5341; x_wconf 84' lang='grc' dir='ltr'><strong>τὸ</strong></span> <span class='ocrx_word' id='word_1_837' title='bbox 2364 5288 2783 5359; x_wconf 85' lang='grc' dir='ltr'>γνωριμώτατον</span> <span class='ocrx_word' id='word_1_838' title='bbox 2818 5288 2926 5341; x_wconf 82' lang='grc' dir='ltr'>τῶν</span> <span class='ocrx_word' id='word_1_839' title='bbox 2956 5289 3237 5360; x_wconf 79' lang='grc' dir='ltr'>ἡμετέρων</span> <span class='ocrx_word' id='word_1_840' title='bbox 3269 5290 3687 5359; x_wconf 82' lang='grc' dir='ltr'>ὲσιωπήσαμεν,</span> 
     </span>
    </p>
   </div>
   <div class='ocr_carea' id='block_1_108' title="bbox 2107 5379 3687 5452">
    <p class='ocr_par' dir='ltr' id='par_1_108' title="bbox 2107 5379 3687 5452">
     <span class='ocr_line' id='line_1_108' title="bbox 2107 5379 3687 5452; baseline 0.001 -21"><span class='ocrx_word' id='word_1_841' title='bbox 2107 5380 2273 5450; x_wconf 81' lang='grc' dir='ltr'>αὐτὴν</span> <span class='ocrx_word' id='word_1_842' title='bbox 2300 5380 2443 5449; x_wconf 90' lang='grc' dir='ltr'>λέγω</span> <span class='ocrx_word' id='word_1_843' title='bbox 2465 5380 2563 5451; x_wconf 80' lang='grc' dir='ltr'>τὴν</span> <span class='ocrx_word' id='word_1_844' title='bbox 2603 5379 2824 5451; x_wconf 85' lang='grc' dir='ltr'>πρώτην</span> <span class='ocrx_word' id='word_1_845' title='bbox 2856 5381 2954 5450; x_wconf 82' lang='grc' dir='ltr'>τῆς</span> <span class='ocrx_word' id='word_1_846' title='bbox 2983 5381 3291 5444; x_wconf 86' lang='grc' dir='ltr'>συστάσεως</span> <span class='ocrx_word' id='word_1_847' title='bbox 3318 5379 3475 5450; x_wconf 80' lang='grc' dir='ltr'>ἡμῶν</span> <span class='ocrx_word' id='word_1_848' title='bbox 3505 5381 3687 5452; x_wconf 81' lang='grc' dir='ltr'>ἀφορ-</span> 
     </span>
    </p>
   </div>
   <div class='ocr_carea' id='block_1_109' title="bbox 2111 5469 3690 5545">
    <p class='ocr_par' dir='ltr' id='par_1_109' title="bbox 2111 5469 3690 5545">
     <span class='ocr_line' id='line_1_109' title="bbox 2111 5469 3690 5545; baseline 0.001 -22"><span class='ocrx_word' id='word_1_849' title='bbox 2111 5475 2237 5543; x_wconf 84' lang='grc' dir='ltr'><strong>μήν.</strong></span> <span class='ocrx_word' id='word_1_850' title='bbox 2265 5474 2359 5536; x_wconf 89' lang='grc' dir='ltr'><strong>Τίς</strong></span> <span class='ocrx_word' id='word_1_851' title='bbox 2382 5473 2488 5545; x_wconf 84' lang='grc' dir='ltr'>γὰρ</span> <span class='ocrx_word' id='word_1_852' title='bbox 2511 5474 2611 5526; x_wconf 86' lang='grc' dir='ltr'><strong>οὐκ</strong></span> <span class='ocrx_word' id='word_1_853' title='bbox 2631 5469 2737 5525; x_wconf 82' lang='grc' dir='ltr'>οἶδε</span> <span class='ocrx_word' id='word_1_854' title='bbox 2755 5472 2853 5542; x_wconf 76' lang='grc' dir='ltr'>τὴν</span> <span class='ocrx_word' id='word_1_855' title='bbox 2878 5473 3301 5544; x_wconf 86' lang='grc' dir='ltr'>θαυματοποιίαν</span> <span class='ocrx_word' id='word_1_856' title='bbox 3321 5473 3419 5541; x_wconf 84' lang='grc' dir='ltr'>τῆς</span> <span class='ocrx_word' id='word_1_857' title='bbox 3446 5472 3690 5540; x_wconf 78' lang='grc' dir='ltr'>φύσεως,</span> 
     </span>
    </p>
   </div>
   <div class='ocr_carea' id='block_1_110' title="bbox 2108 5563 3693 5638">
    <p class='ocr_par' dir='ltr' id='par_1_110' title="bbox 2108 5563 3693 5638">
     <span class='ocr_line' id='line_1_110' title="bbox 2108 5563 3693 5638; baseline 0.001 -21"><span class='ocrx_word' id='word_1_858' title='bbox 2108 5564 2161 5617; x_wconf 88' lang='grc' dir='ltr'><strong>τί</strong></span> <span class='ocrx_word' id='word_1_859' title='bbox 2207 5563 2508 5637; x_wconf 77' lang='grc' dir='ltr'>λαϐοῦσαή</span> <span class='ocrx_word' id='word_1_860' title='bbox 2558 5563 2782 5636; x_wconf 80' lang='grc' dir='ltr'>μητρῷα</span> <span class='ocrx_word' id='word_1_861' title='bbox 2819 5564 3013 5635; x_wconf 82' lang='grc' dir='ltr'>νηδὺς,</span> <span class='ocrx_word' id='word_1_862' title='bbox 3064 5565 3116 5618; x_wconf 87' lang='grc' dir='ltr'><strong>τί</strong></span> <span class='ocrx_word' id='word_1_863' title='bbox 3162 5564 3570 5638; x_wconf 75' lang='grc' dir='ltr'>άπεργάζεται;</span> <span class='ocrx_word' id='word_1_864' title='bbox 3616 5564 3693 5618; x_wconf 76' lang='grc' dir='ltr'><strong><em>Ἦ</em></strong></span> 
     </span>
    </p>
   </div>
  </div>
