3886 6214
231 250 339 306 229

228 554 563 626 σπλάγχνοις
617 561 1124 634 καταδαλλόμενον;
1181 571 1280 641 τὴν
1319 575 1376 627 δὲ
1413 580 1682 634 ποικιλίαν
1719 586 1812 638 τοῦ

225 649 776 719 κατασκευαζομένου
824 657 1194 728 συγκρίματος
1243 663 1326 726 τίς
1373 665 1526 734 λόγος
1564 671 1812 746 ἐκδιηγή.

224 752 380 790 σεται
400 739 536 803 ;ιΤίς
567 741 611 792 δ’
644 742 710 795 ἂν
748 743 822 814 μὴ
859 749 924 817 τῇ
963 753 1114 820 κοινῇ
1147 751 1306 819 φύσει
1349 757 1408 808 τὸ
1439 761 1674 816 τοιοῦτον
1703 783 1807 834 μα-

221 826 355 890 θὼν,
389 829 612 884 δυνατόν
637 835 900 905 ἡγήσαιτο
927 839 987 890 τὺ
1011 842 1314 911 γινόμενον,
1344 848 1424 900 ὅτι
1453 851 1514 903 τὸ
1545 852 1717 925 βραχύ
1747 875 1806 910 τε

217 921 318 971 καὶ
377 922 495 974 ἀντ’
547 926 757 990 οὐδενὸς
806 931 980 984 ἐκεῖνο
1029 934 1123 986 τοῦ
1176 939 1428 994 τοσούτου
1484 948 1807 1018 πράγματός

215 1009 368 1062 ἐστιν
397 1011 573 1082 ἀρχὴ;
609 1016 750 1084 μέγα
782 1019 838 1071 δέ
870 1037 1030 1089 φημι,
1061 1025 1121 1076 ού
1155 1028 1316 1096 μόνον
1341 1032 1418 1095 είς
1447 1009 1545 1103 τὴν
1577 1009 1716 1092 κατὰ
1745 1009 1804 1092 τδ

216 1099 378 1170 σῶμα
405 1102 617 1172 βλέπων
643 1107 1078 1175 διάπλασιν,άλλ’
1107 1116 1134 1167 ὃ
1163 1119 1269 1186 πρὸ
1293 1121 1481 1175 τούτου
1500 1099 1800 1198 θαυμάζειν

209 1187 386 1250 ἄξιον.
420 1191 589 1262 αὐτὴν
633 1193 776 1263 λέγω
828 1197 926 1269 τὴν
957 1200 1152 1273 ψυχὴν,
1204 1209 1296 1260 καὶ
1341 1210 1411 1262 τὰ
1463 1216 1588 1286 περὶ
1631 1220 1798 1291 αὐτὴν

210 1277 584 1351 θεωρούμενα.

1983 1373 2010 1374 ⁷⁷
2053 1373 2234 1394 “*“““[’“¹“
2277 1373 2323 1384 ⁸ν
2357 1373 2551 1400 Ινυιυυν
2589 1373 2602 1387 1
2631 1373 2710 1389 μω
2779 1373 2829 1392 αι

205 1373 466 1438 obsecro,
501 1379 612 1430 tieri
639 1395 800 1448 posse
833 1391 1070 1452 putaret,
1103 1391 1148 1443 si
1189 1391 1303 1447 haec
1349 1401 1630 1454 communi
1680 1414 1890 1464 natura:
1920 1415 2088 1470 ductu
2125 1373 2412 1493 persopecta
2451 1444 2556 1483 non
2591 1373 2838 1498 haberet,

205 1480 379 1498 παι-ΑΜ
429 1470 632 1498 η..11;....
667 1479 924 1498 -..η---,ι...ε
1004 1488 1084 1498 .-γ
1215 1487 1224 1494 -
1293 1486 1325 1498 η
1514 1493 1524 1498 -
1660 1496 1667 1498 .

205 1480 379 1535 prOpe
429 1470 634 1524 nullius
665 1479 948 1543 momenti,
1004 1488 1112 1534 tam
1140 1486 1326 1539 eximii
1377 1493 1558 1558 operis
1591 1496 1916 1570 principium
1949 1470 2136 1566 foret‘;

201 1557 594 1614 formationem
647 1567 968 1635 respiciens,
1004 1575 1099 1628 sed
1128 1577 1193 1630 ad
1231 1579 1408 1648 ipsum
1438 1585 1599 1640 etiam
1630 1592 1892 1664 animum,

198 1651 284 1718 gis
317 1653 736 1710 admirationem
771 1673 1028 1719 meretur.

745 1753 1141 1813 ΚΕΦΑΛΑΙΟΝ
1172 1763 1306 1817 KH’.

193 1837 352 1916 Πρὸς
407 1841 552 1907 τοὺς
591 1843 884 1934 utero-Vm?
933 1856 1382 1944 ngi'vyeofdrat
1429 1862 1534 1944 τὰς
1561 1867 1790 1944 ’ψυχὰς

263 1913 388 1988 ne?
431 1913 768 2005 frugum;
795 1990 809 2005 ἱ
835 1917 872 1984 ἢ
921 1913 988 2004 ι’Ιῦ
1027 1913 1290 2005 54.1mm-
1344 1913 1790 2005 ’πρὸίτῶἶθνῦευῖ

263 1979 394 2046 χῶν
425 1979 970 2071 διαέξεπιξᾱσθαίιτὰ
1017 1979 1278 2061 climata.
1344 1979 1439 2071 Ἐξ·
1482 1996 1532 2068 ᾧ
1573 2023 1660 2071 τις
1680 1979 1785 2061 ³καὶ

263 2051 578 2144 ἀνατροπὴ
615 2053 725 2122 τῆς
753 2057 904 2111 κατὰ
935 2063 1038 2125 τὰς
1077 2051 1786 2144 ρε-τεμψυχώσέιςνλῖυίᾶο.Σ

263 2211 419 2281 Τάχα
441 2211 550 2284 γὰρ
578 2217 677 2268 οὐκ
705 2215 808 2281 ἔξω
832 2218 931 2288 τῆς
961 2227 1330 2298 προκειμένης
1359 2234 1490 2303 ἡμῖν
1525 2253 1783 2307 πραγμα-

185 2301 342 2365 τείας
367 2305 509 2368 ἐστὶ,
558 2306 619 2358 τδ
645 2307 950 2372 διεξετάσαι
975 2315 1037 2365 τὸ
1065 2301 1534 2394 ἀμφιϐάλλομενον
1571 2301 1631 2381 έν
1652 2301 1780 2395 ’ταῖς

183 2392 508 2464 ἐκκλησίαις
539 2399 668 2467 περ).
694 2399 870 2471 ψυχῆς
899 2419 956 2454 τε
981 2407 1074 2458 καὶ
1103 2392 1519 2480 σώματος-Τοῖς
1552 2419 1649 2488 μὲν
1670 2392 1778 2492 γὰρ

181 2484 296 2536 τῶν
327 2484 434 2555 πρὸ
477 2487 638 2557 ἡμῶν
668 2488 834 2554 δοκεῖ,
880 2487 960 2557 οἷς
999 2495 1028 2545 ὁ
1059 2497 1200 2566 Περὶ
1233 2501 1350 2554 τῶν
1376 2484 1577 2575 ἀρχῶκ
1603 2484 1776 2582 ἐπρα-

177 2578 470 2650 γματεύθη
495 2580 672 2648 λόγος,
701 2583 948 2655 καθάπερ
965 2587 1092 2641 τινὰ
1115 2589 1284 2662 δῆμον
1305 2597 1364 2647 ὲν
1387 2597 1662 2675 ἰδιαζούσῃ
1679 2578 1778 2657 πο-

177 2667 364 2740 λιτείᾳ
410 2673 508 2735 τάς
537 2673 714 2744 ψυχὰς
758 2682 1162 2747 προῦφεστάναι
1215 2684 1410 2754 λέγειν.
1450 2667 1773 2763 Προκείσθαι

171 2759 240 2811 δὲ
269 2761 431 2815 κάκεῖ
450 2764 515 2816 τά
525 2781 585 2818 τε
597 2767 698 2836 τῆς
710 2771 908 2836 κακίας
933 2775 1026 2828 καὶ
1043 2777 1144 2846 τῆς
1159 2779 1359 2851 ἀρετῆς
1378 2783 1766 2856 ὑποδείγματα.

170 2851 300 2904 Καὶ
325 2857 742 2924 παραμένουσαν
773 2862 871 2932 μὲν
910 2866 967 2916 ἐν
1013 2866 1091 2936 τῷ
1123 2869 1272 2941 καλῷ
1308 2875 1408 2943 τὴν
1445 2851 1641 2946 ψυχῆν,
1672 2880 1770 2948 τῆς

169 2943 325 3012 πρὸς
367 2945 426 2998 τὸ
475 2947 631 3019 σῶμα
668 2955 988 3026 συμπλοκῆς
1025 2960 1202 3029 μένειν
1237 2943 1588 3036 ἀπείρατονί
1621 2972 1670 3022 εί
1713 2943 1768 3024 δὲ

167 3035 280 3087 καὶ
327 3037 572 3111 ἀπορρυῇ
621 3043 720 3112 τῆς
757 3046 850 3098 τοῦ
893 3049 1100 3118 ἀγαθοῦ
1155 3035 1464 3125 μετουσίας,
1496 3061 1631 3132 πρὸς
1673 3063 1765 3117 τὸν

163 3126 310 3195 τῇδε
340 3127 454 3196 βίον
485 3134 928 3207 κατολισθαίνειν,
969 3145 1059 3197 καὶ
1081 3145 1253 3210 οὕτως
1278 3151 1335 3202 ὲν
1371 3151 1586 3222 σώματι
1615 3157 1764 3224 γίνε-
1793 3123 1838 3184 C

167 3217 327 3272 σθαι.
353 3221 570 3294 Ἔτεροι
602 3225 658 3278 δὲ
684 3231 749 3298 τῇ
782 3234 920 3285 κατὰ
944 3235 1034 3286 τὸν
1061 3238 1265 3292 Μωσέα
1289 3240 1440 3306 τάξει
1474 3245 1572 3314 τῆς
1605 3265 1766 3300 κατα-

167 3315 381 3383 σκευῆς
425 3316 520 3368 τοῦ
559 3319 847 3390 ἀνθρώπου
899 3329 1276 3399 προσέχοντες,
1315 3333 1574 3406 δευτέραν
1625 3336 1762 3394 εἷναι

165 3403 276 3471 τὴν
322 3405 496 3477 ψυχὴν
550 3409 645 3462 τοῦ
687 3413 936 3482 σώματος
991 3422 1132 3474 κατά
1183 3421 1275 3477 τὸν
1334 3403 1524 3498 χρόνον
1572 3434 1758 3500 φασίν.

182 3493 406 3566 Ἐπειδὴ
457 3497 673 3566 πρῶτον
722 3501 900 3557 λαϐὼν
952 3509 980 3560 ὁ
1011 3511 1144 3574 Θεὸς
1191 3493 1463 3583 χοῦν-άπὸ
1504 3493 1603 3590 τῆς
1630 3523 1756 3592 γῆς,

165 3584 378 3640 ἔπλασε
421 3589 513 3642 τὸν
555 3593 870 3665 ἄνθρωπον·
904 3596 1004 3654 εἷθ’
1047 3603 1220 3669 οὕτως
1250 3608 1498 3680 ὲψύχωσε
1549 3584 1756 3670 snake—6

165 3677 585 3750 ἐμφυσήματος.
650 3685 760 3738 Καὶ
809 3689 981 3761 τούτῳ
1035 3695 1113 3764 τῷ
1158 3697 1302 3770 λόγῳ
1356 3677 1755 3778 προτιμοτέραν

163 3772 584 3828 ἀποδεικνύουσι
605 3777 704 3847 τῆς
730 3779 906 3852 ψυχῆς
928 3786 1026 3858 τὴν
1059 3790 1258 3862 σάρκα,
1287 3795 1387 3865 τῆς
1416 3772 1755 3871 ὲπείσκρίνο-

165 3862 342 3933 μένης
384 3864 483 3934 τὴν
517 3867 1119 3949 προδιαπεπλασμένην.
1154 3884 1384 3952 Λέγουσι
1425 3889 1532 3960 γὰρ
1578 3892 1666 3947 διὰ
1690 3896 1751 3948 τὸ

163 3958 330 4027 σῶμα
357 3960 456 4030 τὴν
491 3961 670 4032 ψυχὴν
707 3967 980 4034 γενέσθαι,
1029 3975 1104 4037 ὡς
1131 3977 1198 4029 ἂν
1231 3979 1306 4050 μὴ
1334 3958 1535 4036 ἄπνου-ν
1561 4003 1620 4038 τε
1656 3991 1750 4042 καὶ

157 4051 420 4120 ἀκίνητον
453 4053 538 4124 εἴη
563 4055 622 4106 τὸ
652 4057 892 4130 πλάσμα.
931 4065 1043 4116 [Ιᾶν
1067 4067 1122 4120 δὲ
1150 4069 1212 4122 τὸ
1240 4071 1325 4124 διά
1359 4091 1410 4126 τι
1445 4081 1745 4148 γινόμενον,

157 4142 490 4214 ἀτιμότερον
539 4147 754 4212 πάντως
786 4154 902 4206 ἐστὶ
933 4158 1025 4208 τοῦ
1057 4159 1123 4212 δι’
1151 4161 1178 4212 ὃ
1211 4163 1439 4229 γίνεται.
1473 4169 1670 4236 Καθὼς
1687 4174 1747 4226 τὸ

159 4232 498 4303 Εὑαγγέλιον
551 4239 726 4308 λέγει,
782 4245 861 4298 ὅτι
912 4249 1092 4302 πλεῖόν
1145 4255 1260 4307 ἐστι
1309 4258 1407 4328 τῆς
1453 4232 1664 4332 τροφῆς
1709 4268 1742 4337 ἡ

155 4321 336 4393 ςυχὴ,
395 4327 492 4378 καὶ
535 4330 596 4381 τὸ
651 4332 808 4402 σῶμα
853 4337 945 4388 τοῦ
982 4339 1306 4410 ἐνδύματος,
1353 4347 1486 4400 διότι
1537 4351 1742 4404 τούτων

1463 280 1550 336 DE
1590 282 1806 341 ΗΟΜῙΝ
1813 288 1874 342 IS
1911 289 2226 352 OPIFICIO.

228 371 330 440 οὐχ
357 373 494 445 ὁρᾷς
523 376 673 441 ὅπως
721 379 924 434 ἁπλοῦν
965 383 1165 455 τρόπον
1195 389 1314 444 τινὰ
1333 432 1347 456 ,
1379 396 1473 447 καὶ
1501 399 1762 472 ὁμοιομερ

1872 411 1895 465 ι
1927 415 2010 463 tas
2043 408 2330 466 habemus.

225 463 351 517 ἐστι
378 467 440 518 τὸ
468 469 550 530 είς
577 470 829 540 ἀφορμὴν
852 473 950 543 τῆς
975 477 1286 544 συστάσεως
1307 483 1401 535 τοῦ
1435 485 1684 557 σώματος
1703 497 1817 557 τοῖς

3393 317 3498 370 9.30

2377 413 2700 484 Quanquam
2737 420 2984 488 profecto
3045 426 3192 494 quod
3239 427 3294 482 in
3335 431 3494 486 nobis

1923 501 2358 560 illustrissimum
2426 517 2532 572 est,
2568 513 2790 569 silentio
2859 522 3260 591 praeteriimus;
3311 525 3490 594 ipsum

1919 595 2132 650 scilicet
2165 598 2218 652 in
2253 599 2409 654 nobis
2433 604 2734 660 exsistcndi
2776 609 3130 679 principium.
3169 613 3306 668 Nam
3353 619 3482 687 quis

1915 684 2262 742 atiectionem
2285 700 2492 746 natura:
2507 695 2886 754 admirandam
2917 701 3157 771 ignorat,
3175 708 3306 776 quid
3325 684 3489 764 nimi-

1913 787 2034 826 rum
2061 777 2216 832 alvus
2252 787 2499 835 materna
2544 786 2745 852 capiat,
2781 797 2836 842 et
2870 793 3000 860 quid
3046 793 3113 847 de
3150 810 3216 850 eo
3245 796 3488 854 eﬂiciat?

1909 862 1992 916 An
2031 881 2140 920 non
2172 869 2324 924 vides
2353 887 2520 940 quam
2565 877 2636 930 sit
2663 880 2904 946 quodam
2937 883 3100 938 modo
3132 887 3381 956 simplex,
3433 903 3486 946 et

1909 971 2076 1024 quam
2113 959 2337 1016 minime
2381 965 2629 1031 mistum,
2684 970 2886 1040 quippe
2935 975 3082 1042 quod
3117 977 3484 1035 dissimilibus

1908 1057 2102 1103 natura
2138 1055 2387 1119 partibus
2421 1073 2529 1112 non
2559 1071 2794 1127 constet,
2833 1069 2980 1134 quod
3009 1073 3274 1126 maternis
3305 1075 3356 1126 in
3390 1075 3480 1127 vi-

1907 1141 2157 1197 sceribus
2194 1145 2506 1215 deponitur,
2546 1159 2604 1205 ut
2633 1169 2694 1207 ex
2726 1171 2792 1208 eo
2818 1171 3020 1226 corpus
3060 1160 3297 1217 hominis
3345 1180 3478 1218 con-

1905 1233 2190 1286 stituatur?
2211 1239 2278 1289 At
2303 1254 2422 1306 qua:
2445 1243 2659 1298 tandem
2690 1246 2865 1300 oratio
2885 1251 3211 1318 explicando
3237 1257 3476 1309 varieta-

1901 1329 2012 1374 tem
2046 1331 2323 1398 compagis
2357 1332 2551 1400 ipsius,
2589 1352 2710 1404 qua:
2743 1351 2988 1408 paratur,
3020 1347 3286 1398 enarrat?
3318 1346 3474 1411 Quis,

2875 1445 2931 1489 ut
2967 1439 3224 1508 exiguum
3252 1442 3386 1496 illud
3412 1459 3476 1497 ac

2183 1519 2368 1572 eximii
2421 1521 2567 1586 dico,
2615 1539 2724 1578 non
2757 1529 2822 1579 ad
2855 1532 3102 1599 corporis
3130 1533 3306 1586 solum
3337 1550 3438 1588 con
3461 1563 3476 1575 -

1928 1611 1981 1656 et
2014 1622 2135 1674 quae
2169 1612 2352 1666 animo
2383 1617 2758 1682 continentur,
2783 1623 3000 1690 quando
3031 1623 3120 1679 hic
3147 1627 3322 1680 multo
3353 1643 3475 1682 ma-

2425 1792 2652 1849 CAPUT
2701 1794 2937 1852 XXVIII.

1892 1871 2154 1930 Adversus
2187 1894 2273 1958 eos
2305 1883 2394 1950 qui
2428 1886 2632 1939 animos
2668 1899 2789 1942 ante
2821 1907 3044 1958 corpora
3078 1897 3296 1950 tradunt
3323 1903 3466 1953 exsi-

1959 1954 2126 2012 stere,
2166 1950 2490 2036 calcant-ra,
2531 1973 2753 2036 corpora
2846 1950 3153 2032 priusquam
3228 1970 3462 2036 animos,

1955 2031 2068 2069 esse
2095 2020 2331 2074 condita.
2368 2021 2593 2078 Fabulis
2621 2020 2801 2081 'etiam
2846 2020 3198 2089 consentanea
3237 2039 3300 2092 de
3345 2020 3466 2094 ani-,-

1958 2101 2165 2140 morum
2199 2094 2603 2160 migrationibus
2635 2099 2880 2153 doctrina
2907 2105 3178 2157 evertitur.

1953 2246 2232 2306 Fortassis
2259 2254 2403 2308 enim
2433 2257 2500 2313 ah
2529 2258 2782 2314 instituto
2807 2278 3062 2319 sermone
3085 2266 3319 2322 alienum
3349 2288 3458 2327 non

1886 2339 2080 2407 fuerit,
2117 2345 2162 2400 si
2203 2347 2256 2399 in
2292 2347 2380 2412 id,
2417 2352 2561 2419 quod
2593 2353 2660 2408 de
2690 2355 2874 2409 animo
2902 2365 2956 2411 et
2991 2373 3220 2429 corpore
3255 2366 3458 2431 passim

1883 2433 1938 2486 in
1985 2437 2236 2492 ecclesiis
2284 2444 2737 2509 controvertitur,
2795 2445 3161 2516 inquiramus.
3219 2453 3454 2519 Quidam

1879 2524 2028 2579 enim
2069 2530 2370 2596 superioris
2411 2535 2688 2590 memoria:
2725 2537 2980 2594 doctores
3002 2581 3016 2600 ,
3053 2544 3146 2612 qui
3180 2560 3458 2601 commen-

1875 2617 2045 2671 tarios
2077 2617 2164 2682 De;
2183 2621 2454 2690 principiis
2494 2626 2864 2695 scripserunt.
2907 2633 3119 2686 animos
3169 2635 3452 2692 hominum

1873 2705 2030 2772 quasi
2062 2709 2354 2774 quamdam
2391 2715 2666 2770 nationem
2687 2759 2702 2782 ,
2736 2733 2982 2773 seorsum
3014 2723 3249 2792 quadam
3283 2727 3338 2780 in
3371 2743 3456 2782 re-

1875 2796 2096 2864 publica
2133 2799 2402 2856 exsistere
2442 2804 2600 2875 longe
2633 2815 2758 2862 ante
2793 2823 3025 2879 corpora
3061 2815 3305 2870 tradunt.
3344 2818 3452 2872 lbi-

1870 2885 1992 2940 dem
2028 2888 2109 2942 eis
2143 2904 2266 2944 cum
2297 2893 2558 2948 vitiorum
2593 2905 2707 2951 tum
2755 2900 2976 2958 virtutis
3007 2919 3129 2959 esse
3163 2910 3452 2977 proposita

1869 2981 2139 3050 exempla.
2178 2980 2244 3034 Et
2278 2985 2494 3040 animos
2527 2989 2745 3058 quidem
2783 3001 3104 3048 constanter
3141 2997 3363 3054 virtutis
3396 3011 3452 3056 et

1871 3069 2089 3126 honesti
2123 3074 2308 3128 studio
2340 3076 2558 3135 deditos
2579 3119 2594 3144 ,
2629 3082 2790 3150 plane
2818 3099 2945 3138 cum
2979 3089 3305 3156 corporibus
3339 3107 3448 3148 non

1868 3165 2135 3232 copulari.
2175 3165 2270 3220 Sin
2305 3177 2486 3224 autem
2541 3172 2672 3226 boni
2717 3175 2902 3230 fructu
2952 3186 3006 3230 et
3058 3180 3448 3249 conjunctione

1863 3257 2152 3324 excidant,
2189 3267 2304 3314 tum
2347 3263 2560 3320 scilicet
2587 3281 2682 3321 eos
2711 3266 2767 3321 in
2801 3268 2944 3322 hanc
2977 3271 3144 3324 vitam
3189 3275 3396 3342 prolabi
3424 3318 3438 3340 ,

1861 3356 1915 3402 et
1949 3349 2004 3402 in
2035 3366 2267 3422 corpora
2303 3353 2408 3408 hoc
2444 3366 2605 3425 pacto
2637 3361 2876 3414 immitti.
2914 3363 3020 3415 Alii
3051 3373 3242 3417 contra
3281 3369 3442 3423 seriei

1860 3442 2190 3506 creationis,
2245 3460 2352 3514 qua
2404 3445 2674 3504 formatus
2705 3458 2789 3505 est
2823 3451 3018 3514 homo,
3067 3468 3098 3507 a
3144 3454 3292 3509 Mose
3343 3458 3438 3512 de-

1858 3533 2078 3602 scripta:
2107 3533 2460 3602 inhaerendo,
2513 3541 2754 3594 animum
2803 3557 3036 3612 corpore
3086 3552 3208 3599 ortu
3259 3559 3440 3616 poste-

1856 3623 2058 3678 riorem
2120 3642 2244 3682 esse
2300 3628 2473 3684 aiunt.
2537 3631 2702 3687 Deum
2755 3649 2994 3704 namque
3044 3650 3440 3694 commemorat

1855 3707 2034 3772 Moses
2069 3719 2302 3788 primum
2338 3721 2406 3775 de
2437 3729 2584 3778 terra
2619 3735 2839 3794 sumpto
2891 3729 3114 3798 pulvere
3159 3729 3434 3788 hominem

1855 3808 2110 3874 linxisse,
2147 3809 2346 3866 deinde
2386 3828 2483 3882 per
2527 3815 2939 3884 inspirationem
2976 3819 3215 3874 animum
3247 3822 3298 3878 ei
3345 3823 3433 3878 in-

1852 3899 2056 3956 didisse
2086 3902 2153 3954 ".
2189 3902 2301 3958 Hac
2333 3906 2410 3958 illi
2443 3907 2656 3962 ratione
2686 3912 3117 3978 praestantiorem
3153 3931 3276 3972 esse
3306 3918 3430 3972 ani-

1851 4008 1941 4044 mu
1968 4009 2186 4047 carnem
2222 3999 2455 4064 probare
2486 4011 2778 4066 conantur,
2819 4004 2908 4072 qui
2952 4005 3104 4056 carni
3150 4005 3262 4075 jam
3302 4017 3432 4064 ante

1849 4093 2046 4137 creatae
2077 4086 2147 4138 sit
2195 4085 2422 4142 inditus.
2463 4090 2630 4143 Aiunt
2675 4093 2856 4155 enim,
2903 4094 3143 4150 animum
3179 4102 3428 4168 corporis

1847 4188 2013 4228 causa
2046 4176 2247 4228 factum
2280 4193 2402 4232 esse
2423 4218 2437 4242 ,
2471 4197 2536 4234 ne
2568 4197 2706 4250 opus
2737 4183 2841 4236 hoc
2872 4183 2964 4238 Dei
2996 4201 3025 4239 a
3056 4187 3420 4256 respiratione

1845 4278 1908 4316 ac
1958 4273 2108 4318 motu
2161 4266 2570 4323 destitueretur.
2624 4271 2898 4342 Quidquid
2959 4283 3141 4329 autem
3195 4280 3423 4334 alterius

1845 4367 2011 4408 causa
2041 4355 2130 4408 liat
2154 4395 2168 4418 ,
2201 4357 2294 4409 illo
2323 4374 2443 4413 esse
2473 4360 2615 4415 haud
2649 4361 2810 4417 dubie
2839 4364 3002 4420 vilius
3025 4405 3040 4428 ,
3075 4367 3231 4436 cujus
3257 4385 3423 4426 causa

151 4414 341 4468 Evest
367 4419 572 4476 ἐκεῖνα.
632 4423 703 4474 Οὐ
742 4425 848 4498 γὰρ
884 4428 970 4480 διὰ
1000 4431 1095 4501 τὴν
1128 4434 1334 4504 τροφὴν
1361 4440 1392 4508 ἡ
1422 4439 1589 4511 ψυχὴ,
1617 4445 1736 4498 οὐδὲ

2157 4414 2164 4418 ,
2595 4414 2600 4415 ν
2741 4414 2746 4416 .
2789 4414 2806 4417 -
2853 4414 2998 4420 μη-
3027 4414 3040 4428 .
3081 4414 3230 4436 που-
3260 4414 3418 4426 ww-

1872 4446 2187 4502 nstituatur.
2229 4447 2496 4503 Nimirum
2544 4459 2596 4505 et
2633 4453 2684 4504 in
2721 4453 3015 4524 Evangelio
3045 4460 3418 4515 ratiocinatio-

149 4505 242 4557 τοῦ
273 4507 575 4577 ἐνδύματος
593 4511 750 4583 χάριν
782 4523 1186 4594 κατεσκευάσθη
1226 4526 1290 4578 τὰ
1325 4527 1572 4598 σώματα,
1605 4535 1741 4590 ἀλλὰ

149 4597 358 4651 τούτων
403 4599 592 4664 ὄντων,
618 4605 797 4660 ἐκεῖνα
833 4608 918 4662 διὰ
947 4611 1043 4682 τὴν
1085 4616 1268 4685 χρείαν
1303 4622 1733 4698 προσεξηυρέθη.

161 4689 317 4741 Ἐπεὶ
357 4687 456 4743 οὖν
507 4695 565 4746 ὲν
612 4697 949 4768 ἀμφοτέραις
992 4707 1110 4767 ταῖς
1141 4687 1474 4778 ὑπολήψεσιν
1580 4687 1736 4786 λόγος

147 4779 422 4846 ὑπαίτιος,
455 4783 564 4836 τῶν
591 4804 649 4838 τε
675 4790 1042 4859 προδιοτεύειν
1065 4795 1162 4859 τὰς
1191 4798 1370 4869 ψυχὰς
1403 4805 1460 4856 ὲν
1499 4805 1603 4877 ἰδίᾳ
1627 4809 1734 4862 τινὶ

145 4875 482 4927 καταστάσει
533 4877 999 4949 μυθολογούντων,
1054 4889 1284 4944 καὶτῶν
1335 4895 1569 4964 ὑστέρας
1621 4899 1731 4952 τῶν

143 4964 418 5033 σωμάτων
439 4971 936 5034 κατασκευάζεσθαι
960 4979 1288 5048 νομιζόντων
1307 5001 1320 5014 ·
1344 4986 1638 5054 ἀναγκαῖον
1662 4991 1728 5044 ἂν

139 5055 223 5124 εἴη
258 5057 430 5127 μηδὲν
463 5060 570 5112 τῶν
615 5062 921 5134 λεγομένων
965 5071 1022 5122 ὲν
1057 5077 1169 5136 τοῖς
1201 5075 1431 5146 δόγμασι
1467 5083 1728 5152 περιιδεῖν

137 5146 523 5210 ἀνεξέταστον.
569 5153 725 5207 Ἀλλὰ
749 5157 810 5208 τὸ
843 5159 940 5226 μὲν
965 5160 1031 5213 δι’
1065 5163 1349 5232 ἀκριϐείας
1377 5170 1504 5233 τοὺς
1539 5146 1726 5224 έκατέ-

139 5239 314 5306 ρωθεν
335 5242 640 5311 γυμνάζειν
661 5245 870 5315 λόγους,
899 5252 990 5304 καὶ
1030 5253 1208 5319 πάσας
1239 5258 1601 5314 ἐκκαλύπτειν
1625 5265 1723 5327 τὰς

135 5330 467 5400 ἑγκειμὲνας
529 5337 758 5402 ἀτοπίας
807 5344 928 5404 ταῖς
975 5345 1313 5416 ὑπολήψεσι,
1379 5354 1591 5426 μακροῦ
1654 5357 1722 5410 ἂν

132 5419 308 5474 δέοιτο
343 5425 443 5477 καὶ
472 5427 663 5497 χρόνου
703 5433 798 5484 καὶ
836 5433 1013 5501 λόγον’
1078 5437 1144 5490 δι’
1183 5419 1390 5508 ὀλίγων⁷
1419 5419 1510 5506 δὲί
1537 5447 1722 5512 καθώς

1839 4551 1964 4588 nem
1997 4537 2316 4606 hujusmodi
2348 4542 2638 4608 quamdam
2669 4559 2822 4608 esse,
2873 4559 2996 4599 cum
3044 4549 3263 4605 animus
3291 4553 3418 4607 cibo

1837 4629 2018 4696 potior
2043 4645 2168 4684 esse
2197 4629 2421 4694 dicitur,
2452 4647 2654 4702 corpus
2681 4637 3008 4691 vestimento
3033 4657 3046 4692 :
3078 4642 3296 4708 quando
3323 4645 3414 4699 illa

1835 4718 2031 4771 horum
2057 4735 2224 4774 causa
2252 4720 2394 4774 facta
2423 4723 2555 4777 sint.
2586 4723 2702 4778 Non
2732 4728 2876 4780 enim
2905 4730 3120 4786 animus
3148 4735 3410 4799 alimenti,

1835 4825 2014 4876 neque
2041 4825 2242 4880 corpus
2277 4813 2450 4867 vestis
2483 4822 2566 4868 est
2601 4829 2766 4869 causa
2803 4819 3115 4886 conditum,
3153 4824 3246 4876 Sed
3284 4840 3408 4878 cum

1811 4900 1947 4953 haec
1996 4901 2109 4969 jam
2158 4904 2523 4968 exsisterent,
2576 4909 2643 4960 ad
2699 4923 2856 4962 usum
2903 4925 3091 4963 eorum
3145 4913 3233 4965 illa
3281 4925 3408 4969 sunt

1830 5001 2167 5062 comparata.
2217 4993 2470 5065 Utraque
2511 4998 2696 5066 opinio
2745 5015 2866 5054 cum
2921 5003 3401 5071 reprehensionem

1829 5095 2126 5150 mereatur,
2174 5096 2282 5140 tam
2314 5103 2506 5142 eorum
2543 5091 2636 5158 qui
2667 5091 2885 5146 animos
2921 5095 3140 5162 proprio
3167 5096 3400 5164 quodam

1828 5175 1882 5228 in
1917 5184 2067 5232 statu
2098 5187 2224 5233 ante
2257 5195 2490 5250 corpora
2523 5184 2704 5236 vivere
2751 5195 3046 5251 nugantur,
3095 5201 3258 5255 quam
3306 5191 3396 5257 qui

1823 5283 1916 5325 eos
1953 5278 2076 5339 post
2117 5287 2344 5340 corpora
2383 5273 2618 5342 primum
2647 5277 2808 5331 condi
2837 5277 3192 5332 existimant:
3223 5295 3400 5349 operae

1819 5361 2054 5428 pretium
2103 5361 2269 5416 fuerit
2316 5365 2369 5416 in
2412 5365 2596 5418 omnia
2645 5369 2890 5422 studiose
2933 5369 3244 5437 inquirere,
3277 5389 3398 5441 qua:

1819 5450 1873 5504 in
1904 5453 2246 5520 explicandis
2277 5457 2568 5527 utriusque
2600 5461 2775 5527 partis
2803 5461 3040 5516 decretis
3073 5463 3122 5514 in
3156 5464 3394 5516 medium

131 5509 248 5565 ἐστι
281 5513 528 5580 δυνατὸν,
566 5519 823 5592 ἑκάτερον
860 5523 968 5577 τῶν
1001 5528 1305 5599 εἰρημένων
1345 5535 1718 5608 ἐπισκεψάμε-

1872 5543 2134 5599 l‘cruntur.
2193 5547 2260 5599 At
2315 5548 2460 5601 enim
2518 5559 2774 5607 accurate
2831 5553 3098 5612 adversus
3149 5555 3394 5612 ratione:

232 5689 280 5718 ’⁷
321 5689 456 5744 (wn.
493 5711 546 5753 ιι.
583 5695 629 5750 7.
