3886 6214
454 296 554 353 251

1667 305 1723 360 S.
1757 303 2083 362 GREGORII
2115 307 2404 364 NYSSENI

3600 301 3710 354 9.3%

455 416 712 486 utrinque
767 419 1063 487 productas
1109 423 1267 491 quasi
1307 425 1602 493 pugnando
1647 427 1936 495 progredi,
1972 433 2026 479 et

2139 446 2228 492 νοι,
2269 429 2432 484 πάλιν
2478 428 2586 482 τῶν
2631 426 3007 500 προκειμένων
3050 422 3473 494 ἀντιληψόμεθα.
3520 423 3586 474 οι
3628 421 3708 491 τῷ

453 507 639 560 omnia
675 523 797 577 quae
829 511 883 564 in
919 511 1004 566 his
1041 513 1393 582 opinionibus
1427 517 1660 570 absurda
1710 525 1838 572 sunt
1885 527 2028 571 rete-

455 599 632 667 gendo
663 600 1009 669 patefacere:
1046 604 1098 656 id
1133 621 1264 658 vero
1295 614 1348 659 et
1376 607 1680 661 orationem
1713 609 1982 677 prolixam
2010 649 2026 674 ,
2081 642 2086 654 ι

455 698 510 744 et
542 694 802 761 temporis
828 710 936 747 non
962 704 1154 758 parum
1180 694 1498 762 requireret.
1516 697 1726 753 Idcirco
1771 700 2026 766 breviter,

457 792 722 850 quantum
758 783 876 852 ejus
913 784 1029 837 ﬁeri
1076 784 1309 853 poterit,
1343 787 1705 843 consideratis
1745 791 2031 857 utriusque

454 875 629 942 partis
662 877 1030 944 argumentis,
1070 877 1144 928 ita
1175 876 1371 930 deinde
1413 879 1558 947 quod
1604 880 1825 949 proprie
1872 879 2032 934 insti-

457 965 663 1018 tuimus
685 1003 698 1028 ,
730 981 1146 1035 prosequemur.
1180 966 1286 1033 Qui
1314 981 1520 1038 partem
1562 971 1798 1040 priorem
1845 970 2032 1026 defen-

455 1056 626 1120 dunt,
676 1065 731 1111 et
778 1058 1164 1126 rempublicam
1198 1060 1505 1112 animorum
1538 1061 1830 1130 quamdam
1885 1062 2033 1131 prio-

457 1165 567 1204 rem
608 1150 717 1203 vita
747 1150 800 1202 in
836 1165 1066 1218 corpore
1096 1160 1284 1205 nostra
1316 1153 1664 1206 constituunt
1697 1197 1715 1225 ,
1743 1153 1874 1207 mihi
1905 1153 2030 1223 qui-

453 1239 576 1292 dem
602 1255 631 1293 a
651 1239 981 1294 Grmcanicis
1007 1242 1112 1296 illis
1135 1242 1441 1312 disciplinis
1464 1245 1744 1298 hominum
1771 1245 2034 1300 doctrinae

455 1331 703 1384 veritatis
752 1331 1066 1400 ignarorum
1121 1333 1392 1388 immunes
1443 1349 1568 1390 esse
1609 1351 1713 1388 non
1755 1336 2030 1399 videntur,

454 1421 549 1490 qui
585 1420 796 1477 fabulas
828 1424 1094 1491 quasdam
1120 1423 1188 1479 de
1217 1427 1524 1480 animorum
1557 1441 1624 1481 ex
1666 1427 1786 1482 aliis
1830 1427 1884 1480 in
1927 1427 2032 1482 alia

454 1527 686 1580 corpora
719 1514 1134 1582 migrationibus
1160 1518 1452 1570 commenti
1485 1529 1630 1572 sunt.
1661 1516 1795 1572 Nam
1828 1519 1874 1574 si
1908 1520 2033 1588 quis

454 1609 716 1655 accurate
766 1618 880 1655 rem
934 1605 1248 1668 existimet,
1291 1608 1516 1661 omnino
1559 1609 1736 1662 delabi
1789 1609 2033 1678 ipsorum

457 1693 765 1747 orationem
801 1694 867 1748 ad
902 1695 953 1748 id
994 1696 1266 1760 inveniet,
1297 1698 1442 1766 quod
1490 1699 1762 1768 proditum
1805 1709 1890 1753 est
1919 1715 2034 1755 me-

458 1785 678 1849 moriar,
730 1785 1020 1854 quemdam
1070 1789 1136 1842 de
1183 1787 1388 1843 Graecis
1422 1790 1760 1858 sapientibus
1803 1791 2028 1853 dixisse,
2060 1777 2102 1832 Β

458 1872 654 1929 Fuisse
680 1877 938 1930 nimirum
970 1893 1092 1932 sese
1117 1879 1410 1947 aliquando
1439 1888 1493 1932 et
1535 1880 1712 1932 virum
1731 1920 1744 1944 ,
1774 1888 1828 1934 et
1875 1880 2032 1934 femi-

460 1981 620 2030 nam,
656 1973 708 2020 et
751 1967 892 2020 inter
922 1983 1050 2022 aves
1082 1970 1372 2032 volitasse,
1424 1977 1478 2023 et
1528 1970 1730 2023 factum
1773 1985 1895 2025 esse
1938 1970 2033 2024 de-

461 2057 587 2110 inde
617 2059 934 2126 arbustum,
979 2067 1143 2128 atque
1173 2061 1336 2114 etiam
1371 2063 1534 2114 vitam
1569 2062 1623 2114 in
1653 2061 1810 2130 aquis
1836 2063 2030 2131 egisse.

460 2147 578 2202 Meo
608 2149 824 2218 quidem
872 2149 1082 2220 judicio
1128 2167 1294 2222 prope
1342 2154 1532 2206 aberat
1571 2167 1599 2205 a
1650 2155 1879 2207 veritate
1923 2155 2036 2207 haec

460 2239 634 2309 ipsius
667 2242 844 2295 oratio
864 2283 878 2305 ,
911 2243 1001 2311 qui
1041 2241 1354 2310 liujnsmodi
1385 2243 1647 2312 quiddam
1685 2243 1752 2297 de
1783 2259 1842 2297 se
1872 2244 2037 2311 profi-

459 2339 684 2386 teretur.
745 2331 996 2386 Profecto
1059 2333 1204 2386 enim
1267 2349 1524 2387 ranarum
1580 2336 2036 2405 graculorumque

460 2437 612 2477 more
651 2424 956 2492 garriebat,
1002 2433 1539 2494 consentaneamque
1582 2428 1756 2481 bruta:
1803 2428 2034 2496 piscium

457 2525 667 2568 natura;
695 2524 748 2569 et
788 2531 1088 2584 quercuum
1138 2532 1338 2570 sensus
1380 2517 1688 2586 expertium
1729 2517 2035 2571 doctrinam

457 2604 800 2674 proferebat,
831 2605 923 2674 qui
954 2620 1120 2658 unum
1164 2605 1526 2674 cumdemque
1571 2607 1810 2670 animum
1857 2606 1910 2658 in
1950 2621 2038 2660 res

456 2695 597 2750 adeo
632 2697 832 2750 multas
863 2697 1209 2766 immigrasse
1237 2695 1465 2750 diceret.
1497 2695 1592 2751 Est
1622 2707 1804 2751 autem
1839 2699 2036 2752 absur-

455 2791 540 2846 da:
567 2789 726 2858 lmjus
763 2791 1039 2858 Opinionis
1081 2791 1195 2844 haec
1224 2804 1391 2844 causa
1415 2830 1428 2850 .
1465 2791 1610 2859 quod
1647 2799 1774 2844 ante
1809 2805 2036 2860 corpora

455 2882 723 2937 exsistere
779 2882 990 2935 animos
1040 2881 1350 2935 credebant.
1401 2879 1535 2934 Nam
1596 2883 1689 2935 ubi
1729 2883 1895 2936 semel
1938 2881 2040 2934 hoc

457 2975 759 3029 existimari
799 2984 1036 3042 coeptum
1091 2973 1221 3036 fuit,
1265 2989 1480 3042 semper
1523 2975 1758 3029 ulterius
1797 2975 1861 3028 ad
1909 2990 2039 3044 pro-

457 3066 604 3119 xima
629 3081 858 3134 qumque
894 3066 1290 3135 progrediendo
1311 3106 1324 3128 ,
1360 3075 1414 3120 et
1445 3068 1755 3138 prodigiosa
1791 3067 2036 3138 quaedam

2131 523 2381 593 προτέρῳ
2422 522 2812 592 παριστάμενοι
2858 520 3033 589 λόγῳ,
3075 519 3168 572 καὶ
3204 515 3582 588 πρεσϐυτέραν
3607 514 3707 581 τῆς

2130 615 2188 666 ὲν
2221 615 2382 683 σαρκὶ
2415 612 2558 682 ζωῆς
2585 613 2683 682 τὴν
2709 611 2980 665 πολιτείαν
3002 611 3108 663 τῶν
3136 608 3324 679 ψυχῶν
3348 605 3706 676 δογματιζον-

2127 719 2261 767 τες,
2322 702 2383 755 οὗ
2443 720 2533 774 μοι
2579 703 2794 756 δοκοῦσι
2845 703 2953 755 τῶν
2999 699 3326 770 Ἑλληνικῶν
3383 695 3707 768 καθαρεύειν

2129 794 2432 864 δηγμάτων,
2481 794 2589 846 τῶν
2636 797 2763 863 περὶ
2809 795 2908 864 τῆς
2937 791 3475 863 μετενσωματῶσεως
3521 789 3710 850 αὐτοῖς

2135 886 2680 956 μεμυθολογημένων.
2701 887 2762 938 El
2779 887 2886 954 γάρ
2901 902 2982 948 τις
3003 883 3241 954 ἀκριϐῶς
3260 881 3552 947 ἐξετάσειε,
3570 873 3710 948 πρὸς

2131 974 2290 1028 τοῦτο
2308 976 2450 1029 κατὰ
2487 978 2666 1029 πᾶσαν
2695 976 2943 1046 ἀνάγκην
2971 975 3061 1028 τὸν
3093 974 3248 1041 λόγον
3271 973 3452 1034 αὐτοῖς
3483 970 3709 1040 εὑρήσει

2133 1067 2594 1136 κατασυρόμενον,
2619 1067 2675 1118 ὃν
2698 1067 2826 1135 φασί
2849 1084 2969 1119 τινα
2992 1066 3099 1118 τῶν
3121 1067 3250 1135 παρ’
3273 1063 3499 1124 ἐκείνοις
3527 1059 3710 1128 σοφῶν

2132 1159 2440 1229 εἰρηκέναι,
2481 1159 2562 1211 ὄτι
2593 1158 2730 1229 ἀνὴρ
2762 1158 2982 1226 γέγονεν
3018 1159 3046 1211 ὁ
3077 1155 3266 1219 αὐτὸς,
3318 1155 3414 1207 καὶ
3445 1150 3712 1220 γυναικὸς

2137 1247 2296 1318 σῶμα
2326 1247 2766 1317 μετημφιάσατο,
2813 1249 2905 1299 καὶ
2939 1246 3053 1316 μετ’
3101 1244 3299 1315 ὀρνέων
3326 1241 3566 1308 ἀνέπτη,
3611 1239 3712 1291 καὶ

2133 1339 2333 1408 θάμνος
2364 1338 2484 1406 ἔφυ,
2529 1338 2624 1392 καὶ
2663 1337 2752 1390 τὸν
2785 1337 3003 1407 ἔνυδρον
3035 1336 3193 1405 ἔλαχε
3228 1334 3360 1403 βίον.
3407 1333 3482 1385 Οὐ
3515 1331 3712 1401 πόρρω

2132 1429 2230 1499 τῆς
2263 1428 2516 1499 ἀληθείας
2546 1429 2686 1482 κατά
2713 1446 2776 1496 γε
2809 1428 2904 1498 τὴν
2929 1427 3064 1498 ἐμὴν
3106 1426 3286 1497 κρίσιν
3329 1423 3648 1495 φερόμενος,
3681 1421 3713 1474 6

2135 1521 2261 1592 περὶ
2280 1521 2443 1575 αὑτοῦ
2468 1520 2638 1573 ταῦτα
2659 1521 2849 1588 λέγων.
2878 1515 3086 1582 Ὄντως
3105 1520 3213 1588 γὰρ
3236 1517 3518 1588 βατράχων
3543 1513 3713 1566 τινῶν

2134 1611 2166 1681 ἦ
2196 1611 2417 1664 κολοιῶν
2443 1612 2727 1683 φλυαρίας,
2763 1611 2796 1681 ἦ
2825 1609 3043 1677 ἀλογίας
3077 1607 3295 1679 ἰχθύων,
3335 1606 3368 1677 ἢ
3402 1603 3580 1676 δρυῶν
3615 1606 3714 1656 ἀν-

2136 1702 2422 1773 αισθησίας
2447 1703 2572 1768 ἄξια
2599 1703 2667 1755 τὰ
2696 1700 2919 1754 τοιαῦτα
2945 1701 3205 1770 δόγματα,
3258 1698 3322 1751 τὸ
3357 1696 3484 1766 μίαν
3527 1693 3714 1765 ψυχὴν

2131 1795 2307 1863 λέγειν
2332 1796 2418 1849 διὰ
2442 1795 2710 1848 τοσούτων
2738 1793 2930 1848 ἐλθεῖν.
2957 1794 3078 1863 Τῆς
3109 1791 3166 1845 δὲ
3193 1789 3447 1860 τοιαύτης
3476 1786 3714 1848 ἀτοπίας

2132 1885 2268 1954 αὕτη
2300 1886 2446 1936 ἐστὶν
2477 1887 2508 1954 ἡ
2543 1883 2708 1942 αἰτία,
2739 1883 2802 1936 τὸ
2840 1881 3240 1953 προϋφεστάναι
3269 1880 3368 1941 τὰς
3393 1876 3574 1948 ψυχάς
3603 1875 3718 1928 οἴε-

2135 1978 2278 2030 σθαι.
2317 1977 2394 2029 Δι’
2425 1977 2712 2029 ἀκολούθου
2737 1981 2844 2046 γὰρ
2876 1978 2908 2043 ὴ
2944 1973 3086 2044 ἀρχὴ
3107 1971 3199 2025 τοῦ
3228 1971 3472 2024 τοιούτου
3502 1969 3718 2038 δόγμα-

2133 2087 2222 2130 τος
2257 2069 2347 2122 ἐπὶ
2377 2069 2440 2122 τὸ
2487 2068 2748 2140 προσεχές
2790 2085 2848 2119 τε
2883 2068 2973 2120 καὶ
3007 2063 3406 2135 παρακείμενον
3428 2061 3520 2115 τὸν
3549 2059 3716 2128 λόγον

2136 2160 2478 2230 προάγουσα,
2528 2159 2687 2230 μέχρι
2733 2158 2922 2212 τούτου
2983 2155 3381 2228 τερατευομένη
3429 2152 3715 2216 διέξεισιν.

2139 2251 2201 2304 Et
2232 2253 2339 2322 γὰρ
2381 2251 2470 2305 διά
2512 2268 2656 2314 τινος
2700 2251 2896 2314 κακίας
2938 2247 3344 2302 ἀποσπασθεῖσα
3373 2247 3470 2315 τῆς
3511 2244 3720 2314 ὑψηλο-

2135 2343 2301 2413 τέρας
2347 2345 2379 2413 ή
2425 2343 2568 2413 ψυχὴ
2610 2342 2914 2405 πολιτείας,
2964 2328 3099 2410 μετά
3141 2339 3201 2392 τὸ
3250 2336 3465 2403 (καθώς
3507 2335 3716 2404 φασιν)

2138 2433 2284 2498 ἅπαξ
2311 2434 2610 2503 γεύσασθαι
2650 2433 2741 2486 τοῦ
2780 2429 3091 2501 σωματικοῦ
3126 2430 3239 2500 βίου
3261 2473 3276 2494 ,
3303 2429 3462 2482 πάλιν
3497 2425 3715 2496 ἄνθρωο

2138 2543 2237 2589 πος
2280 2526 2524 2594 γίνεται,
2575 2523 2979 2595 ἐμπαθέστερος
3029 2523 3085 2576 δὲ
3131 2523 3343 2584 πάντως
3376 2522 3405 2575 ό
3443 2523 3501 2572 ὲν
3550 2517 3714 2589 σαρκὶ

2142 2619 2253 2689 βίος
2307 2617 2646 2687 ὁμολογεῖται
2691 2615 2840 2686 παρά
2883 2615 2970 2667 τὸν
3018 2613 3185 2666 ἀΐδιον
3229 2613 3325 2666 καὶ
3380 2609 3711 2678 ἀσώματονο

2141 2709 2355 2777 ἀνάγκη
2387 2709 2537 2761 πᾶσα
2566 2706 2664 2776 τὴν
2697 2707 2754 2758 ὲν
2789 2703 2866 2774 τῷ
2900 2703 3124 2773 τοιούτῳ
3154 2703 3449 2772 γινομένην
3486 2700 3622 2770 βίῳ,
3656 2699 3712 2750 ὲν

2140 2793 2184 2868 ᾧ
2213 2801 2431 2862 πλείους
2460 2800 2514 2852 αἱ
2545 2797 2681 2868 πρὸς
2721 2797 2782 2848 τὸ
2811 2794 3144 2865 ἁμαρτάνειν
3171 2793 3306 2846 είσὶν
3335 2791 3587 2860 ἀφορμαὶ
3607 2831 3622 2852 ,
3655 2790 3710 2840 ὲν

2142 2890 2347 2944 πλείονί
2370 2907 2429 2942 τε
2456 2889 2624 2958 κακίᾳ
2648 2887 2897 2956 γενέσθαι
2916 2927 2930 2948 ,
2959 2889 3052 2942 καὶ
3080 2885 3487 2957 ἐμπαθέστερον
3515 2883 3550 2952 ἢ
3583 2879 3712 2950 πρό-

2139 2983 2295 3054 τέρον
2332 2981 2665 3050 διατεθῆναιο
2707 2979 3054 3052 ἀνθρωπίνης
3093 2979 3150 3032 δὲ
3199 2976 3376 3047 ψυχῆς
3424 2973 3634 3036 πάθος,
3677 2973 3710 3041 ἡ

2144 3074 2278 3144 πρὸς
2319 3073 2378 3126 τὸ
2419 3073 2609 3141 ἄλογόν
2651 3075 2796 3125 ἐστιν
2840 3070 3130 3142 ὁμοίωσις·
3175 3074 3348 3138 τούτῳ
3395 3067 3454 3120 δὲ
3488 3081 3708 3136 προσοι-

459 3153 786 3226 proferendo
808 3196 822 3219 ,
851 3153 1066 3208 tandem
1100 3155 1204 3207 huc
1239 3153 1443 3223 delapsi
1478 3137 1627 3209 sunt.
1663 3155 1719 3209 Si
1749 3137 1893 3210 enim
1930 3154 2036 3208 ani-

2142 3164 2459 3219 κειωθεῖσαν
2500 3165 2687 3234 αὐτὴν,
2717 3165 2796 3226 εἰς
2829 3161 3074 3233 κτηνὼδη
3108 3161 3267 3230 φύσιν
3305 3159 3708 3230 μεταρῤυῆναιο

456 3263 582 3301 mus
613 3247 795 3317 aliquo
826 3262 884 3301 se
910 3249 1043 3301 vitio
1074 3249 1356 3317 polluens,
1391 3257 1681 3318 postquam
1717 3247 1884 3303 semel
1917 3248 2038 3301 vita:

458 3353 736 3408 corporea:
767 3350 985 3409 gustum
1033 3341 1310 3409 percepit,
1359 3354 1419 3394 ut
1467 3342 1569 3410 ipsi
1614 3341 1932 3410 loquuntur,
1972 3339 2040 3393 de

459 3429 778 3484 conditione
809 3444 872 3482 ac
904 3437 1045 3483 statu
1077 3430 1377 3485 excelsiore
1412 3432 1647 3500 quodam
1681 3429 1946 3499 dcjectus,
1983 3431 2038 3484 in

458 3523 734 3577 hominem
767 3522 1041 3592 immigrat
1066 3542 1078 3576 :
1110 3523 1268 3591 cujus
1293 3524 1520 3576 omnino
1549 3523 1658 3574 vita
1681 3561 1696 3585 ,
1724 3531 2040 3591 comparata

459 3627 584 3665 cum
625 3611 715 3664 illa
758 3620 958 3665 aeterna
1005 3619 1060 3665 et
1093 3612 1449 3680 incorporea,
1493 3610 1743 3680 pluribus
1789 3619 1874 3664 est
1915 3627 2039 3680 per-

460 3703 866 3758 turbationibus
895 3703 1131 3757 obnoxia
1159 3721 1172 3758 :
1202 3718 1430 3758 necesse
1465 3709 1550 3758 est
1581 3702 1734 3756 illum
1771 3702 2042 3756 exsisten-

459 3802 569 3849 tem
605 3795 660 3848 in
687 3795 797 3848 vita
819 3832 835 3857 ,
870 3810 991 3863 qua:
1021 3795 1206 3864 plures
1237 3795 1305 3848 ad
1341 3793 1681 3865 peccandum
1714 3793 2040 3849 occasiones

460 3885 690 3950 habeat,
744 3886 994 3956 pluribus
1048 3888 1211 3938 etiam
1248 3886 1396 3940 vitiis
1433 3901 1492 3939 se
1528 3885 1860 3954 inquinare:
1898 3884 2040 3938 mul-

459 3987 625 4048 toque
657 3979 864 4046 magis,
899 3993 1058 4046 quam
1097 3986 1259 4040 ante,
1293 3977 1502 4032 morbis
1551 3986 1606 4030 et
1651 3975 2038 4030 aﬂ‘ectionibus

2142 3256 2287 3322 ἅπαξ
2317 3256 2371 3308 δὲ
2407 3255 2497 3308 διά
2527 3257 2722 3317 κακίας
2751 3253 3038 3308 ὁδεύουσαν
3057 3293 3070 3316 ,
3104 3252 3238 3323 μηδὲ
3270 3253 3327 3303 ἐν
3357 3250 3536 3320 ἀλόγῳ
3565 3266 3715 3316 γενοο

2145 3349 2331 3418 μένην,
2359 3347 2457 3416 τῆς
2479 3347 2570 3398 ἐπὶ
2597 3345 2657 3398 τὸ
2679 3345 2846 3398 κακὸν
2875 3345 3095 3416 προόδου
3125 3342 3284 3414 λῆξαί
3317 3358 3467 3394 ποτε.
3508 3340 3578 3391 Ἡ
3609 3339 3715 3408 γὰρ

2141 3437 2234 3492 τοῦ
2290 3437 2461 3491 κακοῦ
2497 3437 2713 3503 στάσις,
2747 3437 2887 3507 ἀρχὴ
2925 3437 3020 3506 τῆς
3056 3436 3174 3487 κατ’
3208 3434 3408 3502 ἀρετήν
3439 3433 3587 3484 ἐστιν
3629 3434 3720 3501 όρ-

2147 3527 2283 3597 μῆς·
2316 3527 2484 3597 ἀρετὴ
2516 3528 2571 3580 δὲ
2594 3530 2651 3580 ὲν
2682 3527 2895 3595 ἀλόγοις
2918 3529 3017 3579 οὑκ
3042 3527 3204 3579 ἐστιν.
3233 3523 3440 3578 Οὐκοῦν
3459 3524 3548 3574 ἀεὶ
3579 3522 3722 3591 πρὸς

2141 3618 2202 3670 τὸ
2234 3620 2413 3688 χεῖρον
2447 3618 2505 3683 ἐξ
2535 3619 2778 3687 ἀνάγκης
2807 3617 3260 3688 ἀλλοιωθήσεται,
3304 3617 3533 3668 πάντοτε
3579 3613 3724 3684 πρὸς

2139 3707 2201 3758 τὸ
2230 3709 2549 3777 ἀτιμότερον
2589 3709 2882 3778 προϊοῦσα,
2937 3710 3030 3761 καὶ
3075 3710 3163 3761 ἀεὶ
3207 3709 3267 3760 τὸ
3307 3710 3488 3778 χεῖρον
3512 3705 3612 3775 τῆς
3662 3707 3724 3756 ἐν

2141 3792 2174 3871 ᾖ
2206 3799 2320 3851 ἐστι
2367 3799 2577 3867 φύσεως
2610 3800 3017 3871 ὲξευρίσκουσα.
3050 3801 3259 3870 Ὥσπερ
3293 3799 3349 3852 δὲ
3375 3797 3466 3850 τοῦ
3493 3795 3723 3864 λογικοῦ

2138 3888 2201 3941 τὸ
2250 3890 2504 3958 αἰσθητὸν
2547 3891 2916 3962 ὑποϐέϐηκεν,
2947 3890 3090 3944 οὕτω
3139 3893 3233 3944 καὶ
3266 3889 3371 3943 ἀπὸ
3396 3888 3588 3940 τούτου
3625 3887 3727 3939 ἐπὶ

2140 3978 2201 4030 τὸ
2225 3978 2545 4050 ἀναίσθητον
2573 3983 2605 4052 ἡ
2640 3982 2985 4051 μετάπτωσις
3013 3982 3239 4050 γίνεται.

458 4089 580 4128 esse
615 4072 894 4127 deditum:
927 4072 1019 4141 qui
1051 4075 1226 4126 morbi
1271 4072 1526 4127 humanis
1572 4072 1628 4124 in
1672 4071 1872 4125 animis
1905 4071 2026 4141 ejus
2061 4071 2226 4141 {modi
2275 4088 2438 4141 sunt,
2491 4086 2550 4131 ut
2585 4080 2883 4134 secundum
2923 4079 3022 4132 hos
3047 4077 3415 4131 animantibus
3445 4091 3474 4127 a
3507 4073 3730 4127 ratione

459 4166 738 4220 destitutis
772 4167 1089 4221 consimiles
1133 4169 1326 4221 simus.
1375 4165 1466 4221 Eis
1525 4181 1692 4236 porro
1735 4168 1782 4220 si
1823 4176 2090 4237 cognatus
2137 4185 2260 4225 esse
2308 4174 2523 4229 animus
2560 4175 2786 4244 incipit,
2824 4175 3083 4229 nimirum
3116 4175 3182 4227 ad
3216 4173 3429 4227 brutam
3465 4184 3590 4224 sese
3619 4183 3730 4222 na-

457 4262 639 4310 turam
675 4255 932 4308 demittit.
980 4253 1226 4323 Cumque
1275 4255 1412 4308 adeo
1460 4255 1629 4309 semel
1674 4255 1929 4309 vitiorum
1973 4258 2130 4325 quasi
2175 4263 2427 4314 semitam
2459 4262 2667 4333 ingredi
2694 4265 2947 4332 creperit,
2982 4281 3048 4317 ne
3089 4272 3202 4316 tum
3245 4262 3467 4332 quidem
3497 4261 3564 4313 ad
3602 4273 3728 4312 ma-

459 4344 570 4397 ium
607 4343 854 4412 progredi
911 4341 1157 4407 desinet,
1201 4358 1326 4396 cum
1372 4342 1439 4396 ad
1482 4351 1734 4396 naturam
1783 4343 2012 4397 rationis
2058 4359 2337 4414 expertem
2394 4355 2720 4419 pervenerlt.
2774 4353 2907 4407 Nam
2955 4355 3001 4406 is
3047 4355 3265 4407 tandem
3298 4355 3426 4407 mali
3455 4353 3581 4406 ﬁnis
3606 4359 3732 4416 est,

457 4447 490 4486 a
519 4447 628 4500 quo
654 4431 874 4486 virtutis
904 4432 1085 4487 cultus
1116 4434 1340 4502 incipit;
1375 4448 1439 4487 ea
1472 4448 1603 4487 vero
1637 4434 1832 4487 cadere
1860 4436 1914 4487 in
1944 4435 2200 4491 animalia
2231 4442 2461 4497 rationis
2511 4446 2755 4513 expertia
2811 4446 3024 4513 nequit.
3068 4444 3276 4497 Idcirco
3331 4458 3548 4512 semper
3603 4441 3724 4493 ani~

459 4537 585 4577 inus
634 4521 691 4576 in
739 4521 893 4589 pejus
946 4529 1067 4575 ruet
1118 4522 1493 4577 vicissitudine
1536 4530 1832 4592 perpetua,
1875 4533 2236 4594 naturamque
2287 4531 2612 4587 deteriorem
2661 4550 2759 4598 ea,
2812 4551 2918 4603 qua
2953 4537 3282 4601 continetur,
3330 4535 3591 4606 inquiret.
3651 4531 3730 4588 Ut

455 4619 642 4666 autem
678 4619 884 4663 natura:
921 4609 1150 4664 rationis
1185 4619 1392 4663 ornatae
1432 4610 1747 4679 praestantia
1787 4611 2037 4679 proxima
2087 4613 2179 4666 illa
2225 4629 2338 4684 est,
2391 4637 2512 4689 quae
2570 4624 2775 4677 sentit:
2811 4625 2891 4678 sic
2941 4638 2970 4677 a
3023 4627 3291 4680 sentiente
3341 4624 3623 4695 prolapsio
3662 4625 3732 4678 ﬁt

460 4703 528 4755 ad
563 4715 682 4753 eam
707 4739 721 4763 ,
757 4714 879 4767 qua:
909 4713 1105 4752 sensus
1139 4698 1302 4752 etiam
1337 4715 1532 4770 expers
1564 4707 1666 4754 est.

530 4794 648 4848 lluc
675 4809 847 4862 usque
879 4807 1166 4862 prosressa
1200 4797 1440 4863 ipsorum
1479 4795 1676 4857 oratio,
1716 4810 2030 4865 quanquam
2065 4798 2108 4852 D

458 4895 611 4940 extra
667 4885 910 4943 veritatis
962 4885 1160 4938 limites
1224 4884 1431 4940 feratur
1482 4907 1494 4940 :
1539 4895 1718 4941 tamen
1779 4889 2039 4941 continua

458 4978 692 5047 quadam
747 4977 1149 5031 consecutionis
1197 4978 1339 5032 serie
1393 4978 1462 5033 de
1495 4979 1750 5033 absurdis
1800 4979 2039 5033 absurda

459 5066 688 5136 coliigit.
728 5066 994 5136 Deinceps
1041 5082 1170 5121 vero
1214 5069 1464 5122 doctrina
1504 5069 1571 5124 de
1626 5068 1827 5124 fabulis
1874 5068 2040 5121 meris

459 5161 777 5221 constituta.
813 5161 978 5215 rebus
1008 5160 1156 5213 nullo
1185 5161 1343 5229 plane
1370 5170 1529 5230 pacto
1557 5177 1624 5215 ne
1671 5161 1773 5214 sibi
1816 5160 2036 5232 quidem

461 5248 866 5302 cohaerentibus
917 5249 1239 5318 pertcxitur.
1273 5248 1640 5319 Consequitur
1664 5251 1808 5304 enim
1851 5264 2034 5319 porro.

466 5339 706 5390 animum
737 5353 963 5407 prorsus
1006 5339 1250 5394 interire.
1295 5338 1431 5393 Nam
1464 5341 1555 5409 qui
1591 5341 1759 5396 semel
1789 5340 1856 5394 de
1892 5347 2038 5394 statu

467 5428 766 5482 excellente
790 5431 934 5484 velut
956 5431 1178 5494 excidit,
1208 5449 1485 5502 nunquam
1509 5435 1763 5488 vitiorum
1792 5435 1845 5488 in
1872 5451 2038 5488 cursu

467 5523 662 5566 metam
710 5517 776 5570 ad
817 5518 1074 5588 aliquam,
1112 5521 1203 5574 ubi
1231 5521 1425 5576 deinde
1459 5525 1726 5592 quiescat,
1755 5526 2037 5592 pervenire

469 5605 679 5658 scilicet
737 5612 928 5675 poterit
977 5627 989 5663 :
1037 5610 1130 5664 sed
1189 5620 1406 5682 propter
1444 5615 1617 5682 ipsius
1674 5601 1849 5666 animi
1903 5628 2033 5682 erga

466 5695 686 5750 morbos
741 5706 794 5752 et
837 5701 1269 5769 perturbationes
1315 5703 1677 5770 aifectionem,
1720 5706 1787 5760 de
1836 5715 2032 5760 natura

2220 4797 2378 4849 Ἀλλὰ
2420 4800 2579 4868 μέχρι
2608 4800 2797 4852 τούτου
2837 4800 3043 4872 προῖὼν
3069 4803 3099 4856 δ
3134 4802 3290 4871 λόγος
3319 4805 3524 4869 αὐτοῖς,
3547 4809 3597 4859 εἰ
3623 4809 3727 4862 καὶ

2138 4887 2242 4954 ἔξω
2269 4891 2366 4958 τῆς
2415 4889 2671 4960 ἀληθείας
2701 4891 2959 4962 φέρεται,
3007 4894 3143 4948 ἀλλά
3184 4913 3247 4963 γε
3277 4895 3365 4948 διά
3393 4915 3538 4960 τινος
3581 4899 3724 4952 ἀκο⁴

2136 4978 2356 5040 λουθίας
2398 4978 2457 5029 τὸ
2481 4978 2675 5032 ἄτοπον
2718 4982 2776 5046 ἐξ
2815 4983 3018 5035 ἀτόπου
3075 4985 3503 5054 μεταλαμϐάνει.
3550 4988 3626 5040 Τὸ
3663 4989 3726 5042 δὲ

2139 5067 2385 5119 ἐντεῦθεν
2415 5066 2514 5138 ἤδη
2542 5068 2629 5120 διὰ
2670 5069 2774 5122 τῶν
2802 5072 3190 5142 ἀσυναρτήτων
3229 5075 3412 5138 αὐτοῖς
3439 5077 3502 5128 τὸ
3539 5077 3726 5147 δόγμα

2142 5155 2535 5224 μυθοποιείται.
2590 5159 2652 5210 Ἡ
2686 5159 2784 5228 μὲν
2831 5160 2938 5232 γὰρ
2979 5163 3268 5214 ἀκολουθία
3321 5166 3561 5236 παντελῆ
3606 5168 3732 5220 δια-

2145 5246 2346 5314 φθορὰν
2392 5247 2490 5316 τῆς
2536 5247 2712 5316 ψυχῆς
2757 5249 3152 5304 ὑποδείκνυσιν.
3192 5252 3257 5305 Ἦ
3284 5252 3392 5323 γὰρ
3431 5254 3581 5321 ἅπαξ
3625 5257 3732 5328 τῆς

2142 5337 2352 5407 ὑψηλῆς
2400 5338 2674 5402 πολιτείας
2717 5340 3158 5412 ἀπολισθήσασα,
3193 5345 3250 5396 ἐν
3297 5346 3476 5398 οὐδενὶ⁵
3534 5347 3727 5420 μέτρῳ

2141 5430 2340 5492 κακίας
2361 5429 2554 5498 στῆναι
2578 5432 2880 5501 δυνήσεται,
2902 5433 3038 5488 ἀλλὰ
3065 5435 3154 5488 διὰ
3184 5437 3283 5506 τῆς
3315 5438 3452 5508 πρὸς
3479 5440 3546 5491 τά
3571 5441 3728 5512 πάθη

2148 5521 2383 5589 σχέσεως
2401 5563 2412 5581 ,
2441 5523 2548 5574 ἀπὸ
2585 5524 2680 5591 μὲν
2707 5522 2798 5575 τοῦ
2827 5523 3045 5592 λογικοῦ
3079 5526 3215 5597 πρὸς
3239 5528 3300 5579 τὸ
3327 5528 3522 5597 ἄλογον
3554 5548 3732 5600 μετα-

2142 5608 2362 5678 ϐήσεται
2385 5627 2397 5640 ο
2442 5613 2536 5664 ἀπ’
2569 5613 2774 5666 ἐκείνου
2803 5615 2860 5668 δὲ
2893 5617 3031 5686 πρὸς
3068 5617 3167 5688 τὴν
3201 5617 3308 5672 τῶν
3340 5621 3526 5687 φυτῶν
3569 5623 3734 5674 ἀναι-

2145 5701 2369 5771 σθησίαν
2420 5704 2877 5774 μετατεθήσεται⁹
2925 5707 3003 5777 τῷ
3041 5707 3096 5762 δὲ
3149 5710 3460 5783 ἀναισθήτῳ
3515 5715 3732 5784 γειτνιᾷ
