3886 6214
197 258 314 314 255

1469 251 1552 305 DE
1591 237 1874 306 HOMINIS
1901 247 2210 309 OPIFICIO.

3361 253 3470 311 εει

196 391 319 436 πως
355 371 420 425 τὺ
459 371 698 440 ἄψυχον
741 360 916 441 τούτῳ
959 371 1016 425 δὲ
1061 371 1122 424 τὸ
1181 369 1526 442 ἀνύπαρκτον
1574 370 1786 425 ἕπεται.

1896 377 2148 440 compote
2187 370 2439 436 rationis,
2479 371 2544 425 ad
2585 369 2746 424 aliam
2775 363 2941 440 hujus
2968 375 3245 438 expertem
3289 375 3471 422 transc

197 463 366 516 Ὥστε
419 463 646 518 καθόλου
701 463 788 516 διὰ
837 465 934 534 τῆς
989 461 1308 525 ἀκολουθίας
1343 461 1476 532 πρὸς
1513 459 1574 514 τδ
1609 459 1684 531 μὴ
1722 459 1783 514 ὃν

193 547 386 619 αὐτοῖς
417 557 450 626 ἡ
482 555 630 626 ψυχὴ
669 557 1068 626 μεταχωρήσει.
1099 553 1306 608 Οὐκοῦν
1333 555 1614 624 ἀμήχανος
1642 555 1781 626 αὐτῇ

192 643 362 700 πάλιν
404 643 463 708 ἐξ
491 645 737 713 ἀνάγκης
767 643 920 696 ἔσται
964 645 994 713 ἡ
1047 641 1180 712 πρὸς
1207 641 1268 694 τὸ
1303 644 1546 711 κρεῖττον
1586 641 1786 696 ἐπάνο-

191 736 310 800 δος.
355 729 516 788 Ἄλλά
571 735 677 806 μὴν
723 737 788 788 ἐκ
830 735 1037 805 θάμνου
1085 733 1177 788 ἐπὶ
1208 734 1303 788 τὸν
1352 733 1638 804 ἄνθρωπον
1687 733 1786 802 τὴν

189 827 378 897 ψυχὴν
425 827 811 895 ἐπανάγουσιν.
872 825 1080 879 Οὐκοῦν
1127 825 1527 896 προτιμοτέραν
1585 823 1684 896 τὴν
1728 827 1786 876 ἐν

191 917 394 988 θάμνῳ
447 915 592 988 ζωὴν
651 917 750 988 τῆς
801 917 1094 987 ἀσωμάτου
1152 916 1429 987 διαγωγῆς
1475 917 1540 969 ἐκ
1582 916 1786 967 τούτων

193 1006 670 1062 ἀποδεικνύουσιν.
707 1007 985 1061 Δέδεικται
1011 1008 1142 1077 γὰρ,
1175 1008 1257 1060 δτι
1290 1009 1324 1076 ἢ
1355 1005 1492 1076 προς
1521 1006 1582 1058 τὸ
1607 1009 1786 1076 χεῖρον

195 1100 466 1170 γενομένη
515 1099 740 1184 πρόοδος
785 1099 887 1169 τῆς
936 1099 1151 1170 ψυχῆς,
1185 1098 1322 1170 πρὸς
1369 1097 1429 1150 τὸ
1477 1098 1785 1168 κατώτερον
1833 1139 1836 1146 .

195 1191 343 1243 κατὰ
371 1189 434 1242 τὸ
462 1181 610 1252 εἰκὸς
645 1181 1000 1259 ὕποϐήσεται.
1042 1187 1389 1259 ’Υποόέϐηκε
1417 1189 1474 1241 δὲ
1505 1189 1604 1260 τὴν
1633 1189 1788 1242 ἀναί-

197 1280 398 1350 σθητον
438 1281 598 1350 φύσιν
627 1281 686 1334 τὺ
715 1280 939 1350 ἄψυχον,
965 1281 1045 1344 είς
1071 1280 1098 1332 δ
1131 1281 1200 1334 δι’
1229 1279 1548 1343 ἀκολουθίας
1581 1281 1614 1352 ἡ
1645 1280 1788 1350 ἁρχὴ

195 1371 294 1428 τοῦ
352 1371 622 1442 δόγματος
665 1371 842 1424 αὐτῶν
889 1373 989 1443 τὴν
1028 1369 1208 1442 ψυχὴν
1250 1369 1396 1438 ἄγει.
1437 1371 1574 1423 Ἀλλ’
1602 1369 1789 1440 ἐπειδὴ

195 1466 358 1518 τοῦτο
379 1465 442 1518 ού
465 1463 794 1536 βούλονταιῆ
831 1463 909 1534 τῷ
937 1463 1252 1536 ἀναισθήτῳ
1283 1463 1382 1534 τὴν
1407 1463 1584 1535 ψυχὴν
1615 1465 1788 1532 ἐγκα-

193 1557 574 1619 τακλείουσιν,
608 1557 640 1616 ἦ
687 1557 846 1626 εἴπερ
892 1555 1140 1609 ἐντεῦθεν
1189 1555 1283 1608 ἐπὶ
1309 1555 1401 1608 τὸν
1447 1555 1790 1626 ἀνθρώπινον

195 1647 370 1717 αὐτὴν
405 1647 732 1715 ὲπανάγοιεν
779 1647 924 1716 βίον,
970 1647 1364 1719 προτιμότερον
1394 1645 1608 1712 (καθὼς
1640 1643 1790 1717 είρη-

191 1741 324 1806 ται)
358 1741 450 1792 τὸν
499 1737 704 1810 ξυλώδη
752 1739 865 1810 βίον
908 1729 1007 1809 τῆς
1045 1739 1269 1810 πρώτης
1301 1739 1640 1806 ἀποδείξουσι
1682 1757 1785 1792 κα·
1821 1727 1861 1780 Β

191 1831 548 1897 ταστάσεως,
592 1832 752 1904 εἴπερ
795 1831 1004 1885 ἐκεῖθεν
1051 1832 1152 1902 μὲν
1193 1831 1225 1902 ἡ
1278 1831 1416 1900 πρὸς
1457 1819 1656 1884 κακίαν
1687 1847 1789 1884 κα-

191 1929 480 1990 τάπτωσις
523 1917 766 1996 γέγονεν.
803 1925 1050 1980 ἐντεῦθεν
1081 1927 1138 1980 δὲ
1176 1930 1209 1998 ἡ
1242 1926 1378 1998 πρὸς
1417 1926 1616 1996 ἀρετὴν
1647 1927 1788 1980 ἑπά-

191 2020 346 2083 νοδος
395 2019 624 2088 γίνεται.
685 2017 896 2072 Οὐκοῦν
939 2018 1210 2088 ἁκέφαλός
1259 2035 1344 2082 τις
1392 2018 1484 2071 καὶ
1526 2018 1722 2088 ἀτελὴς
1761 2019 1790 2067 ὁ

191 2112 438 2176 τοιοῦτος
465 2112 800 2182 διελέγχεται
846 2111 1025 2180 λόγος,
1060 2099 1089 2164 ὁ
1119 2111 1218 2174 τὰς
1243 2109 1422 2182 ψυχὰς
1455 2111 1538 2180 ἐφ’
1581 2109 1789 2164 ἑαυτῶν

193 2203 306 2276 πρὸ
333 2205 436 2275 τῆς
479 2207 538 2258 ὲν
589 2206 754 2275 σαρκὶ
808 2201 954 2274 ζωῆς
1007 2201 1272 2274 βιοτεύειν
1325 2201 1786 2266 κατασκευάζων,

195 2295 296 2348 καὶ
332 2293 422 2348 διὰ
461 2293 662 2357 κακίας
707 2293 1012 2347 συνδεῖσθαι
1055 2295 1169 2357 τοῖς
1213 2295 1452 2364 σώμασι.
1492 2293 1613 2346 Τῶν
1638 2293 1696 2347 δέ
1725 2311 1788 2362 γε

193 2383 474 2454 νεωτέραν
515 2383 612 2435 τοῦ
663 2381 914 2452 σώματος
965 2383 1064 2454 τὴν
1092 2382 1271 2453 ψυχὴν
1319 2377 1457 2435 εἶναι
1487 2381 1787 2450 λεγόντων,

191 2481 446 2545 προκατε
457 2473 732 2544 σκευάσθη
754 2472 842 2526 διὰ
869 2473 978 2525 τῶν
1006 2471 1234 2526 κατόπιν
1264 2473 1298 2544 ἡ
1326 2471 1548 2526 ἀτοπία,
1583 2471 1791 2526 Οὐκοῦν

189 2567 510 2636 ἀπόὀλητος
556 2565 754 2637 ἐπίσης
800 2571 828 2619 ὁ
867 2567 996 2636 παρ’
1044 2563 1370 2636 ἀμφοτέρων
1401 2566 1576 2634 λόγος.
1609 2565 1708 2619 Διά
1735 2565 1791 2619 δὲ

185 2657 293 2712 τοῦ
343 2659 512 2728 μέσου
561 2658 672 2712 τῶν
713 2657 1033 2728 ὑπολήψεων
1081 2657 1326 2710 εὐθύνειν
1367 2652 1520 2728 οἶμαι
1571 2657 1680 2710 δεῖν
1733 2660 1790 2710 ἐν

185 2751 426 2822 ἀληθείᾳ
456 2751 518 2804 τὸ
543 2751 811 2823 ἡμέτερον
839 2749 1038 2822 δόγμα.
1075 2751 1230 2804 Ἔστι
1268 2749 1325 2803 δὲ
1357 2747 1538 2814 τοῦτο,
1566 2749 1627 2802 τὸ
1653 2751 1789 2820 μήτε

184 2842 344 2895 κατά
377 2843 478 2913 τὴν
537 2841 854 2914 Ἑλληνικὴν
898 2841 1114 2909 ἀπάτην
1161 2843 1218 2894 ἐν
1270 2841 1440 2914 κακίᾳ
1478 2841 1586 2894 τινὶ
1621 2843 1791 2913 βαρη-

181 2933 392 2998 θείσας
433 2933 536 2998 τὰς
568 2933 646 3004 τῷ
681 2935 846 2988 παντὶ
879 2933 1394 3005 συμπεριπολούσας
1436 2933 1634 3006 ψυχὰς,
1665 2935 1792 2988 ἀδυ-

1886 461 2023 530 ibit;
2061 461 2128 518 de
2150 463 2252 518 hac
2285 479 2480 519 rursus
2517 463 2582 518 ad
2611 463 2846 535 plantas,
2889 479 3054 518 sensu
3087 463 3251 516 etiam
3277 475 3474 515 caren-

1888 562 1993 617 tes,
2036 554 2236 624 quibus
2265 569 2328 609 ea
2373 563 2566 608 natura
2606 565 2690 610 est
2713 553 2982 624 proxima,
3017 552 3072 607 in
3099 565 3204 623 qua
3243 565 3472 621 prorsus

1888 644 2070 698 anima
2117 645 2266 699 nulla
2310 652 2580 714 estzpost
2615 657 2777 712 quam
2835 643 2972 696 nihil
3009 649 3093 697 est
3135 641 3283 695 aliud
3338 641 3466 694 reli-

1886 749 2079 802 quum,
2135 735 2240 788 nisi
2292 735 2358 788 de
2401 736 2648 790 inanimo
2694 734 2749 788 in
2793 733 3022 788 nihilum
3065 731 3468 802 commigratio.

1889 823 1965 879 De
1991 840 2102 895 quo
2129 825 2312 898 colligi
2345 837 2544 896 potest,
2571 827 2812 880 animum
2841 841 2935 896 per
2960 827 3204 896 ipsorum
3228 826 3472 879 rationes

1889 916 2145 972 universe
2174 917 2394 972 tandem
2437 918 2770 972 exstinctum
2818 917 2881 970 iri
2910 935 2924 970 :
2956 915 3188 986 ideoque
3216 916 3331 970 lieri
3362 931 3472 970 non

1889 1022 2053 1077 posse
2089 1009 2199 1062 ullo
2233 1017 2415 1078 pacto,
2451 1017 2511 1062 ut
2542 1009 2608 1062 ad
2661 1018 2862 1064 statum
2907 1009 3344 1079 praestantiorem
3385 1023 3474 1063 re-

1888 1097 2032 1152 deat.
2068 1097 2136 1150 At
2169 1098 2314 1152 enim
2357 1099 2413 1152 hi
2443 1100 2684 1154 animum
2717 1115 2782 1153 ex
2823 1099 3048 1154 arbusto
3097 1099 3164 1153 ad
3195 1099 3472 1154 hominem

1890 1189 2182 1250 reducunt,
2211 1189 2568 1260 quamobrem
2600 1189 2894 1246 ostendunt
2927 1205 2986 1245 se
3019 1198 3279 1256 statuere,
3305 1190 3474 1245 vitam

1890 1279 1948 1334 in
2004 1281 2234 1336 arbusto
2283 1283 2718 1351 praestantiorem
2771 1283 2859 1336 illa
2905 1297 3050 1346 esse,
3102 1297 3264 1351 quam
3316 1288 3474 1336 extra

1889 1384 2101 1438 corpus
2132 1371 2352 1425 animus
2397 1371 2525 1439 agit.
2569 1369 2665 1424 Est
2687 1371 2832 1426 enim
2877 1371 3312 1425 demonsuatum
3361 1385 3472 1424 non

1891 1475 2054 1531 posse
2114 1462 2180 1515 ad
2239 1469 2441 1517 statum
2493 1461 2817 1517 deteriorem
2873 1461 3114 1516 animum
3175 1459 3470 1532 progredi,

1891 1562 2044 1608 extra
2079 1569 2242 1625 quam
2276 1553 2320 1608 si
2358 1554 2426 1608 ad
2467 1553 2730 1608 inferiora
2777 1553 3112 1624 prolabatur.
3158 1553 3255 1608 Est
3287 1561 3472 1608 autem

1893 1647 2140 1714 proxime
2186 1645 2329 1699 inl‘ra
2383 1655 2634 1700 naturam
2680 1661 2876 1702 sensus
2923 1656 3200 1715 expertem
3244 1661 3473 1717 prorsus

1891 1739 2153 1802 inanima,
2189 1739 2244 1793 in
2275 1753 2440 1809 quam
2475 1739 2740 1793 continua
2762 1739 2903 1794 serie
2930 1739 3194 1794 doctrinae
3228 1739 3472 1809 ipsorum

1890 1833 2222 1903 principium
2250 1831 2472 1887 tandem
2521 1833 2766 1886 animum
2802 1831 3042 1887 deducit.
3075 1831 3234 1898 Quod
3277 1831 3323 1888 si
3367 1831 3475 1886 hoe

1889 1925 2028 1979 velle
2093 1941 2154 1980 se
2209 1931 2430 1994 negant,
2501 1921 2778 1977 fateantur
2831 1939 3060 1978 necesse
3108 1929 3215 1989 est,
3266 1923 3347 1977 vel
3403 1921 3474 1977 ad

1890 2023 2196 2069 extremum
2231 2029 2460 2084 prorsus
2495 2015 2739 2070 animum
2775 2022 2988 2068 natura:
3023 2027 3219 2070 sensus
3262 2015 3473 2086 experti

1891 2121 2115 2161 manere
2164 2107 2459 2172 inclusum,
2489 2107 2576 2162 vel
2617 2107 2664 2162 si
2711 2107 2780 2162 de
2817 2107 2922 2161 hac
2963 2107 3030 2162 ad
3071 2107 3236 2161 vitam
3276 2107 3473 2162 huma-

1892 2214 2018 2252 nam
2049 2209 2370 2264 revertatur,
2417 2198 2471 2252 id
2504 2214 2628 2254 esse
2669 2214 2855 2254 verum
2883 2199 3029 2269 quod
3075 2209 3200 2255 ante
3231 2199 3474 2256 diximus

1891 2305 1960 2345 ex
1999 2291 2104 2344 hoc
2157 2291 2338 2361 sequi,-
2375 2289 2811 2360 praestantiorem
2861 2289 3074 2350 scilicet
3113 2291 3181 2346 ab
3226 2292 3307 2347 eis
3351 2307 3474 2348 eam

1891 2383 2058 2437 vitam
2090 2384 2278 2448 statui,
2323 2397 2445 2454 quae
2475 2383 2531 2437 in
2575 2381 2739 2454 lignis
2767 2384 3008 2450 exsistit,
3037 2383 3146 2438 vita
3188 2392 3243 2438 et
3280 2383 3474 2438 condi-

1893 2477 2044 2534 tione
2085 2479 2332 2548 principe
2367 2498 2381 2532 :
2421 2477 2642 2548 quando
2677 2491 2706 2530 a
2757 2477 3008 2548 principe
3068 2478 3382 2533 conditione
3418 2475 3476 2532 ﬁt

1893 2571 1960 2625 ad
1993 2571 2184 2626 vitium
2211 2571 2510 2641 prolapsio,
2537 2577 2592 2625 et
2629 2585 2660 2624 a
2699 2579 2895 2624 natura
2933 2585 3130 2624 sensus
3155 2579 3375 2640 experte
3406 2567 3476 2622 ad

1894 2665 2154 2718 virtutem
2185 2663 2415 2718 reditus.
2449 2661 2590 2732 Ergo
2630 2670 2742 2717 tota
2777 2662 3022 2731 ipsorum
3052 2659 3193 2714 ratio
3218 2668 3273 2716 et
3296 2659 3478 2730 capite

1895 2763 2067 2818 caret,
2098 2761 2152 2808 et
2179 2753 2307 2818 line,
2349 2767 2456 2823 qua
2505 2752 2740 2821 probare
2765 2759 3038 2806 conantur
3065 2751 3281 2804 animos
3320 2757 3478 2806 antc-

1892 2863 2058 2918 quam
2103 2845 2158 2900 in
2207 2861 2376 2899 carne
2410 2847 2615 2907 vivant,
2657 2844 2821 2898 .intcr
2867 2857 2928 2898 se
2969 2841 3190 2912 degere,
3223 2841 3480 2912 vitiisque

1893 2941 2128 3012 primum
2173 2940 2578 2992 contaminatos
2625 2935 2950 3007 corporibus
2999 2937 3230 3006 alligari.
3271 2935 3478 2990 Eorum

181 3024 372 3097 ναμίᾳ
415 3025 510 3080 τοῦ
561 3025 971 3098 συμπαραθέειν
1003 3029 1068 3096 τῇ
1115 3025 1334 3098 ὀξύτητι
1367 3028 1468 3097 τῆς
1500 3026 1594 3080 τοῦ
1626 3027 1788 3080 πόλου

1895 3047 2027 3088 vero
2057 3031 2145 3102 qui
2187 3031 2340 3084 aiunt
2366 3038 2488 3084 ortu
2536 3029 2892 3100 posteriorem
2933 3042 3058 3084 esse
3089 3028 3332 3082 animum
3357 3042 3482 3084 cor-

183 3117 493 3183 κινήσεως,
533 3116 627 3168 ἐπὶ
654 3116 752 3188 τὴν
781 3117 886 3186 γῆν
914 3117 1276 3170 καταπίπτειν
1304 3117 1510 3170 οἴεσθαι
1529 3135 1541 3148 ·
1575 3117 1696 3190 μηδ’
1722 3113 1789 3172 αὖ

185 3207 367 3262 πάλιν
395 3209 560 3261 οἱονεὶ
593 3207 816 3280 πήλινον
862 3209 1154 3281 ἀνδριάντα
1179 3210 1680 3280 προδιαπλασθέντα
1713 3211 1792 3282 τῷ

185 3299 346 3368 λόγῳ
373 3300 466 3353 τὺν
507 3301 830 3372 ἄνθρωπον,
856 3301 1046 3356 τούτου
1077 3303 1240 3355 ἕνεκα
1289 3303 1389 3373 τὴν
1425 3303 1602 3373 ψυχὴν
1643 3305 1790 3372 γίνε-

189 3393 330 3446 σθαι
355 3393 555 3462 λέγειν.
586 3390 664 3447 Ἦ
693 3394 802 3466 γὰρ
834 3395 900 3450 ἂν
936 3395 1234 3467 ἀτιμοτέρα
1267 3397 1360 3449 τοῦ
1399 3397 1620 3468 πηλίνου
1654 3397 1792 3451 πλά-

190 3501 412 3558 σματος
434 3488 468 3558 ἡ
493 3487 658 3558 νοερὰ
687 3489 850 3558 φύσις
887 3487 1252 3560 ἀποδειχθείη.

1899 3139 2054 3194 pore,
2101 3131 2370 3194 praecepta
2401 3122 2513 3190 jam
2553 3119 2800 3190 quu’dam
2842 3129 2929 3176 est
2966 3129 3149 3176 mente
3199 3120 3472 3188 refutatio,

1901 3231 2024 3285 qua:
2055 3215 2316 3282 deinceps
2359 3212 2410 3265 in
2452 3213 2518 3266 iis
2565 3227 2687 3281 qua:
2737 3218 3064 3280 sequuntur,
3102 3227 3132 3266 a
3197 3212 3356 3267 nobis
3389 3229 3484 3268 ex-

1899 3316 2152 3378 ponetur.
2209 3307 2397 3376 ltaque
2444 3305 2524 3360 sic
2572 3303 2988 3368 concludamus,
3030 3311 3090 3358 ut
3133 3319 3256 3359 esse
3310 3307 3483 3374 partis

1899 3401 2186 3468 utriusque
2225 3397 2532 3454 doctrinam
2574 3411 2728 3466 aeque
2770 3395 3138 3464 abjiciendam
3171 3397 3485 3466 pronuntie-

1899 3507 2039 3546 mus.
2073 3491 2274 3545 antra
2319 3497 2449 3543 vero
2486 3491 2589 3543 hac
2627 3497 2742 3542 tota
2787 3488 2844 3544 in
2875 3503 2934 3544 re
2973 3489 3268 3551 sententia,
3303 3491 3484 3544 media

189 3582 348 3636 inter
372 3582 694 3652 opinionem
745 3591 1030 3654 utramque
1063 3585 1148 3638 via
1183 3581 1508 3648 incedendo,
1548 3585 1722 3654 ipsam
1773 3585 1839 3640 ad
1877 3587 2160 3640 veritatem
2211 3603 2332 3642 sese
2384 3584 2599 3656 diriget,
2641 3591 2726 3639 est
2771 3585 2916 3638 enim
2969 3583 3482 3652 hujusmodi:Ani-

189 3689 324 3730 mos
375 3689 556 3743 neque
599 3674 904 3730 secundum
949 3673 1151 3730 Graeca:
1197 3675 1479 3744 sapientiae
1537 3691 1808 3739 errorem,
1861 3693 1970 3731 una
2016 3693 2142 3731 cuiu
2191 3678 2550 3732 universitate
2601 3675 2656 3728 iu
2695 3674 2882 3728 orbem
2918 3673 3174 3744 agitatas,
3223 3675 3483 3732 redditos-

187 3777 308 3837 que
366 3781 466 3836 per
515 3765 774 3820 vitiorum
820 3767 1346 3820 contaminationem
1386 3768 1688 3836 graviores,
1717 3783 1842 3822 cum
1885 3784 2043 3838 pares
2103 3783 2227 3822 esse
2279 3783 2444 3822 cursu
2497 3765 2785 3820 celerrimo
2833 3764 2940 3834 poli
2982 3765 3152 3818 motui
3189 3773 3480 3835 nequeant.

191 3859 252 3914 in
311 3865 520 3912 terram
556 3859 736 3914 delabi
772 3876 786 3912 :
817 3875 993 3930 neque
1023 3859 1275 3930 corporis
1313 3873 1480 3914 causa
1532 3869 1644 3914 tum
1695 3861 1930 3930 primum
1993 3861 2151 3924 oriri,
2213 3875 2338 3915 cum
2391 3859 2506 3929 jam
2555 3857 2690 3912 illud
2763 3858 2937 3912 instar
2995 3857 3152 3912 lutea:
3192 3857 3482 3928 cujusdam

190 3961 402 4010 statuae
433 3953 506 4010 sit
533 3951 958 4008 conformatum.
986 3951 1122 4006 Nam
1166 3967 1230 4006 ea
1261 3952 1474 4006 ratione
1517 3961 1716 4008 natura
1743 3953 2100 4024 intelligentia
2132 3952 2379 4022 praedita,
2411 3952 2558 4006 luteo
2591 3949 2848 4019 ﬁgmento
2877 3947 3114 4004 deterior
3144 3951 3302 4006 foret.

701 4059 1090 4118 ΚΕΦΑΛΑΙΟΝ
1133 4062 1262 4117 ΚΘἏ

191 4156 568 4222 Κατασκευὴ
597 4155 704 4209 τοῦ
726 4155 876 4223 μίαν
907 4155 1006 4208 καὶ
1035 4154 1151 4224 τὴν
1178 4155 1374 4222 αὐτὴν
1398 4153 1574 4224 ψυχῇ
1603 4173 1665 4210 τε
1693 4155 1795 4210 καὶ

359 4227 590 4296 σώματι
617 4222 738 4292 τὴν
764 4225 961 4280 αἰτίαν
987 4222 1098 4292 τῆς
1117 4222 1430 4293 ὑπάρξεωζ-
1460 4222 1634 4282 εἶναι.

2453 4061 2690 4118 CAPUT
2731 4062 2924 4118 XXIX.

1897 4161 2044 4215 Idem
2079 4175 2194 4214 esse
2224 4175 2344 4213 cum
2379 4157 2579 4219 animo,
2611 4167 2724 4211 tum
2755 4157 2984 4228 corpori,
3019 4157 3311 4212 assistendi
3336 4159 3485 4228 priu-

2325 4269 2332 4274 .
2419 4230 2638 4295 cipiunt,
2683 4227 2957 4296 probatur.

283 4317 432 4370 ’Δλλ’
463 4315 582 4378 ἑνὸς
610 4315 764 4378 ὃντος
791 4315 886 4368 τοῦ
930 4315 1239 4386 ἀνθρώπου,
1273 4315 1366 4369 τοῦ
1393 4317 1481 4370 διὰ
1513 4315 1694 4388 ψυχῆς
1731 4333 1791 4370 τε

1967 4319 2072 4376 Sed
2102 4335 2228 4374 cum
2260 4335 2404 4376 unus
2437 4328 2491 4373 et
2533 4319 2675 4374 idem
2709 4319 2872 4374 homo
2917 4319 3006 4382 sit,
3039 4317 3134 4378 utri
3175 4333 3406 4388 corpore
3431 4329 3486 4374 et

197 4413 298 4468 καὶ
351 4409 607 4480 σώματος
647 4409 1068 4479 συνεστηκότος,
1107 4408 1237 4478 μίαν
1267 4409 1432 4462 αὐτοῦ
1481 4411 1576 4464 καὶ
1612 4409 1798 4479 κοινὴν

196 4507 306 4576 τῆς
342 4505 656 4567 συστάσεως
705 4501 802 4574 τὴν
849 4501 1024 4572 ἀρχὴν
1071 4501 1458 4564 ὑποτίθεσθαι,
1503 4501 1579 4565 ὡς
1621 4501 1690 4556 ἂν
1723 4499 1798 4572 μὴ

199 4596 370 4660 αὐτὸς
391 4593 589 4648 ἑαυτοῦ
621 4589 1046 4666 προγενέστερός
1067 4608 1128 4644 τε
1154 4591 1248 4644 καὶ
1273 4591 1538 4662 νεώτερος
1570 4592 1797 4660 γένοιτο,

199 4691 300 4746 τού
336 4691 442 4761 μὲν
477 4686 793 4758 σωματικοῦ
835 4685 1258 4758 προτερεύοντος
1299 4687 1358 4739 ὲν
1400 4685 1578 4756 αὐτῷ,
1613 4686 1708 4740 τοῦ
1740 4687 1798 4740 δὲ

197 4782 396 4852 ἑτέρου
451 4777 918 4848 ἐφυστερίζοντος.
979 4777 1142 4830 Ἀλλὰ
1182 4780 1248 4849 τῇ
1286 4777 1388 4849 μὲν
1414 4781 1796 4851 προγνωστικῇ

197 4873 296 4928 τοῦ
341 4870 486 4924 Θεοῦ
524 4869 752 4940 δυνάμει
772 4909 788 4934 ,
833 4869 976 4924 κατὰ
1005 4869 1096 4924 τὸν
1123 4870 1306 4944 μικρῷ
1335 4869 1570 4942 πρόσθεν
1597 4872 1798 4926 ἀποδο-

199 4965 368 5020 θέντα
391 4963 574 5031 λόγον,
599 4961 747 5016 ἆπαν
775 4961 1184 5032 προϋφεστάναι
1208 4962 1270 5016 τὸ
1295 4959 1635 5033 ἀνθρώπινον
1661 4965 1797 5044 πλή-

203 5073 368 5127 ρωμα
395 5053 605 5120 λέγειν,
648 5052 1148 5124 συμμαρτυρούσης
1177 5055 1258 5116 είς
1284 5053 1445 5108 τοῦτο
1465 5055 1563 5124 τῆς
1584 5071 1798 5126 προφη-

198 5147 388 5212 τείας,
417 5145 524 5216 τῆς
553 5144 818 5214 λεγούσης
854 5145 1050 5198 εἰδέναι
1083 5145 1152 5199 τὰ
1185 5146 1360 5200 πάντα
1383 5147 1476 5200 τὸν
1505 5146 1637 5199 Θεὸν
1667 5146 1796 5216 πρὶν

199 5239 478 5306 γενέσεως
509 5237 709 5292 αὐτῶν.
755 5237 844 5290 Ἐν
881 5237 940 5290 δὲ
963 5241 1028 5309 τῇ
1061 5238 1182 5292 καθ’
1207 5239 1436 5294 ἕκαστον
1461 5241 1796 5312 δημιουργίᾳ

207 5331 286 5402 μὴ
309 5329 637 5402 προτιθέναι
659 5329 754 5381 τοῦ
776 5329 964 5398 ἑτέρου
991 5331 1052 5382 τὸ
1068 5330 1277 5402 ἕτερον,
1303 5333 1440 5403 μήτε
1463 5331 1674 5403 προτοῦ
1697 5331 1798 5384 σώ-

207 5441 377 5492 ματος
397 5423 502 5492 τὴν
516 5421 716 5492 ψυχὴν,
739 5425 876 5492 μήτε
899 5423 962 5475 τὸ
981 5423 1216 5494 ἔμπαλιν
1237 5443 1249 5454 ·
1278 5425 1353 5486 ὡς
1379 5425 1442 5476 ἂν
1471 5425 1545 5498 μὴ
1579 5425 1797 5478 στασιά-

207 5516 288 5581 ζοι
319 5517 462 5588 πρὸς
489 5517 684 5568 ἑαυτὸν
715 5517 744 5568 ὁ
775 5516 1060 5587 ἄνθρωπος
1079 5519 1144 5587 τῇ
1182 5517 1322 5571 κατὰ
1345 5517 1435 5572 τὸν
1461 5518 1649 5590 χρόνον
1679 5519 1796 5572 δια-

283 5693 332 5724 ⁹⁶
371 5691 516 5748 Dan.
545 5707 668 5753 xm,
699 5689 792 5745 69..

559 5785 832 5844 Parum.
881 5781 998 5841 Gn.
1049 5779 1258 5838 XLIV.

1899 4413 2086 4468 animo
2121 4419 2336 4466 constat
2367 4427 2379 4463 :
2415 4425 2584 4466 unum
2624 4425 2750 4464 esse
2798 4425 3196 4480 communeque
3234 4411 3485 4465 tribuen-

1899 4505 2029 4560 dum
2087 4505 2138 4559 ei
2189 4503 2428 4557 dicimus
2471 4501 2774 4557 exsistendi
2819 4501 3172 4570 principium,
3225 4515 3293 4554 ne
3331 4509 3486 4572 parte

1901 4597 2004 4652 hac
2031 4597 2212 4666 seipso
2257 4595 2424 4664 prior,
2456 4593 2628 4648 altera
2661 4591 2844 4660 iunior
2873 4591 2947 4645 sit
2973 4599 3028 4646 et
3067 4591 3358 4659 posterior.
3390 4590 3486 4647 Dei

1902 4689 2114 4744 scilicet
2157 4687 2266 4740 vim
2309 4695 2512 4740 cuncta
2547 4683 2990 4753 prospicientem,
3041 4682 3202 4736 initio
3246 4681 3485 4752 speciem

1903 4787 2072 4836 totam
2113 4779 2168 4832 in
2193 4777 2476 4832 creatione
2503 4775 2846 4845 complexam
2871 4787 3016 4837 esse,
3043 4780 3104 4826 ut
3133 4788 3198 4827 ea
3225 4773 3341 4841 jam
3367 4779 3485 4826 tum

1900 4871 2222 4934 exsisteret,
2279 4867 2739 4939 quemadmodum
2801 4873 2886 4921 est
2931 4873 3058 4920 ante
3110 4863 3484 4928 declaratum,

1901 4963 2022 5032 ipso
2047 4961 2212 5017 etiam
2249 4959 2384 5014 vatis
2411 4957 2747 5018 testimonio,
2783 4957 2876 5028 qui
2910 4955 3078 5012 Deum
3111 4969 3273 5010 nosse
3301 4954 3486 5008 onmia

1901 5056 2056 5124 prius
2090 5067 2250 5123 quam
2302 5053 2576 5114 oriantur,
2620 5051 2782 5106 ait".
2823 5048 3092 5115 Quocirca
3133 5047 3364 5101 alterum
3405 5047 3486 5099 al-

1902 5147 2002 5202 teri
2035 5144 2274 5216 praepoui
2306 5157 2414 5196 non
2457 5141 2675 5204 debere,
2707 5139 2864 5209 quasi
2906 5137 3244 5208 singularum
3277 5135 3330 5188 in
3361 5150 3484 5205 par-

1909 5238 2044 5292 tium
2065 5234 2344 5290 creatione
2365 5231 2450 5286 vel
2479 5229 2700 5283 animus
2725 5228 2797 5283 sit
2826 5235 2955 5280 ante
2979 5239 3178 5292 corpus
3203 5222 3482 5277 comlitus.

1906 5327 1993 5382 vel
2021 5341 2052 5380 e
2083 5322 2362 5378 contrario
2411 5333 2614 5388 corpus
2658 5327 2784 5372 ante
2821 5316 3088 5370 animum.
3127 5312 3296 5382 quue
3344 5311 3486 5363 hanc

1907 5418 2250 5490 potissimum
2296 5413 2366 5467 ob
2411 5425 2658 5472 causam,
2705 5423 2773 5462 ne
2817 5421 3004 5462 secum
3051 5407 3174 5475 ipse
3219 5403 3486 5459 dissidere

1903 5511 2154 5568 videatur
2205 5509 2389 5570 homo,
2441 5515 2700 5573 tanquam
2751 5501 2996 5555 diversas
3059 5501 3113 5552 in
3178 5505 3360 5568 partes
3413 5494 3485 5549 ob

3209 5767 3251 5826 8
