3886 6214
401 210 504 267 255

1636 197 1695 254 S.
1736 191 2066 254 GREGORII
2104 191 2392 247 NYSSENI
3558 192 3667 246 236

400 324 665 399 temporis
719 325 773 379 in
823 322 1018 377 harum
1061 327 1184 374 ortu
1222 317 1519 371 discrimen
1567 315 1798 370 divisus.
1849 311 1983 366 Nam

2097 312 2232 382 φορᾷ
2279 309 2651 381 μεριζόμενος.
2706 309 2910 381 Διπλῆς
2962 309 3071 381 γὰρ
3117 310 3216 381 τῆς
3260 308 3474 378 φύσεως
3506 311 3669 380 ἡμῶν

401 433 525 473 cum
567 416 634 472 de
666 414 912 486 Apostoli
944 412 1243 471 sententia,
1279 415 1478 462 natura
1518 415 1706 460 nostra
1739 403 1990 459 bifariam

403 507 758 578 intelligatur,
809 513 868 559 ut
919 503 1021 557 alia
1072 503 1143 556 sit
1191 499 1313 570 ejus
1362 497 1602 553 hominis
1650 504 1847 550 natura
1895 493 1994 564 qui

405 599 558 657 cerni
617 616 647 653 a
707 598 866 654 nobis
901 604 1102 667 potest,
1157 593 1263 649 alia
1301 591 1551 660 ,hominis
1583 589 1810 645 interius
1844 588 1993 642 velut

403 691 573 747 abditi
609 699 664 746 et
694 689 977 751 occultati,
1026 687 1070 741 si
1115 692 1482 740 statueremus
1529 682 1760 736 alterum
1791 679 1860 734 de
1904 678 1992 733 his

403 781 687 854 aliquanto
745 780 901 850 prius
944 785 1126 832 ortum
1182 775 1487 832 exstitisse.
1539 787 1703 842 quant
1761 771 1992 824 alterum

403 889 527 929 esse
562 871 847 940 inciperet,
886 869 1044 938 plane
1084 865 1188 922 hoc
1241 865 1444 919 indicio
1475 861 1636 921 foret.
1683 860 1993 916 conditoris

405 972 727 1036 potestatem
783 977 893 1016 non
925 959 1149 1014 omnino
1187 956 1484 1036 perfectam
1517 954 1814 1026 quamdam
1847 967 1990 1012 esse,

404 1035 690 1127 propterea
735 1051 881 1124 quod
933 1050 1084 1121 operi
1135 1048 1394 1102 universo
1444 1035 1607 1102 simul
1663 1043 1994 1098 absolvendo

405 1164 515 1203 non
561 1146 861 1207 suffecerit,
914 1142 1150 1212 ideoque
1181 1155 1376 1210 operas
1416 1139 1572 1210 quasi
1619 1136 1991 1206 interruperit,

404 1253 468 1293 ac
523 1237 769 1292 vicissim
824 1233 879 1289 in
937 1231 1287 1304 perficiendis
1342 1229 1576 1300 singulis
1628 1228 1876 1298 partibus
1926 1241 1994 1280 ex

405 1329 640 1384 semisse
689 1323 843 1397 prius
876 1322 1141 1378 absolutis
1170 1329 1436 1389 occupata
1485 1318 1668 1372 fuerit.
1721 1315 1994 1370 Nimirum

407 1427 466 1474 ut
519 1418 576 1472 in
616 1416 783 1471 tritici
835 1429 1005 1484 grano
1054 1411 1140 1466 vel
1186 1411 1380 1480 quovis
1419 1409 1526 1462 alio
1568 1406 1776 1462 semine
1825 1413 1994 1459 totam

406 1510 572 1582 spicae
617 1508 698 1563 vel
755 1506 970 1576 frugum
1025 1511 1365 1558 maturarum
1417 1502 1653 1572 Speciem
1695 1506 1988 1571 potestate,

406 1604 570 1661 sicuti
621 1602 923 1672 loquimur,
978 1597 1425 1668 comprehensam
1479 1595 1736 1657 dicimus,
1768 1601 1822 1648 et
1870 1592 1996 1646 her-

409 1699 554 1759 bam,
609 1702 663 1750 et
714 1693 977 1756 culmum,
1024 1696 1078 1744 et
1135 1687 1467 1752 internodia,
1525 1695 1579 1741 et
1627 1684 1888 1747 fructum,
1940 1690 1995 1736 et

406 1787 606 1841 aristas
648 1803 663 1840 :
708 1797 831 1837 cum
877 1781 1011 1835 nihil
1049 1779 1244 1834 horum
1295 1776 1466 1832 altero
1497 1775 1554 1831 in
1603 1786 1797 1830 natura
1844 1774 1996 1844 prius

407 1877 585 1946 reipsa
635 1873 898 1938 exsistat,
951 1871 1034 1926 vel
1093 1871 1306 1926 oriatur
1366 1869 1551 1931 citius,
1618 1866 1712 1922 sed
1762 1866 1996 1921 naturali

407 1967 600 2023 ordine
629 1964 846 2019 tandem
878 1963 1042 2016 insita
1073 1957 1276 2016 semini
1309 1957 1541 2013 facultas
1565 1957 1680 2026 ipsa
1712 1967 1996 2025 appareat,

410 2058 559 2113 nulla
604 2057 659 2111 in
709 2069 892 2111 semen
940 2053 1047 2106 alia
1106 2065 1166 2107 se
1209 2059 1406 2105 natura
1454 2049 1799 2103 extrinsecus
1847 2049 1997 2100 velut

412 2151 756 2204 insinuante:
789 2146 869 2200 sic
903 2143 1066 2198 etiam
1100 2141 1480 2196 existimamus
1528 2139 1767 2192 humano
1813 2137 1865 2190 in
1909 2153 1998 2192 se-

418 2239 588 2301 mine,
633 2251 758 2290 cum
798 2234 961 2288 homo
1000 2233 1236 2302 primum
1269 2229 1461 2299 incipit
1490 2229 1646 2290 oriri,
1679 2227 1995 2281 facultatem

410 2328 716 2384 naturalem
771 2323 1080 2389 contineri,
1143 2321 1305 2377 simul
1350 2336 1473 2376 cum
1526 2320 1649 2390 ipso
1702 2327 1995 2374 excretam.

417 2419 568 2476 Hanc
599 2433 765 2489 porro
797 2415 1032 2472 naturali
1061 2414 1296 2484 quadam
1327 2412 1732 2483 progressionis
1759 2412 1900 2466 serie
1933 2411 2002 2466 ad

415 2512 804 2586 perfectionem
838 2507 922 2562 sui
956 2505 1400 2568 contendentem,
1442 2504 1704 2574 paulatim
1741 2518 1800 2557 se
1828 2502 2004 2571 expli-

414 2619 544 2660 care
582 2616 646 2657 ac
693 2597 1021 2671 patefacere,
1062 2611 1171 2650 non
1217 2595 1365 2665 quod
1410 2594 1756 2649 extrinsecus
1797 2593 2002 2664 aliquid

416 2693 665 2766 recipiat,
713 2691 873 2761 cujus
901 2705 1005 2760 ope
1047 2689 1134 2744 sui
1179 2686 1572 2759 perfectionem
1624 2683 1999 2756 adipiscatur;

416 2787 512 2846 sed
544 2783 762 2857 propria
799 2782 851 2836 vi
882 2780 948 2836 ad
981 2795 1102 2837 eam
1138 2779 1406 2851 paulatim
1453 2777 1786 2848 proficieudo
1815 2792 2005 2846 perve-

413 2881 514 2936 nit.
550 2878 780 2932 Animus
806 2872 964 2936 adeo,
1007 2870 1467 2941 quemadmodum
1502 2877 1628 2924 ante
1656 2883 1855 2937 corpus
1893 2883 2000 2922 non

2093 400 2406 473 νοουμένης,
2438 401 2577 455 κατὰ
2617 402 2713 474 τὴν
2737 401 3098 472 ἀποστολικὴν
3121 398 3590 465 διδασκαλίαν,τοῦ
3608 418 3669 454 τε

2096 494 2422 566 φαινομένου
2473 494 2798 567 ἀνθρώπου,
2848 495 2944 550 καί⁵
2998 490 3094 548 τοῦ
3143 495 3559 566 κεκρυμμένον
3618 496 3670 546 εί

2091 589 2154 642 τὸ
2185 589 2285 660 μὲν
2324 589 2702 661 προϋπάρχοι,
2734 591 2797 643 τὸ
2831 587 2886 642 δὲ
2914 589 3251 657 ἐπιγένοιτο,
3284 589 3480 660 ἀτελής
3508 605 3592 653 τις
3634 590 3672 658 ἡ

2092 677 2188 731 τοῦ
2221 678 2680 749 δημιουργοῦντος
2722 678 3187 749 ἀπελεγχθήσεται
3213 676 3464 748 δύναμις,
3492 678 3556 731 ού
3589 678 3673 746 τῷ

2094 771 2258 824 παντὶ
2289 770 2428 824 κατά
2453 768 2512 823 τὺ
2553 769 2747 842 ἀθρόον
2788 768 3111 840 ὲξαρκοῦσα,
3142 769 3281 823 ἀλλά
3315 770 3673 841 διαιρουμένη

2093 861 2155 914 τὸ
2185 861 2344 932 ἔργον
2365 903 2381 926 ,
2411 862 2506 915 καὶ
2539 861 2642 915 ἀνά
2685 862 2846 934 μέρος
2875 863 3003 934 περὶ
3028 864 3284 934 ἑκάτερον
3308 862 3415 917 τῶν
3440 864 3672 933 ἡμισευ-

2098 953 2284 1024 μάτων
2305 953 2694 1024 ἀσχολουμένη.
2747 953 2885 1006 Ἀλλ’
2911 949 3098 1025 ὥσπερ
3131 955 3188 1006 ὲν
3215 953 3290 1022 τῷ
3323 953 3452 1024 σίτῳ
3485 953 3670 1023 φαμὲν

2094 1046 2128 1116 ἢ
2175 1047 2234 1098 ὲν
2281 1045 2454 1118 ἑτέρῳ
2496 1045 2604 1098 τινὶ
2654 1045 2762 1099 τῶν
2808 1046 3155 1116 σπερμάτων,
3195 1045 3339 1098 ἅπαν
3388 1045 3670 1115 ἐμπεριειο

2094 1136 2294 1206 λῆφθαι
2338 1139 2403 1208 τῇ
2451 1136 2677 1206 δυνάμει
2718 1136 2779 1188 τὸ
2807 1136 2948 1190 κατά
2989 1133 3081 1189 τὸν
3125 1137 3324 1207 στάχυν
3370 1132 3542 1200 εἶδος,
3577 1131 3673 1187 τδν

2095 1230 2307 1300 χόρτον,
2334 1229 2432 1300 τὴν
2452 1229 2724 1301 καλάμην,
2751 1229 2850 1292 τὰς
2877 1229 2966 1283 διὰ
2999 1229 3162 1299 μέσου
3191 1229 3383 1293 ζώνας,
3406 1230 3497 1282 τὸν
3530 1247 3673 1301 καρ-

2096 1319 2218 1385 πὸν,
2261 1321 2389 1382 τοὺς
2436 1318 2754 1391 ἀνθέρικας,
2805 1320 2897 1372 καὶ
2945 1319 3096 1373 οὐδὲν
3129 1320 3330 1374 τούτων
3379 1322 3435 1374 ἐν
3463 1320 3542 1391 τῷ
3568 1322 3675 1390 τῆς

2095 1407 2312 1476 φύσεως
2350 1408 2491 1480 λόγῳ
2526 1409 2919 1480 προϋπάρχειν,
2954 1409 3368 1480 ἢπρογίνεσθαί
3390 1428 3569 1480 φαμεν
3601 1414 3673 1482 τῇ

2098 1499 2256 1568 φύσει
2297 1500 2392 1553 τοῦ
2428 1499 2767 1572 σπέρματος,
2799 1497 2936 1554 ἀλλά
2973 1501 3124 1566 τάξει
3177 1501 3276 1572 μέν
3326 1519 3432 1555 τινι
3466 1485 3702 1573 φυσικῇ

2095 1593 2193 1664 τὴν
2230 1593 2558 1665 ὲγκειμένην
2589 1593 2666 1664 τῷ
2711 1594 2986 1665 σπέρματι
3017 1593 3246 1664 δύναμιν
3277 1593 3676 1664 φανεροῦσθαι,

2098 1681 2160 1732 ού
2190 1681 2293 1751 μὴν
2316 1682 2504 1751 ἑτέραν
2533 1680 2968 1752 ἒπεισκρίνεσθαι
3004 1679 3167 1753 φύσιν
3193 1700 3208 1715 ο
3233 1683 3374 1736 κατὰ
3400 1685 3491 1737 τὸν
3511 1677 3679 1737 αὐτόν

2099 1771 2254 1839 λόγον
2309 1772 2403 1824 καὶ
2454 1771 2555 1843 τὴν
2609 1771 2954 1844 ἀνθρωπίνην
3018 1771 3228 1845 σποράν
3295 1768 3680 1844 ὑπειλήφαμεν

2101 1863 2244 1934 ἔχειν
2267 1862 2324 1915 ὲν
2351 1864 2417 1932 τῇ
2439 1860 2626 1933 πρώτῃ
2643 1863 2742 1934 τῆς
2774 1863 3088 1926 συστάσεως
3117 1862 3338 1935 ἀφορμῇ
3367 1880 3680 1934 συνεσπαρ-

2103 1953 2270 2025 μένην
2304 1953 2400 2023 τὴν
2447 1954 2541 2023 τῆς
2589 1953 2802 2023 φύσεως
2848 1954 3102 2025 δύναμιν.
3161 1954 3554 2018 Ἐξαπλοῦσθαι
3619 1950 3680 2006 δὲ

2101 2046 2196 2099 καὶ
2225 2045 2586 2118 φανεροῦσθαι
2631 2045 2717 2102 διά
2743 2064 2890 2110 τινος
2931 2047 3167 2118 φυσικῆς
3196 2047 3514 2110 ἀκολουθίας
3542 2041 3682 2118 πρός

2101 2136 2164 2189 τὸ
2212 2135 2414 2189 τέλειον
2463 2135 2789 2208 προϊοῦσαν,
2832 2135 2892 2191 ού
2929 2133 3450 2210 προσλαμϐάνουσάν
3486 2155 3538 2190 τι
3569 2137 3683 2188 τῶν

2101 2225 2299 2291 ἔξωθεν
2330 2227 2408 2290 εἰς
2447 2225 2700 2298 ἀφορμὴν
2729 2226 3058 2292 τελειώσεως
3077 2244 3091 2258 ’
3119 2223 3235 2281 ἀλλ’
3282 2227 3479 2298 ἑαυτὴν
3506 2228 3588 2289 είς
3618 2220 3686 2278 τό

2106 2317 2310 2371 τέλειον
2337 2317 2403 2371 δι’
2430 2317 2750 2382 ἀκολουθίας
2790 2319 3155 2390 προάγουσαν.
3208 2315 3294 2382 ἀς
3326 2318 3462 2388 μήτε
3496 2317 3684 2386 ψυχὴν

2103 2410 2208 2480 πρὸ
2231 2409 2326 2463 τοῦ
2357 2409 2624 2481 σώματος,
2657 2411 2794 2482 μήτε
2816 2411 2985 2482 χωρὶς
3008 2408 3183 2482 ψυχῆς
3205 2409 3266 2463 τὸ
3298 2409 3455 2480 σῶμα
3479 2408 3685 2479 άληθὲς

2103 2496 2242 2554 εἶναι
2267 2500 2467 2570 λέγειν,
2495 2500 2629 2554 άλλά
2662 2497 2789 2572 μίαν
2816 2502 3140 2572 ἀμφοτέρων
3169 2500 3364 2572 ἀρχὴν,
3401 2501 3544 2553 κατά
3581 2499 3687 2568 μὲν

2101 2593 2192 2646 τὸν
2219 2592 2547 2664 ὑψηλότερον
2571 2592 2748 2662 λόγον,
2774 2594 2832 2646 ἐν
2870 2589 2947 2664 τῷ
2979 2593 3179 2664 πρώτῳ
3205 2591 3298 2646 τοῦ
3324 2591 3460 2644 Θεοῦ
3485 2589 3685 2662 βουλή-

2105 2701 2234 2754 ματι
2282 2683 2712 2755 καταϐληθεῖσαν
2732 2724 2748 2748 ,
2800 2684 2942 2738 κατά
2977 2683 3034 2737 δὲ
3081 2681 3172 2736 τὸν
3203 2683 3390 2754 ἕτερον
3411 2722 3425 2746 ,
3457 2682 3522 2733 ἐν
3559 2679 3682 2742 ταῖς

2100 2773 2202 2843 τῆς
2247 2775 2512 2842 γενέσεως
2549 2774 2825 2845 ἀφορμαῖς
2859 2772 3273 2843 συνισταμένην.
3321 2771 3408 2834 ἀς
3441 2772 3553 2842 γὰρ
3585 2771 3685 2823 οὐκ

2103 2865 2216 2918 ἔστι
2248 2866 2346 2936 τὴν
2373 2865 2513 2919 κατὰ
2544 2865 2684 2937 μέλη
2725 2864 3052 2937 διάρθρωσιν
3096 2865 3289 2918 ἐνιδεῖν
3317 2863 3396 2934 τῷ
3423 2863 3561 2934 πρὸς
3586 2863 3681 2932 τὴν

413 2971 652 3032 exsistit,
685 2969 766 3023 sic
796 2964 1036 3021 hominis
1065 2963 1224 3018 initio
1271 2962 1391 3018 sine
1425 2961 1611 3016 animo
1641 2976 1841 3031 corpus
1879 2975 1995 3016 esse

2106 2956 2366 3027 σύλληψιν
2403 2957 2496 3010 τοῦ
2544 2956 2792 3029 σώματος
2829 2956 3153 3029 ὲντιθεμένῳ
3195 2955 3302 3029 πρδ
3330 2953 3430 3029 τῆς
3457 2958 3679 3012 διαπλά-

414 3060 524 3118 diei
568 3076 694 3115 vere
735 3057 944 3128 nequit.
979 3051 1155 3110 Unum
1187 3062 1271 3110 est
1317 3053 1606 3122 utriusque
1645 3053 1993 3122 principium,

412 3145 562 3217 quod
575 3143 874 3200 secundum
891 3143 1159 3197 rationem
1183 3140 1402 3210 quidem
1425 3140 1798 3196 sublimiorem
1822 3139 1996 3210 prima

413 3240 471 3296 in
517 3236 802 3292 voluntate
848 3232 965 3298 Dei,
1009 3242 1268 3302 tanquam
1324 3230 1681 3286 fundamento
1721 3232 1995 3294 innititur,

413 3325 628 3382 ratione
668 3331 851 3378 autem
895 3324 1088 3385 altera,
1122 3323 1176 3376 in
1226 3329 1382 3376 ortus
1419 3321 1594 3376 nostri
1635 3319 1862 3375 exordio
1901 3335 1998 3390 po-

414 3418 650 3474 nendum
690 3423 796 3472 est.
838 3414 975 3470 Nam
1018 3424 1076 3468 ut
1109 3413 1163 3467 in
1205 3429 1290 3477 eo,
1318 3413 1460 3482 quod
1513 3423 1755 3467 materna
1786 3413 1839 3466 in
1876 3412 1997 3466 alvo

425 3509 493 3565 ad
544 3508 955 3578 conceptionem
1036 3506 1283 3576 corporis
1342 3505 1650 3574 deponitur,
1705 3512 1994 3574 antequam

416 3599 702 3663 formetur,
733 3598 967 3670 perspici
997 3598 1282 3651 articulata
1315 3596 1682 3650 membrorum
1715 3595 1995 3649 coluercn~

417 3695 552 3748 tium
584 3690 865 3747 distinctio
898 3691 1108 3759 nequit,
1150 3689 1232 3742 sic
1263 3703 1437 3757 neque
1465 3687 1545 3742 vis
1575 3687 1742 3740 animi
1776 3685 1996 3756 propria

415 3780 748 3854 deprehendi
796 3781 854 3834 in
900 3781 1091 3835 eodem
1142 3786 1324 3850 potest
1361 3785 1509 3840 ante,
1542 3793 1705 3847 quam
1758 3778 1824 3831 ad
1867 3777 1998 3832 eﬂ‘e-

417 3875 634 3930 etioues
669 3887 800 3928 suas
839 3873 930 3926 illa
973 3869 1378 3940 progrediatur.
1421 3867 1487 3921 Et
1534 3869 1996 3938 quemadmodum

415 3963 624 4021 nemini
666 3963 892 4018 dubium
939 3969 1045 4024 est,
1082 3959 1226 4014 idem
1269 3959 1403 4014 illud
1447 3959 1500 4012 in
1547 3959 1796 4013 diversos
1843 3965 1998 4013 artus

417 4058 747 4126 diversaque
789 4054 998 4110 viscera
1052 4044 1408 4113 conformari,
1461 4051 1607 4104 nulla
1657 4059 1877 4104 externa
1915 4050 1996 4104 fa-

417 4149 639 4211 cultate,
691 4153 752 4201 ut
795 4146 899 4200 hoc
941 4143 1208 4215 perficiat,
1277 4141 1616 4212 ingrediente
1647 4161 1663 4195 ι
1697 4143 1790 4196 sed
1828 4142 1999 4196 facul-

2103 3063 2275 3110 σεως’
2315 3045 2488 3110 οὕτως
2522 3047 2643 3100 οὐδὲ
2679 3048 2780 3112 τὰς
2825 3046 2926 3119 τῆς
2966 3049 3144 3120 ψυχῆς
3199 3046 3463 3117 ἰδιότητας
3511 3051 3575 3102 ὲν

2098 3137 2248 3208 αὐτῷ
2291 3137 2514 3192 δυνατόν
2558 3139 2672 3192 ἐστι
2713 3136 3078 3210 κατανοῆσαι,
3116 3141 3245 3211 πρὶν
3283 3138 3569 3211 προελθεῖν
3605 3137 3680 3203 εἷς

2100 3230 2402 3302 ἐνέργειαν.
2429 3231 2536 3284 Καὶ
2551 3229 2740 3302 ὥσπερ
2764 3233 2864 3284 οὐκ
2894 3233 2958 3286 ἀν
2977 3244 3062 3295 τις
3089 3232 3388 3302 ἀμφιϐάλοι
3412 3232 3550 3302 πρὸς
3581 3231 3684 3295 τὰς

2097 3322 2208 3376 τῶν
2246 3323 2463 3396 ἄρθρων
2509 3340 2570 3376 τε
2612 3324 2707 3377 καὶ
2741 3321 3063 3394 σπλάγχνων
3106 3320 3369 3396 διαφορὰς
3407 3326 3586 3379 ἐκεῖνο
3623 3318 3686 3377 τὸ

2099 3414 2313 3467 ἐντεθὲν
2357 3414 2817 3486 σχηματίζεσθαι,
2869 3413 2969 3469 οὔκ
3009 3410 3176 3487 ἄλλης
3219 3417 3362 3481 τινὸς
3399 3410 3686 3487 δυνάμεως

2100 3507 2590 3578 ὲπεισερχομένης,
2632 3507 2769 3560 ἀλλά
2796 3507 2894 3578 τῆς
2924 3505 3252 3580 ἐγκειμένης
3276 3508 3520 3577 φυσικῶς
3543 3509 3688 3580 πρὸς

2097 3597 2196 3670 τὴν
2241 3598 2520 3669 ἐνέργειαν
2559 3599 2731 3669 αὐτῆς
2761 3598 3200 3672 μεθισταμένηςο
3247 3594 3391 3654 οὕτω
3422 3601 3514 3654 καὶ
3551 3599 3686 3670 περῖ

2099 3689 2275 3761 ψυχῆς
2316 3691 2593 3759 ἀναλόγως
2623 3691 2737 3744 ἔστι
2764 3691 2824 3744 τὸ
2849 3681 2966 3744 ἴσον
2997 3689 3316 3762 ὑπονοῆσαι,
3349 3694 3429 3746 ὅτι
3470 3695 3574 3748 κᾶν
3602 3693 3686 3761 μὴ

2098 3781 2187 3836 διά
2223 3800 2384 3836 τινων
2413 3783 2702 3855 ἐνεργειῶν
2747 3786 2806 3837 ὲν
2845 3784 2924 3855 τῷ
2973 3787 3285 3857 φαινομένῳ
3319 3785 3683 3856 γνωρίζηται,

2097 3874 2249 3926 οὐδὲν
2292 3869 2452 3945 ἧττόν
2493 3877 2641 3928 ἐστιν
2683 3877 2741 3927 ὲν
2778 3869 2989 3946 ἐκείνῳ.
3028 3875 3136 3930 Καὶ
3162 3875 3270 3947 γὰρ
3309 3878 3400 3929 καὶ
3446 3877 3507 3928 τὸ
3535 3871 3686 3939 εἶδος

2098 3964 2193 4018 τοῦ
2229 3965 2510 4036 μέλλοντος
2537 3966 2886 4021 συνίστασθαι
2915 3967 3200 4040 ἀνθρώπου
3242 3969 3302 4020 ὲν
3329 3969 3522 4037 ἐκείνῳ
3560 3969 3686 4020 ἐστϊ

2097 4061 2163 4130 τῇ
2196 4059 2442 4130 δυνάμει,
2471 4059 2720 4113 λανθάνει
2741 4059 2797 4113 δὲ
2825 4059 2914 4113 διὰ
2939 4061 3000 4113 τὸ
3025 4060 3100 4132 μὴ
3126 4056 3265 4114 εἶναι
3291 4061 3516 4114 δυνατὸν
3541 4062 3687 4129 πρὸς

2097 4147 2199 4217 τῆς
2238 4147 2544 4216 ἀναγκαίας
2598 4146 2921 4211 ἀκολουθίας
2958 4149 3316 4216 ἀναφανῆναι,
3379 4146 3536 4199 Οὕτω
3584 4147 3685 4199 καὶ

413 4219 531 4295 tate
565 4238 670 4309 ipsi
710 4253 739 4291 a
772 4244 965 4292 natura
997 4237 1184 4296 insita,
1219 4249 1386 4304 Opera
1422 4242 1478 4288 et
1507 4233 1787 4287 effectione
1817 4251 1912 4289 sua
1942 4235 1995 4289 in

2099 4240 2132 4308 ὴ
2175 4238 2319 4309 ψυχή
2345 4241 2460 4292 ἐστι
2495 4239 2592 4309 μὲν
2621 4239 2679 4291 ἐν
2711 4238 2903 4309 ἐκείνῳ
2932 4239 3025 4292 καὶ
3052 4239 3128 4310 μὴ
3159 4238 3478 4309 φαινομένη,
3504 4239 3687 4308 φανή-

418 4329 524 4384 hoc
574 4327 921 4383 incumbente
954 4323 1183 4380 :eadem
1230 4324 1446 4376 ratione
1495 4320 1563 4374 de
1609 4322 1792 4372 animo
1839 4321 1995 4376 uobis

2101 4346 2251 4384 σεται
2279 4332 2336 4384 δὲ
2354 4331 2442 4385 διὰ
2469 4332 2567 4402 τῆς
2595 4331 2800 4394 οἰκείας
2819 4330 3016 4400 ἑαυτῆς
3044 4331 3137 4384 καὶ
3162 4331 3305 4384 κατὰ
3329 4330 3491 4400 φύσιν
3519 4332 3685 4400 ἐνερ-

419 4419 768 4491 cogitandum
805 4424 911 4477 est,
961 4414 1176 4470 etiamsi
1223 4429 1321 4483 per
1368 4412 1631 4482 quasdam
1679 4411 1993 4467 affectiones

2099 4423 2288 4494 γείας,
2315 4423 2381 4495 τῇ
2419 4426 2704 4494 σωματικῇ
2737 4421 2964 4493 αὐξήσει
3005 4423 3403 4495 συμπροῖοῦσα.
3457 4423 3685 4494 Ἐπειδὴ

420 4510 477 4564 in
511 4516 665 4579 parte
704 4505 943 4560 hominis
981 4512 1204 4558 externa
1249 4510 1304 4557 et
1353 4508 1666 4571 apparente,
1701 4502 1898 4556 indicia
1927 4502 1994 4557 de

2098 4513 2207 4584 γὰρ
2233 4513 2334 4566 οὐκ
2360 4513 2469 4567 ἀπὸ
2494 4511 2688 4583 νεκροῦ
2733 4513 2982 4583 σώματος
3021 4514 3054 4583 ἡ
3092 4513 3230 4584 πρὸς
3271 4513 3371 4582 τὴν
3416 4512 3686 4582 σύλληψιν

420 4618 482 4658 se
536 4600 685 4655 nulla
731 4599 1002 4670 praebeat,
1061 4593 1417 4649 nihilominus
1474 4602 1795 4661 przesetttem
1851 4609 1992 4649 esse.

420 4691 556 4747 Nam
586 4699 636 4747 et
684 4689 854 4744 futuri
889 4687 1126 4743 hominis
1173 4685 1346 4739 forma
1377 4691 1645 4753 potestate
1686 4684 1903 4740 exsistit
1941 4687 1996 4740 in

421 4784 633 4840 semine
665 4801 679 4838 :
707 4790 873 4852 atque
908 4780 1118 4834 idcirco
1155 4778 1306 4838 latet,
1358 4775 1503 4846 quod
1538 4776 1683 4830 velut
1731 4775 1783 4830 in
1819 4777 1995 4833 lucem

420 4874 686 4948 producta
716 4872 961 4942 conspici
996 4871 1148 4940 prius
1175 4875 1430 4937 nequeat,
1461 4882 1623 4936 quam
1653 4870 1998 4923 necessarius

419 4981 603 5024 rerum
643 4964 778 5020 ordo
824 4963 1122 5034 permittat,
1183 4960 1263 5015 sic
1309 4969 1362 5013 et
1412 4960 1626 5015 animus
1675 4968 1758 5016 est
1817 4961 1870 5014 in
1927 4975 1994 5015 eo

418 5072 730 5131 quanquam
769 5071 876 5111 non
917 5062 1192 5125 appareat.
1235 5051 1370 5105 Nam
1401 5059 1511 5104 tum
1539 5052 1755 5107 demum
1789 5055 1993 5124 patebit

421 5164 548 5205 cum
592 5147 806 5211 adesse,
843 5163 967 5201 cum
1007 5151 1167 5199 aucto
1199 5159 1296 5213 per
1330 5145 1692 5199 accrelionem
1740 5162 1989 5216 corpore,

422 5254 522 5295 sua
549 5254 607 5294 se
628 5238 844 5308 propria
869 5247 920 5292 et
946 5253 973 5290 a
997 5244 1190 5291 natura
1221 5235 1385 5290 insita
1413 5235 1696 5292 effectione
1719 5240 1988 5296 ostendet.

2091 4603 2319 4675 δύναμις
2361 4604 2745 4675 ἀποκρίνεται,
2792 4604 2908 4657 ἀλλ’
2939 4603 3000 4668 ἐξ
3040 4603 3285 4674 ἐμψύχου
3320 4605 3415 4657 καὶ
3439 4603 3644 4667 ζῶντος
3665 4620 3686 4634 ο

2092 4697 2180 4751 διά
2199 4697 2354 4750 τοῦτό
2377 4712 2556 4768 φαμεν
2595 4695 2812 4764 εὔλογον
2839 4689 2978 4749 εἷναι
3017 4696 3092 4768 μὴ
3114 4696 3308 4766 νεκρὸν
3340 4697 3433 4749 καὶ
3469 4686 3687 4767 ἄψυχον

2092 4787 2298 4842 οἴεσθαι
2326 4788 2386 4841 τὸ
2410 4787 2518 4841 ἀπὸ
2539 4787 2736 4851 ζῶντος
2762 4789 2842 4849 εἰς
2860 4785 3004 4858 ζωῆς
3035 4787 3293 4859 ἀφορμὴν
3325 4787 3681 4858 προϊέμενον.

2093 4877 2168 4930 Τό
2195 4879 2302 4948 γάρ
2342 4879 2400 4929 ἐν
2437 4876 2600 4948 σαρκὶ
2642 4875 2879 4946 ἄψυχον,
2918 4877 3014 4930 καὶ
3051 4877 3244 4948 νεκρόν
3273 4879 3389 4930 ἐστι
3434 4876 3678 4940 πάντως.

2110 4968 2173 5020 Ἦ
2208 4967 2266 5021 δὲ
2313 4966 2571 5038 νεκρότης
2609 4967 2748 5021 κατὰ
2792 4967 3047 5038 στέρησιν
3075 4967 3255 5038 ψυχῆς
3279 4968 3510 5036 γίνεται.
3564 4969 3690 5022 Οὐκ

2100 5059 2166 5113 ἂν
2193 5058 2248 5110 δέ
2293 5075 2376 5120 τις
2414 5058 2506 5110 ἐπὶ
2543 5057 2732 5111 τούτου
2777 5057 3150 5128 πρεσόυτέραν
3188 5058 3286 5126 τῆς
3321 5057 3489 5122 ἕξεως
3533 5058 3688 5111 εἴποι

2096 5150 2194 5221 τὴν
2217 5151 2468 5220 στέρησιν
2488 5189 2503 5213 ,
2538 5148 2694 5218 εἴπερ
2735 5151 2797 5201 τὸ
2826 5149 3052 5218 ἄψυχον,
3077 5149 3214 5220 ὅπερ
3244 5150 3511 5219 νεκρότης
3537 5151 3685 5216 ἐστὶ,

2097 5242 2197 5308 τῆς
2221 5241 2400 5310 ψυχῆς
2419 5235 2559 5315 εἷναί
2581 5257 2662 5302 τις
2687 5240 3082 5302 κατασκευάζει
3107 5240 3499 5311 πρεσϐύτερον.

421 5329 554 5384 Cum
595 5331 736 5385 enim
779 5345 809 5383 a
847 5339 1064 5384 mortuo
1110 5343 1338 5398 corpore
1384 5327 1531 5382 nulla
1581 5328 1650 5381 ad
1684 5334 2097 5404 conceptionem
2148 5332 2382 5386 facultas
2440 5342 2788 5390 excernatur,
2837 5331 2931 5384 sed
2985 5331 3055 5385 ab
3095 5332 3340 5385 animato
3399 5339 3450 5384 et
3511 5331 3683 5385 vivo:

422 5419 627 5473 idcirco
676 5434 805 5474 vero
853 5429 1278 5476 consentaneum
1321 5427 1425 5481 est,
1468 5433 1536 5472 ne
1573 5418 1701 5472 illud
1730 5423 1947 5491 quidem
1991 5431 2266 5477 mortuum
2318 5432 2374 5476 et
2422 5421 2720 5475 inanimum
2766 5423 3089 5487 putandum,
3142 5421 3287 5492 quod
3335 5423 3404 5477 de
3443 5436 3690 5493 corpore

420 5507 547 5561 vivo
582 5508 647 5562 ad
673 5509 1060 5578 procreandum
1108 5525 1220 5564 rem
1264 5509 1439 5562 vivam
1486 5509 1776 5564 emittitur.
1817 5512 2049 5566 Carnem
2091 5519 2238 5567 certe
2281 5511 2428 5582 quod
2472 5513 2685 5575 attinet,
2720 5513 2945 5566 omnino
2983 5527 3046 5567 ea
3079 5521 3165 5568 est
3198 5523 3251 5568 et
3293 5514 3597 5568 inanimum
3626 5527 3686 5573 et

422 5606 696 5652 mortuum
746 5615 842 5671 per
884 5616 942 5656 se
985 5601 1266 5671 quiddam.
1318 5599 1620 5656 Mortalitas
1659 5611 1838 5659 autem
1881 5621 1988 5660 non
2043 5607 2145 5661 nisi
2192 5606 2358 5661 animi
2414 5613 2498 5660 est
2550 5607 2799 5676 privatio.
2852 5605 2919 5661 At
2968 5621 3128 5662 nemo
3181 5608 3402 5675 dixerit,
3452 5609 3680 5680 opinor,
