3886 6214
230 255 341 309 237

1516 254 1605 311 DE
1644 253 1923 311 HOMINIS
1962 254 2271 312 OPIFICIO;

3402 261 3509 316 2'38

230 372 426 426 habitu
465 373 824 443 privationem
864 374 1103 445 priorem
1134 387 1299 428 esse:
1343 371 1489 442 quod
1534 374 1689 443 sequi
1758 388 1982 430 necesse
2011 382 2117 441 est,
2149 375 2195 430 si
2236 375 2361 445 quis
2409 380 2652 440 'caruem,
2702 388 2822 447 qua:
2872 376 3127 447 quiddam
3175 378 3259 433 est
3326 376 3507 433 iuari-

231 478 414 529 mum,
459 465 565 519 hoc
600 474 688 521 est
726 476 1032 528 mortuum,
1061 467 1139 519 ait
1181 466 1370 519 animo
1408 465 1646 536 priorem
1681 481 1824 522 esse.

308 557 373 609 Εί
395 557 451 610 δέ
487 575 574 621 τις
606 558 701 611 καὶ
735 559 1126 630 ἐναργέστερον
1162 558 1351 629 ζητοίη
1392 560 1693 631 τεκμήριον
1716 557 1812 612 τοῦ

1989 552 2147 619 Quod
2181 552 2228 607 si
2264 553 2387 622 quis
2433 561 2813 623 argumentum
2881 549 3156 612 desiderat
3209 558 3503 621 illustrius,

232 646 341 720 ζῇν
370 651 547 704 έκεῖνο
572 651 634 703 τὸ
666 651 866 723 μέρος,
888 652 1029 723 ὅπερ
1056 652 1198 722 ἀρχὴ
1231 650 1324 704 τοῦ
1347 650 1825 721 κατασκευαζομέ-

232 756 331 793 νου
360 739 569 808 γίνεται
611 739 773 807 ζώου,
824 742 1050 797 δυνατόν
1087 744 1204 795 ἔστι
1248 742 1345 795 καὶ
1398 741 1465 794 δι’
1497 741 1674 797 ἀλλων
1725 759 1825 813 ση-

234 828 431 898 μείων,
464 830 531 883 δι’
551 823 626 884 ὧν
653 832 715 885 τὸ
754 831 997 903 ἔμψυχον
1025 834 1090 885 ὲκ
1123 830 1218 885 τοῦ
1242 831 1440 903 νεκροῦ
1467 832 1822 903 διακρίνεται,

231 920 334 972 καὶ
364 921 496 992 περὶ
524 921 714 975 τούτου
742 923 1102 992 κατανοῆσαι.
1134 923 1447 993 Τεκμήριον
1475 921 1581 995 γάρ
1604 921 1699 975 τοῦ
1725 922 1825 993 ζῇν

231 1012 330 1065 ἐπὶ
362 1011 473 1065 τῶν
503 1011 808 1084 ἀνθρώπων
840 1013 1166 1084 ποιούμεθα,
1194 1013 1257 1066 τὸ
1284 1012 1487 1084 θερμὸν
1526 1009 1667 1067 εἷναί
1702 1030 1826 1067 τινα

233 1104 334 1157 καὶ
371 1104 596 1175 ἐνεργὸν
625 1106 719 1159 καὶ
748 1105 1087 1177 κινούμενον.
1118 1105 1193 1158 Τὸ
1233 1106 1290 1159 δὲ
1320 1105 1733 1177 κατεψυγμένον
1763 1124 1824 1158 τε

232 1198 332 1250 καὶ
359 1197 617 1268 ἀκίνητον
647 1198 738 1250 ἐπὶ
781 1197 890 1250 τῶν
937 1197 1227 1268 σωμάτων,
1256 1197 1408 1251 οὐδὲν
1436 1197 1623 1268 ἕτερον
1670 1198 1719 1250 εἰ
1749 1198 1825 1269 μὴ

230 1290 498 1361 νεκρότης
522 1289 691 1342 ἐστίν.
726 1288 946 1359 Ἐπειδὴ
968 1288 1148 1342 τοίνυν
1171 1288 1431 1360 ένθερμόν
1459 1306 1517 1342 τε
1548 1290 1643 1343 καὶ
1672 1291 1823 1361 ἐνερ-

229 1381 331 1449 γὸν
363 1379 678 1451 θεωροῦμεν
698 1379 876 1443 τοῦτο,
910 1379 1038 1451 περὶ
1078 1371 1139 1431 οὑ
1183 1378 1274 1432 τὸν
1305 1379 1462 1447 λόγον
1502 1379 1821 1450 ποιούμεθα,

229 1469 295 1522 τὸ
323 1470 463 1541 μηδὲ
494 1470 701 1541 ἄψυχον
733 1466 874 1524 εἶναι
905 1470 992 1523 διὰ
1035 1470 1240 1523 τούτων
1288 1470 1821 1543 συντεκμαιρόμεθα.

245 1561 390 1613 Ἀλλ’
437 1560 630 1633 ὥσπερ
684 1561 824 1615 κατὰ
859 1562 920 1615 τὸ
970 1562 1283 1633 σωματικὸν
1336 1561 1503 1616 αὑτοῦ
1554 1563 1718 1634 μέρος
1760 1562 1821 1615 οὑ

232 1650 418 1722 σάρκα
448 1654 625 1723 φαμὲν
663 1652 816 1717 αὑτὸ,
850 1653 947 1705 καὶ
988 1652 1173 1720 ὀστέα,
1213 1653 1308 1706 καὶ
1344 1653 1558 1724 τρίχας,
1594 1653 1687 1707 καί
1722 1652 1823 1707 ὅσα

229 1742 367 1814 περὶ
394 1742 455 1797 τὸ
476 1744 812 1814 ἀνθρώπινον
837 1744 1164 1815 καθορᾶται,
1200 1743 1335 1797 ἀλλά
1368 1746 1433 1815 τῇ
1461 1743 1689 1813 δυνάμει
1716 1743 1815 1815 μὲν

227 1836 441 1888 τούτων
485 1834 712 1889 ἕκαστον
752 1833 912 1899 εἶναι,
949 1834 1104 1889 οὑπω
1150 1835 1206 1889 δὲ
1244 1834 1386 1888 κατὰ
1434 1835 1495 1888 τὸ
1542 1835 1820 1906 ὁρώμενον

1927 647 1994 701 de
2031 661 2139 717 quo
2184 645 2496 715 colligatur,
2529 660 2653 699 esse
2698 652 2906 715 partem
2937 662 3080 713 eam,
3122 644 3243 720 qna:
3293 652 3503 721 princi-

1926 737 2075 806 pium
2108 745 2194 791 est
2235 736 2493 791 animalis
2535 737 2679 805 quod
2716 737 2980 808 gignitur,
3017 741 3125 793 vita
3176 742 3499 811 praeditam:

1927 817 2004 880 uti
2036 826 2233 897 poterit
2282 826 2456 897 signis
2507 828 2671 881 etiam
2732 830 2964 891 caeteris,
3002 830 3069 885 de
3114 832 3315 900 quibus
3350 826 3500 889 inter

1928 934 2019 974 res
2051 919 2323 973 animatas
2345 926 2400 971 et
2432 927 2681 973 mortuas
2711 908 2972 974 constitui
3005 921 3295 977 discrimen
3340 926 3497 981 solet.

1926 1008 2061 1081 Nam
2093 1010 2147 1063 in
2175 1008 2395 1063 homine
2425 1008 2529 1064 hoc
2552 1025 2675 1065 esse
2699 1019 3079 1081 argumentum
3101 1014 3223 1069 vita:
3241 1014 3498 1081 dicimus,

1924 1100 1970 1155 si
2005 1109 2060 1154 et
2115 1101 2313 1160 caleat,
2368 1108 2423 1155 et
2457 1109 2763 1171 occupetur
2796 1102 3027 1173 agendo,
3069 1114 3138 1176 'et
3194 1116 3497 1172 moveatur,

1925 1194 2126 1249 sicute
2165 1192 2445 1248 contrario
2500 1193 2672 1264 frigus
2730 1194 2783 1248 iu
2839 1196 3182 1264 corporibus,
3231 1180 3287 1253 et
3317 1208 3499 1257 motus

1925 1283 2171 1349 amissio,
2194 1283 2331 1337 nihil
2358 1284 2504 1339 aliud
2533 1283 3045 1355 significant,quam
3073 1280 3346 1355 mortuum
3372 1282 3500 1347 esse

1923 1375 2224 1433 hominem.
2257 1375 2394 1431 Cum
2446 1377 2610 1447 igitur
2659 1378 2763 1433 hoe
2813 1394 3054 1448 quoque,
3082 1378 3150 1435 de
3203 1396 3313 1451 quo
3350 1386 3498 1438 nunc

1924 1468 2278 1533 diSSerimus,
2309 1476 2364 1524 et
2414 1470 2597 1525 calore
2654 1470 2959 1539 praeditum,
2996 1478 3051 1526 et
3082 1473 3304 1529 minitne
3354 1477 3497 1531 otio-

1923 1568 2045 1615 sum
2070 1563 2166 1626 sit,
2192 1560 2571 1616 concludimus
2610 1562 2772 1616 etiam
2826 1561 3129 1618 inanimum
3185 1578 3294 1618 non
3348 1558 3492 1622 esse.

1920 1650 2000 1706 Ac
2031 1652 2492 1722 quemadmodum
2526 1666 2647 1707 eam
2675 1654 2850 1723 ipsius
2879 1664 3111 1724 partem,
3137 1656 3207 1713 de
3242 1672 3347 1727 qua
3375 1673 3497 1713 cor-

1920 1757 2023 1811 pus
2055 1743 2431 1806 constituitur,
2466 1750 2573 1798 non
2636 1759 2858 1801 carnem
2892 1760 3016 1802 esse
3074 1746 3330 1812 dicimus,
3385 1740 3495 1804 non

1922 1846 2072 1895 ossa,
2102 1851 2211 1889 non
2246 1846 2455 1898 comas.
2487 1844 2595 1891 non
2639 1836 2784 1891 aliud
2815 1838 3110 1909 quidquam
3141 1855 3329 1895 eorum
3374 1837 3497 1920 qua!

228 1924 522 1993 φαίνεσθαι
544 1942 557 1955 ·
606 1924 749 1979 οὑτω
781 1927 875 1979 καὶ
903 1926 999 1979 ἐπὶ
1042 1924 1137 1978 τοῦ
1168 1924 1399 1995 ψυχικοῦ
1430 1925 1628 1997 μέρους
1669 1924 1816 1979 οὔπω

1926 1923 1981 1977 in
2017 1920 2236 1980 homine
2259 1926 2559 1992 exsistunt,
2592 1926 2687 1981 sed
2723 1922 3016 1983 statuimus
3053 1929 3198 1983 illam
3225 1916 3495 2000 petestate'

232 2016 338 2087 μὲν
367 2016 431 2069 τὸ
456 2016 671 2086 λογικὸν
698 2018 791 2071 καὶ
815 2016 1211 2088 ἐπιθυμητικὸν
1243 2018 1340 2070 καὶ
1369 2016 1674 2087 θυμοειδὲς,
1728 2017 1821 2070 καὶ

228 2107 333 2159 ὅσα
390 2108 520 2179 περὶ
548 2107 727 2179 ψυχὴν
777 2109 1096 2180 καθορᾶται,
1147 2110 1239 2162 κα)⁵
1287 2110 1345 2162 ἐν
1399 2109 1592 2180 ἐκείνῳ
1637 2108 1820 2180 χώραν

229 2200 377 2269 ἔχειν
412 2199 615 2269 φαμὲν,
660 2200 937 2267 ἀναλόγως
979 2201 1036 2254 δὲ
1088 2200 1186 2271 τῆς
1217 2199 1313 2253 τοῦ
1373 2201 1621 2271 σώματος
1654 2218 1821 2254 κατα-

232 2289 440 2359 σκευῆς
466 2306 528 2343 τε
560 2290 654 2343 καί⁵
682 2288 1038 2355 τελειώσεως,
1078 2293 1171 2344 καὶ
1200 2291 1300 2355 τὰς
1333 2292 1433 2361 τῆς
1461 2292 1638 2363 ψυχῆς
1669 2294 1821 2365 ἐνερ-

228 2381 387 2448 γείας
424 2380 503 2451 τῷ
541 2380 887 2451 ὑποκειμένῳ
924 2380 1304 2448 συναύξεσθαι.
1356 2383 1566 2455 Ὥσπερ
1594 2385 1702 2455 γὰρ
1730 2401 1821 2438 τε·

229 2470 477 2535 λειωθεὶς
507 2474 536 2525 ὁ
578 2470 865 2543 ἄνθρωπος
894 2473 953 2525 ὲν
983 2475 1096 2535 τοῖς
1144 2473 1410 2544 μείζοσιν,
1458 2474 1568 2545 ἔχει
1599 2475 1818 2545 διαφαι-

230 2561 470 2632 νομένην
516 2562 614 2633 τῆς
650 2561 831 2632 ψυχῆς
876 2562 973 2632 τὴν
1018 2562 1299 2633 ἐνέργειαν
1323 2580 1336 2594 ·
1378 2562 1550 2627 οὕτως
1584 2566 1641 2617 ὲν
1674 2566 1816 2637 ἀρχῇ

228 2653 332 2722 τῆς
363 2654 676 2716 συστάσεως
699 2653 800 2723 τὴν
829 2652 1163 2723 κατάλληλόν
1194 2670 1254 2706 τε
1286 2655 1381 2708 καὶ
1409 2654 1721 2727 σύμμετρον
1748 2660 1817 2727 τῇ

229 2744 487 2818 παρούσῃ
534 2745 693 2816 χρεία
747 2743 1065 2816 συνέργειαν
1113 2744 1214 2814 τῆς
1260 2744 1439 2815 ψυχῆς
1490 2745 1576 2815 ἐφ’
1625 2746 1817 2800 ἑαυτοῦ

224 2837 611 2899 διαδείκνυσιν,
650 2838 709 2889 ὲν
736 2836 813 2907 τῷ
852 2838 1281 2901 κατασκευάζειν
1310 2838 1478 2909 αὑτὴν
1526 2840 1694 2909 ἑαυτῇ
1726 2838 1815 2892 διά

225 2926 336 2999 ⁶τῆς
378 2928 688 3000 ὲντεθείσης
734 2928 868 2999 ὑλης
912 2927 977 2980 τὸ
1017 2929 1295 2999 προσφυὲς
1321 2930 1655 3001 οἰκητήριον.
1683 2922 1817 2982 υὺδὲ

226 3022 343 3094 γάρ
372 3016 511 3075 εἶναι
541 3021 764 3075 δυνατὸν
797 3020 1147 3091 λογιζόμεθα,
1169 3019 1477 3092 ἀλλοτρίαις
1507 3020 1817 3091 οἰκοδομαῖς

226 3110 334 3185 τὴν
382 3114 561 3187 ψυχὴν
606 3113 1026 3186 ἐναρμόζεσθαι,
1071 3108 1149 3176 ὡς
1190 3114 1291 3167 οὑκ
1338 3114 1455 3167 ἔστι
1499 3113 1598 3185 τὴν
1643 3114 1701 3165 ὲν
1737 3104 1816 3182 τῷ

226 3207 388 3279 κηρῷ
422 3205 695 3279 σφραγῖδα
726 3205 864 3276 πρὸς
896 3204 1185 3277 ἀλλοτρίαν
1214 3204 1552 3275 ἁρμοσθῆναι
1576 3203 1810 3274 γλυφήν.

1920 2015 2200 2084 quodlibet
2227 2015 2423 2071 borum
2449 2020 2593 2084 esse,
2655 2008 2875 2075 tametsi
2925 2020 3160 2077 necdum
3194 2016 3493 2094 quidquam

1922 2105 2166 2175 conspici
2207 2106 2317 2162 tale
2349 2108 2524 2177 possit
2560 2108 2676 2167 :sic
2702 2112 2899 2166 animae
2929 2124 3137 2183 partem
3172 2116 3319 2186 quod
3359 2110 3492 2173 atti¢

1923 2206 2035 2262 net,
2062 2208 2375 2275 quanquam
2399 2198 2455 2253 in
2479 2214 2543 2255 ea
2568 2201 2802 2256 necdum
2832 2200 3065 2279 facultas
3092 2206 3490 2279 ratiocinatrix,

1922 2306 2042 2360 quae
2071 2300 2156 2346 est
2179 2290 2252 2367 ,τὸ
2275 2290 2492 2361 λογικόν
2510 2333 2526 2359 ,
2564 2308 2746 2363 neque
2772 2300 3060 2364 appetens,
3092 2310 3263 2369 quam,
3282 2296 3343 2350 τὸ
3374 2300 3493 2352 ἐπι-

1921 2380 2219 2451 θυμητικόν
2245 2390 2465 2449 vocant,
2514 2399 2692 2454 neque
2722 2385 2784 2438 τὸ
2836 2384 3086 2456 θυμικόν,
3120 2380 3262 2457 quod
3325 2391 3491 2443 animi

1921 2472 2238 2529 affectiones
2285 2475 2551 2540 continet,
2593 2484 2895 2546 appareat;
2948 2487 3126 2533 tamen
3193 2472 3257 2534 ea
3312 2482 3493 2536 inesse

1922 2565 2054 2620 huic
2084 2566 2349 2621 dicimus:
2375 2575 2431 2622 et
2452 2570 2725 2622 consimili
2749 2571 2961 2641 ratione
2986 2566 3260 2640 quatenus
3293 2588 3493 2642 corpus

1921 2655 2192 2712 formatur
2226 2672 2291 2713 ac
2323 2658 2625 2729 perficitur,
2656 2662 2820 2735 etiam
2846 2661 3163 2719 affectiones
3192 2665 3360 2718 animi
3386 2681 3489 2719 una

1918 2762 2042 2802 cum
2073 2765 2303 2818 corpore
2333 2766 2603 2807 crescere.
2641 2751 2777 2806 Nam
2808 2764 2865 2807 ut
2896 2754 2950 2807 in
2989 2754 3209 2810 homine
3230 2756 3324 2826 qui
3362 2764 3493 2811 aeta-

1918 2846 2027 2892 tem
2056 2840 2122 2894 ad
2164 2840 2431 2910 integram
2464 2843 2731 2911 pervenit,
2765 2852 2819 2896 et
2848 2830 2989 2899 inter
3014 2847 3333 2913 grandiores
3367 2862 3491 2901 ceu-

1917 2933 2095 2992 setur,
2132 2929 2449 2986 all‘ectiones
2478 2932 2646 2985 animi
2687 2932 2797 3002 jam
2857 2920 3151 2991 manifesto
3205 2949 3487 3007 apparent,

1916 3022 1998 3078 sic
2031 3031 2188 3077 ortus
2220 3023 2393 3078 nostri
2428 3024 2604 3085 initio,
2637 3026 2797 3092 pro’ut
2835 3020 2947 3078 tum
2978 3040 3067 3080 res
3102 3028 3359 3096 postulat,
3416 3029 3489 3082 ita

1916 3128 2039 3170 sese
2074 3112 2465 3171 convenienter
2492 3115 2738 3170 actiones
2780 3115 2950 3169 animi
2979 3114 3278 3181 deelarant,
3339 3119 3390 3173 in
3424 3134 3491 3173 co

1916 3204 2060 3273 quod
2088 3204 2205 3275 ipse
2230 3204 2335 3258 sibi
2364 3204 2433 3259 de
2465 3206 2692 3260 materie
2734 3205 2788 3259 in
2833 3202 2957 3260 alvo
2988 3208 3180 3263 matris
3241 3209 3488 3279 deposita

226 3299 574 3355 domicilium
618 3299 964 3370 aptissimum
1010 3307 1219 3354 natura:
1266 3313 1381 3354 suae
1413 3285 1666 3354 fabricat.
1706 3296 1840 3351 Nam
1887 3298 2002 3352 fieri
2036 3298 2141 3353 nou
2178 3310 2357 3367 posse,
2389 3298 2457 3353 de
2487 3299 2789 3355 rationibus
2834 3298 3001 3357 certis
3049 3303 3378 3373 Colligitnus,
3428 3310 3493 3359 ut

228 3392 407 3448 cliens
447 3392 504 3447 in
551 3390 781 3446 aedilicia
828 3389 1119 3446 commode
1172 3389 1390 3444 animus
1448 3388 1792 3458 commigret,
1832 3387 1975 3442 sicut
2041 3388 2158 3444 ﬁeri
2204 3405 2309 3444 non
2358 3394 2557 3459 potest,
2609 3399 2667 3444 ut
2712 3390 2927 3461 signum
2977 3392 3304 3465 impressum
3352 3415 3491 3455 cerae

226 3487 502 3541 diversam
531 3484 598 3540 ad
622 3486 962 3557 sculpturam
994 3493 1233 3556 aptetur.

298 3581 573 3654 Καθάπερ
622 3582 729 3652 γάρ
761 3580 823 3635 τὸ
876 3581 1037 3652 σῶμα
1074 3582 1140 3634 ἐκ
1186 3579 1521 3652 βραχυτάτου
1566 3578 1701 3648 πρὸς
1752 3557 1814 3630 τό

1987 3571 2253 3628 Nimirum
2286 3574 2365 3628 uti
2388 3588 2591 3644 corpus
2616 3585 2872 3655 exorSum
2904 3591 2935 3631 a
2971 3578 3345 3649 magnitudine
3366 3598 3490 3653 pcr-

222 3673 437 3727 τέλειον
486 3672 755 3745 πρόεισιν,
809 3673 951 3727 οὑτω
1001 3673 1097 3726 καὶ
1146 3674 1180 3742 ἡ
1227 3672 1327 3742 τῆς
1354 3671 1532 3741 ψυχῆς
1566 3671 1814 3739 ἐνέργεια

223 3763 584 3836 καταλλήλως
598 3763 915 3835 ὲμφυομένη
943 3762 1022 3834 τῷ
1051 3764 1417 3834 ὑποκειμένῳ,
1439 3759 1814 3814 συνεπιδίδωσι

222 3858 323 3911 καὶ
348 3855 695 3920 συναύξεται.
745 3857 1080 3926 Προηγεῖται
1117 3853 1218 3925 μὲν
1271 3852 1384 3922 γὰρ
1429 3851 1599 3921 αὐτῆς
1643 3852 1700 3903 έν
1745 3841 1814 3920 τῇ

224 3946 426 4018 πρώτῃ
469 3947 782 4017 κατασκευῇ
829 3939 941 3999 οἷον
981 3944 1139 4016 ῥίζης
1171 3942 1315 4007 τινὸς
1351 3944 1411 3997 ἐν
1428 3944 1496 4013 τῇ
1544 3944 1615 4011 γῇ
1647 3955 1817 3994 κατα-

222 4038 564 4111 κρυφθείσης
610 4038 645 4108 ἡ
687 4037 952 4109 αὐξητικὴ
1009 4053 1071 4089 τε
1122 4036 1216 4090 καὶ⁵
1265 4033 1533 4106 θρεπτικὴ
1586 4032 1815 4103 δύναμις

226 4129 397 4201 μόνη.
446 4127 522 4179 υὺ
550 4126 657 4198 γάρ
688 4128 859 4197 χωρεῖ
888 4126 951 4178 τὸ
988 4124 1377 4196 περισσότερον
1407 4124 1441 4194 ἡ
1472 4122 1566 4175 τοῦ
1592 4120 1816 4192 δεχομέ-

222 4238 316 4274 νου
347 4218 643 4290 βραχύτης.
676 4212 811 4270 Εἶτα
852 4216 1205 4290 προελθόντος
1232 4217 1313 4278 είς
1338 4213 1456 4284 φῶς
1487 4212 1582 4267 τοῦ
1616 4212 1812 4282 φυτοῦ,

220 4310 323 4364 καὶ
347 4308 487 4380 ἡλίῳ
530 4307 628 4377 τὴν
659 4306 896 4377 βλάστην
939 4306 1233 4370 δείξαντος,
1266 4306 1300 4375 ἡ
1332 4302 1624 4379 αίσθητικὴ
1654 4302 1823 4374 χάρις.

218 4400 556 4471 ἑπήνθησεν.
614 4397 997 4470 ’Δδρυνθέντος
1033 4396 1092 4450 δὲ
1116 4397 1217 4469 ήδη
1249 4397 1345 4449 καὶ
1374 4397 1456 4459 εἰς
1502 4395 1813 4467 σύμμετρον

222 4492 405 4562 μῆκος
426 4489 845 4561 ἀναδραμόντος,
868 4488 1121 4559 καθάπερ
1138 4505 1222 4551 τις
1244 4486 1455 4558 καρπὸς
1484 4485 1813 4561 διαλάμπειν

218 4587 257 4655 ἡ
285 4582 484 4655 λογικὴ
514 4582 743 4651 δύναμις
772 4582 1021 4652 ἄρχεται,
1074 4579 1136 4633 οὑ
1183 4580 1332 4633 πᾶσα
1368 4576 1581 4655 ἀθρόως
1617 4580 1811 4648 ἐκφαι-

219 4675 428 4745 νομένη
450 4691 464 4705 ·
514 4673 652 4726 ἀλλά
695 4676 762 4745 τῇ
810 4671 905 4726 τοῦ
942 4671 1174 4742 ὀργάνου
1206 4668 1483 4723 τελειώσει
1519 4668 1587 4722 δι’
1618 4670 1812 4739 ἐπιμε-

217 4768 375 4832 λείας
407 4765 773 4832 συναύξουσα,
817 4763 1072 4819 τοσοῦτον
1103 4762 1190 4816 ἀεὶ
1214 4760 1810 4839 καρποφοροῦσα,ηὸσον

1916 3669 2137 3739 exigua.
2178 3679 2333 3722 suam
2396 3667 2461 3722 ad
2508 3669 2901 3737 perfectionem
2960 3671 3348 3742 progreditur:
3408 3678 3491 3733 sic

1914 3761 2085 3816 animi
2125 3750 2358 3814 fabultas
2388 3760 2552 3815 etiam
2585 3754 2800 3815 ratione
2828 3762 3188 3819 conveniente
3225 3782 3331 3820 una
3364 3783 3488 3823 cum

1914 3866 2144 3921 corpore
2175 3850 2390 3921 proficit
2414 3840 2803 3907 accrescendo.
2834 3853 2912 3907 Ac
2950 3854 3209 3927 princeps
3260 3860 3486 3928 quidem

1914 3942 2132 3997 exsistit
2164 3942 2313 4017 ineo
2347 3940 2581 4011 facultas
2605 3956 2930 4019 accrescens
2963 3952 3017 3999 et
3042 3948 3291 4004 nutriens
3348 3952 3488 4015 sola,

1914 4033 2134 4103 quando
2157 4032 2370 4088 scilicet
2418 4032 2473 4109 in
2496 4028 2696 4099 opiﬁcii
2722 4034 2992 4105 principio
3040 4045 3296 4108 tanquam
3332 4042 3488 4097 radix

1913 4121 2159 4194 quaedam
2212 4122 2391 4177 adhuc
2423 4116 2609 4177 abdita
2657 4124 2762 4179 sub
2798 4134 2942 4180 terra
2997 4127 3144 4182 latet.
3182 4124 3316 4183 Nam
3369 4138 3485 4186 tum

1912 4230 2110 4285 capere
2159 4212 2291 4285 quid
2345 4214 2583 4285 amplius
2643 4230 2741 4285 per
2790 4208 3223 4276 imbecillitatem
3278 4222 3485 4294 nequit.

1915 4305 2121 4361 Deinde
2156 4305 2259 4361 hac
2313 4307 2472 4376 quasi
2523 4306 2767 4373 plantula
2820 4309 2874 4362 in
2924 4310 3097 4366 lucem
3147 4314 3487 4384 prodeunte,

1913 4410 2246 4466 germenque
2266 4396 2425 4451 suum
2454 4396 2556 4450 soli
2585 4404 2921 4460 ostentante.
2950 4401 3224 4456 sentiendi
3249 4401 3487 4460 facultas

1911 4471 2261 4543 ellloresceus
2294 4501 2419 4541 cum
2448 4476 2633 4556 priore
2664 4488 3020 4560 conjungitur
3041 4492 3107 4545 ".
3162 4492 3360 4549 Verum
3394 4498 3485 4550 ubi

1908 4577 2023 4649 jam
2052 4577 2191 4633 bene
2232 4593 2427 4649 magna
2488 4577 2632 4633 facta
2692 4587 2799 4644 est,
2839 4589 2894 4636 et
2949 4584 3329 4651 proceritatem
3381 4589 3485 4643 sibi

1912 4664 2330 4723 convenientem
2367 4667 2603 4735 adepta:
2640 4676 2755 4721 tum
2804 4668 3027 4724 demum
3090 4673 3266 4727 instar
3313 4675 3487 4745 ipsius

1912 4759 2129 4814 fructus
2184 4759 2412 4814 rationis
2461 4760 2734 4831 particeps
2764 4759 2994 4840 facultas
3045 4764 3323 4829 elucescit,
3377 4784 3487 4823 non

216 4861 393 4931 χωρεῖ
420 4856 517 4912 τοῦ
567 4854 928 4926 ὑποκειμένου
978 4856 1014 4925 ἡ
1062 4853 1309 4923 δύναμις.
1352 4853 1415 4905 El
1446 4851 1503 4904 δὲ
1532 4849 1713 4921 ζητεῖς
1749 4851 1809 4903 ὲν

1918 4850 2004 4905 illa
2029 4850 2248 4921 quidem
2272 4851 2456 4906 subito
2482 4858 2594 4905 tota
2613 4852 2958 4921 splendorem
2986 4869 3148 4909 suum
3170 4857 3487 4924 ostendens,

213 4956 283 5023 τῇ
349 4949 448 5003 τοῦ
514 4946 766 5018 σώματος
815 4945 1011 5000 πλάσει
1059 4945 1158 5008 τὰς
1207 4942 1444 5013 ψυχικάς
1503 4942 1805 5014 ἐνεργείας,

214 5043 460 5115 πρόσεχε
493 5038 727 5107 σεαυτῷ,
759 5036 894 5109 φησὶ
932 5036 1157 5105 Μωσῆς,
1185 5034 1279 5088 καὶ
1316 5033 1609 5104 ἀναγνώσῃ
1638 5032 1809 5087 καθά-

216 5152 326 5204 περ
382 5135 446 5186 ὲν
479 5130 648 5203 βίϐλῳ
700 5130 808 5182 τῶν
836 5128 933 5199 τῆς
978 5128 1156 5199 ψυχῆς
1193 5126 1371 5199 ἔργων
1400 5126 1502 5197 τὴν
1540 5125 1803 5196 ἱστορίαν.

213 5225 367 5295 Αὐτὴ
399 5223 509 5295 γάρ
541 5238 623 5275 σοι
654 5221 921 5292 διηγεῖται
952 5221 986 5291 ὴ
1016 5220 1198 5289 φύσις,
1224 5218 1382 5286 λόγου
1413 5216 1614 5280 παντὸς
1644 5217 1806 5285 ἐναρ-

218 5316 502 5386 γέστερον,
546 5313 647 5376 τάς
689 5313 939 5375 ποικίλας
988 5313 1046 5364 ἐν
1089 5310 1168 5380 τῷ
1219 5308 1433 5379 σώματι
1475 5308 1575 5379 τῆς
1626 5308 1807 5378 ψυχῆς

215 5406 504 5479 ἀσχολίας,
538 5405 598 5458 ἐν
633 5422 692 5457 τε
726 5407 846 5467 ταῖς
880 5402 1111 5457 καθόλου
1155 5402 1247 5456 καὶ
1270 5403 1327 5454 ἐν
1350 5402 1468 5463 ταῖς
1484 5400 1578 5453 ἐπὶ
1607 5400 1807 5471 μέρους

215 5500 558 5561 διασκευαῖς.
620 5496 780 5549 Ἀλλά
840 5495 1093 5566 περιττὸν
1146 5490 1299 5564 οἶμαι
1348 5493 1493 5563 λόγῳ
1547 5493 1617 5547 τά
1681 5493 1806 5547 καθ’

219 5592 369 5662 ἡμᾶς
416 5590 615 5652 αὑτοὺς
662 5586 941 5652 διεξιέναι,
986 5584 1239 5656 καθάπερ
1269 5602 1321 5638 τι
1358 5584 1468 5637 τῶν
1499 5583 1807 5655 ὑπερορίων

219 5683 613 5757 ειη-ιουμένους
663 5682 977 5754 θαυμάτων.
1025 5679 1121 5744 Τίς
1158 5679 1267 5752 γὰρ
1324 5677 1516 5737 δαυτὸν
1572 5677 1802 5748 βλέπων,

1915 4942 2011 4999 sed
2046 4957 2154 4997 una
2181 4957 2305 4997 cum
2335 4944 2687 4998 instrumenti
2737 4944 2821 4997 sui
2852 4942 3187 5013 perfectione
3237 4947 3489 5003 celeriter

1913 5047 2262 5094 accrescens,
2290 5046 2494 5101 eosque
2520 5031 2735 5087 fructus
2762 5034 3072 5101 proferens,
3113 5035 3207 5104 qui
3240 5039 3488 5106 corporis

1917 5122 2163 5177 facultati
2190 5122 2577 5189 respondeant.
2614 5122 2768 5188 Quod
2798 5123 2844 5178 si
2874 5124 3127 5192 corporis
3184 5125 3237 5179 in
3269 5127 3490 5183 confor-

1913 5214 2154 5268 matione
2190 5213 2321 5284 quid
2358 5215 2577 5269 animus
2612 5215 2810 5268 clliciat
2837 5215 3079 5285 quzeris:
3108 5216 3175 5271 ad
3203 5224 3255 5272 te
3285 5218 3486 5289 ipsum,

1913 5306 1991 5359 ait
2047 5304 2247 5371 Moses,
2302 5306 2536 5375 respice,
2600 5307 2654 5360 in
2706 5307 2881 5377 teipso
2932 5315 3195 5378 tanquam
3254 5312 3308 5365 iu
3346 5313 3487 5367 libro

1912 5398 2150 5468 quodam
2183 5404 2353 5452 totam
2398 5398 2567 5452 animi
2598 5413 2825 5469 operum
2874 5398 3165 5455 historiam
3217 5402 3485 5473 perleges.

1917 5487 2034 5559 Ipsa
2058 5489 2204 5544 enim
2250 5496 2452 5543 natura
2508 5488 2668 5559 longe
2714 5489 2861 5543 omni
2902 5489 3151 5545 oratione
3216 5490 3487 5549 illustrius

1910 5583 2202 5653 explicabit
2235 5582 2333 5636 tibi
2373 5581 2726 5636 atfectiouum
2755 5582 2923 5638 animi
2959 5584 3015 5638 in
3046 5597 3278 5654 corpore
3310 5585 3487 5641 varie-

1913 5682 2104 5742 tatem,
2134 5690 2259 5732 cum
2306 5674 2361 5729 in
2416 5673 2683 5741 universi,
2741 5683 2855 5730 tum
2908 5675 3147 5746 partium
3183 5683 3481 5736 structura.
