3886 6214
381 252 486 306 239

1626 255 1662 306 5
1725 253 2056 312 GREGOIHI
2101 253 2396 310 KYSSENI

3536 255 3649 308 2H)

383 369 489 424 Sed
520 368 664 422 enim
693 377 880 424 nostra
909 373 1396 428 commemorando
1431 390 1770 442 percensere,
1798 377 1955 447 quasi

2066 378 2202 448 λόγῳ
2250 378 2418 430 δεῖται
2450 375 2546 445 τὴν
2580 376 2786 428 οἰκείαν
2825 374 2984 443 φύσιν
3012 375 3391 438 διδάσκεσθαι;
3423 376 3648 430 δυνατΐεν

379 459 626 529 quaedam
689 471 914 516 externa
976 464 1261 530 miracula,
1328 467 1560 534 pretium
1616 481 1794 535 operm
1851 485 1956 522 non

382 551 567 605 fuerit.
601 549 737 616 Quis
793 553 938 606 enim
976 554 1201 609 alterius
1237 558 1486 609 oratione
1527 564 1777 610 naturam
1828 575 1959 628 pro-

384 646 556 714 priam
606 659 945 714 cognoscere
999 645 1296 712 desideret,
1328 663 1451 701 cum
1489 649 1588 717 ipsi
1654 650 1813 704 liceat
1867 667 1957 705 se-

383 736 563 806 ipsum
589 737 883 791 contueri?
924 737 1059 792 Nam
1110 741 1201 809 qui
1235 757 1344 810 quo
1388 753 1544 811 pacto
1596 744 1841 800 vivamus
1875 747 1958 799 in-

383 828 594 898 telligit,
629 837 682 884 et
709 844 873 899 quam
907 839 1093 900 aptum
1138 833 1210 888 sit
1235 849 1434 903 corpus
1490 835 1554 888 ad
1617 851 1805 892 omnes
1837 838 1960 892 vita:

384 919 634 988 proprias
667 921 916 976 actiones
947 921 1162 986 didicit,
1197 925 1244 978 is
1273 925 1439 978 etiam
1486 927 1759 982 aestimare
1809 928 1962 982 facil-

384 1010 516 1067 lime
574 1021 778 1083 potest,
832 1014 887 1067 in
945 1030 1055 1084 quo
1105 1013 1389 1070 eﬂiciendo
1459 1018 1628 1072 animi
1690 1030 1961 1090 occupata

380 1101 557 1170 prima
592 1102 646 1156 in
669 1102 910 1158 hominis
933 1105 1368 1162 conformatione
1387 1123 1549 1177 opera
1582 1109 1761 1164 fuerit.
1785 1112 1962 1166 Adeo-

382 1211 488 1264 quc
531 1195 599 1250 de
640 1197 743 1249 hoc
784 1197 904 1266 ipso
932 1205 1076 1266 patet
1116 1198 1324 1252 homini
1368 1215 1473 1254 non
1499 1202 1723 1256 omnino
1756 1203 1957 1270 hebeti,

384 1300 728 1354 nequaquam
751 1297 1026 1341 mortuum
1050 1296 1104 1343 ct
1128 1289 1426 1343 inanimmn
1459 1292 1727 1347 exsistere
1757 1293 1811 1346 in
1839 1293 1960 1346 olli-

381 1377 504 1430 cina
533 1385 762 1441 natura),
803 1379 951 1449 quod
1001 1380 1068 1434 ad
1128 1381 1519 1450 plantationem
1580 1383 1740 1451 quasi
1767 1401 1960 1453 quam-

382 1467 506 1521 dam
539 1469 793 1524 animalis
823 1471 891 1524 de
924 1472 1048 1525 vivo
1075 1474 1324 1527 avulsum
1351 1489 1580 1544 corpore
1609 1477 1662 1529 in
1691 1491 1753 1530 ea
1789 1477 1958 1547 depo-

387 1561 550 1615 nitur.
583 1561 716 1615 Nam
751 1572 804 1617 et
827 1562 1101 1618 fructuum
1134 1581 1324 1636 grana,
1370 1566 1726 1638 radicumque
1767 1585 1961 1623 surcu-

385 1653 466 1707 los
496 1663 653 1708 terrte
678 1670 787 1709 non
846 1657 1193 1721 mandamus,
1251 1668 1537 1730 postquam
1599 1661 1763 1715 insita
1816 1663 1896 1716 cis
1930 1677 1960 1715 a

2069 469 2176 539 γάρ
2199 472 2313 522 ἐστι
2343 469 2431 520 τὸν
2459 467 2559 536 τῆς
2589 467 2733 536 ζωῆς
2761 467 2962 537 τρόπον
2988 470 3418 538 κατανοήσαντα,
3454 469 3548 522 καὶ
3570 469 3646 531 ὡς

2069 559 2206 630 πρὸς
2247 561 2425 611 πᾶσαν
2471 556 2708 626 ζωτικὴν
2756 556 3036 626 ἐνέργειαν
3069 558 3388 626 ἐπιτηδείως
3436 558 3548 627 ἔχει
3585 557 3650 609 τὸ

2072 652 2229 722 σῶμα
2266 648 2668 718 καταμαθόντα,
2703 648 2903 715 γνῶναι
2928 649 3057 718 περὶ
3079 649 3133 700 τί
3167 648 3546 719 κατησχολήθη
3586 649 3652 700 τὸ

2071 743 2302 811 φυσικὸν
2334 741 2432 812 τῆς
2459 741 2637 810 ψυχῆς
2666 737 2817 810 παρά
2845 739 2943 810 τὴν
2976 739 3200 810 πρώτην
3239 741 3334 793 τοῦ
3359 741 3650 811 γινομένου

2069 835 2377 889 διάπλασιν.
2415 833 2577 886 Ὥστε
2604 831 2697 886 καὶ
2728 831 2816 883 διά
2863 831 3051 884 τούτου
3085 832 3316 903 φανερὸν
3358 828 3498 885 εἶναι
3534 835 3649 896 τοῖς

2067 927 2167 980 οὐκ
2207 926 2653 988 ἀνεπισκέπτοις,
2693 923 2755 975 τὸ
2789 923 2863 993 μὴ
2908 923 3100 994 νεκρόν
3129 941 3191 976 τε
3221 923 3313 977 καὶ
3354 923 3559 994 ἄψυχον
3589 926 3656 975 ἐν

2066 1017 2144 1088 τῷ
2192 1016 2538 1088 ἐργαστηρίῳ
2569 1013 2820 1082 γενέσθαι
2851 1013 2949 1084 τῆς
2991 1013 3224 1083 φύσεως,
3281 1016 3310 1068 ὃ
3363 1017 3498 1085 πρὸς
3545 1016 3648 1084 τὴν

2065 1107 2161 1160 τοῦ
2197 1105 2335 1170 ζώου
2386 1104 2611 1174 φυτείαν
2657 1103 2722 1155 ἐκ
2762 1099 2857 1154 τοῦ
2893 1100 3095 1166 ζῶντος
3127 1102 3376 1172 σώματος
3399 1104 3648 1156 ἀποσπα-

2069 1200 2196 1254 σθὲν
2228 1197 2467 1268 ἐνετέθη.
2515 1194 2626 1250 Καὶ
2656 1193 2765 1263 γὰρ
2805 1194 2898 1245 καὶ
2943 1193 3051 1247 τῶν
3092 1195 3322 1264 καρπῶν
3357 1194 3454 1256 τὰς
3499 1195 3650 1246 ἐντε-

2069 1291 2289 1366 ριὼνας,
2313 1290 2406 1344 καὶ
2443 1289 2542 1352 τάς
2572 1287 2682 1341 τῶν
2721 1284 2886 1356 ῥιζῶν
2913 1285 3230 1348 ἁποσπάδας
3257 1286 3318 1338 οὐ
3359 1284 3652 1356 νεκρωθεί-

2070 1399 2168 1445 σας
2205 1380 2305 1450 τῆς
2352 1378 2678 1448 ἐγκειμένης
2705 1381 2768 1450 τῇ
2812 1375 2972 1446 φύσει
3002 1375 3238 1444 ζωτικῆς
3267 1375 3548 1445 δυνάμεως
3579 1375 3648 1444 τῇ

2067 1476 2137 1544 γῇ
2169 1469 2598 1539 καταϐάλλομεν,
2631 1470 2766 1523 ἀλλά
2802 1467 3170 1540 συντηρούσας
3219 1471 3276 1520 ἐν
3307 1469 3523 1532 ἑαυταῖς
3557 1485 3650 1520 κε-

2065 1563 2391 1634 κρυμμένην
2449 1564 2569 1637 μέν,
2603 1561 2783 1626 ζῶσαν
2832 1562 2889 1614 δὲ
2920 1562 3136 1624 πάντως
3162 1559 3257 1613 τοῦ
3283 1560 3643 1630 πρωτοτύπου

2065 1657 2167 1727 τὴν
2202 1657 2460 1725 ἰδιότητα.
2499 1654 2609 1726 Τὴν
2640 1655 2698 1708 δὲ
2722 1653 2978 1723 τοιαύτην
3006 1654 3235 1724 δύναμιν
3282 1653 3383 1706 οὐκ
3431 1653 3645 1723 ἐντίθη-

381 1755 579 1800 natura
610 1746 852 1803 facultas
881 1750 1064 1806 vitalis
1125 1763 1373 1806 emortua
1433 1753 1631 1808 fuerit:
1694 1755 1788 1809 sed
1836 1771 1957 1809 cum

2069 1765 2156 1804 σιν
2191 1751 2224 1822 ἡ
2260 1749 2589 1818 περιέχουσα
2616 1748 2686 1817 γῆ
2723 1747 2922 1814 ἔξωθεν
2965 1747 3095 1816 παρ’
3121 1746 3318 1817 ἑαυτῆς
3357 1745 3646 1816 ἐπεισκρί-

382 1839 559 1894 adhuc
581 1854 770 1894 eorum
823 1856 854 1894 a
905 1843 1106 1911 quibus
1154 1853 1274 1897 orta
1316 1853 1468 1908 sunt,
1523 1847 1630 1899 vim
1685 1847 1963 1916 propriam

382 1939 734 1996 conservant,
766 1933 1022 1988 latentem
1054 1936 1275 2005 quidem
1307 1939 1452 1990 illam
1483 1947 1537 1991 et
1572 1937 1838 1999 abditam,
1868 1941 1962 1994 sed

383 2033 562 2079 tamen
609 2027 807 2080 vivam.
866 2023 933 2078 Et
973 2027 1057 2081 vis
1103 2028 1324 2098 quidem
1391 2030 1706 2097 hujusmodi
1752 2047 1857 2085 non
1896 2031 1964 2086 de

383 2123 530 2169 terra
553 2117 897 2173 extrinsecus
926 2118 1180 2173 hauritur
1214 2121 1380 2189 (nam
1405 2123 1701 2190 cmteroqui
1737 2137 1964 2178 necesse

383 2207 523 2261 l'orct
551 2208 714 2262 etiam
752 2210 895 2279 ligna
918 2221 1166 2265 emortua
1203 2211 1522 2280 pullulando
1554 2214 1894 2270 clllorescere
1917 2216 1959 2283 ),

383 2297 479 2352 sed
511 2299 673 2354 insita
707 2301 870 2355 rebus
910 2302 1021 2370 jam
1087 2311 1234 2366 ante,
1269 2318 1366 2372 per
1419 2315 1619 2360 terram
1685 2307 1849 2360 modo
1903 2307 1959 2360 in

385 2397 630 2458 apertum
662 2391 1010 2460 producitur,
1036 2394 1476 2462 suppeditantem
1505 2409 1730 2448 succum
1761 2409 1954 2448 suum:

381 2480 449 2534 de
481 2497 589 2550 quo
613 2482 794 2552 planta
819 2483 1022 2547 radice,
1051 2484 1546 2549 corticc,mednlla,
1572 2499 1959 2554 ramorumque

382 2573 621 2626 surculis
643 2581 824 2638 aucta,
856 2575 1022 2644 plane
1055 2575 1275 2629 tandem
1316 2577 1571 2631 omnibus
1597 2577 1679 2630 sui
1709 2576 1956 2646 partibus

378 2663 703 2718 absolvitur.
765 2665 909 2720 Idem
942 2667 1086 2722 enim
1141 2668 1257 2723 ﬁeri
1291 2684 1398 2724 non
1451 2677 1656 2739 posset,
1696 2669 1744 2723 si
1806 2669 1956 2722 nulla

2061 1857 2250 1896 νουσα’
2272 1835 2309 1910 ἦ
2332 1838 2442 1911 γὰρ
2470 1839 2536 1892 ἀν
2562 1838 2657 1891 καὶ
2683 1836 2750 1890 τά
2781 1836 2948 1907 νεκρά
2971 1836 3080 1889 τῶν
3104 1835 3276 1901 ξύλων
3306 1837 3384 1899 εἰς
3409 1834 3659 1905 βλάστην

2060 1934 2364 2005 προήγετο·
2414 1931 2550 1986 ἀλλὰ
2596 1929 2696 2001 τὴν
2724 1929 3084 2000 ἐπικειμένην
3132 1928 3351 1998 ἔκδηλον
3394 1929 3648 1998 ἀπεργά-

2061 2025 2232 2090 ζεται,
2272 2023 2361 2076 διά
2406 2022 2506 2091 τῆς
2546 2019 2752 2083 οἰκείας
2785 2019 3013 2090 ἰκμάδος
3047 2018 3406 2090 τιθηνουμένη
3455 2021 3536 2080 είς
3566 2018 3656 2088 ρί-

2061 2116 2182 2182 ζαν,
2227 2115 2322 2168 καὶ
2352 2113 2559 2182 φλοιὸν,
2613 2113 2712 2165 καὶ
2739 2110 3086 2183 ἐντεριώνην,
3119 2111 3212 2164 καὶ
3253 2109 3353 2174 τὰς
3377 2110 3486 2163 τῶν
3514 2109 3650 2163 κλά-

2061 2208 2166 2260 δων
2214 2204 2472 2274 ἐκφύσεις
2518 2203 2581 2256 τὸ
2630 2202 2796 2272 φυτὸν
2837 2203 3140 2256 τελειοῦσα.
3172 2202 3349 2272 Ὅπερ
3391 2200 3490 2270 οὐχ
3534 2195 3659 2253 οἷόν

2061 2316 2121 2351 τε
2152 2293 2220 2369 ἦν
2251 2294 2517 2365 γίνεσθαι,
2571 2295 2644 2365 μή
2693 2311 2834 2358 τινος
2868 2294 3104 2365 φυσικῆς
3135 2292 3416 2363 δυνάμεως
3452 2309 3649 2344 συνεν-

2061 2388 2330 2456 τεθείσης,
2360 2386 2482 2454 ἥτις
2521 2382 2618 2454 τὴν
2662 2382 2899 2452 συγγενῆ
2931 2383 3024 2435 xui.
3051 2379 3384 2450 κατάλληλον
3429 2379 3494 2432 ἐκ
3535 2377 3662 2430 τῶν

2062 2475 2480 2550 παρακειμένων
2522 2474 2726 2546 τροφὴν
2767 2475 2848 2537 είς
2881 2473 3077 2543 ἑαυτὴν
3105 2473 3360 2535 ἕλκουσα,
3406 2471 3640 2540 θάμνος.

2059 2571 2092 2641 ἦ
2121 2569 2353 2639 δένδρον,
2383 2567 2416 2635 ἢ
2450 2565 2672 2635 στάχυς,
2708 2565 2742 2635 ἦ
2781 2581 2834 2616 τι
2862 2564 2969 2616 τῶν
3011 2560 3365 2634 φρυγανικῶν
3401 2559 3648 2630 βλαστη-

2067 2664 2252 2734 μάτων
2291 2657 2526 2726 ἐγένετο.

379 2757 615 2812 facultas
655 2758 704 2812 ei
739 2760 1004 2815 naturalis
1030 2762 1201 2816 indita
1250 2762 1410 2828 foret,
1453 2781 1479 2816 a
1514 2781 1619 2834 qua
1664 2771 1899 2834 cognato
1943 2769 1998 2817 et
2036 2757 2397 2814 conveniente
2443 2753 2706 2806 alimento
2751 2749 2818 2806 de
2865 2749 3062 2804 vicinis
3107 2747 3352 2818 partibus
3389 2754 3662 2812 attracto,

386 2852 473 2906 vel
518 2852 822 2915 arbustum,
857 2855 940 2907 vel
975 2855 1163 2918 arbor,
1205 2856 1287 2909 vel
1346 2857 1518 2926 spica,
1581 2858 1664 2911 vel
1693 2856 1928 2925 quodvis
1971 2851 2267 2922 virgultum
2299 2853 2637 2902 nasceretur.

948 2968 1176 3025 CAPUT
1221 2969 1386 3024 XXX.

386 3057 620 3113 Humani
651 3060 1196 3131 corporisstructurw
1235 3062 1475 3131 qua’dam
1539 3062 1699 3115 altius
1745 3079 1809 3116 ex
1841 3064 1956 3130 ipsa

594 3130 850 3183 medicina
880 3129 1100 3184 breviter
1121 3129 1341 3200 repetita
1371 3133 1760 3197 contemplatio.

454 3217 560 3275 Sed
589 3221 734 3275 enim
781 3223 1159 3293 unusquisque
1192 3233 1464 3289 nostrum,
1496 3234 1690 3278 natura
1739 3226 1957 3295 propria

383 3309 646 3378 magistra
681 3319 736 3364 ct
768 3310 932 3376 duce,
963 3319 1292 3366 structuram
1321 3314 1570 3384 corporis
1607 3325 1862 3369 accurate
1891 3332 1956 3369 ex

381 3413 450 3453 eo
474 3398 620 3468 quod
650 3409 704 3453 ct
728 3401 873 3456 videt
901 3410 954 3455 et
979 3403 1112 3456 vivit
1152 3411 1207 3458 et
1239 3406 1430 3467 sentit,
1472 3421 1809 3476 cognoscere
1861 3423 1958 3476 po-

385 3490 532 3544 terit.
558 3491 700 3556 Quin
732 3501 787 3545 et
816 3509 845 3545 a
873 3494 1008 3548 viris
1047 3494 1386 3551 doctissimis
1418 3497 1532 3550 lucc
1585 3499 1830 3554 studiose
1863 3515 1958 3553 es.

385 3580 583 3649 plicata
615 3596 739 3635 cum
776 3584 907 3648 sint,
941 3584 1068 3639 licet
1107 3587 1420 3640 universam
1461 3598 1515 3642 et
1564 3589 1829 3658 integram
1865 3606 1958 3644 eo-

385 3687 507 3726 rum
542 3674 848 3729 doctrinam
895 3677 963 3732 de
1011 3677 1168 3734 libris
1211 3679 1404 3734 horum
1445 3696 1786 3750 expromere.
1826 3684 1953 3749 Alii,

385 3777 509 3832 quae
566 3766 854 3821 collocatio
910 3767 982 3822 sit
1035 3769 1376 3840 singularum
1431 3773 1486 3826 in
1524 3773 1682 3829 nobis
1723 3775 1956 3842 partium

389 3857 614 3910 scrutati
649 3867 797 3913 sunt.
823 3858 956 3928 Alii,
1001 3876 1160 3930 quem
1193 3861 1260 3915 ad
1290 3879 1449 3918 usum
1491 3865 1676 3918 omnia
1711 3867 1958 3933 corporis

386 3950 630 4004 membra
656 3949 798 4005 facta
830 3953 961 4016 sint,
1013 3954 1362 4024 indagarunt,
1417 3968 1469 4011 et
1508 3957 1667 4012 nobis
1718 3959 1959 4028 explica-

387 4049 542 4101 runt,
585 4049 645 4095 ut
673 4041 784 4111 jam
822 4043 890 4098 de
922 4045 1116 4099 horum
1151 4048 1563 4104 commentariis
1597 4065 1794 4120 capere
1839 4060 1957 4106 stn-

385 4137 525 4191 diosi
581 4136 772 4190 harum
834 4153 1013 4192 rerum
1066 4139 1430 4208 cognitionem
1476 4141 1696 4195 humani
1754 4142 1956 4211 Opiﬁcii

387 4227 712 4297 locupletem
769 4238 824 4283 et
858 4230 1007 4282 nulla
1040 4231 1125 4286 sui
1161 4239 1312 4300 parte
1341 4231 1683 4287 deﬁcientem
1722 4235 1954 4302 possint.

385 4318 542 4385 Quod
593 4321 639 4374 si
697 4321 822 4390 quis
851 4322 1013 4376 etiam
1067 4323 1182 4378 hzec
1247 4325 1538 4388 universa,
1599 4323 1666 4380 de
1707 4325 1957 4378 d0t'll‘illa

386 4411 606 4480 pr0pria
637 4427 765 4466 vero
795 4413 848 4465 in
879 4413 1040 4470 terris
1073 4413 1165 4468 Dei
1197 4415 1363 4469 coetui
1413 4415 1628 4471 discere
1659 4417 1832 4480 malit,
1892 4431 1959 4470 ne

389 4499 496 4551 ulla
539 4499 592 4553 in
624 4515 682 4554 rc
710 4501 1000 4572 disciplina
1032 4509 1219 4557 extera
1259 4519 1419 4574 egere
1453 4505 1626 4559 videri
1677 4507 1952 4574 possimus

388 4589 648 4660 (quando
698 4591 782 4646 lex
835 4593 1032 4646 ovibus
1080 4593 1462 4663 spiritualibus
1509 4604 1594 4650 est
1636 4597 1912 4666 proposita
1941 4636 1957 4661 ,

388 4678 849 4748 quemadmodum
877 4683 952 4735 ait
987 4681 1272 4746 Dominus,
1303 4681 1421 4737 Non
1456 4700 1578 4739 esse
1604 4685 1721 4739 voci
1775 4687 1914 4740 alius
1940 4728 1957 4752 ,

385 4780 539 4826 extra
568 4789 730 4842 quam
757 4774 1014 4843 pastoris,
1043 4789 1204 4830 aures
1226 4775 1545 4846 prtebendas
1567 4777 1613 4808 ”
1636 4776 1678 4844 ),
1713 4793 1811 4848 age
1839 4778 1963 4832 bre-

388 4861 527 4915 vitcr
554 4860 622 4914 de
645 4861 733 4916 his
763 4877 982 4932 quoque
1022 4863 1379 4920 disseramus.
1410 4865 1552 4919 Sunt
1579 4866 1802 4919 omnino
1838 4883 1961 4921 cor-

384 4951 536 5022 poris
557 4951 612 5005 in
644 4960 864 5016 natura,
899 4955 1004 5008 tria
1045 4969 1296 5020 numero,
1350 4971 1583 5026 quorum
1631 4960 1806 5029 gratia
1842 4962 1959 5015 sin-

382 5042 509 5114 gula
542 5042 598 5096 in
633 5044 792 5100 nobis
847 5045 1094 5100 membra
1134 5055 1265 5101 sunt
1317 5046 1483 5102 facta.
1527 5047 1663 5103 Nam
1716 5050 1840 5111 alia,
1899 5059 1960 5105 ut

383 5135 690 5190 viveremus
731 5134 954 5189 condita
986 5145 1156 5201 sunt;
1205 5137 1331 5204 alia,
1366 5147 1425 5192 ut
1468 5139 1711 5206 jucunde
1748 5142 1950 5196 vivere-

382 5239 548 5288 mus;
594 5225 725 5289 alia,
756 5235 818 5280 ut
874 5237 1022 5282 esset
1077 5230 1131 5283 in
1174 5229 1416 5284 humano
1464 5246 1663 5300 genere
1697 5245 1956 5304 perpetua

383 5315 717 5384 posteritatis
748 5322 1048 5375 successio.
1090 5320 1223 5387 Quae
1259 5335 1424 5391 porro
1471 5323 1593 5391 ejus
1625 5334 1754 5378 sunt
1795 5342 1958 5395 gene-

380 5403 483 5467 ris,
513 5409 572 5456 ut
601 5403 650 5458 si
674 5403 881 5475 absque
913 5407 1047 5478 ipsis
1093 5409 1255 5475 foret,
1314 5411 1478 5467 homo
1531 5429 1644 5468 non
1696 5415 1952 5470 viveret:

386 5492 561 5550 tribus
588 5495 844 5553 membris
867 5502 1428 5572 comprehenduntur,
1487 5505 1733 5573 cerebro,
1765 5507 1951 5576 corde,

456 5654 500 5684 ⁸⁸
537 5648 694 5706 Joan.
733 5670 784 5718 ι,
813 5653 874 5720 4,-
898 5656 951 5712 5.

2558 2959 2957 3014 ΚΕΦΔΛΑιΟΝ
2998 2959 3077 3011 Λ¹.

2066 3061 2288 3130 Θεωρία
2336 3075 2425 3134 τίς
2457 3052 2836 3134 ζατρικωτέρα
2887 3051 3032 3134 ίτερζ
3057 3047 3331 3134 τῆςτοῦ
3371 3047 3650 3118 σώματος

2356 3119 2956 3196 ήμῶν-’κατασκευῆς
2997 3120 3070 3173 δι’
3109 3119 3349 3188 ὀλίγων.

2148 3222 2307 3276 Ἀλλά
2341 3220 2439 3290 τὴν
2470 3219 2566 3289 μὲν
2620 3215 2820 3287 ἀκριϐῆ
2875 3213 2968 3267 τοῦ
3020 3212 3271 3282 σώματος
3322 3211 3478 3282 ἡμῶν
3525 3211 3647 3264 δια-

2067 3317 2262 3386 σκευὴν
2307 3312 2543 3365 διδάσκει
2602 3309 2702 3379 μὲν
2751 3309 2982 3369 ἕκαστος
3043 3304 3255 3367 ἑαυτὸν,
3310 3305 3372 3369 ἐξ
3427 3299 3501 3356 ὧν
3543 3306 3651 3374 ὁρᾷ

2063 3425 2122 3461 τε
2175 3407 2267 3460 καὶ
2315 3403 2380 3474 ζῇ
2435 3401 2530 3456 καὶ
2583 3399 2918 3462 αἰσθάνεται,
2971 3398 3068 3468 τὴν
3118 3398 3255 3452 ἰδίαν
3305 3396 3498 3450 ἑαυτοῦ
3546 3398 3654 3465 φύ-

2067 3519 2150 3554 σιν
2214 3497 2532 3552 διδάσκαλον
2595 3495 2754 3564 ἔχων.
2817 3493 3036 3559 Ἔξεστι
3069 3492 3126 3545 δὲ
3179 3491 3275 3546 καὶ
3320 3493 3419 3562 τὴν
3456 3492 3513 3544 ἐν
3563 3491 3652 3560 βί-

2065 3593 2211 3654 ϐλοις
2252 3585 2699 3660 φιλοπονηθεῖσαν
2745 3588 2856 3646 τοῖς
2899 3583 2968 3636 τὰ
3008 3582 3235 3636 τοιαῦτα
3292 3583 3476 3650 σοφοῖς
3509 3581 3650 3651 περὶ

2064 3683 2268 3737 τούτων
2324 3678 2562 3750 ἱστορίαν
2608 3675 2962 3739 ἀναλαϐόντι,
3023 3676 3202 3728 πάντα
3248 3675 3324 3728 δι’-
3359 3673 3662 3743 ἀκριϐείας.

2069 3773 2278 3845 μαθεῖν.
2315 3766 2415 3824 Ὧν
2441 3773 2487 3822 οἱ
2521 3769 2620 3840 μὲν
2655 3769 2803 3830 ὅπως
2832 3767 2944 3837 ἔχει
2973 3767 3176 3830 θέσεως
3206 3768 3273 3819 τὰ
3307 3767 3651 3820 καθέκαστου

2015 3887 2020 3893 ~
2064 3863 2172 3917 τῶν
2219 3865 2276 3915 ἐν
2305 3863 2458 3932 ἡμῖν,
2495 3860 2584 3912 διὰ
2615 3859 2714 3929 τῆς
2749 3857 3025 3928 ἀνατομῆς
3058 3856 3445 3926 ἐδιδάχθησαν·
3485 3857 3535 3910 οἱ
3587 3855 3658 3908 δὲ·

2065 3955 2159 4008 καὶ
2193 3953 2329 4024 πρὸς
2355 3953 2384 4006 ὅ
2421 3969 2472 4006 τι
2505 3951 2692 4020 γέγονε
2730 3949 2909 4002 πάντα
2939 3947 3012 4000 τὰ
3055 3946 3151 4000 τοῦ
3185 3947 3432 4018 σώματος
3479 3947 3652 4018 μόρια

2067 4045 2397 4113 κατενόησάν
2425 4061 2483 4097 τε
2504 4043 2601 4096 καὶ
2627 4042 2970 4112 διηγήσαντο,
2994 4039 3069 4104 ὼς
3092 4040 3369 4112 ἀρκοῦσαν
3395 4041 3650 4095 ἐντεῦθεν

2063 4138 2162 4208 τῆς
2190 4136 2536 4208 ἀνθρωπίνης
2565 4134 2911 4204 κατασκευῆς
2935 4133 3034 4204 τὴν
3055 4133 3256 4202 γνῶσιν
3284 4136 3396 4196 τοῖς
3423 4133 3654 4203 φιλοπό-

2065 4247 2174 4293 νοις
2202 4228 2478 4298 γενέσθαι.
2511 4227 2575 4280 Εἰ
2603 4225 2661 4278 δέ
2686 4242 2770 4288 τις
2796 4225 3078 4296 ὲπιζητοίη
3110 4226 3326 4279 πάντων
3348 4225 3525 4280 αὐτῶν
3544 4225 3658 4296 τὴν

2064 4318 2362 4388 ἐκκλησίαν
2413 4312 2730 4369 διδάσκαλον
2761 4315 3030 4383 γίνεσθαι,
3065 4315 3141 4379 ὡς
3189 4317 3270 4379 είς
3323 4316 3490 4386 μηδὲν
3541 4316 3653 4386 τῆς

2065 4413 2264 4480 ἔξωθεν
2308 4397 2490 4482 φωνῆς
2527 4409 2828 4463 ἐπιδεῖσθαι
2867 4403 3042 4480 (οὗτος
3071 4410 3181 4482 γὰρ
3204 4410 3312 4462 τῶν
3348 4426 3656 4479 πνευματι-

1989 4473 2038 4530 D
2065 4473 2177 4557 κῶν
2220 4473 2505 4574 προ-ϐάτων
2549 4503 2579 4556 ὁ
2617 4501 2798 4572 νόμος,
2838 4473 3031 4566 καθώς
3057 4473 3222 4572 φησιν
3246 4504 3274 4555 ὁ
3308 4473 3534 4574 Κύριος,
3579 4505 3648 4558 τὸ

2066 4597 2349 4669 ἀλλοτρίας
2399 4597 2473 4668 μὴ
2517 4595 2738 4648 ἀκούειν
2767 4596 2998 4666 φωνῆς),
3016 4595 3106 4648 διὰ
3145 4594 3393 4666 βραχέων
3426 4595 3521 4648 καὶ
3553 4595 3650 4649 τὸν

2067 4689 2197 4759 περὶ
2225 4688 2430 4741 τούτων
2462 4687 2620 4756 λόγον
2660 4686 3049 4756 διαληψόμεθα.
3091 4686 3228 4756 Τρία
3259 4687 3386 4759 περὶ
3419 4687 3523 4759 τὴν
3549 4686 3655 4740 τοῦ

2068 4779 2317 4849 σώματος
2341 4777 2641 4848 ἐνοήσαμεν
2670 4775 2851 4845 φύσιν,
2881 4771 2956 4829 ὦν
2981 4777 3141 4846 χάριν
3169 4775 3236 4829 τὰ
3259 4776 3381 4830 καθ’
3413 4777 3659 4832 ἕκαστον

2065 4869 2173 4922 τῶν
2193 4870 2250 4922 ἐν
2282 4869 2417 4939 ἡμῖν
2444 4867 2890 4923 κατεσκεύασται,
2926 4868 3006 4922 Τὰ
3037 4869 3136 4939 μὲν
3169 4869 3278 4940 γὰρ
3306 4869 3396 4924 διὰ
3431 4869 3492 4924 τὸ
3521 4869 3652 4938 ζῇν,

2065 4963 2134 5014 τὰ
2157 4962 2215 5015 δὲ
2234 4961 2320 5014 διὰ
2345 4959 2407 5014 τὸ
2439 4959 2621 5023 καλῶς
2647 4959 2766 5031 ζῇν,
2809 4960 2972 5032 ἔτερα
2997 4960 3054 5014 δὲ
3079 4961 3221 5032 πρὸς
3251 4961 3352 5033 τὴν
3392 4962 3651 5036 διαδοχὴν

2064 5052 2173 5105 τῶν
2200 5051 2598 5122 ἐπιγινομένων
2623 5052 2944 5121 ἐπιτηδείως
2973 5052 3106 5122 ἔχει.
3157 5053 3300 5108 Ὅσα
3339 5055 3438 5125 μὲν
3468 5051 3565 5110 οὖν
3588 5059 3656 5112 ἐν

2063 5147 2195 5216 ἡμῖν
2224 5143 2448 5198 τοιαῦτά
2493 5144 2662 5207 ἐστιν,
2709 5136 2784 5196 ὧν
2829 5143 2958 5198 ἀνευ
2990 5145 3252 5215 συστῆναι
3289 5146 3388 5216 τὴν
3427 5148 3650 5220 ἀνθρω-

2062 5235 2223 5304 πίνην
2254 5233 2398 5303 ζωὴν
2436 5233 2536 5286 οὐκ
2564 5233 2859 5304 ἐνδέχεται,
2896 5235 2956 5288 ἐν
2993 5236 3143 5305 τρισὶ
3171 5237 3380 5306 μορίοις
3419 5255 3649 5294 κατενο-

2060 5324 2274 5393 ήσαμεν
2294 5339 2306 5351 ·
2340 5323 2398 5375 ἐν
2421 5323 2730 5394 ἐγκεφάλῳ,
2761 5324 2854 5378 καὶ
2879 5326 3098 5397 καρδίᾳ,
3131 5329 3227 5380 καὶ
3262 5329 3454 5399 ἥπατι.
3499 5331 3646 5388 Ὅσα

2061 5415 2117 5468 δὲ
2135 5414 2420 5486 προσθήκη
2437 5415 2522 5478 τίς
2557 5417 2672 5468 ἐστι
2705 5417 2814 5470 τῶν
2837 5417 3078 5486 ἀγαθῶν,
3115 5421 3211 5474 καὶ
3241 5420 3521 5494 φιλοτιμία
3542 5425 3649 5495 τῆς

2063 5507 2296 5578 φύσεως,
2327 5506 2389 5561 τὸ
2419 5502 2478 5560 εὖ
2503 5507 2602 5579 ζῇν
2633 5508 2700 5562 δι’
2745 5510 2968 5566 ἐκείνων
3001 5511 3078 5584 τῷ
3105 5512 3378 5585 ἀνθρώπῳ
3414 5516 3646 5586 χαριζο-
