3886 6214
224 388 319 444 Si!

1433 445 1436 452 .
1453 395 1542 448 DE
1581 395 1867 452 HOMINIS
1904 400 2221 458 OPlFlCIO.

3369 404 3477 458 242

233 505 416 575 μένης,
446 505 514 560 τὰ
545 508 670 578 περὶ
704 508 807 580 τὴν
845 509 1097 581 αἴσθησίν
1138 511 1284 565 ἐστιν
1314 513 1541 582 ὄργανα.
1578 515 1658 568 Τά
1695 517 1805 587 γάρ

1931 522 2170 578 ecinore.
2209 523 2338 588 Qute
2373 523 2637 578 bonorum
2674 528 2795 575 sunt
2835 520 2980 574 velut
3023 518 3475 576 additamentum.

230 597 450 650 τοιαῦτα
477 599 578 669 τὴν
604 598 751 669 ζωὴν
781 600 880 670 μὲν
902 603 964 655 ού
998 603 1330 675 συνίστησιν,
1352 607 1475 659 ἐπεὶ
1503 607 1596 661 καὶ
1623 607 1805 660 λιπόν-

228 705 334 740 των
360 690 522 742 τινῶν
569 690 847 754 πολλάκις.
871 693 1020 746 οὐδὲν
1046 689 1208 766 ἦττον
1239 695 1298 748 ἐν
1334 695 1412 766 τῷ
1453 696 1552 767 ζῇν
1586 698 1732 749 ἐστιν
1777 700 1806 751 ὁ

231 779 324 831 ἄνθ
331 797 533 849 ρωπος,
560 783 676 834 ἀλλ’
696 785 975 854 ἀμήχανον
1000 785 1122 856 δίχα
1142 786 1346 841 τούτων
1364 788 1472 842 τῶν
1493 790 1804 860 ἐνεργειῶν,

232 870 337 922 τῶν
394 872 536 924 κατά
577 873 675 944 τὴν
731 873 876 946 ζωὴν
928 878 1098 946 ἡδέων
1139 878 1236 950 τὴν
1282 880 1571 950 μετουσίαν
1640 881 1803 952 ἔχειν.

243 962 300 1014 'U
346 962 403 1014 δὲ
448 963 628 1034 τρίτος
678 966 878 1029 σκοπὸς
922 968 1058 1038 πρὸς
1101 969 1162 1024 τὸ
1210 971 1410 1042 ἐφεξῆς
1451 990 1512 1025 τε
1564 976 1660 1027 καὶ
1708 974 1807 1044 τὴν

232 1050 478 1122 διαδοχὴν
540 1052 746 1122 βλέπει.
822 1056 976 1110 Ἐστι
1023 1058 1081 1113 δὲ
1130 1061 1225 1114 καὶ
1270 1061 1406 1116 ἄλλα
1460 1063 1581 1118 τινά
1657 1067 1808 1136 παρὰ

233 1143 420 1209 ταῦτα,
451 1143 489 1197 ἃ
515 1143 649 1215 πρὸς
675 1138 934 1218 διαμονὴν
971 1150 1125 1204 κοινά
1149 1153 1262 1214 τοῖς
1294 1154 1460 1206 πᾶσιν
1501 1154 1805 1220 ὑπόκειται,

234 1236 330 1298 τὰς
362 1235 730 1306 καταλλήλους
760 1238 1080 1309 προσθήκας
1107 1242 1173 1294 δι’
1202 1243 1410 1297 ἑαυτῶν
1430 1246 1807 1314 ἐπεισάγοντα,

234 1325 311 1388 ὡς
330 1325 506 1379 κοιλία
529 1328 622 1380 καὶ
653 1327 928 1398 πνεύμων,
947 1334 976 1384 ὁ
1003 1331 1101 1401 μὲν
1119 1332 1195 1402 τῷ
1221 1335 1490 1404 πνεύματι
1519 1337 1579 1389 τὸ
1611 1339 1812 1409 ἐγκάρ-

234 1415 345 1468 διον
395 1415 509 1486 πῦρ
550 1418 946 1489 ἀναρριπίζων,
999 1423 1033 1492 ἠ
1081 1423 1136 1476 δὲ
1175 1427 1290 1488 τοῖς
1335 1426 1665 1498 σπλάγχνοις
1713 1429 1814 1500 τὴν

233 1507 440 1576 τροφὴν
487 1509 874 1573 είσοικίζουσα.
908 1511 1066 1566 Οὕτω
1109 1515 1287 1570 τοίνυν
1337 1521 1436 1586 τῆς
1467 1521 1814 1592 κατασκευῆς

232 1597 330 1666 τῆς,
361 1598 422 1650 ἐν
453 1600 582 1668 ἡμῖν
613 1601 971 1675 διῃρημένης,
1003 1605 1152 1659 ἐστιν
1184 1609 1428 1678 ἀκριϐῶς
1458 1613 1811 1682 κατανοῆσαι,

234 1689 316 1740 ὅτι
341 1690 404 1742 οὐ
440 1693 724 1760 μονοειδῶς
773 1699 910 1766 ἡμῖν
940 1698 1008 1750 δι’
1054 1701 1172 1763 ἑνός
1210 1719 1352 1764 τινος
1395 1704 1428 1772 ή
1461 1704 1596 1774 πρὸς
1622 1705 1682 1757 τὸ
1714 1706 1814 1776 ζῇν

227 1779 462 1850 δύναμις
506 1783 845 1854 διεξάγεται·
890 1789 1026 1843 ἀλλά
1073 1791 1279 1846 πλείοσι
1316 1794 1522 1864 μορίοις
1569 1798 1602 1866 ἡ
1654 1797 1814 1864 φύσις

235 1871 334 1936 τὰς
363 1874 501 1944 πρὸς
533 1875 631 1946 τὴν
678 1878 938 1934 σύστασιν
972 1882 1129 1951 ἡμῶν
1163 1885 1419 1954 ἀφορμὰς
1464 1888 1813 1957 ἐπινείμασα,
1847 1868 1889 1922 Β

236 1963 542 2030 ἀναγκαίαν
573 1969 719 2019 ποιεῖ
750 1968 886 2039 πρὸς
919 1970 979 2022 τὸ
1003 1971 1121 2023 ὅλον
1144 1972 1242 2043 τὴν
1274 1973 1402 2042 παρ’
1433 1975 1665 2027 ἑκάστου
1697 1993 1818 2028 συν-

230 2053 518 2123 εισφοράν.
551 2055 713 2108 Ὥστε
743 2059 837 2111 καὶ
878 2059 978 2112 ὅσα
1023 2061 1158 2130 πρὸς
1188 2063 1489 2131 ἀσφάλειαν
1543 2065 1645 2134 τῆς
1673 2064 1818 2136 ζωῆς

236 2144 329 2196 καὶ
377 2144 572 2209 κάλλος
623 2149 658 2217 ὴ
706 2148 867 2216 φύσις
912 2152 1336 2222 ὲπετεχνάσατο,
1380 2155 1550 2209 πλείω
1596 2156 1658 2210 τέ
1701 2159 1818 2210 ἐστι

241 2233 437 2297 ταῦτα,
464 2235 560 2287 καὶ
590 2237 789 2308 πολλὴν
823 2240 958 2310 πρὸς
1004 2241 1210 2313 ἄλληλα
1253 2243 1352 2315 τὴν
1379 2245 1644 2316 διαφορὰν
1681 2247 1814 2316 ἔχει.

250 2323 389 2376 Ἀλλ’
440 2323 595 2396 οἶμαι
647 2327 916 2383 ’διελέσθαι
973 2333 1238 2404 πρότερον
1285 2337 1343 2390 ἐν
1406 2337 1571 2407 ὀλίγῳ
1623 2339 1819 2409 χρῆναι

235 2415 347 2469 τῶν
378 2417 515 2488 πρὸς
540 2418 638 2490 τὴν
669 2420 927 2476 σύστασιν
955 2427 1053 2494 τῆς
1085 2424 1234 2495 ζωῆς
1265 2428 1660 2483 συντελούντων
1687 2433 1820 2500 ἡμῖν

239 2506 337 2570 τὰς
367 2507 597 2578 πρώτας·
621 2511 815 2582 ἀρχάς.
860 2513 924 2567 Ἡ
953 2515 1053 2584 μὲν
1089 2511 1183 2569 οὖν
1212 2518 1305 2571 τοῦ
1334 2520 1548 2584 παντὸς
1572 2521 1821 2592 σώματος

242 2598 342 2667 ὓλη
367 2601 522 2668 κοινὴ
551 2604 662 2665 τοῖς
692 2603 812 2654 καθ’
843 2603 1072 2658 ἕκαστον
1102 2607 1318 2677 μέλεσιν
1347 2610 1704 2682 ὑποκειμένη,
1735 2631 1820 2665 σι-

238 2693 430 2758 γάσθω
477 2693 674 2748 τανῦν·
728 2697 879 2750 οὐδὲν
933 2697 1042 2769 γάρ
1100 2701 1237 2770 πρὸς
1286 2702 1377 2754 τὸν
1441 2703 1640 2757 σκοπὸν
1691 2706 1821 2775 ἡμῖν

242 2784 549 2837 συντελέσει
578 2786 611 2855 ἡ
646 2787 871 2839 καθόλου
907 2789 1222 2858 φυσιολογία
1269 2791 1404 2862 πρὸς
1432 2793 1542 2862 ’τὴν
1589 2797 1822 2865 μερικὴν

237 2873 499 2945 θεωρίαν.
567 2877 1030 2948 Ὀμολογουμένου
1081 2882 1264 2937 τοίνυν
1327 2884 1476 2954 παρὰ
1535 2886 1670 2937 πᾶσι
1729 2887 1822 2939 τοῦ

240 2967 464 3020 πάντων
492 2970 548 3022 ἐν
581 2971 711 3039 ἡμῖν
738 2967 876 3024 εἶναι
910 2973 1018 3024 τῶν
1049 2975 1403 3044 στοιχειωδῶς
1431 2979 1490 3030 ἐν
1527 2978 1606 3048 τῷ
1634 2977 1824 3049 κόσμῳ

239 3058 635 3130 θεωρουμένων
673 3063 773 3133 τὴν
824 3069 1035 3135 μοῖραν,
1082 3067 1178 3120 τοῦ
1227 3085 1287 3121 τε
1341 3069 1543 3139 θερμοῦ
1593 3071 1688 3123 καὶ
1731 3072 1824 3124 τοῦ

238 3151 524 3220 ψύχοντος,
579 3155 673 3208 καὶ
722 3156 820 3224 τῆς
871 3159 1061 3228 ἐτέρας
1111 3160 1370 3228 συζυγίας
1430 3162 1529 3232 τῆς
1577 3163 1718 3217 κατὰ
1765 3164 1828 3216 τὸ

243 3244 417 3313 ὑγρόν
444 3261 502 3297 τε
542 3248 636 3300 καὶ
656 3247 820 3318 ξηρὸν
845 3252 1156 3323 νοουμένης,
1187 3252 1258 3306 τὰ
1286 3254 1405 3308 καθ’
1431 3253 1661 3308 ἕκαστον
1694 3258 1825 3327 ἡμῖν

233 3331 589 3403 διαληπτέον.

317 3604 531 3659 Οὐκοῦν
577 3607 792 3678 δρῶμεν
841 3612 988 3680 τρεῖς
1019 3611 1116 3674 τὰς
1149 3612 1484 3683 διοικητικάς
1530 3617 1629 3686 τῆς
1681 3617 1827 3686 ζωῆς

233 3695 525 3766 δυνάμεις,
573 3691 648 3750 ὧν
687 3700 720 3769 ἡ
753 3698 851 3768 μὲν
878 3701 1157 3754 διαθάλπει
1190 3703 1251 3756 τὸ
1286 3706 1396 3757 πᾶν
1422 3708 1486 3775 τῇ
1513 3705 1824 3777 θερμότητι,

241 3789 279 3856 ή
313 3788 373 3840 δὲ
413 3789 717 3854 ὑπονοτίζει
742 3794 810 3861 τῇ
845 3792 1030 3862 ἰκμάδι
1057 3794 1116 3846 τὸ
1147 3794 1592 3866 θερμαινόμενον,
1641 3799 1714 3862 ὡς
1761 3800 1828 3854 ἂν

243 3883 315 3950 τῇ
353 3881 672 3953 ἰσοκρατεία
702 3883 802 3954 τῆς
847 3884 955 3937 τῶν
990 3886 1248 3940 ἐναντίων
1284 3889 1586 3958 ποιότητος,
1609 3893 1698 3943 ἐπὶ
1735 3893 1829 3945 τού

246 3974 424 4042 μέσου
464 3976 780 4044 συντηροῖτο
817 3975 878 4027 τὸ
927 3975 1085 4041 ζῶον,
1149 3979 1288 4047 μήτε
1329 3978 1424 4032 τοῦ
1467 3981 1632 4051 ὑγροῦ
1665 4001 1833 4036 κατα-

239 4067 598 4135 φρυγομένου
645 4066 726 4136 τῷ
779 4067 1101 4138 πλεονασμῷ
1148 4071 1247 4140 τῆς
1291 4071 1640 4144 θερμότητος,
1695 4077 1832 4145 μήτε

240 4154 345 4208 τοῦ
381 4154 588 4225 θερμοῦ
634 4155 993 4226 σϐεννυμένου
1035 4160 1102 4228 τῇ
1154 4159 1474 4232 ἐπικρατείᾳ
1520 4161 1613 4214 τοῦ
1665 4163 1833 4216 καθυ-

240 4248 586 4320 γραίνοντος.
632 4249 696 4300 Ἡ
729 4247 786 4300 δὲ
815 4248 972 4319 τρίτη
1003 4249 1229 4319 δύναμις
1277 4253 1489 4322 συνέχει
1526 4253 1593 4306 δι’
1636 4255 1835 4325 ἐαυτῆς

241 4337 393 4390 κατά
419 4355 542 4391 τινα
579 4337 852 4407 συμϐολήν
896 4355 956 4390 τε
991 4340 1084 4392 καὶ
1134 4340 1401 4410 ἁρμονίαν
1446 4343 1514 4395 τὰ
1553 4343 1833 4413 διακεκρι-

249 4429 392 4499 μένα
422 4429 534 4484 τῶν
581 4429 797 4499 ἄρθρων
843 4433 953 4493 τοῖς
992 4431 1122 4500 παρ’
1159 4431 1357 4502 ἑαυτῆς
1387 4434 1702 4505 συνδέσμοις
1735 4437 1836 4506 ἀρ-

1912 611 2155 680 prnfecla
2189 615 2256 666 de
2283 614 2512 682 benigna
2541 614 2789 683 largitate
2823 618 3051 672 natura}.
3077 611 3358 664 ellicientis
3384 626 3481 680 per

1909 703 2022 756 hch
2055 713 2110 756 ut
2137 705 2379 772 jucunde
2420 705 2580 758 homo
2607 707 2856 758 viveret:
2903 712 3030 757 sunt
3077 716 3337 756 sensuum
3393 702 3476 754 in-

1908 803 2231 847 strumenta.
2277 792 2411 846 Nam
2443 795 2496 847 in
2553 795 2637 848 his
2693 794 2797 847 vita
2842 793 3063 862 quidetn
3124 802 3311 845 nostra
3367 807 3478 845 non

1909 882 2182 944 consistit,
2219 882 2440 952 quando
2477 882 2662 937 vivere
2696 882 2903 936 homini
2935 882 3062 934 licet
3089 881 3253 934 etiam
3290 879 3482 947 pleris-

1909 988 2017 1039 que
2048 973 2240 1025 borunt
2277 972 2519 1038 amissis;
2547 969 2642 1025 sed
2678 971 2794 1026 fieri
2821 985 2927 1026 non
2957 977 3134 1038 potest
3169 976 3226 1021 ut
3275 969 3484 1037 absque

1913 1063 2107 1117 borum
2140 1065 2453 1118 actionibus
2483 1080 2666 1119 rerum
2690 1065 2746 1118 in
2775 1063 3015 1117 hominis
3071 1063 3178 1114 vita
3212 1059 3485 1128 jucunda-

1912 1168 2033 1207 rum
2069 1153 2348 1221 voluptate
2378 1153 2643 1206 fruamur.
2677 1149 2921 1206 Tertium
2955 1152 3007 1204 in
3035 1150 3327 1219 partitione
3361 1163 3486 1218 pro-

1913 1243 2092 1311 posita
2130 1243 2432 1296 membrum
2460 1242 2676 1311 generis
2702 1242 2768 1296 atl
2802 1242 3213 1310 perpetuitatem
3251 1245 3482 1308 spectat.

1913 1332 2118 1387 Praner
2144 1333 2260 1387 ba‘c
2289 1334 2393 1387 alia
2424 1334 2665 1388 membra
2696 1343 2844 1397 sunt,
2872 1348 2993 1401 quae
3026 1341 3079 1385 et
3130 1331 3246 1400 ipsa
3285 1330 3488 1398 pariter

1915 1440 2040 1479 cum
2068 1427 2282 1481 caeteris
2324 1426 2488 1478 vitam
2519 1425 2758 1479 hominis
2785 1430 3132 1486 conservant,
3174 1433 3228 1476 et
3255 1435 3488 1475 consen-

1916 1526 2104 1571 taneas
2168 1525 2376 1570 naturae
2432 1533 2546 1570 su:e
2601 1515 2864 1585 quasdam
2929 1514 3086 1580 quasi
3146 1512 3491 1567 accessiones

1915 1617 2198 1677 praestant,
2232 1609 2285 1661 in
2348 1609 2550 1677 quibus
2606 1615 2736 1661 sunt
2797 1607 3115 1660 stomachus
3169 1619 3234 1658 ac
3280 1603 3488 1673 pulmo,

1916 1714 2150 1768 quorum
2186 1699 2274 1752 hic
2312 1701 2550 1752 calorem
2593 1698 2777 1754 cordis
2811 1697 3096 1767 perflando
3125 1694 3368 1757 excitat;
3399 1693 3490 1747 ille

1919 1788 2221 1842 visceribus
2249 1790 2564 1843 alimentum
2590 1803 2750 1843 suum
2781 1787 3016 1857 prabet.
3045 1784 3160 1838 Hoc
3189 1784 3351 1839 modo
3379 1790 3492 1837 tota

1917 1882 2166 1949 corporis
2192 1882 2365 1936 nostri
2395 1890 2674 1936 structura
2725 1881 2921 1943 divisa,
2984 1877 3277 1949 perspicue
3307 1875 3494 1931 videre

1917 1981 2025 2033 est,
2068 1970 2386 2026 facultatem
2433 1988 2543 2042 qua
2604 1974 2718 2025 vita
2765 1969 3106 2031 continetur,
3143 1982 3254 2022 non
3295 1981 3404 2019 uno
3459 1980 3490 2018 a

1917 2062 2165 2116 membro
2210 2063 2522 2131 proﬁcisci:
2563 2062 2656 2117 sed
2689 2069 2940 2116 naturam
2978 2058 3225 2128 corporis
3271 2071 3495 2111 conser-

1918 2153 2192 2207 vationem
2217 2154 2271 2206 in
2308 2153 2462 2224 plura
2496 2153 2744 2208 membra
2810 2151 3158 2222 partientem,
3198 2149 3494 2216 unicuique

1920 2243 2024 2298 hoc
2047 2243 2266 2299 dedisse
2307 2245 2530 2314 negotii,
2565 2252 2623 2299 ut
2645 2245 2860 2315 singula
2908 2243 3159 2299 nonnihil
3207 2243 3274 2296 ad
3332 2255 3492 2296 usum

1919 2336 2162 2390 universi
2201 2335 2537 2392 conferrent.
2568 2336 2701 2390 Eam
2760 2336 2832 2390 ob
2869 2351 2985 2390 rem
3022 2335 3305 2406 complura
3343 2342 3491 2395 sunt,

1921 2425 2174 2496 interque
2193 2443 2250 2483 se
2284 2427 2626 2498 perprofecto
2656 2429 2896 2491 diversa,
2929 2442 3275 2497 qutecunque
3299 2434 3496 2480 natura

1921 2517 2005 2570 vel
2045 2517 2113 2571 ad
2147 2533 2206 2572 se
2233 2519 2511 2581 tuendam,
2547 2519 2630 2573 vel
2664 2527 2895 2572 ornatus
2928 2531 2984 2571 et
3011 2517 3297 2586 elegantia:
3324 2529 3491 2569 causa

1923 2609 2152 2664 solerter
2182 2609 2450 2663 fabricata
2494 2621 2601 2663 est.
2660 2607 2764 2662 Sed
2819 2608 2963 2662 enim
2999 2607 3266 2676 principia
3324 2606 3495 2675 prima

1923 2715 2113 2755 eorum
2148 2716 2270 2771 quae
2309 2702 2472 2754 vitam
2520 2700 2886 2760 constituunt,
2921 2699 3077 2752 nobis
3108 2706 3399 2766 antequam
3429 2695 3498 2749 ad

1925 2793 2030 2845 alia
2090 2792 2526 2861 progrediamur,
2588 2791 2828 2845 breviter
2884 2790 3174 2843 dividenda
3247 2789 3494 2842 veniunt.

1926 2879 2118 2934 Totius
2147 2879 2367 2948 quidem
2404 2880 2655 2950 corporis
2690 2879 2947 2934 membris
2983 2879 3236 2932 materies
3266 2877 3499 2944 singulis

1928 2975 2258 3037 communis,
2294 2973 2348 3026 in
2380 2972 2484 3026 hoc
2515 2981 2571 3026 et
2601 2979 2844 3041 tempore
2881 2979 2933 3025 et
2967 2971 3087 3024 loco
3148 2975 3500 3038 praetereatur

1930 3064 2170 3118 silentio.
2208 3063 2344 3116 Nam
2378 3063 2445 3117 ad
2473 3064 2784 3118 institutum
2823 3071 3072 3118 nostrum
3104 3061 3239 3114 nihil
3285 3060 3498 3120 attinet,

1931 3155 2187 3207 nimirum
2223 3155 2288 3207 ad
2317 3155 2812 3209 considerationem
2831 3155 3232 3224 particularem,
3257 3149 3498 3204 universi

1932 3246 2302 3313 pertractatio.
2340 3244 2482 3314 Ergo
2509 3260 2636 3299 cum
2687 3245 2830 3317 apud
2857 3229 3051 3301 omnes
3075 3245 3178 3299 hoc
3207 3243 3367 3313 quasi
3399 3257 3501 3311 pro

1931 3335 2186 3390 confesso
2217 3337 2309 3398 sit,
2343 3338 2607 3392 exsistere
2637 3325 2896 3408 quiddam
2927 3339 2982 3391 in
3038 3337 3198 3391 nobis
3227 3335 3295 3390 de
3323 3334 3503 3388 enmi-

1927 3425 2030 3480 bus
2072 3425 2260 3480 mundi
2287 3427 2593 3493 elementis,
2635 3427 2703 3482 de
2737 3428 2921 3482 calore
2945 3442 3011 3481 ac
3042 3426 3262 3497 frigore,
3307 3424 3375 3479 de
3401 3424 3502 3478 hu-

1929 3531 2082 3572 more
2116 3527 2170 3572 et
2197 3518 2484 3574 siccitate:
2518 3519 2585 3574 de
2612 3520 2844 3591 singulis
2883 3534 3129 3590 agamus.

1999 3626 2261 3681 Videmus
2282 3637 2466 3684 autem
2489 3637 2600 3684 tres
2624 3628 2895 3698 imprimis
2921 3626 3208 3683 facultates
3231 3641 3354 3682 esse
3376 3625 3504 3679 vita:

1926 3727 2128 3776 nostra:
2159 3725 2421 3790 tanquam
2467 3720 2861 3777 administras:
2895 3734 3128 3789 quarum
3178 3733 3299 3788 quae
3327 3715 3501 3787 prima

1884 3851 1900 3868 .
1927 3819 2035 3876 est,
2070 3812 2254 3867 calore
2277 3827 2378 3866 suo
2411 3821 2612 3868 cuncta
2653 3813 2837 3868 fovet:
2872 3814 3064 3876 altera,
3105 3811 3251 3880 quod
3303 3823 3503 3864 conca-

1930 3903 2031 3957 luit
2069 3918 2236 3958 succo
2267 3918 2369 3957 suo
2403 3903 2701 3967 humectat,
2732 3911 2794 3956 ut
2827 3918 2922 3972 per
2947 3901 3270 3972 aequabilem
3326 3899 3502 3969 quali-

1932 3993 2058 4048 tatis
2097 3992 2153 4046 in
2193 3993 2356 4048 rebus
2385 3993 2807 4048 adversantibus
2842 3992 2946 4048 sibi
2983 3990 3324 4061 temperiem,
3367 4004 3503 4058 qua-

1933 4083 2056 4136 dam
2090 4083 2144 4136 in
2201 4082 2575 4139 mediocritate
2639 4085 2821 4154 ipsum
2880 4083 3084 4137 animal
3123 4088 3500 4141 conservetur,

1934 4174 2165 4228 hutnore
2217 4189 2313 4245 per
2344 4175 2582 4231 calorem
2642 4175 2872 4230 nimium
2924 4189 3203 4243 nunquam
3252 4178 3501 4230 exsucto,

1936 4282 2114 4336 neque
2152 4274 2344 4320 contra
2405 4275 2586 4331 calore
2645 4283 2740 4337 per
2768 4267 2875 4320 vim
2914 4266 3067 4319 nimii
3120 4264 3369 4319 humoris
3408 4277 3506 4331 op-

1938 4371 2147 4425 presso.
2181 4354 2366 4410 Tertia
2417 4355 2668 4421 facultas,
2721 4355 2985 4410 articulos
3024 4369 3131 4408 non
3167 4354 3506 4408 cohaerentes

1937 4459 1989 4502 et
2019 4447 2400 4504 interstinctos
2438 4448 2750 4518 ligamentis
2785 4447 2902 4502 suis
2941 4461 3036 4515 per
3062 4443 3505 4500 commissionem

248 4522 523 4592 μόζουσα,
553 4523 646 4574 καὶ
677 4523 841 4574 πᾶσιν
865 4521 1253 4592 ἐπιπέμπουσα
1279 4526 1376 4595 τὴν
1399 4527 1750 4596 αὐτοκίνητόν
1776 4545 1823 4580 τε

1937 4547 1989 4591 et
2012 4538 2351 4591 harmoniam
2383 4545 2626 4590 mutuam
2655 4537 2922 4599 continet,
2987 4535 3382 4604 aptissimeque
3415 4547 3508 4585 co-

247 4615 350 4667 καὶ
381 4614 767 4684 προαιρετικὴν
791 4613 1017 4684 δύναμιν
1037 4631 1049 4644 ο
1077 4610 1144 4687 ἧς
1170 4603 1574 4688 ἐπιλειπούσης,
1599 4619 1834 4690 πέρατον

245 4706 488 4774 γίνεται,
524 4707 621 4759 καὶ
666 4706 931 4777 νεκρῶδες
971 4706 1033 4759 τὸ
1074 4707 1257 4776 μέρος,
1308 4706 1400 4761 τοῦ
1449 4710 1831 4780 προαιρετικοῦ

248 4796 572 4867 πνεύματος
605 4797 929 4867 ἀμοιρῆσαν.
974 4798 1191 4851 Μᾶλλον
1221 4800 1278 4852 δὲ
1309 4799 1414 4872 πρὸ
1444 4800 1663 4854 τούτωνλ
1685 4801 1832 4868 ἀξιον

247 4889 590 4957 κατανοῆσαι
635 4887 698 4940 τὸ
732 4888 978 4958 τεχνικὸν
1013 4890 1112 4958 τῆς
1160 4890 1372 4957 φύσεως
1403 4892 1562 4962 ἡμῶν
1592 4894 1648 4945 ἐν
1695 4894 1830 4964 αὐτῇ

205 5037 220 5050 θ,
242 4985 316 5051 τῇ
345 4980 680 5052 δημιουργίᾳ
707 4980 801 5033 τοῦ
822 4980 1090 5050 σώματος.
1137 4983 1351 5054 Ἐπειδὴ
1379 4983 1485 5053 γὰρ
1514 4984 1572 5035 τὸ
1604 4985 1834 5054 σκληρόν

244 5090 308 5124 τε
334 5073 434 5124 καὶ
462 5071 754 5125 ἀντίτυπον
775 5071 876 5136 τὰς
903 5071 1225 5142 αίσθητικάς
1260 5076 1539 5145 ἐνεργείας
1564 5077 1626 5127 οὐ
1653 5093 1838 5129 κατα-

241 5164 494 5234 δέχεται,
525 5163 602 5224 ὡς
633 5161 779 5215 ἔστιν
825 5163 951 5215 ἰδεῖν
1004 5164 1096 5216 ἐπί
1127 5181 1185 5216 τε
1228 5164 1336 5216 τῶν
1365 5167 1421 5217 ἐν
1457 5168 1589 5235 ἡμῖν
1613 5166 1835 5228 ὀστέων,

251 5256 352 5307 καὶ
367 5254 478 5307 τῶν
495 5255 554 5306 ἐν
570 5255 636 5324 τῇ
653 5255 723 5324 γῇ
742 5253 944 5322 φυτῶν,
964 5255 1020 5306 ἐν
1033 5248 1113 5318 οἷς
1129 5255 1272 5325 ζωῆς
1289 5256 1388 5321 μέν
1403 5273 1454 5306 τι
1472 5255 1730 5309 κατανοοῦ
1740 5273 1838 5324 μεν

251 5341 396 5406 εἶδος
423 5346 489 5396 ἐν
511 5341 592 5411 τῷ
615 5342 797 5408 αὔξειν
813 5343 907 5396 καὶ
937 5342 1250 5414 τρέφεσθαι,
1276 5344 1338 5395 ού
1371 5345 1476 5413 μὴν
1510 5345 1838 5413 παρεδέξατο

251 5438 523 5500 ἐναντίως
609 5436 898 5489 ἀντιτυπία
919 5436 1011 5488 τοῦ
1036 5435 1393 5504 ὑποκειμένου
1415 5435 1513 5505 τὴν
1553 5437 1802 5508 αἴσθησιν
1823 5455 1835 5466 ·

254 5529 454 5582 τούτου
485 5528 648 5598 χάριν
682 5527 788 5580 ἔδει
805 5526 1055 5595 καθάπερ
1075 5526 1331 5597 κηροειδῆ
1357 5544 1475 5578 τινα
1499 5530 1840 5599 κατασκευὴν

254 5617 592 5687 ὑποτεθῆναι
613 5619 733 5679 ταῖς
761 5615 878 5668 κατ’
917 5615 1167 5683 αἴσθησιν
1190 5614 1511 5683 ἐνεργείαις,
1539 5615 1840 5686 δυναμένην

257 5713 374 5772 τοῖς
431 5708 842 5778 ἀντιληπτικοῖς
891 5706 1082 5768 τύποις
1132 5707 1592 5777 ἐνσφραγισθῆναι
1624 5748 1635 5768 ,
1701 5710 1837 5779 μήτε

263 5801 641 5872 συγχεοειένην
683 5799 746 5852 δι’
791 5797 1232 5870 ὑπερϐαλλούσης
1271 5799 1596 5869 ὑγρότητοςο
1644 5803 1702 5853 ού
1736 5802 1839 5873 γὰρ

1941 4630 2110 4699 pulat,
2143 4636 2195 4683 et
2221 4628 2474 4682 omnibus
2525 4627 2662 4681 indit
2694 4627 2803 4680 vim
2849 4625 3139 4696 quamdam
3189 4633 3381 4694 sponte
3409 4639 3508 4678 sua

1940 4733 1999 4772 se
2033 4716 2321 4771 movendi:
2368 4731 2490 4785 qua:
2543 4717 2588 4770 si
2637 4716 2938 4776 amittatur,
2991 4715 3295 4769 membrum
3343 4714 3507 4767 etiam

1927 4800 2088 4854 'velut
2124 4808 2429 4853 emortuum
2462 4800 2730 4853 exsistere
2751 4813 2976 4852 necesse
2993 4804 3098 4861 est,
3128 4811 3159 4850 a
3195 4806 3388 4866 sponte
3410 4811 3510 4850 sua

1943 4899 2198 4945 movente
2251 4890 2426 4957 ipsum
2457 4889 2652 4958 spiritu
2687 4888 3031 4942 destitutum.
3089 4885 3274 4939 Fuerit
3329 4900 3512 4955 opera:

1943 4979 2178 5050 pretium
2231 4979 2334 5032 hoc
2385 4980 2503 5034 loco
2554 4989 2761 5033 naturae
2815 4977 3104 5031 artificium
3158 4977 3212 5030 in
3264 4977 3511 5046 corporis

1944 5073 2220 5128 creatione
2246 5073 2614 5127 considerare.
2651 5072 2784 5126 Nam
2823 5088 2946 5127 cum
2977 5087 3041 5126 ea
3082 5087 3202 5140 qua:
3224 5071 3360 5125 dura
3382 5073 3512 5126 soli-

1930 5165 2120 5234 daque
2146 5177 2296 5230 sunt,
2320 5181 2516 5219 sensus
2545 5165 2792 5218 actiones
2850 5164 3030 5218 nullas
3087 5162 3398 5232 admittant,
3452 5171 3513 5215 ut

1946 5267 2030 5313 est
2063 5257 2248 5312 videre
2275 5259 2330 5310 in
2353 5257 2596 5323 corporis
2631 5255 2803 5309 nostri
2829 5256 3140 5317 ossibus,et
3169 5262 3327 5308 terra:
3359 5254 3514 5323 plau-

1948 5349 2035 5412 tis,
2070 5349 2124 5400 in
2158 5347 2358 5416 quibus
2391 5362 2515 5402 esse
2538 5348 2663 5400 vita:
2689 5347 2932 5415 quaedam
2961 5347 3172 5416 species
3193 5345 3326 5400 satis
3355 5345 3514 5399 intel-

1949 5440 2135 5508 ligitur
2162 5455 2226 5493 ex
2263 5454 2328 5492 eo
2357 5439 2501 5508 quod
2521 5446 2574 5492 et
2599 5443 2921 5492 accrescunt
2945 5444 2998 5491 et
3021 5436 3356 5499 nutriuntur,
3387 5448 3512 5487 cum

1950 5528 2122 5583 solida
2155 5529 2398 5598 ipsorum
2443 5528 2675 5582 durities
2707 5543 2928 5583 sensum
2971 5542 3077 5579 non
3133 5525 3381 5595 recipiat,
3427 5524 3512 5576 id—

1949 5621 2096 5674 circo
2120 5636 2343 5674 necesse
2370 5627 2487 5672 erat
2506 5619 2776 5688 quoddam
2807 5619 2964 5688 quasi
2994 5632 3212 5673 cereum
3236 5615 3510 5686 opificium

1953 5729 2211 5767 sensuum
2244 5711 2546 5765 actionibus
2578 5710 2796 5779 subjici,
2832 5710 2976 5779 quod
3035 5717 3219 5777 posset
3267 5705 3512 5760 cedendo

1952 5807 2093 5859 velut
2129 5808 2419 5874 impressas
2451 5810 2608 5858 notas
2643 5803 2904 5872 recipere,
2939 5802 3018 5856 sic
3069 5808 3123 5854 ut
3184 5799 3253 5854 ob
3286 5797 3511 5853 nimiam
