3886 6214
354 432 463 490 343

1609 426 1669 484 S.
1711 422 2039 484 GREGORII
2077 417 2369 476 NYSSENI

3501 401 3608 456 ΞΗ

362 549 608 605 humoris
638 547 851 620 copiam
901 563 1012 603 non
1041 545 1473 606 confunderetur
1533 544 1796 616 (quando
1824 543 1931 597 hu-

2059 542 2103 594 iv
2129 539 2404 609 διαμείνοι
2423 538 2480 589 ἐν
2507 535 2584 604 τῷ
2617 530 2767 602 ὑγρῷ
2804 529 2863 582 τὸ
2901 527 3236 596 τυπούμενον
3257 539 3268 552 θ
3306 520 3439 590 μήτε
3470 517 3620 620 ἀντι·-

363 643 519 696 midre
550 641 626 696 rei
657 641 801 710 quod
828 640 1184 711 imprimitur,
1215 638 1404 706 nequit
1459 635 1701 707 durare)
1755 644 1810 690 et
1862 634 1934 689 ob

364 734 712 787 immodicam
763 731 1020 785 duritiem
1053 744 1163 795 non
1205 728 1444 784 resilirct
1489 725 1753 799 (quando
1789 723 1934 794 quod

363 826 560 880 cedere
587 823 796 893 nequit,
825 830 986 875 notas
1013 836 1109 890 per
1137 819 1552 889 impressionem
1585 817 1764 873 nullas
1797 815 1936 870 reci-

367 916 447 983 pit
475 924 510 976 ),
545 913 641 969 sed
672 912 1021 967 mediocriter
1048 919 1195 967 esset
1225 927 1349 966 cum
1381 909 1545 964 molle
1567 917 1684 963 tum
1714 907 1934 968 durum,

364 1022 436 1073 ne
466 1003 670 1058 animal
698 1004 801 1057 l.ac
836 1001 1097 1057 facultate
1135 1001 1279 1056 inter
1307 1008 1536 1055 caeteras
1571 996 1939 1069 pulcherrima

364 1102 596 1158 careret,
625 1109 824 1150 sensus
875 1092 1132 1146 nimirum
1199 1092 1459 1146 motione.
1512 1091 1584 1144 At
1629 1088 1774 1144 enim
1812 1101 1937 1141 cum

364 1199 527 1238 omne
553 1183 698 1252 quod
732 1181 968 1252 propria
997 1180 1360 1236 mollitudinis
1389 1194 1557 1235 causa
1592 1178 1753 1234 facile
1795 1176 1941 1233 cedit

367 1291 432 1330 ac
466 1274 727 1340 flectitur,
765 1275 810 1330 si
844 1290 954 1329 non
977 1274 1140 1330 etiam
1170 1272 1356 1344 aliqua
1388 1288 1456 1328 ex
1514 1281 1670 1343 parte
1718 1267 1940 1325 duritiei

368 1367 442 1420 sit
476 1367 771 1437 particeps,
809 1382 1038 1438 prorsus
1065 1381 1190 1421 esse
1221 1371 1405 1422 motus
1444 1380 1642 1435 expers
1670 1364 1940 1420 solutum-

367 1477 475 1530 que
504 1476 726 1516 necesse
753 1463 846 1522 sit,
889 1459 1067 1514 instar
1115 1459 1456 1512 marinorum
1517 1468 1929 1528 pneumonum:

370 1552 493 1609 ideo
529 1551 747 1622 corpori
779 1560 973 1605 natura
1003 1551 1178 1607 solida
1220 1550 1470 1621 quaadam
1523 1565 1653 1606 ossa
1704 1549 1938 1616 indidit,

367 1660 544 1714 eaque
570 1651 761 1698 mutuo
787 1643 1072 1713 aptissima
1105 1642 1391 1696 harmonia
1410 1641 1708 1713 copulavit,
1734 1650 1791 1698 et
1811 1658 1941 1698 ner-

369 1752 561 1812 yorum
589 1735 828 1792 vinculis
851 1736 1251 1790 commissuras
1280 1734 1478 1789 horum
1517 1734 1939 1808 constringens,

371 1825 446 1891 ita
481 1825 699 1881 demum
735 1840 800 1880 ea
829 1839 1000 1880 carne
1033 1823 1278 1894 undique
1300 1823 1550 1888 obduxit,
1575 1839 1698 1893 qua:
1717 1832 1772 1880 et
1816 1839 1939 1880 sen-

371 1932 534 1976 suum
567 1931 740 1986 capax
779 1915 940 1982 foret,
992 1925 1048 1972 et
1085 1917 1376 1986 superficie
1423 1920 1661 1987 quadam
1698 1917 1948 1973 contine-

370 2017 544 2074 retur,
591 2020 646 2062 ut
685 2007 868 2070 minus
906 2016 1056 2064 esset
1103 2006 1342 2064 obnoxia
1397 2007 1630 2073 morbis,
1675 2021 1742 2065 ac
1780 2008 1944 2078 paulo

371 2100 603 2180 tensior.

444 2189 646 2249 Solidis
679 2190 829 2249 hisce
862 2189 1102 2257 ossibus,
1131 2196 1388 2260 tanquam
1418 2188 1712 2252 columnis,
1743 2179 1946 2265 quibus

372 2297 514 2351 pnus
533 2280 746 2344 aediﬁcii
767 2287 939 2338 totum
969 2279 1255 2342 incumbit.
1277 2279 1527 2350 corporis
1552 2279 1746 2336 molem
1771 2280 1947 2350 impo-

374 2376 485 2453 suit
510 2376 844 2452 universam.
872 2374 1058 2445 Neque
1095 2389 1263 2434 unum
1308 2373 1364 2428 in
1392 2385 1622 2442 corpore
1646 2378 1854 2425 tantum
1882 2385 1947 2427 os

373 2482 498 2532 esse
529 2466 721 2530 voluit,
757 2474 1045 2537 propterea
1083 2465 1229 2536 quod
1268 2479 1497 2521 necesse
1528 2464 1722 2520 fuisset
1767 2463 1947 2531 homi-

373 2575 498 2628 nem
534 2558 715 2613 onmis
755 2567 812 2625 et
836 2566 1018 2618 motus
1046 2566 1101 2612 ct
1149 2557 1382 2612 actionis
1413 2561 1689 2627 expertem
1717 2570 1859 2620 esse,
1900 2555 1948 2611 si

373 2663 441 2715 eo
475 2655 635 2718 pacto
672 2649 846 2719 ipsqu
873 2648 1274 2707 conformasset
1304 2654 1524 2711 natura,
1553 2659 1665 2717 quo
1699 2645 1946 2712 arbores,

376 2755 486 2805 uno
539 2754 753 2809 semper
779 2739 1142 2812 consistentes
1171 2739 1225 2802 in
1266 2737 1405 2792 loco.
1437 2735 1571 2790 Nam
1599 2750 1774 2806 neque
1823 2749 1949 2806 pro-

374 2830 526 2900 gredi
558 2829 844 2900 potuisset,
863 2829 910 2897 si
941 2845 1102 2884 crura
1133 2845 1240 2884 non
1275 2829 1518 2891 licuisset
1546 2828 1788 2884 vicissim
1813 2827 1949 2884 sub-

374 2924 484 2983 lata
515 2921 746 2976 ulterius
800 2920 1096 2990 collocare,
1137 2935 1315 2987 neque
1344 2919 1594 2975 manibus
1655 2919 1731 2973 uti
1776 2917 1953 2973 admi-

377 3011 587 3084 nistris.
620 3009 776 3066 Nunc
827 3026 956 3066 vero
995 3011 1256 3082 singulari
1309 3019 1519 3066 naturae
1557 3009 1792 3065 artiﬁcio
1825 3025 1953 3066 cor-

377 3104 531 3182 poris
566 3119 830 3172 organum
846 3111 902 3157 ct
921 3103 1042 3160 loco
1068 3110 1338 3166 movetur,
1359 3110 1414 3157 et
1442 3101 1636 3173 agendi
1675 3109 1760 3158 est
1785 3100 1953 3157 facul-

377 3202 490 3256 tate
530 3193 817 3264 praeditum
853 3231 868 3258 ,
914 3200 1202 3263 postquam
1242 3196 1290 3248 ei
1322 3208 1416 3262 per
1445 3193 1673 3262 spiritus
1716 3193 1947 3248 ultronei

382 3295 566 3339 motus
585 3293 860 3350 auctores,
914 3284 1008 3352 qui
1067 3299 1162 3354 per
1220 3299 1418 3340 nervos
1453 3284 1737 3348 diduntur,
1780 3283 1864 3340 vis
1901 3292 1956 3340 et

382 3379 618 3454 impetus
648 3376 868 3447 quidam
896 3375 962 3429 ad
989 3371 1171 3437 va'rios
1196 3384 1377 3443 motus
1396 3374 1649 3453 accessit.
1685 3372 1822 3427 Hinc
1851 3381 1954 3438 est,

382 3468 530 3540 quod
565 3485 822 3530 manuum
861 3468 1167 3524 ministerio
1198 3476 1252 3522 et
1269 3481 1433 3536 opera
1460 3466 1682 3530 utimur,
1699 3464 1851 3521 varia
1866 3465 1955 3520 illa

383 3560 631 3632 profecto
662 3569 716 3615 et
750 3558 1070 3628 multiplice.
1103 3571 1307 3627 perque
1347 3571 1510 3610 omne
1544 3555 1610 3608 ad
1647 3554 1958 3609 institutum

385 3652 550 3729 animi
606 3651 766 3706 nobis
822 3649 1033 3722 idonea.
1086 3647 1225 3718 Hinc
1268 3647 1500 3716 cervicis
1569 3651 1656 3701 est
1715 3644 1958 3707 inflexio,

387 3742 517 3814 hinc
563 3741 760 3810 capitis
814 3739 1196 3814 inclinationes
1227 3745 1281 3810 et
1309 3737 1641 3805 erectiones;
1691 3735 1818 3790 hinc
1847 3750 1962 3788 ma-

387 3834 640 3886 xillarum
681 3839 896 3911 motus;
954 3830 1080 3890 hinc
1116 3829 1494 3903 palpebrarum
1533 3827 1797 3895 diductio,
1839 3839 1961 3897 qua:

387 3941 512 3993 cum
567 3933 699 3998 nutu
743 3923 836 3989 lit;
866 3923 993 3990 hinc
1022 3932 1341 3989 cancrorum
1371 3920 1729 3982 articulorum
1775 3925 1960 3980 motus

389 4013 618 4086 profecti
673 4021 820 4080 sunt,
850 4013 942 4086 qui
999 4026 1292 4081 nervorum
1326 4011 1409 4070 vel
1445 4011 1696 4066 tensione
1740 4009 1825 4064 vel
1876 4024 1966 4064 re-

390 4107 678 4180 missione,
715 4105 870 4174 quasi
909 4103 1198 4174 quamdam
1226 4117 1321 4173 per
1342 4102 1648 4157 machinam
1680 4102 1836 4156 llunt.
1870 4100 1967 4157 Vis

390 4197 611 4268 quidem
643 4196 846 4268 passim
873 4211 968 4273 per
989 4209 1188 4260 nervos
1212 4194 1362 4264 ipsos
1400 4209 1522 4249 sese
1543 4193 1749 4250 dedens
1777 4192 1856 4248 sic
1881 4203 1967 4250 est

393 4280 423 4344 a
451 4299 647 4360 natura
670 4298 1079 4358 cennparatamt
1099 4303 1167 4349 ex
1196 4287 1370 4344 lubitu
1388 4285 1722 4356 arbitrioque
1749 4285 1969 4356 proprio

392 4370 700 4448 moveatur,
756 4387 810 4434 et
842 4378 1074 4448 singulis
1129 4378 1185 4432 in
1238 4361 1502 4448 membris
1555 4391 1653 4447 per
1716 4376 1967 4447 spiritum

392 4477 587 4545 sponte
647 4483 744 4538 sua
797 4483 856 4524 se
891 4467 1186 4538 agitantem
1231 4464 1544 4537 eﬂectiones
1569 4480 1699 4520 suas
1749 4465 1967 4523 habeat.

2037 629 2316 684 τυποῦσαν
2341 628 2400 680 ἐν
2425 627 2492 697 τῇ
2510 624 2746 696 ἀμετρία
2762 625 2860 691 τῆς
2884 619 3128 691 πήξεως·
3165 616 3478 684 ἀσήμαντον
3506 609 3620 678 γὰρ

2036 721 2172 793 πρὸς
2198 720 2321 781 τοὺς
2356 716 2558 779 τύπους
2614 714 2731 767 ἐστὶ
2759 711 2820 764 τὸ
2845 709 3168 764 ἁνύπεικτον
3193 721 3204 732 ·
3261 700 3397 755 ἀλλὰ
3439 698 3621 768 μέσως

2037 785 2266 882 ἔχουσαν
2301 803 2672 879 μαλακότητος
2701 818 2763 854 τε
2815 800 2910 853 καὶ
2941 795 3319 868 στερρότητος,
3344 789 3422 882 ᾡς
3451 787 3518 841 ἂν
3543 785 3620 882 μὴ

2036 877 2131 956 τοῦ
2160 877 2446 954 καλλίστου
2474 895 2582 949 τῶν
2598 892 2741 947 κατὰ
2762 891 2860 962 τὴν
2893 888 3055 958 φύσιν
3085 881 3493 954 ἐνεργημάτων,
3515 877 3621 945 τῆς

2038 993 2360 1065 αίσθητικῆς
2385 991 2528 1060 λέγω
2559 988 2842 1057 κινήσεως,
2867 981 3120 1054 ἀμοιροίη
3142 979 3201 1032 τὸ
3226 975 3384 1042 ζῶον.
3401 969 3622 1065 Ἐπειδὴ

2037 1063 2216 1141 τοίνυν
2250 1083 2312 1137 τὸ
2346 1079 2587 1153 μαλακόν
2612 1094 2672 1132 τε
2713 1076 2808 1130 καὶ
2835 1073 3079 1128 εὐεικτον
3123 1065 3394 1141 μηδεμίαν
3428 1063 3527 1134 τὴν
3556 1063 3622 1136 ἐκ

2038 1177 2148 1231 τῶν
2172 1175 2414 1248 στερρὦ
2439 1173 2562 1244 ἕχον
2583 1170 2891 1241 ἐνέργειαν,
2921 1164 3174 1234 ἀκίνητον
3203 1160 3269 1214 ἂν
3284 1153 3353 1230 ἦν
3379 1155 3620 1238 πάντως,

2042 1269 2137 1329 καὶ
2181 1247 2570 1338 ἀδιάρθρωτον,
2606 1261 2748 1314 κατὰ
2779 1260 2905 1322 τοὺς
2934 1252 3258 1316 θαλασσίους
3275 1247 3619 1338 πνεύμονας·

2041 1358 2130 1413 διὰ
2169 1356 2326 1410 τοῦτο
2373 1351 2770 1423 καταμίγνυσιν
2798 1349 2833 1417 ή
2870 1344 3030 1416 φύσις
3050 1341 3130 1412 τῷ
3157 1340 3368 1410 σώματι
3389 1336 3490 1406 τὴν
3512 1333 3625 1404 τῶν

2040 1449 2242 1505 ὀστέων
2281 1446 2634 1518 στερρότητα,
2661 1442 2756 1495 καὶ
2796 1438 2971 1492 ταῦτα
3014 1434 3152 1508 πρὸς
3174 1429 3384 1501 ἄλληλα
3407 1427 3497 1480 διὰ
3522 1425 3626 1496 τῆς

2043 1537 2357 1614 προσφυοῦς
2377 1539 2642 1609 ἁρμονίας
2664 1531 2934 1592 ένὼσασα,
2953 1530 3066 1591 τοῖς
3088 1542 3149 1579 τε
3172 1523 3263 1578 διὰ
3284 1521 3392 1575 τῶν
3415 1518 3629 1614 νεύρων

2044 1606 2364 1701 συνδέσμοις
2388 1606 2488 1690 τὰς
2518 1622 2794 1696 συμϐολὰς
2819 1619 3000 1674 αὐτῶν
3030 1611 3423 1684 ἐπισφίγξααα,
3450 1606 3628 1701 οὕτως

2043 1724 2226 1786 αὐτοῖς
2246 1700 2346 1792 τὴν
2366 1717 2618 1787 δεκτικήν
2633 1715 2742 1769 τῶν
2764 1711 3067 1782 αἰσθήσεων
3089 1705 3389 1778 περιέφυσε
3421 1700 3627 1792 σάρκα,

2043 1788 2492 1881 δυσπαθεστέραν
2552 1823 2613 1860 τε
2665 1805 2761 1858 καὶ
2809 1800 3176 1870 εὐτονωτέραν
3222 1797 3291 1885 τῇ
3329 1788 3630 1878 ἐπιφανείᾳ

1982 1907 2024 1964 Β
2051 1900 2462 1974 διειλημμένην.

2117 2180 2304 2255 Ταύτῃ
2340 2179 2520 2233 τοίνυν
2555 2178 2624 2247 τῇ
2679 2171 2883 2244 mea;
2927 2166 3035 2223 τῶν
3073 2164 3276 2220 ὀστέων
3302 2163 3484 2235 φύσει,
3514 2157 3634 2224 οἷον

2046 2267 2258 2338 στύλοις
2279 2254 2420 2328 τισὶν
2444 2267 2786 2341 ἀχθοφόροις.
2819 2262 2940 2316 ὅλον
2969 2259 3062 2313 τοῦ
3091 2257 3342 2329 σώματος
3377 2254 3637 2326 ἐπιθεῖσα

2044 2369 2106 2422 τὺ
2141 2367 2325 2438 βάρος,
2355 2364 2456 2417 οὐκ
2470 2360 2775 2430 ἀδιαίρετον
2793 2355 3018 2424 ἐνέφυσε
3043 2351 3122 2423 τῷ
3145 2351 3305 2404 παντὶ
3334 2348 3396 2402 τὸ
3411 2347 3633 2400 ὀστέον.

2043 2455 2124 2514 Ἦ
2147 2457 2256 2529 γὰρ
2291 2455 2357 2510 ἂν
2388 2450 2643 2522 ἀκίνητός
2688 2465 2747 2500 τε
2783 2447 2877 2500 καὶ
2907 2443 3267 2513 ἁνενέργητος
3312 2439 3548 2510 ἔμεινεν,
3585 2439 3639 2490 εί

2045 2551 2186 2606 οὕτω
2242 2545 2587 2613 κατασκευῆς
2625 2536 2770 2611 εἶχεν
2815 2539 2846 2592 ὁ
2893 2535 3176 2608 ἅνθρωπος
3197 2573 3212 2596 ,
3263 2530 3516 2600 καθάπερ
3575 2545 3640 2580 τι

2045 2638 2261 2708 δένδρον
2322 2634 2405 2703 ἐφ’
2439 2632 2556 2696 ἐνὸς
2583 2631 2749 2683 τόπου
2784 2626 2963 2699 μένον,
3001 2624 3138 2696 μήτε
3170 2621 3271 2691 τῆς
3288 2621 3398 2674 τῶν
3428 2617 3645 2671 σκελῶν

2045 2728 2296 2800 διαδοχῆς
2326 2726 2418 2780 ἐπὶ
2437 2725 2498 2778 τὸ
2513 2723 2702 2795 πρόσω
2743 2718 3088 2789 προαγούσης
3107 2715 3207 2786 τὴν
3230 2715 3467 2783 κίνησιν,
3495 2717 3642 2781 μήτε

2047 2822 2150 2891 τῆς
2196 2821 2306 2873 τῶν
2355 2815 2555 2890 χειρῶν
2583 2811 2884 2884 ὑπουργίας
2921 2805 3363 2880 ίρησιμευούσης
3402 2803 3481 2874 τῷ
3510 2801 3638 2874 βίῳ.

2047 2911 2187 2966 Νυνὶ
2214 2911 2271 2964 δέ
2303 2905 2665 2979 μεταϐατικὸν
2691 2899 2830 2957 εῖναι
2854 2902 2949 2956 καὶ
2979 2896 3284 2969 πρακτικὸν
3311 2895 3372 2950 τὸ
3403 2894 3642 2966 ὄργανον

2048 3003 2242 3072 διὰτῆς
2265 3000 2505 3062 ἐπινοίας
2519 2997 2724 3066 ταύτης
2741 2993 3145 3065 ἐμηχανήσατο,
3166 2987 3245 3060 τῷ
3267 2984 3642 3059 προαιρετικῇ

2051 3093 2323 3163 πνεύματι
2347 3089 2424 3161 τῷ
2457 3089 2544 3142 διὰ
2576 3086 2686 3141 τῶν
2717 3083 2925 3156 νεύρων
2948 3082 3210 3152 διήκοντι,
3236 3077 3338 3148 τὴν
3368 3075 3502 3148 πρὸς
3540 3074 3642 3136 τὰς

2053 3187 2295 3257 κινήσεις
2321 3183 2498 3255 ὁρμήν
2549 3196 2610 3232 τε
2643 3177 2736 3230 καὶ
2763 3175 2990 3245 δύναμιν
3029 3171 3244 3224 ἐνθεῖσα
3285 3167 3365 3239 τῷ
3399 3165 3638 3236 σώματι.

1979 3247 2023 3306 C
2068 3247 2408 3346 Ἐντεῦθενή
2428 3247 2537 3326 τιῖιν
2575 3269 2772 3342 χειρῶν
2801 3264 3094 3336 ὑπουργία,
3127 3265 3160 3334 ή
3191 3261 3410 3330 ποικίλη
3443 3276 3503 3312 τε
3546 3259 3646 3330 και

2059 3368 2451 3439 πολύστροφος,
2511 3364 2606 3416 καὶ
2665 3361 2800 3433 πρὸς
2845 3362 3024 3413 πᾶσαν
3061 3358 3306 3411 ἐπίνοιαν
3338 3351 3643 3422 ἐπιτηδεία.

2071 3461 2348 3518 Ἐντεῦθεν
2390 3461 2446 3512 αἱ
2495 3455 2589 3510 τοῦ
2619 3455 2842 3525 αὐχένος
2875 3449 3262 3523 περιστροφαὶ,
3287 3448 3384 3500 καὶ
3415 3445 3513 3514 τῆς
3547 3461 3648 3496 κε-

2061 3555 2233 3624 φαλῆς
2262 3551 2564 3614 ἐπικλίσεις
2594 3565 2655 3601 τε
2685 3548 2780 3601 καὶ
2805 3543 3142 3607 ἁνανεύσεις,
3179 3543 3273 3596 καὶ
3309 3541 3343 3611 ἡ
3374 3539 3516 3593 κατὰ
3541 3536 3649 3608 τὴν

2060 3647 2224 3715 γένην
2253 3643 2522 3714 ἐνέργεια,
2559 3639 2655 3692 καὶ
2700 3638 2735 3708 ἡ
2772 3635 2882 3690 τῶν
2928 3635 3211 3705 βλεφάρων
3239 3629 3492 3700 διαστολὴ
3528 3629 3652 3700 ἅμα

2062 3735 2289 3807 νεύματι
2323 3732 2604 3803 γινομένη,
2639 3729 2733 3784 καὶ
2775 3729 2882 3782 τῶν
2915 3725 3121 3780 λοιπῶν
3150 3725 3369 3797 ἄρθρων
3404 3724 3462 3793 αἱ
3492 3721 3651 3791 κινής

2012 3881 2022 3892 ,
2066 3845 2178 3892 σεις
2205 3829 2262 3880 ὲν
2300 3825 2514 3896 νεύροις
2571 3822 2669 3894 μέν
2702 3838 2843 3874 τισιν
2879 3817 3294 3889 ἁνασπωμένοις
3324 3815 3357 3886 ἢ
3387 3813 3646 3886 χαλωμέ-

2065 3936 2198 3983 νοις,
2226 3916 2478 3986 καθάπερ
2515 3915 2579 3966 ἐκ
2610 3911 2859 3985 μηχανῆς
2877 3927 3044 3972 τινος,
3086 3905 3457 3978 ἐνεργοῦνται.
3494 3904 3561 3955 'H
3590 3903 3652 3956 δὲ

2065 4011 2154 4065 διὰ
2167 4009 2369 4063 τούτων
2399 4003 2668 4069 διεξιοῦσα
2691 4003 2918 4072 δύναμις
2943 3998 3366 4053 αὐτοκέλευστον
3390 3994 3499 4064 ἔχει
3525 3993 3656 4046 τινὰ

2065 4102 2164 4172 τὴν
2191 4097 2388 4170 ὁρμὴν,
2419 4091 2786 4166 προαιρετικῷ
2819 4089 3090 4161 πνεύματι
3115 4087 3257 4141 κατά
3288 4102 3407 4139 τινα
3434 4082 3654 4152 φύσεως

2067 4189 2377 4260 οἰκονομίαν
2405 4189 2462 4240 ἐν
2479 4189 2590 4250 τοῖς
2608 4184 2944 4238 καθέκαστον
2971 4177 3359 4252 ἐνεργουμένη.
3401 4174 3558 4237 Ῥίζα
3593 4174 3658 4227 δὲ

2071 4283 2290 4341 πάντων
2323 4277 2618 4348 ἀπεδείχθη
2659 4275 2752 4329 καὶ
2799 4274 2943 4346 ἀρχὴ
2975 4274 3085 4326 τῶν
3119 4271 3261 4325 κατὰ
3285 4270 3352 4323 τὰ
3378 4267 3548 4338 νεῦρα
3569 4284 3658 4320 κι-

2069 4375 2296 4443 νήσεων,
2331 4373 2360 4423 ὁ
2389 4367 2481 4422 τὸν
2532 4365 2832 4435 ἐγκέφαλον
2879 4361 3147 4433 περιέχων
3176 4359 3450 4431 νευρώδης
3481 4358 3656 4428 ὑμήν.

2071 4462 2269 4517 Οὐκέτι
2303 4456 2395 4513 οὖν
2436 4456 2719 4528 ἡγούμεθα
2769 4455 2880 4508 δεῖν
2925 4451 3402 4523 πολυπραγμονεῖν
3437 4447 3568 4518 περί
3594 4463 3661 4499 τε

395 4562 698 4636 Iudicatum
756 4559 988 4613 antehac
1051 4565 1155 4620 est,
1216 4555 1452 4621 radicem
1534 4555 1954 4627 principiumqut

2073 4555 2184 4608 τῶν
2215 4549 2460 4618 ζωτικῶν
2519 4548 2742 4618 μορίων,
2802 4544 2863 4597 τὸ
2906 4543 3146 4597 τοιοῦτον
3192 4543 3360 4607 ἐστιν,
3389 4540 3446 4592 ἐν
3481 4536 3666 4608 τούτῳ

394 4661 639 4721 motuum
671 4653 725 4708 iu
773 4651 978 4716 nervis,
1016 4664 1138 4721 esse
1169 4649 1224 4708 in
1276 4646 1590 4708 membrana
1641 4647 1733 4701 illa
1767 4664 1965 4705 nervea

2073 4644 2380 4717 δειχθείσης
2417 4640 2519 4710 τῆς
2551 4637 2835 4708 κινητικῆς
2874 4634 3177 4707 ἐνεργείας.

394 4747 678 4803 cerebrum
702 4744 968 4814 amplexa.
992 4741 1355 4813 Quamobrem
1400 4740 1617 4794 curiose
1662 4739 1730 4798 de
1775 4744 2036 4799 membris
2072 4737 2319 4810 singulis,
2353 4747 2476 4803 quae
2522 4730 2777 4785 facultate
2811 4735 3062 4781 movente
3085 4723 3312 4795 praedita
3336 4730 3467 4779 sunt
3523 4737 3661 4792 per-

396 4839 722 4912 quirendum
771 4851 882 4892 non
919 4842 1172 4904 putamus
1207 4851 1222 4886 :
1255 4832 1494 4902 quando,
1519 4831 1664 4887 unde
1698 4834 1949 4890 movendi
1971 4833 2203 4912 facultas
2236 4825 2637 4899 proﬁciscatur,
2668 4831 2752 4876 est
2795 4818 3258 4873 demonstratum.

471 4932 739 4986 Cmterum
763 4929 1030 4993 maximas
1045 4927 1110 4980 ad
1138 4927 1302 4986 vitam
1339 4924 1756 4987 commoditates
1787 4927 1918 4979 oriri
1943 4941 1973 4980 a

401 5009 649 5084 cerebro,
679 5017 983 5085 clarissime
1032 5015 1381 5088 perspicitur,
1411 5031 1535 5070 eum
1559 5015 1687 5087 quid
1727 5015 1857 5070 huic
1879 5016 1975 5070 ad-

400 5113 542 5166 versi
576 5110 796 5166 accidit.
823 5107 958 5162 Nam
987 5109 1031 5164 si
1057 5097 1373 5170 membrana
1391 5107 1569 5176 ipsum
1593 5106 1841 5161 ambiens
1864 5107 1975 5172 vul-

400 5211 622 5285 tueretur
673 5209 767 5256 aut
812 5211 1120 5272 rumpatur,
1170 5197 1432 5259 continuo
1481 5212 1633 5263 mors
1695 5197 1971 5259 hominem

403 5301 658 5365 occupat,
685 5303 879 5348 natura
925 5307 993 5347 ne
1018 5291 1084 5346 ad
1112 5298 1446 5357 momentum
1493 5290 1717 5360 quidem
1760 5291 1978 5361 valente

405 5383 678 5450 resistere,
716 5383 941 5453 perinde
965 5393 1128 5454 atque
1158 5382 1514 5450 fundamento
1547 5382 1800 5444 subruto,
1841 5381 1972 5436 aedi-

407 5473 590 5538 ficium
619 5482 792 5529 totum
823 5475 890 5529 ad
926 5476 1335 5534 succussionem
1377 5475 1547 5544 partis
1579 5488 1687 5528 una
1723 5473 1976 5544 quassari

409 5578 633 5635 necesse
657 5573 761 5620 est.
793 5565 913 5632 Quo
951 5566 1118 5637 igitur
1160 5565 1406 5623 membro
1431 5564 1626 5626 affecto
1659 5565 1862 5625 animal
1893 5570 1978 5618 to-

409 5644 525 5709 tum
571 5654 774 5720 interit,
807 5656 861 5712 id
898 5659 1200 5713 membrum
1241 5658 1366 5713 vita:
1409 5671 1630 5721 causam
1701 5655 1979 5728 praecipue

412 5745 690 5811 continere
717 5747 1002 5803 fateamur.
1035 5748 1170 5803 Cum
1193 5763 1326 5803 vero
1351 5745 1413 5802 in’
1442 5747 1512 5803 iis
1535 5747 1628 5818 qui
1661 5745 1730 5802 de
1750 5747 1856 5800 vita
1877 5739 1980 5802 'mi—

413 5845 640 5908 grarunt
663 5847 717 5892 et
751 5839 1024 5910 exstingui
1067 5840 1302 5897 calorem
1354 5853 1385 5892 a
1411 5847 1604 5895 natura
1663 5838 1894 5896 inditum
1927 5845 1979 5894 et

335 6115 502 6180 ﬂ

2151 4923 2272 4976 Ὅτι
2292 4919 2348 4973 δὲ
2377 4915 2627 4988 μέγιστόν
2655 4932 2707 4967 τι
2737 4911 2981 4966 συντελεί
3021 4909 3160 4982 πρὸς
3181 4909 3283 4978 τὴν
3305 4905 3450 4978 ζωὴν
3487 4905 3516 4958 ὁ
3565 4906 3664 4972 ἐγ-

2078 5012 2333 5082 κέφαλος,
2373 5007 2619 5079 ἐναργῶς
2660 5006 2721 5058 τὸ
2772 5003 2832 5067 ἐξ
2873 5003 3118 5056 ἐναντίου
3151 5000 3450 5069 συμϐαῖνον
3488 4997 3665 5067 δηλοῖ.

2077 5105 2142 5159 Εἰ
2169 5104 2278 5174 γάρ
2296 5117 2419 5159 τινα
2447 5097 2700 5170 τρῶσινῆ
2735 5095 2886 5167 ῥῆξιν
2913 5096 2942 5147 ὁ
2962 5094 3090 5164 περὶ
3113 5092 3278 5146 αὐτὸν
3305 5091 3451 5160 ὑμὴν
3474 5088 3666 5152 πάθοι,

2080 5193 2244 5256 εὐθὺς
2278 5185 2681 5258 ἐπηκολούθησε
2711 5185 2790 5256 τῷ
2834 5183 2997 5237 πάθει
3026 5185 3055 5235 ὁ
3087 5183 3338 5244 θάνατος,
3378 5179 3499 5232 οὐδὲ
3526 5177 3672 5249 πρὸς

2079 5284 2140 5338 τὸ
2167 5281 2369 5353 ἀκαρὲς
2396 5281 2494 5349 τῆς
2508 5277 2721 5348 φύσεως
2740 5275 3094 5346 ἀντισχούσης
3118 5275 3185 5343 τῇ
3215 5271 3441 5344 τρώσει,
3475 5269 3673 5341 ὥσπερ

2082 5371 2333 5442 θεμελίου
2394 5369 2539 5431 τινὸς
2598 5364 3040 5428 ὑποσπασθέντος
3083 5362 3203 5417 ὅλον
3229 5361 3289 5415 τὺ
3323 5359 3674 5430 οἰκοδόμημα

2084 5463 2510 5534 συγκατεσείσθη
2561 5459 2639 5531 τῷ
2669 5459 2853 5530 μέρει’
2915 5451 2976 5511 οὗ
3019 5456 3198 5509 τοίνυν
3232 5451 3500 5516 παθόντος
3531 5451 3674 5522 πρό-

2083 5555 2240 5625 δηλός
2264 5555 2409 5606 ἐστιν
2429 5555 2463 5623 ἡ
2477 5551 2571 5605 τοῦ
2589 5549 2786 5613 παντὸς
2805 5547 2945 5615 ξὼου
2969 5544 3256 5617 διαφθορὰ,
3275 5546 3437 5602 τοῦτο
3461 5543 3676 5614 κυρίως

2083 5643 2150 5696 ἂν
2202 5647 2300 5714 τῆς
2349 5645 2493 5713 ζωῆς
2529 5642 2627 5714 τὴν
2657 5642 2837 5696 αἰτίαν
2883 5639 3028 5709 ἔχειν
3067 5638 3401 5708 ὁμολογοῖτο.
3447 5633 3674 5705 Ἐπειδὴ

2084 5737 2140 5790 δὲ
2172 5739 2264 5791 καὶ
2299 5738 2407 5791 τῶν
2437 5735 2802 5806 παυσαμένων
2829 5732 2922 5785 τοῦ
2945 5731 3048 5803 ζῇν
3077 5725 3548 5795 κατασϐεσθείσης
3571 5725 3676 5795 τῆς

2086 5833 2409 5906 ἐγκειμένης
2437 5833 2499 5901 τῇ
2527 5829 2684 5898 φύσει
2715 5826 3067 5898 θερμότητος,
3101 5823 3158 5876 τὸ
3191 5819 3464 5895 νεκρωθὲν
3502 5836 3675 5873 κατα-
