3886 6214
210 372 327 431 945

1466 385 1556 438 DE
1594 385 1884 443 HOMINIS
1925 385 2236 446 OPlFlCIO.

3391 339 3501 448 eis

211 488 472 559 ψύχεται,
501 488 595 544 διά
649 489 806 545 τοῦτο
856 494 950 548 καὶ
985 495 1043 548 ἐν
1093 495 1172 567 τῷ
1205 496 1396 568 θερμῷ
1437 499 1536 570 τὴν
1569 499 1804 572 ζωτικὴν

1910 517 2058 572 quou
2078 512 2388 558 emortuum
2423 512 2526 566 cst,
2578 504 2832 575 occupari
2867 519 2896 557 a
2929 502 3132 576 frigore
3186 503 3497 570 videamus,

213 581 400 636 αἰτίαν
418 584 848 655 κατενοήσαμεν.
882 578 958 640 06
991 587 1100 660 γάρ
1130 589 1534 655 ἐπιλελοιπότος
1567 593 1812 664 ήνεκρό-

212 691 319 744 της
355 674 818 747 ἐπηκολούθησεν,
848 678 1061 751 ἀνάγκη
1099 683 1249 734 πᾶσα
1273 685 1341 753 τῇ
1381 685 1655 757 παρουσίᾳ
1679 686 1806 740 τούσ-

213 783 314 818 του
334 767 657 822 συνεστάναι
687 769 748 822 τὸ
763 771 899 834 ζῶον
917 773 1313 842 ὁμολογεῖσθαι.
1348 777 1460 848 Τῆς
1476 777 1532 831 δὲ
1552 780 1811 849 τοιαύτης

214 855 500 926 δυνάμεως
533 853 644 912 οἷον
675 862 860 932 πηγήν
908 881 1031 917 τινα
1085 865 1180 919 καὶ
1224 867 1400 938 ἀρχὴν
1440 867 1538 941 τὴν
1579 871 1810 943 καρδίαν

216 949 654 1019 κατενοήσαμεν,
693 952 788 1019 ἀφ’
839 945 907 1024 ἧς
952 954 1246 1031 αὑλοειδεῖς
1281 958 1440 1029 πόροι
1473 960 1810 1032 πολυσχιδῶς

214 1036 382 1102 ἄλλος
438 1039 497 1104 ἐξ
548 1040 709 1094 ἄλλου
758 1043 1125 1116 διαφυόμενοι,
1175 1050 1340 1102 παντὶ
1381 1049 1462 1122 τῷ
1496 1052 1712 1124 σώματι
1749 1055 1812 1107 τὸ

214 1127 473 1198 πυρῶδες
515 1131 609 1184 καὶ
657 1131 859 1203 θερμὸν
913 1134 1187 1206 διαχέουσι
1246 1139 1487 1212 πνεῦμα.
1550 1144 1707 1198 Ἐπεὶ
1753 1146 1812 1200 δὲ

215 1215 440 1280 πάντως
470 1219 565 1271 καὶ
585 1220 792 1291 τροφὴν
819 1221 925 1276 ἔδει
951 1224 1074 1278 τινὰ
1109 1225 1188 1296 τῷ
1215 1224 1406 1300 θερμῷ
1442 1235 1811 1304 συμπαρεῖναι

216 1309 374 1378 παρὰ
406 1309 509 1379 τῆς
547 1309 763 1379 φύσεως
787 1329 799 1341 ·
830 1315 892 1367 ού
916 1316 1025 1387 γάρ
1049 1317 1325 1388 ἐνδέχεται
1361 1320 1421 1374 τδ
1442 1321 1554 1393 πῦρ
1580 1324 1666 1392 ἐφ’
1686 1325 1812 1378 ἐαυ-

214 1397 319 1452 τοῦ
374 1399 582 1469 μένειν,
638 1403 714 1472 μὴ
774 1403 865 1457 διὰ
900 1405 996 1458 τοῦ
1049 1409 1387 1481 καταλλήλου
1429 1414 1763 1485 τρεφόμενον
1792 1433 1806 1447 ·

214 1487 308 1542 διὰ
338 1491 498 1544 τοῦτο
527 1493 578 1549 οἰ
610 1492 704 1545 τοῦ
750 1494 986 1566 αἵματος
1013 1497 1217 1569 ὀχετοὶ,
1245 1502 1496 1576 καθάπερ
1521 1505 1586 1558 ὲκ
1625 1508 1811 1579 πηγῆς

213 1598 364 1644 τινος
386 1582 483 1636 τοῦ
511 1584 722 1654 ἥπατος
768 1587 1178 1660 ἀφορμηθέντες
1221 1592 1300 1664 τῷ
1328 1593 1514 1666 θερμῷ
1537 1597 1810 1670 πνεύματι

213 1674 472 1744 πανταχῆ
517 1675 659 1762 κατὰ
680 1677 742 1730 τὸ
775 1677 934 1748 σῶμα
964 1683 1490 1755 συμπαροδεύουσιν,
1521 1688 1597 1752 ὡς
1634 1689 1701 1743 ἆν
1735 1690 1811 1762 μὴ

216 1762 466 1828 μονωθὲν
496 1761 588 1814 ruﬁ
618 1764 806 1836 ἐτέρου
841 1767 903 1820 τὸ
931 1768 1141 1840 ἕτερον,
1181 1771 1472 1850 διαφθείρῃ
1491 1777 1590 1849 τὴν
1619 1761 1806 1848 φύσιν,

1914 591 2121 648 idcirco
2141 595 2302 648 etiam
2359 593 2412 648 in
2444 596 2628 651 calore
2665 611 2888 652 causam
2919 595 3212 666 quamdam
3279 595 3498 650 vivendi

1914 681 2191 750 ponimus.
2220 680 2340 748 Quo
2377 683 2522 737 enim
2547 684 2752 740 amisso
2775 684 3085 740 mortalitas
3116 687 3497 754 consequitur,

1913 771 1968 827 id
1997 773 2238 842 quandiu
2265 774 2425 829 nobis
2459 774 2729 846 integrum
2758 785 2864 842 est,
2901 776 3035 830 nihil
3057 775 3308 830 accidere
3335 791 3500 845 posse

1911 864 2036 920 vita:
2060 864 2395 930 detrimenti,
2428 867 2743 922 necessario
2777 868 3076 940 colligitur.
3105 865 3284 936 Hujus
3316 867 3496 922 facul-

1913 956 2044 1012 tatis
2087 971 2183 1010 cor
2242 965 2327 1012 est
2353 958 2510 1028 quasi
2561 957 2783 1028 quidam
2832 957 2956 1016 fons
2993 967 3048 1013 et
3083 959 3434 1029 principium.
3465 975 3497 1014 a

1912 1061 2020 1116 quo
2045 1058 2257 1102 meatus
2279 1048 2381 1102 orti
2412 1048 2725 1103 consimiles
2755 1048 2928 1114 tibiis,
2961 1048 3336 1119 multipliciter
3365 1050 3494 1104 aliis

1913 1135 2052 1192 alios
2083 1139 2534 1208 propagantibus,
2567 1155 2665 1208 per
2710 1153 2912 1209 corpus
2939 1140 3255 1195 universum
3306 1139 3497 1211 igneos

1911 1226 2230 1298 calidosque
2249 1229 2475 1298 spiritus
2496 1229 2827 1286 diffundunt.
2853 1231 3100 1302 Cumque
3125 1232 3496 1286 necessarium

1911 1318 2052 1376 foret
2078 1328 2136 1375 ut
2163 1332 2484 1397 perpetuum
2510 1323 2682 1378 calori
2707 1323 3024 1378 alimentum
3049 1323 3439 1396 adjungeretur
3464 1339 3496 1378 a

1910 1421 2128 1476 natura,
2161 1411 2383 1481 quando
2411 1413 2552 1483 ignis
2573 1429 2670 1483 per
2703 1429 2763 1468 se
2782 1414 2982 1468 durare
3015 1415 3226 1486 nequit,
3259 1413 3303 1469 si
3338 1430 3367 1468 a
3391 1431 3497 1469 nu-

1909 1505 2166 1559 trimenlo
2195 1505 2298 1560 sibi
2323 1507 2684 1563 conveniente
2725 1505 3078 1570 destituatur,
3126 1505 3332 1564 idcirco
3368 1523 3498 1562 san-

1910 1593 2091 1662 guinis
2111 1593 2214 1648 rivi
2244 1591 2310 1650 de
2334 1594 2580 1665 jecinore
2598 1595 2756 1665 quasi
2782 1593 2931 1650 fonte
2968 1595 3206 1665 quodam
3238 1594 3491 1666 profecti.

1910 1693 2024 1740 toto
2071 1701 2298 1756 corpore
2343 1687 2522 1742 calido
2581 1688 2801 1758 spiritui
2850 1689 3083 1743 comites
3145 1695 3296 1752 sunt,
3328 1704 3396 1743 ne
3447 1690 3495 1745 si

1913 1779 2142 1833 alterum
2171 1780 2240 1835 ab
2265 1782 2438 1836 altero
2465 1779 2834 1844 desereretur,
2881 1779 3075 1834 morbo
3104 1788 3360 1851 correpta
3394 1795 3494 1834 na-

213 1851 394 1914 πάθος
423 1855 732 1923 γενόμενον.
769 1857 1077 1914 Παιδευέτω
1098 1861 1256 1917 τοῦτο
1282 1866 1410 1928 τοὺς
1436 1847 1804 1935 ἀτακτοῦντας

1913 1878 2032 1924 tura
2067 1871 2338 1927 interiret.
2364 1872 2439 1928 De
2469 1889 2579 1944 quo
2609 1872 2843 1943 injustos
2877 1872 3128 1928 homines
3155 1881 3210 1928 et
3259 1847 3498 1942 inazqua-

213 1939 348 2031 περὶ
395 1940 464 2031 τὸν
503 1935 639 2002 ἴσον.
678 1943 1022 2015 διδαχθέντας
1055 1951 1206 2022 παρὰ
1253 1953 1354 2024 τῆς
1393 1955 1629 2026 φύσεως,
1669 1961 1750 2014 ὅτι
1773 1961 1808 2031 ἡ

215 2027 503 2128 πλεονεξία
552 2031 873 2102 φθοροποιόν
911 2055 966 2091 τι
1018 2039 1190 2105 πάθος
1237 2044 1408 2100 ἐστίν.
1449 2049 1587 2101 Ἀλλ’
1619 2027 1808 2128 ἐπειδη

218 2121 382 2190 μόνον
416 2124 715 2196 ἀπροσδεές
745 2129 862 2182 ἐστι
889 2129 950 2183 τὸ
968 2130 1153 2198 Θεῖον,
1176 2136 1210 2206 ἡ
1236 2136 1294 2190 δὲ
1310 2138 1625 2214 ἀνθρωπίνη
1659 2121 1807 2202 πτωζ

217 2215 341 2283 χεία
369 2216 481 2269 τῶν
509 2218 711 2284 ἔξωθεν
733 2224 867 2294 πρὸς
910 2223 1009 2296 τὴν
1045 2226 1183 2281 ίδίαν
1215 2231 1476 2288 σύστασιν
1505 2237 1804 2308 ἐπιδέεται,

215 2303 305 2356 διὰ
334 2304 493 2359 τοῦτο
521 2310 641 2372 ταῖς
663 2312 812 2380 τρισί
842 2311 1070 2377 ταύταις
1096 2315 1378 2387 δυνάμεσι,
1403 2321 1469 2375 δι’
1499 2317 1576 2378 ὧν
1598 2303 1809 2398 ἔφαμεν

215 2392 366 2448 ἅπαν
424 2397 824 2468 οἰκονομεῖσθαι
879 2402 940 2454 τὸ
997 2405 1160 2476 σῶμα
1192 2446 1208 2470 ,
1264 2410 1560 2484 ἐπίρρυτον
1609 2392 1809 2482 ἐξω-θεν

215 2485 506 2582 ἐπεισάγει
531 2489 802 2582 τὴνῦλην,
835 2492 1110 2567 διαφόροις
1135 2500 1364 2566 εἰσόδοις
1392 2505 1453 2558 τὸ
1475 2508 1806 2582 κατάλληλον

214 2577 412 2641 αὑταῖς
446 2580 831 2647 εἰσοικίζουσα.
869 2585 948 2656 Τῇ
983 2587 1083 2658 μὲν
1119 2589 1230 2663 γὰρ
1255 2596 1407 2667 πηγῇ
1429 2596 1521 2650 τοῦ
1552 2577 1803 2671 αἵματος,

415 2672 478 2725 τὸ
518 2669 673 2746 ἦπάρ
691 2676 827 2741 ἐστι,
860 2677 960 2750 τὴν
995 2679 1086 2735 διά
1132 2683 1232 2754 τῆς
1283 2687 1492 2758 τροφῆς
1542 2669 1807 2764 χορηγίαν

213 2759 481 2852 ὑπέθηκε.
501 2764 574 2816 Τὸ
587 2765 696 2836 γὰρ
713 2767 1136 2840 ἐπεισαγόμενον
1157 2775 1243 2827 ἀεὶ
1256 2775 1344 2830 διὰ
1363 2759 1582 2852 ταύτης,
1599 2759 1806 2846 τάςτοῦ

211 2851 453 2920 αἵματος
473 2855 658 2926 πηγὰς
676 2857 861 2930 βρύειν
885 2860 973 2914 διὰ
988 2863 1084 2916 τοῦ
1125 2865 1336 2935 ἥπατος
1374 2875 1804 2943 παρασκευάζει,

213 2942 474 3038 καθάπερ
506 2947 540 3018 ἠ
583 2949 677 3002 ἐπὶ
702 2950 795 3005 τοῦ
818 2952 983 3024 ὅρους
1013 2954 1144 3026 χιὼν
1167 2957 1254 3011 διά
1282 2959 1383 3031 τῆς
1401 2942 1603 3029 οἰκείας
1640 2968 1806 3038 ἰκμά-

211 3034 309 3128 δος
325 3036 429 3100 τὰς
442 3040 582 3094 κατὰ
596 3040 692 3111 τὴν
711 3043 986 3115 ὑπώρειαν
1001 3045 1153 3112 αὖξει
1168 3051 1370 3121 πηγὰς.
1393 3053 1484 3109 διὰ
1497 3057 1590 3110 τοῦ
1609 3034 1808 3128 βάθους

212 3125 280 3188 τὸ
311 3128 512 3183 οἰκεῖον
558 3132 724 3202 ύγρδν
761 3135 856 3188 ἐπὶ
891 3137 992 3201 τὰς
1017 3139 1168 3194 κάτω
1189 3141 1392 3210 φλέϐας
1429 3125 1801 3206 συνθλίὸουσαξ

282 3216 356 3268 Τὸ
403 3218 460 3271 δὲ
493 3219 783 3292 ἐγκάρδιον
826 3223 1045 3296 πνεῦμα
1101 3228 1190 3282 διὰ
1233 3230 1328 3285 τοῦ
1348 3231 1591 3301 γείτονος
1611 3235 1805 3298 ἐπεισ,

208 3311 411 3373 ἁγεται
483 3312 795 3384 σπλάγχνου
857 3353 874 3379 ,
930 3314 960 3368 ὃ
1029 3317 1277 3373 καλεῖται
1339 3322 1440 3392 μὲν
1523 3327 1801 3399 πνεύμων,

213 3393 336 3454 ἐστὶ
395 3395 454 3491 δὲ
511 3398 606 3451 τοῦ
668 3401 830 3474 ἀέρος
881 3403 1111 3475 δοκεῖον,
1168 3409 1259 3463 διὰ
1329 3412 1433 3484 τῆς
1479 3393 1806 3491 ἐγκειμένης

213 3487 489 3558 ἀρτηρίας
541 3491 643 3560 τῆς
699 3494 794 3547 ἐπὶ
837 3495 898 3548 τὸ
948 3498 1122 3569 στόμα
1155 3500 1468 3578 διηκούσης,
1508 3508 1570 3561 τὸ
1605 3487 1803 3574 ἔξωθεν

215 3579 444 3650 πνεῦμα
479 3585 599 3646 ταῖς
654 3585 955 3652 ἀναπνοαῖς
1012 3591 1390 3665 ἐφελκόμενον.
1435 3593 1506 3668 Ὦ
1553 3602 1693 3656 κατὰ
1744 3603 1805 3657 τὸ

215 3670 390 3740 μέσον
422 3674 454 3742 ή
485 3675 679 3747 καρδία
712 3679 1098 3754 ἐνειλημμένη,
1140 3686 1283 3740 κατὰ
1317 3687 1551 3760 μίμησιν
1581 3693 1679 3764 τῆς
1705 3693 1802 3747 τοῦ

210 3765 532 3836 ἁεικινήτου
581 3771 753 3860 πυρὸς
798 3773 1096 3846 ἐνεργείας,
1138 3777 1496 3846 ἀδιαλείπτως
1525 3786 1617 3838 καὶ
1663 3787 1802 3860 αὑτὴ

213 3858 536 3928 κινουμένη,
550 3856 663 3920 ⁴οἷόν
683 3881 734 3916 τι
755 3865 998 3920 ποιοῦσιν
1015 3869 1072 3922 ἐν
1096 3871 1210 3933 τοῖς
1229 3871 1504 3942 χαλκείοις
1525 3878 1582 3930 αἱ
1609 3856 1800 3946 φύσαι,

209 3948 364 4010 ἕλκει
402 3968 462 4003 τε
502 3954 637 4024 πρὸς
665 3957 862 4026 ἑαυτὴν
895 3961 959 4012 ἐκ
988 3959 1082 4013 τοῦ
1115 3965 1522 4034 παρακειμένου
1559 3970 1802 4040 πνεύμο-

211 4058 307 4104 νος
340 4043 627 4114 πληροῦσα
667 4050 732 4118 τῇ
793 4050 1042 4125 διαστολῇ
1093 4053 1191 4118 τὰς
1239 4057 1579 4130 κοιλότητας,
1626 4065 1803 4119 καὶτὸ

212 4134 469 4228 πυρῶδες
498 4137 697 4208 ἑαυτῆς
713 4143 1092 4212 ἐκριπίζουσα,
1131 4149 1252 4210 ταῖς
1295 4149 1584 4221 ἐχομέναις
1640 4155 1804 4228 ἀρτη-

215 4224 365 4294 ρίαις
418 4229 632 4297 ἐμπνεῖ.
681 4232 792 4284 Καὶ
827 4233 984 4287 τοῦτο
1042 4236 1272 4290 ποιοῦσα
1320 4241 1380 4292 οὐ
1415 4240 1701 4310 διαλείπει,
1741 4247 1804 4300 τὸ

215 4317 321 4384 μὲν
345 4316 546 4382 ἔξωθεν
565 4323 651 4375 διὰ
693 4324 791 4394 τῆς
824 4324 1112 4398 διαστολῆς
1144 4331 1224 4392 εἰς
1252 4330 1348 4395 τὰς
1383 4332 1518 4398 ίδὶας
1552 4337 1802 4408 κοιλότης

209 4425 314 4470 τας
341 4409 597 4475 ἕλκουσα,
633 4414 692 4466 τὸ
725 4414 780 4468 δὲ
805 4417 933 4485 παρ’
960 4417 1158 4488 ἐαυτῆς
1190 4419 1278 4475 διὰ
1302 4422 1402 4493 τῆς
1428 4427 1802 4495 συμπτώσεως

1905 1959 2113 2016 litatem
2195 1963 2602 2018 committentes
2646 1963 2751 2018 hoc
2823 1979 3020 2034 capere
3100 1963 3494 2019 admonitionis

1905 2061 2142 2122 oportet,
2183 2061 2241 2107 ut
2289 2069 2320 2108 a
2371 2062 2566 2108 natura
2623 2054 2838 2109 discant
2905 2054 3191 2110 avaritiam
3239 2052 3508 2110 morbum

1906 2157 2047 2204 esse,
2076 2143 2167 2212 qui
2201 2143 2326 2200 aliis
2355 2145 2634 2198 interitum
2656 2145 2864 2200 afferat.
2901 2145 3008 2200 Sed
3052 2146 3198 2200 enim
3232 2146 3348 2201 sola
3393 2146 3492 2202 Bei

1905 2243 2100 2288 natura
2145 2249 2269 2309 cum
2320 2236 2468 2290 nulla
2495 2250 2555 2291 re
2577 2236 2840 2307 indigeat,
2872 2240 3148 2293 hominum
3186 2237 3369 2308 inopia
3403 2253 3492 2296 res

1906 2336 2162 2382 externas
2218 2326 2286 2381 ad
2340 2342 2401 2383 se
2440 2328 2860 2384 sustentandum
2909 2330 3221 2385 necessario
3277 2330 3494 2385 deside-

1907 2425 2065 2472 rante
2110 2437 2123 2472 :
2160 2417 2369 2474 idcirco
2400 2419 2578 2474 tribus
2619 2420 2771 2474 hisce
2820 2419 3173 2477 facultatibus
3209 2421 3389 2476 locum
3435 2422 3492 2478 in

1907 2510 2264 2578 gubernando
2287 2526 2520 2582 corpore
2553 2513 2856 2583 principem
2874 2513 3265 2579 obtinentibus,
3292 2513 3496 2569 extrin-

1908 2615 2069 2656 secus
2119 2602 2378 2658 materies
2405 2603 2814 2658 accommodata
2852 2603 3079 2676 singulis
3126 2621 3225 2676 per
3245 2605 3494 2660 diversos

1909 2693 2090 2749 aditus
2135 2696 2454 2751 arcessitur.
2510 2695 2644 2750 Nam
2698 2695 2957 2763 jecinori,
3008 2699 3156 2768 quod
3207 2698 3491 2769 sanguinis

1908 2800 2033 2840 esse
2086 2784 2291 2840 fontem
2331 2786 2597 2848 diximus.
2625 2789 2868 2844 alimenti
2898 2795 2984 2844 est
3027 2788 3284 2842 mandata
3318 2788 3493 2843 admi-

1908 2877 2189 2933 nistratio.
2225 2877 2382 2944 Quod
2431 2881 2579 2935 enim
2633 2881 2912 2936 nutriendi
2954 2882 3130 2938 nostri
3165 2897 3330 2938 causa
3364 2897 3491 2950 per-

1907 2975 2071 3038 petuo
2104 2969 2392 3040 ingeritur,
2419 2970 2688 3041 jecinoris
2720 2973 3039 3042 adjumento
3073 2972 3224 3040 facit,
3261 2981 3320 3028 ut
3355 2990 3492 3030 con-

1906 3060 2061 3116 tinuo
2089 3062 2373 3133 sanguinis
2419 3064 2523 3118 rivi
2576 3064 2769 3120 ﬂuant.
2801 3065 3274 3132 Quemadmodum
3311 3066 3489 3121 nivem

1907 3161 2223 3207 montanam
2282 3153 2531 3212 videmus
2585 3156 2815 3213 humore
2857 3172 2960 3213 suo
2987 3157 3266 3228 subjectos
3313 3156 3490 3214 fontes

1905 3258 2124 3314 augere,
2177 3254 2497 3316 penetrante
2535 3248 2630 3304 illo
2667 3248 2939 3305 'deorsum
2990 3249 3057 3304 ad
3118 3249 3266 3319 ipsas
3318 3264 3492 3321 usque

1904 3331 2143 3387 fontium
2173 3350 2362 3390 venas.
2661 3339 2666 3346 '

1975 3423 2179 3480 Deinde
2207 3440 2302 3480 aer
2332 3426 2496 3481 etiam
2529 3425 2682 3483 cordi
2710 3429 2874 3484 vicini
2903 3429 3129 3487 visceris
3161 3445 3264 3502 ope
3294 3445 3492 3501 sugge-

1902 3516 2070 3581 ritur;
2101 3518 2153 3572 ei
2183 3533 2384 3573 nomen
2418 3526 2503 3576 est
2527 3522 2714 3591 pulmo
2745 3541 2759 3578 :
2809 3525 3114 3579 membrum
3146 3525 3321 3594 ipsum
3346 3525 3491 3581 aeris

1902 3617 1989 3664 est
2019 3611 2615 3683 receptaculum,’quod
2646 3623 2742 3684 per
2771 3615 3032 3671 insertam
3062 3616 3168 3672 sibi
3203 3616 3484 3680 arteriam,

1904 3699 1972 3752 ad
2005 3715 2069 3756 os
2109 3701 2489 3772 pertinentem,
2547 3704 2800 3773 Spiritum
2853 3714 3141 3762 externum
3174 3720 3272 3776 per
3312 3703 3489 3774 respi-

1901 3792 2140 3850 rationes
2178 3796 2468 3851 coutinuas
2504 3796 2704 3852 haurit.
2763 3796 2940 3869 Hujus
3001 3799 3058 3853 in
3098 3805 3252 3869 parte
3312 3797 3487 3854 media

1903 3899 1999 3938 cor
2023 3887 2353 3953 continetur,
2385 3887 2532 3958 quod
2580 3890 2759 3960 ipsum
2802 3906 3020 3962 quoque
3051 3891 3169 3948 sine
3203 3889 3488 3944 intermis-

1905 3974 2061 4030 sione
2089 3984 2364 4043 movetur,
2399 3978 2566 4050 inque
2588 3981 2692 4034 hoc
2739 3981 2883 4053 ignis
2915 3996 3192 4053 nunquam
3229 3995 3338 4035 non
3369 3995 3487 4035 mo-

1903 4069 2030 4124 bilis
2063 4079 2314 4126 naturam
2367 4073 2632 4128 imitatur.
2668 4073 2803 4128 Nam
2835 4075 3009 4130 instar
3035 4075 3243 4130 follium
3282 4075 3485 4147 quibus

1906 4162 1960 4216 in
1993 4161 2224 4220 ofﬁcinis
2251 4164 2368 4220 suis
2399 4173 2628 4220 utuntur
2664 4165 2828 4232 fabri,
2861 4182 3079 4238 semper
3106 4183 3286 4223 aerem
3314 4175 3486 4221 attra-

1905 4253 1986 4306 hit
2021 4269 2053 4309 e
2107 4254 2290 4311 vicino
2339 4259 2616 4327 pulmone,
2668 4267 2963 4328 partesque
3011 4273 3284 4314 concavas
3319 4258 3484 4334 didu-

1903 4345 2084 4402 ctione
2143 4350 2337 4418 replet,
2371 4364 2437 4405 ac
2463 4351 2609 4420 quod
2666 4351 2884 4421 igneum
2935 4359 3018 4406 est
3058 4351 3112 4405 in
3149 4351 3270 4420 ipso
3315 4350 3481 4414 efflat,

1903 4437 2070 4508 inque
2094 4439 2383 4509 adjunctas
2429 4443 2660 4498 arterias
2690 4445 2956 4498 excernit.
2985 4441 3101 4498 Hoc
3157 4442 3294 4498 adeo
3333 4459 3480 4498 nun-

212 4503 338 4565 ταῖς
381 4503 676 4575 ἀρτηρίαις
722 4508 1088 4578 είσκρίνουσα.
1124 4511 1192 4565 Ὅ
1246 4529 1338 4583 μοι
1369 4515 1516 4570 δοκεῖ
1560 4522 1654 4572 καὶ
1699 4523 1798 4594 τῆς

1909 4503 2065 4599 quam
2100 4503 2210 4594 nam
2259 4533 2389 4601 agit,
2424 4533 2571 4588 aliud
2604 4535 2950 4590 extrinsecus
2985 4549 3081 4606 per
3111 4533 3482 4590 diductioncm

212 4591 529 4661 αὐτομάτου
578 4594 784 4664 ταύτης
829 4597 1102 4668 ἀναπνοῆς
1145 4598 1316 4653 αἴτιον
1356 4605 1488 4674 ἡμῖν
1530 4591 1797 4674 γίνεσθαι.

212 4681 489 4746 Πολλάκις
517 4683 626 4756 γὰρ
655 4688 684 4739 ὁ
724 4687 823 4757 μὲν
841 4688 966 4751 νοῦς
996 4689 1224 4760 ἄσχολός
1253 4694 1369 4746 ἐστι
1406 4696 1543 4766 πρὸς
1578 4699 1801 4771 ἑτέρους

211 4773 244 4844 ἦ
279 4776 379 4827 καὶ
422 4777 771 4833 παντάπασιν
805 4781 1025 4851 ἠρεμεῖ,
1056 4781 1303 4848 λυθέντος
1331 4786 1387 4838 ἐν
1411 4785 1490 4857 τῷ
1520 4787 1674 4862 ὕπνῳ
1701 4791 1798 4846 τοῦ

211 4865 493 4936 σώματος,
517 4870 550 4938 ή
573 4868 629 4922 δὲ
662 4871 907 4944 ἀναπνοὴ
951 4871 1046 4926 τοῦ
1088 4873 1248 4945 ἀέρος
1275 4876 1336 4928 ού
1359 4876 1648 4947 διαλείπει,
1674 4884 1797 4955 μηδ’

205 4957 397 5011 ὁτιοῦν
430 4961 802 5032 συνεργούσης
824 4965 904 5026 εἰς
925 4962 1083 5016 τοῦτο
1106 4965 1205 5036 τῆς
1227 4971 1619 5040 προαιρέσεως.

1907 4617 1991 4674 sui
2018 4620 2268 4690 proprias
2292 4620 2348 4675 in
2374 4620 2668 4691 capcdines
2690 4623 3038 4690 attrahenda,
3065 4622 3213 4678 aliud
3239 4638 3269 4676 a
3296 4639 3356 4678 se
3386 4639 3484 4693 per

1904 4711 2372 4780 compressionem
2433 4713 2486 4766 in
2542 4715 2772 4768 arterias
2823 4713 3190 4769 exeeruendo.
3246 4713 3307 4768 In
3373 4729 3484 4784 quo

1901 4800 2032 4855 mihi
2065 4803 2284 4870 quidem
2314 4803 2696 4875 respirationis
2733 4806 2896 4860 etiam
2928 4806 3203 4860 continua
3232 4804 3288 4858 in
3322 4804 3483 4858 nobis

1903 4906 2028 4948 esse
2070 4894 2248 4964 posita
2302 4910 2470 4952 causa
2516 4899 2752 4952 videtur.
2809 4895 2944 4950 Nam
3015 4912 3169 4952 mens
3219 4910 3363 4965 saepe
3389 4893 3485 4948 dat

1905 4985 2029 5042 aliis
2087 4988 2244 5056 quasi
2303 5004 2547 5058 operam,
2603 4990 2688 5044 vel
2730 5005 2957 5060 prorsus
3000 4989 3163 5044 etiam
3221 4987 3478 5058 quiescit,

209 5065 414 5150 somno
467 5064 671 5150 corpus
693 5060 1017 5123 occupante,
1069 5069 1194 5110 cum
1226 5057 1453 5114 minime
1479 5061 1772 5132 respiratio
1802 5067 2208 5142 intermittitur,
2240 5057 2455 5134 etiamsi
2496 5095 2600 5135 nos
2651 5057 2792 5134 hanc
2853 5079 3004 5135 nullo
3053 5086 3212 5150 pacto
3242 5057 3482 5132 efficere

209 5141 647 5195 decreverimus.
1617 5195 1619 5197 ,

282 5228 455 5301 Οἶμαι
498 5232 632 5303 γὰρ,
675 5232 864 5306 ἐπειδὴ
911 5237 1293 5310 περιείληπται
1346 5238 1426 5310 τῷ
1463 5243 1726 5314 πνεύμονι
1763 5248 1798 5318 ἡ

1967 5248 2080 5320 Ego
2129 5251 2210 5306 sic
2251 5253 2510 5320 arbitror,
2559 5270 2654 5310 cor
2683 5257 2885 5326 ipsum,
2920 5258 3064 5328 quod
3110 5260 3297 5330 pulmo
3328 5276 3480 5316 com-

211 5325 436 5395 καρδία,
477 5327 574 5379 καὶ
604 5325 991 5396 προσπέφυκεν
1048 5331 1198 5404 αὐτῷ
1257 5337 1398 5390 κατά
1448 5337 1508 5390 τὸ
1552 5339 1801 5396 ὀπίσθιον

1909 5340 2152 5407 plectitur
2181 5359 2454 5400 annexum
2472 5345 2578 5402 sibi
2605 5325 2906 5417 posteriore
2936 5325 3022 5404 sui
3050 5325 3226 5419 parte,
3257 5353 3474 5421 quoties

210 5418 415 5489 ἑαυτῆς
436 5417 626 5489 μέρος,
648 5422 770 5483 ταῖς
805 5421 964 5485 ἰδίαις
987 5423 1292 5490 διαττολαῑς
1320 5430 1415 5482 καί⁵
1443 5431 1798 5501 συμπτώσεσι

1909 5434 2219 5504 explicatur,
2264 5439 2349 5494 vel
2407 5438 2653 5494 vicissim
2715 5439 3116 5509 comprimitur,
3156 5457 3263 5496 una
3285 5457 3512 5498 secum-

213 5511 554 5579 mxtvoﬁaat
602 5513 666 5566 τὸ
724 5515 1053 5586 σπλάγχνον,
1092 5519 1191 5590 τὴν
1214 5519 1308 5573 τοῦ
1350 5521 1509 5594 ἀέρος
1547 5523 1712 5596 ὁλκήν
1739 5543 1799 5580 τε

1909 5527 2208 5607 pulmonem
2238 5544 2479 5596 movere,
2511 5537 2677 5600 atque
2718 5530 2824 5584 hoc
2856 5538 3017 5601 pacto
3053 5531 3284 5597 efﬁcere,
3333 5541 3394 5588 ut
3427 5536 3474 5589 is

213 5605 304 5656 καὶ
357 5605 604 5674 ἐμπνοὴν
655 5606 1072 5677 ἐκμηχανᾶσθαι
1115 5609 1194 5681 τῷ
1255 5612 1537 5685 πνεύμονι.
1583 5617 1798 5688 Ἀραιὸς

211 5695 320 5765 γάρ
377 5712 462 5758 τις
509 5695 586 5749 ὥν
619 5697 712 5750 καὶ
745 5697 1071 5771 πολύπορος,
1093 5703 1186 5755 καὶ
1229 5703 1408 5768 πάσας
1429 5705 1529 5769 τὰς
1555 5709 1614 5760 ἐν
1648 5709 1796 5780 αὐτῷ

216 5786 533 5857 κοιλότητας
551 5788 686 5860 πρὸς
708 5789 797 5845 τὸν
822 5790 1069 5865 πυθμένα
1084 5793 1182 5865 τῆς
1201 5795 1469 5868 ἀρτηρίας
1486 5801 1578 5855 ἁνε
1588 5818 1795 5874 στομω-

1903 5632 2084 5673 acrem
2133 5619 2409 5687 attrahat,
2444 5620 2809 5691 continuoque
2854 5621 3106 5690 spiritum
3157 5621 3342 5678 ducat.
3378 5623 3474 5678 Est

1901 5709 2048 5765 enim
2074 5710 2178 5766 hoc
2213 5711 2397 5766 viscus
2423 5727 2630 5778 rarum,
2663 5721 2718 5767 et
2747 5721 2959 5768 meatus
2985 5713 3314 5783 multiplices
3367 5715 3469 5767 ha-

1902 5802 2012 5869 bet,
2049 5801 2277 5875 ejusque
2307 5803 2594 5874 capedines
2643 5821 2832 5861 omnes
2885 5805 3040 5878 quasi
3085 5804 3335 5880 quaedam
3372 5820 3498 5888 per
