3886 6214
382 323 491 383 ΞΠ

1642 336 1703 393 S.
1744 336 2077 394 GREGORII
2114 339 2410 407 NYSSENI

3544 368 3657 432 248

378 440 566 499 oscula
603 440 659 497 in
683 445 895 501 arteriae
910 442 1138 501 fundum
1163 456 1381 505 exeunt.
1415 450 1602 524 Itaque
1623 468 1964 525 compressus

2080 457 2247 526 μένας
2274 459 2433 532 έχων,
2489 466 2913 538 συστελλόμενος
2953 473 3054 544 μὲν
3101 478 3197 534 καὶ
3225 482 3561 550 συμπίπτων
3594 485 3664 542 τὺ

380 535 609 603 arctius,
630 535 909 605 spiritum.
938 536 1032 608 qui
1062 542 1356 609 superatin
1390 543 1564 614 ipsius
1580 545 1961 615 capcdinihus,

368 628 740 697 exprimendo
772 632 930 699 quasi
957 632 1238 695 emittit;c
1289 636 1571 691 contrario
1594 638 1639 692 si
1670 637 1885 694 laxetur
1911 649 1965 695 et

381 716 680 793 aperiatur,
714 721 792 784 tit,
824 722 903 777 uti
928 732 1112 792 partes
1143 725 1322 796 ipsius
1350 741 1558 792 vacuas,
1593 744 1624 783 a
1647 745 1707 786 se
1732 730 1964 788 invicem

381 810 635 866 distentae
664 821 898 870 attracto
925 830 1051 871 aere
1087 818 1488 888 compleantur.
1520 819 1645 879 Haec
1676 832 1758 878 est
1790 823 1966 894 respi-

383 904 617 960 rationis
645 919 675 959 a
707 907 860 961 nullo
886 909 1173 993 pendentis
1198 911 1284 967 vel
1298 911 1534 973 consilio
1565 913 1651 969 vel
1684 913 1966 975 voluntate

380 1002 591 1061 nostra,
633 1011 820 1063 causa,
853 997 1114 1054 nimirum
1153 1001 1301 1072 quod
1327 1003 1542 1074 igneam
1593 1011 1846 1060 naturam
1882 1004 1967 1061 fas

379 1100 489 1143 non
509 1096 594 1143 est
623 1088 930 1159 quiescere.
958 1087 1110 1156 Quod
1143 1107 1269 1149 cum
1294 1092 1367 1159 ita
1391 1093 1485 1160 sit,
1520 1093 1831 1166 calorisque
1852 1095 1964 1167 jam

379 1182 508 1230 ante
536 1176 800 1247 originem
830 1179 885 1241 in
916 1180 1087 1235 corde
1105 1181 1372 1243 exsistere
1392 1186 1854 1259 perspexerimus,
1885 1188 1967 1244 id-

378 1266 530 1322 circo
559 1279 858 1341 perpetuus
889 1273 993 1331 hoc
1042 1272 1098 1337 in
1125 1275 1372 1341 membro
1399 1262 1598 1339 motus.
1648 1291 1966 1359 perpetuam

381 1358 546 1415 simul
593 1359 649 1416 in
702 1363 963 1435 pulmone
1011 1369 1432 1445 respirationem
1476 1370 1662 1433 ellicit.
1728 1373 1859 1429 Eam
1897 1374 1968 1429 ob

379 1466 604 1507 causam
639 1452 743 1510 hoc
774 1456 939 1511 etiam
975 1460 1250 1531 usuvenit,
1285 1468 1345 1521 ut
1369 1477 1496 1519 cum
1549 1463 1798 1521 intensus
1831 1480 1969 1535 prae—

382 1551 466 1633 ter
498 1555 746 1600 naturam
780 1549 930 1606 calor
974 1555 1213 1611 accrevit
1242 1555 1406 1627 (quod
1439 1558 1495 1615 in
1542 1558 1611 1615 iis
1667 1559 1761 1633 qui
1817 1558 1969 1616 febre

379 1632 651 1704 laborant,
686 1639 982 1713 videmus),
1013 1646 1292 1704 anhelatio
1323 1664 1543 1721 quoque
1595 1632 1842 1709 crebrior
1872 1653 1966 1717 sit,

379 1725 548 1790 corde
600 1731 761 1803 quasi
832 1731 1130 1793 festinante
1183 1738 1460 1795 internum
1510 1750 1705 1796 azstuiu
1757 1741 1961 1799 recenti

380 1833 508 1881 aere
555 1824 927 1896 exstinguere,
978 1827 1272 1887 Enimvero
1338 1841 1537 1895 natura
1596 1846 1785 1892 nostra
1836 1852 1962 1890 eum

380 1912 625 1969 omnium
654 1929 824 1987 egena
872 1919 967 1988 sit,
997 1927 1052 1975 et
1080 1922 1149 1977 ab
1175 1923 1245 1981 iis
1292 1926 1480 1992 rebus,
1508 1942 1630 1999 quae
1678 1942 1767 1982 res
1797 1929 1962 1983 vitam

381 2007 682 2076 coriitinent,
709 2011 867 2091 plane
899 2028 1005 2071 non
1036 2015 1330 2083 instructa,
1367 2034 1476 2074 non
1509 2034 1634 2075 aera
1666 2022 1829 2078 modo
1856 2023 1968 2093 spis

382 2097 660 2169 ritumque
713 2101 921 2157 nullum
1002 2108 1283 2175 pr0prium
1334 2108 1519 2175 habet,
1569 2112 1663 2181 qui
1727 2112 1964 2167 calorem

381 2191 606 2254 excitet.
632 2195 853 2263 quando
871 2196 1016 2251 hunc
1035 2199 1378 2257 extrinsecus
1408 2201 1473 2255 ad
1497 2205 1966 2259 conservationem

381 2286 559 2342 nostri
584 2302 799 2359 semper
836 2291 1157 2350 hauriemus
1183 2303 1417 2364 oportet,
1451 2311 1638 2351 verum
1668 2299 1831 2353 etiam
1867 2316 1965 2353 uu-

380 2382 703 2438 trimentum
750 2386 1087 2442 sustinenda:
1152 2391 1402 2459 corporis
1435 2391 1562 2444 moli
1600 2391 1818 2446 aliunde
1870 2409 1968 2447 ne-

381 2490 538 2539 cesse
595 2476 754 2532 habet
794 2494 1095 2535 arcessere.
1158 2480 1448 2552 Propterea
1504 2498 1735 2540 vacuum
1765 2499 1967 2554 corpus

380 2571 626 2627 vicissim
661 2581 787 2641 potu
822 2573 1054 2641 ciboque
1108 2574 1298 2642 replet,
1329 2590 1565 2644 cumque
1604 2576 1668 2630 ad
1700 2592 1857 2632 usum
1885 2577 1967 2630 iu-

381 2660 495 2717 dita
551 2662 711 2723 nobis
764 2672 848 2718 est
902 2662 1138 2719 facultas
1169 2666 1452 2735 attrahens
1508 2668 1562 2721 id
1615 2669 1763 2738 quod
1813 2667 1964 2731 deﬁt,

381 2759 639 2830 quodque
662 2767 886 2831 superat
922 2761 1226 2831 expellens,
1255 2761 1437 2818 cordis
1463 2762 1647 2818 calore
1676 2762 1775 2823 hac
1799 2765 1964 2818 etiam

383 2852 439 2907 iu
474 2860 628 2921 parte
651 2863 903 2911 naturam
941 2867 1052 2908 non
1083 2868 1275 2923 parum
1317 2854 1630 2925 adjuvante.
1664 2855 1798 2910 Nam
1839 2872 1964 2912 cum

383 2942 529 3006 inter
557 2941 800 3007 membra
819 2943 1007 2998 vitalia
1037 2958 1151 3009 cor,
1181 2950 1241 2997 ut
1266 2953 1351 3001 est
1408 2946 1706 3001 indicatum
1728 2985 1743 3010 ,
1778 2949 1967 3016 praecio

383 3049 550 3103 puum
572 3035 646 3093 sit
671 3045 726 3098 et
749 3036 1036 3101 eximium,
1075 3037 1275 3107 quippe
1301 3038 1449 3108 quod
1469 3040 1710 3094 membra
1748 3041 1963 3112 singula

2068 550 2462 651 ἐναπολειφθὲν
2517 562 2633 629 τοῖς
2695 562 2896 630 κοίλοις
2952 567 3174 641 πνεῦμα
3225 576 3347 628 κατ’
3406 577 3660 651 ἀνάγκην

2067 642 2339 740 ἐκπιέζων
2363 650 2636 721 προΐεται.
2680 653 3014 731 ’Υποχωρῶν
3056 662 3115 716 δὲ
3151 666 3247 720 καὶ
3275 642 3657 740 ἀνοιγόμενος,

2067 737 2370 799 ἐπισπᾶται
2390 743 2458 815 τῇ
2482 742 2765 799 διαστάσει
2816 749 2952 820 πρὸς
2990 751 3051 813 τί)
3091 754 3417 826 κενούμενον
3443 737 3533 814 διὰ

2066 829 2236 903 ὁλκῆς
2261 833 2354 889 τὸν
2387 836 2543 907 ἀέρα.
2578 839 2692 901 Καὶ
2710 838 2850 911 αὕτη
2875 842 2995 896 ἐστὶ
3015 845 3115 915 τῆς
3136 847 3498 923 ἀπροαιρέτου
3525 854 3658 908 sati.

2067 942 2168 996 της
2197 929 2475 1001 ἀναπνοῆς
2511 932 2681 999 αίτία,
2705 936 2737 1004 ἡ
2765 935 2861 989 τοῦ
2882 937 3143 1011 ἀτρεμεῖν
3168 940 3228 995 τὸ
3256 945 3499 1015 πυρῶδες
3518 947 3654 1009 ἀδυ-

2067 1018 2493 1093 ναμία.Ἐπειδὴ
2519 1024 2628 1097 γὰρ
2653 1024 2783 1087 ἴδιόν
2815 1029 2932 1087 ἐστι
2965 1029 3059 1083 τοῦ
3089 1031 3292 1104 θερμοῦ
3322 1038 3354 1107 ἡ
3387 1038 3526 1095 κατά
3556 1039 3661 1108 τὴν

2069 1110 2284 1182 κίνησιν
2315 1114 2590 1187 ἐνέργεια,
2614 1117 2807 1178 τούτου
2836 1119 2895 1181 δὲ
2922 1120 3025 1186 τὰς
3052 1123 3228 1194 ἀρχὰς
3255 1126 3315 1181 ἐν
3344 1129 3410 1198 τῇ
3460 1129 3661 1201 καρδίᾳ

2068 1206 2498 1279 κατενοήσαμεν,
2536 1208 2597 1265 τὺ
2646 1210 2894 1282 διηνεκὲς
2942 1214 3041 1285 τῆς
3081 1216 3140 1268 ὲν
3179 1214 3257 1286 τῷ
3282 1218 3440 1288 μέρει
3476 1220 3658 1290 τούτῳ

2069 1298 2335 1369 κινήσεως
2407 1298 2506 1372 τὴν
2556 1300 2898 1361 ἀδιάλειπτον
2932 1305 3025 1359 τοῦ
3062 1306 3224 1379 ἀέρος
3244 1311 3424 1380 ὁρμήν
3460 1329 3520 1364 τε
3560 1315 3661 1368 καὶ

2070 1389 2314 1461 ἐμπνοὴν
2371 1389 2460 1455 διὰ
2512 1391 2607 1449 τοῦ
2638 1394 2947 1467 πνεύματος
2994 1397 3388 1469 ἀπεργάζεται.
3437 1403 3528 1457 Διὸ
3562 1405 3661 1457 καὶ

2070 1483 2224 1553 παρά
2282 1484 2447 1554 φύσιν
2493 1487 2844 1554 ἐπιταθέντος
2876 1488 2970 1543 τοῦ
3035 1491 3343 1563 πυρώδους)
3373 1494 3436 1547 τὸ
3471 1489 3663 1565 ἆσθμα

2069 1576 2178 1633 τῶν
2212 1577 2612 1647 διακαιομένων
2637 1580 2716 1652 τῷ
2754 1581 2973 1653 πυρετῷ
3003 1583 3391 1656 συνεχέστερον
3418 1586 3655 1654 γίνεται,

2071 1665 2261 1739 ὥσπερ
2289 1669 2655 1742 ἐπειγομένης
2693 1673 2792 1743 τῆς
2848 1672 3074 1743 καρδίας
3108 1673 3199 1727 τὸν
3236 1676 3557 1747 ἐγκείμενον
3597 1679 3663 1730 ἐν

1997 1804 2041 1861 Β
2072 1762 2210 1833 αὐτῇ
2274 1762 2517 1834 φλογμὸν
2555 1763 2634 1834 τῷ
2680 1765 3004 1838 νεαρωτέρῳ
3044 1766 3315 1838 πνεύματι
3356 1769 3663 1823 κατασϐενς

2072 1854 2240 1911 νύειν.
2283 1855 2422 1913 Ἀλλ’
2455 1857 2643 1929 ἐπειδὴ
2676 1859 2908 1930 πενιχρά
2939 1859 3021 1924 τίς
3047 1861 3197 1914 ἐστιν
3221 1862 3381 1932 ἡμῶν
3405 1864 3439 1933 ἠ
3471 1862 3662 1932 φύσις,

2072 1947 2298 2011 καὶτῶν
2334 1949 2473 2021 πρὸς
2489 1950 2590 2018 τὴν
2612 1950 2749 2005 ίδίαν
2776 1950 3035 2006 σύστασιν
3063 1952 3155 2006 διὰ
3179 1953 3400 2008 πάντων
3414 1955 3661 2027 ἐπιδεὴς.

2071 2042 2172 2094 οὐκ
2197 2041 2357 2112 ἀέρος
2376 2042 2536 2112 μόνον
2569 2044 2699 2097 ἰδίου
2722 2045 3010 2114 πτωχεύει.
3030 2045 3124 2099 καὶ
3145 2044 3475 2115 πνεύματος,
3492 2046 3668 2102 τοῦτδ

2073 2131 2273 2202 θερμὸν
2297 2132 2674 2203 διεγείροντος,
2707 2132 2844 2204 ὅπερ
2867 2131 3065 2196 ἔξωθεν
3092 2131 3230 2203 πρὸς
3260 2132 3361 2204 τὴν
3386 2132 3482 2185 τοῦ
3505 2130 3653 2196 ζώου

2075 2222 2406 2293 συντήρησιν
2467 2222 2732 2293 διηνεκῶς
2796 2222 3183 2292 ἐπεισάγεταιο
3224 2222 3361 2277 ἀλλά
3405 2223 3499 2276 καὶ
3561 2222 3666 2295 τὴν

2075 2314 2460 2385 ὑπερείδουσαν
2484 2316 2575 2368 τὸν
2603 2315 2698 2369 τοῦ
2722 2314 2973 2387 σώματος
2998 2317 3162 2384 δγκον
3192 2314 3399 2387 τροφὴν
3433 2314 3669 2386 ἐπίκτη-

2072 2424 2163 2460 τον
2190 2407 2325 2477 ἔχει.
2359 2408 2459 2461 Διά
2511 2408 2669 2462 τοῦτο
2705 2409 2895 2473 σιτίοις
2917 2425 2978 2462 τε
3007 2408 3102 2463 καὶ
3144 2411 3327 2471 ποτοῖς
3360 2407 3672 2479 ἀναπληροῖ

2071 2499 2135 2552 τὸ
2179 2500 2375 2562 ἐνδέον,
2422 2501 2678 2572 ἑλκτικήν
2711 2519 2834 2556 τινα
2877 2501 2972 2555 τοῦ
2999 2501 3278 2562 λείποντος
3304 2498 3536 2569 δύναμιν
3567 2499 3669 2553 καὶ

2074 2592 2393 2665 ἀπωστικὴν
2442 2593 2539 2647 τοῦ
2584 2594 2995 2665 περιττεύοντος
3055 2593 3267 2646 ἐνθεῖσα
3301 2591 3380 2663 τῷ
3423 2590 3665 2663 σώματι.

2072 2684 2194 2737 οὐδὲ
2224 2686 2361 2756 πρὸς
2390 2685 2546 2740 τοῦτο
2565 2686 2659 2740 τοῦ
2680 2686 2970 2758 ἐγκαρδίου
2991 2687 3160 2758 πυρὸς
3190 2684 3392 2755 μικρὰν
3424 2703 3669 2756 παρεχο-

2076 2776 2238 2844 μένου
2259 2779 2325 2846 τῇ
2359 2776 2518 2846 φύσει
2545 2778 2883 2851 συνέργειαν.
2931 2777 3148 2849 Ἐπειδὴ
3195 2777 3306 2848 γὰρ
3346 2776 3405 2830 τὸ
3453 2778 3664 2848 κυριώ-

2072 2886 2231 2927 τατον
2263 2868 2369 2920 τῶν
2398 2868 2644 2933 ζωτικιῖΝ
2670 2871 2877 2942 μορίων
2917 2871 3061 2926 κατὰ
3090 2871 3180 2923 τὸν
3211 2869 3549 2924 ἀποδοθέντα
3575 2870 3665 2924 λό-

2072 2975 2168 3026 γον
2191 2961 2224 3029 ὴ
2250 2959 2447 3030 καρδία
2472 2961 2642 3022 ἐστὶν,
2668 2961 2801 3033 τί)τῷ
2818 2962 3007 3033 θερμῷ
3038 2963 3312 3035 πνεύματι
3330 2961 3667 3032 ζωπυροῦσι

2071 3048 2141 3102 τά
2173 3049 2508 3104 καθέκαστον
2529 3051 2691 3123 μέρη,
2716 3053 3053 3124 πανταχόθεν
3080 3055 3251 3128 αὐτὴν
3269 3055 3490 3126 ἐνεργὸν
3517 3049 3666 3109 εἶναι

382 3126 676 3197 spirituum
704 3127 890 3185 calore
932 3126 1097 3196 fovet,
1142 3129 1347 3185 idcirco
1399 3131 1574 3185 nostri
1620 3131 1825 3202 opiﬁcii
1863 3149 1964 3189 au-

2069 3139 2147 3211 τῷ
2161 3140 2434 3211 δραστικῷ
2454 3141 2554 3209 τῆς
2574 3140 2875 3212 δυνάμεως.
2893 3146 2922 3196 ὁ
2946 3144 3187 3216 πλάστης
3379 3146 3537 3216 ἐποίη
3547 3163 3665 3206 σεν.

382 3227 506 3275 etor
528 3220 660 3285 illud
692 3235 787 3290 per
843 3220 1026 3281 omnia
1081 3220 1271 3278 elﬁcax
1304 3237 1430 3283 esse
1487 3223 1745 3279 facultate
1774 3235 1966 3295 vegeta

383 3313 581 3375 voluit,
620 3328 689 3369 ne
715 3328 843 3383 pars
874 3313 1050 3382 ipsius
1081 3315 1191 3369 ulla
1224 3314 1360 3371 foret
1393 3316 1593 3382 otiosa,
1624 3319 1708 3375 vel
1737 3319 1871 3374 nihil
1900 3321 1969 3376 ad

381 3401 635 3473 corporis
653 3404 894 3459 universi
921 3404 1216 3465 utilitatem
1241 3407 1704 3465 subministraret.
1728 3409 1970 3482 Eamque

381 3496 454 3555 ob
482 3508 596 3559 rem
627 3493 938 3563 pulmonem
970 3497 1275 3566 posteriore
1309 3499 1394 3555 sui
1423 3508 1575 3570 parte
1621 3504 1967 3573 contingens,

381 3592 646 3655 perpetuo
688 3587 874 3652 viscus
927 3588 1032 3649 hoc
1088 3598 1240 3649 motu
1293 3593 1537 3656 attrahit,
1602 3609 1666 3650 ac
1722 3597 1968 3653 vicissim

381 3689 595 3743 meatus
640 3693 836 3743 omnes
888 3680 1054 3747 hujus
1101 3683 1186 3739 vel
1226 3683 1424 3741 hausto
1467 3702 1595 3743 aere
1621 3688 1834 3753 dilatat,
1884 3692 1968 3745 vel

380 3771 712 3835 remittendo
757 3773 905 3843 quod
951 3785 1107 3835 antea
1170 3788 1454 3847 receperat
1494 3781 1736 3845 expellit.
1803 3780 1969 3838 Parte

382 3870 566 3925 autem
597 3863 875 3921 anteriore
903 3865 1211 3931 stomacho,
1237 3882 1345 3936 qua
1373 3867 1420 3922 is
1438 3870 1682 3939 assurgit
1709 3871 1966 3937 maxime,

382 3956 688 4021 inhaerens.
722 3966 774 4019 et
809 3957 956 4021 fovet
996 3959 1164 4021 hunc,
1198 3969 1253 4019 et
1284 3961 1519 4018 habilem
1552 3963 1620 4017 ad
1652 3961 1969 4021 etlectiones

382 4063 515 4109 suas
544 4048 724 4113 reddit
759 4068 774 4103 :
824 4067 935 4111 non
977 4067 1090 4122 quo
1136 4053 1392 4122 spiritum
1442 4054 1536 4111 ille
1573 4056 1835 4121 attrahat,
1872 4058 1969 4113 sed

382 4143 775 4205 nutrimentum
814 4145 1063 4214 corporis
1125 4145 1374 4215 recipiat.
1422 4144 1557 4203 Nam
1590 4148 1784 4204 vicinae
1810 4149 1967 4219 quasi

389 4239 538 4297 fores
595 4244 746 4300 sunt.
782 4253 879 4309 per
928 4253 1066 4309 quas
1094 4245 1150 4295 et
1204 4238 1433 4306 spiritus
1475 4246 1529 4293 et
1566 4241 1965 4295 nutrimentum

383 4317 625 4387 hominis
652 4344 853 4399 corpus
903 4328 1304 4400 ingrediuntur.
1330 4328 1634 4402 Utrumque
1662 4334 1966 4388 membrum

383 4425 454 4478 ab
485 4423 597 4480 imo
621 4423 975 4490 coniunctum
1000 4422 1180 4488 alteri,
1217 4423 1517 4478 secundum
1566 4423 1963 4494 longitudinem

2067 3230 2143 3294 ὡς
2176 3232 2243 3286 ἂν
2273 3233 2439 3303 μηδὲν
2461 3233 2633 3304 αὐτῆς
2671 3234 2840 3306 μέρος
2880 3237 3161 3306 ἄπρακτόν
3182 3255 3242 3291 τε
3271 3241 3367 3293 καὶ
3394 3238 3666 3306 ἀνόνητον

2069 3323 2208 3393 πρὸς
2232 3324 2329 3395 τὴν
2353 3324 2448 3378 τοῦ
2509 3325 2715 3390 παντὸς
2777 3328 3092 3398 οἰκονομίαν
3125 3331 3533 3400 καταλειφθείη.
3564 3330 3667 3383 Διά

2068 3415 2227 3468 τοῦτο
2254 3417 2484 3471 κατόπιν
2532 3418 2633 3486 μὲν
2665 3418 2917 3473 ὑποὸᾶσα
2956 3420 3051 3474 τὸν
3089 3422 3401 3493 πνεύμονα.
3437 3421 3528 3475 διά
3558 3423 3668 3492 τῆς

2068 3507 2346 3577 διηνεκοῦς
2391 3511 2679 3582 κινήσεως,
2722 3511 3064 3568 καθέλκουσά
3101 3531 3160 3567 τε
3211 3515 3344 3586 πρὸς
3373 3515 3574 3585 ἑαυτὴν
3600 3516 3670 3568 τὸ

2072 3599 2399 3670 σπλάγχνον,
2429 3601 2713 3673 ἀνευρύνει
2743 3603 2880 3672 πρὸς
2900 3603 2998 3675 τὴν
3026 3605 3193 3677 ὁλκὴν
3217 3606 3312 3659 τοῦ
3340 3607 3502 3676 ἀέρος
3531 3606 3668 3672 τοὺς

2070 3691 2293 3762 πόρους,
2316 3691 2675 3763 ἀνοχλίζουσά
2700 3710 2760 3745 τε
2789 3693 2953 3747 πάλιν
2975 3696 3295 3750 ἐκπνεῖσθαι
3330 3696 3393 3750 τὸ
3434 3698 3663 3750 ἐναπει-

2069 3784 2343 3855 λημμένον
2365 3784 2796 3855 παρασκευάζει.
2848 3786 2937 3839 Ἐν
2966 3785 3024 3838 δὲ
3049 3789 3161 3850 τοίς
3179 3786 3490 3859 ἔμπροσθεν
3519 3790 3661 3842 ἐαυ-

2069 3876 2170 3945 τῆς
2203 3879 2542 3947 προσφυείσα
2567 3876 2646 3946 τῷ
2679 3877 2970 3947 χωρήματι
3000 3878 3100 3948 τῆς
3125 3879 3239 3932 ἄνω
3277 3881 3535 3950 γαστρὸς,
3568 3880 3661 3932 Ev-

2072 3966 2272 4039 θερμον
2297 3967 2490 4039 αὐτὴν,
2520 3967 2772 4038 καὶπρὸς
2797 3965 2894 4029 τάς
2922 3967 3055 4032 ίδίας
3095 3970 3372 4041 ἐνεργείας
3401 3972 3663 4040 κινουμέ-

2070 4076 2168 4129 νην
2193 4063 2371 4112 ποιεῖ’
2401 4060 2502 4112 οὐκ
2527 4061 2606 4123 εἰς
2636 4060 2945 4131 πνεύματος
2963 4061 3128 4137 ὁλκὴν
3142 4062 3521 4133 ἀνεγείρουσα,
3537 4062 3663 4115 ἀλλ’

2070 4154 2153 4215 εἰς
2207 4151 2475 4222 ὑποδοχὴν
2518 4153 2617 4223 τῆς
2656 4155 2994 4225 καταλλήλου
3025 4156 3251 4225 τροφῆς.
3292 4155 3527 4225 Πλησίον
3557 4157 3662 4225 μὲν

2071 4243 2180 4314 γὰρ
2209 4243 2517 4312 πεφύκασιν
2539 4243 2786 4314 ἀλλήλων
2815 4248 2873 4298 αί
2904 4246 3099 4300 εἴσοδοι
3134 4247 3229 4301 τοῦ
3253 4246 3565 4316 πνεύματός
3596 4265 3659 4301 τε

2070 4337 2163 4391 καὶ
2219 4337 2318 4405 τῆς
2374 4338 2609 4407 τροφῆςο
2641 4338 3122 4409 ἁντιπαρεξιοῦσαι
3143 4338 3201 4391 δὲ
3238 4338 3379 4390 κατά
3409 4337 3473 4389 τὸ
3512 4338 3656 4408 πρό-

2075 4444 2246 4498 μηκες
2278 4430 2312 4500 ἡ
2339 4429 2499 4498 ἑτέρα
2551 4430 2687 4501 πρὸς
2717 4429 2817 4501 τὴν
2858 4431 3072 4503 ἑτέραν,
3100 4430 3192 4483 καὶ
3223 4414 3301 4500 τῷ
3342 4429 3441 4498 ἴσῳ
3469 4429 3658 4501 μέτρῳ

381 4529 602 4571 sursum
641 4513 816 4573 tendit
850 4533 864 4569 :
920 4523 1187 4583 parteque
1233 4530 1487 4584 suprema
1522 4517 1607 4571 sui
1657 4531 1851 4573 rursus
1878 4533 1964 4572 eo-

2070 4520 2212 4572 κατά
2240 4519 2301 4571 τὸ
2330 4520 2441 4573 ἄνω
2474 4523 2984 4592 συναπαρτίζονται,
3008 4522 3149 4575 ὥστε
3172 4522 3268 4573 καὶ
3306 4519 3657 4589 συνεστομῶ-

380 4605 504 4661 dem
540 4605 661 4661 loco
684 4605 768 4661 sic
795 4613 1223 4670 connectuntur,
1242 4608 1479 4662 utetiam
1500 4607 1743 4676 ipsorum
1773 4609 1964 4664 oscula

380 4696 731 4761 conveniant,
770 4695 1155 4753 desinentibus
1210 4698 1396 4753 inore
1440 4708 1632 4755 nostro
1678 4702 1961 4756 amborum

378 4787 547 4842 veluti
562 4787 871 4850 canalibus,
903 4803 1141 4857 quorum
1179 4788 1317 4844 alter
1345 4789 1666 4846 alimentum
1690 4793 1961 4862 corporis,

2070 4608 2193 4671 σθαι
2215 4609 2351 4680 πρὸς
2368 4610 2620 4680 ἀλλήλας,
2640 4613 2734 4665 καὶ
2750 4614 2832 4665 ἐνὶ
2850 4613 3078 4683 στόματι
3093 4614 3217 4676 τοὺς
3233 4613 3436 4684 πόρους
3455 4613 3655 4664 ἐναποο

2066 4700 2273 4771 λήγειν,
2291 4701 2413 4754 ὅθεν
2433 4701 2510 4771 τῷ
2529 4702 2629 4772 μὲν
2641 4703 2737 4772 τῆς
2753 4703 2978 4774 τροφῆς,
2997 4703 3076 4772 τῷ
3091 4703 3147 4756 δὲ
3169 4702 3264 4755 τοῦ
3280 4701 3591 4771 πνεύματος
3615 4703 3649 4773 ἠ

2065 4792 2269 4856 εἴσοδος
2291 4794 2519 4861 γίνεται.
2566 4794 2704 4847 Ἀλλ’
2725 4796 2817 4847 ἐπὶ
2848 4796 2911 4848 τὸ
2951 4795 3114 4865 βάθος
3142 4794 3326 4847 οὐκέτι
3356 4794 3651 4859 διαπαντὸς

379 4879 516 4933 alter
540 4880 791 4950 spiritum
824 4880 1158 4935 intromittit.
1187 4881 1297 4935 lma
1326 4882 1543 4950 quidem
1573 4884 1626 4937 iu
1660 4891 1812 4954 parte
1836 4894 1963 4940 tan-

2069 4884 2128 4937 τὸ
2158 4887 2431 4955 προσφυὲς
2482 4887 2786 4958 παραμένει
2816 4888 2917 4957 τῆς
2973 4887 3237 4955 συζυγίας
3287 4886 3399 4939 τῶν
3440 4887 3647 4957 πόρων.

378 4971 504 5024 dem
522 4970 638 5027 haec
665 4981 940 5026 meatuuut
966 4971 1286 5041 coujunctio
1301 4973 1644 5029 dissolvitur.
1672 4976 1782 5030 Cor
1811 4977 1960 5032 enim

378 5063 501 5117 loco
536 5062 680 5117 inter
708 5063 1071 5118 ventriculum
1128 5064 1555 5135 pulmonemquc
1593 5068 1772 5122 medio
1821 5068 1958 5123 insi-

378 5150 536 5213 dens,
567 5151 696 5206 huic
732 5153 952 5220 quidem
983 5153 1311 5222 respirandi,
1345 5154 1420 5208 illi
1470 5170 1601 5211 vero
1635 5159 1955 5216 nutrimenti

378 5240 705 5299 conﬁciendi
739 5242 1055 5299 facultatem
1096 5245 1348 5315 largitur.
1395 5244 1530 5300 Nam
1562 5248 1777 5318 igneum
1813 5253 1959 5320 quod

376 5340 485 5396 est,
520 5333 602 5387 sic
632 5348 663 5385 a
720 5344 918 5389 natura
964 5344 1052 5390 est
1103 5345 1506 5408 comparatum,
1566 5348 1625 5394 ut
1677 5344 1959 5398 materiem

377 5423 535 5493 quasi
574 5422 875 5481 intuentum
907 5436 1114 5495 quaarat
1150 5448 1164 5482 :
1198 5430 1250 5482 id
1276 5430 1422 5499 quod
1456 5430 1621 5484 etiam
1651 5433 1757 5487 cibi
1809 5450 1961 5489 recu—

378 5517 599 5586 ptaculo
634 5520 924 5574 usuvcniat
958 5538 1182 5578 necesse
1214 5534 1319 5577 est.
1343 5524 1561 5589 Quanto
1612 5528 1757 5579 enim
1789 5529 1960 5598 magis

375 5605 450 5661 ob
477 5608 680 5664 caloris
723 5609 1058 5666 vicinitatem
1102 5612 1356 5681 ignescit.
1404 5622 1561 5669 tanto
1604 5618 1819 5675 avidius
1894 5635 1955 5674 ea

377 5710 502 5755 eum
539 5698 709 5755 calori
762 5700 1053 5755 nutriendo
1087 5712 1234 5767 sunt,
1293 5706 1539 5771 attrahit,
1599 5720 1788 5777 estque
1831 5711 1958 5765 huic

385 5793 595 5851 naturae
625 5789 911 5858 cupiditati
940 5798 1137 5848 nomen
1176 5794 1406 5849 inditum
1439 5798 1732 5866 appetitus.

2071 4975 2222 5046 Μέση
2252 4977 2359 5048 γάρ
2398 4977 2499 5047 τῆς
2531 4979 2808 5049 ἑκατέρων
2836 4978 2999 5047 ἕδρας
3036 4979 3070 5046 ἡ
3109 4977 3308 5048 καρδία
3360 4994 3652 5047 παρεμπεο

2054 5069 2257 5142 causa,
2285 5069 2364 5139 τῷ
2403 5070 2500 5140 μὲν
2532 5071 2667 5141 πρὸς
2693 5069 3001 5141 ἀναπνοὴν,
3035 5068 3114 5139 τῷ
3156 5068 3214 5121 δὲ
3242 5068 3380 5140 πρὸς
3416 5067 3648 5139 τροφὴν,

2067 5162 2165 5225 τὰς
2207 5161 2462 5231 δυνάμεις
2505 5161 2798 5231 ἐντίθησιν.
2855 5161 3073 5228 Πέφυκε
3131 5159 3240 5229 γὰρ
3289 5159 3349 5212 τὸ
3396 5159 3650 5228 πυρῶδες

2068 5253 2346 5322 ἐπιζητεῖν
2377 5252 2474 5324 τὴν
2514 5252 2917 5305 ὑπεκκαίουσαν
2944 5250 3098 5321 ὓλην,
3144 5250 3174 5303 ὃ
3201 5251 3267 5320 δὴ
3301 5250 3396 5303 καὶ
3425 5251 3555 5320 περὶ
3586 5251 3651 5304 τὸ

2067 5345 2271 5413 δοχεϊον
2307 5345 2406 5415 τῆς
2452 5345 2655 5414 τροφῆς
2689 5343 2809 5398 κατ’
2853 5343 3098 5412 ἀνάγκην
3144 5341 3453 5411 συμϐαίνει.
3497 5344 3651 5413 Ὂσῳ

2070 5437 2177 5505 γὰρ
2214 5435 2457 5505 ἔμπυρον
2503 5434 2592 5488 διὰ
2634 5435 2735 5503 τῆς
2781 5434 3019 5502 γείτονος
3064 5436 3270 5504 γίνεται
3304 5435 3648 5507 θερμασίας,

2067 5526 2308 5597 τοσούτῳ
2356 5526 2554 5597 μᾶλλον
2606 5526 2893 5595 ἐφέλκεται
2942 5526 3011 5578 τὰ
3074 5526 3137 5579 τὸ
3169 5526 3372 5597 θερμὸν
3421 5526 3655 5595 ὁποτρὲς

2068 5636 2251 5688 φοντα·
2279 5620 2374 5691 τὴν
2400 5621 2453 5673 δὲ
2488 5621 2740 5690 τοιαύτην
2772 5620 2968 5692 ὁρμὴν,
3002 5619 3180 5691 ὄρεξιν
3209 5616 3570 5689 ὀνομάζομεν.
