3886 6214
208 365 330 430 319

1427 389 1512 444 DE
1547 389 1833 447 HOMINIS
1865 391 2181 450 OPIFiCIO.

3367 413 3476 467 εδει

287 492 351 545 Εἰ
385 493 443 548 δὲ
485 498 868 570 περιδράξαιτο
893 503 994 572 τῆς
1017 505 1292 578 ἀρκούσης
1327 509 1458 581 ὕλης
1490 511 1550 563 τὸ
1574 529 1774 582 περιεκ·

1965 515 2120 582 Quod
2161 517 2206 571 si
2249 519 2552 574 membrum
2586 535 2698 590 quo
2735 522 2894 578 cibus
2927 525 3264 590 continetur,
3302 538 3473 582 mute-

209 584 368 638 τικὺν
415 589 518 659 τῆς
552 593 778 662 τροφῆς,
811 595 932 649 οὐδὲ
961 597 1134 662 οὕτως
1173 603 1370 671 ἠρεμεῖ
1406 603 1500 656 τοῦ
1553 605 1726 676 πυρὸς
1761 607 1796 676 ἠ

211 676 490 748 ἐνέργεια.
551 683 710 736 Ἀλλά
755 687 1008 759 καθάπερ
1041 692 1099 743 ἐν
1141 695 1496 766 χωνευτηρίῳ
1545 696 1795 767 σύντηξιν

208 785 334 822 τινα
375 773 478 842 τῆς
513 773 645 852 ὕλης
682 782 862 845 ποιεῖ,
897 783 991 834 καὶ
1039 783 1191 836 διαλύ
1205 803 1346 840 σασα
1383 788 1452 841 τὰ
1489 790 1796 844 συνεστῶτα

209 863 307 914 καὶ
327 863 627 934 ἀναχέασα.
650 869 901 944 καθάπερ
930 876 995 926 ὲκ
1021 877 1223 948 χοάνης
1247 879 1392 943 τινὸς
1408 884 1636 950 μεταχεῖ
1659 881 1798 952 πρὸς

207 954 340 1016 τοὺς
388 957 588 1028 ἐφεξῆς
625 961 844 1034 πόρους.
889 960 1023 1018 Εἶτα
1061 966 1122 1019 τὸ
1169 969 1651 1042 παχυμερέστερον
1698 972 1794 1024 τοῦ

209 1042 542 1114 εἰλικρινοῦς
587 1047 944 1121 διακρίνασα,
995 1054 1058 1106 τὸ
1098 1055 1198 1124 μὲν
1247 1057 1444 1112 λεπτὸν
1489 1057 1555 1110 δι’
1589 1058 1794 1128 ὀχετῶν

207 1157 374 1194 τινων
402 1144 495 1196 ἐπὶ
521 1145 620 1208 τὰς
648 1145 742 1198 τοῦ
770 1146 980 1216 ἥπατος
1006 1149 1127 1218 ἄγει
1153 1150 1328 1214 πύλας
1348 1166 1362 1186 ο
1397 1149 1497 1220 τὴν
1527 1149 1585 1202 δὲ
1615 1147 1790 1220 ὑλώδη

205 1232 310 1300 τῆς
339 1236 552 1306 τροφῆς
597 1236 978 1309 ὑποστάθμην,
1017 1243 1099 1304 είς
1139 1242 1265 1305 τοὺς
1313 1240 1792 1312 εὐρυχωροτέρους

207 1325 318 1376 τῶν
350 1325 592 1396 ἐντέρων
623 1327 823 1398 πόρους
851 1328 1129 1397 ἀπώσατο,
1163 1331 1258 1384 καὶ
1290 1333 1403 1394 τοῖς
1433 1330 1792 1400 πολυτρόποις

205 1415 392 1467 αὐτῶν
423 1417 668 1488 ἑλιγμοῖς
707 1419 1120 1491 ἀναστρέφουσα
1158 1421 1334 1492 χρόνῳ
1359 1461 1374 1485 ,
1415 1420 1789 1494 παρακατέχει

202 1506 308 1574 τὴν
337 1507 554 1578 τροφὴν
577 1511 690 1572 τοῖς
729 1510 1076 1582 σπλάγχνοις,
1107 1514 1185 1576 ὡς
1211 1513 1278 1570 ἂν
1306 1513 1380 1585 μὴ
1419 1513 1487 1567 δι’
1520 1513 1788 1583 εὐθύτητα

201 1595 300 1648 τοῦ
325 1598 498 1667 πόρου
535 1599 732 1669 ῥᾳδίως
769 1602 1200 1672 ἀποσαλόμενον,
1228 1604 1392 1668 εὐθὺς
1416 1605 1696 1674 ἁνακινοίη
1725 1604 1788 1658 τὸ

205 1685 350 1748 ζῶον
379 1689 520 1758 πρὸς
559 1689 756 1760 ὄρεξιν,
787 1695 882 1746 καὶ
917 1694 1188 1764 μηδέποτε
1220 1695 1450 1750 παύοιτο
1477 1697 1578 1766 τῆς
1611 1695 1786 1749 τοιαύ-

199 1796 302 1850 της
337 1782 598 1852 ἀσχολίας
637 1785 777 1839 κατά
805 1785 904 1856 τὴν
943 1787 1054 1840 τῶν
1079 1787 1289 1857 ἀλόγων
1317 1788 1480 1858 φύσιν
1507 1792 1534 1842 ὀ
1569 1789 1784 1860 ἄνθρω-

1900 609 1998 662 riei
2025 609 2163 663 satis
2185 609 2300 678 jam
2337 613 2724 681 prehenderit,
2775 630 2886 668 non
2917 625 3095 670 tamen
3129 618 3273 687 ignis
3299 620 3470 673 vicini

1899 700 2136 753 cessabit
2170 703 2336 756 actio.
2385 701 2520 757 Nam
2571 705 2977 775 colliquefaciet
3023 711 3304 763 materiem
3347 719 3469 764 tau-

1897 805 2060 859 quam
2095 793 2148 845 in
2181 807 2312 848 vase
2347 793 2622 864 liquandis
2659 798 2821 852 rebus
2851 808 2996 869 apto,
3039 814 3272 868 cumque
3297 807 3464 854 cruda

1895 889 1950 936 et
1994 883 2322 939 cohaerentia
2361 887 2671 957 digesserit,
2705 889 2958 959 interque
2995 905 3055 944 se
3097 905 3463 946 commiscue-

1895 973 1986 1038 rit,
2037 977 2316 1044 proximos
2380 978 2435 1031 in
2469 986 2680 1034 meatus
2729 993 2792 1034 ea
2831 980 2990 1050 quasi
3039 997 3137 1052 per
3185 983 3462 1052 quoddam

1895 1064 2298 1122 infundibulum
2354 1069 2596 1137 dejiciet.
2657 1069 2863 1126 Deinde
2923 1074 3152 1128 secretis
3212 1075 3466 1144 utrinque

1893 1159 2157 1228 partibus,
2197 1175 2322 1214 cum
2366 1161 2433 1217 iis
2474 1177 2594 1232 quae
2618 1165 2938 1226 crassiores,
2975 1172 3088 1218 tum
3115 1181 3236 1234 quae
3276 1167 3464 1235 purio-

1893 1265 1981 1305 res
2020 1261 2168 1313 sunt,
2204 1259 2398 1308 tenues
2441 1254 2605 1309 hasce
2637 1271 2734 1324 per
2756 1257 3019 1325 quosdam
3047 1258 3206 1326 quasi
3241 1257 3462 1312 canales

1893 1343 1958 1396 ad
2003 1343 2269 1412 jecinoris
2305 1345 2444 1399 ostia
2483 1345 2728 1400 deducit.
2772 1347 3134 1402 Subsidentt-s
3173 1356 3356 1404 autem
3405 1358 3460 1404 ct

1889 1448 2108 1489 crassas
2136 1434 2190 1488 in
2222 1436 2556 1490 nutrimento
2591 1437 2751 1494 faeces
2793 1439 2846 1492 in
2879 1441 3168 1510 capaciora
3199 1441 3460 1498 intestina

1890 1523 2152 1590 detrudit,
2207 1540 2272 1579 ac
2310 1541 2408 1596 per
2439 1527 2761 1597 multiplicia
2794 1529 2986 1584 horum
3017 1531 3292 1584 volumina
3339 1546 3459 1586 ver-

1889 1627 2038 1673 satas
2124 1617 2436 1688 aliquandiu
2465 1616 2665 1672 retinet
2713 1659 2728 1684 ,
2771 1623 2970 1690 partim
3025 1630 3083 1676 ut
3123 1623 3190 1677 de
3225 1623 3308 1678 his
3341 1624 3456 1694 ipsa

1887 1713 2048 1766 etiam
2083 1711 2295 1766 viscera
2327 1711 2576 1766 nonnihil
2602 1713 2919 1766 nutrimenti
2951 1713 3229 1778 hauriant,
3259 1715 3454 1784 partim

1887 1818 1976 1866 ne,
2003 1803 2046 1855 si
2077 1817 2172 1871 per
2207 1810 2419 1856 meatus
2445 1812 2619 1856 rectos
2653 1801 3002 1870 dejieiantur,
3035 1803 3298 1857 continuo
3336 1820 3456 1858 mo-

201 1889 326 1934 πος.
366 1874 520 1932 Ἐπεὶ
551 1875 608 1928 δὲ
632 1877 724 1928 καὶ¹
749 1877 828 1947 τῷ
858 1879 1030 1948 ἥπατι
1066 1880 1302 1948 μάλιστα
1333 1881 1430 1950 τῆς
1457 1880 1550 1933 τοῦ
1579 1879 1774 1950 θερμοῦ

1888 1894 2023 1948 lesta
2068 1894 2226 1949 nobis
2259 1894 2520 1962 appetitio
2565 1896 2884 1948 nutrimenti
2938 1895 3028 1960 sit,
3087 1905 3141 1950 et
3175 1911 3454 1966 nunquam

201 1965 500 2034 συνεργίας
551 1962 620 2036 ἧν
659 1969 818 2038 χρεία
863 1970 1000 2040 πρὸς
1034 1973 1132 2039 τὴν
1177 1971 1288 2024 τῶν
1329 1972 1512 2042 ὑγρῶν
1559 1970 1786 2038 ἐξαιμάη

199 2072 388 2118 τωσιν,
419 2057 697 2128 ἀφέστηκε
727 2059 786 2112 δὲ
817 2060 978 2114 τοῦτο
1009 2063 1110 2128 τῆς
1135 2063 1362 2132 καρδίας
1394 2063 1534 2118 κατὰ
1566 2063 1664 2133 τὴν
1699 2063 1786 2115 θέ-

203 2163 286 2199 σιν
319 2148 338 2216 (
357 2147 422 2201 οὐ
451 2150 560 2220 γὰρ
581 2145 676 2220 ἦν,
712 2147 886 2222 οἶμαι,
910 2152 1136 2206 δυνατὸν
1157 2155 1332 2224 ἀρχὴν
1357 2172 1480 2208 τινα
1505 2157 1598 2208 καὶ
1625 2155 1784 2226 ῥίζαν

201 2237 440 2308 ζωτικῆς
475 2236 644 2294 οὖσαν
687 2241 1010 2312 δυνάμεως,
1060 2245 1188 2314 περὶ
1233 2246 1334 2314 τὴν
1377 2246 1567 2316 ἑτέραν
1607 2247 1784 2316 ἀρχὴν

201 2333 702 2406 στενοχωρεῖσθαι),
725 2334 801 2397 ὡς
832 2335 898 2388 ἂν
934 2336 1007 2405 μή
1051 2353 1104 2388 τι
1141 2336 1242 2406 τῆς
1285 2338 1594 2406 οἰκονομίας
1623 2338 1682 2389 έν
1714 2340 1778 2408 τῇ

196 2424 500 2477 ἀποστάσει
538 2425 638 2494 τῆς
692 2425 1066 2496 θερμαντικῆς
1118 2427 1306 2491 οὐσίας
1351 2428 1733 2498 παραϐλαὸείη
1759 2445 1772 2460 ·

198 2513 366 2578 πόρος
403 2515 678 2585 νευρώδης
705 2517 725 2582 (
741 2517 978 2586 ἀρτηρία
1005 2517 1062 2568 δὲ
1089 2517 1246 2570 τοῦτο
1287 2518 1438 2587 παρὰ
1463 2519 1572 2570 τῶν
1600 2517 1776 2572 ταῦτα

197 2606 382 2674 σοφῶν
429 2605 790 2678 ὀνομάζεται)
833 2607 1231 2677 ἀναδεξάμενος
1280 2609 1378 2679 τῆς
1439 2608 1662 2680 καρδίας
1714 2609 1778 2662 τὸ

191 2695 444 2765 ἔμπυρον
477 2695 695 2766 πνεῦμα
719 2736 734 2761 ,
768 2697 924 2768 φέρει
961 2697 1114 2768 παρὰ
1145 2697 1208 2750 τὸ
1242 2693 1428 2772 ἧπαρ,
1463 2697 1627 2752 αὑτοῦ
1673 2717 1776 2752 που

189 2784 350 2854 ποιρά
377 2785 476 2856 τὴν
517 2786 721 2842 εἴσοδον
763 2788 872 2841 τῶν
901 2788 1086 2858 ὑγρῶν
1127 2791 1640 2858 συνεστομωμένος,
1681 2789 1776 2844 καὶ

188 2876 468 2940 ἁναξέσας
494 2877 584 2932 διὰ
617 2879 718 2948 τῆς
764 2879 1098 2949 θερμότητος
1129 2879 1228 2949 τὴν
1255 2880 1542 2949 ὑγρασίαν,
1577 2881 1774 2932 ἐναποη

187 2967 404 3022 τίθεταί
449 2986 504 3020 τι
537 2967 614 3038 τῷ
648 2968 798 3040 ὑγρῷ
834 2970 933 3040 τῆς
975 2969 1070 3023 τοῦ
1103 2971 1276 3040 πυρὸς
1310 2972 1662 3039 συγγενείας,
1706 2975 1774 3043 τῇ

191 3057 476 3128 πυροειδεί
522 3059 660 3128 χρόᾳ
698 3059 762 3111 τὸ
791 3059 886 3114 τοῦ
917 3061 1148 3130 αἵματος
1181 3058 1316 3123 εἶδος
1363 3062 1769 3130 καταφοινίξας.

190 3147 330 3204 Εἶτα
363 3149 588 3202 ἐκεῖθεν
637 3151 1050 3222 ἀφορμηθέντες
1081 3152 1289 3222 δίδυμοί
1319 3170 1464 3216 τινες
1493 3153 1689 3222 ὀχετοὶ,
1713 3155 1775 3208 τὺ

187 3241 396 3292 οἰκεῖον
439 3240 700 3312 ἑκάτερος
749 3241 1115 3312 σωληνοειδῶς
1171 3244 1518 3314 περιέχοντες
1555 3245 1774 3318 πνεῦμά

185 3349 253 3384 τε
298 3333 392 3383 καὶ
442 3327 620 3402 αἷμα,
671 3331 748 3394 ὡς
789 3332 856 3390 ἂν
903 3333 1236 3404 εὑπόρευτον
1307 3334 1434 3405 εἴη,
1485 3335 1546 3388 τὸ
1600 3337 1766 3407 ὑγρόν

187 3441 252 3476 τε
295 3423 392 3476 τοῦ
444 3423 652 3494 θερμοῦ
699 3425 914 3495 κινήσει
969 3425 1379 3497 συμπαροδεῦον
1425 3427 1519 3479 καὶ
1581 3445 1772 3496 κουφι-

187 3513 450 3582 ζόμενον,
515 3515 599 3582 ἐφ’
657 3513 804 3570 ἅπαν
857 3513 921 3566 τὸ
983 3513 1143 3584 σῶμα
1209 3515 1543 3586 πολυσχιδῶς
1611 3535 1774 3572 κατα-

189 3604 536 3674 σπείρονται,
573 3603 655 3666 εἰς
689 3604 890 3676 μυρίας
921 3604 1126 3674 ὀχετῶν
1159 3607 1333 3680 ἀρχάς
1361 3625 1422 3666 τε
1463 3609 1558 3662 καὶ
1588 3609 1774 3679 διαφύ-

187 3713 302 3759 σεις
357 3695 502 3748 κατά
544 3697 654 3750 πᾶν
707 3699 872 3766 μέρος
922 3697 1338 3769 διασχιζόμενοι.
1382 3701 1674 3770 Μιχθείσαι
1714 3704 1772 3758 δὲ

187 3788 328 3858 πρὸς
361 3787 599 3856 ἀλλήλας
629 3787 740 3842 τῶν
765 3789 1011 3853 ζωτικῶν
1039 3791 1322 3861 δυνάμεων
1353 3794 1407 3846 ai
1439 3793 1533 3850 δύο
1569 3795 1768 3864 ἀρχαὶ,

181 3879 220 3948 ἦ
249 3895 312 3930 τε
335 3879 400 3931 τὸ
439 3879 640 3950 θερμὸν
687 3882 936 3952 πανταχῆ
975 3883 1116 3938 κατά
1159 3885 1221 3936 τὸ
1257 3885 1416 3954 σῶμα
1439 3927 1454 3951 ,
1503 3889 1598 3940 καὶ
1637 3891 1669 3958 ή
1711 3890 1771 3944 τὸ

183 3970 360 4040 ὑγρὸν
391 3971 784 4042 ἐπιπέμπουσα
805 4013 820 4035 ,
847 3973 1100 4044 καθάπερ
1137 3976 1258 4030 τινὰ
1291 3978 1580 4048 ὃανεισμὸν
1600 3983 1770 4048 ἁναγη

183 4063 344 4112 καῖον
374 4063 440 4112 ὲκ
466 4061 576 4115 τῶν
613 4063 829 4116 οἰκείων
857 4067 924 4134 τῇ
955 4067 1379 4139 ἁρχηγικωτέρᾳ
1405 4071 1505 4139 τῆς
1533 4073 1770 4141 ζωτικῆς

181 4154 500 4222 οἰκονομίας
546 4153 774 4225 δυνάμει
811 4155 1238 4228 δωροφοροῦσιν.
1289 4163 1445 4216 Ἐστι
1477 4165 1521 4216 δ’
1565 4165 1767 4237 αὖτηὴ

181 4245 330 4300 κατὰ
356 4245 458 4309 τὰς
489 4248 762 4316 μήνιγγας
803 4251 898 4302 καὶ
924 4251 1016 4304 τὸν
1055 4253 1358 4322 ἐγκέφαλον
1389 4255 1762 4327 θεωρουμένη,

181 4337 280 4404 ἀφ’
325 4334 398 4409 ἧς
437 4339 587 4392 πᾶσα
639 4339 738 4410 μὲν
779 4340 982 4412 ἄρθρου
1027 4344 1274 4415 κίνησις,
1319 4349 1469 4400 πᾶσα
1511 4348 1570 4400 δὲ
1616 4349 1766 4418 μυῶν

183 4429 420 4503 συνολκὴ
443 4473 458 4492 ,
501 4433 608 4485 πᾶν
637 4433 696 4485 δὲ
734 4437 1116 4506 προαιρετικὸν
1149 4440 1366 4508 πνεῦμα
1395 4441 1492 4494 καὶ
1523 4444 1636 4506 τοῖς
1667 4461 1767 4498 κα-

1886 2000 1994 2038 non
2031 1985 2084 2038 in
2120 2001 2184 2039 eo
2231 1987 2586 2053 acquirendo,
2631 1988 2952 2042 animalium
2985 1989 3216 2042 rationis
3255 2005 3452 2059 exper-

1885 2080 2017 2129 tium
2057 2093 2234 2138 more,
2277 2077 2556 2131 hominum
2608 2087 2908 2146 occupetur
2962 2095 3148 2148 opera.
3207 2080 3454 2150 Cumque

1878 2171 2115 2237 jocinori
2152 2171 2318 2223 etiam
2367 2171 2717 2225 necessarius
2749 2171 2816 2224 ad
2861 2172 3310 2225 commutandutn
3363 2189 3454 2226 res

1883 2261 2139 2315 humidas
2161 2261 2216 2314 in
2245 2261 2594 2330 sanguinem,
2625 2261 2826 2317 caloris
2867 2278 3000 2318 usus
3035 2263 3196 2327 foret,
3235 2264 3452 2318 abesset

1881 2363 2061 2405 autem
2117 2352 2419 2404 membrum
2478 2351 2580 2404 hoc
2624 2349 2734 2405 situ
2791 2367 2892 2406 suo
2939 2353 3158 2421 longius
3198 2368 3226 2406 a
3261 2355 3452 2414 corde.

1881 2451 2166 2511 propterea
2195 2442 2336 2510 quod
2363 2441 2584 2496 minime
2613 2443 2973 2498 conveniebat
3000 2459 3114 2510 cor,
3139 2445 3282 2513 quod
3311 2446 3455 2514 prin-

1880 2536 2080 2602 cipium
2111 2542 2166 2588 et
2195 2534 2348 2586 radix
2379 2533 2658 2588 facultatis
2687 2535 2871 2589 vitalis
2896 2546 3060 2596 esset,
3087 2537 3324 2592 arctiorc
3357 2554 3454 2606 per

1879 2625 2214 2678 vicinitatem
2251 2625 2371 2678 loco
2402 2625 2560 2679 alteri
2589 2625 2715 2680 vitae
2759 2627 3030 2698 principio
3065 2630 3346 2700 conjungi,
3383 2647 3454 2685 ne

1878 2716 2007 2785 quid
2041 2717 2112 2770 ob
2153 2717 2356 2770 caloris
2395 2718 2716 2771 distantiam
2752 2719 3061 2774 detrimenti
3096 2721 3255 2774 nobis
3305 2724 3453 2776 acci-

1877 2809 2052 2870 deret,
2085 2817 2296 2864 meatus
2323 2825 2554 2865 nerveus
2583 2811 2766 2880 (quem
2801 2811 2960 2882 periti
3001 2812 3168 2880 hujus
3188 2813 3452 2867 doctrinm:

1877 2903 2132 2958 arteriam
2157 2907 2374 2960 vocant)
2398 2903 2656 2957 haustum
2677 2903 2744 2957 de
2763 2903 2930 2958 corde
2953 2904 3204 2971 spiritum
3231 2904 3448 2973 igneum

1876 2995 1942 3046 ad
1987 2995 2151 3063 hepar
2190 2993 2386 3058 defert,
2434 3001 2600 3063 atque
2654 2995 2769 3048 haec
2822 2995 3043 3062 quidem
3093 2996 3290 3048 arteria
3329 2997 3452 3049 loco

1878 3099 2044 3153 prope
2086 3085 2300 3146 eodem,
2335 3095 2445 3152 Quo
2477 3081 2699 3137 humida
2727 3083 3090 3154 recipiuntur,
3131 3085 3310 3154 hepati
3363 3087 3450 3138 in-

1877 3176 2100 3235 seritur,
2131 3174 2313 3242 itaque
2347 3173 2532 3228 calore
2561 3189 2662 3228 suo
2693 3172 2818 3227 facit
2847 3181 2904 3226 ιιι
2934 3174 3156 3228 humida
3187 3177 3450 3244 ferveant,

1875 3263 2131 3334 quiddam
2172 3279 2296 3318 cum
2351 3265 2430 3319 eis
2487 3265 2600 3333 igni
2650 3273 2946 3332 cognatum
3010 3267 3447 3330 communicatis,

1875 3368 1984 3422 quo
2013 3353 2070 3406 tit
2098 3354 2172 3406 uti
2211 3353 2436 3423 sanguis
2468 3354 2630 3423 igneo
2665 3355 2849 3409 colore
2883 3371 3192 3426 respersus,
3241 3373 3448 3429 purpu-

1875 3461 2000 3500 reus
2042 3445 2286 3500 exsistat.
2329 3445 2458 3500 Inde
2509 3461 2702 3500 rursus
2749 3447 2926 3501 exorti
2961 3449 3162 3518 gemini
3223 3451 3448 3519 quidam

1873 3538 2034 3592 rivuli
2072 3537 2274 3593 tubulis
2319 3539 2657 3603 consimiles,
2703 3555 2938 3609 quorum
2979 3541 3121 3596 alius
3167 3543 3444 3610 spiritum,

1874 3631 2193 3699 sanguinem
2215 3630 2358 3684 alius
2374 3631 2620 3684 continet
2643 3632 3078 3702 (coniunguntur
3098 3641 3277 3688 autem
3301 3635 3444 3698 ideo,

1874 3729 1932 3772 ut
1972 3721 2168 3773 humor
2211 3735 2304 3789 per
2324 3721 2525 3774 caioris
2560 3721 2941 3783 mobilitatem,
2986 3721 3030 3775 si
3070 3721 3118 3776 is
3149 3738 3254 3774 una
3285 3723 3448 3776 veha-

1876 3820 1986 3874 tur,
2015 3813 2186 3866 levior
2219 3810 2495 3878 exsistat),
2538 3827 2636 3882 per
2669 3827 2868 3881 corpus
2901 3815 3216 3866 universum
3259 3815 3444 3868 multi-

1875 3902 2064 3956 fariam
2119 3913 2470 3973 Sparguntur,
2507 3911 2830 3976 tantumque
2881 3921 2988 3960 non
3021 3907 3230 3960 inﬁnita
3267 3909 3320 3961 in
3358 3925 3448 3960 ea-

1875 3995 2076 4046 nalium
2106 3993 2370 4062 principia
2396 3991 2665 4063 quasique
2689 4011 2874 4050 ramos
2896 4013 2954 4052 se
2979 3999 3180 4066 passim
3211 3998 3444 4050 findunt.

1870 4088 2047 4153 Atque
2072 4085 2180 4138 duo
2211 4085 2430 4153 quidem
2463 4085 2579 4142 haec
2603 4086 2922 4144 facultatum
2962 4091 3208 4144 vitalium
3239 4091 3446 4159 print-io

1872 4175 1956 4242 pia
2000 4175 2140 4227 inter
2168 4189 2226 4227 se
2253 4175 2566 4241 commista,
2603 4191 2724 4230 cum
2757 4177 2807 4230 id
2845 4178 2992 4246 quod
3027 4179 3292 4244 calorem,
3327 4187 3446 4232 tum

1869 4267 2014 4335 quod
2053 4268 2336 4322 humorem
2373 4267 2692 4322 universum
2741 4271 2797 4322 in
2839 4285 3040 4339 corpus
3073 4271 3232 4329 didit,
3267 4272 3444 4340 quod-

1870 4359 1992 4409 dam
2035 4357 2202 4412 veluti
2241 4357 2484 4413 debitum
2521 4360 2784 4414 tributum
2815 4362 3060 4415 facultati
3101 4379 3220 4432 quae
3265 4364 3316 4416 in
3347 4363 3443 4416 ad-

1871 4450 2272 4503 ministratione
2311 4448 2436 4504 vitae
2474 4464 2692 4506 summo
2721 4467 2846 4504 cum
2883 4453 3115 4522 imperio
3150 4462 3234 4508 est
3263 4462 3316 4508 et
3341 4470 3442 4524 po-

182 4521 452 4580 Bézqacov
505 4525 716 4595 μορίοις
761 4528 1228 4596 ὲπιπεμπόμενον,
1283 4533 1504 4603 ἐνεργόν
1556 4551 1617 4586 τε
1671 4537 1764 4588 καὶ

1877 4551 2084 4606 testate,
2149 4543 2408 4612 pendunt.
2469 4543 2827 4613 lntelligimus
2872 4553 3052 4600 autem
3100 4545 3444 4611 facultatem,

183 4617 504 4686 κινούμενον
537 4617 625 4670 τὸν
664 4619 848 4688 γήϊνον
871 4621 1028 4690 ἡμῶν
1065 4623 1382 4693 ἀνδριάντα,
1423 4625 1672 4697 καθάπερ
1699 4629 1763 4680 ἐκ

185 4709 440 4778 μηχανῆς
479 4727 628 4773 τινος
656 4711 1022 4767 ἀποδείκνυσι.
1060 4715 1166 4768 Τοῦ
1198 4733 1258 4768 τε
1306 4719 1415 4788 γὰρ
1455 4719 1662 4789 θερμοῦ
1701 4719 1764 4772 τό

181 4795 596 4866 καθαρώτατον,
647 4800 742 4852 καὶ
781 4799 874 4852 τοῦ
920 4801 1088 4870 ὑγροῦ
1137 4804 1198 4856 τὸ
1247 4805 1575 4860 λεπτότατον
1633 4811 1762 4880 παρ’

179 4887 452 4958 ἑκατέρας
473 4887 758 4959 δυνάμεως
777 4891 864 4944 διά
891 4911 1036 4957 τινος
1077 4895 1273 4964 μίξεώς
1305 4915 1364 4950 τε
1401 4901 1495 4952 καὶ
1518 4902 1762 4971 ἀνακρά-

181 4995 320 5041 σεως
373 4979 682 5042 ἑνωθέντα,
731 4982 920 5052 τρέφει
961 5002 1018 5036 τε
1054 4987 1148 5038 καὶ
1197 4989 1476 5060 συνίστησι
1523 4990 1609 5044 διὰ
1655 4993 1763 5046 τῶν

179 5072 372 5142 ἀτμῶν
419 5072 514 5125 τὸν
542 5075 868 5141 ἐγκέφαλον.
917 5080 1037 5148 ‘Atp‘
1071 5071 1133 5132 οὗ
1167 5081 1332 5135 πάλιν
1377 5083 1471 5136 ἐπὶ
1504 5083 1758 5155 καθαρώ-

179 5180 339 5216 τατον
369 5163 810 5238 ὲκλεπτυνομένη
851 5169 887 5238 ἡ
918 5170 1011 5224 ἀπ’
1051 5171 1260 5230 ἐκείνου
1292 5173 1544 5237 ἀνάδοσις
1565 5215 1580 5239 ,
1613 5177 1758 5231 fma-

177 5257 354 5324 λείφει
397 5257 494 5310 τὸν
533 5261 876 5328 περιεκτικὸν
931 5262 1024 5316 τοῦ
1074 5265 1378 5333 ἐγκεφάλου
1431 5266 1643 5337 ὑμένα,
1701 5270 1761 5334 ὃς

177 5349 390 5404 ἀνωθεν
417 5347 516 5401 ἐπὶ
543 5349 606 5402 τὸ
633 5349 794 5419 βάθος
819 5352 1110 5418 αὺλοειδῶς
1132 5357 1334 5425 διήκων
1354 5400 1367 5423 ,
1403 5359 1492 5412 διὰ
1518 5361 1628 5414 τῶν
1661 5379 1761 5414 κα-

178 5439 342 5510 θεξῆς
375 5439 710 5506 σπονδύλων,
733 5443 924 5497 ἑαυτὸν
951 5445 1008 5498 δὲ
1035 5448 1130 5500 καὶ
1150 5447 1240 5501 τὸν
1263 5451 1576 5518 ἐγκείμενον
1609 5453 1758 5523 αὐτῷ

181 5533 380 5600 μυελὸν
415 5531 700 5602 διεξάγων,
727 5537 790 5606 τῇ
823 5537 980 5605 βάσει
1011 5541 1374 5610 συναπολήγει
1404 5545 1500 5613 τῆς
1525 5545 1754 5615 ῥάχεωςο

179 5625 384 5688 πάσαις
415 5626 622 5680 ὀστέων
646 5645 706 5680 τε
725 5631 814 5681 καὶ
836 5631 1111 5700 ἁρμονιῶν
1137 5650 1197 5684 συ
1207 5633 1450 5702 μδοὶοῖς,
1477 5637 1572 5690 καὶ
1605 5638 1755 5706 μυῶν

179 5719 376 5788 ἀρχαῖς
397 5713 512 5772 οἷόν
530 5736 614 5784 τις
631 5721 844 5792 ἡνίοχος
870 5725 1029 5786 αὐτὸς
1050 5725 1280 5788 ἐνδιδοὺς
1303 5728 1400 5796 τῆς
1421 5729 1550 5781 καθέ
1559 5747 1754 5784 καστον

183 5807 546 5880 κιδήσεὼςῒτε
583 5811 676 5863 καὶ
711 5813 948 5878 στάσεως
982 5814 1078 5885 τὴν
1109 5815 1284 5886 ὁρμὴν
1327 5817 1416 5870 καὶ
1457 5818 1554 5888 τὴν
1596 5819 1751 5874 δύνα-

1866 4651 1988 4703 quae
2006 4635 2214 4689 cerebri
2235 4636 2589 4699 membranis,
2613 4639 2842 4706 ipsoque
2859 4639 3084 4694 cerebro
3105 4640 3440 4704 continetur,

1865 4743 1896 4779 a
1951 4741 2060 4794 qua
2115 4725 2394 4795 profectus
2433 4728 2616 4782 omnis
2658 4743 2950 4782 nervorum
3005 4737 3207 4791 motus,
3261 4732 3442 4785 omnis

1866 4818 2238 4870 musculorum
2261 4819 2592 4880 contractio,
2627 4819 2810 4873 omnis
2846 4820 3096 4889 spiritus,
3133 4821 3226 4889 qui
3259 4830 3441 4875 motus

1864 4919 1950 4964 est
1979 4911 2210 4981 singulis
2251 4911 2306 4964 in
2337 4911 2598 4966 membris
2626 4915 2912 4981 spontanei
2940 4930 3128 4978 causa,
3175 4913 3436 4976 eﬂiciunt,

1865 5003 1941 5056 ttti
1971 5002 2218 5071 corporis
2249 5003 2472 5058 humani
2507 5003 2774 5058 fabricata
2813 5003 2881 5058 de
2918 5016 3062 5058 terra
3094 5013 3273 5060 statua
3321 5007 3440 5060 suis

1865 5093 2176 5148 actionibus
2220 5103 2275 5148 et
2305 5102 2455 5148 motu
2509 5097 2580 5150 sit
2624 5095 2871 5163 prmdita.
2915 5094 2972 5148 ιιι
3001 5097 3184 5150 calore
3213 5095 3434 5162 quidem

1865 5185 2010 5254 quod
2038 5191 2122 5238 est
2149 5185 2306 5254 longe
2337 5185 2714 5254 purissimum,
2747 5194 2802 5242 et
2828 5187 2882 5240 in
2913 5188 3138 5240 humore
3170 5185 3433 5240 tenuissi-

1865 5293 2032 5340 Inum,
2091 5285 2323 5346 utraque
2371 5279 2624 5334 mistione
2667 5279 2900 5348 quadam
2955 5294 3020 5332 ac
3067 5287 3436 5348 temperatura

1863 5369 2040 5428 unita,
2064 5369 2214 5422 velut
2235 5369 2542 5424 exhaiando
2562 5371 2846 5424 cerebrum
2873 5372 3124 5425 nutriunt
3145 5381 3198 5426 et
3225 5371 3432 5426 fovent.

1861 5461 1942 5512 Ab
1983 5461 2085 5514 hoc
2123 5459 2312 5514 eadem
2349 5461 2508 5530 longe
2547 5462 2840 5530 purissime
2880 5470 3159 5518 attenuata
3193 5461 3429 5516 reddun-

1865 5559 1975 5614 tur,
2032 5561 2090 5606 ttt
2138 5552 2512 5606 membranam
2568 5555 2748 5623 ipsum
2800 5553 3124 5607 ambientem
3179 5553 3428 5622 irrigcnt.

1863 5642 1986 5696 Haec
2033 5641 2099 5694 de
2148 5653 2300 5711 parte
2346 5644 2586 5698 hominis
2626 5646 2910 5714 superiore
2941 5647 3008 5699 ad
3041 5645 3147 5698 ima
3179 5645 3428 5708 tendens,

1863 5734 2163 5802 fistulaeque
2185 5734 2236 5788 in
2263 5733 2482 5790 modum
2506 5739 2795 5806 contiguas
2815 5739 3094 5792 vertebras
3117 5745 3429 5805 penetrans,

1861 5839 1984 5878 cum
2017 5823 2274 5891 medulla,
2304 5839 2464 5895 quam
2499 5829 2759 5907 continet,
2788 5829 2850 5884 ad
2877 5829 3062 5884 basem
3095 5843 3263 5898 usque
3285 5825 3432 5881 dorsi
