3886 6214
402 356 501 414 B‘i‘l
1639 352 1696 407 S.
1737 349 2065 410 GREGORII
2105 347 2396 406 NYSSENI
3557 342 3664 398 35‘!

405 471 598 540 spinae,
625 486 789 541 quam
813 481 1034 534 vocant,
1059 471 1240 528 delata
1263 471 1468 536 deficit,
1495 473 1613 543 ipsa
1631 472 1796 529 etiam
1821 473 1981 543 Spina

2090 489 2200 543 μιν.
2231 469 2330 523 Διά
2360 468 2518 523 τοῦτό
2543 485 2634 540 μοι
2661 466 2809 524 δοκεί
2839 465 2933 522 καὶ
2954 465 3368 536 ἀσφαλεστέρας
3394 462 3664 535 ἠξιῶσθαι

403 581 473 618 eo
513 567 630 618 loco
652 566 956 621 desinente.
1010 563 1232 620 Ossium
1261 565 1483 636 quidem
1518 575 1571 620 et
1595 564 1983 635 juncturarum

2089 564 2344 634 φρουρᾶς.
2380 562 2476 618 καὶ
2507 559 2649 618 κατὰ
2683 559 2782 630 μὲν
2812 559 2912 632 τὴν
2956 557 3201 628 κεφαλὴν
3225 557 3437 622 διπλαῖς
3461 553 3664 610 ὀστέων

407 657 464 711 in
499 673 732 728 corpore
769 657 1152 714 commissuris
1185 659 1462 721 omnibus,
1495 657 1733 727 itemque
1766 671 1986 711 muscu.

409 749 587 802 lorum
623 751 904 820 principiis
938 750 1007 805 ab
1031 751 1135 805 hac
1175 750 1512 814 membrana,
1567 755 1826 818 tanquam
1865 763 1987 801 ont-

409 840 561 892 nimn
595 839 980 904 moderatrice,
1012 843 1077 897 ad
1102 841 1402 912 quemlibet
1439 849 1646 895 motum
1684 856 1748 895 ac
1775 841 1990 911 requie-

407 936 518 982 tem
559 928 790 985 facultas
821 931 1048 985 inditur.
1096 932 1227 986 Eam
1263 930 1334 983 ob
1356 945 1602 993 causam,
1631 928 1700 983 de
1733 927 1838 982 turi
1868 927 1984 997 qui-

407 1019 531 1074 dem
561 1022 730 1077 animi
773 1023 1004 1092 judicio,
1049 1023 1247 1077 muniri
1276 1021 1419 1076 hanc
1467 1021 1632 1076 etiam
1662 1021 1834 1091 magis
1882 1019 1982 1072 ali-

2084 654 2396 726 περιϐολαίς
2438 655 2495 706 tv
2527 650 2712 722 κύκλῳ
2739 650 3144 723 διειλημμένος,
3177 652 3235 704 tv
3268 647 3326 704 δὲ
3349 650 3462 711 τοῖς
3497 663 3665 699 σπον-

2085 745 2261 809 δύλοις
2286 748 2407 809 ταῖς
2442 763 2500 800 τε
2527 742 2637 800 τῶν
2667 742 2920 798 ἀκανθῶν
2957 740 3250 813 προϐολαῖς
3279 740 3376 796 καὶ
3402 742 3524 802 ταῖς
3560 755 3665 792 πο-

2086 836 2378 908 λυτρόποις
2406 834 2548 890 κατὰ
2571 833 2634 888 τδ
2656 835 2842 905 σχῆμα
2868 831 3212 895 διαπλοκαῖς.
3235 830 3302 884 δι’
3319 824 3395 883 ὧν
3425 831 3483 882 ἐν
3520 831 3666 882 άπα-

2090 928 2210 1000 θείᾳ
2263 928 2411 1002 πάσῃ
2446 927 2807 997 φυλάττεται,
2841 924 2930 979 διὰ
2961 923 3064 996 τῆς
3097 922 3459 996 περιεχούσης
3499 921 3664 975 αὑτὸν

2087 1021 2330 1093 φρουρᾶς
2355 1021 2415 1073 τὸ
2437 1020 2675 1090 ἀσφαλὲς
2712 1018 2873 1090 ἔχων.

410 1119 635 1178 quanto,
665 1127 829 1182 quam
851 1113 1094 1168 membra
1123 1123 1340 1175 cetera,
1371 1112 1748 1167 conveniebat.
1783 1109 1973 1182 Itaque
2007 1110 2061 1166 in
2094 1113 2274 1182 capite
2300 1113 2506 1185 duplici
2529 1112 2740 1168 ossium
2769 1111 2976 1166 ambitu
3001 1109 3151 1166 omni
3192 1123 3260 1164 ex
3313 1117 3470 1179 parte
3514 1119 3666 1161 com-

410 1201 784 1273 prehenditur,
819 1204 874 1258 in
917 1204 1190 1261 vertebris
1235 1221 1405 1276 quum
1461 1205 1794 1260 exstantium
1858 1201 2022 1256 veluti
2060 1203 2343 1274 spinarum
2391 1203 2842 1276 propugnaculis.
2897 1211 3012 1258 tum
3061 1201 3346 1272 multiplici
3419 1199 3665 1270 ipsarum

412 1294 784 1350 vertebrarum
844 1295 989 1350 inter
1049 1311 1171 1351 sese
1231 1312 1371 1350 nexu
1409 1311 1425 1348 :
1471 1313 1582 1366 quo
1619 1297 1706 1359 fit,
1766 1303 1824 1349 ut
1872 1296 1942 1350 ab
1993 1295 2081 1350 illa
2124 1311 2341 1352 omnem
2394 1298 2650 1369 injuriam
2703 1299 2840 1366 haec,
2875 1314 2984 1370 qua
3022 1297 3143 1353 laedi
3186 1303 3396 1368 posset,
3443 1304 3670 1350 arceant

409 1384 653 1455 adeoque
683 1393 796 1440 tuta
846 1387 940 1450 sit,
999 1387 1234 1457 quodam
1275 1388 1432 1457 quasi
1487 1389 1742 1459 praesidio
1782 1389 1954 1459 ipsam
1985 1389 2224 1463 undique
2243 1392 2506 1463 sepiente.

480 1477 627 1532 Idem
678 1477 745 1533 de
793 1480 957 1534 corde
1004 1479 1128 1532 licet
1167 1477 1502 1544 existimare,
1553 1495 1677 1560 esse
1726 1479 1985 1534 nimirum

410 1569 516 1622 hoc
545 1571 716 1626 instar
749 1571 972 1626 munita:
1012 1571 1210 1626 domus
1241 1571 1391 1625 omni
1426 1587 1492 1626 ex
1545 1580 1698 1640 parte
1736 1585 1985 1641 compre-

410 1661 644 1716 hensum
689 1662 991 1729 aptissime,
1023 1678 1087 1718 ac
1113 1663 1512 1717 circumdatum
1542 1662 1611 1715 ab
1635 1661 1856 1717 ossibus
1883 1661 1986 1716 du-

411 1755 671 1810 rissimis.
705 1754 840 1809 Nam
874 1769 904 1808 a
943 1765 1098 1826 tergo
1131 1755 1288 1826 spina
1327 1763 1414 1809 est
1441 1753 1612 1816 dorsi,
1638 1769 1800 1825 quam
1835 1765 1984 1808 utra-

2166 1482 2396 1554 Ὁμοίως
2423 1484 2468 1537 δ’
2487 1484 2554 1538 ἄν
2581 1501 2667 1548 τις
2692 1484 2787 1538 καὶ
2807 1484 3052 1556 περὶτῆς
3077 1482 3304 1555 καρδίας
3326 1482 3668 1554 στοχάσαιτο.

2081 1573 2162 1628 ὅτι
2196 1574 2442 1646 καθάπερ
2469 1593 2553 1639 τις
2572 1570 2720 1640 οἶκος
2749 1575 2998 1646 ἀσφαλὴς
3028 1574 3164 1646 αὕτη
3199 1575 3288 1628 διὰ
3305 1574 3416 1629 τῶν
3443 1575 3671 1646 στερῤο-

2081 1663 2262 1717 τάτων
2293 1664 2675 1736 περιηρμόσθη
2706 1669 2828 1728 ταῖς
2860 1665 2970 1720 τῶν
3000 1665 3201 1718 όστέων
3241 1666 3300 1719 ὲν
3345 1665 3532 1735 κύκλῳ
3569 1681 3672 1718 πε-

2085 1758 2289 1827 ριοχαῖς
2316 1756 2670 1830 ὠχυρωμένη.
2704 1758 2948 1812 Κατόπιν
2978 1758 3076 1829 μὲν
3103 1757 3213 1827 γάρ
3253 1759 3400 1811 ἐστιν
3429 1760 3462 1830 ἡ
3505 1759 3670 1830 ῥάχις

410 1863 520 1917 que
557 1858 711 1916 parte
765 1855 938 1901 tutam
987 1848 1226 1918 scapulae
1278 1847 1533 1904 reddunt.
1586 1847 1754 1903 Latus
1802 1855 1982 1901 autem

2089 1849 2204 1910 ταῖς
2246 1846 2599 1918 ὠμοπλάταις
2654 1849 2993 1921 ἑκατέρωθεν
3047 1849 3462 1920 ἠσφαλισμένη.
3525 1850 3671 1904 Καθ’

414 1948 706 2008 utrumque
733 1948 902 1994 costa}
927 1940 1248 2010 complexa,
1283 1939 1430 2010 quod
1479 1941 1621 1994 inter
1659 1941 1758 1995 bas
1808 1939 1986 1995 medio

411 2031 534 2086 loco
567 2031 903 2098 continetur,
940 2047 1010 2087 ne
1042 2031 1170 2102 quid
1206 2033 1404 2086 diversi
1435 2031 1693 2102 patiatur,
1724 2029 1982 2086 cilicium.

413 2123 573 2178 l'arte
610 2123 849 2194 denique
891 2128 1069 2179 antica
1102 2132 1294 2194 pectus
1323 2132 1377 2178 et
1418 2123 1558 2179 bina:
1587 2123 1867 2178 clavicula:
1893 2138 1989 2177 cor

413 2216 692 2280 muniunt,
731 2225 792 2270 ut
824 2217 926 2271 hoc
957 2216 1120 2270 modo
1148 2223 1323 2270 tutum
1352 2216 1594 2286 undique
1625 2215 1764 2270 foret
1791 2213 1988 2270 adver-

416 2324 515 2364 sus
563 2323 655 2364 res
692 2323 906 2370 omnes,
961 2325 1082 2378 qua:
1131 2322 1220 2363 res
1271 2308 1374 2378 ipsi
1401 2308 1486 2363 vel
1537 2308 1864 2371 molestiam,
1903 2306 1991 2362 vel

413 2401 617 2455 malum
651 2400 816 2454 etiam
864 2415 1055 2456 creare
1098 2409 1343 2470 possent.
1377 2398 1445 2454 Ut
1478 2409 1658 2455 autem
1694 2400 1748 2454 in
1774 2400 1991 2471 agrico-

413 2490 616 2547 latione
640 2491 884 2545 videmus
906 2492 975 2545 ab
1004 2490 1178 2544 imbre
1199 2491 1286 2545 vel
1307 2490 1606 2544 rivulorum
1652 2490 1992 2544 immissione

413 2593 618 2640 terram
666 2582 918 2653 irrigari:
967 2583 1115 2651 (nam
1169 2589 1289 2637 esto
1321 2581 1542 2652 quidam
1593 2581 1754 2636 nobis
1797 2582 1989 2637 hortus

415 2675 751 2746 propositus,
789 2674 844 2728 in
879 2689 990 2744 quo
1021 2672 1185 2728 varia:
1213 2673 1325 2729 sint
1369 2674 1610 2728 maxime
1641 2689 1875 2728 numero
1901 2689 1990 2728 ar-

414 2772 574 2826 bores
604 2769 845 2839 itemque
877 2781 1060 2822 rerum
1082 2768 1265 2822 omnis
1283 2764 1500 2836 generis
1532 2781 1564 2820 e
1593 2774 1738 2820 terra
1761 2779 1992 2820 nascen-

409 2863 547 2918 tium
563 2861 796 2933 species,
843 2873 964 2930 qua:
997 2857 1226 2929 singulae
1252 2857 1450 2922 forma,
1494 2857 1774 2929 qualitate,
1808 2857 1992 2912 colore

413 2953 705 3023 plurimutn
760 2951 1052 3006 differant:
1105 2957 1186 3004 tot
1243 2963 1332 3004 res
1396 2963 1521 3002 cum
1590 2947 1839 3016 ejusdem
1885 2947 1990 3003 loci

413 3045 727 3099 nutriantur
760 3043 1010 3104 humore,
1059 3040 1139 3095 vis
1172 3048 1351 3094 tamen
1399 3039 1515 3096 hac
1543 3054 1712 3094 succo
1743 3055 1846 3095 suo
1875 3040 1991 3097 sin-

411 3136 535 3204 gula
605 3133 822 3204 rigans.
877 3141 1073 3186 natura
1131 3146 1230 3187 sua
1289 3131 1478 3185 eadem
1537 3140 1677 3186 est:
1725 3147 1848 3186 cum
1901 3148 1989 3188 res

2089 1939 2348 2013 ἑκάτερον
2371 1942 2428 1995 δὲ
2458 1943 2684 2012 πλάγιον
2705 1944 2740 2014 ἡ
2765 1942 2874 1996 τῶν
2903 1942 3150 2016 πλευρῶν
3183 1941 3331 2007 θέσις
3360 1941 3668 2012 περιπτύσ-

2091 2049 2260 2087 σουσα
2293 2032 2355 2086 τὸ
2386 2033 2550 2104 μέσον
2581 2034 2853 2100 δυσπαθὲς
2891 2035 3285 2107 ἀπεργάζεται.
3345 2035 3435 2089 Ἑν
3464 2035 3522 2088 δὲ
3554 2037 3673 2098 τοῖς

2091 2125 2431 2199 ἔμπροσθεν,
2467 2126 2530 2180 τὸ
2577 2127 2800 2199 στέρνον
2839 2127 2936 2181 καὶ
2968 2129 3002 2198 ἡ
3036 2128 3136 2198 τῆς
3188 2127 3398 2192 κλειδδς
3437 2125 3674 2194 συζυγία

2090 2217 2479 2290 προϐέϐληται,
2510 2217 2586 2282 ὡς
2602 2217 2669 2272 ἂν
2693 2217 3026 2290 πανταχόθεν
3050 2219 3190 2289 αὑτῇ
3207 2219 3268 2274 τὸ
3293 2218 3530 2288 ἀσφαλὲς
3561 2218 3678 2272 ἀπὸ

2089 2307 2198 2362 τῶν
2231 2307 2429 2372 ἔξωθεν
2463 2306 2816 2378 διοχλούντων
2863 2307 3214 2377 φυλάσσοιτο.
3249 2302 3376 2361 Οἷον
3421 2307 3480 2362 δὲ
3525 2308 3680 2362 κατὰ

2089 2400 2188 2471 τὴν
2220 2399 2495 2472 γεωργίαν
2521 2399 2668 2455 ἔστιν
2710 2401 2837 2455 ἰδεῖν
2857 2441 2872 2465 ,
2898 2402 2998 2473 τῆς
3027 2403 3092 2456 ὲκ
3131 2400 3308 2472 νεφῶν
3337 2399 3674 2472 ἐπομϐρίας,

2089 2493 2124 2563 ἢ
2155 2493 2254 2561 τῆς
2279 2492 2387 2545 τῶν
2413 2492 2618 2562 ὀχετῶν
2665 2492 2928 2564 ἐπιρροῆς
2977 2492 3262 2564 διάϐροχον
3295 2491 3556 2561 ποιούσης
3613 2490 3678 2544 τὸ

2091 2580 2469 2650 ὑποκείμενον.
2501 2581 2694 2652 Κῆπος
2719 2581 2777 2635 δέ
2803 2599 2887 2645 τις
2913 2581 3224 2636 ὑποκείσθω
3248 2581 3327 2654 τῷ
3354 2581 3498 2653 λόγῳ
3520 2621 3536 2643 ,
3566 2600 3675 2653 μυ-

2092 2673 2217 2744 ρίας
2263 2673 2361 2744 μὲν
2387 2672 2620 2744 δένδρων
2656 2672 2950 2746 διαφοράς,
2983 2674 3334 2738 παντοδαπάς
3363 2674 3422 2729 δὲ
3461 2675 3574 2728 τῶν
3611 2677 3675 2732 ὲκ

2090 2765 2196 2837 γῆς
2231 2754 2525 2837 ’φυομένων
2562 2765 2708 2830 ἰδέας
2752 2767 2811 2819 tv
2862 2767 3042 2838 ἑαυτῷ
3077 2768 3319 2840 τρέφων,
3353 2761 3430 2822 ὧν
3473 2767 3574 2821 καὶ
3617 2768 3674 2821 τδ

2093 2858 2304 2930 σκῆμα,
2342 2857 2436 2911 καὶ
2472 2859 2506 2928 ή
2553 2857 2811 2928 ποιότης,
2843 2858 2940 2913 και
2969 2860 3004 2930 ὴ
3039 2859 3142 2931 τῆς
3170 2859 3341 2931 χρόας
3381 2859 3588 2929 ἰδιότης
3617 2860 3673 2914 ιν

2090 2949 2261 3021 πολλῇ
2293 2949 2527 3022 διαφορᾷ
2559 2952 2671 3015 τοῖς
2697 2950 3039 3005 καθέκαστον
3073 2952 3442 3024 ὲνθεωρεῖται.
3471 2952 3674 3006 Τοσού-

2091 3059 2198 3096 των
2217 3042 2395 3097 τοίνυν
2416 3041 2558 3096 κατά
2583 3041 2674 3096 τὸν
2701 3042 2798 3097 ἕνα
2823 3041 3004 3114 χῶρον
3027 3041 3105 3114 τῷ
3119 3043 3274 3116 ὑγρῷ
3290 3043 3670 3115 τρεφομένων.

2091 3136 2126 3204 ὴ
2165 3136 2262 3205 μὲν
2292 3135 2682 3200 ὑπονοτίζουσα
2728 3134 2800 3190 τὰ
2841 3135 2966 3190 καθ’
2995 3135 3228 3190 ἕκαστον
3255 3135 3486 3206 δύναμις
3513 3177 3531 3204 ,
3577 3135 3673 3207 μία

413 3228 545 3296 ipsae
595 3242 715 3296 qua!
779 3226 1131 3289 nutriuntur,
1199 3238 1422 3280 succum
1484 3223 1737 3278 haustum
1805 3224 1984 3279 diver-

2089 3244 2172 3292 τις
2219 3228 2362 3282 κατὰ
2405 3227 2506 3298 τὴν
2553 3228 2716 3298 φύσιν
2766 3228 2944 3282 ἐστίν’
2980 3229 3014 3300 ή
3063 3227 3122 3281 δὲ
3165 3227 3276 3282 τῶν
3316 3229 3673 3300 τρεφομένων

413 3336 504 3375 sas
554 3319 608 3373 in
671 3317 963 3390 qualitates
1018 3323 1371 3370 commutent.
1439 3315 1587 3370 Idem
1633 3331 1870 3385 namque
1931 3317 1988 3370 in

414 3411 689 3466 absinthio
723 3411 1061 3464 convertitur
1104 3408 1158 3460 in
1187 3422 1490 3462 amarorem
1517 3424 1531 3460 :
1579 3406 1634 3461 in
1662 3408 1841 3462 cicuta
1872 3424 1990 3463 suc-

412 3520 513 3558 cus
562 3503 814 3566 elllcilur,
864 3503 956 3572 qui
993 3500 1271 3556 interitum
1307 3497 1495 3554 affert:
1543 3499 1598 3553 in
1643 3500 1766 3556 aliis
1816 3500 1986 3566 aliud,

411 3597 562 3652 verbi
593 3597 787 3667 gratia,
821 3597 875 3649 in
909 3609 1092 3656 croco,
1126 3592 1388 3656 balsamo,
1426 3606 1729 3660 papavere:
1778 3609 1900 3647 nam
1933 3594 1987 3648 in

414 3690 500 3746 his
529 3689 636 3742 vim
667 3688 899 3744 calidam
937 3687 1188 3756 acquirit,
1221 3686 1275 3739 in
1312 3685 1419 3739 illis
1447 3683 1720 3754 frigidam,
1769 3686 1823 3739 in
1861 3686 1986 3742 aliis

412 3787 792 3851 temperatam.
843 3777 900 3831 ln
947 3777 1124 3843 lauro,
1163 3775 1218 3827 in
1255 3774 1424 3843 junco
1477 3774 1727 3836 odorato,
1779 3774 1832 3827 in
1864 3774 1988 3830 aliis

415 3872 725 3939 huiusmodi
758 3869 1112 3942 fragrantiam
1134 3867 1297 3921 habet
1323 3885 1336 3919 :
1362 3867 1414 3919 in
1442 3865 1543 3920 fico
1571 3875 1627 3921 et
1652 3880 1786 3936 pyro
1807 3865 1986 3920 dulci-

413 3967 676 4020 tudinem.
719 3963 776 4017 ln
810 3965 917 4017 vite
945 3960 1284 4017 convertitur
1319 3959 1373 4011 in
1417 3958 1634 4012 botrum
1681 3972 1746 4010 ac
1775 3957 1982 4011 vinum.

414 4059 588 4111 l‘ltiam
622 4063 989 4112 commutatur
1039 4053 1092 4106 in
1123 4067 1349 4105 succum
1380 4049 1527 4108 mali.
1575 4050 1628 4103 in
1666 4049 1984 4104 rubediuem

414 4167 573 4213 rusze,
620 4151 673 4202 in
702 4145 1047 4218 splendidum
1094 4144 1191 4198 lilii
1237 4143 1554 4204 candorem,
1596 4141 1650 4194 in
1692 4142 1984 4196 caeruleum

412 4245 590 4307 violae,
632 4243 688 4296 in
730 4255 1060 4312 purpureum
1114 4236 1393 4308 hyacinthi
1429 4237 1691 4291 colorem.
1747 4235 1986 4305 Denique

412 4334 669 4388 universa
705 4346 826 4402 qua:
851 4342 997 4386 terra
1011 4329 1266 4398 «profert,
1310 4340 1622 4396 quanquam
1653 4325 1722 4379 ab
1755 4341 1864 4380 uno
1892 4342 1987 4382 eo-

412 4427 645 4492 demque
696 4424 924 4477 humore
979 4420 1340 4488 proveniant:
1376 4417 1751 4472 diversissima
1803 4425 1984 4473 tamen

411 4517 742 4576 eﬂiciuntur,
778 4515 892 4570 sive
925 4513 1174 4583 figurant,
1214 4512 1330 4566 sive
1373 4507 1631 4578 speciem,
1664 4508 1782 4563 sive
1809 4509 1986 4579 quali-

411 4617 549 4664 tates
576 4607 914 4677 singulorum
940 4603 1209 4674 spectes.)

483 4697 802 4769 llujusmodi
843 4695 1116 4767 quoddam
1148 4702 1338 4750 nostro
1379 4691 1544 4746 etiam
1586 4692 1639 4745 in
1672 4707 1826 4764 agro,
1884 4692 1980 4747 illo

410 4794 632 4863 inquam
674 4793 933 4852 animato,
981 4787 1360 4842 admirandum
1402 4801 1544 4856 opus
1590 4793 1801 4839 natum
1849 4800 1984 4840 con-

407 4887 669 4957 spicitur:
732 4891 939 4936 natura:
985 4879 1150 4934 dico?
1204 4878 1314 4932 imo
1365 4893 1497 4932 vero
1550 4877 1724 4946 ipsius
1773 4885 1982 4932 natura:

411 4977 644 5033 Domini.
692 4972 852 5038 Ossa,
905 4969 1276 5039 cartilagines,
1315 4984 1484 5034 venae,
1527 4969 1762 5034 arteriae,
1804 4969 1977 5034 nervi,

407 5073 722 5141 ligamenta,
765 5080 981 5128 carnes,
1025 5063 1188 5128 cutis,
1223 5061 1569 5132 pinguitudo,
1619 5061 1825 5130 capilli,
1863 5076 1984 5114 mu-

408 5162 568 5218 sculi.
591 5175 822 5227 ungues,
846 5156 1012 5220 oculi,
1037 5171 1218 5217 nares,
1242 5168 1427 5215 aures,
1450 5152 1765 5221 huiusmodi
1787 5163 1980 5206 caetera

407 5267 638 5309 numero
667 5266 834 5321 prope
856 5247 1089 5306 inﬁnita.
1118 5245 1354 5300 diversis
1379 5259 1410 5298 a
1438 5259 1497 5298 se
1520 5244 1753 5298 invicem
1785 5242 1981 5297 distin-

406 5354 494 5399 cta
534 5341 979 5412 proprietatibus,
1007 5355 1119 5393 una
1152 5335 1510 5392 nihilominus
1551 5335 1852 5404 eademque
1879 5334 1980 5386 ali-

409 5436 575 5490 menti
600 5435 800 5504 specie,
826 5440 989 5502 prout
1006 5432 1247 5501 ipsorum
1271 5438 1467 5484 natura
1487 5429 1611 5491 fert,
1632 5427 1972 5480 nutriuntur:

407 5529 482 5581 ita
509 5533 568 5579 ut
605 5525 762 5579 cibus
799 5538 923 5576 cmn
953 5537 982 5576 a
1015 5521 1276 5578 membris
1321 5519 1552 5590 singulis
1599 5533 1770 5588 prope
1795 5519 1972 5582 abest,

407 5617 530 5682 ejus
570 5614 623 5668 in
654 5621 907 5666 naturam
937 5619 1312 5673 convertatur,
1359 5609 1448 5664 cui
1489 5623 1611 5664 sese
1645 5608 1979 5676 adiunxerit.

411 5708 467 5761 Si
497 5706 564 5760 ad
589 5705 808 5760 oculum
835 5703 1137 5765 deferatur,
1164 5703 1309 5757 oeuli
1341 5701 1407 5755 ad
1435 5710 1684 5756 naturam
1713 5709 1982 5771 tempera-

409 5810 530 5854 tur:
568 5807 623 5854 et
675 5806 836 5868 prout
877 5797 1008 5867 ipsa:
1042 5795 1096 5851 in
1135 5795 1296 5852 oculo
1329 5795 1532 5850 tunicae
1576 5792 1806 5878 diversa:
1853 5801 1984 5848 sunt

2092 3322 2290 3391 ἰδιότης
2310 3361 2325 3383 ,
2360 3323 2439 3385 εἰς
2468 3321 2756 3392 διαφόρους
2791 3319 2854 3375 τὺ
2882 3321 3050 3392 ὑγρὸν
3094 3321 3422 3392 μεταϐάλλει
3450 3321 3678 3392 ποιότη-

2086 3432 2204 3478 τας.
2237 3415 2310 3467 Τὸ
2346 3414 2454 3485 γάρ
2488 3414 2621 3468 αὐτὸ
2669 3414 3019 3486 πικραίνεται
3067 3413 3166 3485 μὲν
3208 3413 3267 3466 tv
3312 3416 3379 3484 τῇ
3423 3413 3675 3484 ἀψίνθῳ·

2088 3507 2170 3568 εἰς
2203 3505 2528 3576 φθοροποιὸν
2560 3505 2618 3559 δὲ
2651 3504 2823 3576 χυμὸν
2863 3507 2922 3560 tv
2949 3504 3029 3576 τῷ
3063 3505 3276 3576 κωνείῳ
3316 3504 3678 3576 μεθίσταται’

2089 3591 2182 3644 καὶ
2223 3591 2350 3645 ἄλλο
2377 3593 2436 3645 ὲν
2465 3591 2610 3663 ἄλλῳ
2651 3591 2880 3660 γίνεται,
2917 3594 2976 3646 tv
3003 3593 3189 3665 κρόκῳ
3208 3631 3224 3657 ,
3264 3594 3324 3648 ἐν
3364 3592 3640 3665 βαλσάμῳ
3661 3635 3677 3660 ,

2087 3680 2146 3731 ὲν
2197 3681 2436 3748 μήκωνι.
2477 3679 2568 3750 Τῷ
2604 3679 2702 3750 μὲν
2731 3681 2840 3752 γάρ
2867 3680 3322 3752 ἐκθερμαίνεται,
3351 3682 3432 3752 τῷ
3467 3681 3527 3735 δὲ
3561 3700 3682 3736 κα·-

2086 3770 2406 3841 ταψύχεται,
2423 3772 2500 3844 τῷ
2521 3773 2578 3826 δὲ
2602 3775 2773 3845 μέσην
2805 3773 2918 3844 ἔχει
2946 3775 3229 3845 ποιότητα.
3257 3775 3370 3830 Καὶ
3389 3778 3447 3830 ὲν
3469 3776 3679 3850 δάφνῃ,

2087 3863 2181 3916 καὶ
2208 3864 2269 3918 ὲν
2300 3863 2492 3934 σχοίνῳ
2511 3905 2527 3930 ,
2567 3869 2662 3918 καὶ
2690 3868 2803 3928 τοῖς
2833 3864 3094 3931 τοιούτοις
3134 3865 3364 3922 εὔπνουν
3400 3868 3549 3920 ἐστίν
3568 3885 3583 3900 ο
3617 3869 3681 3924 ὲν

2088 3954 2226 4022 συκῇ
2260 3952 2318 4006 δὲ
2343 3951 2438 4004 καὶ
2459 3953 2590 4023 ὄχνῃ
2623 3953 3053 4024 κατεγλυκάνθη.
3089 3954 3200 4007 Καὶ
3231 3953 3321 4006 διὰ
3350 3952 3453 4024 τῆς
3481 3953 3680 4023 ἀμπέ-

2085 4042 2178 4099 λου
2211 4046 2405 4118 βότρυς
2427 4047 2521 4100 καί
2548 4041 2688 4109 οἶνος
2717 4045 2932 4114 ἐγένετο
2949 4063 2963 4076 ο
2997 4047 3091 4100 καὶ
3117 4048 3146 4100 ὁ
3165 4046 3260 4099 τοῦ
3288 4045 3460 4118 μήλου
3487 4045 3679 4116 χυλὸς,

2086 4140 2184 4194 καίΙ
2215 4140 2276 4192 τὸ
2306 4139 2398 4193 τοῦ
2428 4140 2579 4210 ῥόδου
2615 4139 2924 4212 ὲρύθρημα,
2961 4140 3056 4194 καὶ
3085 4139 3146 4193 τὸ
3177 4138 3274 4194 τοῦ
3308 4139 3498 4210 κρίνου
3532 4139 3682 4210 λαμο

2087 4232 2246 4304 πρὺν,
2281 4233 2375 4286 καὶ
2405 4234 2467 4286 τὸ
2513 4231 2767 4296 κυανίζον
2811 4231 2908 4285 τοῦ
2941 4231 3021 4285 ἴου
3043 4272 3057 4296 ,
3093 4232 3187 4286 καὶ
3233 4232 3295 4285 τὸ
3329 4235 3679 4303 πορφυραϊον

2084 4324 2187 4395 τῆς
2229 4324 2483 4377 ὑακίνθου
2521 4324 2700 4395 βαφῆς
2723 4365 2738 4388 ,
2772 4324 2868 4377 καὶ
2917 4323 3079 4377 πάνθ’
3120 4325 3221 4377 ὃσα
3259 4323 3405 4378 κατὰ
3432 4325 3534 4395 τὴν
3566 4325 3680 4395 γῆν

2086 4418 2234 4470 ἔστιν
2268 4417 2415 4482 ἰδεῖν,
2447 4418 2512 4470 ἐκ
2551 4418 2680 4485 μιᾶς
2709 4416 2803 4469 καὶ
2827 4415 2929 4486 τῆς
2957 4415 3128 4485 αὐτῆς
3172 4415 3402 4486 ἰκμάδος
3424 4415 3681 4471 ἀναϐλα-

2092 4509 2352 4562 στάνοντα
2377 4549 2389 4570 ,
2415 4507 2496 4569 εἰς
2513 4504 2781 4568 τοσαύτας
2805 4503 3070 4575 διαφοράς
3097 4503 3240 4557 κατά
3269 4520 3329 4556 τε
3353 4501 3417 4556 τδ
3443 4503 3638 4573 σχῆμα
3655 4543 3675 4569 ,

2092 4598 2186 4650 καὶ
2211 4597 2272 4648 τὸ
2303 4593 2464 4660 εἶδος,
2491 4596 2588 4650 καὶ
2616 4595 2716 4658 τὰς
2749 4595 3043 4666 ποιότητας
3072 4593 3434 4666 διακρίνεται.

2162 4685 2412 4740 Τοιοῦτόν
2442 4704 2494 4739 τι
2519 4687 2612 4739 καὶ
2648 4685 2791 4740 κατὰ
2823 4685 2923 4756 τὴν
2950 4683 3190 4756 ἔμψυχον
3236 4682 3396 4754 ἡμῶν
3428 4683 3680 4754 ἄρουραν

2090 4779 2570 4850 θαυματοποιεῖται
2608 4777 2759 4847 παρὰ
2787 4778 2888 4846 τῆς
2922 4776 3167 4846 φύσεως,
3205 4775 3406 4845 μᾶλλον
3428 4774 3488 4828 δὲ
3518 4775 3680 4846 παρὰ

2089 4869 2182 4922 τοῦ
2224 4869 2493 4922 Δεσπότου
2530 4870 2764 4936 φύσεως.
2805 4868 2998 4920 Ὀστέα
3029 4867 3126 4920 καὶ
3161 4866 3406 4936 χόνδροι,
3436 4866 3674 4935 φλέϐες,

2085 4963 2345 5033 ἀρτηρίαι
2363 5003 2378 5025 ,
2406 4961 2571 5032 νεῦρα
2593 5001 2606 5024 ,
2635 4960 2940 5030 σύνδεσμοι,
2989 4961 3211 5032 σάρκες,
3252 4959 3451 5031 δέρμα,
3501 4976 3675 5028 πιμε-

2086 5053 2208 5116 λαί,
2241 5054 2454 5124 τρίχες,
2491 5053 2672 5116 άδένες
2693 5094 2708 5113 ,
2739 5051 2950 5122 ὄνυχες,
3007 5051 3310 5122 ὀφθαλμοὶ,
3347 5050 3631 5122 μυκτῆρες
3651 5090 3672 5112 .

2083 5141 2229 5212 ὦτα,
2287 5146 2467 5200 πάντα
2524 5145 2594 5198 τά
2650 5144 2874 5198 τοιαῦτα
2899 5187 2914 5210 ,
2969 5145 3064 5199 καὶ¹
3133 5145 3303 5215 μυρία
3358 5145 3500 5214 πρὸς
3553 5145 3678 5201 τού-

2082 5257 2191 5303 τοις
2246 5238 2381 5293 ἄλλα
2433 5237 2711 5308 διαφόροις
2769 5236 3024 5305 ἰδιότησιν
3091 5236 3187 5292 ἀπ’
3265 5235 3517 5305 ἀλλήλων
3585 5252 3682 5288 κε-

2083 5328 2432 5400 χωρισμένα,
2489 5328 2591 5397 μιᾷ
2630 5329 2697 5396 τῇ
2747 5327 2845 5396 τῆς
2895 5326 3104 5397 τροφῆς
3144 5325 3258 5397 ἰδέα
3314 5325 3680 5396 καταλλήλως

2080 5422 2147 5490 τῇ
2193 5417 2402 5474 ἑαυτῶν
2452 5417 2715 5489 τρέφεται
2761 5416 2952 5486 φύσει,
2994 5416 3069 5479 ῶς
3111 5416 3328 5486 ἑκάστῳ
3385 5415 3499 5468 τῶν
3539 5417 3676 5470 ὑπο-

2075 5511 2340 5582 κειμένων
2396 5511 2496 5580 τὴν
2550 5511 2757 5580 τροφὴν
2817 5509 3275 5578 προσεγγίσασαν
3300 5546 3315 5572 ,
3375 5500 3535 5578 ᾧπερ
3602 5505 3677 5561 ἂν

2075 5603 2381 5676 ὲμπελάσῃ,
2412 5604 2533 5656 κατ’
2577 5603 2752 5654 έκεῖνο
2785 5601 2880 5655 καὶ
2920 5599 3287 5663 ἀλλοιοῦσθαι,
3327 5599 3546 5654 οἰκείαν
3575 5600 3679 5660 καὶ

2080 5693 2300 5764 συμφυῆ
2340 5694 2404 5761 τῇ
2456 5690 2553 5744 τού
2591 5691 2791 5761 μέρους
2843 5690 3067 5758 ἰδιότητι
3105 5689 3423 5760 γινομένην.
3457 5691 3525 5743 Ei
3556 5688 3676 5762 γάρ

2083 5787 2220 5842 κατὰ
2249 5787 2338 5841 τὸν
2364 5783 2642 5856 ὀφθαλμὸν
2680 5784 2912 5855 γένοιτο,
2950 5783 3028 5855 τῷ
3052 5782 3295 5855 ὁρατικῷ
3326 5783 3508 5856 μορίῳ
3541 5797 3677 5852 συγ-
