3886 6214
156 419 263 473 353

1362 410 1449 466 DE
1488 409 1771 467 HOMINIS
1806 410 2116 469 OPIFICIO.

3323 410 3430 465 25‘

157 527 506 600 κατεκράθη,
532 527 623 581 καί
644 526 751 582 τῶν
787 527 913 598 περὶ
941 525 1030 580 τὸν
1052 525 1329 598 ὀφθαλμὸν
1353 525 1596 596 χιτώνων
1624 531 1744 589 ταῖς

1851 526 1990 582 inter
2037 541 2118 587 se,
2178 524 2257 578 sic
2297 523 2464 577 etiam
2512 521 2909 577 nutrimentum
2949 521 3162 575 ratione
3193 509 3432 592 singulis

156 622 454 692 διαφοραῖς
494 618 708 681 οἰκείως
754 619 836 682 είς
881 619 1109 672 ’ἑκαστον
1157 618 1548 690 κατεμερίσθη.
1581 619 1646 673 Εἰ
1687 619 1746 672 δὲ

158 717 276 776 τοῖς
311 712 454 767 κατά
479 711 577 783 τὴν
606 712 775 782 ἀκοὴν
810 711 1032 783 μέρεσιν
1061 711 1318 781 ἐπιρρυῇ,
1349 714 1415 782 τῇ
1448 712 1745 783 ἀκουστικῇ

158 803 572 872 καταμίγνυται
612 801 808 871 φύσει·
860 801 955 854 καὶ
995 803 1052 853 ἐν
1083 800 1250 870 χείλει
1283 799 1596 870 γενόμενον,
1636 803 1748 870 χεῖ-

158 895 251 956 λος
280 897 530 962 ἐγένετοο
557 894 651 948 καὶ
679 895 736 946 ὲν
771 892 943 963 ὀστέῳ
978 893 1282 961 πήγνυται,
1322 891 1417 943 καὶ
1463 893 1520 944 ὲν
1562 889 1744 961 μυελῷ

157 985 526 1048 ἀπαλύνεται,
558 984 652 1038 καὶ
683 981 930 1036 τονοῦται
969 983 1108 1052 μετά
1151 981 1245 1035 τού
1289 981 1480 1052 νεύρου
1506 1023 1522 1046 ,
1550 982 1645 1035 καὶ
1677 985 1744 1054 τῇ

159 1073 462 1144 ἐπιφανείᾳ
487 1072 988 1148 συμπεριτείνεται,
1013 1071 1107 1126 καὶ
1133 1073 1214 1136 είς
1239 1072 1436 1143 ὄνυχας
1460 1071 1745 1138 διαϐαίνει,

161 1168 257 1220 καὶ
282 1169 363 1230 είς
395 1167 598 1240 τριχῶν
614 1166 826 1235 γένεσιν
851 1166 1250 1219 λεπτοποιεῐται
1265 1167 1376 1228 τοῖς
1399 1165 1750 1237 καταλλήλοις

160 1258 385 1330 ἀτμοῖς.
413 1258 475 1310 Εἰ
501 1258 598 1328 μὲν
627 1255 714 1309 διὰ
735 1255 966 1309 σκολιῶν
989 1254 1284 1327 προάγοιτο
1310 1256 1516 1326 πόρων,
1537 1255 1750 1309 οὐλοτέ-

162 1367 269 1420 ρας
315 1366 376 1400 τε
407 1349 503 1402 καὶ
544 1345 1048 1422 κατηγκυλωμένας
1080 1346 1181 1410 τὰς
1208 1348 1402 1421 τρίχας
1429 1346 1706 1418 ὲκφύουσα
1732 1387 1749 1412 ,

158 1444 211 1496 εἰ
261 1443 322 1495 δὲ
375 1441 445 1495 δι’
476 1440 692 1503 εὐθείας
722 1441 756 1510 ἡ
787 1437 898 1492 τῶν
942 1439 1270 1512 τριχοποιῶν
1317 1440 1507 1511 ἀτμῶν
1538 1441 1751 1509 γένοιτο

159 1533 419 1611 πρόοδος,
439 1533 745 1604 τεταμένας
763 1547 824 1584 τε
853 1531 948 1584 καὶ
973 1531 1187 1596 εὐθείας
1213 1532 1547 1604 προάγουσα.
1591 1531 1752 1586 Ἀλλά

160 1628 303 1680 πολὺ
332 1627 446 1679 τῶν
471 1625 850 1698 προκειμένων
877 1625 906 1677 ὀ
933 1623 1089 1694 λόγος
1115 1627 1248 1696 ἡμῖν
1276 1624 1748 1695 ἀποπεπλάνηται,

158 1723 276 1783 τοῖς
303 1719 488 1790 ἔργοις
517 1717 836 1789 ὲμϐαθύνων
879 1717 978 1788 τῆς
1016 1716 1250 1786 φύσεως,
1282 1716 1377 1768 καὶ
1406 1716 1752 1788 ὑπογράφειν

160 1811 487 1890 ἐπιχειρῶν,
537 1811 686 1872 ὅπως
725 1809 857 1880 ἡμῖν
886 1808 982 1862 καὶ
1027 1805 1087 1872 ἐξ
1120 1807 1322 1860 ὁποίων
1355 1806 1652 1875 συνέστηκε
1682 1805 1753 1858 τὰ

160 1877 532 1976 καθέκάστον,
564 1902 706 1957 τάτε
744 1877 880 1973 πρὸς
921 1901 982 1953 τὸ
1029 1899 1154 1971 ζῇν,
1196 1901 1292 1953 καὶ
1319 1899 1388 1952 τὰ
1421 1897 1558 1969 πρὸς
1590 1898 1652 1952 τὸ
1689 1894 1749 1952 εὖ
1784 1877 1826 1932 Β

162 2000 290 2068 ζῇν,
322 1997 419 2051 καὶ
448 1995 503 2049 εί
525 2013 577 2049 τι
610 1992 751 2071 μετά
772 1991 974 2056 τούτων
1005 1991 1190 2062 ἕτερον
1221 1991 1366 2044 κατᾶ
1392 1990 1490 2066 τὴν
1522 1990 1750 2062 πρώτην

161 2090 430 2160 ειαὶρεσιν
474 2087 796 2158 ὲνοήσαμεν.
827 2085 902 2138 Τὸ
940 2083 1049 2156 γὰρ
1091 2083 1451 2155 προκείμενον
1479 2079 1547 2154 ἦν
1581 2082 1751 2149 δεῖξαι

160 2181 266 2250 τὴν
298 2178 685 2258 σπερματικην
707 2177 806 2247 τῆς
840 2175 1154 2238 συστάσεως
1193 2173 1350 2246 ἡμῶν
1384 2173 1586 2232 αἰτίαν.
1613 2175 1751 2244 μήτε

162 2269 463 2340 ἀσώματον
505 2265 643 2322 εἶναι
675 2267 875 2340 ψυχὴν,
913 2267 1051 2338 μήτε
1079 2265 1286 2336 ἄψυχον
1333 2264 1512 2336 σῶμα,
1545 2264 1660 2318 ἀλλ’
1691 2264 1753 2330 ἐξ

162 2358 431 2429 ἐμψύχων
459 2375 520 2410 τε
554 2357 650 2410 καὶ
691 2344 910 2421 ζώντων
951 2354 1221 2425 σωμάτων
1248 2353 1358 2418 ζῶν
1387 2355 1480 2406 καὶ
1509 2352 1752 2424 ἔμψυχον

163 2435 326 2520 παρά
355 2449 456 2518 τὴν
488 2449 706 2522 πρώτην
742 2447 1140 2518 ἀπογεννᾶσθαι
1167 2445 1306 2510 ζῶον
1332 2461 1347 2476 ·
1385 2443 1750 2516 ὲκόεξαμένην

159 2545 227 2618 se
257 2545 357 2614 τὴν
385 2541 733 2614 ἀνθρωπίνην
757 2541 940 2611 φύσιν,
975 2539 1229 2609 καθάπερ
1253 2537 1376 2592 τινὰ
1405 2537 1606 2608 τροφὸν
1631 2539 1752 2599 ταῖς

158 2635 402 2700 οἰκείαις
427 2631 730 2702 δυνάμεσιν
766 2629 936 2702 αὐτὴν
961 2627 1362 2700 τιθηνήσασθαι
1383 2643 1397 2657 ·
1427 2627 1528 2698 τὴν
1550 2627 1608 2680 δὲ
1629 2626 1754 2698 τρέ-

155 2725 366 2796 φεσθαι
401 2726 522 2780 κατ’
551 2723 860 2796 ἀμφότερα,
906 2721 1004 2776 καὶ
1035 2721 1387 2792 καταλλήλως
1417 2721 1477 2774 ὲν
1505 2719 1752 2790 ἑκατέρῳ

158 2817 329 2889 μέρει
372 2817 473 2887 τὴν
515 2813 743 2886 αὔξησιν
779 2812 1034 2882 ἐπίδηλον
1079 2812 1243 2883 ἔχειν.
1291 2811 1467 2874 Εὐθὺς
1507 2811 1607 2882 μὲν
1637 2809 1750 2880 γὰρ

154 2899 250 2961 δ’ιά
277 2909 375 2978 τῆς
410 2906 664 2977 τεχνικῆς
698 2903 906 2975 ταύτης
940 2904 1036 2959 καὶ
1065 2904 1495 2974 ὲπιστημονικῆς
1523 2901 1752 2955 διαπλά-

158 3018 310 3064 σεως
349 2998 450 3070 τὴν
479 2996 980 3068 συμπεπλεγμένην
1029 2996 1168 3067 αὐτῇ
1216 2995 1317 3065 τῆς
1353 2994 1536 3065 ψυχῆς
1578 2995 1750 3049 ἐνδεί-

160 3110 366 3148 κνυται
405 3092 656 3162 δύναμιν,
693 3089 1065 3160 ἀμυδρότερον
1095 3088 1194 3158 μὲν
1226 3085 1369 3140 κατὰ
1391 3089 1491 3157 τὴν
1524 3085 1751 3158 πρώτην

164 3183 596 3253 ὲκφαινομένην,
632 3177 872 3248 καθεξῆς
897 3179 953 3232 δὲ
991 3180 1058 3250 τῇ
1088 3176 1184 3231 τοῦ
1212 3177 1446 3249 ὀργάνου
1469 3176 1747 3230 τελειώσει
1774 3205 1819 3264 c

161 3272 718 3343 συναναλάμπουσαν.
750 3267 874 3324 Οἴον
901 3268 957 3322 δὲ
987 3267 1210 3321 ἐπὶτῶν
1235 3265 1574 3336 λιθογλύφων
1601 3266 1749 3322 ἐστιν

164 3366 317 3418 ἰδεῖν.
361 3363 660 3434 Πρόκειται
693 3359 792 3432 μὲν
820 3359 930 3430 γὰρ
966 3357 1046 3428 τῷ
1071 3357 1293 3430 τεχνίτῃ
1322 3356 1461 3422 ζώου
1488 3357 1637 3420 τινὸς
1667 3353 1749 3409 εἷο

157 3457 251 3519 δός
282 3457 341 3507 ὲν
365 3454 500 3525 λίθῳ
521 3452 711 3518 δεῖξαι·
743 3450 902 3504 τοῦτο
928 3449 986 3502 δὲ
1015 3447 1377 3520 προθέμενος,
1411 3447 1627 3518 πρῶτον
1650 3447 1748 3518 μὲν

159 3548 251 3600 τὸν
279 3545 431 3598 λίθον
460 3544 560 3613 τῆς
592 3540 873 3612 συμφυοῦς
903 3540 1035 3610 ὖλης
1060 3539 1373 3611 ἀπέρρηξεν
1397 3557 1413 3571 ο
1449 3535 1570 3592 εἷτα
1599 3556 1752 3610 περι-

161 3638 334 3709 κόψας
362 3635 529 3690 αὐτοῦ
551 3633 622 3688 τὰ
651 3633 902 3704 περιττὰ,
929 3632 1211 3703 προήγαγέ
1239 3649 1356 3695 πως
1377 3631 1466 3684 διὰ
1492 3630 1586 3684 τοῦ
1608 3629 1752 3701 πρὼο

159 3745 253 3782 του
299 3729 587 3798 σχήματος
629 3726 698 3793 τῇ
733 3723 1057 3794 μιμήσειτῇ
1089 3720 1232 3774 κατά
1276 3721 1556 3792 πρόθεσιν,
1604 3720 1747 3774 ὥστε

159 3819 256 3873 καὶ
282 3817 378 3870 τὸν
411 3816 638 3886 ἄπειρον
661 3813 748 3866 διὰ
775 3812 885 3879 τῷν
908 3810 1253 3881 φαινομένων
1276 3811 1372 3864 τοῦ
1412 3810 1618 3864 σκοποῦ
1643 3811 1748 3880 τῆς

157 3913 359 3981 τέχνης
412 3903 946 3975 καταστοχάσασθαι.
1015 3901 1188 3955 Πάλιν
1239 3903 1694 3973 ὲπεργασάμενος
1727 3941 1742 3965 ,

157 4002 508 4072 προσήγγισε
543 3997 707 4050 πλέον
743 3998 808 4066 τῇ
836 3995 1115 4066 ὁμοιότητι
1142 3991 1238 4046 τοῦ
1284 3993 1743 4066 σπουδαζομένου.

157 4092 294 4165 Εἶτα
313 4093 377 4146 τὸ
411 4091 614 4144 τέλειον
639 4089 734 4142 καὶ
753 4088 979 4158 ἀκριϐὲς
1001 4087 1141 4149 εἶδος
1180 4088 1646 4158 ὲγχειρουργήσας
1678 4087 1743 4156 τῇ

158 4187 283 4258 ὕλη,
315 4187 398 4248 εἰς
429 4183 604 4254 πέρας
625 4181 724 4254 τὴν
749 4181 944 4250 τέχνην
971 4181 1255 4250 προήγαγε
1279 4193 1294 4208 ο
1326 4180 1421 4232 καὶ
1448 4179 1562 4232 ἐστι
1586 4179 1744 4244 λέων,

155 4280 190 4350 ἥ
221 4283 248 4334 ὃ
275 4296 330 4331 τι
357 4278 428 4331 ἀν
459 4275 600 4346 τύχῃ
631 4273 780 4344 παρὰ
809 4271 904 4325 τοῦ
941 4271 1184 4340 τεχνίτου
1213 4270 1525 4341 γενόμενον,
1572 4273 1601 4323 ὀ
1641 4272 1746 4342 πρὸ

158 4366 394 4438 βραχέος
424 4365 638 4434 ἄσημος
685 4363 832 4426 λίθος
859 4379 875 4394 ο
905 4362 967 4414 οὐ
1011 4361 1112 4430 τῆς
1144 4360 1276 4430 ὖλης
1310 4359 1450 4431 πρὸς
1505 4361 1565 4414 τὸ
1610 4357 1746 4424 εἶδος

157 4448 602 4530 ὐπαμειφθείσης
627 4499 642 4519 ,
680 4455 815 4508 ἀλλὰ
855 4453 951 4506 τοῦ
995 4452 1169 4516 εἴδους
1199 4451 1639 4523 ὲπιτεχνηθέντος
1677 4454 1744 4524 τῇ

158 4552 280 4621 ὗλῃ.

1849 619 2209 673 conveniente
2228 615 2601 672 distribuitur.
2630 613 2690 669 Si
2713 614 2780 668 ad
2810 620 2996 683 partes
3016 611 3232 668 auditui
3259 614 3433 669 desti-

1847 720 2006 764 natas
2035 708 2295 774 confluat,
2328 707 2647 762 earumdem
2691 716 2903 761 natura)
2929 706 3229 762 miscetur:
3287 708 3434 762 sicut

1849 802 1905 856 in
1935 801 2124 864 labris,
2157 800 2454 854 labrorum.
2479 799 2539 852 In
2570 799 2790 853 ossibus
2812 798 3084 865 durescit;
3111 797 3166 851 in
3196 795 3433 851 medulla

1848 901 2098 948 tenerum
2136 892 2406 949 ellicitur:
2433 908 2558 947 cum
2583 907 2752 946 nervo
2787 890 3049 956 tenditur,
3079 904 3206 944 cum
3238 905 3432 959 supcr-

1847 983 1970 1039 ﬁcie
1995 984 2240 1052 partibus
2265 983 2481 1039 caeteris
2503 981 2882 1038 circumdatur
2907 1001 2922 1037 :
2956 982 3106 1052 ipsos
3137 981 3192 1036 in
3221 995 3432 1052 ungues

1849 1083 2122 1146 penetrat,
2173 1083 2231 1130 et
2270 1077 2325 1129 in
2364 1075 2568 1130 halitus
2589 1073 2726 1128 adeo
2756 1083 2946 1129 tenues
2975 1073 3338 1134 convertitur,
3372 1078 3434 1126 ut

1848 1167 1916 1224 de
1952 1167 2021 1223 iis
2056 1167 2239 1222 crines
2264 1167 2428 1222 etiam
2459 1168 2731 1221 oriantur.
2773 1164 2853 1218 Ac
2882 1165 2927 1218 si
2955 1165 3172 1234 quidem
3197 1179 3293 1234 per
3319 1171 3435 1216 tor-

1850 1271 2042 1316 tuosos
2093 1271 2308 1314 meatus
2345 1256 2571 1322 feratur,
2625 1257 2838 1326 crispos
2882 1266 2936 1312 et
2993 1256 3222 1312 innexos
3249 1254 3436 1310 crines

1849 1361 2094 1424 generat,
2129 1352 2213 1407 sin
2247 1351 2410 1407 iidem
2444 1351 2670 1414 halitus,
2716 1353 2784 1407 de
2822 1351 3026 1421 quibus
3067 1348 3200 1403 oriri
3246 1361 3436 1402 eomas

1849 1444 2111 1512 diximus,
2165 1460 2262 1516 per
2312 1453 2495 1500 rectos
2549 1451 2765 1499 meatus
2811 1451 3026 1506 exeant,
3063 1443 3226 1496 etiam
3262 1454 3436 1494 coma:

1850 1537 2021 1594 tensa:
2059 1549 2115 1593 et
2148 1548 2310 1593 recta:
2343 1545 2527 1593 erunt.
2583 1535 2690 1590 Sed
2719 1535 2866 1590 enim
2904 1534 3064 1604 longe
3086 1532 3156 1587 ab
3187 1531 3440 1587 instituto

1849 1629 2096 1701 digressa
2123 1632 2300 1684 oratio
2327 1638 2433 1692 est,
2472 1628 2600 1684 dum
2629 1629 2794 1684 altius
2826 1634 3036 1682 natura:
3065 1624 3438 1695 operibus-in-

1849 1721 2041 1786 hzeret,
2071 1727 2126 1774 et
2149 1720 2325 1775 oculis
2354 1719 2509 1790 quasi
2543 1720 2818 1789 subjicere
2855 1725 3106 1784 conatur,
3140 1732 3251 1787 quo
3275 1724 3440 1786 pacto

1851 1821 1904 1866 et
1931 1811 2075 1868 unde
2101 1812 2312 1883 singula
2339 1812 2392 1866 in
2423 1811 2585 1867 nobis
2610 1812 2902 1873 exsistant,
2942 1825 3068 1864 cum
3101 1825 3224 1880 quae
3252 1809 3320 1863 ad
3351 1807 3437 1861 vi-

1855 1905 2114 1967 vvndum,
2146 1915 2262 1958 tum
2287 1919 2410 1974 qua:
2438 1905 2506 1959 ad
2529 1903 2773 1975 jucunde
2795 1903 3088 1959 vivendum
3119 1899 3436 1972 comparata

1853 2003 2016 2050 sunt:
2051 2001 2105 2049 et
2135 1995 2180 2050 si
2205 1994 2336 2064 quid
2374 1995 2538 2050 etiam
2579 2005 2776 2066 praeter
2800 1994 2916 2049 haec
2949 1993 3004 2048 in
3033 1991 3196 2047 nobis
3216 1999 3325 2054 est,
3378 1991 3436 2046 in

1853 2084 2145 2154 partitione
2174 2085 2460 2156 superiore
2488 2085 2984 2156 comprehensum.
3007 2081 3119 2140 Nos
3143 2091 3324 2138 autem
3356 2081 3440 2137 in-

1851 2176 2206 2232 stitueramus
2253 2177 2636 2234 demonstrare
2674 2192 2901 2233 causam
2946 2176 3065 2233 sive
3103 2174 3438 2247 principium

1853 2275 2066 2323 natura:
2117 2279 2340 2334 nostrai,
2397 2268 2544 2340 quod
2609 2267 2819 2324 semine
2872 2267 3209 2329 continetur.
3261 2280 3444 2336 neque

1853 2361 2101 2419 animum
2132 2375 2255 2416 esse
2283 2361 2404 2416 sine
2435 2373 2688 2432 corpore,
2731 2375 2908 2430 neque
2936 2373 3138 2428 corpus
3168 2357 3290 2413 sine
3317 2355 3440 2410 ani-

1852 2467 1976 2507 mo:
2012 2451 2108 2506 sed
2140 2466 2207 2506 ex
2249 2451 2574 2522 corporibus
2633 2451 2890 2507 animatis
2933 2466 2998 2504 ac
3039 2448 3202 2513 vivis.
3251 2449 3438 2503 vivum

1851 2551 1907 2599 et
1933 2544 2234 2598 animatum
2270 2545 2390 2614 ipso
2419 2543 2505 2599 sui
2536 2543 2694 2598 initio
2718 2543 2921 2597 animal
2950 2541 3252 2612 procreari,
3287 2538 3436 2610 quod

1854 2635 2092 2690 humana
2138 2644 2336 2691 natura
2382 2636 2541 2706 quasi
2570 2636 2754 2690 nutrix
2801 2635 3106 2704 excipiens,
3167 2633 3284 2688 suis
3317 2632 3440 2704 ipsa

1855 2725 2214 2782 facultatibus
2237 2727 2368 2790 alat,
2392 2727 2576 2797 itaque
2599 2725 2799 2782 nutriri
2822 2725 3125 2781 secundum
3149 2734 3440 2794 utramque

1853 2825 2085 2887 partem,
2148 2831 2272 2872 cum
2333 2816 2554 2887 quidem
2607 2817 2850 2872 accretio
2880 2817 3020 2886 parti
3053 2816 3270 2884 utrique
3306 2827 3441 2870 con-

1854 2915 2118 2963 sentanea
2157 2907 2452 2965 manifesto
2487 2906 2954 2978 deprehendatur.
2987 2905 3125 2961 Nam
3159 2905 3345 2963 statim
3367 2904 3442 2960 ab

1853 3001 2012 3057 initio
2059 3015 2157 3072 per
2205 2999 2560 3055 artiﬁciosam
2589 3007 2644 3055 et
2675 3000 2938 3070 singulari
2964 2997 3035 3054 ab
3078 2997 3440 3067 intelligentia

1854 3092 2159 3163 profectam
2189 3093 2440 3161 corporis
2463 3090 2867 3153 formationem,
2901 3090 3081 3147 inesse
3111 3089 3240 3144 huic
3268 3088 3440 3144 facul-

1855 3191 2018 3238 tatem
2053 3181 2223 3236 animi
2263 3181 2596 3244 ostenditur,
2645 3189 3000 3252 apparentem
3040 3181 3190 3234 illam
3217 3179 3440 3250 quidem

1847 3274 2266 3330 obscuriuscule
2312 3273 2416 3329 sub
2455 3273 2698 3338 initium,
2731 3274 2823 3328 sed
2853 3273 3052 3328 deinde
3081 3271 3330 3342 corporis
3358 3274 3438 3324 in-

1845 3372 2154 3420 strumento
2182 3365 2342 3436 plane
2367 3363 2622 3418 absoluto
2643 3363 2952 3418 clarissime
2978 3359 3440 3431 resplendentem.

1845 3454 1996 3510 Licet
2029 3455 2212 3510 simile
2244 3453 2506 3524 quiddam
2540 3456 2934 3509 statuariorunt
2987 3453 3041 3508 in
3083 3465 3201 3508 arte
3232 3453 3439 3523 perspi-

1845 3565 1989 3604 cere.
2021 3547 2155 3601 Nam
2181 3557 2304 3602 esto
2332 3545 2585 3602 animalis
2615 3545 2902 3616 cujusdam
2926 3545 3122 3600 artilici
3144 3545 3432 3616 prbposita

1854 3642 1999 3702 idea,
2033 3654 2198 3710 quam
2225 3638 2316 3693 ille
2339 3637 2524 3706 cupiat
2555 3636 2609 3690 in
2635 3651 2770 3692 saxo
2791 3635 3116 3706 exprimere,
3147 3643 3440 3704 postquam

1857 3733 1960 3785 hoc
1988 3730 2128 3800 apud
2156 3729 2398 3783 animum
2429 3727 2640 3791 statuit,
2697 3726 2934 3796 primum
2981 3723 3050 3779 de
3086 3724 3315 3778 materie
3343 3738 3434 3778 co-

1857 3831 2022 3890 gnata
2067 3818 2300 3889 lapidem
2335 3814 2644 3872 abscindit:
2698 3813 2897 3870 deinde
2939 3812 3235 3884 superﬁuis
3282 3813 3442 3883 quasi

1857 3913 2176 3978 amputatis,
2209 3907 2446 3979 quodam
2471 3905 2634 3962 modo
2662 3905 2850 3960 rudem
2881 3905 2928 3960 ei
2960 3905 3188 3958 formam
3216 3905 3282 3959 ad
3307 3905 3434 3960 idea

1868 4004 2224 4057 simulacrum
2248 3999 2432 4053 animo
2459 4005 2785 4067 conceptum
2811 3997 3052 4051 inducit:
3078 3997 3145 4052 de
3177 3997 3281 4050 hac
3322 3997 3437 4067 jam

1851 4097 1939 4150 vel
1970 4097 2196 4167 ignarus
2225 4091 2498 4162 quispiam
2533 4089 2749 4146 consilii
2776 4089 3025 4153 artiﬁcis,
3059 4089 3279 4160 assequi
3313 4104 3434 4144 con-

1845 4188 2054 4257 jcctura
2105 4192 2306 4256 potest,
2353 4181 2486 4254 quid
2534 4182 2717 4252 operis
2753 4179 3076 4236 instituerit.
3133 4177 3233 4234 Ille
3271 4195 3435 4250 porro

1851 4274 2132 4344 prioribus
2157 4271 2363 4343 aliquid
2393 4269 2626 4333 addens,
2661 4270 2885 4339 propius
2913 4269 3078 4324 etiam
3105 4270 3173 4324 ad
3195 4270 3294 4334 rei,
3327 4285 3436 4340 qua

1853 4368 1906 4420 in
1963 4364 2318 4434 exprimenda
2397 4363 2632 4428 laborat,
2699 4360 3123 4417 similitudinem
3199 4361 3430 4415 accedit.

1854 4456 2104 4527 Denique
2147 4454 2398 4510 materiei
2445 4453 2676 4509 formem
2715 4461 2976 4508 accurate
3019 4450 3312 4522 perfectam
3352 4453 3430 4505 in-

1852 4549 2129 4618 sculpens,
2159 4546 2320 4602 ﬁnem
2351 4547 2454 4600 arti
2486 4545 2738 4616 imponit,
2770 4553 2965 4616 estque
2996 4543 3108 4613 jam
3144 4543 3284 4613 lapis
3311 4542 3435 4611 ipse

158 4647 236 4696 vel
270 4643 383 4702 leo,
435 4638 520 4692 vel
568 4637 754 4699 homo,
803 4636 887 4689 vel
927 4633 1193 4704 quidquid
1221 4633 1438 4688 tandem
1468 4635 1662 4691 artifex
1692 4635 1760 4691 de
1796 4653 1862 4692 eo
1897 4637 2044 4702 fecit,
2075 4651 2200 4689 cum
2245 4634 2409 4706 paqu
2441 4643 2568 4690 ante
2607 4633 2859 4690 informis
2907 4641 3096 4689 esset:
3140 4649 3249 4688 non
3289 4633 3434 4703 quod

158 4736 419 4790 materies
447 4747 541 4801 per
570 4729 802 4783 formam
847 4727 918 4781 sit
954 4733 1310 4787 commutata,
1365 4723 1461 4779 sed
1504 4726 1649 4796 quod
1681 4727 1731 4781 ei
1767 4726 1944 4781 forma
1979 4727 2228 4796 quaedam
2258 4725 2534 4796 ejusmodi
2567 4725 2642 4780 sit
2671 4725 2972 4782 artiﬁciose
3005 4724 3252 4779 inducta.

222 4823 480 4879 Τοιοῦτόν
512 4838 562 4873 τι
591 4821 686 4873 καὶ
729 4819 821 4872 ἐπὶ
861 4818 960 4888 τῆς
974 4814 1196 4886 ψ’)χῆςὸ
1239 4816 1614 4887 λογισάμενος,
1641 4818 1737 4871 τοῦ

1925 4818 2056 4873 Tale
2081 4818 2212 4888 quid
2245 4819 2290 4874 si
2319 4818 2486 4873 etiam
2508 4817 2577 4872 de
2605 4816 2790 4872 animo
2819 4817 3204 4888 cogitabimus,
3240 4831 3270 4870 a
3303 4831 3434 4871 vero

155 4917 362 4978 εἰκότος
395 4915 496 4984 οὐχ
521 4912 915 4983 ἁμαρτήσεται.
933 4909 1047 4979 Τὴν
1067 4908 1176 4987 γὰρ
1202 4908 1379 4964 πάντα
1403 4925 1463 4961 τε
1467 4909 1746 4978 χνιτεύου-

158 5026 255 5062 σαν
294 5008 465 5078 φύσιν
493 5007 558 5058 ὲκ
601 5005 700 5074 τῆς
723 5001 1018 5074 ὁμογενοῦς
1047 5001 1180 5072 ὕλης
1205 5001 1470 5067 λαϐοῦσαν
1499 5001 1556 5053 ὲν
1581 5002 1744 5073 ἑαυτῇ

154 5100 212 5154 τὸ
235 5101 300 5152 ὲκ
348 5096 447 5148 τού
484 5093 774 5165 ἀνθρώπου
821 5092 986 5162 μέρος
1010 5131 1024 5154 ,
1060 5091 1414 5162 δημιουργεῖν
1452 5091 1747 5162 ἀνδριάντα

157 5171 355 5260 φαμέν,
392 5187 606 5260 Ὥσπερ
636 5185 696 5251 δὲ
723 5187 790 5254 τῇ
832 5183 953 5236 κατ’
981 5183 1162 5251 ὀλίγον
1194 5181 1428 5254 ἐργασίᾳ.
1469 5182 1564 5245 τοῦ
1593 5181 1742 5253 λίθου

155 5284 213 5351 τὸ
259 5279 407 5344 εἶδος
445 5276 904 5349 ἐπηκολούθησεν,
933 5273 1298 5345 ἀμυδρότερον
1333 5275 1430 5344 μὲν
1467 5273 1619 5342 παρά
1645 5273 1744 5344 τὴν

156 5373 403 5442 πρώτην,
430 5369 766 5440 τελειότερον
796 5367 853 5420 δὲ
884 5366 1023 5438 μετά
1044 5365 1145 5435 τὴν
1169 5351 1262 5420 τοῦ
1293 5365 1454 5438 ἔργου
1493 5365 1742 5436 συμπλή-

159 5483 321 5534 gmw
347 5483 363 5497 ο
401 5463 546 5516 οὓτω
597 5463 691 5515 καὶ
725 5462 782 5514 έν
832 5463 899 5532 τῇ
923 5459 1018 5513 τοῦ
1066 5460 1298 5530 ὀργάνου
1337 5459 1517 5530 γλυφῇ
1547 5459 1609 5512 τὸ
1644 5459 1744 5529 τῆς

154 5557 333 5627 ψυχῆς
382 5551 524 5618 εἶδος
579 5553 722 5608 κατά
766 5552 865 5625 τὴν
919 5553 1209 5621 ἀναλογίαν
1238 5549 1333 5604 τοῦ
1379 5550 1741 5621 ὑποκειμένου

158 5649 539 5719 προφαίνεται.
570 5645 760 5709 ἀτελὲς
795 5647 852 5699 ἐν
879 5644 956 5716 τῷ
990 5644 1202 5709 ἀτελεῖ,
1225 5643 1321 5696 καὶ
1351 5645 1408 5697 ὲν
1436 5643 1514 5714 τῷ
1549 5643 1742 5713 τελείῳ

155 5741 382 5793 τέλειον.
422 5738 563 5809 Ἀλλ’
591 5737 651 5803 ἐξ
681 5737 857 5808 ἀρχῆς
891 5736 959 5790 ἂν
986 5734 1191 5789 τέλειον
1216 5732 1306 5804 ἦν’
1337 5734 1385 5786 εί
1421 5733 1494 5804 μὴ
1518 5733 1606 5786 διὰ
1639 5734 1740 5802 τῆς

160 5833 352 5896 κακίας
401 5834 434 5904 ἡ
491 5831 653 5902 φύσις
692 5815 1017 5902 ἐκολοϐώθη.
1054 5828 1154 5882 Διά
1197 5828 1416 5901 τούτοή
1465 5827 1600 5902 πρὸς
1643 5827 1742 5898 τὴν

1859 4928 1968 4966 non
2023 4926 2253 4981 prorsus
2307 4910 2710 4966 aberrabimus.
2759 4908 2975 4978 Quippe
3014 4923 3198 4963 rerum
3250 4907 3432 4978 opifex

1855 5011 2076 5073 sumpta
2112 5002 2331 5072 generis
2357 5001 2606 5071 ejusdem
2642 5001 2888 5062 materie,
2921 5016 3042 5070 quae
3068 5014 3193 5069 pars
3221 5007 3306 5054 est
3333 4999 3427 5053 ho.

1854 5094 2041 5157 minis,
2077 5094 2370 5163 quamdam
2408 5092 2564 5162 quasi
2606 5100 2842 5147 statuam
2875 5090 3125 5146 fabricat.
3151 5088 3219 5145 Ut
3249 5099 3430 5144 autem

1851 5186 1906 5242 in
1931 5184 2339 5254 comparatione
2369 5184 2680 5253 proposita,
2717 5183 2821 5236 levi
2855 5183 3090 5250 primum
3125 5195 3289 5250 opera
3314 5179 3425 5233 for-

1849 5293 1937 5330 ma
1975 5277 2093 5331 saxi
2130 5275 2492 5344 exsculpitnr,
2535 5290 2657 5342 qua:
2682 5273 3102 5328 obscuriuscnla
3134 5271 3293 5325 initio
3319 5281 3428 5331 est,

1848 5367 2144 5438 perfettior
2185 5375 2366 5420 autem
2410 5379 2576 5434 opere
2617 5363 2733 5432 jam
2774 5364 3072 5418 absoluto:
3127 5363 3208 5418 sic
3260 5363 3428 5417 etiam

1847 5459 2023 5516 nostri
2077 5459 2241 5528 hujus
2281 5459 2336 5513 in
2381 5457 2730 5513 instrumenti
2777 5457 3082 5526 sculptura,
3127 5455 3427 5510 secundum

1847 5551 2256 5623 proportionem
2287 5551 2548 5620 subjectae
2579 5548 2680 5612 rei,
2713 5557 2876 5618 prout
2912 5549 3026 5603 haec
3059 5548 3268 5602 scilicet
3301 5563 3425 5616 per.

1848 5643 2048 5706 ﬁcitur,
2095 5641 2314 5695 animus
2361 5639 2523 5695 etiam
2568 5637 2744 5707 magis
2797 5653 2862 5691 ac
2915 5637 3088 5706 magis
3133 5637 3420 5699 elucescit,

1850 5734 2112 5789 nimirum
2146 5731 2526 5802 imperfectum
2566 5744 2646 5791 se,
2681 5729 2810 5784 dum
2843 5727 2973 5782 illud
3008 5727 3184 5782 adhuc
3213 5728 3415 5796 imper-

1851 5827 2050 5882 fectum
2084 5833 2187 5892 est,
2219 5822 2419 5892 deinde
2461 5814 2774 5894 perfectum
2798 5822 2849 5876 in
2887 5822 3128 5892 perfecto
3157 5820 3420 5874 declarat.
