3886 6214
436 368 542 420 Ξὲἳ

1667 366 1724 421 S.
1761 364 2091 422 GREGORII
2132 366 2421 424 NYSSENI

3579 365 3689 419 256

435 491 516 545 Ac
546 488 739 546 fuisset
765 487 985 558 quidem
1023 487 1144 557 ipso
1193 487 1248 541 in
1281 493 1437 542 ortus
1473 487 1647 540 nostri
1695 486 1853 540 initio
1883 502 2004 555 per—

2121 487 2330 558 ὲμίτοιθῆ
2361 487 2456 542 καὶ
2503 485 2692 558 ζωὼδη
2722 485 2936 554 γένεσιν
2966 484 3236 551 κοινωνία,
3273 483 3373 536 οὐκ
3415 479 3573 542 εὐθὺς
3599 483 3696 533 ἐκ-

438 582 638 648 fectus,
668 581 714 639 si
738 596 834 650 per
870 588 1155 650 peccatum
1195 580 1354 649 quasi
1390 579 1638 633 mutilata
1668 586 1861 632 natura
1900 594 2010 633 non

429 683 610 732 esset.
643 672 801 732 Nunc
831 689 955 728 cum
989 673 1262 744 particeps
1301 680 1499 726 natura
1549 678 1738 726 nostra
1775 671 1848 726 sit
1891 671 2011 740 ejus

433 772 620 830 ortus,
653 765 750 837 qui
778 773 833 822 et
857 765 1007 822 vitiis
1033 765 1330 829 obnoxius,
1359 772 1414 819 et
1440 763 1756 818 animalium
1784 765 2012 818 rationis

440 857 743 926 expertium
767 857 912 912 ortui
945 855 1121 914 affinis
1163 864 1250 911 est
1279 875 1293 910 :
1326 856 1442 911 ﬁeri
1474 857 1662 926 nequit
1689 865 1749 910 ut
1777 857 2014 910 hominis

434 947 496 1001 iu
531 947 785 1016 figmento
817 947 1000 1004 statim
1042 947 1226 1001 divina
1278 947 1459 1017 imago
1501 947 1733 1014 eluceat,
1781 946 1879 1003 sed
1924 947 2012 1000 via

440 1037 676 1106 quadam
699 1043 753 1093 et
773 1037 966 1092 ordine
988 1037 1262 1092 hominem
1286 1037 1442 1107 quasi
1468 1046 1836 1108 penetrantem
1861 1053 2015 1094 cras-

432 1145 534 1185 sas
567 1138 622 1184 et
649 1143 679 1182 a
708 1129 886 1184 brutis
926 1127 1203 1198 profectas
1229 1130 1284 1182 in
1314 1130 1498 1184 animo
1525 1129 1911 1199 proprietates,
1944 1127 2012 1183 ad

441 1220 834 1290 perfectionem
899 1220 1183 1290 pervenire
1235 1235 1464 1276 necesse
1518 1229 1622 1275 est.
1689 1219 2014 1290 llujusmodi

435 1309 700 1381 quiddam
732 1326 832 1368 nos
864 1327 1096 1383 magnus
1129 1311 1294 1366 etiam
1337 1311 1631 1380 Apostolus
1663 1312 1775 1368 ille.
1806 1311 1860 1364 iu
1900 1310 2016 1379 epi-

438 1404 580 1459 stola
610 1404 678 1462 ad
711 1403 1026 1460 Corinthios
1053 1403 1259 1475 scripta
1295 1403 1454 1459 docet
1483 1422 1496 1458 :
1540 1421 1559 1454 ι
1588 1403 1724 1456 Cum
1753 1416 1908 1471 puer,
1935 1403 2017 1456 in-

437 1495 584 1563 quit,
623 1510 822 1558 essem,
855 1510 1146 1565 puerorum
1172 1509 1324 1550 more
1346 1495 1611 1564 loquebar
1631 1501 1685 1550 et
1715 1494 2016 1548 ratiocina-

442 1585 562 1639 bar.
585 1583 682 1640 Vir
709 1585 904 1649 factus,
927 1586 1156 1657 puerilia
1183 1585 1372 1640 isthmc
1417 1584 1626 1640 abolevi
1659 1587 1704 1618 ”
1739 1589 1776 1640 ‘.
1809 1604 1826 1637 ι
1855 1584 2018 1640 Nimi-

441 1692 562 1730 rum
595 1678 958 1747 cogitationes
984 1677 1170 1748 pueris
1206 1685 1591 1732 consentaneae
1621 1693 1729 1731 non
1760 1692 1828 1732 eo
1857 1688 2017 1746 pacto

2115 578 2348 650 λάμπειν
2379 579 2476 650 τὴν
2503 578 2650 632 θείαν
2682 579 2866 634 εἰκόνα
2907 581 2963 632 ἐν
2993 578 3071 648 τῷ
3107 577 3384 648 πλάσματι
3412 579 3693 648 ἐποίησεν,

2113 670 2228 724 ἀλλ’
2256 670 2360 741 ὁδῷ
2385 687 2488 724 τινι
2520 670 2614 723 καὶ
2645 669 2939 741 ἀκολουθίᾳ
2962 668 3052 723 διὰ
3073 670 3182 722 τῶν
3209 669 3407 722 ύλικῶν
3428 670 3520 722 καὶ
3543 668 3694 732 ζωω·

2112 762 2376 834 δεστέρων
2400 764 2498 834 τῆς
2552 762 2731 832 ψυχῆς
2764 761 3072 833 ἰδιωμάτων
3096 762 3188 813 ἐπὶ
3225 763 3286 814 τὸ
3327 761 3531 814 τέλειον
3568 763 3694 829 ἄγει

2113 854 2203 908 τὸν
2255 852 2570 908 ἄνθπωπον.
2609 853 2685 906 Τὸ
2725 852 2783 906 δὲ
2814 851 3055 905 τοιοῦτον
3100 851 3275 922 δόγμα
3317 852 3409 904 καὶ
3447 853 3475 904 6
3519 853 3696 922 μέγας

2127 942 2450 1007 ’Δπόστολος
2476 946 2535 998 ἐν
2555 946 2621 1014 τῇ
2652 944 2789 1015 πρὸς
2816 942 3136 1013 Κορινθίους
3177 943 3438 1007 διδάσκει,
3469 943 3645 1010 λέγων
3679 959 3693 973 ο

2121 1051 2140 1084 ι
2178 1033 2308 1087 Ὅτε
2365 1034 2514 1106 ἥμην
2545 1036 2756 1105 νήπιος,
2795 1034 3018 1088 ἐλάλουν
3056 1035 3132 1098 ὡς
3180 1037 3404 1106 νήπιος,
3454 1033 3697 1102 ἐλογιζό-

2118 1143 2229 1197 μην
2261 1127 2337 1190 ὡς
2375 1129 2588 1200 νήπιος.
2635 1128 2761 1182 Ὅτε
2822 1127 2878 1180 δὲ
2917 1127 3116 1196 γέγονα
3177 1127 3333 1199 ἀνὴρ,
3369 1129 3696 1199 κατήργησα

2115 1221 2184 1274 τὰ
2211 1219 2305 1274 τοῦ
2339 1222 2557 1292 νηπίου.
2582 1241 2601 1273 ι
2637 1223 2751 1276 Ούκ
2777 1221 2943 1293 ἀλλης
2994 1224 3052 1275 ἐν
3084 1220 3160 1292 τῷ
3190 1221 3344 1293 ἀνδρί
3388 1221 3484 1293 τῆς
3516 1221 3697 1291 ψυχῆς

2116 1309 2558 1381 ἐπεισελθούσης,
2592 1311 2742 1382 παρά
2773 1311 2873 1383 τὴν
2917 1313 2976 1365 ἐν
3029 1310 3108 1382 τῷ
3145 1311 3412 1382 μειρακίῳ
3464 1311 3695 1381 νοουμέ-

2119 1419 2240 1472 νην,
2263 1405 2296 1472 ή
2323 1403 2734 1474 νηπιωδεστέρα
2759 1406 3116 1476 καταργεῖται
3155 1404 3380 1467 διάνοια,
3401 1405 3492 1456 καὶ
3530 1405 3564 1473 ἡ
3595 1405 3696 1456 ἀν-

2116 1493 2325 1564 δρώδης
2368 1495 2674 1564 ἐγγίνεται·
2710 1494 2846 1548 ἀλλά
2895 1497 2994 1565 τῆς
3039 1495 3210 1565 αὐτῆς
3255 1495 3313 1548 ὲν
3352 1495 3544 1564 ἐκείνῳ
3594 1494 3699 1562 μὲν

2117 1585 2180 1638 τὺ
2229 1586 2437 1650 ἀτελὲς.
2472 1589 2531 1641 ὲν
2576 1585 2748 1655 τούτῳ
2775 1587 2831 1640 δὲ
2871 1586 3310 1658 διαδεικνυούσης
3365 1585 3426 1638 τὸ
3465 1585 3694 1640 τέλειον.

2119 1683 2330 1754 Ὠσπερ
2349 1682 2458 1754 γὰρ
2485 1684 2554 1738 τά
2597 1681 2841 1754 φυόμενά
2865 1699 2924 1734 τε
2952 1683 3047 1736 καὶ
3075 1682 3374 1748 αὐξάνοντα
3405 1681 3505 1750 ζῇν
3541 1679 3698 1748 λέγο-

441 1768 725 1824 abolentur
743 1768 934 1826 ascitis
952 1769 1219 1833 virilibus,
1242 1777 1302 1822 ut
1323 1769 1462 1824 alius
1489 1769 1704 1824 animus
1725 1769 1792 1824 ab
1818 1785 1905 1831 eo,
1923 1769 2016 1839 qui

2122 1793 2242 1847 μεν,
2277 1777 2456 1831 πάντα
2489 1792 2550 1829 τε
2597 1775 2666 1829 τὰ
2703 1777 2762 1830 ὲν
2813 1774 3072 1846 μετουσίᾳ
3116 1772 3258 1844 ζωῆς
3313 1773 3407 1825 καὶ
3457 1775 3699 1842 φυσικῆς

439 1869 558 1916 erat
593 1861 648 1918 in
682 1877 873 1932 puero,
908 1863 963 1916 in
993 1862 1269 1918 hominem
1318 1863 1432 1934 jam
1471 1862 1649 1918 virum
1699 1862 1973 1934 immigret
2002 1879 2017 1918 :

2121 1843 2249 1922 όντα
2284 1870 2572 1940 κινήσεως,
2618 1869 2719 1922 οὑκ
2761 1843 2826 1924 ἄν
2864 1885 2948 1931 τις
2982 1843 3165 1937 ἄψυχα
3207 1843 3450 1935 φήσειεν,
3491 1865 3553 1917 οὐ
3589 1866 3700 1934 μὴν

441 1951 538 2008 sed
567 1967 677 2007 uno
708 1953 1010 2025 eodemque
1041 1954 1225 2008 animo
1251 1953 1565 2009 facultatem
1599 1953 1653 2008 in
1686 1969 1858 2023 puero
1888 1969 2022 2008 nee-

373 2073 376 2076 ~
441 2043 576 2097 dum
606 2043 927 2114 perfectam,
967 2044 1024 2100 in
1080 2046 1201 2100 viro
1241 2045 1541 2116 perfectam
1579 2045 2017 2101 demonstrante.

442 2134 912 2200 Quemadmodum
937 2137 1082 2191 enim
1114 2153 1200 2193 res
1221 2149 1532 2200 nascentes.
1566 2155 1686 2209 qua:
1715 2138 2022 2194 incremen-

438 2238 557 2282 tum
592 2235 838 2292 sumunt,
875 2228 1058 2286 vivere
1091 2228 1311 2298 quidem
1341 2230 1462 2283 illas
1495 2227 1770 2284 dicimus:
1802 2230 1945 2285 sicut
1967 2241 2021 2285 et

441 2318 589 2388 quod
619 2318 743 2374 vita:
776 2320 1150 2389 naturalisque
1174 2327 1358 2378 motus
1392 2328 1476 2378 est
1504 2321 1797 2392 particeps,
1845 2322 2021 2376 inani-

446 2427 594 2466 mum
627 2411 736 2466 dici
785 2413 994 2482 nequit,
1034 2428 1144 2467 non
1195 2422 1379 2468 tamen
1417 2414 1658 2484 perfecta
1707 2415 1762 2468 in
1818 2415 1898 2469 eis
1941 2415 2021 2470 sic

441 2502 757 2557 viventibus
815 2505 998 2556 anima
1049 2505 1218 2558 statui
1277 2511 1476 2574 potest.
1531 2501 1668 2556 Nam
1720 2504 1774 2556 in
1821 2505 2021 2574 plantis

441 2610 770 2664 quamquam
789 2596 1018 2650 exsistat
1049 2595 1245 2649 anima:
1261 2596 1480 2664 propria
1507 2594 1754 2663 quaedam
1787 2593 2019 2657 effectio,

437 2701 553 2741 non
588 2695 770 2740 tamen
801 2701 879 2740 ea:
913 2702 1176 2740 sensuum
1209 2693 1416 2739 motum
1450 2685 1671 2763 habent.
1701 2683 1902 2739 Deinde
1931 2702 2022 2740 su-

445 2792 540 2846 pra
580 2777 702 2840 has,
745 2777 1004 2832 animalia
1044 2778 1207 2832 bruta
1254 2786 1385 2832 sunt
1414 2777 1504 2831 illa
1553 2777 1774 2848 quidem
1826 2778 2023 2831 anima:

445 2868 706 2925 facultate
743 2870 1010 2940 praedita:
1063 2869 1226 2925 liuem
1259 2885 1391 2925 vero
1421 2869 1672 2923 ultimum
1705 2877 1760 2924 et
1811 2870 2019 2938 perfec-

442 2965 648 3018 tionem
683 2977 792 3018 non
827 2972 956 3018 sunt
976 2963 1192 3034 adepta.
1219 2962 1432 3032 Quippe
1457 2978 1488 3017 a
1512 2963 1743 3017 rationis
1766 2970 1820 3016 et
1858 2963 2020 3016 intel-

445 3055 686 3125 ligentiae
731 3054 1194 3124 praestantissimo
1223 3055 1369 3109 dono
1408 3069 1519 3108 non
1560 3061 1689 3109 sunt
1733 3055 2020 3108 instructa.

445 3145 542 3199 Sic
585 3160 772 3200 veram
801 3145 938 3200 adeo
967 3145 1374 3215 perfectamque
1407 3146 1646 3199 animam
1685 3146 1857 3200 solam
1899 3159 2024 3200 esse
2049 3180 2093 3240 ο

447 3236 742 3290 humanam
783 3235 1102 3300 statuimus,
1151 3233 1608 3289 conlirmantibus
1643 3234 1697 3287 in
1738 3233 1844 3287 hoc
1895 3248 2020 3288 sen-

438 3329 672 3383 tentiam
707 3338 954 3383 nostram
988 3326 1366 3383 ellectionibus
1389 3325 1511 3394 ejus
1538 3325 1829 3380 universis.
1868 3324 2023 3391 Quod

445 3421 624 3489 siqua
662 3434 751 3474 res
780 3419 888 3474 alia
934 3419 1212 3489 particeps
1257 3418 1421 3472 etiam
1466 3417 1592 3472 vitae
1629 3424 1736 3478 est,
1789 3431 1852 3471 ea
1895 3431 2026 3470 vero

446 3513 689 3568 animata
721 3512 924 3566 dicitur
964 3511 1245 3565 hominum
1280 3525 1450 3573 more,
1486 3523 1674 3563 vocem
1716 3508 1856 3563 hanc
1900 3523 2028 3578 pro-

442 3606 565 3677 pria
597 3604 1000 3676 significatione
1027 3619 1138 3659 non
1160 3604 1564 3674 usurpantium.
1596 3604 1712 3658 Non
1738 3603 1883 3659 enim
1920 3604 2024 3658 hoc

439 3712 510 3750 ea
553 3696 609 3751 fit
641 3695 879 3761 ratione,
913 3696 1072 3766 quasi
1101 3695 1340 3766 perfecta
1369 3697 1442 3751 sit
1469 3696 1526 3751 in
1556 3695 1828 3765 ejusmodi
1860 3694 2024 3750 rebus

443 3789 653 3853 anima,
681 3789 776 3844 sed
810 3788 958 3858 quod
1001 3795 1186 3858 partes
1223 3787 1492 3857 quasdam
1537 3789 1591 3842 in
1627 3788 1710 3844 eis
1741 3787 2024 3844 videamus

440 3881 796 3936 eﬂ‘ectionum
824 3881 1022 3935 anima:
1057 3881 1401 3950 propriarum
1438 3881 1728 3944 exsistere,
1757 3895 1896 3949 quas
1935 3879 2022 3950 ip-

445 3989 542 4029 sas
582 3983 695 4027 tum
731 3973 966 4043 primum
1001 3973 1236 4042 cmpisse
1286 3972 1525 4028 hominis
1554 3973 1609 4026 in
1642 3980 1836 4026 natura
1868 3987 2025 4027 acce-

444 4065 653 4136 pimus,
710 4081 835 4120 cum
881 4064 950 4122 ad
981 4072 1186 4120 statqu
1235 4065 1742 4134 perturbationibus
1777 4071 1834 4118 et
1871 4063 2022 4118 vitiis

2119 1960 2239 2013 οὐδὲ
2293 1961 2505 2024 τελείας
2549 1959 2728 2030 ψυχῆς
2784 1959 3034 2030 μετέχειν
3086 1958 3185 2028 τὴν
3232 1954 3487 2025 τοιαύτην
3550 1954 3701 2025 ζωὴν

2121 2051 2267 2104 ἐστιν
2300 2054 2491 2106 εἰπεῖν.
2520 2051 2792 2122 Γενομένη
2818 2052 2926 2122 γὰρ
2960 2053 3020 2103 ὲν
3041 2052 3153 2114 τοῖς
3177 2051 3364 2120 φυτοῖς
3389 2047 3594 2119 ψυχική
3616 2065 3702 2110 τις

2120 2143 2386 2214 ἐνέργεια,
2430 2143 2591 2214 μέχρι
2636 2143 2745 2196 τῶν
2783 2143 2904 2198 κατ’
2946 2141 3198 2213 αἴσθησιν
3232 2140 3550 2212 κινημάτων
3598 2138 3705 2192 οὐκ

2122 2235 2540 2304 ἔφθασεοῐῖάλιν
2585 2235 2642 2289 δὲ
2679 2236 2822 2289 κατά
2866 2234 3182 2306 προσθήκην
3226 2231 3456 2303 δύναμίς
3481 2249 3566 2293 τις
3597 2229 3704 2297 ψυο

2121 2326 2248 2397 χικὴ
2287 2329 2400 2389 τοῖς
2448 2327 2663 2396 ἀλόγοις
2695 2326 3044 2396 ἐγγινομένη,
3077 2324 3198 2378 οὐδὲ
3227 2321 3366 2393 αὐτὴ
3387 2321 3480 2375 τοῦ
3513 2321 3705 2383 τέλους

2121 2419 2358 2488 ἐφίκετο,
2381 2419 2538 2488 λόγου
2573 2436 2632 2472 τε
2682 2419 2776 2471 καὶ
2821 2418 3055 2480 διανοίας
3099 2416 3258 2487 χάριν
3296 2418 3354 2468 ἐν
3405 2415 3575 2484 ἑαυτῇ
3634 2415 3706 2484 μὴ

2121 2512 2442 2581 χωρήσασα.
2467 2511 2565 2564 Διά
2602 2509 2759 2563 τοῦτό
2788 2527 2967 2580 φαμεν
2992 2509 3090 2580 τὴν
3131 2509 3228 2577 μὲν
3253 2505 3429 2577 ἀληθῆ
3467 2505 3566 2557 καὶ
3616 2523 3705 2558 τε-

2121 2604 2271 2656 λείαν
2307 2603 2484 2672 ψυχὴν
2521 2603 2865 2674 ἀνθρωπίνην
2891 2596 3062 2666 εῖναι,
3091 2600 3179 2653 διὰ
3210 2599 3391 2670 πάσης
3423 2596 3702 2668 ἐνεργείας

2121 2693 2550 2766 γνωριζομένην.
2582 2695 2644 2748 Εἰ
2675 2694 2732 2748 δέ
2758 2711 2810 2747 τι
2835 2693 2964 2748 ἀλλο
2987 2693 3203 2763 μετέχει
3238 2691 3406 2760 ζωῆς,
3444 2691 3503 2741 ὲν
3533 2705 3702 2740 κατα-

2122 2789 2314 2857 χρήσει
2341 2788 2450 2840 τινὶ
2479 2786 2767 2858 συνηθείας
2822 2785 3063 2857 ἔμψυχον
3105 2784 3357 2853 λέγομεν,
3397 2780 3470 2852 μὴ
3507 2780 3596 2833 δτι
3624 2796 3702 2832 τε-

2123 2878 2244 2932 λεία
2273 2881 2331 2932 ὲν
2371 2877 2582 2940 τούτοις
2615 2877 2764 2930 ἐστὶν
2801 2879 2835 2948 ὴ
2869 2875 3038 2948 ψυχὴ,
3059 2876 3197 2929 ἀλλά
3219 2890 3338 2927 τινα
3376 2873 3518 2943 μέρη
3545 2871 3702 2941 ψυχι-

2124 2968 2227 3037 κῆς
2247 2966 2542 3038 ἐνεργείας,
2565 2966 2601 3020 ἃ
2638 2966 2734 3020 καὶ
2766 2968 2823 3020 ὲν
2861 2965 2940 3037 τῷ
2973 2963 3245 3036 ἀνθρώπῳ
3275 2963 3416 3015 κατά
3465 2965 3570 3034 τὴν
3609 2980 3703 3033 μυ-

2126 3058 2314 3128 στικὴν
2335 3057 2430 3111 τοῦ
2461 3058 2739 3121 Μωῦσέως
2787 3057 3230 3128 ἀνθρωπογονίαν
3253 3055 3702 3125 ὲπιγεγενῆσθαι,

2123 3147 2212 3200 διὰ
2243 3149 2344 3218 τὴν
2373 3148 2507 3220 πρὸς
2537 3148 2599 3200 τὸ
2641 3148 2883 3217 ἐμπαθὲς
2915 3146 3226 3216 οἰκειότητα
3277 3144 3701 3216 μεμαθήκαμεν.

2126 3240 2225 3293 Διά
2267 3239 2426 3293 τοῦτο
2473 3239 2855 3310 συμϐουλεύων
2880 3241 2908 3292 6
2942 3238 3153 3302 Παῦλος
3181 3239 3292 3302 τοῖς
3329 3237 3553 3292 ἀκούειν
3581 3237 3704 3306 βου-

2125 3331 2373 3402 λομένοις
2425 3332 2525 3402 τῆς
2571 3331 2904 3402 τελειότητος
2929 3330 3180 3402 ἔχεσθαι.
3222 3331 3318 3384 καὶ
3368 3329 3460 3382 τὸν
3505 3329 3708 3398 τρόπον

2126 3423 2275 3486 ὅπως
2302 3423 2369 3476 ἂν
2394 3422 2488 3475 τοῦ
2540 3421 2971 3492 σπουδαζομένου
3004 3422 3216 3491 τύχοιεν
3260 3420 3600 3484 ὑποτίθεται,
3626 3419 3711 3470 λέ-

2126 3533 2261 3584 γων,
2295 3513 2705 3567 ἀπεκδύσασθαι
2739 3514 2846 3567 δεῖν
2873 3514 2964 3566 τὸν
3007 3512 3235 3566 παλαιὸν
3261 3512 3583 3583 ἄνθρωπον,
3620 3511 3716 3563 καὶ

2127 3606 2451 3660 ἐνδύσασθαι
2481 3607 2571 3658 τὸν
2592 3607 2730 3670 νέον,
2764 3607 2854 3660 τὸν
2883 3605 3342 3677 ἀνακαινούμενον
3375 3605 3493 3656 κατ’
3523 3603 3717 3654 εἰκόνα

2128 3699 2222 3752 τοῦ
2271 3699 2572 3761 κτίσαντος.
2618 3699 2757 3751 Ἀλλ’
2791 3695 3175 3768 ἐπανέλθωμεν
3232 3698 3431 3760 πάντες
3481 3697 3578 3748 ἐπὶ
3613 3695 3718 3763 τὴν

2131 3790 2338 3860 θεοειδῆ
2361 3791 2522 3861 χάριν
2544 3790 2780 3861 ἐκείνην,
2817 3794 2875 3844 ὲν
2956 3791 3139 3844 ἔκτισε
3166 3790 3228 3844 τὸ
3255 3791 3375 3844 κατ’
3407 3789 3580 3860 ἀρχὰς
3621 3787 3719 3840 τὸν

2129 3881 2412 3950 ἄνθρωπον
2439 3884 2467 3935 ὁ
2499 3880 2651 3945 Θεὸς,
2685 3881 2854 3935 εἰπών
2876 3899 2889 3912 ⁸
2917 3883 2998 3934 ὅτι
3023 3899 3042 3932 ι
3075 3881 3394 3952 Ποιήσωμεν
3423 3875 3720 3946 ἄνθρωπον

2129 3972 2249 4025 κατ’
2282 3973 2465 4026 εἰκόνα
2495 3974 2588 4026 καὶ
2623 3973 2882 4043 ὁμοίωσιν
2915 3971 3241 4042 ἡμετέραν.»
3270 3963 3340 4040 ᾯ
3377 3970 3412 4039 ἡ
3441 3967 3570 4031 δόξα
3617 3966 3724 4019 καὶ

2127 4065 2189 4117 τὸ
2219 4065 2418 4135 κράτος
2449 4067 2529 4129 εἰς
2559 4066 2684 4128 τοὺς
2705 4065 2906 4128 αἰῶνας
2934 4063 3043 4117 τῶν
3072 4063 3308 4117 αἰώνων.
3345 4061 3539 4132 Ἀμήν.

441 4159 746 4214 obnoxium
790 4173 896 4214 nos
932 4157 1348 4214 demisissemus
1379 4175 1392 4211 :
1427 4157 1573 4211 sicut
1603 4147 1689 4211 est
1717 4173 1786 4210 ex
1824 4171 2027 4210 arcana
2064 4153 2232 4212 Mosis
2291 4157 2359 4211 de
2399 4157 2639 4213 hominis
2691 4166 2817 4211 ortu
2863 4156 3182 4211 narratione
3223 4154 3583 4210 declaratum.
3620 4149 3715 4206 Id-

441 4252 598 4306 circo
634 4251 842 4308 Paulus
871 4267 938 4308 eo
981 4253 1125 4317 loco,
1157 4267 1268 4321 quo
1300 4251 1539 4307 consulit
1570 4252 1826 4306 omnibus
1878 4253 1972 4321 qui
2021 4265 2213 4320 parere
2275 4253 2512 4306 consilio
2551 4251 2728 4321 ipsius
2769 4251 2961 4316 velint,
2997 4260 3057 4306 ut
3099 4249 3420 4321 perfectioni
3458 4246 3572 4302 sint
3620 4245 3720 4298 ad-

439 4343 621 4398 alicti:
673 4344 894 4399 modum
932 4344 1096 4400 etiam
1135 4343 1378 4414 subjicit,
1429 4359 1539 4414 quo
1587 4343 1701 4398 fieri
1747 4351 2029 4413 compotes
2085 4345 2198 4399 voti
2251 4345 2338 4399 sui
2376 4344 2607 4413 possint,
2655 4359 2782 4398 cum
2836 4343 2958 4398 ait:
3004 4341 3327 4397 Exuendum
3365 4355 3488 4396 esse
3545 4337 3722 4392 horni-

443 4453 571 4491 nem
597 4445 858 4502 veterem,
886 4447 942 4492 et
1001 4436 1335 4493 induendum
1386 4452 1614 4500 novum,
1639 4437 1733 4506 qui
1771 4437 1841 4492 sit
1899 4435 1965 4489 ad
2018 4436 2307 4508 imaginem
2342 4438 2622 4493 Creatoris
2665 4436 3027 4492 instauratus.
3075 4435 3192 4505 Age
3237 4433 3422 4504 igitur,
3466 4437 3719 4484 reverta-

443 4544 574 4583 mur
607 4545 800 4584 omnes
844 4531 912 4585 ad
941 4529 1188 4585 divinam
1217 4529 1368 4584 illam
1406 4531 1658 4600 gratiam,
1694 4543 1803 4600 qua
1840 4544 2024 4583 rerum
2077 4529 2238 4584 initio
2287 4528 2430 4585 Deus
2491 4528 2768 4584 hominem
2799 4539 3045 4584 creatum
3095 4527 3334 4587 ornavit,
3385 4537 3510 4582 cum
3561 4520 3716 4575 dice-

445 4632 534 4676 ret
568 4639 581 4676 :
627 4639 648 4671 ο
683 4619 970 4678 Faciamus
1011 4621 1287 4678 hominem
1317 4621 1386 4676 ad
1429 4623 1718 4694 imaginem
1755 4622 2283 4693 similitudinemque
2333 4630 2601 4680 nostram.
2640 4641 2659 4676 ι
2693 4621 2752 4676 Εἰ
2792 4623 2864 4678 sit
2896 4621 3067 4695 gloria
3112 4627 3167 4676 ct
3211 4627 3454 4690 potestas
3496 4613 3721 4670 STClllIS

446 4718 697 4775 infinitis.
729 4717 920 4774 Amen.

523 4872 592 4905 ”‘
622 4874 747 4932 Cor.
789 4891 906 4942 xui,
947 4875 1035 4933 ll.
