3886 6214
144 248 238 304 2"}?
881 231 950 288 IN
989 231 1235 294 VERBA,
1279 226 1418 280 ΕΛΘ
1430 225 1498 278 Η
1513 223 1561 277 Μ
1577 221 1664 276 L’S

1865 213 2100 282 'INEM,
2143 216 2321 284 Ετε.,
2360 214 2569 272 ORAT.
2607 215 2648 273 1.
3292 214 3399 266 25ίί

168 365 3377 430 rw—

1239 534 1377 589 ΤΟΥ
1403 534 1494 588 ΕΝ
1528 529 1758 587 ΑΓΙΟΙΣ
1794 529 2067 586 ΠΑΤΡΟΣ
2109 528 2308 582 ΗΜΩΝ

995 725 1867 846 ΓΡΗΓΟΡΙΟΥ
1973 723 2566 839 ΝΥΣΣΗΣ

356 974 452 1039 Εἰς
483 972 553 1027 τὰ
589 971 690 1042 τῆς
733 967 960 1041 Γραφῆς
994 965 1215 1037 ῥήματα
1246 980 1261 993 ο
1308 959 1663 1028 Ποιήσωμεν
1705 957 2020 1027 ἄνθρωπον
2052 956 2180 1009 κατ’
2211 954 2416 1008 εἰκόνα
2441 951 2734 1021 ἡμετέραν
2760 949 2861 1004 καί
2889 949 3199 1020 δμοίωσινι

1755 1140 1824 1156 ’-

769 1298 890 1413 S.
973 1296 1102 1408 P.
1190 1297 1335 1409 N.
1425 1285 2104 1407 GREGORII
2181 1278 2800 1397 NYSSENI

358 1571 436 1635 In
465 1534 815 1646 scripturae
845 1560 1063 1633 verba,
1100 1557 1431 1618 Faciamus
1462 1554 1770 1615 hominem
1799 1550 1880 1610 ad
1909 1550 2238 1627 imaginem
2281 1557 2336 1610 et
2387 1547 2863 1610 similitudinem
2893 1552 3197 1606 nostram.

1308 1767 1461 1815 Petro
1482 1759 1740 1813 Francisco
1767 1759 1890 1808 Zino
1912 1760 2213 1818 interprete.

791 2113 1009 2169 ΛΟΓΟΣ
1045 2113 1124 2167 Αν.
1774 2092 1822 2149 Α

1774 2092 1822 2149 Α
2466 2095 2726 2156 ORATIO
2763 2095 2805 2152 l.

230 2231 483 2292 ῐιαλαιοῦ
516 2231 714 2302 χρέους
776 2228 982 2281 ἔκτισιν
1037 2221 1456 2294 ἀποπληρωσων
1505 2222 1644 2290 ἥκω,
1689 2212 1752 2272 οὗ

1922 2217 2176 2272 Debitam
2209 2214 2442 2270 auribus
2465 2212 2666 2268 vestris
2689 2209 3114 2280 expositionem,
3145 2207 3306 2278 cujus
3331 2222 3429 2262 no-

152 2328 263 2398 τὴν
293 2296 944 2387 ἀπόδοσιν-ἀνεϐαλόμην,
972 2312 1071 2366 οὐκ
1101 2310 1464 2384 ἀγνωμοσύνῃ
1496 2327 1686 2381 προαιρ

1896 2308 2002 2362 niue
2043 2315 2304 2376 tanquam
2337 2319 2444 2358 aere
2472 2303 2654 2357 alieno
2685 2301 2838 2356 vobis
2868 2296 3430 2370 jampridem'obstri»

153 2392 329 2474 σεως,
362 2408 478 2463 ἀλλ’
507 2406 763 2476 ιίισθενείςιι⁸
805 2402 1075 2472 σώματος,
1122 2401 1283 2472 χρέος
1324 2398 1687 2468 ἁναγκαιότατ

1906 2415 1984 2453 ,us
2035 2413 2156 2452 sum
2201 2396 2542 2458 necessario,
2578 2395 2849 2463 cujusque
2889 2393 3214 2448 solutionem
3254 2392 3440 2445 adhuc

147 2504 265 2556 καὶ
283 2500 634 2569 ὀφειλόμενον
671 2495 824 2566 ὑμῶν
852 2496 919 2564 τῇ
953 2491 1238 2562 ἀκροάσει.
1282 2491 1393 2542 Καὶ
1421 2489 1530 2560 γὰρ
1568 2489 1635 2542 ἂν
1667 2505 1681 2540 ε

1899 2506 1971 2544 on
2004 2490 2203 2560 ingrati
2239 2488 2406 2542 animi
2435 2488 2587 2548 vitio,
2624 2484 2720 2540 sed
2757 2485 2970 2539 infirma
3005 2488 3256 2555 corporis
3291 2485 3433 2538 vale-

149 2593 357 2646 ἄδικον
397 2587 467 2640 τὰ
496 2586 626 2656 περὶ
657 2582 861 2653 Θηρίων
905 2581 1002 2634 καὶ
1033 2578 1246 2649 νηκτῶν
1286 2579 1379 2630 καὶ
1410 2574 1624 2648 κτηνῶν
1662 2594 1683 2629 ιι

1902 2583 2053 2638 rdine
2084 2582 2379 2650 impeditus
2405 2580 2617 2644 distuli,
2648 2579 3030 2650 persoluturus
3057 2577 3306 2633 advenio.
3331 2577 3436 2631 lui-

153 2677 422 2749 πτηνῶν,
451 2671 684 2746 οὐρανοῦ
716 2688 778 2724 τε
821 2673 913 2723 καὶ
955 2667 1064 2721 τῶν
1104 2667 1224 2720 κατ’
1254 2665 1507 2736 οὐρανὸν,
1545 2664 1673 2734 περί

1903 2690 2032 2730 uum
2060 2677 2208 2730 enim
2239 2680 2409 2740 esset,
2451 2687 2575 2727 cum
2611 2687 2696 2734 ea,
2740 2686 2862 2742 quae
2887 2670 2955 2725 ad
2998 2669 3165 2733 feras,
3193 2679 3310 2724 tum
3349 2686 3435 2724 na-

152 2768 266 2821 καὶ
303 2765 414 2818 τῶν
462 2765 582 2816 κατ’
631 2760 879 2831 οὐρανὸν,
904 2758 1032 2828 περί
1063 2773 1124 2809 τε
1171 2756 1276 2827 γῆς
1311 2756 1406 2808 καὶ
1443 2753 1563 2816 ,τῶν
1603 2755 1661 2806 ἐν

1905 2774 2068 2831 mtes,
2118 2776 2230 2820 tum
2262 2763 2594 2836 gradientes,
2639 2771 2753 2817 tum
2796 2763 3068 2828 volantes,
3102 2777 3332 2833 quaeque
3371 2761 3439 2816 ad

153 2862 236 2930 τῇ
277 2856 468 2927 φυτῶν
510 2852 856 2923 διδαχθέντας
905 2851 1084 2920 ἡμᾶς,
1123 2848 1198 2920 μὴ
1247 2848 1338 2901 καὶ
1387 2847 1455 2900 τὰ
1505 2846 1634 2916 περὶ
1665 2863 1687 2898 τ

1905 2857 2067 2912 mlum
2098 2863 2151 2909 et
2173 2869 2237 2909 ea
2265 2869 2387 2923 qua:
2418 2855 2474 2908 in
2510 2852 2650 2908 coelo
2679 2859 2831 2918 sunt,
2856 2868 3089 2922 quaeque
3124 2852 3191 2907 ad
3215 2865 3439 2912 terram.

153 2949 459 3022 ἡμετέρας
478 2947 744 3016 γενέσεως
769 2946 834 2996 ὲκ
876 2942 976 3012 τῆς
1005 2939 1362 2994 θεοπνεύστου
1393 2938 1617 3009 Γραφῆς
1655 2955 1687 3005 φ

1911 2956 1923 3000 ι
1969 2946 2036 3000 ad
2080 2946 2174 3001 illa
2217 2960 2338 3016 qua:
2368 2953 2500 3001 sunt
2544 2944 2602 2998 in
2647 2952 2814 3007 terra,
2859 2944 3156 3014 pertinent,
3186 2942 3445 2998 didiceri-

164 3040 454 3111 ςισθῆναι.
494 3038 708 3106 Ὥσπερ
737 3035 843 3106 γὰρ
868 3034 916 3086 οί
944 3031 1214 3102 ὀφθαλμοὶ
1239 3031 1397 3100 ἡμῶν
1425 3029 1492 3082 τὰ
1520 3029 1623 3095 ἔξω
1650 3027 1698 3097 β]

1929 3055 2028 3097 us:
2077 3053 2140 3093 ea
2189 3037 2372 3100 nobis,
2405 3051 2528 3108 quas
2571 3036 2636 3091 ad
2676 3043 2858 3090 ortum
2901 3036 3455 3104 procreationemque

155 3145 400 3194 παντες,
428 3130 656 3190 ἑαυτοὺς
684 3127 783 3196 οὐχ
825 3124 1055 3196 ὁρῶσιν⁹
1083 3123 1178 3176 ἐὰν
1208 3123 1389 3194 μήπου
1421 3119 1565 3182 τινὸς
1594 3121 1689 3190 aeu

1911 3138 2117 3185 ostram
2139 3137 2408 3198 spectant,
2437 3143 2467 3182 a
2498 3128 2684 3184 divina
2720 3125 3010 3196 Scriptura
3041 3142 3151 3181 non
3176 3127 3443 3196 patelieri.

155 3244 267 3280 ται.
317 3222 564 3294 στερεοῦ,
607 3218 865 3273 κάκεῖθεν
903 3215 1301 3271 ἀνακλασθεῖσα
1345 3215 1378 3284 ή
1412 3213 1534 3282 litim;
1584 3211 1689 3264 ὥστ

1924 3218 2340 3274 uemadmodum
2389 3219 2536 3272 enim
2592 3217 2736 3273 oculi
2797 3217 2994 3279 nostri,
3042 3231 3168 3272 cum
3223 3232 3288 3273 ea
3329 3231 3458 3287 qua:

158 3318 291 3373 ἀπὸ
333 3313 662 3386 παλιρροίας
685 3313 818 3383 ὁρᾷν
851 3311 1052 3372 αὐτοὺς
1089 3309 1294 3380 ποιήσῃ
1327 3307 1396 3359 τὰ
1439 3305 1646 3358 ἑαυτῶν
1677 3321 1692 3356 >

1921 3321 2005 3365 int
2036 3320 2191 3365 extra
2227 3325 2286 3366 se
2331 3309 2575 3373 videant,
2621 3309 2836 3379 seipsos
2882 3322 2996 3363 non
3034 3315 3292 3370 cernunt,
3340 3307 3455 3362 nisi

159 3411 344 3464 τόπιν
368 3423 385 3438 ·
421 3405 686 3458 οὕτωκαὶ
711 3406 740 3457 ὁ
769 3403 893 3466 νοῦς
924 3402 952 3454 ὁ
978 3401 1264 3471 ἡμέτερος,
1299 3397 1434 3451 ἄλλα
1458 3396 1620 3467 ὀρῶν,
1648 3397 1693 3449 ἐς

1917 3405 2322 3476 evequippiam,
2347 3418 2410 3458 ac
2431 3403 2667 3458 solidum
2705 3402 3075 3473 inspexerint,
3113 3401 3259 3456 unde
3281 3399 3451 3456 refra-

161 3503 273 3555 τὸν
303 3501 368 3553 οὐ
401 3498 615 3569 βλέπει,
641 3496 736 3548 ἐὰν
771 3495 846 3566 μὴ
883 3497 1002 3557 ταῖς
1031 3494 1070 3546 Γ
1076 3494 1276 3564 ραιραῖς
1295 3490 1530 3560 ὲγκύψῃ.
1565 3489 1639 3542 Τὸ
1667 3506 1695 3556 γ

1926 3513 2002 3553 '.us
2027 3498 2252 3552 obtutus
2285 3511 2350 3551 ac
2376 3495 2613 3550 reﬂuens
2639 3494 2837 3550 eiﬁciat
2869 3503 2930 3549 ut
2975 3510 3034 3550 se
3066 3494 3170 3564 ipsi
3203 3494 3460 3548 intuean-

166 3591 426 3647 ἐνταῦθα
479 3589 597 3658 φῶς
633 3587 1037 3656 ἀνακλώμενον,
1065 3585 1160 3638 τοῦ
1191 3584 1525 3656 καθορᾶσθαι
1552 3583 1700 3635 Exue-1

1918 3605 1972 3642 ur
2005 3607 2019 3642 :
2054 3589 2135 3644 sic
2163 3588 2380 3643 animus
2410 3597 2599 3643 noster
2625 3588 2732 3641 alia
2762 3601 3016 3648 cernens,
3052 3602 3112 3642 se
3139 3587 3318 3656 ipsum
3342 3599 3452 3640 non

163 3683 348 3754 ἡμῶν
362 3681 543 3736 αἴτιον
567 3681 795 3749 γίνεται.
822 3680 976 3733 Ἐπεὶ
1003 3677 1250 3731 ἀσυνετοί
1272 3679 1439 3747 ἐσμεν
1464 3677 1558 3728 καὶ
1583 3676 1688 3727 ἀπε

1921 3681 2046 3746 idet,
2093 3679 2197 3734 nisi
2239 3678 2540 3748 Scripturis
2585 3679 2886 3742 inba‘serit,
2919 3688 3082 3750 atque
3124 3679 3455 3734 incubuerit.

167 3790 350 3829 σιξ-τοι
415 3773 522 3842 τῆς
558 3771 767 3825 ἑαυτῶν
819 3768 1188 3838 κατασκευῆς,
1215 3769 1354 3839 ὅπερ
1403 3765 1569 3838 ἐσμὲν
1600 3765 1695 3818 καὶ

1926 3774 2037 3836 :uod
2070 3773 2218 3828 enim
2252 3772 2306 3826 in
2353 3772 2463 3827 illis
2491 3779 2576 3827 est
2623 3773 2827 3836 lumen,
2862 3773 3183 3836 reﬂectitur,
3220 3772 3460 3843 facitque

171 3869 359 3935 ἐσμεν
392 3862 742 3930 ἀγνοοῦντες.
788 3859 1159 3931 Ἀμελέστατα
1190 3857 1300 3928 γὰρ
1334 3856 1544 3911 ἑαυτῶν
1576 3855 1705 3908 διακι

1924 3873 1944 3919 t
1981 3880 2083 3920 nos
2111 3864 2213 3934 ipsi
2249 3864 2655 3934 perspiciamus
2684 3870 2738 3918 et
2772 3875 3203 3933 cognoscamus.
3236 3862 3457 3926 Verum,

175 3954 358 4026 μεθα,
396 3953 512 4006 τῶν
541 3950 850 4024 προχείρων
894 3951 993 4022 τῆς
1037 3948 1292 4018 γνώσεως
1323 3947 1420 4003 καὶ
1447 3947 1558 4001 τῶν
1591 3965 1709 4019 μικε

1930 3954 2142 4008 uoniam
2167 3967 2261 4006 eas
2279 3951 2626 4022 negligimus,
2650 3965 2751 4006 nec
2773 3953 2918 4007 scire
2933 3967 3214 4018 curamus,
3238 3966 3464 4024 quomo-

172 4047 373 4099 τὰτων
404 4043 520 4097 τῶν
547 4043 606 4095 ὲν
638 4045 772 4112 ἡμῖν
800 4041 998 4110 γνῶσιν
1027 4042 1127 4096 οὐκ
1155 4042 1396 4113 ἔχοντες.
1415 4041 1614 4094 Πολλαὶ
1642 4057 1706 4112 πε

1927 4061 1958 4098 o
1979 4044 2106 4098 facti
2125 4042 2538 4113 constructique
2550 4043 2748 4105 simus,
2772 4042 2899 4098 inde
2911 4043 2990 4109 ﬁt,
3017 4051 3078 4098 ut
3093 4043 3223 4116 quid
3243 4043 3461 4115 quales-

173 4138 464 4206 γματεῖαι
497 4135 630 4206 περὶ
673 4134 736 4188 τὸ
771 4134 931 4204 σῶμα.
963 4133 1026 4187 τὸ
1060 4133 1326 4205 ἡμέτερον
1359 4133 1421 4186 τὸ
1447 4131 1707 4204 ἀνθρώπω

1927 4151 1950 4191 e
1982 4136 2178 4198 simus,
2210 4135 2546 4206 ignoremus,
2577 4141 2633 4189 et
2662 4149 2851 4189 eorum
2887 4149 3009 4205 quas
3035 4137 3094 4191 in
3129 4136 3294 4193 nobis
3313 4141 3461 4197 sunt,

173 4231 291 4301 τὴν
328 4230 520 4283 πᾶσαν
555 4226 764 4280 ἑαυτῶν
790 4225 1024 4297 σπουδὴν
1051 4226 1441 4298 κατηνάλωσαν
1459 4243 1474 4258 ο
1497 4225 1600 4280 κᾶν
1623 4228 1707 4281 ίατ

1931 4234 2014 4283 cet
2060 4227 2309 4290 inima,
2362 4226 2711 4296 maximeque
2752 4242 2936 4282 rerum
2983 4229 3231 4282 omnium
3285 4227 3465 4282 facilia

178 4322 301 4392 κὴν
359 4318 626 4391 ἐπέλθῃς,
652 4320 909 4390 εὑρήσεις
964 4319 1106 4371 πὸσα
1156 4319 1284 4387 περὶ
1319 4318 1418 4388 τῆς
1447 4318 1636 4389 χρείας
1676 4335 1712 4370 τη

1930 4330 2050 4388 lque
2075 4319 2130 4372 in
2163 4329 2417 4388 promptu
2465 4318 2595 4381 sint,
2622 4317 2830 4373 nullam
2862 4319 3117 4374 notitiam
3146 4321 3464 4375 habeamus.

179 4411 493 4483 ἡμετέρων
538 4413 670 4480 ἡμῖν
720 4409 1010 4479 διηγεῖται,
1040 4409 1212 4473 πόσας
1257 4410 1386 4480 περὶ
1430 4410 1533 4480 τῆς
1579 4397 1713 4463 ἐνδὸε

1938 4427 1968 4468 c
2021 4411 2241 4466 tametsi
2280 4411 2467 4464 multae
2512 4409 2804 4465 facultates
2853 4410 2910 4464 in
2953 4423 3185 4481 corpore
3225 4410 3469 4464 humano

181 4509 334 4577 ἡμῖν
363 4503 715 4572 κατασκευῆς
748 4503 806 4554 ὲν
847 4505 969 4566 ταῖς
1021 4503 1378 4573 ἀνατομικαῖς
1415 4504 1715 4575 ὲγχειρήσε‹

1934 4501 2264 4573 ignoscendo
2309 4514 2473 4555 omne
2516 4515 2679 4555 suum
2719 4500 2962 4555 studium
3014 4501 3356 4556 coilocarunt
3399 4501 3468 4571 (si

182 4595 394 4668 ἐξεῦρε
447 4591 841 4664 κεκρυμμένοις
895 4592 1050 4656 ὁδοὺς
1103 4591 1553 4662 συνυπαρχούσας
1610 4590 1669 4645 ὲν
1712 4612 1716 4626 ι

1937 4595 2039 4648 nim
2071 4591 2340 4647 medicam
2369 4599 2542 4646 artem
2574 4591 2912 4656 consideres,
2940 4591 3102 4647 tacile
3125 4593 3471 4648 animadver-

182 4689 426 4759 ἀφανεῖ,
467 4686 602 4756 μίαν
635 4683 940 4753 σύμπνοιαν
977 4681 1086 4738 ἀπὸ
1118 4681 1209 4736 τοῦ
1257 4683 1509 4753 σώματος
1530 4721 1543 4742 ,
1574 4685 1716 4754 ὀχετε

1937 4699 1999 4746 :s,
2045 4696 2211 4753 quam
2253 4681 2427 4735 multa
2472 4681 2541 4736 de
2583 4697 2684 4738 usu
2727 4682 2964 4752 partium
2998 4681 3119 4751 ejus
3156 4681 3471 4748 tradiderit;

183 4778 556 4848 πνεύματος,
603 4773 952 4846 ὑδραγωγίας
993 4775 1258 4844 αἵματος,
1291 4775 1566 4846 ἀναπνοῆς
1605 4775 1717 4828 ὀλκὶ

1985 4789 2062 4827 am
2087 4773 2260 4827 multa
2283 4771 2350 4826 de
2384 4771 2630 4828 interiori
2662 4781 2852 4828 nostra
2887 4779 3164 4828 structura
3190 4773 3245 4825 in
3275 4773 3475 4828 sectio-
3517 4775 3519 4778 ‘

184 4869 424 4938 οἱκησιν
448 4860 638 4927 ἑστίας
675 4861 770 4916 τοῦ
800 4862 1006 4934 θερμοῦ
1037 4863 1132 4916 ἐπὶ
1161 4864 1260 4934 τῆς
1285 4863 1532 4934 καρδίας,
1582 4864 1718 4934 κίνη‹

1943 4866 2066 4920 ibus
2095 4862 2458 4934 excogitarit;
2505 4878 2670 4934 quam
2707 4863 2926 4919 abditas
2968 4864 3322 4934 occultusque
3357 4863 3475 4917 vias

183 4957 408 5030 διαρκῆ
480 4955 576 5009 τοῦ
641 4954 989 5026 περικαρδίω
1045 4954 1379 5025 πνεύματος.
1433 4956 1619 5028 Μυρία
1667 4977 1717 5012 ra

1938 4955 2243 5020 rateiecerit,
2287 4962 2350 5010 ut
2391 4971 2562 5010 unum
2613 4955 2784 5012 totius
2827 4956 3080 5026 corporis
3121 4966 3472 5020 concentum,

187 5049 447 5111 ἐκείνοις
496 5044 952 5116 πεφιλοσόφηται,
977 5035 1052 5098 ὧν
1103 5045 1281 5108 οὐδεὶς
1338 5044 1494 5115 ήμῶν
1523 5043 1721 5098 ἐστινέ

1943 5059 2073 5121 tque
2108 5049 2482 5117 concordiam,
2521 5049 2770 5120 spiritus,
2817 5050 3103 5122 sanguinis
3140 5049 3360 5114 «ﬂictus,
3392 5059 3477 5103 at-

185 5156 424 5212 πειρος,
457 5135 541 5208 τῷ
562 5136 830 5207 μηδεμίαν
852 5136 1049 5206 σχολὴν
1072 5136 1363 5206 ἀπονεῖμαι
1394 5135 1472 5206 τῷ
1503 5135 1657 5208 μέρει
1685 5153 1719 5189 τι

1942 5141 2235 5196 rectionem
2282 5139 2500 5203 animai,
2528 5154 2607 5195 ac
2644 5139 3006 5206 domicilium,
3044 5140 3248 5196 caloris
3293 5141 3476 5195 sedem

182 5249 308 5285 του
331 5230 439 5300 τῆς
487 5227 810 5293 ἐξετάσεως,
844 5227 978 5299 μηδὲ
1018 5226 1223 5296 γνῶναι
1261 5227 1452 5281 ἑαυτὸν
1493 5227 1716 5290 ἕκαστος

1943 5249 1964 5286 η
1997 5229 2186 5293 corde,
2217 5237 2539 5301 perpetuum
2569 5229 2799 5300 spiritus
2826 5229 2880 5283 in
2906 5231 3219 5299 praecordiis
3248 5240 3477 5291 motum.

182 5323 296 5385 τίς
329 5324 508 5374 ἐστιν.
530 5317 760 5372 Εὖκολοι
785 5317 895 5389 γάρ
919 5319 1086 5387 ἐσμεν
1114 5317 1316 5386 γνῶναι
1344 5316 1572 5387 οὐρανὸν
1603 5316 1716 5386 μᾶλῖ

1945 5329 2072 5390 tque
2097 5320 2203 5372 alia
2245 5318 2664 5373 innumerabilia
2705 5316 3353 5388 investigaverit),tamen
3387 5331 3479 5371 ea-

183 5417 228 5486 ῆ
265 5409 536 5472 ἑαυτούς.
577 5410 742 5462 Ὥστε
772 5408 848 5480 μὴ
874 5409 1207 5478 καταφρόνει
1250 5406 1346 5460 τοῦ
1379 5409 1436 5460 ὲν
1476 5408 1559 5461 σοὶ
1587 5407 1717 5479 θαύμ

1945 5427 2030 5464 um
2058 5425 2160 5465 nos
2191 5411 2436 5464 omnium
2461 5408 2634 5480 ignari
2667 5423 2884 5468 sumus.
2913 5409 3114 5478 qu'.ppe
3139 5407 3234 5477 qui
3259 5407 3313 5461 in
3338 5407 3479 5475 ejus-

181 5519 329 5566 τος.
360 5498 582 5570 Μικρὸς
611 5499 724 5569 γὰρ
755 5493 826 5559 εἴ,
853 5497 930 5560 ὡς
972 5495 1209 5567 νομίζεις
1229 5513 1246 5528 ο
1276 5497 1448 5566 μέγαν
1484 5496 1542 5550 δὲ
1575 5498 1715 5568 ἐπερλ

1948 5501 2064 5556 nodi
2115 5501 2357 5557 studium
2414 5500 2551 5554 nihil
2603 5499 3008 5562 incumbimus,
3073 5513 3175 5553 nec
3223 5507 3307 5553 est
3373 5500 3482 5550 fere

186 5608 386 5668 μενος
411 5592 444 5644 ὁ
463 5590 623 5658 λόγος
643 5587 886 5659 εὑρήσει.
920 5587 1018 5641 Διὰ
1039 5589 1200 5641 τοῦτο
1229 5589 1257 5640 ὁ
1282 5588 1445 5656 σοφὸς
1467 5587 1631 5642 Δαϐὶδ
1653 5589 1720 5641 εἱί

1951 5593 2225 5662 uisquam,
2270 5591 2366 5661 qui
2401 5590 2542 5644 scire
2576 5598 2751 5656 curet,
2795 5589 2926 5660 quid
2971 5589 3088 5660 ipse
3123 5588 3213 5644 sit.
3245 5587 3483 5643 Facilius

184 5679 473 5755 ἀκριϐῶς
509 5676 700 5734 ἑαυτὸν
727 5677 996 5746 ἐξετάσαι,
1027 5697 1045 5733 ι
1077 5677 1527 5750 Ἐθαυμαστὼθη,
1557 5699 1576 5732 ι
1608 5697 1718 5750 φησ

1949 5683 2112 5739 mlum
2163 5697 2326 5753 quam
2381 5681 2746 5752 nosmetipsos
2785 5695 3116 5752 cognoscere
3169 5695 3483 5751 possumus.
