3886 6214
444 252 551 310 259

1688 247 1742 303 S.
1778 243 2108 303 GRECORII
2144 242 2430 300 NYSSENI

3603 235 3715 288 2‘30

447 374 838 442 Quamobrem,
871 371 1016 456 quod
1072 371 1126 426 in
1177 380 1230 426 te
1259 369 1639 426 admirandum
1689 379 1796 432 est,
1838 369 2024 430 homo,

2185 370 2218 438 ἡ
2251 367 2451 436 γνῶσίς
2503 383 2596 420 σου
2626 364 2686 430 ἐξ
2718 363 2874 436 ἐμοῦ.
2915 384 2931 414 ι
2974 361 3122 444 κατά
3156 361 3253 432 τήν
3298 364 3491 430 τέχνην
3523 361 3623 431 τὴν
3653 361 3714 414 ἐν

450 483 519 522 ne
547 461 966 535 contempseris.
999 463 1212 518 Parvus
1237 471 1294 516 tu
1323 463 1543 533 quidem
1568 477 1649 522 es,
1678 472 1739 514 ut
1760 462 2023 530 opinaris,

449 558 545 614 sed
591 573 832 628 praesens
861 557 1040 612 oratio
1079 564 1134 612 te
1165 571 1424 626 magnum
1467 569 1592 610 esse
1635 553 2024 623 deprehendet.

452 651 664 704 Idcirco
709 649 932 720 sapiens
965 646 1158 708 David,
1185 648 1278 717 qui
1311 662 1370 701 se
1401 647 1579 716 ipsum
1619 645 1908 714 diligenter
1935 659 2029 698 ex-

455 744 672 814 plorare
727 747 973 805 noverat,
1025 758 1044 791 ι
1085 737 1370 802 Mirabilis,
1411 755 1431 788 ι
1472 735 1666 806 inquit.
1713 745 1737 786 ι
1783 735 1921 790 facta
1946 742 2032 790 est

455 833 686 886 scientia
717 838 811 884 tua
843 847 908 884 ex
939 847 1042 884 me.
1082 849 1100 882 ι
1141 829 1421 884 Undenam
1449 827 1815 898 cognitionem
1844 828 1921 881 tui
1949 842 2032 880 ra-

455 925 603 978 tione
657 921 890 977 miriflca
942 921 1071 975 licet
1136 920 1409 975 inveniri?
1466 934 1534 974 ex
1599 934 1708 982 me.
1768 918 2032 974 Mirabilis

456 1014 600 1069 facta
644 1022 731 1070 est
771 1014 1002 1070 scientia
1032 1022 1124 1066 tua
1155 1028 1221 1067 ex
1260 1027 1368 1066 me.
1409 1009 1716 1065 Artificium
1756 1011 2036 1082 sapientia:

456 1114 584 1170 tuae,
627 1121 737 1177 quo
780 1120 982 1174 corpus
1033 1119 1215 1158 meum
1256 1111 1633 1159 constructum
1672 1111 1781 1167 est,
1829 1116 2034 1172 cogno-

461 1215 645 1262 scens,
680 1215 744 1253 ex
783 1212 950 1269 parva
977 1196 1186 1251 fabrica
1227 1211 1483 1267 magnum
1503 1195 1764 1266 Opificem
1792 1194 2039 1248 animad-

459 1298 630 1344 verto.
666 1308 685 1341 ι
711 1288 1000 1345 Faciamus
1031 1288 1305 1344 hominem
1332 1287 1398 1342 ad
1430 1288 1719 1357 imaginem
1749 1293 1803 1339 et
1833 1285 2033 1339 simili-

458 1379 702 1433 tudinem
744 1388 1010 1434 nostram.
1051 1396 1070 1430 ι
1097 1375 1315 1440 Paucis,
1345 1375 1438 1430 sed
1484 1375 1618 1430 satis
1644 1379 1828 1443 aperte
1851 1375 2031 1424 tamen

459 1467 892 1524 demonstratum
915 1473 1002 1522 est
1027 1475 1153 1520 ante
1181 1481 1304 1536 qua:
1341 1465 1473 1531 sint,
1509 1472 1564 1518 et
1600 1463 1667 1516 ad
1696 1477 1858 1531 quem
1895 1459 2035 1514 refe-

459 1573 652 1618 rantur
677 1562 791 1617 haec
821 1562 1004 1617 verba.
1035 1559 1098 1613 Et
1130 1559 1291 1614 habet
1317 1557 1560 1612 Ecclesia
1585 1556 1654 1610 de
1693 1555 1780 1609 his
1812 1555 2039 1608 demon-

459 1653 772 1717 strationes,
798 1653 906 1706 imo‘
929 1666 1058 1706 vero
1078 1647 1234 1704 fidem
1260 1645 1421 1702 habet
1447 1645 1594 1700 omni
1609 1642 2037 1700 demonstratio—

462 1762 528 1800 ne
545 1743 862 1800 firmiorem.
902 1761 920 1794 ι
949 1741 1234 1796 Faciamus
1255 1740 1554 1794 hominem.
1591 1757 1610 1790 ι
1647 1736 1786 1791 llinc
1813 1736 2042 1807 incipies

461 1839 514 1891 te
535 1836 712 1906 ipsum
744 1849 1097 1906 cognoscere.
1132 1831 1380 1886 Nondum
1407 1831 1462 1884 in
1485 1829 1593 1884 ulla
1621 1826 1901 1882 molitione
1929 1828 2043 1882 haec

463 1944 564 1984 vox
599 1929 804 1998 scripta
856 1933 964 1982 est.
1016 1924 1178 1979 Facta
1225 1923 1326 1977 fuit
1364 1923 1482 1981 lux.
1544 1921 1638 1977 sed
1680 1919 1912 1989 simplici
1949 1918 2042 1974 Dei

464 2019 724 2074 mamiato
760 2018 1016 2078 dicentis,
1061 2015 1179 2069 Fiat
1211 2016 1324 2068 lux.
1359 2014 1594 2078 leum,
1635 2012 1729 2067 sed
1766 2011 1885 2065 sine
1910 2025 2042 2065 con-

473 2109 769 2162 sultatione
795 2126 808 2161 :
843 2107 1035 2172 stellae,
1065 2105 1158 2160 sed
1189 2105 1336 2159 nulla
1367 2105 1645 2174 praecessit
1670 2101 1994 2157 deliberatio
2025 2120 2040 2157 :

2133 461 2274 531 ἐμοὶ,
2310 461 2408 530 ὃσῃ
2456 457 2614 528 σοφία
2667 447 3077 524 κατεσκευάσθη
3108 470 3208 523 μου
3245 451 3306 504 τὸ
3342 451 3500 521 σῶμα
3538 467 3712 504 κατα-

2131 555 2352 624 νοήσας,
2385 553 2450 604 ἐκ
2503 550 2598 604 τοῦ
2653 546 2850 620 μικροῦ
2897 532 3088 600 τούτου
3150 543 3710 612 κατασκευάσματος,
3754 575 3768 596 .

2131 625 2222 695 τδν
2254 642 2425 713 μέγαν
2448 638 2791 711 Δημιουργδν
2819 636 3038 707 ἐνόησα.
3080 653 3099 686 ι
3139 635 3462 704 Ποιήσωμεν
3499 632 3716 703 ἀνθρωο
3744 629 3765 712 Γ

2133 752 2235 789 πον
2268 735 2388 788 κατ’
2415 733 2596 787 εἰκόνα
2637 731 2912 804 ἡμετέραν
2953 731 3046 783 καὶ
3084 729 3362 799 ὁμοίωσιν.
3401 745 3419 778 ι
3465 725 3714 796 Ἑδείχθη

2136 825 2328 897 πρῴην
2357 826 2414 878 έν
2449 824 2800 896 παραδρομῇ,
2832 822 2926 875 καὶ
2969 819 3282 894 ἀρκούντως
3323 817 3536 888 ἐδείχθη
3566 819 3654 880 τίς
3686 819 3716 870 ὁ

2135 919 2311 988 λέγων
2345 917 2598 989 καὶπρὸς
2638 917 2761 970 τίνα
2793 918 2820 970 ὁ
2859 916 3042 984 λόγος·
3073 913 3168 967 καὶ
3194 913 3306 982 ἔχει
3349 913 3381 982 ἠ
3415 910 3716 982 Ἐκκλησία

2132 1011 2232 1074 τὰς
2259 1012 2389 1082 περὶ
2420 1011 2626 1063 τούτων
2663 1008 2966 1074 ἀποδείξεις
2993 1021 3009 1037 ⁸
3041 1005 3242 1076 μᾶλλον
3277 1004 3334 1058 δὲ
3363 1003 3476 1074 ἔχει
3501 1004 3715 1066 πίστιν,

2134 1102 2464 1167 ἀποδείξεως
2511 1101 2881 1172 βεϐαιοτέραν.
2913 1118 2932 1150 ι
2973 1099 3298 1168 Ποιήσωμεν
3346 1095 3655 1167 ἄνθρωπον.
3689 1109 3716 1147 ο

2136 1193 2437 1265 Κατάμαθε
2473 1193 2698 1246 σεαυτὸν
2736 1190 2985 1244 ἐντεῦθεν
3029 1187 3365 1261 ἀρξάμενος,
3402 1185 3557 1240 οὔπω
3585 1183 3721 1257 περὶ

2137 1287 2299 1340 ἄλλου
2349 1285 2458 1340 τῶν
2487 1283 3026 1354 κατασκευασμάτων
3059 1282 3197 1352 αὕτη
3230 1284 3264 1352 ἡ
3295 1280 3445 1352 φωνὴ
3470 1281 3719 1350 ἀνάγρα-

2142 1382 2295 1442 πτος.
2329 1378 2449 1440 Φῶς
2505 1377 2740 1446 ἐγένετο,
2771 1377 2866 1430 καὶ
2918 1374 3120 1429 ἁπλοῦν
3177 1375 3521 1446 πρόσταγμα.
3553 1371 3723 1424 Εἶπεν

2141 1471 2170 1522 ὁ
2199 1469 2348 1534 Θεὸς,
2390 1469 2677 1540 Γενηθήτω
2719 1468 2856 1538 φῶς.
2901 1467 3163 1539 Οὐρανὸς,
3197 1467 3291 1519 καὶ
3322 1466 3449 1520 ἄνευ
3475 1465 3669 1534 βουλῆς
3692 1464 3721 1515 ὁ

2142 1560 2392 1632 οὐρανός.
2417 1559 2732 1630 Φωστῆρες,
2770 1559 2865 1613 καὶ
2905 1559 3057 1612 οὐδὲν
3101 1555 3563 1628 προεϐουλεύσατο
3590 1551 3724 1623 περὶ

2143 1634 2254 1704 τῶν
2295 1652 2618 1720 φωστήρων.
2669 1650 2924 1704 Θάλασσα
2963 1650 3056 1702 καὶ
3087 1648 3299 1717 πελάγη
3348 1646 3570 1716 ἄπειρα,
3628 1644 3723 1698 καὶ

2145 1745 2427 1814 προσ-παγῇ
2452 1741 2712 1812 παρήχθη
2749 1743 2829 1805 εἰς
2853 1741 2914 1794 τὸ
2945 1737 3105 1795 εἶναι.
3147 1739 3368 1809 Ἰχθύων
3402 1738 3534 1807 γένη
3586 1754 3723 1788 παν-

2141 1829 2370 1898 τοδαπά,
2402 1820 2760 1888 κελευσθέντα
2798 1833 3038 1902 ἐγένετο.
3069 1833 3268 1904 Θηρία,
3303 1831 3396 1883 καὶ
3425 1831 3596 1899 κτήνη
3630 1829 3727 1879 καὶ

2142 1924 2212 1978 τὰ
2248 1925 2448 1996 πτηνά,
2493 1921 2646 1990 εἷπε,
2679 1925 2773 1979 καὶ
2825 1923 3063 1993 ἐγένετο.
3121 1923 3384 1977 Ἐνταῦοα
3423 1921 3575 1974 οὔπω
3631 1920 3728 1973 ἄν·

2143 2006 2380 2088 θρωπος,
2400 2018 2495 2072 καὶ
2521 2017 2684 2088 βουλὴ
2707 2018 2832 2089 περὶ
2856 2016 3164 2089 ἀνθρώπου.
3181 2016 3294 2069 υύκ
3316 2011 3467 2069 εἶπεν
3491 2014 3567 2078 ὡς
3591 2031 3662 2066 πε
3672 2013 3724 2084 ρῖ

2155 2104 2264 2156 τῶν
2286 2105 2483 2169 ἀλλων,
2515 2104 2804 2176 Γενηθήτω
2825 2103 3130 2182 ἄνθρωπος.

465 2202 709 2272 pelagus,
761 2210 924 2269 atque
982 2196 1398 2252 innumerabilia
1439 2195 1611 2249 maria
1653 2195 1718 2248 ad
1741 2194 1986 2263 jubentis
2015 2211 2203 2252 vocem
2253 2200 2605 2254 exstiterunt.
2639 2197 2838 2254 Eodem
2895 2198 3058 2252 modo
3097 2198 3278 2253 omnia
3341 2198 3569 2268 piscium
3636 2209 3729 2268 go.-

465 2304 617 2354 nera,
649 2289 855 2351 bestia},
895 2299 949 2342 et
975 2297 1112 2349 cete,
1145 2299 1267 2356 qua:
1308 2292 1516 2348 natant,
1577 2289 1807 2352 quaeque
1866 2284 2053 2339 volant
2097 2285 2378 2351 animalia,
2421 2279 2514 2342 Dei
2577 2287 2821 2356 iubentis
2858 2286 3024 2340 verbo
3054 2284 3122 2338 fat
3141 2293 3192 2338 ta
3238 2297 3386 2343 sunt.
3429 2284 3526 2339 llic
3588 2301 3732 2340 non-

467 2386 598 2439 dum
643 2391 728 2436 est
758 2380 942 2445 homo,
973 2378 1116 2434 etde
1160 2377 1378 2432 homine
1426 2375 1658 2430 habetur
1703 2375 2022 2430 consilium.
2054 2375 2194 2442 Non,
2229 2386 2286 2433 ut
2329 2379 2451 2433 aliis
2487 2380 2541 2432 in
2573 2379 2737 2434 rebus
2767 2377 2905 2432 dixit
2934 2395 2947 2431 :
2989 2375 3109 2431 Fiat
3143 2376 3326 2431 homo.

541 2473 701 2529 Disce
733 2472 966 2543 pretium
1013 2484 1076 2524 ac
1109 2469 1425 2540 dignitatem
1453 2476 1622 2523 tuam.
1655 2468 1771 2524 Non
1809 2468 2042 2539 proiecit

468 2565 728 2622 maltdato
758 2570 814 2617 et
853 2560 1008 2632 jussu
1039 2568 1187 2615 tuam
1218 2560 1674 2630 procreationem,
1717 2559 1814 2614 sed
1853 2561 2040 2615 consi-

471 2659 600 2712 lium
632 2670 697 2709 ac
721 2652 1044 2710 deliberatio
1083 2650 1185 2706 fuit
1227 2651 1280 2705 in
1309 2650 1438 2712 Deo,
1478 2651 1755 2721 quomodo
1789 2652 1900 2706 tale
1925 2651 2046 2706 ani-

470 2750 576 2802 mal
610 2746 1008 2818 produceretur
1038 2743 1092 2798 in
1123 2744 1310 2798 vitam.
1353 2761 1373 2794 ι
1418 2741 1726 2805 Faciamus.
1763 2763 1781 2796 ι
1827 2743 2048 2815 sapiens

469 2838 748 2903 consulit,
809 2835 1003 2890 artifex
1069 2834 1385 2889 meditatur.
1453 2834 1658 2903 Ecquid
1721 2834 1877 2890 deest
1945 2833 2049 2889 arti

472 2929 634 3000 ejus?
653 2927 901 2994 Quanam
934 2925 1251 2981 difficultate
1273 2925 1542 2981 adductus
1564 2927 1823 2988 consulit,
1857 2935 1916 2980 ut
1950 2926 2048 2980 ab-

471 3025 709 3078 solutum
736 3033 789 3074 ct
818 3019 1121 3090 perfectum
1147 3017 1598 3088 elaboratumque
1630 3017 1794 3071 faciat
1817 3017 2047 3072 charur‘n‘

471 3129 612 3185 opus
673 3110 872 3167 suum?
921 3126 990 3164 an
1052 3120 1114 3166 ut
1166 3108 1423 3166 ostendat
1474 3117 1530 3164 te
1573 3107 1875 3180 perfectum
1925 3118 2050 3164 esse

472 3206 617 3277 apud
654 3202 865 3258 Deum?
907 3200 1056 3257 Duas
1103 3199 1330 3256 adrerte
1369 3214 1676 3272 personas;
1709 3206 1898 3267 unam,
1929 3215 2052 3270 quae

476 3298 765 3368 loquitur:
804 3293 1059 3354 alteram,
1096 3290 1163 3346 ad
1203 3303 1367 3362 quam
1409 3290 1664 3362 dirigitur
1698 3291 1896 3347 oratio.
1939 3291 2056 3347 Cur

475 3395 658 3440 autem
707 3397 814 3438 non
845 3379 1006 3447 dixit,
1032 3375 1240 3438 Facito.
1294 3378 1698 3444 sed,Faciamus
1737 3378 2055 3436 hominem!

478 3485 542 3532 ut
572 3473 888 3545 imperium,
923 3485 988 3526 ac
1011 3469 1353 3526 dominatum
1388 3469 1720 3542 intelligeres
1747 3489 1761 3526 :
1792 3487 1862 3529 ne
1891 3467 2056 3531 Patre

475 3565 721 3638 cognito,
744 3559 942 3618 Filium
977 3563 1283 3633 ignorares,
1319 3567 1381 3616 ut
1413 3563 1585 3618 scires
1608 3560 1824 3620 Patrem
1859 3562 2056 3622 fecisse

479 3674 576 3726 per
617 3655 841 3720 Filium,
897 3662 954 3710 et
1003 3654 1202 3709 Filium
1236 3663 1459 3724 paterna
1485 3669 1702 3712 creasse
1749 3655 2056 3721 voluntate,

480 3749 841 3820 taudaresque
863 3745 1080 3800 Patrem
1136 3745 1189 3800 iu
1219 3744 1379 3812 Filio,
1429 3754 1485 3802 et
1516 3745 1716 3802 Filium
1757 3747 1812 3804 in
1849 3749 2057 3820 Spiritu

479 3851 696 3900 sancto.
741 3841 1044 3896 Commune
1085 3854 1277 3894 eorum
1315 3853 1456 3910 opus
1489 3841 1769 3905 exstitisti,
1800 3847 1861 3896 ut
1909 3841 2058 3912 ipsos

483 3937 693 4004 pariter
713 3932 910 3988 adores
938 3941 994 3986 et
1019 3931 1194 3996 colas,
1218 3947 1285 3986 ne
1306 3933 1712 3987 venerationem
1739 3933 2060 4005 cultumque

480 4023 718 4089 dividas,
768 4037 894 4080 cum
937 4021 1156 4078 unicam
1198 4036 1323 4078 esse
1367 4021 1712 4079 divinitatem
1757 4024 2056 4096 intelligas.

484 4114 626 4173 Vide
651 4116 936 4172 historiam
973 4130 1040 4170 ex
1087 4112 1279 4186 figura,
1304 4123 1360 4169 et
1402 4113 1730 4185 theologiam
1769 4131 1837 4172 ex
1857 4117 1934 4175 vi.
1953 4138 1971 4172 ι
1993 4110 2062 4173 Et

486 4210 618 4266 fecit
643 4206 1096 4264 Deushominem.
1111 4206 1514 4277 i-«Faciamus,
1528 4210 1750 4280 iinquit,
1761 4219 1819 4266 et
1833 4209 2056 4268 fecit:ne

2214 2470 2515 2541 Κατάμαθε
2559 2470 2788 2525 σεαυτὸῦ
2823 2470 2885 2524 τὸ
2913 2471 3111 2542 τίμιον.
3137 2471 3212 2524 Οὐ
3258 2472 3591 2545 προσέρριψέ
3643 2475 3728 2545 σου

2144 2562 2244 2634 τὴν
2289 2561 2506 2630 γένεσιν
2544 2562 2951 2635 προστάγματι,
2983 2548 3122 2616 ἀλλὰ
3155 2543 3536 2635 βουλευτήριον
3571 2565 3635 2617 ὲν
3661 2543 3729 2634 τῷ

2147 2652 2286 2725 Θεῷ,
2322 2653 2441 2718 πῶς
2471 2647 2655 2724 μέλλει
2686 2645 2748 2706 τὸ
2775 2653 2957 2724 τίμιον
2999 2653 3138 2718 ζῶον
3176 2655 3257 2716 είς
3285 2637 3378 2707 τὸν
3417 2653 3532 2724 βίον
3564 2656 3734 2727 παρά·

2149 2745 2361 2815 γεσοαι.
2395 2764 2413 2796 ι
2445 2742 2794 2816 Ποιήσωμεν,
2829 2762 2847 2795 ι
2885 2744 2914 2796 ὁ
2953 2744 3113 2813 σοφὸς
3141 2729 3469 2815 βουλεύεται,
3495 2747 3526 2798 ὁ
3556 2746 3734 2816 τεχνί-

2153 2854 2254 2906 της
2286 2831 2597 2907 ἐνθυμεῖται
2618 2851 2631 2864 '
2672 2831 2782 2906 ἆρα
2819 2820 2994 2888 λείπει
3024 2821 3190 2890 αὐτοῦ
3218 2838 3285 2907 τῇ
3313 2836 3500 2909 τέχνῃ,
3537 2838 3638 2892 καὶ
3673 2840 3734 2889 ἐκ

2156 2927 2256 2998 τῆς
2283 2927 2553 2998 μερίμνης
2586 2919 2832 2996 βούλεται
2860 2925 3267 2998 ἀπηρτισμένον
3292 2928 3388 2981 καὶ
3415 2927 3625 2981 τέλειον
3643 2925 3734 2982 καὶ

2157 3005 2538 3090 ὴκριὸωμένον
2577 3013 2742 3072 αὑτοῦ
2785 3018 3012 3091 ποιῆσαι
3045 3001 3108 3071 τδ
3139 3003 3513 3090 φιλοτέχνημα
3536 3037 3552 3085 ;
3574 3019 3612 3091 ἢ
3649 3021 3734 3073 ἵνα

2152 3109 2409 3193 σοιιδείξῃ
2440 3096 2522 3162 ὅτι
2551 3109 2754 3191 τέλειος
2785 3089 2838 3162 εί
2872 3109 3022 3181 παρὰ
3065 3109 3184 3194 Θεῷ
3216 3127 3230 3175 ;
3263 3091 3504 3191 Ἐλμαθες
3534 3089 3623 3165 ὅτι
3646 3111 3738 3166 δύο

2150 3187 2441 3270 πρόσωπα,
2482 3200 2513 3252 ὁ
2541 3189 2736 3268 λέγων,
2768 3200 2862 3253 καὶ
2891 3200 3028 3272 πρὸς
3060 3187 3118 3253 δν
3146 3203 3175 3255 ὁ
3202 3201 3376 3270 λόγος.
3418 3187 3519 3255 Διά
3562 3203 3620 3255 τί
3642 3203 3737 3256 ούκ

2151 3289 2270 3346 εἷπε
2290 3333 2304 3356 ,
2332 3287 2566 3362 Ποίησον
2585 3331 2600 3356 ,
2627 3291 2762 3346 ἀλλά
2801 3293 3121 3364 Ποιήσωμεν
3150 3292 3462 3363 ἄνθρωπονς
3485 3293 3576 3347 ἵνα
3618 3295 3737 3364 νοή-

2152 3402 2253 3456 σῃς
2275 3385 2374 3456 τὴν
2392 3372 2730 3446 δεσποτείαν,
2751 3371 2839 3438 ἵνα
2865 3379 2942 3456 μὴ
2960 3370 3052 3436 τδν
3079 3384 3301 3456 Πατέρα
3330 3385 3737 3453 ἐπιγινώσκων,

2150 3479 2246 3533 τὸν
2280 3467 2409 3532 Υίδν
2450 3480 2653 3549 ἀγνοῇς
2677 3494 2693 3510 ο
2746 3478 2832 3530 ἵνα
2876 3462 3020 3548 εἰδῇς
3051 3478 3132 3531 ⁶ὁτι
3174 3464 3364 3548 Πατὴρ
3393 3478 3621 3548 ἐποίησε
3654 3459 3742 3532 διά

2155 3571 2329 3636 Υίοῦ,
2377 3571 2472 3625 καὶ
2525 3560 2656 3634 Υίδς
2699 3568 2952 3622 ὲκτίσατο
2997 3567 3236 3640 πατρώῳ
3281 3569 3583 3638 θελήματι⁶
3649 3569 3744 3625 καῖ

2153 3662 2384 3733 δοξάσης
2412 3651 2632 3732 Πατέρα
2653 3661 2710 3714 ἐν
2744 3647 2879 3730 Υίῷ,
2912 3659 3007 3712 καὶ
3031 3648 3157 3712 Υίδν
3187 3661 3244 3711 ἐν
3272 3642 3547 3730 Πνεύματι
3573 3660 3744 3731 ἁγίῳ.

2155 3753 2313 3807 Οὕτω
2339 3749 2519 3806 κοινὸν
2545 3751 2775 3820 γέγονας
2811 3749 2994 3820 ἔργον,
3033 3747 3121 3800 ἴνα
3152 3747 3330 3811 κοινὸς
3357 3749 3746 3821 προσκυνητὴς

2157 3845 2484 3916 ἀμφοτέρων
2515 3839 2584 3916 ᾗς
2607 3881 2624 3907 ,
2672 3843 2748 3914 μὴ
2795 3826 2996 3912 σχίζων
3022 3832 3121 3911 τὴν
3151 3839 3551 3910 προσκύνησιν,
3602 3841 3750 3894 am

2159 3939 2296 3993 ἑνῶν
2318 3937 2419 4008 τὴν
2447 3923 2699 4008 θεότητα.
2734 3925 2877 4005 Ὅρα
2904 3919 3147 4004 ἱστορίαν
3192 3934 3290 4005 μὲν
3321 3935 3581 4003 σχήματι.
3626 3933 3750 3988 θεο-

2158 4030 2346 4101 λογίαν
2388 4019 2446 4084 Si:
2490 4027 2738 4099 δυνάμει.
2799 4026 2909 4081 Καὶ
2947 4025 3239 4094 ἐποίησεν
3269 4029 3302 4080 ό
3329 4027 3473 4092 Θεὸς
3506 4027 3613 4079 τὸν
3643 4027 3751 4080 df-

2161 4125 2415 4192 θρωπον.
2457 4115 2844 4189 Ποιήσωμενε
2883 4117 2992 4172 Καὶ
3017 4103 3117 4171 ούκ
3141 4112 3284 4197 εἷπε,
3313 4119 3424 4172 Καὶ
3451 4117 3610 4187 ἑποίη
3621 4136 3748 4182 σαν,

2162 4206 2250 4270 ἵνα
2277 4215 2353 4288 μὴ
2375 4213 2664 4278 πολυθεῖας
2689 4199 2862 4286 λάϐῃς
2895 4211 3167 4284 ἀφορμάς.
3218 4209 3285 4264 Ei
3311 4209 3419 4289 γὰρ
3447 4207 3751 4279 πληθυντιοο

489 4302 844 4373 multiplicem
886 4300 1123 4357 Deorum
1169 4308 1452 4356 numerum
1502 4300 1779 4358 crederes.
1815 4299 1874 4356 Si
1907 4301 2047 4356 enim

2160 4295 2257 4360 κδν
2283 4305 2626 4376 παρεισήχθη
2669 4302 2730 4358 τὸ
2764 4303 3089 4375 πρόσωπον,
3132 4300 3371 4382 ἀφειδεῖς
3399 4300 3466 4354 ἂν
3494 4301 3756 4369 ἐγένοντο

486 4397 677 4468 plures
705 4392 901 4450 fecisse
927 4393 1264 4456 dicerentur,
1295 4393 1490 4448 adduci
1525 4401 1750 4463 possent
1780 4394 2050 4460 homines,

490 4494 552 4540 ut
577 4486 763 4558 plures
794 4486 899 4542 sibi
930 4484 1069 4542 Deos
1096 4485 1486 4558 confingerent.
1515 4485 1674 4540 Nunc
1706 4494 1886 4542 autem
1915 4487 2055 4541 scri-

490 4585 642 4648 ptum
664 4585 751 4633 est
793 4577 1230 4645 «Faciamusput
1264 4590 1568 4649 cognoscas
1597 4574 1838 4638 Patrem.
1870 4585 1924 4630 et
1961 4575 2055 4630 Fi-

493 4668 646 4731 lium,
676 4673 732 4722 et
761 4666 1025 4738 Spiritum
1053 4671 1302 4724 sanctum
1342 4676 1453 4735 :et,
1472 4685 1493 4720 ι
1526 4665 1678 4722 Fecit
1707 4666 1850 4723 Deus
1881 4667 2058 4721 homi-

491 4774 614 4814 nem
641 4767 765 4814 :!ut
797 4758 1138 4814 divinitatem
1167 4760 1490 4830 coniungas,
1531 4767 1693 4829 atque
1736 4767 1900 4813 unam
1934 4767 2060 4814 esse

491 4851 637 4906 scias
675 4868 690 4904 :
737 4866 902 4904 unam
952 4851 1098 4916 dico,
1142 4867 1250 4906 non
1289 4852 1498 4905 unitate
1535 4859 1913 4920 personarum,
1960 4848 2055 4906 sed

492 4946 809 5009 potestate:
860 4948 920 4994 ut
948 4955 1074 4994 cum
1122 4940 1187 4993 ad
1230 4939 1566 4994 adorandum
1598 4939 1835 5001 accedis,
1886 4937 2057 4992 Deum

494 5049 662 5088 unum
693 5031 885 5087 laudes
906 5041 960 5086 et
982 5031 1153 5093 colas,
1185 5045 1285 5084 nec
1313 5031 1366 5083 in
1400 5027 1634 5083 Deorum
1655 5028 2058 5084 multitudinem

493 5123 844 5179 distraharis.
897 5119 1016 5176 Non
1059 5121 1243 5176 dixit:
1295 5119 1564 5174 Fecerunt
1610 5119 1884 5174 hominem
1938 5117 2055 5174 Dei.

494 5215 603 5269 Sed
633 5219 844 5278 :cFecit
857 5221 1002 5275 Deus
1015 5211 1582 5284 hominem.iPropria
1610 5221 1694 5264 est
1723 5210 2060 5282 hypostasis,

493 5321 590 5360 seu
624 5320 858 5374 persona
888 5303 1087 5368 Patris,
1129 5302 1346 5373 propria
1377 5299 1521 5363 Filii,
1570 5303 1788 5372 propria
1823 5301 2064 5373 Spiritus

493 5396 690 5450 saucti.
727 5397 838 5448 Cur
860 5395 1024 5464 igitur
1051 5409 1158 5449 non
1183 5401 1293 5448 tres
1321 5390 1462 5447 Dei?
1491 5392 1619 5462 quia
1647 5409 1752 5448 una
1783 5393 2062 5449 divinitas.

495 5489 670 5550 Quam
723 5488 868 5539 enim
917 5486 973 5540 in
1004 5485 1166 5539 Patre
1198 5487 1381 5539 cernis
1417 5486 1782 5551 divinitatem,
1814 5486 2062 5542 eamdem

493 5578 677 5630 cernis
714 5592 766 5629 ιιι
793 5572 947 5630 Filio.
967 5574 1032 5629 Et
1061 5591 1222 5646 quam
1247 5577 1298 5630 in
1324 5571 1481 5640 Filio,
1506 5575 1751 5632 eamdem
1783 5577 1835 5630 in
1855 5577 2062 5647 Spiritu

493 5678 708 5726 sancto.
741 5667 1008 5736 Quoniam
1037 5684 1142 5724 una
1181 5668 1235 5724 in
1269 5677 1505 5741 utroque
1542 5683 1736 5736 torma,
1769 5678 1826 5728 et
1860 5670 2063 5740 princi-

2157 4395 2210 4450 οἱ
2238 4391 2536 4466 ἄνθρωποι,
2571 4392 2742 4448 πολλὰ
2775 4393 2952 4464 πλήθη
2991 4391 3140 4445 Θεῶν
3182 4393 3392 4455 ἑαυτοῖς
3436 4393 3750 4462 ἐπισωρεύ-

2157 4504 2327 4552 οντες.
2381 4486 2496 4542 Νῦν
2524 4476 2624 4556 μέν
2651 4503 2754 4548 τοι,
2798 4476 3171 4554 Ποιήσωμεν,
3204 4485 3292 4536 ἴνα
3321 4484 3594 4556 γνωρίσῃς
3629 4485 3750 4539 Πα-

2160 4579 2294 4651 τέρα
2325 4577 2418 4632 καὶ
2444 4565 2572 4630 Υίδν
2602 4573 2694 4630 καὶ
2727 4575 2948 4646 Πνεῦμα
2976 4575 3150 4643 ἅγιον.
3189 4575 3512 4651 Ἐποίησεν
3538 4579 3571 4629 ό
3598 4577 3749 4642 Θεὸς

2163 4648 2270 4722 tor
2296 4665 2630 4734 ἄνθρωπον,
2677 4665 2764 4718 ἵνα
2788 4651 2993 4735 ἑνὼσῃς
3023 4662 3121 4734 τὴν
3157 4649 3410 4733 θεότητα,
3453 4648 3665 4736 {vrba-5;
3692 4667 3750 4718 as

2163 4757 2225 4810 ού
2251 4757 2350 4820 τάς
2383 4755 2727 4818 ὑποστάσεις,
2762 4755 2897 4809 ἀλλὰ
2923 4758 2990 4825 τῇ
3017 4753 3268 4825 δυνάμει,
3301 4754 3388 4808 ῐνα
3425 4755 3557 4826 μίαν
3585 4755 3751 4820 δόξαν

2165 4847 2295 4922 ἔχῂς
2318 4847 2392 4920 μὴ
2420 4838 2775 4918 μεριζόμενος
2799 4847 2927 4918 περὶ
2943 4847 3044 4919 τὴν
3067 4844 3461 4918 προσκύνησιν,
3490 4847 3568 4917 μὴ
3593 4865 3750 4920 μερι-

2170 4938 2396 5009 ζόμενος
2427 4939 2507 4992 εἰς
2532 4938 2841 4992 πολυθεῖαν.
2876 4938 2991 4991 Οὐκ
3017 4932 3190 5001 εἷπεν,
3233 4937 3530 5009 Ἐποίησαν
3558 4940 3609 4992 οί
3638 4939 3750 4994 θεοὶ

2165 5031 2256 5084 τδν
2269 5029 2714 5103 ἄνθρωπον,ἀλλ’,
2727 5053 2744 5080 ε
2768 5020 2822 5082 Ἐ
2832 5031 3050 5101 ποίησεν
3065 5031 3093 5083 ὁ
3106 5016 3255 5094 Θεάς.
3273 5049 3290 5082 ι
3310 5025 3750 5098 ἰδίαςὺπάστασις

2160 5119 2394 5192 Πατρδς,
2413 5115 2506 5174 καὶ
2533 5116 2634 5173 ίδία
2652 5118 2804 5184 Υἱοῦ,
2824 5121 2919 5172 καὶ
2944 5119 3046 5174 ἰδία
3061 5108 3376 5191 Πνεύματος
3390 5121 3569 5189 ἁγίου.
3586 5121 3688 5174 Διά
3701 5123 3750 5173 τι

2163 5207 2256 5265 οὖν
2277 5210 2338 5264 οὐ
2357 5214 2502 5282 τρεῖς
2527 5230 2540 5277 ;
2569 5213 2649 5266 ὅτι
2683 5211 2781 5283 μία
2796 5213 3005 5283 θεότης.
3034 5212 3136 5265 Ἦν
3157 5213 3267 5282 γὰρ
3293 5210 3476 5283 βλέπω
3495 5214 3556 5265 ὲν
3577 5215 3749 5285 Πατρδ

2167 5303 2418 5375 θεότητα,
2464 5301 2666 5375 ταύτην
2711 5306 2806 5358 καὶ
2851 5305 2908 5363 ὲν
2955 5302 3092 5374 Υἰῷ⁶
3140 5306 3236 5359 καὶ
3279 5307 3346 5376 ἦν
3377 5307 3436 5358 ὲν
3468 5306 3747 5377 Πνεύματν

2169 5393 2329 5464 ἁγίῳ,
2373 5390 2575 5463 ταύτην
2622 5393 2716 5447 καὶ
2757 5395 2814 5446 ὲν
2857 5393 2992 5465 Υίῷ,
3024 5393 3161 5448 διότι
3194 5395 3376 5466 μορφὴ
3409 5397 3470 5450 ὲν
3501 5396 3746 5468 ἑκατέρᾳ

2177 5484 2292 5555 μία.
2338 5484 2449 5539 Καὶ
2481 5485 2624 5558 ἀρχὴ
2668 5487 2777 5540 ἀπὸ
2805 5488 3019 5558 Πατρὸς
3046 5489 3104 5540 ὲν
3136 5486 3250 5556 Υἱῷ
3275 5489 3308 5556 ὴ
3341 5487 3500 5557 αὑτὴ,
3539 5489 3638 5542 καὶ
3662 5488 3744 5542 διὸ

2168 5573 2330 5629 τοῦτο
2356 5577 2448 5630 καὶ
2475 5577 2604 5648 παρ’
2639 5577 2768 5648 ἡμῖν
2797 5578 3166 5650 προσκύνησις
3197 5578 3290 5632 καὶ
3323 5578 3604 5647 δοξολογία
3632 5582 3752 5650 μία.

2170 5669 2461 5740 Προοίμιον
2484 5673 2582 5740 τῆς
2604 5670 2877 5742 ἡμετέρας
2902 5671 3188 5739 γενέσεως,
3217 5667 3463 5738 θεολογία
3497 5672 3727 5742 ἀληθινή
