  <div class='ocr_page' id='page_1' title='image "/cluster/home/n/w/nwhite01/storage/ocr_20150623/44/nnc1.0037127462/144.png"; bbox 0 0 3886 6214; ppageno 0'>
   <div class='ocr_carea' id='block_1_1' title="bbox 182 224 274 280">
    <p class='ocr_par' dir='ltr' id='par_1_1' title="bbox 182 224 274 280">
     <span class='ocr_line' id='line_1_1' title="bbox 182 224 274 280; baseline 0 -1"><span class='ocrx_word' id='word_1_1' title='bbox 182 224 274 280; x_wconf 70' lang='grc'><strong>961</strong></span> 
     </span>
    </p>
   </div>
   <div class='ocr_carea' id='block_1_2' title="bbox 916 217 2684 287">
    <p class='ocr_par' dir='ltr' id='par_1_2' title="bbox 916 217 2684 287">
     <span class='ocr_line' id='line_1_2' title="bbox 916 217 2684 287; baseline 0.003 -14"><span class='ocrx_word' id='word_1_2' title='bbox 916 218 984 274; x_wconf 77' lang='grc' dir='ltr'><strong>ΙΝ</strong></span> <span class='ocrx_word' id='word_1_3' title='bbox 1021 217 1275 285; x_wconf 80' lang='lat' dir='ltr'><strong>VERBA,</strong></span> <span class='ocrx_word' id='word_1_4' title='bbox 1315 217 1699 277; x_wconf 75' lang='lat' dir='ltr'><strong>FACIAMUS</strong></span> <span class='ocrx_word' id='word_1_5' title='bbox 1740 218 2134 284; x_wconf 77' lang='lat' dir='ltr'><strong>HOMINEM,</strong></span> <span class='ocrx_word' id='word_1_6' title='bbox 2172 218 2356 287; x_wconf 79' lang='lat' dir='ltr'><strong>ETC.,</strong></span> <span class='ocrx_word' id='word_1_7' title='bbox 2393 218 2603 277; x_wconf 79' lang='lat' dir='ltr'><strong>ORAT.</strong></span> <span class='ocrx_word' id='word_1_8' title='bbox 2642 219 2684 279; x_wconf 76' lang='lat'><strong>1.</strong></span> 
     </span>
    </p>
   </div>
   <div class='ocr_carea' id='block_1_3' title="bbox 3316 218 3423 279">
    <p class='ocr_par' dir='ltr' id='par_1_3' title="bbox 3316 218 3423 279">
     <span class='ocr_line' id='line_1_3' title="bbox 3316 218 3423 279; baseline 0.019 -2"><span class='ocrx_word' id='word_1_9' title='bbox 3316 218 3423 279; x_wconf 75' lang='lat'><strong>9.62</strong></span> 
     </span>
    </p>
   </div>
   <div class='ocr_carea' id='block_1_4' title="bbox 184 332 1753 409">
    <p class='ocr_par' dir='ltr' id='par_1_4' title="bbox 184 332 1746 406">
     <span class='ocr_line' id='line_1_4' title="bbox 184 332 1746 406; baseline 0.003 -21"><span class='ocrx_word' id='word_1_10' title='bbox 184 356 199 385; x_wconf 83' lang='grc' dir='ltr'><strong>ι</strong></span> <span class='ocrx_word' id='word_1_11' title='bbox 228 335 541 406; x_wconf 75' lang='grc' dir='ltr'><strong>Ποιήσωμεν</strong></span> <span class='ocrx_word' id='word_1_12' title='bbox 568 332 855 404; x_wconf 71' lang='grc' dir='ltr'>ἄνθρωπον</span> <span class='ocrx_word' id='word_1_13' title='bbox 915 351 1021 387; x_wconf 88' lang='grc' dir='ltr'><strong>κατ</strong></span> <span class='ocrx_word' id='word_1_14' title='bbox 1036 335 1051 355; x_wconf 83' lang='lat'><strong><em>‘</em></strong></span> <span class='ocrx_word' id='word_1_15' title='bbox 1068 334 1253 389; x_wconf 80' lang='grc' dir='ltr'>εἰκόνα</span> <span class='ocrx_word' id='word_1_16' title='bbox 1274 338 1369 390; x_wconf 70' lang='grc' dir='ltr'><strong>καὶ</strong></span> <span class='ocrx_word' id='word_1_17' title='bbox 1388 334 1492 389; x_wconf 88' lang='grc' dir='ltr'><strong>καθ</strong></span> <span class='ocrx_word' id='word_1_18' title='bbox 1510 337 1524 357; x_wconf 86' lang='grc'>’</span> <span class='ocrx_word' id='word_1_19' title='bbox 1544 337 1746 406; x_wconf 84' lang='grc' dir='ltr'>ὁμοίω-</span> 
     </span>
    </p>
   </div>
   <div class='ocr_carea' id='block_1_5' title="bbox 1855 332 3422 409">
    <p class='ocr_par' dir='ltr' id='par_1_5' title="bbox 1862 336 3422 409">
     <span class='ocr_line' id='line_1_5' title="bbox 1862 336 3422 409; baseline -0.001 -17"><span class='ocrx_word' id='word_1_20' title='bbox 1862 340 2012 408; x_wconf 90' lang='lat' dir='ltr'><strong>pium</strong></span> <span class='ocrx_word' id='word_1_21' title='bbox 2045 353 2075 391; x_wconf 92' lang='lat' dir='ltr'><strong>a</strong></span> <span class='ocrx_word' id='word_1_22' title='bbox 2104 338 2265 393; x_wconf 84' lang='lat' dir='ltr'><strong>Patre</strong></span> <span class='ocrx_word' id='word_1_23' title='bbox 2292 339 2345 393; x_wconf 94' lang='lat' dir='ltr'><strong>in</strong></span> <span class='ocrx_word' id='word_1_24' title='bbox 2380 338 2521 391; x_wconf 78' lang='lat' dir='ltr'><strong>Filio</strong></span> <span class='ocrx_word' id='word_1_25' title='bbox 2549 338 2689 391; x_wconf 90' lang='lat' dir='ltr'><strong>idem</strong></span> <span class='ocrx_word' id='word_1_26' title='bbox 2729 341 2835 401; x_wconf 83' lang='lat' dir='ltr'><strong>est,</strong></span> <span class='ocrx_word' id='word_1_27' title='bbox 2872 336 3079 391; x_wconf 88' lang='lat' dir='ltr'><strong>idcirco</strong></span> <span class='ocrx_word' id='word_1_28' title='bbox 3107 352 3247 393; x_wconf 88' lang='lat' dir='ltr'><strong>unus</strong></span> <span class='ocrx_word' id='word_1_29' title='bbox 3278 341 3422 409; x_wconf 80' lang='lat' dir='ltr'><strong>apud</strong></span> 
     </span>
    </p>
   </div>
   <div class='ocr_carea' id='block_1_6' title="bbox 178 422 1746 498">
    <p class='ocr_par' dir='ltr' id='par_1_6' title="bbox 178 422 1746 498">
     <span class='ocr_line' id='line_1_6' title="bbox 178 422 1746 498; baseline 0.003 -23"><span class='ocrx_word' id='word_1_30' title='bbox 178 424 938 496; x_wconf 78' lang='grc' dir='ltr'>σινὴμετέραν.›Κατέίκόνα</span> <span class='ocrx_word' id='word_1_31' title='bbox 962 423 1099 477; x_wconf 91' lang='grc' dir='ltr'>Θεοῦ</span> <span class='ocrx_word' id='word_1_32' title='bbox 1137 426 1459 498; x_wconf 82' lang='grc' dir='ltr'><strong>γεγόναμεν.</strong></span> <span class='ocrx_word' id='word_1_33' title='bbox 1503 427 1627 489; x_wconf 92' lang='grc' dir='ltr'><strong>Πῶς</strong></span> <span class='ocrx_word' id='word_1_34' title='bbox 1652 422 1746 480; x_wconf 83' lang='grc' dir='ltr'><strong>οῦν</strong></span> 
     </span>
    </p>
   </div>
   <div class='ocr_carea' id='block_1_7' title="bbox 179 510 1748 589">
    <p class='ocr_par' dir='ltr' id='par_1_7' title="bbox 179 510 1748 589">
     <span class='ocr_line' id='line_1_7' title="bbox 179 510 1748 589; baseline 0.001 -19"><span class='ocrx_word' id='word_1_35' title='bbox 179 518 291 570; x_wconf 79' lang='grc' dir='ltr'>κατ’</span> <span class='ocrx_word' id='word_1_36' title='bbox 318 517 500 569; x_wconf 83' lang='grc' dir='ltr'>εἰκόνα</span> <span class='ocrx_word' id='word_1_37' title='bbox 546 515 717 579; x_wconf 87' lang='grc' dir='ltr'>Θεοῦ;</span> <span class='ocrx_word' id='word_1_38' title='bbox 762 510 1228 586; x_wconf 76' lang='grc' dir='ltr'>Ἂποκαθάρωμεν</span> <span class='ocrx_word' id='word_1_39' title='bbox 1277 518 1505 589; x_wconf 84' lang='grc' dir='ltr'>καρδίαν</span> <span class='ocrx_word' id='word_1_40' title='bbox 1552 518 1748 571; x_wconf 88' lang='grc' dir='ltr'>ἰδιωτι-</span> 
     </span>
    </p>
   </div>
   <div class='ocr_carea' id='block_1_8' title="bbox 176 606 1750 751">
    <p class='ocr_par' dir='ltr' id='par_1_8' title="bbox 176 606 1750 751">
     <span class='ocr_line' id='line_1_8' title="bbox 176 606 1750 751; baseline 0.004 -93"><span class='ocrx_word' id='word_1_41' title='bbox 176 609 293 751; x_wconf 54' lang='grc' dir='ltr'>Ξιὴν,</span> <span class='ocrx_word' id='word_1_42' title='bbox 325 606 592 677; x_wconf 77' lang='grc' dir='ltr'><strong>πρόληψιν</strong></span> <span class='ocrx_word' id='word_1_43' title='bbox 618 607 963 674; x_wconf 85' lang='grc' dir='ltr'>ἀπαίδευτον,</span> <span class='ocrx_word' id='word_1_44' title='bbox 1008 609 1239 681; x_wconf 82' lang='grc' dir='ltr'><strong>ἀμαθεῖς</strong></span> <span class='ocrx_word' id='word_1_45' title='bbox 1272 611 1400 681; x_wconf 75' lang='grc' dir='ltr'>περὶ</span> <span class='ocrx_word' id='word_1_46' title='bbox 1447 610 1584 664; x_wconf 92' lang='grc' dir='ltr'>Θεοῦ</span> <span class='ocrx_word' id='word_1_47' title='bbox 1617 611 1750 665; x_wconf 85' lang='grc' dir='ltr'>ὑπο-</span> 
     </span>
     <span class='ocr_line' id='line_1_9' title="bbox 208 701 377 751; baseline 0 0"><span class='ocrx_word' id='word_1_48' title='bbox 208 701 377 751; x_wconf 66' lang='grc' dir='ltr'>ήώεις.</span> 
     </span>
    </p>
   </div>
   <div class='ocr_carea' id='block_1_9' title="bbox 208 718 377 771">
    <p class='ocr_par' dir='ltr' id='par_1_9' title="bbox 208 718 377 771">
     <span class='ocr_line' id='line_1_10' title="bbox 208 718 377 771; baseline 0.018 -19"><span class='ocrx_word' id='word_1_49' title='bbox 208 718 377 771; x_wconf 68' lang='grc' dir='ltr'>ηψεις.</span> 
     </span>
    </p>
   </div>
   <div class='ocr_carea' id='block_1_10' title="bbox 1851 427 3427 499">
    <p class='ocr_par' dir='ltr' id='par_1_10' title="bbox 1851 427 3427 499">
     <span class='ocr_line' id='line_1_11' title="bbox 1851 427 3427 499; baseline 0.001 -15"><span class='ocrx_word' id='word_1_50' title='bbox 1851 446 1954 484; x_wconf 92' lang='lat' dir='ltr'><strong>nos</strong></span> <span class='ocrx_word' id='word_1_51' title='bbox 1982 431 2268 499; x_wconf 89' lang='lat' dir='ltr'><strong>utriusque</strong></span> <span class='ocrx_word' id='word_1_52' title='bbox 2293 430 2498 491; x_wconf 91' lang='lat' dir='ltr'><strong>cultus,</strong></span> <span class='ocrx_word' id='word_1_53' title='bbox 2530 435 2585 482; x_wconf 90' lang='lat' dir='ltr'><strong>et</strong></span> <span class='ocrx_word' id='word_1_54' title='bbox 2617 428 2805 482; x_wconf 88' lang='lat' dir='ltr'><strong>eadem</strong></span> <span class='ocrx_word' id='word_1_55' title='bbox 2839 428 3189 484; x_wconf 86' lang='lat' dir='ltr'><strong>collaudatio.</strong></span> <span class='ocrx_word' id='word_1_56' title='bbox 3212 427 3427 485; x_wconf 63' lang='lat' dir='ltr'><strong>Nostra</strong></span> 
     </span>
    </p>
   </div>
   <div class='ocr_carea' id='block_1_11' title="bbox 1851 521 3422 592">
    <p class='ocr_par' dir='ltr' id='par_1_11' title="bbox 1851 521 3422 592">
     <span class='ocr_line' id='line_1_12' title="bbox 1851 521 3422 592; baseline 0.001 -18"><span class='ocrx_word' id='word_1_57' title='bbox 1851 522 2249 592; x_wconf 78' lang='lat' dir='ltr'><strong>procreationis</strong></span> <span class='ocrx_word' id='word_1_58' title='bbox 2276 521 2567 575; x_wconf 83' lang='lat' dir='ltr'><strong>exordium</strong></span> <span class='ocrx_word' id='word_1_59' title='bbox 2600 534 2783 574; x_wconf 82' lang='lat' dir='ltr'><strong>veram</strong></span> <span class='ocrx_word' id='word_1_60' title='bbox 2809 521 3051 574; x_wconf 84' lang='lat' dir='ltr'><strong>continet</strong></span> <span class='ocrx_word' id='word_1_61' title='bbox 3075 521 3422 592; x_wconf 76' lang='lat' dir='ltr'><strong>theologiam.</strong></span> 
     </span>
    </p>
   </div>
   <div class='ocr_carea' id='block_1_12' title="bbox 1848 606 3427 682">
    <p class='ocr_par' dir='ltr' id='par_1_12' title="bbox 1848 606 3427 682">
     <span class='ocr_line' id='line_1_13' title="bbox 1848 606 3427 682; baseline 0.006 -25"><span class='ocrx_word' id='word_1_62' title='bbox 1848 606 2454 665; x_wconf 66' lang='lat' dir='ltr'><strong>«Faciamushominem</strong></span> <span class='ocrx_word' id='word_1_63' title='bbox 2471 606 2539 663; x_wconf 90' lang='lat' dir='ltr'><strong>ad</strong></span> <span class='ocrx_word' id='word_1_64' title='bbox 2559 612 2847 682; x_wconf 81' lang='lat' dir='ltr'><strong>imaginem</strong></span> <span class='ocrx_word' id='word_1_65' title='bbox 2878 624 3143 667; x_wconf 85' lang='lat' dir='ltr'><strong>nostram.</strong></span> <span class='ocrx_word' id='word_1_66' title='bbox 3159 610 3265 665; x_wconf 70' lang='grc' dir='ltr'><strong>»Λὰ</strong></span> <span class='ocrx_word' id='word_1_67' title='bbox 3286 613 3427 666; x_wconf 87' lang='lat' dir='ltr'><strong>ima-</strong></span> 
     </span>
    </p>
   </div>
   <div class='ocr_carea' id='block_1_13' title="bbox 1853 700 3425 775">
    <p class='ocr_par' dir='ltr' id='par_1_13' title="bbox 1853 700 3425 775">
     <span class='ocr_line' id='line_1_14' title="bbox 1853 700 3425 775; baseline 0.003 -20"><span class='ocrx_word' id='word_1_68' title='bbox 1853 702 2035 773; x_wconf 87' lang='lat' dir='ltr'><strong>ginem</strong></span> <span class='ocrx_word' id='word_1_69' title='bbox 2069 700 2163 755; x_wconf 89' lang='lat' dir='ltr'><strong>Dei</strong></span> <span class='ocrx_word' id='word_1_70' title='bbox 2190 700 2319 754; x_wconf 89' lang='lat' dir='ltr'><strong>facti</strong></span> <span class='ocrx_word' id='word_1_71' title='bbox 2345 717 2557 757; x_wconf 88' lang='lat' dir='ltr'><strong>sumus.</strong></span> <span class='ocrx_word' id='word_1_72' title='bbox 2587 702 2834 768; x_wconf 86' lang='lat' dir='ltr'><strong>Quonam</strong></span> <span class='ocrx_word' id='word_1_73' title='bbox 2857 703 3021 758; x_wconf 76' lang='lat' dir='ltr'><strong>modo</strong></span> <span class='ocrx_word' id='word_1_74' title='bbox 3044 704 3110 757; x_wconf 91' lang='lat' dir='ltr'><strong>ad</strong></span> <span class='ocrx_word' id='word_1_75' title='bbox 3133 703 3425 775; x_wconf 75' lang='lat' dir='ltr'><strong>imaginem</strong></span> 
     </span>
    </p>
   </div>
   <div class='ocr_carea' id='block_1_14' title="bbox 176 790 2890 864">
    <p class='ocr_par' dir='ltr' id='par_1_14' title="bbox 176 790 2890 864">
     <span class='ocr_line' id='line_1_15' title="bbox 176 790 2890 864; baseline 0.001 -19"><span class='ocrx_word' id='word_1_76' title='bbox 176 792 323 860; x_wconf 85' lang='lat' dir='ltr'><strong>ejus?</strong></span> <span class='ocrx_word' id='word_1_77' title='bbox 353 792 581 846; x_wconf 84' lang='lat' dir='ltr'><strong>Animos</strong></span> <span class='ocrx_word' id='word_1_78' title='bbox 619 808 649 846; x_wconf 89' lang='lat' dir='ltr'><strong>a</strong></span> <span class='ocrx_word' id='word_1_79' title='bbox 690 793 1030 861; x_wconf 86' lang='lat' dir='ltr'><strong>vulgaribus,</strong></span> <span class='ocrx_word' id='word_1_80' title='bbox 1064 804 1118 848; x_wconf 91' lang='lat' dir='ltr'><strong>et</strong></span> <span class='ocrx_word' id='word_1_81' title='bbox 1165 794 1454 864; x_wconf 90' lang='lat' dir='ltr'><strong>imperitis,</strong></span> <span class='ocrx_word' id='word_1_82' title='bbox 1491 809 1556 849; x_wconf 90' lang='lat' dir='ltr'><strong>ac</strong></span> <span class='ocrx_word' id='word_1_83' title='bbox 1586 795 1771 850; x_wconf 91' lang='lat' dir='ltr'><strong>stultis</strong></span> <span class='ocrx_word' id='word_1_84' title='bbox 1816 793 1924 848; x_wconf 87' lang='lat' dir='ltr'><strong>illis</strong></span> <span class='ocrx_word' id='word_1_85' title='bbox 1966 792 2034 847; x_wconf 91' lang='lat' dir='ltr'><strong>de</strong></span> <span class='ocrx_word' id='word_1_86' title='bbox 2072 790 2182 847; x_wconf 88' lang='lat' dir='ltr'><strong>Deo</strong></span> <span class='ocrx_word' id='word_1_87' title='bbox 2214 792 2561 861; x_wconf 81' lang='lat' dir='ltr'><strong>Opinionibus</strong></span> <span class='ocrx_word' id='word_1_88' title='bbox 2587 793 2890 863; x_wconf 82' lang='lat' dir='ltr'><strong>expiemus.</strong></span> 
     </span>
    </p>
   </div>
   <div class='ocr_carea' id='block_1_15' title="bbox 241 884 1751 957">
    <p class='ocr_par' dir='ltr' id='par_1_15' title="bbox 241 884 1751 957">
     <span class='ocr_line' id='line_1_16' title="bbox 241 884 1751 957; baseline 0.002 -21"><span class='ocrx_word' id='word_1_89' title='bbox 241 885 301 937; x_wconf 83' lang='grc' dir='ltr'>Εἰ</span> <span class='ocrx_word' id='word_1_90' title='bbox 326 887 445 937; x_wconf 82' lang='grc' dir='ltr'>κατ’</span> <span class='ocrx_word' id='word_1_91' title='bbox 476 884 657 937; x_wconf 82' lang='grc' dir='ltr'>εἰκόνα</span> <span class='ocrx_word' id='word_1_92' title='bbox 684 885 819 938; x_wconf 91' lang='grc' dir='ltr'>Θεοῦ</span> <span class='ocrx_word' id='word_1_93' title='bbox 880 887 1204 957; x_wconf 81' lang='grc' dir='ltr'>γεγόναμεν,</span> <span class='ocrx_word' id='word_1_94' title='bbox 1238 887 1392 957; x_wconf 76' lang='grc' dir='ltr'>φησί,</span> <span class='ocrx_word' id='word_1_95' title='bbox 1426 886 1751 957; x_wconf 84' lang='grc' dir='ltr'>σύμμορφος</span> 
     </span>
    </p>
   </div>
   <div class='ocr_carea' id='block_1_16' title="bbox 176 968 1749 1050">
    <p class='ocr_par' dir='ltr' id='par_1_16' title="bbox 176 968 1749 1050">
     <span class='ocr_line' id='line_1_17' title="bbox 176 968 1749 1050; baseline 0.001 -21"><span class='ocrx_word' id='word_1_96' title='bbox 176 968 299 1046; x_wconf 76' lang='grc' dir='ltr'>ἡμῖν</span> <span class='ocrx_word' id='word_1_97' title='bbox 329 979 474 1030; x_wconf 79' lang='grc' dir='ltr'>ἐστιν</span> <span class='ocrx_word' id='word_1_98' title='bbox 498 979 527 1029; x_wconf 86' lang='grc' dir='ltr'>ὁ</span> <span class='ocrx_word' id='word_1_99' title='bbox 558 977 687 1039; x_wconf 85' lang='grc' dir='ltr'>Θεός</span> <span class='ocrx_word' id='word_1_100' title='bbox 708 994 721 1006; x_wconf 73' lang='grc'><strong>⁸</strong></span> <span class='ocrx_word' id='word_1_101' title='bbox 756 976 1024 1047; x_wconf 71' lang='grc' dir='ltr'>ὀφθαλμοὶ</span> <span class='ocrx_word' id='word_1_102' title='bbox 1048 980 1177 1050; x_wconf 82' lang='grc' dir='ltr'><strong>περί</strong></span> <span class='ocrx_word' id='word_1_103' title='bbox 1200 978 1332 1031; x_wconf 85' lang='grc' dir='ltr'>Θεὸν</span> <span class='ocrx_word' id='word_1_104' title='bbox 1361 978 1455 1031; x_wconf 69' lang='grc' dir='ltr'><strong>καὶ</strong></span> <span class='ocrx_word' id='word_1_105' title='bbox 1488 972 1624 1041; x_wconf 80' lang='grc' dir='ltr'>ὦτα,</span> <span class='ocrx_word' id='word_1_106' title='bbox 1658 995 1749 1030; x_wconf 90' lang='grc' dir='ltr'>κε-</span> 
     </span>
    </p>
   </div>
   <div class='ocr_carea' id='block_1_17' title="bbox 176 1058 1748 1140">
    <p class='ocr_par' dir='ltr' id='par_1_17' title="bbox 176 1058 1748 1140">
     <span class='ocr_line' id='line_1_18' title="bbox 176 1058 1748 1140; baseline 0.003 -22"><span class='ocrx_word' id='word_1_107' title='bbox 176 1067 330 1138; x_wconf 82' lang='grc' dir='ltr'>φαλὴ,</span> <span class='ocrx_word' id='word_1_108' title='bbox 358 1070 559 1137; x_wconf 82' lang='grc' dir='ltr'>χεῖρες,</span> <span class='ocrx_word' id='word_1_109' title='bbox 597 1065 765 1136; x_wconf 81' lang='grc' dir='ltr'>ἰσχίον</span> <span class='ocrx_word' id='word_1_110' title='bbox 791 1069 877 1136; x_wconf 78' lang='grc' dir='ltr'><strong>ἐφ’</strong></span> <span class='ocrx_word' id='word_1_111' title='bbox 905 1058 967 1122; x_wconf 77' lang='grc' dir='ltr'><strong>οῦ</strong></span> <span class='ocrx_word' id='word_1_112' title='bbox 994 1069 1203 1140; x_wconf 79' lang='grc' dir='ltr'><strong>ἵδρυται</strong></span> <span class='ocrx_word' id='word_1_113' title='bbox 1224 1088 1237 1099; x_wconf 68' lang='grc'><strong>⁸</strong></span> <span class='ocrx_word' id='word_1_114' title='bbox 1285 1070 1524 1137; x_wconf 86' lang='grc' dir='ltr'>(λέγεται</span> <span class='ocrx_word' id='word_1_115' title='bbox 1553 1068 1661 1140; x_wconf 86' lang='grc' dir='ltr'><strong>γάρ</strong></span> <span class='ocrx_word' id='word_1_116' title='bbox 1690 1071 1748 1123; x_wconf 82' lang='grc' dir='ltr'>ὲν</span> 
     </span>
    </p>
   </div>
   <div class='ocr_carea' id='block_1_18' title="bbox 173 1152 1745 1236">
    <p class='ocr_par' dir='ltr' id='par_1_18' title="bbox 173 1152 1745 1236">
     <span class='ocr_line' id='line_1_19' title="bbox 173 1152 1745 1236; baseline 0.004 -28"><span class='ocrx_word' id='word_1_117' title='bbox 173 1161 232 1227; x_wconf 80' lang='grc' dir='ltr'>τῇ</span> <span class='ocrx_word' id='word_1_118' title='bbox 272 1158 460 1228; x_wconf 85' lang='grc' dir='ltr'>Γραφῇ</span> <span class='ocrx_word' id='word_1_119' title='bbox 506 1160 535 1211; x_wconf 87' lang='grc' dir='ltr'><strong>ὁ</strong></span> <span class='ocrx_word' id='word_1_120' title='bbox 581 1152 711 1221; x_wconf 85' lang='grc' dir='ltr'>Θεὸς</span> <span class='ocrx_word' id='word_1_121' title='bbox 755 1159 1132 1236; x_wconf 68' lang='grc' dir='ltr'>καθέζεσθαν)</span> <span class='ocrx_word' id='word_1_122' title='bbox 1167 1160 1325 1223; x_wconf 84' lang='grc' dir='ltr'>πόδες</span> <span class='ocrx_word' id='word_1_123' title='bbox 1363 1161 1429 1214; x_wconf 85' lang='grc' dir='ltr'>δι’</span> <span class='ocrx_word' id='word_1_124' title='bbox 1470 1154 1545 1214; x_wconf 84' lang='grc' dir='ltr'>ὧν</span> <span class='ocrx_word' id='word_1_125' title='bbox 1588 1178 1745 1231; x_wconf 88' lang='grc' dir='ltr'>περι-</span> 
     </span>
    </p>
   </div>
   <div class='ocr_carea' id='block_1_19' title="bbox 173 1242 1746 1321">
    <p class='ocr_par' dir='ltr' id='par_1_19' title="bbox 173 1242 1746 1321">
     <span class='ocr_line' id='line_1_20' title="bbox 173 1242 1746 1321; baseline 0.003 -22"><span class='ocrx_word' id='word_1_126' title='bbox 173 1250 355 1300; x_wconf 79' lang='grc' dir='ltr'>πατεῖ·</span> <span class='ocrx_word' id='word_1_127' title='bbox 396 1242 605 1301; x_wconf 84' lang='grc' dir='ltr'>Ούκοῦν</span> <span class='ocrx_word' id='word_1_128' title='bbox 632 1253 870 1314; x_wconf 84' lang='grc' dir='ltr'>τοιοῦτος</span> <span class='ocrx_word' id='word_1_129' title='bbox 923 1253 952 1304; x_wconf 89' lang='grc' dir='ltr'>ὁ</span> <span class='ocrx_word' id='word_1_130' title='bbox 994 1249 1165 1314; x_wconf 86' lang='grc' dir='ltr'>Θεός;</span> <span class='ocrx_word' id='word_1_131' title='bbox 1205 1248 1606 1304; x_wconf 83' lang='grc' dir='ltr'>Ἀποσκεύασον</span> <span class='ocrx_word' id='word_1_132' title='bbox 1645 1252 1746 1321; x_wconf 82' lang='grc' dir='ltr'><strong>τῆς</strong></span> 
     </span>
    </p>
   </div>
   <div class='ocr_carea' id='block_1_20' title="bbox 171 1339 1743 1413">
    <p class='ocr_par' dir='ltr' id='par_1_20' title="bbox 171 1339 1743 1413">
     <span class='ocr_line' id='line_1_21' title="bbox 171 1339 1743 1413; baseline 0.003 -22"><span class='ocrx_word' id='word_1_133' title='bbox 171 1339 389 1410; x_wconf 73' lang='grc' dir='ltr'>καρδία..</span> <span class='ocrx_word' id='word_1_134' title='bbox 435 1340 795 1410; x_wconf 77' lang='grc' dir='ltr'>φαντάσματα</span> <span class='ocrx_word' id='word_1_135' title='bbox 850 1342 1095 1413; x_wconf 82' lang='grc' dir='ltr'>ἀπρεπῆ.</span> <span class='ocrx_word' id='word_1_136' title='bbox 1163 1342 1433 1397; x_wconf 79' lang='grc' dir='ltr'>Ἐκϐαλλε</span> <span class='ocrx_word' id='word_1_137' title='bbox 1489 1343 1598 1396; x_wconf 91' lang='grc' dir='ltr'><strong>άπὸ</strong></span> <span class='ocrx_word' id='word_1_138' title='bbox 1650 1343 1743 1396; x_wconf 88' lang='grc' dir='ltr'><strong>σοῦ</strong></span> 
     </span>
    </p>
   </div>
   <div class='ocr_carea' id='block_1_21' title="bbox 168 1429 1744 1505">
    <p class='ocr_par' dir='ltr' id='par_1_21' title="bbox 168 1429 1744 1505">
     <span class='ocr_line' id='line_1_22' title="bbox 168 1429 1744 1505; baseline 0.004 -24"><span class='ocrx_word' id='word_1_139' title='bbox 168 1429 399 1485; x_wconf 83' lang='grc' dir='ltr'>διάνοιαν</span> <span class='ocrx_word' id='word_1_140' title='bbox 425 1432 849 1502; x_wconf 78' lang='grc' dir='ltr'>ἁφαρμόζουσαν</span> <span class='ocrx_word' id='word_1_141' title='bbox 869 1432 948 1503; x_wconf 85' lang='grc' dir='ltr'>τῷ</span> <span class='ocrx_word' id='word_1_142' title='bbox 981 1432 1197 1503; x_wconf 84' lang='grc' dir='ltr'>μεγέθει</span> <span class='ocrx_word' id='word_1_143' title='bbox 1221 1433 1316 1487; x_wconf 88' lang='grc' dir='ltr'><strong>τοῦ</strong></span> <span class='ocrx_word' id='word_1_144' title='bbox 1346 1433 1502 1487; x_wconf 90' lang='grc' dir='ltr'>Θεοῦ.</span> <span class='ocrx_word' id='word_1_145' title='bbox 1546 1435 1744 1505; x_wconf 83' lang='grc' dir='ltr'>Ἀσχη-</span> 
     </span>
    </p>
   </div>
   <div class='ocr_carea' id='block_1_22' title="bbox 1929 882 3420 954">
    <p class='ocr_par' dir='ltr' id='par_1_22' title="bbox 1929 882 3420 954">
     <span class='ocr_line' id='line_1_23' title="bbox 1929 882 3420 954; baseline 0.002 -14"><span class='ocrx_word' id='word_1_146' title='bbox 1929 884 1985 940; x_wconf 89' lang='lat' dir='ltr'><strong>Si</strong></span> <span class='ocrx_word' id='word_1_147' title='bbox 2017 884 2085 939; x_wconf 90' lang='lat' dir='ltr'><strong>ad</strong></span> <span class='ocrx_word' id='word_1_148' title='bbox 2139 883 2430 954; x_wconf 78' lang='lat' dir='ltr'><strong>imaginem</strong></span> <span class='ocrx_word' id='word_1_149' title='bbox 2480 882 2597 949; x_wconf 87' lang='lat' dir='ltr'><strong>Dei,</strong></span> <span class='ocrx_word' id='word_1_150' title='bbox 2633 884 2811 954; x_wconf 81' lang='lat' dir='ltr'><strong>inquit</strong></span> <span class='ocrx_word' id='word_1_151' title='bbox 2862 886 2975 949; x_wconf 89' lang='lat' dir='ltr'><strong>ille,</strong></span> <span class='ocrx_word' id='word_1_152' title='bbox 3024 885 3156 940; x_wconf 78' lang='lat' dir='ltr'><strong>facti</strong></span> <span class='ocrx_word' id='word_1_153' title='bbox 3205 902 3420 951; x_wconf 87' lang='lat' dir='ltr'><strong>sumus,</strong></span> 
     </span>
    </p>
   </div>
   <div class='ocr_carea' id='block_1_23' title="bbox 1850 976 3425 1044">
    <p class='ocr_par' dir='ltr' id='par_1_23' title="bbox 1850 976 3425 1044">
     <span class='ocr_line' id='line_1_24' title="bbox 1850 976 3425 1044; baseline 0.002 -12"><span class='ocrx_word' id='word_1_154' title='bbox 1850 977 2084 1032; x_wconf 89' lang='lat' dir='ltr'><strong>formam</strong></span> <span class='ocrx_word' id='word_1_155' title='bbox 2125 976 2269 1032; x_wconf 83' lang='lat' dir='ltr'><strong>Deus</strong></span> <span class='ocrx_word' id='word_1_156' title='bbox 2299 984 2503 1031; x_wconf 76' lang='lat' dir='ltr'><strong>nostra:</strong></span> <span class='ocrx_word' id='word_1_157' title='bbox 2544 978 2780 1032; x_wconf 88' lang='lat' dir='ltr'><strong>similem</strong></span> <span class='ocrx_word' id='word_1_158' title='bbox 2822 978 3239 1044; x_wconf 81' lang='lat' dir='ltr'><strong>habetzoculis,</strong></span> <span class='ocrx_word' id='word_1_159' title='bbox 3275 983 3425 1035; x_wconf 86' lang='lat' dir='ltr'><strong>auri-</strong></span> 
     </span>
    </p>
   </div>
   <div class='ocr_carea' id='block_1_24' title="bbox 1850 1067 3423 1143">
    <p class='ocr_par' dir='ltr' id='par_1_24' title="bbox 1850 1067 3423 1143">
     <span class='ocr_line' id='line_1_25' title="bbox 1850 1067 3423 1143; baseline 0.003 -19"><span class='ocrx_word' id='word_1_160' title='bbox 1850 1069 1974 1131; x_wconf 89' lang='lat' dir='ltr'><strong>bus,</strong></span> <span class='ocrx_word' id='word_1_161' title='bbox 2021 1069 2222 1139; x_wconf 89' lang='lat' dir='ltr'><strong>capite,</strong></span> <span class='ocrx_word' id='word_1_162' title='bbox 2270 1069 2522 1123; x_wconf 91' lang='lat' dir='ltr'><strong>manibus</strong></span> <span class='ocrx_word' id='word_1_163' title='bbox 2572 1067 2835 1137; x_wconf 59' lang='lat' dir='ltr'><strong>praeditus</strong></span> <span class='ocrx_word' id='word_1_164' title='bbox 2885 1078 2992 1135; x_wconf 86' lang='lat' dir='ltr'><strong>est,</strong></span> <span class='ocrx_word' id='word_1_165' title='bbox 3046 1080 3423 1143; x_wconf 83' lang='lat' dir='ltr'><strong>cox’arumque</strong></span> 
     </span>
    </p>
   </div>
   <div class='ocr_carea' id='block_1_25' title="bbox 1848 1160 3421 1235">
    <p class='ocr_par' dir='ltr' id='par_1_25' title="bbox 1848 1160 3421 1235">
     <span class='ocr_line' id='line_1_26' title="bbox 1848 1160 3421 1235; baseline 0.006 -24"><span class='ocrx_word' id='word_1_166' title='bbox 1848 1161 2142 1223; x_wconf 79' lang='lat' dir='ltr'><strong>vertebris,</strong></span> <span class='ocrx_word' id='word_1_167' title='bbox 2165 1161 2369 1230; x_wconf 84' lang='lat' dir='ltr'><strong>quibus</strong></span> <span class='ocrx_word' id='word_1_168' title='bbox 2400 1160 2624 1215; x_wconf 81' lang='lat' dir='ltr'><strong>fulcitur</strong></span> <span class='ocrx_word' id='word_1_169' title='bbox 2647 1169 2700 1215; x_wconf 89' lang='lat' dir='ltr'><strong>et</strong></span> <span class='ocrx_word' id='word_1_170' title='bbox 2731 1161 2951 1227; x_wconf 86' lang='lat' dir='ltr'><strong>insidet,</strong></span> <span class='ocrx_word' id='word_1_171' title='bbox 2973 1165 3421 1235; x_wconf 85' lang='lat' dir='ltr'><strong>quandoquidem</strong></span> 
     </span>
    </p>
   </div>
   <div class='ocr_carea' id='block_1_26' title="bbox 1850 1251 3419 1324">
    <p class='ocr_par' dir='ltr' id='par_1_26' title="bbox 1850 1251 3419 1324">
     <span class='ocr_line' id='line_1_27' title="bbox 1850 1251 3419 1324; baseline 0.002 -18"><span class='ocrx_word' id='word_1_172' title='bbox 1850 1252 2042 1306; x_wconf 89' lang='lat' dir='ltr'><strong>sedere</strong></span> <span class='ocrx_word' id='word_1_173' title='bbox 2077 1251 2251 1306; x_wconf 90' lang='lat' dir='ltr'><strong>Deum</strong></span> <span class='ocrx_word' id='word_1_174' title='bbox 2300 1252 2585 1321; x_wconf 83' lang='lat' dir='ltr'><strong>Scriptura</strong></span> <span class='ocrx_word' id='word_1_175' title='bbox 2621 1253 2787 1306; x_wconf 85' lang='lat' dir='ltr'><strong>tradit</strong></span> <span class='ocrx_word' id='word_1_176' title='bbox 2808 1254 2854 1285; x_wconf 82' lang='lat'><strong>”</strong></span> <span class='ocrx_word' id='word_1_177' title='bbox 2874 1256 2953 1307; x_wconf 81' lang='lat'><strong>“:</strong></span> <span class='ocrx_word' id='word_1_178' title='bbox 2992 1255 3219 1324; x_wconf 86' lang='lat' dir='ltr'><strong>pedibus</strong></span> <span class='ocrx_word' id='word_1_179' title='bbox 3267 1257 3419 1323; x_wconf 87' lang='lat' dir='ltr'><strong>item,</strong></span> 
     </span>
    </p>
   </div>
   <div class='ocr_carea' id='block_1_27' title="bbox 1850 1341 3422 1415">
    <p class='ocr_par' dir='ltr' id='par_1_27' title="bbox 1850 1341 3422 1415">
     <span class='ocr_line' id='line_1_28' title="bbox 1850 1341 3422 1415; baseline 0.003 -18"><span class='ocrx_word' id='word_1_180' title='bbox 1850 1344 2051 1415; x_wconf 85' lang='lat' dir='ltr'><strong>quibus</strong></span> <span class='ocrx_word' id='word_1_181' title='bbox 2094 1343 2321 1397; x_wconf 84' lang='lat' dir='ltr'><strong>incedit.</strong></span> <span class='ocrx_word' id='word_1_182' title='bbox 2352 1341 2574 1398; x_wconf 91' lang='lat' dir='ltr'><strong>Talisne</strong></span> <span class='ocrx_word' id='word_1_183' title='bbox 2602 1344 2769 1413; x_wconf 77' lang='lat' dir='ltr'><strong>igitur</strong></span> <span class='ocrx_word' id='word_1_184' title='bbox 2798 1342 2988 1399; x_wconf 89' lang='lat' dir='ltr'><strong>Deus?</strong></span> <span class='ocrx_word' id='word_1_185' title='bbox 3039 1344 3319 1400; x_wconf 84' lang='lat' dir='ltr'><strong>Recedant</strong></span> <span class='ocrx_word' id='word_1_186' title='bbox 3351 1348 3422 1402; x_wconf 87' lang='lat' dir='ltr'><strong>ab</strong></span> 
     </span>
    </p>
   </div>
   <div class='ocr_carea' id='block_1_28' title="bbox 1849 1435 3421 1510">
    <p class='ocr_par' dir='ltr' id='par_1_28' title="bbox 1849 1435 3421 1510">
     <span class='ocr_line' id='line_1_29' title="bbox 1849 1435 3421 1510; baseline 0.003 -22"><span class='ocrx_word' id='word_1_187' title='bbox 1849 1439 2032 1489; x_wconf 90' lang='lat' dir='ltr'><strong>animo</strong></span> <span class='ocrx_word' id='word_1_188' title='bbox 2053 1442 2150 1489; x_wconf 91' lang='lat' dir='ltr'><strong>tuo</strong></span> <span class='ocrx_word' id='word_1_189' title='bbox 2172 1436 2430 1491; x_wconf 67' lang='lat' dir='ltr'><strong>absurda:</strong></span> <span class='ocrx_word' id='word_1_190' title='bbox 2457 1435 2768 1505; x_wconf 85' lang='lat' dir='ltr'><strong>opiniones.</strong></span> <span class='ocrx_word' id='word_1_191' title='bbox 2788 1437 2979 1503; x_wconf 87' lang='lat' dir='ltr'><strong>Abjice</strong></span> <span class='ocrx_word' id='word_1_192' title='bbox 3006 1440 3421 1510; x_wconf 74' lang='lat' dir='ltr'><strong>cogitationem,</strong></span> 
     </span>
    </p>
   </div>
   <div class='ocr_carea' id='block_1_29' title="bbox 170 1504 1753 1597">
    <p class='ocr_par' dir='ltr' id='par_1_29' title="bbox 170 1504 1744 1597">
     <span class='ocr_line' id='line_1_30' title="bbox 170 1504 1744 1597; baseline 0.008 -23"><span class='ocrx_word' id='word_1_193' title='bbox 170 1523 425 1592; x_wconf 85' lang='grc' dir='ltr'>μάτιστος</span> <span class='ocrx_word' id='word_1_194' title='bbox 468 1524 498 1575; x_wconf 86' lang='grc' dir='ltr'>ὀ</span> <span class='ocrx_word' id='word_1_195' title='bbox 550 1522 702 1587; x_wconf 87' lang='grc' dir='ltr'>Θεὸς,</span> <span class='ocrx_word' id='word_1_196' title='bbox 751 1523 977 1588; x_wconf 83' lang='grc' dir='ltr'>ἁπλοῦς,</span> <span class='ocrx_word' id='word_1_197' title='bbox 1024 1525 1325 1597; x_wconf 82' lang='grc' dir='ltr'>ἀμεγέθης,</span> <span class='ocrx_word' id='word_1_198' title='bbox 1372 1525 1612 1589; x_wconf 81' lang='grc' dir='ltr'>ἄποσος⁶</span> <span class='ocrx_word' id='word_1_199' title='bbox 1667 1504 1744 1597; x_wconf 72' lang='grc' dir='ltr'>μὴ</span> 
     </span>
    </p>
   </div>
   <div class='ocr_carea' id='block_1_30' title="bbox 1855 1504 3426 1597">
    <p class='ocr_par' dir='ltr' id='par_1_30' title="bbox 1855 1504 3426 1595">
     <span class='ocr_line' id='line_1_31' title="bbox 1855 1504 3426 1595; baseline 0.005 -22"><span class='ocrx_word' id='word_1_200' title='bbox 1855 1533 1974 1587; x_wconf 76' lang='lat' dir='ltr'><strong>qua:</strong></span> <span class='ocrx_word' id='word_1_201' title='bbox 1988 1517 2081 1575; x_wconf 89' lang='lat' dir='ltr'><strong>Dei</strong></span> <span class='ocrx_word' id='word_1_202' title='bbox 2100 1504 2532 1591; x_wconf 82' lang='lat' dir='ltr'><strong>magnitudinem</strong></span> <span class='ocrx_word' id='word_1_203' title='bbox 2549 1523 2845 1578; x_wconf 89' lang='lat' dir='ltr'><strong>imminuit.</strong></span> <span class='ocrx_word' id='word_1_204' title='bbox 2864 1524 3066 1595; x_wconf 85' lang='lat' dir='ltr'><strong>Figura</strong></span> <span class='ocrx_word' id='word_1_205' title='bbox 3078 1504 3242 1581; x_wconf 62' lang='lat' dir='ltr'><strong>vacat</strong></span> <span class='ocrx_word' id='word_1_206' title='bbox 3258 1504 3426 1593; x_wconf 70' lang='lat' dir='ltr'><strong>Deus,</strong></span> 
     </span>
    </p>
   </div>
   <div class='ocr_carea' id='block_1_31' title="bbox 167 1614 1746 1694">
    <p class='ocr_par' dir='ltr' id='par_1_31' title="bbox 167 1614 1746 1694">
     <span class='ocr_line' id='line_1_32' title="bbox 167 1614 1746 1694; baseline 0.004 -25"><span class='ocrx_word' id='word_1_207' title='bbox 167 1614 478 1685; x_wconf 76' lang='grc' dir='ltr'>φαντασθῇς</span> <span class='ocrx_word' id='word_1_208' title='bbox 510 1614 724 1686; x_wconf 74' lang='grc' dir='ltr'>μορφὴν</span> <span class='ocrx_word' id='word_1_209' title='bbox 770 1617 898 1689; x_wconf 82' lang='grc' dir='ltr'>περὶ</span> <span class='ocrx_word' id='word_1_210' title='bbox 931 1618 1093 1670; x_wconf 83' lang='grc' dir='ltr'>αὐτόν</span> <span class='ocrx_word' id='word_1_211' title='bbox 1122 1636 1136 1650; x_wconf 90' lang='grc'><strong>·</strong></span> <span class='ocrx_word' id='word_1_212' title='bbox 1190 1620 1265 1689; x_wconf 84' lang='grc' dir='ltr'>μὴ</span> <span class='ocrx_word' id='word_1_213' title='bbox 1297 1621 1746 1694; x_wconf 79' lang='grc' dir='ltr'>κατασμικρύνῃς</span> 
     </span>
    </p>
   </div>
   <div class='ocr_carea' id='block_1_32' title="bbox 178 1706 1748 1782">
    <p class='ocr_par' dir='ltr' id='par_1_32' title="bbox 178 1706 1748 1782">
     <span class='ocr_line' id='line_1_33' title="bbox 178 1706 1748 1782; baseline 0.004 -23"><span class='ocrx_word' id='word_1_214' title='bbox 178 1706 483 1770; x_wconf 83' lang='grc' dir='ltr'>Ἰουδαϊκῶς</span> <span class='ocrx_word' id='word_1_215' title='bbox 513 1707 607 1759; x_wconf 89' lang='grc' dir='ltr'><strong>τὸν</strong></span> <span class='ocrx_word' id='word_1_216' title='bbox 640 1708 816 1778; x_wconf 83' lang='grc' dir='ltr'>μέγαν</span> <span class='ocrx_word' id='word_1_217' title='bbox 846 1725 860 1739; x_wconf 68' lang='grc' dir='ltr'><strong>υ</strong></span> <span class='ocrx_word' id='word_1_218' title='bbox 917 1709 991 1779; x_wconf 83' lang='grc' dir='ltr'>μὴ</span> <span class='ocrx_word' id='word_1_219' title='bbox 1028 1709 1327 1782; x_wconf 80' lang='grc' dir='ltr'>περιλάϐῃς</span> <span class='ocrx_word' id='word_1_220' title='bbox 1355 1710 1444 1763; x_wconf 88' lang='grc' dir='ltr'><strong>τὸν</strong></span> <span class='ocrx_word' id='word_1_221' title='bbox 1476 1710 1609 1764; x_wconf 83' lang='grc' dir='ltr'>Θεὸν</span> <span class='ocrx_word' id='word_1_222' title='bbox 1644 1729 1748 1766; x_wconf 90' lang='grc' dir='ltr'><strong>σω-</strong></span> 
     </span>
    </p>
   </div>
   <div class='ocr_carea' id='block_1_33' title="bbox 168 1800 1745 1876">
    <p class='ocr_par' dir='ltr' id='par_1_33' title="bbox 168 1800 1745 1876">
     <span class='ocr_line' id='line_1_34' title="bbox 168 1800 1745 1876; baseline 0.004 -24"><span class='ocrx_word' id='word_1_223' title='bbox 168 1801 422 1868; x_wconf 74' lang='grc' dir='ltr'>ματικαῖς</span> <span class='ocrx_word' id='word_1_224' title='bbox 454 1800 703 1865; x_wconf 82' lang='grc' dir='ltr'>ἐννοίαις,</span> <span class='ocrx_word' id='word_1_225' title='bbox 738 1801 811 1871; x_wconf 84' lang='grc' dir='ltr'>μὴ</span> <span class='ocrx_word' id='word_1_226' title='bbox 846 1802 1194 1873; x_wconf 67' lang='grc' dir='ltr'>περιγράψῃς</span> <span class='ocrx_word' id='word_1_227' title='bbox 1230 1802 1391 1855; x_wconf 80' lang='grc' dir='ltr'>αὐτὸν</span> <span class='ocrx_word' id='word_1_228' title='bbox 1420 1802 1499 1874; x_wconf 85' lang='grc' dir='ltr'>τῷ</span> <span class='ocrx_word' id='word_1_229' title='bbox 1531 1803 1611 1874; x_wconf 84' lang='grc' dir='ltr'>σῷ</span> <span class='ocrx_word' id='word_1_230' title='bbox 1647 1804 1745 1876; x_wconf 84' lang='grc' dir='ltr'><strong>νῷ.</strong></span> 
     </span>
    </p>
   </div>
   <div class='ocr_carea' id='block_1_34' title="bbox 178 1891 1749 1967">
    <p class='ocr_par' dir='ltr' id='par_1_34' title="bbox 178 1891 1749 1967">
     <span class='ocr_line' id='line_1_35' title="bbox 178 1891 1749 1967; baseline 0.005 -25"><span class='ocrx_word' id='word_1_231' title='bbox 178 1891 570 1962; x_wconf 77' lang='grc' dir='ltr'>’Δπερίληπτός</span> <span class='ocrx_word' id='word_1_232' title='bbox 594 1894 710 1944; x_wconf 78' lang='grc' dir='ltr'>ἐστι</span> <span class='ocrx_word' id='word_1_233' title='bbox 753 1892 832 1962; x_wconf 85' lang='grc' dir='ltr'>τῷ</span> <span class='ocrx_word' id='word_1_234' title='bbox 858 1893 1077 1963; x_wconf 82' lang='grc' dir='ltr'>μεγέθει</span> <span class='ocrx_word' id='word_1_235' title='bbox 1112 1908 1125 1923; x_wconf 74' lang='grc' dir='ltr'><strong>ο</strong></span> <span class='ocrx_word' id='word_1_236' title='bbox 1169 1895 1502 1965; x_wconf 80' lang='grc' dir='ltr'>κατανόησον</span> <span class='ocrx_word' id='word_1_237' title='bbox 1527 1896 1619 1950; x_wconf 91' lang='grc' dir='ltr'><strong>τὸν</strong></span> <span class='ocrx_word' id='word_1_238' title='bbox 1649 1896 1749 1967; x_wconf 84' lang='grc' dir='ltr'>μέ-</span> 
     </span>
    </p>
   </div>
   <div class='ocr_carea' id='block_1_35' title="bbox 165 1979 1747 2058">
    <p class='ocr_par' dir='ltr' id='par_1_35' title="bbox 165 1979 1747 2058">
     <span class='ocr_line' id='line_1_36' title="bbox 165 1979 1747 2058; baseline 0.003 -22"><span class='ocrx_word' id='word_1_239' title='bbox 165 1998 288 2049; x_wconf 77' lang='grc' dir='ltr'>γαν,</span> <span class='ocrx_word' id='word_1_240' title='bbox 337 1983 432 2034; x_wconf 79' lang='grc' dir='ltr'><strong>καὶ</strong></span> <span class='ocrx_word' id='word_1_241' title='bbox 470 1979 550 2052; x_wconf 83' lang='grc' dir='ltr'>τῷ</span> <span class='ocrx_word' id='word_1_242' title='bbox 598 1983 819 2054; x_wconf 86' lang='grc' dir='ltr'>μεγάλῳ</span> <span class='ocrx_word' id='word_1_243' title='bbox 866 1984 1104 2055; x_wconf 78' lang='grc' dir='ltr'>πρόσθες</span> <span class='ocrx_word' id='word_1_244' title='bbox 1149 1985 1331 2039; x_wconf 83' lang='grc' dir='ltr'>πλεῖον</span> <span class='ocrx_word' id='word_1_245' title='bbox 1365 1986 1457 2039; x_wconf 90' lang='grc' dir='ltr'><strong>τοῦ</strong></span> <span class='ocrx_word' id='word_1_246' title='bbox 1487 1987 1747 2058; x_wconf 87' lang='grc' dir='ltr'>νενοημέ-</span> 
     </span>
    </p>
   </div>
   <div class='ocr_carea' id='block_1_36' title="bbox 166 2073 1748 2144">
    <p class='ocr_par' dir='ltr' id='par_1_36' title="bbox 166 2073 1748 2144">
     <span class='ocr_line' id='line_1_37' title="bbox 166 2073 1748 2144; baseline 0.005 -19"><span class='ocrx_word' id='word_1_247' title='bbox 166 2090 276 2137; x_wconf 90' lang='grc' dir='ltr'>νου,</span> <span class='ocrx_word' id='word_1_248' title='bbox 308 2074 404 2126; x_wconf 81' lang='grc' dir='ltr'><strong>καὶ</strong></span> <span class='ocrx_word' id='word_1_249' title='bbox 434 2073 515 2144; x_wconf 83' lang='grc' dir='ltr'>τῷ</span> <span class='ocrx_word' id='word_1_250' title='bbox 560 2073 765 2127; x_wconf 86' lang='grc' dir='ltr'>πλείονι</span> <span class='ocrx_word' id='word_1_251' title='bbox 806 2075 867 2128; x_wconf 90' lang='grc' dir='ltr'><strong>τὸ</strong></span> <span class='ocrx_word' id='word_1_252' title='bbox 913 2076 1115 2141; x_wconf 74' lang='grc' dir='ltr'>στι-λεῖον,</span> <span class='ocrx_word' id='word_1_253' title='bbox 1149 2079 1242 2131; x_wconf 79' lang='grc' dir='ltr'><strong>καὶ</strong></span> <span class='ocrx_word' id='word_1_254' title='bbox 1271 2078 1362 2131; x_wconf 88' lang='grc' dir='ltr'><strong>τὸν</strong></span> <span class='ocrx_word' id='word_1_255' title='bbox 1404 2079 1630 2133; x_wconf 85' lang='grc' dir='ltr'>σεαυτοῦ</span> <span class='ocrx_word' id='word_1_256' title='bbox 1656 2079 1748 2135; x_wconf 91' lang='grc' dir='ltr'>λο-</span> 
     </span>
    </p>
   </div>
   <div class='ocr_carea' id='block_1_37' title="bbox 167 2165 1747 2239">
    <p class='ocr_par' dir='ltr' id='par_1_37' title="bbox 167 2165 1747 2239">
     <span class='ocr_line' id='line_1_38' title="bbox 167 2165 1747 2239; baseline 0.005 -22"><span class='ocrx_word' id='word_1_257' title='bbox 167 2165 361 2235; x_wconf 85' lang='grc' dir='ltr'>γισμὸν</span> <span class='ocrx_word' id='word_1_258' title='bbox 407 2168 630 2229; x_wconf 83' lang='grc' dir='ltr'>πεῖσον,</span> <span class='ocrx_word' id='word_1_259' title='bbox 683 2166 767 2219; x_wconf 89' lang='grc' dir='ltr'>ὄτι</span> <span class='ocrx_word' id='word_1_260' title='bbox 813 2166 920 2220; x_wconf 87' lang='grc' dir='ltr'><strong>τῶν</strong></span> <span class='ocrx_word' id='word_1_261' title='bbox 964 2168 1289 2238; x_wconf 86' lang='grc' dir='ltr'>άπεράντων</span> <span class='ocrx_word' id='word_1_262' title='bbox 1338 2170 1440 2223; x_wconf 78' lang='grc' dir='ltr'>οὒκ</span> <span class='ocrx_word' id='word_1_263' title='bbox 1483 2170 1747 2239; x_wconf 74' lang='grc' dir='ltr'>ἐφίξεται.</span> 
     </span>
    </p>
   </div>
   <div class='ocr_carea' id='block_1_38' title="bbox 166 2252 1747 2326">
    <p class='ocr_par' dir='ltr' id='par_1_38' title="bbox 166 2252 1747 2326">
     <span class='ocr_line' id='line_1_39' title="bbox 166 2252 1747 2326; baseline 0.003 -21"><span class='ocrx_word' id='word_1_264' title='bbox 166 2253 361 2324; x_wconf 80' lang='grc' dir='ltr'>Σχῆμα</span> <span class='ocrx_word' id='word_1_265' title='bbox 407 2254 484 2323; x_wconf 79' lang='grc' dir='ltr'>μὴ</span> <span class='ocrx_word' id='word_1_266' title='bbox 526 2253 726 2326; x_wconf 78' lang='grc' dir='ltr'>νοήσῃς</span> <span class='ocrx_word' id='word_1_267' title='bbox 753 2272 767 2284; x_wconf 91' lang='grc'><strong>·</strong></span> <span class='ocrx_word' id='word_1_268' title='bbox 828 2252 935 2308; x_wconf 84' lang='grc' dir='ltr'>ἀπὸ</span> <span class='ocrx_word' id='word_1_269' title='bbox 983 2254 1263 2325; x_wconf 84' lang='grc' dir='ltr'>δυνάμεως</span> <span class='ocrx_word' id='word_1_270' title='bbox 1319 2257 1451 2319; x_wconf 85' lang='grc' dir='ltr'>Θεὸς</span> <span class='ocrx_word' id='word_1_271' title='bbox 1507 2260 1747 2310; x_wconf 85' lang='grc' dir='ltr'>νοεῖται·</span> 
     </span>
    </p>
   </div>
   <div class='ocr_carea' id='block_1_39' title="bbox 165 2340 1748 2418">
    <p class='ocr_par' dir='ltr' id='par_1_39' title="bbox 165 2340 1748 2418">
     <span class='ocr_line' id='line_1_40' title="bbox 165 2340 1748 2418; baseline -0.002 -14"><span class='ocrx_word' id='word_1_272' title='bbox 165 2349 446 2418; x_wconf 64' lang='grc' dir='ltr'>ἁπλότητα</span> <span class='ocrx_word' id='word_1_273' title='bbox 511 2345 729 2415; x_wconf 86' lang='grc' dir='ltr'>φύσεως</span> <span class='ocrx_word' id='word_1_274' title='bbox 763 2363 777 2377; x_wconf 76' lang='grc'><strong>”</strong></span> <span class='ocrx_word' id='word_1_275' title='bbox 830 2346 1057 2417; x_wconf 79' lang='grc' dir='ltr'>μέγεθος</span> <span class='ocrx_word' id='word_1_276' title='bbox 1091 2347 1276 2401; x_wconf 88' lang='grc' dir='ltr'>πόσον.</span> <span class='ocrx_word' id='word_1_277' title='bbox 1313 2340 1596 2417; x_wconf 72' lang='grc' dir='ltr'>Πανταχοῦ</span> <span class='ocrx_word' id='word_1_278' title='bbox 1633 2350 1748 2401; x_wconf 74' lang='grc' dir='ltr'>ἐστι</span> 
     </span>
    </p>
   </div>
   <div class='ocr_carea' id='block_1_40' title="bbox 166 2438 1749 2511">
    <p class='ocr_par' dir='ltr' id='par_1_40' title="bbox 166 2438 1749 2511">
     <span class='ocr_line' id='line_1_41' title="bbox 166 2438 1749 2511; baseline 0.001 -20"><span class='ocrx_word' id='word_1_279' title='bbox 166 2438 266 2491; x_wconf 81' lang='grc' dir='ltr'>καὶ</span> <span class='ocrx_word' id='word_1_280' title='bbox 292 2438 431 2509; x_wconf 82' lang='grc' dir='ltr'>ὑπὲρ</span> <span class='ocrx_word' id='word_1_281' title='bbox 459 2438 520 2491; x_wconf 89' lang='grc' dir='ltr'><strong>τὸ</strong></span> <span class='ocrx_word' id='word_1_282' title='bbox 546 2441 655 2491; x_wconf 76' lang='grc' dir='ltr'>πᾶν</span> <span class='ocrx_word' id='word_1_283' title='bbox 698 2439 1032 2509; x_wconf 78' lang='grc' dir='ltr'>περισσεύει,</span> <span class='ocrx_word' id='word_1_284' title='bbox 1075 2441 1170 2492; x_wconf 78' lang='grc' dir='ltr'>καὶ</span> <span class='ocrx_word' id='word_1_285' title='bbox 1212 2438 1359 2493; x_wconf 81' lang='grc' dir='ltr'>ἔστιν</span> <span class='ocrx_word' id='word_1_286' title='bbox 1398 2440 1563 2509; x_wconf 83' lang='grc' dir='ltr'>ἁφαῖς</span> <span class='ocrx_word' id='word_1_287' title='bbox 1594 2440 1749 2511; x_wconf 85' lang='grc' dir='ltr'>ἀόρι-</span> 
     </span>
    </p>
   </div>
   <div class='ocr_carea' id='block_1_41' title="bbox 166 2528 1752 2602">
    <p class='ocr_par' dir='ltr' id='par_1_41' title="bbox 166 2528 1752 2602">
     <span class='ocr_line' id='line_1_42' title="bbox 166 2528 1752 2602; baseline 0.001 -20"><span class='ocrx_word' id='word_1_288' title='bbox 166 2546 316 2595; x_wconf 84' lang='grc' dir='ltr'>στον,</span> <span class='ocrx_word' id='word_1_289' title='bbox 350 2530 489 2600; x_wconf 82' lang='grc' dir='ltr'>ὅπερ</span> <span class='ocrx_word' id='word_1_290' title='bbox 515 2530 617 2600; x_wconf 76' lang='grc' dir='ltr'><strong>τὴν</strong></span> <span class='ocrx_word' id='word_1_291' title='bbox 658 2530 757 2601; x_wconf 84' lang='grc' dir='ltr'><strong>σὴν</strong></span> <span class='ocrx_word' id='word_1_292' title='bbox 791 2531 1053 2583; x_wconf 78' lang='grc' dir='ltr'>ἐκπῖπτον</span> <span class='ocrx_word' id='word_1_293' title='bbox 1083 2530 1409 2600; x_wconf 78' lang='grc' dir='ltr'>κατάληψιν,</span> <span class='ocrx_word' id='word_1_294' title='bbox 1434 2528 1559 2584; x_wconf 77' lang='grc' dir='ltr'>οὗτε</span> <span class='ocrx_word' id='word_1_295' title='bbox 1588 2530 1752 2602; x_wconf 85' lang='grc' dir='ltr'>μεγέ-</span> 
     </span>
    </p>
   </div>
   <div class='ocr_carea' id='block_1_42' title="bbox 160 2619 1752 2692">
    <p class='ocr_par' dir='ltr' id='par_1_42' title="bbox 160 2619 1752 2692">
     <span class='ocr_line' id='line_1_43' title="bbox 160 2619 1752 2692; baseline 0.002 -20"><span class='ocrx_word' id='word_1_296' title='bbox 160 2619 253 2673; x_wconf 86' lang='grc' dir='ltr'><strong>θει</strong></span> <span class='ocrx_word' id='word_1_297' title='bbox 278 2620 668 2692; x_wconf 64' lang='grc' dir='ltr'>περιορΚεται,</span> <span class='ocrx_word' id='word_1_298' title='bbox 696 2619 819 2673; x_wconf 75' lang='grc' dir='ltr'>οὔτε</span> <span class='ocrx_word' id='word_1_299' title='bbox 850 2621 1088 2691; x_wconf 84' lang='grc' dir='ltr'>σχήματι</span> <span class='ocrx_word' id='word_1_300' title='bbox 1118 2620 1605 2692; x_wconf 80' lang='grc' dir='ltr'>περιλαμϐάνεται,</span> <span class='ocrx_word' id='word_1_301' title='bbox 1627 2620 1752 2675; x_wconf 78' lang='grc' dir='ltr'>οὔτε</span> 
     </span>
    </p>
   </div>
   <div class='ocr_carea' id='block_1_43' title="bbox 158 2709 1748 2784">
    <p class='ocr_par' dir='ltr' id='par_1_43' title="bbox 158 2709 1748 2784">
     <span class='ocr_line' id='line_1_44' title="bbox 158 2709 1748 2784; baseline 0.002 -19"><span class='ocrx_word' id='word_1_302' title='bbox 158 2711 393 2782; x_wconf 80' lang='grc' dir='ltr'>δυνάμει</span> <span class='ocrx_word' id='word_1_303' title='bbox 437 2712 784 2781; x_wconf 76' lang='grc' dir='ltr'>ἐκμετρεῖται</span> <span class='ocrx_word' id='word_1_304' title='bbox 809 2751 823 2775; x_wconf 91' lang='grc'><strong>,</strong></span> <span class='ocrx_word' id='word_1_305' title='bbox 878 2709 1001 2765; x_wconf 76' lang='grc' dir='ltr'>οὔτε</span> <span class='ocrx_word' id='word_1_306' title='bbox 1041 2711 1253 2783; x_wconf 88' lang='grc' dir='ltr'>χρόνοις</span> <span class='ocrx_word' id='word_1_307' title='bbox 1308 2714 1748 2784; x_wconf 83' lang='grc' dir='ltr'>περισφίγγεται,</span> 
     </span>
    </p>
   </div>
   <div class='ocr_carea' id='block_1_44' title="bbox 159 2796 1751 2873">
    <p class='ocr_par' dir='ltr' id='par_1_44' title="bbox 159 2796 1751 2873">
     <span class='ocr_line' id='line_1_45' title="bbox 159 2796 1751 2873; baseline 0.001 -18"><span class='ocrx_word' id='word_1_308' title='bbox 159 2802 294 2856; x_wconf 78' lang='grc' dir='ltr'>οὔτε</span> <span class='ocrx_word' id='word_1_309' title='bbox 342 2803 577 2872; x_wconf 85' lang='grc' dir='ltr'>πέρασιν</span> <span class='ocrx_word' id='word_1_310' title='bbox 619 2801 881 2872; x_wconf 80' lang='grc' dir='ltr'>ὁρίζεται.</span> <span class='ocrx_word' id='word_1_311' title='bbox 936 2801 1101 2855; x_wconf 81' lang='grc' dir='ltr'>Οὐδέν</span> <span class='ocrx_word' id='word_1_312' title='bbox 1143 2802 1261 2855; x_wconf 74' lang='grc' dir='ltr'>ἐστι</span> <span class='ocrx_word' id='word_1_313' title='bbox 1303 2804 1433 2873; x_wconf 83' lang='grc' dir='ltr'>περὶ</span> <span class='ocrx_word' id='word_1_314' title='bbox 1476 2802 1609 2857; x_wconf 84' lang='grc' dir='ltr'>Θεὸν</span> <span class='ocrx_word' id='word_1_315' title='bbox 1637 2796 1751 2858; x_wconf 77' lang='grc' dir='ltr'>οἷον</span> 
     </span>
    </p>
   </div>
   <div class='ocr_carea' id='block_1_45' title="bbox 161 2889 1755 2967">
    <p class='ocr_par' dir='ltr' id='par_1_45' title="bbox 161 2889 1755 2967">
     <span class='ocr_line' id='line_1_46' title="bbox 161 2889 1755 2967; baseline -0.001 -19"><span class='ocrx_word' id='word_1_316' title='bbox 161 2895 299 2967; x_wconf 58' lang='lat' dir='ltr'><strong>api</strong></span> <span class='ocrx_word' id='word_1_317' title='bbox 328 2896 497 2965; x_wconf 74' lang='grc' dir='ltr'>ἡμᾶς.</span> <span class='ocrx_word' id='word_1_318' title='bbox 529 2893 655 2957; x_wconf 85' lang='grc' dir='ltr'>Πῶς</span> <span class='ocrx_word' id='word_1_319' title='bbox 677 2889 771 2947; x_wconf 77' lang='grc' dir='ltr'><strong>οὖν</strong></span> <span class='ocrx_word' id='word_1_320' title='bbox 796 2895 829 2965; x_wconf 77' lang='grc' dir='ltr'><strong>ἡ</strong></span> <span class='ocrx_word' id='word_1_321' title='bbox 854 2893 1044 2965; x_wconf 79' lang='grc' dir='ltr'>Γραφὴ</span> <span class='ocrx_word' id='word_1_322' title='bbox 1073 2892 1227 2946; x_wconf 85' lang='grc' dir='ltr'>εἶπεν</span> <span class='ocrx_word' id='word_1_323' title='bbox 1254 2895 1404 2965; x_wconf 79' lang='grc' dir='ltr'>ἡμᾶς</span> <span class='ocrx_word' id='word_1_324' title='bbox 1428 2896 1549 2949; x_wconf 84' lang='grc' dir='ltr'>κατ’</span> <span class='ocrx_word' id='word_1_325' title='bbox 1574 2894 1755 2948; x_wconf 78' lang='grc' dir='ltr'>εἰκόνα</span> 
     </span>
    </p>
   </div>
   <div class='ocr_carea' id='block_1_46' title="bbox 160 2982 1757 3058">
    <p class='ocr_par' dir='ltr' id='par_1_46' title="bbox 160 2982 1757 3058">
     <span class='ocr_line' id='line_1_47' title="bbox 160 2982 1757 3058; baseline 0.002 -21"><span class='ocrx_word' id='word_1_326' title='bbox 160 2984 307 3038; x_wconf 83' lang='grc' dir='ltr'>Θεοῦ</span> <span class='ocrx_word' id='word_1_327' title='bbox 334 2983 691 3054; x_wconf 75' lang='grc' dir='ltr'>γεγενῆσθαις</span> <span class='ocrx_word' id='word_1_328' title='bbox 714 2983 799 3037; x_wconf 85' lang='grc' dir='ltr'>Τά</span> <span class='ocrx_word' id='word_1_329' title='bbox 827 2984 957 3056; x_wconf 64' lang='grc' dir='ltr'><strong>περ)⁸</strong></span> <span class='ocrx_word' id='word_1_330' title='bbox 980 2982 1116 3036; x_wconf 88' lang='grc' dir='ltr'>Θεοῦ</span> <span class='ocrx_word' id='word_1_331' title='bbox 1145 2983 1504 3056; x_wconf 81' lang='grc' dir='ltr'>διδαχθῶμεν,</span> <span class='ocrx_word' id='word_1_332' title='bbox 1533 2985 1604 3039; x_wconf 81' lang='grc' dir='ltr'>τὰ</span> <span class='ocrx_word' id='word_1_333' title='bbox 1629 2987 1757 3058; x_wconf 78' lang='grc' dir='ltr'>περὶ</span> 
     </span>
    </p>
   </div>
   <div class='ocr_carea' id='block_1_47' title="bbox 160 3074 1757 3148">
    <p class='ocr_par' dir='ltr' id='par_1_47' title="bbox 160 3074 1757 3148">
     <span class='ocr_line' id='line_1_48' title="bbox 160 3074 1757 3148; baseline 0.001 -19"><span class='ocrx_word' id='word_1_334' title='bbox 160 3075 328 3148; x_wconf 74' lang='grc' dir='ltr'>ἡμῶν</span> <span class='ocrx_word' id='word_1_335' title='bbox 374 3075 558 3129; x_wconf 76' lang='grc' dir='ltr'>αὐτῶν</span> <span class='ocrx_word' id='word_1_336' title='bbox 588 3076 897 3146; x_wconf 86' lang='grc' dir='ltr'>νοήσωμεν,</span> <span class='ocrx_word' id='word_1_337' title='bbox 937 3075 1021 3128; x_wconf 81' lang='grc' dir='ltr'><strong>ὅτι</strong></span> <span class='ocrx_word' id='word_1_338' title='bbox 1064 3075 1166 3128; x_wconf 79' lang='grc' dir='ltr'><strong>οὐκ</strong></span> <span class='ocrx_word' id='word_1_339' title='bbox 1199 3074 1393 3146; x_wconf 81' lang='grc' dir='ltr'>ἔχομεν</span> <span class='ocrx_word' id='word_1_340' title='bbox 1417 3075 1480 3129; x_wconf 88' lang='grc' dir='ltr'><strong>τὸ</strong></span> <span class='ocrx_word' id='word_1_341' title='bbox 1520 3078 1643 3129; x_wconf 90' lang='grc' dir='ltr'>κατ’</span> <span class='ocrx_word' id='word_1_342' title='bbox 1676 3078 1757 3130; x_wconf 89' lang='grc' dir='ltr'>εἰ-</span> 
     </span>
    </p>
   </div>
   <div class='ocr_carea' id='block_1_48' title="bbox 157 3164 1757 3241">
    <p class='ocr_par' dir='ltr' id='par_1_48' title="bbox 157 3164 1757 3241">
     <span class='ocr_line' id='line_1_49' title="bbox 157 3164 1757 3241; baseline 0 -20"><span class='ocrx_word' id='word_1_343' title='bbox 157 3168 303 3221; x_wconf 84' lang='grc' dir='ltr'>κόνα</span> <span class='ocrx_word' id='word_1_344' title='bbox 336 3168 399 3220; x_wconf 81' lang='grc' dir='ltr'>ὲν</span> <span class='ocrx_word' id='word_1_345' title='bbox 434 3168 618 3241; x_wconf 74' lang='grc' dir='ltr'>μορφῇ</span> <span class='ocrx_word' id='word_1_346' title='bbox 655 3164 904 3235; x_wconf 86' lang='grc' dir='ltr'>σώματος</span> <span class='ocrx_word' id='word_1_347' title='bbox 926 3182 941 3195; x_wconf 78' lang='grc' dir='ltr'><strong><em>ο</em></strong></span> <span class='ocrx_word' id='word_1_348' title='bbox 995 3165 1352 3237; x_wconf 81' lang='grc' dir='ltr'>φθειρομένου</span> <span class='ocrx_word' id='word_1_349' title='bbox 1388 3166 1497 3239; x_wconf 85' lang='grc' dir='ltr'>γὰρ</span> <span class='ocrx_word' id='word_1_350' title='bbox 1527 3166 1622 3221; x_wconf 87' lang='grc' dir='ltr'><strong>τοῦ</strong></span> <span class='ocrx_word' id='word_1_351' title='bbox 1651 3167 1757 3221; x_wconf 85' lang='grc' dir='ltr'><strong>σώ-</strong></span> 
     </span>
    </p>
   </div>
   <div class='ocr_carea' id='block_1_49' title="bbox 162 3256 1759 3330">
    <p class='ocr_par' dir='ltr' id='par_1_49' title="bbox 162 3256 1759 3330">
     <span class='ocr_line' id='line_1_50' title="bbox 162 3256 1759 3330; baseline -0.001 -17"><span class='ocrx_word' id='word_1_352' title='bbox 162 3275 346 3330; x_wconf 88' lang='grc' dir='ltr'>ματος</span> <span class='ocrx_word' id='word_1_353' title='bbox 386 3259 423 3329; x_wconf 78' lang='grc' dir='ltr'><strong>ἡ</strong></span> <span class='ocrx_word' id='word_1_354' title='bbox 478 3256 663 3329; x_wconf 79' lang='grc' dir='ltr'>μορφὴ</span> <span class='ocrx_word' id='word_1_355' title='bbox 707 3256 1027 3312; x_wconf 88' lang='grc' dir='ltr'>ἀπόλλυται.</span> <span class='ocrx_word' id='word_1_356' title='bbox 1066 3256 1181 3311; x_wconf 82' lang='grc' dir='ltr'>Οὐκ</span> <span class='ocrx_word' id='word_1_357' title='bbox 1228 3258 1287 3311; x_wconf 81' lang='grc' dir='ltr'>ὲν</span> <span class='ocrx_word' id='word_1_358' title='bbox 1335 3257 1562 3330; x_wconf 87' lang='grc' dir='ltr'>φθαρτῷ</span> <span class='ocrx_word' id='word_1_359' title='bbox 1604 3258 1664 3312; x_wconf 84' lang='grc' dir='ltr'><strong>δὲ</strong></span> <span class='ocrx_word' id='word_1_360' title='bbox 1695 3258 1759 3312; x_wconf 88' lang='grc' dir='ltr'><strong>τὸ</strong></span> 
     </span>
    </p>
   </div>
   <div class='ocr_carea' id='block_1_50' title="bbox 155 3346 1759 3422">
    <p class='ocr_par' dir='ltr' id='par_1_50' title="bbox 155 3346 1759 3422">
     <span class='ocr_line' id='line_1_51' title="bbox 155 3346 1759 3422; baseline -0.002 -16"><span class='ocrx_word' id='word_1_361' title='bbox 155 3349 452 3422; x_wconf 74' lang='grc' dir='ltr'>ἄφθαρτον</span> <span class='ocrx_word' id='word_1_362' title='bbox 493 3346 910 3420; x_wconf 78' lang='grc' dir='ltr'>σχηματίξεται,</span> <span class='ocrx_word' id='word_1_363' title='bbox 960 3347 1021 3400; x_wconf 87' lang='grc' dir='ltr'><strong>ού</strong></span> <span class='ocrx_word' id='word_1_364' title='bbox 1070 3347 1309 3419; x_wconf 89' lang='grc' dir='ltr'>φθαρτόν</span> <span class='ocrx_word' id='word_1_365' title='bbox 1356 3349 1471 3401; x_wconf 77' lang='grc' dir='ltr'>ἐστι</span> <span class='ocrx_word' id='word_1_366' title='bbox 1521 3346 1616 3402; x_wconf 89' lang='grc' dir='ltr'><strong>τοῦ</strong></span> <span class='ocrx_word' id='word_1_367' title='bbox 1656 3350 1759 3418; x_wconf 83' lang='grc' dir='ltr'>άφ-</span> 
     </span>
    </p>
   </div>
   <div class='ocr_carea' id='block_1_51' title="bbox 162 3436 1758 3515">
    <p class='ocr_par' dir='ltr' id='par_1_51' title="bbox 162 3436 1758 3515">
     <span class='ocr_line' id='line_1_52' title="bbox 162 3436 1758 3515; baseline -0.002 -19"><span class='ocrx_word' id='word_1_368' title='bbox 162 3443 375 3515; x_wconf 80' lang='grc' dir='ltr'>θάρτου</span> <span class='ocrx_word' id='word_1_369' title='bbox 394 3439 578 3494; x_wconf 85' lang='grc' dir='ltr'>εἰκών.</span> <span class='ocrx_word' id='word_1_370' title='bbox 599 3438 675 3492; x_wconf 87' lang='grc' dir='ltr'>Τὸ</span> <span class='ocrx_word' id='word_1_371' title='bbox 702 3438 861 3510; x_wconf 89' lang='grc' dir='ltr'>σῶμα</span> <span class='ocrx_word' id='word_1_372' title='bbox 885 3436 1129 3503; x_wconf 76' lang='grc' dir='ltr'>αὔξεται,</span> <span class='ocrx_word' id='word_1_373' title='bbox 1162 3438 1430 3509; x_wconf 86' lang='grc' dir='ltr'>μειοῦται,</span> <span class='ocrx_word' id='word_1_374' title='bbox 1458 3441 1626 3511; x_wconf 80' lang='grc' dir='ltr'>γηρᾷ,</span> <span class='ocrx_word' id='word_1_375' title='bbox 1658 3441 1758 3493; x_wconf 86' lang='grc' dir='ltr'>άλ-</span> 
     </span>
    </p>
   </div>
   <div class='ocr_carea' id='block_1_52' title="bbox 155 3528 1756 3601">
    <p class='ocr_par' dir='ltr' id='par_1_52' title="bbox 155 3528 1756 3601">
     <span class='ocr_line' id='line_1_53' title="bbox 155 3528 1756 3601; baseline -0.002 -15"><span class='ocrx_word' id='word_1_376' title='bbox 155 3530 413 3587; x_wconf 81' lang='grc' dir='ltr'>λοιοῦται</span> <span class='ocrx_word' id='word_1_377' title='bbox 447 3547 462 3562; x_wconf 82' lang='grc'><em>’</em></span> <span class='ocrx_word' id='word_1_378' title='bbox 508 3530 637 3585; x_wconf 80' lang='grc' dir='ltr'>ἄλλο</span> <span class='ocrx_word' id='word_1_379' title='bbox 667 3530 816 3583; x_wconf 72' lang='grc' dir='ltr'>ἐστὶν</span> <span class='ocrx_word' id='word_1_380' title='bbox 851 3530 909 3581; x_wconf 81' lang='grc' dir='ltr'>ὲν</span> <span class='ocrx_word' id='word_1_381' title='bbox 946 3530 1179 3601; x_wconf 88' lang='grc' dir='ltr'>νεότητι,</span> <span class='ocrx_word' id='word_1_382' title='bbox 1217 3528 1346 3585; x_wconf 79' lang='grc' dir='ltr'>ἄλλο</span> <span class='ocrx_word' id='word_1_383' title='bbox 1372 3530 1502 3584; x_wconf 79' lang='grc' dir='ltr'>ὅταν</span> <span class='ocrx_word' id='word_1_384' title='bbox 1532 3531 1756 3601; x_wconf 82' lang='grc' dir='ltr'>εύεκτῇ,</span> 
     </span>
    </p>
   </div>
   <div class='ocr_carea' id='block_1_53' title="bbox 158 3620 1760 3698">
    <p class='ocr_par' dir='ltr' id='par_1_53' title="bbox 158 3620 1760 3698">
     <span class='ocr_line' id='line_1_54' title="bbox 158 3620 1760 3698; baseline -0.002 -17"><span class='ocrx_word' id='word_1_385' title='bbox 158 3627 257 3681; x_wconf 75' lang='grc' dir='ltr'><strong>καὶ</strong></span> <span class='ocrx_word' id='word_1_386' title='bbox 293 3626 429 3681; x_wconf 79' lang='grc' dir='ltr'>ἄλλο</span> <span class='ocrx_word' id='word_1_387' title='bbox 459 3625 588 3679; x_wconf 81' lang='grc' dir='ltr'>ὅταν</span> <span class='ocrx_word' id='word_1_388' title='bbox 637 3627 695 3678; x_wconf 81' lang='grc' dir='ltr'>ὲν</span> <span class='ocrx_word' id='word_1_389' title='bbox 724 3622 952 3679; x_wconf 80' lang='grc' dir='ltr'>πάθεσιν</span> <span class='ocrx_word' id='word_1_390' title='bbox 1046 3638 1060 3654; x_wconf 85' lang='lat'><strong><em>°</em></strong></span> <span class='ocrx_word' id='word_1_391' title='bbox 1114 3624 1243 3680; x_wconf 79' lang='grc' dir='ltr'>ἄλλο</span> <span class='ocrx_word' id='word_1_392' title='bbox 1276 3623 1632 3695; x_wconf 76' lang='grc' dir='ltr'>φοϐούμενον,</span> <span class='ocrx_word' id='word_1_393' title='bbox 1663 3626 1760 3678; x_wconf 77' lang='grc' dir='ltr'>καὶ</span> 
     </span>
    </p>
   </div>
   <div class='ocr_carea' id='block_1_54' title="bbox 157 3714 1760 3789">
    <p class='ocr_par' dir='ltr' id='par_1_54' title="bbox 157 3714 1760 3789">
     <span class='ocr_line' id='line_1_55' title="bbox 157 3714 1760 3789; baseline -0.001 -18"><span class='ocrx_word' id='word_1_394' title='bbox 157 3718 294 3771; x_wconf 69' lang='grc' dir='ltr'>ἄλλο</span> <span class='ocrx_word' id='word_1_395' title='bbox 318 3714 748 3789; x_wconf 82' lang='grc' dir='ltr'>εὐφραινόμενον</span> <span class='ocrx_word' id='word_1_396' title='bbox 767 3732 781 3747; x_wconf 86' lang='grc'><strong>·</strong></span> <span class='ocrx_word' id='word_1_397' title='bbox 826 3718 952 3771; x_wconf 78' lang='grc' dir='ltr'>ἄλλο</span> <span class='ocrx_word' id='word_1_398' title='bbox 981 3720 1039 3769; x_wconf 80' lang='grc' dir='ltr'>ὲν</span> <span class='ocrx_word' id='word_1_399' title='bbox 1064 3717 1261 3788; x_wconf 78' lang='grc' dir='ltr'>ἐνδείᾳ,</span> <span class='ocrx_word' id='word_1_400' title='bbox 1279 3716 1407 3770; x_wconf 77' lang='grc' dir='ltr'>ἄλλο</span> <span class='ocrx_word' id='word_1_401' title='bbox 1435 3718 1492 3769; x_wconf 84' lang='grc' dir='ltr'>ὲν</span> <span class='ocrx_word' id='word_1_402' title='bbox 1514 3716 1760 3787; x_wconf 76' lang='grc' dir='ltr'>πλησμο-</span> 
     </span>
    </p>
   </div>
   <div class='ocr_carea' id='block_1_55' title="bbox 158 3808 1761 3882">
    <p class='ocr_par' dir='ltr' id='par_1_55' title="bbox 158 3808 1761 3882">
     <span class='ocr_line' id='line_1_56' title="bbox 158 3808 1761 3882; baseline -0.001 -19"><span class='ocrx_word' id='word_1_403' title='bbox 158 3813 263 3882; x_wconf 80' lang='grc' dir='ltr'>νῇ,</span> <span class='ocrx_word' id='word_1_404' title='bbox 305 3808 405 3863; x_wconf 78' lang='grc' dir='ltr'>καὶ</span> <span class='ocrx_word' id='word_1_405' title='bbox 451 3808 582 3863; x_wconf 74' lang='grc' dir='ltr'>ἄλλο</span> <span class='ocrx_word' id='word_1_406' title='bbox 625 3809 683 3861; x_wconf 81' lang='grc' dir='ltr'>ὲν</span> <span class='ocrx_word' id='word_1_407' title='bbox 733 3809 944 3879; x_wconf 83' lang='grc' dir='ltr'>εἰρήνῃ,</span> <span class='ocrx_word' id='word_1_408' title='bbox 990 3808 1086 3862; x_wconf 79' lang='grc' dir='ltr'><strong>καὶ</strong></span> <span class='ocrx_word' id='word_1_409' title='bbox 1132 3808 1261 3863; x_wconf 77' lang='grc' dir='ltr'>ἄλλο</span> <span class='ocrx_word' id='word_1_410' title='bbox 1293 3810 1352 3860; x_wconf 85' lang='grc' dir='ltr'>ὲν</span> <span class='ocrx_word' id='word_1_411' title='bbox 1398 3808 1544 3879; x_wconf 84' lang='grc' dir='ltr'>μάχῃ</span> <span class='ocrx_word' id='word_1_412' title='bbox 1571 3825 1585 3839; x_wconf 79' lang='grc'><strong>⁸</strong></span> <span class='ocrx_word' id='word_1_413' title='bbox 1632 3808 1761 3863; x_wconf 80' lang='grc' dir='ltr'>ἄλλο</span> 
     </span>
    </p>
   </div>
   <div class='ocr_carea' id='block_1_56' title="bbox 157 3900 1760 3975">
    <p class='ocr_par' dir='ltr' id='par_1_56' title="bbox 157 3900 1760 3975">
     <span class='ocr_line' id='line_1_57' title="bbox 157 3900 1760 3975; baseline -0.001 -20"><span class='ocrx_word' id='word_1_414' title='bbox 157 3903 367 3975; x_wconf 83' lang='grc' dir='ltr'>χρῶμα</span> <span class='ocrx_word' id='word_1_415' title='bbox 399 3902 787 3973; x_wconf 81' lang='grc' dir='ltr'>ὲγρηγορότος,</span> <span class='ocrx_word' id='word_1_416' title='bbox 823 3906 918 3957; x_wconf 78' lang='grc' dir='ltr'><strong>καὶ</strong></span> <span class='ocrx_word' id='word_1_417' title='bbox 946 3902 1074 3955; x_wconf 82' lang='grc' dir='ltr'>ἄλλο</span> <span class='ocrx_word' id='word_1_418' title='bbox 1106 3901 1458 3964; x_wconf 84' lang='grc' dir='ltr'>καθεύδοντος</span> <span class='ocrx_word' id='word_1_419' title='bbox 1478 3917 1492 3931; x_wconf 76' lang='grc' dir='ltr'><strong>ο</strong></span> <span class='ocrx_word' id='word_1_420' title='bbox 1536 3900 1628 3954; x_wconf 89' lang='grc' dir='ltr'><strong>τοῦ</strong></span> <span class='ocrx_word' id='word_1_421' title='bbox 1662 3901 1760 3971; x_wconf 81' lang='grc' dir='ltr'>μὲν</span> 
     </span>
    </p>
   </div>
   <div class='ocr_carea' id='block_1_57' title="bbox 156 3990 1761 4066">
    <p class='ocr_par' dir='ltr' id='par_1_57' title="bbox 156 3990 1761 4066">
     <span class='ocr_line' id='line_1_58' title="bbox 156 3990 1761 4066; baseline -0.002 -19"><span class='ocrx_word' id='word_1_422' title='bbox 156 3994 387 4061; x_wconf 73' lang='grc' dir='ltr'>ἐξανθεῖ</span> <span class='ocrx_word' id='word_1_423' title='bbox 440 3992 503 4047; x_wconf 88' lang='grc' dir='ltr'><strong>τὸ</strong></span> <span class='ocrx_word' id='word_1_424' title='bbox 543 3993 940 4066; x_wconf 74' lang='grc' dir='ltr'>ἐρυθρότερον,</span> <span class='ocrx_word' id='word_1_425' title='bbox 1003 3990 1097 4046; x_wconf 87' lang='grc' dir='ltr'><strong>τοῦ</strong></span> <span class='ocrx_word' id='word_1_426' title='bbox 1154 3990 1359 4063; x_wconf 90' lang='grc' dir='ltr'>θερμοῦ</span> <span class='ocrx_word' id='word_1_427' title='bbox 1408 3992 1503 4045; x_wconf 76' lang='grc' dir='ltr'>ἐπὶ</span> <span class='ocrx_word' id='word_1_428' title='bbox 1545 3991 1606 4044; x_wconf 84' lang='grc' dir='ltr'><strong>τὸ</strong></span> <span class='ocrx_word' id='word_1_429' title='bbox 1655 3990 1761 4057; x_wconf 63' lang='grc' dir='ltr'><strong>ἔξω</strong></span> 
     </span>
    </p>
   </div>
   <div class='ocr_carea' id='block_1_58' title="bbox 154 4080 1762 4157">
    <p class='ocr_par' dir='ltr' id='par_1_58' title="bbox 154 4080 1762 4157">
     <span class='ocr_line' id='line_1_59' title="bbox 154 4080 1762 4157; baseline -0.003 -18"><span class='ocrx_word' id='word_1_430' title='bbox 154 4086 484 4157; x_wconf 81' lang='grc' dir='ltr'>χωροῦντος</span> <span class='ocrx_word' id='word_1_431' title='bbox 550 4084 645 4138; x_wconf 86' lang='grc' dir='ltr'><strong>τοῦ</strong></span> <span class='ocrx_word' id='word_1_432' title='bbox 686 4085 744 4138; x_wconf 83' lang='grc' dir='ltr'>δὲ</span> <span class='ocrx_word' id='word_1_433' title='bbox 790 4085 1130 4153; x_wconf 80' lang='grc' dir='ltr'>κατέψυκται</span> <span class='ocrx_word' id='word_1_434' title='bbox 1160 4083 1255 4137; x_wconf 61' lang='grc' dir='ltr'><strong>καὶ⁵</strong></span> <span class='ocrx_word' id='word_1_435' title='bbox 1286 4080 1637 4137; x_wconf 80' lang='grc' dir='ltr'>συνέσταλται</span> <span class='ocrx_word' id='word_1_436' title='bbox 1668 4081 1762 4135; x_wconf 72' lang='grc' dir='ltr'>ἐπὶ</span> 
     </span>
    </p>
   </div>
   <div class='ocr_carea' id='block_1_59' title="bbox 1848 1612 3418 1690">
    <p class='ocr_par' dir='ltr' id='par_1_59' title="bbox 1848 1612 3418 1690">
     <span class='ocr_line' id='line_1_60' title="bbox 1848 1612 3418 1690; baseline 0.003 -23"><span class='ocrx_word' id='word_1_437' title='bbox 1848 1612 2087 1681; x_wconf 78' lang='lat' dir='ltr'><strong>simplex</strong></span> <span class='ocrx_word' id='word_1_438' title='bbox 2134 1622 2254 1677; x_wconf 89' lang='lat' dir='ltr'><strong>est,</strong></span> <span class='ocrx_word' id='word_1_439' title='bbox 2290 1614 2689 1685; x_wconf 85' lang='lat' dir='ltr'><strong>magnitudinis</strong></span> <span class='ocrx_word' id='word_1_440' title='bbox 2730 1624 2786 1671; x_wconf 93' lang='lat' dir='ltr'><strong>et</strong></span> <span class='ocrx_word' id='word_1_441' title='bbox 2833 1618 3162 1688; x_wconf 89' lang='lat' dir='ltr'><strong>quantitatis</strong></span> <span class='ocrx_word' id='word_1_442' title='bbox 3199 1635 3418 1690; x_wconf 79' lang='lat' dir='ltr'><strong>expers.</strong></span> 
     </span>
    </p>
   </div>
   <div class='ocr_carea' id='block_1_60' title="bbox 1844 1702 3427 1782">
    <p class='ocr_par' dir='ltr' id='par_1_60' title="bbox 1844 1702 3427 1782">
     <span class='ocr_line' id='line_1_61' title="bbox 1844 1702 3427 1782; baseline 0.006 -25"><span class='ocrx_word' id='word_1_443' title='bbox 1844 1702 1993 1766; x_wconf 87' lang='lat' dir='ltr'><strong>Noli,</strong></span> <span class='ocrx_word' id='word_1_444' title='bbox 2014 1720 2137 1759; x_wconf 89' lang='lat' dir='ltr'><strong>cum</strong></span> <span class='ocrx_word' id='word_1_445' title='bbox 2181 1706 2369 1761; x_wconf 85' lang='lat' dir='ltr'><strong>deillo</strong></span> <span class='ocrx_word' id='word_1_446' title='bbox 2393 1710 2623 1779; x_wconf 85' lang='lat' dir='ltr'><strong>cogitas,</strong></span> <span class='ocrx_word' id='word_1_447' title='bbox 2652 1708 2885 1764; x_wconf 90' lang='lat' dir='ltr'><strong>formam</strong></span> <span class='ocrx_word' id='word_1_448' title='bbox 2915 1711 3078 1764; x_wconf 88' lang='lat' dir='ltr'><strong>ullam</strong></span> <span class='ocrx_word' id='word_1_449' title='bbox 3115 1711 3427 1782; x_wconf 87' lang='lat' dir='ltr'><strong>confingere</strong></span> 
     </span>
    </p>
   </div>
   <div class='ocr_carea' id='block_1_61' title="bbox 1844 1793 3419 1873">
    <p class='ocr_par' dir='ltr' id='par_1_61' title="bbox 1844 1793 3419 1873">
     <span class='ocr_line' id='line_1_62' title="bbox 1844 1793 3419 1873; baseline 0.005 -22"><span class='ocrx_word' id='word_1_450' title='bbox 1844 1804 1901 1851; x_wconf 88' lang='lat' dir='ltr'><strong>et</strong></span> <span class='ocrx_word' id='word_1_451' title='bbox 1918 1793 2270 1855; x_wconf 83' lang='lat' dir='ltr'><strong>coiuminisci</strong></span> <span class='ocrx_word' id='word_1_452' title='bbox 2290 1818 2304 1853; x_wconf 91' lang='lat'>:</span> <span class='ocrx_word' id='word_1_453' title='bbox 2326 1815 2395 1854; x_wconf 91' lang='lat' dir='ltr'><strong>ne</strong></span> <span class='ocrx_word' id='word_1_454' title='bbox 2416 1816 2568 1856; x_wconf 89' lang='lat' dir='ltr'><strong>more</strong></span> <span class='ocrx_word' id='word_1_455' title='bbox 2590 1799 2824 1856; x_wconf 88' lang='lat' dir='ltr'><strong>Judaico</strong></span> <span class='ocrx_word' id='word_1_456' title='bbox 2851 1818 3107 1873; x_wconf 88' lang='lat' dir='ltr'><strong>magnum</strong></span> <span class='ocrx_word' id='word_1_457' title='bbox 3133 1812 3419 1860; x_wconf 84' lang='lat' dir='ltr'><strong>extenues.</strong></span> 
     </span>
    </p>
   </div>
   <div class='ocr_carea' id='block_1_62' title="bbox 1843 1884 3424 1965">
    <p class='ocr_par' dir='ltr' id='par_1_62' title="bbox 1843 1884 3424 1965">
     <span class='ocr_line' id='line_1_63' title="bbox 1843 1884 3424 1965; baseline 0.005 -24"><span class='ocrx_word' id='word_1_458' title='bbox 1843 1885 1965 1943; x_wconf 84' lang='lat' dir='ltr'><strong>Noli</strong></span> <span class='ocrx_word' id='word_1_459' title='bbox 1998 1884 2293 1959; x_wconf 39' lang='lat' dir='ltr'><strong>‘corporeis</strong></span> <span class='ocrx_word' id='word_1_460' title='bbox 2340 1891 2492 1946; x_wconf 88' lang='lat' dir='ltr'><strong>illum</strong></span> <span class='ocrx_word' id='word_1_461' title='bbox 2532 1894 2960 1963; x_wconf 86' lang='lat' dir='ltr'><strong>cogitationibus</strong></span> <span class='ocrx_word' id='word_1_462' title='bbox 3000 1895 3277 1965; x_wconf 85' lang='lat' dir='ltr'><strong>amplecti,</strong></span> <span class='ocrx_word' id='word_1_463' title='bbox 3330 1908 3424 1950; x_wconf 88' lang='lat' dir='ltr'><strong>aut</strong></span> 
     </span>
    </p>
   </div>
   <div class='ocr_carea' id='block_1_63' title="bbox 1842 1984 3421 2056">
    <p class='ocr_par' dir='ltr' id='par_1_63' title="bbox 1842 1984 3421 2056">
     <span class='ocr_line' id='line_1_64' title="bbox 1842 1984 3421 2056; baseline 0.004 -21"><span class='ocrx_word' id='word_1_464' title='bbox 1842 1991 2027 2036; x_wconf 88' lang='lat' dir='ltr'><strong>mente</strong></span> <span class='ocrx_word' id='word_1_465' title='bbox 2064 1990 2156 2037; x_wconf 89' lang='lat' dir='ltr'><strong>tua</strong></span> <span class='ocrx_word' id='word_1_466' title='bbox 2186 1984 2672 2041; x_wconf 85' lang='lat' dir='ltr'><strong>circumscribere.</strong></span> <span class='ocrx_word' id='word_1_467' title='bbox 2697 1984 2773 2039; x_wconf 87' lang='lat' dir='ltr'><strong>Ea</strong></span> <span class='ocrx_word' id='word_1_468' title='bbox 2807 1994 2892 2041; x_wconf 86' lang='lat' dir='ltr'><strong>est</strong></span> <span class='ocrx_word' id='word_1_469' title='bbox 2917 1986 3325 2056; x_wconf 87' lang='lat' dir='ltr'><strong>magnitudine,</strong></span> <span class='ocrx_word' id='word_1_470' title='bbox 3364 1998 3421 2041; x_wconf 87' lang='lat' dir='ltr'><strong>ut</strong></span> 
     </span>
    </p>
   </div>
   <div class='ocr_carea' id='block_1_64' title="bbox 1840 2075 3416 2150">
    <p class='ocr_par' dir='ltr' id='par_1_64' title="bbox 1840 2075 3416 2150">
     <span class='ocr_line' id='line_1_65' title="bbox 1840 2075 3416 2150; baseline 0.003 -22"><span class='ocrx_word' id='word_1_471' title='bbox 1840 2075 2236 2144; x_wconf 86' lang='lat' dir='ltr'><strong>comprehendi</strong></span> <span class='ocrx_word' id='word_1_472' title='bbox 2290 2077 2789 2148; x_wconf 82' lang='lat' dir='ltr'><strong>circumscribique</strong></span> <span class='ocrx_word' id='word_1_473' title='bbox 2840 2087 3100 2148; x_wconf 88' lang='lat' dir='ltr'><strong>nequeat.</strong></span> <span class='ocrx_word' id='word_1_474' title='bbox 3162 2079 3416 2150; x_wconf 86' lang='lat' dir='ltr'><strong>Magnum</strong></span> 
     </span>
    </p>
   </div>
   <div class='ocr_carea' id='block_1_65' title="bbox 1838 2167 3419 2239">
    <p class='ocr_par' dir='ltr' id='par_1_65' title="bbox 1838 2167 3419 2239">
     <span class='ocr_line' id='line_1_66' title="bbox 1838 2167 3419 2239; baseline 0.003 -19"><span class='ocrx_word' id='word_1_475' title='bbox 1838 2167 2040 2237; x_wconf 89' lang='lat' dir='ltr'><strong>cogita,</strong></span> <span class='ocrx_word' id='word_1_476' title='bbox 2071 2175 2128 2222; x_wconf 89' lang='lat' dir='ltr'><strong>et</strong></span> <span class='ocrx_word' id='word_1_477' title='bbox 2151 2167 2280 2221; x_wconf 90' lang='lat' dir='ltr'><strong>huic</strong></span> <span class='ocrx_word' id='word_1_478' title='bbox 2306 2184 2505 2239; x_wconf 89' lang='lat' dir='ltr'><strong>magno</strong></span> <span class='ocrx_word' id='word_1_479' title='bbox 2540 2170 2665 2239; x_wconf 88' lang='lat' dir='ltr'><strong>plus</strong></span> <span class='ocrx_word' id='word_1_480' title='bbox 2688 2169 2854 2224; x_wconf 84' lang='lat' dir='ltr'><strong>etiam</strong></span> <span class='ocrx_word' id='word_1_481' title='bbox 2879 2180 3045 2239; x_wconf 91' lang='lat' dir='ltr'><strong>atque</strong></span> <span class='ocrx_word' id='word_1_482' title='bbox 3082 2171 3247 2225; x_wconf 89' lang='lat' dir='ltr'><strong>etiam</strong></span> <span class='ocrx_word' id='word_1_483' title='bbox 3278 2169 3419 2225; x_wconf 79' lang='lat' dir='ltr'><strong>addc</strong></span> 
     </span>
    </p>
   </div>
   <div class='ocr_carea' id='block_1_66' title="bbox 1837 2259 3412 2330">
    <p class='ocr_par' dir='ltr' id='par_1_66' title="bbox 1837 2259 3412 2330">
     <span class='ocr_line' id='line_1_67' title="bbox 1837 2259 3412 2330; baseline 0.002 -20"><span class='ocrx_word' id='word_1_484' title='bbox 1837 2272 2003 2327; x_wconf 88' lang='lat' dir='ltr'><strong>quam</strong></span> <span class='ocrx_word' id='word_1_485' title='bbox 2033 2259 2317 2328; x_wconf 87' lang='lat' dir='ltr'><strong>cogitasti.</strong></span> <span class='ocrx_word' id='word_1_486' title='bbox 2345 2269 2510 2328; x_wconf 87' lang='lat' dir='ltr'><strong>atque</strong></span> <span class='ocrx_word' id='word_1_487' title='bbox 2539 2260 2613 2314; x_wconf 90' lang='lat' dir='ltr'><strong>ita</strong></span> <span class='ocrx_word' id='word_1_488' title='bbox 2638 2261 2799 2330; x_wconf 82' lang='lat' dir='ltr'><strong>exple</strong></span> <span class='ocrx_word' id='word_1_489' title='bbox 2821 2261 3212 2330; x_wconf 89' lang='lat' dir='ltr'><strong>cogitationem</strong></span> <span class='ocrx_word' id='word_1_490' title='bbox 3240 2269 3412 2315; x_wconf 91' lang='lat' dir='ltr'><strong>tuam.</strong></span> 
     </span>
    </p>
   </div>
   <div class='ocr_carea' id='block_1_67' title="bbox 1835 2346 3417 2422">
    <p class='ocr_par' dir='ltr' id='par_1_67' title="bbox 1835 2346 3417 2422">
     <span class='ocr_line' id='line_1_68' title="bbox 1835 2346 3417 2422; baseline 0.002 -21"><span class='ocrx_word' id='word_1_491' title='bbox 1835 2346 2025 2419; x_wconf 87' lang='lat' dir='ltr'><strong>Neque</strong></span> <span class='ocrx_word' id='word_1_492' title='bbox 2047 2350 2221 2412; x_wconf 89' lang='lat' dir='ltr'><strong>enim,</strong></span> <span class='ocrx_word' id='word_1_493' title='bbox 2247 2366 2370 2421; x_wconf 80' lang='lat' dir='ltr'><strong>quae</strong></span> <span class='ocrx_word' id='word_1_494' title='bbox 2398 2351 2613 2405; x_wconf 86' lang='lat' dir='ltr'><strong>infinita</strong></span> <span class='ocrx_word' id='word_1_495' title='bbox 2641 2360 2790 2414; x_wconf 81' lang='lat' dir='ltr'><strong>sunt,</strong></span> <span class='ocrx_word' id='word_1_496' title='bbox 2818 2368 3063 2421; x_wconf 90' lang='lat' dir='ltr'><strong>unquam</strong></span> <span class='ocrx_word' id='word_1_497' title='bbox 3091 2352 3295 2422; x_wconf 82' lang='lat' dir='ltr'><strong>capiet.</strong></span> <span class='ocrx_word' id='word_1_498' title='bbox 3325 2352 3417 2405; x_wconf 85' lang='lat' dir='ltr'><strong>Fi-</strong></span> 
     </span>
    </p>
   </div>
   <div class='ocr_carea' id='block_1_68' title="bbox 1836 2440 3417 2512">
    <p class='ocr_par' dir='ltr' id='par_1_68' title="bbox 1836 2440 3417 2512">
     <span class='ocr_line' id='line_1_69' title="bbox 1836 2440 3417 2512; baseline 0.001 -19"><span class='ocrx_word' id='word_1_499' title='bbox 1836 2454 2028 2509; x_wconf 81' lang='lat' dir='ltr'><strong>guram</strong></span> <span class='ocrx_word' id='word_1_500' title='bbox 2062 2455 2132 2494; x_wconf 90' lang='lat' dir='ltr'><strong>ne</strong></span> <span class='ocrx_word' id='word_1_501' title='bbox 2161 2440 2324 2511; x_wconf 90' lang='lat' dir='ltr'><strong>finge.</strong></span> <span class='ocrx_word' id='word_1_502' title='bbox 2358 2440 2633 2506; x_wconf 87' lang='lat' dir='ltr'><strong>Potentia,</strong></span> <span class='ocrx_word' id='word_1_503' title='bbox 2672 2442 3031 2512; x_wconf 78' lang='lat' dir='ltr'><strong>simplicitate</strong></span> <span class='ocrx_word' id='word_1_504' title='bbox 3065 2450 3296 2507; x_wconf 68' lang='lat' dir='ltr'><strong>naturae,</strong></span> <span class='ocrx_word' id='word_1_505' title='bbox 3332 2457 3417 2495; x_wconf 88' lang='lat' dir='ltr'><strong>rc-</strong></span> 
     </span>
    </p>
   </div>
   <div class='ocr_carea' id='block_1_69' title="bbox 1835 2533 3415 2603">
    <p class='ocr_par' dir='ltr' id='par_1_69' title="bbox 1835 2533 3415 2603">
     <span class='ocr_line' id='line_1_70' title="bbox 1835 2533 3415 2603; baseline 0.002 -19"><span class='ocrx_word' id='word_1_506' title='bbox 1835 2545 1959 2585; x_wconf 88' lang='lat' dir='ltr'><strong>rum</strong></span> <span class='ocrx_word' id='word_1_507' title='bbox 1990 2539 2409 2601; x_wconf 86' lang='lat' dir='ltr'><strong>procreatarum</strong></span> <span class='ocrx_word' id='word_1_508' title='bbox 2436 2540 2553 2585; x_wconf 92' lang='lat' dir='ltr'><strong>tum</strong></span> <span class='ocrx_word' id='word_1_509' title='bbox 2585 2533 2990 2603; x_wconf 88' lang='lat' dir='ltr'><strong>magnitudine,</strong></span> <span class='ocrx_word' id='word_1_510' title='bbox 3019 2542 3135 2586; x_wconf 91' lang='lat' dir='ltr'><strong>tum</strong></span> <span class='ocrx_word' id='word_1_511' title='bbox 3164 2533 3415 2603; x_wconf 89' lang='lat' dir='ltr'><strong>pulchri-</strong></span> 
     </span>
    </p>
   </div>
   <div class='ocr_carea' id='block_1_70' title="bbox 1833 2622 3414 2696">
    <p class='ocr_par' dir='ltr' id='par_1_70' title="bbox 1833 2622 3414 2696">
     <span class='ocr_line' id='line_1_71' title="bbox 1833 2622 3414 2696; baseline -0.001 -19"><span class='ocrx_word' id='word_1_512' title='bbox 1833 2625 2025 2680; x_wconf 74' lang='lat' dir='ltr'><strong>tudine</strong></span> <span class='ocrx_word' id='word_1_513' title='bbox 2042 2625 2405 2696; x_wconf 89' lang='lat' dir='ltr'><strong>cognoscitur</strong></span> <span class='ocrx_word' id='word_1_514' title='bbox 2426 2624 2592 2679; x_wconf 85' lang='lat' dir='ltr'><strong>Deus.</strong></span> <span class='ocrx_word' id='word_1_515' title='bbox 2620 2622 2836 2696; x_wconf 85' lang='lat' dir='ltr'><strong>Ubique</strong></span> <span class='ocrx_word' id='word_1_516' title='bbox 2849 2632 2958 2687; x_wconf 84' lang='lat' dir='ltr'><strong>est,</strong></span> <span class='ocrx_word' id='word_1_517' title='bbox 2977 2634 3031 2678; x_wconf 86' lang='lat' dir='ltr'><strong>et</strong></span> <span class='ocrx_word' id='word_1_518' title='bbox 3050 2624 3234 2678; x_wconf 86' lang='lat' dir='ltr'><strong>omnia</strong></span> <span class='ocrx_word' id='word_1_519' title='bbox 3262 2638 3414 2677; x_wconf 91' lang='lat' dir='ltr'><strong>com-</strong></span> 
     </span>
    </p>
   </div>
   <div class='ocr_carea' id='block_1_71' title="bbox 1837 2713 3414 2788">
    <p class='ocr_par' dir='ltr' id='par_1_71' title="bbox 1837 2713 3414 2788">
     <span class='ocr_line' id='line_1_72' title="bbox 1837 2713 3414 2788; baseline -0.003 -16"><span class='ocrx_word' id='word_1_520' title='bbox 1837 2716 2152 2788; x_wconf 87' lang='lat' dir='ltr'><strong>prehendit.</strong></span> <span class='ocrx_word' id='word_1_521' title='bbox 2174 2727 2224 2772; x_wconf 83' lang='lat' dir='ltr'><strong>et</strong></span> <span class='ocrx_word' id='word_1_522' title='bbox 2256 2717 2409 2787; x_wconf 89' lang='lat' dir='ltr'><strong>tangi</strong></span> <span class='ocrx_word' id='word_1_523' title='bbox 2431 2716 2722 2786; x_wconf 86' lang='lat' dir='ltr'><strong>viderique</strong></span> <span class='ocrx_word' id='word_1_524' title='bbox 2740 2732 2848 2771; x_wconf 90' lang='lat' dir='ltr'><strong>non</strong></span> <span class='ocrx_word' id='word_1_525' title='bbox 2873 2724 3073 2787; x_wconf 88' lang='lat' dir='ltr'><strong>potest.</strong></span> <span class='ocrx_word' id='word_1_526' title='bbox 3091 2713 3414 2783; x_wconf 83' lang='lat' dir='ltr'><strong>Amplitudo</strong></span> 
     </span>
    </p>
   </div>
   <div class='ocr_carea' id='block_1_72' title="bbox 1853 2803 3421 2874">
    <p class='ocr_par' dir='ltr' id='par_1_72' title="bbox 1853 2803 3421 2874">
     <span class='ocr_line' id='line_1_73' title="bbox 1853 2803 3421 2874; baseline 0 -17"><span class='ocrx_word' id='word_1_527' title='bbox 1853 2811 1939 2857; x_wconf 91' lang='lat' dir='ltr'><strong>est</strong></span> <span class='ocrx_word' id='word_1_528' title='bbox 1958 2804 2264 2873; x_wconf 87' lang='lat' dir='ltr'><strong>quantitate</strong></span> <span class='ocrx_word' id='word_1_529' title='bbox 2289 2819 2506 2868; x_wconf 88' lang='lat' dir='ltr'><strong>carens,</strong></span> <span class='ocrx_word' id='word_1_530' title='bbox 2526 2818 2691 2874; x_wconf 91' lang='lat' dir='ltr'><strong>quam</strong></span> <span class='ocrx_word' id='word_1_531' title='bbox 2720 2819 2829 2858; x_wconf 89' lang='lat' dir='ltr'><strong>non</strong></span> <span class='ocrx_word' id='word_1_532' title='bbox 2854 2803 2999 2873; x_wconf 88' lang='lat' dir='ltr'><strong>capit</strong></span> <span class='ocrx_word' id='word_1_533' title='bbox 3026 2804 3245 2858; x_wconf 88' lang='lat' dir='ltr'><strong>animus</strong></span> <span class='ocrx_word' id='word_1_534' title='bbox 3274 2813 3421 2857; x_wconf 90' lang='lat' dir='ltr'><strong>tuus.</strong></span> 
     </span>
    </p>
   </div>
   <div class='ocr_carea' id='block_1_73' title="bbox 1856 2893 3425 2965">
    <p class='ocr_par' dir='ltr' id='par_1_73' title="bbox 1856 2893 3425 2965">
     <span class='ocr_line' id='line_1_74' title="bbox 1856 2893 3425 2965; baseline 0 -18"><span class='ocrx_word' id='word_1_535' title='bbox 1856 2893 1968 2949; x_wconf 89' lang='lat' dir='ltr'><strong>Nec</strong></span> <span class='ocrx_word' id='word_1_536' title='bbox 2002 2895 2376 2965; x_wconf 85' lang='lat' dir='ltr'><strong>magnitudine</strong></span> <span class='ocrx_word' id='word_1_537' title='bbox 2407 2895 2774 2961; x_wconf 90' lang='lat' dir='ltr'><strong>concluditur,</strong></span> <span class='ocrx_word' id='word_1_538' title='bbox 2801 2911 2901 2951; x_wconf 91' lang='lat' dir='ltr'><strong>nec</strong></span> <span class='ocrx_word' id='word_1_539' title='bbox 2928 2894 3098 2964; x_wconf 85' lang='lat' dir='ltr'><strong>figura</strong></span> <span class='ocrx_word' id='word_1_540' title='bbox 3119 2902 3425 2956; x_wconf 90' lang='lat' dir='ltr'><strong>coercetur,</strong></span> 
     </span>
    </p>
   </div>
   <div class='ocr_carea' id='block_1_74' title="bbox 1856 2987 3432 3057">
    <p class='ocr_par' dir='ltr' id='par_1_74' title="bbox 1856 2987 3432 3057">
     <span class='ocr_line' id='line_1_75' title="bbox 1856 2987 3432 3057; baseline 0.001 -18"><span class='ocrx_word' id='word_1_541' title='bbox 1856 3000 1958 3039; x_wconf 91' lang='lat' dir='ltr'><strong>nec</strong></span> <span class='ocrx_word' id='word_1_542' title='bbox 1991 2987 2237 3056; x_wconf 86' lang='lat' dir='ltr'><strong>potentia</strong></span> <span class='ocrx_word' id='word_1_543' title='bbox 2266 2988 2604 3052; x_wconf 88' lang='lat' dir='ltr'><strong>continetur,</strong></span> <span class='ocrx_word' id='word_1_544' title='bbox 2638 3003 2741 3043; x_wconf 93' lang='lat' dir='ltr'><strong>nec</strong></span> <span class='ocrx_word' id='word_1_545' title='bbox 2783 2988 3126 3057; x_wconf 89' lang='lat' dir='ltr'><strong>temporibus</strong></span> <span class='ocrx_word' id='word_1_546' title='bbox 3177 3001 3432 3057; x_wconf 82' lang='lat' dir='ltr'><strong>compre-</strong></span> 
     </span>
    </p>
   </div>
   <div class='ocr_carea' id='block_1_75' title="bbox 1858 3077 3433 3148">
    <p class='ocr_par' dir='ltr' id='par_1_75' title="bbox 1858 3077 3433 3148">
     <span class='ocr_line' id='line_1_76' title="bbox 1858 3077 3433 3148; baseline 0.002 -18"><span class='ocrx_word' id='word_1_547' title='bbox 1858 3077 2137 3142; x_wconf 86' lang='lat' dir='ltr'><strong>henditur,</strong></span> <span class='ocrx_word' id='word_1_548' title='bbox 2172 3092 2276 3133; x_wconf 90' lang='lat' dir='ltr'><strong>nec</strong></span> <span class='ocrx_word' id='word_1_549' title='bbox 2310 3078 2510 3135; x_wconf 82' lang='lat' dir='ltr'><strong>finibus</strong></span> <span class='ocrx_word' id='word_1_550' title='bbox 2544 3078 2853 3134; x_wconf 88' lang='lat' dir='ltr'><strong>cohibetur.</strong></span> <span class='ocrx_word' id='word_1_551' title='bbox 2888 3078 3034 3133; x_wconf 86' lang='lat' dir='ltr'><strong>Nihil</strong></span> <span class='ocrx_word' id='word_1_552' title='bbox 3086 3093 3275 3134; x_wconf 90' lang='lat' dir='ltr'><strong>eorum</strong></span> <span class='ocrx_word' id='word_1_553' title='bbox 3306 3092 3433 3148; x_wconf 67' lang='lat' dir='ltr'><strong>qua</strong></span> 
     </span>
    </p>
   </div>
   <div class='ocr_carea' id='block_1_76' title="bbox 1856 3165 3436 3234">
    <p class='ocr_par' dir='ltr' id='par_1_76' title="bbox 1856 3165 3436 3234">
     <span class='ocr_line' id='line_1_77' title="bbox 1856 3165 3436 3234; baseline -0.001 -11"><span class='ocrx_word' id='word_1_554' title='bbox 1856 3176 1986 3223; x_wconf 90' lang='lat' dir='ltr'><strong>sunt</strong></span> <span class='ocrx_word' id='word_1_555' title='bbox 2008 3168 2158 3223; x_wconf 92' lang='lat' dir='ltr'><strong>circa</strong></span> <span class='ocrx_word' id='word_1_556' title='bbox 2183 3184 2302 3227; x_wconf 87' lang='lat' dir='ltr'><strong>nus.</strong></span> <span class='ocrx_word' id='word_1_557' title='bbox 2336 3184 2462 3223; x_wconf 90' lang='lat' dir='ltr'><strong>cum</strong></span> <span class='ocrx_word' id='word_1_558' title='bbox 2496 3168 2608 3225; x_wconf 87' lang='lat' dir='ltr'><strong>Deo</strong></span> <span class='ocrx_word' id='word_1_559' title='bbox 2632 3168 3047 3224; x_wconf 87' lang='lat' dir='ltr'><strong>similitudinem</strong></span> <span class='ocrx_word' id='word_1_560' title='bbox 3080 3167 3261 3223; x_wconf 83' lang='lat' dir='ltr'><strong>habet.</strong></span> <span class='ocrx_word' id='word_1_561' title='bbox 3286 3165 3436 3234; x_wconf 84' lang='lat' dir='ltr'><strong>Quo-</strong></span> 
     </span>
    </p>
   </div>
   <div class='ocr_carea' id='block_1_77' title="bbox 1857 3257 3435 3331">
    <p class='ocr_par' dir='ltr' id='par_1_77' title="bbox 1857 3257 3435 3331">
     <span class='ocr_line' id='line_1_78' title="bbox 1857 3257 3435 3331; baseline -0.001 -17"><span class='ocrx_word' id='word_1_562' title='bbox 1857 3258 2020 3314; x_wconf 89' lang='lat' dir='ltr'><strong>modo</strong></span> <span class='ocrx_word' id='word_1_563' title='bbox 2051 3260 2220 3329; x_wconf 88' lang='lat' dir='ltr'><strong>igitur</strong></span> <span class='ocrx_word' id='word_1_564' title='bbox 2268 3258 2405 3314; x_wconf 92' lang='lat' dir='ltr'><strong>dicit</strong></span> <span class='ocrx_word' id='word_1_565' title='bbox 2440 3258 2722 3331; x_wconf 88' lang='lat' dir='ltr'><strong>Scriptura</strong></span> <span class='ocrx_word' id='word_1_566' title='bbox 2756 3274 2859 3314; x_wconf 89' lang='lat' dir='ltr'><strong>nos</strong></span> <span class='ocrx_word' id='word_1_567' title='bbox 2889 3273 3014 3315; x_wconf 86' lang='lat' dir='ltr'><strong>esse</strong></span> <span class='ocrx_word' id='word_1_568' title='bbox 3055 3257 3230 3314; x_wconf 86' lang='lat' dir='ltr'><strong>factos</strong></span> <span class='ocrx_word' id='word_1_569' title='bbox 3257 3257 3327 3312; x_wconf 91' lang='lat' dir='ltr'><strong>ad</strong></span> <span class='ocrx_word' id='word_1_570' title='bbox 3357 3258 3435 3313; x_wconf 83' lang='lat' dir='ltr'><strong>si-</strong></span> 
     </span>
    </p>
   </div>
   <div class='ocr_carea' id='block_1_78' title="bbox 1857 3350 3437 3423">
    <p class='ocr_par' dir='ltr' id='par_1_78' title="bbox 1857 3350 3437 3423">
     <span class='ocr_line' id='line_1_79' title="bbox 1857 3350 3437 3423; baseline -0.002 -15"><span class='ocrx_word' id='word_1_571' title='bbox 1857 3354 2223 3408; x_wconf 88' lang='lat' dir='ltr'><strong>militudinem</strong></span> <span class='ocrx_word' id='word_1_572' title='bbox 2253 3350 2399 3407; x_wconf 86' lang='lat' dir='ltr'><strong>Dei?</strong></span> <span class='ocrx_word' id='word_1_573' title='bbox 2427 3368 2549 3423; x_wconf 65' lang='lat' dir='ltr'><strong>qua</strong></span> <span class='ocrx_word' id='word_1_574' title='bbox 2587 3351 2655 3406; x_wconf 91' lang='lat' dir='ltr'><strong>ad</strong></span> <span class='ocrx_word' id='word_1_575' title='bbox 2705 3351 2873 3409; x_wconf 89' lang='lat' dir='ltr'><strong>Deum</strong></span> <span class='ocrx_word' id='word_1_576' title='bbox 2914 3351 3211 3423; x_wconf 89' lang='lat' dir='ltr'><strong>pertinent,</strong></span> <span class='ocrx_word' id='word_1_577' title='bbox 3242 3365 3437 3405; x_wconf 84' lang='lat' dir='ltr'><strong>recen-</strong></span> 
     </span>
    </p>
   </div>
   <div class='ocr_carea' id='block_1_79' title="bbox 1857 3439 3433 3514">
    <p class='ocr_par' dir='ltr' id='par_1_79' title="bbox 1857 3439 3433 3514">
     <span class='ocr_line' id='line_1_80' title="bbox 1857 3439 3433 3514; baseline -0.003 -13"><span class='ocrx_word' id='word_1_578' title='bbox 1857 3445 2071 3501; x_wconf 86' lang='lat' dir='ltr'><strong>suimus</strong></span> <span class='ocrx_word' id='word_1_579' title='bbox 2096 3462 2110 3498; x_wconf 91' lang='lat'>:</span> <span class='ocrx_word' id='word_1_580' title='bbox 2139 3458 2262 3513; x_wconf 68' lang='lat' dir='ltr'><strong>quae</strong></span> <span class='ocrx_word' id='word_1_581' title='bbox 2289 3442 2356 3497; x_wconf 89' lang='lat' dir='ltr'><strong>ad</strong></span> <span class='ocrx_word' id='word_1_582' title='bbox 2387 3458 2489 3498; x_wconf 91' lang='lat' dir='ltr'><strong>nos</strong></span> <span class='ocrx_word' id='word_1_583' title='bbox 2519 3450 2789 3514; x_wconf 88' lang='lat' dir='ltr'><strong>spectant,</strong></span> <span class='ocrx_word' id='word_1_584' title='bbox 2823 3441 3257 3498; x_wconf 82' lang='lat' dir='ltr'><strong>consideremus.</strong></span> <span class='ocrx_word' id='word_1_585' title='bbox 3287 3439 3433 3496; x_wconf 84' lang='lat' dir='ltr'><strong>Nihil</strong></span> 
     </span>
    </p>
   </div>
   <div class='ocr_carea' id='block_1_80' title="bbox 1859 3527 3433 3604">
    <p class='ocr_par' dir='ltr' id='par_1_80' title="bbox 1859 3527 3433 3604">
     <span class='ocr_line' id='line_1_81' title="bbox 1859 3527 3433 3604; baseline -0.003 -18"><span class='ocrx_word' id='word_1_586' title='bbox 1859 3532 2107 3604; x_wconf 89' lang='lat' dir='ltr'><strong>profecto</strong></span> <span class='ocrx_word' id='word_1_587' title='bbox 2134 3533 2192 3587; x_wconf 89' lang='lat' dir='ltr'><strong>in</strong></span> <span class='ocrx_word' id='word_1_588' title='bbox 2223 3532 2398 3589; x_wconf 86' lang='lat' dir='ltr'><strong>forma</strong></span> <span class='ocrx_word' id='word_1_589' title='bbox 2432 3531 2683 3603; x_wconf 90' lang='lat' dir='ltr'><strong>corporis</strong></span> <span class='ocrx_word' id='word_1_590' title='bbox 2716 3536 2823 3595; x_wconf 88' lang='lat' dir='ltr'><strong>est,</strong></span> <span class='ocrx_word' id='word_1_591' title='bbox 2859 3531 3005 3600; x_wconf 89' lang='lat' dir='ltr'><strong>quod</strong></span> <span class='ocrx_word' id='word_1_592' title='bbox 3037 3530 3157 3601; x_wconf 82' lang='lat' dir='ltr'><strong>ejus</strong></span> <span class='ocrx_word' id='word_1_593' title='bbox 3206 3527 3433 3599; x_wconf 84' lang='lat' dir='ltr'><strong>imagini</strong></span> 
     </span>
    </p>
   </div>
   <div class='ocr_carea' id='block_1_81' title="bbox 1857 3620 3434 3695">
    <p class='ocr_par' dir='ltr' id='par_1_81' title="bbox 1857 3620 3434 3695">
     <span class='ocr_line' id='line_1_82' title="bbox 1857 3620 3434 3695; baseline -0.003 -16"><span class='ocrx_word' id='word_1_594' title='bbox 1857 3634 2147 3695; x_wconf 91' lang='lat' dir='ltr'><strong>congruat.</strong></span> <span class='ocrx_word' id='word_1_595' title='bbox 2203 3624 2303 3680; x_wconf 84' lang='lat' dir='ltr'><strong>Est</strong></span> <span class='ocrx_word' id='word_1_596' title='bbox 2336 3623 2540 3680; x_wconf 90' lang='lat' dir='ltr'><strong>etenim</strong></span> <span class='ocrx_word' id='word_1_597' title='bbox 2578 3623 2760 3679; x_wconf 87' lang='lat' dir='ltr'><strong>forma</strong></span> <span class='ocrx_word' id='word_1_598' title='bbox 2817 3621 3069 3692; x_wconf 85' lang='lat' dir='ltr'><strong>corporis</strong></span> <span class='ocrx_word' id='word_1_599' title='bbox 3117 3620 3313 3677; x_wconf 88' lang='lat' dir='ltr'><strong>caduci</strong></span> <span class='ocrx_word' id='word_1_600' title='bbox 3367 3635 3434 3676; x_wconf 89' lang='lat' dir='ltr'><strong>ac</strong></span> 
     </span>
    </p>
   </div>
   <div class='ocr_carea' id='block_1_82' title="bbox 1859 3714 3435 3788">
    <p class='ocr_par' dir='ltr' id='par_1_82' title="bbox 1859 3714 3435 3788">
     <span class='ocr_line' id='line_1_83' title="bbox 1859 3714 3435 3788; baseline -0.002 -18"><span class='ocrx_word' id='word_1_601' title='bbox 1859 3715 2072 3788; x_wconf 78' lang='lat' dir='ltr'><strong>fragilis</strong></span> <span class='ocrx_word' id='word_1_602' title='bbox 2103 3736 2117 3772; x_wconf 89' lang='lat'>:</span> <span class='ocrx_word' id='word_1_603' title='bbox 2150 3718 2205 3771; x_wconf 91' lang='lat' dir='ltr'><strong>in</strong></span> <span class='ocrx_word' id='word_1_604' title='bbox 2229 3716 2441 3771; x_wconf 87' lang='lat' dir='ltr'><strong>caduco</strong></span> <span class='ocrx_word' id='word_1_605' title='bbox 2469 3723 2649 3771; x_wconf 90' lang='lat' dir='ltr'><strong>autem</strong></span> <span class='ocrx_word' id='word_1_606' title='bbox 2678 3722 2734 3770; x_wconf 91' lang='lat' dir='ltr'><strong>et</strong></span> <span class='ocrx_word' id='word_1_607' title='bbox 2757 3714 2934 3784; x_wconf 81' lang='lat' dir='ltr'><strong>fragili</strong></span> <span class='ocrx_word' id='word_1_608' title='bbox 2960 3729 3067 3769; x_wconf 92' lang='lat' dir='ltr'><strong>non</strong></span> <span class='ocrx_word' id='word_1_609' title='bbox 3099 3714 3435 3785; x_wconf 82' lang='lat' dir='ltr'><strong>imprimitur</strong></span> 
     </span>
    </p>
   </div>
   <div class='ocr_carea' id='block_1_83' title="bbox 1857 3803 3437 3878">
    <p class='ocr_par' dir='ltr' id='par_1_83' title="bbox 1857 3803 3437 3878">
     <span class='ocr_line' id='line_1_84' title="bbox 1857 3803 3437 3878; baseline -0.003 -16"><span class='ocrx_word' id='word_1_610' title='bbox 1857 3808 2004 3878; x_wconf 83' lang='lat' dir='ltr'><strong>quod</strong></span> <span class='ocrx_word' id='word_1_611' title='bbox 2038 3808 2319 3877; x_wconf 88' lang='lat' dir='ltr'><strong>corrumpi</strong></span> <span class='ocrx_word' id='word_1_612' title='bbox 2350 3822 2463 3861; x_wconf 91' lang='lat' dir='ltr'><strong>non</strong></span> <span class='ocrx_word' id='word_1_613' title='bbox 2509 3813 2708 3876; x_wconf 84' lang='lat' dir='ltr'><strong>potest,</strong></span> <span class='ocrx_word' id='word_1_614' title='bbox 2759 3820 2861 3859; x_wconf 90' lang='lat' dir='ltr'><strong>nec</strong></span> <span class='ocrx_word' id='word_1_615' title='bbox 2891 3811 3209 3874; x_wconf 91' lang='lat' dir='ltr'><strong>corruptum</strong></span> <span class='ocrx_word' id='word_1_616' title='bbox 3249 3803 3437 3858; x_wconf 79' lang='lat' dir='ltr'><strong>incor-</strong></span> 
     </span>
    </p>
   </div>
   <div class='ocr_carea' id='block_1_84' title="bbox 1858 3892 3433 3968">
    <p class='ocr_par' dir='ltr' id='par_1_84' title="bbox 1858 3892 3433 3968">
     <span class='ocr_line' id='line_1_85' title="bbox 1858 3892 3433 3968; baseline -0.003 -17"><span class='ocrx_word' id='word_1_617' title='bbox 1858 3898 2005 3968; x_wconf 88' lang='lat' dir='ltr'><strong>rupti</strong></span> <span class='ocrx_word' id='word_1_618' title='bbox 2061 3908 2146 3953; x_wconf 88' lang='lat' dir='ltr'><strong>est</strong></span> <span class='ocrx_word' id='word_1_619' title='bbox 2206 3899 2404 3968; x_wconf 90' lang='lat' dir='ltr'><strong>imago.</strong></span> <span class='ocrx_word' id='word_1_620' title='bbox 2471 3898 2687 3967; x_wconf 80' lang='lat' dir='ltr'><strong>Corpus</strong></span> <span class='ocrx_word' id='word_1_621' title='bbox 2751 3903 3003 3964; x_wconf 86' lang='lat' dir='ltr'><strong>augetur,</strong></span> <span class='ocrx_word' id='word_1_622' title='bbox 3066 3892 3433 3953; x_wconf 90' lang='lat' dir='ltr'><strong>imminuitur.</strong></span> 
     </span>
    </p>
   </div>
   <div class='ocr_carea' id='block_1_85' title="bbox 1858 3986 3434 4061">
    <p class='ocr_par' dir='ltr' id='par_1_85' title="bbox 1858 3986 3434 4061">
     <span class='ocr_line' id='line_1_86' title="bbox 1858 3986 3434 4061; baseline -0.003 -16"><span class='ocrx_word' id='word_1_623' title='bbox 1858 3991 2224 4053; x_wconf 90' lang='lat' dir='ltr'><strong>consenescit,</strong></span> <span class='ocrx_word' id='word_1_624' title='bbox 2280 3991 2621 4055; x_wconf 91' lang='lat' dir='ltr'><strong>immutatur,</strong></span> <span class='ocrx_word' id='word_1_625' title='bbox 2689 3987 2859 4061; x_wconf 90' lang='lat' dir='ltr'><strong>[aliud</strong></span> <span class='ocrx_word' id='word_1_626' title='bbox 2920 3989 2977 4043; x_wconf 91' lang='lat' dir='ltr'><strong>in</strong></span> <span class='ocrx_word' id='word_1_627' title='bbox 3031 3995 3251 4044; x_wconf 86' lang='lat' dir='ltr'><strong>senecta</strong></span> <span class='ocrx_word' id='word_1_628' title='bbox 3303 3986 3434 4059; x_wconf 84' lang='lat' dir='ltr'><strong>est,]</strong></span> 
     </span>
    </p>
   </div>
   <div class='ocr_carea' id='block_1_86' title="bbox 1861 4080 3438 4151">
    <p class='ocr_par' dir='ltr' id='par_1_86' title="bbox 1861 4080 3438 4151">
     <span class='ocr_line' id='line_1_87' title="bbox 1861 4080 3438 4151; baseline -0.003 -15"><span class='ocrx_word' id='word_1_629' title='bbox 1861 4081 2012 4137; x_wconf 89' lang='lat' dir='ltr'><strong>aliud</strong></span> <span class='ocrx_word' id='word_1_630' title='bbox 2041 4082 2095 4135; x_wconf 94' lang='lat' dir='ltr'><strong>in</strong></span> <span class='ocrx_word' id='word_1_631' title='bbox 2127 4081 2376 4151; x_wconf 81' lang='lat' dir='ltr'><strong>juventa,</strong></span> <span class='ocrx_word' id='word_1_632' title='bbox 2405 4080 2552 4135; x_wconf 89' lang='lat' dir='ltr'><strong>aliud</strong></span> <span class='ocrx_word' id='word_1_633' title='bbox 2583 4096 2709 4135; x_wconf 92' lang='lat' dir='ltr'><strong>cum</strong></span> <span class='ocrx_word' id='word_1_634' title='bbox 2740 4094 3001 4150; x_wconf 85' lang='lat' dir='ltr'><strong>prospera</strong></span> <span class='ocrx_word' id='word_1_635' title='bbox 3029 4080 3205 4133; x_wconf 91' lang='lat' dir='ltr'><strong>utitur</strong></span> <span class='ocrx_word' id='word_1_636' title='bbox 3232 4080 3438 4134; x_wconf 89' lang='lat' dir='ltr'><strong>valetu-</strong></span> 
     </span>
    </p>
   </div>
   <div class='ocr_carea' id='block_1_87' title="bbox 154 4169 1753 4247">
    <p class='ocr_par' dir='ltr' id='par_1_87' title="bbox 154 4173 1753 4247">
     <span class='ocr_line' id='line_1_88' title="bbox 154 4173 1753 4247; baseline -0.001 -17"><span class='ocrx_word' id='word_1_637' title='bbox 154 4179 221 4231; x_wconf 84' lang='grc' dir='ltr'><strong>τὸ</strong></span> <span class='ocrx_word' id='word_1_638' title='bbox 252 4177 431 4247; x_wconf 84' lang='grc' dir='ltr'>βάθος</span> <span class='ocrx_word' id='word_1_639' title='bbox 466 4176 501 4247; x_wconf 82' lang='grc' dir='ltr'><strong>ἡ</strong></span> <span class='ocrx_word' id='word_1_640' title='bbox 533 4174 807 4247; x_wconf 84' lang='grc' dir='ltr'>θερμότης</span> <span class='ocrx_word' id='word_1_641' title='bbox 845 4191 859 4206; x_wconf 78' lang='grc'><em>’</em></span> <span class='ocrx_word' id='word_1_642' title='bbox 912 4175 993 4229; x_wconf 90' lang='grc' dir='ltr'><strong>διὸ</strong></span> <span class='ocrx_word' id='word_1_643' title='bbox 1035 4176 1131 4228; x_wconf 77' lang='grc' dir='ltr'>καὶ</span> <span class='ocrx_word' id='word_1_644' title='bbox 1164 4174 1395 4245; x_wconf 81' lang='grc' dir='ltr'>ὔπωχρα</span> <span class='ocrx_word' id='word_1_645' title='bbox 1418 4173 1527 4227; x_wconf 86' lang='grc' dir='ltr'><strong>τῶν</strong></span> <span class='ocrx_word' id='word_1_646' title='bbox 1553 4190 1753 4244; x_wconf 85' lang='grc' dir='ltr'>κοιμω-</span> 
     </span>
    </p>
   </div>
   <div class='ocr_carea' id='block_1_88' title="bbox 1855 4169 3430 4247">
    <p class='ocr_par' dir='ltr' id='par_1_88' title="bbox 1864 4169 3430 4241">
     <span class='ocr_line' id='line_1_89' title="bbox 1864 4169 3430 4241; baseline -0.004 -12"><span class='ocrx_word' id='word_1_647' title='bbox 1864 4173 2015 4239; x_wconf 90' lang='lat' dir='ltr'><strong>dine,</strong></span> <span class='ocrx_word' id='word_1_648' title='bbox 2048 4172 2196 4227; x_wconf 92' lang='lat' dir='ltr'><strong>aliud</strong></span> <span class='ocrx_word' id='word_1_649' title='bbox 2220 4185 2345 4226; x_wconf 91' lang='lat' dir='ltr'><strong>cum</strong></span> <span class='ocrx_word' id='word_1_650' title='bbox 2378 4171 2583 4227; x_wconf 92' lang='lat' dir='ltr'><strong>morbis</strong></span> <span class='ocrx_word' id='word_1_651' title='bbox 2606 4171 2870 4241; x_wconf 85' lang='lat' dir='ltr'><strong>jactatur,</strong></span> <span class='ocrx_word' id='word_1_652' title='bbox 2890 4169 3037 4224; x_wconf 91' lang='lat' dir='ltr'><strong>aliud</strong></span> <span class='ocrx_word' id='word_1_653' title='bbox 3062 4185 3185 4224; x_wconf 93' lang='lat' dir='ltr'><strong>cum</strong></span> <span class='ocrx_word' id='word_1_654' title='bbox 3214 4171 3430 4235; x_wconf 86' lang='lat' dir='ltr'><strong>metuit,</strong></span> 
     </span>
    </p>
   </div>
   <div class='ocr_carea' id='block_1_89' title="bbox 158 4262 1759 4341">
    <p class='ocr_par' dir='ltr' id='par_1_89' title="bbox 158 4262 1759 4341">
     <span class='ocr_line' id='line_1_90' title="bbox 158 4262 1759 4341; baseline -0.002 -18"><span class='ocrx_word' id='word_1_655' title='bbox 158 4270 350 4341; x_wconf 82' lang='grc' dir='ltr'>μένων</span> <span class='ocrx_word' id='word_1_656' title='bbox 377 4268 453 4322; x_wconf 81' lang='grc' dir='ltr'><strong>τά</strong></span> <span class='ocrx_word' id='word_1_657' title='bbox 480 4267 730 4338; x_wconf 84' lang='grc' dir='ltr'>σώματα.</span> <span class='ocrx_word' id='word_1_658' title='bbox 759 4267 885 4331; x_wconf 90' lang='grc' dir='ltr'><strong>Πῶς</strong></span> <span class='ocrx_word' id='word_1_659' title='bbox 909 4262 1004 4320; x_wconf 81' lang='grc' dir='ltr'><strong>οῦν</strong></span> <span class='ocrx_word' id='word_1_660' title='bbox 1026 4265 1248 4320; x_wconf 89' lang='grc' dir='ltr'>δύναται</span> <span class='ocrx_word' id='word_1_661' title='bbox 1276 4266 1339 4319; x_wconf 88' lang='grc' dir='ltr'><strong>τὸ</strong></span> <span class='ocrx_word' id='word_1_662' title='bbox 1373 4263 1759 4334; x_wconf 84' lang='grc' dir='ltr'>ἀλλοιούμενον</span> 
     </span>
    </p>
   </div>
   <div class='ocr_carea' id='block_1_90' title="bbox 154 4352 1766 4432">
    <p class='ocr_par' dir='ltr' id='par_1_90' title="bbox 154 4352 1766 4432">
     <span class='ocr_line' id='line_1_91' title="bbox 154 4352 1766 4432; baseline -0.005 -17"><span class='ocrx_word' id='word_1_663' title='bbox 154 4361 238 4432; x_wconf 78' lang='grc' dir='ltr'>τῷ</span> <span class='ocrx_word' id='word_1_664' title='bbox 297 4356 653 4429; x_wconf 86' lang='grc' dir='ltr'>άναλλοιώτῳ</span> <span class='ocrx_word' id='word_1_665' title='bbox 700 4356 985 4423; x_wconf 79' lang='grc' dir='ltr'>ὲοικέναι;</span> <span class='ocrx_word' id='word_1_666' title='bbox 1049 4356 1127 4428; x_wconf 81' lang='grc' dir='ltr'><strong>τῷ</strong></span> <span class='ocrx_word' id='word_1_667' title='bbox 1172 4355 1260 4410; x_wconf 78' lang='grc' dir='ltr'><strong>ἀεὶ</strong></span> <span class='ocrx_word' id='word_1_668' title='bbox 1308 4353 1453 4409; x_wconf 81' lang='grc' dir='ltr'>κατὰ</span> <span class='ocrx_word' id='word_1_669' title='bbox 1501 4353 1570 4406; x_wconf 82' lang='grc' dir='ltr'><strong>τά</strong></span> <span class='ocrx_word' id='word_1_670' title='bbox 1626 4352 1766 4407; x_wconf 84' lang='grc' dir='ltr'>αὐτὰ</span> 
     </span>
    </p>
   </div>
   <div class='ocr_carea' id='block_1_91' title="bbox 156 4444 1767 4523">
    <p class='ocr_par' dir='ltr' id='par_1_91' title="bbox 156 4444 1767 4523">
     <span class='ocr_line' id='line_1_92' title="bbox 156 4444 1767 4523; baseline -0.006 -17"><span class='ocrx_word' id='word_1_671' title='bbox 156 4453 383 4523; x_wconf 76' lang='grc' dir='ltr'>ἔχοντι,</span> <span class='ocrx_word' id='word_1_672' title='bbox 436 4450 501 4503; x_wconf 91' lang='grc' dir='ltr'><strong>τὸ</strong></span> <span class='ocrx_word' id='word_1_673' title='bbox 546 4450 678 4521; x_wconf 78' lang='grc' dir='ltr'>μηδέ</span> <span class='ocrx_word' id='word_1_674' title='bbox 713 4466 842 4503; x_wconf 91' lang='grc' dir='ltr'>ποτε</span> <span class='ocrx_word' id='word_1_675' title='bbox 875 4447 1140 4518; x_wconf 75' lang='grc' dir='ltr'>ἐστηκόςς</span> <span class='ocrx_word' id='word_1_676' title='bbox 1186 4446 1475 4517; x_wconf 86' lang='grc' dir='ltr'>Ἐκφεύγει</span> <span class='ocrx_word' id='word_1_677' title='bbox 1509 4446 1661 4516; x_wconf 80' lang='grc' dir='ltr'>ἡμᾶς</span> <span class='ocrx_word' id='word_1_678' title='bbox 1689 4444 1767 4510; x_wconf 83' lang='grc' dir='ltr'>ὡς</span> 
     </span>
    </p>
   </div>
   <div class='ocr_carea' id='block_1_92' title="bbox 154 4535 1767 4614">
    <p class='ocr_par' dir='ltr' id='par_1_92' title="bbox 154 4535 1767 4614">
     <span class='ocr_line' id='line_1_93' title="bbox 154 4535 1767 4614; baseline -0.004 -18"><span class='ocrx_word' id='word_1_679' title='bbox 154 4544 227 4597; x_wconf 80' lang='grc' dir='ltr'><strong>τά</strong></span> <span class='ocrx_word' id='word_1_680' title='bbox 254 4540 506 4614; x_wconf 77' lang='grc' dir='ltr'>ῥευστὰ·</span> <span class='ocrx_word' id='word_1_681' title='bbox 535 4543 664 4612; x_wconf 72' lang='grc' dir='ltr'>πρὶν</span> <span class='ocrx_word' id='word_1_682' title='bbox 698 4539 959 4610; x_wconf 80' lang='grc' dir='ltr'>θεαθῆναι</span> <span class='ocrx_word' id='word_1_683' title='bbox 986 4539 1297 4610; x_wconf 86' lang='grc' dir='ltr'>ὐπέδραμεν</span> <span class='ocrx_word' id='word_1_684' title='bbox 1317 4555 1331 4572; x_wconf 80' lang='grc' dir='ltr'><strong>ο</strong></span> <span class='ocrx_word' id='word_1_685' title='bbox 1365 4536 1494 4591; x_wconf 81' lang='grc' dir='ltr'>ἄλλο</span> <span class='ocrx_word' id='word_1_686' title='bbox 1525 4536 1585 4601; x_wconf 79' lang='grc' dir='ltr'>ἐξ</span> <span class='ocrx_word' id='word_1_687' title='bbox 1608 4535 1767 4590; x_wconf 79' lang='grc' dir='ltr'>ἄλλου</span> 
     </span>
    </p>
   </div>
   <div class='ocr_carea' id='block_1_93' title="bbox 157 4627 1761 4704">
    <p class='ocr_par' dir='ltr' id='par_1_93' title="bbox 157 4627 1761 4704">
     <span class='ocr_line' id='line_1_94' title="bbox 157 4627 1761 4704; baseline -0.004 -17"><span class='ocrx_word' id='word_1_688' title='bbox 157 4635 426 4704; x_wconf 81' lang='grc' dir='ltr'>φαίνεται</span> <span class='ocrx_word' id='word_1_689' title='bbox 456 4631 518 4686; x_wconf 89' lang='grc' dir='ltr'><strong>τὸ</strong></span> <span class='ocrx_word' id='word_1_690' title='bbox 550 4631 887 4703; x_wconf 81' lang='grc' dir='ltr'>ἀνθρώπινον</span> <span class='ocrx_word' id='word_1_691' title='bbox 917 4631 1101 4702; x_wconf 88' lang='grc' dir='ltr'>σῶμα.</span> <span class='ocrx_word' id='word_1_692' title='bbox 1150 4648 1169 4682; x_wconf 83' lang='grc' dir='ltr'><strong>ι</strong></span> <span class='ocrx_word' id='word_1_693' title='bbox 1195 4630 1329 4682; x_wconf 83' lang='grc' dir='ltr'>Κατ’</span> <span class='ocrx_word' id='word_1_694' title='bbox 1352 4628 1536 4681; x_wconf 85' lang='grc' dir='ltr'>εἰκόνα</span> <span class='ocrx_word' id='word_1_695' title='bbox 1561 4627 1761 4699; x_wconf 82' lang='grc' dir='ltr'>ἡμετέ-</span> 
     </span>
    </p>
   </div>
   <div class='ocr_carea' id='block_1_94' title="bbox 158 4718 1759 4796">
    <p class='ocr_par' dir='ltr' id='par_1_94' title="bbox 158 4718 1759 4796">
     <span class='ocr_line' id='line_1_95' title="bbox 158 4718 1759 4796; baseline -0.004 -19"><span class='ocrx_word' id='word_1_696' title='bbox 158 4742 286 4796; x_wconf 81' lang='grc' dir='ltr'>ραν.</span> <span class='ocrx_word' id='word_1_697' title='bbox 324 4743 345 4777; x_wconf 72' lang='grc' dir='ltr'><strong>ι</strong></span> <span class='ocrx_word' id='word_1_698' title='bbox 398 4723 531 4787; x_wconf 89' lang='grc' dir='ltr'>Πῶς</span> <span class='ocrx_word' id='word_1_699' title='bbox 558 4722 728 4776; x_wconf 87' lang='grc' dir='ltr'>σῶσαι</span> <span class='ocrx_word' id='word_1_700' title='bbox 756 4723 1044 4793; x_wconf 87' lang='grc' dir='ltr'>δυνήσεται</span> <span class='ocrx_word' id='word_1_701' title='bbox 1071 4719 1173 4790; x_wconf 85' lang='grc' dir='ltr'>τῆς</span> <span class='ocrx_word' id='word_1_702' title='bbox 1194 4720 1452 4791; x_wconf 86' lang='grc' dir='ltr'>ἀκινήτου</span> <span class='ocrx_word' id='word_1_703' title='bbox 1483 4718 1698 4788; x_wconf 87' lang='grc' dir='ltr'>φύσεως</span> <span class='ocrx_word' id='word_1_704' title='bbox 1724 4718 1759 4789; x_wconf 83' lang='grc' dir='ltr'><strong>ἡ</strong></span> 
     </span>
    </p>
   </div>
   <div class='ocr_carea' id='block_1_95' title="bbox 160 4812 1548 4890">
    <p class='ocr_par' dir='ltr' id='par_1_95' title="bbox 160 4812 1548 4890">
     <span class='ocr_line' id='line_1_96' title="bbox 160 4812 1548 4890; baseline 0.001 -9"><span class='ocrx_word' id='word_1_705' title='bbox 160 4818 376 4890; x_wconf 74' lang='grc' dir='ltr'>ρευπὴ</span> <span class='ocrx_word' id='word_1_706' title='bbox 408 4818 609 4883; x_wconf 76' lang='grc' dir='ltr'>εῐκώνς</span> <span class='ocrx_word' id='word_1_707' title='bbox 644 4816 741 4887; x_wconf 83' lang='grc' dir='ltr'><strong>τῆς</strong></span> <span class='ocrx_word' id='word_1_708' title='bbox 765 4814 1014 4886; x_wconf 80' lang='grc' dir='ltr'>ἀμόρφου</span> <span class='ocrx_word' id='word_1_709' title='bbox 1040 4815 1073 4883; x_wconf 79' lang='grc' dir='ltr'><strong>ἡ</strong></span> <span class='ocrx_word' id='word_1_710' title='bbox 1104 4812 1548 4885; x_wconf 76' lang='grc' dir='ltr'><strong>μεμορφωμένης</strong></span> 
     </span>
    </p>
   </div>
   <div class='ocr_carea' id='block_1_96' title="bbox 1862 4263 3437 4334">
    <p class='ocr_par' dir='ltr' id='par_1_96' title="bbox 1862 4263 3437 4334">
     <span class='ocr_line' id='line_1_97' title="bbox 1862 4263 3437 4334; baseline -0.003 -13"><span class='ocrx_word' id='word_1_711' title='bbox 1862 4266 2010 4321; x_wconf 91' lang='lat' dir='ltr'><strong>aliud</strong></span> <span class='ocrx_word' id='word_1_712' title='bbox 2044 4279 2171 4319; x_wconf 87' lang='lat' dir='ltr'><strong>cum</strong></span> <span class='ocrx_word' id='word_1_713' title='bbox 2230 4263 2447 4334; x_wconf 91' lang='lat' dir='ltr'><strong>gaudet,</strong></span> <span class='ocrx_word' id='word_1_714' title='bbox 2502 4263 2649 4317; x_wconf 91' lang='lat' dir='ltr'><strong>aliud</strong></span> <span class='ocrx_word' id='word_1_715' title='bbox 2688 4263 2907 4333; x_wconf 89' lang='lat' dir='ltr'><strong>quando</strong></span> <span class='ocrx_word' id='word_1_716' title='bbox 2956 4263 3211 4317; x_wconf 87' lang='lat' dir='ltr'><strong>satiatum</strong></span> <span class='ocrx_word' id='word_1_717' title='bbox 3271 4268 3437 4331; x_wconf 88' lang='lat' dir='ltr'><strong>atque</strong></span> 
     </span>
    </p>
   </div>
   <div class='ocr_carea' id='block_1_97' title="bbox 1862 4353 3435 4428">
    <p class='ocr_par' dir='ltr' id='par_1_97' title="bbox 1862 4353 3435 4428">
     <span class='ocr_line' id='line_1_98' title="bbox 1862 4353 3435 4428; baseline -0.005 -14"><span class='ocrx_word' id='word_1_718' title='bbox 1862 4360 2137 4428; x_wconf 82' lang='lat' dir='ltr'><strong>expletum</strong></span> <span class='ocrx_word' id='word_1_719' title='bbox 2170 4363 2279 4422; x_wconf 89' lang='lat' dir='ltr'><strong>est,</strong></span> <span class='ocrx_word' id='word_1_720' title='bbox 2314 4355 2464 4409; x_wconf 90' lang='lat' dir='ltr'><strong>aliud</strong></span> <span class='ocrx_word' id='word_1_721' title='bbox 2493 4355 2716 4424; x_wconf 86' lang='lat' dir='ltr'><strong>quando</strong></span> <span class='ocrx_word' id='word_1_722' title='bbox 2745 4354 2837 4410; x_wconf 89' lang='lat' dir='ltr'><strong>siti</strong></span> <span class='ocrx_word' id='word_1_723' title='bbox 2873 4353 3086 4409; x_wconf 81' lang='lat' dir='ltr'><strong>fameve</strong></span> <span class='ocrx_word' id='word_1_724' title='bbox 3126 4360 3435 4424; x_wconf 88' lang='lat' dir='ltr'><strong>torquetur,</strong></span> 
     </span>
    </p>
   </div>
   <div class='ocr_carea' id='block_1_98' title="bbox 1864 4443 3442 4516">
    <p class='ocr_par' dir='ltr' id='par_1_98' title="bbox 1864 4443 3442 4516">
     <span class='ocr_line' id='line_1_99' title="bbox 1864 4443 3442 4516; baseline -0.002 -14"><span class='ocrx_word' id='word_1_725' title='bbox 1864 4448 2015 4503; x_wconf 89' lang='lat' dir='ltr'><strong>aliud</strong></span> <span class='ocrx_word' id='word_1_726' title='bbox 2049 4448 2104 4501; x_wconf 91' lang='lat' dir='ltr'><strong>in</strong></span> <span class='ocrx_word' id='word_1_727' title='bbox 2138 4461 2290 4516; x_wconf 86' lang='lat' dir='ltr'><strong>pace,</strong></span> <span class='ocrx_word' id='word_1_728' title='bbox 2329 4447 2475 4501; x_wconf 90' lang='lat' dir='ltr'><strong>aliud</strong></span> <span class='ocrx_word' id='word_1_729' title='bbox 2506 4446 2561 4501; x_wconf 93' lang='lat' dir='ltr'><strong>in</strong></span> <span class='ocrx_word' id='word_1_730' title='bbox 2599 4446 2764 4511; x_wconf 88' lang='lat' dir='ltr'><strong>bello;</strong></span> <span class='ocrx_word' id='word_1_731' title='bbox 2807 4445 2949 4499; x_wconf 89' lang='lat' dir='ltr'><strong>alius</strong></span> <span class='ocrx_word' id='word_1_732' title='bbox 2975 4443 3274 4515; x_wconf 82' lang='lat' dir='ltr'><strong>vigilantis,</strong></span> <span class='ocrx_word' id='word_1_733' title='bbox 3299 4443 3442 4499; x_wconf 85' lang='lat' dir='ltr'><strong>alius</strong></span> 
     </span>
    </p>
   </div>
   <div class='ocr_carea' id='block_1_99' title="bbox 1865 4531 3439 4604">
    <p class='ocr_par' dir='ltr' id='par_1_99' title="bbox 1865 4531 3439 4604">
     <span class='ocr_line' id='line_1_100' title="bbox 1865 4531 3439 4604; baseline -0.003 -14"><span class='ocrx_word' id='word_1_734' title='bbox 1865 4535 2192 4591; x_wconf 88' lang='lat' dir='ltr'><strong>dormientis</strong></span> <span class='ocrx_word' id='word_1_735' title='bbox 2223 4543 2310 4590; x_wconf 92' lang='lat' dir='ltr'><strong>est</strong></span> <span class='ocrx_word' id='word_1_736' title='bbox 2354 4535 2527 4588; x_wconf 92' lang='lat' dir='ltr'><strong>color.</strong></span> <span class='ocrx_word' id='word_1_737' title='bbox 2566 4531 2814 4604; x_wconf 83' lang='lat' dir='ltr'><strong>Vigilans</strong></span> <span class='ocrx_word' id='word_1_738' title='bbox 2862 4532 3065 4587; x_wconf 90' lang='lat' dir='ltr'><strong>rubore</strong></span> <span class='ocrx_word' id='word_1_739' title='bbox 3097 4531 3272 4601; x_wconf 89' lang='lat' dir='ltr'><strong>magis</strong></span> <span class='ocrx_word' id='word_1_740' title='bbox 3310 4546 3439 4601; x_wconf 74' lang='grc' dir='ltr'>ρει-ο</span> 
     </span>
    </p>
   </div>
   <div class='ocr_carea' id='block_1_100' title="bbox 1866 4620 3440 4695">
    <p class='ocr_par' dir='ltr' id='par_1_100' title="bbox 1866 4620 3440 4695">
     <span class='ocr_line' id='line_1_101' title="bbox 1866 4620 3440 4695; baseline -0.004 -14"><span class='ocrx_word' id='word_1_741' title='bbox 1866 4626 2113 4682; x_wconf 88' lang='lat' dir='ltr'><strong>funditur</strong></span> <span class='ocrx_word' id='word_1_742' title='bbox 2136 4664 2153 4690; x_wconf 95' lang='lat'><strong>,</strong></span> <span class='ocrx_word' id='word_1_743' title='bbox 2183 4625 2443 4695; x_wconf 90' lang='lat' dir='ltr'><strong>quoniam</strong></span> <span class='ocrx_word' id='word_1_744' title='bbox 2498 4624 2648 4679; x_wconf 89' lang='lat' dir='ltr'><strong>calor</strong></span> <span class='ocrx_word' id='word_1_745' title='bbox 2682 4633 2837 4679; x_wconf 79' lang='lat' dir='ltr'><strong>extra</strong></span> <span class='ocrx_word' id='word_1_746' title='bbox 2870 4621 3239 4693; x_wconf 87' lang='lat' dir='ltr'><strong>progreditur.</strong></span> <span class='ocrx_word' id='word_1_747' title='bbox 3300 4620 3440 4675; x_wconf 88' lang='lat' dir='ltr'><strong>Dor-</strong></span> 
     </span>
    </p>
   </div>
   <div class='ocr_carea' id='block_1_101' title="bbox 1866 4714 3436 4785">
    <p class='ocr_par' dir='ltr' id='par_1_101' title="bbox 1866 4714 3436 4785">
     <span class='ocr_line' id='line_1_102' title="bbox 1866 4714 3436 4785; baseline -0.004 -12"><span class='ocrx_word' id='word_1_748' title='bbox 1866 4719 2048 4773; x_wconf 89' lang='lat' dir='ltr'><strong>miens</strong></span> <span class='ocrx_word' id='word_1_749' title='bbox 2103 4725 2286 4772; x_wconf 89' lang='lat' dir='ltr'><strong>autem</strong></span> <span class='ocrx_word' id='word_1_750' title='bbox 2349 4715 2743 4771; x_wconf 86' lang='lat' dir='ltr'><strong>caloreintus</strong></span> <span class='ocrx_word' id='word_1_751' title='bbox 2801 4727 3118 4785; x_wconf 86' lang='lat' dir='ltr'><strong>compresso</strong></span> <span class='ocrx_word' id='word_1_752' title='bbox 3170 4714 3436 4784; x_wconf 88' lang='lat' dir='ltr'><strong>pallescit.</strong></span> 
     </span>
    </p>
   </div>
   <div class='ocr_carea' id='block_1_102' title="bbox 1867 4801 3439 4877">
    <p class='ocr_par' dir='ltr' id='par_1_102' title="bbox 1867 4801 3439 4877">
     <span class='ocr_line' id='line_1_103' title="bbox 1867 4801 3439 4877; baseline -0.006 -15"><span class='ocrx_word' id='word_1_753' title='bbox 1867 4808 2115 4874; x_wconf 87' lang='lat' dir='ltr'><strong>Quonam</strong></span> <span class='ocrx_word' id='word_1_754' title='bbox 2152 4805 2319 4877; x_wconf 90' lang='lat' dir='ltr'><strong>igitur</strong></span> <span class='ocrx_word' id='word_1_755' title='bbox 2346 4812 2526 4874; x_wconf 87' lang='lat' dir='ltr'><strong>pacto,</strong></span> <span class='ocrx_word' id='word_1_756' title='bbox 2558 4804 2704 4875; x_wconf 89' lang='lat' dir='ltr'><strong>quod</strong></span> <span class='ocrx_word' id='word_1_757' title='bbox 2739 4811 2819 4858; x_wconf 91' lang='lat' dir='ltr'><strong>tot</strong></span> <span class='ocrx_word' id='word_1_758' title='bbox 2866 4802 3188 4857; x_wconf 87' lang='lat' dir='ltr'><strong>immutatur</strong></span> <span class='ocrx_word' id='word_1_759' title='bbox 3238 4801 3439 4867; x_wconf 86' lang='lat' dir='ltr'><strong>modis,</strong></span> 
     </span>
    </p>
   </div>
   <div class='ocr_carea' id='block_1_103' title="bbox 158 4890 3439 4978">
    <p class='ocr_par' dir='ltr' id='par_1_103' title="bbox 158 4890 3439 4978">
     <span class='ocr_line' id='line_1_104' title="bbox 158 4890 3439 4978; baseline -0.007 -16"><span class='ocrx_word' id='word_1_760' title='bbox 158 4909 351 4963; x_wconf 86' lang='lat' dir='ltr'><strong>simile</strong></span> <span class='ocrx_word' id='word_1_761' title='bbox 409 4910 484 4964; x_wconf 91' lang='lat' dir='ltr'><strong>sit</strong></span> <span class='ocrx_word' id='word_1_762' title='bbox 534 4908 584 4962; x_wconf 91' lang='lat' dir='ltr'><strong>ei</strong></span> <span class='ocrx_word' id='word_1_763' title='bbox 644 4904 792 4978; x_wconf 89' lang='lat' dir='ltr'><strong>quod</strong></span> <span class='ocrx_word' id='word_1_764' title='bbox 853 4911 939 4960; x_wconf 85' lang='lat' dir='ltr'><strong>est</strong></span> <span class='ocrx_word' id='word_1_765' title='bbox 969 4902 1352 4958; x_wconf 85' lang='lat' dir='ltr'><strong>immutabile?</strong></span> <span class='ocrx_word' id='word_1_766' title='bbox 1389 4904 1462 4967; x_wconf 92' lang='lat' dir='ltr'><strong>ei,</strong></span> <span class='ocrx_word' id='word_1_767' title='bbox 1493 4899 1641 4971; x_wconf 90' lang='lat' dir='ltr'><strong>quod</strong></span> <span class='ocrx_word' id='word_1_768' title='bbox 1672 4897 1865 4954; x_wconf 78' lang='lat' dir='ltr'><strong>eodem</strong></span> <span class='ocrx_word' id='word_1_769' title='bbox 1893 4910 2111 4964; x_wconf 90' lang='lat' dir='ltr'><strong>semper</strong></span> <span class='ocrx_word' id='word_1_770' title='bbox 2153 4903 2238 4949; x_wconf 90' lang='lat' dir='ltr'><strong>est</strong></span> <span class='ocrx_word' id='word_1_771' title='bbox 2287 4902 2456 4959; x_wconf 89' lang='lat' dir='ltr'><strong>statu,</strong></span> <span class='ocrx_word' id='word_1_772' title='bbox 2500 4891 2555 4946; x_wconf 87' lang='lat' dir='ltr'><strong>id</strong></span> <span class='ocrx_word' id='word_1_773' title='bbox 2610 4893 2757 4963; x_wconf 90' lang='lat' dir='ltr'><strong>quod</strong></span> <span class='ocrx_word' id='word_1_774' title='bbox 2813 4906 3092 4961; x_wconf 89' lang='lat' dir='ltr'><strong>nunquam</strong></span> <span class='ocrx_word' id='word_1_775' title='bbox 3126 4890 3439 4950; x_wconf 49' lang='lat' dir='ltr'><strong>&#39;consistit?</strong></span> 
     </span>
    </p>
   </div>
   <div class='ocr_carea' id='block_1_104' title="bbox 161 4982 3444 5066">
    <p class='ocr_par' dir='ltr' id='par_1_104' title="bbox 161 4982 3444 5066">
     <span class='ocr_line' id='line_1_105' title="bbox 161 4982 3444 5066; baseline -0.006 -11"><span class='ocrx_word' id='word_1_776' title='bbox 161 4998 464 5056; x_wconf 86' lang='lat' dir='ltr'><strong>Undarum</strong></span> <span class='ocrx_word' id='word_1_777' title='bbox 513 4999 689 5053; x_wconf 90' lang='lat' dir='ltr'><strong>instar</strong></span> <span class='ocrx_word' id='word_1_778' title='bbox 722 5012 813 5053; x_wconf 90' lang='lat' dir='ltr'><strong>res</strong></span> <span class='ocrx_word' id='word_1_779' title='bbox 844 5005 1047 5052; x_wconf 67' lang='lat' dir='ltr'><strong>nostrae</strong></span> <span class='ocrx_word' id='word_1_780' title='bbox 1086 5009 1187 5052; x_wconf 92' lang='lat' dir='ltr'><strong>nos</strong></span> <span class='ocrx_word' id='word_1_781' title='bbox 1235 4992 1474 5066; x_wconf 87' lang='lat' dir='ltr'><strong>fugiunt,</strong></span> <span class='ocrx_word' id='word_1_782' title='bbox 1528 5000 1582 5047; x_wconf 91' lang='lat' dir='ltr'><strong>et</strong></span> <span class='ocrx_word' id='word_1_783' title='bbox 1616 4998 1911 5059; x_wconf 89' lang='lat' dir='ltr'><strong>antequam</strong></span> <span class='ocrx_word' id='word_1_784' title='bbox 1937 4986 2247 5049; x_wconf 89' lang='lat' dir='ltr'><strong>videantur,</strong></span> <span class='ocrx_word' id='word_1_785' title='bbox 2295 4984 2661 5040; x_wconf 82' lang='lat' dir='ltr'><strong>defluxerunt.</strong></span> <span class='ocrx_word' id='word_1_786' title='bbox 2713 4984 2875 5039; x_wconf 82' lang='lat' dir='ltr'><strong>Aliud</strong></span> <span class='ocrx_word' id='word_1_787' title='bbox 2938 4999 3003 5039; x_wconf 81' lang='lat' dir='ltr'><strong>ex</strong></span> <span class='ocrx_word' id='word_1_788' title='bbox 3066 4982 3174 5037; x_wconf 91' lang='lat' dir='ltr'><strong>alio</strong></span> <span class='ocrx_word' id='word_1_789' title='bbox 3228 4982 3444 5036; x_wconf 89' lang='lat' dir='ltr'><strong>videtur</strong></span> 
     </span>
    </p>
   </div>
   <div class='ocr_carea' id='block_1_105' title="bbox 157 5073 3441 5159">
    <p class='ocr_par' dir='ltr' id='par_1_105' title="bbox 157 5073 3441 5159">
     <span class='ocr_line' id='line_1_106' title="bbox 157 5073 3441 5159; baseline -0.006 -13"><span class='ocrx_word' id='word_1_790' title='bbox 157 5092 483 5146; x_wconf 88' lang='lat' dir='ltr'><strong>humanum</strong></span> <span class='ocrx_word' id='word_1_791' title='bbox 514 5103 741 5157; x_wconf 88' lang='lat' dir='ltr'><strong>corpus.</strong></span> <span class='ocrx_word' id='word_1_792' title='bbox 772 5087 855 5142; x_wconf 83' lang='lat' dir='ltr'><strong>Ad</strong></span> <span class='ocrx_word' id='word_1_793' title='bbox 886 5088 1176 5159; x_wconf 83' lang='lat' dir='ltr'><strong>imaginem</strong></span> <span class='ocrx_word' id='word_1_794' title='bbox 1240 5094 1491 5141; x_wconf 88' lang='lat' dir='ltr'><strong>nostram</strong></span> <span class='ocrx_word' id='word_1_795' title='bbox 1536 5090 1747 5137; x_wconf 84' lang='lat' dir='ltr'><strong>naturae</strong></span> <span class='ocrx_word' id='word_1_796' title='bbox 1771 5078 2131 5133; x_wconf 89' lang='lat' dir='ltr'><strong>immutabilis</strong></span> <span class='ocrx_word' id='word_1_797' title='bbox 2177 5078 2282 5131; x_wconf 90' lang='lat' dir='ltr'><strong>erit</strong></span> <span class='ocrx_word' id='word_1_798' title='bbox 2326 5076 2535 5131; x_wconf 87' lang='lat' dir='ltr'><strong>caduca</strong></span> <span class='ocrx_word' id='word_1_799' title='bbox 2590 5075 2940 5131; x_wconf 74' lang='lat' dir='ltr'><strong>similitudo?</strong></span> <span class='ocrx_word' id='word_1_800' title='bbox 2972 5074 3147 5129; x_wconf 91' lang='lat' dir='ltr'><strong>forma</strong></span> <span class='ocrx_word' id='word_1_801' title='bbox 3180 5073 3441 5135; x_wconf 79' lang='lat' dir='ltr'><strong>carentis,</strong></span> 
     </span>
    </p>
   </div>
   <div class='ocr_carea' id='block_1_106' title="bbox 157 5179 814 5252">
    <p class='ocr_par' dir='ltr' id='par_1_106' title="bbox 157 5179 814 5252">
     <span class='ocr_line' id='line_1_107' title="bbox 157 5179 814 5252; baseline -0.006 -17"><span class='ocrx_word' id='word_1_802' title='bbox 157 5198 287 5252; x_wconf 64' lang='lat' dir='ltr'><strong>qua:</strong></span> <span class='ocrx_word' id='word_1_803' title='bbox 332 5181 576 5235; x_wconf 88' lang='lat' dir='ltr'><strong>formam</strong></span> <span class='ocrx_word' id='word_1_804' title='bbox 608 5179 814 5236; x_wconf 89' lang='lat' dir='ltr'><strong>habet?</strong></span> 
     </span>
    </p>
   </div>
   <div class='ocr_carea' id='block_1_107' title="bbox 234 5260 1765 5341">
    <p class='ocr_par' dir='ltr' id='par_1_107' title="bbox 234 5260 1765 5341">
     <span class='ocr_line' id='line_1_108' title="bbox 234 5260 1765 5341; baseline -0.005 -16"><span class='ocrx_word' id='word_1_805' title='bbox 234 5274 371 5335; x_wconf 84' lang='grc' dir='ltr'><strong>Πῶς</strong></span> <span class='ocrx_word' id='word_1_806' title='bbox 396 5266 495 5325; x_wconf 64' lang='grc' dir='ltr'><strong>σῦν</strong></span> <span class='ocrx_word' id='word_1_807' title='bbox 522 5272 833 5341; x_wconf 78' lang='grc' dir='ltr'>ζητήσομεν</span> <span class='ocrx_word' id='word_1_808' title='bbox 867 5270 929 5323; x_wconf 88' lang='grc' dir='ltr'><strong>τὸ</strong></span> <span class='ocrx_word' id='word_1_809' title='bbox 969 5271 1090 5323; x_wconf 90' lang='grc' dir='ltr'>κατ’</span> <span class='ocrx_word' id='word_1_810' title='bbox 1114 5269 1332 5334; x_wconf 87' lang='grc' dir='ltr'>εἰκόνα;</span> <span class='ocrx_word' id='word_1_811' title='bbox 1376 5269 1464 5322; x_wconf 85' lang='grc' dir='ltr'>Ἐν</span> <span class='ocrx_word' id='word_1_812' title='bbox 1493 5260 1574 5329; x_wconf 70' lang='grc' dir='ltr'>οἷς</span> <span class='ocrx_word' id='word_1_813' title='bbox 1603 5264 1765 5329; x_wconf 74' lang='grc' dir='ltr'>αὐτὸς</span> 
     </span>
    </p>
   </div>
   <div class='ocr_carea' id='block_1_108' title="bbox 158 5358 1759 5435">
    <p class='ocr_par' dir='ltr' id='par_1_108' title="bbox 158 5358 1759 5435">
     <span class='ocr_line' id='line_1_109' title="bbox 158 5358 1759 5435; baseline -0.004 -19"><span class='ocrx_word' id='word_1_814' title='bbox 158 5360 326 5418; x_wconf 83' lang='grc' dir='ltr'>εἶπεν</span> <span class='ocrx_word' id='word_1_815' title='bbox 351 5367 381 5418; x_wconf 80' lang='grc' dir='ltr'><strong>ὁ</strong></span> <span class='ocrx_word' id='word_1_816' title='bbox 406 5363 635 5435; x_wconf 82' lang='grc' dir='ltr'>Κύριος.</span> <span class='ocrx_word' id='word_1_817' title='bbox 681 5363 805 5416; x_wconf 83' lang='grc' dir='ltr'>Ἐάν</span> <span class='ocrx_word' id='word_1_818' title='bbox 830 5362 963 5433; x_wconf 78' lang='grc' dir='ltr'>ἐμόν</span> <span class='ocrx_word' id='word_1_819' title='bbox 988 5379 1043 5415; x_wconf 89' lang='grc' dir='ltr'><strong>τι</strong></span> <span class='ocrx_word' id='word_1_820' title='bbox 1063 5362 1221 5425; x_wconf 69' lang='grc' dir='ltr'>εἴπω,</span> <span class='ocrx_word' id='word_1_821' title='bbox 1250 5359 1327 5430; x_wconf 80' lang='grc' dir='ltr'>μὴ</span> <span class='ocrx_word' id='word_1_822' title='bbox 1353 5358 1719 5430; x_wconf 81' lang='grc' dir='ltr'>προσδέξησθε</span> <span class='ocrx_word' id='word_1_823' title='bbox 1742 5373 1759 5387; x_wconf 77' lang='grc' dir='ltr'><strong>ο</strong></span> 
     </span>
    </p>
   </div>
   <div class='ocr_carea' id='block_1_109' title="bbox 157 5448 1762 5524">
    <p class='ocr_par' dir='ltr' id='par_1_109' title="bbox 157 5448 1762 5524">
     <span class='ocr_line' id='line_1_110' title="bbox 157 5448 1762 5524; baseline -0.002 -17"><span class='ocrx_word' id='word_1_824' title='bbox 157 5456 262 5509; x_wconf 71' lang='grc' dir='ltr'>ἐὰν</span> <span class='ocrx_word' id='word_1_825' title='bbox 294 5454 658 5519; x_wconf 84' lang='grc' dir='ltr'>Δεσποτικὸν,</span> <span class='ocrx_word' id='word_1_826' title='bbox 699 5453 1083 5520; x_wconf 81' lang='grc' dir='ltr'>καταδέξασθε.</span> <span class='ocrx_word' id='word_1_827' title='bbox 1125 5453 1447 5524; x_wconf 86' lang='grc' dir='ltr'>Ποιήσωμεν</span> <span class='ocrx_word' id='word_1_828' title='bbox 1477 5448 1762 5521; x_wconf 79' lang='grc' dir='ltr'>ἄνθρωπον</span> 
     </span>
    </p>
   </div>
   <div class='ocr_carea' id='block_1_110' title="bbox 243 5597 787 5668">
    <p class='ocr_par' dir='ltr' id='par_1_110' title="bbox 243 5597 787 5668">
     <span class='ocr_line' id='line_1_111' title="bbox 243 5597 787 5668; baseline 0.002 -14"><span class='ocrx_word' id='word_1_829' title='bbox 243 5599 295 5630; x_wconf 85' lang='grc'><strong>⁹⁹</strong></span> <span class='ocrx_word' id='word_1_830' title='bbox 321 5600 363 5618; x_wconf 80' lang='grc'><strong>’⁸</strong></span> <span class='ocrx_word' id='word_1_831' title='bbox 387 5597 541 5655; x_wconf 87' lang='lat' dir='ltr'><strong>Psal.</strong></span> <span class='ocrx_word' id='word_1_832' title='bbox 571 5613 715 5668; x_wconf 74' lang='lat' dir='ltr'><strong>mn,</strong></span> <span class='ocrx_word' id='word_1_833' title='bbox 735 5602 787 5658; x_wconf 90' lang='lat'><strong>8.</strong></span> 
     </span>
    </p>
   </div>
   <div class='ocr_carea' id='block_1_111' title="bbox 1942 5246 3445 5326">
    <p class='ocr_par' dir='ltr' id='par_1_111' title="bbox 1942 5246 3445 5326">
     <span class='ocr_line' id='line_1_112' title="bbox 1942 5246 3445 5326; baseline -0.007 -13"><span class='ocrx_word' id='word_1_834' title='bbox 1942 5256 2045 5312; x_wconf 90' lang='lat' dir='ltr'><strong>Ubi</strong></span> <span class='ocrx_word' id='word_1_835' title='bbox 2100 5270 2233 5326; x_wconf 88' lang='lat' dir='ltr'><strong>ergo</strong></span> <span class='ocrx_word' id='word_1_836' title='bbox 2265 5269 2599 5325; x_wconf 69' lang='lat' dir='ltr'><strong>quaeremus,</strong></span> <span class='ocrx_word' id='word_1_837' title='bbox 2650 5253 2800 5324; x_wconf 89' lang='lat' dir='ltr'><strong>quod</strong></span> <span class='ocrx_word' id='word_1_838' title='bbox 2848 5252 3141 5322; x_wconf 89' lang='lat' dir='ltr'><strong>imaginem</strong></span> <span class='ocrx_word' id='word_1_839' title='bbox 3202 5246 3445 5303; x_wconf 68' lang='lat' dir='ltr'><strong>referat!</strong></span> 
     </span>
    </p>
   </div>
   <div class='ocr_carea' id='block_1_112' title="bbox 1867 5337 3441 5418">
    <p class='ocr_par' dir='ltr' id='par_1_112' title="bbox 1867 5337 3441 5418">
     <span class='ocr_line' id='line_1_113' title="bbox 1867 5337 3441 5418; baseline -0.006 -15"><span class='ocrx_word' id='word_1_840' title='bbox 1867 5349 2136 5404; x_wconf 86' lang='lat' dir='ltr'><strong>Nimirum</strong></span> <span class='ocrx_word' id='word_1_841' title='bbox 2178 5349 2232 5403; x_wconf 88' lang='lat' dir='ltr'><strong>in</strong></span> <span class='ocrx_word' id='word_1_842' title='bbox 2275 5349 2365 5413; x_wconf 86' lang='lat' dir='ltr'><strong>iis,</strong></span> <span class='ocrx_word' id='word_1_843' title='bbox 2397 5363 2520 5418; x_wconf 74' lang='lat' dir='ltr'><strong>qua:</strong></span> <span class='ocrx_word' id='word_1_844' title='bbox 2570 5349 2689 5418; x_wconf 87' lang='lat' dir='ltr'><strong>ipse</strong></span> <span class='ocrx_word' id='word_1_845' title='bbox 2716 5344 2986 5400; x_wconf 89' lang='lat' dir='ltr'><strong>Dominus</strong></span> <span class='ocrx_word' id='word_1_846' title='bbox 3021 5344 3179 5399; x_wconf 81' lang='lat' dir='ltr'><strong>dixit.</strong></span> <span class='ocrx_word' id='word_1_847' title='bbox 3222 5342 3277 5395; x_wconf 89' lang='lat' dir='ltr'><strong>Si</strong></span> <span class='ocrx_word' id='word_1_848' title='bbox 3311 5337 3441 5410; x_wconf 85' lang='lat' dir='ltr'><strong>quid</strong></span> 
     </span>
    </p>
   </div>
   <div class='ocr_carea' id='block_1_113' title="bbox 1868 5428 3437 5506">
    <p class='ocr_par' dir='ltr' id='par_1_113' title="bbox 1868 5428 3437 5506">
     <span class='ocr_line' id='line_1_114' title="bbox 1868 5428 3437 5506; baseline -0.01 -6"><span class='ocrx_word' id='word_1_849' title='bbox 1868 5460 2050 5502; x_wconf 86' lang='lat' dir='ltr'><strong>meum</strong></span> <span class='ocrx_word' id='word_1_850' title='bbox 2089 5444 2144 5500; x_wconf 92' lang='lat' dir='ltr'><strong>in</strong></span> <span class='ocrx_word' id='word_1_851' title='bbox 2178 5441 2419 5501; x_wconf 89' lang='lat' dir='ltr'><strong>medium</strong></span> <span class='ocrx_word' id='word_1_852' title='bbox 2452 5439 2713 5504; x_wconf 84' lang='lat' dir='ltr'><strong>attulero,</strong></span> <span class='ocrx_word' id='word_1_853' title='bbox 2753 5438 2807 5494; x_wconf 87' lang='lat' dir='ltr'><strong>id</strong></span> <span class='ocrx_word' id='word_1_854' title='bbox 2847 5452 2918 5493; x_wconf 92' lang='lat' dir='ltr'><strong>ne</strong></span> <span class='ocrx_word' id='word_1_855' title='bbox 2968 5433 3305 5506; x_wconf 84' lang='lat' dir='ltr'><strong>suscipiatis.</strong></span> <span class='ocrx_word' id='word_1_856' title='bbox 3340 5428 3437 5486; x_wconf 85' lang='lat' dir='ltr'><strong>Fa-</strong></span> 
     </span>
    </p>
   </div>
  </div>
