3886 6214
436 255 544 319 $63

1642 241 2056 308 saansaan
2084 209 2379 303 NYSSENI

3592 231 3709 287 εοι

440 372 657 428 ciamus
710 368 986 423 hominem
1035 366 1105 421 ad
1141 364 1434 436 imaginem
1487 369 1544 418 et
1595 362 2015 418 similitudinem

2152 363 2241 414 at’
2270 359 2453 413 εἰκόνα
2501 357 2774 429 ἡμετέραν
2803 353 2895 408 καὶ
2917 351 3036 406 καθ’
3059 347 3437 421 ὁμοίωσιψκαὶ
3462 346 3706 418 ἀρχέτω-

444 469 716 525 nostram,
769 467 825 514 et
855 459 1041 529 pmsit
1076 457 1322 529 piscibus
1353 455 1563 527 [triaris,
1620 463 1676 510 et
1703 453 2023 510 volatilibus

446 557 598 620 cali,
630 564 685 610 et
710 556 925 620 bestiis,
956 563 1010 610 et
1037 570 1160 625 qua:
1200 551 1558 625 sequuntur,]
1591 566 1915 623 corporene,
1953 564 2024 606 an

448 649 663 703 ratione
689 648 711 701 ἰ
740 648 797 701 In
834 647 1022 701 animo
1051 646 1217 701 situm
1256 653 1343 700 est
1376 646 1482 698 hoc
1517 644 1830 714 imperium,
1866 652 1934 697 an
1967 643 2025 696 in

447 740 660 796 carne?
715 753 846 794 caro
892 745 1084 794 nostra
1132 738 1431 792 multorum
1494 736 1811 790 animalium
1861 750 2027 791 carne

452 835 614 904 longe
652 839 737 888 est
768 831 1112 886 imbecillior.
1145 829 1251 896 Qui
1281 830 1429 885 enim
1469 829 1710 884 hominis
1740 842 1871 884 caro
1898 842 2025 882 cum

452 939 622 979 carne
649 922 867 989 cameli,
904 931 1001 977 aut
1026 922 1207 985 bovis,
1232 921 1576 993 aliorumque
1607 920 1845 976 ferarum
1876 935 2028 975 com-

451 1017 638 1088 parari
701 1023 903 1086 potest,
955 1016 1047 1071 cui
1111 1017 1313 1071 collata
1372 1016 1535 1071 facile
1588 1022 1903 1085 superatur,
1962 1030 2027 1069 ac

454 1108 737 1163 vincitur?
761 1107 820 1162 In
855 1122 969 1178 quo
1020 1108 1189 1179 igitur
1222 1108 1480 1163 consistit
1520 1108 1609 1163 hic
1641 1107 2029 1179 principatus?

453 1200 508 1253 in
540 1198 776 1253 rationis
808 1198 1146 1268 praestantia.
1179 1197 1398 1265 Quanto
1449 1199 1594 1253 enim
1632 1200 1883 1270 corporis
1927 1198 2029 1252 im-

452 1291 755 1347 becillitate
811 1290 976 1344 homo
1031 1288 1264 1359 reliquis
1324 1288 1699 1345 animantibus
1763 1290 2031 1343 inﬁrmior

452 1390 562 1446 est,
588 1393 742 1438 tanto
763 1389 849 1437 est
873 1382 1106 1436 rationis
1129 1381 1452 1436 excellentia
1474 1382 1746 1451 superior.
1775 1382 2030 1451 Ingentes

452 1475 599 1530 enim
649 1474 824 1529 moles
876 1489 942 1527 ac
983 1472 1249 1544 pondera,
1307 1488 1430 1544 quae
1477 1484 1578 1543 pro
1643 1475 1880 1530 arbitrio
1929 1489 2031 1529 suo

454 1565 799 1622 transferunt
852 1566 1126 1631 homines,
1156 1580 1487 1637 quocunque
1527 1567 1738 1631 volunt,
1777 1566 2029 1631 solertia,

456 1672 570 1713 non
617 1659 869 1729 corporis
908 1659 1119 1714 viribus
1185 1666 1428 1729 aguntur
1492 1666 1547 1714 et
1620 1667 2028 1730 permoventur.

2126 469 2226 507 σαν
2250 448 2358 505 τῶν
2402 449 2631 520 ἰχθύων.
2686 445 2896 514 σώματι
2931 444 2965 514 ἢ
2993 438 3275 511 λογισμῷς
3327 438 3416 490 Ἐν
3453 436 3601 506 ψυχῇ
3651 436 3701 489 τί

2125 546 2311 616 ἄρχον,
2340 542 2373 611 ἢ
2406 542 2464 594 ἐν
2498 538 2693 610 σαρκί;
2739 536 2803 589 'H
2835 532 2991 606 σὰρξ,
3034 530 3245 586 πολλῶν
3282 528 3437 593 ζώων
3479 527 3700 580 deusve-

2128 638 2315 709 στέρα.
2349 634 2485 688 Ποία
2515 634 2799 702 σύγκρισις
2827 627 3029 700 σαρκὸς
3065 623 3356 695 ἀνθρώπου
3388 621 3481 675 καὶ
3521 619 3707 709 καμῄ.

2126 702 2240 793 λου,
2283 725 2571 798 ἀνθρώπου
2614 723 2709 776 καὶ
2740 720 2890 791 βοὸς,
2924 715 3212 789 ἀνθρώπου
3246 713 3338 767 καὶ
3369 712 3600 765 ἑκάστου
3635 702 3716 760 ὧν

2128 822 2195 876 ἂν
2238 819 2397 889 Θέλῃς
2448 816 2671 888 Θηρίου;
2723 812 2991 873 εὐάλωτος
3033 809 3067 879 ἡ
3112 806 3250 876 σὰρξ
3289 805 3325 875 ἡ
3371 801 3713 873 ἀνθρωπίνη,

2130 913 2295 984 σαρκὶ
2338 910 2526 982 θηρίου
2560 902 2995 978 προϐαλλομένη.
3050 898 3209 953 Ἀλλὰ
3239 900 3295 951 ὲν
3328 896 3434 949 τίνι
3465 894 3528 947 τὸ
3555 894 3718 963 ἁρχι-

2128 1007 2255 1070 κόν;
2298 1006 2356 1057 ἐν
2382 1006 2449 1073 τῇ
2476 1001 2570 1055 τοῦ
2600 996 2862 1068 λογισμοῦ
2894 991 3202 1064 περιουσίᾳ.
3245 991 3408 1043 Ὅσον
3437 987 3611 1040 λείπει
3643 986 3715 1053 τῇ

2128 1099 2355 1167 δυνάμει
2384 1093 2478 1147 τοῦ
2507 1091 2778 1162 σώματος,
2814 1086 3068 1141 τοσοῦτον
3116 1082 3367 1155 περίεστι
3402 1081 3467 1150 τῇ
3498 1076 3591 1129 τοῦ
3620 1076 3716 1128 λο-

2129 1166 2330 1260 γισμοῦ
2362 1185 2697 1254 κατασκευῇ.
2749 1179 2920 1234 Πόθεν
2955 1176 3025 1231 τὰ
3059 1174 3272 1247 μεγάλα
3312 1171 3450 1243 βάρη
3486 1166 3717 1240 μετατί-

2131 1284 2289 1353 οησιν
2350 1278 2633 1350 ἄνθρωπος
2660 1315 2674 1337 ,
2728 1271 2939 1341 ἐπινοίᾳ
2999 1269 3033 1339 ἢ
3093 1267 3266 1328 τόνοις
3329 1261 3716 1353 σωματικῆς]

2138 1393 2156 1426 ι
2189 1346 2513 1444 Ποιήσωμεν
2545 1367 2831 1438 ἄνθρωπον
2860 1362 2978 1416 κατ’
3015 1357 3197 1413 εἰκόνα
3231 1352 3523 1428 ἡμετέραν.

2134 1467 2241 1519 ἔσω
2273 1439 2557 1533 ἄνθρωπον
2585 1458 2753 1526 λέγει,
2774 1474 2804 1509 ,ι
2823 1454 3143 1523 Ποιήσωμεν
3172 1446 3475 1519 ἄνθρωπον.
3503 1457 3521 1494 ι
3571 1439 3717 1493 Ἀλλ’

2135 1561 2279 1631 ἐρεῖς
2307 1556 2396 1620 σὺ,
2432 1553 2530 1607 Διὰ
2568 1550 2619 1605 τί
2647 1552 2707 1605 οὐ
2742 1548 2887 1615 λέγει
2925 1548 3056 1616 ἡμῖν
3090 1544 3217 1614 περὶ
3255 1534 3514 1609 λογισμοῦ
3534 1553 3557 1631 4;
3614 1534 3725 1631 ’ξὺν

2136 1626 2422 1722 ἄνθρωπον
2456 1642 2576 1698 εἷπε
2607 1643 2724 1697 κατ’
2756 1640 2939 1695 εἰκόνα
2965 1632 3121 1691 Θεοῦ.
3165 1636 3224 1688 '0
3252 1634 3307 1687 δὲ
3333 1629 3591 1722 λογισμέις
3626 1626 3727 1722 ἄνα

624 1709 865 1729 ---τ-η-
922 1709 1115 1714 ---ηπ
1187 1709 1417 1729 _,,___-__
1498 1709 1543 1714 --
1620 1709 2026 1730 ,_-___-,___-__-

459 1765 481 1800 ι
519 1746 807 1804 Faciamus
837 1749 1114 1804 hominem
1150 1749 1218 1804 ad
1259 1750 1549 1820 imaginem
1586 1759 1876 1805 nostram:
1915 1768 1933 1801 ι
1966 1750 2034 1804 de

2152 1709 2387 1811 ἰρωποςς
2436 1737 2635 1788 Ἀκουε
2667 1732 2760 1786 τοῦ
2801 1724 3121 1783 Ἀποστόλου
3154 1725 3425 1820 λέγοντος,
3470 1734 3487 1771 ι
3517 1719 3577 1773 Εἰ
3609 1718 3724 1789 γὰρ

454 1841 707 1897 interiori
759 1841 979 1896 homine
1041 1841 1301 1911 loquitur.
1338 1842 1405 1895 At
1461 1843 1627 1905 enim,
1661 1842 1836 1906 dices,
1879 1852 1934 1896 tn
1964 1842 2035 1899 de

455 1931 670 1986 ratione
698 1931 949 1987 dlsseris.
999 1928 1240 1987 Ostende
1269 1932 1431 1987 nobis
1477 1932 1756 1988 hominem
1790 1932 1858 1987 ad
1894 1934 2033 1988 ima-

456 2021 641 2092 ginem
684 2020 801 2077 Dei.
840 2020 1009 2077 Estne
1055 2022 1197 2076 ratio
1237 2022 1451 2077 homo?
1487 2023 1627 2077 Audi
1659 2024 1980 2094 Apostolum
2017 2040 2033 2080 :

462 2129 483 2164 ι
517 2110 690 2177 Licet,
724 2132 742 2164 ι
784 2113 982 2184 inquit,
1017 2132 1037 2164 ι
1079 2113 1127 2168 is
1161 2114 1254 2183 qui
1293 2113 1431 2169 loris
1463 2122 1549 2169 est
1606 2125 1796 2170 noster
1850 2116 2033 2183 homo,

455 2204 868 2267 corrumpatur,
895 2205 1080 2251 tamen
1110 2196 1179 2260 is,
1206 2196 1300 2266 qui
1329 2197 1479 2252 intus
1511 2210 1617 2259 est.
1647 2207 1945 2254 renovatur
1965 2200 2035 2253 de

457 2286 546 2343 die
572 2289 630 2342 in
664 2288 832 2342 diem.
871 2306 890 2339 ι
935 2286 1184 2354 Quonam
1241 2290 1442 2357 pacto?
1476 2288 1758 2359 Duplicem
1796 2302 2041 2359 agnosco

460 2378 760 2442 hominem,
783 2394 950 2431 unum
975 2378 1068 2447 qui
1096 2377 1335 2439 videtur,
1363 2378 1597 2433 alterum
1624 2379 2033 2442 absconditum,

2138 1810 2301 1896 diem
2334 1828 2489 1899 ἡμῶν
2516 1825 2800 1896 ἄνθρωπος
2830 1820 3132 1892 φθείρεται,
3163 1818 3275 1872 ἀλλ’
3301 1819 3329 1870 ὁ
3356 1810 3465 1868 ἔσω
3486 1815 3727 1868 ἀνακαι-

2140 1922 2325 1977 νοῦται
2356 1916 2538 1989 ἡμέρᾳ
2566 1917 2661 1970 καὶ
2689 1915 2891 1984 ἡμέρᾳ.
2921 1932 2939 1962 ι
2995 1909 3150 1974 Πῶς;
3195 1908 3296 1961 Δύο
3332 1903 3587 1977 γνωρίζω
3630 1903 3727 1956 ἁν-

2141 2012 2426 2085 θρώπους,
2472 2010 2571 2062 ἕνα
2617 2007 2708 2060 τὸν
2757 2005 3104 2075 φαινόμενον,
3149 1996 3246 2054 καὶ
3272 1999 3371 2052 ἕνα
3395 1996 3489 2050 τὸν
3523 1996 3730 2047 ὑποκε-

2140 2122 2246 2178 κρυ
2254 2104 2472 2175 μμένον-
2489 2100 2567 2171 τῷ
2594 2096 2925 2169 φαινομένῳ,
2961 2086 3190 2163 ἀόρατον
3199 2091 3309 2158 ,τὸν
3353 2086 3462 2178 ἔσω
3508 2086 3609 2141 ἄνθ
3618 2098 3731 2157 pw-

2138 2176 2261 2251 πον.
2302 2195 2456 2249 Ἔσω
2476 2193 2654 2247 τοίνυν
2683 2191 2878 2261 ἔχομεν
2918 2187 3225 2257 ἄνθρωπον,
3254 2183 3350 2237 καὶ
3372 2176 3553 2235 διπλοῖ
3579 2178 3729 2241 τινές

2140 2289 2329 2358 ἐσμεν,
2362 2285 2458 2339 καὶ
2483 2284 2543 2351 τό
2582 2299 2647 2351 γε
2685 2277 2884 2351 ἀληθὲς
2921 2278 3213 2347 λεγόμενον
3245 2274 3327 2328 ὅτι
3354 2272 3500 2326 ἔνδον
3532 2271 3726 2340 ἐσμέν.

2155 2374 2297 2447 Ἐγὼ
2343 2375 2453 2448 γὰρ
2489 2374 2630 2428 κατὰ
2672 2372 2766 2425 τὸν
2820 2368 2928 2424 ἔσω
2974 2367 3282 2439 ἄνθρωπον.
3332 2364 3414 2417 Τὰ
3460 2362 3590 2429 ἔξω,
3632 2362 3729 2414 οὐκ

459 2485 623 2539 quem
651 2468 743 2523 ille
780 2468 899 2538 ipse
931 2467 1027 2537 qui
1060 2468 1277 2522 videtur
1311 2483 1421 2522 non
1480 2470 1679 2524 cernit.
1719 2468 2038 2523 interiorem

2152 2469 2274 2538 ἐγὼ,
2299 2468 2435 2522 ἀλλὰ
2464 2462 2686 2537 ἐμά.οὑ
2718 2461 2828 2533 γὰρ
2854 2463 2887 2531 ἠ
2919 2460 3045 2531 χεὶρ
3073 2456 3206 2526 ἐγὼ,
3238 2455 3376 2510 ἀλλὰ
3409 2454 3520 2523 ἐγὼ
3553 2453 3619 2506 τὸ
3651 2453 3729 2505 λό’

459 2557 626 2630 igitur
695 2557 963 2613 habemus
1020 2557 1321 2623 hominem,
1377 2567 1432 2612 et
1489 2558 1739 2628 duplices
1798 2561 2037 2629 quodam

2152 2562 2302 2631 γικὺν
2346 2559 2449 2628 τῆς
2492 2555 2691 2627 ψυχῆς.
2749 2552 2814 2608 Ἥ
2854 2552 2911 2605 δὲ
2950 2549 3072 2623 χεὶρ
3103 2549 3265 2620 μέρος
3295 2544 3389 2600 τοῦ
3417 2544 3727 2617 ἀνθρώπου.

461 2648 625 2703 modo
673 2663 887 2703 sumus.
941 2649 1052 2718 Ego
1078 2648 1224 2703 enim
1288 2664 1410 2703 sum
1444 2649 1555 2716 ille,
1600 2652 1693 2721 qui
1752 2651 1902 2706 intus
1954 2661 2040 2706 est

2152 2645 2312 2705 Ὥστε
2339 2649 2400 2703 τὸ
2430 2649 2529 2720 μὲν
2560 2646 2748 2717 σῶμαν
2798 2644 3031 2716 δρτανον
3083 2640 3178 2694 τοῦ
3213 2638 3526 2710 ἀνθρώπ⁰υ’
3555 2636 3731 2706 ψυχῆς

464 2738 791 2807 homo.Quae
819 2754 949 2796 vero
971 2748 1102 2797 sunt
1130 2740 1498 2803 extrinsecus.
1516 2757 1626 2796 non
1645 2755 1748 2813 ego
1773 2742 1864 2796 illa
1890 2757 2036 2806 sum,

2152 2743 2401 2815 όργανον,
2425 2739 2710 2810 ἄνθρωπος
2735 2734 2791 2790 δὲ
2820 2735 3024 2806 κυρίως
3059 2733 3182 2787 κατ’
3210 2731 3381 2802 αὐτὴν
3404 2728 3503 2800 τὴν
3536 2727 3731 2797 ψυχήν.

463 2830 561 2886 sed
596 2832 686 2886 illa
712 2839 841 2886 sunt
869 2846 1007 2885 mea.
1030 2830 1220 2901 Neque
1245 2834 1395 2889 enim
1420 2850 1521 2905 ego
1545 2850 1666 2891 sum
1696 2850 1914 2900 manus,
1940 2835 2038 2890 sed
2074 2836 2238 2898 ratio,
2273 2849 2396 2906 quae
2426 2834 2480 2888 in
2510 2833 2693 2886 animo
2718 2838 2822 2886 est.
2873 2825 3066 2881 Manus
3107 2832 3287 2878 autem
3332 2822 3631 2877 exterioris
3654 2827 3735 2874 est

467 2921 706 2976 hominis
733 2935 881 2991 pars.
912 2918 1285 2986 Quamobrem
1327 2935 1550 2996 corpus,
1591 2926 1832 2981 hominis
1874 2929 2324 2992 instrumentum,
2371 2932 2456 2980 est
2497 2923 2665 2979 animi
2705 2922 3175 2976 instrumentum:
3208 2915 3256 2969 si
3301 2914 3524 2984 quidem
3574 2913 3742 2967 homo

467 3013 689 3084 praprie
725 3010 910 3066 animo
944 3020 1224 3068 censetur.

544 3122 563 3155 ι
588 3100 881 3158 Faciamus
902 3103 1176 3157 hominem
1197 3102 1265 3156 ad
1289 3101 1584 3171 imaginem
1611 3108 1911 3157 nostram.)
1937 3100 2047 3155 Hoc

2232 3099 2600 3169 «Ποιήσωμεν
2648 3097 2933 3170 ἄνθρωπον
2968 3098 3087 3152 κατ’
3139 3097 3322 3149 εἰκόνα
3376 3097 3672 3166 ἡμετέραν.
3714 3112 3735 3144 ι

466 3198 579 3257 est,
601 3190 681 3246 illi
716 3191 948 3246 rationis
984 3189 2047 3260 praistantiamtrihuamusaEtprassita

469 3280 591 3336 Non
621 3280 823 3349 inquit,
852 3277 1142 3334 Faciamus
1171 3280 1450 3335 hominem
1482 3280 1552 3334 ad
1602 3281 1898 3351 imaginem
1954 3297 2055 3335 no-

479 3385 675 3438 stram,
691 3380 748 3427 et
770 3372 1066 3434 irascatur,
1082 3372 1460 3441 concupiscat,
1478 3382 1531 3425 et
1563 3384 1810 3427 Intereat.
1835 3373 2055 3429 Pertur-

476 3461 730 3519 hationes
758 3460 907 3516 enim
941 3474 1050 3514 non
1104 3460 1308 3515 cadunt
1359 3461 1413 3512 in
1450 3460 1746 3530 imaginem
1803 3461 1921 3525 Dei,
1960 3461 2055 3515 sed

474 3555 618 3609 ratio
649 3551 1127 3624 perturbationum
1178 3552 1514 3607 moderatrix
1566 3566 1632 3607 ac
1662 3552 1905 3607 domina.
1943 3572 1962 3605 ι
1991 3553 2058 3607 Et

475 3644 945 3716 praesitpiscibus.
980 3662 998 3694 ι
1032 3641 1181 3706 Tibi,
1217 3643 1383 3697 simul
1416 3652 1582 3713 atque
1610 3651 1936 3714 prccreatus
1972 3660 2054 3706 es,

477 3737 771 3807 imperium
797 3744 882 3790 est
919 3734 1269 3789 attributum.
1324 3733 1429 3801 Qui
1469 3749 1727 3806 magnum
1762 3737 1819 3791 in
1853 3736 2058 3790 multos

479 3841 655 3882 annos
687 3842 719 3880 a
766 3842 895 3895 rege
929 3826 1296 3895 principatum
1330 3827 1552 3896 accipit,
1587 3828 1750 3881 homo
1786 3827 1858 3881 ab
1882 3827 2061 3882 homi-

480 3934 571 3981 ne,
601 3931 634 3969 a
669 3912 887 3968 mortali
932 3916 1204 3978 mortalis,
1245 3931 1357 3971 non
1403 3924 1613 3993 tantam
1662 3925 1925 3987 quantam
1979 3929 2059 3980 tn,

476 4006 692 4062 obtinet
764 4014 1116 4075 potestatem.
1170 4007 1267 4063 ille
1319 4009 1466 4063 enim
1521 4023 1553 4063 a
1620 4022 1752 4079 rege
1806 4010 2063 4078 princeps

476 4098 860 4165 constituitur,
911 4106 971 4153 ut
1020 4099 1116 4154 uni
1173 4107 1391 4155 tantum
1445 4100 1661 4171 regioni
1712 4100 1923 4171 praesit.
1979 4102 2061 4156 Tu

480 4199 664 4247 autem
712 4205 746 4244 a
800 4191 911 4246 Deo
974 4200 1136 4246 terrae
1193 4192 1368 4247 totius
1423 4191 1713 4262 imperium
1773 4193 2059 4262 accepisti.

486 4283 796 4353 Divinaque
826 4298 932 4339 vox
963 4299 1074 4338 non
1109 4283 1164 4337 in
1198 4284 1407 4340 tabulis
1454 4284 1671 4353 ligneis,
1706 4292 1801 4337 aut
1831 4284 2063 4337 volumi-

482 4374 670 4439 nibus,
716 4389 838 4444 qua:
886 4388 919 4427 a
972 4373 1138 4428 tineis
1183 4381 1638 4442 corrumpuntur,
1695 4371 1791 4427 sed
1842 4374 1897 4427 in
1944 4372 2063 4441 ipsa

482 4472 683 4520 natura
700 4464 965 4535 inscripta
985 4463 1342 4529 estuPriesit,
1358 4484 1376 4517 ι
1393 4465 1601 4534 quibus
1620 4472 1801 4519 autem
1830 4466 2014 4532 prtesit
2038 4464 2061 4517 ἰ
2094 4451 2136 4506 D

485 4558 585 4615 His
613 4558 877 4613 nimirum
927 4558 1190 4613 omnibus
1220 4556 1487 4614 :(PI‘EBSil
1535 4557 1816 4628 piscibus,
1870 4556 2067 4612 bestiis

484 4656 666 4714 terrae,
698 4649 1021 4704 volatilibus
1046 4649 1203 4714 cmli,
1240 4655 1299 4704 et
1334 4648 1610 4705 Universis
1666 4649 2065 4712 animantibus,

487 4753 612 4807 quae
646 4747 934 4792 moventur
965 4752 1134 4808 super
1163 4744 1386 4793 terram.
1421 4735 1566 4792 »Νοιι
1586 4734 1747 4798 dixit,
1773 4735 2065 4792 Faciamus

490 4830 773 4885 hominem
802 4828 875 4885 ad
901 4828 1201 4900 imaginem
1228 4836 1285 4883 et
1322 4828 1736 4885 similitudinem
1791 4836 2062 4892 nostram,

487 4930 542 4977 et
567 4926 822 4976 vescatur
847 4935 912 4976 ex
942 4919 1094 4974 omni
1124 4920 1274 4990 ligno
1304 4917 1612 4997 fructifero,
1639 4919 1788 4988 quod
1822 4920 2061 4974 fructum

491 5012 656 5067 habet
715 5011 775 5067 in
824 5010 1144 5081 semetipso.
1206 5008 1466 5066 Secundo
1516 5012 1638 5065 loco
1672 5026 1765 5077 ea,
1809 5027 1934 5082 quas
1997 5011 2065 5065 ad

490 5116 713 5156 carnem
741 5101 1045 5173 pertinent,
1074 5101 1512 5158 constituuntur.
1545 5099 1733 5156 Primo
1765 5112 1972 5165 autem,
2003 5115 2068 5157 ac

492 5197 843 5268 potissimum
881 5195 997 5260 illa,
1031 5210 1153 5266 quae
1183 5194 1250 5250 ad
1285 5194 1529 5249 animum
1581 5203 1851 5265 spectant.
1886 5195 2067 5251 Prima

495 5288 658 5344 nobis
691 5286 996 5358 imperandi
1022 5295 1270 5359 potestas
1294 5286 1633 5342 decernitur.
1682 5288 1767 5343 Ad
1799 5291 2072 5357 imperan-

495 5381 627 5436 dum
668 5387 831 5437 natus
880 5394 964 5446 es,
1005 5381 1190 5437 homo.
1222 5380 1364 5446 Quid
1398 5396 1532 5451 ergo
1569 5382 2070 5451 perturbationibus

497 5472 673 5528 servis
696 5474 721 5526 ?
766 5484 869 5527 eur
910 5474 1227 5543 dignitatern
1262 5473 1458 5542 abjicis
1490 5474 1690 5528 tuam?
1717 5488 1817 5528 cur
1851 5483 1903 5529 te
1946 5490 2065 5545 pec-

496 5575 622 5618 cato
657 5562 832 5619 tradis
860 5563 916 5618 in
948 5564 1315 5620 servitutem?
1345 5578 1446 5618 cur
1496 5573 1551 5619 te
1575 5561 1867 5619 constituis
1916 5580 2068 5620 man-

498 5653 704 5724 cipium
735 5653 984 5711 diaboli?
1010 5653 1213 5711 Rerum
1274 5655 1609 5711 constitutus
1666 5671 1726 5711 es
1766 5654 2019 5726 princeps
2052 5676 2065 5711 :

2155 3192 2422 3253 τουτέστι,
2469 3190 2714 3260 δώσομεν
2761 3184 2909 3260 αὖτῷ
2960 3184 3119 3257 λόγου
3170 3189 3510 3259 περιουσίαν.
3581 3208 3599 3238 ι
3637 3186 3741 3241 Καὶ

2156 3284 2524 3355 ἀρχέτωσαν.»
2562 3283 2717 3353 Οὐχὶ,
2744 3278 3062 3352 Ποιήσωμεν
3080 3282 3384 3351 ἄνθρωπον,
3411 3281 3533 3333 κατ’
3556 3279 3741 3334 εἰκόνα

2156 3377 2452 3447 ἡμετέραν,
2487 3377 2579 3428 καὶ
2608 3374 3021 3445 θυμούσθωσαν,
3046 3374 3137 3427 καὶ
3164 3372 3625 3439 ἐπιθυμείτωσαν,
3653 3375 3744 3427 καί

2158 3467 2568 3521 λυπείσθωο-αν·
2610 3463 2672 3520 οὗ
2710 3466 2819 3537 γὰρ
2846 3466 2911 3519 τὰ
2942 3465 3088 3537 πάθη
3122 3467 3202 3529 εἰς
3239 3466 3339 3535 τὴν
3364 3464 3459 3517 τοῦ
3491 3464 3633 3518 θεοῦ
3670 3466 3745 3518 εξ-

2158 3559 2294 3613 κόνα
2322 3557 2668 3629 παρελήφθη,
2700 3558 2815 3611 ἀλλ’
2844 3559 2873 3611 ό
2905 3557 3165 3626 λογισμὸς
3195 3556 3302 3609 τῶν
3336 3555 3522 3610 παθῶν
3551 3556 3746 3609 δεσπό‹

2157 3662 2257 3718 της
2284 3680 2303 3700 .
2351 3667 2371 3700 ι
2400 3650 2510 3702 Καὶ
2553 3647 2871 3719 ἁρχέτωσαν
2918 3644 3026 3701 τῶν
3073 3646 3291 3717 ἰχθύων.
3326 3667 3345 3699 ι
3386 3644 3565 3710 Εὐθὺς
3594 3647 3746 3699 ἐκτί-

2162 3741 2316 3812 σθης,
2339 3741 2435 3795 καὶ
2461 3741 2645 3812 ἄρχων
2670 3740 2945 3810 ὲκτίσθης.
2993 3754 3013 3791 ι
3036 3739 3146 3793 Καὶ
3168 3739 3503 3810 ἀρχέτωσαν.
3533 3757 3552 3791 ι
3595 3738 3751 3802 Ἐνὺς

2161 3832 2313 3894 ἔτους
2343 3830 2592 3895 ἐξουσίαν
2616 3831 2765 3901 παρὰ
2786 3828 3050 3900 βασιλέως
3070 3828 3253 3883 λαϐὼν
3275 3824 3563 3900 ἄνθρωπος
3592 3828 3752 3901 παρὰ

2160 3921 2449 3993 ἀνθρώπου
2473 3952 2492 3984 ς
2522 3920 2714 3992 θνητὸς
2738 3921 2888 3991 παρὰ
2914 3918 3130 3991 θνητοῦ,
3164 3919 3343 3973 λαϐὼν
3368 3919 3521 3990 παρὰ
3549 3918 3646 3971 τοῦ
3674 3918 3749 3989 μὴ

2160 4011 2394 4082 ἔχοντος.
2425 4008 2592 4065 Ποίαν
2617 4012 2728 4083 γὰρ
2750 4012 2998 4077 ἐξουσίαν
3025 4008 3205 4083 ψυχῆς
3238 4011 3503 4082 λαμϐάνει
3535 4009 3751 4081 ἄνθρω-

2164 4118 2297 4169 πος,
2344 4103 2418 4155 Σὺ
2458 4102 2637 4173 μέντοι
2679 4103 2829 4174 παρὰ
2868 4100 3007 4155 Θεοῦ
3053 4099 3267 4167 ἔλαϐες,
3299 4105 3400 4157 οὐκ
3444 4103 3504 4155 ὲν
3572 4098 3751 4166 ξύλοις

2162 4195 2577 4267 γεγραμμένην,
2606 4194 2728 4248 οὐδὲ
2772 4197 2833 4248 ἐν
2869 4190 3031 4260 πτυξὶ
3055 4192 3321 4266 φθαρταῖς
3352 4195 3531 4264 σητῶν
3564 4204 3746 4265 παρα-

2163 4285 2499 4356 ναλώμασιν,
2539 4284 2655 4339 ἀλλ’
2687 4284 3038 4358 ἀνάγραπτον
3066 4286 3102 4357 ἡ
3128 4287 3294 4355 φύσις
3328 4282 3444 4357 ἔχει
3469 4286 3572 4357 τὴν
3596 4285 3752 4339 θείαν

2168 4380 2371 4450 φωνήν.
2409 4394 2427 4429 ι
2452 4378 2813 4449 Ἀρχέτωσαν.
2849 4397 2867 4430 ι
2906 4373 3095 4431 Ταῦτα
3132 4375 3423 4448 σύμπαντα
3453 4377 3633 4448 ἀρχῆς
3660 4377 3751 4439 ἁνέ

2164 4471 2460 4543 θρωπίνης.
2514 4488 2532 4522 ι
2570 4471 2909 4542 Ἀρχέτωσαν
2959 4464 3070 4524 τῶν
3120 4469 3353 4541 ἰχθύων,
3399 4468 3509 4524 τῶν
3544 4470 3752 4542 θηρίων

2166 4563 2268 4635 τῆς
2305 4562 2433 4632 γῆς,
2481 4562 2590 4615 τῶν
2625 4561 2887 4615 πετεινῶν
2931 4555 3025 4615 τοὸ
3071 4560 3326 4632 οὐρανοῦ,
3371 4561 3480 4615 τῶν
3512 4563 3749 4628 κτηνῶν,

2164 4650 2277 4709 τῶν
2296 4654 2562 4728 ἑρπετῶν,
2584 4652 2692 4708 τῶν
2715 4655 2991 4723 ἑρπόντων
3013 4653 3105 4706 ἐπὶ
3126 4646 3225 4725 τῆς
3247 4654 3370 4725 γῆς.
3403 4673 3422 4705 ι
3458 4655 3573 4708 Οὐκ
3601 4650 3746 4717 εἷπε,

2167 4748 2496 4819 Ποιήσωμεν
2519 4745 2807 4818 ἄνθρωπον
2833 4746 2953 4799 κατ’
2976 4744 3161 4798 εἰκόνα
3194 4746 3289 4798 καὶ
3332 4744 3457 4799 καθ’
3489 4746 3751 4815 ὁμοίωσιν

2170 4839 2479 4911 ἡμετέραν,
2528 4838 2622 4892 καὶ
2669 4837 3003 4891 ἐσθιέτωσαν
3038 4834 3147 4891 πᾶν
3199 4835 3353 4901 ξύλον
3398 4836 3680 4910 κάρπιμον
3724 4839 3753 4892 ὃ

2171 4930 2285 5001 εχει
2331 4930 2541 5003 καρπὸν
2588 4930 2648 4983 ὲν
2698 4926 2898 4999 ἐαυτῷ.
2955 4924 3193 5001 Δεύτερα
3235 4928 3304 4981 τὰ
3353 4922 3455 4998 τῆς
3508 4930 3711 4997 σαρκός
3737 4946 3750 4960 ·

2173 5021 2367 5093 πρῶτα
2391 5022 2460 5074 τὰ
2500 5020 2597 5091 τῆς
2624 5018 2803 5092 ψυχῆς
2838 5020 2907 5074 τὰ
2940 5014 3345 5092 προηγούμενα.
3390 5016 3595 5091 Πρῶτα
3624 5024 3756 5093 ἡμῖν

2175 5110 2650 5184 συνεχειροτονήθη
2682 5114 2716 5183 ἡ
2745 5108 2838 5165 τοῦ
2879 5110 3070 5182 ἄρχειν
3105 5109 3353 5181 δύναμις.
3420 5110 3678 5183 ’Ᾱρχικὸν
3710 5106 3760 5167 εἴ

2175 5202 2333 5268 ζῶον,
2364 5203 2638 5274 ἄνθρωπε.
2675 5203 2784 5256 Καὶ
2808 5203 2861 5257 τί
2888 5201 3157 5266 δουλεύεις
3183 5201 3417 5269 πάθεσι;
3447 5203 3502 5256 τί
3528 5204 3754 5257 σεαυτοῦ

2174 5288 2390 5364 ἀξίωμα
2417 5294 2777 5356 καταϐάλλεις
2803 5294 2899 5348 καὶ
2926 5293 3110 5357 δοῦλος
3148 5292 3271 5366 γίνῃ
3302 5295 3406 5364 τῆς
3439 5295 3715 5366 ἁμαρτίας
3738 5314 3753 5358 ;

2172 5386 2261 5439 διὰ
2316 5386 2369 5438 τί
2423 5386 2651 5439 σεαυτὸν
2695 5386 2866 5449 ποιεῖς
2929 5386 3275 5457 αἰχμάλωτον
3318 5385 3413 5440 τοῦ
3461 5386 3751 5450 διαϐόλους

2177 5478 2396 5547 ’Λρχων
2427 5478 2656 5540 κτίσεως
2698 5479 3132 5551 ὲχειρστονὴθης,
3177 5480 3272 5532 καὶ
3306 5479 3622 5550 ἀπέρριψας
3665 5497 3749 5533 σε-

2177 5569 2416 5641 μνότητα
2446 5570 2543 5638 τῆς
2576 5568 2770 5622 ἑαυτοῦ
2796 5570 3038 5640 φύσεωςς
3079 5570 3276 5635 Δοῦλος
3304 5572 3545 5644 ἐκλήθης
3567 5589 3582 5600 ·
3614 5574 3667 5627 τί
3694 5590 3748 5625 σε

2174 5657 2334 5712 λυπεῖ
2388 5660 2422 5729 ἡ
2483 5657 2696 5712 δουλεία
2746 5660 2839 5713 τοῦ
2893 5660 3191 5732 σώματος;
3253 5661 3343 5715 διὰ
3399 5662 3455 5715 τί
3503 5663 3567 5715 οὐ
3614 5662 3749 5734 μέγα
