3886 6214
148 155 262 210 965

912 147 973 200 IN
1019 146 1267 212 VERBA,
1317 148 1694 206 FACMMUS
1737 147 2126 211 IIOJHNBM,
2161 148 2337 212 ETC.,
2378 149 2586 204 OIIA'I.
2616 149 2656 205 I.

3334 159 3440 216 266

149 269 383 340 φρονεῖς
431 269 496 336 τῇ
543 264 830 337 δεσποτεία
882 269 947 336 τῇ
1004 265 1158 338 παρὰ
1183 263 1321 317 Θεοῦ
1357 281 1440 318 σοι
1480 262 1740 333 δεδομένῃ

1869 277 1969 315 cur
1997 269 2206 316 natura:
2237 272 2342 316 tuae
2389 265 2710 332 gravitatem
2746 270 3079 340 projecisti?
3135 272 3204 327 At
3245 288 3440 331 servus

146 360 236 413 ὅτι
272 357 539 426 λογισμὸν
563 355 707 426 ἔχεις
751 356 938 408 παθῶν
967 357 1268 426 δεσπότην;
1308 355 1476 409 Ὅταν
1519 354 1636 425 ἴδῃς
1663 354 1742 407 τδπ

1860 351 2102 407 diceris:
2161 368 2262 408 cur
2312 368 2515 409 mmres
2564 360 2816 428 corporis
2861 365 3155 430 servitute,
3203 379 3269 420 ac
3327 380 3436 421 non

143 451 432 520 δεσπότην
465 467 559 502 σου
605 449 793 502 δοῦλον
839 449 969 502 ὂντα
1007 449 1105 518 τῆς
1155 448 1387 518 ἡδονῆς,
1441 446 1666 500 σεαυτὸν
1697 447 1742 499 δὲ

1860 443 2042 512 potius
2095 443 2406 514 principatu
2463 446 2559 500 tibi
2618 463 2646 501 a
2681 450 2789 504 Deo
2840 453 3044 508 tradito
3097 456 3326 526 gaudes,
3383 467 3439 512 et

146 539 442 611 σώφρονα,
483 539 720 607 γίνωσκε
752 539 834 592 ὅτι
869 539 935 591 σὺ
973 539 1072 609 μὲν
1109 534 1160 592 εἰ
1187 538 1374 601 δοῦλος
1401 538 1626 606 ὀνόματι
1662 537 1742 607 μό-

1858 534 2160 604 gloriaris?
2209 535 2346 590 Cum
2409 537 2560 593 vides
2614 539 2900 596 dominum
2959 552 3114 599 tuum
3167 547 3435 618 voluptati

145 648 281 695 νον,
331 631 541 694 ἐκεῖνος
583 630 644 684 δὲ
686 629 911 701 ὀνόματι
966 630 1064 700 μὲν
1103 630 1215 700 ἔχει
1266 629 1366 700 τὴν
1411 629 1754 693 δεσποτείαν,

137 722 307 792 ἔργῳ
366 721 426 774 δὲ
484 719 880 791 βεϐαιουμένην
941 719 1054 791 ἔχει
1103 721 1203 790 τὴν
1265 719 1528 773 δουλείαν.
1590 720 1753 790 Ὁρᾷς

143 815 368 866 ἐκεῖνον
400 811 538 884 μετά
569 812 670 881 τῆς
699 813 906 883 πόρνης
939 813 1236 882 συρόμενον
1258 827 1274 844 ο
1323 812 1548 865 σεαυτὸν
1571 811 1628 864 δὲ
1654 811 1751 882 τῆς

144 905 368 974 πόρνης
412 902 887 974 καταφρονοῦντα·
942 903 1061 965 πῶς
1100 902 1221 972 οὐχὶ
1251 901 1314 955 σὺ
1355 901 1452 971 μὲν
1483 895 1531 954 εί
1556 900 1751 954 δεσπό-

143 1012 255 1064 της
285 994 384 1047 τοῦ
415 994 642 1056 πάθους,
680 996 884 1056 ἐκεῖνος
909 994 967 1047 δὲ
995 993 1179 1056 δοῦλός
1209 995 1329 1045 ἐστι
1367 991 1475 1045 τῶν
1508 991 1615 1044 ὑπὸ
1654 991 1747 1044 σοῦ

147 1083 520 1153 πατουμένων
553 1082 788 1152 ἡδονῶν;
831 1083 996 1135 Ὥστε
1019 1081 1099 1144 τὸ,
1137 1101 1156 1134 ι
1183 1083 1509 1153 Ποιήσωμεν
1535 1079 1748 1150 ἄνθρω-

139 1192 279 1238 πον,
315 1177 414 1229 καὶ
443 1177 789 1246 ἀρχέτωσαν,
820 1193 839 1226 ι
877 1174 1025 1244 δηλοί
1055 1176 1138 1227 ὅτι
1182 1175 1316 1227 ὅπου
1363 1175 1396 1244 ή
1429 1173 1523 1225 τοῦ
1557 1172 1747 1242 ἄρχειν

143 1268 410 1338 δύναμις,
443 1270 562 1320 ἐκεῖ
587 1269 622 1338 ἡ
646 1267 740 1322 τοῦ
777 1267 916 1320 Θεοῦ
951 1265 1140 1322 εἰκών.

225 1472 248 1506 ε
290 1453 638 1527 ’Δρχέτωσαν
685 1452 792 1507 τῶν
849 1451 1066 1522 ἰχθύων.
1102 1469 1120 1503 ι
1183 1449 1407 1520 Πρῶτον
1457 1449 1593 1519 ἡμῖν
1637 1446 1742 1499 τῶν

142 1547 561 1618 ἀπῳκισμένων
592 1548 627 1618 ἡ
657 1545 799 1617 ἀρχὴ
829 1544 1005 1614 ἐδόθη.
1039 1544 1153 1596 Ούκ
1181 1539 1354 1605 εἶπεν,
1403 1542 1745 1611 Ἀρχέτωσαν

141 1638 258 1691 τῶν
287 1639 608 1710 συντρόφων
629 1637 802 1701 ζώων,
823 1635 958 1688 ἀλλά
983 1636 1092 1688 τῶν
1129 1635 1326 1704 ἰχθύων
1347 1652 1361 1665 ο
1395 1634 1614 1703 ἔνυδρος
1635 1632 1744 1703 γὰρ

142 1732 332 1786 αὐτῶν
361 1733 399 1802 ή
441 1732 642 1784 δίαιτα.
678 1729 798 1782 Τῶν
824 1726 918 1783 οὖν
943 1728 1140 1798 ἰχθύων
1172 1727 1328 1798 ἐδόθη
1369 1730 1503 1798 ἡμῖν
1531 1730 1562 1797 ἡ
1602 1725 1743 1797 ἀρχὴ

136 1827 394 1896 πρῶτον.
458 1824 568 1878 Καὶ
613 1822 730 1886 πῶς
777 1821 886 1874 τῶν
933 1821 1130 1892 ἰχθύων
1178 1821 1470 1891 ἅρχομεν;
1639 1835 1744 1871 που

143 1921 324 1987 ἔγνως
351 1918 544 1972 ἑαυτὸν
576 1921 632 1971 ὲν
653 1917 821 1989 λίμνῃ
849 1914 1262 1986 παραφανέντα,
1282 1913 1397 1978 πῶς
1430 1915 1462 1984 ή
1495 1913 1624 1972 σκιά
1650 1929 1744 1965 σου

144 2012 331 2064 πάντα
363 2009 675 2079 διεπτόησε.
718 2007 815 2069 Τίς
847 2004 1021 2068 οῦτως
1053 2004 1324 2074 δεσπότης
1367 2004 1542 2067 οἰκίας
1584 2005 1743 2076 θορυ-

141 2099 421 2169 ϐουμένου
444 2097 539 2150 τοῦ
571 2098 721 2150 οἴκου
760 2095 974 2167 ἀθρόως
1007 2093 1240 2158 ἐπιστὰς
1284 2094 1519 2165 ἡσυχίαν
1556 2096 1742 2166 ἐποίη-

143 2210 234 2254 σε,
262 2193 356 2246 καὶ
402 2191 582 2244 πάντα
614 2189 910 2261 μετέϐαλεν
951 2189 1032 2252 εἰς
1051 2187 1347 2257 εὐκοσμίαν
1375 2189 1440 2258 τῇ
1471 2190 1745 2260 παρουσία

139 2286 245 2338 τοῦ
288 2282 648 2354 κρατοῦντοςς
705 2282 828 2344 Πῶς
867 2283 1018 2335 πᾶσα
1060 2282 1093 2351 ή
1143 2280 1363 2351 ἔνυδρος
1396 2281 1574 2344 κτίσις
1623 2284 1746 2335 ἑπι-

135 2378 412 2447 φανέντος
435 2378 552 2439 ἐνὸς
580 2374 888 2446 ἀνθρώπου,
922 2373 1248 2444 μεταϐάλλει
1277 2375 1337 2426 τὸ
1365 2374 1584 2444 σχῆμας
1615 2375 1744 2428 οὑκ-

135 2473 232 2524 ἐτι
269 2471 368 2540 τὴν
403 2469 693 2539 ἐλευθέραν
724 2453 835 2537 ἕχει
863 2466 1162 2536 διαγωγὴν,
1191 2466 1252 2519 οὐ
1277 2465 1451 2538 τολμᾷ
1487 2467 1745 2537 ἐπινήξα-

142 2563 280 2616 σθαι
310 2564 424 2624 τοῖς
456 2559 647 2622 νώτοις
677 2560 775 2628 τῆς
799 2559 1074 2628 θαλάσσης
1099 2557 1133 2628 ἢ
1163 2558 1262 2628 τῆς
1290 2556 1506 2627 λίμνης.
1549 2557 1606 2610 'U
1627 2557 1743 2610 δελ-

140 2657 240 2721 φὶς
264 2656 395 2708 ὅταν
413 2671 514 2707 που
539 2653 764 2721 πλησίον
785 2651 1068 2722 ἄνθρωπον
1089 2650 1218 2704 ὄντα
1259 2650 1541 2720 θεάσηται,
1565 2651 1741 2704 καίτοι

134 2747 335 2814 δελφίς
378 2747 493 2798 ἐστι
534 2745 644 2798 τῶν
686 2743 898 2812 νηκτῶν
934 2745 964 2796 ὀ
1012 2741 1454 2813 βασιλικώτατος,
1489 2743 1736 2796 αἰδεῖται.

1861 625 2253 695 mancipatum.
2285 627 2516 697 teipsum
2569 640 2751 686 autem
2789 641 3206 705 temperantem,
3250 654 3436 694 nonne

1859 715 2142 788 intelligis,
2173 727 2228 773 te
2260 720 2482 775 nomine
2521 722 2789 779 duntaxat
2839 741 2965 784 esse
3005 743 3244 793 servum,
3277 730 3432 785 illum

1854 819 2048 865 contra
2095 813 2317 869 nomine
2351 821 2562 869 tantum
2617 818 2780 887 potiri
2817 817 3122 887 dominatu,
3161 838 3222 878 re
3248 831 3432 880 autem

1856 901 1909 954 in
1976 903 2308 972 gravissima
2362 906 2627 962 servitute
2685 909 2969 965 detineri?
3033 912 3183 968 illum
3249 924 3432 970 scorto

1854 993 2188 1060 devinctum,
2222 1005 2277 1048 et
2325 994 2651 1052 obstrictum
2697 1001 2900 1065 cernis,
2931 1013 2984 1056 tu
3015 1012 3194 1059 autem
3247 1015 3430 1060 scorta

1854 1083 2094 1152 despicis
2124 1091 2287 1153 atque
2326 1087 2664 1156 aspernaris.
2695 1088 2882 1160 Itaque
2912 1100 2966 1145 tu
2994 1095 3429 1162 perturbationis

1855 1174 2112 1231 dominus
2144 1192 2224 1238 es,
2255 1179 2345 1233 ille
2385 1181 2751 1250 voluptatum,
2783 1200 2906 1254 quae
2951 1187 3050 1243 abs
3105 1194 3157 1244 te
3201 1189 3430 1246 devictae

1855 1275 2003 1329 sunt,
2023 1283 2236 1324 servus.
2276 1287 2294 1321 ι
2317 1269 2605 1327 Faciamus
2627 1289 2756 1344 ergo
2779 1275 3077 1344 hominem,
3101 1287 3154 1334 et
3178 1281 3382 1350 praesit.
3405 1301 3423 1335 ι

1859 1356 1956 1412 Ubi
1986 1367 2070 1412 est
2103 1361 2405 1432 imperandi
2433 1364 2538 1429 vis,
2568 1365 2678 1422 illic
2708 1377 2762 1422 et
2783 1369 2962 1442 imago
2996 1369 3112 1426 Dei.

1925 1471 1945 1504 ι
1970 1451 2162 1508 Praesit
2187 1457 2447 1524 piscibus.
2475 1478 2494 1510 ι
2537 1457 2780 1516 Primum
2815 1462 2976 1517 nobis
2998 1464 3184 1519 datum
3209 1474 3293 1522 est
3324 1467 3431 1520 im-

1780 1522 1821 1578 n
1851 1544 2060 1612 perium
2079 1547 2130 1599 in
2149 1562 2233 1607 ea,
2262 1564 2382 1617 quae
2409 1549 2744 1608 habitatione
2770 1568 2800 1607 a
2831 1554 2990 1612 nobis
3008 1556 3256 1626 sejuncta
3275 1567 3426 1616 sunt.

1848 1636 1964 1691 Non
1993 1638 2128 1692 dixit
2161 1681 2176 1704 ,
2207 1639 2403 1697 Praesit
2434 1644 2824 1712 animantibus,
2854 1663 2976 1717 quae
2999 1649 3162 1703 simul
3185 1666 3310 1706 cum
3349 1651 3431 1722 ip-

1847 1743 1910 1782 so
1942 1737 2071 1783 sunt
2099 1729 2354 1795 educata,
2389 1731 2484 1788 sed
2509 1734 2775 1804 piscibus,
2819 1736 2915 1806 qui
2967 1737 3132 1791 vitam
3175 1736 3230 1793 in
3271 1743 3429 1812 aquis

1847 1821 2072 1889 degunt.
2112 1819 2298 1878 Primo
2345 1823 2513 1894 igitur
2544 1825 2702 1880 nobis
2737 1827 2793 1881 in
2843 1828 3024 1896 pisces
3048 1830 3309 1886 traditum
3345 1843 3430 1887 est

1849 1914 2160 1985 imperium.
2199 1915 2486 1981 Quomodo
2517 1925 2702 1974 autem
2754 1920 3000 1990 piscibus
3051 1921 3430 1992 imperamus?

1847 2006 1902 2060 Si
1936 2017 2155 2076 propter
2189 2007 2368 2062 laeum
2400 2008 2636 2078 aliquem
2675 2013 3032 2081 conspiceris,
3085 2014 3242 2070 facile
3271 2026 3427 2086 potes

1847 2100 2309 2167 animadvertere,
2342 2102 2620 2171 quomodo
2663 2103 2730 2158 ad
2777 2105 3022 2160 umbram
3057 2117 3205 2162 tuam
3233 2124 3428 2166 omnes

1847 2189 2121 2261 trepident
2153 2206 2218 2247 ac
2264 2193 2718 2249 contremiscant.
2773 2193 2908 2261 Quis
2947 2196 3118 2254 herus
3164 2197 3426 2256 familiam

1848 2280 2275 2336 tumultuantem
2326 2280 2476 2336 domi
2526 2292 2752 2351 repente
2784 2283 3094 2342 consistens
3141 2289 3216 2340 ita
3247 2289 3424 2353 sedat,

1846 2374 2248 2444 praesentiaque
2284 2389 2384 2429 sua
2430 2386 2630 2430 cuncta
2683 2375 2738 2429 in
2793 2375 3044 2432 ordinem
3106 2380 3320 2450 redigit,
3367 2390 3427 2435 ut

1845 2467 2164 2522 universum
2225 2467 2533 2520 natantium
2609 2482 2785 2538 genus
2845 2468 2912 2523 ad
2975 2470 3138 2530 unius
3189 2472 3427 2528 hominis

1845 2566 2128 2627 aspectum
2177 2557 2406 2629 figuram
2465 2567 2662 2624 mutat,
2717 2568 2778 2613 ut
2822 2575 2934 2616 non
2987 2564 3224 2633 amplius
3256 2566 3428 2623 libere

1841 2651 2058 2722 degere,
2087 2668 2190 2708 nec
2211 2669 2305 2722 per
2329 2653 2497 2708 maris
2522 2654 2742 2710 lacusve
2767 2671 3014 2714 summas
3038 2658 3214 2714 undas
3236 2668 3428 2714 natare

1843 2744 2092 2798 audeat?
2117 2743 2419 2814 Delphinus
2445 2745 2584 2814 ipse,
2617 2747 2708 2816 qui
2737 2748 2886 2802 inter
2912 2748 3195 2814 animalia,
3226 2767 3348 2820 qua:
3370 2753 3425 2806 in

143 2840 338 2902 0510-;
373 2838 529 2907 £66011
555 2837 631 2906 τῷ
659 2835 930 2907 ἀνθρώπῳ
959 2837 992 2906 ή
1019 2836 1158 2890 κατὰ
1189 2836 1296 2888 τῶν
1327 2834 1542 2906 νηκτῶν
1569 2835 1736 2906 ἀρχή.

1847 2836 2001 2906 aquis
2029 2835 2254 2906 degunt,
2291 2837 2586 2907 plurimum
2629 2847 2832 2909 potest,
2871 2840 3148 2898 hominem
3183 2853 3424 2905 veretur.

145 2935 324 2986 Ὅταν
352 2932 410 2984 δὲ
435 2930 550 3001 ἴδῃς
585 2927 812 2990 σεαυτοῦ
840 2929 933 2981 τὸν
960 2927 1218 2997 λογισμὸν
1243 2927 1462 2980 πάντων
1486 2926 1742 2995 διήκοντα

143 3023 241 3076 καὶ
273 3021 495 3074 πάντων
525 3018 850 3090 κρατοῦντα,
883 3017 1000 3082 πῶς
1027 3019 1146 3087 οὐχὶ
1171 3017 1280 3071 τῶν
1307 3017 1490 3088 κητῶν
1515 3019 1740 3089 ἀρχειςς

141 3112 310 3170 Εἶδον
343 3112 457 3180 ἐγὼ
488 3113 730 3165 ἐπίνοιαν
776 3109 1148 3180 ἀνθρωπίνην,
1177 3111 1257 3163 ὃτι
1295 3110 1540 3164 ποιοῦσιν
1577 3110 1742 3179 ἀγκί-

139 3226 331 3280 στρων
371 3206 536 3259 τινῶν
577 3206 946 3277 κατασκευὴν,
997 3207 1091 3258 καὶ
1120 3206 1328 3266 τούτοις
1361 3204 1742 3269 ἐπιϐάλλοντες

135 3301 496 3370 δελεάσματα
554 3298 845 3370 σύμμετρα
912 3296 992 3367 τῷ
1059 3296 1280 3367 μεγέθει
1337 3297 1448 3349 τῶν
1501 3315 1740 3352 καταπι-

138 3395 350 3446 νόντων
377 3391 582 3459 κητῶν.
611 3387 747 3445 Εἶτα
766 3391 874 3443 τῶν
904 3389 1091 3461 ἄκρων
1110 3389 1337 3442 ἐκείνων
1361 3388 1471 3442 τῶν
1493 3388 1743 3459 σχοινίων

139 3477 219 3536 ὧν
255 3484 608 3554 ἀπήρτηνται
641 3483 696 3534 αί
732 3480 1018 3550 ἀγκιστροι
1061 3479 1206 3532 κατά
1244 3480 1306 3532 τὸ
1347 3479 1534 3550 ἕτερον
1567 3480 1743 3550 πέρας

142 3576 354 3638 ἀσκοὺς
401 3573 680 3642 πνεύμασι
717 3572 1084 3634 διατείναντες
1133 3573 1228 3625 καὶ
1259 3571 1590 3642 ἐκδήσαντες
1629 3571 1742 3624 τῶν

143 3667 338 3737 ἄκρων
389 3665 653 3730 ἐκείνων,
689 3667 1000 3736 μετεώρους
1046 3663 1272 3733 ἀφίασιν
1311 3662 1476 3734 ὓπερ,
1509 3664 1604 3716 ἐπὶ
1644 3662 1740 3716 τοῦ

145 3759 446 3826 πελάγους.
523 3757 843 3828 Ἑνεχθέντα
901 3757 1080 3810 τοίνυν
1135 3755 1208 3808 τά
1257 3755 1426 3826 ἄγρια
1453 3757 1594 3827 κήτη
1629 3757 1744 3817 τοῖς

145 3850 510 3919 δελεάσμασι,
543 3849 637 3902 καὶ
664 3849 733 3901 τὰ
761 3850 1036 3920 ἄγκιστρα
1067 3847 1161 3916 ἀφ’
1197 3847 1404 3900 ἑαυτῶν
1446 3847 1738 3917 δεξάμενα,

149 3943 305 4012 σύρει
342 3942 444 4012 μὲν
490 3943 617 4004 τοὺς
643 3943 844 4005 ἀσκοὺς
893 3943 975 4003 είς
1039 3941 1101 3993 τὸ
1166 3939 1350 4009 βάθος.
1417 3937 1480 3991 'H
1527 3939 1584 3992 δὲ
1632 3939 1741 3992 τῶν

148 4033 335 4086 ἀσκῶν
368 4031 533 4100 φύσις
560 4032 850 4102 ἀνωφερὴς
881 4027 1038 4093 οὖσα,
1068 4030 1229 4083 πάλιν
1257 4029 1506 4083 ἀνθέλκει
1538 4031 1618 4092 εἰς
1644 4029 1742 4100 τὴν

152 4124 504 4192 ἐπιφάνειαν,
538 4123 634 4174 καὶ
654 4122 1065 4194 ἐμπεπαρμένα
1089 4124 1156 4192 τῇ
1188 4122 1294 4192 ἰδίᾳ
1316 4124 1490 4192 τροφῇ
1515 4121 1627 4175 ἀνω
1646 4121 1742 4174 καὶ

1843 2942 1898 2983 et
1935 2929 2211 2984 observat.
2240 2928 2332 2984 Sic
2358 2929 2565 2985 homini
2595 2932 2649 2986 in
2674 2946 2739 2987 ea
2767 2932 2929 2990 datus
2951 2943 3036 2991 est
3057 2937 3424 3008 principatus.

1844 3021 2006 3086 Quid,
2043 3036 2170 3075 cum
2204 3021 2420 3077 ratione
2453 3023 2521 3078 ad
2556 3023 2648 3079 illa
2681 3025 2920 3091 accedis,
2944 3037 3001 3083 et
3031 3029 3216 3084 omnia
3263 3047 3429 3102 supe-

1845 3131 1958 3178 ras,
1985 3131 2166 3170 nonne
2193 3116 2302 3171 illis
2323 3115 2631 3173 dominaris
2656 3118 2679 3171 ?
2718 3119 3093 3176 Animadverti
3132 3137 3232 3194 ego
3256 3126 3430 3181 soler-

1847 3209 1974 3260 tiam
2027 3208 2348 3272 hominum,
2399 3211 2493 3280 qui
2548 3211 2725 3266 hamis
2787 3213 2856 3268 ad
2909 3223 3064 3270 cetos
3131 3217 3428 3286 capiendos

1843 3298 2130 3360 confectis,
2159 3312 2321 3371 atque
2357 3317 2483 3357 esca
2515 3318 2615 3371 pro
2644 3304 2858 3359 ratione
2906 3307 3304 3376 magnitudinis
3330 3325 3428 3365 eo-

1845 3407 1965 3445 rum
1996 3392 2418 3464 degluticntium
2456 3396 2694 3464 adjecta,
2722 3398 2957 3454 summis
3011 3399 3122 3454 illis
3179 3398 3426 3462 funibus,

1843 3485 2049 3552 quibus
2089 3486 2235 3540 hami
2286 3488 2538 3556 suspensi
2569 3497 2720 3554 sunt,
2765 3499 2916 3544 utres
2961 3506 3027 3544 ex
3056 3491 3229 3546 altera
3273 3504 3429 3561 parte

1843 3589 2006 3630 vento
2039 3575 2229 3646 plenos
2291 3577 2536 3646 alligant,
2593 3593 2801 3648 eosque
2853 3579 3093 3649 pensiles
3135 3581 3429 3636 demittunt

1844 3681 2008 3734 super
2039 3682 2211 3721 mare.
2262 3666 2334 3722 At
2379 3668 2639 3724 immania
2685 3677 2807 3725 cete
2860 3670 3055 3726 hamos
3086 3672 3251 3728 simul
3299 3688 3426 3728 cum

1842 3772 1970 3812 esca
1999 3757 2380 3828 deglutientia,
2413 3769 2564 3816 utres
2599 3760 2820 3830 quidem
2855 3763 2912 3816 in
2949 3762 3282 3831 profundum
3315 3772 3430 3817 tra-

1845 3846 2004 3911 hunt,
2035 3862 2250 3912 verum,
2275 3864 2399 3902 cum
2427 3865 2490 3904 ea
2519 3852 2592 3904 sit
2623 3853 2828 3906 utrium
2860 3860 3080 3916 natura,
3113 3861 3175 3906 ut
3202 3869 3424 3908 sursum

1843 3939 2097 4003 tendant,
2132 3955 2354 3996 rursum
2377 3941 2446 3995 ad
2471 3943 2640 3998 maris
2670 3944 3016 4014 superficiem
3041 3945 3426 4004 retrahuntur.

1843 4040 2048 4088 etcum
2107 4049 2208 4088 suo
2246 4034 2462 4090 conﬁxa
2511 4037 2850 4092 nutrimento
2902 4052 3122 4092 sursum
3166 4045 3224 4093 et
3267 4038 3428 4093 deor-

1843 4141 1965 4180 sum
2022 4127 2453 4193 tumultuantur,
2513 4129 2830 4199 jactataque
2890 4132 3312 4200 obstupescunt,
3371 4140 3429 4184 et

148 4217 300 4270 κάτω
376 4214 780 4284 μαιμάσσοντα,
841 4214 935 4266 καὶ
993 4211 1310 4266 ἀλλοιοῦντα
1357 4214 1483 4275 τοὺς
1541 4211 1738 4281 βυθοὺς

1847 4217 2008 4273 modo
2042 4219 2168 4283 hoc,
2204 4219 2369 4274 modo
2422 4220 2550 4274 illoc
2603 4221 2967 4275 dimetiuntur
3015 4235 3186 4285 mare,
3226 4221 3423 4282 donec,

148 4308 515 4378 διερευνᾶται.
568 4305 789 4376 Πελάγη
837 4306 1091 4375 πελαγῶν
1125 4308 1454 4378 ἀναμετρεῖ,
1505 4306 1598 4358 καὶ
1649 4304 1742 4358 τὸν

151 4400 318 4454 πολὺν
348 4400 504 4452 τόνον
533 4397 814 4468 ἄπρακτον
843 4397 988 4468 ἕχον,
1013 4397 1324 4451 τελευταίον
1355 4395 1433 4466 τῷ
1457 4395 1741 4468 ἀγκίστρῳ

154 4493 347 4560 ἐκείνῳ
379 4489 656 4561 ἁλώσιμον
697 4490 951 4558 vivs-cat,
997 4489 1077 4562 τῷ
1125 4490 1273 4558 πόνῳ
1304 4488 1618 4559 δαμασθὲν,
1663 4487 1741 4559 τῷ

151 4582 293 4654 λιμῷ
320 4581 725 4652 καταπονηθὲν,
753 4583 948 4653 νεκρὸν
979 4582 1120 4652 μετά
1149 4581 1258 4633 τῶν
1293 4581 1480 4634 ἀσκῶν
1509 4580 1740 4651 συρόμε-

152 4694 258 4739 νον,
288 4675 519 4745 θήραμα
541 4675 746 4743 γίνεται
776 4674 855 4744 τῷ
876 4673 1090 4746 θηρατῇ
1109 4690 1122 4703 ·
1144 4673 1224 4743 τῷ
1255 4672 1458 4744 μικρῷ,
1489 4673 1549 4725 τὸ
1577 4672 1736 4741 μέγα·

155 4765 228 4834 τῷ
253 4765 500 4829 ἀσθενεῖ,
527 4765 592 4818 τὸ
619 4765 872 4819 ἄπλετον.
896 4765 995 4820 Διά
1029 4767 1082 4818 τί
1104 4781 1118 4829 ;
1148 4765 1230 4818 ὃτι
1263 4769 1330 4836 τῇ
1359 4764 1454 4816 τοῦ
1477 4763 1738 4834 λογισμοῦ

154 4857 443 4930 περιουσίᾳ
487 4857 715 4928 δύναμιν
756 4856 850 4910 τοῦ
897 4857 1088 4927 ἄρχειν
1136 4856 1318 4912 λαϐὼν
1345 4896 1360 4917 .
1417 4856 1492 4919 ώς
1534 4856 1740 4919 κακοὺς

152 4952 424 5021 δραπέτας
465 4950 600 5021 πρὸς
635 4950 922 5020 ἀκρίϐειαν
955 4949 1077 5019 ἄγει
1112 4951 1238 5012 τοὺς
1272 4949 1697 5012 ἀπειθεστάτους
1722 4965 1737 4979 ·

153 5042 275 5104 τοὺς
324 5041 402 5109 μὴ
450 5040 782 5111 δυναμένους
835 5041 904 5093 δι’
944 5041 1282 5112 ἡμερότητος
1339 5039 1738 5111 προσαχθῆναι,

154 5132 371 5195 τούτους
393 5133 484 5186 διά
507 5133 608 5202 τῆς
639 5133 886 5202 ἀνάγκης
910 5131 1211 5186 δουλοῦται.
1241 5130 1429 5194 Οῦτως
1461 5129 1738 5200 πανταχοῦ

154 5228 186 5296 ἡ
213 5225 306 5278 τοῦ
333 5227 524 5296 ἄρχειν
549 5226 776 5296 δύναμις
806 5227 960 5297 παρά
985 5227 1081 5280 τοῦ
1107 5225 1392 5288 κτίσαντος
1411 5225 1738 5297 ἐγγινομένη

153 5319 227 5389 τῷ
258 5319 534 5390 ἀνθρώπῳ
566 5321 821 5391 ὑπάρχει.
869 5321 1152 5375 Ἐντεῦθεν
1183 5321 1390 5389 Ξιφίαι,
1425 5322 1520 5375 καὶ
1543 5321 1740 5387 Ζύγαι-

154 5426 260 5469 vat,
292 5409 387 5462 καὶ
413 5408 698 5473 ⁴ιἰίλαιναι,
730 5409 826 5465 καὶ
857 5411 1107 5482 Πρίονες,
1139 5410 1233 5463 καὶ
1259 5409 1402 5480 βόες,
1436 5410 1532 5464 καὶ
1559 5410 1740 5466 πάντα

157 5501 336 5553 έκεῖνα
388 5500 458 5554 τὰ
508 5500 716 5572 φοϐερά
757 5501 864 5554 τῶν
920 5502 1104 5557 κητῶν
1138 5503 1400 5574 ὀνόματα,
1450 5503 1738 5574 ὑποχείρια

155 5592 340 5660 γέγονε
376 5592 454 5662 τῷ
485 5593 778 5661 ἀνθρώπῳ.

452 5685 533 5743 ΡΑ
548 5701 732 5743 non.
783 5686 901 5746 Gn.
948 5687 1007 5746 Χ
1021 5685 1172 5747 LIV.

1844 4310 2020 4364 multo
2054 4309 2263 4366 frustra
2305 4313 2494 4368 labore
2526 4321 2880 4383 consumpto,
2916 4313 3129 4370 defessa
3176 4313 3426 4382 fameque

1843 4403 2072 4468 domita,
2125 4412 2292 4474 atque
2341 4405 2518 4460 hamis
2568 4407 2964 4474 comprehensa
2999 4405 3218 4462 tandem
3278 4407 3424 4461 occi-

1842 4498 2000 4562 dunt,
2030 4506 2084 4551 et
2119 4512 2243 4551 cum
2265 4497 2480 4552 utribus
2505 4498 2820 4562 trahuntur,
2848 4507 2903 4551 et
2933 4501 3213 4552 venatoris
3238 4495 3422 4566 prmia

1843 4589 2001 4653 fiunt,
2044 4589 2356 4658 ceduntque
2394 4603 2563 4657 parvo
2587 4589 2837 4658 grandia,
2862 4589 3138 4643 imbecillo
3160 4589 3418 4642 valentia.

1842 4681 1986 4748 Quid
2035 4682 2156 4735 ita?
2209 4680 2480 4747 Quoniam
2542 4683 2608 4744 is,
2675 4681 2766 4749 qui
2813 4681 3044 4735 rationis
3089 4682 3419 4750 praestantia

1841 4772 2177 4825 dominatum
2208 4778 2294 4826 est
2345 4781 2650 4832 assecutus,
2713 4780 2975 4840 tanquam
3021 4773 3293 4839 mancipia
3326 4788 3422 4825 ne-

1839 4876 2032 4930 quam,
2063 4877 2128 4915 ac
2158 4859 2389 4931 fugitiva
2414 4877 2510 4933 per
2538 4863 2647 4916 vim
2677 4863 2744 4916 ad
2771 4863 3008 4917 ofﬁcium
3040 4872 3278 4925 revocat,
3299 4879 3423 4932 quae

1842 4953 1954 5006 alio
1983 4955 2158 5022 lpacto
2187 4953 2391 5009 adduci
2445 4969 2557 5008 non
2607 4955 2939 5024 potuissent,
3001 4963 3059 5010 ut
3097 4970 3222 5010 cum
3273 4957 3420 5010 ultro

1841 5060 2038 5116 parere
2079 5047 2382 5114 noluerint,
2435 5048 2749 5104 necessario
2809 5048 3071 5103 serviant.
3130 5049 3283 5105 Adeo
3336 5051 3421 5104 vis

1843 5138 2147 5207 imperandi
2178 5154 2208 5193 a
2243 5138 2354 5196 Deo
2403 5140 2610 5196 homini
2647 5141 2810 5197 insita
2849 5151 2904 5197 et
2932 5142 3171 5214 ingenita
3214 5141 3419 5212 ubique

1840 5237 2012 5300 patet.
2047 5229 2122 5284 Ex
2175 5247 2285 5302 quo
2338 5233 2414 5298 fit,
2465 5240 2526 5287 ut
2575 5234 2623 5288 ei
2659 5242 2713 5287 et
2764 5233 2960 5304 xiphia:
2994 5249 3089 5287 seu
3130 5232 3320 5303 gladii,
3363 5239 3421 5287 et

1843 5338 2094 5392 zygaznaa,
2127 5335 2180 5380 et
2236 5324 2480 5388 balaena,
2510 5336 2566 5380 et
2596 5340 2781 5389 serra,
2827 5334 2882 5379 et
2905 5326 3061 5378 vituli
3116 5322 3336 5389 marini,
3365 5331 3420 5376 ct

1842 5409 2053 5482 reliqua
2079 5412 2340 5468 terribilia
2373 5421 2617 5470 cetorum
2653 5430 2853 5485 genera
2892 5415 3140 5484 subjecta
3173 5413 3304 5469 sint.

3051 5690 3091 5748 9
