3886 6214
455 175 554 231 ξϐἹ

1685 165 1741 221 S.
1783 159 2111 221 GREGORll
2149 161 2440 222 NYSSENI

3596 163 3700 221 288

532 314 549 345 ι
573 293 764 348 Ριιωείι
783 292 1024 363 piscibus
1043 289 1233 354 muris,
1257 299 1312 343 et
1339 288 1531 343 bestiis
1552 295 1732 342 terra.
1757 308 1775 339 ι
1802 289 2031 343 Gravem

2218 308 2236 341 ι
2285 289 2625 360 Ἀρχέτωσαν
2658 285 2766 340 τῶν
2797 283 2994 355 ἰχθύων
3025 284 3123 355 τῆς
3151 282 3444 354 θαλάσσης,
3475 283 3567 337 καὶ
3593 282 3701 337 τῶν

454 401 518 440 ac.
545 385 881 440 frendentem
931 383 1144 436 leonem
1196 395 1306 434 non
1342 381 1569 450 aspicis,
1611 381 1772 447 cujus
1802 380 1884 433 vel
1929 394 2030 432 no-

456 492 580 530 men
620 477 796 545 ipsum
843 472 974 528 ferri
1023 487 1136 527 non
1174 479 1373 541 potest,
1413 470 1776 540 fremitusque
1827 479 2028 524 terram

456 565 798 621 tremefacit?
833 563 1054 633 Ecqnod
1093 571 1309 616 tantum
1345 569 1430 616 est
1467 562 1654 624 robur,
1681 571 1738 614 ut
1767 561 2030 630 impetum

454 659 575 726 ejus
621 665 785 724 queat
824 653 1136 720 sustinere?
1175 651 1390 704 Nullum
1441 650 1644 704 animal
1687 660 1796 704 tam
1821 650 2030 704 viribus

454 747 682 802 conﬁdit
721 747 870 809 suis,
909 755 968 798 ut
1014 743 1190 797 leonis
1223 743 1330 795 vim
1363 741 1607 812 perferre
1640 741 1837 811 possit.
1873 740 2030 793 Atta-

455 851 579 890 men
616 836 766 889 illum
803 835 857 888 in
892 846 1060 902 parvo
1109 830 1320 884 vivario
1370 829 1643 882 inclusum
1689 828 1862 882 vides.
1896 827 2030 894 Quis

456 930 635 998 ipsum
665 926 936 986 cohibuit,
983 938 1047 977 ac
1087 921 1339 976 domuit?
1376 921 1510 986 Quis
1537 923 1792 991 exiguum
1826 921 2030 991 ingenti

455 1019 678 1073 animali
725 1031 1004 1071 carcerem
1061 1013 1422 1083 excogitavit?
1472 1011 1608 1080 Quis
1651 1027 1808 1066 raros
1852 1029 2031 1068 cavea:

454 1118 646 1182 ligneae
689 1112 965 1167 cancellos
991 1111 1265 1166 exstruxit
1295 1108 1444 1170 ferae,
1475 1121 1586 1177 quo
1618 1108 1932 1176 respiraret,
1964 1122 2032 1161 ne

454 1224 556 1264 suo
596 1211 712 1277 ipsa
744 1204 988 1260 anhelitu
1029 1201 1412 1264 sull'ocaretur,
1458 1201 1553 1254 sed
1588 1199 1758 1253 libere
1792 1200 2028 1252 animam

453 1301 703 1360 duceret,
745 1309 1053 1365 secureque
1099 1292 1359 1363 degeret?
1403 1291 1565 1361 quis?
1597 1307 1780 1346 nonne
1829 1291 2030 1345 homo?

454 1391 506 1446 ls
565 1388 898 1445 saevissimas
957 1399 1208 1456 quasque
1267 1381 1413 1438 feras
1469 1383 1577 1437 sibi
1630 1381 1817 1435 ludum
1877 1381 2027 1436 facit.

453 1483 648 1539 Nonne
692 1480 988 1552 pantheras
1039 1474 1219 1530 illudit
1253 1473 1464 1544 objecta
1509 1474 1722 1537 charta,
1760 1473 2028 1543 depictam

454 1576 696 1632 hominis
730 1573 965 1643 speciem
1003 1567 1361 1639 praeferente?
1387 1565 1495 1620 lllze
1529 1575 1836 1634 correptam
1868 1564 2029 1618 char-

453 1676 565 1722 tam
595 1669 913 1735 discerpunt
948 1680 962 1715 :
995 1661 1158 1714 homo
1196 1673 1330 1712 vero
1361 1655 1504 1712 infra
1541 1656 1757 1725 positus
1782 1656 2022 1710 ferarum

453 1762 740 1818 stultitiam
767 1757 996 1813 deridet.
1019 1750 1211 1809 Nonne
1234 1752 1402 1823 igitur
1429 1751 1687 1805 omnibus
1708 1748 2026 1804 antecellit?

453 1854 594 1922 Quid
631 1853 699 1907 de
727 1849 1048 1905 volucribus
1099 1844 1324 1901 dicam?
1369 1843 1425 1898 in
1459 1858 1587 1897 aera
1633 1857 1742 1896 non
1773 1840 2023 1895 ascendit

455 1941 642 2006 homo,
693 1959 804 1998 non
851 1943 996 1997 enim
1048 1940 1211 1995 habet
1253 1938 1419 1992 alas:
1454 1943 1510 1990 at
1557 1936 1736 1990 avium
1783 1935 2023 1989 volatum

452 2041 503 2090 vi
546 2035 778 2090 rationis
819 2031 1152 2102 assequitur.
1184 2027 1329 2083 Nihil
1370 2029 1516 2082 enim
1557 2027 1823 2081 rationem
1863 2040 2024 2080 coer-

452 2143 576 2184 cere
626 2135 826 2198 potest.
885 2123 1034 2188 Haec,
1085 2136 1208 2190 qua:
1254 2119 1308 2174 in
1361 2115 1806 2188 profundissimis
1850 2115 2024 2185 pelagi

453 2221 706 2292 partibus
752 2225 902 2283 sunt,
933 2219 1232 2271 scrutatur.
1264 2209 1509 2263 Venatur
1538 2223 1625 2272 ea,
1661 2223 1782 2278 quae
1822 2215 2024 2262 terram

453 2312 743 2368 incolunt:
775 2310 938 2379 capit,
986 2321 1108 2376 quae
1164 2310 1461 2358 versantur
1512 2301 1567 2354 in
1629 2314 1776 2353 aere.
1824 2296 2024 2353 Vidisti

454 2403 748 2476 aliquando
787 2403 841 2457 in
873 2413 1087 2457 summo
1119 2396 1336 2452 arboris
1376 2407 1529 2447 ramo
1567 2392 1890 2448 insidentem
1934 2406 2027 2444 vo-

454 2499 662 2552 lucrem
692 2506 965 2553 securam,
993 2497 1155 2558 atque
1181 2485 1428 2540 homines
1451 2491 1858 2553 aspernantem,
1885 2481 2026 2534 hanc

455 2597 638 2642 tamen
690 2598 826 2654 puer
863 2580 1058 2634 ludens
1101 2574 1538 2645 comprehendit.
1588 2572 1842 2628 Calamos
1879 2573 2024 2628 enim

452 2677 680 2733 calamis
709 2672 953 2741 subjicit,
981 2685 1187 2740 eosque
1215 2681 1458 2724 summos
1483 2665 1644 2721 illinit
1678 2665 1851 2721 visco.
1886 2662 2024 2720 Tum

456 2785 551 2841 per
579 2781 782 2830 ramos,
829 2780 893 2819 ac
937 2763 1068 2817 folia
1103 2762 1244 2816 clam
1294 2761 1366 2814 ita
1399 2759 1643 2828 disponit
1686 2767 1742 2814 et
1772 2759 1933 2823 locat,
1969 2766 2028 2812 ut

451 2863 664 2915 viscum
706 2873 815 2912 non
873 2861 1136 2926 appareat
1187 2853 1364 2908 oculis
1409 2852 1650 2907 volucris
1700 2851 1754 2904 in
1802 2850 2025 2906 sublimi

451 2949 730 3006 versantis
778 2968 792 3002 :

2133 382 2336 454 θηρίων
2367 382 2465 451 τῆς
2499 381 2622 450 γῆς.
2673 399 2691 431 ο
2732 379 2845 447 Οὐχ
2875 378 3007 447 όρᾷς
3049 376 3140 429 τὸν
3168 375 3354 429 λέοντα
3383 374 3475 428 τδν
3506 374 3696 445 βαρὺν,

2129 476 2221 528 τὸν
2265 472 2612 545 βρυχητικὺν,
2661 465 2724 525 οὗ
2765 471 2863 523 καὶ
2905 469 2964 521 τὸ
3004 469 3178 537 ὄνομα
3209 467 3498 536 ἀφόρητον,
3548 467 3644 518 καὶ
3673 466 3702 518 ὁ

2133 567 2377 640 βρυγμὸς
2408 565 2713 635 ὑπότρομον
2742 560 3003 632 ποιεῖτὴν
3032 561 3163 630 γῆν;
3185 551 3230 625 ᾧ
3258 558 3366 610 τίνι
3391 557 3540 610 ἐστὶν
3558 555 3703 611 οὕτω

2132 660 2386 731 φορητὸν,
2424 657 2564 711 ὥστε
2608 656 2783 728 ὁρμὴν
2816 653 2979 709 αὑτοῦ
3031 655 3353 722 ὑπομεῖναι;
3388 651 3543 706 οὐδὲν
3594 651 3704 705 τῶν

2132 752 2284 817 ζώων
2327 749 2561 820 τοσαύτῃ
2611 745 2836 800 πέποιθε
2881 745 3160 814 δυνάμεως
3214 741 3522 814 περιουσίᾳ,
3558 742 3703 795 ὥστε

2131 844 2428 915 ὑποστῆναι
2457 841 2633 912 ὁρμὴν
2669 839 2898 902 λέοντος.
2955 838 3092 890 Ἀλλ’
3126 838 3274 907 ὅμως
3317 837 3521 889 ἐκεῖνον
3568 835 3705 905 ὁρᾷς

2129 939 2188 990 ἐν
2219 934 2398 1008 μικρῷ
2431 932 2626 1003 ζὼγρῳ
2659 928 3202 998 κατακεκλεισμένον.
3230 929 3327 990 Τίς
3353 927 3382 977 ὸ
3410 926 3706 996 καθείρξας

2131 1030 2326 1093 αὐτόν;
2357 1028 2385 1080 ό
2422 1026 2484 1079 τό
2535 1025 2728 1096 μικρὸν
2773 1023 3144 1093 δεσμωτήριον
3186 1019 3265 1089 τῷ
3312 1019 3532 1089 μεγάλῳ
3579 1018 3708 1085 ζώῳ

2129 1121 2422 1190 ἐπινοήσας
2443 1136 2456 1184 ;
2482 1118 2564 1181 τίς
2587 1118 2616 1170 ό
2639 1119 2706 1188 τῇ
2733 1115 3013 1187 ἀραιότητι
3036 1112 3146 1165 τῶν
3173 1111 3455 1181 στημόνων
3478 1110 3708 1162 ἐκείνων

2129 1211 2236 1264 τῶν
2266 1209 2487 1276 ξυλίνων
2515 1208 2612 1278 τὴν
2639 1205 2911 1276 ἀναπνοὴν
2939 1204 3017 1274 τῷ
3049 1203 3224 1275 θηρίῳ
3254 1200 3708 1273 παρασκευάσας,

2128 1301 2203 1366 ὡς
2247 1301 2322 1372 μὴ
2362 1299 2654 1365 ἀποπνῖξαι
2699 1297 2831 1352 αὐτὸ
2873 1295 2951 1366 τῷ
2981 1295 3097 1366 ἰδίῳ
3135 1292 3396 1363 ἄσθματι,
3429 1291 3569 1346 ἀλλά
3609 1291 3712 1344 καὶ

2131 1392 2404 1460 ἀναπνοὴν
2438 1388 2740 1459 ἐλευθέριον
2776 1385 2925 1455 αὐτῷ
2960 1383 3117 1449 δοὺς,
3152 1383 3249 1435 καὶ
3275 1382 3374 1452 τὴν
3402 1379 3713 1448 ἀσφάλειαν

2129 1485 2578 1556 διοικησάμενοςς
2611 1480 2740 1546 Τίς;
2772 1478 2905 1549 Οὐχὶ
2933 1475 3248 1548 ἀνθρωπος;
3276 1473 3501 1541 παίγνια
3527 1473 3712 1524 ποιεί-

2132 1594 2221 1631 ται
2250 1575 2358 1628 τῶν
2386 1573 2590 1644 θηρίων
2628 1570 2696 1624 τὰ
2722 1566 3106 1640 χαλεπώτατα·
3137 1565 3239 1618 οὐκ
3267 1562 3568 1626 ἀποπαίζει
3595 1561 3714 1613 τῶν

2132 1666 2486 1739 παρδάλεων,
2543 1665 2672 1716 ὅταν
2716 1661 2976 1733 ὑποτείνῃ
3027 1659 3237 1730 χάρτην
3287 1659 3367 1720 εἰς
3416 1654 3714 1726 ἄνθρωπον

2131 1757 2634 1830 ἐσχηματισμένον;
2662 1755 2753 1808 καὶ
2781 1756 2814 1823 ὴ
2849 1755 2965 1824 μὲν,
2997 1752 3089 1804 τὸν
3126 1750 3332 1821 χάρτην
3371 1747 3712 1816 ἐσπάραξεν·

2129 1855 2158 1906 ό
2180 1853 2236 1906 δὲ
2269 1850 2552 1922 ἄνθρωπος
2581 1848 2731 1900 κάτω
2767 1846 3035 1916 κείμενος,
3067 1843 3167 1913 τῆς
3193 1841 3374 1904 ἀνοίας
3393 1839 3487 1893 τοῦ
3514 1838 3716 1909 θηρίου

2131 1942 2512 2012 κατεγέλασεν.
2549 1939 2624 1992 Οὑ
2655 1936 2939 2007 περιουσίᾳ
2973 1936 3190 1988 πάντων
3219 1933 3412 2002 κρατεῖ
3437 1933 3465 1983 ὁ
3494 1928 3716 2000 ἀνθρωο

2131 2051 2261 2099 πος;
2303 2032 2427 2095 Πῶς
2462 2031 2600 2082 είπω
2641 2044 2724 2080 σοι
2765 2027 2894 2095 περὶ
2931 2024 3038 2078 τῶν
3085 2021 3435 2091 πετομένων;
3485 2020 3569 2071 ὅτι
3609 2017 3718 2070 οὐκ

2132 2125 2406 2181 ἀναϐαίνει
2450 2123 2546 2194 μὲν
2571 2123 2600 2175 ό
2631 2119 2916 2189 ἄνθρωπος
2945 2119 3026 2178 εἰς
3060 2114 3150 2168 τὸν
3174 2113 3331 2184 ἀέρα·
3363 2111 3424 2165 οὐ
3451 2110 3560 2181 γάρ
3595 2109 3717 2180 ἔχει

2131 2219 2337 2289 πτεράο
2371 2211 2817 2285 συμπαρίπταται
2847 2208 2902 2261 δέ
2940 2208 3050 2268 τοῖς
3097 2205 3322 2274 πτηνοῖς
3357 2205 3422 2272 τῇ
3469 2199 3568 2254 τοῦ
3618 2199 3716 2253 νοῦ

2130 2313 2377 2381 δυνάμει.
2418 2306 2584 2361 Οὐδὲν
2622 2303 2840 2371 κατέχει
2889 2299 2978 2352 τὸν
3015 2295 3293 2366 λογισμόν.
3334 2293 3414 2347 Ta
3453 2295 3511 2348 ἐν
3564 2292 3716 2362 βυθῷ

2130 2401 2504 2474 διερευνᾶται,
2548 2395 2617 2449 τά
2659 2393 2798 2463 ὑπὲρ
2831 2390 2936 2460 γῆς
2973 2388 3227 2458 θηρᾶται,
3268 2384 3337 2438 τά
3380 2386 3437 2437 ἐν
3481 2381 3561 2452 τῷ
3591 2383 3712 2452 ἀέρι

2134 2487 2666 2564 προκαταλαμϐάνει.
2727 2479 2881 2546 Εἷδές
2943 2497 3071 2534 ποτε
3127 2479 3213 2532 ἐπ’
3277 2477 3449 2548 ἄκρου
3507 2475 3708 2528 κλάδον

2133 2584 2495 2654 καθεζόμενον
2551 2579 2737 2649 ὅρνεον
2801 2571 3118 2641 καταγελῶν
3184 2568 3293 2622 τῶν
3363 2565 3709 2636 ἀνθρώπων;

2133 2679 2360 2732 πέποιθε
2397 2673 2506 2746 γάρ
2545 2673 2612 2743 τῇ
2661 2667 2955 2746 κουφότητι
2989 2663 3084 2716 τοῦ
3128 2659 3364 2732 πτεροῦο
3404 2659 3521 2713 ἀλλ’
3553 2658 3711 2728 ὅμως

2133 2776 2280 2829 ἔστιν
2342 2745 2484 2825 ἰδεῖν
2525 2765 2690 2820 παῖδα
2727 2745 3030 2829 ἀδολεσχεῖν
3049 2800 3064 2822 ,
3109 2757 3387 2826 καλάμους
3443 2753 3714 2822 καλάμοις

2134 2861 2522 2920 ὑποϐάλλοντα,
2566 2856 2661 2910 καὶ
2694 2851 2836 2907 κατὰ
2866 2851 2927 2903 τὸ
2957 2849 3124 2919 ἀκρον
3152 2846 3260 2899 τῶν
3300 2843 3571 2914 καλάμων
3607 2840 3709 2906 ἰξὸν

845 2955 1011 3018 atque
1077 2945 1134 2998 in
1203 2945 1401 3014 exiguo
1450 2951 1709 2997 contactu
1767 2949 2023 3013 superat,

2136 2951 2607 3029 προσαρτήσαντα,
2646 2938 2764 2996 εἶτα
2803 2938 3172 3000 λανθανόντως
3213 2934 3302 2988 διὰ
3342 2933 3452 2986 τῶν
3498 2932 3716 2985 κλάδων

453 3045 885 3110 obstrictamque
919 3046 1067 3094 tenet
1100 3051 1244 3102 eam,
1293 3051 1417 3105 qua:
1453 3049 1632 3090 acrem
1659 3034 1871 3101 incolit,
1903 3047 2026 3103 quae

2136 3025 2226 3107 καὶ
2265 3045 2373 3100 τῶν
2406 3040 2618 3110 φύλλων
2643 3034 2914 3103 κλέψαντα
2957 3028 3052 3083 τοῦ
3099 3026 3211 3094 ἰξοῦ
3255 3027 3354 3097 τὴν
3385 3025 3714 3095 παρουσίαν,

454 3137 510 3190 in
553 3134 754 3188 aethere
794 3139 1043 3200 vagatur.
1099 3126 1244 3182 Infra
1294 3134 1480 3181 manet
1520 3126 1704 3193 homo,
1747 3126 1890 3180 infra
1943 3136 2028 3182 est

457 3228 608 3282 illius
635 3240 852 3286 manus,
887 3220 983 3277 sed
1012 3221 1133 3291 ejus
1161 3218 1412 3274 ascendit
1437 3219 1718 3288 cogitatio.
1743 3220 1921 3288 Atque
1953 3219 2027 3274 ita

454 3321 590 3374 nihil
623 3325 730 3376 est,
771 3314 836 3369 ad
868 3313 1013 3386 quod
1069 3313 1161 3366 ille
1204 3321 1321 3365 arte
1361 3325 1469 3364 non
1510 3311 1814 3380 perveniat.
1858 3312 2029 3366 Alites

456 3409 687 3472 retibus,
719 3407 1044 3477 sagittisque
1075 3405 1234 3474 petit,
1272 3409 1326 3457 et
1379 3417 1566 3458 earum
1602 3403 1874 3458 avidiores
1903 3418 2030 3458 esca

457 3503 648 3557 allicit.
674 3499 867 3555 Nonne
891 3497 1186 3568 aliquando
1224 3497 1410 3551 vidisti
1445 3497 1684 3566 aquilam
1728 3496 2030 3550 inhiantem

457 3598 670 3670 praedae,
718 3596 892 3667 plagis
943 3593 1183 3649 irretiri?
1238 3593 1330 3646 Sic
1386 3607 1508 3663 qua:
1539 3592 1727 3646 volatu
1774 3590 2030 3645 sublimia

457 3691 698 3762 petebat,
730 3689 985 3744 humanis
1021 3686 1292 3740 illecebris
1316 3683 1571 3738 deorsum
1610 3683 1868 3736 trahitur.
1903 3679 2032 3735 Om-

456 3784 548 3838 nia
593 3781 832 3837 hominis
872 3779 1058 3834 manui
1094 3777 1330 3847 subjecit
1360 3775 1524 3830 Deus.
1567 3774 1768 3829 Orbem
1811 3772 2032 3827 univer-

458 3891 579 3930 sum
611 3873 919 3943 complevit,
964 3881 1020 3928 et
1065 3871 1342 3924 hominem
1371 3867 1713 3938 principatus
1757 3873 2033 3936 expertem

457 3979 582 4020 esse
631 3963 827 4018 noluit.
877 3960 954 4016 Ne
1011 3960 1218 4015 dixeris
1278 3966 1332 4013 te
1381 3958 1450 4010 ab
1505 3957 1596 4020 iis,
1639 3969 1762 4024 qua:
1808 3956 1864 4008 in
1909 3969 2035 4008 aere

461 4063 775 4115 versantur,
816 4050 1087 4122 superari.
1120 4047 1352 4102 Ratione
1381 4045 1526 4099 enim
1559 4051 1614 4098 et
1653 4043 1746 4096 illa
1780 4041 1877 4096 tibi
1904 4041 2035 4096 sub—

458 4145 602 4217 iecta
641 4152 789 4208 sunt,
827 4145 968 4197 sicut
995 4155 1212 4201 eorum,
1247 4151 1367 4207 quae
1397 4151 1493 4206 per
1524 4144 1726 4190 terram
1771 4133 2035 4204 gradiun-

459 4248 551 4294 tur
583 4244 639 4292 et
671 4244 920 4305 serpunt,
968 4235 1180 4287 ratione
1209 4230 1464 4285 dominus
1502 4243 1583 4284 es.
1623 4227 1790 4283 Vides
1833 4229 1891 4282 in
1923 4243 2036 4298 quo

458 4329 728 4385 consistat
757 4335 808 4381 te
847 4326 1048 4380 factum
1076 4340 1200 4380 esse
1229 4321 1297 4377 ad
1329 4321 1621 4392 imaginem
1655 4318 1790 4375 Dei?

2128 3141 2221 3194 καὶ
2245 3125 2819 3203 ἀπομετεωριζόμενον
2845 3120 2906 3173 τὸ
2927 3119 3080 3189 ὄμμα
3107 3114 3200 3169 τοῦ
3228 3115 3414 3186 ὀρνέου
3441 3114 3714 3203 τηρήσας,

2133 3230 2302 3303 μικρᾷ
2333 3201 2670 3295 προσψαύσει
2703 3213 2973 3286 ἐκράτησε
3016 3209 3077 3263 τὸ
3119 3204 3480 3278 ἀεροποροῦν,
3517 3202 3583 3255 τὸ
3631 3201 3716 3255 διὰ

2129 3295 2474 3387 τοῦ-αἰθέρος
2511 3310 2810 3381 φερόμενον
2851 3302 3087 3374 πτηνὸν,
3117 3300 3336 3370 δέσμιον
3385 3295 3480 3367 ἰξῷ
3511 3297 3716 3366 ἢγαγε.

2131 3414 2301 3466 Κάτω
2326 3410 2500 3461 κεῖται
2523 3400 2828 3472 ἄνθρωπος,
2861 3397 2955 3450 καὶ
2979 3396 3012 3466 ἡ
3037 3393 3158 3464 χεὶρ
3189 3393 3363 3455 κάτω,
3395 3389 3508 3442 ἀλλ’
3531 3391 3570 3459 ὴ
3601 3387 3718 3440 διά-

2131 3520 2250 3556 νοια
2283 3496 2581 3558 ἀναϐαίνει,
2618 3491 2713 3546 καὶ
2741 3489 2828 3542 διὰ
2873 3489 2972 3559 τῆς
3015 3487 3210 3556 τέχνης
3258 3482 3456 3552 ἐφικτὰ
3503 3481 3726 3549 γίνεται

2136 3593 2214 3664 τῷ
2239 3588 2512 3660 ἀνθρώπῳ
2541 3585 2737 3638 πάντα.
2768 3581 2970 3633 Δίκτυα
2999 3578 3212 3630 ἵσταται
3246 3576 3567 3645 πτερωτοῖς.
3616 3573 3725 3623 Το-

2136 3684 2284 3750 ξόται
2316 3681 2423 3734 τῶν
2458 3675 2770 3746 πετομένων
2809 3669 3305 3740 καταστοχάζονται
3327 3708 3343 3731 ,
3384 3665 3726 3734 δελεάσματι

2133 3774 2368 3846 θηρᾶται
2399 3770 2470 3824 τά
2496 3765 2929 3838 λαιμαργότερα.
2963 3762 3078 3815 Οὐκ
3115 3757 3253 3846 εἶδές
3284 3774 3415 3811 ποτε
3439 3757 3537 3811 καὶ
3554 3758 3727 3810 ἀετὸν

2138 3844 2352 3938 λάϐρως
2414 3859 2721 3932 ἐμπεσόντα
2793 3854 3100 3926 θηράματι,
3163 3844 3282 3903 εἶτα
3341 3849 3728 3920 περιπαρέντα

2134 3961 2257 4020 ταῖς
2286 3955 2440 4008 κάτω
2467 3953 2706 4018 πάγαις;
2751 3946 2939 4010 Οὕτως
2979 3946 3041 3999 τὸ
3085 3944 3287 4014 ὑψηλὸν
3325 3943 3475 3996 κάτω
3508 3942 3727 4009 γίνεται

2135 4052 2248 4113 τοῖς
2279 4045 2638 4118 ἀνθρωπίνοις
2678 4041 3041 4110 δελεάσμασιν
3074 4035 3349 4090 ἑλκυσθέν.
3384 4034 3572 4089 Πάντα
3616 4032 3732 4084 ὑπὸ

2136 4140 2236 4212 τὴν
2260 4141 2418 4210 χεῖρα
2445 4138 2619 4207 ἦγαγε
2645 4131 2737 4187 τοῦ
2766 4130 3076 4203 ἀνθρώπου,
3107 4129 3202 4181 καὶ
3221 4128 3321 4196 τὴν
3349 4126 3528 4178 κτίσιν
3558 4123 3730 4195 ἐπλή-

2144 4246 2306 4301 ρωσε,
2331 4228 2426 4282 καὶ
2453 4226 2544 4278 τὸν
2569 4223 2852 4295 ἄνθρωπον
2869 4221 3105 4291 ,ἄμοιρον
3135 4219 3233 4288 τῆς
3270 4215 3588 4277 δεσποτείας
3622 4215 3732 4267 οὐκ

2060 4315 2105 4370 Ι)
2134 4323 2378 4391 ἐποίησε.
2404 4319 2496 4388 Μὴ
2519 4317 2698 4387 εἴπῃς,
2726 4315 2807 4367 Τά
2828 4315 2886 4365 ἐν
2906 4311 2984 4382 τῷ
3004 4312 3123 4380 ἀέρι
3148 4309 3422 4378 φερόμενα
3449 4304 3570 4368 πῶς
3597 4305 3732 4374 ἐμοὶ

457 4421 733 4491 διαφέρει;
776 4419 874 4472 Διὰ
914 4417 1022 4488 γάρ
1063 4415 1154 4469 τοῦ
1191 4411 1454 4484 λογισμοῦ
1501 4413 1725 4468 κάκεῖνά
1769 4430 1852 4466 σοι
1896 4413 2180 4485 ὑποχείρια
2218 4413 2448 4482 γίνεται.
2499 4427 2517 4460 ι
2549 4408 2661 4462 Καὶ
2701 4405 2811 4459 τῶν
2854 4403 3100 4475 ἑρπετῶν
3141 4401 3247 4454 τῶν
3302 4399 3582 4471 ἑρπόντων
3633 4399 3738 4450 ἐπὶ

459 4517 562 4585 τῆς
599 4514 721 4586 γῆς.
753 4532 771 4564 ι
808 4512 970 4583 ἷορᾷς
1007 4510 1110 4564 ποῦ
1147 4510 1289 4580 ἔχεις
1327 4510 1390 4562 τὸ
1419 4512 1538 4564 κατ’
1579 4509 1763 4562 εἰκόνα
1789 4508 2115 4578 γεγενῆσθαι
2147 4507 2318 4572 Θεοῦ;

537 4623 556 4656 ι
591 4601 658 4655 Et
689 4601 817 4656 fecit
841 4601 980 4655 Deus
1009 4601 1304 4654 hominem.
1338 4619 1356 4650 ι
1381 4598 1522 4664 Quid
1544 4599 1708 4668 igitur
1727 4607 1812 4653 est
1841 4599 2041 4653 homo?

461 4695 539 4748 Ex
568 4693 637 4747 iis
669 4706 789 4761 quae
821 4689 1034 4758 ἀείρεο
1056 4689 1432 4758 cognovimus,
1465 4696 1518 4743 et
1553 4687 1886 4748 audivimus,
1915 4701 2039 4742 cum

461 4784 808 4840 deﬁniamus.
855 4779 1040 4850 Neque
1071 4781 1217 4836 enim
1247 4780 1359 4848 jam
1390 4795 1534 4849 opus
1581 4788 1687 4844 est,
1725 4788 1785 4834 ut
1831 4780 2042 4834 alienas

463 4872 810 4928 definitiones
831 4878 1162 4932 mutuemus,
1192 4884 1367 4938 neque
1399 4884 1491 4924 eas
1529 4869 1598 4922 ab
1631 4877 1857 4923 externa
1891 4867 2045 4922 vani-

464 4973 576 5020 tate
602 4969 850 5032 sumptas
880 4960 937 5015 in
964 4961 1211 5015 oratione
1233 4959 1478 5013 veritatis
1508 4959 1832 5012 inseramus.
1869 4955 2044 5011 Homo

463 5068 552 5115 est
599 5074 736 5128 opus
789 5055 905 5120 Dei,
964 5053 1178 5108 ratione
1226 5051 1533 5121 praeditum,
1591 5048 1656 5102 ad
1705 5049 1825 5117 ejus
1860 5063 1888 5100 a
1931 5063 2041 5116 quo

465 5157 710 5203 creatum
745 5156 849 5208 est,
886 5145 1176 5214 imaginem
1210 5141 1432 5194 factum.
1471 5138 1530 5192 Si
1559 5140 1692 5208 quid
1721 5139 1957 5207 amplius
1985 5138 2039 5190 in

467 5240 571 5294 hac
632 5239 948 5293 deﬁnitione
1002 5235 1367 5297 desideratur,
1423 5231 1772 5286 considerent
1825 5231 1884 5294 ii,
1946 5230 2041 5299 qui

467 5332 698 5385 multum
744 5332 796 5384 in
834 5329 1057 5384 caduca:
1107 5327 1386 5397 sapientia:
1430 5322 1625 5378 studiis
1659 5324 2039 5378 elaborarunt.

468 5421 550 5473 Ad
597 5419 884 5489 imaginem
930 5417 1024 5471 Dei
1069 5415 1250 5470 factus
1279 5423 1361 5469 est
1391 5414 1571 5468 homo.
1613 5433 1631 5465 ι
1658 5412 1721 5466 Ει
1759 5411 2039 5466 benedixit

471 5507 615 5561 Deus
663 5506 891 5570 homini,
934 5514 989 5560 et
1039 5505 1148 5558 ait:
1179 5503 1443 5567 Crescite,
1483 5513 1537 5557 et
1580 5500 2036 5570 multiplicamini,

470 5603 527 5650 et
555 5595 752 5665 replete
791 5601 1012 5650 terram.
1049 5614 1067 5648 ι
1110 5591 1313 5648 Eodem
1356 5590 1518 5647 modo
1562 5590 1836 5646 benedixit
1875 5590 2039 5646 etiam

2224 4615 2241 4646 ι
2283 4596 2394 4649 Καὶ
2427 4593 2684 4664 ἐποίησεν
2715 4593 2744 4644 ό
2779 4590 2912 4652 Θεὸς
2955 4588 3046 4642 τὸν
3092 4585 3400 4656 ἄνθρωπον.
3451 4603 3470 4634 ι
3515 4583 3582 4634 Τί
3631 4578 3735 4636 οὖν

2143 4691 2292 4743 ἐστιν
2323 4685 2642 4757 άνθρωπος;
2674 4684 2732 4750 ἐξ
2773 4675 2847 4736 ὧν
2879 4680 3195 4748 ἀνέγνωμεν
3226 4679 3322 4732 καὶ
3359 4677 3419 4742 ἐξ
3451 4671 3528 4730 ὧν
3555 4676 3731 4744 ἠκοὺο

2145 4794 2338 4848 σαμεν,
2371 4774 2686 4848 ὁρισόμεθα.
2723 4772 2920 4826 Οὐκέτι
2959 4770 3068 4841 γὰρ
3111 4771 3246 4839 ἡμῖν
3287 4768 3446 4839 χρεία
3483 4766 3730 4830 δανείζε-

2146 4871 2272 4924 σθαι
2300 4870 2458 4941 ὄρους
2499 4866 2836 4938 ἀλλοτρίους,
2864 4863 2984 4917 οὐδὲ
3023 4862 3091 4915 τὰ
3120 4864 3184 4913 ἐκ
3230 4861 3328 4932 τῆς
3363 4859 3733 4931 ματαιότητκ

2145 4960 2458 5026 ἐπεισάγειν
2507 4957 2585 5028 τῷ
2635 4955 2882 5025 λογισμῷ
2922 4953 3024 5023 τῆς
3067 4952 3350 5022 ἀληθείας.
3400 4951 3734 5020 Ἄνθρωπός

2145 5051 2260 5101 ἐστι
2320 5047 2530 5118 ποίημα
2578 5045 2714 5099 Θεοῦ
2752 5046 3002 5112 λογικὸν,
3047 5045 3166 5096 κατ’
3202 5042 3386 5095 εἰκόνα
3437 5042 3734 5112 γενόμενοκ

2143 5139 2235 5191 τοῦ
2267 5139 2550 5200 κτίσαντος
2585 5136 2769 5190 αὐτόν.
2815 5135 2885 5189 Εἴ
2921 5153 2974 5188 τι
3007 5135 3183 5188 λείπει
3227 5134 3306 5203 τῷ
3335 5133 3480 5202 λόγῳ
3527 5133 3738 5203 τούτῳ,

2143 5230 2196 5281 οἱ
2248 5228 2415 5281 πολλά
2447 5227 2967 5297 προσαναλώσαντες
3013 5229 3079 5297 τῇ
3113 5225 3379 5295 ἀναλήψει
3427 5225 3526 5292 τῆς
3573 5223 3739 5293 φθει-

2149 5317 2379 5388 ρομένης
2411 5318 2604 5386 σοφίας
2646 5316 3122 5386 ἐπισκεψάτωσαν.
3172 5315 3310 5367 Κατ’
3352 5314 3540 5365 εἰκόνα
3591 5312 3736 5366 Θεοῦ

2144 5410 2367 5477 γέγονεν
2401 5408 2707 5479 ἄνθρωπος.
2748 5427 2767 5459 ι
2805 5410 2915 5462 Καὶ
2957 5408 3252 5476 εὐλόγησεν
3282 5407 3311 5457 ὁ
3341 5404 3475 5468 Θεὸς
3504 5405 3601 5456 τὸν
3637 5405 3736 5457 άν-

2148 5498 2379 5569 θρωπον,
2412 5499 2506 5551 καὶ
2549 5495 2725 5563 εἶπεν,
2770 5494 3076 5562 Αὑξάνεσθε
3119 5495 3214 5548 καὶ
3240 5491 3606 5562 πληθύνεσθε,
3639 5492 3737 5543 καὶ

2148 5591 2468 5662 πληρώσατε
2489 5591 2589 5660 τὴν
2615 5592 2739 5661 γῆν.
2770 5610 2787 5642 ι
2820 5590 2969 5660 Αὑτη
3002 5592 3035 5660 ἡ
3069 5589 3263 5658 ἰχθύων
3287 5586 3529 5655 εὐλογία.
3567 5605 3587 5637 ι
3622 5584 3738 5661 Καὶ
