3886 6214
184 187 294 243 289

931 189 994 242 IN
1027 187 1281 253 VERBA,
1325 189 1703 247 FACIAMUS
1743 193 2130 258 HOMINEM,
2171 195 2348 261 ETC.,
2389 196 2594 252 OBAT.
2622 196 2660 251 Ι.

3352 199 3456 252 270

185 297 344 354 εἶπεν
371 301 399 353 ό
432 298 585 362 Θεός·
634 300 980 370 Ἑξαγαγέτω
1020 303 1090 357 τὰ
1134 303 1301 358 ὕδατα
1349 307 1555 376 ἑρπετὰ
1593 307 1765 378 ψυχῶη

1881 309 2267 378 piscibus.¢Et
2299 309 2437 364 dixit
2480 309 2658 366 Deus:
2689 308 3001 365 Producant
3042 324 3197 381 aqua!
3243 313 3455 378 reptilia

184 391 406 454 ξωσῶν,
443 393 538 445 καὶ
578 390 1032 460 ὲγένετοόὖτως.
1080 393 1210 450 Εἶτα
1239 399 1333 452 καὶ
1375 393 1528 453 εἶπεν
1558 400 1587 453 ὀ
1612 400 1766 467 Θεὸς,

182 483 519 547 Αὐξάνεσθε,
561 485 654 537 καὶ
677 484 1034 554 πληθύνεσθε,
1076 491 1172 542 καὶ
1201 489 1524 561 πληρώσατε
1554 491 1622 544 τὰ
1649 491 1771 545 ὓδα-

182 590 275 626 τα.
316 594 336 625 ι
383 575 448 628 Τί
491 571 586 629 οὐν
626 577 919 645 περισσόν;
971 581 1308 648 ’Λναγκαίως
1352 581 1526 637 ταῦτα
1560 584 1655 636 καὶ
1701 585 1771 639 τὰ

187 665 350 719 ποινά
386 683 468 719 σοι
510 667 822 739 ἐχαρίσατο,
867 669 1055 725 καὶτὰ
1094 671 1205 726 ῐδιά
1242 689 1300 726 σε
1348 674 1627 745 ἀναμένει.
1659 677 1769 729 Αὐ-

182 756 329 828 ξάνῃ
372 757 482 828 γὰρ
527 759 604 823 ὡς
645 761 741 812 καὶ
784 762 854 815 τὰ
897 763 1060 816 λοιπὰ
1089 764 1243 829 ζῶα,
1277 766 1386 819 ἀπὸ
1436 767 1634 838 μικροῦ
1677 768 1770 820 τοῦ

187 845 416 915 πρώτου
446 849 566 910 ταῖς
608 849 727 902 κατ’
772 849 951 918 ὀλίγον
990 853 1330 925 προσθήκαις
1370 856 1463 908 ἐπὶ
1493 856 1770 909 τελείωσιν

186 935 350 1008 ἔρχῃ.
399 937 557 991 Οὕτω
590 941 686 992 καὶ
728 941 884 995 ἵπποι
941 945 1036 996 καὶ
1074 945 1234 1009 κύνες
1256 963 1270 977 ο
1305 946 1448 1001 οὕτω
1490 949 1582 1002 καὶ
1623 950 1772 1002 ἀετοὶ

182 1031 285 1081 καὶ
313 1030 538 1084 κύκνον
594 1032 688 1086 καὶ
739 1034 920 1090 πάντα
961 1036 1106 1108 ἅπερ
1138 1037 1205 1091 ἂν
1237 1039 1529 1112 είπῃς,διὰ
1569 1045 1770 1113 μικρᾶς

183 1120 287 1188 τῆς
326 1121 552 1194 πρώτης
599 1125 848 1194 κυήσεως
887 1129 954 1196 τῇ
1005 1130 1124 1181 κατ’
1166 1130 1345 1198 ὀλίγον
1391 1133 1675 1207 προσθήκῃ
1710 1135 1771 1188 τὸ

184 1213 399 1267 τέλειον
427 1210 542 1296 ,τῆς
591 1217 876 1288 αὐξήσεως
917 1221 1295 1288 ἀπολαϐόντα,
1343 1227 1505 1279 πάλιν
1550 1227 1636 1280 διὰ
1673 1230 1770 1297 τῆς

188 1302 474 1372 μειώπως
521 1306 658 1376 πρὸς
707 1308 768 1360 τὺ
809 1308 1030 1364 ἔλαττον
1080 1314 1433 1387 ὑποστρέφει.
1491 1320 1556 1370 "A
1592 1319 1770 1373 τοίνυν

184 1394 350 1446 κοινὰ
387 1395 487 1464 τῆς
520 1396 737 1464 φύσεως
783 1395 872 1470 ἦν,
915 1403 1010 1456 καὶ
1059 1406 1194 1474 ἡμῖν
1225 1408 1553 1479 ἐδωρήσατο.
1591 1430 1611 1460 ‹
1661 1412 1768 1464 Αὐ-

187 1482 441 1547 ξάνεσθε,
480 1503 499 1537 ι
528 1488 808 1554 τουτέστι,
863 1493 1152 1564 τρέφεσθε,
1190 1500 1379 1568 μικροὶ
1417 1501 1766 1572 γεννώμενοι,

188 1575 422 1642 μεγάλοι
451 1576 688 1645 γίνεσθε,
725 1583 819 1635 καὶ
854 1583 1028 1655 πέρας
1058 1584 1198 1641 ἔστω
1228 1590 1328 1659 τῆς
1356 1590 1656 1661 αὐξήσεως.
1692 1595 1767 1646 Οὐ

1886 399 2194 452 animarum
2220 400 2540 468 viventium,
2561 412 2616 456 et
2637 401 2842 457 factum
2866 411 2952 456 est
2981 404 3074 456 ita.
3106 401 3172 456 Et
3191 405 3267 456 ait
3289 402 3456 458 Deus:

1867 488 2137 554 Crescite,
2167 499 2220 545 et
2251 492 2709 561 multiplicamini,
2741 501 2796 548 et
2827 494 3029 563 replete
3049 513 3234 568 aquas.
3259 517 3280 552 ι
3307 494 3454 561 Quid

1870 579 2056 651 igitur,
2095 581 2331 652 inquies,
2377 585 2610 654 amplius
2639 593 2724 642 est
2753 585 2921 640 mihi?
2952 585 3274 642 Necessario
3316 587 3454 654 haec,

1870 686 1992 740 qua:
2031 673 2458 728 communicavit
2500 676 2665 730 etiam
2717 677 2838 742 tibi,
2895 689 2949 733 et
2989 679 3094 733 alia
3140 680 3358 747 propria
3404 689 3456 733 ιε

1871 769 2093 817 manent
2137 779 2386 818 munera.
2417 765 2638 822 Crescis
2686 769 2853 831 enim,
2888 770 3346 840 quemadmodqu
3399 779 3454 826 et

1872 855 2083 925 reliqua
2144 856 2423 921 animalia,
2475 868 2528 912 et
2570 859 2830 929 paulatim
2880 877 2976 931 per
3007 862 3338 918 incrementa
3385 877 3452 917 ex

1871 961 2037 1016 parva
2070 947 2136 1002 ad
2163 948 2370 1016 justam
2419 950 2828 1023 perfectamque
2865 953 3295 1023 magnitudinem
3330 969 3453 1024 per-

1871 1040 2044 1094 venis.
2100 1039 2194 1096 Sic
2244 1051 2299 1098 et
2345 1044 2497 1112 equi,
2551 1050 2605 1098 et
2657 1060 2847 1108 canes,
2906 1047 2988 1102 sic
3027 1054 3081 1102 ct
3137 1047 3356 1116 aquilze.
3395 1053 3453 1100 et

1871 1133 2051 1201 cycni,
2094 1143 2149 1187 et
2177 1143 2374 1189 caetera
2419 1135 2720 1190 animantia
2760 1137 2999 1192 eduntur
3030 1139 3278 1208 parvula,
3319 1153 3453 1208 pau-

1872 1223 2132 1293 latimque
2183 1241 2278 1295 per
2321 1227 2574 1283 assiduas
2625 1229 2974 1286 accessiones
3022 1230 3089 1284 ad
3137 1230 3449 1286 absolutum

1870 1314 2192 1382 perveniunt
2241 1325 2629 1386 augmentum,
2692 1334 3022 1389 rursumque
3073 1319 3331 1388 paulatim
3382 1319 3451 1374 ad

1870 1406 2138 1460 minorem
2193 1408 2388 1462 molem
2431 1417 2805 1464 revertuntur.
2856 1409 2988 1476 Qua:
3031 1410 3198 1481 igitur
3243 1418 3454 1464 natura:

1869 1494 2178 1546 communia
2215 1502 2364 1556 sunt,
2395 1511 2458 1550 ea
2488 1497 2715 1566 largitus
2757 1507 2841 1553 est
2866 1499 3030 1554 etiam
3062 1499 3243 1555 nobis.
3277 1518 3296 1550 ι
3320 1499 3452 1554 Cre-

1871 1583 2028 1645 scite,
2057 1603 2074 1634 ›
2110 1584 2160 1638 id
2190 1595 2293 1650 est,
2325 1589 2665 1652 enutrimini,
2697 1597 2751 1643 et
2779 1605 2904 1644 cum
2931 1591 3083 1660 parvi
3105 1591 3272 1662 geniti
3305 1592 3449 1653 sitis.

183 1663 298 1733 γάρ
329 1665 519 1735 ἐπειδὴ
559 1669 617 1720 ὲν
659 1672 725 1740 τῇ
780 1671 972 1746 πρώτῃ
1015 1675 1275 1748 ὲπταετίᾳ
1306 1682 1646 1752 τρεφόμεθα,
1676 1685 1765 1737 καὶ

1873 1676 2052 1745 magni
2085 1677 2318 1740 evadile,
2350 1688 2406 1733 et
2452 1679 2774 1736 incrementi
2806 1681 2876 1736 sit
2915 1683 3203 1738 terminus.
3266 1681 3454 1752 Neque

183 1753 460 1824 λαμϐάνει
490 1759 635 1826 ἡμᾶς
673 1761 1062 1832 μεθηλικίωσις
1092 1769 1186 1820 ἐπὶ
1215 1769 1313 1840 τὴν
1341 1771 1598 1843 δευτέραν
1630 1774 1771 1828 ἑϐδοο

187 1845 337 1914 μάδα
360 1847 470 1899 τῶν
495 1848 652 1913 ἐτῶν,
671 1850 771 1920 ήδη
797 1853 1088 1925 ὀφείλομεν
1112 1859 1313 1927 ὁμοίως
1336 1861 1394 1912 ὲν
1423 1865 1586 1916 παντί⁸
1612 1864 1768 1934 μέρει

183 1937 292 2007 τῆς
341 1939 488 2009 ζωῆς
535 1940 635 2011 τῆς
681 1943 986 2017 ἡμετέρας,
1027 1948 1149 2002 καθ’
1198 1951 1496 2022 ἑϐδομάδας
1551 1958 1770 2029 μεθηλι-

186 2029 465 2085 κιοῦσθαι.
509 2033 576 2085 Ἦ
609 2033 798 2106 πρώτη
839 2037 1075 2109 ἑϐδομὰς
1115 2042 1214 2113 τὴν
1262 2045 1512 2119 παιδικὴν
1556 2051 1770 2120 ἡλικίαν

183 2121 326 2214 έχει.
395 2125 549 2197 Ὅροι
599 2126 698 2197 τῆς
742 2129 998 2203 παιδικῆς
1041 2133 1255 2203 ήλικίας
1299 2142 1618 2214 φανεροὶ,ή
1660 2144 1771 2210 τῶν

175 2210 418 2266 ὀδόντων
454 2216 745 2287 μεταϐολή.
781 2220 845 2272 Ol
877 2221 976 2290 μὲν
1012 2223 1207 2278 ἔπεσον
1227 2244 1240 2256 ·
1269 2229 1320 2280 οἱ
1343 2229 1400 2283 δὲ
1426 2210 1766 2305 ὐπεφύησαν.

179 2307 460 2376 Δευτέραν
484 2306 676 2361 ἔλαϐεν
699 2310 873 2382 ἀρχὴν
895 2314 1143 2386 αὔξησις,
1170 2321 1251 2383 είς
1272 2321 1343 2375 τὰ
1369 2323 1496 2397 τέλη
1524 2327 1623 2396 τῆς
1646 2345 1770 2382 τεσ-

182 2398 716 2470 σαρεσκαιδεκάτης,
750 2403 784 2471 ή
828 2402 1054 2475 δευτέρα
1093 2406 1278 2463 λοιπὸν
1324 2412 1356 2481 ἡ
1388 2413 1496 2467 τῶν
1540 2417 1764 2470 παίδων.

176 2489 417 2560 Πρῶτον
450 2491 560 2561 γὰρ
599 2492 844 2558 παιδίον,
890 2491 1010 2551 εἶτα
1045 2503 1174 2564 παῖς
1195 2543 1210 2566 ,
1236 2499 1352 2556 εἶτα
1393 2505 1622 2576 ἔφηϐος,
1649 2507 1768 2563 εἷτα

171 2579 332 2648 ἀνὴρ
358 2579 465 2632 ἀπὸ
490 2585 1166 2654 τεσσαρεσκαιδεκαέτους,
1198 2592 1429 2648 ἐνταῦθα
1455 2598 1504 2648 οἱ
1531 2599 1646 2668 ὅροι
1669 2601 1768 2670 τῆς

170 2665 381 2736 τρίτης
405 2666 703 2738 αὐξήσεως.
739 2671 1044 2736 Αὐξάνεσθε
1071 2674 1166 2731 οὖν
1183 2697 1196 2710 ·
1231 2683 1333 2734 οὐκ
1358 2685 1452 2737 ἐὰν
1478 2665 1609 2758 γένῃ
1639 2665 1767 2744 ἑκα-

165 2757 280 2810 τὸν
317 2758 475 2824 ἐτῶν,
514 2761 623 2815 ἀπὸ
671 2763 891 2835 πρώτου
935 2769 1013 2833 είς
1053 2771 1343 2828 ἑκατοστὸν
1384 2777 1502 2843 ἔτος
1543 2781 1768 2854 αὔξησιν

168 2854 436 2925 ἰπιδέχῃ,
465 2856 599 2910 ἀλλὰ
627 2858 787 2914 τοῦτο
827 2861 890 2915 τὸ
923 2882 943 2915 ι
987 2864 1280 2931 αὐξάνεσθε
1321 2888 1338 2918 ι
1397 2868 1454 2921 ἒν
1495 2871 1646 2940 ῥῆμα
1681 2890 1768 2926 σου

167 2943 304 3012 φῶς
355 2945 542 3016 λεχθὲν
589 2954 964 3022 προνοητικῶς
1014 2957 1396 3026 οἰκονομεῖται.
1461 2960 1763 3025 Αὐξάνεσθε

170 3036 354 3108 μέχρι
401 3038 583 3101 τινόςο
641 3040 756 3093 ἀλλ’
797 3045 857 3096 οὐ
902 3045 1076 3117 μέτρα
1112 3048 1212 3117 τῆς
1260 3047 1556 3119 αὐξήσεως.
1614 3050 1766 3105 Κατὰ

164 3127 284 3197 τὴν
311 3128 536 3199 πρώτην
577 3131 836 3186 σύστασιν
863 3134 964 3206 τὴν
999 3137 1432 3208 καταϐληθεῖσαν
1463 3141 1522 3194 ὲν
1563 3145 1628 3213 τῇ
1664 3145 1768 3213 μή·

165 3235 310 3289 τρα,
356 3223 766 3296 κατεϐλήθησαν
801 3228 894 3280 καὶ
943 3231 990 3281 οἱ
1035 3228 1182 3297 λόγοι
1218 3231 1317 3301 τῆς
1349 3232 1648 3303 αὐξήσεως.
1689 3237 1764 3289 Οὐ

169 3309 298 3379 γὰρ
333 3311 471 3380 μετὰ
494 3313 670 3366 ταῦτα
701 3314 962 3385 νεώτερόν
995 3319 1114 3371 ἐστι
1144 3318 1207 3372 τὸ
1239 3321 1486 3392 χάρισμα
1517 3323 1615 3393 τῆς
1645 3324 1765 3393 ήλι-

170 3398 312 3461 κίεις
337 3401 749 3471 ἐπιγενόμενον,
780 3403 896 3457 ἀλλ’
926 3407 984 3458 αί
1020 3406 1270 3478 μητρῷαι
1308 3410 1606 3464 καταϐολαὶ
1635 3429 1768 3479 συγ-

169 3491 670 3562 καταϐεϐλημένας
720 3496 901 3565 ἔχουσι
953 3496 1050 3561 τὰς
1111 3499 1246 3570 πρὸς
1295 3501 1357 3554 τὸ
1443 3503 1766 3571 αὐξάνεσθαι

171 3584 653 3654 ἑπιτηδειότητας.
709 3587 952 3640 Ἔπεσαν
1003 3591 1053 3642 οἱ
1107 3590 1350 3656 ὀδόντες,
1397 3593 1642 3666 ἔγνωμεν
1682 3598 1764 3649 ὅτι

173 3675 397 3746 ηὐξήθη
427 3676 584 3730 τόσον
617 3679 831 3749 μέτρον.
867 3680 1086 3751 Τριετὲς
1114 3681 1176 3735 τὸ
1212 3684 1422 3738 παιδίον
1460 3687 1764 3758 ἐμέτρησεν

167 3771 207 3821 ὁ
267 3769 489 3839 πατήρ·
533 3766 673 3822 οἶδεν
721 3771 902 3824 ὅτιτὸ
954 3773 1233 3827 διπλάσιον
1287 3777 1480 3831 τούτου
1535 3781 1765 3850 μέγεθος

171 3861 526 3931 ἀπολήψεται
557 3863 616 3914 ὲν
651 3865 718 3934 τῇ
755 3863 1052 3919 τελειώσει.
1081 3865 1246 3921 ὀσον
1276 3870 1384 3939 γὰρ
1433 3873 1492 3923 ὲν
1527 3875 1593 3942 τῇ
1643 3891 1764 3944 τρι-

171 3951 324 4023 crta,
351 3952 452 4022 εόὶς
483 3952 737 4018 τοσοῦτος
765 3955 942 4020 ἔσται,
973 3957 1006 4028 ἦ
1054 3959 1215 4013 πάλιν
1242 3962 1495 4027 τοσοῦτος
1526 3963 1678 4018 ἔσται
1705 3969 1763 4018 ὲν

170 4046 249 4114 τῇ
290 4043 686 4116 συμπληρώσει
733 4047 832 4118 τῆς
880 4049 1182 4120 αὐξήσεως.
1234 4052 1407 4107 Τοῦτο
1452 4055 1515 4108 τὸ
1565 4055 1762 4126 μέτρον

172 4139 282 4208 τῆς
307 4137 659 4208 ἀνθρωπίνης
681 4138 896 4206 φύσεως
923 4143 1085 4213 μέχρι
1114 4144 1371 4215 πέρατος,
1399 4147 1592 4218 μέχρις
1610 4149 1760 4218 ὅρου,

173 4229 292 4282 ἀπὸ
332 4227 435 4298 τῆς
475 4228 765 4300 ἑϐδομάδος
804 4232 903 4303 τῆς
949 4233 1176 4304 πρώτης
1214 4236 1308 4288 ἐπὶ
1343 4236 1443 4307 τὴν
1480 4237 1758 4310 δευτέραν.

1871 1767 2015 1821 enim
2057 1771 2316 1838 quoniam
2361 1771 2415 1825 in
2445 1773 2621 1842 primo
2649 1775 2934 1843 septennio
2966 1776 3038 1828 ita
3076 1776 3358 1840 vertimur,
3395 1787 3454 1830 ut

1872 1858 2045 1911 altero
2081 1860 2370 1929 septennio
2405 1862 2458 1914 in
2507 1862 2667 1916 aliam
2707 1875 2919 1918 aetatem
2966 1866 3337 1929 immutemur,
3369 1868 3452 1920 sic

1872 1947 1926 2000 in
1967 1948 2116 2002 omni
2152 1951 2259 2004 vita
2309 1951 2574 2007 debemus
2605 1969 2701 2023 per
2749 1956 3032 2025 septennia
3072 1955 3140 2011 de
3189 1965 3350 2012 aetate
3393 1957 3449 2011 in

1870 2047 2082 2094 aetatem
2118 2044 2465 2096 commutari.
2511 2043 2754 2100 Primum
2805 2048 3148 2116 septennium
3185 2048 3450 2117 puerilem

1869 2138 2084 2186 aetatem
2142 2135 2408 2199 continet,
2467 2137 2628 2205 cujus
2675 2139 2856 2193 aetatis
2905 2139 3196 2194 terminum
3245 2139 3450 2193 indicat

1869 2223 2112 2279 dentium
2160 2225 2491 2292 immutatio,
2559 2243 2685 2283 cum
2745 2231 2804 2284 in
2865 2230 3044 2286 locum
3098 2246 3287 2286 eorum
3353 2231 3448 2301 qui

1869 2315 2203 2383 ceciderunt,
2251 2319 2342 2374 alii
2391 2331 2772 2377 succrescunt.
2820 2323 3064 2377 Alterum
3108 2339 3300 2378 rursus
3351 2339 3450 2376 au-

1868 2409 2072 2478 gmenti
2104 2410 2430 2482 principium
2479 2411 2538 2466 ﬁt
2575 2414 2642 2468 ad
2685 2412 2844 2468 linem
2870 2429 3044 2484 usque
3079 2415 3206 2469 anni
3238 2416 3451 2484 quarti-

1869 2501 2086 2556 decimi.
2137 2503 2316 2575 Atque
2346 2505 2461 2561 haec
2493 2514 2579 2562 est
2606 2506 2843 2562 secunda
2884 2508 2939 2562 in
2979 2509 3165 2578 pueris
3192 2509 3450 2562 immuta-

1869 2593 1966 2647 tio.
2000 2592 2137 2649 Nam
2189 2596 2283 2666 qui
2340 2600 2578 2668 primum
2632 2607 2717 2654 est
2768 2599 2970 2664 infans,
3023 2609 3116 2654 aut
3157 2601 3446 2671 puerulus,

1869 2691 1984 2737 tum
2032 2687 2094 2739 lit
2135 2702 2292 2758 puer,
2326 2699 2450 2756 post
2476 2699 2658 2744 autem
2697 2690 2891 2759 puber,
2921 2706 2985 2744 ac
3023 2690 3220 2747 deinde
3251 2693 3352 2758 vir,
3391 2700 3449 2748 et

1870 2775 1959 2829 hic
1992 2775 2316 2833 incrementi
2341 2780 2561 2835 termini
2593 2781 2965 2852 praeﬁguntur.
2989 2783 3234 2838 Crescite
3259 2785 3446 2853 igitur,

1870 2884 1978 2922 non
2026 2869 2100 2924 ita
2147 2879 2349 2936 tamen,
2384 2882 2442 2928 ut
2470 2875 2516 2928 si
2563 2874 2689 2944 quis
2731 2886 2948 2931 centum
2977 2891 3246 2933 annorum
3279 2880 3445 2934 vitam

1816 3005 1835 3025 ,
1870 2972 2216 3032 assequatur,
2262 2979 2293 3018 a
2339 2966 2514 3035 primo
2559 2983 2705 3022 anno
2758 2969 2825 3022 ad
2875 2971 3235 3025 centesimum
3274 2987 3448 3042 usque

1873 3065 2090 3122 semper
2136 3062 2484 3124 augmentum
2542 3057 2828 3126 suscipiat.
2881 3058 2955 3114 Ea
3014 3076 3142 3126 vox,
3177 3063 3446 3126 Crescite,

1873 3144 2150 3215 sapienter
2184 3145 2330 3199 dicta
2358 3147 2656 3216 prudenter
2681 3150 2902 3206 adhibet
2925 3153 3168 3208 modum.
3198 3153 3443 3211 Crescite

1873 3235 1940 3288 ad
1979 3242 2192 3290 certum
2243 3239 2562 3302 terminum,
2615 3256 2726 3298 non
2769 3244 3030 3298 continua
3078 3253 3451 3316 perpetuaque

1874 3329 2144 3384 auctionis
2180 3345 2458 3387 mensura.
2507 3331 2616 3388 Pro
2647 3335 2859 3391 ratione
2893 3339 3038 3391 enim
3079 3339 3268 3408 prima:
3301 3340 3448 3395 illius

1873 3421 1928 3474 in
1970 3431 2126 3477 utero
2156 3424 2588 3489 constitutionis,
2628 3429 2914 3485 crescendi
2940 3431 3159 3486 termini
3195 3436 3446 3503 praescri-

1874 3512 1949 3581 pti
1977 3521 2124 3567 sunt.
2158 3513 2232 3568 Ea
2258 3531 2493 3585 namque
2523 3520 2846 3573 constitutio
2878 3522 3292 3578 convenientem
3328 3540 3448 3580 cre-

1872 3603 2058 3653 scendi
2108 3603 2568 3671 opportunitatem
2606 3606 2954 3672 conjunctam
3008 3607 3190 3665 habet.
3247 3611 3447 3668 Dentes

1869 3692 2192 3747 exciderunt
2229 3715 2240 3748 :
2281 3698 2666 3767 cognoscimus
2697 3699 3017 3755 incrementi
3053 3709 3318 3772 quantum
3360 3720 3447 3758 ae-

1869 3786 2119 3840 cesserit.
2157 3784 2435 3854 Filiolum,
2459 3805 2582 3843 cum
2622 3791 2844 3845 tertium
2889 3793 3069 3848 aetatis
3107 3809 3309 3849 annum
3341 3796 3448 3851 im-

1869 3875 2057 3944 plevit,
2109 3877 2335 3931 metitur
2385 3888 2556 3948 pater.
2601 3877 2772 3950 Duplo
2824 3881 2968 3935 enim
3028 3884 3220 3952 major,
3279 3901 3442 3956 quam

1870 3975 2002 4021 tunc
2046 3968 2139 4031 sit,
2177 3967 2391 4025 futurus
2439 3979 2524 4026 est
2564 3971 2671 4032 ille,
2714 3987 2837 4026 cum
2882 3975 2988 4029 erit
3022 3977 3298 4044 perfectus
3336 3980 3442 4034 vir.

1869 4056 2028 4113 Hunc
2059 4059 2218 4114 habet
2249 4061 2489 4116 humana
2527 4071 2721 4117 natura
2766 4066 3055 4120 terminum
3096 4075 3260 4138 atque
3290 4086 3446 4124 meno

1869 4164 2079 4206 suram.
2135 4150 2192 4204 ln
2241 4153 2418 4222 primo
2464 4155 2818 4224 secundoque
2862 4161 3144 4227 septennia
3197 4161 3442 4216 abundat

1869 4243 2189 4308 humiditas,
2224 4261 2351 4302 mox
2394 4247 2600 4311 deﬁcit,
2651 4250 2902 4304 caliditas
2942 4259 3145 4317 manet,
3195 4253 3437 4307 membra

190 4317 348 4370 Ἐκετ
374 4317 561 4370 λοιπὸν
601 4320 635 4389 ή
679 4318 949 4393 θερμότης
987 4322 1210 4389 πλείων,
1255 4326 1288 4396 ἡ
1333 4326 1622 4393 διάπλασις
1663 4329 1758 4382 τοῦ

1869 4336 2316 4402 rorroborantur,
2353 4338 2408 4393 in
2445 4338 2716 4409 principio
2755 4339 3138 4396 imbecilliores
3171 4349 3300 4396 sunt
3339 4343 3437 4397 ho-

175 4406 442 4477 σώματος
467 4409 500 4478 ἡ
521 4411 837 4482 ἀραιοτέρα,
863 4415 896 4482 ή
915 4413 1150 4485 ὑγρότης
1171 4417 1458 4485 ἐπιλείπει,
1482 4421 1764 4490 κραταιοῦ-

1869 4427 2064 4489 mines.
2110 4442 2233 4482 cum
2282 4431 2524 4484 nondum
2579 4430 2806 4500 perfecti
2852 4432 2982 4487 sint.
3035 4431 3245 4490 Recens
3288 4435 3436 4490 enim

171 4518 269 4554 ται
324 4502 395 4555 τὰ
439 4501 600 4572 μέλη,
638 4503 697 4555 ὲν
746 4505 886 4576 ἀρχῇ
935 4505 1046 4558 τῶν
1098 4509 1461 4580 ἰσχυροτέρων
1503 4513 1610 4565 εἰσὶ
1654 4513 1762 4566 τῶν

174 4591 462 4662 ἐφηλίκων
487 4594 536 4644 oi.
563 4591 864 4663 ἅνθρωποι,
899 4595 1053 4650 οὐπω
1081 4598 1182 4669 μὲν
1206 4599 1266 4652 τὸ
1290 4599 1497 4655 τέλειον
1526 4602 1759 4673 ἔχοντες.

173 4682 480 4754 Νεοπαγὴς
505 4684 615 4754 γὰρ
657 4686 837 4738 αὐτῶν
869 4687 902 4757 ἡ
945 4687 1080 4758 σὰρξ
1117 4689 1219 4755 ἔτι,
1260 4693 1354 4745 καὶ
1384 4693 1522 4764 πρὸς
1568 4695 1764 4759 πόνους

174 4774 547 4843 καρτερικοὺς
575 4775 944 4848 ἀνεπιτηδεία.
968 4779 1043 4832 Τὸ
1070 4780 1169 4850 μὲν
1199 4781 1400 4852 κοῦφον
1430 4786 1526 4838 καὶ
1547 4786 1764 4857 εὐκίνη-

172 4881 268 4916 τον
307 4864 550 4918 ἀπέλαϐε
592 4865 780 4920 λοιπὸν
831 4869 891 4921 τὸ
935 4868 1093 4934 ζῶον.
1161 4873 1250 4926 Ἐν
1282 4875 1338 4927 δὲ
1377 4877 1537 4948 τρίτῃ
1581 4877 1764 4932 λοιπὸν

175 4955 461 5023 ἑϐδομάδι,
507 4957 569 5009 τὺ
611 4958 814 5012 τέλειον
871 4961 969 5031 τῆς
1027 4963 1309 5033 αὐξήσεως
1361 4969 1758 5039 ἀπολαμϐάνει.

173 5047 380 5100 Οὐκέτι
398 5047 456 5100 δὲ
480 5049 560 5111 είς
584 5049 760 5119 μῆκος
787 5051 1188 5121 ήδιανάστασις
1205 5056 1301 5111 τοῦ
1326 5058 1598 5129 σώματος,
1625 5063 1762 5132 μετὰ

171 5135 273 5206 τὴν
311 5135 507 5206 τρίτην
541 5137 832 5210 ἑϐδομάδα.
879 5142 1128 5196 Ἐπειδὰν
1151 5144 1208 5197 δὲ
1239 5148 1552 5220 ἀναπνεύσῃ
1587 5153 1626 5222 ἡ
1661 5153 1763 5220 φύ-

175 5243 262 5290 σις
289 5226 400 5280 τῶν
427 5229 692 5298 καμάτων
725 5233 827 5302 τῆς
852 5234 946 5286 ἐπὶ
972 5235 1034 5288 τὸ
1065 5235 1179 5290 ἄνω
1208 5237 1508 5310 αὐξήσεως,
1537 5242 1761 5314 ἄρχεται

171 5317 365 5373 λοιπὸν
403 5323 486 5384 είς
526 5321 595 5375 τὰ
637 5323 816 5395 πλάτη
854 5325 1181 5392 διαϐαίνειν,
1211 5331 1305 5383 καὶ
1343 5333 1508 5386 οἱονεὶ
1549 5335 1764 5406 περιθε-

175 5410 399 5482 μελιοῦν
425 5411 494 5466 τὰ
520 5414 823 5484 ὐψωθέντα,
853 5421 947 5472 καὶ
979 5421 1162 5492 πάσχῃ
1193 5424 1377 5488 αὐτοῖς
1404 5427 1758 5495 περιτιθέναι,

173 5505 270 5556 καὶ
314 5507 560 5577 καρτερὰ
605 5511 779 5562 ποιεῖν
825 5511 920 5564 τοῦ
964 5511 1217 5585 σώματος
1254 5517 1319 5569 τὰ
1371 5518 1528 5589 μέλη.
1579 5519 1761 5573 Ταῦτα

176 5595 325 5646 ποιεί
347 5593 450 5664 μὲν
475 5597 508 5666 ή
535 5595 696 5666 φύσις
721 5599 864 5654 κατὰ
883 5601 983 5672 τὴν
1009 5603 1207 5674 ἑαυτῆς
1233 5606 1572 5664 ἀκολουθίαν.
1614 5611 1760 5679 Ἐγέ-

1866 4519 2081 4573 illorum
2133 4535 2263 4574 caro
2312 4529 2596 4591 compacta
2648 4533 2751 4588 est,
2789 4539 2962 4593 eaque
3014 4525 3198 4580 minus
3240 4537 3325 4582 est
3370 4528 3436 4581 ad

1867 4607 2222 4676 perferendos
2267 4610 2486 4666 labores
2533 4611 2750 4666 idonea.
2806 4612 3103 4668 Levitatem
3148 4616 3436 4677 duntaxat,

1865 4699 2273 4770 agilitatemque
2301 4710 2430 4756 tunc
2463 4702 2664 4756 animal
2703 4704 3018 4774 acquisivit.
3058 4704 3264 4776 Itaque,
3297 4722 3438 4776 quo-

1865 4790 2012 4843 niam
2062 4791 2117 4845 in
2164 4793 2329 4847 tertio
2385 4795 2670 4862 septennio
2725 4795 3034 4852 altitudinis
3085 4808 3435 4868 augmentum

1868 4878 2164 4950 perfectum
2219 4892 2326 4944 est,
2382 4883 2490 4938 lata
2534 4885 2791 4956 deinceps
2835 4887 3083 4956 corporis
3136 4890 3438 4958 amplitudo

1865 4983 2234 5036 comparatur.
2285 4973 2497 5030 Etenim
2545 4987 2897 5046 posteaquam
2964 4990 3156 5031 natura
3221 4994 3252 5032 a
3283 4979 3436 5034 labo-

1866 5064 2019 5119 ribus
2044 5063 2098 5118 in
2132 5065 2300 5120 altum
2335 5065 2565 5136 augendi
2601 5068 2909 5138 respiravit,
2951 5069 3004 5123 in
3041 5071 3207 5124 latum
3246 5072 3437 5140 incipit

1867 5158 2139 5228 progredi,
2190 5165 2245 5212 et
2273 5157 2486 5214 aedilicii
2534 5161 2619 5214 sui
2669 5161 2969 5232 fastigium,
3008 5172 3266 5232 tanquam
3311 5165 3434 5219 fun-

1863 5250 2133 5304 damentis
2161 5250 2456 5306 substratis
2489 5253 2867 5323 adauctisque,
2915 5254 3070 5310 fulcit
3103 5265 3266 5326 atque
3302 5272 3446 5316 con-.

1865 5336 2065 5393 ﬁrmat.
2098 5338 2222 5409 Agit
2251 5340 2365 5394 haec
2411 5341 2632 5411 quidem
2673 5343 2791 5414 ipsa
2839 5353 3031 5400 natura
3064 5347 3258 5403 ordine
3307 5362 3432 5409 suo.

1862 5429 2035 5496 Cujus
2080 5439 2264 5487 tamen
2301 5433 2512 5489 ordinis
2541 5435 2625 5490 vis
2665 5437 2863 5506 pendet
2908 5439 2975 5492 ab
3006 5439 3100 5493 illo
3130 5443 3305 5510 primo
3339 5439 3432 5494 Dei

1866 5522 2142 5586 mandato,
2181 5523 2326 5591 quod
2360 5526 2526 5580 semel
2575 5527 2778 5582 editum
2820 5545 2916 5598 per
2941 5531 3126 5586 omnia
3154 5547 3275 5603 quae
3305 5547 3435 5602 pro-

1863 5623 2139 5680 creantur,
2167 5615 2234 5670 ad
2266 5615 2426 5671 finem
2463 5634 2642 5692 usque,
2666 5621 3031 5692 progreditur.
