3886 6214
429 194 525 248 9⁵11

1659 186 1718 241 S.
1755 183 2084 242 GREGORII
2123 183 2418 242 NYSSENI

3576 188 3685 245 272

432 325 550 361 νετο
593 307 650 360 δὲ
695 304 756 371 ἐξ
798 305 974 379 ἀρχῆς
1019 303 1402 378 προστάγματι
1439 303 1781 370 Δεσποτικῶ,
1821 301 1913 354 καὶ
1954 299 2073 353 τότε
2120 300 2346 374 λαληθὲν
2400 304 2488 358 διὰ
2543 303 2722 374 πάσης
2770 303 2998 367 κτίσεως
3059 301 3219 374 μέχρι
3264 301 3446 367 τέλους
3498 309 3684 378 χωρεῖ.

436 418 456 450 ι
490 398 796 466 Αὐξάνεσθε
838 401 931 453 καὶ
962 397 1318 470 πληθύνεσθε.
1356 417 1376 450 ι

509 509 527 542 ι
565 491 829 556 Crescite,
870 510 890 544 ›
926 492 1127 562 inquit,
1163 507 1231 546 ne
1263 492 1318 546 in
1350 506 1460 545 uno
1505 503 1723 558 semper
1756 496 1897 544 statu
1929 501 2014 542 res

2193 504 2214 538 ι
2248 487 2576 553 Αὺξάνεσθε,
2609 506 2630 542 ι
2665 488 2752 542 ἵνα
2784 488 2858 559 μὴ
2882 489 2940 541 ὲν
2963 486 3044 541 ἐνὶ
3069 488 3388 560 περιορισθῇ
3423 491 3457 560 ή
3485 490 3688 554 κτίσις·

430 591 836 652 permanerent.
855 581 920 636 Et
940 601 959 634 ι
982 581 1448 653 multiplicamini,
1472 599 1492 634 ι
1519 583 1655 636 nein
1674 595 1782 634 uno
1804 587 2016 633 tantum

429 671 817 738 consisterent,
864 670 960 727 sed
1011 687 1242 726 numero
1293 681 1742 742 propagarentur.
1786 687 1805 720 ι
1839 668 1905 721 Et
1931 681 2019 722 re-

429 767 573 833 plete
611 772 838 818 terram.
874 783 892 815 ι
929 763 1175 834 Replete,
1211 765 1459 834 inquam,
1491 777 1600 817 non
1629 761 1968 816 habitatione
1999 776 2012 813 :

431 855 596 910 nimis
633 855 778 910 enim
816 864 1048 926 anguste
1075 856 1420 926 degeremus,
1454 855 1500 910 si
1539 863 1650 910 tota
1692 869 1721 907 a
1752 853 1912 910 nobis
1942 852 2018 905 ita

429 955 576 1001 terra
647 947 1013 1015 complerctur
1049 966 1062 1001 :
1099 946 1194 1003 sed
1257 947 1530 1018 imperio,
1608 957 1663 1000 et
1709 952 2014 1018 potestate,

430 1053 592 1105 quam
645 1039 805 1094 nobis
854 1039 908 1092 in
943 1039 1057 1108 ipsa
1095 1047 1239 1094 terra
1273 1038 1498 1095 donavit
1527 1039 1692 1095 Deus.
1741 1059 1758 1091 ι
1793 1037 2018 1108 Replete

431 1139 656 1185 terram.
691 1149 711 1182 ι
760 1129 877 1185 Νοιι
911 1131 1098 1200 utique
1129 1145 1235 1200 qua
1265 1141 1422 1201 parte
1447 1132 1620 1187 nimio
1648 1133 1782 1189 solis
1820 1131 2017 1188 ardore

432 1223 721 1279 combusta
767 1231 874 1286 est,
910 1239 1011 1277 nec
1043 1223 1135 1277 ubi
1169 1224 1347 1293 glaeie
1399 1223 1777 1294 immensoque
1816 1223 2018 1293 frigore

432 1313 698 1384 obriguit.
759 1312 870 1369 Has
928 1314 1075 1368 enim
1136 1315 1424 1386 regiones,
1488 1331 1598 1370 non
1627 1316 1809 1385 coegit
1869 1315 2015 1372 Deus

433 1406 707 1468 homines,
757 1412 817 1460 ut
851 1406 1152 1460 incolerent
1187 1424 1200 1460 :
1235 1407 1328 1461 sed
1383 1422 1484 1463 nos
1517 1407 1770 1462 dominos
1809 1407 2014 1463 consti-

435 1497 561 1560 tuit,
600 1504 656 1550 ut
683 1504 885 1551 terram
917 1511 1132 1551 omnem
1169 1497 1398 1568 imperio
1432 1498 1785 1567 repleremus.
1822 1496 2016 1554 Nonne

429 1587 711 1656 replemus
743 1601 886 1653 eam,
931 1585 1152 1657 quando
1183 1587 1396 1642 ratione
1427 1586 1760 1642 dimetiendo
1809 1602 2015 1657 cogno-

435 1680 663 1746 scimus,
713 1689 914 1748 quanta
963 1680 1034 1734 sit
1073 1679 1194 1748 ejus
1228 1694 1356 1750 pars
1386 1680 1572 1735 calore
1614 1689 1810 1735 exusta
1853 1691 2014 1751 atque

434 1771 831 1834 inhabitabilis,
873 1780 1188 1842 quantaque
1225 1771 1292 1826 ad
1335 1771 1556 1826 boream
1587 1773 1858 1842 exposita,
1891 1788 2012 1842 qua:

434 1868 661 1930 propter
713 1861 973 1933 frigorum
1030 1862 1137 1916 vim
1197 1861 1410 1916 inutilis
1474 1871 1578 1925 est,
1640 1871 1695 1918 et
1741 1863 1844 1918 coli
1903 1878 2019 1918 non

431 1957 613 2019 potest
644 1969 656 2005 :
694 1965 877 2006 nonne
916 1960 1117 2006 terram
1147 1951 1520 2022 replevimus‘l
1551 1950 1745 2008 Nonne
1774 1953 1923 2025 quod
1957 1955 2010 2008 in

429 2054 493 2094 ea
532 2042 665 2097 utile
693 2051 835 2105 erat,
867 2042 1154 2113 elegimus,
1188 2044 1334 2114 quod
1367 2051 1549 2099 autem
1599 2044 1666 2099 ad
1701 2046 2012 2115 transigen-

430 2129 556 2183 dam
584 2132 748 2186 vitam
788 2132 1001 2198 inutile,
1035 2133 1379 2202 abjecimus?
1423 2134 1685 2197 Dicendo,
1721 2153 1742 2188 ι
1792 2134 2014 2206 Replele

433 2236 659 2289 terram,
699 2243 717 2274 ι
750 2240 850 2280 nos
876 2233 1038 2280 terrae
1068 2225 1320 2282 dominos
1353 2228 1644 2284 constituit
1686 2227 1848 2284 Deus.
1879 2227 2012 2294 Nec,

431 2316 560 2386 quia
592 2316 861 2371 universae
892 2331 1053 2370 usum
1086 2332 1196 2371 non
1220 2317 1508 2384 habemus,
1537 2318 1660 2372 ideo
1690 2333 1797 2373 non
1824 2334 2015 2375 sumus

431 2407 584 2463 illius
641 2408 871 2461 domini.
933 2405 1121 2478 Neque
1174 2417 1235 2462 tu
1291 2409 1460 2466 totius
1520 2409 1816 2476 frumenti,
1867 2411 2014 2481 quod

429 2498 643 2564 emisti,
699 2498 908 2554 idcirco
953 2514 1062 2554 non
1113 2515 1174 2555 es
1234 2499 1510 2566 dominus,
1571 2503 1832 2572 quoniam
1885 2518 2014 2573 pars

427 2591 550 2661 ejus
575 2599 660 2646 est
694 2591 759 2644 ad
801 2591 1198 2647 comedendum
1227 2593 1397 2660 utilis,
1443 2609 1572 2664 pars
1608 2594 1840 2654 inutilis.
1879 2594 2012 2652 Sor-

433 2683 554 2748 des,
605 2683 840 2754 lapides,
873 2686 1082 2756 paleas,
1132 2694 1188 2743 et
1226 2687 1272 2743 si
1319 2687 1452 2758 quid
1505 2686 1674 2754 aliud,
1726 2703 1836 2758 quo
1865 2687 2013 2744 vesci

427 2777 716 2832 commode
765 2793 1044 2849 nequeas,
1099 2779 1405 2834 immixtum
1466 2788 1588 2844 est,
1653 2781 1906 2837 excernis
1957 2788 2014 2836 et

432 2867 649 2936 abjicis,
683 2869 830 2938 quod
867 2877 1048 2924 autem
1080 2884 1278 2940 purum
1321 2877 1406 2926 est
1435 2871 1642 2941 seligis,
1677 2879 1732 2925 et
1754 2871 1820 2925 ad
1851 2886 2012 2926 usum

425 2970 482 3016 et
513 2961 719 3014 victum
771 2976 1024 3017 reservas
1070 2972 1245 3016 tuum.
1295 2962 1387 3017 Sic
1438 2970 1585 3018 terra
1620 2964 1778 3020 nobis
1809 2963 2011 3019 donata

425 3059 532 3118 est,
563 3052 766 3123 partim
817 3054 882 3107 ad
930 3053 1288 3108 hbitandum
1341 3055 1650 3117 commoda,
1699 3056 1894 3125 partim
1942 3055 2011 3111 ad

2126 597 2144 628 ‹
2181 577 2539 648 πληθύνεσθε,
2577 598 2596 632 ι
2631 579 2717 633 ἵνα
2742 580 2816 651 μὴ
2840 581 2920 643 εἰς
2949 579 3030 643 ἓν,
3058 580 3192 634 ἀλλὰ
3215 582 3308 634 καὶ
3332 582 3411 645 εἰς
3435 581 3687 644 πολλούς.

2125 688 2145 722 ι
2193 671 2303 724 Kal
2335 671 2660 743 πληρώσατε
2692 673 2792 743 τὴν
2827 673 2932 744 γῆν
2954 688 2970 705 ⁶
3017 692 3038 726 ι
3079 674 3403 744 πληρώσατε
3431 675 3490 728 δὲ
3527 675 3590 728 οὐ
3619 677 3691 745 τῇ

2119 765 2432 834 κατοικήσει
2453 780 2466 795 ο
2496 761 2638 818 οὕτω
2662 764 2771 837 γάρ
2802 764 2868 819 ἂν
2908 766 3421 837 ἐστενοχωρήθημεν
3453 766 3688 831 ζῶντες,

2118 857 2167 907 εἰ
2196 855 2431 927 τοσαύτη
2458 851 2527 926 ἦν
2556 857 2588 927 ἡ
2617 857 2687 927 γῆ
2727 858 2822 927 ὅση
2865 858 3012 928 ἡμᾶς
3039 858 3327 928 ἑκμετρεῖ·
3380 857 3516 912 ἀλλά
3544 858 3689 929 πλη-

2122 947 2330 1018 ρώσατε
2361 951 2428 1018 τῇ
2469 948 2706 1019 ἐξουσίᾳ.
2757 949 2918 1020 Ἡμῖν
2960 948 3071 1019 γὰρ
3126 949 3398 1021 κυρίευμα
3441 950 3538 1018 τῆς
3580 949 3690 1020 γῆς

2117 1039 2304 1094 ἔδωκε.
2344 1059 2362 1091 ι
2400 1039 2732 1112 Πληρώσατε
2768 1041 2868 1111 τὴν
2893 1041 3020 1110 γῆν.
3064 1061 3084 1093 ι
3118 1042 3192 1094 Οὐ
3235 1043 3406 1112 δήπου
3435 1043 3531 1096 καὶ
3563 1041 3692 1095 rati-

2116 1149 2216 1203 την
2277 1132 2330 1184 οἰ
2377 1131 2654 1203 ἄνθρωποι
2703 1133 2824 1186 κατ’
2869 1133 3118 1205 ἀνάγκην
3171 1133 3502 1205 πληροῦσιν,
3547 1133 3688 1188 ἀλλά

2117 1221 2340 1292 κυρίους
2364 1222 2512 1292 ἡμᾶς
2537 1223 2760 1293 εποίησε
2788 1222 3051 1295 πληροῦν,
3080 1223 3175 1277 καὶ
3203 1223 3518 1295 πληροῦμεν
3543 1225 3693 1278 ὲκεί-

2117 1331 2215 1385 νην
2248 1313 2327 1385 τῷ
2358 1315 2623 1387 λογισμῷ.
2672 1318 2841 1370 Ὅταν
2879 1316 3110 1388 εἰδῶμεν
3145 1318 3311 1370 πόσον
3345 1317 3539 1388 μέτρον
3589 1317 3694 1387 τῆς

2115 1405 2548 1477 διακεκαυμένης
2574 1406 2668 1462 καὶ
2694 1409 2950 1478 ἀοικήτου
2969 1425 2983 1437 ⁸
3015 1410 3144 1462 ὅταν
3166 1409 3396 1480 εἰδῶμεν
3426 1411 3594 1463 πόσον
3627 1411 3695 1463 τὸ

2117 1493 2286 1564 κλίμα
2324 1495 2386 1548 τὸ
2433 1494 2664 1566 βόρειον,
2709 1497 2738 1549 ὃ
2771 1497 2860 1550 διὰ.
2902 1497 3000 1569 τὴν
3047 1497 3488 1569 ὑπερϐάλλουσαν
3527 1498 3692 1568 ψύξιν

2116 1583 2466 1656 ἀγεώργητόν
2500 1587 2618 1640 ἐστι
2651 1588 2746 1641 καὶ
2784 1587 3086 1659 ἄχρηστον,
3126 1589 3246 1660 οὐχ)⁵
3287 1589 3693 1664 ἐπληρώσαμεν

2115 1678 2215 1750 τὴν
2241 1677 2347 1748 γῆν
2368 1695 2384 1744 ;
2407 1678 2483 1731 υὺ
2505 1679 2566 1732 τὸ
2595 1681 2862 1752 χρήσιμον
2881 1679 3251 1750 ἐκλεξάμενοι,
3276 1681 3338 1734 τὸ
3363 1683 3487 1735 ὅσον
3514 1682 3695 1753 ἀχρη-

2117 1787 2242 1824 στον
2278 1773 2358 1835 εἰς
2385 1772 2663 1843 διαγωγὴν
2698 1772 3005 1844 ἀνθρώποις
3043 1773 3516 1844 ἀπεπεμψάμεθα;
3544 1774 3695 1828 ὥστε

2121 1879 2139 1914 ι
2187 1862 2519 1934 Πληρὼσατε
2568 1863 2666 1935 τὴν
2700 1863 2827 1935 γῆν,
2890 1885 2908 1917 ι
2959 1865 3179 1936 κυρίους
3214 1869 3361 1937 ἡμᾶς
3408 1869 3689 1938 ἐποίησεν.

2115 1954 2230 2008 Οὐκ
2263 1955 2450 2026 ἐπειδὴ
2485 1955 2666 2025 πάσης
2693 1957 2794 2010 οὐκ
2821 1956 3014 2027 ἔχομεν
3055 1958 3155 2029 τὴν
3183 1959 3378 2029 χρῆσιν
3398 2001 3411 2019 ,
3439 1961 3539 2014 οὐκ
3564 1961 3693 2030 ἔχο-

2117 2059 2217 2111 μεν
2249 2044 2430 2114 πάσης
2452 2044 2514 2107 τὸ
2539 2045 2834 2115 κυριεύειν.
2867 2047 3003 2100 Οὐδὲ
3031 2047 3139 2119 γάρ
3167 2050 3232 2102 σὺ
3261 2050 3354 2102 τὸν
3385 2053 3526 2104 σῖτον
3555 2053 3694 2119 ἀγο-

2115 2133 2308 2204 ράσας,
2333 2135 2433 2188 οὐκ
2460 2131 2510 2187 εἷ
2537 2135 2631 2188 τοῦ
2663 2136 2863 2198 παντὸς
2903 2137 3110 2208 κύριος,
3146 2139 3331 2210 ἐπειδὴ
3359 2143 3417 2193 ὲν
3444 2140 3522 2212 τῷ
3551 2143 3694 2212 σίτῳ

2113 2223 2176 2277 τὸ
2221 2224 2319 2295 μὲν
2365 2224 2651 2298 ἐδώδιμον,
2683 2228 2744 2281 τὸ
2785 2229 2843 2282 δὲ
2887 2229 3358 2301 ἀποῤῥιπτόμενον
3400 2232 3564 2304 ἔχεις.
3612 2226 3692 2288 Ἦ

2113 2317 2239 2378 τοὺς
2271 2316 2450 2380 λίθους
2483 2318 2580 2388 μὲν
2615 2319 2691 2382 ὡς
2732 2321 3036 2392 ἀχρήστους
3077 2323 3476 2394 ἀπορρίπτεις,
3506 2326 3607 2380 καὶ
3640 2328 3695 2381 εἰ

2112 2425 2165 2462 τι
2193 2408 2320 2463 ἄλλο
2349 2409 2707 2480 ἐπιμὲμικται
2745 2411 2880 2482 πρὸς
2916 2411 3119 2482 βρῶσιν
3162 2415 3556 2486 ἀνεπιτήδειον,
3593 2419 3689 2471 καὶ

2113 2495 2173 2549 τὸ
2197 2497 2394 2567 ἄχυρον
2424 2497 2779 2568 ἀποφυσήσας
2807 2501 2982 2553 καὶτὸ
3005 2498 3244 2564 ζιζάνιον
3272 2503 3600 2575 ἀποκρίνας,
3633 2507 3693 2560 τὸ

2114 2587 2236 2640 ὅσον
2275 2587 2512 2659 καθαρὸν
2563 2589 2699 2660 πρὸς
2739 2589 2838 2661 τὴν
2885 2591 2979 2645 τοῦ
3033 2591 3150 2662 βίου
3197 2593 3488 2659 σύστασιν,
3531 2598 3692 2652 τοῦτο

2113 2676 2490 2748 ἐκλεξάμενος.
2515 2678 2702 2744 Οὕτως
2720 2680 2951 2753 τοίνυνή
2984 2684 3056 2754 γῆ
3077 2685 3110 2756 ή
3139 2685 3238 2754 μὲν
3261 2687 3524 2759 ἐχαρίσθη
3550 2690 3688 2760 πρὸς

2112 2769 2324 2837 οἴκησιν
2355 2769 2695 2838 ἐπιτηδείων,
2729 2773 2763 2842 ἡ
2796 2771 3044 2842 βελτίωνν
3081 2776 3114 2845 ή
3143 2774 3203 2827 δὲ
3234 2776 3371 2846 πρὸς
3411 2779 3686 2847 γεωργίαν

2112 2859 2406 2928 ἀναγκαία,
2472 2861 2606 2932 άλλη
2669 2863 2806 2934 πρὸς
2863 2863 3116 2935 βόσκημα
3175 2867 3284 2920 τῶν
3341 2869 3685 2940 τετραπόδων

2113 2949 2320 3021 ἀνείθη.
2371 2951 2508 3004 Εἰπέ
2563 2969 2674 3023 μοι,
2731 2952 2850 3007 ἐστι
2902 2953 3252 3021 διατάξασθαι
3307 2957 3336 3010 6
3392 2956 3687 3030 βούλομαι,

2113 3043 2301 3114 ἐπειδὴ
2339 3044 2540 3113 γέγονα
2581 3046 2770 3118 κύριος
2809 3045 2950 3102 κατά
2994 3047 3091 3120 τὴν
3139 3049 3234 3102 τοῦ
3278 3051 3551 3104 Δεσπότου
3596 3051 3687 3104 τοῦ

427 3143 692 3197 arandum
731 3142 1136 3212 colendumque
1183 3143 1516 3208 necessaria,
1564 3143 1760 3212 partim
1800 3143 1866 3197 ad
1917 3159 2012 3213 pa-

2116 3135 2396 3200 κτίσαντός
2438 3153 2506 3208 με
2547 3137 2786 3209 δωρεάνς
2830 3160 2849 3194 ι
2899 3141 3011 3195 Kal
3047 3140 3372 3213 πληρώσατε
3413 3142 3512 3212 τὴν
3561 3144 3685 3214 γῆν,

426 3237 660 3290 εοεηιιςιε
703 3233 1086 3304 quadrupedes
1135 3243 1284 3302 apta.
1327 3231 1422 3286 Dic
1462 3233 1617 3297 mihi,
1652 3249 1834 3289 nonne
1878 3251 2007 3304 pos-

2116 3229 2205 3281 καὶ
2265 3230 2462 3301 ἄρχετε
2512 3231 2620 3285 τῶν
2687 3233 2885 3304 ἰχθύων
2935 3235 3034 3306 τῆς
3085 3234 3381 3304 θαλάσσης,
3434 3235 3529 3288 καὶ
3582 3235 3687 3288 τῶν

426 3344 548 3384 sum
579 3328 849 3382 arbitratu
873 3341 997 3381 meo
1032 3335 1240 3380 terram
1272 3325 1588 3394 disponere,
1631 3325 1851 3395 quando
1887 3342 2010 3380 mu-

2116 3319 2372 3373 πετεινῶν
2416 3321 2512 3375 τοῦ
2551 3323 2807 3393 οὐρανοῦ,
2852 3323 3087 3378 καὶτῶν
3114 3324 3318 3395 θηρίων
3361 3325 3460 3394 τῆς
3496 3325 3625 3395 γῆς.
3660 3346 3682 3378 ο

429 3437 564 3478 nere
597 3421 768 3482 illius,
807 3421 899 3491 qui
935 3434 1022 3474 me
1058 3419 1386 3488 procreavit,
1432 3417 1691 3472 dominus
1729 3418 1850 3488 ejus
1884 3433 2006 3473 sum

2116 3408 2254 3479 Αὕτη
2293 3411 2477 3464 λοιπὸν
2506 3412 2743 3482 εὐλογία,
2779 3413 2919 3485 αὕτη
2939 3414 3248 3485 νομοθεσία,
3287 3414 3446 3468 τοῦτο
3466 3416 3686 3487 ἀξίωμα

426 3511 808 3568 constitutus?
861 3529 878 3561 ι
911 3509 1190 3581 Et-praesit
1236 3509 1479 3579 piscibus
1506 3509 1697 3571 maris,
1731 3519 1784 3563 et
1817 3510 2007 3565 bestiis

2116 3505 2166 3556 τὸ
2215 3504 2494 3575 δεδομένον
2553 3508 2687 3577 ήμϊν
2737 3507 2888 3577 παρὰ
2930 3504 3086 3558 Θεοῦ.
3143 3523 3162 3556 ι
3203 3506 3315 3558 Καὶ
3351 3505 3614 3574 ἐποίησεν
3655 3507 3688 3557 6

425 3615 608 3660 terrae.
632 3623 651 3656 ι
687 3604 762 3657 Ita
793 3603 955 3657 nobis
983 3600 1260 3656 benedixit
1291 3599 1457 3663 Deus,
1489 3598 1630 3653 hanc
1655 3599 1828 3668 legem
1859 3599 2004 3664 tulit,

2116 3597 2239 3662 θεὸς
2265 3597 2356 3652 τὸν
2392 3597 2698 3669 ἄνθρωπον·
2734 3598 2856 3652 κατ’
2901 3597 3085 3651 εἰκόνα
3123 3595 3262 3650 Θεοῦ
3300 3596 3556 3668 ἰποίησεν
3588 3597 3689 3651 af.—

426 3697 568 3751 hanc
599 3695 830 3766 largitus
861 3702 946 3749 est
975 3692 1316 3764 dignitatem.
1347 3709 1366 3742 ι
1404 3690 1470 3744 Ει
1505 3689 1632 3746 fecit
1655 3689 1797 3746 Deus
1829 3691 2008 3746 homi-

2116 3688 2214 3741 τόν.
2243 3708 2261 3739 ι
2285 3686 2351 3744 Ἀ
2364 3708 2428 3761 ρα
2447 3693 2547 3745 οὐκ
2563 3689 2886 3762 ἐπεσημήνω
2905 3689 2983 3742 ὅτι
3009 3685 3226 3758 ἐλλιπὴς
3244 3683 3310 3759 ἦν
3334 3690 3366 3759 ἡ
3387 3688 3686 3755 ἀπόδειξιςξ

425 3805 549 3844 nem
583 3807 597 3842 :
631 3787 698 3842 ad
742 3788 1033 3858 imaginem
1079 3798 1233 3840 suam
1267 3783 1396 3840 fecit
1441 3799 1588 3839 eum.
1634 3801 1654 3834 ι
1684 3781 1872 3837 Nonne
1905 3783 2005 3837 de-

2116 3799 2130 3832 ι
2186 3782 2507 3852 Ποιήσωμεν
2539 3781 2824 3852 ἄνθρωπον
2876 3779 2996 3832 κατ’
3032 3778 3216 3832 εἰκόνα
3262 3779 3538 3852 ἡμετέραν
3589 3781 3688 3836 καὶ

426 3881 878 3935 monstrationem
913 3879 1052 3932 hanc
1076 3893 1200 3932 esse
1228 3890 1478 3931 mancam
1515 3875 1669 3930 vobis
1693 3874 2007 3929 declaravi?

2116 3872 2226 3926 καθ’
2259 3873 2537 3943 ὁμοίωσιν.
2574 3893 2592 3926 ι
2639 3873 2703 3925 Ἦ
2749 3871 2912 3942 βουλὴ
2945 3869 3038 3923 δύο
3071 3865 3205 3940 εἶχε,
3242 3890 3259 3921 ι
3294 3871 3680 3935 κατέίκόνα,›

428 3991 452 4026 ο
476 3971 765 4026 Faciamus
798 3970 1072 4025 hominem
1102 3967 1170 4022 ad
1193 3968 1481 4038 imaginem
1503 3977 1556 4021 et
1585 3967 2002 4022 similitudinem

2116 3967 2194 4021 καί
2217 3987 2234 4019 ι
2265 3967 2718 4038 καθ’όμοίωσιν.»
2742 3967 2805 4019 Ἡ
2831 3965 3157 4036 δημιουργία
3191 3964 3250 4017 ἓν
3281 3964 3412 4034 ἔχει.
3448 3965 3539 4035 Μὴ
3585 3965 3684 4018 ἇλι

422 4070 692 4120 nostram.
723 4080 742 4115 ι
767 4057 944 4116 Unum
976 4061 1142 4115 habet
1163 4061 1496 4130 procreatio,
1521 4060 1586 4113 ad
1607 4078 1625 4110 ι
1649 4059 1997 4129 imaginem,»

2116 4062 2210 4122 ιως
2240 4058 2503 4130 ἐϐουλήθη
2543 4060 2636 4111 καὶ
2669 4058 2842 4120 ἄλλως
2875 4055 3371 4126 μετεϐουλεύσατο;
3405 4056 3479 4127 μὴ
3511 4074 3688 4127 μετα-

421 4155 686 4225 numquid
723 4156 952 4208 alterum
987 4152 1174 4216 deest,
1209 4151 1276 4206 ad
1317 4169 1336 4202 ι
1389 4151 1826 4208 similitudinem.
1864 4168 1885 4202 ι
1920 4153 2002 4204 An

2116 4150 2296 4218 μέλειά
2325 4167 2408 4214 τις
2443 4151 2503 4204 ὲν
2530 4151 2597 4219 τῇ
2639 4148 2814 4201 κτίσει
2856 4145 3333 4218 παρηκολούθησες
3373 4148 3449 4218 μὴ
3492 4148 3688 4200 ἀτονία

421 4248 581 4302 aliter
609 4245 872 4306 decrevit,
908 4245 1070 4299 aliter
1113 4243 1242 4299 fecit
1265 4245 1288 4299 ?
1315 4243 1593 4314 Numquid
1623 4259 1747 4298 eum
1779 4245 1833 4297 in
1870 4257 1999 4314 pro-

2116 4245 2196 4298 τοῦ
2214 4244 2496 4305 κτίσαντος
2521 4241 2654 4297 ἀλλα
2672 4239 3034 4309 προελομένου
3056 4239 3151 4292 καὶ
3171 4237 3307 4293 ἄλλα
3328 4239 3687 4307 ποιήσαντος;

421 4335 661 4392 creando
712 4335 1114 4405 pcenituit‘tAn
1166 4341 1252 4390 est
1301 4333 1594 4389 infirmitas
1646 4334 1702 4387 in
1745 4348 2003 4403 procrea-

2116 4335 2162 4405 ηε
2189 4331 2474 4402 ἀδολεσχία,
2501 4334 2558 4386 ὲν
2592 4332 2704 4392 τοῖς
2732 4327 2914 4396 λόγοις
2939 4345 2954 4393 ;
2988 4326 3141 4396 Τάχα
3178 4326 3288 4398 γάρ
3323 4325 3483 4378 τοῦτο
3507 4325 3688 4394 λέγει,

420 4431 590 4490 tione,
622 4435 681 4481 ut
719 4427 866 4480 aliud
897 4425 1258 4491 consuluerit,
1299 4425 1444 4479 aliud
1485 4423 1765 4480 effecerit?
1793 4426 1876 4479 An
1913 4435 1998 4480 est

2116 4444 2128 4474 ι
2164 4424 2488 4494 Ποιήσωμεν
2519 4420 2805 4492 ἄνθρωπον
2831 4419 2951 4473 κατ’
2984 4417 3167 4471 εἰκόνα
3193 4416 3286 4471 καὶ
3323 4415 3444 4470 καθ’
3477 4417 3689 4485 ὁμοίω-

427 4531 478 4572 m
509 4532 760 4573 sermone
791 4515 1139 4588 nugatorium
1165 4515 1392 4585 aliquid,
1417 4525 1471 4570 et
1493 4529 1954 4585 supervacaneum
1973 4517 2000 4570 ἲ

2116 4533 2204 4570 rw.
2240 4535 2260 4568 ι
2293 4513 2478 4568 Εἰπὼν
2506 4511 2616 4582 γὰρ
2647 4529 2667 4563 ι
2706 4511 2824 4564 κατ’
2843 4509 3050 4572 εἰκόνα,
3085 4527 3104 4560 ι
3130 4507 3323 4561 οὐκοῦν
3346 4503 3466 4560 εἷπε
3498 4525 3516 4556 ι
3556 4507 3692 4560 καθ’

443 4620 479 4663 ιι
506 4610 647 4663 idem
669 4609 905 4663 fortasse
919 4609 1010 4672 sit,
1038 4625 1059 4658 ι
1083 4605 1372 4662 Faciamus
1392 4606 1668 4662 hominem
1703 4606 1771 4660 ad
1801 4607 1996 4678 imagi~

2116 4609 2378 4680 ἰμοίωσιν.
2426 4625 2446 4659 ι
2487 4606 2667 4674 Ὅπερ
2712 4604 2778 4657 ἂν
2819 4601 3185 4672 ἑκλεξὼμεθα,
3225 4600 3691 4671 κατηγορήσομευ

436 4716 576 4767 σθω,
607 4723 624 4755 ι
645 4709 699 4756 et
720 4717 737 4749 ι
763 4697 1039 4753 Faciamus
1061 4696 1127 4752 ad
1168 4697 1577 4751 similitudinem
1609 4715 1622 4750 :
1661 4715 1680 4747 ι
1715 4705 1770 4750 et
1800 4700 1892 4766 qui
1925 4697 1992 4752 ad

2116 4700 2194 4754 τοῦ
2227 4697 2632 4771 γεγραμμένου.
2670 4694 2795 4749 Εἴτε
2842 4694 2953 4766 γὰρ
2997 4693 3152 4747 τοῦτο
3182 4693 3361 4760 λέγει,
3402 4691 3689 4762 παρέλκον

419 4790 710 4859 mtaginem
741 4787 902 4854 dixit,
935 4787 1000 4841 ad
1035 4787 1452 4842 similitudinem
1482 4786 1691 4843 dixisse
1723 4787 1992 4844 videatur.

2116 4795 2217 4847 ml
2243 4791 2326 4855 δὶς
2357 4790 2426 4844 τὰ
2455 4788 2595 4843 αὐτὰ
2629 4789 2829 4856 λέγειν.
2865 4785 3062 4858 Ἀργὸν
3106 4786 3254 4856 ῥῆμα
3291 4787 3349 4838 ὲν
3377 4787 3445 4855 τῇ
3480 4784 3678 4858 Γραφῇ

420 4882 489 4933 At
515 4881 561 4935 si
597 4880 701 4934 hoc
731 4879 894 4934 modo
925 4879 1376 4946 intellexerimus,
1406 4879 1729 4948 scriptorem
1767 4893 1996 4936 accusa-

2116 4887 2298 4955 ιέγειν,
2347 4881 2662 4954 βλασφημία
2694 4879 2863 4950 δεινή.
2905 4878 3066 4932 Ἀλλά
3097 4877 3202 4950 μὴν
3232 4877 3334 4930 οὐκ
3364 4875 3684 4946 ἀργολογεῖ.

421 4974 624 5028 bimus.
685 4971 896 5026 Etenim
955 4975 1001 5026 si
1047 4971 1130 5026 sic
1181 4972 1364 5034 habet,
1411 4985 1513 5026 vox
1551 4981 1743 5036 vacat,
1798 4982 1854 5029 et
1908 4975 1994 5030 bis

2116 4971 2310 5030 θὺκοῦν
2344 4971 2634 5039 ἀναγκαῖόν
2669 4971 2784 5023 ἐστι
2829 4968 3081 5038 γενέσθαι
3118 4967 3403 5038 ἄνθρωπον
3434 4965 3558 5021 κατ’
3601 4969 3688 5019 εἰ·-

421 5063 563 5117 idetn
614 5063 858 5133 ponitur.
905 5061 1099 5117 Dicere
1150 5072 1331 5118 autem
1383 5062 1607 5117 verbum
1657 5064 1879 5134 aliquod
1941 5068 1994 5122 in

2116 5068 2233 5122 ιιόνα
2258 5065 2351 5118 καὶ
2381 5063 2502 5116 καθ’
2528 5061 2807 5132 ὁμοίωσιν.

422 5153 695 5224 Scriptura
751 5152 1083 5216 redundare,
1139 5161 1223 5206 est
1281 5167 1445 5222 grave
1500 5155 1679 5209 nefas.
1723 5154 1881 5222 Quod
1914 5159 1960 5212 si
2007 5159 2144 5216 nihil
2185 5155 2473 5218 redundat,
2513 5153 2651 5208 nihil
2693 5160 2778 5209 est
2826 5151 3011 5218 inane,
3053 5151 3193 5208 nihil
3237 5159 3682 5223 supervacuum:

420 5261 550 5315 ergo
590 5261 815 5300 necesse
860 5255 945 5300 est
976 5243 1250 5297 hominem
1284 5259 1409 5298 esse
1456 5242 1662 5299 factum
1693 5247 1760 5300 ad
1795 5249 2109 5320 imaginem,
2133 5258 2189 5306 et
2221 5246 2633 5303 similitudinem
2669 5243 2783 5300 Dei.

437 5367 448 5379 ο
489 5344 601 5397 Cur
632 5342 798 5411 igitur
825 5355 934 5395 non
963 5340 1101 5394 dixit
1130 5358 1145 5396 :
1172 5339 1237 5394 Et
1268 5339 1399 5394 fecit
1431 5339 1576 5395 Deus
1607 5340 1885 5398 hominem
1924 5345 1992 5400 ad

2169 5343 2269 5397 Διά
2300 5341 2353 5394 τί
2379 5342 2479 5394 οὐκ
2509 5338 2817 5393 ἀποδίδοται
2848 5337 2884 5392 ἃ
2921 5336 3232 5408 ὴὸουλήθη;
3263 5335 3353 5390 διὰ
3383 5337 3438 5390 τί
3465 5338 3570 5391 οὐκ
3604 5339 3692 5392 εῖ-

421 5435 710 5502 imaginem
751 5442 803 5487 et
829 5432 1247 5487 similitudinem
1281 5433 1482 5487 suam?
1510 5432 1696 5498 Quid?
1749 5451 1861 5489 non
1893 5452 1992 5506 po-

2116 5452 2281 5506 οηται,
2306 5433 2416 5487 Kal
2444 5431 2700 5502 ἐποίησεν
2718 5431 2747 5482 6
2771 5429 2902 5492 Θεὸς
2926 5429 3018 5483 τὸν
3037 5429 3321 5500 ἄνθρωπον
3350 5431 3472 5482 κατ’
3493 5431 3685 5485 εἰκόνα

421 5505 527 5581 tuit
551 5525 825 5581 fortasse?
855 5524 1083 5595 impium
1114 5531 1200 5578 est
1229 5524 1282 5578 id
1331 5523 1536 5581 dicere.
1582 5524 1799 5582 Decreti
1855 5505 1988 5585 num

2116 5505 2231 5580 ita?)
2276 5525 2372 5579 καὶ
2403 5523 2526 5579 καθ’
2567 5521 2846 5593 ὁμοίωσιν.
2894 5521 3185 5592 Ἦτόνησεν
3220 5523 3250 5575 6
3306 5521 3513 5588 ποιῶν;
3554 5525 3691 5576 ἀσί-

421 5617 710 5676 Duanituit?
763 5614 1030 5672 nefarium
1089 5615 1236 5672 istud
1269 5615 1356 5671 vel
1393 5616 1655 5687 cogitare.
1709 5615 1986 5690 Numquid

2116 5615 2246 5688 Ξὴςό
2283 5615 2458 5684 λόγος.
2506 5611 2865 5683 Μετεμελήθη
2903 5613 2933 5664 6
2963 5609 3359 5683 προστάσσων;
3391 5611 3688 5666 ἀσεϐέστε-
