3886 6214
208 365 322 421 Θῖὖ

963 377 1029 432 IN
1065 379 1324 452 VERBA,
1363 383 1738 444 racemus

1890 385 2191 455 'MINEM,
2229 390 2406 460 ETC.,
2449 393 2657 450 ORAT.
2698 395 2739 451 Ι.

3371 401 3478 457 275

209 499 309 584 97::
348 483 426 584 ei
445 484 757 584 ἐνθιίμημα.
814 489 952 544 Ἀλλ’
986 491 1105 548 εἶπε
1144 499 1241 551 καὶ
1293 501 1788 572 μετεϐουλεύσατος

1896 502 2054 568 dixit,
2089 513 2144 560 et
2191 508 2490 563 consilium
2539 510 2807 567 mutavit?
2868 509 3088 568 Minime
3133 529 3280 568 vero.
3338 515 3478 584 Ergo

209 572 312 667 0:3.
348 573 492 667 A0615
524 573 618 631 οὖν
640 581 674 649 ἡ
702 580 892 653 Γραφὴ
921 584 1081 639 τοῦτο
1105 587 1253 657 λέγει
1275 630 1291 655 ,
1324 591 1447 646 οὔτε
1475 597 1505 648 6
1526 598 1798 667 Δημιουρ-

208 663 308 730 γδς
334 665 535 758 ἀτονεῖ,
566 667 691 722 οὗτε
716 671 750 742 ή
782 671 946 745 βουλὴ
974 675 1314 752 ἐματαιώθη.
1347 684 1442 747 Τίς
1463 687 1492 738 6
1513 663 1668 754 λόγος
1696 663 1796 758 τῆς

212 757 467 850 σιωπῆςς
501 777 520 810 ι
559 761 881 835 Ποιήσωμεν
914 766 1200 839 ἄνθρωπον
1227 774 1349 827 κατ’
1377 776 1562 830 εἰκόνα
1601 757 1797 850 ἠμετέ-

211 849 442 942 ραν-καὶ
481 851 605 904 καθ’
631 853 913 923 ὁμοίωσιν.
949 878 968 911 ι
1005 861 1079 914 Τὸ
1109 864 1230 931 μὲν,
1271 870 1338 938 τῇ
1373 868 1546 922 κτίσει
1577 849 1792 942 ἔχομεν·

206 937 274 990 τὺ
293 939 374 1002 δὲ,
405 941 472 994 ὲκ
521 945 894 1017 προαιρέσεως
925 937 1335 1026 κατορθοῦμεν.
1370 959 1456 1012 Ἑν
1500 964 1568 1033 τῇ

211 1037 526 1125 κατασκευῇ
555 1038 892 1110 συνυπάρχει
923 1043 1055 1114 ἡμῖν
1084 1045 1149 1098 τὸ
1190 1048 1310 1100 κατ’
1343 1051 1527 1105 εἰκόνα
1569 1037 1798 1125 γεγενῆὲ

207 1118 340 1173 σθαι
371 1120 527 1175 Θεοῦ·
557 1125 624 1178 ὲκ
649 1129 1024 1201 προαιρέσεως
1045 1135 1177 1204 ἡμῖν
1200 1140 1558 1210 κατορθοῦται
1582 1118 1657 1196 -τὸ-
1674 1118 1795 1200 καθ’

207 1213 472 1304 όμοίωσιν
498 1212 638 1272 εἶναι
669 1218 826 1275 Θεοῦ.
863 1221 1032 1277 Τοῦτο
1062 1224 1119 1280 δὲ
1152 1227 1213 1280 τὸ
1263 1229 1406 1283 κατὰ
1452 1233 1796 1304 προαίρεσιν,

206 1303 443 1375 δυνάμει
473 1308 606 1378 ἡμῖν
634 1310 953 1384 ἐνυπάρχει·
987 1317 1238 1390 ἐνεργείᾳ
1265 1320 1322 1374 δὲ
1355 1323 1570 1389 ἑαυτοῖς
1598 1303 1798 1397 ὲᾶτὰγο-

211 1411 338 1463 μεν.
377 1397 441 1450 Εἰ
472 1399 547 1471 μὴ
581 1402 870 1472 προλαϐὼν
903 1401 1057 1461 εἶπεν
1096 1411 1126 1462 6
1168 1410 1370 1484 Κύριος
1415 1417 1584 1470 ποιῶν
1623 1421 1792 1489 ἡμᾶς,

213 1501 236 1534 ε
269 1489 613 1583 ﬂeti-ictorum
642 1511 662 1545 ι
694 1497 790 1548 καὶ
816 1515 837 1549 ι
865 1497 1001 1552 Καθ’
1026 1501 1305 1572 ὁμοίωσιν,
1336 1525 1356 1558 ι
1391 1510 1440 1560 εἰ
1469 1512 1546 1580 μὴ
1574 1513 1674 1583 τὴν
1700 1514 1797 1568 τοῦ

207 1577 467 1673 γενέσθαι
494 1583 616 1636 καθ’
638 1587 899 1657 ὁμοίωσιν
926 1590 1154 1664 δύναμιν
1189 1597 1323 1667 ἡμῖν
1355 1577 1664 1673 ἐχαρίσατο,
1696 1606 1798 1658 οὐκ

206 1667 278 1720 ἂν
296 1672 376 1762 ,τῇ
397 1672 606 1728 ἑαυτῶν
633 1675 872 1752 ἐξουσίᾳ,
899 1680 998 1754 τὴν
1019 1685 1156 1756 πρὸς
1178 1686 1311 1760 Θεὸν
1336 1667 1594 1761 ὁμοίωσιν
1615 1696 1797 1762 ἐδεξά-

208 1761 527 1856 μεθαίΝῦν
558 1768 657 1837 μέν
688 1786 770 1823 τοι
807 1772 1036 1844 δυνάμει
1064 1778 1213 1848 ἡμᾶς
1245 1781 1504 1852 ἐποίησεν
1540 1761 1796 1856 ὁμοιωτιει

1898 608 2076 663 neque
2113 592 2396 665 Scriptura
2431 597 2538 653 hoc
2579 599 2732 665 dicit,
2780 615 2958 670 neque
2985 601 3212 656 Creator
3233 620 3342 658 non
3377 622 3475 675 pu-

1899 694 2024 750 test,
2055 702 2233 755 neque
2277 689 2573 744 consilium
2613 691 2829 746 irritum
2880 692 3004 746 fuit.
3051 693 3164 747 Cur
3195 693 3362 764 igitur
3401 696 3477 751 si-

1898 776 2067 830 lentio
2101 777 2154 830 id
2185 779 2614 847 praetermissum
2645 782 2773 836 est?
2814 800 2834 832 ι
2871 781 3158 838 Faciamus
3200 784 3473 839 hominem

1897 866 1965 921 ad
1994 867 2285 938 imaginem
2319 879 2565 925 nostram
2603 879 2661 927 et
2697 873 3130 928 similitudinem.
3163 896 3182 928 ι
3213 873 3392 931 Unum
3418 878 3474 931 in

1897 961 2201 1025 creatione,
2244 962 2476 1018 alterum
2513 964 2567 1018 in
2593 965 2861 1020 electione
2892 966 3128 1035 positum
3155 979 3261 1022 est.
3313 968 3472 1033 Nam,

1900 1058 1959 1105 ut
2002 1051 2259 1109 fieremus
2294 1054 2362 1108 ad
2390 1055 2680 1125 imaginem
2711 1056 2824 1122 Dei,
2876 1058 3005 1112 dum
3033 1060 3306 1132 principio
3342 1076 3471 1130 pro-

1902 1155 2241 1207 crearemur,
2291 1143 2656 1200 obtinuimus.
2700 1143 2772 1200 Ut
2815 1153 2996 1201 autem
3057 1146 3356 1203 efﬁciamur
3403 1151 3473 1205 ad

1897 1233 2022 1302 ejus
2053 1233 2499 1302 similitudinem,
2531 1237 2816 1307 proposito
2849 1239 3244 1310 voluntateque
3275 1255 3476 1297 conse-

1896 1325 2143 1394 quimur.
2165 1324 2346 1396 Atque
2380 1327 2547 1397 hujus
2595 1329 2838 1398 quidem,
2883 1330 3031 1401 quod
3063 1331 3130 1386 ad
3175 1333 3470 1387 arbitrium

1899 1417 2138 1485 pertinet
2167 1432 2230 1471 ac
2267 1418 2620 1484 voluntatem,
2641 1428 2888 1496 potestas
2910 1424 3068 1480 nobis
3095 1425 3264 1489 inest,
3291 1442 3350 1482 re
3372 1441 3473 1481 au-

1897 1513 2005 1560 tem
2039 1516 2094 1562 et
2123 1507 2284 1565 factis
2316 1509 2420 1579 ipsi
2453 1521 2805 1580 praestamus.
2847 1513 2964 1570 Nisi
3019 1517 3166 1572 Deus
3219 1527 3473 1574 antever-

1897 1599 2056 1655 tisset
2078 1601 2288 1668 dicens,
2316 1618 2441 1658 cum
2471 1618 2573 1659 nos
2591 1605 2845 1670 ediceret,
2873 1624 2891 1657 ι
2924 1605 3230 1677 Faciamus,
3255 1618 3338 1664 iet
3357 1627 3377 1660 ι
3404 1611 3471 1664 ad

1897 1693 2335 1758 similitudinem,
2364 1715 2386 1748 ι
2423 1697 2530 1752 nisi
2555 1697 2717 1754 nobis
2736 1713 2858 1753 eam
2886 1699 3114 1770 largitus
3143 1709 3290 1755 esset
3319 1710 3474 1771 pote-

1899 1791 2122 1850 statem,
2176 1793 2236 1841 ut
2289 1786 2357 1842 ad
2411 1788 2535 1857 ejus
2588 1789 3007 1846 similitudinem
3067 1790 3466 1862 eliingeremur,

206 1854 338 1952 κοῦς
373 1855 529 1952 Θεοῦ,
556 1860 794 1932 Δύναμιν
821 1863 878 1918 δὲ
904 1865 1030 1932 δοὺς
1058 1870 1197 1941 πρὸς
1225 1872 1287 1926 τὸ
1309 1854 1626 1945 ὁμοιοῦσθαι
1653 1879 1788 1952 Θεῷ,

1898 1890 2179 1945 nunquam
2216 1892 2468 1934 essemus
2502 1879 2654 1933 illum
2700 1881 2914 1936 viribus
2954 1883 3162 1938 nostris
3207 1887 3470 1941 assecuti.

203 1945 426 2039 αφῆκεν
445 1950 594 2020 ἡμᾶς
613 1953 852 2024 ἐργάτας
868 1955 1006 2013 εῖναι
1023 1961 1123 2032 τῆς
1147 1963 1286 2035 πρὸς
1303 1965 1436 2021 Θεὸν
1461 1945 1792 2039 ὁμοιώσεως,

206 2035 561 2135 ἴνα-ἄγγελος
673 2045 774 2116 τῆς
812 2049 1078 2119 ἐργασίας
1126 2054 1348 2124 μισθὸς,
1383 2035 1575 2132 ἵναμὴ
1605 2035 1795 2135 ὥσπερ

202 2127 416 2225 εἰκόνες
441 2124 590 2225 ὦμεν
609 2135 763 2207 παρὰ
785 2139 1078 2211 ζωγράφου
1108 2145 1416 2217 γενόμεναι,
1447 2124 1575 2223 εἰκῖί
1601 2124 1792 2225 κείμεζ

200 2234 317 2282 ναι,
352 2221 438 2315 ἵνα
472 2223 546 2294 μὴ
576 2225 643 2280 τὰ
679 2228 780 2298 τῆς
809 2232 1085 2306 ἡμετέρας
1105 2237 1418 2308 ὁμοιώσεως
1471 2221 1614 2315 ἄλλῳ
1638 2221 1795 2300 Errat-

200 2326 299 2364 νον
344 2314 506 2385 φέρῃ.
547 2317 718 2373 Ὅταν
757 2321 866 2394 γὰρ
895 2325 997 2396 τὴν
1041 2328 1227 2384 εἰκόνα
1271 2330 1387 2403 ἴδῃς
1413 2314 1659 2405 ἀκριϐῶς
1690 2355 1790 2408 με-

201 2407 579 2476 μορφωμένην
623 2411 763 2481 πρὸς
806 2411 868 2466 τὸ
913 2417 1293 2486 πρωτότυπον,
1338 2422 1399 2474 οὐ
1447 2424 1548 2496 τὴν
1603 2407 1789 2481 εἰκόνα

191 2496 449 2560 ἐπαινεῖς
472 2542 487 2565 ,
513 2499 650 2556 ἀλλὰ
675 2503 766 2556 τὸν
789 2501 1080 2578 ζωγράφον
1113 2509 1436 2582 θαυμάζεις.
1466 2515 1584 2569 Ἵνα
1609 2517 1790 2574 τοίνυν

187 2587 266 2640 τὸ
291 2587 477 2660 θαῦμα
510 2592 642 2661 ἐμὸν
670 2593 894 2665 γένηται
925 2600 1019 2653 καὶ
1049 2601 1126 2674 μὴ
1157 2602 1458 2677 ἀλλότριον,
1488 2608 1612 2678 ἐμοὶ
1651 2627 1786 2664 κατ-

188 2679 360 2735 έλιπε
401 2683 463 2737 τὸ
498 2685 621 2738 καθ’
651 2688 912 2757 ὁμοίωσιν
946 2691 1080 2750 Θεοῦ
1115 2694 1388 2762 γενέσθαι.
1425 2699 1560 2751 Κατ’
1605 2699 1789 2756 εἰκόνα

185 2772 313 2843 γὰρ
336 2772 447 2844 εχω
464 2776 526 2828 τὸ
549 2775 766 2846 λογικὸς
783 2774 946 2844 εἶναι,
967 2782 1092 2836 καθ’
1113 2784 1374 2854 ὁμοίωσιν
1397 2787 1454 2840 δὲ
1479 2787 1704 2860 γίνομαι
1729 2791 1786 2843 ὲν

181 2864 281 2935 τῷ
319 2866 640 2936 Χριστιανὸς
670 2869 944 2938 γενέσθαι.
977 2873 1196 2928 Γίνεσθε
1225 2876 1422 2930 τέλειοι
1445 2878 1520 2942 ὡς
1547 2881 1576 2932 6
1600 2880 1786 2953 Πατὴρ

183 2955 361 3025 ὑμῶν
385 2959 413 3011 6
431 2959 682 3029 οὐράνιος
707 2961 914 3027 τέλειός
936 2966 1106 3019 ἐστιν.
1137 2962 1293 3030 Εἶδες
1325 2967 1428 3021 ποῦ
1457 2970 1786 3027 ἀποδίδωσιν

182 3050 335 3118 ἡμῖν
362 3049 392 3101 6
414 3050 618 3121 Κύριος
637 3052 700 3106 τὸ
720 3053 846 3106 καθ’
865 3055 1123 3125 ὁμοίωσιν
1142 3074 1157 3123 ;
1185 3059 1308 3112 Ὅτι
1333 3059 1425 3113 τὸν
1446 3061 1595 3132 ἥλιον
1617 3063 1782 3118 αὑτοῦ

1893 1963 2051 2026 Nunc
2085 1975 2269 2024 autem
2304 1977 2582 2039 potestate
2605 1985 2707 2026 nos
2739 1970 2870 2027 fecit
2903 1973 3113 2029 similes
3158 1973 3272 2029 Dei.
3311 1974 3473 2030 Pote.

1893 2065 2091 2114 statem
2123 2067 2310 2114 autem
2359 2061 2632 2126 tribuens,
2687 2071 2745 2117 ut
2790 2065 2914 2134 ejus
2967 2065 3178 2121 similes
3216 2066 3471 2122 reddere—

1893 2164 2037 2212 mur,
2073 2152 2326 2220 permisit
2356 2153 2540 2220 nobis,
2577 2164 2635 2209 ut
2660 2170 2911 2212 essemus
2945 2157 3097 2212 illius
3149 2157 3472 2213 similitudi-

1890 2243 1978 2298 nis
2005 2243 2313 2309 effectores,
2349 2261 2459 2315 quo
2495 2262 2706 2303 merces
2741 2249 2925 2318 operis
2962 2257 3150 2305 nostra
3191 2250 3353 2315 foret,
3399 2267 3468 2306 ne

1890 2343 2091 2389 nostra!
2120 2336 2502 2392 similitudinis
2521 2338 2737 2394 laudem
2769 2340 3032 2397 auferret.
3052 2341 3291 2408 Quando
3313 2344 3462 2399 enim

1888 2424 2116 2493 effigiem
2147 2425 2388 2496 aliquam
2429 2431 2615 2482 cernis
2659 2427 2949 2499 diligenter
2999 2429 3360 2495 elaboratam,
3415 2436 3470 2482 et

1887 2513 2169 2584 exemplar
2221 2515 2428 2584 Optime
2478 2515 2830 2579 referentem,
2878 2531 2989 2572 non
3026 2517 3203 2588 ips’am
3251 2516 3465 2580 laudas,

1888 2608 1982 2662 sed
2018 2608 2283 2676 pictorem
2310 2608 2620 2665 admiraris.
2651 2607 3018 2678 Quapropter,
3073 2617 3131 2664 ut
3161 2624 3302 2670 mea,
3360 2623 3467 2662 non

1889 2699 2120 2754 alterius
2148 2707 2301 2754 esset
2319 2699 2607 2755 admiratio
2643 2741 2658 2763 ,
2710 2701 2932 2770 reliquit
2964 2703 3116 2764 mihi,
3167 2710 3228 2756 ut
3256 2703 3320 2756 ad
3348 2703 3468 2770 ejus

1887 2789 2304 2844 similitudinem
2339 2793 2544 2847 fierem.
2577 2791 2654 2845 Ex
2677 2792 2914 2862 imagine
2942 2794 3137 2857 habeo,
3166 2802 3224 2847 ut
3253 2794 3469 2850 ratione

1886 2878 1990 2933 sim
2047 2880 2350 2951 praeditus;
2409 2895 2475 2936 ex
2507 2881 2876 2938 similitudine
2927 2891 3132 2947 autem,
3188 2895 3246 2938 ut
3289 2885 3468 2940 bonus

1883 2967 2108 3024 eliiciar.
2143 2969 2332 3025 Estote
2373 2970 2614 3039 perfecti,
2637 2973 2783 3026 sicut
2815 2971 2978 3027 Pater
3005 2981 3190 3028 vester
3227 2975 3467 3032 caelestis

1885 3060 2158 3130 perfectus
2208 3068 2315 3115 est.
2363 3059 2522 3116 Vides
2565 3062 2839 3131 quomodo
2879 3063 3038 3118 nobis
3075 3062 3344 3118 Dominus
3406 3064 3468 3118 il-

184 3139 484 3193 ἀνατέλλει
508 3143 600 3194 ἐπὶ
639 3144 911 3215 πονηροὺς
933 3148 1029 3198 καὶ
1054 3146 1314 3215 ἀγαθοὺς,
1345 3151 1438 3204 καὶ
1477 3149 1660 3223 βρέχει
1690 3155 1783 3207 ἐπὶ

1891 3151 1984 3206 Iud
2013 3151 2082 3206 ad
2107 3151 2522 3208 similitudinem
2546 3152 2777 3208 reddat?
2801 3153 3068 3220 Quoniam
3099 3156 3270 3211 solem
3301 3173 3464 3212 suum

183 3228 442 3294 δικαίους
469 3231 561 3283 καὶ
599 3231 836 3296 ἀδίκους.
877 3234 1001 3288 Ἐὰν
1030 3237 1162 3308 γένῃ
1193 3240 1576 3311 μισοπόνηρος.
1607 3245 1784 3315 ἀμνη-

186 3316 448 3381 σίκακος,
477 3319 551 3390 μὴ
575 3322 923 3392 μεμνημένος
943 3325 1042 3396 τῆς
1065 3326 1260 3398 χθιζῆς
1282 3327 1502 3401 ἔχθρας·
1534 3329 1629 3384 ἐὰν
1649 3332 1784 3407 γένῃ

187 3407 543 3478 φιλάδελφος,
566 3414 878 3486 συμπαθὴς,
908 3415 1194 3490 ὡμοιώθης
1213 3420 1351 3492 Θεῷ.
1387 3423 1511 3476 Ἐὰν
1538 3425 1680 3495 ἀφῇς
1705 3426 1782 3497 τῷ

185 3499 381 3570 ἐχθρῷ
417 3501 528 3555 ἀπὸ
560 3503 807 3573 καρδίας,
841 3506 1130 3582 ὡμοιώθης
1154 3509 1290 3581 Θεῷ.
1343 3511 1470 3565 Ἐὰν
1501 3509 1610 3578 οἷός
1634 3517 1783 3570 ἐστιν

188 3591 293 3644 ἐπὶ
316 3591 379 3644 σὲ
407 3592 501 3645 τὸν
541 3595 864 3666 ἁμαρτωλὸν
902 3601 931 3652 6
959 3599 1121 3667 Θεὸς,
1153 3603 1392 3668 τοιοῦτος
1414 3603 1548 3676 γένῃ
1572 3606 1666 3659 ἐπὶ
1688 3607 1782 3662 τὸν

187 3683 277 3744 εἰς
303 3681 368 3734 σὲ
400 3682 910 3757 πεπλημμεληκότα
943 3688 1193 3759 ἀδελφὸν,
1234 3695 1302 3763 τῇ
1353 3694 1490 3764 πρὸς
1524 3695 1615 3748 τὸν
1641 3695 1781 3769 πλη-

191 3770 315 3824 σίον
337 3771 710 3845 εὐσπλαγχνίᾳ
737 3775 1026 3848 ὡμοιώθης
1045 3779 1184 3850 Θεῷ,
1209 3780 1350 3835 ὥστε
1374 3783 1435 3835 τὸ
1456 3787 1575 3838 κατ’
1598 3786 1781 3841 εἰκόνα

193 3860 301 3930 μὲν
331 3861 500 3933 ἔχεις.
550 3865 616 3917 ἐκ
651 3865 746 3918 τοῦ
789 3866 1003 3937 λογικὸς
1045 3866 1207 3926 εἶναι’
1263 3873 1386 3928 καθ’
1419 3878 1678 3948 ὁμοίωσιν
1723 3880 1781 3934 δὲ

189 3950 323 4023 γίνῃ
357 3951 423 4004 ὲκ
451 3951 544 4004 τοῦ
577 3956 924 4028 χρηστότητα
951 3959 1259 4021 ἀναλαϐεῖν.
1285 3966 1545 4022 Ἀνάλαδε
1576 3971 1780 4040 σπλάγ-

189 4044 678 4133 χναῌοίκτιρμοῦ,
720 4050 1086 4122 χρηστότητα,
1141 4053 1227 4108 ἵνα
1277 4057 1472 4133 ἐνδύσῃ
1521 4061 1775 4132 Χριστόν.

188 4133 274 4184 Δι’
302 4125 382 4185 ὧν
406 4135 517 4205 γὰρ
549 4137 952 4209 ἀναλαμϐάνεις
975 4144 1075 4216 τὴν
1105 4125 1472 4216 συμπάθειαν,
1508 4125 1778 4208 δι’-αὑτῶν

189 4223 435 4295 Χριστὸν
454 4228 668 4302 ὲνδύνῃ,
692 4232 788 4285 καὶ
808 4235 874 4304 τῇ
903 4235 1042 4305 πρὸς
1067 4238 1230 4291 αὐτὸν
1247 4241 1520 4295 οἰκειώσει
1545 4246 1778 4299 οἰκειού-

194 4333 364 4384 μενος
389 4317 528 4388 Θεῷ.
568 4321 755 4386 Οὕτως
786 4326 820 4394 ἡ
857 4326 1063 4398 ἱστορία
1097 4329 1378 4395 παίδευσίς
1401 4334 1518 4388 ἐστι
1541 4335 1634 4388 τοῦ
1661 4337 1776 4407 βίου

187 4409 287 4461 τοῦ
347 4409 708 4482 ἀνθρωπίνου.
767 4432 789 4466 ι
831 4417 1156 4490 Ποιήσωμεν
1206 4421 1490 4494 ἄνθρωπον
1529 4429 1650 4481 κατ’
1697 4433 1777 4483 εἰσ

1843 3242 2019 3324 ξονίνὶ
2054 3242 2185 3297 facit
2216 3258 2380 3314 super
2437 3244 2611 3299 malos
2659 3251 2715 3300 et
2757 3243 2956 3309 bonos,
3008 3254 3061 3300 et
3116 3246 3255 3315 pluit
3301 3262 3467 3317 super

1883 3333 2064 3404 justos
2083 3343 2138 3388 et
2166 3334 2425 3404 injustos.
2457 3332 2514 3388 Si
2564 3335 2748 3389 oderis
2773 3335 3002 3397 scelera,
3051 3336 3099 3390 si
3138 3335 3462 3404 injuriarum

1889 3427 2210 3482 memoriam
2267 3425 2560 3489 deleveris,
2613 3426 2660 3480 si
2711 3425 2996 3481 hesternas
3049 3427 3380 3491 simultates,
3411 3435 3466 3482 et

1888 3514 2203 3569 inimicitias
2241 3514 2521 3588 voblivione
2556 3514 2862 3568 voluntaria
2893 3515 3238 3586 deposueris,
3272 3515 3317 3570 si
3361 3514 3466 3568 fra-

1885 3613 2025 3660 trem
2057 3620 2263 3669 amore,
2298 3605 2696 3669 benevolentia,
2735 3606 3089 3673 benignitate,
3138 3607 3454 3660 misericor-

1889 3694 1979 3746 dia
2021 3707 2349 3763 complexus
2381 3694 2575 3758 fueris,
2611 3693 2722 3747 Deo
2748 3696 2947 3749 Similis
2982 3703 3204 3749 evades.
3241 3696 3296 3748 Si
3320 3699 3464 3764 inju-

1887 3784 2002 3840 rias
2031 3800 2097 3840 ex
2123 3785 2316 3840 intimo
2342 3785 2508 3840 corde
2531 3785 2844 3851 remiseris,
2875 3783 2986 3842 Deo
3009 3786 3210 3842 similis
3237 3787 3458 3843 evades.

1889 3877 1970 3943 Si,
2007 3878 2188 3947 qualis
2221 3884 2307 3932 est
2339 3892 2472 3946 erga
2516 3884 2570 3932 te
2601 3887 2950 3947 peccatorem
2983 3878 3146 3938 Deus.
3201 3881 3360 3934 talem
3409 3890 3461 3936 te

1884 3969 2190 4040 praebueris
2231 3969 2570 4037 delinquenti
2609 3968 2788 4032 fratri,
2841 3977 2932 4024 tua
2967 3985 3098 4041 erga
3147 3973 3456 4041 proximum

1884 4065 2038 4113 tuum
2071 4057 2454 4113 misericordia
2491 4055 2604 4113 Deo
2663 4058 2866 4115 similis
2896 4060 3117 4114 evades.
3155 4059 3334 4115 Habes
3359 4061 3459 4131 igi-

1884 4159 1973 4204 tur
2011 4151 2304 4220 imaginem
2338 4166 2403 4204 ex
2451 4166 2550 4215 eo,
2595 4150 2742 4220 quod
2805 4153 3036 4207 rationis
3079 4169 3141 4208 es
3193 4169 3454 4224 compos:

1882 4243 2295 4297 similitudinem
2330 4251 2536 4305 autem,
2567 4243 2694 4312 quia
2717 4242 2998 4309 virtutem,
3042 4244 3366 4312 probitatem
3403 4255 3458 4302 et

1881 4334 2184 4388 bonitatem
2213 4333 2566 4403 amplexaris.
2594 4332 2829 4403 Suscipe
2854 4334 3022 4404 igitur
3047 4335 3257 4389 viscera
3293 4337 3456 4390 mise-

1880 4420 2156 4483 ricordiae,
2181 4420 2593 4475 beneficentiam
2610 4437 2830 4483 exerce,
2847 4432 2909 4476 ut
2927 4423 3128 4479 induas
3145 4424 3451 4482 Christum.

189 4501 351 4554 κύνα.
409 4520 430 4552 ι
501 4503 650 4573 Ἔχω
688 4500 783 4558 οὖν
837 4507 896 4559 ὲν
943 4509 1008 4579 τῇ
1065 4510 1240 4563 κτίσει
1288 4513 1349 4565 τὸ
1397 4515 1517 4568 κατ’
1568 4518 1772 4574 εἰκόνω

1890 4510 1984 4565 Per
2007 4526 2150 4580 quos
2180 4512 2328 4566 enim
2364 4512 2686 4568 misericors
2733 4522 2787 4568 et
2820 4515 3091 4584 benignus
3121 4531 3204 4579 es,
3240 4531 3336 4586 per
3357 4532 3453 4571 cos

191 4592 421 4662 γίνομαι
459 4591 518 4646 δὲ
573 4597 641 4665 τῇ
676 4595 968 4665 προθέσει,
1022 4602 1116 4653 καὶ
1169 4601 1292 4656 καθ’
1336 4605 1616 4674 ὁμοίωσιν.
1664 4610 1774 4662 Ποῦ

1890 4603 2162 4658 Christum
2203 4603 2410 4664 induis,
2441 4604 2758 4674 Christique
2789 4605 3202 4661 necessitudine
3231 4614 3285 4661 et
3317 4623 3452 4662 con-

192 4696 288 4733 σου
357 4681 391 4750 ἡ
459 4681 653 4752 χάριςς
713 4682 802 4736 διὰ
853 4683 906 4736 τί
967 4686 1032 4739 σὺ
1082 4689 1410 4756 ὲστεφανοῦς
1477 4692 1538 4746 Εἰ
1585 4693 1691 4765 γὰρ
1750 4697 1778 4748 ό

1899 4697 2160 4748 unctione
2189 4709 2314 4748 cum
2359 4694 2470 4748 Deo
2516 4695 2873 4765 conjungcris
2903 4712 2968 4752 ac
3000 4698 3320 4754 devinciris.
3349 4698 3451 4750 At-

189 4771 538 4842 Δημιουργὺς
565 4773 624 4825 τὸ
649 4773 768 4826 ὅλον
797 4775 1044 4829 ἀπέδωκε
1068 4818 1082 4841 ,
1113 4777 1229 4840 πῶς
1258 4780 1324 4834 ἄν
1357 4797 1438 4834 σοι
1468 4783 1501 4852 ή
1531 4783 1777 4851 βασιλεία

1890 4802 1986 4856 que
2025 4785 2130 4839 hoc
2166 4786 2326 4840 modo
2355 4786 2586 4842 historia
2617 4794 2702 4841 est
2737 4788 2988 4842 humanae
3019 4789 3143 4842 vitae
3175 4789 3448 4844 institutio

189 4863 301 4913 τῶν
337 4862 584 4933 οὐρανῶν
625 4865 906 4934 hirci-fero;
952 4867 1067 4921 Νῦν
1106 4868 1164 4921 δὲ
1207 4869 1270 4922 τὸ
1303 4871 1400 4941 μὲν
1433 4872 1677 4944 ὲδόθη,τὸ
1721 4874 1778 4928 δὲ

1890 4887 2040 4948 itque
2075 4877 2412 4931 informatio.
2447 4895 2466 4929 ι
2507 4875 2803 4933 Faciamus
2834 4879 3108 4934 hominem
3136 4881 3204 4933 ad
3250 4881 3445 4950 imagi-

189 4951 385 5015 ἀτελὲς
435 4953 798 5027 κατελείφθηυ
849 4957 935 5010 ἵνα
987 4961 1212 5013 σεαυτὸν
1260 4962 1580 5031 τελειώσας,
1631 4963 1773 5032 ἄξιος

1890 4984 2019 5023 rem.
2047 4988 2066 5019 ι
2096 4967 2270 5023 Habet
2295 4969 2461 5022 homo
2511 4971 2564 5023 in
2590 4969 2872 5023 creatione
2902 4985 3026 5031 sua,
3048 4978 3104 5023 ut
3130 4971 3202 5025 sit
3221 4971 3286 5022 ad
3307 4972 3445 5024 ima-

187 5043 324 5114 γένῃ
353 5043 452 5115 τῆς
483 5045 636 5115 παρὰ
670 5046 765 5100 τοῦ
791 5047 927 5100 Θεοῦ
962 5049 1396 5117 μισθαποδοσίας.

1890 5058 2076 5128 ginem,
2098 5057 2190 5109 fiat
2215 5058 2280 5111 ad
2306 5058 2742 5112 similitudinem.
2763 5055 2864 5112 Ubi
2885 5059 2981 5112 tibi
3011 5059 3218 5127 gratia?
3241 5057 3446 5123 Quam-

176 5138 374 5191 obrem
420 5136 755 5192 coronaris?
794 5137 854 5193 Si
887 5139 1120 5197 Creator
1158 5143 1346 5198 omnia
1376 5144 1547 5208 dedit,
1589 5151 1870 5216 quomodo
1905 5152 2002 5205 tibi
2044 5160 2190 5222 patet
2215 5165 2479 5205 ascensus
2510 5151 2563 5203 in
2593 5151 2837 5204 cmlum?
2868 5149 3046 5205 Unum
3073 5151 3240 5220 igitur
3269 5150 3439 5214 dedit,

176 5229 415 5282 alterum
451 5230 770 5285 inchoatum
788 5233 1036 5304 reliquit,
1055 5243 1115 5290 ut
1132 5245 1185 5292 te
1212 5238 1332 5307 ipse
1361 5239 1652 5308 perficiens
1679 5240 1879 5314 dignus
1896 5245 2016 5306 llas,
2041 5244 2135 5314 qui
2177 5258 2205 5296 a
2232 5242 2343 5297 Deo
2359 5244 2638 5312 praemium
2663 5252 2715 5299 et
2732 5244 3038 5299 mercedem
3061 5245 3438 5313 consequaris.

241 5327 371 5390 Πῶς
401 5322 495 5381 οῦν
525 5327 791 5398 γινόμεθα
817 5327 940 5383 καθ’
986 5328 1275 5399 ὁμοίωσιν;
1306 5328 1407 5382 Διὰ
1437 5329 1544 5382 τῶν
1573 5330 1752 5398 Εὐαγ-

1931 5336 2214 5403 Quomodo
2251 5337 2413 5407 igitur
2445 5337 2512 5390 ad
2550 5333 2968 5390 similitudinem
3001 5331 3298 5386 eﬂicimur?
3326 5331 3432 5399 Per

169 5419 390 5488 γελίων.
415 5418 480 5470 Τί
505 5420 625 5471 ἐστι
651 5417 1077 5490 Χριστιανισμός
1101 5435 1114 5482 ;
1153 5418 1288 5471 Θεοῦ
1321 5420 1582 5490 ὁμοίωσις
1611 5420 1754 5474 κατὰ

1890 5428 2236 5497 ἰνεηεειὶυω.
2274 5425 2416 5492 Quid
2466 5427 2612 5480 enim
2656 5423 2805 5478 aliud
2854 5430 2960 5486 est,
3001 5438 3123 5477 esse
3160 5422 3422 5477 Christia-

168 5512 232 5564 τὸ
263 5511 615 5581 ἐνδεχόμενον
646 5510 934 5584 ἀνθρώπου
967 5513 1146 5580 φύσει.
1181 5509 1248 5564 Εἰ
1274 5510 1506 5575 ἀνεδέξω
1530 5511 1591 5564 τὸ
1615 5508 1757 5566 εἶναι

1890 5535 2016 5582 ιυιιι,
2038 5518 2143 5574 nisi
2178 5519 2379 5572 habere
2404 5533 2529 5571 cum
2561 5518 2666 5570 Deo
2681 5515 3120 5577 similitudinem,
3155 5515 3423 5585 quatenus

169 5602 520 5672 Χριστιανὸς,
556 5602 840 5674 ἐπείχθητι
867 5603 1117 5672 γενέσθαι
1146 5604 1330 5672 ὅμοιος
1365 5602 1503 5672 Θεῷ,
1540 5603 1756 5658 ἔνδυσαι

1890 5610 2010 5680 :apit
2026 5609 2261 5663 humana
2293 5608 2523 5662 natura?
2562 5606 2815 5669 Proinde,
2845 5606 3104 5678 quoniam
3150 5608 3424 5676 accepisti,

175 5695 433 5764 Χριστόν.
464 5693 591 5756 Πῶς
635 5694 692 5746 δὲ
726 5695 918 5768 ἐνδύσῃ
946 5699 974 5750 6
1015 5697 1077 5750 τὸ
1107 5697 1389 5766 βάπτισμα
1424 5697 1500 5765 μὴ
1538 5696 1755 5764 λαϐών;

1890 5709 1926 5752 ιι
1959 5716 2110 5755 esses
2141 5699 2510 5762 Christianus,
2542 5713 2762 5767 operam
2787 5697 2878 5763 da,
2925 5705 2985 5750 ut
3013 5697 3090 5751 sis
3124 5695 3231 5749 Deo
3277 5697 3424 5750 simi-

173 5787 202 5837 ὁ
243 5786 309 5838 τὸ
338 5785 546 5855 ἔνδυμα
575 5786 672 5856 τῆς
702 5787 1008 5859 ἀφθαρσίας
1041 5789 1114 5859 μὴ
1145 5787 1467 5855 δεξάμενος;
1502 5787 1758 5859 ἀποπέμ-

1890 5793 1934 5845 is
1963 5812 1974 5845 :
2007 5791 2172 5846 indue
2201 5792 2480 5845 Christum
2512 5807 2525 5854 ;
2566 5805 2676 5859 quo
2720 5799 2901 5844 autem
2955 5797 3117 5858 pacto
3157 5789 3308 5842 illum
3342 5787 3424 5839 in-

180 5893 296 5940 πεις
333 5876 429 5948 τὴν
460 5876 595 5948 πρὸς
623 5877 757 5931 Θεὸν
795 5879 1080 5949 όμοίωσιν;
1118 5881 1177 5933 Εἰ
1209 5877 1391 5946 ἔλεγόν
1430 5895 1530 5947 σοι,
1568 5880 1756 5951 Δεῦρο,

1890 5883 2023 5948 lues,
2054 5883 2158 5939 nisi
2189 5883 2307 5954 cjus
2348 5882 2579 5954 signeris
2609 5881 2778 5936 uota?
2812 5881 2917 5937 nisi
2947 5881 3276 5939 bantismum
3306 5894 3425 5935 sus-
