3886 6214
433 357 556 452 επὶ

1635 411 1692 467 S.
1730 411 1821 468 C'll
1831 410 2060 467 EGORH
2097 411 2392 469 NYSSENI

3593 414 3697 468 278

434 511 653 581 cipias?
699 513 804 568 nisi
868 529 1056 586 capias
1109 515 1540 590 incorruptionis
1587 524 2008 578 indumentum?

2115 525 2268 594 γενοῦ
2301 525 2486 594 ὅμοιος
2526 523 2749 592 βασιλεῖ,
2779 523 2880 576 ούκ
2918 521 2993 577 ἂν
3013 523 3186 593 εύεργ⁸
3209 539 3306 593 την
3335 541 3403 593 με
3435 521 3702 593 {arpi-mg;

438 602 716 674 llepudias
744 606 1162 664 similitudinem
1195 610 1325 665 Dei?
1354 613 1399 668 si
1427 613 1693 670 dixissem
1731 615 1853 680 tibi,
1878 617 2012 687 Age-

435 695 590 760 dum,
613 703 732 751 esto
763 697 960 754 similis
995 698 1146 772 Regi,
1166 717 1352 759 nonne
1381 705 1616 760 amicum
1647 723 1731 762 me
1753 723 1817 762 ac
1847 709 2012 763 bene-

438 788 600 840 licum
622 787 1197 847 existimares?N~unc
1241 803 1420 850 autem
1470 799 1595 853 volo
1635 807 1688 853 te
1731 800 1823 855 Dei
1867 801 2010 856 simi-

439 876 544 930 lem
571 892 714 943 esse,
748 886 803 933 et
833 880 1140 937 orationem
1191 891 1244 937 te
1305 883 1466 939 deum
1500 887 1822 944 efﬁcientem
1867 889 2008 960 fugis

435 979 491 1022 et
523 973 836 1040 aspernaris
857 975 882 1025 ί
901 982 958 1029 et-
980 989 1144 1031 aures
1189 976 1455 1043 obstruis,
1505 995 1575 1034 ne
1601 981 1764 1035 verba
1814 983 2008 1036 salutis

437 1063 742 1118 exaudias?
784 1064 894 1119 ιΕι
938 1065 1068 1122 fecit
1116 1067 1259 1124 Deus
1294 1069 1569 1125 hominem
1617 1072 1683 1126 ad
1721 1073 2009 1143 imaginem

439 1169 617 1208 suam.
653 1172 672 1206 ι
707 1153 991 1210 Hominem
1017 1158 1215 1229 (inquit
1242 1159 1460 1231 mulier)
1495 1161 1569 1215 ita
1605 1162 1864 1232 scriptum
1904 1175 2008 1226 est,

438 1255 492 1298 ut
512 1244 598 1298 vir
627 1253 839 1301 tantum
871 1247 1225 1321 intelligatur.
1251 1252 1392 1318 Quid
1422 1253 1589 1324 igitur
1619 1256 1685 1310 ad
1709 1257 1833 1312 me?
1853 1256 1920 1312 At
1944 1274 2012 1313 ne

437 1335 678 1394 hominis
711 1339 1072 1409 appellatione
1116 1345 1292 1400 virum
1350 1345 1616 1401 duntaxat
1659 1347 2011 1419 intelligeres,

437 1445 500 1484 su
511 1429 724 1501 bjecit,g
749 1431 1047 1488 Masculum
1067 1445 1121 1490 et
1139 1435 1396 1492 feminam
1425 1437 1552 1493 fecit
1567 1453 1682 1496 eos.
1699 1458 1719 1490 ι
1741 1439 1804 1494 Et
1821 1441 2016 1496 mulier

437 1521 662 1590 perinde
690 1530 854 1594 atque
870 1525 953 1578 vir
984 1525 1052 1580 ad
1078 1528 1370 1598 imaginem
1399 1528 1497 1586 Del
1531 1530 1673 1588 facta
1705 1541 1810 1589 est.
1847 1533 2014 1588 Eum-

437 1613 559 1668 dem
591 1614 857 1672 honorem
892 1618 1092 1673 habent
1114 1621 1288 1676 ambae
1317 1631 1546 1686 naturae,
1574 1638 1732 1692 pares
1759 1625 2012 1688 virtutes,

437 1703 626 1758 eadem
661 1707 979 1772 certamina,
1023 1708 1163 1762 idem
1184 1709 1476 1779 judicium.
1503 1709 1582 1766 Ne
1604 1713 1848 1769 dixeris:
1880 1714 2012 1769 Sum

439 1794 730 1852 imbecilla.
754 1797 1108 1856 imbecillitas
1128 1801 1183 1856 in
1214 1817 1380 1856 carne
1399 1810 1504 1868 est,
1539 1803 1594 1858 in
1619 1805 1804 1860 animo
1831 1815 2010 1861 autem

438 1887 522 1943 vis
554 1904 618 1943 ac
648 1890 840 1945 robur.
892 1892 1164 1958 Quoniam
1222 1895 1388 1965 igitur
1419 1899 1648 1967 aqualis
1692 1908 1777 1952 est
1811 1899 2007 1966 virtus,
2043 1873 2087 1930 Β

438 1993 539 2048 par
571 1979 734 2035 etiam
764 1982 838 2036 sit
863 1983 1128 2038 bonorum
1173 2001 1403 2057 cperum
1436 1990 1855 2045 demonstratio.
1889 1990 2008 2046 Non

438 2083 644 2131 temere
683 2078 898 2134 mulieri
943 2095 1006 2135 ea
1057 2079 1183 2134 data
1215 2090 1302 2136 cst
1350 2083 1659 2148 mollitudo,
1709 2085 1805 2140 sed
1843 2096 1900 2140 ut
1941 2087 2010 2141 ad

440 2166 831 2224 humanitatem
855 2169 1068 2226 facilior
1089 2173 1181 2240 sit,
1213 2174 1279 2229 ad
1308 2175 1856 2248 misericordiamque
1885 2194 2012 2249 pro-

439 2260 679 2328 pensior.
711 2263 769 2316 ln
799 2263 962 2319 rebus
1001 2273 1200 2330 autem,
1233 2281 1355 2336 quae
1387 2267 1764 2323 fortitudinem
1820 2279 2010 2338 postu-

439 2350 576 2411 lant,
610 2351 838 2406 robusta
873 2362 977 2421 est,
1002 2355 1055 2409 in
1092 2356 1293 2427 vigiliis
1323 2366 1378 2412 et
1409 2359 1690 2414 laboribus
1724 2369 2009 2416 constans.

437 2442 670 2508 Quando
703 2453 884 2515 potest
909 2446 1148 2505 hominis
1183 2460 1378 2506 natura
1401 2468 1524 2507 cum
1550 2453 1765 2508 feminae
1799 2453 2014 2510 fortiter

436 2535 606 2588 vitam
646 2537 856 2606 agentis
905 2547 1102 2594 natura
1136 2543 1504 2598 contendere?
1551 2543 1788 2610 Quando
1831 2553 2014 2614 potest

436 2629 602 2686 homo
658 2632 865 2686 firmam
914 2634 1196 2689 mulierem
1250 2636 1303 2689 in
1344 2635 1570 2706 jejuniis
1616 2639 2012 2693 continentiam

436 2722 674 2776 imitari?
702 2721 932 2788 Quando
958 2732 1139 2794 potest
1181 2741 1400 2796 aequare
1442 2722 1693 2781 sedulum
1733 2741 1922 2781 earum
1957 2727 2011 2781 in

437 2814 848 2883 precationibus
881 2817 1146 2881 studium,
1179 2817 1324 2887 piam
1348 2817 1416 2871 ad
1446 2817 1859 2888 lacrymandum
1890 2834 2015 2889 pro-

435 2907 780 2975 pensionem,
826 2918 880 2962 et
909 2922 1134 2977 prcnam
1161 2907 1225 2961 ad
1259 2907 1721 2964 benemerendum
1780 2910 2014 2964 facilita-

436 3003 545 3050 tem
562 2996 593 3048 ί
624 2993 743 3050 Vidi
771 3013 871 3067 ego
901 2997 1156 3052 feminam
1189 2998 1330 3052 clam
1356 2998 1745 3056 honestissimo
1773 3009 2012 3055 utentem

437 3085 653 3141 furandi
687 3103 902 3157 genere.
947 3086 1072 3143 Haec
1099 3089 1275 3143 inscio
1321 3092 1520 3144 marito
1552 3091 1619 3145 de
1646 3105 1706 3144 re
1752 3089 2010 3146 familiari

439 3169 770 3248 pauperibus
794 3179 1147 3250 largiebatur.
1180 3179 1292 3236 Pro
1315 3181 1418 3236 viri
1453 3181 1737 3248 felicitate,
1792 3196 1892 3252 pro
1938 3183 2011 3237 fa-
2039 3210 2082 3268 ρ

440 3269 605 3323 milia:
652 3271 1032 3340 prosperitate,
1068 3288 1169 3342 pro
1211 3273 1596 3328 incolumitate
1640 3274 1872 3328 filiorum
1910 3274 2012 3328 im-

437 3359 710 3429 pertiebat
754 3362 940 3416 celans
970 3363 1282 3426 virum,sed
1317 3379 1416 3433 pro
1440 3364 1560 3434 ipso
1589 3363 1728 3419 viro.
1761 3363 1869 3420 Pro
1890 3366 2010 3436 ipso

437 3449 700 3517 donabat,
726 3451 816 3520 qui
849 3451 1052 3506 factum
1082 3454 1383 3508 nesciebat.
1414 3453 1468 3509 Id
1511 3455 1657 3509 enim
1727 3456 2012 3524 praestabat

441 3539 499 3593 in
533 3540 762 3609 gratiam
789 3540 959 3606 illius,
980 3542 1071 3610 qui
1100 3543 1245 3597 videt
1279 3544 1332 3598 in
1354 3544 1696 3606 abscondito.
1724 3561 1825 3600 nec
1856 3546 2015 3601 bene-

441 3633 580 3686 facta
617 3650 712 3687 sua
745 3634 1079 3703 divulgabat.
1117 3635 1181 3689 Et
1211 3636 1408 3690 mulier
1439 3637 1601 3706 igitur
1623 3637 1807 3703 habet,
1859 3649 1919 3692 ut
1945 3642 2010 3696 ad

440 3724 734 3794 imaginem
766 3725 857 3780 sit.
882 3724 960 3780 Ne
990 3727 1310 3782 consideres
1344 3728 1643 3791 hominem,
1669 3729 1764 3798 qui
1792 3731 2006 3784 extrin-

440 3831 603 3872 secus
640 3824 745 3871 est.
772 3815 867 3872 l‘lle
891 3817 1038 3874 enim
1076 3829 1161 3874 est
1213 3826 1473 3888 tanquam
1518 3819 1719 3875 velum.
1780 3823 2013 3880 Animus

2125 619 2339 689 Ἐπειδὴ
2385 617 2644 688 βούλομαί
2691 633 2750 670 σε
2781 619 2964 688 ὅμοιον
3004 615 3145 687 Θεῷ⁶
3165 617 3387 687 ποιῆσαι
3413 657 3427 679 ,
3471 615 3700 686 φεύγεις

2110 707 2201 760 τὸν
2230 706 2387 775 λόγον
2412 706 2501 758 τὸν
2525 704 2878 759 θεοποιοῦντά
2902 722 2982 772 σε,
3007 695 3448 776 ἐπιφραξάμενος
3462 706 3531 759 τά
3555 700 3700 769 ὤεα,

2113 799 2201 852 ἵνα
2232 798 2366 868 μηδὲ
2388 797 2626 868 ἀκούσῃς
2657 797 2764 850 τῶν
2789 799 3070 869 σωτηρίων
3096 798 3290 864 ὶόγων;
3324 816 3340 848 ι
3371 798 3480 850 Καὶ
3509 799 3707 867 ἐποίη-

2113 906 2204 942 σεν
2232 890 2262 940 ὁ
2290 889 2423 952 θεὸς
2455 888 2547 941 τὸν
2590 888 2878 960 ἄνθρωπον
2905 889 3026 942 κατ’
3054 889 3259 941 είκόνα.
3303 907 3323 941 ι
3357 888 3460 941 Τὸν
3488 888 3704 959 ἄνθρω-

2114 997 2234 1045 πον,
2265 979 2433 1051 φησὶν
2483 981 2518 1050 ἠ
2555 981 2714 1052 γυνὴ,
2755 980 2808 1033 τί
2851 981 2988 1052 πρὸς
3020 983 3156 1052 ἑμές
3206 984 3234 1035 ὁ
3269 981 3409 1054 ἀνὴρ
3441 981 3706 1049 ἐγένετο⁸

2113 1074 2172 1126 οὐ
2199 1072 2308 1143 γὰρ
2338 1067 2456 1125 εἷπε
2495 1071 2592 1144 τὴν
2623 1073 2928 1144 ἄνθρωπον,
2962 1075 3146 1145 φησὶν,
3192 1074 3328 1128 ἀλλὰ
3358 1076 3425 1144 τῇ
3469 1072 3566 1126 τοῦ
3595 1072 3703 1143 ἄρ-

2115 1164 2244 1236 θρου
2270 1165 2556 1237 προσθήκῃ
2595 1165 2657 1218 τὸ
2681 1166 2970 1236 ἀρρενικὸν
2999 1165 3278 1236 ἐνέφηνεν.
3320 1163 3460 1218 Ἀλλ’
3500 1163 3589 1215 ἵνα
3625 1162 3713 1233 μὴ

2113 1258 2341 1328 ἀμαθῶς
2383 1275 2466 1322 τις
2502 1259 2570 1328 τῇ
2609 1257 2704 1310 τοῦ
2745 1255 3034 1327 ἀνθρώπου
3079 1256 3417 1328 προσηγορίᾳ
3469 1255 3562 1307 ἐπὶ
3606 1253 3704 1305 τοῦ

2113 1350 2308 1421 ἀνδρὸς
2424 1349 2584 1421 μόνον
2623 1349 2982 1420 κεχρημένος,
3019 1347 3379 1420 προσέθηκεν,
3437 1366 3454 1396 ι
3496 1345 3707 1415 Ἀρσεν

2115 1442 2208 1492 καὶ
2235 1439 2369 1512 θῆλυ
2398 1440 2651 1511 ἐποίησεν
2682 1438 2898 1502 αὐτούς.
2938 1457 2956 1490 ι
2988 1439 3099 1491 Καὶ
3123 1439 3156 1507 ἠ
3186 1436 3322 1506 γυνὴ
3353 1435 3466 1505 ἔχει
3491 1434 3551 1486 τὸ
3580 1432 3706 1486 κατ’

2115 1532 2299 1585 εἰκόνα
2314 1531 2450 1585 Θεοῦ
2466 1531 2817 1602 γεγενῆσθαι,
2843 1531 2919 1594 ὡς
2938 1531 3032 1584 καὶ
3057 1531 3085 1582 ὁ
3107 1529 3207 1599 ὀινὴ
3219 1545 3266 1600 ρ.
3314 1528 3544 1598 Ὁμοίως
3567 1525 3714 1596 69.6-

2114 1641 2263 1694 τιμοι
2291 1624 2348 1677 αἱ
2379 1623 2589 1692 φύσεις,
2623 1623 2735 1676 ἴσαι
2765 1625 2820 1676 αἱ
2869 1622 3083 1692 ἀρεταί·
3119 1617 3258 1674 ἆθλα
3306 1621 3417 1681 ίσα,
3452 1619 3485 1688 ἡ
3525 1633 3707 1670 κατα-

2115 1717 2238 1787 δίκη
2268 1716 2452 1786 ὁμοία.
2496 1715 2586 1787 Μὴ
2611 1715 2835 1783 λεγέτω,
2876 1713 3134 1783 Ἀσθενής
3162 1714 3298 1782 είμι.
3353 1711 3416 1762 Ἦ
3447 1708 3707 1763 ἀσθένεια

2121 1809 2345 1879 σαρκὸς,
2396 1810 2455 1860 ὲν
2495 1806 2640 1878 ψυχῇ
2677 1807 2740 1859 τὸ
2784 1805 3010 1859 δυνατόν
3059 1807 3223 1857 ἐστιν.
3269 1801 3483 1872 Ἐπειδὴ
3520 1800 3710 1853 τοίνυν

2114 1899 2372 1971 ὁμότιμος
2395 1902 2429 1971 ἡ
2459 1899 2600 1952 κατὰ
2624 1898 2756 1951 Θεὸν
2779 1896 2966 1960 εἰκὼν,
2986 1897 3246 1967 ὁμότιμος
3276 1895 3416 1948 ἔστω
3441 1895 3475 1963 ἠ
3505 1891 3716 1963 ἀρετὴ..

2113 1993 2147 2062 ἡ
2177 1991 2282 2044 τῶν
2305 1990 2521 2058 ἀγαθῶν
2549 1989 2724 2062 ἔργων
2749 1988 3027 2056 ἐπίδειξις.
3061 1988 3202 2041 Οὑδε
3235 1987 3334 2057 μία
3364 1982 3712 2055 παραίτησίς

2113 2085 2230 2137 ἐστι
2263 2083 2340 2152 τῷ
2369 2082 2680 2153 βουλομένῳ
2713 2079 3145 2152 προφασίζεσθαι
3171 2077 3395 2139 ἀσθενὲς
3425 2076 3486 2128 τὸ
3517 2073 3708 2144 σῶμα.

2113 2176 2249 2229 Οὐδὲ
2279 2175 2440 2228 τοῦτο
2471 2173 2676 2238 ἁπλῶς
2709 2171 2845 2225 ἀλλὰ
2871 2169 3078 2224 ἁπαλὸν
3107 2169 3206 2240 μὲν
3231 2167 3320 2220 διὰ
3347 2166 3448 2236 τὴν
3477 2163 3708 2234 συμπάο

2114 2264 2285 2329 θειαν,
2319 2263 2534 2316 εὔτονον
2557 2262 2613 2316 δὲ
2637 2264 2695 2314 ὲν
2715 2259 3057 2332 καρτερίαις,
3087 2257 3338 2310 σύντονον
3359 2254 3416 2306 δὲ
3443 2255 3499 2305 ὲν
3532 2254 3712 2322 ἀγρυ-

2119 2357 2323 2420 πνίαις.
2371 2356 2506 2409 Πότε
2539 2355 2758 2408 δύναται
2796 2352 3086 2424 ἀνθρώπου
3124 2349 3286 2418 φύσις
3337 2343 3710 2415 άμιλληθῆναι

2113 2449 2373 2518 γυναικὸς
2390 2448 2548 2517 φύσει
2569 2444 2915 2518 καρτερικῶς
2936 2442 3196 2512 διαγούσῃ
3215 2441 3308 2492 τὸν
3330 2439 3527 2508 ἑαυτῆς
3554 2436 3674 2507 βίον
3688 2452 3712 2499 ;

2114 2540 2252 2592 Πότε
2285 2538 2348 2591 τὸ
2377 2539 2436 2590 ἐν
2471 2538 2746 2608 νηστείαις
2780 2533 2998 2587 εὔτονον
3041 2529 3316 2600 γυναικῶν
3360 2525 3707 2598 μιμήσασθαι

2073 2617 2077 2620 ’
2111 2632 2336 2687 δύναται
2375 2631 2680 2702 ἄνθρωπος,
2715 2629 2777 2682 τὸ
2821 2629 2880 2680 ὲν
2923 2627 3254 2699 προσευχαῖς
3308 2623 3624 2692 φιλόπονον,
3651 2618 3718 2671 rb.

2113 2725 2171 2777 ἐν
2191 2725 2418 2796 δάκρυσι
2442 2723 2680 2793 δαψιλὲς,
2710 2722 2772 2776 τὸ
2804 2723 2932 2792 περὶ
2969 2720 3220 2781 εὐποιίας
3269 2716 3516 2786 ἓτοιμον;
3553 2708 3712 2766 Εἷδοι

2114 2817 2224 2886 ἐγὼ
2277 2818 2512 2884 γυναῖκα
2534 2857 2549 2878 ,
2593 2815 2768 2886 λάθρα
2817 2813 3158 2867 κλέπτουσαν
3204 2807 3346 2862 καλὰ
3388 2805 3705 2876 κλέμματα,

2113 2911 2241 2964 ἄνευ
2268 2908 2360 2962 τοῦ
2389 2907 2582 2979 ἀνδρὸς
2608 2906 2709 2970 τὰς
2757 2905 3004 2967 εὐποιίας
3033 2901 3292 2955 ποιοῦσαν
3317 2899 3457 2967 ὑπὲρ
3488 2895 3705 2966 ἀνδρὸς.

2114 3001 2255 3071 ὑπὲρ
2282 3000 2563 3070 αὐξήσεως
2594 2999 2768 3063 οίκου,
2822 2995 2960 3068 ὑπὲρ
2981 2994 3186 3047 τέκνων
3224 2989 3506 3060 διαμονῆς,
3532 2984 3719 3039 διδοῦ-

2115 3109 2215 3145 σαν
2241 3093 2333 3144 καὶ
2359 3090 2730 3144 λανθάνουσαν
2775 3088 2870 3141 τοῦ
2913 3086 3104 3157 ἀνδρὸς
3135 3083 3232 3154 τὴν
3258 3081 3483 3151 γνῶσιν.
3532 3077 3721 3148 ’Υπὲρ

2115 3185 2277 3238 αὑτοῦ
2299 3183 2559 3237 ὲκόάλλου
2569 3200 2664 3236 σαν
2688 3183 2780 3235 καὶ
2803 3179 2966 3233 αὑτὸν
2987 3175 3467 3247 ἀποκρύπτουσαν.
3503 3173 3574 3222 Ὀ
3603 3169 3716 3239 γάρ

2114 3276 2288 3329 ὲποίει
2308 3317 2321 3340 ,
2352 3276 2525 3328 ἐποίει
2564 3275 2641 3344 τῷ
2671 3273 2921 3344 βλέποντι
2950 3273 3006 3322 ὲν
3029 3269 3108 3339 τῷ
3145 3265 3370 3338 κρυπτῷ
3391 3307 3404 3329 ,
3444 3262 3506 3315 ού
3536 3263 3708 3330 δημο-

2117 3367 2370 3420 σιεύουσα
2413 3365 2612 3434 ἑαυτῆς
2649 3364 2746 3434 τὴν
2785 3363 3054 3415 εὐποιΐαν.
3098 3361 3163 3411 'H
3201 3355 3381 3426 ἀγαθὴ
3412 3353 3552 3424 γυνὴ
3599 3353 3712 3422 ἔχει

2115 3462 2175 3514 τὸ
2199 3461 2317 3513 κατ’
2349 3459 2549 3512 εἰκόνα.
2579 3456 2672 3528 Μὴ
2695 3457 2925 3528 πρόσεχε
2965 3451 3043 3523 τῷ
3078 3450 3184 3516 ἔξω
3219 3447 3512 3518 ἀνθρώπῳ,
3547 3443 3708 3515 περί-

2115 3552 2343 3622 πλασμά
2377 3553 2490 3603 ἐστι
2533 3549 2710 3602 τοῦτο.
2755 3547 2819 3600 Ἥ
2864 3545 3009 3616 ψυχὴ
3045 3541 3336 3606 καθέζεται
3383 3538 3532 3591 ἔνδον
3603 3534 3710 3588 ὑπὸ

2121 3645 2584 3717 παραπετάσματι
2617 3642 2710 3694 καὶ
2744 3639 2936 3707 ἁπαλῷ
2980 3635 3058 3705 τῷ
3107 3633 3341 3703 σώματι.
3376 3630 3539 3700 Ψυχὴ
3589 3629 3713 3698 μὲν-

2118 3752 2200 3788 τοι
2242 3735 2337 3788 καὶ
2371 3734 2516 3804 ψυχὴ
2579 3731 2937 3802 όμότιμος,ὲν
2966 3730 3080 3790 τοῖς
3122 3723 3629 3796 παραπετάσμασιν
3671 3720 3708 3789 ἡ

2117 3827 2368 3898 διαφορά.

439 3917 619 3965 autem
656 3909 808 3965 sedet
835 3910 983 3965 intus
1011 3909 1066 3964 in
1096 3909 1214 3964 velo
1245 3910 1406 3965 etiam
1429 3909 1678 3979 corporis
1707 3910 1986 3968 imbecilli.
2028 3916 2205 3972 Animi
2244 3918 2448 3971 honore
2476 3923 2604 3970 sunt
2634 3913 2890 3983 mquales,
2926 3913 2980 3966 in
3015 3911 3149 3965 velis
3181 3917 3267 3964 est
3299 3905 3632 3962 differentia.

512 4000 902 4067 Quamobrem,
967 4009 1027 4054 ut
1079 3999 1190 4055 Deo
1231 4000 1430 4056 similis
1478 4003 1596 4066 fias,
1632 4001 2015 4059 liberalitatem

441 4094 789 4162 amplectere,
831 4095 1244 4148 beneficentiam
1273 4111 1488 4158 exerce,
1524 4097 1896 4150 innocentiam
1928 4113 2018 4153 sea

436 4184 866 4246 ctare,fraterno
878 4199 1074 4240 omnes
1093 4201 1302 4249 amore,
1322 4186 1810 4258 benevolentiaque
1823 4205 2008 4259 prose-

433 4291 625 4346 quere,
655 4277 862 4331 scelera
893 4277 1040 4347 l‘uge,
1061 4276 1267 4346 peccati
1305 4278 1806 4349 perturbationilms
1833 4281 2008 4334 «inini-

434 4385 588 4423 nare.
604 4388 621 4419 ι
649 4367 713 4421 Et
727 4368 976 4438 piscibus
993 4367 1311 4439 prazsitatlt
1331 4370 1772 4440 piscibuspraesis
1795 4372 2007 4425 ratione

435 4459 781 4521 carentibus,
826 4459 1270 4528 perturbationes
1297 4469 1352 4514 et
1382 4460 1550 4514 animi
1593 4469 1776 4515 motus
1809 4463 2006 4514 rationi

2188 4008 2306 4078 Θεῷ
2330 4006 2422 4062 οὖν
2450 4009 2631 4076 ὅμοιος
2667 4005 2854 4073 ἐγένου
2899 4003 2987 4057 διὰ
3035 4002 3135 4071 τῆς
3176 3999 3580 4072 χρηστότητος,
3618 3996 3718 4049 διὰ

2117 4104 2216 4174 τῆς
2253 4101 2622 4165 ἀνεξικακίας,
2651 4097 2740 4150 διὰ
2767 4097 2868 4165 τῆς
2899 4093 3187 4155 κοινωνίας
3211 4133 3226 4157 ,
3257 4091 3347 4144 διὰ
3388 4089 3482 4143 τοῦ
3519 4086 3714 4157 φιλάλ-

2116 4194 2274 4266 ληλος
2303 4194 2393 4246 καὶ
2431 4189 2749 4260 φιλάδελφος
2777 4185 2912 4240 εἶναι
2935 4227 2951 4252 ,
2995 4185 3380 4256 μισοπόνηρος,
3414 4197 3711 4249 κατακρα-

2114 4286 2220 4337 τῶν
2249 4283 2357 4336 τῶν
2381 4280 2569 4334 παθῶν
2589 4279 2688 4349 τῆς
2716 4275 3012 4350 ἁμαρτίας,
3037 4275 3123 4326 ἵνα
3155 4290 3236 4325 σοι
3268 4271 3493 4343 ὑπάρχῃ
3514 4269 3575 4322 τὸ
3605 4269 3714 4340 άρ-

2116 4395 2252 4449 χειν.
2303 4395 2322 4428 ι
2364 4376 2472 4428 Καὶ
2511 4371 2826 4442 ἀρχέτωσαν
2873 4368 2980 4422 τῶν
3032 4365 3253 4438 ἰχθύων.
3296 4381 3314 4415 ι
3398 4361 3571 4431 Εδόθη
3619 4377 3712 4413 σοι

2119 4472 2306 4541 ἄρχειν
2333 4467 2439 4520 τῶν
2474 4463 2671 4534 ἰχθύων
2697 4463 2805 4516 τῶν
2829 4461 3061 4528 ἀλόγων,
3088 4458 3228 4511 ὥστε
3251 4455 3346 4509 τοῦ
3373 4454 3572 4522 ἀλόγου
3598 4453 3712 4505 πᾶ-

435 4551 752 4606 contrarios
780 4565 1000 4624 supera.
1037 4569 1055 4602 ι
1090 4550 1361 4620 Etprzesit
1392 4553 1602 4606 bestiis.
1635 4572 1653 4603 ι
1681 4552 1890 4623 impera
1917 4554 2010 4607 be-

2115 4563 2236 4624 θους
2287 4559 2472 4627 ἐγένου
2520 4557 2724 4627 ἄρχων.
2749 4571 2771 4606 ι
2795 4552 2902 4608 Καὶ
2920 4551 3238 4622 ἁρχέτωσαν
3288 4546 3398 4599 τῶν
3433 4543 3706 4614 θηρίωνκι

436 4645 559 4696 stiis
595 4643 882 4705 omnibus,
903 4657 1024 4712 quas
1052 4649 1180 4697 sunt
1209 4643 1263 4696 in
1287 4650 1361 4697 te.
1387 4643 2011 4714 Quid?inquies.egone

440 4734 495 4788 in
519 4750 604 4788 me
623 4735 742 4804 ipso
771 4733 976 4788 bestias
1003 4732 1316 4786 habeo?'l'u
1345 4749 1478 4788 vero
1509 4735 1716 4788 bestias
1743 4735 1934 4796 habes,
1956 4744 2009 4788 et

435 4841 532 4880 eas
552 4823 772 4894 quidem
795 4823 1242 4889 innumerabiles,
1275 4822 1507 4892 plurima
1532 4823 1585 4877 in
1611 4831 1665 4878 te
1691 4832 1777 4878 est
1805 4823 2007 4878 bestia~

437 4933 562 4971 rum
579 4916 897 4970 multitudo.
920 4917 995 4968 Ac
1012 4931 1079 4970 ne
1098 4930 1184 4968 mc
1207 4915 1668 4970 contumeliosum
1697 4915 2002 4974 existimes.

437 5005 548 5067 dic,
583 5006 798 5067 amabo,
827 5017 1067 5074 parvane
1096 5003 1270 5058 bestia
1317 5011 1402 5059 est
1457 5003 1762 5071 iracundia,
1794 5005 2012 5074 quandb

438 5095 604 5150 latrat
631 5098 685 5151 in
721 5097 887 5152 corde
915 5104 1011 5151 tuo
1031 5097 1250 5150 ?'nonne
1275 5111 1339 5151 ea
1383 5105 1470 5151 est
1497 5097 1692 5168 quovis
1726 5112 1863 5152 cane
1887 5113 2012 5152 cru-

437 5188 924 5255 delior?Quid?in
964 5188 1166 5244 callido
1203 5189 1386 5244 animo
1435 5197 1531 5242 tuo
1557 5189 1718 5244 dolus
1761 5190 2007 5253 latitans,

437 5293 620 5332 nonne
649 5280 848 5348 quovis
872 5295 1004 5335 urso
1051 5280 1404 5334 fraudulento
1436 5280 1634 5336 saevior
1670 5289 1755 5335 est
1772 5281 1804 5333 ?~
1835 5280 2014 5346 Quid?

437 5383 619 5423 nonne
650 5371 769 5427 fera,
811 5380 896 5426 est
927 5372 1231 5448 hypocrisis
1273 5372 1357 5426 vel
1417 5372 1818 5428 immanissima
1836 5373 1869 5426 ί
1901 5372 2007 5438 Qui

439 5468 621 5514 autem
654 5459 854 5531 impetu
888 5465 1099 5533 rapitur
1117 5465 1183 5517 ad
1209 5464 1625 5528 contumeliam,
1654 5478 1844 5522 nonne
1858 5479 2010 5519 scorq

439 5552 564 5619 pius
586 5553 706 5606 est?
766 5552 868 5625 Qui
904 5567 1146 5626 praeceps
1190 5555 1258 5610 ad
1300 5555 1593 5609 vindictam
1641 5555 2009 5626 ultionemque

437 5641 634 5704 fertur,
670 5659 850 5699 nonne
879 5653 962 5701 est
985 5649 1166 5718 vipera
1205 5649 1526 5719 gravissima
1555 5647 1578 5699 ?
1626 5645 1765 5713 Quid
1801 5664 2004 5704 avarus

443 5733 596 5800 ipse?
616 5748 795 5791 nonne
823 5737 982 5805 lupus
1014 5749 1098 5794 est
1133 5739 1561 5809 rapacissimus?
1588 5738 1742 5792 Nulla
1765 5740 1818 5794 in
1845 5743 2004 5799 nobis

441 5829 563 5886 ista.
587 5841 694 5886 non
731 5829 1048 5889 iuvenilium.
1079 5831 1180 5898 Qui
1227 5833 1549 5890 feminarum
1600 5833 1878 5891 amoribus
1919 5836 2006 5896 in.-

2116 4652 2313 4715 παντδς
2339 4649 2527 4720 θηρίου
2559 4647 2766 4718 ἄρχεις.
2796 4643 2861 4695 Τί
2897 4638 2989 4696 οὗν
3011 4657 3025 4706 ;
3049 4643 3208 4714 ἐρεῖς·
3259 4638 3366 4708 ἐγὼ
3405 4636 3573 4709 θηρία
3595 4635 3712 4705 ἔχω

2115 4749 2169 4798 ὲν
2201 4742 2459 4812 ὲμαυτῷ;
2497 4741 2605 4792 Καὶ
2639 4737 2826 4808 μυρία,
2863 4734 2958 4788 καὶ
2999 4734 3168 4786 πολὺν
3207 4731 3364 4801 ὄχλον
3393 4733 3450 4783 ὲν
3490 4729 3712 4798 σεαυτῷ

2114 4832 2316 4900 θηρίων
2340 4829 2468 4898 ἕχει.
2539 4829 2646 4878 Καὶ
2674 4825 2748 4895 μὴ
2774 4822 2932 4893 ὓϐριν
2953 4821 3184 4892 νομίσῃς
3213 4816 3352 4872 εἶναι
3384 4817 3446 4870 τὸ
3472 4817 3715 4886 λεγόμε-

2111 4941 2225 4987 νον,
2276 4921 2470 4992 μικρὸν
2499 4919 2687 4988 θηρίον
2733 4917 2881 4969 ἐστὶν
2911 4918 2939 4969 ὁ
2979 4914 3170 4984 θυμὸς,
3211 4913 3339 4966 ὅταν
3387 4909 3602 4980 ὑλακτῇ
3639 4912 3711 4977 τῇ

2113 5013 2344 5082 καρδίῃ
2385 5010 2542 5072 κυνὸς
2580 5007 2776 5068 παντός
2819 5006 2920 5059 οὑκ
2957 5005 3104 5058 ἐστιν
3132 5001 3506 5073 ἀγριώτερος;
3538 4998 3622 5069 Τῇ
3651 4999 3713 5052 δὲ

2111 5104 2302 5174 δολερᾷ
2328 5102 2471 5171 ψυχῇ
2493 5101 2523 5150 ὁ
2543 5099 2691 5161 δόλος
2723 5096 3055 5168 ὲμφωλεύων
3081 5095 3288 5165 ἄρκτου
3310 5092 3494 5162 πάσης
3520 5090 3701 5158 φωλά-

2111 5197 2198 5259 δος
2225 5196 2322 5248 οὐκ
2352 5195 2466 5247 ἔστι
2495 5189 2979 5262 δυσημερὼτερος;
3012 5189 3126 5242 υύκ
3148 5187 3263 5240 ἐστι
3287 5185 3480 5257 θηρίον
3508 5186 3542 5254 ἠ
3575 5184 3710 5236 ὑπό-

2111 5302 2323 5355 κρισις;
2376 5283 2433 5336 Ὁ
2460 5283 2516 5336 δὲ
2553 5282 2678 5347 ὀξὺς
2708 5283 2787 5344 είς
2829 5279 3014 5350 ὕϐρεις
3064 5278 3326 5349 σκορπίος
3372 5275 3476 5329 οὐκ
3515 5274 3706 5338 ἔστενε

2122 5377 2184 5430 ’0
2210 5377 2266 5429 δὲ
2290 5375 2464 5446 λάθρα
2484 5377 2563 5438 είς
2586 5376 2800 5443 ἄμυναν
2826 5373 3034 5443 ὁρμῶν,
3060 5371 3276 5442 ἐχίδνης
3314 5370 3417 5422 οὐκ
3448 5368 3565 5421 ἔστι
3605 5385 3707 5438 χα-

2110 5469 2441 5539 λεπώτερος;
2477 5468 2535 5518 '0
2559 5465 2615 5518 δὲ
2641 5465 2989 5534 πλεονέκτης,
3013 5463 3115 5516 οὐκ
3141 5462 3256 5515 ἔστι
3280 5461 3447 5523 λύκος
3479 5460 3702 5530 ἃρπαξ;

2111 5559 2267 5610 Ποῖον
2297 5557 2484 5627 θηρίον
2515 5557 2571 5609 ὲν
2604 5555 2735 5624 ἡμῖν
2771 5555 2871 5606 οὐκ
2899 5553 3048 5606 ἐστιν
3075 5569 3090 5617 ;
3139 5553 3200 5604 ’0
3244 5550 3570 5620 θηλυμανὴς
3598 5551 3705 5604 οὐκ

2109 5651 2255 5704 ἔστιν
2283 5650 2444 5710 ἵππος
2483 5649 2937 5718 ἐπιμαινόμενος;
2965 5645 3150 5699 Ἶπποι
3181 5645 3312 5715 γάρ,
3342 5645 3500 5714 φησι,
3535 5643 3705 5713 θηλυ-

2113 5745 2305 5812 μανεῖς
2351 5739 2704 5810 ἐγενήθησαν,
2743 5740 2972 5802 ἕκαστος
3025 5739 3117 5790 ἐπὶ
3167 5738 3267 5808 τὴν
3317 5738 3559 5805 γυναῖκα
3601 5735 3701 5787 τοῦ

2113 5834 2336 5904 πλησίον
2395 5828 2558 5885 αὑτοῦ
2615 5831 2950 5902 ἐχρεμέτιζε.
3006 5828 3322 5900 Μετέθηκεν
3381 5824 3550 5882 αὑτὸν
3601 5825 3709 5880 ἰπὶ
