3886 6214
179 371 285 424 277

942 376 1009 432 IN
1051 378 1276 434 VERBA
1295 422 1310 447 ,
1353 380 1732 438 FACIAMUS

1882 382 2163 451 ΜΙΝΕΜ,
2207 386 2383 453 ETC.,
2416 389 2624 447 ORAT.
2665 390 2727 448 ll.

3335 389 3442 446 278

181 491 279 562 τὴν
327 491 438 544 τῶν
491 491 704 560 ἀλόγων
757 493 937 562 φύσιν,
973 496 1062 550 διὰ
1114 497 1208 550 τοῦ
1264 498 1468 562 πάθους
1516 493 1560 567 ᾧ
1609 517 1771 571 προσ-

1879 503 2122 574 saniunt,
2151 518 2334 560 nonne
2364 505 2557 562 furiosi
2589 517 2718 564 sunt
2753 508 2924 579 equi?
2961 507 3098 577 Equi
3144 516 3436 575 amatores,

178 581 459 651 ῳκειώθη.
504 584 680 638 Πολλά
718 580 811 638 οὖν
837 585 1001 656 θηρία
1043 591 1103 641 ὲν
1131 590 1282 659 ἡμῖν.
1327 590 1544 658 Ἐγένου
1591 592 1770 644 τοίνυν

179 675 372 744 ἄρχων
399 673 624 744 θηρίων,
660 678 708 730 εί
739 676 846 732 τῶν
874 678 978 744 ἔξω
1005 679 1225 750 ἄρχεις,
1265 681 1334 735 τὰ
1364 682 1421 735 δὲ
1453 683 1598 737 ἔνδον
1629 684 1768 738 ἀϐα-

182 766 405 820 σίλευτα
435 769 816 839 καταλείψειςς
847 765 972 834 Dio;
994 773 1090 844 ἔσῃ
1116 773 1194 844 τῷ
1223 774 1468 846 λογισμῷ
1496 776 1636 830 κατὰ
1667 775 1763 829 τοῦ

179 856 398 922 λέοντος
427 858 525 928 μὲν
551 858 761 930 φρονῶν
792 861 888 913 καὶ
919 863 1274 934 καταφρονῶν
1307 864 1471 917 αὑτοῦ
1505 865 1599 918 τοῦ
1637 865 1764 936 βρυ-

181 947 450 1017 χήματος,
472 948 648 1018 πρίων
676 947 730 1002 δὲ
754 950 880 1012 τοὺς
911 948 1127 1016 ὀδόντας
1149 954 1244 1006 καὶ
1270 955 1369 1024 τὴν
1401 955 1582 1028 φωνὴν
1603 957 1768 1027 ἄναρο

183 1038 316 1108 θρον
347 1039 524 1107 ἀφεὶς,
563 1040 657 1093 τοῦ
705 1039 876 1111 θυμοῦ
912 1041 1059 1096 ἐνδον
1103 1043 1226 1098 ὅλου
1266 1044 1404 1116 ὁμοῦ
1439 1052 1769 1117 προσπεσεῖν

183 1130 650 1199 φιλονεικοῦντος;
682 1133 747 1185 Τί
779 1133 969 1186 τούτου
1011 1135 1408 1208 χαλεπώτερον,
1443 1138 1562 1190 οὐδὲ
1596 1156 1766 1193 κατα-

185 1219 373 1289 μένειν
409 1221 556 1274 ἐνδον
586 1224 1014 1294 συγχωροῦντος,
1052 1227 1180 1279 ὃταν
1218 1227 1502 1298 ἄνθρωπος
1541 1229 1646 1282 ὑπὸ
1672 1229 1767 1282 τοῦ

183 1313 395 1376 πάθους
421 1314 667 1385 κρατηθῇ
697 1329 712 1342 ·
743 1316 872 1369 ὅταν
893 1318 921 1368 6
953 1316 1121 1386 θυμὸς
1161 1320 1251 1376 τὸν
1272 1322 1523 1394 λογισμὸν
1536 1319 1783 1388 παρωσά-

186 1417 347 1471 μενος
369 1444 385 1468 ,
443 1403 603 1466 αὐτὸς
629 1404 729 1475 τὴν
760 1405 1076 1460 δυναστείαν
1103 1407 1204 1478 τῆς
1232 1405 1411 1478 ψυχῆς
1439 1407 1765 1480 παραλάϐῃς

187 1497 410 1567 Ἄρχων
436 1499 615 1551 τοίνυν
644 1497 919 1570 ὲκτίσθης,
973 1501 1157 1571 ἄρχων
1201 1498 1410 1565 παθῶν,
1459 1502 1643 1572 ἄρχων
1675 1502 1772 1572 θη-

185 1588 342 1658 ρίων,
390 1589 572 1661 ἄρχων
602 1590 872 1662 ἑρπετῶν,
922 1592 1106 1663 ἀρχων
1150 1593 1388 1665 πτηνῶν.
1423 1594 1577 1664 Μήτε
1625 1592 1772 1662 λογι-

184 1683 359 1752 σμοὺς
406 1681 497 1752 ἔχε
553 1685 995 1756 μετεωροπόρους
1021 1724 1038 1750 ,
1090 1686 1223 1757 μηδὲ
1270 1685 1472 1756 κοῦφος
1524 1687 1617 1740 ἔσο
1673 1687 1769 1740 καὶ

1872 595 2068 665 inquit,
2098 605 2152 652 et
2175 598 2444 653 emissarii
2481 599 2609 654 facti
2636 609 2788 668 sunt,
2807 601 3184 672 unusquisque
3204 601 3272 654 ad
3307 618 3444 655 uxoo

1871 699 1987 737 rem
2020 686 2252 754 proximi
2311 688 2396 740 sui
2455 687 2758 744 hinniebat.
2818 688 2908 743 Sic
2954 689 3011 744 in
3046 689 3278 758 alicujus
3315 688 3444 744 ferae

1870 782 2118 828 naturam
2151 776 2385 846 quisque
2430 778 2796 844 convertitur,
2838 787 3000 850 prout
3046 778 3234 848 aliquo
3274 778 3440 832 animi

1872 866 2002 920 vitio
2026 868 2542 938 perturbationeque
2571 869 2830 924 vincitur.
2865 869 2941 924 Ex
2975 886 3084 940 quo
3132 869 3211 933 fit,
3264 876 3324 924 ut
3359 870 3444 924 in-

1871 959 2240 1016 numerabiles
2288 961 2346 1014 in
2405 961 2563 1017 nobis
2604 961 2716 1017 sint
2760 963 2905 1017 ferat.
2942 961 3133 1018 Credis
3187 961 3354 1032 igitur
3392 970 3444 1016 te

1871 1051 2109 1106 ferarum
2136 1068 2259 1108 esse
2285 1051 2590 1118 dominum,
2627 1068 2691 1108 ac
2722 1054 3047 1124 principem,
3096 1053 3142 1108 si
3178 1052 3443 1122 illis,qua:

1869 1142 2006 1199 foris
2033 1152 2183 1210 sunt,
2214 1145 2470 1216 imperes,
2510 1160 2605 1202 eas
2638 1153 2820 1201 autem
2857 1161 2978 1216 quae
3022 1147 3170 1200 intus
3217 1159 3444 1198 versan-

1870 1236 1980 1296 tur,
2011 1247 2120 1285 non
2151 1232 2342 1287 domes
2371 1248 2436 1288 ac
2469 1235 2672 1303 regas?
2709 1233 2984 1301 Quorsum
3012 1234 3110 1289 tibi
3143 1235 3305 1298 ratio,
3332 1249 3440 1302 qua

1873 1320 2054 1378 leones
2077 1323 2261 1392 vincis,
2299 1338 2597 1394 eorumque
2637 1324 2913 1380 fremitum
2953 1341 3060 1380 non
3093 1324 3439 1389 reformidas,

1872 1427 1996 1466 cum
2033 1414 2148 1481 ipse
2175 1412 2433 1472 dentibus
2461 1417 2684 1475 frendas
2723 1427 2782 1474 ut
2811 1420 2916 1486 leo,
2949 1430 3002 1474 et
3030 1417 3442 1489 praeiracundia

1873 1518 2061 1559 vocem
2094 1505 2402 1574 confusam,
2440 1518 2495 1565 et
2537 1512 2910 1580 perturbatum
2944 1512 3241 1567 clamorem
3287 1511 3444 1566 emit-

1873 1595 1991 1649 tas?
2035 1594 2177 1662 Quid
2209 1601 2355 1654 enim
2397 1602 2640 1668 gravius,
2695 1609 2789 1656 aut
2836 1602 3088 1658 acerbius
3123 1612 3229 1664 est.
3277 1618 3440 1672 quam

1871 1687 2319 1745 cumiracundia:
2368 1689 2522 1745 furor
2543 1699 2692 1748 totus
2740 1707 3031 1763 erumpere
3077 1694 3292 1757 nititur,
3342 1708 3442 1747 nec

177 1774 419 1836 ἀστατος
451 1777 517 1845 τῇ
551 1775 778 1847 διανοίᾳ.
811 1777 1036 1848 Πτηνῶν
1071 1777 1258 1848 ἄρχειν
1295 1778 1540 1850 ὲκρίθης·
1570 1778 1770 1841 ἄτοπος

1875 1775 2022 1831 intus
2051 1777 2164 1838 ullo
2203 1779 2364 1834 modo
2387 1781 2659 1836 contineri
2701 1783 2913 1852 potest?
2969 1783 3105 1837 Cum
3157 1783 3224 1837 ab
3259 1784 3441 1852 aliqua

183 1861 237 1918 εί
259 1865 329 1918 τὰ
361 1866 460 1935 μὲν
485 1867 757 1934 πετόμενα
785 1867 878 1938 [ξῷ
903 1869 1276 1934 καταϐάλλων,
1307 1869 1467 1933 αὐτὸς
1492 1869 1549 1922 δὲ
1569 1868 1769 1938 κοῦφος

1875 1868 2278 1937 perturbatione
2317 1872 2498 1927 vietus
2539 1879 2622 1927 est
2662 1873 2846 1935 homo,
2904 1887 3013 1927 non
3042 1874 3154 1942 jam
3181 1873 3298 1944 ipse
3337 1874 3443 1926 im-

179 1955 263 2008 ὢν
297 1957 393 2010 καὶ
431 1957 724 2029 μετέωρος.
746 1960 838 2031 Μὴ
878 1959 1157 2031 τυφωθῇς,
1200 1960 1275 2032 μὴ
1307 1961 1651 2033 ὑπεραρθῇς.
1694 1962 1768 2034 μὴ

185 2048 362 2115 μείζω
391 2050 665 2120 φρονήσῃς
691 2049 792 2120 τῆς
828 2049 1172 2123 ἀνθρωπίνης
1203 2053 1437 2121 φύσεως.
1475 2052 1567 2125 Μὴ
1600 2055 1769 2123 ὑπερ-

182 2139 360 2208 φυσοῦ
397 2142 808 2211 ἐπαινούμενος,
841 2141 915 2212 μὴ
947 2142 1136 2207 δόξαζε
1171 2144 1416 2206 σεαυτὸν,
1455 2144 1589 2215 μηδὲ
1628 2145 1770 2214 μέγα

180 2228 404 2284 τι-εῐναι
425 2230 612 2301 νόμιζε
634 2234 878 2287 σεαυτόν.
905 2234 1044 2307 Ἔσῃ
1063 2234 1172 2308 γάρ
1192 2235 1363 2300 οὕτως
1384 2237 1581 2308 πτηνὸν
1604 2237 1771 2291 ἀστα-

178 2339 300 2388 τον,
323 2323 638 2393 ἀστηρίκτῳ
657 2326 721 2394 τῇ
752 2324 910 2393 φύσει
936 2317 1037 2378 ὦδε
1072 2326 1165 2378 καὶ
1189 2319 1290 2378 ὦδε
1321 2325 1768 2398 περιφερόμενος.

177 2418 362 2486 Ἀρχε
402 2417 511 2469 τῶν
554 2418 612 2469 ὲν
657 2417 742 2470 σοὶ
793 2415 1094 2487 λογισμῶν,
1141 2417 1230 2472 ἶνα
1268 2417 1402 2489 γένῃ
1442 2419 1626 2488 ἄρχων
1663 2419 1771 2472 τῶν

169 2508 630 2580 ὄντωνπάντων.
680 2507 866 2570 Οὕτως
906 2510 940 2580 ἠ
988 2508 1132 2562 κατά
1172 2509 1280 2564 τῶν
1313 2508 1467 2574 ζώων
1507 2509 1769 2580 δεδομένη

165 2599 331 2669 ἁρχὴ
365 2598 618 2669 ῥυθμίζει
654 2601 800 2670 ἡμᾶς
855 2600 990 2670 πρὸς
1025 2600 1088 2653 τὸ
1129 2599 1287 2672 ἡμῶν
1331 2600 1512 2654 αὐτῶν
1555 2601 1766 2672 ἄρχειν.

173 2693 428 2744 Ἀτοπον
469 2691 578 2757 γάρ
621 2693 735 2743 εστι
767 2691 1182 2761 βασιλευόμενον
1209 2690 1349 2744 οἴκοι
1369 2733 1382 2757 ,
1412 2691 1582 2744 ἐθνῶν
1617 2692 1766 2762 βασιο

167 2785 386 2838 leuatur
405 2785 510 2838 ὑπὸ
527 2784 752 2855 ἑταίρας
771 2782 1136 2854 κρατούμενον
1158 2782 1287 2848 ἔσω,
1308 2783 1544 2854 δημοσίᾳ
1566 2784 1772 2848 πόλεως

166 2873 330 2931 εἶναι
364 2877 694 2946 προστάτην.
738 2875 820 2928 Τὰ
855 2877 992 2928 οἴκοι
1028 2876 1286 2946 χρήματα
1309 2875 1414 2946 χρὴ
1449 2875 1630 2938 καλῶς
1659 2875 1772 2928 δια-

168 2968 491 3037 τιθέμενον,
538 2967 632 3019 mi.
681 2967 750 3020 τὰ
794 2965 940 3020 ἔνδον
986 2965 1208 3036 εὐταξίᾳ
1253 2967 1768 3036 κατακοσμήσαντα.

161 3060 330 3115 οὓτω
375 3060 484 3112 τῶν
526 3059 701 3114 ἀλλων
747 3058 1044 3128 λαμϐάνειν
1083 3058 1185 3129 τὴν
1221 3057 1564 3112 ἐπιστασίαν.
1617 3058 1771 3111 Ἐπεὶ

1871 1966 2044 2026 perat,
2085 1958 2180 2014 sed
2226 1961 2280 2013 in
2333 1961 2453 2030 ejus
2499 1963 2682 2017 animo
2729 1963 3070 2033 perturbatio
3107 1963 3439 2018 dominatur.

1869 2051 2253 2116 Quamobrem,
2279 2069 2403 2108 cum
2431 2055 2502 2108 ita
2530 2062 2751 2112 creatus
2779 2057 2877 2118 sis,
2922 2064 2982 2110 ut
3023 2056 3216 2112 bestiis
3266 2057 3444 2126 impe-

1869 2154 1978 2202 res,
2009 2148 2064 2194 et
2095 2142 2442 2209 serpentibus
2491 2151 2544 2198 et
2569 2143 2904 2210 volatilibus,
2939 2145 3444 2214 perturbationibus

1871 2232 2094 2301 impera.
2132 2231 2211 2288 Ne
2245 2235 2528 2303 permittas
2556 2235 2938 2306 cogitationem
2981 2243 3128 2290 tuam
3157 2235 3442 2291 sublimem

1869 2325 2078 2394 vagari.
2115 2323 2192 2380 Ne
2225 2326 2375 2381 sinas
2403 2327 2830 2382 animumtuum
2859 2329 3076 2383 levitate
3123 2327 3442 2382 instabilem

1871 2415 2021 2471 ferri.
2056 2416 2248 2472 Datum
2279 2427 2366 2474 est
2395 2419 2515 2482 tibi,
2562 2428 2621 2473 ut
2651 2419 2844 2474 avibus
2873 2419 3062 2489 praesis
3100 2438 3114 2474 :
3146 2419 3445 2474 absurdum

1870 2509 1996 2576 erit,
2045 2509 2092 2563 si
2128 2510 2292 2564 visco.
2313 2511 2604 2566 volitantes
2649 2512 2770 2566 illas
2801 2511 2874 2564 ita
2900 2514 3107 2580 capias,
3140 2518 3198 2564 ut
3227 2510 3342 2579 ipse
3371 2511 3448 2563 le-

1870 2601 1954 2654 vis
1981 2600 2077 2664 sis,
2108 2599 2462 2670 eﬂ‘erarisque
2493 2603 2773 2672 superbia.
2818 2601 2894 2657 Ne
2922 2603 3184 2658 sublimes
3215 2601 3445 2668 spiritus

1875 2690 2056 2754 tollas,
2093 2706 2160 2744 ne
2189 2690 2543 2756 intumescas,
2593 2707 2661 2747 ne
2689 2692 2784 2747 tibi
2819 2692 3048 2746 nimium
3092 2690 3327 2762 placeas,
3353 2698 3446 2742 aut

1872 2781 1995 2849 plus
2027 2781 2094 2835 de
2127 2792 2178 2835 te
2232 2783 2452 2846 sentias,
2511 2798 2674 2852 quam
2705 2783 2944 2853 patiatur
2983 2781 3220 2836 humana
3252 2781 3444 2834 condi-

1875 2874 1970 2926 tio.
2004 2873 2082 2928 Ne
2112 2872 2364 2930 laudibus
2394 2873 2611 2930 inflatus
2642 2874 2946 2941 extollaris,
2966 2888 3033 2929 ne
3059 2881 3112 2927 te
3145 2874 3259 2943 ipse
3283 2872 3446 2941 jacti-

1874 2971 1976 3027 tes,
2005 2971 2098 3018 aut
2129 2979 2385 3035 magnum
2417 2964 2620 3034 aliquid
2661 2981 2782 3021 esse
2812 2976 2986 3034 putes.
3019 2963 3301 3033 .Alioquin
3334 2963 3445 3017 eris

1873 3059 2158 3111 volucrum
2209 3058 2426 3120 similis,
2462 3072 2583 3126 quae
2617 3065 2812 3112 natura
2876 3057 3021 3111 leves
3049 3063 3102 3110 et
3158 3055 3446 3109 instabiles

169 3154 693 3222 περιστραφήσεται
725 3149 875 3220 παρά
902 3149 1010 3203 τῶν
1039 3148 1356 3220 ἀρχομένων
1395 3150 1425 3201 6
1456 3149 1632 3218 λόγος,
1672 3151 1768 3203 ὲὰν

1878 3146 1983 3202 huc
2012 3147 2139 3202 illuc
2168 3148 2387 3204 assidue
2419 3148 2690 3213 feruntur,
2741 3158 2794 3204 et
2827 3150 3075 3203 volitant.
3129 3147 3306 3201 Tuum
3338 3148 3440 3216 igi-

167 3239 480 3309 ἁκόσμητα
505 3238 643 3291 οἴκοι
674 3239 769 3291 καὶ
797 3239 1096 3292 ἁδιάτακτα
1126 3238 1224 3310 ἔχῃ
1245 3277 1262 3301 ,
1301 3239 1384 3292 ὅτι
1427 3257 1446 3290 ι
1490 3240 1659 3310 Ἰατρὲ
1684 3238 1772 3290 θε-

173 3330 466 3400 ράπευσον
493 3329 738 3381 σεαυτόν.
771 3348 790 3379 ι
850 3327 1107 3390 Ἑαυτοὺς
1136 3324 1229 3381 οὖν
1260 3329 1476 3398 πρῶτον
1507 3328 1774 3400 θεραπεύ-

178 3437 394 3491 σωμεν.
428 3421 616 3483 Οὐδεὶς
657 3421 732 3490 μὴ
765 3420 1008 3490 θηράσας
1053 3419 1246 3472 λέοντα
1287 3419 1661 3491 κατεγνώσθη·
1698 3421 1774 3492 μὴ

174 3513 471 3583 κρατήσας
512 3512 570 3564 δὲ
613 3510 821 3582 θυμοῦ,
865 3511 1268 3579 καταγέλαστος
1306 3513 1490 3565 παντί.
1544 3513 1707 3564 ’Ὥστε
1746 3515 1775 3565 6

173 3605 290 3677 μὲν
310 3603 408 3656 τοῦ
429 3604 558 3656 ίδίου
572 3603 778 3666 πάθους
797 3603 872 3674 μὴ
889 3604 1412 3674 περιγενόμενος,είς
1432 3603 1774 3671 κατάγνωσιν

177 3699 402 3765 ἄγεταιο
431 3696 531 3749 ὀδὲ
555 3695 630 3766 μὴ
648 3694 895 3765 δυνηθεὶς
914 3695 1119 3766 ἀγρίων
1143 3694 1346 3766 θηρίων
1368 3695 1772 3766 περιγενέσθαι,

175 3790 344 3844 οὔπω
397 3788 658 3858 μέμψεως
688 3785 836 3850 ἀξιον
877 3785 1193 3856 πεποιηκώς
1223 3805 1276 3840 τι
1313 3786 1584 3856 φαίνεται.
1636 3787 1694 3839 '0
1719 3787 1775 3839 δὲ

178 3882 552 3950 οἰκονομήσας
596 3879 872 3950 γραφῆναι
923 3878 1148 3950 Κύριος,
1193 3881 1222 3933 ὁ
1274 3881 1370 3933 καὶ
1419 3880 1518 3949 τὴν
1571 3879 1773 3950 μικρὰν

179 3975 346 4044 ἡμῶν
376 3973 473 4026 καὶ
500 3972 702 4042 ἀσθενῆ
737 3971 988 4041 γλῶσσαν
1017 3973 1377 4042 συγχωρήσας
1411 3974 1570 4043 μέχρι
1595 3974 1776 4031 τοσού-

179 4083 281 4118 τον
311 4067 442 4134 ὑμῖν
470 4063 752 4134 ὁμιλῆσαι,
776 4064 805 4115 ὁ
829 4063 917 4116 διὰ
933 4063 1034 4134 τῆς
1059 4063 1319 4126 ἀσθενοῦς
1352 4064 1507 4135 ἡμῶν
1535 4064 1774 4126 διανοίας

181 4157 465 4228 μεγάλους
500 4158 628 4226 ὑμῖν
673 4155 982 4227 θησαυροὺς
1029 4157 1089 4209 ὲν
1127 4158 1240 4219 τοῖς
1281 4155 1480 4224 ὀλίγοις
1511 4157 1776 4212 ἀποσκιά-

181 4267 365 4321 σμασι
387 4249 490 4319 τῆς
520 4247 776 4319 ἀληθείας
802 4247 1218 4319 παραδηλὼσας,
1245 4247 1354 4320 δῴη
1387 4249 1515 4320 ὑμῖν
1551 4249 1639 4303 διὰ
1669 4250 1774 4304 τῶν

1875 3248 1964 3294 tur
2001 3241 2242 3296 animum
2271 3241 2573 3304 moderare,
2605 3241 2766 3311 eique
2808 3243 3034 3311 impera,
3089 3239 3135 3296 si
3172 3240 3253 3294 vis
3281 3239 3445 3292 rebus

1874 3332 2132 3387 omnibus
2162 3322 2448 3401 imperare.
2481 3332 2594 3388 Hac
2628 3334 2840 3388 ratione
2871 3332 3030 3388 nobis
3058 3333 3113 3385 in
3148 3332 3446 3385 animantia

1875 3423 2142 3478 tributum
2173 3425 2460 3494 imperium
2493 3441 2594 3478 nos
2626 3432 2834 3491 monet,
2859 3439 2923 3479 ac
2953 3423 3218 3493 disponit.
3254 3430 3314 3476 ut
3341 3421 3446 3490 ipsi

1875 3515 2033 3569 nobis
2062 3515 2410 3584 imperemus.
2448 3515 2629 3586 Turpe
2658 3518 2804 3572 enim
2854 3523 2962 3576 est,
3019 3525 3099 3578 ut,
3151 3513 3245 3583 qui
3292 3513 3441 3567 domi

1875 3621 1990 3661 suae
2009 3621 2201 3662 servus
2215 3615 2318 3672 est,
2346 3608 2598 3678 gentibus
2628 3607 2957 3671 dominetur,
2982 3617 3035 3662 et
3059 3607 3106 3660 is
3135 3604 3449 3674 reipublicae

1875 3705 2072 3751 tractet
2100 3698 2487 3768 gubernacula,
2537 3699 2629 3768 qui
2661 3699 2826 3753 scorti
2863 3705 3028 3752 nutus
3063 3694 3448 3762 observat,qui

1876 3790 2182 3844 meretricis
2255 3791 2488 3844 arbitrio
2555 3791 2780 3861 regitur.
2835 3789 3119 3843 Familiam
3167 3788 3448 3858 propriam

1876 3888 2091 3950 oportet
2117 3888 2263 3936 recte
2291 3882 2709 3951 gubernare,et.
2734 3896 2856 3951 quae
2889 3882 3038 3936 intus
3070 3877 3451 3946 sunt,ratione

1876 3983 2040 4042 atque
2072 3973 2264 4028 ordine
2291 3974 2586 4043 disponere
2613 3989 2678 4028 ac
2719 3973 3015 4034 moderari,
3065 3986 3168 4025 nec
3201 3971 3258 4024 in
3312 3969 3452 4024 alios

1875 4066 2016 4119 velle
2069 4066 2358 4134 imperium
2415 4081 2695 4129 exercere,
2755 4081 2881 4119 eum
2916 4064 3056 4118 ratio
3110 4065 3199 4126 iis,
3253 4061 3453 4131 quibus

1878 4154 2146 4223 imperare
2175 4155 2356 4217 debet,
2390 4171 2514 4210 sese
2540 4156 2860 4225 subjecerit.
2892 4153 2950 4208 Si
2998 4169 3088 4208 res
3116 4163 3227 4208 tua:
3257 4152 3451 4208 dome-

1877 4248 2031 4302 stica:
2053 4247 2298 4302 confusa:
2326 4249 2764 4318 perturbataeque
2809 4256 2964 4312 sunt,
3008 4255 3068 4301 ut
3097 4247 3274 4300 bonus
3339 4258 3453 4295 nie-

183 4340 408 4412 μικρῶν
436 4339 507 4392 τά
555 4340 796 4410 μεγάλα,
832 4339 921 4392 διὰ
947 4339 1055 4392 τῶν
1083 4338 1280 4407 ὀλίγων
1326 4340 1682 4410 σπερμάτων,
1714 4340 1771 4393 τὸ

1877 4340 2035 4395 dicus
2055 4347 2108 4395 te
2140 4340 2318 4409 ipsum
2337 4355 2493 4394 cura.
2513 4340 2894 4411 Nosmelipsos
2915 4340 3149 4410 primum
3170 4350 3450 4391 curemus.

179 4433 396 4486 τέλειον
418 4432 519 4501 τῆς
547 4431 822 4500 γνώσεως,
862 4431 954 4484 καὶ
982 4432 1112 4501 ἡμὶν
1141 4430 1241 4500 τῆς
1282 4430 1632 4492 ἀπολαύσεως
1666 4432 1771 4484 τῶν

1877 4433 2070 4497 Nemo,
2102 4435 2249 4504 quod
2285 4434 2496 4488 leonem
2520 4451 2631 4488 non
2657 4435 2872 4496 vicerit,
2902 4433 3328 4488 condemnatur.
3360 4429 3449 4490 At,

182 4526 353 4578 θείων
377 4524 551 4592 λόγων
579 4524 788 4595 καρπὸν
816 4524 1266 4595 πεπληρωμένον,
1295 4525 1376 4578 ὅτι
1406 4527 1554 4597 αὐτῷ
1583 4527 1616 4596 ἡ
1646 4525 1771 4591 δόξα

1879 4527 1971 4594 qui
2008 4541 2116 4580 non
2179 4523 2457 4595 superavit
2493 4524 2855 4587 iracundiam,
2909 4522 3114 4594 passim
3171 4519 3449 4574 irridetur.

179 4618 282 4672 καὶ
309 4617 377 4669 τὸ
405 4617 605 4687 κράτος
633 4618 712 4680 είς
738 4617 866 4681 τοὺς
894 4615 1096 4679 αἰῶνας
1122 4615 1230 4670 τῶν
1262 4615 1492 4672 αἰώνων.
1541 4618 1736 4688 Ἀμήν.

1881 4616 1988 4681 Qui
2019 4615 2527 4686 perturbationibus
2567 4630 2676 4669 non
2710 4623 2791 4670 est
2823 4615 3093 4684 superior,
3140 4610 3334 4665 merito
3367 4607 3448 4659 vi-

182 4717 525 4779 tuperatur;
567 4709 659 4777 qui
721 4724 852 4763 vero
895 4707 1040 4763 feras
1087 4709 1356 4762 immanes
1414 4724 1674 4779 superare
1725 4727 1833 4765 non
1885 4720 2100 4782 potest,
2145 4711 2297 4765 nulla
2351 4708 2776 4778 reprehensione
2835 4706 3049 4760 videtur
3119 4700 3337 4769 dignus.
3386 4695 3452 4749 Et

182 4803 306 4856 haec
348 4801 572 4870 quidem
633 4802 898 4854 hactenus
935 4799 1200 4855 Dominus
1243 4819 1256 4854 :
1309 4800 1470 4869 cujus
1509 4803 1850 4870 providentia
1905 4805 2112 4858 factum
2145 4811 2264 4868 est,
2298 4813 2360 4856 ut
2394 4802 2510 4856 haec
2543 4801 2936 4858 scriberentur,
2969 4795 3171 4867 quique
3219 4791 3447 4844 debilem

176 4903 357 4963 atque
386 4891 726 4946 haesitantem
774 4891 1018 4960 linguam
1055 4899 1302 4945 nostram
1338 4891 1589 4960 adjuvit,
1638 4903 1696 4946 ut
1741 4909 1807 4949 ea
1851 4896 2008 4949 vobis
2051 4902 2332 4962 utcunque
2365 4893 2764 4960 explicaremus
2810 4905 2876 4944 ex
2928 4896 3128 4943 nostrae
3161 4885 3450 4952 cogitatio-

185 4987 274 5040 nis
300 4983 698 5044 imbecillitate.
726 4984 1033 5052 exiguaque
1079 4983 1330 5037 veritatis
1380 4984 1832 5051 adumbratione;
1876 4987 2082 5054 quique
2116 4999 2340 5055 magnos
2382 4983 2536 5037 vobis
2568 4982 2855 5036 thesauros
2883 4979 3148 5050 praebeat,
3170 4993 3238 5033 ex
3267 4976 3450 5046 parvis

186 5091 412 5146 magna,
453 5081 510 5128 et
557 5073 786 5128 minutis
825 5073 1126 5128 seminibus
1172 5071 1443 5142 perfectos
1481 5074 1816 5142 cognitionis
1870 5074 2084 5129 fructus
2134 5073 2550 5137 subministret,
2616 5077 2668 5124 et
2717 5067 2877 5121 nobis
2923 5067 3180 5125 omnibus
3231 5065 3447 5122 tandem

187 5170 484 5239 largiatur,
517 5178 576 5221 ut
619 5166 932 5222 absolutum
968 5162 1277 5216 divinorum
1318 5178 1634 5218 sermonum
1675 5164 1912 5218 fructum
1956 5162 2322 5234 perripiamus
2357 5165 2410 5215 in
2447 5161 2626 5224 cmlis,
2668 5159 2758 5212 cui
2782 5158 2954 5228 gloria
2983 5165 3038 5211 et
3075 5155 3362 5224 imperium
3393 5155 3448 5207 in

187 5263 393 5318 sucula
421 5260 769 5313 samulorum.
802 5259 1000 5311 Amen.

822 5352 1042 5405 ΛΟΓΟΣ
1077 5351 1150 5404 B'.

2476 5335 2734 5393 ORATIO
2788 5336 2852 5392 ll.

271 5447 333 5499 ’0
378 5445 480 5514 μὲν
509 5445 674 5512 σοφὸς
703 5442 959 5513 Σολομὼν
991 5444 1090 5495 οὐκ
1123 5445 1182 5495 ὲν
1219 5439 1424 5503 πειθοῖς
1455 5440 1646 5509 σοφίας
1682 5439 1772 5491 λό-

184 5553 306 5602 γοις
331 5575 349 5598 ,
393 5533 510 5586 ἀλλ’
557 5534 616 5584 ἐν
649 5532 914 5594 διδακτοῖς
949 5531 1262 5601 Πνεύματος
1291 5528 1442 5597 ἀγίου
1476 5527 1773 5596 σοφισθεὶς,

189 5632 248 5678 ἐν
270 5629 388 5689 τοῖς
414 5624 619 5695 ἀρτίως
653 5625 785 5694 ἡμῖν
806 5624 1238 5692 ἀνεγνωσμένοις
1264 5619 1655 5690 ἀποσεμνύνων
1684 5619 1775 5671 τὸν

187 5718 286 5773 ἀνθ
295 5733 484 5788 ρωπον
509 5756 524 5776 ,
554 5716 686 5769 ἐϐόα
714 5715 886 5783 λέγων
912 5732 926 5744 ο
979 5734 997 5765 ι
1023 5713 1173 5782 Μέγα
1202 5711 1486 5781 ἄνθρωπος
1509 5751 1522 5773 ,
1562 5712 1654 5763 καὶ
1695 5712 1776 5762 τί·

190 5827 317 5879 μιον
341 5809 483 5879 ἀνὴρ
511 5808 775 5879 ἐλεήμων.
803 5827 821 5859 ι
867 5805 1008 5877 Ἐγὼ
1035 5805 1091 5860 δὲ
1117 5804 1358 5876 ματαίως
1387 5805 1504 5858 κατ’
1540 5802 1774 5873 ἐμαυτὸν

1948 5432 2176 5503 Sapiens
2232 5432 2322 5486 ille
2371 5430 2650 5491 Salomon,
2696 5444 2803 5482 non
2853 5429 3130 5498 sapientia:
3161 5431 3339 5485 verbis
3380 5430 3447 5485 ad

1877 5521 2216 5578 suadendum
2252 5522 2414 5591 aptis,
2458 5519 2552 5574 sed
2580 5519 2827 5572 doctrina
2851 5520 3026 5574 sancti
3060 5519 3298 5589 Spiritus
3323 5537 3448 5575 eru-

1875 5616 2046 5678 ditus.
2096 5617 2148 5669 in
2185 5615 2270 5666 his
2325 5627 2444 5681 qua:
2495 5613 2656 5680 paulo
2681 5619 2809 5664 ante
2859 5626 2890 5663 a
2920 5611 3078 5666 nobis
3129 5612 3266 5665 lecta
3296 5621 3447 5676 sunt.

1879 5707 2153 5760 hominem
2175 5703 2440 5758 extollens
2461 5701 2822 5765 exclamabat,
2850 5717 2870 5754 ι
2887 5699 3098 5769 Magna,
3114 5720 3130 5751 ι
3173 5702 3443 5775 inquiens,

1884 5818 1900 5849 ι
1924 5814 2009 5853 res
2044 5805 2126 5852 est
2161 5797 2344 5862 homo,
2380 5804 2433 5850 et
2477 5795 2757 5864 prteclara,
2806 5794 2887 5848 vir
2916 5792 3251 5849 misericors.
3281 5811 3299 5843 ι
3339 5792 3448 5862 Ego
