3886 6214
449 387 554 442 279

1714 385 1772 440 S.
1814 385 2140 444 GREGORII
2182 388 2470 446 NYSSENI

3599 393 3708 447 εει)

452 509 633 556 autem
669 499 834 555 stulte
866 511 1078 554 mecum
1111 499 1228 570 ipse
1261 507 1544 571 reputans,
1583 507 1699 554 tum
1729 517 1852 570 qua
1891 502 2021 556 mihi

2131 506 2395 560 ἐσκόπουν
2421 508 2456 561 ἆ
2476 525 2534 561 τε
2567 504 2714 578 εἶχον
2755 510 2812 562 ἐν
2855 509 2920 578 τῇ
2975 505 3213 573 ἐμαυτοῦ
3245 505 3453 578 διανοίᾳ
3482 546 3496 570 ,
3549 507 3644 560 καὶ
3673 507 3707 558 ἃ.

450 596 668 648 animus
697 592 1042 664 suggerebat.
1079 603 1193 647 tum
1227 609 1348 662 quae
1394 609 1460 648 ex
1489 593 1773 661 Scriptura
1821 595 2027 648 didice-

451 701 589 748 ram,
613 685 1056 745 considerabam,
1081 700 1318 754 quonam
1353 685 1515 739 modo
1538 701 1732 755 magna
1765 700 1854 741 res
1880 697 2026 741 esset

453 776 637 838 homo,
687 789 812 829 cum
861 775 1094 829 mortale
1145 776 1217 829 sit
1258 776 1481 837 animal,
1537 776 2026 831 innumerabilibus

452 867 752 920 obnoxium
787 867 1293 936 perturbationibus
1330 885 1341 919 :
1378 868 1579 937 quippe
1614 869 1709 936 qui
1737 883 1802 922 ex
1833 884 1943 936 quo
1970 869 2024 921 in

456 961 631 1014 lucem
675 969 761 1015 est
802 959 1002 1022 editus,
1039 959 1106 1013 ad
1157 969 1491 1015 senectutem
1546 976 1715 1030 usque
1766 972 2026 1030 perpetuo

455 1051 938 1104 innumerabilium
1005 1051 1383 1105 molestiarum
1442 1060 1496 1106 et
1553 1052 2023 1105 incommodorum

451 1139 702 1193 examine
716 1138 1026 1193 conllictetu
1039 1155 1082 1200 r,
1101 1141 1168 1194 de
1183 1154 1294 1208 quo
1309 1138 1576 1208 scriptum
1593 1145 1679 1192 est
1699 1156 1709 1188 :
1735 1155 1753 1188 ι
1774 1137 2022 1203 Domine,

451 1233 579 1300 quid
628 1239 713 1286 est
760 1231 942 1293 homo,
988 1234 1133 1302 quod
1177 1247 1389 1285 memor
1429 1247 1489 1285 es
1513 1231 1656 1298 ejus,
1756 1240 1849 1284 aut
1879 1230 2023 1283 filius

453 1324 711 1388 hominis,
754 1326 880 1394 quia
917 1335 1136 1394 reputas
1163 1323 1321 1378 eum?
1343 1342 1359 1371 ι
1393 1322 1559 1376 David
1597 1333 1652 1374 ut
1685 1322 1888 1375 animal
1917 1323 2024 1376 vile

450 1415 681 1485 despicit
731 1414 1028 1477 hominem,
1065 1428 1228 1484 quem
1283 1411 1542 1468 Salomon
1576 1420 1634 1465 ut
1665 1427 1918 1482 magnum
1971 1421 2023 1465 et

451 1511 771 1577 praclarum
821 1507 950 1578 quid
995 1506 1151 1562 effert
1192 1513 1248 1561 et
1285 1504 1654 1562 commendat.
1694 1507 1845 1558 Hanc
1891 1505 2020 1558 mihi

450 1599 848 1654 dubitationem
881 1598 1074 1654 adimit
1112 1599 1363 1663 historia,
1387 1614 1509 1669 qua:
1534 1598 1601 1652 de
1637 1597 1872 1652 hominis
1899 1609 2019 1651 ortu

453 1691 668 1761 legitur.
699 1689 855 1746 Nunc
884 1691 1029 1746 enim
1071 1690 1384 1745 audivimus
1447 1689 1614 1743 Deum
1650 1690 1928 1758 accepisse
1956 1689 2024 1743 de

452 1782 579 1836 limo
610 1792 786 1849 terras,
830 1793 993 1853 atque
1035 1782 1308 1837 hominem
1360 1781 1646 1835 formasse.
1697 1779 1908 1846 Quibus
1956 1793 2022 1831 ex

2129 599 2279 664 παρὰ
2314 599 2414 668 τῆς
2455 600 2680 671 Γραφῆς
2711 599 3087 669 δεδιδαγμένος
3125 600 3272 670 ήμην
3319 600 3450 670 περὶ
3477 598 3574 651 τοῦ
3611 600 3708 650 ἀν-

2129 685 2367 756 θρώπου.
2399 689 2568 752 Αὐτὸς
2611 689 2708 758 μὲν
2757 690 2867 758 γὰρ
2896 688 3216 759 ἐλογιζόμην
3241 730 3254 752 ,
3283 689 3518 752 ὅτι’πιῖ›ς
3560 688 3705 758 μέγα

2127 774 2444 845 ἄνθρωπος,
2496 778 2557 829 τὸ
2591 780 2854 849 ἐπίκηρον
2890 777 3065 842 ζῶον,
3111 779 3170 830 τὸ
3221 778 3432 848 μυρίοις
3473 779 3706 830 πάθεσιν

2129 866 2483 937 ὑποκείμενον
2502 909 2516 930 ,
2543 868 2606 921 τὸ
2636 871 2703 921 ἐκ
2732 868 2998 938 γεννητῆς
3025 871 3106 932 εἰς
3137 871 3311 938 γῆρας
3357 870 3568 939 μυρίων
3605 886 3708 922 κα-

2126 958 2239 1011 κῶν
2267 961 2434 1029 ἐσμὸν
2465 959 2785 1026 ἐξαντλοῦνο
2817 961 2945 1031 περὶ
2976 955 3037 1014 οῦ
3069 961 3318 1031 εἴρηταιο
3372 981 3390 1012 ι
3419 961 3616 1032 Κύριε,
3651 960 3714 1013 τι

2127 1053 2246 1104 ἐστι
2278 1051 2584 1123 ἄνθρωπος,
2614 1051 2697 1104 ὅτι
2728 1053 3003 1124 ἐμνήσθης
3036 1052 3233 1116 αὐτοῦς
3262 1053 3294 1122 ἦ
3337 1053 3452 1116 υξὸς
3484 1054 3703 1124 ἀνθρὼ-

2129 1159 2254 1205 που,
2282 1144 2364 1196 ὅτι
2388 1143 2664 1214 ἐγνώσθης
2697 1142 2882 1214 αὐτῷ;
2917 1161 2938 1196 ι
2969 1145 3120 1197 Καὶὸ
3147 1144 3244 1213 μὲν
3269 1145 3572 1215 Ψαλμῳῶς
3605 1163 3708 1198 κα-

2126 1238 2386 1305 ταφρονεῖ
2432 1235 2508 1298 ὡς
2552 1234 2795 1299 εὐτελοῦς
2837 1234 2932 1288 τοῦ
2985 1235 3149 1300 ζώου,
3199 1238 3293 1289 καὶ
3340 1239 3374 1306 ή
3421 1237 3706 1306 Παροιμία

2128 1326 2494 1397 ἀποσεμνύνει
2524 1327 2600 1390 ὼς
2645 1328 2790 1398 μέγα
2828 1343 2882 1379 τι
2912 1325 3003 1379 τὸν
3045 1325 3345 1398 ἄνθρωπον.
3401 1327 3560 1380 Ἀλλά
3610 1345 3707 1397 μοι

2127 1421 2229 1491 τὴν
2257 1420 2512 1491 τοιαύτην
2559 1419 2881 1490 διαπόρησιν
2912 1419 3100 1472 ἔλυσεν
3125 1422 3158 1490 ή
3186 1418 3393 1489 ἱστορία
3416 1420 3516 1488 τῆς
3543 1419 3705 1486 γενέ-

2133 1531 2270 1576 σεως
2299 1513 2392 1567 τοῦ
2431 1511 2720 1584 ἀνθρώπου
2752 1512 3180 1580 ἀναγνωσθεῖσα.
3243 1513 3541 1582 Ἦκούομεν
3592 1513 3709 1584 γὰρ

2130 1607 2226 1660 νῦν
2255 1608 2337 1660 ὅτι
2363 1606 2494 1670 Θεὸς
2519 1606 2677 1660 ἔλαϐε
2709 1605 2836 1676 χοῦν
2863 1605 2970 1659 ἀπὸ
2988 1606 3089 1674 τῆς
3116 1608 3238 1677 γῆς,
3271 1605 3365 1658 καὶ
3387 1604 3586 1658 ἔπλασε
3608 1604 3715 1658 τὸν

2129 1700 2413 1772 ἄνθρωπον
2426 1741 2438 1752 .
2464 1695 2638 1770 Εὗρον
2654 1700 2710 1753 δὲ
2726 1701 2790 1752 ἐκ
2805 1698 2898 1752 τοῦ
2919 1700 3163 1770 ῥήματος
3183 1699 3375 1752 τούτου
3397 1699 3710 1769 ἀμφότερα,

2129 1793 2211 1845 ὅτι
2241 1790 2392 1844 οὐδὲν
2426 1789 2712 1861 ἄνθρωπος
2754 1790 2849 1843 καὶ
2876 1791 3019 1859 μέγα
3053 1790 3360 1860 ἄνθρωπος.
3410 1788 3536 1841 'an
3568 1790 3715 1858 πρὸς

450 1876 630 1930 verbis
675 1888 724 1929 et
775 1875 910 1928 nihil
937 1885 990 1929 et
1018 1889 1271 1944 magnum
1305 1873 1566 1943 quiddam
1592 1887 1715 1927 esse
1745 1871 2018 1924 hominem

2129 1883 2227 1954 τὴν
2260 1879 2420 1952 φύσιν
2451 1851 2609 1952 μόνον
2641 1851 2974 1952 armasti-nc,
3004 1881 3066 1934 τὸ
3101 1851 3269 1950 μηδὲν
3295 1851 3506 1932 καὶτοῦ
3542 1851 3715 1949 μηδε-

450 1967 706 2020 intellexi.
750 1966 806 2020 Si
844 1976 1092 2019 naturam
1133 1975 1350 2019 tantum
1404 1963 1526 2033 ejus
1577 1963 1834 2032 aspicias,
1887 1962 2023 2016 nihil

449 2064 532 2110 est
561 2057 745 2122 homo,
795 2064 848 2109 et
880 2055 1033 2109 nullo
1081 2054 1259 2123 pretio
1299 2052 1499 2124 dignus
1546 2071 1561 2106 :
1606 2053 1691 2105 sin
1737 2051 2020 2116 hciiorem,

446 2162 556 2217 quo
595 2146 822 2201 allectus
879 2156 986 2208 est,
1040 2145 1380 2206 consideres,
1441 2158 1633 2212 magna
1677 2157 1767 2197 res
1819 2151 1921 2203 est,
1959 2155 2023 2193 ac

447 2239 725 2305 praeclara.
746 2237 1032 2304 Quomodo
1051 2238 1266 2293 locutus
1284 2246 1370 2292 est
1389 2236 1570 2292 Dens?
1592 2254 1609 2286 ι
1631 2233 1772 2299 Fiat,
1786 2252 1804 2286 ι
1823 2233 2019 2303 inquit,

453 2348 472 2380 σ
495 2330 608 2394 lux,
645 2337 702 2385 et
733 2329 874 2384 facta
909 2336 994 2384 est
1019 2329 1130 2382 lux.
1164 2347 1185 2379 ι
1219 2326 1501 2398 Perpende
1528 2327 1768 2382 hominis
1799 2331 1853 2378 et
1888 2325 2023 2378 lucis

446 2421 900 2491 procreationem.
941 2421 1122 2476 Dixit:
1153 2442 1171 2474 ι
1201 2421 1764 2486 Fiatfirmamentum,
1802 2441 1821 2474 ι
1842 2429 2025 2475 etma-

447 2529 612 2583 gnum
631 2530 792 2584 supra
811 2531 910 2571 nos
926 2517 1124 2570 caelum
1145 2523 1434 2570 extensum
1457 2523 1559 2576 est,
1585 2517 1754 2570 verbo
1774 2514 1866 2569 Dei
1889 2529 2024 2567 con-

446 2601 670 2656 fectum.
704 2601 770 2657 Et
797 2604 987 2668 stellae,
1013 2611 1068 2658 et
1094 2605 1198 2671 sol,
1227 2614 1281 2660 et
1310 2607 1458 2668 luna,
1489 2613 1543 2658 et
1563 2619 1926 2675 quascunque
1943 2606 2023 2657 vel

447 2695 622 2750 oculis
651 2694 947 2759 cernimus,
993 2696 1078 2751 vel
1117 2698 1301 2751 animo
1347 2696 1866 2766 comprehendimus
1910 2711 2026 2748 ma-

450 2785 785 2854 gnitudines,
817 2786 1005 2850 verbo,
1039 2793 1100 2841 ut
1137 2796 1347 2852 essent,
1377 2797 1646 2842 assecuta:
1676 2796 1824 2843 sunt.
1858 2787 2022 2850 Marc,

447 2887 500 2933 ct
539 2886 706 2942 terra,
751 2888 806 2933 et
851 2886 1079 2934 ornatus
1108 2893 1321 2944 eorum,
1352 2887 1460 2933 tam
1487 2881 1636 2934 varia
1669 2891 1782 2935 tum
1810 2881 2022 2934 anima-

448 2973 577 3026 lium
604 2982 716 3027 tum
740 2972 1050 3042 plantarum
1075 2988 1273 3042 genera
1307 2977 1471 3026 verbo
1498 2973 1639 3026 facta
1666 2982 1796 3028 sunt
1819 2974 2023 3030 omnia.

450 3062 623 3119 Homo
669 3079 908 3135 quonam
957 3064 1137 3120 factus
1170 3073 1254 3120 est
1298 3065 1504 3119 modo?
1532 3063 1650 3118 Non
1683 3063 1819 3118 dixit
1862 3081 1876 3118 :
1911 3062 2028 3118 Fiat

2129 1975 2218 2040 νὸς
2259 1974 2439 2039 ἄξιοςο
2469 1974 2566 2028 ἐὰν
2597 1974 2655 2029 δέ
2678 1974 2814 2045 πρὸς
2853 1975 2950 2046 τὴν
2977 1975 3140 2045 τιμὴν
3171 1975 3238 2046 ἢν
3267 1972 3523 2044 ἐτιμήθη,
3562 1973 3712 2042 μέγα

2131 2069 2435 2140 ἄνθρωπος.
2463 2067 2666 2132 Ποίανς
2705 2087 2723 2120 ι
2780 2063 2948 2121 Εἶπεν
2977 2070 3005 2121 ὁ
3043 2068 3196 2131 Θεὸς,
3232 2065 3518 2136 Γενηθήτω
3567 2065 3712 2134 φῶς,

2132 2161 2228 2215 καὶ
2259 2161 2478 2229 ἐγένετο
2504 2160 2639 2228 φῶς.
2676 2179 2694 2212 ι
2732 2159 3030 2232 Σύγκρινον
3053 2159 3340 2228 ἀνθρώπου
3371 2159 3584 2226 γένεσιν
3614 2158 3712 2211 καὶ

2136 2252 2312 2321 φωτὸς
2344 2251 2576 2320 γένεσιν.
2623 2251 2771 2304 Ἐκεῖ
2801 2247 2944 2314 εἶπε,
2980 2271 2998 2301 ι
3029 2250 3317 2319 Γενηθήτω
3345 2249 3656 2319 στερέωμα.
3687 2269 3708 2300 ι

2154 2344 2212 2396 Ὀ
2251 2343 2419 2413 μέγας
2453 2343 2678 2414 οὐρανὸς
2709 2342 2917 2396 ἄνωθεν
2943 2343 3074 2412 ἡμῖν
3103 2339 3467 2412 ὑπερτέταται
3499 2340 3709 2408 ῥήματι

2130 2433 2266 2487 Θεοῦ
2307 2433 2594 2503 γενόμενος
2615 2450 2628 2464 ·
2657 2433 2902 2500 ἀστέρες,
2935 2433 3030 2484 καὶ
3051 2431 3219 2501 ἥλιος,
3257 2430 3351 2483 καὶ
3377 2429 3595 2499 σελήνη,
3617 2431 3706 2483 καὶ

2132 2526 2308 2579 πάντα
2345 2528 2445 2578 ὅσα
2476 2524 2788 2594 θεωροῦμεν
2813 2522 3096 2593 ὀφθαλμῷ,
3131 2523 3225 2575 καὶ
3251 2523 3351 2576 ὅσα
3395 2521 3508 2574 ἄνω
3532 2538 3704 2574 κατα-

2131 2617 2480 2688 λαμϐάνομεν
2516 2614 2741 2686 μεγέθη.
2777 2616 2983 2685 ῥήματι
3014 2613 3138 2682 ἔσχε
3167 2611 3230 2665 τὸ
3263 2607 3418 2664 εἶναι.
3447 2610 3708 2664 Θάλασσα

2133 2710 2226 2762 καὶ
2257 2709 2348 2778 γῆ,
2397 2709 2489 2762 καὶ
2535 2708 2567 2776 ή
2621 2707 2679 2758 ἐν
2723 2706 2906 2768 αὐτοῖς
2953 2704 3330 2775 διακόσμησις,
3382 2703 3536 2768 ζώων
3578 2704 3710 2772 γένη

2131 2799 2451 2852 παντοδαπά
2471 2815 2484 2827 ·
2517 2797 2698 2866 φυτῶν
2730 2797 2977 2866 διάφοροι
3016 2795 3298 2859 ποικιλίαι,
3327 2795 3508 2849 πάντα
3533 2795 3708 2849 ταῦτα

2133 2893 2211 2962 τῷ
2272 2895 2473 2963 ῥήματι
2539 2891 2783 2958 γέγονεν.
2858 2888 3177 2959 Ἀνθρωπος
3232 2888 3325 2951 δὲ,
3379 2888 3534 2953 πῶς;
3599 2889 3708 2940 Οὐκ

2131 2985 2350 3056 ἐλέχθη,
2405 2985 2692 3054 Γενηθήτω
2732 2981 3014 3052 ἄνθρωπος
3041 3020 3056 3045 ,
3093 2980 3169 3044 ὡς
3193 3023 3207 3045 ,
3253 2980 3542 3051 Γενηθήτω
3596 2997 3710 3032 στε-

2135 3079 2343 3150 ρέωμα.
2385 3076 2546 3129 Ἀλλὰ
2577 3075 2759 3130 πλεῖόν
2808 3092 2861 3128 τι
2889 3075 3021 3146 ὁρᾷς
3053 3075 3111 3126 ἐν
3151 3073 3228 3143 τῷ
3256 3072 3526 3141 ἀνθρώπῳ
3571 3072 3712 3141 ὑπὲρ

450 3157 635 3222 homo,
669 3165 728 3211 nt
762 3157 922 3223 dixit,
943 3157 1504 3216 Fiatlirmamentum.
1537 3158 1786 3226 Amplius
1819 3155 2021 3224 aliquid

2135 3169 2270 3237 φῶς,
2319 3168 2459 3238 ὑπὲρ
2492 3169 2740 3236 οὐρανὸν,
2773 3166 2914 3237 ὑπὲρ
2967 3166 3290 3237 φωστῆραςσ
3339 3164 3482 3235 ὑπὲρ
3529 3164 3709 3216 πάντα

447 3248 632 3303 cernis
680 3248 736 3302 in
790 3250 1009 3304 homine
1050 3265 1215 3320 quam
1264 3249 1319 3303 in
1365 3249 1507 3312 luce,
1559 3264 1722 3318 quam
1757 3249 1810 3301 in
1857 3249 2018 3309 caelo,

451 3355 616 3410 quam
645 3340 698 3394 in
731 3340 1120 3396 luminaribus.
1150 3341 1422 3398 Omnibus
1467 3341 1742 3396 antecellit
1784 3341 2022 3395 hominis

449 3434 778 3503 procreatio.
801 3452 818 3485 ι
846 3433 1069 3503 Accepit
1085 3433 1264 3490 Dens:
1295 3454 1312 3486 ι
1346 3448 1507 3488 manu
1530 3435 1746 3504 propria
1765 3435 2023 3504 dignatur

447 3539 646 3594 corpus
678 3534 929 3580 nostrum
963 3524 1219 3580 formare.
1256 3523 1372 3580 Non
1401 3524 1568 3594 jussit
1625 3525 1835 3595 angelo.
1876 3525 2018 3589 Non,

449 3625 506 3669 ut
538 3616 778 3682 cicadas,
811 3627 1003 3686 sponte
1029 3632 1126 3671 sua
1159 3618 1386 3688 protulit
1407 3617 1680 3671 hominem
1707 3625 1873 3671 terra.
1903 3615 2018 3670 Non

451 3709 719 3764 ministris
765 3709 1133 3764 Palestatibus
1166 3710 1266 3764 hoc
1297 3708 1430 3762 illud
1465 3708 1773 3762 faciendum
1809 3708 2028 3761 manda-

456 3802 548 3865 vit,
578 3803 671 3857 sed
699 3818 862 3856 manu
887 3817 985 3857 sua
1016 3802 1313 3858 benevolus
1333 3802 1529 3857 artifex
1558 3810 1760 3857 terram
1793 3803 2025 3872 accepit.

2132 3261 2485 3334 ήὰνθρώπου
2535 3259 2769 3328 γένεσις.
2819 3276 2838 3308 ι
2882 3256 3082 3309 Ἔλαδε
3121 3255 3326 3326 Κύριος
3377 3256 3406 3306 ὁ
3458 3253 3629 3316 Θεός·
3685 3271 3706 3304 ›

2133 3355 2380 3420 καταξιοϊ
2421 3352 2528 3421 ἰδίᾳ
2574 3350 2721 3422 χειρὶ
2771 3348 3067 3403 διαπλάσαι
3108 3346 3168 3399 τὸ
3207 3346 3477 3417 ἡμέτερον
3521 3344 3706 3414 σῶμα.

2132 3450 2206 3501 Οὐ
2243 3444 2572 3518 προσέταξεν
2606 3442 2852 3512 ἀγγέλῳ·
2888 3441 2984 3509 οὐχ
3011 3443 3046 3510 ή
3080 3439 3152 3508 γῆ
3187 3438 3492 3506 αὑτομάτος
3514 3434 3709 3503 ὥσπερ

2131 3541 2256 3604 τοὺς
2303 3539 2560 3606 τέττιγας
2613 3536 2761 3606 ἡμᾶς
2808 3533 3095 3602 ἐξέὁρασε,
3137 3531 3238 3583 οὐκ
3285 3523 3409 3581 εἷπε
3440 3525 3580 3596 τῷδε
3618 3527 3712 3579 καὶ

2129 3629 2267 3700 τῷδε
2313 3627 2536 3698 ποιῆσαι
2576 3625 2977 3694 λειτουργικαῖς
3033 3621 3349 3690 δυνάμεσιν.
3405 3616 3544 3670 Ἀλλ’
3607 3616 3718 3685 ἰδίᾳ

2129 3723 2276 3798 χειρὶ
2323 3721 2644 3792 φιλοτεχνεῖ,
2695 3719 2801 3789 γῆν
2849 3715 3058 3769 ἐλαϐεν.
3107 3714 3280 3767 Ὅταν
3323 3711 3460 3783 πρὸς
3505 3710 3571 3762 τὸ
3618 3709 3718 3779 λη-

2131 3819 2264 3885 φθὲν
2309 3815 2525 3887 ἀπίδῃς,
2573 3812 2626 3864 τί
2681 3810 2830 3862 ἐστιν
2880 3807 3193 3876 ἄνθρωπος
3246 3805 3377 3887 ὅταν
3431 3801 3570 3872 πρὸς
3619 3802 3715 3852 τὸν

453 3893 508 3946 Si
551 3894 686 3948 illud
711 3895 854 3962 quod
899 3903 1176 3963 sumptum
1211 3902 1315 3957 est,
1367 3895 1584 3964 aspicis,
1636 3893 1770 3965 quid
1805 3893 2021 3948 homine

2129 3881 2406 3956 πλάσαντα
2433 3881 2774 3970 κατανοήσῃς
2799 3938 2815 3961 ,
2847 3896 2990 3965 μέγα
3009 3888 3317 3960 ἄνθρωπος,
3341 3881 3486 3936 ὥστε
3515 3897 3618 3933 και
3645 3893 3713 3930 τε

448 3981 650 4036 vilius?
667 3981 762 4037 Sin
781 3984 1048 4038 artificem
1061 3985 1400 4050 consideras,
1425 3987 1554 4057 quid
1571 3989 1792 4043 homine
1808 3989 2024 4056 majus?

2125 3993 2290 4066 μηδὲν
2321 3992 2408 4046 διὰ
2435 3990 2534 4064 τὴν
2562 3990 2717 4059 ὓλην,
2756 3987 2852 4041 καὶ
2874 3985 3016 4056 μέγα
3037 3981 3125 4034 διὰ
3157 3978 3254 4048 τὴν
3279 3976 3468 4045 τιμήν.

447 4075 916 4142 Quemadmodum
945 4087 1171 4149 prOpter
1195 4081 1482 4135 materiam
1507 4094 1573 4134 eo
1597 4081 1735 4134 nihil
1766 4078 2036 4148 abjectius
2057 4118 2074 4144 ,
2106 4063 2429 4146 sseVpropter
2456 4075 2730 4130 eifectoris
2759 4072 3078 4141 dignitatem
3107 4067 3428 4139 praeclarius
3461 4063 3620 4116 nihil.

522 4183 542 4217 ι
564 4165 627 4220 Ει
643 4169 850 4237 accepit
866 4166 1024 4222 Deus.
1039 4167 1185 4222 iCur
1198 4181 1402 4232 autem,
1423 4185 1547 4225 cum
1567 4169 1908 4224 antedictum
1925 4169 2016 4230 sit,

449 4275 469 4309 ι
503 4256 568 4311 Et
585 4257 712 4312 fecit
735 4258 876 4314 Deus
903 4260 1202 4323 hominem,
1234 4281 1253 4314 ι
1286 4262 1374 4316 hic
1398 4264 1451 4316 in
1475 4263 1592 4331 ejus
1615 4262 2015 4332 procreatione,

443 4358 704 4420 tanquam
736 4351 787 4404 id
817 4367 926 4405 non
950 4353 1402 4418 intellexerimus,
1433 4355 1489 4407 in
1512 4355 1745 4407 historia
1775 4353 2015 4406 dicitur:

446 4458 467 4492 σ
491 4439 556 4493 Ει
577 4441 786 4510 accepit
815 4440 956 4497 Deus
987 4443 1266 4513 pulverem
1297 4459 1328 4499 e
1355 4452 1498 4498 terra
1535 4451 1590 4498 et
1629 4444 1886 4498 formavit
1919 4442 2019 4496 ho-

441 4532 642 4584 minem
665 4532 726 4586 τι
763 4531 1126 4588 Tradiderunt
1169 4535 1280 4602 jam
1327 4536 1548 4604 quidam
1590 4536 1814 4588 verbum
1858 4533 2014 4596 illud,
2053 4559 2096 4612 ι)

446 4642 463 4672 ‹
497 4622 796 4686 Formavit,
829 4641 851 4675 ι
877 4626 942 4677 ad
971 4637 1174 4693 corpus
1205 4625 1399 4677 relerri
1425 4639 1478 4676 ιι
1509 4623 1694 4677 l'eciti
1717 4631 1922 4690 autem,
1946 4625 2014 4679 ad

440 4714 849 4782 :mimum.Qu:e
866 4717 1084 4786 quidem
1104 4715 1243 4769 ratio
1260 4713 1401 4770 forte
1414 4730 1522 4768 non
1538 4713 1796 4770 abhorret
1813 4730 1844 4768 a
1859 4730 2012 4773 vero.

447 4806 512 4860 Ut
536 4824 660 4863 cum
691 4810 1072 4879 exponendum
1093 4819 1238 4865 esset
1267 4811 1540 4864 hominem
1567 4826 1690 4866 esse
1723 4811 1924 4865 factum
1953 4816 2021 4866 ad

444 4902 735 4973 inaginem
767 4901 883 4965 Dei,
919 4904 1186 4972 scriptum
1227 4902 1319 4968 sit,
1359 4921 1378 4955 ι
1420 4901 1566 4957 Fecit
1599 4922 1612 4956 :
1643 4921 1662 4954 ι
1687 4918 1812 4956 cum
1840 4914 2021 4958 autem

443 5006 588 5051 esset
630 4997 983 5064 explicanda,
1031 5011 1151 5066 qua:
1183 4997 1251 5050 ad
1284 4997 1534 5066 corporis
1573 4997 2019 5052 constitutionem

442 5090 794 5158 pertinerent,
831 5106 894 5144 ea
925 5106 1026 5144 vox
1049 5132 1062 5156 ,
1102 5108 1121 5141 ι
1162 5089 1458 5154 Formavit,
1500 5110 1518 5142 ι
1557 5089 1800 5144 adhibita
1831 5090 2018 5153 fuerit,

443 5182 744 5250 praesertim
769 5197 892 5234 cum
924 5180 1088 5234 David
1119 5181 1236 5248 ipse
1266 5180 1559 5233 discrimen
1597 5180 1788 5232 horum
1825 5181 2022 5234 verbo-

445 5286 566 5323 rum
599 5270 853 5326 docuisse
887 5272 1153 5335 videatur,
1187 5271 1316 5324 dum
1349 5272 1555 5326 diceret
1589 5290 1601 5325 :
1639 5289 1658 5320 ι
1695 5269 1886 5325 Manus
1915 5279 2023 5324 tute

446 5363 696 5418 fecerunt
727 5379 834 5429 me,
871 5373 924 5418 et
954 5363 1329 5419 formaverunt
1359 5380 1465 5418 me.
1508 5383 1526 5414 ι
1558 5362 1708 5416 Fecit
1747 5363 2019 5416 hominem

445 5453 799 5518 interiorem,
864 5453 1194 5508 exteriorem
1242 5453 1518 5508 formavit.
1569 5451 1828 5506 Formarc
1874 5454 2023 5506 enim

445 5545 700 5612 congruit
745 5544 880 5608 luto,
938 5544 1119 5600 facere
1153 5555 1333 5602 autem
1387 5545 1611 5616 imagini
1655 5543 1771 5600 Dei.
1813 5542 2020 5610 Quam--

444 5637 634 5691 obrem
666 5638 898 5692 formata
923 5647 1007 5693 est
1035 5654 1187 5704 caro,
1221 5640 1438 5693 animus
1457 5655 1587 5693 vero
1619 5639 1815 5693 factus.
1846 5637 2023 5707 Expo-

449 5731 572 5786 sitis
608 5733 772 5802 igitur
817 5739 965 5796 ante,
1009 5749 1131 5804 qua:
1181 5733 1248 5786 ad
1295 5731 1736 5789 constituendum
1780 5734 2018 5784 animum

448 5833 716 5891 spectant,
750 5839 890 5878 nunc
918 5839 979 5878 ca
1020 5833 1226 5890 narrat,
1278 5840 1398 5894 ιιιιιυ
1444 5822 1512 5877 ad
1545 5837 1744 5892 corpus
1783 5820 2019 5875 conflan-

2201 4187 2219 4217 ι
2251 4167 2358 4220 Καὶ
2382 4166 2570 4220 ἐλαϐεν
2610 4169 2638 4220 ὁ
2666 4166 2818 4228 Θεός.
2851 4184 2869 4217 ι
2920 4162 3081 4216 Ἀλλὰ
3110 4160 3260 4223 πῶς;
3301 4159 3450 4211 Ἐκεῖ
3481 4157 3538 4208 ἐν
3591 4160 3717 4220 τοῖς

2125 4259 2380 4324 κατόπιν,
2414 4277 2433 4309 ι
2451 4259 2557 4312 Καὶ
2589 4258 2844 4328 ἐποίησεν
2882 4259 2912 4308 ὁ
2937 4255 3071 4318 Θεὸς
3095 4253 3186 4306 τὸν
3212 4252 3499 4322 ἄνθρωπον
3523 4267 3536 4280 ·
3562 4267 3584 4300 ι
3622 4251 3715 4301 ὲν-

2124 4349 2298 4404 ταῦθα
2327 4349 2407 4412 δὲ,
2441 4349 2648 4402 ἄνωθεν
2673 4348 2961 4418 ἀνθρώπου
2988 4347 3200 4415 γένεσις
3224 4361 3238 4375 ο
3263 4344 3339 4407 ὡς
3374 4343 3540 4415 μηδὲν
3577 4343 3716 4412 περὶ

2124 4440 2412 4512 ἀνθρώπου
2441 4441 2839 4512 δεδιδαγμένων
2873 4439 3049 4510 ἡμῶν,
3078 4436 3287 4507 ἱστορία
3323 4435 3472 4502 λέγει
3497 4451 3509 4464 ·
3555 4453 3574 4485 ι
3599 4435 3717 4486 Καὶ

2125 4534 2315 4586 ἐλαϐεν
2339 4535 2366 4586 ὁ
2394 4533 2525 4595 Θεὸς
2551 4532 2678 4603 χοῦν
2712 4532 2822 4584 ἀπὸ
2847 4531 2949 4602 τῆς
2970 4531 3090 4598 γῆς·
3133 4530 3226 4582 καὶ
3251 4528 3484 4581 ἔπλασεν
3515 4528 3543 4578 ὁ
3570 4525 3713 4589 Θεὸς

2123 4627 2214 4679 τὸν
2241 4627 2544 4698 ἄνθρωπον.
2573 4645 2591 4676 ι
2631 4625 2768 4695 Ἤδη
2798 4624 2940 4686 τινὲς
2971 4623 3203 4690 ἔφασαν,
3230 4620 3293 4672 τὸ
3334 4620 3431 4689 μὲν
3483 4637 3500 4668 ι
3539 4619 3711 4672 ἐπλα-

2126 4735 2214 4769 σεν
2239 4737 2254 4766 υ
2297 4718 2388 4769 ἐπὶ
2415 4715 2512 4768 τοῦ
2558 4713 2810 4785 σώματος
2843 4712 3131 4784 εἰρῆσθαι·
3165 4710 3226 4763 τὸ
3268 4711 3326 4763 δὲ
3357 4729 3374 4760 ι
3397 4711 3658 4779 ἐποίησεν
3686 4730 3706 4762 ι

2123 4809 2214 4860 ἐπὶ
2237 4808 2336 4878 τῆς
2357 4807 2551 4877 ψυχῆς.
2583 4806 2742 4870 Ἴσως
2769 4805 2890 4859 οὐδέ
2922 4805 3028 4871 ἔξω
3049 4804 3151 4874 τῆς
3175 4801 3435 4873 ἀληθείας
3463 4803 3492 4855 ὁ
3523 4803 3710 4866 λόγος.

2125 4902 2299 4953 Ὅπου
2334 4901 2432 4970 μὲν
2473 4900 2580 4969 γὰρ
2619 4899 2835 4971 εἴρηται
2857 4939 2871 4962 ,
2913 4916 2933 4948 ι
2960 4897 3072 4950 Καὶ
3099 4895 3352 4967 ἐποίησεν
3397 4897 3426 4947 ὁ
3453 4895 3589 4960 Θεὸς
3618 4897 3714 4948 τὸν

2122 4993 2431 5062 ἄνθρωπον,
2467 5011 2486 5044 ι
2539 4991 2661 5044 κατ’
2699 4991 2883 5043 εἰκόνα
2921 4988 3059 5042 Θεοῦ
3105 4988 3359 5058 ἐποίησεν
3403 4987 3597 5051 αὐτὸν,
3651 4987 3716 5039 τὸ

2129 5103 2147 5133 ε
2180 5086 2432 5153 ἐποίησεν
2464 5102 2482 5134 ι
2510 5083 2742 5153 εἴρηταιο
2766 5083 2898 5135 ὅπου
2921 5081 2978 5133 δὲ
3000 5079 3185 5133 λοιπὸν
3202 5078 3444 5148 περὶτῆς
3461 5095 3716 5148 σωματι-

2124 5177 2224 5246 κῆς
2260 5177 2604 5238 ὑποστάσεως
2637 5175 2767 5244 ἡμῖν
2800 5173 3087 5242 διηγεῖται,
3109 5171 3172 5224 τὸ
3201 5190 3220 5222 ι
3256 5169 3459 5223 ἔπλασε
3485 5190 3506 5222 ι
3534 5170 3712 5237 λέγει.

2123 5268 2392 5339 Διασορὰν
2423 5267 2479 5319 δὲ
2510 5267 2779 5336 ποιήσεως
2805 5264 2899 5317 καὶ
2923 5263 3174 5325 πλάσεως
3211 5263 3305 5315 καὶ
3338 5263 3368 5312 ὁ
3396 5260 3714 5332 Ψαλμῳδὸς

2123 5361 2358 5425 ἐδίδαξεν
2393 5358 2601 5412 εἰπών’
2643 5360 2749 5409 «Αἱ
2795 5356 2975 5427 χεῖρές
3025 5373 3118 5408 σου
3174 5356 3439 5424 ἐποίησάν
3491 5371 3559 5425 με
3613 5355 3713 5406 καὶ

2122 5449 2361 5503 ἐπλασάν
2386 5464 2474 5518 με.
2506 5465 2526 5499 ι
2570 5445 2825 5517 Ἐποίησε
2867 5445 2958 5498 τὸν
2991 5445 3098 5498 ἐσω
3128 5445 3416 5515 ἄνθρωπον
3437 5484 3452 5509 ,
3499 5443 3708 5496 ἔπλασε

2122 5543 2214 5598 τὸν
2245 5542 2369 5607 ἔξω.
2400 5542 2510 5593 Καὶ
2542 5539 2650 5610 γὰρ
2695 5540 2894 5611 πρέπει
2929 5539 2963 5610 ή
3001 5539 3100 5608 μὲν
3133 5536 3328 5599 πλάσις
3363 5534 3520 5605 πηλῷ
3543 5550 3554 5562 ·
3587 5537 3621 5604 ἡ
3650 5535 3710 5588 δὲ

2125 5634 2340 5703 ποίησις
2360 5632 2436 5703 τῷ
2469 5634 2589 5685 κατ’
2621 5631 2823 5684 εἰκόνα.
2863 5630 3028 5683 Ὥστε
3062 5627 3303 5698 ἐπλάσθη
3334 5627 3434 5696 μὲν
3460 5627 3495 5693 ἡ
3542 5626 3705 5695 σὰρξ,

2123 5726 2349 5796 ἐποιήθη
2383 5726 2440 5777 δέ
2484 5727 2518 5796 ἡ
2546 5725 2711 5795 ψυχή.
2749 5725 2896 5776 ’Λνω
2935 5723 3114 5775 τοίνυν
3145 5720 3314 5775 ελίπὼν
3355 5722 3488 5792 περὶ
3528 5722 3711 5793 ψυχῆς

2122 5818 2491 5882 ὑποστάσεως,
2515 5817 2608 5872 νῦν
2633 5817 2761 5888 περὶ
2789 5817 2884 5883 τῆς
2916 5816 3135 5870 κατὰτὸ
3169 5814 3325 5887 σῶμα
3359 5815 3708 5878 διαπλάσεως
