3886 6214
266 322 370 374 281

1034 324 1100 379 ΙΝ
1134 328 1384 394 VERBA,
1421 329 1801 385 FACIAMUS
1842 328 2224 394 IIOMINEM,
2266 328 2445 394 ETC.,
2486 326 2692 384 ORAT.
2733 328 2801 383 Il.

3430 330 3538 384 S82

262 437 406 504 ἡμῖν
432 435 759 506 διαλέγεται.
787 440 915 510 Ἔχε
951 443 1044 495 καὶ
1070 443 1258 498 τοῦτον
1287 446 1378 498 τὸν
1400 446 1555 514 λόγον
1585 465 1597 477 ·
1630 448 1713 510 τίς
1738 447 1795 499 δὲ
1828 450 1841 499 ἐ

1958 448 2087 502 dum
2121 449 2415 515 pertinent.
2444 444 2570 499 Haec
2598 447 2670 501 sit
2693 460 2798 499 una
2835 444 2994 498 ratio.
3047 443 3230 499 Altera
3263 452 3366 509 est,
3391 443 3537 515 quod

265 528 458 595 ἔτερος
480 543 495 591 ;
517 529 639 582 ’Ότι
661 530 728 582 τά
756 532 937 601 μὲνέν
962 535 1241 606 κεφαλαίῳ
1267 536 1479 604 λέγεται
1497 554 1509 565 ’
1546 538 1615 591 τὰ
1643 538 1699 591 δέ
1726 539 1845 591 καθ’

262 618 326 668 ὃν
355 618 557 688 τρόπον
585 620 806 687 γέγονεν
833 624 962 692 ἡμῖν
985 625 1353 694 παραδίδοται.
1387 629 1626 681 Ἃνωθεν
1651 624 1745 682 οὖν
1766 631 1850 683 ὅτι

264 710 364 761 καὶ
397 710 674 780 ἐποίησεν,
708 705 810 765 ὦδε
850 715 1088 778 καὶπῶς
1120 717 1396 787 ἐποίησεν.
1431 719 1492 770 Εἰ
1522 719 1630 789 γὰρ
1664 719 1850 782 ἁπλῶς

266 796 427 854 εἶπεν
462 802 546 855 ὅτι
579 802 854 873 ἐποίησεν,
884 805 1138 875 ἐνόμισας
1176 807 1243 860 ἂν
1269 808 1350 860 ὅτι
1390 809 1645 877 ἐποίησεν
1672 810 1745 871 ὡς
1780 810 1849 862 τὰ

268 897 466 962 κτήνη,
488 893 566 957 ὡς
595 894 661 947 τά
689 894 874 966 θηρία,
899 896 975 960 ὼς
1001 897 1072 950 τά
1102 898 1267 965 φυτὰ,
1290 900 1366 962 ὡς
1389 901 1479 951 τὸν
1505 902 1715 971 χόρτον.
1732 902 1848 954 Ἵνα

266 980 363 1037 οῦν
397 984 571 1056 φύγῃς
596 987 698 1056 τὴν
739 987 877 1057 πρὸς
901 988 970 1041 τά
1010 988 1181 1056 ἄλογα
1224 991 1539 1054 κοινωνίαν,
1585 994 1684 1061 τὴν
1717 993 1850 1045 ἰδιά-

266 1074 471 1137 ζουσαν
507 1077 632 1145 περὶ
672 1077 733 1129 σὲ
769 1077 862 1130 τοῦ
884 1078 1020 1132 Θεοῦ
1052 1080 1426 1151 φιλοτέχνησιν
1455 1084 1484 1135 6
1514 1081 1669 1150 λόγος
1701 1101 1845 1154 παρ-

266 1165 491 1221 έδωκεν.
540 1186 559 1218 ι
583 1167 813 1221 Ἔλαϐεν
852 1172 881 1223 6
907 1170 1038 1233 Θεὸς
1068 1171 1197 1241 χοῦν
1223 1172 1331 1225 ἀπὸ
1354 1172 1456 1241 τῆς
1488 1174 1610 1242 γῆς.
1639 1194 1658 1226 ι
1701 1176 1849 1227 Ἐκεῖ

264 1251 422 1308 εἶπεν
463 1257 543 1309 ὅτι
586 1258 870 1326 ἐποίησενο
910 1259 1142 1313 ἐνταῦθα
1174 1259 1232 1313 δὲ
1266 1260 1385 1323 πῶς
1424 1263 1666 1332 ἐποίησε.
1703 1262 1847 1316 Χοῦν

262 1346 458 1399 ἔλαϐεν
488 1349 596 1400 ἀπὸ
624 1349 723 1418 τῆς
746 1350 883 1418 γῆς,
925 1351 1019 1403 καὶ
1060 1350 1261 1404 ἔπλασε
1295 1355 1414 1415 ταῖς
1447 1353 1604 1418 ἰδίαις
1632 1354 1842 1423 χερσίν.

274 1437 644 1508 Ἐνθυμήθητι
674 1438 789 1502 πῶς
812 1440 1106 1510 ἐπλάσθης.
1141 1442 1213 1494 Τὸ
1233 1443 1593 1513 ἐργαστήριον
1618 1446 1714 1516 τῆς
1742 1446 1846 1514 φύ-

262 1546 405 1593 σεως
435 1531 668 1598 λόγισαι.
697 1532 834 1603 Χεὶρ
862 1534 977 1587 ἐστι
1012 1534 1277 1607 δεξαμένη
1316 1554 1376 1588 σε
1407 1536 1570 1590 Θεοῦ*
1600 1537 1662 1591 τὸ
1694 1539 1845 1609 παρὰ

260 1620 401 1673 Θεοῦ
437 1620 689 1688 πλασθέν,
718 1622 807 1675 διά
829 1625 1093 1695 πονηρίας
1118 1625 1193 1696 μὴ
1223 1626 1443 1698 μιανθῇ,
1474 1628 1538 1681 δι’
1569 1629 1845 1700 ἁμαρτίας

264 1713 341 1781 μὴ
390 1712 654 1783 ἀλλοιωοῇ
681 1753 697 1776 ,
755 1715 828 1787 μὴ
879 1717 1121 1789 ὲκπὲσῃς
1161 1720 1259 1788 τῆς
1310 1720 1491 1791 χειρὸς
1537 1722 1632 1775 τοῦ
1683 1722 1840 1777 Θεοῦ,

258 1803 466 1867 Σκεῦας
498 1801 547 1857 εί
591 1806 919 1860 θεόπλαστον
948 1811 1099 1882 παρὰ
1131 1811 1266 1864 Θεοῦ
1298 1814 1587 1883 γενόμενον
1606 1833 1619 1846 ο
1654 1815 1844 1880 δόξαζε

259 1897 355 1949 τὸν
387 1900 706 1969 ποιήσαντα.
739 1901 874 1954 Οὐδὲ
908 1902 1018 1974 γὰρ
1046 1904 1206 1957 ἄλλου
1232 1906 1378 1969 τινὸς
1412 1907 1596 1960 ἕνεκεν
1634 1908 1842 1976 ἐγένου,

261 1990 294 2058 ἢ
329 1990 417 2042 ἱνα
437 1990 668 2061 ὄργανον
690 1988 757 2066 ᾖς
781 1994 1088 2063 ἐπιτήδειον
1114 1997 1213 2065 τῆς
1245 1997 1403 2067 δόξης
1428 1999 1522 2051 τοῦ
1548 1999 1702 2053 Θεοῦ.
1735 2002 1844 2054 Καὶ

260 2081 373 2149 γάρ
410 2084 438 2134 6
466 2084 669 2153 κόσμος
697 2080 848 2148 οὗτος
873 2085 992 2149 ὅλος
1015 2085 1206 2159 ὥσπερ
1238 2106 1291 2142 τι
1324 2090 1526 2159 βιϐλίον
1571 2090 1844 2161 ἔγγραφόν

260 2170 451 2236 ἐστιν,
504 2172 978 2243 ὑπαγορευόμενον
1027 2177 1126 2248 τὴν
1181 2177 1274 2231 τοῦ
1330 2178 1465 2232 Θεοῦ
1510 2179 1667 2243 δόξαν
1693 2198 1705 2210 ·
1745 2180 1843 2252 τὴν

260 2262 612 2333 ἀπόκρυφον,
648 2267 743 2318 καὶ
805 2267 1035 2336 ἀόρατον
1101 2268 1194 2321 τοῦ
1265 2270 1399 2324 Θεοῦ
1452 2272 1842 2343 μεγαλωσύνην

257 2352 328 2405 δι’
357 2354 522 2407 αὑτοῦ
557 2355 886 2425 διαγγέλλων
911 2376 994 2412 σοι
1031 2360 1110 2430 τῷ
1151 2360 1275 2415 νοῦν
1305 2362 1521 2433 ἔχοντι,
1557 2366 1637 2427 είς
1671 2381 1842 2418 κατα-

258 2446 448 2515 νόησιν
498 2447 778 2519 ἀληθείας.
817 2452 1042 2515 Πάντως
1083 2449 1175 2507 οὖν
1215 2456 1492 2527 μέμνησαι
1525 2458 1635 2511 τῶν
1685 2461 1839 2530 εἰρηο

262 2539 463 2609 μένων.

354 2717 494 2772 «Καὶ
521 2721 824 2793 ηὐλόγησεν
855 2724 1055 2788 αὐτοὺς
1096 2726 1126 2777 6
1152 2725 1285 2789 Θεὸς
1315 2727 1407 2782 καὶ
1446 2719 1597 2781 εἶπεν
1621 2768 1637 2794 ,
1667 2729 1843 2794 A656-

1954 540 2067 593 illic
2109 554 2222 593 rem
2265 539 2580 593 summatim
2624 537 2965 607 perstrinxit,
3006 535 3097 590 hic
3139 535 3381 596 modum,
3425 550 3537 605 q_uo

1954 630 2097 684 facta
2131 638 2241 693 est,
2286 630 2525 699 explicat
2556 637 2612 684 et
2651 635 2899 683 enarrat.
2933 627 3076 682 Ante
3119 625 3320 680 fecisse
3363 625 3533 680 Deum

1952 722 2247 777 audivisti:
2269 736 2417 775 nunc
2445 736 2554 789 quo
2581 721 2743 774 modo
2775 718 2991 785 fecerit,
3016 717 3293 787 intelligis.
3321 715 3532 771 Etenim

1950 814 1999 868 si
2040 812 2368 882 simpliciter
2402 813 2669 880 scriptum
2695 820 2843 865 esset
2870 828 2883 863 :
2912 808 3087 872 Fecit,
3135 809 3406 878 cogitares
3435 808 3531 861 ho-

1950 906 2155 958 minem
2194 903 2369 959 fuisse
2400 903 2629 965 factum,
2662 911 2724 955 ut
2754 901 2921 963 feras,
2946 910 3008 953 ut
3041 907 3182 963 cete,
3210 908 3268 953 ut
3292 900 3530 969 plantas,

1949 1002 2009 1047 ut
2064 994 2282 1047 herbas.
2326 992 2597 1058 Quocirca
2632 998 2693 1045 ut
2728 996 2780 1045 te
2827 1004 2953 1043 cum
2999 989 3402 1059 agrestioribus
3448 988 3531 1042 in-

1951 1085 2238 1154 telligeres
2266 1085 2404 1137 nihil
2435 1083 2637 1137 habere
2666 1096 2982 1146 commune,
3008 1080 3225 1151 Moyses
3246 1081 3527 1151 proprium

1947 1185 2003 1232 et
2025 1178 2301 1248 singulare
2321 1176 2416 1232 Dei
2447 1177 2503 1230 in
2537 1184 2591 1230 te
2614 1174 2855 1230 creando
2890 1174 3180 1227 artificium
3207 1173 3525 1243 explicavit.

1952 1287 1972 1321 ι
2005 1268 2250 1338 Sumpsit
2270 1268 2414 1322 Deus
2435 1267 2714 1337 pulverem
2734 1273 2954 1321 eterra.
2982 1285 3001 1318 ι
3034 1266 3207 1329 Tunc,
3234 1264 3361 1334 quid
3386 1264 3528 1319 Dens

1946 1358 2161 1422 fecerit,
2192 1358 2370 1412 dixit:
2410 1372 2583 1419 nunc,
2613 1369 2723 1426 qua
2770 1356 2986 1411 ratione
3015 1354 3225 1419 fecerit,
3280 1356 3525 1420 exponit.

1945 1452 2228 1506 Pulverem
2270 1451 2507 1520 sumpsit
2556 1464 2587 1503 e
2632 1457 2800 1513 terra,
2852 1447 3245 1517 hominemque
3291 1448 3528 1517 propriis

1945 1543 2201 1597 manibus
2228 1541 2508 1596 formavit.
2536 1540 2728 1611 Cogita
2760 1538 3222 1609 quemadmodum
3256 1538 3523 1592 formatus

1946 1634 2046 1699 sis,
2081 1634 2291 1687 homo:
2337 1640 2549 1686 naturae
2596 1642 2705 1685 tua:
2750 1630 3043 1685 artificium
3080 1628 3389 1683 considera.
3432 1626 3523 1681 Dei

1946 1741 2144 1781 manus
2167 1733 2252 1780 est
2295 1724 2412 1790 illa,
2437 1740 2561 1794 quae
2593 1732 2646 1778 te
2673 1721 2951 1777 formavit.
2986 1723 3131 1775 Cave
3160 1737 3228 1775 ne
3261 1720 3355 1774 Dei
3387 1734 3526 1788 opus

1946 1818 2153 1887 ﬂagitio
2210 1817 2620 1885 coinquinetur,
2669 1830 2739 1869 ne
2784 1821 3008 1883 peccato
3056 1820 3424 1882 pervertatur,
3472 1819 3527 1866 et

1945 1909 2169 1963 excidas
2199 1924 2230 1964 e
2260 1923 2427 1962 manu
2456 1906 2572 1963 Dei.
2596 1905 2676 1959 Tu
2707 1922 2770 1960 es
2793 1921 2891 1960 vas
2919 1920 2948 1958 a
2979 1904 3089 1959 Deo
3120 1903 3328 1969 fletum,
3361 1912 3526 1972 atque

1944 2000 2268 2065 conflatum,
2311 2000 2474 2053 lauda
2527 1999 2840 2054 effectorem
2884 2004 3040 2050 tuum
3085 2014 3097 2049 :
3147 2011 3326 2064 neque
3378 1996 3525 2049 enim

1946 2094 2111 2147 aliam
2144 2094 2217 2148 ob
2247 2107 2472 2147 causam
2509 2091 2688 2146 factus
2715 2106 2799 2155 es,
2830 2089 2937 2144 nisi
2977 2095 3034 2141 ut
3061 2087 3127 2141 ad
3160 2087 3253 2142 Dei
3290 2088 3521 2158 gloriam

1943 2182 2334 2237 celebrandam
2368 2186 2522 2238 esses
2561 2182 2991 2235 instrumentum
3025 2180 3521 2233 accommodatum.

1941 2268 2021 2322 Ac
2049 2269 2251 2324 divina:
2274 2269 2495 2339 quidem
2518 2270 2704 2338 gloriae
2722 2267 3065 2324 celebrandae
3085 2269 3370 2323 materiam
3400 2268 3521 2330 tibi,

1942 2369 2207 2430 tanquam
2238 2361 2380 2416 liber
2417 2363 2684 2432 scriptus,
2720 2362 2962 2431 suggerit
2991 2361 3143 2415 orbis
3182 2359 3271 2414 hic
3303 2360 3525 2414 univer-

1942 2469 2058 2509 sus.
2091 2452 2214 2508 Tibi
2239 2453 2388 2536 enim
2412 2462 2599 2508 mente
2628 2454 2859 2524 praedita
2884 2453 2950 2506 ad
2981 2452 3229 2508 veritatis
3256 2453 3524 2523 cognitio-

1944 2562 2068 2600 nem
2098 2545 2317 2599 nuntiat
2346 2561 2414 2599 ex
2444 2561 2503 2599 se
2540 2545 2999 2616 magnificentiam
3036 2544 3151 2600 Dei.
3179 2544 3523 2614 Quapropter

1938 2651 2127 2690 eorum
2151 2651 2272 2705 quae
2302 2635 2451 2690 dicta
2487 2643 2639 2701 sunt,
2676 2636 2993 2690 recordare.

2018 2747 2036 2779 ι
2075 2727 2141 2780 Ει
2172 2727 2450 2783 benedixit
2475 2728 2557 2783 eis
2580 2726 2745 2793 Deus,
2773 2736 2827 2781 et
2854 2728 2931 2780 ait
2958 2745 2971 2780 :
3006 2726 3273 2790 Crescite,
3299 2735 3353 2782 et
3384 2729 3523 2780 mul-

254 2811 440 2876 νεσθε,
474 2814 569 2866 καὶ
618 2814 975 2885 πληθύνεσθε,
1006 2819 1099 2870 καὶ
1151 2819 1477 2890 πληρώσατε
1526 2821 1622 2892 τὴν
1655 2823 1778 2891 γῆν.
1816 2843 1835 2875 ι

1945 2819 2286 2887 tiplicamini,
2328 2831 2382 2874 et
2425 2819 2631 2887 replete
2665 2826 2890 2873 terram.
2923 2837 2940 2869 ›
2984 2817 3190 2887 Duplex
3224 2829 3305 2874 est
3342 2820 3525 2873 incre-

256 2902 439 2973 Διπλῆ
473 2904 723 2975 αὔξησις,
757 2908 790 2977 ή
826 2908 925 2977 μὲν
964 2906 1212 2978 σώματος
1236 2950 1251 2973 ,
1284 2911 1317 2979 ή
1350 2910 1407 2962 δὲ
1436 2912 1634 2981 ψυχῆς.
1683 2913 1842 2966 Ἀλλά

256 2997 295 3065 ἡ
326 2996 507 3065 ψυχῆς
527 2996 783 3068 αῦξησις,
824 3000 858 3069 ή
891 3000 979 3053 διά
1005 3000 1113 3053 τῶν
1147 3002 1483 3072 μαθημάτων
1513 3005 1592 3067 είς
1628 3004 1842 3058 τελείω-

1941 2918 2207 2973 mentum,
2244 2923 2414 2962 unum
2446 2908 2719 2977 corporis,
2763 2908 2995 2961 alterum
3042 2909 3232 2962 animi.
3278 2909 3522 2979 Augetur

1942 2999 2182 3060 animus,
2210 3012 2335 3051 cum
2367 2997 2680 3065 disciplinis
2713 2997 2983 3052 excolitur
3020 3005 3185 3067 atque
3217 2999 3517 3067 perlicitur.

262 3104 353 3139 σιν
377 3087 662 3158 προσθήκη
688 3105 700 3116 °
731 3088 983 3159 σώματος
1008 3093 1115 3163 γὰρ
1142 3092 1398 3164 αὔξησις,
1435 3096 1468 3165 ή
1500 3095 1607 3147 ἀπὸ
1641 3096 1838 3167 μικροῦ

1945 3088 2155 3159 Corpus
2187 3097 2368 3144 autem
2387 3089 2611 3151 crescit,
2643 3089 2773 3142 dum
2804 3103 2872 3143 ex
2913 3103 3081 3158 parvo
3118 3090 3185 3143 ad
3211 3090 3419 3160 justum
3466 3099 3528 3143 et

260 3180 344 3240 εἰς
397 3178 458 3231 τὸ
492 3180 731 3249 καθῆκον
779 3183 975 3253 μέτρον
1033 3184 1491 3249 ἀποκατάστασις.
1534 3186 1840 3252 Αὐξάνεσθε

258 3269 441 3321 τοίνυν
471 3273 586 3331 τοῖς
618 3270 717 3339 μὲν
738 3271 953 3339 ἀλόγοις
984 3272 1160 3336 ζώοις,
1183 3274 1324 3327 κατά
1354 3273 1451 3345 τὴν
1480 3273 1572 3326 τοῦ
1595 3275 1841 3345 σώματος

257 3361 560 3424 τελείωσιν,
577 3365 717 3416 κατά
744 3364 834 3417 τὸν
861 3366 1205 3435 ἀπαρτισμὸν
1237 3367 1337 3436 τῆς
1365 3367 1579 3435 φύσεως
1604 3368 1838 3438 εἴρηται,

260 3455 395 3522 ἡμῖν
420 3453 478 3506 δὲ
506 3454 802 3518 αὐξάνεσθε
836 3458 976 3510 κατὰ
994 3458 1085 3510 τὸν
1112 3458 1219 3510 ἔσω
1246 3459 1550 3529 ἄνθρωπον,
1577 3459 1718 3512 κατὰ
1747 3459 1841 3530 τὴν

258 3545 550 3616 προκοπὴν
589 3545 689 3616 τὴν
718 3549 796 3609 εἰς
828 3547 959 3600 Θεὸν
988 3545 1152 3601 οὖσαν
1171 3588 1186 3611 ,
1220 3545 1333 3613 οἷος
1360 3545 1427 3620 ἦν
1454 3549 1665 3614 Παῦλος
1686 3591 1700 3613 ,
1729 3552 1842 3614 τοῖς

262 3634 367 3704 μὲν
392 3634 701 3704 ἔμπροσθεν
754 3637 1196 3707 ἐπεκτεινόμενος
1215 3679 1228 3699 ,
1259 3638 1367 3692 τῶν
1392 3638 1437 3692 δ’
1467 3638 1691 3692 ὄπισθεν
1723 3640 1843 3693 ἐπι-

256 3726 676 3797 λανθανόμενος.
714 3727 863 3798 Αὕτη
900 3730 1046 3782 ἐστὶν
1084 3732 1116 3799 ἡ
1148 3729 1375 3801 αὔξησις
1421 3732 1529 3784 τῶν
1560 3732 1842 3803 θεωρτιμά⁸

256 3834 372 3868 των
394 3856 409 3878 ,
442 3817 723 3880 εὐσεϐείας
761 3819 1061 3890 ἀνάληψις,
1100 3822 1132 3889 ή
1178 3820 1271 3873 τοῦ
1310 3820 1556 3885 πλείονος
1598 3822 1836 3890 ἔκτεισις,

256 3909 322 3961 τὸ
388 3909 749 3979 ἐπορέγεσθαι
775 3913 923 3982 ἡμᾶς
944 3913 1032 3964 ἀεὶ
1058 3912 1167 3966 τῶν
1199 3913 1387 3977 ὄντων,
1418 3914 1479 3967 τὸ
1505 3917 1841 3986 προγενόμε-

256 4014 352 4050 νον
388 3998 487 4067 μὲν
506 4000 592 4052 ἀεὶ
616 4000 844 4053 κατόπιν
874 4001 1069 4054 ἑαυτοῦ
1097 4001 1336 4071 ἀφιέναι,
1354 4002 1413 4055 τὸ
1440 4002 1497 4055 δὲ
1526 4007 1710 4058 λεῖπον
1743 4006 1842 4075 τῆς

256 4087 569 4153 εὐσεϐείας,
600 4091 757 4144 τοῦτο
809 4093 907 4163 ὅση
974 4092 1205 4162 δύναμις
1259 4092 1556 4165 ἐπιζητεῖν.
1598 4092 1722 4159 Οἷος
1772 4093 1840 4168 ἦν

269 4179 492 4242 Ἰσαὰκ,
525 4183 655 4251 περὶ
684 4175 746 4235 οῦ
795 4185 827 4253 ἡ
874 4184 1149 4254 μαρτυρία
1188 4185 1369 4255 ἐκείνη
1401 4186 1837 4257 ἀναγέγραπται,

254 4273 341 4325 ὅτι
376 4273 683 4343 προϐαίνων
716 4274 941 4343 ὑψοῦτο,
974 4277 1168 4345 μέχρις
1195 4270 1256 4326 οῦ
1293 4276 1464 4345 μέγας
1493 4278 1726 4346 ἐγένετο.
1764 4280 1836 4332 Οὐ

253 4366 371 4434 γὰρ
401 4366 636 4437 ἀπέστη,
662 4367 784 4421 οὐδὲ
814 4370 1007 4439 μικρὸν
1033 4370 1291 4439 αὐξηθεὶς
1326 4370 1622 4440 ἁπέμεινεν
1652 4386 1665 4399 ⁸
1704 4371 1841 4424 ἀλλὰ

1941 3190 2331 3251 congruentem
2350 3180 2747 3251 magnitudinis
2768 3180 2990 3235 modum
3018 3181 3247 3236 accedit.
3276 3180 3525 3237 Crescite

1942 3273 2109 3342 igitur
2137 3271 2344 3325 dictum
2380 3281 2465 3326 est
2487 3271 2699 3326 ratione
2730 3270 3051 3326 carentibus
3079 3271 3430 3335 animalibus,
3466 3282 3523 3324 ut.

1940 3361 2009 3415 ad
2058 3363 2363 3416 naturalem
2408 3361 2659 3431 corporis
2707 3359 3101 3431 perfectionem
3148 3361 3519 3431 pervenirent.

1940 3452 2111 3508 Nobis
2140 3464 2344 3516 autem,
2392 3462 2452 3506 ut
2486 3453 2768 3507 interioris
2814 3452 3052 3507 hominis
3101 3467 3399 3523 progressu
3434 3468 3524 3506 as-

1941 3543 2303 3599 cenderemus
2361 3542 2428 3596 ad
2491 3542 2703 3606 Deum,
2761 3542 3221 3612 quemadmodum
3281 3543 3522 3599 faciebat

1940 3636 2165 3702 Paulus,
2195 3652 2317 3705 qua:
2344 3636 2563 3705 quidem
2597 3642 2748 3689 retro
2783 3643 2937 3697 sunt,
2972 3635 3328 3701 obliviscens,
3361 3638 3428 3689 ad
3456 3650 3520 3689 ea

1941 3744 2071 3786 vero
2118 3745 2240 3799 qua:
2284 3737 2412 3784 sunt
2456 3730 2695 3799 pr0pria,
2751 3728 3056 3783 extendens
3101 3729 3366 3797 seipsum.
3406 3726 3525 3781 Au-

1942 3831 2223 3895 gmentutn
2276 3823 2332 3878 fit
2376 3821 2860 3890 contemplatione,
2912 3821 3133 3889 pietatis
3181 3820 3355 3881 cultu,
3388 3819 3519 3873 dum

1944 3915 2011 3968 ad
2052 3915 2280 3969 meliora
2331 3911 2729 3982 progredimur,
2775 3911 2902 3965 dum
2954 3926 3165 3974 eorum,
3216 3926 3339 3980 quae
3391 3927 3521 3967 vena

1943 4015 2072 4063 sunt
2092 4006 2258 4067 bona,
2290 4004 2591 4072 cupiditate
2618 4003 2862 4071 quotidie
2882 4004 3057 4073 magis
3093 4001 3517 4066 inflammamur,

1942 4097 2072 4150 dum
2114 4095 2259 4165 quod
2294 4096 2596 4165 praecessit,
2635 4102 2758 4164 post
2791 4109 2890 4148 nos
2928 4094 3314 4163 relinquimus,
3351 4103 3404 4148 et
3451 4095 3520 4149 ad

1943 4189 1995 4242 id
2040 4186 2256 4256 pietatis
2288 4185 2436 4256 quod
2465 4185 2738 4254 reliquum
2773 4193 2877 4250 est,
2921 4201 3018 4257 pro
3048 4185 3261 4240 viribus
3294 4195 3524 4241 conten-

1942 4280 2146 4332 dimus.
2196 4276 2347 4331 Talis
2373 4284 2493 4331 erat
2531 4276 2705 4339 lsaac,
2738 4277 2806 4330 de
2839 4292 2949 4345 quo
2974 4276 3349 4329 testimonium
3385 4276 3517 4329 illud

1947 4368 2231 4438 Scriptura
2262 4368 2467 4438 prodit,
2506 4368 2651 4439 quod
2685 4368 2976 4437 proficiens
3011 4369 3309 4430 crescebat,
3345 4369 3519 4422 donec

254 4458 584 4529 προέϐαινεν
605 4460 692 4511 ἀεὶ
712 4459 1008 4530 διαϐήμασι
1041 4462 1316 4532 μεγάλοις.
1346 4462 1623 4517 Διέϐαινεν
1651 4464 1743 4515 ἐπὶ
1770 4463 1838 4515 τά

1945 4476 2176 4530 magnus
2208 4459 2438 4514 effectus
2481 4467 2588 4514 est.
2620 4457 2807 4528 Neque
2845 4459 2991 4514 enim
3034 4459 3386 4525 consistebat,
3424 4475 3519 4514 ne-

254 4550 396 4618 ἔργα
424 4550 522 4618 τῆς
554 4550 755 4621 ἀρετῆς
774 4593 787 4613 ,
824 4551 977 4622 διέϐη
1015 4553 1237 4623 μεγάλῳ
1273 4553 1475 4623 βήματι
1500 4552 1598 4624 τὴν
1630 4570 1841 4623 σωφρου

257 4642 464 4706 σύνην,
515 4640 689 4710 ἐπέϐη
724 4644 790 4712 τῇ
825 4642 1158 4714 δικαιοσύνῃ.
1206 4642 1445 4697 Ἐκεῖθεν
1477 4643 1568 4695 ἐπὶ
1617 4644 1715 4712 τὴν
1743 4644 1839 4695 ἀν-

252 4733 443 4802 δρείαν
474 4734 665 4800 ἀνέϐη.
695 4734 852 4787 Οὕτω
901 4734 1225 4799 διαϐαίνων,
1276 4737 1370 4789 ἐπὶ
1412 4735 1473 4787 τὸ
1531 4734 1698 4806 ἄκρον
1744 4733 1838 4787 τοῦ

254 4825 432 4893 ὕψους
464 4824 556 4877 τοῦ
587 4823 792 4893 ἀγαθοῦ
826 4827 1157 4897 κορυφοῦται
1200 4829 1228 4879 6
1271 4826 1494 4889 δίκαιος.
1531 4824 1840 4889 Αὐξὰνεσθε

252 4915 353 4970 οὖν
377 4916 631 4982 αὔξησιν,
665 4918 761 4989 τὴν
790 4919 929 4971 κατὰ
959 4919 1090 4971 Θεὸν
1118 4918 1395 4971 τελείωσιν
1419 4958 1433 4981 ,
1462 4918 1558 4989 τὴν
1586 4920 1724 4971 κατά
1749 4917 1839 4969 τὸν

252 5006 406 5057 ἔνδον
429 5006 745 5075 ἄνθρωπον·
776 5006 1109 5076 πληθύνεσθε
1150 5007 1475 5077 Ἐκκλησίας
1504 5010 1570 5077 τῇ
1595 5007 1835 5077 εὐλογίᾳ.

252 5096 351 5167 Μὴ
375 5100 434 5149 ἐν
466 5096 548 5149 ἐνὶ
586 5100 982 5168 περιγραφήτω
1019 5101 1052 5167 ή
1085 5099 1365 5166 θεολογία·
1399 5098 1514 5150 ἀλλ’
1547 5100 1625 5160 είς
1658 5100 1841 5151 πᾶσαν

252 5187 359 5258 τὴν
404 5187 511 5255 γῆν
554 5188 884 5259 κηρυχθήτω
933 5188 993 5241 τὸ
1040 5189 1368 5257 Εὑαγγέλιον
1401 5189 1497 5259 τῆς
1540 5190 1835 5260 σωτηρίας.

262 5299 281 5328 ι
300 5279 664 5349 [Ιληθύνεσθε.
682 5300 699 5329 ι
734 5281 923 5346 Τίνες;
956 5282 1019 5334 Οἱ
1050 5282 1188 5335 κατὰ
1215 5282 1274 5334 τὸ
1288 5282 1616 5350 Εὑαγγέλιον
1640 5281 1840 5350 γεννώ-

261 5387 438 5440 μενοι.
470 5390 488 5422 ι
515 5372 848 5443 Πληρώσατε
874 5372 972 5444 τὴν
999 5373 1119 5443 γῆν.
1147 5393 1165 5424 ι
1199 5373 1387 5443 Σάρκα
1418 5372 1518 5443 τὴν
1550 5373 1839 5443 δεδομένην

260 5462 392 5527 ὑμῖν
442 5463 523 5523 είς
581 5462 884 5533 ὑπηρεσίαν
976 5462 1306 5533 πληρώσατε
1362 5462 1580 5529 ἀγαθῶν
1637 5462 1834 5532 ἔργων.

270 5549 585 5623 Ὀφθαλμὸς
629 5554 843 5626 πλήρης
878 5553 1019 5607 ἐστω
1046 5554 1136 5608 τοῦ
1179 5556 1310 5625 όρᾷν
1354 5555 1422 5607 τὰ
1454 5554 1661 5607 δέοντα.
1702 5556 1839 5625 Χεὶρ

258 5643 477 5714 πλήρης
503 5644 643 5698 ἔστω
664 5644 773 5699 τῶν
802 5645 1022 5714 ἀγαθῶν
1050 5646 1245 5717 ἔργων.
1283 5646 1448 5709 Πόδες
1489 5646 1728 5699 ἔστωσαν
1760 5651 1840 5712 εἰς

258 5736 548 5805 ἐπίσκεψιν
578 5737 965 5806 ἀσθενούντων,
987 5738 1462 5813 πορευτικοὶὸντες
1493 5739 1575 5807 ἐφ’
1605 5738 1641 5793 ει
1674 5758 1835 5814 προσ-

1942 4568 2048 4621 que
2075 4552 2357 4621 paululum
2381 4560 2575 4604 auctus
2597 4551 2974 4611 decrescebat,
3004 4550 3097 4603 sed
3133 4551 3344 4619 magnis
3375 4565 3520 4604 sem-

1940 4658 2038 4711 per
2098 4643 2292 4712 spatiis
2353 4641 2825 4711 progrediebatur.
2890 4640 3185 4695 Crescebat
3253 4641 3517 4694 virtutum

1942 4734 2167 4799 studiis,
2217 4741 2272 4789 et
2313 4733 2504 4788 ciliciis
2543 4751 2556 4788 :
2595 4733 2883 4789 crescebat
2918 4748 3115 4802 magna
3153 4731 3434 4787 modestiae
3465 4743 3521 4787 et

1940 4825 2317 4894 temperantiae
2368 4825 2802 4894 progressione;
2864 4825 3148 4879 crescebat
3199 4824 3412 4891 justitia
3465 4832 3519 4877 et

1939 4918 2220 4986 aequitate.
2253 4915 2351 4970 llis
2377 4916 2639 4986 gradibus
2662 4916 2731 4969 ad
2760 4916 2970 4969 virilem
3005 4924 3214 4969 aetatem
3248 4915 3516 4982 pervenit.

1943 5012 2033 5066 Sic
2063 5012 2414 5081 progrediens
2443 5021 2496 5066 et
2530 5028 2790 5067 crescens
2814 5012 3100 5080 virjustus
3147 5009 3211 5062 ad
3241 5025 3520 5063 summum

1941 5106 2065 5159 boni
2092 5106 2366 5175 fastigium
2393 5106 2691 5159 extollitur.
2720 5104 2961 5159 Crescite
2989 5104 3155 5173 igitur
3178 5101 3520 5170 perfectione

1941 5197 2054 5260 illa,
2085 5213 2206 5266 quae
2251 5196 2360 5250 Deo
2394 5197 2592 5267 placet,
2636 5210 2756 5264 quae
2801 5194 2861 5248 fit
2893 5196 2945 5247 in
2979 5195 3199 5249 homine
3242 5194 3514 5249 interiori.

1941 5284 2375 5352 Multiplicamini
2431 5285 2690 5338 Ecclesiae
2741 5281 3117 5337 fmcunditate.
3171 5281 3251 5337 Ne
3290 5282 3345 5335 in
3402 5295 3516 5335 uno

1941 5376 2300 5431 concludatur
2340 5376 2581 5446 cognitio
2631 5375 2747 5438 Dei,
2796 5375 2889 5431 sed
2936 5376 2989 5428 in
3047 5390 3263 5428 omnem
3313 5382 3515 5427 terram

1942 5468 2312 5538 promulgetur
2366 5468 2561 5522 salutis
2602 5466 2965 5535 Evangelium.
3002 5458 3513 5534 «Multiplicamini.»

1941 5559 2077 5623 Qui?
2111 5560 2243 5620 Vos.
2292 5560 2385 5629 qui
2432 5561 2485 5614 in
2534 5558 2824 5629 Evangelio
2866 5558 3031 5629 geniti
3078 5557 3271 5613 estis.c
3300 5558 3518 5625 chlete

1942 5658 2462 5705 terratnzrcarnem
2520 5651 2675 5705 vobis
2736 5649 2803 5702 ad
2860 5647 3278 5703 ministrandum
3330 5644 3512 5698 datam

1943 5742 2098 5796 bonis
2144 5743 2453 5800 actionibus
2499 5746 2720 5810 replete.
2769 5740 3059 5798 Reolcatur
3100 5738 3291 5794 oculus
3323 5748 3513 5791 earum
