3886 6214
317 312 424 370 383

1588 323 1646 379 S.
1674 322 2002 380 GREGORII
2041 321 2341 378 NYSSENI

3463 313 3580 370 284

319 443 502 485 neruum
534 440 779 501 aspectu,
828 449 949 503 qua:
991 441 1154 490 recta:
1192 443 1340 490 sunt.
1383 435 1672 506 liepleatur
1701 454 1896 493 manus

2022 457 2118 509 ικε.
2151 439 2305 491 Πᾶσα
2352 440 2385 508 ἡ
2425 436 2531 489 τῶν
2567 435 2740 506 μελῶν
2789 433 2945 506 ἡμῶν
2991 433 3323 494 κατάστασις
3357 431 3578 502 πλήρης

319 523 580 590 operibus
617 524 792 578 bouis.
829 522 1164 594 Repleantur
1195 526 1378 580 itidem
1412 527 1576 596 pedes
1604 531 1670 583 ad
1719 530 1897 583 visen-

321 615 424 668 dos
466 629 752 683 pauperes,
800 622 854 669 et
887 615 951 669 ad
980 631 1064 679 ea,
1106 633 1227 686 quae
1266 626 1505 688 oportet,
1549 621 1896 689 exsequenda

323 704 760 774 proficiscentes.
797 706 991 760 Omnia
1036 707 1272 777 denique
1313 712 1556 764 membra
1591 721 1779 765 nostra
1813 727 1899 765 re-

325 798 579 867 pleantur
616 798 998 854 observatione
1024 799 1404 856 mandatorum
1438 801 1552 856 Dei.
1587 802 1698 856 Hoc
1724 805 1896 872 signi-

324 887 452 940 ﬁcat
479 901 541 940 ea
575 903 699 953 vos,
743 906 761 938 ι
801 887 1025 958 Replete
1055 898 1277 944 terram.
1319 909 1338 943 ι
1371 891 1546 960 Atque
1576 893 1665 945 illa
1699 893 1895 958 oratio,

325 993 449 1048 quae
495 980 802 1034 communis
844 991 930 1034 est
968 982 1128 1036 nobis
1171 997 1294 1036 enm
1340 984 1568 1052 reliquis
1608 985 1904 1038 animanti-

1998 529 2139 582 ἔστω
2178 529 2286 582 τῶν
2321 528 2464 581 κατὰ
2511 527 2610 590 τὰς
2637 526 2854 589 ὲντολάς
2883 526 3153 597 ἐργασιῶν
3175 541 3190 555 °
3231 524 3390 578 τοῦτό
3429 525 3574 586 ἐστι,

2005 639 2024 670 ι
2049 619 2378 690 Πληρώσατε
2409 619 2508 691 τὴν
2536 618 2691 687 γῆν.»
2725 619 2919 672 Κοιναὶ
2945 618 3042 688 μὲν
3059 618 3117 669 αἱ
3141 617 3314 686 φωναὶ
3336 616 3431 668 καὶ
3457 616 3579 677 τοῖς

1999 711 2215 779 ἀλόγοις
2235 727 2248 740 ο
2281 709 2576 774 ἰδιάζουσαι
2599 709 2655 763 δὲ
2678 710 2936 777 γίνονται,
2967 709 3097 762 ὅταν
3131 707 3208 778 τῷ
3236 708 3356 761 κατ’
3385 704 3576 758 εἰκόνα

2001 805 2096 855 καὶ
2224 801 2579 871 ὲτιμήθημεν,
2599 801 2770 872 τούτῳ
2797 799 3149 872 χρησώμεθα.
3182 798 3262 851 Τά
3308 797 3406 869 μὲν
3466 797 3582 868 γὰρ

2002 893 2329 964 σωματικῶς
2353 891 2545 956 αὔξει,
2587 894 2749 963 ⁴ἡμεῖς
2779 892 2833 945 δὲ
2885 888 3270 961 πνευματικῶς
3295 905 3311 921 ·
3360 887 3456 941 καὶ
3501 885 3578 939 τὰ

2003 985 2099 1055 μὲν
2139 985 2334 1055 πληροῖ
2361 983 2460 1056 τὴν
2511 984 2608 1055 γῆν
2635 983 2711 1054 τῷ
2739 983 2952 1053 πλήθει,
2984 983 3146 1052 ἡμεῖς
3173 981 3229 1034 δε
3256 977 3577 1050 πληροῦμεν

327 1071 452 1135 bus,
497 1072 713 1141 proprie
757 1072 992 1128 refertur
1045 1075 1112 1128 ad
1162 1090 1284 1136 nos,
1320 1090 1444 1128 cum
1481 1076 1804 1147 intelligitur
1832 1094 1899 1131 ex

2022 1079 2120 1140 ταῖς
2144 1077 2372 1145 ἀγαθαῖς
2394 1077 2676 1148 ἐργασίαις
2701 1076 2799 1147 τὴν
2829 1073 3259 1144 συνεζευγμένην
3279 1073 3414 1142 ἡμῖν
3443 1068 3573 1137 γῆν,

325 1179 390 1218 ea
426 1165 655 1227 ratione,
685 1181 792 1234 qua
837 1165 1087 1220 honorati
1120 1181 1332 1230 sumus,
1367 1176 1422 1222 et
1453 1167 1579 1220 iacti
1611 1167 1677 1222 ad
1711 1168 1903 1238 imagi-

2002 1167 2250 1220 τουτέστι
2278 1167 2375 1238 τὴν
2405 1165 2720 1237 σωματικὴν
2742 1164 3066 1235 ὑπηρεσίαν.

327 1273 452 1312 nem
485 1256 598 1314 Dei.
640 1258 908 1314 Crescunt
940 1262 1084 1314 enim
1119 1270 1314 1315 caetera
1359 1262 1615 1316 animalia
1643 1263 1921 1331 corporeis
1959 1262 2332 1325 incrementis,
2369 1276 2470 1316 nos
2514 1270 2692 1315 autem
2747 1258 3102 1329 incnrporeis,
3126 1263 3180 1310 et
3221 1254 3286 1309 ad
3319 1252 3578 1322 spiritum

330 1351 744 1420 pertinentibus.
790 1355 966 1422 Atque
1021 1354 1111 1406 illa
1155 1354 1374 1422 quidem
1415 1363 1617 1408 terram
1671 1355 1883 1425 replent
1925 1353 2292 1417 multitudine,
2329 1368 2428 1408 nos
2461 1361 2642 1407 autem
2683 1361 2883 1407 terram
2929 1347 3176 1418 corporis
3209 1345 3384 1400 nostri
3417 1341 3581 1396 bonis

328 1447 696 1515 oonjnnctam,
743 1447 902 1501 bonis
945 1448 1200 1517 operibus
1231 1449 1523 1519 replemus.

407 1555 425 1586 ι
453 1536 589 1590 Ecce
616 1536 737 1591 dedi
761 1537 915 1591 vobis
939 1552 1100 1593 omne
1131 1538 1332 1608 lignum
1364 1539 1572 1594 habens
1591 1539 1826 1593 fructum
1846 1538 1900 1590 in

332 1629 645 1696 semetipso,
687 1635 745 1681 ut
785 1627 858 1682 sit
901 1629 1056 1683 vobis
1094 1630 1146 1683 in
1179 1645 1384 1686 escam.
1423 1651 1440 1682 ι
1471 1630 1548 1685 Ne
1577 1640 1898 1701 praetercur-

2079 1553 2096 1584 ι
2123 1533 2251 1586 Ἰδοὺ
2275 1533 2482 1586 δέδωκα
2511 1533 2638 1601 ὑμῖν
2672 1531 2824 1596 ξύλον
2847 1531 2876 1583 ὃ
2912 1531 3024 1600 ἔχει
3055 1531 3266 1602 καρπὸν
3289 1531 3349 1583 ὲν
3375 1527 3576 1596 ἑαυτῷο

2009 1629 2134 1697 ὑμῖν
2217 1624 2368 1678 ἔσται
2417 1627 2496 1688 είς
2550 1623 2769 1694 βρῶσιν.
2806 1643 2824 1676 ι
2879 1623 3060 1692 Μηδὲν
3096 1621 3486 1693 παρατρεχέτω
3537 1621 3572 1689 ὴ

334 1727 416 1772 rat
479 1718 742 1773 Ecclesia.
795 1717 988 1773 Omnia
1044 1721 1279 1792 legitima
1322 1730 1471 1777 sunt.
1535 1720 1650 1775 Non
1699 1719 1834 1774 dixit
1883 1739 1896 1774 :

2022 1718 2312 1789 Ἐκκλησία
2332 1735 2343 1745 ·
2383 1718 2563 1771 πάντα
2611 1717 2818 1787 νόμιμά
2847 1718 3012 1769 ἐστιν.
3041 1716 3156 1769 Οὐκ
3182 1711 3322 1778 εἷπε,
3358 1713 3582 1766 Δέδωκα

335 1808 465 1863 Dedi
540 1809 695 1864 vobis
756 1811 936 1880 pisces
984 1811 1051 1866 ad
1112 1814 1463 1867 vescendum.
1546 1812 1684 1878 Dedi;
1749 1811 1905 1866 vobis

333 1909 486 1964 cete,
545 1907 598 1954 et
642 1901 886 1970 reptilia,
935 1909 989 1954 et
1041 1901 1416 1970 quadrnpeda.
1459 1900 1578 1954 Non
1643 1901 1788 1955 enim
1837 1901 1909 1956 ob

334 1993 388 2047 id
417 2008 479 2046 ea
514 1993 744 2046 creavit.
792 1991 897 2046 Sed
942 1995 1116 2062 prima
1160 1994 1249 2048 lex
1291 1996 1593 2056 concessit.
1623 2003 1682 2046 ut
1714 1993 1908 2047 fructi-

332 2087 438 2139 bns
473 2100 843 2140 vesceremur.
887 2085 1081 2140 Adhuc
1122 2087 1266 2140 enim
1307 2086 1563 2156 paradiso
1609 2086 1757 2155 digni
1805 2102 1908 2156 pu-

333 2176 605 2229 tabamur.
657 2174 876 2244 Ecquod
923 2175 1013 2229 hic
1058 2176 1190 2229 latet
1241 2177 1603 2247 mysterium?
1643 2175 1813 2230 Nobis
1857 2186 1910 2231 et

334 2267 551 2329 bestiis,
587 2275 643 2321 et
689 2266 1004 2321 volucribus
1055 2267 1170 2319 dati
1207 2276 1336 2321 snnt
1370 2266 1604 2330 fructus,
1639 2275 1693 2321 et
1719 2266 1908 2328 herba,

335 2357 402 2410 ad
432 2355 784 2420 vescendum,
817 2364 871 2410 et
901 2357 1222 2413 volucribus
1241 2359 1392 2420 coali,
1418 2365 1471 2412 et
1499 2358 1760 2412 omnibus
1791 2359 1912 2410 ani-

336 2446 619 2501 mantibus
663 2454 842 2500 terra}.
893 2445 1060 2516 Atqui
1105 2447 1273 2500 multa
1325 2447 1607 2502 cernimus
1651 2448 1910 2501 animalia

337 2535 614 2591 fructibus
653 2552 764 2591 non
817 2538 986 2594 vesci.
1048 2537 1169 2604 Quo
1229 2540 1376 2594 enim
1430 2539 1610 2594 fructu
1666 2540 1912 2594 vescitur

339 2626 546 2694 pardus
602 2637 696 2680 aut
753 2629 877 2683 leo?
927 2626 993 2682 Hi
1025 2637 1206 2683 tamen
1260 2630 1368 2699 legi
1407 2639 1620 2686 natura:
1677 2631 1931 2700 subjecti.

339 2719 612 2774 fructibus
653 2719 966 2774 alebantur.
1018 2719 1126 2774 Sed
1172 2737 1296 2775 cum
1334 2722 1498 2778 homo
1530 2723 1854 2779 recessisset
1881 2739 1911 2777 a

338 2810 631 2872 mandato,
683 2821 736 2866 et
773 2821 929 2866 extra
979 2812 1298 2882 paradisum
1339 2815 1503 2868 vitam
1549 2825 1753 2886 ageret,
1790 2827 1915 2887 post

336 2899 606 2954 diluvium
657 2900 853 2956 videns
908 2900 1177 2958 Dominus
1239 2903 1492 2961 homines
1535 2918 1910 2974 contumaces,

335 2992 618 3046 concessit
651 2992 754 3054 eis,
789 3001 849 3046 ut
878 2995 1138 3050 omnibus
1162 3003 1553 3052 vescerentur:
1577 2997 1752 3053 Omne
1766 3001 1927 3068 quod

2007 1811 2134 1880 ὑμῖν
2163 1812 2289 1873 τοὺς
2329 1809 2516 1880 ίχθύας
2549 1810 2628 1872 εἰς
2663 1808 2860 1878 βρῶσιν
2881 1847 2896 1871 ,
2944 1805 3148 1860 δέδωκα
3182 1809 3310 1876 ὑμῖν
3345 1805 3416 1858 τά
3441 1807 3583 1875 κτή-

2007 1919 2094 1971 νη,
2159 1901 2229 1954 τά
2284 1901 2527 1972 ἑρπετὰ,
2577 1901 2647 1953 τά
2699 1899 3002 1970 τετράποδα
3033 1914 3048 1928 ·
3102 1899 3163 1951 οὑ
3207 1899 3318 1969 γάρ
3367 1897 3580 1950 τούτων

2007 1994 2191 2047 ἕνεκεν
2242 1993 2462 2057 ἔκτισε,
2517 1992 2704 2061 φησίν.
2742 1991 2880 2044 Ἀλλ’
2936 1994 2971 2062 ἡ
3025 1989 3215 2062 πρώτη
3288 1989 3580 2063 νομοθεσία

2009 2086 2236 2156 καρπῶν
2273 2084 2570 2138 ἀπόλαυσιν
2620 2082 3026 2154 συνεχώρησεν
3067 2083 3146 2136 ἔτι
3183 2083 3289 2153 γάρ
3335 2079 3587 2150 ὲνομιζό-

2012 2177 2150 2247 μεθα
2183 2174 2322 2242 ἄξιοι
2350 2171 2486 2230 εἶναι
2531 2176 2625 2228 τοῦ
2655 2176 3002 2246 παραδείσου.
3043 2173 3278 2226 Ἐστιδὲ
3325 2191 3377 2226 τι
3417 2173 3473 2225 έν
3498 2169 3588 2240 τῷ

2008 2268 2322 2322 λανθάνοντι
2379 2269 2714 2337 μυστήριον;
2753 2269 2886 2337 ἡμῖν
2932 2266 3041 2336 γὰρ
3070 2267 3163 2320 καλ⁵
3206 2268 3319 2328 τοῖς
3369 2263 3592 2334 θηρίοις

2010 2361 2104 2413 καὶ
2135 2363 2245 2423 τοῖς
2279 2362 2539 2423 πετεινοῖς
2560 2359 2653 2412 τοῦ
2676 2358 2926 2429 ούρανοῦ,
2956 2359 3051 2412 καὶ
3081 2359 3214 2411 πᾶσι
3239 2359 3351 2420 τοῖς
3373 2355 3591 2427 Θηρίοις

2009 2450 2108 2518 τῆς
2138 2450 2238 2519 γῆς
2277 2451 2325 2501 οἱ
2376 2449 2576 2518 καρποὶ⁵
2627 2447 2908 2516 ἐδόθησαν,
2948 2448 3040 2500 καὶ
3079 2449 3112 2516 ἡ
3162 2445 3310 2516 χλόη.
3346 2446 3457 2498 Καὶ
3507 2443 3590 2514 μὴ

2013 2539 2107 2592 νῦν
2140 2539 2356 2610 ὁρῶμεν
2402 2539 2573 2591 πολλὰ
2616 2538 2726 2591 τῶν
2771 2537 2974 2608 θηρίων
3007 2539 3238 2607 καρποῖς
3271 2536 3344 2606 μὴ
3389 2536 3595 2604 τρεφό-

2016 2649 2182 2703 μενα;
2216 2631 2352 2702 ποίῳ
2394 2632 2502 2701 γὰρ
2528 2631 2724 2701 καρπῷ
2769 2631 3125 2700 καταδέχεται
3154 2628 3414 2698 πάρδαλις
3455 2645 3594 2698 τρα-

2013 2725 2206 2794 φῆναι;
2236 2724 2319 2786 τίς
2359 2723 2416 2776 δὲ
2443 2723 2652 2793 καρπὸς
2690 2721 2910 2776 δύναται
2952 2722 3140 2776 λέοντα
3166 2720 3400 2792 θρέψαι;
3446 2719 3594 2772 Ἀλλ’

2012 2814 2160 2883 ὅμως
2205 2813 2380 2865 ταῦτα
2425 2812 2503 2882 τῷ
2552 2813 2699 2883 νόμῳ
2741 2812 2840 2882 τῆς
2887 2811 3100 2879 φύσεως
3149 2809 3593 2879 ὑποτεταγμένα,

2014 2909 2243 2976 καρποῖς
2274 2905 2600 2975 διετρέφετο.
2653 2905 2873 2976 Ἐπειδὴ
2912 2904 2970 2958 δὲ
3010 2906 3039 2956 6
3091 2904 3376 2975 ἄνθρωπος
3416 2903 3594 2966 ἐξεδι-

2015 2997 2186 3066 ῃτήθη
2217 2996 2309 3046 καὶ
2343 2993 2502 3064 ἐξέϐη
2530 2994 2622 3046 τοῦ
2651 2996 2776 3065 ὅρου
2797 2993 2889 3047 τοῦ
2919 2991 3202 3063 δεδομένου
3234 2990 3402 3061 αὑτῷ,
3450 2992 3597 3061 μετά

342 3095 616 3152 movetur,
651 3087 849 3157 inquit,
875 3097 930 3142 et
957 3090 1112 3154 vivit,
1137 3091 1243 3144 erit
1264 3091 1421 3146 vobis
1448 3093 1501 3145 in
1525 3093 1731 3159 cibum,
1755 3094 1912 3163 quasi

2022 3089 2104 3140 τὸν
2136 3087 2512 3156 κατακλυσμὸν
2539 3085 2692 3148 εἰδὼς
2718 3089 2747 3139 6
2770 3086 2969 3156 Κύριος
2989 3084 3228 3154 ἀφειδεῖς
3242 3085 3367 3147 τοὺς
3382 3083 3478 3137 ἀνθ
3487 3083 3598 3153 ρώ-

341 3180 491 3233 olera
537 3179 772 3232 virentia
816 3179 1019 3235 tradidi
1066 3182 1220 3238 vobis
1263 3185 1468 3237 omnia.
1518 3185 1639 3250 Quo
1691 3187 1912 3256 quidem

341 3285 626 3332 concesso,
661 3271 869 3341 reliqua
909 3273 1034 3328 item
1069 3274 1323 3328 animalia
1373 3276 1690 3331 comedendi
1741 3279 1912 3333 licen-

344 3361 472 3413 tiam
506 3369 661 3416 nacta
699 3370 846 3416 sunt.

416 3451 492 3506 Ex
531 3468 598 3506 eo
643 3461 890 3524 tempore
935 3465 989 3508 et
1035 3455 1122 3510 leo
1169 3455 1518 3521 crudivorus,
1571 3465 1625 3512 et
1672 3458 1914 3514 vultures

343 3543 871 3615 cadaverum/avidi.
904 3546 1090 3616 Neque
1121 3548 1266 3600 enim
1300 3547 1460 3601 simul
1507 3563 1572 3601 ac
1591 3548 1759 3618 geniti
1787 3555 1916 3602 sunt

343 3645 546 3690 terram
585 3639 1124 3694 circumlustrabant.
1153 3638 1403 3694 Nondum
1428 3640 1723 3710 quidquam
1751 3644 1916 3696 inter-

344 3730 482 3782 ierat
509 3745 698 3784 eornm
737 3748 858 3802 qum
893 3734 976 3787 vel
1013 3750 1041 3786 a
1073 3733 1182 3789 Deo
1217 3733 1382 3796 facta,
1416 3736 1498 3790 vel
1527 3737 1706 3805 genita
1738 3745 1914 3801 erant,

345 3839 456 3892 quo
487 3824 734 3878 vultures
769 3825 1133 3878 nutrirentur.
1175 3823 1362 3894 Neque
1394 3835 1587 3880 natura
1629 3829 1920 3896 separabat

343 3919 400 3966 et
432 3913 798 3978 dissolvebat;
830 3913 1045 3983 vigebat.
1081 3915 1246 3969 enim.
1285 3912 1470 3983 Neque
1508 3923 1798 3970 venatores
1828 3931 1920 3970 oc-

343 4003 630 4064 cidebant;
659 4005 897 4059 nondum
921 4009 1065 4060 enim
1090 4007 1359 4061 vacabant
1378 4007 1626 4062 homines
1649 4008 1916 4075 ejusmodi

346 4097 548 4152 studio.
584 4095 770 4167 Neque
803 4097 928 4152 fera:
963 4098 1335 4162 dilaniabant;
1372 4115 1546 4169 neque
1579 4101 1726 4154 enim
1760 4107 1920 4154 erant

347 4189 670 4243 crndivorze.
718 4189 961 4259 Nec-ipsi
985 4190 1232 4247 vultures
1268 4191 1412 4246 vesci
1447 4191 1811 4247 cadaveribus
1841 4208 1922 4248 as-

347 4288 643 4336 suevcrant
669 4299 682 4339 ;
715 4281 973 4349 quoniam
1002 4281 1242 4336 nondum
1269 4289 1428 4336 erant
1459 4281 1749 4347 cadavera,
1783 4298 1921 4336 non-

347 4376 477 4429 dum
511 4376 670 4435 fetor,
695 4374 935 4429 nondum
956 4377 1083 4429 talis
1106 4378 1380 4428 vnltnrnm
1400 4376 1587 4441 cibus;
1620 4375 1713 4431 sed
1737 4377 1920 4429 omnia

2021 3197 2174 3242 πους,
2210 3179 2303 3232 ἐπὶ
2337 3179 2553 3230 πάντων
2574 3175 2672 3248 τὴν
2692 3178 2987 3230 ἀπόλαυσιν
3007 3175 3372 3247 συνεχώρησε.
3404 3177 3600 3228 Πάντα

2019 3269 2191 3323 ταῦτα
2228 3266 2466 3337 φάγεσθε
2493 3266 2567 3329 ὡς
2595 3265 2800 3334 λάχανα
2829 3265 3041 3335 χόρτου.
3072 3263 3256 3334 Ταύτῃ
3278 3264 3343 3332 τῇ
3377 3278 3598 3330 συγχω-

2025 3359 2176 3429 ρήσει
2201 3357 2292 3409 καὶ
2324 3356 2393 3409 τά
2417 3353 2579 3408 λοιπά
2607 3351 2720 3416 ζῶα
2748 3351 2904 3403 ἔλασε
2925 3352 3022 3419 τὴν
3047 3349 3141 3402 τοῦ
3163 3348 3363 3401 ἐσθίειν
3384 3347 3598 3400 ἄδειαν.

2105 3447 2195 3510 Ἐξ
2241 3449 2448 3500 ἐκείνου
2499 3444 2681 3497 λοιπὸν
2722 3442 2998 3514 ὠμοὸόρος
3029 3444 3058 3494 6
3096 3440 3253 3504 λέων,
3283 3439 3342 3505 ἐξ
3381 3439 3599 3490 ἐκείνου

2025 3539 2118 3590 καὶ
2170 3537 2342 3604 γῦπες
2393 3535 2716 3604 ἀναμένουσι
2772 3532 3087 3602 θνησιμαῖα.
3138 3531 3214 3582 Οὐ
3263 3529 3432 3600 δήπου
3483 3527 3599 3596 γάρ

2025 3628 2118 3680 καὶ
2150 3626 2319 3695 γῦπες
2348 3623 2482 3695 ὁμοῦ
2506 3623 2581 3696 τῷ
2602 3623 2917 3694 γεννηθῆναι
2940 3623 3052 3686 ζῶα
3077 3619 3473 3689 περιεσκόπουν
3494 3617 3600 3687 τὴν

2025 3718 2146 3786 γῆν.
2185 3716 2352 3771 Οὔπω
2383 3715 2489 3785 γάρ
2521 3731 2573 3766 τι
2601 3713 2838 3768 ἀπέθανε
2863 3717 2968 3766 τῶν
3003 3712 3152 3783 παρὰ
3172 3711 3307 3764 Θεοῦ
3341 3725 3603 3780 σημαινο-

2029 3811 2206 3878 μένων
2237 3809 2266 3878 ἧ
2299 3805 2622 3876 γενομένων,
2651 3806 2738 3858 ἵνα
2757 3805 2928 3872 γῦπες
2950 3802 3226 3874 τραφῶσιν
3249 3819 3263 3831 ·
3289 3801 3410 3856 οὔτε
3433 3801 3603 3871 φύσιν

2025 3900 2335 3970 διεχώρισεν
2360 3915 2372 3927 ·
2410 3898 2623 3968 ἀκμαία
2653 3897 2758 3967 γάρ
2784 3913 2796 3926 ⁸
2838 3896 2962 3948 οὔτε
3005 3895 3239 3967 θηραταὶ
3268 3894 3555 3948 ἀνάλωσαν
3582 3909 3601 3924 ο

2027 3992 2178 4046 οὔπω
2206 3993 2312 4062 γὰρ
2357 3990 2697 4058 ἐπιτήδευσις
2751 3987 3088 4058 ἀνθρώπων·
3128 3987 3250 4041 οὔτε
3307 3987 3476 4058 θηρία
3520 3985 3606 4037 δι-

2028 4083 2200 4136 έσπα·
2227 4081 2352 4134 οὔτε
2394 4081 2500 4150 γὰρ
2529 4076 2595 4150 ἦν
2628 4079 2905 4151 ὡμοϐόρα.
2935 4079 3070 4148 Γυψὶ
3110 4079 3167 4132 δὲ
3191 4077 3462 4148 ἀσύνηθες
3491 4077 3607 4129 ἀπὸ

2027 4175 2233 4244 νεκρῶν
2267 4171 2568 4226 διαιτᾶσθαι
2588 4189 2600 4201 ·
2630 4171 2770 4224 ὥστε
2805 4170 2955 4225 οὔπω
2981 4167 3047 4242 ἦν
3077 4171 3267 4241 νεκρὰ,
3297 4169 3453 4223 οὔπω
3471 4169 3607 4222 δυσ-

2027 4268 2181 4329 ωδία,
2219 4265 2370 4318 οὔπω
2410 4263 2632 4333 τοιαύτη
2671 4262 2844 4333 τροφὴ
2885 4263 3095 4330 γυπῶν,
3126 4262 3261 4315 ἀλλά
3289 4263 3493 4324 πάντες
3531 4260 3607 4314 τὰ

2029 4360 2242 4411 κύκνων
2287 4357 2562 4430 διῃτῶντο,
2594 4355 2687 4408 καὶ
2728 4355 2904 4408 πάντα
2943 4357 3067 4418 τοὺς
3111 4353 3384 4425 λειμῶνας
3409 4353 3606 4406 ἐπενέ-

351 4482 504 4521 more
550 4482 847 4537 cycnorum
895 4468 1242 4531 victitabant,
1290 4468 1471 4526 omnia
1513 4469 1569 4522 in
1617 4468 1790 4537 pratis
1826 4482 1915 4536 pa-

2033 4468 2181 4521 μετο.
2209 4451 2316 4502 Καὶ
2345 4444 2432 4502 οἶα
2474 4448 2686 4518 ὁρῶμεν
2715 4446 2882 4509 κύνας
2922 4446 3220 4517 θεραπείας
3253 4447 3441 4500 ἕνεκεν
3471 4446 3606 4498 πολ-

348 4559 669 4612 scebantur.
697 4557 763 4611 Et
785 4559 1242 4627 quemadmodum
1269 4560 1513 4612 videmus
1539 4575 1703 4613 canes
1728 4558 1923 4612 herbas

353 4650 658 4704 curationis
721 4664 889 4704 causa
931 4664 1075 4718 sa-pe
1131 4649 1438 4713 comedere,
1486 4665 1592 4703 non
1643 4649 1788 4718 quod
1835 4651 1925 4703 ille

349 4741 508 4795 cibns
558 4742 639 4796 eis
685 4741 758 4795 sit
803 4741 1099 4804 naturalis,
1155 4741 1248 4795 sed
1305 4749 1512 4795 natura:
1561 4740 1797 4809 quodam
1842 4743 1927 4794 in-

351 4831 554 4886 stinctn
584 4833 901 4886 commoniti
931 4832 1182 4886 feruntur
1226 4832 1291 4886 ad
1325 4831 1378 4886 id
1407 4831 1549 4900 quod
1581 4831 1922 4887 salutifernm

353 4918 462 4972 illis
488 4920 731 4974 futurum
756 4931 856 4982 est,
889 4923 968 4976 sic
991 4921 1280 4975 crudivnra
1306 4930 1436 4974 tunc
1459 4923 1721 4975 animalia
1745 4930 1922 4981 erant.

354 5025 463 5063 non
515 5020 571 5064 ut
632 5011 734 5066 sibi
793 5012 1038 5066 vicissim
1083 5013 1312 5066 insidias
1364 5020 1659 5075 struerent,
1714 5012 1809 5067 sed
1868 5020 1928 5066 ut

353 5115 476 5152 mox
497 5100 563 5154 ad
591 5101 876 5170 pristinam
899 5102 1142 5158 redirent
1163 5103 1636 5158 consuetudinem.
1659 5103 1926 5157 Caeterum

355 5189 522 5242 homo
548 5193 842 5246 revertitur
895 5193 957 5247 ad
993 5193 1283 5263 pristinum
1327 5203 1550 5258 statum,
1601 5194 1927 5264 improbam,

354 5295 745 5341 aerumnosam.
798 5284 1162 5354 servilemque
1215 5285 1268 5338 in
1315 5285 1461 5338 victu
1508 5283 1928 5338 sollicitudinem

359 5371 644 5425 omittens.
691 5371 783 5426 Sic
832 5376 976 5428 enim
1013 5375 1079 5429 ad
1126 5377 1293 5428 vitam
1341 5373 1480 5428 redit
1511 5373 1632 5441 ejus
1672 5373 1928 5434 similem,

356 5475 522 5526 qnam
558 5461 784 5529 degebat
816 5466 878 5518 in
915 5467 1188 5532 paradiso,
1223 5481 1253 5519 a
1288 5465 1474 5518 carnis
1502 5461 1930 5533 perturbationi-

365 5550 470 5603 bus
523 5560 804 5617 remotam,
849 5571 1120 5620 securam,
1167 5565 1220 5611 et
1258 5557 1506 5619 liberam,
1549 5565 1604 5609 et
1646 5570 1769 5609 cum
1820 5552 1928 5604 Deo

365 5650 532 5709 atque
559 5645 764 5712 angelis
794 5647 1164 5714 coniunctam.
1207 5645 1329 5700 [late
1360 5662 1391 5699 a
1423 5645 1583 5701 nobis
1613 5646 1754 5698 dicta
1778 5653 1925 5710 sunt,

367 5749 474 5788 non
505 5733 650 5802 quod
687 5735 933 5793 homines
965 5738 1035 5793 ab
1058 5754 1160 5793 usu
1192 5739 1436 5795 ciborum
1469 5753 1498 5790 a
1535 5735 1642 5792 Deo
1668 5748 1930 5789 concesso

2026 4544 2181 4605 λάκις
2214 4543 2485 4611 ἄγρωστιν
2526 4537 2971 4608 ἐπινεμομένους,
3002 4540 3103 4591 οὑκ
3133 4537 3318 4608 ἐπειδὴ
3342 4537 3607 4607 συμφυὴς

2027 4633 2206 4694 αὐτοῖς
2227 4633 2318 4682 ἐστ
2327 4649 2373 4684 ιν
2394 4632 2426 4700 ἡ
2443 4630 2636 4699 τροφὴ,
2653 4628 2765 4681 ἀλλ’
2778 4629 2966 4700 ἐπειδὴ
2982 4629 3250 4698 ἁδιδάκτῳ
3266 4627 3371 4680 τινὶ
3385 4625 3610 4696 φύσεως

2026 4722 2340 4792 διδασκαλίᾳ.
2360 4723 2452 4774 ἐπὶ
2479 4719 2538 4773 τὸ
2555 4720 2832 4790 συμφέρον
2849 4720 3067 4791 ἔρχεται
3083 4719 3152 4771 τά
3163 4718 3354 4785 ἄλογα·
3374 4715 3608 4769 τοιαῦτα

2027 4815 2238 4882 λόγισαι
2262 4811 2398 4866 εἶναι
2429 4816 2520 4867 καὶ
2547 4815 2665 4867 τότε
2691 4814 2758 4867 τά
2792 4812 3050 4882 ὡμοὸόρα
3073 4810 3181 4864 τῶν
3205 4809 3382 4874 ζώων,
3407 4809 3606 4878 χόρτον

2028 4906 2237 4968 ἑαυτοῖς
2266 4905 2469 4973 τροφὴν
2493 4905 2745 4964 ἐπινοεῖν,
2769 4904 2868 4954 οὐκ
2889 4901 3137 4970 ἀλλήλοις
3160 4897 3603 4952 ἐπιϐουλεύοντα·

2029 4996 2142 5048 ἀλλ’
2169 4997 2255 5049 οἶα
2302 4994 2482 5064 μέλλει
2511 4991 2649 5048 εἶναι
2685 4994 2823 5064 μετά
2853 4991 3027 5044 ταῦτα
3067 4993 3100 5061 ὴ
3131 4989 3606 5052 ἀποκατάστασις,

2029 5088 2250 5157 τοιαύτη
2281 5083 2347 5157 ἦν
2376 5090 2407 5155 ἡ
2444 5085 2631 5156 πρώτη
2661 5086 2889 5153 γένεσις.
2935 5083 3328 5154 Ἐπανέρχεται
3354 5081 3413 5134 δὲ
3448 5082 3478 5132 6
3508 5081 3609 5132 ἀν-

2032 5181 2247 5250 θρωπος
2285 5179 2376 5231 ἐπὶ
2404 5178 2502 5247 τὴν
2535 5177 2702 5229 πάλαι
2731 5175 2894 5229 αὑτοῦ
2921 5175 3277 5237 κατάστασιν,
3313 5175 3411 5244 τὴν
3437 5190 3611 5242 πονη-

2035 5270 2153 5340 ρίαν
2182 5269 2452 5338 ἀφέμενος
2475 5284 2487 5296 ·
2523 5266 2620 5338 τὴν
2653 5267 3054 5335 πολυμέριμνον
3082 5265 3286 5336 ταύτην
3315 5263 3481 5334 ζωὴν,
3505 5264 3609 5333 τὴν

2032 5362 2160 5431 περὶ
2185 5360 2253 5413 τά
2291 5359 2518 5428 βιωτικά
2552 5359 2652 5427 τῆς
2698 5358 2874 5428 ψυχῆς
2918 5356 3194 5421 δουλείαν,
3224 5355 3396 5408 ταῦτα
3424 5355 3611 5407 πάντα

2033 5452 2387 5522 ἀποθέμενος,
2435 5451 2526 5504 ἐπὶ
2550 5451 2640 5503 τὸν
2680 5452 2737 5502 ὲν
2770 5449 3081 5520 παραδείσῳ
3124 5449 3456 5516 ὑποστρέφει
3496 5448 3616 5516 βίον

2032 5547 2236 5598 ἐκεῖνον
2280 5544 2370 5595 τὸν
2409 5542 2704 5595 ἀδούλωτον
2728 5542 2840 5603 τοῖς
2883 5539 3079 5592 πάθεσι
3120 5539 3222 5608 τῆς
3257 5538 3481 5607 σαρκὸς,
3520 5536 3617 5591 τὸν

2035 5635 2333 5703 ἐλεύθερον,
2360 5635 2449 5686 τὸν
2470 5633 2588 5703 Θεῷ
2617 5631 2918 5700 συνόμιλον,
2958 5631 3048 5683 τὸν
3084 5631 3338 5698 ἀγγέλοις
3365 5630 3612 5699 ὁμοδίαι-

2034 5745 2144 5786 τον.
2194 5727 2374 5782 Ταῦτα
2408 5726 2582 5780 τοίνυν
2634 5724 2849 5792 εἴρηται
2899 5717 3050 5790 ἡμῖν,
3095 5724 3194 5776 οὑκ
3251 5723 3442 5777 ἐπειδὴ
3473 5723 3617 5776 ἀπα,
