3886 6214
263 387 375 443 28-5

1013 391 1081 447 IN
1123 392 1370 461 VERBA,
1413 393 1794 450 FACMMUS
1837 394 2225 463 HOMINEH,
2263 394 2443 462 ETC.,
2475 392 2683 450 ORAT.
2725 393 2791 449 Il.

3421 385 3529 446 Μ

262 501 470 555 κλείειν
500 501 731 574 θέλομεν
762 504 861 574 τῆς
889 505 1181 576 δεδομένης
1206 507 1341 578 ήμίν
1377 507 1527 578 παρὰ
1554 507 1689 560 Θεοῦ
1725 509 1839 579 χρή·

1957 510 2188 566 velimus
2225 509 2516 566 excludere
2554 527 2567 562 :
2604 508 2699 563 sed
2733 516 2794 560 ut
2830 505 3087 576 praeteriti
3117 511 3242 572 tem;
3264 505 3379 561 oris
3409 503 3533 562 teli-

265 611 412 657 σεως
438 595 544 646 τῶν
575 595 902 666 βρωμάτων,
933 598 1050 650 ἀλλ’
1080 599 1166 653 ἴνα
1190 600 1282 652 τὸν
1311 600 1646 672 παρελθόντα
1676 618 1854 670 μακα-

267 687 512 754 ρίσωμεν
551 687 741 757 χρόνον
768 705 784 719 ·
812 689 898 740 οἵα
942 685 1010 758 ἦν
1051 692 1085 761 ή
1130 690 1276 761 ζωή·
1311 692 1460 755 ὃπως
1511 692 1847 763 άπροσδεής’

263 775 386 838 πῶς
418 777 611 844 ὀλίγων
651 777 863 830 ἐδέοντο
897 779 1033 844 πρὸς
1069 778 1165 850 τὴν
1196 779 1290 833 τοῦ
1330 779 1446 849 βίου
1493 781 1764 852 διαγωγὴν
1801 782 1851 834 οἱ

262 866 548 937 ἂνθρωποι
571 884 585 898 ο
621 868 738 932 πῶς
766 869 828 922 τὸ
859 871 1101 924 ποικίλον
1133 873 1233 942 τῆς
1269 873 1478 945 διαίτης
1507 877 1638 946 ἡμῖν
1679 876 1712 945 ἡ
1757 877 1852 946 τῆς

265 955 548 1024 ἁμαρτίας
580 959 997 1029 συνεισήνεγκεν
1018 961 1190 1015 αἰτία.
1237 962 1453 1034 Ἐπειδὴ
1477 963 1586 1033 γὰρ
1608 967 1708 1034 τῆς
1729 965 1853 1035 ἀλη-

265 1045 426 1114 θινῆς
456 1048 668 1118 τρυφῆς
705 1049 807 1118 τῆς
839 1053 897 1110 έν
933 1050 1011 1121 τῷ
1050 1052 1363 1124 παραδείσῳ
1386 1053 1744 1123 ὲξεπέσαμεν,
1770 1073 1853 1108 νε-

263 1136 600 1207 νοθευμένας
633 1141 837 1212 τρυφάς
862 1142 1075 1205 ἑαυτοῖς
1099 1143 1495 1216 ἐπενοήσαμεν.
1528 1148 1637 1200 Καὶ
1665 1147 1850 1219 ἐπειδὴ

263 1227 451 1280 οὐκέτι
493 1228 760 1300 βλέπομεν
798 1232 858 1284 τὸ
883 1232 1038 1299 ξύλον
1062 1234 1164 1304 τῆς
1204 1236 1369 1305 ζωῆς,
1405 1237 1526 1290 οὐδὲ
1555 1237 1634 1308 τῷ
1665 1239 1850 1292 κάλλει

263 1319 464 1389 ἐκείνῳ
491 1321 916 1393 έναϐρυνόμεθα,
955 1325 1218 1396 ἐδόθησαν
1263 1330 1396 1399 ήμίν
1427 1331 1505 1392 εἰς
1554 1331 1850 1386 ἀπόλαυσιν

266 1408 525 1480 μάγειροι
549 1409 731 1463 λοιπὸν
753 1413 849 1464 καὶ
872 1415 1174 1485 ἀρτοποιοὶ,
1203 1418 1297 1469 καὶ
1333 1419 1639 1489 πεμμάτων
1671 1439 1851 1475 ποικι-

261 1496 376 1549 λίαι
406 1499 501 1552 καὶ
533 1499 914 1572 θυμιαμάτων,
957 1505 1052 1558 καὶ
1083 1506 1311 1560 τοιαῦτά
1341 1527 1465 1562 τινα
1494 1512 1849 1582 παραμυθού-

264 1605 407 1657 μενα
433 1590 590 1660 ἡμῶν
619 1591 720 1663 τὴν
758 1595 967 1648 ἐκεῖθεν
995 1595 1268 1650 ἔκπτωσιν
1293 1616 1308 1628 ·
1349 1599 1537 1670 ὥσπερ
1570 1605 1617 1655 οἰ
1665 1603 1849 1675 ἀρρω.

262 1693 383 1730 στοι
405 1679 533 1731 ὅταν
559 1681 979 1753 καταϐληθιῖηιν
1011 1686 1117 1740 ὑπὸ
1150 1687 1389 1760 σφοδρᾶς
1425 1691 1754 1762 ἀρρωστίας,
1785 1693 1846 1746 ού

258 1764 550 1836 δυνάμενοι
577 1772 823 1842 μετέχειν
835 1777 933 1844 τῆς
947 1775 1209 1847 συνήθους
1229 1779 1600 1845 ἀπολαύσεως,
1618 1783 1849 1854 ὀσφραν-

257 1860 377 1919 τοῖς
415 1861 511 1912 καὶ
537 1862 798 1926 τοιούτοις
825 1867 936 1918 τισὶ
963 1867 1114 1939 παρὰ
1139 1869 1250 1922 τῶν
1272 1871 1472 1942 ἰατρῶν
1511 1873 1844 1942 λαμϐάνουσι
1877 1861 1918 1915 Β

257 1949 556 2016 δεξιώσεις.
611 1955 826 2028 Ἐπειδὴ
865 1958 974 2030 γὰρ
1016 1960 1130 2014 τῶν
1173 1963 1540 2035 ἰσχυροτέρων
1586 1968 1666 2028 εἰς
1709 1966 1844 2019 ἀπό-

257 2041 451 2097 λαυσιν
472 2046 884 2111 ὲκπεπτώκασι,
916 2054 1027 2114 τοῖς
1054 2052 1303 2106 ἀσθενέσι
1338 2053 1627 2125 σύμμετρα
1655 2057 1704 2108 οἱ
1746 2073 1840 2108 κο-

259 2135 586 2201 λακεύοντες
634 2139 814 2192 αὐτῶν
865 2142 962 2204 τὰς
1001 2143 1282 2215 αἰσθήσεις
1321 2147 1648 2217 περινοοῦσι.
1698 2147 1844 2218 Πλὴν

256 2225 398 2280 ἀλλά
425 2230 519 2282 καὶ
565 2230 660 2282 νῦν
700 2230 842 2284 κατά
895 2233 1134 2304 μίμησιν
1176 2239 1274 2306 τῆς
1305 2238 1364 2288 ὲν
1406 2236 1484 2306 τῷ
1533 2237 1844 2307 παραδείσῳ

257 2317 408 2387 ζωῆς
451 2320 676 2383 ἑαυτοὺς
725 2324 877 2390 ἄγειν
919 2323 1251 2394 βουλόμενοι,
1299 2325 1589 2394 φεύγοντες
1637 2327 1841 2397 ταύτην

254 2411 356 2481 τὴν
391 2411 654 2465 πολύυλον
679 2411 789 2465 τῶν
817 2413 1124 2486 βρωμάτων
1153 2418 1473 2482 ἀπόλαυσιν,
1513 2419 1602 2472 ἐπ’
1635 2421 1840 2472 ἐκεῖνον

252 2502 350 2553 τὸν
396 2502 508 2570 βίον
555 2503 739 2569 καθώς
760 2509 884 2558 ἐστι
925 2507 1152 2562 δυνατὸν
1195 2509 1418 2573 ἑαυτοὺς
1440 2508 1676 2582 ἄγωμεν,
1707 2527 1840 2580 καρ-

256 2597 382 2657 ποῖς
414 2594 507 2646 καὶ
544 2596 824 2666 σπέρμασι
859 2599 951 2652 καὶ
996 2603 1112 2663 τοῖς
1154 2601 1220 2653 ὲκ
1249 2600 1356 2654 τῶν
1398 2601 1714 2672 ἀκροδρύων
1762 2603 1839 2664 εἰς

249 2687 535 2758 διαγωγὴν
565 2688 860 2759 χρώμενοι.
886 2691 947 2743 τὸ
981 2691 1040 2744 δὲ
1076 2692 1338 2760 περισσὸν
1379 2692 1603 2758 τούτων,
1633 2694 1710 2756 ὡς
1742 2695 1842 2746 οὐκ

249 2779 555 2846 ἀναγκαῖον
587 2782 1061 2854 ἀποπεμπὼμεθα.
1117 2785 1191 2838 Ού
1210 2784 1316 2855 γὰρ
1345 2784 1614 2854 βδελυκτά
1635 2786 1724 2839 διὰ
1750 2786 1842 2840 τὸν

250 2870 546 2922 κτίσανταο
587 2872 648 2924 ού
699 2871 808 2944 μὴν
850 2873 970 2926 οὐδὲ
1013 2875 1207 2944 αἰρετά
1244 2875 1334 2928 διὰ
1361 2875 1462 2947 τὴν
1509 2878 1609 2946 τῆς
1639 2877 1840 2947 σαρκὸς

249 2961 727 3015 εύπάθειαν.«Καὶ
753 2965 1098 3018 κατέπαυσεν
1125 2968 1154 3019 6
1181 2967 1315 3030 Θεὸς
1335 2968 1445 3021 ἀπὸ
1485 2967 1698 3021 πάντων
1729 2967 1837 3020 τῶν

247 3052 431 3124 ἔργων
474 3053 638 3107 αὑτοῦ
685 3058 752 3127 τῇ
797 3057 977 3128 ἡμέρᾳ
1005 3061 1071 3129 τῇ
1118 3058 1701 3131 ἐϐδόμῃ·›λεγέτωσαν
1747 3057 1840 3113 οῦν

246 3145 627 3217 ἀριθμητικοὶ,
657 3149 754 3200 καὶ
775 3150 824 3200 οἰ
852 3150 979 3219 περὶ
1001 3151 1069 3203 τά
1094 3151 1320 3204 τοιαῦτα
1342 3152 1718 3222 έσχολακότες,
1744 3155 1838 3205 καὶ

246 3236 351 3306 τὴν
372 3237 500 3306 περὶ
523 3237 717 3290 τούτου
747 3241 936 3309 σοφίαν
963 3243 1086 3294 ἀντὶ
1115 3241 1350 3312 μεγάλου
1383 3243 1654 3314 προϐεϐλη
1665 3243 1835 3313 μένοι,

245 3329 327 3392 ὡς
363 3329 464 3398 μὲν
516 3331 785 3403 συγγενὴς
831 3337 898 3404 τῇ
936 3335 1030 3388 τοῦ
1080 3336 1286 3406 κόσμου
1339 3337 1513 3389 κτίσει
1559 3338 1588 3389 ὀ
1633 3337 1740 3390 τῶν
1781 3336 1840 3401 ἓξ

247 3420 507 3490 ἀριθμὸς,
550 3424 632 3475 ὅτι
675 3423 970 3492 πολύγονός
1003 3427 1141 3490 ἐστι,
1199 3426 1370 3480 πολλὰ
1423 3428 1677 3498 σχήματα
1717 3429 1841 3497 ἀρι-

249 3511 408 3581 θμῶν
440 3514 534 3581 ἀφ’
585 3514 781 3567 ἑαυτοῦ
829 3515 1054 3583 γεννῶν,
1109 3517 1203 3569 καὶ
1230 3517 1432 3581 τέλειος
1479 3520 1592 3582 τοῖς
1638 3519 1834 3572 ἑαυτοῦ

250 3604 470 3674 μέρεσι,
509 3605 605 3656 καὶ
631 3606 732 3658 ὅσα
781 3607 911 3676 περὶ
952 3607 1050 3677 τῆς
1086 3607 1272 3672 έξάδος
1309 3611 1366 3661 ἐν
1398 3611 1520 3672 ταῖς
1560 3610 1838 3679 σχολικαίς

244 3690 552 3758 διαλέξεσιν
579 3693 933 3764 ἀριθμητικοὶ
950 3696 1280 3766 διηγοῦνται,
1309 3699 1362 3752 εί
1379 3715 1495 3761 πως
1520 3699 1682 3769 σχολή
1711 3700 1836 3752 καθ’

246 3791 443 3844 ἑαυτὸν
468 3791 737 3860 λεγέσθωο
770 3791 1076 3861 λεγέτωσαν
1105 3795 1164 3847 δὲ
1193 3797 1290 3849 καὶ
1323 3797 1452 3868 περὶ
1484 3797 1582 3868 τῆς
1603 3796 1834 3866 ἑϐδομά-

244 3883 360 3946 δος,
387 3883 469 3935 ὅτι
500 3882 790 3952 στείρωσίς
816 3884 901 3948 τίς
925 3887 1075 3940 ἐστιν
1107 3887 1165 3940 ὲν
1196 3886 1275 3958 τῷ
1301 3887 1533 3958 ἑϐδόμῳ.
1560 3886 1700 3942 Οῦτε
1737 3887 1836 3958 μὲν

244 3977 360 4045 γὰρ
387 3977 556 4046 γεννᾷ
593 3975 687 4044 ἀφ’
715 3977 932 4042 ἑαυτοῦ,
975 3977 1101 4032 οὔτε
1146 3981 1280 4050 παρ’
1307 3980 1494 4049 ἐτέρου
1531 3980 1774 4034 τίκτεται
1807 3982 1836 4033 6

243 4067 360 4119 τῶν
394 4068 537 4121 έπτά
576 4067 832 4139 ἀριθμός.
871 4069 981 4123 Καὶ
1011 4070 1098 4123 ἵνα
1146 4071 1222 4143 μὴ
1272 4073 1351 4135 εἰς
1396 4071 1660 4126 πολύυλον
1701 4090 1835 4126 κατ-

244 4159 446 4228 αγάγω
471 4160 562 4212 τὸν
589 4160 770 4229 λόγον,
799 4161 896 4232 τὴν
929 4161 1166 4228 διάλεξιν
1195 4163 1295 4235 τὴν
1326 4163 1462 4236 πρὸς
1481 4165 1626 4234 ὑμᾶς
1659 4181 1838 4236 παρα-

1953 599 2173 654 οἰιςιιεω
2221 601 2595 655 ostendamus.
2643 598 2832 664 Qtalis
2860 611 2927 651 ea
2971 596 3078 650 vita
3130 593 3322 662 fuerit,
3362 610 3530 665 quam

1957 691 2277 761 tranquilla,
2305 705 2470 760 quam
2497 689 2670 752 dives,
2697 703 2860 759 quam
2891 687 3082 758 paucis
3112 688 3168 742 in
3192 689 3334 741 victu
3364 689 3534 743 rebus

1952 778 2207 832 homines
2249 778 2608 848 indiguerint,
2649 777 2926 849 quomodo
2973 791 3098 831 cum
3146 777 3316 830 variis
3364 791 3540 846 gencq

1954 871 2110 926 ribus
2155 871 2444 940 epularum
2503 870 2767 941 peccandi
2819 883 3003 924 causa:
3047 868 3211 922 simul
3267 869 3532 936 ingressas

1956 959 2180 1014 fuerint.
2226 958 2524 1029 Postquam
2573 960 2719 1014 enim
2756 974 2787 1012 a
2823 959 2964 1013 veris
2995 958 3105 1012 illis
3148 956 3388 1028 paradisi
3431 956 3530 1010 de-

1953 1053 2095 1108 liciis
2115 1053 2442 1114 excidimus.
2463 1067 2562 1108 nec
2580 1051 2819 1121 amplius
2837 1051 2963 1105 vitae
2985 1051 3190 1121 lignum
3221 1050 3529 1112 intuemur,

1951 1161 2056 1200 nec
2099 1144 2348 1200 honestis
2385 1145 2516 1209 illis,
2563 1144 2956 1215 praeclarisque
3003 1142 3377 1212 voluptatibus
3419 1139 3528 1194 frui

1952 1238 2243 1307 gloriarive
2270 1251 2587 1305 possumus,
2619 1235 2960 1290 adulterinas
2989 1233 3148 1288 nobis
3176 1233 3404 1288 delicias
3431 1247 3527 1286 ex-

1954 1329 2343 1398 cogitavimus,
2375 1342 2584 1398 coquos
2619 1334 2675 1382 et
2712 1327 2950 1396 pistores
2992 1325 3325 1391 invenimus,
3373 1324 3523 1377 varia

1951 1419 2302 1475 bellariorum
2345 1419 2893 1489 suﬁimentorumque
2951 1433 3172 1488 genera,
3226 1426 3286 1471 ut
3336 1417 3524 1486 lapsus

1952 1512 2096 1566 illius
2119 1512 2336 1571 solatia.
2363 1510 2835 1581 comparavimus.
2863 1508 2934 1564 Ut
2968 1511 3216 1581 aegrotis,
3253 1509 3348 1579 qui
3371 1511 3524 1578 gravi

1950 1603 2136 1671 aliquo
2180 1602 2373 1657 morbo
2415 1600 2834 1665 conflictantur,
2873 1617 2998 1655 cum
3051 1601 3232 1657 solitis
3270 1602 3524 1671 voluptao

1950 1696 2099 1750 tibus
2129 1693 2236 1749 frui
2257 1708 2368 1748 non
2389 1693 2625 1764 possint,
2653 1692 2918 1763 quasdam
2943 1691 3176 1748 odorum
3199 1693 3525 1755 suavitates,

1950 1795 2004 1842 et
2037 1788 2146 1840 alia
2172 1786 2441 1854 ejusmodi
2491 1785 2850 1854 congruentia
2889 1784 3284 1840 oblectamenta
3328 1783 3526 1838 medici

1947 1879 2390 1941 subministrant,
2413 1885 2468 1932 et
2484 1877 2716 1932 infirmis
2744 1891 2935 1932 eorum
2953 1875 3522 1932 sensibusblandiun-

1947 1978 2057 2023 tur.
2093 1967 2297 2022 Verum
2345 1967 2392 2023 si
2452 1981 2602 2020 nunc
2641 1967 2810 2020 etiam
2844 1965 3100 2019 volumus
3141 1964 3308 2018 vitam
3349 1964 3521 2028 illam,

1947 2073 2070 2128 quae
2111 2059 2167 2112 in
2195 2057 2456 2127 paradiso
2502 2056 2788 2127 agebatur,
2819 2056 3046 2119 imitari,
3087 2055 3155 2111 ad
3187 2071 3330 2122 eam,
3363 2058 3519 2111 varia

1945 2154 2050 2208 ista
2075 2151 2324 2206 ciborum
2355 2165 2557 2222 genera
2587 2149 2880 2220 fugientes,
2914 2165 3016 2220 pro
3049 2149 3260 2205 viribus
3295 2150 3522 2205 acceda-

1946 2259 2090 2310 mus,
2119 2242 2414 2306 fructibus,
2447 2249 2502 2297 et
2533 2241 2858 2305 seminibus,
2881 2249 2935 2295 et
2959 2241 3327 2310 leguminibus
3353 2241 3518 2294 vitam

1945 2342 2346 2399 sustentemus,
2410 2334 2621 2404 reliqua
2664 2343 2865 2397 autem,
2906 2341 2964 2387 ut
3007 2350 3366 2404 supervacua,
3414 2335 3522 2388 mi-

1945 2428 2200 2497 nimeque
2258 2426 2572 2482 necessaria
2599 2464 2616 2488 ,
2666 2425 2990 2494 abjiciamus
3035 2433 3089 2479 et
3139 2441 3519 2495 aspernemur.

1944 2518 2208 2584 Quamvis
2247 2518 2392 2572 enim
2439 2515 2763 2571 detestanda
2805 2530 2914 2570 non
2963 2516 3096 2578 sint,
3140 2526 3328 2586 utpote
3359 2519 3520 2573 nobis

1945 2614 2014 2665 ab
2042 2611 2160 2680 ipso
2190 2617 2544 2679 procreatore
2581 2623 2868 2671 concessa,
2893 2609 3161 2664 sumenda
3198 2619 3378 2664 tamen
3410 2627 3519 2665 non

1943 2709 2074 2757 sunt
2121 2709 2348 2772 propter
2387 2700 2572 2755 carnis
2627 2700 3078 2756 oblectationem.
3120 2721 3138 2753 ι
3164 2704 3224 2758 Et
3255 2703 3520 2772 requievit

1942 2793 2210 2848 Dominus
2253 2792 2324 2848 ab
2356 2792 2616 2847 omnibus
2667 2791 2928 2862 cperibus
2973 2792 3092 2848 suis
3113 2795 3340 2863 septimo
3362 2795 3468 2850 die.
3497 2814 3519 2848 ο

1944 2885 2141 2940 Dicant
2187 2884 2546 2946 aritltmetici,
2572 2892 2628 2939 et
2675 2884 2770 2955 qui
2802 2885 3007 2940 talibus
3046 2885 3371 2940 incumbunt
3399 2894 3519 2941 stu-

1943 2979 2072 3040 diis,
2109 2979 2316 3048 quique
2351 2977 2682 3047 sapientiam
2713 2975 2992 3045 ejusmodi
3026 2974 3238 3031 faciunt
3274 2976 3521 3046 plurimi,

1943 3071 2220 3126 senarium
2267 3083 2558 3123 numerum
2586 3083 2710 3122 cum
2747 3067 2952 3121 mundo
3001 3066 3164 3122 simul
3200 3081 3324 3122 esse
3369 3068 3510 3138 geni»

1945 3169 2084 3224 tum,
2142 3174 2266 3214 esse
2313 3173 2600 3214 numerum
2647 3156 2964 3222 fecundum,
3021 3157 3304 3228 multaque
3351 3173 3418 3212 ex
3463 3173 3517 3212 st

1943 3265 2297 3307 numerorum
2347 3264 2546 3321 genera
2586 3249 2912 3318 parientem,
2957 3256 3012 3302 et
3058 3249 3176 3303 suis
3219 3246 3517 3318 perfectum

1943 3342 2221 3413 partibus,
2273 3348 2330 3395 et
2361 3354 2706 3409 quaecunque
2729 3339 2797 3393 de
2825 3339 2944 3409 ipso
2969 3338 3027 3392 in
3056 3338 3516 3408 disputationibus

1943 3433 2060 3489 suis
2083 3432 2271 3486 dicere
2282 3439 2705 3486 consueverunt.
2723 3430 2972 3499 Cumque
2987 3429 3055 3484 de
3075 3431 3293 3484 senario
3307 3430 3516 3486 abunde

1941 3542 2037 3595 per
2068 3525 2240 3579 otium
2273 3523 2536 3586 dixerint,
2581 3522 2747 3578 etiam
2779 3523 2846 3578 de
2875 3522 3190 3593 septenario
3222 3521 3515 3578 disserant.

1942 3616 2194 3672 Sterilem
2230 3631 2354 3670 esse
2393 3614 2796 3677 demonstrent,
2832 3615 3036 3684 quippe
3069 3613 3165 3684 qui
3214 3629 3315 3669 nec
3349 3614 3516 3668 alium

1939 3723 2004 3761 ex
2028 3723 2087 3762 se
2108 3721 2398 3761 numerum
2421 3713 2664 3775 generet,
2702 3721 2802 3759 nec
2829 3706 2898 3759 ab
2919 3705 3029 3760 alio
3060 3705 3178 3775 ipse
3199 3713 3514 3775 generetur.

1940 3797 2072 3868 Ego,
2131 3813 2199 3852 ne
2253 3811 2562 3852 sermonem
2609 3811 2778 3850 causa
2816 3807 2999 3851 vestra
3040 3797 3155 3866 jam
3203 3796 3514 3851 institutum

1940 3890 2211 3952 omittam,
2276 3888 2344 3942 ad
2405 3901 2469 3943 ea
2517 3902 2639 3957 quae
2684 3895 2813 3942 sunt
2861 3887 3084 3958 cognitu
3128 3888 3376 3943 faciliora
3435 3904 3520 3942 me

1940 3991 2282 4036 convertam.
2343 3978 2398 4033 Si
2437 3979 2566 4048 quis
2609 3987 2789 4033 autem
2827 3979 3036 4048 peritus
3080 3985 3167 4034 est
3207 3979 3518 4035 istiusmodi

1945 4072 2244 4134 facultatis,
2287 4071 2334 4126 is
2368 4077 2666 4140 cognoscat
2713 4070 2904 4124 talium
2951 4072 3116 4126 etiam
3161 4086 3344 4127 rerum
3393 4075 3518 4127 tbe—

1945 4179 2170 4220 saurum
2209 4163 2352 4234 apud
2393 4178 2496 4218 nos
2545 4177 2670 4217 esse
2703 4164 3066 4218 reconditum.

241 4251 492 4320 δραμὼν,
525 4251 620 4303 ἐπὶ
657 4253 726 4306 τά
757 4253 1238 4328 εύγνωμονέστερα
1277 4259 1534 4327 χωρήσω.
1567 4257 1714 4310 Είδέ
1739 4275 1827 4322 τις
1861 4259 1955 4312 καὶ
1982 4259 2110 4330 περὶ
2132 4257 2305 4312 ταῦτα
2332 4256 2447 4326 έχει
2472 4256 2596 4308 τι·θά
2630 4256 2942 4326 ἐμπειρίαν,
2967 4257 3282 4325 γινωσκέτω
3311 4259 3392 4312 δτι
3423 4255 3516 4312 καὶ

241 4347 453 4400 τούτων
480 4349 508 4401 6
537 4348 809 4420 θησαυρὸς
832 4349 1180 4403 ὲναπόκειται
1202 4350 1331 4421 παρ’
1357 4351 1512 4420 ἡμῖν.

321 4443 488 4496 Ὥστε
514 4445 564 4496 εἰ
602 4443 747 4513 μέγα
777 4443 1135 4515 ἀριθμητικὴ,
1159 4443 1393 4498 ἐνταῦθά
1419 4445 1534 4498 ἐστι
1557 4444 1656 4516 τῆς
1679 4443 1838 4516 ἀριθ-

2012 4443 2193 4510 Quare
2219 4445 2266 4498 si
2317 4442 2499 4513 magni
2569 4441 2816 4496 facientia
2880 4451 2964 4497 est
3002 4443 3368 4508 arithmetica,
3425 4443 3515 4498 bic

245 4533 491 4602 μητικῆς
509 4531 578 4586 τά
603 4534 913 4605 σπέρματα.
938 4535 1131 4604 Ἡμεῖς
1151 4533 1206 4587 δὲ
1224 4535 1284 4587 οὐ
1307 4534 1611 4606 φρονοῦμεν
1627 4535 1836 4598 τούτοις

1944 4535 2060 4605 ejus
2100 4541 2231 4589 sunt
2263 4533 2493 4588 semina.
2533 4533 2698 4588 Nobis
2751 4542 2932 4588 autem
2981 4549 3088 4588 non
3122 4542 3206 4588 est
3237 4549 3401 4597 curae,
3457 4544 3514 4588 ut

239 4625 326 4694 τῷ
356 4625 421 4677 ἐκ
451 4625 550 4693 τῆς
575 4624 670 4676 τοῦ
701 4625 906 4695 κόσμου
931 4621 1070 4677 εἶναι
1109 4625 1323 4694 σοφίας,
1356 4623 1391 4695 ἢ
1414 4624 1502 4678 διά
1529 4625 1628 4696 τὴν
1655 4627 1719 4678 ὲκ
1739 4624 1834 4677 τοῦ

239 4718 458 4786 κόσμου
490 4717 702 4783 σοφίαν⁸
734 4717 784 4768 οἱ
812 4716 920 4788 γὰρ
943 4717 1117 4769 ταῦτα
1144 4717 1521 4787 περιέποντες,
1557 4717 1727 4788 μικρὰ
1750 4719 1835 4770 ὲν-

236 4811 421 4866 ταῦθα
433 4808 753 4877 κλέψαντες,
765 4807 884 4869 ταῖς
901 4805 1306 4878 πραγματείαις
1318 4803 1471 4857 αὐτοὶ
1483 4803 1556 4867 ὡς
1574 4805 1834 4874 μεγάλαις

239 4903 724 4973 ἑπισεμνύνονται.
757 4899 875 4952 ’Ὶνα
898 4898 1080 4950 τοίνυν
1111 4896 1375 4966 δείξωμεν
1418 4895 1621 4962 αὐτοῖς,
1650 4897 1733 4949 ὅτι
1763 4898 1833 4950 τὰ

239 4997 378 5068 παρ’
403 4994 635 5056 ἐκείνοις
669 4988 1107 5062 περισπούδαστα
1130 4990 1264 5058 ήμῖν
1303 4989 1451 5040 ἐστιν
1493 4987 1834 5057 εὐκαταφρό-

236 5103 404 5157 νητα,
448 5087 626 5154 σιωπῇ
659 5081 1108 5153 παραδράμιιιμεν
1133 5080 1227 5132 τὸν
1255 5078 1611 5150 περὶτούτων
1639 5078 1796 5147 λόγον
1814 5095 1829 5111 ο

237 5175 378 5246 ὁμοῦ
416 5175 475 5228 δὲ
513 5176 609 5228 καὶ
640 5177 742 5227 οὐκ
766 5172 1035 5236 εῦληπτος
1065 5172 1180 5244 λαῷ
1213 5174 1378 5226 παντὶ
1408 5175 1442 5245 ὴ
1473 5175 1602 5244 περὶ
1625 5175 1830 5228 τούτων

238 5266 470 5337 θεωρία.
509 5266 751 5336 Πάρεστι
800 5264 858 5317 δὲ
891 5263 1160 5335 ἐκκλησία
1201 5263 1262 5316 οὐ
1307 5264 1622 5336 παραδόξων
1658 5264 1830 5332 λόγων

239 5358 513 5426 ἀκρόασιν
549 5355 901 5427 ἐκδεχομένη,
949 5354 1086 5408 ἀλλά
1135 5355 1246 5408 τῶν
1276 5356 1363 5408 ἐπ’
1406 5355 1660 5427 οἰκοδομῇ
1696 5355 1830 5409 θεωο

243 5449 513 5521 ρημάτων
560 5445 895 5517 ἐπιζητοῦσα
931 5448 1029 5510 τὰς
1073 5446 1278 5509 λύσεις.
1306 5447 1609 5518 Τετίμηται
1654 5448 1828 5500 τοίνυν

239 5541 276 5609 ὴ
302 5538 509 5609 ἑϐδόμη
541 5538 726 5609 ἡμέρα
754 5538 815 5589 τὸ
844 5536 1131 5590 σάϐϐατον.
1169 5537 1227 5589 ’0
1249 5535 1474 5605 ἕϐδομος
1508 5538 1658 5609 παρά
1697 5538 1828 5591 Ἰου-

239 5631 416 5693 δαίοις
444 5629 697 5700 ἀριθμὸς.
729 5629 929 5700 τίμιος,
969 5629 1027 5682 ὲν
1049 5622 1094 5696 ᾧ
1121 5631 1177 5682 αἰ
1202 5629 1587 5700 σκηνοπηγίαι,
1620 5630 1676 5683 αἰ
1706 5631 1826 5683 σάλ-

241 5737 468 5789 πιγγες,
521 5724 560 5791 ἡ
598 5721 780 5792 ἡμέρα
831 5721 925 5774 τοῦ
980 5721 1230 5790 ἱλασμοῦ.
1268 5721 1536 5792 Ἕϐδομος
1581 5723 1825 5785 ἐνιαυτὸς

244 5813 378 5886 παρ’
413 5811 644 5876 ἐκείνοις
670 5812 849 5883 τίμιος
878 5812 910 5864 ὁ
932 5812 1030 5882 τῆς
1056 5812 1300 5882 ἀφέσεως
1321 5813 1632 5884 λεγόμενος.
1670 5814 1824 5885 Ἐξῆν

1937 4640 2103 4696 parva
2148 4624 2264 4679 haec
2295 4639 2362 4677 ex
2410 4622 2599 4676 mundi
2658 4623 2921 4691 sapientia
2957 4623 3512 4692 surripientes,quasi

1935 4731 2192 4786 magnum
2233 4713 2439 4784 aliquid
2478 4714 2682 4769 nostris
2710 4714 3052 4769 orationibus
3083 4714 3408 4769 inseramus.
3447 4713 3514 4768 Ut

1937 4811 2100 4880 igitur
2149 4816 2364 4862 constet
2418 4821 2519 4861 nos
2544 4813 2914 4869 contemnere,
2941 4821 3062 4876 quae
3101 4807 3205 4876 ipsi
3236 4805 3512 4860 admiran-

1934 4909 2046 4965 tur,
2077 4901 2297 4957 silentio
2348 4899 2468 4968 ipsa
2503 4906 2868 4960 transeamus,
2904 4897 3204 4966 pmsertim
3249 4912 3374 4950 cum
3413 4913 3509 4950 eu-

1934 5009 2054 5048 rum
2083 4991 2323 5062 cognitio
2345 5005 2453 5045 non
2483 4990 2557 5044 ita
2601 4989 2758 5043 facile
2785 5003 2815 5040 a
2839 4988 3033 5057 quovis
3071 5002 3102 5040 e
3141 4988 3342 5056 populo
3384 5002 3508 5055 per-

1932 5086 2039 5156 cipi
2080 5084 2276 5154 possit,
2303 5090 2358 5136 et
2394 5081 2489 5152 qui
2527 5096 2612 5135 me
2647 5080 2899 5143 audiunt,
2945 5093 3056 5132 non
3091 5085 3200 5132 tam
3258 5093 3347 5134 res
3389 5094 3507 5147 qua:

1933 5183 2189 5231 moveant
2215 5175 2632 5229 admirationem
2652 5213 2666 5236 ,
2693 5185 2856 5239 quam
2892 5184 3014 5240 quae
3047 5184 3228 5224 mores
3255 5179 3310 5223 et
3343 5170 3505 5223 vitam

1931 5267 2232 5331 instruant,
2266 5265 2545 5334 postulent
2586 5271 2640 5318 et
2685 5268 3022 5331 exspectent.
3077 5257 3382 5314 Praeclarus
3423 5269 3510 5314 est

1931 5359 2052 5413 dies
2081 5357 2366 5427 septimus.
2409 5353 2542 5408 Nam
2574 5363 2627 5409 ct
2658 5354 2946 5409 sabbatum
2983 5355 3123 5422 apud
3157 5352 3374 5408 Judzeos
3416 5370 3512 5408 se--

1931 5448 2102 5516 ptimo
2129 5452 2384 5501 censetur
2405 5445 2494 5499 die
2537 5443 2616 5516 [in
2633 5457 2742 5514 quo
2761 5442 3261 5498 Tabernaculorum
3283 5443 3506 5505 festum,

1930 5539 2116 5602 Tuba,
2157 5537 2276 5592 dies
2309 5534 2853 5610 PrOpitiationis].Et
2903 5535 3168 5606 septimus
3221 5551 3398 5590 annus
3434 5537 3509 5589 ab.

1927 5629 2130 5684 eisdem
2166 5629 2511 5691 observatur,
2566 5644 2631 5683 ac
2666 5627 3011 5682 remissionis
3057 5643 3236 5682 annus
3277 5627 3504 5681 dicitur.

1928 5720 2148 5774 Licebat
2181 5719 2328 5774 enim
2364 5719 2472 5772 illis
2497 5727 2694 5773 terram
2729 5735 2824 5774 sex
2849 5719 3006 5771 annis
3037 5717 3236 5780 colere,
3269 5717 3507 5786 septimm

1930 5828 2074 5869 anno
2110 5813 2377 5868 inaratam
2426 5827 2490 5867 ac
2529 5811 2760 5866 liberam
2807 5809 3206 5880 relinquebant,
3257 5824 3382 5864 cum
3438 5812 3508 5864 il
