3886 6214
369 349 468 406 287

1625 351 1683 406 S.
1722 345 2049 406 CREGORII
2081 344 2374 402 NYSSENI

3537 343 3644 396 288

369 464 749 535 promissionis
780 471 925 519 terra
960 472 1333 518 versarentur.
1371 463 1478 519 Sex
1534 466 1696 520 annis
1749 465 1952 520 servie—

2069 460 2159 530 μὲν
2189 460 2298 531 γὰρ
2341 458 2522 522 αὑτοῖς
2553 457 2613 522 ἒξ
2661 457 2754 528 ἑτη
2799 455 3136 525 ἐργάσασθαι
3172 455 3270 527 τὴν
3303 455 3430 526 γῆν,
3477 454 3557 524 τῷ
3586 456 3643 508 δὲ

367 561 461 610 ttat
497 554 778 617 Hebraeus,
817 569 961 608 anno
991 554 1226 624 septimo
1247 556 1583 610 liberabatur
1614 571 1644 609 a
1671 558 1950 611 servitute.

371 643 616 713 Septimo
663 643 806 713 apud
865 645 1014 714 ipsos
1081 660 1226 698 anno
1275 646 1568 715 captivitas
1616 647 1951 701 solvebatur.

372 734 481 788 Sed
532 744 722 790 nostra
753 750 975 805 quoque
1012 735 1324 790 videamus.
1364 755 1382 786 ι
1425 734 1658 806 Septies,
1699 755 1717 787 ι
1755 737 1953 806 inquit,

375 841 394 874 ι
441 825 494 878 in
519 825 609 879 die
637 823 795 878 cadet
823 825 1030 892 justus,
1059 833 1120 879 et
1159 832 1409 896 resurget
1428 830 1491 882 ’⁸.
1513 847 1532 880 ι
1561 826 1652 881 Sic
1680 842 1778 879 nos
1809 826 1956 882 Heb-

370 916 659 969 domadam
723 917 1135 971 constituimus.
1193 915 1473 986 Septimus
1512 931 1541 970 a
1597 917 1782 972 mundi
1825 934 1952 988 pro.

373 1009 649 1063 rreatione
683 1007 870 1062 Euoch
913 1018 1144 1063 mortem
1182 1024 1292 1063 non
1321 1009 1492 1075 vidit;
1539 1008 1798 1065 Ecclesiae
1837 1027 1956 1080 my-

370 1101 620 1154 sterium.
654 1098 930 1170 Septimus
957 1100 1028 1154 ab
1053 1100 1324 1154 Abraham
1348 1099 1562 1170 Moyses
1598 1102 1766 1171 legem
1804 1117 1958 1156 acre-

373 1192 472 1260 pit,
497 1191 552 1244 in
576 1206 684 1261 qua
715 1192 838 1245 vita:
864 1192 1118 1254 mutatio,
1161 1191 1362 1246 solutio
1391 1192 1714 1260 iniquitatis,
1747 1191 1958 1260 ingres-

372 1282 746 1350 susjustiliae,
773 1281 864 1337 Dei
905 1283 1296 1352 peregrinatio,
1362 1284 1690 1338 constitutio
1741 1283 1954 1346 mundi,

373 1386 556 1426 rerum
597 1374 932 1443 agendarum
967 1375 1309 1442 praescriptio
1341 1372 1820 1428 continebatur“.
1856 1372 1956 1428 Se-

373 1465 545 1533 ptima
597 1473 650 1518 et
683 1468 1086 1536 septuagesima
1125 1474 1284 1520 atate
1332 1473 1455 1534 post
1492 1465 1667 1519 Adam
1700 1464 1958 1520 Christus

375 1557 645 1625 apparuit.
671 1556 977 1626 Septenarii
1006 1557 1327 1627 mysterium
1357 1555 1735 1612 novitPetrus.
1769 1575 1788 1608 ‹
1812 1555 1952 1622 Quo-

374 1647 505 1711 ties,
540 1649 780 1717 Diuquit,
807 1669 826 1700 ι
851 1651 1100 1719 peccabit
1119 1651 1172 1703 in
1204 1665 1289 1704 me
1308 1649 1476 1704 frater
1509 1657 1756 1713 nicus,et
1775 1649 1961 1703 dimit-

374 1749 486 1793 tam
517 1741 615 1795 ei?
662 1757 834 1810 usque
881 1743 1190 1812 septies"?
1227 1762 1246 1793 ι
1286 1741 1485 1797 Parum
1518 1743 1678 1802 dixit,
1711 1743 1956 1796 nondum

2057 551 2272 622 ἑϐδόμῳ
2321 549 2433 602 ἑτει
2484 552 2597 612 τοῖς
2648 549 2974 618 αὐτομάτοις
3019 547 3329 619 ἀρκεῖσθαι,
3361 548 3451 599 ὅτε
3497 543 3644 617 εἶχον

2057 641 2158 713 τὴν
2221 641 2324 711 γῆν
2379 640 2479 710 τῆς
2541 638 2893 707 ἐπαγγελίας.
2947 637 3046 704 Ἐξ
3104 639 3203 709 ἐτη
3258 637 3570 690 ἐδούλευσεν
3617 638 3650 690 0

2069 733 2340 804 Ἐϐραῖος,
2359 732 2454 784 καὶ
2481 729 2559 800 τῷ
2584 730 2794 800 ἑϐδόμῳ
2816 731 3003 799 ἀφίετο
3022 729 3119 799 τῆς
3147 729 3410 792 δουλείας.
3458 728 3646 782 Ἑϐδο⁴

2061 822 2318 894 μηκοστῷ
2335 823 2441 875 ἑτει
2463 823 2624 893 ἑλὺθη
2650 822 2778 891 παρ’
2797 822 2979 884 αὑτοῖς
2999 822 3032 890 ἡ
3049 819 3414 890 αἱχμαλωσία.
3439 819 3646 872 Λοιπὸν

2056 915 2115 968 δὲ
2141 915 2234 970 καὶ
2260 915 2329 968 τά
2353 914 2618 985 ἡμέτερα.
2653 931 2672 964 ι
2695 912 2986 978 Ἐπτάκις,
3023 937 3042 969 ι
3124 913 3298 981 φησὶ,
3341 933 3361 965 ι
3393 913 3649 963 πεσεῖται

2057 1008 2086 1059 ὁ
2109 1007 2314 1069 δίκαιος
2345 1007 2437 1059 καὶ
2465 1005 2878 1076 ἀναστήσεται.»
2901 1002 3086 1066 Οὕτως
3104 1001 3452 1073 οἰκειούμεθα
3484 1003 3650 1072 ἡμεῖς

2060 1098 2161 1171 τὴν
2194 1098 2482 1168 ἑϐδομάδα.
2516 1096 2785 1167 Ἕϐδομος
2825 1096 2934 1150 ἀπὸ
2960 1096 3228 1165 γενέσεως
3257 1095 3356 1147 οὐκ
3389 1090 3500 1147 εἶδε
3546 1091 3648 1147 Θά-

2059 1209 2216 1245 νατον
2275 1189 2462 1260 Ἑνὼχ,
2516 1191 2816 1262 μυστήριον
2869 1188 3216 1258 Ἐκκλησίας.
3245 1185 3512 1257 Ἕϐδομος
3537 1184 3653 1238 ἀπὺ

2073 1281 2322 1353 ’Λϐραὰμ
2352 1280 2612 1350 Μωὺσῆς,
2641 1281 2804 1351 νόμον
2833 1280 3015 1335 ἑλαϐεο
3049 1279 3320 1351 μεταϐολὴ
3353 1277 3491 1348 βίου,
3522 1279 3652 1330 ἀνο-

2063 1371 2192 1444 μίας
2235 1372 2515 1435 ἀνάλυσις,
2546 1371 2890 1443 δικαιοσύνης
2938 1371 3159 1434 εἴσοδος,
3193 1369 3328 1422 θεοῦ
3359 1369 3650 1439 ἐπιδημία,

2059 1463 2288 1531 εὐταξία
2338 1465 2420 1528 είς
2467 1465 2691 1534 κόσμον,
2751 1463 3105 1534 νομοθέτησις
3163 1462 3272 1515 τῶν
3328 1462 3650 1533 πρακτέων.

2073 1556 2478 1627 Ἐϐδομηκοστῇ
2519 1557 2612 1608 καὶ
2656 1555 2855 1626 ἑϐδόμῃ
2891 1556 3054 1626 γενεᾷ
3095 1554 3203 1606 ἀπὸ
3240 1552 3411 1622 Ἀδάμ
3438 1555 3466 1604 0
3513 1553 3657 1622 Xpt~

2063 1649 2184 1712 στὸς
2223 1647 2418 1717 ἑφάνη.
2463 1644 2585 1701 Οἵδε
2632 1648 2693 1700 τὸ
2729 1649 3026 1720 μυστήριον
3073 1647 3174 1717 τῆς
3206 1643 3497 1715 ἑϐδομάδος
3545 1643 3656 1696 Πέο

2061 1758 2206 1812 τρος.
2245 1739 2517 1803 ιΠοσάκις
2544 1741 2854 1811 ἁμαρτήσει
2890 1741 2970 1802 είς
2991 1738 3090 1808 ἐμὲ
3117 1737 3146 1790 0
3177 1735 3400 1804 ἁδελφός
3429 1753 3529 1808 μου
3555 1734 3658 1787 κσιὶΙ

374 1832 695 1902 mysterium
732 1810 957 1888 didicit.
979 1834 1173 1888 Adhuc
1202 1835 1348 1888 enim
1381 1834 1685 1903 discipulus
1723 1840 1823 1888 est.
1855 1831 1956 1887 Us-

2069 1810 2258 1904 ἀιρήσω
2273 1832 2458 1903 αὑτῷ;
2490 1833 2593 1896 ἓως
2610 1810 2873 1898 ἑπτάκις;
2912 1829 2967 1902 »[
3007 1831 3066 1882 Ὀ
3093 1828 3152 1881 δὲ
3188 1828 3391 1898 Κύριος
3412 1825 3539 1897 ἔφη,
3571 1825 3654 1877 Οὑ

373 1940 479 1992 que
509 1927 760 1995 septies?
806 1942 836 1980 a
870 1927 1184 1996 septenario
1215 1943 1322 1981 non
1375 1928 1602 1981 recessit
1629 1927 1957 1996 discipulus.

377 2015 524 2070 Dixit
567 2018 880 2088 discipulus
927 2019 1074 2089 quod
1133 2019 1364 2074 sciebat.
1416 2017 1632 2074 Divitiis
1693 2016 1958 2072 Dominus

373 2109 693 2163 abundavit.
726 2109 952 2176 Quoties
979 2113 1249 2181 peccabit,
1287 2120 1343 2166 et
1369 2110 1684 2164 dimittam?
1722 2125 1822 2164 cur
1847 2125 1958 2164 non

375 2199 534 2262 dixit.
586 2203 786 2266 sexies,
821 2203 916 2258 sed
944 2203 1148 2273 septies
1172 2202 1195 2256 ?
1220 2202 1333 2257 Cur
1356 2217 1467 2256 non
1514 2201 1797 2276 respondit
1851 2200 1958 2254 Do-

377 2290 561 2346 minus
586 2332 602 2356 ,
634 2290 855 2347 Centies
897 2293 1133 2354 centies.
1192 2292 1288 2348 sed
1325 2292 1624 2363 septenarii
1675 2306 1960 2346 numerum

377 2383 816 2452 multiplicavit?
853 2400 955 2438 nec
993 2383 1188 2438 Petrus
1223 2385 1372 2439 aliud
1423 2383 1802 2451 interrogavit,
1863 2398 1966 2437 nec

379 2470 645 2527 Dominus
677 2474 932 2531 discessit
963 2490 994 2528 a
1034 2476 1331 2544 septenarii
1381 2476 1587 2542 regula.
1625 2474 1967 2532 Observare-

377 2570 466 2616 rat
491 2561 690 2620 Petrus
720 2579 784 2619 ex
809 2565 1032 2635 antiqua
1060 2565 1376 2621 traditionis
1409 2582 1622 2630 norma,
1653 2569 1966 2637 septenario

376 2668 610 2709 numero
629 2657 898 2712 contineri
927 2657 1226 2726 quamdam
1253 2658 1362 2712 vim
1391 2659 1738 2714 remissionis
1770 2674 1963 2728 pecca-

378 2753 582 2806 torum,
613 2747 815 2815 quietis
851 2747 1124 2817 perfectae,
1155 2749 1319 2818 cujus
1367 2749 1632 2804 indicium
1671 2751 1960 2806 sabbatum

376 2848 481 2899 est,
514 2839 632 2894 dies
665 2840 934 2908 Septimus
987 2854 1018 2894 a
1073 2842 1264 2896 mundi
1295 2843 1701 2911 procreatione.
1763 2841 1961 2898 Petrus

377 2927 602 2998 septies.
644 2927 903 2983 Dominus
929 2933 1253 3000 septuagies
1271 2933 1496 3001 septies.

2063 1923 2206 1992 λέγω
2266 1941 2347 1976 σοι
2403 1925 2509 1988 ἑως
2557 1923 2819 1986 ἑπτάκις,
2863 1920 2978 1974 ἀλλ’
3027 1921 3130 1984 ἓως
3186 1916 3656 1988 ἑϐδομηκοντάκις

2065 2015 2252 2087 ἑπτά.]
2291 2016 2479 2084 Ὁλίγα
2521 2012 2628 2069 οἶδε
2669 2015 2727 2068 τὸ
2757 2016 3071 2085 μυστήριον.
3106 2009 3274 2064 Οὔπω
3304 2008 3510 2079 ἔμαθε·
3547 2025 3657 2078 μα-

2065 2107 2234 2178 Θητὴς
2261 2109 2368 2180 γὰρ
2395 2109 2475 2161 ἑτι
2508 2108 2677 2162 ἐστίν.
2702 2107 2848 2170 Ἕως
2881 2107 3140 2167 ἑπτάκις;
3169 2104 3283 2155 Οὑκ
3313 2100 3525 2169 ἀπέστη
3554 2097 3656 2150 τοῦ

2066 2200 2206 2253 ἑπτά
2231 2203 2259 2253 0
2295 2200 2591 2254 διδάσκωνο
2627 2196 2781 2252 εἶπεν
2805 2199 2881 2261 ὡς
2913 2197 3029 2268 ᾔδει
3055 2197 3085 2247 0
3119 2195 3387 2266 μαθητής.
3436 2191 3650 2260 ’Υπερ-

2061 2292 2223 2345 ἑϐαλε
2249 2291 2328 2364 τῷ
2354 2291 2571 2362 πλούτῳ
2593 2291 2931 2359 ὁΔεσπότης.
2956 2287 3194 2350 Ποσάκις
3217 2286 3526 2358 ἁμαρτήσει
3553 2284 3657 2336 καὶ

2062 2386 2293 2456 άφήσως
2322 2387 2421 2439 Διά
2452 2385 2504 2438 τί
2537 2385 2636 2438 οὐκ
2667 2382 2834 2456 εἶπεν,
2858 2384 3004 2446 Ἕως
3035 2381 3243 2447 ἑξάκις,
3271 2377 3472 2452 ῆἝως
3484 2379 3656 2431 ἑκτά-

2064 2494 2172 2540 κις,
2203 2477 2316 2530 ἀλλ’
2344 2478 2491 2540 Ἕως
2530 2477 2796 2540 ἑπτάκις;
2841 2475 2940 2528 Διὰ
2967 2475 3018 2527 τί
3049 2478 3078 2526 0
3110 2474 3313 2545 Κύριος
3357 2474 3458 2526 οὑκ
3494 2468 3656 2526 εἶπεν

2066 2569 2215 2632 Ἕως
2265 2569 2618 2631 ἑκατοντάκις
2671 2567 2886 2631 ἑκατὸν,
2927 2566 3064 2619 ἀλλὰ
3109 2567 3201 2620 τὸν
3246 2565 3386 2620 ἑπτὰ
3412 2565 3655 2637 ἀριθμὸν

2065 2659 2570 2724 ἑπολυπλασίασεν;
2623 2659 2761 2714 Οὔτε
2807 2662 2837 2714 0
2884 2661 3091 2732 Πέτρος
3134 2659 3292 2712 ἄλλον
3341 2657 3652 2728 ἠρώτησεν,

2064 2750 2189 2805 οὔτε
2218 2752 2249 2804 0
2289 2751 2491 2824 Κύριος
2525 2750 2686 2822 ἑξὲϐη
2729 2750 2825 2804 τοῦ
2861 2750 3084 2814 κανόνος
3131 2749 3220 2803 τοῦ
3269 2747 3649 2818 ἑϐδοματικοῦ.

2068 2845 2457 2914 Παρετήρησεν
2503 2843 2532 2895 0
2569 2842 2775 2913 Πέτρος
2824 2844 2905 2896 ὅτι
2943 2841 3122 2896 κανὼν
3165 2841 3513 2913 παραδόσεως
3560 2840 3654 2909 ἀρ-

2066 2936 2218 3006 χαῖός
2251 2939 2390 2996 ἑστι,
2439 2935 2538 3005 τὴν
2566 2934 2838 3004 ἑϐδομάδα
2869 2933 3105 3006 ἔμφασιν
3149 2933 3292 3004 ἔχειν
3354 2933 3500 2995 τινὸς
3551 2933 3656 2999 ἀφ-

376 3025 548 3087 έσεως
581 3025 1014 3096 ἁμαρτημάτων,
1043 3027 1406 3091 ἀναπαύσεως
1429 3028 1659 3092 τελείας,
1690 3021 1752 3082 οὗ
1777 3033 2004 3101 σημεῖον
2034 3032 2095 3086 τὸ
2117 3031 2386 3086 σάϐϐατόν
2413 3031 2624 3099 ἑστιν,ή
2683 3030 2885 3102 ἑϐδόμη
2933 3031 3113 3102 ἡμέρα
3140 3029 3248 3083 ἀπὸ
3274 3031 3565 3096 γενέσεως.
3599 3026 3655 3077 Ὁ

379 3115 605 3189 Πέτρος,
630 3119 879 3182 ἑπτάκις,
907 3121 936 3172 ὀ
957 3119 1160 3189 Κύριος
1187 3120 1291 3183 ἓως
1321 3119 1784 3191 ἑϐδομηκοντάκις
1807 3122 1971 3175 ἑπτά.

449 3208 718 3262 Caeterum
751 3209 914 3264 etiam
949 3223 1170 3278 peccata
1211 3210 1414 3278 septies
1449 3209 1772 3278 puniuntur.
1807 3208 1957 3263 Non-

380 3298 450 3352 :ie
483 3297 563 3350 sic
610 3301 715 3350 ait:
745 3316 764 3349 ι
819 3297 922 3363 Qui
952 3298 1216 3354 occiderit
1243 3299 1404 3362 Cain,
1430 3299 1738 3368 septuplum
1770 3302 1964 3370 punie-

380 3399 473 3442 tur
495 3388 586 3443 ⁸⁸2
614 3407 636 3442 ι
671 3387 853 3458 Neque
880 3389 992 3443 illic
1013 3392 1296 3460 octuplum
1323 3389 1483 3450 dixit,
1509 3388 1605 3444 sed
1631 3391 1960 3460 septuplmn.

381 3479 522 3546 Quid
556 3479 679 3533 ita?
708 3495 1006 3552 parumper
1036 3488 1318 3550 exspecta,
1358 3489 1412 3534 et
1451 3481 1772 3551 mysterium
1815 3481 1965 3534 inve-

383 3570 524 3624 nies.
557 3567 803 3623 Primum
848 3577 1135 3641 peccatum
1167 3569 1306 3622 Cain
1345 3569 1600 3639 septuplo
1628 3569 1963 3634 vindicatur,

381 3659 628 3714 secunda
675 3660 854 3716 credes
905 3658 1140 3715 Lamech
1203 3661 1628 3731 septuagecuplo
1689 3663 1962 3732 septuplo.

389 3768 408 3800 ‹
443 3747 579 3802 Nam
663 3753 948 3824 septupla,
1012 3769 1031 3801 ι
1074 3749 1272 3819 inquit,
1335 3769 1352 3801 ι
1430 3751 1567 3804 ultio
1619 3751 1844 3806 dabitur
1899 3752 1968 3806 de

382 3839 546 3904 Cain,
577 3841 644 3896 de
675 3839 912 3896 Lamecb
950 3857 1078 3896 vero
1106 3844 1417 3912 septuagies
1446 3843 1717 3914 septies”.
1743 3862 1762 3896 ι
1781 3844 1969 3915 Itaque

385 3933 434 3988 si
489 3933 717 4003 septima
761 3932 926 3986 'Petri
991 3933 1244 3990 dimissio
1289 3937 1355 3989 ad
1390 3935 1528 3991 Cain
1571 3937 1832 3993 ultionem
1885 3953 1968 3992 rec

388 4025 578 4086 fertur,
651 4027 1323 4098 septuagesima-septima
1350 4029 1740 4084 condemnatio
1768 4031 1834 4084 ad
1870 4028 1971 4082 La-

386 4118 544 4172 mech
577 4119 839 4172 ultionem
864 4117 1146 4179 referetur.
1174 4126 1232 4172 ut
1265 4131 1536 4190 quantum
1567 4123 1827 4176 delictum
1861 4130 1967 4186 est,

385 4217 542 4264 tanta
575 4209 648 4263 sit
700 4210 864 4264 etiam
923 4211 1121 4281 gratia,
1160 4219 1218 4267 et
1273 4212 1364 4266 ubi
1401 4229 1627 4283 parvum
1683 4214 1969 4277 delictum,

387 4316 555 4378 parva
587 4302 784 4356 venia:
843 4321 861 4352 ι
915 4304 1006 4358 cui
1037 4302 1184 4356 enim
1236 4318 1430 4373 parum
1490 4303 1722 4368 dimisit,
1775 4319 1969 4374 parum

385 4391 556 4447 etiam
595 4400 743 4446 amat
772 4394 810 4446 ί.
853 4393 952 4449 Ubi
988 4393 1290 4449 abundavit
1313 4394 1593 4459 delictum,
1634 4396 1976 4464 superabun-

387 4481 538 4536 davit
567 4490 622 4536 et
655 4482 828 4550 gratia
854 4482 895 4535 '.
946 4502 965 4534 ι
1021 4481 1247 4552 Ecquod
1305 4499 1438 4554 ergo
1490 4485 1808 4555 mysterium
1840 4487 1966 4540 est“!

2124 3231 2188 3284 Ai
2225 3228 2485 3298 ἁμαρτίαι
2511 3221 2850 3278 ἐκδικοῦνται
2867 3220 3114 3281 ἑπτάκις.
3135 3219 3246 3288 Οὑχ
3275 3216 3467 3282 οὑτως,
3491 3236 3509 3268 ι
3533 3221 3652 3283 Πᾶς

2058 3328 2088 3380 0
2115 3323 2440 3385 ἀποκτείνας
2477 3319 2639 3380 Κάῖν,
2681 3317 2822 3370 ἑπτά
2855 3312 3213 3384 ἑκδικοὺμενα
3242 3311 3587 3384 παραλύσας
3628 3333 3650 3365 ι

2060 3417 2197 3472 Οὐδὲ
2243 3416 2360 3469 ἐκεῖ
2393 3411 2556 3477 ὀκτὼ,
2589 3409 2727 3464 ἀλλά
2765 3408 2924 3461 ἑπτά.
2960 3405 3173 3476 Μικρὸν
3210 3405 3518 3475 ἀνάμεινον,
3555 3407 3655 3459 καὶ

2061 3508 2316 3580 εὑρήσεις
2335 3503 2394 3557 τὸ
2418 3503 2732 3573 μυστήριον.
2753 3498 2952 3570 Πρώτη
2975 3496 3219 3568 ἁμαρτία
3248 3497 3478 3560 ἑπτάκις
3503 3497 3658 3550 ἑκδιο

2069 3601 2248 3651 κεῖται
2269 3613 2283 3627 ο
2317 3597 2566 3665 δεύτερος
2615 3593 2772 3662 φόνος
2808 3592 2901 3644 τοῦ
2936 3592 3128 3661 Λάμεχ
3179 3587 3647 3660 ἑϐδομηκοντάκις

2071 3681 2231 3735 ἑπτά.
2266 3679 2428 3748 Λέγει
2449 3677 2586 3747 γὰρ.
2617 3677 2698 3729 ὅτι
2737 3693 2755 3726 ι
2805 3676 2899 3728 Ἐκ
2924 3674 3064 3728 Κάῖν
3096 3671 3434 3742 ἑκδεδίκηται
3476 3670 3650 3723 ἑπτάο

2071 3782 2177 3829 κις,
2230 3767 2295 3817 ἑκ
2341 3763 2397 3816 δὲ
2446 3761 2636 3831 Λάμεχ
2689 3758 3150 3830 ἑϐδομηκοντάκις
3207 3757 3366 3810 ἑπτά.
3414 3773 3434 3806 a
3479 3755 3543 3806 'H
3588 3754 3649 3804 δὲ

2071 3853 2189 3904 ἑκεῖ
2214 3849 2407 3916 ἄφεσις
2437 3845 2588 3916 παρά
2627 3845 2816 3914 Πέτρῳ
2861 3842 3086 3912 ἑϐδόμη,
3129 3839 3408 3908 ἀνάγουσα
3438 3839 3504 3906 τῇ
3552 3839 3650 3888 ἑκ-

2075 3934 2287 3997 δικήσει
2316 3929 2408 3983 τοῦ
2452 3930 2614 3995 Κάῐν,
2666 3927 3013 3998 συγχώρησις
3055 3925 3210 3996 παρὰ
3245 3921 3449 3993 Κυρίου
3488 3919 3650 3971 ἑϐδο-

2078 4017 2411 4092 μηκοντάκις
2447 4015 2608 4075 ἑπτὰ.
2634 4014 2710 4077 ὡς
2741 4014 3064 4082 κατάκρισις
3093 4010 3171 4081 τῷ
3194 4011 3385 4080 Λάμεχ
3416 4006 3653 4075 ἑϐδομηο

2073 4107 2328 4168 κοντάκις
2352 4103 2514 4158 ἑπτά.
2533 4103 2698 4156 Ὅσον
2720 4101 2781 4154 τὸ
2799 4101 3172 4171 παράπτωμα,
3192 4095 3443 4150 τοσοῦτον
3471 4095 3566 4148 καὶ
3590 4094 3652 4146 τὸ

2073 4197 2319 4268 χάρισμα
2339 4210 2353 4224 ο
2378 4195 2511 4246 ὅπου
2539 4191 2696 4260 ὀλίγη
2724 4193 2758 4260 ή
2791 4187 3056 4260 ἁμαρτία,
3073 4185 3230 4254 ὀλίγη
3259 4185 3355 4238 καὶ
3379 4185 3412 4253 ή
3431 4183 3651 4268 ἄφεσις.

2079 4267 2178 4354 ιᾯ
2194 4283 2300 4352 γὰρ
2319 4281 2528 4351 ἀφῆκεν
2545 4279 2744 4346 ὀλίγον,
2762 4277 2940 4346 ὀλίγον
2959 4274 3055 4328 καὶ
3071 4273 3262 4343 ἀγαπᾷ
3282 4289 3295 4302 ·
3310 4272 3444 4324 ὅπου
3465 4267 3655 4354 ἐπλεό-

2074 4353 2237 4425 νασεν
2268 4371 2301 4440 ὴ
2329 4367 2592 4440 ἁμαρτία,
2619 4362 3202 4436 ὑπερεπερίσσευσενή
3234 4360 3444 4430 χάρις.»
3472 4355 3536 4408 Τί
3559 4353 3655 4408 οἷν

2075 4459 2192 4512 ἑστι
2221 4458 2285 4510 τὸ
2319 4458 2651 4527 μυστήριονς
2691 4453 2880 4522 Ὀγδόη
2930 4451 3147 4520 λέγεται
3183 4448 3364 4519 ἡμέρα
3395 4448 3422 4498 0
3457 4443 3594 4499 αἰὼν
3627 4447 3657 4496 0

388 4572 620 4640 septima
654 4571 776 4628 dies
809 4573 1014 4626 dicitur
1051 4531 1265 4644 tempus
1291 4531 1507 4642 judicii,
1537 4531 1590 4629 ἥδη
1623 4592 1732 4645 quo
1758 4587 1814 4631 et
1848 4593 1963 4647 pec-

2074 4546 2177 4616 τῆς
2225 4545 2480 4616 κρίσεως.
2521 4544 2578 4595 ἑν
2627 4535 2672 4609 ᾧ
2719 4543 2748 4594 ό
2795 4537 3118 4610 ἁμαρτωλὸς
3163 4535 3414 4597 ἑπτάκις,
3457 4534 3486 4585 ὁ
3529 4531 3656 4647 καί

389 4671 545 4718 cator
575 4664 778 4733 septies
823 4665 1071 4733 punitur,
1121 4673 1177 4718 et
1215 4664 1418 4719 eximle
1456 4677 1715 4735 peccator
1748 4677 1970 4738 septua-

389 4756 507 4823 gies
537 4756 786 4824 septies;
835 4757 1024 4824 justus
1051 4757 1291 4826 septies,
1334 4767 1389 4812 et
1431 4757 1632 4813 eximie
1667 4759 1852 4829 justus
1885 4776 1974 4816 se-

391 4848 641 4918 ptuagies
706 4848 913 4918 septies
944 4858 1346 4904 remuneratur.
1380 4849 1473 4904 Dei
1530 4850 1842 4922 benignitas
1877 4869 1971 4922 per

390 4936 682 5007 atnigmata
716 4953 866 4994 nunc
889 4931 1112 5010 quidem
1143 4941 1323 4994 futura
1358 4939 1516 4995 nobis
1547 4941 1820 4997 ostendit:
1844 4955 1974 4999 tunc

392 5038 576 5084 autem
612 5032 732 5101 ipso
787 5041 1059 5102 prtesente
1121 5034 1411 5103 perspicua
1439 5042 1496 5086 et
1547 5033 1837 5089 manifesta
1869 5037 1975 5088 erit

393 5121 618 5177 veritas.
646 5122 800 5178 Tunc
822 5127 969 5179 enim
1002 5126 1230 5194 patebit.
1251 5127 1452 5195 quibus
1473 5125 1710 5196 quisque
1739 5127 1973 5196 praemiis

395 5215 468 5269 sit
497 5215 717 5285 dignus.
753 5217 1071 5287 Septuplam
1107 5219 1273 5289 igitur
1299 5219 1562 5273 ultionem
1593 5218 1752 5272 nobis
1784 5233 1970 5287 pecca-

395 5306 610 5361 toribus
641 5307 874 5362 debitam
905 5307 1172 5365 Dominus
1213 5308 1567 5370 condonabit.
1599 5309 1644 5362 si
1703 5323 1799 5377 per
1841 5323 1974 5361 con-

399 5397 696 5453 fessionem
735 5412 788 5454 et
821 5401 1201 5469 pmnitentiam
1242 5403 1330 5456 hic
1379 5416 1504 5455 eum
1555 5400 1973 5471 placat-erimus.

397 5489 786 5556 Quamobrem,
821 5507 944 5546 cum
991 5491 1397 5547 formidandum
1457 5492 1611 5546 illum
1670 5493 1813 5545 diem
1868 5508 1977 5545 non

401 5582 736 5651 ignoremus,
772 5583 1143 5656 ultionemque
1190 5584 1578 5655 peccatoribus
1639 5592 1974 5640 reservatam

2078 4632 2382 4706 ὑπερϐολὴν
2428 4630 2889 4702 ἑϐδομηκοντάκις
2918 4627 3078 4688 ἑπτὰ,
3114 4623 3548 4694 ἑκδικηθὴσεται.
3597 4621 3658 4672 Ὁ

2079 4723 2284 4784 δίκαιος
2315 4719 2543 4783 ἑπτάκις
2575 4719 2937 4788 τιμηθήσεται
2963 4733 2975 4744 ·
3027 4716 3056 4766 0
3095 4711 3218 4765 καθ’
3249 4706 3554 4779 ὑπερϐολὴν
3582 4706 3660 4758 δί-

2080 4827 2254 4873 καιος,
2288 4805 2748 4877 ἑϐδομηκοντάκις
2779 4805 2937 4857 ἑπτά.
2977 4803 3040 4854 Ἡ
3064 4798 3158 4853 τοῦ
3180 4797 3315 4853 Θεοῦ
3346 4794 3658 4866 φιλανθρω-

2077 4894 2177 4946 πία
2201 4893 2297 4946 νῦν
2330 4891 2428 4962 μὲν
2460 4890 2528 4943 δι’
2574 4888 2910 4959 αἰνιγμάτων
2941 4887 3075 4956 ἡμῖν
3115 4884 3184 4937 τά
3217 4882 3479 4954 μέλλοντα
3518 4880 3659 4931 ὑπο-

2079 4976 2291 5046 φαίνει·
2322 4975 2441 5026 τότε
2468 4973 2526 5025 δὲ
2571 4972 2663 5024 ἐπὶ
2691 4971 2790 5040 τῆς
2821 4969 3124 5040 παρουσίας
3153 4965 3389 5036 ἐναργὴς
3433 4964 3541 5046 καὶ,
3571 4979 3662 5014 τε·

2074 5045 2396 5131 τρανωμένη
2453 5055 2598 5108 ἐστὶν
2642 5055 2674 5125 ή
2711 5053 2959 5122 ἀλήθεια.
3001 5049 3177 5115 Δείξει
3215 5051 3324 5119 γάρ
3372 5047 3458 5109 τίς
3494 5045 3660 5131 τίνων

2079 5130 2232 5197 ἐστὶν
2259 5141 2427 5208 ἄξιος.
2471 5137 2871 5192 Ἐπταπλάσιον
2899 5136 3079 5189 τοίνυν
3109 5137 3244 5204 ἡμῖν
3267 5132 3366 5202 τὴν
3386 5130 3662 5183 ἀντίδοσιν

2079 5224 2530 5299 χρεωστουμένην
2559 5225 2672 5285 τοῖς
2708 5220 3049 5292 ἁμαρτωλοῖς
3083 5217 3431 5288 συγχωρήσει
3468 5215 3498 5266 0
3538 5212 3660 5265 Κύ-

2087 5331 2222 5385 ριος,
2256 5311 2489 5365 ἐνταῦθα
2519 5308 2610 5362 διὰ
2637 5311 2736 5378 τῆς
2763 5305 3201 5378 ἑξομολογήσεως
3231 5303 3325 5358 καὶ
3365 5301 3660 5385 μετανοίας

2081 5383 2385 5464 ἑξιλεωθεὶς
2414 5393 2543 5465 παρ’
2595 5393 2786 5463 ἡμῶν·
2830 5391 2971 5444 ὥστε
3020 5388 3221 5451 είδότες
3267 5385 3366 5456 τὴν
3417 5383 3662 5455 φοϐεράν

2080 5481 2294 5551 ἐκείνην
2339 5479 2553 5551 ἡμέραν
2618 5475 2715 5547 τὴν
2763 5474 3162 5544 ταμιευομένην
3207 5469 3480 5524 ἀντίδοσιν
3545 5471 3661 5531 τοῖς

2077 5564 2447 5636 ἡμαρτηκόσι,
2481 5562 2581 5633 τὴν
2614 5560 2746 5632 πρὸς
2771 5559 2926 5625 ἀξίαν
2951 5558 3060 5610 τῶν
3096 5551 3660 5625 πεπλημμελημὲνων

471 5698 516 5774 ξ’
552 5697 712 5753 Prov.
731 5717 866 5774 ‘xw,
908 5703 991 5758 16.
1069 5705 1114 5738 ’⁸
1151 5703 1314 5759 Hebr.
1339 5719 1416 5772 XI,
1449 5702 1471 5757 ‘l
1511 5718 1632 5774 sqq.
1701 5703 1743 5736 ’⁷
1771 5700 1962 5758 Matth.

2069 5716 2169 5767 .-m,
2200 5700 2291 5754 ἓξ.
2349 5699 2398 5731 ⁷⁸⁸
2420 5697 2552 5753 Gen.
2582 5713 2630 5752 tv
2665 5734 2679 5758 ,
2713 5694 2800 5750 15.
2833 5695 2878 5728 ⁹⁹
2911 5695 3041 5754 ibid.
3072 5694 3162 5749 ει.
3222 5699 3237 5726 ¹
3277 5693 3409 5750 Luc.
3441 5711 3539 5760 vn,
3576 5694 3667 5749 47.

403 5766 429 5802 ⁸
459 5771 615 5826 item.
647 5787 698 5837 ν,
725 5769 816 5826 20.
