3886 6214
189 194 305 250 239

920 190 985 245 IN
1023 188 1267 251 VERBA,
1294 186 1673 244 FACIAMUS
1714 184 2110 251 HOMINEM,
2147 183 2324 249 ETC.,
2361 181 2567 238 ORAT.
2599 181 2666 236 ιι.

3350 176 3459 231 290

191 307 611 378 ἀντιμέτρησιν,
654 303 1019 376 προλαϐόντες
1042 303 1131 357 διὰ
1167 304 1267 374 τῆς
1304 302 1611 374 μετανοίας,
1653 302 1786 355 ἀνα-

1901 299 2190 354 scelcrihus
2222 312 2409 352 eorum
2437 301 2848 366 congruentem,
2882 299 3307 353 antevertamus,
3335 306 3461 360 pec-

192 399 455 469 λύσωμεν
490 397 560 450 τὰ
594 398 991 468 ἁμαρτήματα,
1028 396 1113 450 ἵνα
1143 397 1260 448 ἐκεῖ
1294 394 1385 448 τὸν
1418 394 1787 447 πολυπλασια-

196 490 342 559 σμὸν
368 489 467 559 τῆς
499 487 819 549 ἀντιδόσεως
847 487 939 539 τὸν
983 485 1242 538 ἐπίπονον
1271 484 1619 553 ἐκφύγωμεν.
1660 481 1784 535 Ἐϐ-

194 581 373 650 δόμην
403 580 580 633 τοίνυν
621 579 793 651 αὐτὴν
822 578 1036 649 ἡμέραν
1071 575 1287 646 ἐκείνης
1324 576 1426 646 τῆς
1462 574 1654 644 ὀγδόης
1686 574 1787 644 τῆς

199 670 517 734 συντελείας
561 670 657 723 τοῦ
690 669 888 732 αἰῶνος
924 667 1188 739 εἴπωμεν.
1211 686 1229 720 ι
1259 667 1366 720 Καὶ
1386 667 1735 720 κατέπαυσεν
1758 669 1787 719 ό

94 765 115 781 ⁸
197 764 338 825 Θεὸς
368 761 474 815 ἀπὸ
506 755 613 810 τῶν
632 754 823 827 ἔργων.
852 772 873 806 ι
916 758 1112 812 Οὐκέτι
1156 758 1294 829 ἔργα
1337 758 1429 810 τοῦ
1481 758 1685 826 κόσμου
1728 759 1787 810 ἐν

198 854 393 925 ἐκείνῃ
425 855 491 923 τῇ
531 850 739 923 ἡμέρᾳ,
771 849 953 903 οὐκέτι
981 848 1170 919 γάμοι,
1202 848 1387 901 οὐκέτι
1416 847 1789 918 συναλλαγμά-

196 961 313 997 των
356 945 667 1013 ἐμπορεῐαι,
720 940 984 1010 γεωργίαι
1024 939 1230 1003 οὐκέτι,
1281 937 1417 991 ἀλλά
1455 939 1605 991 πᾶσα
1641 940 1675 1008 ή
1714 938 1787 1008 γῆ

200 1031 542 1101 ἐπτοημένη,
580 1032 785 1100 πᾶσαή
820 1030 997 1093 κτίσις
1028 1028 1341 1097 ἐναγώνιος,
1377 1028 1537 1099 ἱδρὼς
1571 1030 1789 1099 ἀπαρα-

204 1122 470 1193 μύθητος,
502 1122 595 1175 καὶ
623 1123 673 1174 οἱ
703 1121 903 1174 δίκαιοι
931 1119 1235 1188 ἐναγώνιοι,
1261 1119 1345 1184 τίς
1371 1136 1502 1173 ποτε
1529 1119 1637 1191 ἀρα
1662 1120 1790 1192 περὶ

202 1214 387 1267 αὐτῶν
416 1216 451 1284 ὴ
479 1214 659 1283 ψῆφος
709 1213 1140 1284 ἐξενεχθήσεται.
1181 1214 1292 1267 Καὶ
1345 1212 1597 1284 Ἀϐραὰμ
1645 1214 1791 1281 ἀγω-

204 1306 387 1359 νιάσει
442 1306 595 1369 τότε,
646 1306 746 1374 οὐχ
808 1305 897 1357 ἵνα
970 1305 1340 1376 καταδικασθῇ
1402 1307 1482 1368 εἰς
1533 1305 1788 1373 γέενναν,

199 1396 319 1449 ἀλλ’
348 1398 405 1449 ἐν
438 1396 569 1467 ποίᾳ
598 1395 748 1462 τάξει
786 1395 894 1448 τῶν
925 1394 1146 1449 δικαίων
1174 1398 1505 1467 ταχθήσεται
1525 1413 1539 1427 ·
1576 1395 1790 1467 πρώτῃ,

196 1487 232 1553 ἦ
264 1487 517 1557 δευτέρᾳ,
552 1485 794 1557 ἥτρίτῃ.
840 1484 1043 1556 Κύριος
1083 1485 1141 1550 ἐξ
1184 1482 1449 1555 οὐρανῶν,
1489 1484 1584 1536 καὶ
1624 1484 1672 1535 οί
1704 1483 1794 1535 οὐ-

201 1579 360 1647 ρανοὶ
410 1578 733 1647 ῥήγνυνται,
789 1573 1017 1645 δύναμις
1054 1574 1515 1637 ἀποκαλύπτεται,
1567 1576 1716 1627 πᾶσα
1755 1576 1789 1645 ἠ

1886 396 2127 458 cataque
2173 398 2361 444 nostra
2400 386 2774 456 resipiscendo
2831 386 3127 447 diluamus,
3161 391 3219 436 ut
3269 397 3468 452 poenas

1888 480 2014 536 illas
2036 479 2395 549 gravissimas
2421 482 2707 532 evitemus.
2736 476 3131 547 Septimus‘bic
3160 476 3325 544 igitur
3345 475 3472 529 dies

1886 573 2105 642 septimi
2135 572 2284 627 illius
2312 572 2441 634 diei,
2471 585 2581 640 quo
2602 584 2775 623 aevum
2811 583 2973 621 omne
3007 566 3308 635 perfectum
3335 567 3467 629 erit,

1886 674 1971 718 est
2006 664 2268 717 indicium
2300 672 2355 716 et
2387 670 2538 715 nota.
2592 676 2609 709 ι
2642 659 2708 713 Et
2730 659 2988 730 requievit
3012 659 3148 712 Deus
3163 658 3235 710 ab
3283 658 3466 727 operi—

1888 755 2014 811 bus.
2033 776 2053 809 ›
2080 756 2229 813 Nulla
2246 758 2479 827 amplius
2505 752 2690 806 mundi
2721 766 2885 820 opera
2948 758 3107 805 erunt
3137 751 3191 803 in
3219 750 3313 803 illo
3341 749 3468 812 die,

1888 848 2052 901 nullze
2080 845 2315 915 amplius
2347 846 2571 913 nuptias,
2605 858 2714 897 non
2740 850 3081 904 contractus,
3116 856 3223 897 non
3251 856 3468 895 merca-

1888 947 2046 1003 tura},
2076 954 2186 992 non
2219 938 2332 1008 agri
2372 937 2576 996 cultus.
2613 935 2707 990 sed
2770 933 2950 989 omnis
2985 942 3132 987 terra
3187 932 3242 986 in
3277 931 3466 985 formis

1890 1032 2016 1086 dine
2045 1040 2099 1085 et
2127 1039 2295 1092 metu,
2341 1045 2531 1083 «mines
2579 1044 2664 1082 res
2696 1034 2997 1097 procreatae
3048 1026 3103 1078 in
3154 1023 3365 1096 judicio
3413 1029 3471 1077 et

1891 1122 2197 1176 certamine
2227 1122 2611 1174 versabuutur.
2639 1117 2839 1181 Sudor,
2879 1125 2935 1171 et
2971 1116 3124 1171 labor
3172 1114 3472 1171 incredibi-

1891 1214 1978 1268 lis.
2012 1211 2117 1283 lpsi
2151 1213 2317 1267 etiam
2352 1212 2483 1280 justi
2524 1226 2650 1265 cum
2675 1211 2871 1264 timore
2910 1208 3235 1264 sententiam
3270 1221 3470 1275 exspe-

1890 1306 2137 1359 ctahunt.
2170 1303 2281 1358 Nec
2314 1305 2426 1374 ipse
2449 1303 2721 1357 Abraham
2746 1318 2776 1355 a
2802 1301 3104 1357 certamine
3126 1299 3325 1363 aberit,
3358 1313 3470 1351 non

1893 1405 1952 1449 ιιι
1989 1398 2045 1450 in
2074 1396 2376 1466 gehennam
2424 1395 2740 1463 abjiciatur,
2791 1393 2885 1448 sed
2947 1393 3000 1446 in
3032 1406 3142 1461 quo
3197 1390 3469 1460 iustorum

1893 1484 2084 1538 ordine
2117 1484 2437 1546 collocetur,
2472 1484 2741 1553 primone,
2777 1498 2844 1537 an
2876 1482 3141 1547 secundo,
3175 1496 3243 1534 an
3289 1480 3469 1534 tertio.

1896 1573 2158 1629 Dominus
2195 1590 2226 1628 e
2257 1575 2436 1638 cmlis,
2491 1574 2913 1642 disrumpuntur
2960 1574 3108 1628 celi.
3165 1571 3477 1626 Potestates

200 1668 382 1730 κτίσις
424 1667 705 1736 ἔντρομος.
753 1665 847 1728 Τίς
902 1664 1135 1733 ἀφοϐος;
1187 1665 1307 1719 οὐδὲ
1357 1665 1595 1733 ἄγγελοι.
1644 1667 1794 1736 Παρ-

1901 1679 2178 1738 apparent.
2233 1669 2515 1725 Universae
2572 1685 2658 1724 res
2712 1674 3014 1738 procreata:
3065 1663 3471 1735 perterrefacta:

205 1761 454 1813 ίστανται
506 1759 600 1811 καὶ
635 1757 789 1810 αὐτοὶ
821 1756 883 1809 οὐ
924 1756 1081 1823 λόγον
1122 1755 1198 1826 τῷ
1245 1755 1364 1826 Θεῷ
1413 1756 1625 1809 δοῦναι’
1680 1755 1794 1808 ἀλλ’

203 1848 358 1917 ὅμως
395 1848 429 1916 ή
472 1846 679 1910 ἔνδοξος
724 1846 1013 1915 ἐπιφάνεια
1076 1846 1240 1897 πᾶσιν
1286 1843 1546 1914 ἐμϐάλλει
1572 1843 1792 1914 τρόμον.

207 1940 325 1991 Οὐκ
372 1937 586 2001 ἀκούεις
638 1935 730 1989 τοῦ
783 1937 1006 1989 Ἡσαΐου
1075 1935 1353 2005 λέγοντοςο
1411 1936 1536 1989 Ἐὰν
1578 1936 1798 2010 ἀνοίξῃς

205 2028 298 2079 τὸν
336 2026 582 2099 οὐρανὸν,
634 2027 833 2097 τρόμος
870 2025 1097 2095 λήψεται
1140 2026 1248 2079 ἀπὸ
1298 2025 1392 2079 σοῦ
1438 2026 1573 2097 ὅρη;
1621 2026 1710 2080 Ἐν
1764 2019 1798 2098 ᾗ

207 2118 456 2171 θάλασσα
497 2117 766 2186 πέπηγεν,
798 2119 856 2169 ἐν
967 2118 1001 2187 ή
1031 2117 1205 2180 κτίσις
1236 2117 1506 2187 σχολάσει,
1553 2118 1587 2189 ἡ
1637 2116 1798 2187 φύσις

204 2210 559 2279 νενέκρωται,
596 2208 717 2261 τότε
757 2206 1093 2278 ἀρπάζονται
1125 2208 1173 2259 οἱ
1204 2208 1424 2273 δίκαιοι,
1465 2208 1585 2262 τότε
1614 2208 1799 2279 ὄχημα

206 2300 318 2351 τῶν
346 2298 569 2352 δικαίων
601 2298 837 2367 νεφέλαι,
864 2299 983 2352 τότε
1007 2299 1213 2369 πομποὶ
1248 2299 1355 2353 τῶν
1379 2300 1599 2354 δικαίων
1628 2300 1798 2369 ἀγγε-

205 2391 311 2453 λοι,
339 2390 459 2442 τότε
487 2389 680 2442 δίκαιοι
715 2388 814 2458 μὲν
837 2389 912 2450 ὡς
938 2390 1162 2460 ἀστέρες
1196 2390 1306 2443 ἀπὸ
1334 2391 1436 2462 γῆς
1465 2393 1544 2454 είς
1571 2392 1798 2462 οὐρανὸν

202 2480 712 2551 ἀναλαμϐανόμενοι
731 2495 745 2508 ·
786 2482 836 2533 oi
876 2480 933 2533 δὲ
962 2481 1274 2552 ἁμαρτωλοὶ
1313 2481 1546 2552 δέσμιοι,
1574 2482 1653 2552 τῷ
1682 2482 1798 2554 ίδίῳ

208 2573 372 2644 βάρει
400 2572 507 2624 τῶν
540 2571 950 2642 ἁμαρτημάτων
980 2573 1364 2642 πεπεδημένοι,
1394 2573 1545 2627 κάτω
1570 2573 1797 2627 πεσοῦνο

203 2679 304 2714 ται
334 2660 752 2730 δυσσυνείδητοι.

1892 1761 2349 1815 contremiscunt.
2382 1760 2518 1826 Quis
2550 1776 2658 1814 non
2692 1759 2923 1814 timeat?
2965 1759 3091 1827 quis
3128 1771 3237 1810 non
3284 1753 3481 1808 formi-

1894 1848 2006 1912 det,
2040 1865 2163 1904 cum
2192 1866 2261 1905 ne
2287 1852 2462 1921 angeli
2489 1851 2708 1921 quidem
2740 1864 2771 1902 a
2827 1856 2974 1902 metu
3023 1848 3134 1903 sint
3157 1845 3337 1907 vacui,
3376 1842 3480 1899 sed

1894 1942 2000 2011 ipsi
2030 1956 2248 2012 quoque
2274 1950 2441 2000 stent,
2474 1940 2726 2012 quamvis
2760 1940 3027 1994 rationem
3064 1936 3173 1990 Deo
3209 1952 3315 1990 non
3349 1934 3476 1988 red-

1896 2028 2067 2083 dituri
2097 2030 2121 2084 ?
2147 2030 2385 2099 gloriosa
2441 2039 2623 2083 tamen
2665 2029 2869 2099 judicia
2918 2028 3205 2097 praesentia
3270 2032 3477 2079 metum

1898 2120 2155 2176 omnibus
2186 2121 2381 2190 injicit.
2416 2120 2611 2176 Nonne
2664 2121 2824 2176 audis
2876 2121 3070 2175 Isaiam
3113 2117 3380 2172 dicentem
3402 2115 3424 2147 ³
3456 2129 3472 2165 :

1900 2211 1956 2266 Si
1981 2213 2288 2283 disruperis
2323 2216 2517 2273 caelos.
2543 2231 2572 2267 a
2604 2213 2745 2270 facie
2773 2223 2864 2268 tua
2890 2228 3001 2284 prae
3023 2215 3228 2267 timore
3258 2216 3478 2264 montes

1897 2305 2136 2360 deﬂuent
2158 2307 2179 2359 ?
2214 2306 2362 2362 Mare
2382 2308 2713 2377 conglaciat,
2733 2323 2822 2363 res
2843 2321 3036 2361 omnes
3057 2305 3474 2374 obstupescunt,

1899 2407 2094 2450 natura
2131 2405 2216 2452 est
2250 2406 2484 2463 mortua,
2516 2398 2584 2451 ad
2669 2398 2824 2451 illum
2882 2412 2913 2451 e
2966 2396 3125 2450 cmlis
3182 2394 3476 2447 adventum

1901 2486 2083 2542 omnis
2123 2486 2341 2542 dicendi
2398 2489 2541 2543 ratio
2590 2496 2771 2558 torpet
2802 2496 2857 2543 et
2921 2486 3268 2541 conticescit.
3323 2484 3479 2538 Tunc

1896 2577 2031 2645 justi
2074 2579 2295 2648 quidem
2330 2590 2389 2634 ut
2414 2582 2585 2636 stella:
2616 2581 2670 2634 in
2701 2582 2903 2635 coelum
2960 2579 3223 2633 tollentur
3246 2592 3276 2630 a
3307 2586 3475 2633 terra.

1902 2666 2226 2726 Peccatores
2257 2682 2438 2727 autem
2476 2673 2699 2743 proprio
2729 2679 3080 2743 peccatorum
3113 2669 3355 2739 pondere
3389 2668 3481 2722 de.

204 2751 391 2824 pressi
422 2750 918 2821 circumvolutique
946 2751 1204 2806 deorsum
1232 2751 1502 2819 ferentur,
1535 2755 1843 2825 turpissimi
1879 2774 1944 2815 ac
1973 2761 2401 2833 despectissimi.

299 2866 511 2938 Ἐκείνη
553 2870 587 2938 ή
629 2867 828 2939 ἑϐδόμη
873 2867 1053 2922 τοίνυν
1094 2870 1200 2923 ὐπὸ
1243 2870 1448 2939 ταύτης
1503 2872 1604 2942 τῆς
1651 2872 1801 2926 ἐϐδό-

208 2974 329 3027 μης
378 2927 878 3028 διασχηματίζέτάι.
934 2976 953 3007 ι
1017 2955 1124 3011 Καὶ
1175 2927 1518 3013 κατέπαυσεν
1671 2959 1804 3024 Θεὸς
1830 2927 1872 2984 C

206 3044 328 3097 ἀπὸ
388 3042 603 3097 πάντων
644 3043 753 3096 τῶν
808 3042 1004 3114 ἔργων.
1063 3061 1083 3095 ι
1148 3045 1343 3098 Οὐκέτι
1398 3045 1468 3099 τὰ
1529 3044 1625 3099 τοῦ
1688 3046 1802 3116 βίου

207 3131 408 3185 τούτου
440 3132 498 3184 ἐν
523 3130 708 3203 ἐκείνη
728 3133 794 3202 τῇ
829 3131 1031 3203 ήμέρᾳ.
1073 3133 1474 3205 Ἐκοιμήθησαν
1518 3134 1803 3207 ἐπιθυμίαι

206 3218 569 3290 νεωτερικαί·
610 3218 791 3271 οὐκέτι
826 3221 959 3289 περ).
996 3220 1175 3289 γάμου
1206 3219 1461 3291 πρόθεσις
1484 3236 1498 3250 '
1541 3220 1806 3292 ἐπιθυμία

211 3307 564 3370 παιδοποιίας
601 3306 815 3359 οὐκέτι·
874 3308 999 3379 περὶ
1039 3307 1239 3379 χρυσοῦ
1291 3309 1511 3381 φροντὶς
1555 3310 1801 3380 οὐδεμία.

227 3393 528 3448 Ἐπελάθου
581 3396 609 3446 ό
656 3394 988 3465 φιλάργυρος
1039 3392 1133 3447 τοῦ
1197 3394 1504 3465 βαλαντίου,
1543 3396 1804 3451 ἐπελάθου

212 3483 318 3550 τῆς
344 3482 449 3551 γῆς
479 3483 507 3534 ό
535 3481 917 3552 πολυκτήμων,
947 3480 1208 3535 ἐπελάθου
1246 3482 1404 3552 δόξης
1430 3483 1460 3535 ό
1487 3482 1803 3556 δοξομανής.

214 3570 403 3622 Πάντα
433 3570 613 3622 ἐκεῖνα
641 3566 840 3639 ἐξέπτη
874 3569 974 3638 τῆς
1000 3567 1257 3632 διανοίας.
1305 3570 1371 3623 Ἦ
1402 3570 1459 3623 δὲ
1500 3570 1643 3642 ψυχὴ
1671 3572 1807 3643 πρὸς

218 3653 299 3724 τῷ
332 3654 591 3722 φοϐοῦντί
639 3657 755 3707 ἐστι
774 3668 786 3681 ·
822 3654 960 3726 πρὸς
988 3656 1055 3725 τῇ
1093 3653 1389 3725 προσδοκίᾳ
1419 3654 1527 3709 τῶν
1555 3657 1801 3727 ἐπηρτη-

223 3737 404 3807 μένων
456 3738 665 3791 δεινῶν.
717 3738 884 3801 Φόϐος
932 3737 1041 3809 γὰρ
1085 3737 1279 3803 ἐξωθεί
1328 3739 1510 3791 πᾶσαν
1560 3738 1658 3809 τὴν
1696 3740 1800 3810 ἐμ-

220 3823 650 3893 πολιτευομένην
681 3826 800 3888 ταῖς
842 3825 1039 3896 ψυχαῖς
1084 3825 1242 3895 ἡμῶν
1289 3826 1508 3896 ἐμπαθῆ
1542 3826 1798 3878 διάνοιαν.

221 3908 403 3961 Ὅπου
441 3908 605 3975 φόϐος
630 3906 787 3972 Θεοῦ,
825 3909 1002 3962 πάντα
1031 3907 1351 3977 ἐξελήλαται
1378 3909 1449 3962 τὰ
1473 3908 1567 3962 τοῦ
1596 3910 1801 3973 πάθους

224 3988 560 4059 σπιλώματα
604 3992 668 4042 ἐκ
689 3990 788 4059 τῆς
816 3990 1056 4052 διανοίας
1094 3990 1275 4061 ἡμῶν.
1330 3990 1478 4061 Αὕτη
1512 3994 1545 4058 ἡ
1597 3991 1803 4062 ἑϐδόμη

218 4072 439 4143 ἐκείνης
465 4074 565 4142 τῆς
592 4068 824 4144 ἑϐδόμης
853 4075 1039 4136 τύπος.
1081 4074 1313 4130 Ἔλαϐεν
1340 4071 1433 4129 οὖν
1461 4078 1488 4129 ό
1520 4076 1651 4139 Θεὸς
1675 4076 1803 4146 χοῦν

217 4157 333 4209 ἀπὸ
383 4157 486 4224 τῆς
533 4158 657 4227 γῆς,
706 4158 802 4210 καὶ
835 4157 1071 4210 ἔπλασεν
1117 4159 1146 4210 ό
1185 4158 1318 4222 Θεὸς
1359 4159 1452 4212 τὸν
1494 4160 1800 4230 ἄνθρωπον.

1979 2854 2258 2927 Septimus
2292 2859 2459 2927 igitur
2490 2860 2582 2914 ille
2607 2859 2725 2915 dies
2761 2860 2830 2913 ab
2873 2859 2979 2915 hoc
3013 2860 3247 2931 septimo
3295 2858 3478 2915 decla-

1906 2960 2080 3005 ratur.
2113 2970 2132 3003 ι
2180 2951 2243 3005 Et
2271 2953 2538 3022 requievit
2578 2952 2719 3007 Deus
2749 2952 2838 3007 die
2864 2952 3095 3023 septimo
3122 2952 3189 3006 ab
3221 2949 3480 3005 omnibus

1906 3044 2167 3112 operibus
2195 3045 2332 3100 suis.
2375 3064 2394 3097 ι
2433 3044 2564 3111 Quae
2594 3045 2659 3099 ad
2696 3046 2864 3101 vitam
2906 3045 3047 3100 hanc
3086 3044 3378 3114 pertinent.
3411 3058 3479 3098 eo

1904 3135 1993 3190 die
2020 3150 2127 3189 non
2153 3148 2337 3190 erunt.
2395 3136 2693 3202 Quiescent
2747 3134 3011 3203 juvenum
3060 3135 3263 3189 studia.
3319 3133 3477 3187 Nulla

1906 3226 2009 3281 erit
2040 3226 2109 3280 de
2145 3228 2355 3297 nuptiis
2389 3228 2725 3281 consultatio
2754 3245 2768 3294 ;
2801 3228 2950 3281 nulla
2999 3224 3477 3296 suscipiendorum

1907 3316 2203 3371 liberorum
2258 3316 2613 3382 sollicitudo;
2653 3316 2801 3369 nulla
2856 3314 3083 3384 parandi
3129 3313 3248 3367 auri
3300 3324 3476 3377 cura;

1908 3407 2134 3470 saeculi,
2164 3413 2220 3460 et
2253 3421 2397 3460 arca!
2422 3420 2621 3460 avarus
2653 3404 3028 3460 obliviscetur.
3080 3401 3197 3457 Non
3247 3400 3478 3471 praedio-

1908 3512 2028 3551 rum
2064 3498 2330 3567 locuples,
2366 3512 2475 3553 non
2507 3498 2737 3552 honoris
2767 3508 2820 3552 et
2843 3496 3002 3550 famae
3030 3495 3379 3555 ambitiosus,
3424 3500 3479 3547 et

1907 3588 2095 3657 gloria!
2148 3588 2383 3658 cupidus
2439 3586 2833 3642 recordabitur.
2886 3585 3011 3639 Haec
3072 3584 3252 3638 omnia
3287 3582 3479 3653 procul

1909 3680 2143 3734 aberunt
2173 3695 2201 3732 a
2229 3681 2435 3733 nostris
2468 3679 2917 3750 cogitationibus.
2942 3677 3174 3731 Animus
3201 3677 3254 3730 in
3282 3677 3481 3729 timore

1907 3771 2239 3825 constitutus
2272 3770 2339 3823 ad
2376 3784 2558 3824 rerum
2584 3769 2988 3823 imminentium
3015 3767 3477 3838 exspectationem

1908 3861 2221 3917 evcubabit.
2254 3860 2442 3915 Timor
2471 3862 2617 3916 enim
2641 3876 2857 3915 omnem
2887 3861 3046 3914 aliam
3093 3858 3476 3929 cogitationem

1907 3955 1976 4008 ab
2001 3954 2200 4009 animis
2234 3954 2443 4009 nostris
2475 3954 2731 4021 expellet.
2763 3952 2896 4006 Nam
2935 3951 3025 4006 ubi
3067 3951 3158 4006 Dei
3190 3952 3353 4004 timor
3380 3950 3479 4004 ad-

1906 4051 2013 4109 est,
2035 4045 2198 4100 nulla:
2221 4044 2689 4114 perturbationum
2707 4044 2937 4099 macula:
2965 4053 3206 4099 mentem
3231 4054 3477 4098 nostram

1908 4138 2305 4193 contaminant.
2343 4136 2444 4191 Hic
2477 4137 2743 4206 septimus
2768 4137 2888 4193 dies
2932 4138 3079 4193 illius
3109 4147 3194 4193 est
3226 4139 3333 4193 diei
3392 4153 3481 4193 se-

219 4239 340 4292 Οὐκ
370 4238 629 4308 ἐτελέσθη
678 4240 710 4308 ή
755 4239 1136 4309 κοσμογένεια,
1165 4241 1229 4293 οὐ
1255 4241 1483 4311 διεκόπη
1511 4244 1543 4311 ή
1578 4228 1804 4295 ἀκολου·
1837 4257 1880 4311 Ῑ)
1908 4229 2066 4299 Ριίῐηί
2115 4229 2335 4298 εἰεηυπι
2366 4238 2418 4283 εί
2452 4237 2600 4282 non“
2636 4228 2885 4301 δυωρείῑ
2914 4229 3059 4285 Deus
3120 4231 3398 4299 Ριιινθτθῐη
3448 4246 3480 4286 θ

221 4322 317 4376 θία
372 4322 462 4375 ἵνα
521 4323 583 4375 τὸ
625 4322 893 4394 ἡμέτερον
946 4324 1286 4396 παρεισαχθῇ
1346 4324 1626 4396 διήγημα,
1687 4326 1803 4380 ἀλλ’

216 4406 417 4478 ἐλέχθη
442 4424 458 4438 ο
504 4408 788 4477 Ἐποίησεν
827 4410 856 4460 ό
887 4408 1020 4471 Θεὸς
1058 4408 1145 4462 τὸν
1182 4410 1488 4481 ἄνθρωπον,
1523 4411 1618 4465 καὶ
1667 4429 1803 4464 κατ-

215 4488 465 4542 έπαυσεν
509 4490 617 4542 ἀπὸ
654 4491 874 4544 πάντων
911 4488 1026 4543 ’τῶν
1080 4491 1276 4562 ἔργων.
1318 4494 1427 4547 Καὶ
1452 4493 1638 4564 ἐπειδὴ
1677 4511 1803 4565 σχο-

218 4571 318 4642 λὴν
349 4572 546 4641 ήγαγε,
576 4572 811 4627 διδάσκει
836 4574 984 4644 ἡμᾶς
999 4573 1116 4637 πῶς
1145 4575 1421 4645 ἐποίησεν.
1458 4596 1476 4627 ι
1518 4576 1748 4631 Ἔλαϐεν
1775 4577 1805 4629 ὁ

218 4654 359 4717 Θεὸς
389 4654 517 4725 χοῦν
545 4657 654 4710 ἀπὸ
682 4657 779 4727 τῆς
808 4661 932 4727 γῆς.
973 4677 992 4709 ι
1034 4660 1202 4713 Ὅταν
1226 4659 1468 4732 ἀκούσῃς
1500 4660 1648 4731 χοῦν,
1675 4680 1803 4716 παι-

217 4739 380 4791 δεύου
429 4739 663 4806 ἀφοϐίαν
686 4758 700 4770 ’
747 4740 1049 4813 ἀνθρώπων
1090 4742 1164 4813 μὴ
1191 4742 1362 4815 λάϐῃς
1388 4745 1700 4815 πρόσωπον.
1738 4749 1804 4801 Τί

217 4823 441 4891 φρονεῖς
474 4822 571 4901 ἐπὶ
599 4823 810 4893 σεαυτῷ
832 4825 1007 4895 μέγας
1034 4824 1203 4882 Ὅταν
1228 4826 1421 4881 ἐλθωσί
1452 4846 1534 4881 σοι
1557 4828 1805 4901 λογισμοὶ

217 4904 424 4973 οἴδημα
438 4900 538 4974 τῆς
554 4906 781 4977 καρδίας
797 4908 891 4960 καὶ
907 4909 1217 4979 φλεγμονὴν
1235 4910 1591 4980 ἐμποιοῦντες
1607 4929 1620 4943 ·
1638 4900 1805 4966 είσελ-

219 4986 364 5041 θέτω
378 5004 439 5039 σε
452 4990 485 5057 ἡ
502 4988 803 5059 ὑπόμνησις
818 4990 918 5061 τῆς
932 4992 1181 5055 κτίσεως,
1197 4993 1312 5056 πῶς
1326 4993 1598 5064 ἐκτίσθης.
1612 5014 1629 5044 ι
1645 4996 1805 5049 Ἔλα-

222 5074 318 5126 ϐεν
340 5077 370 5127 ό
399 5074 534 5138 Θεὸς
561 5074 690 5145 χοῦν
713 5076 821 5129 ἀπὸ
843 5077 945 5147 τῆς
964 5078 1089 5148 γῆς,
1117 5080 1213 5131 καὶ
1233 5078 1464 5134 ἔπλασεν
1496 5082 1526 5133 ό
1551 5081 1682 5143 Θεὸς
1713 5082 1804 5135 τὸν

220 5161 533 5231 ἄνθρωπον.
564 5181 585 5215 ι
616 5163 756 5217 Πότε
781 5164 1010 5219 δύνασαι
1029 5165 1382 5219 ἐπιλαθέσθαι
1400 5168 1657 5235 «aurati;
1682 5170 1804 5222 τότε

227 5245 502 5300 ἐπελάθου
534 5245 788 5310 σεαυτοῦ,
818 5248 949 5302 ὅταν
984 5249 1348 5321 ἀναχωρήσῃς
1372 5252 1473 5321 τῆς
1496 5252 1618 5323 γῆς.
1652 5254 1716 5306 Εἰ
1746 5254 1804 5308 δὲ

220 5329 487 5383 οὐδέποτε
510 5329 723 5404 χωρίζῃ
742 5332 840 5402 τῆς
859 5333 983 5403 γῆς,
1003 5332 1140 5387 ἀλλά
1159 5334 1531 5404 συμπεφυκὼς
1551 5331 1603 5389 εἴ
1624 5340 1691 5408 τῇ
1708 5342 1801 5409 γῇ,

223 5417 421 5490 βαδίζῃ
457 5419 551 5472 ἐπὶ
575 5423 677 5492 τῆς
710 5421 837 5490 γῆς,
861 5422 1193 5496 ἐπαναπαύῃ
1216 5424 1310 5477 ἐπὶ
1332 5426 1430 5495 τῆς
1457 5426 1578 5495 γῆς,
1606 5425 1801 5499 δικάζῃ

222 5505 318 5556 ἐπὶ
344 5504 447 5571 τῆς
478 5504 578 5574 γῆς
598 5521 612 5534 ’
648 5506 757 5558 πᾶν
781 5505 917 5577 ὅπερ
955 5506 1024 5559 ἂν
1051 5508 1209 5577 ποιῇς
1252 5509 1361 5560 εἴτε
1387 5508 1534 5578 μέγα
1570 5510 1678 5565 εἴτε
1710 5529 1802 5581 μισ

292 5619 316 5649 ³
350 5618 454 5671 lsa.
482 5633 589 5682 xxv,
625 5618 709 5672 10.
786 5618 807 5650 ⁸
835 5616 970 5673 Gen.
1004 5633 1062 5682 υ,
1090 5616 1145 5670 ‘2.
1220 5618 1241 5648 ⁸
1274 5617 1405 5671 ibid.
1437 5618 1489 5670 7.
1728 5660 1777 5711 ,Α

1910 4332 2076 4383 terra,
2133 4328 2188 4376 et
2242 4321 2499 4375 formavit
2557 4322 2853 4378 hominem.
2919 4322 3037 4377 Non
3088 4332 3175 4379 est
3229 4325 3480 4379 absoluta

1908 4417 2098 4471 mundi
2129 4415 2470 4485 procreatio,
2501 4429 2603 4469 nec
2632 4430 2813 4470 rerum
2853 4417 3024 4471 series
3054 4417 3381 4486 interrupta,
3424 4429 3484 4470 ιιι

1905 4510 2147 4563 narratio
2180 4508 2251 4563 de
2278 4508 2439 4563 nobis
2461 4508 2917 4564 introduceretur.
2950 4510 3054 4565 Sed
3115 4510 3321 4565 dictum
3354 4520 3439 4566 est
3468 4529 3481 4564 ι

1905 4598 2058 4655 Fecit
2094 4598 2238 4655 Deus
2270 4600 2570 4662 hominem,
2600 4608 2653 4655 et
2682 4601 2948 4670 requievit
2973 4602 3040 4655 ab
3065 4602 3319 4657 omnibus
3351 4618 3481 4671 opt-,-

1907 4691 2079 4747 ribus.
2098 4693 2275 4762 Atque
2299 4693 2383 4749 his
2404 4693 2690 4763 explicatis
2712 4694 2996 4748 commode
3019 4710 3118 4751 nos
3140 4694 3319 4756 docet,
3342 4712 3479 4765 quo—

1906 4785 2067 4839 modo
2096 4784 2368 4840 hominem
2401 4785 2607 4841 fecerit.
2630 4804 2648 4836 ι
2683 4784 2928 4854 Sumpsit
2954 4786 3095 4841 Deus
3120 4788 3418 4857 pulverem.
3452 4807 3471 4837 ν

1906 4875 2103 4946 inquit,
2139 4896 2158 4928 ι
2200 4892 2230 4930 e
2258 4884 2402 4931 terra
2425 4877 2468 4929 ⁸.
2512 4893 2531 4926 ι
2577 4876 2709 4929 Cum
2762 4878 3037 4945 pulverem
3085 4878 3262 4938 audis,
3324 4876 3475 4932 disce

1904 4967 2155 5021 timorem
2204 4967 2499 5021 humanum
2538 4966 2828 5035 deponere.
2879 4965 2956 5020 Ne
2998 4968 3267 5036 suspicias
3299 4968 3473 5022 homi-

1905 5071 2034 5109 num
2060 5071 2341 5127 personas.
2380 5056 2492 5111 Cur
2522 5057 2747 5127 spiritus
2790 5057 2982 5112 tollis?
3019 5057 3131 5113 Cur
3154 5059 3219 5113 de
3257 5067 3308 5113 te
3354 5074 3472 5112 ma-

1907 5148 2103 5218 gnifice
2130 5149 2344 5204 sentis?
2381 5147 2611 5214 Quando
2632 5151 2728 5204 tibi
2756 5150 3121 5219 cogitationes
3161 5149 3469 5208 inciderint.

1905 5240 2105 5309 quibus
2139 5241 2494 5306 intumescas,
2527 5241 2728 5311 quibus
2772 5240 3145 5306 inﬂammeris,
3189 5241 3321 5295 illud
3374 5242 3473 5295 tibi

1904 5331 1959 5384 in
1992 5332 2308 5385 memoriam
2338 5346 2553 5397 revoca,
2591 5332 2866 5400 quomodo
2898 5340 3114 5386 creatus
3143 5332 3237 5388 sis.
3267 5351 3286 5383 ι
3314 5330 3473 5387 Sum-

1904 5421 2013 5490 psit
2052 5420 2194 5478 Deus
2219 5423 2495 5492 pulverem
2523 5439 2552 5477 e
2581 5433 2744 5488 terra,
2772 5431 2829 5494 et
2852 5424 3124 5479 hominem
3148 5423 3414 5478 formavit.
3448 5444 3470 5476 ι

1907 5513 1961 5567 Si
1980 5529 2009 5568 a
2027 5520 2170 5569 terra
2191 5515 2520 5585 discederes,
2541 5515 2682 5572 forte
2696 5517 3025 5574 conditionis
3046 5525 3150 5573 tum
3173 5531 3361 5587 posses
3374 5516 3470 5572 ob-
