3886 6214
414 211 512 268 29!

1653 206 1713 263 S.
1759 199 2088 260 GREGORII
2129 195 2421 253 NYSSE‘NI

3573 185 3679 237 ειη

415 324 615 380 livisci.
631 320 786 378 Nunc
801 330 983 379 autem
1002 321 1071 377 ab
1083 335 1145 376 ea
1165 334 1441 391 nunquam
1469 312 1727 380 discedis,
1750 317 1844 372 sed
1865 331 1989 372 cum

2111 313 2226 384 ιρὸν
2246 312 2338 365 ἐπὶ
2360 310 2458 378 τῆς
2479 307 2602 378 γῆς,
2625 306 2788 374 ἐγγῦς
2809 304 2950 375 έχεις
2971 304 3032 356 τὸ
3057 303 3354 391 ὑπόμνημα
3370 300 3469 370 τῆς
3485 296 3678 352 ἑαυτοῦ

408 417 508 471 illa
525 415 850 470 naturaliter
863 414 1194 484 coniunctus
1220 429 1299 467 es.
1329 411 1534 467 lncedis
1557 411 1610 464 in
1628 418 1794 473 terra,
1810 408 1865 462 in
1883 417 1997 462 ter-

408 525 476 562 vra
494 508 862 578 conquiescis.
878 508 934 561 in
950 516 1093 562 terra
1107 506 1310 576 litigas,
1325 514 1379 559 et
1395 502 1712 574 negotiaris.
1726 500 1997 567 Quamob-

413 613 531 653 rem
563 597 826 668 quidquid
861 598 978 667 agis
1012 597 1066 650 in
1087 604 1254 658 terra,
1275 595 1389 650 sive
1405 608 1660 664 magnum
1685 592 1738 646 id
1759 593 1850 653 sit,
1881 591 1996 645 sive

419 704 682 759 parvum,
745 687 974 757 abiecta:
1027 685 1360 741 conditionis
1418 692 1525 738 tuae
1581 689 1994 738 monumentum

419 781 607 835 habes.
646 779 1090 835 Contumeliosus
1119 793 1202 844 es,
1227 785 1281 832 et
1311 777 1610 832 iracundus
1637 794 1650 829 :
1686 775 1832 829 unde
1893 772 1995 828 tibi

418 887 483 928 ex
513 881 622 925 tam
653 872 845 926 humili
875 880 1022 926 statu
1055 870 1384 941 indignatio.
1407 876 1461 924 et
1482 867 1762 922 iracundia
1786 867 1809 919 ?
1833 864 1997 920 Ferre

418 978 526 1016 von
561 969 743 1032 putes,
800 961 945 1032 quod
978 961 1257 1030 ignobilis,
1310 966 1364 1013 et
1395 959 1630 1012 obscuro
1667 957 1790 1010 loco
1831 965 1995 1010 natus

416 1069 541 1108 esse
565 1054 790 1118 dicaris,
819 1053 1217 1122 contendisque
1249 1059 1308 1106 ut
1335 1051 1402 1112 is,
1427 1052 1518 1119 qui
1547 1049 1644 1104 tibi
1672 1047 1812 1103 male
1837 1047 1993 1112 dixit,

415 1162 482 1200 ex
511 1153 567 1200 te
595 1145 756 1216 pejus
795 1145 1025 1200 audiat?
1049 1144 1252 1199 Oculos
1281 1143 1507 1198 demitte
1527 1181 1541 1202 ,
1579 1156 1643 1195 ac
1679 1151 1879 1195 terram
1911 1140 1996 1192 in-

417 1246 593 1302 tuere,
625 1247 681 1293 et
709 1237 996 1294 confestim
1039 1237 1116 1290 ira
1153 1243 1244 1290 tua
1273 1235 1574 1291 sedabitur.
1599 1233 1824 1288 Terram
1850 1230 1996 1300 aspi-

418 1347 504 1392 ce.
535 1341 590 1385 et
615 1340 795 1385 tecum
833 1331 946 1400 ipse
981 1329 1062 1384 sic
1085 1329 1300 1399 cogita:
1343 1327 1638 1399 lgnobilem
1674 1325 1765 1379 hic
1803 1339 1910 1388 me,
1943 1332 1997 1379 et

417 1435 450 1474 e
480 1435 640 1475 servo
672 1428 861 1474 natum
917 1419 1230 1489 appellavit.
1262 1417 1440 1473 Minus
1493 1417 1652 1480 dixit,
1708 1431 1868 1485 quam
1909 1415 1994 1480 id,

419 1513 566 1581 quod
598 1527 687 1567 res
713 1518 818 1567 est.
853 1509 1040 1580 Neque
1066 1514 1210 1565 enlm
1254 1525 1342 1564 me
1379 1524 1410 1564 e
1454 1517 1600 1564 terra
1630 1507 1871 1578 genitum
1901 1521 1997 1560 vo-

419 1603 584 1663 cavit,
627 1601 724 1657 sed
755 1617 824 1657 ex
859 1601 1099 1655 homine.
1161 1599 1379 1666 Quanto
1438 1607 1620 1654 autem
1660 1607 1838 1662 terra,
1874 1611 1997 1668 qua:

419 1695 800 1756 conculcatur,
834 1693 1074 1748 nobilior
1102 1700 1188 1748 est
1223 1693 1408 1746 animo
1468 1689 1756 1762 praeditus,
1808 1704 1873 1744 ac
1913 1689 1996 1744 vi-

419 1795 574 1841 vens,
601 1778 811 1832 homo?
843 1776 956 1848 Ego
976 1785 1216 1833 veterem
1241 1785 1468 1831 matrem
1500 1774 1707 1844 aspicio
1731 1787 1998 1845 agnosco-

419 1886 526 1940 que
566 1885 785 1924 o.erram.
840 1867 1021 1936 Quare
1067 1883 1175 1922 non
1215 1875 1299 1922 est
1354 1867 1778 1938 ignominiosum
1835 1874 1999 1934 atque

419 1975 600 2034 turpe,
629 1979 659 2018 e
701 1977 862 2018 servo
891 1971 1070 2016 ortum
1097 1975 1242 2024 esse,
1271 1960 1364 2014 sed
1398 1959 1717 2028 praeclarum
1747 1964 1802 2011 et
1826 1957 1999 2011 hono-

419 2052 656 2114 rilicum,
696 2050 970 2105 hominem
992 2064 1115 2106 esse
1135 2057 1501 2119 procreatum.
1529 2048 1627 2103 llic
1653 2055 1833 2103 autem
1865 2047 1994 2101 dum

420 2151 576 2214 putat
606 2142 738 2196 mihi
767 2142 1156 2197 contumeliam
1185 2140 1389 2203 dicere,
1417 2140 1738 2211 imprudens
1770 2155 1858 2194 me
1905 2155 2000 2209 po-

421 2237 534 2291 tius
567 2235 875 2289 honoravit.
913 2231 1026 2304 Ego
1059 2233 1205 2288 enim
1255 2241 1465 2286 naturae
1507 2245 1639 2286 meae
1687 2245 1797 2284 non
1847 2231 1999 2301 igna-

421 2343 540 2390 rus,
568 2327 728 2397 plane
763 2327 900 2389 scio,
935 2325 1025 2395 qui
1057 2324 1184 2390 sim,
1217 2333 1272 2379 et
1300 2323 1445 2378 unde
1475 2324 1601 2378 sim.
1654 2321 1781 2377 Ηαιο
1833 2323 2000 2393 igitur

422 2419 601 2474 nostri
630 2425 788 2474 ortus
815 2432 848 2472 e
895 2427 1039 2472 terra
1081 2416 1391 2472 recordatio
1445 2429 1723 2485 nunquam
1772 2414 1998 2470 excitari

423 2511 725 2580 sazvireque
759 2510 905 2566 sinat
931 2508 1292 2564 iracundiam.
1349 2505 1566 2563 Rationi
1606 2517 1753 2562 terra
1786 2520 2004 2576 semper

424 2601 709 2670 suppetias
757 2599 915 2663 ferat,
968 2613 1198 2668 eamque
1253 2612 1468 2667 semper
1523 2594 1999 2651 commonefaciat.

422 2687 654 2754 Quando
686 2687 989 2759 cupiditate
1014 2686 1236 2756 ﬂagras,
1265 2694 1320 2742 et
1357 2702 1420 2741 ea
1447 2687 1762 2741 concitatus
1799 2686 1999 2754 curris,

423 2793 523 2848 per
556 2788 760 2834 terram
798 2779 998 2834 curris.
1025 2776 1218 2847 Cogita
1248 2792 1487 2847 quonam
1518 2776 1595 2830 sis
1617 2785 1998 2846 perventurus,

424 2871 470 2924 si
507 2881 557 2925 te
591 2870 646 2924 in
673 2877 880 2925 terram
904 2869 1233 2925 dissolutum
1282 2867 1352 2922 iri
1385 2867 1862 2923 consideraveris:
1911 2883 2000 2923 re-

427 2962 694 3030 primetur
720 2959 1038 3030 cupiditatis
1070 2957 1223 3014 furor
1271 2977 1290 3010 ι
1319 2957 1489 3012 Terra
1526 2974 1607 3021 es,
1641 2967 1697 3013 et
1721 2959 1776 3013 in
1799 2967 2000 3014 terram

426 3053 783 3108 reverteris‘.
807 3072 826 3105 ι
863 3051 1055 3122 Cogita
1087 3051 1328 3106 membra
1379 3052 1480 3106 ista
1540 3061 1654 3118 tua,
1709 3067 1830 3121 qua:
1858 3067 2006 3106 nunc

427 3146 504 3201 ita
531 3146 736 3216 vigent,
777 3145 940 3214 paulo
970 3153 1093 3214 post
1137 3145 1288 3198 nulla
1344 3143 1484 3199 fore.
1527 3143 1786 3200 Membris
1819 3152 2002 3200 autem

427 3237 725 3306 corruptis,
760 3237 814 3290 in
842 3236 1230 3306 pulveremqne
1261 3237 1532 3301 redactis,
1565 3237 1843 3307 cupiditas
1873 3239 2000 3303 ista,

2095 401 2496 464 ταπεινώσεως.
2533 396 2822 468 Ὑϐριστὴς
2862 397 2956 448 καὶ
2983 393 3234 465 θυμώδης
3264 390 3350 456 εἷς
3385 391 3550 444 πόθεν
3597 407 3681 444 σοι

2095 498 2124 550 ὁ
2148 494 2352 566 θυμός;
2379 496 2442 546 ἐκ
2469 493 2566 561 τῆς
2590 489 2807 556 ἀδοξίας
2829 507 2843 554 ;
2888 488 2948 541 ού
2992 485 3259 548 κατεδέξω
3295 482 3528 538 ἀκοῦσαι
3554 483 3684 535 δυσ-

2095 589 2257 658 γενής
2283 603 2297 650 ;
2326 584 2486 648 εύθῦς
2511 580 2736 645 ἐπέζεσέ
2775 596 2857 634 σοι
2879 580 2907 632 ὁ
2929 578 3130 648 θυμός;
3165 577 3486 646 φιλονεικεῖς
3507 576 3685 628 είπεῖν

2095 679 2264 750 χείρω
2291 671 2366 730 ὧν
2400 677 2673 747 ήκουσας;
2703 671 2870 726 Κάτω
2917 670 2980 724 τὸ
3021 669 3259 740 βλέμμα,
3284 667 3380 721 καὶ
3407 666 3686 720 πέπαυταί

2098 789 2181 825 σοι
2202 771 2231 823 ὁ
2264 768 2455 841 θυμός.
2490 766 2598 820 Ἰδε
2628 765 2727 837 τὴν
2750 764 2874 834 γῆν,
2921 763 3016 816 καὶ
3056 760 3406 831 ἐνθυμήθητι.
3436 757 3689 826 Δυσγενῆ

2100 879 2166 933 με
2207 855 2328 914 εἷπε
2372 859 2463 912 τὸν
2515 856 2624 911 ἀπὸ
2668 857 2774 926 γῆς
2813 854 3102 924 γενόμενον
3121 869 3134 883 ο
3179 851 3396 904 ἔλαττον
3429 846 3584 902 εἶπεν
3625 844 3690 901 οὕ

2097 957 2212 1024 εἰμι
2242 952 2350 1021 ἐγώ
2373 967 2386 981 ⁸
2415 951 2476 1004 ού
2503 948 2610 1021 γάρ
2639 943 2795 1001 εἶπεν
2821 948 2886 1000 ἐκ
2907 947 3006 1016 τῆς
3028 945 3150 1014 γῆς,
3187 942 3322 996 ἀλλά
3348 941 3457 996 ἀπὸ
3483 939 3691 1010 ἀνθρὼ-

2098 1063 2238 1099 πουο
2298 1045 2448 1114 πόσῳ
2489 1043 2546 1096 δέ
2591 1039 2915 1110 τιμιώτερος
2966 1036 3209 1108 ἔμψυχος
3251 1033 3537 1104 ἄνθρωπος
3583 1033 3690 1101 γῆς

2098 1136 2482 1206 πατουμένηςς
2525 1133 2666 1202 Ἐγὼ
2711 1133 2768 1186 δέ
2807 1131 2906 1202 τὴν
2947 1129 3179 1202 ἀρχαίαν
3221 1126 3401 1197 βλέπω
3452 1124 3690 1196 μητέρα,

2094 1232 2195 1302 τὴν
2245 1229 2370 1299 γῆν,
2401 1227 2543 1281 ὥστε
2585 1227 2683 1296 οὐχ
2722 1224 2878 1293 ὕϐρις
2927 1222 2988 1276 τὸ
3031 1220 3142 1274 ἀπὸ
3185 1219 3372 1273 δούλου
3406 1215 3691 1285 γενέσθαι,

2096 1321 2232 1375 ἀλλὰ
2259 1320 2410 1391 τιμὴ,
2436 1320 2495 1373 τὸ
2518 1318 2759 1390 ἔμψυχον
2781 1314 3126 1384 γεννηθῆναι.
3161 1313 3222 1365 '0
3262 1311 3319 1364 δέ
3347 1307 3590 1380 νομίζων
3621 1323 3693 1377 με

2097 1413 2338 1486 ὑϐρίζειν
2371 1412 2533 1483 μέγα,
2559 1409 2746 1464 ἔλαθεν
2771 1403 2816 1476 ᾧ
2840 1407 3028 1478 ὕϐρισε
3065 1404 3224 1458 πλέον
3248 1404 3507 1474 τιμήσας.
3545 1397 3697 1466 Ἐγὼ

2095 1505 2205 1576 γὰρ
2236 1508 2335 1576 τῆς
2358 1502 2595 1575 ἐμαυτοῦ
2624 1501 2839 1571 φύσεως
2863 1500 2962 1570 τὴν
2993 1497 3204 1550 σύνεσιν
3248 1494 3406 1565 έχων,
3449 1487 3568 1546 οῖδα
3607 1491 3698 1553 τίς

2097 1602 2232 1668 εἰμι,
2248 1599 2341 1651 καὶ
2360 1596 2520 1650 πόθεν
2543 1594 2676 1665 εἰμί.
2697 1593 2852 1647 Οὕτω
2872 1593 2934 1646 τὸ
2958 1589 3066 1644 ἀπὸ
3084 1589 3188 1659 γῆς
3209 1585 3519 1659 μεμνῆσθαι
3537 1585 3694 1654 ἡμᾶς

2097 1686 2452 1758 γεγενῆσθαι,
2491 1683 2747 1738 οὐδέποτε
2787 1683 3058 1752 συγχωρεῖ
3111 1679 3201 1732 τὸν
3238 1676 3409 1748 θυμὸν
3447 1679 3699 1744 ἐπαγρυ-

2098 1784 2272 1835 πνεῖν.
2300 1780 2593 1848 Σύμμαχος
2621 1775 2760 1828 έστω
2791 1773 2870 1844 τῷ
2897 1771 3142 1842 λογισμῷ
3163 1771 3197 1840 ή
3221 1769 3292 1839 γῆ
3319 1767 3406 1821 ἀεὶ
3438 1766 3700 1836 παροῦσα

2098 1873 2192 1926 καὶ
2210 1869 2719 1940 ὑπομιμνήσκουσα.
2737 1866 2903 1919 Ὅταν
2920 1864 3056 1934 πρὸς
3093 1859 3386 1930 ἐπιθυμίαν
3411 1857 3537 1912 τινὰ
3569 1857 3703 1929 τρέ-

2098 1981 2220 2036 χῃς,
2243 1960 2574 2034 ἐνθυμήθητι
2596 1959 2716 2021 πῶς
2737 1957 2950 2029 ἀπέρχῃ
2965 1974 2979 1987 ο
3013 1956 3109 2008 ἐὰν
3139 1951 3470 2022 ἐνθυμηθῇς,
3491 1951 3575 2003 ὅτι
3598 1948 3696 2036 λυ-

2100 2035 2239 2127 θήσῃ
2259 2056 2338 2116 είς
2351 2053 2478 2122 γῆν,
2497 2051 2772 2104 πέπαυται
2792 2051 2828 2117 ὴ
2850 2048 3113 2118 ἐπιθυμία
3130 2044 3230 2117 τῆς
3253 2043 3465 2114 μανίας.
3479 2061 3497 2092 ι
3517 2041 3598 2110 Γῆ
3621 2035 3698 2106 εἴ,

2100 2149 2196 2202 καὶ
2216 2149 2295 2210 είς
2314 2147 2416 2216 γῆν
2433 2143 2725 2215 ἀπελεύσῃ.
2742 2162 2760 2195 ι
2778 2140 3064 2212 Μνήσθητι
3079 2140 3160 2192 ὃτι
3185 2139 3300 2208 μετ’
3322 2135 3499 2203 ὀλίγον
3516 2133 3700 2187 ταῦτα

2100 2238 2169 2290 τὰ
2204 2237 2298 2290 νῦν
2343 2237 2614 2306 σφύζοντα
2643 2233 2800 2306 μέλη,
2845 2231 2879 2302 ἢ
2919 2235 2954 2302 ἡ
2985 2231 3080 2284 νῦν
3111 2229 3211 2300 τῆς
3263 2227 3464 2300 σαρκὸς
3501 2224 3703 2278 ἐπιθυ-

2105 2331 2223 2401 μία,
2263 2329 2377 2400 μετ’
2412 2328 2590 2396 ὀλίγον
2625 2328 2725 2380 οὐκ
2748 2325 2934 2388 ἐσται,
2971 2323 3080 2376 τῶν
3115 2321 3292 2393 μελῶν
3335 2318 3702 2372 διαλυθέντων

2101 2424 2195 2475 καὶ
2249 2423 2328 2484 εἰς
2380 2421 2483 2492 γῆν
2525 2419 2917 2474 ἁναλυθέντων.
2977 2415 3260 2486 Μνήσθητι
3309 2412 3411 2481 τῆς
3457 2411 3698 2480 φύσεως,

2102 2511 2198 2563 καὶ
2251 2511 2467 2564 λέλυται
2513 2511 2665 2563 πᾶσα
2701 2509 2847 2580 ὁρμὴ
2896 2509 2930 2579 ή
2983 2507 3075 2560 ἐπί
3116 2507 3176 2560 τὸ
3236 2504 3492 2574 πονηρόν.
3528 2501 3702 2554 Τοῦτο

2104 2606 2198 2658 ἐπὶ
2225 2604 2406 2674 πάσης
2431 2603 2703 2674 ἁμαρτίας
2735 2601 3100 2670 φυλακτήριον
3131 2600 3263 2670 ἡμῖν
3310 2597 3450 2650 έστω
3476 2595 3540 2648 τὸ
3573 2595 3701 2647 ὑπό-

2107 2714 2212 2768 μνη
2221 2714 2315 2766 μα.
2339 2714 2356 2746 ι
2373 2695 2646 2749 Ἔπλασεν
2677 2697 2706 2747 ὁ
2723 2693 2853 2756 Θεὸς
2870 2693 2960 2745 τὸν
2983 2691 3284 2761 ἄνθρωπον,
3307 2688 3436 2760 χοῦν
3467 2688 3581 2741 ἀπὸ
3612 2690 3700 2757 τῆς

2101 2790 2206 2858 γῆς
2245 2786 2441 2840 λαϐών,
2485 2805 2503 2837 ι
2529 2786 2742 2856 Καλὴή
2785 2784 3130 2846 ταπείνωσις,
3173 2781 3418 2851 συμφυὲς
3462 2781 3522 2834 τὸ
3575 2780 3704 2833 ὑπό.

2109 2896 2322 2950 μνημα.
2364 2878 2428 2931 Εἰ
2469 2873 2642 2938 εἶπεν,
2679 2875 2956 2929 Ἔπλασεν
3007 2876 3036 2927 ὁ
3083 2873 3215 2936 Θεὸς
3258 2872 3352 2925 τὸν
3395 2869 3703 2942 ἄνθρωπον,

2109 2969 2203 3021 ἀπ’
2262 2967 2492 3038 ούρανοῦ
2543 2966 2744 3030 λαϐὼν,
2802 2966 2933 3019 πότε
2985 2964 3287 3035 ἐϐλέπομεν
3339 2963 3576 3026 ἐκεῖνον,
3623 2962 3704 3014 ἵνα

2115 3058 2551 3130 ὑπομνησθῶμεν
2601 3058 2700 3127 τῆς
2749 3058 3005 3127 φύσεως;
3059 3058 3158 3112 Ἐκ
3221 3056 3329 3110 τῶν
3399 3055 3707 3126 προχείρων

2114 3151 2378 3224 πάρεστιν
2402 3153 2534 3222 ήμῖν
2561 3150 2622 3203 τὸ
2651 3150 2952 3220 ὑπόμνημα
2981 3149 3080 3221 τῆς
3105 3146 3382 3218 ἡμετέρας
3408 3144 3705 3208 ούδενείας,

2109 3241 2168 3307 ἐξ
2204 3233 2278 3294 ὧν
2306 3240 2478 3294 πατοῦ
2487 3257 2604 3310 μεν.

428 3342 539 3398 qua
576 3341 722 3380 nunc
752 3324 1125 3386 inﬂammaris,
1167 3341 1277 3379 non
1329 3327 1436 3380 erit
1475 3328 1733 3398 amplius.
1769 3327 1991 3384 Natura:
2039 3337 2146 3384 tua:
2196 3332 2574 3396 reminiscere,
2628 3339 2683 3387 et
2731 3331 2915 3388 omnis
2967 3329 3031 3384 ad
3091 3329 3426 3400 peccandum
3473 3327 3706 3398 impetus

430 3421 816 3493 perfringetur.
863 3415 987 3471 Haec
1033 3416 1300 3486 cogitatio
1337 3419 1407 3474 ab
1443 3419 1592 3473 omni
1641 3426 1870 3490 peccato
1911 3434 2014 3476 nos
2065 3427 2277 3487 avocet,
2325 3429 2490 3492 atque
2536 3421 2830 3476 deterreat.
2873 3438 2892 3471 ι
2928 3418 3231 3473 Furmavit~
3249 3417 3392 3473 Deus
3429 3417 3712 3471 hominem

433 3514 500 3566 de
528 3512 657 3567 limo
705 3519 882 3566 terrae.
925 3527 948 3566 ι
1005 3507 1245 3566 Honesta
1289 3510 1612 3574 subinissio,
1647 3511 2009 3564 commonitio
2057 3511 2348 3576 naturalis,
2399 3512 2448 3568 si
2490 3511 2756 3579 dixisset,
2807 3511 3088 3566 Formavit
3128 3507 3274 3564 Deus
3313 3508 3615 3567 hominem.
3645 3524 3715 3562 ex

431 3603 574 3660 caelo
613 3601 894 3656 materiam
932 3616 1178 3664 sumens,
1221 3599 1506 3669 ecquando
1542 3600 1743 3656 caelum
1780 3601 1913 3656 illud
1952 3601 2306 3670 vidissemus,
2341 3613 2404 3657 ut
2449 3613 2666 3660 natura:
2702 3602 3150 3672 conditionisque
3190 3609 3393 3655 nostrae
3422 3612 3717 3669 possemus

433 3692 756 3751 admoneri?
785 3691 1022 3762 Abjectae
1050 3690 1218 3747 sortis
1245 3698 1449 3746 nostra
1473 3699 1888 3746 monumentum
1921 3691 1976 3745 in
2008 3701 2264 3762 promptu
2292 3701 2377 3749 est
2401 3710 2466 3749 ex
2504 3693 2572 3750 iis
2595 3709 2718 3763 quae
2746 3694 3048 3749 calcamus.

505 3788 728 3842 Terram
772 3787 954 3857 aspice
1001 3793 1164 3856 teque
1200 3801 1267 3841 ex
1307 3785 1499 3840 humili
1585 3792 2011 3857 contemptaque

434 3880 582 3935 illius
608 3877 834 3932 materia
870 3893 1046 3948 genus
1076 3877 1299 3932 duxisse
1329 3877 1644 3931 recordare.
1675 3875 1818 3942 Quid
1849 3876 2014 3946 igitur

436 3971 596 4026 nobis
621 3969 826 4024 vilius?
861 3968 991 4039 quid
1024 3967 1334 4037 abjectius?
1369 3966 1513 4032 Quid
1550 3968 1723 4036 magis
1759 3967 2018 4022 convenit

435 4063 627 4126 nobis,
661 4075 825 4131 quam
858 4069 918 4114 ut
949 4074 1050 4115 nos
1081 4060 1355 4116 submisse
1389 4073 1646 4129 geramus
1671 4099 1685 4123 ,
1716 4066 1771 4114 et
1799 4074 1900 4129 pro
1930 4059 2017 4112 ni-

438 4157 552 4211 hilo
584 4153 882 4225 putemus?
915 4150 1110 4207 Vidisti
1140 4151 1436 4222 superbum
1468 4150 1706 4221 aliquem
1726 4193 1740 4217 ,
1777 4163 1832 4205 et
1863 4167 2017 4205 arro-

2186 3790 2534 3844 Κατάνευσον
2587 3791 2681 3842 ἐπὶ
2731 3786 2832 3860 τήν
2895 3789 2998 3856 γῆν
3025 3828 3040 3852 ,
3109 3787 3443 3857 κατανόησον
3501 3791 3588 3844 ὅτι
3650 3789 3720 3840 ἐκ

2116 3878 2210 3932 τοῦ
2267 3879 2560 3949 συγγενοῦς
2606 3880 2708 3951 τῆς
2755 3881 2859 3951 γῆς
2919 3879 3012 3933 τοῦ
3073 3879 3380 3949 ἀποϐλήτου
3450 3877 3514 3931 σὺ
3572 3879 3720 3932 ἀπε-

2121 3971 2414 4044 μορφὼθης
2523 3974 2587 4026 Τί
2673 3972 2830 4043 ἡμῶν
2922 3971 3562 4043 εύκαταφρονητότερον;
3646 3970 3724 4024 τί

2118 4062 2275 4133 ήμῶν
2321 4064 2519 4133 μᾶλλον
2563 4063 2711 4129 ἀξιον
2762 4064 2857 4118 τοῦ
2913 4064 3205 4128 ἐξουδενεῖν
3259 4061 3519 4124 ἐαυτούς;
3556 4058 3720 4127 stas;

2119 4174 2242 4210 τινα
2273 4156 2415 4228 μέγα
2447 4156 2782 4226 φρονοῦντας
2817 4155 3020 4226 ἐσθῆτα
3062 4154 3285 4225 ἀνθινὴν
3321 4153 3724 4225 περιϐεϐλημέ-

437 4256 654 4318 gantem
672 4286 687 4310 ,
718 4245 882 4300 variis
910 4243 1158 4298 indutum
1191 4242 1557 4306 vestimentis,
1582 4251 1638 4298 et
1667 4242 2006 4313 splendidum

2121 4265 2249 4314 vov;
2294 4248 2564 4318 δακτυλίῳ
2610 4247 2708 4319 τὴν
2741 4251 2899 4319 χεῖρα
2948 4247 3457 4318 περιλαμπόμενον;
3488 4246 3722 4315 σφενδό-

437 4341 698 4396 annulum
730 4353 856 4394 cum
907 4337 1142 4406 pretiosa
1191 4335 1314 4405 pala
1361 4341 1668 4405 gestantem
1715 4335 1770 4388 in
1805 4333 2013 4404 digito,

437 4441 599 4503 atque
623 4436 984 4486 ostentantem
1003 4469 1021 4495 ,
1043 4441 1338 4496 serumque
1361 4425 1467 4482 ﬁlis
1491 4426 1788 4491 amictum,
1815 4442 1880 4482 ac
1901 4441 2019 4482 ser-

439 4528 521 4580 vis
565 4524 858 4594 stipatum,
903 4535 1061 4575 coma
1103 4519 1382 4582 demissa,
1423 4516 1600 4584 ﬂava,
1659 4517 2018 4587 studioseque

437 4625 685 4687 compta,
723 4614 1014 4684 torquibus
1041 4613 1226 4667 auri-is
1254 4620 1577 4667 exornatum
1597 4651 1611 4676 ,
1642 4620 1696 4665 et
1733 4611 1883 4666 sellis
1928 4627 2020 4665 ar-

439 4710 649 4781 genteis
684 4706 1012 4762 insidentem
1046 4706 1352 4775 superbeve
1383 4703 1727 4759 incedentem
1752 4744 1767 4765 ,
1800 4704 2018 4774 magni-

441 4804 541 4858 ﬁce
575 4802 643 4857 de
679 4817 738 4856 se
772 4801 1136 4862 sentientem,
1170 4797 1457 4870 magnifice
1485 4813 1546 4853 se
1572 4798 1918 4866 jactitantem
1950 4797 2020 4852 ob

441 4911 722 4953 servorum
750 4893 1205 4962 adulatorumque
1236 4891 1676 4956 multitudinem,
1705 4906 1843 4961 quos
1873 4905 2022 4945 sum-

443 4988 657 5061 ptuosis
684 4985 890 5041 mensis
937 4984 1108 5038 allicit
1135 5025 1150 5048 ,
1187 4985 1256 5038 ob
1301 4983 1695 5049 salutationes,
1749 4998 1890 5053 quas
1943 4983 2023 5036 illi

449 5095 642 5134 omnes
679 5079 736 5132 in
773 5076 951 5132 forum
985 5074 1256 5138 aﬂ‘erunt,
1309 5075 1439 5131 dum
1481 5075 1532 5130 ei
1575 5091 1700 5130 cum
1735 5075 2024 5130 lictoribus

446 5169 755 5226 advenienti
797 5177 893 5223 aut
923 5183 954 5223 e
988 5167 1266 5223 subselliis
1306 5176 1639 5238 assurgunt,
1675 5175 1770 5222 aut
1801 5167 2021 5223 obviam

446 5261 772 5333 procedunt,
797 5268 890 5314 aut
911 5276 1035 5315 eum
1061 5260 1370 5327 deducunt,
1395 5260 1772 5316 reducuntve?
1794 5259 2026 5327 Quando

447 5357 726 5426 principes
751 5357 888 5410 istos
913 5356 1193 5424 aspexeris
1219 5371 1343 5411 cum
1374 5371 1571 5424 magna
1598 5354 1866 5425 praeconis
1895 5369 2028 5409 voce

452 5446 805 5518 prodeuntes,
842 5446 1064 5514 quando
1095 5447 1296 5502 videris
1323 5461 1420 5502 eos
1451 5446 1580 5501 huic
1610 5455 1874 5503 terrorem
1901 5446 2029 5516 inji-

451 5541 660 5594 cientes
680 5576 694 5600 ,
725 5537 876 5590 illum
908 5539 1176 5597 caedentes
1209 5539 1519 5613 indignatos
1541 5580 1556 5608 ,
1584 5541 1748 5596 alium
1783 5539 2024 5611 proscri-

523 5651 545 5682 ⁸
571 5647 706 5704 Gen.
746 5663 829 5716 ιιι,
863 5650 950 5704 19.

2124 4357 2222 4411 νην
2253 4339 2351 4411 τὴν
2389 4340 2496 4394 τῶν
2522 4339 2834 4410 πολυτίμων
2880 4338 3146 4411 φέροντα,
3192 4339 3287 4390 καὶ
3340 4337 3516 4410 ταύτῃ
3567 4339 3722 4408 μέγα

2125 4432 2458 4503 φρονοῦντας
2494 4433 2736 4504 σηρικῶν
2771 4432 3008 4502 νήμασιν
3047 4429 3459 4500 ήμφιεσμένονς
3493 4431 3722 4494 οἰκέτας

2126 4525 2348 4594 ἕχοντα;
2372 4526 2545 4597 κόμας
2567 4524 2859 4596 ἀνειμένας
2889 4525 2983 4577 καὶ
3003 4523 3204 4587 ταύτας
3226 4520 3441 4587 ξανθὰς.
3470 4523 3566 4575 καὶ
3592 4524 3723 4576 ἐπι-

2125 4615 2285 4686 τηδεύ
2295 4633 2424 4687 μασι
2444 4614 2736 4680 σοϐοῦντας
2761 4614 3030 4686 μανιάκας
3052 4613 3287 4684 χρυσοῦς
3312 4615 3686 4684 περιφέροντα
3705 4633 3722 4677 ;

2128 4710 2215 4762 ἐπ’
2236 4711 2483 4780 ἀργυρᾶς
2507 4708 2774 4778 καθέδρας
2804 4707 3166 4776 καθεζόμενον
3192 4721 3206 4769 ;
3239 4706 3381 4776 μέγα
3399 4705 3720 4776 βαδίζοντα;

2132 4801 2274 4872 μέγα
2309 4801 2704 4872 φθεγγόμενον;
2745 4800 2888 4869 μέγα
2921 4798 3219 4871 φρονοῦντα
3265 4800 3357 4852 ἐπὶ
3398 4799 3475 4869 τῷ
3519 4799 3723 4868 πλήθει

2127 4895 2235 4948 τῶν
2266 4892 2513 4956 οἰκετῶν,
2541 4892 2650 4945 τῶν
2695 4891 2942 4946 κολάκων
2982 4890 3075 4954 οὕς
3121 4890 3494 4961 ἐπισύρονται,
3529 4891 3627 4942 ἐπί⁵
3649 4893 3724 4961 τῇ

2128 4985 2375 5057 τραπέζῃ
2405 4988 2470 5056 τῇ
2511 4983 2813 5048 πολυτελεῖ,
2844 4983 2938 5036 ἐπί
2969 4986 3080 5044 τοῖς
3111 4983 3422 5054 ἀσπασμοῖς
3470 4975 3550 5044 οἷς
3582 4983 3729 5034 πάν-

2128 5094 2220 5140 τες
2246 5074 2394 5145 αύτῷ
2417 5075 2751 5146 προσάγουσι
2784 5073 2912 5143 περὶ
2948 5073 3048 5140 τὴν
3075 5069 3286 5142 ἀγορὰν
3347 5071 3399 5124 οἱ
3435 5071 3730 5135 ἐξανιστάμ-

2135 5187 2284 5241 μενοι
2311 5168 2420 5222 τῶν
2453 5165 2687 5238 βάθρων,
2724 5165 2775 5218 οἱ
2817 5163 3301 5236 προαπαντῶντες,
3336 5166 3386 5216 οἱ
3421 5164 3730 5234 τιταραπέμ⁴

2133 5280 2325 5326 ποντες
2348 5302 2364 5326 ,
2415 5261 2464 5314 οἱ
2523 5257 2848 5331 ραϐδοῦχοις
2886 5259 3054 5310 Ὅταν
3103 5256 3217 5328 ἴδῃς
3277 5257 3405 5317 τοὺς
3452 5254 3732 5326 ἄρχοντας

2131 5356 2356 5416 τούτους
2385 5353 2513 5415 τοὺς
2549 5351 2642 5404 ἐπὶ
2690 5351 2894 5421 κήρυκι
2923 5349 3101 5419 ὑψηλῇ
3132 5351 3197 5418 τῇ
3227 5349 3375 5417 φωνῇ
3413 5347 3732 5418 προαγομέ-

2134 5462 2287 5511 νουςο
2316 5446 2443 5498 ὅταν
2471 5443 2586 5517 ῐδῃς
2611 5440 2805 5504 αὐτοὺς
2829 5439 3127 5509 φοϐοῦντας
3157 5437 3247 5491 τὸν
3288 5437 3457 5500 δεῖνα,
3502 5438 3600 5490 καὶ⁹
3633 5439 3732 5489 τὸν

2135 5539 2282 5593 δεῖνα
2312 5535 2562 5602 ξέοντας,
2607 5530 2764 5587 ἄλλον
2808 5530 3162 5603 δημεύοντας,
3209 5530 3462 5584 κάκεῖνον
3507 5528 3732 5600 θανάτῳ
