3886 6214
245 166 360 228 295

998 169 1066 225 ΙΝ
1103 171 1355 240 VERBA,
1397 173 1780 231 FACIAMUS
1824 177 2219 246 IIOMINEH,
2258 179 2433 244 ETC.,
2474 181 2680 240 ORAT.
2727 183 2788 238 II.

250 284 676 356 παραδιδόντας·
711 285 787 357 μὴ
808 286 1052 360 φοϐηθῇς
1088 289 1159 344 τά
1199 288 1474 361 ὁρώμενα,
1503 293 1576 362 μὴ
1608 295 1812 366 πτοηθῇ

1918 346 1920 356 ,
1955 296 2146 352 bentes
2166 337 2181 361 ,
2216 297 2382 352 alium
2415 301 2593 370 capite
2622 303 2948 369 niultantes,
2984 313 3044 359 tu
3073 321 3136 362 ea
3168 324 3236 362 ne
3267 309 3526 367 formida-

248 377 346 429 ἐπὶ
394 380 509 441 τοῖς
554 379 881 448 γινομένοις,
929 379 1019 433 τὸν
1063 383 1243 446 αὐτοῖς
1295 385 1725 455 προστάσσοντα,
1765 388 1841 458 μὴ

250 463 439 538 ξενίσῃ
482 484 542 519 σε
587 470 621 537 ή
670 469 961 535 φαντασία.
1010 469 1375 543 Ἐνθυμήθητι
1419 474 1775 541 ὅτίὲπλασεν
1815 480 1844 531 6

247 554 388 619 Θεὸς
410 555 505 609 τὸν
534 557 821 628 ἄνθρωπον
846 559 974 630 χοῦν
1001 562 1108 614 ἀπὸ
1126 563 1228 631 τῆς
1256 564 1379 633 γῆς.
1411 565 1472 618 Ei
1509 566 1608 636 μὲν
1638 567 1764 620 ἀλλο
1789 569 1842 621 τί

247 648 393 711 ἐστι,
427 648 694 720 φοϐήθητι
719 667 734 680 ⁸
769 653 819 703 εί
846 650 902 704 δὲ
935 650 1062 723 χοῦς
1107 653 1218 706 ἀπὸ
1251 653 1354 724 τῆς
1392 655 1516 726 γῆς,
1563 659 1838 728 καταφρό-

246 751 438 805 νησον.
466 756 485 788 ι
506 738 618 790 Καὶ
640 737 875 794 ἔπλασεν
899 742 927 793 6
947 741 1079 805 Θεὸς
1090 742 1181 795 τὸν
1191 741 1495 814 ἄνθρωπον.
1511 764 1530 796 ι
1552 746 1664 798 Οὐκ
1680 746 1842 812 εὐθὺς

244 826 281 894 ἡ
310 825 468 898 φωνὴ
498 826 612 888 τοῦ,
648 831 901 894 ἔπλασε,
930 835 1181 904 τεχνικήν
1228 853 1349 890 τινα
1395 835 1488 890 τοῦ
1533 837 1670 891 Θεοῦ
1710 841 1840 913 περὶ

242 918 340 968 τόν
374 917 658 989 ἄνθρωπον
688 921 970 994 ἐνέργειαν
998 924 1125 994 ἡμῖν
1141 925 1445 998 ὑποφαίνει.
1474 930 1776 986 «Ἔπλασεν
1809 933 1838 984 6

241 1007 399 1072 Θεός.
420 1036 438 1069 ι
463 1002 604 1077 Ἀρα
621 1009 793 1076 οὕτως
815 1013 1047 1074 ἔπλασεν
1063 1021 1140 1084 ὡς
1155 1021 1228 1074 οί.
1249 1020 1319 1074 τά
1345 1021 1545 1092 πήλινα
1565 1022 1835 1078 πλάσσον-

239 1117 334 1164 τες
363 1119 378 1167 ;
409 1103 485 1166 ὡς
508 1107 558 1157 οἱ
583 1104 674 1158 τὸν
699 1105 901 1177 χαλκὸν
923 1109 1250 1178 χωνεύοιηες
1279 1129 1298 1180 ;
1339 1113 1499 1166 Ἀλλὰ
1525 1115 1836 1187 ἀνδριάντος

243 1192 349 1260 μὲν
381 1194 598 1260 πλάσις,
629 1197 724 1251 καὶ
767 1199 943 1270 γύψου
981 1202 1288 1268 διάπλασις,
1326 1205 1489 1276 μέχρι
1517 1208 1836 1276 ἐπιφανείας

236 1284 342 1354 τὴν
373 1288 603 1358 μίμησιν
643 1289 779 1359 ἔχει.
813 1288 968 1356 Εἶδες
1024 1292 1114 1346 τὸν
1156 1295 1449 1365 ἀνδριάντα
1487 1297 1604 1359 πῶς
1636 1297 1834 1366 ἕστηκε

240 1377 385 1446 μετά
409 1396 553 1443 τινος
578 1381 763 1451 ήθους.
790 1383 861 1435 Ἢ
884 1383 1054 1454 θυμὸν
1075 1386 1326 1456 ἐμφαίνει
1367 1387 1396 1440 6
1430 1386 1524 1440 106
1569 1388 1831 1459 στρατιάν

233 1483 334 1519 του
374 1469 614 1540 ἀνδριάς,
656 1473 689 1543 ἦ
743 1476 1058 1542 γυναικείαν
1109 1476 1346 1530 διάθεσιν
1390 1480 1419 1531 6
1455 1479 1672 1548 χαλκὸς,
1703 1481 1832 1534 ὅταν

231 1561 318 1622 εἰς
350 1567 584 1630 γυναῖκα
616 1568 983 1639 σχηματισθῇ,
1034 1570 1130 1622 εἴτ’
1179 1569 1325 1636 ἄλλο,
1379 1571 1502 1624 ὅσον
1541 1571 1762 1626 δύναται
1797 1575 1828 1643 ή

1951 390 2132 451 veris,
2167 405 2304 446 neve
2351 392 2474 446 illos
2509 393 2603 462 qui
2645 409 2736 448 res
2774 397 3042 463 ejusmodi
3087 398 3313 467 jubeant
3355 403 3524 461 fueris

1947 479 2269 536 admiratus.
2303 481 2380 537 Nc
2412 492 2466 536 te
2494 485 2678 553 opinio
2705 486 2875 540 fallat.
2901 488 3169 546 Memento
3193 491 3363 550 Dt-nm
3393 512 3526 551 con-

1943 568 2108 624 ﬂesse
2155 572 2430 627 hominem
2471 589 2502 629 e
2549 575 2680 630 limo
2727 585 2904 632 terrae.
2957 578 3012 633 Si
3057 582 3188 649 quid
3221 584 3368 638 aliud
3403 598 3520 648 est.

1943 663 2277 732 extimesce,
2330 669 2415 720 sin
2453 675 2612 721 terra:
2645 669 2824 736 pulvis
2849 708 2864 733 ,
2897 685 3210 741 aspernare.
3243 692 3261 725 ι
3295 675 3359 728 Et
3406 677 3521 732 for-

1942 753 2110 807 mavit
2163 755 2303 810 Deus
2351 755 2652 810 hominem.
2687 775 2705 806 ι
2735 758 2809 811 Ea
2859 774 2998 823 vox,
3040 760 3350 829 Formavit,
3409 782 3519 820 non

1939 845 2190 914 protinus
2243 847 2296 901 in
2350 848 2571 905 homine
2623 851 2871 908 faciendo
2923 857 3165 911 declarat
3226 859 3519 914 artiﬁcium

1939 934 2055 990 Dei.
2102 937 2355 1010 Nunquid
2402 941 2653 997 formavit
2688 946 2960 1002 hominem
2997 950 3455 1019 quemadmodum
3487 967 3520 1006 e

1936 1024 2052 1079 Into
2081 1028 2228 1098 figuli
2259 1032 2464 1098 aliquid
2496 1033 2762 1105 efﬁngunt
2783 1077 2797 1100 ,
2839 1048 2932 1092 aut
2964 1041 3418 1109 quemadmodum
3449 1059 3517 1098 ex

1935 1131 2042 1170 tere
2068 1120 2310 1174 conﬂant
2349 1124 2556 1194 aliquid
2600 1130 2902 1184 statuarii?
2939 1131 3158 1187 Minime
3186 1149 3337 1188 vero.
3378 1134 3514 1188 Nam

1937 1215 2117 1262 statua
2154 1211 2374 1279 quidem
2417 1215 2762 1272 extrinsecus
2807 1226 3020 1274 tantum
3055 1223 3291 1292 speciem
3326 1238 3392 1278 ac
3435 1228 3514 1280 si-

1934 1299 2297 1356 militudinem
2330 1305 2566 1374 praefert.
2605 1307 2833 1374 Vidisti,
2892 1317 3164 1382 quomodo
3194 1325 3375 1370 statua
3403 1332 3518 1371 mo-

1935 1405 2028 1445 res
2059 1392 2275 1462 aliquos
2305 1399 2610 1466 exprimat,
2643 1406 2874 1474 exempli
2907 1411 3076 1476 gratia
3111 1410 3194 1462 vel
3223 1410 3360 1465 iram
3382 1452 3397 1474 ,
3426 1412 3513 1466 in-

1933 1482 2413 1556 dignationemque
2435 1533 2448 1555 ,
2482 1492 2528 1545 si
2579 1492 2780 1550 referat
2812 1498 3194 1568 imperatorem
3215 1541 3230 1564 ,
3265 1505 3349 1557 vel
3391 1520 3514 1559 mu-

1935 1574 2160 1630 liebrem
2194 1580 2467 1638 levitatem
2491 1624 2506 1647 ,
2543 1587 2589 1640 si
2628 1586 2885 1644 feminam
2923 1592 3184 1661 aliquam,
3238 1597 3321 1650 vel
3364 1598 3512 1652 aliud

230 1649 421 1723 τέχνη,
448 1653 536 1708 διὰ
565 1656 666 1726 τῆς
700 1661 984 1730 μιμήσεως
1009 1661 1318 1730 συνεισάγει
1340 1664 1407 1716 τὰ
1438 1663 1534 1716 τοῦ
1563 1664 1728 1734 ἤθους
1751 1664 1812 1736 τίς

1930 1667 2209 1739 quidpiam
2247 1689 2560 1744 congruens
2599 1680 2688 1744 ei,
2725 1683 2869 1750 quod
2913 1649 3204 1754 efﬁngitur,
3239 1649 3511 1756 quatenus

229 1747 564 1818 χαρακτῆρι.
597 1749 732 1802 Θεοῦ
761 1749 816 1804 δὲ
844 1752 1040 1816 πλάσις
1094 1755 1154 1806 οὑ
1193 1754 1417 1825 τοιαύτη
1438 1796 1453 1820 ,
1482 1755 1597 1810 ἀλλ’
1624 1755 1826 1810 ἔπλασε

226 1835 328 1888 τὸν
370 1836 677 1909 ἄνθρωπον,
730 1845 894 1914 καὶὴ
950 1845 1318 1917 δημιουργικὴ
1367 1847 1533 1900 αὑτοῦ
1578 1849 1825 1920 ἐνέργεια

228 1928 414 1980 πάντα
436 1929 816 2001 διωργάνωσεν
857 1936 948 1989 ἐπὶ
973 1937 1036 1989 τὸ
1075 1936 1238 2006 βάθος
1265 1939 1414 2011 χωρή
1425 1956 1562 1992 σασα
1591 1939 1820 1997 ἔνδοθεν.

227 2020 293 2072 Εἰ
346 2023 470 2092 ἐμοὶ
509 2026 765 2080 τοσοῦτον
803 2029 996 2099 περιῆν
1043 2030 1258 2101 σχολῆς,
1302 2031 1388 2084 ἴνα
1432 2049 1512 2084 σοι
1546 2032 1706 2096 δείξω
1729 2034 1822 2088 τοῦ

225 2113 518 2184 ἀνθρώπου
541 2116 640 2187 τὴν
677 2122 1038 2193 κατασκευὴν,
1064 2124 1156 2175 καὶ
1198 2123 1399 2194 ἔμαθες
1422 2123 1480 2188 ἐξ
1502 2123 1696 2176 ἑαυτοῦ
1725 2125 1822 2196 τὴν

223 2203 362 2273 περὶ
390 2204 447 2257 σὲ
474 2208 668 2276 σοφίαν
703 2209 801 2262 τοῦ
832 2210 988 2274 Θεοῦ,
1031 2213 1113 2264 ὅτι
1156 2213 1296 2266 κατὰ
1339 2212 1596 2282 ἀλήθειαν
1628 2214 1823 2284 μικρὸς

223 2295 433 2363 κόσμος
454 2296 761 2369 ἄνθρωπος,
791 2301 883 2354 καὶ
933 2301 1116 2366 καλῶς
1153 2301 1416 2372 ἐποίησαν
1463 2304 1512 2356 0i
1541 2303 1716 2374 τούτῳ
1741 2303 1821 2374 τῷ

219 2386 450 2457 ὀνόματι
477 2389 636 2444 αὑτὸν
667 2392 1150 2464 ἀποσεμνύνοντες.
1188 2396 1358 2450 Πόσαι
1413 2397 1540 2466 περὶ
1580 2397 1642 2449 τὸ
1680 2398 1820 2467 πρᾶ-

215 2495 343 2548 γμα
369 2480 524 2534 τοῦτο
569 2489 944 2555 πραγματεῖαι
987 2488 1488 2559 καταναλώθησαν;
1519 2489 1585 2540 Αἱ
1632 2506 1818 2556 φυσιο-

213 2568 404 2640 λογίαι
436 2574 544 2628 τῶν
570 2578 788 2648 ἰατρῶν,
811 2580 917 2633 τῶν
939 2582 1265 2651 γυμναστῶν
1294 2583 1351 2634 αἱ
1381 2583 1814 2654 παρατηρήσεις,

209 2660 256 2732 ἦ
288 2665 414 2732 περὶ
455 2666 767 2738 ἀναλογίας,
813 2672 846 2742 ἢ
900 2675 1026 2742 περὶ
1063 2673 1173 2727 τῶν
1222 2673 1397 2744 μελῶν
1434 2674 1572 2744 πρὸς
1610 2673 1818 2744 ἄλληλα

210 2759 587 2826 συμμετρίας,
612 2763 741 2832 περὶ
765 2763 1002 2834 πλήθους
1032 2765 1422 2836 πολυσαρκίας,
1442 2765 1616 2820 ταῦτα
1640 2765 1815 2818 πάντα

206 2846 304 2910 εἰς
337 2848 435 2919 τὴν
482 2852 610 2922 περὶ
650 2853 939 2926 ἀνθρώπου
982 2857 1269 2912 διάπλασιν
1321 2858 1650 2929 εἰσέρχεται.
1706 2857 1814 2910 Καὶ

199 2935 390 2992 πόθεν
415 2942 538 3011 ἐμοὶ
565 2945 594 2996 6
615 2944 775 3014 λόγος
809 2949 1090 3015 τοσοῦτος,
1133 2949 1276 3003 ὥστε
1319 2949 1607 3021 δυνηθῆναί
1642 2965 1708 3019 με
1737 2949 1813 2999 εί-

201 3031 346 3083 πείν
370 3032 508 3102 μετά
523 3035 806 3109 ἀκριϐείας
828 3041 927 3093 ὅσα
944 3043 1001 3095 ὲν
1021 3044 1120 3114 μιᾷ
1137 3045 1286 3113 φωνῇ
1305 3041 1398 3094 τοῦ
1415 3041 1648 3095 ἔπλασε
1664 3056 1813 3110 περι-

202 3121 402 3190 έχεται
426 3142 441 3191 ;
470 3124 550 3178 Τὰ
576 3126 635 3179 δὲ
656 3129 921 3200 πρόχειρα
941 3131 1045 3186 κᾶν
1066 3132 1178 3201 ἐγὼ
1202 3134 1277 3204 μὴ
1303 3134 1459 3197 εἴπω,
1487 3132 1550 3184 σὺ
1581 3125 1748 3191 οἶδας.

1929 1760 2033 1814 arti
2069 1776 2398 1819 concessum
2435 1780 2538 1824 est.
2571 1772 2640 1824 At
2674 1787 2813 1842 opus
2855 1775 3146 1831 formatum
3182 1795 3212 1832 a
3253 1781 3363 1835 Deo
3399 1797 3508 1836 non

1927 1859 2011 1906 est
2038 1853 2332 1922 ejusmodi.
2369 1857 2461 1914 Sic
2491 1861 2636 1916 enim
2672 1864 2947 1920 hominem
2980 1869 3268 1935 conflavit,
3298 1881 3358 1926 ιιι
3385 1889 3508 1928 om-

1926 1959 2026 1998 nes
2061 1945 2210 2002 iIlius
2241 1957 2428 2017 partes
2456 1951 2608 2008 intus
2639 1955 2802 2009 etiam
2837 1957 3191 2027 informaret,
3231 1971 3394 2031 atque
3424 1964 3509 2018 di-

1925 2037 2252 2107 stingueret.
2282 2040 2337 2096 Si
2369 2049 2582 2099 tantum
2614 2057 2930 2118 suppeteret
2954 2053 3124 2106 otium
3145 2095 3158 2118 ,
3190 2062 3249 2108 ut
3289 2070 3505 2124 possem

1925 2129 2023 2182 tibi
2071 2129 2296 2186 humani
2333 2138 2583 2205 corporis
2625 2137 2886 2194 fabricam
2931 2144 3240 2213 explicare,
3281 2161 3503 2215 Operam

1922 2220 2108 2301 darem
2132 2264 2146 2289 ,
2181 2231 2239 2277 ut
2265 2240 2328 2279 ex
2368 2234 2421 2281 te
2450 2229 2568 2297 ipso
2594 2229 2684 2284 Dei
2717 2232 3038 2301 sapientiam
3064 2236 3116 2288 in
3147 2238 3362 2292 homine
3392 2237 3508 2293 for-

1920 2295 2123 2367 mando
2157 2329 2521 2386 cognosceres
2541 2359 2556 2383 ,
2583 2329 2746 2391 teque
2770 2339 2899 2378 vere
2937 2340 3164 2394 parvum
3193 2343 3316 2382 esse
3341 2344 3503 2383 mun-

1920 2400 2050 2455 dum
2074 2403 2428 2475 intelligeres.
2451 2406 2562 2463 Nec
2582 2412 2724 2466 male
2748 2411 2992 2468 fecerunt
3013 2455 3026 2476 ,
3046 2417 3136 2486 qui
3162 2417 3262 2471 hoc
3284 2418 3506 2473 nomine

1921 2491 2196 2548 hominem
2231 2497 2774 2555 commendaverunt.
2817 2502 3002 2557 Multae
3039 2505 3092 2558 in
3133 2505 3236 2560 hoc
3273 2509 3496 2576 negotio

1920 2588 2048 2635 tota:
2085 2582 2197 2638 fere
2227 2595 2522 2641 versantur
2551 2598 2730 2656 artes,
2763 2602 2823 2646 ιιι
2851 2595 3133 2650 naturales
3165 2596 3503 2657 medicorum

1919 2670 2245 2741 facultates,
2278 2685 2339 2730 ut
2366 2690 2781 2749 gymnastarum
2806 2684 3254 2749 observationes,
3284 2703 3404 2757 quae
3435 2690 3504 2743 de

1918 2766 2277 2834 proportione
2300 2811 2316 2834 ,
2354 2785 2710 2843 congruaque
2740 2776 3112 2831 membrorum
3147 2779 3290 2833 inter
3321 2795 3382 2834 se
3413 2780 3502 2833 di-

1917 2857 2236 2922 mensione,
2264 2868 2359 2913 aut
2379 2865 2583 2932 mqual't
2610 2865 2902 2921 humorum
2934 2871 3093 2939 copia
3115 2909 3130 2932 ,
3165 2879 3219 2924 et
3247 2873 3501 2942 corporis

1918 2947 2186 3005 obesitate
2231 2950 2537 3022 disputant.
2589 2955 2684 3011 Ha:
2733 2971 2971 3030 namque
3013 2975 3205 3016 omnes
3247 2966 3500 3034 corporis

1917 3039 2093 3092 nostri
2143 3042 2497 3098 considerant
2545 3047 2863 3103 artificium.
2924 3049 3078 3106 Unde
3130 3063 3311 3108 autem
3363 3055 3495 3108 mihi

1917 3135 2072 3183 tanta
2111 3131 2330 3186 dicendi
2382 3135 2465 3188 vis
2505 3145 2560 3189 et
2609 3138 2830 3194 ubertas
2877 3142 3175 3208 orationis,
3232 3153 3289 3197 ut
3338 3147 3501 3216 plane

207 3217 428 3287 possim
463 3221 777 3290 explicare,
811 3239 974 3294 quam
1008 3227 1176 3280 multa
1206 3227 1370 3281 unico
1399 3225 1493 3278 ino
1524 3223 1691 3278 verbo
1715 3260 1731 3285 ,
1769 3217 2068 3287 Formavit,
2106 3225 2694 3294 comprehendantur?
2737 3229 2874 3285 Nam
2905 3249 3027 3302 qua:
3061 3235 3306 3290 laciliora
3330 3248 3457 3292 sunt
3477 3278 3495 3304 ,

201 3319 269 3364 et
295 3311 348 3363 in
381 3324 632 3384 promptu
655 3358 669 3381 ,
694 3317 859 3371 etiam
889 3335 975 3374 me
1003 3330 1219 3375 tacente
1248 3321 1604 3392 cognoscitis.

291 3404 567 3460 Ἐπλασεν
614 3407 645 3458 6
701 3409 834 3474 Θεὸς
886 3411 1071 3482 ὀρθόν·
1129 3413 1408 3485 ἐξαίρετον
1464 3413 1670 3485 ταύτην
1726 3430 1808 3466 σοι

200 3493 310 3566 τὴν
349 3495 640 3552 διάπλασιν
675 3502 829 3574 παρὰ
870 3503 940 3558 τὰ
980 3505 1144 3560 λοιπά
1189 3506 1305 3570 ζῶα
1351 3505 1539 3560 ἔδωκε.
1577 3507 1674 3560 Διὰ
1711 3505 1806 3573 τί;

202 3588 402 3660 ἐπειδὴ
432 3589 712 3661 ἐξαίρετόν
759 3610 841 3646 σοι
895 3597 988 3649 καὶ
1039 3596 1137 3668 τὴν
1179 3598 1458 3670 ἐνέργειαν
1500 3599 1807 3653 ἀποδιδόναι

203 3677 427 3746 ἔμελλε.
462 3681 543 3734 Τά
575 3683 674 3752 μὲν
705 3683 815 3757 γὰρ
841 3684 995 3752 ἄλλα,
1029 3688 1354 3760 βοσκήματά
1380 3691 1516 3752 ἐστι,
1553 3690 1646 3743 καὶ
1671 3689 1808 3760 πρὸς

199 3771 244 3824 ἃ
281 3771 516 3841 πέφυκε,
553 3775 693 3847 πρὸς
723 3775 896 3831 ταῦτα
941 3778 1052 3849 ἔχει
1098 3781 1199 3850 τὴν
1245 3785 1609 3853 κατασκευήν.
1655 3782 1808 3850 Ἐγε-

202 3864 350 3935 νήθτι
373 3865 435 3918 τὸ
467 3867 742 3936 πρόϐατον
769 3869 1047 3940 νέμεσθαι,
1083 3872 1234 3926 κάτω
1272 3871 1384 3944 ἔχει
1433 3874 1532 3939 τὴν
1565 3875 1805 3945 κεφαλὴν

203 3961 600 4024 συννεύουσαν,
647 3965 715 4034 τῇ
763 3964 960 4034 γαστρὶ
1003 3965 1214 4034 ὲνορᾷν,
1264 3969 1359 4018 καὶ
1404 3968 1517 4028 τοῖς
1559 3967 1663 4019 ὑπὸ
1705 3984 1806 4034 γα-

201 4053 398 4124 στέρα,
429 4053 615 4124 ἐπειδὴ
649 4053 802 4117 τέλος
843 4055 1073 4118 ἐκείνοις
1108 4057 1532 4128 εὐδαιμονίας,ή
1567 4059 1803 4129 γαστρὸς

198 4142 491 4213 πλήρωσις
537 4143 632 4196 καὶ
673 4143 993 4208 ἀπόλαυσις.
1049 4145 1367 4218 Ἀνθρωπος
1407 4147 1464 4199 δὲ
1510 4148 1692 4201 οὐκέτι
1721 4151 1800 4212 είς

1988 3403 2265 3463 Formavit
2321 3408 2466 3466 Deus
2516 3412 2794 3469 hominem
2851 3426 3101 3485 rectum;
3161 3421 3494 3492 singularem

1909 3497 2048 3552 hanc
2095 3501 2236 3566 tibi,
2287 3503 2486 3569 homo,
2541 3505 2772 3562 formam
2818 3512 3130 3576 concessit,
3181 3531 3344 3585 quam
3402 3518 3494 3573 alii

1907 3590 2056 3646 dedit
2089 3593 2406 3648 animalium
2453 3597 2612 3651 nulli.
2662 3597 3028 3664 Quamobrem
3061 3605 3086 3657 ?
3124 3607 3252 3674 quia
3300 3608 3493 3678 singu-

1908 3683 2075 3737 larem
2111 3686 2276 3739 etiam
2309 3689 2582 3743 actionem
2615 3700 2734 3745 erat
2759 3693 3083 3750 traditurus.
3116 3695 3344 3768 Reliqua
3374 3702 3494 3754 ani-

1906 3777 2067 3829 malia
2098 3786 2228 3832 sunt
2261 3779 2455 3846 bruta,
2497 3791 2552 3836 et
2595 3783 2688 3836 illa
2734 3793 3018 3854 spectant,
3075 3790 3141 3842 ad
3190 3807 3312 3861 qua:
3360 3805 3490 3847 nata

1908 3876 2060 3922 sunt.
2094 3868 2174 3922 Ad
2205 3879 2425 3940 pastum
2457 3875 2642 3943 genita
2677 3885 2805 3930 sunt
2851 3893 3070 3947 pecora.
3128 3880 3314 3951 Itaque
3363 3899 3492 3954 pro-

1902 3976 2029 4014 nam
2060 3962 2433 4035 deorsumque
2479 3975 2792 4038 vergentem
2847 3969 3077 4025 formam
3129 3973 3372 4042 habent,
3425 3987 3486 4030 ut

1899 4063 2144 4107 ventrem
2168 4093 2183 4118 ,
2215 4062 2271 4108 et
2301 4071 2425 4124 quae
2449 4058 2626 4112 ventri
2655 4059 2900 4129 subjecta
2931 4071 3094 4125 sunt,
3128 4063 3372 4118 videant.
3407 4063 3488 4121 Si-

1899 4143 2122 4212 quidem
2153 4160 2347 4200 eorum
2381 4147 2616 4204 felicitas
2643 4158 2728 4204 est
2757 4152 3000 4220 expletio
3029 4156 3237 4208 ventris
3256 4195 3270 4219 ,
3299 4170 3363 4210 ac
3395 4172 3489 4210 vo-

198 4233 457 4304 γαστέρα
518 4232 726 4304 βλέπει,
783 4233 896 4288 ἀλλ’
954 4237 1034 4299 είς
1089 4236 1160 4289 τὰ
1220 4238 1332 4292 ἀνω
1385 4238 1596 4309 κεφαλὴ
1648 4238 1796 4310 αὐτῷ

1918 4242 2108 4304 uptas.
2148 4235 2325 4291 Homo
2366 4254 2495 4292 vero
2535 4255 2644 4294 non
2677 4248 2922 4296 ventrem
2957 4241 3220 4313 despicit,
3253 4246 3348 4299 sed
3385 4261 3485 4299 su-
3553 4237 3556 4240 ’

201 4323 412 4394 ὑψηλὴ,
466 4324 555 4378 ἵνα
597 4323 698 4396 τὴν
746 4324 858 4378 ἄνω
909 4325 1081 4401 βλέπῃ
1130 4328 1448 4396 συγγένειαν
1467 4346 1480 4359 ·
1530 4326 1798 4400 ὀφθαλμοὶ

198 4415 305 4468 οὐκ
336 4416 416 4478 εἰς
461 4414 559 4485 τὴν
595 4415 700 4487 γῆν
736 4416 1006 4482 νεύοντες.
1057 4419 1148 4491 Μὴ
1175 4421 1353 4474 τοίνυν
1393 4421 1537 4474 ποίει
1572 4423 1796 4475 σεαυτὸν

198 4505 363 4576 παρὰ
389 4506 551 4574 φύσιν
573 4523 588 4537 ο
633 4508 707 4580 μὴ
737 4508 808 4562 τά
847 4511 1010 4581 γήινα
1051 4513 1395 4581 περισκόπει.
1431 4513 1567 4567 ἀλλά
1607 4515 1675 4567 τὰ
1709 4515 1798 4568 οὐ·

200 4597 388 4668 ράνια,
415 4592 478 4651 οὗ
503 4600 533 4652 6
562 4599 796 4671 Χριστός
823 4602 989 4655 ἐστιν.
1041 4620 1060 4652 ι
1099 4604 1160 4656 El
1195 4603 1565 4676 συνηγέρθητε
1604 4623 1622 4654 ι
1661 4605 1792 4675 γὰρ,

197 4693 360 4762 φησὶ,
393 4710 413 4742 ι
438 4691 517 4762 τῷ
562 4692 813 4762 Χριστῷ,
858 4694 927 4748 τὰ
960 4694 1072 4748 ἀνω
1105 4694 1337 4764 ζητεῖτε,
1381 4691 1441 4750 06
1482 4697 1511 4749 6
1561 4697 1795 4768 Χριστός

195 4786 372 4837 ἔστιν.
401 4803 419 4834 ι
448 4783 634 4848 Οὕτως
660 4785 952 4856 ἐπλάσθης.
969 4787 1112 4840 Αὐτὸ
1128 4787 1188 4840 τὸ
1202 4788 1522 4859 διάπλασμα
1537 4789 1790 4844 διδασκα-

193 4876 345 4930 λεῖόν
375 4879 495 4930 ἐστι
526 4877 621 4931 τοῦ
667 4878 852 4942 τέλους
901 4880 1036 4950 πρὸς
1084 4879 1112 4933 ὃ
1158 4881 1408 4949 γέγονας.
1448 4881 1669 4950 Ἐγένου
1705 4883 1792 4934 ἵνα

194 4969 336 5022 Θεὸν
372 4967 594 5040 βλέπῃς,
623 4969 722 5039 οὐχ
770 4970 856 5022 ἵνα
894 4971 986 5023 ἐπὶ
1031 4971 1136 5040 γῆν
1177 4970 1406 5042 σύρηταί
1455 4989 1548 5024 σου
1586 4973 1618 5042 ή
1657 4971 1790 5041 ζωὴ,

194 5061 299 5129 οὐχ
325 5059 414 5112 ἵνα
444 5058 543 5130 τὴν
581 5059 826 5131 κτηνώδη
865 5059 996 5133 ἔχῃς
1046 5061 1364 5124 ἀπόλαυσιν,
1409 5062 1522 5115 ἀλλ’
1562 5063 1650 5115 ἵνα
1693 5062 1793 5134 τὴν

191 5153 452 5222 οὐράνιον
494 5152 748 5224 ἑπιτελῇς
807 5152 1100 5207 πολιτείαν.
1155 5153 1254 5206 Διά
1307 5154 1466 5207 τοῦτο
1525 5153 1690 5224 σοφοῦ
1741 5157 1790 5208 οἱ

193 5243 471 5314 ὀφθαλμοὶ
509 5245 568 5296 ὲν
608 5244 814 5314 κεφαλῇ
861 5244 1050 5308 αὐτοῦ,
1091 5247 1120 5298 6
1162 5246 1324 5315 σοφός
1355 5263 1521 5317 φησιν
1565 5247 1792 5317 Ἐκκλη-

198 5338 452 5407 σιαστής.
484 5337 640 5399 Τίνος
675 5337 731 5390 δὲ
763 5338 864 5390 οὐκ
893 5339 951 5392 ὲν
981 5339 1190 5410 κεφαλῇ
1232 5339 1283 5392 oi
1309 5339 1612 5410 ὀφθαλμοί;
1651 5339 1788 5392 Ἀλλ’

193 5429 256 5481 ὲν
312 5428 524 5498 κεφαλῇ
550 5469 566 5492 ,
614 5429 922 5494 τουτέστιν,
990 5431 1077 5485 ἵνα
1128 5431 1198 5484 τὰ
1247 5430 1428 5503 ὑψηλὰ
1488 5431 1786 5488 σκοπῶσιν.

204 5519 270 5574 Ὀ
297 5519 357 5572 δὲ
393 5521 475 5583 είς
503 5521 572 5574 τά
603 5521 784 5591 ὑψηλά
821 5521 895 5594 μὴ
927 5521 1163 5592 βλέπων,
1195 5523 1310 5578 ἀλλ’
1359 5524 1440 5590 εἰς
1489 5524 1561 5582 τὰ
1597 5525 1783 5597 γήινα,

265 5638 288 5670 ¹
314 5637 529 5695 Coloss.
563 5651 648 5708 nt,
681 5641 731 5696 l.
767 5645 788 5679 ⁸
821 5643 993 5702 Eccle.
1029 5661 1085 5712 n,
1116 5645 1206 5704 Η.

1904 4331 2120 4398 periora
2147 4339 2441 4387 contuetur
2468 4351 2482 4398 ;
2513 4344 2676 4404 caput
2702 4335 2780 4389 illi
2813 4337 3047 4392 sublime
3073 4348 3189 4403 est,
3223 4348 3282 4392 ut
3313 4355 3486 4410 genus

1901 4422 2124 4477 cmleste
2172 4424 2474 4493 suspiciat;
2521 4428 2666 4480 oculi
2716 4443 2826 4482 non
2879 4429 3111 4484 tendunt
3157 4431 3211 4484 in
3260 4443 3482 4486 terram.

1900 4510 2172 4576 Quocirca
2211 4528 2280 4568 ne
2315 4515 2420 4568 vim
2463 4513 2669 4570 inferas
2705 4525 2916 4571 natura:
2955 4528 3079 4574 tuae.
3132 4519 3372 4575 Terrena
3414 4538 3486 4577 ne

1901 4615 2147 4674 spectes,
2185 4606 2281 4661 sed
2313 4607 2559 4662 caelestia
2581 4647 2596 4672 ,
2632 4609 2724 4662 ubi
2775 4607 3032 4666 Christus
3066 4621 3171 4669 est.
3203 4631 3222 4664 ι
3253 4613 3310 4667 Si
3345 4629 3482 4669 con-

1901 4698 2210 4762 surrexisti,
2245 4717 2263 4750 ι
2285 4700 2482 4769 inquit,
2507 4717 2525 4750 ι
2551 4715 2674 4754 cum
2694 4703 2934 4764 Christo,
2957 4720 3078 4774 quae
3094 4721 3310 4760 sursum
3331 4718 3480 4770 sunt,

1897 4791 2155 4858 quaerite,
2184 4791 2274 4844 ubi
2300 4791 2555 4845 Christus
2577 4801 2660 4847 est
2684 4793 2726 4845 ".
2753 4813 2771 4844 ι
2793 4793 2883 4848 Sic
2905 4795 3073 4864 igitur
3095 4797 3358 4851 formatus
3382 4812 3442 4852 es
3461 4837 3478 4861 ,

1897 4889 1951 4934 et
1989 4879 2163 4935 forma
2203 4890 2294 4936 tua
2336 4892 2388 4937 te
2426 4892 2643 4950 monet,
2678 4883 2744 4938 ad
2785 4901 2948 4956 quem
2983 4895 3145 4943 natus
3180 4889 3258 4943 sis
3292 4888 3476 4944 finem.

1896 4971 2122 5028 Genitus
2152 4989 2212 5028 es
2235 5013 2250 5036 ,
2283 4981 2344 5028 ut
2380 4973 2550 5029 Deum
2586 4977 2772 5032 videas
2805 4989 2857 5032 et
2899 4980 3286 5049 contempleris
3307 5021 3322 5043 ,
3367 4996 3478 5034 non

1896 5077 1957 5120 ut
1989 5066 2140 5120 humi
2171 5067 2385 5137 dejecta
2418 5079 2606 5137 serpat
2637 5070 2748 5122 vita
2787 5078 2908 5132 tua,
2947 5086 3058 5124 non
3099 5081 3158 5124 ut
3204 5071 3474 5139 pecudum

1894 5158 2203 5226 voluptates
2229 5157 2589 5222 consecteris,
2619 5158 2712 5213 sed
2743 5167 2802 5212 ut
2822 5161 2992 5214 vitam
3015 5161 3292 5215 cmlestem
3319 5176 3470 5232 agas.

1893 5249 2104 5323 Idcirco
2151 5249 2410 5317 sapientis
2458 5249 2602 5303 oculi
2652 5249 2751 5319 (ut
2791 5253 3012 5320 sapiens
3059 5253 3234 5323 inquit
3281 5253 3472 5310 Eccle-

1893 5320 2135 5410 siastes)
2165 5340 2219 5392 in
2242 5341 2452 5408 capite,
2487 5348 2617 5394 sunt
2644 5341 2819 5410 ipsius
2841 5342 2879 5394 ⁸.
2916 5341 3028 5397 Cur
3053 5320 3233 5398 autem
3263 5361 3371 5399 non
3403 5345 3472 5400 ad

1890 5440 2054 5502 caput
2075 5431 2170 5487 sed
2199 5431 2255 5486 in
2285 5429 2502 5500 capite?
2523 5446 2719 5500 nempe
2756 5440 2812 5486 ut
2841 5449 2964 5503 quae
2995 5435 3210 5489 excelsa
3242 5451 3307 5489 ac
3338 5437 3470 5490 sub-

1889 5525 2039 5581 limia
2086 5532 2249 5592 sunt,
2293 5525 2608 5579 intueantur
2639 5533 2692 5579 et
2729 5525 3016 5596 spcctent.‘
3056 5528 3160 5595 Qui
3191 5537 3371 5585 autem
3403 5543 3472 5587 ea
