3886 6214
376 189 484 245 295

1637 186 1694 242 S.
1735 185 2061 242 GREGORII
2093 183 2394 240 NYSSENI

3527 179 3633 236 235

379 325 488 364 non
518 304 747 376 aspicit,
776 302 870 359 sed
897 308 1113 358 terrena
1135 344 1150 369 ,
1179 301 1225 359 is
1248 301 1438 358 oculos
1466 303 1615 357 humi
1649 303 1860 358 deﬁxos
1887 317 1950 356 ac
1983 331 1991 363 Α

2095 301 2361 372 ρθαλμοὺς
2405 300 2516 371 ἔχει
2550 301 2630 363 εἰς
2660 301 2762 370 γῆν
2798 299 3148 372 συρομένους.
3195 296 3490 367 ὐφθαλμοὶ
3524 297 3622 350 τοί-

379 398 623 468 sepultos
675 395 858 449 habet.
909 391 1067 448 Oculi
1112 408 1244 463 ergo
1289 392 1534 447 rotundi.
1587 393 1764 462 Caput
1794 407 1958 461 super

380 491 641 544 humeros
668 487 907 558 positum
930 525 946 550 ,
976 501 1086 539 non
1122 500 1498 555 compressum
1522 524 1536 546 ,
1565 500 1632 538 ne
1659 485 1730 538 sit
1759 483 1959 537 humile

381 592 545 652 atque
583 579 891 648 abiectum,
928 575 1024 632 sed
1059 578 1260 630 decoro
1297 576 1529 630 cervicis
1569 576 1809 629 culmine
1853 574 1960 627 ful-

385 683 498 726 tum
531 671 738 726 tollitur
763 669 817 723 in
847 670 1100 724 sublime.
1128 667 1372 724 Gemina!
1406 669 1690 723 oculorum
1727 667 1957 738 pupulae.

381 765 575 820 Nonne
607 764 744 818 satis
776 777 920 816 unus
957 770 1076 816 erat
1115 762 1357 815 oculus?
1386 777 1486 816 cur
1517 762 1681 830 igitur
1713 761 1821 814 duo
1850 760 1962 815 dati

383 863 515 912 sunt
536 854 558 908 ?
582 861 640 908 ut
664 852 768 907 sibi
795 851 1036 907 vicissim
1059 860 1246 905 essent
1268 852 1474 905 auxilio
1493 891 1507 912 ,
1534 858 1596 910 ut
1629 851 1964 905 deﬁcientem

384 961 554 999 unum
604 945 744 999 alter
779 944 1180 998 consolaretur.
1218 940 1520 1003 Praeterea,
1574 943 1701 1010 quia
1747 939 1966 994 videndi

379 1037 469 1091 wis
499 1036 545 1090 si
579 1035 649 1090 ab
677 1049 790 1088 uno
817 1041 1030 1086 tantum
1066 1031 1390 1100 proﬁueret,
1423 1039 1570 1084 esset
1601 1029 1964 1092 imbecillior;

379 1144 418 1180 a
449 1127 666 1181 duobus
695 1134 876 1180 autem
911 1123 1157 1179 fontibus
1180 1137 1474 1185 emanans,
1513 1121 1722 1175 ﬁrmior
1745 1129 1849 1175 est.
1883 1119 1968 1174 Si-

387 1219 501 1272 mul
530 1219 676 1272 enim
713 1216 969 1284 utrinque
996 1214 1352 1284 progrediens
1374 1252 1390 1276 ,
1417 1220 1471 1266 et
1499 1227 1856 1274 concurrens,
1888 1217 1958 1263 at-

384 1325 495 1378 que
518 1309 570 1361 in
599 1323 766 1361 unum
791 1304 1072 1360 conﬁuens
1095 1304 1465 1373 conjungitur.
1491 1303 1702 1358 Etenim
1729 1304 1796 1356 ab
1824 1311 1969 1356 utro-

387 1416 498 1470 quc
531 1400 690 1454 oculo
725 1408 979 1467 tanquam
1008 1411 1038 1450 a
1064 1396 1267 1466 duplici
1302 1395 1504 1465 Euripo
1531 1396 1688 1466 longe
1717 1396 1972 1464 prodiens

386 1492 600 1544 canalis
641 1491 751 1542 coit
791 1497 846 1543 et
888 1488 1199 1558 capulatur.
1249 1484 1443 1541 Nonne
1463 1486 1744 1556 conspicis
1771 1501 1969 1545 senes.

2058 409 2153 444 νυν
2211 390 2474 460 κάθηνται
2539 389 2922 460 κυκλοτερεῖς,
2985 386 3226 457 κεφαλῆς
3282 385 3633 455 ἐπικειμένης

2057 485 2169 546 τοῖς
2207 481 2399 552 ὤμοις.
2441 481 2574 534 Ούδὲ
2609 481 2748 550 αὑτὴ
2798 479 3131 543 ἐνδεδυκυῖα,
3162 478 3250 530 ἵνα
3295 475 3370 547 μὴ
3403 477 3638 546 ταπεινὴ

2058 567 2126 644 ᾗ·
2195 571 2308 624 ἀλλ’
2370 570 2652 642 ἐρείσματι
2725 568 2986 638 ἀξιολόγῳ
3046 568 3122 639 τῷ
3182 567 3368 636 αὐχένι
3423 567 3637 620 ἑπίκει-

2061 681 2172 716 ται.
2202 664 2347 715 Ἀνω
2381 664 2414 732 ἡ
2457 661 2702 732 κεφαλὴ,
2757 659 2852 714 καὶ
2892 659 3159 729 ὀφθαλμοὶ
3199 658 3407 728 δίδυμοι
3464 656 3638 726 βολαί.

2062 755 2177 808 Οὐκ
2201 754 2381 824 ἤρκει,
2413 753 2533 805 εἰπέ
2565 767 2676 821 μοι,
2708 748 2823 815 sic;
2867 751 3024 805 Ἀλλὰ
3061 749 3154 803 δύο
3179 748 3450 820 ὀφθαλμοὶ
3475 747 3645 818 ἀλλή-

2063 847 2171 899 λων
2198 846 2460 914 διάδοχοι,
2496 844 2583 897 ἵνα
2606 846 2640 913 ἡ
2672 842 2763 896 τοῦ
2795 843 2914 905 ἑνὸς
2941 841 3182 905 διάλυσις
3202 843 3301 912 τὴν
3331 840 3425 894 τοῦ
3451 840 3643 911 ἑτέρου

2066 936 2416 1007 παραμυθίαν
2447 935 2566 1006 ἔχῃ.
2607 936 2837 989 Ἔπειτα
2877 936 2970 988 κα)⁸
3003 935 3110 988 ἀπὸ
3153 934 3270 997 ἑνὸς
3309 933 3646 1004 προερχόμε-

2067 1047 2158 1083 νον
2204 1029 2267 1083 τδ
2315 1028 2572 1100 ὁρατικὸν
2598 1067 2615 1091 ,
2647 1028 3035 1098 ἀσθενέστερον
3071 1041 3085 1054 ·
3116 1028 3181 1081 ἑκ
3211 1027 3268 1079 δὲ
3308 1024 3400 1079 δύο
3450 1025 3645 1092 πηγῶν

2070 1120 2508 1190 συμϐαλλόμενος
2541 1122 2570 1172 6
2601 1119 2760 1182 όλκὸς
2781 1157 2796 1182 ,
2829 1118 3185 1189 εύτονὼτερος
3237 1117 3463 1186 γίνεται.
3499 1117 3645 1186 Προ-

2067 1211 2231 1265 ῖοῦσα
2265 1211 2372 1283 γὰρ
2403 1213 2435 1280 ἡ
2461 1211 2605 1280 ὄψις,
2636 1210 2771 1280 ὁμοῦ
2809 1211 2905 1280 μὲν
2939 1208 3413 1281 προσαναπαύεται
3438 1208 3511 1277 τῷ
3533 1207 3649 1260 δια-

2068 1305 2383 1375 τειχίσματι
2415 1303 2517 1373 τῆς
2545 1303 2707 1374 ῥινὸς,
2743 1303 2876 1372 ὁμοῦ
2901 1301 2957 1354 δὲ
2991 1301 3377 1374 προκύπτουσα
3409 1299 3646 1352 ἑνοῦταιο

2070 1389 2180 1446 οἷον
2199 1394 2308 1463 γάρ
2336 1411 2420 1456 τις
2441 1393 2626 1462 ὁχετδς
2647 1393 2740 1461 ἀφ’
2769 1391 3032 1462 ἑκατέρας
3057 1391 3155 1460 τῆς
3179 1390 3354 1458 ὅψεως
3382 1389 3646 1460 πρόεισιν,

2072 1483 2322 1538 ἐντεῦθεν
2343 1484 2500 1537 τοῦτο
2524 1483 2585 1536 τὸ
2612 1483 2889 1554 ὁρατικὸν,
2920 1481 3169 1535 κάκεῖθεν
3202 1483 3394 1534 ἑκεῖνο.
3423 1481 3661 1553 1166m-

392 1582 484 1648 qui
524 1595 609 1634 res
656 1580 709 1632 in
756 1579 1064 1649 propinquo
1110 1579 1246 1633 sitas
1292 1577 1493 1632 intueri
1541 1592 1650 1631 non
1698 1577 1974 1647 possunt?

2095 1578 2164 1626 lav
2193 1574 2250 1627 δὲ
2275 1575 2342 1644 τῇ
2381 1571 2621 1642 συμϐολῇ
2651 1571 2860 1624 ἑνοῦται
2879 1587 2892 1601 °
2915 1571 3201 1640 ἑνούμενον
3222 1569 3277 1622 δὲ
3303 1567 3652 1639 ἰσχυρότερον

397 1672 498 1727 Ubi
548 1680 727 1726 autem
773 1673 998 1726 obtutus
1029 1680 1291 1740 tanquam
1323 1670 1781 1726 concurrentibus
1811 1671 1970 1725 undis

2095 1663 2301 1725 rivs'rat.
2329 1660 2424 1724 Τίς
2451 1663 2484 1731 ἡ
2526 1659 2800 1724 ἀπόδειξις
2839 1660 2921 1712 ὅτι
2952 1657 3164 1711 ἑνοῦται
3189 1675 3205 1719 ;
3235 1657 3332 1727 ούχ
3364 1657 3496 1726 ὁρᾷς
3523 1656 3654 1718 τοὺς

396 1767 451 1818 in
484 1779 653 1818 unum
686 1761 1046 1826 conﬂuxerit,
1083 1777 1172 1816 res
1207 1762 1339 1830 ipsae
1373 1761 1584 1817 ﬁrmius
1614 1762 1973 1833 comprehen-

2095 1761 2334 1828 répov'tac
2353 1797 2368 1823 ,
2386 1755 2464 1808 ὅτι
2481 1752 2609 1824 πρὸς
2623 1751 2687 1804 τὰ
2707 1749 2801 1821 μὲν
2816 1746 2976 1814 ἐγγὺς
2989 1749 3047 1801 ού
3065 1747 3344 1818 βλέπουσιν
3362 1767 3376 1816 ;
3433 1749 3653 1818 Ἐπειδὴ

390 1850 623 1904 duntur.
653 1847 772 1902 Jam
802 1850 1086 1904 oculorum
1116 1849 1380 1904 custodia:
1407 1867 1568 1919 quam
1598 1853 1783 1906 mulla:
1813 1859 1969 1906 sunt!

2095 1848 2184 1919 γὰρ
2217 1847 2440 1910 ἀσθενές
2483 1847 2597 1898 ἑστι
2634 1845 2696 1898 τὸ
2747 1844 2997 1915 ὁρατικὸν
3045 1842 3378 1912 σχιζόμενον,
3405 1840 3464 1892 τὺ
3486 1841 3657 1907 ἑγγὺς

392 1940 607 1995 Tunica
643 1942 793 1996 intus
829 1957 932 1994 una
955 1983 971 2008 ,
1008 1940 1104 1996 sed
1136 1941 1252 1995 haec
1287 1958 1396 1996 non
1428 1953 1546 1997 erat
1581 1943 1720 1998 satis
1751 1962 1764 2010 ;
1802 1960 1977 2012 neque

2095 1941 2174 2010 ιύχ
2219 1939 2356 2010 ὁρᾷ·
2407 1939 2538 1992 ὅπου
2585 1937 2642 1990 δὲ
2687 1939 2719 2005 ἡ
2757 1935 2999 2006 συμϐολὴ
3052 1935 3144 2004 τῆς
3189 1933 3362 2001 ὅψεως
3393 1925 3502 1984 οἷον
3559 1933 3659 1984 ἑπὶ

394 2033 540 2087 enim
590 2034 788 2087 molem
832 2048 938 2088 una
980 2034 1293 2091 conﬁceret.
1349 2035 1492 2098 Aut,
1545 2035 1590 2089 si
1636 2040 1974 2100 conliceret,

2095 2031 2415 2103 πλημμύρας
2440 2029 2581 2091 τινὸς
2625 2028 2767 2081 κατὰ
2801 2027 2898 2096 τὴν
2934 2026 3056 2095 όψιν
3085 2025 3394 2094 γινομένης,
3427 2023 3662 2076 εὺτονω-

395 2122 767 2177 crassitudine
821 2139 918 2179 sua
975 2125 1238 2179 cernendi
1293 2124 1399 2178 vim
1448 2125 1761 2196 obtegeret,
1814 2135 1979 2195 atque

2095 2124 2212 2193 τέρα
2244 2123 2451 2191 γίνεται
2501 2118 2608 2171 τῶν
2672 2116 2945 2188 αἰσθητῶν
2973 2119 3006 2184 ἠ
3042 2113 3326 2182 ἀνάληψις.
3358 2114 3468 2168 Καὶ
3492 2113 3665 2165 πόσαι

400 2217 706 2285 impediret.
733 2215 1100 2282 Quamobrem
1128 2232 1355 2271 necesse
1384 2215 1489 2270 fuit
1509 2254 1525 2280 ,
1556 2225 1616 2272 ut
1642 2225 1789 2272 esset
1815 2219 1979 2272 etiam

2095 2215 2210 2285 περὶ
2236 2213 2324 2265 τὸν
2352 2210 2628 2281 ὀφθαλμὸν
2660 2209 2896 2278 φυλακαί
2923 2224 2938 2272 ;
2973 2206 3150 2260 Χιτὼν
3171 2207 3380 2258 ἔνδοθεν
3399 2223 3410 2236 ·
3439 2205 3531 2258 καὶ
3557 2205 3666 2257 οὐκ

399 2310 723 2379 perspicua,
767 2317 822 2364 et
857 2310 1015 2365 levis.
1052 2308 1168 2364 Una
1216 2310 1382 2378 igitur
1429 2311 1717 2379 perspicua
1743 2351 1758 2376 ,
1811 2311 1980 2365 altera

2095 2307 2247 2377 ipxei
2282 2298 2436 2366 οὗτος
2462 2319 2474 2332 ·
2509 2303 2568 2355 οὺ
2619 2301 2729 2372 γὰρ
2757 2299 2988 2370 ἠδύνατο
3039 2295 3119 2360 εἷς
3170 2298 3347 2367 παχὺς
3386 2293 3550 2350 εἶναι.
3599 2295 3665 2348 Εἰ

400 2401 583 2455 tenuis
610 2415 624 2464 ;
651 2400 739 2453 illa
761 2399 983 2470 quidem
1011 2400 1326 2470 crystallina
1348 2438 1364 2461 ,
1391 2399 1506 2453 haec
1531 2409 1712 2455 autem
1745 2415 1981 2470 cornea;

399 2499 455 2544 et
485 2505 604 2559 qua:
635 2490 901 2560 protegit,
927 2491 1158 2556 ﬁrmior,
1184 2507 1306 2561 quae
1334 2491 1480 2546 intus
1506 2500 1621 2555 est,
1651 2492 1890 2558 tenuior,
1918 2509 1987 2548 ne

402 2583 608 2637 aditum
661 2581 1051 2637 intercluderet
1077 2623 1093 2647 ,
1131 2582 1294 2638 tertia
1342 2584 1662 2654 crystallina
1685 2625 1698 2646 ,
1749 2593 1809 2638 ut
1843 2586 1895 2638 in
1928 2601 1988 2640 sc

405 2675 751 2745 Splendorem
788 2677 1150 2746 conspicuum
1187 2676 1519 2730 contineret.
1557 2675 1840 2731 Accedunt
1872 2678 1987 2746 pal-

404 2765 620 2835 pebrae,
655 2779 777 2835 quae
813 2773 942 2820 sunt
969 2765 1256 2820 oculorum
1291 2766 1667 2836 integumenta
1689 2808 1705 2832 ,
1757 2777 1813 2821 et
1866 2782 1990 2836 pro-

404 2857 710 2928 pugnacula
763 2865 817 2911 et
871 2857 1183 2920 domicilia,
1243 2865 1408 2928 atque
1460 2859 1762 2913 custodes:
1816 2875 1992 2928 neque

2085 2397 2263 2468 παχὺς
2302 2391 2401 2465 ἦν,
2443 2392 2816 2465 προκάλυμμα
2865 2391 2929 2445 ἂν
2955 2386 3024 2460 ἦν
3062 2392 3160 2460 τῆς
3195 2391 3390 2460 ὅψεως.
3425 2391 3578 2442 Ἔδει
3608 2390 3665 2443 δὲ

2085 2490 2340 2558 διαφανὲς
2369 2483 2507 2540 εἶναι
2545 2487 2639 2539 καὶ
2681 2485 2935 2554 ἑλαφρόν.
2968 2483 3174 2536 Οὐκοῦν
3201 2478 3279 2546 εἷς
3305 2484 3555 2552 διαυγὴς,
3589 2477 3666 2545 εἷς

2088 2582 2278 2654 ἀραιός
2298 2599 2310 2609 ’
2343 2584 2371 2634 6
2415 2581 2513 2651 μὲν
2545 2577 3028 2650 κρυσταλλοειδὴς,
3064 2579 3092 2630 ὁ
3136 2577 3192 2629 δὲ
3228 2577 3615 2648 κερατοειδήςο
3640 2579 3666 2630 6

2090 2672 2611 2746 προκεκαλυμμένος
2645 2669 3052 2740 ἱσχυρότερος,ὁ
3079 2667 3292 2722 ἔνδοθεν
3322 2670 3662 2740 ἀραιότερος,

2091 2769 2176 2820 ἵνα
2213 2767 2288 2838 μὴ
2314 2765 2496 2836 κωλύῃ
2525 2765 2622 2835 τὴν
2670 2761 2922 2832 πάροδον.
2965 2761 3025 2814 '0
3053 2762 3232 2834 τρίτος
3282 2761 3667 2833 κρυσταλλοει⁶

2091 2859 2206 2929 δὴς,
2243 2859 2331 2911 ἵνα
2363 2859 2420 2910 ἑν
2454 2855 2633 2926 ἑαυτῷ
2677 2854 2776 2925 τὴν
2814 2853 3051 2925 ἔμφασιν
3101 2855 3194 2907 καὶ
3247 2854 3344 2922 τὴν
3389 2852 3667 2921 διαύγειαν

405 2949 550 3003 enim
582 2964 780 3004 manus
812 2964 908 3004 eos
944 2949 1086 3004 tueri
1121 2949 1448 3020 potuissent.
1485 2948 1621 3003 Nam
1657 2949 1788 3004 dum
1817 2951 1991 3004 oculis

2097 2951 2336 3020 ἑκάτερα
2371 2948 2490 3020 ἔχῃ.
2541 2947 2786 3018 Προϐολὴ
2834 2947 2894 2999 τὸ
2941 2946 3244 3016 βλέφαρον,
3297 2945 3670 3015 προκάλυμμα

406 3039 540 3108 ipsa:
581 3037 788 3093 ferrent
831 3040 1132 3102 auxilium,
1178 3040 1398 3094 interim
1446 3039 1795 3096 laederentur.
1845 3041 1994 3107 Quo-

417 3131 566 3184 circa
600 3139 801 3201 prmsto
835 3139 966 3184 sunt
996 3131 1300 3201 palpebrae,
1330 3147 1452 3201 qua:
1483 3148 1651 3202 supra
1684 3133 1993 3194 excubant,

409 3229 466 3276 et
506 3222 670 3277 simul
700 3227 866 3292 atque
906 3221 1295 3276 detrimentum
1339 3232 1766 3292 praesenserant,
1812 3225 1996 3280 statim

413 3312 606 3366 oculos
636 3312 902 3382 obtcgunt
925 3321 981 3366 et
1009 3311 1330 3366 defendunt.
1359 3312 1541 3378 Quare
1565 3322 1619 3368 et
1649 3315 1870 3385 pupillae
1897 3315 2002 3370 sub

412 3405 508 3459 tali
539 3405 659 3460 velo
689 3405 970 3459 collocata:
999 3420 1109 3458 non
1140 3404 1298 3460 facile
1328 3406 1446 3460 lardi
1483 3413 1734 3476 possunt.

2096 3043 2253 3097 τοῦτο
2285 3041 2580 3110 σκέπασμα
2601 3079 2615 3101 ,
2643 3041 2736 3092 καὶ
2767 3033 2878 3093 οἷον
2926 3040 3240 3109 οἰκητήριον
3267 3039 3360 3091 καὶ
3393 3039 3670 3106 φυλακτή-

2097 3133 2214 3204 ριόν
2251 3133 2417 3184 ἑστιν.
2467 3129 2718 3183 Ἐδύνατο
2752 3129 3044 3193 σκεπάζειν
3073 3131 3106 3200 ὴ
3132 3129 3271 3198 χείρ.
3299 3129 3442 3191 Ἕως
3474 3129 3674 3200 ἤρχετο

2095 3226 2130 3295 η
2179 3225 2319 3294 χεὶρ,
2348 3222 2578 3292 ἔφθανεν
2612 3225 2641 3276 6
2679 3222 2955 3292 ὀφθαλμὸς
3001 3221 3418 3292 ἀμαυρωθῆναι.
3453 3221 3574 3274 Νῦν
3621 3222 3677 3274 δὲ

2101 3314 2331 3384 ἰγγύθεν
2367 3312 2684 3384 παράκειται
2705 3311 2764 3366 τὸ
2786 3311 3066 3382 βλέφαρον,
3085 3313 3112 3366 ὃ
3146 3313 3353 3366 ἄνωθεν
3383 3313 3674 3366 ἐπίκειται·

2099 3407 2234 3478 ὁμοῦ
2262 3423 2322 3458 τε
2356 3405 2550 3476 ᾔσθετο
2573 3406 2670 3474 τῆς
2707 3404 2912 3475 βλάϐης
2939 3404 3034 3457 καὶ
3077 3404 3342 3474 προέϐαλε
3373 3404 3436 3456 τὺ
3470 3405 3679 3473 προκά-

411 3499 620 3569 λυμμα.
652 3497 751 3550 Διὰ
780 3495 936 3550 τοῦτο
973 3498 1070 3551 καὶ
1099 3497 1236 3568 κόρη
1268 3498 1372 3551 ὑπὸ
1401 3498 1863 3570 παραπετάσματι
1894 3498 2256 3569 καθεζομένη,
2278 3498 2377 3550 οὐκ
2397 3497 2484 3550 ἀεὶ
2510 3496 2936 3566 εὐεπιχείρητος.

488 3591 601 3644 Soli
647 3605 716 3645 ex
745 3591 1002 3645 omnibus
1029 3591 1288 3646 membris
1315 3591 1458 3644 oculi
1505 3591 1888 3661 palpebrarum
1916 3600 2002 3646 te-

417 3680 690 3753 gumentis
711 3680 910 3750 operti,
943 3680 1186 3750 contingi
1214 3681 1429 3736 nolunt.
1463 3679 1640 3736 Densa
1677 3681 1829 3736 adest
1857 3681 1999 3751 pilo-

417 3790 543 3829 rum
577 3789 756 3843 seges.
786 3772 936 3827 Cur?
964 3781 1023 3828 ut
1052 3775 1354 3844 superioris
1384 3782 1547 3843 atque
1572 3775 1847 3830 inferioris
1880 3775 1998 3844 pal-

416 3865 596 3936 pebra;
635 3865 956 3934 complexus
988 3867 1166 3920 acrior
1191 3867 1285 3920 sit.
1321 3865 1419 3920 Pili
1460 3867 1605 3921 enim
1647 3867 1723 3920 illi
1772 3866 1913 3922 inter
1941 3882 2002 3922 se

417 3956 650 4012 connexi
670 3967 832 4026 atque
861 3957 1109 4027 impliciti
1131 3965 1259 4013 sunt
1285 3957 1534 4027 quaedam
1562 3958 1729 4012 veluti
1759 3958 1998 4014 vincula.

417 4051 500 4106 Ad
535 4049 649 4104 hac
681 4051 925 4106 minutas
955 4050 1148 4120 procul
1189 4058 1378 4106 arcent
1404 4050 1689 4116 bestiolas,
1719 4051 2004 4120 lanugine-

421 4157 622 4213 sasque
659 4143 851 4200 sordes
899 4144 1119 4214 pupillis
1170 4144 1608 4214 appropinquare
1631 4159 1738 4198 non
1792 4146 2000 4208 sinunt,

422 4250 592 4305 seque
624 4235 733 4291 illis
776 4236 1070 4292 imbecillis
1103 4247 1264 4307 atque
1313 4238 1462 4292 omni
1503 4237 1719 4306 injuria:
1749 4236 2003 4292 obnoxiis
2037 4269 2079 4323 υ

423 4333 860 4395 propugnatores
894 4326 1154 4396 praebent.
1191 4326 1368 4396 Atque
1425 4327 1499 4380 ita
1531 4343 1724 4382 eorum
1755 4328 2005 4382 custodia

422 4414 583 4467 nobis
612 4427 736 4467 cum
764 4412 983 4478 decora,
1011 4425 1122 4468 tum
1153 4417 1317 4470 etiam
1343 4417 1494 4472 utilis
1521 4426 1623 4472 est.
1651 4418 1790 4484 Quid
1815 4434 2008 4488 super-

423 4504 610 4557 cilium
638 4503 660 4556 ?
685 4519 867 4559 nonne
887 4506 986 4559 tibi
1009 4506 1325 4575 adjumento
1344 4520 1424 4562 est
1449 4524 1556 4578 quo
1583 4510 1786 4564 rectius
1806 4509 2010 4580 dirigas

424 4595 596 4649 aciem
620 4595 903 4650 oculOrum
925 4597 948 4650 ?
973 4596 1026 4650 id
1047 4597 1190 4668 quod
1221 4599 1324 4651 hoc
1340 4610 1665 4668 argumento
1695 4603 2010 4656 conﬁrmari

423 4693 607 4754 potest
631 4683 896 4750 :Quando
925 4689 1146 4744 conaris
1194 4690 1401 4760 aliquid
1434 4693 1625 4761 procul
1655 4693 1892 4762 positum
1928 4694 2013 4747 in-

426 4777 592 4839 tueri,
646 4792 748 4831 cur
813 4792 1036 4832 manum
1087 4791 1368 4837 extensam
1401 4783 1710 4854 superciliis
1752 4785 2010 4855 imponis,

427 4868 536 4922 nisi
567 4876 628 4921 ut
648 4867 865 4924 videndi
891 4871 974 4925 vis
1005 4887 1168 4940 supra
1195 4874 1424 4942 disjecta
1472 4889 1582 4930 non
1614 4857 2012 4933 temere-dissi-

428 4971 613 5031 petur,
639 4961 735 5016 sed
767 4977 963 5017 manus
991 4963 1210 5031 objeetu
1241 4963 1593 5034 coniunctior
1625 4967 1856 5023 ulterius
1877 4968 2016 5023 fera-

429 5062 521 5107 tur
545 5062 598 5108 et
621 5053 859 5116 acutius,
893 5069 957 5109 ac
987 5056 1193 5109 rectius
1217 5071 1442 5113 munere
1469 5057 1731 5128 fungatur
1764 5060 1910 5114 suo?
1935 5060 2017 5114 sic

431 5143 653 5198 obtenta
684 5159 849 5198 manu
880 5144 1103 5200 luminis
1139 5147 1406 5203 transitus
1437 5141 1711 5218 dirigitur.
1738 5151 1882 5219 Ergo
1923 5166 2018 5204 su-

432 5235 655 5303 perCilia
681 5244 796 5289 tum
831 5237 1029 5292 oculos
1064 5245 1281 5307 regunt,
1319 5247 1436 5294 tum
1461 5241 1681 5297 sudoris
1705 5241 2016 5295 multitudi--

435 5342 580 5390 nem,
609 5343 678 5380 ne
703 5328 770 5380 ab
796 5344 858 5380 ea
894 5336 1282 5399 contegantur,
1309 5332 1640 5401 propellunt,
1662 5347 1830 5402 seque
1852 5333 1928 5386 illi
1961 5341 2020 5387 ut

435 5433 652 5471 murum
698 5418 984 5488 objiciunt.
1019 5418 1154 5483 Quis
1189 5421 1433 5492 agricola
1465 5430 1573 5475 tam
1627 5431 1774 5478 recte
1801 5423 2017 5476 vineam

441 5509 754 5576 disponere,
832 5509 1295 5583 circumjectaque
1367 5514 1604 5570 macerie
1678 5515 2020 5571 communire

2178 3589 2480 3658 ’Δνέπαφον
2498 3589 2655 3642 τοῦτο
2681 3588 2838 3658 μόνον
2867 3587 2974 3640 τῶν
2995 3588 3052 3640 ἑν
3075 3591 3203 3659 ἡμῖν
3235 3587 3411 3659 μελῶν
3435 3587 3686 3659 βούλεται

2105 3675 2244 3733 εἶναι
2276 3681 2305 3733 6
2344 3677 2651 3749 ὀφθαλμὸς,
2683 3677 2788 3730 ὑπὸ
2824 3678 3282 3749 παραπετάσματι
3319 3678 3398 3748 τῷ
3430 3679 3690 3750 βλεφάρῳ

2105 3771 2530 3841 καλυπτόμενος.
2575 3770 2782 3830 Ἀκίδες
2821 3769 2930 3822 τῶν
2960 3771 3163 3842 τριχῶν
3203 3771 3687 3842 περιϐεϐλημέναι.

2105 3863 2207 3918 Διὰ
2247 3863 2320 3924 τί,
2351 3862 2439 3916 ἵνα
2479 3861 2844 3931 ἀκριϐεστέρα
2877 3861 3100 3932 γένηται
3153 3863 3186 3932 ἡ
3230 3862 3530 3932 περιπλοκὴ
3577 3864 3694 3916 τῶν

2110 3955 2392 4028 βλεφάρων
2409 3951 2504 4005 τοῦ
2533 3951 2646 4004 ἄνω
2672 3951 2806 4022 πρὸς
2827 3951 2887 4004 τὸ
2917 3951 3084 4006 κάτω.
3111 3947 3234 4005 Οἷον
3261 3953 3369 4023 γὰρ
3400 3953 3695 4021 σύνδεσμοξ

2108 4051 2244 4102 εἰσιν
2275 4047 2529 4116 ἀλλήλαις
2553 4045 3015 4118 περιπλεκόμεναι
3048 4045 3104 4098 αἱ
3130 4046 3331 4116 τρίχες·
3362 4041 3481 4099 εἶτα
3506 4049 3603 4101 καὶ
3621 4048 3699 4100 τὰ

2108 4140 2278 4195 λεπτά
2310 4139 2418 4193 τῶν
2450 4138 2602 4203 ζώων
2641 4138 2919 4208 πόρρωθεν
2946 4138 3233 4201 tvvs-.0333.
3270 4139 3363 4192 κειὶ
3389 4140 3458 4194 τὰ
3482 4139 3694 4212 κναίιδη

2109 4236 2208 4287 οὐκ
2259 4234 2322 4303 ἑᾷ
2371 4231 2667 4302 πλησιάσαι
2712 4233 2777 4301 τῇ
2831 4231 2968 4301 κόρῃ
3031 4230 3304 4302 δυναμένῃ
3353 4232 3702 4302 πανταχόθεν

2110 4322 2508 4396 ἀμαυροῦσθαι.
2538 4322 2726 4376 οἰκεία
2753 4321 2836 4384 τίς
2861 4323 2977 4374 ἐστι
3011 4321 3225 4392 φυλακὴ
3257 4323 3385 4393 περὶ
3421 4325 3573 4392 ἡμᾶς
3599 4341 3703 4376 πε-

2115 4415 2393 4484 ρικειμένη
2420 4412 2506 4465 διὰ
2543 4411 2652 4464 τῶν
2696 4410 2918 4482 τριχῶν·
2954 4410 3089 4480 ὁμοῦ
3138 4413 3235 4480 μὲν
3272 4414 3338 4482 τῇ
3380 4419 3701 4484 περιγραφῇ

2113 4506 2447 4575 εὐπρέπειαν
2471 4503 2828 4575 χαριζομένη,
2861 4503 2996 4573 ὁμοῦ
3023 4503 3079 4556 δὲ
3118 4504 3215 4574 τὴν
3246 4504 3514 4573 ὠφέλειαν
3558 4524 3707 4576 παρ-

2113 4599 2370 4668 εχομένη.
2417 4597 2616 4666 Ὀφρὺς
2663 4597 2775 4650 ἄνω
2821 4595 3240 4666 προϐεϐλημένη
3271 4599 3469 4651 οἰκεῖον
3501 4599 3709 4669 1:906:5-

2112 4689 2281 4749 λαιον,
2315 4688 2403 4741 ἵνα
2449 4685 2756 4756 κατευθύνῃ
2785 4685 2847 4741 τὸ
2889 4686 3162 4756 ὁρατικόν.
3187 4686 3285 4750 Τίς
3315 4691 3348 4758 η
3387 4687 3705 4754 ἀπόδειξις-ς

2116 4781 2284 4834 ’Ὁταν
2326 4777 2596 4850 βουληθῇς
2644 4776 2928 4850 πόρρωθεν
2961 4777 3280 4842 σκοπεῦσαι,
3314 4779 3408 4832 καὶ
3445 4779 3708 4841 κοιλάνας

2114 4872 2210 4943 τὴν
2241 4874 2397 4941 χεῖρα
2438 4868 2763 4941 ύπερτείνῃς
2791 4867 2901 4920 τῶν
2945 4868 3188 4939 ὀφρύων,
3217 4868 3306 4922 διὰ
3347 4869 3399 4922 τί
3435 4870 3595 4924 τοῦτο
3627 4872 3708 4939 γί-

2115 4982 2297 5027 νεται;
2331 4963 2448 5016 Ἵνα
2473 4963 2533 5014 τὸ
2562 4961 2656 5014 ἑπὶ
2685 4961 2746 5014 τὺ
2775 4960 2888 5014 ἄνω
2927 4960 3352 5034 διαφορούμενον
3382 4963 3482 5032 τῆς
3501 4962 3708 5032 taking,

2121 5056 2194 5128 μὴ
2230 5056 2349 5124 είκῆ
2382 5053 2736 5124 σκεδάννηται
2781 5052 3236 5122 κατευθυνόμενον
3266 5055 3330 5106 ἑκ
3367 5053 3466 5122 τῆς
3500 5054 3710 5125 προϐο-

2117 5146 2213 5216 λῆς
2257 5147 2351 5216 τῆς
2378 5144 2589 5216 χειρὸς,
2623 5145 2716 5196 καὶ
2745 5145 2838 5195 ἐπὶ
2890 5143 2951 5196 τὸ
2995 5143 3305 5214 ἔμπροσθεν
3355 5143 3709 5214 ὠθούμενον,

2117 5233 2513 5304 ἀκριϐεστέραν
2545 5234 2692 5284 ποιεῖ
2720 5230 2816 5284 τοῦ
2852 5231 3108 5301 ὁρατικοῦ
3133 5232 3232 5302 τὴν
3266 5232 3542 5286 διάθεσινο
3571 5235 3607 5305 ἥ
3647 5251 3712 5286 τε

2120 5325 2350 5394 πάροδος
2393 5323 2485 5377 τοῦ
2521 5322 2818 5393 βλεπτικοῦ
2877 5322 3264 5378 κατευθύνεται
3297 5324 3400 5376 ὑπὸ
3426 5327 3526 5394 τῆς
3565 5327 3714 5377 κατὰ

2118 5419 2217 5488 τὴν
2239 5419 2395 5488 χεῖρα
2425 5415 2713 5486 προϐολῆς.
2748 5414 2848 5467 Διὰ
2873 5413 3032 5468 τοῦτο
3061 5415 3261 5486 ὀφρύες
3298 5415 3436 5487 ὁμοῦ
3480 5417 3581 5486 μὲν
3617 5417 3716 5470 τὸν

2121 5509 2399 5566 ὀφθαλμὸν
2444 5505 2910 5573 κατευθύνουσαι,
2936 5507 3071 5578 ὁμοῦ
3103 5507 3160 5560 δὲ
3209 5510 3302 5561 καὶ
3346 5508 3438 5562 τὸν
3494 5509 3560 5560 ἑκ
3601 5507 3717 5561 τῶν
