  <div class='ocr_page' id='page_1' title='image "/cluster/home/n/w/nwhite01/storage/ocr_20150623/44/nnc1.0037127462/162.png"; bbox 0 0 3886 6214; ppageno 0'>
   <div class='ocr_carea' id='block_1_1' title="bbox 157 293 3440 357">
    <p class='ocr_par' dir='ltr' id='par_1_1' title="bbox 157 293 3440 357">
     <span class='ocr_line' id='line_1_1' title="bbox 157 293 3440 357; baseline 0.001 -3"><span class='ocrx_word' id='word_1_1' title='bbox 157 299 275 356; x_wconf 69' lang='lat'><strong>997</strong></span> <span class='ocrx_word' id='word_1_2' title='bbox 1543 300 1632 354; x_wconf 86' lang='lat' dir='ltr'><strong>DE</strong></span> <span class='ocrx_word' id='word_1_3' title='bbox 1669 299 1826 355; x_wconf 81' lang='lat' dir='ltr'><strong>VITA</strong></span> <span class='ocrx_word' id='word_1_4' title='bbox 1854 293 2078 351; x_wconf 83' lang='lat' dir='ltr'><strong>MOSIS.</strong></span> <span class='ocrx_word' id='word_1_5' title='bbox 3329 297 3440 357; x_wconf 68' lang='lat'><strong>298</strong></span> 
     </span>
    </p>
   </div>
   <div class='ocr_carea' id='block_1_2' title="bbox 169 424 1703 508">
    <p class='ocr_par' dir='ltr' id='par_1_2' title="bbox 169 435 1699 508">
     <span class='ocr_line' id='line_1_2' title="bbox 169 435 1699 508; baseline -0.001 -16"><span class='ocrx_word' id='word_1_6' title='bbox 169 439 360 492; x_wconf 70' lang='grc' dir='ltr'>πόνων</span> <span class='ocrx_word' id='word_1_7' title='bbox 386 437 584 508; x_wconf 82' lang='grc' dir='ltr'>ἱδρῶτα</span> <span class='ocrx_word' id='word_1_8' title='bbox 609 437 708 489; x_wconf 72' lang='grc' dir='ltr'><strong>οὐκ</strong></span> <span class='ocrx_word' id='word_1_9' title='bbox 731 435 900 489; x_wconf 88' lang='grc' dir='ltr'>ἐῶσαι</span> <span class='ocrx_word' id='word_1_10' title='bbox 924 435 1204 508; x_wconf 78' lang='grc' dir='ltr'>ἐπιρῤἐειν</span> <span class='ocrx_word' id='word_1_11' title='bbox 1233 435 1328 488; x_wconf 74' lang='grc' dir='ltr'><strong>καὶ</strong></span> <span class='ocrx_word' id='word_1_12' title='bbox 1358 435 1585 506; x_wconf 80' lang='grc' dir='ltr'><strong>κώλυμα</strong></span> <span class='ocrx_word' id='word_1_13' title='bbox 1612 438 1699 506; x_wconf 88' lang='grc' dir='ltr'><strong>γίν</strong></span> 
     </span>
    </p>
   </div>
   <div class='ocr_carea' id='block_1_3' title="bbox 1897 424 3431 508">
    <p class='ocr_par' dir='ltr' id='par_1_3' title="bbox 1897 433 3431 506">
     <span class='ocr_line' id='line_1_3' title="bbox 1897 433 3431 506; baseline 0.007 -23"><span class='ocrx_word' id='word_1_14' title='bbox 1897 435 2060 500; x_wconf 54' lang='grc' dir='ltr'>ηοεείι,</span> <span class='ocrx_word' id='word_1_15' title='bbox 2097 443 2155 489; x_wconf 91' lang='lat' dir='ltr'><strong>ut</strong></span> <span class='ocrx_word' id='word_1_16' title='bbox 2194 433 2344 488; x_wconf 89' lang='lat' dir='ltr'><strong>nullo</strong></span> <span class='ocrx_word' id='word_1_17' title='bbox 2374 433 2700 488; x_wconf 73' lang='lat' dir='ltr'><strong>torrentium</strong></span> <span class='ocrx_word' id='word_1_18' title='bbox 2753 435 2955 504; x_wconf 87' lang='lat' dir='ltr'><strong>impetu</strong></span> <span class='ocrx_word' id='word_1_19' title='bbox 3003 435 3121 490; x_wconf 77' lang='lat' dir='ltr'><strong>laedi</strong></span> <span class='ocrx_word' id='word_1_20' title='bbox 3153 445 3335 506; x_wconf 88' lang='lat' dir='ltr'><strong>queat,</strong></span> <span class='ocrx_word' id='word_1_21' title='bbox 3369 447 3431 493; x_wconf 88' lang='lat' dir='ltr'><strong>ut</strong></span> 
     </span>
    </p>
   </div>
   <div class='ocr_carea' id='block_1_4' title="bbox 165 525 1699 600">
    <p class='ocr_par' dir='ltr' id='par_1_4' title="bbox 165 525 1699 600">
     <span class='ocr_line' id='line_1_4' title="bbox 165 525 1699 600; baseline 0 -18"><span class='ocrx_word' id='word_1_22' title='bbox 165 529 306 582; x_wconf 87' lang='grc' dir='ltr'>σθαι</span> <span class='ocrx_word' id='word_1_23' title='bbox 339 531 458 591; x_wconf 83' lang='grc' dir='ltr'>ταῖς</span> <span class='ocrx_word' id='word_1_24' title='bbox 507 527 684 597; x_wconf 74' lang='grc' dir='ltr'>ὕψεσι.</span> <span class='ocrx_word' id='word_1_25' title='bbox 733 527 834 580; x_wconf 86' lang='grc' dir='ltr'>Διά</span> <span class='ocrx_word' id='word_1_26' title='bbox 863 525 1022 579; x_wconf 81' lang='grc' dir='ltr'>τοῦτο</span> <span class='ocrx_word' id='word_1_27' title='bbox 1070 526 1394 597; x_wconf 78' lang='grc' dir='ltr'><strong>τειχίζουσιν</strong></span> <span class='ocrx_word' id='word_1_28' title='bbox 1445 529 1501 580; x_wconf 89' lang='grc' dir='ltr'><strong>αί</strong></span> <span class='ocrx_word' id='word_1_29' title='bbox 1533 529 1699 600; x_wconf 80' lang='grc' dir='ltr'>ὀφρύε</span> 
     </span>
    </p>
   </div>
   <div class='ocr_carea' id='block_1_5' title="bbox 1905 525 3439 600">
    <p class='ocr_par' dir='ltr' id='par_1_5' title="bbox 1905 526 3439 595">
     <span class='ocr_line' id='line_1_5' title="bbox 1905 526 3439 595; baseline 0.001 -12"><span class='ocrx_word' id='word_1_30' title='bbox 1905 545 2007 583; x_wconf 85' lang='lat' dir='ltr'><strong>eus</strong></span> <span class='ocrx_word' id='word_1_31' title='bbox 2057 528 2246 583; x_wconf 88' lang='lat' dir='ltr'><strong>oculos</strong></span> <span class='ocrx_word' id='word_1_32' title='bbox 2273 533 2492 581; x_wconf 90' lang='lat' dir='ltr'><strong>nostros</strong></span> <span class='ocrx_word' id='word_1_33' title='bbox 2540 526 2851 595; x_wconf 85' lang='lat' dir='ltr'><strong>superciliis</strong></span> <span class='ocrx_word' id='word_1_34' title='bbox 2875 527 3252 590; x_wconf 81' lang='lat' dir='ltr'><strong>communivit,</strong></span> <span class='ocrx_word' id='word_1_35' title='bbox 3286 529 3367 583; x_wconf 89' lang='lat' dir='ltr'><strong>sic</strong></span> <span class='ocrx_word' id='word_1_36' title='bbox 3406 545 3439 584; x_wconf 85' lang='lat' dir='ltr'><strong>a</strong></span> 
     </span>
    </p>
   </div>
   <div class='ocr_carea' id='block_1_6' title="bbox 165 617 1699 690">
    <p class='ocr_par' dir='ltr' id='par_1_6' title="bbox 165 617 1697 690">
     <span class='ocr_line' id='line_1_6' title="bbox 165 617 1697 690; baseline 0 -17"><span class='ocrx_word' id='word_1_37' title='bbox 165 621 336 683; x_wconf 82' lang='grc' dir='ltr'>Ποϊος</span> <span class='ocrx_word' id='word_1_38' title='bbox 368 618 750 689; x_wconf 76' lang='grc' dir='ltr'><strong>ἀμπελουργὸς</strong></span> <span class='ocrx_word' id='word_1_39' title='bbox 797 617 938 670; x_wconf 78' lang='grc' dir='ltr'>οὕτω</span> <span class='ocrx_word' id='word_1_40' title='bbox 963 617 1188 670; x_wconf 82' lang='grc' dir='ltr'>δύναται</span> <span class='ocrx_word' id='word_1_41' title='bbox 1226 618 1406 682; x_wconf 83' lang='grc' dir='ltr'>καλῶς</span> <span class='ocrx_word' id='word_1_42' title='bbox 1456 619 1697 690; x_wconf 87' lang='grc' dir='ltr'>ἀπαρτίσ</span> 
     </span>
    </p>
   </div>
   <div class='ocr_carea' id='block_1_7' title="bbox 1903 617 3437 690">
    <p class='ocr_par' dir='ltr' id='par_1_7' title="bbox 1903 617 3437 687">
     <span class='ocr_line' id='line_1_7' title="bbox 1903 617 3437 687; baseline 0.001 -14"><span class='ocrx_word' id='word_1_43' title='bbox 1903 620 2088 674; x_wconf 88' lang='lat' dir='ltr'><strong>aribus</strong></span> <span class='ocrx_word' id='word_1_44' title='bbox 2117 619 2376 687; x_wconf 89' lang='lat' dir='ltr'><strong>utrinque</strong></span> <span class='ocrx_word' id='word_1_45' title='bbox 2407 617 2816 680; x_wconf 88' lang='lat' dir='ltr'><strong>circumductis,</strong></span> <span class='ocrx_word' id='word_1_46' title='bbox 2852 626 2910 670; x_wconf 90' lang='lat' dir='ltr'><strong>ut</strong></span> <span class='ocrx_word' id='word_1_47' title='bbox 2944 619 3046 672; x_wconf 82' lang='lat' dir='ltr'><strong>hac</strong></span> <span class='ocrx_word' id='word_1_48' title='bbox 3087 618 3211 672; x_wconf 90' lang='lat' dir='ltr'><strong>illac</strong></span> <span class='ocrx_word' id='word_1_49' title='bbox 3267 619 3437 674; x_wconf 90' lang='lat' dir='ltr'><strong>sudor</strong></span> 
     </span>
    </p>
   </div>
   <div class='ocr_carea' id='block_1_8' title="bbox 162 707 1696 781">
    <p class='ocr_par' dir='ltr' id='par_1_8' title="bbox 162 707 1696 781">
     <span class='ocr_line' id='line_1_8' title="bbox 162 707 1696 781; baseline -0.001 -18"><span class='ocrx_word' id='word_1_50' title='bbox 162 710 270 781; x_wconf 75' lang='grc' dir='ltr'>τὴν</span> <span class='ocrx_word' id='word_1_51' title='bbox 304 710 566 780; x_wconf 80' lang='grc' dir='ltr'><strong>ἄμπελον,</strong></span> <span class='ocrx_word' id='word_1_52' title='bbox 591 707 755 777; x_wconf 76' lang='grc' dir='ltr'><strong>ὀφρύῖ</strong></span> <span class='ocrx_word' id='word_1_53' title='bbox 806 707 1119 778; x_wconf 75' lang='grc' dir='ltr'>περιὸαλεῖν</span> <span class='ocrx_word' id='word_1_54' title='bbox 1143 747 1157 772; x_wconf 92' lang='grc'><em>,</em></span> <span class='ocrx_word' id='word_1_55' title='bbox 1186 708 1262 770; x_wconf 83' lang='grc' dir='ltr'>ὡς</span> <span class='ocrx_word' id='word_1_56' title='bbox 1306 710 1696 781; x_wconf 61' lang='grc' dir='ltr'>δυσεπιχείρητη</span> 
     </span>
    </p>
   </div>
   <div class='ocr_carea' id='block_1_9' title="bbox 1902 707 3436 781">
    <p class='ocr_par' dir='ltr' id='par_1_9' title="bbox 1902 709 3436 781">
     <span class='ocr_line' id='line_1_9' title="bbox 1902 709 3436 781; baseline -0.001 -15"><span class='ocrx_word' id='word_1_57' title='bbox 1902 713 2084 766; x_wconf 76' lang='lat' dir='ltr'><strong>[ﬂuens</strong></span> <span class='ocrx_word' id='word_1_58' title='bbox 2114 712 2315 766; x_wconf 90' lang='lat' dir='ltr'><strong>nullam</strong></span> <span class='ocrx_word' id='word_1_59' title='bbox 2345 710 2592 781; x_wconf 71' lang='lat' dir='ltr'><strong>agricola:</strong></span> <span class='ocrx_word' id='word_1_60' title='bbox 2621 710 2922 765; x_wconf 81' lang='lat' dir='ltr'><strong>molestiam</strong></span> <span class='ocrx_word' id='word_1_61' title='bbox 2955 709 3208 778; x_wconf 67' lang='lat' dir='ltr'><strong>praebeat,</strong></span> <span class='ocrx_word' id='word_1_62' title='bbox 3239 727 3436 780; x_wconf 90' lang='lat' dir='ltr'><strong>quam-</strong></span> 
     </span>
    </p>
   </div>
   <div class='ocr_carea' id='block_1_10' title="bbox 165 796 1699 873">
    <p class='ocr_par' dir='ltr' id='par_1_10' title="bbox 165 796 1699 873">
     <span class='ocr_line' id='line_1_10' title="bbox 165 796 1699 873; baseline 0.001 -20"><span class='ocrx_word' id='word_1_63' title='bbox 165 802 348 872; x_wconf 72' lang='grc' dir='ltr'>αὐτὴν</span> <span class='ocrx_word' id='word_1_64' title='bbox 383 798 540 866; x_wconf 80' lang='grc' dir='ltr'>εἶναι,</span> <span class='ocrx_word' id='word_1_65' title='bbox 589 799 665 862; x_wconf 87' lang='grc' dir='ltr'>ὡς</span> <span class='ocrx_word' id='word_1_66' title='bbox 703 799 778 870; x_wconf 83' lang='grc' dir='ltr'>μὴ</span> <span class='ocrx_word' id='word_1_67' title='bbox 827 799 1178 870; x_wconf 80' lang='grc' dir='ltr'>εὐεπίδρομον</span> <span class='ocrx_word' id='word_1_68' title='bbox 1228 796 1366 854; x_wconf 70' lang='grc' dir='ltr'>εἶναι</span> <span class='ocrx_word' id='word_1_69' title='bbox 1416 803 1539 864; x_wconf 83' lang='grc' dir='ltr'>ταῖς</span> <span class='ocrx_word' id='word_1_70' title='bbox 1572 821 1699 873; x_wconf 84' lang='grc' dir='ltr'>παρ&lt;</span> 
     </span>
    </p>
   </div>
   <div class='ocr_carea' id='block_1_11' title="bbox 1900 796 3434 873">
    <p class='ocr_par' dir='ltr' id='par_1_11' title="bbox 1900 800 3434 870">
     <span class='ocr_line' id='line_1_11' title="bbox 1900 800 3434 870; baseline 0 -14"><span class='ocrx_word' id='word_1_71' title='bbox 1900 803 2043 856; x_wconf 67' lang='lat' dir='ltr'><strong>irem</strong></span> <span class='ocrx_word' id='word_1_72' title='bbox 2085 817 2114 855; x_wconf 87' lang='lat' dir='ltr'><strong>a</strong></span> <span class='ocrx_word' id='word_1_73' title='bbox 2155 803 2262 855; x_wconf 82' lang='lat' dir='ltr'><strong>vite</strong></span> <span class='ocrx_word' id='word_1_74' title='bbox 2291 815 2511 854; x_wconf 90' lang='lat' dir='ltr'><strong>manum</strong></span> <span class='ocrx_word' id='word_1_75' title='bbox 2550 801 2842 862; x_wconf 84' lang='lat' dir='ltr'><strong>dimoveat,</strong></span> <span class='ocrx_word' id='word_1_76' title='bbox 2885 800 3012 854; x_wconf 93' lang='lat' dir='ltr'><strong>dum</strong></span> <span class='ocrx_word' id='word_1_77' title='bbox 3039 801 3252 870; x_wconf 81' lang='lat' dir='ltr'><strong>cogitur</strong></span> <span class='ocrx_word' id='word_1_78' title='bbox 3282 802 3434 856; x_wconf 92' lang='lat' dir='ltr'><strong>illum</strong></span> 
     </span>
    </p>
   </div>
   <div class='ocr_carea' id='block_1_12' title="bbox 165 890 1699 963">
    <p class='ocr_par' dir='ltr' id='par_1_12' title="bbox 165 890 1695 962">
     <span class='ocr_line' id='line_1_12' title="bbox 165 890 1695 962; baseline 0.001 -18"><span class='ocrx_word' id='word_1_79' title='bbox 165 891 458 961; x_wconf 79' lang='grc' dir='ltr'>κειμέναις</span> <span class='ocrx_word' id='word_1_80' title='bbox 494 890 794 960; x_wconf 75' lang='grc' dir='ltr'>χαράδραις</span> <span class='ocrx_word' id='word_1_81' title='bbox 815 890 925 942; x_wconf 85' lang='grc' dir='ltr'><strong>τῶν</strong></span> <span class='ocrx_word' id='word_1_82' title='bbox 954 891 1168 960; x_wconf 88' lang='grc' dir='ltr'>χώρων,</span> <span class='ocrx_word' id='word_1_83' title='bbox 1198 890 1274 954; x_wconf 85' lang='grc' dir='ltr'><strong>ὡς</strong></span> <span class='ocrx_word' id='word_1_84' title='bbox 1304 892 1560 962; x_wconf 81' lang='grc' dir='ltr'>ἐποίησεν</span> <span class='ocrx_word' id='word_1_85' title='bbox 1592 895 1620 946; x_wconf 92' lang='lat'><strong>6</strong></span> <span class='ocrx_word' id='word_1_86' title='bbox 1652 895 1695 945; x_wconf 87' lang='lat' dir='ltr'><strong>K</strong></span> 
     </span>
    </p>
   </div>
   <div class='ocr_carea' id='block_1_13' title="bbox 1902 890 3436 963">
    <p class='ocr_par' dir='ltr' id='par_1_13' title="bbox 1902 891 3436 963">
     <span class='ocr_line' id='line_1_13' title="bbox 1902 891 3436 963; baseline -0.001 -14"><span class='ocrx_word' id='word_1_87' title='bbox 1902 893 2206 963; x_wconf 82' lang='lat' dir='ltr'><strong>bstcrgere?</strong></span> <span class='ocrx_word' id='word_1_88' title='bbox 2244 892 2345 946; x_wconf 90' lang='lat' dir='ltr'><strong>Per</strong></span> <span class='ocrx_word' id='word_1_89' title='bbox 2368 908 2498 947; x_wconf 92' lang='lat' dir='ltr'><strong>suos</strong></span> <span class='ocrx_word' id='word_1_90' title='bbox 2537 893 2679 946; x_wconf 92' lang='lat' dir='ltr'><strong>enim</strong></span> <span class='ocrx_word' id='word_1_91' title='bbox 2710 892 2909 946; x_wconf 92' lang='lat' dir='ltr'><strong>ductus</strong></span> <span class='ocrx_word' id='word_1_92' title='bbox 2941 893 3010 946; x_wconf 88' lang='lat' dir='ltr'><strong>ab</strong></span> <span class='ocrx_word' id='word_1_93' title='bbox 3032 891 3225 960; x_wconf 83' lang='lat' dir='ltr'><strong>opiﬁce</strong></span> <span class='ocrx_word' id='word_1_94' title='bbox 3259 891 3436 947; x_wconf 81' lang='lat' dir='ltr'><strong>factos</strong></span> 
     </span>
    </p>
   </div>
   <div class='ocr_carea' id='block_1_14' title="bbox 168 981 1702 1054">
    <p class='ocr_par' dir='ltr' id='par_1_14' title="bbox 168 981 1702 1054">
     <span class='ocr_line' id='line_1_14' title="bbox 168 981 1702 1054; baseline -0.001 -18"><span class='ocrx_word' id='word_1_95' title='bbox 168 1001 290 1054; x_wconf 85' lang='grc' dir='ltr'>ριος</span> <span class='ocrx_word' id='word_1_96' title='bbox 319 983 416 1052; x_wconf 78' lang='grc' dir='ltr'><strong>τὴν</strong></span> <span class='ocrx_word' id='word_1_97' title='bbox 443 982 551 1035; x_wconf 92' lang='grc' dir='ltr'><strong>τῶν</strong></span> <span class='ocrx_word' id='word_1_98' title='bbox 591 981 810 1051; x_wconf 76' lang='grc' dir='ltr'>ὀφρύων</span> <span class='ocrx_word' id='word_1_99' title='bbox 843 982 1169 1054; x_wconf 80' lang='grc' dir='ltr'>περιϐολήν;</span> <span class='ocrx_word' id='word_1_100' title='bbox 1199 984 1585 1053; x_wconf 81' lang='grc' dir='ltr'>Ἀσμενοειδῶς</span> <span class='ocrx_word' id='word_1_101' title='bbox 1626 987 1702 1054; x_wconf 86' lang='grc' dir='ltr'>ἡμ</span> 
     </span>
    </p>
   </div>
   <div class='ocr_carea' id='block_1_15' title="bbox 1893 981 3427 1054">
    <p class='ocr_par' dir='ltr' id='par_1_15' title="bbox 1893 982 3427 1054">
     <span class='ocr_line' id='line_1_15' title="bbox 1893 982 3427 1054; baseline -0.001 -17"><span class='ocrx_word' id='word_1_102' title='bbox 1893 986 1974 1041; x_wconf 91' lang='lat' dir='ltr'><strong>ine</strong></span> <span class='ocrx_word' id='word_1_103' title='bbox 1997 985 2195 1054; x_wconf 88' lang='lat' dir='ltr'><strong>injuria</strong></span> <span class='ocrx_word' id='word_1_104' title='bbox 2221 983 2426 1047; x_wconf 83' lang='lat' dir='ltr'><strong>deﬂuit,</strong></span> <span class='ocrx_word' id='word_1_105' title='bbox 2453 991 2506 1038; x_wconf 90' lang='lat' dir='ltr'><strong>et</strong></span> <span class='ocrx_word' id='word_1_106' title='bbox 2543 983 2688 1035; x_wconf 87' lang='lat' dir='ltr'><strong>oculi</strong></span> <span class='ocrx_word' id='word_1_107' title='bbox 2727 998 2863 1052; x_wconf 83' lang='lat' dir='ltr'><strong>Opus</strong></span> <span class='ocrx_word' id='word_1_108' title='bbox 2895 997 3054 1036; x_wconf 88' lang='lat' dir='ltr'><strong>suum</strong></span> <span class='ocrx_word' id='word_1_109' title='bbox 3087 982 3256 1036; x_wconf 85' lang='lat' dir='ltr'><strong>libere</strong></span> <span class='ocrx_word' id='word_1_110' title='bbox 3293 997 3427 1036; x_wconf 86' lang='lat' dir='ltr'><strong>con—</strong></span> 
     </span>
    </p>
   </div>
   <div class='ocr_carea' id='block_1_16' title="bbox 168 1072 1702 1146">
    <p class='ocr_par' dir='ltr' id='par_1_16' title="bbox 168 1074 1702 1146">
     <span class='ocr_line' id='line_1_16' title="bbox 168 1074 1702 1146; baseline 0 -19"><span class='ocrx_word' id='word_1_111' title='bbox 168 1075 544 1146; x_wconf 72' lang='grc' dir='ltr'>περιέγραψεν</span> <span class='ocrx_word' id='word_1_112' title='bbox 573 1075 681 1127; x_wconf 71' lang='grc' dir='ltr'><strong>ἀπὸ</strong></span> <span class='ocrx_word' id='word_1_113' title='bbox 714 1075 844 1143; x_wconf 79' lang='grc' dir='ltr'>μιᾶς</span> <span class='ocrx_word' id='word_1_114' title='bbox 890 1074 1166 1143; x_wconf 76' lang='grc' dir='ltr'>συμϐολῆς</span> <span class='ocrx_word' id='word_1_115' title='bbox 1203 1074 1302 1143; x_wconf 84' lang='grc' dir='ltr'>τὴν</span> <span class='ocrx_word' id='word_1_116' title='bbox 1333 1075 1472 1129; x_wconf 81' lang='grc' dir='ltr'><strong>κατά</strong></span> <span class='ocrx_word' id='word_1_117' title='bbox 1511 1075 1635 1145; x_wconf 81' lang='grc' dir='ltr'><strong>ρίνα</strong></span> <span class='ocrx_word' id='word_1_118' title='bbox 1667 1077 1702 1127; x_wconf 82' lang='grc' dir='ltr'><strong>ἐι</strong></span> 
     </span>
    </p>
   </div>
   <div class='ocr_carea' id='block_1_17' title="bbox 1902 1072 3436 1146">
    <p class='ocr_par' dir='ltr' id='par_1_17' title="bbox 1902 1072 3436 1144">
     <span class='ocr_line' id='line_1_17' title="bbox 1902 1072 3436 1144; baseline -0.003 -14"><span class='ocrx_word' id='word_1_119' title='bbox 1902 1077 2067 1130; x_wconf 86' lang='lat' dir='ltr'><strong>ciunt.</strong></span> <span class='ocrx_word' id='word_1_120' title='bbox 2102 1073 2214 1129; x_wconf 86' lang='lat' dir='ltr'><strong>Nos</strong></span> <span class='ocrx_word' id='word_1_121' title='bbox 2235 1074 2353 1128; x_wconf 88' lang='lat' dir='ltr'><strong>dies</strong></span> <span class='ocrx_word' id='word_1_122' title='bbox 2385 1074 2499 1144; x_wconf 92' lang='lat' dir='ltr'><strong>ipse</strong></span> <span class='ocrx_word' id='word_1_123' title='bbox 2527 1072 2762 1137; x_wconf 81' lang='lat' dir='ltr'><strong>deficiat,</strong></span> <span class='ocrx_word' id='word_1_124' title='bbox 2793 1072 2837 1126; x_wconf 91' lang='lat' dir='ltr'><strong>si</strong></span> <span class='ocrx_word' id='word_1_125' title='bbox 2883 1087 3050 1125; x_wconf 92' lang='lat' dir='ltr'><strong>unum</strong></span> <span class='ocrx_word' id='word_1_126' title='bbox 3080 1088 3147 1126; x_wconf 78' lang='lat' dir='ltr'><strong>ex</strong></span> <span class='ocrx_word' id='word_1_127' title='bbox 3191 1073 3282 1137; x_wconf 90' lang='lat' dir='ltr'><strong>iis,</strong></span> <span class='ocrx_word' id='word_1_128' title='bbox 3315 1088 3436 1142; x_wconf 71' lang='lat' dir='ltr'><strong>quae</strong></span> 
     </span>
    </p>
   </div>
   <div class='ocr_carea' id='block_1_18' title="bbox 161 1160 1695 1236">
    <p class='ocr_par' dir='ltr' id='par_1_18' title="bbox 161 1163 1690 1236">
     <span class='ocr_line' id='line_1_18' title="bbox 161 1163 1690 1236; baseline 0.002 -18"><span class='ocrx_word' id='word_1_129' title='bbox 161 1166 414 1236; x_wconf 74' lang='grc' dir='ltr'>ἑκάτερα</span> <span class='ocrx_word' id='word_1_130' title='bbox 461 1164 867 1236; x_wconf 72' lang='grc' dir='ltr'>μεριζομένην,</span> <span class='ocrx_word' id='word_1_131' title='bbox 905 1164 992 1216; x_wconf 87' lang='grc' dir='ltr'><strong>ἵνα</strong></span> <span class='ocrx_word' id='word_1_132' title='bbox 1042 1166 1070 1216; x_wconf 91' lang='lat'><strong>6</strong></span> <span class='ocrx_word' id='word_1_133' title='bbox 1132 1163 1293 1236; x_wconf 84' lang='grc' dir='ltr'>ἱδρὼς</span> <span class='ocrx_word' id='word_1_134' title='bbox 1339 1167 1466 1236; x_wconf 83' lang='grc' dir='ltr'>τῇδε</span> <span class='ocrx_word' id='word_1_135' title='bbox 1528 1168 1690 1220; x_wconf 84' lang='grc' dir='ltr'>κάκεῖ</span> 
     </span>
    </p>
   </div>
   <div class='ocr_carea' id='block_1_19' title="bbox 1904 1160 3438 1236">
    <p class='ocr_par' dir='ltr' id='par_1_19' title="bbox 1904 1160 3438 1234">
     <span class='ocr_line' id='line_1_19' title="bbox 1904 1160 3438 1234; baseline 0 -18"><span class='ocrx_word' id='word_1_136' title='bbox 1904 1179 2075 1217; x_wconf 75' lang='grc' dir='ltr'>,ιιηιηο</span> <span class='ocrx_word' id='word_1_137' title='bbox 2101 1164 2332 1217; x_wconf 83' lang='lat' dir='ltr'><strong>artiﬁcio</strong></span> <span class='ocrx_word' id='word_1_138' title='bbox 2361 1164 2417 1217; x_wconf 92' lang='lat' dir='ltr'><strong>in</strong></span> <span class='ocrx_word' id='word_1_139' title='bbox 2447 1163 2608 1218; x_wconf 90' lang='lat' dir='ltr'><strong>nobis</strong></span> <span class='ocrx_word' id='word_1_140' title='bbox 2631 1179 2661 1216; x_wconf 88' lang='lat' dir='ltr'><strong>a</strong></span> <span class='ocrx_word' id='word_1_141' title='bbox 2715 1160 2828 1217; x_wconf 92' lang='lat' dir='ltr'><strong>Deo</strong></span> <span class='ocrx_word' id='word_1_142' title='bbox 2863 1162 3105 1233; x_wconf 79' lang='lat' dir='ltr'><strong>perfecta</strong></span> <span class='ocrx_word' id='word_1_143' title='bbox 3129 1173 3278 1227; x_wconf 87' lang='lat' dir='ltr'><strong>sunt,</strong></span> <span class='ocrx_word' id='word_1_144' title='bbox 3317 1180 3438 1234; x_wconf 87' lang='lat' dir='ltr'><strong>per-</strong></span> 
     </span>
    </p>
   </div>
   <div class='ocr_carea' id='block_1_20' title="bbox 167 1253 1701 1328">
    <p class='ocr_par' dir='ltr' id='par_1_20' title="bbox 167 1254 1701 1328">
     <span class='ocr_line' id='line_1_20' title="bbox 167 1254 1701 1328; baseline 0.002 -21"><span class='ocrx_word' id='word_1_145' title='bbox 167 1255 486 1327; x_wconf 77' lang='grc' dir='ltr'>περιρρέων</span> <span class='ocrx_word' id='word_1_146' title='bbox 529 1256 800 1326; x_wconf 85' lang='grc' dir='ltr'>μηδεμίαν</span> <span class='ocrx_word' id='word_1_147' title='bbox 853 1254 1112 1324; x_wconf 80' lang='grc' dir='ltr'>ἀσχολίαν</span> <span class='ocrx_word' id='word_1_148' title='bbox 1146 1257 1360 1328; x_wconf 80' lang='grc' dir='ltr'>παρέχῃ</span> <span class='ocrx_word' id='word_1_149' title='bbox 1387 1257 1465 1328; x_wconf 82' lang='grc' dir='ltr'>τῷ</span> <span class='ocrx_word' id='word_1_150' title='bbox 1498 1259 1701 1328; x_wconf 82' lang='grc' dir='ltr'>γεωργὲ</span> 
     </span>
    </p>
   </div>
   <div class='ocr_carea' id='block_1_21' title="bbox 1891 1253 3425 1328">
    <p class='ocr_par' dir='ltr' id='par_1_21' title="bbox 1891 1253 3425 1326">
     <span class='ocr_line' id='line_1_21' title="bbox 1891 1253 3425 1326; baseline -0.001 -16"><span class='ocrx_word' id='word_1_151' title='bbox 1891 1255 2006 1326; x_wconf 74' lang='lat' dir='ltr'><strong>equi</strong></span> <span class='ocrx_word' id='word_1_152' title='bbox 2067 1256 2318 1319; x_wconf 90' lang='lat' dir='ltr'><strong>velimus,</strong></span> <span class='ocrx_word' id='word_1_153' title='bbox 2365 1263 2424 1308; x_wconf 88' lang='lat' dir='ltr'><strong>ut</strong></span> <span class='ocrx_word' id='word_1_154' title='bbox 2467 1270 2532 1310; x_wconf 82' lang='lat' dir='ltr'><strong>ex</strong></span> <span class='ocrx_word' id='word_1_155' title='bbox 2569 1255 2674 1308; x_wconf 93' lang='lat' dir='ltr'><strong>hoc</strong></span> <span class='ocrx_word' id='word_1_156' title='bbox 2725 1253 2870 1324; x_wconf 86' lang='lat' dir='ltr'><strong>quod</strong></span> <span class='ocrx_word' id='word_1_157' title='bbox 2910 1255 3210 1324; x_wconf 85' lang='lat' dir='ltr'><strong>attigimus,</strong></span> <span class='ocrx_word' id='word_1_158' title='bbox 3268 1254 3425 1309; x_wconf 82' lang='lat' dir='ltr'><strong>facile</strong></span> 
     </span>
    </p>
   </div>
   <div class='ocr_carea' id='block_1_22' title="bbox 173 1343 1707 1420">
    <p class='ocr_par' dir='ltr' id='par_1_22' title="bbox 173 1345 1707 1418">
     <span class='ocr_line' id='line_1_22' title="bbox 173 1345 1707 1418; baseline 0.003 -20"><span class='ocrx_word' id='word_1_159' title='bbox 173 1347 315 1416; x_wconf 74' lang='grc' dir='ltr'>μηδὲ</span> <span class='ocrx_word' id='word_1_160' title='bbox 349 1345 802 1416; x_wconf 84' lang='grc' dir='ltr'>ἀπομασσόμενος</span> <span class='ocrx_word' id='word_1_161' title='bbox 822 1345 913 1398; x_wconf 79' lang='grc' dir='ltr'><strong>τὸν</strong></span> <span class='ocrx_word' id='word_1_162' title='bbox 940 1345 1138 1416; x_wconf 77' lang='grc' dir='ltr'>ἱδρῶτα</span> <span class='ocrx_word' id='word_1_163' title='bbox 1172 1347 1268 1417; x_wconf 84' lang='grc' dir='ltr'>τὴν</span> <span class='ocrx_word' id='word_1_164' title='bbox 1293 1352 1451 1418; x_wconf 89' lang='grc' dir='ltr'>χεῖρα</span> <span class='ocrx_word' id='word_1_165' title='bbox 1489 1349 1707 1417; x_wconf 79' lang='grc' dir='ltr'>ἀπαγάγ</span> 
     </span>
    </p>
   </div>
   <div class='ocr_carea' id='block_1_23' title="bbox 1901 1343 3435 1420">
    <p class='ocr_par' dir='ltr' id='par_1_23' title="bbox 1901 1343 3435 1416">
     <span class='ocr_line' id='line_1_23' title="bbox 1901 1343 3435 1416; baseline -0.002 -15"><span class='ocrx_word' id='word_1_166' title='bbox 1901 1346 2084 1401; x_wconf 74' lang='lat' dir='ltr'><strong>)testis</strong></span> <span class='ocrx_word' id='word_1_167' title='bbox 2150 1346 2472 1416; x_wconf 75' lang='lat' dir='ltr'><strong>intelligere.</strong></span> <span class='ocrx_word' id='word_1_168' title='bbox 2534 1343 2734 1400; x_wconf 84' lang='lat' dir='ltr'><strong>Verum</strong></span> <span class='ocrx_word' id='word_1_169' title='bbox 2784 1345 2837 1398; x_wconf 92' lang='lat' dir='ltr'><strong>in</strong></span> <span class='ocrx_word' id='word_1_170' title='bbox 2888 1345 3176 1415; x_wconf 63' lang='lat' dir='ltr'><strong>praesentia</strong></span> <span class='ocrx_word' id='word_1_171' title='bbox 3229 1345 3435 1415; x_wconf 83' lang='lat' dir='ltr'><strong>negotii</strong></span> 
     </span>
    </p>
   </div>
   <div class='ocr_carea' id='block_1_24' title="bbox 168 1436 1702 1510">
    <p class='ocr_par' dir='ltr' id='par_1_24' title="bbox 168 1437 1702 1510">
     <span class='ocr_line' id='line_1_24' title="bbox 168 1437 1702 1510; baseline 0.001 -18"><span class='ocrx_word' id='word_1_172' title='bbox 168 1440 275 1508; x_wconf 80' lang='grc' dir='ltr'>τῆς</span> <span class='ocrx_word' id='word_1_173' title='bbox 327 1437 747 1509; x_wconf 82' lang='grc' dir='ltr'>ἀμπέλου,ἀλλ’</span> <span class='ocrx_word' id='word_1_174' title='bbox 794 1437 928 1506; x_wconf 80' lang='grc' dir='ltr'>ὁμοῦ</span> <span class='ocrx_word' id='word_1_175' title='bbox 982 1455 1040 1491; x_wconf 87' lang='grc' dir='ltr'><strong>τε</strong></span> <span class='ocrx_word' id='word_1_176' title='bbox 1093 1439 1189 1510; x_wconf 77' lang='grc' dir='ltr'><strong>ῥέῃ</strong></span> <span class='ocrx_word' id='word_1_177' title='bbox 1223 1441 1252 1492; x_wconf 89' lang='lat'><strong>6</strong></span> <span class='ocrx_word' id='word_1_178' title='bbox 1305 1439 1464 1508; x_wconf 78' lang='grc' dir='ltr'>ἱδρὼς</span> <span class='ocrx_word' id='word_1_179' title='bbox 1513 1440 1600 1494; x_wconf 74' lang='grc' dir='ltr'>διὰ</span> <span class='ocrx_word' id='word_1_180' title='bbox 1643 1441 1702 1493; x_wconf 78' lang='grc' dir='ltr'>τᾶ</span> 
     </span>
    </p>
   </div>
   <div class='ocr_carea' id='block_1_25' title="bbox 1904 1436 3438 1510">
    <p class='ocr_par' dir='ltr' id='par_1_25' title="bbox 1904 1436 3438 1506">
     <span class='ocr_line' id='line_1_25' title="bbox 1904 1436 3438 1506; baseline 0.001 -15"><span class='ocrx_word' id='word_1_181' title='bbox 1904 1437 2140 1506; x_wconf 74' lang='lat' dir='ltr'><strong>ijusdam</strong></span> <span class='ocrx_word' id='word_1_182' title='bbox 2188 1453 2356 1492; x_wconf 87' lang='lat' dir='ltr'><strong>causa</strong></span> <span class='ocrx_word' id='word_1_183' title='bbox 2412 1453 2513 1492; x_wconf 88' lang='lat' dir='ltr'><strong>nos</strong></span> <span class='ocrx_word' id='word_1_184' title='bbox 2565 1438 2669 1492; x_wconf 88' lang='lat' dir='ltr'><strong>iter</strong></span> <span class='ocrx_word' id='word_1_185' title='bbox 2721 1436 2961 1492; x_wconf 81' lang='lat' dir='ltr'><strong>facturos</strong></span> <span class='ocrx_word' id='word_1_186' title='bbox 3024 1436 3315 1503; x_wconf 89' lang='lat' dir='ltr'><strong>dimittite,</strong></span> <span class='ocrx_word' id='word_1_187' title='bbox 3377 1445 3438 1492; x_wconf 91' lang='lat' dir='ltr'><strong>ut</strong></span> 
     </span>
    </p>
   </div>
   <div class='ocr_carea' id='block_1_26' title="bbox 167 1526 1701 1599">
    <p class='ocr_par' dir='ltr' id='par_1_26' title="bbox 167 1526 1701 1598">
     <span class='ocr_line' id='line_1_26' title="bbox 167 1526 1701 1598; baseline -0.003 -17"><span class='ocrx_word' id='word_1_188' title='bbox 167 1528 328 1582; x_wconf 62' lang='grc' dir='ltr'>ἰδίων</span> <span class='ocrx_word' id='word_1_189' title='bbox 351 1527 572 1597; x_wconf 84' lang='grc' dir='ltr'><strong>ὀχετῶν,</strong></span> <span class='ocrx_word' id='word_1_190' title='bbox 604 1527 770 1580; x_wconf 81' lang='grc' dir='ltr'>πάλαι</span> <span class='ocrx_word' id='word_1_191' title='bbox 799 1526 892 1578; x_wconf 77' lang='grc' dir='ltr'><strong>τοῦ</strong></span> <span class='ocrx_word' id='word_1_192' title='bbox 919 1527 1252 1597; x_wconf 79' lang='grc' dir='ltr'>δημιουργοῦ</span> <span class='ocrx_word' id='word_1_193' title='bbox 1288 1528 1450 1580; x_wconf 83' lang='grc' dir='ltr'>αὑτὸν</span> <span class='ocrx_word' id='word_1_194' title='bbox 1478 1528 1701 1598; x_wconf 65' lang='grc' dir='ltr'>ὲξοχετεπ</span> 
     </span>
    </p>
   </div>
   <div class='ocr_carea' id='block_1_27' title="bbox 1902 1526 3436 1599">
    <p class='ocr_par' dir='ltr' id='par_1_27' title="bbox 1902 1527 3436 1599">
     <span class='ocr_line' id='line_1_27' title="bbox 1902 1527 3436 1599; baseline -0.001 -17"><span class='ocrx_word' id='word_1_195' title='bbox 1902 1529 2111 1583; x_wconf 79' lang='lat' dir='ltr'><strong>elei-iter</strong></span> <span class='ocrx_word' id='word_1_196' title='bbox 2131 1529 2288 1583; x_wconf 82' lang='lat' dir='ltr'><strong>vobis</strong></span> <span class='ocrx_word' id='word_1_197' title='bbox 2312 1529 2612 1584; x_wconf 75' lang='lat' dir='ltr'><strong>incolumes</strong></span> <span class='ocrx_word' id='word_1_198' title='bbox 2634 1527 2851 1596; x_wconf 88' lang='lat' dir='ltr'><strong>redditi,</strong></span> <span class='ocrx_word' id='word_1_199' title='bbox 2876 1529 3022 1599; x_wconf 90' lang='lat' dir='ltr'><strong>quod</strong></span> <span class='ocrx_word' id='word_1_200' title='bbox 3049 1527 3319 1598; x_wconf 84' lang='lat' dir='ltr'><strong>reliquum</strong></span> <span class='ocrx_word' id='word_1_201' title='bbox 3351 1537 3436 1583; x_wconf 91' lang='lat' dir='ltr'><strong>est</strong></span> 
     </span>
    </p>
   </div>
   <div class='ocr_carea' id='block_1_28' title="bbox 172 1616 1706 1691">
    <p class='ocr_par' dir='ltr' id='par_1_28' title="bbox 172 1617 1706 1689">
     <span class='ocr_line' id='line_1_28' title="bbox 172 1617 1706 1689; baseline 0 -17"><span class='ocrx_word' id='word_1_202' title='bbox 172 1637 371 1683; x_wconf 88' lang='grc' dir='ltr'>σαντος</span> <span class='ocrx_word' id='word_1_203' title='bbox 415 1619 506 1671; x_wconf 72' lang='grc' dir='ltr'><strong>ἐπὶ</strong></span> <span class='ocrx_word' id='word_1_204' title='bbox 557 1619 626 1671; x_wconf 73' lang='grc' dir='ltr'>τὰ</span> <span class='ocrx_word' id='word_1_205' title='bbox 681 1618 950 1688; x_wconf 80' lang='grc' dir='ltr'>ἄχρηστα,</span> <span class='ocrx_word' id='word_1_206' title='bbox 985 1617 1121 1686; x_wconf 80' lang='grc' dir='ltr'>ὁμοῦ</span> <span class='ocrx_word' id='word_1_207' title='bbox 1170 1635 1230 1671; x_wconf 85' lang='grc' dir='ltr'><strong>τε</strong></span> <span class='ocrx_word' id='word_1_208' title='bbox 1274 1621 1302 1671; x_wconf 89' lang='lat'><strong>6</strong></span> <span class='ocrx_word' id='word_1_209' title='bbox 1344 1618 1622 1689; x_wconf 82' lang='grc' dir='ltr'>ὀφθαλμὸς</span> <span class='ocrx_word' id='word_1_210' title='bbox 1654 1620 1706 1672; x_wconf 68' lang='grc' dir='ltr'><strong>τε)</strong></span> 
     </span>
    </p>
   </div>
   <div class='ocr_carea' id='block_1_29' title="bbox 1903 1616 3437 1691">
    <p class='ocr_par' dir='ltr' id='par_1_29' title="bbox 1903 1616 3437 1689">
     <span class='ocr_line' id='line_1_29' title="bbox 1903 1616 3437 1689; baseline 0.003 -20"><span class='ocrx_word' id='word_1_211' title='bbox 1903 1618 1987 1672; x_wconf 82' lang='lat' dir='ltr'><strong>:ris</strong></span> <span class='ocrx_word' id='word_1_212' title='bbox 2011 1617 2171 1672; x_wconf 87' lang='lat' dir='ltr'><strong>alieni</strong></span> <span class='ocrx_word' id='word_1_213' title='bbox 2210 1617 2606 1689; x_wconf 86' lang='lat' dir='ltr'><strong>persolvamus.</strong></span> <span class='ocrx_word' id='word_1_214' title='bbox 2658 1617 2804 1673; x_wconf 91' lang='lat' dir='ltr'><strong>illius</strong></span> <span class='ocrx_word' id='word_1_215' title='bbox 2831 1619 3035 1673; x_wconf 78' lang='lat' dir='ltr'><strong>auxilio</strong></span> <span class='ocrx_word' id='word_1_216' title='bbox 3085 1616 3300 1680; x_wconf 80' lang='lat' dir='ltr'><strong>conﬁsi,</strong></span> <span class='ocrx_word' id='word_1_217' title='bbox 3342 1618 3437 1687; x_wconf 91' lang='lat' dir='ltr'><strong>qui</strong></span> 
     </span>
    </p>
   </div>
   <div class='ocr_carea' id='block_1_30' title="bbox 174 1709 1708 1784">
    <p class='ocr_par' dir='ltr' id='par_1_30' title="bbox 174 1709 1708 1782">
     <span class='ocr_line' id='line_1_30' title="bbox 174 1709 1708 1782; baseline -0.003 -16"><span class='ocrx_word' id='word_1_218' title='bbox 174 1713 318 1766; x_wconf 83' lang='grc' dir='ltr'>ἰδίαν</span> <span class='ocrx_word' id='word_1_219' title='bbox 355 1711 635 1782; x_wconf 80' lang='grc' dir='ltr'>ἐνέργειαν</span> <span class='ocrx_word' id='word_1_220' title='bbox 668 1709 988 1762; x_wconf 78' lang='grc' dir='ltr'>ἐπιτελοῖεν.</span> <span class='ocrx_word' id='word_1_221' title='bbox 1015 1709 1140 1762; x_wconf 80' lang='grc' dir='ltr'><strong>Ἐὰν</strong></span> <span class='ocrx_word' id='word_1_222' title='bbox 1177 1709 1525 1781; x_wconf 81' lang='grc' dir='ltr'>βουληθῶμεν</span> <span class='ocrx_word' id='word_1_223' title='bbox 1557 1712 1708 1763; x_wconf 85' lang='grc' dir='ltr'>εἰπεί·</span> 
     </span>
    </p>
   </div>
   <div class='ocr_carea' id='block_1_31' title="bbox 1901 1709 3435 1784">
    <p class='ocr_par' dir='ltr' id='par_1_31' title="bbox 1904 1712 3435 1784">
     <span class='ocr_line' id='line_1_31' title="bbox 1904 1712 3435 1784; baseline -0.002 -17"><span class='ocrx_word' id='word_1_224' title='bbox 1904 1730 1966 1770; x_wconf 92' lang='lat' dir='ltr'><strong>os</strong></span> <span class='ocrx_word' id='word_1_225' title='bbox 1988 1714 2319 1783; x_wconf 84' lang='lat' dir='ltr'><strong>procreavit,</strong></span> <span class='ocrx_word' id='word_1_226' title='bbox 2345 1714 2549 1784; x_wconf 86' lang='lat' dir='ltr'><strong>quique</strong></span> <span class='ocrx_word' id='word_1_227' title='bbox 2579 1712 2823 1782; x_wconf 86' lang='lat' dir='ltr'><strong>singulas</strong></span> <span class='ocrx_word' id='word_1_228' title='bbox 2855 1712 2908 1766; x_wconf 93' lang='lat' dir='ltr'><strong>in</strong></span> <span class='ocrx_word' id='word_1_229' title='bbox 2940 1712 3100 1766; x_wconf 89' lang='lat' dir='ltr'><strong>nobis</strong></span> <span class='ocrx_word' id='word_1_230' title='bbox 3126 1719 3310 1782; x_wconf 87' lang='lat' dir='ltr'><strong>partes</strong></span> <span class='ocrx_word' id='word_1_231' title='bbox 3325 1719 3435 1765; x_wconf 90' lang='lat' dir='ltr'><strong>tam</strong></span> 
     </span>
    </p>
   </div>
   <div class='ocr_carea' id='block_1_32' title="bbox 174 1800 1708 1876">
    <p class='ocr_par' dir='ltr' id='par_1_32' title="bbox 174 1800 1708 1875">
     <span class='ocr_line' id='line_1_32' title="bbox 174 1800 1708 1875; baseline -0.001 -19"><span class='ocrx_word' id='word_1_232' title='bbox 174 1804 310 1875; x_wconf 75' lang='grc' dir='ltr'>περὶ</span> <span class='ocrx_word' id='word_1_233' title='bbox 356 1803 534 1871; x_wconf 88' lang='grc' dir='ltr'>μόνων</span> <span class='ocrx_word' id='word_1_234' title='bbox 563 1801 670 1854; x_wconf 82' lang='grc' dir='ltr'><strong>τῶν</strong></span> <span class='ocrx_word' id='word_1_235' title='bbox 714 1802 795 1864; x_wconf 86' lang='grc' dir='ltr'><strong>είς</strong></span> <span class='ocrx_word' id='word_1_236' title='bbox 824 1801 969 1872; x_wconf 81' lang='grc' dir='ltr'>ἡμᾶς</span> <span class='ocrx_word' id='word_1_237' title='bbox 1019 1800 1170 1870; x_wconf 87' lang='grc' dir='ltr'>παρὰ</span> <span class='ocrx_word' id='word_1_238' title='bbox 1219 1800 1356 1853; x_wconf 83' lang='grc' dir='ltr'>Θεοῦ</span> <span class='ocrx_word' id='word_1_239' title='bbox 1409 1802 1708 1872; x_wconf 78' lang='grc' dir='ltr'>γενομένων</span> 
     </span>
    </p>
   </div>
   <div class='ocr_carea' id='block_1_33' title="bbox 1900 1800 3434 1876">
    <p class='ocr_par' dir='ltr' id='par_1_33' title="bbox 1900 1802 3434 1876">
     <span class='ocr_line' id='line_1_33' title="bbox 1900 1802 3434 1876; baseline -0.001 -20"><span class='ocrx_word' id='word_1_240' title='bbox 1900 1804 2078 1874; x_wconf 85' lang='lat' dir='ltr'><strong>gregie</strong></span> <span class='ocrx_word' id='word_1_241' title='bbox 2111 1803 2340 1874; x_wconf 81' lang='lat' dir='ltr'><strong>perfecit</strong></span> <span class='ocrx_word' id='word_1_242' title='bbox 2388 1811 2444 1859; x_wconf 92' lang='lat' dir='ltr'><strong>et</strong></span> <span class='ocrx_word' id='word_1_243' title='bbox 2479 1803 2714 1858; x_wconf 76' lang='lat' dir='ltr'><strong>absolvit</strong></span> <span class='ocrx_word' id='word_1_244' title='bbox 2747 1820 2762 1859; x_wconf 92' lang='lat'><strong>:</strong></span> <span class='ocrx_word' id='word_1_245' title='bbox 2799 1804 2889 1859; x_wconf 89' lang='lat' dir='ltr'><strong>cui</strong></span> <span class='ocrx_word' id='word_1_246' title='bbox 2928 1805 3100 1876; x_wconf 80' lang='lat' dir='ltr'><strong>gloria</strong></span> <span class='ocrx_word' id='word_1_247' title='bbox 3133 1803 3188 1858; x_wconf 93' lang='lat' dir='ltr'><strong>in</strong></span> <span class='ocrx_word' id='word_1_248' title='bbox 3233 1802 3434 1858; x_wconf 56' lang='lat' dir='ltr'><strong>saecula</strong></span> 
     </span>
    </p>
   </div>
   <div class='ocr_carea' id='block_1_34' title="bbox 172 1891 1706 1964">
    <p class='ocr_par' dir='ltr' id='par_1_34' title="bbox 172 1891 1706 1964">
     <span class='ocr_line' id='line_1_34' title="bbox 172 1891 1706 1964; baseline -0.001 -17"><span class='ocrx_word' id='word_1_249' title='bbox 172 1894 445 1963; x_wconf 67' lang='grc' dir='ltr'>ἐπιλείψει</span> <span class='ocrx_word' id='word_1_250' title='bbox 480 1893 674 1964; x_wconf 79' lang='grc' dir='ltr'><strong>ήμᾶςή</strong></span> <span class='ocrx_word' id='word_1_251' title='bbox 707 1892 888 1963; x_wconf 79' lang='grc' dir='ltr'>ἡμέρα</span> <span class='ocrx_word' id='word_1_252' title='bbox 929 1891 1135 1945; x_wconf 78' lang='grc' dir='ltr'>ἅπασα.</span> <span class='ocrx_word' id='word_1_253' title='bbox 1170 1892 1308 1945; x_wconf 85' lang='grc' dir='ltr'>Ἀλλ’</span> <span class='ocrx_word' id='word_1_254' title='bbox 1335 1891 1395 1956; x_wconf 81' lang='grc' dir='ltr'><strong>ἐξ</strong></span> <span class='ocrx_word' id='word_1_255' title='bbox 1412 1891 1530 1955; x_wconf 83' lang='grc' dir='ltr'>ἐνὸς</span> <span class='ocrx_word' id='word_1_256' title='bbox 1558 1892 1706 1945; x_wconf 71' lang='grc' dir='ltr'>τούτο</span> 
     </span>
    </p>
   </div>
   <div class='ocr_carea' id='block_1_35' title="bbox 903 1891 2437 1964">
    <p class='ocr_par' dir='ltr' id='par_1_35' title="bbox 929 1891 2437 1956">
     <span class='ocr_line' id='line_1_35' title="bbox 929 1891 2437 1956; baseline 0.003 -12"><span class='ocrx_word' id='word_1_257' title='bbox 929 1891 1135 1945; x_wconf 78' lang='grc' dir='ltr'>ἅπασα.</span> <span class='ocrx_word' id='word_1_258' title='bbox 1170 1892 1308 1945; x_wconf 86' lang='grc' dir='ltr'>Ἀλλ’</span> <span class='ocrx_word' id='word_1_259' title='bbox 1335 1891 1395 1956; x_wconf 81' lang='grc' dir='ltr'><strong>ἐξ</strong></span> <span class='ocrx_word' id='word_1_260' title='bbox 1412 1891 1530 1955; x_wconf 81' lang='grc' dir='ltr'>ἐνὸς</span> <span class='ocrx_word' id='word_1_261' title='bbox 1558 1892 1762 1946; x_wconf 82' lang='grc' dir='ltr'>τούτων</span> <span class='ocrx_word' id='word_1_262' title='bbox 1868 1895 2216 1950; x_wconf 76' lang='lat' dir='ltr'><strong>saeculorum.</strong></span> <span class='ocrx_word' id='word_1_263' title='bbox 2245 1894 2437 1950; x_wconf 82' lang='lat' dir='ltr'><strong>Amen.</strong></span> 
     </span>
    </p>
   </div>
   <div class='ocr_carea' id='block_1_36' title="bbox 175 1983 3435 2057">
    <p class='ocr_par' dir='ltr' id='par_1_36' title="bbox 175 1983 3435 2057">
     <span class='ocr_line' id='line_1_36' title="bbox 175 1983 3435 2057; baseline -0.002 -17"><span class='ocrx_word' id='word_1_264' title='bbox 175 1989 398 2041; x_wconf 80' lang='grc' dir='ltr'>πάντων</span> <span class='ocrx_word' id='word_1_265' title='bbox 422 1987 578 2056; x_wconf 82' lang='grc' dir='ltr'>ὑμεῖς</span> <span class='ocrx_word' id='word_1_266' title='bbox 607 1986 800 2039; x_wconf 79' lang='grc' dir='ltr'>λαδετε</span> <span class='ocrx_word' id='word_1_267' title='bbox 831 1986 930 2055; x_wconf 84' lang='grc' dir='ltr'>τὴν</span> <span class='ocrx_word' id='word_1_268' title='bbox 957 1984 1184 2040; x_wconf 81' lang='grc' dir='ltr'>ἔννοιαν.</span> <span class='ocrx_word' id='word_1_269' title='bbox 1223 1985 1404 2055; x_wconf 80' lang='grc' dir='ltr'><strong>Ἦμᾶς</strong></span> <span class='ocrx_word' id='word_1_270' title='bbox 1437 1985 1493 2039; x_wconf 82' lang='grc' dir='ltr'><strong>δέ</strong></span> <span class='ocrx_word' id='word_1_271' title='bbox 1529 1985 1917 2057; x_wconf 80' lang='grc' dir='ltr'>ἐπειγομένους</span> <span class='ocrx_word' id='word_1_272' title='bbox 1950 1986 2040 2039; x_wconf 83' lang='grc' dir='ltr'><strong>ἐπί</strong></span> <span class='ocrx_word' id='word_1_273' title='bbox 2068 2003 2192 2039; x_wconf 88' lang='grc' dir='ltr'>τινα</span> <span class='ocrx_word' id='word_1_274' title='bbox 2221 1986 2338 2039; x_wconf 83' lang='grc' dir='ltr'>ὁδὸν</span> <span class='ocrx_word' id='word_1_275' title='bbox 2369 1986 2672 2054; x_wconf 79' lang='grc' dir='ltr'>ἀναγκαίαν</span> <span class='ocrx_word' id='word_1_276' title='bbox 2703 1984 2820 2054; x_wconf 81' lang='grc' dir='ltr'>μετ’</span> <span class='ocrx_word' id='word_1_277' title='bbox 2841 1983 3016 2057; x_wconf 83' lang='grc' dir='ltr'>εὐχῶν</span> <span class='ocrx_word' id='word_1_278' title='bbox 3054 1984 3435 2056; x_wconf 72' lang='grc' dir='ltr'>προπέμψατε,</span> 
     </span>
    </p>
   </div>
   <div class='ocr_carea' id='block_1_37' title="bbox 176 2079 3436 2153">
    <p class='ocr_par' dir='ltr' id='par_1_37' title="bbox 176 2079 3436 2153">
     <span class='ocr_line' id='line_1_37' title="bbox 176 2079 3436 2153; baseline -0.001 -18"><span class='ocrx_word' id='word_1_279' title='bbox 176 2083 270 2136; x_wconf 72' lang='grc' dir='ltr'>ἴνα</span> <span class='ocrx_word' id='word_1_280' title='bbox 310 2084 367 2134; x_wconf 88' lang='grc' dir='ltr'><strong>ἐν</strong></span> <span class='ocrx_word' id='word_1_281' title='bbox 404 2081 560 2152; x_wconf 79' lang='grc' dir='ltr'>τάχει</span> <span class='ocrx_word' id='word_1_282' title='bbox 594 2081 722 2151; x_wconf 81' lang='grc' dir='ltr'>ὑμῖν</span> <span class='ocrx_word' id='word_1_283' title='bbox 757 2079 1149 2144; x_wconf 82' lang='grc' dir='ltr'>ἀποσωθέντες,</span> <span class='ocrx_word' id='word_1_284' title='bbox 1189 2080 1284 2133; x_wconf 68' lang='grc' dir='ltr'><strong>καὶ</strong></span> <span class='ocrx_word' id='word_1_285' title='bbox 1317 2079 1425 2134; x_wconf 84' lang='grc' dir='ltr'><strong>τῶν</strong></span> <span class='ocrx_word' id='word_1_286' title='bbox 1457 2081 1792 2152; x_wconf 74' lang='grc' dir='ltr'>λειπομένων</span> <span class='ocrx_word' id='word_1_287' title='bbox 1820 2083 2108 2152; x_wconf 80' lang='grc' dir='ltr'>ἀποδῶμεν</span> <span class='ocrx_word' id='word_1_288' title='bbox 2135 2083 2194 2135; x_wconf 80' lang='grc' dir='ltr'><strong>τὸ</strong></span> <span class='ocrx_word' id='word_1_289' title='bbox 2218 2083 2395 2152; x_wconf 84' lang='grc' dir='ltr'>χρέος,</span> <span class='ocrx_word' id='word_1_290' title='bbox 2428 2081 2610 2153; x_wconf 80' lang='grc' dir='ltr'>χάριτι</span> <span class='ocrx_word' id='word_1_291' title='bbox 2639 2081 2733 2135; x_wconf 79' lang='grc' dir='ltr'>τοῦ</span> <span class='ocrx_word' id='word_1_292' title='bbox 2760 2082 2938 2136; x_wconf 84' lang='grc' dir='ltr'>πάντα</span> <span class='ocrx_word' id='word_1_293' title='bbox 2985 2081 3436 2152; x_wconf 80' lang='grc' dir='ltr'>οίκονομήσαντος</span> 
     </span>
    </p>
   </div>
   <div class='ocr_carea' id='block_1_38' title="bbox 173 2168 3438 2252">
    <p class='ocr_par' dir='ltr' id='par_1_38' title="bbox 173 2168 3438 2252">
     <span class='ocr_line' id='line_1_38' title="bbox 173 2168 3438 2252; baseline 0 -24"><span class='ocrx_word' id='word_1_294' title='bbox 173 2177 310 2250; x_wconf 74' lang='grc' dir='ltr'>περὶ</span> <span class='ocrx_word' id='word_1_295' title='bbox 335 2179 481 2248; x_wconf 69' lang='grc' dir='ltr'>ἡμᾶς</span> <span class='ocrx_word' id='word_1_296' title='bbox 508 2177 736 2247; x_wconf 80' lang='grc' dir='ltr'>Κυρίου,</span> <span class='ocrx_word' id='word_1_297' title='bbox 760 2175 853 2230; x_wconf 74' lang='grc' dir='ltr'>τοῦ</span> <span class='ocrx_word' id='word_1_298' title='bbox 896 2176 1180 2240; x_wconf 84' lang='grc' dir='ltr'>κτίσαντος</span> <span class='ocrx_word' id='word_1_299' title='bbox 1212 2178 1358 2249; x_wconf 78' lang='grc' dir='ltr'>ἡμᾶς</span> <span class='ocrx_word' id='word_1_300' title='bbox 1394 2181 1460 2249; x_wconf 82' lang='grc' dir='ltr'>τῇ</span> <span class='ocrx_word' id='word_1_301' title='bbox 1490 2177 1684 2231; x_wconf 81' lang='grc' dir='ltr'>ἐαυτοῦ</span> <span class='ocrx_word' id='word_1_302' title='bbox 1715 2177 1920 2249; x_wconf 81' lang='grc' dir='ltr'>χάριτι,</span> <span class='ocrx_word' id='word_1_303' title='bbox 1953 2181 2034 2232; x_wconf 84' lang='grc' dir='ltr'>ὅτι</span> <span class='ocrx_word' id='word_1_304' title='bbox 2080 2178 2283 2250; x_wconf 78' lang='grc' dir='ltr'>αὐτῷή</span> <span class='ocrx_word' id='word_1_305' title='bbox 2316 2179 2443 2246; x_wconf 79' lang='grc' dir='ltr'>δόξα</span> <span class='ocrx_word' id='word_1_306' title='bbox 2469 2181 2563 2233; x_wconf 76' lang='grc' dir='ltr'>καὶ</span> <span class='ocrx_word' id='word_1_307' title='bbox 2598 2179 2660 2232; x_wconf 86' lang='grc' dir='ltr'><strong>τὸ</strong></span> <span class='ocrx_word' id='word_1_308' title='bbox 2691 2168 2912 2252; x_wconf 55' lang='grc' dir='ltr'>κράτος,</span> <span class='ocrx_word' id='word_1_309' title='bbox 2958 2179 3040 2244; x_wconf 81' lang='grc' dir='ltr'><strong>είς</strong></span> <span class='ocrx_word' id='word_1_310' title='bbox 3085 2178 3212 2242; x_wconf 80' lang='grc' dir='ltr'>τοὺς</span> <span class='ocrx_word' id='word_1_311' title='bbox 3238 2175 3438 2242; x_wconf 81' lang='grc' dir='ltr'>αἰῶνας</span> 
     </span>
    </p>
   </div>
   <div class='ocr_carea' id='block_1_39' title="bbox 168 2269 776 2341">
    <p class='ocr_par' dir='ltr' id='par_1_39' title="bbox 168 2269 776 2341">
     <span class='ocr_line' id='line_1_39' title="bbox 168 2269 776 2341; baseline -0.005 -16"><span class='ocrx_word' id='word_1_312' title='bbox 168 2269 288 2325; x_wconf 72' lang='grc' dir='ltr'>τῶν</span> <span class='ocrx_word' id='word_1_313' title='bbox 319 2269 548 2325; x_wconf 76' lang='grc' dir='ltr'>αἰώνων.</span> <span class='ocrx_word' id='word_1_314' title='bbox 584 2270 776 2341; x_wconf 79' lang='grc' dir='ltr'>Ἀμήν.</span> 
     </span>
    </p>
   </div>
   <div class='ocr_carea' id='block_1_40' title="bbox 195 2457 3411 2496">
    <p class='ocr_par' dir='ltr' id='par_1_40' title="bbox 195 2457 3411 2496">
     <span class='ocr_line' id='line_1_40' title="bbox 195 2457 3411 2496; baseline 0 -6"><span class='ocrx_word' id='word_1_315' title='bbox 195 2457 3411 2496; x_wconf 51' lang='lat' dir='ltr'><em>W</em></span> 
     </span>
    </p>
   </div>
   <div class='ocr_carea' id='block_1_41' title="bbox 964 2596 2676 2686">
    <p class='ocr_par' dir='ltr' id='par_1_41' title="bbox 964 2596 2676 2686">
     <span class='ocr_line' id='line_1_41' title="bbox 964 2596 2676 2686; baseline -0.001 -1"><span class='ocrx_word' id='word_1_316' title='bbox 964 2599 1196 2686; x_wconf 86' lang='grc' dir='ltr'><strong>ΤΟΥ</strong></span> <span class='ocrx_word' id='word_1_317' title='bbox 1235 2599 1380 2685; x_wconf 87' lang='grc' dir='ltr'><strong>ΕΝ</strong></span> <span class='ocrx_word' id='word_1_318' title='bbox 1431 2598 1797 2685; x_wconf 87' lang='grc' dir='ltr'><strong>ΑΓΙΟΙΣ</strong></span> <span class='ocrx_word' id='word_1_319' title='bbox 1851 2599 2284 2685; x_wconf 89' lang='grc' dir='ltr'><strong>ΠΑΤΡοΣ</strong></span> <span class='ocrx_word' id='word_1_320' title='bbox 2349 2596 2676 2686; x_wconf 84' lang='grc' dir='ltr'><strong>ΗΜΩΝ</strong></span> 
     </span>
    </p>
   </div>
   <div class='ocr_carea' id='block_1_42' title="bbox 1248 2789 2371 2923">
    <p class='ocr_par' dir='ltr' id='par_1_42' title="bbox 1248 2789 2371 2923">
     <span class='ocr_line' id='line_1_42' title="bbox 1248 2789 2371 2923; baseline -0.002 -3"><span class='ocrx_word' id='word_1_321' title='bbox 1248 2789 2371 2923; x_wconf 88' lang='grc' dir='ltr'><strong>ΓΡΗΓΟΡΙΟΥ</strong></span> 
     </span>
    </p>
   </div>
   <div class='ocr_carea' id='block_1_43' title="bbox 1446 2999 2176 3068">
    <p class='ocr_par' dir='ltr' id='par_1_43' title="bbox 1446 2999 2176 3068">
     <span class='ocr_line' id='line_1_43' title="bbox 1446 2999 2176 3068; baseline 0.003 -13"><span class='ocrx_word' id='word_1_322' title='bbox 1446 3001 1848 3057; x_wconf 79' lang='grc' dir='ltr'><strong>ΕΠΙΣΚΟΠΟΥ</strong></span> <span class='ocrx_word' id='word_1_323' title='bbox 1880 2999 2148 3058; x_wconf 84' lang='grc' dir='ltr'><strong>ΝΥΣΣΗΣ</strong></span> <span class='ocrx_word' id='word_1_324' title='bbox 2161 3041 2176 3068; x_wconf 86' lang='grc'><em>,</em></span> 
     </span>
    </p>
   </div>
   <div class='ocr_carea' id='block_1_44' title="bbox 881 3155 2769 3292">
    <p class='ocr_par' dir='ltr' id='par_1_44' title="bbox 881 3155 2769 3292">
     <span class='ocr_line' id='line_1_44' title="bbox 881 3155 2769 3292; baseline -0.003 -18"><span class='ocrx_word' id='word_1_325' title='bbox 881 3159 1243 3274; x_wconf 88' lang='grc' dir='ltr'><strong>ΠΕΡΙ</strong></span> <span class='ocrx_word' id='word_1_326' title='bbox 1321 3155 1626 3272; x_wconf 91' lang='grc' dir='ltr'><strong>ΤΟΥ</strong></span> <span class='ocrx_word' id='word_1_327' title='bbox 1675 3157 2034 3275; x_wconf 90' lang='grc' dir='ltr'><strong>ΒΙΟΥ</strong></span> <span class='ocrx_word' id='word_1_328' title='bbox 2100 3155 2769 3292; x_wconf 85' lang='grc' dir='ltr'>ΜΩΣΕΩΣ,</span> 
     </span>
    </p>
   </div>
   <div class='ocr_carea' id='block_1_45' title="bbox 1024 3374 2600 3432">
    <p class='ocr_par' dir='ltr' id='par_1_45' title="bbox 1024 3374 2600 3432">
     <span class='ocr_line' id='line_1_45' title="bbox 1024 3374 2600 3432; baseline -0.001 -1"><span class='ocrx_word' id='word_1_329' title='bbox 1024 3378 1084 3431; x_wconf 80' lang='grc' dir='ltr'><strong><em>ΙΙ</em></strong></span> <span class='ocrx_word' id='word_1_330' title='bbox 1141 3377 1330 3432; x_wconf 85' lang='grc' dir='ltr'><strong>ΠΕΡΙ</strong></span> <span class='ocrx_word' id='word_1_331' title='bbox 1371 3379 1512 3431; x_wconf 86' lang='grc' dir='ltr'><strong>ΤΗΣ</strong></span> <span class='ocrx_word' id='word_1_332' title='bbox 1545 3375 1712 3431; x_wconf 74' lang='grc' dir='ltr'><strong>ΚΑΓ</strong></span> <span class='ocrx_word' id='word_1_333' title='bbox 1739 3375 2036 3432; x_wconf 79' lang='grc' dir='ltr'><strong>ΑΡΕΤΗΝ</strong></span> <span class='ocrx_word' id='word_1_334' title='bbox 2073 3374 2600 3430; x_wconf 82' lang='grc' dir='ltr'><strong>ΤΕΛΕΙΟΤΗΤΟΣ.</strong></span> 
     </span>
    </p>
   </div>
   <div class='ocr_carea' id='block_1_46' title="bbox 782 3687 2850 3884">
    <p class='ocr_par' dir='ltr' id='par_1_46' title="bbox 782 3687 2850 3884">
     <span class='ocr_line' id='line_1_46' title="bbox 782 3687 2850 3884; baseline -0.004 -39"><span class='ocrx_word' id='word_1_335' title='bbox 782 3689 943 3845; x_wconf 85' lang='lat' dir='ltr'><strong>s.</strong></span> <span class='ocrx_word' id='word_1_336' title='bbox 1091 3697 1264 3845; x_wconf 91' lang='lat' dir='ltr'><strong>P.</strong></span> <span class='ocrx_word' id='word_1_337' title='bbox 1389 3694 1577 3847; x_wconf 88' lang='lat' dir='ltr'><strong>N.</strong></span> <span class='ocrx_word' id='word_1_338' title='bbox 1699 3687 2850 3884; x_wconf 75' lang='lat' dir='ltr'><strong>GBEGORII,</strong></span> 
     </span>
    </p>
   </div>
   <div class='ocr_carea' id='block_1_47' title="bbox 1474 3956 2153 4023">
    <p class='ocr_par' dir='ltr' id='par_1_47' title="bbox 1474 3956 2153 4023">
     <span class='ocr_line' id='line_1_47' title="bbox 1474 3956 2153 4023; baseline -0.004 -10"><span class='ocrx_word' id='word_1_339' title='bbox 1474 3958 1787 4017; x_wconf 81' lang='lat' dir='ltr'><strong>EPISCOPI</strong></span> <span class='ocrx_word' id='word_1_340' title='bbox 1820 3958 1866 4014; x_wconf 82' lang='grc' dir='ltr'><strong>Ν</strong></span> <span class='ocrx_word' id='word_1_341' title='bbox 1873 3956 2118 4012; x_wconf 82' lang='lat' dir='ltr'><strong>YSSENI</strong></span> <span class='ocrx_word' id='word_1_342' title='bbox 2135 3997 2153 4023; x_wconf 86' lang='lat'><strong>,</strong></span> 
     </span>
    </p>
   </div>
   <div class='ocr_carea' id='block_1_48' title="bbox 1144 4114 2473 4256">
    <p class='ocr_par' dir='ltr' id='par_1_48' title="bbox 1144 4114 2473 4256">
     <span class='ocr_line' id='line_1_48' title="bbox 1144 4114 2473 4256; baseline -0.007 -22"><span class='ocrx_word' id='word_1_343' title='bbox 1144 4123 1328 4234; x_wconf 88' lang='lat' dir='ltr'><strong>DE</strong></span> <span class='ocrx_word' id='word_1_344' title='bbox 1420 4119 1769 4238; x_wconf 82' lang='lat' dir='ltr'><strong>VITA</strong></span> <span class='ocrx_word' id='word_1_345' title='bbox 1848 4114 2386 4230; x_wconf 90' lang='lat' dir='ltr'><strong>MOYSIS</strong></span> <span class='ocrx_word' id='word_1_346' title='bbox 2431 4193 2473 4256; x_wconf 88' lang='lat'><strong>,</strong></span> 
     </span>
    </p>
   </div>
   <div class='ocr_carea' id='block_1_49' title="bbox 1754 4308 1876 4349">
    <p class='ocr_par' dir='ltr' id='par_1_49' title="bbox 1754 4308 1876 4349">
     <span class='ocr_line' id='line_1_49' title="bbox 1754 4308 1876 4349; baseline -0.025 0"><span class='ocrx_word' id='word_1_347' title='bbox 1754 4308 1876 4349; x_wconf 65' lang='grc' dir='ltr'>δινεῖ</span> 
     </span>
    </p>
   </div>
   <div class='ocr_carea' id='block_1_50' title="bbox 574 4401 3054 4474">
    <p class='ocr_par' dir='ltr' id='par_1_50' title="bbox 574 4401 3054 4474">
     <span class='ocr_line' id='line_1_50' title="bbox 574 4401 3054 4474; baseline -0.004 -3"><span class='ocrx_word' id='word_1_348' title='bbox 574 4415 661 4472; x_wconf 84' lang='lat' dir='ltr'><strong>DE</strong></span> <span class='ocrx_word' id='word_1_349' title='bbox 719 4413 1194 4474; x_wconf 78' lang='lat' dir='ltr'><strong>PERFECTIONE</strong></span> <span class='ocrx_word' id='word_1_350' title='bbox 1261 4413 1450 4470; x_wconf 74' lang='grc' dir='ltr'>νΙΤιΕ</span> <span class='ocrx_word' id='word_1_351' title='bbox 1525 4411 1622 4468; x_wconf 76' lang='lat' dir='ltr'><strong>EX</strong></span> <span class='ocrx_word' id='word_1_352' title='bbox 1687 4408 2148 4467; x_wconf 63' lang='lat' dir='ltr'><strong>PRESCRIPTO</strong></span> <span class='ocrx_word' id='word_1_353' title='bbox 2222 4407 2553 4470; x_wconf 80' lang='lat' dir='ltr'><strong>VIRTUTIS</strong></span> <span class='ocrx_word' id='word_1_354' title='bbox 2635 4401 3054 4461; x_wconf 72' lang='lat' dir='ltr'><strong>INSTITUTE.</strong></span> 
     </span>
    </p>
   </div>
   <div class='ocr_carea' id='block_1_51' title="bbox 628 4561 3019 4638">
    <p class='ocr_par' dir='ltr' id='par_1_51' title="bbox 628 4561 3019 4638">
     <span class='ocr_line' id='line_1_51' title="bbox 628 4561 3019 4638; baseline -0.008 -13"><span class='ocrx_word' id='word_1_355' title='bbox 628 4575 702 4626; x_wconf 83' lang='lat' dir='ltr'><strong>Ex</strong></span> <span class='ocrx_word' id='word_1_356' title='bbox 723 4576 1140 4638; x_wconf 75' lang='lat' dir='ltr'><strong>interpretatione</strong></span> <span class='ocrx_word' id='word_1_357' title='bbox 1167 4573 1396 4636; x_wconf 82' lang='lat' dir='ltr'><strong>Gregorii</strong></span> <span class='ocrx_word' id='word_1_358' title='bbox 1418 4572 1759 4636; x_wconf 85' lang='lat' dir='ltr'><strong>Trapezuntii,</strong></span> <span class='ocrx_word' id='word_1_359' title='bbox 1782 4582 1887 4620; x_wconf 86' lang='lat' dir='ltr'><strong>rec.</strong></span> <span class='ocrx_word' id='word_1_360' title='bbox 1916 4571 1971 4626; x_wconf 82' lang='lat' dir='ltr'><strong>et</strong></span> <span class='ocrx_word' id='word_1_361' title='bbox 1989 4573 2136 4616; x_wconf 82' lang='lat' dir='ltr'><strong>aucta</strong></span> <span class='ocrx_word' id='word_1_362' title='bbox 2159 4582 2187 4615; x_wconf 84' lang='lat' dir='ltr'><strong>a</strong></span> <span class='ocrx_word' id='word_1_363' title='bbox 2205 4566 2457 4616; x_wconf 85' lang='lat' dir='ltr'><strong>Frontone</strong></span> <span class='ocrx_word' id='word_1_364' title='bbox 2483 4565 2664 4614; x_wconf 71' lang='lat' dir='ltr'><strong>Ducam</strong></span> <span class='ocrx_word' id='word_1_365' title='bbox 2687 4564 2737 4610; x_wconf 64' lang='grc' dir='ltr'><strong>Β.</strong></span> <span class='ocrx_word' id='word_1_366' title='bbox 2765 4564 2810 4612; x_wconf 90' lang='lat' dir='ltr'><strong>J.</strong></span> <span class='ocrx_word' id='word_1_367' title='bbox 2846 4561 3019 4610; x_wconf 87' lang='lat' dir='ltr'><strong>Theol.</strong></span> 
     </span>
    </p>
   </div>
   <div class='ocr_carea' id='block_1_52' title="bbox 254 4846 1788 4950">
    <p class='ocr_par' dir='ltr' id='par_1_52' title="bbox 254 4869 1773 4947">
     <span class='ocr_line' id='line_1_52' title="bbox 254 4869 1773 4947; baseline -0.009 -12"><span class='ocrx_word' id='word_1_368' title='bbox 254 4874 387 4936; x_wconf 80' lang='grc' dir='ltr'>Οἷόν</span> <span class='ocrx_word' id='word_1_369' title='bbox 441 4895 496 4931; x_wconf 87' lang='grc' dir='ltr'><strong>τι</strong></span> <span class='ocrx_word' id='word_1_370' title='bbox 539 4877 836 4947; x_wconf 82' lang='grc' dir='ltr'>πάσχουσιν</span> <span class='ocrx_word' id='word_1_371' title='bbox 874 4875 924 4927; x_wconf 76' lang='grc' dir='ltr'>οἱ</span> <span class='ocrx_word' id='word_1_372' title='bbox 969 4873 1076 4927; x_wconf 85' lang='grc' dir='ltr'><strong>τῶν</strong></span> <span class='ocrx_word' id='word_1_373' title='bbox 1127 4872 1370 4926; x_wconf 76' lang='grc' dir='ltr'>ἱππικῶν</span> <span class='ocrx_word' id='word_1_374' title='bbox 1411 4869 1636 4940; x_wconf 82' lang='grc' dir='ltr'>ἀγώνων</span> <span class='ocrx_word' id='word_1_375' title='bbox 1685 4888 1773 4938; x_wconf 87' lang='grc' dir='ltr'><strong>φι-</strong></span> 
     </span>
    </p>
   </div>
   <div class='ocr_carea' id='block_1_53' title="bbox 1909 4846 3443 4950">
    <p class='ocr_par' dir='ltr' id='par_1_53' title="bbox 1945 4846 3443 4934">
     <span class='ocr_line' id='line_1_53' title="bbox 1945 4846 3443 4934; baseline -0.015 -10"><span class='ocrx_word' id='word_1_376' title='bbox 1945 4864 2411 4934; x_wconf 85' lang='lat' dir='ltr'><strong>Quemadmodum</strong></span> <span class='ocrx_word' id='word_1_377' title='bbox 2443 4860 2538 4929; x_wconf 92' lang='lat' dir='ltr'><strong>qui</strong></span> <span class='ocrx_word' id='word_1_378' title='bbox 2579 4865 2852 4911; x_wconf 88' lang='lat' dir='ltr'><strong>certamen</strong></span> <span class='ocrx_word' id='word_1_379' title='bbox 2880 4864 3142 4922; x_wconf 89' lang='lat' dir='ltr'><strong>equorum</strong></span> <span class='ocrx_word' id='word_1_380' title='bbox 3166 4862 3274 4902; x_wconf 92' lang='lat' dir='ltr'><strong>non</strong></span> <span class='ocrx_word' id='word_1_381' title='bbox 3325 4846 3443 4903; x_wconf 77' lang='lat' dir='ltr'><strong>sine.</strong></span> 
     </span>
    </p>
   </div>
   <div class='ocr_carea' id='block_1_54' title="bbox 185 4937 1719 5042">
    <p class='ocr_par' dir='ltr' id='par_1_54' title="bbox 185 4937 1719 5041">
     <span class='ocr_line' id='line_1_54' title="bbox 185 4937 1719 5041; baseline -0.008 -16"><span class='ocrx_word' id='word_1_382' title='bbox 185 4972 537 5041; x_wconf 82' lang='grc' dir='ltr'>λοθεάμονες.</span> <span class='ocrx_word' id='word_1_383' title='bbox 575 4967 622 5021; x_wconf 84' lang='grc' dir='ltr'>οἳ</span> <span class='ocrx_word' id='word_1_384' title='bbox 654 4937 777 5030; x_wconf 50' lang='grc' dir='ltr'>’τοῖς</span> <span class='ocrx_word' id='word_1_385' title='bbox 822 4967 952 5038; x_wconf 87' lang='grc' dir='ltr'>παρ’</span> <span class='ocrx_word' id='word_1_386' title='bbox 992 4965 1172 5019; x_wconf 79' lang='grc' dir='ltr'>αὐτῶν</span> <span class='ocrx_word' id='word_1_387' title='bbox 1215 4937 1672 5032; x_wconf 66' lang='grc' dir='ltr'>σπουδαζομένας</span> <span class='ocrx_word' id='word_1_388' title='bbox 1700 4937 1719 5013; x_wconf 12' lang='grc' dir='ltr'><strong>ίὲ</strong></span> 
     </span>
    </p>
   </div>
   <div class='ocr_carea' id='block_1_55' title="bbox 1908 4937 3442 5042">
    <p class='ocr_par' dir='ltr' id='par_1_55' title="bbox 1908 4937 3442 5029">
     <span class='ocr_line' id='line_1_55' title="bbox 1908 4937 3442 5029; baseline -0.014 -17"><span class='ocrx_word' id='word_1_389' title='bbox 1908 4974 2069 5029; x_wconf 77' lang='lat' dir='ltr'><strong>iagna</strong></span> <span class='ocrx_word' id='word_1_390' title='bbox 2115 4955 2474 5012; x_wconf 80' lang='lat' dir='ltr'><strong>delectatione</strong></span> <span class='ocrx_word' id='word_1_391' title='bbox 2524 4949 2692 5003; x_wconf 88' lang='lat' dir='ltr'><strong>animi</strong></span> <span class='ocrx_word' id='word_1_392' title='bbox 2751 4951 3022 5013; x_wconf 87' lang='lat' dir='ltr'><strong>spectant,</strong></span> <span class='ocrx_word' id='word_1_393' title='bbox 3068 4943 3174 4996; x_wconf 91' lang='lat' dir='ltr'><strong>etsi</strong></span> <span class='ocrx_word' id='word_1_394' title='bbox 3207 4937 3344 4992; x_wconf 92' lang='lat' dir='ltr'><strong>nihil</strong></span> <span class='ocrx_word' id='word_1_395' title='bbox 3374 4937 3442 4991; x_wconf 88' lang='lat' dir='ltr'><strong>ad</strong></span> 
     </span>
    </p>
   </div>
   <div class='ocr_carea' id='block_1_56' title="bbox 185 5038 1719 5137">
    <p class='ocr_par' dir='ltr' id='par_1_56' title="bbox 185 5038 1714 5133">
     <span class='ocr_line' id='line_1_56' title="bbox 185 5038 1714 5133; baseline -0.009 -16"><span class='ocrx_word' id='word_1_396' title='bbox 185 5068 308 5127; x_wconf 75' lang='grc' dir='ltr'>ταῖς</span> <span class='ocrx_word' id='word_1_397' title='bbox 337 5038 594 5133; x_wconf 84' lang='grc' dir='ltr'>ἀμίλλαις</span> <span class='ocrx_word' id='word_1_398' title='bbox 618 5059 724 5112; x_wconf 82' lang='grc' dir='ltr'><strong>τῶν</strong></span> <span class='ocrx_word' id='word_1_399' title='bbox 755 5059 992 5130; x_wconf 87' lang='grc' dir='ltr'>δρόμων,</span> <span class='ocrx_word' id='word_1_400' title='bbox 1022 5057 1127 5112; x_wconf 85' lang='grc' dir='ltr'><strong>κᾶν</strong></span> <span class='ocrx_word' id='word_1_401' title='bbox 1159 5056 1323 5126; x_wconf 84' lang='grc' dir='ltr'>μηδὲν</span> <span class='ocrx_word' id='word_1_402' title='bbox 1355 5052 1666 5124; x_wconf 86' lang='grc' dir='ltr'>προθυμίας</span> <span class='ocrx_word' id='word_1_403' title='bbox 1689 5069 1714 5104; x_wconf 88' lang='grc' dir='ltr'><strong>ε</strong></span> 
     </span>
    </p>
   </div>
   <div class='ocr_carea' id='block_1_57' title="bbox 1911 5038 3445 5137">
    <p class='ocr_par' dir='ltr' id='par_1_57' title="bbox 1911 5038 3445 5116">
     <span class='ocr_line' id='line_1_57' title="bbox 1911 5038 3445 5116; baseline -0.014 -11"><span class='ocrx_word' id='word_1_404' title='bbox 1911 5065 2095 5106; x_wconf 91' lang='lat' dir='ltr'><strong>ursum</strong></span> <span class='ocrx_word' id='word_1_405' title='bbox 2142 5046 2430 5116; x_wconf 71' lang='lat' dir='ltr'><strong>diligentia:</strong></span> <span class='ocrx_word' id='word_1_406' title='bbox 2455 5042 2532 5096; x_wconf 92' lang='lat' dir='ltr'><strong>illi</strong></span> <span class='ocrx_word' id='word_1_407' title='bbox 2582 5038 3016 5110; x_wconf 64' lang='lat' dir='ltr'><strong>praetermittam,</strong></span> <span class='ocrx_word' id='word_1_408' title='bbox 3055 5045 3196 5102; x_wconf 90' lang='lat' dir='ltr'><strong>quos</strong></span> <span class='ocrx_word' id='word_1_409' title='bbox 3225 5038 3445 5083; x_wconf 85' lang='lat' dir='ltr'><strong>vincere</strong></span> 
     </span>
    </p>
   </div>
   <div class='ocr_carea' id='block_1_58' title="bbox 187 5121 1721 5224">
    <p class='ocr_par' dir='ltr' id='par_1_58' title="bbox 187 5121 1721 5224">
     <span class='ocr_line' id='line_1_58' title="bbox 187 5121 1721 5224; baseline -0.01 -15"><span class='ocrx_word' id='word_1_410' title='bbox 187 5121 436 5224; x_wconf 66' lang='grc' dir='ltr'>ὼτάχος</span> <span class='ocrx_word' id='word_1_411' title='bbox 487 5121 828 5213; x_wconf 74' lang='grc' dir='ltr'>ἐλλείπωσιν,</span> <span class='ocrx_word' id='word_1_412' title='bbox 857 5121 1012 5220; x_wconf 69' lang='grc' dir='ltr'>δμως</span> <span class='ocrx_word' id='word_1_413' title='bbox 1059 5121 1288 5215; x_wconf 44' lang='grc' dir='ltr'>ὑπὸ-πῆς</span> <span class='ocrx_word' id='word_1_414' title='bbox 1321 5121 1446 5216; x_wconf 77' lang='grc' dir='ltr'>περὶ</span> <span class='ocrx_word' id='word_1_415' title='bbox 1483 5121 1583 5214; x_wconf 67' lang='grc' dir='ltr'>τῆν</span> <span class='ocrx_word' id='word_1_416' title='bbox 1609 5142 1721 5195; x_wconf 82' lang='grc' dir='ltr'>νίκτ</span> 
     </span>
    </p>
   </div>
   <div class='ocr_carea' id='block_1_59' title="bbox 1911 5121 3445 5224">
    <p class='ocr_par' dir='ltr' id='par_1_59' title="bbox 1911 5121 3445 5221">
     <span class='ocr_line' id='line_1_59' title="bbox 1911 5121 3445 5221; baseline -0.016 -27"><span class='ocrx_word' id='word_1_417' title='bbox 1911 5147 2085 5210; x_wconf 89' lang='lat' dir='ltr'><strong>ptant,</strong></span> <span class='ocrx_word' id='word_1_418' title='bbox 2113 5137 2288 5192; x_wconf 91' lang='lat' dir='ltr'><strong>oculis</strong></span> <span class='ocrx_word' id='word_1_419' title='bbox 2309 5145 2491 5188; x_wconf 90' lang='lat' dir='ltr'><strong>tamen</strong></span> <span class='ocrx_word' id='word_1_420' title='bbox 2529 5143 2751 5185; x_wconf 88' lang='lat' dir='ltr'><strong>cursum</strong></span> <span class='ocrx_word' id='word_1_421' title='bbox 2787 5126 3032 5194; x_wconf 83' lang='lat' dir='ltr'><strong>ipsorum</strong></span> <span class='ocrx_word' id='word_1_422' title='bbox 3067 5121 3287 5176; x_wconf 88' lang='lat' dir='ltr'><strong>solliciti</strong></span> <span class='ocrx_word' id='word_1_423' title='bbox 3308 5131 3445 5221; x_wconf 40' lang='grc' dir='ltr'>,υτο-</span> 
     </span>
    </p>
   </div>
   <div class='ocr_carea' id='block_1_60' title="bbox 191 5214 1725 5318">
    <p class='ocr_par' dir='ltr' id='par_1_60' title="bbox 191 5214 1725 5315">
     <span class='ocr_line' id='line_1_60' title="bbox 191 5214 1725 5315; baseline -0.01 -15"><span class='ocrx_word' id='word_1_424' title='bbox 191 5214 434 5315; x_wconf 71' lang='grc' dir='ltr'>σπουδῆς</span> <span class='ocrx_word' id='word_1_425' title='bbox 472 5243 761 5297; x_wconf 78' lang='grc' dir='ltr'>ἐπιϐοῶσιν</span> <span class='ocrx_word' id='word_1_426' title='bbox 789 5214 1016 5305; x_wconf 79' lang='grc' dir='ltr'>ἄνωθεν,</span> <span class='ocrx_word' id='word_1_427' title='bbox 1041 5239 1130 5292; x_wconf 84' lang='grc' dir='ltr'><strong>τὸν</strong></span> <span class='ocrx_word' id='word_1_428' title='bbox 1159 5214 1436 5307; x_wconf 67' lang='grc' dir='ltr'>ὀφθαλμδν</span> <span class='ocrx_word' id='word_1_429' title='bbox 1463 5235 1542 5305; x_wconf 82' lang='grc' dir='ltr'>τῷ</span> <span class='ocrx_word' id='word_1_430' title='bbox 1583 5235 1725 5306; x_wconf 35' lang='grc' dir='ltr'>δρόμχ</span> 
     </span>
    </p>
   </div>
   <div class='ocr_carea' id='block_1_61' title="bbox 1912 5214 3446 5318">
    <p class='ocr_par' dir='ltr' id='par_1_61' title="bbox 1912 5214 3446 5318">
     <span class='ocr_line' id='line_1_61' title="bbox 1912 5214 3446 5318; baseline -0.017 -32"><span class='ocrx_word' id='word_1_431' title='bbox 1912 5232 2187 5300; x_wconf 88' lang='lat' dir='ltr'><strong>picientes,</strong></span> <span class='ocrx_word' id='word_1_432' title='bbox 2218 5228 2454 5282; x_wconf 88' lang='lat' dir='ltr'><strong>clamant</strong></span> <span class='ocrx_word' id='word_1_433' title='bbox 2481 5223 2716 5290; x_wconf 82' lang='lat' dir='ltr'><strong>desuper</strong></span> <span class='ocrx_word' id='word_1_434' title='bbox 2767 5227 2930 5286; x_wconf 88' lang='lat' dir='ltr'><strong>atque</strong></span> <span class='ocrx_word' id='word_1_435' title='bbox 2958 5214 3269 5318; x_wconf 58' lang='lat' dir='ltr'><strong>hortantur:</strong></span> <span class='ocrx_word' id='word_1_436' title='bbox 3307 5214 3446 5263; x_wconf 86' lang='lat' dir='ltr'><strong>inci-</strong></span> 
     </span>
    </p>
   </div>
   <div class='ocr_carea' id='block_1_62' title="bbox 193 5299 1727 5411">
    <p class='ocr_par' dir='ltr' id='par_1_62' title="bbox 193 5326 1727 5411">
     <span class='ocr_line' id='line_1_62' title="bbox 193 5326 1727 5411; baseline -0.01 -18"><span class='ocrx_word' id='word_1_437' title='bbox 193 5338 681 5411; x_wconf 78' lang='grc' dir='ltr'>συμπεριάγοντες,</span> <span class='ocrx_word' id='word_1_438' title='bbox 704 5337 798 5388; x_wconf 75' lang='grc' dir='ltr'>καὶ</span> <span class='ocrx_word' id='word_1_439' title='bbox 825 5331 1216 5405; x_wconf 80' lang='grc' dir='ltr'>παρακινοῦσιν</span> <span class='ocrx_word' id='word_1_440' title='bbox 1243 5329 1337 5393; x_wconf 84' lang='grc' dir='ltr'><strong>(ὥς</strong></span> <span class='ocrx_word' id='word_1_441' title='bbox 1354 5344 1418 5397; x_wconf 91' lang='grc' dir='ltr'><strong>γε</strong></span> <span class='ocrx_word' id='word_1_442' title='bbox 1437 5326 1727 5400; x_wconf 64' lang='grc' dir='ltr'>νομίζουσι’</span> 
     </span>
    </p>
   </div>
   <div class='ocr_carea' id='block_1_63' title="bbox 1911 5299 3445 5411">
    <p class='ocr_par' dir='ltr' id='par_1_63' title="bbox 1911 5299 3445 5388">
     <span class='ocr_line' id='line_1_63' title="bbox 1911 5299 3445 5388; baseline -0.016 -12"><span class='ocrx_word' id='word_1_443' title='bbox 1911 5299 2098 5388; x_wconf 66' lang='lat' dir='ltr'><strong>ireque</strong></span> <span class='ocrx_word' id='word_1_444' title='bbox 2125 5333 2190 5373; x_wconf 86' lang='lat' dir='ltr'><strong>ac</strong></span> <span class='ocrx_word' id='word_1_445' title='bbox 2240 5316 2453 5372; x_wconf 82' lang='lat' dir='ltr'><strong>eﬂicere</strong></span> <span class='ocrx_word' id='word_1_446' title='bbox 2502 5328 2562 5370; x_wconf 80' lang='lat' dir='ltr'><strong>se</strong></span> <span class='ocrx_word' id='word_1_447' title='bbox 2619 5315 2832 5381; x_wconf 85' lang='lat' dir='ltr'><strong>putant,</strong></span> <span class='ocrx_word' id='word_1_448' title='bbox 2863 5312 2923 5360; x_wconf 82' lang='lat' dir='ltr'><strong>ut</strong></span> <span class='ocrx_word' id='word_1_449' title='bbox 2952 5303 3192 5358; x_wconf 86' lang='lat' dir='ltr'><strong>velocius</strong></span> <span class='ocrx_word' id='word_1_450' title='bbox 3237 5299 3445 5354; x_wconf 83' lang='lat' dir='ltr'><strong>feratur</strong></span> 
     </span>
    </p>
   </div>
   <div class='ocr_carea' id='block_1_64' title="bbox 191 5395 1725 5498">
    <p class='ocr_par' dir='ltr' id='par_1_64' title="bbox 191 5395 1725 5498">
     <span class='ocr_line' id='line_1_64' title="bbox 191 5395 1725 5498; baseline -0.01 -16"><span class='ocrx_word' id='word_1_451' title='bbox 191 5395 277 5493; x_wconf 69' lang='grc' dir='ltr'>ειέ</span> <span class='ocrx_word' id='word_1_452' title='bbox 311 5395 576 5498; x_wconf 71' lang='grc' dir='ltr'>ὀξυτέραν</span> <span class='ocrx_word' id='word_1_453' title='bbox 605 5395 780 5497; x_wconf 79' lang='grc' dir='ltr'>ὁρμὴν</span> <span class='ocrx_word' id='word_1_454' title='bbox 817 5395 919 5477; x_wconf 46' lang='grc' dir='ltr'>τὸν.</span> <span class='ocrx_word' id='word_1_455' title='bbox 944 5422 1189 5493; x_wconf 82' lang='grc' dir='ltr'>ἡνίοχον,</span> <span class='ocrx_word' id='word_1_456' title='bbox 1239 5395 1623 5482; x_wconf 77' lang='grc' dir='ltr'>ἐπικλάζοντες</span> <span class='ocrx_word' id='word_1_457' title='bbox 1656 5416 1725 5484; x_wconf 77' lang='grc' dir='ltr'><strong>ἀμ</strong></span> 
     </span>
    </p>
   </div>
   <div class='ocr_carea' id='block_1_65' title="bbox 1913 5395 3447 5498">
    <p class='ocr_par' dir='ltr' id='par_1_65' title="bbox 1913 5395 3447 5483">
     <span class='ocr_line' id='line_1_65' title="bbox 1913 5395 3447 5483; baseline -0.014 -16"><span class='ocrx_word' id='word_1_458' title='bbox 1913 5413 2079 5483; x_wconf 84' lang='lat' dir='ltr'><strong>uriga,</strong></span> <span class='ocrx_word' id='word_1_459' title='bbox 2109 5426 2233 5466; x_wconf 91' lang='lat' dir='ltr'><strong>cum</strong></span> <span class='ocrx_word' id='word_1_460' title='bbox 2282 5423 2392 5464; x_wconf 86' lang='lat' dir='ltr'><strong>una</strong></span> <span class='ocrx_word' id='word_1_461' title='bbox 2429 5421 2555 5461; x_wconf 91' lang='lat' dir='ltr'><strong>cum</strong></span> <span class='ocrx_word' id='word_1_462' title='bbox 2605 5403 2761 5474; x_wconf 91' lang='lat' dir='ltr'><strong>equis</strong></span> <span class='ocrx_word' id='word_1_463' title='bbox 2815 5395 3346 5470; x_wconf 79' lang='lat' dir='ltr'><strong>clangoremedant,</strong></span> <span class='ocrx_word' id='word_1_464' title='bbox 3381 5409 3447 5446; x_wconf 88' lang='lat' dir='ltr'><strong>ac</strong></span> 
     </span>
    </p>
   </div>
   <div class='ocr_carea' id='block_1_66' title="bbox 191 5487 1725 5594">
    <p class='ocr_par' dir='ltr' id='par_1_66' title="bbox 191 5509 1725 5590">
     <span class='ocr_line' id='line_1_66' title="bbox 191 5509 1725 5590; baseline -0.013 -9"><span class='ocrx_word' id='word_1_465' title='bbox 191 5530 306 5590; x_wconf 80' lang='grc' dir='ltr'>τοῖς</span> <span class='ocrx_word' id='word_1_466' title='bbox 333 5527 545 5590; x_wconf 83' lang='grc' dir='ltr'>ίπποις,</span> <span class='ocrx_word' id='word_1_467' title='bbox 570 5524 665 5578; x_wconf 74' lang='grc' dir='ltr'><strong>καὶ</strong></span> <span class='ocrx_word' id='word_1_468' title='bbox 696 5522 818 5577; x_wconf 69' lang='grc' dir='ltr'>ἀντὶ</span> <span class='ocrx_word' id='word_1_469' title='bbox 849 5520 1112 5590; x_wconf 80' lang='grc' dir='ltr'>μάστιγος</span> <span class='ocrx_word' id='word_1_470' title='bbox 1133 5515 1231 5587; x_wconf 83' lang='grc' dir='ltr'><strong>τὴν</strong></span> <span class='ocrx_word' id='word_1_471' title='bbox 1260 5518 1416 5585; x_wconf 81' lang='grc' dir='ltr'>χεῖρα</span> <span class='ocrx_word' id='word_1_472' title='bbox 1441 5513 1561 5564; x_wconf 83' lang='grc' dir='ltr'>κατ’</span> <span class='ocrx_word' id='word_1_473' title='bbox 1589 5509 1725 5564; x_wconf 79' lang='grc' dir='ltr'>αὐτᾶ</span> 
     </span>
    </p>
   </div>
   <div class='ocr_carea' id='block_1_67' title="bbox 1914 5487 3448 5594">
    <p class='ocr_par' dir='ltr' id='par_1_67' title="bbox 1914 5487 3448 5590">
     <span class='ocr_line' id='line_1_67' title="bbox 1914 5487 3448 5590; baseline -0.014 -32"><span class='ocrx_word' id='word_1_474' title='bbox 1914 5519 2096 5558; x_wconf 79' lang='lat' dir='ltr'><strong>ianum</strong></span> <span class='ocrx_word' id='word_1_475' title='bbox 2126 5502 2282 5573; x_wconf 89' lang='lat' dir='ltr'><strong>quasi</strong></span> <span class='ocrx_word' id='word_1_476' title='bbox 2340 5499 2610 5572; x_wconf 81' lang='lat' dir='ltr'><strong>ﬂagellum</strong></span> <span class='ocrx_word' id='word_1_477' title='bbox 2658 5499 2713 5550; x_wconf 92' lang='lat' dir='ltr'><strong>in</strong></span> <span class='ocrx_word' id='word_1_478' title='bbox 2765 5494 2916 5564; x_wconf 89' lang='lat' dir='ltr'><strong>ipsos</strong></span> <span class='ocrx_word' id='word_1_479' title='bbox 2955 5487 3249 5590; x_wconf 79' lang='lat' dir='ltr'><strong>extendant</strong></span> <span class='ocrx_word' id='word_1_480' title='bbox 3283 5494 3448 5586; x_wconf 78' lang='lat' dir='ltr'><strong>atque</strong></span> 
     </span>
    </p>
   </div>
   <div class='ocr_carea' id='block_1_68' title="bbox 193 5580 1727 5692">
    <p class='ocr_par' dir='ltr' id='par_1_68' title="bbox 193 5604 1727 5692">
     <span class='ocr_line' id='line_1_68' title="bbox 193 5604 1727 5692; baseline -0.012 -20"><span class='ocrx_word' id='word_1_481' title='bbox 193 5619 575 5692; x_wconf 74' lang='grc' dir='ltr'>προτείνοντες</span> <span class='ocrx_word' id='word_1_482' title='bbox 618 5635 678 5669; x_wconf 81' lang='grc' dir='ltr'><strong>τε</strong></span> <span class='ocrx_word' id='word_1_483' title='bbox 723 5615 818 5669; x_wconf 77' lang='grc' dir='ltr'>καὶ</span> <span class='ocrx_word' id='word_1_484' title='bbox 863 5613 1222 5672; x_wconf 71' lang='grc' dir='ltr'>ἐπισείοντες*</span> <span class='ocrx_word' id='word_1_485' title='bbox 1250 5609 1381 5678; x_wconf 86' lang='grc' dir='ltr'>οὐχ,</span> <span class='ocrx_word' id='word_1_486' title='bbox 1412 5607 1494 5658; x_wconf 79' lang='grc' dir='ltr'><strong>ὅτι</strong></span> <span class='ocrx_word' id='word_1_487' title='bbox 1534 5604 1682 5656; x_wconf 86' lang='grc' dir='ltr'>τελεῖ</span> <span class='ocrx_word' id='word_1_488' title='bbox 1704 5621 1727 5655; x_wconf 83' lang='grc' dir='ltr'><strong>τ</strong></span> 
     </span>
    </p>
   </div>
   <div class='ocr_carea' id='block_1_69' title="bbox 1913 5580 3447 5692">
    <p class='ocr_par' dir='ltr' id='par_1_69' title="bbox 1913 5580 3447 5692">
     <span class='ocr_line' id='line_1_69' title="bbox 1913 5580 3447 5662; baseline -0.015 -12"><span class='ocrx_word' id='word_1_489' title='bbox 1913 5595 2163 5658; x_wconf 74' lang='lat' dir='ltr'><strong>icutiant,</strong></span> <span class='ocrx_word' id='word_1_490' title='bbox 2193 5609 2300 5648; x_wconf 89' lang='lat' dir='ltr'><strong>non</strong></span> <span class='ocrx_word' id='word_1_491' title='bbox 2330 5592 2458 5662; x_wconf 89' lang='lat' dir='ltr'><strong>quia</strong></span> <span class='ocrx_word' id='word_1_492' title='bbox 2490 5590 2756 5651; x_wconf 89' lang='lat' dir='ltr'><strong>nesciant,</strong></span> <span class='ocrx_word' id='word_1_493' title='bbox 2791 5587 2904 5640; x_wconf 61' lang='lat' dir='ltr'><strong>hinc</strong></span> <span class='ocrx_word' id='word_1_494' title='bbox 2919 5582 3054 5639; x_wconf 88' lang='lat' dir='ltr'><strong>nihil</strong></span> <span class='ocrx_word' id='word_1_495' title='bbox 3078 5580 3144 5634; x_wconf 89' lang='lat' dir='ltr'><strong>ad</strong></span> <span class='ocrx_word' id='word_1_496' title='bbox 3164 5580 3447 5632; x_wconf 88' lang='lat' dir='ltr'><strong>victoriam</strong></span> 
     </span>
     <span class='ocr_line' id='line_1_70' title="bbox 1990 5672 3446 5692; baseline -0.016 9"><span class='ocrx_word' id='word_1_497' title='bbox 1990 5689 2003 5692; x_wconf 83' lang='grc'><strong><em>-</em></strong></span> <span class='ocrx_word' id='word_1_498' title='bbox 2270 5687 2283 5692; x_wconf 93' lang='grc'><strong><em>-</em></strong></span> <span class='ocrx_word' id='word_1_499' title='bbox 2407 5687 2417 5692; x_wconf 93' lang='grc'><strong>-</strong></span> <span class='ocrx_word' id='word_1_500' title='bbox 2484 5685 2497 5692; x_wconf 92' lang='grc'><strong>-</strong></span> <span class='ocrx_word' id='word_1_501' title='bbox 2695 5682 2708 5692; x_wconf 91' lang='grc'><strong>.</strong></span> <span class='ocrx_word' id='word_1_502' title='bbox 2790 5681 2819 5692; x_wconf 21' lang='grc' dir='ltr'><strong>Α.</strong></span> <span class='ocrx_word' id='word_1_503' title='bbox 3327 5679 3446 5692; x_wconf 57' lang='lat' dir='ltr'><strong>mm</strong></span> 
     </span>
    </p>
   </div>
   <div class='ocr_carea' id='block_1_70' title="bbox 194 5672 1728 5782">
    <p class='ocr_par' dir='ltr' id='par_1_70' title="bbox 194 5672 1728 5782">
     <span class='ocr_line' id='line_1_71' title="bbox 194 5672 1728 5782; baseline -0.013 -15"><span class='ocrx_word' id='word_1_504' title='bbox 194 5672 456 5782; x_wconf 70' lang='grc' dir='ltr'>τίνόμενα</span> <span class='ocrx_word' id='word_1_505' title='bbox 489 5710 626 5780; x_wconf 79' lang='grc' dir='ltr'>πρὸς</span> <span class='ocrx_word' id='word_1_506' title='bbox 653 5709 751 5778; x_wconf 81' lang='grc' dir='ltr'><strong>τὴν</strong></span> <span class='ocrx_word' id='word_1_507' title='bbox 780 5707 956 5777; x_wconf 83' lang='grc' dir='ltr'>νίκην,</span> <span class='ocrx_word' id='word_1_508' title='bbox 991 5702 1166 5756; x_wconf 78' lang='grc' dir='ltr'>ταῦτα</span> <span class='ocrx_word' id='word_1_509' title='bbox 1208 5699 1503 5763; x_wconf 75' lang='grc' dir='ltr'>ποιοῦντες,</span> <span class='ocrx_word' id='word_1_510' title='bbox 1538 5695 1651 5752; x_wconf 80' lang='grc' dir='ltr'>ἀλλ’</span> <span class='ocrx_word' id='word_1_511' title='bbox 1691 5711 1728 5746; x_wconf 73' lang='grc' dir='ltr'><strong>ει</strong></span> 
     </span>
    </p>
   </div>
   <div class='ocr_carea' id='block_1_71' title="bbox 1914 5672 3448 5782">
    <p class='ocr_par' dir='ltr' id='par_1_71' title="bbox 1914 5672 3448 5756">
     <span class='ocr_line' id='line_1_72' title="bbox 1914 5672 3448 5756; baseline -0.019 -10"><span class='ocrx_word' id='word_1_512' title='bbox 1914 5689 2142 5756; x_wconf 81' lang='lat' dir='ltr'><strong>onlerre,</strong></span> <span class='ocrx_word' id='word_1_513' title='bbox 2194 5687 2286 5744; x_wconf 87' lang='lat' dir='ltr'><strong>sed</strong></span> <span class='ocrx_word' id='word_1_514' title='bbox 2329 5687 2455 5755; x_wconf 86' lang='lat' dir='ltr'><strong>quia</strong></span> <span class='ocrx_word' id='word_1_515' title='bbox 2484 5681 2912 5740; x_wconf 86' lang='lat' dir='ltr'><strong>benevolentiam</strong></span> <span class='ocrx_word' id='word_1_516' title='bbox 2961 5692 3023 5731; x_wconf 84' lang='lat' dir='ltr'><strong>ac</strong></span> <span class='ocrx_word' id='word_1_517' title='bbox 3061 5672 3300 5728; x_wconf 84' lang='lat' dir='ltr'><strong>studium</strong></span> <span class='ocrx_word' id='word_1_518' title='bbox 3323 5679 3448 5734; x_wconf 81' lang='lat' dir='ltr'><strong>erga</strong></span> 
     </span>
    </p>
   </div>
   <div class='ocr_carea' id='block_1_72' title="bbox 524 5767 3134 5863">
    <p class='ocr_par' dir='ltr' id='par_1_72' title="bbox 524 5767 3134 5863">
     <span class='ocr_line' id='line_1_73' title="bbox 524 5767 3134 5863; baseline -0.015 0"><span class='ocrx_word' id='word_1_519' title='bbox 524 5767 797 5863; x_wconf 65' lang='grc' dir='ltr'><strong>ἐιιέηιὲη..</strong></span> <span class='ocrx_word' id='word_1_520' title='bbox 831 5767 950 5858; x_wconf 51' lang='lat' dir='ltr'><strong>cit,</strong></span> <span class='ocrx_word' id='word_1_521' title='bbox 983 5795 1205 5857; x_wconf 63' lang='grc' dir='ltr'>κων.</span> <span class='ocrx_word' id='word_1_522' title='bbox 3051 5767 3134 5824; x_wconf 74' lang='lat'><strong>.10</strong></span> 
     </span>
    </p>
   </div>
  </div>
