3886 6214
463 248 570 305 299

1723 250 1783 304 S.
1825 245 2151 306 GREGORII
2189 249 2483 307 NYSSENI

3609 254 3713 313 500

465 363 740 415 certantes
810 372 943 414 voce
970 358 1327 429 corporisque
1372 361 1633 428 motibus,
1682 370 1876 418 natura
1905 362 2042 418 duce

2146 364 2262 436 νοίᾳ
2291 368 2358 437 τῇ
2394 365 2530 439 πρὸς
2568 364 2695 428 τοὺς
2724 364 3176 435 ἀγωνιζομένους,
3209 369 3359 439 φωνῇ
3384 385 3442 422 τε
3470 370 3566 424 καὶ
3584 373 3715 443 σχή-

464 449 771 519 signilicare
823 449 1214 519 impelluntur:
1245 451 1327 505 sic
1380 452 1513 505 mihi
1551 453 1653 523 ipsi
1685 454 1752 510 de
1784 462 1837 508 te
1866 453 2044 509 facere

462 538 674 603 videor,
716 540 890 596 amice
921 555 985 595 ac
1013 542 1182 597 frater
1211 542 1554 599 charissime.
1587 543 1722 599 Nam
1758 560 1881 599 cum
1905 555 1960 598 tu
1987 546 2042 598 in

460 630 683 686 virtutis
740 630 937 695 stadio,
967 647 1137 702 prope
1194 632 1381 689 divino
1423 649 1589 689 cursu
1625 651 1689 690 ac
1746 637 2044 690 certamine

463 735 802 790 perseveres,
836 730 891 775 et
929 721 996 775 ad
1038 737 1291 792 supernae
1318 726 1624 781 vocationis
1679 727 1899 795 priemia
1931 742 2043 781 cre-

460 811 579 868 bris
609 813 1007 881 levissinzisque
1059 815 1289 870 saltibus
1312 814 1558 880 festines,
1599 818 1840 873 acclamo
1880 825 2044 889 atque

462 913 701 983 impello,
733 923 788 968 et
836 913 1113 985 diligentia
1148 914 1444 985 studioque
1469 916 1749 973 intendere
1784 918 2045 974 velocita-

461 1014 572 1058 tem
598 1004 783 1073 jubeo.
814 1002 946 1070 Qua;
990 1005 1171 1058 omnia
1227 1020 1337 1060 non
1370 1007 1492 1061 ideo
1530 1006 1691 1070 facio,
1721 1008 1848 1077 quia
1878 1016 2046 1064 teme—

461 1095 609 1148 rario
633 1094 868 1164 quodam
900 1094 1086 1149 studio
1128 1094 1206 1149 tui
1252 1095 1521 1159 detinear,
1556 1097 1650 1152 sed
1680 1099 1806 1168 quia
1836 1105 1894 1152 ut
1915 1097 2046 1151 cha-

461 1186 682 1241 rissimo
712 1185 820 1240 tilio
848 1200 1053 1240 morem
1082 1186 1179 1241 tibi
1206 1202 1396 1258 gerere
1425 1191 1697 1244 Studeam.
1723 1189 1861 1244 Cum
1892 1189 2042 1244 enim

461 1278 660 1334 litteris
692 1279 802 1334 tuis
844 1276 1084 1349 petieris,
1144 1288 1204 1334 ut
1235 1281 1330 1336 tibi
1384 1295 1415 1335 a
1440 1281 1601 1338 nobis
1630 1280 1700 1336 ad
1746 1281 2043 1352 perfectam

456 1371 637 1423 mitam
663 1371 963 1426 admonitio
1001 1371 1245 1440 quaedam
1274 1373 1675 1437 conscribatur,
1714 1387 1927 1441 equum
1951 1387 2043 1427 ar-

458 1462 649 1518 bftrati
683 1480 894 1532 sumus,
932 1471 989 1518 ut
1018 1464 1121 1521 hoc
1153 1466 1293 1521 libro
1321 1476 1531 1532 nostro,
1577 1443 1681 1524 Etsi
1722 1468 1858 1523 nihil
1894 1465 2043 1522 aliud

457 1553 604 1609 forte
633 1554 904 1621 utilitatis,
946 1564 1182 1612 attamen
1217 1557 1348 1612 illud
1381 1558 1626 1640 profego
1654 1574 1765 1614 non
1797 1568 2043 1614 contem-

459 1642 701 1697 nendum
743 1645 866 1708 tibi,
899 1661 999 1700 nos
1032 1645 1182 1716 ipsos
1229 1660 1401 1701 sacra:
1429 1646 1750 1701 obedientize
1773 1660 2045 1717 propona-

2151 472 2281 525 ματι
2313 455 2410 526 τὴν
2450 456 2684 526 σπουδὴν
2717 455 2822 509 ὑπὸ
2869 455 3176 527 προθυμίας
3227 459 3675 530 ἐπισημαίνοντες
3696 479 3712 493 ·

2147 545 2387 600 τοιοῦτόν
2415 548 2467 600 τί
2503 566 2594 618 μοι
2636 548 2781 603 δοκῶ
2817 548 2910 602 καὶ⁸
2942 544 3107 612 αὐτὸς
3128 551 3305 602 ποιεῖν
3350 551 3442 603 ἐπὶ
3478 551 3595 614 σοῦ,
3624 551 3718 620 φί-

2148 639 2255 692 λων
2296 656 2386 709 μοι
2417 641 2510 694 καὶ
2559 640 2803 711 ἀδελφῶν
2836 640 3167 711 τιμιώτατε,
3200 641 3280 693 ὅτι
3330 657 3422 694 σου
3465 642 3610 696 κατά
3656 643 3719 695 rb

2146 734 2248 803 τῆς
2273 734 2474 804 ἀρετῆς
2506 733 2719 787 στάδιον
2757 733 2937 796 καλῶς
2980 731 3437 802 ἐναγωνιζομένοὶι
3478 735 3557 804 τῷ
3588 734 3719 804 θείῳ

2147 821 2351 892 δρόμῳ,
2382 823 2476 876 καὶ
2516 823 2651 894 πρὸς
2688 822 2751 875 τὸ
2780 822 3029 894 βραϐεῖον
3057 822 3157 893 τῆς
3198 823 3311 877 ἄνω
3339 824 3585 893 κλήσεως
3617 842 3720 876 πυ-

2149 915 2297 975 κνοῖς
2340 930 2400 966 τε
2448 914 2543 968 καὶ
2588 913 2813 984 κούφοις
2856 912 3259 982 συντεινομένου
3308 917 3419 977 τοῖς
3457 913 3715 983 ἅλμασιν,

2150 1003 2420 1073 ὑποφωνῶ
2445 1020 2505 1056 τε
2532 1005 2627 1058 καὶ
2645 1003 2977 1068 ἐπισπεύδω,
2996 1003 3090 1056 καὶ
3110 1003 3400 1056 ἐπιτείνειν
3419 1005 3486 1072 τῇ
3515 1001 3717 1073 σπουδῇ

2146 1094 2210 1147 τὸ
2238 1094 2402 1164 τάχος
2447 1094 2847 1167 διακελεύομαι.
2896 1093 3043 1148 Ποιῶ
3075 1093 3132 1147 δὲ
3170 1092 3375 1159 ταῦτα,
3411 1094 3510 1146 οὐκ
3536 1094 3722 1164 ἀλόγῳ

2147 1186 2255 1240 τινὶ
2284 1184 2564 1258 προθυμίᾳ
2610 1186 2748 1258 πρὸς
2789 1184 2943 1239 τοῦτο
2980 1184 3299 1256 φερόμενος,
3330 1182 3447 1238 ἀλλ’
3474 1183 3549 1247 ὡς
3582 1184 3723 1253 ἀγα-

2148 1276 2306 1346 πητῷ
2332 1277 2508 1347 τέκνῳ
2539 1276 2660 1330 καθ’
2687 1276 2881 1347 ἡδονὴν
2909 1276 3288 1348 χαριζόμενος.
3317 1276 3428 1347 Τῆς
3450 1275 3560 1346 γὰρ
3599 1277 3723 1328 ἐπι-

2149 1368 2362 1437 στολῆς,
2392 1368 2460 1438 ἢν
2489 1367 2679 1439 πρώην
2709 1367 2988 1438 διεπέμψω
3007 1409 3020 1432 ,
3046 1366 3247 1438 ταύτην
3273 1366 3724 1437 ἀπαγγελλούσης

2146 1460 2245 1530 τὴν
2275 1460 2507 1529 αἴτησιν.
2542 1459 2603 1513 τὸ
2649 1460 2901 1529 γενέσθαι
2934 1460 3015 1514 σοί
3052 1477 3171 1513 τινα
3218 1460 3343 1530 παρ’
3387 1458 3541 1529 ἡμῶν
3586 1460 3724 1512 ὑπο-

2148 1551 2324 1623 θήκην
2353 1553 2432 1615 εἱς
2465 1553 2555 1606 τὸν
2607 1551 2808 1606 τέλειον
2860 1552 3002 1621 βίον
3045 1550 3276 1621 πρέπειν
3323 1548 3508 1620 ᾠήθην
3540 1565 3725 1619 παρα-

2150 1646 2330 1714 σχεῖνο
2355 1644 2483 1698 ἄλλο
2515 1645 2613 1715 μὲν
2648 1645 2729 1697 σοί
2776 1662 2825 1697 τι
2865 1645 3131 1715 χρήσιμον
3160 1645 3224 1696 ἐκ
3260 1641 3369 1694 τῶν
3411 1642 3725 1712 λεγομένων

465 1747 587 1786 inus
612 1734 938 1802 exemplum.
961 1732 1095 1788 Nam
1127 1735 1173 1789 si
1196 1750 1298 1790 nos
1331 1734 1425 1805 qui
1453 1745 1564 1789 tam
1604 1736 1898 1791 multarum
1926 1735 2042 1789 ani-

2146 1710 2275 1799 ίσως
2297 1735 2471 1799 οὐδὲν,
2493 1710 2625 1789 αὐτὸ
2656 1736 2713 1789 δὲ
2750 1710 2917 1789 τοῦτο.
2950 1710 3168 1797 πάντως
3198 1733 3300 1786 οὐκ
3330 1710 3628 1803 ἄχρηστον,
3658 1731 3724 1785 τὸ

463 1836 674 1877 marum
707 1837 894 1877 curam
942 1831 1002 1877 ut
1038 1832 1221 1895 patres
1265 1827 1528 1896 gerimus,
1559 1826 1853 1882 convenire
1884 1826 2045 1881 duxi-

464 1928 589 1968 mus
611 1913 737 1968 huic
776 1917 1067 1979 sencctuti,
1103 1925 1165 1970 ut
1188 1917 1769 1987 modestiejuventutis
1791 1916 2046 1973 mandata

462 2005 786 2075 susciperet,
838 2008 1076 2078 majores
1109 2008 1415 2065 obcdientia
1446 2010 1500 2064 in
1547 2016 1600 2065 te
1630 2009 1878 2080 profecto
1900 2009 2047 2065 vires

462 2099 708 2163 habebit,
734 2114 859 2154 cum
889 2100 956 2156 ad
983 2100 1281 2171 parendum
1305 2108 1494 2156 nostro
1516 2102 1763 2171 exemplo
1785 2100 2046 2170 juventus

461 2195 557 2239 tua
589 2185 763 2241 fuerit
791 2189 1025 2243 erudita.
1070 2187 1174 2243 Sed
1212 2189 1327 2243 haec
1381 2189 1668 2246 hactenus.
1712 2188 1847 2244 Nam
1885 2191 2045 2246 nobis

468 2275 575 2332 Deo
631 2276 771 2331 duce
828 2287 882 2333 et
931 2280 1152 2347 auspice
1201 2279 1379 2334 nostri
1438 2280 1707 2336 sermonis
1766 2281 2047 2351 proposito

464 2366 831 2437 incipiendum
870 2374 975 2421 est.
1010 2365 1219 2422 Petiisti
1272 2382 1300 2420 a
1338 2383 1444 2431 ine,
1485 2368 1807 2424 charissime
1849 2370 1948 2432 fili,
1988 2379 2048 2424 ut

463 2457 564 2513 tibi
616 2473 866 2529 quaenam
925 2458 999 2513 sit
1041 2459 1279 2528 perfecta
1320 2460 1468 2525 vita,
1510 2460 1801 2532 diligenter
1838 2461 2047 2516 descri-

464 2550 587 2603 bam
632 2567 645 2604 :
695 2550 842 2619 quod
893 2558 946 2606 te
1007 2552 1132 2606 ideo
1192 2553 1329 2607 velle
1378 2567 1491 2608 non
1539 2554 1770 2618 dubito,
1821 2563 1881 2608 ut
1920 2569 2045 2609 cum

465 2644 740 2700 inveneris
770 2645 920 2715 quod
967 2646 1193 2715 quaeris,
1235 2646 1301 2700 ad
1341 2648 1507 2701 vitam
1562 2653 1711 2701 tuam
1754 2646 1901 2718 quod
1958 2647 2045 2701 in-

463 2736 681 2800 venisti,
720 2736 1123 2792 accommodes.
1165 2736 1277 2808 Ego
1307 2752 1435 2793 vero
1470 2738 1580 2793 duo
1626 2737 1682 2793 in
1725 2738 1824 2793 hac
1875 2754 1965 2806 re,
1992 2748 2047 2794 et

2146 1827 2395 1897 γενέσθαι
2420 1830 2501 1882 σοὶ
2524 1828 2625 1898 τῆς
2654 1827 2958 1891 εὐπειθείας
2980 1826 3301 1895 ὑπόδειγμα..
3324 1825 3385 1877 Εἰ
3405 1825 3513 1895 γὰρ
3531 1826 3721 1894 ἡμεῖς,

2144 1923 2193 1974 ot
2238 1920 2509 1975 τοσούτων
2540 1921 2727 1992 ψυχῶν
2759 1921 2817 1973 ὲν
2852 1919 3103 1989 πατέρων
3147 1918 3300 1982 τάξει
3344 1916 3725 1987 προτεταγμέ-

2145 2029 2246 2080 νοι,
2274 2013 2505 2084 πρέπειν
2538 2011 2765 2083 οἰόμεθα
2801 2014 2868 2083 τῇ
2915 2011 3075 2089 πολιᾷ
3102 2010 3296 2080 ταύτῃ,
3329 2008 3579 2079 νεότητος
3615 2024 3724 2059 σω-

2147 2104 2450 2177 φρονούσης
2477 2104 2755 2175 ἐπίταγμα
2801 2102 3054 2173 δέχεσθαι
3074 2142 3088 2165 ,
3118 2099 3300 2171 πολλῷ
3341 2098 3540 2170 μᾶλλον
3574 2097 3727 2161 εἰκός

2148 2200 2295 2252 ἐστιν
2326 2200 2384 2251 tv
2408 2198 2491 2252 σοὶ
2527 2196 2895 2268 κρατυνθῆναι
2935 2195 2997 2249 τὸ
3039 2195 3139 2263 τῆς
3181 2191 3493 2255 εὐπειθείας
3526 2191 3726 2261 κατόρ-

2149 2289 2308 2359 θωμα
2333 2288 2468 2360 πρὸς
2505 2287 2754 2358 ὑπακοὴν
2790 2286 3036 2340 ἑκούσιον
3063 2285 3129 2338 δι’
3168 2286 3323 2355 ἡμῶν
3364 2281 3723 2353 παιδοτριϐη-

2148 2380 2334 2450 θείσης
2365 2396 2446 2433 σοι
2475 2380 2574 2450 τῆς
2596 2378 2867 2448 νεότητος.
2886 2378 2997 2431 Καὶ
3024 2376 3196 2430 ταῦτα
3221 2376 3319 2446 μὲν
3343 2377 3422 2438 είς
3442 2373 3716 2427 τοσοῦτον.

2160 2471 2534 2543 Ἐγχειρητέον
2563 2471 2621 2524 δὲ
2655 2470 2753 2541 ήδη
2793 2468 2872 2541 τῷ
2899 2466 3241 2539 προκειμένῳ
3260 2509 3275 2532 ,
3306 2466 3437 2519 Θεὸν
3477 2465 3720 2535 καθηγε-

2150 2565 2288 2635 μόνα
2312 2564 2699 2635 ποιησαμένοις
2737 2561 2830 2614 τοῦ
2865 2560 3042 2628 λόγου.
3088 2558 3481 2629 Ἐπεζήτησας,
3505 2553 3555 2611 ὦ
3595 2556 3719 2626 φίλη

2146 2656 2381 2726 κεφαλὴ,
2412 2653 2799 2725 ὑπογραφῆναί
2844 2669 2927 2705 σοι
2959 2653 3089 2722 παρ’
3135 2650 3315 2721 ἡμῶν,
3341 2648 3426 2713 τίς
3456 2650 3486 2702 δ
3516 2646 3719 2709 τέλειός

2144 2746 2262 2800 ἐστι
2292 2744 2424 2815 βίοςο
2456 2743 2656 2815 δηλαδὴ
2688 2741 2824 2814 πρὸς
2844 2740 3000 2795 τοῦτο
3029 2739 3261 2810 βλέπων,
3280 2737 3355 2802 ὡς
3380 2740 3541 2809 εἴπερ
3572 2738 3722 2809 εὐρε-

463 2827 634 2883 ambo
658 2827 793 2883 mihi
836 2828 1043 2898 pariter
1067 2828 1452 2898 impossibilia,
1489 2828 1789 2899 conspicio.
1819 2829 2042 2886 Utrum-

2146 2837 2266 2907 θείη
2298 2836 2377 2907 τῷ
2405 2836 2549 2907 λόγῳ
2578 2834 2638 2889 τὸ
2662 2833 3115 2904 σπουδαζόμενον,
3137 2832 3483 2903 μετενεγκεῖν
3512 2830 3601 2892 είς
3629 2827 3721 2880 τὸν

462 2935 571 2989 que
632 2921 800 2985 enim,
838 2929 894 2975 et
957 2919 1346 2990 perfectionem
1379 2919 1634 2977 videlicet
1673 2922 1796 2977 vita
1835 2922 2042 2978 ratione

2148 2928 2277 2982 ίδιον
2315 2928 2429 2997 βίον
2449 2927 2548 2998 τὴν
2576 2925 2681 2979 ὑπὸ
2706 2924 2800 2979 τοῦ
2821 2925 2980 2994 λόγου
3015 2922 3344 2995 μηνυθεῖσαν
3365 2920 3550 2991 χάριν.
3584 2916 3724 2987 Ἐγὼ

461 3016 795 3082 describere,
831 3025 885 3072 et
916 3018 1058 3088 quod
1084 3018 1296 3074 ratione
1328 3016 1816 3089 comprehendisti,
1847 3018 1903 3072 in
1930 3019 2039 3074 vita

2146 3018 2202 3072 δὲ
2233 3019 2292 3070 ἐν
2320 3016 2650 3087 ἀμφοτέροις
2686 3017 2882 3086 ἐπίσης
2910 3014 3206 3086 ἀμηχανῶ”
3232 3012 3293 3067 τό
3333 3029 3394 3065 τε
3421 3011 3531 3082 γὰρ
3572 3026 3725 3081 περι⁶

463 3108 582 3179 ipsa
602 3117 930 3172 monstrare,
957 3125 1124 3180 supra
1151 3111 1297 3164 vires
1322 3124 1470 3165 meas
1488 3125 1612 3165 esse
1634 3110 1790 3166 facile
1814 3109 1994 3166 fateor
2018 3130 2034 3167 :

2146 3109 2322 3164 λαϐεῖν
2353 3108 2494 3179 λόγῳ
2516 3107 2613 3179 τὴν
2642 3107 2977 3177 τελειότητα,
3013 3104 3189 3158 καὶτὸ
3220 3103 3311 3156 ἐπὶ
3344 3101 3439 3155 τοῦ
3473 3101 3594 3172 βίου
3614 3100 3723 3153 δεῖ-

460 3199 665 3270 quippe
692 3200 783 3269 qui
810 3209 993 3270 putem
1029 3201 1216 3255 multis
1260 3200 1425 3255 etiam
1462 3201 1516 3255 in
1543 3201 1747 3257 virtute
1776 3212 2039 3272 praestan-

2146 3201 2229 3268 ξαι
2249 3202 2386 3272 ὅπερ
2417 3200 2483 3254 ἂν
2513 3203 2541 3254 ὁ
2570 3199 2725 3268 λόγος
2745 3199 3077 3269 κατανοήσῃ,
3106 3196 3245 3267 ὑπὲρ
3273 3194 3371 3267 τήν
3396 3193 3538 3265 ἐμήν
3571 3193 3722 3247 δύνα-

463 3289 695 3344 tioribus
719 3297 773 3343 et
809 3291 1024 3360 magnis
1062 3290 1285 3344 omnino
1335 3290 1468 3345 viris
1497 3290 1736 3346 dillicilia
1772 3292 1884 3348 haec
1916 3309 2041 3350 esse

2146 3311 2237 3366 μιν
2277 3293 2536 3365 ἑκάτερον
2582 3293 2785 3347 τούτοιν
2834 3287 2972 3346 εἷναί
3005 3308 3167 3361 φημι.
3202 3289 3356 3359 Τάχα
3382 3287 3440 3341 δὲ
3486 3288 3592 3340 οὐκ
3615 3286 3725 3354 ἐγὼ

462 3382 638 3447 dictu,
671 3382 783 3437 imo
843 3397 972 3437 vero
1024 3381 1402 3450 impossibilia.
1485 3379 1688 3437 Verum
1726 3399 1796 3438 ne
1850 3384 2040 3440 videar

2146 3388 2323 3458 μόνος,
2358 3386 2493 3439 ἀλλά
2536 3386 2628 3438 καὶ
2678 3384 2863 3439 πολλοὶ
2899 3385 3006 3437 τῶν
3065 3383 3315 3454 μεγάλων
3346 3398 3406 3434 τε
3454 3380 3552 3434 καὶ
3605 3380 3723 3433 κατ’

460 3474 539 3528 ibi
562 3475 770 3537 timere,
832 3483 895 3527 ut
927 3472 1214 3529 Psalmista
1260 3472 1407 3541 ait’,
1448 3473 1539 3528 ubi
1573 3474 1738 3528 timor
1786 3489 1894 3529 non
1932 3481 2036 3542 est,

2146 3477 2343 3549 ἀρετὴν
2374 3477 2733 3547 προεχόντων,
2770 3475 3261 3546 ἀνέφικτον.αὐτοῖς
3292 3469 3432 3526 εἶναι
3459 3471 3519 3524 τὸ
3551 3468 3732 3523 τοιοῦ-

466 3567 686 3634 plauum
721 3565 774 3619 id
820 3566 893 3618 ita
934 3564 1153 3618 faciam.
1204 3563 1472 3620 Perfectio
1522 3564 1575 3618 in
1623 3564 1876 3620 omnibus
1916 3566 2040 3623 aliis

2146 3585 2231 3620 τον
2287 3568 2730 3637 ὁμολογήσουσιν.
2768 3565 2854 3628 Ὠς
2881 3564 2925 3618 δ’
2955 3564 3022 3617 ἂν
3067 3563 3141 3635 μὴ
3189 3561 3420 3629 δοκοίην,
3448 3559 3594 3611 κατὰ
3636 3558 3732 3612 τὸν

461 3673 585 3726 qua:
623 3672 785 3712 sensu
819 3656 1213 3726 percipiuntur,
1252 3656 1499 3711 terminis
1540 3656 1865 3725 quibusdam
1891 3672 2042 3712 com-

2146 3657 2428 3729 Ψαλμῳδδν
2464 3660 2637 3711 εἰπεῖν
2662 3698 2676 3722 ,
2712 3658 2826 3710 ἐκεῖ
2866 3653 3146 3723 φοϐεῖσθαι
3202 3653 3365 3722 φόϐον
3389 3693 3404 3717 ,
3435 3651 3571 3704 ὃπου
3625 3650 3733 3703 οέκ

460 3747 840 3819 prehenditur.
872 3755 930 3799 ut
968 3746 1120 3801 verbi
1178 3760 1366 3810 causa,
1398 3745 1454 3799 in
1483 3754 1688 3815 quanto
1722 3753 1832 3799 tam
1863 3746 2041 3801 conti-

2146 3750 2259 3803 ἐστι
2290 3748 2451 3820 φόϐος
2472 3766 2487 3781 ·
2519 3748 2871 3818 σαφέστερον,
2894 3747 2923 3799 ὃ
2945 3745 3225 3818 βούλομαι,
3252 3744 3593 3815 παραστήσω
3615 3759 3729 3795 σοι.

464 3855 577 3896 nuo
617 3854 776 3909 quam
806 3838 1063 3893 discreto.
1094 3836 1285 3892 Omnis
1309 3838 1453 3891 enim
1482 3850 1737 3891 mensura
1763 3837 2041 3905 quantita-

2155 3843 2219 3895 'H
2243 3840 2515 3913 τελειότης
2546 3842 2639 3894 ἐπὶ
2686 3840 2785 3909 μὲν
2823 3839 2930 3892 τῶν
2973 3838 3147 3892 ἄλλων
3181 3838 3434 3890 ἁπάντων
3454 3875 3468 3897 ,
3502 3836 3607 3887 ὅσα
3659 3835 3733 3905 τῇ

464 3932 537 3987 tis
564 3931 800 4001 propriis
818 3928 1142 3999 quibusdam
1191 3927 1439 3983 terminis
1490 3928 1856 3987 concluditur.
1903 3926 2039 3983 Nam

2146 3933 2386 4006 αἰσθήσει
2415 3934 2713 4004 μετρεῖται,
2742 3930 2940 4002 πέρασί
2972 3946 3112 3982 τισιν
3143 3928 3469 4001 ὡρισμένοις
3494 3926 3737 3995 διαλαμ-

461 4024 557 4092 qui
583 4022 650 4076 ad
701 4022 943 4075 cubitum
993 4021 1079 4075 vel
1120 4017 1402 4076 denarium
1447 4019 1672 4088 respicit
1728 4034 2039 4082 numerum,

2146 4016 2384 4088 ϐἀνετοὶι,
2411 4017 2521 4077 οἷον
2541 4023 2635 4075 ἐπὶ
2661 4021 2754 4074 τοῦ
2777 4019 2964 4079 ποσοῦ,
2993 4019 3087 4072 τοῦ
3125 4036 3184 4070 τε
3225 4015 3479 4087 συνεχοῦς
3506 4016 3601 4068 καὶ
3629 4014 3734 4068 τοῦ

465 4128 571 4168 non
606 4122 690 4167 est
712 4113 954 4174 nescius,
978 4110 1121 4165 unde
1139 4111 1691 4183 utrumque‘istorum
1727 4110 1954 4181 incepit,
1988 4118 2042 4165 et

2146 4115 2520 4189 διωρισμένου.
2558 4114 2672 4168 Πᾶν
2705 4113 2813 4184 γὰρ
2842 4109 2904 4165 τὸ
2932 4115 2988 4165 ἐν
3033 4109 3291 4178 ποσότητι
3330 4107 3546 4179 μέτρον,
3575 4106 3735 4169 ἰδίοις

463 4218 573 4273 quo
602 4202 790 4262 exivit,
821 4201 1021 4270 quibus
1045 4199 1261 4253 illorum
1291 4199 1697 4254 finishabeatur
1726 4207 1889 4270 atque
1920 4215 2042 4270 per-

2146 4208 2283 4260 τισὶν
2312 4207 2459 4276 ὅροις
2507 4204 2894 4275 ἐμπεριέχεται
2918 4219 2932 4234 ·
2965 4201 3061 4254 καὶ
3087 4200 3116 4252 ὁ
3159 4199 3296 4269 πρὸς
3325 4197 3414 4250 τὸν
3449 4199 3657 4267 πῆχυν,
3696 4196 3735 4267 ἢ

462 4293 648 4348 lectio.
675 4291 733 4345 In
753 4294 952 4345 virtute
984 4305 1109 4345 vero
1138 4289 1285 4344 hunc
1313 4290 1382 4345 ab
1401 4291 1667 4360 Apostolo
1689 4290 2042 4361 perfectionis

2146 4299 2241 4370 τὴν
2291 4296 2382 4351 τοῦ
2412 4294 2644 4367 ἀριθμοῦ
2686 4294 2885 4348 δεκάδα
2926 4292 3159 4361 βλέπων,
3193 4285 3299 4341 οἶδε
3331 4289 3392 4341 τὸ
3439 4287 3549 4341 ἀπό
3578 4304 3736 4350 τινος

460 4383 756 4439 terminum
808 4371 930 4437 esse
961 4381 1286 4444 didicimus,
1319 4384 1462 4451 quod
1489 4382 1676 4437 nullus
1715 4383 1771 4438 in
1812 4384 1929 4453 ipsa
1971 4384 2042 4439 sit

2146 4389 2469 4464 ἀρξάμενον,
2500 4390 2594 4442 καὶ
2645 4388 2724 4450 εἰς
2755 4387 2808 4439 τὶ
2859 4382 3189 4453 καταλῆξαν,
3220 4382 3278 4435 ἐν
3306 4372 3358 4448 ᾧ
3387 4382 3500 4432 ἐστι
3540 4378 3604 4431 τὸ
3633 4378 3735 4430 τέ-

464 4475 730 4530 terminus
760 4492 772 4528 :
805 4474 1002 4544 quippe
1024 4486 1148 4527 cum
1167 4472 1258 4528 ille
1283 4473 1400 4543 ipse
1416 4471 1620 4528 Paulus
1636 4473 1701 4541 ¹⁶,
1724 4474 2042 4552 νίιζόίνίιιιιε

463 4580 519 4627 ει
545 4577 722 4625 mente
746 4569 1071 4629 altissimus,
1102 4582 1318 4637 semper
1349 4581 1413 4621 ac
1432 4566 1639 4637 jugiter
1668 4583 1765 4638 per
1787 4568 2041 4623 virtutem

463 4676 624 4716 suum
678 4675 899 4714 cursum
949 4657 1278 4723 intenderet,
1318 4672 1419 4713 nec
1463 4673 1703 4726 unquam
1736 4657 1804 4712 ad
1833 4657 2043 4726 majora

462 4749 830 4806 conscendere
858 4749 1152 4819 negligeret
1186 4765 1201 4801 :
1238 4763 1345 4801 non
1376 4747 1522 4801 enim
1557 4755 1729 4801 tutum
1761 4747 1835 4801 illi
1864 4756 1980 4801 erat
2009 4762 2040 4801 a

461 4858 629 4897 cursu
657 4840 923 4926 desjstere
953 4858 966 4895 :
1011 4856 1110 4894 cur
1152 4839 1228 4893 ita
1258 4840 1282 4891 ?
1329 4838 1598 4904 Quoniam
1644 4854 1805 4893 omne
1836 4840 2039 4894 bonum

460 4933 579 5003 ipsa
611 4941 828 4997 natura,
861 4947 965 5001 qua
985 4931 1188 4985 bonum
1220 4939 1326 4993 est,
1355 4946 1471 4984 non
1526 4930 1688 4984 habet
1722 4932 2037 4991 terminum.

463 5025 557 5080 sed
615 5023 881 5078 contrarii
936 5023 1347 5092 comparatione
1400 5021 1752 5085 terminatur,
1815 5032 1876 5077 ut
1927 5023 2040 5078 vita

463 5124 659 5177 morte.
697 5121 787 5170 lux
816 5115 1075 5177 tenebris,
1103 5123 1157 5170 et
1185 5114 1408 5169 omnino
1452 5115 1652 5169 bonum
1683 5130 1844 5171 omne
1880 5117 1937 5169 in
1968 5131 2039 5169 eo

464 5206 687 5271 desinit,
742 5206 887 5277 quod
951 5207 1053 5276 ipsi
1125 5206 1463 5259 contrarium
1513 5220 1639 5261 esse
1694 5206 2032 5275 intelligitur.

461 5293 649 5359 Quare
677 5293 1135 5364 quemadmodum
1165 5295 1291 5349 vitae
1316 5295 1443 5350 ﬁnis
1470 5297 1665 5350 mortis
1696 5296 1911 5350 initium
1929 5306 2033 5360 est,

460 5386 548 5440 sic
575 5400 772 5440 cursus
818 5387 990 5456 ipsius
1020 5386 1144 5442 ﬁnis
1168 5388 1262 5455 qui
1307 5385 1607 5441 secundum
1644 5388 1899 5443 virtutem
1929 5398 2035 5454 est,

462 5476 649 5533 vitiosi
677 5491 874 5532 cursus
908 5477 1124 5532 initium
1179 5478 1481 5547 invenitur.
1540 5476 1656 5533 Non
1694 5480 1862 5551 igitur
1897 5479 2037 5536 falso

534 5699 557 5734 '
579 5698 732 5756 Psal.
764 5714 886 5767 xm,
916 5700 1003 5755 l5.
1078 5699 1123 5733 ι’
1159 5699 1388 5771 Philipp.
1421 5715 1504 5756 ιιι.

2144 4483 2285 4536 λειον
2315 4480 2479 4551 ἐχειν.
2524 4477 2649 4530 Ἐπὶ
2677 4475 2736 4530 δὲ
2778 4474 2879 4546 τῆς
2910 4474 3111 4545 ἀρετῆς
3137 4471 3290 4543 παρά
3316 4468 3413 4524 τοῦ
3462 4469 3735 4521 “Ama-r5—

2144 4572 2239 4627 λου
2260 4572 2383 4625 ’ἕνα
2412 4568 2745 4640 τελειότητος
2774 4568 2899 4637 ὅρον
2932 4562 3227 4635 ἐμάθομεν,
3252 4559 3315 4614 τὸ
3348 4559 3423 4630 μὴ
3451 4558 3597 4628 ἐχειν
3623 4558 3735 4610 αὐ-

2144 4665 2245 4733 τὴν
2272 4664 2419 4734 ὅρον.
2462 4662 2520 4713 ’0
2546 4658 2655 4730 γὰρ
2692 4657 2859 4720 πολὺς
2884 4657 3092 4718 ἐκεῖνος
3125 4653 3220 4706 καὶ
3245 4649 3448 4721 ὑψηλὸς
3470 4648 3570 4718 τὴν
3603 4648 3733 4701 διά-

2144 4773 2313 4817 νοιαν,
2331 4755 2359 4807 ὁ
2375 4754 2515 4816 θεῖος
2538 4749 2877 4813 Ἀπόστολος,
2893 4747 2979 4802 διὰ
3000 4747 3097 4817 τῆς
3109 4744 3309 4814 ἀρετῆς
3330 4742 3557 4813 τρέχων,
3573 4740 3734 4792 οὐδέ-

2144 4863 2278 4900 ποτε
2326 4847 2440 4908 τοῖς
2490 4841 2797 4913 ἔμπροσθεν
2858 4837 3302 4905 ἐπεκτεινόμενος
3354 4830 3733 4902 ἔληξεψούδὲ

2141 4937 2252 5007 γὰρ
2289 4935 2536 5005 ἀσφαλὴς
2570 4932 2718 5002 αὑτῷ
2745 4928 2813 5002 ἦν
2848 4934 2881 4999 ἡ
2904 4928 2998 4982 τοῦ
3023 4928 3221 4998 δρόμου
3250 4924 3457 4987 στάσις.
3496 4920 3598 4973 Διά
3636 4921 3731 4980 τίς

2145 5030 2266 5081 ’Ότι
2297 5027 2405 5079 πᾶν
2429 5023 2632 5092 ἀγαθὸν
2658 5025 2725 5093 τῇ
2754 5019 2947 5074 ἑαυτοῦ
2979 5017 3138 5087 φύσει
3171 5016 3294 5085 ὅρον
3330 5013 3432 5066 οὐκ
3484 5010 3620 5081 ἔχει,
3660 5011 3733 5079 τῇ

2140 5119 2198 5174 δὲ
2228 5117 2323 5170 τοῦ
2352 5115 2595 5170 ἐναντίου
2652 5111 2952 5183 παραθέσει
2990 5107 3228 5179 ὁρίζεται
3250 5121 3266 5135 ·
3294 5104 3371 5166 ὡς
3398 5104 3433 5172 ή
3477 5101 3613 5171 ζωὴ.
3650 5100 3737 5170 τῷ

2143 5209 2386 5279 θανάτῳ·
2416 5206 2513 5260 καὶ
2547 5205 2608 5258 τὸ
2643 5204 2779 5273 φῶς,
2808 5202 2887 5272 τῷ
2914 5201 3093 5261 σκότει
3111 5218 3124 5231 ·
3153 5197 3249 5250 καὶ
3272 5197 3380 5249 πᾶν
3408 5194 3549 5256 ὅλως
3588 5195 3737 5257 ἀγα-

2144 5300 2236 5354 θὸν
2265 5301 2343 5362 είς
2372 5298 2549 5351 πάντα
2574 5294 2643 5348 τά
2677 5296 2789 5357 τοῖς
2829 5290 3053 5360 ἀγαθοῖς
3081 5291 3145 5341 ἐκ
3182 5286 3276 5340 τοῦ
3303 5284 3549 5341 ἐναντίου
3576 5281 3737 5334 νοού-

2148 5408 2307 5463 μενα,
2327 5390 2501 5461 λήγει.
2543 5388 2630 5450 Ὠς
2662 5385 2770 5456 γὰρ
2792 5384 2852 5437 τὸ
2882 5381 2984 5452 τῆς
3016 5380 3159 5451 ζωῆς
3190 5379 3344 5440 τέλος
3380 5375 3528 5447 ἀρχὴ
3564 5374 3736 5427 θανά-

2144 5501 2238 5538 του
2265 5484 2411 5538 ἐστίν
2430 5498 2445 5513 ο
2468 5480 2609 5535 οὕτω
2641 5477 2854 5581 καξτοῦ
2876 5476 2999 5532 κατ’
3016 5473 3216 5545 ἀρετὴν
3244 5471 3447 5543 δρόμου
3480 5468 3518 5541 ιλ
3540 5467 3736 5531 στάσις
