3886 6214
176 317 284 371 301

1493 307 1582 361 DE
1621 307 1783 362 VITA
1823 305 2095 362 MOYSIS.

3355 301 3457 356 '50!

165 432 330 504 ⁴ἀρχὴ
359 427 452 483 τοῦ
483 425 628 481 κατᾶ
645 426 843 480 κακίαν
877 425 1084 496 γίνεται
1127 426 1346 498 δρόμου.
1375 427 1584 480 Οὐκοῦν
1613 429 1674 480 οὑ
1705 429 1783 481 δι-

1891 442 1914 478 a
1947 426 2105 478 nobis
2158 425 2365 476 ditlllm
2399 431 2483 477 est
2539 421 2878 491 impossibile
2899 435 3022 476 esse
3068 418 3457 490 perfectionem

177 521 422 593 εψεύσθη
452 523 480 574 6
507 519 664 587 λόγος
686 521 841 588 ἡμῖν,
859 519 1136 590 ἀμήχανον
1163 521 1255 572 ἐπὶ
1273 520 1372 590 τῆς
1397 521 1598 592 ἀρετῆς
1636 517 1774 574 εἶναι

175 615 282 685 τὴν
296 614 400 684 τῆς
419 612 758 682 τελειότητος
781 611 1073 682 περίληψιν
1087 611 1262 678 λέγων
1281 627 1295 640 ⁸
1320 613 1530 684 ἐδείχθη
1549 613 1679 681 γοῦν
1695 616 1776 666 ὅτι

177 708 242 759 τὸ
274 703 778 774 διαλαμϐανόμενον
823 703 1076 773 πέρασιν,
1109 703 1280 774 ἀρετὴ
1302 706 1403 757 οὑκ
1430 704 1597 758 ἔστιν.

267 797 426 848 Ἐπεὶ
455 795 514 848 δὲ
545 797 640 848 καὶ
676 797 790 856 τοῖς
828 794 1071 863 μετιοῦσι
1117 795 1208 846 τὸν
1250 797 1370 848 κατ’
1399 796 1601 866 ἀρετὴν
1642 796 1775 866 βίον,

179 888 446 942 ἀδύνατον
465 885 604 940 εἷναι
631 882 782 938 εἷπον
811 885 872 938 τὸ
897 885 1150 956 ἐπιϐῆναι
1181 886 1280 956 τῆς
1310 886 1658 957 τελειότητος·
1686 885 1776 940 οὔ·

181 997 294 1044 τως
319 982 347 1034 ὁ
367 980 524 1047 λόγος
541 978 780 1050 καὶπερὶ
801 977 991 1030 τούτου
1021 975 1504 1048 σαφηνισθήσεται.
1527 978 1601 1030 Τὸ
1629 977 1780 1048 πρὼ-

181 1089 292 1134 τως
318 1074 416 1124 καὶ
439 1071 647 1135 κυρίως
683 1070 905 1137 ἀγαθὸν,
947 1065 1008 1123 οὑ
1035 1070 1068 1139 ἡ
1112 1069 1273 1138 φύσις
1305 1069 1576 1139 ἀγαθότης
1607 1071 1774 1132 ἐστὶν,

179 1163 320 1216 αὐτὸ
337 1163 396 1214 τὸ
408 1157 582 1226 Θεῐον,
602 1160 630 1212 ὅ
650 1160 700 1213 τί
717 1177 849 1212 ποτε
869 1162 934 1230 τῇ
957 1159 1114 1228 φύσει
1133 1162 1352 1222 νοεῖται,
1373 1159 1530 1211 τοῦτο
1547 1158 1639 1212 καὶ
1663 1158 1776 1210 ἔστι

186 1255 282 1306 καὶ
309 1252 655 1322 ὀνομάζεται.
704 1249 856 1302 Ἐπεὶ
881 1247 974 1303 οὖν
998 1249 1174 1312 οὐδεὶς
1220 1250 1422 1319 ἀρετῆς
1451 1249 1596 1318 ὅρος,
1641 1249 1778 1319 πλὴν

179 1347 408 1411 κακίας,
423 1343 660 1416 ἐδείχθη,
673 1342 1049 1414 ἀπαράδεκτον
1067 1341 1122 1393 δὲ
1140 1341 1232 1394 τοῦ
1257 1339 1498 1393 ἐναντίου
1523 1340 1586 1392 τὸ
1603 1340 1774 1392 Θεῖον⁶

185 1440 441 1511 ἀόριστος
462 1437 568 1508 ἄρα
591 1436 684 1490 καὶ
711 1436 1066 1504 ἀπεράτωτος
1096 1436 1130 1504 ἡ
1159 1433 1278 1485 θεία
1305 1431 1468 1502 φύσις
1499 1432 1780 1502 καταλαμ-

185 1529 430 1582 ϐάνεται.
471 1525 634 1578 Ἀλλά
653 1524 772 1596 μὴν
810 1527 838 1577 ὁ
869 1522 968 1594 τὴν
999 1522 1174 1592 ἀληθῆ
1206 1519 1407 1592 μετιὼν
1437 1521 1660 1592 ἀρετὴν,
1688 1521 1780 1573 οὑ-

183 1622 274 1674 δὲν
299 1620 486 1692 ἕτερον
515 1617 550 1686 ἦ
576 1615 712 1670 Θεοῦ
747 1617 964 1686 μετέχει
989 1633 1002 1644 ·
1028 1613 1160 1666 διότι
1193 1613 1357 1676 αὑτός
1395 1614 1541 1665 ἐστιν
1579 1614 1612 1682 ἡ
1643 1631 1780 1666 παν-

183 1710 346 1782 τελὴς
375 1709 566 1780 ἀρετή.
613 1707 768 1761 Ἐπεὶ
797 1702 889 1759 οὖν
915 1705 974 1759 τὸ
1007 1708 1073 1776 τῇ
1102 1705 1260 1775 φύσει
1294 1703 1478 1766 καλὸν,
1509 1703 1781 1774 ἐπιθυμη-

185 1805 282 1856 τὸν
305 1806 383 1866 si;
412 1801 704 1873 μετουσίαν
723 1801 938 1863 πάντως
967 1799 1086 1850 ἐστι¹
1114 1801 1222 1861 τοῖς
1245 1796 1592 1866 γινώσκουσι,
1625 1799 1782 1850 τοῦτο

185 1896 248 1949 δὲ
281 1896 408 1965 ὅρον
441 1895 539 1946 οὑκ
585 1891 700 1963 ἔχει
724 1908 738 1921 ·
787 1889 1101 1958 ἀναγκαίως
1132 1890 1226 1942 καὶ
1267 1892 1301 1960 ή
1329 1889 1422 1942 τοῦ
1467 1889 1782 1960 μετέχοντος

191 1985 461 2057 ἐπιθυμία
487 1985 562 2054 τῷ
591 1984 828 2055 ἀορίστῳ
870 1981 1421 2052 συμπαρατείνουσα,
1459 1981 1645 2034 στάσιν
1685 1982 1786 2035 οὑκ

187 2081 326 2151 ἔχει.
385 2077 596 2132 Οὐκοῦν
637 2076 841 2148 ἄπορόν
899 2077 1014 2128 ἐστι
1068 2075 1382 2128 παντάπασι
1439 2073 1532 2127 τοῦ
1577 2073 1784 2126 τελείου

189 2171 408 2238 τυχεῖν·
459 2168 590 2221 διότι
639 2169 674 2238 ὴ
709 2167 1002 2237 τελειότης,
1031 2165 1216 2230 καθὼς
1261 2168 1494 2237 εἴρηται,
1535 2168 1682 2237 ὅροις
1723 2166 1784 2218 οὐ

186 2259 620 2329 διαλαμϐάνεται
655 2275 668 2288 ’
725 2258 828 2327 τῆς
872 2257 930 2310 δὲ
976 2258 1176 2326 ἀρετῆς
1225 2250 1306 2320 εἷς
1357 2257 1480 2326 ὄρος
1527 2257 1665 2317 ἐστὶ,
1728 2255 1787 2307 τὸ

185 2352 465 2421 ἀόριστον,
517 2349 642 2412 Πῶς
689 2343 784 2402 οὖν
831 2348 896 2401 ἀν
933 2365 1016 2411 τις
1058 2349 1150 2400 ἐπὶ
1186 2347 1248 2399 τὸ
1289 2346 1616 2418 ζητούμενον
1651 2345 1786 2414 φθά-

185 2460 310 2495 σειε
349 2443 560 2513 πέρας,
608 2442 708 2512 οὑχ
742 2441 1014 2512 εὑρίσκων
1043 2439 1104 2492 τὸ
1139 2438 1347 2509 πέρας;
1382 2439 1456 2491 Οὑ
1493 2439 1598 2508 μὴν
1631 2439 1784 2490 ἐπει-

179 2533 261 2602 δὴ
307 2533 534 2586 καθόλου
575 2531 634 2584 τὸ
681 2531 1012 2602 ζητούμενον
1047 2529 1285 2600 ἄληπτον
1315 2531 1344 2582 6
1373 2529 1529 2596 λόγος
1574 2528 1786 2581 ὑπέδει-

181 2625 320 2692 ξεν,
351 2622 652 2694 ἀμελητέον
682 2622 748 2676 ἂν
785 2622 872 2692 εἴη
911 2623 1011 2692 τῆς
1053 2622 1275 2690 ἐντολῆς
1313 2621 1405 2675 τοῦ
1455 2621 1692 2692 Κυρίου,
1749 2621 1784 2690 ἥ

183 2734 332 2786 φησι
355 2734 368 2746 ·
425 2736 444 2768 ι
465 2715 686 2770 Γίνεσθε
725 2715 944 2778 τέλειοι,
977 2716 1055 2778 ὡς
1104 2717 1132 2767 6
1168 2711 1534 2786 Πατὴρὺμῶν
1563 2715 1590 2766 ὁ
1624 2713 1786 2784 οὐρά-

181 2827 308 2872 νιος
331 2809 536 2872 τέλειός
567 2810 732 2861 ἐστιν.
759 2827 780 2857 ι
829 2806 953 2860 Ἐπὶ¹
985 2807 1093 2880 γάρ
1125 2806 1232 2860 τῶν
1260 2806 1420 2874 φύσει
1447 2803 1647 2870 καλῶν,
1683 2805 1785 2858 κᾶν

187 2900 274 2970 μὴ
311 2899 406 2953 τοῦ
443 2899 644 2962 παντὸς
673 2900 854 2968 τυχεῖν
885 2897 1107 2950 δυνατὸν
1137 2895 1196 2972 ᾖ,
1243 2895 1304 2949 τὸ
1335 2896 1432 2949 καὶ
1463 2895 1537 2966 μὴ
1567 2893 1658 2947 τοῦ
1691 2894 1786 2963 μέ-

187 3009 330 3062 ρους
380 2991 690 3060 ἀποτυχεῖν,
741 2989 934 3060 κέρδος
976 2989 1043 3042 ἂν
1097 2987 1181 3058 εἴη
1229 2987 1372 3057 μέγα
1415 2989 1527 3049 τοῖς
1560 3002 1623 3053 γε
1662 2983 1784 3037 νοῦν

185 3083 403 3151 ἔχουσι.
428 3083 614 3136 Iliam:
635 3083 814 3133 τοίνυν
829 3079 1160 3133 ἐπιδεικτέον
1188 3077 1442 3149 σπουδὴν,
1481 3076 1555 3146 μὴ
1586 3093 1784 3128 παντε-

1881 531 1944 569 ac
1976 517 2134 568 tinem
2185 514 2403 567 virtutis
2457 513 2970 582 comprehendere:
3023 511 3458 565 demonstratum

1861 607 2022 660 enim
2055 605 2166 676 jam
2197 614 2300 668 est,
2347 605 2494 674 quod
2539 604 2706 658 nullis
2727 605 2902 660 virtus
2929 605 3178 658 terminis
3209 604 3460 658 contine-

1883 705 1995 750 tur.

1948 786 2104 840 Nunc
2154 797 2333 841 autem
2401 788 2630 842 alterum
2671 788 2855 852 etiam,
2907 787 3052 857 quod
3093 787 3304 841 scilicet
3343 787 3459 840 im-

1879 879 2142 948 possibile
2188 880 2260 932 sit
2296 879 2398 944 eis,
2455 881 2549 950 qui
2579 893 2704 932 cum
2738 880 2941 934 virtute
2980 881 3192 944 vivunt,
3233 879 3298 932 ad
3335 894 3462 948 per-

1879 971 2171 1026 fectionem
2222 973 2495 1040 finemque
2540 973 2763 1028 virtutis
2815 973 3119 1042 pervenire,
3163 972 3321 1026 nobis
3362 987 3461 1025 ex-

1881 1064 2216 1134 planandum
2249 1063 2483 1118 videtur.
2525 1063 2768 1117 Primum
2805 1065 2973 1132 igitur
3003 1077 3066 1117 ac
3105 1063 3326 1132 proprie
3354 1063 3458 1117 bo-

1880 1171 2035 1218 num,
2091 1155 2250 1224 cujus
2282 1164 2478 1208 natura
2529 1155 2743 1209 bonitas
2774 1161 2881 1220 est,
2915 1153 3078 1219 Deus,
3133 1155 3277 1218 dico,
3318 1155 3456 1224 ipse,

1880 1249 2250 1316 quodcunque
2304 1257 2500 1300 natura
2545 1261 2666 1301 esse
2715 1246 3058 1316 intelligitur,
3116 1245 3352 1315 idipsum
3405 1256 3462 1300 et

1879 1349 1984 1400 est.
2039 1347 2094 1394 et
2146 1347 2534 1409 nuncupatur:
2591 1355 2714 1409 quae
2759 1339 2977 1408 quidem
3028 1337 3211 1392 divina
3265 1346 3462 1392 natura

1883 1430 2170 1496 (quoniam
2207 1431 2394 1485 nullus
2449 1431 2669 1485 virtutis
2711 1429 2978 1485 terminus
3023 1439 3220 1499 praeter
3268 1431 3461 1484 vitium

1880 1531 1984 1586 est,
2023 1531 2084 1576 ut
2125 1521 2235 1590 jam
2289 1522 2597 1578 rationibus
2642 1521 3141 1590 comprobavimus,
3191 1519 3463 1576 Divinitas

1881 1614 2023 1668 enim
2054 1615 2387 1668 contrarium
2424 1615 2702 1684 suscipere
2731 1629 2838 1668 non
2871 1617 3072 1683 potest)
3109 1614 3463 1668 interminata

1882 1719 1964 1762 est
1994 1721 2057 1761 ac
2085 1707 2319 1760 infinita.
2361 1708 2428 1760 At
2461 1721 2590 1761 vero
2613 1709 2704 1777 qui
2733 1723 2845 1760 non
2887 1707 3163 1772 simulate,
3205 1706 3301 1760 sed
3337 1723 3463 1760 vere

1881 1799 2142 1852 virtutem
2192 1800 2465 1868 sequitur,
2519 1797 2652 1863 Deo,
2689 1799 2782 1867 qui
2833 1797 3075 1868 perfecta
3125 1799 3302 1853 virtus
3355 1808 3460 1862 est,

1886 1890 2304 1960 participatione
2353 1889 2727 1959 conjungitur.
2775 1888 2920 1944 Deus
2953 1899 3132 1943 autem
3163 1891 3462 1943 terminum

1886 1997 1997 2036 non
2047 1981 2230 2036 habet.
2266 1980 2448 2048 Quare
2493 1996 2619 2035 cum
2659 1980 2782 2050 ejus
2832 1981 2975 2051 quod
3019 1987 3214 2033 natura
3257 1981 3460 2034 bonum

1885 2087 1989 2138 est,
2038 2074 2262 2127 omnino
2308 2073 2605 2144 participes
2631 2089 2754 2128 esse
2801 2073 3134 2137 desiderent,
3185 2073 3277 2141 qui
3319 2073 3458 2126 illud

1885 2173 2188 2226 noverunt,
2237 2181 2464 2221 necesse
2495 2174 2600 2228 est,
2649 2165 3029 2235 participantis
3061 2180 3280 2234 quoque
3313 2165 3463 2218 desi-

1885 2257 2120 2320 derium,
2145 2273 2267 2312 cum
2289 2258 2356 2311 ad
2381 2257 2791 2314 interminatum
2815 2257 3198 2328 infinitumque
3221 2259 3463 2328 seipsum

1884 2347 2160 2413 extendat,
2183 2349 2393 2402 nullum
2409 2348 2604 2402 habeat
2638 2349 2866 2414 exitum,
2916 2363 3254 2418 quoccssare
3269 2347 3462 2416 possit.

1885 2438 2032 2504 Quas
2061 2440 2132 2494 ob
2170 2455 2260 2494 res
2287 2439 2332 2494 si
2377 2439 2545 2492 nullis
2584 2439 2709 2493 vitae
2743 2440 3011 2509 perfectio
3042 2439 3294 2493 terminis
3327 2453 3466 2492 con-

1883 2531 2109 2596 tinet‘ur,
2144 2532 2188 2584 si
2220 2531 2441 2584 virtutis
2469 2529 2524 2583 id
2555 2531 2732 2598 ipsum
2761 2531 3031 2585 terminus
3052 2539 3156 2592 est,
3197 2530 3344 2598 quod
3379 2529 3464 2582 in-

1885 2624 2174 2677 terminata
2201 2623 2291 2684 sit,
2319 2622 2656 2692 impossibile
2679 2622 2905 2675 omnino
2933 2631 3038 2686 est,
3074 2623 3148 2675 ita
3173 2621 3466 2690 perfectio-
3507 2611 3520 2624 ’

1885 2731 2008 2770 nem
2049 2716 2191 2769 hanc
2221 2726 2315 2768 aut
2360 2731 2417 2769 re
2446 2715 2736 2783 consequi,
2785 2724 2879 2768 aut
2905 2715 3089 2770 verbis
3124 2714 3368 2783 assequi,
3408 2722 3466 2766 ut

1885 2806 1951 2859 ad
1985 2807 2180 2860 altiora
2241 2807 2384 2860 ullus
2441 2821 2706 2860 ascensus
2771 2807 3132 2874 relinquatur.
3180 2803 3466 2870 Quomodo

1887 2897 2054 2967 igitur
2085 2897 2151 2950 ad
2214 2897 2378 2951 finem
2413 2898 2702 2966 quaesitum
2769 2897 3040 2966 quispiam
3100 2905 3466 2966 perventurus

1883 2997 1985 3052 est,
2019 3003 2144 3042 cum
2175 2987 2297 3050 ﬁnis
2326 2989 2508 3043 nullus
2536 2988 2896 3042 inveniatur?
2933 2987 3050 3042 Non
3083 2999 3288 3051 tamen,
3322 3003 3467 3057 quo-

1885 3081 2032 3133 niam
2097 3080 2244 3149 quod
2284 3081 2548 3150 quaeritur
2598 3081 2802 3134 exitum
2853 3095 2964 3133 non
3021 3081 3203 3144 habet,
3260 3080 3470 3135 idcirco

185 3172 306 3236 λὼς
334 3175 586 3225 ἐκπεσεῖν
613 3171 716 3242 τῆς
753 3171 1106 3242 ἐνδεχομένης
1133 3169 1469 3239 τελειότητος
1489 3187 1502 3199 ·
1528 3167 1666 3220 ἀλλὰ
1693 3185 1782 3220 το·-

1891 3183 2215 3243 pneceptmn
2247 3173 2380 3227 illud
2404 3173 2622 3226 Domini
2653 3175 3060 3245 negligendum,
3094 3190 3204 3242 quo
3228 3173 3465 3228 dicitur:

187 3265 390 3319 σοῦτον
419 3267 513 3318 ἀπ’
536 3265 710 3335 αὐτῆς
735 3263 1062 3335 κτήσασθαι,
1097 3263 1220 3315 ὅσον
1237 3262 1304 3315 ἂν
1329 3261 1456 3314 ἰδεῖν
1481 3261 1574 3313 τοῦ
1596 3260 1788 3331 ζητου-

191 3356 362 3426 μένου
389 3357 749 3425 χωρήσωμεν.
785 3353 938 3422 Τάχα
975 3353 1082 3423 γὰρ
1108 3351 1170 3403 τὸ
1197 3350 1368 3413 οὕτως
1399 3350 1564 3420 ἔχειν,
1593 3349 1667 3412 ὼς
1702 3349 1788 3400 ἀεὶ

191 3445 376 3500 θέλειν
401 3447 458 3498 ἐν
485 3445 566 3514 τῷ
593 3444 744 3515 καλῷ
772 3444 835 3497 τὸ
866 3445 1026 3499 πλέον
1056 3443 1221 3514 ἔχειν,
1253 3445 1287 3514 ἡ
1315 3443 1416 3512 τῆς
1445 3443 1788 3515 ἀνθρωπίνης

193 3537 414 3606 φύσεως
447 3537 720 3606 τελειότης
753 3537 888 3591 ἐστί.
944 3537 1102 3588 Δοκεῖ
1133 3536 1190 3588 δέ
1224 3554 1312 3606 μοι
1341 3536 1522 3599 καλῶς
1549 3536 1694 3606 ἐχειν
1721 3539 1789 3606 τῇ

197 3628 394 3698 Γραφῇ
427 3627 558 3697 περὶ
601 3626 793 3679 τούτου
831 3625 1118 3696 συμϐούλῳ
1153 3625 1478 3696 χρήσασθαι.
1521 3627 1658 3693 Φησὶ
1682 3627 1791 3696 γάρ

199 3735 308 3770 που
333 3717 422 3769 διὰ
449 3717 549 3786 τῆς
583 3717 808 3770 Ἠσαῒου
837 3717 1172 3786 προφητείας
1200 3718 1233 3787 ἡ
1267 3715 1387 3769 θεία
1410 3717 1589 3786 φωνή·
1611 3737 1628 3768 ι
1661 3719 1792 3786 Ἐμ-

199 3808 438 3878 assa-.5
475 3811 555 3869 εἰς
583 3807 836 3878 Ἀϐραὰμ
857 3809 948 3860 τὸν
978 3807 1194 3876 πατέρα
1217 3807 1393 3877 ὑμῶν,
1429 3809 1522 3860 καὶ
1554 3810 1632 3870 είς
1648 3808 1792 3879 Σάρ-

203 3904 304 3972 ραν
323 3899 420 3970 τὴν
444 3899 742 3953 ὠδίνουσαν
766 3901 930 3968 ὑμᾶς.
947 3921 964 3951 ι
988 3898 1175 3952 Ταῦτα
1205 3899 1314 3969 γὰρ
1342 3899 1560 3962 πάντως
1588 3901 1616 3950 ὁ
1637 3899 1794 3966 λόγος

199 3997 316 4056 τοῖς
355 3991 460 4057 ἔξω
488 3991 588 4060 τῆς
617 3991 819 4062 ἀρετῆς
847 3991 1219 4061 πλανωμένοις
1255 3991 1650 4053 διακελεύεται,
1681 3991 1790 4053 ἵνα,

205 4083 464 4153 καθάπερ
489 4085 538 4136 οἱ
569 4084 626 4135 ἐν
646 4081 872 4150 πελάγει
901 4083 1000 4154 τῆς
1027 4083 1244 4146 εὐθείας
1275 4083 1369 4135 τοῦ
1403 4083 1619 4151 λιμένος
1649 4098 1791 4152 παρ-

202 4174 541 4244 ενεχθέντες,
572 4173 714 4228 κατά
750 4174 810 4226 τὸ
843 4174 1010 4242 φανὲν
1049 4179 1272 4244 σημεῖον
1300 4174 1402 4242 τῆς
1426 4174 1636 4244 πλάνης
1669 4175 1794 4225 ἐαυ-

203 4269 331 4330 cca;
357 4266 741 4334 ἐπανάγουσιν,
771 4265 804 4335 ἢ
843 4265 1048 4335 πυρσὸν
1090 4266 1288 4328 ἰδόντες
1317 4265 1424 4318 ἀπδ
1451 4265 1616 4333 ὕψους
1642 4265 1794 4335 αίρό·

207 4375 411 4427 μενον,
452 4356 488 4426 ἢ
537 4357 780 4426 κορυφήν
825 4373 970 4417 τινος
1032 4355 1342 4426 ἀκρωρείας
1393 4357 1791 4424 ἀναφανεῖσαν.

205 4448 298 4499 τὸν
337 4447 501 4499 αὑτὸν
545 4447 745 4517 τρόπον
781 4447 908 4509 τοὺς
935 4447 1292 4516 ἀκυϐερνήτῳ
1326 4447 1392 4516 τῇ
1415 4446 1626 4517 διανοίᾳ
1653 4445 1796 4498 κατά

1898 3283 1915 3315 ι
1933 3262 2166 3318 Perfecti
2187 3272 2383 3330 estote,
2434 3265 2575 3319 sicut
2599 3271 2653 3319 et
2690 3264 2852 3319 Pater
2875 3279 3056 3320 vester
3077 3267 3321 3320 caelestis
3347 3281 3470 3336 per-

1893 3355 2066 3410 fectus
2098 3363 2182 3410 est
2206 3358 2303 3410 υ.»
2342 3353 2478 3409 Nam
2522 3357 2629 3410 etsi
2663 3364 2836 3410 totum
2885 3357 3149 3425 consequi
3203 3371 3467 3427 nequeas,

1893 3455 2076 3501 tamen
2127 3448 2179 3500 in
2217 3447 2379 3502 rebus
2414 3448 2694 3512 omnibus,
2746 3463 2865 3515 quae
2915 3458 3110 3500 natura
3134 3447 3292 3500 bonae
3318 3453 3468 3509 sunt,

1892 3552 2001 3590 non
2032 3552 2262 3606 parvum
2305 3545 2391 3591 est
2417 3537 2630 3591 lucrum
2677 3536 2804 3607 (nisi
2840 3536 3100 3606 desipias)
3139 3537 3223 3590 vel
3256 3544 3470 3606 partem

1891 3643 2079 3682 earum
2134 3627 2375 3697 aliquam
2424 3629 2712 3698 consequi.
2765 3625 2936 3684 Omne
2989 3629 3156 3698 igitur
3200 3630 3468 3692 studium,

1892 3732 2107 3772 omnem
2142 3733 2354 3786 curam,
2407 3717 2749 3788 diligentiam
2800 3719 3033 3788 denique
3061 3733 3280 3773 omnem
3311 3718 3472 3772 adbi-

1891 3809 2140 3874 beamus,
2175 3823 2244 3863 ne
2284 3809 2353 3864 ab
2375 3823 2436 3862 ea
2466 3809 2800 3878 perfectione
2824 3809 3164 3872 decidamus,
3202 3810 3270 3864 ad
3303 3826 3470 3880 quam

1893 3901 2178 3971 pervenire
2203 3901 2470 3970 possibile
2493 3901 2565 3955 sit
2590 3920 2602 3954 :
2639 3909 2963 3970 tantumque
2991 3903 3164 3970 ipsius
3189 3903 3476 3973 possidea-

1895 4009 2040 4059 mus,
2087 4001 2352 4061 quantum
2385 4007 2580 4061 capere
2617 4008 2930 4062 possumus.
2973 3995 3053 4046 Ita
3099 3995 3246 4048 enim
3282 4010 3342 4050 se
3375 3993 3474 4047 ha-

1897 4085 2046 4148 bere,
2081 4094 2140 4138 ut
2164 4083 2230 4136 ad
2261 4083 2520 4138 ulteriora
2557 4099 2773 4154 semper
2805 4084 2857 4136 in
2891 4085 3092 4139 virtute
3121 4100 3184 4138 ac
3206 4085 3354 4139 bono
3383 4101 3477 4148 ve—

1895 4175 1964 4229 lis
2009 4177 2322 4238 ascendere,
2387 4175 2438 4228 id
2491 4175 2671 4244 ipsum
2725 4174 2910 4228 forsan
2953 4176 3210 4229 humana:
3263 4183 3478 4229 natura:

1897 4265 2158 4336 perfectio
2185 4273 2287 4320 est.
2324 4263 2431 4318 Sed
2465 4275 2614 4320 recte
2641 4265 2725 4336 (ut
2751 4266 2884 4319 mihi
2907 4267 3147 4334 videtur)
3176 4265 3474 4330 faciemus,

1897 4358 1944 4413 si
1977 4357 2078 4411 hac
2117 4366 2306 4410 nostra
2335 4357 2388 4410 in
2415 4357 2719 4426 qumstione
2742 4372 2911 4410 sacrae
2935 4357 3230 4426 Scriptura:
3257 4366 3478 4410 utamur

1897 4448 2150 4502 consilio.
2173 4447 2275 4501 Per
2303 4449 2623 4518 prophetam
2643 4449 2812 4519 igitur
2833 4448 3026 4502 Isaiam
3055 4449 3237 4502 divina
3255 4464 3358 4504 vox
3374 4449 3480 4522 cla-

205 4539 304 4608 τὴν
337 4537 433 4590 τοῦ
471 4537 585 4606 βίου
631 4537 906 4590 θάλασσαν
951 4537 1355 4608 πλανωμένους,
1388 4536 1468 4607 τῷ
1514 4537 1655 4590 κατὰ
1697 4540 1788 4606 τὴν

1901 4545 2012 4590 mat
2035 4557 2048 4590 :
2099 4558 2116 4588 ι
2137 4536 2409 4607 Respicite
2433 4539 2486 4590 in
2517 4539 2790 4593 Abraham
2813 4548 3018 4610 patrem
3043 4547 3306 4605 vestrum,
3334 4549 3388 4593 et
3420 4541 3478 4595 in

207 4631 430 4700 Σάρραν
461 4629 554 4680 καὶ
595 4629 846 4698 Ἀϐραάμ
888 4627 1248 4698 ὑποδείγματι
1293 4629 1454 4692 πάλιν
1491 4627 1796 4698 κατευθύνῃ

207 4725 348 4796 πρὸς
373 4722 466 4774 τὸν
511 4719 704 4792 λιμένα
748 4721 840 4774 τοῦ
873 4721 1018 4774 θείου
1056 4720 1380 4791 θελήματος.
1439 4720 1658 4789 Ἐπειδὴ
1689 4719 1799 4790 γὰρ

209 4817 350 4886 πρὸς
389 4815 454 4867 τὸ
487 4813 620 4883 θῆλύ
648 4831 710 4866 τε
743 4815 837 4867 καὶ
861 4813 1030 4885 ἄρρεν
1061 4815 1094 4883 ή
1120 4812 1440 4884 ἀνθρωπίνη
1475 4812 1800 4884 μεμέρισται

207 4907 396 4976 φύσις,
443 4907 541 4958 καὶ
572 4906 902 4978 ἀμφοτέροις
935 4905 1132 4975 ἐπίσης
1161 4907 1280 4958 κατ’
1328 4903 1576 4970 ἐξουσίαν
1607 4906 1639 4974 ὴ
1667 4903 1803 4974 πρὸς

207 4998 418 5070 ἀρετὴν
452 4997 547 5050 καὶ
577 4997 774 5051 κακίαν
790 4998 998 5068 αἵρεσις
1022 4999 1308 5067 πρόκειται
1330 5013 1342 5024 ·
1375 4997 1464 5050 διὰ
1496 4996 1652 5048 τοῦτο
1679 4997 1806 5049 ἐκα-

209 5093 360 5162 τέρῳ
395 5091 650 5161 τμήματι
685 5089 747 5142 τὸ
780 5089 1114 5160 κατάλληλον
1146 5089 1248 5158 τῆς
1273 5089 1474 5160 ἀρετῆς
1503 5090 1807 5158 ὑπόδειγμα

209 5184 368 5255 παρὰ
388 5184 490 5254 τῆς
521 5181 669 5246 θείας
700 5180 1017 5252 πῳεδείχθη
1052 5181 1256 5251 φωνῆς,
1296 5182 1384 5234 ἵνα
1410 5181 1545 5252 πρὸς
1575 5183 1634 5233 τὸ
1678 5197 1810 5249 συγ-

209 5277 378 5343 γενὲς
405 5275 658 5344 ἑκάτεροι
698 5273 1008 5343 βλέποντες,
1051 5273 1188 5344 πρὸς
1235 5273 1332 5342 μὲν
1354 5273 1445 5324 τὸν
1486 5273 1732 5343 Ἀϐραὰμ
1756 5275 1806 5325 οί

209 5365 430 5438 ἄνδρες,
467 5367 606 5437 πρὸς
638 5366 694 5418 δὲ
723 5366 820 5432 τὴν
851 5365 1067 5436 Σάρραν
1095 5365 1157 5417 τὸ
1185 5364 1372 5435 ⁹τέτερον
1408 5364 1590 5436 μέρος,
1623 5366 1806 5434 ἀμφό-

207 5476 366 5530 τεροι
393 5459 484 5511 διὰ
529 5457 640 5510 τῶν
683 5457 900 5509 οἰκείων
944 5455 1355 5526 ὑποδειγμάτων
1393 5457 1526 5526 πρὸς
1556 5457 1648 5510 τὸν
1682 5457 1803 5508 κατ’

209 5549 420 5620 ἀρετὴν
445 5547 562 5618 βίον
590 5547 966 5600 διευθύνοιντο.
1017 5547 1176 5610 Ἴσως
1204 5545 1248 5599 δ’
1291 5547 1356 5601 ἂν
1376 5547 1554 5601 τοίνυν
1579 5547 1805 5618 ἐξαρκέ-

289 5746 337 5780 ³³
376 5746 572 5802 Matth.
613 5727 785 5810 v.18.
869 5748 909 5778 ”
942 5745 1046 5803 isa.
1081 5761 1155 5811 LI,
1187 5745 1241 5800 2.

1901 4627 2091 4682 Saram
2110 4645 2230 4698 quae
2251 4645 2344 4684 vos
2364 4631 2572 4700 peperit
2597 4631 2660 4688 ¹².
2677 4653 2693 4682 δ
2727 4631 2855 4686 Haec
2871 4633 3017 4687 enim
3033 4632 3251 4686 divinus
3274 4647 3478 4696 sermo,

1897 4735 2011 4774 non
2028 4720 2096 4774 iis
2114 4721 2210 4790 qui
2231 4721 2286 4774 in
2306 4721 2506 4777 virtute
2523 4733 2866 4792 permanent,
2888 4724 2981 4777 sed
3015 4723 3083 4779 iis
3104 4724 3197 4792 qni
3228 4739 3258 4776 a
3279 4725 3480 4778 virtute

1902 4810 2180 4872 aberrant,
2202 4811 2464 4880 praecipit.
2483 4809 3023 4881 thuemadmodum
3041 4813 3134 4882 qui
3155 4820 3482 4882 tempestate

1904 4915 1969 4955 ac
1989 4900 2042 4953 vi
2062 4910 2350 4956 ventorum
2372 4904 2531 4973 longe
2550 4917 2579 4956 a
2601 4911 2748 4958 recta
2778 4904 3144 4974 navigationis
3161 4920 3274 4960 suae
3301 4906 3389 4958 via
3424 4907 3483 4960 in

1903 4994 2127 5064 pelagus
2144 4997 2321 5049 exacti
2343 5003 2492 5059 sunt,
2506 4997 2648 5051 sive!
2664 4997 2866 5067 ignem,
2885 4999 2970 5051 vel
2991 5011 3254 5051 cacumen
3276 4997 3484 5053 montis

1905 5088 2315 5156 prospexerint,
2369 5087 2531 5142 facile
2576 5104 2635 5143 se
2687 5090 2755 5142 ab
2784 5105 2972 5144 errore
3014 5090 3276 5143 intutum
3315 5089 3482 5143 redu-

1907 5185 2040 5232 cunt
2062 5195 2075 5231 :
2100 5180 2184 5236 sic
2199 5179 2512 5249 quicunque
2555 5179 2721 5248 hujus
2747 5181 2870 5234 vitae
2903 5179 3159 5235 fluctibus
3210 5180 3482 5250 oppressi.

1913 5285 1942 5323 a
1965 5270 2168 5325 virtute
2196 5271 2474 5336 aberrant,
2501 5273 2751 5341 exemplo
2776 5273 3003 5327 Abrahae
3028 5289 3092 5327 ac
3121 5271 3290 5338 Sarae,
3322 5271 3482 5342 quasi

1913 5363 2148 5432 quodam
2180 5365 2573 5434 gubernaculo,
2599 5365 2666 5418 ad
2705 5365 2904 5420 divinae
2931 5367 3230 5420 voluntatis
3265 5373 3485 5435 portum

1913 5463 2260 5508 revocantur.
2313 5455 2390 5508 Ac
2441 5454 2567 5509 ideo
2597 5455 2854 5522 qucniam
2893 5457 2948 5509 in
2986 5443 3291 5509 masculum
3322 5463 3376 5508 et
3405 5454 3484 5507 fe-

1913 5547 2114 5600 minam
2153 5555 2348 5600 natura
2384 5548 2620 5601 humana
2656 5547 2834 5601 divisa
2865 5556 2967 5613 est,
3011 5555 3064 5602 ct
3093 5547 3311 5617 utrique
3341 5545 3490 5616 pari-
