3886 6214
399 305 528 360 5θῦ
1661 297 1719 353 S.
1759 298 2002 355 GRECOI

2123 298 2415 354 NYSSENI
3574 293 3680 350 ΞΜ

418 427 505 472 ter
539 415 708 469 libera
764 419 876 468 tam
919 414 985 468 ad
1019 417 1298 479 virtutem,
1348 430 1509 485 quam
1547 415 1612 468 ad
1645 415 1838 469 vitium
1871 431 2000 485 pro-

2107 433 2216 468 σειε
2249 417 2342 468 καὶ
2368 417 2498 486 ήμῖν
2521 413 2637 476 ἑνός
2662 429 2803 475 τινος
2825 410 2932 464 τῶν
2954 411 3092 464 κατά
3121 411 3211 463 τὸν
3239 408 3351 480 βίον
3381 409 3682 478 εὐδοκίμων

416 509 599 581 posita
623 515 709 561 est
739 507 967 561 electio:
1007 507 1214 560 idcirco
1243 505 1578 562 conveniens
1610 507 1829 576 utrique
1855 507 1996 575 parti

2106 511 2133 578 ἡ
2160 509 2345 579 μνήμη
2379 508 2478 578 τὴν
2507 505 2600 560 τοῦ
2635 504 2841 576 πυρσοῦ
2865 502 3051 573 χρείαν
3080 501 3390 571 πληρῶσαι,
3425 501 3521 553 καὶ
3552 501 3685 552 ὑπο-

418 615 448 654 a
483 599 669 652 divina
698 612 834 652 voce
873 596 1214 666 propositum
1251 604 1338 652 est
1361 597 1692 667 exemplum,
1719 597 1787 651 ad
1817 597 2000 650 Abra-

2106 598 2289 663 δεῖξαι,
2319 596 2438 660 πῶς
2470 597 2585 648 ἐστι
2617 593 2838 648 δυνατὸν
2867 593 2945 662 τῷ
2971 591 3222 661 ἀκλύστῳ
3245 592 3344 660 τῆς
3371 590 3574 660 ἀρετῆς
3603 590 3684 642 λι-

419 692 545 746 ham
575 697 630 744 et
663 688 854 742 Saram
886 688 1182 756 respicere,
1216 696 1274 741 ut
1303 687 1408 740 viri
1433 701 1464 740 a
1492 688 1635 750 viro,
1668 695 1722 742 et
1742 687 1999 742 mulieres

2106 688 2224 758 μένι
2251 687 2350 757 τήν
2391 685 2567 756 ψυχὴν
2613 683 2965 754 καθορμίσαι,
3008 679 3254 752 μηδαμοῦ
3291 683 3409 742 ταῖς
3439 678 3532 732 τοῦ
3566 679 3684 746 βίου

426 798 456 836 a
493 782 723 836 muliere
763 780 984 849 propria
1028 779 1332 848 idoneaque
1385 785 1594 833 naturae
1637 780 2001 850 suscipientes

2106 779 2290 844 ζάλαις
2327 775 2816 847 ὲγχειμασθεῖσαν,
2865 773 2998 843 μηδὲ
3029 772 3168 825 κατά
3204 771 3303 833 τὰς
3349 770 3685 840 ἐπαλλήλους

426 873 696 941 exempla,
723 869 940 924 lucilius
969 884 1099 924 suos
1122 871 1186 923 ad
1214 870 1467 924 virtutem
1493 869 1728 940 dirigant
1749 886 1994 940 gressus.

2106 871 2215 924 τῶν
2248 869 2435 923 παθῶν
2458 867 2752 939 τρικυμίας
2771 865 2849 936 τῷ
2874 863 3020 934 βυθῷ
3045 864 3141 934 τὴς
3157 863 3349 924 κακίας
3381 861 3685 929 ὲνναυαγή-

424 964 606 1031 Quare
635 964 681 1018 si
712 978 815 1018 nos
847 976 1066 1031 quoque
1097 961 1260 1016 unius
1285 961 1494 1032 probati
1526 961 1690 1015 vitam
1723 961 1776 1015 in
1807 977 1995 1016 exem-
2105 977 2296 1016 σασαν.

421 1062 569 1130 plum
597 1057 1012 1128 sumpserimus,
1053 1056 1302 1118 sumciet,
1346 1064 1404 1110 ut
1449 1057 1518 1111 sit
1544 1065 1803 1126 tanquam
1839 1072 1869 1110 e
1898 1056 2116 1125 specula
2159 1055 2242 1108 fax
2281 1053 2577 1123 aﬂulgens,
2627 1061 2681 1106 et
2719 1051 2970 1106 ostendat
3005 1048 3275 1120 quomodo
3323 1046 3439 1101 ﬁeri
3485 1044 3683 1115 possit.

422 1161 479 1204 ut
511 1151 610 1204 hos
643 1149 765 1202 vita:
787 1147 986 1202 ﬂuctus
1035 1147 1240 1216 absque
1278 1145 1562 1217 naufragio
1611 1162 1954 1217 superemus,
1989 1148 2336 1217 animamque
2381 1153 2624 1199 nostram
2667 1144 3132 1213 perturbationum
3177 1139 3334 1194 undis
3375 1139 3684 1193 obsessaun

420 1241 472 1291 in
504 1237 619 1290 vitii
649 1236 885 1306 demergi
920 1235 1190 1305 profundo
1217 1236 1439 1290 minime
1467 1238 1732 1300 sinamus,
1768 1236 1864 1292 sed
1901 1237 1956 1290 in
1995 1237 2328 1290 tutissimum
2363 1235 2580 1289 virtutis
2619 1243 2833 1302 portum
2867 1232 3221 1286 deducamus.

491 1326 699 1379 Idcirco
729 1329 874 1378 enim
923 1324 1254 1379 credendum
1291 1335 1370 1381 est
1409 1327 1988 1396 przestantissimorutn

417 1415 660 1469 virorum
709 1414 852 1468 vitas
902 1414 1333 1483 exquisitissime
1378 1417 1732 1485 perscriptas,
1769 1425 1828 1470 ut
1881 1417 1992 1469 vita

2165 1327 2318 1396 Τάχα
2359 1326 2468 1395 γὰρ
2519 1325 2613 1378 καὶ
2652 1325 2840 1376 τούτου
2878 1324 3034 1394 χάριν
3079 1325 3112 1392 ἡ
3148 1321 3252 1374 τῶν
3291 1319 3509 1390 ὑψηλῶν
3541 1319 3688 1372 ἐκεί-

2093 1436 2200 1473 νων
2231 1418 2473 1472 πολιτεία
2498 1417 2562 1470 δι’
2595 1415 2878 1486 ἀκριϐείας
2907 1416 3218 1486 ἱστόρηται,
3258 1413 3332 1476 ὡς
3365 1413 3429 1465 ἂν
3462 1413 3552 1465 διὰ
3587 1411 3688 1480 τῆς

419 1517 608 1562 nostra
638 1506 942 1560 imitatione
966 1508 1036 1560 ad
1065 1506 1318 1561 virtutem
1351 1521 1416 1561 ac
1440 1507 1641 1561 bonum
1676 1508 1881 1562 rectius
1901 1508 1994 1562 de-

2106 1510 2202 1563 τῶν
2233 1509 2782 1582 προκατωρθωκότων
2804 1510 3086 1578 μιμήσεως
3114 1507 3143 1558 ὁ
3176 1505 3370 1573 ἐφεξῆς
3404 1504 3519 1573 βίος
3550 1503 3688 1570 πρὸς

418 1601 669 1655 ducatur.
689 1599 796 1654 Sed
823 1599 967 1653 dicet
993 1599 1263 1670 quispiam
1296 1617 1306 1650 :
1330 1597 1612 1664 Quomodo
1635 1601 1681 1657 si
1707 1617 1806 1656 nec
1831 1601 1995 1656 Chal-

422 1692 574 1746 daeus
606 1706 725 1745 sum
759 1705 880 1759 ego,
909 1697 970 1743 ut
995 1690 1062 1744 de
1088 1691 1357 1745 Abraham
1382 1693 1661 1756 scribitur,
1694 1707 1793 1747 nec
1823 1693 1996 1747 alum-

421 1800 526 1841 nus
567 1784 710 1855 regis
737 1782 985 1854 IEgyptii
1031 1783 1178 1848 ﬁlim,
1208 1792 1266 1838 ut
1292 1785 1361 1838 de
1396 1783 1576 1854 Moyse
1609 1785 1888 1854 Scriptura
1907 1791 1992 1838 te-

422 1885 623 1941 statur,
680 1892 781 1930 nec
815 1877 1050 1946 denique
1099 1891 1223 1932 cum
1278 1877 1582 1947 priscorum
1627 1877 1813 1946 aliquo
1859 1877 1995 1930 mihi

423 1965 722 2038 quidquam
775 1981 1067 2021 commune
1093 1966 1182 2028 sit,
1214 1965 1444 2036 alicujus
1473 1981 1660 2021 eorum
1691 1975 1880 2035 potero
1914 1965 1997 2019 vi-

420 2071 531 2114 tam
565 2058 868 2127 consequi:
900 2073 1025 2112 cum
1054 2056 1190 2112 nihil
1211 2056 1459 2122 habeam,
1487 2072 1596 2128 quo
1626 2059 1830 2127 possim
1862 2055 1998 2111 adeo

433 2149 662 2203 diversae
688 2149 809 2202 vitae
831 2163 893 2201 ac
915 2163 1124 2202 morum
1144 2147 1406 2217 longeque
1421 2148 1649 2202 aliorum
1673 2149 1996 2203 smculorum

423 2241 698 2294 hominem
736 2241 984 2294 imitari?
1015 2241 1128 2295 Nos
1157 2255 1286 2294 vero
1315 2240 1788 2311 respondebimus,
1821 2256 1999 2310 neque

421 2333 488 2385 ad
537 2332 752 2394 vitium,
790 2348 966 2402 neque
1014 2333 1081 2386 ad
1126 2333 1383 2387 virtutem
1420 2333 1712 2401 pertinere,
1758 2334 1802 2388 si
1835 2333 2000 2387 Chal-

423 2425 575 2477 dantis
604 2425 729 2493 quis
759 2424 866 2478 sit:
909 2439 1008 2478 nec
1040 2426 1084 2478 si
1139 2424 1192 2476 in
1228 2423 1462 2494 IEgypto
1491 2425 1654 2482 vivat.
1691 2433 1785 2478 aut
1816 2425 1870 2478 in
1896 2424 2001 2478 Ba-

425 2515 620 2584 bylone
669 2525 938 2576 versetur,
983 2511 1106 2567 ideo
1135 2528 1166 2566 a
1198 2521 1342 2566 recta
1376 2513 1594 2568 virtutis
1634 2514 1744 2567 vita
1777 2513 2003 2582 expelli-

425 2615 550 2671 tur;
580 2621 680 2660 nec
711 2606 857 2661 enim
906 2605 960 2659 in
985 2604 1171 2659 Iudaea
1203 2605 1406 2671 solum,
1441 2613 1498 2657 ut
1527 2605 1825 2674 quondam,
1862 2606 2002 2658 Deus

423 2697 777 2766 cognoscitur
807 2695 882 2747 ":
923 2710 1099 2764 neque
1123 2695 1277 2756 Sion,
1314 2701 1372 2747 tit
1411 2694 1588 2748 littera
1623 2709 1820 2749 sonare
1859 2693 2001 2746 vide-

422 2796 533 2852 tur,
561 2797 642 2843 est
665 2785 758 2842 Dei
787 2787 1149 2849 domicilium,
1182 2787 1277 2842 sed
1307 2786 1565 2841 subtilius
1594 2794 1759 2856 atque
1785 2786 2001 2839 acutius

423 2880 585 2934 nobis
637 2877 1039 2948 inspiciendum
1072 2887 1178 2940 est,
1238 2885 1298 2930 ut
1328 2876 1614 2931 videamus
1667 2891 1807 2945 quos
1838 2875 2002 2930 Chal-

423 2971 594 3032 dzeos,
626 2976 720 3022 aut
766 2983 904 3036 quos
932 2965 1222 3036 IEgyptios
1273 2965 1560 3032 fugiendos
1591 2964 1869 3033 Scriptura
1904 2976 2001 3030 per

425 3061 711 3116 historiam
768 3059 1044 3119 admonet,
1099 3065 1152 3111 et
1181 3072 1288 3127 qua
1340 3054 1634 3125 Babylonis
1681 3053 2000 3122 captivitate

425 3151 639 3205 liberati
691 3149 758 3202 ad
815 3148 1206 3204 beatitudinem
1263 3146 1482 3200 tandem
1537 3144 1993 3199 conscendamus.

425 3243 578 3308 Quas
612 3241 682 3294 ob
716 3255 804 3294 res
834 3238 1062 3310 Moyses
1082 3239 1172 3291 ille
1200 3238 1252 3290 in
1280 3237 1584 3306 exemplum
1615 3237 1771 3290 nobis
1804 3250 2001 3305 propo-

427 3339 617 3394 natur,
647 3329 806 3399 cujus
852 3331 1016 3383 vitam
1069 3327 1116 3382 si
1149 3327 1301 3398 prius
1337 3327 1499 3396 (sicut
1539 3343 1569 3380 a
1605 3327 1806 3381 divinis
1847 3327 2000 3382 libris

431 3421 752 3491 didicimus)
786 3421 1020 3476 breviter
1049 3432 1458 3489 percurramus,
1491 3417 1571 3472 sic
1604 3418 1820 3471 demum
1869 3431 2002 3470 con-

427 3526 752 3573 sentaneum
803 3514 1045 3568 historiae
1092 3525 1312 3567 sensum
1373 3509 1844 3580 investigabimus,
1891 3522 2002 3577 quo

429 3606 724 3678 perfectam
760 3605 1042 3659 hominum
1101 3603 1267 3656 vitam
1313 3599 1530 3654 facilius
1582 3614 2000 3670 cognoscemus.

432 3699 707 3754 Scribitur
760 3697 924 3768 igitur
949 3696 994 3726 "
1045 3693 1286 3764 Moysen,
1341 3692 1560 3762 quando
1607 3690 1846 3761 .‘Egyptii
1888 3690 2004 3760 lege

431 3787 672 3860 tyranni,
703 3785 930 3840 masculi
962 3783 1310 3838 Hebraeorum
1347 3780 1602 3835 infantuli
1639 3780 1822 3834 vivere
1852 3788 2002 3833 veta-

428 3880 650 3940 bantur,
690 3885 821 3930 tunc
859 3877 913 3929 in
946 3877 1121 3928 lueem
1161 3873 1365 3928 editum
1403 3872 1595 3934 fuisse,
1635 3885 1796 3940 quem
1827 3870 2004 3939 gratia

431 3967 663 4038 quadam
693 3966 874 4021 statim
906 3965 974 4018 ab
1002 3962 1349 4017 incunabulis
1380 3961 1579 4015 scitum
1608 3976 1672 4014 ac
1701 3960 2003 4029 elegantem

432 4075 559 4113 cum
613 4058 876 4111 vidissent
928 4062 1203 4124 parentes,
1261 4053 1455 4119 majori
1507 4052 1688 4106 studio
1739 4051 1908 4106 fuisse
1945 4058 2006 4105 ut

431 4153 598 4205 vitam
643 4150 689 4204 ei
727 4154 1142 4210 conservarent,
1185 4155 1434 4198 conatos.
1479 4142 1682 4197 Deinde
1740 4159 1865 4196 cum
1925 4153 2006 4214 ty-

429 4241 586 4294 ranni
629 4241 787 4292 minae
828 4238 1255 4307 pra:valuissent,
1286 4249 1394 4288 non
1448 4243 1649 4288 temere
1703 4234 1758 4288 in
1804 4235 2005 4290 ﬂuenta

431 4331 535 4386 Nili
569 4331 888 4401 projectum,
942 4327 1034 4383 sed
1075 4329 1130 4380 in
1163 4325 1348 4380 arcula
1380 4325 1617 4394 quadam
1649 4327 2002 4389 collocatum,

2095 1602 2156 1655 τὸ
2210 1602 2414 1669 ἀγαθὸν
2461 1599 2838 1653 ἀπευθύνοιτο.
2889 1598 2954 1650 Τί
2993 1594 3107 1661 οὖν,
3147 1598 3261 1667 ἐρεῖ
3300 1613 3404 1657 τις,
3455 1597 3502 1646 εἰ
3545 1597 3685 1664 μήτε

2097 1695 2365 1757 Χαλδαῖος
2403 1694 2534 1762 ἐγὼ,
2554 1692 2743 1760 ὥσπερ
2763 1695 2791 1744 ὁ
2820 1691 3070 1763 Ἀϐραάμ
3107 1690 3518 1760 μνημονεύεται,
3547 1692 3686 1760 μήτε

2096 1786 2193 1855 τῆς
2224 1784 2494 1855 θυγατρὸς
2531 1783 2626 1836 τοῦ
2672 1782 2967 1851 Αἰγυπτίου
3017 1782 3298 1850 τρόφιμος,
3335 1781 3410 1843 ὡς
3434 1781 3566 1851 περὶ
3589 1779 3686 1832 τοῦ

2094 1878 2376 1940 Μωῦσέως
2400 1877 2429 1928 ό
2457 1876 2615 1944 λόγος
2648 1876 2888 1945 κατέχει,
2925 1874 3167 1945 μηδόλως
3199 1875 3258 1926 ἐν
3289 1877 3399 1936 τοῖς
3421 1873 3690 1937 τοιούτοις

2096 1970 2235 2041 πρὸς
2263 1969 2382 2024 τινὰ
2401 1970 2509 2023 τῶν
2539 1969 2782 2040 ἀρχαίων
2804 1968 2941 2038 ἔχων
2970 1985 3023 2020 τι
3053 1967 3194 2020 κατὰ
3214 1967 3305 2018 τὸν
3335 1966 3447 2036 βίον
3481 1966 3689 2019 κατάλ-

2097 2063 2257 2135 ληλον
2285 2082 2297 2095 °
2339 2064 2457 2128 πῶς
2494 2065 2574 2127 εἰς
2605 2063 2702 2134 τὴν
2731 2063 2899 2132 αὐτὴν
2922 2062 3074 2128 τάξιν
3100 2061 3180 2113 ἐνὶ
3209 2060 3412 2112 τούτων
3445 2059 3689 2128 ἐμαυτὸν

2099 2161 2448 2228 καταστήσω,
2496 2157 2570 2227 μὴ
2615 2156 2753 2226 ἔχων
2791 2157 2939 2215 ὅπως
2975 2155 3068 2206 τὸν
3107 2153 3356 2206 τοσοῦτον
3390 2151 3689 2219 ἀφεστῶτα

2098 2248 2188 2302 διὰ
2220 2248 2327 2301 τῶν
2361 2248 2806 2316 ἐπιτηδευμάτων
2846 2247 3202 2316 μιμήσωμαι;
3259 2244 3401 2314 Πρὸς
3431 2243 3489 2295 ὃν
3522 2243 3686 2312 ἐροῦ-

2104 2356 2224 2408 μεν,
2249 2339 2328 2391 ὅτι
2361 2336 2487 2390 οὔτε
2509 2337 2586 2406 τῷ
2607 2336 2868 2388 Χαλδαῖον
2886 2329 3026 2387 εἶναι
3051 2334 3250 2386 κακίαν
3279 2334 3311 2403 ἢ
3342 2333 3542 2402 ἀρετὴν
3575 2333 3688 2401 κρίο

2101 2447 2263 2500 νομεν
2283 2447 2297 2460 ο
2331 2428 2453 2482 οὔτε
2475 2432 2542 2499 τῇ
2574 2430 2630 2482 ὲν
2653 2423 2912 2496 Αἰγύπτῳ
2931 2424 3065 2496 ζωῇ,
3088 2425 3211 2478 οὔτε
3235 2427 3300 2495 τῇ
3331 2427 3386 2476 ἐν
3404 2425 3684 2476 Βαϐυλῶνι

2101 2521 2370 2592 διατριϐῇ,
2417 2519 2508 2572 τοῦ
2553 2519 2666 2588 βίου
2691 2535 2775 2581 τις
2807 2517 2901 2571 τοῦ
2941 2517 3062 2570 κατ’
3095 2517 3294 2587 ἀρετὴν
3318 2515 3681 2580 ἐξοικίζεται’

2101 2614 2212 2666 οὐδ’
2243 2608 2307 2665 αὖ
2346 2611 2508 2665 πάλιν
2536 2612 2594 2663 ὲν
2622 2613 2686 2680 τῇ
2724 2609 2954 2680 Ἰουδαίᾳ
2982 2606 3190 2678 [μόνον]
3223 2607 3459 2674 γνωστὸς
3499 2608 3528 2658 ό
3555 2606 3682 2667 Θεὸς

2100 2707 2212 2767 τοῖς
2235 2701 2408 2767 ἀξίοις
2435 2703 2645 2770 γίνεται
2672 2718 2685 2731 ·
2721 2702 2839 2753 οὐδὲ
2888 2699 3048 2761 Σιὼν,
3089 2698 3229 2751 κατὰ
3254 2697 3350 2768 τὴν
3390 2697 3680 2767 πρόχειρον

2101 2796 2330 2859 ἔννοιαν,
2349 2794 2412 2848 τὸ
2441 2793 2582 2846 θεῖόν
2613 2795 2758 2845 ἐστιν
2784 2793 3090 2861 οἰκητήριον
3110 2807 3124 2820 °
3152 2789 3289 2843 ἀλλά
3319 2806 3463 2851 τινος
3495 2789 3682 2840 λεπτο-

2100 2886 2264 2956 τέρας
2280 2887 2410 2954 ήμῖν
2431 2884 2588 2954 χρεία
2602 2884 2700 2952 τῆς
2713 2883 2966 2947 διανοίας,
2981 2880 3072 2934 καὶ
3091 2879 3351 2951 ὀξυτέρας
3367 2882 3468 2950 τῆς
3485 2880 3680 2950 ὅψεως,

2102 2977 2177 3039 ὡς
2201 2977 2380 3028 διῖδεῖν
2411 2977 2474 3028 ὲκ
2517 2976 2613 3044 τῆς
2641 2973 2900 3044 ἱστορίας,
2938 2973 3106 3026 ποίων
3135 2973 3419 3026 Χαλδαίων
3452 2973 3485 3041 ἢ
3512 2974 3681 3038 Αἰγυ-

2029 3093 2072 3150 c
2105 3068 2275 3122 πτίων
2341 3068 2530 3138 πόρρω
2592 3067 2904 3136 γενόμενοι,
2954 3069 3049 3119 καὶ
3120 3065 3279 3128 ποίας
3329 3065 3683 3118 Βαϐυλωνίων

2104 3159 2476 3229 αἰχμαλωσίας
2505 3157 2887 3219 ἀπολυθέντες,
2919 3156 3009 3209 τοῦ
3043 3156 3388 3228 μακαριστοῦ
3417 3156 3538 3224 βίου
3572 3159 3683 3208 Eam-

2102 3248 2399 3318 ϐησόμεθα.
2449 3247 2688 3316 Μωῡσῆς
2733 3247 2911 3300 τοίνυν
2943 3249 3075 3315 ήμῖν
3116 3247 3195 3308 εἰς
3229 3246 3530 3313 ὑπόδειγμα
3575 3245 3684 3313 βίου

2101 3340 2420 3410 προτεθήτω
2448 3339 2523 3409 τῷ
2543 3340 2687 3409 λόγῳ
2707 3356 2721 3368 ·
2749 3333 2810 3392 οὗ
2841 3339 2930 3391 τὸν
2957 3339 3067 3408 βίον
3090 3338 3306 3408 πρῶτον
3335 3338 3391 3389 ἐν
3415 3338 3685 3408 ἐπιδρομῇ

2102 3431 2418 3493 διελθόντες,
2452 3429 2631 3492 καθὼς
2669 3429 2821 3500 παρά
2850 3429 2950 3497 τῆς
2981 3429 3131 3490 θείας
3153 3429 3330 3498 φωνῆς
3366 3429 3689 3498 μεμαθήκα-

2107 3540 2226 3594 μεν,
2252 3522 2392 3574 ούτω
2414 3521 2511 3592 τήν
2540 3523 2846 3592 πρόσφορον
2867 3524 2933 3591 τῇ
2961 3521 3168 3592 ἱστορία
3195 3519 3431 3572 διάνοιαν
3456 3521 3538 3580 εἰς
3560 3521 3690 3589 ἀρε-

2104 3613 2203 3682 τῆς
2237 3611 2516 3682 ὑποθήκην
2551 3611 2996 3680 ἀναζητήσομεν,
3038 3610 3104 3662 δι’
3139 3605 3207 3680 ἧς
3241 3611 3330 3661 τὸν
3362 3609 3568 3661 τέλειον
3619 3609 3692 3670 ὼς

2105 3704 2161 3756 ὲν
2188 3703 2490 3772 ἀνθρώποις
2542 3702 2654 3772 βίον
2685 3701 3118 3770 ὲπιγνωσόμεθα.
3149 3700 3381 3767 Λέγεται
3433 3699 3620 3752 τοίνυν
3663 3702 3696 3751 ὁ

2105 3795 2344 3864 Μωῦσῆς
2391 3795 2647 3863 τεχθῆναι
2703 3793 2824 3861 μὲν,
2878 3793 2968 3844 ὅτε
3007 3791 3390 3859 ζωογονεῖσθαι
3414 3791 3476 3843 τὸ
3518 3790 3696 3862 ἄρρεν

2105 3887 2163 3937 ὲν
2207 3888 2316 3947 τοῖς
2353 3886 2690 3954 τικτομένοις
2725 3887 2754 3937 ὁ
2782 3883 2876 3936 τοῦ
2908 3884 3173 3953 τυράννου
3212 3884 3375 3953 νόμος
3401 3882 3693 3941 διεκώλυε,

2105 3977 2395 4048 προλαϐεῖν
2425 3977 2480 4029 δὲ
2515 3980 2580 4046 τῇ
2631 3977 2813 4046 χάριτι
2858 3977 3039 4027 πᾶσαν
3081 3975 3179 4045 τὴν
3211 3975 3310 4027 ἀπὶ
3365 3974 3456 4027 τοῦ
3491 3975 3696 4043 χρόνου

2107 4067 2397 4138 γινομένην
2435 4068 2818 4136 συνεισφοράν·
2860 4066 2955 4118 καὶ
2999 4065 3159 4128 εὐθὺς
3205 4065 3312 4118 ἀπὸ
3357 4065 3697 4134 σπαργάνων

2107 4159 2324 4220 ἀστεῖος
2348 4157 2554 4226 ὀφθεὶς,
2594 4157 2750 4209 ὄκνον
2779 4157 3073 4226 ἐμποιῆσαι
3099 4158 3210 4218 τοῖς
3239 4155 3694 4224 γεννησαμένοις,

2109 4245 2323 4314 θανάτῳ
2355 4246 2444 4298 τὸν
2473 4245 2708 4297 τοιοῦτον
2741 4245 3080 4313 ἐξαφανίσαι.
3114 4239 3229 4296 Εἶθ’
3256 4244 3330 4306 ὼς
3360 4245 3700 4313 ὑπερίσχυεν

2108 4338 2142 4408 ή
2171 4336 2364 4407 ἀπειλὴ
2421 4336 2511 4388 τοῦ
2545 4338 2844 4407 τυράννου,
2905 4335 2978 4406 μὴ
3027 4334 3211 4398 ἁπλῶς
3262 4336 3555 4406 ἐρριφῆναι
3611 4338 3700 4405 τῷ

431 4425 590 4492 cujus
621 4439 774 4476 rima:
811 4422 1073 4474 bitumine
1102 4435 1165 4472 ac
1207 4421 1326 4489 pice
1353 4419 1498 4472 illita:
1530 4417 1767 4482 fuerant,
1800 4419 1874 4472 ita
1907 4419 2002 4471 llu-

2113 4427 2312 4498 ρείθρῳ
2365 4427 2455 4480 τοῦ
2501 4428 2722 4490 Νείλου,
2787 4427 2901 4480 ἀλλ’
2959 4427 3242 4479 ἐντεθέντα
3295 4425 3508 4495 κιϐωτῷ
3559 4445 3698 4490 τινι,

433 4516 566 4568 mini
596 4513 926 4583 expositum,
963 4511 1255 4580 divinaque
1302 4510 1581 4563 voluntate
1609 4524 1728 4562 eam
1762 4509 2004 4562 arculam

433 4614 656 4677 regente
697 4604 763 4658 ad
793 4601 911 4658 eam
961 4603 1131 4672 ripam
1186 4601 1364 4656 amnis
1393 4601 1695 4655 vorticibus
1741 4615 2008 4670 aquarum

431 4701 684 4770 cjectam,
726 4711 832 4766 qua
871 4696 1014 4764 regis
1057 4701 1188 4748 tunc
1219 4693 1324 4746 lilia
1354 4693 1493 4746 forte
1535 4693 1896 4760 spatiabatur.
1931 4691 2008 4745 ita

433 4807 560 4846 cum
604 4789 843 4845 infantili
884 4787 1066 4856 vagitu
1103 4802 1160 4839 se
1189 4785 1427 4854 prodens
1467 4793 1716 4852 repertus
1742 4793 1906 4847 esset,
1939 4784 2010 4837 ob

432 4881 684 4952 gratiam,
725 4893 845 4948 quae
879 4877 932 4930 in
974 4891 1041 4930 eo
1079 4875 1397 4945 apparebat,
1437 4885 1492 4928 et
1523 4875 1759 4943 speciem
1791 4889 1820 4926 a
1867 4875 2012 4943 regis

439 4974 550 5028 ﬁlia
572 4972 828 5033 dilectus,
851 4969 906 5022 in
933 4967 1100 5020 lilium
1127 4967 1226 5018 fuit
1252 4965 1564 5034 adoptatus.
1592 4963 1792 5020 Verum
1815 4972 2010 5018 natura

439 5065 676 5134 quadam
731 5061 896 5114 insita
942 5057 1296 5111 mammillam
1343 5057 1659 5127 alienigena:
1701 5057 2012 5123 fastidiens,

440 5154 673 5208 consilio
703 5150 992 5220 cujusdam
1031 5163 1098 5202 ex
1147 5146 1486 5216 propinquis,
1541 5162 1571 5200 a
1613 5149 1833 5218 pr0pria
1871 5165 2011 5203 enu-

439 5245 605 5296 tritur
636 5251 877 5312 parente.
928 5241 1063 5292 Cum
1091 5251 1218 5290 vero
1254 5237 1309 5289 in
1358 5237 1505 5305 regia
1531 5236 1876 5301 educatione,
1913 5239 2012 5292 do-

441 5335 724 5401 ctrinaque
763 5331 1008 5386 saeculari
1042 5345 1105 5383 ex
1152 5327 1376 5397 ephebis
1400 5327 1510 5395 jam
1550 5336 1695 5382 esset
1734 5344 2011 5398 egressus,

441 5425 710 5494 inglorius
742 5425 937 5493 degere
977 5422 1118 5492 apud
1156 5436 1286 5475 suos
1317 5421 1598 5485 maluisse,
1632 5436 1796 5489 quam
1829 5422 2010 5476 (ictam

445 5514 613 5579 illam,
647 5514 804 5582 cujus
835 5513 1125 5582 adoptatus
1151 5511 1206 5564 in
1238 5509 1407 5564 ﬁlium
1435 5517 1572 5575 erat,
1626 5519 1853 5569 matrem
1881 5528 2009 5584 pro-

513 5687 562 5722 “
591 5687 736 5744 Psal.
765 5701 927 5755 ωιτν,
961 5688 1009 5741 1.
1089 5688 1132 5720 ίδ
1165 5686 1334 5744 Exod.
1369 5703 1426 5752 ιι,
1453 5687 1486 5740 9.
1509 5704 1630 5760 sqq.

2114 4521 2372 4590 ἀσφάλτῳ
2395 4521 2488 4572 καὶ
2515 4521 2682 4592 πίσσῃ
2709 4520 2850 4572 κατὰ
2875 4519 2971 4581 τὰς
3002 4520 3266 4588 ἁρμονίας
3291 4518 3693 4589 διαχρισθείσῃ,

2107 4611 2248 4662 οὕτω
2267 4612 2482 4680 δοθῆναι
2507 4611 2584 4680 τῷ
2616 4611 2844 4682 ῥεύματι
2864 4611 3041 4676 (τοῦτο
3065 4611 3173 4680 γὰρ
3197 4613 3246 4662 οἱ
3277 4611 3344 4664 δι’
3373 4611 3699 4680 ἐπιμελείας

2109 4703 2176 4754 τὰ
2201 4703 2320 4755 κατ’
2366 4703 2524 4754 αὑτὸν
2578 4705 2957 4773 ἱστορήσαντες
3009 4703 3402 4772 διηγήσαντο)⁶
3452 4700 3602 4763 θείας
3633 4702 3698 4753 δέ

2109 4811 2252 4856 τινος
2280 4795 2561 4864 δυνάμεως
2605 4794 2703 4864 τὴν
2744 4793 2973 4846 κιϐωτὸν
3022 4792 3394 4863 κυϐερνώσης,
3445 4791 3536 4843 ἐπί
3570 4809 3701 4844 τινα

2111 4885 2252 4938 κατά
2279 4886 2340 4937 τὸ
2364 4886 2590 4953 πλάγιον
2613 4885 2777 4955 ὄχθην
2801 4885 3213 4955 ἑξορμισθῆναι,
3245 4883 3571 4952 αὐτομάτως
3595 4887 3703 4952 τῆς

2113 4976 2343 5029 κιϐωτοῦ
2375 4977 2492 5029 κατ’
2515 4977 2689 5028 ὲκεῖνο
2716 4977 2776 5028 τὸ
2807 4976 2969 5046 μέρος
3003 4974 3107 5028 ὑπὸ
3134 4978 3231 5044 τῆς
3260 4976 3430 5044 φορᾶς
3464 4973 3573 5025 τῶν
3595 4992 3702 5026 κυ-

2117 5069 2301 5137 μάτων
2336 5067 2796 5136 ὲκκυμανθείσης.
2843 5068 2956 5137 Τῆς
2995 5068 3051 5120 δὲ
3092 5066 3361 5136 θυγατρὸς
3395 5064 3490 5117 τοῦ
3541 5064 3703 5132 βασι-

2114 5155 2251 5217 λέως
2294 5157 2554 5226 ἐπιούσης
2588 5156 2730 5208 κατά
2760 5156 2884 5217 τοὺς
2912 5155 3183 5224 λειμῶνας
3227 5157 3325 5224 τῆς
3351 5153 3519 5223 ὄχθης
3545 5155 3700 5206 ὲκεί-

2115 5264 2233 5318 νης,
2335 5247 2523 5317 ἔτυχεν
2552 5250 2585 5318 ή
2628 5247 2856 5310 κιϐωτὸς
2892 5247 3258 5309 ἐπωκείλασα,
3295 5245 3506 5315 εὕρεμα
3535 5245 3701 5312 γενέ-

2119 5338 2239 5390 σθαι
2275 5341 2340 5408 τῇ
2387 5339 2636 5408 βασιλίδι,
2680 5338 2954 5409 βρεφικῶς
3000 5339 3275 5407 ἐμϐοήσας
3315 5340 3377 5406 τῇ
3421 5337 3700 5406 λάρνακι·

2117 5428 2298 5496 ὀφθεὶς
2343 5430 2400 5482 δὲ
2451 5431 2587 5500 μετά
2636 5431 2730 5500 τῆς
2781 5430 3200 5499 ὲπιφαινομένης
3253 5428 3400 5496 αὑτῴ
3448 5429 3700 5497 χάριτος,

2116 5519 2275 5582 εὐθὺς
2303 5520 2682 5574 οἰκειώσασθαι
2711 5521 2776 5573 δι’
2809 5522 3022 5583 εὐνοίας
3054 5521 3151 5590 τὴν
3187 5519 3453 5589 βασιλίδα,
3490 5521 3589 5572 καὶ
3622 5522 3701 5580 εἰς
