3886 6214
219 315 315 373 505

1510 321 1598 376 DE
1635 322 1794 379 VlTA
1832 323 1972 382 MOY
1984 325 2104 382 SIS.

3365 333 3470 389 508

216 431 326 486 υἱοῦ
381 430 536 496 τάξιν
574 431 968 504 ἀναληφθῆναι.
1019 434 1411 507 Ἀποστραφεὶς
1441 437 1498 490 δὲ
1546 440 1790 508 φυσικῶς

1912 443 2054 498 iteri.
2088 442 2344 514 Algyptio
2371 452 2552 500 autem
2579 444 2695 498 viro
2716 444 2772 498 in
2799 443 3147 501 Hebraeorum
3177 451 3468 520 quemdam

215 526 308 594 τὴν
339 523 634 592 ἀλλόφυλον
656 523 847 594 θηλὴν,
878 526 1094 597 ἐπινοίᾳ
1116 527 1263 590 τινὸς
1288 528 1399 580 τῶν
1436 529 1573 599 πρὸς
1603 531 1796 598 γένους

213 615 444 682 οἰκείων,
491 615 870 686 ἀνατραφῆναι
900 616 980 685 τῷ
1021 617 1262 688 μητρῴῳ
1293 619 1451 690 μαζῷ
1472 637 1485 650 ·
1539 621 1707 684 ἐκϐὰς
1737 622 1796 674 δὲ

214 707 307 775 ἤδη
340 707 441 775 τὴν
474 705 688 776 ἡλικίαν
715 706 826 758 τῶν
868 707 1075 762 παίδων
1114 709 1176 760 ἐν
1211 709 1463 781 βασιλικῇ
1492 714 1556 782 τῇ
1595 715 1795 784 τροφῇ,

215 798 303 852 καὶ
339 797 651 859 παιδευθεὶς
671 797 772 865 τὴν
798 796 998 862 ἔξωθεν
1025 799 1328 863 παίδευσιν,
1359 799 1388 852 ὁ
1416 799 1576 870 δόξης
1613 795 1795 871 ἐνομί-

213 890 328 953 ζετο
357 887 511 958 παρά
545 891 656 951 τοῖς
691 887 912 953 ἔξωθεν,
940 889 1039 960 οὐχ
1077 891 1250 943 εἵλετο
1291 890 1371 944 ἔτι
1401 891 1796 959 καταδέξασθαι

211 984 303 1052 τὴν
342 982 741 1052 σεσοφισμένην
788 982 1006 1053 ἐκείνην
1046 984 1331 1054 ὁμολογεῖν
1379 986 1611 1056 μητέρα,
1653 981 1796 1058 ᾗπερ

211 1081 286 1142 εἰς
309 1079 427 1131 υἱοῦ
464 1079 620 1143 τάξιν
669 1079 1010 1150 εἰσεποιήθη,
1042 1080 1178 1133 ἀλλὰ
1205 1080 1298 1134 ἐπὶ
1326 1081 1424 1152 τὴν
1458 1081 1600 1134 κατά
1634 1081 1797 1150 φύσιν

211 1170 521 1224 ἐπανελθεῖν
554 1170 738 1231 πάλιν,
786 1171 884 1222 καὶ
917 1173 1031 1232 τοῖς
1063 1170 1361 1240 ὁμοφύλοις
1388 1171 1798 1242 ὲγκαταμιχθῆ-

211 1278 313 1314 ναι.
363 1261 562 1330 Μάχης
593 1261 650 1313 δὲ
695 1260 970 1332 συστάσης
1022 1260 1258 1331 Ἑϐραίῳ
1304 1263 1409 1315 τινὶ
1459 1264 1596 1332 πρὸς
1627 1261 1799 1329 Αίγύ-

210 1369 381 1414 πτιον,
440 1352 800 1422 συμμαχῆσαί
837 1370 896 1405 τε
940 1352 1018 1422 τῷ
1073 1353 1278 1424 οἰκείῳ,
1331 1355 1426 1407 καὶ
1467 1355 1675 1407 ἀνελεῖν
1705 1354 1797 1407 τὸν

209 1444 519 1513 ἀλλόφυλον.
573 1439 710 1498 Εἶτα
756 1443 1187 1514 συμπλακέντων
1241 1444 1494 1516 ἀλλήλοις
1529 1445 1798 1517 Ἐϐραίων

208 1533 298 1587 δύο
311 1534 495 1599 τινῶν,
515 1535 902 1588 καταστέλλειν
919 1539 976 1588 ἐν
1001 1537 1186 1600 αὐτοῖς
1210 1536 1306 1608 τὴν
1329 1537 1658 1606 φιλονεικίαν
1680 1553 1799 1590 πει-

210 1625 425 1695 ρᾶσθαι.
449 1626 868 1695 Συμϐουλεύσας
898 1627 1079 1690 καλῶς
1108 1627 1272 1698 ἔχειν,
1308 1628 1574 1696 ἀδελφοὺς
1615 1628 1796 1691 ὁντας,

210 1716 283 1784 μὴ
315 1714 486 1784 θυμὸν
508 1715 788 1787 διαιτητὴν
820 1717 1093 1770 ποιεῖσθαι
1122 1717 1230 1770 τῶν
1261 1718 1796 1788 ἀμφισϐητημάτων,

1898 538 2162 608 impetum
2189 540 2424 594 lacicnte
2452 540 2657 603 occiso,
2689 540 2828 594 duos
2860 540 3212 598 Hebraeorum
3245 557 3472 602 conten-

1897 635 2048 688 tione
2076 643 2380 690 commotos
2411 635 2465 689 in
2497 636 2694 699 rixam,
2732 634 3034 700 admonuit,
3065 654 3175 692 non
3217 640 3292 695 ita
3335 659 3471 698 con-

1897 729 2078 795 citari,
2135 732 2230 786 sed
2274 739 2494 796 natura,
2541 747 2660 802 quae
2695 733 3097 803 propinquitate
3143 736 3292 805 ipsos
3337 753 3470 792 con-

1893 827 2101 898 junxit,
2153 829 2548 894 conciliatricc,
2598 839 2652 884 et
2708 831 2866 900 quasi
2915 831 3101 901 judice
3155 835 3472 907 arbitroque

1900 922 2101 981 fratres
2137 927 2213 980 uti
2239 935 2513 994 oportere.
2563 924 2669 981 Sed
2703 928 2771 982 ab
2800 942 2887 991 eo,
2924 929 3019 998 qui
3049 931 3297 998 proximo
3329 933 3472 998 inju-

1899 1019 2040 1072 riam
2081 1019 2359 1086 aﬂ‘erebat,
2405 1023 2656 1092 repulsus
2699 1022 2765 1076 ad
2801 1025 3320 1094 contemplationem
3372 1030 3473 1084 huc

1899 1117 2229 1171 contumelia
2276 1117 2591 1188 impellitur.
2625 1119 2921 1172 Civitatum
2961 1121 3104 1174 enim
3144 1122 3471 1176 turbationi-

1899 1211 2005 1268 bus
2028 1214 2252 1267 omnino
2280 1214 2512 1276 relictis,
2559 1229 2744 1269 secum
2779 1215 2962 1270 vivere
2992 1217 3204 1281 maluit,
3236 1215 3343 1270 filia
3378 1234 3473 1270 cu—

1895 1306 2116 1376 jusdam
2147 1308 2464 1379 alienigena:
2487 1310 2541 1364 in
2568 1326 2790 1366 uxore-tn
2820 1310 3020 1365 ducta:
3057 1312 3150 1381 qui
3182 1319 3332 1364 tanta
3357 1320 3474 1367 erat

1898 1401 1967 1456 ad
2011 1404 2390 1473 pernoscenda
2437 1406 2658 1474 ingenia
2684 1406 2964 1460 hominum
2997 1423 3288 1476 moresque
3325 1425 3474 1462 com—

1898 1499 2322 1569 prehendendos
2345 1502 2632 1572 prudentia
2656 1501 2934 1572 praeditus,
2960 1511 3020 1556 ut
3044 1504 3202 1559 unica
3227 1519 3284 1558 re
3301 1513 3474 1574 gesta,

1898 1610 2060 1664 quam
2084 1595 2300 1667 Moyses
2327 1597 2592 1652 adversus
2622 1605 2902 1666 pastorum
2934 1598 3044 1653 vim
3070 1614 3266 1671 magno
3293 1601 3478 1654 animo

1901 1688 2128 1754 fecerat,
2181 1692 2546 1748 adolescentis
2595 1693 2854 1748 virtutem
2907 1695 3276 1764 conspexerit,
3330 1695 3476 1764 quod

207 1807 340 1860 ἀλλά
362 1809 464 1878 τὴν
492 1808 675 1876 φύσιν.
714 1809 1016 1872 Ἀπωσθεὶς
1040 1809 1097 1862 δὲ
1122 1810 1274 1880 παρά
1293 1808 1391 1862 τοῦ
1420 1809 1555 1880 πρὸς
1582 1809 1797 1862 ἀδικίαν
1834 1805 1875 1860 Β
1902 1803 2010 1842 ⁸⁸οη
2036 1791 2261 1859 Ρτορνίο
2291 1791 2445 1846 lucro
2478 1799 2572 1846 θυι
2599 1792 2757 1847 ¹³υδθ
2781 1801 3110 1858 οοεηῐηθιυει
3136 1809 3236 1863 Dm
3256 1794 3473 1862 ,ίυείίιίίλ

209 1899 516 1970 βλέποντος,
579 1901 836 1972 ἀφορμὴν
883 1901 984 1971 τῆς
1039 1902 1287 1972 μείζονος
1335 1901 1651 1971 φιλοσοφίας
1701 1900 1800 1972 τὴν

206 1990 428 2058 ἀτιμίαν
448 1989 651 2059 ταύτην
669 1990 1031 2060 ποιήσασθαι·
1061 1991 1270 2062 καὶτῆς
1293 1991 1430 2062 μετὰ
1451 1990 1560 2044 τῶν
1589 1990 1800 2044 πολλῶν

208 2079 581 2150 σ’νδιαγωγῆς
602 2081 790 2151 πόρρω
808 2081 1119 2149 γενόμενος,
1147 2082 1443 2152 ἰδιάσαιτῷ
1467 2082 1604 2152 μετά
1626 2081 1800 2135 ταῦτα

208 2172 326 2242 βίῳ,
355 2173 625 2240 κηδεύσας
667 2174 774 2226 τινὶ
804 2173 913 2226 τῶν
944 2173 1284 2243 ἀλλοφύλων,
1322 2175 1479 2244 ἀνδρὶ
1507 2173 1800 2245 διορατικῷ

205 2263 298 2316 τοῦ
330 2263 619 2333 βελτίονος,
645 2264 740 2316 καὶ
776 2263 982 2334 κρίνειν
1007 2263 1114 2333 ῆθη
1147 2281 1208 2316 τε
1234 2264 1327 2318 καὶ
1365 2264 1476 2334 βίον
1497 2262 1801 2334 ἀνθρώπων

203 2355 622 2424 ἐπεσκεμμένῳ,
651 2355 711 2418 ὃς
743 2355 831 2408 διὰ
853 2357 984 2426 μιᾶς
1009 2356 1280 2427 πράξεως,
1295 2356 1440 2424 λέγω
1459 2356 1523 2426 δὴ
1544 2357 1642 2426 τῆς
1660 2354 1803 2409 κατά

200 2445 315 2497 τῶν
349 2447 628 2516 ποιμένων
674 2448 872 2518 ὁρμῆς,
921 2449 1108 2502 ἐνιδὼν
1146 2447 1240 2502 τοῦ
1284 2447 1406 2501 νέου
1446 2451 1545 2515 τὴν
1578 2447 1802 2518 ἀρετὴν,

199 2541 353 2603 ὅπως
381 2541 444 2592 οὐ
497 2541 633 2610 πρὸς
681 2543 879 2596 οἰκεῖον
931 2543 1149 2614 βλέπων
1195 2542 1409 2612 κέρδος,
1460 2540 1554 2593 τοῦ
1595 2540 1803 2592 δικαίου

1905 1888 2255 1956 pugnaverit,
2309 1888 2402 1943 sed
2436 1887 2649 1957 justum
2697 1889 2877 1959 ipsum
2925 1905 3022 1960 per
3053 1906 3136 1954 se,
3168 1906 3233 1947 ac
3280 1903 3478 1947 natura

1901 1998 2002 2038 sua
2037 1983 2325 2040 honestum
2352 1984 2629 2054 judicans,
2683 1997 2932 2056 pastores
2971 1987 3065 2058 qui
3092 1988 3230 2042 nihil
3277 1990 3331 2043 in
3391 2008 3480 2047 se-

1904 2077 2089 2147 ipsum
2124 2088 2440 2148 peccarunt,
2495 2082 2804 2151 castigavit,
2864 2098 3164 2153 eorumque
3219 2085 3478 2154 injuriam

1903 2167 2118 2240 repulit.
2173 2168 2522 2242 Quapropter
2570 2173 2830 2228 virtutem
2880 2175 3101 2244 juvenis
3151 2178 3478 2244 admiratus,

1906 2264 2589 2336 etpracstantioremipsam
2619 2265 2849 2321 aliorum
2881 2265 3088 2323 divitiis
3133 2269 3479 2335 existimans,

1911 2353 2078 2408 filiam
2117 2357 2169 2408 ei
2211 2347 2438 2408 tradidit
2466 2355 2522 2410 in
2543 2373 2799 2422 uxorem,
2847 2357 3275 2430 facultatemque
3330 2362 3483 2427 fecit,

1913 2451 1972 2498 ut
2015 2445 2133 2515 ipse
2175 2462 2560 2519 quamcunque
2604 2451 2816 2506 vivendi
2866 2451 3132 2506 rationem
3173 2453 3354 2516 vellet,
3384 2453 3486 2509 eli-

1909 2545 2081 2609 geret.

199 2627 658 2698 ὑπερεμάχησεν,
708 2629 824 2682 ἀλλ’
859 2631 992 2684 αὐτὸ
1032 2631 1094 2684 τὸ
1131 2629 1341 2684 δίκαιον
1371 2629 1550 2699 τίμιον
1582 2630 1648 2698 τῇ
1687 2627 1793 2697 ἰδίᾳ
1831 2624 1990 2695 φύσει
2035 2627 2256 2698 κρίνων,
2299 2629 2396 2700 τὴν
2424 2628 2640 2684 ἀδικίαν
2671 2633 2782 2686 τῶν
2819 2639 3090 2704 ποιμένων
3115 2634 3338 2688 ἐκόλασε
3376 2633 3487 2686 τῶν

199 2721 288 2781 είς
339 2721 546 2774 ἐκεῖνον
595 2720 1144 2792 πεπλημμεληκότων
1196 2721 1378 2785 οὐδὲν,
1427 2718 1688 2788 ἀγασθεὶς
1748 2718 1842 2771 ἐπὶ
1903 2717 2115 2782 τούτοις
2167 2720 2258 2773 τὸν
2301 2720 2456 2785 νέον,
2509 2723 2604 2777 καὶ
2654 2723 2749 2778 τοῦ
2799 2726 3200 2781 πολυταλάντου
3255 2727 3486 2780 πλούτου

201 2813 535 2885 τιμιωτέραν
567 2812 732 2867 αὐτοῦ
762 2815 859 2886 τὴν
884 2817 1083 2886 ἀρετὴν
1111 2818 1170 2868 ὲν
1205 2819 1271 2886 τῇ
1303 2816 1604 2886 φαινομένῃ
1636 2813 1798 2885 πενίᾳ.
1836 2813 2046 2886 κρίνας,
2083 2815 2441 2886 συνοικίζεται
2473 2818 2620 2889 αὐτῷ
2643 2820 2742 2891 τὴν
2779 2822 3076 2894 θυγατέρα,
3117 2823 3212 2876 καὶ
3249 2822 3368 2876 κατ’
3402 2823 3492 2890 ἐξῆ

200 2903 395 2956 ..ιυσίαν
427 2905 597 2972 ἐφῆκε
631 2904 724 2957 τὸν
756 2905 1092 2976 καταθύμιον
1135 2906 1376 2977 μετιέναι
1412 2906 1547 2976 βίον.

278 2995 374 3064 Τῷ
414 2997 470 3049 δὲ
508 2993 577 3050 ἦν
605 2996 782 3068 ὁρειός
828 3014 888 3050 τε
937 2998 1031 3051 καὶ
1062 2997 1340 3060 ἰδιάζουσα
1373 2999 1406 3068 ἡ
1437 2996 1572 3066 ζωὴ,
1622 2994 1802 3060 πάσης

1975 2988 2045 3042 At
2099 2989 2192 3044 ille
2247 2999 2558 3046 montanam
2614 3008 2678 3047 ac
2707 2995 3006 3049 solitariam
3053 2998 3236 3068 elegit,
3280 3001 3370 3055 ubi
3421 3001 3491 3056 ab

197 3089 472 3158 ἀγοραίου
499 3088 707 3159 τύρϐης
751 3089 1168 3161 ἀπηλλαγμένη,
1204 3091 1260 3142 έν
1289 3091 1354 3160 τῇ
1385 3087 1492 3142 τῶν
1528 3085 1807 3158 προϐάτων

1914 3081 2064 3134 omni
2093 3082 2529 3140 circumforanea
2559 3085 2720 3138 turba
2752 3095 3014 3149 remotus,
3056 3089 3109 3141 in
3145 3090 3326 3142 ovium
3359 3107 3492 3145 cura

203 3177 506 3248 ἐπιμελείᾳ
538 3177 792 3248 κατάτὴν
823 3178 1028 3250 ἔρημον
1063 3179 1334 3242 ἰδιάζοντι.
1368 3177 1575 3249 Χρόνου
1608 3176 1666 3228 δὲ
1696 3175 1807 3228 δια-

1916 3173 2019 3228 sibi
2062 3173 2118 3227 in
2145 3173 2363 3229 deserto
2398 3177 2731 3231 attendebat.
2771 3177 2891 3243 Quo
2917 3179 2972 3233 in
2999 3195 3194 3250 genere
3225 3183 3346 3237 vita:
3381 3199 3488 3238 non

201 3268 492 3338 γεγονότος
514 3270 570 3320 ὲν
597 3268 676 3338 τῷ
698 3271 925 3340 τοιούτῳ
957 3272 1056 3341 τῆς
1087 3270 1234 3342 ζωῆς
1254 3271 1404 3333 εῖδει,
1425 3271 1587 3340 φησὶν
1615 3271 1648 3341 ἡ
1678 3271 1807 3322 ἰστο-

1916 3280 2084 3336 parvo
2131 3275 2405 3322 transacto
2443 3271 2705 3334 temporis
2748 3271 2946 3339 spatio,
3003 3273 3307 3328 mirabilem
3359 3275 3496 3332 dicit

209 3360 332 3428 ρία,
365 3360 603 3428 φοϐερὰν
631 3360 885 3428 γενέσθαι
927 3361 1074 3432 αὐτῷ
1104 3362 1442 3430 θεοφάνειαν,
1472 3365 1530 3414 ὲν
1570 3360 1807 3430 στσιθηρξρ⁴

1917 3355 2148 3410 historia
2199 3357 2377 3426 ipsum
2408 3356 2614 3412 vidisse
2658 3358 2950 3414 visionem.
3005 3358 3063 3412 In
3111 3360 3292 3414 medio
3344 3363 3491 3417 enim

209 3451 562 3522 μεσημϐρίᾳ,
610 3453 788 3520 φωτὸς
833 3454 1022 3524 ἐτέρου
1062 3454 1204 3524 ὑπὲρ
1233 3453 1294 3506 τὸ
1323 3453 1546 3522 ἡλιακὸν
1573 3451 1687 3521 φῶς
1718 3450 1807 3514 τὰς

1917 3451 2176 3519 claroque
2226 3449 2316 3504 die
2347 3448 2451 3502 alia
2496 3450 2866 3518 prmstantior,
2918 3467 3082 3521 quam
3131 3452 3328 3507 solaris
3377 3454 3491 3517 lux,

204 3541 366 3610 ὄψεις
396 3543 923 3614 περιαστράψαντος.
959 3545 1062 3596 Τὸν
1104 3545 1160 3597 δὲ
1202 3544 1513 3611 ξενισθέντα
1547 3543 1628 3614 τῷ
1659 3541 1807 3614 ἀήθει

1917 3540 2066 3595 circa
2093 3542 2283 3596 oculos
2310 3541 2429 3611 ejus
2454 3540 2680 3596 elIulsit.
2715 3542 2891 3612 Cujus
2921 3543 2997 3597 rei
3029 3544 3321 3597 insolentia
3365 3560 3493 3598 cum

206 3634 312 3704 τῆς
330 3632 480 3695 θέας,
498 3635 800 3701 ἀναϐλέψαι
822 3652 880 3687 τε
905 3635 1042 3706 πρὸς
1063 3637 1124 3688 τὸ
1144 3636 1291 3707 ὅρος,
1314 3637 1408 3690 καί¹
1436 3637 1563 3689 ἰδεῖν
1592 3635 1814 3704 θάμνον,

207 3726 308 3794 ἀφ’
342 3721 402 3780 οὗ
431 3727 730 3798 πυροειδῶς
755 3729 816 3781 τὸ
845 3729 1048 3798 φέγγος
1076 3729 1361 3802 ἐξήπτετο,
1381 3730 1489 3783 τῶν
1513 3729 1570 3782 δὲ
1606 3728 1818 3782 κλάδων

207 3818 311 3873 τοῦ
346 3818 555 3888 θάμνου
585 3819 836 3892 καθάπερ
873 3825 931 3875 έν
964 3823 1140 3892 δρόσῳ
1185 3825 1252 3893 τῇ
1286 3822 1447 3890 φλογὶ
1482 3821 1820 3876 συναναθαλ-

208 3908 443 3971 λόντων,
473 3912 650 3964 εἰπεῖν
669 3912 845 3966 ταῦτα
867 3914 936 3965 τὰ
958 3915 1180 3984 ῥήματα
1205 3914 1342 3984 πρὸς
1367 3914 1558 3966 ἑαυτὸν
1585 3915 1813 3977 ἐκεῖνον,

207 4003 298 4054 ὅτι
335 4001 778 4073 «Δωϐἀςὸψομαι
801 4005 862 4058 τὸ
888 4005 1030 4075 μέγα
1062 4006 1245 4076 ὅραμα
1269 4005 1718 4064 τοῦτο.ιΕἱπόντα
1733 4004 1812 4069 δὲ,

212 4090 424 4162 μηκέτι
472 4092 654 4161 μόνοις
698 4097 810 4157 τοῖς
856 4094 1156 4164 ὀφθαλμοῖς
1185 4095 1245 4148 τὸ
1291 4094 1478 4165 θαῦμα
1497 4093 1592 4148 τοῦ
1639 4095 1816 4164 φωτὸς

208 4181 516 4244 δέξασθαι·
550 4183 664 4236 ἀλλ’
693 4184 722 4237 ὃ
751 4185 969 4238 πάντων
998 4186 1116 4238 ἐστί
1142 4184 1600 4255 παραδοξότατον,
1633 4185 1693 4238 τὸ
1719 4185 1815 4238 καὶ

210 4272 320 4341 τὴν
350 4273 523 4342 ἀκοὴν
558 4275 677 4334 ταῖς
724 4275 908 4327 ἀκτῖσι
967 4274 1062 4327 τοῦ
1103 4275 1341 4343 φέγγους
1391 4274 1811 4346 ὲναυγασθῆναι.

212 4363 372 4435 Πρὸς
402 4363 516 4435 γὰρ
558 4365 878 4436 ἀμφοτέρας
904 4367 1002 4428 τὰς
1024 4366 1303 4436 αἰσθήσεις
1326 4368 1359 4437 ἡ
1390 4364 1485 4418 τοῦ
1512 4365 1688 4433 φωτὸς
1717 4382 1812 4436 με-

213 4455 480 4524 ρισθεῖσα
507 4458 687 4528 χάρις,
709 4459 809 4522 τὰς
842 4458 939 4528 μὲν
970 4458 1123 4526 ὄψεις
1151 4461 1271 4521 ταῖς
1293 4457 1403 4510 τῶν
1431 4457 1667 4511 ἀκτίνων
1691 4474 1826 4528 μαρ-

216 4550 510 4617 μαρυγαῖς
538 4548 900 4620 περιηύγαζε,
941 4549 1043 4620 τὴν
1078 4538 1134 4602 δὲ
1171 4548 1342 4620 ἀκοὴν
1377 4551 1490 4612 τοῖς
1524 4548 1825 4619 ἀκηράτοις

211 4639 497 4709 δόγμασιν
548 4641 930 4709 ὲφωταγὼγει.
1000 4640 1214 4694 Κωλύει
1263 4640 1392 4709 γοῦν
1441 4641 1475 4710 ἡ
1507 4639 1598 4692 τοῦ
1647 4639 1826 4709 φωτὸς

211 4732 441 4784 ἐκείνου
496 4732 648 4802 φωνὴ
685 4733 992 4803 προσϐῆναι
1035 4732 1113 4803 τῷ
1149 4732 1265 4804 ὄρει
1305 4732 1395 4785 τὸν
1423 4731 1684 4794 Μωῡσέα,
1710 4734 1826 4794 τοῖς

211 4826 447 4894 νεκροῖς
482 4824 793 4895 ὑποδήμασι
819 4826 1214 4897 βεϐαρημένον,
1247 4826 1359 4880 ἀλλ’
1389 4825 1695 4879 ἐκλύσαντα
1716 4824 1827 4877 τῶν

214 4915 407 4968 ποδῶν
457 4915 520 4968 τὸ
572 4917 846 4987 ὑπόδημα,
893 4918 1036 4972 οὕτω
1063 4919 1166 4990 τῆς
1208 4918 1312 4989 γῆς
1355 4917 1548 4987 ψαύειν
1586 4917 1822 4987 ἐκείνης,

214 5010 326 5078 ὅση
363 5006 448 5076 τῷ
477 5007 608 5078 θείῳ
642 5011 782 5077 φωτὶ
825 5012 1225 5082 κατελάμπετο.
1282 5013 1405 5065 Ἐπὶ
1450 5010 1662 5075 τούτοις
1697 5011 1824 5081 (χρὴ

214 5101 339 5173 γὰρ
375 5097 536 5171 οἶμαι
575 5103 649 5171 μὴ
681 5103 802 5157 λίαν
833 5105 1193 5175 ὲμῦραδύνειν
1235 5107 1300 5176 τῇ
1337 5104 1467 5176 ψιλῇ
1504 5103 1602 5158 τοῦ
1633 5104 1824 5174 ἀνδρὸς

1918 3637 2250 3702 respexisset
2281 3633 2348 3687 ad
2377 3644 2638 3698 montem,
2669 3634 2956 3687 arbustum
2991 3634 3192 3688 ardens
3229 3635 3496 3690 scribitur

1918 3727 2225 3794 aspexisse:
2249 3725 2406 3793 cujus
2433 3725 2568 3777 rami
2594 3740 2716 3778 cum
2747 3723 3022 3786 arderent.
3044 3725 3202 3795 quasi
3232 3727 3494 3780 continua

1917 3817 2240 3887 irrigatione
2286 3817 2651 3882 virescebant,
2706 3817 3146 3888 admiratumque
3175 3834 3364 3874 secum
3411 3820 3496 3872 di-

1917 3909 2094 3964 xisse:
2129 3932 2144 3960 ι
2160 3908 2363 3963 Vadam
2387 3922 2441 3964 et
2461 3910 2655 3964 videbo
2670 3911 2937 3966 visionem
2961 3911 3100 3966 hanc
3121 3927 3369 3981 magnam
3391 3911 3488 3975 “,i

1918 4016 1987 4055 ne
2014 4000 2267 4056 videlicet
2297 4002 2490 4057 oculos
2516 4003 2716 4067 solum,
2746 4003 3104 4057 verumetiam
3136 4004 3300 4073 (quod
3328 4003 3495 4058 mira—

1916 4093 2082 4148 bilius
2131 4095 2234 4159 est)
2275 4094 2522 4147 auditum
2563 4093 2728 4148 radiis
2774 4094 2896 4163 ejus
2948 4095 3086 4149 lucis
3139 4096 3494 4150 illuminaret.

1915 4183 2126 4239 Natura
2168 4185 2314 4239 enim
2349 4186 2498 4240 illius
2532 4185 2692 4252 lucis,
2730 4186 2897 4240 veluti
2925 4187 2982 4240 in
3013 4187 3248 4241 duorum
3283 4187 3496 4257 objecta

1920 4289 2182 4330 sensuum
2233 4274 2432 4339 divisa,
2477 4287 2536 4330 ut
2567 4275 2622 4330 in
2672 4278 2865 4330 oculos
2896 4277 3188 4346 splendore
3219 4277 3497 4332 radiorum

1927 4364 2186 4436 fulgebat,
2213 4366 2294 4421 sic
2313 4367 2716 4421 immortalibus
2739 4367 2984 4421 auditum
3007 4368 3352 4438 dogmatibus
3376 4369 3498 4422 illu-

1926 4458 2153 4513 strabat.
2203 4458 2385 4520 Vetuit
2437 4459 2603 4528 igitur
2655 4459 2794 4512 lucis
2833 4458 2978 4513 illius
3022 4475 3120 4512 vox
3161 4460 3226 4513 ad
3262 4471 3496 4514 montem

1925 4559 2265 4605 mortuorum
2297 4551 2606 4605 calceorum
2647 4550 2885 4620 pondere
2931 4565 3180 4619 pressum
3215 4549 3495 4614 accedere,

1927 4642 2174 4711 solvereq
2185 4657 2250 4696 ue
2266 4642 2433 4710 jussit
2460 4642 2854 4706 calceamenta,
2875 4656 2938 4696 ac
2959 4643 3177 4695 demum
3203 4641 3348 4696 nudo
3366 4643 3501 4710 pede

1925 4742 2130 4788 terram
2181 4734 2328 4787 illam
2364 4732 2654 4803 attingere,
2706 4747 2826 4802 quae
2871 4733 3056 4786 divina
3098 4733 3220 4786 luce
3258 4733 3501 4801 resplen-

1925 4826 2108 4880 debat.
2155 4825 2356 4879 Deinde
2391 4839 2461 4878 ne
2509 4824 2722 4894 longior
2761 4825 2816 4877 in
2851 4823 3080 4879 historia
3114 4823 3238 4886 sim,
3287 4831 3340 4877 et
3377 4831 3434 4876 ut
3469 4838 3500 4874 a

1927 4915 2208 4987 prOposito
2235 4930 2345 4968 non
2375 4913 2674 4976 discedam,
2716 4914 2817 4966 hac
2846 4913 3060 4966 visione
3089 4911 3497 4970 corroboratus.

1926 5007 1994 5062 ab
2048 4993 2428 5077 EgyptiOrum
2479 5003 2740 5059 servitute
2799 5018 2930 5057 suos
2983 5003 3218 5056 liberare
3249 5000 3497 5068 jubetur.

1927 5099 2032 5154 Sed
2063 5106 2122 5152 ut
2149 5097 2404 5158 disceret,
2424 5103 2626 5165 quanta
2655 5094 2913 5148 divinitus
2938 5093 3106 5147 virtus
3136 5091 3238 5146 sibi
3270 5101 3499 5160 praesta-

1845 4322 1892 4378 D

217 5193 486 5262 ἱστορία,
526 5197 642 5257 τοῖς
680 5194 888 5263 λόγοις,
930 5197 1006 5260 ὡς
1055 5196 1121 5252 ἂν
1165 5198 1262 5250 καὶ
1304 5196 1414 5249 τῶν
1447 5194 1823 5265 προκειμένων

217 5281 464 5353 ἑχοιντο)
476 5283 816 5353 δυναμωθεὶς
831 5287 899 5354 τῇ
920 5284 1148 5357 ὀφθείσῃ
1164 5284 1469 5355 θεοφανείᾳ,
1487 5283 1751 5355 ῥύσασθαι
1764 5283 1825 5335 τὸ

219 5371 509 5440 ὁμόφυλον
540 5373 638 5443 τῆς
665 5373 910 5437 δουλείας
930 5374 1037 5427 τῶν
1067 5374 1379 5442 Αἰγυπτίων
1403 5373 1820 5445 προστάσσεται.

221 5465 347 5517 Καὶ
364 5464 442 5524 ὡς
468 5464 534 5516 ἂν
556 5464 794 5533 μάλιστα
827 5465 988 5537 μάθοι
1017 5465 1116 5537 τὴν
1147 5465 1502 5536 ἐγγινομένην
1527 5464 1675 5534 αὐτῷ
1707 5463 1824 5516 θεό-

223 5555 330 5611 θεν
358 5558 535 5626 ἰσχὺν,
563 5560 629 5611 ἐκ
667 5558 777 5610 τῶν
828 5560 887 5612 ἐν
917 5559 1071 5630 χερσὶ
1098 5561 1330 5613 ποιεῖται
1357 5557 1454 5630 τὴν
1475 5560 1668 5630 πεῖραν
1696 5556 1823 5628 θείῳ

341 5736 362 5767 ⁸
390 5735 560 5790 Exod.
608 5751 692 5802 ut,
733 5737 790 5795 ’5.

1925 5199 2096 5254 retur,
2130 5189 2203 5243 ita
2238 5187 2348 5242 Deo
2371 5187 2616 5254 jubente,
2647 5186 2769 5240 istis
2797 5200 2917 5253 quae
2949 5192 3104 5238 erant
3134 5183 3187 5237 in
3220 5197 3379 5235 manu
3409 5196 3500 5250 pe-

1929 5283 2159 5339 riculum
2194 5282 2340 5336 fecit.
2385 5280 2515 5333 Erat
2538 5279 2642 5334 hoc
2669 5287 2846 5332 autem
2873 5275 3175 5346 ejusmodi:
3196 5273 3357 5344 Virga
3385 5286 3502 5326 ma-

1926 5390 2000 5430 nu
2033 5375 2087 5428 in
2114 5385 2313 5428 terram
2350 5370 2590 5441 projecta
2624 5369 2787 5422 vitam
2825 5367 3052 5436 accipit,
3098 5365 3262 5434 inque
3300 5361 3502 5416 animal

1924 5465 2176 5519 vertitur.
2216 5461 2454 5517 Colubra
2496 5459 2550 5513 id
2583 5466 2699 5513 erat
2727 5457 2960 5522 animal;
2995 5468 3298 5522 rursusque
3336 5465 3502 5504 manu

1925 5561 2164 5625 recepta,
2189 5561 2249 5608 ut
2280 5552 2428 5622 virga
2458 5553 2606 5620 prius
2637 5556 2753 5606 erat
2782 5547 2963 5604 subito
2997 5546 3136 5601 facta
3172 5552 3273 5601 est.
3310 5541 3504 5597 Manus
