3844 6222
414 311 526 366 507

1663 308 1720 363 S.
1754 303 2082 364 GREGORH
2120 298 2413 357 NYSSENI

3573 291 3686 350 503

416 440 632 498 quoque
658 425 713 479 in
735 425 855 480 sinu
878 429 1179 491 recondita,
1217 427 1272 480 in
1303 427 1445 480 nivis
1474 425 1766 480 candorem
1800 426 1988 478 immu-

2099 421 2501 492 προστάγματι.
2537 414 2600 469 Ἥ
2631 416 2688 468 δὲ
2729 417 2893 484 πεῖρα
2916 409 2984 485 ἦν
3033 414 3172 484 αὕτη
3193 430 3210 446 ο
3236 406 3472 472 Ῥάϐδος
3512 413 3680 464 ἐκπε-

415 526 580 577 tatnr,
614 525 668 572 et
701 517 898 572 iterum
930 518 984 570 in
1017 519 1266 573 eumdem
1301 519 1482 572 sinum
1511 517 1754 572 immissa
1785 517 1840 570 in
1877 516 1993 586 pri-

414 609 616 664 stinam
653 608 814 662 rediit
849 616 1122 662 naturam.
1163 607 1532 664 Descendente
1569 615 1748 663 autem
1782 608 1902 677 ipso
1938 609 1992 661 in

415 699 734 771 Egyptum,
770 699 1182 770 adducenteque
1229 715 1413 755 secum
1460 715 1687 754 uxorem
1731 699 1992 768 alienige-

412 808 562 855 nam,
596 798 650 845 et
689 791 890 846 liberos
929 791 1031 846 sibi
1074 791 1144 846 ab
1175 807 1238 846 ea
1283 800 1470 852 natos,
1513 791 1738 860 angelus
1775 791 1992 844 obviam

413 883 591 938 factus
626 884 874 939 timorem
908 884 1102 938 mortis
1136 883 1385 938 intulisse
1419 881 1629 937 fertur:
1666 897 1826 952 quem
1865 897 1992 934 mu-

411 974 514 1029 lier
563 974 1001 1029 circumcisionis
1053 973 1148 1027 ﬁlii
1205 973 1469 1044 sanguine
1522 972 1680 1027 facile
1735 972 1990 1042 placavit.

413 1063 568 1118 Tunc
603 1066 784 1119 Aaron
825 1080 1042 1134 quoque
1083 1064 1251 1118 frater
1287 1063 1406 1132 ejus
1452 1063 1712 1117 divinitus
1753 1064 1992 1117 monitus

411 1157 627 1211 obviam
657 1158 878 1228 prodiit,
899 1166 954 1211 et
973 1157 1128 1226 paulo
1157 1164 1280 1226 post
1302 1156 1355 1208 in
1378 1155 1697 1210 concionem
1730 1155 1798 1209 ab
1826 1155 1992 1210 utris-

412 1263 520 1317 que
563 1250 796 1316 populus
855 1246 1144 1318 IEgyptius
1189 1255 1551 1312 convocatur,
1604 1246 1830 1301 libertas
1876 1254 1989 1299 tam

411 1336 684 1392 laboriosa
718 1339 979 1393 servitute
1011 1339 1288 1408 oppressis
1319 1339 1658 1408 proponitur.
1699 1337 1833 1392 Cum
1871 1339 1991 1408 ipso

410 1444 628 1499 quoque
648 1436 878 1500 tyranno
895 1431 994 1484 hac
1008 1430 1076 1486 de
1090 1447 1148 1485 re
1169 1431 1486 1500 loquuntur.
1499 1430 1748 1487 Irritatus
1765 1432 1854 1486 ille
1871 1447 1990 1485 ma-

409 1521 495 1588 gis
527 1536 688 1590 qnam
723 1528 869 1585 ante,
904 1537 1028 1576 cum
1068 1524 1121 1579 in
1155 1539 1251 1579 eos
1287 1525 1379 1594 qui
1413 1533 1682 1594 praeerant
1711 1526 1987 1594 operibus,

411 1619 527 1664 tum
553 1613 605 1665 in
629 1613 777 1682 ipsos
799 1611 1090 1679 lsraelitas,
1109 1623 1269 1685 auget
1293 1615 1346 1669 in
1367 1616 1650 1686 portandis
1671 1617 1989 1673 imbricibus

409 1704 1220 1774 pensum,imperatduriora,ut
1238 1722 1344 1760 non
1363 1709 1537 1763 solum
1557 1708 1689 1768 luto,
1705 1707 1798 1762 sed
1819 1708 1989 1777 paleis

410 1794 739 1864 stipulisque
759 1797 1077 1865 colligendis
1099 1797 1280 1852 amicti
1302 1797 1470 1854 Judaei
1493 1801 1901 1856 contabescant.
1919 1803 1990 1856 At

409 1900 539 1940 vero
554 1885 768 1941 Pharao
791 1886 864 1958 (id
887 1889 1030 1942 enim
1059 1905 1258 1944 nomen
1291 1899 1409 1945 erat
1429 1891 1682 1962 tyranno)
1726 1893 1988 1950 divinitus

411 1977 572 2033 factis
591 1979 869 2034 miraculis
890 1994 955 2034 ac
982 1980 1153 2048 signis
1171 1982 1424 2036 resistere
1445 1984 1765 2049 conabatur,
1795 1985 1861 2039 ad
1886 1986 1988 2041 hoc

409 2083 693 2139 magorum
725 2086 860 2126 usus
887 2071 1198 2142 praestigiis.
1230 2071 1524 2144 Postquam
1553 2082 1734 2129 autem
1766 2076 1818 2128 in
1851 2091 1989 2144 prae-

411 2160 586 2215 sentia
617 2156 994 2232 IEgyptiorum
1021 2164 1232 2234 virgam
1254 2179 1410 2217 suam
1439 2164 1494 2218 in
1527 2174 1832 2235 serpentem
1866 2169 1988 2220 ani-

411 2257 618 2304 masset
643 2249 876 2320 Moyses,
909 2250 1051 2305 idem
1077 2266 1297 2322 quoque
1330 2253 1522 2308 suisin
1547 2255 1713 2324 virgis
1737 2271 1796 2311 se
1822 2255 1990 2310 factu-

409 2356 504 2396 ros
531 2342 916 2397 existimabant
945 2341 1105 2414 Magi.
1137 2341 1242 2397 Sed
1274 2342 1542 2399 fallaciam
1573 2344 1862 2402 efﬁcacitas
1897 2363 1986 2404 re-

407 2435 643 2504 darguit,
660 2435 788 2488 dum
816 2449 1039 2504 serpens
1058 2449 1124 2488 ex
1143 2433 1344 2505 Moysis
1363 2434 1514 2504 virga
1535 2450 1854 2500 conversus,
1871 2453 1988 2492 ma-

407 2526 526 2597 gica
562 2527 726 2596 ligna,
760 2535 1038 2595 serpentes
1075 2525 1285 2580 scilicet
1318 2527 1672 2591 comedendo,
1705 2529 1906 2582 nullam
1930 2531 1984 2583 in

405 2619 529 2673 aliis
549 2634 670 2673 esse
692 2619 800 2672 vim
818 2617 885 2670 ad
921 2617 1340 2686 propulsandam
1380 2617 1659 2686 injuriam,
1690 2626 1784 2672 aut
1815 2620 1981 2674 vitam

400 2708 636 2766 dandam
657 2707 915 2771 ostendit,
936 2712 1132 2776 praeter
1147 2707 1380 2776 speciem
1402 2722 1561 2776 quam
1581 2709 1754 2763 oculis
1769 2725 1978 2764 eorum.

402 2802 497 2870 qui
528 2800 686 2855 facile
711 2799 886 2869 decipi
909 2807 1180 2868 poterant,
1214 2799 1497 2869 praastigia:
1524 2798 1800 2869 Magorum
1827 2803 1984 2856 exhi-

403 2894 650 2948 buerant.
679 2892 833 2946 Tune
856 2892 1257 2946 consentientes
1287 2899 1519 2962 tyranno
1547 2891 1833 2962 Egyptios
1867 2909 1985 2946 om-

402 2997 501 3035 nes
525 2996 648 3034 cum
679 2979 908 3035 vidisset
937 2979 1170 3050 Moyses,
1203 2981 1256 3032 in
1289 2982 1598 3036 universam
1632 2997 1818 3036 eorum
1849 2999 1983 3053 gen-

403 3079 544 3134 tem,
586 3072 801 3126 nemine
849 3071 1073 3124 omnino
1105 3082 1366 3141 excepto,
1416 3073 1774 3128 intolerabilia
1820 3075 1984 3130 infert

403 3165 650 3218 vulnera.
683 3162 1182 3217 Commovebantur
1203 3163 1556 3232 autemjussu
1579 3165 1698 3233 ejus
1728 3166 1794 3220 ad
1840 3167 1985 3222 hunc

403 3258 458 3310 in
490 3253 776 3325 Egyptios
799 3254 1082 3322 impetum,
1108 3261 1365 3324 tanquam
1399 3257 1673 3311 exercitus
1701 3259 1982 3325 obediens,

403 3347 668 3402 elementa
699 3345 836 3414 ipsa,
863 3358 984 3413 quae
1015 3345 1068 3397 in
1101 3344 1202 3397 hoc
1227 3345 1482 3398 universo
1497 3357 1816 3412 cernuntur,
1838 3359 1982 3404 terra

403 3437 634 3496 scilicet,
666 3434 829 3505 ignis,
861 3450 975 3496 aer,
1007 3449 1170 3504 aqua,
1216 3436 1281 3489 ad
1320 3437 1600 3492 hominum
1645 3443 1979 3509 propositum

403 3528 647 3582 actiones
680 3540 808 3580 suas
843 3527 1270 3579 commutabant.

2096 510 2264 563 σοῦσα
2289 510 2390 578 τῆς
2414 508 2612 578 χειρὸς,
2656 505 2929 576 ἑψυχὼθη.
2967 506 3062 558 καὶ
3090 505 3228 568 ζῶον
3269 503 3487 571 ἐγένετο
3532 501 3682 569 (δρά-

2094 619 2205 656 κων
2241 602 2300 656 δὲ
2325 603 2386 655 τὸ
2415 600 2552 663 ζῶον
2589 597 2680 672 ἦν)
2703 617 2720 634 ⁶
2754 602 2847 654 καὶ
2884 598 3046 654 πάλιν
3071 597 3177 649 ὑπὸ
3212 595 3313 666 τῆς
3341 593 3524 664 χειρὸς
3550 594 3682 646 ἀνα-

2091 695 2374 766 ληφθείσα,
2400 695 2536 764 ὅπερ
2560 689 2628 766 ἦν
2666 693 2774 765 πρὸ
2831 693 2930 762 τῆς
2974 689 3311 761 θηριώσεως,
3344 689 3523 740 ἐκεῖνο
3558 684 3681 754 ἐγέο

2093 803 2233 839 νετο.
2268 787 2377 840 Καὶ
2429 788 2460 855 ἡ
2492 785 2592 855 τῆς
2619 784 2801 855 χειρὸς
2836 783 3149 850 ἐπιφάνεια,
3183 779 3278 833 νῦν
3305 779 3403 850 μὲν
3436 778 3681 849 προϐληο

2095 887 2249 939 θεῖσα
2275 886 2370 938 τοῦ
2399 885 2622 944 κόλπου,
2655 885 2736 945 εἰς
2757 883 2932 952 χιόνος
2972 877 3302 950 μετεποιὴοη
3335 877 3677 946 λευκότητα,

2093 975 2255 1028 πάλιν
2271 975 2329 1028 δὲ
2349 974 2480 1026 εἵσω
2504 971 2596 1025 τοῦ
2620 971 2784 1025 αὐτοῦ
2806 970 3090 1038 γενομένη,
3117 969 3210 1020 ἐπὶ
3233 967 3329 1038 τὴν
3357 967 3491 1019 ἰδίαν
3513 968 3683 1018 επαν-

2093 1068 2309 1138 έρχεται
2334 1065 2513 1134 φύσιν.
2537 1063 2832 1125 Κατιόντος
2854 1061 2911 1113 δὲ
2928 1059 3018 1112 τοῦ
3039 1059 3280 1120 Μωσέως
3296 1055 3502 1126 ἐπὶτὴν
3514 1057 3681 1121 Λίγυ-

2091 1175 2246 1220 πτον,
2277 1157 2371 1210 καὶ
2397 1154 2834 1225 συνεπαγομένου
2847 1152 2944 1222 τὴν
2965 1151 3208 1220 γαμετὴν
3233 1149 3330 1219 τὴν
3352 1146 3675 1213 ἀλλόφυλον,

2092 1251 2184 1302 καὶ
2209 1251 2333 1312 τοὺς
2361 1249 2457 1301 ἀπ’
2490 1247 2704 1317 ἐκείνης
2738 1245 2886 1315 αὐτῷ
2914 1242 3206 1312 γεγονότας
3237 1240 3452 1302 παῖδας,
3472 1241 3561 1292 ὅτε
3590 1256 3679 1294 τις

2091 1341 2188 1392 καὶ
2217 1339 2446 1407 ἄγγελος
2473 1337 2621 1406 αὑτῷ
2649 1335 2977 1404 συναντῆσαι
3023 1333 3257 1400 λέγεται,
3299 1331 3388 1382 τὸν
3413 1330 3542 1399 περὶ
3580 1327 3677 1380 τοῦ

2091 1431 2322 1484 Θανάτου
2371 1429 2532 1498 φόϐον
2594 1428 2834 1493 ἐπάγων,
2891 1424 2950 1478 δν
2989 1425 3024 1494 ἡ
3080 1421 3219 1492 γυνὴ
3248 1419 3326 1490 τῷ
3351 1420 3545 1489 αἵματι
3577 1419 3680 1488 τῆς

2089 1522 2390 1593 περιτομῆς
2420 1519 2514 1573 τοῦ
2544 1519 2732 1580 παιδὸς
2757 1517 3013 1569 ἱλεώσατο
3036 1531 3050 1544 ·
3080 1515 3205 1566 τότε
3239 1511 3500 1580 συντυχία
3525 1510 3678 1578 γίνε-

2089 1632 2176 1668 ται
2195 1611 2286 1666 τοῦ
2303 1608 2809 1680 Ἀαρὼν,καίαὐτοῦ
2839 1607 3019 1661 θεόθεν
3049 1603 3497 1674 παρορμηθέντος
3536 1600 3678 1669 πρὸς

2089 1705 2186 1776 τὴν
2217 1703 2558 1773 συνάντησιν.
2604 1696 2739 1756 Εἶτα
2773 1699 2901 1770 παρ’
2932 1697 3260 1768 ἀμφοτέρων
3282 1697 3384 1748 όὲν
3413 1693 3682 1762 Αἰγύπτῳ

2090 1797 2216 1860 λαὸς
2282 1798 2362 1858 εἰς
2395 1792 2689 1862 ἐκκλησθαν
2721 1792 2906 1862 κοινὴν
2945 1789 3347 1859 συναγείρεται,
3397 1786 3491 1839 καὶ
3515 1787 3548 1854 ἡ
3578 1785 3681 1852 τῆς

2088 1889 2332 1947 δουλείας
2361 1884 2651 1955 ἀπαλλαγὴ
2701 1887 2816 1947 τοῖς
2859 1881 3226 1952 πεπονηκόσιν
3277 1878 3378 1949 ἢδη
3412 1879 3478 1946 τῇ
3519 1893 3685 1928 κακο-

2089 1981 2289 2051 παθείᾳ
2299 1980 2407 2032 τῶν
2423 1978 2597 2050 ἔργων
2625 1975 3096 2048 περιαγγέλλεται,
3120 1973 3214 2026 καὶ
3238 1970 3375 2041 πρός
3394 1969 3557 2023 αὐτὸν
3587 1969 3684 2022 τὸν

2088 2073 2345 2141 τύραννον
2368 2074 2396 2125 ό
2418 2072 2569 2140 παρὰ
2597 2069 2788 2122 τούτου
2826 2067 3037 2136 γίνεται
3065 2066 3242 2133 λόγος.
3276 2063 3684 2133 Ἀγανάκτησις

2088 2166 2181 2218 ἐπὶ
2213 2165 2422 2227 τούτοις
2434 2162 2528 2216 τοῦ
2543 2161 2830 2234 τυράννου,
2849 2160 2990 2214 κατά
3020 2177 3081 2211 τε
3113 2160 3224 2211 τῶν
3241 2157 3683 2210 ἐπιστατούντων

2087 2258 2200 2316 τοῖς
2230 2254 2432 2326 ἔργοις,
2464 2252 2718 2307 καὶκατὰ
2741 2252 2852 2305 τῶν
2896 2249 3248 2322 Ἰσραηλιτῶν
3264 2248 3443 2301 αὐτῶν
3476 2248 3684 2316 μείζων

2089 2343 2122 2413 ἢ
2149 2343 2412 2414 πρότερον
2436 2356 2449 2369 ⁸
2474 2344 2568 2396 καὶ
2591 2345 2619 2395 ό
2635 2343 2735 2414 τῆς
2753 2339 3034 2403 πλινθείας
3070 2339 3233 2410 φόρος
3255 2339 3573 2402 ἐπαύξεται,
3589 2338 3682 2389 καὶ

2087 2435 2488 2511 ἐπιπονώτερον
2506 2435 2566 2487 τὸ
2587 2434 2868 2504 ἐπίταγμα
2882 2431 3326 2502 καταπέμπεται,
3346 2431 3405 2483 ού
3423 2431 3503 2500 τῷ
3522 2428 3682 2500 πηλῷ

2091 2527 2236 2597 μόνῳ
2264 2525 2735 2589 κακοπαθούντων,
2765 2525 2901 2578 ἀλλὰ
2925 2525 3017 2578 καὶ
3046 2525 3177 2595 περί
3195 2525 3256 2577 τὸ
3271 2523 3472 2594 ἄκυρόν
3493 2540 3553 2576 τε
3593 2523 3678 2576 καὶ

2087 2619 2186 2688 τὴν
2220 2619 2472 2690 καλάμην
2490 2617 2996 2691 ταλαιπωροῦντων.
3034 2605 3150 2676 Τοῦ,
3175 2617 3231 2670 δὲ
3262 2617 3462 2687 Φαραὼ
3502 2617 3676 2684 (τοῦτο

2087 2712 2196 2783 γὰρ
2219 2709 2286 2784 ἦν
2301 2713 2470 2783 ὄνομα
2489 2711 2566 2781 τῷ
2586 2712 2829 2782 τυράννῳ
2848 2710 2955 2763 τῶν
2986 2709 3320 2778 Αἰγυπτίων)
3353 2712 3469 2772 τοῖς
3497 2709 3674 2761 θεόθεν

2086 2805 2216 2874 παρ’
2235 2801 2401 2855 αὐτοῦ
2418 2800 2726 2872 γενομένοις
2745 2801 2989 2871 σημείοις
3005 2800 3464 2868 ἀντισοφιστεύειν
3477 2799 3568 2852 διά
3589 2802 3673 2868 τῆς

2086 2895 2195 2948 τῶν
2217 2895 2427 2964 γοήτων
2463 2893 2800 2966 μαγγανείας
2825 2893 3250 2964 ἐπιχειροῦντος,
3288 2893 3376 2945 ὅτε
3399 2892 3568 2945 πάλιν
3593 2891 3674 2943 τοῦ

2083 2987 2362 3051 Μωῦσέως
2390 2989 2448 3040 ὲν
2493 2987 2796 3056 ὀφθαλμοῖς
2843 2986 2952 3038 τῶν
2985 2985 3300 3053 Αἰγυπτίων
3341 2983 3443 3054 τὴν
3488 2983 3678 3053 ῥάϐδον

2012 3100 2053 3158 C
2089 3081 2283 3134 ἑαυτοῦ
2314 3082 2378 3153 θη
2391 3081 2703 3151 ριώσαντος,
2731 3080 2790 3134 τὸ
2817 3080 2930 3132 ἴσον
2951 3077 3209 3148 ἐνομίσθη
3251 3077 3676 3145 θαυματοποιεῑν

2093 3174 2126 3242 ή
2162 3173 2386 3242 γοητεία
2415 3175 2472 3226 ἐν
2509 3175 2629 3235 ταῖς
2660 3171 2768 3223 τῶν
2801 3171 2992 3241 μάγων
3025 3169 3264 3240 ῥάϐδοις.
3294 3169 3406 3220 Καὶ
3432 3166 3672 3236 ἠλέγχθη

2089 3263 2177 3316 διὰ
2200 3265 2300 3334 τῆς
2318 3264 2597 3334 ἐνεργείας
2626 3263 2686 3315 τὸ
2709 3263 2949 3330 σόφισμα
2969 3277 2982 3290 ο
3023 3261 3296 3326 δείξαντος
3327 3257 3424 3310 τοῦ
3448 3258 3678 3329 δράκον-

2087 3371 2179 3418 τος
2204 3354 2298 3407 τοῦ
2344 3357 2408 3407 ὲκ
2446 3355 2548 3424 τῆς
2591 3353 2868 3415 Μωῡσέως
2913 3352 3107 3422 ῥάϐδου
3159 3349 3598 3421 μεταϐληθέντος
3623 3350 3680 3400 ἐκ

2091 3446 2184 3499 τοῦ
2206 3447 2491 3516 διαφαγεῖν
2517 3446 2584 3499 τὰ
2617 3445 2849 3514 γοητικά
2873 3444 3026 3510 ξύλα,
3054 3444 3180 3506 τοὺς
3205 3443 3356 3511 ὄφεις
3378 3441 3567 3510 δῆθεν,
3605 3444 3682 3493 ὅτι

2093 3537 2346 3607 οὐδεμίαν
2381 3535 2683 3608 ἀμυντικὴν
2723 3535 2843 3588 οὐδὲ
2887 3533 3123 3605 ζωτικήν
3161 3549 3283 3586 τινα
3329 3531 3566 3602 δύναμιν
3608 3527 3679 3582 εἷ-

399 3638 496 3690 χον
522 3622 577 3674 αἰ
618 3619 727 3673 τῶν
763 3620 974 3689 γοήτων
1015 3617 1219 3688 ῥάϐδοι,
1255 3617 1392 3689 πλὴν
1419 3619 1514 3672 τοῦ
1561 3621 1854 3690 σχήματος,
1885 3624 1913 3676 ὃ
1948 3629 2058 3689 τοῖς
2103 3627 2400 3698 ὀφθαλμοῖς
2435 3634 2542 3680 τῶν
2582 3627 2996 3696 εὐεξαπατήτων
3023 3626 3057 3694 ἡ
3083 3625 3304 3695 γοητεία
3340 3622 3684 3692 σοφισαμένη

405 3713 706 3785 παρέδειξε,
750 3712 884 3765 Τότε
935 3709 1375 3782 συμφρονοῦντας
1417 3709 1540 3764 ἰδὼν
1574 3715 1602 3765 ό
1642 3715 1879 3784 Μωῦσῆς
1917 3716 1994 3786 τῷ
2034 3718 2430 3789 καθηγουμένῳ
2467 3720 2564 3788 τῆς
2608 3717 2802 3780 κακίας
2842 3718 2950 3770 πᾶν
2993 3717 3054 3768 τὸ
3098 3715 3448 3784 ὑποχείριον,
3495 3714 3683 3781 κοινὴν

402 3809 595 3877 ἐπάγει
633 3809 794 3862 παντὶ
822 3807 900 3878 τῷ
938 3806 1078 3860 ἔθνει
1135 3807 1243 3860 τῶν
1291 3807 1602 3874 Αἰγυπτίων
1641 3809 1873 3880 πληγὴν,
1927 3812 2118 3866 οὐδένα
2165 3815 2263 3885 τῆς
2295 3815 2403 3866 τῶν
2449 3813 2632 3868 κακῶν
2670 3811 2864 3883 πείρας
2894 3809 3300 3879 ὑπεξελόμενος.
3344 3808 3688 3860 Συνεκινείτο

402 3903 453 3956 δὲ
477 3902 625 3972 αὺτῷ
649 3903 786 3973 πρὸς
811 3901 908 3973 τὴν
936 3899 1188 3970 τοιαύτην
1229 3899 1372 3953 κατὰ
1397 3901 1505 3953 τῶν
1541 3903 1849 3970 Αἰγυπτίων
1878 3905 2074 3975 ὁρμὴν,
2105 3901 2215 3959 οἷόν
2257 3924 2341 3969 τις
2399 3907 2626 3978 στρατὸς
2662 3905 2991 3974 ὑποχείριος,
3023 3901 3163 3954 αὐτὰ
3185 3900 3253 3953 τά
3288 3901 3529 3968 στοιχεῖα
3574 3897 3686 3949 τῶν

402 3994 590 4055 ὄντων,
616 3992 685 4045 τά
734 3993 791 4045 ὲν
819 3991 896 4062 τῷ
929 3993 1091 4044 παντί
1133 3989 1500 4061 θεωρούμενα,
1528 3991 1602 4060 γῆ
1638 4009 1700 4044 τε
1735 3994 1828 4046 καὶ
1863 3994 1996 4065 πῦρ,
2037 3997 2131 4049 καὶ
2162 3997 2292 4068 ἀὴρ,
2321 3997 2417 4049 καὶ
2442 3996 2605 4067 ὕδωρ,
2640 3999 2706 4066 τῇ
2737 3993 3053 4065 προαιρέσει
3083 3991 3190 4044 τῶν
3227 3988 3535 4062 ἀνθρώπων
3587 3990 3689 4051 τὰς

402 4087 679 4160 ινεργείας
716 4085 1226 4150 συνεξαλλάσσοντα.

477 4182 678 4236 Eodem
701 4181 845 4236 enim
869 4194 1084 4249 quoque
1104 4188 1348 4246 tempore
1374 4186 1536 4247 atque
1565 4179 1756 4232 eodem
1789 4179 1842 4232 in
1869 4181 1990 4235 loco

403 4271 575 4327 Judaei
600 4272 668 4326 ab
691 4270 868 4324 ollicio
894 4285 1003 4324 non
1033 4269 1370 4333 recedentes,
1392 4269 1468 4322 nil
1497 4269 1621 4322 mali
1659 4271 1988 4326 sentiebant.

407 4365 648 4435 Egyptii
696 4379 827 4418 vero
874 4377 1156 4432 perperam
1194 4369 1249 4416 et
1287 4361 1590 4430 cogitantes
1648 4372 1701 4416 et
1774 4374 1993 4433 agentes

406 4457 608 4510 acriter
631 4451 1181 4524 plectebantur.Nam
1209 4466 1348 4520 aqua
1372 4468 1466 4521 per
1494 4453 1802 4507 universam
1833 4453 1994 4526 JEgy-

405 4559 559 4619 ptum
590 4551 644 4602 in
678 4548 996 4617 sanguinem
1021 4545 1248 4615 jubente
1278 4543 1460 4614 Moyse
1489 4560 1753 4601 conversa
1786 4560 1888 4612 est,
1931 4556 1990 4601 ut

407 4644 491 4698 vel
517 4643 697 4710 pisces
720 4640 822 4709 ipsi
851 4640 918 4692 ab
934 4651 1196 4708 aquarum
1221 4635 1588 4690 crassitudine
1612 4651 1806 4690 carnea
1835 4653 1992 4691 neca-

410 4744 598 4788 rentur
615 4730 843 4786 :Judzeis
861 4731 991 4786 solis
1003 4731 1226 4800 sanguis
1249 4745 1387 4798 aqua
1407 4737 1523 4781 erat
1541 4727 1993 4797 linipidior.Unde

407 4824 958 4878 liabuitoccasionem
981 4837 1070 4877 ars
1088 4822 1297 4888 magica
1337 4819 1621 4890 sanguinis
1660 4820 1893 4888 speciem
1936 4821 1992 4874 in

409 4931 571 4985 aqua,
623 4931 743 4984 qua:
791 4915 933 4983 apud
982 4913 1236 4967 Hebraeos
1285 4912 1678 4975 inveniebatur,
1729 4910 1995 4967 fallaciter

409 5005 794 5059 adumbrandi.
849 5005 1110 5060 Similiter
1158 5020 1377 5074 quoque
1433 5020 1688 5058 ranarum
1749 5006 1992 5072 irrepens

410 5097 728 5159 multitudo,
761 5113 989 5167 quarum
1019 5098 1296 5166 generatio
1329 5113 1433 5150 non
1467 5097 1700 5150 naturali
1735 5113 1900 5151 cursu
1933 5114 1984 5149 e-

411 5189 792 5251 lementorum,
819 5188 912 5242 sed
936 5191 1159 5246 coactis,
1191 5196 1249 5239 ut
1275 5188 1348 5240 ita
1367 5188 1566 5249 dicam,
1585 5188 1889 5249 elementis,
1907 5187 1995 5254 ju-

410 5279 570 5331 bente
609 5277 790 5349 Moyse
830 5279 970 5332 facta
1007 5288 1109 5341 est,
1150 5286 1204 5332 et
1238 5280 1472 5348 repletas
1502 5279 1692 5332 domos
1725 5280 1993 5333 infestans

411 5371 545 5423 solis
575 5370 891 5439 turpissima
909 5370 1180 5441 Egyptiis
1203 5369 1470 5423 inferebat
1502 5370 1715 5423 fastidia
1741 5388 1753 5422 :
1781 5369 1994 5423 Judmo-

410 5476 532 5514 rum
568 5475 698 5514 vero
745 5461 854 5513 vita
882 5461 1102 5514 nihilex
1139 5461 1448 5530 hujusmodi
1493 5461 1737 5515 bestiolis
1779 5462 1988 5514 incom-

412 5548 558 5602 modi
582 5549 903 5618 patiebatur.
937 5549 1030 5602 Sic
1055 5551 1217 5604 etiam
1249 5567 1342 5603 aer
1369 5551 1572 5603 nullam
1591 5549 1698 5604 diei
1723 5565 1786 5603 ac
1813 5553 1990 5606 noctis

412 5641 648 5694 faciebat
682 5639 1071 5705 differentiam,
1111 5641 1380 5712 {Egyptiis
1408 5642 1460 5695 in
1501 5640 1690 5695 eadem
1731 5643 1989 5698 continue

412 5733 781 5787 crassitudine
814 5733 1202 5802 palp‘tantibus
1228 5753 1239 5786 :
1282 5742 1336 5786 at
1363 5732 1568 5789 Judaeis
1601 5735 1734 5788 nihil
1764 5734 1886 5790 novi
1913 5739 1989 5789 al"-

2162 4184 2240 4254 Τῇ
2273 4190 2381 4254 γάρ
2410 4185 2546 4255 αὐτῇ
2587 4185 2834 4254 δυνάμει,
2870 4182 3012 4237 κατά
3049 4182 3140 4236 τὸν
3177 4181 3338 4234 αὑτὸν
3370 4181 3464 4233 καὶ
3492 4181 3686 4250 χρόνον

2097 4276 2192 4328 καὶ
2216 4277 2397 4340 τόπον,
2431 4277 2491 4329 τό
2517 4295 2573 4329 τε
2599 4275 2869 4330 ἀτακτοῦν
2895 4274 3201 4340 ἐκολάζετο,
3225 4276 3317 4328 καὶ
3336 4274 3549 4336 ἀπαθὲς
3574 4274 3688 4326 διέ-

2095 4383 2223 4434 μενε
2260 4366 2320 4418 τὸ
2355 4367 2552 4430 κακίας
2592 4366 2894 4437 ἐλεύθερον.
2931 4367 3120 4436 Πάσης
3148 4366 3256 4436 γάρ
3280 4366 3401 4417 τότε
3430 4365 3534 4433 τῆς
3571 4365 3686 4417 τῶν

2093 4458 2300 4510 ὑδάτων
2332 4459 2546 4527 φύσεως
2580 4459 2722 4511 κατά
2753 4459 2848 4529 τὴν
2884 4457 3156 4526 Αἴγυπτον
3186 4456 3263 4526 τῷ
3292 4458 3685 4526 προστάγματι

2094 4549 2371 4611 Μωῦσέως
2409 4551 2490 4612 εἰς
2529 4544 2668 4620 αἷμα
2696 4551 3018 4621 τραπείσης,
3056 4550 3127 4612 ὡς
3169 4549 3263 4601 καὶ
3301 4551 3427 4608 τοὺς
3468 4550 3682 4618 ἰχθύας,

2094 4643 2174 4704 εἰς
2203 4643 2455 4712 σαρκώδη
2484 4643 2765 4714 παχύτητα
2792 4643 2882 4697 τοῦ
2913 4643 3100 4705 ὓδατος
3133 4642 3536 4712 μετατεθέντος,
3560 4643 3684 4694 δια-

2097 4733 2390 4803 φθαρῆναι,
2423 4737 2536 4798 τοίς
2577 4735 2848 4807 Ἑϐραίοις
2876 4735 3194 4807 ἀρυομένοις
3229 4734 3409 4802 μόνοις
3444 4732 3588 4803 ὕδωρ
3620 4733 3687 4784 τὺ

2096 4822 2235 4893 αἷμα
2262 4822 2350 4895 ἦν.
2387 4827 2548 4879 Ὅθεν
2585 4827 2708 4898 ἔσχε
2739 4829 2832 4880 καὶ
2873 4830 2906 4898 ἡ
2952 4826 3258 4896 μαγγανεία
3289 4825 3483 4895 καιρὸν
3512 4828 3570 4877 ὲν
3602 4825 3686 4895 τῷ

2098 4916 2248 4986 παρὰ
2268 4919 2380 4979 τοῖς
2417 4917 2686 4988 Ἑϐραίοις
2710 4919 3080 4989 εὑρισκομένῳ
3104 4918 3252 4970 ῦδατι
3280 4917 3341 4970 τὸ
3373 4917 3687 4984 αἱματῶδες

2097 5003 2235 5070 εἶδος
2285 5009 2776 5079 παρασοφίσασθαι.
2815 5010 3086 5071 Ὡσαύτως
3119 5009 3212 5061 καὶ
3243 5009 3352 5060 τῶν
3392 5007 3686 5078 βατράχων

2099 5096 2450 5164 ἑφερψάντων
2481 5100 2544 5166 τῇ
2573 5097 2832 5167 Αἰγύπτῳ
2851 5099 2993 5151 κατὰ
3028 5099 3090 5150 τὸ
3114 5098 3308 5167 ἀθρόον
3339 5092 3436 5168 (ὧν
3467 5101 3503 5168 ἡ
3528 5101 3687 5166 γένε-

2099 5204 2182 5249 σις
2206 5188 2305 5239 οὐκ
2335 5187 2623 5258 ἀκολουθίᾳ
2643 5191 2748 5241 τινὶ
2773 5191 2985 5258 φύσεως
3007 5191 3367 5262 νενομισμένῃ
3395 5193 3533 5259 πρὸς
3560 5209 3686 5244 τοσ-

2097 5277 2251 5330 οῦτον
2295 5279 2458 5348 ἐχέθη
2505 5280 2707 5350 πλῆθος
2727 5297 2763 5341 ο,
2787 5282 2899 5334 ἀλλ’
2940 5283 3072 5334 αὐτὸ
3103 5283 3162 5334 τὸ
3193 5283 3544 5352 πρόσταγμα,
3580 5283 3685 5351 τῆς

2095 5371 2203 5422 τῶν
2238 5371 2523 5441 βατράχων
2551 5374 2862 5437 συστάσεως
2895 5375 2992 5445 τὴν
3025 5375 3390 5440 ἀναφανεῖσαν
3430 5374 3552 5425 τότε
3583 5375 3683 5427 τοῦ

2101 5460 2238 5522 ζώου
2289 5463 2450 5530 φύσιν
2509 5466 2919 5536 ἐκαινοτόμησε)
2951 5467 3010 5520 τὺ
3055 5468 3153 5536 μὲν
3189 5467 3486 5533 Αἰγύπτιον
3533 5468 3686 5518 ἆτταν

2099 5556 2212 5614 τοῖς
2235 5553 2444 5623 θηρίοις
2478 5557 2687 5618 τούτοις
2728 5559 2867 5611 κατὰ
2913 5559 3010 5621 τὰς
3034 5561 3272 5627 οἰκήσεις
3309 5558 3684 5626 στενοχωρού-

2105 5662 2262 5714 μενον
2312 5647 2733 5718 κατεφθείρετο’
2785 5648 2895 5701 τῶν
2938 5649 2993 5702 δὲ
3031 5649 3294 5718 Ἐϐραίων
3341 5649 3443 5717 τῆς
3486 5648 3686 5716 ἀηδίας

2100 5740 2302 5807 ταύτης
2358 5739 2746 5810 ἐκαθάρευενὴ
2779 5739 2912 5811 ζωή.
2949 5741 3182 5804 Οῦτωςὸ
3214 5741 3320 5812 ἀὴρ
3359 5743 3472 5804 τοῖς
3511 5742 3687 5808 Αἰγυ-
