  <div class='ocr_page' id='page_1' title='image "/cluster/home/n/w/nwhite01/storage/ocr_20150623/44/nnc1.0037127462/168.png"; bbox 0 0 3886 6214; ppageno 0'>
   <div class='ocr_carea' id='block_1_1' title="bbox 95 311 304 370">
    <p class='ocr_par' dir='ltr' id='par_1_1' title="bbox 95 311 304 370">
     <span class='ocr_line' id='line_1_1' title="bbox 95 311 304 370; baseline -0.01 -36"><span class='ocrx_word' id='word_1_1' title='bbox 95 311 304 370; x_wconf 69' lang='grc'>.,,,.</span> 
     </span>
    </p>
   </div>
   <div class='ocr_carea' id='block_1_2' title="bbox 1518 308 2101 366">
    <p class='ocr_par' dir='ltr' id='par_1_2' title="bbox 1518 308 2101 366">
     <span class='ocr_line' id='line_1_2' title="bbox 1518 308 2101 366; baseline 0.003 -4"><span class='ocrx_word' id='word_1_2' title='bbox 1518 308 1606 363; x_wconf 87' lang='lat' dir='ltr'>DE</span> <span class='ocrx_word' id='word_1_3' title='bbox 1646 309 1805 364; x_wconf 76' lang='lat' dir='ltr'>VlTA</span> <span class='ocrx_word' id='word_1_4' title='bbox 1835 309 2101 366; x_wconf 73' lang='lat' dir='ltr'>MOYSIS.</span> 
     </span>
    </p>
   </div>
   <div class='ocr_carea' id='block_1_3' title="bbox 3347 302 3453 360">
    <p class='ocr_par' dir='ltr' id='par_1_3' title="bbox 3347 302 3453 360">
     <span class='ocr_line' id='line_1_3' title="bbox 3347 302 3453 360; baseline -0.038 0"><span class='ocrx_word' id='word_1_5' title='bbox 3347 302 3453 360; x_wconf 67' lang='lat'>310</span> 
     </span>
    </p>
   </div>
   <div class='ocr_carea' id='block_1_4' title="bbox 189 419 1769 498">
    <p class='ocr_par' dir='ltr' id='par_1_4' title="bbox 189 424 1764 498">
     <span class='ocr_line' id='line_1_4' title="bbox 189 424 1764 498; baseline -0.002 -16"><span class='ocrx_word' id='word_1_6' title='bbox 189 427 354 491; x_wconf 78' lang='grc' dir='ltr'>πτίοις</span> <span class='ocrx_word' id='word_1_7' title='bbox 383 427 483 498; x_wconf 85' lang='grc' dir='ltr'>μὲν</span> <span class='ocrx_word' id='word_1_8' title='bbox 517 424 774 497; x_wconf 73' lang='grc' dir='ltr'>οὐδεμίαν</span> <span class='ocrx_word' id='word_1_9' title='bbox 796 424 991 489; x_wconf 82' lang='grc' dir='ltr'>νυκτὸς</span> <span class='ocrx_word' id='word_1_10' title='bbox 1014 424 1110 479; x_wconf 70' lang='grc' dir='ltr'>καὶ</span> <span class='ocrx_word' id='word_1_11' title='bbox 1137 424 1354 498; x_wconf 79' lang='grc' dir='ltr'>ἡμέρας</span> <span class='ocrx_word' id='word_1_12' title='bbox 1399 430 1627 498; x_wconf 83' lang='grc' dir='ltr'>παρεῖχε</span> <span class='ocrx_word' id='word_1_13' title='bbox 1650 427 1764 480; x_wconf 89' lang='grc' dir='ltr'>διά-</span> 
     </span>
    </p>
   </div>
   <div class='ocr_carea' id='block_1_5' title="bbox 1872 419 3452 498">
    <p class='ocr_par' dir='ltr' id='par_1_5' title="bbox 1872 419 3452 497">
     <span class='ocr_line' id='line_1_5' title="bbox 1872 419 3452 497; baseline -0.003 -17"><span class='ocrx_word' id='word_1_14' title='bbox 1872 426 2092 482; x_wconf 77' lang='lat' dir='ltr'><strong>ferebat.</strong></span> <span class='ocrx_word' id='word_1_15' title='bbox 2117 422 2382 479; x_wconf 76' lang='lat' dir='ltr'>Similiter</span> <span class='ocrx_word' id='word_1_16' title='bbox 2401 429 2592 479; x_wconf 59' lang='lat' dir='ltr'><strong>cetera</strong></span> <span class='ocrx_word' id='word_1_17' title='bbox 2615 421 2834 493; x_wconf 66' lang='lat' dir='ltr'><strong>quoque</strong></span> <span class='ocrx_word' id='word_1_18' title='bbox 2857 419 3035 476; x_wconf 84' lang='lat' dir='ltr'><strong>omnia</strong></span> <span class='ocrx_word' id='word_1_19' title='bbox 3063 435 3121 476; x_wconf 86' lang='lat' dir='ltr'>se</span> <span class='ocrx_word' id='word_1_20' title='bbox 3151 419 3452 497; x_wconf 41' lang='lat' dir='ltr'><strong>habebant;</strong></span> 
     </span>
    </p>
   </div>
   <div class='ocr_carea' id='block_1_6' title="bbox 188 518 1770 592">
    <p class='ocr_par' dir='ltr' id='par_1_6' title="bbox 188 518 1770 592">
     <span class='ocr_line' id='line_1_6' title="bbox 188 518 1770 592; baseline -0.002 -19"><span class='ocrx_word' id='word_1_21' title='bbox 188 538 380 592; x_wconf 87' lang='grc' dir='ltr'>κρισιν,</span> <span class='ocrx_word' id='word_1_22' title='bbox 442 523 501 572; x_wconf 86' lang='grc' dir='ltr'>ὲν</span> <span class='ocrx_word' id='word_1_23' title='bbox 553 518 729 589; x_wconf 80' lang='grc' dir='ltr'>ὁμοίῳ</span> <span class='ocrx_word' id='word_1_24' title='bbox 781 519 1147 588; x_wconf 77' lang='grc' dir='ltr'>διαμενόντων</span> <span class='ocrx_word' id='word_1_25' title='bbox 1186 519 1265 588; x_wconf 82' lang='grc' dir='ltr'>τῷ</span> <span class='ocrx_word' id='word_1_26' title='bbox 1303 518 1490 589; x_wconf 72' lang='grc' dir='ltr'>ζόφῳο</span> <span class='ocrx_word' id='word_1_27' title='bbox 1545 520 1660 582; x_wconf 90' lang='grc' dir='ltr'>τοῖς</span> <span class='ocrx_word' id='word_1_28' title='bbox 1712 518 1770 572; x_wconf 83' lang='grc' dir='ltr'>δὲ</span> 
     </span>
    </p>
   </div>
   <div class='ocr_carea' id='block_1_7' title="bbox 198 609 1773 682">
    <p class='ocr_par' dir='ltr' id='par_1_7' title="bbox 198 609 1773 682">
     <span class='ocr_line' id='line_1_7' title="bbox 198 609 1773 682; baseline -0.003 -17"><span class='ocrx_word' id='word_1_29' title='bbox 198 612 462 682; x_wconf 82' lang='grc' dir='ltr'>Ἑϐραίοις</span> <span class='ocrx_word' id='word_1_30' title='bbox 524 610 674 663; x_wconf 82' lang='grc' dir='ltr'>οὐδὲν</span> <span class='ocrx_word' id='word_1_31' title='bbox 707 611 764 662; x_wconf 81' lang='grc' dir='ltr'>ἐν</span> <span class='ocrx_word' id='word_1_32' title='bbox 802 609 1012 672; x_wconf 80' lang='grc' dir='ltr'>τούτοις</span> <span class='ocrx_word' id='word_1_33' title='bbox 1070 611 1482 679; x_wconf 83' lang='grc' dir='ltr'>ἑκαινοτομεῖτο</span> <span class='ocrx_word' id='word_1_34' title='bbox 1524 609 1680 680; x_wconf 72' lang='grc' dir='ltr'>παρὰ</span> <span class='ocrx_word' id='word_1_35' title='bbox 1709 609 1773 661; x_wconf 83' lang='grc' dir='ltr'>τὸ</span> 
     </span>
    </p>
   </div>
   <div class='ocr_carea' id='block_1_8' title="bbox 191 700 1767 773">
    <p class='ocr_par' dir='ltr' id='par_1_8' title="bbox 191 700 1767 773">
     <span class='ocr_line' id='line_1_8' title="bbox 191 700 1767 773; baseline -0.002 -18"><span class='ocrx_word' id='word_1_36' title='bbox 191 704 431 772; x_wconf 81' lang='grc' dir='ltr'>σύνηθες.</span> <span class='ocrx_word' id='word_1_37' title='bbox 458 703 564 754; x_wconf 78' lang='grc' dir='ltr'>Καὶ</span> <span class='ocrx_word' id='word_1_38' title='bbox 589 701 760 754; x_wconf 81' lang='grc' dir='ltr'>τᾶλλα</span> <span class='ocrx_word' id='word_1_39' title='bbox 794 700 992 761; x_wconf 80' lang='grc' dir='ltr'>πάντα,</span> <span class='ocrx_word' id='word_1_40' title='bbox 1025 701 1168 752; x_wconf 84' lang='grc' dir='ltr'>κατά</span> <span class='ocrx_word' id='word_1_41' title='bbox 1201 700 1294 753; x_wconf 82' lang='grc' dir='ltr'>τὸν</span> <span class='ocrx_word' id='word_1_42' title='bbox 1333 701 1496 754; x_wconf 87' lang='grc' dir='ltr'>αὐτὸν</span> <span class='ocrx_word' id='word_1_43' title='bbox 1525 701 1729 773; x_wconf 83' lang='grc' dir='ltr'>τρόπον</span> <span class='ocrx_word' id='word_1_44' title='bbox 1753 718 1767 732; x_wconf 76' lang='grc' dir='ltr'><strong><em>ο</em></strong></span> 
     </span>
    </p>
   </div>
   <div class='ocr_carea' id='block_1_9' title="bbox 188 791 1774 865">
    <p class='ocr_par' dir='ltr' id='par_1_9' title="bbox 188 791 1774 865">
     <span class='ocr_line' id='line_1_9' title="bbox 188 791 1774 865; baseline -0.002 -17"><span class='ocrx_word' id='word_1_45' title='bbox 188 796 470 865; x_wconf 76' lang='grc' dir='ltr'>ήχάλαζα.</span> <span class='ocrx_word' id='word_1_46' title='bbox 493 794 555 846; x_wconf 85' lang='grc' dir='ltr'>τὸ</span> <span class='ocrx_word' id='word_1_47' title='bbox 586 793 718 862; x_wconf 77' lang='grc' dir='ltr'>πῦρ,</span> <span class='ocrx_word' id='word_1_48' title='bbox 751 793 806 846; x_wconf 86' lang='grc' dir='ltr'>αἱ</span> <span class='ocrx_word' id='word_1_49' title='bbox 838 792 1144 860; x_wconf 84' lang='grc' dir='ltr'>φλυκτίδες,</span> <span class='ocrx_word' id='word_1_50' title='bbox 1174 793 1224 844; x_wconf 80' lang='grc' dir='ltr'>οἱ</span> <span class='ocrx_word' id='word_1_51' title='bbox 1257 791 1502 856; x_wconf 77' lang='grc' dir='ltr'>σκνῖπες,</span> <span class='ocrx_word' id='word_1_52' title='bbox 1535 793 1593 844; x_wconf 84' lang='grc' dir='ltr'>αἱ</span> <span class='ocrx_word' id='word_1_53' title='bbox 1615 794 1774 846; x_wconf 87' lang='grc' dir='ltr'>κυνό-</span> 
     </span>
    </p>
   </div>
   <div class='ocr_carea' id='block_1_10' title="bbox 191 881 1780 957">
    <p class='ocr_par' dir='ltr' id='par_1_10' title="bbox 191 881 1780 957">
     <span class='ocr_line' id='line_1_10' title="bbox 191 881 1780 957; baseline -0.002 -19"><span class='ocrx_word' id='word_1_54' title='bbox 191 904 361 957; x_wconf 84' lang='grc' dir='ltr'>μυιαι.</span> <span class='ocrx_word' id='word_1_55' title='bbox 400 885 509 938; x_wconf 87' lang='grc' dir='ltr'>τῶν</span> <span class='ocrx_word' id='word_1_56' title='bbox 560 883 798 951; x_wconf 87' lang='grc' dir='ltr'>ἀκρίδων</span> <span class='ocrx_word' id='word_1_57' title='bbox 835 883 894 934; x_wconf 82' lang='grc' dir='ltr'>τὸ</span> <span class='ocrx_word' id='word_1_58' title='bbox 915 883 1098 950; x_wconf 79' lang='grc' dir='ltr'>νέφος,</span> <span class='ocrx_word' id='word_1_59' title='bbox 1146 883 1289 935; x_wconf 88' lang='grc' dir='ltr'>κατά</span> <span class='ocrx_word' id='word_1_60' title='bbox 1326 881 1426 951; x_wconf 83' lang='grc' dir='ltr'>μὲν</span> <span class='ocrx_word' id='word_1_61' title='bbox 1444 881 1555 934; x_wconf 90' lang='grc' dir='ltr'>τῶν</span> <span class='ocrx_word' id='word_1_62' title='bbox 1573 881 1780 949; x_wconf 75' lang='grc' dir='ltr'>Αἰγυπ-</span> 
     </span>
    </p>
   </div>
   <div class='ocr_carea' id='block_1_11' title="bbox 185 972 1771 1044">
    <p class='ocr_par' dir='ltr' id='par_1_11' title="bbox 185 972 1771 1044">
     <span class='ocr_line' id='line_1_11' title="bbox 185 972 1771 1044; baseline -0.005 -12"><span class='ocrx_word' id='word_1_63' title='bbox 185 980 310 1032; x_wconf 89' lang='grc' dir='ltr'>τίων</span> <span class='ocrx_word' id='word_1_64' title='bbox 331 979 582 1037; x_wconf 75' lang='grc' dir='ltr'>ἕκαστον,</span> <span class='ocrx_word' id='word_1_65' title='bbox 610 976 749 1029; x_wconf 83' lang='grc' dir='ltr'>καθὸ</span> <span class='ocrx_word' id='word_1_66' title='bbox 778 974 1043 1042; x_wconf 79' lang='grc' dir='ltr'>πέφυκεν,</span> <span class='ocrx_word' id='word_1_67' title='bbox 1062 975 1285 1044; x_wconf 75' lang='grc' dir='ltr'>ἐνήργει</span> <span class='ocrx_word' id='word_1_68' title='bbox 1305 987 1320 1004; x_wconf 87' lang='grc'><strong>·</strong></span> <span class='ocrx_word' id='word_1_69' title='bbox 1355 975 1404 1027; x_wconf 91' lang='grc' dir='ltr'>οἱ</span> <span class='ocrx_word' id='word_1_70' title='bbox 1436 973 1492 1027; x_wconf 85' lang='grc' dir='ltr'>δὲ</span> <span class='ocrx_word' id='word_1_71' title='bbox 1528 972 1771 1044; x_wconf 87' lang='grc' dir='ltr'>Ἑϐραῖοι</span> 
     </span>
    </p>
   </div>
   <div class='ocr_carea' id='block_1_12' title="bbox 187 1045 1772 1137">
    <p class='ocr_par' dir='ltr' id='par_1_12' title="bbox 187 1045 1772 1137">
     <span class='ocr_line' id='line_1_12' title="bbox 187 1045 1772 1137; baseline -0.011 -7"><span class='ocrx_word' id='word_1_72' title='bbox 187 1067 389 1137; x_wconf 77' lang='grc' dir='ltr'>φήμαις</span> <span class='ocrx_word' id='word_1_73' title='bbox 422 1065 516 1118; x_wconf 82' lang='grc' dir='ltr'>καὶ</span> <span class='ocrx_word' id='word_1_74' title='bbox 567 1064 871 1133; x_wconf 80' lang='grc' dir='ltr'>διηγήμασι</span> <span class='ocrx_word' id='word_1_75' title='bbox 918 1045 982 1114; x_wconf 63' lang='grc' dir='ltr'>τὸ</span> <span class='ocrx_word' id='word_1_76' title='bbox 1035 1061 1144 1114; x_wconf 90' lang='grc' dir='ltr'>τῶν</span> <span class='ocrx_word' id='word_1_77' title='bbox 1173 1061 1568 1116; x_wconf 84' lang='grc' dir='ltr'>συνοικούντων</span> <span class='ocrx_word' id='word_1_78' title='bbox 1599 1059 1772 1124; x_wconf 81' lang='grc' dir='ltr'>πάθος</span> 
     </span>
    </p>
   </div>
   <div class='ocr_carea' id='block_1_13' title="bbox 187 1151 1770 1226">
    <p class='ocr_par' dir='ltr' id='par_1_13' title="bbox 187 1151 1770 1226">
     <span class='ocr_line' id='line_1_13' title="bbox 187 1151 1770 1226; baseline -0.004 -16"><span class='ocrx_word' id='word_1_79' title='bbox 187 1159 497 1226; x_wconf 71' lang='grc' dir='ltr'>ἐγίνωσκον,</span> <span class='ocrx_word' id='word_1_80' title='bbox 527 1153 786 1223; x_wconf 80' lang='grc' dir='ltr'>οὐδεμίαν</span> <span class='ocrx_word' id='word_1_81' title='bbox 801 1155 859 1206; x_wconf 84' lang='grc' dir='ltr'>ὲν</span> <span class='ocrx_word' id='word_1_82' title='bbox 883 1154 1096 1216; x_wconf 79' lang='grc' dir='ltr'>ἑαυτοῖς</span> <span class='ocrx_word' id='word_1_83' title='bbox 1125 1152 1434 1224; x_wconf 83' lang='grc' dir='ltr'>προσϐολὴν</span> <span class='ocrx_word' id='word_1_84' title='bbox 1461 1151 1572 1206; x_wconf 90' lang='grc' dir='ltr'>τῶν</span> <span class='ocrx_word' id='word_1_85' title='bbox 1590 1151 1770 1205; x_wconf 89' lang='grc' dir='ltr'>τοιού-</span> 
     </span>
    </p>
   </div>
   <div class='ocr_carea' id='block_1_14' title="bbox 185 1240 1771 1316">
    <p class='ocr_par' dir='ltr' id='par_1_14' title="bbox 185 1240 1771 1316">
     <span class='ocr_line' id='line_1_14' title="bbox 185 1240 1771 1316; baseline -0.003 -16"><span class='ocrx_word' id='word_1_86' title='bbox 185 1264 288 1300; x_wconf 85' lang='grc' dir='ltr'>των</span> <span class='ocrx_word' id='word_1_87' title='bbox 318 1246 618 1316; x_wconf 80' lang='grc' dir='ltr'>δεχόμενοι.</span> <span class='ocrx_word' id='word_1_88' title='bbox 638 1240 772 1298; x_wconf 79' lang='grc' dir='ltr'>Εἶτα</span> <span class='ocrx_word' id='word_1_89' title='bbox 792 1243 901 1296; x_wconf 87' lang='grc' dir='ltr'>τῶν</span> <span class='ocrx_word' id='word_1_90' title='bbox 929 1244 1296 1314; x_wconf 85' lang='grc' dir='ltr'>πρωτοτόκων</span> <span class='ocrx_word' id='word_1_91' title='bbox 1320 1246 1350 1297; x_wconf 88' lang='grc' dir='ltr'>ὁ</span> <span class='ocrx_word' id='word_1_92' title='bbox 1369 1242 1592 1314; x_wconf 76' lang='grc' dir='ltr'>ὄλεθρος</span> <span class='ocrx_word' id='word_1_93' title='bbox 1617 1244 1771 1313; x_wconf 85' lang='grc' dir='ltr'>ἀκρι-</span> 
     </span>
    </p>
   </div>
   <div class='ocr_carea' id='block_1_15' title="bbox 185 1335 1768 1409">
    <p class='ocr_par' dir='ltr' id='par_1_15' title="bbox 185 1335 1768 1409">
     <span class='ocr_line' id='line_1_15' title="bbox 185 1335 1768 1409; baseline -0.003 -17"><span class='ocrx_word' id='word_1_94' title='bbox 185 1339 443 1409; x_wconf 86' lang='grc' dir='ltr'>ϐεστέραν</span> <span class='ocrx_word' id='word_1_95' title='bbox 501 1338 676 1390; x_wconf 85' lang='grc' dir='ltr'>ὲποίει</span> <span class='ocrx_word' id='word_1_96' title='bbox 724 1336 818 1388; x_wconf 80' lang='grc' dir='ltr'>τοῦ</span> <span class='ocrx_word' id='word_1_97' title='bbox 861 1336 1115 1407; x_wconf 87' lang='grc' dir='ltr'>Ἐϐραίου</span> <span class='ocrx_word' id='word_1_98' title='bbox 1165 1336 1301 1405; x_wconf 83' lang='grc' dir='ltr'>πρὸς</span> <span class='ocrx_word' id='word_1_99' title='bbox 1334 1336 1426 1390; x_wconf 74' lang='grc' dir='ltr'>τὸν</span> <span class='ocrx_word' id='word_1_100' title='bbox 1470 1335 1768 1404; x_wconf 79' lang='grc' dir='ltr'>Αἰγύπτιον</span> 
     </span>
    </p>
   </div>
   <div class='ocr_carea' id='block_1_16' title="bbox 183 1427 1769 1501">
    <p class='ocr_par' dir='ltr' id='par_1_16' title="bbox 183 1427 1769 1501">
     <span class='ocr_line' id='line_1_16' title="bbox 183 1427 1769 1501; baseline -0.001 -19"><span class='ocrx_word' id='word_1_101' title='bbox 183 1431 279 1501; x_wconf 78' lang='grc' dir='ltr'>τὴν</span> <span class='ocrx_word' id='word_1_102' title='bbox 309 1430 601 1500; x_wconf 75' lang='grc' dir='ltr'>διάκρισιν·</span> <span class='ocrx_word' id='word_1_103' title='bbox 626 1427 734 1481; x_wconf 85' lang='grc' dir='ltr'>τῶν</span> <span class='ocrx_word' id='word_1_104' title='bbox 762 1428 860 1498; x_wconf 83' lang='grc' dir='ltr'>μὲν</span> <span class='ocrx_word' id='word_1_105' title='bbox 895 1429 989 1480; x_wconf 74' lang='grc' dir='ltr'>ἐπὶ</span> <span class='ocrx_word' id='word_1_106' title='bbox 1005 1432 1070 1498; x_wconf 83' lang='grc' dir='ltr'>τῇ</span> <span class='ocrx_word' id='word_1_107' title='bbox 1088 1427 1196 1481; x_wconf 91' lang='grc' dir='ltr'>τῶν</span> <span class='ocrx_word' id='word_1_108' title='bbox 1225 1427 1497 1498; x_wconf 85' lang='grc' dir='ltr'>φιλτάτων</span> <span class='ocrx_word' id='word_1_109' title='bbox 1521 1427 1769 1498; x_wconf 71' lang='grc' dir='ltr'>ἀπωλείᾳ.</span> 
     </span>
    </p>
   </div>
   <div class='ocr_carea' id='block_1_17' title="bbox 188 1519 1770 1592">
    <p class='ocr_par' dir='ltr' id='par_1_17' title="bbox 188 1519 1770 1592">
     <span class='ocr_line' id='line_1_17' title="bbox 188 1519 1770 1592; baseline -0.001 -18"><span class='ocrx_word' id='word_1_110' title='bbox 188 1522 562 1592; x_wconf 78' lang='grc' dir='ltr'>συγχεομένων</span> <span class='ocrx_word' id='word_1_111' title='bbox 626 1523 738 1583; x_wconf 89' lang='grc' dir='ltr'>τοῖς</span> <span class='ocrx_word' id='word_1_112' title='bbox 776 1520 1016 1592; x_wconf 84' lang='grc' dir='ltr'>θρήνοις,</span> <span class='ocrx_word' id='word_1_113' title='bbox 1056 1519 1166 1573; x_wconf 88' lang='grc' dir='ltr'>τῶν</span> <span class='ocrx_word' id='word_1_114' title='bbox 1207 1520 1265 1573; x_wconf 82' lang='grc' dir='ltr'>δὲ</span> <span class='ocrx_word' id='word_1_115' title='bbox 1303 1521 1361 1573; x_wconf 80' lang='grc' dir='ltr'>ὲν</span> <span class='ocrx_word' id='word_1_116' title='bbox 1391 1519 1592 1590; x_wconf 77' lang='grc' dir='ltr'>ἡσυχίᾳ</span> <span class='ocrx_word' id='word_1_117' title='bbox 1622 1520 1770 1590; x_wconf 80' lang='grc' dir='ltr'>πάσῃ</span> 
     </span>
    </p>
   </div>
   <div class='ocr_carea' id='block_1_18' title="bbox 186 1605 1770 1682">
    <p class='ocr_par' dir='ltr' id='par_1_18' title="bbox 186 1605 1770 1682">
     <span class='ocr_line' id='line_1_18' title="bbox 186 1605 1770 1682; baseline -0.003 -17"><span class='ocrx_word' id='word_1_118' title='bbox 186 1614 276 1666; x_wconf 72' lang='grc' dir='ltr'>καὶ</span> <span class='ocrx_word' id='word_1_119' title='bbox 303 1612 572 1682; x_wconf 76' lang='grc' dir='ltr'>ἀσφαλείᾳ</span> <span class='ocrx_word' id='word_1_120' title='bbox 609 1611 974 1682; x_wconf 87' lang='grc' dir='ltr'>διαμενόντων</span> <span class='ocrx_word' id='word_1_121' title='bbox 1000 1628 1012 1642; x_wconf 89' lang='grc'><strong>·</strong></span> <span class='ocrx_word' id='word_1_122' title='bbox 1056 1605 1136 1674; x_wconf 78' lang='grc' dir='ltr'>οἷς</span> <span class='ocrx_word' id='word_1_123' title='bbox 1164 1613 1197 1682; x_wconf 82' lang='grc' dir='ltr'>ἡ</span> <span class='ocrx_word' id='word_1_124' title='bbox 1222 1609 1466 1679; x_wconf 88' lang='grc' dir='ltr'>σωτηρία</span> <span class='ocrx_word' id='word_1_125' title='bbox 1501 1611 1567 1679; x_wconf 83' lang='grc' dir='ltr'>τῇ</span> <span class='ocrx_word' id='word_1_126' title='bbox 1601 1625 1770 1679; x_wconf 80' lang='grc' dir='ltr'>προσ-</span> 
     </span>
    </p>
   </div>
   <div class='ocr_carea' id='block_1_19' title="bbox 183 1695 1766 1773">
    <p class='ocr_par' dir='ltr' id='par_1_19' title="bbox 183 1695 1766 1773">
     <span class='ocr_line' id='line_1_19' title="bbox 183 1695 1766 1773; baseline -0.006 -18"><span class='ocrx_word' id='word_1_127' title='bbox 183 1703 335 1773; x_wconf 85' lang='grc' dir='ltr'>χύσει</span> <span class='ocrx_word' id='word_1_128' title='bbox 363 1702 458 1754; x_wconf 79' lang='grc' dir='ltr'>τοῦ</span> <span class='ocrx_word' id='word_1_129' title='bbox 473 1703 702 1767; x_wconf 74' lang='grc' dir='ltr'>αἵματος</span> <span class='ocrx_word' id='word_1_130' title='bbox 724 1699 1139 1770; x_wconf 85' lang='grc' dir='ltr'>κατησφαλίσθη</span> <span class='ocrx_word' id='word_1_131' title='bbox 1165 1698 1306 1753; x_wconf 86' lang='grc' dir='ltr'>κατά</span> <span class='ocrx_word' id='word_1_132' title='bbox 1333 1700 1513 1751; x_wconf 81' lang='grc' dir='ltr'>πᾶσαν</span> <span class='ocrx_word' id='word_1_133' title='bbox 1543 1695 1766 1758; x_wconf 80' lang='grc' dir='ltr'>εἴσοδον,</span> 
     </span>
    </p>
   </div>
   <div class='ocr_carea' id='block_1_20' title="bbox 1873 512 3458 590">
    <p class='ocr_par' dir='ltr' id='par_1_20' title="bbox 1873 512 3458 590">
     <span class='ocr_line' id='line_1_20' title="bbox 1873 512 3458 590; baseline -0.004 -18"><span class='ocrx_word' id='word_1_134' title='bbox 1873 519 2081 590; x_wconf 73' lang='lat' dir='ltr'><strong>grando</strong></span> <span class='ocrx_word' id='word_1_135' title='bbox 2118 518 2348 581; x_wconf 77' lang='lat' dir='ltr'>scilicet,</span> <span class='ocrx_word' id='word_1_136' title='bbox 2383 514 2857 587; x_wconf 81' lang='lat' dir='ltr'><strong>ignis,scinyphes,</strong></span> <span class='ocrx_word' id='word_1_137' title='bbox 2884 527 3087 566; x_wconf 70' lang='lat' dir='ltr'><strong>muscae</strong></span> <span class='ocrx_word' id='word_1_138' title='bbox 3110 512 3336 573; x_wconf 69' lang='lat' dir='ltr'><strong>caninae,</strong></span> <span class='ocrx_word' id='word_1_139' title='bbox 3377 514 3458 567; x_wconf 88' lang='lat' dir='ltr'><strong>lo-</strong></span> 
     </span>
    </p>
   </div>
   <div class='ocr_carea' id='block_1_21' title="bbox 1873 605 3466 676">
    <p class='ocr_par' dir='ltr' id='par_1_21' title="bbox 1873 605 3466 676">
     <span class='ocr_line' id='line_1_21' title="bbox 1873 605 3466 676; baseline -0.005 -10"><span class='ocrx_word' id='word_1_140' title='bbox 1873 620 2155 666; x_wconf 85' lang='lat' dir='ltr'><strong>custarum</strong></span> <span class='ocrx_word' id='word_1_141' title='bbox 2191 611 2400 665; x_wconf 87' lang='lat' dir='ltr'><strong>nubes:</strong></span> <span class='ocrx_word' id='word_1_142' title='bbox 2429 609 2543 662; x_wconf 67' lang='lat' dir='ltr'><strong>haec</strong></span> <span class='ocrx_word' id='word_1_143' title='bbox 2570 607 2833 661; x_wconf 84' lang='lat' dir='ltr'><strong>adversus</strong></span> <span class='ocrx_word' id='word_1_144' title='bbox 2859 605 3148 676; x_wconf 64' lang='lat' dir='ltr'><strong>[Egyptios</strong></span> <span class='ocrx_word' id='word_1_145' title='bbox 3181 605 3364 658; x_wconf 87' lang='lat' dir='ltr'><strong>omnia</strong></span> <span class='ocrx_word' id='word_1_146' title='bbox 3397 613 3466 658; x_wconf 82' lang='lat' dir='ltr'><strong>ut‘</strong></span> 
     </span>
    </p>
   </div>
   <div class='ocr_carea' id='block_1_22' title="bbox 1872 693 3455 772">
    <p class='ocr_par' dir='ltr' id='par_1_22' title="bbox 1872 693 3455 772">
     <span class='ocr_line' id='line_1_22' title="bbox 1872 693 3455 772; baseline -0.006 -14"><span class='ocrx_word' id='word_1_147' title='bbox 1872 711 2068 758; x_wconf 85' lang='lat' dir='ltr'><strong>natura</strong></span> <span class='ocrx_word' id='word_1_148' title='bbox 2095 719 2192 756; x_wconf 86' lang='lat' dir='ltr'>sua</span> <span class='ocrx_word' id='word_1_149' title='bbox 2221 703 2345 762; x_wconf 91' lang='lat' dir='ltr'><strong>fert,</strong></span> <span class='ocrx_word' id='word_1_150' title='bbox 2375 699 2845 772; x_wconf 88' lang='lat' dir='ltr'><strong>perniciosissima</strong></span> <span class='ocrx_word' id='word_1_151' title='bbox 2879 705 3068 752; x_wconf 90' lang='lat' dir='ltr'><strong>erant:</strong></span> <span class='ocrx_word' id='word_1_152' title='bbox 3097 693 3267 749; x_wconf 67' lang='lat' dir='ltr'><strong>Judaei</strong></span> <span class='ocrx_word' id='word_1_153' title='bbox 3303 710 3455 761; x_wconf 75' lang='lat' dir='ltr'><strong>vero,</strong></span> 
     </span>
    </p>
   </div>
   <div class='ocr_carea' id='block_1_23' title="bbox 1872 788 3464 860">
    <p class='ocr_par' dir='ltr' id='par_1_23' title="bbox 1872 788 3464 860">
     <span class='ocr_line' id='line_1_23' title="bbox 1872 788 3464 860; baseline -0.006 -12"><span class='ocrx_word' id='word_1_154' title='bbox 1872 796 2189 849; x_wconf 86' lang='lat' dir='ltr'><strong>rumoribus</strong></span> <span class='ocrx_word' id='word_1_155' title='bbox 2219 794 2397 849; x_wconf 90' lang='lat' dir='ltr'><strong>solum</strong></span> <span class='ocrx_word' id='word_1_156' title='bbox 2414 793 2708 860; x_wconf 82' lang='lat' dir='ltr'>verbisque</span> <span class='ocrx_word' id='word_1_157' title='bbox 2727 788 3160 844; x_wconf 70' lang='lat' dir='ltr'>cohabitantium</span> <span class='ocrx_word' id='word_1_158' title='bbox 3186 788 3284 840; x_wconf 92' lang='lat' dir='ltr'><strong>hos</strong></span> <span class='ocrx_word' id='word_1_159' title='bbox 3307 801 3464 839; x_wconf 82' lang='lat' dir='ltr'><strong>mor-</strong></span> 
     </span>
    </p>
   </div>
   <div class='ocr_carea' id='block_1_24' title="bbox 1870 877 3459 950">
    <p class='ocr_par' dir='ltr' id='par_1_24' title="bbox 1870 877 3459 950">
     <span class='ocr_line' id='line_1_24' title="bbox 1870 877 3459 950; baseline -0.007 -9"><span class='ocrx_word' id='word_1_160' title='bbox 1870 886 1994 950; x_wconf 85' lang='lat' dir='ltr'>bos,</span> <span class='ocrx_word' id='word_1_161' title='bbox 2031 887 2183 940; x_wconf 91' lang='lat' dir='ltr'><strong>nullo</strong></span> <span class='ocrx_word' id='word_1_162' title='bbox 2203 901 2304 941; x_wconf 91' lang='lat' dir='ltr'>suo</span> <span class='ocrx_word' id='word_1_163' title='bbox 2325 883 2694 945; x_wconf 91' lang='lat' dir='ltr'><strong>incommodo,</strong></span> <span class='ocrx_word' id='word_1_164' title='bbox 2721 880 3143 950; x_wconf 75' lang='lat' dir='ltr'>cognoscebant.</span> <span class='ocrx_word' id='word_1_165' title='bbox 3175 877 3459 933; x_wconf 88' lang='lat' dir='ltr'><strong>Postremo</strong></span> 
     </span>
    </p>
   </div>
   <div class='ocr_carea' id='block_1_25' title="bbox 1870 969 3465 1048">
    <p class='ocr_par' dir='ltr' id='par_1_25' title="bbox 1870 969 3465 1048">
     <span class='ocr_line' id='line_1_25' title="bbox 1870 969 3465 1048; baseline -0.005 -18"><span class='ocrx_word' id='word_1_166' title='bbox 1870 978 2357 1048; x_wconf 80' lang='lat' dir='ltr'><strong>primogenitorum</strong></span> <span class='ocrx_word' id='word_1_167' title='bbox 2390 975 2634 1028; x_wconf 92' lang='lat' dir='ltr'><strong>omnium</strong></span> <span class='ocrx_word' id='word_1_168' title='bbox 2663 986 2818 1035; x_wconf 87' lang='lat' dir='ltr'>nece,</span> <span class='ocrx_word' id='word_1_169' title='bbox 2838 985 2963 1025; x_wconf 89' lang='lat' dir='ltr'>cum</span> <span class='ocrx_word' id='word_1_170' title='bbox 2994 971 3071 1024; x_wconf 88' lang='lat' dir='ltr'>illi</span> <span class='ocrx_word' id='word_1_171' title='bbox 3092 969 3310 1041; x_wconf 87' lang='lat' dir='ltr'><strong>quidem</strong></span> <span class='ocrx_word' id='word_1_172' title='bbox 3329 983 3465 1022; x_wconf 77' lang='lat' dir='ltr'><strong>suo-</strong></span> 
     </span>
    </p>
   </div>
   <div class='ocr_carea' id='block_1_26' title="bbox 1869 1060 3469 1140">
    <p class='ocr_par' dir='ltr' id='par_1_26' title="bbox 1869 1060 3469 1140">
     <span class='ocr_line' id='line_1_26' title="bbox 1869 1060 3469 1140; baseline -0.006 -16"><span class='ocrx_word' id='word_1_173' title='bbox 1869 1084 1996 1124; x_wconf 87' lang='lat' dir='ltr'><strong>rum</strong></span> <span class='ocrx_word' id='word_1_174' title='bbox 2039 1069 2283 1140; x_wconf 86' lang='lat' dir='ltr'><strong>pernicie</strong></span> <span class='ocrx_word' id='word_1_175' title='bbox 2331 1063 2553 1120; x_wconf 88' lang='lat' dir='ltr'><strong>confusi</strong></span> <span class='ocrx_word' id='word_1_176' title='bbox 2607 1065 2881 1135; x_wconf 81' lang='lat' dir='ltr'><strong>lugerent,</strong></span> <span class='ocrx_word' id='word_1_177' title='bbox 2915 1062 2973 1115; x_wconf 77' lang='lat' dir='ltr'><strong>lli</strong></span> <span class='ocrx_word' id='word_1_178' title='bbox 3004 1076 3132 1116; x_wconf 90' lang='lat' dir='ltr'><strong>vero</strong></span> <span class='ocrx_word' id='word_1_179' title='bbox 3175 1060 3469 1129; x_wconf 66' lang='lat' dir='ltr'><strong>sanguinis</strong></span> 
     </span>
    </p>
   </div>
   <div class='ocr_carea' id='block_1_27' title="bbox 1871 1151 3467 1231">
    <p class='ocr_par' dir='ltr' id='par_1_27' title="bbox 1871 1151 3467 1231">
     <span class='ocr_line' id='line_1_27' title="bbox 1871 1151 3467 1231; baseline -0.008 -15"><span class='ocrx_word' id='word_1_180' title='bbox 1871 1160 2180 1231; x_wconf 75' lang='lat' dir='ltr'><strong>signaculo,</strong></span> <span class='ocrx_word' id='word_1_181' title='bbox 2214 1158 2562 1213; x_wconf 88' lang='lat' dir='ltr'><strong>liminaribus</strong></span> <span class='ocrx_word' id='word_1_182' title='bbox 2600 1163 2764 1224; x_wconf 90' lang='lat' dir='ltr'><strong>atque</strong></span> <span class='ocrx_word' id='word_1_183' title='bbox 2801 1153 3053 1223; x_wconf 76' lang='lat' dir='ltr'>postibus</span> <span class='ocrx_word' id='word_1_184' title='bbox 3083 1152 3326 1206; x_wconf 87' lang='lat' dir='ltr'><strong>inunctis</strong></span> <span class='ocrx_word' id='word_1_185' title='bbox 3352 1151 3467 1204; x_wconf 79' lang='lat' dir='ltr'><strong>tuti</strong></span> 
     </span>
    </p>
   </div>
   <div class='ocr_carea' id='block_1_28' title="bbox 1871 1242 3470 1324">
    <p class='ocr_par' dir='ltr' id='par_1_28' title="bbox 1871 1242 3470 1324">
     <span class='ocr_line' id='line_1_28' title="bbox 1871 1242 3470 1324; baseline -0.005 -19"><span class='ocrx_word' id='word_1_186' title='bbox 1871 1253 2235 1324; x_wconf 87' lang='lat' dir='ltr'><strong>quiescerent,</strong></span> <span class='ocrx_word' id='word_1_187' title='bbox 2266 1257 2470 1320; x_wconf 90' lang='lat' dir='ltr'><strong>quanta</strong></span> <span class='ocrx_word' id='word_1_188' title='bbox 2501 1249 2645 1302; x_wconf 90' lang='lat' dir='ltr'><strong>inter</strong></span> <span class='ocrx_word' id='word_1_189' title='bbox 2672 1245 2919 1300; x_wconf 57' lang='lat' dir='ltr'><strong>Judaeum</strong></span> <span class='ocrx_word' id='word_1_190' title='bbox 2949 1252 3002 1298; x_wconf 91' lang='lat' dir='ltr'>et</span> <span class='ocrx_word' id='word_1_191' title='bbox 3027 1242 3343 1314; x_wconf 66' lang='lat' dir='ltr'><strong>Egyptium</strong></span> <span class='ocrx_word' id='word_1_192' title='bbox 3370 1257 3470 1297; x_wconf 68' lang='lat' dir='ltr'><strong>es-</strong></span> 
     </span>
    </p>
   </div>
   <div class='ocr_carea' id='block_1_29' title="bbox 1873 1333 3462 1407">
    <p class='ocr_par' dir='ltr' id='par_1_29' title="bbox 1873 1333 3462 1407">
     <span class='ocr_line' id='line_1_29' title="bbox 1873 1333 3462 1407; baseline -0.007 -9"><span class='ocrx_word' id='word_1_193' title='bbox 1873 1353 1954 1398; x_wconf 92' lang='lat' dir='ltr'>set</span> <span class='ocrx_word' id='word_1_194' title='bbox 1982 1342 2308 1404; x_wconf 69' lang='lat' dir='ltr'><strong>differentia,</strong></span> <span class='ocrx_word' id='word_1_195' title='bbox 2357 1341 2574 1395; x_wconf 89' lang='lat' dir='ltr'><strong>cunctis</strong></span> <span class='ocrx_word' id='word_1_196' title='bbox 2618 1336 2894 1407; x_wconf 83' lang='lat' dir='ltr'>apparuit.</span> <span class='ocrx_word' id='word_1_197' title='bbox 2941 1335 3127 1404; x_wconf 88' lang='lat' dir='ltr'><strong>Itaque</strong></span> <span class='ocrx_word' id='word_1_198' title='bbox 3183 1333 3462 1403; x_wconf 78' lang='lat' dir='ltr'>percussis</span> 
     </span>
    </p>
   </div>
   <div class='ocr_carea' id='block_1_30' title="bbox 1871 1427 3462 1503">
    <p class='ocr_par' dir='ltr' id='par_1_30' title="bbox 1871 1427 3462 1503">
     <span class='ocr_line' id='line_1_30' title="bbox 1871 1427 3462 1503; baseline -0.006 -13"><span class='ocrx_word' id='word_1_199' title='bbox 1871 1436 2024 1490; x_wconf 89' lang='lat' dir='ltr'><strong>clade</strong></span> <span class='ocrx_word' id='word_1_200' title='bbox 2051 1432 2534 1503; x_wconf 83' lang='lat' dir='ltr'><strong>primOgenitorum</strong></span> <span class='ocrx_word' id='word_1_201' title='bbox 2571 1429 2864 1500; x_wconf 69' lang='lat' dir='ltr'><strong>Egyptiis,</strong></span> <span class='ocrx_word' id='word_1_202' title='bbox 2904 1443 3114 1496; x_wconf 88' lang='lat' dir='ltr'><strong>suaque</strong></span> <span class='ocrx_word' id='word_1_203' title='bbox 3145 1427 3359 1496; x_wconf 82' lang='lat' dir='ltr'><strong>publice</strong></span> <span class='ocrx_word' id='word_1_204' title='bbox 3396 1442 3462 1480; x_wconf 87' lang='lat' dir='ltr'><strong>ac</strong></span> 
     </span>
    </p>
   </div>
   <div class='ocr_carea' id='block_1_31' title="bbox 1870 1517 3462 1598">
    <p class='ocr_par' dir='ltr' id='par_1_31' title="bbox 1870 1517 3462 1598">
     <span class='ocr_line' id='line_1_31' title="bbox 1870 1517 3462 1598; baseline -0.008 -16"><span class='ocrx_word' id='word_1_205' title='bbox 1870 1527 2122 1598; x_wconf 85' lang='lat' dir='ltr'>privatim</span> <span class='ocrx_word' id='word_1_206' title='bbox 2151 1525 2480 1594; x_wconf 84' lang='lat' dir='ltr'>lugentibus,</span> <span class='ocrx_word' id='word_1_207' title='bbox 2519 1522 2706 1577; x_wconf 88' lang='lat' dir='ltr'><strong>educit</strong></span> <span class='ocrx_word' id='word_1_208' title='bbox 2743 1520 2958 1590; x_wconf 79' lang='lat' dir='ltr'><strong>Moyses</strong></span> <span class='ocrx_word' id='word_1_209' title='bbox 3006 1517 3280 1572; x_wconf 86' lang='lat' dir='ltr'><strong>lsraelitas</strong></span> <span class='ocrx_word' id='word_1_210' title='bbox 3313 1531 3342 1569; x_wconf 90' lang='lat' dir='ltr'><strong>a</strong></span> <span class='ocrx_word' id='word_1_211' title='bbox 3399 1529 3462 1570; x_wconf 83' lang='lat' dir='ltr'>se</span> 
     </span>
    </p>
   </div>
   <div class='ocr_carea' id='block_1_32' title="bbox 1873 1606 3457 1687">
    <p class='ocr_par' dir='ltr' id='par_1_32' title="bbox 1873 1606 3457 1687">
     <span class='ocr_line' id='line_1_32' title="bbox 1873 1606 3457 1687; baseline -0.008 -16"><span class='ocrx_word' id='word_1_212' title='bbox 1873 1616 2240 1687; x_wconf 72' lang='lat' dir='ltr'><strong>praemonitos,</strong></span> <span class='ocrx_word' id='word_1_213' title='bbox 2263 1622 2323 1668; x_wconf 94' lang='lat' dir='ltr'><strong>ut</strong></span> <span class='ocrx_word' id='word_1_214' title='bbox 2344 1613 2523 1683; x_wconf 86' lang='lat' dir='ltr'><strong>specie</strong></span> <span class='ocrx_word' id='word_1_215' title='bbox 2569 1609 3031 1666; x_wconf 86' lang='lat' dir='ltr'><strong>commodationis</strong></span> <span class='ocrx_word' id='word_1_216' title='bbox 3070 1606 3457 1679; x_wconf 66' lang='lat' dir='ltr'><strong>Egyptionum</strong></span> 
     </span>
    </p>
   </div>
   <div class='ocr_carea' id='block_1_33' title="bbox 1871 1701 3462 1772">
    <p class='ocr_par' dir='ltr' id='par_1_33' title="bbox 1871 1701 3462 1772">
     <span class='ocr_line' id='line_1_33' title="bbox 1871 1701 3462 1772; baseline -0.005 -10"><span class='ocrx_word' id='word_1_217' title='bbox 1871 1709 2088 1763; x_wconf 86' lang='lat' dir='ltr'><strong>divitias</strong></span> <span class='ocrx_word' id='word_1_218' title='bbox 2099 1722 2284 1763; x_wconf 86' lang='lat' dir='ltr'><strong>secum</strong></span> <span class='ocrx_word' id='word_1_219' title='bbox 2305 1705 2602 1759; x_wconf 81' lang='lat' dir='ltr'>auferrent.</span> <span class='ocrx_word' id='word_1_220' title='bbox 2617 1703 2820 1758; x_wconf 83' lang='lat' dir='ltr'><strong>Verum</strong></span> <span class='ocrx_word' id='word_1_221' title='bbox 2840 1719 2961 1757; x_wconf 91' lang='lat' dir='ltr'>cum</span> <span class='ocrx_word' id='word_1_222' title='bbox 2976 1703 3088 1772; x_wconf 86' lang='lat' dir='ltr'>jam</span> <span class='ocrx_word' id='word_1_223' title='bbox 3106 1701 3284 1755; x_wconf 88' lang='lat' dir='ltr'><strong>tribus</strong></span> <span class='ocrx_word' id='word_1_224' title='bbox 3305 1708 3462 1754; x_wconf 81' lang='lat' dir='ltr'><strong>extra</strong></span> 
     </span>
    </p>
   </div>
   <div class='ocr_carea' id='block_1_34' title="bbox 185 1785 1769 1872">
    <p class='ocr_par' dir='ltr' id='par_1_34' title="bbox 185 1785 1769 1862">
     <span class='ocr_line' id='line_1_34' title="bbox 185 1785 1769 1862; baseline -0.004 -19"><span class='ocrx_word' id='word_1_225' title='bbox 185 1791 523 1861; x_wconf 77' lang='grc' dir='ltr'>ἑκατέρωθεν</span> <span class='ocrx_word' id='word_1_226' title='bbox 565 1790 672 1843; x_wconf 85' lang='grc' dir='ltr'>τῶν</span> <span class='ocrx_word' id='word_1_227' title='bbox 716 1790 973 1861; x_wconf 83' lang='grc' dir='ltr'>σταθμῶν</span> <span class='ocrx_word' id='word_1_228' title='bbox 1022 1789 1160 1862; x_wconf 87' lang='grc' dir='ltr'>μετά</span> <span class='ocrx_word' id='word_1_229' title='bbox 1209 1789 1308 1859; x_wconf 84' lang='grc' dir='ltr'>τῆς</span> <span class='ocrx_word' id='word_1_230' title='bbox 1361 1785 1769 1857; x_wconf 80' lang='grc' dir='ltr'>ἐπεζευγμένης</span> 
     </span>
    </p>
   </div>
   <div class='ocr_carea' id='block_1_35' title="bbox 1872 1785 3458 1872">
    <p class='ocr_par' dir='ltr' id='par_1_35' title="bbox 1872 1793 3458 1872">
     <span class='ocr_line' id='line_1_35' title="bbox 1872 1793 3458 1872; baseline -0.008 -15"><span class='ocrx_word' id='word_1_231' title='bbox 1872 1800 2164 1872; x_wconf 68' lang='lat' dir='ltr'>Egyptum</span> <span class='ocrx_word' id='word_1_232' title='bbox 2188 1799 2521 1869; x_wconf 83' lang='lat' dir='ltr'><strong>perrexisset</strong></span> <span class='ocrx_word' id='word_1_233' title='bbox 2540 1797 2754 1861; x_wconf 90' lang='lat' dir='ltr'><strong>diebus,</strong></span> <span class='ocrx_word' id='word_1_234' title='bbox 2767 1796 2912 1850; x_wconf 84' lang='lat' dir='ltr'><strong>videt</strong></span> <span class='ocrx_word' id='word_1_235' title='bbox 2931 1795 3202 1848; x_wconf 85' lang='lat' dir='ltr'><strong>irritatum</strong></span> <span class='ocrx_word' id='word_1_236' title='bbox 3222 1793 3458 1855; x_wconf 88' lang='lat' dir='ltr'><strong>hostem,</strong></span> 
     </span>
    </p>
   </div>
   <div class='ocr_carea' id='block_1_36' title="bbox 184 1878 1768 1952">
    <p class='ocr_par' dir='ltr' id='par_1_36' title="bbox 184 1878 1768 1952">
     <span class='ocr_line' id='line_1_36' title="bbox 184 1878 1768 1952; baseline -0.004 -17"><span class='ocrx_word' id='word_1_237' title='bbox 184 1885 364 1946; x_wconf 78' lang='grc' dir='ltr'>αὐτοῖς</span> <span class='ocrx_word' id='word_1_238' title='bbox 428 1881 587 1950; x_wconf 83' lang='grc' dir='ltr'>φλιᾶς</span> <span class='ocrx_word' id='word_1_239' title='bbox 650 1880 1184 1952; x_wconf 85' lang='grc' dir='ltr'>κατασημανθέντων</span> <span class='ocrx_word' id='word_1_240' title='bbox 1238 1880 1327 1933; x_wconf 78' lang='grc' dir='ltr'>διὰ</span> <span class='ocrx_word' id='word_1_241' title='bbox 1370 1879 1467 1932; x_wconf 82' lang='grc' dir='ltr'>τοῦ</span> <span class='ocrx_word' id='word_1_242' title='bbox 1515 1878 1768 1948; x_wconf 85' lang='grc' dir='ltr'>αἵματος.</span> 
     </span>
    </p>
   </div>
   <div class='ocr_carea' id='block_1_37' title="bbox 197 1970 1773 2044">
    <p class='ocr_par' dir='ltr' id='par_1_37' title="bbox 197 1970 1773 2044">
     <span class='ocr_line' id='line_1_37' title="bbox 197 1970 1773 2044; baseline -0.002 -17"><span class='ocrx_word' id='word_1_243' title='bbox 197 1975 322 2028; x_wconf 81' lang='grc' dir='ltr'>Ἐπὶ</span> <span class='ocrx_word' id='word_1_244' title='bbox 344 1974 557 2036; x_wconf 80' lang='grc' dir='ltr'>τούτοις</span> <span class='ocrx_word' id='word_1_245' title='bbox 583 1973 692 2026; x_wconf 86' lang='grc' dir='ltr'>τῶν</span> <span class='ocrx_word' id='word_1_246' title='bbox 719 1973 1032 2040; x_wconf 82' lang='grc' dir='ltr'>Αἰγυπτίων</span> <span class='ocrx_word' id='word_1_247' title='bbox 1056 1973 1148 2025; x_wconf 72' lang='grc' dir='ltr'>ἐπὶ</span> <span class='ocrx_word' id='word_1_248' title='bbox 1173 1974 1241 2044; x_wconf 87' lang='grc' dir='ltr'>τῇ</span> <span class='ocrx_word' id='word_1_249' title='bbox 1274 1971 1383 2024; x_wconf 89' lang='grc' dir='ltr'>τῶν</span> <span class='ocrx_word' id='word_1_250' title='bbox 1411 1970 1773 2042; x_wconf 86' lang='grc' dir='ltr'>πρωτοτόκων</span> 
     </span>
    </p>
   </div>
   <div class='ocr_carea' id='block_1_38' title="bbox 187 2064 1774 2137">
    <p class='ocr_par' dir='ltr' id='par_1_38' title="bbox 187 2064 1774 2137">
     <span class='ocr_line' id='line_1_38' title="bbox 187 2064 1774 2137; baseline -0.003 -17"><span class='ocrx_word' id='word_1_251' title='bbox 187 2068 443 2137; x_wconf 78' lang='grc' dir='ltr'>συμφορᾷ</span> <span class='ocrx_word' id='word_1_252' title='bbox 476 2065 846 2136; x_wconf 80' lang='grc' dir='ltr'>βεϐλημένων,</span> <span class='ocrx_word' id='word_1_253' title='bbox 881 2066 976 2118; x_wconf 75' lang='grc' dir='ltr'>καὶ</span> <span class='ocrx_word' id='word_1_254' title='bbox 1028 2064 1150 2119; x_wconf 85' lang='grc' dir='ltr'>καθ’</span> <span class='ocrx_word' id='word_1_255' title='bbox 1180 2066 1371 2118; x_wconf 79' lang='grc' dir='ltr'>ἑαυτὸν</span> <span class='ocrx_word' id='word_1_256' title='bbox 1403 2064 1655 2128; x_wconf 79' lang='grc' dir='ltr'>ἑκάστου,</span> <span class='ocrx_word' id='word_1_257' title='bbox 1678 2065 1774 2117; x_wconf 77' lang='grc' dir='ltr'>καὶ</span> 
     </span>
    </p>
   </div>
   <div class='ocr_carea' id='block_1_39' title="bbox 185 2157 1774 2230">
    <p class='ocr_par' dir='ltr' id='par_1_39' title="bbox 185 2157 1774 2230">
     <span class='ocr_line' id='line_1_39' title="bbox 185 2157 1774 2230; baseline 0.001 -21"><span class='ocrx_word' id='word_1_258' title='bbox 185 2159 335 2228; x_wconf 79' lang='grc' dir='ltr'>κοινῇ</span> <span class='ocrx_word' id='word_1_259' title='bbox 369 2160 587 2210; x_wconf 82' lang='grc' dir='ltr'>πάντων</span> <span class='ocrx_word' id='word_1_260' title='bbox 607 2157 1022 2228; x_wconf 73' lang='grc' dir='ltr'>ὀλοφυρομένων</span> <span class='ocrx_word' id='word_1_261' title='bbox 1051 2157 1119 2211; x_wconf 79' lang='grc' dir='ltr'>τά</span> <span class='ocrx_word' id='word_1_262' title='bbox 1140 2157 1309 2230; x_wconf 74' lang='grc' dir='ltr'>πάθη⁸</span> <span class='ocrx_word' id='word_1_263' title='bbox 1333 2158 1655 2228; x_wconf 81' lang='grc' dir='ltr'>καθηγεῖται</span> <span class='ocrx_word' id='word_1_264' title='bbox 1673 2158 1774 2227; x_wconf 84' lang='grc' dir='ltr'>τῆς</span> 
     </span>
    </p>
   </div>
   <div class='ocr_carea' id='block_1_40' title="bbox 184 2247 1772 2322">
    <p class='ocr_par' dir='ltr' id='par_1_40' title="bbox 184 2247 1772 2322">
     <span class='ocr_line' id='line_1_40' title="bbox 184 2247 1772 2322; baseline 0.003 -24"><span class='ocrx_word' id='word_1_265' title='bbox 184 2247 362 2314; x_wconf 81' lang='grc' dir='ltr'>ἐξόδου</span> <span class='ocrx_word' id='word_1_266' title='bbox 397 2251 512 2312; x_wconf 88' lang='grc' dir='ltr'>τοῖς</span> <span class='ocrx_word' id='word_1_267' title='bbox 547 2248 913 2320; x_wconf 77' lang='grc' dir='ltr'>Ἰσραηλίταις</span> <span class='ocrx_word' id='word_1_268' title='bbox 947 2249 978 2302; x_wconf 88' lang='grc' dir='ltr'>ὁ</span> <span class='ocrx_word' id='word_1_269' title='bbox 1008 2250 1269 2320; x_wconf 84' lang='grc' dir='ltr'>Μωῡσῆς,</span> <span class='ocrx_word' id='word_1_270' title='bbox 1309 2250 1772 2322; x_wconf 88' lang='grc' dir='ltr'>προπαρασκευά-</span> 
     </span>
    </p>
   </div>
   <div class='ocr_carea' id='block_1_41' title="bbox 185 2339 1772 2413">
    <p class='ocr_par' dir='ltr' id='par_1_41' title="bbox 185 2339 1772 2413">
     <span class='ocr_line' id='line_1_41' title="bbox 185 2339 1772 2413; baseline 0.003 -23"><span class='ocrx_word' id='word_1_271' title='bbox 185 2355 286 2401; x_wconf 88' lang='grc' dir='ltr'>σας</span> <span class='ocrx_word' id='word_1_272' title='bbox 315 2340 538 2403; x_wconf 82' lang='grc' dir='ltr'>αὐτοὺς,</span> <span class='ocrx_word' id='word_1_273' title='bbox 595 2339 688 2392; x_wconf 72' lang='grc' dir='ltr'>ἐπὶ</span> <span class='ocrx_word' id='word_1_274' title='bbox 738 2341 978 2412; x_wconf 82' lang='grc' dir='ltr'>σχήματι</span> <span class='ocrx_word' id='word_1_275' title='bbox 1007 2343 1258 2413; x_wconf 85' lang='grc' dir='ltr'>χρήσεως</span> <span class='ocrx_word' id='word_1_276' title='bbox 1292 2342 1411 2412; x_wconf 87' lang='grc' dir='ltr'>μεθ’</span> <span class='ocrx_word' id='word_1_277' title='bbox 1446 2341 1654 2395; x_wconf 79' lang='grc' dir='ltr'>ἑαυτῶν</span> <span class='ocrx_word' id='word_1_278' title='bbox 1680 2341 1772 2394; x_wconf 84' lang='grc' dir='ltr'>τὸν</span> 
     </span>
    </p>
   </div>
   <div class='ocr_carea' id='block_1_42' title="bbox 174 2429 1772 2503">
    <p class='ocr_par' dir='ltr' id='par_1_42' title="bbox 174 2429 1772 2503">
     <span class='ocr_line' id='line_1_42' title="bbox 174 2429 1772 2503; baseline 0.004 -23"><span class='ocrx_word' id='word_1_279' title='bbox 174 2429 290 2481; x_wconf 90' lang='grc' dir='ltr'>τῶν</span> <span class='ocrx_word' id='word_1_280' title='bbox 317 2431 630 2498; x_wconf 79' lang='grc' dir='ltr'>Αἰγυπτίων</span> <span class='ocrx_word' id='word_1_281' title='bbox 666 2431 896 2485; x_wconf 82' lang='grc' dir='ltr'>πλοῦτον</span> <span class='ocrx_word' id='word_1_282' title='bbox 940 2433 1402 2503; x_wconf 82' lang='grc' dir='ltr'>ἀνακομίσασθαι.</span> <span class='ocrx_word' id='word_1_283' title='bbox 1446 2433 1558 2487; x_wconf 73' lang='grc' dir='ltr'>Καὶ</span> <span class='ocrx_word' id='word_1_284' title='bbox 1602 2433 1772 2503; x_wconf 81' lang='grc' dir='ltr'>τριῶν</span> 
     </span>
    </p>
   </div>
   <div class='ocr_carea' id='block_1_43' title="bbox 174 2523 1772 2596">
    <p class='ocr_par' dir='ltr' id='par_1_43' title="bbox 174 2523 1772 2596">
     <span class='ocr_line' id='line_1_43' title="bbox 174 2523 1772 2596; baseline 0.003 -22"><span class='ocrx_word' id='word_1_285' title='bbox 174 2523 408 2592; x_wconf 76' lang='grc' dir='ltr'>ἡμερῶν</span> <span class='ocrx_word' id='word_1_286' title='bbox 435 2525 554 2577; x_wconf 78' lang='grc' dir='ltr'>ὁδὸν</span> <span class='ocrx_word' id='word_1_287' title='bbox 583 2524 688 2590; x_wconf 77' lang='grc' dir='ltr'>ἔξω</span> <span class='ocrx_word' id='word_1_288' title='bbox 729 2527 828 2596; x_wconf 86' lang='grc' dir='ltr'>τῆς</span> <span class='ocrx_word' id='word_1_289' title='bbox 863 2525 1141 2594; x_wconf 81' lang='grc' dir='ltr'>Αἰγύπτου</span> <span class='ocrx_word' id='word_1_290' title='bbox 1175 2526 1580 2596; x_wconf 83' lang='grc' dir='ltr'>γεγενημένων,</span> <span class='ocrx_word' id='word_1_291' title='bbox 1609 2527 1772 2579; x_wconf 85' lang='grc' dir='ltr'>πάλιν</span> 
     </span>
    </p>
   </div>
   <div class='ocr_carea' id='block_1_44' title="bbox 175 2613 1770 2688">
    <p class='ocr_par' dir='ltr' id='par_1_44' title="bbox 175 2613 1770 2688">
     <span class='ocr_line' id='line_1_44' title="bbox 175 2613 1770 2688; baseline 0.004 -24"><span class='ocrx_word' id='word_1_292' title='bbox 175 2613 350 2683; x_wconf 75' lang='grc' dir='ltr'>φησὶν</span> <span class='ocrx_word' id='word_1_293' title='bbox 375 2616 409 2682; x_wconf 79' lang='grc' dir='ltr'>ἡ</span> <span class='ocrx_word' id='word_1_294' title='bbox 447 2617 678 2687; x_wconf 85' lang='grc' dir='ltr'>ἱστορία,</span> <span class='ocrx_word' id='word_1_295' title='bbox 702 2617 939 2687; x_wconf 81' lang='grc' dir='ltr'>χαλεπὸν</span> <span class='ocrx_word' id='word_1_296' title='bbox 967 2617 1301 2688; x_wconf 85' lang='grc' dir='ltr'>ποιήσασθαι</span> <span class='ocrx_word' id='word_1_297' title='bbox 1327 2618 1418 2670; x_wconf 82' lang='grc' dir='ltr'>τὸν</span> <span class='ocrx_word' id='word_1_298' title='bbox 1449 2618 1770 2686; x_wconf 82' lang='grc' dir='ltr'>Αίγύπτιον,</span> 
     </span>
    </p>
   </div>
   <div class='ocr_carea' id='block_1_45' title="bbox 172 2705 1772 2779">
    <p class='ocr_par' dir='ltr' id='par_1_45' title="bbox 172 2705 1772 2779">
     <span class='ocr_line' id='line_1_45' title="bbox 172 2705 1772 2779; baseline 0.004 -25"><span class='ocrx_word' id='word_1_299' title='bbox 172 2705 240 2755; x_wconf 75' lang='grc' dir='ltr'>τὸ</span> <span class='ocrx_word' id='word_1_300' title='bbox 265 2705 341 2775; x_wconf 83' lang='grc' dir='ltr'>μὴ</span> <span class='ocrx_word' id='word_1_301' title='bbox 357 2710 689 2776; x_wconf 85' lang='grc' dir='ltr'>παραμεῖναι</span> <span class='ocrx_word' id='word_1_302' title='bbox 713 2711 778 2779; x_wconf 85' lang='grc' dir='ltr'>τῇ</span> <span class='ocrx_word' id='word_1_303' title='bbox 808 2707 1022 2778; x_wconf 70' lang='grc' dir='ltr'>δουλεία</span> <span class='ocrx_word' id='word_1_304' title='bbox 1043 2708 1136 2760; x_wconf 86' lang='grc' dir='ltr'>τὸν</span> <span class='ocrx_word' id='word_1_305' title='bbox 1153 2707 1371 2778; x_wconf 84' lang='grc' dir='ltr'>Ἰσραήλ</span> <span class='ocrx_word' id='word_1_306' title='bbox 1390 2724 1404 2738; x_wconf 78' lang='grc' dir='ltr'><strong>ο</strong></span> <span class='ocrx_word' id='word_1_307' title='bbox 1427 2708 1522 2760; x_wconf 75' lang='grc' dir='ltr'>καὶ</span> <span class='ocrx_word' id='word_1_308' title='bbox 1545 2708 1772 2778; x_wconf 88' lang='grc' dir='ltr'>πολεμι-</span> 
     </span>
    </p>
   </div>
   <div class='ocr_carea' id='block_1_46' title="bbox 175 2796 1770 2870">
    <p class='ocr_par' dir='ltr' id='par_1_46' title="bbox 175 2796 1770 2870">
     <span class='ocr_line' id='line_1_46' title="bbox 175 2796 1770 2870; baseline 0.004 -22"><span class='ocrx_word' id='word_1_309' title='bbox 175 2796 298 2859; x_wconf 68' lang='grc' dir='ltr'>κῶς</span> <span class='ocrx_word' id='word_1_310' title='bbox 332 2797 478 2850; x_wconf 80' lang='grc' dir='ltr'>ἅπαν</span> <span class='ocrx_word' id='word_1_311' title='bbox 523 2801 936 2853; x_wconf 79' lang='grc' dir='ltr'>συσκευάσαντα</span> <span class='ocrx_word' id='word_1_312' title='bbox 967 2800 1027 2852; x_wconf 85' lang='grc' dir='ltr'>τὸ</span> <span class='ocrx_word' id='word_1_313' title='bbox 1067 2800 1330 2870; x_wconf 87' lang='grc' dir='ltr'>ὑπήκοον,</span> <span class='ocrx_word' id='word_1_314' title='bbox 1366 2799 1457 2853; x_wconf 82' lang='grc' dir='ltr'>διὰ</span> <span class='ocrx_word' id='word_1_315' title='bbox 1485 2799 1583 2870; x_wconf 82' lang='grc' dir='ltr'>τῆς</span> <span class='ocrx_word' id='word_1_316' title='bbox 1613 2802 1770 2854; x_wconf 79' lang='grc' dir='ltr'>ἱππι-</span> 
     </span>
    </p>
   </div>
   <div class='ocr_carea' id='block_1_47' title="bbox 174 2887 1772 2961">
    <p class='ocr_par' dir='ltr' id='par_1_47' title="bbox 174 2887 1772 2961">
     <span class='ocr_line' id='line_1_47' title="bbox 174 2887 1772 2961; baseline 0.004 -22"><span class='ocrx_word' id='word_1_317' title='bbox 174 2888 285 2957; x_wconf 84' lang='grc' dir='ltr'>κῆς</span> <span class='ocrx_word' id='word_1_318' title='bbox 309 2887 591 2956; x_wconf 81' lang='grc' dir='ltr'>δυνάμεως</span> <span class='ocrx_word' id='word_1_319' title='bbox 617 2889 941 2961; x_wconf 75' lang='grc' dir='ltr'>ἐπιδραμεῖν</span> <span class='ocrx_word' id='word_1_320' title='bbox 965 2889 1043 2960; x_wconf 86' lang='grc' dir='ltr'>τῷ</span> <span class='ocrx_word' id='word_1_321' title='bbox 1067 2889 1200 2961; x_wconf 84' lang='grc' dir='ltr'>λαῷ.</span> <span class='ocrx_word' id='word_1_322' title='bbox 1227 2891 1332 2944; x_wconf 87' lang='grc' dir='ltr'>Τὸν</span> <span class='ocrx_word' id='word_1_323' title='bbox 1353 2891 1410 2944; x_wconf 82' lang='grc' dir='ltr'>δὲ</span> <span class='ocrx_word' id='word_1_324' title='bbox 1435 2890 1772 2961; x_wconf 84' lang='grc' dir='ltr'>θεασάμενον</span> 
     </span>
    </p>
   </div>
   <div class='ocr_carea' id='block_1_48' title="bbox 173 2979 1772 3055">
    <p class='ocr_par' dir='ltr' id='par_1_48' title="bbox 173 2979 1772 3055">
     <span class='ocr_line' id='line_1_48' title="bbox 173 2979 1772 3055; baseline 0.005 -25"><span class='ocrx_word' id='word_1_325' title='bbox 173 2979 277 3048; x_wconf 81' lang='grc' dir='ltr'>τὴν</span> <span class='ocrx_word' id='word_1_326' title='bbox 308 2979 420 3032; x_wconf 89' lang='grc' dir='ltr'>τῶν</span> <span class='ocrx_word' id='word_1_327' title='bbox 453 2981 634 3034; x_wconf 84' lang='grc' dir='ltr'>ἳππων</span> <span class='ocrx_word' id='word_1_328' title='bbox 660 2999 721 3034; x_wconf 87' lang='grc' dir='ltr'>τε</span> <span class='ocrx_word' id='word_1_329' title='bbox 751 2982 971 3035; x_wconf 76' lang='grc' dir='ltr'>καὶτῶν</span> <span class='ocrx_word' id='word_1_330' title='bbox 999 2983 1180 3035; x_wconf 82' lang='grc' dir='ltr'>ὃπλων</span> <span class='ocrx_word' id='word_1_331' title='bbox 1210 2983 1589 3055; x_wconf 88' lang='grc' dir='ltr'>παρασκευὴν,</span> <span class='ocrx_word' id='word_1_332' title='bbox 1615 2985 1772 3038; x_wconf 86' lang='grc' dir='ltr'>ἀπει-</span> 
     </span>
    </p>
   </div>
   <div class='ocr_carea' id='block_1_49' title="bbox 177 3071 1769 3149">
    <p class='ocr_par' dir='ltr' id='par_1_49' title="bbox 177 3071 1769 3149">
     <span class='ocr_line' id='line_1_49' title="bbox 177 3071 1769 3149; baseline 0.005 -25"><span class='ocrx_word' id='word_1_333' title='bbox 177 3071 488 3143; x_wconf 81' lang='grc' dir='ltr'>ροπόλεμον</span> <span class='ocrx_word' id='word_1_334' title='bbox 547 3073 696 3140; x_wconf 76' lang='grc' dir='ltr'>ὄντα,</span> <span class='ocrx_word' id='word_1_335' title='bbox 734 3076 828 3128; x_wconf 82' lang='grc' dir='ltr'>καὶ</span> <span class='ocrx_word' id='word_1_336' title='bbox 882 3075 991 3127; x_wconf 91' lang='grc' dir='ltr'>τῶν</span> <span class='ocrx_word' id='word_1_337' title='bbox 1017 3076 1274 3130; x_wconf 89' lang='grc' dir='ltr'>τοιούτων</span> <span class='ocrx_word' id='word_1_338' title='bbox 1304 3077 1601 3149; x_wconf 82' lang='grc' dir='ltr'>θαυμάτων</span> <span class='ocrx_word' id='word_1_339' title='bbox 1630 3077 1769 3146; x_wconf 85' lang='grc' dir='ltr'>ἀγύ-</span> 
     </span>
    </p>
   </div>
   <div class='ocr_carea' id='block_1_50' title="bbox 174 3165 1770 3238">
    <p class='ocr_par' dir='ltr' id='par_1_50' title="bbox 174 3165 1770 3238">
     <span class='ocr_line' id='line_1_50' title="bbox 174 3165 1770 3238; baseline 0.003 -20"><span class='ocrx_word' id='word_1_340' title='bbox 174 3180 444 3234; x_wconf 82' lang='grc' dir='ltr'>μναστον,</span> <span class='ocrx_word' id='word_1_341' title='bbox 499 3165 661 3228; x_wconf 79' lang='grc' dir='ltr'>εὐθὺς</span> <span class='ocrx_word' id='word_1_342' title='bbox 693 3167 1114 3237; x_wconf 84' lang='grc' dir='ltr'>καταπλαγῆναι</span> <span class='ocrx_word' id='word_1_343' title='bbox 1159 3167 1236 3237; x_wconf 80' lang='grc' dir='ltr'>τῷ</span> <span class='ocrx_word' id='word_1_344' title='bbox 1269 3167 1440 3238; x_wconf 89' lang='grc' dir='ltr'>φόϐῳ,</span> <span class='ocrx_word' id='word_1_345' title='bbox 1488 3170 1583 3222; x_wconf 81' lang='grc' dir='ltr'>καὶ</span> <span class='ocrx_word' id='word_1_346' title='bbox 1629 3169 1770 3223; x_wconf 79' lang='grc' dir='ltr'>κατὰ</span> 
     </span>
    </p>
   </div>
   <div class='ocr_carea' id='block_1_51' title="bbox 170 3255 1772 3332">
    <p class='ocr_par' dir='ltr' id='par_1_51' title="bbox 170 3255 1772 3332">
     <span class='ocr_line' id='line_1_51' title="bbox 170 3255 1772 3332; baseline 0.004 -25"><span class='ocrx_word' id='word_1_347' title='bbox 170 3255 277 3307; x_wconf 76' lang='grc' dir='ltr'>τοῦ</span> <span class='ocrx_word' id='word_1_348' title='bbox 315 3257 595 3321; x_wconf 80' lang='grc' dir='ltr'>Μωῦσέως</span> <span class='ocrx_word' id='word_1_349' title='bbox 622 3258 995 3313; x_wconf 87' lang='grc' dir='ltr'>συνίστασθαι.</span> <span class='ocrx_word' id='word_1_350' title='bbox 1029 3261 1159 3313; x_wconf 86' lang='grc' dir='ltr'>Ὅτε</span> <span class='ocrx_word' id='word_1_351' title='bbox 1207 3260 1378 3313; x_wconf 77' lang='grc' dir='ltr'>καὶτὸ</span> <span class='ocrx_word' id='word_1_352' title='bbox 1403 3261 1772 3332; x_wconf 81' lang='grc' dir='ltr'>παραδοξότα-</span> 
     </span>
    </p>
   </div>
   <div class='ocr_carea' id='block_1_52' title="bbox 167 3347 1771 3423">
    <p class='ocr_par' dir='ltr' id='par_1_52' title="bbox 167 3347 1771 3423">
     <span class='ocr_line' id='line_1_52' title="bbox 167 3347 1771 3423; baseline 0.004 -26"><span class='ocrx_word' id='word_1_353' title='bbox 167 3362 270 3398; x_wconf 85' lang='grc' dir='ltr'>τον</span> <span class='ocrx_word' id='word_1_354' title='bbox 299 3347 428 3418; x_wconf 76' lang='grc' dir='ltr'>περὶ</span> <span class='ocrx_word' id='word_1_355' title='bbox 448 3347 541 3400; x_wconf 82' lang='grc' dir='ltr'>τοῦ</span> <span class='ocrx_word' id='word_1_356' title='bbox 567 3349 846 3414; x_wconf 84' lang='grc' dir='ltr'>Μωῡσέως</span> <span class='ocrx_word' id='word_1_357' title='bbox 866 3352 898 3422; x_wconf 85' lang='grc' dir='ltr'>ἡ</span> <span class='ocrx_word' id='word_1_358' title='bbox 921 3350 1132 3423; x_wconf 85' lang='grc' dir='ltr'>ἱστορία</span> <span class='ocrx_word' id='word_1_359' title='bbox 1145 3350 1314 3420; x_wconf 86' lang='grc' dir='ltr'>λέγει,</span> <span class='ocrx_word' id='word_1_360' title='bbox 1330 3350 1452 3423; x_wconf 80' lang='grc' dir='ltr'>διχῇ</span> <span class='ocrx_word' id='word_1_361' title='bbox 1473 3353 1594 3415; x_wconf 90' lang='grc' dir='ltr'>ταῖς</span> <span class='ocrx_word' id='word_1_362' title='bbox 1620 3352 1771 3422; x_wconf 83' lang='grc' dir='ltr'>ἐνερ-</span> 
     </span>
    </p>
   </div>
   <div class='ocr_carea' id='block_1_53' title="bbox 168 3437 1767 3515">
    <p class='ocr_par' dir='ltr' id='par_1_53' title="bbox 168 3437 1767 3515">
     <span class='ocr_line' id='line_1_53' title="bbox 168 3437 1767 3515; baseline 0.003 -25"><span class='ocrx_word' id='word_1_363' title='bbox 168 3437 360 3506; x_wconf 82' lang='grc' dir='ltr'>γείαις</span> <span class='ocrx_word' id='word_1_364' title='bbox 409 3440 851 3511; x_wconf 86' lang='grc' dir='ltr'>διατεμνόμενον,</span> <span class='ocrx_word' id='word_1_365' title='bbox 913 3445 979 3513; x_wconf 84' lang='grc' dir='ltr'>τῇ</span> <span class='ocrx_word' id='word_1_366' title='bbox 1037 3444 1138 3512; x_wconf 88' lang='grc' dir='ltr'>μὲν</span> <span class='ocrx_word' id='word_1_367' title='bbox 1198 3443 1478 3515; x_wconf 77' lang='grc' dir='ltr'>φωνῇκαὶ</span> <span class='ocrx_word' id='word_1_368' title='bbox 1518 3441 1598 3514; x_wconf 85' lang='grc' dir='ltr'>τῷ</span> <span class='ocrx_word' id='word_1_369' title='bbox 1622 3442 1767 3515; x_wconf 84' lang='grc' dir='ltr'>λόγῳ</span> 
     </span>
    </p>
   </div>
   <div class='ocr_carea' id='block_1_54' title="bbox 170 3531 1770 3607">
    <p class='ocr_par' dir='ltr' id='par_1_54' title="bbox 170 3531 1770 3607">
     <span class='ocr_line' id='line_1_54' title="bbox 170 3531 1770 3607; baseline 0.004 -23"><span class='ocrx_word' id='word_1_370' title='bbox 170 3531 630 3603; x_wconf 81' lang='grc' dir='ltr'>παραθαρσύνειν</span> <span class='ocrx_word' id='word_1_371' title='bbox 659 3551 721 3587; x_wconf 91' lang='grc' dir='ltr'>τε</span> <span class='ocrx_word' id='word_1_372' title='bbox 752 3537 880 3598; x_wconf 79' lang='grc' dir='ltr'>τοὺς</span> <span class='ocrx_word' id='word_1_373' title='bbox 928 3536 1288 3607; x_wconf 85' lang='grc' dir='ltr'>Ἰσραηλίτας,</span> <span class='ocrx_word' id='word_1_374' title='bbox 1320 3539 1415 3590; x_wconf 78' lang='grc' dir='ltr'>καὶ</span> <span class='ocrx_word' id='word_1_375' title='bbox 1441 3538 1540 3600; x_wconf 85' lang='grc' dir='ltr'>τὰς</span> <span class='ocrx_word' id='word_1_376' title='bbox 1561 3537 1770 3606; x_wconf 83' lang='grc' dir='ltr'>ἀγαθὰς</span> 
     </span>
    </p>
   </div>
   <div class='ocr_carea' id='block_1_55' title="bbox 169 3621 1769 3698">
    <p class='ocr_par' dir='ltr' id='par_1_55' title="bbox 169 3621 1769 3698">
     <span class='ocr_line' id='line_1_55' title="bbox 169 3621 1769 3698; baseline 0.004 -24"><span class='ocrx_word' id='word_1_377' title='bbox 169 3621 324 3698; x_wconf 76' lang='grc' dir='ltr'>ἔχειν</span> <span class='ocrx_word' id='word_1_378' title='bbox 384 3623 609 3688; x_wconf 66' lang='grc' dir='ltr'>ἐλπίδας</span> <span class='ocrx_word' id='word_1_379' title='bbox 664 3626 1174 3696; x_wconf 82' lang='grc' dir='ltr'>παρακελεύεσθαι·</span> <span class='ocrx_word' id='word_1_380' title='bbox 1215 3626 1424 3681; x_wconf 84' lang='grc' dir='ltr'>ἔνδοθεν</span> <span class='ocrx_word' id='word_1_381' title='bbox 1464 3627 1522 3680; x_wconf 85' lang='grc' dir='ltr'>δὲ</span> <span class='ocrx_word' id='word_1_382' title='bbox 1553 3630 1618 3698; x_wconf 82' lang='grc' dir='ltr'>τῇ</span> <span class='ocrx_word' id='word_1_383' title='bbox 1651 3629 1769 3681; x_wconf 85' lang='grc' dir='ltr'>δια-</span> 
     </span>
    </p>
   </div>
   <div class='ocr_carea' id='block_1_56' title="bbox 1872 1887 3463 1967">
    <p class='ocr_par' dir='ltr' id='par_1_56' title="bbox 1872 1887 3463 1967">
     <span class='ocr_line' id='line_1_56' title="bbox 1872 1887 3463 1967; baseline -0.009 -19"><span class='ocrx_word' id='word_1_384' title='bbox 1872 1894 2018 1967; x_wconf 82' lang='lat' dir='ltr'><strong>quod</strong></span> <span class='ocrx_word' id='word_1_385' title='bbox 2045 1910 2104 1950; x_wconf 88' lang='lat' dir='ltr'>se</span> <span class='ocrx_word' id='word_1_386' title='bbox 2125 1891 2301 1947; x_wconf 65' lang='lat' dir='ltr'><strong>Judaei</strong></span> <span class='ocrx_word' id='word_1_387' title='bbox 2331 1892 2385 1945; x_wconf 95' lang='lat' dir='ltr'><strong>in</strong></span> <span class='ocrx_word' id='word_1_388' title='bbox 2421 1891 2728 1944; x_wconf 89' lang='lat' dir='ltr'><strong>libertatem</strong></span> <span class='ocrx_word' id='word_1_389' title='bbox 2758 1887 3152 1950; x_wconf 87' lang='lat' dir='ltr'><strong>vindicassent,</strong></span> <span class='ocrx_word' id='word_1_390' title='bbox 3185 1899 3308 1938; x_wconf 90' lang='lat' dir='ltr'>cum</span> <span class='ocrx_word' id='word_1_391' title='bbox 3346 1897 3463 1935; x_wconf 85' lang='lat' dir='ltr'><strong>ma-</strong></span> 
     </span>
    </p>
   </div>
   <div class='ocr_carea' id='block_1_57' title="bbox 1871 1977 3460 2058">
    <p class='ocr_par' dir='ltr' id='par_1_57' title="bbox 1871 1977 3460 2058">
     <span class='ocr_line' id='line_1_57' title="bbox 1871 1977 3460 2058; baseline -0.009 -16"><span class='ocrx_word' id='word_1_392' title='bbox 1871 2002 1979 2058; x_wconf 80' lang='lat' dir='ltr'>gno</span> <span class='ocrx_word' id='word_1_393' title='bbox 2005 1989 2244 2041; x_wconf 82' lang='lat' dir='ltr'><strong>exercitu</strong></span> <span class='ocrx_word' id='word_1_394' title='bbox 2274 1992 2327 2037; x_wconf 93' lang='lat' dir='ltr'>et</span> <span class='ocrx_word' id='word_1_395' title='bbox 2359 1980 2795 2036; x_wconf 88' lang='lat' dir='ltr'><strong>instructissimo</strong></span> <span class='ocrx_word' id='word_1_396' title='bbox 2827 1979 3074 2048; x_wconf 90' lang='lat' dir='ltr'><strong>equitatu</strong></span> <span class='ocrx_word' id='word_1_397' title='bbox 3104 1977 3371 2030; x_wconf 84' lang='lat' dir='ltr'><strong>adversus</strong></span> <span class='ocrx_word' id='word_1_398' title='bbox 3401 1989 3460 2028; x_wconf 89' lang='lat' dir='ltr'>se</span> 
     </span>
    </p>
   </div>
   <div class='ocr_carea' id='block_1_58' title="bbox 1871 2069 3461 2142">
    <p class='ocr_par' dir='ltr' id='par_1_58' title="bbox 1871 2069 3461 2142">
     <span class='ocr_line' id='line_1_58' title="bbox 1871 2069 3461 2142; baseline -0.008 -9"><span class='ocrx_word' id='word_1_399' title='bbox 1871 2079 2153 2134; x_wconf 85' lang='lat' dir='ltr'><strong>festinare.</strong></span> <span class='ocrx_word' id='word_1_400' title='bbox 2189 2076 2321 2142; x_wconf 63' lang='lat' dir='ltr'><strong>Quae</strong></span> <span class='ocrx_word' id='word_1_401' title='bbox 2348 2089 2436 2130; x_wconf 88' lang='lat' dir='ltr'>res</span> <span class='ocrx_word' id='word_1_402' title='bbox 2465 2089 2575 2127; x_wconf 87' lang='lat' dir='ltr'>non</span> <span class='ocrx_word' id='word_1_403' title='bbox 2603 2071 2954 2126; x_wconf 88' lang='lat' dir='ltr'><strong>mediocriter</strong></span> <span class='ocrx_word' id='word_1_404' title='bbox 2982 2069 3252 2122; x_wconf 88' lang='lat' dir='ltr'><strong>imbellem</strong></span> <span class='ocrx_word' id='word_1_405' title='bbox 3286 2081 3461 2136; x_wconf 83' lang='lat' dir='ltr'><strong>popu-</strong></span> 
     </span>
    </p>
   </div>
   <div class='ocr_carea' id='block_1_59' title="bbox 1872 2159 3461 2240">
    <p class='ocr_par' dir='ltr' id='par_1_59' title="bbox 1872 2159 3461 2240">
     <span class='ocr_line' id='line_1_59' title="bbox 1872 2159 3461 2240; baseline -0.008 -14"><span class='ocrx_word' id='word_1_406' title='bbox 1872 2172 2004 2233; x_wconf 85' lang='lat' dir='ltr'><strong>lum.</strong></span> <span class='ocrx_word' id='word_1_407' title='bbox 2037 2185 2214 2240; x_wconf 91' lang='lat' dir='ltr'><strong>neque</strong></span> <span class='ocrx_word' id='word_1_408' title='bbox 2244 2169 2446 2224; x_wconf 85' lang='lat' dir='ltr'><strong>talibus</strong></span> <span class='ocrx_word' id='word_1_409' title='bbox 2479 2165 2746 2236; x_wconf 83' lang='lat' dir='ltr'><strong>prodigiis</strong></span> <span class='ocrx_word' id='word_1_410' title='bbox 2789 2162 3184 2227; x_wconf 89' lang='lat' dir='ltr'><strong>assuefactum,</strong></span> <span class='ocrx_word' id='word_1_411' title='bbox 3215 2163 3270 2215; x_wconf 89' lang='lat' dir='ltr'>in</span> <span class='ocrx_word' id='word_1_412' title='bbox 3310 2159 3461 2230; x_wconf 82' lang='lat' dir='ltr'>Moy-</span> 
     </span>
    </p>
   </div>
   <div class='ocr_carea' id='block_1_60' title="bbox 1873 2252 3461 2324">
    <p class='ocr_par' dir='ltr' id='par_1_60' title="bbox 1873 2252 3461 2324">
     <span class='ocr_line' id='line_1_60' title="bbox 1873 2252 3461 2324; baseline -0.008 -9"><span class='ocrx_word' id='word_1_413' title='bbox 1873 2275 1970 2315; x_wconf 91' lang='lat' dir='ltr'>sen</span> <span class='ocrx_word' id='word_1_414' title='bbox 2007 2258 2320 2314; x_wconf 83' lang='lat' dir='ltr'><strong>concitavit.</strong></span> <span class='ocrx_word' id='word_1_415' title='bbox 2357 2257 2427 2309; x_wconf 80' lang='lat' dir='ltr'>At</span> <span class='ocrx_word' id='word_1_416' title='bbox 2465 2256 2555 2310; x_wconf 92' lang='lat' dir='ltr'><strong>ille</strong></span> <span class='ocrx_word' id='word_1_417' title='bbox 2588 2253 2916 2324; x_wconf 87' lang='lat' dir='ltr'><strong>intrepidus,</strong></span> <span class='ocrx_word' id='word_1_418' title='bbox 2944 2267 3080 2308; x_wconf 88' lang='lat' dir='ltr'><strong>voce</strong></span> <span class='ocrx_word' id='word_1_419' title='bbox 3109 2252 3328 2322; x_wconf 90' lang='lat' dir='ltr'><strong>quidem</strong></span> <span class='ocrx_word' id='word_1_420' title='bbox 3363 2265 3461 2319; x_wconf 86' lang='lat' dir='ltr'>po-</span> 
     </span>
    </p>
   </div>
   <div class='ocr_carea' id='block_1_61' title="bbox 1871 2343 3456 2423">
    <p class='ocr_par' dir='ltr' id='par_1_61' title="bbox 1871 2343 3456 2423">
     <span class='ocr_line' id='line_1_61' title="bbox 1871 2343 3456 2423; baseline -0.006 -18"><span class='ocrx_word' id='word_1_421' title='bbox 1871 2353 2092 2423; x_wconf 90' lang='lat' dir='ltr'><strong>pulum,</strong></span> <span class='ocrx_word' id='word_1_422' title='bbox 2140 2357 2202 2404; x_wconf 91' lang='lat' dir='ltr'><strong>ut</strong></span> <span class='ocrx_word' id='word_1_423' title='bbox 2235 2350 2293 2404; x_wconf 94' lang='lat' dir='ltr'><strong>in</strong></span> <span class='ocrx_word' id='word_1_424' title='bbox 2322 2347 2552 2402; x_wconf 86' lang='lat' dir='ltr'><strong>Domino</strong></span> <span class='ocrx_word' id='word_1_425' title='bbox 2583 2361 2734 2416; x_wconf 90' lang='lat' dir='ltr'><strong>spem</strong></span> <span class='ocrx_word' id='word_1_426' title='bbox 2771 2346 3062 2408; x_wconf 86' lang='lat' dir='ltr'><strong>haberent,</strong></span> <span class='ocrx_word' id='word_1_427' title='bbox 3101 2343 3456 2407; x_wconf 84' lang='lat' dir='ltr'><strong>hortabatur,</strong></span> 
     </span>
    </p>
   </div>
   <div class='ocr_carea' id='block_1_62' title="bbox 1872 2433 3458 2508">
    <p class='ocr_par' dir='ltr' id='par_1_62' title="bbox 1872 2433 3458 2508">
     <span class='ocr_line' id='line_1_62' title="bbox 1872 2433 3458 2508; baseline -0.008 -11"><span class='ocrx_word' id='word_1_428' title='bbox 1872 2443 2055 2498; x_wconf 87' lang='lat' dir='ltr'><strong>animo</strong></span> <span class='ocrx_word' id='word_1_429' title='bbox 2085 2449 2268 2496; x_wconf 90' lang='lat' dir='ltr'><strong>autem</strong></span> <span class='ocrx_word' id='word_1_430' title='bbox 2297 2440 2362 2494; x_wconf 91' lang='lat' dir='ltr'>ad</span> <span class='ocrx_word' id='word_1_431' title='bbox 2393 2439 2563 2496; x_wconf 87' lang='lat' dir='ltr'><strong>Deum</strong></span> <span class='ocrx_word' id='word_1_432' title='bbox 2591 2437 2811 2508; x_wconf 89' lang='lat' dir='ltr'><strong>penitus</strong></span> <span class='ocrx_word' id='word_1_433' title='bbox 2839 2450 3164 2499; x_wconf 89' lang='lat' dir='ltr'><strong>conversus,</strong></span> <span class='ocrx_word' id='word_1_434' title='bbox 3195 2433 3458 2487; x_wconf 81' lang='lat' dir='ltr'>auxilium</span> 
     </span>
    </p>
   </div>
   <div class='ocr_carea' id='block_1_63' title="bbox 1871 2524 3473 2602">
    <p class='ocr_par' dir='ltr' id='par_1_63' title="bbox 1871 2524 3473 2602">
     <span class='ocr_line' id='line_1_63' title="bbox 1871 2524 3473 2602; baseline -0.005 -16"><span class='ocrx_word' id='word_1_435' title='bbox 1871 2535 2072 2588; x_wconf 85' lang='lat' dir='ltr'><strong>tacitus</strong></span> <span class='ocrx_word' id='word_1_436' title='bbox 2111 2531 2453 2602; x_wconf 90' lang='lat' dir='ltr'><strong>implorabat.</strong></span> <span class='ocrx_word' id='word_1_437' title='bbox 2485 2529 2608 2596; x_wconf 84' lang='lat' dir='ltr'>Quo</span> <span class='ocrx_word' id='word_1_438' title='bbox 2638 2529 2923 2583; x_wconf 90' lang='lat' dir='ltr'><strong>recondito</strong></span> <span class='ocrx_word' id='word_1_439' title='bbox 2960 2528 3199 2583; x_wconf 88' lang='lat' dir='ltr'><strong>clamore</strong></span> <span class='ocrx_word' id='word_1_440' title='bbox 3235 2524 3473 2578; x_wconf 52' lang='lat' dir='ltr'><strong>Creator-</strong></span> 
     </span>
    </p>
   </div>
   <div class='ocr_carea' id='block_1_64' title="bbox 1871 2614 3460 2692">
    <p class='ocr_par' dir='ltr' id='par_1_64' title="bbox 1871 2614 3460 2692">
     <span class='ocr_line' id='line_1_64' title="bbox 1871 2614 3460 2692; baseline -0.005 -13"><span class='ocrx_word' id='word_1_441' title='bbox 1871 2631 2150 2686; x_wconf 78' lang='lat' dir='ltr'><strong>exoratus,</strong></span> <span class='ocrx_word' id='word_1_442' title='bbox 2174 2629 2376 2692; x_wconf 75' lang='lat' dir='ltr'><strong>praesto</strong></span> <span class='ocrx_word' id='word_1_443' title='bbox 2403 2619 2620 2675; x_wconf 89' lang='lat' dir='ltr'><strong>miseris</strong></span> <span class='ocrx_word' id='word_1_444' title='bbox 2644 2634 2708 2674; x_wconf 88' lang='lat' dir='ltr'><strong>ac</strong></span> <span class='ocrx_word' id='word_1_445' title='bbox 2731 2618 3061 2672; x_wconf 89' lang='lat' dir='ltr'><strong>mirabiliter</strong></span> <span class='ocrx_word' id='word_1_446' title='bbox 3082 2615 3259 2669; x_wconf 80' lang='lat' dir='ltr'><strong>aﬂ‘uit.</strong></span> <span class='ocrx_word' id='word_1_447' title='bbox 3275 2614 3460 2671; x_wconf 81' lang='lat' dir='ltr'><strong>Nubes</strong></span> 
     </span>
    </p>
   </div>
   <div class='ocr_carea' id='block_1_65' title="bbox 1829 2706 3460 2791">
    <p class='ocr_par' dir='ltr' id='par_1_65' title="bbox 1829 2706 3460 2791">
     <span class='ocr_line' id='line_1_65' title="bbox 1829 2706 3460 2791; baseline -0.006 -21"><span class='ocrx_word' id='word_1_448' title='bbox 1829 2786 1835 2791; x_wconf 26' lang='lat'><strong>.</strong></span> <span class='ocrx_word' id='word_1_449' title='bbox 1871 2717 2016 2770; x_wconf 84' lang='lat' dir='ltr'><strong>enim</strong></span> <span class='ocrx_word' id='word_1_450' title='bbox 2043 2730 2166 2784; x_wconf 72' lang='lat' dir='ltr'><strong>quae</strong></span> <span class='ocrx_word' id='word_1_451' title='bbox 2206 2713 2302 2767; x_wconf 88' lang='lat' dir='ltr'>Dei</span> <span class='ocrx_word' id='word_1_452' title='bbox 2344 2712 2504 2781; x_wconf 90' lang='lat' dir='ltr'><strong>jussu</strong></span> <span class='ocrx_word' id='word_1_453' title='bbox 2546 2724 2656 2764; x_wconf 88' lang='lat' dir='ltr'>non</span> <span class='ocrx_word' id='word_1_454' title='bbox 2697 2719 2892 2763; x_wconf 87' lang='lat' dir='ltr'><strong>natura</strong></span> <span class='ocrx_word' id='word_1_455' title='bbox 2932 2706 3302 2778; x_wconf 83' lang='lat' dir='ltr'><strong>praecedebat,</strong></span> <span class='ocrx_word' id='word_1_456' title='bbox 3348 2721 3460 2760; x_wconf 87' lang='lat' dir='ltr'>non</span> 
     </span>
    </p>
   </div>
   <div class='ocr_carea' id='block_1_66' title="bbox 1870 2796 3462 2876">
    <p class='ocr_par' dir='ltr' id='par_1_66' title="bbox 1870 2796 3462 2876">
     <span class='ocr_line' id='line_1_66' title="bbox 1870 2796 3462 2876; baseline -0.008 -15"><span class='ocrx_word' id='word_1_457' title='bbox 1870 2821 2062 2876; x_wconf 88' lang='lat' dir='ltr'><strong>presso</strong></span> <span class='ocrx_word' id='word_1_458' title='bbox 2079 2820 2203 2859; x_wconf 91' lang='lat' dir='ltr'><strong>aere</strong></span> <span class='ocrx_word' id='word_1_459' title='bbox 2223 2803 2523 2872; x_wconf 90' lang='lat' dir='ltr'><strong>vaporibus</strong></span> <span class='ocrx_word' id='word_1_460' title='bbox 2549 2809 2644 2855; x_wconf 88' lang='lat' dir='ltr'><strong>aut</strong></span> <span class='ocrx_word' id='word_1_461' title='bbox 2671 2809 2962 2856; x_wconf 91' lang='lat' dir='ltr'><strong>ventorum</strong></span> <span class='ocrx_word' id='word_1_462' title='bbox 2996 2799 3200 2867; x_wconf 91' lang='lat' dir='ltr'><strong>impetu</strong></span> <span class='ocrx_word' id='word_1_463' title='bbox 3231 2796 3462 2850; x_wconf 88' lang='lat' dir='ltr'><strong>densato</strong></span> 
     </span>
    </p>
   </div>
   <div class='ocr_carea' id='block_1_67' title="bbox 1872 2887 3457 2961">
    <p class='ocr_par' dir='ltr' id='par_1_67' title="bbox 1872 2887 3457 2961">
     <span class='ocr_line' id='line_1_67' title="bbox 1872 2887 3457 2961; baseline -0.006 -11"><span class='ocrx_word' id='word_1_464' title='bbox 1872 2896 2192 2960; x_wconf 89' lang='lat' dir='ltr'><strong>constituta,</strong></span> <span class='ocrx_word' id='word_1_465' title='bbox 2214 2893 2309 2948; x_wconf 92' lang='lat' dir='ltr'>sed</span> <span class='ocrx_word' id='word_1_466' title='bbox 2329 2892 2472 2946; x_wconf 89' lang='lat' dir='ltr'><strong>aliud</strong></span> <span class='ocrx_word' id='word_1_467' title='bbox 2496 2890 2754 2961; x_wconf 87' lang='lat' dir='ltr'><strong>quiddam</strong></span> <span class='ocrx_word' id='word_1_468' title='bbox 2773 2889 3056 2952; x_wconf 85' lang='lat' dir='ltr'><strong>divinitus,</strong></span> <span class='ocrx_word' id='word_1_469' title='bbox 3083 2896 3246 2956; x_wconf 89' lang='lat' dir='ltr'><strong>atque</strong></span> <span class='ocrx_word' id='word_1_470' title='bbox 3268 2887 3457 2947; x_wconf 86' lang='lat' dir='ltr'><strong>altius,</strong></span> 
     </span>
    </p>
   </div>
   <div class='ocr_carea' id='block_1_68' title="bbox 1873 2979 3461 3058">
    <p class='ocr_par' dir='ltr' id='par_1_68' title="bbox 1873 2979 3461 3058">
     <span class='ocr_line' id='line_1_68' title="bbox 1873 2979 3461 3058; baseline -0.007 -17"><span class='ocrx_word' id='word_1_471' title='bbox 1873 3003 2034 3058; x_wconf 91' lang='lat' dir='ltr'><strong>quam</strong></span> <span class='ocrx_word' id='word_1_472' title='bbox 2063 2986 2302 3040; x_wconf 90' lang='lat' dir='ltr'><strong>humana</strong></span> <span class='ocrx_word' id='word_1_473' title='bbox 2330 2999 2484 3038; x_wconf 88' lang='lat' dir='ltr'><strong>mens</strong></span> <span class='ocrx_word' id='word_1_474' title='bbox 2519 2983 2804 3053; x_wconf 87' lang='lat' dir='ltr'><strong>percipere</strong></span> <span class='ocrx_word' id='word_1_475' title='bbox 2831 2981 3031 3043; x_wconf 88' lang='lat' dir='ltr'><strong>valeat,</strong></span> <span class='ocrx_word' id='word_1_476' title='bbox 3069 2979 3358 3048; x_wconf 91' lang='lat' dir='ltr'><strong>siquidem,</strong></span> <span class='ocrx_word' id='word_1_477' title='bbox 3400 2986 3461 3032; x_wconf 91' lang='lat' dir='ltr'><strong>ut</strong></span> 
     </span>
    </p>
   </div>
   <div class='ocr_carea' id='block_1_69' title="bbox 1875 3071 3460 3148">
    <p class='ocr_par' dir='ltr' id='par_1_69' title="bbox 1875 3071 3460 3148">
     <span class='ocr_line' id='line_1_69' title="bbox 1875 3071 3460 3148; baseline -0.006 -16"><span class='ocrx_word' id='word_1_478' title='bbox 1875 3079 2158 3148; x_wconf 88' lang='lat' dir='ltr'><strong>Scriptura</strong></span> <span class='ocrx_word' id='word_1_479' title='bbox 2199 3077 2506 3140; x_wconf 77' lang='lat' dir='ltr'><strong>testatur&quot;,</strong></span> <span class='ocrx_word' id='word_1_480' title='bbox 2532 3075 2639 3129; x_wconf 90' lang='lat' dir='ltr'><strong>tale</strong></span> <span class='ocrx_word' id='word_1_481' title='bbox 2661 3073 2983 3128; x_wconf 90' lang='lat' dir='ltr'><strong>miraculum</strong></span> <span class='ocrx_word' id='word_1_482' title='bbox 3027 3071 3346 3141; x_wconf 86' lang='lat' dir='ltr'><strong>apparebat,</strong></span> <span class='ocrx_word' id='word_1_483' title='bbox 3399 3077 3460 3123; x_wconf 89' lang='lat' dir='ltr'>ut</span> 
     </span>
    </p>
   </div>
   <div class='ocr_carea' id='block_1_70' title="bbox 1874 3163 3460 3235">
    <p class='ocr_par' dir='ltr' id='par_1_70' title="bbox 1874 3163 3460 3235">
     <span class='ocr_line' id='line_1_70' title="bbox 1874 3163 3460 3235; baseline -0.006 -10"><span class='ocrx_word' id='word_1_484' title='bbox 1874 3172 2000 3225; x_wconf 92' lang='lat' dir='ltr'>dum</span> <span class='ocrx_word' id='word_1_485' title='bbox 2040 3170 2295 3224; x_wconf 86' lang='lat' dir='ltr'><strong>ardentes</strong></span> <span class='ocrx_word' id='word_1_486' title='bbox 2329 3169 2463 3222; x_wconf 90' lang='lat' dir='ltr'><strong>solis</strong></span> <span class='ocrx_word' id='word_1_487' title='bbox 2508 3165 2642 3220; x_wconf 89' lang='lat' dir='ltr'><strong>radii</strong></span> <span class='ocrx_word' id='word_1_488' title='bbox 2685 3165 2976 3235; x_wconf 82' lang='lat' dir='ltr'><strong>fulgerent,</strong></span> <span class='ocrx_word' id='word_1_489' title='bbox 3006 3165 3266 3234; x_wconf 87' lang='lat' dir='ltr'><strong>populum</strong></span> <span class='ocrx_word' id='word_1_490' title='bbox 3299 3163 3460 3232; x_wconf 87' lang='lat' dir='ltr'><strong>quasi</strong></span> 
     </span>
    </p>
   </div>
   <div class='ocr_carea' id='block_1_71' title="bbox 1872 3256 3463 3332">
    <p class='ocr_par' dir='ltr' id='par_1_71' title="bbox 1872 3256 3463 3332">
     <span class='ocr_line' id='line_1_71' title="bbox 1872 3256 3463 3332; baseline -0.005 -14"><span class='ocrx_word' id='word_1_491' title='bbox 1872 3271 2026 3332; x_wconf 85' lang='lat' dir='ltr'><strong>septo</strong></span> <span class='ocrx_word' id='word_1_492' title='bbox 2067 3261 2355 3331; x_wconf 89' lang='lat' dir='ltr'><strong>interjecto</strong></span> <span class='ocrx_word' id='word_1_493' title='bbox 2385 3267 2712 3330; x_wconf 79' lang='lat' dir='ltr'><strong>protegeret,</strong></span> <span class='ocrx_word' id='word_1_494' title='bbox 2761 3267 2923 3327; x_wconf 85' lang='lat' dir='ltr'><strong>atque</strong></span> <span class='ocrx_word' id='word_1_495' title='bbox 2967 3257 3158 3310; x_wconf 90' lang='lat' dir='ltr'><strong>umbra</strong></span> <span class='ocrx_word' id='word_1_496' title='bbox 3203 3256 3463 3325; x_wconf 85' lang='lat' dir='ltr'><strong>tenuique</strong></span> 
     </span>
    </p>
   </div>
   <div class='ocr_carea' id='block_1_72' title="bbox 1869 3346 3459 3418">
    <p class='ocr_par' dir='ltr' id='par_1_72' title="bbox 1869 3346 3459 3418">
     <span class='ocr_line' id='line_1_72' title="bbox 1869 3346 3459 3418; baseline -0.006 -10"><span class='ocrx_word' id='word_1_497' title='bbox 1869 3370 1994 3409; x_wconf 92' lang='lat' dir='ltr'><strong>rore</strong></span> <span class='ocrx_word' id='word_1_498' title='bbox 2030 3353 2249 3415; x_wconf 78' lang='lat' dir='ltr'><strong>dill‘uso,</strong></span> <span class='ocrx_word' id='word_1_499' title='bbox 2289 3352 2434 3407; x_wconf 92' lang='lat' dir='ltr'><strong>aeris</strong></span> <span class='ocrx_word' id='word_1_500' title='bbox 2464 3352 2539 3404; x_wconf 92' lang='lat' dir='ltr'><strong>illi</strong></span> <span class='ocrx_word' id='word_1_501' title='bbox 2569 3350 2819 3405; x_wconf 88' lang='lat' dir='ltr'><strong>ardorem</strong></span> <span class='ocrx_word' id='word_1_502' title='bbox 2844 3346 3346 3418; x_wconf 84' lang='lat' dir='ltr'><strong>mitigaret;noctis</strong></span> <span class='ocrx_word' id='word_1_503' title='bbox 3365 3361 3459 3399; x_wconf 90' lang='lat' dir='ltr'><strong>ve-</strong></span> 
     </span>
    </p>
   </div>
   <div class='ocr_carea' id='block_1_73' title="bbox 1870 3440 3460 3517">
    <p class='ocr_par' dir='ltr' id='par_1_73' title="bbox 1870 3440 3460 3517">
     <span class='ocr_line' id='line_1_73' title="bbox 1870 3440 3460 3517; baseline -0.007 -17"><span class='ocrx_word' id='word_1_504' title='bbox 1870 3461 1935 3500; x_wconf 92' lang='lat' dir='ltr'>ro</span> <span class='ocrx_word' id='word_1_505' title='bbox 1964 3454 2208 3517; x_wconf 85' lang='lat' dir='ltr'><strong>tempore</strong></span> <span class='ocrx_word' id='word_1_506' title='bbox 2238 3443 2294 3500; x_wconf 89' lang='lat' dir='ltr'>in</span> <span class='ocrx_word' id='word_1_507' title='bbox 2325 3443 2504 3515; x_wconf 80' lang='lat' dir='ltr'><strong>ignem</strong></span> <span class='ocrx_word' id='word_1_508' title='bbox 2535 3458 2689 3498; x_wconf 87' lang='lat' dir='ltr'><strong>versa</strong></span> <span class='ocrx_word' id='word_1_509' title='bbox 2725 3441 2837 3512; x_wconf 83' lang='lat' dir='ltr'>jam</span> <span class='ocrx_word' id='word_1_510' title='bbox 2881 3440 3004 3496; x_wconf 89' lang='lat' dir='ltr'><strong>inde</strong></span> <span class='ocrx_word' id='word_1_511' title='bbox 3039 3456 3070 3494; x_wconf 91' lang='lat' dir='ltr'><strong>a</strong></span> <span class='ocrx_word' id='word_1_512' title='bbox 3106 3454 3334 3509; x_wconf 88' lang='lat' dir='ltr'><strong>vespera</strong></span> <span class='ocrx_word' id='word_1_513' title='bbox 3367 3451 3460 3491; x_wconf 85' lang='lat' dir='ltr'><strong>us-</strong></span> 
     </span>
    </p>
   </div>
   <div class='ocr_carea' id='block_1_74' title="bbox 1873 3528 3463 3607">
    <p class='ocr_par' dir='ltr' id='par_1_74' title="bbox 1873 3528 3463 3607">
     <span class='ocr_line' id='line_1_74' title="bbox 1873 3528 3463 3607; baseline -0.006 -15"><span class='ocrx_word' id='word_1_514' title='bbox 1873 3553 1979 3607; x_wconf 89' lang='lat' dir='ltr'>que</span> <span class='ocrx_word' id='word_1_515' title='bbox 2011 3537 2079 3590; x_wconf 90' lang='lat' dir='ltr'>ad</span> <span class='ocrx_word' id='word_1_516' title='bbox 2105 3537 2237 3593; x_wconf 89' lang='lat' dir='ltr'><strong>solis</strong></span> <span class='ocrx_word' id='word_1_517' title='bbox 2263 3544 2445 3591; x_wconf 91' lang='lat' dir='ltr'><strong>ortum</strong></span> <span class='ocrx_word' id='word_1_518' title='bbox 2483 3550 2584 3590; x_wconf 93' lang='lat' dir='ltr'>suo</span> <span class='ocrx_word' id='word_1_519' title='bbox 2608 3533 2812 3588; x_wconf 87' lang='lat' dir='ltr'><strong>lumine</strong></span> <span class='ocrx_word' id='word_1_520' title='bbox 2839 3530 3101 3586; x_wconf 86' lang='lat' dir='ltr'><strong>lsraelitis</strong></span> <span class='ocrx_word' id='word_1_521' title='bbox 3125 3528 3298 3584; x_wconf 80' lang='lat' dir='ltr'><strong>facem</strong></span> <span class='ocrx_word' id='word_1_522' title='bbox 3324 3543 3463 3598; x_wconf 74' lang='lat' dir='ltr'><strong>prae-</strong></span> 
     </span>
    </p>
   </div>
   <div class='ocr_carea' id='block_1_75' title="bbox 1882 3628 2067 3683">
    <p class='ocr_par' dir='ltr' id='par_1_75' title="bbox 1882 3628 2067 3683">
     <span class='ocr_line' id='line_1_75' title="bbox 1882 3628 2067 3683; baseline -0.005 -1"><span class='ocrx_word' id='word_1_523' title='bbox 1882 3628 2067 3683; x_wconf 85' lang='lat' dir='ltr'><strong>ferret.</strong></span> 
     </span>
    </p>
   </div>
   <div class='ocr_carea' id='block_1_76' title="bbox 167 3712 3466 3793">
    <p class='ocr_par' dir='ltr' id='par_1_76' title="bbox 167 3712 3466 3793">
     <span class='ocr_line' id='line_1_76' title="bbox 167 3712 3466 3793; baseline -0 -25"><span class='ocrx_word' id='word_1_524' title='bbox 167 3717 299 3787; x_wconf 73' lang='grc' dir='ltr'>νοίᾳ</span> <span class='ocrx_word' id='word_1_525' title='bbox 337 3717 417 3787; x_wconf 85' lang='grc' dir='ltr'>τῷ</span> <span class='ocrx_word' id='word_1_526' title='bbox 461 3716 581 3788; x_wconf 86' lang='grc' dir='ltr'>Θεῷ</span> <span class='ocrx_word' id='word_1_527' title='bbox 619 3720 916 3791; x_wconf 83' lang='grc' dir='ltr'>προσάγειν</span> <span class='ocrx_word' id='word_1_528' title='bbox 964 3720 1062 3791; x_wconf 81' lang='grc' dir='ltr'>τὴν</span> <span class='ocrx_word' id='word_1_529' title='bbox 1107 3721 1247 3792; x_wconf 84' lang='grc' dir='ltr'>ὑπὲρ</span> <span class='ocrx_word' id='word_1_530' title='bbox 1289 3721 1397 3775; x_wconf 83' lang='grc' dir='ltr'>τῶν</span> <span class='ocrx_word' id='word_1_531' title='bbox 1429 3723 1848 3793; x_wconf 82' lang='grc' dir='ltr'>κατεπτηχότων</span> <span class='ocrx_word' id='word_1_532' title='bbox 1882 3722 2162 3792; x_wconf 84' lang='grc' dir='ltr'>ἱκετηρίαν</span> <span class='ocrx_word' id='word_1_533' title='bbox 2186 3739 2199 3752; x_wconf 89' lang='grc'><strong>·</strong></span> <span class='ocrx_word' id='word_1_534' title='bbox 2232 3722 2327 3775; x_wconf 73' lang='grc' dir='ltr'>καὶ</span> <span class='ocrx_word' id='word_1_535' title='bbox 2385 3722 2533 3784; x_wconf 85' lang='grc' dir='ltr'>ὅπως</span> <span class='ocrx_word' id='word_1_536' title='bbox 2569 3721 2636 3774; x_wconf 84' lang='grc' dir='ltr'>ἂν</span> <span class='ocrx_word' id='word_1_537' title='bbox 2681 3718 2921 3792; x_wconf 83' lang='grc' dir='ltr'>διαφύγῃ</span> <span class='ocrx_word' id='word_1_538' title='bbox 2951 3719 3041 3771; x_wconf 81' lang='grc' dir='ltr'>τὸν</span> <span class='ocrx_word' id='word_1_539' title='bbox 3085 3715 3348 3777; x_wconf 88' lang='grc' dir='ltr'>κίνδυνον,</span> <span class='ocrx_word' id='word_1_540' title='bbox 3373 3712 3466 3767; x_wconf 80' lang='grc' dir='ltr'>διὰ</span> 
     </span>
    </p>
   </div>
   <div class='ocr_carea' id='block_1_77' title="bbox 166 3803 3461 3884">
    <p class='ocr_par' dir='ltr' id='par_1_77' title="bbox 166 3803 3461 3884">
     <span class='ocr_line' id='line_1_77' title="bbox 166 3803 3461 3884; baseline 0.002 -26"><span class='ocrx_word' id='word_1_541' title='bbox 166 3806 275 3876; x_wconf 78' lang='grc' dir='ltr'>τῆς</span> <span class='ocrx_word' id='word_1_542' title='bbox 335 3805 546 3860; x_wconf 81' lang='grc' dir='ltr'>ἄνωθεν</span> <span class='ocrx_word' id='word_1_543' title='bbox 593 3807 901 3878; x_wconf 86' lang='grc' dir='ltr'>συμϐουλῆς</span> <span class='ocrx_word' id='word_1_544' title='bbox 950 3810 1299 3880; x_wconf 82' lang='grc' dir='ltr'>όδηγεῖσθαι,</span> <span class='ocrx_word' id='word_1_545' title='bbox 1353 3812 1517 3865; x_wconf 85' lang='grc' dir='ltr'>αὐτοῦ</span> <span class='ocrx_word' id='word_1_546' title='bbox 1558 3812 1653 3866; x_wconf 84' lang='grc' dir='ltr'>τοῦ</span> <span class='ocrx_word' id='word_1_547' title='bbox 1686 3813 1822 3866; x_wconf 80' lang='grc' dir='ltr'>Θεοῦ</span> <span class='ocrx_word' id='word_1_548' title='bbox 1862 3811 2075 3884; x_wconf 88' lang='grc' dir='ltr'>(καθώς</span> <span class='ocrx_word' id='word_1_549' title='bbox 2137 3828 2301 3880; x_wconf 84' lang='grc' dir='ltr'>φησιν</span> <span class='ocrx_word' id='word_1_550' title='bbox 2351 3813 2384 3882; x_wconf 85' lang='grc' dir='ltr'><strong>ἡ</strong></span> <span class='ocrx_word' id='word_1_551' title='bbox 2440 3811 2686 3880; x_wconf 85' lang='grc' dir='ltr'>ἱστορία)</span> <span class='ocrx_word' id='word_1_552' title='bbox 2734 3813 2832 3880; x_wconf 83' lang='grc' dir='ltr'>τῆς</span> <span class='ocrx_word' id='word_1_553' title='bbox 2887 3809 3152 3879; x_wconf 83' lang='grc' dir='ltr'>ἀλαλήτου</span> <span class='ocrx_word' id='word_1_554' title='bbox 3211 3803 3461 3876; x_wconf 74' lang='grc' dir='ltr'>κραυγῆς</span> 
     </span>
    </p>
   </div>
   <div class='ocr_carea' id='block_1_78' title="bbox 167 3898 3462 3979">
    <p class='ocr_par' dir='ltr' id='par_1_78' title="bbox 167 3898 3462 3979">
     <span class='ocr_line' id='line_1_78' title="bbox 167 3898 3462 3979; baseline 0.001 -28"><span class='ocrx_word' id='word_1_555' title='bbox 167 3899 484 3962; x_wconf 74' lang='grc' dir='ltr'>ὲπαῖοντος.</span> <span class='ocrx_word' id='word_1_556' title='bbox 526 3900 775 3971; x_wconf 79' lang='grc' dir='ltr'>Νεφέλης</span> <span class='ocrx_word' id='word_1_557' title='bbox 831 3903 888 3956; x_wconf 85' lang='grc' dir='ltr'>δὲ</span> <span class='ocrx_word' id='word_1_558' title='bbox 929 3903 1026 3956; x_wconf 81' lang='grc' dir='ltr'>τοῦ</span> <span class='ocrx_word' id='word_1_559' title='bbox 1072 3903 1204 3957; x_wconf 78' lang='grc' dir='ltr'>λαοῦ</span> <span class='ocrx_word' id='word_1_560' title='bbox 1255 3905 1375 3976; x_wconf 79' lang='grc' dir='ltr'>θείᾳ</span> <span class='ocrx_word' id='word_1_561' title='bbox 1419 3905 1643 3977; x_wconf 85' lang='grc' dir='ltr'>δυνάμει</span> <span class='ocrx_word' id='word_1_562' title='bbox 1692 3907 2232 3979; x_wconf 86' lang='grc' dir='ltr'>καθηγουμένης,-οὐ</span> <span class='ocrx_word' id='word_1_563' title='bbox 2282 3905 2423 3959; x_wconf 85' lang='grc' dir='ltr'>κατά</span> <span class='ocrx_word' id='word_1_564' title='bbox 2467 3908 2566 3974; x_wconf 80' lang='grc' dir='ltr'>τὴν</span> <span class='ocrx_word' id='word_1_565' title='bbox 2615 3905 2801 3973; x_wconf 84' lang='grc' dir='ltr'>κοινὴν</span> <span class='ocrx_word' id='word_1_566' title='bbox 2835 3902 2993 3971; x_wconf 89' lang='grc' dir='ltr'>φύσιν</span> <span class='ocrx_word' id='word_1_567' title='bbox 3044 3900 3194 3971; x_wconf 84' lang='grc' dir='ltr'>(οὐδὲ</span> <span class='ocrx_word' id='word_1_568' title='bbox 3238 3900 3346 3970; x_wconf 86' lang='grc' dir='ltr'>γὰρ</span> <span class='ocrx_word' id='word_1_569' title='bbox 3401 3898 3462 3962; x_wconf 80' lang='grc' dir='ltr'>ἐξ</span> 
     </span>
    </p>
   </div>
   <div class='ocr_carea' id='block_1_79' title="bbox 168 3992 3479 4072">
    <p class='ocr_par' dir='ltr' id='par_1_79' title="bbox 168 3992 3479 4072">
     <span class='ocr_line' id='line_1_79' title="bbox 168 3992 3479 4072; baseline -0.002 -23"><span class='ocrx_word' id='word_1_570' title='bbox 168 3994 374 4065; x_wconf 83' lang='grc' dir='ltr'>ἀτμῶν</span> <span class='ocrx_word' id='word_1_571' title='bbox 392 3997 607 4066; x_wconf 87' lang='grc' dir='ltr'>τινωνῆ</span> <span class='ocrx_word' id='word_1_572' title='bbox 641 3996 1063 4067; x_wconf 84' lang='grc' dir='ltr'>ἀναθυμιάσεων</span> <span class='ocrx_word' id='word_1_573' title='bbox 1100 4001 1132 4069; x_wconf 78' lang='grc' dir='ltr'>ἡ</span> <span class='ocrx_word' id='word_1_574' title='bbox 1165 3999 1424 4063; x_wconf 86' lang='grc' dir='ltr'>σύστασις</span> <span class='ocrx_word' id='word_1_575' title='bbox 1455 4001 1627 4071; x_wconf 84' lang='grc' dir='ltr'>αὐτῆς</span> <span class='ocrx_word' id='word_1_576' title='bbox 1662 3997 1750 4069; x_wconf 79' lang='grc' dir='ltr'>ἦν,</span> <span class='ocrx_word' id='word_1_577' title='bbox 1779 4001 2155 4072; x_wconf 82' lang='grc' dir='ltr'>παχυνομένου</span> <span class='ocrx_word' id='word_1_578' title='bbox 2185 4002 2298 4062; x_wconf 84' lang='grc' dir='ltr'>τοῖς</span> <span class='ocrx_word' id='word_1_579' title='bbox 2323 4000 2514 4068; x_wconf 86' lang='grc' dir='ltr'>ἀτμοῖς</span> <span class='ocrx_word' id='word_1_580' title='bbox 2546 3997 2639 4051; x_wconf 84' lang='grc' dir='ltr'>τοῦ</span> <span class='ocrx_word' id='word_1_581' title='bbox 2678 3998 2859 4068; x_wconf 82' lang='grc' dir='ltr'>ἀέρος,</span> <span class='ocrx_word' id='word_1_582' title='bbox 2896 3996 2983 4049; x_wconf 78' lang='grc' dir='ltr'>διὰ</span> <span class='ocrx_word' id='word_1_583' title='bbox 3010 3996 3108 4066; x_wconf 84' lang='grc' dir='ltr'>τῆς</span> <span class='ocrx_word' id='word_1_584' title='bbox 3130 3992 3479 4064; x_wconf 79' lang='grc' dir='ltr'>ὁμιχλώδους·</span> 
     </span>
    </p>
   </div>
   <div class='ocr_carea' id='block_1_80' title="bbox 169 4084 3463 4162">
    <p class='ocr_par' dir='ltr' id='par_1_80' title="bbox 169 4084 3463 4162">
     <span class='ocr_line' id='line_1_80' title="bbox 169 4084 3463 4162; baseline 0.001 -27"><span class='ocrx_word' id='word_1_585' title='bbox 169 4085 518 4146; x_wconf 78' lang='grc' dir='ltr'>συστάσεως,</span> <span class='ocrx_word' id='word_1_586' title='bbox 575 4086 670 4137; x_wconf 74' lang='grc' dir='ltr'>καὶ</span> <span class='ocrx_word' id='word_1_587' title='bbox 709 4087 845 4156; x_wconf 88' lang='grc' dir='ltr'>πρὸς</span> <span class='ocrx_word' id='word_1_588' title='bbox 899 4088 1095 4158; x_wconf 80' lang='grc' dir='ltr'>ἑαυτὴν</span> <span class='ocrx_word' id='word_1_589' title='bbox 1142 4090 1580 4161; x_wconf 86' lang='grc' dir='ltr'>συμπιλουμένου</span> <span class='ocrx_word' id='word_1_590' title='bbox 1611 4093 1724 4154; x_wconf 88' lang='grc' dir='ltr'>τοῖς</span> <span class='ocrx_word' id='word_1_591' title='bbox 1754 4091 2110 4162; x_wconf 87' lang='grc' dir='ltr'>πνεύμασιν),</span> <span class='ocrx_word' id='word_1_592' title='bbox 2157 4089 2293 4144; x_wconf 85' lang='grc' dir='ltr'>ἀλλά</span> <span class='ocrx_word' id='word_1_593' title='bbox 2347 4090 2592 4160; x_wconf 86' lang='grc' dir='ltr'>κρεῖττόν</span> <span class='ocrx_word' id='word_1_594' title='bbox 2631 4106 2682 4141; x_wconf 86' lang='grc' dir='ltr'>τι</span> <span class='ocrx_word' id='word_1_595' title='bbox 2731 4089 2826 4142; x_wconf 71' lang='grc' dir='ltr'>καὶ</span> <span class='ocrx_word' id='word_1_596' title='bbox 2866 4086 3194 4158; x_wconf 69' lang='grc' dir='ltr'>ὑψηλότερον</span> <span class='ocrx_word' id='word_1_597' title='bbox 3230 4085 3330 4153; x_wconf 81' lang='grc' dir='ltr'>τῆς</span> <span class='ocrx_word' id='word_1_598' title='bbox 3366 4084 3463 4139; x_wconf 82' lang='grc' dir='ltr'>ἀν·</span> 
     </span>
    </p>
   </div>
   <div class='ocr_carea' id='block_1_81' title="bbox 167 4170 3460 4258">
    <p class='ocr_par' dir='ltr' id='par_1_81' title="bbox 167 4170 3460 4258">
     <span class='ocr_line' id='line_1_81' title="bbox 167 4170 3460 4258; baseline 0 -29"><span class='ocrx_word' id='word_1_599' title='bbox 167 4176 462 4247; x_wconf 88' lang='grc' dir='ltr'>θρωπίνης</span> <span class='ocrx_word' id='word_1_600' title='bbox 493 4179 851 4249; x_wconf 80' lang='grc' dir='ltr'>καταλήψεως</span> <span class='ocrx_word' id='word_1_601' title='bbox 878 4181 1063 4254; x_wconf 74' lang='grc' dir='ltr'>ἐκείνῃ</span> <span class='ocrx_word' id='word_1_602' title='bbox 1093 4185 1159 4254; x_wconf 85' lang='grc' dir='ltr'>τῇ</span> <span class='ocrx_word' id='word_1_603' title='bbox 1192 4183 1412 4256; x_wconf 85' lang='grc' dir='ltr'>νεφέλῃ,</span> <span class='ocrx_word' id='word_1_604' title='bbox 1436 4184 1538 4254; x_wconf 83' lang='grc' dir='ltr'>τῆς</span> <span class='ocrx_word' id='word_1_605' title='bbox 1569 4185 1792 4256; x_wconf 78' lang='grc' dir='ltr'>Γραφῆς</span> <span class='ocrx_word' id='word_1_606' title='bbox 1819 4184 2223 4258; x_wconf 84' lang='grc' dir='ltr'>μαρτυρούσης,</span> <span class='ocrx_word' id='word_1_607' title='bbox 2253 4185 2490 4237; x_wconf 83' lang='grc' dir='ltr'>τοιοῦτον</span> <span class='ocrx_word' id='word_1_608' title='bbox 2517 4183 2578 4236; x_wconf 81' lang='grc' dir='ltr'>τὸ</span> <span class='ocrx_word' id='word_1_609' title='bbox 2610 4182 2793 4254; x_wconf 79' lang='grc' dir='ltr'>θαῦμα</span> <span class='ocrx_word' id='word_1_610' title='bbox 2826 4178 2916 4253; x_wconf 81' lang='grc' dir='ltr'>ἦν,</span> <span class='ocrx_word' id='word_1_611' title='bbox 2952 4185 3026 4244; x_wconf 86' lang='grc' dir='ltr'>ὡς</span> <span class='ocrx_word' id='word_1_612' title='bbox 3059 4170 3153 4234; x_wconf 69' lang='grc' dir='ltr'>καὶ</span> <span class='ocrx_word' id='word_1_613' title='bbox 3181 4180 3279 4250; x_wconf 81' lang='grc' dir='ltr'>τῆς</span> <span class='ocrx_word' id='word_1_614' title='bbox 3303 4179 3460 4249; x_wconf 72' lang='grc' dir='ltr'>ήλια·⁴</span> 
     </span>
    </p>
   </div>
   <div class='ocr_carea' id='block_1_82' title="bbox 167 4269 3470 4350">
    <p class='ocr_par' dir='ltr' id='par_1_82' title="bbox 167 4269 3470 4350">
     <span class='ocr_line' id='line_1_82' title="bbox 167 4269 3470 4350; baseline 0.002 -30"><span class='ocrx_word' id='word_1_615' title='bbox 167 4270 276 4339; x_wconf 85' lang='grc' dir='ltr'>κῆς</span> <span class='ocrx_word' id='word_1_616' title='bbox 319 4269 543 4333; x_wconf 86' lang='grc' dir='ltr'>ἀκτῖνος</span> <span class='ocrx_word' id='word_1_617' title='bbox 590 4269 809 4341; x_wconf 88' lang='grc' dir='ltr'>θερμῶς</span> <span class='ocrx_word' id='word_1_618' title='bbox 849 4273 1287 4346; x_wconf 84' lang='grc' dir='ltr'>ὲπιλαμπούσης,</span> <span class='ocrx_word' id='word_1_619' title='bbox 1326 4277 1671 4348; x_wconf 85' lang='grc' dir='ltr'>διατείχισμα</span> <span class='ocrx_word' id='word_1_620' title='bbox 1717 4280 1852 4350; x_wconf 85' lang='grc' dir='ltr'>πρὸς</span> <span class='ocrx_word' id='word_1_621' title='bbox 1895 4278 1988 4330; x_wconf 82' lang='grc' dir='ltr'>τὸν</span> <span class='ocrx_word' id='word_1_622' title='bbox 2025 4276 2155 4329; x_wconf 85' lang='grc' dir='ltr'>λαὸν</span> <span class='ocrx_word' id='word_1_623' title='bbox 2199 4271 2360 4340; x_wconf 81' lang='grc' dir='ltr'>εἶναι,</span> <span class='ocrx_word' id='word_1_624' title='bbox 2411 4275 2738 4340; x_wconf 81' lang='grc' dir='ltr'>σκιάζουσάν</span> <span class='ocrx_word' id='word_1_625' title='bbox 2785 4292 2846 4326; x_wconf 90' lang='grc' dir='ltr'>τε</span> <span class='ocrx_word' id='word_1_626' title='bbox 2889 4275 2951 4327; x_wconf 81' lang='grc' dir='ltr'>τὸ</span> <span class='ocrx_word' id='word_1_627' title='bbox 2983 4272 3337 4342; x_wconf 86' lang='grc' dir='ltr'>ὑποκείμενον</span> <span class='ocrx_word' id='word_1_628' title='bbox 3365 4273 3470 4325; x_wconf 36' lang='grc' dir='ltr'>καὶκ</span> 
     </span>
    </p>
   </div>
   <div class='ocr_carea' id='block_1_83' title="bbox 162 4361 3461 4438">
    <p class='ocr_par' dir='ltr' id='par_1_83' title="bbox 162 4361 3461 4438">
     <span class='ocr_line' id='line_1_83' title="bbox 162 4361 3461 4438; baseline -0.005 -8"><span class='ocrx_word' id='word_1_629' title='bbox 162 4365 348 4433; x_wconf 72' lang='grc' dir='ltr'>λεπτῇ</span> <span class='ocrx_word' id='word_1_630' title='bbox 395 4361 574 4434; x_wconf 77' lang='grc' dir='ltr'>δρόσῳ</span> <span class='ocrx_word' id='word_1_631' title='bbox 607 4361 669 4415; x_wconf 75' lang='grc' dir='ltr'>τδ</span> <span class='ocrx_word' id='word_1_632' title='bbox 723 4363 992 4431; x_wconf 80' lang='grc' dir='ltr'>φλογῶδες</span> <span class='ocrx_word' id='word_1_633' title='bbox 1029 4364 1123 4417; x_wconf 75' lang='grc' dir='ltr'>τοῦ</span> <span class='ocrx_word' id='word_1_634' title='bbox 1166 4366 1331 4437; x_wconf 80' lang='grc' dir='ltr'>ἀέρος</span> <span class='ocrx_word' id='word_1_635' title='bbox 1378 4367 1829 4432; x_wconf 78' lang='grc' dir='ltr'>ὑπονοτίζουσαν·</span> <span class='ocrx_word' id='word_1_636' title='bbox 1874 4369 1967 4422; x_wconf 71' lang='grc' dir='ltr'>καὶ</span> <span class='ocrx_word' id='word_1_637' title='bbox 1999 4367 2087 4421; x_wconf 84' lang='grc' dir='ltr'>διά</span> <span class='ocrx_word' id='word_1_638' title='bbox 2131 4368 2230 4438; x_wconf 82' lang='grc' dir='ltr'>τῆς</span> <span class='ocrx_word' id='word_1_639' title='bbox 2271 4367 2462 4430; x_wconf 88' lang='grc' dir='ltr'>νυκτὸς</span> <span class='ocrx_word' id='word_1_640' title='bbox 2506 4366 2616 4438; x_wconf 82' lang='grc' dir='ltr'>πῦρ</span> <span class='ocrx_word' id='word_1_641' title='bbox 2667 4365 2931 4435; x_wconf 88' lang='grc' dir='ltr'>γίνεσθαι,</span> <span class='ocrx_word' id='word_1_642' title='bbox 2971 4364 3064 4434; x_wconf 81' lang='grc' dir='ltr'>ἀφ’</span> <span class='ocrx_word' id='word_1_643' title='bbox 3115 4364 3352 4434; x_wconf 76' lang='grc' dir='ltr'>ἑσπέρας</span> <span class='ocrx_word' id='word_1_644' title='bbox 3380 4361 3461 4427; x_wconf 71' lang='grc' dir='ltr'>εἰς</span> 
     </span>
    </p>
   </div>
   <div class='ocr_carea' id='block_1_84' title="bbox 163 4455 2062 4530">
    <p class='ocr_par' dir='ltr' id='par_1_84' title="bbox 163 4455 2062 4530">
     <span class='ocr_line' id='line_1_84' title="bbox 163 4455 2062 4530; baseline 0.002 -20"><span class='ocrx_word' id='word_1_645' title='bbox 163 4457 372 4529; x_wconf 73' lang='grc' dir='ltr'>δρθρον</span> <span class='ocrx_word' id='word_1_646' title='bbox 398 4455 481 4526; x_wconf 84' lang='grc' dir='ltr'>τῷ</span> <span class='ocrx_word' id='word_1_647' title='bbox 513 4455 629 4525; x_wconf 76' lang='grc' dir='ltr'>ἰδίῳ</span> <span class='ocrx_word' id='word_1_648' title='bbox 655 4456 792 4524; x_wconf 78' lang='grc' dir='ltr'>φωτὶ</span> <span class='ocrx_word' id='word_1_649' title='bbox 823 4457 935 4519; x_wconf 88' lang='grc' dir='ltr'>τοῖς</span> <span class='ocrx_word' id='word_1_650' title='bbox 981 4456 1339 4528; x_wconf 85' lang='grc' dir='ltr'>Ἰσραηλίταις</span> <span class='ocrx_word' id='word_1_651' title='bbox 1363 4457 1724 4530; x_wconf 73' lang='grc' dir='ltr'>δᾴδουχοῦσαν</span> <span class='ocrx_word' id='word_1_652' title='bbox 1757 4461 1818 4514; x_wconf 87' lang='grc' dir='ltr'>τὸ</span> <span class='ocrx_word' id='word_1_653' title='bbox 1841 4461 2062 4530; x_wconf 85' lang='grc' dir='ltr'>φέγγος.</span> 
     </span>
    </p>
   </div>
   <div class='ocr_carea' id='block_1_85' title="bbox 239 4543 1769 4622">
    <p class='ocr_par' dir='ltr' id='par_1_85' title="bbox 239 4546 1766 4622">
     <span class='ocr_line' id='line_1_85' title="bbox 239 4546 1766 4622; baseline 0.003 -21"><span class='ocrx_word' id='word_1_654' title='bbox 239 4547 394 4619; x_wconf 75' lang='grc' dir='ltr'>Πρὸς</span> <span class='ocrx_word' id='word_1_655' title='bbox 447 4546 652 4616; x_wconf 83' lang='grc' dir='ltr'>ταύτην</span> <span class='ocrx_word' id='word_1_656' title='bbox 696 4548 857 4610; x_wconf 83' lang='grc' dir='ltr'>αὐτός</span> <span class='ocrx_word' id='word_1_657' title='bbox 909 4565 970 4600; x_wconf 90' lang='grc' dir='ltr'>τε</span> <span class='ocrx_word' id='word_1_658' title='bbox 1021 4548 1234 4617; x_wconf 83' lang='grc' dir='ltr'>βλέπων</span> <span class='ocrx_word' id='word_1_659' title='bbox 1276 4553 1304 4604; x_wconf 88' lang='grc' dir='ltr'>ὁ</span> <span class='ocrx_word' id='word_1_660' title='bbox 1362 4552 1633 4622; x_wconf 84' lang='grc' dir='ltr'>Μωῦσῆς,</span> <span class='ocrx_word' id='word_1_661' title='bbox 1672 4555 1766 4606; x_wconf 79' lang='grc' dir='ltr'>καὶ</span> 
     </span>
    </p>
   </div>
   <div class='ocr_carea' id='block_1_86' title="bbox 1872 4543 3453 4622">
    <p class='ocr_par' dir='ltr' id='par_1_86' title="bbox 1942 4543 3453 4621">
     <span class='ocr_line' id='line_1_86' title="bbox 1942 4543 3453 4621; baseline -0.004 -15"><span class='ocrx_word' id='word_1_662' title='bbox 1942 4551 2095 4616; x_wconf 73' lang='grc' dir='ltr'>Ηαιο,</span> <span class='ocrx_word' id='word_1_663' title='bbox 2145 4551 2389 4621; x_wconf 91' lang='lat' dir='ltr'><strong>inquam,</strong></span> <span class='ocrx_word' id='word_1_664' title='bbox 2415 4548 2612 4613; x_wconf 87' lang='lat' dir='ltr'><strong>nubes,</strong></span> <span class='ocrx_word' id='word_1_665' title='bbox 2652 4562 2816 4617; x_wconf 89' lang='lat' dir='ltr'><strong>quam</strong></span> <span class='ocrx_word' id='word_1_666' title='bbox 2855 4545 3022 4600; x_wconf 88' lang='lat' dir='ltr'><strong>veluti</strong></span> <span class='ocrx_word' id='word_1_667' title='bbox 3057 4546 3250 4600; x_wconf 86' lang='lat' dir='ltr'><strong>ducem</strong></span> <span class='ocrx_word' id='word_1_668' title='bbox 3286 4543 3453 4600; x_wconf 85' lang='lat' dir='ltr'><strong>Mosis</strong></span> 
     </span>
    </p>
   </div>
   <div class='ocr_carea' id='block_1_87' title="bbox 161 4635 1766 4714">
    <p class='ocr_par' dir='ltr' id='par_1_87' title="bbox 161 4635 1766 4714">
     <span class='ocr_line' id='line_1_87' title="bbox 161 4635 1766 4714; baseline 0.002 -23"><span class='ocrx_word' id='word_1_669' title='bbox 161 4638 258 4691; x_wconf 72' lang='grc' dir='ltr'>τὸν</span> <span class='ocrx_word' id='word_1_670' title='bbox 302 4637 440 4689; x_wconf 79' lang='grc' dir='ltr'>λαὸν</span> <span class='ocrx_word' id='word_1_671' title='bbox 481 4635 794 4690; x_wconf 87' lang='grc' dir='ltr'>ἀκολουθεῖν</span> <span class='ocrx_word' id='word_1_672' title='bbox 829 4637 906 4708; x_wconf 81' lang='grc' dir='ltr'>τῷ</span> <span class='ocrx_word' id='word_1_673' title='bbox 944 4639 1252 4710; x_wconf 81' lang='grc' dir='ltr'>φαινομένῳ</span> <span class='ocrx_word' id='word_1_674' title='bbox 1290 4640 1503 4706; x_wconf 79' lang='grc' dir='ltr'>διδάξας</span> <span class='ocrx_word' id='word_1_675' title='bbox 1527 4659 1540 4673; x_wconf 75' lang='grc' dir='ltr'><strong><em>ο</em></strong></span> <span class='ocrx_word' id='word_1_676' title='bbox 1579 4643 1766 4714; x_wconf 80' lang='grc' dir='ltr'>ἐπειδὴ</span> 
     </span>
    </p>
   </div>
   <div class='ocr_carea' id='block_1_88' title="bbox 163 4725 1769 4800">
    <p class='ocr_par' dir='ltr' id='par_1_88' title="bbox 163 4725 1769 4800">
     <span class='ocr_line' id='line_1_88' title="bbox 163 4725 1769 4800; baseline 0.006 -22"><span class='ocrx_word' id='word_1_677' title='bbox 163 4728 316 4779; x_wconf 77' lang='grc' dir='ltr'>κατά</span> <span class='ocrx_word' id='word_1_678' title='bbox 374 4725 440 4777; x_wconf 82' lang='grc' dir='ltr'>τὸ</span> <span class='ocrx_word' id='word_1_679' title='bbox 499 4725 818 4795; x_wconf 84' lang='grc' dir='ltr'>Ἐρυθραῖον</span> <span class='ocrx_word' id='word_1_680' title='bbox 879 4726 1126 4794; x_wconf 77' lang='grc' dir='ltr'>ἐγένοντο</span> <span class='ocrx_word' id='word_1_681' title='bbox 1183 4729 1416 4796; x_wconf 86' lang='grc' dir='ltr'>πέλαγος</span> <span class='ocrx_word' id='word_1_682' title='bbox 1439 4768 1454 4794; x_wconf 92' lang='grc'>,</span> <span class='ocrx_word' id='word_1_683' title='bbox 1511 4730 1628 4782; x_wconf 83' lang='grc' dir='ltr'>ἐκεῖ</span> <span class='ocrx_word' id='word_1_684' title='bbox 1667 4730 1769 4800; x_wconf 80' lang='grc' dir='ltr'>τῆς</span> 
     </span>
    </p>
   </div>
   <div class='ocr_carea' id='block_1_89' title="bbox 161 4815 1769 4892">
    <p class='ocr_par' dir='ltr' id='par_1_89' title="bbox 161 4815 1769 4892">
     <span class='ocr_line' id='line_1_89' title="bbox 161 4815 1769 4892; baseline 0.003 -23"><span class='ocrx_word' id='word_1_685' title='bbox 161 4815 408 4886; x_wconf 80' lang='grc' dir='ltr'>νεφέλης</span> <span class='ocrx_word' id='word_1_686' title='bbox 449 4815 585 4886; x_wconf 85' lang='grc' dir='ltr'>πρὸς</span> <span class='ocrx_word' id='word_1_687' title='bbox 615 4816 716 4887; x_wconf 84' lang='grc' dir='ltr'>τὴν</span> <span class='ocrx_word' id='word_1_688' title='bbox 756 4817 980 4887; x_wconf 85' lang='grc' dir='ltr'>πορείαν</span> <span class='ocrx_word' id='word_1_689' title='bbox 1019 4817 1459 4889; x_wconf 86' lang='grc' dir='ltr'>καθηγουμένης,</span> <span class='ocrx_word' id='word_1_690' title='bbox 1493 4838 1769 4892; x_wconf 87' lang='grc' dir='ltr'>πανστρα-</span> 
     </span>
    </p>
   </div>
   <div class='ocr_carea' id='block_1_90' title="bbox 159 4906 1772 4978">
    <p class='ocr_par' dir='ltr' id='par_1_90' title="bbox 159 4906 1772 4978">
     <span class='ocr_line' id='line_1_90' title="bbox 159 4906 1772 4978; baseline 0.003 -18"><span class='ocrx_word' id='word_1_691' title='bbox 159 4911 258 4978; x_wconf 82' lang='grc' dir='ltr'>τιᾷ</span> <span class='ocrx_word' id='word_1_692' title='bbox 307 4907 423 4959; x_wconf 89' lang='grc' dir='ltr'>τῶν</span> <span class='ocrx_word' id='word_1_693' title='bbox 471 4906 784 4974; x_wconf 77' lang='grc' dir='ltr'>Αἰγυπτίων</span> <span class='ocrx_word' id='word_1_694' title='bbox 823 4908 914 4962; x_wconf 86' lang='grc' dir='ltr'>τὸν</span> <span class='ocrx_word' id='word_1_695' title='bbox 953 4909 1080 4962; x_wconf 83' lang='grc' dir='ltr'>λαὸν</span> <span class='ocrx_word' id='word_1_696' title='bbox 1127 4912 1191 4962; x_wconf 85' lang='grc' dir='ltr'>ὲκ</span> <span class='ocrx_word' id='word_1_697' title='bbox 1233 4911 1341 4964; x_wconf 87' lang='grc' dir='ltr'>τῶν</span> <span class='ocrx_word' id='word_1_698' title='bbox 1382 4912 1614 4965; x_wconf 89' lang='grc' dir='ltr'>κατόπιν</span> <span class='ocrx_word' id='word_1_699' title='bbox 1670 4930 1772 4965; x_wconf 75' lang='grc' dir='ltr'>κυη</span> 
     </span>
    </p>
   </div>
   <div class='ocr_carea' id='block_1_91' title="bbox 163 4996 1768 5070">
    <p class='ocr_par' dir='ltr' id='par_1_91' title="bbox 163 4996 1768 5070">
     <span class='ocr_line' id='line_1_91' title="bbox 163 4996 1768 5070; baseline 0.003 -20"><span class='ocrx_word' id='word_1_700' title='bbox 163 4996 580 5066; x_wconf 79' lang='grc' dir='ltr'>κλωσαμένων,</span> <span class='ocrx_word' id='word_1_701' title='bbox 622 4996 876 5067; x_wconf 79' lang='grc' dir='ltr'>οὐδεμιᾶς</span> <span class='ocrx_word' id='word_1_702' title='bbox 925 4999 1108 5062; x_wconf 84' lang='grc' dir='ltr'>αὐτοῖς</span> <span class='ocrx_word' id='word_1_703' title='bbox 1160 5000 1456 5070; x_wconf 82' lang='grc' dir='ltr'>οὐδαμόθεν</span> <span class='ocrx_word' id='word_1_704' title='bbox 1503 5001 1611 5055; x_wconf 89' lang='grc' dir='ltr'>τῶν</span> <span class='ocrx_word' id='word_1_705' title='bbox 1660 5002 1768 5055; x_wconf 91' lang='grc' dir='ltr'>δει-</span> 
     </span>
    </p>
   </div>
   <div class='ocr_carea' id='block_1_92' title="bbox 163 5088 1769 5161">
    <p class='ocr_par' dir='ltr' id='par_1_92' title="bbox 163 5088 1769 5161">
     <span class='ocr_line' id='line_1_92' title="bbox 163 5088 1769 5161; baseline 0.004 -20"><span class='ocrx_word' id='word_1_706' title='bbox 163 5089 277 5142; x_wconf 85' lang='grc' dir='ltr'>νῶν</span> <span class='ocrx_word' id='word_1_707' title='bbox 344 5088 528 5158; x_wconf 83' lang='grc' dir='ltr'>φυγῆς</span> <span class='ocrx_word' id='word_1_708' title='bbox 570 5092 900 5158; x_wconf 79' lang='grc' dir='ltr'>περιούσης,</span> <span class='ocrx_word' id='word_1_709' title='bbox 939 5090 1211 5161; x_wconf 86' lang='grc' dir='ltr'>πολεμίων</span> <span class='ocrx_word' id='word_1_710' title='bbox 1253 5093 1348 5145; x_wconf 73' lang='grc' dir='ltr'>καὶ</span> <span class='ocrx_word' id='word_1_711' title='bbox 1391 5091 1582 5157; x_wconf 77' lang='grc' dir='ltr'>ὓδατος</span> <span class='ocrx_word' id='word_1_712' title='bbox 1627 5095 1769 5148; x_wconf 87' lang='grc' dir='ltr'>κατά</span> 
     </span>
    </p>
   </div>
   <div class='ocr_carea' id='block_1_93' title="bbox 160 5178 1767 5249">
    <p class='ocr_par' dir='ltr' id='par_1_93' title="bbox 160 5178 1767 5249">
     <span class='ocr_line' id='line_1_93' title="bbox 160 5178 1767 5249; baseline 0.005 -18"><span class='ocrx_word' id='word_1_713' title='bbox 160 5179 229 5231; x_wconf 70' lang='grc' dir='ltr'>τὸ</span> <span class='ocrx_word' id='word_1_714' title='bbox 263 5178 439 5249; x_wconf 79' lang='grc' dir='ltr'>μέσον</span> <span class='ocrx_word' id='word_1_715' title='bbox 477 5179 943 5248; x_wconf 75' lang='grc' dir='ltr'>ἀπειλημμένοιςο</span> <span class='ocrx_word' id='word_1_716' title='bbox 992 5182 1148 5247; x_wconf 86' lang='grc' dir='ltr'>τότε,</span> <span class='ocrx_word' id='word_1_717' title='bbox 1193 5183 1255 5235; x_wconf 87' lang='grc' dir='ltr'>τὺ</span> <span class='ocrx_word' id='word_1_718' title='bbox 1288 5183 1504 5238; x_wconf 86' lang='grc' dir='ltr'>πάντων</span> <span class='ocrx_word' id='word_1_719' title='bbox 1539 5186 1767 5239; x_wconf 82' lang='grc' dir='ltr'>ἀπιστό-</span> 
     </span>
    </p>
   </div>
   <div class='ocr_carea' id='block_1_94' title="bbox 159 5270 1766 5348">
    <p class='ocr_par' dir='ltr' id='par_1_94' title="bbox 159 5270 1766 5348">
     <span class='ocr_line' id='line_1_94' title="bbox 159 5270 1766 5348; baseline 0.005 -26"><span class='ocrx_word' id='word_1_720' title='bbox 159 5287 358 5334; x_wconf 82' lang='grc' dir='ltr'>τατον,</span> <span class='ocrx_word' id='word_1_721' title='bbox 383 5270 506 5340; x_wconf 82' lang='grc' dir='ltr'>θείᾳ</span> <span class='ocrx_word' id='word_1_722' title='bbox 537 5270 768 5340; x_wconf 83' lang='grc' dir='ltr'>δυνάμει</span> <span class='ocrx_word' id='word_1_723' title='bbox 802 5274 1176 5343; x_wconf 79' lang='grc' dir='ltr'>παρορμηθεὶς</span> <span class='ocrx_word' id='word_1_724' title='bbox 1217 5276 1246 5327; x_wconf 85' lang='grc' dir='ltr'>ὁ</span> <span class='ocrx_word' id='word_1_725' title='bbox 1276 5276 1515 5347; x_wconf 81' lang='grc' dir='ltr'>Μωΰσῆς</span> <span class='ocrx_word' id='word_1_726' title='bbox 1543 5295 1766 5348; x_wconf 87' lang='grc' dir='ltr'>κατειρ-</span> 
     </span>
    </p>
   </div>
   <div class='ocr_carea' id='block_1_95' title="bbox 159 5365 1764 5441">
    <p class='ocr_par' dir='ltr' id='par_1_95' title="bbox 159 5365 1764 5441">
     <span class='ocr_line' id='line_1_95' title="bbox 159 5365 1764 5441; baseline 0.004 -23"><span class='ocrx_word' id='word_1_727' title='bbox 159 5365 403 5430; x_wconf 81' lang='grc' dir='ltr'>γάσατο.</span> <span class='ocrx_word' id='word_1_728' title='bbox 438 5365 816 5431; x_wconf 86' lang='grc' dir='ltr'>Προσεγγίσας</span> <span class='ocrx_word' id='word_1_729' title='bbox 836 5365 945 5435; x_wconf 86' lang='grc' dir='ltr'>γὰρ</span> <span class='ocrx_word' id='word_1_730' title='bbox 988 5368 1130 5421; x_wconf 80' lang='grc' dir='ltr'>κατὰ</span> <span class='ocrx_word' id='word_1_731' title='bbox 1157 5368 1257 5440; x_wconf 69' lang='grc' dir='ltr'>τὴν</span> <span class='ocrx_word' id='word_1_732' title='bbox 1291 5370 1444 5438; x_wconf 75' lang='grc' dir='ltr'>ἠϊόνα</span> <span class='ocrx_word' id='word_1_733' title='bbox 1474 5369 1550 5441; x_wconf 85' lang='grc' dir='ltr'>τῷ</span> <span class='ocrx_word' id='word_1_734' title='bbox 1591 5371 1764 5434; x_wconf 79' lang='grc' dir='ltr'>ὕδατι,</span> 
     </span>
    </p>
   </div>
   <div class='ocr_carea' id='block_1_96' title="bbox 157 5453 1761 5535">
    <p class='ocr_par' dir='ltr' id='par_1_96' title="bbox 157 5453 1761 5535">
     <span class='ocr_line' id='line_1_96' title="bbox 157 5453 1761 5535; baseline 0.006 -28"><span class='ocrx_word' id='word_1_735' title='bbox 157 5454 409 5525; x_wconf 75' lang='grc' dir='ltr'>πλήσσει</span> <span class='ocrx_word' id='word_1_736' title='bbox 433 5455 501 5525; x_wconf 79' lang='grc' dir='ltr'>τῇ</span> <span class='ocrx_word' id='word_1_737' title='bbox 552 5453 734 5524; x_wconf 80' lang='grc' dir='ltr'>ῥάϐδῳ</span> <span class='ocrx_word' id='word_1_738' title='bbox 769 5455 829 5507; x_wconf 87' lang='grc' dir='ltr'>τὸ</span> <span class='ocrx_word' id='word_1_739' title='bbox 862 5456 1097 5525; x_wconf 84' lang='grc' dir='ltr'>πέλαγος</span> <span class='ocrx_word' id='word_1_740' title='bbox 1119 5473 1134 5486; x_wconf 89' lang='grc'><strong>·</strong></span> <span class='ocrx_word' id='word_1_741' title='bbox 1159 5458 1220 5510; x_wconf 85' lang='grc' dir='ltr'>τὸ</span> <span class='ocrx_word' id='word_1_742' title='bbox 1241 5458 1297 5511; x_wconf 84' lang='grc' dir='ltr'>δὲ</span> <span class='ocrx_word' id='word_1_743' title='bbox 1324 5461 1461 5531; x_wconf 85' lang='grc' dir='ltr'>πρὸς</span> <span class='ocrx_word' id='word_1_744' title='bbox 1489 5463 1586 5533; x_wconf 80' lang='grc' dir='ltr'>τὴν</span> <span class='ocrx_word' id='word_1_745' title='bbox 1622 5463 1761 5535; x_wconf 87' lang='grc' dir='ltr'>πλη-</span> 
     </span>
    </p>
   </div>
   <div class='ocr_carea' id='block_1_97' title="bbox 158 5543 1760 5623">
    <p class='ocr_par' dir='ltr' id='par_1_97' title="bbox 158 5543 1760 5623">
     <span class='ocr_line' id='line_1_97' title="bbox 158 5543 1760 5623; baseline 0.007 -27"><span class='ocrx_word' id='word_1_746' title='bbox 158 5545 274 5618; x_wconf 75' lang='grc' dir='ltr'>γὴν</span> <span class='ocrx_word' id='word_1_747' title='bbox 310 5543 658 5614; x_wconf 79' lang='grc' dir='ltr'>ὑπεσχίζετο.</span> <span class='ocrx_word' id='word_1_748' title='bbox 682 5547 791 5599; x_wconf 70' lang='grc' dir='ltr'>Καὶ</span> <span class='ocrx_word' id='word_1_749' title='bbox 821 5547 1073 5618; x_wconf 85' lang='grc' dir='ltr'>καθάπερ</span> <span class='ocrx_word' id='word_1_750' title='bbox 1111 5549 1204 5602; x_wconf 79' lang='grc' dir='ltr'>ἐπὶ</span> <span class='ocrx_word' id='word_1_751' title='bbox 1231 5549 1333 5620; x_wconf 84' lang='grc' dir='ltr'>τῆς</span> <span class='ocrx_word' id='word_1_752' title='bbox 1365 5551 1520 5605; x_wconf 82' lang='grc' dir='ltr'>ὑέλου</span> <span class='ocrx_word' id='word_1_753' title='bbox 1553 5553 1760 5623; x_wconf 84' lang='grc' dir='ltr'>πέφυκε</span> 
     </span>
    </p>
   </div>
   <div class='ocr_carea' id='block_1_98' title="bbox 261 5723 1434 5798">
    <p class='ocr_par' dir='ltr' id='par_1_98' title="bbox 261 5723 1434 5798">
     <span class='ocr_line' id='line_1_98' title="bbox 261 5723 1434 5798; baseline 0.012 -21"><span class='ocrx_word' id='word_1_754' title='bbox 261 5725 316 5757; x_wconf 77' lang='grc'><strong><em>³⁸</em></strong></span> <span class='ocrx_word' id='word_1_755' title='bbox 348 5723 524 5779; x_wconf 79' lang='lat' dir='ltr'><strong>Exod.</strong></span> <span class='ocrx_word' id='word_1_756' title='bbox 566 5740 687 5790; x_wconf 77' lang='lat' dir='ltr'><strong>xm,</strong></span> <span class='ocrx_word' id='word_1_757' title='bbox 738 5725 828 5781; x_wconf 74' lang='grc'>21.</span> <span class='ocrx_word' id='word_1_758' title='bbox 909 5729 950 5761; x_wconf 86' lang='lat'>&quot;’</span> <span class='ocrx_word' id='word_1_759' title='bbox 988 5730 1158 5786; x_wconf 79' lang='lat' dir='ltr'><strong>Exod.</strong></span> <span class='ocrx_word' id='word_1_760' title='bbox 1206 5733 1267 5788; x_wconf 66' lang='lat' dir='ltr'>‘ll</span> <span class='ocrx_word' id='word_1_761' title='bbox 1306 5751 1434 5798; x_wconf 85' lang='lat' dir='ltr'><strong>suo.</strong></span> 
     </span>
    </p>
   </div>
   <div class='ocr_carea' id='block_1_99' title="bbox 1875 4636 3454 4714">
    <p class='ocr_par' dir='ltr' id='par_1_99' title="bbox 1875 4636 3454 4714">
     <span class='ocr_line' id='line_1_99' title="bbox 1875 4636 3454 4714; baseline -0.004 -17"><span class='ocrx_word' id='word_1_762' title='bbox 1875 4653 2130 4714; x_wconf 89' lang='lat' dir='ltr'><strong>parentes</strong></span> <span class='ocrx_word' id='word_1_763' title='bbox 2153 4642 2396 4703; x_wconf 89' lang='lat' dir='ltr'><strong>monitis,</strong></span> <span class='ocrx_word' id='word_1_764' title='bbox 2425 4639 2814 4709; x_wconf 86' lang='lat' dir='ltr'><strong>sequebantur,</strong></span> <span class='ocrx_word' id='word_1_765' title='bbox 2843 4637 3028 4706; x_wconf 87' lang='lat' dir='ltr'><strong>priore</strong></span> <span class='ocrx_word' id='word_1_766' title='bbox 3053 4637 3257 4690; x_wconf 89' lang='lat' dir='ltr'><strong>omisso</strong></span> <span class='ocrx_word' id='word_1_767' title='bbox 3293 4636 3454 4691; x_wconf 80' lang='lat' dir='ltr'><strong>itine-</strong></span> 
     </span>
    </p>
   </div>
   <div class='ocr_carea' id='block_1_100' title="bbox 1876 4717 3508 4796">
    <p class='ocr_par' dir='ltr' id='par_1_100' title="bbox 1876 4717 3508 4796">
     <span class='ocr_line' id='line_1_100' title="bbox 1876 4717 3508 4796; baseline -0.007 -4"><span class='ocrx_word' id='word_1_768' title='bbox 1876 4753 1936 4792; x_wconf 91' lang='lat' dir='ltr'>re</span> <span class='ocrx_word' id='word_1_769' title='bbox 1965 4737 2020 4791; x_wconf 91' lang='lat' dir='ltr'>in</span> <span class='ocrx_word' id='word_1_770' title='bbox 2038 4735 2282 4790; x_wconf 81' lang='lat' dir='ltr'><strong>Rubrum</strong></span> <span class='ocrx_word' id='word_1_771' title='bbox 2315 4748 2466 4786; x_wconf 89' lang='lat' dir='ltr'><strong>mare</strong></span> <span class='ocrx_word' id='word_1_772' title='bbox 2499 4731 2750 4786; x_wconf 92' lang='lat' dir='ltr'><strong>ducebat.</strong></span> <span class='ocrx_word' id='word_1_773' title='bbox 2786 4729 3127 4785; x_wconf 90' lang='lat' dir='ltr'><strong>Devenerunt</strong></span> <span class='ocrx_word' id='word_1_774' title='bbox 3165 4727 3328 4796; x_wconf 82' lang='lat' dir='ltr'><strong>igitur</strong></span> <span class='ocrx_word' id='word_1_775' title='bbox 3365 4743 3454 4781; x_wconf 84' lang='lat' dir='ltr'><strong>se-</strong></span> <span class='ocrx_word' id='word_1_776' title='bbox 3501 4717 3508 4725; x_wconf 68' lang='grc'>’</span> 
     </span>
    </p>
   </div>
   <div class='ocr_carea' id='block_1_101' title="bbox 1877 4815 3454 4892">
    <p class='ocr_par' dir='ltr' id='par_1_101' title="bbox 1877 4815 3454 4892">
     <span class='ocr_line' id='line_1_101' title="bbox 1877 4815 3454 4892; baseline -0.008 -11"><span class='ocrx_word' id='word_1_777' title='bbox 1877 4827 1988 4882; x_wconf 91' lang='lat' dir='ltr'><strong>cuti</strong></span> <span class='ocrx_word' id='word_1_778' title='bbox 2030 4826 2223 4880; x_wconf 91' lang='lat' dir='ltr'><strong>ducem</strong></span> <span class='ocrx_word' id='word_1_779' title='bbox 2266 4822 2471 4877; x_wconf 61' lang='lat' dir='ltr'><strong>Hebraei</strong></span> <span class='ocrx_word' id='word_1_780' title='bbox 2510 4836 2684 4892; x_wconf 91' lang='lat' dir='ltr'><strong>usque</strong></span> <span class='ocrx_word' id='word_1_781' title='bbox 2721 4821 2787 4874; x_wconf 89' lang='lat' dir='ltr'>ad</span> <span class='ocrx_word' id='word_1_782' title='bbox 2819 4821 3009 4873; x_wconf 86' lang='lat' dir='ltr'><strong>littus:</strong></span> <span class='ocrx_word' id='word_1_783' title='bbox 3051 4831 3188 4887; x_wconf 80' lang='lat' dir='ltr'><strong>quos</strong></span> <span class='ocrx_word' id='word_1_784' title='bbox 3212 4815 3454 4886; x_wconf 62' lang='lat' dir='ltr'>zEgyptii</span> 
     </span>
    </p>
   </div>
   <div class='ocr_carea' id='block_1_102' title="bbox 1876 4907 3478 4988">
    <p class='ocr_par' dir='ltr' id='par_1_102' title="bbox 1876 4907 3478 4988">
     <span class='ocr_line' id='line_1_102' title="bbox 1876 4907 3478 4988; baseline -0.009 -14"><span class='ocrx_word' id='word_1_785' title='bbox 1876 4918 2172 4988; x_wconf 90' lang='lat' dir='ltr'><strong>persecuti,</strong></span> <span class='ocrx_word' id='word_1_786' title='bbox 2204 4915 2441 4985; x_wconf 86' lang='lat' dir='ltr'><strong>undique</strong></span> <span class='ocrx_word' id='word_1_787' title='bbox 2470 4914 2546 4967; x_wconf 90' lang='lat' dir='ltr'>ita</span> <span class='ocrx_word' id='word_1_788' title='bbox 2570 4912 2926 4974; x_wconf 80' lang='lat' dir='ltr'><strong>concludunt,</strong></span> <span class='ocrx_word' id='word_1_789' title='bbox 2963 4918 3024 4964; x_wconf 93' lang='lat' dir='ltr'><strong>ut</strong></span> <span class='ocrx_word' id='word_1_790' title='bbox 3050 4909 3196 4962; x_wconf 84' lang='lat' dir='ltr'><strong>nulla</strong></span> <span class='ocrx_word' id='word_1_791' title='bbox 3219 4908 3333 4976; x_wconf 87' lang='lat' dir='ltr'>jam</span> <span class='ocrx_word' id='word_1_792' title='bbox 3373 4907 3478 4961; x_wconf 90' lang='lat' dir='ltr'>fu--</span> 
     </span>
    </p>
   </div>
   <div class='ocr_carea' id='block_1_103' title="bbox 1878 4999 3456 5080">
    <p class='ocr_par' dir='ltr' id='par_1_103' title="bbox 1878 4999 3456 5080">
     <span class='ocr_line' id='line_1_103' title="bbox 1878 4999 3456 5080; baseline -0.006 -17"><span class='ocrx_word' id='word_1_793' title='bbox 1878 5026 1943 5080; x_wconf 82' lang='lat' dir='ltr'>ga</span> <span class='ocrx_word' id='word_1_794' title='bbox 1984 5010 2222 5064; x_wconf 86' lang='lat' dir='ltr'><strong>humano</strong></span> <span class='ocrx_word' id='word_1_795' title='bbox 2261 5007 2494 5061; x_wconf 91' lang='lat' dir='ltr'><strong>consilio</strong></span> <span class='ocrx_word' id='word_1_796' title='bbox 2545 5012 2733 5074; x_wconf 90' lang='lat' dir='ltr'><strong>posset</strong></span> <span class='ocrx_word' id='word_1_797' title='bbox 2769 5000 3091 5071; x_wconf 76' lang='lat' dir='ltr'><strong>excogitari.</strong></span> <span class='ocrx_word' id='word_1_798' title='bbox 3116 4999 3258 5053; x_wconf 88' lang='lat' dir='ltr'><strong>Ante</strong></span> <span class='ocrx_word' id='word_1_799' title='bbox 3303 4999 3456 5068; x_wconf 88' lang='lat' dir='ltr'><strong>ipsos</strong></span> 
     </span>
    </p>
   </div>
   <div class='ocr_carea' id='block_1_104' title="bbox 1872 5092 3456 5167">
    <p class='ocr_par' dir='ltr' id='par_1_104' title="bbox 1872 5092 3456 5167">
     <span class='ocr_line' id='line_1_104' title="bbox 1872 5092 3456 5167; baseline -0.006 -11"><span class='ocrx_word' id='word_1_800' title='bbox 1872 5117 2024 5156; x_wconf 88' lang='lat' dir='ltr'><strong>mare</strong></span> <span class='ocrx_word' id='word_1_801' title='bbox 2068 5101 2314 5154; x_wconf 84' lang='lat' dir='ltr'><strong>Rubrum</strong></span> <span class='ocrx_word' id='word_1_802' title='bbox 2353 5106 2509 5152; x_wconf 87' lang='lat' dir='ltr'><strong>erat:</strong></span> <span class='ocrx_word' id='word_1_803' title='bbox 2543 5108 2671 5167; x_wconf 84' lang='lat' dir='ltr'><strong>post</strong></span> <span class='ocrx_word' id='word_1_804' title='bbox 2705 5097 2852 5167; x_wconf 91' lang='lat' dir='ltr'><strong>ipsos</strong></span> <span class='ocrx_word' id='word_1_805' title='bbox 2879 5092 3252 5147; x_wconf 91' lang='lat' dir='ltr'><strong>validissimus</strong></span> <span class='ocrx_word' id='word_1_806' title='bbox 3291 5097 3456 5160; x_wconf 80' lang='lat' dir='ltr'><strong>atque</strong></span> 
     </span>
    </p>
   </div>
   <div class='ocr_carea' id='block_1_105' title="bbox 1869 5179 3454 5259">
    <p class='ocr_par' dir='ltr' id='par_1_105' title="bbox 1869 5179 3454 5259">
     <span class='ocr_line' id='line_1_105' title="bbox 1869 5179 3454 5259; baseline -0.009 -14"><span class='ocrx_word' id='word_1_807' title='bbox 1869 5190 2330 5246; x_wconf 89' lang='lat' dir='ltr'><strong>instructissimus</strong></span> <span class='ocrx_word' id='word_1_808' title='bbox 2382 5187 2760 5259; x_wconf 62' lang='lat' dir='ltr'><strong>Egyptiorum</strong></span> <span class='ocrx_word' id='word_1_809' title='bbox 2787 5179 3140 5240; x_wconf 82' lang='lat' dir='ltr'><strong>exercitus&quot;.</strong></span> <span class='ocrx_word' id='word_1_810' title='bbox 3165 5179 3317 5233; x_wconf 91' lang='lat' dir='ltr'><strong>Tunc</strong></span> <span class='ocrx_word' id='word_1_811' title='bbox 3365 5193 3454 5232; x_wconf 81' lang='lat' dir='ltr'>res</span> 
     </span>
    </p>
   </div>
   <div class='ocr_carea' id='block_1_106' title="bbox 1873 5259 3450 5349">
    <p class='ocr_par' dir='ltr' id='par_1_106' title="bbox 1873 5259 3450 5349">
     <span class='ocr_line' id='line_1_106' title="bbox 1873 5259 3450 5349; baseline -0.006 -17"><span class='ocrx_word' id='word_1_812' title='bbox 1873 5280 2093 5343; x_wconf 89' lang='lat' dir='ltr'><strong>accidit,</strong></span> <span class='ocrx_word' id='word_1_813' title='bbox 2138 5296 2258 5349; x_wconf 66' lang='lat' dir='ltr'><strong>qum</strong></span> <span class='ocrx_word' id='word_1_814' title='bbox 2298 5294 2407 5348; x_wconf 85' lang='lat' dir='ltr'><strong>prae</strong></span> <span class='ocrx_word' id='word_1_815' title='bbox 2447 5277 2659 5330; x_wconf 67' lang='lat' dir='ltr'><strong>caeteris</strong></span> <span class='ocrx_word' id='word_1_816' title='bbox 2700 5275 2954 5328; x_wconf 91' lang='lat' dir='ltr'><strong>omnibus</strong></span> <span class='ocrx_word' id='word_1_817' title='bbox 2989 5271 3149 5325; x_wconf 79' lang='lat' dir='ltr'><strong>fidem</strong></span> <span class='ocrx_word' id='word_1_818' title='bbox 3191 5259 3450 5324; x_wconf 77' lang='lat' dir='ltr'><strong>excedit:</strong></span> 
     </span>
    </p>
   </div>
   <div class='ocr_carea' id='block_1_107' title="bbox 1873 5359 3452 5425">
    <p class='ocr_par' dir='ltr' id='par_1_107' title="bbox 1873 5359 3452 5425">
     <span class='ocr_line' id='line_1_107' title="bbox 1873 5359 3452 5425; baseline -0.009 0"><span class='ocrx_word' id='word_1_819' title='bbox 1873 5386 2122 5425; x_wconf 87' lang='lat' dir='ltr'><strong>summus</strong></span> <span class='ocrx_word' id='word_1_820' title='bbox 2152 5371 2242 5424; x_wconf 89' lang='lat' dir='ltr'><strong>ille</strong></span> <span class='ocrx_word' id='word_1_821' title='bbox 2269 5371 2352 5424; x_wconf 87' lang='lat' dir='ltr'>vir</span> <span class='ocrx_word' id='word_1_822' title='bbox 2381 5368 2640 5423; x_wconf 80' lang='lat' dir='ltr'><strong>divinitus</strong></span> <span class='ocrx_word' id='word_1_823' title='bbox 2674 5365 2914 5420; x_wconf 88' lang='lat' dir='ltr'><strong>monitus</strong></span> <span class='ocrx_word' id='word_1_824' title='bbox 2946 5363 3014 5417; x_wconf 93' lang='lat' dir='ltr'><strong>ad</strong></span> <span class='ocrx_word' id='word_1_825' title='bbox 3050 5362 3202 5415; x_wconf 91' lang='lat' dir='ltr'><strong>littus</strong></span> <span class='ocrx_word' id='word_1_826' title='bbox 3223 5359 3452 5414; x_wconf 83' lang='lat' dir='ltr'><strong>descen-</strong></span> 
     </span>
    </p>
   </div>
   <div class='ocr_carea' id='block_1_108' title="bbox 1869 5451 3461 5530">
    <p class='ocr_par' dir='ltr' id='par_1_108' title="bbox 1869 5451 3461 5530">
     <span class='ocr_line' id='line_1_108' title="bbox 1869 5451 3461 5530; baseline -0.008 -14"><span class='ocrx_word' id='word_1_827' title='bbox 1869 5462 1968 5526; x_wconf 89' lang='lat' dir='ltr'><strong>dit,</strong></span> <span class='ocrx_word' id='word_1_828' title='bbox 1999 5476 2256 5530; x_wconf 90' lang='lat' dir='ltr'><strong>mareque</strong></span> <span class='ocrx_word' id='word_1_829' title='bbox 2286 5459 2528 5514; x_wconf 78' lang='lat' dir='ltr'><strong>Rubrum</strong></span> <span class='ocrx_word' id='word_1_830' title='bbox 2556 5460 2710 5528; x_wconf 79' lang='lat' dir='ltr'><strong>virga</strong></span> <span class='ocrx_word' id='word_1_831' title='bbox 2751 5457 3042 5527; x_wconf 86' lang='lat' dir='ltr'><strong>percussit.</strong></span> <span class='ocrx_word' id='word_1_832' title='bbox 3087 5462 3141 5509; x_wconf 89' lang='lat' dir='ltr'>et</span> <span class='ocrx_word' id='word_1_833' title='bbox 3184 5451 3366 5507; x_wconf 89' lang='lat' dir='ltr'><strong>subito</strong></span> <span class='ocrx_word' id='word_1_834' title='bbox 3393 5457 3461 5505; x_wconf 79' lang='lat' dir='ltr'><strong>ut</strong></span> 
     </span>
    </p>
   </div>
   <div class='ocr_carea' id='block_1_109' title="bbox 1871 5543 3452 5618">
    <p class='ocr_par' dir='ltr' id='par_1_109' title="bbox 1871 5543 3452 5618">
     <span class='ocr_line' id='line_1_109' title="bbox 1871 5543 3452 5618; baseline -0.009 -7"><span class='ocrx_word' id='word_1_835' title='bbox 1871 5555 1926 5611; x_wconf 93' lang='lat' dir='ltr'>in</span> <span class='ocrx_word' id='word_1_836' title='bbox 1951 5554 2093 5611; x_wconf 90' lang='lat' dir='ltr'><strong>vitro</strong></span> <span class='ocrx_word' id='word_1_837' title='bbox 2122 5553 2266 5610; x_wconf 86' lang='lat' dir='ltr'><strong>facta</strong></span> <span class='ocrx_word' id='word_1_838' title='bbox 2293 5552 2531 5610; x_wconf 85' lang='lat' dir='ltr'><strong>scissura</strong></span> <span class='ocrx_word' id='word_1_839' title='bbox 2557 5551 2716 5607; x_wconf 81' lang='lat' dir='ltr'><strong>facile</strong></span> <span class='ocrx_word' id='word_1_840' title='bbox 2738 5566 2804 5606; x_wconf 74' lang='lat' dir='ltr'><strong>ex</strong></span> <span class='ocrx_word' id='word_1_841' title='bbox 2827 5550 2996 5605; x_wconf 87' lang='lat' dir='ltr'><strong>altera</strong></span> <span class='ocrx_word' id='word_1_842' title='bbox 3024 5553 3195 5618; x_wconf 84' lang='lat' dir='ltr'><strong>parte,</strong></span> <span class='ocrx_word' id='word_1_843' title='bbox 3226 5544 3281 5598; x_wconf 88' lang='lat' dir='ltr'>in</span> <span class='ocrx_word' id='word_1_844' title='bbox 3306 5543 3452 5598; x_wconf 81' lang='lat' dir='ltr'><strong>alte-</strong></span> 
     </span>
    </p>
   </div>
  </div>
