3886 6214
394 281 508 336 διι-

1625 287 1682 344 S.
1724 283 2050 348 GREGORlI
2088 289 2386 346 NYSSENI

3548 290 3680 351 512"

393 417 510 457 ram
543 406 821 474 pervenit:
855 407 936 462 sic
964 407 1075 462 ictu
1107 406 1357 463 Mosaicae
1387 408 1550 480 virgae
1575 411 1634 466 in
1662 412 1969 482 Oppositam

2082 411 2359 479 γίνεσθαι,·
2389 413 2439 464 εἰ
2493 411 2635 465 κατά
2679 429 2732 466 τι
2782 413 2945 484 μέρος
3002 407 3170 485 αὐτῆς
3207 412 3380 482 ἀρχὴν
3428 412 3462 484 ἦ
3501 412 3657 484 ῥῆξις

396 512 569 567 usque
592 499 788 568 ripam,
812 499 936 554 hinc
955 509 1118 570 atque
1146 501 1274 556 hinc
1287 503 1604 560 cedentibus
1631 506 1807 573 aquis,
1841 505 1977 560 scis-

395 602 524 642 sura
540 589 802 658 pervenit.
825 589 1007 660 Itaque
1032 591 1172 647 facto
1200 608 1296 662 per
1317 593 1553 648 medium
1573 596 1793 666 pelagus
1817 596 1977 650 itine-

391 696 474 745 re,
492 696 599 735 una
625 696 748 736 cum
779 683 1034 739 universo
1067 685 1264 756 pepulo
1294 687 1457 743 siccis
1484 688 1713 758 pedibus
1755 688 1978 756 profun-

393 772 518 826 dam
536 773 704 828 maris
737 775 992 846 abyssum
1025 792 1346 846 permensus
1365 790 1469 846 est,
1497 795 1598 835 nec
1623 782 1871 836 extimuit
1887 797 1976 836 re—

395 873 556 934 pente
571 874 777 920 structa
799 868 891 921 illa
916 884 984 923 ex
1009 868 1263 925 ﬂuctibus
1281 873 1504 936 muenia,
1527 888 1651 927 cum
1671 881 1898 944 utraque
1909 889 1974 929 ex

395 969 550 1026 parte
568 958 724 1015 unda:
734 973 997 1030 aquatum
1011 963 1169 1032 quasi
1192 965 1331 1018 muri
1354 965 1734 1021 consisterent.
1762 965 1976 1020 Pharao

397 1059 577 1105 autem
609 1052 814 1120 impetu
848 1054 1012 1107 animi
1045 1056 1374 1120 concitatus,
1405 1073 1501 1127 per
1529 1073 1724 1112 novam
1748 1058 1894 1111 illam
1919 1057 1974 1112 in

398 1143 551 1213 aquis
591 1144 732 1198 viam
772 1145 1098 1214 insequitur.
1131 1144 1267 1200 Tum
1302 1162 1434 1202 vero
1479 1147 1623 1202 unda
1669 1149 1826 1201 undae
1865 1147 1972 1201 ite-

395 1247 516 1286 rum
541 1231 806 1300 jungitur,
833 1241 886 1287 et
912 1234 1170 1290 redeunte
1191 1235 1244 1289 in
1273 1245 1447 1292 semet
1476 1240 1632 1299 mari,
1659 1237 1974 1307 pristinum-

397 1337 502 1390 que
529 1330 884 1391 recuperante
916 1333 1139 1386 statum,
1170 1340 1276 1378 una
1303 1325 1362 1379 ﬁt
1392 1342 1586 1382 rursus
1608 1341 1760 1396 aqua:
1787 1325 1972 1381 facies.

395 1411 605 1467 Hebraei
642 1414 709 1468 ad
741 1416 1049 1484 oppositum
1073 1417 1223 1471 littus
1242 1417 1543 1474 incolumes
1559 1433 1679 1473 cum
1697 1419 1976 1489 pervenis-

403 1511 546 1568 sent,
576 1519 605 1557 a
638 1504 799 1575 longo
826 1521 922 1575 per
949 1506 1182 1561 medium
1215 1508 1437 1578 pelagus
1468 1510 1663 1565 itinere
1687 1511 1975 1581 quiescen-

397 1601 504 1660 tes,
521 1604 738 1648 cantum
763 1595 988 1666 Deo,qui
1015 1598 1358 1653 incruentum
1387 1601 1650 1657 adversus
1675 1603 1884 1657 hostem
1907 1603 1976 1657 si-

397 1681 454 1736 bi
489 1683 786 1750 trophaeum
831 1686 1163 1754 praebuerat,
1207 1697 1362 1756 grato
1401 1691 1584 1745 animo
1623 1693 1970 1760 cecinerunt,

2078 501 2238 575 λάϐῃ,
2278 504 2398 556 κατ’
2444 503 2661 558 εὐθεῖαν
2704 505 2841 575 πρὸς
2878 505 2939 557 τὸ
2976 505 3160 574 ἕτερον
3194 505 3522 576 διεξέρχεται
3559 504 3657 558 πέ-

2081 611 2179 665 ρας
2205 611 2218 624 ⁶
2272 595 2413 649 οὕτω
2457 596 2659 660 παντὸς
2705 596 2799 650 τοῦ
2841 597 3109 665 πελάγους
3149 598 3384 661 ἐκείνου,
3416 597 3560 651 κατά
3594 597 3656 650 τὸ

2077 687 2247 755 ἄκρον
2280 687 2688 758 ὑπορραγέντος
2709 691 2776 759 τῇ
2796 689 2997 758 ῥάϐδῳ,
3033 688 3126 740 ἐπὶ
3149 688 3247 758 τὴν
3272 689 3662 762 ἀντικειμένην

2075 775 2253 846 ὄχθην
2289 778 2383 830 καὶ
2417 780 2449 847 ἡ
2471 778 2578 831 τῶν
2605 780 2864 850 κυμάτων
2895 779 3048 851 ῥῆξις
3084 781 3336 852 ἐπέρασε.
3363 782 3473 834 Καὶ
3493 799 3659 834 κατα-

2079 867 2182 931 6ἀς
2203 869 2295 921 ἐπὶ
2326 869 2385 922 τὸ
2409 869 2572 939 βάθος
2601 872 2906 940 όΜωῦσῆς,
2930 871 3048 924 καθ’
3067 872 3096 924 ὃ
3117 871 3376 941 διετμήθη
3399 871 3461 924 τὸ
3489 872 3657 924 πέλα-

2077 975 2195 1027 γος,
2235 959 2330 1011 σὺν
2353 963 2513 1015 παντὶ
2539 962 2618 1033 τῷ
2644 962 2758 1032 λαῷ
2796 962 2974 1032 βύθιος
3009 959 3096 1034 ἦν,
3132 966 3188 1016 ὲν
3225 962 3442 1033 ἀϐρόχῳ
3478 979 3536 1014 τε
3561 964 3657 1015 καὶ

2078 1049 2382 1123 ἡλιουμένῳ
2438 1050 2517 1121 τῷ
2568 1050 2814 1123 σώματι·
2851 1054 2942 1107 καὶ
2988 1053 3124 1122 πεζῇ
3167 1052 3266 1116 τὰς
3290 1053 3559 1116 ἀϐύσσους
3596 1055 3660 1104 ἐν

2078 1140 2226 1213 ξηρῷ
2243 1141 2322 1213 τῷ
2353 1143 2588 1214 πυθμένι
2638 1144 2736 1213 τῆς
2781 1143 3054 1214 θαλάσσης
3089 1143 3518 1214 διεξερχόμενος,
3554 1144 3657 1197 οὐκ

2076 1233 2333 1286 ἐδεδοίκει
2384 1234 2482 1306 τὴν
2523 1235 2864 1304 αὐτοσχέδιον
2891 1236 3104 1306 ἐκείνην
3150 1236 3214 1288 ὲκ
3260 1237 3518 1306 κυμάτων
3538 1252 3657 1288 τει-

2074 1326 2340 1394 χοποιῒαν,
2373 1326 2525 1380 ένθεν
2551 1328 2645 1380 καὶ
2673 1326 2846 1392 ἔνθεν,
2869 1327 3078 1395 τείχους
3113 1327 3287 1398 δίκην,
3321 1345 3659 1399 παραπεπη-

2073 1419 2236 1487 γυίας
2268 1420 2450 1482 αὐτοῖς
2485 1420 2550 1472 ἐκ
2583 1419 2827 1488 πλαγίων
2852 1421 2951 1490 τῆς
2996 1421 3192 1491 ἅλμης.
3227 1421 3332 1474 Τοῦ
3363 1422 3419 1475 δὲ
3455 1421 3660 1492 Φαραὼ

2079 1507 2220 1579 μετά
2243 1509 2350 1561 τῶν
2371 1509 2682 1578 Αἰγυπτίων
2713 1511 3152 1573 συνεισπεώντος
3180 1512 3271 1562 ἐπὶ
3294 1511 3356 1562 τὸ
3395 1511 3656 1578 πέλαγος,

2075 1600 2220 1654 κατά
2251 1601 2350 1672 τὴν
2371 1601 2858 1671 καινοτομηθεῖσαν
2881 1602 3094 1672 ἐκείνην
3122 1602 3238 1655 ὁδὸν
3255 1605 3312 1655 ὲν
3331 1605 3444 1665 τοῖς
3474 1602 3656 1666 ὕδασι,

2078 1691 2244 1746 πάλιν
2303 1692 2632 1745 συνάπτεται
2667 1691 2730 1744 τὸ
2776 1691 2920 1762 ὕδωρ
2947 1691 3026 1762 τῷ
3059 1691 3230 1753 ὕδατι,
3275 1691 3372 1744 καὶ
3417 1692 3663 1745 ἀνακλύ-

397 1773 774 1844 Egyptiorum
798 1778 1036 1832 exercitu
1061 1778 1338 1843 universo,
1360 1782 1539 1851 equis,
1565 1784 1830 1846 armis,ac
1852 1800 1978 1840 cur-

2082 1784 2303 1856 σθείσης
2331 1785 2466 1854 πρὸς
2490 1783 2688 1855 ἑαυτὴν
2715 1784 2814 1854 τῆς
2836 1756 3111 1853 θαλάσσης
3141 1783 3356 1837 κατὰτὸ
3390 1784 3663 1854 πρότερον

397 1865 552 1919 ribus
577 1867 711 1920 mari
734 1867 1027 1938 absorptis.
1067 1869 1189 1924 Mox
1224 1871 1398 1941 pergit
1431 1872 1664 1944 Moyses,
1705 1876 1978 1946 triumque

398 1957 607 2012 dierum
643 1958 835 2016 itinere
865 1961 1138 2028 confecto,
1165 1978 1290 2018 cum
1323 1978 1464 2034 aqua
1493 1965 1768 2031 dellceret,
1799 1969 1852 2022 in
1880 1984 1978 2023 an-

399 2050 608 2118 gustias
628 2049 915 2121 redigitur,
945 2069 1055 2108 non
1086 2055 1369 2111 inveniens
1394 2072 1503 2127 quo
1533 2059 1676 2112 sitim
1703 2061 1978 2117 exercitus

399 2142 688 2198 solaretur.
731 2143 860 2198 Erat
893 2159 1150 2216 namque,
1192 2147 1258 2201 ad
1293 2164 1452 2218 quem
1493 2157 1674 2206 castra
1709 2151 1976 2216 locarant,

401 2236 554 2290 lacus
583 2237 802 2306 quidam
832 2240 1166 2295 marinarum
1195 2256 1482 2311 aquarum,
1507 2253 1670 2312 atque
1694 2245 1828 2300 adeo
1863 2263 1980 2300 ma-

398 2326 520 2380 rina
551 2328 816 2395 amarior;
851 2331 938 2383 cui
971 2346 1093 2385 cum
1128 2332 1488 2401 adsedissent,
1519 2337 1720 2405 sitique
1753 2345 1978 2408 torque-

398 2424 610 2482 rentur,
630 2418 843 2491 Moyses
862 2419 1047 2476 divino
1070 2427 1310 2478 monitus
1337 2427 1580 2493 oraculo,
1608 2426 1811 2497 lignum
1831 2429 1976 2498 quod

401 2509 458 2563 in
489 2509 570 2564 eis
599 2510 736 2566 locis
758 2513 1062 2575 invenerat,
1095 2515 1148 2569 in
1189 2516 1308 2571 illas
1349 2531 1518 2586 aquas
1557 2520 1786 2573 marinis
1823 2533 1979 2574 acer-

398 2600 583 2657 biores
614 2601 871 2657 immisit:
922 2613 979 2660 et
1035 2605 1204 2669 illico,
1252 2614 1449 2662 natura
1504 2609 1656 2678 ligni,
1717 2625 1977 2679 aquarum

401 2690 582 2744 ablata
623 2693 1011 2760 amaritudine,
1035 2694 1223 2750 dulces
1264 2705 1428 2766 atque
1471 2699 1734 2765 potabiles
1775 2699 1981 2754 effectae

400 2781 642 2837 fuerunt.
685 2782 859 2841 Nubis
901 2785 1098 2841 deinde
1141 2787 1331 2853 ductu,
1375 2803 1536 2859 quam
1586 2793 1977 2860 praecedentem

401 2878 792 2946 sequebantur,
813 2885 867 2934 et
889 2894 997 2950 qua
1028 2889 1207 2937 stante
1239 2882 1343 2952 ipsi
1369 2897 1586 2953 quoque
1611 2893 1790 2939 castra
1819 2894 1981 2940 meta-

401 2969 621 3034 bantur,
657 2970 725 3024 ad
755 2971 932 3025 locum
966 2971 1260 3028 deveniunt
1293 2974 1452 3043 aquis
1491 2983 1654 3044 atque
1691 2977 1979 3031 arboribus

2081 1877 2288 1946 σχῆμα,
2314 1876 2410 1946 μία
2441 1875 2534 1928 τοῦ
2565 1875 2755 1938 ὓδατος
2781 1875 3068 1943 ἐπιφάνειά
3089 1891 3149 1927 τε
3171 1875 3264 1928 καὶ
3287 1873 3406 1943 ὄψις
3421 1875 3658 1942 γίνεται,

2079 1968 2180 2038 ἤδη
2208 1967 2316 2020 τῶν
2356 1967 2704 2038 Ἰσραηλιτῶν
2737 1967 2830 2019 ἐπὶ
2873 1967 2974 2036 τῆς
3007 1966 3184 2037 πέραν
3210 1965 3388 2036 ἠϊόνος
3421 1967 3489 2018 τὸ
3519 1964 3660 2019 πολύ

2078 2075 2136 2110 τε
2169 2059 2261 2112 καὶ
2287 2057 2536 2111 σύντονον
2589 2059 2687 2129 τῆς
2723 2057 2812 2111 διά
2833 2057 2926 2111 τοῦ
2958 2058 3226 2127 πελάγους
3258 2060 3484 2130 πορείας
3522 2057 3664 2110 dva-

2080 2151 2386 2212 παυόντων,
2414 2152 2504 2204 ὅτε
2530 2151 2624 2203 καὶ
2646 2151 2743 2220 τὴν
2778 2151 3042 2203 ἐπινίκιον
3072 2147 3213 2222 ἦσαν
3249 2149 3392 2220 ᾠδὴν
3415 2148 3492 2218 τῷ
3511 2147 3663 2217 Θεῷ,

2078 2242 2155 2312 τῷ
2179 2244 2300 2295 τότε
2339 2243 2674 2311 ἀναίμακτον
2696 2242 2836 2312 ὑπὲρ
2864 2241 3040 2295 αὐτῶν
3065 2227 3340 2312 ίὲγείραντι
3375 2242 3662 2312 τρόπαιον,

2079 2333 2298 2386 πάντων
2330 2335 2667 2403 πανστρατιᾷ
2704 2333 2814 2386 τῶν
2849 2332 3185 2401 Αἰγυπτίων,
3223 2331 3405 2394 αὐτοῖς
3437 2331 3533 2384 καὶ
3573 2330 3666 2383 ἶπ-

2081 2442 2203 2488 ποις
2235 2425 2329 2477 καὶ
2347 2424 2531 2487 ὅπλοις
2561 2426 2654 2478 καὶ
2697 2424 2958 2496 ἅρμασιν,
2990 2425 3393 2495 ἀφανισθέντων
3432 2424 3539 2476 ὑπὸ
3560 2422 3664 2477 τοῦ

2081 2516 2292 2578 ὓδατος.
2328 2510 2461 2568 Εἶτα
2490 2513 2734 2585 πρόεισιν
2761 2516 2854 2567 ἐπὶ
2884 2515 2952 2568 τὰ
2996 2516 3184 2586 πρόσω
3213 2518 3241 2568 ὁ
3265 2514 3528 2584 Μωῦσῆς,
3563 2515 3662 2567 καὶ

2077 2606 2244 2676 τριῶν
2285 2604 2508 2676 ἡμερῶν
2555 2605 2782 2676 ἄνυδρον
2808 2604 3085 2667 διοδεύσας
3108 2604 3246 2667 ὁδὸν,
3287 2605 3346 2656 ὲν
3377 2601 3660 2672 ἀμηχανία

2079 2698 2310 2767 γίνεται,
2361 2697 2434 2767 μὴ
2466 2695 2602 2766 ἔχων
2629 2697 2776 2759 ὅπως
2803 2695 2901 2748 τοῦ
2937 2695 3168 2766 στρατοῦ
3195 2696 3254 2748 τὸ
3281 2693 3432 2763 δίψος
3476 2710 3657 2764 παρα-

2083 2791 2408 2862 μυθήσηται.
2443 2785 2552 2842 Ἦν
2593 2789 2703 2859 γάρ
2736 2805 2820 2852 τις
2845 2788 3031 2859 λίμνη,
3061 2789 3189 2858 περὶ
3219 2787 3286 2858 ἢν
3322 2785 3657 2855 ἐστρατοπέ-

2079 2885 2291 2943 δευσαν,
2357 2882 2646 2936 θαλασσίου
2710 2881 2920 2946 ὓδατος,
2959 2879 3156 2951 μᾶλλον
3188 2879 3245 2932 δὲ
3278 2876 3589 2948 πικροτέρα
3626 2875 3657 2946 ἢ

2081 2973 2220 3027 κατά
2245 2971 2537 3026 θάλασσαν.
2572 2970 2727 3023 Ἐπεὶ
2766 2965 2859 3023 οὖν
2906 2967 3346 3038 προσκαθήμενοι
3371 2962 3448 3034 τῷ
3483 2961 3656 3020 ὕδατι,

405 3061 860 3116 amoenissimum.
907 3063 1204 3119 Duodecim
1245 3065 1391 3119 enim
1436 3066 1678 3122 fontibus
1725 3071 1979 3124 continue

2082 3065 2159 3134 τῷ
2189 3065 2330 3133 δίψει
2352 3063 2444 3116 τοῦ
2471 3061 2660 3124 ὓδατος
2693 3059 3085 3129 κατεφλέγοντο
3107 3073 3120 3086 ⁸
3155 3055 3337 3109 θεόθεν
3357 3052 3503 3122 αύτῴ
3523 3069 3662 3121 συμ-

405 3154 755 3225 irrigabatur,
773 3164 825 3210 et
847 3159 1189 3228 septuaginta
1212 3159 1408 3229 palmis
1427 3162 1674 3217 consitus
1703 3173 1838 3225 erat,
1857 3178 1977 3232 quae

405 3262 575 3316 parvo
605 3247 709 3302 hoc
741 3263 990 3311 numero,
1018 3266 1084 3304 eo
1105 3251 1251 3320 quod
1277 3252 1682 3321 pulchritudine
1707 3261 1760 3308 et
1789 3269 1978 3324 procen

405 3340 567 3392 ritate
601 3338 946 3402 excellerent,
987 3342 1251 3396 miraculo
1285 3342 1592 3398 videntibus
1630 3354 1803 3398 erant.
1840 3344 1979 3398 Hinc

406 3437 554 3483 mota
588 3444 780 3484 rursus
806 3431 914 3484 dux
940 3432 1032 3486 illa
1059 3432 1251 3498 nubes,
1276 3433 1443 3488 alium
1469 3434 1524 3488 in
1552 3434 1729 3488 locum
1759 3434 1980 3490 deduxit

408 3521 729 3576 exercitum.
751 3521 881 3577 Erat
911 3523 999 3577 hic
1019 3531 1197 3579 autem
1223 3525 1492 3590 desertus,
1518 3541 1684 3581 arena
1707 3527 1976 3590 obtectus,

409 3627 474 3666 ac
519 3614 742 3677 sterilis,
779 3629 879 3670 nec
914 3615 1024 3671 ullo
1057 3630 1322 3685 aquarum
1364 3618 1570 3672 ﬂuento
1607 3618 1976 3688 irrigabatur:

409 3704 502 3759 ubi
538 3719 734 3760 rursus
771 3706 1005 3775 populus
1045 3707 1136 3762 siti
1180 3707 1532 3779 aﬂligebatur.
1567 3709 1639 3762 At
1672 3709 1887 3780 Moyses
1914 3725 1981 3763 ex

410 3793 590 3863 lapide
620 3794 856 3863 quodam
887 3795 1037 3868 virga
1066 3813 1351 3866 percusso,
1393 3799 1792 3868 jucundissima
1823 3809 1984 3870 atque

411 3885 792 3951 copiosissima
813 3903 1076 3957 aquarum
1100 3889 1302 3944 ﬂuenta
1325 3891 1546 3945 exsilire
1563 3891 1710 3945 fecit.
1727 3891 1822 3947 Hic
1837 3908 1986 3947 com-

412 3983 626 4032 meatus
653 3977 816 4032 etiam
840 3979 1039 4043 omnis,
1070 3995 1231 4048 quem
1261 3989 1520 4036 exeuntes
1544 3981 1613 4035 ab
1632 3981 1869 4052 Egypto
1892 3983 1987 4035 ad-

413 4066 702 4131 duxerant,
736 4083 860 4123 cum
895 4069 1202 4133 defecisset,
1231 4080 1284 4126 et
1310 4072 1544 4142 populus
1577 4071 1718 4126 fame
1771 4089 1988 4142 preme-

413 4167 588 4226 retur,
624 4163 944 4217 miraculum
976 4162 1056 4228 ﬁt,
1101 4163 1245 4233 quod
1269 4179 1381 4232 pra:
1408 4163 1620 4219 caeteris
1643 4171 1728 4217 est
1754 4163 1989 4219 incredi-

414 4250 562 4306 bile:
603 4265 712 4305 non
755 4266 787 4304 a
821 4259 966 4306 terra
995 4252 1148 4321 ipsis,
1179 4262 1238 4306 ut
1262 4253 1420 4317 solet,
1453 4267 1574 4322 quae
1612 4253 1813 4306 victum
1849 4269 1987 4322 prae-

416 4342 656 4405 stabant,
683 4341 1023 4406 oriebantur,
1045 4341 1139 4396 sed
1163 4357 1192 4394 a
1213 4342 1353 4396 coelo
1379 4342 1622 4411 quotidie
1648 4342 1790 4397 roris
1816 4342 1990 4398 instar

2080 3156 2278 3226 ϐουλῆς
2301 3153 2696 3224 γεγενημένης,
2733 3153 2887 3217 ξύλον
2918 3169 2972 3204 τι
3001 3149 3129 3220 περὶ
3154 3149 3247 3202 τὸν
3267 3147 3428 3199 τόπον
3461 3143 3658 3212 εὑρὼν,

2079 3245 2335 3316 ὲμὸάλλει
2380 3243 2458 3314 τῷ
2507 3243 2695 3296 ὓδατιο
2745 3243 2803 3295 τὸ
2848 3241 2905 3294 δὲ
2939 3239 3282 3309 παραχρῆμα
3310 3235 3539 3303 πότιμον
3573 3228 3660 3301 ἦν,

2077 3335 2172 3387 τοῦ
2203 3334 2358 3398 ξύλου
2387 3336 2454 3404 τῇ
2477 3333 2656 3402 οἰκείᾳ
2683 3333 2907 3402 δυνάμει
2927 3331 3027 3401 τὴν
3047 3329 3138 3382 τοῦ
3174 3327 3361 3388 ὓδατος
3389 3324 3557 3393 φύσιν
3587 3325 3664 3383 εἰς

2081 3426 2272 3497 ἡδονὴν
2320 3427 2384 3478 ἐκ
2429 3424 2651 3495 πικρίας
2698 3422 3189 3493 μετακεράσαντος.
3215 3418 3324 3486 Τῆς
3353 3415 3407 3468 δὲ
3433 3413 3664 3482 νεφέλης

2084 3517 2497 3587 μεταναστάσης
2525 3515 2617 3568 ὲπὶ
2643 3515 2710 3568 τά
2732 3513 2940 3584 πρόσω,
2975 3513 3218 3564 κάκεῖνοι
3242 3509 3332 3560 ἐπὶ
3361 3509 3425 3576 τῇ
3450 3506 3668 3573 κινήσει

2079 3608 2174 3660 τοῦ
2201 3606 2521 3678 όδηγοῦντος
2546 3602 3067 3674 συμμετανίσταντο,
3089 3599 3176 3652 ἀεὶ
3187 3596 3344 3650 τοῦτο
3357 3592 3668 3670 ποιοῦντες,

2075 3682 2382 3770 ¹παυόμενοι
2413 3715 2473 3751 τε
2509 3697 2608 3768 τῆς
2646 3695 2894 3766 πορείας,
2925 3695 2982 3746 ὲν
3011 3686 3164 3760 ᾧπερ
3201 3691 3266 3743 ἂν
3299 3691 3332 3759 ἡ
3357 3689 3542 3749 στάσις
3563 3685 3666 3755 τῆς

2083 3792 2309 3862 νεφέλης
2365 3790 2424 3844 τὸ
2461 3790 2560 3859 τῆς
2614 3787 2975 3848 ἀναπαύσεως
3024 3783 3200 3836 ἔδωκε⁴
3241 3780 3514 3848 σύνθημα,
3570 3778 3671 3830 καὶ

2085 3886 2413 3956 ἀπαίροντες
2462 3882 2644 3948 πάλιν,
2692 3872 2866 3950 οὗπερ
2902 3877 2967 3931 ἂν
3013 3878 3048 3947 ή
3089 3875 3286 3945 νεφέλη
3315 3874 3412 3941 τῆς
3439 3869 3670 3942 πορείας

2085 3976 2266 4032 αὐτῶν
2315 3974 2659 4044 ἀφηγήσατο.
2706 3969 3199 4039 Κατα).αμ6άνουσι
3249 3966 3331 4027 δὲ,
3366 3961 3442 4032 τῷ
3483 3960 3677 4031 ὁδηγῷ

2085 4066 2259 4137 τούτῳ
2306 4064 2584 4133 ἑπόμενοι,
2619 4061 2786 4114 τόπον
2838 4060 2991 4112 ’ύδατι
3048 4056 3265 4126 ποτίμῳ
3300 4054 3670 4124 κατάρρυτον,

2086 4155 2468 4212 δυοδεκαίδεκα
2491 4155 2694 4224 πηγαῖς
2707 4150 2951 4220 ἀφθόνως
2979 4145 3457 4219 περικλυζόμενον.
3487 4140 3678 4195 Ἑϐδο-

2093 4254 2335 4322 μήοιοντα
2393 4248 2450 4300 δὲ
2500 4243 2638 4316 ἦσαν
2692 4245 2742 4297 οἱ
2789 4242 3050 4312 φοίνικες,
3101 4236 3396 4310 ἀρκούντες
3444 4233 3540 4286 καὶ
3611 4233 3676 4322 ὲν

2091 4319 2255 4410 δλίγῳ
2323 4338 2402 4409 τῷ
2457 4333 2674 4405 ἀριθμῷ
2722 4332 2856 4386 πολὺ
2921 4331 3144 4396 ποιῆσαι
3202 4329 3316 4389 τοῖς
3376 4323 3546 4393 ὁρῶσι
3607 4319 3676 4373 τὺ

416 4430 743 4486 deﬂuebant.
789 4431 1001 4486 Etenim
1046 4433 1150 4487 sub
1193 4433 1573 4502 crepusculum
1616 4435 1850 4502 sparsim
1902 4450 1979 4489 ros

2097 4431 2280 4502 θαῦμα
2300 4427 2406 4498 ,τῷ
2440 4427 2757 4497 ὑπεραίρειν
2791 4424 2930 4478 κατά
2963 4425 3023 4475 τὸ
3050 4419 3242 4502 κάλλος
3262 4435 3323 4470 τε
3367 4415 3462 4468 καὶ
3501 4411 3679 4482 μέγε-

418 4524 852 4591 diﬂ‘undebatur,
894 4525 986 4594 qui
1034 4524 1090 4579 in
1133 4525 1313 4580 cibum
1358 4539 1418 4578 se
1447 4523 1612 4578 dabat
1646 4525 1986 4596 legentibus:

419 4622 577 4691 isque
597 4636 707 4674 non
733 4635 966 4690 aqueum
993 4625 1132 4681 erat,
1161 4626 1220 4672 ut
1243 4619 1297 4673 in
1329 4633 1452 4672 rore
1478 4617 1593 4672 ﬁeri
1623 4619 1845 4682 assolet,
1870 4618 1990 4673 stil-

417 4714 686 4777 licidium,
725 4712 821 4768 sed
858 4713 978 4767 loco
1013 4719 1287 4783 guttarum
1316 4710 1620 4782 crystallini
1659 4711 1895 4781 grumuli
1935 4709 1993 4762 in

417 4801 694 4860 coriandri
726 4804 951 4860 seminis
976 4803 1202 4858 formam
1229 4803 1558 4873 conglobati,
1587 4803 1728 4871 quod
1759 4799 1994 4855 rustica-

416 4901 515 4954 tim
537 4899 736 4954 dicitur
763 4897 1094 4970 κολίανδρον,
1125 4897 1529 4953 descendebant
1553 4915 1566 4950 :
1602 4897 1694 4966 qui
1712 4895 1781 4949 ad
1808 4895 1993 4950 cibum

419 4989 633 5045 collecti
665 4997 884 5060 gustum
912 4989 1090 5043 mellis
1124 5003 1258 5058 pene
1287 4987 1604 5042 alTerebant.

2099 4498 2218 4590 00;.
2251 4522 2422 4577 Πάλιν
2475 4519 2726 4572 κάκεῖθεν
2774 4521 2803 4570 ὁ
2838 4515 3034 4587 ὁδηγδς
3137 4511 3333 4580 νεφέλη
3370 4507 3505 4578 πρὸς
3549 4506 3675 4557 ’ἐτε-

2102 4634 2194 4689 ρον
2249 4615 2370 4682 ἄγει
2406 4611 2568 4664 τόπον
2621 4607 2713 4660 τὸν
2757 4607 2986 4676 στρατὸν
3015 4603 3387 4672 ἀναστήσασα.
3425 4597 3679 4689 Ἐρημος

2097 4686 2155 4762 δέ
2193 4724 2277 4770 τις
2327 4697 2481 4765 οὗτος
2539 4695 2649 4771 ἦν,
2711 4701 2768 4752 ὲν
2823 4697 3084 4767 αύχμηρᾷ
3148 4695 3242 4747 καὶ
3299 4686 3678 4752 διακεκαλνμ·

2103 4799 2239 4872 μένῃ
2305 4798 2370 4865 τῇ
2444 4793 2700 4863 ψάμμῳ,
2803 4789 3073 4859 μηδεμιᾶς
3116 4784 3354 4872 Αύδάτων

2101 4867 2521 4953 ύπονοτιζούσης
2576 4881 2664 4934 τὸν
2726 4880 2936 4950 χῶρον,
2997 4879 3056 4930 ὲν
3105 4869 3150 4943 ᾧ
3199 4874 3363 4928 πάλιν
3414 4870 3507 4923 τὸν
3547 4867 3681 4919 λαὸν

2097 4979 2193 5034 τοῦ
2219 4979 2404 5046 δίψους
2439 4972 2935 5042 καταπονήσαντος,
2975 4969 3149 5039 πέτρα
3172 4983 3257 5028 τις
3286 4963 3378 5015 ἐπὶ
3400 4957 3682 5030 γεωλόφου

422 5088 601 5160 ῥάϐδῳ
647 5054 916 5156 πληγεῖσα
959 5054 1247 5154 παράντοῦ
1297 5083 1594 5144 Μωῦσέως,
1628 5078 1770 5150 ὕδωρ
1801 5079 2075 5132 ἐκδίδωσιν
2103 5075 2199 5148 ἡδύ
2233 5089 2306 5168 τε
2337 5071 2450 5168 ’καί
2485 5065 2898 5168 πότιμονκκαὶ,
3059 5059 3248 5168 χρείας
3278 5057 3372 5166 τοῦ
3420 5054 3687 5168 τοσούτου

419 5149 549 5234 λαοῦ
571 5149 989 5249 δαψιλέστερον.
1022 5149 1190 5229 Ἔνθα
1217 5172 1282 5242 δὴ
1313 5173 1406 5224 καλ⁵
1432 5173 1530 5240 τῆς
1559 5149 1912 5241 παρασκευῆς
1942 5169 2050 5222 τῶν
2083 5163 2301 5238 τροφῶν
2334 5157 2709 5256 ἐπιλιπούσης,
2745 5155 2812 5226 ἢν
2841 5154 2901 5256 εξ
2944 5155 3220 5256 Αἰγύπτου
3252 5150 3387 5256 πρὸς
3415 5149 3516 5256 την
3544 5149 3689 5250 66.0:-

421 5274 620 5345 πορίαν
652 5273 1046 5334 ἐπεσιτίσαντο,
1077 5269 1171 5323 καὶ
1192 5266 1335 5338 λιμῷ
1374 5265 1469 5319 τοῦ
1510 5265 1637 5318 λαοῦ
1693 5264 2012 5334 πιεζομένου
2032 5277 2047 5292 ο
2091 5261 2299 5328 γίνεται
2336 5255 2397 5307 τὸ
2425 5255 2669 5349 πάντων-
2683 5249 3040 5349 ἀπιστότατον
3085 5245 3291 5349 (multo?
3325 5259 3424 5294 ουκ
3457 5243 3686 5349 ὲξςγης.

422 5332 566 5420 κατὰ
588 5367 650 5418 τὸ
676 5332 1080 5434 νενομισμένον,
1110 5332 1433 5428 αύτοίς-τῆς
1474 5355 1677 5425 τροφῆς
1715 5332 2063 5422 φαινομένης,
2091 5349 2202 5403 ἀλλ’
2238 5344 2442 5400 ἄνωθεν
2479 5339 2669 5447 ὲκὲτοῦ
2715 5337 2944 5447 ούρανοῦ
2968 5335 3313 5447 κδροσοειδῶς
3348 5332 3690 5447 καταρρεοέῗ

426 5477 545 5530 σης.
582 5458 781 5528 Δρόσος
801 5426 934 5526 ’γὰρ
953 5456 1134 5516 αὐτοῖς
1159 5426 1404 5522 ἑπεχεῖτο
1435 5449 1578 5503 κατά
1610 5450 1699 5502 τὸν
1730 5447 1956 5520 δρθρον’
1992 5445 2167 5519 τροφὴ
2199 5443 2262 5515 ’,δὲ
2286 5444 2403 5538 τοίς
2441 5435 2940 5538 ὑποδεχομένοιςῃῂ
2963 5432 3150 5538 δρόσος
3182 5430 3405 5538 ἐγίνετο,

427 5517 797 5622 ἐπίχεόμενον.
825 5517 900 5602 ού.
930 5517 1082 5619 ῥανὶς
1115 5517 1388 5616 ὑδατῶδης
1411 5540 1499 5612 ἦν,
1529 5541 1711 5604 καθὼς
1744 5517 1974 5610 σύνηθές
2013 5517 2160 5590 ἔστιν
2195 5537 2252 5588 ὲν
2281 5531 2455 5632 δρόσιρ
2500 5527 2781 5632 γίνεσθακιιο
2829 5524 2940 5631 ἀλλ’
2976 5524 3094 5622 ἀντὶ.

427 5618 572 5704 τινές
604 5618 1064 5711 κρυσταλλοειδεῖς
1100 5635 1161 5689 τὸ
1190 5633 1348 5700 εἶδος,
1389 5634 1532 5688 κατά
1581 5632 1643 5685 τὸ
1695 5631 1903 5702 σχῆμα,
1952 5629 1980 5680 ὃ
2020 5622 2350 5698 ἀγροικικῶς
2393 5621 2606 5686 λέγεται
2655 5618 2963 5688 κολίανδρον
3000 5618 3094 5667 τοῦ
3137 5618 3318 5683 κορῐου
3345 5618 3689 5680 σπέρματος,

431 5730 830 5806 σφαιρωθέντις
869 5729 1181 5800 κατέρρεον,
1216 5722 1288 5783 ὢν
1319 5731 1355 5796 ἡ
1394 5728 1576 5795 γεῦσις
1601 5726 1695 5796 τὴν
1719 5725 1812 5779 τοῦ
1847 5723 2060 5794 μέλιτος
2097 5720 2287 5791 ἡδονὴν
2317 5714 2654 5785 ὑπεκρίνετο.
