3886 6214
171 293 326 351 3η.

1501 299 1589 355 DE
1625 300 1787 354 VITA
1827 291 2106 356 MOYSIS.

3351 297 3472 354 314·

249 407 516 480 Τούτῳδέ
537 409 618 480 τῷ
645 409 881 482 θαύματι
917 411 1299 483 συνεθεωρεῖτο
1329 413 1420 467 κα)⁸
1451 412 1512 466 τὸ
1545 414 1728 486 ἕτερον
1746 431 1760 444 ο

1945 412 2082 465 lluic
2121 413 2381 470 miraculo
2431 414 2724 470 accedebat
2778 423 2834 470 et
2863 414 3050 470 aliud:
3099 413 3286 470 multis
3307 417 3456 470 enim

173 501 242 554 τὸ
277 501 486 564 πάντας
518 501 612 553 ἐπὶ
642 500 741 572 τὴν
790 501 1050 572 συλλογὴν
1082 501 1356 570 ἐξιόντας,
1395 504 1453 555 ἐν
1492 503 1766 574 διαφόροις

179 595 280 662 (ὡς
305 592 474 662 είκὸς)
503 593 741 664 ἡλικίαις
759 610 819 646 τε
840 593 932 646 καὶ
951 593 1230 664 δυνάμεσι,
1253 595 1389 665 μήτε
1410 595 1627 648 ἔλαττον
1652 595 1768 647 ἐτε-

182 701 280 756 ρον
310 685 517 754 ἑτέρου,
546 683 689 738 κατά
716 683 813 754 τὴν
832 686 930 754 τῆς
953 684 1234 754 δυνάμεως
1261 685 1538 756 διαφορὰν,
1573 702 1768 756 συγκο-

185 775 445 845 μίζεσθαι
464 792 478 806 ο
509 774 644 830 ἀλλά
672 775 986 847 μετρεῖσθαι
1009 779 1074 846 τῇ
1106 776 1334 830 ἑκάστου
1368 777 1521 848 χρείᾳ
1546 777 1608 830 τὸ
1643 795 1768 832 συν-

185 867 478 937 αγόμενον,
507 867 582 929 ὼς
613 869 750 938 μήτε
791 867 882 921 τὸν
903 865 1271 940 δυνατώτερον
1301 869 1363 922 τὸ
1391 869 1554 924 πλέον
1599 870 1763 940 ἔχειν,

189 957 332 1026 μήτε
379 955 725 1009 ἐλαττοῦσθαι
752 957 851 1028 τῆς
893 957 1193 1028 ἰσομοιρίας
1220 959 1317 1012 τὸν
1359 959 1770 1032 ἀσθενέστερον.

185 1047 363 1100 Πάλιν
408 1047 500 1098 ἐπὶ
523 1047 698 1118 τούτῳ
726 1047 911 1118 ἕτερον
941 1048 1123 1119 θαῦμα
1152 1051 1185 1120 ἡ
1219 1050 1430 1122 ἱστορία
1460 1051 1644 1122 φησὶν,
1685 1053 1768 1106 ὅτι

186 1137 248 1188 τὸ
276 1136 414 1207 πρὸς
450 1137 662 1208 ἡμέραν
702 1137 930 1201 ἕκαστος
959 1138 1337 1210 κομιζόμενος,
1370 1141 1524 1195 οὐδὲν
1555 1143 1635 1207 είς
1670 1147 1770 1215 τὴν

187 1228 320 1298 ἑξῆς
356 1227 663 1284 ἀπετίθετο.
724 1229 814 1299 Τῷ
865 1229 921 1284 δὲ
967 1231 1223 1303 φειδωλία
1265 1232 1375 1286 τινὶ
1417 1233 1555 1305 πρὸς
1577 1234 1674 1305 τὴν
1705 1236 1771 1289 ὲκ

187 1324 290 1393 τῆς
321 1323 832 1393 παρούσηςντροφῆς
861 1323 1232 1394 ταμιεύσαντι,
1255 1325 1526 1397 ἄχρηστον
1545 1323 1613 1398 ἦν
1635 1329 1770 1398 πρὸς

189 1414 399 1483 τροφὴν
448 1413 510 1466 τὸ
552 1415 848 1478 ἀπόθετον,
901 1417 983 1479 είς
1035 1416 1335 1488 σκωλήκων
1390 1417 1553 1486 φύσιν
1601 1436 1772 1490 μετα-

187 1504 535 1574 ποιούμενον.
568 1506 833 1575 Πρόσεστί
862 1523 916 1558 τι
953 1505 1045 1559 καὶ
1073 1505 1200 1560 ἀλλο
1232 1510 1297 1578 τῇ
1343 1508 1493 1580 παρά
1524 1509 1623 1579 τῆς
1643 1526 1774 1580 τρο-

189 1595 300 1664 φῆς
331 1595 532 1665 ταύτης
577 1597 787 1668 ίστορία
816 1597 1138 1667 παράδοξον.
1189 1597 1311 1651 Τῶν
1351 1600 1461 1670 γὰρ
1492 1600 1590 1671 τῆς
1619 1600 1774 1653 ἐϐδο-

193 1687 362 1756 μάδος
389 1687 610 1757 ἡμερῶν
647 1688 748 1758 τῆς
791 1691 938 1759 μιᾶς,
971 1691 1110 1744 κατά
1137 1707 1257 1743 τινα
1302 1691 1459 1760 λόγον
1489 1692 1769 1762 μυστικὸν,

1873 517 1982 559 nec
2015 503 2130 571 pari
2154 510 2332 571 aetate,
2369 519 2470 559 nec
2491 505 2722 568 viribus,
2759 512 2818 558 ut
2871 513 3298 559 consentaneum
3347 512 3454 567 est,

1875 594 2183 667 aequalibus
2217 595 2285 650 ad
2319 597 2695 652 collectionem
2721 594 3140 658 conﬂuentibus,
3195 611 3305 649 non
3355 597 3458 650 mi-

1876 707 1981 746 nus
2017 689 2160 745 alter
2199 689 2392 752 altero,
2427 697 2521 744 aut
2575 703 2795 760 propter
2832 696 3067 752 atatem,
3099 694 3195 741 aut
3235 695 3458 757 propter

1874 782 2254 838 inﬁrmitatem
2305 780 2412 836 sibi
2459 781 2758 850 assumpsit
2815 800 2830 837 :
2891 795 2993 836 nee
3051 779 3144 850 qui
3202 779 3453 840 validior,

1874 872 1977 927 sibi
2004 872 2127 942 plus
2167 884 2330 942 quam
2360 878 2506 926 esset
2529 886 2688 940 opus,
2720 885 2822 926 nec
2852 871 2947 941 qui
2981 870 3246 924 infirmior
3273 870 3462 924 minus

1874 963 1931 1018 in
1958 979 2023 1018 eo
2051 964 2138 1018 die
2159 962 2339 1033 potuit
2375 962 2637 1032 arripere.
2687 961 2844 1016 Aliud
2884 963 3107 1032 insuper
3128 961 3454 1016 miraculum

1875 1054 2107 1109 historia
2128 1055 2317 1116 habet,
2343 1053 2488 1122 quod
2522 1053 2731 1108 scilicet
2756 1069 2867 1109 uno
2899 1053 2988 1108 die
3017 1054 3306 1107 collectum
3338 1052 3458 1106 fue-

1875 1154 1979 1207 rat,
2001 1143 2122 1212 ejus
2152 1143 2290 1197 nihil
2313 1142 2538 1196 omnino
2570 1143 2625 1196 in
2659 1143 2964 1197 crastinum
3010 1141 3178 1196 fuisse
3207 1155 3456 1194 reserva-

1875 1241 2013 1288 tum.
2047 1233 2204 1300 Quod
2222 1235 2266 1288 si
2289 1233 2416 1303 quis
2440 1234 2633 1288 timore
2664 1231 2852 1288 furtim
2874 1233 3167 1302 quamdam
3197 1231 3302 1286 sibi
3331 1247 3458 1300 par-

1874 1321 2097 1374 ticulam
2120 1320 2188 1375 ad
2215 1321 2516 1375 crastinum
2539 1328 2946 1385 conservasset,
2989 1328 3162 1375 totum
3191 1320 3334 1390 quod
3370 1336 3459 1374 re-

1875 1410 2116 1480 posilum
2169 1418 2306 1476 erat,
2369 1427 2467 1481 per
2517 1419 2732 1467 noctem
2789 1421 3101 1482 corruptum
3146 1414 3200 1467 in
3245 1429 3459 1468 vermes

1875 1501 2394 1558 transformabatur.
2420 1501 2516 1557 Est
2542 1503 2595 1558 in
2629 1503 2730 1558 hac
2761 1504 2986 1559 historia
3012 1503 3272 1574 quiddam
3303 1503 3460 1556 mira-

1876 1593 1985 1648 bile
2017 1611 2030 1649 :
2066 1608 2188 1648 nam
2225 1609 2351 1648 cum
2385 1610 2450 1648 ex
2485 1595 2838 1651 hebdomadas
2869 1595 3064 1650 diebus
3087 1610 3195 1650 una
3227 1596 3459 1665 mystica

1877 1685 2092 1738 ratione
2120 1686 2356 1755 quadam
2379 1689 2690 1743 cessatione
2714 1687 2782 1742 ab
2802 1686 3050 1742 Hebraeis
3076 1687 3456 1750 honoraretur,

189 1779 437 1849 ἀπραξίᾳ
483 1782 872 1852 τετιμημένης,
908 1783 966 1835 ἐν
1012 1786 1078 1854 τῇ
1123 1783 1230 1854 πρὸ
1263 1784 1432 1854 αὐτῆς
1464 1785 1650 1856 ἡμέρᾳ
1673 1787 1771 1854 τῆς

1879 1791 1941 1833 ue
1990 1776 2124 1848 quid
2173 1777 2231 1832 in
2261 1794 2325 1834 ea
2373 1778 2462 1835 die
2514 1787 2712 1850 praeter
2754 1777 3210 1833 consuetudinem
3275 1775 3461 1832 facere

191 1870 338 1938 ῐσης,
399 1869 474 1933 ῶς
531 1870 666 1941 πρὸς
719 1871 811 1924 τὸν
871 1872 1180 1944 ἔμπροσθεν
1232 1874 1426 1945 χρόνον
1485 1876 1779 1945 γινομένης

191 1961 489 2033 ἐπιρῤοῆς,
556 1963 654 2016 καὶ
702 1964 801 2034 τῆς
858 1965 966 2018 τῶν
1030 1965 1394 2033 συλλεγόντων
1468 1967 1778 2039 προθυμίας

191 2052 255 2104 τὸ
337 2053 453 2106 ῐσον
501 2054 768 2124 ἐχούσης·
818 2057 1100 2112 διπλάσιον
1163 2059 1447 2130 εὑρίσκετο
1505 2061 1601 2114 τοῦ
1655 2080 1779 2115 συν-

194 2141 362 2210 ήθους
421 2143 622 2215 μέτρου
684 2145 745 2199 τὸ
801 2149 1195 2219 συναγόμενονο
1254 2150 1330 2214 ῶς
1378 2151 1445 2205 ἂν
1509 2153 1778 2224 μηδεμίαν

194 2233 368 2303 ἔχοιεν
419 2235 706 2310 ἀφορμὴν,
763 2241 830 2309 τῇ
885 2240 983 2310 τῆς
1049 2242 1256 2313 τροφῆς
1331 2244 1547 2318 ἀνάγκῃ
1596 2263 1779 2315 παρα-

193 2324 345 2378 λύειν
413 2329 513 2398 τῆς
557 2328 830 2400 ἀπραξίας
893 2331 985 2385 τὸν
1025 2334 1208 2403 νόμον.
1281 2336 1372 2389 Ἐν
1447 2331 1492 2404 ᾧ
1545 2337 1609 2410 δὴ
1685 2339 1779 2392 καὶ

192 2418 359 2470 πλέον
411 2420 446 2490 ἡ
497 2420 622 2474 Θεία
671 2423 942 2478 ἐδείκνυτο
997 2425 1244 2497 δύναμις,
1296 2427 1378 2481 ὅτι
1423 2431 1546 2492 ταῖς
1587 2430 1775 2494 ἄλλαις

191 2511 452 2581 ἡμέραις,
493 2513 880 2585 ἀχρειουμένου
908 2516 1003 2570 τοῦ
1053 2518 1493 2588 περισσεύοντος,
1527 2523 1586 2574 ἐν
1639 2524 1775 2594 μόνῃ

188 2605 263 2672 τῇ
301 2604 406 2673 πρὸ
441 2604 536 2656 τοῦ
590 2606 860 2662 σαϐϐάτου
895 2614 1219 2682 παρασκευῇ
1250 2611 1428 2682 (τοῦτο
1463 2612 1573 2684 γὰρ
1605 2615 1777 2684 ὄνομα

187 2695 263 2762 τῇ
327 2694 592 2765 ἀπράκτῳ
663 2699 881 2769 ἡμέρᾳ)
947 2701 1010 2753 τὸ
1062 2702 1390 2772 ταμιευθὲν,
1451 2704 1776 2778 ἀδιάφθορον

190 2785 433 2852 ἔμεινεν,
484 2789 560 2851 ὡς
605 2793 726 2842 κατ’
750 2791 900 2844 οὐδὲν
933 2788 1072 2846 εῖναι
1115 2794 1208 2848 τοῦ
1239 2796 1555 2866 προσφάτου
1598 2797 1775 2851 δοκεῖν

191 2877 516 2948 ὲωλότερον.
567 2877 701 2936 Είτα
733 2884 968 2954 πόλεμος
998 2888 1182 2952 αὐτοῖς
1230 2893 1608 2960 συγκροτεῖται
1640 2891 1776 2961 πρός

189 2986 248 3022 τι
279 2969 433 3035 ἔθνος
462 2972 755 3041 ἀλλόφυλον
781 2977 1179 3049 (Ἀμαληκίτας
1207 2981 1264 3034 δὲ
1299 2984 1424 3046 τοὺς
1453 2984 1571 3036 κατ’
1599 2983 1776 3037 αὐτῶν

191 3061 321 3166 τότε
348 3065 649 3166 συστάντας
676 3067 930 3166 ὀνομάζει
958 3072 987 3123 ὁ
1012 3071 1190 3142 λόγος)
1213 3088 1227 3101 ο
1271 3073 1366 3126 καὶ
1402 3074 1522 3126 τότε
1557 3074 1776 3146 πρῶτον
1804 3107 1847 3166 c

193 3154 281 3216 εἰς
343 3156 646 3226 παράταξιν
699 3160 758 3212 τὸ
827 3161 1214 3231 ἰσραηλιτικὸν
1282 3164 1654 3230 ἐξοπλίζεταιο
1715 3167 1776 3220 οὑ

194 3247 542 3315 πανστρατιᾷ
580 3247 794 3301 πάντων
825 3252 1260 3320 συγκινηθέντων
1306 3255 1399 3307 ἐπὶ
1441 3255 1538 3324 τὴν
1573 3256 1776 3325 μάχην,

195 3334 317 3386 ἀλλ’
349 3335 661 3405 ἀριστίνδην
687 3337 1094 3410 ἐξειλεγμένων,
1123 3343 1216 3396 καὶ
1254 3344 1364 3397 τῶν
1393 3347 1450 3397 ἐν
1476 3345 1659 3409 αὐτοῖς
1690 3345 1780 3398 λο-

197 3426 380 3492 γάδων
408 3427 823 3498 ἀναδεξαμένων
847 3432 938 3484 τὸν
959 3433 1195 3505 πόλεμον
1215 3451 1230 3466 ο
1253 3437 1310 3487 ἐν
1334 3429 1379 3502 ᾧ
1405 3435 1567 3490 πάλιν
1594 3437 1780 3490 καινὸν

197 3517 370 3581 ἔδειξε
403 3521 738 3590 στρατηγίας
775 3523 975 3593 τρόπον
1016 3525 1045 3577 ὁ
1088 3527 1348 3596 Μωῦσῆς.
1397 3527 1504 3580 Τοῦ
1535 3528 1645 3598 γάρ
1675 3529 1782 3597 Ἰη-

201 3607 321 3672 σοῦ,
373 3609 436 3672 ὃς
485 3611 622 3681 μετά
653 3612 746 3665 τὸν
788 3615 1027 3669 Μωῦσέα
1072 3617 1166 3670 τοῦ
1223 3618 1354 3672 λαοῦ
1403 3618 1778 3689 καθηγήσατο,

199 3699 324 3751 τότε
359 3703 474 3764 τοῖς
533 3703 920 3775 Ἀμαληκίταις
960 3706 1050 3760 τὸν
1099 3709 1329 3780 στρατὸν
1373 3710 1779 3779 ἀντεξάγοντος,

200 3791 309 3855 ἔξω
334 3792 446 3845 τῶν
474 3794 654 3849 ὅπλων
683 3799 712 3849 ό
742 3799 985 3868 Μωῡσῆς
1017 3800 1110 3853 ἐπί
1133 3818 1278 3864 τινος
1311 3805 1544 3866 σκοπιᾶς
1582 3806 1783 3872 γεωλόα

202 3899 306 3950 φου
349 3885 488 3954 πρὸς
519 3885 610 3939 τὸν
655 3887 882 3959 οὐρανὸν
926 3891 1240 3958 ἀναϐλέπει,
1280 3895 1626 3950 συνεστώτων
1653 3899 1782 3952 ἐκά-

199 3971 444 4041 τέρωθεν
471 3973 618 4044 αύτῷ
651 3975 746 4028 δύο
773 3977 879 4030 τῶν
921 3979 1262 4051 ἐπιτηδείων,
1295 3983 1383 4034 ὅτε
1423 3985 1662 4039 τοιοῦτον
1690 3988 1782 4040 ἐπὶ

199 4066 316 4127 τοῖς
360 4065 666 4135 γινομένοις
709 4068 896 4139 θαῦμα
919 4071 1070 4142 παρά
1100 4072 1198 4142 τῆς
1229 4073 1468 4144 ίστορίας
1489 4075 1785 4146 ἀκούομενο

199 4154 266 4207 Εἰ
315 4156 417 4224 μὲν
459 4158 632 4229 ἐπῆρε
663 4160 799 4230 πρὸς
828 4162 1058 4231 οὐρανὸν
1104 4163 1202 4227 τὰς
1245 4167 1433 4234 χεῖρας
1463 4168 1492 4218 ό
1518 4167 1777 4236 Μωῦσῆς,

199 4243 580 4314 ιπεῤῥὼννυτο
629 4249 770 4302 κατά
810 4249 920 4302 τῶν
962 4251 1173 4322 ἐχθρῶν
1217 4253 1277 4306 τὸ
1325 4253 1598 4324 ὑπήκοονο
1643 4258 1690 4308 εί
1723 4256 1780 4308 δὲ

199 4335 466 4404 καθῆκεν,
497 4337 728 4390 ἐνεδίδου
773 4340 868 4393 καὶ
893 4341 924 4392 ὁ
956 4341 1182 4411 στρατὸς
1209 4345 1276 4413 τῇ
1305 4343 1415 4398 τῶν
1459 4345 1780 4415 ἀλλοφύλων

1879 1876 2229 1938 cogerentur,
2263 1869 2515 1938 quamvis
2548 1877 2699 1924 tanto
2729 1868 2784 1923 in
2809 1868 3038 1936 collegio
3073 1869 3456 1936 unusquisque

1880 1960 2142 2025 studium,
2166 1968 2430 2030 quantum
2453 1961 2509 2022 in
2529 1959 2746 2015 caeteris
2770 1959 2986 2022 diebus,
3012 1958 3101 2014 die
3129 1969 3280 2013 sexta
3302 1957 3459 2013 adhi-

1883 2049 2054 2112 beret,
2073 2049 2300 2120 duplum
2326 2057 2507 2104 tamen
2532 2049 2820 2104 collectum
2847 2048 2950 2104 sibi
2976 2063 3097 2103 esse
3123 2046 3457 2102 inveniebat.

1879 2157 1950 2198 ne
2004 2153 2151 2198 esset
2201 2142 2257 2198 in
2301 2157 2469 2200 causa
2529 2141 2707 2198 victus
2752 2141 3058 2197 necessitas
3103 2139 3458 2210 quamobrem

1879 2249 2044 2303 opere
2095 2235 2280 2304 aliquo
2309 2235 2396 2289 lex
2445 2233 2764 2290 violaretur.
2798 2231 2859 2287 ln
2907 2247 3016 2302 quo
3055 2233 3217 2287 etiam
3272 2229 3460 2284 divina

1879 2327 2227 2382 eluccscehat
2284 2327 2576 2397 potentia:
2632 2341 2758 2380 nam
2805 2341 2932 2381 cum
2975 2323 3201 2392 reliquis
3242 2321 3457 2384 diebus,

1879 2417 2026 2487 quod
2059 2426 2345 2488 supererat
2367 2425 2834 2486 corrumperetur,
2867 2416 2924 2470 in
2960 2416 3076 2470 sola
3101 2429 3222 2484 quae
3262 2413 3462 2468 sabba-

1883 2518 1996 2564 tum
2053 2511 2390 2580 praecedebat
2442 2511 2742 2566 Parasceve
2791 2508 3082 2563 collectum
3138 2506 3262 2576 (hoc
3312 2505 3461 2558 enim

1879 2602 2070 2656 otiosae
2117 2602 2194 2655 illi
2247 2601 2356 2656 diei
2389 2616 2587 2656 nomen
2620 2600 2744 2671 fuit)
2777 2601 3156 2668 incorruptum
3188 2598 3461 2667 perdura-

1881 2692 1997 2755 bat,
2050 2693 2125 2748 ita
2156 2701 2216 2748 ut
2263 2695 2556 2749 recentiori
2614 2694 2788 2748 nihilo
2818 2693 3103 2747 rancidius
3157 2691 3461 2745 videretur.

1879 2783 2088 2839 Bellum
2169 2784 2368 2841 deinde
2456 2786 2746 2842 adversum
2804 2792 3020 2855 gentem
3102 2783 3463 2852 alienigenam

1878 2875 2209 2932 Amalccitas
2230 2878 2450 2933 nomine
2474 2877 2702 2945 exarsit,
2724 2885 2779 2931 et
2799 2885 2932 2931 tunc
2965 2876 3200 2945 primum
3249 2873 3461 2927 Hebraei

1879 2967 2184 3020 constructi
2233 2966 2290 3021 in
2316 2967 2489 3022 aciem
2531 2975 2683 3031 sunt,
2735 2981 2846 3021 non
2878 2980 3092 3028 omnes,
3127 2965 3224 3017 sed
3277 2963 3464 3026 electi,

1879 3058 2082 3128 quibus
2107 3056 2294 3122 Josue,
2343 3059 2437 3128 qui
2468 3068 2590 3128 post
2615 3057 2835 3128 Moysen
2881 3055 3245 3127 gubernacula
3274 3054 3460 3124 populi

1877 3159 2214 3219 susceperat,
2242 3149 2477 3219 praefuit.
2509 3147 2643 3203 Nam
2669 3148 2882 3220 Moyses
2912 3160 3066 3204 extra
3093 3148 3364 3217 prmlium,
3406 3149 3460 3200 in

1877 3242 2017 3297 colle
2050 3241 2288 3312 quodam
2323 3243 2517 3297 altiore
2545 3257 2654 3296 una
2690 3257 2816 3296 cum
2870 3241 3087 3296 duobus
3131 3239 3463 3295 necessariis

1878 3334 2220 3398 constiterat,
2244 3333 2312 3388 ad
2334 3335 2504 3389 caelos
2531 3333 2830 3399 aspiciens,
2859 3334 3079 3402 quando
3104 3334 3185 3401 (ut
3205 3333 3259 3386 in
3293 3332 3464 3384 histo-

1878 3427 1958 3480 ria
1994 3427 2252 3481 traditum
2280 3429 2388 3498 est)
2421 3428 2476 3483 id
2527 3443 2746 3497 quoque
2795 3426 2939 3481 inter
2979 3433 3177 3480 caetera
3215 3423 3462 3477 mirabile

1879 3517 2028 3574 dictu
2051 3519 2253 3574 factum
2278 3528 2381 3575 est.
2410 3518 2545 3573 Nam
2571 3534 2696 3574 cum
2718 3517 2929 3589 Moyses
2958 3531 3154 3572 manus
3182 3517 3236 3569 in
3259 3517 3459 3568 cmlum

1879 3611 2136 3676 elevaret,
2192 3621 2324 3666 tunc
2375 3612 2580 3682 ingenti
2629 3611 2813 3666 animo
2861 3610 3142 3665 irruebant
3167 3609 3224 3663 in
3272 3608 3463 3662 hostes

1881 3702 2125 3769 Hebraei;
2155 3718 2282 3758 cum
2325 3709 2456 3758 vero
2487 3719 2683 3758 manus
2714 3703 3036 3767 remisisset,
3105 3711 3237 3755 tunc
3269 3711 3462 3754 contra

1880 3794 2178 3851 ferociores
2212 3794 2338 3850 facti
2367 3795 2573 3858 hostes,
2615 3792 2874 3848 facillime
2916 3791 3136 3846 Judaeos
3169 3789 3458 3859 pellebant.

1879 3885 2035 3951 Quod
2089 3883 2376 3955 aliquoties
2437 3883 2636 3939 factum
2673 3882 2832 3937 facile
2892 3881 3300 3943 intellexerunt,
3366 3880 3460 3948 qui

1881 3994 2005 4033 cum
2075 3992 2141 4032 eo
2193 3984 2374 4032 erant.
2445 3975 2632 4044 Itaque
2692 3973 2864 4044 Moysi
2936 3973 3094 4028 ulnas
3165 3972 3464 4026 subeuntes

1879 4070 2093 4124 occulta
2139 4067 2374 4138 quadam
2401 4067 2470 4122 de
2505 4081 2672 4121 causa
2729 4065 3008 4136 graviores
3039 4063 3215 4117 factas
3265 4078 3462 4116 manus

1879 4163 1999 4230 ejus
2028 4160 2428 4216 sustentabant.
2467 4156 2662 4212 Verum
2686 4157 2814 4226 quia
2853 4154 3235 4210 imbecilliores
3281 4163 3458 4216 erant,

1882 4267 2042 4322 quam
2065 4258 2123 4305 ut
2154 4257 2378 4320 possent
2417 4256 2624 4304 rectum
2671 4248 2879 4302 diutius
2911 4246 3137 4317 Moysen
3163 4245 3460 4304 sustinere,

1881 4345 2062 4414 lapide
2109 4343 2186 4396 illi
2219 4343 2273 4396 in
2301 4341 2485 4397 sedem
2519 4340 2804 4410 supposito
2861 4338 3080 4393 facilius
3133 4336 3464 4390 adminiculo

199 4429 346 4498 ὁρμῇ
369 4441 385 4457 ’
422 4427 450 4480 ὃ
486 4427 551 4498 δὴ
599 4430 850 4494 συνέντες
889 4432 939 4484 οί
977 4433 1328 4502 παρεστῶτες
1363 4436 1536 4506 αὐτῷ,
1564 4437 1777 4509 βαρείας

1888 4435 2203 4497 effecerunt,
2229 4439 2286 4485 nt
2311 4447 2504 4486 manus
2547 4431 2602 4484 in
2641 4429 2840 4484 caelum
2865 4429 3075 4484 levatas
3102 4428 3308 4482 diutius
3336 4426 3466 4478 reti-

199 4535 260 4570 τε
295 4518 392 4570 καὶ
424 4517 796 4591 δυσκινήτους,
843 4520 908 4574 ἐκ
953 4539 1100 4587 τινος
1148 4525 1534 4596 κεκρυμμένης
1579 4528 1778 4593 αἰτίας,

197 4609 296 4662 τοῦ
331 4610 614 4672 Μωῦσέως
641 4611 740 4676 τὰς
786 4615 975 4684 χεῖρας
1006 4617 1399 4686 γεγενημένας,
1443 4619 1782 4690 ἑκατέρωθεν

200 4701 509 4763 ύποὸάντες
540 4701 846 4772 ὑπήρειδον.
900 4704 1053 4757 Ἐπεὶ
1093 4705 1151 4757 δὲ
1197 4706 1575 4778 ἀσθενέστεροι
1619 4704 1781 4780 ἦσαν,

199 4793 232 4862 ἢ
279 4793 427 4846 ὥστε
472 4792 684 4863 ἀνέχειν
714 4794 876 4848 αὐτὸν
920 4796 978 4849 ἐν
1011 4795 1179 4866 ὀρθίῳ
1221 4796 1296 4867 τῷ
1347 4800 1604 4869 σχήματι,
1652 4799 1785 4869 λίθῳ

199 4886 299 4955 τὴν
330 4884 603 4954 καθέδραν
632 4885 798 4939 αὑτοῦ
824 4887 1229 4957 ὑπερείσαντες,
1255 4888 1428 4953 οὕτως
1456 4891 1538 4954 εἰς
1558 4891 1786 4960 οὐρανὸν

199 4977 454 5046 ἐπαίρειν
499 4977 590 5028 τὸν
638 4977 876 5030 Μωῦσέα
919 4977 986 5030 δι’
1024 4979 1233 5032 ἑαυτῶν
1258 4978 1356 5041 τὰς
1384 4984 1570 5051 χεῖρας
1601 4981 1787 5052 ἐποίη-

201 5084 335 5120 σανο
385 5060 449 5120 οὗ
495 5067 788 5136 γενομένου
835 5066 976 5119 κατά
1011 5066 1211 5138 κράτος
1253 5069 1481 5138 ἡττᾶται
1529 5067 1631 5121 ὑπὸ
1674 5067 1784 5122 τῶν

212 5157 564 5228 Ἰσραηλιτῶν
602 5160 663 5210 τὸ
699 5159 1014 5227 ἀλλόφυλον.
1058 5159 1180 5212 Ἐπὶ
1207 5159 1263 5212 δὲ
1290 5159 1384 5212 τοῦ
1424 5159 1590 5212 αὐτοῦ
1615 5159 1782 5212 τόπου

197 5251 296 5318 τῆς
348 5248 576 5318 νεφέλης
620 5249 904 5319 μενούσης,
950 5251 985 5320 ἡ
1031 5251 1323 5320 καθηγεῖτο
1365 5249 1458 5303 τοῦ
1507 5250 1637 5303 λαοῦ
1680 5251 1782 5320 τῆς

198 5341 432 5410 πορείας
449 5359 465 5371 ·
502 5342 715 5410 ἀνάγκη
738 5344 886 5396 πᾶσα
909 5338 998 5412 ἦν,
1031 5343 1164 5412 μηδέ
1189 5343 1281 5396 τὸν
1305 5343 1432 5396 λαὸν
1465 5344 1784 5413 μετανίστα-

199 5429 362 5493 σθαι,
421 5430 649 5499 μηδενὸς
693 5431 842 5495 am;
889 5431 984 5485 τοῦ
1032 5432 1444 5502 καθηγουμένου
1497 5431 1634 5504 πρὸς
1683 5433 1781 5504 τὴν

203 5522 561 5591 μετάστασιν.
607 5521 792 5585 Οὕτως
839 5523 895 5574 δὲ
944 5524 1126 5586 αὐτοῖς
1156 5525 1394 5594 ἀμογητὶ
1423 5525 1524 5594 τῆς
1557 5525 1693 5597 πρὸς
1720 5525 1781 5578 τὸ

1885 4534 2058 4582 neret.
2087 4524 2206 4590 Quo
2231 4523 2373 4576 facto
2398 4521 2504 4576 fusi
2533 4521 2757 4576 omnino
2785 4520 3067 4589 fugatique
3105 4519 3289 4572 hostes
3313 4524 3460 4571 sunt.

1883 4617 2022 4672 Cum
2050 4624 2231 4670 autem
2269 4613 2460 4670 eodem
2489 4613 2545 4666 in
2605 4613 2725 4666 loco
2763 4611 2937 4666 nubes
2959 4617 3198 4664 maneret
3215 4623 3336 4678 qua:
3363 4623 3464 4676 po-

1885 4708 1999 4780 puli
2034 4709 2134 4762 vize
2171 4707 2280 4760 dux
2309 4712 2446 4770 erat,
2481 4718 2584 4760 nec
2610 4702 2787 4772 ipsum
2820 4701 3078 4772 populum
3101 4701 3207 4754 alio
3237 4698 3465 4752 commi-

1885 4816 2044 4872 grare
2074 4813 2300 4854 necesse
2353 4797 2513 4865 plane
2562 4795 2686 4860 fuit,
2731 4810 2852 4850 cum
2883 4784 3074 4848 dincem
3124 4791 3464 4862 migrationis

1887 4908 1997 4948 non
2041 4891 2292 4946 haberet.
2328 4888 2422 4943 Sic
2450 4903 2581 4958 ergo
2611 4902 2737 4941 cum
2781 4885 2848 4940 ad
2875 4888 3076 4940 victum
3117 4885 3226 4939 illis
3259 4885 3465 4953 absque

1886 4985 2069 5039 labore
2115 4990 2314 5036 cuncta
2372 4986 2744 5049 suppeterent,
2799 4993 2925 5032 cum
2966 4991 3060 5030 aer
3087 4991 3306 5031 sursum
3357 4976 3468 5029 illis

1888 5088 2083 5143 panem
2116 5072 2418 5142 deplueret,
2458 5071 2715 5124 deorsum
2749 5082 2878 5122 vero
2901 5082 3067 5136 rupes
3095 5073 3281 5135 potum
3319 5079 3462 5133 pra:-

1889 5165 2060 5226 beret,
2085 5176 2388 5231 rursusque
2420 5159 2592 5214 nubes
2619 5173 2836 5213 omnem
2868 5159 2992 5212 cmli
3029 5156 3328 5210 molestiam
3361 5158 3466 5208 mi-

1888 5259 2123 5326 tigaret:
2169 5254 2250 5308 sic
2283 5263 2343 5307 ut
2389 5251 2624 5306 interdiu
2675 5260 2865 5304 aestum
2912 5257 3141 5311 arceret,
3196 5255 3250 5301 et
3297 5255 3458 5300 noctu

1887 5350 2138 5402 llammeo
2165 5345 2402 5417 quodam
2457 5344 2668 5414 fulgore
2695 5342 2949 5396 tenebras
3002 5340 3312 5408 dissiparet,
3345 5339 3461 5391 sine

1888 5439 2138 5495 molestia
2171 5439 2224 5492 in
2258 5439 2350 5492 illa
2379 5437 2580 5492 deserti
2610 5436 2829 5504 regione
2851 5432 3128 5487 montibus
3155 5429 3459 5500 subjaccnti

1888 5528 2269 5591 versabantur,
2310 5529 2363 5580 in
2387 5542 2492 5596 qua
2519 5528 2794 5581 exercitus
2816 5535 2995 5579 castra
3031 5531 3306 5590 posuerat.

199 5612 302 5682 ζῇν
334 5613 599 5681 εὐπορίας
628 5613 926 5684 παρούσης,
957 5616 1162 5670 ἄνωθεν
1198 5616 1297 5686 μέν
1324 5617 1416 5669 τοῦ
1444 5618 1608 5687 ἀέρος
1634 5619 1848 5688 ἕτοιμον
1877 5621 2057 5683 αὐτοῖς
2095 5619 2278 5682 ὕοντος
2304 5621 2486 5690 ἄρτον,
2510 5619 2751 5672 κάτωθεν
2775 5617 2828 5671 δὲ
2852 5617 2949 5684 τῆς
2978 5617 3178 5686 πέτρας
3206 5614 3266 5666 τὸ
3299 5611 3458 5666 ποτὸν

202 5703 589 5774 παρεχούσης,
638 5706 736 5776 τῆς
768 5706 813 5759 δ’
860 5703 929 5762 αὖ
972 5708 1199 5778 νεφέλης
1239 5709 1339 5780 τὴν
1395 5707 1658 5780 ὕπαιθρον
1713 5712 1904 5781 ἀηδίαν
1951 5711 2356 5781 θεραπευούσης
2382 5750 2396 5775 ,
2440 5711 2516 5774 ῶς
2568 5711 2662 5764 καὶ
2699 5710 2798 5764 τοῦ
2835 5708 3072 5770 θάλπους
3112 5707 3456 5776 διατείχισμα
