3844 6222
362 278 468 337 315

1575 279 1634 334 S.
1676 277 2004 335 GREGORII
2041 278 2332 336 NYSSENI

3515 252 3658 334 διε

365 390 616 462 γενέσθαι
657 390 724 460 τῇ
755 387 956 459 ἡμέρᾳ,
1001 389 1096 442 καὶ
1141 391 1208 460 τῇ
1243 389 1399 444 νυκτὶ
1431 391 1578 444 λύειν
1623 393 1714 444 τὸν
1746 391 1924 461 ζόφον,
1955 396 2012 448 ἐν
2053 395 2193 465 αὐγῇ
2221 411 2327 445 τινι
2365 394 2639 467 πυροειδεῖ
2667 393 3159 464 καταλάμπουσανο
3197 390 3403 456 ἄλυπος
3443 393 3632 456 αὐτοῖς

366 479 434 554 ἦν
460 484 495 552 ἡ
524 480 665 534 κατὰ
692 480 788 550 τὴν
817 479 1018 551 ἔρημον
1048 480 1262 549 ἐκείνην
1290 482 1347 532 ἐν
1376 484 1442 552 τῇ
1474 482 1721 552 ὑπωρείᾳ
1757 482 1851 534 τοῦ
1880 485 2041 552 δρους
2075 483 2347 553 διατριϐὴ,
2371 483 2493 536 καθ’
2522 484 2589 553 ἣν
2616 483 2796 554 ἵδρυτο
2823 485 2884 535 τὸ
2913 481 3289 552 στρατόπεδον.

443 571 538 627 His
609 573 685 626 ita
728 572 889 626 iactis
953 573 1159 642 majora
1215 576 1622 644 occultioraque
1689 578 1944 647 mysteria
1974 587 2022 641 Α

379 664 538 728 Deus,
570 675 621 718 et
641 651 824 734 ipsum
851 663 1131 719 ductorem
1154 671 1207 718 et
1231 667 1486 734 pepulum
1528 667 1799 721 instruere
1821 682 1946 721 cum

377 756 659 818 voluisset,
699 756 955 823 praecepit
1007 755 1209 825 populo
1251 771 1348 825 per
1393 756 1614 827 Moysen
1647 757 1711 822 ¹⁸,
1747 766 1806 811 ut
1837 765 1949 811 tam

378 861 608 915 corpore
636 860 798 915 quam
839 847 1022 899 animo
1050 845 1288 901 mundus
1334 845 1505 912 ﬁeret,
1537 848 1672 903 adeo
1701 856 1761 902 ut
1787 849 1950 904 etiam

379 938 449 991 ab
482 938 615 1008 ipsis
664 937 928 993 uxoribus
990 944 1142 992 certo
1188 938 1425 1008 quodam
1471 939 1682 993 dierum
1726 953 1956 994 numero

379 1031 694 1094 abstineret,
769 1029 1285 1099 aspersionibusque
1329 1030 1654 1100 quibusdam
1709 1033 1956 1087 maculas

379 1122 731 1191 abstergeret,
761 1130 820 1174 ut
845 1122 991 1175 omni
1043 1121 1159 1176 labe
1186 1123 1353 1176 animi
1409 1124 1762 1193 corporisque
1795 1124 1961 1192 depo-

380 1214 507 1276 sita,
556 1214 792 1267 mundus
825 1213 890 1267 ad
948 1221 1186 1268 montem
1230 1212 1380 1267 Sinai
1429 1225 1614 1283 posset
1661 1215 1955 1281 accedere;

381 1304 472 1371 qui
494 1301 712 1370 quidem
745 1316 902 1355 mons
934 1302 1145 1356 ratione
1172 1302 1453 1357 utentibus
1487 1303 1662 1356 solum
1705 1302 1796 1355 illo
1826 1311 1963 1355 tem-

2130 578 2218 630 Ἐν
2251 577 2422 648 τούτῳ
2446 578 2502 629 δὲ
2530 578 2620 631 καί
2651 595 2795 640 τινος
2822 577 3002 638 αὐτοῖς
3022 574 3465 645 άπορρητοτέρας
3494 575 3634 643 μυή-

2055 684 2194 729 σεως
2237 668 2266 718 ὁ
2315 669 2555 738 Μωῦσῆς
2597 668 2917 736 καθηγεϊτο·
2961 665 3130 734 αὐτῆς
3163 666 3262 733 τῆς
3293 663 3443 726 θείας
3475 663 3633 716 δυνά-

2055 777 2220 830 μεως,
2267 759 2354 812 διὰ
2411 760 2520 813 τῶν
2554 761 2695 830 ὑπὲρ
2723 760 2877 828 λόγον
2925 757 3233 826 θαυμάτων,
3267 756 3359 808 τόν
3418 772 3478 807 τε
3509 751 3647 806 λαὸν

2054 852 2262 912 πάντα,
2294 851 2389 904 καὶ
2419 851 2581 904 αὐτὸν
2627 851 2719 904 τὸν
2757 848 3105 918 καθηγεμόνα
3149 845 3638 917 μυσταγωγούοης.

2065 945 2131 998 Ἦ
2179 943 2236 998 δὲ
2302 942 2658 1014 μυσταγωγία
2725 941 2911 994 τοῦτον
2979 940 3305 994 ἐπιτελεῖται
3368 937 3460 990 τὸν
3513 937 3651 1009 τρόυ

2057 1049 2192 1086 πον⁸
2243 1033 2544 1104 Προείρητο
2581 1031 2659 1101 τῷ
2706 1031 2840 1102 λαῷ,
2874 1031 2980 1084 τῶν
3026 1049 3088 1084 τε
3137 1029 3310 1083 ἄλλων
3359 1027 3645 1099 μολυσμά-

2057 1138 2166 1175 των
2208 1122 2364 1184 ἐκτὸς
2411 1118 2549 1174 εἶναι
2599 1122 2837 1184 πάντων,
2891 1123 2993 1174 ὅσα
3048 1121 3174 1191 περὶ¹
3223 1120 3285 1172 τὺ
3342 1119 3505 1188 σῶμα
3551 1117 3646 1170 καὶ

2058 1211 2233 1282 ψυχὴν
2286 1213 2603 1283 καθορᾶται,
2653 1213 2749 1267 καὶ
2798 1209 3278 1282 περιρῤαντηρίοις
3341 1210 3490 1260 τισὶν
3542 1208 3650 1276 ἀφ-

2061 1300 2409 1367 αγνίσασθαι,
2443 1301 2536 1354 καὶ
2566 1301 2730 1354 αὑτοῦ
2770 1301 2826 1354 δὲ
2879 1301 2970 1355 τοῦ
3023 1300 3200 1369 γάμου
3233 1301 3292 1351 ἐν
3339 1297 3491 1368 ρητῷ
3542 1314 3652 1349 τινε

383 1408 518 1461 pore
540 1393 746 1446 aditum
804 1393 1114 1462 prmstabat,
1158 1408 1335 1461 neque
1391 1392 1474 1446 his
1536 1393 1812 1458 omnibus,
1863 1392 1962 1447 sed

2093 1390 2287 1461 ιμερῶν
2317 1391 2535 1461 ἀριθμῷ
2562 1390 2917 1462 καθαρεῦσαι,
2955 1389 3030 1452 ὡς
3062 1390 3240 1458 πάσης
3271 1385 3555 1456 ἐμπαθοῦς
3589 1403 3652 1438 τε

384 1485 521 1539 viris
575 1483 961 1538 solummodo:
1012 1497 1113 1537 nec
1165 1483 1299 1538 viris
1332 1483 1494 1536 etiam
1540 1483 1818 1546 omnibus,
1868 1482 1966 1538 sed

2093 1482 2161 1534 :a‘t
2220 1482 2538 1552 σωματικῆς
2615 1481 2907 1543 διαθέσεως
2979 1479 3358 1541 ἐκπλυθέντα,
3407 1476 3655 1544 καθαρὸν

389 1575 497 1630 illis
521 1582 756 1638 tantum,
796 1575 890 1642 qui
938 1574 1228 1644 diligenter
1261 1589 1292 1628 a
1349 1589 1408 1629 se
1442 1588 1657 1628 omnem
1697 1575 1965 1628 maculam

2093 1574 2275 1637 πάθους
2313 1575 2614 1647 προσϐῆναι
2657 1575 2736 1646 τῷ
2778 1576 2893 1642 ὄρει
2942 1574 3372 1645 μυηθησόμενον.
3413 1573 3544 1624 Σινᾶ
3595 1570 3658 1622 δὲ
3717 1591 3722 1595 ε

388 1666 744 1735 expulissent.
781 1663 1028 1719 Studium
1059 1675 1237 1720 autem
1267 1665 1675 1720 omnibuserat
1701 1681 1808 1720 non
1839 1680 1970 1735 par-

391 1772 540 1821 vum,
569 1774 636 1811 ne
658 1755 785 1826 quid
828 1757 1112 1812 brutorum
1141 1758 1309 1812 monti
1345 1759 1782 1828 appropinquare
1816 1765 1971 1828 pate-

391 1857 602 1900 rentur.
654 1845 809 1912 Quod
869 1847 914 1902 si
965 1847 1102 1901 forte
1155 1847 1313 1902 aliter
1355 1847 1654 1911 acciderit,
1701 1848 1970 1917 lapidibus

393 1938 553 1993 obrui
601 1953 631 1992 a
681 1941 878 2008 populo
930 1947 1193 1994 statutum
1237 1947 1386 2006 erat,
1439 1940 1702 2012 quidquid
1751 1941 1972 1995 brutum

393 2030 546 2101 juxta
572 2040 806 2084 montem
831 2031 1195 2100 apparuisset.

2067 1663 2135 1738 ἦν
2185 1665 2278 1720 τοῦ
2329 1667 2488 1737 ὅρους
2537 1665 2794 1736 τοῦνομα,
2834 1666 2863 1718 ὃ
2915 1665 3097 1735 μόνοις
3129 1662 3340 1732 ἀνείθη,
3391 1660 3533 1714 κατά
3560 1659 3658 1711 τὸν

2071 1759 2263 1831 καιρὸν
2307 1759 2531 1822 ἐκεῖνον,
2561 1761 2674 1820 τοῖς
2705 1757 2944 1825 λογικοῖς
2988 1759 3067 1820 είς
3095 1755 3368 1818 ἐπίϐασιν,
3402 1753 3498 1806 καὶ
3530 1749 3662 1803 τοὺ-

2072 1869 2180 1905 των
2228 1853 2342 1912 τοῖς
2389 1849 2617 1920 ἀνδράσι
2669 1850 2869 1919 μόνοις,
2924 1850 3020 1901 καὶ
3073 1845 3276 1900 τούτων
3325 1845 3488 1898 πάλιν
3544 1843 3663 1902 τοῖς

2078 1941 2278 2004 παντὸς
2311 1940 2691 2010 ἀφαγνισθεῖσι
2721 1940 3046 2010 μιάσματος.
3082 1937 3299 2008 Φυλακὴ
3332 1936 3388 1990 δέ
3417 1937 3570 1988 πᾶσα
3589 1929 3669 2002 ἦν

2079 2035 2174 2085 καὶ
2218 2031 2551 2102 προμήθεια,
2595 2031 2689 2083 τοῦ
2729 2031 2894 2101 μηδὲν
2927 2029 3035 2082 τῶν
3063 2028 3273 2096 ἀλόγων
3305 2024 3666 2082 ἐπιϐατεῦσαι

394 2119 491 2175 τοῦ
528 2120 720 2192 ὅρους·
762 2121 810 2173 εί
842 2120 903 2173 δέ
953 2137 1055 2173 που
1103 2121 1199 2174 καὶ
1243 2119 1477 2190 γένοιτο,
1539 2118 1973 2192 καταλευσθῆναι
2021 2121 2173 2192 παρὰ
2201 2121 2295 2174 τοῦ
2325 2118 2454 2173 λαοῦ
2486 2120 2594 2172 πᾶν
2622 2119 2812 2190 ὅτιπερ
2851 2119 2917 2172 ἂν
2963 2113 3032 2189 ἦν
3086 2117 3185 2179 τῆς
3215 2117 3407 2185 ἀλόγου
3447 2113 3668 2184 φύσεως

398 2214 542 2268 κατά
570 2213 631 2267 τὸ
661 2214 787 2282 ὅρος
823 2211 1161 2282 φαινόμενον.

472 2305 570 2362 His
621 2306 694 2359 ita
727 2305 1037 2374 dispositis,
1079 2305 1134 2358 in
1172 2319 1372 2360 sereno
1403 2305 1494 2362 die
1523 2306 1710 2362 subito
1741 2301 1981 2356 tenebris

2151 2298 2285 2356 Εἶτα
2320 2301 2382 2354 τὸ
2432 2299 2676 2374 ἐναέριον
2720 2303 2835 2370 φῶς
2874 2305 2941 2358 ἐκ
2976 2301 3223 2372 καθαρᾶς
3267 2299 3482 2371 αἰθρίας
3518 2300 3668 2369 ζόφῳ

399 2410 560 2448 rrens
605 2396 980 2450 circumdatus
1023 2395 1146 2459 fuit,
1175 2404 1230 2448 et
1248 2397 1390 2466 ignis
1421 2403 1477 2449 et
1508 2393 1690 2448 medio
1720 2391 1978 2448 tenebra-

403 2501 529 2538 rum
552 2486 840 2553 exsiliens,
877 2502 942 2541 ac
966 2495 1163 2552 totum,
1192 2496 1254 2542 ut
1278 2487 1590 2551 videbatur,
1620 2485 1827 2540 montis
1861 2492 1978 2536 tra-

402 2586 552 2630 ctum
575 2577 904 2646 depascens,
926 2579 1170 2634 terrebat
1187 2579 1617 2650 prospicientes,
1643 2592 1768 2632 cum
1788 2582 1975 2632 essent

407 2666 564 2722 fumo
595 2676 758 2737 atque
800 2667 1034 2737 caligine
1063 2669 1246 2722 omnia
1283 2669 1523 2736 repleta;
1563 2668 1868 2728 adducebat
1906 2677 1990 2720 ta-

407 2773 533 2813 men
566 2758 633 2812 ad
696 2765 936 2812 montem
981 2758 1239 2828 populum
1284 2757 1519 2829 Moyses,
1581 2759 1832 2828 quamvis
1869 2758 1986 2827 ipse

407 2864 626 2920 quoque
646 2848 1025 2919 hujuscemodi
1056 2851 1180 2906 visu
1197 2851 1394 2906 timore
1417 2851 1703 2920 perculsus
1745 2851 1820 2903 ita
1844 2857 1985 2912 erat,

411 2949 472 2996 ut
499 2941 776 2997 lsraelitas
797 2943 976 2998 ‘celare
994 2941 1048 2996 id
1078 2942 1302 2996 minime
1329 2953 1548 3013 posset:
1581 2943 1678 2998 sed
1707 2943 1793 2997 vel
1817 2943 1991 3012 ipsius

412 3034 662 3105 corporis
717 3034 957 3089 motibus
1006 3041 1335 3088 commotum
1404 3049 1464 3090 se
1535 3034 1841 3104 patefecit:
1892 3048 1994 3088 nec

413 3127 564 3179 enim
595 3133 808 3179 tantum
870 3140 968 3195 per
988 3125 1198 3191 oculos,
1231 3126 1586 3180 vcrumetiam
1616 3141 1710 3195 per
1746 3125 1992 3179 auditum

417 3229 594 3273 terror
618 3218 829 3274 animas
857 3217 1147 3272 invadebat
1188 3236 1201 3272 :
1226 3233 1348 3272 cum
1380 3218 1598 3273 caelitus
1621 3219 1857 3273 terrilica
1888 3234 1994 3273 vox

417 3308 665 3379 quaedam
698 3309 753 3361 in
788 3316 983 3362 cuncta
1018 3309 1261 3378 subjecta
1310 3311 1555 3363 locorum
1603 3309 1776 3378 spatia
1810 3324 1994 3364 erum—

421 3410 591 3471 peret,
617 3401 778 3470 cujus
807 3400 1016 3470 primus
1063 3401 1282 3469 quidem
1311 3403 1547 3470 impetus
1580 3401 1825 3470 cujusvis
1847 3401 1995 3455 auri-

2079 2394 2530 2465 κατεμελαίνετο,
2583 2394 2659 2457 ὡς
2699 2393 2928 2464 ἀόρατον
2977 2393 3227 2463 γενέσθαι
3282 2394 3345 2446 τὸ
3399 2393 3548 2462 ὅρος,
3611 2393 3662 2443 ἐν

2081 2487 2266 2557 κύκλῳ
2318 2487 2397 2557 τῷ
2446 2487 2628 2557 γνόφῳ
2683 2485 3091 2556 διειλημμένον*
3149 2485 3258 2555 πῦρ
3318 2501 3378 2536 τε
3442 2485 3508 2536 ἐκ
3575 2480 3662 2535 τοῦ

2083 2580 2282 2649 γνόφου
2337 2579 2749 2647 διαφαινόμενον
2811 2576 3047 2648 φοϐερὰν
3105 2577 3274 2628 ἐποίει
3328 2577 3440 2636 τοῖς
3496 2574 3657 2644 ὁρῶσι

2081 2671 2181 2741 τὴν
2221 2670 2362 2740 ὄψιν,
2396 2669 2729 2740 πανταχόθεν
2771 2669 2870 2739 τὴν
2918 2668 3178 2738 περιοχὴν
3219 2664 3313 2718 τοῦ
3351 2665 3515 2735 ὅρους
3550 2666 3660 2717 ἐπι-

2090 2762 2436 2832 ϐοσκὸμενον,
2466 2761 2543 2826 ὡς
2578 2762 2673 2815 καὶ
2705 2759 2896 2830 καπνῷ
2931 2759 3017 2813 διὰ
3043 2759 3144 2828 τῆς
3179 2756 3272 2811 τοῦ
3309 2758 3483 2828 πυρὸς
3539 2758 3662 2810 ὑπο-

2088 2853 2293 2923 δρομῆς
2338 2853 2483 2907 ἅπαν
2532 2853 2594 2906 τὸ
2653 2853 2972 2923 φαινόμενον
3020 2849 3408 2919 ὑποτύφεσθαι.
3455 2849 3664 2918 Ἠγείτο

2086 2944 2142 2997 δὲ
2187 2944 2280 2997 τοῦ
2343 2944 2473 2997 λαοῦ
2541 2946 2570 2998 ὁ
2633 2944 2873 3014 Μωῦσῆς
2940 2942 3078 3014 πρὸς
3127 2941 3223 3012 τὴν
3281 2941 3465 2995 ἄνοδον
3487 2981 3502 3003 ,
3557 2941 3666 2993 σξιδέ

2091 3034 2249 3098 αὐτὸς
2285 3034 2501 3106 θαρρῶν
2542 3035 2604 3088 τὸ
2639 3033 2944 3106 ὁρώμενον,
2993 3031 3130 3086 ἀλλά
3172 3030 3538 3102 κατεπτηκὼς
3580 3031 3667 3100 τὴν

2089 3126 2267 3198 ψυχὴν
2301 3126 2405 3179 ὑπὸ
2443 3126 2626 3190 δέους,
2672 3126 2766 3179 καὶ
2804 3125 2864 3177 τὸ
2909 3124 3069 3195 σῶμα
3109 3121 3185 3193 τῷ
3232 3123 3379 3192 φόϐῳ
3429 3140 3670 3194 συγκραο

2095 3220 2422 3290 δαινύμενος,
2453 3218 2528 3282 ὡς
2579 3219 2714 3289 μηδέ
2757 3218 2893 3286 πρὸς
2922 3219 3047 3281 τοὺς
3088 3216 3423 3287 Ἰσραηλίτας
3465 3217 3530 3268 τὸ
3572 3217 3668 3270 πάι

2099 3312 2191 3374 θος
2237 3313 2337 3382 τῆς
2385 3311 2564 3380 ψυχῆς
2604 3309 3056 3381 ἐπικρύπτεσθαι,
3101 3309 3381 3380 ὁμολογεῖν
3432 3325 3496 3361 τε
3543 3309 3672 3379 πρδς

2099 3402 2296 3464 αὐτοὺς
2335 3401 2396 3454 τὸ
2445 3401 2899 3472 καταπεπλῆχθαι
2935 3403 3049 3464 τοῖς
3078 3400 3441 3470 φαινομένοις,
3477 3401 3576 3453 καὶ
3609 3400 3676 3470 μὴ

419 3495 522 3548 bus
553 3492 911 3548 intolerabilis
957 3493 1200 3547 buccina:
1249 3492 1486 3548 sonitum
1519 3491 1790 3547 referebat
1823 3511 1837 3547 :
1904 3493 1992 3549 sed

2101 3496 2357 3567 ἀτρεμεῖν
2388 3495 2448 3548 ἐν
2474 3494 2554 3564 τῷ
2602 3493 2834 3565 σώματι.
2861 3489 2971 3546 Ἦν
3006 3491 3116 3564 γὰρ
3157 3492 3218 3546 τὺ
3261 3492 3588 3562 φαινόμενον
3622 3492 3677 3545 οὐ

419 3601 638 3639 omnem
671 3584 939 3654 ejusmodi
974 3586 1347 3655 exemplorum
1383 3593 1643 3640 terrorem
1684 3584 1999 3648 excedebat,

422 3686 739 3749 quantoque
759 3678 932 3748 magis
951 3678 1417 3747 progrediebatur,
1440 3686 1594 3734 tanto
1624 3678 2004 3734 terribiliorem

423 3786 618 3825 sonum
641 3771 868 3837 edebat;
897 3786 1002 3825 vox
1024 3783 1204 3826 autem
1242 3771 1333 3825 illa
1371 3769 1474 3824 fuit
1509 3771 1824 3825 articulala.
1866 3771 2002 3824 Nam

425 3876 519 3916 aer
549 3863 757 3932 absque
773 3862 1052 3917 vocalibus
1075 3862 1456 3918 instrumentis
1476 3877 1583 3916 non
1617 3863 1833 3916 inanem
1873 3877 2003 3915 ora-

425 3954 654 4016 tionem,
685 3952 783 4008 sed
829 3953 1232 4023 signiﬁcantem
1261 3954 1446 4009 divina
1471 3953 1740 4009 formabat
1778 3955 2004 4018 virtute,

426 4060 549 4114 quae
599 4046 799 4115 populo
858 4045 1004 4115 leges
1053 4055 1217 4114 atque
1267 4045 1517 4100 instituta
1577 4045 1830 4114 ponebat.
1880 4045 2010 4110 Quae

428 4137 611 4190 omnia
643 4153 765 4192 cum
796 4136 938 4192 ferre
973 4137 1206 4207 populus
1237 4151 1345 4190 non
1388 4145 1598 4206 posset,
1636 4138 1951 4207 impetravit
1980 4151 2012 4191 a

429 4228 635 4300 Moyse,
661 4238 770 4282 uta
802 4228 931 4292 Deo,
957 4230 1076 4298 ipso
1105 4227 1399 4290 mediante,
1431 4229 1516 4282 lex
1546 4229 1652 4282 sibi
1678 4229 2010 4295 traderetur,

432 4334 534 4373 nec
569 4335 627 4373 se
672 4318 969 4388 quidquam
1004 4325 1449 4380 retractaturum,
1491 4316 1587 4372 sed
1632 4318 1814 4372 omnia
1847 4319 2012 4373 sicuti

431 4411 502 4464 ab
533 4406 659 4478 ipso
688 4408 797 4463 Deo
849 4424 942 4478 per
996 4408 1220 4478 Moysen
1259 4408 1365 4462 sibi
1402 4408 1622 4470 tradita,
1679 4410 2015 4464 crediturum

434 4500 674 4556 asseruit
716 4517 730 4553 :
764 4499 836 4553 ita
892 4500 1129 4568 populus
1168 4498 1388 4568 quidem
1421 4498 1488 4551 ad
1536 4499 1784 4567 subjecta
1816 4502 2017 4555 montis

435 4595 553 4648 loca
593 4592 873 4647 relabitur.
889 4590 1102 4662 Moyses
1144 4606 1272 4646 vero
1295 4591 1446 4646 solus
1477 4591 1533 4645 in
1563 4600 1747 4647 monte
1772 4593 2015 4656 relictus,

435 4693 628 4740 contra
667 4699 828 4752 quam
873 4683 1053 4738 caeteri
1104 4683 1352 4737 homines
1398 4683 1506 4752 pati
1551 4684 1750 4747 solent,
1793 4684 2018 4741 allectus

2101 3587 2340 3640 τοιοῦτον
2387 3585 2568 3656 μόνον,
2613 3579 2723 3638 οἷον
2783 3583 3044 3654 ἔκπληξιν
3100 3585 3168 3653 τῇ
3235 3581 3379 3652 ψυχῇ
3435 3581 3521 3634 διὰ
3572 3581 3681 3633 τῶν

2104 3679 2395 3750 ὀφθαλμῶν
2422 3680 2740 3749 ἐμποιῆσαι,
2769 3675 2906 3729 ἀλλὰ
2945 3674 3032 3728 διὰ
3075 3677 3175 3745 τῆς
3205 3675 3373 3744 ἀκοῆς
3407 3676 3682 3743 εἰσηχεὴο

2105 3773 2173 3825 τὰ
2215 3771 2449 3842 φοϐεράο
2481 3772 2664 3840 φωνῆς
2705 3769 2908 3822 ἄνωθεν
2958 3765 3414 3834 καταπληκτικῶς
3458 3770 3688 3837 anser;-

2107 3863 2378 3934 γνυμένης
2407 3863 2492 3931 ἐφ’
2521 3862 2664 3916 ἀπαν
2710 3861 2770 3912 τὸ
2810 3860 3188 3928 ὑποκείμενον.
3225 3853 3294 3929 ἦς
3337 3858 3550 3927 χαλεπὴ
3587 3859 3686 3927 μὲν

2108 3957 2260 4027 καὶὴ
2294 3953 2484 4024 πρώτη
2507 3951 2779 4023 προσϐολὴ
2811 3953 2905 4004 καὶ
2930 3951 3068 4019 ἀκοῇ
3105 3948 3253 4019 πάσῃ
3299 3947 3688 4010 δυσέντευκτος

2108 4042 2206 4119 ἦν’
2253 4048 2312 4098 ἐν
2354 4044 2627 4116 ὁμοιότητι
2667 4042 2765 4113 μὲν
2793 4044 2891 4112 τῆς
2931 4039 3041 4093 τῶν
3077 4039 3394 4109 σαλπίγγων
3423 4042 3566 4110 ὴχῆς
3601 4055 3690 4108 γι-

2111 4140 2366 4211 γνομένη,
2403 4156 2477 4191 πα
2487 4137 2674 4204 ριοῦσα
2715 4136 2770 4188 δὲ
2795 4133 2872 4204 τῷ
2898 4133 3112 4205 φοϐερῷ
3139 4135 3230 4188 καὶ
3261 4133 3690 4203 καταπληκτικῷ

2111 4237 2211 4304 τῆς
2257 4233 2441 4300 φωνῆς
2479 4229 2623 4282 ἅπαν
2671 4227 2909 4281 τοιοῦτον
2947 4225 3289 4296 ὑπόδειγμα·
3334 4223 3692 4295 φοϐερωτέρα

2113 4324 2170 4376 δὲ
2221 4318 2484 4392 προϊοῦσα
2527 4318 2791 4386 ἐγίγνετο,
2839 4317 2925 4369 ἀεὶ
2966 4315 3103 4388 πρὸς
3139 4315 3202 4368 τὸ
3232 4315 3691 4386 καταπληκτικὼ-

2114 4431 2270 4484 τερον
2301 4411 2391 4466 διὰ
2429 4410 2746 4481 προσθήκης
2793 4408 2882 4460 τὸν
2929 4403 3062 4478 ἦχον
3110 4407 3278 4478 αὐτῆς
3323 4407 3690 4460 ἐπιτείνουσα.

2127 4506 2194 4557 Ἢ
2238 4504 2294 4556 δὲ
2325 4501 2478 4571 φωνὴ
2529 4499 2666 4570 αὕτη
2700 4499 2959 4570 ἔναρθρος
2991 4496 3080 4569 ἦν,
3126 4497 3247 4569 θείᾳ
3278 4499 3528 4568 δυνάμει,
3572 4499 3693 4569 δίχα

2117 4595 2225 4648 τῶν
2270 4592 2590 4664 φωνητικῶν
2632 4592 2906 4663 ὀργάνων,
2949 4590 3044 4643 τοῦ
3099 4590 3261 4661 ἀέρος
3311 4589 3694 4661 διαρθροῦντος

2118 4683 2208 4735 τὸν
2237 4681 2414 4750 λόγον.
2453 4676 2561 4732 Ἦν
2605 4679 2662 4732 δὲ
2704 4681 2733 4731 ὁ
2769 4679 2926 4746 λόγος
2951 4679 3051 4731 οὑκ
3088 4679 3208 4748 εἰκῆ
3249 4678 3691 4750 διαρθρούμενος,

435 4783 540 4832 est.
570 4773 702 4828 Nam
732 4789 855 4827 cum
903 4774 1084 4828 caeteri
1117 4790 1307 4829 omnes
1337 4773 1569 4829 desolati
1601 4777 1796 4847 magis,
1837 4778 1893 4832 in
1921 4794 1992 4834 so

2119 4774 2234 4828 ἀλλ’
2267 4771 2574 4843 ἐνομοθέτει
2599 4770 2670 4823 τὰ
2699 4770 2817 4823 θεῖα
2846 4769 3167 4840 διδάγματα.
3201 4770 3311 4822 Καὶ
3335 4771 3367 4837 ἡ
3405 4769 3506 4839 μὲν
3545 4768 3694 4838 φωνὴ

437 4869 635 4921 cietate
675 4867 856 4920 minus
894 4865 1142 4926 timeant,
1179 4864 1295 4934 ipse
1320 4865 1618 4920 derelictus
1663 4869 1814 4922 solus
1847 4869 1992 4920 auda

2117 4863 2403 4936 προϊοῦσα,
2426 4862 2492 4915 δι’
2521 4860 2812 4922 ἐπιδόσεως
2836 4857 3051 4928 ηὔξετο,
3077 4859 3170 4911 καὶ
3207 4859 3471 4928 ὑπερήχει
3498 4860 3694 4928 ἐαυτὴν

437 4963 558 5015 cior
583 4960 758 5014 laetus
790 4967 894 5014 est.
923 4958 1080 5014 Unde
1107 4958 1302 5027 patuit,
1329 4975 1436 5014 non
1460 4968 1520 5014 ut
1549 4959 1801 5016 timidum
1828 4975 2020 5029 quem-

441 5053 565 5105 dam
592 5051 938 5120 perterritum
975 5050 1029 5103 in
1069 5051 1339 5119 principio
1372 5051 1572 5115 fuisse,
1604 5051 1697 5105 sed
1753 5052 2021 5106 cbaritale

443 5140 685 5194 timentis
753 5140 938 5208 populi
1002 5139 1173 5195 fuisse
1242 5150 1599 5196 commotum.
1659 5141 1840 5205 Quare
1895 5157 2020 5194 cum

444 5233 600 5301 quasi
626 5247 764 5286 onus
789 5233 1059 5300 quoddam
1087 5233 1334 5287 timorem
1362 5232 1544 5302 populi
1567 5231 1928 5300 deposuisset,
1957 5247 2022 5286 ac

447 5325 502 5376 in
533 5337 592 5376 se
623 5323 742 5390 ipso
768 5322 941 5377 factus
972 5333 1138 5387 esset,
1172 5331 1302 5377 tunc
1350 5325 1512 5378 etiam
1547 5324 1602 5375 in
1633 5321 1802 5390 ipsam
1837 5323 2023 5390 caligi-

445 5431 571 5470 nem
631 5415 888 5473 audacter
942 5415 1260 5481 ingrcditur.
1319 5414 1506 5484 Itaque
1556 5413 1698 5466 inter
1730 5413 2022 5468 invisibilia

445 5513 718 5569 versatur,
741 5521 841 5558 nec
861 5508 973 5576 jam
1022 5509 1362 5563 intuentibus
1418 5512 1661 5576 apparet.
1698 5502 1832 5559 Nam
1884 5505 2024 5560 divi-

526 5693 574 5726 “
620 5691 797 5748 Exod.
827 5706 940 5757 xxx,
977 5690 1008 5744 4
1035 5705 1155 5760 sqq.

2115 4958 2149 5026 ἡ
2183 4951 2437 5020 σάλπιγξ,
2464 4951 2562 5014 τὰς
2593 4949 2970 5020 προλαϐοῦσας
3008 4947 3190 5016 φωνὰς
3228 4947 3315 5000 ἀεὶ
3339 4950 3460 5010 ταῖς
3501 4947 3694 5017 ἐφεξῆς

2117 5045 2550 5117 ὑπερϐάλλουσα.
2609 5043 2669 5095 '0
2701 5042 2757 5094 δέ
2785 5041 2912 5104 λαὸς
2941 5041 3088 5104 ἄπας
3127 5042 3303 5111 ἥττων
3343 5036 3434 5109 ἦν,
3479 5039 3516 5109 ἦ
3559 5039 3695 5091 ὥστε

2119 5134 2406 5206 ἀνέχεσθαι
2445 5134 2507 5185 τὸ
2539 5132 2860 5202 φαινόμενόν
2892 5148 2952 5183 τε
2977 5132 3071 5184 καὶ
3107 5131 3439 5200 ἀκουόμενον
3459 5147 3471 5159 ·
3501 5129 3583 5182 διὸ
3608 5130 3695 5182 καὶ

2124 5226 2278 5298 κοινὴ
2302 5224 2451 5295 παρὰ
2475 5224 2690 5276 πάντων
2715 5223 2926 5290 αἴτησις
2966 5221 3300 5291 προσάγεται
3335 5218 3414 5289 τῷ
3452 5220 3693 5282 Μωῦσεί,

2125 5320 2192 5372 δι’
2221 5319 2428 5371 ἐκείνου
2462 5315 2838 5384 μεσιτευθῆναι
2879 5313 2969 5365 τὸν
3007 5313 3199 5381 νόμον·
3229 5311 3304 5374 ὡς
3337 5311 3439 5363 οὐκ
3471 5311 3695 5378 ἀπιστὴο

2129 5425 2313 5471 σοντος
2339 5406 2432 5460 τοῦ
2453 5404 2604 5465 λαοῦ,
2639 5403 2780 5455 θεῖον
2807 5398 2945 5455 εῖναι
2963 5401 3350 5472 παράγγελμα,
3381 5402 3491 5453 πᾶν
3515 5401 3697 5468 ὅτιπερ

2129 5503 2194 5557 ἂν
2321 5501 2450 5570 παρ’
2497 5495 2706 5550 ἐκείνου
2759 5494 2900 5548 κατά
2949 5492 3048 5564 τὴν
3097 5492 3300 5547 ἀνωθεν
3352 5490 3697 5545 διδασκαλίαν
