3886 6214
173 278 282 334 517

1491 289 1578 342 DE
1615 287 1778 343 VITA
1803 287 2078 347 IIOYSIS.

2439 209 2486 242 Ι

2747 263 2838 306 ,μ’μ’

3351 303 3458 361 5|?-

175 397 712 468 παραγγελλόμενον.
765 400 935 454 Πάλιν
997 397 1090 458 οὖν
1156 404 1295 474 πρὸς
1335 405 1434 478 τὴν
1489 405 1765 477 ὑπώρειαν

1875 423 1957 460 nae
1985 410 2308 466 initiationis
2343 413 2564 483 adytum
2599 414 2879 486 ingressus
2896 429 3018 470 cum
3055 416 3312 474 invisibili
3347 437 3454 476 non

173 487 399 540 πάντων
443 489 960 560 καταδραμούντων,
999 494 1159 564 μόνος
1193 496 1492 569 ὑπελείφθη
1525 501 1556 552 ὀ
1599 499 1764 552 Matii-

175 579 300 648 σῆς,
349 578 412 631 τὸ
452 581 715 646 ἐναντίον,
763 583 794 653 ἢ
843 585 982 656 ὅπερ
1031 589 1240 652 ἐκεῖνος
1287 583 1380 658 ἦν,
1436 590 1521 658 ἐφ’
1565 589 1762 654 ἑαυτοῦ

177 665 377 732 δείξας.
409 669 530 721 Τῶν
553 671 666 742 γὰρ
683 671 860 726 ἄλλων
889 675 1146 730 ἁπάντων
1187 680 1247 731 ὲν
1281 681 1349 750 τῇ
1376 681 1632 752 κοινωνίᾳ
1654 683 1764 734 τῶν

175 761 654 831 συμμετεχόντων,
684 765 885 834 μᾶλλον
926 767 1276 840 θαρρούντων
1314 772 1383 826 τὰ
1417 771 1644 844 φοϐερὰ,
1670 766 1764 826 οῦ-

175 869 268 916 τος
319 854 602 924 μονωθεὶς,
646 857 756 911 τῶν
791 859 1142 914 συνεστώτων
1181 862 1628 936 θαρῤαλεώτερος
1671 861 1762 936 ἦν,

177 947 254 1012 ὡς
279 950 344 1002 ὲκ
377 950 572 1004 τούτου
600 951 757 1022 δῆλον
788 953 1060 1020 γενέσθαι,
1093 955 1155 1008 τὸ
1188 955 1261 1028 μὴ
1291 957 1422 1010 ῐδιον
1457 957 1622 1011 αὑτοῦ
1660 958 1767 1010 πά-

179 1035 269 1100 θος
288 1039 380 1091 τὸν
415 1039 576 1108 φόϐον
616 1036 776 1103 εἷνάι,
807 1035 852 1109 ᾧ
896 1046 1019 1096 κατ’
1047 1045 1224 1114 ἀρχάς
1265 1047 1584 1116 συνεσχέθη,
1629 1049 1766 1101 ἀλλά

177 1132 266 1184 διὰ
306 1133 406 1203 τὴν
441 1133 576 1204 πρὸς
605 1135 732 1197 τοὺς
769 1137 1182 1206 κατεπτηχότας
1221 1138 1562 1209 συμπάθειαν
1591 1139 1766 1192 ταῦτα

178 1225 395 1278 παθεῖν.
439 1225 658 1298 Ἐπειδὴ
681 1228 881 1290 τοίνυν,
913 1223 1024 1280 οἷόν
1043 1245 1186 1292 τινος
1201 1229 1421 1300 ἄχθους,
1443 1233 1541 1301 τῆς
1561 1231 1765 1292 δειλίας

178 1315 272 1366 τοῦ
303 1313 438 1366 λαοῦ
471 1316 803 1386 γυμνωθεὶς,
831 1318 917 1387 ἐφ’
960 1319 1154 1372 ἑαυτοῦ
1192 1315 1260 1390 ἦν
1280 1338 1292 1350 ·
1323 1321 1447 1373 τότε
1485 1324 1578 1374 καὶ
1598 1321 1764 1375 αὑτοῦ

176 1405 496 1476 κατατολμᾷ
533 1405 628 1458 τοῦ
671 1407 870 1475 γνόφου
890 1423 906 1438 ·
935 1411 1032 1462 καὶ
1071 1411 1223 1474 ἐντὸς
1261 1412 1369 1466 τῶν
1401 1414 1647 1484 ἀοράτων
1681 1415 1766 1482 γί-

177 1515 350 1562 νεται,
405 1500 605 1570 μηκέτι
645 1505 758 1565 τοῖς
795 1501 962 1573 ὁρῶσι
1007 1504 1329 1574 φαινόμενος
1363 1505 1520 1576 [πρὸς
1561 1507 1672 1578 γὰρ
1705 1507 1766 1560 τὸ

175 1591 417 1660 ἄρρητον
442 1594 542 1662 τῆς
577 1591 726 1656 θείας
762 1595 1151 1664 μυσταγωγίας
1180 1598 1498 1668 παραδυεὶς,
1530 1601 1648 1652 ἐκεῖ
1685 1599 1765 1670 τῷ

175 1683 398 1753 ἀοράτῳ
445 1687 634 1756 συνῆν,
680 1686 754 1758 μὴ
788 1685 1110 1759 ὀρώμενος],
1152 1687 1438 1755 διδάσκων,
1484 1687 1657 1762 οἶμαι,
1696 1692 1764 1745 δι’

175 1769 252 1827 ὧν
277 1777 557 1846 ἐποίησεν,
584 1778 666 1830 ὅτι
686 1777 768 1830 δεῖ
787 1778 880 1832 τὸν
910 1778 1172 1849 μέλλοντα
1198 1785 1436 1836 συνεῖναι
1457 1782 1598 1853 Θεῷ,
1621 1783 1766 1849 ἐξελ-

173 1868 290 1921 θεῖν
329 1871 440 1921 πᾶν
464 1869 524 1922 τὺ
565 1871 910 1941 φαινόμενον,
951 1873 1046 1926 καὶ
1087 1873 1180 1926 ἐπὶ
1215 1873 1276 1926 τὸ
1313 1875 1546 1945 ἀόρατόν
1583 1894 1642 1928 τε
1673 1877 1768 1930 καὶ

173 1959 599 2030 ἀκατάληπτον,
643 1961 742 2032 τὴν
785 1963 980 2016 ἑαυτοῦ
1027 1964 1297 2024 διάνοιαν.
1340 1961 1451 2019 οἷον
1495 1967 1588 2019 ἐπί
1645 1985 1768 2021 τινα

173 2048 340 2118 ὅρους
376 2048 624 2120 κορυφὴν
651 2051 1028 2117 ἀνατείναντα,
1060 2055 1178 2107 ἐκεῖ
1208 2055 1490 2108 πιστεύειν
1525 2053 1666 2110 εἶναι
1705 2059 1768 2111 τὸ

173 2141 352 2204 θεῖον,
399 2143 456 2194 ἐν
481 2135 528 2209 ᾧ
551 2142 654 2194 οὑκ
675 2144 974 2210 ἐφικνεῖται
1013 2147 1047 2215 ή
1077 2147 1424 2216 κατανόησις.
1470 2149 1768 2219 Γενόμενος

168 2231 232 2284 δὲ
259 2233 317 2284 ἐν
345 2235 558 2304 ἐκείνῳ,
583 2233 794 2304 δέχεται
817 2235 883 2289 τά
911 2236 1030 2290 θεῖα
1052 2239 1470 2310 προστάγματα.
1487 2241 1672 2296 Ταῦτα
1705 2243 1764 2296 δὲ

165 2321 242 2395 ἦν
267 2327 470 2398 ἀρετῆς
489 2327 830 2395 διδασκαλία,
869 2323 937 2401 ἧς
960 2331 1020 2384 τὸ
1062 2331 1358 2400 κεφάλαιον
1393 2333 1502 2404 ἄρα
1535 2334 1686 2386 ἐστὶν
1731 2336 1764 2405 ἡ

165 2419 448 2478 εὐσέϐεια,
475 2419 572 2472 καὶ
597 2419 658 2472 τὸ
677 2420 778 2484 τὰς
816 2423 1132 2492 πρεπούσας
1170 2424 1468 2496 ὑπολήψεις
1502 2427 1629 2497 περὶ
1665 2429 1766 2497 τῆς

165 2509 323 2571 θείας
351 2509 568 2577 φύσεως
587 2509 732 2580 ἔχειν
750 2529 762 2541 ·
791 2510 868 2575 ὡς
890 2513 1211 2584 ὑπέρκειται
1239 2517 1441 2577 παντὸς
1461 2514 1763 2583 γνωστικοῦ

167 2603 266 2672 νοή
277 2602 448 2670 ματός
485 2619 547 2654 τε
587 2604 684 2655 καὶ
709 2603 1130 2674 ὑποδείγματος,
1161 2607 1337 2660 οὐδενὶ
1363 2609 1472 2661 τῶν
1497 2625 1770 2674 γινωσκο-

170 2694 360 2763 μένων
401 2695 762 2765 ὁμοιουμένη.
821 2697 1050 2750 Κελεύει
1101 2697 1212 2767 γὰρ
1261 2699 1400 2770 πρὸς
1446 2700 1610 2770 μηδὲν
1653 2700 1763 2752 τῶν

167 2785 748 2856 καταλαμϐανομένων
766 2790 824 2840 ὲν
845 2791 968 2851 ταῖς
989 2790 1116 2857 περὶ
1143 2789 1278 2842 Θεοῦ
1318 2789 1616 2860 ὑπολήψεσι
1644 2790 1764 2859 βλέ-

169 2896 322 2940 πειν,
372 2878 508 2949 μηδέ
545 2896 652 2932 τινι
686 2879 797 2932 τῶν
841 2881 906 2932 ἐκ
945 2881 1304 2951 καταλήψεως
1340 2884 1762 2952 γινωσκομένων

167 2970 398 3039 ὁμοιοῦν
435 2970 536 3040 τὴν
574 2969 670 3022 τοῦ
718 2969 920 3032 παντὸς
955 2971 1364 3041 ὑπερκειμένην
1403 2971 1593 3040 φύσιν·
1627 2971 1762 3025 ἀλλά

1867 509 2195 569 conspectus
2229 503 2342 571 ipse
2373 505 2718 572 versabatur,
2755 517 2812 560 ut
2837 523 2937 562 nos
2971 507 3053 578 (ut
3080 509 3336 580 arbitror)
3371 513 3456 566 his

1868 594 2039 661 gestis
2084 595 2381 650 instrueret
2429 599 2573 667 quod
2631 602 2978 667 oporteat,si
3011 602 3134 670 quis
3167 602 3294 656 velit
3333 619 3458 659 esse

1867 699 1994 738 cum
2023 683 2154 748 Deo,
2194 687 2378 741 omnia
2405 688 2522 742 haec
2587 703 2708 757 quae
2769 690 3044 754 videntur,
3081 703 3452 756 contemnere,

1868 787 1932 828 ac
1961 784 2196 830 mentem
2232 791 2387 832 suam
2416 779 2484 832 ad
2514 779 2785 834 invisibile
2833 790 2994 852 atque
3039 783 3456 851 incomprehen-

1869 867 2046 930 sibile,
2071 870 2224 938 quasi
2263 870 2328 925 ad
2349 873 2716 928 summitatem
2744 877 2944 929 montis
2967 875 3206 944 dirigere
3232 893 3246 930 :
3271 877 3458 946 ibique

1868 960 2094 1015 credere
2121 959 2288 1016 Deum
2338 978 2492 1026 esse,
2551 979 2662 1035 quo
2700 967 2984 1034 pervenire
3033 968 3293 1035 cogitatio
3345 983 3454 1022 non

1865 1059 2066 1116 potest.
2105 1053 2216 1108 Hac
2245 1056 2411 1125 igitur
2429 1059 2483 1110 in
2514 1059 2832 1111 summitate
2881 1059 3082 1112 montis
3124 1059 3455 1112 constitutus

1868 1143 2082 1215 Moyses
2105 1147 2169 1212 ⁸³,
2201 1148 2382 1202 divina
2407 1149 2641 1218 suscipit
2679 1149 2956 1215 mandata,
2988 1165 3106 1218 quae
3129 1151 3214 1202 via
3249 1150 3454 1204 doctri—

1869 1251 2047 1306 naque
2077 1247 2204 1292 sunt
2227 1239 2294 1292 ad
2330 1240 2606 1294 virtutem.
2663 1239 2832 1310 Cujus
2866 1252 3027 1310 caput
3058 1254 3136 1298 est
3169 1244 3361 1312 pietas,
3396 1249 3454 1296 ut

1869 1327 2078 1382 scilicet
2129 1329 2495 1384 condecentes
2529 1329 2598 1384 de
2646 1328 2756 1384 Deo
2795 1333 3083 1400 opiniones
3130 1333 3450 1398 habeamus,

1868 1415 2012 1485 quod
2025 1431 2240 1472 omnem
2259 1419 2684 1487 cognoscibilem
2711 1421 2967 1488 speciem,
2991 1436 3257 1490 omneque
3271 1437 3458 1490 super-

1869 1507 2096 1562 excedat
2121 1510 2450 1578 exemplum,
2495 1511 2629 1564 nulli
2660 1511 2741 1566 rei
2771 1527 2894 1582 qua:
2924 1514 3280 1582 cognoscitur
3301 1515 3456 1567 simi-

1867 1597 1957 1650 lis.
1985 1595 2148 1652 Jubet
2177 1601 2321 1654 enim
2346 1599 2412 1653 ad
2466 1603 2670 1655 nullam
2724 1616 2860 1665 rem,
2909 1618 3029 1671 quae
3065 1601 3454 1671 comprehendi

1869 1693 2064 1760 possit,
2115 1697 2405 1762 respicere,
2433 1709 2536 1748 nec
2556 1695 2624 1749 iis
2675 1694 2908 1749 similem
2934 1704 3130 1764 putare
3171 1705 3452 1760 naturam,

1870 1799 1993 1854 quae
2025 1799 2191 1854 super
2226 1785 2412 1840 omnia
2444 1793 2549 1848 est,
2587 1802 2710 1856 qua:
2736 1788 3221 1856 comprehensione
3253 1801 3456 1856 cogno-

1869 1883 2098 1931 scuntur
2132 1896 2145 1931 :
2173 1877 2268 1932 sed
2303 1893 2426 1932 esse
2469 1877 2688 1947 quidem
2717 1879 2890 1947 ipsam
2911 1881 3132 1933 credere
3161 1886 3450 1948 Oper-lere:

1869 1976 2074 2036 quanta
2103 1981 2258 2032 vero,
2313 1977 2408 2021 aut
2440 1968 2644 2037 qualis,
2707 1976 2802 2020 aut
2851 1967 3019 2034 unde,
3051 1976 3146 2020 aut
3177 1967 3454 2036 quomodo

1869 2057 1961 2122 sit,
1986 2072 2096 2110 non
2119 2071 2243 2112 esse
2270 2059 2646 2127 quaerendum,
2675 2073 2798 2112 cum
2822 2072 2888 2112 eo
2907 2057 3190 2126 pervenire
3214 2058 3454 2111 humana

1868 2148 2090 2218 ingenia
2121 2157 2412 2217 nequeant.
2445 2150 2526 2203 Ad
2555 2150 2808 2220 pietatem
2842 2159 3025 2204 autem
3048 2149 3210 2204 etiam
3246 2149 3456 2203 addun-

1867 2249 1956 2294 tur
2003 2241 2117 2304 illa,
2147 2257 2270 2312 quae
2311 2257 2526 2296 morum
2562 2249 2692 2298 sunt
2715 2242 3130 2313 castigationes,
3169 2242 3224 2295 in
3255 2257 3456 2313 genere

1867 2333 1949 2386 vel
1993 2333 2048 2388 in
2087 2341 2238 2402 parte
2283 2333 2598 2389 distributa.
2653 2335 2711 2388 In
2751 2349 2952 2402 genere
3001 2333 3240 2404 quidem,
3281 2341 3453 2386 totam

1865 2425 2188 2496 simpliciter
2219 2425 2545 2495 injustitiam
2575 2427 2828 2496 propellit
2858 2425 2940 2480 lex
2965 2427 3077 2486 illa,
3103 2426 3247 2495 quod
3281 2441 3452 2493 opor-

1866 2524 1978 2572 teat
2001 2517 2310 2586 proximum
2339 2511 2544 2578 amare,
2571 2532 2680 2586 quo
2702 2517 2974 2571 stabiliter
3003 2517 3326 2581 constituto,
3355 2531 3455 2568 uc-

1863 2611 2106 2665 cessario
2165 2609 2414 2678 sequitur
2485 2609 2618 2662 nihil
2669 2609 2932 2664 adversus
2983 2609 3291 2677 proximum
3343 2609 3457 2662 cui-

1863 2715 2027 2771 quam
2058 2715 2180 2754 esse
2231 2699 2565 2754 faciendum.
2603 2699 2658 2752 lu
2691 2707 2848 2768 parte
2877 2715 3028 2764 vero,
3070 2705 3326 2768 parentes
3347 2713 3457 2750 co—

1863 2792 1998 2854 lere,
2029 2799 2082 2846 et
2112 2807 2145 2845 a
2194 2791 2518 2846 criminibus
2551 2807 2674 2860 quae
2706 2791 3001 2860 diligenter
3036 2797 3453 2850 enumerantur,

1865 2898 2060 2939 cavere
2089 2883 2354 2952 praecipit.
2381 2879 2596 2948 Quibus
2619 2882 2830 2951 legibus
2868 2881 3026 2951 quasi
3059 2881 3364 2936 instructus
3387 2879 3456 2933 ad

1865 2973 2185 3028 sublimiora
2223 2972 2422 3028 transit
2446 2973 2724 3042 mysteria,
2751 2973 3104 3026 tabernaculo
3123 2971 3306 3025 divina
3339 2969 3454 3040 }sibi

167 3061 228 3112 τὸ
251 3057 398 3114 εἶναι
427 3061 801 3125 πιστεύοντας,
822 3059 883 3112 τὸ
914 3056 1044 3123 οἷον,
1069 3061 1102 3131 ἢ
1133 3061 1332 3132 ὃσον,ἢ
1371 3063 1513 3124 ὅθεν,
1551 3063 1586 3134 ἢ
1613 3065 1762 3128 ὅπως

1869 3067 2066 3120 virtute
2085 3066 2387 3135 proposito.
2410 3065 2844 3119 Tabernaculum
2863 3071 3042 3118 autem
3060 3071 3178 3117 erat
3193 3062 3453 3132 templum

167 3153 347 3217 ἐστὶν,
380 3151 650 3222 ἀζήτητον
677 3154 793 3222 ὲᾷν,
817 3152 893 3216 ὡς
923 3154 1232 3222 ἀνέφικτον.
1263 3154 1594 3225 Προστίθησι
1637 3155 1697 3208 δὲ
1732 3157 1761 3208 ὁ

165 3245 353 3311 λόγος,
400 3245 496 3296 καὶ
535 3245 634 3296 ὅσα
670 3243 766 3296 τοῦ
809 3243 974 3314 ἤθους
1014 3247 1131 3297 ἐστὶ
1169 3245 1590 3315 κατορθώματα,
1615 3263 1762 3314 γενι-

163 3338 294 3398 κοῖς
319 3335 416 3388 καὶ
439 3335 698 3399 ίδιάζουσι
718 3335 902 3404 νόμοις
922 3337 1022 3408 τὴν
1049 3337 1394 3391 διδασκαλίαν
1417 3339 1757 3409 ποιούμενος.

165 3427 417 3490 Γενικῶς
465 3429 564 3497 μὲν
610 3429 719 3498 γὰρ
753 3429 936 3498 πάσης
974 3429 1190 3493 ἀδικίας
1221 3431 1564 3502 ἀναιρετικὸς
1597 3431 1762 3502 νόμος

163 3519 290 3572 ἐστί
311 3537 326 3549 ·
357 3519 420 3572 τὺ
463 3519 572 3572 δεῖν
617 3519 976 3588 ἀγαπητικιῖκ
1012 3519 1150 3590 πρὸς
1179 3521 1242 3573 τὸ
1277 3522 1546 3590 ὁμόφυλον
1593 3521 1760 3592 ἔχειν,

167 3605 232 3664 οῦ
269 3611 636 3682 κυρωθέντος,
678 3611 896 3675 πάντως
924 3611 1066 3665 κατὰ
1103 3611 1164 3665 τὸ
1209 3613 1502 3668 ἀκόλουθον
1534 3615 1758 3668 ἕπεται·

167 3705 230 3756 τὺ
261 3703 434 3774 μηδὲν
473 3703 643 3756 κακὸν
676 3702 878 3772 μηδένα
906 3703 1048 3757 κατὰ
1071 3703 1164 3756 τοῦ
1199 3705 1368 3768 πέλας
1408 3705 1755 3777 ἐργάζεσθαι.

185 3797 274 3849 Ἐν
312 3795 371 3848 δὲ
405 3797 520 3858 τοῖς
547 3794 668 3848 καθ’
691 3793 942 3858 ἕκαστον,
975 3795 1010 3865 ἦ
1030 3811 1088 3848 τε
1120 3795 1250 3868 περὶ
1276 3797 1404 3858 τοὺς
1435 3799 1761 3868 γεγέννηκά-

168 3905 272 3951 τας
301 3887 439 3958 τιμὴ
463 3888 828 3959 διηγόρευται,
859 3889 956 3940 καί
995 3890 1024 3939 ὁ
1064 3888 1362 3956 κατάλογος
1399 3889 1508 3942 τῶν
1551 3893 1762 3961 ἀπηγο-

1867 3157 2111 3212 inaudita
2136 3156 2372 3226 quadam
2388 3156 2654 3210 varietate
2680 3155 3136 3225 pulcherrimum,
3157 3154 3454 3224 propylaea,

1865 3251 2152 3311 columnae,
2189 3250 2436 3311 cortinae,
2458 3263 2647 3303 mensa
2672 3257 2726 3303 et
2753 3248 3164 3308 candelabrum.
3195 3255 3250 3302 et
3281 3247 3456 3300 thuri-

1864 3343 2073 3408 bulum,
2105 3342 2276 3395 altare
2299 3355 2362 3394 ac
2401 3342 2862 3410 propitiatorium,
2886 3349 2940 3394 et
2972 3339 3116 3410 quod
3155 3341 3296 3393 intra
3327 3354 3458 3393 san-

1864 3439 2010 3484 ctum
2065 3439 2148 3485 est
2210 3430 2429 3500 adytum
2504 3431 2916 3498 impenetrabile
2973 3439 3026 3485 et
3093 3431 3453 3484 inaccessum.

1863 3524 2107 3588 Quorum
2158 3523 2404 3576 omnium
2435 3521 2822 3591 dipositionem
2868 3536 2932 3576 ac
2971 3521 3454 3592 pulchritudinem,

1863 3616 2059 3686 partim
2125 3629 2196 3668 ne
2243 3615 2562 3668 memoriam
2621 3612 2835 3684 fugiat,
2904 3614 3100 3683 partim
3165 3615 3326 3667 etiam
3399 3621 3458 3668 ut

1865 3708 2099 3778 posteris
2153 3706 2479 3760 miraculum
2529 3707 2874 3776 subaperiat,
2917 3723 3024 3760 non
3074 3705 3300 3774 picturae
3346 3713 3459 3758 tra-

1865 3799 2014 3860 dere,
2047 3796 2140 3850 sed
2184 3796 2468 3849 materiale
2497 3795 2626 3850 illud
2663 3796 2942 3865 exemplar
2990 3797 3176 3850 divino
3227 3795 3458 3850 consilio

1868 3889 2170 3960 splendidis
2206 3889 2456 3958 Lacceptis
2499 3889 2745 3943 materiis
2782 3888 2980 3942 imitari
3022 3888 3386 3958 compellitur.

170 3980 460 4051 ρευμένων
481 3979 970 4050 πλημμελημάτων
1003 3979 1330 4050 ἠρίθμηται.
1362 3981 1583 4046 Τούτοις
1625 3983 1682 4036 δὲ
1732 3987 1846 4048 τοῖς
1883 3983 2068 4051 νόμοις
2101 3981 2260 4033 οἱονεὶ
2291 3979 2692 4050 προκαθαρθεὶς
2727 3979 2823 4050 τὴν
2852 3981 3104 4045 διάνοιαν,
3135 3981 3228 4033 ἐπὶ
3256 3981 3352 4050 τὴν
3371 3995 3458 4032 τε·

169 4077 452 4145 λεωτέραν
483 4076 870 4147 μυσταγωγίαν
902 4076 1239 4145 παράγεται·
1263 4080 1467 4148 σκηνῆς
1487 4077 1634 4149 αὑτῷ
1653 4097 1796 4143 τινος
1831 4079 2040 4152 ἀθρόως
2069 4077 2132 4130 ὲκ
2163 4075 2310 4138 θείας
2325 4075 2604 4146 δυνάμεως
2625 4073 3052 4146 προδειχθείσης.
3081 4076 3146 4128 Ἡ
3179 4075 3236 4127 δὲ
3263 4073 3457 4146 σκηνὴ,

167 4175 300 4234 ναὸς
335 4165 406 4241 ἦν
427 4213 442 4236 ,
477 4173 534 4223 ὲν
560 4169 979 4240 δυσερμηνεύτῳ
1006 4171 1111 4222 τινὶ
1138 4169 1380 4242 ποικιλίᾳ
1409 4171 1470 4223 τὸ
1501 4171 1694 4235 κάλλος
1723 4173 1882 4243 ἔχων.
1917 4168 2254 4242 Προπύλαια,
2296 4167 2391 4220 καὶ
2425 4166 2626 4231 στύλοι,
2663 4167 2759 4220 καὶ
2795 4167 3293 4238 παραπετάσματα,
3325 4167 3460 4236 τρά-

167 4267 316 4330 πεζα
342 4265 442 4318 καὶ
471 4263 682 4334 λυχνία,
722 4263 816 4316 καὶ
847 4261 1230 4333 θυμιατήριον,
1261 4261 1648 4334 θυσιαστήριόν
1674 4283 1734 4317 τε
1771 4264 1864 4317 καὶ
1907 4263 2214 4334 ἱλαστήριον
2235 4300 2250 4324 ,
2281 4261 2377 4314 καὶ
2415 4258 2477 4311 τὸ
2523 4259 2672 4322 ἐντὸς
2705 4259 2812 4314 τῶν
2847 4261 3016 4328 ἁγίων
3045 4259 3235 4314 ἄδυτόν
3277 4277 3334 4313 τε
3361 4265 3458 4318 καὶ

167 4357 523 4412 ἀνεπίϐατον.
559 4352 660 4409 Ὧν
689 4355 942 4408 ἁπάντων
985 4354 1044 4406 τό
1074 4371 1134 4408 τε
1175 4355 1371 4418 κάλλος
1406 4356 1501 4409 καὶ
1548 4357 1646 4428 τὴν
1685 4357 1944 4423 διάθεσιν,
1975 4358 2050 4421 ὡς
2084 4355 2150 4409 ἂν
2178 4357 2313 4425 μήτε
2340 4353 2592 4422 διαφύγοι
2619 4354 2717 4424 τὴν
2751 4353 3002 4424 μνήμηνξ,
3041 4353 3135 4406 καὶ
3163 4355 3272 4415 τοῖς
3311 4353 3458 4407 κάτω

169 4455 570 4528 παραδειχθείη
605 4453 667 4506 τὸ
701 4453 908 4523 θαῦμα,
937 4452 998 4506 οὑ
1021 4454 1206 4522 γραφῇ
1232 4451 1568 4522 παραδοῦναι
1597 4452 1726 4526 ψιλῇ
1755 4452 2201 4524 συμϐουλεύεται,
2227 4450 2364 4504 ἀλλά
2397 4449 2742 4520 μιμήσασθαι
2778 4447 2869 4501 διά
2913 4449 3010 4519 τῆς
3049 4448 3244 4518 ὑλικῆς
3283 4465 3454 4501 κατα-

171 4554 380 4624 σκευῆς
407 4551 510 4623 τὴν
543 4551 704 4605 ἄῡλον
736 4548 952 4619 ἐκείνην
981 4547 1362 4618 δημιουργίαν,
1399 4549 1496 4611 τὰς
1524 4549 1908 4620 λαμπροτέρας
1934 4565 1996 4602 τε
2025 4548 2119 4601 καὶ
2151 4545 2469 4618 φανωτέρας
2495 4543 2626 4607 ’ὑλας
2651 4543 2759 4595 τῶν
2785 4542 2926 4596 κατά
2950 4542 3048 4613 τὴν
3075 4543 3178 4613 γῆν
3207 4543 3448 4613 εὑρισκο.

171 4645 356 4714 μένων
389 4659 469 4694 πα
477 4640 796 4711 ραλαδόντα.

251 4734 348 4786 Ἐν
387 4727 472 4796 οἷς
517 4731 717 4784 πλείων
750 4733 846 4802 μὲν
887 4728 956 4804 ἦν
1000 4733 1028 4785 ό
1065 4733 1266 4804 χρυσὸς
1299 4735 1357 4786 ἐν
1401 4739 1586 4805 κύκλῳ
1618 4751 1765 4805 περι·

1958 4732 2083 4787 Fuit
2112 4711 2276 4804 igitur
2303 4731 2600 4800 plurimum
2627 4743 2822 4784 aurum
2849 4728 2905 4780 in
2931 4727 3202 4781 columnis
3233 4726 3468 4781 circurn-

169 4829 479 4900 κεχυμένος
543 4829 655 4889 τοῖς
712 4825 951 4888 στύλοις·
1007 4825 1446 4898 συμπαρελήφθη
1513 4825 1570 4878 δὲ
1618 4825 1774 4895 Ιμετὰ

167 4921 264 4974 τοῦ
313 4917 522 4991 χρυσοῦ
573 4919 666 4971 καὶ
706 4920 734 4970 ὁ
779 4919 1049 4988 ἄργυρος,
1103 4917 1202 4979 τὰς
1245 4918 1490 4988 κορυφὰς
1532 4919 1626 4970 καὶ
1675 4917 1776 4980 τὰς

173 5013 364 5084 βάσεις
424 5011 536 5063 τῶν
598 5009 805 5062 στύλων
865 5009 932 5062 δι’
999 5009 1190 5062 ἑαυτοῦ
1254 5008 1644 5074 καλλωπίζωνο
1699 5010 1774 5072 ὡς

171 5107 268 5169 ἀν,
311 5101 506 5172 οἶμαι,
544 5101 621 5172 τῷ
661 5101 1033 5154 διαλλάσσοντι
1077 5101 1178 5170 τῆς
1225 5101 1388 5171 χρόας
1433 5100 1772 5171 ἑκατέρωθεν

165 5195 230 5248 τὸ
285 5193 515 5265 χρυσίον
563 5191 1025 5263 ὲκθεωρούμενον,
1064 5193 1225 5245 πλέον
1269 5192 1563 5262 ὲκλάμποι.
1618 5193 1772 5244 Ἔστι

165 5287 224 5338 δὲ
284 5288 424 5340 ὅπου
478 5284 576 5336 καὶ
623 5285 657 5353 ἡ
707 5283 800 5336 τοῦ
849 5281 1050 5352 χαλκοῦ
1110 5283 1210 5354 ὕλη
1266 5285 1536 5353 χρήσιμος
1590 5282 1772 5352 ἐνομί-

171 5378 277 5448 σθη
301 5418 316 5440 ,
347 5374 565 5446 κεφαλὴ
610 5374 870 5444 γινομένη
905 5375 998 5426 καὶ
1034 5374 1191 5444 βάσις
1230 5376 1340 5436 τοῖς
1369 5374 1627 5443 ἀργυροῖς
1659 5371 1768 5425 τῶν

169 5469 392 5521 κώνων.
455 5468 940 5536 Καταπετάσματα
993 5467 1050 5519 δὲ
1111 5467 1206 5520 καὶ
1257 5467 1768 5538 παραπετάσματα,

169 5561 270 5617 καὶ
309 5563 338 5614 ό
373 5559 468 5613 τοῦ
513 5557 644 5613 ναοῦ
677 5551 984 5629 περίϐολος,
1023 5559 1118 5613 καὶ
1148 5561 1176 5612 ὁ
1205 5558 1314 5614 τῶν
1343 5558 1550 5612 στύλων
1588 5560 1764 5630 ὑπερ-

251 5741 298 5773 ι⁸
343 5738 517 5794 Exod.
563 5753 710 5802 χειν,
745 5737 828 5792 18.

1889 4823 2096 4886 fusum,
2128 4831 2182 4876 et
2210 4837 2332 4875 cum
2365 4837 2502 4874 auro
2545 4829 2828 4888 argentum
2880 4817 3168 4871 cacumina
3215 4827 3268 4870 et
3301 4817 3456 4872 bases

1881 4929 2073 4969 eorum
2107 4920 2360 4972 exornat,
2393 4918 2452 4964 ut
2473 4911 2738 4964 varietate
2760 4908 2982 4972 coloris,
3010 4907 3172 4962 sicuti
3195 4907 3456 4970 arbitror,

1879 5007 2056 5076 magis
2085 5003 2375 5074 fulgerent.
2407 5001 2512 5056 Sed
2543 5001 2667 5055 aeris
2691 5013 2909 5068 quoque
2935 4997 3167 5051 materia
3199 5011 3308 5049 non
3334 4995 3450 5048 inu-

1879 5099 1994 5154 tilis
2045 5097 2157 5152 visa
2209 5103 2292 5150 est
2334 5095 2560 5164 :capita
2590 5093 2736 5146 enim
2770 5099 2824 5144 et
2871 5091 3028 5144 bases
3078 5089 3456 5142 columnarum

1879 5209 1946 5247 ex
1983 5208 2091 5247 rere
2125 5191 2281 5245 factae
2310 5199 2459 5243 sunt.
2491 5187 2728 5241 Cortiuie
2781 5199 2946 5254 porro
2997 5192 3160 5252 atque
3199 5183 3454 5246 tentoria,

1879 5285 2162 5352 totiusque
2191 5281 2376 5351 templi
2415 5290 2655 5350 septum,
2688 5287 2741 5331 et
2768 5293 2931 5345 super
2959 5277 3244 5330 columnas
3269 5286 3458 5329 exten-

1879 5392 2001 5430 sum
2033 5382 2258 5437 tectum,
2288 5373 2472 5426 omnia
2525 5385 2624 5440 per
2684 5371 2972 5423 textoriam
3017 5377 3188 5420 artem
3251 5381 3455 5422 conve-

1879 5469 2066 5520 niente
2122 5462 2358 5533 singulis
2420 5461 2680 5514 attributa
2736 5458 2962 5512 materia
2994 5456 3432 5511 conﬁciebantur

1879 5559 2017 5614 Aliis
2055 5572 2122 5614 ex
2181 5553 2477 5625 hyacintho
2535 5559 2588 5607 et
2621 5564 2866 5620 purpura
2917 5559 3033 5605 erat
3090 5549 3350 5612 tinctura,
3402 5552 3460 5600 et
