3886 6214
419 292 524 348 519

1619 302 1676 355 s.
1711 297 2040 358 cnsconn
2082 265 2375 358 NYSSENl

3564 312 3676 369 5‘20

422 411 616 480 igneus
645 411 797 465 cocci
831 413 1019 481 rubor,
1052 417 1308 485 splendor
1335 433 1554 490 quoque
1595 419 1744 492 byssl
1792 427 1986 473 natura

2115 421 2400 492 τεινόμενος
2422 423 2637 495 ὄροφος,
2669 427 3019 499 καταλλήλως
3049 429 3223 482 πάντα
3249 426 3334 480 διὰ
3365 427 3464 496 τῆς
3497 428 3674 494 ὑφαν-

429 501 546 569 ipsa
577 505 870 570 perductus
921 520 984 560 ac
1048 508 1166 563 sine
1196 518 1311 564 arte
1371 511 1654 565 confectus
1688 511 1862 565 color.
1925 512 1987 565 ln

422 593 544 646 aliis
573 594 764 658 linum,
797 595 851 649 in
881 597 1004 652 aliis
1043 600 1173 668 pili;
1207 610 1371 669 prout
1415 610 1646 656 texturae
1674 618 1808 658 usus
1847 613 1996 672 pete-

424 682 539 744 bat,
573 685 1016 742 assumebantur.
1066 687 1170 744 Sed
1225 691 1518 746 rubricata:
1551 708 1769 762 quoque
1825 694 1995 763 pelles

424 786 819 842 nonnunquam
865 784 1100 844 accepta:
1157 786 1304 834 sunt.
1374 778 1574 834 Verum
1625 781 1740 835 haec
1782 789 1998 851 postea-

426 878 589 931 quam
625 865 691 918 de
715 875 897 920 monte
929 867 1230 935 descendit,
1261 886 1358 940 per
1386 873 1669 928 ministros
1695 873 1996 928 secundum

426 955 734 1022 expositum
770 957 873 1010 sibi
902 961 1180 1028 exemplar
1199 962 1400 1030 opiﬁcii
1429 962 1644 1035 Moyses
1665 966 1996 1024 construxit.

429 1040 584 1096 Tunc
610 1051 788 1098 autem
819 1060 944 1099 eum
979 1047 1032 1100 in
1065 1048 1158 1103 illo
1191 1049 1370 1104 adhuc
1405 1051 1609 1121 absque
1658 1069 1820 1107 manu
1863 1069 2000 1108 con-

430 1133 624 1186 slituto
689 1137 891 1204 templo
946 1145 1112 1202 esset,
1153 1141 1354 1209 quibus
1413 1144 1672 1198 sacerdos
1725 1145 1996 1211 vestibus,

429 1225 649 1292 quando
679 1226 728 1278 in
761 1228 942 1296 templi
976 1231 1270 1298 penetralia
1299 1235 1613 1288 intrandum
1648 1243 1784 1301 erat,
1821 1246 2002 1292 uterc-

431 1320 540 1374 tur,
574 1313 640 1367 de
675 1315 932 1370 interiore
969 1318 1130 1371 simul
1161 1330 1323 1389 atque
1354 1324 1628 1379 exteriore
1659 1326 1864 1379 amictu
1920 1328 2000 1381 lc-

433 1418 528 1470 ges
561 1405 779 1474 accipit,
813 1406 1028 1462 initium
1052 1425 1160 1464 non
1200 1411 1269 1465 ab
1311 1413 1591 1479 interiore,
1626 1416 1721 1471 sed
1757 1417 1827 1471 ab
1850 1428 2004 1472 exte-

433 1495 581 1549 riore
612 1496 844 1552 faciente
875 1514 1129 1557 sermone
1157 1521 1169 1556 :
1200 1506 1674 1574 superhumeralia
1710 1509 1878 1565 variis
1908 1525 2004 1565 co-

434 1585 668 1650 loribus,
702 1604 764 1642 ex
804 1590 872 1644 iis
910 1593 1074 1648 rebus
1111 1609 1180 1649 ex
1208 1596 1408 1664 quibus
1448 1598 1626 1651 velum
1686 1610 2003 1655 contextum

431 1684 572 1738 erat,
606 1689 769 1748 atque
793 1681 1018 1752 insuper
1041 1698 1179 1739 auro
1205 1686 1464 1742 distincta
1491 1689 1732 1746 fuerunt.
1763 1691 2004 1750 Uncinos

2095 513 2256 582 τικῆς
2283 516 2610 586 ὲττιεττήμης,
2643 519 2706 570 ἐκ
2747 519 2845 589 τῆς
2891 521 3197 592 προσφόρου
3232 521 3459 572 ἕκαστον
3500 518 3672 588 ὕλης,

2097 605 2420 663 ἐπετελεῖτο.
2457 610 2581 671 Τοῖς
2611 609 2708 680 μὲν
2739 611 2847 681 γὰρ
2875 607 2942 682 ἦν
2982 612 3088 663 τῶν
3115 612 3454 682 ὑφασμάτων
3479 608 3673 663 ὑάκιν-

2098 695 2254 770 θοςή
2311 700 2477 771 βαφή,
2530 704 2625 755 καὶ
2686 702 2975 776 πορφύρα,
3026 704 3213 756 καὶτὸ
3263 703 3544 774 πυραυγές
3578 698 3675 754 τοῦ

2097 791 2472 860 κοκκοδάφους
2497 794 2860 865 ἐρυθήματος·
2889 798 2950 850 τό
2973 815 3031 848 τε
3053 797 3298 866 λαμπρὸν
3327 795 3425 864 τῆς
3451 795 3676 863 βύσσου,

2096 881 2129 948 ή
2163 881 2430 952 αὐτοφυής
2483 900 2539 936 τε
2581 886 2674 938 καὶ
2719 887 3132 958 ἁνεπιτήδευτος
3169 886 3298 938 ἰδέα.
3348 885 3589 955 Ἐτέροις
3620 884 3678 936 δὲ

2097 970 2239 1023 λῖνον
2259 1014 2271 1032 ,
2309 973 2403 1025 καὶ
2445 973 2624 1038 ἀλλοις
2661 976 2868 1046 τρίχες,
2901 978 3035 1046 πρὸς
3060 976 3158 1038 τὰς
3193 975 3301 1027 τῶν
3333 974 3679 1043 ὑφασμάτων

2099 1065 2317 1133 χρείας,
2347 1065 2851 1136 παρελαμϐάνοντο.
2887 1064 2995 1121 Ἦν
3035 1069 3092 1120 δέ
3122 1069 3256 1120 ὅπου
3303 1066 3400 1118 καὶ
3444 1066 3510 1118 τὰ
3551 1068 3681 1134 ἐρυ-

2101 1154 2206 1224 θρά
2239 1154 2345 1208 τῶν
2379 1157 2664 1228 δερμάτων
2710 1158 2846 1229 πρὸς
2884 1159 2980 1230 τὴν
3019 1159 3112 1211 τοῦ
3153 1158 3682 1227 κατασκευάσματος

2100 1243 2252 1315 ὥραν
2292 1244 2485 1299 εὔθετα
2516 1243 2606 1318 ἦν.
2649 1247 2761 1300 Καὶ
2811 1249 2985 1302 ταῦτα
3023 1249 3156 1318 μὲν,
3183 1248 3320 1318 μετά
3347 1249 3446 1318 τὴν
3477 1250 3538 1298 ἐκ
3580 1245 3680 1298 τοῦ

2100 1336 2518 1408 ὄρουςκάθοδον,
2542 1339 2681 1393 κατὰ
2709 1341 2770 1393 τὺ
2791 1341 3008 1392 ἐκτεθὲν
3028 1339 3174 1408 αὐτῷ
3198 1339 3294 1408 τῆς
3312 1338 3680 1408 δημιουργίας

2103 1429 2432 1499 ὑπόδειγμα,
2485 1433 2514 1483 6
2557 1433 2762 1502 Μωσῆς
2808 1432 2895 1484 διὰ
2942 1433 3048 1484 τῶν
3096 1431 3515 1500 ὑπουργούντων
3549 1449 3685 1483 κατ-

2102 1521 2454 1573 εσκευάσατο.
2479 1521 2612 1574 Τότε
2643 1523 2700 1575 δὲ
2728 1525 2785 1575 ἐν
2820 1524 3009 1593 ἐκείνῳ
3035 1523 3111 1594 τῷ
3144 1525 3538 1594 ἀχειροποιήτῳ
3565 1521 3686 1590 ναῷ

2103 1609 2426 1678 γενόμενος,
2470 1613 2562 1664 καὶ
2590 1613 2686 1682 οἴῳ
2720 1613 2824 1684 χρὴ
2867 1614 2957 1666 τὸν
3013 1615 3160 1684 ἱερέα
3205 1615 3393 1683 κόσμῳ
3429 1612 3688 1682 λαμπρύ-

2104 1701 2289 1754 νεσθαι
2309 1743 2325 1767 ,
2351 1703 2460 1755 τῶν
2486 1703 2694 1757 ἀδύτων
2725 1705 3137 1768 ἐπιϐατεύοντα,
3165 1706 3558 1774 νομοθετεῖται·
3581 1705 3688 1771 τῆς

435 1782 653 1836 quoque
686 1770 883 1836 quibus
913 1774 1380 1842 superhumeralia
1411 1792 1809 1838 connectuntur
1849 1784 1998 1851 fecit,

2115 1807 2163 1842 re
2187 1758 2396 1845 ἔνδοθεν
2443 1794 2768 1865 περιϐολῆς,
2814 1795 2907 1847 καὶ
2943 1796 3040 1866 τῆς
3074 1758 3424 1864 φαινομένης,
3457 1795 3526 1847 τά
3558 1794 3686 1847 καθ’

432 1868 489 1912 et
518 1863 758 1915 catennla
786 1867 1104 1936 smaragdos
1137 1869 1190 1922 in
1216 1870 1478 1926 circulum
1513 1889 1646 1928 auro
1675 1885 2006 1934 connecten-

437 1957 540 2005 tcs.
571 1953 632 2006 lli
675 1955 880 2023 lapides
906 1965 1019 2012 tum
1051 1970 1244 2016 natura
1275 1965 1474 2020 virides
1503 1974 1666 2037 atque
1713 1969 2002 2039 fulgentes,

440 2050 557 2096 tum
584 2046 865 2114 sculptura
901 2049 1183 2107 mirabiles
1212 2055 1537 2111 videbantur
1563 2077 1576 2113 :
1609 2075 1711 2116 nec
1749 2063 1814 2115 ad
1843 2063 2006 2117 simu-

437 2133 708 2189 lacrorum
743 2137 966 2208 ﬁguram
999 2143 1238 2213 aliquam
1271 2148 1551 2218 sculptura
1587 2153 1862 2207 tendebat.
1899 2154 2006 2208 Sed

437 2226 872 2293 patriarcharum
925 2235 1147 2288 nomina
1196 2251 1292 2291 sex
1353 2240 1409 2292 in
1455 2242 1684 2310 singulis
1736 2244 2008 2314 lapidibus

436 2327 594 2370 erant
628 2317 933 2388 impressa;
967 2338 1033 2378 ex
1067 2325 1151 2380 his
1181 2326 1249 2380 ad
1279 2331 1609 2386 anteriorem
1653 2346 1859 2403 partem
1903 2353 2008 2390 un-

436 2407 549 2460 cini
609 2410 828 2476 quidem
870 2413 1272 2486 dependebant,
1315 2427 1370 2476 et
1433 2425 1768 2493 complicataa
1803 2436 2010 2485 catenae

438 2497 496 2552 in
528 2515 588 2554 se
618 2507 967 2570 permutatim
1007 2509 1061 2562 in
1091 2514 1378 2580 quemdam
1417 2531 1705 2573 numerum
1750 2535 2012 2577 connexa:

439 2601 605 2660 atque
633 2593 966 2662 rhythmum,
1002 2600 1053 2654 in
1082 2604 1302 2658 modum
1334 2608 1466 2661 retis
1493 2623 1523 2662 a
1558 2609 1739 2668 ﬁbulis
1772 2630 1837 2669 ex
1861 2625 2014 2670 utra-

436 2697 546 2751 que
577 2696 728 2754 parte
761 2688 996 2760 desuper
1038 2693 1107 2747 ab
1146 2697 1361 2752 uncinis
1403 2711 1662 2768 extensa,
1717 2714 1778 2758 ut
1837 2708 2012 2778 magis

437 2775 710 2829 connexio
739 2780 1106 2851 praefulgeret.
1144 2785 1203 2839 ln
1242 2786 1330 2842 his
1352 2798 1470 2843 erat
1509 2807 1577 2846 ex
1607 2809 1742 2849 auro
1773 2795 2012 2855 fabrica-

438 2875 528 2921 tus
558 2867 648 2921 illo
673 2881 902 2926 ornatus
923 2878 1180 2944 pectoris,
1203 2879 1256 2934 in
1282 2897 1392 2951 quo
1415 2885 1614 2942 diversi
1645 2905 1744 2959 pro
1780 2894 2010 2961 patriar-

439 2958 668 3013 charum
697 2979 926 3021 numero
965 2969 1171 3039 lapides
1201 2980 1310 3029 tres
1338 2975 1394 3029 in
1427 2958 1660 3050 singulis
1691 2984 1976 3042 ordinibus
1995 3028 2012 3054 ,

437 3050 663 3107 ordines
689 3066 924 3122 quatuor
959 3059 1200 3129 fuerunt,
1255 3066 1497 3122 tribuum
1559 3075 1779 3127 nomina
1815 3050 2013 3134 litteris

443 3145 834 3210 exprimentes.
868 3149 926 3203 ln
966 3151 1051 3206 his
1090 3161 1210 3208 erat
1241 3159 1428 3213 tunica
1475 3161 1619 3216 intra
1656 3167 2016 3235 superhume-

446 3236 580 3288 ralia
608 3237 675 3290 ad
713 3241 852 3295 talos
893 3257 922 3294 a
947 3246 1252 3304 cervicibus
1281 3248 1522 3322 delapsa,
1546 3255 1881 3314 ﬁmbriarum
1916 3276 2014 3331 ap-

448 3327 752 3391 pendiculis
783 3335 1303 3394 concinneornata:
1358 3342 1413 3396 in
1467 3343 1552 3400 his
1611 3357 1728 3402 erat
1787 3351 2013 3409 inferior

446 3416 668 3485 limbus,
698 3437 807 3476 non
838 3432 1066 3481 texturae
1092 3433 1354 3489 varietate
1380 3438 1577 3504 solum,
1614 3455 1802 3494 verum
1853 3446 2018 3500 etiam

444 3512 626 3566 aureis
659 3517 1034 3584 appendiculis
1056 3522 1475 3591 pulcherrimus.
1501 3531 1623 3588 Haec
1644 3542 1826 3590 autem
1860 3547 2022 3592 erant

446 3617 610 3657 aurea
635 3605 1022 3675 tintinnabula,
1067 3629 1336 3687 pomaque
1386 3623 1584 3690 punica
1643 3627 1886 3683 vicissim
1933 3631 2020 3684 di-

446 3703 595 3748 ctum
631 3697 857 3752 limbum
893 3703 1176 3760 ambiunt:
1206 3719 1318 3762 tum
1346 3713 1539 3783 capitis
1565 3717 1718 3782 vitta,
1749 3735 1870 3788 quae
1906 3729 2019 3776 tota

449 3785 553 3840 iuit
612 3787 964 3858 hyacinthina
994 3835 1008 3859 ,
1045 3803 1100 3850 et
1140 3797 1341 3854 lamina
1397 3805 1670 3871 pontiﬁcis
1727 3785 2020 3867 imminens

449 3875 618 3932 fronti
647 3895 715 3934 ex
743 3896 879 3937 auro
911 3885 1232 3953 purissimo,
1271 3889 1634 3949 ineﬂ'abilibus
1660 3896 1856 3953 litteris
1885 3899 2014 3969 qui-

448 3970 678 4025 busdam
740 3984 986 4040 exarata,
1039 3988 1093 4032 et
1148 3982 1428 4052 cingulum
1486 4001 1596 4056 quo
1655 3989 2024 4049 circumfusus

447 4061 683 4120 amictus
743 4067 1136 4138 stringebatur,
1195 4082 1250 4128 et
1294 4083 1520 4132 ornatus
1575 4081 1882 4138 occultior:
1960 4099 2025 4139 ac

448 4164 642 4210 czctera
673 4160 860 4214 omnia
892 4177 1013 4231 qua),
1046 4179 1144 4232 per
1174 4167 1466 4237 aenigmata
1493 4171 1546 4223 in
1577 4174 1812 4228 amictus
1843 4177 2026 4244 specie

449 4249 845 4306 sacerdotalem
873 4256 1172 4310 ostendunt
1200 4258 1480 4315 virtutem.
1517 4261 1642 4318 llaec
1678 4279 1800 4320 cum
1834 4269 2027 4324 invisi-

449 4340 546 4395 bili
571 4341 674 4396 ista
705 4345 941 4402 amictus
980 4349 1212 4419 caligine
1269 4367 1301 4406 a
1365 4352 1477 4408 Deo
1535 4355 1655 4424 ipso
1706 4359 2022 4428 perdoctus,

2105 1882 2332 1935 ’έκαστον
2353 1881 2446 1935 τοῦ
2467 1883 2626 1951 λόγου
2657 1884 3135 1954 νομοθετήσαντος.
3179 1885 3344 1956 Ἀρχὴ
3372 1885 3426 1936 δέ
3453 1885 3550 1953 τῆς
3575 1883 3689 1934 τῶν

2105 1973 2428 2044 ἐσθημάτων
2478 1974 2800 2046 περιὸολῆς,
2841 1977 2902 2028 οὑ
2936 1976 2997 2028 τὸ
3025 1976 3282 2049 κρύφιον,
3312 1975 3447 2027 ἀλλὰ
3465 1975 3526 2026 τὸ
3554 1991 3688 2042 φαι-

2107 2065 2330 2134 νόμενον
2377 2065 2604 2134 γίνεται.
2655 2067 2956 2136 Ἐπωμίδες
2993 2069 3057 2121 ἐκ
3097 2067 3352 2137 διαφόρου
3400 2065 3691 2120 πεποικιλ-

2111 2157 2267 2227 μέναι
2306 2158 2516 2228 βαφῆς,
2557 2158 2624 2210 δι’
2656 2153 2730 2211 ὦν
2752 2159 2811 2211 τό
2839 2177 2896 2210 τε
2932 2160 3330 2230 καταπέτασμα
3369 2160 3467 2228 τὴν
3510 2177 3688 2211 κατα-

2109 2247 2308 2317 σκευὴν
2359 2243 2506 2317 εἶχε,
2553 2249 2647 2302 κα)⁸
2687 2249 2872 2319 χρυσῴ
2909 2251 3106 2320 νήματι
3151 2251 3212 2302 τὸ
3252 2252 3410 2303 πλέον
3442 2251 3686 2320 ἔχουσαι.

2109 2338 2324 2408 Πόρπαι
2352 2340 2472 2393 καθ’
2503 2341 2762 2412 ἑκάτερον
2808 2342 2995 2412 μέρος,
3037 2344 3092 2395 ai
3118 2342 3216 2405 τὰς
3241 2343 3523 2412 ἐπωμίδας
3567 2361 3688 2395 συν-

2110 2429 2365 2499 έχουσαι,
2423 2429 2770 2503 σμαράγδους
2813 2435 2869 2486 ἐν
2911 2433 3092 2503 κύκλῳ
3145 2434 3234 2486 διὰ
3282 2434 3483 2504 χρυσοῦ
3530 2452 3687 2503 περι-

2113 2520 2458 2588 σφίγγουσαι.
2508 2523 2726 2590 Κόσμος
2761 2521 2820 2574 δέ
2864 2525 2972 2586 τοῖς
3022 2523 3190 2586 λίθοις
3231 2525 3295 2576 ἐκ
3342 2524 3439 2594 μὲν
3472 2524 3686 2592 φύσεως

2109 2606 2178 2682 ἦν
2223 2614 2255 2682 ἡ
2285 2614 2449 2684 αὐγὴ,
2501 2614 2724 2685 χλοεράς
2759 2633 2909 2678 τινας
2957 2617 3178 2679 ἀκτῖνας
3211 2617 3292 2684 ἐφ’
3325 2616 3531 2685 ἑαυτῆς
3557 2619 3686 2670 ἀπο-

2114 2703 2436 2756 στίλϐουσα·
2483 2705 2547 2758 ἐκ
2579 2705 2635 2757 δὲ
2661 2705 2762 2776 τῆς
2807 2707 3024 2776 τέχνης,
3075 2709 3135 2759 τὸ
3167 2709 3230 2760 ἐκ
3273 2708 3381 2760 τῶν
3415 2709 3686 2777 γλυφίδων

2114 2793 2319 2865 θαῦμα.
2349 2795 2479 2848 Οὑτι
2517 2813 2580 2864 γε
2611 2798 2748 2868 πρὸς
2777 2798 3009 2851 εἰδώλων
3041 2798 3202 2851 τινῶν
3237 2799 3571 2869 χαρακτῆρα
3598 2800 3686 2867 τῆς

2112 2885 2307 2956 τέχνης
2350 2886 2448 2958 τὴν
2494 2887 2704 2958 γλυφὴν
2751 2889 3115 2958 ἐντεμούσης,
3156 2890 3293 2942 ἀλλά
3337 2890 3405 2941 τὰ
3451 2890 3688 2960 ὀνόματα

2113 2978 2224 3030 τῶν
2257 2979 2609 3048 πατριαρχῶν
2638 2979 2697 3044 ἒξ
2740 2981 2862 3032 καθ’
2895 2980 3123 3033 ἕκαστον
3161 2983 3272 3043 τοῖς
3303 2979 3474 3043 λίθοις
3528 2982 3687 3048 ἐγκε-

2040 3105 2082 3162 C
2115 3069 2472 3140 χαραγμένα,
2536 3072 2736 3141 κόσμος
2789 3073 3015 3140 ἐγίνετο.
3070 3073 3152 3124 Τά
3207 3090 3268 3124 τε
3327 3074 3692 3180 ἀπηρτημένα

2119 3162 2325 3216 τούτων
2384 3163 2606 3217 ἀσπίδια
2650 3164 2791 3216 κατά
2832 3165 2892 3218 τὸ
2939 3165 3245 3235 ἔμπροσθεν
3295 3165 3492 3235 μέρος,
3547 3167 3691 3218 αἵτε

2118 3254 2398 3306 διάπλοκοι
2443 3255 2619 3324 σειραὶ
2665 3255 2730 3307 δι’
2771 3255 3013 3325 ἀλλήλων
3061 3255 3322 3321 ἐναλλὰξ,
3376 3255 3522 3308 κατά
3581 3271 3692 3307 τινα

2125 3346 2348 3416 ῥυθμὸν,
2377 3345 2718 3410 δικτυοειδῶς
2747 3347 3143 3416 πεπλεγμέναι,
3177 3348 3270 3399 καὶ
3299 3347 3404 3398 ἀπὸ
3428 3350 3532 3417 τῆς
3572 3349 3695 3416 πόρ-

2123 3454 2233 3506 πης
2270 3437 2392 3490 καθ’
2437 3439 2693 3509 ἑκάτερον
2745 3441 2908 3509 μέρος
2957 3439 3162 3492 ἄνωθεν
3214 3440 3539 3507 καθιέμεναι
3592 3439 3698 3491 τῶν

2123 3529 2401 3582 ἀσπίδων·
2453 3529 2528 3592 ώς
2571 3529 2668 3591 ἂν,
2696 3525 2881 3600 οἶμαι,
2929 3529 3156 3600 πλέονή
3204 3531 3300 3599 τῆς
3333 3531 3538 3601 πλοκῆς
3585 3531 3702 3601 ὥρα

2123 3621 2452 3691 διαλάμποι,
2502 3621 2581 3691 τῷ
2631 3623 2974 3694 ὑποκειμένῳ
3027 3624 3477 3693 λαμπρυνομένη.
3531 3625 3600 3676 Ὅ
3646 3642 3704 3678 τε

2124 3715 2516 3785 χρυσότευκτος
2554 3716 2758 3778 ἐκεῖνος
2801 3715 3022 3785 κόσμος,
3049 3718 3077 3768 6
3115 3715 3209 3768 τοῦ
3247 3717 3473 3787 στήθους
3499 3717 3705 3786 προϐε-

2125 3806 2422 3876 ϐλημένος,
2469 3808 2526 3860 ἐν
2566 3801 2609 3874 ᾧ
2645 3807 2783 3860 λίθοι
2813 3809 2958 3870 τινὲς
2988 3808 3052 3860 ἐκ
3086 3807 3358 3879 διαφόρων
3388 3809 3565 3876 γενῶν
3595 3812 3706 3871 τοῖς

2125 3898 2490 3968 πατριάρχαις
2531 3897 2806 3966 ίσάριθμοι
2825 3913 2840 3928 ·
2884 3897 3120 3967 τετραχῆ
3147 3897 3257 3949 τῶν
3281 3898 3474 3966 στίχων
3504 3898 3711 3951 διακει-

2129 3989 2324 4058 μένων.
2347 3992 2494 4061 τρεῖς
2514 3989 2635 4041 καθ’
2657 3990 2884 4042 ἕκαστον
2909 3986 3048 4060 ἦσαν
3071 3991 3547 4059 ἐγκεκροτημένοι,
3581 3993 3711 4052 τοὺς

2126 4083 2450 4152 ἐπωνύμους
2485 4082 2594 4134 τῶν
2633 4081 2813 4151 φυλῶν
2853 4083 2939 4151 ἐφ’
2985 4081 3194 4135 ἑαυτῶν
3243 4081 3549 4144 δεικνῦντες
3595 4085 3712 4146 τοῖς

2126 4174 2469 4244 γράμμασιν.
2521 4175 2588 4226 Ὀ
2632 4190 2692 4225 τε
2738 4171 3007 4242 ὑποδύτης
3053 4173 3201 4225 ἔνδον
3243 4173 3347 4225 τῶν
3379 4173 3710 4242 ἐπωμίδων,

2128 4263 2187 4330 ἐξ
2209 4263 2434 4333 αὐχένος
2467 4264 2546 4326 εἰς
2571 4263 2772 4334 ἄκρους
2801 4263 2966 4326 πόδας
2991 4263 3213 4333 διήκων,
3241 4266 3351 4328 τοῖς
3371 4264 3478 4316 τῶν
3503 4263 3714 4334 κοσύμ-

2131 4355 2240 4407 ϐων
2283 4356 2674 4425 ἀπηρτήμασιν
2720 4354 3009 4425 εὐπρεπῶς
3058 4354 3492 4426 κεκοσμημένος.
3543 4355 3617 4407 Τό
3651 4372 3712 4407 τε

450 4435 731 4503 majorque
759 4436 942 4506 scipso
973 4438 1074 4493 hac
1094 4439 1319 4496 effectus
1349 4453 1496 4498 esset
1519 4459 1720 4500 arcana
1745 4449 2011 4518 doctrina,

2130 4447 2278 4499 κάτω
2295 4445 2621 4515 κράσπεδον,
2648 4445 2708 4498 οὑ
2730 4445 2887 4516 μόνον
2918 4448 2983 4500 ἐκ
2997 4446 3096 4515 τῆς
3118 4446 3419 4515 ὑφαντικῆς
3439 4447 3713 4510 ποικιλίας

449 4518 736 4575 descendit
768 4538 799 4576 a
828 4535 1012 4580 monte
1039 4525 1106 4579 ad
1135 4543 1288 4593 suos,
1325 4538 1384 4583 ut
1425 4547 1521 4588 eos
1565 4535 1812 4590 eamdem
1858 4539 2026 4596 disci-

450 4609 655 4677 plinam
701 4611 948 4680 doceret,
981 4625 1035 4671 et
1064 4617 1210 4687 leges
1254 4622 1336 4674 eis
1394 4637 1741 4693 proponeret,
1790 4639 1844 4683 ct
1886 4639 2026 4686 tem-

423 4701 620 4769 plum,
670 4706 1059 4776 sacerdotium,
1097 4721 1152 4766 et
1183 4716 1330 4783 quod
1367 4717 1420 4770 in
1487 4729 1671 4775 monte
1727 4722 1904 4778 fuerat
1948 4727 2025 4782 illi

449 4801 575 4848 ante
608 4807 973 4854 monstratum
998 4807 1298 4875 exemplar.
1329 4805 1558 4863 Ferebat
1591 4814 1736 4866 enim
1770 4816 2025 4874 manibus

449 4884 664 4942 tabulas
702 4903 912 4956 sacras,
943 4909 1064 4962 quae
1089 4894 1333 4951 divinum
1362 4900 1643 4957 inventum
1698 4920 1762 4960 ac
1817 4906 2022 4964 donum

448 4985 628 5041 erant,
665 4994 767 5034 nec
806 4980 1048 5037 humano
1079 4986 1285 5040 auxilio
1312 4996 1371 5041 ut
1409 4991 1846 5059 producerentur
1882 4997 2025 5054 indi-

448 5077 719 5136 guerant;
751 5073 845 5126 sed
874 5074 1050 5143 ipsius
1090 5075 1187 5132 Dei
1233 5093 1370 5147 opus
1409 5091 1702 5154 utrumque
1761 5086 1864 5142 fuit
1911 5097 2023 5145 tam

452 5162 701 5225 materia,
735 5179 898 5233 quam
972 5167 1164 5222 littera:
1224 5171 1279 5224 in
1312 5171 1429 5240 ipsa
1485 5174 1800 5244 impressae:
1834 5196 2022 5236 verum

457 5255 691 5319 populus
740 5257 833 5328 qui
874 5266 1167 5329 antequam
1221 5262 1499 5333 legislator
1553 5267 2024 5344 descenderet,ad

456 5337 816 5398 idololatriam
848 5347 1143 5414 defecerat,
1171 5351 1276 5405 hoc
1309 5369 1510 5410 munus
1545 5357 1847 5426 impedivit.

2129 4540 2207 4602 είς
2243 4537 2438 4601 κάλλος
2472 4537 2864 4608 ἐξησκημένον,
2885 4526 3021 4592 ἀλλά
3047 4540 3140 4592 καὶ
3169 4539 3257 4592 διὰ
3281 4539 3388 4592 τῶν
3417 4543 3482 4592 ἐκ
3502 4539 3712 4611 χρυσοῦ

2129 4631 2562 4700 ἀπηρτημάτων.
2603 4630 2790 4684 Ταῦτα
2824 4631 2880 4683 δέ
2922 4627 3021 4702 ῆν,
3063 4631 3310 4694 κώδωνες
3340 4631 3586 4701 χρύσεοι,
3618 4633 3716 4685 καὶ

2132 4720 2366 4789 ῥοΐσκοι,
2396 4719 2461 4770 ἐκ
2496 4718 2840 4790 παραλλήλου
2868 4719 2928 4771 τὸ
2969 4721 3118 4773 κάτω
3147 4721 3454 4790 κράσπεδον
3483 4721 3716 4790 ἀπειλη-

2132 4812 2310 4879 φότες.
2337 4811 2412 4864 ’Ἡ
2433 4828 2492 4864 τε
2513 4808 2578 4865 αὖ
2605 4813 2702 4882 τῆς
2722 4811 2961 4881 κεφαλῆς
2984 4813 3184 4877 ταινία,
3211 4812 3493 4881 ὑακινθίνη
3527 4815 3680 4865 πᾶσα
3697 4831 3715 4844 ·

2131 4906 2226 4958 καὶ
2267 4904 2326 4958 τὸ
2371 4904 2801 4976 προμετωπίδιον
2847 4904 3116 4967 πέταλον,
3157 4902 3217 4966 ἐξ
3259 4903 3539 4972 ἀκηράτου
3580 4921 3716 4973 χρυ-

2133 4997 2279 5062 σίου,
2324 4997 2549 5068 ἀρῤήτῳ
2586 4997 2692 5050 τινὶ
2761 4996 3067 5067 χαρακτῆρι
3120 4995 3556 5065 κεχαραγμένον.
3607 4997 3719 5049 Καὶ

2133 5087 2300 5158 ζώνη,
2334 5088 2368 5156 ή
2393 5087 2452 5140 τὸ
2479 5084 2778 5156 κεχυμένον
2805 5086 2903 5156 τῆς
2933 5085 3226 5156 περιϐολῆς
3253 5085 3714 5155 περιστέλλουσα·

2133 5179 2228 5234 καὶ
2263 5181 2292 5232 6
2319 5178 2428 5230 τῶν
2472 5177 2718 5248 κρυφίων
2759 5177 2964 5246 κόσμος
2985 5192 2998 5205 ·
3053 5175 3148 5229 καὶ
3193 5175 3375 5228 πάντα.
3404 5178 3506 5229 ὅσα
3539 5177 3607 5229 δι’
3634 5180 3722 5229 ai-

2133 5267 2432 5337 νιγμάτων,
2459 5267 2516 5320 ἐν
2543 5267 2672 5318 εἴδει
2698 5266 3009 5336 περιϐολῆς,
3043 5268 3173 5338 περὶ
3205 5268 3489 5338 ἱερατικῆς
3514 5269 3720 5340 ἀρετῆς

2135 5357 2534 5412 ἐκπαιδεύεται.
2552 5356 2702 5409 Ἐπεὶ
2726 5357 2783 5408 δὲ
2811 5355 2879 5408 τὰ
2903 5357 3146 5422 τοιαῦτα,
3178 5357 3256 5427 τῷ
3280 5349 3499 5428 ἀοράτῳ
3525 5360 3721 5428 ἐκείνῳ

457 5435 798 5504 περισχεθεὶς
839 5441 1050 5512 γνόφῳ,
1090 5444 1150 5498 ἐν
1181 5447 1246 5516 τῇ
1279 5446 1574 5519 ἀπορρήτῳ
1595 5450 1690 5504 τοῦ
1729 5452 1864 5506 Θεοῦ
1907 5454 2223 5522 διδασκαλίᾳ.
2262 5447 2644 5517 ἐξεπαιδεύθη,
2681 5448 2881 5517 μείζων
2903 5447 3094 5501 ἑαυτοῦ
3135 5449 3409 5510 καταστὰς
3437 5452 3506 5520 τῇ
3550 5467 3722 5521 προσ-

459 5524 604 5598 θήκῃ
633 5529 738 5584 τῶν
782 5534 1057 5599 μυστικῶν
1092 5535 1457 5609 μαθημάτωνο
1485 5539 1657 5606 οὕτως
1688 5544 1752 5596 ἐκ
1786 5546 1878 5598 τοῦ
1911 5547 2109 5618 γνόφου
2141 5544 2302 5599 πάλιν
2326 5541 2541 5606 ἀναδὺς,
2570 5539 2705 5611 πρὸς
2729 5540 2790 5594 τὸ
2816 5541 3082 5612 ὁμόφυλον
3107 5541 3340 5606 κάτεισι,
3371 5545 3722 5614 κοινωνήσων
