3886 6214
203 281 310 334 521
1535 275 1623 330 DE
1669 275 1834 331 VITA
1887 275 2168 334 MOYSIS.

203 394 396 456 αὐτοῖς
439 391 550 445 τῶν
583 393 642 444 ὲν
687 394 754 462 τῇ
786 389 1072 462 θεοφανείᾳ
1105 389 1574 460 παραδειχθέντων
1607 390 1758 462 αὐτῷ
1807 390 2132 462 θαυμάτων,
2183 388 2444 455 καὶτοὺς
2487 392 2680 462 νόμους
2731 391 3212 462 παραθησόμενος,
3257 391 3356 446 καὶ
3391 391 3486 447 τὸν

202 486 366 549 ναὸν,
431 484 524 538 καὶ⁹
562 484 662 556 τὴν
709 483 1034 554 ἱερωσύνην,
1087 483 1230 536 κατά
1287 482 1344 535 τὸ
1397 483 1714 554 προδειχθὲν
1759 484 1908 554 αὐτῷ
1949 486 2042 537 ἐπὶ
2077 483 2171 538 τοῦ
2221 483 2380 556 ὅρους
2427 485 2759 554 ὑπόδειγμα,
2809 485 2889 555 τῷ
2943 484 3057 554 λαῷ
3105 485 3485 554 καταστήσων.

208 577 419 646 Ἐφερε
454 576 512 628 δέ
541 575 762 637 καὶτὰς
791 575 942 645 ἱερὰς
970 575 1184 637 πλάκας
1221 574 1306 626 δια
1339 576 1554 646 χειρὸς,
1599 575 1657 628 αἳ
1705 573 1847 628 θεῖον
1889 575 2109 647 εὕρημα
2142 577 2236 630 καὶ
2279 576 2448 646 δῶρον
2491 571 2664 646 ἦσαν,
2699 575 2952 646 οὐδεμιᾶς
2994 574 3282 647 συνεργίας
3323 572 3488 636 είςτὸ

205 667 464 734 γενέσθαι
503 665 880 737 προδεηθεῖσαι
903 681 917 696 ·
945 663 1060 718 ἀλλ’
1102 663 1262 736 ἔργον
1292 663 1426 717 Θεοῦ
1457 666 1652 735 ἐπίσης
1696 665 1934 738 ἑκάτερα
1966 662 2056 737 ἦν,
2083 667 2118 736 ἥ
2147 683 2207 718 τε
2238 666 2337 735 ὖλη
2364 667 2458 720 καὶ
2485 667 2556 720 τὰ
2595 667 2689 720 ἐπὶ
2724 667 2896 737 ταύτῃ
2934 668 3282 738 χαράγματα.
3343 659 3485 721 Ἀλλ’

3377 277 3488 334 5‘29.

207 759 452 811 ἐκώλυσε
495 760 592 826 τὴν
625 759 784 828 χάριν
817 759 845 810 ὁ
876 757 1024 822 λαὸς,
1061 756 1189 827 πρὶν
1222 758 1505 829 ἐπιστῆναι
1535 758 1626 812 τὸν
1659 759 1980 830 νομοθέτην,
2008 761 2086 822 εἰς
2115 759 2555 829 είδωλολατρείαν
2592 759 2916 828 ἀφηνιάσας.

297 852 514 922 Ἐπειδὴ
545 852 652 922 γάρ
687 851 872 922 χρόνος
912 850 990 920 τῷ
1031 850 1198 920 Μωσῇ
1244 867 1326 914 τις
1364 851 1424 904 ού
1468 851 1670 922 βραχὺς
1699 851 1800 904 διε-

1976 850 2112 904 Nam
2137 867 2260 906 cum
2291 853 2652 922 quadraginta
2671 851 2867 914 diebus
2897 867 2962 906 ac
2993 851 3244 907 noctibus
3279 853 3485 910 nullius

207 945 422 1012 γένετο,
452 945 518 1012 τῇ
567 943 702 1012 πρὸς
735 941 868 994 Θεὸν
907 939 1091 1010 ὁμιλίᾳ
1130 940 1219 992 διά
1251 941 1349 1008 τῆς
1393 940 1542 1003 θείας
1593 939 1806 1010 ἐκείνης

213 1033 612 1103 μυσταγωγίας
657 1031 1122 1102 άπασχολάζοντιο
1172 1033 1266 1084 καὶ
1319 1027 1388 1102 ἦν
1431 1033 1490 1084 ἐν
1535 1033 1806 1102 τεσσαρά-

205 1143 378 1178 κοντα
415 1125 651 1195 ἡμέραις
680 1125 772 1178 καὶ¹
798 1123 1087 1186 τοσαύταις
1112 1123 1230 1190 νυξὶ
1250 1124 1346 1192 τῆς
1374 1124 1545 1176 ἀϊδίου
1579 1123 1792 1193 ἐκείνης

211 1217 364 1284 ζωῆς
411 1216 516 1268 ὑπὸ
557 1216 648 1268 τὸν
693 1215 892 1284 γνόφον
929 1214 1201 1284 μετέχων,
1237 1214 1332 1268 καὶ
1363 1216 1535 1286 αὐτῆς
1567 1215 1668 1284 τῆς
1697 1213 1802 1282 φύ-

211 1326 351 1371 σεως
401 1310 507 1374 ἔξω
539 1308 830 1378 γενόμενος
883 1307 982 1376 (οὐ
1039 1308 1148 1377 γὰρ
1203 1307 1472 1377 ἐπεδεήθη
1521 1306 1662 1362 κατά
1710 1306 1802 1359 τὸν

207 1401 406 1470 χρόνον
465 1401 671 1452 ἐκεῖνον
713 1400 792 1460 εἰς
818 1399 878 1451 τὸ
903 1397 1063 1466 σῶμα
1097 1397 1337 1468 τροφῆς)
1358 1414 1372 1427 ο
1411 1397 1564 1462 τότε,
1613 1393 1722 1450 οἷόν
1750 1415 1802 1450 τι

213 1491 522 1560 μειράκιον,
561 1492 590 1541 ὁ
637 1489 764 1550 λαὸς
806 1487 915 1540 τῶν
965 1487 1058 1540 τοῦ
1111 1487 1581 1554 παιδαγωγοῦντος
1627 1486 1803 1555 ὄψεων

207 1577 318 1642 ἔξω
353 1577 680 1646 γενόμενος,
723 1577 972 1646 ἀνοήτοις
998 1578 1198 1646 ὁρμαῖς
1239 1577 1316 1638 είς
1365 1575 1603 1643 ἀταξίανξ
1641 1575 1802 1644 ἐκφέ-

209 1684 386 1736 ρεται,
431 1667 525 1719 καὶ
563 1665 765 1728 συστὰς
807 1666 898 1718 ἐπὶ
927 1665 1021 1717 τὸν
1069 1663 1297 1735 Ἀαρὼν,
1329 1665 1574 1735 ἀνάγκην
1605 1667 1800 1734 ἐπάγει

205 1758 288 1826 τῷ
321 1761 484 1828 ίερεῖ,
525 1760 622 1828 τῆς
651 1756 1092 1826 εἰδωλολατρείας
1139 1757 1324 1819 αὐτοῖς
1355 1755 1798 1826 καθηγήσασθαι.

209 1850 325 1906 Καὶ
371 1851 660 1918 γεγονότος
709 1847 804 1901 τοῦ
849 1848 1068 1901 εἰδώλου
1119 1849 1182 1901 ἐκ
1225 1846 1448 1917 χρυσίου
1498 1846 1600 1915 τῆς
1667 1845 1800 1916 ’ύλης

211 1947 230 2006 (ι
251 1939 454 2008 μόσχος
489 1939 546 1991 δὲ
599 1937 661 1989 τὸ
709 1935 927 1989 εἴδωλον
951 1931 1077 2007 ἦν),
1109 1936 1156 1988 οῖ
1191 1936 1289 2005 μὲν
1328 1933 1698 2004 ἐπηγάλλοντο
1723 1935 1799 2006 τῷ

207 2030 520 2100 ἀσεϐήματι
541 2047 554 2060 ·
586 2031 614 2082 ὁ
639 2029 694 2082 δὲ
724 2029 930 2098 Μωσῆς
967 2028 1088 2081 κατ’
1121 2027 1316 2089 αὐτοὺς
1338 2026 1439 2096 ἤδη
1467 2026 1758 2096 γενόμενος
1779 2068 1796 2092 ,

211 2119 488 2192 συντρίϐει
520 2120 620 2181 τὰς
669 2119 880 2180 πλάκας
901 2157 914 2180 ,
943 2117 1032 2184 ,a;
1074 2115 1259 2169 θεόθεν
1292 2114 1545 2184 ἐκόμιζεν
1565 2132 1578 2146 ⁸
1617 2116 1693 2179 ὡς
1730 2117 1795 2170 ἂν

1907 943 2158 1012 indigens
2193 943 2294 1006 rei,
2329 944 2532 1012 quibus
2569 944 2672 997 hoc
2723 957 2926 1012 corpus
2975 951 3335 1008 sustentatur,
3387 944 3486 996 im-

1905 1033 2126 1087 mortali
2158 1033 2268 1086 vita
2297 1034 2401 1086 sub
2433 1033 2522 1084 illa
2551 1033 2784 1102 caligine
2813 1031 3026 1102 Moyses
3065 1033 3292 1094 viveret,
3323 1033 3482 1102 quasi

1905 1126 2081 1194 pueri,
2114 1139 2240 1179 cum
2273 1125 2550 1194 paedagogi
2581 1139 2692 1178 non
2740 1123 2960 1187 adsunt,
2994 1126 3074 1178 sic
3121 1125 3354 1193 populus
3387 1125 3483 1178 ad-

1904 1229 2098 1268 versus
2131 1213 2315 1266 Aaron
2339 1213 2670 1276 concitatus,
2695 1213 2913 1284 impulit
2939 1229 3086 1274 eum,
3117 1222 3174 1266 ut
3207 1214 3272 1266 ad
3311 1214 3482 1268 simu-

1903 1304 2116 1358 lacrum
2153 1319 2382 1358 aureum
2419 1304 2756 1362 adorandum
2785 1305 2896 1359 dux
2935 1307 3016 1360 eis
3047 1305 3230 1371 ﬁeret;
3255 1305 3482 1360 simula-

1903 1411 2058 1450 crum
2085 1405 2266 1451 autem
2295 1397 2498 1451 vitulus
2529 1403 2670 1450 erat.
2731 1399 2914 1462 Quare
2976 1396 3216 1451 oﬂ'ensus
3265 1397 3481 1467 Moyses

1903 1487 2153 1556 perrupit
2183 1486 2424 1548 tabulas,
2453 1499 2522 1538 ne
2549 1486 2603 1538 in
2635 1485 2884 1540 homines
2916 1484 3171 1555 indignos
3209 1493 3360 1539 tanta
3391 1499 3482 1540 res

1901 1576 2226 1642 deveniret;
2261 1575 2456 1630 deinde
2505 1575 2710 1630 Levitis
2762 1575 3306 1638 administrantibus,
3377 1574 3480 1628 tri-

1903 1665 2114 1721 bulium
2142 1669 2408 1738 sanguine
2441 1668 2622 1722 scelus
2651 1667 2910 1736 expiavit,
2957 1666 3316 1720 simulacrum
3346 1679 3482 1720 con-

1901 1759 2075 1822 trivit,
2103 1773 2342 1829 cumque
2372 1774 2472 1814 sua
2505 1757 2808 1822 iracundia,
2839 1773 2948 1827 qua
2989 1758 3044 1812 in
3073 1773 3169 1813 eos
3215 1759 3310 1828 qui
3355 1771 3482 1829 pec-

1901 1857 2114 1914 carant,
2153 1859 2455 1914 exarserat,
2486 1849 2655 1904 Deum
2687 1851 2980 1919 propitium
3019 1848 3365 1908 reddidisset.
3403 1851 3480 1903 ita

1902 1951 2094 1990 rursus
2123 1934 2484 2005 quadraginta
2545 1935 2757 1990 dierum
2813 1937 2990 2005 spatio
3039 1935 3256 1992 tabulas
3297 1949 3328 1990 a
3368 1935 3481 1992 Deo

1901 2025 2247 2094 impetravit:
2303 2039 2443 2096 quas
2495 2026 2613 2096 ipse
2671 2025 2888 2094 quidem
2953 2027 3289 2096 composuit,
3335 2025 3480 2082 Deus

1900 2127 2077 2172 autem
2115 2119 2454 2187 perscripsit.
2491 2117 2602 2172 llas
2633 2133 2826 2174 rursus
2854 2119 3050 2188 accipit
3069 2135 3194 2172 cum
3221 2126 3474 2172 naturam

207 2210 306 2262 τοῦ
339 2211 814 2280 πλημμελήματπ
845 2209 1002 2276 ἀξίαν
1037 2209 1136 2277 τὴν
1164 2207 1430 2277 τιμωρίαν
1470 2207 1755 2278 ὑπόσχοιεν
1775 2249 1790 2272 ,

1903 2209 1950 2261 in
1986 2217 2138 2262 tanto
2169 2209 2378 2264 dierum
2411 2223 2638 2264 numero
2681 2210 3028 2272 excessisset,
3081 2211 3186 2264 alia
3237 2211 3474 2280 quadam

209 2305 312 2372 τῆς
339 2303 588 2372 θεοδόχου
627 2303 846 2372 χάριτος
875 2301 1299 2370 ἀμοιρήσαντες.
1340 2295 1476 2352 Εἶτα
1507 2299 1584 2368 τῷ
1617 2301 1798 2370 ἐμφυ-

1903 2302 2110 2355 rationc
2163 2303 2432 2371 nobisque
2487 2303 2706 2356 insolita
2767 2304 2932 2356 vitam
2985 2304 3300 2366 traducens,
3345 2304 3476 2357 dum

208 2393 312 2464 λίῳ
344 2394 540 2462 αἵματι
569 2393 658 2446 διὰ
689 2392 798 2444 τῶν
829 2390 1069 2444 Λευῖτῶν
1099 2389 1402 2460 καθαρίσας
1431 2389 1492 2442 τὸ
1522 2390 1674 2457 ἄγος,
1706 2391 1800 2444 καὶ

1903 2392 2032 2445 nihil
2061 2407 2270 2458 eorum,
2292 2409 2413 2462 qum
2443 2401 2694 2446 naturam
2719 2392 3060 2448 deiicientem
3099 2395 3224 2451 cibo
3262 2403 3480 2450 susten-

205 2484 290 2554 τῷ
334 2485 449 2554 ἰδίῳ
493 2483 672 2553 θυμῷ,
706 2481 784 2552 τῷ
825 2481 966 2534 κατά
991 2480 1100 2533 τῶν
1137 2479 1706 2550 πεπλημμεληκότων,
1739 2482 1800 2534 τὺ

1903 2491 2037 2547 tant,
2070 2485 2124 2538 in
2153 2499 2253 2538 suo
2287 2501 2518 2555 corpore
2540 2485 2780 2540 admisit.

203 2577 361 2628 Θεῖον
387 2576 746 2644 ίλεωσάμενος
767 2613 782 2636 ,
822 2575 942 2626 τότε
976 2572 1191 2624 εἴδωλον
1224 2570 1553 2641 ἐξαφανίσας
1573 2587 1585 2600 ·
1631 2570 1772 2624 οὕτω
1805 2573 1966 2627 πάλιν
2002 2577 2059 2628 ἐν
2093 2577 2502 2647 τεσσαράκοντα
2527 2578 2750 2647 ἡμερῶν
2779 2575 3104 2646 προσεδρείᾳ
3129 2575 3230 2639 τὰς
3267 2576 3480 2639 πλάκας

203 2665 520 2736 κομίζεται,
549 2659 624 2719 ὧν
663 2668 698 2738 ἡ
733 2665 919 2737 Γραφῆ
961 2667 1078 2737 μὲν,
1115 2665 1179 2717 ἐκ
1209 2664 1356 2727 θείας
1385 2664 1667 2734 δυνάμεως
1707 2661 1807 2734 ἦν,
1853 2667 1886 2736 ή
1932 2667 1988 2720 δὲ
2021 2667 2119 2737 ὕλη
2165 2667 2254 2720 διά
2285 2668 2386 2738 τῆς
2435 2667 2670 2731 Μωσέως
2709 2665 2988 2737 ἐξησκήθη
3027 2665 3230 2736 χειρός.
3266 2664 3479 2730 Ταύτας

205 2761 500 2830 κομίζεται
529 2759 721 2822 πάλιν,
750 2757 917 2820 ἐκϐὰς
959 2758 1057 2828 τὴν
1095 2757 1256 2825 φύσιν
1305 2758 1364 2808 ἐν
1402 2757 1478 2827 τῷ
1527 2756 1766 2828 τοσούτῳ
1797 2759 1906 2810 τῶν
1933 2759 2154 2830 ἡμερῶν
2191 2759 2440 2830 ἀριθμῷ,
2477 2759 2632 2812 ἄλλον
2677 2759 2798 2810 τινά
2841 2757 3070 2826 τρόπον,
3103 2757 3196 2810 καὶ
3224 2757 3286 2810 ού
3338 2756 3480 2810 κατά

203 2855 306 2905 τὸν
349 2851 738 2922 νενομισμένον
785 2853 944 2922 ἡμῖν,
982 2849 1270 2920 βιοτεύων·
1327 2849 1480 2902 οὐδὲν
1508 2850 1616 2902 τῶν
1647 2851 2112 2923 ὑποστηριζόντων
2155 2852 2242 2908 διὰ
2277 2854 2377 2924 τῆς
2414 2854 2620 2924 τροφῆς
2653 2852 2712 2905 τὸ
2745 2851 2846 2921 τῆς
2871 2851 3085 2920 φύσεως
3115 2851 3269 2922 ήμῶν
3301 2849 3479 2912 ἐνδεὲς

201 2945 288 3014 τῷ
329 2946 444 3014 ἰδίῳ
484 2943 692 3014 σώματι
741 2945 1191 3015 προσδεξάμενος.

283 3037 395 3088 Καὶ
423 3035 595 3098 οὕτως
635 3035 817 3098 αὐτοῖς
852 3037 950 3106 τήν
987 3053 1044 3090 τε
1083 3037 1288 3106 σκηνὴν
1320 3037 1578 3108 ἐπήξατο,
1615 3038 1710 3092 καὶ
1738 3040 1806 3092 τά

201 3127 424 3196 νόμιμα
452 3127 829 3196 παρατίθεται,
867 3130 965 3198 τὴν
1002 3129 1332 3198 ἱερωσύνην,
1361 3131 1502 3184 κατά
1525 3133 1624 3202 τὴν
1653 3148 1806 3200 γενο-

209 3219 386 3287 μένην
411 3217 556 3286 αὐτῷ
580 3217 764 3270 θεόθεν
787 3217 1130 3270 διδασκαλίαν
1163 3222 1668 3292 καταστησάμενος.
1694 3223 1805 3276 Καὶ

207 3310 404 3378 ἐπειδὴ
429 3309 632 3370 πάντα,
666 3309 808 3362 κατά
839 3309 938 3379 τὴν
960 3309 1110 3362 θείαν
1135 3311 1430 3382 ὑφήγησιν,
1460 3311 1547 3364 διὰ
1567 3313 1666 3382 τῆς
1691 3313 1804 3365 ύλι-

209 3401 316 3470 κῆς
361 3401 726 3472 δημιουργίας
777 3403 1250 3456 κατεσκευάσατοο
1291 3404 1392 3474 τὴν
1439 3405 1676 3474 σκηνὴν,
1731 3403 1804 3457 τὰ

208 3492 558 3562 προπύλαια,
590 3493 658 3545 τά
690 3492 839 3554 ἐντὸς
886 3491 1082 3556 πάντα,
1116 3492 1184 3546 τὰ
1221 3493 1576 3564 θυμιατήρια,
1612 3493 1800 3548 θυσια-

210 3583 468 3652 στήριον,
513 3581 768 3650 λυχνίαν,
814 3583 1314 3653 παραπετάσματα.
1350 3583 1410 3636 τὸ
1447 3583 1556 3638 τῶν
1589 3584 1800 3638 ἀδύτων

209 3673 362 3731 ἐντὸς
403 3673 733 3742 ἱλαστήριον,
771 3672 861 3724 τὺν
887 3673 985 3740 τῆς
1020 3672 1318 3743 ἱερωσύνης
1351 3673 1575 3742 κόσμον,
1599 3671 1662 3724 τὸ
1693 3671 1799 3742 μῦ-

211 3782 340 3836 ρον,
383 3763 486 3826 τὰς
521 3763 807 3834 διαφόρους
863 3765 1198 3834 ἱερουργίας,
1256 3765 1326 3818 τὰ
1371 3764 1677 3833 καθάρσια,
1729 3764 1798 3816 τά

1981 3040 2070 3094 Sic
2102 3041 2266 3112 igitur
2294 3041 2401 3095 illis
2436 3039 2850 3096 tabernaculum
2896 3037 3206 3104 adificavit,
3235 3047 3291 3094 et
3343 3037 3478 3110 legis

1901 3141 2168 3202 praecepta
2200 3133 2445 3196 tradidit,
2482 3133 2782 3186 constituto
2815 3145 2914 3200 pro
2957 3129 3221 3198 inspirata
3255 3130 3358 3184 sibi
3394 3131 3480 3184 dis

1901 3226 2106 3280 vinitus
2153 3224 2405 3278 doctrina
2463 3223 2802 3280 sacerdotio;
2845 3228 2901 3275 et
2957 3230 3242 3290 postquam
3293 3221 3478 3275 omnia

1901 3324 2062 3386 prout
2101 3331 2130 3369 a
2169 3315 2278 3369 Deo
2299 3313 2539 3368 monitus
2567 3320 2704 3376 erat,
2751 3311 3016 3366 materiali
3049 3310 3266 3380 opiﬁcio
3301 3311 3478 3381 perfe-

1903 3407 1998 3470 cit,
2031 3407 2463 3469 tabernaculum,
2491 3403 2756 3460 vestibula
2785 3410 2982 3456 cuncta
3028 3401 3307 3464 interiora,
3345 3403 3476 3455 thu-

1901 3499 2100 3564 ribula,
2150 3500 2344 3560 altare,
2400 3495 2811 3560 candelabrum,
2847 3494 3001 3556 vela,
3040 3493 3475 3563 propitiatorium

1903 3589 1958 3644 in
1993 3589 2192 3660 adytis,
2225 3587 2514 3644 sacerdotii
2545 3593 2819 3650 ornatum,
2847 3585 3056 3638 varium
3081 3583 3475 3638 sacriﬁciorum

1901 3680 2144 3746 modum,
2172 3681 2338 3734 alium
2371 3679 2428 3732 in
2457 3677 2861 3748 purgationem.
2917 3676 3081 3728 alium
3137 3675 3192 3728 in
3250 3672 3476 3743 agendis

1899 3769 2112 3839 gratiis,
2143 3769 2308 3822 alium
2338 3767 2404 3820 ad
2429 3766 2722 3822 avertenda
2751 3766 2890 3818 mala
2919 3763 3278 3828 imminentia,
3307 3765 3474 3818 alium

210 3857 546 3926 χαριστήρια
567 3897 580 3917 ,
625 3857 694 3908 τά
726 3854 834 3908 τῶν
877 3857 1064 3910 κακῶν
1106 3857 1470 3928 ἀποτρόπαια,
1503 3858 1572 3910 τὰ
1596 3859 1655 3911 ἐν
1689 3859 1799 3920 τοῖς

1903 3857 1970 3912 ad
2002 3857 2270 3926 expianda
2299 3865 2557 3926 peccata;
2593 3858 2708 3909 lane
2739 3856 2922 3908 omnia
2955 3865 3238 3924 postquam
3271 3855 3476 3924 Optime

213 3947 686 4016 πλημμεληθεῖσιν
737 3948 1055 4017 ἱλεωτήρια,
1096 3949 1274 4002 πάντα
1310 3948 1446 4002 κατά
1491 3948 1582 4002 τὸν
1613 3948 1800 4002 δέοντα

208 4041 446 4111 τρόπον,
487 4043 544 4092 ἐν
587 4041 768 4102 αὐτοῖς
798 4039 1084 4106 διατάξας⁸
1129 4040 1380 4110 ἐκίνησεν
1432 4041 1488 4091 ἐν
1541 4043 1653 4103 τοῖς
1681 4041 1802 4092 ὲπι-

209 4131 448 4200 ττδδείοις
471 4131 564 4183 τὸν
598 4130 789 4198 φθόνον
821 4131 940 4183 καθ’
964 4129 1178 4193 ἑαυτοῦ,
1214 4131 1276 4182 τὸ
1309 4131 1568 4198 συγγενὲς
1600 4133 1668 4202 τῇ
1699 4131 1800 4200 φά·

212 4241 296 4276 σει
329 4222 442 4274 τῶν
481 4221 786 4293 ἀνθρώπων
815 4222 1160 4293 ἀρρώστημα
1179 4235 1193 4248 ·
1225 4221 1302 4284 ὡς
1331 4223 1425 4274 καὶ
1456 4221 1547 4274 τὸν
1591 4221 1800 4292 Ἀαρὼν

209 4319 330 4379 ταῖς
357 4318 548 4382 τιμαῖς
579 4315 676 4384 τῆς
711 4313 1013 4384 ἱερωσύνης
1039 4313 1371 4384 τιμώμενον,
1405 4315 1500 4366 καὶ
1523 4314 1618 4383 τὴν
1648 4313 1801 4367 ἀδελ-

211 4411 320 4478 φὴν
345 4407 516 4460 αὑτοῦ
564 4405 822 4478 Μαριὰμ,
857 4407 1157 4478 ζηλοτυπίᾳ
1193 4407 1298 4460 τινί⁵
1329 4407 1800 4478 γυναικωδεστέρᾳ

211 4502 348 4572 πρὸς
377 4499 478 4568 τὴν
513 4500 812 4570 γενομένην
843 4499 991 4569 αὐτῷ
1037 4500 1219 4552 θεόθεν
1257 4499 1422 4570 τιμὴν
1454 4499 1800 4570 ὑποκινηθεῖ-

211 4607 344 4655 σαν,
394 4587 730 4656 φθέγξασθαί
771 4606 824 4641 τι
871 4587 1132 4651 τοιοῦτον,
1167 4587 1252 4656 ἐφ’
1291 4583 1335 4656 ᾦ
1363 4588 1704 4660 παρεκινήθη
1738 4587 1801 4640 τὸ

207 4685 362 4732 t-isiov
404 4683 484 4742 εἰς
531 4681 630 4750 τὴν
680 4679 772 4732 τοῦ
809 4679 1278 4750 πλημμελήματος
1325 4679 1570 4732 κόλασιν.
1631 4677 1800 4731 Ἔνθα

209 4773 272 4840 δὴ
302 4773 400 4824 καὶ
437 4772 599 4824 πλέον
625 4789 676 4823 τι
711 4769 1010 4839 θαυμάζειν
1037 4771 1187 4836 ἄξιον
1215 4771 1313 4836 τῆς
1335 4769 1687 4834 ἀνεξικακίας
1709 4771 1800 4822 τὸν

211 4864 439 4924 Μωσέα,
473 4863 556 4914 ὅτι
596 4861 688 4914 τοῦ
723 4861 858 4915 Θεοῦ
885 4863 984 4932 τὴν
1009 4863 1202 4930 ἄλογον
1233 4860 1529 4931 βασκανίαν
1557 4862 1650 4914 τοῦ
1699 4879 1798 4929 γυ·-

213 4955 363 5006 ναίου
413 4953 764 5017 κολάζοντος,
798 4953 1151 5024 ἰσχυροτέραν
1183 4953 1280 5024 τὴν
1317 4953 1476 5023 φύσιν
1503 4953 1601 5021 τῆς
1632 4954 1800 5024 ὀργῆς

212 5043 617 5114 ποιησάμενος,
655 5041 745 5094 τὸν
783 5041 912 5095 Θεὸν
956 5042 1095 5113 ὑπὲρ
1127 5043 1226 5112 τῆς
1253 5042 1487 5112 ἀδελφῆς
1517 5041 1795 5096 ίλεώσατο.

211 5135 254 5186 Τ
256 5135 318 5186 οὗ
351 5135 410 5186 δὲ
439 5133 678 5203 πλήθους
701 5133 860 5186 πάλιν
893 5134 974 5197 εἰς
999 5133 1224 5198 ἀταξίαν
1255 5133 1554 5204 τραπέντος
1577 5131 1596 5201 (
1616 5135 1802 5203 ἠγεῖτο

1904 3949 2132 4018 perfecit
2177 3957 2340 4018 atque
2394 3948 2698 4008 constituit,
2733 3961 2956 4001 suorum
2995 3960 3284 4015 perpessus
3335 3945 3478 4000 invi-

1902 4039 2045 4092 diam
2076 4047 2188 4102 est,
2239 4035 2384 4106 quod
2425 4037 2612 4091 vitium
2673 4036 2926 4091 humana:
2981 4047 3188 4090 natura:
3225 4037 3474 4092 innatum

1901 4141 2006 4194 est,
2051 4131 2192 4185 sicut
2223 4139 2276 4184 et
2307 4133 2510 4194 Aaron,
2555 4129 2646 4196 qui
2687 4129 3008 4183 sacerdotali
3055 4128 3230 4182 fuerat
3267 4129 3475 4183 honore

1901 4219 2284 4288 decoratus,et
2333 4235 2492 4274 soror
2543 4219 2662 4289 ejus
2711 4218 2874 4272 Maria
2921 4221 3185 4290 zelotypia
3239 4220 3472 4290 quadam

1903 4311 2460 4371 muliebri,commota
2489 4311 2560 4365 ob
2598 4310 2835 4364 delatum
2871 4310 2946 4363 illi
3004 4311 3264 4365 honorem
3299 4326 3330 4364 a
3361 4309 3475 4365 Deo

1901 4401 2178 4472 quidpiam
2213 4403 2480 4471 prolocuti
2512 4402 2734 4464 fuerint,
2765 4417 2873 4471 quo
2905 4402 3088 4456 divina
3119 4403 3198 4456 ira
3229 4417 3473 4456 commo-

1901 4504 1958 4548 ta
1987 4495 2227 4548 velocem
2259 4495 2442 4548 intulit
2475 4495 2810 4562 punitionem
2842 4513 2854 4548 :
2895 4509 3001 4564 qua
3033 4495 3086 4547 in
3151 4509 3212 4547 re
3249 4493 3472 4547 mirabi-

1902 4586 1970 4640 lis
2003 4587 2311 4648 clementia,
2361 4585 2712 4654 inauditaque
2740 4585 3101 4638 mansuetudo
3157 4583 3326 4654 Moysi
3359 4585 3471 4638 visa

1901 4688 2006 4732 est.
2043 4675 2162 4730 Non
2199 4679 2344 4730 enim
2365 4678 2542 4731 solum
2581 4679 2754 4732 iratus
2787 4677 3045 4730 invidenti
3079 4691 3185 4730 non
3221 4675 3339 4740 fuit,
3377 4676 3472 4730 sed

1905 4767 2072 4822 Deum
2110 4769 2274 4823 etiam
2305 4770 2652 4824 orationibus
2681 4769 2857 4824 sorori
2889 4769 3182 4838 propitium
3217 4767 3470 4822 reddidit.

1901 4859 2037 4912 Cum
2064 4875 2193 4914 vero
2221 4861 2516 4916 multitudo
2547 4863 2824 4930 voluptate
2875 4865 3016 4914 victa
3067 4875 3260 4914 carnes
3311 4859 3474 4914 edere

1903 4953 2261 5014 desideraret,
2293 4954 2596 5023 meliusque
2625 4969 2686 5008 se
2729 4955 2785 5008 in
2831 4953 3068 5024 Egypto
3099 4950 3326 5014 vixisse,
3379 4949 3472 5002 ubi

1904 5045 2162 5100 carnibus
2191 5045 2524 5111 abundabat,
2560 5059 2722 5114 quam
2753 5045 2960 5100 caelesti
2990 5043 3110 5098 cibo
3155 5042 3209 5094 in
3257 5040 3474 5094 deserto

1904 5137 2246 5206 praedicaret,
2283 5145 2412 5190 tunc
2439 5137 2551 5191 Deo
2581 5135 2796 5206 Moyses
2819 5149 2930 5188 rem
2969 5131 3286 5198 commisit;
3331 5129 3474 5185 Deus

211 5227 264 5278 δὲ
317 5227 424 5294 τῆς
453 5223 836 5294 πλημμελείας
881 5226 912 5294 ή
951 5223 1059 5276 τῶν
1108 5223 1250 5278 κατὰ
1297 5223 1542 5293 γαστέρα
1596 5222 1800 5293 ἡδονῶν

1907 5241 2034 5280 vero
2061 5225 2196 5278 mira
2227 5225 2576 5279 multitudine
2614 5239 2742 5280 aves
2771 5239 2867 5292 per
2909 5223 3108 5278 stativa
3162 5219 3473 5274 Judaaorum

211 5319 474 5388 ἀμετρία,
516 5311 598 5379 οἷς
643 5317 742 5368 οὐκ
787 5317 948 5388 ἤρκει
970 5315 1032 5368 τὸ
1057 5313 1156 5386 ζῇν
1184 5314 1436 5383 ὑγιεινῶς
1463 5332 1522 5367 τε
1547 5315 1639 5368 καὶ
1665 5315 1796 5368 ἁλύ-

213 5429 328 5473 πως
355 5413 420 5462 ἐκ
449 5409 550 5478 τῆς
583 5407 791 5462 ἄνωθεν
825 5407 1186 5478 ἐπιρρεούσης
1206 5407 1412 5477 τροφῆς
1431 5421 1444 5432 ·
1479 5405 1593 5458 ἀλλ’
1627 5409 1660 5477 ή
1689 5406 1796 5460 τῶν

212 5501 434 5572 σαρκῶν
464 5499 752 5568 ἐπιθυμία,
777 5500 870 5550 καὶ
903 5501 930 5551 ὁ
952 5499 1052 5567 τῆς
1075 5497 1412 5568 κρεωϐορίας
1438 5495 1597 5558 πόθος
1649 5515 1797 5568 προ-

219 5593 510 5662 τιμοτέραν
547 5589 722 5643 ἐποίει
752 5589 857 5642 τῶν
903 5589 1191 5659 παρόντων
1230 5587 1414 5647 αὐτοῖς
1447 5587 1666 5654 ἀγαθῶν
1696 5587 1794 5656 τὴν

212 5686 340 5740 καθ’
387 5683 710 5745 Αἰγυπτίοις
747 5681 1046 5750 δουλείαν),
1080 5683 1108 5732 ὁ
1138 5679 1236 5750 μὲν
1265 5677 1534 5732 κοινοῦται
1565 5679 1640 5748 τῷ
1674 5679 1794 5748 θεῷ

1901 5318 2362 5372 circumvolantes
2389 5319 2650 5388 gregatim
2687 5317 2766 5372 sic
2800 5316 3046 5380 immisit,
3081 5321 3140 5368 ut
3181 5313 3472 5382 aucupium

1900 5416 2044 5462 esset
2077 5407 2418 5462 facillimum.
2445 5408 2686 5474 Quarum
2723 5406 2970 5460 carnium
3001 5406 3228 5458 nimium
3262 5403 3473 5471 repleti,

1901 5499 1955 5551 in
1992 5500 2213 5554 morbos
2249 5497 2592 5562 deciderunt,
2658 5498 2964 5566 mortuique
2999 5513 3107 5550 non
3144 5496 3300 5564 pauci
3352 5493 3474 5546 fue-

1899 5599 2028 5644 runt
2055 5609 2066 5644 :
2103 5607 2225 5658 quae
2261 5605 2350 5644 res
2381 5590 2618 5644 residuis
2645 5589 2894 5656 exemplo
2918 5587 2983 5641 ad
3010 5585 3328 5640 modestiam
3349 5583 3474 5637 fuit.

1901 5679 2292 5750 Exploratores
2323 5680 2519 5735 deinde
2559 5679 2626 5734 ad
2661 5678 3042 5749 premissionis
3098 5685 3294 5732 terram
3349 5674 3477 5730 mit-
