3886 6214
441 276 548 329 3'25

1687 269 1744 324 S.
1785 269 2115 328 GREGORII
2156 273 2446 328 NYSSENI

3583 279 3692 337 εει

439 395 650 450 tuntur,
676 385 769 455 qui
801 385 1002 441 reversi
1065 399 1174 438 non
1236 383 1378 439 idem
1433 400 1644 453 omnes,
1711 389 1804 441 sed
1861 390 2004 442 multi

2123 392 2250 461 περὶ
2297 391 2392 442 τοῦ
2445 390 2895 460 κατασκήψαντος
2947 393 3004 445 ἐν
3054 394 3237 457 αὐτοῖς
3288 394 3529 458 πάθους·
3566 397 3595 451 6
3635 397 3692 451 δέ

437 493 577 547 pene
635 477 1028 547 impossibilem‘
1079 492 1203 532 esse
1250 477 1537 531 transitum
1595 479 2007 533 nuntiaverunt.

440 568 594 624 lJnde
627 585 820 624 rursus
847 569 1136 623 multitudo
1159 569 1422 624 adversus
1465 569 1683 640 Moysen
1734 580 2009 624 commota

389 675 392 678 ’
439 662 560 728 fuit,
591 663 858 730 multique
879 661 1242 730 dcsperarunt
1268 677 1327 715 se
1348 675 1504 729 posse
1529 662 1659 715 illuc
1685 665 1970 732 pervenire
1993 680 2008 718 :

434 754 528 821 qui
582 767 772 807 omnes
822 753 1008 806 divino
1043 751 1253 820 judicio
1313 750 1678 816 condemnati,
1734 767 1797 806 ea
1849 767 2010 821 poena

437 845 686 898 mulctati
735 851 882 906 sunt,
936 851 995 895 ut
1031 842 1358 911 promissam
1418 843 1522 897 sibi
1573 845 1850 912 regionem
1901 859 2011 898 non

435 938 706 992 viderent.
732 934 1150 988 Proﬁciscentes
1188 945 1368 987 autem
1411 926 1854 1003 per'desertum,
1886 952 2009 990 cum

436 1044 630 1083 rursus
659 1043 814 1096 aqua:
848 1028 1074 1094 penuria
1106 1036 1506 1095 premerentur,
1543 1044 1646 1081 nec
1693 1030 1861 1082 ullam
1913 1031 2012 1084 mi-

437 1122 749 1174 raculorum
788 1118 880 1172 Dei
933 1124 1182 1172 tenerent
1216 1119 1559 1182 memoriam,
1597 1129 1710 1172 tum
1749 1121 2011 1176 adversus

434 1211 660 1282 Moysen
695 1210 859 1278 impie
888 1207 1344 1263 conclamabant:
1401 1209 1482 1263 sic
1511 1217 1570 1262 ut
1610 1209 1823 1280 Moyses
1877 1228 2012 1281 quo-

434 1312 543 1371 que
569 1301 721 1356 viSus
755 1298 922 1352 fuerit
953 1312 1062 1351 una
1088 1311 1214 1351 cum
1251 1297 1434 1365 populi
1483 1296 1862 1353 incredulitate
1906 1303 2010 1352 im-

437 1394 668 1463 pegisse.
709 1389 1090 1445 Verumtamen
1122 1402 1186 1441 ex
1219 1396 1500 1442 acrotomo
1545 1388 1638 1441 illo
1683 1388 1859 1458 lapide
1887 1405 2012 1442 rur-

435 1499 533 1540 sus
564 1484 740 1535 fontes
797 1493 1062 1548 aquarum
1130 1477 1268 1532 mire
1326 1477 1601 1546 produxit.
1645 1476 1779 1530 Cum
1829 1488 2008 1533 autem

435 1587 632 1626 rursus
665 1571 775 1623 illis
800 1569 1048 1622 ciborum
1076 1567 1328 1636 voluptas
1373 1567 1510 1636 gula:
1537 1567 1888 1636 cupiditatem
1917 1583 2011 1621 ex-

435 1664 681 1723 citasset,
734 1669 791 1714 et
845 1659 1010 1714 nullis
1041 1658 1208 1713 rebus
1261 1658 1327 1712 ad
1381 1659 1549 1711 vitam
1593 1658 2007 1712 sustentandam

2112 480 2388 541 παιδεύει,
2420 479 2481 532 τὸ
2509 481 2582 549 μὴ
2611 481 2720 534 δεῖν
2745 482 2916 546 οὕτως
2947 482 3110 552 ἔχειν,
3141 484 3229 537 διά
3261 485 3353 537 τοῦ
3381 486 3564 539 δοῦναι
3595 507 3688 541 το-

2112 573 2232 638 χεῖν
2263 565 2339 624 ὧν
2365 573 2598 640 ἐφίεντο,
2628 572 2828 644 ὀρνέων
2855 591 2906 627 τι
2933 575 3158 644 πλῆθος,
3191 577 3478 646 πρόσγειον
3508 596 3692 631 ποιου-

2115 661 2288 729 μένων
2333 661 2430 731 τὴν
2469 662 2688 732 πτῆσιν,
2725 664 2875 732 ἐφεὶς
2918 664 2995 734 τῷ
3041 667 3383 736 στρατοπέδῳ
3421 669 3653 738 νεφηδον
3677 709 3691 724 .

2112 751 2206 804 καὶ
2234 753 2356 805 κατ’
2404 753 2603 820 ἀγέλας
2640 754 3006 820 ἐφίπτασθαι,
3046 759 3131 824 ἐφ’
3175 750 3250 809 ὧν
3277 759 3308 828 η
3335 759 3556 810 εὐκολία
3595 761 3692 828 τῆς

2110 843 2318 913 ἄγρας,
2356 846 2437 906 είς
2468 846 2628 915 κόρον
2666 847 2764 916 τὴν
2799 848 2976 917 κρεῶν
3008 849 3304 918 ἐπιθυμίαν
3352 854 3688 921 προήγαγεν.

2123 935 2184 986 Ἠ
2222 935 2278 987 δὲ
2310 935 2542 1005 ἀμετρία
2575 937 2672 1006 τῆς
2703 936 2956 1006 βρώσεως
2989 938 3202 1009 ἀθρόως
3234 941 3418 1004 αὐτοῖς
3447 941 3546 1004 τὰς
3579 942 3690 992 τῶν

2112 1024 2376 1091 σωμάτων
2431 1023 2654 1094 κράσεις
2707 1027 2787 1088 εἱς
2869 1027 3226 1097 φθοροποιοὺς
3289 1032 3498 1098 χυμοὺς
3558 1048 3689 1100 μετ-

2110 1112 2398 1177 εσκεύασε,
2431 1115 2525 1166 καὶ
2547 1115 2578 1184 ἡ
2615 1113 2896 1186 πλησμονὴ
2926 1117 3106 1179 αὑτοῖς
3133 1120 3211 1181 είς
3236 1119 3388 1171 νόσον
3411 1121 3503 1173 καὶ
3527 1120 3692 1172 θάνα-

2111 1219 2200 1254 τον
2231 1201 2417 1272 ἔληξεν
2437 1243 2451 1264 ,
2484 1197 2560 1256 ὧν
2588 1204 2649 1255 τὸ
2686 1205 2990 1276 ὑπόδειγμα
3021 1208 3201 1270 αὑτοῖς
3226 1227 3286 1262 τε
3318 1210 3565 1273 ἐκείνοις,
3593 1212 3692 1263 καὶ

2109 1295 2220 1356 τοῖς
2247 1294 2383 1363 πρὸς
2425 1293 2668 1357 ἐκείνους
2695 1296 2928 1366 ὁρῶσιν,
2963 1298 3141 1352 ἰκανὸν
3171 1301 3306 1370 πρὸς
3333 1304 3689 1373 σωφροσύνην

2109 1385 2344 1452 ἐγένετο.
2377 1381 2513 1438 Εἶτα
2546 1389 2880 1442 κατάσκοποι
2912 1392 3041 1461 παρ’
3065 1392 3228 1445 αὑτοῦ
3255 1393 3563 1464 πέμπονται
3587 1396 3692 1465 τῆς

2109 1474 2289 1546 χώρας
2319 1477 2563 1555 ἐκείνης,
2605 1479 2638 1548 ἢ
2687 1479 2828 1532 κατὰ
2870 1480 3019 1534 Θείαν
3049 1484 3230 1546 αὑτοῖς
3259 1486 3590 1553 ἐπαγγελίαν
3619 1489 3681 1538 ἐν

2110 1564 2315 1618 ἐλπίσιν
2370 1561 2439 1637 ῆν
2495 1569 2595 1637 τῆς
2639 1570 2924 1640 οἰκήσεως.
2981 1571 3198 1628 Τούτων
3241 1576 3297 1628 δὲ
3345 1577 3418 1647 μὴ
3467 1581 3691 1631 πάντων

2110 1656 2316 1725 τάληθῆ
2365 1659 2868 1727 καταγγειλάντων,
2917 1664 3052 1718 ἀλλά
3093 1683 3254 1720 τινων
3303 1669 3371 1722 τά
3397 1670 3566 1740 ψευδῆ
3591 1672 3691 1723 καὶ

435 1752 762 1808 necessariis
791 1751 1057 1814 destituti,
1107 1749 1458 1820 IEgyptiacas
1506 1750 1697 1818 epulas
1745 1750 2003 1818 expetiis-

2115 1748 2412 1818 σκυθρωπά
2472 1754 2859 1821 μηνυσάντων,
2919 1758 3081 1811 πάλιν
3140 1762 3168 1812 6
3213 1762 3339 1824 λαὸς
3392 1731 3460 1814 δι’
3516 1731 3691 1835 ὀργῆς

435 1853 578 1907 sent,
608 1859 759 1897 more
775 1843 1037 1912 juvenum
1073 1841 1379 1910 petulanter
1405 1855 1464 1896 se
1497 1840 1802 1910 gerentium
1829 1838 2008 1910 ﬂagel-

436 1938 503 1990 lis
548 1935 904 2004 castigantur.
953 1932 1321 1997 Quamobrem
1384 1939 1664 2000 serpentes
1715 1934 2006 1988 venenosis

435 2025 710 2080 morsibus
740 2023 1006 2078 divinitus
1035 2021 1116 2076 eis
1145 2021 1377 2076 immissi
1405 2039 1417 2074 :
1441 2036 1676 2090 cumque
1696 2021 1880 2089 plures
1902 2021 2005 2078 hoc

435 2115 597 2171 modo
620 2115 674 2168 in
700 2114 817 2169 dies
841 2110 1300 2183 perirent-,divino
1326 2110 1490 2164 nixus
1508 2109 1758 2174 consilio,
1775 2108 2007 2179 Moyses,

433 2220 510 2260 aes
539 2206 597 2258 in
635 2206 908 2276 serpentis
932 2202 1179 2258 confudit
1215 2203 1466 2273 ﬁguram,
1502 2216 1666 2270 quam
1699 2202 1755 2255 in
1799 2203 2009 2256 tumulo

431 2299 666 2368 quodam
693 2297 951 2366 imposuit
975 2314 988 2350 :
1008 2295 1375 2364 jussitque,ut
1401 2293 1713 2362 quicunque
1741 2294 2008 2362 serpentis

434 2405 618 2445 morsu
648 2389 985 2451 laborarent,
1024 2387 1078 2440 in
1104 2396 1306 2440 aereum
1343 2394 1647 2454 serpentem
1675 2385 2006 2454 aspicerent,

433 2493 595 2550 atque
623 2481 698 2533 ita
732 2479 1052 2549 pestiferum
1085 2493 1153 2532 ex
1187 2491 1376 2533 morsu
1409 2487 1724 2546 serpentum
1756 2478 2004 2531 morbum

433 2569 660 2640 fugavit.
689 2569 1126 2623 lmmittebantur
1157 2570 1304 2624 enim
1328 2584 1396 2623 ex
1421 2567 1544 2621 visu
1577 2567 1734 2636 quasi
1758 2567 2005 2621 antidota

431 2661 679 2731 quadam
710 2661 766 2714 in
795 2675 1016 2730 corpus,
1043 2660 1186 2729 quod
1218 2658 1554 2728 serpentium
1592 2672 1798 2711 venena
1841 2657 2008 2710 imbe-

432 2752 643 2806 cilliora
677 2749 960 2815 reddebat,
991 2765 1154 2819 quam
1190 2758 1247 2803 ut
1297 2754 1523 2820 possent
1571 2745 1822 2800 homines
1859 2746 2006 2799 occi-

433 2845 582 2898 dere.

2112 1842 2345 1892 ἐποιεῖτο
2387 1841 2478 1895 τὸν
2521 1844 2745 1898 Μωσέα.
2797 1846 2853 1900 '0
2879 1848 2936 1901 δὲ
2965 1849 3096 1913 Θεδς
3121 1853 3245 1915 τοὺς
3280 1855 3690 1918 ἀπελπίσαντας

2109 1929 2208 2000 τὴν
2231 1930 2383 1984 θείαν
2428 1934 2762 2003 συμμαχίαν,
2791 1936 2852 1989 τὸ
2883 1939 2956 2009 μὴ
2983 1941 3110 1993 ἰδεῖν
3134 1941 3231 2013 τὴν
3265 1945 3690 2015 ἐπηγγελμένην

2110 2022 2294 2085 αὑτοῖς
2339 2023 2552 2094 χώραν,
2591 2027 2960 2092 καταδικάζει.
3010 2033 3310 2102 Προῖόντων
3360 2036 3413 2087 δὲ
3463 2037 3554 2088 διὰ
3587 2039 3690 2106 τῆς

2114 2112 2345 2180 ἐρήμου,
2368 2113 2526 2166 πάλιν
2555 2116 2737 2180 αὐτοῖς
2761 2119 3100 2185 ἐπιλιπόντος
3128 2123 3220 2176 τοῦ
3255 2124 3470 2190 ὓδατος,
3510 2129 3606 2180 καὶ
3656 2132 3687 2199 ἡ

2117 2204 2303 2273 μνήμη
2347 2203 2447 2273 τῆς
2459 2205 2594 2269 ⁴ζτοῦ
2641 2208 2777 2261 Θεοῦ
2822 2210 3102 2282 δυνάμεως
3155 2217 3552 2285 συνεπέλειψεν.
3613 2221 3687 2272 05

2114 2292 2221 2362 γάρ
2261 2291 2340 2362 τῷ
2381 2295 2702 2364 προλαϐόντι
2745 2300 2898 2369 παρά
2944 2301 3042 2372 τὴν
3073 2303 3278 2374 πέτραν
3324 2305 3600 2376 θαύματι,
3631 2308 3686 2360 τὺ

2118 2384 2252 2453 μηδὲ
2289 2384 2384 2437 νῦν
2435 2388 2617 2452 αὐτοῖς
2659 2389 2906 2461 ἐνδεῆσαι
2943 2393 3042 2463 τὴν
3090 2396 3278 2465 χρείαν
3325 2398 3681 2453 ἐπίστευσαν·

2115 2473 2230 2526 ἀλλ’
2274 2474 2608 2540 ἀποστάντες
2659 2479 2768 2532 τῶν
2819 2484 3196 2554 χρηστοτέρων
3253 2486 3520 2553 ἐλπίδων,
3570 2492 3682 2542 κατ’

2108 2563 2271 2617 αὑτοῦ
2293 2565 2386 2618 τοῦ
2412 2566 2548 2620 Θεοῦ
2577 2570 2670 2622 καὶ
2693 2571 2786 2623 τοῦ
2824 2573 3065 2637 Μωσέως
3087 2580 3206 2639 ταῖς
3235 2577 3523 2650 λοιδορίαις
3554 2581 3684 2650 ἐχώ-

2111 2673 2240 2726 ρουν
2261 2673 2274 2686 ·
2308 2656 2385 2720 ὡς
2423 2660 2518 2713 καὶ
2542 2661 2634 2713 τὸν
2658 2663 2862 2717 Μωσέα
2890 2663 3039 2729 δόξαι
3070 2671 3136 2739 τῇ
3176 2669 3401 2742 ἀπιστίᾳ
3425 2672 3522 2723 τοῦ
3558 2673 3682 2725 λαοῦ

2111 2747 2469 2813 συνοκλάσαι,
2504 2752 2644 2824 πλὴν
2669 2754 2829 2808 πάλιν
2865 2757 3046 2821 αὐτοῖς
3087 2759 3565 2832 θαυματοποιῆσαι
3595 2765 3683 2833 τὴν

2111 2837 2410 2908 ἀκρότομον
2453 2843 2668 2914 ἐκείνην
2718 2846 2925 2916 πέτραν
2959 2850 3038 2913 είς
3076 2851 3284 2904 ὑδάτων
3322 2853 3483 2921 φύσιν
3519 2871 3684 2924 μετα-

433 2926 680 2988 ϐαλόντα.
740 2933 827 2995 Ὣς
870 2931 928 2985 δέ
961 2933 1122 2987 πάλιν
1165 2931 1346 2994 αὑτοῖς
1390 2932 1423 3000 ἡ
1473 2926 1887 2999 ἀνδραποδώδης
1941 2927 2051 2980 τῶν
2091 2927 2366 2998 ἐδωδίμων
2411 2932 2574 3005 ἡδονὴ
2621 2936 2718 3008 τὴν
2758 2937 3052 3006 ἐπιθυμίαν
3105 2943 3202 3012 τῆς
3246 2948 3685 3016 γαστριμαργίας

433 3023 724 3093 ἐπήγειρε,
751 3024 844 3076 καὶ
889 3021 996 3074 τῶν
1046 3020 1183 3092 πρὸς
1221 3020 1317 3089 τὴν
1348 3019 1492 3089 ζωὴν
1537 3019 1847 3086 ἀναγκαίων
1885 3017 2096 3078 οὐδενὸς
2130 3017 2541 3090 ὑστερούμενοι,
2583 3025 2674 3080 τὸν
2722 3029 3017 3096 Αίγύπτιον
3063 3033 3224 3104 κόρον
3259 3036 3684 3107 ὠνειροπόλουνο

433 3115 575 3168 κατά
620 3114 744 3176 τοὺς
797 3109 1161 3174 ἀτακτοῦντας
1201 3110 1310 3163 τῶν
1360 3111 1529 3172 νέων,
1573 3109 1953 3178 σφοδροτέραις
2004 3107 2474 3177 παιδαγωγοῦνται
2507 3119 2627 3180 ταῖς
2661 3120 2930 3189 μάστιξιν,
2967 3124 3137 3193 ὄφεων
3181 3127 3362 3190 αὑτοῖς
3401 3130 3547 3182 κατὰ
3596 3111 3686 3204 τὴν

435 3205 783 3276 παρεμϐολὴν
829 3202 1202 3273 θανατηφόρον
1250 3201 1324 3254 ἱὸν
1365 3201 1734 3272 ἐμϐαλλόντων
1763 3200 1851 3252 διά
1897 3197 1989 3251 τοῦ
2034 3198 2331 3269 δήγματος.
2368 3206 2698 3279 Ἐπαλλήλου
2727 3212 2783 3265 δέ
2814 3217 3102 3286 γινομένης
3135 3219 3199 3271 ἐκ
3227 3219 3332 3273 τῶν
3360 3220 3570 3292 θηρίων
3597 3197 3686 3291 τῆς

433 3300 725 3362 πτώσεως,
754 3299 874 3368 θείᾳ
909 3297 1182 3368 συμὸουλῇ
1225 3295 1601 3367 παρορμηθεὶς
1638 3297 1667 3349 6
1698 3293 2014 3365 νομοθέτης,
2049 3294 2248 3362 χαλκὸν
2296 3299 2351 3350 ἐν
2401 3302 2702 3374 ὁμοιώματι
2745 3307 2921 3376 ὄφεως
2943 3310 3093 3378 χέας,
3133 3312 3567 3382 ὑπερφαίνεσθαι
3599 3319 3685 3371 τοῦ

435 3389 790 3464 στρατοπέδου
823 3387 1046 3450 παντὸς,
1079 3387 1175 3439 ἐπί
1203 3403 1343 3450 τινος
1378 3384 1563 3456 ὕψους,
1601 3385 1849 3454 ἐποίησε·
1886 3385 1978 3437 καὶ
2009 3383 2180 3448 οὕτως
2225 3385 2450 3458 ἔστησεν
2491 3394 2549 3446 ἐν
2596 3395 2674 3465 τῷ
2701 3396 2814 3467 λαῷ
2839 3399 2936 3470 τὴν
2965 3402 3028 3452 ἐκ
3071 3402 3178 3455 τῶν
3219 3404 3420 3475 θηρίων
3457 3406 3686 3476 φθοράν.

441 3490 505 3538 ,υ
537 3485 644 3555 γὰρ
665 3483 798 3555 πρὸς
819 3482 914 3553 τὴν
939 3481 1120 3534 εἰκόνα
1145 3482 1237 3533 τοῦ
1267 3482 1442 3549 ὄφεως
1473 3481 1571 3552 τὴν
1610 3483 1667 3534 ἐν
1699 3481 1777 3550 τῷ
1806 3479 1990 3550 χαλκῷ
2027 3478 2267 3550 βλέπων,
2297 3486 2447 3539 οὐδὲν
2487 3489 2741 3546 ἐδεδοίκει
2773 3494 2867 3548 τοῦ
2905 3496 3071 3561 ὅντως
3105 3498 3278 3568 ὄφεως
3308 3500 3400 3553 τοῦ
3428 3502 3689 3557 ἀληθινοῦ

432 3581 493 3635 τὸ
523 3581 705 3650 δῆγμα
722 3619 738 3645 ,
783 3578 842 3645 ἐξ
875 3577 1222 3640 ἀντιπαθείας
1255 3579 1394 3642 τινὸς
1442 3580 1751 3648 ἀπορρήτου
1787 3578 1886 3648 τῆς
1923 3577 2096 3646 ὂψεως
2126 3578 2218 3631 τὸν
2263 3581 2339 3634 ἱὸν
2370 3583 2769 3661 ἀμϐλυνούσης.

506 3673 722 3727 Rursus
756 3672 956 3742 populo
985 3673 1040 3726 in
1095 3687 1218 3726 eum
1250 3671 1514 3726 seditione
1565 3673 1900 3740 insurgente,
1933 3685 1996 3723 ac

2169 3673 2339 3727 Πάλιν
2363 3677 2510 3748 αὑτῷ
2534 3683 2660 3751 περὶ
2687 3683 2788 3752 τῆς
2830 3686 3128 3756 ἡγεμονίας
3168 3689 3599 3753 ἐπαναστάσεως
3629 3694 3691 3744 ἐκ

434 3766 715 3821 nonnullis
741 3767 794 3818 in
825 3769 1034 3835 seipsos
1065 3762 1365 3819 transferre
1403 3765 1796 3820 sacerdotalem
1825 3763 2004 3832 digni-

434 3867 600 3912 tatem
636 3856 980 3918 conantibus.
1021 3855 1234 3928 Moyses
1260 3857 1479 3926 quidem
1512 3871 1610 3924 pro
1641 3854 1997 3925 peccantibus

432 3950 661 4002 orabat:
693 3947 834 4002 Deus
863 3964 994 4002 vero
1013 3965 1121 4002 non
1148 3957 1208 4001 ut
1231 3949 1320 4002 ille
1345 3950 1560 4011 orabat,
1585 3949 1679 4002 sed
1709 3959 1764 3999 ut
1791 3947 2000 4014 justum

432 4047 572 4101 erat,
613 4039 760 4092 hiatu
793 4050 954 4093 terra:
980 4054 1171 4094 omnes
1201 4039 1518 4101 seditiosos.
1548 4039 1640 4108 qui
1694 4038 1747 4091 in
1779 4036 2002 4106 Moysen

433 4131 869 4196 insurrexerunt,
899 4132 1193 4201 absorpsit.
1226 4130 1330 4196 Qui
1364 4138 1546 4186 autem
1583 4129 1874 4185 sacerdotii
1905 4144 2002 4180 cu-

431 4222 656 4292 piditate
682 4231 1026 4287 exarserant,
1072 4224 1196 4293 igne
1235 4223 1460 4278 cremati
1513 4223 1734 4276 circiter
1781 4221 2002 4275 ducenti

431 4325 486 4369 et
511 4313 935 4383 quinquaginta,
965 4315 1213 4383 exemplo
1244 4330 1346 4369 suo
1373 4323 1602 4369 caeteros
1623 4314 1851 4366 tribules
1875 4328 2004 4367 suos

432 4406 499 4458 ad
534 4418 721 4458 sanam
757 4412 991 4458 mentem
1042 4407 1396 4460 reduxerunt.
1448 4404 1647 4459 Verum
1709 4416 1770 4458 ut
1815 4404 2002 4457 crede-

433 4505 554 4552 rent
598 4510 708 4550 non
733 4494 802 4547 ab
828 4497 1165 4562 hominibus,
1204 4497 1297 4550 sed
1324 4513 1355 4551 a
1395 4495 1504 4551 Deo
1541 4496 1834 4551 sacerdotii
1877 4511 2003 4564 gra-

433 4596 560 4648 tiam
594 4591 842 4654 concedi,
887 4591 1060 4660 virga,
1107 4587 1304 4643 litteris
1331 4603 1361 4640 a
1391 4604 1501 4658 quo
1529 4596 1675 4642 esset
1719 4587 1898 4640 oblata
1929 4588 2006 4641 si-

429 4685 844 4757 gniﬁcantibus,
875 4702 971 4756 per
1003 4685 1447 4754 unamquamque
1495 4684 1696 4738 tribum
1721 4691 2001 4752 assumpta

427 4787 534 4844 est,
577 4795 713 4850 quas
745 4783 797 4834 in
825 4779 1026 4848 templo
1051 4777 1266 4848 Moyses
1305 4773 1598 4845 apposuit:
1659 4789 1723 4828 ac
1781 4783 2003 4842 postero

428 4871 518 4926 die
546 4872 872 4926 sententiam
902 4870 970 4924 de
993 4867 1300 4924 sacerdotio
1323 4867 1419 4920 Dei
1448 4865 1702 4920 omnibus
1729 4865 1998 4919 ostendit:

2101 3761 2194 3813 τοῦ
2214 3763 2344 3817 λαοῦ
2368 3770 2685 3840 γενομένης,
2714 3773 2808 3825 καὶ
2831 3774 2990 3826 τινῶν
3015 3776 3112 3846 τὴν
3134 3775 3430 3846 ἱερωσύνην
3451 3779 3531 3838 είς
3559 3780 3691 3831 ἐαυ-

2101 3850 2226 3912 τοὺς
2251 3856 2587 3927 μεταστῆσαι
2620 3858 2974 3930 βιαζομένων
3006 3863 3034 3913 6
3074 3864 3172 3933 μὲν
3217 3865 3398 3934 ἱκέτης
3423 3865 3516 3917 τοῦ
3549 3867 3690 3920 Θεοῦ

2103 3940 2232 4008 περὶ
2263 3941 2370 3996 τῶν
2397 3943 2880 4018 ἐξαμαρτανόντων
2914 3953 3142 4021 ἐγίνετο·
3177 3955 3238 4008 τὸ
3270 3956 3325 4008 δὲ
3357 3956 3566 4010 δίκαιον
3589 3960 3690 4028 τῆς

2101 4032 2196 4084 τοῦ
2222 4033 2354 4087 Θεοῦ
2384 4038 2634 4110 κρίσεως,
2661 4042 2761 4112 τῆς
2789 4044 2883 4096 τοῦ
2904 4046 3145 4109 Μωσέως
3174 4048 3310 4118 πρὸς
3328 4049 3389 4100 τὸ
3409 4051 3690 4118 ὁμόφυλον

2105 4128 2447 4196 συμπαθείας
2473 4132 2815 4205 ἰσχυρότερον
2835 4133 2921 4208 ἦν.
2947 4139 3147 4209 Χάσμα
3172 4158 3223 4193 τι
3258 4141 3366 4212 γάρ
3394 4145 3427 4212 ὴ
3467 4144 3540 4212 γῆ
3567 4145 3689 4196 δια-

2106 4219 2336 4288 σχοῦσα,
2372 4222 2499 4294 θείῳ
2526 4225 2821 4296 θελήματι,
2871 4230 3028 4284 πάλιν
3068 4234 3203 4301 πρὸς
3251 4235 3448 4305 ἑαυτὴν
3479 4238 3692 4305 συμπί-

2105 4327 2248 4370 πτει,
2278 4312 2422 4365 ἔνδον
2452 4316 2789 4371 ὑπολαϐοῦσα
2807 4325 3070 4389 παγγενεὶ
3088 4327 3294 4388 πάντας
3314 4328 3517 4398 τοῦςτῇ
3540 4331 3686 4400 ἀρχῇ

2101 4401 2196 4454 τοῦ
2221 4405 2462 4469 Μωσέως
2494 4409 2925 4481 ἀντεπάραντας.
2945 4416 3006 4466 Οἱ
3025 4415 3080 4468 δὲ
3105 4418 3232 4486 περὶ⁹
3259 4417 3356 4488 τὴν
3383 4419 3689 4492 ἱερωσύνην

2103 4493 2489 4566 λυσσήσαντες,
2525 4502 2655 4571 πυρὶ
2679 4505 3110 4574 καταφλεγέντες
3141 4511 3268 4580 περὶ
3296 4511 3609 4576 διακοσίους
3626 4533 3686 4566 τε

2105 4585 2201 4636 καὶ
2262 4591 2616 4658 πεντήκοντα,
2657 4593 2736 4663 τῷ
2774 4594 2894 4647 καθ’
2949 4598 3174 4660 ἑαυτοὺς
3225 4599 3387 4652 πάθει
3423 4605 3690 4673 σωφρονί-

2103 4672 2256 4738 ζουσι
2295 4678 2356 4730 τὸ
2399 4683 2688 4751 ὁμόφυλον.
2749 4688 2839 4749 Ὠς
2876 4687 2921 4739 δ’
2970 4688 3036 4740 ἂν
3073 4689 3272 4759 μᾶλλον
3324 4672 3606 4745 πεισθεῖεν
3634 4697 3686 4746 οἱ
3751 4749 3756 4760 ,

2103 4767 2380 4840 ἄνθρωποι
2399 4811 2415 4835 ,
2441 4773 2624 4828 θεόθεν
2643 4773 3056 4847 παραγίνεσθαι
3085 4783 3190 4853 τῆς
3237 4783 3544 4854 ἱερωσύνης
3587 4785 3690 4856 τὴν

2103 4862 2263 4931 χάριν
2302 4866 2413 4928 τοῖς
2446 4865 2816 4937 ἀξιουμένοις,
2867 4873 3092 4942 ῥάϐδους
3137 4874 3196 4939 ἐξ
3237 4875 3477 4945 ἑκάστης
3508 4875 3690 4945 φυλῆς

429 4965 544 5018 sola
573 4965 718 5018 enim
753 4964 932 5016 Aaron
987 4960 1142 5030 virga
1183 4959 1388 5045 ﬂoruit,
1427 4957 1779 5026 fructumque
1809 4956 1998 5011 edidit.

2109 4955 2258 5058 παρά
2297 4955 2404 5008 τῶν
2453 4957 2744 5028 ἐξεχόντων
2793 4963 3116 5032 κομίζεται,
3170 4966 3501 5036 γράμμασιν
3552 4969 3688 5021 ίδίου

426 5054 547 5108 Nux
585 5063 765 5109 autem
798 5061 912 5108 erat
943 5051 1178 5105 fructus.
1228 5049 1384 5115 Quod
1423 5050 1641 5118 quidem
1673 5049 1995 5102 miraculum

427 5148 591 5200 etiam
621 5146 930 5199 inﬁdelibus
959 5144 1254 5196 maximum
1283 5144 1526 5196 omnium
1554 5142 1730 5198 visum
1760 5150 1866 5204 cst,
1891 5149 2000 5195 stu-

429 5237 685 5304 pentibus
732 5237 942 5290 scilicet
997 5235 1271 5303 quomodo
1326 5233 1530 5287 siccum
1580 5248 1643 5285 ac
1693 5233 1999 5298 lmvigatum

430 5328 661 5393 lignum,
694 5337 802 5380 tam
832 5341 1000 5396 parvo
1024 5325 1286 5396 temporis
1315 5325 1489 5394 spatio
1511 5324 1724 5379 arboris
1747 5332 1998 5377 naturam

431 5418 672 5485 suscepit
722 5425 885 5486 atque
921 5417 1171 5486 perfecit.
1221 5415 1358 5471 Nam
1418 5430 1519 5484 pro
1558 5416 1763 5485 uligine
1817 5423 1998 5477 terrae.

431 5525 529 5578 pro
557 5511 784 5575 cortice,
817 5525 910 5577 pro
973 5509 1224 5572 humore,
1267 5523 1365 5578 pro
1400 5508 1678 5562 radicibus
1725 5515 1780 5561 et
1832 5509 2000 5562 ramis

430 5598 612 5651 divina
631 5599 804 5652 virtus
824 5600 871 5651 ei
905 5599 1138 5653 suliecit.
1172 5597 1507 5652 Procedebat
1539 5595 1738 5651 deinde
1768 5597 2000 5650 ulterius

431 5703 554 5742 cum
584 5690 785 5758 populo
814 5689 1046 5761 Moyses,
1076 5691 1356 5761 edixitque
1385 5691 1591 5762 regiam
1621 5691 1640 5760 (
1668 5697 1727 5744 ut
1759 5688 1997 5760 dicitur)

2109 5045 2338 5098 ἑκάστου
2373 5052 2906 5122 κατασημηναμένου
2938 5053 3033 5106 τοῦ
3060 5054 3376 5118 δεδωκότος,
3410 5059 3470 5109 ἐν
3494 5053 3589 5122 αἷς
3615 5056 3689 5129 ἦν

2101 5140 2260 5208 καὶή
2301 5140 2508 5209 Ἀαρὼν
2561 5141 2654 5194 τοῦ
2700 5144 2909 5213 ἱερέως.
2960 5146 3177 5208 Ταύτας
3207 5147 3263 5199 δὲ
3299 5149 3563 5218 προσθεὶς
3607 5153 3690 5224 τῷ

2100 5229 2234 5300 ναῷ,
2261 5231 2352 5284 διὰ
2372 5233 2576 5288 τούτων
2606 5239 2830 5307 φανεροῖ
2852 5236 2930 5307 τῷ
2961 5237 3078 5306 λαῷ
3107 5239 3204 5309 τὴν
3242 5243 3368 5310 περὶ
3398 5243 3498 5310 τῆς
3525 5244 3690 5314 ἱερωο

2104 5321 2266 5393 σύνης
2294 5323 2388 5376 τοῦ
2425 5325 2560 5376 Θεοῦ
2592 5327 2791 5394 ψῆφον.
2827 5330 2976 5399 Μόνη
3008 5329 3118 5400 γὰρ
3159 5332 3223 5383 ἐκ
3267 5333 3457 5384 πασῶν
3507 5337 3541 5403 ἡ
3587 5335 3686 5387 τοῦ

2114 5413 2321 5484 Ἀαρὼν
2352 5415 2542 5485 ῥάϐδος
2573 5417 2805 5488 ἐϐλάστη
2815 5435 2894 5484 σε,
2923 5422 3016 5472 καὶ
3036 5421 3126 5473 τὸν
3157 5425 3220 5474 ἐκ
3242 5421 3335 5474 τοῦ
3357 5423 3524 5486 ξύλου
3548 5443 3688 5496 καρ-

2103 5504 2202 5554 πὸν
2246 5506 2488 5576 (κάρυον
2521 5506 2576 5558 δὲ
2605 5504 2673 5578 ῆν
2721 5511 2748 5560 ὁ
2796 5511 3046 5580 καρπὸς)
3083 5512 3314 5582 ἐξέφυσέ
3344 5531 3402 5565 τε
3436 5516 3533 5568 καὶ
3573 5519 3689 5568 ἐτε-

2101 5595 2342 5648 λείωσεν.
2396 5599 2460 5650 Ὃ
2504 5598 2567 5668 δὴ
2627 5600 2878 5668 μέγιστον
2922 5603 3017 5656 καὶ
3066 5607 3177 5666 τοῖς
3225 5605 3478 5667 ἀπίστοις
3531 5607 3685 5673 εδοξε

2102 5687 2304 5758 θαῦμα,
2343 5689 2459 5754 πῶς
2487 5693 2545 5744 τὸ
2575 5692 2792 5760 ἄφλοιον
2821 5694 2914 5748 καὶ
2959 5690 3396 5769 περιεξεσμένον,
3436 5701 3531 5754 καὶ
3557 5702 3683 5755 ἄοι-
