3886 6214
199 275 316 332 ἓῖδ

1549 275 1640 330 DE
1665 273 1827 332 VITA
1863 273 2142 332 MOYSIS.

3368 275 3476 346 ω

201 388 302 452 ζον
331 388 546 460 ἀθρόως
594 391 841 458 πιανθέν,
880 407 949 446 τα
990 391 1100 446 τῶν
1133 390 1520 463 ἐῤῥιζωμένων
1557 393 1792 463 ἐνήργη-

1900 391 2036 444 viam
2065 407 2187 446 esse
2233 391 2672 454 custodiendam,
2707 406 2776 445 ne
2804 389 3058 446 videlicet
3091 389 3160 444 ad
3191 389 3475 446 dexteram

202 493 328 544 σεν,
365 479 488 532 ἀντὶ
519 480 624 552 γῆς
655 483 749 534 καὶ
779 483 965 550 φλοιοῦ
997 484 1091 538 καὶ
1119 483 1346 554 ἰκμάδος
1382 483 1478 536 καὶ
1509 482 1668 552 ῥίζης
1699 482 1796 536 καὶ

203 567 434 622 κλώνων
477 571 578 642 τῆς
627 569 778 634 θείας
825 571 1110 644 δυνάμεως
1151 572 1451 644 γενομένης
1497 571 1574 642 τῷ
1627 571 1792 642 ξύλῳ.

219 659 350 712 Ἐπὶ
377 661 590 724 τούτοις
618 661 682 716 δι’
711 663 1030 732 ἀλλοφύλων
1057 663 1228 718 ἐθνῶν
1250 665 1342 716 τὸν
1363 665 1595 732 στρατὸν
1625 666 1797 732 άγων,

206 753 508 823 ἀπώμοτον
555 757 791 808 ποιεῖται
843 759 962 820 ταῖς
1015 755 1280 826 ἀρούραις
1331 755 1511 809 αὐτῶν
1549 758 1641 810 καὶ
1675 759 1797 822 ταῖς

207 844 478 912 ἀμπέλοις
514 844 592 914 τῷ
627 844 739 916 λαῷ
776 849 1129 918 συγχωρῆσαι
1165 847 1266 918 τὴν
1294 847 1484 910 δίοδον,
1524 847 1658 901 ἀλλά
1691 866 1794 917 φυ-

209 936 371 1000 λάξαι
403 937 500 1007 τὴν
531 937 818 1010 βασιλικὴν
845 940 984 1002 ὁδὸν,
1020 941 1160 1011 μήτε
1206 940 1288 1002 είς
1325 939 1474 1004 δεξιά
1495 980 1509 1006 ,
1551 941 1688 1011 μήτε
1717 942 1797 1004 είς

209 1029 484 1102 ἀριστερά
529 1032 916 1086 ἀποκλίναντα.
967 1033 1087 1084 Τῶν
1134 1031 1192 1085 δὲ
1233 1033 1508 1103 πολεμίων
1554 1034 1672 1086 οὐδὲ
1705 1033 1798 1086 ἐπὶ

209 1119 428 1184 τούτοις
449 1123 860 1192 είρηνευόντων,
893 1125 1041 1196 μάχῃ
1063 1125 1581 1196 καταγωνισάμενος
1595 1125 1686 1178 τὸν
1711 1126 1798 1179 ἀν-

209 1209 466 1279 τίπαλον,
501 1214 777 1284 ἐγκρατὴς
813 1213 1026 1282 γίνεται
1071 1215 1169 1284 τῆς
1230 1215 1488 1286 παρόδου.
1537 1211 1674 1269 Εἶτά
1713 1232 1800 1280 τις

209 1297 400 1353 Βαλὰκ
441 1301 688 1370 μείζονος
711 1303 896 1368 ἔθνους
929 1304 1027 1375 τὴν
1052 1305 1355 1376 ἠγεμονίαν
1383 1303 1523 1375 ἔχων
1549 1309 1564 1372 (
1585 1304 1798 1359 Μαδια-

209 1397 356 1444 νῖται
379 1393 440 1445 δὲ
472 1394 551 1464 τῷ
581 1395 722 1448 ἔθνει
749 1396 1022 1468 τοῦνομα)
1053 1401 1188 1470 πρὸς
1217 1399 1279 1451 τὸ
1309 1399 1480 1462 πάθος
1504 1399 1610 1452 τῶν
1635 1417 1800 1470 προο-

208 1483 462 1538 λωλότων
491 1488 882 1558 καταπλαγεὶς,
915 1491 1007 1542 καὶ
1035 1491 1156 1543 ὅσον
1185 1489 1398 1542 οὐδέπω
1421 1489 1490 1542 τά
1521 1484 1616 1542 ἶσα
1648 1489 1800 1562 παρά

205 1574 320 1626 τῶν
363 1575 716 1646 Ἰσραηλιτῶν
751 1578 1039 1632 πείσεσθαι
1089 1579 1499 1650 προσδοκήσας,
1531 1580 1798 1648 ἐπάγεται

207 1665 348 1734 πρὸς
385 1665 706 1736 συμμαχίαν
747 1667 928 1720 ὃπλων
970 1668 1067 1738 μὲν
1113 1669 1206 1722 καὶ
1239 1669 1509 1740 σωμάτων
1549 1669 1798 1740 βοήθειαν

205 1756 470 1824 οὐδεμίαν
495 1795 510 1820 ,
553 1759 846 1828 περίεργον
875 1759 930 1812 δὲ
967 1759 1328 1828 μαγγανείαν,
1379 1759 1467 1814 διά
1504 1777 1652 1824 τινος
1685 1761 1793 1814 Βα-

205 1846 382 1916 λαάμ,
413 1848 470 1912 ὃς
499 1849 672 1902 ταῦτα
703 1850 876 1914 δεινὸς
905 1853 1141 1904 ἐποιεῖτο
1177 1849 1350 1918 εἶναι,
1379 1853 1473 1905 καὶ
1503 1853 1657 1922 παρά
1688 1853 1794 1906 τῶν

205 1941 567 2010 κεχρημένων
619 1943 771 2013 αὐτῷ
822 1943 965 2013 ἔχειν
1020 1942 1144 1996 τινά
1195 1944 1333 2015 πρὸς
1379 1943 1480 2007 τάς
1542 1943 1794 2008 τοιαύτας

207 2017 452 2098 σπύδάς
473 2034 703 2104 δύναμιν
735 2034 1051 2090 ἐπιστεύετο
1070 2052 1083 2065 ’
1114 2030 1158 2104 ᾧ
1189 2035 1352 2107 τέχνη
1395 2036 1494 2107 μὲν
1517 2031 1586 2107 ἦν
1619 2039 1797 2090 οἰωνι-

207 2127 396 2197 στικὴ,
451 2128 724 2198 δαιμόνων
767 2127 826 2180 δέ
889 2145 996 2182 τινι
1042 2128 1334 2199 συνεργείᾳ
1393 2127 1628 2198 χαλεπὸς
1685 2125 1792 2198 ἦν,

203 2219 437 2286 ἐπάγων
470 2221 586 2281 τοῖς
622 2217 933 2290 ἀνθρώποις
972 2219 1380 2290 περιεργοτέρα
1426 2220 1535 2272 τινὶ
1569 2219 1796 2290 δυνάμει

203 2309 282 2362 τά
309 2311 586 2377 ἀνήκεστα
608 2326 622 2340 ·
649 2309 709 2374 ὃς
739 2313 849 2374 τοῖς
874 2311 1179 2379 ἀπάγουσιν
1211 2310 1374 2364 αὑτὸν
1405 2309 1498 2362 ἐπὶ
1527 2309 1620 2362 τὸν
1645 2309 1797 2379 βασι-

201 2401 312 2454 λέα
343 2402 438 2455 τοῦ
491 2403 678 2465 ἔθνους
719 2403 1020 2473 ἑπόμενος,
1049 2405 1117 2474 τῇ
1148 2405 1299 2473 φωνῇ
1329 2401 1428 2472 τῆς
1465 2400 1586 2454 ὄνου
1620 2401 1682 2454 τὸ
1720 2401 1794 2471 μὴ

201 2496 390 2548 αἴσιον
411 2495 560 2566 αύτῷ
585 2495 684 2568 τὴν
705 2496 821 2549 ὁδὸν
855 2489 994 2548 εἶναι
1027 2495 1360 2548 διδάσκεται.
1385 2489 1518 2546 Εἶτα
1539 2493 1626 2547 διά
1649 2510 1796 2556 τινος

199 2585 514 2654 ἐμφανείας
551 2585 612 2639 τὸ
657 2587 933 2658 πρακτέον
979 2585 1168 2657 μαθὼν
1189 2627 1204 2652 ,
1239 2585 1642 2656 ἀσθενεστέραν
1669 2577 1796 2654 εὗρε

197 2675 314 2744 τὴν
337 2676 630 2728 κακοποιὸν
653 2677 990 2746 μαγγανείαν
1011 2673 1104 2728 τοῦ
1132 2673 1336 2746 βλάϐην
1355 2677 1478 2728 τινά
1505 2678 1618 2738 τοῖς
1645 2674 1797 2746 παρὰ

193 2766 310 2819 τοῦ
339 2766 476 2819 Θεοῦ
511 2757 992 2840 συμμαχου’μένοις
1031 2767 1495 2838 προστρίψασθαι.
1557 2767 1703 2820 Ἀντὶ
1737 2765 1796 2818 δὲ

193 2859 314 2930 τῆς
361 2857 472 2911 τῶν
521 2859 798 2930 δαιμόνων
843 2859 1128 2930 ἐνεργείας
1186 2861 1252 2913 ἐκ
1297 2859 1450 2922 θείας
1508 2857 1797 2920 ἐπιπνοίας

193 2951 401 3013 ἔνθους
445 2953 756 3022 γενόμενος,
807 2950 1109 3020 ἐφθέγξατο
1157 2952 1340 3020 φωνὰς
1385 2951 1674 3014 τοιαύτας,
1721 2951 1797 3014 ὡς

197 3043 556 3114 προφητείαν
583 3043 842 3116 ἄντικρυς
881 3040 1022 3097 εἶναι
1055 3043 1162 3096 τῶν
1201 3047 1280 3107 εἰς
1311 3043 1542 3113 ὕστερον
1573 3043 1710 3113 πρὸς
1735 3044 1796 3095 τὸ

195 3141 472 3206 κρεῖσσον
501 3136 912 3207 ἐκϐησομένων.
942 3138 1020 3190 Δι’
1047 3131 1121 3188 ὧν
1151 3137 1260 3206 γὰρ
1288 3135 1536 3208 ἐκωλύθη
1567 3137 1704 3207 πρὸς
1736 3137 1799 3190 τὸ

193 3229 383 3282 κακὸν
409 3229 702 3300 ἐνεργῆσαι
729 3231 796 3300 τῇ
828 3229 1016 3301 τέχνῃ,
1045 3229 1134 3283 διὰ
1161 3229 1366 3282 τούτων
1393 3229 1496 3300 τῆς
1533 3229 1680 3294 θείας
1710 3230 1800 3282 δυ·

197 3321 432 3392 νάμεως
469 3322 528 3372 ἐν
568 3320 818 3390 αἰσθήσει
867 3321 1198 3391 γενόμενος,
1235 3321 1448 3392 χαίρειν
1495 3322 1664 3386 ἐάσας
1701 3321 1799 3392 τὴν

199 3409 484 3480 μαντικὴν
505 3453 518 3476 ,
551 3411 887 3481 ύποιςιητεύει
935 3411 1012 3482 τῷ
1052 3411 1182 3483 θείῳ
1233 3411 1526 3484 θελήματι.
1559 3415 1671 3468 Καὶ
1702 3415 1800 3468 ἐπὶ

197 3500 425 3564 τούτοις
456 3501 518 3554 τὸ
566 3502 666 3572 μὲν
719 3503 872 3563 ἔθνος
925 3505 1032 3558 τῶν
1081 3505 1399 3574 ἀλλοφύλων
1441 3507 1752 3578 ἐντρίϐεται
1782 3549 1796 3572 ,

199 3593 682 3662 ἐπικρατεστέρου
715 3593 808 3647 τοῦ
837 3595 968 3648 λαοῦ
1011 3597 1150 3650 κατὰ
1181 3597 1272 3650 τὸν
1305 3598 1542 3668 πόλεμον
1574 3601 1798 3666 γεγονό-

199 3699 321 3746 τος,
357 3685 686 3754 ἡττηθέντος
734 3687 792 3738 δέ
826 3689 966 3757 μετά
1013 3688 1186 3742 ταῦτα
1218 3687 1312 3742 τοῦ
1359 3691 1456 3762 τῆς
1501 3691 1802 3755 ἀκολασίας

201 3776 422 3839 πάθους
459 3778 517 3828 ἐν
543 3781 663 3840 ταῖς
701 3779 1089 3850 αἰχμαλώτοις,
1123 3782 1212 3835 ὅτε
1241 3782 1336 3836 τοῦ
1367 3785 1552 3847 Φινεὲς
1580 3785 1708 3847 τοὺς
1740 3787 1800 3837 ἐν

201 3869 410 3940 ἀτιμίᾳ
439 3871 863 3940 συμπλακέντας
893 3876 993 3944 μιᾷ
1023 3875 1206 3946 πληγῇ
1240 3876 1606 3940 διελάσαντος,
1659 3877 1801 3929 παῦ-

205 3979 312 4014 σαν
341 3961 470 4030 ἔσχε
519 3963 614 4016 τοῦ
647 3963 784 4017 Θεοῦ
818 3969 850 4036 ὴ
887 3967 1026 4020 κατά
1067 3967 1174 4020 τῶν
1204 3967 1618 4038 λελυσσηκότων
1662 3968 1796 4038 πρὸς

203 4053 310 4116 τὰς
339 4055 618 4125 ἀθέσμους
651 4057 826 4126 μίξεις
851 4058 990 4128 ὀργή
1016 4077 1030 4090 ·
1055 4058 1177 4111 τότε
1211 4057 1418 4121 ἀναϐάς
1443 4059 1546 4110 ’ἐπί
1585 4077 1636 4111 τι
1671 4059 1798 4130 ὖρος

207 4145 422 4214 ύῂλὸν
453 4149 481 4198 ὀ
511 4147 808 4218 νομοθέτης
834 4189 850 4210 ,
895 4151 991 4202 καὶ
1031 4149 1316 4220 πόρρωθεν
1355 4149 1454 4219 τὴν
1487 4149 1673 4220 χώραν
1701 4167 1800 4203 κα-

207 4237 654 4310 τασκεψάμενος,
682 4241 716 4310 ἦ
749 4241 838 4293 διὰ
865 4242 964 4312 τῆς
995 4239 1148 4304 θείας
1177 4241 1513 4309 ἐπαγγελίας
1538 4241 1637 4311 τῆς
1666 4241 1802 4312 πρὸς

207 4331 340 4394 τοὺς
359 4331 604 4402 πατέρας
618 4333 992 4403 γεγενημένης
1011 4331 1090 4403 τῷ
1126 4331 1341 4403 Ἰσραὴλ
1361 4331 1796 4402 παρεσκεύαστο,

207 4419 544 4490 μεθίσταται
575 4421 672 4474 τοῦ
702 4422 1046 4493 ἀνθρωπίνου
1077 4423 1216 4492 βίου,
1247 4422 1398 4474 οὐδὲν
1425 4425 1481 4473 ἐν
1510 4424 1575 4492 τῇ
1597 4423 1666 4492 γῇ
1699 4438 1796 4492 ση-

213 4515 396 4582 μεῖον,
451 4513 573 4565 οὐδὲ
613 4513 959 4583 μνημόσυνον
1009 4514 1108 4582 τῆς
1153 4512 1350 4567 ἐαυτοῦ
1405 4513 1801 4584 μεταστάσεως

1898 485 1978 538 vel
2009 485 2286 538 sinistram
2308 484 2668 546 declinarent,
2705 501 2843 540 neve
2873 485 3172 554 quidquam
3219 484 3475 538 habitan-

1899 576 2038 630 tium
2075 591 2139 629 ea
2181 577 2298 630 loca
2349 577 2676 646 arriperent.
2730 575 2922 630 Coloni
2987 585 3170 630 autem
3231 575 3476 630 locorum

1897 684 2092 738 parum
2125 668 2212 722 bis
2233 671 2474 724 contenti
2507 684 2535 722 a
2571 669 2806 724 transitu
2839 668 3225 738 prohibebant,
3258 667 3352 722 sed
3377 683 3480 737 pu-

1899 774 2004 829 gna
2035 759 2166 813 victi
2197 768 2484 815 cesserunt
2511 759 2690 824 inviti,
2723 759 2870 830 quod
2911 767 3110 830 sponte
3135 758 3266 814 dare
3297 759 3482 814 nolue-

1897 857 2040 906 rant.
2073 849 2322 906 Posthac
2369 851 2566 906 Balach
2593 851 3014 905 Madianitarum
3057 851 3236 921 gentis
3267 865 3480 920 magna:

1899 942 2177 1012 princeps,
2205 957 2398 997 eorum
2431 943 2526 1013 qui
2575 953 2703 997 ante
2733 943 2898 998 deleti
2967 941 3184 998 inerant
3229 941 3480 1011 exemplo

1899 1034 2249 1103 perterritus,
2281 1034 2580 1105 etjamjam
2613 1050 2671 1089 se
2694 1033 2922 1103 paribus
2951 1033 3168 1089 dan'inis
3199 1033 3268 1088 ab
3299 1031 3480 1088 Israe-

1897 1125 2010 1180 litis
2035 1125 2288 1181 allectum
2325 1127 2390 1180 iri
2417 1135 2764 1196 exspectans,
2795 1141 2906 1180 non
2935 1126 3004 1180 ab
3027 1126 3148 1181 aliis
3177 1118 3476 1187 annorum,

1898 1217 1984 1272 vel
2014 1219 2295 1288 copiarum
2351 1219 2714 1288 print-ipibus,
2761 1217 2856 1276 sed
2921 1232 2950 1271 a
3003 1216 3223 1271 Balaam
3273 1230 3482 1287 augure

1898 1308 2156 1376 quodam,
2182 1307 2276 1378 qui
2307 1308 2534 1377 magicis
2563 1307 2776 1364 artibus
2818 1323 2882 1362 ac
2907 1307 3218 1362 daemonum
3253 1306 3480 1360 invoca-

1899 1399 2049 1452 tione
2077 1398 2382 1460 claruerat,
2409 1399 2664 1469 famaque
2689 1400 2758 1454 de
2791 1399 2912 1470 ipso
2948 1407 3088 1463 erat,
3123 1398 3327 1467 sacpius
3351 1397 3482 1452 civi-

1897 1489 2104 1544 tatibus
2136 1489 2294 1543 etiam
2325 1489 2637 1560 ingentibus
2669 1489 2786 1544 suis
2819 1489 3032 1543 artibus
3062 1489 3338 1552 nocuisse,
3379 1503 3480 1541 au-

1899 1579 2088 1632 xilium
2117 1579 2292 1648 petiit.
2327 1579 2375 1634 Is
2400 1595 2523 1634 cum
2556 1581 2622 1634 ad
2653 1595 2832 1651 regem
2879 1579 3082 1634 Balach
3115 1581 3219 1634 iter
3247 1579 3474 1641 faceret,

1899 1672 2068 1726 asina:
2099 1685 2232 1726 voce
2255 1685 2364 1724 non
2393 1685 2710 1741 prosperam
2749 1687 2870 1726 eam
2919 1672 3024 1726 sibi
3055 1671 3200 1724 viam
3237 1671 3354 1724 fore
3394 1671 3480 1724 in-

1902 1763 2168 1828 stituitur,
2201 1771 2256 1818 et
2283 1764 2496 1818 visione
2527 1765 2764 1833 quadam
2797 1764 2930 1834 quid
2962 1764 3268 1818 faciendum
3303 1770 3472 1826 esset,

1901 1855 2117 1920 didicit,
2158 1871 2222 1909 ac
2251 1856 2470 1911 demum
2499 1855 2827 1910 infirmiores
2852 1856 3026 1912 sensit
3053 1871 3176 1910 esse
3203 1855 3480 1909 malelicas

1901 1949 2024 2004 illas
2047 1949 2370 2018 praestigias,
2393 1963 2558 2018 quam
2591 1959 2648 2002 ut
2675 1957 2897 2018 possent
2929 1949 3058 2014 illis,
3092 1947 3288 2017 quibus
3319 1946 3478 2000 auxi-

1901 2042 2034 2096 lium
2064 2041 2274 2095 l'erebat
2314 2041 2480 2105 Deus,
2515 2041 2735 2108 aliquod
2766 2041 3026 2094 damnum
3083 2039 3327 2104 inferre;
3383 2040 3478 2094 sed

1901 2149 2001 2203 pro
2023 2131 2332 2186 daemonum
2370 2131 2557 2186 furore
2595 2133 2780 2187 divino
2809 2131 2992 2186 aﬂlatu
3023 2134 3291 2203 impulsus
3342 2135 3482 2188 tales

1901 2225 2086 2280 emisit
2111 2239 2300 2288 voces,
2331 2233 2392 2278 ut
2425 2241 2456 2278 e
2487 2234 2682 2278 contra
2710 2225 3051 2280 imminentis
3079 2226 3328 2296 prosperi
3359 2241 3482 2280 suci

1902 2331 2094 2370 cessus
2121 2315 2266 2370 illius
2295 2317 2479 2386 populi
2507 2323 2696 2370 essent
2723 2315 3046 2385 prophetiae.
3081 2317 3160 2370 Ex
3191 2331 3302 2385 quo
3333 2317 3478 2370 enim

1903 2407 2020 2462 suis
2059 2407 2274 2462 artibus
2303 2424 2372 2462 ne
2403 2415 2646 2474 noceret,
2677 2407 2972 2478 impeditus
3024 2419 3131 2472 est,
3160 2408 3358 2462 divina:
3381 2409 3484 2462 vir-

1903 2501 2040 2555 tutis
2080 2515 2302 2556 sensum
2334 2501 2567 2570 accepit,
2600 2509 2653 2555 et
2685 2499 3022 2554 vaticinandi
3063 2509 3183 2555 arte
3211 2501 3479 2569 neglecta,

1902 2593 2104 2648 divinae
2136 2593 2432 2648 voluntatis
2483 2609 2542 2648 se
2579 2595 2934 2663 interpretem
2970 2606 3026 2649 et
3082 2593 3482 2648 internuntium

1903 2685 2145 2740 exhibet.
2181 2685 2260 2738 Ita
2296 2689 2445 2738 natio
2476 2686 2719 2739 vincitur
2745 2685 3201 2755 alienigenarum,
3256 2683 3350 2738 sed
3385 2698 3483 2753 po-

1903 2779 2066 2847 pulus
2099 2779 2153 2830 in
2185 2775 2328 2832 bello
2361 2778 2554 2838 victor,
2581 2793 2692 2830 non
2729 2790 2894 2846 parva
2928 2791 2996 2830 ex
3053 2781 3208 2844 parte
3259 2775 3480 2829 luxuria

1904 2868 2162 2922 vincitur.
2197 2867 2350 2921 Tunc
2379 2865 2611 2920 Pliinees
2637 2866 2756 2919 zelo
2794 2864 3016 2918 virtutis
3050 2879 3160 2917 uno
3201 2863 3314 2918 ictu
3367 2873 3481 2918 tam

1900 2957 2172 3022 Judaeum,
2205 2973 2368 3028 quam
2407 2955 2765 3024 alienigenam
2797 2953 3080 3006 mulierem
3125 2951 3180 3004 in
3212 2951 3333 3020 ipso
3379 2951 3482 3002 im-

1904 3053 2100 3122 pudico
2126 3059 2250 3104 actu
2279 3047 2525 3103 confodit
2553 3065 2566 3100 :
2599 3061 2712 3116 quo
2744 3046 2887 3099 facto
2937 3044 3124 3098 divina
3157 3045 3212 3097 in
3260 3057 3355 3098 eos
3383 3043 3481 3111 qui

1905 3153 2286 3212 peccaverunt,
2316 3142 2395 3194 ira
2435 3141 2690 3194 cessavit.
2750 3136 2846 3192 llis
2878 3137 2953 3190 ita
3014 3135 3184 3206 gestis
3230 3135 3482 3190 ascendit

1903 3234 1959 3287 in
1999 3234 2167 3286 altmn
2207 3231 2419 3302 Moyses
2443 3237 2705 3294 montem,
2733 3239 2788 3282 et
2837 3227 3030 3298 procul
3083 3227 3478 3296 repromissam

1903 3323 2208 3387 majoribus
2239 3321 2356 3376 suis
2389 3329 2592 3374 terram
2624 3317 2958 3388 speculatus,
2987 3317 3281 3371 humanam
3309 3316 3478 3370 vitam

1900 3415 2068 3479 exuit,
2103 3413 2173 3467 ita
2205 3421 2265 3468 ut
2301 3413 2433 3466 nihil
2476 3413 2530 3466 in
2568 3412 2734 3466 terris
2772 3409 2940 3480 hujus
2981 3410 3332 3481 migrationis
3369 3423 3482 3464 suae

1902 3505 2120 3574 signum
2154 3512 2246 3556 aut
2268 3513 2682 3556 monumentum
2709 3501 2762 3554 in
2787 3499 3097 3570 sepulchris
3125 3500 3478 3569 relinqueret.

1901 3595 2097 3649 Mirum
2129 3602 2312 3648 autem
2340 3601 2442 3656 est,
2472 3592 2618 3662 quod
2651 3608 2751 3646 nec
2783 3589 2988 3654 formae,
3039 3607 3138 3644 nec
3173 3591 3484 3660 pulchritu-

1902 3685 2048 3740 dinis
2074 3700 2188 3740 suae
2214 3682 2539 3753 quidquam,
2567 3696 2667 3736 nec
2691 3697 2758 3734 ex
2799 3679 2938 3736 facie
2976 3696 3076 3736 sua
3121 3680 3448 3750 resplenden
3467 3708 3482 3722 -

1901 3774 2120 3830 dentem
2151 3774 2404 3846 gratiam,
2437 3787 2540 3826 nec
2573 3771 2860 3826 oculorum
2901 3773 3099 3835 aciem,
3149 3774 3234 3826 vel
3276 3783 3460 3842 tempo

1901 3883 2045 3930 rum,
2071 3867 2272 3936 quibus
2305 3879 2428 3917 cum
2465 3863 2782 3919 hominibus
2829 3871 2968 3924 erat,
3005 3865 3182 3936 spatia
3216 3865 3296 3918 vel
3327 3864 3482 3918 labo-

1903 3974 1990 4012 res
2012 3959 2472 4018 comminuet-ant,
2509 3955 2605 4010 sed
2639 3970 2750 4008 uno
2775 3955 3076 4026 eodemque
3111 3956 3272 4011 modo
3311 3957 3485 4012 virtu-

1903 4059 1986 4103 tes
2021 4047 2270 4116 corporis
2315 4055 2479 4116 atque
2519 4062 2784 4100 sensuum
2833 4047 2886 4100 in
2920 4064 2985 4101 eu
3034 4063 3252 4118 semper
3299 4049 3486 4118 vigue-

1901 4147 2052 4194 runt.
2081 4139 2204 4192 liter:
2225 4139 2448 4208 quidem
2477 4147 2626 4202 sunt,
2656 4153 2776 4206 qua:
2805 4138 2871 4192 de
2893 4139 2986 4192 illo
3009 4141 3127 4192 viro
3157 4141 3224 4194 ab
3255 4139 3484 4195 historia

1902 4233 2084 4288 divina
2119 4231 2470 4302 percipimus,
2495 4246 2614 4300 quae
2649 4231 2853 4284 cursim
2885 4232 3236 4300 narratajam
3269 4241 3485 4301 tempus

1905 4334 1990 4380 cst
2039 4325 2322 4393 preposito
2355 4331 2548 4376 nostro
2603 4321 3050 4385 accommodare,
3089 4330 3148 4376 ut
3201 4323 3486 4378 videamus

1905 4421 2105 4475 veteris
2155 4417 2454 4491 Scriptura:
2503 4419 2788 4475 historiam
2847 4419 2914 4473 ad
2961 4421 3254 4491 perfectam
3317 4421 3486 4476 vitam

1907 4511 2136 4566 multum
2168 4509 2496 4565 conducere;

211 4609 272 4660 ἐν
296 4607 496 4674 τάφοις
542 4606 984 4676 ὑπολειπόμενος.
1026 4599 1102 4659 Οὗ
1135 4606 1212 4675 τῷ
1245 4605 1431 4660 κάλλει
1464 4605 1654 4676 χρόνος
1679 4603 1780 4656 οὐκ
1813 4604 2138 4675 ἐλυμήνατο,
2185 4601 2308 4656 οὔτε
2334 4601 2442 4654 τῶν
2471 4601 2766 4673 ὀφθαλμῶν
2811 4602 2910 4672 τὴν
2948 4601 3266 4673 λαμπηδόνα
3301 4601 3486 4672 ἠμαύ-

211 4715 422 4769 ρωσεν,
469 4697 594 4750 οὔτε
627 4698 726 4770 τὴν
771 4697 1200 4768 ἀπολάμπουσαν
1241 4696 1336 4750 τοῦ
1378 4697 1673 4768 προσώπου
1710 4695 1872 4768 χάριν
1915 4695 2303 4768 ἀπήμϐλυνεν·
2348 4693 2464 4748 ἀλλ’
2496 4689 2564 4768 ἦν
2594 4695 2682 4748 ἀεὶ
2725 4693 2986 4758 ὡσαύτως
3019 4693 3188 4765 ἔχων,
3220 4694 3314 4747 καὶ
3345 4693 3488 4748 κατά

209 4793 418 4846 ταύτὸν
440 4795 500 4846 ἐν
523 4793 602 4863 τῷ
629 4793 846 4864 τρεπτῷ
872 4793 970 4864 τῆς
1004 4793 1218 4862 φύσεως
1237 4793 1508 4856 διασώσας
1547 4793 1610 4844 τὸ
1639 4793 1696 4844 ἐν
1726 4792 1802 4862 τῷ
1833 4791 2018 4846 κάλλει
2033 4790 2444 4862 ἀμετάπτωτον.
2481 4789 2668 4846 Ταῦτα
2697 4791 2796 4861 μὲν
2835 4787 2950 4856 οὖν,
2979 4791 3081 4846 ὅσα
3121 4793 3184 4843 ἐκ
3209 4791 3309 4860 τῆς
3339 4805 3488 4862 προ-

209 4889 402 4958 χείρου
424 4887 520 4941 τοῦ
547 4889 734 4960 ἀνδρὸς
763 4889 1003 4959 ἱστορίας
1041 4887 1336 4960 ἐμάθομεν,
1384 4889 1443 4942 ἐν
1487 4887 1751 4958 ἐπιδρομῇ
1794 4903 1874 4940 σει
1903 4886 2312 4957 διηγησάμεθα·
2341 4887 2390 4937 εἰ
2415 4883 2505 4937 καί
2537 4901 2654 4947 πως
2679 4889 2713 4955 ἡ
2744 4882 3000 4948 ὑπόθεσίς
3025 4885 3172 4938 ἐστιν
3197 4885 3256 4936 ἐν
3283 4877 3364 4946 οἷς
3393 4883 3486 4934 τὸν

213 4982 374 5049 Λόγον
414 4979 727 5048 ἀναγκαίως
769 4981 1052 5036 ἐπλάτυνε.
1091 4981 1297 5050 Καιρὸς
1325 4981 1370 5034 δ’
1411 4979 1477 5033 ἂν
1524 4980 1606 5049 εἴη
1640 4979 1774 5050 πρὸς
1804 4979 1894 5031 τὸν
1937 4977 2296 5049 προκείμενον
2335 4977 2468 5046 ἡμῖν
2495 4974 2590 5028 τοῦ
2618 4975 2778 5044 λόγου
2817 4977 3016 5029 σκοπὸν
3053 4975 3364 5047 ἐφαρμόσαι
3392 4975 3484 5028 τὸν

216 5073 672 5146 μνημονευθέντα
719 5073 832 5144 βίον
858 5093 872 5106 ·
915 5073 1077 5140 ὠςάν
1091 5089 1174 5136 τις
1195 5075 1404 5137 γένοιτο
1431 5077 1563 5146 ἡμῖν
1591 5076 1654 5126 ἐκ
1682 5073 1791 5126 τῶν
1838 5072 2251 5144 προειρημένων
2301 5071 2438 5145 πρὸς
2483 5073 2574 5127 τὸν
2609 5071 2729 5124 κατ’
2755 5071 2956 5145 ἀρετὴν
2985 5071 3099 5140 βίον
3137 5069 3482 5140 συνεισφορά.

229 5165 622 5234 ’Δναλάϐωμεν
647 5165 826 5219 τοίνυν
855 5165 953 5236 τὴν
983 5165 1156 5236 ἀρχὴν
1183 5165 1278 5219 τοῦ
1315 5165 1444 5235 περὶ
1481 5164 1646 5218 αὑτοῦ
1679 5163 2038 5235 διηγήματος.
