3886 6214
423 284 524 339 597
1657 268 1716 322 S.
1745 263 2077 324 GRECORII
2115 260 2414 319 NYSSENI
3577 255 3689 311 32$

449 417 3649 453 *Μ’-*Μ

993 612 1406 704 ΘΕΩΡΙΛ
1469 610 1644 697 ΕΙΣ
1703 607 1929 694 TON
2006 601 2234 689 ΤΟΥ
2303 598 2752 688 ΜΩΣΕΩΣ
2825 598 3113 683 ΒΙΟΝ.

826 960 1337 1053 MYSTICA
1396 948 2384 1046 INTERPRETATIO
2431 948 2760 1042 VITJE
2816 943 3296 1036 MOYSlS.

2035 1197 2102 1212 ‘4

419 1400 423 1407 _
505 1334 642 1390 Cum
671 1329 1032 1386 masculinam
1059 1325 1372 1382 Iudaeorum
1415 1326 1621 1397 prolem
1658 1323 1877 1396 tyranni
1915 1325 1953 1380 lt

2175 1318 2306 1372 Ὅτε
2330 1310 2786 1383 καταφθείρεσθαι
2819 1309 2882 1363 τὸ
2906 1309 3074 1380 ἄρρεν
3103 1309 3132 1360 ό
3161 1303 3476 1376 τυραννικὸς
3504 1303 3684 1356 διεκε-

435 1424 792 1480 occidendam
838 1422 1050 1485 statuit,
1105 1427 1238 1475 tunc
1278 1394 1489 1491 Moyses
1537 1394 1802 1473 nasci—tur.
1853 1416 1969 1481 Quo

2150 1410 2294 1464 εύετο
2323 1409 2486 1478 νόμος
2505 1421 2522 1436 °
2559 1405 2681 1458 τότε
2714 1403 2967 1472 γεννᾶται
2997 1403 3025 1454 ό
3053 1401 3275 1469 Μωσῆς.
3307 1399 3432 1461 Πῶς
3462 1394 3554 1450 οὖν
3582 1399 3684 1467 τὴν

437 1535 562 1574 nam
599 1518 764 1588 igitur
787 1523 966 1585 pacto,
1015 1515 1160 1568 dicet
1188 1489 1484 1584 quispiam.
1522 1511 1602 1565 sic
1634 1517 1765 1564 tunc
1800 1508 1939 1564 forte

2151 1500 2434 1572 υντυχικὴν
2485 1497 2581 1552 τοῦ
2642 1495 2834 1566 ἀνδρὸς
2889 1493 3140 1563 γέννησιν
3192 1493 3258 1544 ἐκ
3313 1489 3685 1561 προαιρέσεως

438 1620 671 1681 tyranno
697 1609 781 1662 lex
806 1607 1068 1662 adversus
1102 1603 1337 1659 infantes
1368 1604 1478 1681 lata
1502 1608 1608 1665 est,
1638 1616 1763 1655 cum
1796 1600 1972 1671 Moyse

2150 1596 2268 1666 μεῖς
2321 1589 2698 1664 μιμησόμεθα;
2734 1587 2809 1640 υύ
2864 1586 2974 1658 γὰρ
3021 1585 3210 1657 δήκαὶ
3256 1583 3414 1638 τοῦτο
3445 1582 3555 1634 τῶν
3595 1587 3683 1657 ἐφ’

438 1680 492 1755 in
535 1701 726 1754 matris
761 1706 952 1753 ventre
987 1697 1285 1761 ferebatur,
1321 1680 1634 1765 huiusmodi
1662 1708 1763 1764 ego
1789 1700 1972 1763 partur

2151 1694 2238 1763 μίν
2271 1685 2404 1743 εἶναι
2471 1687 2684 1749 πάντως
2725 1685 2844 1754 ὲρεῖ
2869 1700 2983 1747 τις,
3016 1681 3156 1735 ὥστε
3186 1681 3526 1752 μιμήσασθαί
3563 1699 3685 1736 τινα

437 1789 638 1844 imitari
674 1787 900 1858 potero?
933 1784 1043 1841 Nec
1074 1786 1219 1841 enim
1252 1786 1305 1839 in
1338 1791 1605 1854 potestate
1643 1782 1882 1837 hominis
1903 1790 1971 1836 est

2150 1787 2172 1856 ᾗ
2215 1783 2336 1838 καθ’
2364 1781 2555 1836 ἑαυτὸν
2582 1779 2831 1848 γεννήσει
2874 1775 2965 1830 τὸν
3002 1777 3287 1846 εὐδόκιμον
3317 1777 3498 1831 τόκον.
3543 1779 3684 1831 ’Δλλ’

435 1893 560 1933 cum
603 1879 860 1941 voluerit,
893 1876 1067 1932 nasci.
1103 1873 1209 1929 Sed
1259 1875 1362 1929 hoc
1401 1873 1654 1928 litteralis
1690 1887 1886 1927 sensus
1919 1872 1969 1926 hi

2151 1877 2258 1930 ὒδὲν
2281 1873 2514 1946 χαλεπὸν
2538 1910 2553 1936 ,
2582 1873 2645 1924 ὲκ
2687 1868 2781 1922 τοῦ
2816 1867 3098 1931 δοκοῦντος
3128 1867 3552 1942 δυσχερεστέρου
3583 1871 3685 1940 τῆς

435 1969 620 2024 storis:
645 1977 748 2033 est,
781 1983 902 2039 qua:
935 1975 995 2021 ut
1026 1965 1094 2020 ad
1132 1981 1312 2020 mores
1349 1963 1810 2028 accommodetur,
1843 1961 1969 2016 altiu

2155 1968 2394 2039 ιμήσεως
2423 1961 2690 2034 ἄρξασθαι
2714 1977 2730 1992 ο
2767 1959 2850 2024 τίς
2889 1957 2997 2030 γὰρ
3033 1960 3134 2012 οὐκ
3161 1954 3302 2012 οἶδεν
3321 1999 3334 2020 .
3365 1959 3446 2012 ὅτι
3493 1963 3600 2014 πᾶν
3625 1961 3689 2014 τὺ

436 2057 805 2127 intelligenda.
831 2057 1038 2111 Cuncta
1061 2070 1190 2126 ergo
1212 2070 1332 2125 quae
1360 2053 1414 2108 in
1437 2053 1738 2108 mutatione
1770 2067 1833 2106 ac
1858 2050 1963 2105 ﬂux

2157 2077 2166 2108 ν
2199 2057 2476 2114 ἀλλοιώσει
2508 2054 2756 2125 κείμενον
2781 2092 2795 2114 ,
2819 2051 3074 2104 οὐδέποτε
3102 2049 3230 2103 αὐτὸ
3253 2051 3337 2120 ἐφ’
3360 2051 3554 2104 ἑαυτοῦ
3590 2051 3691 2120 μὲ-

437 2151 612 2220 posita
653 2157 802 2214 sunt,
847 2163 1128 2218 nunquam
1169 2146 1323 2201 firma
1356 2155 1596 2212 manent,
1639 2144 1734 2200 sed
1773 2145 1971 2200 alterut

2157 2166 2188 2201 ει
2210 2165 2225 2180 ·
2261 2147 2374 2201 ἀλλ’
2404 2146 2590 2216 ἕτερον
2622 2143 2681 2209 ἐξ
2706 2142 2890 2212 ἑτέρου
2924 2141 3152 2194 πάντοτε
3179 2140 3420 2207 γίνεται,
3458 2139 3594 2209 πρὸς
3627 2140 3691 2194 τὸ

433 2257 503 2296 ει
530 2244 706 2295 altero
749 2241 1006 2310 gignitur,
1062 2246 1115 2295 et
1140 2247 1235 2292 aut
1272 2238 1338 2292 ad
1379 2238 1597 2301 melius,
1634 2245 1728 2290 aut
1751 2235 1816 2290 ad
1851 2236 1967 2306 peju

2157 2243 2374 2311 ρεῖττον,
2415 2237 2447 2308 ἦ
2475 2236 2612 2307 πρὸς
2643 2235 2704 2288 τὸ
2729 2237 2906 2304 χεῖρον
2937 2234 3024 2287 ἀεὶ
3054 2233 3154 2302 τῆς
3183 2233 3518 2296 ἀλλοιώσεως
3541 2235 3691 2304 ἐνερ-

438 2349 652 2403 semper
681 2334 858 2388 exitus
883 2333 960 2386 tit.
993 2332 1051 2385 ln
1081 2329 1393 2385 hominibus
1427 2339 1606 2383 autem
1629 2328 1867 2382 carnalis
1891 2328 1972 2382 ha:

2154 2332 2414 2402 ουμένης;
2458 2328 2703 2382 Νοείσθω
2753 2327 2810 2380 δὲ
2854 2325 2978 2380 καθ’
3009 2325 3282 2379 ὑπόθεσιν.
3322 2325 3387 2378 Ἥ
3441 2327 3539 2394 μὲν
3577 2325 3688 2397 γὰρ

434 2434 487 2479 et
515 2424 984 2494 perturbationum
1034 2423 1193 2493 plena
1241 2421 1552 2491 dispositio,
1601 2434 1724 2488 quas
1774 2427 1967 2489 tyrann

2153 2424 2267 2493 λική
2297 2438 2358 2474 τε
2393 2421 2486 2474 καὶ
2527 2417 2914 2489 ὲμπαθεστέρα
2946 2417 3182 2478 διάθεσις
3205 2457 3220 2478 ,
3256 2417 3388 2487 πρὸς
3423 2417 3491 2486 ἢν
3535 2418 3570 2487 ή
3598 2419 3687 2468 ἁν-

436 2531 499 2570 ac
535 2517 678 2569 hosti
705 2516 927 2569 humani
957 2514 1175 2586 generis
1214 2513 1409 2584 placet,
1449 2526 1513 2566 ac
1542 2511 1665 2565 ideo
1704 2524 1823 2565 eam
1862 2508 1970 2563 fove

2150 2511 2352 2584 ρωπίνη
2401 2509 2562 2579 φύσις
2613 2505 3094 2561 κατολισθαίνουσα
3153 2505 3412 2574 φέρεται,
3456 2505 3518 2556 τὸ
3553 2506 3684 2574 θῆλυ

433 2609 655 2678 vitaque
693 2607 882 2671 donat,
930 2623 1028 2678 per
1074 2607 1396 2661 muliebrem
1441 2617 1630 2659 sexum
1673 2602 1967 2657 ostenditur

2145 2604 2206 2674 ἧς
2240 2601 2386 2671 ζωῆς
2410 2641 2424 2664 ,
2455 2600 2484 2652 δ
2519 2597 2596 2669 τῷ
2625 2598 2870 2668 τυράννῳ
2899 2595 3050 2664 φίλον
3079 2596 3196 2646 ἐστὶ
3220 2593 3679 2663 ζωογονούμενον·

433 2698 622 2754 Virilis
655 2714 783 2754 vero
826 2708 1016 2770 partus
1049 2706 1279 2769 tyranno
1314 2693 1563 2749 infensus
1603 2701 1656 2748 et
1691 2699 1967 2760 suspectu:

2150 2670 2244 2748 έδὲ
2267 2670 2636 2763 κατεσκληκός
2659 2706 2716 2742 τε
2749 2691 2844 2743 καὶ
2875 2689 3124 2741 σύντονον
3144 2687 3242 2756 τῆς
3276 2685 3480 2757 ἀρετῆς
3500 2725 3514 2748 ,
3547 2686 3580 2736 ὁ
3608 2687 3684 2738 ἁν-

433 2809 503 2848 ne
537 2793 674 2846 forte
716 2791 1014 2846 seditiones
1067 2791 1120 2845 in
1157 2803 1325 2860 regno
1377 2793 1613 2850 moveat,
1664 2784 1895 2856 rigidam
1950 2800 1967 2839 ε

2149 2783 2313 2856 ρὼδης
2355 2783 2546 2848 τόκος,
2590 2783 2619 2835 ό
2657 2780 2914 2851 πολέμιος
2958 2779 3035 2850 τῷ
3073 2781 3354 2850 τυράννῳ,
3407 2779 3502 2832 καὶ
3552 2780 3683 2850 πρὸς

435 2885 634 2939 fortem
676 2887 930 2939 virtutem
958 2881 1250 2953 significat.
1285 2879 1380 2934 Est
1409 2889 1594 2933 autem
1623 2879 1732 2932 vita
1765 2877 1968 2931 human

2151 2877 2474 2931 πτανάστασιν
2523 2875 2623 2946 τῆς
2652 2876 2826 2946 ἀρχῆς
2871 2871 3034 2926 αὐτοῦ
3069 2871 3325 2940 ὕποπτος.
3371 2874 3464 2924 Δεῖ
3500 2867 3602 2924 οὖν
3630 2870 3685 2924 τό

436 2972 724 3027 mutationi
765 2986 981 3040 semper
1016 2969 1344 3040 supposita:
1391 2981 1563 3037 quare
1605 2972 1844 3036 oportet,
1880 2980 1970 3019 cur

2152 2966 2487 3038 λλοιούμενόν
2518 2983 2640 3030 που,
2678 2967 2765 3018 ἀεὶ
2794 2965 3013 3027 πάντως
3037 2962 3346 3032 γεννᾶσθαι.
3381 2962 3456 3015 Οὐ
3491 2962 3686 3034 γὰρᾶν

437 3065 544 3118 non
576 3065 648 3119 sit
682 3073 883 3118 :eterna
919 3072 973 3117 et
1020 3061 1397 3123 immutabilis,
1442 3073 1658 3128 semper
1698 3057 1872 3112 nasci.
1914 3056 1970 3111 Si

2153 3055 2291 3108 ιτῶν
2318 3057 2548 3109 πάντοτε
2576 3053 2836 3115 ὡσαύτως
2861 3053 3090 3122 ἐχόντων
3107 3091 3121 3114 ,
3156 3053 3215 3104 ὲν
3243 3055 3308 3123 τῇ
3345 3069 3372 3103 1:
3382 3055 3558 3122 ρεπτῇ
3593 3051 3687 3121 φύ-

434 3163 615 3210 autem
644 3155 794 3210 nasci
827 3168 934 3208 non
968 3153 1145 3206 aliena
1178 3151 1235 3204 tit
1267 3149 1620 3220 appetitione,
1667 3164 1774 3203 non
1797 3149 1968 3202 extrin

2155 3165 2194 3200 ει
2235 3145 2564 3217 θεωρηθείη.
2594 3145 2669 3199 Τὸ
2711 3145 2768 3198 δὲ
2797 3143 2939 3198 οὕτω
2970 3143 3262 3212 γεννᾶσθαι
3293 3145 3394 3196 οὐκ
3438 3145 3499 3210 ἐξ
3536 3145 3689 3198 ἀλλο-

438 3261 620 3308 secus,
654 3253 713 3298 ut
745 3246 799 3298 in
832 3241 1106 3313 corporali
1138 3241 1440 3301 nativitate,
1467 3238 1562 3294 sed
1591 3238 1856 3292 electione
1887 3251 1972 3307 prc

2153 3239 2266 3309 ρίας
2295 3240 2442 3291 ἐστὶν
2478 3237 2656 3309 ὁρμῆς
2676 3281 2690 3301 ,
2721 3236 2844 3290 καθ’
2876 3237 3169 3307 ὁμοιότητα
3209 3236 3315 3288 τῶν
3360 3237 3687 3305 σωματικῶς

440 3337 560 3407 pria
608 3336 989 3404 unusquisque
1025 3333 1318 3386 nascitur:
1357 3329 1502 3385 unde
1541 3329 1619 3394 fit,
1670 3340 1731 3383 ut
1772 3344 1874 3383 nos
1904 3330 1974 3398 ips

2156 3341 2170 3383 δ
2220 3329 2433 3400 συμϐὰν
2465 3328 2923 3396 ἀπογεννῶντων·
2975 3327 3089 3380 ἀλλ’
3135 3329 3200 3380 ὲκ
3237 3327 3621 3397 προαιρέσεως
3663 3328 3690 3377 ὁ

438 3434 624 3498 patres
672 3423 1075 3494 quodammodo
1125 3421 1300 3476 simus
1352 3419 1549 3484 nostri,
1605 3421 1972 3490 qualescunqu

2159 3420 2350 3484 ›ιοῦτος
2389 3419 2597 3488 γίνεται
2649 3419 2827 3481 τόκος.
2874 3418 2983 3471 Καί
3036 3419 3202 3488 ἐσμεν
3245 3417 3454 3470 ἑαυτῶν
3490 3419 3693 3489 τρόπον

439 3534 541 3573 nos
569 3517 823 3572 volumus
849 3515 1117 3570 electione
1144 3514 1531 3584 gignentes,'et
1567 3522 1662 3566 aut
1685 3528 1890 3568 marem
1918 3528 1973 3566 at

2157 3512 2230 3565 ινὰ
2251 3512 2486 3582 πατέρες
2504 3552 2520 3575 ,
2547 3511 2772 3574 ἑαυτοὺς
2801 3511 2944 3574 οἴους
2971 3508 3037 3563 ἂν
3063 3510 3355 3579 ἐθέλωμεν,
3391 3509 3691 3574 τίκτοντες,

440 3607 720 3670 feminam,
753 3605 868 3660 vitii
907 3619 971 3658 ac
999 3605 1216 3660 virtutis
1244 3603 1460 3658 ratione
1503 3601 1791 3674 ﬁngentes.
1825 3601 1974 3672 ltaqu

2158 3605 2208 3658 αἱ
2243 3603 2352 3658 ἀπὸ
2377 3604 2476 3674 τῆς
2519 3603 2654 3668 ἰδίας
2687 3602 3061 3674 προαιρέσεως
3092 3604 3172 3665 είς
3209 3602 3346 3672 ὅπερ
3383 3599 3445 3653 iv
3493 3601 3692 3655 ἐθέλω·

441 3697 568 3752 licet
607 3698 765 3752 nobis
798 3695 1064 3766 profecto,
1097 3709 1220 3749 cum
1260 3693 1549 3750 audiamus
1588 3701 1794 3763 quanta
1839 3693 1975 3746 hosti

2161 3714 2216 3750 εν
2245 3693 2383 3760 εῐδος
2401 3736 2416 3760 ,
2448 3696 2480 3766 ἢ
2509 3697 2676 3766 ἄρῤεν
2705 3696 2738 3766 ἢ
2773 3695 2906 3763 θῆλυ
2925 3735 2941 3760 ,
2967 3694 3046 3764 τῷ
3064 3695 3163 3764 τῆς
3197 3693 3398 3764 ἀρετῆς
3421 3693 3456 3764 ἢ
3493 3695 3695 3757 κακίας

441 3797 627 3842 noster
657 3787 893 3841 allicitur
933 3786 1194 3841 intestitia
1235 3785 1551 3841 masculina:
1583 3785 1774 3855 prolis,
1815 3783 1868 3837 id
1905 3794 1975 3839 est

2160 3788 2257 3859 Ξγῳ
2293 3787 2768 3858 διαπλασσόμενοι.
2812 3787 2921 3839 Καὶ
2951 3785 3126 3852 ἔξεστι
3155 3785 3249 3838 καὶ
3280 3787 3412 3854 ήμῖν
3452 3785 3694 3847 πάντως,

441 3883 643 3933 virtute
673 3879 883 3949 praediti
911 3878 1014 3931 viri
1047 3876 1367 3931 nativitate:
1400 3876 1548 3941 licet,
1581 3876 1826 3945 inquam,
1854 3876 1975 3930 nobi

2161 3897 2338 3940 κοντος
2404 3877 2498 3931 τοῦ
2555 3878 2822 3948 τυράννου
2881 3877 2976 3930 καὶ
3033 3875 3373 3946 λυπουμένου
3398 3916 3414 3941 ,
3469 3875 3567 3926 ἐπὶ
3629 3878 3695 3946 τῇ

443 3987 625 4027 mares
656 3987 753 4026 nos
788 3972 934 4041 ipsos
965 3972 1188 4040 gignere
1215 3985 1278 4024 ac
1311 3969 1629 4039 parentibus
1663 3969 1889 4030 nostris.
1919 3983 1977 4022 co

2166 3970 2434 4041 ςτειοτὲρᾳ
2452 3971 2716 4047 1γεννήσει
2743 3967 3031 4039 παρελθεῖν
3060 3984 3121 4020 τε
3159 3967 3238 4029 είς
3269 3966 3416 4034 φῶς,
3456 3966 3551 4018 καὶ
3585 3968 3700 4028 τοῖς

444 4062 801 4132 gitationibus
839 4061 1050 4116 scilicet
1091 4061 1249 4116 bonis
1295 4075 1418 4130 quae
1458 4060 1719 4115 virtutem
1771 4059 1978 4130 pariunt

2165 4062 2329 4117 >νεῦσι
2361 4062 2454 4116 τοῦ
2494 4062 2658 4118 καλοῦ
2693 4061 2883 4115 τούτου
2917 4061 3199 4131 κυήματος
3250 4059 3521 4131 (λογισμοὶ
3560 4057 3608 4111 δ’
3631 4057 3699 4111 ἂν

445 4155 779 4219 voluptatem
813 4151 1004 4204 aﬂ‘erre
1031 4168 1045 4204 :
1071 4150 1313 4218 jucunda
1342 4151 1486 4205 enim
1519 4161 1602 4206 est
1623 4150 1880 4221 cogitatio
1903 4151 1979 4204 vir

2168 4170 2225 4206 εν
2259 4148 2404 4206 οὗτοι
2437 4153 2486 4205 οί
2520 4153 2620 4222 τῆς
2643 4151 2845 4222 ἀρετῆς
2873 4151 3146 4220 γινόμενοι
3175 4149 3444 4220 πατέρες)
3465 4146 3702 4217 ὀφθῆναί

444 4243 600 4296 tutis.
637 4240 768 4306 Qua:
793 4242 1045 4311 voluptas
1079 4239 1238 4295 facile
1265 4240 1416 4306 facit,
1445 4249 1504 4295 ut
1529 4242 1584 4295 in
1614 4241 1812 4295 virtute
1834 4256 1978 4311 perse

2167 4259 2175 4294 :
2221 4240 2340 4312 μεθ’
2380 4241 2574 4311 ήδονῆς
2595 4278 2613 4304 ,
2649 4241 2744 4294 καὶ
2779 4237 3209 4308 ζωογονηθῆναιο
3239 4238 3345 4291 κᾶν
3378 4237 3701 4290 ὑπεναντίον

445 4345 714 4391 veremus,
758 4337 818 4382 ut
862 4339 1054 4382 contra
1094 4330 1411 4400 tyrannicas
1456 4330 1620 4384 etiam
1668 4329 1813 4398 leges
1853 4338 1979 4398 atqu

2175 4332 2251 4402 τῷ
2277 4332 2371 4385 τοῦ
2401 4332 2662 4403 τυράννου
2691 4332 3018 4402 φρονήματι.
3049 4330 3258 4384 Οὐκοῦν
3281 4373 3295 4394 ,
3323 4331 3399 4393 ὡς
3428 4331 3492 4382 ἄν
3519 4347 3608 4392 τις
3634 4331 3699 4382 ἐκ

447 4421 698 4476 instituta
730 4422 1001 4474 vivamus.
1043 4421 1099 4474 Id
1132 4421 1298 4490 igitur
1329 4421 1615 4491 aenigmate
1647 4419 1888 4474 historia:
1923 4434 1981 4474 ve

2165 4426 2216 4493 ἧς
2250 4424 2488 4494 ἱστορίας
2516 4424 2616 4487 τὰς
2643 4422 2900 4494 ἀφορμὰς
2926 4423 3128 4484 λαϐὼν,
3156 4424 3248 4475 ἐπὶ
3277 4423 3337 4475 τὸ
3362 4423 3699 4493 γυμνᾶτερον

447 4513 583 4567 ritas
626 4527 728 4566 nos
761 4512 942 4575 docet,
989 4518 1044 4563 ut
1074 4511 1222 4563 omni
1270 4510 1551 4580 diligentia
1597 4510 1916 4565 studeamus
1961 4509 1981 4562 ἰ

2162 4515 2467 4568 ,ακαλύπτοι
2511 4516 2572 4567 τὸ
2621 4512 2849 4585 αἴνιγμα
2876 4532 2892 4546 ο
2935 4513 3096 4568 τοῦτο
3147 4514 3386 4568 διδάσκει
3442 4514 3471 4566 ό
3518 4511 3696 4580 λόγος,

448 4605 552 4659 hoc
577 4612 754 4673 partu,
779 4603 870 4672 qui
911 4603 965 4656 in
997 4602 1152 4658 nobis
1187 4611 1292 4669 est,
1343 4603 1417 4655 ita
1443 4604 1618 4668 nasci,
1650 4611 1709 4656 ut
1738 4603 1879 4658 hosti
1918 4617 1982 4656 ne

2163 4602 2290 4672 ρχὴν
2315 4602 2408 4655 τοῦ
2443 4602 2562 4655 κατ’
2598 4602 2798 4673 ἀρετὴν
2837 4603 3110 4656 ποιεῖσθαι
3145 4603 3294 4673 βίου,
3337 4603 3397 4656 τὸ
3427 4604 3520 4656 ἐπὶ
3553 4602 3697 4672 λύπῃ

447 4705 564 4752 stro
598 4704 786 4766 partus
820 4704 1008 4750 noster
1043 4695 1306 4748 molestus
1346 4695 1452 4759 sit;
1501 4709 1660 4749 nemo
1697 4696 1840 4749 enim
1873 4695 1981 4749 hos!

2167 4693 2210 4747 δῦ
2242 4693 2435 4763 ἐχθροῦ
2456 4693 2796 4764 γεννηθῆναι,
2827 4695 2888 4746 ὲν
2919 4693 2998 4764 τῷ
3020 4694 3244 4764 τοιούτῳ
3279 4694 3420 4763 φημὶ
3453 4692 3556 4763 τῆς
3577 4711 3701 4762 γεν-

450 4787 767 4841 maestitiam
808 4785 986 4851 affert,
1023 4786 1130 4840 nisi
1181 4801 1245 4840 ea
1294 4787 1448 4857 signa
1493 4785 1765 4846 ostendat,
1817 4786 1984 4855 quibu

2163 4787 2324 4857 ήσεως
2351 4786 2512 4850 εἴδει,
2544 4782 2612 4858 ἧς
2644 4789 2677 4857 ἡ
2719 4787 3038 4857 προαίρεσις
3070 4787 3166 4858 τὴν
3198 4786 3360 4840 ὠδῖνα
3388 4787 3697 4855 μαιεύεται.

448 4879 539 4934 ille
573 4879 774 4932 victum
813 4892 871 4932 se
910 4878 1085 4947 possit
1130 4892 1478 4948 cognoscere.
1520 4875 1616 4931 Est
1653 4886 1833 4930 autem
1871 4876 1982 4947 ejus

2167 4878 2194 4929 ύ
2219 4877 2327 4949 γὰρ
2357 4878 2421 4931 ἄν
2456 4895 2539 4940 τις
2570 4877 2830 4948 λυπήσειε
2856 4878 2948 4931 τδν
2991 4878 3316 4938 ἀντίπαλον,
3361 4877 3435 4947 μὴ
3473 4877 3701 4930 τοιαῦτα

449 4971 572 5026 dem
621 4970 919 5024 voluntatis
963 4969 1260 5023 masculam
1310 4968 1472 5022 edere
1515 4967 1744 5037 prolem,
1785 4981 1849 5021 ac
1896 4983 1983 5021 ear

2163 4969 2330 5031 εικνὺς
2357 4969 2440 5036 ἐφ’
2471 4971 2664 5022 ἑαυτοῦ
2687 4970 3073 5039 γνωρίσματα,
3111 4966 3199 5023 οἷα
3220 4972 3320 5039 τῆς
3345 4971 3466 5021 κατ’
3482 4970 3697 5022 ἐκείνου

451 5063 846 5116 convenienter
875 5061 1111 5123 nutrire,
1143 5067 1197 5113 et
1233 5059 1507 5128 quomodo
1545 5058 1598 5111 in
1631 5059 1788 5126 aquis
1819 5058 1985 5112 salvat

2167 5060 2275 5129 ἰκης
2305 5062 2581 5132 τεκμήρια
2602 5061 2868 5128 γίνεσθαι.
2888 5063 2999 5132 Τῆς
3019 5062 3075 5114 δὲ
3111 5061 3281 5131 αὐτῆς
3329 5062 3701 5131 προαιρέσεως

453 5151 646 5222 possit.
681 5149 983 5220 providere.
1016 5147 1150 5202 Nam
1176 5149 1269 5218 qui
1299 5149 1438 5201 hosti
1465 5155 1652 5216 partus
1687 5162 1817 5201 suos
1852 5146 1987 5200 inter

2167 5150 2338 5213 άντως
2370 5151 2487 5203 ἐστὶ
2508 5189 2522 5212 ,
2571 5151 2828 5220 γεννῆσαί
2873 5169 2934 5204 τε
2990 5152 3052 5204 τὸ
3101 5151 3344 5222 ἀνδρεῖον
3393 5150 3555 5202 τοῦτο
3608 5151 3701 5202 καὶ

455 5243 712 5297 ﬂcieudos
751 5241 1087 5304 condonant,
1121 5240 1176 5294 hi
1207 5237 1383 5293 nudos
1415 5239 1551 5293 filios
1578 5237 1833 5294 ﬂuctibus
1861 5253 1989 5308 expc

2166 5239 2375 5310 θάρετον
2404 5240 2668 5311 γέννημα”
2695 5243 2790 5295 καὶ
2813 5245 2932 5305 ταῖς
2953 5242 3322 5312 καθηκούσαις
3349 5243 3580 5310 τροφαῖς
3620 5259 3700 5292 τι-

453 5343 611 5389 nunt.
656 5331 905 5386 Fluctqu
955 5341 1132 5386 autem
1166 5345 1432 5401 aquarum
1484 5330 1624 5382 hanc
1666 5331 1834 5382 vitam
1873 5331 1987 5384 dice

2166 5330 2462 5398 ηνήσασθαι
2485 5347 2502 5362 ο
2538 5334 2632 5385 καὶ
2657 5335 2806 5396 ὅπως
2841 5333 2906 5386 ἂν
2951 5336 3016 5386 ὲκ
3054 5333 3149 5385 τοῦ
3190 5333 3380 5396 ὓδατος
3408 5331 3700 5400 διασωθείη

455 5425 510 5478 in
543 5439 649 5492 qua
683 5423 1184 5492 perturbationibus
1216 5421 1444 5476 alternis
1483 5421 1639 5472 multi
1685 5420 1989 5473 obruuntur

2167 5421 2348 5485 παθῶς
2379 5425 2798 5494 προνοήσασθαι.
2834 5426 2896 5478 Οἱ
2924 5426 3022 5495 μὲν
3053 5425 3162 5495 γὰρ
3185 5424 3262 5494 τῷ
3297 5426 3548 5494 τυράννῳ
3578 5427 3701 5486 τοὺς

453 5515 521 5569 At
553 5529 678 5568 vero
703 5514 1059 5582 cogitationes
1089 5519 1255 5567 casta:
1279 5527 1342 5567 ac
1375 5511 1612 5581 provida:
1631 5511 1804 5566 virilis
1834 5519 1987 5580 partu

2165 5513 2315 5574 5κους
2346 5515 2524 5566 αὐτῶν
2556 5517 2922 5585 χαριζόμενοι,
2959 5517 3143 5585 γυμνά
3171 5534 3229 5568 τε
3263 5517 3357 5569 καὶ
3386 5517 3699 5585 ἀπρονόητα

454 5613 728 5676 parentes.
765 5604 810 5656 si
847 5602 1065 5672 quando
1095 5603 1218 5656 vitm
1261 5601 1588 5656 necessitate
1623 5601 1759 5654 bona
1799 5602 1988 5671 pignor

2165 5599 2203 5668 ᾦ
2239 5601 2439 5672 ῥείθρῳ
2463 5605 2532 5656 τὰ
2561 5605 2723 5656 τέκνα
2753 5605 3065 5658 διαδιδόασι.
3114 5605 3354 5675 Ῥεῖθρον
3379 5605 3435 5657 δὲ
3456 5605 3552 5658 τοῦ
3585 5605 3699 5673 βίου

455 5705 725 5766 cogantur
758 5692 1014 5749 ﬂuctibus
1058 5695 1180 5748 vitae
1217 5692 1381 5760 hujus
1428 5707 1724 5762 exponere,
1773 5692 1863 5746 illa
1906 5709 1989 5745 mu

2161 5693 2294 5762 ιημὶ,
2320 5693 2408 5746 τὸν
2433 5697 2542 5756 τοῖς
2569 5695 2887 5766 ἐπαλλήλοις
2911 5696 3107 5750 πάθεσι
3133 5697 3546 5768 κυματούμενον
3568 5713 3583 5728 ·
3614 5698 3695 5764 ὑφ’
