3844 6222
176 303 280 360 329

1515 314 1602 370 DE
1643 316 1806 372 Vl'l‘A
1843 320 2123 380 MOYSIS.

3322 352 3429 409 550

175 417 237 480 οὗ
276 423 338 477 τὸ
371 423 431 476 ἐν
480 423 561 496 τῷ
603 427 804 499 ῥείθρῳ
847 429 1164 503 γινόμενον,
1199 433 1528 507 ὑποϐρύχιον
1578 455 1714 492 κατα

1816 487 1822 502 _
1851 442 2009 498 niunt
2035 446 2247 513 arcula,
2263 463 2336 504 ne
2363 452 2633 510 undarum
2653 454 2858 530 impetu
2873 463 3313 537 submergantur.
3331 472 3428 533 Est

176 515 353 570 δύεταί
381 535 441 570 τε
473 519 567 572 καὶ
597 522 1012 593 καταπνίγεται.
1057 528 1122 580 Οἱ
1155 526 1212 580 δὲ
1252 527 1528 600 σώφρονές
1559 548 1619 584 τε
1652 549 1714 586 κο

2732 515 2749 530 ,
2876 515 3428 537 η------,,--........σ.

1853 541 2036 588 autem
2069 537 2256 590 arcula
2292 541 2458 595 veluti
2486 544 2720 604 diversis
2745 566 2811 605 ex
2839 553 3118 611 asseribus
3142 573 3424 632 compacta
3539 566 3547 574 ’

175 609 515 677 προνοητικοὶ
543 608 876 682 λογισμοὶ,οί
899 614 996 686 τῆς
1019 617 1270 687 ἀνδρείας
1297 620 1461 691 γονῆς
1490 622 1742 694 πατέρες,

1853 623 2126 688 doctrina,
2171 635 2230 681 ut
2266 631 2522 699 arbitror,
2563 651 2626 691 ea
2675 657 2797 709 quae
2830 645 3018 702 multis
3053 655 3216 719 atque
3257 623 3426 713 {rariis

169 698 297 750 ὅταν
326 700 588 768 κατάγειν
615 703 751 773 πρὸς
783 704 852 758 τὰ
883 707 982 776 τῆς
1019 707 1162 779 ζωῆς
1198 709 1418 780 κύματα
1454 712 1514 765 τὸ
1541 713 1713 782 άγαθὸ

175 789 446 818 2....-..ΑυΔ
476 791 569 818 --3
615 793 726 818 οι--.
770 797 967 818 Δηιμκμ,
1028 798 1052 818 ο
1094 800 1148 818 9,
1412 803 1441 818 ρ
1533 805 1556 818 οι
1688 807 1701 818 ι

2510 698 2513 699 ν
2694 698 2709 709 _
2973 698 3014 702 ,-
3057 698 3215 719 Νη--
3268 698 3424 713 -.......

1851 731 1912 772 ex
1933 717 2240 788 disciplinis
2270 723 2324 778 in
2359 741 2526 780 unum
2557 731 2806 798 collecta,
2835 752 3000 806 super
3028 739 3228 802 ﬂuctus
3259 745 3424 818 hujus

172 789 390 857 ἔκγονον
415 793 447 862 ἡ
475 791 570 845 τοῦ
614 793 730 864 βίου
763 797 974 869 ἀνάγκη
1026 798 1318 870 βιάσηται,
1350 803 1568 876 κιϐωτῷ
1610 807 1714 879 πρὸ

1850 811 1974 864 vitae
2027 811 2220 876 fertur,
2270 831 2446 886 neque
2499 819 2744 893 immergi

172 879 228 932 τὺ
257 881 330 950 μὴ
364 882 616 948 γενέσθαι
667 884 850 954 βύθιον
895 887 988 941 τὸν
1030 889 1108 959 τῷ
1147 891 1347 964 ῥείθρῳ
1392 894 1609 950 δοθέντα
1640 916 1741 952 κα-

171 972 599 1041 τασφαλίςονται.
635 977 882 1040 Κιϐωσδς
915 980 960 1031 δ’
994 979 1060 1034 ἂν
1101 984 1186 1054 εἴη
1228 985 1292 1038 ἐκ
1322 985 1593 1057 διαφόρων
1649 1007 1741 1043 σα-

172 1061 318 1114 νίδων
351 1067 766 1134 συμπεπηγυῖα,
797 1069 830 1138 ἠ
863 1070 926 1121 ἐκ
957 1071 1217 1126 ποικίλων
1242 1073 1582 1145 μαθημάτων
1611 1096 1742 1152 συμ-

171 1153 486 1224 πηγνυμένη
514 1157 831 1224 παίδευσις,
876 1162 909 1230 ὴ
940 1162 1053 1216 ἄνω
1102 1163 1214 1219 τῶν
1259 1167 1516 1237 κυμάτων
1551 1170 1643 1224 τὸν
1670 1173 1739 1226 δι’

170 1243 325 1313 αὼῆς
353 1246 754 1318 ἐπιφερόμενον
799 1249 894 1304 τοῦ
946 1251 1064 1322 βίου
1116 1255 1412 1326 ἀνέχουσα’
1451 1255 1519 1331 ἦς
1565 1262 1739 1336 ὑπαρ-

169 1332 390 1406 χούσης,
419 1337 541 1390 οὐδὲ
566 1340 659 1393 ἐπὶ
687 1341 822 1395 πολὺ
860 1343 938 1413 τῷ
970 1345 1118 1416 σάλῳ
1150 1347 1260 1402 τῶν
1291 1350 1496 1405 ὑδάτων
1524 1332 1736 1425 ἐμπλα-

166 1425 470 1496 νηθήσεται,
505 1433 626 1495 ταῖς
651 1432 761 1486 τῶν
792 1435 1051 1505 κυμάτων
1075 1441 1274 1510 ὁρμαῖς
1304 1446 1732 1517 συμφερόμενος⁸

163 1517 270 1570 ἀλλ’
309 1520 404 1572 ἐπὶ
429 1521 526 1574 τοῦ
568 1523 835 1597 σταθεροῦ
873 1530 972 1598 τῆς
999 1529 1199 1600 ὄχθης,
1235 1532 1380 1588 τοῦτ’
1414 1536 1561 1591 ἔστιν
1582 1579 1597 1601 ,
1630 1539 1736 1606 ἔξω

165 1611 248 1662 τοῦ
278 1609 535 1679 βιωτικοῦ
567 1615 731 1668 σάλου
768 1619 1052 1688 γινόμενος
1075 1663 1090 1686 ,
1129 1623 1451 1694 αὐτομάτως
1492 1629 1596 1683 ὑπὸ
1635 1633 1735 1702 τῆς

164 1701 324 1771 φορᾶς
347 1701 454 1755 τῶν
486 1703 694 1759 ὑδάτων
746 1707 880 1779 πρὸς
911 1711 972 1762 τὸ
1008 1713 1276 1785 σταθηρὸν
1325 1701 1729 1790 ἀπωσθήσεται.

2800 829 3022 896 patitur,
3072 834 3167 890 sed
3215 838 3420 910 impetu

1847 902 2138 970 exagitata,
2185 906 2400 961 tandem
2450 911 2516 964 ad
2558 914 2807 968 stabilem
2852 918 3024 990 ripam
3069 935 3223 980 extra
3256 902 3421 1000 hujus

1847 992 1972 1048 vitae
2029 998 2372 1056 turbationes
2423 1003 2666 1059 animum
2709 1008 2914 1067 educit.
2958 1012 3166 1073 Natura
3198 992 3416 1090 quidem

1846 1085 2091 1154 ipsarum
2126 1105 2308 1144 rerum
2354 1092 2425 1147 ita
2458 1095 2570 1150 ﬁeri
2601 1100 2942 1159 crediderim.
2977 1105 3236 1168 Videmus
3271 1115 3419 1170 enim

1844 1177 2047 1246 reipsa,
2087 1179 2133 1234 si
2180 1181 2306 1251 quis
2341 1184 2546 1241 turbini
2581 1203 2648 1244 ac
2695 1194 2950 1260 procellis
2991 1197 3246 1258 humanae
3293 1205 3429 1262 vita:

1844 1269 2074 1334 resistit,
2121 1287 2223 1327 nec
2253 1288 2314 1329 se
2352 1275 2510 1332 obrui
2557 1281 2780 1349 patitur,
2807 1301 2930 1342 eum
2961 1303 2992 1343 a
3025 1304 3283 1366 corrupta
3315 1297 3416 1354 ho-

1842 1362 2051 1417 minum
2089 1367 2350 1422 societate
2401 1383 2466 1424 ac
2498 1371 2630 1438 vita,
2667 1382 2927 1446 tanquam
2959 1396 3102 1439 onus
3133 1362 3297 1456 grave
3327 1404 3417 1446 re-

1836 1453 1931 1523 jici
1964 1465 2126 1525 atque
2164 1458 2349 1527 repelli
2380 1475 2395 1512 :
2427 1476 2589 1530 quam
2619 1465 2713 1535 qui
2743 1453 3207 1546 ell‘ugit,vagitum
3239 1478 3417 1537 imite-

1842 1550 1934 1597 tur
1962 1543 2180 1616 Moysis,
2231 1563 2332 1604 nec
2366 1551 2622 1624 lacrymis
2663 1570 2874 1628 parcat,
2907 1563 3034 1620 licet
3063 1568 3264 1625 arcula:
3292 1587 3414 1628 mu-

1841 1635 2084 1689 nimento
2113 1637 2184 1692 sit
2226 1645 2422 1695 tectus.
2466 1641 2730 1716 Lacryma
2767 1651 2914 1705 enim
2955 1654 3130 1713 ﬁdelis
3160 1662 3410 1730 quaedam

1839 1736 2027 1782 custos
2071 1742 2261 1783 eorum
2292 1740 2395 1797 est,
2429 1735 2523 1802 qui
2567 1751 2597 1791 a
2627 1739 2825 1797 virtute
2865 1745 2999 1800 salvi
3043 1746 3201 1804 ﬁunt.
3255 1750 3412 1818 Quod

169 1791 228 1844 '0
253 1792 316 1862 δὴ
362 1794 458 1846 καὶ
503 1798 572 1866 τῇ
606 1797 771 1868 πείρᾳ
805 1800 1147 1873 μανθάνομεν
1172 1823 1184 1834 ·
1233 1807 1316 1859 ὅτι
1362 1811 1457 1864 καὶ
1501 1813 1627 1877 τοὺς
1660 1814 1714 1884 μί

169 1883 768 1911 -...ι.-ε....-ν---ι-.-,.-
797 1890 868 1911 L
915 1909 936 1911 _
980 1896 1003 1910 .
1089 1897 1101 1911 .
1148 1897 1173 1911 ,ι
1313 1901 1326 1911 .
1487 1904 1498 1911 .
1571 1906 1581 1911 -

2384 1791 2392 1797 ,
2447 1791 2460 1802 _
2663 1791 2822 1797 γε--
2865 1791 2999 1800 ---η
3257 1791 3406 1818 ut"...

1837 1817 1879 1870 si
1924 1820 2070 1890 regis
2115 1821 2320 1877 sterilis
2369 1825 2503 1888 lilia,
2551 1827 2800 1885 doctrina
2849 1835 3103 1895 videlicet
3148 1843 3406 1911 exterior,

163 1883 768 1958 συνδιαϐαπτιζομένους
793 1890 874 1944 ἔτι
911 1896 1032 1957 ταῖς
1077 1897 1445 1968 ἀνθρωπίναις
1474 1883 1731 1973 ἀπάταις,

158 1974 328 2028 αὐτῶν
348 1976 458 2028 τῶν
488 1981 832 2050 πραγμάτων
859 1984 893 2052 ἡ
915 1983 1148 2049 άστατός
1174 2005 1234 2041 τε
1255 1991 1351 2044 καὶ
1377 1996 1731 2068 πεφορημένη

159 2069 362 2138 κίνησις
391 2071 485 2138 ἀφ’
513 2073 712 2142 ἐαυτῆς
744 2074 1046 2131 ἀπωθεῖται
1070 2119 1084 2140 ,
1118 2079 1308 2154 ὥσπερ
1340 2101 1392 2136 τι
1431 2085 1596 2156 βάρος
1629 2089 1734 2159 μά-

155 2176 326 2221 ταιον,
361 2163 491 2228 τοὺς
514 2165 603 2220 διὰ
627 2165 728 2236 τῆς
753 2165 952 2236 ἀρετῆς
991 2167 1341 2238 ἐνοχλοῦντας
1387 2174 1727 2250 λογιζομένη.

149 2248 222 2310 βο
269 2247 325 2301 δὲ
356 2249 466 2302 τῶν
514 2251 770 2306 τοιούτων
803 2253 908 2318 ἔξω
952 2258 1245 2328 γενόμενος
1271 2304 1285 2326 ,
1323 2247 1596 2335 μιμείσθω
1638 2247 1730 2325 τὸν

153 2339 369 2401 Μωσέα,
393 2342 488 2395 καὶ
517 2344 592 2414 μὴ
623 2345 887 2413 φειδέσθω
911 2347 1020 2401 τῶν
1046 2349 1318 2423 δακρύων,
1345 2357 1447 2410 κᾶν
1475 2361 1533 2412 ἐν
1560 2361 1729 2415 κιϐω-

149 2429 227 2499 τῷ
259 2435 771 2507 κατησφαλισμένος
798 2441 958 2513 τύχῃ.
1003 2445 1264 2518 Ἀκριδὴς
1292 2451 1400 2520 γὰρ
1421 2454 1596 2523 φύλαξ
1619 2456 1728 2512 τῶν

144 2521 216 2572 δι’
240 2523 438 2596 ἀρετῆς
466 2528 810 2599 σωζομένων,
835 2533 896 2586 τὸ
918 2533 1174 2606 δάκρυον.
1199 2539 1262 2593 El
1293 2541 1350 2594 δέ
1385 2521 1640 2614 ήάγονός
1666 2565 1725 2602 τε

145 2615 241 2667 καὶ
289 2620 478 2689 στεῖρα
515 2619 779 2690 βασιλέως
821 2621 955 2679 οὖσα
992 2626 1237 2702 θυγάτηρ
1290 2634 1398 2704 (ἢν
1441 2632 1592 2705 οἶμαι
1624 2640 1723 2711 τὴν

144 2704 337 2768 ἔξωθεν
388 2711 596 2781 κυρίως
627 2715 862 2770 νοεῖσθαι
908 2717 1228 2788 φιλοσοφίαν
1248 2704 1720 2804 ),ὐποδαλλομέν”η

143 2797 234 2848 τὸν
257 2799 372 2852 νέον
392 2840 410 2864 ,
446 2804 632 2874 μήτηρ
662 2805 757 2858 τοῦ
808 2808 1050 2862 τοιούτου
1084 2811 1350 2884 κληθῆναι

144 2901 309 2938 σειεν·
335 2889 442 2953 ἕως
470 2893 590 2946 τότε
623 2899 898 2967 συγχωρεῖ
923 2899 952 2950 6
977 2897 1134 2968 λόγος
1160 2901 1234 2974 μὴ
1257 2904 1592 2962 ἀπωθεῖσθαι
1623 2911 1721 2983 τὴν

141 2978 235 3047 τῆς
265 2979 617 3056 ψευδωνύμου
654 2990 860 3060 μητρὸς
887 2993 1213 3064 οἰκειότητα,
1261 2998 1365 3062 ἕως
1394 3001 1460 3056 ἄν
1488 3019 1572 3068 τις
1610 2978 1886 3072 τὺνάτελές
1915 3012 2014 3082 τῆς
2040 2978 2343 3085 ἡλικίαςέν
2365 2978 2542 3094 ἐαυτῷ
2573 3025 2765 3100 βλέπῃ.

142 3074 464 3100 ι..-›--..,ι,-.
624 3081 741 3100 ___.
784 3082 868 3100 -_-
903 3085 957 3100 ..
1056 3085 1069 3100 .
1173 3089 1186 3100 .
1258 3089 1307 3100 .-
1539 3097 1550 3100 _
1640 3096 1652 3100 -

140 3074 486 3144 ἀναδραμὼν,
517 3078 592 3140 ὡς
621 3081 750 3150 περὶ
777 3082 870 3135 τοῦ
901 3085 1148 3150 Μωσέως
1169 3089 1468 3160 ἐμάθομεν,
1497 3096 1756 3169 αἰσχύνην
1789 3074 2071 3172 ἡγήσεται.
2094 3107 2193 3177 τῆς

1830 1925 1952 1979 ηοω
1994 1926 2211 1982 semper
2263 1917 2519 1984 parturit,
2563 1930 2616 1975 et
2660 1939 2941 1994 nunquam
3000 1931 3180 1987 vivum
3225 1934 3410 1993 educit

1829 2009 2067 2071 partum,
2105 2020 2228 2073 quae
2254 2008 2462 2063 nullum
2493 2027 2730 2081 unquam
2768 2019 2933 2074 tantis
2961 2020 3239 2082 laboribus
3269 2043 3406 2085 con,-

1830 2093 2054 2162 dignum
2086 2093 2324 2150 fructum
2351 2101 2626 2170 produxit,
2651 2123 2773 2176 qua:
2802 2119 3013 2167 uterum
3045 2114 3215 2185 inllat,
3245 2123 3404 2192 quasi

1829 2185 2049 2254 aliquod
2080 2189 2262 2243 vivum
2294 2194 2591 2261 prolatura,
2617 2207 2672 2253 et
2701 2202 2919 2258 tandem
2965 2185 3286 2278 imperfecta
3316 2222 3404 2268 at-

1825 2290 1933 2344 que
1963 2277 2198 2344 inutilia,
2255 2285 2572 2355 priusquam
2603 2290 2672 2344 ad
2717 2291 2893 2349 lucem
2940 2277 3267 2369 cognitionis
3307 2303 3403 2361 Dei

1825 2369 2165 2435 perveniant,
2203 2373 2398 2428 abortu
2428 2376 2560 2444 edit,
2591 2378 2645 2434 in
2689 2381 2858 2438 ﬁlium
2901 2385 3078 2458 ipsum
3109 2392 3404 2464 adoptave-

1825 2457 1918 2521 rit,
1954 2474 2198 2531 eousque
2231 2479 2289 2518 se
2329 2464 2479 2522 falsa:
2520 2472 2711 2527 matris
2741 2457 2927 2531 (ilium
2951 2480 3035 2534 vir
3059 2480 3236 2539 bonus
3273 2500 3403 2555 pro-

1825 2550 2106 2617 ﬁtebitur,
2160 2571 2447 2629 quousque
2515 2563 2884 2634 imperfectior
2936 2581 3100 2645 atque
3159 2550 3403 2637 tenerior

1829 2653 1963 2699 tetas
1989 2647 2080 2700 sit.
2123 2647 2225 2714 Qui
2258 2665 2388 2706 vero
2419 2652 2486 2707 ad
2515 2657 2775 2727 majorem
2811 2662 2922 2732 jam
2967 2675 3178 2723 aetatem
3205 2685 3398 2741 perve-

1827 2931 1935 2984 que
1969 2917 2146 2975 inanis
2179 2929 2282 2988 est,
2317 2925 2423 2980 nisi
2454 2929 2671 2985 tandem
2700 2948 2825 2988 vera
2853 2933 3100 2995 foveatur
3123 2941 3394 3003 doctrina.

2797 3029 2863 3086 "0
2895 3032 2951 3088 δὲ
2975 3037 3108 3107 πρὸς
3142 3036 3274 3109 ὕψος
3293 3039 3394 3114 ἤδη

2234 3111 2376 3165 κατὰ
2424 3113 2585 3182 φύσιν
2623 3117 2819 3186 άγόνου
2853 3127 2983 3189 παῖς
3014 3111 3388 3198 ὀνομάζεσθαιέ

141 3167 361 3233 “Tum;
397 3167 506 3236 γάρ
538 3169 615 3232 ὡς
655 3171 870 3240 άληθῶς
893 3174 926 3242 ἡ
952 3172 1152 3240 ἔξωθεν
1198 3179 1480 3246 παίδευσις
1503 3226 1514 3248 ,
1545 3187 1631 3238 ἀεὶ
1663 3167 1944 3254 ὠδίνουσα,
1985 3195 2080 3247 καὶ
2122 3167 2387 3268 μηδέποτε
2429 3167 2768 3272 ξωογονούσα
2799 3212 2877 3283 τῷ
2917 3167 3077 3291 τέκῳ,
3107 3167 3248 3280 Ἑζα

141 3258 294 3312 ἔδειξε
327 3259 543 3312 καοπὺν
582 3260 693 3312 τῶν
729 3263 955 3312 μακρῶν
987 3264 1190 3312 ὠδίνων
1225 3269 1258 3312 ἢ
1293 3270 1578 3312 ωιληρτηρηιη
1664 3277 1774 3312 ιι-,τιυ
1821 3281 2094 3312 una.-.
2135 3303 2191 3312 _-
2242 3289 2329 3312 --Δ
2671 3297 2728 3312 ..
2910 3304 2924 3312 .

135 3258 294 3322 ἔδειξε
327 3259 543 3330 καρπὺν
582 3260 693 3314 τῶν
727 3263 955 3332 μακρῶν
987 3264 1190 3319 ὠδίνων
1225 3269 1258 3337 ὴ
1293 3270 1609 3341 φιλοσοφία,
1664 3277 1774 3330 τῶν
1821 3281 2094 3337 τοσούτων

2134 3303 2191 3339 τε
2242 3289 2334 3342 καὶ
2371 3292 2624 3348 τοιούτων
2662 3297 2812 3364 ἄξιον
2856 3289 3073 3378 πόνωνς
3103 3313 3164 3366 ού
3193 3289 3396 3380 ardvst

136 3354 421 3424 ὑπηνέμιοὶ
466 3372 526 3408 τε
563 3358 657 3410 καὶ
707 3357 1149 3430 άτελεσφόρητοι,
1199 3366 1330 3434 πρὶν
1369 3368 1449 3431 είς
1488 3370 1549 3421 τὸ
1593 3371 1708 3439 φῶς
1741 3374 1915 3431 ἐλθεῖν
1953 3381 2052 3449 τῆς
2085 3381 2412 3450 θεογνωσίας
2436 3429 2449 3451 ,
2487 3354 2912 3468 άμϐλίσκονταη
2944 3354 3226 3480 δυνάμενοι
3263 3354 3394 3484 tm;

136 3448 370 3484 “unum...
416 3451 692 3484 ‘unnmnme
762 3455 808 3484 ..ι
843 3455 916 3484 ...ι
945 3456 1119 3484 mn-..
1149 3462 1259 3484 ---.--
1285 3463 1369 3484 --ιη
1388 3481 1468 3484 -μ
1493 3483 1504 3484 ,
1542 3467 1594 3484 ,-
1670 3468 1680 3484 .
1743 3469 1755 3484 ο
1992 3474 2004 3484 .
2114 3479 2128 3484 -
2274 3481 2284 3484 _
2322 3481 2332 3484 _

133 3448 376 3517 γενέσθαι
415 3451 696 3522 ἄνθρωποι
719 3492 734 3515 ,
761 3455 809 3506 εί

137 3628 298 3699 ζήσας
320 3672 335 3694 ,
362 3632 490 3684 ὅσον
536 3633 609 3703 μὴ
642 3634 821 3690 δοκεῖν
857 3637 1087 3708 ἄμοιρος
1109 3636 1250 3696 εἷναι
1279 3643 1388 3697 τῶν
1413 3649 1544 3717 παρ’
1574 3650 1715 3702 ἐκεί-

137 3737 240 3784 νοις
267 3723 509 3792 σεμνῶν,
543 3725 924 3798 άναδραμείτω
964 3731 1097 3801 πρὸς
1131 3733 1228 3804 τὴν
1257 3735 1398 3789 κατὰ
1425 3739 1587 3807 φύσιν
1618 3758 1716 3812 μη-

134 3812 259 3881 τέρα
279 3853 295 3877 ,
321 3809 391 3884 ἦς
417 3815 542 3868 οὐδὲ
572 3818 724 3888 παρὰ
759 3823 824 3891 τῇ
861 3821 1090 3890 βασιλίδι
1122 3829 1454 3896 τρεφόμενος
1488 3809 1714 3903 ἀπεσχί-

139 3903 263 3974 σθη,
301 3906 378 3976 τῷ
415 3907 662 3977 μητρὼῳ
701 3909 974 3978 γάλακτι,
1007 3914 1188 3978 καθὼς
1226 3919 1258 3987 ἡ
1298 3918 1504 3990 ἱστορία
1555 3923 1708 3993 φησὶ,

134 3995 532 4067 τιθηνούμενος.
559 4001 738 4072 Ὅπερ
790 4019 879 4072 μοι
908 4003 1056 4058 δοκεῖ
1082 4005 1356 4060 διδάσκειν
1381 4048 1394 4070 ,
1429 4010 1494 4062 ἵν’
1521 4013 1569 4063 εί
1597 4015 1710 4076 τοῖς

136 4085 320 4152 ξξωθεν
349 4088 535 4158 λόγοις
567 4091 994 4165 καθομιλοίημεν
1022 4098 1085 4149 ἐν
1116 4097 1194 4168 τῷ
1243 4100 1420 4170 καιρῷ
1447 4105 1547 4173 τῆς
1579 4121 1708 4157 παι-

133 4178 383 4244 δεύσεως,
415 4181 492 4253 μὴ
527 4182 855 4253 χωρίζεσθαι
883 4186 976 4239 τοῦ
1004 4188 1404 4259 ὑποτρέφοντος
1432 4193 1580 4262 ἡμᾶς
1609 4196 1708 4266 τῆς

142 4267 460 4341 Ἐκκλησίας
491 4272 784 4339 γάλακτος.
820 4275 991 4329 Τοῦτο
1034 4277 1094 4331 δ’
1135 4278 1204 4333 ἂν
1233 4280 1319 4352 είη
1350 4323 1363 4344 ,
1399 4283 1468 4336 τὰ
1496 4285 1706 4356 νόμιμά

133 4375 184 4410 τε
213 4361 302 4414 καὶ
328 4362 396 4414 τὰ
424 4362 534 4434 ἤθη
563 4366 664 4434 τῆς
714 4366 1068 4438 Ἐκκλησίας,
1099 4366 1182 4434 οἷς
1209 4373 1466 4442 τρέφεται
1495 4379 1528 4443 ἠ
1559 4377 1703 4449 ψυχὴ

135 4453 217 4505 καὶ
236 4455 547 4525 ἀδρύνεται,
588 4456 834 4512 ἐντεῦθεν
859 4459 958 4530 τῆς
989 4461 1066 4525 είς
1093 4461 1223 4531 ὕψος
1260 4465 1570 4539 ἀναδρομῆς
1602 4469 1704 4533 τὰς

134 4545 365 4616 ἀφορμὰς
409 4548 701 4618 δεχομένη.
746 4549 978 4622 ’Δληθὴς
1002 4552 1059 4605 δὲ
1091 4552 1120 4604 6
1149 4553 1338 4622 λόγος,
1369 4557 1450 4610 ὅτι
1483 4559 1576 4612 δύο
1603 4577 1700 4613 πο-

133 4633 316 4704 λεμίων
346 4638 517 4708 μέσος
541 4641 850 4710 γενήσεται,
884 4641 912 4693 6
943 4642 1080 4713 πρὸς
1111 4643 1181 4697 τὰ
1204 4644 1404 4708 ἔξωθεν
1427 4648 1693 4720 δόγματα,

133 4725 216 4775 καὶ
241 4726 314 4794 μὴ
347 4729 418 4780 τὰ
445 4729 675 4798 πάτρια,
712 4729 945 4799 βλέπων.
991 4732 1332 4788 Ἀνθίσταται
1359 4737 1467 4809 γὰρ
1493 4743 1522 4792 ό
1555 4743 1696 4796 κατὰ

131 4809 216 4882 τὴν
238 4812 539 4884 θρησκείαν
569 4817 865 4886 ἀλλόφυλος
891 4820 970 4890 τῷ
1001 4819 1235 4893 Ἑϐραίῳ
1262 4823 1403 4895 λόγῳ
1423 4867 1437 4891 ,
1480 4829 1697 4900 ίσχυρόο

129 4917 268 4972 τερος
296 4909 531 4976 φανῆναι
557 4906 651 4960 τοῦ
688 4908 1020 4983 Ἰσραηλίτου
1051 4911 1390 4982 φιλονεικῶν.
1427 4918 1536 4971 Καὶ
1570 4898 1694 4974 πολ-
1729 4898 1770 4952 D

132 4990 228 5054 λᾱς
266 5011 327 5062 γε
350 4996 463 5049 τῶν
493 4997 952 5070 ἐπιπολαιοτέρων
977 5002 1216 5067 τοιοῦτος
1247 5004 1422 5072 ἔδοξεν
1445 5049 1460 5073 ,
1495 5010 1545 5062 οἳ
1587 5027 1690 5065 κα-

130 5094 426 5150 ταλιπόντες
463 5087 565 5158 τὴν
595 5088 858 5161 πατρῴαν
885 5091 1066 5145 πίστιν
1083 5133 1102 5159 ,
1131 5093 1210 5164 τῷ
1237 5095 1416 5168 ἐχθρῷ
1453 5101 1690 5171 συνεμά-

129 5189 304 5241 χησαν,
343 5177 661 5250 παραϐάται
687 5180 787 5250 τῆς
814 5182 1046 5253 πατρίου
1079 5183 1429 5252 διδασκαλίας
1461 5194 1688 5262 γενόμε-

139 5280 218 5316 nt.
235 5264 292 5319 '0
317 5266 500 5336 μέντοι
524 5269 663 5323 κατὰ
681 5269 774 5322 τὸν
805 5271 1012 5326 Μωσέα
1040 5273 1213 5342 μέγας
1236 5293 1296 5329 τε
1323 5278 1416 5330 καὶ
1446 5284 1690 5348 γενναῖος

129 5353 216 5423 τὴν
238 5354 434 5426 ψυχὴν,
458 5357 652 5426 νεκρὸν
681 5359 1028 5415 ἀποδείκνυσι
1053 5365 1121 5434 τῇ
1153 5369 1282 5435 παρ’
1311 5368 1478 5423 αὐτοῦ
1506 5372 1685 5446 πληγῇ

127 5441 206 5494 τὸν
231 5443 303 5514 τῷ
327 5445 476 5516 λόγῳ
501 5449 602 5517 τῆς
643 5446 922 5514 εὐσεϐείας
960 5452 1427 5525 άντεγειρόμενον.
1461 5462 1571 5516 Καὶ

127 5533 222 5596 hoc
249 5534 470 5596 δ’άντις
497 5536 649 5608 εὖροι
690 5539 790 5610 τὴν
816 5543 1071 5612 τοιαύτην
1092 5546 1152 5598 ἐν
1177 5547 1312 5618 ἡμῖν
1333 5551 1532 5623 μάχην.
1567 5558 1685 5610 Μέ-

131 5638 212 5686 σος
235 5625 339 5696 γὰρ
360 5627 391 5678 6
421 5628 704 5699 ἄνθρωπος
739 5626 851 5686 οἷόν
880 5650 934 5688 τι
969 5634 1203 5694 ἔπαθλον
1228 5642 1439 5709 ἀγῶνος
1476 5651 1588 5714 τοῖς
1619 5655 1684 5706 ἐκ

129 5717 208 5782 rex}
225 5720 481 5788 ἐναντίου
523 5726 1004 5796 μεταποιουμένοις
1049 5730 1332 5803 πρόκειται
1353 5752 1369 5767 ο
1407 5741 1500 5794 καὶ
1530 5735 1682 5814 ᾧπερ

377 5814 648 5878 Ρηιιοι.
693 5818 809 5880 Gn.
837 5820 1054 5884 XLIV.

841 3455 916 3526 μὴ
945 3456 1120 3510 διόλου
1147 3462 1260 3523 τοῖς
1285 3463 1506 3527 κόλποις
1532 3467 1628 3537 τῆς
1657 3468 1848 3536 ἀγόνου
1881 3474 2072 3543 σοφίας
2110 3455 2557 3540 ἐνεκαλύπτοντό.

143 3594 146 3596 ν
192 3539 395 3594 Οὐκοῦν
428 3543 685 3596 τοσοῦτόν
707 3561 790 3608 τις
812 3550 878 3617 τῇ
900 3547 1330 3617 τῶνΑίγυπτίων
1352 3552 1580 3622 βασιλίδι
1613 3576 1708 3612 συ-

1883 3539 2066 3631 Quare
2123 3580 2331 3627 tantum
2391 3575 2458 3629 Αἰ

2464 3582 2770 3649 gyptiorum
2833 3591 3094 3649 assidebit
3152 3603 3387 3676 reginae,

1815 3666 2080 3724 quantum
2125 3678 2264 3732 opus
2296 3667 2400 3721 erit
2447 3672 2512 3724 ad
2549 3673 2691 3730 hanc
2737 3677 3049 3740 inferiorem
3081 3666 3386 3752 doctrinam

1815 3749 2238 3819 percipiendam,
2273 3774 2340 3811 ne
2371 3763 2594 3820 omnino
2625 3784 2819 3839 expers
2853 3773 3212 3838 humanorum
3243 3803 3386 3858 pre-

1813 3847 2094 3906 ceptorum
2135 3860 2259 3900 esse
2301 3849 2583 3922 videatur;
2622 3858 2818 3916 deinde
2848 3866 2912 3918 ad
2956 3847 3384 3940 propriam'ma-

1813 3936 1946 3983 trem
1983 3939 2130 3989 totus
2175 3951 2440 4006 recurret,
2483 3963 2644 4018 quam
2681 3954 2762 4007 vel
2797 3960 3014 4026 quando
3058 3936 3262 4026 sterilis
3291 3987 3384 4034 re-

1807 4021 1944 4087 ginae
1988 4022 2131 4080 ﬁlius
2182 4031 2492 4097 putabatur,
2530 4055 2640 4095 non
2689 4021 2910 4103 omnino
2961 4032 3293 4126 reliquerat.
3327 4063 3383 4120 ΙιΙ

1807 4111 1952 4164 enim
2001 4116 2133 4170 mihi
2167 4119 2382 4177 videtur
2423 4125 2655 4185 historia
2695 4137 2856 4194 nobis
2893 4111 3380 4218 significat-ereum

1808 4205 2007 4257 asserit
2038 4211 2230 4265 matris
2263 4218 2497 4285 propria:
2541 4221 2682 4278 laete
2711 4205 3100 4306 Moysen‘apud
3131 4205 3377 4313 reg'inam

1806 4291 1978 4349 luisse
2011 4305 2299 4369 nutritum,
2353 4319 2607 4377 oportere
2633 4331 2757 4381 nos,
2791 4337 2914 4378 cum
2942 4291 3292 4396 profanor't’tm
3319 4339 3378 4391 li-

1805 4381 1933 4438 bros
1963 4395 2204 4458 tempore
2230 4393 2590 4457 institutionis
2615 4416 2814 4465 nostra).
2839 4381 3140 4488 versamus,
3173 4440 3203 4477 a
3237 4427 3376 4482 lacte

1805 4478 2036 4535 nutricis
2071 4491 2272 4540 nostra:
2302 4486 2558 4550 Ecclesiae
2588 4499 2809 4557 minime
2835 4512 3098 4576 separari,
3133 4513 3232 4570 hoe
3267 4529 3372 4579 est.

1803 4562 2078 4633 instituta,
2122 4586 2303 4632 mores
2338 4589 2392 4633 et
2420 4590 2846 4650 consuetudines
2877 4595 3149 4662 Ecclesiae.
3170 4610 3371 4676 quibus

1804 4655 1967 4676 -I!-_-—
2005 4659 2088 4676 -η⁸
2280 4672 2289 4676 ‘
2478 4673 2487 4676 “

1802 4655 1968 4708 alitur
2001 4659 2216 4716 animus
2243 4672 2295 4717 et
2312 4673 2721 4742 corroboratur,
2741 4680 2975 4754 indeque
3002 4655 3374 4752 altinsjascen-

1799 4744 1958 4800 dendi
1999 4758 2179 4819 captat
2220 4761 2586 4832 occasionem,
2633 4769 2942 4838 perdiscere
2983 4790 3146 4851 atque
3182 4787 3371 4845 obser~

1800 4851 1946 4891 vare.
1989 4838 2199 4898 lnimlci
2250 4847 2359 4902 duo
2401 4853 2542 4909 inter
2593 4875 2652 4916 se
2685 4863 3064 4936 colluctantes,
3110 4875 3372 4940 Hebraeus

1797 4934 1961 4999 atque
1995 4929 2303 5007 Egyptius,
2345 4942 2488 4998 inter
2509 4964 2648 5016 quos
2689 4956 2901 5013 medius
2930 4929 3104 5020 factus

1797 5033 1922 5074 cum
1956 5037 2052 5079 eos
2098 5031 2395 5088 conciliare
2442 5052 2552 5093 non
2587 5047 2876 5114 potuisset,
2926 5031 3241 5128 Egyptium
3277 5066 3365 5121 in-

1797 5112 2011 5168 terfecit
2042 5133 2055 5168 :
2080 5118 2254 5186 pietas
2285 5135 2414 5180 sunt
2451 5137 2616 5199 atque
2645 5112 2914 5207 impietas.
3212 5153 3368 5212 Scri-

1796 5209 1970 5270 ptura;
2014 5218 2186 5262 sacrae
2219 5226 2320 5280 per
2356 5211 2642 5279 Hebraeum
2683 5226 3001 5297 signiﬁcata;
3030 5209 3364 5316 instituunt;

1787 5294 2012 5350 alteram
2049 5299 2329 5361 saecularis
2366 5322 2430 5363 ac
2473 5316 2714 5371 exterior
2756 5319 3006 5382 doctrina
3045 5336 3207 5404 nugis
3245 5294 3362 5394 suis

1787 5385 2048 5456 insinuat,
2097 5408 2218 5460 quae
2252 5395 2477 5456 Judaica
2519 5406 2795 5466 robustior
2829 5430 3090 5487 apparere
3121 5385 3362 5484 Gconten-

1784 5474 1881 5530 dit.
1915 5477 1980 5532 Et
2003 5498 2134 5538 vero
2157 5489 2344 5544 multis
2378 5491 2673 5554 levioribus
2697 5474 3011 5567 hominibus
3045 5516 3165 5573 talis
3206 5521 3358 5576 vide-

1786 5576 1896 5631 tur,
1949 5575 2044 5644 qui
2096 5587 2312 5648 patrum
2349 5582 2453 5639 lide
2500 5588 2745 5660 neglecta
2786 5594 3025 5656 hostium
3074 5621 3136 5662 se
3183 5613 3359 5683 copiis

1788 5665 2148 5725 attxiliaribus
2193 5672 2586 5745 adiunxerunt,
2630 5689 2795 5754 atque
2839 5704 2871 5744 a
2904 5693 3173 5763 majorum
3220 5665 3355 5758 suo-

1790 5768 1908 5806 rum
1945 5756 2194 5815 docttina
2236 5763 2551 5825 defecerunt
2584 5788 2598 5822 :
2635 5773 2731 5830 sed
2759 5776 2852 5846 qui
2884 5756 3079 5852 mag-no
3111 5756 3166 5841 et
3192 5756 3355 5862 εὸηὸο

2922 5873 2988 5932 11
