3844 6222
413 307 512 365 351

1642 304 1700 360 S.
1729 300 2056 358 GREGORII
2098 301 2386 358 NYSSENI

3553 309 3663 364 35‘!

415 437 546 477 roso
582 427 668 476 est
699 419 905 482 animo.
945 426 1109 490 atque
1131 418 1356 491 Moysen
1390 418 1658 482 imitatur,
1695 419 1839 474 illam
1874 434 1987 473 uno

2104 421 2158 472 iv
2205 419 2506 492 προστεθῇ,
2555 417 2743 473 τοῦτον
2788 418 3012 490 νικητὴν
3065 416 3160 472 τοῦ
3207 419 3448 474 ἐναντίου
3496 426 3664 488 ποιεῖ,

417 513 528 564 ictu
569 511 923 566 reluctantem
964 509 1183 574 occidit,
1232 523 1332 564 nec
1370 509 1633 564 adversus
1683 509 1984 580 piissimam

419 601 578 656 fidem
613 602 898 670 insurgere
921 601 1095 672 ipsam
1123 601 1348 670 patitur,
1381 614 1692 670 quanquam
1719 601 1886 656 etiam
1915 601 1989 654 la-

416 693 529 748 tius
568 693 620 746 id
665 694 915 762 accipere
944 707 1042 762 pro
1084 692 1234 746 omni
1276 693 1479 746 virtute
1518 706 1582 744 ac
1626 692 1756 746 vitio
1806 693 1986 761 possi-

417 798 563 839 mus.
594 781 690 840 Est
730 785 877 838 enim
907 785 1063 853 quasi
1094 783 1307 838 medius
1340 783 1484 836 inter
1506 782 1774 850 justitiam
1808 797 1872 836 ac
1905 782 1989 835 in-

416 873 711 941 iustitiam,
752 874 1023 927 luxuriam
1053 883 1216 944 atque
1243 873 1585 936 modestiam,
1627 873 1984 928 humilitatem

421 970 584 1032 atque
611 963 945 1031 superbiam,
981 973 1284 1030 cazteraque
1312 962 1648 1031 huiusmodi,
1678 962 1989 1032 propositus

419 1052 604 1108 homo.
636 1051 803 1108 Docet
831 1053 998 1124 igitur
1027 1068 1130 1108 nos
1163 1054 1414 1124 exemplo
1442 1068 1543 1109 suo
1581 1051 1817 1122 Moyses,
1845 1052 1991 1106 radi-

422 1146 565 1200 citus
603 1146 841 1202 tollenda
879 1160 1001 1200 esse
1028 1144 1178 1209 vitia,
1216 1159 1337 1214 quae
1369 1146 1552 1199 virtuti
1583 1144 1943 1200 adversantur
1973 1162 1987 1197 :

422 1241 678 1294 virtutem
715 1245 895 1293 autem
936 1246 1197 1308 tanquam
1227 1244 1436 1291 natura:
1469 1245 1672 1291 nostra:
1699 1244 1990 1290 consenta-

422 1347 579 1386 neam
607 1329 1038 1399 amplectendam
1084 1345 1206 1385 esse
1234 1338 1398 1399 atque
1438 1327 1744 1383 fovendam.
1783 1325 1990 1380 Revera

423 1423 570 1476 enim
612 1421 829 1490 pietatis
856 1421 1082 1476 victoria
1114 1430 1344 1477 mortem
1371 1429 1425 1476 et
1446 1421 1726 1474 interitum
1757 1419 1990 1472 idolola-

424 1513 545 1565 trize
577 1527 763 1564 secum
798 1511 985 1565 trahit.
1023 1511 1114 1564 Sic
1144 1519 1198 1565 et
1229 1511 1499 1580 injustitia
1533 1525 1630 1580 per
1653 1509 1922 1579 justitiam
1961 1523 1993 1562 c

423 1605 606 1658 medio
640 1602 873 1668 tollitur,
901 1612 954 1657 et
987 1618 1080 1672 per
1109 1602 1431 1658 modestiam
1483 1601 1656 1657 fastus
1699 1601 1989 1655 occiditur.

423 1691 564 1748 Rixa
592 1706 721 1746 vero
744 1706 867 1762 qua:
905 1691 1046 1745 inter
1075 1689 1292 1747 Iudaeos
1331 1691 1475 1744 facta
1531 1690 1711 1747 sedari
1744 1705 1775 1744 a
1809 1689 1993 1761 Moyse

2089 508 2200 565 οἷον
2229 512 2638 583 είδωλολατρεία
2667 512 2762 565 καὶ
2795 511 3070 566 θεοσέϐεια
3094 551 3108 575 ,
3139 513 3403 568 ἀκολασία
3441 516 3535 568 καὶ
3563 533 3670 570 σω-

2091 604 2329 675 φροσύνη
2351 645 2365 669 ,
2393 603 2705 673 δικαιοσύνη
2742 603 2836 656 καὶ
2869 603 3052 656 ἀδικία
3076 643 3090 662 ,
3121 603 3288 673 τύφος
3313 606 3409 659 καὶ
3449 606 3671 677 μετριόο

2088 715 2187 767 της
2210 737 2225 760 ,
2257 698 2350 750 καὶ
2387 696 2561 749 πάντα
2587 694 2654 748 τὰ
2680 695 2738 762 ἐξ
2758 695 3039 749 ἀντιθέτου
3062 697 3347 767 νοούμενα,
3366 698 3669 767 Αἰγυπτίου

2087 789 2234 851 τινὸς
2265 788 2523 858 ἄντικρύς
2568 790 2684 842 ἐστι
2731 787 2869 858 πρὸς
2911 788 3159 858 Ἐϐραῖον
3212 790 3378 858 μάχη.
3412 789 3673 843 Παιδεύει

2085 881 2267 934 τοίνυν
2301 883 2449 951 ἡμᾶς
2490 882 2518 933 ὁ
2547 882 2752 952 Μωσῆς
2779 880 2858 950 τῷ
2895 879 3018 934 καθ’
3064 880 3250 934 ἑαυτὸν
3283 881 3668 950 ὑποδείγματι,

2092 971 2441 1024 συνίστασθαι
2477 973 2573 1042 μὲν
2601 972 2676 1035 ὡς
2705 971 2961 1042 ὁμοφύλῳ
2988 974 3054 1042 τῇ
3091 973 3295 1042 ἀρετῇ,
3328 972 3574 1042 ἀναιρεῖν
3610 973 3670 1026 δὲ

2089 1063 2179 1116 τὸν
2206 1066 2270 1117 ὲκ
2290 1062 2380 1116 τοῦ
2414 1063 2653 1115 ἐναντίου
2679 1065 2744 1133 τῇ
2776 1063 2940 1134 ἀρετῇ
2983 1061 3399 1132 ὲπεμϐαίνοντα.
3432 1063 3523 1134 Τῷ
3555 1063 3671 1116 ὄντι

2090 1155 2198 1227 γὰρ
2222 1158 2255 1225 ἡ
2281 1158 2381 1226 τῆς
2410 1153 2691 1217 εὑσεϐείας
2733 1153 3094 1226 ἐπικράτησις
3116 1193 3130 1218 ,
3175 1152 3404 1216 Θάνατος
3433 1155 3526 1208 καὶ
3562 1154 3676 1207 δια-

2092 1247 2268 1318 φθορὰ
2293 1250 2393 1319 τῆς
2416 1246 2854 1318 είδωλολατρείας
2881 1245 3111 1313 γίνεται.
3146 1244 3302 1298 Οὕτω
3325 1247 3419 1299 καὶ
3449 1246 3539 1300 διά
3571 1250 3676 1318 τῆς

2087 1340 2432 1410 δικαιοσύνης
2457 1341 2759 1410 ἀναιρεῖται
2794 1337 3003 1392 ἀδικία’
3049 1336 3144 1390 καὶ
3174 1339 3240 1408 τῇ
3279 1337 3595 1409 μετριότητι
3647 1341 3681 1392 ὁ

2090 1432 2256 1500 τύφος
2285 1431 2730 1500 καταφονεύεται.
2763 1428 2926 1482 Ἀλλά
2954 1429 3048 1482 καὶ
3079 1431 3113 1499 ἡ
3135 1429 3243 1481 τῶν
3275 1429 3555 1499 ἐμφυλίων
3583 1431 3678 1483 καὶ

2091 1525 2229 1596 πρὸς
2255 1523 2515 1593 ἀλλήλους
2555 1523 2744 1586 στάσις
2770 1563 2784 1587 ,
2821 1522 2915 1575 καὶ
2949 1522 3006 1574 ἐν
3041 1522 3172 1591 ἡμῖν
3199 1521 3426 1590 γίνεται.
3459 1523 3534 1574 υύ
3565 1521 3683 1591 γὰρ

2092 1616 2162 1670 ἂν
2188 1616 2244 1668 αἱ
2291 1613 2402 1667 τῶν
2447 1613 2699 1685 πονηρῶν
2749 1613 3014 1684 αἱρέσεων
3044 1612 3458 1682 δογματοποιῖαι
3490 1612 3680 1684 χώραν

2095 1705 2286 1776 ἔσχον,
2325 1703 2399 1776 μὴ
2442 1706 2519 1768 είς
2560 1703 2854 1757 ἀντίπαλον
2900 1699 3057 1766 τάξιν·
3096 1702 3207 1754 τῶν
3252 1702 3532 1773 λογισμῶν
3562 1707 3683 1768 τοῖς

424 1801 534 1841 non
565 1785 764 1857 patuit,
813 1791 1124 1839 nostrorum
1167 1792 1296 1840 sunt
1330 1784 1397 1838 de
1427 1784 1774 1855 dogmatibus
1803 1783 1993 1839 Eccle-

2104 1796 2478 1868 ἀληθεστέροις
2515 1795 2950 1849 ἀντιϐαινόντων.
2991 1795 3118 1848 Ἐὰν
3157 1792 3253 1849 οὖν
3298 1796 3681 1867 ἀσθενέστεροι

427 1881 522 1936 size
551 1878 984 1935 colluctationes.
1022 1875 1141 1932 Non
1168 1877 1311 1931 enim
1346 1877 1530 1947 pravis
1573 1877 1858 1932 haeresium
1893 1876 1994 1931 do-

427 1971 701 2040 gmatibus
734 1970 888 2024 locus
930 1977 1099 2032 esset,
1145 1967 1251 2022 nisi
1295 1969 1438 2024 inter
1473 1984 1568 2024 eos
1601 1969 1696 2039 qui
1726 1968 1995 2024 veriorem

425 2063 742 2134 religionem
791 2061 1137 2132 profitentur,
1185 2056 1483 2130 opiniones
1529 2059 1674 2114 inter
1726 2073 1787 2114 se
1843 2058 1997 2113 velut

428 2157 546 2212 acie
567 2157 826 2226 utrinque
852 2161 1061 2210 structa
1093 2151 1507 2208 contenderent.
1538 2151 1596 2205 Si
1627 2151 1794 2222 igitur
1826 2151 1996 2206 imbe-

427 2251 670 2306 cilliores
697 2247 983 2308 fuerimus,
1017 2259 1176 2316 quam
1229 2252 1289 2298 ut
1323 2243 1607 2313 iustiorem
1645 2257 1867 2298 causam
1911 2243 1997 2297 vi-

427 2342 651 2398 ctricem
688 2339 919 2395 reddere
949 2337 1247 2408 possimus,
1273 2335 1419 2404 quod
1446 2335 1682 2390 deterior
1708 2349 1998 2406 argumen-

431 2439 504 2490 tis
538 2433 792 2504 superior
837 2431 929 2491 sit,
978 2437 1032 2482 et
1083 2429 1333 2483 veritatis
1373 2427 1662 2496 imperium
1709 2427 1994 2490 detrectet,

429 2525 744 2596 fugiendum
793 2521 1043 2594 protinus
1101 2519 1169 2573 ad
1205 2519 1584 2574 sublimiorem
1631 2525 2000 2574 sacramenta-

430 2619 648 2686 lemque
682 2614 1011 2676 doctrinam,
1041 2629 1105 2668 ac
1131 2613 1447 2684 alienigenae
1473 2627 1687 2674 rursus,
1725 2611 1772 2666 si
1799 2626 1888 2666 res
1925 2612 1999 2664 ita

432 2709 598 2777 cogit,
634 2706 688 2761 id
715 2713 821 2770 est,
849 2707 1098 2761 saeculari
1124 2704 1408 2767 doctrinae,
1455 2717 1747 2774 parumper
1779 2702 2000 2756 cohabi-

433 2801 679 2864 tandum,
709 2805 770 2853 ut
817 2811 1014 2867 pravos
1062 2803 1309 2865 pastores
1343 2811 1372 2848 a
1411 2794 1594 2864 puteis
1635 2795 1996 2863 expellamus,

431 2898 682 2946 versutos
713 2886 964 2941 videlicet
1006 2885 1104 2940 hos
1145 2884 1521 2954 malignosque
1567 2881 1832 2937 doctrinae
1876 2897 2002 2952 pro-

435 2981 695 3042 fessores,
721 2979 812 3048 qui
844 2993 1025 3034 rerum
1058 2977 1286 3030 scientia
1315 2976 1381 3029 ad
1415 2975 1811 3044 ignorationem
1846 2974 2005 3029 Crea-

2093 1884 2245 1961 ,ὦμεν
2267 1930 2282 1953 ,
2321 1887 2462 1942 ὥστε
2490 1889 2556 1942 δι’
2587 1887 2794 1941 ἑαυτῶν
2819 1885 3002 1940 δοῦναι
3027 1887 3105 1959 τῷ
3144 1887 3340 1958 δικαίῳ
3365 1888 3426 1941 τὸ
3454 1888 3680 1960 κράτος,

2097 1979 2520 2054 ὑπερισχύοντος
2552 1979 2640 2033 διὰ
2677 1980 2784 2033 τῶν
2816 1981 3260 2051 ἐπιχειρημάτων
3287 1978 3379 2032 τοῦ
3411 1980 3678 2051 χείρονος.

2097 2075 2191 2128 καὶ
2213 2073 2310 2145 τὴν
2336 2073 2509 2145 ἀρχὴν
2541 2074 2638 2143 τῆς
2661 2071 2917 2143 ἀληθείας
2956 2071 3344 2141 ἀπωθουμένου
3365 2087 3379 2102 ο
3415 2071 3683 2140 φευκτέον

2097 2164 2346 2218 ἐντεῦθεν
2376 2163 2452 2227 ὡς
2495 2163 2728 2234 τάχιστα
2747 2205 2760 2228 ,
2791 2164 2914 2218 καθ’
2937 2163 3228 2232 ὁμοῑότητα
3270 2162 3364 2215 τοῦ
3402 2161 3681 2235 ἱστορικοῦ

2099 2256 2526 2326 ὑποδείγματος,
2554 2256 2692 2326 πρὸς
2727 2255 2946 2326 μείζονά
2979 2273 3036 2307 τε
3069 2256 3163 2308 καὶ
3205 2253 3545 2324 ὑψηλοτέραν
3571 2253 3684 2306 τῶν

2103 2347 2420 2420 μυστηρίων
2449 2347 2819 2402 διδασκαλίαν.
2864 2347 2985 2400 Κᾶν
3030 2347 3311 2417 ἀλλοφύλῳ
3341 2346 3503 2399 πάλιν
3549 2363 3678 2415 συγ-

2099 2435 2352 2505 γενέσθαι
2376 2435 2470 2506 δέῃ
2496 2477 2509 2497 ,
2541 2435 2684 2489 τοῦτ’
2719 2435 2832 2489 ἔστι
2860 2477 2872 2494 .
2901 2435 3006 2489 κᾶν
3050 2439 3114 2507 τῇ
3169 2435 3274 2502 ἔξω
3321 2436 3678 2505 συγγενέσθαι

2101 2527 2390 2599 φιλοσοφίᾳ
2417 2528 2807 2601 καταναγκάζῃ
2827 2532 2859 2598 ἡ
2895 2527 3051 2598 χρεία
3068 2545 3082 2558 ·
3113 2529 3208 2582 καὶ
3227 2529 3383 2582 τοῦτο
3406 2529 3673 2600 ἑλώμεθα,

2099 2620 2226 2681 τοὺς
2262 2619 2531 2688 πονηροὺς
2563 2619 2829 2688 ποιμένας
2877 2620 2978 2689 τῆς
3033 2618 3219 2670 ἀδίκου
3275 2619 3380 2672 τῶν
3428 2620 3678 2690 φρεάτων

2101 2712 2346 2783 χρήσεως
2375 2709 2844 2773 ἀποσκεδάσαντες
2860 2726 2873 2739 °
2896 2710 3032 2781 ὅπερ
3065 2711 3182 2764 ἐστὶ
3207 2711 3335 2773 τοὺς
3364 2711 3474 2763 τῶν
3495 2712 3676 2764 κακῶν

2100 2801 2454 2864 διδασκάλους
2481 2800 2574 2854 ἐπὶ
2618 2803 2683 2872 τῇ
2721 2803 2932 2872 πονηρᾷ
2963 2803 3158 2872 χρήσει
3194 2804 3294 2872 τῆς
3345 2801 3678 2864 παιδεύσεικ

2103 2892 2475 2961 διελέγξαντες
2498 2933 2513 2954 ,
2541 2890 2714 2953 οὕτως
2747 2892 2831 2960 ἐφ’
2878 2893 3104 2956 ἑαυτοὺς
3135 2892 3406 2961 ίδιάσομεν
3434 2931 3450 2955 ,
3495 2892 3679 2945 οὐκέτι

2107 2984 2435 3054 μαχομένοις
2463 2985 2570 3036 τισὶ
2603 2982 3041 3054 συμπλεκόμενοί
3079 3001 3136 3037 τε
3164 2985 3257 3038 καὶ
3284 2983 3675 3053 μεσιτεύοντες,

433 3075 574 3128 toris
603 3072 906 3124 abutuntur
940 3086 954 3121 :
986 3067 1186 3137 quibus
1233 3067 1469 3138 repulsis
1499 3067 1579 3122 sic
1627 3067 1895 3132 vivemus,
1944 3074 2000 3120 ut

2104 3075 2216 3128 ἀλλ’
2256 3075 2314 3127 ὲν
2336 3073 2694 3145 ὁμοφρονοῦσί
2729 3092 2788 3128 τε
2821 3076 2916 3128 καὶ
2946 3073 3384 3146 ὁμογνωμονοῦσι
3416 3077 3536 3138 τοῖς
3559 3075 3678 3146 παρ’

435 3159 813 3233 pugnantibus
846 3172 954 3210 non
986 3159 1333 3220 misceamur,
1369 3169 1470 3210 nec
1501 3155 1883 3224 perturbentur
1912 3169 2000 3208 re-

2107 3165 2262 3236 ήμῶν
2309 3141 2752 3237 βουκολουμένοις
2805 3141 3108 3238 συζήσομεν
3132 3141 3414 3230 .-πάντων
3464 3165 3582 3219 τῶν
3627 3141 3678 3220 έν

437 3249 736 3306 luctatione
768 3247 1057 3299 multorum
1087 3261 1100 3296 :
1131 3242 1226 3298 sed
1261 3249 1442 3296 motus
1465 3241 1634 3295 animi
1662 3255 1853 3294 omnes
1885 3249 2005 3292 tan-

437 3356 602 3412 quam
639 3353 769 3393 oves
803 3335 1033 3406 pastori,
1078 3334 1157 3388 sic
1201 3333 1397 3388 rationi
1435 3332 1873 3402 obtemperantes
1905 3347 2004 3400 gu-

435 3432 820 3495 bernabimus,
851 3443 956 3499 qua
991 3426 1207 3495 quidem
1239 3426 1294 3480 in
1337 3439 1528 3479 norma
1559 3423 1777 3478 vivendi
1815 3436 2003 3493 perse-

436 3525 786 3585 verantibus,
825 3519 1061 3575 mirabili
1109 3533 1209 3573 suo
1255 3518 1456 3572 veritas
1504 3514 1795 3586 splendore
1847 3515 2005 3570 nobis

438 3616 742 3688 apparebit,
770 3612 1047 3682 animique
1070 3610 1260 3664 oculos
1287 3607 1600 3678 subaperiet
1617 3615 1779 3676 atque
1801 3606 2006 3660 illumi-

436 3711 609 3763 nabit.
652 3706 794 3762 Deus
825 3713 1006 3759 autem
1039 3710 1122 3758 est
1152 3701 1372 3764 veritas,
1405 3716 1526 3770 qua:
1563 3709 1693 3756 tunc
1733 3716 1828 3772 per
1861 3700 2005 3756 inef-

438 3800 656 3855 fabilem
711 3795 1168 3852 illuminationem
1229 3793 1375 3847 illam
1431 3793 1598 3863 Moysi
1656 3793 2006 3848 manifestata

437 3901 522 3948 est
530 3933 540 3944 .

509 3980 664 4047 Quod
699 3981 743 4033 si
778 3979 1060 4049 spinosum
1088 3976 1250 4030 etiam
1295 3975 1492 4028 rubum
1521 3975 1701 4030 lumen
1737 3975 2004 4044 incendit,

442 4090 553 4144 quo
589 4072 866 4144 propheta:
895 4071 1111 4125 animus
1155 4069 1481 4135 illustratur,
1518 4083 1585 4122 ne
1637 4069 1740 4123 hoc
1788 4069 2006 4138 quidem

443 4165 510 4219 ad
547 4164 900 4234 quaestionem
931 4159 1245 4216 solvendam
1272 4169 1355 4214 est
1384 4159 1591 4213 inutile.
1621 4157 1752 4212 Nam
1785 4160 1831 4214 si
1867 4159 2009 4215 Deus

441 4257 658 4326 quidem
704 4263 786 4309 est
827 4253 1048 4316 veritas,
1109 4253 1197 4306 lux
1249 4260 1427 4305 autem
1472 4251 1673 4306 veritas
1709 4260 1795 4305 est
1833 4269 1846 4304 :
1897 4252 2012 4305 haec

444 4350 560 4417 ipsa
593 4362 754 4416 porro
803 4346 1058 4400 sublimia
1093 4345 1386 4412 divinaque
1415 4343 1640 4396 nomina
1677 4341 1785 4396 Deo
1827 4344 1916 4411 qui
1954 4342 2009 4396 in

442 4456 608 4494 carne
638 4439 795 4494 nobis
825 4437 1078 4508 apparuit
1120 4437 1433 4499 convenire,
1464 4451 1629 4490 voces
1673 4433 2011 4505 Evangelicze

2107 3257 2239 3326 ἡμῖν
2266 3254 2367 3325 τῆς
2388 3255 2567 3326 ψυχῆς
2589 3255 2929 3326 κινημάτων,
2958 3255 3244 3326 προϐάτων
3265 3256 3443 3326 δίκην,
3463 3255 3548 3326 τῷ
3575 3255 3676 3326 βου-

2109 3348 2314 3418 λήματι
2334 3346 2430 3400 τοῦ
2464 3345 2880 3409 ἐπιστατοῦντος
2908 3345 3067 3415 λόγου
3097 3347 3559 3418 ποιμαινομένων.
3583 3347 3680 3401 Καὶ

2109 3437 2254 3492 οὑτω
2285 3437 2741 3509 προσεδρεύουσιν
2781 3439 2914 3506 ἡμῖν
2953 3441 3021 3509 τῇ
3069 3439 3318 3508 εἰρηνικῇ
3366 3437 3542 3511 ταύτῃ
3595 3438 3681 3492 καὶ

2110 3525 2370 3596 ἀπολέμῳ
2397 3526 2676 3596 διαγωγῇ,
2710 3525 3008 3596 ὲπιλάμψει
3045 3527 3169 3580 τότε
3198 3528 3234 3597 ἡ
3266 3527 3528 3598 ἀλήθεια,
3568 3531 3685 3590 ταῖς

2114 3619 2270 3682 ιδὶαις
2299 3622 2688 3690 μαρμαρυγαῖς
2727 3619 2826 3682 τὰς
2853 3621 2954 3689 τῆς
2989 3618 3168 3691 ψυχῆς
3203 3618 3354 3688 ὅψεις
3385 3621 3684 3690 περιαυγάο

2113 3710 2300 3776 ζουσα.
2322 3710 2453 3773 Θεὸς
2474 3711 2530 3763 δέ
2553 3712 2698 3764 ἐστιν
2725 3713 2758 3781 ἠ
2785 3710 3032 3782 ἀλήθεια,
3067 3714 3100 3782 ὴ
3129 3713 3524 3781 ὲμφανισθεῖσα
3566 3715 3687 3767 τότε

2114 3803 2204 3857 διὰ
2233 3804 2328 3873 τῆς
2359 3804 2600 3875 ἀρρήτου
2644 3803 2859 3875 ἐκείνης
2892 3804 3252 3873 φωταγωγίας
3283 3803 3363 3874 τῷ
3403 3805 3606 3876 Mauri.

2181 3983 2244 4035 Et
2273 3981 2328 4034 δὲ
2358 3983 2451 4036 καὶ
2480 3981 2685 4052 θάμνου
2715 3982 2859 4045 τινὸς
2887 3981 3230 4045 ἀκανθώδους
3255 3981 3316 4034 τὺ
3338 3981 3540 4050 φέγγος
3567 3982 3687 4048 ἑξά-

2112 4088 2322 4136 πτεται,
2343 4065 2388 4139 ᾧ
2417 4073 2449 4142 ἡ
2475 4071 2619 4143 ψυχὴ
2643 4073 2738 4124 τοῦ
2767 4073 3045 4142 προφήτου
3074 4071 3508 4139 καταφωτίζεται
3527 4089 3543 4104 ⁶
3566 4073 3690 4127 οὑδὲ

2112 4165 2270 4217 τοῦτο
2303 4164 2591 4226 ἀσυντελὲς
2618 4164 2749 4234 ἡμῖν
2779 4162 2932 4215 έσται
2971 4162 3108 4233 πρὸς
3138 4163 3199 4216 τὸ
3241 4162 3594 4233 ζητούμενον.
3629 4165 3693 4217 Εἰ

2114 4256 2222 4326 γὰρ
2255 4255 2386 4320 Θεὸς
2425 4255 2524 4325 μὲν
2569 4257 2602 4322 ἡ
2636 4253 2891 4326 ἀλήθεια,
2924 4256 2958 4324 ή
3001 4253 3058 4306 δὲ
3108 4253 3334 4323 ἀλήθεια
3383 4254 3498 4321 φῶς
3529 4257 3686 4308 ἔστι·

2115 4345 2286 4398 ταῦτα
2313 4345 2369 4398 δὲ
2393 4344 2462 4398 τά
2492 4343 2672 4414 ὑψηλά
2692 4361 2753 4396 τε
2790 4344 2884 4397 καὶ
2915 4342 3037 4396 θεῖα
3061 4343 3170 4396 τῶν
3200 4343 3498 4413 ὀνομάτων,
3530 4344 3628 4396 καὶ
3654 4346 3691 4414 ἠ

2116 4436 2208 4490 τοῦ
2239 4436 2570 4505 Εὑαγγελίου
2602 4434 2752 4506 φωνὴ
2799 4434 3216 4504 προσμαρτυρεί
3252 4431 3331 4502 τῷ
3360 4431 3450 4485 διὰ
3487 4434 3687 4504 σαρκὸς

443 4539 794 4593 attestantur,
829 4529 1218 4584 convenienter
1263 4527 1376 4581 lucc
1418 4527 1719 4582 secundum
1751 4527 2000 4580 virtutem

2116 4531 2247 4600 ἡμῖν
2287 4527 2505 4596 ὀφθέντι
2545 4525 2663 4595 Θεῷ
2686 4542 2699 4555 ο
2740 4523 3126 4593 ἀκολούθως¹ή
3173 4522 3396 4593 τοιαύτη
3427 4526 3526 4594 τῆς
3555 4525 3687 4594 ἀρε-

441 4623 659 4678 vivendi
699 4621 837 4674 ratio
875 4620 942 4674 ad
981 4620 1118 4674 lucis
1149 4619 1294 4673 illius
1333 4617 1700 4683 cognitionem
1738 4631 1839 4670 nos
1882 4631 2010 4685 pro-

440 4715 610 4774 vehit.
645 4727 767 4782 qua:
795 4710 864 4766 ad
899 4711 1191 4764 humanam
1213 4725 1386 4777 usque
1405 4717 1655 4761 naturam
1690 4707 2009 4774 descendit;

442 4819 564 4876 quae
589 4804 809 4874 quidem
841 4817 953 4857 non
985 4801 1052 4856 de
1081 4802 1220 4854 caelo
1251 4799 1537 4860 illucescit,
1571 4813 1640 4853 ne
1661 4814 1692 4852 a
1721 4799 1896 4854 stellis
1920 4799 2009 4853 dc-

442 4896 584 4952 fluxa
618 4897 709 4951 lux
743 4894 1032 4950 videatur:
1073 4891 1166 4948 sed
1197 4892 1268 4946 ab
1302 4892 1457 4957 rubo,
1493 4891 1722 4962 ipsoque
1757 4890 2003 4960 spiuoso,

442 4991 512 5046 ab
544 4989 880 5043 humanitate
914 4986 1163 5041 videlicet
1185 4983 1482 5039 Salvatoris
1505 4983 1790 5054 effulgens,
1816 4983 1882 5035 ad
1910 4998 2008 5036 co-

441 5082 742 5152 gnitionem
773 5080 858 5135 sui
895 5093 989 5148 per
1019 5077 1391 5148 Evangelicam
1425 5091 1525 5132 nos
1546 5075 1734 5130 tubam
1765 5081 2005 5129 revocat.

442 5172 584 5227 Hine
613 5173 779 5228 etiam
809 5171 1125 5240 mysterium
1163 5168 1295 5223 illud
1323 5165 1559 5240 Virginis
1594 5166 1884 5236 ﬁguratum
1919 5181 2010 5220 es-

390 5285 392 5287 ’
441 5281 523 5328 σε,
569 5265 692 5335 quis
731 5280 843 5319 non
881 5261 1116 5319 viderit?
1160 5260 1242 5314 Ab
1288 5275 1354 5316 ea
1391 5273 1625 5328 namque
1671 5257 1888 5313 deitatis
1920 5258 2010 5311 lux

440 5361 723 5424 assumpta
763 5367 929 5408 carne
980 5351 1157 5406 illuxit
1203 5349 1552 5412 hominibus,
1595 5363 1825 5417 eamque
1865 5348 2012 5402 omni

442 5445 610 5510 modo
643 5446 1018 5514 incorruptam
1064 5443 1324 5506 servavit,
1366 5441 1699 5512 virginitatis
1737 5440 2014 5496 viriditate

441 5538 593 5593 nullo
626 5551 694 5607 pa
731 5544 790 5590 to
825 5543 1176 5590 commutata.
1211 5535 1344 5600 Quae
1369 5533 1591 5602 quidem
1627 5532 1718 5586 lux
1751 5546 1876 5586 cum
1911 5547 2011 5586 no-

441 5628 523 5684 bis
553 5626 815 5689 illuxerit,
851 5624 1028 5695 primo
1064 5621 1283 5678 docebit
1316 5619 1448 5690 quid
1475 5617 1784 5674 faciendum
1816 5621 1909 5684 sit,
1946 5629 2007 5674 ut

443 5719 718 5791 possimus
751 5717 816 5771 ad
860 5716 1102 5772 veritatis
1137 5713 1315 5768 radios
1350 5708 1610 5767 accedere
1649 5728 1662 5764 :
1699 5710 1858 5766 nobis
1897 5712 2006 5767 sci-

259 6107 500 6188 Α.

2118 4621 2215 4688 τῆς
2261 4618 2453 4689 ἀγωγὴ
2497 4615 2765 4688 προσάγει
2804 4617 2952 4686 ἡμᾶς
3001 4617 3068 4686 τῇ
3113 4613 3311 4683 γνώσει
3365 4615 3458 4668 τοῦ
3511 4617 3689 4685 φωτὸς

2116 4712 2347 4774 ἐκείνου,
2371 4710 2400 4764 ὃ
2436 4709 2596 4782 μέχρι
2643 4709 2745 4779 τῆς
2775 4708 3121 4780 ἀνθρωπίνης
3165 4707 3374 4761 κάτεισι
3423 4709 3639 4776 φύσεως
3669 4726 3684 4740 ·

2114 4801 2214 4854 οὐκ
2241 4802 2349 4855 ἀπό
2384 4817 2530 4864 τινος
2571 4798 2682 4852 τῶν
2727 4801 2856 4870 περὶ
2893 4799 2962 4852 τὰ
3005 4798 3181 4869 ἄστρα
3207 4799 3511 4869 φωστήρων
3550 4799 3689 4870 λαμ-

2116 4896 2348 4966 πόμενον
2371 4934 2386 4958 ,
2427 4895 2503 4958 ώς
2532 4894 2597 4948 ἂν
2644 4894 2719 4966 μὴ
2751 4897 2849 4965 τῆς
2901 4892 3264 4964 ὑποκειμένης
3307 4891 3440 4962 ὑλης
3471 4895 3505 4963 ἡ
3546 4895 3690 4963 αὑγὴ

2115 4986 2396 5058 νομισθείη
2417 5025 2433 5047 ,
2463 4985 2576 5041 ἀλλ’
2615 4987 2724 5040 ἀπὸ
2750 4986 2945 5057 γηῒνης
2974 4984 3179 5056 θάμνου
3216 4985 3345 5048 τοὺς
3373 4985 3495 5038 κατ’
3524 4985 3687 5055 οὐρα-

2117 5079 2208 5133 νὸν
2232 5079 2521 5150 φωστῆρας
2547 5080 2667 5142 ταῖς
2687 5078 2899 5131 ἀκτῖσιν
2917 5076 3408 5149 ὑπερϐαλλόμενον.
3429 5078 3511 5128 Δι’
3530 5070 3595 5128 οὑ
3614 5076 3692 5129 δι-

2117 5167 2425 5240 δασκόμεθα
2458 5169 2552 5222 καὶ
2575 5167 2637 5221 τὸ
2663 5167 2805 5221 κατά
2834 5166 2934 5238 τὴν
2953 5167 3230 5238 Παρθένον
3251 5167 3574 5238 μυστήριον,
3595 5167 3690 5233 ἀφ’

2108 5256 2176 5332 ἦς
2213 5259 2274 5313 τδ
2309 5261 2409 5329 τῆς
2450 5258 2856 5330 Θεότητοςφῶς
2896 5257 3211 5329 ἐπιλάμψαν
3253 5256 3332 5327 τῷ
3359 5257 3693 5328 ἀνθρωπίνῳ

2113 5350 2212 5422 βίῳ
2255 5350 2343 5404 διὰ
2388 5352 2724 5419 γεννήσεως,
2782 5348 3109 5421 ἀδιάφθορον
3155 5347 3390 5419 ἐφύλαξε
3424 5347 3525 5419 τὴν
3571 5347 3693 5414 ἑξά-

2107 5443 2288 5512 ψασαν
2315 5442 2537 5514 θάμνον,
2565 5441 2662 5495 τοῦ
2692 5441 2921 5512 βλαστοῦ
2948 5441 3051 5512 τῆς
3081 5439 3377 5512 παρθενίας
3423 5439 3502 5511 μὴ
3528 5455 3692 5508 μετα-

2113 5533 2476 5604 μαρανθέντος
2507 5532 2586 5604 τῷ
2630 5533 2790 5604 τόκῳ.
2831 5533 2970 5605 Παρ’
3004 5531 3212 5587 ἐκείνου
3259 5529 3357 5584 τοῦ
3401 5529 3581 5600 φωτὸς
3613 5529 3691 5582 δι-

2109 5623 2442 5695 δασκόμεθα,
2488 5625 2542 5677 τί
2585 5625 2928 5696 ποιήσαντες,
2961 5623 3113 5687 ἐντὸς
3157 5621 3269 5678 τῶν
3315 5623 3555 5676 ἀκτίνων
3597 5622 3692 5690 τῆς

2115 5715 2372 5785 ἀληθείας
2403 5716 2713 5786 στησόμεθα
2733 5733 2747 5746 ο
2792 5717 2872 5768 ὅτι
2905 5715 3007 5768 οὑκ
3046 5713 3161 5768 εστι
3191 5712 3498 5784 δεδεμένοις
3539 5714 3693 5770 ποσὶν
