3844 6222
178 361 271 418 535

1457 366 1546 421 DE
1581 367 1739 423 VITA
1782 366 1921 421 MOY
1934 365 2053 421 SIS.

3293 360 3403 419 εει

178 476 476 546 ἀναδραμεῖν
510 475 647 547 πρὸς
697 476 758 531 τὸ
784 476 916 547 ὕψος
958 479 1152 545 ἐκεῖνο,
1187 481 1247 533 ἐν
1278 472 1323 548 ᾧ
1368 479 1430 535 τδ
1460 481 1577 551 φῶς
1626 481 1705 550 τῆι

1828 480 1957 536 licet
1982 495 2091 535 non
2121 479 2285 535 licere
2313 478 2542 549 pedibus
2564 478 2846 543 revinctis,
2864 479 2931 535 ad
2948 480 3163 537 culmen
3191 481 3323 536 illud
3341 481 3399 538 in

180 568 404 637 ἀληθείας
427 570 639 638 ὁρᾶται,
692 572 741 623 εί
788 571 862 641 μὴ
908 572 1223 643 περιλυθείη
1267 573 1376 627 τῶν
1406 575 1504 646 τῆς
1545 575 1724 645 ψυχῆς

180 667 362 734 βάσεων
406 665 437 734 ή
476 665 648 735 νεκρά
683 683 743 718 τε
781 667 874 720 καὶ
902 648 1063 738 γηῖνη
1106 667 1214 721 τῶν
1247 668 1528 740 δερμάτων
1566 687 1722 740 περι-

178 757 308 826 ϐολὴ,
336 756 366 825 ἡ
394 756 735 826 περιτεθείσα
760 760 879 810 κατ’
900 759 1071 827 ἀρχὰς
1098 762 1162 830 τῇ
1192 759 1371 829 φύσει,
1397 762 1484 814 ὅτε
1510 761 1597 815 διὰ
1624 763 1723 830 τῆς

178 848 430 919 παρακοῆς
476 846 569 900 τοῦ
619 848 763 902 θείου
807 848 1112 920 θελήματος
1150 850 1565 922 ὲγυμνώθημεν.
1610 852 1722 905 Καὶ

177 942 327 1004 οὕτως
356 940 773 1011 ἐπακολουθήσει
803 940 1008 994 τούτων
1055 944 1191 1013 ἡμῖν
1223 943 1528 1013 γενομένων
1565 945 1598 1015 ἡ
1624 945 1721 1015 τῆς

174 1032 401 1103 ἀληθείας
422 1030 622 1098 γνῶσις
662 1032 761 1101 τῆς
808 1033 935 1103 περὶ
962 1034 1023 1086 τὸ
1063 1033 1137 1103 μὴ
1170 1032 1228 1087 ὃν
1266 1034 1585 1105 ὑπολήψεως
1618 1054 1720 1088 καο

176 1125 366 1195 θάρσιον
407 1124 633 1193 γίνεται.
670 1124 842 1179 Τοῦτο
878 1126 935 1178 δέ
984 1127 1119 1187 ἐστι,
1168 1126 1311 1181 κατά
1354 1144 1417 1195 γε
1455 1129 1544 1180 τὸν
1590 1128 1720 1198 ἐμὸν

173 1217 326 1284 λόγον,
373 1217 594 1287 ὁρισμὸς
637 1215 916 1286 ἀληθείας.
965 1218 1028 1270 τὸ
1062 1217 1135 1288 μὴ
1188 1218 1574 1288 διαψευσθῆναι
1622 1221 1720 1289 τῆς

173 1309 251 1361 τοῦ
280 1310 418 1372 ὄντος
456 1310 855 1379 κατανοήσεως.
887 1308 1114 1379 (Ψεῦδος
1150 1311 1258 1381 γάρ
1291 1312 1406 1363 ἐστι
1452 1313 1721 1378 φαντασία

170 1420 241 1465 τις
273 1402 389 1472 περὶ
415 1401 476 1454 τὸ
513 1402 587 1471 μὴ
624 1400 686 1454 ὃν
730 1402 1053 1473 ἐγγινομένη
1088 1405 1154 1473 τῇ
1204 1404 1432 1475 διανοίᾳ,
1472 1404 1547 1466 ὡς
1590 1406 1719 1472 ὑφε-

173 1493 348 1555 στῶτος
374 1492 463 1544 τοῦ
499 1492 573 1561 μὴ
606 1492 943 1562 ὑπάρχοντος
964 1510 976 1523 ’
1005 1491 1231 1562 ἀλήθεια
1261 1493 1339 1554 δὲ,
1384 1496 1417 1564 ή
1446 1494 1540 1547 τοῦ
1568 1494 1718 1556 ὄντος

168 1584 387 1655 ἀσφαλὴς
419 1583 792 1653 κατανόησις.)
839 1584 948 1637 Καὶ
990 1583 1132 1637 οὕτω
1180 1584 1358 1655 πολλῷ
1392 1603 1477 1649 τις
1514 1586 1593 1656 τῷ
1623 1604 1719 1653 με-

168 1677 279 1741 ταξὺ
310 1676 481 1746 χρόνῳ
508 1678 626 1738 ταῖς
652 1675 882 1745 ὑψηλαῖς
919 1674 986 1727 δι’
1021 1675 1253 1746 ἡσυχίας
1279 1675 1718 1746 ὲμφιλοσοτρήσας

167 1768 411 1837 μελέταις,
452 1767 605 1837 μόλις
636 1769 977 1837 κατανοήσει,
1010 1767 1063 1818 τί
1099 1768 1196 1836 μέν
1218 1768 1366 1820 ἐστιν
1395 1769 1470 1831 ὡς
1500 1769 1716 1838 ἀληθῶς

1824 588 1935 642 quo
1999 579 2213 628 tenetur
2264 572 2358 626 lux
2415 574 2660 629 veritatis
2712 573 3051 635 ascendere.
3114 575 3221 631 nisi
3283 576 3399 631 sol-

1823 674 1981 718 vatur
2037 680 2103 719 ex
2175 663 2370 719 animae
2431 666 2630 735 plantis
2695 674 2944 722 mortuus
3005 682 3069 722 ac
3120 668 3397 725 terrestris

1823 755 2045 824 pellium
2072 756 2330 820 amictus,
2354 772 2483 827 quo,
2509 756 2575 811 ab
2609 758 2764 811 initio
2794 769 2987 813 natura
3026 768 3215 815 nostra
3239 760 3397 814 invo-

1824 845 1935 899 luta
1988 852 2092 907 εει,
2118 862 2230 916 quo
2274 856 2514 916 tempore
2556 864 2681 902 cum
2732 848 2928 903 divina:
2972 850 3238 905 voluntati
3283 866 3393 904 non

1822 938 2218 1005 paruissemus,
2256 940 2442 994 nudati
2472 955 2690 1003 sumus;
2716 949 2879 1010 atque
2909 941 2982 994 ita
3010 941 3391 1012 cogitationem

1821 1028 1941 1097 ejus
1974 1032 2065 1099 qui
2101 1039 2185 1085 est
2218 1035 2602 1101 suscipiemus,
2645 1039 2698 1086 et
2731 1033 3016 1101 opiniones
3043 1033 3111 1087 de
3154 1049 3221 1088 eo
3246 1033 3391 1103 quod

1821 1137 1929 1176 non
1965 1132 2049 1178 est
2084 1124 2249 1179 falsas
2292 1126 2508 1193 penitus
2556 1124 2790 1193 repellit.
2838 1124 2963 1177 lla‘c
2999 1125 3143 1180 enim
3195 1131 3278 1180 est
3310 1126 3393 1196 (ut

1822 1230 1923 1285 ego
1953 1217 2152 1284 sentio)
2186 1217 2434 1271 veritatis
2464 1214 2736 1277 dillinitio,
2774 1215 2929 1269 llrma
2961 1216 3081 1285 ejus
3128 1218 3272 1286 quod
3305 1227 3391 1273 est

1822 1308 2164 1372 intellectio;
2208 1307 2417 1365 falsitas
2460 1311 2604 1363 enim
2642 1309 2986 1380 phantastica
3025 1311 3270 1378 quaedam
3306 1319 3391 1365 est

1821 1402 1968 1453 circa
2003 1398 2055 1453 id
2087 1400 2230 1469 quod
2275 1416 2381 1454 non
2424 1410 2508 1455 est
2535 1402 2971 1471 comprehensio,
3014 1403 3171 1471 quasi
3204 1402 3388 1455 subsi-

1820 1498 1928 1544 stat
1972 1491 2115 1559 quod
2156 1506 2265 1544 non
2311 1500 2413 1546 est.
2455 1490 2667 1546 Veritas
2710 1500 2889 1544 autem
2927 1500 3011 1545 est
3055 1491 3195 1560 ejus,
3242 1491 3388 1559 quod

1817 1594 1944 1635 vere
1985 1588 2102 1644 est,
2150 1580 2307 1635 ﬁrma
2354 1582 2668 1637 intellet-tio.
2722 1579 2922 1650 Longis
2969 1590 3151 1633 autem
3194 1579 3388 1648 spatiis

1819 1682 2128 1743 temporum
2155 1674 2337 1729 altiori
2358 1690 2456 1745 per
2480 1674 2717 1744 quietem
2742 1673 2925 1728 animo
2954 1672 3202 1728 meditari
3230 1684 3390 1740 opor-

1818 1772 1915 1829 tet,
1951 1774 2010 1819 ut
2039 1764 2265 1819 ﬁrmiter
2289 1766 2589 1835 intelligere
2618 1765 2819 1835 possis,
2841 1763 2970 1834 quid
3004 1762 3074 1817 sit
3102 1762 3245 1833 quod
3274 1776 3387 1816 non

164 1860 216 1911 τὸ
239 1859 309 1922 ὂν,
338 1860 364 1911 ὃ
393 1861 457 1930 τῇ
484 1858 648 1912 αὑτοῦ
674 1858 834 1927 φύσει
866 1858 928 1912 τὸ
952 1854 1091 1912 εἶναι
1116 1858 1228 1929 ἔχει
1248 1876 1259 1889 ·
1290 1860 1343 1912 τί
1372 1860 1428 1914 δὲ
1450 1862 1512 1914 τὸ
1534 1862 1607 1933 μὴ
1630 1862 1705 1925 ὂν,

1814 1865 1922 1919 εει,
1959 1857 2105 1925 quod
2154 1858 2331 1914 solum
2361 1874 2483 1913 esse
2512 1857 2750 1921 videtur,
2798 1872 2923 1911 cum
2979 1872 3076 1926 per
3115 1871 3175 1911 se
3223 1864 3387 1924 atque

164 1952 268 2004 ὁὲν
295 1951 368 2021 τῷ
406 1951 583 2004 δοκεῖν
620 1946 758 2003 εἶναι
793 1951 951 2022 μόνον
979 1952 1146 2015 ἐστὶν,
1184 1954 1554 2008 ἀνυπόστατον
1591 1955 1711 2024 ἔχον

161 2045 237 2111 εἰς’
256 2043 436 2097 ἑαυτοῦ
462 2042 561 2113 τὴν
586 2041 767 2112 φύσιν.
797 2043 865 2096 Ὅ
888 2060 979 2113 μοι
1002 2044 1147 2098 δοκεῖ
1166 2045 1287 2098 τότε
1312 2048 1341 2098 ὁ
1366 2046 1540 2117 μέγας
1563 2046 1715 2101 Μωῦ-

162 2137 266 2205 σῆς,
302 2138 357 2188 ἐν
381 2139 442 2207 τῇ
478 2136 770 2207 θεοφανείᾳ
798 2136 1130 2201 παιδευθεὶς,
1161 2137 1363 2206 γνῶναι
1383 2154 1396 2167 ·
1440 2139 1521 2192 ὅτι
1560 2140 1713 2193 οὐδὲν

156 2228 252 2280 τῶν
277 2228 465 2288 ἄλλων,
493 2229 596 2281 ὅσα
632 2244 693 2280 τε
718 2230 784 2299 τῇ
814 2227 1065 2300 αἰσθήσει
1091 2229 1587 2300 καταλαμϐάνεται,
1619 2232 1713 2284 καὶ

155 2321 244 2372 ὃσα
265 2321 397 2373 κατὰ
420 2320 660 2374 διάνοιαν
684 2321 989 2392 θεωρεῖται,
1013 2321 1091 2392 τῷ
1109 2321 1224 2375 ὄντι
1245 2322 1541 2394 ὑφέστηκε,
1573 2324 1711 2395 πλὴν

149 2412 244 2481 τῆς
267 2414 515 2483 ὑπεράνω
544 2411 788 2482 ἑστώσης
816 2413 1005 2476 οὐσίας
1034 2414 1127 2467 καὶ
1154 2413 1332 2478 αίτίας
1360 2414 1455 2467 τοῦ
1487 2414 1707 2479 παντὸς,

151 2504 237 2572 ἀφ’
269 2500 333 2575 ἦς
368 2504 601 2574 ἐξῆπται
631 2504 693 2558 τὸ
730 2506 861 2559 πᾶν.
884 2506 951 2560 Et
980 2505 1090 2576 γάρ
1128 2522 1179 2558 τι
1227 2507 1318 2559 καὶ
1347 2506 1476 2560 ἄλλο
1507 2509 1566 2561 ἐν
1596 2510 1711 2570 τοῖς

147 2591 285 2648 οὖσιν
310 2599 343 2667 ἡ
373 2596 582 2650 διάνοια
630 2596 837 2666 βλέπει,
871 2596 985 2650 ἀλλ’
1015 2599 1072 2650 ὲν
1114 2597 1288 2651 οὐδενὶ
1313 2598 1423 2650 τῶν
1459 2598 1628 2651 ὄντων
1652 2598 1711 2651 τὸ

148 2688 424 2757 ἀπροσδεὲς
473 2688 571 2742 τοῦ
623 2688 810 2757 ἐτέρου
859 2688 1121 2760 εὐθεωρεῖ
1160 2689 1189 2740 ὁ
1220 2689 1393 2757 λόγος,
1421 2683 1465 2757 ᾧ
1488 2690 1710 2744 δυνατόν

147 2779 252 2832 ἔστι
286 2779 402 2849 δίχα
426 2779 530 2849 τῆς
552 2779 839 2849 μετουσίας
864 2779 959 2833 τοῦ
987 2780 1138 2845 ὄντος
1161 2777 1321 2835 εἶναι.
1346 2783 1419 2835 Τὸ
1445 2782 1502 2836 δὲ
1533 2782 1706 2836 ὡσαύ-

145 2888 244 2934 πως
268 2870 382 2941 ἔχον
408 2872 519 2935 ἀεὶ,
550 2872 611 2924 τὺ
648 2871 897 2936 ἀναυξές,
928 2871 991 2924 τὸ
1021 2873 1309 2943 ἀμείωτον,
1340 2874 1403 2927 τδ
1441 2875 1575 2945 πρὸς
1607 2877 1709 2928 πᾶ-

146 2979 235 3015 σαν
263 2962 560 3033 μεταϐολὴν
586 2964 684 3035 τήν
707 2981 767 3016 τε
796 2964 934 3034 πρὸς
966 2964 1029 3017 τὸ
1053 2967 1299 3034 κρεῖττον
1330 2966 1424 3019 καὶ
1452 2966 1548 3037 τὴν
1572 2967 1710 3037 πρὸς

143 3054 192 3107 τὸ
220 3057 391 3127 χεῖρον
418 3057 617 3127 ἐπίσης
649 3056 903 3126 ἀκίνητον
923 3072 939 3085 ⁸
962 3056 1058 3109 τοῦ
1085 3057 1181 3125 μὲν
1207 3056 1317 3129 γὰρ
1351 3058 1594 3128 χείρονος
1616 3061 1710 3126 ἠλ-

1818 1958 2066 2002 naturam
2092 1964 2247 2004 suam
2278 1949 2500 2004 minime
2522 1949 2806 2004 subsistat.
2845 1947 2975 2001 Mihi
2996 1947 3140 2002 enim
3169 1946 3387 2002 videtur

1815 2056 2046 2111 magnus
2080 2042 2169 2097 ille
2196 2041 2406 2113 Moyses
2427 2056 2491 2097 ea
2511 2043 2563 2098 in
2588 2041 2796 2098 visione
2816 2040 3095 2106 didicisse,
3124 2039 3263 2095 nihil
3290 2055 3385 2096 ea-

1816 2150 1935 2187 rum
1964 2151 2171 2197 rerum,
2218 2150 2338 2203 quae
2376 2144 2469 2187 aut
2504 2148 2667 2190 sensu
2699 2134 3259 2203 comprehenduntur,
3288 2143 3385 2188 aut

1814 2232 1994 2280 mente
2023 2226 2446 2297 perspiciuntur,
2483 2237 2681 2296 praeter
2718 2241 3026 2295 supremam
3056 2227 3379 2291 essentiam,

1813 2332 1935 2387 quae
1957 2317 2199 2371 omnium
2226 2332 2389 2371 causa
2414 2324 2518 2379 est,
2549 2325 2602 2371 et
2632 2333 2664 2371 a
2703 2334 2810 2387 qua
2835 2317 3021 2371 omnia
3053 2318 3380 2387 dependent,

1813 2424 1939 2463 vere
1965 2410 2285 2466 subsistere.
2317 2409 2375 2463 In
2407 2410 2556 2463 nullo
2594 2409 2738 2463 enim
2765 2408 3087 2465 caeterorum
3121 2411 3385 2481 indepen-

1813 2501 1995 2555 dentia
2024 2500 2260 2570 perspici
2335 2507 2536 2568 potest,
2589 2500 2664 2554 ita
2714 2508 2769 2553 ut
2821 2499 3034 2570 absque
3088 2503 3383 2572 participa-

1815 2593 1962 2646 tione
1990 2593 2101 2646 veri
2142 2593 2283 2648 entis
2310 2594 2485 2663 possit
2518 2608 2658 2647 esse.
2692 2591 2879 2646 Solum
2914 2592 2968 2647 id
3010 2593 3155 2663 quod
3189 2594 3380 2649 eodem

1813 2685 1974 2739 modo
1996 2700 2207 2756 semper
2230 2701 2289 2740 se
2317 2686 2499 2746 habet,
2519 2701 2794 2755 nunquam
2816 2694 3064 2754 augetur,
3098 2702 3378 2757 nunquam

1812 2778 2095 2841 minuitur,
2143 2776 2425 2846 aequaliter
2457 2777 2523 2831 ad
2573 2793 2789 2832 omnem
2840 2778 3222 2844 mutationem,
3268 2787 3379 2831 tam

1811 2869 1878 2924 ad
1909 2870 2064 2939 pejus
2092 2884 2256 2938 quam
2287 2870 2353 2924 ad
2375 2871 2589 2935 melius,
2618 2870 2955 2924 immutabile
2987 2889 2999 2924 :
3050 2869 3205 2939 pejus
3234 2871 3381 2923 cnim

1814 2962 1887 3015 ibi
1916 2970 2010 3014 aut
2042 2962 2245 3015 malum
2290 2977 2399 3016 non
2436 2971 2541 3024 est,
2593 2963 2788 3017 melius
2832 2977 2962 3016 vero
3013 2962 3242 3016 inveniri
3272 2977 3382 3015 non

1811 3060 2007 3121 potest.
2043 3051 2223 3117 Quare
2255 3053 2431 3106 solum
2467 3054 2614 3107 nulla
2647 3068 2706 3107 re
2734 3054 2841 3107 alia
2875 3052 3102 3124 indiget,
3129 3061 3182 3107 et
3210 3053 3381 3107 solius

141 3146 440 3217 λοτρίωται·
480 3147 543 3201 τὸ
588 3147 644 3201 δὲ
690 3150 936 3218 κρεῖττον
981 3148 1083 3200 οὐκ
1132 3147 1246 3217 ἔχει
1271 3164 1285 3177 ·
1315 3148 1379 3200 τὸ
1418 3147 1476 3200 δὲ
1508 3148 1705 3212 παντὸς

1810 3150 2005 3197 cuncta
2040 3143 2317 3212 indigent:
2347 3145 2523 3200 solum
2555 3154 2750 3200 cuncta
2787 3154 3067 3216 appetunt,
3093 3146 3211 3201 solo
3240 3161 3382 3200 cun-

138 3239 370 3302 ἁνενδεές
406 3240 619 3310 ἐτέρου,
650 3239 710 3292 τὸ
750 3240 908 3309 μόνον
932 3239 1177 3311 ὀρεκτὸν,
1203 3236 1299 3293 καί
1331 3240 1481 3311 παρά
1508 3242 1707 3305 παντὸς

138 3330 509 3401 μετεχόμενον,
564 3331 659 3384 καὶ
695 3331 754 3384 ἐν
801 3333 867 3401 τῇ
916 3331 1175 3403 μετουσίᾳ
1218 3331 1327 3385 τῶν
1372 3333 1706 3403 μετεχόντων

133 3422 230 3473 οὐκ
252 3421 664 3490 ἐλαττούμενον.

201 3514 362 3567 Τοῦτό
395 3517 549 3568 ἐστιν
595 3514 671 3578 ὼς
712 3513 929 3584 ἀληθῶς
962 3514 1022 3567 τὸ
1060 3514 1229 3578 ὄντως
1256 3514 1336 3579 ὃν,
1368 3517 1464 3569 καὶ
1499 3518 1534 3586 ἠ
1569 3516 1698 3569 τού-

135 3623 218 3658 του
248 3607 599 3677 κατανόησις,
645 3607 678 3676 ἡ
725 3606 824 3675 τῆς
870 3605 1126 3675 ἀληθείας
1166 3607 1366 3674 γνῶσίς
1398 3608 1563 3661 ἐστιν.
1612 3609 1700 3661 Ἐν

133 3697 292 3769 τούτῳ
344 3700 528 3752 τοίνυν
581 3698 865 3767 γινόμενος
911 3699 1034 3750 τότε
1083 3698 1181 3769 μὲν
1225 3700 1450 3761 ἐκεῖνος.
1500 3699 1596 3753 νῦν
1642 3698 1700 3751 δὲ

136 3793 231 3852 πᾶς
270 3792 299 3843 ὁ
330 3793 449 3844 κατ’
480 3792 691 3843 ἐκεῖνον
724 3789 827 3858 τῆς
856 3789 1049 3860 γητνης
1094 3790 1257 3844 αὐτὸν
1297 3789 1503 3843 ἐκλύων
1544 3808 1700 3861 περι-

135 3881 311 3953 Εολῆς,
364 3882 462 3935 καὶ
500 3880 565 3933 τὸ
616 3883 681 3933 ὲκ
733 3880 830 3950 τῆς
879 3879 1041 3949 βάτου
1087 3879 1204 3948 φῶς
1245 3879 1494 3949 βλέπων,
1554 3882 1698 3959 τοῦτ’

133 3973 254 4030 ἔστι.
285 3971 420 4040 πρὸς
467 3972 570 4041 τὴν
598 3970 686 4024 διά
718 3970 922 4040 σαρκὸς
964 3970 1066 4039 τῆς
1102 3970 1447 4035 ἀκανθώδους
1496 3966 1700 4040 ταύτης

134 4061 503 4131 ἐπιλάμψασαν
523 4064 655 4131 ἡμῖν
684 4063 897 4124 ἀκτῖνα,
924 4062 1044 4131 ἣτις
1067 4062 1202 4124 ἐστὶ,
1232 4060 1412 4126 καθὼς
1434 4063 1495 4116 τὸ
1516 4063 1697 4132 Εὐαγ-

130 4154 291 4207 vel-.69
316 4171 474 4223 φησι,
503 4153 567 4206 τὸ
592 4152 707 4220 φῶς
734 4153 795 4206 τὸ
820 4152 1090 4222 ἀληθινὸν,
1125 4155 1272 4224 καὶὴ
1298 4154 1521 4227 ἀλήθεια
1537 4171 1550 4184 ⁸
1574 4155 1695 4208 τότε

128 4239 258 4293 τοιοί
270 4257 351 4304 τος
371 4242 606 4308 γίνεται,
635 4238 744 4305 οἷος
774 4241 868 4294 καὶ
890 4242 1097 4312 ἑτέροις
1119 4245 1199 4306 είς
1231 4244 1506 4316 σωτηρίαν
1532 4245 1700 4316 ἀρκέο

132 4348 227 4392 σαι,
261 4333 354 4386 καὶ
386 4332 643 4386 καθελεῖν
676 4332 774 4401 μὲν
805 4333 904 4402 τὴν
950 4333 1354 4404 ἐπικρατοῦσαν
1388 4334 1574 4398 κακῶς
1600 4352 1696 4386 τυ-

130 4424 354 4489 ραννίδα,
410 4423 694 4488 ἐξελέσθαι
739 4424 795 4477 δὲ
836 4425 971 4494 πρὸς
1025 4425 1336 4497 ἐλευθερίαν
1378 4430 1485 4480 πᾶν
1527 4429 1588 4480 τὸ
1628 4431 1695 4499 τῇ

129 4518 324 4586 πονηρᾷ
363 4514 585 4586 δουλείᾳ
614 4516 1146 4587 κατακρατούμενον,
1180 4518 1276 4588 τῆς
1316 4518 1697 4592 ἀλλοιωθείσης

1809 3246 1894 3289 cta
1928 3237 2275 3306 participant,
2319 3250 2371 3293 et
2408 3253 2528 3311 (utre
2560 3238 2909 3308 participant,
2959 3255 3055 3309 per
3086 3240 3383 3309 participa-

1810 3330 2009 3384 tionem
2037 3340 2090 3383 et
2124 3338 2272 3393 sunt,
2311 3337 2364 3385 et
2394 3330 2530 3385 bene
2564 3340 2710 3387 sunt.
2754 3331 2908 3397 Quod
2939 3341 3120 3387 autem
3155 3334 3383 3402 partici-

1808 3427 1990 3489 patur.
2024 3437 2303 3491 nunquam
2342 3423 2701 3479 imminuitur.

1879 3510 1935 3564 ld
1970 3511 2135 3579 igitur
2167 3512 2412 3581 profecto
2459 3523 2577 3578 est,
2629 3518 2772 3584 quod
2820 3532 2946 3573 vere
2982 3526 3084 3585 est,
3111 3526 3165 3572 et
3216 3519 3379 3589 hujus

1807 3604 1919 3659 veri
1953 3605 2096 3660 entis
2124 3606 2449 3669 intellectio,
2479 3608 2544 3661 ad
2573 3624 2733 3677 quam
2766 3618 2895 3663 tunc
2920 3618 3213 3671 accesserit
3240 3619 3380 3693 Moy-

1807 3712 1894 3751 ses
1921 3714 1934 3751 :
1966 3705 2020 3752 et
2062 3713 2205 3753 nunc
2235 3700 2550 3769 quicunque
2577 3703 2737 3757 sicuti
2767 3705 2855 3759 ille
2884 3721 2913 3759 a
2945 3712 3191 3765 terrestri
3223 3729 3282 3767 se
3311 3733 3378 3773 ac

1806 3791 2034 3860 pelliceo
2074 3792 2306 3847 absolvit
2349 3795 2585 3860 amictu,
2636 3798 2869 3853 divinam
2907 3817 2975 3855 ex
3008 3805 3147 3860 rubo
3198 3807 3373 3865 lucem

1809 3884 2185 3953 prospiciens,
2234 3901 2353 3954 quae
2380 3887 2629 3943 videlicet
2659 3906 2725 3943 ex
2757 3905 2921 3947 carne
2954 3910 3053 3951 nos
3099 3898 3377 3955 illumina-

1807 3976 1917 4036 vit,
1946 3990 2067 4043 quae
2098 3982 2184 4030 est
2211 3977 2303 4029 lux
2338 3993 2465 4032 vera
2488 4017 2503 4039 ,
2546 3988 2599 4033 et
2638 3978 2754 4049 ipsa
2801 3983 3033 4049 veritas,
3087 3996 3148 4041 ut
3192 3988 3373 4046 Evan-

1802 4067 2001 4134 gelium
2028 4066 2189 4133 dicit,
2227 4076 2355 4122 tunc
2381 4070 2505 4124 talis
2534 4069 2782 4133 edicitur,
2817 4083 2875 4128 ut
2907 4076 3041 4131 alios
3072 4094 3290 4150 quoque
3320 4085 3372 4137 in

1807 4158 2111 4212 libertatem
2142 4159 2416 4213 vindicare
2437 4202 2451 4225 ,
2480 4164 2785 4231 tyrannidis
2814 4166 3073 4235 injustum
3104 4173 3375 4243 principa~

1798 4256 1911 4298 tum
1956 4245 2256 4315 deponere,
2291 4250 2593 4305 servientes
2623 4252 2858 4321 denique
2891 4258 3042 4325 ipsos
3078 4260 3131 4313 in
3166 4270 3369 4316 terram

1794 4338 2174 4404 promissionis
2204 4337 2485 4403 reducere,
2507 4352 2855 4400 commutatae
2881 4346 3102 4429 dextrae,
3127 4359 3179 4405 et
3208 4354 3375 4423 virga)

1796 4425 1850 4477 in
1891 4434 2200 4494 serpentem
2238 4441 2413 4481 versa:
2450 4429 2690 4495 auxilio,
2725 4431 2778 4485 id
2821 4442 2905 4487 est
2925 4425 2943 4495 ,⁷
2973 4435 3077 4490 [ide
3117 4439 3370 4493 incarna-

1796 4511 1959 4567 tionis
1999 4512 2149 4567 verbi
2194 4512 2503 4582 coadjutus.
2547 4514 2682 4572 Nam
2725 4522 2770 4575 si
2819 4522 3030 4593 Moyses
3079 4527 3162 4584 his
3208 4530 3370 4584 nixus

126 4604 305 4669 δεξιᾶς.
345 4608 444 4661 καὶ
490 4607 591 4677 τῆς
634 4608 715 4670 είς
756 4607 876 4677 ὄφιν
925 4607 1357 4679 μεταὸληθείσης
1396 4610 1691 4682 βακτηρίας

1810 4602 2083 4657 miraculis
2132 4619 2161 4657 a
2207 4607 2473 4662 servitute
2522 4614 2738 4680 tyranni
2786 4611 3042 4672 Hebraeos
3082 4619 3367 4687 liberavit,

124 4701 219 4753 τῶν
243 4703 543 4772 θαυμάτων
571 4699 1006 4771 καθηγουμένης.
1036 4693 1105 4770 ’ᾯ
1136 4717 1220 4769 μοι
1252 4700 1401 4754 δοκεῖ
1428 4701 1494 4753 δι’
1521 4703 1694 4770 αίνίγ-

128 4811 280 4860 ματος
311 4796 370 4848 τὸ
390 4794 486 4848 διὰ
518 4793 721 4865 σαρκὸς
750 4792 1186 4864 παραδηλοῦσθαι
1217 4790 1312 4845 τοῦ
1346 4792 1551 4862 Κυρίου
1592 4812 1692 4863 μυ-

125 4886 327 4955 στήριον
356 4886 465 4956 τῆς
512 4885 775 4955 φανείσης
818 4887 929 4947 τοῖς
971 4882 1279 4953 ἀνθρώποις
1325 4882 1594 4952 θεότητος,
1622 4885 1693 4937 δι’

122 4971 180 5044 ἧς
204 4977 407 5043 γίνεται
440 4977 479 5046 ἦ
506 4993 569 5028 τε
601 4974 696 5027 τοῦ
729 4975 989 5044 τυράννου
1028 4974 1363 5046 καθαίρεσις,
1387 4976 1482 5029 καὶ
1519 4977 1551 5046 ἡ
1581 4976 1690 5029 τῶν

122 5068 202 5117 ὑπ’
227 5066 390 5121 αὐτοῦ
442 5066 830 5136 κρατουμένων
872 5065 1173 5136 ἐλευθερία.
1209 5066 1291 5119 Τά
1325 5066 1382 5120 δέ
1432 5084 1498 5136 με
1555 5067 1690 5139 πρὸς

119 5158 207 5225 τὴν
239 5158 485 5212 διάνοιαν
513 5157 717 5225 ἄγοντα
747 5156 972 5226 ταύτην,
1006 5159 1126 5211 ἐστὶ
1154 5160 1464 5230 προφητική
1496 5176 1557 5213 τε
1595 5160 1688 5213 καὶ

119 5250 431 5322 εὐαγγελικὴ
484 5251 779 5322 μαρτυρία.
826 5250 883 5302 ’0
910 5249 1009 5320 μὲν
1049 5249 1157 5319 γὰρ
1184 5249 1473 5323 Προφήτης
1499 5253 1682 5322 φησίν·

121 5358 135 5381 ε
155 5336 292 5406 Αὕτη
308 5342 342 5409 ἡ
362 5339 661 5403 ἀλλοίωσις
674 5339 775 5408 τῆς
788 5338 967 5404 δεξιᾶς
988 5339 1082 5393 τοῦ
1110 5337 1391 5408 Ὑψίστου,
1412 5360 1431 5393 ι
1466 5342 1543 5405 ὡς
1587 5345 1685 5413 μὲν

115 5426 203 5494 τῆς
239 5427 389 5491 θείας
429 5426 649 5495 φύσεως
698 5429 757 5480 ὲν
790 5426 869 5496 τῷ
898 5427 1239 5499 ἀναλλοιιίντῳ
1282 5430 1684 5503 θεωρουμένης,

114 5518 173 5584 τῇ
199 5516 255 5568 δέ
278 5517 419 5587 πρὸς
442 5516 510 5569 τὸ
538 5516 766 5578 ἀσθενὲς
793 5517 889 5586 τῆς
930 5516 1275 5590 ἀνθρωπίνης
1307 5520 1519 5588 φύσεως
1556 5538 1687 5590 συγ-

113 5604 428 5669 καταϐάσει,
482 5606 620 5677 πρὸς
669 5607 732 5658 τὸ
778 5609 1044 5679 ἡμέτερον
1081 5610 1267 5680 σχῆμά
1310 5628 1369 5664 τε
1416 5614 1509 5666 καὶ
1548 5609 1685 5677 εἶδος

176 5784 216 5813 ¹⁹
242 5784 387 5838 l‘sal.
428 5799 614 5845 um,
644 5784 730 5837 ll.

1801 4709 1909 4747 non
1940 4694 2142 4764 injuria
2169 4696 2563 4755 incarnationis
2589 4705 2904 4773 mysterium
2923 4749 2937 4772 ,
2969 4724 3078 4778 quo
3103 4721 3155 4766 et
3181 4713 3370 4769 diabo-

1800 4785 1886 4839 lus
1932 4785 2246 4855 depositus,
2291 4796 2345 4842 et
2374 4789 2613 4845 humana
2644 4802 2840 4848 natura
2868 4797 3090 4853 liberata
3120 4811 3237 4867 est,
3274 4821 3370 4873 per

1800 4877 1915 4930 haec
1954 4877 2287 4931 arbitramur
2332 4880 2665 4948 signiﬁcari,
2715 4888 3017 4953 prazsertim
3075 4905 3195 4944 cum
3258 4904 3367 4948 tam

1798 4970 2150 5040 prophetica,
2185 4986 2347 5041 quam
2393 4971 2723 5044 Evangelica
2770 4980 3069 5035 auctoritas
3118 4982 3184 5036 ad
3229 4983 3367 5038 hanc

1798 5079 1899 5119 nos
1946 5063 2209 5118 inducant
2258 5065 2608 5120 sententiam.
2665 5067 2936 5139 Propheta
2989 5073 3133 5127 enim
3189 5074 3363 5130 dicit:

1801 5173 1820 5206 ι
1850 5154 1977 5209 Haec
2005 5165 2089 5211 est
2137 5156 2370 5210 mutatio
2414 5156 2649 5213 dexterae
2692 5160 2904 5217 Excelsi
2937 5164 3002 5217 ’°.
3040 5184 3059 5215 ι
3084 5164 3216 5219 Nam
3262 5170 3365 5224 etsi

1793 5256 1990 5300 natura
2018 5246 2202 5301 divina
2230 5248 2381 5301 nullo
2410 5258 2574 5317 pacto
2603 5254 2804 5307 mutari
2833 5263 3026 5324 queat,
3068 5257 3124 5310 in
3171 5274 3237 5313 eo
3282 5264 3367 5313 ta-

1793 5354 1915 5393 men
1941 5338 2088 5408 quod
2113 5338 2181 5393 ad
2210 5340 2601 5395 assumendum
2628 5343 2902 5399 hominem
2933 5346 3244 5417 descendit,
3272 5352 3367 5405 im-

1791 5425 2254 5498 becillitatemque
2280 5437 2527 5485 nostram
2560 5448 2687 5489 vere
2716 5436 2995 5507 suscepit,
3029 5438 3364 5497 commutata

1792 5519 2015 5576 dicitur.
2051 5520 2121 5575 Et
2165 5524 2307 5580 sicut
2346 5524 2519 5596 Moysi
2557 5542 2753 5585 manus
2783 5545 2815 5584 e
2845 5529 2967 5585 sinu
3001 5533 3199 5590 educta
3245 5535 3362 5589 visa

1792 5620 1879 5666 est
1908 5622 2237 5669 commutata
2258 5657 2273 5683 ,
2318 5631 2647 5689 rursnmque
2679 5620 2734 5675 in
2781 5622 2961 5677 sinum
3012 5624 3235 5678 reducta
3259 5664 3273 5689 ,
3306 5626 3362 5680 in
