3876 6218
416 335 525 392 ⁸35

1647 332 1703 388 S.
1747 327 2076 387 CREGOR"
2099 329 2394 390 NYSSEM

3578 341 3688 398 336

423 481 674 526 naturam
721 485 877 528 suam
919 470 1147 526 reducta
1190 480 1276 526 est
1299 488 1318 532 ς
1360 469 1524 526 simili
1569 484 1785 540 quoque
1831 469 1992 524 modo

2096 468 2499 547 ἀλλοιωθείσης.
2539 476 2649 529 Καὶ
2697 476 2807 548 γὰρ
2850 477 2968 530 ἐκεί
3011 476 3108 532 τοῦ
3148 477 3434 550 νομοθέτου
3477 480 3511 552 ἡ
3560 483 3688 550 χεὶρ

423 565 738 635 unigenitus
771 563 864 618 Dei
892 561 1061 618 Filius
1082 605 1096 630 ,
1127 580 1250 618 cum
1281 565 1334 618 in
1365 565 1488 618 sinu
1521 562 1697 618 Patris
1726 571 1844 626 est,
1870 563 1996 616 dex-

422 666 540 711 tera
585 654 796 711 Etcelsi
825 665 948 710 est:
985 670 1107 708 cum
1151 670 1281 708 γε·το
1325 671 1354 709 e
1397 655 1521 710 sinu
1570 653 1748 710 Patris
1788 653 1856 707 ad
1895 669 1994 708 nos

422 746 728 802 visitandos
755 746 1077 811 descendit,
1105 746 1410 801 secundum
1436 762 1537 801 nos
1569 749 1779 808 factus,
1804 760 1996 814 quam-

420 831 520 896 vis.
555 837 918 894 immutabilis
964 839 1035 894 sit
1085 839 1202 908 ipse
1235 845 1470 904 natura,
1499 845 1865 890 commutatus
1915 845 1994 887 ta-

420 948 546 988 men
592 931 814 986 dicitur.
864 932 932 983 At
981 943 1109 983 vero
1156 936 1444 997 postquam
1503 927 1726 981 morbos
1777 934 1997 979 nostros

2097 565 2462 635 προϐληθεῖσα
2492 567 2586 620 τοῦ
2637 569 2860 635 κόλπου,
2897 570 3035 639 πρὸς
3072 569 3133 622 τὸ
3180 569 3330 641 παρά
3371 570 3535 639 φύσιν
3587 574 3681 641 ἡλ-

2095 660 2292 730 λοιώθη
2323 661 2519 731 χρῶμα
2543 677 2558 690 ⁸
2589 663 2682 714 καὶ
2709 661 2870 714 πάλιν
2894 663 2954 714 ἐν
2991 661 3210 724 κόλποις
3232 662 3518 734 γενομένη,
3545 665 3684 734 πρὸς

2094 751 2194 822 τὴν
2227 751 2361 804 ἰδίαν
2400 752 2567 815 αὑτῆς
2596 751 2691 804 καὶ
2718 751 2858 804 κατὰ
2878 749 3039 819 φύσιν
3066 752 3333 822 ἐπανῆλθε
3361 753 3546 823 χάριν.
3570 755 3684 806 Καὶ

2095 845 2124 896 ὁ
2169 845 2459 915 μονογενὴς
2493 844 2643 906 Θεὸς,
2676 846 2703 896 ό
2733 843 2811 896 ὢν
2846 845 2904 896 ὲν
2933 843 3154 907 κόλποις
3189 843 3284 898 τοῦ
3323 845 3558 916 Πατρδς,
3592 842 3681 900 οὗ·

2096 938 2184 998 τός
2209 939 2358 989 ἐστιν
2381 940 2412 1006 ἠ
2453 935 2602 1002 δεξιά
2626 935 2717 987 τοῦ
2763 935 3038 1004 Ὑψίστου.
3075 937 3205 988 Ὅτε
3241 936 3298 989 δὲ
3328 938 3462 1007 ἡμῖν
3483 939 3547 991 ἐκ
3571 939 3683 991 τῶν

420 1022 662 1088 sanavit,
696 1031 1061 1091 naturamque
1094 1029 1339 1075 nostram
1387 1020 1442 1073 in
1495 1019 1674 1073 sinutn
1717 1033 1874 1072 sumn
1907 1031 1993 1070 re-

420 1113 577 1168 duxit
617 1114 809 1184 (sinus
836 1121 1016 1167 autem
1036 1112 1157 1169 Filii
1177 1111 1337 1165 Pater
1372 1111 1529 1181 est),
1561 1119 1690 1164 tunc
1727 1109 1843 1180 ipse
1884 1123 1994 1162 non

422 1215 702 1271 mutatus,
755 1205 957 1276 quippe
1005 1206 1096 1275 qui
1157 1204 1519 1275 impassibilis
1573 1213 1736 1272 atque
1787 1202 1996 1256 incom-

2097 1029 2310 1081 κόλπων
2357 1029 2548 1099 ἐφάνη.
2601 1027 2722 1081 καθ’
2755 1029 2901 1098 ἡμᾶς
2947 1026 3248 1098 ἡλλοιιῦθηο
3302 1027 3429 1080 ἐπεὶ
3475 1027 3533 1081 δὲ
3578 1028 3682 1089 τὰς

2097 1122 2370 1192 ἡμετέρας
2400 1120 2684 1184 ἀσθενείας
2723 1118 2985 1191 ἐκμάξας,
3021 1119 3188 1173 πάλιν
3233 1122 3550 1190 ἐπανήγαγε
3580 1122 3687 1190 τὴν

2096 1215 2154 1268 ὲν
2184 1216 2316 1286 ἡμῖν
2345 1212 2644 1284 γενομένην
2681 1215 2859 1282 χεῖρα,
2887 1213 2982 1265 καὶ
3009 1211 3129 1264 καθ’
3169 1213 3316 1281 ἡμᾶς
3339 1211 3686 1282 χρωσθεῖσαν

2096 1305 2189 1359 ἐπὶ
2217 1306 2308 1358 τὸν
2337 1303 2464 1357 ίδιον
2487 1303 2687 1356 κόλπον
2712 1301 2931 1372 (κόλπος
2951 1301 3009 1354 δὲ
3038 1303 3135 1370 τῆς
3170 1299 3350 1364 δεξιᾶς
3375 1302 3406 1353 ὁ
3440 1301 3682 1370 Πατὴρ).

2094 1398 2215 1451 τότε
2253 1397 2314 1449 οὑ
2347 1394 2408 1448 τὸ
2438 1393 2646 1457 ἀπαθὲς
2670 1394 2771 1463 τῆς
2809 1393 3022 1462 φύσεως
3056 1394 3135 1454 εἰς
3160 1390 3331 1453 πάθος
3357 1390 3681 1459 quam»,

425 1487 598 1556 Virgae
649 1492 830 1539 autem
881 1484 935 1539 in
983 1493 1291 1553 serpentem
1342 1481 1668 1547 conversio,
1718 1479 1994 1534 neminem

2096 1486 2234 1542 ἀλλὰ
2281 1485 2341 1539 τὸ
2381 1484 2612 1556 τρεπτόν
2660 1499 2720 1536 τε
2764 1483 2856 1536 καὶ
2901 1481 3146 1548 ἐμπαθὲς
3173 1482 3263 1534 διὰ
3299 1482 3399 1551 τῆς
3452 1483 3588 1552 πρὸς
3617 1483 3685 1534 τὸ

421 1576 856 1632 Christianorum
893 1577 1219 1640 conturbet,
1253 1574 1511 1644 quoniam
1549 1572 1615 1628 ad
1663 1571 1994 1626 incarnatio-

2096 1581 2362 1651 ἄτρεπτον
2412 1576 2694 1640 κοινωνίας
2743 1578 2822 1639 εἰς
2859 1575 3128 1628 ἀπάθειαν
3180 1573 3684 1644 μετεστοι-χείωσεν.

421 1685 542 1724 nem
563 1666 723 1723 Verbi
750 1682 779 1720 a
799 1667 956 1722 nobis
976 1665 1439 1720 accommodatur.
1460 1661 1593 1716 Nam
1613 1673 1665 1718 et
1686 1663 1886 1716 animal
1916 1660 1994 1724 id,

2108 1673 2172 1725 'H
2202 1671 2260 1725 δὲ
2291 1673 2370 1734 είς
2397 1671 2519 1740 ὄφιν
2549 1667 2816 1742 μεταϐολὴ
2861 1668 2962 1737 τῆς
3005 1664 3325 1736 βακτηρίας,
3364 1666 3439 1735 μὴ
3474 1681 3681 1735 ταρασ-

420 1761 669 1831 quatnvis
693 1774 882 1830 parum
909 1759 1308 1814 accommodari
1336 1758 1513 1813 sacris
1538 1754 1814 1828 mysteriis
1833 1767 1994 1823 posse

2097 1765 2410 1830 σέσθωτοὺς
2431 1764 2827 1834 φιλοχρίστους,
2858 1762 2934 1823 ὡς
2959 1761 3354 1831 ἀπεμφαένοντι
3370 1759 3494 1830 ζώῳ
3510 1776 3678 1830 προσ-

422 1824 843 1922 videatur,-ipsa
875 1860 1055 1904 tamen
1086 1849 1411 1920 Evangelica
1442 1824 1645 1905 veritas
1677 1847 1820 1901 hanc
1852 1846 1993 1899 ima-

2099 1824 2455 1930 αρμοξόντων
2487 1824 2640 1927 ἡμων
2689 1824 2916 1907 τὸντοῦ
2970 1824 3267 1925 μυστηρίου
3311 1824 3491 1920 λόγον..
3531 1824 3689 1924 dare;

420 1944 598 2011 ginem
631 1956 741 1997 non
774 1941 998 1997 omnino
1027 1943 1333 1996 contemnit
1355 1981 1370 2007 ,
1407 1956 1532 1997 cum
1564 1941 1713 1994 dicat
1741 1957 1756 1994 :
1788 1957 1808 1990 ι
1838 1937 1994 1994 Sicut

2098 1951 2206 2022 γὰρ
2250 1951 2282 2019 ὴ
2317 1948 2569 2022 Ἀλήθεια
2591 1947 2678 2001 διὰ
2726 1947 2827 2017 τῆς
2859 1945 3221 2016 εὑαγγελικῆς
3255 1944 3442 2014 φωνῆς
3473 1945 3534 1996 οὐ
3575 1961 3685 1996 πα-

423 2035 635 2108 lloyses
676 2033 934 2089 exaltavit
961 2040 1268 2104 serpentem
1302 2033 1358 2086 in
1389 2031 1644 2096 deserto,
1681 2030 1763 2085 sic
1792 2029 1990 2083 Filium

2102 2044 2370 2115 ραιτείται
2395 2039 2493 2110 τὴν
2521 2038 2775 2109 τοιαύτην
2797 2039 2997 2100 εἰκόνα,
3013 2034 3062 2088 δι
3077 2032 3097 2054 ’
3109 2027 3186 2088 ὧν
3204 2049 3369 2105 φησιν
3384 2051 3400 2066 ⁸
3429 2055 3449 2088 ι
3466 2035 3696 2104 Ὠσπερ

421 2129 662 2183 hominis
711 2125 940 2184 exaltari
991 2134 1205 2196 oportet
1249 2117 1316 2177 ἢ.
1353 2143 1372 2178 ι
1404 2123 1578 2192 Cujus
1619 2122 1761 2178 ratio
1809 2128 1990 2190 patet:

2100 2132 2209 2202 γὰρ
2239 2131 2478 2199 Μωῧσῆς
2516 2127 2696 2198 ὒψωσε
2740 2129 2834 2182 τὸν
2879 2127 3004 2196 ὄφιν
3049 2127 3106 2179 έν
3145 2127 3211 2195 τῇ
3257 2126 3467 2195 ἐρήμῳ,
3503 2125 3688 2188 οὕτως

421 2235 548 2276 nam
577 2235 702 2274 cum
735 2219 931 2274 divinae
961 2217 1178 2272 Littera
1210 2216 1417 2288 peccati
1443 2223 1650 2287 patrem
1685 2220 1992 2283 serpentem

2100 2224 2378 2294 ὑψωθῆναι
2407 2220 2486 2274 δεῖ
2514 2221 2606 2272 τὸν
2649 2219 2774 2272 Υίόν
2802 2217 2899 2272 τού
2945 2215 3253 2289 ἀνθρώπου.
3282 2230 3302 2264 t
3328 2213 3441 2266 Kal.
3459 2215 3688 2286 σαφὴςό

422 2311 742 2373 nominent,
794 2309 1038 2380 perfecto
1083 2309 1226 2380 quod
1273 2323 1306 2362 a
1353 2315 1608 2377 serpente
1649 2317 1836 2359 natum
1871 2312 1991 2368 est,

2099 2319 2274 2385 λόγος.
2303 2314 2367 2368 Et
2395 2312 2504 2382 γὰρ
2523 2315 2552 2365 ὁ
2576 2314 2677 2382 τῆς
2703 2309 2979 2381 ἁμαρτίας
3010 2308 3212 2380 πατὴρ,
3232 2306 3355 2375 ὄφις
3385 2305 3684 2375 ὠνομάσθη

421 2419 648 2474 serpens
675 2412 776 2459 est.
805 2402 1168 2470 Quamobrem
1199 2409 1482 2472 peccatum
1513 2397 1759 2469 parentis
1785 2397 1867 2451 sui
1893 2411 1994 2450 no-

2103 2403 2206 2457 ὑπδ
2231 2402 2329 2472 τῆς
2367 2399 2520 2462 θείας
2543 2397 2801 2469 Γραφῇ·
2836 2397 3017 2450 καὶτὸ
3048 2399 3114 2450 ὲκ
3144 2395 3240 2450 τοῦ
3279 2397 3458 2465 ὄφεως
3487 2411 3688 2463 γεννη-

422 2512 546 2552 tnen
591 2497 787 2552 merito
830 2494 1104 2566 suscepit,
1134 2506 1470 2562 serpensque
1507 2490 1632 2559 jure
1670 2488 1992 2559 appellatur.

2103 2493 2212 2556 θέν,
2244 2491 2458 2552 πάντως
2481 2490 2604 2558 ὄφις
2627 2487 2798 2541 ἐστίν.
2821 2487 3030 2540 Οὐκοῦν
3047 2485 3358 2548 ἀκολούθως
3379 2487 3413 2556 ή
3437 2484 3690 2556 ἁμαρτία

421 2591 489 2642 At
517 2603 647 2644 vero
680 2586 968 2640 Dominum
991 2625 1006 2650 ,
1037 2593 1260 2654 promer
1293 2597 1395 2637 nos
1423 2589 1702 2651 peccatum
1748 2593 1872 2634 esse
1912 2575 1994 2630 fa-

2100 2584 2201 2638 τοῦ
2225 2582 2615 2653 γεγεννηκότος
2649 2581 2821 2652 αὑτήν
2850 2579 2966 2632 ἔστι
2993 2579 3323 2648 συνώνυμος.
3367 2575 3531 2630 Ἀλλὰ
3581 2575 3689 2646 μὴν

2103 2675 2380 2747 ἁμαρτίαν
2423 2675 2489 2728 δι’
2519 2675 2666 2745 ἡμᾶς
2703 2671 2957 2741 γενέσθαι
2992 2671 3084 2725 τόν
3118 2672 3343 2741 Κύριον,
3376 2672 3404 2722 ό
3448 2669 3686 2722 ἀποστο-

2101 2769 2251 2833 λικδς
2294 2769 2729 2840 διαμαρτύρεται
2780 2767 2964 2836 λόγος.
3005 2765 3097 2818 τὸν
3143 2765 3246 2836 τὴν
3290 2763 3692 2836 ἀμαρτητικὴν

425 2877 639 2918 sumus.
673 2859 728 2914 Si
763 2867 1042 2928 peccatum
1077 2854 1253 2911 factus
1293 2862 1412 2918 est,
1443 2859 1595 2923 patet
1627 2848 1775 2920 quod
1805 2848 1996 2917 sequi-
2103 2862 2259 2932 ἡμῶν
2307 2861 2466 2930 φύσιν
2514 2859 2992 2934 περιβαλλόμενον,
3039 2858 3197 2910 κατὰ
3243 2855 3401 2924 λόγον
3445 2857 3560 2928 ἀρα
3609 2854 3695 2924 τῷ

424 2964 555 3022 tur;
583 2967 708 3008 nam
737 2953 827 3022 qui
862 2959 1144 3022 peccatum
1184 2948 1360 3002 factus
1387 2955 1474 3001 est
1500 2986 1514 3011 ,
1551 2958 1776 3014 serpens
1819 2939 1994 2996 factus

2104 2953 2290 3023 Κυρίῳ
2330 2951 2704 3023 προσαρμόζει
2733 2951 2795 3003 τὸ
2827 2950 3074 3019 αίνιγμα.
3115 2949 3178 3001 Εἰ
3204 2947 3312 3018 γὰρ
3345 2947 3472 3014 ὄφις
3517 2947 3617 3016 μὲν
3647 2947 3692 3015 ἠ

427 3055 544 3110 est,
573 3054 627 3101 et
658 3045 708 3100 id
735 3052 954 3115 propter
978 3058 1080 3097 nos
1101 3082 1115 3105 ,
1147 3049 1205 3094 ut
1236 3039 1523 3110 Egyptios
1551 3045 1870 3106 serpentes,
1900 3031 1994 3102 qui

2106 3045 2370 3114 ἁμαρτία,
2404 3047 2431 3096 ό
2451 3043 2507 3096 δὲ
2537 3043 2738 3114 Κύριος
2761 3041 3006 3112 ἁμαρτία
3025 3039 3259 3108 ἐγένετο,
3291 3039 3350 3101 δς
3375 3037 3537 3091 οὐδὲν
3565 3036 3698 3092 ἄλλο

427 3153 526 3211 per
573 3151 762 3208 magos
812 3135 1079 3189 viviﬁcari
1119 3133 1396 3195 videntur,
1444 3137 1763 3187 consumat,
1807 3135 1860 3180 et
1900 3127 1994 3178 tle-

2105 3139 2137 3204 ἦ
2191 3136 2432 3209 ἁμαρτία
2463 3135 2632 3196 ἐστὶν,
2679 3133 2814 3187 ἀλλά
2863 3133 2930 3186 δι’
2973 3135 3120 3204 ἡμᾶς
3169 3130 3380 3200 γίνεται
3413 3131 3563 3199 ὄφις,
3601 3131 3691 3198 ἐφ’

430 3239 645 3290 struat:
671 3245 784 3300 quo
817 3227 966 3284 facto
1003 3243 1198 3282 rursus
1240 3227 1294 3280 in
1338 3225 1543 3291 virgam
1589 3223 1839 3279 vertitur.
1887 3234 1994 3287 qua

2102 3224 2146 3298 ᾧ
2173 3247 2233 3282 τε
2263 3230 2388 3292 τοὺς
2409 3229 2735 3296 Αἰγυπτίους
2787 3227 2940 3296 ὄφεις
2985 3226 3112 3288 τοὺς
3136 3225 3285 3295 παρά
3333 3222 3443 3277 τῶν
3471 3224 3697 3295 γοήτων

429 3324 810 3394 delinquentes
857 3320 1217 3390 castigantur,
1269 3325 1323 3370 et
1370 3314 1724 3368 consolantur
1767 3312 1860 3380 qui
1910 3325 1994 3362 ar-

2105 3321 2574 3390 ζωογονουμένους
2625 3319 2908 3388 διαφαγεῖν
2943 3334 3004 3372 τε
3053 3319 3148 3371 καὶ
3185 3317 3594 3387 ἑνδαπανῆσαιο
3625 3309 3688 3368 οὗ

431 3416 595 3471 duam
631 3427 695 3468 ac
721 3412 992 3466 dillicilem
1037 3411 1257 3463 virtutis
1304 3413 1536 3478 pergunt
1579 3404 1758 3470 viam,
1804 3402 1994 3456 baculo

2099 3413 2414 3482 γενομένου,
2453 3411 2617 3463 πάλιν
2664 3411 2744 3472 εἰς
2775 3408 2873 3480 τὴν
2915 3408 3216 3479 βακτηρίαν
3259 3407 3584 3478 μεθίσταται
3614 3405 3686 3459 δι’

433 3508 555 3564 ﬁdei
607 3505 812 3576 optima
861 3519 958 3574 spe
1005 3502 1200 3556 innixi.
1236 3519 1259 3552 ι
1288 3500 1384 3554 Est
1431 3500 1574 3553 enim
1633 3496 1766 3550 ﬁdes
1815 3510 1994 3548 rerum

2099 3498 2168 3574 ἦς
2199 3499 2622 3568 σωφρονίζονται
2652 3501 2750 3570 μὲν
2776 3500 2826 3553 οἱ
2851 3499 3278 3571 ἁμαρτάνοντες.
3311 3498 3690 3552 ἀναπαύονται

431 3616 568 3672 quas
613 3612 898 3670 speramus
948 3593 1303 3650 subsistentia
1353 3593 1424 3652 ης
1455 3611 1474 3643 ›
1507 3605 1644 3660 quas
1688 3589 1994 3658 quicunque

2100 3596 2155 3648 δὲ
2174 3597 2220 3648 οί
2238 3596 2337 3664 τὴν
2357 3594 2610 3664 ἀνωφερῆ
2638 3593 3103 3664 καὶδυσπόρευτον
3117 3591 3218 3663 τῆς
3240 3593 3442 3664 ἀρετῆς
3459 3593 3700 3664 πορείαν

433 3705 613 3748 mente
641 3690 928 3760 concepit,
952 3688 1107 3758 quasi
1143 3685 1289 3740 Deus
1313 3698 1500 3738 eorum
1537 3682 1632 3744 fit;
1665 3680 1756 3750 qui
1787 3677 1994 3733 veritati

2103 3689 2364 3750 ἀνιόντες.
2397 3687 2484 3740 διὰ
2517 3685 2629 3740 τῶν
2668 3684 2888 3754 ἀγαθῶν
2922 3685 3150 3739 ἐλπίδων
3185 3689 3253 3756 τῇ
3288 3685 3562 3756 βακτηρίᾳ
3589 3685 3697 3754 τῆς

434 3785 758 3837 resistentes
783 3780 939 3834 carni
968 3794 1030 3834 ac
1063 3778 1213 3832 falsis
1249 3777 1408 3830 rebus
1439 3774 1760 3838 attendunt,
1801 3772 1994 3840 quibus

2103 3779 2340 3841 πίστεως
2374 3778 2794 3848 ἐπερειδόμενον..
2819 3794 2837 3827 t
2865 3775 3021 3829 Ἔστι
3065 3771 3176 3842 γὰρ
3194 3772 3376 3836 πίστις
3393 3774 3695 3845 ἐλπιζομέ-

436 3877 598 3928 inane
625 3871 902 3943 quoddam
933 3886 1056 3925 esse
1088 3870 1359 3928 videntur,
1393 3883 1516 3920 eum
1553 3864 1741 3919 audire
1771 3862 1863 3933 qui
1894 3869 1994 3916 est.

2103 3888 2207 3922 νυν
2243 3869 2554 3931 ὑπόστασις.
2584 3885 2603 3918 ι
2642 3866 2700 3921 '0
2719 3865 2897 3919 τοίνυν
2911 3869 2975 3922 ἐν
2998 3865 3246 3935 περινοίᾳ
3291 3862 3498 3917 τούτων
3532 3864 3701 3930 γενό-

435 3965 524 4017 Ait
548 3962 692 4017 enim
725 3959 934 4014 Pharao
967 3977 1026 4014 ιι
1060 3957 1193 4024 Quis
1221 3967 1304 4011 est
1341 3955 1600 4010 Dominus
1627 3954 1788 4023 cujus
1813 3967 1994 4007 vocem

2107 3978 2286 4031 μενος,
2317 3959 2448 4021 Θεὸς
2469 3959 2726 4030 ἄντικρυς
2750 3960 2978 4027 γίνεται,
3003 3957 3113 4009 τῶν
3135 3956 3550 4025 ἀνθεστηκότων
3587 3955 3700 4022 μὲν

435 4053 766 4110 exaudiam?
816 4066 928 4104 non.
970 4064 1240 4119 cognosco
1290 4048 1576 4100 Dominum
1625 4047 1711 4100 "z
1750 4064 1770 4098 ι
1824 4047 1994 4100 solum

2102 4052 2167 4120 τῇ
2196 4049 2440 4120 ἀληθείᾳ,
2490 4049 2625 4120 πρὸς
2669 4049 2725 4100 δὲ
2750 4049 2850 4118 τὴν
2883 4047 3056 4118 ὑλώδη
3091 4046 3298 4116 ταύτην
3343 4047 3440 4100 καὶ
3481 4046 3695 4099 ἀνυπό-

435 4151 616 4198 autem
648 4148 872 4210 putatur
903 4137 1219 4192 honorabile
1251 4149 1315 4188 ac
1346 4133 1648 4202 jucundum
1670 4173 1684 4195 ,
1715 4131 1860 4200 quod
1894 4137 1994 4184 ter-

2107 4159 2297 4194 στατον
2323 4142 2538 4210 ἀπάτην
2562 4139 2932 4208 ἑπτοημένων,
2953 4133 3035 4201 οἷς
3057 4137 3118 4190 τὸ
3141 4136 3370 4190 ἀκοῦσαι
3392 4137 3489 4190 τοῦ
3513 4137 3695 4199 ὄντος.

437 4237 611 4284 restre
650 4236 811 4296 atque
837 4225 1058 4279 carnale
1085 4234 1167 4277 est
1189 4261 1202 4284 ,
1233 4222 1489 4291 quodque
1517 4220 1768 4290 corporis
1808 4235 1994 4274 sensus

2105 4232 2293 4304 ὥσπερ
2317 4249 2369 4286 τι
2395 4231 2504 4285 τῶν
2535 4232 2778 4302 ματαίων
2811 4231 3310 4300 καταπεφρόνηται.
3343 4229 3484 4299 Φησὶ
3522 4228 3636 4298 γὰρ
3664 4233 3705 4282 ὁ

439 4319 607 4372 nimia
648 4317 924 4384 voluptate
973 4315 1177 4368 titillat.
1214 4312 1316 4378 Qui
1365 4327 1496 4366 vero
1539 4313 1678 4367 lucis
1717 4310 1994 4382 splendore

2104 4320 2325 4392 Φαραὼ,
2367 4339 2389 4371 ι
2410 4321 2689 4388 Τίςὲστιν,
2713 4315 2774 4375 οὗ
2795 4319 3182 4389 είσακούσομαι
3234 4318 3337 4388 τῆς
3365 4318 3556 4387 φωνῆς
3595 4319 3702 4371 αὑ-

437 4410 825 4466 eorroboratus
856 4417 936 4462 est
955 4447 969 4470 ,
1001 4408 1355 4476 ingentesque
1397 4404 1526 4458 hinc
1551 4404 1697 4458 vires
1721 4409 1776 4456 et
1815 4412 1994 4456 aucto-

2106 4412 2200 4464 τοῦ
2224 4427 2238 4476 ;
2267 4396 2367 4462 οὑκ
2387 4406 2501 4462 οἶδα
2517 4409 2608 4462 τὸν
2621 4405 2851 4478 Κύριον.
2869 4429 2889 4462 t
2909 4409 3085 4463 Μόνον
3098 4408 3155 4462 δὲ
3179 4407 3459 4478 νομίζεται
3481 4409 3702 4478 τίμιον,

438 4504 655 4555 ritatem
690 4501 742 4553 in
778 4497 1122 4552 adversarios
1156 4496 1330 4565 cepit,
1366 4495 1414 4549 is
1445 4493 1605 4548 sicuti
1637 4493 1841 4547 athleta
1871 4493 1994 4546 sati:

2110 4505 2230 4556 ὅσον
2259 4501 2457 4563 ὑλῶδες
2485 4501 2578 4554 καὶ
2607 4500 2862 4570 σάρκινον
2890 4500 2996 4552 τῶν
3035 4501 3163 4569 περὶ
3200 4501 3301 4562 τὰς
3342 4499 3703 4570 ἀλογωτέρας

438 4593 765 4648 exercitatus
791 4587 1124 4642 conﬁdenter
1167 4603 1231 4640 ac
1267 4601 1462 4655 magno
1493 4587 1674 4639 animo
1707 4585 1760 4638 in
1793 4584 1994 4638 hostem

2112 4592 2391 4662 αἰσθήσεις
2435 4589 2942 4660 ἀναστρεφομένων.
2974 4590 3038 4642 Et
3087 4590 3268 4642 τοίνυν
3300 4589 3394 4642 ἐπὶ
3435 4589 3712 4642 τοσοῦτον

440 4683 722 4740 descendit
749 4701 760 4735 :
792 4683 998 4750 virgam
1027 4679 1172 4732 illam
1202 4679 1255 4731 in
1288 4693 1452 4731 manu
1485 4677 1756 4739 retinens,
1789 4675 1892 4728 hoc
1923 4682 1994 4728 esl

2112 4686 2201 4738 διὰ
2237 4687 2335 4754 τῆς
2363 4681 2458 4735 τοῦ
2500 4681 2677 4751 φωτὸς
2709 4681 3033 4752 ὲκλὰμψεως
3053 4681 3416 4753 δυναμωθείη,
3441 4681 3539 4735 καὶ
3566 4699 3707 4734 τοσ-

439 4777 668 4830 verbum
717 4771 874 4836 lidei,
916 4787 1025 4842 quo
1067 4779 1347 4840 serpentes
1387 4767 1771 4839 Egyptiorum
1811 4767 1994 4822 confo-

2113 4777 2284 4846 αὐτην
2316 4773 2468 4844 ίσχύν
2491 4790 2552 4826 τε
2585 4772 2679 4825 καὶ
2720 4770 2966 4835 ἐξουσίαν
2991 4773 3132 4826 κατά
3159 4773 3271 4827 τῶν
3296 4773 3708 4842 ἀντιτεταγμέ-

442 4866 586 4928 dict,
619 4871 782 4934 atque
811 4863 1010 4917 vincet.
1055 4859 1325 4930 Sequetur
1354 4868 1533 4915 autem
1578 4861 1756 4929 ipsum
1804 4861 1994 4928 conjur

2115 4883 2220 4920 ww
2265 4865 2438 4937 λάσῃο
2480 4866 2622 4928 τότε,
2678 4862 2927 4936 καθάπερ
2957 4881 3044 4928 τις
3088 4864 3347 4935 ἀθλητὴς,
3385 4863 3589 4925 ἱκανῶς
3638 4867 3716 4917 ἐν

443 4956 782 5026 alienigena,
816 4955 1050 5009 humana
1092 4952 1343 5006 videlicet
1383 4952 1498 5007 lucc
1534 4953 1806 5018 eruditio,
1853 4954 1994 5022 cujus

2111 4955 2454 5028 παιδοτρίϐου
2499 4953 2600 5025 τὴν
2644 4953 2942 5024 ἀθλητικὴν
2991 4954 3244 5025 ἀνδρείαν
3293 4954 3717 5024 ἐκμελετήσας.

445 5056 575 5103 ιιιιιι
601 5046 860 5101 nonnulla
906 5044 972 5097 ad
1016 5043 1313 5097 liberorum
1354 5044 1791 5112 procreationem
1836 5046 1990 5098 utilia

2113 5048 2326 5116 θαρσῶν
2374 5045 2476 5116 ἤδη
2535 5045 2630 5098 καὶ
2679 5045 2973 5108 πεποιθὼς,
3023 5045 3159 5117 πρὸς
3208 5045 3301 5098 τὸν
3347 5045 3540 5114 ἀγῶνα
3585 5047 3715 5101 τῶν

445 5137 669 5194 Mor-alis
719 5137 867 5194 enim
929 5136 1305 5205 naturalisque
1357 5135 1702 5208 philosophia
1753 5138 1994 5210 conjung

2114 5137 2322 5209 ἐχθρῶν
2366 5135 2682 5198 ἀποδύεται,
2722 5133 2814 5188 διὰ
2844 5134 3028 5205 χειρὸς
3063 5135 3162 5206 τὴν
3207 5135 3512 5207 βακτηρίαν
3558 5136 3722 5207 ἔχων

446 5235 627 5298 potest
667 5227 913 5296 proferto
943 5225 1248 5282 sublimiori
1281 5225 1404 5280 vita!
1432 5226 1848 5297 clarissimeque
1881 5244 1984 5284 con

2122 5234 2355 5302 ἐκείνην,
2390 5230 2534 5282 τοῦτ’
2567 5229 2701 5291 ἔστι,
2732 5229 2825 5283 τὸν
2847 5229 3003 5298 λόγον
3029 5231 3127 5300 τῆς
3153 5229 3408 5293 πίστεως,
3435 5222 3481 5298 ᾧ
3513 5229 3719 5300 μέλλει

443 5315 544 5386 jus
569 5315 687 5386 ejus
715 5331 779 5374 ac
807 5316 955 5372 socia
990 5315 1102 5370 fieri
1131 5316 1322 5380 debet,
1349 5317 1480 5371 dum
1507 5317 1628 5386 ejus
1659 5329 1849 5387 partus
1878 5321 1992 5376 nihi

2121 5329 2248 5390 τοὺς
2289 5322 2617 5392 Αίγυπτίους
2661 5321 2814 5389 ὄφεις
2849 5321 3334 5389 καταγωνίζεσθαι.
3369 5323 3718 5394 Ἀκολουθή-

449 5407 737 5478 alienigeni
766 5409 992 5463 sceleris
1021 5424 1209 5464 secum
1251 5409 1506 5463 adducat.
1552 5409 1706 5476 Quod
1752 5413 1859 5468 nisi
1889 5415 1994 5483 qui:

2125 5439 2207 5474 σει
2241 5420 2298 5472 δὲ
2325 5416 2473 5488 αὑτῷ
2498 5417 2593 5468 καὶ
2618 5416 2651 5484 ἡ
2681 5414 2739 5481 ἐξ
2765 5414 3078 5482 ἀλλοφύλων
3105 5414 3369 5484 ὀμόζυγος
3395 5431 3409 5444 ·
3448 5415 3566 5468 ἐστι
3591 5417 3720 5486 γάρ

447 5498 804 5556 circumcidat
837 5509 999 5569 atque
1027 5500 1265 5564 auferat,
1289 5501 1482 5557 mortis
1512 5503 1816 5571 periculum
1847 5519 1994 5575 ange-

2121 5530 2175 5566 τι
2201 5511 2294 5565 καὶ
2335 5510 2434 5580 τῆς
2466 5507 2572 5575 ἔξω
2603 5504 2935 5568 παιδεύσεως
2962 5505 3096 5576 πρὸς
3133 5505 3396 5574 συζυγίαν
3438 5507 3601 5577 ἡμῶν
3626 5511 3723 5571 είς

447 5587 535 5644 lus
568 5588 781 5644 obviam
817 5587 994 5647 laetus
1023 5590 1284 5653 incutiet,
1313 5607 1473 5661 quem
1506 5607 1644 5646 uxor
1677 5592 1845 5664 Moysi
1883 5604 1994 5652 tum

2120 5598 2463 5667 τεκνογονίαν
2487 5597 2692 5666 ἀρετῆς
2717 5595 2818 5650 οὐκ
2849 5595 3174 5666 ἀπόϐλητον.
3208 5596 3317 5649 Καὶ
3342 5595 3455 5668 γὰρ
3477 5599 3512 5668 ὴ
3539 5598 3727 5672 ἠθική

422 1299 698 1354 mutabilis
727 1308 850 1364 est,
882 1297 1167 1352 mortalem
1204 1297 1345 1350 hanc
1372 1303 1426 1350 et
1456 1293 1866 1364 corruptibilem
1898 1307 1996 1346 na-

422 1399 596 1446 turam
627 1391 681 1446 in
715 1392 1074 1446 immortalem
1102 1399 1264 1460 atque
1287 1389 1675 1444 immutabilem
1705 1386 1992 1441 convertit.

422 2690 608 2743 ctum,
647 2677 978 2748 apostolicus
1018 2691 1206 2732 sermo
1239 2682 1510 2728 testatur:
1566 2673 1810 2740 suscepit
1847 2671 1993 2724 enim

424 2770 814 2825 mortalitatem
847 2775 1127 2830 nostram,
1152 2766 1244 2835 qui
1274 2761 1550 2836 peccando
1582 2760 1842 2814 mortales
1864 2756 1994 2811 facti

521 5773 561 5803 "
594 5770 748 5825 .loan.
782 5789 863 5839 tu,
903 5771 986 5826 Η.
1063 5775 1104 5804 ’³
1135 5771 1297 5828 Hebr.
1333 5789 1411 5838 St,
1445 5774 1492 5829 1.
1573 5777 1617 5818 ³³
1651 5776 1822 5831 Exod.
1864 5795 1921 5842 v,
1945 5779 1998 5832 9..
