3876 6218
250 283 358 339 537
1567 284 1658 339 ne
1698 283 1860 338 vm
1902 281 2174 339 novsns.
3405 252 3509 337 iss

253 418 312 453 τε
350 401 445 452 καὶ
469 398 674 470 φυσικὴ
706 399 993 470 φιλοσοφία
1021 400 1230 468 γένοιτο
1261 399 1326 452 ἄν
1373 416 1502 453 ποτε
1527 397 1606 467 τῷ
1637 396 1837 468 ὑψηλο-

1942 395 2203 464 placavit,
2235 410 2362 448 cum
2393 396 2670 451 ablatione
2710 395 2998 468 praputii,
3043 409 3152 465 quo
3191 393 3512 462 alienigena

254 491 400 562 τέρῳ
422 491 519 560 βίῳ
545 491 774 560 σύζυγός
794 508 854 545 τε
876 491 971 545 καὶ
991 492 1119 562 φίλη
1143 493 1236 546 καὶ
1259 490 1515 553 κοινωνὸς
1541 490 1642 560 τῆς
1662 486 1830 555 ζωῆς·

1942 495 2347 557 cognoscuntur
2370 500 2536 558 atque
2563 489 3027 550 contaminamur,
3053 484 3315 540 mundum
3339 483 3510 538 lilium

248 582 417 651 μόνον
444 584 492 634 εἰ
531 582 601 636 τὰ
629 585 693 636 ὲκ
719 583 925 653 ταύτης
949 585 1206 654 κυήματα
1246 582 1409 654 μηδὲν
1439 581 1696 648 ἐπάγοιτο
1736 575 1832 630 τοῦ

1942 590 2101 629 suum
2125 576 2382 632 effecerit.
2408 577 2562 644 Quod
2583 578 2801 648 quidem
2823 578 3052 646 aenigma
3079 575 3323 630 historia:
3355 574 3512 628 facile

249 672 546 742 ἀλλοφύλου
576 674 902 744 μιάσματος.
927 674 1129 728 Τούτου
1164 673 1272 743 γὰρ
1302 673 1378 743 μὴ
1405 669 1832 742 περιτμηοέντος

1942 665 2063 734 quis
2092 683 2186 736 per
2213 682 2278 722 ea
2307 684 2431 737 quae
2473 668 2618 723 dicta
2657 677 2787 724 sunt
2829 668 2896 722 ad
2934 667 3265 721 Christianae
3292 666 3509 721 virtutis

249 766 347 816 καὶ
396 765 855 835 περιαιρεθέντος,
883 765 1024 818 ὥστε
1073 766 1184 818 πᾶν
1227 762 1518 824 ὲπιὸλαὸὲς
1567 759 1657 812 καὶ
1695 755 1832 809 ἀκά-

1942 756 2267 827 pietatisque
2297 758 2694 814 incrementum
2729 759 2988 828 adaptare
3018 760 3238 829 poterit.

246 856 450 926 θαρτον
489 858 878 928 ἀφαιρεθῆναιο
922 859 951 911 ὁ
995 857 1270 911 συναντῶν
1315 855 1542 924 ἄγγελος
1574 852 1665 906 τὸν
1698 848 1825 920 περὶ
1862 845 2093 902 θανάτου
2119 851 2281 919 φόϐον
2319 855 2536 922 ἐπάγει,
2567 853 2626 906 ὂν
2667 852 2898 907 ίλεοῢται
2929 855 2961 923 ἡ
2997 853 3243 924 σύμϐιος.
3275 854 3308 924 ἡ
3342 853 3513 906 καθα-

245 951 346 1019 ρὸν
386 949 809 1002 ἀποδεικνύουσα
831 950 892 1002 τὸ
913 950 1110 1018 ἑαυτῆς
1133 948 1376 1016 ἔγγονον,
1403 949 1470 1016 τῇ
1498 939 1837 1014 περιαιρὲσει
1866 936 1960 990 τοῦ
1997 939 2305 1012 ἰδιώματος,
2339 944 2425 1013 ἐφ’
2456 938 2500 1012 ᾧ
2538 945 2859 1016 γνωρίζεται
2896 945 2956 998 τὺ
2997 945 3309 1014 ἀλλόφυλον.
3341 941 3511 1016 Οἶμαι

247 1037 307 1092 δὲ
347 1039 430 1110 τῷ
475 1039 814 1110 μεμυημένῳ
852 1040 952 1108 τῆς
985 1037 1264 1108 ἱστορικῆς
1298 1037 1630 1105 ἀφηγήσεως
1664 1026 1930 1100 πρόδηλον
1967 1025 2106 1082 εἶναι
2148 1029 2237 1085 διὰ
2279 1033 2386 1086 τῶν
2416 1034 2744 1104 εἰρημένων,
2790 1035 2888 1106 τὴν
2922 1034 3244 1089 ἀκολουθίαν
3271 1036 3370 1105 τῆς
3392 1040 3510 1093 κατ’

249 1133 453 1205 ἀρετὴν
482 1133 798 1197 ἐπιδόσεως,
844 1136 912 1204 ἡν
954 1133 1327 1187 ὖποδείκνυσιν
1355 1133 1389 1183 ὁ
1421 1130 1596 1200 λόγος,
1628 1125 1705 1196 τῷ
1732 1120 1908 1194 εἱρμῷ
1956 1122 2063 1177 τῶν
2088 1128 2374 1198 ἱστορικῶν
2403 1132 2737 1200 αἰνιγμάτων
2775 1130 3080 1195 ἀκολούθως
3105 1132 3388 1204 ἑπόμενος.

327 1233 483 1284 Ἐστι
533 1231 644 1300 γάρ
680 1247 735 1283 τι
771 1230 872 1300 τῆς
908 1230 1194 1299 φιλοσόφου
1239 1229 1407 1297 γονῆς
1451 1230 1510 1280 ὲν
1553 1224 1838 1296 μαθήμασι

247 1323 531 1395 σαρκώδές
588 1341 648 1376 τε
713 1324 809 1376 καὶ
869 1321 1229 1392 ἅκρόΰυστον,
1268 1314 1330 1374 οὗ
1377 1316 1836 1391 περιαιρεθέντος,

249 1418 350 1487 τῆς
422 1415 822 1486 Ίσραηλιτικῆς
879 1413 1159 1482 εὐγενείας
1215 1412 1336 1466 ἐστὶ
1387 1411 1448 1464 τὸ
1500 1408 1837 1476 λειπόμενον,

243 1504 385 1569 οἷον,
428 1506 698 1560 ἀθάνατον
745 1499 888 1558 εἶναι
916 1503 1015 1574 τὴν
1036 1503 1233 1573 ψυχὴν,
1266 1503 1362 1555 καὶ
1383 1504 1416 1571 ἡ
1455 1499 1655 1564 ἔξωθεν
1691 1495 1841 1564 φιλο·

247 1597 418 1666 σοφία
475 1597 656 1666 φησίν.
713 1588 884 1658 Οὗτος
933 1598 962 1648 ὁ
1009 1595 1242 1664 εὖσεὸἠς
1279 1595 1397 1645 ἐστι
1440 1591 1620 1653 τόκος.
1681 1585 1842 1640 Ἀλλὰ

247 1687 602 1755 μεταδαίνειν
625 1687 735 1740 ἀπὸ
776 1689 1042 1757 σωμάτων
1077 1687 1156 1750 εἰς
1195 1686 1419 1756 σώματα
1442 1723 1457 1747 ,
1489 1683 1580 1736 καὶ
1607 1682 1670 1732 ἐκ
1693 1679 1838 1746 λογι-

249 1781 358 1850 κῆς
387 1779 603 1847 φύσεως
639 1781 718 1842 εἰς
745 1778 938 1846 ἄλογον
975 1779 1145 1849 αὐτὴν
1180 1775 1550 1847 μεταφύεσθαι
1571 1791 1583 1804 ·
1617 1771 1776 1826 τοῦτο
1802 1772 1834 1840 ἡ

253 1868 546 1940 σαρκώδης
571 1885 631 1920 τε
673 1868 767 1920 καὶ
806 1867 1103 1934 ἀλλόφυλός
1145 1867 1293 1919 ἐστιν
1336 1863 1690 1936 ἀκροϐυστία.
1727 1861 1840 1915 Καὶ

246 1961 390 2015 ἅλλα
422 1960 646 2013 τοιαῦτα
677 1957 868 2012 πολλά.
897 1958 1028 2010 Θεὸν
1059 1953 1199 2009 εἷναί
1226 1972 1412 2024 φησιν,
1441 1954 1578 2008 ἀλλὰ
1609 1953 1703 2006 καὶ
1726 1952 1840 2003 ὑλιο

251 2052 348 2104 κὺν
376 2051 540 2103 αὐτὸν
583 2052 786 2104 οἴεται·
825 2048 1156 2120 δημιουργὸν
1196 2046 1358 2102 αὑτὸν
1401 2045 1672 2115 ὁμολογεῖ,
1704 2043 1839 2096 ἀλλὰ

245 2143 388 2214 ὕλης
421 2144 559 2215 πρὸς
590 2143 949 2213 δημιουργίαν
986 2141 1270 2210 δεόμενονσ
1299 2137 1502 2206 ἀγαθόν
1536 2153 1592 2189 τε
1626 2137 1719 2189 καὶ
1747 2135 1837 2187 δυ-

249 2237 414 2289 νατὸν
443 2231 584 2290 εἶναι
627 2235 867 2297 δίδωσιν,
901 2233 1039 2287 ἀλλὰ
1082 2233 1433 2302 παραχωρεῖν
1474 2232 1532 2283 ὲν
1573 2233 1686 2291 τοῖς
1713 2229 1840 2282 πολ-

245 2329 362 2391 λοῖς
409 2332 477 2399 τῇ
513 2328 727 2400 ἀνάγκῃ
771 2328 870 2396 τῆς
909 2324 1269 2396 εἱμαρμένης,
1314 2323 1408 2376 καὶ
1441 2321 1494 2374 τί
1538 2321 1603 2375 ἄν
1649 2337 1735 2382 τις
1771 2319 1840 2372 τὰ

246 2423 378 2475 καθ’
411 2421 642 2475 ἕκαστον
677 2421 936 2490 διηγοῖτο,
964 2421 1114 2483 ὅπως
1151 2420 1221 2472 τά
1250 2415 1392 2470 καλά
1419 2415 1529 2469 τῶν
1552 2415 1833 2485 δογμάτωὶ⁹

249 2513 407 2583 παρὰ
428 2516 494 2584 τῇ
519 2514 627 2579 ἔξω
650 2511 940 2582 φιλοσοφίᾳ
965 2512 1087 2572 ταῖς
1111 2509 1336 2571 ἀτόποις
1365 2505 1708 2578 προσθήκαις
1738 2521 1812 2559 κα

253 2602 642 2673 ταμολὺνεται,
678 2595 756 2655 ὧν
799 2599 1260 2672 περιαιρεθέντων
1307 2597 1464 2659 ἵλεως
1497 2598 1630 2666 ἡμῖν
1672 2597 1700 2648 ὁ
1745 2593 1837 2646 τοῦ

243 2694 393 2748 Θεοῦ
421 2691 652 2761 ἄγγελος
673 2692 908 2762 γίνεται,
935 2691 1014 2755 ὡς
1043 2689 1251 2759 γνησίῳ
1273 2688 1418 2758 τόκῳ
1445 2686 1553 2739 τῶν
1584 2684 1840 2739 τοιούτων

245 2787 543 2854 δογμάτων
578 2783 1040 2854 ἐπαγαλλόμενος.
1089 2781 1226 2834 Ἀλλ’
1255 2780 1541 2834 ἐπανιτέον
1579 2781 1717 2850 πρὸς
1740 2779 1839 2850 τὴν

2009 1220 2187 1279 Habet
2215 1226 2362 1279 enim
2393 1227 2914 1296 philosOpbismculi
2945 1228 3512 1301 partusbumanaquo

1938 1313 2231 1384 disciplina
2256 1320 2483 1374 carnale
2528 1321 2801 1390 quoddam
2854 1323 3204 1390 praeputium,
3255 1336 3366 1390 quo
3398 1321 3512 1378 cir-

1939 1408 2189 1462 cumciso
2234 1410 2380 1478 quod
2441 1412 2799 1481 relinquitur,
2857 1412 3176 1466 Israeliticae
3234 1412 3514 1467 invenitur

1940 1514 2067 1554 esse
2103 1501 2431 1565 nobilitatis,
2486 1513 2565 1569 ut,
2614 1503 2851 1573 exempli
2901 1519 3094 1567 causa,
3144 1503 3510 1558 immortalem

1872 1624 1914 1678 Β
1940 1606 2064 1646 esse
2093 1593 2337 1647 animum
2379 1593 2692 1665 pbil050phi
2731 1594 3045 1665 perhibent,
3110 1594 3166 1649 id
3202 1595 3351 1663 pium
3403 1602 3512 1650 est.

1941 1682 2016 1738 De
2047 1686 2376 1753 corporibus
2419 1686 2474 1740 in
2528 1701 2762 1757 corpora
2813 1687 3057 1741 transire
3095 1689 3313 1747 volunt.
3358 1695 3415 1742 et
3443 1686 3513 1743 de

1939 1775 2195 1830 rationali
2235 1787 2431 1831 natura
2467 1777 2632 1832 etiam
2663 1777 2719 1831 in
2751 1778 2982 1831 rationis
3015 1787 3298 1846 expertem
3333 1788 3515 1833 trans-

1940 1867 2093 1921 silire
2149 1869 2397 1923 nonnulli
2457 1875 2745 1931 asserunt,
2800 1868 2916 1922 haec
2975 1868 3134 1937 quasi
3183 1868 3510 1938 praeputium

1937 1957 2388 2014 circumcidenda
2426 1968 2576 2024 sunt,
2611 1959 2912 2029 proculque
2928 1959 3152 2013 omnino
3178 1957 3506 2026 abiicienda.

1938 2050 2109 2105 Deum
2159 2067 2285 2106 esse
2341 2067 2450 2106 non
2496 2061 2720 2124 negant,
2756 2052 2852 2107 sed
2908 2060 2965 2106 et
3005 2050 3341 2104 materialem
3385 2064 3502 2104 eum

1939 2141 2314 2208 arbitrantur;
2374 2153 2688 2200 creatorem
2753 2143 2931 2213 ipsum
2989 2140 3261 2206 fatentur,
3315 2139 3414 2195 sed
3457 2148 3513 2194 et

1939 2234 2168 2288 materia
2193 2235 2262 2288 ad
2316 2233 2617 2290 creandum
2679 2233 2986 2304 indiguisse
3039 2233 3218 2303 ipsum
3273 2232 3511 2293 volunt;

1939 2325 2145 2378 bonum
2175 2333 2231 2380 et
2260 2334 2536 2395 potentem
2561 2341 2688 2382 eum
2722 2326 3053 2389 concedunt,
3103 2324 3199 2380 sed
3231 2325 3287 2378 in
3326 2323 3515 2378 multis

1939 2413 2036 2469 fati
2065 2418 2384 2472 necessitati
2435 2419 2633 2474 cedere
2666 2438 2680 2474 :
2717 2420 3002 2490 multaque
3034 2420 3142 2474 alia
3193 2419 3514 2488 bujusmodi

1939 2516 2069 2563 sunt
2105 2509 2249 2565 veris
2271 2512 2580 2581 excogitata
2615 2512 2947 2576 rationibus,
2998 2513 3094 2567 sed
3135 2512 3395 2567 absurdis
3431 2519 3516 2566 at-

1939 2616 2046 2671 que
2075 2600 2229 2658 falsis
2268 2605 2713 2674 oppositionibus
2763 2606 3072 2672 maculata;
3115 2620 3238 2676 quae
3261 2605 3306 2660 si
3349 2605 3517 2659 tolia-

1939 2708 2084 2756 Inus,
2112 2693 2381 2763 propitius
2415 2696 2576 2751 nobis
2605 2694 2703 2750 Dei
2729 2697 2956 2766 angelus
2974 2697 3067 2762 sit,
3092 2705 3283 2767 utpote
3314 2697 3512 2751 horum

1938 2781 2255 2852 dogmatum
2290 2793 2450 2854 partu
2483 2786 2728 2856 legitimo
2776 2788 3138 2844 exhilaratus.
3178 2787 3282 2844 Sed
3316 2789 3382 2844 ad
3415 2789 3517 2843 in-

243 2877 576 2930 ἀκολουθίαν
614 2875 708 2929 τοῦ
752 2876 932 2943 λόγου,
978 2874 1054 2938 ὼς
1092 2873 1160 2928 ἂν
1189 2873 1284 2928 καὶ
1326 2875 1458 2942 ἡμῖν
1507 2870 1838 2940 ἀπαντήσειέ

1942 2874 2189 2930 stitutam
2221 2878 2642 2948 explicationem
2678 2879 2988 2942 redeamus,
3015 2889 3073 2935 ut
3094 2881 3377 2936 videamus
3401 2895 3514 2950 quo

253 2987 412 3035 ποτε,
445 2969 674 3038 πλησίον
702 2968 1013 3038 γενομένοις
1039 2966 1147 3020 τῶν
1173 2964 1484 3032 Αἰγυπτίων
1518 2962 1765 3032 ἀγώνων,
1803 2963 1836 3033 ἠ

1946 2971 2109 3035 pacto
2143 2966 2385 3022 fraterna
2415 2969 2576 3024 nobis
2605 2968 2862 3040 sul'ragia
2885 2971 3238 3026 subveniant.
3264 2948 3513 3026 Primum

250 3061 523 3132 ἀδελφικὴ
551 3059 862 3130 συμμαχία·
901 3055 1230 3128 μεμυήμεθα
1269 3055 1401 3126 γὰρ,
1425 3054 1499 3118 ὡς
1525 3057 1646 3108 κατ’
1672 3054 1843 3125 ἀρχάς

255 3151 364 3221 μὲν
387 3150 484 3203 τοῦ
514 3152 635 3204 κατ’
656 3149 858 3220 ἀρετὴν
885 3147 1022 3218 βίου,
1050 3146 1308 3216 συντυχία
1332 3146 1541 3214 γίνεται
1567 3143 1646 3215 τῷ
1677 3145 1842 3198 Μωῧ-

254 3245 365 3305 σε’,
411 3242 684 3312 πολεμική
728 3257 790 3294 τε
846 3241 940 3293 καὶ
981 3236 1335 3310 πρατιὼδης,
1369 3236 1627 3305 Ἐΰραῖον
1670 3253 1841 3290 κατα-

254 3333 548 3397 πονοῦντος
575 3332 673 3386 τοῦ
718 3330 1018 3401 Αἰγυπτίου
1038 3345 1056 3363 ⁸
1084 3330 1192 3385 καὶ
1223 3329 1386 3383 πάλιν
1423 3328 1676 3400 Ἑϐραίου
1707 3328 1843 3401 πρὸς

255 3428 348 3480 τὸν
380 3427 652 3497 ὁμόφυλον
703 3424 1101 3490 στασιάζοντος.

329 3520 392 3572 Εἰ
408 3520 465 3572 δὲ
491 3519 628 3586 πρὸς
644 3518 706 3571 τὸ
725 3517 906 3588 μεῖζον
927 3516 1037 3570 τῶν
1063 3516 1164 3587 τῆς
1181 3513 1360 3585 ψυχῆς
1378 3511 1839 3582 κατορθωμάτων,

247 3611 343 3664 διά
364 3627 424 3662 τε
446 3609 547 3677 τῆς
578 3609 792 3679 μακρᾶς
820 3607 1158 3678 ἐπιμελείας,
1183 3605 1277 3659 καὶ
1293 3604 1386 3658 διὰ
1407 3604 1505 3674 τῆς
1525 3598 1582 3656 ὲν
1607 3603 1686 3672 τῷ
1719 3601 1843 3671 ὕψει

249 3701 557 3771 γενομένης
582 3697 942 3768 φωταγωγίας
969 3697 1277 3769 ὲπαρθέντι,
1304 3696 1476 3764 φίλιός
1498 3712 1556 3748 τε
1579 3693 1674 3748 καὶ
1693 3696 1844 3764 εῐρη·

253 3789 378 3860 νικὴ
408 3791 619 3859 γίνεται
644 3791 678 3860 ἡ
729 3786 1007 3859 συντυχία,
1030 3787 1213 3842 θεόθεν
1233 3787 1325 3840 τοῦ
1341 3787 1570 3856 ἀδελφοῦ
1594 3786 1727 3856 πρὸς
1743 3785 1842 3856 τὴν

249 3884 564 3952 ἀπάντησιν
602 3881 765 3935 αὐτοῦ
809 3881 1273 3953 παρορμηθέντος.
1321 3881 1384 3932 Εἰ
1427 3880 1536 3949 γὰρ
1574 3879 1710 3950 πρὸς
1743 3879 1842 3949 τὴν

250 3975 674 4046 τροπικωτέραν
693 3972 1068 4044 μεταληφθείη
1100 3972 1330 4043 θεωρίαν
1358 3972 1419 4024 τὸ
1445 3971 1565 4024 καθ’
1597 3971 1841 4042 ἱστορίαν

251 4065 648 4135 γεγενημένον’
677 4064 830 4118 οὐδὲν
850 4066 982 4134 ἡμῖν
1009 4064 1282 4134 ἄχρηστον
1303 4063 1441 4134 πρὸς
1457 4062 1548 4114 τὸν
1571 4061 1840 4133 ἡμέτερον

251 4155 506 4228 εὑρεθείη
526 4155 746 4208 σκοπόν.
767 4154 856 4225 Τῷ
877 4155 989 4208 ὄντι
1004 4155 1112 4226 γὰρ
1127 4157 1240 4218 τοῖς
1258 4156 1313 4206 ὲν
1331 4156 1499 4224 ἀρετῇ
1514 4152 1840 4225 κατορθοῦσι

248 4248 352 4300 καὶ
367 4249 401 4317 ὴ
425 4247 577 4316 παρά
597 4245 692 4299 τοῦ
707 4246 844 4301 Θεοῦ
859 4245 1076 4299 δοθεῖσα
1096 4247 1163 4316 τῇ
1186 4243 1348 4313 φύσει
1373 4243 1530 4314 ἡμῶν
1555 4243 1838 4314 συμμαχία

254 4338 599 4404 συνίσταται,
622 4337 656 4408 ἢ
687 4337 1090 4408 προγενεστέρα
1116 4337 1214 4406 μέν
1253 4337 1370 4387 ἐστι
1398 4334 1540 4388 κατὰ
1567 4334 1665 4406 τὴν
1689 4333 1839 4406 πρώ-

251 4446 358 4500 την
383 4428 617 4494 γένεσιν,
649 4428 769 4481 τότε
809 4428 867 4481 δὲ
906 4429 1155 4497 φαίνεται
1199 4427 1293 4480 καὶ
1328 4425 1673 4496 γνωρίζεται,
1712 4427 1840 4480 ὅταν

247 4520 460 4583 ἱκανῶς
489 4519 564 4590 τῷ
597 4521 909 4592 ὑψηλοτέρῳ
942 4519 1043 4591 βίῳ
1078 4519 1167 4574 διὰ
1198 4519 1473 4588 προσοχῆς
1511 4536 1570 4571 τε
1605 4520 1695 4572 καὶ
1717 4521 1840 4572 ἐπιο·

253 4611 482 4681 μελείας
506 4609 704 4673 αὐτοὺς
730 4608 1130 4671 οίκειώααντες,
1158 4609 1294 4680 πρὸς
1311 4609 1436 4671 τοὺς
1462 4607 1838 4677 ἰσχυροτέρους

248 4701 364 4755 τῶν
393 4701 572 4754 ἄθλων
597 4699 980 4770 ἀποδυώμεθα.
1023 4701 1112 4762 Ὡς
1138 4700 1184 4752 δ’
1219 4700 1284 4754 ἂν
1333 4699 1407 4770 μὴ
1427 4699 1494 4753 δι’
1521 4699 1850 4768 αἰνίγματος·

250 4797 388 4864 ἡμῖν
439 4794 511 4846 τά
558 4794 858 4864 αἰνίγματα
909 4792 1199 4857 ὃιαλύοιτο,
1240 4793 1570 4863 γυμνότερον
1611 4792 1838 4861 ἐκθήσο-

249 4905 357 4956 μαι
392 4888 494 4956 τὴν
531 4887 661 4957 περὶ
711 4885 900 4939 τούτου
948 4885 1204 4939 διάνοιαν.
1237 4885 1411 4953 Λόγος
1453 4884 1538 4949 τίς
1588 4888 1734 4938 ἐστιν
1774 4886 1839 4937 ἐκ

252 4978 533 5048 πατρικῆς
572 4977 920 5049 παραδόσεως
943 4977 1006 5030 τὸ
1039 4977 1228 5030 πιστὸν
1255 4976 1394 5047 ἔχων
1414 5017 1429 5041 ,
1453 4977 1512 5039 ὅς
1545 4994 1696 5046 φησι,
1735 4993 1837 5028 πε-

253 5068 460 5138 σούσης
513 5067 669 5138 ἡμῶν
695 5070 780 5131 εἰς
823 5069 1100 5140 ἁμαρτίαν
1146 5069 1244 5140 τῆς
1269 5069 1502 5138 φύσεως,
1553 5068 1627 5140 μὴ
1670 5085 1837 5140 παρι-

245 5161 364 5214 δεῖν
429 5161 528 5213 τὸν
593 5160 727 5214 Θεὸν
787 5161 887 5230 τὴν
955 5161 1162 5215 πτῶσιν
1233 5160 1392 5232 ἡμῶν
1464 5161 1833 5231 ἀπρονόητονο

245 5253 370 5305 ἀλλ’
405 5253 639 5321 ἄγγελόν
665 5271 786 5306 τινα
817 5252 923 5305 τῶν
959 5253 1061 5324 τὴν
1093 5251 1386 5324 ἀσώματον
1413 5253 1706 5324 εἰληχότων
1736 5253 1839 5322 φύ-

248 5363 361 5407 σιν,
396 5345 813 5417 παρακαθιστᾷν
839 5347 920 5408 εἰς
959 5345 1277 5416 συμμαχίαν
1312 5349 1378 5417 τῇ
1427 5345 1656 5400 ἑκάστου
1697 5345 1834 5417 ζωῇ,

246 5440 317 5494 ἐκ
341 5439 400 5492 δὲ
429 5438 522 5492 τοῦ
552 5439 797 5493 ἐναντίου
818 5479 833 5502 ,
877 5438 970 5492 τὸν
1002 5437 1205 5510 φθορέα
1231 5439 1330 5508 τῆς
1359 5437 1573 5507 φύσεως
1605 5439 1837 5510 ἀντιμη-

157 5573 162 5578 .
244 5529 519 5602 χανᾶσθαι
566 5530 626 5583 τὸ
675 5531 788 5584 ἴσον
821 5531 909 5586 διὰ
942 5531 1181 5603 πονηροῦ
1224 5550 1366 5597 τινος
1415 5535 1508 5588 καὶ
1537 5533 1833 5587 κακοποιοῦ

1946 3057 2113 3126 igitur
2167 3059 2224 3113 in
2276 3059 2435 3114 initio
2472 3061 2647 3130 ipsius
2693 3062 2840 3126 vitae,
2887 3077 3015 3116 cum
3040 3063 3290 3120 virtuose
3325 3063 3514 3119 vivere

1943 3147 2159 3220 Moyses
2191 3151 2404 3214 maluit,
2431 3166 2594 3221 quam
2631 3153 2838 3223 reginae
2871 3153 3020 3209 lilius
3057 3154 3266 3224 absque
3309 3154 3515 3209 virtute

1943 3241 2273 3310 nuncupari,
2312 3241 2612 3298 bellicosus
2665 3244 2888 3312 quidam
2928 3258 3096 3300 casus
3146 3260 3211 3300 ac
3257 3245 3515 3301 militaris

1941 3333 1993 3389 ei
2029 3335 2296 3398 occurrit,
2342 3333 2600 3406 Egyptio
2631 3337 2699 3391 ad
2732 3335 3045 3403 Hebraeum,
3090 3353 3156 3394 ac
3194 3353 3387 3395 rursus
3414 3337 3518 3394 He-

1941 3424 2091 3480 braeo
2120 3425 2188 3481 ad
2217 3426 2384 3480 alium
2423 3427 2510 3482 sui
2543 3427 2765 3497 generis
2821 3429 3257 3502 insurgentibus.

2014 3516 2221 3575 Deinde
2249 3533 2376 3573 cum
2408 3519 2520 3589 jam
2557 3521 2704 3575 omni
2733 3536 2964 3577 numero
2988 3522 3514 3595 virtutis,longaquo

1942 3608 2411 3680 praemeditatione
2442 3610 2970 3683 exercitationeque,
2987 3627 3054 3667 ac
3076 3613 3291 3668 demum
3313 3612 3515 3670 divina

1943 3702 2083 3758 lucis
2098 3702 2311 3760 visione
2330 3717 2361 3758 a
2380 3703 2679 3760 terrenisin
2695 3704 2886 3760 altiora
2904 3703 3008 3760 fuit
3032 3706 3298 3772 elevatus,
3332 3706 3518 3780 placa-

1940 3795 2068 3852 bilis
2112 3805 2166 3851 et
2198 3803 2385 3866 optata
2417 3795 2603 3852 fratris
2637 3796 2741 3852 sibi
2767 3799 3081 3852 occursatio
3108 3797 3251 3851 facta
3287 3805 3392 3863 est,
3424 3799 3512 3854 di-

1940 3887 2147 3942 vinitus
2179 3896 2239 3942 ut
2271 3888 2321 3942 ei
2361 3887 2578 3943 obviam
2607 3888 2819 3944 veniret
2851 3888 3092 3944 excitati.
3111 3890 3247 3943 Nam
3266 3889 3514 3960 profecto

1942 3981 1991 4036 si
2017 3980 2352 4050 tropologice
2379 3979 2528 4050 quod
2549 3981 2854 4036 secundum
2884 3979 3173 4036 historiam
3204 3981 3390 4036 evenit
3417 3997 3514 4036 ac-

1942 4073 2200 4144 cipimus,
2237 4080 2374 4127 tunc
2416 4071 2714 4128 manifeste
2745 4071 2991 4127 divinum
3031 4073 3098 4128 ad
3129 4073 3385 4130 virtutem
3411 4089 3514 4130 no-

1941 4166 2027 4220 bis
2055 4165 2419 4236 patrocinium
2446 4162 2674 4220 concedi
2703 4164 3065 4233 reperiemus,
3111 4180 3236 4217 cum
3272 4179 3340 4220 ex
3373 4181 3515 4234 pra:-

1871 4289 1916 4345 Β
1943 4257 2152 4327 scripto
2181 4256 2400 4312 virtutis
2424 4255 2537 4325 jam
2579 4270 2642 4309 ac
2679 4256 2766 4325 pie
2817 4255 3152 4320 vixerimus;
3189 4257 3334 4326 quod
3386 4257 3512 4326 qui-

1939 4352 2064 4406 dem
2096 4348 2464 4421 patrocinium
2507 4348 2681 4419 prima
2725 4349 3076 4418 generatione
3129 4355 3186 4403 et
3232 4347 3514 4403 creatione

1938 4449 2127 4498 nostra
2197 4438 2482 4509 antiquius
2529 4447 2619 4494 est
2650 4456 2664 4493 :
2698 4439 2850 4508 prius
2892 4439 3042 4494 enim
3099 4445 3366 4504 creatum,
3411 4439 3511 4494 sed

1932 4541 2072 4590 tunc
2090 4533 2436 4604 apertissime
2465 4538 2712 4602 apparet,
2733 4545 2860 4585 cum
2889 4546 2993 4586 nos
3021 4531 3174 4602 ipsos
3206 4531 3512 4586 attentione

1937 4640 2003 4680 ac
2032 4639 2167 4679 cura
2205 4622 2418 4678 meliori
2448 4623 2576 4676 vita:
2614 4619 3030 4686 tradiderimus,
3063 4635 3128 4675 ac
3162 4636 3262 4692 pro
3293 4621 3412 4676 zelo
3442 4621 3509 4676 ﬂ-

1935 4718 2027 4773 dei
2061 4724 2120 4772 et
2176 4715 2400 4770 virtutis
2450 4713 2751 4768 certamina
2781 4711 3190 4783 susceperimus
3233 4711 3508 4783 graviora.

1937 4809 2142 4864 Verum
2172 4821 2242 4861 ne
2293 4806 2525 4876 aanigma
2569 4803 2814 4859 historiae
2841 4817 2941 4872 per
2986 4803 3273 4874 aenigmata
3309 4800 3510 4871 exponi

1938 4902 2209 4966 videatur,
2256 4899 2421 4954 latius
2447 4897 2593 4968 quod
2627 4897 2800 4952 sentio
2830 4894 3237 4965 explanandum
3265 4901 3386 4949 est:
3415 4907 3512 4948 oc-

1937 4993 2139 5049 cultior
2185 4988 2432 5062 quzedam
2481 4987 2729 5048 traditio,
2779 4993 2834 5040 et
2866 5000 3028 5040 verus
3084 4997 3268 5040 sermo
3306 4982 3374 5039 ad
3404 4997 3509 5039 nos

1938 5101 2117 5156 usque
2137 5081 2448 5147 descendit,
2480 5094 2592 5150 quo
2619 5077 2885 5140 creditur,
2906 5085 3262 5146 posteaquam
3286 5074 3344 5129 in
3377 5089 3509 5145 peo-

1934 5181 2120 5229 catum
2150 5177 2349 5224 natura
2379 5175 2567 5224 nostra
2612 5167 2765 5234 lapsa
2791 5173 2898 5230 est,
2943 5179 3051 5218 non
3081 5163 3307 5218 omnino
3332 5177 3366 5218 a
3389 5162 3506 5218 cle-

1933 5257 2142 5314 mentis
2165 5257 2352 5314 divina
2381 5256 2706 5326 neglectam,
2756 5269 2931 5323 neque
2952 5255 3159 5322 absque
3189 5267 3293 5308 suo
3319 5257 3509 5324 patro-

1937 5351 2086 5408 cinio
2113 5349 2419 5410 dimissam,
2441 5347 2538 5405 sed
2569 5346 2911 5418 angelorum,
2958 5345 3052 5415 qui
3083 5354 3280 5400 natura
3315 5344 3506 5400 incor-

1937 5444 2093 5516 porei
2125 5449 2275 5508 sunt,
2317 5433 2554 5509 aliquem
2598 5438 2655 5494 in
2691 5436 3088 5492 adminiculum
3130 5437 3332 5510 cuique
3367 5451 3507 5494 con-

1934 5539 2185 5596 stitutum
2217 5535 2412 5602 fuisse,
2439 5541 2761 5602 naturaeque
2799 5540 3004 5589 nostrae
3040 5539 3421 5604 corruptorem
3444 5531 3504 5587 in
3619 5596 3623 5599 ι
