3844 6222
328 250 434 308 339

1524 258 1584 311 S.
1661 254 1989 313 CRECORII
2031 256 2324 314 NYSSENI

3482 254 3588 312 διο

329 367 585 424 Omnibus
610 376 801 423 contra
819 367 1176 432 annitentem,
1211 384 1439 440 pravum
1467 371 1704 441 aliquem
1731 380 1894 442 atque

2021 373 2272 444 ῖαίμονος,
2317 376 2383 444 τῇ
2415 372 2512 426 τοῦ
2545 368 2836 442 ἀνθρώπου
2867 367 2979 438 ζωῇ
3024 366 3448 438 λυμαινόμενον.
3497 369 3592 423 Ἐν

329 459 635 515 maleficum
667 460 915 516 daemona
953 462 1019 516 ad
1042 463 1184 518 male
1209 463 1499 518 vivendum
1521 465 1771 522 homines
1801 468 1904 522 imo

330 549 642 620 pellentem.
701 549 767 604 ad
801 550 1048 620 singulos
1098 550 1427 607 destinasse.
1473 551 1679 608 Horum
1722 564 1906 610 autem

333 639 570 692 medium
610 639 813 693 factum
865 642 1161 700 hominem,
1220 657 1453 710 quorum
1516 646 1654 700 alter
1701 646 1902 709 bonus,

330 732 553 784 virtutis
577 731 717 785 bona
765 733 1192 802 cogitationibus
1217 735 1394 797 offert,
1415 752 1537 805 quae
1566 738 1635 791 ab
1673 738 1782 793 illis
1809 739 1902 808 qui

333 835 482 880 recte
507 843 566 882 se
611 831 902 898 gesserint,
947 845 1042 898 per
1086 845 1236 898 spem
1280 829 1564 895 videntur;
1606 830 1742 884 alter
1774 845 1904 884 vero

331 915 673 971 titillationes
706 927 760 972 et
782 919 1084 986 voluptates
1113 915 1296 970 carnis
1314 916 1574 984 suggerit,
1599 930 1666 968 ex
1704 915 1903 984 quibus

333 1004 480 1058 nulla
514 1005 779 1058 bonorum
826 1019 952 1073 spes
989 1005 1184 1072 surgit,
1238 1003 1333 1057 sed
1366 1019 1453 1058 res
1495 1011 1810 1072 pmsentes,
1850 1011 1905 1057 et

332 1097 534 1165 quibus
573 1095 826 1162 fruimur,
858 1107 910 1151 et
937 1111 1075 1166 quas
1097 1097 1396 1159 cernimus,
1445 1096 1728 1150 hominum
1765 1096 1902 1150 insi-

331 1189 598 1259 pientium
627 1205 825 1245 sensus
872 1189 925 1242 in
969 1188 1286 1243 servitutem
1347 1188 1616 1258 redigunt.
1674 1185 1731 1240 Si
1773 1203 1903 1256 ergo

333 1281 640 1351 sejunxerit
670 1296 730 1336 se
757 1281 827 1336 ab
857 1281 923 1335 iis
949 1281 1149 1350 quibus
1171 1281 1234 1334 ad
1261 1281 1464 1334 malum
1501 1280 1901 1351 pelliciebatur,

333 1373 758 1443 cogitationibus
780 1373 895 1428 suis
947 1374 1000 1426 in
1051 1373 1247 1428 melius
1304 1371 1615 1436 conversis,
1655 1383 1709 1427 et
1756 1374 1906 1427 velut

335 1459 544 1529 rejecto
577 1459 632 1512 in
667 1467 877 1530 tergum
910 1460 1064 1526 vitio,
1115 1468 1374 1530 tanquam
1413 1462 1694 1530 speculum
1729 1464 1905 1530 quod-

336 1549 462 1606 dam
501 1549 741 1603 animum
775 1565 932 1603 suum
959 1565 1025 1603 ex
1055 1548 1285 1602 adverso
1315 1547 1430 1618 spei
1460 1546 1774 1602 futurorum
1809 1549 1905 1603 bo-

336 1656 532 1696 norum
565 1641 868 1706 collocarit,
894 1640 975 1695 sic
1005 1648 1064 1694 ut
1086 1647 1322 1694 ostensa:
1349 1639 1616 1694 divinitus
1651 1640 1755 1695 sibi
1794 1643 1904 1694 vir-

336 1733 472 1788 tutis
499 1733 712 1802 species
729 1741 782 1787 et
822 1733 1087 1802 imagines
1117 1731 1312 1786 animae
1343 1747 1456 1786 sua:
1491 1732 1728 1801 puritate
1773 1748 1901 1802 pos-
1941 1729 1985 1785 Β

340 1824 412 1879 sit
441 1825 770 1896 exprimere,
811 1833 941 1878 tunc
977 1824 1027 1878 ei
1084 1825 1428 1880 manifestius
1470 1824 1656 1879 fratris
1703 1826 1905 1879 auxilia

341 1917 582 1988 undique
605 1926 891 1987 apparent,
917 1933 1103 1972 secum
1144 1918 1408 1973 adversus
1439 1918 1625 1972 hostes
1660 1919 1855 1971 armati
1889 1935 1904 1983 ;

337 2009 510 2063 frater
544 2009 688 2062 enim
723 2009 1126 2078 quodammodo
1167 2009 1403 2064 hominis
1445 2010 1631 2063 animo
1681 2012 1908 2081 angelus

338 2109 424 2156 est
455 2101 734 2169 (rationali
795 2101 995 2170 quippe
1049 2115 1112 2155 ac
1175 2101 1526 2155 intellectuali
1574 2110 1769 2155 natura
1818 2118 1906 2156 se-

339 2209 464 2246 cum
488 2193 1007 2263 annectuntur),qui
1026 2201 1158 2248 tunc
1188 2195 1424 2248 maxime
1459 2195 1618 2249 nobis
1646 2194 1908 2250 assistere

339 2285 572 2347 videtur,
611 2294 672 2339 ut
715 2285 918 2338 dictum
959 2293 1064 2351 est,
1112 2299 1236 2338 cum
1284 2284 1556 2338 Pharaoni
1614 2286 1909 2356 appropin-

341 2391 594 2446 quamus.
633 2374 802 2430 Nemo
824 2385 1005 2430 autem
1043 2376 1287 2432 historiae
1305 2376 1583 2432 veritatem
1613 2391 1708 2446 per
1729 2379 1909 2430 omnia

339 2483 442 2522 nos
473 2476 632 2537 cogat
668 2467 736 2520 ad
788 2466 1125 2535 propositum
1192 2464 1649 2533 accommodare;
1711 2481 1810 2520 nec
1861 2467 1909 2521 si

339 2559 468 2630 quid
499 2572 608 2613 non
639 2566 1068 2613 consentaneum
1095 2558 1223 2612 huic
1277 2558 1598 2627 tropologiae
1652 2557 1706 2610 in
1741 2559 1911 2612 histo-

339 2655 426 2708 ria
482 2652 683 2719 veniat,
733 2651 940 2706 idcirco
995 2651 1306 2706 universam
1356 2652 1496 2704 hanc
1542 2651 1912 2720 intelligendas

344 2743 641 2815 Scriptum
662 2747 803 2799 viam
845 2751 1165 2813 aspernetur
1217 2751 1380 2813 atque
1421 2752 1776 2808 contemnat;
1816 2741 1911 2797 sed

342 2834 680 2902 recordetur,
707 2836 777 2890 ab
801 2836 955 2890 initio
986 2837 1172 2890 statim
1204 2851 1304 2888 nos
1336 2833 1565 2897 dixisse,
1587 2849 1909 2900 magnorum

343 2927 589 2981 virorum
623 2928 766 2982 vitas
817 2925 886 2980 ad
915 2927 1222 2996 exemplum
1277 2933 1330 2980 et
1375 2926 1737 2980 imitationem
1776 2925 1913 2980 divi.

343 3019 494 3074 nitus
517 3017 678 3074 nobis
709 3033 832 3074 esse
864 3018 1186 3088 propositas.

418 3107 604 3180 Itaque
658 3123 786 3163 cum
833 3123 928 3178 per
972 3106 1289 3162 earumdem
1337 3121 1516 3160 rerum
1549 3106 1767 3170 seriem,
1818 3092 1983 3174 perc

346 3201 568 3257 eosdem
598 3201 724 3255 vita:
762 3214 948 3264 casus,
973 3213 1066 3253 aut
1092 3198 1371 3253 materiem
1406 3199 1626 3253 minime
1644 3198 1915 3266 possimus

345 3307 448 3348 eos
475 3293 710 3358 imitari;
743 3290 1018 3358 quomodo
1047 3291 1192 3346 enim
1231 3305 1424 3345 rursus
1454 3306 1520 3343 ex
1572 3291 1916 3360 transmigra-

347 3385 496 3441 tione
526 3384 798 3454 reperitur
840 3381 1235 3452 multiplicatus
1286 3381 1340 3434 in
1381 3380 1616 3450 IEgypto
1661 3381 1914 3451 populus,

351 3486 446 3532 aut
475 3475 751 3548 quomodo
794 3489 986 3530 rursus
1036 3474 1090 3527 in
1150 3473 1467 3528 servitutem
1502 3472 1710 3542 redigat
1763 3472 1915 3526 illum

353 3582 620 3643 tyrannus
676 3581 808 3638 erga
849 3566 1145 3619 masculam
1193 3564 1402 3634 prolem
1460 3563 1733 3618 hostiliter
1787 3562 1919 3618 atie-

350 3674 496 3728 ctus,
530 3661 737 3731 quique
781 3658 1072 3713 femineam
1113 3657 1417 3711 molliorem
1457 3663 1622 3726 atque
1656 3654 1921 3709 inﬁrmio-

353 3768 468 3808 rem
496 3765 724 3807 numero
759 3749 944 3821 augeri
964 3750 1222 3820 patiatur,
1245 3759 1548 3818 caeteraque
1572 3749 1779 3808 omnia,
1799 3763 1920 3818 qua:

353 3845 582 3901 historia
631 3843 1050 3912 complectitur,
1108 3841 1199 3895 ubi
1255 3842 1380 3912 quis
1415 3841 1691 3895 inveniet?
1726 3839 1921 3894 nullihi

355 3936 621 4009 profecto.
653 3935 832 4002 Quare
879 3935 1138 4005 quoniam
1176 3935 1382 3990 eisdem
1428 3935 1483 3988 in
1517 3934 1681 3989 rebus
1728 3934 1921 3989 beatos

354 4032 503 4086 viros
524 4029 728 4084 imitari
777 4041 881 4082 nos
931 4029 1156 4086 minime
1206 4039 1390 4101 posset
1427 4027 1527 4084 fuit
1571 4028 1920 4088 demonstra-~

357 4136 493 4187 tum,
518 4121 586 4176 ad
620 4120 879 4174 moralem
913 4119 1080 4173 vitam
1115 4118 1183 4173 ab
1217 4119 1482 4174 historica
1525 4123 1688 4184 serie,
1741 4127 1922 4180 omnia

357 4212 732 4276 traducamus,
794 4225 916 4280 qua
971 4209 1107 4264 bene
1153 4210 1373 4264 vivendi
1432 4212 1741 4269 rationibus
1787 4230 1923 4270 con-

354 4311 578 4374 gruunt.
607 4299 789 4356 Potuit
817 4303 963 4356 enim
992 4301 1235 4372 profecto
1279 4301 1424 4358 Deus
1454 4304 1521 4359 ad
1556 4308 1923 4376 posteriorum

2015 465 2164 536 μέσῳ
2204 465 2260 518 δὲ
2295 465 2424 518 ὄντα
2466 465 2575 519 τῶν
2610 463 2704 516 δύο
2743 461 2836 515 τὸν
2861 460 3167 531 ἄνθρωπον,
3197 458 3288 512 τὸν
3320 459 3594 530 ἐκατέρου

2009 554 2120 606 τῶν
2146 554 2544 624 παρεπομένων
2572 552 2772 606 σκοπὸν
2799 549 3136 613 ὑπεναντίως
3181 549 3318 622 πρὸς
3360 550 3453 602 τὸν
3480 551 3596 603 Ere-

2016 661 2106 716 ρον
2133 644 2344 714 ἔχοντα,
2371 645 2439 698 δι’
2481 642 2674 698 ἑαυτοῦ
2712 645 2885 696 ποιεῖν
2925 641 3070 695 κατὰ
3113 641 3207 695 τοῦ
3252 641 3413 696 ἄλλου
3464 643 3592 694 ἐπι-

2012 737 2396 808 κρατέστερον.
2433 734 2886 806 Προδεικνὺοντος
2913 736 3025 796 τοῖς
3049 733 3328 802 λογισμοῖς
3359 731 3456 784 τοῦ
3490 732 3595 801 μὲν

2010 829 2216 897 ἀγαθοῦ
2260 828 2329 882 τά
2369 829 2468 898 τῆς
2511 828 2712 898 ἀρετῆς
2741 825 2941 894 ἀγαθὰ,
2991 826 3093 880 ὅσα
3130 825 3197 878 δι’
3240 823 3454 887 ἐλπίδος
3477 825 3594 884 τοῖς

2011 919 2364 988 κατορθοῦσιν
2408 921 2600 990 ὁρᾶται
2631 935 2644 948 ⁸
2693 919 2786 971 τοῦ
2828 917 2885 970 δὲ
2928 918 3116 989 ἐτέρου
3143 958 3158 982 ,
3211 916 3310 979 τὰς
3365 914 3593 977 ὑλώδεις

2010 1011 2224 1080 ἡδονὰς,
2257 1011 2348 1078 ἀφ’
2378 1003 2452 1062 ῶν
2479 1009 2633 1070 ἐλπὶς
2661 1007 2762 1077 μὲν
2791 1005 3012 1075 ἀγαθῶν
3036 1006 3282 1075 οὐδεμία,
3311 1004 3372 1057 τὺ
3395 1003 3452 1056 δέ
3483 1019 3593 1054 πα-

2013 1102 2124 1173 ρὸν,
2155 1103 2247 1155 καὶ
2277 1101 2655 1172 μετεχὸμενον,
2688 1101 2781 1152 καὶ
2810 1097 3105 1168 ὁρώμενον,
3175 1095 3275 1160 τάς
3307 1094 3594 1164 αἰσθήσεις

2008 1194 2116 1247 τῶν
2159 1191 2526 1264 ἀνοητοτέρων
2578 1189 3044 1260 ἀνδραποδίζεται.
3100 1187 3272 1258 Εῖπερ
3303 1182 3395 1240 οῦν
3427 1185 3592 1239 ἀλλος

2007 1285 2265 1358 τριωθείη
2293 1283 2402 1337 τῶν
2429 1284 2522 1337 ἐπὶ
2561 1281 2714 1352 κακῷ
2745 1277 3124 1344 δελεαζόντων,
3157 1278 3294 1348 πρὸς
3316 1277 3382 1330 τὸ
3405 1277 3593 1347 κρεῖτ-

2009 1395 2102 1431 τον
2125 1378 2235 1439 τοῖς
2261 1375 2539 1444 λογισμοῖς
2569 1372 2888 1445 ἐπιτρέψας,
2917 1372 3012 1424 καὶ
3037 1370 3200 1422 οἱονεὶ
3237 1367 3378 1420 κατὰ
3416 1364 3592 1419 νώτου

2007 1469 2106 1540 τὴν
2145 1469 2340 1522 κακίαν
2373 1467 2626 1538 ἐποίησεν
2646 1483 2663 1500 ·
2702 1465 3111 1534 ἀντιπρόσωπον
3139 1463 3238 1532 τὴν
3266 1458 3458 1513 ἑαυτοῦ
3486 1458 3596 1526 ψυ-

2009 1560 2131 1631 χὴν,
2159 1553 2272 1612 οἷόν
2299 1575 2353 1610 τι
2380 1557 2704 1629 κάτοπτρον,
2736 1555 2870 1626 πρὸς
2893 1554 2993 1625 τὴν
3021 1553 3209 1606 ἐλπίδα
3235 1551 3341 1604 τῶν
3365 1549 3594 1618 ἀγαθῶν

2019 1652 2240 1720 στήσας,
2273 1650 2348 1712 ὡς
2374 1649 2475 1718 τῆς
2501 1649 2786 1718 προδεικνυ
2795 1645 2960 1716 μένης
2985 1643 3133 1714 αὑτῷ
3162 1642 3346 1697 θεόθεν
3387 1641 3596 1713 ἀρετῆς

2012 1741 2110 1805 τάς
2143 1741 2356 1803 εἰκόνας
2399 1757 2459 1792 τε
2505 1739 2598 1792 καὶ
2642 1738 2740 1802 τάς
2786 1737 3049 1808 ἐμφάσεις
3095 1734 3172 1804 τῷ
3219 1733 3446 1803 καθαρῷ
3488 1731 3596 1800 τῆς

2015 1833 2151 1897 ίδίας
2181 1833 2360 1903 ψυχῆς
2387 1830 2798 1886 ἐντυπὼσασθαι
2818 1846 2832 1860 ⁶
2863 1829 2983 1882 τότε
3010 1828 3157 1899 αὐτῷ
3179 1829 3213 1898 ή
3235 1827 3329 1879 τοῦ
3356 1823 3594 1893 ἀδελφοῦ

2013 1927 2300 1997 συμμαχία
2357 1926 2589 1994 συναντᾷ
2631 1923 2726 1978 καὶ
2781 1922 3112 1975 συνίσταται.
3183 1918 3434 1987 ’Δδελφὸς
3477 1916 3594 1986 γὰρ

2011 2020 2212 2091 τρόπον
2239 2017 2360 2071 τινὰ
2389 2015 2532 2070 κατὰ
2576 2015 2636 2068 τὸ
2678 2014 2893 2083 λογικόν
2920 2030 2980 2066 τε
3014 2014 3106 2066 καὶ
3133 2011 3318 2082 νοερὸν
3349 2010 3450 2079 τῆς
3483 2009 3594 2078 ψυ-

2011 2112 2114 2182 χῆς
2137 2109 2230 2164 τοῦ
2259 2108 2569 2179 ἀνθρώπου,
2593 2110 2622 2162 ὁ
2647 2107 2896 2176 ἄγγελος,
2919 2107 2948 2158 ό
2975 2105 3094 2158 τότε
3121 2102 3328 2174 (καθὼς
3349 2099 3595 2172 εἴρηται)

2011 2201 2335 2272 φαινόμενός
2378 2217 2438 2253 τε
2485 2200 2580 2252 καὶ
2623 2199 3064 2267 παριστάμενος,
3109 2196 3236 2249 ὅταν
3279 2192 3358 2263 τῷ
3388 2190 3596 2262 Φαραὼ

2012 2292 2481 2366 προσεγγίζωμεν.
2530 2290 2734 2362 Μηδεὶς
2773 2289 2831 2342 δέ
2873 2289 3046 2343 διόλου
3084 2287 3182 2358 τὴν
3215 2287 3314 2356 τῆς
3345 2283 3596 2355 ἱστορίας

2013 2386 2228 2439 ἔκθεσιν
2258 2380 2681 2454 παρατεθεῖσθαι
2723 2379 2800 2449 τῷ
2833 2377 3008 2449 εἱρμῷ
3057 2381 3158 2448 τῆς
3204 2376 3460 2445 τοιαύτης
3492 2373 3594 2427 τοῦ

2011 2477 2103 2531 νοῦ
2150 2476 2382 2548 θεωρίας
2426 2473 2682 2544 νομίζων,
2726 2471 2780 2524 εί
2823 2471 2926 2524 πού
2954 2488 3006 2523 τι
3043 2469 3151 2524 τῶν
3182 2466 3596 2540 γεγραμμένων

2013 2571 2118 2636 ἐξω
2145 2567 2348 2637 ταύτης
2375 2566 2473 2635 τῆς
2515 2562 2753 2626 διανοίας
2798 2561 3126 2632 εὑρίσκοιτο,
3161 2559 3225 2612 δι’
3255 2557 3464 2611 ἐκείνου
3496 2558 3597 2608 καὶ

2011 2663 2073 2714 τὸ
2102 2663 2208 2714 πᾶν
2236 2659 2498 2713 ἀθετείτω
2515 2673 2529 2686 ·
2560 2655 2674 2710 ἀλλ’
2705 2655 2791 2708 ἀεὶ
2814 2654 3109 2724 μεμνήσθω
3138 2652 3233 2705 τοῦ
3257 2649 3462 2704 σκοποῦ
3481 2649 3594 2700 τῶν

2013 2755 2207 2823 λόγων,
2242 2752 2376 2825 πρὸς
2402 2750 2460 2802 ὃν
2486 2749 2770 2819 βλέποντες
2795 2747 2968 2800 ταῦτα
2996 2743 3397 2816 διεξερχόμεθα,
3430 2741 3596 2802 εὐθὺς

2015 2849 2072 2900 ἐν
2121 2844 2422 2916 προοιμίοις
2474 2842 2830 2906 ἐπειπόντες,
2875 2839 2986 2893 τῶν
3035 2836 3333 2906 εὐδοκίμων
3382 2833 3595 2905 ἀνδρῶν

2016 2941 2142 3002 τοὺς
2187 2937 2335 3007 βίους
2372 2938 2452 2999 εἱς
2483 2935 2682 3006 ἀρετῆς
2717 2932 3023 3002 ὑπόδειγμα
3061 2931 3174 2994 τοῖς
3212 2925 3411 2998 ἐφεξῆς
3461 2941 3598 2996 προ-

2019 3029 2255 3084 κεῖσθαι.

2098 3121 2250 3173 Ἐπεὶ⁵
2296 3113 2389 3172 οῦν
2427 3117 2494 3170 δι’
2540 3117 2712 3187 αὑτῆς
2771 3114 2880 3168 τῶν
2927 3115 3266 3185 πραγμάτων
3309 3111 3414 3181 τῆς
3461 3110 3600 3180 ὕλης

2016 3213 2188 3267 ἐλθεῖν
2208 3212 2334 3274 τοὺς
2364 3207 2661 3280 ζηλοῦντας
2684 3206 2752 3260 τὰ
2777 3207 3018 3273 ἐκείνων,
3053 3206 3154 3277 οὑχ
3179 3200 3292 3258 οἶόν
3315 3221 3376 3257 τε
3396 3221 3411 3236 ο
3454 3204 3602 3275 (πῶς

2017 3305 2126 3376 γὰρ
2167 3303 2233 3357 ἂν
2273 3301 2520 3373 εὑρεθείη
2553 3300 2714 3354 πάλιν
2739 3303 2766 3353 ὁ
2795 3303 2859 3352 ἐκ
2888 3297 3228 3370 μετοικεσίας
3255 3300 3311 3350 ἐν
3337 3296 3603 3365 Αἰγύπτῳ

2016 3399 2143 3460 λαὸς
2177 3394 2624 3466 πληθυνόμενος;
2677 3393 2711 3464 ἦ
2763 3391 2924 3446 πάλιν
2966 3389 3456 3459 καταδουλούμενος
3502 3388 3605 3440 τύ-

2023 3506 2229 3562 ραννος,
2259 3490 2288 3541 ὁ
2318 3487 2452 3559 πρὸς
2475 3485 2574 3556 τὴν
2605 3484 2810 3556 ἇῤῥενα
2843 3485 3006 3556 γονὴν
3043 3481 3321 3553 δυσμενῶς
3349 3481 3507 3551 ἔχων,
3540 3482 3607 3533 τὸ

2018 3581 2076 3634 δὲ
2127 3578 2513 3649 μαλακώτερόν
2569 3593 2630 3630 τε
2684 3577 2779 3630 καὶ
2828 3574 3214 3644 ἀσθενέστερον
3261 3573 3340 3635 εἱς
3395 3571 3606 3640 πλῆθος

2020 3672 2218 3739 αὔξων,
2259 3671 2352 3725 καὶ
2393 3669 2560 3725 τᾶλλα
2601 3669 2801 3732 πάντα,
2851 3668 2953 3722 ὅσα
2995 3666 3235 3738 περιέχει
3280 3668 3308 3718 ὁ
3357 3664 3513 3732 λόγος
3541 3664 3603 3729 ;)

2023 3767 2143 3819 ἐπεὶ
2176 3761 2270 3818 οὖν
2301 3763 2558 3816 ἀδύνατον
2590 3759 2880 3830 ἀπεδείχθη
2903 3760 2969 3812 δι’
2998 3758 3174 3812 αὐτῶν
3203 3757 3310 3810 τῶν
3340 3757 3608 3828 πραγμά-

2022 3876 2130 3913 των
2162 3857 2233 3910 τά
2267 3855 2374 3909 τῶν
2409 3853 2690 3925 μακαρίων
2725 3850 3064 3923 μιμήσασθαι
3101 3848 3387 3919 θαύματα,
3433 3863 3606 3915 μετα-

2023 3950 2255 4022 ληπτέον
2284 3949 2351 4003 ἂν
2391 3947 2499 4017 εἴη,
2535 3947 2670 4018 πρός
2719 3962 2842 3998 τινα
2893 3943 3086 4014 ἠθικὴν
3134 3939 3500 4003 διδασκαλίαν,
3537 3939 3606 3990 ἐκ

2024 4043 2124 4112 τῆς
2155 4041 2341 4109 ὑλικῆς
2376 4037 2696 4099 ἀκολουθίας
2724 4035 2792 4089 τὰ
2820 4034 3141 4104 ἐνδεχόμενα
3162 4048 3176 4066 ο
3217 4031 3284 4084 δι’
3314 4024 3389 4084 ὧν
3418 4029 3484 4082 ἄν
3515 4046 3607 4091 τις

2026 4133 2230 4201 γένοιτο
2256 4132 2371 4193 τοῖς
2399 4128 2535 4200 πρὸς
2559 4127 2758 4198 ἀρετὴν
2792 4123 3150 4178 ἐσπουδακόσι
3189 4122 3326 4192 πρὸς
3360 4118 3608 4173 τοιοῦτον

2029 4225 2141 4295 βίον
2169 4222 2446 4294 συνεργία.
2476 4222 2539 4273 Et
2569 4219 2626 4272 δέ
2650 4236 2703 4270 τι
2732 4217 2839 4271 τῶν
2867 4219 2924 4269 ἐν
2949 4219 3012 4290 τῇ
3043 4215 3252 4284 ἱστορίᾳ
3278 4213 3604 4280 γεγονότων,

2029 4318 2132 4383 ἔξω
2163 4316 2256 4370 τοῦ
2285 4313 2478 4386 εἱρμοῦ
2509 4314 2608 4382 τῆς
2637 4311 2927 4381 ἀνειμένης
2951 4308 3206 4370 διανοίας.
3235 4309 3268 4376 ἡ
3312 4304 3421 4356 τῶν
3459 4321 3608 4374 πρα-

359 4395 745 4467 perfectionem
787 4395 1092 4465 priscorum
1124 4397 1290 4451 vitam
1316 4397 1370 4450 in
1408 4400 1718 4469 exemplum
1755 4403 1916 4458 altius

2029 4410 2254 4482 γμάτων
2279 4407 2489 4477 ἀνάγκη
2521 4406 2705 4458 πεσεῖν
2738 4403 3022 4457 ἐϐιάσατο·
3059 4397 3404 4470 ὑπερϐάντας
3423 4396 3606 4453 τοῦτο,

358 4489 688 4544 intellectam
725 4485 1157 4542 accommodare.
1190 4487 1371 4554 Quare
1414 4490 1462 4544 si
1505 4491 1651 4560 quod
1683 4491 1927 4550 historiae

357 4581 561 4636 dictum
620 4595 729 4634 non
777 4580 1001 4635 omnino
1045 4580 1325 4650 proposito
1365 4583 1638 4646 convenit,
1687 4584 1737 4638 id
1791 4601 1927 4654 prae-

360 4673 747 4733 termittentes,
803 4688 871 4726 ne
921 4672 1092 4727 series
1131 4673 1493 4741 expositionis
1539 4676 1924 4741 intercidatnr,

359 4779 481 4835 qua:
507 4763 701 4818 idonea
733 4772 862 4818 sunt
909 4763 1327 4834 conjungemns.
1352 4763 1476 4820 Haec
1515 4766 1650 4830 dixi,
1687 4784 1756 4824 ne
1803 4773 1928 4840 quis

361 4857 496 4911 mihi
555 4856 801 4925 obiiciat,
851 4871 1095 4926 congrue
1145 4857 1364 4925 quidem
1417 4859 1526 4922 hic,
1578 4875 1674 4930 pro
1723 4864 1925 4926 Aaron,

362 4949 532 5005 fratre
570 4948 738 5019 Moysi
764 4949 992 5018 majore,
1032 4953 1288 5021 angelum
1326 4953 1610 5013 custodem
1645 4954 1808 5011 nobis
1846 4956 1931 5010 di-

359 5039 568 5096 vinitus
598 5041 809 5106 datum,
858 5057 962 5098 nos
998 5043 1443 5101 subintellexisse
1471 5063 1487 5112 ;
1535 5061 1660 5100 nam
1692 5055 1746 5101 et
1780 5048 1931 5118 prior

361 5127 558 5187 natura
597 5133 841 5203 angelica
872 5144 977 5198 est,
1013 5147 1068 5191 et
1098 5136 1452 5192 intellectuali
1500 5153 1565 5193 ac
1600 5139 1930 5209 incorporali

363 5239 488 5278 cum
523 5223 762 5278 humano
791 5225 1070 5282 videretur
1107 5228 1292 5282 animo
1319 5229 1630 5294 convenire,
1649 5245 1749 5284 nec
1777 5231 1935 5284 dubi-

364 5322 484 5370 tare
517 5331 578 5371 se
628 5316 833 5371 auxilio
867 5318 1026 5374 nobis
1062 5320 1300 5376 maxime
1336 5329 1469 5376 tunc
1503 5336 1649 5386 esse,
1674 5337 1797 5376 cum
1839 5322 1936 5376 ad-

309 5413 315 5422 '
366 5424 558 5466 versus
586 5410 960 5479 incorporales
996 5411 1182 5468 hostes
1206 5413 1564 5482 insurgimus,
1606 5429 1716 5468 non
1753 5421 1934 5469 tamen

363 5509 514 5555 recte
549 5515 648 5569 pro
683 5501 804 5566 hoc,
844 5502 1003 5572 quasi
1042 5503 1213 5559 fratre
1263 5504 1421 5560 nobis
1476 5505 1672 5575 angelo
1720 5519 1938 5574 semper

368 5591 549 5647 Aaron
588 5592 710 5662 capi
752 5609 930 5662 posse.
950 5592 1084 5649 Nam
1130 5610 1257 5650 cum
1307 5593 1488 5652 Aaron
1535 5597 1646 5652 dux
1694 5595 1937 5654 Hebreis

367 5683 436 5740 ad
491 5683 856 5743 idololatriam
910 5687 1079 5744 fuisse
1115 5687 1384 5754 videatur,
1441 5698 1500 5745 ut
1547 5688 1772 5746 historia
1818 5697 1932 5745 tra-

2029 4500 2105 4562 ὡς
2145 4499 2281 4568 πρὸς
2327 4495 2416 4547 τὸν
2461 4492 2726 4564 ἡμέτερον
2776 4490 2975 4545 σκοπδν
3020 4487 3330 4549 ἀλυσιτελὲς
3374 4487 3469 4539 κει.)⁸
3511 4487 3603 4537 ἀν-

2028 4591 2236 4659 όνητον,
2274 4585 2348 4656 μὴ
2393 4584 2702 4637 διακόπτειν
2741 4583 2798 4634 ἐν
2834 4576 2916 4644 οἷς
2946 4579 3118 4645 ἔξεστι
3146 4582 3246 4650 τῆς
3273 4577 3478 4648 ἀρετῆς
3504 4577 3610 4645 τὴν

2027 4680 2321 4750 ὑφήγησιν.
2350 4675 2536 4729 Ταῦτα
2564 4673 2621 4726 δέ
2647 4691 2788 4743 φημι
2814 4673 2939 4743 περὶ
2962 4671 3070 4725 τῶν
3096 4671 3236 4723 κατά
3264 4670 3358 4722 τὸν
3397 4665 3610 4737 Ἀαρὼν

2029 4772 2349 4842 νοηθέντων,
2391 4766 2453 4820 τδ
2492 4765 2812 4820 άντιπίπτον
2859 4765 2924 4817 ἐκ
2967 4763 3060 4816 τοῦ
3101 4761 3396 4816 ἀκολούθου
3447 4759 3614 4831 θερα-

2030 4863 2234 4916 πεύων.
2282 4860 2428 4932 Ἐρεῖ
2478 4858 2586 4928 γάρ
2617 4874 2722 4920 τις,
2751 4857 2811 4910 τὸ
2854 4857 2951 4926 μὲν
2982 4854 3258 4923 συγγενῶς
3288 4853 3435 4923 ἔχειν
3470 4852 3612 4923 πρὸς

2029 4955 2128 5022 τὴν
2154 4952 2328 5022 ψυχὴν
2355 4953 2412 5002 ἐν
2435 4947 2513 5018 τῷ
2539 4947 2712 5017 νοητῷ
2735 4963 2794 4999 τε
2822 4947 2917 4999 καὶ
2940 4945 3215 5016 ἀσωμάτῳ
3242 4945 3333 4998 τὸν
3355 4943 3611 5012 ἄγγελον,

2032 5044 2206 5098 καὶτὸ
2227 5043 2648 5112 προγενέστερον
2670 5040 2768 5110 τῆς
2787 5038 3063 5110 ἡμετέρας
3083 5037 3426 5108 κατασκευῆς
3449 5035 3611 5100 εἷναι,

2035 5137 2129 5190 καὶ
2168 5135 2230 5187 τὸ
2273 5132 2618 5187 συνίστασθαι
2650 5133 2762 5193 τοῖς
2798 5131 2936 5202 πρὸς
2958 5132 3086 5192 τοὺς
3113 5128 3439 5191 ἀντιπάλους
3474 5145 3616 5198 συμ-

2035 5228 2411 5298 πλεκομένοις,
2451 5225 2525 5296 μὴ
2572 5225 2976 5295 ἀμφιϐάλλειν·
3029 5224 3104 5294 μὴ
3157 5223 3254 5294 μέν
3299 5240 3385 5274 τοι
3432 5222 3614 5286 καλῶς

2036 5319 2200 5391 ἔχειν,
2231 5319 2309 5382 είς
2341 5317 2547 5371 ἐκείνου
2575 5315 2763 5381 τύπον,
2803 5316 2893 5368 τὸν
2943 5313 3154 5385 Ἀαρὼν
3191 5315 3353 5376 νοεῖν,
3387 5312 3480 5364 τὸν
3511 5310 3614 5382 τῆς

2037 5410 2479 5481 είδωλολατρείας
2533 5411 2648 5471 τοῖς
2710 5407 3070 5480 Ἰσραηλίταις
3131 5405 3615 5477 καθηγησάμενον.

2039 5506 2184 5578 Πρδς
2214 5505 2274 5558 ὃν
2311 5504 2561 5578 ἐροῦμεν,
2591 5503 2684 5556 τὸν
2715 5503 2904 5572 εἱρμὸν
2934 5501 3289 5572 ὑπερδάντες,
3323 5496 3502 5552 ταῦτά
3530 5514 3613 5558 τε,

2041 5596 2077 5650 ἃ
2103 5596 2427 5668 εἰρήκαμεν,
2459 5593 2625 5648 ὅτιτὸ
2651 5591 2756 5657 ἔξω
2784 5591 2879 5645 τοῦ
2920 5589 3121 5645 σκοποῦ
3156 5589 3231 5662 μὴ
3261 5589 3444 5657 λόγοις
3485 5589 3618 5642 ἀνα-

2041 5688 2290 5760 τρεπέτω
2346 5685 2443 5758 τὴν
2506 5688 2565 5739 ἐν
2603 5689 2714 5749 τοῖς
2763 5685 2968 5749 λοιποῖς
3011 5683 3306 5756 ἁρμονίαν,
3357 5683 3489 5748 καὶ,
3532 5681 3617 5734 ὅτι
