3876 6218
270 280 372 336 ιιι

1615 297 1702 351 DE
1742 297 1897 354 VITA
1934 298 2207 357 MOYSIS.

3426 311 3531 367 ibi

271 402 565 471 ὁμώνυμόν
591 422 642 456 τι
671 405 859 476 χρῆμα
904 408 998 461 καὶ
1030 408 1089 461 τὸ
1121 409 1214 462 τοῦ
1251 411 1477 480 ἀδελφοῦ
1523 415 1615 466 καὶ
1656 415 1717 468 τὸ
1759 417 1852 469 τοῦ

1964 418 2035 471 dit
2056 420 2117 485 ⁸⁸,
2152 421 2425 490 quomodo
2468 436 2591 476 eum
2624 436 2726 490 pro
2756 422 2897 478 duce
2944 422 3164 493 pietatis
3194 427 3386 494 angelo
3422 443 3523 497 po-

269 499 506 567 ἀγγέλου
534 500 706 565 ἐστὶν,
752 502 882 567 ῐσως
918 505 1003 573 ἐφ’
1033 504 1277 577 ἑκατέρῳ
1314 507 1425 561 τῶν
1468 510 1859 579 ἀντικειμένων

270 593 392 653 ταῖς
426 592 725 661 σημασίαις
759 595 1225 667 ὲφαρμοζόμενον.
1271 599 1347 652 Ub
1373 600 1482 671 γὰρ
1514 602 1576 671 δὴ
1604 602 1697 654 τοῦ
1723 602 1856 656 Θεοῦ

277 682 473 751 μόνον,
513 684 649 738 ἀλλά
690 686 786 739 καὶ
829 688 923 740 τοῦ
963 689 1177 742 Σατανᾶ
1215 691 1445 760 ἄγγελος
1493 692 1814 763 ὀνομάζεται
1841 711 1857 726 ’

273 775 372 826 καὶ
413 776 472 827 οὐ
514 776 605 829 τὸν
645 778 881 848 χρηστὸν
925 779 1105 846 μόνον,
1137 782 1273 835 ἀλλά
1320 784 1411 836 καὶ
1464 786 1555 837 τὸν
1599 786 1855 858 πονηρὸν,

274 865 505 933 ἀδελφὺν
565 866 859 938 καλοῦμεν.
896 870 1051 924 Οὕτω
1094 873 1203 944 γάρ
1246 891 1409 943 φησιν
1455 878 1488 945 ή
1522 877 1734 947 Γραφὴ,
1767 878 1859 929 ἐπὶ

280 958 382 1025 μὲν
412 958 518 1011 τῶν
542 962 944 1033 χρηστοτέρων·
988 964 1230 1033 Ἀδελφολ.
1265 968 1320 1018 ὲν
1358 969 1619 1036 ἀνάγκαις
1661 971 1857 1039 χρήσιο

281 1063 371 1115 μοι
404 1046 643 1101 ἔστωσαν
663 1065 675 1077 ·
724 1050 819 1102 ἐπὶ
851 1051 907 1103 δὲ
934 1051 1043 1104 τῶν
1070 1054 1347 1120 ἐναντίων,
1379 1058 1460 1109 ὅτι
1497 1058 1610 1120 Πᾶς
1635 1059 1857 1126 ἀδελφὸς

278 1140 379 1191 πτέ
391 1156 486 1210 ρνῃ
520 1144 780 1210 πτερνιεῖ.
808 1142 992 1196 Ταῦτα
1020 1145 1076 1197 δὲ
1105 1148 1171 1214 τῇ
1203 1147 1494 1219 ἀκολουθίᾳ
1520 1150 1859 1219 παραθέντες

274 1231 374 1283 τοῦ
403 1232 579 1299 λόγου,
605 1234 697 1285 καὶ
719 1234 816 1306 τὴν
842 1236 1235 1307 ἀκριϐεστέραν
1267 1241 1395 1309 περὶ
1421 1241 1598 1294 αὐτῶν
1628 1242 1858 1313 θεωρίαν

279 1322 360 1377 εἰς
392 1322 481 1375 τὸν
507 1322 635 1375 ἴδιον
664 1324 1023 1395 ὑπερθέμενοι
1056 1330 1239 1390 τόπον,
1282 1330 1377 1382 νῦν
1415 1330 1523 1383 τῶν
1559 1333 1857 1403 προκειμέ-

276 1432 387 1467 νων
439 1414 723 1485 ἁψώμεθα.
782 1418 839 1471 '0
885 1419 1063 1472 τοίνυν
1093 1420 1284 1472 ἑαυτόν
1316 1440 1375 1474 τε
1423 1423 1503 1493 τῷ
1546 1426 1858 1491 ἐπιφανέντι

279 1506 422 1573 φωτὶ
461 1506 806 1578 δυναμώσας,
850 1510 944 1562 καὶ
981 1510 1071 1563 τὸν
1100 1510 1339 1564 τοιοῦτον
1369 1513 1593 1583 ἀδελφὸν
1635 1515 1857 1586 σύμμα-

278 1598 373 1667 χόν
404 1616 463 1651 τε
497 1600 589 1651 καὶ
620 1602 978 1672 παραστάτην
1007 1603 1366 1673 κτησάμενος,
1396 1606 1609 1677 θαρσῶν
1639 1608 1717 1677 τῷ
1744 1608 1859 1679 λαῷ

274 1692 406 1753 τοὺς
440 1692 579 1763 ὑπὲρ
632 1693 729 1763 τῆς
774 1694 1033 1762 ἀληθείας
1077 1697 1344 1766 προσάγει
1377 1697 1583 1767 λόγους,
1625 1701 1719 1753 καὶ
1758 1702 1857 1771 τῆς

278 1783 557 1854 πατρικῆς
583 1785 861 1853 εὐγενείας
891 1787 1320 1860 ὑπομιμνήσκει,
1349 1791 1443 1843 καὶ
1472 1792 1620 1854 ὅπως
1651 1793 1717 1845 ἂν
1753 1768 1857 1859 ἔξω
1892 1768 1933 1821 Β

273 1877 521 1945 γένοιντο
546 1879 644 1948 τῆς
673 1879 826 1950 παρά
855 1879 946 1931 τὸν
978 1879 1144 1950 πηλὸν
1179 1883 1271 1933 καὶ
1296 1882 1394 1952 τὴν
1420 1883 1640 1936 πλίνθον
1667 1886 1856 1939 ταλαι-

275 1971 512 2040 πωρίας,
561 1972 744 2025 δίδωσι
786 1973 1030 2045 γνώμην.
1087 1974 1153 2028 Τί
1203 1970 1294 2028 οὖν
1338 1978 1489 2046 ήμᾶς
1522 1977 1611 2031 διὰ
1657 1978 1858 2032 τούτων

279 2063 525 2116 παιδεύει
553 2066 586 2135 ή
617 2065 827 2136 ἱστορία
853 2082 867 2130 ;
918 2067 980 2119 τὸ
1015 2067 1150 2138 μηδὲ
1179 2071 1527 2140 κατατολμᾷν
1568 2072 1668 2141 τῆς
1697 2073 1754 2123 ὲν
1780 2071 1858 2143 τῷ

272 2150 392 2222 λαῷ
420 2153 624 2223 φωνῆς,
666 2154 757 2207 τὸν
801 2156 876 2227 μὴ
912 2156 1000 2211 διὰ
1033 2159 1130 2229 τῆς
1169 2160 1420 2231 τοιαύτης
1465 2162 1689 2234 ἀγωγῆς
1721 2163 1860 2234 πρὸς

272 2243 374 2315 τὴν
401 2244 511 2297 τῶν
543 2245 753 2301 πολλῶν
784 2247 1002 2318 ὁμιλίαν
1030 2250 1121 2302 τὸν
1153 2251 1309 2318 λόγον
1340 2255 1855 2323 παρασκευάσαντα.

283 2334 453 2406 Ὁρᾷς
480 2335 612 2407 γὰρ,
646 2336 722 2399 ὡς
753 2338 873 2401 νέος
899 2337 974 2391 ὢν
1000 2338 1101 2406 ἔτι,
1134 2342 1263 2411 πρὶν
1297 2343 1377 2404 εἰς
1404 2342 1658 2397 τοσοῦτον
1693 2344 1859 2417 αὑξη-

279 2423 437 2494 θῆναι
471 2430 536 2498 τῇ
565 2428 756 2498 ἀρετῇ,
792 2430 885 2482 ἐπὶ
924 2430 1016 2483 δύο
1048 2432 1209 2486 τινῶν
1243 2433 1546 2506 ἀνθρώπων
1584 2437 1685 2490 οὑκ
1709 2436 1857 2502 ἀξιό-

278 2534 470 2580 πιστος
516 2520 775 2591 ἐνομίσθη
829 2520 1135 2592 σύμϐουλος
1183 2525 1407 2595 εἰρήνης
1455 2526 1704 2594 γενέσθαι
1746 2531 1858 2592 τοῖς

278 2607 664 2672 στασιάζουσι·
713 2611 807 2665 νῦν
839 2612 895 2665 δὲ
921 2615 1209 2679 τοσαύταις
1243 2617 1469 2687 μυριάσι
1499 2619 1637 2672 κατά
1664 2620 1858 2675 ταύτὸν

271 2700 605 2770 διαλέγεται,
656 2706 938 2777 μονονουχὶ
988 2706 1203 2777 βοώσης
1250 2726 1332 2763 σοι
1377 2712 1533 2764 τοῦτο
1579 2714 1676 2782 τῆς
1720 2716 1860 2767 ἱστο-

275 2794 423 2863 ρίας,
462 2795 537 2865 μὴ
572 2797 869 2868 ὲπιτολμᾷν
911 2800 969 2850 ὲν
995 2798 1317 2872 διδασκαλίᾳ
1348 2805 1412 2872 τῇ
1451 2804 1723 2875 συμϐουλῇ
1751 2804 1859 2858 τῶν

272 2882 604 2947 ἀκουόντων,
632 2887 681 2937 εἰ
708 2885 783 2957 μὴ
810 2886 898 2940 διά
934 2888 1189 2959 τοιαύτης
1228 2892 1321 2944 καὶ
1366 2893 1633 2964 τοσαύτης
1662 2896 1860 2964 ἐπιμε-

274 2976 428 3039 λείας
455 2977 490 3047 ή
516 2978 646 3049 περὶ
667 2977 859 3032 τούτου
890 2980 1262 3052 κατορθωθείη
1295 3001 1375 3036 σοι
1406 2984 1653 3055 δύναμις.
1701 2988 1860 3041 Ἀλλά

276 3070 589 3141 γενομένων
622 3071 729 3125 τῶν
762 3075 1142 3145 χρηστοτέρων
1168 3074 1372 3143 λόγων,
1424 3079 1517 3131 καὶ
1560 3082 1659 3149 τῆς
1704 3079 1857 3132 ἐλευ-

272 3160 465 3231 θερίας
508 3163 938 3234 ύποδειχθείσης,
985 3167 1076 3219 καί⁵
1106 3166 1213 3219 τῶν
1254 3167 1561 3222 ἀκουόντων
1595 3170 1731 3240 πρὸς
1758 3172 1858 3242 τὴν

274 3252 574 3323 ἐπιθυμίαν
627 3256 832 3327 ταύτην
885 3257 1375 3329 ὲπιρῤωσθέντων,
1431 3260 1789 3330 παροξύνεται
1833 3264 1862 3315 ὁ

278 3352 556 3422 πολέμιος.
594 3354 687 3407 καὶ
716 3355 974 3407 ἐπιτείνει
1022 3360 1119 3425 τήν
1154 3356 1421 3427 ἀλγηδόνα
1461 3361 1573 3422 τοῖς
1602 3360 1861 3429 ὑπηκόοις

273 3444 370 3497 τοῦ
399 3444 581 3513 λόγου.
617 3447 752 3499 Οὑδὲ
781 3447 937 3500 τοῦτο
964 3447 1068 3511 ἔξω
1108 3447 1216 3501 τῶν
1260 3448 1356 3502 νῦν
1389 3450 1690 3519 γινομένων
1722 3451 1858 3503 ὲστί.

333 3628 530 3682 Πολλοὶ
547 3629 654 3698 γὰρ
670 3628 776 3681 τῶν
794 3630 1254 3701 παραδεξαμένων
1269 3632 1360 3683 τὸν
1379 3631 1747 3705 ὲλευθερωτὴν
1765 3635 1861 3704 τῆς

266 3720 590 3790 τυραννίδος
620 3719 796 3788 λόγον,
844 3721 938 3773 καὶ
968 3721 1379 3791 προστιθέμενοι
1412 3722 1490 3792 τῷ
1524 3725 1860 3794 κηρύγματι,

271 3812 441 3883 μέχρι
492 3811 585 3864 τοῦ
636 3812 731 3864 νύν
771 3815 891 3875 ταῖς
919 3813 1026 3864 τῶν
1078 3814 1398 3884 πειρασμῶν
1439 3815 1729 3883 προϐολαῖς
1758 3816 1863 3870 ὑπὸ

268 3903 372 3957 τοῦ
420 3904 798 3974 ἀντικειμένου
833 3902 1229 3974 ὲπηρεάζονται
1257 3920 1268 3931 ·
1324 3905 1383 3968 ἐξ
1429 3900 1502 3958 ὧν
1537 3906 1721 3959 πολλοὶ
1764 3908 1863 3977 μὲν

268 3995 637 4067 δοκιμώτεροι
671 3997 763 4047 καὶ
794 3995 1134 4065 βεϐαιότεροι
1166 3998 1295 4065 περὶ
1338 3997 1437 4066 τὴν
1473 3998 1657 4049 πίστιν
1705 3998 1861 4050 καθί-

273 4105 525 4150 στανται,
578 4091 645 4158 τῇ
681 4087 919 4158 προϐολῇ
966 4087 1076 4140 τῶν
1125 4086 1436 4142 λυπούντων
1480 4088 1859 4159 στομούμενοι.

269 4181 399 4233 Τῶν
448 4180 507 4233 δὲ
555 4179 957 4250 ἀσθενεστέρων
1009 4178 1153 4242 τινὲς
1199 4180 1292 4233 καὶ
1341 4180 1698 4245 ὲποκλόιζουσι
1750 4184 1863 4245 τοῖς

269 4275 541 4337 τοιούτοις
589 4271 1029 4343 συμπτώμασιν,
1087 4272 1345 4343 ἄντικρυς
1407 4274 1587 4326 ἐκεῖνα
1634 4273 1863 4344 φθεγγό-

273 4384 455 4438 μενοι,
494 4366 555 4419 τὸ
590 4365 888 4417 λυσιτελεῖν
929 4364 1113 4426 αὑτοῖς
1156 4363 1356 4432 μᾶλλον
1395 4364 1647 4435 ἀνηκόοις
1683 4368 1861 4435 μεῖναι

1962 512 2126 564 situm
2161 512 2233 566 ab
2253 512 2480 568 historia
2513 514 2842 568 credendum
2888 515 3009 570 est?
3038 514 3150 570 lloc
3198 517 3365 587 igitur
3398 535 3531 588 prae-

1961 606 2367 659 termittendum
2401 606 2586 662 forsan
2617 607 2741 671 erit,
2769 607 2813 661 si
2854 608 3080 661 omnino
3114 610 3527 665 accommodari

1961 712 2068 749 nou
2106 698 2319 765 possit:
2358 700 2606 767 quamvis
2642 699 2819 769 angeli
2854 716 3071 770 quoque
3112 716 3337 764 nomen,
3387 713 3443 755 ut
3477 712 3532 757 et

1962 786 2145 839 fratris
2179 788 2243 840 ad
2282 797 2569 859 utramque
2604 796 2815 858 partem
2857 804 2886 843 a
2938 789 3225 860 Scriptura
3278 793 3523 860 positum

1962 875 2305 931 inveniamus
2342 895 2356 943 ;
2395 893 2502 931 non
2544 879 2688 931 enim
2748 876 2840 931 Dei
2874 877 3071 943 solum,
3124 894 3314 932 verum
3363 882 3528 932 etiam

1962 967 2178 1021 Satana:
2205 968 2455 1037 angelum
2476 969 2709 1024 dicimus
2749 988 2762 1023 :
2796 986 2894 1024 nec
2938 970 3140 1023 bonum
3168 977 3404 1032 tantum,
3431 969 3531 1023 sed

1958 1059 2121 1112 etiam
2149 1074 2398 1128 pravum,
2434 1059 2652 1113 fratrem
2687 1062 3054 1116 nominamus.
3083 1060 3305 1115 Fratres
3357 1061 3529 1124 enim,

1959 1153 2131 1221 inquit
2160 1153 2441 1220 Scriptura
2465 1154 2531 1215 ",
2558 1154 2668 1206 sint
2715 1153 2768 1205 in
2802 1154 3223 1207 necessitatibus
3273 1152 3454 1215 utiles,
3476 1152 3531 1206 in

1960 1246 2235 1298 meliorem
2261 1245 2351 1298 hic
2384 1255 2595 1313 partem
2649 1243 2835 1299 fratris
2871 1260 3069 1298 nomen
3126 1244 3442 1313 accipiens;
3476 1244 3533 1296 in

1960 1336 2197 1405 pejorem
2243 1345 2422 1389 autem
2473 1336 2690 1403 accipit,
2742 1352 2864 1389 cum
2905 1336 3037 1388 dicit
3072 1351 3087 1389 :
3121 1332 3314 1389 Omnis
3364 1333 3534 1388 frater

1958 1428 2216 1481 calcaneo
2259 1429 2633 1497 supplantabit
2674 1446 2688 1482 :
2726 1444 2914 1480 verum
2948 1427 3278 1496 exquisitius
3320 1427 3435 1481 hac
3474 1427 3531 1477 in

1960 1518 2079 1573 loco
2113 1535 2213 1573 suo
2252 1519 2747 1573 considerabimus.
2818 1518 2921 1584 Qui
2980 1526 3160 1572 autem
3199 1518 3407 1572 visione
3448 1516 3534 1571 di-

1960 1611 2098 1664 vina?
2130 1612 2268 1665 lucis
2299 1613 2535 1681 seipsum
2568 1612 2968 1673 corroboravit,
3016 1627 3079 1665 ac
3120 1612 3281 1665 talem
3309 1612 3529 1664 fratrem

1960 1701 2187 1772 adeptus
2240 1704 2332 1765 sit,
2384 1705 2475 1773 qui
2517 1704 2620 1757 sibi
2678 1704 2869 1757 adesse
2909 1706 2962 1756 in
3007 1705 3266 1773 periculis
3308 1718 3416 1756 non
3462 1704 3533 1755 ti-

1961 1804 2125 1858 meat,
2182 1795 2230 1849 is
2254 1796 2366 1864 jam
2415 1795 2754 1851 confidenter
2802 1797 3061 1866 pepulqu
3101 1796 3433 1864 alloquatur,
3479 1805 3534 1846 et

1962 1888 2017 1941 in
2048 1888 2365 1942 memoriam
2398 1899 2637 1958 paterna:
2665 1889 2964 1943 nobilitatis
2994 1887 3254 1951 adducat,
3307 1896 3533 1942 senten—

1962 1980 2203 2052 tiamque
2233 1980 2403 2041 dicat,
2430 1981 2703 2051 quomodo
2739 1982 2921 2033 limum
2959 1996 3021 2034 ac
3051 1980 3251 2034 lateres
3284 1980 3533 2049 aliosque

1961 2072 2185 2126 serviles
2213 2070 2428 2126 labores
2456 2070 2694 2141 effugere
2727 2071 2945 2140 poterit.
2983 2069 3087 2123 Sed
3121 2070 3410 2140 diligenter
3435 2068 3533 2123 ad~

1960 2164 2283 2219 vertendum
2340 2177 2460 2227 oro,
2508 2179 2577 2216 ne
2614 2179 2716 2216 nos
2762 2162 2953 2229 fugiat,
3001 2162 3144 2231 quod
3187 2162 3534 2231 apertissime

1962 2256 2188 2311 historia
2224 2256 2341 2325 ipsa
2378 2255 2656 2324 pranlicat.
2689 2252 2951 2308 Videmus
2990 2254 3135 2306 enim
3183 2252 3403 2323 Moysen
3436 2267 3534 2305 an-

1959 2356 2046 2401 tea
2087 2362 2251 2418 quam
2283 2347 2616 2416 perfectiore
2661 2362 2720 2401 se
2752 2347 2956 2399 virtute
3012 2344 3334 2406 tirmaverit,
3392 2344 3532 2397 duos

1961 2439 2102 2493 inter
2127 2455 2186 2495 se
2237 2439 2630 2493 contendentes
2692 2438 2943 2491 homines
2984 2438 3283 2491 conciliare
3332 2437 3532 2506 nequi-

1958 2531 2104 2585 visse
2121 2530 2207 2597 ¹⁶;
2241 2536 2427 2599 postea
2468 2544 2597 2584 vero
2639 2544 2762 2582 cum
2797 2528 3007 2596 sibiipsi
3040 2529 3200 2597 longo
3219 2537 3531 2597 temporum

1961 2622 2139 2690 spatio
2172 2624 2464 2687 vacaverit,
2502 2637 2530 2675 a
2567 2621 2752 2675 multis
2786 2619 3068 2673 hominum
3098 2620 3343 2674 millibus
3377 2620 3536 2673 facile

1961 2714 2014 2768 in
2046 2722 2411 2784 protectorem
2453 2714 2643 2782 recipi.
2685 2711 2876 2782 Magna
2912 2713 3079 2782 igitur
3120 2726 3253 2765 voce
3277 2709 3533 2779 Scriptu-

1960 2818 2033 2856 ra:
2066 2805 2364 2857 auctoritas
2383 2803 2621 2856 clamare
2650 2800 2886 2864 videtur,
2905 2816 3011 2854 non
3040 2800 3391 2854 insiliendum
3412 2816 3536 2854 esse

1961 2894 2027 2949 ad
2061 2894 2361 2948 docendam
2402 2892 2902 2963 instituendamque
2952 2889 3383 2955 multitudinem,
3428 2890 3536 2943 nisi

1961 2987 2115 3057 prius
2158 3000 2353 3055 magna
2388 2984 2669 3053 diligentia
2716 2985 3037 3053 magnisque
3090 2981 3366 3035 laboribus
3417 2996 3535 3035 eam

1962 3078 2133 3135 fueris
2184 3078 2561 3132 auctoritatem
2609 3075 2859 3145 adeptus,
2912 3086 2971 3126 ut
3026 3073 3306 3127 auditdres
3357 3072 3537 3126 verbis

1962 3173 2071 3227 tuis
2098 3171 2256 3225 facile
2277 3170 2647 3240 acquiescant.
2673 3168 2808 3223 Cum
2831 3168 2996 3237 igitur
3013 3167 3340 3223 sententiam
3366 3164 3539 3237 Moysi

1960 3266 2195 3335 populus
2216 3263 2650 3333 comprobassct,
2702 3261 3080 3329 libertatisque
3133 3259 3413 3315 desiderio
3442 3276 3537 3314 ex-

1963 3356 2210 3420 arsisset,
2256 3353 2519 3407 incitatur
2563 3364 2694 3406 tunc
2746 3352 2943 3416 hostis,
2989 3359 3044 3407 et
3097 3350 3307 3420 majore
3350 3350 3540 3405 labore

1963 3448 2142 3518 ipsum
2205 3447 2563 3516 comprimere
2611 3452 2863 3500 conatur.
2910 3442 3068 3510 Quod
3112 3458 3173 3499 re
3210 3444 3328 3514 ipsa
3375 3443 3541 3500 hodie

1963 3555 2181 3610 quoque
2210 3538 2324 3592 fieri
2360 3537 2627 3591 videmus.

2034 3630 2168 3685 Nam
2196 3630 2371 3692 multi,
2399 3645 2465 3682 ne
2493 3643 2685 3684 omnes
2711 3628 2910 3691 dicam,
2949 3644 3136 3684 eorum
3181 3629 3277 3699 qui
3326 3643 3538 3685 sermo-

1964 3738 2086 3777 nem
2113 3721 2180 3775 de
2210 3720 2458 3775 libertate
2484 3726 2826 3787 receperunt,
2853 3734 2915 3773 ac
2938 3720 3309 3789 pnedicationi
3358 3718 3539 3773 Evan-

1962 3816 2149 3886 gelica:
2174 3820 2492 3884 paruerunt,
2526 3810 2594 3864 ad
2638 3812 2783 3864 hunc
2823 3827 2997 3880 usque
3036 3810 3178 3866 diem
3228 3827 3259 3865 a
3305 3819 3540 3883 tyranno

1965 3922 2029 3960 ac
2057 3905 2215 3960 hoste
2240 3903 2463 3957 humani
2488 3902 2703 3972 generis
2741 3902 2926 3957 multis
2957 3918 3021 3956 ac
3061 3902 3316 3972 gravibus
3358 3913 3541 3958 tenta-

1963 3996 2205 4052 tionibus
2233 3995 2689 4066 comprimuntur,
2720 3994 2922 4062 quibus
2960 3994 3120 4048 multi
3154 3995 3409 4051 meliores
3441 3995 3539 4049 ﬁr-

1966 4092 2276 4159 mioresque
2304 4088 2358 4141 in
2379 4087 2483 4141 fide
2501 4086 2627 4140 facti
2659 4093 2809 4149 sunt,
2830 4086 3199 4142 molestiarum
3226 4088 3543 4143 incursione

1966 4193 2224 4253 tanquam
2272 4180 2389 4235 acie
2430 4178 2690 4249 chalybea
2726 4178 2989 4239 rohorati,
3026 4179 3107 4232 vel
3144 4179 3393 4233 dolorum
3440 4179 3543 4232 im,-

1966 4284 2093 4346 petu
2125 4272 2399 4330 obdurati.
2458 4269 2715 4324 Nonnulli
2763 4285 2891 4324 vero
2943 4270 3111 4340 (piget
3139 4270 3344 4337 dicere)
3390 4270 3542 4325 fran-

1965 4375 2167 4439 guntur
2195 4363 2461 4428 adversis,
2495 4362 2864 4431 maluisseque
2904 4360 3093 4415 dicunt
3152 4377 3260 4416 non
3322 4361 3543 4418 audisse

271 4459 376 4514 τοῦ
404 4460 499 4529 τῆς
527 4458 840 4528 ἐλευθερίας
868 4456 1246 4527 κηρύγματος,
1270 4456 1303 4528 ἢ
1336 4459 1447 4520 τοῖς
1475 4458 1753 4523 τοιούτοις,
1776 4460 1859 4513 διὰ

1964 4458 2213 4519 veritatis
2251 4468 2304 4512 et
2336 4456 2605 4511 libertatis
2634 4469 2962 4517 sermonem,
2992 4461 3154 4523 quam
3189 4471 3255 4511 ea
3280 4454 3347 4511 de
3375 4471 3541 4512 causa

270 4556 379 4625 τὴν
422 4553 599 4606 αἰτίαν
640 4552 863 4622 ταύτην,
920 4548 1322 4620 συνενεχθῆναι.
1377 4548 1446 4603 ⁸0
1490 4551 1553 4621 δὴ
1602 4552 1695 4606 καὶ
1740 4553 1861 4605 τότε

277 4646 637 4711 συνέϐαινεν,
690 4644 793 4697 ὑπὸ
849 4641 1213 4714 μικροψυχίας
1259 4641 1366 4693 τῶν
1423 4642 1771 4713 Ἰσραηλιτῶν
1804 4647 1862 4698 ἐν

272 4740 483 4801 αἰτίαις
514 4738 852 4808 ποιουμένων
885 4738 1013 4799 τοὺς
1054 4735 1151 4806 τὴν
1192 4734 1511 4806 ἀπαλλαγὴν
1553 4735 1737 4799 αὑτοῖς
1764 4736 1861 4807 τῆς

270 4830 521 4893 δουλείας
566 4829 1027 4897 ἀπαγγείλαντας.
1071 4827 1208 4879 Ἀλλ’
1244 4828 1395 4880 οὐδὲν
1446 4816 1645 4897 μᾶλλον
1672 4827 1862 4899 ἀνήσει

269 4927 302 4977 ὁ
332 4922 491 4989 λόγος
524 4922 663 4993 πρὸς
698 4902 761 4973 τὸ
802 4919 967 4973 καλὸν
1012 4918 1402 4990 ἐφελκόμενος,
1455 4917 1557 4970 κᾶν
1596 4918 1863 4984 παιδικῶς

270 5012 632 5082 ἀποδειλιάσῃ
676 5011 813 5081 πρὸς
845 5009 945 5073 τάς
972 5009 1081 5063 τῶν
1122 5008 1444 5080 πειρασμῶν
1477 5008 1674 5078 ἀηθίας
1710 5012 1739 5062 ό
1771 5011 1864 5080 νή-

272 5121 403 5167 πιος
437 5106 518 5158 ἔτι
548 5104 642 5158 καί
683 5102 881 5174 ἀτελὴς
915 5102 1015 5172 τὴν
1043 5101 1294 5155 διάνοιαν.
1343 5101 1433 5170 Τῷ
1465 5102 1562 5172 μὲν
1592 5104 1699 5173 γὰρ
1736 5101 1863 5172 βλα-

271 5194 459 5265 πτικῷ
506 5196 603 5248 καὶ
633 5192 942 5265 φθοροποιῷ
985 5192 1198 5263 δαίμονι
1245 5176 1403 5245 τοῦτο
1446 5191 1585 5245 κατά
1618 5191 1728 5245 τῶν
1771 5194 1863 5246 ἀν·-

273 5285 514 5358 θρὼπων
544 5284 924 5349 ἐσπουδάζετο,
956 5284 1020 5337 τὸ
1050 5283 1123 5355 μὴ
1156 5285 1235 5346 εἰς
1267 5284 1357 5336 τὸν
1383 5284 1607 5355 οὐρανὸν
1643 5283 1860 5354 βλέπειν

270 5379 341 5432 τδ
375 5376 708 5451 ὑποχείριον,
743 5377 878 5432 ἀλλά
906 5376 967 5430 τὸ
997 5377 1078 5440 είς
1107 5375 1212 5446 γῆν
1242 5376 1488 5439 κύπτειν,
1524 5377 1619 5430 καὶ
1648 5378 1706 5430 ὲν
1733 5377 1858 5430 ἑαυο

270 5473 359 5543 τῷ
380 5473 471 5526 τὸν
499 5472 671 5542 πηλὸν
702 5469 1026 5524 πλινθεύειν.
1071 5471 1138 5523 Ὅ
1163 5487 1216 5522 τι
1244 5468 1352 5540 γάρ
1378 5468 1442 5523 ἂν
1539 5471 1636 5540 τῆς
1670 5469 1862 5541 ὑλικῆς

271 5546 653 5630 απολαύσεως,
705 5565 770 5617 ἐκ
798 5564 901 5634 γῆς
949 5564 1065 5616 ἐστι
1098 5563 1315 5624 πάντως
1361 5561 1394 5631 ἢ
1445 5561 1655 5626 ὓδατος,
1698 5563 1861 5615 παντί

1967 4566 2077 4611 tam
2110 4551 2292 4605 multis
2323 4547 2603 4602 laboribus
2650 4547 2929 4602 incidisse.
2972 4548 3209 4619 ldipsum
3252 4558 3366 4602 tum
3408 4566 3543 4619 quo-

1968 4663 2073 4719 que
2106 4645 2265 4699 ﬁebat
2292 4640 2533 4696 Hebraeis
2557 4655 2623 4693 ex
2655 4640 3123 4709 pusillanimitate.
3149 4640 3414 4696 libertatis
3442 4644 3543 4695 mi-

1972 4741 2174 4794 nistros
2208 4733 2619 4796 accusantibus,
2654 4730 2749 4785 sed
2782 4747 2890 4786 non
2926 4733 3166 4787 cessabit
3190 4732 3314 4788 ideo
3342 4734 3541 4803 praedi-

1969 4833 2112 4886 catio
2168 4828 2232 4881 ad
2298 4828 2604 4882 libertatem
2661 4834 2716 4878 et
2761 4825 3043 4879 veritatem
3109 4840 3211 4879 nos
3254 4841 3541 4889 revocans,

1968 4922 2184 4977 etiamsi
2210 4919 2387 4982 tnulti,
2417 4916 2575 4987 quasi
2606 4915 2758 4985 pueri
2790 4924 2954 4985 atque
2984 4915 3243 4978 infantes.
3288 4918 3545 4972 tentatio-

1969 5030 2067 5069 nes
2092 5012 2499 5083 pertimescant.
2535 5006 2828 5078 Tyrannus
2861 5008 3006 5063 enim
3044 5022 3108 5062 ac
3150 5007 3325 5064 hostis
3356 5020 3545 5065 noster

1970 5105 2218 5159 humanae
2247 5108 2457 5155 naturae
2487 5101 2811 5170 depravator
2856 5115 3070 5170 semper
3109 5099 3311 5165 studet,
3360 5116 3430 5155 ne
3475 5102 3544 5154 ad

1967 5195 2165 5251 coelum
2211 5194 2400 5248 oculos
2440 5191 2653 5245 elevare
2703 5191 3010 5260 possimus,
3064 5191 3156 5246 sed
3227 5192 3280 5244 in
3340 5198 3543 5245 terram

1967 5289 2228 5344 continuo
2259 5285 2524 5348 inclinati,
2556 5284 2755 5338 lateres
2788 5284 2843 5337 in
2883 5300 2947 5338 ea
2992 5300 3057 5338 ex
3089 5285 3205 5338 luto
3252 5283 3540 5340 faciamus.

1965 5379 2102 5435 Nam
2135 5378 2398 5450 quidquid
2429 5378 2485 5432 in
2512 5378 2614 5432 hac
2638 5377 2746 5429 vita
2776 5376 3073 5441 invenitur,
3101 5392 3210 5447 quo
3252 5375 3378 5446 quis
3422 5391 3543 5430 ma-

1968 5471 2231 5525 terialiter
2255 5483 2320 5523 ac
2347 5467 2673 5523 sensualiter
2697 5465 2931 5531 fruatur,
2974 5465 3026 5521 id
3048 5473 3141 5520 aut
3163 5481 3231 5519 ex
3252 5474 3399 5522 terra
3432 5473 3542 5531 est,

1970 5569 2064 5615 aut
2092 5577 2157 5617 ex
2184 5574 2345 5631 aqua,
2377 5559 2493 5616 sive
2518 5556 2583 5613 ad
2607 5567 2873 5624 ventrem,
2917 5556 3032 5613 sive
3052 5557 3118 5613 ad
3152 5558 3374 5615 divitias
3419 5571 3545 5630 per-

359 5748 411 5785 “
442 5748 612 5807 Exod.
649 5768 820 5822 χχιιι,
860 5755 881 5810 l
928 5769 1049 5826 sqq.
1126 5753 1170 5785 "
1196 5750 1401 5808 .lcrem.
1439 5750 1574 5815 tm.
1654 5750 1698 5782 "
1724 5749 1895 5806 Exod.
1929 5765 1987 5818 ιι,
2019 5749 2100 5804 l5.
