3844 6222
201 303 317 360 διε

1467 309 1472 314 ’
1557 313 1646 371 DE
1678 315 1830 372 VITA
1873 316 2146 376 MOYSIS.

3380 317 3486 376 διδ

198 423 444 490 ⁴κυούσαις
470 424 662 480 πόλεσι
683 426 821 499 πρὸς
849 427 947 494 τὰς
967 429 1215 495 ἐναντίας
1233 431 1391 498 δόξας
1410 431 1784 506 διεστηκότων,

1897 444 2114 503 tarent;
2173 450 2300 491 nam
2366 436 2422 491 id
2478 436 2659 507 ipsum
2722 435 2884 491 altius
2937 431 3270 488 intellectum
3321 432 3488 490 hodie

197 518 322 580 τοῖς
359 518 460 587 μὲν
487 518 718 588 πότιμόν
748 536 811 572 τε
839 520 934 574 καὶ⁸
957 521 1147 586 διειδές
1175 523 1292 574 ἐστι
1321 523 1380 576 τὸ
1401 525 1551 594 νᾶμα
1579 525 1681 595 τῆς
1707 526 1797 578 πί-

201 623 404 670 στεως,
424 608 455 661 ὃ
478 608 566 663 διὰ
589 614 688 680 τῆς
717 610 870 675 θείας
898 612 1249 678 διδασκαλίας
1281 613 1571 685 ἀρύονταιο
1602 619 1717 680 τοῖς
1740 617 1796 670 δὲ

195 698 293 752 διὰ
323 698 429 770 τῆς
457 702 696 771 πονηράς
727 702 1048 774 ὑπολήψεως
1085 706 1534 772 Αἱγυπτιάζουσι,
1567 707 1792 776 διαφθο-

203 790 312 860 ρᾶς
357 783 499 861 αἷμα
519 791 582 844 τὸ
611 792 757 863 ὕδωρ
785 793 1013 860 γίνεται.
1048 797 1158 848 Καὶ
1185 795 1445 860 πολλάκις
1470 800 1739 870 ἐπιχειρεί
1765 803 1794 854 6

198 883 629 954 παρασοφισμὺς
659 884 760 953 τῆς
791 885 1010 956 ἀπάτης
1034 888 1128 940 καὶ
1160 889 1221 940 τὸ
1248 889 1357 941 τῶν
1391 890 1660 961 Ἐϐραίων
1697 910 1795 946 πο-

195 971 318 1033 τὸν,
344 973 425 1042 τῷ
471 973 730 1044 μολυσμῷ
767 975 863 1028 τοῦ
889 976 1118 1046 ψεύδους
1151 973 1292 1050 αἷμα
1331 981 1596 1052 ποιῆσαι,
1648 983 1790 1038 τοῦτ’

195 1061 342 1124 ἐστι,
373 1063 468 1117 τὸν
495 1065 760 1137 ἡμέτερον
793 1059 970 1135 λόγον,
1011 1069 1107 1122 καὶ
1144 1071 1275 1139 ἡμῖν
1301 1071 1490 1136 δεῖξαι,
1524 1073 1598 1143 μὴ
1621 1073 1794 1126 τοιοῦ-

121 1145 124 1148 ’
194 1170 292 1207 τον
326 1155 494 1219 ὄντα,
534 1150 644 1219 οἷός
674 1159 842 1212 ἐστιν·
888 1157 1002 1211 ἀλλ’
1048 1159 1149 1212 οὐκ
1195 1161 1517 1231 ἀχρειὼσειε
1561 1163 1790 1218 καθόλου

198 1244 261 1296 τὸ
293 1245 483 1307 ποτὸν,
517 1246 620 1299 κᾶν
648 1249 712 1300 ὲκ
741 1248 836 1302 τοῦ
866 1249 1157 1320 προχείρου
1196 1251 1262 1304 δι’
1297 1253 1514 1324 ἀπάτης
1546 1272 1793 1327 περιφοι-

207 1337 324 1408 ἀίξῃ
344 1339 408 1392 τὸ
436 1334 594 1402 εἶδος.
617 1340 768 1394 Πίνει
789 1341 898 1413 γὰρ
917 1344 946 1395 6
981 1341 1231 1414 Ἑϐραῖος
1258 1345 1318 1397 τὸ
1343 1345 1598 1416 ἀληθινὸν
1623 1346 1789 1418 ὕδωρ,

211 1427 304 1481 τᾶν
335 1429 492 1497 παρά
520 1430 631 1482 τῶν
659 1431 919 1486 ἐναντίων
959 1435 1201 1498 πιθανῶς
1231 1435 1608 1507 διαδάλληται,
1640 1439 1792 1492 οὐδὲν

217 1520 342 1590 πρὸς
367 1521 431 1574 τὸ
455 1519 593 1585 εἶδος
623 1525 723 1594 τῆς
753 1525 970 1596 ἀπάτης
998 1527 1480 1598 ἐπιστρεφόμενος.
1511 1527 1668 1582 Οὕτω
1697 1529 1792 1582 καὶ

227 1610 258 1663 ὸ
287 1610 582 1683 βατράχων
619 1615 777 1682 γένος
826 1617 890 1669 τὸ
929 1616 1166 1687 είδεχθὲς
1213 1618 1312 1671 καὶ
1361 1619 1702 1689 πολύφωνον,
1745 1615 1790 1688 ᾧ

235 1706 466 1775 μφίδιος
518 1708 615 1776 μὲν
675 1710 709 1778 ή
762 1708 910 1779 ζωὴ,
963 1710 1292 1781 ἑρπυστικδν
1335 1711 1392 1764 δὲ
1448 1711 1511 1764 τὸ
1558 1713 1790 1783 πήδημα

1897 541 2117 598 quoque
2144 527 2258 581 fieri
2311 527 2498 582 videre
2543 527 2689 580 licet.
2723 525 2839 580 Non
2871 525 3018 580 enim
3052 524 3392 594 ignoramus,
3427 525 3484 578 in

1896 619 2109 689 magnis
2137 619 2437 686 praesertim
2479 619 2795 673 civitatibus
2826 618 2881 671 in
2908 615 3214 671 contrarias
3240 615 3308 671 de
3335 618 3484 670 veri-

1894 718 2006 764 tate
2053 711 2339 780 opiniones
2393 709 2742 764 multitudine
2803 708 3002 770 divisa,
3059 706 3184 760 aliis
3229 706 3484 776 limpidas

1893 815 2066 870 aquas
2099 809 2262 869 atque
2294 799 2558 869 potabiles
2591 814 2734 863 esse,
2767 813 2888 868 qua:
2916 796 3258 868 quotidianis
3283 795 3483 866 pradi-

1892 891 2240 956 cationibus,
2287 889 2692 960 Scripturaaque
2751 889 2981 944 vocibus
3038 889 3094 943 in
3145 887 3326 942 anima
3380 902 3483 942 sua

1894 983 2241 1046 scaturiunt;
2291 981 2417 1035 aliis
2467 981 2748 1051 (quoniam
2798 977 3073 1049 perversis
3129 978 3482 1048 opinionibus

1892 1072 2280 1143 Egyptiorum
2307 1072 2592 1126 imitantur
2618 1071 2902 1140 malitiam)
2927 1071 2980 1124 in
3003 1070 3328 1139 sanguinem
3357 1085 3483 1125 cor-

1891 1170 2115 1232 ruptum
2148 1163 2423 1234 Evangelii
2471 1173 2637 1232 atque
2677 1161 3084 1232 praedicationis
3120 1161 3481 1216 suavissimus

1892 1264 2052 1324 potus
2092 1257 2436 1309 convertitur
2470 1272 2484 1308 :
2513 1264 2568 1309 et
2607 1253 2752 1324 quod
2778 1251 2934 1323 pejus
2968 1261 3072 1319 est,
3103 1267 3481 1322 saepenumero

1890 1347 2234 1401 fraudulenta
2266 1348 2381 1402 hac
2415 1348 2822 1420 ﬁgyptiorum,
2865 1348 2917 1400 id
2954 1353 3060 1409 est,
3098 1361 3209 1400 non
3249 1346 3482 1401 creden-

1889 1440 2026 1492 tium
2063 1440 2285 1509 perfidia
2327 1440 2584 1496 falsitatis
2627 1441 2845 1495 macula
2890 1437 3244 1494 Hebraeorum
3289 1448 3480 1508 potum

1891 1529 1948 1584 in
1998 1532 2318 1601 sanguinem
2349 1542 2672 1588 convertere
2699 1531 2916 1594 nititur,
2959 1531 3011 1585 id
3042 1542 3128 1586 est
3165 1531 3474 1585 doctrinam

1891 1629 2140 1676 nostram
2170 1624 2458 1678 ostendere
2488 1623 2651 1679 talem
2695 1638 2806 1678 non
2841 1638 2987 1686 esse,
3016 1622 3195 1692 qualis
3220 1631 3304 1677 est
3329 1639 3345 1678 :
3375 1623 3476 1678 sed

1891 1729 2172 1785 nunquam
2207 1716 2456 1771 inutilem
2482 1726 2670 1787 potum
2695 1725 2947 1772 nostrum
2972 1716 3224 1780 reddent,
3253 1718 3478 1770 tametsi

131 1807 148 1812 -
239 1797 418 1868 ἀηδὴς
445 1798 502 1852 δὲ
535 1799 596 1851 οὐ
634 1800 793 1869 μόνον
841 1802 874 1870 ἡ
901 1799 1044 1869 om,
1073 1801 1211 1854 ἀλλά
1246 1803 1344 1855 και
1379 1802 1474 1855 τοῦ
1519 1782 1784 1875 χρωτδςή

1891 1818 2158 1874 aquarum
2209 1808 2556 1878 superficiem
2601 1809 2758 1878 quasi
2808 1807 3030 1862 rubeam
3079 1822 3341 1877 apparere
3383 1821 3479 1861 ca-

107 4990 140 5004 ρ

243 1887 461 1956 ισωδία)
481 1906 495 1919 ο
528 1889 558 1940 ὃ
583 1892 695 1953 τοῖς
723 1889 893 1954 οῐκοις
921 1893 1016 1944 καὶ
1043 1891 1164 1955 ταῖς
1195 1890 1403 1954 κλίναις
1430 1891 1525 1945 καὶ
1549 1895 1662 1956 τοῖς
1694 1909 1790 1946 τα-

243 1976 381 2042 είοις
407 1981 520 2033 τῶν
537 1981 850 2050 Δίγυπτίων
877 1985 1146 2056 είσέρπει,
1168 1989 1269 2057 τῆς
1295 1984 1351 2038 δὲ
1373 1985 1483 2040 τῶν
1523 1985 1789 2057 Ἐσραίων

163 2073 184 2098 ’-
257 2073 349 2143 τῆς
374 2075 477 2128 οὐκ
505 2075 826 2144 ἐφάπτεται.
871 2079 1112 2150 Ἀληθῶς
1153 2079 1262 2151 γὰρ
1290 2081 1546 2152 ἄντικρυς
1583 2081 1786 2152 βατρά-

260 2179 309 2214 ιν
341 2164 477 2234 γένη
503 2166 627 2229 εἰσὶ,
661 2167 730 2220 τὰ
758 2168 1056 2237 φθοροποιά
1085 2169 1185 2238 τῆς
1218 2170 1414 2235 κακίας
1445 2173 1784 2242 γεννήματα,

243 2279 254 2284 -
300 2255 405 2324 τῆς
434 2257 684 2327 pompa;
715 2259 940 2330 καρδίας
977 2259 1087 2313 τῶν
1118 2260 1439 2331 ἀνθρώπων,
1464 2257 1577 2317 οἷον
1608 2263 1672 2318 ἔκ
1701 2282 1785 2318 τι-

267 2365 282 2375 ’
331 2347 596 2419 βορϐόρου
631 2350 1061 2424 ζωογονούμενα.
1114 2349 1274 2409 Οὗτοι
1303 2357 1352 2408 οἱ
1402 2355 1664 2427 βάτραχοι
1707 2357 1787 2410 οἰα-

271 2439 356 2493 ἶσι
385 2440 485 2511 μὲν
511 2442 610 2505 τάς
635 2444 813 2506 οίκίας
836 2443 944 2497 τῶν
984 2445 1483 2513 Αίγυπτιαζόντων,
1519 2449 1661 2503 κατά
1688 2432 1776 2518 ei!

277 2557 286 2564 -
323 2528 445 2600 βίου
472 2531 791 2602 προαίρεσιν
811 2549 825 2564 ο
858 2532 1162 2588 δείκνυνται
1191 2535 1249 2588 δὲ
1281 2536 1375 2589 καὶ
1400 2537 1493 2589 ἐπὶ
1519 2536 1627 2590 τῶν
1653 2554 1786 2609 τρα-

275 2623 402 2688 ’ῶν,
444 2624 539 2678 καὶ
575 2624 683 2677 τῶν
725 2623 918 2679 κλινῶν
949 2627 1050 2680 οὐκ
1091 2628 1408 2698 ἀπέχονται,
1457 2629 1550 2681 καὶ
1592 2630 1672 2692 είς
1716 2629 1786 2683 τά

293 2717 402 2768 ’.εἶα
438 2715 547 2768 τῶν
582 2715 868 2770 ἀποθέτων
903 2719 1256 2777 εἰσδύνουσιν.
1314 2722 1483 2775 Ὅταν
1526 2721 1636 2793 γὰρ
1669 2723 1783 2794 ῐδῃς

313 2803 564 2872 ῥυπαρόν
591 2819 651 2856 τε
679 2804 774 2858 καὶ
800 2805 1097 2861 ἀκόλαστον
1121 2808 1254 2877 βίον,
1279 2809 1494 2882 άληθῶς
1523 2813 1586 2864 ὲκ
1609 2811 1782 2882 πηλοῦ

305 2893 382 2945 ιαὶ
425 2893 684 2967 βορϐόρου
713 2898 1052 2968 τικτόμενον,
1094 2901 1191 2954 καὶ
1226 2906 1293 2973 τῇ
1334 2903 1467 2974 πρὸς
1496 2903 1559 2957 τὸ
1589 2904 1782 2974 ἄλογον

249 2989 434 3061 ο-ήσει
469 2993 608 3046 κατά
634 2993 697 3046 τὸ
741 2990 882 3059 εἶδος
909 2997 1009 3068 τῆς
1042 2997 1190 3068 ζωῆς
1225 3001 1284 3054 ἐν
1328 3001 1589 3074 οὐθετέρα
1623 3003 1781 3072 φύσει

309 3081 445 3146 ιδὼς
460 3084 732 3179 ⁸μένοντας
767 3089 859 3179 καὶ
884 3087 1172 3179 ἄνθρωπον
1197 3091 1294 3161 μὲν
1323 3093 1462 3146 κατὰ
1485 3093 1582 3164 τήν
1617 3094 1778 3162 φύσιν
1805 3119 1849 3179 c

225 3218 240 3226 -
275 3213 280 3216 -
315 3213 349 3236 .,
382 3175 583 3244 κτῆνος
616 3175 675 3228 δὲ
707 3177 794 3232 διὰ
823 3178 995 3243 πάθος
1023 3181 1327 3251 γινόμενον,
1369 3185 1462 3236 καὶ
1492 3183 1578 3237 διὰ
1620 3183 1777 3238 τοῦτο

295 3307 300 3312 .
329 3264 462 3318 ,διον
490 3269 664 3321 ἐκεῖνο
689 3272 782 3324 καὶ
811 3272 1246 3342 ἐπαμφοτερίζον
1270 3274 1331 3326 τὺ
1353 3274 1452 3345 τῆς
1475 3275 1620 3344 ζωῆς
1639 3272 1778 3338 εἶδος

325 3357 622 3412 λκνύοντα·
646 3361 900 3431 εὑρήσεις
922 3365 1015 3416 καὶ
1042 3365 1133 3417 ἐπὶ
1162 3365 1351 3418 τούτου
1381 3365 1450 3418 τὰ
1474 3367 1573 3436 τῆς
1598 3367 1777 3420 τοιαύ-

343 3450 503 3504 νόσου
547 3454 932 3524 γνωρίσματα,
980 3456 1079 3509 οὐκ
1115 3458 1209 3509 ἐπὶ
1245 3457 1345 3526 τῆς
1379 3456 1564 3527 κλίνης
1595 3458 1774 3528 μόνον,

269 3599 280 3606 ,
377 3544 476 3596 καὶ
505 3543 595 3596 ἐπὶ
639 3545 740 3614 τῆς
771 3546 1050 3616 τραπέζης
1076 3587 1090 3610 ,
1124 3547 1219 3601 καὶ
1265 3549 1325 3600 ἐν
1364 3552 1476 3612 τοῖς
1509 3550 1774 3619 ταμείοις,

352 3633 475 3687 ίατά
521 3634 698 3687 πάσαν
740 3635 839 3706 τὴν
887 3638 1119 3706 οἴκησιν.
1181 3639 1634 3709 Ἐπισημαίνεται
1668 3642 1776 3713 γὰρ

355 3725 545 3778 τάντων
583 3727 612 3778 6
650 3727 886 3790 τοιοῦτος
927 3729 1030 3798 τὴν
1075 3730 1334 3793 ἀσωτίαν,
1387 3729 1526 3784 ὥστε
1570 3733 1776 3798 πάντας

366 3833 394 3880 ς
435 3817 730 3884 ἐπιγνῶναι
762 3816 850 3871 διά
876 3817 984 3871 τῶν
1015 3821 1156 3873 κατά
1185 3821 1276 3874 τὸν
1306 3819 1452 3876 οἷκον
1479 3825 1776 3890 σπουδαζο-

367 3943 370 3948 -
411 3910 504 3962 τὸν
537 3909 650 3979 βίον
674 3910 767 3963 τοῦ
797 3928 855 3965 τε
878 3912 1176 3967 ἀκολάστου
1203 3915 1296 3967 καὶ
1322 3915 1416 3968 τοῦ
1447 3915 1778 3988 καθαρεύον-

369 4005 508 4056 Οταν
537 4005 594 4055 ὲν
619 4005 794 4074 τούτῳ
829 4005 928 4075 μὲν
955 4005 1050 4058 ἐπὶ
1080 4005 1188 4059 τῶν
1202 4004 1418 4077 τείχους
1433 4012 1776 4080 κονιαμάτων

378 4110 466 4146 ται
488 4094 638 4165 παρά
662 4094 763 4164 τῆς
791 4093 987 4164 τέχνης
1016 4094 1102 4150 διά
1126 4096 1363 4150 εἰδώλων
1392 4099 1556 4150 τινῶν
1579 4099 1648 4152 τά
1677 4101 1776 4170 τῆς

381 4185 474 4248 οὓς
495 4187 685 4256 ἡδονῆς
726 4185 1128 4256 ὑπεκκαύματα
1149 4205 1161 4218 ·
1187 4188 1253 4241 δι’
1272 4181 1347 4242 ὧν
1365 4190 1777 4262 ὑπομιμνήσκε-

386 4296 406 4340 ;
428 4277 587 4331 νόσου
615 4279 648 4348 ἡ
680 4277 863 4347 φύσις,
885 4278 975 4332 διά
1000 4279 1109 4332 τῶν
1137 4280 1314 4350 ὄψεων
1347 4281 1410 4333 ἐκ
1434 4283 1531 4350 τῆς
1553 4283 1775 4352 ἀτιμίας

395 4371 619 4439 υμάτων
643 4371 736 4422 ἐπὶ
760 4370 858 4442 τὴν
877 4370 1054 4442 ψυχὴν
1079 4372 1499 4443 ὲπεισχεομένου
1537 4373 1632 4426 τοῦ
1668 4374 1775 4428 πά-

199 4280 256 4296 ..σι

1891 1896 2268 1952 villationihus
2321 1897 2608 1952 eiliciant:
2667 1898 2816 1952 bibet
2853 1899 2998 1952 enim
3044 1897 3232 1962 Israel.
3287 1898 3338 1953 id
3391 1907 3477 1952 est

1888 1986 1983 2044 Dei
2025 1989 2280 2058 populus.
2331 2004 2529 2059 aquam
2565 2003 2772 2052 veram,
2816 2002 2918 2042 nec
2962 1987 3074 2041 ullo
3121 1988 3304 2052 modo,
3349 1988 3476 2042 licet

1887 2081 2262 2136 verisimiliter
2307 2096 2539 2152 arguere
2592 2081 2892 2136 adversarii
2940 2081 3250 2144 videantur,
3294 2080 3475 2150 specie

1885 2171 2117 2227 fallacia;
2137 2173 2298 2227 istius
2327 2172 2782 2228 commovebitur.
2807 2171 2897 2226 Sic
2916 2187 3016 2243 pro
3041 2187 3298 2225 ranarum
3331 2187 3472 2241 quo-

1885 2277 1994 2332 que
2037 2263 2220 2332 specie
2253 2260 2486 2316 deformi
2539 2269 2702 2331 atque
2750 2262 2988 2330 loquaci,
3039 2262 3128 2315 cui
3161 2262 3330 2316 dubia
3359 2262 3471 2314 vita

1885 2352 2034 2424 (nam
2069 2361 2122 2408 et
2141 2353 2458 2424 aquaticum
2485 2360 2541 2408 et
2568 2360 2831 2408 terrestre
2864 2353 2917 2408 id
2946 2354 3148 2407 animal
3173 2357 3280 2420 est)
3311 2353 3470 2421 cujus

1884 2445 2059 2502 saltus
2089 2460 2308 2515 repens,
2341 2445 2503 2515 cujus
2532 2451 2791 2515 aspectus
2831 2445 3210 2516 turpissimus,
3243 2443 3404 2514 cujus
3439 2461 3472 2500 ε

1883 2548 2116 2605 corpore
2144 2535 2508 2590 intolerabilis
2558 2535 2699 2590 fetor
2737 2536 3006 2590 emittitur
3038 2553 3052 2589 :
3082 2536 3230 2605 quod
3275 2536 3470 2591 domos

1882 2625 2225 2696 lectulosque
2270 2625 2499 2696 ipsaque
2556 2627 2858 2696 penetralia
2904 2625 3286 2698 Egyptiorum
3344 2641 3468 2681 sor-

1882 2719 2053 2783 didat,
2099 2726 2155 2774 et
2189 2717 2544 2774 Hebraorum
2580 2722 2746 2774 vitam
2801 2734 2911 2773 non
2970 2719 3230 2780 maculat.
3283 2721 3472 2774 varios

1880 2813 2106 2868 malitiae
2148 2813 2636 2884 corruptionisque
2689 2815 2854 2875 fetus,
2903 2811 2998 2882 qui
3037 2827 3104 2867 ex
3156 2812 3324 2867 fetido
3369 2815 3469 2867 bo-

1881 2905 2090 2959 minum
2134 2905 2324 2971 corde,
2367 2905 2524 2974 quasi
2577 2920 2641 2959 ex
2699 2905 2919 2973 puu-ido
2967 2905 3098 2958 limo
3139 2914 3466 2969 nascuntur.

1882 2994 2256 3065 intelligimus.
2315 2993 2442 3049 Haec
2495 2993 2776 3048 immunda
2834 3009 3092 3049 ranarum
3146 2995 3465 3058 multitudo,

1883 3086 2077 3143 domos
2103 3102 2294 3143 eorum
2328 3087 2421 3158 qui
2447 3084 2794 3158 Egyptiace,
2825 3085 2878 3142 id
2921 3097 3027 3150 est,
3059 3088 3256 3143 vitiose
3289 3091 3474 3144 vivere

1881 3177 2115 3244 malunt,
2162 3177 2375 3232 habitat
2411 3195 2424 3231 :
2458 3178 2513 3231 in
2555 3178 2760 3232 mensis
2793 3192 2982 3233 eorum
3010 3179 3270 3242 aliundat,
3300 3180 3356 3234 in
3388 3183 3470 3236 Ιε-

1878 3269 2041 3324 ctulis
2076 3269 2314 3332 assidet,
2351 3269 2403 3322 in
2441 3269 2642 3323 abditis
2678 3284 2870 3323 eorum
2901 3270 3156 3324 omnibus
3194 3282 3358 3340 atque
3380 3287 3470 3325 re-

1877 3360 2119 3414 conditis
2167 3361 2330 3415 rebus
2386 3359 2663 3414 invenitur
2711 3379 2724 3414 :
2779 3375 2906 3415 vere
2955 3376 3192 3431 namque
3244 3363 3469 3416 sordida

1878 3451 2269 3522 luxuriosaque
2309 3451 2418 3505 vita
2468 3467 2534 3507 ex
2577 3460 2838 3522 corrupto
2881 3453 3157 3523 fetidoque
3183 3453 3314 3506 limo
3345 3470 3472 3522 pas-

1877 3545 2092 3600 sionum
2146 3543 2422 3612 profecta,
2485 3543 2714 3598 dubium
2765 3545 3040 3613 quoddam
3096 3545 3301 3598 animal
3352 3553 3466 3608 est,

1876 3635 2190 3703 aquaticum
2243 3634 2455 3688 scilicet
2507 3644 2673 3704 atque
2711 3645 2992 3690 terrestre.
3047 3634 3220 3688 Homo
3269 3643 3467 3689 natura

1875 3734 1983 3790 est,
2019 3726 2112 3796 qui
2152 3727 2227 3779 ita
2254 3726 2411 3792 vivit,
2444 3727 2716 3781 electione
2765 3743 2893 3781 vero
2924 3741 3112 3797 pecus,
3153 3728 3473 3797 pecndeque

1875 3817 2197 3874 sordidius:
2237 3819 2379 3874 unde
2417 3821 2496 3886 fit,
2550 3826 2611 3874 ut
2655 3819 2880 3873 dubium
2945 3818 3216 3888 quoddam
3267 3819 3470 3872 animal

1876 3911 1981 3966 hac
2033 3911 2142 3964 vita
2197 3911 2521 3966 efﬁciamur.
2574 3912 2710 3965 Nam
2769 3911 2863 3980 qui
2913 3919 3162 3965 naturam
3217 3911 3470 3980 respicit,

1876 4003 2163 4070 homines;
2197 4004 2291 4072 qui
2326 4004 2492 4056 vitam
2537 4003 2876 4066 considerat,
2916 4019 3023 4056 non
3056 4001 3324 4066 homines,
3369 4002 3468 4056 sed

1874 4109 1943 4148 ex
1986 4094 2277 4147 brutorum
2319 4108 2518 4163 genere
2548 4109 2649 4147 nos
2683 4093 2800 4162 ipse
2833 4093 3046 4161 putabit
3075 4109 3094 4145 ι
3141 4093 3302 4160 cujus
3338 4094 3471 4160 qui-

1874 4183 1997 4239 dem
2030 4185 2175 4239 bruti
2219 4185 2376 4255 signa
2423 4192 2532 4239 tam
2573 4186 2629 4239 in
2673 4187 2932 4240 universa
2980 4186 3164 4247 domo.
3213 4203 3377 4257 quam
3410 4189 3466 4242 in

1876 4274 2110 4345 singulis
2158 4276 2404 4330 invenias
2446 4277 2717 4344 partibus.
2764 4275 2900 4330 Nam
2931 4285 2986 4331 et
3023 4277 3076 4332 in
3108 4281 3282 4333 muris
3314 4287 3367 4334 et
3409 4281 3463 4334 in

1876 4366 2019 4420 aulis
2065 4366 2295 4420 diversae
2338 4367 2406 4420 ad
2445 4367 2717 4421 luxuriam
2765 4370 2935 4423 animi
2983 4372 3231 4439 picturae,
3279 4382 3334 4426 et
3409 4373 3467 4425 in

394 4462 454 4515 πὶ
473 4461 528 4514 δὲ
550 4460 642 4514 τοῦ
665 4462 1337 4535 οτυφρονοῦντος,φυλακὴν
1351 4465 1530 4517 πᾶσαν
1543 4464 1636 4517 καὶ
1654 4483 1777 4536 προ·

1881 4459 2026 4513 vasis
2069 4459 2367 4528 sculptura
2423 4459 2704 4528 impressae
2760 4463 3060 4530 nequitiam
3128 4463 3462 4532 praidicant,

277 4563 292 4570 '
401 4571 452 4613 ν,
477 4551 572 4606 τοῦ
597 4553 690 4606 καὶ
709 4553 800 4605 τὸν
827 4552 1104 4624 ὀφθαλμὸν
1126 4553 1449 4626 καθαρεύειν
1466 4556 1578 4608 τῶν
1600 4559 1777 4626 ἐμπαο

417 4647 624 4715 μάτων.
648 4647 758 4699 Καὶ
773 4648 807 4716 ή
830 4645 1080 4718 τράπεζα
1096 4647 1152 4700 δὲ
1168 4647 1428 4711 ὡσαύτως
1441 4648 1659 4720 καθαρά
1679 4651 1776 4720 μὲν

405 4737 824 4808 ωφρονοῦντος,
863 4738 1175 4809 εὑρίσκεται
1209 4739 1266 4792 δὲ
1293 4738 1648 4811 βατραχὼδης
1681 4741 1777 4794 καὶ

313 4843 326 4850 ’
413 4846 529 4892 mo;
541 4829 632 4882 τοῦ
652 4829 786 4900 πρὸς
801 4831 892 4884 τὸν
909 4830 1218 4902 βορόορώδη
1236 4831 1349 4901 βίον
1369 4831 1765 4902 ίλυσπωμένου.

245 4955 282 4966 _.
371 4923 376 4926 ’
418 4919 1004 4992 ταμείαδιερευνήσῃς,
1026 4921 1171 4974 τοῦτ’
1199 4921 1335 4984 ἐστι,
1353 4922 1767 4992 τὰκρυπτάτοῠ

309 5035 340 5048 υ·
389 5008 510 5062 ’τοῦ
554 5011 646 5063 καὶ
683 5009 990 5080 ἀπόρρηταο
1022 5011 1157 5063 πολὺ
1210 5012 1408 5080 μᾶλλον
1438 5012 1496 5064 ὲν
1537 5012 1770 5075 ἐκείνοις

453 5102 738 5172 βατράχων
781 5105 839 5155 ἐν
881 5106 993 5166 τοῖς
1025 5103 1346 5166 ἀκολάστοις
1387 5107 1764 5172 κατανοήσεις.

421 5193 608 5264 τῦταή
659 5195 758 5263 τῆς
788 5196 990 5266 ἀρετῆς
1032 5196 1227 5265 ῥάϐδος
1276 5198 1449 5248 ποιεῖν
1492 5195 1634 5248 κατὰ
1663 5195 1774 5248 τῶν

421 5303 498 5338 σον
526 5287 632 5339 ὑπὸ
661 5287 762 5356 τῆς
797 5287 1035 5358 ἱστορίας
1059 5289 1299 5356 λέγεται,
1335 5287 1409 5357 μὴ
1439 5286 1773 5356 ξενισθῶμεν

395 5415 398 5420 -
425 5401 434 5414 ι
462 5377 648 5446 λόγον·
679 5380 774 5431 καὶ
799 5377 908 5450 γὰρ
937 5378 1302 5451 ὲσκληρύνθαι
1329 5379 1482 5448 παρὰ
1508 5377 1604 5430 τοῦ
1634 5377 1770 5430 Θεοῦ

411 5488 584 5533 ςιννον,
623 5473 657 5542 ή
688 5471 898 5542 ἱστορία
925 5472 1076 5543 φησί.
1114 5472 1238 5535 Πῶς
1265 5467 1359 5524 οὖν
1388 5470 1454 5524 ἂν
1482 5471 1566 5540 εἴη
1592 5470 1764 5524 κατά-

425 5565 490 5634 τῇ
540 5563 744 5618 ἀνωθεν
785 5565 999 5636 ἀνάγκῃ
1043 5563 1295 5634 σκληρῶς
1327 5578 1390 5614 τε
1424 5561 1520 5614 καὶ
1553 5560 1763 5613 ἀντιτύ-

449 5655 672 5725 stu-ioc;
709 5657 800 5710 καί
831 5674 931 5710 που
963 5656 1024 5709 τὸ
1047 5654 1159 5708 ἴσον
1187 5655 1352 5725 φησὶν
1372 5657 1400 5706 ὁ
1427 5652 1565 5716 θεῖος
1609 5654 1762 5706 Ἀπόο

447 5767 493 5803 τι
521 5749 748 5803 καθόσον
774 5749 872 5804 οὑκ
900 5749 1225 5818 ἐδοκίμασαν
1252 5747 1343 5801 τὸν
1378 5745 1508 5799 Θεὸν
1533 5745 1675 5816 ἔχειν
1699 5748 1756 5798 ἐν

165 5269 206 5284 ν’

233 5751 266 5764 θ’

1877 4553 2080 4621 quibus
2135 4553 2398 4623 cogitatio
2464 4554 2530 4606 ad
2581 4555 2911 4623 cupiditates
2972 4570 3103 4610 suas
3154 4565 3464 4620 revocatur,

1876 4646 2175 4712 vituperosi
2235 4645 2537 4715 spectaculi
2581 4646 2831 4707 visione,
2881 4646 2946 4700 ad
2992 4649 3230 4701 animam
3283 4665 3465 4718 usque

1871 4736 2197 4807 passionum
2247 4747 2382 4792 aestu
2428 4739 2797 4806 perveniente.
2844 4753 2912 4792 ne
2947 4737 3158 4791 scilicet
3193 4741 3464 4808 cupidita-

1878 4837 1992 4882 tum
2035 4831 2202 4884 ardor
2243 4833 2632 4902 exstinguatur
2674 4836 2768 4882 aut
2804 4829 3153 4884 retundatur.
3201 4831 3464 4886 Similiter

1875 4925 1924 4980 si
1977 4939 2220 4988 mensas,
2269 4925 2317 4979 si
2368 4925 2538 4981 lectos
2591 4923 2904 4995 voluptuosi
2959 4921 3312 4993 corruptique
3367 4925 3464 4978 ho-

1875 5016 2040 5070 minis
2089 5016 2491 5077 considerabis,
2539 5017 2592 5071 id
2642 5016 2820 5086 ipsum
2870 5014 3141 5068 invenies.
3200 5013 3357 5080 Quod
3416 5017 3458 5068 si

1876 5105 2157 5158 recondita
2216 5105 2510 5175 abditaque
2544 5105 2784 5160 hominis
2821 5105 3136 5174 hujusmodi
3198 5119 3305 5157 non
3333 5104 3460 5158 diro

1869 5197 2094 5250 vascula
2131 5204 2186 5250 et
2231 5198 2487 5267 capsulas
2544 5197 2753 5266 (multis
2801 5197 2951 5253 enim
2985 5210 3050 5251 ea
3097 5203 3308 5266 patent.
3359 5212 3461 5250 nec

1870 5288 2048 5342 aliena
2087 5296 2218 5342 sunt
2258 5303 2288 5341 a
2325 5290 2667 5359 turpitudine
2711 5290 2876 5359 vitae),
2921 5288 3020 5345 sed
3051 5290 3268 5343 occulta
3314 5304 3463 5341 men-

1871 5378 1944 5434 tis
1992 5386 2048 5433 et
2082 5379 2245 5434 animi
2282 5383 2594 5450 perspicere
2640 5381 2864 5449 poteris,
2888 5381 3000 5448 jam
3038 5395 3170 5435 vero
3200 5394 3462 5434 accumu-

1869 5469 2104 5523 latarum
2137 5484 2394 5524 ranarum
2427 5471 2770 5538 putredinem
2803 5470 3044 5542 reperies
3083 5469 3327 5525 fetidam.
3382 5470 3457 5522 At

1871 5562 2103 5617 modesti
2143 5562 2380 5617 hominis
2420 5563 2586 5618 etiam
2626 5564 2820 5619 oculus
2858 5563 3095 5619 mundus
3125 5571 3228 5628 est,
3263 5572 3317 5618 et
3340 5563 3456 5618 haec

1870 5669 1990 5723 qua:
2048 5653 2116 5708 ad
2183 5654 2454 5708 luxuriam
2525 5655 2791 5719 incnant,
2849 5659 3165 5725 spectacula
3221 5657 3450 5725 respuit.

1872 5745 2056 5810 Mensa
2119 5762 2339 5817 quoque
2364 5746 2617 5803 similiter
2652 5747 2962 5803 communis
3005 5763 3069 5802 ac
3103 5747 3303 5813 tenuis,
3343 5763 3455 5802 non
