3844 6222
326 205 437 286 με

1511 214 1569 270 S.
1611 214 1937 272 GREGORII
1977 215 2273 275 NYSSENI

3473 228 3589 285 τη

326 325 526 379 tinens.
553 323 758 379 Horum
793 336 987 409 autem.
1016 329 1410 394 elementorum
1450 334 1684 387 mistura
1729 333 1897 390 lutum

2007 353 2109 389 που
2142 337 2298 406 δῆλον
2323 355 2338 370 ·
2391 340 2458 410 ἦν
2485 341 2544 392 τὲ
2573 357 2626 393 τι
2661 339 2771 394 τῶν
2821 342 2951 413 περὶ
2986 342 3230 413 γαστέρα
3273 341 3370 396 καὶ
3399 344 3594 415 θοίνην

324 419 405 486 fit,
432 433 544 490 quo
575 420 787 490 repleti,
820 421 914 491 qui
948 421 1016 477 ad
1043 424 1250 479 lutosas
1277 423 1376 480 has
1398 423 1617 479 inhiant
1643 425 1900 494 volupta-

322 519 426 576 tes,
452 525 732 581 nunquam
758 527 816 568 se
846 513 1036 583 plenos
1059 514 1296 569 retinere
1325 522 1576 586 possunt,
1597 514 1690 570 sed
1713 530 1908 585 quam-

318 602 405 658 vis
464 618 682 673 semper
751 621 810 660 se
877 607 1170 677 impleant,
1246 624 1458 675 semper
1525 617 1704 663 tamen
1750 607 1907 662 vacui

321 703 469 748 sunt.
494 694 631 748 Nam
662 696 1120 764 quemadmodum
1170 699 1403 753 laterum
1441 699 1596 753 lictor
1641 699 1788 753 aliud
1823 706 1906 752 at—

323 800 428 854 que
455 785 604 840 aliud
629 788 804 841 lutum
842 787 1033 843 forma:
1063 806 1172 861 qua
1205 791 1406 846 lateres
1455 790 1672 862 ﬁgurat,
1725 789 1904 861 impo-

323 875 421 939 nit,
459 876 592 930 adeo
624 885 684 932 ut
714 877 887 932 forma
930 879 1086 948 plena
1133 895 1346 950 semper
1376 888 1430 935 et
1468 897 1639 936 vacua
1689 895 1904 950 semper

323 971 420 1023 luti
449 970 558 1026 dici
587 971 792 1041 possit,
833 973 1093 1040 quoniam
1138 989 1263 1028 cum
1302 975 1406 1028 hoc
1439 975 1708 1045 receperit
1737 984 1902 1046 atque

323 1059 665 1124 formaverit,
702 1065 887 1118 nullus
925 1065 1160 1133 amplius
1195 1080 1330 1120 usus
1355 1065 1530 1135 ipsius
1557 1066 1625 1120 ad
1653 1067 1757 1122 hoc
1794 1080 1899 1134 est,

322 1152 417 1208 sed
449 1153 513 1206 ad
541 1154 688 1208 aliud
706 1155 773 1208 ad
801 1155 947 1225 quod
970 1171 1141 1211 vacua
1164 1167 1282 1212 est:
1306 1158 1388 1212 sic
1409 1159 1699 1228 appetendi
1725 1161 1830 1226 vis,
1855 1163 1900 1215 si

322 1246 446 1316 quis
472 1262 592 1302 eam
623 1248 710 1303 his
741 1248 976 1304 terrenis
999 1249 1392 1318 cupiditatibus
1419 1251 1634 1321 replere
1659 1251 1899 1331 studeat,

321 1349 374 1395 et
402 1340 452 1394 si
486 1341 629 1412 quod
665 1341 720 1396 in
751 1341 871 1398 dies
899 1343 1062 1413 capit,
1096 1351 1456 1414 assequatur,
1499 1360 1674 1414 eoque
1715 1362 1775 1401 se
1811 1363 1901 1402 re-

322 1433 488 1503 pleat,
516 1449 687 1488 vacua
714 1441 894 1488 tamen
930 1450 1143 1503 semper
1169 1443 1273 1501 est,
1297 1451 1419 1490 cum
1450 1452 1513 1492 ea
1539 1453 1660 1506 qua:
1686 1438 1898 1502 habuit,

320 1532 566 1594 respuat,
593 1526 724 1580 etin
757 1525 903 1580 aliud
951 1534 1115 1595 atque
1162 1525 1310 1580 aliud
1368 1527 1628 1583 continue
1667 1527 1898 1593 feratur,

321 1632 424 1672 nec
458 1616 584 1670 linis
603 1615 896 1672 miserrimi
927 1618 1140 1673 ardoris
1164 1618 1526 1687 cupiditatum
1554 1635 1676 1674 esse
1694 1627 1892 1689 potest,

320 1709 429 1764 nisi
463 1708 591 1779 quis
629 1710 907 1765 carnalem
931 1710 1098 1764 vitam
1131 1711 1379 1780 repellat.
1405 1708 1579 1766 Palea:
1601 1726 1731 1766 vero
1755 1727 1892 1782 quas

320 1802 587 1858 lateribus
643 1801 950 1858 immiscere
997 1811 1271 1873 coguntur
1314 1800 1517 1872 "ﬁjam
1563 1817 1594 1856 a
1630 1804 1893 1858 sacratis-

319 1895 461 1950 simo
486 1893 782 1965 Evangelio
808 1901 862 1948 et
885 1891 1072 1950 divina
1099 1894 1344 1964 Apostoli
1371 1896 1501 1949 tuba
1539 1894 1672 1965 quid
1719 1895 1892 1967 signi-

322 1987 511 2048 ﬁcent,
556 1987 865 2057 expositum
921 1997 1025 2043 est.
1077 1986 1356 2041 Materiam
1401 1987 1545 2042 enim
1603 1987 1744 2057 ignis
1797 2003 1896 2058 per

318 2078 534 2132 culmos
568 2085 622 2131 et
651 2077 834 2146 paleas
877 2078 1092 2132 ostendi
1146 2078 1472 2133 conﬁrmant
1525 2079 1710 2147 (quam
1770 2080 1894 2148 qui-

317 2168 442 2224 dem
477 2169 764 2224 materiam
789 2169 932 2238 ignis
966 2170 1012 2223 is
1057 2169 1158 2224 sibi
1192 2177 1482 2239 praeparat,
1534 2171 1629 2240 qui
1661 2171 1896 2224 terrenis

317 2258 573 2315 obruitur
602 2256 1021 2329 voluptatibus).
1056 2255 1256 2312 Verum
1293 2258 1513 2327 quando
1545 2258 1748 2328 aliquis
1799 2274 1894 2313 eo-

317 2365 462 2413 rum,
493 2349 590 2418 qui
621 2347 845 2404 virtutis
869 2351 1185 2418 praestantia
1210 2349 1511 2412 excellunt,
1547 2366 1578 2404 a
1622 2350 1896 2405 servitute

317 2438 388 2495 ad
414 2440 724 2496 libertatem
772 2440 1092 2496 submersos
1139 2443 1195 2495 in
1219 2441 1368 2498 vitiis
1419 2441 1669 2497 homines
1701 2442 1894 2497 vendi-

316 2547 447 2587 care
474 2539 726 2595 conatur,
763 2540 892 2585 tunc
924 2530 1393 2602 cavillatoris,qui
1415 2534 1604 2591 variis.
1645 2541 1705 2587 ut
1741 2531 1891 2602 Apo-

317 2623 495 2679 stolus
521 2621 598 2676 ait
629 2622 696 2690 ¹⁸,
746 2621 1014 2678 adversus
1055 2623 1268 2678 animas
1307 2631 1525 2679 nostras
1559 2625 1730 2679 utitur
1767 2625 1907 2680 insi-'

317 2710 460 2774 diis,
517 2721 709 2767 contra
766 2711 1005 2767 divinam
1064 2713 1465 2768 institutionem
1517 2715 1894 2771 cavillationes

2013 427 2458 500 σπουδαζομένων
2481 469 2497 495 ,
2550 433 2616 504 ην
2667 451 2726 487 τε
2776 435 2870 487 καὶ
2916 436 3018 489 ὅσα
3061 435 3189 505 περὶ
3233 434 3326 488 τὸν
3358 435 3592 490 πλοῦτον

2007 518 2220 589 δρᾶται.
2285 520 2348 574 Ἡ
2379 521 2436 575 δέ
2482 523 2589 576 τῶν
2640 526 2915 595 στοιχείων
2957 525 3162 579 τούτων
3215 526 3362 596 μίξις
3414 527 3592 597 πηλὸς

2007 609 2214 678 γίνεται
2244 613 2337 665 καὶ
2375 612 2696 684 ὀνομάζεται
2733 632 2746 644 ·
2797 611 2858 670 οὑ
2903 616 3234 687 πληροῦντες
3277 618 3504 679 ἑαυτοὺς
3540 621 3592 670 οἱ

2007 699 2144 769 πρὸς
2171 698 2271 764 τὰς
2309 701 2572 772 πηλώδεις
2605 703 2796 773 ἡδονὰς
2845 707 3153 774 κεχηνότες,
3186 704 3442 757 οὐδέποτε
3487 708 3592 774 τὴν

2003 789 2255 864 δεκτικὴν
2310 792 2417 847 τῶν
2468 795 2669 865 ἡδονῶν
2734 795 3076 868 εὐρυχωρίαν
3127 796 3307 868 πλήρη
3365 797 3585 864 φυλάσ-

2007 896 2206 935 σουσιν·
2228 881 2363 939 ἀλλὰ
2375 884 2530 941 τὸὰεὶ
2542 880 2750 958 πληρού
2759 900 2916 956 μενον
2926 886 3135 954 γίνεται
3148 886 3307 940 πάλιν
3321 889 3478 944 κενὸν
3505 889 3591 959 τῷ

2003 971 2330 1044 ἐπιρρέοντι.
2382 972 2538 1027 Οὕτω
2565 975 2673 1046 γὰρ
2705 977 2734 1027 6
2776 975 3147 1046 πλινθουργῶν
3193 977 3379 1031 ἄλλοτε
3415 979 3588 1049 ἄλλην

2005 1064 2215 1135 βλέπων
2247 1064 2502 1129 διάθεσιν,
2532 1066 2766 1130 εὐκόλως
2805 1066 2869 1119 ἂν
2908 1069 3097 1136 νοήσαι
3130 1067 3187 1120 τὸ
3218 1068 3468 1138 αἴνιγμα.
3522 1069 3588 1124 '0

2002 1159 2110 1228 γάρ
2159 1156 2448 1229 πληρώσας
2494 1158 2685 1212 ἑαυτοῦ
2730 1159 2826 1230 τὴν
2880 1159 3176 1230 ἐπιθυμίαν
3236 1161 3293 1214 ἐν
3347 1179 3455 1214 τινι
3504 1155 3588 1215 ὧν

2001 1249 2354 1314 ἐσπούδασεν,
2390 1250 2438 1302 εί
2484 1250 2621 1320 πρὸς
2669 1250 2854 1320 ἕτερόν
2882 1269 2935 1304 τι
2962 1253 3029 1322 τῇ
3078 1252 3344 1324 ἐπιθυμίᾳ
3373 1253 3584 1323 ῥέψειε,

2001 1341 2155 1404 κενὸς
2200 1340 2336 1411 πρὸς
2383 1343 2558 1394 ἐκεῖνο
2611 1341 2772 1394 πάλιν
2806 1343 3157 1413 εὑρίσκεται·
3214 1343 3316 1396 κᾶν
3354 1344 3583 1412 γένηται

2001 1432 2174 1502 τούτῳ
2220 1431 2454 1504 πλήρης,
2498 1431 2576 1503 τῷ
2617 1431 2788 1502 ἑτέρῳ
2818 1431 2980 1484 πάλιν
3014 1432 3169 1495 κενός
3202 1449 3260 1485 τε
3289 1433 3382 1485 καὶ
3415 1433 3582 1503 εὐρύ-

2001 1540 2175 1594 χωρος
2202 1523 2430 1594 γίνεται.
2466 1521 2570 1576 Καὶ
2613 1522 2768 1575 τοῦτο
2813 1522 2875 1576 οὑ
2907 1520 3138 1575 παύεται
3172 1523 3260 1576 διὰ
3287 1525 3488 1586 παντὸς
3519 1527 3588 1577 ἐν

2000 1617 2130 1687 ἡμῖν
2165 1615 2575 1688 ἐνεργούμενον,
2605 1614 2709 1677 ἕως
2743 1613 2807 1667 ἀν
2847 1630 2933 1676 τις
2975 1613 3258 1678 ὑπεξέλθοι
3301 1613 3394 1667 τοῦ
3441 1615 3582 1666 ὑλώ-

1995 1708 2117 1771 δους
2159 1707 2294 1778 βίου.
2343 1708 2404 1759 Ἦ
2429 1707 2486 1760 δὲ
2521 1706 2762 1776 καλάμη,
2795 1705 2890 1759 καὶ
2921 1705 2983 1759 τὸ
3026 1706 3092 1759 ἐκ
3120 1705 3323 1777 ταύτης
3354 1707 3578 1778 ἄχυρον,

1993 1801 2022 1856 ὃ
2047 1799 2434 1871 καταμιγνύειν
2467 1801 2530 1870 τῇ
2559 1799 2764 1869 πλίνθῳ
2792 1799 3267 1868 καταναγκάξεται
3290 1803 3318 1855 6
3342 1804 3455 1865 τοῖς
3487 1819 3582 1854 τυ-

1995 1893 2265 1964 ραννικοῖς
2291 1889 2576 1944 ὑπακούων
2599 1891 3017 1962 προστάγμασι·
3060 1891 3213 1960 παρά
3233 1908 3292 1944 τε
3311 1890 3405 1944 τοῦ
3431 1890 3582 1944 θείου

1995 1984 2346 2054 Εὑαγγελίου,
2393 1983 2488 2035 καλ⁸
2531 1981 2681 2054 παρά
2715 1982 2814 2052 τῆς
2859 1981 3068 2052 ὑψηλῆς
3112 1980 3204 2034 τοῦ
3250 1982 3578 2035 Ἀποστόλου

1997 2073 2201 2143 φωνῆς,
2227 2072 2549 2143 ἀμφοτέρων
2579 2071 2780 2140 ὁμοίως
2813 2071 2988 2142 πυρὸς
3013 2071 3165 2141 ὓλην,
3193 2072 3253 2125 τό
3280 2090 3340 2125 τε
3374 2072 3584 2143 ἄχυρον

1995 2166 2090 2219 καὶ
2121 2165 2220 2234 τὴν
2255 2162 2507 2234 καλάμην
2538 2164 3011 2235 ἐρμηνευσάντων.
3065 2163 3235 2216 Ὅταν
3276 2163 3455 2217 τοίνυν
3492 2180 3582 2226 τις

1993 2257 2103 2311 τῶν
2153 2259 2210 2309 ἐν
2257 2258 2424 2326 ἀρετῇ
2469 2255 2826 2325 προεχόντων,
2873 2254 3127 2325 ἀποσπᾷν
3155 2254 3316 2326 ἐθέλῃ
3342 2255 3470 2317 τοὺς
3508 2259 3581 2326 τῇ

1994 2347 2176 2418 ἀπάτῃ
2226 2345 2650 2416 δεδουλωμένους
2695 2347 2777 2408 είς
2823 2345 2936 2416 βίον
2993 2344 3356 2415 ἐμφιλόσοφόν
3387 2361 3447 2398 τε
3483 2344 3581 2398 καὶ

1995 2438 2276 2509 ἐλεύθερον
2310 2454 2324 2468 θ
2376 2433 2515 2491 οἶδεν
2561 2439 2588 2490 ὁ
2621 2440 2738 2502 ταῖς
2771 2436 3040 2500 ποικίλαις
3063 2475 3081 2500 ,
3130 2435 3310 2499 καθώς
3357 2453 3524 2508 φησιν
3549 2437 3586 2489 ὁ

2007 2528 2346 2592 Ἀπόστολος,
2389 2527 2690 2600 μεθοδείαις
2720 2527 2860 2582 κατά
2885 2528 2991 2582 τῶν
3022 2528 3209 2600 ψυχῶν
3241 2528 3397 2600 ἡμῶν
3425 2545 3584 2595 σοφι-

1997 2623 2221 2686 στεύων,
2255 2621 2718 2693 ἀντιπαραγαγεῖν
2761 2619 2838 2691 τῷ
2869 2620 2997 2692 θείῳ
3023 2620 3172 2690 νόμῳ
3207 2619 3276 2673 τὰ
3301 2621 3401 2691 τῆς
3431 2619 3583 2673 ἀπά-

1995 2732 2093 2784 της
2138 2714 2464 2784 σοφίσματα.
2515 2713 2702 2767 Ταῦτα
2741 2712 2798 2766 δὲ
2829 2711 3000 2780 λέγω,
3056 2711 3192 2781 πρὸς
3239 2711 3364 2773 τοὺς
3410 2711 3585 2778 Alvu-

317 2801 696 2861 fraudulentas
727 2803 954 2859 inducit.
981 2802 1107 2859 Hac
1138 2803 1263 2859 dico
1301 2805 1369 2860 ad
1398 2806 1684 2877 Egyptios
1707 2807 1895 2862 draco-

318 2911 418 2951 nes
445 2896 772 2967 respiciens,
825 2895 919 2967 qui
946 2898 1131 2952 varias
1163 2897 1386 2954 fraudes
1427 2899 1561 2954 artis
1606 2899 1893 2956 diabolicae

1995 2807 2183 2869 πτίους
2221 2805 2518 2875 δράκοντας
2547 2805 2758 2876 βλέπων
2797 2804 2875 2874 τῷ
2904 2803 3066 2874 λόγῳ,
3098 2803 3244 2856 τοῦτ’
3271 2802 3409 2867 ἐστι,
3439 2802 3583 2873 πρὸς

1994 2899 2091 2962 τὰς
2123 2898 2372 2962 ποικίλας
2401 2899 2499 2969 τῆς
2543 2898 2758 2969 ἀπάτης
2797 2895 3008 2959 κακίας,
3044 2889 3119 2949 ῶν
3148 2895 3238 2948 τὸν
3264 2894 3584 2964 ἀφανισμὸν

318 2987 387 3043 ad
440 2988 738 3060 perniciem
805 2988 1086 3043 hominum
1139 2990 1478 3060 excogitatas
1527 2991 1887 3061 significant,

2002 2991 2150 3062 ἡτοῦ
2202 2991 2446 3055 Μωσέως
2475 2989 2668 3062 ῥάϐδος
2703 2988 3015 3060 ἐργάζεται,
3061 2987 3189 3057 περὶ
3233 2983 3300 3059 ἧς
3341 2986 3580 3058 μετρίως

317 3095 459 3150 quas
489 3081 644 3151 virga
674 3078 847 3151 Moysi
877 3079 1112 3134 destruit
1162 3089 1328 3150 atque
1369 3083 1647 3136 consumit
1688 3085 1895 3153 (incar-

2002 3085 2093 3158 ἤδη
2126 3084 2196 3139 τά
2226 3085 2412 3138 εἰκότα
2457 3081 2896 3155 προτεθεώρηται
2967 3073 3137 3141 Οὗτος
3181 3079 3381 3139 τοίνυν,
3423 3079 3454 3131 6
3479 3078 3579 3150 τὴν

317 3172 471 3226 natio
507 3172 766 3226 videlicet
787 3169 998 3242 Verbi),
1036 3172 1199 3226 sicuti
1232 3171 1344 3241 jam
1383 3171 1770 3241 diximus.Qui
1799 3191 1896 3228 au-

2002 3179 2203 3249 Ξμαχον
2233 3178 2449 3248 ἐκείνην
2493 3175 2831 3246 κεκτημένος
2869 3175 2966 3243 τῆς
2996 3174 3197 3246 ἀρετῆς
3226 3171 3446 3244 ῥάϐδον,
3475 3171 3583 3241 τὴν

318 3273 430 3319 tem
487 3263 628 3318 hanc
667 3262 887 3318 virtutis
937 3263 1024 3333 (ac
1059 3262 1203 3332 ﬁdei)
1262 3263 1473 3334 virgam
1525 3267 1707 3330 habet,
1771 3284 1894 3339 qua:

2002 3271 2089 3334 τὰς
2129 3271 2521 3341 σεσοφισμένας
2565 3267 2989 3338 ἐξαφανίζουσαν
3033 3266 3283 3337 ῥάϐδους,
3331 3264 3438 3336 6δῷ
3469 3282 3582 3316 τινι

338 3358 483 3429 ζουσι
520 3355 672 3426 virga
699 3354 1052 3426 veritatissit)
1105 3355 1308 3410 diaboli
1358 3356 1732 3415 fraudulentas
1781 3362 1894 3414 vir-

2002 3363 2094 3414 καὶ
2120 3361 2407 3431 ἀκολουθία
2431 3362 2565 3432 πρὸς
2591 3359 2661 3412 τὰ
2691 3358 2859 3430 μείζω
2888 3359 3102 3430 πρόεισι
3132 3357 3237 3410 τῶν
3260 3356 3577 3426 θαυμάτων.

320 3463 416 3518 gas
467 3445 762 3508 consumit,
797 3447 883 3500 via
926 3455 1074 3501 recta
1123 3457 1525 3518 consequenter
1568 3449 1636 3504 ad
1685 3451 1892 3520 majora

2010 3453 2072 3506 Ἦ
2119 3453 2174 3505 δὲ
2224 3451 2623 3522 θαυματοποιῖα
2670 3450 2729 3503 οὑ
2780 3450 2858 3521 τῷ
2901 3449 3087 3520 σκοπῷ
3119 3449 3217 3520 τῆς
3266 3447 3584 3518 ἐκπλήξεως

319 3535 565 3606 procedit
593 3535 856 3590 miracula
891 3555 902 3590 :
951 3551 1071 3605 qua:
1103 3537 1321 3606 quidem
1359 3538 1644 3604 miracula,
1687 3555 1794 3594 non
1834 3549 1894 3594 ut

2002 3543 2112 3596 τῶν
2160 3543 2594 3611 ἐντυγχανόντων
2617 3542 2845 3610 γίνεται,
2887 3540 3022 3594 ἀλλά
3057 3540 3194 3611 πρὸς
3221 3537 3281 3592 τὸ
3309 3543 3584 3609 χρήσιμον

319 3629 563 3681 terreant
619 3624 934 3690 audientes,
995 3625 1088 3680 sed
1123 3635 1209 3700 .ut
1249 3627 1463 3696 prosint
1521 3629 1894 3694 credentibus,

2002 3632 2106 3686 τῶν
2139 3632 2458 3702 σωζομένων
2499 3630 2703 3700 βλέπει.
2752 3629 2876 3693 Τοῖς
2905 3629 3012 3700 γὰρ
3041 3630 3224 3692 αὐτοῖς
3252 3627 3350 3697 τῆς
3376 3627 3583 3698 ἀρετῆς

320 3717 479 3773 ﬁunt.
519 3715 657 3772 Nam
697 3718 902 3773 eisdem
951 3718 1233 3771 miraculis
1278 3718 1462 3772 hostes
1515 3730 1897 3791 expugnantur

2002 3724 2241 3794 θαύμασι
2272 3723 2614 3793 καθαιρεῖται
2647 3722 2744 3792 μὲν
2785 3721 2847 3774 τὸ
2874 3719 3149 3791 πολέμιον,
3181 3716 3403 3782 αὒξεται
3432 3716 3487 3769 δὲ
3517 3717 3590 3768 τὸ

322 3807 534 3878 (ﬁdeles
578 3808 922 3873 muniuntur,
978 3805 1312 3876 dejiciuntur
1357 3808 1555 3872 alieni,
1609 3809 1897 3880 eriguntur

2002 3815 2289 3886 ὁμόφυλον.
2343 3813 2565 3885 Πρῶτον
2609 3811 2666 3864 δέ
2710 3809 3072 3880 γενικώτατον
3103 3808 3209 3862 τῶν
3252 3808 3345 3860 ἐπὶ
3378 3805 3583 3878 μέρους

321 3900 497 3956 nostri
529 3917 541 3954 :
579 3899 657 3954 illi
686 3898 1603 3970 colnmuniuutur),nosaugemur.
1643 3900 1749 3955 Sed
1781 3903 1893 3972 pri-

2002 3905 2315 3975 θαυμάτων,
2342 3903 2433 3956 τὸν
2464 3901 2608 3956 κατά
2637 3901 2736 3972 τὴν
2764 3899 2985 3972 ἀγωγὴν
3017 3899 3427 3969 καταμάθωμεν
3453 3915 3583 3950 σκο⁶

321 4000 472 4040 mum
494 3984 823 4056 generaliter
843 3985 973 4055 quid
999 3985 1114 4040 haec
1135 3985 1401 4042 miracula
1432 3989 1740 4053 intendant,
1765 4007 1897 4062 quo-

321 4074 593 4146 modoque
611 4076 763 4142 ﬁant,
792 4078 1245 4150 perstringamus,
1271 4079 1469 4136 deinde
1499 4079 1656 4138 facile
1683 4084 1896 4155 singula

322 4167 752 4239 speculabimur.

393 4257 655 4314 Veritatis
679 4260 846 4331 igitur
875 4259 989 4314 haec
1035 4274 1246 4315 summa
1283 4260 1531 4318 doctrina
1562 4265 1628 4319 ad
1659 4265 1897 4338 disposi-

2005 3997 2105 4051 πόν
2139 4013 2153 4026 ·
2210 3993 2310 4050 εἷθ’
2351 3995 2524 4057 οὕτως
2556 3993 2778 4047 δυνατὸν
2813 3993 2879 4045 ἂν
2910 3991 3120 4060 γένοιτο
3149 3992 3300 4061 ἡμῖν,
3339 3989 3434 4042 καὶ
3465 3990 3583 4052 τοῖς

2005 4089 2124 4145 καθ’
2153 4090 2380 4142 ἕκαστον
2410 4086 2718 4158 ἐφαρμόσαι
2743 4085 2802 4137 τὸ
2831 4084 3028 4153 νόημα.

2083 4183 2146 4233 Ἦ
2199 4180 2307 4250 γὰρ
2357 4175 2677 4230 διδασκαλία
2705 4161 2815 4245 ’τῆς
2845 4173 3099 4244 ἀληθείας
3149 4171 3285 4244 πρὸς
3328 4171 3425 4235 τὰς
3464 4172 3582 4225 δια-

2003 4271 2179 4335 θέσεις
2236 4271 2344 4322 τῶν
2405 4268 2707 4338 δεχομένων
2758 4268 2852 4320 τὸν
2909 4266 3070 4334 λόγον
3130 4263 3582 4336 συμμεταϐάλλε-

321 4351 500 4406 tiones
527 4351 832 4416 hominum,
861 4353 953 4421 qui
991 4351 1104 4421 jam
1127 4354 1378 4423 audiunt,
1397 4361 1722 4412 commutari
1751 4361 1897 4415 vide-

2002 4382 2111 4419 ται.
2166 4362 2392 4432 Ἐπίσης
2437 4361 2546 4432 γὰρ
2596 4361 2730 4412 πᾶσι
2769 4358 2864 4412 τοῦ
2899 4358 3058 4426 λόγου
3107 4357 3167 4410 τὸ
3217 4357 3384 4410 κακὸν
3433 4357 3466 4426 ἢ
3518 4355 3584 4408 τὸ

321 4451 458 4498 tur:
497 4460 620 4498 nam
663 4459 787 4499 cum
836 4445 1116 4515 aequaliter
1153 4446 1408 4501 omnibus
1451 4448 1582 4517 quid
1637 4460 1897 4521 appeten-

2005 4455 2167 4510 καλὸν
2233 4450 2673 4523 προδεικνύντος,
2748 4452 2776 4504 6
2846 4449 2942 4520 μὲν
3007 4447 3276 4511 εὐπειθῶς
3335 4447 3472 4518 πρὸς
3516 4448 3588 4498 τὸ

321 4536 453 4590 dum
475 4545 529 4591 et
567 4537 698 4607 quid
729 4537 1045 4608 fugiendum
1079 4535 1172 4599 sit,
1201 4535 1434 4607 benigne
1453 4540 1727 4606 ostendat,
1761 4543 1807 4599 is
1842 4545 1896 4599 in

2004 4542 2348 4612 δεικνύμενον
2395 4540 2530 4611 ἔχων
2576 4541 2633 4591 ἐν
2683 4539 2822 4607 φωτὶ
2870 4537 2966 4608 τὴν
3008 4536 3247 4590 διάνοιαν
3298 4535 3448 4606 ἔχει·
3498 4534 3581 4604 τῷ

323 4629 446 4683 luce
469 4626 733 4693 ambulat,
766 4636 1110 4698 mentemque
1157 4628 1514 4689 illuminatam
1565 4631 1748 4696 habet,
1805 4637 1896 4708 qui

2003 4635 2061 4688 δέ
2112 4632 2417 4694 ἀντιτύπως
2481 4631 2840 4700 διακειμένῳ,
2887 4629 2981 4682 καὶ
3039 4628 3119 4698 μὴ
3165 4627 3584 4696 καταδεχομένῳ

324 4720 600 4776 auscultat
627 4731 682 4776 et
709 4727 899 4791 paret;
933 4720 1028 4790 qui
1055 4735 1184 4776 vero
1206 4721 1415 4778 resistit
1444 4729 1498 4777 et
1522 4726 1769 4780 veritatis
1806 4743 1897 4779 ra-

2006 4726 2142 4797 πρὸς
2184 4725 2284 4795 τὴν
2345 4725 2540 4777 ἀκτῖνα
2606 4723 2704 4793 τῆς
2766 4721 3023 4792 ἀληθείας
3082 4721 3182 4792 τὴν
3232 4720 3407 4790 ψυχὴν
3458 4720 3582 4773 δια-

323 4811 447 4868 dios
477 4811 545 4866 ad
578 4812 816 4866 animam
853 4827 1008 4868 suam
1054 4828 1164 4867 non
1191 4812 1524 4880 intromittit,
1557 4816 1605 4872 is
1647 4818 1702 4870 in
1747 4827 1896 4873 tene-

2004 4817 2221 4886 ϐλέψαι,
2267 4814 2573 4884 παραμένει
2612 4814 2714 4883 τῆς
2753 4813 2976 4882 ἀγνοίας
3017 4815 3047 4866 6
3090 4813 3272 4882 ζόφος.
3313 4813 3377 4864 Εί
3413 4811 3477 4882 δὴ
3517 4811 3588 4864 τὸ

324 4905 440 4960 bris
472 4905 795 4974 ignorantia:
816 4913 1116 4974 permanet.
1135 4905 1291 4972 Quod
1327 4908 1372 4962 si
1400 4907 1596 4963 falsum
1657 4925 1767 4964 non
1816 4920 1897 4967 est

2004 4907 2232 4962 καθόλου
2283 4905 2470 4974 νοηθὲν
2515 4906 2647 4975 ἡμῖν
2682 4905 2740 4956 ἐν
2781 4907 2889 4967 τοῖς
2926 4903 3187 4965 τοιούτοις
3233 4901 3428 4971 ψεῦδος
3479 4902 3584 4956 οὐκ

325 4995 471 5065 quod
497 4995 572 5049 ita
596 4999 894 5066 generatim
936 4997 991 5052 i-u
1025 4997 1226 5054 talibus
1262 4998 1634 5070 intelligimus,
1677 5004 1897 5063 omnino

2002 5001 2142 5054 ἔστιν
2170 5016 2183 5030 ·
2232 4998 2340 5051 οὐδ’
2400 4997 2465 5052 ἂν
2514 4995 2588 5049 τὰ.
2636 4995 2759 5049 καθ’·
2804 4996 3032 5049 ἕκαστον
3095 4994 3314 5057 πάντως
3374 4993 3582 5064 ἑτέρως

324 5086 474 5142 haud
501 5089 660 5143 aliter
690 5104 751 5144 se
778 5089 979 5145 habere
1007 5089 1339 5146 censendum
1363 5099 1449 5147 est
1489 5093 1635 5162 quod
1688 5097 1755 5150 ad
1785 5097 1897 5150 sin-

2002 5095 2136 5163 ἕχοι,
2183 5093 2282 5162 τῆς
2326 5090 2418 5143 ἐπὶ
2464 5089 2660 5160 μέρους
2712 5087 3010 5154 ἐξετάσεως
3069 5085 3582 5158 συναποδειχθείσης

326 5180 484 5249 gulos
529 5179 806 5248 pertinet,
853 5193 976 5234 cum
1025 5194 1093 5235 ex
1145 5179 1263 5249 ipsa
1301 5183 1618 5237 narratione
1667 5184 1813 5253 quod
1845 5186 1897 5240 in

2002 5184 2074 5255 τῷ
2137 5182 2304 5252 λόγῳ..
2374 5181 2581 5235 Οὐκοῦν
2640 5179 2788 5232 οὐδὲν
2843 5178 3185 5249 θαυμαστὸν,
3257 5177 3438 5247 ἀπαθῆ
3488 5177 3584 5231 τὸν
3636 5193 3638 5198 '

326 5279 481 5341 parte
508 5269 894 5341 inquirendum
926 5277 1064 5336 erat,
1096 5269 1259 5326 simul
1293 5274 1611 5329 innotuerit.
1649 5275 1895 5347 Quapro-

2012 5275 2261 5348 Ἐὅραῖον
2309 5274 2490 5345 μένειν
2534 5273 2642 5327 τῶν
2677 5272 2991 5341 Αἰγυπτίων
3031 5269 3247 5333 κακῶν,
3288 5270 3347 5323 ἐν
3393 5268 3587 5339 μέσοις

329 5369 447 5432 pter
474 5376 586 5417 non
601 5361 1060 5424 est-incredibile,
1079 5363 1216 5417 nihil
1245 5365 1369 5418 mali
1389 5367 1631 5422 sensisse
1655 5365 1894 5433 Juilazos,

2002 5372 2113 5432 τοῖς
2138 5367 2454 5437 ἀλλοφύλοις
2478 5365 2970 5436 ἀναστρεφόμενον,
2997 5364 3119 5417 ἐπεὶ
3149 5363 3242 5416 καὶ
3266 5361 3360 5414 νῦν
3380 5361 3440 5415 τὸ
3465 5362 3588 5414 ἶσον

323 5453 577 5527 quamvis
619 5467 726 5507 una
768 5468 894 5507 cum
928 5452 1197 5526 rEgyptiis
1227 5455 1320 5526 qui
1351 5457 1707 5522 vexabantur,
1746 5459 1894 5514 habi-

2002 5461 2116 5515 ἐστι
2147 5461 2426 5531 γινόμενον
2470 5459 2617 5514 ἰδεῖν.
2663 5457 2783 5511 Τῶν
2826 5457 2935 5529 γὰρ
2982 5457 3039 5510 ἐν
3069 5457 3189 5518 ταῖς
3227 5452 3584 5524 dicituqu

404 5637 447 5672 ⁸⁷
479 5633 649 5691 Exod.
681 5651 734 5702 ν,
765 5634 815 5689 7.
895 5635 938 5666 "
968 5633 1165 5706 Ephes.
1195 5652 1266 5704 tv,
1296 5635 1350 5692 6.
1409 5667 1418 5686 ι
