3844 6222
166 299 275 354 545

1423 303 1430 308 ’
1513 309 1603 366 DE
1635 309 1786 366 VlTA
1829 311 2102 371 MOYSIS.

3337 313 3443 371 546

165 417 402 484 νεούσαις
427 418 617 474 πόλεσι
639 421 778 493 πρὸς
806 422 904 488 τὰς
924 423 1171 490 ἐναντίας
1189 425 1348 493 δόξας
1367 426 1736 500 διεστηκότων

1853 439 2070 498 tareut;
2130 445 2256 486 nam
2323 431 2378 486 id
2435 431 2616 502 ipsum
2679 430 2841 486 altius
2893 427 3226 484 intellectum
3278 428 3444 484 hodie

163 513 278 574 τοῖς
314 512 418 580 μὲν
445 513 675 582 πότιμόν
705 531 768 566 τε
796 515 891 567 καὶ
913 515 1105 580 διειδές
1131 518 1249 569 ἐστι
1278 518 1338 570 τὸ
1358 519 1508 589 νᾶμα
1536 520 1638 590 τῆς
1663 521 1754 573 πί-

168 617 361 664 στεως,
381 602 412 655 δ
435 602 523 656 διὰ
545 608 644 674 τῆς
675 604 827 670 θείας
855 606 1206 672 διδασκαλίας
1237 607 1528 680 ἀρύονταιο
1559 614 1674 674 τοῖς
1696 611 1752 665 δὲ

162 692 250 746 διὰ
279 692 386 764 τῆς
415 696 652 765 πονηρᾶς
684 697 1005 768 ὑπολήψεως
1041 700 1491 766 Αἰγυπτιάζουσι,
1524 701 1749 771 διαφθο-

170 785 268 854 ρᾶς
312 778 456 854 αἷμα
475 785 538 838 τὸ
567 785 714 857 ὓδωρ
742 787 970 854 γίνεται.
1005 791 1116 842 Καὶ
1141 789 1401 854 πολλάκις
1427 794 1696 865 ἐπιχειρεῖ
1722 797 1751 848 ό

167 878 584 948 παρασοφισμδς
616 878 717 948 τῆς
749 880 966 950 ἀπάτης
991 883 1085 934 καὶ
1117 883 1177 935 τὸ
1205 883 1313 936 τῶν
1347 884 1616 956 Ἐϐραίων
1654 905 1752 940 πο-

163 965 273 1026 τὸν,
299 967 381 1036 τῷ
427 968 687 1040 μολυσμῷ
725 969 821 1023 τοῦ
847 970 1074 1040 ψεύδους
1107 968 1249 1044 αἷμα
1287 976 1552 1046 ποιῆσαι,
1605 977 1747 1032 τοῦτ’

163 1056 298 1118 ἐστι,
328 1058 424 1110 τὸν
452 1060 717 1131 ἡμέτερον
750 1062 927 1129 λόγον,
969 1063 1064 1117 καὶ¹
1100 1065 1232 1134 ἡμῖν
1257 1065 1446 1131 δεῖξαι,
1480 1067 1554 1138 μὴ
1578 1067 1751 1121 τοιοῦ-

163 1165 250 1200 τον
282 1149 450 1214 ὂντα,
491 1145 601 1214 οἷός
632 1154 800 1207 ἐστιν·
846 1152 959 1206 ἀλλ’
1005 1153 1106 1207 οὐκ
1151 1156 1473 1226 ἀχρειώσειε
1517 1158 1747 1212 καθόλου

165 1239 222 1292 τὸ
250 1239 439 1301 ποτὸν,
474 1240 577 1293 κᾶν
605 1244 669 1294 ὲκ
698 1243 793 1296 τοῦ
823 1244 1114 1315 προχείρου
1153 1246 1220 1298 δι’
1253 1248 1470 1318 ἀπάτης
1503 1267 1750 1322 περιφοι-

161 1331 279 1402 νίξῃ
299 1333 362 1386 τὺ
391 1329 551 1397 εἶδος.
574 1335 725 1388 mm
747 1335 856 1407 γὰρ
875 1339 903 1390 ὁ
939 1336 1188 1408 Ἐϐραῖος
1215 1340 1276 1392 τὸ
1299 1340 1554 1410 ἀληθινὸν
1579 1341 1745 1412 ὕδωρ,

163 1421 262 1475 κᾶν
291 1423 449 1492 παρὰ
476 1425 588 1476 τῶν
615 1426 876 1480 ὲναντίων
917 1429 1158 1493 πιθανῶς
1188 1430 1564 1502 διαϐάλληται,
1596 1434 1748 1486 οὐδὲν

164 1515 297 1584 πρὸς
321 1516 386 1568 τὸ
412 1513 550 1580 εἶδος
580 1519 680 1589 τῆς
711 1519 928 1591 ἀπάτης
955 1521 1436 1592 ἐπιστρεφόμενος.
1467 1522 1624 1576 Οὕτω
1653 1524 1748 1577 καὶ

161 1605 220 1658 τὸ
248 1605 539 1678 βατράχων
577 1609 734 1676 γένος
783 1611 846 1663 τὸ
886 1611 1123 1681 είδεχθὲς
1171 1613 1268 1666 καὶ
1318 1613 1658 1683 πολύφωνον,
1702 1609 1747 1682 ᾧ

163 1699 424 1769 ὰμφίϐιος
476 1703 571 1770 μὲν
632 1705 665 1772 ἡ
719 1702 868 1773 ζωὴ,
920 1704 1248 1775 ἐρπυστικδν
1292 1705 1348 1758 δὲ
1405 1705 1468 1758 τὸ
1513 1707 1746 1777 πήδημα

1853 537 2073 592 quoque
2101 521 2214 576 fieri
2268 522 2454 577 videre
2500 521 2645 576 licet.
2677 520 2795 576 Non
2828 520 2974 576 enim
3008 519 3349 589 ignoramus,
3384 521 3440 574 in

1853 615 2066 684 magnis
2094 615 2393 682 praesertim
2435 614 2751 668 civitatibus
2781 613 2837 666 in
2864 610 3170 666 contrarias
3197 611 3265 666 de
3291 613 3440 664 veri-

1851 712 1962 759 tate
2009 705 2296 775 opiniones
2349 704 2698 759 multitudine
2760 704 2958 766 divisa,
3015 701 3141 756 aliis
3186 701 3440 772 limpidas

1850 810 2022 865 aquas
2055 803 2218 864 atque
2249 795 2515 864 potabiles
2548 810 2690 859 esse,
2723 809 2844 864 quae
2873 791 3214 863 quotidianis
3239 791 3439 862 praedi-

1849 887 2196 952 cationibus,
2244 884 2648 954 Scripturaaque
2707 885 2937 939 vocibus
2994 884 3051 938 in
3101 882 3283 936 anima
3336 897 3439 938 sua

1850 978 2197 1040 scaturiunt;
2247 976 2373 1030 aliis
2423 975 2704 1046 (quoniam
2754 973 3029 1044 perversis
3085 973 3438 1044 opinionibus

1849 1066 2236 1138 Egyptiorum
2263 1067 2548 1120 imitantur
2574 1065 2858 1135 malitiam)
2883 1066 2936 1119 in
2959 1065 3284 1134 sanguinem
3313 1080 3440 1120 cor-

1847 1165 2072 1227 ruptum
2105 1158 2379 1229 Evangelii
2427 1167 2593 1227 atque
2633 1156 3041 1228 praedicationis
3077 1156 3437 1211 suavissimus

1849 1258 2008 1318 potus
2048 1251 2392 1304 convertitur
2427 1267 2440 1303 :
2470 1259 2525 1304 et
2563 1248 2709 1319 quod
2735 1246 2891 1318 pejus
2924 1255 3028 1314 est,
3059 1262 3437 1317 saepenumero

1845 1342 2190 1396 fraudulenta
2222 1343 2337 1396 haec
2371 1342 2778 1414 Egyptiorum,
2821 1343 2874 1394 id
2910 1348 3016 1404 est,
3053 1355 3164 1395 non
3205 1341 3437 1396 creden-

1845 1435 1982 1487 tium
2020 1435 2242 1504 perﬁdia
2284 1435 2541 1491 falsitatis
2583 1435 2802 1490 macula
2847 1432 3200 1488 Hebraeorum
3245 1443 3436 1503 potum

1847 1524 1904 1578 in
1955 1527 2275 1596 sanguinem
2305 1536 2628 1582 convertere
2655 1526 2873 1589 nititur,
2916 1525 2968 1580 id
2998 1537 3085 1580 est
3121 1526 3431 1580 doctrinam

1847 1624 2097 1670 nostram
2127 1619 2414 1672 ostendere
2444 1618 2608 1674 talem
2652 1633 2763 1672 non
2798 1633 2943 1681 esse,
2972 1617 3150 1686 qualis
3176 1626 3260 1672 est
3286 1634 3300 1673 :
3331 1617 3433 1673 sed

1847 1723 2128 1780 nunquam
2163 1710 2412 1766 inutilem
2439 1721 2626 1782 potum
2651 1720 2903 1766 nostrum
2928 1711 3180 1776 reddent,
3209 1713 3434 1765 tametsi

161 1790 370 1861 (ἀηδὴς
400 1793 459 1845 δὲ
492 1793 553 1846 οὐ
591 1794 750 1863 μόνον
799 1796 830 1864 ἡ
859 1794 1001 1864 δψις,
1030 1795 1168 1849 ἀλλά
1202 1797 1299 1849 καὶ
1335 1797 1430 1849 τοῦ
1475 1798 1736 1869 χρωτὸςή

1848 1813 2114 1869 aquarum
2166 1803 2512 1873 superficiem
2558 1803 2714 1873 quasi
2765 1803 2986 1857 rubeam
3036 1817 3297 1872 apparere
3339 1817 3434 1856 ca-

161 1880 417 1951 δυσωδία)
438 1900 452 1912 ·
485 1883 514 1935 ὃ
540 1886 652 1947 τοῖς
680 1884 850 1948 οίκοις
878 1887 973 1939 καὶ
999 1883 1121 1949 ταῖς
1151 1885 1359 1948 κλίναις
1387 1886 1480 1940 καὶ
1506 1889 1619 1950 τοῖς
1650 1903 1746 1940 τα-

166 1970 335 2043 μείοις
360 1975 476 2028 τῶν
493 1972 807 2044 Αἰγυπτίων
833 1980 1103 2050 εἰσέρπει,
1125 1983 1225 2052 τῆς
1251 1979 1308 2033 δὲ
1329 1979 1439 2034 τῶν
1479 1979 1745 2052 Ἐὁραίων

163 2068 301 2137 ζωῆς
327 2069 434 2122 οὐκ
463 2070 783 2138 ἐφάπτεται.
827 2073 1069 2145 Ἀληθῶς
1110 2073 1218 2146 γὰρ
1246 2075 1502 2146 ἄντικρυς
1539 2075 1742 2147 βατρά-

161 2173 268 2226 χων
295 2158 434 2229 γένη
459 2160 584 2224 εἰσὶ,
619 2161 688 2215 τὰ
715 2162 1013 2231 φθοροποιὰ
1041 2164 1142 2233 τῆς
1174 2164 1371 2230 κακίας
1401 2167 1740 2237 γεννήματα,

159 2250 225 2301 ὲκ
260 2249 357 2318 τῆς
387 2251 642 2322 ρυπαρᾶς
671 2253 896 2324 καρδίας
934 2253 1044 2308 τῶν
1075 2255 1395 2326 ἀνθρώπων,
1420 2251 1533 2312 οἷον
1565 2257 1628 2313 ἔκ
1657 2277 1742 2313 τι-

157 2357 244 2404 νος
287 2341 552 2413 μρῦόρου
587 2345 1018 2418 ζωογονούμενα.
1071 2343 1231 2403 Οὗτοι
1259 2351 1308 2402 οἰ
1358 2349 1620 2422 βάτραχοι
1663 2353 1744 2405 οίο

155 2433 310 2487 κοῦσι
338 2435 440 2505 μὲν
468 2437 566 2499 τὰς
591 2439 769 2501 οἰκίας
792 2437 900 2492 τῶν
941 2439 1439 2507 Αἰγυπτιαζόντων,
1475 2444 1618 2498 κατὰ
1643 2427 1732 2512 τῇ

153 2522 249 2576 τοῦ
279 2523 400 2593 βίου
429 2525 747 2596 προαίρεσιν
767 2543 780 2558 ·
815 2526 1118 2582 δείκνυνται
1148 2529 1205 2582 δὲ
1237 2531 1330 2583 καὶ
1356 2531 1449 2583 ἐπὶ
1474 2531 1583 2585 τῶν
1608 2549 1743 2604 τρα-

153 2615 355 2683 πεζῶν,
398 2618 495 2672 καὶ
531 2619 638 2671 τῶν
681 2617 875 2673 κλινῶν
905 2621 1006 2674 οὐκ
1048 2622 1364 2692 ἀπέχονται,
1413 2624 1506 2676 καὶ
1547 2625 1629 2687 εἰς
1672 2623 1741 2678 τά

149 2711 354 2778 ταμεῐα
392 2709 502 2762 τῶν
539 2710 824 2764 ἀποθέτων
860 2713 1212 2772 είσδύνουσιν.
1270 2716 1439 2769 Ὅταν
1481 2716 1592 2788 γὰρ
1625 2717 1738 2789 ίδῃς

151 2794 246 2847 τὸν
272 2795 520 2866 ῥυπαρόν
548 2813 608 2850 τε
635 2797 729 2851 καὶ
756 2798 1054 2855 ἀκόλαστον
1077 2802 1210 2872 βίον,
1236 2803 1450 2876 άληθῶς
1479 2808 1542 2859 ὲκ
1564 2806 1737 2877 πηλοῦ

154 2902 210 2938 τε
240 2887 335 2939 καὶ
377 2888 640 2961 βορϐόρου
669 2892 1009 2962 τικτόμενον,
1050 2895 1147 2949 καὶ
1183 2901 1249 2968 τῇ
1290 2897 1423 2968 πρὸς
1452 2898 1515 2952 τὸ
1545 2899 1738 2968 ἄλογον

157 2984 387 3054 μιμήσει
423 2987 563 3040 κατὰ
590 2987 653 3040 τὸ
698 2984 839 3053 εἶδος
865 2992 965 3062 τῆς
999 2991 1146 3063 ζωῆς
1181 2995 1240 3048 ὲν
1284 2995 1545 3069 οὐθετέρα
1579 2997 1738 3066 φύσει

153 3075 398 3174 ἀκριϐῶς
413 3078 688 3174 ’μένονταί
723 3083 815 3174 καὶ
840 3081 1128 3174 ἀνθρωπον
1152 3086 1250 3155 μὲν
1279 3087 1418 3140 κατά
1440 3088 1538 3158 τὴν
1573 3089 1733 3156 φύσιν
1761 3114 1805 3174 C

151 3166 301 3229 ὅντα,
335 3169 538 3238 κτῆνος
573 3170 630 3223 δὲ
663 3171 750 3227 διὰ
779 3173 951 3237 πάθος
979 3176 1284 3245 γινόμενον,
1324 3179 1418 3230 καὶ
1448 3178 1535 3232 διά
1576 3178 1733 3233 τοῦτο

152 3259 415 3328 ἀμφίϐιον
445 3263 620 3315 ἐκεῖνο
645 3265 738 3317 καὶ
766 3266 1202 3336 ἐπαμφοτερίζον
1226 3268 1287 3320 τὸ
1309 3269 1408 3339 τῆς
1431 3269 1576 3338 ζωῆς
1595 3267 1734 3332 εἶδος

153 3350 577 3407 ὲπιδεικνιῖοντα⁸
601 3356 857 3426 εὑρήσεις
877 3360 970 3410 καὶ
997 3359 1088 3411 ἐπὶ
1117 3359 1306 3413 τούτου
1337 3360 1406 3412 τά
1430 3361 1528 3430 τῆς
1554 3361 1733 3414 τοιαύο

153 3459 252 3512 της
293 3444 457 3498 νόσου
501 3448 887 3518 γνωρίσματα,
936 3450 1035 3503 οὐκ
1071 3452 1164 3504 ὲπὶ
1201 3452 1300 3521 τῆς
1335 3451 1520 3521 κλίνης
1551 3454 1730 3522 μόνον,

156 3534 285 3589 ἀλλά
330 3539 430 3590 καὶ
459 3537 551 3590 ἐπὶ
594 3538 695 3607 τῆς
726 3539 1005 3611 τραπέζης
1032 3582 1045 3604 ,
1079 3542 1176 3595 καὶ
1221 3543 1280 3594 ἐν
1320 3546 1432 3607 τοῖς
1465 3545 1730 3614 ταμείοις,

154 3626 243 3678 καὶ
283 3627 428 3680 κατά
476 3629 654 3681 πάσαν
697 3629 795 3700 τὴν
842 3632 1074 3700 οἴκησιν.
1137 3633 1588 3703 Ἐπισημαίνεται
1624 3636 1732 3708 γὰρ

155 3717 239 3770 διὰ
278 3719 500 3771 πάντων
538 3721 567 3772 ὁ
604 3720 842 3785 τοιοῦτος
882 3723 985 3792 τὴν
1031 3725 1290 3788 ἀσωτίαν,
1342 3724 1482 3779 ὥστε
1525 3728 1732 3793 πάντας

159 3809 346 3880 ῥᾳδίως
385 3811 687 3878 ἐπιγνῶναι
718 3810 807 3865 διά
831 3811 940 3865 τῶν
971 3815 1111 3868 κατά
1141 3815 1232 3869 τὸν
1261 3813 1408 3870 οἷκον
1435 3819 1732 3885 σπουδαζο-

161 3903 326 3971 μένων
363 3904 456 3956 τον
492 3904 607 3973 βίον
631 3905 724 3957 τοῦ
753 3923 812 3959 τε
834 3907 1131 3961 ἀκολάστου
1158 3910 1251 3961 καὶ
1278 3910 1372 3962 τοῦ
1403 3909 1734 3982 καθαρεύον-

158 4011 260 4056 τος.
291 3997 461 4049 Ὅταν
492 4000 550 4050 ἐν
575 3998 751 4068 τούτῳ
785 3999 884 4069 μὲν
911 3999 1005 4052 ἐπὶ
1035 3999 1144 4054 τῶν
1158 3999 1374 4072 τείχους
1389 4005 1731 4074 κονιαμάτων

155 4085 418 4140 δείκνυται
440 4087 594 4159 παρὰ
619 4088 720 4158 τῆς
748 4087 943 4158 τέχνης
971 4089 1059 4144 διὰ
1082 4091 1319 4145 εἰδώλων
1348 4093 1511 4145 τινῶν
1535 4093 1604 4146 τά
1633 4095 1732 4165 τῆς

158 4178 426 4246 ἐμπαθοῦς
449 4180 642 4250 ἡδονῆς
683 4180 1083 4250 ὑπεκκαύματα
1105 4200 1117 4212 ·
1143 4181 1209 4235 δι’
1229 4175 1302 4236 ὧν
1321 4185 1732 4256 ὑπομιμνήσκε-

156 4287 238 4323 ται
266 4271 360 4340 τῆς
380 4272 542 4325 νόσου
571 4273 604 4342 ή
637 4271 819 4341 φύσις,
841 4272 930 4326 διὰ
956 4273 1064 4326 τῶν
1092 4273 1270 4343 ὄψεων
1302 4275 1366 4328 ὲκ
1390 4277 1486 4344 τῆς
1509 4277 1731 4346 ἀτιμίας

157 4362 257 4416 τῶν
282 4363 575 4434 θαυμάτων
599 4364 692 4416 ἐπὶ
717 4364 814 4436 τὴν
833 4364 1010 4436 ψυχὴν
1035 4367 1455 4437 ὲπεισχεομένου
1492 4368 1587 4420 τοῦ
1624 4369 1730 4422 πά-

1847 1891 2224 1947 villationibus
2277 1892 2564 1948 elliciant:
2622 1893 2772 1947 bibet
2809 1893 2954 1947 enim
3000 1892 3188 1957 Israel,
3243 1893 3294 1948 id
3346 1903 3433 1947 est

1844 1981 1939 2038 Dei
1981 1983 2236 2053 populus,
2287 1999 2486 2054 aquam
2521 1997 2728 2047 veram,
2772 1997 2874 2037 nec
2918 1982 3030 2036 ullo
3075 1983 3260 2046 modo,
3305 1983 3432 2037 licet

1844 2076 2218 2131 verisimiliter
2263 2091 2494 2147 arguere
2548 2076 2848 2131 adversarii
2895 2075 3205 2139 videantur,
3251 2075 3432 2144 Specie

1841 2165 2073 2222 fallaciae
2093 2167 2254 2222 istius
2283 2167 2738 2222 commovebitur.
2764 2166 2853 2221 Sic
2872 2182 2972 2238 pro
2997 2182 3254 2220 ranarum
3287 2182 3428 2236 quo—

1841 2271 1950 2326 que
1993 2257 2176 2326 specie
2210 2255 2442 2310 deformi
2495 2264 2658 2326 atque
2706 2257 2944 2325 loquaci,
2995 2257 3085 2310 cui
3118 2257 3287 2311 dubia
3314 2257 3427 2310 vita

1841 2347 1990 2418 (nam
2025 2356 2078 2402 et
2098 2348 2414 2418 aquaticuin
2441 2355 2498 2402 et
2524 2355 2788 2402 terrestre
2819 2347 2874 2403 id
2902 2349 3104 2402 animal
3129 2350 3237 2415 est)
3267 2348 3426 2416 cujus

1840 2439 2015 2496 saltus
2045 2454 2264 2509 repens,
2298 2439 2460 2509 cujus
2488 2446 2747 2510 aspectus
2787 2440 3166 2510 turpissimus,
3199 2439 3361 2508 cujus
3395 2456 3429 2494 e

1839 2543 2072 2599 corpore
2100 2530 2464 2586 intolerabilis
2514 2530 2655 2584 fetor
2693 2530 2962 2585 emittitur
2994 2548 3009 2584 :
3038 2531 3187 2600 quod
3231 2528 3426 2586 domos

1838 2620 2182 2690 lectulosque
2226 2620 2454 2690 ipsaque
2511 2621 2813 2692 penetralia
2860 2620 3242 2692 Egyptiorum
3299 2636 3425 2676 sor-

1839 2713 2009 2778 didat,
2054 2721 2112 2768 et
2146 2712 2500 2769 Hebraeorum
2535 2716 2702 2769 vitam
2757 2728 2868 2768 non
2926 2714 3186 2776 maculat,
3239 2716 3429 2769 varios

1836 2808 2062 2862 malitiae
2105 2809 2592 2878 corruptionisque
2644 2810 2810 2870 fetus,
2860 2806 2954 2877 qui
2994 2821 3060 2862 ex
3112 2807 3279 2862 fetido
3324 2810 3426 2862 ho-

1837 2901 2046 2954 minum
2089 2899 2280 2965 corde,
2323 2899 2479 2969 quasi
2532 2915 2596 2953 ex
2655 2900 2875 2968 putrido
2924 2900 3055 2954 limo
3096 2909 3422 2964 nascuntur,

1837 2989 2212 3060 intelligimus.
2271 2987 2398 3043 Haec
2450 2988 2732 3042 immunda
2791 3004 3047 3044 ranarum
3102 2991 3421 3054 multitudo,

1838 3081 2033 3137 domos
2059 3097 2250 3138 eorum
2284 3082 2377 3152 qui
2403 3079 2749 3153 Egyptiace,
2781 3081 2834 3137 id
2877 3092 2982 3144 est,
3016 3083 3211 3138 vitiose
3245 3085 3430 3139 vivere

1837 3171 2071 3239 malunt,
2118 3171 2330 3226 habitat
2367 3190 2378 3225 :
2413 3173 2468 3225 in
2510 3173 2716 3228 mensis
2748 3188 2938 3228 eorum
2966 3173 3226 3238 abundat,
3256 3175 3312 3230 in
3344 3178 3427 3231 Ie-

1835 3263 1997 3318 ctulis
2032 3263 2270 3327 assidet,
2306 3264 2358 3317 in
2396 3263 2598 3318 abditis
2634 3278 2825 3318 eorum
2858 3265 3112 3319 omnibus
3149 3276 3314 3335 atque
3336 3282 3426 3320 re-

1833 3355 2075 3409 conditis
2123 3355 2285 3410 rebus
2342 3354 2618 3409 invenitur
2666 3374 2680 3408 :
2734 3371 2862 3410 vere
2910 3370 3148 3426 namque
3200 3359 3425 3412 sordida

1833 3446 2225 3516 luxuriosaque
2264 3446 2374 3500 vita
2424 3462 2490 3501 ex
2533 3455 2795 3516 corrupto
2836 3447 3112 3518 felidoque
3139 3448 3270 3502 limo
3300 3465 3428 3518 pas-

1833 3540 2048 3595 sionum
2101 3538 2377 3607 profecta,
2440 3537 2670 3592 dubium
2721 3539 2995 3607 quoddam
3052 3539 3256 3593 animal
3307 3548 3422 3603 est,

1832 3629 2145 3698 aquaticum
2199 3629 2410 3683 scilicet
2463 3639 2629 3698 atque
2667 3639 2948 3684 terresrre.
3002 3629 3176 3683 Homo
3225 3638 3422 3684 natura

1831 3728 1939 3786 est,
1974 3721 2067 3790 qui
2107 3721 2183 3774 ita
2209 3721 2366 3786 vivit,
2399 3721 2672 3776 electione
2721 3738 2848 3775 vero
2879 3736 3068 3791 pecus,
3109 3723 3429 3792 pecudeque

1832 3812 2153 3868 sordidius:
2192 3814 2335 3868 unde
2372 3815 2451 3880 lit,
2506 3820 2567 3868 ut
2611 3813 2835 3868 dubium
2900 3812 3172 3882 quoddam
3222 3813 3426 3866 animal

1832 3905 1937 3960 hac
1987 3906 2098 3959 vita
2154 3905 2476 3960 efﬁciamur.
2530 3906 2666 3960 Nam
2725 3905 2818 3974 qui
2868 3914 3119 3959 naturam
3173 3905 3425 3975 respicit,

1831 3998 2118 4064 homines;
2152 3998 2246 4066 qui
2281 3998 2447 4051 vitam
2493 3998 2831 4060 considerat,
2870 4013 2979 4051 non
3011 3996 3280 4061 homines,
3324 3997 3425 4050 sed

1830 4103 1899 4142 ex
1942 4088 2232 4141 brutorum
2275 4103 2473 4157 genere
2505 4103 2604 4142 nos
2638 4088 2755 4156 ipse
2788 4087 3003 4155 putabit
3031 4104 3050 4140 ι
3098 4088 3259 4156 cujus
3294 4089 3426 4155 qui-

1830 4178 1953 4233 dem
1986 4179 2130 4233 bruti
2175 4179 2332 4249 signa
2378 4186 2488 4234 tam
2529 4180 2584 4233 in
2628 4181 2887 4235 universa
2935 4181 3120 4243 domo,
3169 4199 3332 4252 quam
3366 4184 3422 4237 in

1831 4267 2066 4339 singulis
2113 4269 2360 4324 invenias
2402 4272 2673 4339 partibus.
2719 4271 2855 4325 Nam
2887 4280 2942 4326 et
2978 4273 3032 4327 in
3064 4275 3237 4328 muris
3269 4283 3324 4330 et
3365 4276 3420 4329 in

1831 4360 1974 4414 aulis
2021 4360 2250 4414 diversae
2293 4361 2361 4414 ad
2401 4362 2672 4416 luxuriam
2721 4365 2891 4418 animi
2939 4367 3187 4434 picturae,
3234 4376 3290 4421 et
3364 4369 3424 4421 in

160 4452 296 4519 θους·
314 4457 406 4509 ἐπὶ
425 4456 482 4509 δὲ
505 4454 597 4509 τοῦ
621 4456 1292 4530 σωφρονοῦντος,φυλακὴν
1306 4459 1487 4511 πᾶσαν
1498 4459 1592 4512 καὶ
1609 4477 1732 4530 προ-

1837 4453 1981 4508 vasis
2025 4453 2323 4522 sculptura;
2377 4454 2660 4523 impressa:
2715 4458 3016 4525 nequitiam
3083 4459 3418 4527 praedicant,

162 4545 403 4616 μήθειαν,
429 4546 527 4600 τοῦ
552 4547 646 4600 καὶ
665 4547 756 4599 τὸν
783 4547 1060 4618 ὀφθαλμὸν
1082 4548 1405 4620 καθαρεύειν
1422 4550 1534 4602 τῶν
1556 4553 1733 4620 ἐμπα-

158 4637 257 4691 θῶν
271 4640 580 4710 θεαμάτων.
604 4641 762 4711 Καὶὴ
786 4639 1036 4712 τράπεζα
1051 4641 1108 4695 δὲ
1124 4642 1384 4706 ὡσαύτως
1397 4643 1615 4715 καθαρά
1634 4645 1731 4715 μὲν

157 4731 186 4798 ἡ
218 4730 304 4783 τοῦ
339 4731 780 4802 σωφρονοῦντος,
819 4732 1131 4804 εὑρίσκεται
1165 4733 1223 4786 δὲ
1249 4733 1604 4806 βατραχώδης
1637 4737 1732 4788 καὶ

159 4822 483 4894 πολύσαρκος
496 4823 588 4876 τοῦ
608 4824 742 4894 πρὸς
757 4825 848 4877 τὸν
865 4824 1174 4896 βορϐορὼδη
1191 4825 1304 4895 βίον
1325 4825 1406 4878 ίλυ
1414 4843 1532 4878 σπω
1539 4827 1698 4896 μένου
1709 4872 1720 4882 .

160 4910 267 4964 Κᾶν
286 4912 355 4965 τὰ
369 4914 959 4986 ταμεῐαδιερευνήσῃς,
981 4915 1127 4968 τοῦτ’
1155 4915 1291 4978 ἐστι,
1309 4916 1376 4968 τὰ
1390 4916 1609 4986 κρυπτὰ
1624 4917 1722 4969 τοῦ

161 5001 262 5067 βίου
298 5003 464 5056 αὐτοῦ
509 5006 602 5056 καὶ
639 5004 945 5075 ἀπόρρητα⁸
978 5005 1113 5058 πολὺ
1166 5005 1364 5075 μᾶλλον
1394 5006 1452 5058 ὲν
1492 5006 1726 5070 ἐκείνοις

161 5097 376 5164 οωρείαν
408 5096 694 5166 βατράχων
737 5098 795 5148 ὲν
836 5099 948 5159 τοῖς
981 5097 1302 5161 ἀκολάστοις
1343 5102 1719 5166 κατανοήσεις.

161 5184 215 5236 Ei
251 5186 306 5238 δὲ
333 5188 506 5241 ταῦτα
530 5190 564 5257 ἡ
613 5189 713 5257 τῆς
744 5190 945 5260 ἀρετῆς
987 5190 1182 5259 ῥάϐδος
1231 5192 1404 5243 ποιεῖν
1447 5189 1589 5242 κατὰ
1618 5190 1729 5242 τῶν

159 5277 452 5345 Αἰγυπτίων
481 5281 586 5333 ὑπὸ
616 5282 717 5350 τῆς
752 5281 991 5352 ἱστορίας
1015 5282 1254 5350 λέγεται,
1290 5282 1365 5352 μὴ
1395 5280 1728 5351 ξενισθῶμεν

161 5371 276 5439 περί
303 5371 392 5424 τὸν
418 5371 603 5440 λόγον·
635 5374 730 5425 καὶ
753 5372 862 5444 γὰρ
893 5359 1258 5444 ὲσκληρύνθαι
1284 5373 1437 5442 παρά
1463 5371 1559 5425 τοῦ
1589 5371 1726 5424 Θεοῦ

157 5462 238 5515 τὸν
260 5464 538 5536 ⁴ὠραννον,
579 5467 613 5536 ή
644 5465 853 5536 ἱστορία
880 5466 1031 5538 φησί.
1069 5466 1194 5529 Πῶς
1220 5461 1314 5518 οὖν
1343 5464 1409 5518 ἂν
1437 5465 1521 5535 εἴη
1547 5465 1719 5518 κατά-

161 5571 348 5622 κριτος,
380 5559 446 5628 τῇ
494 5557 699 5612 ἄνωθεν
740 5559 954 5630 ἀνάγκῃ
999 5557 1250 5628 σκληρῶς
1283 5572 1346 5608 τε
1379 5557 1474 5608 καὶ
1508 5554 1718 5608 ἀντιτύι

161 5663 264 5709 πως
287 5647 627 5718 διαθέμενος;
663 5651 755 5704 καί
785 5668 887 5704 που
917 5650 979 5703 τὸ
1001 5648 1114 5702 ἴσον
1143 5649 1308 5719 φησὶν
1327 5651 1355 5701 ὁ
1381 5647 1520 5710 Θεῐος
1563 5648 1716 5700 Ἀπό-

164 5741 349 5807 ατολος,
372 5744 449 5796 ὅτι
477 5743 704 5796 καθόσον
730 5743 828 5798 οὐκ
856 5743 1179 5812 ἐδοκίμασαν
1207 5741 1298 5796 τὸν
1333 5740 1462 5794 Θεὸν
1489 5739 1631 5810 ἔχειν
1654 5742 1711 5793 ἐν

1833 4547 2036 4616 quibus
2091 4548 2354 4618 cogitatio
2419 4549 2486 4600 ad
2536 4549 2866 4618 cupiditates
2927 4565 3059 4606 suas
3110 4560 3420 4617 revocatur,

1831 4640 2130 4707 vituperosi
2191 4639 2492 4710 spectaculi
2536 4640 2786 4702 visione,
2836 4641 2902 4695 ad
2947 4644 3187 4696 animam
3239 4661 3422 4713 usque

1824 4730 2153 4802 passionum
2203 4741 2338 4786 aestu
2383 4732 2752 4801 perveniente,
2800 4747 2867 4786 ne
2904 4732 3114 4786 scilicet
3149 4735 3420 4803 cupidita-

1833 4832 1947 4877 tum
1990 4825 2157 4878 ardor
2199 4827 2587 4896 exstinguatur
2630 4831 2724 4876 aut
2759 4824 3109 4879 retundatur.
3157 4826 3420 4880 Similiter

1831 4919 1880 4974 si
1933 4934 2176 4983 mensas,
2225 4920 2272 4974 si
2323 4920 2494 4976 lectos
2547 4917 2860 4989 voluptuosi
2915 4916 3268 4988 corruptique
3323 4920 3420 4973 ho-

1831 5011 1995 5065 minis
2045 5010 2446 5071 considerabis,
2494 5011 2548 5065 id
2597 5011 2776 5080 ipsum
2825 5009 3096 5062 invenies.
3156 5008 3312 5075 Quod
3371 5012 3414 5064 si

1830 5100 2112 5154 recondita
2171 5099 2466 5169 abditaque
2499 5099 2739 5154 hominis
2774 5099 3092 5167 hujusmodi
3153 5114 3261 5152 non
3289 5099 3415 5153 diro

1824 5191 2050 5245 vascula
2086 5199 2140 5245 et
2186 5193 2442 5261 capsulas
2499 5191 2707 5260 (multis
2757 5191 2907 5248 enim
2941 5205 3006 5245 ea
3053 5197 3265 5261 patent,
3314 5207 3417 5245 nec

1825 5283 2003 5336 aliena
2042 5290 2172 5337 sunt
2212 5297 2244 5335 ιι
2279 5283 2622 5352 turpitudine
2665 5285 2831 5352 vitae),
2876 5282 2975 5340 sed
3007 5284 3224 5338 occulta
3270 5299 3419 5336 men-

1825 5373 1898 5428 tis
1947 5381 2002 5428 et
2037 5374 2200 5428 animi
2237 5378 2550 5444 perspicere
2595 5376 2819 5444 poteris,
2844 5375 2956 5443 jam
2994 5390 3125 5430 vero
3155 5389 3417 5429 accumu-

1825 5463 2059 5517 latarum
2091 5478 2349 5518 ranarum
2382 5466 2726 5532 putredinem
2758 5465 3000 5537 reperies
3039 5463 3283 5520 fetiilam.
3338 5465 3412 5518 At

1825 5557 2058 5612 modesti
2096 5557 2335 5612 hominis
2375 5558 2541 5612 etiam
2581 5559 2776 5614 oculus
2814 5558 3051 5614 mundus
3081 5567 3184 5624 est,
3218 5567 3272 5613 et
3295 5558 3411 5613 haec

1825 5664 1945 5717 quae
2003 5647 2072 5702 ad
2137 5649 2409 5703 luxuriam
2480 5650 2748 5714 incrtant,
2804 5654 3120 5720 spectacula
3176 5651 3405 5720 respuit.

1827 5739 2011 5815 Mensa
2073 5756 2293 5812 quoque
2318 5740 2572 5798 similiter
2607 5743 2917 5798 communis
2961 5758 3024 5798 ac
3059 5741 3258 5808 tenuis,
3297 5756 3410 5796 non
