3876 6218
421 292 527 346 34⁸1

1632 302 1635 305 ’
1678 292 1733 347 S.
1767 293 2093 352 GREGORII
2127 294 2428 352 NYSSENI

3571 295 3680 349 518

421 424 616 481 magna
639 409 886 464 carnium
909 417 1003 464 aut
1023 408 1252 480 piscium
1281 416 1506 465 onerata
1537 412 1812 483 congerie.
1842 413 1996 479 Quod

2106 414 2415 483 ἐπιγνώσει,
2460 413 2778 485 παρέδωκεν
2816 411 3012 474 αὐτοὺς
3040 411 3071 464 ό
3104 411 3236 474 Θεὸς
3267 411 3348 473 είς
3383 409 3534 480 πάθη
3560 411 3683 464 άτι-

421 509 610 554 autem
656 500 760 555 ista
797 501 1016 555 virtutis
1064 500 1271 573 virgam
1320 500 1518 557 fecisse
1566 501 1700 558 dicit
1741 504 1994 567 historia,

424 589 649 643 minime
679 588 1005 657 perturbare
1037 605 1139 645 nos
1172 591 1366 655 debet;
1399 605 1523 644 nam
1564 599 1620 646 et
1668 592 1997 648 obduratutn

419 696 454 734 ο
486 679 597 734 Deo
621 678 792 735 fuisse
815 689 1106 750 tyrannum
1138 689 1343 736 narrat.
1373 683 1492 748 Quo
1512 699 1642 740 vero
1662 693 1823 754 pacto
1846 685 2002 740 dam-

423 773 643 828 nandus
676 772 892 839 fuisset,
927 773 972 828 si
1016 773 1106 827 Dei
1132 775 1461 830 necessitate
1481 785 1707 832 coactus
1731 779 2001 836 obdurato

423 861 614 916 animo
649 863 986 918 restitisset?
1041 862 1230 919 Simile
1268 881 1503 935 namque
1535 867 1587 920 id
1615 868 1664 922 ei
1702 879 1805 932 est,
1853 870 2000 939 quod

421 953 645 1010 divinus
678 955 974 1025 Apostolus
1005 958 1072 1011 de
1101 956 1170 1011 iis
1216 957 1309 1027 qui
1351 959 1754 1014 convolvuntur
1787 961 1840 1015 in
1885 970 1998 1015 tur-

422 1047 670 1118 pissimis
721 1046 1240 1116 nefandissimisque
1282 1047 1510 1103 luxuriae
1539 1050 1706 1113 vitiis,
1752 1051 1888 1105 dicit
1922 1051 2000 1105 ":

424 1139 576 1210 quod
616 1158 638 1191 ι
671 1141 815 1194 sicut
849 1155 959 1194 non
995 1140 1362 1210 probaverunt
1400 1141 1550 1211 impii
1589 1140 1754 1196 Deum
1800 1142 2001 1198 habere

421 1228 481 1284 in
535 1232 802 1298 notitiam,
842 1231 1065 1286 tradidit
1110 1247 1206 1287 eos
1249 1233 1388 1288 Deus
1421 1235 1476 1288 in
1527 1235 1811 1304 passiones
1851 1236 2001 1306 igno-

423 1322 626 1377 rninize.
643 1341 662 1373 ι
681 1322 813 1375 Nam
832 1331 884 1376 et
910 1322 1074 1378 verba
1092 1322 1405 1393 Scripturze,
1433 1325 1590 1395 quasi
1622 1324 1884 1380 divinitus
1904 1339 2000 1381 eos

427 1412 690 1482 impulsos
749 1414 817 1467 ad
877 1413 1176 1478 libidinem,
1206 1429 1270 1468 ac
1310 1416 1622 1482 ignominia:
1652 1417 1999 1485 passionibus

425 1506 678 1567 traditos,
729 1520 928 1560 sonare
959 1505 1233 1562 videntur.
1269 1506 1378 1560 Nec
1432 1515 1613 1560 tamen
1672 1506 1999 1576 turpitudini

425 1593 570 1649 Dens
605 1610 933 1664 quemquam
965 1595 1150 1660 tradit,
1184 1611 1284 1651 nec
1316 1594 1530 1650 Pharao
1560 1597 1752 1651 nolens
1791 1597 1860 1651 ab
1884 1598 2001 1666 ipso

425 1684 539 1740 Deo
583 1685 637 1740 in
677 1685 932 1742 duritiem
982 1689 1307 1758 impellitur,
1355 1703 1457 1744 nec
1509 1691 1618 1744 vita
1678 1705 1936 1744 ranarum
1968 1705 2000 1744 a

2104 507 2258 578 μίας,
2281 527 2300 562 ι
2321 508 2566 580 περὶτῶν
2595 503 3140 576 ἀρῤενοφθορούντων
3179 503 3376 572 λέγων,
3408 504 3505 556 καὶ
3549 504 3685 570 περὶ

2099 595 2206 649 τῶν
2238 599 2295 649 ἐν
2331 597 2444 657 τοῖς
2487 595 2702 665 ἀτίμοις
2747 612 2807 648 τε
2849 596 2944 648 καὶ
2979 597 3246 666 ἀρρήτοις
3294 594 3395 664 τῆς
3441 594 3686 656 ἀσωτίας

2098 687 2320 758 τρόποις
2361 687 2830 758 ἀσχημονούντων.
2881 687 3020 740 Ἀλλ’
3051 688 3098 739 εί
3142 687 3236 740 καὶ
3266 685 3410 739 οὓτω
3458 685 3686 751 λέγεται

2100 777 2250 848 παρά
2278 780 2378 848 τῆς
2404 777 2554 842 θείας
2583 776 2803 848 Γραφῆς
2834 776 2905 829 τά
2935 774 3220 846 εἰρημένα·
3259 773 3380 827 οὔτε
3410 773 3489 843 τῷ
3517 769 3686 824 πάθει

2097 869 2197 938 τῆς
2221 868 2444 939 ἀτιμίας
2477 871 2506 922 ό
2543 867 2677 932 Θεὸς
2724 868 2939 921 ἔκδοτον
2981 867 3163 920 δίδωσι
3217 865 3309 919 τὸν
3354 865 3490 934 πρὸς
3522 862 3688 916 τοῦτο

2101 960 2419 1032 φερόμενον,
2447 959 2572 1012 οὔτε
2599 958 2800 1030 Φαραὼ
2829 959 2956 1029 θείᾳ
2993 957 3244 1027 βουλήσει
3294 954 3683 1026 σκληρύνεται,

2099 1050 2222 1104 οὔτε
2251 1053 2279 1104 ὁ
2307 1050 2657 1121 βατραχώδης
2707 1049 2819 1120 βίος
2858 1050 2968 1102 ὑπὸ
3000 1051 3099 1120 τῆς
3125 1047 3327 1118 ἀρετῆς
3353 1046 3682 1100 πλάσσεται.

2099 1143 2164 1195 Et
2195 1142 2300 1213 γάρ
2341 1141 2596 1214 βουλητὸν
2642 1137 2710 1212 ἦν
2739 1143 2804 1212 τῇ
2845 1140 2966 1212 θείᾳ
3001 1140 3183 1208 φύσει,
3229 1139 3445 1201 πάντως
3484 1138 3551 1191 ἂν
3587 1139 3689 1190 ἐπὶ

2100 1233 2318 1287 πάντων
2343 1234 2485 1286 κατά
2513 1233 2573 1286 τὸ
2600 1233 2712 1286 ἴσον
2741 1235 2774 1303 ὴ
2813 1231 3041 1301 τοιαύτη
3084 1230 3402 1302 προαίρεσις
3435 1229 3682 1297 ίσχυσεν,

2099 1325 2175 1389 ώς
2208 1325 2476 1397 μηδεμιᾶς
2503 1325 2705 1396 ἀρετῆς
2737 1323 2832 1377 καὶ¹
2857 1322 3058 1386 κακίας
3099 1322 3250 1394 παρὰ
3289 1321 3378 1376 τὸν
3412 1321 3525 1392 βίον
3566 1321 3692 1372 δια-

2101 1419 2273 1488 φορὰν
2300 1416 2642 1486 θεωρεῖσθαι.
2682 1415 2890 1468 Ἀλλων
2919 1414 2977 1467 δὲ
3004 1413 3179 1476 άλλως
3214 1412 3545 1482 μετεχόντων
3587 1410 3686 1463 τοῦ

2103 1509 2219 1580 βίου
2239 1549 2253 1572 ,
2281 1507 2504 1562 καὶτῶν
2532 1507 2630 1578 μὲν
2657 1508 2723 1561 δι’
2753 1505 2952 1578 ἀρετῆς
2981 1503 3457 1576 κατορθουμένων,
3481 1503 3596 1556 τῶν
3625 1503 3688 1555 δέ

2100 1602 2179 1664 είς
2208 1600 2400 1654 κακίαν
2431 1598 2829 1672 ἀπορρεόντων·
2874 1598 2974 1650 οὐκ
3015 1597 3080 1652 άν
3121 1613 3205 1659 τις
3243 1596 3476 1663 εὐλόγως
3511 1595 3688 1664 ὑπερ-

2101 1690 2380 1762 κειμέναις
2397 1690 2538 1742 τισὶν
2565 1689 2852 1759 ἀνάγκαις,
2877 1689 2996 1750 ταῖς
3019 1685 3238 1740 κατὰτὸ
3253 1686 3396 1738 θεῖον
3435 1684 3689 1754 βούλημα

425 1779 627 1834 virtute
668 1781 1067 1836 conformatur.
1106 1779 1240 1834 Nam
1287 1781 1332 1835 si
1378 1780 1471 1836 Dei
1514 1783 1790 1836 voluntate
1839 1788 2002 1850 atque

2106 1782 2553 1854 συνισταμέναις,
2597 1782 2696 1845 τὰς
2740 1783 3003 1855 διαφορὰς
3049 1779 3156 1833 τῶν
3204 1779 3332 1849 βίων
3372 1777 3685 1845 λογίσαιτο,

426 1869 666 1940 impulsu
689 1871 763 1926 ita
797 1871 972 1937 fieret,
1002 1887 1104 1927 nec
1125 1873 1482 1942 turpitudinis
1507 1881 1562 1927 et
1584 1873 2002 1944 vituperationis

2107 1867 2182 1926 ὦν
2211 1874 2244 1943 ἡ
2287 1872 2606 1944 προαίρεσις
2632 1873 2715 1941 ἐφ’
2746 1872 2980 1926 ἑκάστου
3021 1870 3081 1924 τὸ
3109 1869 3308 1942 κράτος
3333 1869 3466 1938 ἔχει.

425 1965 512 2020 hae
582 1966 870 2036 passiones
937 1967 1384 2037 appellarentur,
1433 1985 1535 2024 nec
1579 1969 1688 2023 ulla
1721 1976 1870 2023 esset
1908 1970 2051 2022 inter
2088 1967 2346 2022 virtutem
2390 1976 2445 2022 et
2488 1966 2680 2020 vitium
2729 1966 3057 2022 differentia.
3110 1963 3305 2019 Verum
3365 1978 3491 2016 cum
3542 1961 3692 2018 alius

426 2059 592 2119 hanc.
642 2059 781 2114 alius
815 2059 964 2112 illam
995 2059 1160 2129 eligat
1198 2060 1391 2122 vitam,
1446 2067 1500 2114 et
1535 2060 1619 2114 hic
1653 2059 1921 2123 virtuose,
1973 2059 2062 2112 ille
2101 2058 2317 2120 vitiose,
2353 2058 2535 2112 vivere
2569 2057 2746 2121 malit,
2791 2072 2900 2112 non
2938 2057 3064 2126 jure
3105 2053 3285 2110 altiori
3331 2053 3551 2108 cuidam
3585 2068 3692 2108 ne-

429 2148 707 2211 ccssitati,
757 2148 850 2203 sed
887 2149 1154 2202 voluntati
1197 2149 1534 2219 singulorum
1593 2149 1810 2204 vivendi
1854 2162 2103 2204 normam
2139 2148 2508 2203 attribuimus.

499 2236 783 2302 Quomodo
837 2238 1004 2308 igitur
1056 2238 1474 2309 vituperationis
1520 2241 1810 2310 quisquam
1866 2255 1996 2310 pas-

423 2328 677 2385 sionibus
709 2345 739 2382 a
767 2329 876 2384 Deo
900 2330 1168 2396 tradatur,
1206 2331 1322 2399 ipse
1353 2331 1649 2401 Apostolus
1684 2341 1867 2402 aperte
1896 2347 1998 2388 nos

426 2422 590 2476 docet
618 2439 632 2476 :
659 2422 752 2492 qui
790 2438 896 2476 non
930 2421 1177 2492 probavit
1207 2421 1373 2477 Deum
1408 2423 1610 2478 habere
1668 2419 1726 2473 in
1779 2419 1994 2486 notitia,

426 2513 476 2568 is
521 2529 646 2568 cum
697 2530 728 2568 a
777 2514 886 2570 Deo
933 2530 1040 2569 non
1094 2513 1439 2576 defendatur,
1487 2531 1588 2571 nec
1637 2516 1812 2586 gratia
1854 2516 1996 2585 ejus,

429 2607 576 2661 unde
609 2621 771 2661 omne
800 2609 1000 2662 bonum
1030 2618 1135 2672 est,
1175 2616 1516 2663 sustentetur
1561 2607 1684 2677 (nec
1713 2608 1858 2662 enim
1907 2609 1999 2664 de-

427 2697 600 2755 fendit
633 2697 776 2754 Deus
817 2701 1088 2754 nolentem
1119 2701 1492 2770 cognoscere),
1535 2701 1607 2764 is,
1646 2701 1892 2770 inquam,
1934 2701 2004 2755 ab

429 2806 496 2845 eo
542 2791 870 2860 turpitudini
907 2793 1047 2846 tradi
1094 2792 1317 2848 dicitur.
1357 2792 1494 2846 Nam
1545 2793 2000 2863 quemadmodum

431 2884 478 2939 si
523 2885 649 2954 quis
681 2886 748 2940 de
777 2886 996 2940 homine
1021 2887 1114 2956 qui
1149 2887 1202 2940 in
1245 2886 1452 2942 foveam
1484 2887 1708 2948 decidit,
1737 2889 1998 2958 quoniam

429 2976 600 3030 solem
647 2991 755 3030 non
798 2977 954 3040 vidit,
1005 2977 1212 3032 idcirco
1249 2978 1304 3031 in
1347 2979 1557 3034 foveam
1604 2979 1865 3035 incidisse
1915 2996 2001 3034 as-

431 3073 729 3127 severaret,
781 3066 930 3120 nullo
981 3067 1140 3122 nobis
1187 3067 1351 3122 tnodo
1384 3068 1438 3122 in
1497 3078 1730 3124 mentem
1772 3071 1998 3135 veniret,

430 3155 500 3208 ab
536 3154 674 3208 irato
703 3156 820 3211 sole
849 3156 904 3211 in
939 3157 1149 3212 foveam
1182 3159 1359 3229 ipsum
1401 3160 1726 3230 depulsum;
1776 3163 1870 3216 sed
1899 3173 2003 3218 sta-

431 3242 531 3294 tim
567 3243 1017 3313 intelligeremus,
1071 3247 1193 3301 ideo
1239 3249 1293 3300 in
1342 3247 1550 3303 foveam
1599 3249 1830 3319 lapsum,
1860 3267 2001 3321 quo-

435 3334 578 3385 niam
607 3337 850 3390 caecitate
878 3351 975 3390 sua
1011 3338 1143 3393 solis
1173 3339 1348 3394 lucem
1383 3341 1628 3409 aspicere
1657 3358 1765 3396 non
1793 3346 1999 3413 potuit:

434 3425 515 3478 sic
561 3435 775 3494 oportet
816 3428 948 3481 illud
987 3429 1229 3498 Apostoli
1273 3432 1482 3498 dictum
1531 3433 1850 3504 intelligere.
1907 3453 2004 3493 eos

435 3515 694 3569 nimirum
739 3519 830 3586 qui
881 3517 1047 3572 Deum
1093 3536 1203 3575 non
1253 3534 1640 3592 cognoverant,
1694 3529 2005 3597 ignominiaa

435 3609 783 3678 passionibus
809 3611 1039 3665 traditos
1060 3628 1203 3678 esse,
1223 3623 1276 3668 et
1303 3614 1613 3670 induratum
1645 3633 1672 3672 a
1697 3617 1807 3674 Deo
1834 3619 2005 3677 fuisse

434 3710 725 3771 tyranmnn
772 3701 1107 3772 Egyptium,
1166 3721 1275 3760 non
1331 3708 1462 3777 quia
1509 3709 1692 3764 divina
1747 3713 2003 3768 voluntas

434 3792 690 3847 duritiem
737 3793 788 3846 in
824 3795 1063 3848 animum
1095 3797 1214 3863 ejus
1264 3798 1564 3864 induxerit,
1604 3802 1698 3856 sed
1728 3803 1856 3872 quia
1881 3820 2002 3858 cum

438 3884 552 3950 ipse
576 3884 766 3938 vitiose
787 3887 966 3938 vivere
989 3887 1264 3950 maluerit,
1319 3904 1425 3943 non
1461 3893 1704 3961 suscepit
1734 3895 2002 3949 rationem

436 3989 542 4036 qua
588 3974 898 4028 indltt'attttlt
942 3977 994 4029 in
1034 3978 1163 4031 vitio
1201 3993 1298 4031 cor
1334 3983 1697 4048 permollitur.
1736 3983 1826 4037 Sic
1853 3986 2004 4054 virga

437 4080 655 4132 quoque
707 4064 874 4136 Moysi
926 4084 1197 4136 apparens
1247 4071 1299 4123 in
1353 4069 1619 4142 Egypto,
1675 4073 1932 4130 liebrznos
1976 4093 2005 4132 τι

438 4172 585 4205 muns
632 4157 876 4218 mundat,
912 4155 1195 4227 A'lgyptios
1241 4160 1389 4213 ranis
1429 4164 1621 4230 replet.
1660 4161 1857 4218 Verqu
1882 4183 2004 4220 cum

436 4251 596 4299 ctiam
633 4263 731 4315 pro
757 4247 1025 4318 Aigyptiis
1055 4267 1248 4307 uiatius
1273 4251 1485 4324 Moyses
1518 4257 1850 4323 extenderit,
1877 4269 2005 4315 tunc

2168 2238 2265 2302 Τίς
2297 2234 2388 2292 οὖν
2420 2238 2773 2310 παραδίδοται
2803 2237 2881 2310 τῷ
2903 2236 3064 2291 πάθει
3093 2237 3195 2306 τῆς
3219 2233 3464 2306 ἀτιμίας,
3497 2235 3692 2304 σαφῶς

2097 2326 2213 2382 ἐστι
2245 2327 2397 2402 παρὰ
2422 2330 2516 2384 τοῦ
2559 2329 2882 2383 Ἀποστόλου
2922 2329 3148 2399 μαθεῖν·
3187 2330 3215 2382 ό
3261 2329 3336 2399 μὴ
3377 2327 3691 2397 δοκιμάσας

2096 2417 2187 2470 τὸν
2211 2419 2342 2472 Θεὸν
2375 2419 2516 2489 ἔχειν
2560 2421 2617 2472 ἐν
2651 2417 2986 2486 ἐπιγνώσει,
3045 2418 3104 2472 ὃν
3133 2419 3234 2471 ούκ
3269 2417 3622 2488 ἀμυνόμενος
3661 2419 3686 2470 ὁ

2097 2509 2229 2572 Θεὸς
2257 2509 2344 2562 διὰ
2372 2511 2433 2563 τὸ
2475 2510 2549 2580 μὴ
2576 2509 2978 2578 ἐπιγνωσθῆναι
2999 2507 3130 2561 Θεὸν
3156 2503 3293 2560 εἶναι
3325 2505 3459 2574 παρ’
3489 2505 3681 2570 αὐτοῦ,

2100 2605 2429 2677 παραδίδωσι
2467 2606 2542 2676 τῷ
2571 2604 2755 2658 πάθει,
2796 2603 2956 2658 Ἀλλά
2985 2602 3048 2674 δὴ
3069 2602 3130 2654 τὸ
3163 2602 3239 2672 μὴ
3262 2600 3560 2669 ἐπιγνῶναι
3595 2605 3687 2653 τὸν

2099 2698 2250 2761 Θεὸν,
2279 2699 2448 2750 αἴτιον
2501 2695 2646 2766 αύτῷ
2689 2697 2899 2764 γίνεται
2943 2694 3036 2747 τοῦ
3082 2696 3165 2756 είς
3203 2693 3294 2746 τὸν
3336 2691 3560 2763 ἐμπαθῆ
3597 2691 3688 2745 καὶ

2098 2791 2293 2858 ἄτιμον
2324 2788 2438 2859 βίον
2463 2790 2857 2859 καταωρῆναι.
2887 2787 3098 2857 Ὥσπερ
3122 2785 3234 2856 γὰρ
3255 2785 3308 2837 εί
3330 2801 3477 2846 τινος
3508 2783 3687 2836 είπόν-

2098 2899 2205 2943 τος,
2242 2883 2324 2933 ὅτι
2354 2880 2429 2951 μὴ
2469 2881 2654 2950 ὀφθεὶς
2682 2883 2710 2934 ὁ
2733 2881 2884 2950 ἥλιος
2905 2879 2998 2932 τὸν
3023 2879 3172 2931 δεῖνα
3201 2877 3278 2946 τῷ
3314 2876 3494 2947 βόθρῳ
3533 2877 3690 2948 ἐνέρο

2105 2975 2278 3045 ριψεν,
2328 2975 2388 3026 ού
2439 2972 2596 3026 τοῦτο
2640 2971 2986 3042 λογιζόμεθα,
3030 2971 3111 3023 ὅτι
3155 2970 3292 3040 ὀργῇ
3339 2969 3625 3038 χρώμενος
3656 2969 3688 3019 ό

2107 3067 2329 3136 φωστὴρ
2356 3067 2445 3118 τὸν
2475 3064 2547 3136 μὴ
2579 3064 2910 3134 βουληθέντα
2941 3062 3078 3132 πρὸς
3099 3061 3261 3114 αὐτὸν
3296 3059 3442 3125 ἰδεῖν,
3475 3060 3572 3112 ἐπὶ
3593 3059 3688 3112 τὸν

2106 3157 2296 3229 βόθρον
2352 3156 2639 3220 ἀπώσατο,
2686 3156 2800 3209 ἀλλ’
2845 3154 3017 3217 οὕτως
3060 3153 3126 3206 ἂν
3169 3153 3230 3206 τὸ
3273 3151 3434 3223 ῥηθὲν
3466 3151 3684 3223 νοηθείη

2104 3248 2244 3300 κατά
2276 3247 2337 3300 τὸ
2360 3245 2598 3314 εὔλογον,
2629 3246 2710 3298 ὅτι
2742 3245 2802 3296 τὸ
2835 3244 2909 3314 μὴ
2960 3242 3205 3313 μετέχειν
3231 3241 3322 3293 τοῦ
3355 3240 3554 3310 φωτὸς,
3593 3243 3678 3294 σί-

2102 3359 2215 3396 τιον
2241 3342 2317 3412 τῷ
2351 3341 2425 3412 μὴ
2457 3341 2706 3409 βλέποντι
2749 3338 2848 3408 τῆς
2881 3339 2961 3400 είς
2989 3336 3079 3390 τὸν
3129 3335 3320 3407 βόθρον
3357 3335 3477 3387 ἐστὶ
3517 3351 3689 3388 κατα·

2105 3433 2380 3496 πτώσεωςο
2405 3431 2578 3494 οὕτως
2618 3431 2811 3498 εύαγές
2843 3429 2910 3482 ἂν
2952 3429 3036 3498 είη
3072 3429 3164 3480 καὶ
3191 3428 3252 3480 τὸ
3283 3426 3376 3479 τοῦ
3428 3426 3689 3478 Ἀποστό-

2104 3525 2196 3578 λου
2225 3529 2384 3588 νοεῖν,
2419 3523 2479 3576 τὸ
2507 3523 2633 3583 τοὺς
2679 3521 2753 3592 μὴ
2790 3519 3112 3587 ἐπιγνόντας
3145 3518 3236 3572 τὸν
3266 3517 3397 3571 Θεὸν
3437 3520 3550 3579 τοῖς
3589 3521 3690 3586 τῆς

2105 3618 2325 3686 ἀτιμίας
2351 3615 2647 3669 ἐκδίδοσθαι
2679 3611 2895 3677 πάθεσι,
2922 3612 3016 3664 καὶ
3048 3611 3108 3663 τὸ
3136 3609 3497 3680 ἐσκληρύνθαι
3535 3611 3690 3679 παρὰ.

2103 3709 2196 3762 τοῦ
2227 3707 2359 3761 Θεοῦ
2391 3706 2483 3759 τὸν
2528 3705 2825 3772 Αίγύπτιον
2857 3702 3144 3773 τύραννον·
3173 3702 3271 3770 ούχ
3299 3701 3374 3762 ὼς
3414 3699 3512 3768 τὴν
3541 3701 3690 3752 ἀντι-

2103 3799 2301 3851 τυπίαν
2348 3800 2405 3850 ἐν
2437 3799 2502 3867 τῇ
2537 3795 2679 3865 ψυχῇ
2715 3793 2809 3847 τοῦ
2843 3793 3040 3863 Φαραὼ
3075 3792 3174 3861 τῆς
3206 3791 3356 3846 θείας
3378 3790 3690 3861 βουλήσεως

2105 3890 2438 3960 ἐντιθείσης,
2475 3887 2588 3941 ἀλλ’
2616 3887 2690 3950 ὼς
2722 3886 2823 3956 τῆς
2863 3885 3233 3955 προαιρέσεως
3283 3883 3374 3936 διὰ
3413 3883 3514 3952 τῆς
3553 3882 3690 3952 πρὸς

2105 3986 2202 4054 τὴν
2237 3982 2429 4036 κακίαν
2469 3979 2839 4051 προσκλίσεως
2874 3979 2964 4031 τὸν
2999 3977 3412 4046 ὲκμαλάσσοντα
3461 3978 3562 4045 τὴν
3596 3977 3691 4028 ἀνι

2103 4076 2358 4128 τιτ·.›πίαν
2383 4074 2539 4142 λόγον
2573 4073 2634 4126 ού
2659 4072 2975 4141 δεχομένης.
3007 4070 3081 4122 Οὔ
3096 4088 3162 4122 τω
3189 4070 3335 4140 καὶὴ
3362 4070 3458 4139 τῆς
3485 4069 3690 4138 ἀρετῆς

2107 4165 2298 4237 ῥάϐδος
2320 4168 2376 4217 ἐν
2403 4167 2514 4226 τοῖς
2543 4162 2860 4231 Αἰγυπτίοις
2900 4164 3150 4228 φανεῖσα,
3179 4161 3269 4212 τὸν
3303 4162 3400 4229 μὲν
3438 4161 3690 4230 Ἐὅραίον

2107 4255 2344 4324 καθαρὸν
2370 4253 2469 4321 τῆς
2496 4249 2876 4321 βατραχώδους
2912 4248 3057 4317 ζωῆς
3086 4245 3478 4316 ἀπεργάζεταιο
3509 4246 3602 4298 τὸν
3634 4248 3692 4299 δὲ

433 4345 484 4388 et
516 4333 618 4404 ipsi
657 4336 724 4389 ab
771 4335 1149 4404 hujuscemodi
1185 4342 1494 4398 abominato
1526 4360 1781 4400 ranarum
1813 4351 2002 4404 morbo

2106 4346 2404 4416 Αίγύπτιον
2440 4342 2552 4413 βίον
2603 4342 2784 4412 πλήρη
2824 4340 2926 4410 τῆς
2958 4337 3210 4408 τοιαύτης
3245 4337 3482 4389 δείκνυσι
3508 4337 3686 4391 νόσου.

438 4421 760 4478 libi-rantur.
795 4421 951 4489 Quod
986 4425 1060 4480 ita
1102 4426 1216 4481 fieri
1261 4429 1505 4488 videmus
1534 4432 1587 4486 in
1619 4433 1723 4488 hac
1763 4437 2002 4493 universi

437 4514 652 4582 generis
697 4513 977 4570 hominum
1021 4533 1052 4571 a
1098 4519 1316 4575 diabolo
1357 4522 1714 4592 liberatione;
1752 4543 1877 4582 nam
1911 4530 2006 4598 qui

441 4608 622 4674 pravis
655 4608 1067 4676 cupiditatibus,
1118 4615 1277 4681 quasi
1321 4615 1471 4668 ranis
1521 4617 1817 4675 immundis
1851 4622 2005 4676 tabe-

437 4705 618 4758 scunt,
639 4699 684 4754 si
717 4701 782 4752 ad
810 4715 994 4754 verum
1020 4701 1381 4772 lcgislatorem
1401 4707 1673 4762 Christum
1697 4713 2008 4779 aspexerint

435 4797 492 4843 et
522 4806 644 4842 eum
671 4807 864 4846 manus
890 4792 943 4844 in
973 4807 1137 4847 cruce
1159 4796 1469 4852 extendisse
1495 4815 1623 4853 vere
1653 4802 2005 4868 crediderint,

439 4879 598 4934 facile
629 4896 658 4933 a
699 4882 1102 4938 cohabitatione
1135 4900 1390 4941 ranarum
1422 4889 1744 4956 liberantur,
1781 4897 2008 4950 mortifi-

436 4979 564 5027 cato
602 4973 792 5027 morbo
828 4973 1142 5042 hujusmodi
1187 4993 1250 5033 ac
1282 4980 1605 5049 putrefacto.
1639 4983 1851 5057 Quippe
1881 5004 2004 5044 cum

439 5063 703 5119 liberatus
750 5065 821 5118 ab
867 5067 951 5120 his
1007 5071 1189 5136 parvis
1234 5072 1630 5142 cupiditatibus
1684 5077 1847 5134 homo
1914 5082 2008 5145 sit,

439 5162 605 5223 atque
627 5155 727 5210 hos
748 5159 1097 5226 serpentinos
1122 5161 1291 5216 animi
1315 5174 1494 5220 motu‘s
1515 5167 1739 5222 omnino
1767 5169 2010 5239 ejecerit,

441 5250 574 5297 tunc
610 5245 958 5314 delictorum,
999 5264 1120 5320 qua:
1173 5252 1434 5321 pestifera
1485 5257 1787 5326 cupiditate
1831 5261 2011 5316 victus

442 5335 816 5403 commiserat,
851 5341 1049 5396 acerba
1076 5343 1308 5398 nimium
1344 5360 1408 5400 ac
1440 5345 1606 5402 fetida
1648 5350 1720 5403 sit
1757 5352 2014 5407 recorda-

443 5425 542 5489 tio,
597 5429 1022 5489 amaritudinem
1055 5449 1124 5490 ex
1165 5437 1372 5508 pudore
1418 5439 1686 5512 ingentem
1737 5443 2002 5512 inferens,

444 5525 505 5571 ut
528 5517 596 5575 ad
614 5535 709 5577 eos
731 5523 1025 5595 Apostolus
1059 5531 1156 5600 ait,
1181 5532 1274 5603 qui
1304 5533 1587 5606 repudiata
1616 5537 1757 5593 male
1787 5537 2002 5594 vivendi

514 5722 558 5756 ³⁵
593 5721 746 5780 Rom.
783 5744 818 5790 ι,
849 5727 911 5782 21
942 5743 1062 5800 sqq.
1570 5750 1599 5780 ι

2121 4439 2259 4492 Ἀλλ’
2287 4437 2395 4490 ἐσθ’
2417 4439 2506 4490 ὅτε
2538 4434 2631 4488 τοῦ
2658 4432 2900 4495 Μωσέως
2929 4432 3021 4485 καὶ
3052 4432 3190 4501 ὑπὲρ
3225 4429 3428 4481 τούτων
3452 4431 3553 4490 τὰς
3581 4433 3693 4498 Zei-

2113 4549 2210 4602 ρας
2239 4529 2594 4590 ὲκτείναντος,
2643 4523 2952 4593 ἀφανισμὸς
2991 4521 3101 4576 τῶν
3148 4520 3434 4593 βατράχων
3457 4521 3689 4588 γίνεται.

2119 4620 2184 4675 "O
2210 4620 2274 4689 δὴ
2318 4620 2409 4671 καὶ
2445 4617 2540 4670 νῦν
2583 4615 2699 4668 ἔστι
2739 4613 2944 4682 γνῶναι
2986 4612 3292 4682 γινόμενον.
3345 4611 3408 4662 Οἱ
3445 4609 3552 4680 γὰρ
3593 4612 3692 4681 τὴν

2114 4713 2334 4766 ἔκτασιν
2375 4710 2481 4762 τῶν
2531 4707 2727 4777 χειρῶν
2769 4704 2864 4757 τοῦ
2921 4703 3210 4773 νομοθέτου
3256 4703 3695 4771 κατανοήσαντες

2117 4805 2134 4874 (
2159 4806 2404 4873 συνήσεις
2425 4802 2483 4855 δὲ
2513 4801 2750 4862 πάντως,
2775 4800 2855 4851 ὃτι
2886 4798 2968 4850 σοὶ
2996 4797 3142 4864 λέγει
3173 4795 3232 4847 τὸ
3270 4795 3522 4864 αἴνιγμαο
3553 4795 3694 4848 ὥστε

2113 4895 2304 4965 νοῆσαι
2338 4892 2427 4945 διὰ
2473 4892 2568 4962 μὲν
2597 4889 2693 4943 τοῦ
2739 4887 3032 4959 νομοθέτου
3062 4887 3152 4938 τὸν
3181 4885 3433 4956 ἀληθινὸν
3471 4886 3698 4955 νομοθέ-

2113 5005 2231 5058 την,
2278 4985 2366 5039 διὰ
2403 4986 2460 5037 δὲ
2495 4985 2592 5054 τῆς
2627 4984 2732 5036 τῶν
2777 4981 2974 5052 χειρῶν
3019 4982 3313 5041 ἐκτάσεως,
3347 4979 3436 5030 τὸν
3475 4979 3569 5032 ἐπὶ
3603 4978 3693 5030 τοῦ

2111 5078 2346 5149 σταυροῦ
2390 5076 2492 5140 τὰς
2551 5078 2738 5146 χεῖρας
2797 5073 3186 5137 ἐκτείναντα),
3235 5072 3284 5122 οἱ
3330 5070 3509 5122 τοίνυν
3560 5071 3696 5139 πρξς

2108 5169 2286 5238 ὀλίγον
2316 5171 2428 5231 τοῖς
2474 5169 2737 5237 ῥυπαροῖς
2769 5164 2979 5227 τούτοις
3019 5165 3112 5216 καὶ
3143 5160 3512 5232 βατραχώδεσι
3550 5161 3694 5227 λογι-

2111 5265 2268 5332 σμοῖς
2312 5259 2597 5324 συζῶντες,
2628 5261 2677 5311 εἰ
2703 5256 2836 5329 πρὸς
2857 5256 2950 5310 τὸν
2995 5257 3133 5324 ὑπὲρ
3165 5254 3322 5326 ἡμῶν
3347 5253 3444 5316 τὰς
3480 5255 3690 5322 χεῖρας.

2107 5351 2422 5404 ἐκτείναντα
2448 5348 2627 5401 ίδοιεν’
2661 5346 3099 5400 ἀπαλλάσσονται
3126 5343 3221 5412 τῆς
3244 5342 3486 5412 πονηρᾶς
3513 5341 3694 5394 αὐτῶν

2112 5444 2332 5511 συνοική
2340 5439 2865 5512 σεως,νεκρωθέντος
2874 5439 2968 5491 τοῦ
2985 5438 3188 5499 πάθους
3205 5437 3296 5489 καὶ
3307 5435 3692 5499 ἁποζέσαντος.

2124 5533 2362 5606 Ἀληθῶς
2389 5533 2498 5604 γάρ
2521 5535 2635 5597 τοῖς
2652 5529 3095 5604 ἀπηλλαγμένοις
3122 5527 3221 5600 τῆς
3243 5524 3499 5597 τοιαύτης
3514 5529 3694 5592 νάσου,
