3876 6218
212 281 310 338 349
1519 288 1521 290 ’
1546 295 1634 352 DE
1673 294 1779 351 ΠΤ

1884 299 2144 358 HOYSIS.
3368 316 3476 382 350

209 405 348 476 μετά
368 405 472 476 τὴν
497 403 765 476 νέκρωσιν
791 405 901 461 τῶν
929 407 1274 479 ἑρπυστικῶν
1302 410 1646 483 κινημάτων,
1671 411 1779 466 6.10-

1909 417 2309 473 consuetudine
2337 419 2594 476 virtutem
2627 425 2895 494 complexi
2924 433 3052 481 sunt
3075 441 3089 478 :
3110 425 3282 494 Quem
3311 426 3480 498 igitur

208 499 307 561 πός
334 513 426 560 τις
462 499 556 553 καὶ
595 497 841 568 δυσώδης
871 500 905 571 ὴ
939 499 1050 555 τῶν
1083 501 1546 575 προϐεϐιωμένων
1574 504 1779 573 γίνεται

1896 504 2139 562 fructum
2173 509 2230 563 in
2261 510 2351 565 his
2377 511 2682 579 habebatis,
2712 531 2945 585 quorum
2978 534 3126 574 nunc
3152 534 3251 574 vos
3279 497 3480 590 pudet?

205 591 422 661 μνήμη,
465 589 533 643 δι’
575 590 840 661 αἰσχύνης
879 592 980 664 τὴν
1017 592 1199 664 ψυχὴν
1228 595 1560 666 ἀηδίςουσα,
1606 595 1779 659 καθώς

1894 596 2011 653 Hoc
2037 609 2197 670 pacto
2228 603 2395 657 etiam
2435 603 2678 676 intelligo
2710 623 2806 677 per
2848 609 3058 680 virgam
3105 610 3278 682 Moysi
3310 611 3452 684 [Egy

204 698 370 752 φησιν
424 684 455 736 ό
514 683 838 748 ’Δπόστολος
880 684 1019 755 πρὸς
1054 687 1183 750 τοὺς
1219 687 1284 741 ἐκ
1331 687 1432 757 τῆς
1475 687 1570 742 τοῦ
1615 686 1779 741 κακοῦ

1894 689 2024 759 ptiis
2070 691 2290 761 quidem
2341 703 2523 748 atrum
2549 706 2604 751 et
2628 699 2988 754 tenebrosum
3037 715 3164 755 aera
3195 717 3319 757 esse
3351 683 3479 756 con-

203 775 513 846 μεταϐολῆς
538 777 639 848 τὴν
667 776 867 846 ἀρετὴν
907 778 1209 848 μετιόνταςο
1242 778 1323 830 ὅτι
1365 779 1499 832 Τίνα
1527 773 1619 832 οὖν
1647 795 1779 848 καρ-

1892 778 2092 836 fectum
2126 801 2140 838 :
2169 782 2412 842 Hebraeis
2448 803 2577 844 vero
2607 791 2860 847 eumdem
2916 795 3108 850 eodem
3141 797 3476 868 in’tempore

203 868 308 919 «bv
332 867 508 937 εἴχετε
534 867 680 931 τότε,
710 869 794 938 ἐφ’
820 862 903 931 οἷς
925 867 1021 922 νῦν
1049 868 1445 939 ἐπαισχύνεσθε
1466 886 1481 935 ;
1506 869 1662 923 Κατά
1683 869 1779 938 τὴν

1893 880 2056 942 atque
2100 875 2223 932 loco
2257 879 2426 936 radiis
2463 882 2762 940 refulsisse.

203 959 442 1013 διάνοιαν
477 961 677 1032 ταύτην
717 962 828 1014 νόει
863 978 952 1032 μοι
983 961 1192 1015 καὶτὸν
1220 962 1358 1034 ἀέρα
1391 962 1479 1016 διὰ
1506 963 1606 1032 τῆς
1661 959 1880 1033 ῥάϐδου,
1930 969 2044 1032 τοῖς
2109 969 2209 1040 μὲν
2263 973 2374 1028 τῶν
2435 976 2746 1046 Αἰγυπτίων
2809 982 3102 1056 ὀφθαλμοῖς
3157 985 3476 1058 μελαινόμε-

203 1069 312 1114 νον,
354 1055 449 1105 ἐπὶ
475 1052 532 1105 δὲ
559 1052 668 1106 τῶν
708 1051 976 1124 Ἐΰραίων
999 1051 1077 1121 τῷ
1107 1052 1242 1123 ἡλίῳ
1271 1052 1788 1124 καταλαμπόμενον.

288 1146 368 1199 Δι’
391 1139 452 1198 οὗ
483 1145 718 1216 μάλιστα
747 1145 1792 1217 βεϐαιοῦταιτῆςὰποδοθείσηςδιανοίας

200 1239 230 1290 δ
274 1237 456 1304 λόγος’
496 1238 576 1290 ὅτι
609 1238 711 1290 οὐκ
761 1237 968 1291 ἄνωθέν
1009 1254 1093 1300 τις
1141 1238 1520 1310 ἁναγκαστικὴ
1561 1238 1790 1310 δύναμις

201 1327 292 1380 τὸν
329 1328 428 1397 μὲν
457 1328 516 1379 ἐν
547 1325 716 1397 ζόφῳ,
742 1327 834 1380 τὸν
862 1326 918 1380 δὲ
943 1328 1001 1381 ἐν
1031 1329 1168 1397 φωτὶ
1189 1328 1444 1396 γενέσθαι
1469 1345 1790 1399 παρασκευ-

199 1418 319 1482 άζει
344 1459 359 1481 ,
391 1418 508 1471 ἀλλ’
543 1418 755 1471 οἴκοθεν
784 1417 980 1489 ἔχομεν
1007 1420 1066 1472 ἐν
1095 1421 1159 1489 τῇ
1187 1420 1398 1472 ἑαυτῶν
1423 1421 1582 1488 φύσει
1605 1437 1662 1472 τε
1695 1422 1790 1474 καὶ

199 1511 522 1582 προαιρέσει
554 1510 653 1574 τὰς
685 1509 779 1563 τοῦ
805 1511 982 1578 φωτός
1012 1527 1069 1563 τε
1113 1511 1204 1563 καὶ
1255 1511 1480 1574 σκότους
1523 1511 1704 1575 αἰτίας
1737 1513 1786 1565 οἰ

198 1601 504 1673 ἄνθρωποι,
536 1602 674 1673 πρὸς
705 1602 840 1672 ὅπερ
874 1601 940 1655 ἂν
978 1601 1252 1672 ἐθέλωμεν
1296 1601 1520 1667 τούτων,
1570 1603 1788 1674 γινόμε-

1967 1142 2150 1210 Quare
2200 1151 2476 1206 sententia
2519 1162 2710 1210 nostra
2768 1159 3006 1214 maxime
3059 1167 3470 1234 comprobatur,

1897 1237 2044 1305 quod
2067 1239 2279 1294 scilicet
2302 1257 2410 1297 non
2440 1260 2642 1315 cogens
2667 1248 2915 1317 quaedam
2939 1251 3202 1310 divinitus
3228 1257 3310 1312 vis
3335 1260 3472 1315 alios

1893 1328 2175 1385 hominum
2207 1333 2262 1388 in
2297 1336 2537 1391 tenebris
2571 1339 2844 1408 cespitare
2880 1340 3031 1407 facit,
3072 1345 3211 1401 alios
3242 1347 3294 1401 in
3324 1350 3473 1404 clara

1891 1421 2016 1477 luce
2060 1425 2290 1490 versari,
2334 1427 2430 1482 sed
2463 1428 2516 1482 in
2549 1429 2710 1486 nobis
2753 1432 2889 1502 ipsis
2921 1443 3084 1504 atque
3113 1438 3471 1510 intrinsecus,

1892 1511 1950 1566 in
1986 1523 2174 1570 nostra
2213 1525 2506 1586 potestate,
2550 1521 2852 1586 voluntate,
2882 1524 3167 1590 electione,
3205 1532 3462 1585 tenebra-

1892 1619 2014 1658 rum
2050 1621 2115 1660 ac
2153 1607 2293 1664 lucis
2328 1623 2526 1666 causas
2552 1611 2800 1670 homines
2832 1616 3199 1686 possidemus,
3234 1630 3292 1675 ut
3323 1639 3471 1678 nunc

196 1712 298 1748 νοι.
332 1696 443 1748 Καὶ
471 1695 602 1766 γάρ,
630 1695 768 1746 κατὰ
791 1695 890 1765 τὴν
919 1694 1179 1764 ἱστορίαν,
1207 1694 1268 1746 οὐ
1297 1694 1386 1748 διά
1409 1712 1555 1756 τινος
1580 1696 1779 1766 τείχους

1894 1695 2163 1766 videntes,
2197 1715 2344 1755 nunc
2378 1702 2532 1765 caeci,
2563 1712 2724 1772 prout
2761 1709 3035 1770 volumus,
3069 1721 3216 1766 certe
3254 1713 3467 1769 fiamus.

198 1788 232 1858 ἢ
266 1787 428 1858 ὅρους
462 1786 923 1857 ἐπιπροσθοῦντος
952 1785 1051 1849 τὰς
1079 1785 1266 1855 ὄψεις,
1303 1787 1398 1840 καὶ
1433 1787 1531 1852 τὰς
1564 1789 1790 1852 ἀκτῖνας

197 1876 690 1941 ἀποσκευάζοντος,
717 1877 766 1930 οἱ
797 1876 898 1947 μὲν
931 1875 1173 1948 Ἑϐραῖοι
1201 1877 1295 1930 τοῦ
1323 1877 1500 1947 φωτὸς
1525 1879 1788 1951 κατετρύ-

199 1989 336 2041 φων-
369 1973 420 2024 οἰ
441 1969 501 2023 δέ
527 1970 869 2042 ἀναισθήτως
895 1965 1041 2041 εἶχον
1067 1969 1168 2040 τῆς
1194 1969 1420 2041 χάριτος
1443 1987 1456 2001 ο
1484 1970 1628 2025 οὕτω
1652 1973 1785 2026 πᾶσι

199 2062 344 2117 κατά
371 2061 431 2115 τὸ
457 2059 574 2116 ἴσον
604 2061 699 2114 τοῦ
741 2062 1006 2130 φωτεινοῦ
1049 2061 1166 2132 βίου
1203 2062 1321 2115 κατ’
1365 2062 1618 2127 ἐξουσίαν
1651 2081 1787 2134 προ-

199 2154 477 2225 κειμένου·
515 2156 565 2206 οί
614 2153 713 2224 μὲν
746 2155 804 2206 ἐν
842 2155 1021 2208 σκότει
1063 2154 1513 2225 διαπορεύονται,
1561 2154 1652 2208 διὰ
1679 2156 1788 2211 τῶν

197 2245 454 2316 πονηρῶν
485 2245 934 2315 ἐπιτηδευμάτων
964 2244 1102 2317 πρὸς
1144 2245 1236 2298 τὸν
1267 2244 1367 2315 τῆς
1400 2247 1597 2310 κακίας
1627 2247 1787 2316 ζόφον

194 2339 672 2409 συνελαυνόμενοι·
724 2339 774 2391 οἰ
808 2337 865 2391 δέ
913 2336 994 2408 τῷ
1032 2337 1173 2406 φωτὶ
1204 2339 1304 2408 τῆς
1334 2340 1539 2410 ἀρετῆς
1587 2339 1788 2410 ἐλλαμ-

191 2429 517 2503 πρύνονται.
549 2431 614 2483 Εἰ
634 2429 692 2483 δέ
727 2429 868 2500 μετὰ
909 2429 1009 2500 τὴν
1049 2430 1346 2501 τριήμερον
1373 2432 1430 2483 ἐν
1477 2433 1653 2503 σκότῳ
1685 2451 1785 2486 κα-

191 2523 498 2577 κοπάθειαν
528 2523 737 2591 γίνεται
771 2521 862 2575 καὶ
895 2525 1011 2585 τοῖς
1042 2522 1364 2590 Αἰγυπτίοις
1394 2525 1427 2594 ἠ
1472 2523 1568 2577 τοῦ
1607 2525 1786 2594 φωτὸς

197 2616 470 2686 μετουσία
494 2632 508 2644 ο
545 2614 688 2684 τάχα
736 2631 821 2678 τις
852 2614 960 2667 ἀπὸ
1005 2614 1211 2667 τούτων
1243 2613 1564 2686 ὁρμώμενος
1585 2656 1600 2681 ,
1647 2617 1785 2688 πρὸς

189 2708 294 2778 τὴν
349 2706 461 2760 ἀπὺ
504 2706 706 2769 κακίας
757 2705 892 2777 πρὸς
947 2704 1147 2777 ἀρετὴν
1191 2705 1258 2758 δι’
1296 2706 1643 2774 ἐπιγνώσεως
1688 2707 1783 2760 τοῦ

192 2797 607 2868 σταυρωθέντος
651 2796 746 2850 καὶ
792 2797 1079 2868 μετανοίας
1127 2798 1460 2867 μετάστασιν
1505 2798 1614 2850 τῶν
1654 2800 1783 2870 πρὶν

191 2891 342 2946 κατά
369 2890 460 2944 τὸν
505 2889 617 2962 βίον
651 2888 1126 2957 Αίγυπτιαζόντων
1155 2890 1353 2958 ἀγάγοι
1385 2889 1448 2942 τὺ
1475 2889 1673 2961 νόημα.
1710 2891 1783 2943 Τὸ

188 2983 305 3054 γὰρ
331 2981 654 3053 ψηλαφητδν
683 2981 858 3034 ἐκεῖνο
889 2979 1101 3044 σκότος,
1132 2978 1315 3042 καθώς
1350 2996 1514 3049 φησιν
1556 2982 1589 3050 ή
1643 2979 1783 3032 ἱστο-

189 3038 310 3145 ῥισὶ,
597 3071 698 3142 τῆς
733 3068 955 3139 ἀγνοίας
987 3038 1099 3123 καί.⁷
1119 3038 1622 3140 ἁμαρτίας-σκότος
1654 3069 1784 3120 πολ·
1812 3038 1855 3094 C

185 3165 292 3238 λὴν
315 3164 374 3217 έν
396 3181 456 3217 τε
492 3161 571 3233 τῷ
605 3163 807 3234 ῥήματι
840 3161 934 3216 καὶ
964 3160 1043 3232 τῷ
1070 3161 1301 3231 νοήματι
1327 3159 1425 3231 τὴν
1461 3159 1783 3228 συγγένειαν

184 3256 327 3326 ἔχει.
374 3254 576 3307 Λύεται
608 3251 664 3305 δὲ
694 3251 899 3305 τούτων
931 3251 1215 3321 ἑκάτερον,
1253 3249 1348 3303 τοῦ
1389 3250 1633 3312 Μωσέως
1658 3250 1781 3320 (κα-

182 3348 302 3412 θὼς
339 3347 401 3399 ἐν
428 3345 504 3416 τῷ
538 3345 646 3414 πρὸ
666 3343 858 3398 τούτου
888 3344 1178 3414 νενόηται)
1210 3342 1352 3413 ὑπὲρ
1377 3341 1484 3394 τῶν
1508 3342 1567 3394 ἐν
1600 3341 1779 3394 σκότει

179 3439 291 3501 τὰς
340 3439 531 3508 χεῖρας
571 3435 924 3497 ἐκτείναντος,
989 3432 1261 3494 Ὡσαύτως
1298 3433 1392 3486 καὶ
1442 3433 1475 3500 ὴ
1517 3432 1780 3502 καμιναία

182 3530 341 3594 κόνις
375 3529 582 3598 ἐκείνη,
628 3529 662 3598 ἡ
700 3527 798 3590 τὰς
827 3525 1091 3597 ὀδυνηρὰς
1118 3525 1451 3594 φλυκταίνας
1472 3528 1586 3586 τοῖς
1611 3527 1781 3593 Αἰγυ-

183 3624 369 3686 πτίοις
388 3621 692 3684 ἐπάγουσα,
719 3620 860 3674 κατὰ
882 3618 1040 3687 λόγον
1063 3617 1128 3671 ἂν
1152 3617 1390 3687 νοηθείη,
1413 3616 1501 3670 διά
1521 3616 1613 3670 τοῦ
1639 3615 1779 3670 κατὰ

182 3717 250 3770 τὸ
277 3717 453 3786 δνομα
485 3715 585 3785 τῆς
617 3712 854 3783 καμίνου
889 3711 1244 3780 αἰνίγματος,
1276 3711 1308 3780 ἠ
1355 3709 1446 3762 διὰ
1482 3707 1578 3761 τοῦ
1608 3710 1780 3780 πυρὸς

186 3808 335 3863 κατά
354 3807 454 3878 τὴν
482 3807 705 3874 γέενναν
724 3803 1080 3873 ἀπειληθεῖσα
1102 3803 1342 3864 κόλασις,
1368 3803 1402 3872 ἢ
1434 3801 1591 3870 μόνον
1618 3801 1780 3854 ἀπτε-

181 3920 279 3957 ται
309 3900 422 3955 τῶν
465 3896 946 3966 Αἰγυπτιαζόντων
973 3893 1117 3948 κατὰ
1139 3894 1232 3946 τὸν
1266 3893 1400 3963 βίον,
1442 3891 1588 3945 τοῦτ’
1628 3891 1776 3945 ἐστιν

183 3991 376 4056 καθὼς
409 3991 668 4055 πολλάκις
697 3991 950 4060 εἴπαμεν,
974 3987 1082 4040 τῶν
1112 3985 1296 4049 κακῶς
1318 3984 1534 4048 ζώντων
1562 3985 1654 4038 καί
1679 3985 1776 4054 τὴν

181 4086 411 4139 ἔκτασιν
438 4084 548 4138 τῶν
570 4083 769 4154 χειρῶν
796 4082 891 4135 τοῦ
919 4078 1157 4152 Χριστοῦ
1198 4079 1272 4150 μὴ
1303 4077 1772 4149 προσκυνούντων.

182 4179 253 4232 Εἰ
279 4179 338 4232 δέ
369 4196 455 4240 τις
483 4177 698 4248 άληθῶς
734 4174 1072 4248 Ἰσραηλίτης
1095 4173 1233 4235 ἐστὶ,
1263 4173 1358 4225 καὶ
1384 4170 1478 4223 τοῦ
1525 4169 1776 4241 Ἀϐραὰμ

182 4271 322 4335 υἱὸς,
358 4272 453 4324 καὶ
485 4269 620 4342 πρὸς
661 4270 868 4322 ἐκεῖνον
905 4265 982 4336 τῷ
1015 4265 1114 4335 βίῳ
1142 4263 1353 4334 βλέπει,
1398 4262 1474 4326 ὡς
1501 4261 1672 4326 δεῖξαι
1702 4263 1769 4331 τῇ

1889 1786 2027 1842 Nam
2077 1791 2241 1844 etiam
2292 1794 2591 1848 secundum
2651 1795 2934 1852 historiam
2981 1816 3088 1855 non
3139 1804 3302 1867 muri,
3360 1822 3469 1860 non

1889 1890 2123 1947 montes,
2167 1899 2276 1939 non
2315 1884 2423 1940 alia
2461 1887 2774 1956 hujusmodi
2807 1889 3082 1963 {Egyptiis
3125 1895 3310 1951 radios
3336 1899 3470 1954 solis

1889 1970 2230 2037 auferebant,
2273 1972 2371 2028 sed
2413 1977 2702 2045 aequaliter
2729 1979 2950 2048 quidem
2987 1983 3102 2036 sole
3131 1987 3312 2038 omnia
3349 2003 3472 2056 per-

1888 2061 2184 2132 lustrante,
2213 2062 2388 2121 Judaei
2429 2068 2551 2124 luce
2578 2070 2686 2124 diei
2721 2070 3065 2141 fruebantur,
3102 2075 3341 2148 [Egyptii
3368 2095 3470 2133 au-

1887 2161 1998 2209 tem
2021 2155 2208 2212 videre
2228 2173 2337 2213 non
2358 2167 2630 2228 poterant.
2651 2160 2742 2217 Sic
2771 2164 3048 2220 luculenta
3077 2170 3471 2242 splendidaque

1886 2246 1975 2300 via
2014 2247 2234 2304 virtutis
2264 2251 2547 2320 aequaliter
2582 2254 2838 2310 omnibus
2874 2262 3173 2326 proposita,
3203 2261 3294 2314 alii
3331 2264 3471 2318 male

1887 2336 2098 2408 agendo
2141 2339 2397 2395 vitiorum
2441 2343 2683 2399 tenebris
2715 2345 3086 2412 obcaecantur,
3123 2351 3214 2404 alii
3248 2353 3467 2410 virtutis
3552 2347 3556 2353 ’

1887 2429 2091 2486 lumine
2117 2432 2487 2501 resplendent.
2512 2433 2668 2500 Quod
2700 2437 2746 2492 si
2771 2447 3060 2509 postquam
3088 2441 3271 2498 triduo
3306 2444 3470 2517 JEgy-

1885 2521 1984 2590 ptii
2015 2524 2256 2580 tenebris
2302 2525 2658 2590 laborarunt,
2692 2529 2916 2586 luminis
2956 2532 3093 2588 fiunt
3136 2537 3466 2608 participes,

1884 2615 2081 2685 poterit
2109 2618 2269 2672 etiam
2315 2619 2565 2675 fortasse
2608 2621 2853 2677 historia:
2908 2640 3106 2682 sensus
3163 2629 3228 2682 ad
3275 2645 3466 2685 eorum

1885 2707 2178 2762 transitum
2205 2708 2423 2775 referri,
2446 2713 2540 2781 qui
2571 2728 2693 2767 cum
2723 2722 2884 2770 antea
2912 2715 3292 2787 Egyptiorum
3315 2737 3468 2777 more

1885 2801 2154 2864 viverent,
2193 2803 2260 2856 ad
2307 2803 2562 2859 virtutem
2600 2820 2629 2859 a
2672 2807 2802 2861 vitio
2833 2823 2930 2878 per
2973 2812 3306 2880 agnitionem
3339 2829 3468 2866 cru.

1887 2893 2056 2957 cifixi,
2095 2903 2261 2966 atque
2307 2896 2376 2952 ad
2421 2899 2799 2967 paenitentiam
2853 2909 2982 2957 sunt
3024 2904 3279 2967 traducti,
3325 2921 3466 2975 prie-

1887 2987 2078 3042 sertim
2147 3004 2271 3042 cum
2312 2990 2612 3062 palpabiles
2653 2993 2757 3047 illa?
2813 2994 3050 3048 tenebrze
3097 3003 3206 3050 tam
3263 2998 3464 3064 verbo,

1887 3092 2051 3148 quam
2089 3093 2254 3133 sensu
2291 3083 2500 3149 peccati
2525 3090 2688 3152 atque
2710 3083 3032 3154 ignorantiae
3059 3087 3301 3142 tenebris
3331 3104 3465 3143 con-

1882 3165 2124 3219 veniant.
2168 3165 2412 3222 Solvitur
2455 3179 2640 3225 antem
2688 3181 2990 3243 utrumque
3036 3176 3284 3241 istorum,
3339 3194 3463 3230 cum

1881 3253 2114 3326 Moyses,
2173 3265 2233 3310 ut
2283 3257 2339 3311 in
2394 3259 2722 3328 praecedenti
2758 3262 2878 3316 loco
2929 3262 3317 3325 intelleximus.
3364 3279 3463 3334 pro

1880 3347 1948 3403 iis
1981 3351 2072 3417 qui
2106 3350 2158 3402 in
2191 3351 2432 3405 tenebris
2463 3353 2840 3418 versabantur,
2883 3371 3078 3410 manus
3117 3356 3447 3414 extenderit.

1880 3437 2165 3493 Pulverem
2195 3450 2373 3494 autem
2397 3441 2464 3495 de
2490 3443 2708 3496 camino
2743 3454 3042 3514 sumptum,
3069 3446 3162 3514 qui
3191 3447 3460 3516 turgentia

1883 3532 2068 3586 ulcera
2094 3532 2420 3602 doloresque
2451 3533 2826 3588 intolerabiles
2853 3533 3132 3606 )Egyptiis
3165 3537 3458 3601 inferebat,

1881 3623 2000 3692 ipso
2044 3624 2264 3677 nomine
2309 3624 2509 3678 camini
2559 3624 2847 3689 admoniti,
2897 3628 3158 3696 gehennae
3206 3642 3269 3681 ac
3312 3627 3454 3696 ignis

1878 3716 2027 3772 illius
2058 3717 2362 3770 cruciatum
2407 3717 2749 3786 signilicassc
2779 3720 3076 3782 credimus,
3109 3721 3198 3789 qui
3237 3721 3456 3788 quidem

1879 3808 2020 3878 ignis
2055 3809 2201 3863 solos
2227 3816 2387 3863 vexat
2418 3809 2724 3880 Egyptios,
2762 3811 2814 3864 id
2841 3820 2945 3877 est,
2988 3821 3046 3865 ut
3079 3813 3278 3880 smpius
3317 3812 3461 3865 dixi-

1879 3914 2023 3960 mus,
2049 3900 2190 3954 male
2215 3900 2479 3965 viventes,
2504 3909 2557 3954 et
2589 3903 2964 3957 extensionem
3002 3920 3263 3957 manuum
3291 3905 3454 3958 Chri-

1877 3992 1947 4046 sti
1984 4007 2092 4045 non
2121 3991 2433 4046 adorantes.
2475 3990 2531 4045 Si
2579 3995 2703 4062 quis
2744 4009 2874 4048 vero
2911 4011 3038 4050 vere
3073 3994 3318 4050 lsraelita
3349 4007 3454 4059 est,

1876 4099 2048 4153 nepos
2082 4085 2336 4147 Abrahre,
2379 4085 2472 4154 qui
2517 4085 2668 4141 illius
2696 4086 2863 4139 vitam
2901 4086 3006 4141 fide
3043 4103 3107 4141 ac
3140 4103 3305 4158 opere
3340 4089 3459 4142 imi-

1876 4183 2047 4238 tetur,
2093 4175 2141 4230 is
2181 4175 2358 4244 ignem
2389 4174 2542 4227 illum
2579 4190 2690 4230 non
2742 4176 2961 4240 sentiet,
2993 4179 3312 4233 extensione
3340 4194 3458 4232 mae

1877 4282 2045 4321 nuum
2102 4265 2325 4335 Moysis,
2358 4265 2412 4319 id
2445 4273 2551 4328 est,
2588 4265 2791 4322 Christi
2841 4268 3124 4324 liberatus.
3169 4269 3457 4340 Sciuiplies

181 4363 511 4434 προαιρέσει
543 4362 642 4432 τὴν
673 4360 808 4431 πρὸς
849 4360 977 4422 τοὺς
1017 4357 1302 4419 ἐκλεκτοὺς
1330 4353 1644 4424 ἀγχιστείαν
1678 4352 1772 4406 τοῦ

1884 4374 2006 4413 vero
2047 4358 2192 4421 illos,
2234 4359 2327 4426 qui
2361 4359 2595 4413 occultis
2629 4359 2908 4414 morsibus
2943 4359 3232 4432 Egyptios
3271 4364 3458 4433 exagi-

179 4456 400 4522 γένους·
427 4446 581 4515 οὗτος
613 4450 943 4520 φυλάσσεται
965 4448 1073 4500 ἀπὸ
1105 4447 1202 4517 τῆς
1234 4444 1530 4516 καμιναίας
1551 4443 1769 4514 ἐκείνης

180 4546 403 4615 ὀδύνης.
441 4543 654 4597 Γένοιτο
691 4542 734 4595 δ’
777 4542 843 4595 ἂν
881 4539 1154 4602 κάκείνοις
1199 4538 1330 4590 ποτέ
1365 4538 1398 4606 ἡ
1446 4536 1769 4589 ἀποδοθεῖσα

177 4639 285 4708 τῆς
343 4635 619 4697 ἐκτάσεως
661 4632 770 4686 τῶν
809 4630 1010 4703 χειρῶν
1039 4629 1134 4682 τοῦ
1178 4628 1420 4690 Μωσέως
1470 4627 1768 4698 ἑρμηνεία,

180 4728 458 4799 θεραπεία
495 4727 593 4797 τῆς
623 4725 834 4795 ὀδύνης,
871 4724 963 4776 καὶ
1003 4720 1295 4790 ἀπαλλαγὴ
1331 4717 1440 4770 τῶν
1467 4718 1766 4772 κολάσεων.

177 4819 326 4881 Τοὺς
356 4817 414 4870 δέ
457 4817 690 4878 λεπτοὺς
734 4813 965 4876 σκνίπας
1007 4810 1264 4873 ἐκείνους,
1301 4810 1349 4862 οἳ
1390 4811 1502 4871 τοῖς
1541 4808 1770 4877 ἀφανέσι

174 4910 426 4979 δήγμασι
476 4909 600 4971 τοὺς
637 4907 963 4974 Αἰγυπτίους
1009 4902 1321 4971 ἀλγύνουσι·
1373 4902 1474 4970 τήν
1511 4919 1571 4953 τε
1614 4901 1772 4955 κυνό-

181 5017 359 5071 μυιαν
399 4998 673 5070 ὀδυνηρῶς
706 4996 795 5050 διά
829 4994 924 5048 τοῦ
961 4996 1237 5066 δήγματος
1281 4993 1630 5064 ἐμφυομένην
1659 4995 1772 5058 τοῖς

179 5088 427 5160 σώμασυ
459 5090 557 5160 τήν
594 5105 656 5141 τε
690 5087 796 5140 ὑπὸ
835 5087 943 5139 τῶν
987 5084 1225 5156 ἀκρίδων
1262 5084 1771 5157 καταφθειρομένην

173 5183 508 5251 γεωπονίαψ
538 5183 632 5234 καὶ
660 5183 785 5244 τοὺς
815 5179 1022 5233 ἀνωθεν
1050 5177 1377 5248 πρηστῆρας
1404 5180 1518 5240 τοῖς
1542 5178 1642 5248 τῆς
1670 5191 1771 5248 χα-

1871 4456 2096 4511 tarunt,
2149 4449 2485 4518 caninasque
2545 4464 2782 4513 muscas,
2831 4453 3287 4521 quaecorporibus
3339 4469 3457 4507 mo—

1871 4541 2066 4597 riendo
2108 4539 2438 4611 figebantur,
2488 4540 2842 4610 locustasque
2890 4559 3145 4611 agrorum
3203 4545 3446 4597 omnium

1871 4633 2178 4687 vastitatem
2196 4630 2512 4693 inferentes,
2529 4639 2582 4684 et
2601 4630 2828 4684 fulmina
2848 4632 3010 4687 simul
3029 4649 3152 4686 cum
3168 4633 3447 4700 grandinis

1873 4724 2148 4794 lapidibus
2191 4721 2524 4783 decidentia,
2579 4738 2688 4775 non
2719 4721 2822 4776 erit
2852 4722 3097 4792 profecto
3129 4723 3366 4788 difticile,
3402 4726 3446 4779 si

1875 4815 1997 4884 quis
2048 4814 2317 4868 dictorum
2373 4813 2569 4867 seriem
2620 4814 2888 4882 sequitur,
2946 4815 3336 4868 convenienter
3382 4816 3446 4868 ad

1873 4915 2118 4960 nostrum
2157 4903 2493 4974 propositum
2545 4912 2604 4957 ut
2650 4906 2807 4959 decet
2847 4907 3287 4971 accommodare,
3332 4924 3451 4977 qua:

1871 4997 2091 5067 quidem
2118 4995 2299 5049 omnia
2317 4994 2637 5064 Egyptiaca
2669 4996 2778 5049 vita
2811 4999 3007 5065 quaerit
3037 5005 3091 5051 et
3129 4999 3312 5067 eligit,
3359 4999 3451 5054 Dei

1875 5097 2056 5143 autem
2080 5085 2292 5141 infinita
2316 5086 2534 5154 justitia
2559 5085 2862 5142 secundum
2892 5087 3234 5158 singulorum
3265 5092 3452 5145 merita

1874 5179 2042 5234 infert
2079 5175 2458 5248 peccantibus.

171 5273 358 5347 λάζης
394 5274 558 5337 λίθοις
595 5272 1162 5341 συγκαταπίπτοντας·
1197 5272 1299 5324 οὐκ
1327 5271 1393 5326 ἀν
1424 5289 1509 5334 τις
1535 5273 1614 5343 τῷ
1645 5277 1824 5348 εἱρμῷ
1867 5276 1974 5331 τῶν
2005 5269 2498 5345 προεξητασμένων
2523 5271 2788 5341 ἑπόμενος
2821 5272 3042 5342 κάμνοι,
3082 5277 3154 5327 τὰ
3185 5274 3306 5328 καθ’
3330 5277 3456 5330 ἕκα-

174 5382 310 5420 στον
357 5365 751 5438 προσαρμόζων
798 5367 912 5428 τοῖς
969 5363 1322 5432 καταλλήλοις
1366 5365 1601 5434 νοήμασι
1626 5381 1639 5396 ·
1707 5368 1851 5440 ἅπερ
1917 5366 2095 5421 πάντα
2159 5366 2304 5418 ποιεῖ
2361 5363 2460 5434 μὲν
2507 5361 2649 5416 κατά
2701 5361 2763 5414 τὸ
2817 5362 3228 5434 προηγούμενον
3271 5366 3303 5434 ἡ
3359 5366 3457 5417 Αί-

169 5460 391 5530 τυπτία
418 5463 756 5533 προαίρεσις,
790 5460 984 5527 ἐπάγει
1015 5459 1072 5512 δὲ
1105 5460 1140 5530 ὴ
1180 5457 1473 5522 ἀδέκαστος
1510 5459 1604 5512 τοῦ
1627 5459 1764 5516 Θεοῦ
1790 5464 1933 5534 δίκη.

263 5553 756 5615 Ἐπακολουθέντες
785 5553 1067 5622 νοήσωμεν
1097 5551 1181 5603 ὅτι
1212 5550 1363 5622 παρά
1387 5552 1522 5605 Θεοῦ
1551 5553 1762 5621 γίνεται

168 5651 248 5706 τὰ
269 5647 498 5720 λυπηρά
519 5648 630 5711 τοῖς
650 5645 759 5698 τῶν
785 5643 1040 5698 τοιούτων
1060 5642 1232 5708 ἀξίοις
1251 5659 1265 5672 ·
1290 5643 1406 5697 ἀλλ’
1425 5646 1508 5698 ὅτι
1535 5645 1764 5709 ἕκαστος

173 5737 368 5810 εαυτῷ
395 5737 505 5792 τῶν
544 5734 767 5808 πληγῶν
797 5733 1005 5805 γίνεται
1031 5733 1389 5807 δημιουργὸς,
1433 5735 1523 5791 διὰ
1555 5735 1651 5807 τῆς
1681 5740 1760 5791 οἰ-

1939 5551 2060 5608 Non
2101 5551 2260 5607 decet
2292 5549 2536 5604 historiae
2572 5549 2810 5603 litteram
2857 5550 2933 5605 ita
2979 5549 3250 5621 sequi,‘ut
3283 5549 3452 5604 Deum

1869 5652 2122 5717 putemus
2152 5642 2432 5699 cruciatus
2464 5657 2712 5709 causam,
2743 5642 2839 5697 sed
2870 5658 3315 5714 unumquemque
3355 5659 3454 5697 sua

1866 5737 2134 5794 electione
2177 5735 2280 5792 sibi
2325 5732 2544 5790 dolores
2586 5749 2928 5804 praeparasse
2965 5749 3030 5792 ac
3080 5735 3296 5804 fecisse,
3333 5749 3451 5791 cre-
