3876 6218
418 289 519 345 5M

1617 293 1676 348 S.
1719 292 2047 349 GREGORII
2087 293 2378 350 NYSSENI

3569 283 3681 338 531

418 410 549 465 dere
582 407 863 474 debemus,
913 417 973 465 ut
1011 412 1174 466 etiam
1218 413 1515 484 Apostolus
1561 416 1626 471 ad
1688 417 2002 488 hujusmodi

2122 419 2258 482 ιείας
2312 420 2682 491 προαιρέσεως
2728 419 2828 490 τὴν
2859 416 2968 472 τῶν
3008 413 3275 482 ἀλγεινῶν
3325 406 3681 480 παρασκευὴν

419 499 693 554 hominem
739 501 892 567 dicit,
941 503 1088 572 quod
1137 522 1156 554 ‹
1190 501 1500 563 Secundum
1535 507 1790 563 duritiem
1829 516 1999 572 tuam.

419 586 549 656 quia
576 602 671 641 cor
696 595 849 642 tuum
876 604 982 642 non
1016 591 1262 660 paenitet,
1292 595 1426 645 iram
1459 594 1555 649 tibi
1587 597 1640 650 in
1675 596 1763 652 die
1793 597 1889 651 ira;
1937 613 2001 650 ac

420 676 767 733 revelationis
795 684 848 733 et
873 678 1008 748 justi
1031 679 1226 749 judicii
1271 678 1368 735 Dei
1394 694 1720 754 congregas,
1753 686 1846 754 qui
1879 686 2004 740 uni,-

416 768 618 838 cuique
661 769 855 825 tribuit
890 771 1049 839 juxta
1084 786 1310 828 suorum
1351 787 1578 843 operum
1628 778 1822 830 merita
1870 777 1936 830 "°.
1980 799 1998 826 ι

420 855 558 912 Nam
601 861 1060 929 quemadmodum
1109 865 1156 920 si
1196 866 1350 935 pravi
1381 882 1445 922 ac
1476 867 1769 936 perniciosi
1811 867 2006 922 humo-

412 964 513 1030 rres
542 951 596 1006 in
627 954 942 1022 praeordiis
971 971 1034 1011 ac
1061 957 1339 1015 intestinis
1369 961 1592 1024 lateant,
1628 975 1735 1014 non
1768 975 2004 1015 accusa-

421 1050 514 1096 tur
558 1043 823 1110 medicus,
868 1047 1014 1116 quod
1062 1063 1159 1106 eos
1193 1051 1310 1121 ipse
1340 1051 1554 1115 fecerit,
1587 1052 1636 1106 si
1687 1059 1805 1106 arte
1853 1056 2004 1121 ipsos

422 1133 628 1188 vomitu
653 1136 778 1202 ejici
803 1139 1032 1203 curarit,
1066 1141 1161 1196 sed
1189 1142 1367 1198 eﬂ'ecit
1393 1144 1612 1214 quidem
1655 1143 1777 1198 illos
1799 1142 2007 1196 inordi-

423 1235 550 1279 nata
587 1227 768 1290 diaata,
809 1231 973 1284 traxit
1009 1241 1188 1287 autem
1226 1234 1280 1288 in
1315 1235 1662 1289 manifestius
1696 1251 1805 1288 non
1838 1235 2009 1304 impe-

428 1315 565 1370 ritus
599 1316 841 1374 medicus
873 1339 886 1374 :
914 1321 995 1376 sic
1021 1339 1144 1376 cum
1174 1325 1392 1380 dolores
1422 1341 1486 1380 ac
1527 1327 1804 1380 cruciatus
1833 1325 2010 1378 homi-

427 1405 589 1460 nibus
645 1423 676 1461 a
731 1408 840 1464 Deo
893 1412 1066 1469 factos
1108 1417 1383 1480 audimus,
1424 1418 1726 1488 intelligere
1777 1417 1931 1471 decet
1976 1431 2008 1470 a

426 1499 586 1554 nobis
609 1501 740 1570 ipsis
761 1503 916 1558 initia
943 1515 996 1561 et
1017 1523 1213 1565 causas
1232 1526 1420 1566 earum
1449 1512 1792 1566 vexationum
1817 1510 2004 1564 fuisse.

427 1591 531 1656 Qui
564 1593 707 1646 enim
760 1595 896 1650 bene
923 1599 1078 1664 vixit,
1126 1601 1254 1656 huic
1285 1619 1393 1657 non
1439 1603 1697 1666 tenebrae,
1745 1617 1854 1657 non
1891 1617 2010 1656 ver-

427 1682 554 1745 mis,
594 1699 702 1739 non
740 1687 1010 1756 gehenna,
1049 1707 1157 1746 non
1200 1693 1364 1764 ignis,
1411 1710 1522 1749 non
1555 1695 1703 1748 aliud
1748 1694 1916 1748 ulltttn
1954 1703 2009 1748 et

2104 510 2426 581 έτοιμάζων,
2443 511 2626 574 καθώς
2649 527 2812 580 φησιν
2835 513 2864 564 ὁ
2896 505 3216 567 Ἀπόστολος
3243 502 3375 573 πρὸς
3398 496 3488 552 τὸν
3509 499 3686 551 τοιοῦ-

2102 617 2194 652 τον
2224 599 2418 668 λέγων,
2448 602 2530 653 ὅτι
2553 617 2572 649 ι
2599 601 2755 657 Κατὰ
2775 601 2874 672 τὴν
2899 595 3244 669 σκληρότητά
3285 610 3380 646 σου
3421 592 3514 644 καὶ
3544 592 3685 658 ἁμε-

2102 693 2362 763 τανόητον
2383 693 2606 764 καρδίαν
2622 691 2970 762 θησαυρίζεις
2993 688 3205 758 σεαυτῷ
3223 685 3391 757 ὀργὴν
3412 687 3470 738 ἐν
3489 681 3686 752 ἡμέρᾳ

2104 783 2276 853 ὀργῆς
2300 785 2394 837 καὶ
2417 783 2811 852 ἀποκαλύψεως
2841 783 2935 836 καὶ
2966 778 3364 850 δικαιοκρισίας
3396 773 3490 828 τοῦ
3513 771 3682 833 Θεοῦ,

2103 874 2163 937 ὃς
2185 874 2449 928 ἀποδώσει
2470 872 2686 944 ἑκάστῳ
2707 871 2931 926 κατὰτὰ
2945 869 3276 942 έργααὺτοῦ.
3295 887 3315 921 ι
3337 870 3546 938 Ὥσπερ
3568 865 3684 934 γὰρ

2104 966 2193 1019 διὰ
2234 966 2332 1036 τῆς
2372 964 2736 1034 άτακτοτέρας
2776 963 2986 1031 διαίτης
3027 959 3346 1032 φθοροποιός
3377 975 3461 1021 τις
3505 956 3686 1027 χυμὸς

2105 1057 2200 1110 καὶ
2249 1055 2490 1126 χολώδης
2536 1057 2593 1107 ἐν
2635 1055 2747 1115 τοῖς
2794 1052 3120 1120 σπλάγχνοις
3172 1049 3519 1103 συνίσταται·
3561 1045 3620 1098 δν
3656 1045 3688 1097 ὁ

2109 1147 2288 1215 ἰατρὸς
2335 1145 2423 1199 διὰ
2471 1145 2570 1214 τῆς
2613 1141 2812 1213 τέχνης
2855 1141 2936 1203 είς
2979 1140 3174 1208 ἔμετον
3219 1134 3684 1204 ἐφελκυσάμενος,

2106 1238 2206 1290 οὐκ
2232 1237 2300 1290 ἂν
2331 1239 2387 1288 ἐν
2419 1235 2567 1305 αἰτίᾳ
2593 1235 2805 1302 γένοιτο
2833 1230 2924 1284 τοῦ
2953 1229 3114 1292 αὐτὸς
3145 1227 3440 1298 ἐμποιῆσαι
3469 1221 3547 1292 τῷ
3579 1219 3692 1273 σώ-

2111 1347 2239 1399 ματι
2264 1329 2353 1380 τὸν
2379 1324 2585 1396 νοσώδη
2624 1324 2822 1395 χυμὸν,
2853 1321 2968 1375 ἀλλ’
2995 1319 3217 1389 ἐποίησε
3251 1318 3346 1388 μὲν
3370 1317 3403 1386 ὴ
3434 1314 3532 1383 τῆς
3556 1328 3689 1382 τρο-

2108 1422 2213 1492 φῆς
2240 1419 2454 1483 ἀταξία,
2484 1418 2562 1480 εἰς
2584 1417 2640 1469 δέ
2665 1415 2728 1468 τὸ
2752 1412 2990 1484 ἐμφανὲς
3019 1412 3224 1481 ἢγαγεν
3253 1409 3286 1478 ἡ
3319 1404 3533 1476 ἰατρικὴ
3567 1404 3693 1452 ἐπι-

2109 1515 2290 1583 στήμη
2311 1528 2325 1541 °
2356 1509 2529 1571 οὕτως
2571 1508 2675 1561 κᾶν
2706 1506 2855 1578 παρὰ
2888 1504 2982 1556 τοῦ
3012 1501 3147 1555 Θεοῦ
3182 1497 3424 1567 γίνεσθαι
3455 1494 3692 1561 λέγηται

2108 1605 2222 1665 τοῖς
2269 1601 2560 1670 μοχθηροῖς
2597 1599 2692 1666 τὴν
2725 1597 3040 1668 προαίρεσιν
3076 1596 3110 1664 η
3139 1588 3362 1660 ἀλγεινὴ
3391 1585 3693 1641 ἀνταπόδο-

2113 1711 2215 1758 σις,
2246 1691 2464 1761 εὔλογον
2494 1691 2558 1744 ἂν
2591 1690 2674 1761 εῖη
2708 1691 2868 1751 νοεῖν,
2897 1686 2955 1752 ἐξ
2981 1684 3137 1756 ήμῶν
3170 1681 3348 1736 αὐτῶν
3381 1678 3478 1741 τὰς
3513 1675 3696 1746 ἀρχὰς

427 1773 649 1830 nomine
685 1788 738 1831 et
784 1794 839 1833 re
869 1782 1114 1838 terribile
1155 1783 1422 1849 iunninet,
1465 1787 1608 1842 sicut
1652 1787 1767 1855 ipsa
1794 1801 2010 1855 quoque

2122 1785 2208 1838 ml.
2240 1785 2336 1847 τὰς
2369 1783 2548 1845 αἰτίας
2577 1783 2645 1834 τὰ
2680 1777 2905 1833 τοιαῦτα
2931 1775 3227 1847 λαμϐάνειν
3257 1770 3422 1840 πάθη.
3460 1766 3551 1838 Τῷ
3578 1767 3696 1837 γὰρ

429 1869 661 1917 testatur
693 1867 942 1925 historia.
977 1871 1113 1926 Nam
1142 1890 1266 1928 cum
1297 1877 1352 1930 in
1382 1878 1572 1932 eodem
1610 1879 1770 1932 simul
1800 1876 2010 1931 Hebraai

429 1969 555 2036 cun.
583 1956 853 2029 Egyptiis
897 1975 1083 2020 essent
1125 1967 1267 2031 loco,
1317 1971 1708 2024 cruciabantur
1745 1968 2008 2042 Egypt“.

431 2045 673 2106 Hebraeis
714 2053 852 2108 nihil
883 2057 1266 2114 sentientibus.
1304 2060 1484 2126 Quare
1524 2062 1874 2117 manilestum
1904 2070 2008 2124 est,

421 2141 566 2206 nihil
599 2142 790 2197 harum
828 2161 1112 2215 pinnarum
1161 2151 1372 2222 absque
1410 2163 1598 2208 nostra
1642 2153 1911 2208 electione
1947 2167 2012 2206 ac

429 2233 710 2290 voluntate
737 2253 898 2306 posse
939 2242 1262 2297 consistere.

2113 1877 2514 1947 ἀναμαρτήτως
2541 1872 2825 1944 βεϐιωκότι
2851 1870 2912 1923 οὐ
2941 1869 3130 1932 σκότος
3156 1864 3323 1926 ἐστὶν,
3350 1862 3410 1915 οὐ
3448 1857 3695 1928 σκώληξ,

2113 1969 2174 2022 οὺ
2207 1968 2426 2036 γέεννα,
2471 1967 2532 2019 οὐ
2572 1965 2712 2035 πῦρ,
2746 1963 2847 2016 οὐκ
2891 1959 3019 2015 ἄλλο
3053 1975 3107 2010 τι
3139 1957 3244 2009 τῶν
3270 1951 3516 2026 φοϐερῶν
3570 1952 3696 2004 dvo-

2116 2059 2302 2129 μάτων
2331 2073 2389 2108 τε
2420 2057 2514 2108 καὶ
2546 2052 2908 2124 πραγμάτων,
2931 2048 3005 2112 ὡς
3031 2047 3094 2117 δὴ
3121 2044 3214 2098 καὶ
3238 2045 3272 2114 ἡ
3304 2041 3510 2112 ἱστορία
3534 2039 3694 2108 φησὶ,

2113 2153 2226 2212 τοῖς
2278 2147 2547 2218 Ἑϐραίοις
2603 2145 2677 2215 μὴ
2711 2139 2849 2196 εἶναι
2882 2140 2981 2202 τὰς
3010 2135 3313 2206 Αἰγυπτίας
3357 2132 3590 2202 πληγάς.
3629 2130 3697 2183 El

2120 2239 2212 2293 οὖν
2239 2240 2297 2292 ἐν
2334 2239 2409 2308 τῷ
2435 2236 2606 2304 αὐτῷ,
2642 2235 2720 2306 τῷ
2746 2233 2843 2305 μὲν
2866 2234 2945 2295 εἰς
2978 2228 3144 2283 κακὸν
3166 2269 3180 2289 ,
3216 2225 3294 2296 τῷ
3323 2224 3379 2276 δὲ
3414 2224 3514 2276 οὐκ
3541 2221 3660 2273 ἔστι
3679 2261 3697 2282 ,

430 2324 532 2394 τῆς
575 2327 683 2379 τῶν
729 2333 1100 2402 προαιρέσεων
1135 2335 1398 2407 διαφορᾶς
1450 2338 1508 2390 ἐν
1546 2340 1656 2401 τοῖς
1699 2335 2052 2406 καταλλήλοις
2103 2332 2452 2402 δεικνυούσης
2490 2330 2781 2399 ἑκάτερονο
2832 2323 2990 2395 δῆλον
3034 2323 3102 2374 ἂν
3148 2320 3232 2390 εἴη
3273 2317 3331 2370 τὸ
3380 2313 3544 2386 μηδὲν
3589 2311 3698 2364 τῶν

433 2415 614 2468 κακῶν
651 2418 772 2489 δίχα
803 2423 902 2492 τῆς
933 2425 1205 2495 ἡμετέρας
1231 2429 1600 2498 προαιρέσεως
1624 2429 1884 2482 δύνασθαι
1920 2426 2201 2495 συστῆναι.

507 2506 611 2560 Sed
633 2525 922 2581 pergamus
945 2518 1010 2570 ad
1031 2520 1259 2588 reliqua,
1287 2524 1330 2576 si
1360 2528 1510 2591 prius
1537 2523 1587 2575 id
1621 2521 1892 2590 praedictis
1911 2523 2010 2575 ad-

435 2592 790 2655 ditlicerimus
808 2621 819 2654 :
834 2604 980 2672 quod
995 2604 1137 2661 sicut
1152 2604 1380 2677 Moyses,
1397 2608 1476 2663 sic
1491 2608 1806 2680 quicunque
1860 2612 2014 2665 illum

417 2683 556 2762 .zelo
587 2686 805 2741 virtutis
835 2689 1103 2758 imitatur,
1133 2709 1259 2750 cum
1301 2697 1479 2768 longis
1524 2702 1846 2770 magnisque
1882 2702 2018 2756 bene

2199 2517 2361 2571 Ἀλλὰ
2391 2517 2527 2584 πρὸς
2557 2515 2618 2567 τὸ
2649 2513 2774 2583 ἑξῆς
2811 2510 2905 2566 τοῦ
2932 2509 3090 2576 λόγου
3109 2506 3406 2576 προΐωμεν,
3438 2497 3697 2554 τοσοῦτον

2121 2608 2500 2669 παιδευθέντες
2531 2605 2616 2658 διὰ
2648 2605 2754 2657 τῶν
2788 2599 3169 2671 ὲξητασμένων
3193 2637 3206 2660 ,
3257 2596 3337 2648 ὅτι
3382 2591 3596 2660 Μωσῆς
3637 2605 3698 2640 τε

2117 2702 2355 2762 ἐκεῖνος,
2403 2699 2496 2750 καί
2546 2697 2575 2748 ό
2611 2695 2730 2748 κατ’
2765 2695 2972 2746 ἐκεῖνον
3001 2689 3088 2742 διὰ
3114 2688 3214 2756 τῆς
3251 2683 3450 2755 ἀρετῆς
3503 2677 3700 2732 ἐαυτὸν

438 2775 656 2830 vivendi
701 2785 1190 2841 exercitationibus
1226 2789 1467 2858 seipsutn
1504 2793 1930 2853 conﬁrmaverit.
1966 2801 2015 2847 ct

2122 2789 2378 2861 ἐπαίρων,
2412 2787 2629 2842 ἐπειδὰν
2667 2785 2754 2839 διά
2790 2800 2848 2836 τε
2875 2783 2976 2852 τῆς
3027 2777 3246 2849 χρονίας
3298 2770 3578 2845 προσοχῆς
3607 2767 3697 2822 τοῦ

438 2869 722 2936 superiore
765 2872 975 2929 visione
1025 2879 1266 2934 animum
1313 2897 1474 2937 suum
1527 2884 1808 2936 vallaverit
1859 2893 2020 2952 atque

2117 2881 2299 2952 ὀρθίου
2329 2897 2389 2933 τε
2423 2884 2518 2932 καὶ
2541 2876 2742 2948 ὑψηλοῦ
2778 2875 2915 2945 βίου,
2949 2873 3044 2928 καὶ
3077 2870 3165 2924 διὰ
3183 2868 3282 2937 τῆς
3314 2864 3521 2921 ἄνωθεν
3555 2878 3700 2932 γινο-

439 2961 732 3014 muniverit
762 2981 775 3015 :
806 2973 936 3018 tunc
964 2982 1215 3038 magnam
1243 2972 1516 3039 jacturam
1539 2974 1772 3042 putabit,
1795 2975 1840 3028 si
1871 2976 2015 3042 ejus-

2125 2974 2291 3044 μένης
2337 2970 2698 3041 φωταγωγίας
2747 2965 3034 3036 δυναμωθῇ
3090 2961 3189 3033 τὴν
3231 2959 3440 3029 ψυχὴν,
3482 2953 3700 3044 ξημίαν

440 3049 564 3104 detn
589 3061 798 3109 natura:
819 3056 1068 3115 homines
1094 3071 1315 3130 peccato
1332 3063 1594 3128 serviant,
1613 3067 1871 3135 dabitque
1893 3083 2019 3135 ope-

442 3154 560 3193 ram
592 3141 702 3196 dux
741 3145 821 3201 eis
861 3147 928 3201 ad
963 3148 1267 3206 libertatem
1305 3152 1422 3207 ﬁeri
1456 3172 1470 3208 :
1507 3169 1743 3226 cumque
1769 3157 1833 3210 ad
1871 3158 2020 3226 ipsos

442 3236 760 3298 accesserit,
802 3243 1206 3308 comparatione
1237 3258 1300 3297 ac
1340 3247 1711 3316 propositione
1751 3249 2017 3318 pejorum,

443 3324 636 3392 ingens
663 3329 928 3386 libertatis
949 3332 1280 3390 desiderium
1313 3338 1368 3392 in
1401 3340 1612 3394 animos
1643 3340 1881 3408 ipsorum
1920 3344 2020 3395 itu-

444 3421 645 3483 ntittct,
668 3438 729 3475 ac
747 3423 964 3478 demum
991 3426 1102 3495 jam
1125 3443 1154 3481 a
1177 3431 1334 3485 malis
1356 3433 1673 3496 educturus,
1696 3435 2022 3502 primogeni—

443 3511 515 3562 tis
547 3509 924 3581 Egyptiorutn
979 3520 1236 3574 ouinibus
1291 3530 1518 3576 mortem
1571 3523 1795 3590 inferet;
1845 3542 2021 3594 neque

444 3617 475 3653 e
504 3603 584 3652 im
609 3605 710 3655 alia
739 3610 945 3662 ratione
976 3623 1038 3661 ac
1071 3610 1152 3662 via
1182 3610 1423 3682 ASgyptii
1453 3613 1690 3682 eﬂ'ugere
1713 3617 1876 3669 vitam
1904 3633 2024 3686 pos-

449 3693 602 3745 sibile
631 3703 736 3748 est.
766 3697 868 3750 Sed
904 3697 990 3752 hic
1014 3701 1200 3754 multis
1228 3704 1496 3757 dubitatio
1525 3706 1754 3773 accidit,
1782 3725 2020 3777 quonam

449 3793 607 3850 pacto
644 3784 865 3839 historia
893 3788 1227 3858 defendetur,
1266 3809 1333 3846 ne
1364 3794 1566 3863 injusta
1599 3802 1679 3867 (ut
1704 3800 1915 3869 dicunt)
1942 3802 2022 3855 di-

447 3874 571 3924 vina
615 3878 886 3930 sententia
929 3878 1178 3932 videatur
1211 3882 1591 3951 :lujuriantur
1631 3891 1799 3952 ettittt,
1846 3894 2020 3953 aiunt,

443 3962 705 4035 Egyptii,
738 3978 791 4020 et
821 3985 916 4036 pro
948 3970 1054 4024 illis
1089 3972 1248 4024 modo
1273 3975 1383 4026 nali
1413 3977 1565 4043 pueri
1599 3980 1904 4046 puniuntur
1931 4001 1942 4036 :
1969 3992 2023 4036 ct

443 4055 716 4122 (ιιιοιιιυιίο
740 4058 1055 4125 imperfecta
1079 4071 1211 4115 mtas
1229 4071 1322 4114 aut
1347 4063 1472 4117 boni
1502 4077 1595 4118 aut
1622 4070 1745 4121 mali
1769 4069 2024 4127 diti‘eren-

445 4145 572 4197 tiam
611 4148 793 4200 novit?
832 4166 1011 4204 nonne
1056 4154 1164 4205 vita
1212 4154 1500 4207 infantium
1545 4169 1696 4209 extra
1734 4163 2021 4229 malignam

441 4250 656 4289 omnem
709 4241 1170 4306 perturbationem
1211 4245 1332 4296 est?
1371 4246 1608 4301 dexterae
1658 4251 1736 4301 vel
1786 4252 2024 4307 sinistrae

2122 3065 2335 3134 ἡγεῖται
2367 3062 2429 3114 τὸ
2465 3061 2540 3131 μὴ
2587 3062 2680 3113 καὶ
2722 3061 2833 3121 τοῖς
2875 3053 3158 3126 ὀμογενέσι
3199 3051 3334 3122 πρὸς
3364 3049 3456 3102 τὸν
3483 3045 3705 3101 ἐλεύθε-

2124 3174 2215 3226 ρον
2243 3153 2663 3226 καθηγήσασθαι
2693 3151 2826 3222 βίον.
2852 3150 2961 3204 Καὶ
2985 3147 3121 3219 πρὸς
3159 3144 3357 3207 αὐτοὺς
3383 3140 3699 3212 γενόμενος,

2120 3253 2186 3319 τῇ
2254 3247 2550 3319 παραθέσει
2601 3243 2709 3297 τῶν
2762 3243 3020 3313 χειρόνων
3074 3236 3264 3291 παθῶν
3328 3231 3695 3303 σφοδροτέραν

2122 3342 2302 3402 αὐτοῖς
2343 3339 2443 3406 τῆς
2484 3335 2794 3406 ἐλευθερίας
2825 3333 2923 3405 τὴν
2955 3329 3248 3399 ἐπιθυμίαν
3277 3325 3519 3394 ἐντίθησι
3544 3339 3558 3352 °
3609 3323 3702 3376 καὶ

2125 3431 2332 3501 μέλλων
2359 3428 2691 3499 ἐξαιρεῖσθαι
2722 3425 2814 3478 τοῦ
2849 3423 3020 3478 κακοῦ
3050 3422 3112 3474 τὸ
3139 3417 3438 3490 ὁμόφυλον,
3467 3414 3702 3501 θάνατον

2123 3500 2318 3590 ἐπάγει
2363 3521 2524 3573 παντὶ
2579 3517 2909 3590 πρωτοτόκῳ
2957 3513 3259 3583 Αἰγυπτίῳ.
3311 3507 3480 3562 Τοῦτο
3522 3507 3595 3560 δι’
3627 3500 3705 3558 ὧν

2123 3616 2376 3684 ἐποίησεν
2419 3615 2550 3683 ἡμῖν
2583 3608 2920 3680 νομοθετῶν,
2970 3607 3031 3659 τὸ
3059 3605 3168 3658 δεῖν
3197 3605 3298 3673 τὴν
3349 3599 3573 3670 πρώτην
3605 3596 3705 3650 τοῦ

2124 3704 2294 3758 κακοῦ
2333 3705 2542 3772 γένεσιν
2587 3697 2957 3768 ἐξαφανίζειν·
2996 3696 3071 3766 μὴ
3101 3695 3211 3764 γὰρ
3231 3691 3407 3754 ἄλλως
3437 3685 3578 3742 εἷναι
3610 3689 3706 3741 δυ-

2124 3799 2280 3852 νατὸν
2329 3797 2610 3865 διαφυγεῖν
2655 3794 2746 3846 τὸν
2793 3789 3089 3858 Αίγύπτιον
3125 3787 3256 3857 βίον.
3292 3783 3400 3837 Καί
3434 3799 3524 3852 μοι
3555 3780 3711 3833 δοκεῖ

2124 3893 2302 3952 καλῶς
2345 3891 2518 3959 ἐχειν,
2568 3887 2666 3958 τὴν
2717 3885 2956 3938 διάνοιαν
2985 3879 3189 3950 ταύτην
3221 3878 3294 3949 μὴ
3326 3875 3710 3946 παραδραμεῖν

2124 3984 2453 4054 ἀθεώρητον,
2505 3981 2566 4032 Εἰ
2609 3978 2717 4048 γάρ
2755 3993 2839 4038 τις
2875 3975 3032 4044 μόνον
3064 3974 3142 4034 εἰς
3172 3971 3270 4039 τὴν
3305 3966 3542 4037 ἱστορίαν
3585 3964 3715 4034 βλέ-

2126 4091 2238 4135 ποι,
2259 4070 2376 4134 πῶς
2406 4073 2438 4140 ἠ
2487 4067 2795 4138 θεοπρεπὴς
2844 4068 3020 4118 ἔννοια
3049 4067 3160 4126 τοῖς
3197 4057 3524 4130 γεγενῆσθαι
3548 4056 3714 4124 λεγο-

2130 4169 2305 4236 μένοις
2342 4161 2771 4232 διασωθήσεται;
2819 4159 3020 4212 Ἀδικεῖ
3051 4158 3078 4209 ὁ
3110 4153 3424 4222 Αἰγύπτιος,
3457 4149 3710 4236 καὶῌὰνέ

2129 4234 2336 4311 ἐκείνου
2380 4253 2665 4317 κολάζεται
2699 4251 2760 4304 τὸ
2801 4249 3079 4320 ἀρτιγενές
3118 4244 3280 4300 αὐτοῦ
3309 4247 3521 4313 νήπιον,
3553 4234 3598 4308 ᾧ
3619 4241 3716 4294 διὰ

440 4327 736 4383 discrimen
786 4331 1059 4397 ignorant,
1092 4334 1158 4387 ad
1190 4336 1361 4389 solam
1395 4339 1663 4392 nutricem
1702 4343 2015 4410 respiciunt:

2129 4350 2189 4402 τὸ
2222 4349 2318 4418 τῆς
2361 4346 2576 4417 ἡλικίας
2601 4343 2787 4404 ἀτελὲς
2819 4317 3044 4407 οὐδεμία
3071 4339 3154 4401 τίς
3185 4340 3299 4389 ἐστι
3327 4333 3493 4387 καλοῦ
3518 4349 3578 4385 τε
3613 4331 3717 4382 καὶ

443 4420 490 4473 si
540 4422 834 4492 quidquam
897 4423 1140 4478 dolorem
1198 4429 1382 4491 infert,
1443 4447 1550 4484 non
1610 4448 1669 4487 se
1719 4445 1912 4503 parant
1959 4439 2025 4492 ad

441 4510 836 4577 defensionem,
869 4517 961 4570 sed
1009 4517 1216 4584 ploratu
1262 4522 1438 4574 solum
1474 4539 1538 4576 ac
1589 4525 1844 4596 lacrymis
1875 4531 2026 4586 dolo-

444 4618 557 4657 rem
585 4604 930 4674 signilicant;
977 4608 1022 4662 si
1058 4608 1356 4677 quidquam
1395 4613 1538 4680 quod
1571 4623 1766 4670 natura
1797 4623 2024 4690 appetit.

444 4698 883 4768 nanciscuntur,
939 4700 1274 4756 subridendo
1326 4705 1653 4774 voluptatem
1705 4716 2021 4769 ostendunt.

440 4790 552 4842 Cur
577 4789 742 4860 igitur
765 4797 1004 4858 paternae
1027 4793 1310 4860 pravitatis
1337 4794 1573 4849 subeunt.
1599 4803 1903 4870 supplicia?
1933 4809 2024 4864 ubi

439 4880 683 4948 justitia?
714 4882 802 4936 ubi
829 4883 1040 4951 pietas?
1067 4884 1157 4938 ubi
1195 4884 1444 4940 Ezechiel
1482 4889 1746 4956 clamans,
1785 4914 1805 4948 ι
1836 4898 2030 4957 Anima

443 4995 560 5046 qum
595 4979 922 5046 peccaverit,
965 4980 1081 5047 ipsa
1131 4982 1416 5047 morietur,
1462 4999 1564 5039 nec
1609 4991 1779 5058 patris
1821 4993 2017 5052 delicta

442 5071 704 5139 suscipiet
733 5081 895 5127 natus
918 5072 999 5124 "?
1027 5092 1047 5124 ι

2134 4442 2207 4513 μὴ
2229 4440 2469 4494 τοιούτου
2495 4437 2790 4507 διάκρισις·
2822 4432 2929 4496 ἔξω
2971 4430 3062 4483 τοῦ
3095 4429 3236 4482 κατὰ
3268 4426 3470 4480 κακίαν
3501 4423 3716 4486 πάθους

2129 4537 2161 4604 ἡ
2203 4533 2315 4604 ζωὴ
2361 4529 2548 4585 αὑτοῦ.
2593 4528 2666 4581 Οὐ
2697 4525 2808 4594 γὰρ
2851 4525 3016 4593 χωρεί
3042 4524 3102 4573 τὸ
3131 4519 3301 4580 πάθος
3339 4520 3372 4586 ὴ
3407 4515 3711 4586 νηπιότης,

2129 4603 2311 4689 δεξιᾶς
2355 4621 2388 4691 ἢ
2428 4617 2722 4690 ἀριστερᾶς
2762 4613 3024 4684 διαφορὰν
3053 4612 3152 4664 οὐκ
3198 4609 3514 4669 ἐπίσταται,
3570 4603 3717 4672 πρὸς

2134 4719 2301 4788 μόνην
2329 4712 2624 4768 ἀναϐλέπει
2650 4710 2748 4776 τὴν
2776 4705 2964 4776 θηλὴν,
3005 4703 3131 4774 μίαν
3161 4700 3254 4754 τοῦ
3282 4697 3578 4788 λυποῦντος
3611 4711 3715 4764 ση-

2139 4787 2404 4880 μαντικὴν
2429 4803 2681 4870 αἴσθησιν
2701 4799 2813 4868 ἔχει
2843 4796 2902 4849 τὸ
2934 4795 3167 4864 δάκρυον
3188 4831 3201 4855 ,
3237 4791 3331 4844 καὶ
3360 4791 3407 4842 εἰ
3443 4787 3598 4857 τύχοι
3631 4805 3715 4840 τι-

2141 4905 2250 4965 νὸς,
2273 4897 2332 4956 οὗ
2357 4903 2389 4970 ή
2417 4898 2576 4968 φύσις
2607 4895 2839 4963 ἐφίεται,
2875 4889 3188 4960 μειδιάματι
3212 4886 3310 4957 τὴν
3333 4885 3528 4955 ἡδονὴν
3575 4885 3713 4935 ἐπε-

2129 5002 2193 5069 σή
2205 5015 2360 5068 μανε.
2379 4994 2548 5048 Τοῦτο
2570 4993 2667 5060 τῆς
2689 4987 2956 5058 πατρικῆς
2976 4986 3173 5045 κακίας
3195 4981 3396 5036 ἐκτίνει
3412 4979 3511 5048 τὴν
3525 4977 3709 5046 δίκην.

2131 5092 2242 5145 Ποῦ
2275 5092 2335 5144 τὺ
2374 5089 2613 5150 δίκαιον;
2651 5084 2752 5136 ποῦ
2788 5081 2849 5134 τὸ
2879 5078 3134 5140 εὐσεϐἐς;
3165 5075 3270 5128 ποῦ
3300 5074 3361 5127 τὸ
3387 5075 3570 5134 ὅσιον;
3601 5070 3712 5122 ποῦ

454 5165 710 5244 Ἰεξεχιὴλ
763 5166 924 5235 βοῶν,
980 5168 1061 5220 ὅτι
1096 5185 1113 5218 ι
1145 5169 1305 5239 Ψυχὴ
1354 5173 1387 5241 ή
1444 5172 1864 5247 ἁμαρτάνουσα,
1907 5183 2042 5255 αὐτὴ
2075 5185 2424 5238 ἀποθανεῖται
2446 5200 2461 5215 ο
2501 5202 2520 5233 ο
2559 5179 2673 5242 καὶ,
2705 5179 2786 5230 ὅτι
2813 5195 2832 5226 ι
2871 5175 2946 5227 Οὐ
2979 5171 3208 5241 λήψεται
3237 5169 3336 5239 τὴν
3371 5166 3464 5220 τοῦ
3498 5166 3714 5235 πατρὸς

445 5258 717 5328 ἁμαρτίαν
753 5263 782 5314 ὁ
819 5259 879 5325 ἐξ
917 5261 1128 5314 ἐκείνου
1167 5262 1509 5333 γενώμενος;
1549 5287 1566 5318 ι

516 5349 799 5416 Quomodo
822 5352 986 5422 igitur
1014 5353 1242 5408 historia
1269 5357 1467 5411 rationi
1503 5359 1733 5416 adversa
1763 5365 1880 5419 est?
1911 5365 2020 5420 Sed

445 5443 576 5512 quid
624 5444 747 5500 mali
789 5446 872 5501 eis
919 5446 1169 5514 contigit,
1219 5449 1264 5503 si
1294 5449 1460 5503 vitam
1513 5462 1726 5520 patrum
1775 5455 2026 5526 iniquam

2195 5363 2317 5426 Πῶς
2343 5359 2746 5430 ἁντινομοθετεῖ
2768 5359 2800 5427 ἡ
2833 5356 3045 5425 ἱστορία
3061 5353 3139 5422 τῷ
3159 5351 3335 5421 λόγως
3366 5347 3577 5403 υύκοῦν
3611 5366 3719 5402 ουκ

2124 5454 2489 5524 εὐλογώτερον
2524 5451 2588 5504 ἂν
2614 5450 2722 5520 εἴη,
2745 5447 2881 5517 πρὸς
2907 5447 3006 5516 τὴν
3024 5441 3311 5512 ἀναγωγὴν
3327 5439 3421 5492 τοῦ
3439 5447 3719 5509 νοήματος

448 5535 600 5607 pueri
625 5534 948 5606 eﬂugerunt,
979 5545 1032 5593 et
1066 5548 1243 5608 patres
1269 5539 1457 5596 dolore
1496 5545 1798 5600 immaturae
1831 5548 2015 5604 mortis

2125 5545 2386 5618 ὁρῶντας,
2409 5546 2458 5598 εἰ
2485 5544 2576 5596 καί
2599 5560 2652 5596 τι
2671 5541 2862 5612 γέγονε
2889 5536 3154 5599 τυπικῶς,
3176 5535 3347 5604 δόγμα
3369 5532 3459 5586 διὰ
3487 5531 3601 5585 τῶν
3623 5547 3720 5600 γε·

523 5717 564 5746 ³η
598 5719 751 5770 ltout.
789 5732 848 5781 ιι,
874 5717 924 5771 5.
1007 5719 1044 5748 ³¹
1078 5715 1268 5772 Ezccli.
1304 5733 1456 5785 artu,
1494 5718 1583 5772 9.0.
