3876 6218
179 329 291 384 353
304 357 326 378 ν

1527 324 1614 378 DE
1651 323 1813 378 “TA
1852 323 2123 381 MOYSIS.

3354 313 3462 371 εει

177 442 429 512 νομένων
461 439 736 495 πιστεύειν
777 439 870 494 τῆν
901 439 1199 512 νομοθέτην
1237 439 1567 494 ἐκτίθεσθαι.
1613 439 1687 492 Τὸ
1714 440 1771 492 δὲ

1878 455 1989 494 sua:
2025 438 2474 492 admonuerunt?
2512 435 2764 507 quamvis
2804 435 2970 488 multa
3011 447 3228 504 quoque
3260 432 3461 501 priscis

174 534 364 604 δόγμα
401 532 642 586 τοιοῦτόν
675 535 791 586 ἐστι
814 550 830 563 ·
881 533 946 586 τὺ
981 533 1091 586 δεῖν
1129 533 1268 602 προς
1297 531 1395 601 τὴν
1428 531 1626 583 κακίαν
1653 534 1775 583 τινὰ

175 625 250 678 δι’
281 623 488 695 ἀρετῆς
535 623 984 694 συμπλεκόμενον
1004 663 1019 687 ,
1053 621 1154 684 τὰς
1191 621 1413 692 πρώτας
1448 622 1556 674 τῶν
1587 620 1775 674 κακῶν

177 715 365 786 ἀρχὰς
417 717 497 778 είς
531 716 838 784 ἀφανισμὸν
882 715 1047 783 ἔχειν.
1097 715 1174 783 Τῇ
1205 712 1314 784 γὰρ
1361 713 1640 784 ἀναιρέσει
1675 697 1776 782 τῆς

178 805 362 875 ἀρχῆς
431 805 526 857 καὶ
575 804 637 857 τδ
684 806 801 875 μετ’
849 806 1064 873 ἐκείνην
1105 803 1554 871 συναφανίξεται,
1591 802 1776 866 καθὼς

179 895 426 948 διδάσκει
458 895 547 948 διὰ
603 895 700 948 τοῦ
754 894 1089 962 Εὐαγγελίου
1139 897 1168 946 ὁ
1206 895 1440 965 Κύριος,
1493 895 1776 964 μονονουχὶ

177 967 488 1059 διαρρήδην
533 985 670 1056 βοῶν
719 987 961 1057 ἀναιρεῖν
988 987 1097 1039 τῶν
1143 986 1456 1054 Αἰγυπτίων
1486 985 1672 1039 κακῶν
1705 983 1777 1038 τὰ

180 1079 535 1148 πρωτότοκα,
570 1079 638 1130 δι’
666 1071 741 1131 ὧν
769 1076 980 1130 κελεύει
1011 1077 1110 1148 τὴν
1139 1076 1433 1146 ἐπιθυμίαν
1463 1075 1770 1138 ἀνελόντας,

182 1170 281 1221 καί
312 1169 415 1239 τὴν
452 1168 657 1239 ὀργὴν,
709 1168 906 1238 μηκέτι
957 1167 1290 1227 δεδοικέναι.
1331 1169 1468 1236 μήτε
1507 1168 1605 1237 τῆς
1655 1183 1776 1237 μοι-

181 1259 338 1329 χείας
371 1259 432 1310 τὸ
463 1259 708 1328 μίασμα,
746 1261 882 1330 μήτε
922 1258 1016 1310 τοῦ
1065 1259 1226 1326 φόνου
1261 1260 1320 1309 τὸ
1369 1256 1522 1324 ἄγος.
1556 1257 1628 1310 Οὐ
1667 1257 1774 1327 γὰρ

182 1352 252 1403 ἂν
291 1350 379 1416 ἐφ’
413 1349 606 1402 ἑαυτοῦ
654 1349 880 1419 συσταίη
920 1350 1125 1402 τούτων
1168 1349 1459 1418 ἑκάτερον,
1493 1350 1541 1400 εἰ
1576 1346 1652 1418 μὴ
1679 1347 1774 1416 φό-

179 1457 272 1491 νον
306 1439 408 1507 μὲν
438 1439 471 1508 ἡ
506 1438 647 1509 ὀργὴ
667 1478 683 1498 ο
729 1439 976 1508 μοιχείαν
1009 1439 1066 1491 δὲ
1093 1440 1124 1507 ἡ
1147 1437 1411 1507 ἐπιθυμία
1440 1437 1768 1508 τελεσφορή-

183 1547 358 1582 σειεν.
409 1530 562 1582 Ἐπεὶ
581 1526 674 1583 οῦν
721 1531 751 1582 ὁ
795 1533 874 1592 είς
918 1529 1115 1582 κακίαν
1141 1528 1507 1596 τεκνογονῶν,
1545 1528 1648 1598 πρὸ
1676 1529 1774 1597 τῆς

183 1621 432 1691 μοιχείας
479 1621 660 1674 τίκτει
696 1621 795 1692 τὴν
838 1621 1164 1691 ἐπιθυμίαν,
1200 1622 1296 1674 καὶ
1332 1621 1431 1691 τὴν
1463 1621 1635 1693 ὀργὴν
1668 1625 1774 1692 πρὸ

177 1713 277 1766 τοῦ
328 1715 521 1783 φόνουο
580 1715 609 1766 ὁ
659 1713 866 1769 ἀνελὼν
915 1715 1006 1767 τὸν
1060 1715 1403 1784 πρωτότοκον
1430 1754 1446 1778 ,
1500 1716 1772 1769 συνανεῖλε

1879 530 1988 582 illis
2016 527 2376 597 temporibus,
2401 543 2520 596 qua:
2551 541 2656 580 non
2691 525 2865 594 magis
2894 535 3113 594 propter
3141 533 3457 592 praesentes,

1878 621 1982 674 sub
2007 619 2206 689 quibus
2234 618 2454 682 flebant,
2489 632 2648 686 quam
2685 624 2906 686 propter
2944 615 3176 676 futuros,
3214 616 3280 668 ad
3317 630 3459 683 quo-

1877 729 1999 768 rum
2047 714 2340 767 utilitatem
2367 713 2532 766 altius
2557 711 2840 766 reductam
2887 709 3285 778 intelliguntur,
3316 708 3462 762 facta

1880 806 2070 868 fuisse,
2111 820 2218 858 non
2267 804 2649 857 dubitaverim.
2701 800 2843 867 Quid
2892 816 3023 870 ergo
3067 801 3168 853 hac
3217 799 3459 853 historiae

1879 895 2046 965 ﬁgura
2076 894 2375 949 docemur?
2406 892 2551 964 quod
2589 898 2837 961 oporteat
2873 892 3077 961 primas
3100 891 3459 960 cogitationes

1876 993 1934 1039 et
1967 986 2140 1054 prima
2177 985 2441 1054 peccandi
2489 983 2664 1043 initia,
2715 990 2768 1036 et
2794 983 2913 1035 vias
2957 981 3160 1050 primas
3199 981 3459 1034 radicitus

1878 1077 2090 1130 tollere.
2128 1077 2260 1129 Nam
2293 1075 2386 1144 qui
2425 1072 2693 1143 principia
2723 1071 3009 1130 destruxit,
3041 1071 3088 1122 is
3116 1069 3260 1138 quod
3291 1083 3356 1121 ex
3391 1069 3460 1122 iis

1879 1167 2147 1236 sequitur,
2182 1165 2344 1219 simul
2369 1163 2587 1225 delevit,
2623 1162 2766 1216 sicut
2801 1161 3062 1215 Dominus
3087 1175 3182 1228 per
3213 1158 3459 1228 Evange-

1877 1259 2008 1312 lium
2060 1272 2159 1311 nos
2190 1257 2369 1318 docet,
2419 1256 2809 1324 propemodum
2862 1253 3011 1304 clara
3056 1265 3188 1304 voce
3232 1266 3330 1304 nos
3365 1251 3457 1304 ad-

1877 1365 2138 1412 monens,
2217 1358 2277 1402 ut
2327 1347 2708 1418 Egyptiorum
2775 1345 3042 1397 malorum
3102 1344 3458 1413 primogenita

1877 1439 2290 1500 interimamus,
2355 1435 2484 1489 dum
2522 1436 2712 1504 jubet,
2775 1440 2834 1487 ut
2886 1432 3236 1500 cupiditatem
3300 1441 3460 1498 atque

1875 1528 2012 1580 iram
2044 1527 2262 1596 penitus
2293 1525 2736 1594 exstinguamus,
2779 1537 2881 1576 nec
2922 1519 3178 1588 deinceps
3211 1518 3461 1572 adulterii

1874 1619 2232 1688 pollutionem
2288 1626 2384 1671 aut
2430 1615 2714 1670 homicidii
2762 1615 2946 1669 scelus
2992 1611 3458 1677 reformidemus;

1877 1721 2156 1774 nunquam
2204 1707 2348 1760 enim
2407 1702 2616 1773 aliquid
2662 1703 2856 1757 horum
2904 1701 3038 1756 oriri
3092 1708 3304 1770 potest,
3357 1701 3458 1754 nisi

180 1807 404 1869 πάντως
437 1807 530 1860 καὶ
560 1807 658 1876 τὴν
691 1807 1088 1860 ἀκολουθοῦσαν
1118 1806 1194 1877 τῷ
1225 1808 1553 1877 πρωτοτόκῳ
1583 1806 1764 1878 γονὴν,

1878 1800 2102 1851 alterum
2156 1813 2222 1852 ex
2287 1797 2390 1861 ira,
2440 1797 2675 1850 alterum
2717 1810 2786 1846 ex
2834 1793 3130 1860 cupiditate
3177 1799 3459 1844 nascatur.

180 1898 378 1969 ῶσπερ
429 1899 524 1952 καὶ
570 1898 663 1951 ἐπὶ
705 1897 800 1952 τοῦ
849 1900 1024 1968 ὄφεως
1054 1901 1083 1952 ὁ
1114 1900 1212 1967 τὴν
1251 1899 1490 1969 κεφαλὴν
1530 1899 1765 1970 πλήξας,

182 1988 305 2040 ὅλον
345 1989 794 2059 συναπενέκρωσε
837 1989 930 2042 τὸν
971 1990 1204 2042 κατόπιν
1238 1989 1397 2042 ὁλκὸν
1446 1991 1506 2044 ὃν
1540 1991 1766 2059 ἐφέλκε-

180 2101 296 2136 ται.
327 2081 501 2136 Τοῦτο
527 2083 584 2136 δὲ
612 2083 713 2135 οὐκ
753 2081 820 2136 ἂν
848 2083 1087 2150 γένοιτο,
1117 2083 1194 2154 μὴ
1225 2082 1581 2154 προχεθέντος
1613 2085 1644 2154 ἡ
1655 2083 1772 2153 μῶν

177 2177 304 2237 ταῖς
344 2175 569 2237 εἰσόδοις
609 2173 819 2226 ἐκείνου
847 2173 942 2226 τοῦ
978 2174 1230 2244 αἵματος,
1268 2174 1296 2227 ὂ
1323 2174 1415 2226 τὸν
1447 2174 1772 2244 ὀλοθρευτὴν

179 2266 544 2336 ἀποστρέφει.
598 2267 706 2320 Καὶ
755 2267 805 2318 εί
858 2265 964 2337 χρὴ
992 2267 1092 2337 τὴν
1138 2265 1492 2320 ἀποδοθεῖσαν
1533 2265 1782 2332 διάνοιαν,

178 2357 580 2428 ἀκριϐέστερον
613 2359 672 2410 ἐν
699 2360 811 2420 τοῖς
845 2358 1159 2429 εἰρημένοις
1195 2356 1528 2426 κατανοῆσαι
1554 2375 1568 2388 ι
1614 2355 1772 2408 τοῦτο

178 2449 258 2502 δι’
292 2451 568 2521 ἑκατέρων
605 2450 821 2504 δίδωσιν
847 2452 882 2521 ἡ
917 2452 1126 2522 ίστορία
1155 2454 1315 2514 νοεῖν,
1339 2450 1402 2503 ἐκ
1435 2468 1494 2504 τε
1519 2451 1614 2504 τοῦ
1644 2451 1773 2503 ἀνε-

179 2540 302 2593 λεῖν
344 2542 411 2594 τὰ
454 2542 804 2612 πρωτότοκα,
850 2541 946 2594 καὶ
992 2545 1056 2594 ἐκ
1097 2541 1192 2594 τοῦ
1237 2541 1303 2594 δι’
1328 2541 1559 2612 αἵματος
1604 2557 1774 2594 κατα-

185 2631 551 2702 σφαλισθῆναι
603 2631 704 2703 τὴν
759 2631 982 2686 εἴσοδον.
1052 2630 1201 2684 Ἐκεῖ
1251 2649 1311 2684 τε
1361 2632 1469 2702 γὰρ
1503 2634 1536 2702 ἡ
1579 2630 1770 2703 πρώτη

182 2720 338 2793 ὁρμὴ
381 2721 476 2775 τοῦ
512 2722 684 2774 κακοῦ
725 2722 1078 2790 ἀφανίζεται,
1117 2725 1211 2777 καὶ
1247 2723 1482 2777 ἐνταῦθα
1514 2727 1547 2794 ἠ
1579 2723 1770 2796 πρώτη

183 2815 292 2882 τῆς
353 2813 551 2877 κακίας
613 2814 816 2878 εἴσοδος
879 2815 1000 2869 καθ’
1053 2816 1212 2886 ἡμῶν
1238 2816 1325 2869 διὰ
1372 2815 1466 2870 τοῦ
1518 2815 1773 2888 ἀληθινοῦ

184 2904 367 2975 ἀμνοῦ
409 2906 814 2975 ἐπιστρέφεται.
869 2907 946 2961 Οὐ
995 2907 1106 2978 γὰρ
1157 2908 1308 2972 ἐντὸς
1349 2909 1639 2978 γενόμενον
1683 2909 1774 2961 τὸν

184 2995 516 3066 ὀλοθρευτὴν
553 2997 620 3049 δι’
663 2997 906 3062 ἐπινοίας
937 2998 1274 3070 ἐκὸάλλομεν
1296 3039 1311 3062 ,
1362 2998 1479 3053 ἀλλ’
1513 3001 1658 3063 ὅπως
1709 3001 1776 3054 ἂν

188 3083 333 3153 μηδὲ
364 3082 458 3154 τὴν
491 3083 665 3155 ἀρχὴν
709 3088 841 3156 ἡμῖν
871 3087 1211 3158 παρεισδύσῃ
1233 3131 1250 3150 ,
1285 3088 1530 3160 φυλακὴν
1560 3088 1649 3142 διὰ
1678 3088 1772 3142 τοῦ

183 3181 360 3250 νόμου
407 3180 729 3251 ποιούμεθα.
763 3182 981 3255 Φυλακὴ
1028 3184 1088 3237 δέ
1135 3186 1253 3237 ἐστι
1296 3186 1390 3238 καὶ
1418 3185 1686 3255 ἀσφάλεια
1711 3185 1772 3238 τὸ

183 3268 272 3339 τῷ
305 3269 500 3338 αῖματι
541 3269 637 3323 τοῦ
687 3271 861 3342 ἀμνοῦ
897 3272 998 3343 τήν
1044 3289 1104 3325 τε
1139 3271 1301 3341 φλιάν
1348 3273 1597 3336 καὶτοὺς
1643 3289 1772 3326 σταο

183 3359 370 3429 θμοὺς
403 3359 503 3429 τῆς
528 3360 734 3414 εἰσόδου
759 3363 1248 3433 κατασημήνασθαι
1272 3382 1287 3396 ο
1317 3364 1492 3420 ταῦτα
1519 3366 1646 3438 περὶ
1669 3365 1773 3436 ψυ-

183 3449 297 3519 χῆς
328 3450 463 3518 ἡμῖν
496 3450 940 3519 φυσιολογοῦντος
964 3453 1032 3507 δι’
1077 3455 1418 3523 αἰνιγμάτων
1460 3456 1554 3509 τοῦ
1588 3457 1771 3526 λόγου,

184 3536 218 3587 ὃ
246 3537 346 3588 καὶ
373 3537 407 3607 ὴ
455 3535 656 3602 ἔξωθεν
684 3539 964 3603 παίδευσις
998 3542 1331 3614 ἐφαντάσθη,
1367 3542 1652 3613 διαιροῦσα
1678 3543 1775 3616 τὴν

184 3627 372 3699 ψυχὴν
415 3630 494 3691 είς
539 3629 602 3682 τὸ
643 3629 947 3697 λογιστικὸν
985 3633 1080 3685 καὶ
1114 3633 1512 3705 ἐπιθυμητικὸν
1538 3637 1630 3688 καὶ
1677 3635 1774 3688 θυ-

193 3718 428 3787 μοειδές.
466 3718 688 3783 Τούτοις
710 3721 766 3773 δὲ
799 3722 892 3774 καὶ
921 3721 1017 3793 τὴν
1047 3723 1342 3794 ἐπιθυμίαν
1376 3725 1776 3796 ὑποϐεϐηκέναι

189 3811 363 3878 φασὶν
381 3851 397 3875 ,
423 3812 762 3882 ἑκατέρωθεν
783 3813 842 3866 τὸ
870 3814 1204 3884 διανοητικὸν
1231 3817 1330 3886 τῆς
1358 3816 1536 3887 ψυχῆς
1559 3818 1778 3887 ὑπερεί-

187 3901 417 3954 δουσαν·
445 3903 537 3954 τὸν
568 3902 625 3956 δὲ
666 3903 922 3975 λογισμὸν
961 3906 1292 3977 ἀμφοτέροις
1341 3908 1775 3978 ὲπεζευγμένον,

191 3993 443 4062 συνέχειν
489 4010 550 4045 τε
601 3995 829 4057 αὐτοὺς,
885 3997 980 4049 καὶ
1035 3997 1140 4050 ὑπό
1180 3998 1404 4051 ἐκείνων
1455 3999 1772 4069 ἀνέχεσθαι·

189 4087 334 4155 πρὸς
370 4085 468 4156 μὲν
515 4087 763 4158 ἀνδρείαν
791 4088 871 4159 τῷ
918 4088 1074 4159 θυμῷ
1109 4091 1506 4161 στομούμενον,
1556 4093 1692 4162 πρὸς
1721 4093 1778 4146 δὲ

189 4177 294 4247 τὴν
327 4177 420 4230 τοῦ
453 4177 659 4246 ἀγαθοῦ
707 4180 994 4249 μετουσίαν
1032 4181 1099 4233 δι’
1130 4181 1424 4252 ἐπιθυμίας
1454 4183 1776 4256 ὑψούμενον.

193 4268 347 4330 Ἕως
387 4268 455 4322 ἂν
494 4265 587 4321 οὖν
638 4271 670 4338 ἡ
707 4269 854 4341 ψυχὴ
889 4269 967 4340 τῷ
1001 4271 1240 4341 σχήματι
1273 4272 1446 4342 τούτῳ
1492 4289 1776 4341 κατησφα-

190 4357 428 4428 λισμένη
452 4359 610 4430 τύχῃ,
634 4360 884 4432 καθάπερ
910 4361 1022 4414 τισὶ
1047 4362 1280 4432 γόμφοις
1301 4365 1414 4427 τοῖς
1433 4365 1552 4418 κατ’
1581 4363 1781 4436 ἀρετὴν

1873 1884 1978 1950 Qui
2017 1885 2442 1954 primogenitum
2475 1883 2760 1946 interimit,
2788 1883 2835 1936 is
2876 1889 3092 1950 partum
3122 1897 3342 1950 quoque
3367 1881 3456 1948 qui

1871 1995 1938 2033 ex
1980 1977 2344 2048 primogenito
2376 1979 2643 2039 nascitur,
2679 1975 2844 2028 simul
2885 1973 3170 2028 interimit.
3219 1973 3373 2026 Sicut
3405 1973 3459 2026 in

1872 2067 2176 2122 occidendo
2207 2075 2482 2137 serpente,
2506 2069 2597 2136 qui
2633 2074 2796 2135 caput
2831 2065 3105 2134 Oppressit
3142 2072 3305 2132 atque
3345 2079 3462 2132 per-

1873 2159 2068 2223 cussit,
2129 2158 2177 2212 is
2237 2166 2411 2212 totum
2469 2157 2616 2227 quod
2665 2170 2697 2210 a
2747 2156 2926 2226 capite
2972 2156 3209 2208 trahitur
3255 2169 3461 2223 corpus

1873 2247 2242 2312 mortiﬁcavit,
2291 2247 2438 2318 quod
2493 2247 2719 2300 minime
2767 2261 3007 2314 unquam
3071 2245 3188 2298 fieri
3234 2245 3458 2314 poterit,

1874 2342 1980 2395 nisi
2026 2340 2252 2410 sanguis
2283 2343 2338 2395 in
2376 2340 2536 2395 ostiis
2575 2339 2916 2399 infundatur,
2954 2336 3050 2407 qui
3078 2350 3458 2405 percussorem

1874 2435 2033 2488 facile
2061 2434 2293 2503 repellit.
2330 2433 2388 2487 ld
2420 2447 2551 2502 ergo
2578 2439 2872 2500 utrumque
2901 2430 2956 2484 in
3008 2443 3175 2482 unum
3219 2428 3460 2496 comple-

1873 2535 2131 2582 ctamur:
2166 2527 2248 2581 sic
2293 2525 2440 2582 enim
2492 2525 2698 2580 rectius
2737 2538 2803 2577 ac
2845 2522 3179 2591 exquisitius
3219 2536 3463 2590 expone-

1874 2625 1983 2672 tur.
2012 2615 2508 2686 Primogenitorum
2551 2629 2684 2669 nece
2710 2624 2785 2669 'et
2822 2614 3061 2683 pestium
3105 2628 3202 2682 per
3235 2613 3462 2682 sangui-

1875 2722 1999 2762 nem
2046 2707 2294 2762 custodia
2329 2707 2615 2770 discimus,
2654 2713 2710 2761 et
2756 2705 2907 2760 illiue
2949 2705 3154 2772 primas
3192 2705 3458 2759 vitiorum

1875 2797 2237 2868 appetitiones
2281 2798 2580 2861 tollendas,
2624 2805 2678 2852 et
2731 2797 2858 2852 hinc
2910 2798 3149 2867 primum
3197 2796 3459 2850 vitiorum

1877 2891 2141 2945 adversus
2171 2904 2271 2944 nos
2294 2891 2499 2944 aditum
2519 2907 2616 2960 per
2639 2905 2828 2946 verum
2855 2904 3054 2958 agnum
3086 2889 3458 2958 repellendum

1875 2997 1998 3038 esse
2041 2982 2435 3052 intelligimus;
2471 2997 2579 3035 non
2618 2981 2764 3035 enim
2811 2979 3120 3049 ingressum
3167 2993 3460 3047 percusso-

1877 3089 1993 3127 rem
2033 3073 2254 3141 ejicere,
2283 3072 2377 3129 sed
2411 3089 2479 3128 ne
2508 3072 2734 3126 omnino
2769 3069 3236 3140 subingrediatur.
3265 3084 3462 3124 cavere

1876 3161 1962 3217 lex
1987 3161 2161 3231 jubet.
2213 3161 2407 3216 Cautio
2456 3171 2632 3214 autem
2674 3168 2728 3214 et
2780 3159 3029 3214 cusmdia
3073 3166 3190 3211 tuta
3241 3166 3346 3221 est,
3399 3164 3462 3211 ut

1875 3255 2000 3324 agni
2043 3252 2311 3324 sanguine
2353 3251 2775 3321 superliminare
2811 3248 2974 3304 simul
3019 3256 3076 3302 et
3111 3255 3296 3318 postes
3333 3263 3462 3318 per-

1876 3344 2288 3414 ungamuszita
2332 3358 2430 3414 per
2479 3348 2768 3412 aen'gmata
2809 3355 2911 3396 nos
2964 3355 3028 3394 ea
3089 3342 3174 3394 lex
3212 3339 3460 3404 instruit,

1875 3436 2061 3492 saeculi
2111 3450 2328 3506 quoque
2377 3433 2625 3488 doctrina
2676 3431 3111 3502 philosophatur.
3162 3429 3298 3485 Nam
3338 3431 3462 3485 ani-

1876 3542 2020 3580 mam
2058 3526 2112 3580 in
2153 3525 2439 3588 rationale,
2471 3521 2906 3592 concupiscibile
2942 3537 3007 3574 ac
3032 3522 3305 3576 irascibile
3335 3522 3461 3591 phi-

1877 3616 2091 3687 losophi
2125 3617 2439 3685 partiuntur
2471 3632 2484 3667 :
2511 3627 2746 3682 quorum
2790 3611 2900 3665 duo
2929 3619 3230 3681 postrema,
3262 3611 3460 3666 irasci—

1877 3709 1985 3764 bile
2053 3710 2176 3763 dico
2232 3716 2290 3763 et
2359 3705 2828 3775 concupiscibile,
2878 3706 3109 3759 subesse
3164 3703 3337 3765 aiunt,
3397 3717 3463 3756 ac

1879 3810 2175 3870 utrumque
2201 3800 2470 3855 rationale
2499 3798 2779 3853 sustinere
2805 3795 3112 3852 :rationale
3134 3810 3264 3849 vero
3293 3794 3463 3848 utris-

1879 3909 1986 3963 que
2031 3893 2276 3946 iunixum
2319 3900 2551 3960 utraque
2607 3889 2927 3952 continere,
2988 3896 3042 3944 et
3093 3889 3162 3942 ab
3211 3889 3464 3957 utrisque

1881 3985 2169 4048 sustineri,
2213 3983 2357 4036 ntad
2390 3981 2606 4035 fortiter
2633 3979 2854 4050 quidem
2890 3979 3158 4050 agendum
3197 3994 3295 4048 per
3320 3980 3464 4032 iram

1889 4078 2162 4133 excitetur
2195 4090 2260 4129 ac
2304 4075 2616 4136 roboretur,
2652 4071 2719 4125 ad
2756 4072 2885 4125 boni
2918 4079 3100 4125 autem
3143 4070 3461 4124 truitioncnt

1881 4167 2328 4237 concupiscentia
2378 4165 2660 4220 efferatur.
2713 4163 3016 4234 Quousque
3069 4163 3238 4233 igitur
3281 4163 3487 4231 anima

1882 4263 1988 4316 hoc
2027 4261 2221 4316 ordine
2254 4259 2490 4328 scipsam
2537 4264 2771 4322 tutatur,
2819 4257 2986 4310 rectis
3033 4257 3464 4326 cogitationibus

1881 4351 2043 4422 quasi
2073 4349 2401 4418 quibusdam
2432 4348 2628 4409 clavis,
2664 4347 2811 4400 hunc
2842 4349 3073 4402 istorum
3105 4349 3270 4400 trium
3309 4347 3464 4402 ordi-

193 4455 439 4522 νοήμασι
482 4453 543 4506 τὸ
583 4452 799 4523 βέϐαιον
833 4451 1062 4522 ἔχουσα,
1112 4454 1170 4505 ἐν
1219 4453 1366 4524 πάσῃ
1421 4454 1485 4506 δι’
1537 4453 1774 4524 ἀλλήλων

1887 4461 2010 4499 nem
2035 4457 2370 4498 conservans
2392 4481 2406 4504 ,
2439 4443 2672 4495 alterum
2702 4442 2771 4495 ab
2800 4442 2974 4496 altero
3006 4442 3186 4511 quoad
3241 4443 3464 4497 virtutis

190 4540 408 4606 γίνεται
437 4543 503 4610 τῇ
540 4541 676 4610 πρὸς
708 4540 767 4592 τὸ
794 4539 957 4593 καλὸν
991 4541 1250 4610 συνεργίᾳ.
1273 4558 1286 4570 ·
1322 4543 1652 4613 παρέχοντος
1680 4543 1778 4613 ήδη

190 4631 260 4683 δι’
298 4631 496 4683 ἑαυτοῦ
517 4635 630 4694 τοῖς
662 4630 1026 4699 ὑποϐεϐηκὸσι
1053 4631 1147 4684 τοῦ
1189 4632 1450 4702 λογισμοῦ
1484 4633 1582 4704 τὴν
1605 4633 1782 4702 ἀσφά-

189 4721 370 4782 λειαν,
397 4723 490 4774 καὶ
532 4723 591 4774 ἐν
626 4721 705 4792 τῷ
742 4721 896 4791 μέρει
929 4723 1060 4791 παρ’
1091 4721 1313 4774 ἐκείνων
1335 4724 1435 4791 τὴν
1469 4721 1588 4791 ἴσην
1619 4722 1780 4794 χάριν

190 4813 708 4884 ἀντιλαμϐάνοντος.
760 4815 822 4865 Ei
851 4813 906 4864 δὲ
940 4814 1312 4883 ἁναστραφείη
1341 4814 1402 4867 τὸ
1434 4814 1622 4884 σχῆμα
1641 4855 1655 4877 ,
1688 4814 1780 4866 καὶ

188 4905 261 4956 τὰ
311 4903 426 4956 ἅνω
475 4903 687 4970 γένοιτο
731 4903 916 4966 κάτω,
967 4902 1107 4956 ὥστε
1154 4904 1297 4956 κατά
1337 4904 1399 4956 τὸ
1443 4903 1782 4973 πατούμενον

191 4995 367 5065 μέρος
395 4993 482 5047 τὸν
512 4993 772 5064 λογισμὸν
797 4995 1032 5049 πεσόντα
1062 4994 1176 5048 ἄνω
1203 4995 1397 5048 ἑαυτοῦ
1430 4994 1654 5063 ποιῆσαι
1681 4994 1780 5065 τὴν

191 5083 605 5153 ἐπιθυμητικήν
646 5100 708 5135 τε
754 5085 849 5136 καὶ
875 5082 1094 5154 θυμὼδη
1132 5083 1398 5138 διάθεσιν’
1452 5084 1572 5136 τότε
1605 5084 1633 5135 ὁ
1663 5083 1780 5137 ὀλο-

192 5174 409 5245 θρεύων
456 5175 536 5238 είς
568 5175 638 5229 τὰ
669 5176 820 5238 ἐντὸς
865 5174 1230 5244 παραδύεται,
1269 5175 1538 5246 μηδεμιᾶς
1583 5174 1683 5244 τῆς
1712 5175 1777 5227 ἐκ

189 5266 290 5320 τοῦ
341 5267 572 5335 αἵματος
622 5264 977 5328 ἀντιπαθείας
1006 5265 1420 5336 ἀντιὸαινούσης
1450 5265 1600 5336 αὐτῷ
1641 5265 1777 5334 πρὸς

188 5359 295 5426 τὴν
345 5357 582 5422 εἴσοδον,
639 5357 920 5422 τουτέστι,
944 5360 1057 5421 τοῖς
1089 5355 1234 5411 οὕτω
1283 5357 1647 5428 διακειμένοις
1681 5358 1779 5427 τῆς

189 5453 275 5512 είς
309 5448 542 5521 Χριστὸν
585 5449 821 5512 πίστεως
865 5447 1280 5518 συμμαχούσης.
1327 5448 1416 5518 Τῷ
1451 5448 1561 5518 γὰρ
1587 5449 1778 5518 αἵματι

187 5540 412 5611 πρῶτον
439 5539 751 5606 ἐπαλείφειν
779 5538 987 5593 κελεύει
1007 5539 1106 5610 τὴν
1135 5538 1248 5592 ἄνω
1276 5537 1457 5605 φλιάν,
1487 5534 1584 5590 εἷθ’
1610 5537 1780 5600 οὕτως

188 5630 572 5700 ἐπιθιγγάνειν
615 5630 724 5683 τῶν
753 5626 1006 5699 σταθμῶν
1038 5629 1396 5700 ἑκατέρωθεν.
1433 5629 1556 5692 Πῶς
1585 5629 1650 5682 ἂν
1683 5616 1776 5682 οῦν

189 5742 274 5783 tt;
308 5720 619 5791 ἐπαλείιξκειε
649 5721 707 5772 τὸ
751 5719 860 5772 ἀνω
891 5717 1136 5789 πρῶτον,
1180 5719 1240 5771 τὸ
1285 5719 1360 5789 μὴ
1391 5719 1773 5790 εῦριτκῦμενον

1887 4539 2091 4592 cultum
2148 4535 2507 4603 coadjuvatur
2533 4553 2545 4587 :
2575 4535 2718 4588 ratio
2747 4535 2902 4590 enim
2953 4535 3227 4589 irascendi
3257 4543 3313 4590 et
3362 4551 3464 4589 cu-

1889 4631 2070 4701 piendi
2103 4631 2212 4683 vim
2258 4629 2325 4683 ad
2362 4629 2566 4683 bonum
2597 4628 2812 4698 dirigit,
2843 4637 2899 4683 et
2945 4629 3014 4682 ah
3063 4630 3197 4693 illis,
3226 4638 3286 4682 ut
3317 4630 3462 4684 dixio

1887 4736 2031 4781 mus,
2061 4718 2472 4773 corroboratur.
2511 4716 2568 4771 Si
2602 4734 2731 4773 vero
2759 4719 2807 4773 is
2843 4719 2981 4772 ordo
3009 4733 3310 4773 conversus
3339 4719 3461 4774 fue-

1887 4812 1978 4875 rit,
2010 4810 2237 4879 etquod
2282 4825 2449 4878 supra
2489 4825 2614 4864 esse
2657 4809 2840 4872 debet,
2885 4810 3230 4878 subjiciatur,
3271 4819 3327 4866 et
3359 4827 3463 4864 cu-

1887 4903 2068 4972 piendi
2115 4916 2180 4955 ac
2223 4901 2496 4956 irascendi
2532 4901 2616 4956 vis
2667 4902 2932 4956 rationem
2979 4901 3050 4956 de
3087 4902 3205 4956 loco
3239 4917 3338 4956 suo
3367 4903 3463 4957 de-

1880 4995 2081 5064 jectam
2122 4994 2428 5056 conculcet,
2462 5001 2596 5047 tunc
2636 5009 2930 5062 percussor
2973 4995 3302 5063 ingreditur,
3329 5003 3460 5050 tunc

1885 5085 2035 5138 nulla
2062 5083 2347 5152 sanguinis
2377 5084 2460 5138 vis
2484 5083 2585 5151 ipsi
2617 5083 2858 5148 resistit;
2890 5083 3027 5136 nihil
3057 5085 3202 5136 enim
3230 5084 3362 5138 lid.-s
3404 5085 3462 5139 in

1882 5177 2158 5231 Christum
2190 5175 2276 5229 his
2316 5175 2564 5243 prodest,
2605 5173 2699 5243 qui
2737 5177 3087 5243 perversione
3119 5173 3283 5244 hujus
3313 5176 3461 5230 ordi-

1881 5265 1965 5318 nis
1995 5276 2446 5334 corrumpuntur.
2472 5263 2656 5318 Primo
2675 5265 2820 5319 enim
2847 5266 3269 5334 superliminare
3297 5267 3462 5326 inun-

1881 5357 2139 5426 gendum,
2167 5355 2364 5412 deinde
2394 5366 2686 5426 utrumque
2731 5366 2940 5427 postem
2975 5358 3294 5431 tingendum
3335 5374 3461 5412 san-

1881 5453 2046 5519 guine
2105 5451 2281 5520 jubet.
2342 5449 2628 5515 Quomodo
2680 5450 2846 5515 igitur
2914 5452 3122 5519 poteris
3192 5451 3461 5505 rationem

1884 5540 2120 5608 primum
2171 5541 2376 5594 Christi
2413 5539 2516 5594 ﬁde
2547 5541 2908 5601 communire,
2955 5555 3079 5593 cum
3120 5555 3243 5597 eam
3294 5553 3460 5608 supra

1883 5631 2128 5700 qu’aarere
2167 5630 2458 5700 jubearis?
2501 5629 2548 5684 si
2580 5645 2746 5698 supra
2797 5643 2916 5683 eam
2960 5631 3012 5682 in
3045 5628 3166 5683 loco
3200 5645 3302 5684 suo
3350 5643 3461 5683 non

1885 5724 2154 5792 invenies,
2193 5724 2348 5778 nullo
2392 5731 2543 5778 certe
2596 5722 2780 5779 modo.
2838 5720 2946 5777 Nec
2987 5730 3039 5778 te
3066 5723 3269 5790 turbet,
3314 5718 3462 5790 quod
