3844 6222
369 301 474 357 555

1557 305 1618 362 S.
1653 307 1986 363 GREGORII
2018 305 2320 362 'NYSSENI

3525 296 3630 356 356

369 413 858 482 primogenitorum
891 412 1093 469 caedem
1139 413 1414 486 Egyptiis
1457 416 1687 482 illatam,
1727 426 1782 474 et
1819 433 1950 473 san-

2057 418 2199 486 !vw;
2231 420 2296 472 Et
2325 419 2384 472 δὲ
2414 417 2510 472 καὶ
2552 416 2631 491 μὴ
2667 417 2740 472 τὰ
2775 418 2871 474 δύο
2920 417 3033 482 τοῖς
3078 415 3438 488 Ἰσραηλίταις
3477 417 3637 486 γεγέ·

366 505 551 574 guinis
611 505 937 562 eﬂ'usionem
1011 515 1175 576 atque
1227 509 1602 566 inunctionem
1657 526 1687 564 a
1748 509 1950 566 Judaeis

366 598 590 661 factam,
642 599 696 651 in
744 613 913 652 unum
958 600 1340 666 contulimus;
1394 617 1540 656 unus
1593 603 1736 656 enim
1788 613 1952 672 atque

365 687 509 743 idem
558 689 722 743 homo
764 696 818 744 et
864 689 1158 760 Egyptius
1199 701 1253 746 et
1302 690 1525 747 Judaeus
1571 694 1836 748 varietate
1873 694 1949 747 vi-

367 781 527 833 vendi
563 792 617 835 et
657 782 810 834 varia
861 784 1144 837 voluntate
1178 798 1244 836 ac
1294 785 1565 838 electione
1601 784 1948 853 intelligitur.

366 873 555 942 Itaque
589 873 634 926 si
672 871 919 926 Judaeum
951 873 1229 928 hominem
1277 891 1399 930 esse
1427 877 1628 930 virtute
1659 876 1950 945 praeditum

367 964 664 1019 secundum
697 965 1041 1034 spiritualem
1087 981 1310 1020 sensum
1344 967 1624 1036 ponimus.
1666 981 1777 1020 non
1816 981 1952 1022 sane

366 1071 606 1125 congrue
636 1059 854 1111 virtutis
881 1057 1090 1111 fetuum
1123 1059 1393 1129 principia
1432 1059 1623 1128 perimi
1655 1059 1948 1130 quisquam

364 1149 631 1218 requirat,
657 1149 752 1203 sed
783 1164 845 1202 ea
875 1164 1110 1218 quorum
1142 1150 1400 1206 interitus
1429 1150 1601 1206 multo
1643 1154 1768 1221 plus
1801 1152 1950 1205 utili-

365 1243 493 1296 tatis
520 1254 683 1311 quam
709 1240 964 1296 educatio
992 1241 1260 1297 attulerit.

433 1510 843 1565 Convenienter
891 1511 1056 1582 igitur
1098 1510 1374 1582 Egyptian
1421 1513 1593 1582 prolis
1645 1512 1798 1567 initia
1847 1513 1948 1567 tol-

368 1605 524 1659 lenda
558 1620 680 1658 esse
710 1604 1028 1666 didicimus,
1060 1615 1120 1658 ut
1143 1605 1356 1676 deﬁciat
1390 1605 1590 1658 malum
1617 1605 1731 1674 jam
1767 1605 1891 1660 inde
1915 1622 1944 1658 a

2051 527 2242 580 νηται,
2277 511 2312 582 ἦ
2353 528 2411 563 τε
2462 509 2572 564 τῶν
2610 509 2971 582 πρωτοτόκων
3013 509 3293 581 ἀναίρεσις
3335 511 3432 564 καὶ
3470 511 3505 581 ή
3536 511 3631 564 τοῦ

2051 601 2282 669 αἳματος
2325 601 2652 670 πρόσχυσις·
2691 600 2762 670 μὴ
2809 599 3097 671 θαυμάσῃς
3141 599 3333 669 μηδὲν,
3373 600 3512 670 μήτε
3544 600 3640 654 διὰ

2050 691 2206 744 τοῦτο
2230 691 2326 762 τὴν
2366 692 2718 745 ἀποδοθεῖσαν
2749 693 2994 762 περὶτῆς
3019 693 3352 763 ἀναιρέσεως
3397 693 3492 745 τοῦ
3533 711 3638 746 κα-

2052 783 2148 836 κοῦ
2199 782 2427 856 θεωρίαν
2480 784 2787 855 άποὸάλῃς,
2820 785 2896 847 ὡς
2933 784 3038 848 ἔξω
3068 785 3166 854 τῆς
3199 785 3454 855 ἀληθείας
3487 803 3638 857 παρ-

2051 881 2378 953 εὑρημένην.
2420 882 2533 934 Νῦν
2568 881 2677 953 γὰρ
2713 885 2779 952 τῇ
2806 881 3036 952 διαφορᾷ
3061 881 3168 935 τῶν
3197 881 3506 953 ὀνομάτων,
3537 881 3635 935 τοῦ

2063 971 2456 1045 Ἰσραήλιτικοῦ
2493 990 2553 1025 τε
2582 973 2680 1026 καὶ
2709 974 2802 1026 τοῦ
2834 973 3162 1041 Αἰγυπτίου,
3199 975 3260 1026 rb
3288 961 3389 1044 τῆς
3427 974 3636 1045 ἀρετ-ῆς

2054 1065 2190 1135 πρὸς
2216 1065 2316 1137 τὴν
2340 1065 2539 1119 κακίαν
2568 1065 2821 1137 διάφορον
2850 1066 3169 1137 ὲνοήσαμεν.
3197 1066 3260 1118 El
3285 1062 3378 1118 οὖν
3418 1067 3638 1136 Ἰσραη-

2047 1156 2251 1210 λιτικὺν
2279 1156 2371 1210 τὸν
2430 1157 2682 1228 ἐνάρετον
2727 1158 2760 1226 ἡ
2793 1157 3050 1225 ἀναγωγὴ
3093 1159 3233 1209 νοεῖν
3282 1155 3630 1210 ὑποτίθεται·

2048 1247 2147 1300 οὑκ
2172 1247 2236 1301 ἂν
2267 1247 2504 1318 εὐλόγως
2549 1247 2657 1301 τῶν
2706 1247 2806 1318 τῆς
2863 1248 3066 1318 ἀρετῆς
3123 1247 3481 1317 γεννημάτων
3528 1247 3634 1310 τὰς

2047 1339 2222 1409 ἀρχὰς
2266 1339 2547 1410 ὲπιζητοίη
2588 1356 2674 1403 τις
2721 1338 3215 1408 καταφονεύεσθαι,
3251 1338 3366 1391 ἀλλ’
3413 1339 3631 1402 ἐκεῖνα,

2048 1424 2122 1484 ὧν
2152 1433 2180 1484 ὀ
2204 1431 2509 1501 ἀφανισμδς
2545 1432 2644 1501 τῆς
2672 1431 2984 1502 ἀνατροφῆς
3015 1431 3129 1484 ἐστι
3169 1429 3630 1500 λυσιτελέστερος.

2118 1522 2326 1576 Οὐκοῦν
2363 1522 2670 1586 ἀκολούθως
2695 1523 2794 1592 τῆς
2821 1523 3122 1590 Αἰγυπτίας
3152 1523 3314 1592 γονῆς
3335 1522 3433 1584 τὰς
3456 1521 3635 1592 ἀρχὰς

2045 1615 2154 1668 δεῖν
2177 1629 2179 1631 ‘
2205 1614 2577 1686 ἀναιρεῖσθαι,
2611 1614 2760 1685 παρὰ
2792 1607 2884 1667 τοῦ
2925 1613 3058 1667 Θεοῦ
3089 1614 3490 1684 μεμαθήκαμεν
3510 1654 3525 1677 ,
3552 1612 3634 1676 ὡς

367 1696 684 1765 primordiis
720 1696 837 1749 suis
867 1711 896 1750 e
933 1695 1113 1749 medio
1151 1697 1448 1750 sublatum.
1486 1696 1591 1750 Sed
1626 1705 1682 1751 et
1715 1698 1947 1766 quadrat

2057 1708 2114 1761 ἢν
2153 1707 2389 1761 ἐπιλίποι
2423 1707 2484 1760 τὸ
2525 1707 2695 1760 κακὸν
2739 1705 2816 1776 τῷ
2856 1706 2957 1775 τῆς
2986 1705 3160 1777 ἀρχῆς
3192 1705 3403 1778 ὀλέθρῳ
3434 1707 3634 1760 συνδα-

367 1786 612 1839 historiae
643 1800 842 1840 sensus
878 1787 1001 1848 iSte,
1039 1802 1163 1840 cum
1198 1787 1627 1842 lsraeliticorum
1655 1789 1943 1859 pignorum

2057 1799 2389 1870 πανώμενον.
2420 1801 2528 1853 Καὶ
2560 1817 2623 1852 συ
2632 1768 2845 1872 μϐαίνει
2967 1768 3176 1870 ἱστορία
3198 1799 3256 1852 τὸ
3279 1768 3456 1870 νόημα
3475 1815 3491 1830 '
3521 1799 3636 1852 τῶν

365 1878 711 1931 conservatio
745 1892 810 1930 ex
861 1877 1037 1931 all'uso
1088 1878 1337 1946 postibus
1374 1881 1641 1948 sanguine
1689 1881 1941 1949 pendeat,

366 1978 425 2022 ut
461 1967 527 2019 ad
576 1965 868 2035 perfectam
919 1975 1131 2022 aetatem
1185 1968 1385 2022 bonum
1446 1970 1742 2036 perveniat.
1789 1970 1945 2033 Quod

366 2079 495 2118 vero
558 2078 848 2134 poStquam
912 2062 1208 2133 perfectam
1268 2071 1483 2117 aetatem
1534 2062 1819 2132 attigerit,
1877 2061 1946 2116 ad

371 2155 684 2227 {Egyptium
737 2156 996 2226 populum
1048 2156 1364 2225 pertinebit,
1409 2155 1510 2208 hoc
1545 2163 1835 2223 antequam
1890 2153 1945 2207 in

367 2249 513 2300 malo
552 2245 930 2315 perﬁceretur,
984 2261 1015 2300 e
1047 2245 1228 2298 medio
1276 2245 1552 2299 sublatum
1583 2253 1686 2298 est.
1727 2241 1834 2297 Sed
1879 2240 1947 2294 ad

372 2339 519 2391 hunc
553 2352 772 2407 quoque
809 2337 1149 2406 spiritualem
1187 2352 1430 2399 sensum,
1459 2352 1578 2406 quae
1621 2345 1945 2405 sequuntur,

369 2429 604 2483 mirifice
636 2436 970 2499 congruunt.
1026 2430 1191 2486 Jubet
1237 2429 1380 2483 enim
1419 2431 1815 2482 nutrimentum
1858 2443 1951 2482 as-

369 2521 697 2577 sumendum
757 2536 914 2588 esse,
974 2519 1032 2575 id
1087 2527 1205 2582 est,
1267 2535 1470 2590 corpus
1523 2511 1665 2574 unde
1725 2521 1950 2586 sanguis

367 2615 576 2671 eﬂusus
610 2623 716 2678 est,
742 2630 854 2684 quo
887 2615 1170 2685 repellitur
1203 2611 1584 2684 Egyptiorum
1633 2626 1948 2680 percussor,

370 2707 416 2761 si
453 2706 633 2761 aditus
678 2714 922 2770 nostros,
971 2704 1025 2758 id
1073 2715 1177 2770 est,
1229 2711 1339 2758 tres
1387 2703 1510 2757 illas
1562 2702 1761 2755 anima:
1805 2702 1951 2756 vires

370 2800 463 2854 illo
495 2799 738 2868 signatas
786 2797 1090 2868 prospexit.
1127 2794 1375 2860 Accedit,
1410 2794 1554 2863 quod
1589 2794 1785 2848 edendi
1829 2810 1951 2848 mo-

370 2887 502 2942 dum
550 2903 658 2941 non
700 2886 993 2942 remissum
1035 2883 1324 2954 quemdam
1362 2884 1563 2946 tradit,
1612 2893 1669 2937 ut
1720 2883 1774 2937 in
1821 2899 1953 2938 con-

370 2979 531 3032 viviis
591 2977 707 3033 fieri
765 2978 922 3042 solet,
983 2978 1076 3032 ubi
1129 2977 1374 3032 conviva:
1428 2976 1638 3040 sedent,
1699 2977 1952 3032 manibus

370 3070 580 3135 liberis,
608 3076 662 3123 et
689 3069 919 3138 pedibus
953 3085 1062 3122 non
1101 3068 1168 3122 ad
1203 3070 1309 3123 iter
1342 3069 1622 3132 calceatis,
1653 3077 1708 3122 et
1735 3069 1800 3122 ad
1837 3069 1952 3125 haec

371 3162 560 3218 ell’usis
609 3161 784 3215 induti
813 3161 1083 3217 vestibus.
1138 3160 1242 3214 Sed
1292 3170 1485 3215 contra
1531 3161 1692 3230 quasi
1735 3160 1803 3215 ad
1850 3163 1954 3215 iter

372 3254 538 3324 pedes
583 3253 753 3323 jussit
785 3252 1124 3307 comedendo
1167 3252 1370 3307 habere
1414 3251 1569 3306 duris
1612 3253 1813 3308 calceis
1841 3254 1955 3308 calo

372 3357 582 3411 ceatos,
634 3347 856 3416 cingulo
893 3346 1156 3400 sustineri
1212 3360 1276 3400 ac
1306 3347 1594 3416 comprimi
1630 3356 1838 3402 vestem
1885 3363 1955 3403 ne

373 3438 704 3500 eﬂundatur,
757 3453 821 3492 ac
876 3438 929 3491 in
985 3437 1239 3492 manibus
1291 3439 1547 3492 baculum
1591 3441 1788 3502 teneri,
1847 3455 1957 3510 quo

373 3546 539 3586 canes
606 3540 902 3585 arceantur
927 3531 994 3584 ³².
1067 3532 1124 3582 In
1191 3529 1292 3583 hac
1353 3529 1539 3600 itaque
1595 3530 1958 3601 dispositione

375 3631 699 3685 festinanter
722 3643 920 3699 agnum
954 3627 1242 3682 comedere
1264 3627 1549 3694 iubentur,
1582 3643 1693 3682 non
1725 3643 1953 3699 operosa

374 3733 677 3788 coquorum
729 3725 848 3770 arte
900 3723 1288 3786 prmparatum,
1350 3714 1444 3770 scd
1471 3716 1581 3786 igni
1631 3725 1690 3769 ut
1729 3717 1956 3786 contigit

375 3825 601 3871 assum,
667 3816 721 3863 et
777 3823 900 3862 cum
971 3808 1120 3861 omni
1181 3808 1461 3862 celeritate
1531 3809 1728 3878 raptim
1804 3810 1954 3862 illum

376 3903 687 3964 absumere,
727 3915 1014 3972 quousque
1059 3910 1229 3955 totum
1281 3901 1537 3955 animalis
1579 3917 1780 3971 corpus
1825 3917 1960 3955 con-

377 4001 655 4065 sumptttm
725 3993 930 4057 fuerit,
996 3991 1236 4060 dumque
1291 4007 1358 4047 ex
1420 3992 1489 4046 iis
1555 4008 1677 4061 quas
1737 3994 1958 4049 ossibus

377 4087 691 4150 adhaerent,
764 4084 1064 4140 comedunt
1107 4083 1376 4154 quidquid
1441 4086 1780 4139 esculentum
1843 4095 1955 4153 est,

376 4189 432 4233 et
497 4178 566 4233 ab
619 4193 686 4233 eo
756 4176 902 4248 quod
970 4177 1133 4241 intus
1195 4184 1279 4232 est
1342 4176 1655 4242 abstinent;
1717 4179 1958 4248 prohibi-

379 4281 491 4324 tum
550 4269 693 4323 enim
758 4277 844 4322 est
909 4283 978 4322 ne
1043 4283 1171 4323 ossa
1239 4267 1690 4322 comminuantur
1748 4269 1958 4324 anima-

379 4363 448 4417 lis
495 4360 694 4430 liujus,
750 4358 843 4414 sed
887 4359 1034 4429 quod
1087 4375 1152 4412 ex
1217 4358 1308 4412 illa
1352 4360 1775 4415 manducatione
1828 4361 1958 4415 reli-

2052 1892 2148 1962 μὲν
2205 1893 2610 1963 Ἰσραηλιτικῶν
2650 1890 3004 1962 γεννημάτων
3037 1892 3125 1944 διὰ
3155 1892 3254 1962 τῆς
3282 1891 3376 1944 τοῦ
3401 1891 3637 1961 αἵματος

2047 1983 2398 2055 προσχύσεως
2421 1984 2626 2052 γίνεται
2657 1985 2688 2055 ή
2721 1987 2952 2058 φρουρὰ,
2982 1987 3136 2047 ὅπως
3158 1983 3224 2037 ἂν
3246 1985 3326 2048 είς
3352 1985 3634 2037 τελείωσιν

2047 2075 2108 2127 τὸ
2150 2074 2352 2144 ἀγαθὸν
2395 2075 2543 2146 ἔλθῃ.
2577 2075 2755 2148 Ὅπερ
2793 2078 2850 2131 δὲ
2895 2076 3177 2130 τελειωθὲν
3221 2077 3302 2138 είς
3333 2075 3633 2144 Αίγύπτιον

2051 2165 2354 2218 συντελέσει
2396 2165 2594 2235 δῆμον,
2652 2166 2808 2220 τοῦτο
2853 2168 2959 2239 πρὸ
3003 2164 3102 2238 τῆς
3143 2170 3200 2220 ὲν
3229 2167 3309 2238 τῷ
3337 2166 3496 2237 κακῷ
3539 2184 3637 2220 τε-

2049 2255 2317 2319 λειώσεως
2351 2256 2644 2327 ήφανίσθη.
2699 2258 2958 2328 Συνεργεῖ
3001 2259 3056 2311 δὲ
3099 2258 3234 2330 πρὸς
3261 2259 3359 2330 τὴν
3407 2274 3641 2330 προκει-

2055 2344 2221 2415 μένην
2250 2344 2403 2415 ήμῶν
2437 2346 2728 2416 ἀναγωγὴν
2773 2346 2866 2399 τοῦ
2894 2348 3164 2418 νοήματος
3198 2349 3290 2400 καὶ
3321 2347 3390 2401 τὰ
3431 2347 3638 2418 ἐφεξῆς

2053 2435 2703 2508 συμπαραλαμϐανόμενα
2746 2440 2812 2508 τῇ
2854 2437 3056 2508 θεωρίᾳ
3091 2437 3186 2490 τοῦ
3217 2437 3399 2506 λόγου.
3437 2438 3638 2490 Βούλε-

2049 2544 2140 2580 ται
2169 2526 2276 2597 γὰρ
2303 2527 2507 2597 τροφὴν
2527 2526 2680 2596 ἡμῶν
2708 2525 2964 2592 γενέσθαι
2992 2525 3051 2578 τὸ
3092 2525 3278 2595 σῶμα,
3303 2524 3425 2578 ὅθεν
3453 2525 3633 2597 άπερ-

2054 2619 2155 2690 ρύη
2199 2618 2257 2671 τὸ
2289 2614 2458 2688 αἷμα,
2503 2617 2776 2690 ὂχωρίζει
2801 2617 2895 2670 τοῦ
2937 2615 3254 2688 ὀλοθρευτοῦ
3304 2617 3412 2670 τῶν
3459 2617 3633 2686 Δίγυ-

2053 2708 2245 2773 πτίων,
2289 2709 2380 2761 ἐπὶ
2410 2707 2516 2761 τῶν
2568 2707 2786 2761 εἰσόδων
2833 2705 3198 2777 δεικνύμενον.
3233 2706 3306 2759 Τό
3341 2723 3400 2759 τε
3432 2705 3625 2777 σχῆμα

2052 2801 2160 2853 τῶν
2187 2801 2284 2871 τὴν
2321 2799 2524 2871 τροφὴν
2547 2799 2750 2870 ταύτην
2782 2799 3262 2870 προσφερομένων,
3289 2797 3545 2851 σύντονόν
3580 2815 3630 2850 τε

2053 2893 2146 2946 καὶ
2171 2891 2713 2963 κατεσπουδασμένον
2747 2886 2906 2957 εἷναι,
2934 2891 3032 2962 οὐχ
3067 2885 3178 2943 οἷον
3207 2889 3300 2943 ἐπὶ
3323 2888 3433 2942 τῶν
3460 2889 3632 2941 εὑπα-

2055 2985 2288 3040 θούντων
2315 2986 2372 3037 ἐν
2401 2983 2720 3054 συμποσίοις
2753 2984 2974 3054 ὁρᾶται·
3010 2977 3085 3035 ὧν
3111 2982 3287 3036 ἄνεται
3317 2981 3413 3048 μὲν
3435 2981 3494 3032 at
3523 2982 3634 3050 χεῖ-

2058 3093 2182 3148 ρες,
2219 3074 2453 3146 ἐλαφραὶ
2497 3073 2555 3127 δὲ
2605 3073 2836 3144 ἱματίων
2875 3071 3152 3136 ἐπιϐολαὶ,
3185 3071 3284 3142 τῆς
3315 3087 3374 3122 τε
3421 3069 3632 3122 ὁδοιπο-

2062 3169 2219 3240 ρικῆς
2259 3167 2610 3239 παρασκευῆς
2641 3166 2692 3220 οί
2731 3166 2888 3230 πόδες
2933 3164 3237 3236 ἐλεύθεροι*
3285 3163 3400 3216 ἀλλ’
3431 3165 3499 3215 ὲκ
3542 3160 3633 3216 τοῦ

2055 3261 2298 3316 ἐναντίου
2325 3261 2396 3315 τὰ
2421 3263 2617 3315 πάντα.
2649 3259 2816 3322 Πόδες
2845 3259 2944 3330 μὲν
2970 3258 3339 3329 διειλημμένοι
3360 3259 3472 3320 τοῖς
3494 3257 3632 3309 ὑπο-

2055 3353 2293 3424 δήμασι,
2341 3351 2487 3422 ζώνη
2517 3351 2574 3404 δὲ
2619 3349 2679 3403 τὸ
2721 3349 3011 3421 περιρρέον
3051 3348 3145 3402 τοῦ
3173 3347 3396 3418 χιτῶνος
3425 3350 3489 3418 τῇ
3529 3346 3638 3410 ίξὺἶ

2059 3445 2429 3515 συσφίγγουσα
2449 3484 2462 3508 ,
2506 3442 2592 3496 διὰ
2618 3441 2800 3513 χειρὸς
2840 3441 2898 3495 δὲ
2925 3444 2959 3513 ή
3000 3440 3274 3513 ἀμυντικὴ
3311 3440 3419 3494 τῶν
3451 3439 3638 3492 κυνῶν

2060 3537 2349 3608 βακτηρία.
2392 3535 2504 3589 Καὶ
2556 3537 2613 3588 ὲν
2642 3534 2816 3604 τούτῳ
2864 3533 2942 3603 τῷ
2988 3533 3225 3604 σχήματι
3283 3529 3640 3603 προστίθεται

2057 3631 2240 3691 αὑτοῖς
2279 3629 2312 3698 ή
2339 3626 2539 3698 βρῶσις
2573 3627 2700 3681 ἄνευ
2740 3626 2882 3690 τινὸς
2908 3624 3276 3695 ὀψαρτυτικῆς
3296 3620 3597 3693 καρυκείας
3619 3664 3636 3687 ,

2058 3721 2150 3772 ἐπὶ
2175 3719 2344 3788 πυρὸς
2376 3716 2518 3772 κατὰ
2545 3717 2605 3770 τὸ
2643 3717 2855 3787 συμϐὰν
2877 3719 2940 3769 ἐκ
2967 3714 3060 3768 τοῦ
3080 3713 3479 3786 παρατυχόντος
3508 3730 3642 3783 σχε-

2058 3812 2342 3865 διασθεῖσα
2363 3850 2377 3874 ,
2407 3812 2473 3880 ἣν
2502 3809 2642 3862 κατὰ
2679 3811 2856 3861 πᾶσαν
2884 3805 3090 3870 ἔπειξίν
3128 3805 3412 3877 ἁρπαλέως
3433 3805 3480 3856 oi
3517 3803 3642 3856 δαι-

2055 3904 2286 3974 τυμόνες
2328 3900 2810 3961 καταναλίσκουσι,
2859 3899 3051 3968 μέχρις
3075 3897 3140 3950 ἂν
3181 3895 3326 3950 ἅπαν
3347 3892 3636 3964 δαπανηθῇ

2057 3995 2151 4048 τοῦ
2183 3993 2320 4059 ζώου
2363 3993 2425 4045 τὸ
2459 3991 2650 4062 σῶμαο
2689 3990 2780 4043 καὶ
2817 3989 2926 4043 τῶν
2977 3989 3178 4041 ὀστέων
3209 3984 3637 4059 περιεσθίοντες,

2059 4089 2180 4140 ὅσον
2209 4084 2485 4155 ἐδώδιμον,
2531 4082 2624 4137 τοῦ
2663 4082 2812 4145 ἐντὸς
2854 4081 2915 4134 οὑ
2961 4080 3383 4151 προσάπτονται.
3420 4077 3495 4130 Tb
3524 4077 3641 4147 γὰρ

2062 4177 2368 4248 συντρίϐειν
2394 4175 2484 4230 τοῦ
2516 4173 2656 4238 ζώου
2687 4174 2879 4228 τούτου
2903 4173 2970 4226 τὰ
3001 4173 3166 4233 ὀστᾶ,
3191 4171 3299 4225 τῶν
3329 4169 3639 4242 ἀπειρημέο

2059 4289 2165 4324 νων
2210 4270 2354 4325 ἐστίν
2374 4287 2387 4301 °
2429 4271 2457 4322 ὃ
2484 4288 2534 4322 τι
2569 4269 2612 4322 δ’
2653 4268 2719 4321 ἂν
2760 4265 3108 4336 ὑπολειφθείη
3131 4265 3229 4334 τῆς
3257 4263 3528 4334 βρώσεως,
3557 4261 3640 4331 τῷ

2063 4364 2196 4435 πυρὶ
2238 4362 2620 4432 δεδαπάνηται.
2660 4358 2749 4425 Ἐξ
2781 4351 2855 4412 ὧν
2895 4358 3149 4411 ἁπάντων
3171 4355 3328 4426 δῆλόν
3353 4355 3521 4416 ἐστιν,
3553 4353 3638 4405 ὅτι

377 4469 545 4522 quum
604 4451 790 4515 fuerit,
862 4451 974 4522 igni
1033 4451 1251 4505 tradere
1295 4451 1580 4520 juhentur.
1626 4453 1706 4507 Ex
1759 4445 1952 4524 quibus

2063 4457 2198 4526 πρός
2223 4473 2343 4508 τινα
2386 4453 2723 4525 ὑψηλοτέραν
2762 4451 3000 4504 διάνοιαν
3031 4449 3090 4501 τὸ
3123 4449 3356 4518 γράμμα
3409 4445 3598 4515 βλέπει
3621 4485 3636 4504 .

377 4543 636 4596 omnibus
659 4540 1005 4596 manifestum
1037 4548 1121 4595 est
1151 4542 1316 4595 altius
1341 4543 1614 4612 quoddam
1655 4544 1758 4599 hoc
1779 4559 1959 4600 come-

377 4631 540 4686 dendi
574 4630 736 4684 modo
769 4631 1009 4686 voluisse
1052 4631 1421 4702 legislaturem
1457 4633 1612 4690 nobis
1647 4637 1954 4691 ostendere.

376 4722 516 4790 Quid
549 4725 693 4778 enim
749 4725 794 4776 si
829 4731 1034 4788 rectus,
1067 4737 1135 4777 an
1184 4723 1422 4781 sedens?
1453 4727 1500 4781 si
1524 4734 1584 4780 ut
1622 4727 1690 4782 ad
1719 4728 1823 4783 iter
1843 4730 1955 4784 cal-

376 4823 587 4878 ceatus,
619 4831 688 4870 an
719 4815 914 4870 aliter?
963 4815 1010 4869 si
1047 4814 1371 4871 festinanter
1397 4833 1464 4871 an
1504 4821 1750 4875 mature?
1778 4820 1824 4874 si
1857 4821 1948 4874 ha-

378 4910 558 4963 culum
587 4907 839 4961 manibus
866 4914 1078 4971 teneas,
1112 4922 1179 4962 an
1215 4911 1362 4964 non’
1407 4911 1569 4978 Quid,
1609 4913 1854 4984 inquam,
1885 4916 1950 4969 ad

377 5004 632 5055 virtutem
666 4999 971 5063 colendam,
1003 5007 1095 5052 aut
1125 4999 1379 5070 fugienda
1411 5004 1560 5070 vitia,
1602 5005 1746 5075 quod
1779 5008 1952 5061 maxi-

378 5107 464 5146 me
493 5092 695 5145 latores
718 5089 897 5159 legum
927 5089 1244 5159 respiciunt,
1269 5091 1384 5146 haec
1414 5092 1680 5150 afferunt?
1709 5098 1954 5167 profecto

379 5183 535 5238 nihil.
577 5182 689 5237 Cur
714 5182 882 5252 igitur
920 5181 991 5236 ita
1036 5181 1204 5251 jussit
1247 5182 1404 5238 fieri?
1452 5185 1567 5242 Nisi
1620 5189 1956 5256 spiritualem

377 5291 596 5331 sensum
668 5289 980 5344 sequamur,
1038 5276 1242 5330 nullam
1289 5275 1536 5339 idoneam
1587 5279 1962 5335 sufﬁcientem-

379 5384 485 5438 que
537 5381 759 5422 causam
796 5367 1098 5436 poterimus
1154 5383 1392 5440 unquam
1449 5371 1717 5427 invenire.
1777 5373 1962 5440 Quare

381 5464 528 5528 patet
574 5457 680 5511 hoc
756 5458 985 5513 viatoris
1017 5457 1205 5514 habitu
1235 5467 1290 5516 et
1338 5469 1602 5531 apparatu
1663 5463 1964 5534 signiﬁcari

380 5549 536 5620 quasi
604 5548 932 5618 quibusdam
1020 5549 1346 5619 involucris,
1399 5553 1558 5621 plane
1626 5570 1962 5626 cognoscen-

449 5730 492 5760 ³’
522 5727 692 5782 Exod-
723 5744 820 5792 ιιι,
857 5729 946 5782 56.

2063 4549 2183 4619 οὑχὶ
2227 4547 2318 4600 τὸν
2363 4547 2562 4618 τρόπον
2608 4544 2707 4615 τῆς
2756 4541 3008 4614 βρώσεως
3057 4541 3188 4610 ἡμῖν
3254 4537 3638 4608 ὑφηγουμένου

2063 4639 2157 4692 τοῦ
2191 4639 2354 4710 νόμου
2394 4636 2612 4707 (ἱκανὸς
2653 4634 2761 4706 γὰρ
2811 4633 2918 4685 τῶν
2961 4629 3216 4684 τοιούτων
3260 4629 3556 4699 νομοθέτης
3602 4631 3636 4699 ἡ

2061 4729 2256 4800 φύσις,
2303 4729 2337 4799 ἡ
2385 4730 2482 4797 τὴν
2524 4726 2702 4797 ὄρεξιν
2755 4726 2888 4794 ἡμῖν
2931 4725 3029 4792 τῆς
3073 4720 3279 4792 τροφῆς
3323 4716 3641 4784 ὲντιθείσα),

2059 4823 2192 4876 ἀλλὰ
2236 4820 2422 4892 ἕτερόν
2455 4837 2508 4872 τι
2539 4818 2626 4870 διὰ
2663 4815 2865 4869 τούτων
2915 4813 3257 4884 σημαίνεται.
3311 4807 3377 4862 Τί
3417 4808 3526 4878 γὰρ
3574 4807 3644 4862 ἂν

2059 4915 2211 4986 παρὰ
2259 4912 2417 4966 τοῦτο
2461 4911 2666 4980 γένοιτο
2709 4908 2843 4980 πρὸς
2886 4904 3149 4980 ἀρετὴνῆ
3202 4902 3433 4966 κακίαν,
3467 4900 3644 4964 οὕτως

2057 5008 2089 5079 ἢ
2151 5005 2324 5068 οὕτως
2382 5003 2479 5074 τὴν
2527 5000 2730 5073 τροφὴν
2783 4995 3295 5069 προσενέγκασθαι;
3350 4993 3645 5064 λελυμένον

2061 5101 2094 5170 ἢ
2150 5094 2606 5168 περιειλημμένον
2654 5095 2720 5163 τῇ
2774 5091 2956 5164 ζώνῃ,
3005 5088 3207 5159 γυμνὸν
3263 5088 3388 5149 τοὺς
3451 5085 3646 5147 πόδας,

2065 5193 2099 5260 ἧ
2131 5187 2517 5259 ἐνειλημμένον
2567 5186 2676 5248 τοῖς
2725 5183 3056 5252 ὑποδήμασι,
3085 5181 3174 5234 διὰ
3219 5179 3401 5251 χειρὸς
3452 5179 3648 5249 ἔχοντα

2066 5281 2166 5351 τὴν
2202 5276 2524 5348 βακτηρίαν,
2564 5273 2598 5346 ἢ
2639 5271 3005 5341 ἀποθέμενον;
3055 5267 3216 5322 Ἀλλὰ
3246 5267 3405 5337 δῆλον
3435 5267 3502 5321 ἂν
3533 5268 3649 5338 εἴη,

2069 5373 2204 5442 ὅπερ
2235 5372 2268 5440 ὴ
2299 5366 2392 5420 τοῦ
2436 5360 2772 5435 ὀδοιπορικοῦ
2808 5362 3086 5433 σχήματος
3120 5358 3378 5429 διασκευὴ
3404 5359 3651 5412 δείκνυσι

2071 5461 2138 5513 δι’
2168 5460 2505 5530 αἰνίγματος.
2535 5455 2761 5512 Κελεύει
2797 5455 2907 5526 γὰρ
2939 5455 3195 5526 ἄντικρυς
3220 5453 3522 5522 ἐπιγνῶναι
3561 5453 3656 5506 τὸν

2070 5550 2170 5608 ὧδε
2203 5552 2316 5623 βίον
2344 5594 2358 5618 ,
2394 5553 2476 5605 ότι
2514 5547 2822 5620 παροδικιῖκ
2877 5546 3244 5617 ἑπιφοιτῶμεν
3290 5548 3358 5612 τῇ
3402 5547 3655 5618 παρούσῃ
