  <div class='ocr_page' id='page_1' title='image "/cluster/home/n/w/nwhite01/storage/ocr_20150623/44/nnc1.0037127462/194.png"; bbox 0 0 3844 6222; ppageno 0'>
   <div class='ocr_carea' id='block_1_1' title="bbox 132 316 263 375">
    <p class='ocr_par' dir='ltr' id='par_1_1' title="bbox 132 316 263 375">
     <span class='ocr_line' id='line_1_1' title="bbox 132 316 263 375; baseline -0.031 0"><span class='ocrx_word' id='word_1_1' title='bbox 132 318 238 375; x_wconf 74' lang='lat'><strong>35‘]</strong></span> <span class='ocrx_word' id='word_1_2' title='bbox 258 316 263 319; x_wconf 81' lang='grc'><em>’</em></span> 
     </span>
    </p>
   </div>
   <div class='ocr_carea' id='block_1_2' title="bbox 1454 313 2044 371">
    <p class='ocr_par' dir='ltr' id='par_1_2' title="bbox 1454 313 2044 371">
     <span class='ocr_line' id='line_1_2' title="bbox 1454 313 2044 371; baseline -0.005 -2"><span class='ocrx_word' id='word_1_3' title='bbox 1454 314 1543 370; x_wconf 85' lang='lat' dir='ltr'><strong>DE</strong></span> <span class='ocrx_word' id='word_1_4' title='bbox 1573 315 1735 371; x_wconf 68' lang='lat' dir='ltr'><strong>VITA</strong></span> <span class='ocrx_word' id='word_1_5' title='bbox 1770 313 2044 369; x_wconf 77' lang='lat' dir='ltr'><strong>MOYSIS.</strong></span> 
     </span>
    </p>
   </div>
   <div class='ocr_carea' id='block_1_3' title="bbox 3310 298 3416 355">
    <p class='ocr_par' dir='ltr' id='par_1_3' title="bbox 3310 298 3416 355">
     <span class='ocr_line' id='line_1_3' title="bbox 3310 298 3416 355; baseline 0 0"><span class='ocrx_word' id='word_1_6' title='bbox 3310 298 3416 355; x_wconf 77' lang='lat'><strong>358</strong></span> 
     </span>
    </p>
   </div>
   <div class='ocr_carea' id='block_1_4' title="bbox 135 414 1726 501">
    <p class='ocr_par' dir='ltr' id='par_1_4' title="bbox 135 427 1723 501">
     <span class='ocr_line' id='line_1_4' title="bbox 135 427 1723 501; baseline 0.002 -21"><span class='ocrx_word' id='word_1_7' title='bbox 135 430 277 499; x_wconf 78' lang='grc' dir='ltr'>ζωῇ,</span> <span class='ocrx_word' id='word_1_8' title='bbox 303 428 421 499; x_wconf 77' lang='grc' dir='ltr'>ἅμα</span> <span class='ocrx_word' id='word_1_9' title='bbox 444 431 513 499; x_wconf 80' lang='grc' dir='ltr'>τῇ</span> <span class='ocrx_word' id='word_1_10' title='bbox 544 427 755 497; x_wconf 80' lang='grc' dir='ltr'><strong>γενέσει</strong></span> <span class='ocrx_word' id='word_1_11' title='bbox 784 429 919 500; x_wconf 82' lang='grc' dir='ltr'>πρὸς</span> <span class='ocrx_word' id='word_1_12' title='bbox 945 428 1041 501; x_wconf 74' lang='grc' dir='ltr'>τὴν</span> <span class='ocrx_word' id='word_1_13' title='bbox 1074 429 1253 496; x_wconf 75' lang='grc' dir='ltr'>ἔξοδον</span> <span class='ocrx_word' id='word_1_14' title='bbox 1284 428 1377 483; x_wconf 78' lang='grc' dir='ltr'><strong>ὑπ’</strong></span> <span class='ocrx_word' id='word_1_15' title='bbox 1415 430 1587 499; x_wconf 78' lang='grc' dir='ltr'>αὐτῆς</span> <span class='ocrx_word' id='word_1_16' title='bbox 1620 429 1723 499; x_wconf 79' lang='grc' dir='ltr'>τῆς</span> 
     </span>
    </p>
   </div>
   <div class='ocr_carea' id='block_1_5' title="bbox 1831 414 3417 501">
    <p class='ocr_par' dir='ltr' id='par_1_5' title="bbox 1831 414 3417 491">
     <span class='ocr_line' id='line_1_5' title="bbox 1831 414 3417 491; baseline -0.009 -8"><span class='ocrx_word' id='word_1_17' title='bbox 1831 430 1951 484; x_wconf 88' lang='lat' dir='ltr'><strong>dam</strong></span> <span class='ocrx_word' id='word_1_18' title='bbox 2013 442 2137 483; x_wconf 88' lang='lat' dir='ltr'><strong>esse</strong></span> <span class='ocrx_word' id='word_1_19' title='bbox 2190 425 2352 479; x_wconf 83' lang='lat' dir='ltr'><strong>vitam</strong></span> <span class='ocrx_word' id='word_1_20' title='bbox 2424 431 2709 485; x_wconf 85' lang='lat' dir='ltr'><strong>nostram,</strong></span> <span class='ocrx_word' id='word_1_21' title='bbox 2776 418 2921 491; x_wconf 88' lang='lat' dir='ltr'><strong>quod</strong></span> <span class='ocrx_word' id='word_1_22' title='bbox 3002 417 3258 472; x_wconf 79' lang='lat' dir='ltr'><strong>nimirum</strong></span> <span class='ocrx_word' id='word_1_23' title='bbox 3344 414 3417 487; x_wconf 77' lang='lat' dir='ltr'><strong>ad</strong></span> 
     </span>
    </p>
   </div>
   <div class='ocr_carea' id='block_1_6' title="bbox 134 519 1726 592">
    <p class='ocr_par' dir='ltr' id='par_1_6' title="bbox 134 519 1726 592">
     <span class='ocr_line' id='line_1_6' title="bbox 134 519 1726 592; baseline -0.001 -19"><span class='ocrx_word' id='word_1_24' title='bbox 134 521 389 588; x_wconf 77' lang='grc' dir='ltr'><strong>ἀνάγκης</strong></span> <span class='ocrx_word' id='word_1_25' title='bbox 444 519 915 589; x_wconf 80' lang='grc' dir='ltr'><strong>συνελαυνόμενοι,</strong></span> <span class='ocrx_word' id='word_1_26' title='bbox 969 522 1106 592; x_wconf 84' lang='grc' dir='ltr'>πρὸς</span> <span class='ocrx_word' id='word_1_27' title='bbox 1158 522 1226 591; x_wconf 80' lang='grc' dir='ltr'>ἢν</span> <span class='ocrx_word' id='word_1_28' title='bbox 1281 520 1726 590; x_wconf 77' lang='grc' dir='ltr'><strong>παρεσκευάσθαι</strong></span> 
     </span>
    </p>
   </div>
   <div class='ocr_carea' id='block_1_7' title="bbox 134 610 1727 684">
    <p class='ocr_par' dir='ltr' id='par_1_7' title="bbox 134 610 1727 684">
     <span class='ocr_line' id='line_1_7' title="bbox 134 610 1727 684; baseline -0.001 -20"><span class='ocrx_word' id='word_1_29' title='bbox 134 615 247 684; x_wconf 82' lang='grc' dir='ltr'>χρὴ</span> <span class='ocrx_word' id='word_1_30' title='bbox 295 613 453 681; x_wconf 87' lang='grc' dir='ltr'>χερσί</span> <span class='ocrx_word' id='word_1_31' title='bbox 496 629 557 663; x_wconf 87' lang='grc' dir='ltr'><strong>τε</strong></span> <span class='ocrx_word' id='word_1_32' title='bbox 608 610 699 663; x_wconf 71' lang='grc' dir='ltr'>καὶ</span> <span class='ocrx_word' id='word_1_33' title='bbox 732 612 881 674; x_wconf 73' lang='grc' dir='ltr'>ποσὶ,</span> <span class='ocrx_word' id='word_1_34' title='bbox 915 614 1009 664; x_wconf 79' lang='grc' dir='ltr'>καὶ</span> <span class='ocrx_word' id='word_1_35' title='bbox 1048 616 1113 682; x_wconf 77' lang='grc' dir='ltr'>τῇ</span> <span class='ocrx_word' id='word_1_36' title='bbox 1160 612 1321 683; x_wconf 75' lang='grc' dir='ltr'>λοιπῇ</span> <span class='ocrx_word' id='word_1_37' title='bbox 1364 616 1431 681; x_wconf 81' lang='grc' dir='ltr'>τῇ</span> <span class='ocrx_word' id='word_1_38' title='bbox 1468 612 1604 682; x_wconf 83' lang='grc' dir='ltr'>πρὸς</span> <span class='ocrx_word' id='word_1_39' title='bbox 1627 614 1727 682; x_wconf 80' lang='grc' dir='ltr'>τὴν</span> 
     </span>
    </p>
   </div>
   <div class='ocr_carea' id='block_1_8' title="bbox 133 702 1725 774">
    <p class='ocr_par' dir='ltr' id='par_1_8' title="bbox 133 702 1725 774">
     <span class='ocr_line' id='line_1_8' title="bbox 133 702 1725 774; baseline 0.001 -20"><span class='ocrx_word' id='word_1_40' title='bbox 133 704 259 754; x_wconf 76' lang='grc' dir='ltr'>ὁδὸν</span> <span class='ocrx_word' id='word_1_41' title='bbox 285 702 572 772; x_wconf 74' lang='grc' dir='ltr'><strong>ἀσφαλείᾳ.</strong></span> <span class='ocrx_word' id='word_1_42' title='bbox 603 703 713 754; x_wconf 79' lang='grc' dir='ltr'><strong>Καὶ</strong></span> <span class='ocrx_word' id='word_1_43' title='bbox 750 702 823 764; x_wconf 83' lang='grc' dir='ltr'><strong>ὡς</strong></span> <span class='ocrx_word' id='word_1_44' title='bbox 860 702 926 755; x_wconf 78' lang='grc' dir='ltr'>ἂν</span> <span class='ocrx_word' id='word_1_45' title='bbox 958 703 1032 774; x_wconf 78' lang='grc' dir='ltr'>μὴ</span> <span class='ocrx_word' id='word_1_46' title='bbox 1056 706 1173 767; x_wconf 87' lang='grc' dir='ltr'>ταῖς</span> <span class='ocrx_word' id='word_1_47' title='bbox 1196 704 1458 767; x_wconf 78' lang='grc' dir='ltr'><strong>ἀκάνθαις</strong></span> <span class='ocrx_word' id='word_1_48' title='bbox 1482 706 1577 756; x_wconf 88' lang='grc' dir='ltr'><strong>τοῦ</strong></span> <span class='ocrx_word' id='word_1_49' title='bbox 1610 704 1725 773; x_wconf 85' lang='grc' dir='ltr'>βίου</span> 
     </span>
    </p>
   </div>
   <div class='ocr_carea' id='block_1_9' title="bbox 133 789 1725 865">
    <p class='ocr_par' dir='ltr' id='par_1_9' title="bbox 133 789 1725 865">
     <span class='ocr_line' id='line_1_9' title="bbox 133 789 1725 865; baseline 0.001 -21"><span class='ocrx_word' id='word_1_50' title='bbox 133 794 332 845; x_wconf 68' lang='grc' dir='ltr'>τούτου</span> <span class='ocrx_word' id='word_1_51' title='bbox 379 792 631 861; x_wconf 80' lang='grc' dir='ltr'><strong>(ἄκανθαι</strong></span> <span class='ocrx_word' id='word_1_52' title='bbox 657 793 701 845; x_wconf 74' lang='grc' dir='ltr'>δ’</span> <span class='ocrx_word' id='word_1_53' title='bbox 742 792 809 846; x_wconf 84' lang='grc' dir='ltr'>ἂν</span> <span class='ocrx_word' id='word_1_54' title='bbox 835 789 944 847; x_wconf 83' lang='grc' dir='ltr'>εἷεν</span> <span class='ocrx_word' id='word_1_55' title='bbox 978 796 1031 847; x_wconf 86' lang='grc' dir='ltr'>αἱ</span> <span class='ocrx_word' id='word_1_56' title='bbox 1069 794 1355 865; x_wconf 76' lang='grc' dir='ltr'>ἁμαρτίαι)</span> <span class='ocrx_word' id='word_1_57' title='bbox 1396 798 1620 864; x_wconf 82' lang='grc' dir='ltr'>γυμνοῖς</span> <span class='ocrx_word' id='word_1_58' title='bbox 1666 812 1725 848; x_wconf 88' lang='grc' dir='ltr'><strong>τε</strong></span> 
     </span>
    </p>
   </div>
   <div class='ocr_carea' id='block_1_10' title="bbox 138 884 1725 956">
    <p class='ocr_par' dir='ltr' id='par_1_10' title="bbox 138 884 1725 956">
     <span class='ocr_line' id='line_1_10' title="bbox 138 884 1725 956; baseline 0.001 -20"><span class='ocrx_word' id='word_1_59' title='bbox 138 884 236 936; x_wconf 71' lang='grc' dir='ltr'><strong>καὶ</strong></span> <span class='ocrx_word' id='word_1_60' title='bbox 266 884 601 952; x_wconf 82' lang='grc' dir='ltr'>ἀφυλάκτοις</span> <span class='ocrx_word' id='word_1_61' title='bbox 630 887 742 946; x_wconf 84' lang='grc' dir='ltr'>τοῖς</span> <span class='ocrx_word' id='word_1_62' title='bbox 788 886 915 937; x_wconf 78' lang='grc' dir='ltr'>ποσὶ</span> <span class='ocrx_word' id='word_1_63' title='bbox 954 884 1304 955; x_wconf 79' lang='grc' dir='ltr'>βλαόείημεν,</span> <span class='ocrx_word' id='word_1_64' title='bbox 1331 887 1428 956; x_wconf 84' lang='grc' dir='ltr'>τὴν</span> <span class='ocrx_word' id='word_1_65' title='bbox 1458 886 1565 938; x_wconf 88' lang='grc' dir='ltr'><strong>τῶν</strong></span> <span class='ocrx_word' id='word_1_66' title='bbox 1591 887 1725 939; x_wconf 86' lang='grc' dir='ltr'>ὑπο-</span> 
     </span>
    </p>
   </div>
   <div class='ocr_carea' id='block_1_11' title="bbox 138 975 1723 1047">
    <p class='ocr_par' dir='ltr' id='par_1_11' title="bbox 138 975 1723 1047">
     <span class='ocr_line' id='line_1_11' title="bbox 138 975 1723 1047; baseline 0.001 -21"><span class='ocrx_word' id='word_1_67' title='bbox 138 975 402 1044; x_wconf 86' lang='grc' dir='ltr'>δημάτων</span> <span class='ocrx_word' id='word_1_68' title='bbox 461 976 795 1047; x_wconf 78' lang='grc' dir='ltr'>στερρότητα</span> <span class='ocrx_word' id='word_1_69' title='bbox 848 975 956 1027; x_wconf 87' lang='grc' dir='ltr'><strong>τῶν</strong></span> <span class='ocrx_word' id='word_1_70' title='bbox 1030 976 1205 1028; x_wconf 82' lang='grc' dir='ltr'><strong>ποδῶν</strong></span> <span class='ocrx_word' id='word_1_71' title='bbox 1270 976 1723 1046; x_wconf 78' lang='grc' dir='ltr'>προδαλλώμεθα.</span> 
     </span>
    </p>
   </div>
   <div class='ocr_carea' id='block_1_12' title="bbox 141 1063 1724 1135">
    <p class='ocr_par' dir='ltr' id='par_1_12' title="bbox 141 1063 1724 1135">
     <span class='ocr_line' id='line_1_12' title="bbox 141 1063 1724 1135; baseline 0.001 -19"><span class='ocrx_word' id='word_1_72' title='bbox 141 1063 329 1116; x_wconf 84' lang='grc' dir='ltr'>Ταῦτα</span> <span class='ocrx_word' id='word_1_73' title='bbox 357 1064 416 1116; x_wconf 74' lang='grc' dir='ltr'><strong>δέ</strong></span> <span class='ocrx_word' id='word_1_74' title='bbox 453 1065 600 1115; x_wconf 80' lang='grc' dir='ltr'>ἐστιν</span> <span class='ocrx_word' id='word_1_75' title='bbox 629 1066 906 1133; x_wconf 83' lang='grc' dir='ltr'>ἐγκρατής</span> <span class='ocrx_word' id='word_1_76' title='bbox 955 1082 1012 1116; x_wconf 91' lang='grc' dir='ltr'><strong>τε</strong></span> <span class='ocrx_word' id='word_1_77' title='bbox 1050 1065 1144 1118; x_wconf 76' lang='grc' dir='ltr'>καὶ</span> <span class='ocrx_word' id='word_1_78' title='bbox 1174 1066 1560 1135; x_wconf 82' lang='grc' dir='ltr'>κατεσκληκὼς</span> <span class='ocrx_word' id='word_1_79' title='bbox 1590 1066 1724 1134; x_wconf 80' lang='grc' dir='ltr'>βίος,</span> 
     </span>
    </p>
   </div>
   <div class='ocr_carea' id='block_1_13' title="bbox 139 1155 1725 1228">
    <p class='ocr_par' dir='ltr' id='par_1_13' title="bbox 139 1155 1725 1228">
     <span class='ocr_line' id='line_1_13' title="bbox 139 1155 1725 1228; baseline 0.004 -22"><span class='ocrx_word' id='word_1_80' title='bbox 139 1157 169 1206; x_wconf 98' lang='lat'><strong>6</strong></span> <span class='ocrx_word' id='word_1_81' title='bbox 197 1155 418 1225; x_wconf 79' lang='grc' dir='ltr'>θραύων</span> <span class='ocrx_word' id='word_1_82' title='bbox 455 1155 523 1207; x_wconf 83' lang='grc' dir='ltr'>δι’</span> <span class='ocrx_word' id='word_1_83' title='bbox 554 1155 748 1207; x_wconf 76' lang='grc' dir='ltr'>ἐαυτοῦ</span> <span class='ocrx_word' id='word_1_84' title='bbox 782 1156 875 1207; x_wconf 78' lang='grc' dir='ltr'><strong>καὶ</strong></span> <span class='ocrx_word' id='word_1_85' title='bbox 911 1155 1184 1225; x_wconf 83' lang='grc' dir='ltr'>περικλῶν</span> <span class='ocrx_word' id='word_1_86' title='bbox 1220 1158 1319 1220; x_wconf 81' lang='grc' dir='ltr'>τὰς</span> <span class='ocrx_word' id='word_1_87' title='bbox 1350 1158 1447 1227; x_wconf 82' lang='grc' dir='ltr'>τῆς</span> <span class='ocrx_word' id='word_1_88' title='bbox 1484 1159 1725 1228; x_wconf 76' lang='grc' dir='ltr'><strong>ἀκάνθης</strong></span> 
     </span>
    </p>
   </div>
   <div class='ocr_carea' id='block_1_14' title="bbox 140 1246 1727 1320">
    <p class='ocr_par' dir='ltr' id='par_1_14' title="bbox 140 1246 1727 1320">
     <span class='ocr_line' id='line_1_14' title="bbox 140 1246 1727 1320; baseline 0.004 -23"><span class='ocrx_word' id='word_1_89' title='bbox 140 1246 351 1314; x_wconf 84' lang='grc' dir='ltr'>ἀκμὰς,</span> <span class='ocrx_word' id='word_1_90' title='bbox 391 1247 484 1298; x_wconf 76' lang='grc' dir='ltr'>καὶ</span> <span class='ocrx_word' id='word_1_91' title='bbox 508 1246 731 1299; x_wconf 85' lang='grc' dir='ltr'><strong>κωλύων</strong></span> <span class='ocrx_word' id='word_1_92' title='bbox 759 1248 822 1299; x_wconf 89' lang='grc' dir='ltr'><strong>ἐκ</strong></span> <span class='ocrx_word' id='word_1_93' title='bbox 842 1247 1041 1317; x_wconf 83' lang='grc' dir='ltr'><strong>λεπτῆς</strong></span> <span class='ocrx_word' id='word_1_94' title='bbox 1069 1265 1127 1300; x_wconf 90' lang='grc' dir='ltr'><strong>τε</strong></span> <span class='ocrx_word' id='word_1_95' title='bbox 1162 1249 1255 1302; x_wconf 81' lang='grc' dir='ltr'>καὶ</span> <span class='ocrx_word' id='word_1_96' title='bbox 1285 1250 1524 1318; x_wconf 83' lang='grc' dir='ltr'><strong>ἀφανοῦς</strong></span> <span class='ocrx_word' id='word_1_97' title='bbox 1553 1251 1727 1320; x_wconf 82' lang='grc' dir='ltr'>ἀρχῆς</span> 
     </span>
    </p>
   </div>
   <div class='ocr_carea' id='block_1_15' title="bbox 140 1336 1725 1410">
    <p class='ocr_par' dir='ltr' id='par_1_15' title="bbox 140 1336 1725 1410">
     <span class='ocr_line' id='line_1_15' title="bbox 140 1336 1725 1410; baseline 0.002 -21"><span class='ocrx_word' id='word_1_98' title='bbox 140 1336 241 1407; x_wconf 83' lang='grc' dir='ltr'>τὴν</span> <span class='ocrx_word' id='word_1_99' title='bbox 272 1337 545 1407; x_wconf 76' lang='grc' dir='ltr'><strong>ἁμαρτίαν</strong></span> <span class='ocrx_word' id='word_1_100' title='bbox 584 1338 673 1389; x_wconf 83' lang='grc' dir='ltr'>ἐπὶ</span> <span class='ocrx_word' id='word_1_101' title='bbox 719 1337 780 1389; x_wconf 83' lang='grc' dir='ltr'>τὸ</span> <span class='ocrx_word' id='word_1_102' title='bbox 803 1339 951 1401; x_wconf 86' lang='grc' dir='ltr'>ἐντὸς</span> <span class='ocrx_word' id='word_1_103' title='bbox 982 1339 1372 1410; x_wconf 81' lang='grc' dir='ltr'><strong>παραδύεσθαι.</strong></span> <span class='ocrx_word' id='word_1_104' title='bbox 1398 1340 1469 1394; x_wconf 76' lang='grc'><strong>’⁷0</strong></span> <span class='ocrx_word' id='word_1_105' title='bbox 1507 1358 1565 1393; x_wconf 92' lang='grc' dir='ltr'><strong>τε</strong></span> <span class='ocrx_word' id='word_1_106' title='bbox 1614 1344 1725 1403; x_wconf 90' lang='grc' dir='ltr'>τοῖς</span> 
     </span>
    </p>
   </div>
   <div class='ocr_carea' id='block_1_16' title="bbox 140 1428 1727 1501">
    <p class='ocr_par' dir='ltr' id='par_1_16' title="bbox 140 1428 1727 1501">
     <span class='ocr_line' id='line_1_16' title="bbox 140 1428 1727 1501; baseline 0.003 -22"><span class='ocrx_word' id='word_1_107' title='bbox 140 1430 273 1480; x_wconf 69' lang='grc' dir='ltr'>ποσὶ</span> <span class='ocrx_word' id='word_1_108' title='bbox 305 1428 735 1498; x_wconf 82' lang='grc' dir='ltr'><strong>περικεχυμένος</strong></span> <span class='ocrx_word' id='word_1_109' title='bbox 760 1428 946 1498; x_wconf 86' lang='grc' dir='ltr'>χιτὼν,</span> <span class='ocrx_word' id='word_1_110' title='bbox 980 1430 1075 1482; x_wconf 75' lang='grc' dir='ltr'>καὶ</span> <span class='ocrx_word' id='word_1_111' title='bbox 1120 1432 1283 1501; x_wconf 90' lang='grc' dir='ltr'>μέχρι</span> <span class='ocrx_word' id='word_1_112' title='bbox 1312 1431 1491 1485; x_wconf 80' lang='grc' dir='ltr'>ποδῶν</span> <span class='ocrx_word' id='word_1_113' title='bbox 1543 1432 1727 1485; x_wconf 89' lang='grc' dir='ltr'>καθει-</span> 
     </span>
    </p>
   </div>
   <div class='ocr_carea' id='block_1_17' title="bbox 144 1519 1726 1591">
    <p class='ocr_par' dir='ltr' id='par_1_17' title="bbox 144 1519 1726 1591">
     <span class='ocr_line' id='line_1_17' title="bbox 144 1519 1726 1591; baseline 0.004 -21"><span class='ocrx_word' id='word_1_114' title='bbox 144 1519 331 1589; x_wconf 76' lang='grc' dir='ltr'>μένος,</span> <span class='ocrx_word' id='word_1_115' title='bbox 392 1520 646 1588; x_wconf 79' lang='grc' dir='ltr'>ἐμπόδιον</span> <span class='ocrx_word' id='word_1_116' title='bbox 689 1520 754 1572; x_wconf 80' lang='grc' dir='ltr'>ἂν</span> <span class='ocrx_word' id='word_1_117' title='bbox 800 1520 884 1589; x_wconf 77' lang='grc' dir='ltr'>εἴη</span> <span class='ocrx_word' id='word_1_118' title='bbox 930 1520 1009 1591; x_wconf 83' lang='grc' dir='ltr'>τῷ</span> <span class='ocrx_word' id='word_1_119' title='bbox 1041 1521 1141 1591; x_wconf 81' lang='grc' dir='ltr'><strong>τὴν</strong></span> <span class='ocrx_word' id='word_1_120' title='bbox 1180 1522 1296 1575; x_wconf 85' lang='grc' dir='ltr'>ὁδὸν</span> <span class='ocrx_word' id='word_1_121' title='bbox 1345 1522 1548 1591; x_wconf 83' lang='grc' dir='ltr'>ταύτην</span> <span class='ocrx_word' id='word_1_122' title='bbox 1589 1523 1726 1576; x_wconf 88' lang='grc' dir='ltr'><strong>κατά</strong></span> 
     </span>
    </p>
   </div>
   <div class='ocr_carea' id='block_1_18' title="bbox 141 1609 1727 1683">
    <p class='ocr_par' dir='ltr' id='par_1_18' title="bbox 141 1609 1727 1683">
     <span class='ocr_line' id='line_1_18' title="bbox 141 1609 1727 1683; baseline 0.003 -21"><span class='ocrx_word' id='word_1_123' title='bbox 141 1610 383 1680; x_wconf 76' lang='grc' dir='ltr'>σπουδὴν</span> <span class='ocrx_word' id='word_1_124' title='bbox 412 1610 700 1664; x_wconf 82' lang='grc' dir='ltr'>διαθέοντι.</span> <span class='ocrx_word' id='word_1_125' title='bbox 749 1609 925 1664; x_wconf 87' lang='grc' dir='ltr'>Χιτὼν</span> <span class='ocrx_word' id='word_1_126' title='bbox 956 1611 1001 1664; x_wconf 79' lang='grc' dir='ltr'>δ’</span> <span class='ocrx_word' id='word_1_127' title='bbox 1026 1612 1091 1665; x_wconf 78' lang='grc' dir='ltr'>ἂν</span> <span class='ocrx_word' id='word_1_128' title='bbox 1119 1614 1252 1683; x_wconf 78' lang='grc' dir='ltr'>ἡμῖν</span> <span class='ocrx_word' id='word_1_129' title='bbox 1272 1654 1286 1676; x_wconf 92' lang='grc'><strong>,</strong></span> <span class='ocrx_word' id='word_1_130' title='bbox 1313 1614 1453 1666; x_wconf 81' lang='grc' dir='ltr'>κατὰ</span> <span class='ocrx_word' id='word_1_131' title='bbox 1490 1613 1550 1666; x_wconf 79' lang='grc' dir='ltr'>τὸ</span> <span class='ocrx_word' id='word_1_132' title='bbox 1600 1614 1727 1667; x_wconf 88' lang='grc' dir='ltr'>ἀκό-</span> 
     </span>
    </p>
   </div>
   <div class='ocr_carea' id='block_1_19' title="bbox 138 1702 1726 1777">
    <p class='ocr_par' dir='ltr' id='par_1_19' title="bbox 138 1702 1726 1777">
     <span class='ocr_line' id='line_1_19' title="bbox 138 1702 1726 1777; baseline 0.003 -23"><span class='ocrx_word' id='word_1_133' title='bbox 138 1702 355 1762; x_wconf 80' lang='grc' dir='ltr'>λουθον,</span> <span class='ocrx_word' id='word_1_134' title='bbox 387 1702 629 1771; x_wconf 83' lang='grc' dir='ltr'>νοηθείη,</span> <span class='ocrx_word' id='word_1_135' title='bbox 659 1705 691 1772; x_wconf 85' lang='grc' dir='ltr'><strong>ή</strong></span> <span class='ocrx_word' id='word_1_136' title='bbox 720 1704 1090 1775; x_wconf 82' lang='grc' dir='ltr'>ἀπολαυστικὴ</span> <span class='ocrx_word' id='word_1_137' title='bbox 1108 1704 1218 1757; x_wconf 89' lang='grc' dir='ltr'><strong>τῶν</strong></span> <span class='ocrx_word' id='word_1_138' title='bbox 1248 1707 1305 1758; x_wconf 90' lang='grc' dir='ltr'><strong>ἐν</strong></span> <span class='ocrx_word' id='word_1_139' title='bbox 1328 1706 1404 1777; x_wconf 85' lang='grc' dir='ltr'><strong>τῷ</strong></span> <span class='ocrx_word' id='word_1_140' title='bbox 1432 1705 1530 1777; x_wconf 87' lang='grc' dir='ltr'><strong>βίῳ</strong></span> <span class='ocrx_word' id='word_1_141' title='bbox 1552 1706 1726 1776; x_wconf 78' lang='grc' dir='ltr'>τούτῳ</span> 
     </span>
    </p>
   </div>
   <div class='ocr_carea' id='block_1_20' title="bbox 140 1794 1724 1870">
    <p class='ocr_par' dir='ltr' id='par_1_20' title="bbox 140 1794 1724 1870">
     <span class='ocr_line' id='line_1_20' title="bbox 140 1794 1724 1870; baseline 0.005 -25"><span class='ocrx_word' id='word_1_142' title='bbox 140 1794 597 1863; x_wconf 75' lang='grc' dir='ltr'>σπουδαζομένων</span> <span class='ocrx_word' id='word_1_143' title='bbox 644 1795 941 1867; x_wconf 79' lang='grc' dir='ltr'>πλατύτης,</span> <span class='ocrx_word' id='word_1_144' title='bbox 969 1799 1036 1869; x_wconf 77' lang='grc' dir='ltr'>ἢν</span> <span class='ocrx_word' id='word_1_145' title='bbox 1084 1800 1164 1862; x_wconf 87' lang='grc' dir='ltr'><strong>είς</strong></span> <span class='ocrx_word' id='word_1_146' title='bbox 1200 1800 1378 1867; x_wconf 81' lang='grc' dir='ltr'>ὀλίγον</span> <span class='ocrx_word' id='word_1_147' title='bbox 1418 1803 1446 1853; x_wconf 88' lang='grc' dir='ltr'><strong>ό</strong></span> <span class='ocrx_word' id='word_1_148' title='bbox 1494 1799 1724 1870; x_wconf 86' lang='grc' dir='ltr'>σώφρων</span> 
     </span>
    </p>
   </div>
   <div class='ocr_carea' id='block_1_21' title="bbox 135 1884 1727 1962">
    <p class='ocr_par' dir='ltr' id='par_1_21' title="bbox 135 1884 1727 1962">
     <span class='ocr_line' id='line_1_21' title="bbox 135 1884 1727 1962; baseline 0.005 -25"><span class='ocrx_word' id='word_1_149' title='bbox 135 1884 405 1954; x_wconf 81' lang='grc' dir='ltr'>λογισμὸς</span> <span class='ocrx_word' id='word_1_150' title='bbox 454 1887 751 1949; x_wconf 78' lang='grc' dir='ltr'><strong>συστέλλει,</strong></span> <span class='ocrx_word' id='word_1_151' title='bbox 794 1887 937 1959; x_wconf 80' lang='grc' dir='ltr'>ζώνη</span> <span class='ocrx_word' id='word_1_152' title='bbox 988 1890 1081 1943; x_wconf 86' lang='grc' dir='ltr'><strong>τοῦ</strong></span> <span class='ocrx_word' id='word_1_153' title='bbox 1139 1891 1547 1962; x_wconf 81' lang='grc' dir='ltr'>ὁδοιποροῦντος</span> <span class='ocrx_word' id='word_1_154' title='bbox 1582 1893 1727 1959; x_wconf 89' lang='grc' dir='ltr'>γινό-</span> 
     </span>
    </p>
   </div>
   <div class='ocr_carea' id='block_1_22' title="bbox 140 1976 1725 2053">
    <p class='ocr_par' dir='ltr' id='par_1_22' title="bbox 140 1976 1725 2053">
     <span class='ocr_line' id='line_1_22' title="bbox 140 1976 1725 2053; baseline 0.006 -27"><span class='ocrx_word' id='word_1_155' title='bbox 140 1993 332 2045; x_wconf 83' lang='grc' dir='ltr'>μενος.</span> <span class='ocrx_word' id='word_1_156' title='bbox 366 1977 438 2029; x_wconf 88' lang='lat' dir='ltr'><em>T6</em></span> <span class='ocrx_word' id='word_1_157' title='bbox 469 1976 524 2030; x_wconf 78' lang='grc' dir='ltr'>δὲ</span> <span class='ocrx_word' id='word_1_158' title='bbox 577 1979 929 2050; x_wconf 80' lang='grc' dir='ltr'>σωφροσύνην</span> <span class='ocrx_word' id='word_1_159' title='bbox 952 1977 1091 2035; x_wconf 76' lang='grc' dir='ltr'>εἶναι</span> <span class='ocrx_word' id='word_1_160' title='bbox 1144 1982 1241 2053; x_wconf 78' lang='grc' dir='ltr'>τὴν</span> <span class='ocrx_word' id='word_1_161' title='bbox 1295 1983 1490 2052; x_wconf 76' lang='grc' dir='ltr'>ζώνην,</span> <span class='ocrx_word' id='word_1_162' title='bbox 1522 1983 1725 2053; x_wconf 80' lang='grc' dir='ltr'>μαρτύ-</span> 
     </span>
    </p>
   </div>
   <div class='ocr_carea' id='block_1_23' title="bbox 136 2069 1727 2147">
    <p class='ocr_par' dir='ltr' id='par_1_23' title="bbox 136 2069 1727 2147">
     <span class='ocr_line' id='line_1_23' title="bbox 136 2069 1727 2147; baseline 0.005 -27"><span class='ocrx_word' id='word_1_163' title='bbox 136 2086 301 2139; x_wconf 80' lang='grc' dir='ltr'>ρεται</span> <span class='ocrx_word' id='word_1_164' title='bbox 357 2069 436 2139; x_wconf 80' lang='grc' dir='ltr'>τῷ</span> <span class='ocrx_word' id='word_1_165' title='bbox 489 2071 695 2141; x_wconf 80' lang='grc' dir='ltr'>τρόπῳ,</span> <span class='ocrx_word' id='word_1_166' title='bbox 746 2074 875 2143; x_wconf 74' lang='grc' dir='ltr'>περὶ</span> <span class='ocrx_word' id='word_1_167' title='bbox 923 2072 982 2125; x_wconf 81' lang='grc' dir='ltr'>ὃν</span> <span class='ocrx_word' id='word_1_168' title='bbox 1038 2075 1338 2144; x_wconf 75' lang='grc' dir='ltr'><strong>ἐνεργεῖται</strong></span> <span class='ocrx_word' id='word_1_169' title='bbox 1392 2077 1426 2146; x_wconf 79' lang='grc' dir='ltr'>ἠ</span> <span class='ocrx_word' id='word_1_170' title='bbox 1472 2076 1604 2147; x_wconf 84' lang='grc' dir='ltr'><strong>ζωή.</strong></span> <span class='ocrx_word' id='word_1_171' title='bbox 1653 2077 1727 2128; x_wconf 71' lang='lat' dir='ltr'><strong>&quot;ll</strong></span> 
     </span>
    </p>
   </div>
   <div class='ocr_carea' id='block_1_24' title="bbox 135 2154 1729 2236">
    <p class='ocr_par' dir='ltr' id='par_1_24' title="bbox 135 2154 1729 2236">
     <span class='ocr_line' id='line_1_24' title="bbox 135 2154 1729 2236; baseline 0.007 -27"><span class='ocrx_word' id='word_1_172' title='bbox 135 2158 188 2209; x_wconf 86' lang='grc' dir='ltr'>τ’</span> <span class='ocrx_word' id='word_1_173' title='bbox 217 2154 292 2211; x_wconf 71' lang='grc' dir='ltr'>αὖ</span> <span class='ocrx_word' id='word_1_174' title='bbox 319 2159 428 2212; x_wconf 88' lang='grc' dir='ltr'><strong>τῶν</strong></span> <span class='ocrx_word' id='word_1_175' title='bbox 477 2159 681 2230; x_wconf 86' lang='grc' dir='ltr'>θηρίων</span> <span class='ocrx_word' id='word_1_176' title='bbox 713 2163 982 2234; x_wconf 79' lang='grc' dir='ltr'>ἀμυντικὴ</span> <span class='ocrx_word' id='word_1_177' title='bbox 1025 2164 1314 2236; x_wconf 78' lang='grc' dir='ltr'>βακτηρία,</span> <span class='ocrx_word' id='word_1_178' title='bbox 1337 2167 1364 2217; x_wconf 90' lang='lat'><strong>6</strong></span> <span class='ocrx_word' id='word_1_179' title='bbox 1399 2168 1495 2235; x_wconf 74' lang='grc' dir='ltr'>τῆς</span> <span class='ocrx_word' id='word_1_180' title='bbox 1519 2168 1729 2231; x_wconf 77' lang='grc' dir='ltr'>ἐλπίδος</span> 
     </span>
    </p>
   </div>
   <div class='ocr_carea' id='block_1_25' title="bbox 130 2246 1727 2328">
    <p class='ocr_par' dir='ltr' id='par_1_25' title="bbox 130 2246 1727 2328">
     <span class='ocr_line' id='line_1_25' title="bbox 130 2246 1727 2328; baseline 0.006 -27"><span class='ocrx_word' id='word_1_181' title='bbox 130 2250 304 2318; x_wconf 77' lang='grc' dir='ltr'>λόγος</span> <span class='ocrx_word' id='word_1_182' title='bbox 331 2252 499 2315; x_wconf 76' lang='grc' dir='ltr'>ἐστὶν,</span> <span class='ocrx_word' id='word_1_183' title='bbox 530 2246 575 2319; x_wconf 82' lang='grc' dir='ltr'><em>ᾧ</em></span> <span class='ocrx_word' id='word_1_184' title='bbox 616 2254 795 2306; x_wconf 75' lang='grc' dir='ltr'>καὶτὸ</span> <span class='ocrx_word' id='word_1_185' title='bbox 824 2254 1077 2325; x_wconf 86' lang='grc' dir='ltr'>καμμύον</span> <span class='ocrx_word' id='word_1_186' title='bbox 1111 2257 1210 2326; x_wconf 82' lang='grc' dir='ltr'>τῆς</span> <span class='ocrx_word' id='word_1_187' title='bbox 1238 2257 1413 2328; x_wconf 78' lang='grc' dir='ltr'>ψυχῆς</span> <span class='ocrx_word' id='word_1_188' title='bbox 1444 2260 1727 2328; x_wconf 83' lang='grc' dir='ltr'>ὑπερείδο-</span> 
     </span>
    </p>
   </div>
   <div class='ocr_carea' id='block_1_26' title="bbox 137 2342 1729 2420">
    <p class='ocr_par' dir='ltr' id='par_1_26' title="bbox 137 2342 1729 2420">
     <span class='ocr_line' id='line_1_26' title="bbox 137 2342 1729 2420; baseline 0.006 -29"><span class='ocrx_word' id='word_1_189' title='bbox 137 2358 268 2409; x_wconf 86' lang='grc' dir='ltr'>μεν,</span> <span class='ocrx_word' id='word_1_190' title='bbox 302 2342 397 2393; x_wconf 75' lang='grc' dir='ltr'>καὶ</span> <span class='ocrx_word' id='word_1_191' title='bbox 426 2342 485 2393; x_wconf 84' lang='grc' dir='ltr'>τὸ</span> <span class='ocrx_word' id='word_1_192' title='bbox 510 2343 773 2395; x_wconf 82' lang='grc' dir='ltr'>ὑλακτοῦν</span> <span class='ocrx_word' id='word_1_193' title='bbox 804 2345 1141 2415; x_wconf 75' lang='grc' dir='ltr'>ἀμυνόμεθα.</span> <span class='ocrx_word' id='word_1_194' title='bbox 1190 2347 1283 2399; x_wconf 88' lang='grc' dir='ltr'><strong>Ἐκ</strong></span> <span class='ocrx_word' id='word_1_195' title='bbox 1312 2349 1481 2420; x_wconf 83' lang='grc' dir='ltr'>πυρὸς</span> <span class='ocrx_word' id='word_1_196' title='bbox 1513 2348 1569 2401; x_wconf 90' lang='grc' dir='ltr'>δὲ</span> <span class='ocrx_word' id='word_1_197' title='bbox 1597 2367 1729 2420; x_wconf 86' lang='grc' dir='ltr'>προ-</span> 
     </span>
    </p>
   </div>
   <div class='ocr_carea' id='block_1_27' title="bbox 132 2433 1729 2511">
    <p class='ocr_par' dir='ltr' id='par_1_27' title="bbox 132 2433 1729 2511">
     <span class='ocr_line' id='line_1_27' title="bbox 132 2433 1729 2511; baseline 0.005 -26"><span class='ocrx_word' id='word_1_198' title='bbox 132 2433 399 2487; x_wconf 83' lang='grc' dir='ltr'>τεθεῖσαν</span> <span class='ocrx_word' id='word_1_199' title='bbox 432 2436 564 2503; x_wconf 80' lang='grc' dir='ltr'>ήμῖν</span> <span class='ocrx_word' id='word_1_200' title='bbox 603 2436 703 2505; x_wconf 85' lang='grc' dir='ltr'>τὴν</span> <span class='ocrx_word' id='word_1_201' title='bbox 747 2435 966 2507; x_wconf 81' lang='grc' dir='ltr'>ἐδωδὴν,</span> <span class='ocrx_word' id='word_1_202' title='bbox 994 2437 1095 2507; x_wconf 84' lang='grc' dir='ltr'>τὴν</span> <span class='ocrx_word' id='word_1_203' title='bbox 1124 2437 1332 2509; x_wconf 75' lang='grc' dir='ltr'>θερμὴν</span> <span class='ocrx_word' id='word_1_204' title='bbox 1357 2440 1561 2511; x_wconf 83' lang='grc' dir='ltr'>ταύτην</span> <span class='ocrx_word' id='word_1_205' title='bbox 1586 2440 1729 2507; x_wconf 89' lang='grc' dir='ltr'>λέγω</span> 
     </span>
    </p>
   </div>
   <div class='ocr_carea' id='block_1_28' title="bbox 134 2524 1728 2602">
    <p class='ocr_par' dir='ltr' id='par_1_28' title="bbox 134 2524 1728 2602">
     <span class='ocr_line' id='line_1_28' title="bbox 134 2524 1728 2602; baseline 0.007 -27"><span class='ocrx_word' id='word_1_206' title='bbox 134 2525 236 2576; x_wconf 73' lang='grc' dir='ltr'>καὶ</span> <span class='ocrx_word' id='word_1_207' title='bbox 268 2524 509 2597; x_wconf 79' lang='grc' dir='ltr'>ἐκπυρον</span> <span class='ocrx_word' id='word_1_208' title='bbox 556 2526 759 2589; x_wconf 81' lang='grc' dir='ltr'>πίστιν,</span> <span class='ocrx_word' id='word_1_209' title='bbox 806 2528 873 2595; x_wconf 86' lang='grc' dir='ltr'>ἥν</span> <span class='ocrx_word' id='word_1_210' title='bbox 899 2527 1164 2599; x_wconf 85' lang='grc' dir='ltr'>ἀμελλητὶ</span> <span class='ocrx_word' id='word_1_211' title='bbox 1196 2530 1625 2601; x_wconf 82' lang='grc' dir='ltr'>προσδεχόμεθα,</span> <span class='ocrx_word' id='word_1_212' title='bbox 1660 2526 1728 2602; x_wconf 82' lang='grc' dir='ltr'>ἧς</span> 
     </span>
    </p>
   </div>
   <div class='ocr_carea' id='block_1_29' title="bbox 134 2616 1728 2695">
    <p class='ocr_par' dir='ltr' id='par_1_29' title="bbox 134 2616 1728 2695">
     <span class='ocr_line' id='line_1_29' title="bbox 134 2616 1728 2695; baseline 0.006 -28"><span class='ocrx_word' id='word_1_213' title='bbox 134 2616 490 2686; x_wconf 71' lang='grc' dir='ltr'>ἐμφαγόντες</span> <span class='ocrx_word' id='word_1_214' title='bbox 526 2618 648 2670; x_wconf 86' lang='grc' dir='ltr'>ὅσον</span> <span class='ocrx_word' id='word_1_215' title='bbox 696 2621 757 2671; x_wconf 84' lang='grc' dir='ltr'><strong>ἐκ</strong></span> <span class='ocrx_word' id='word_1_216' title='bbox 814 2620 1105 2692; x_wconf 80' lang='grc' dir='ltr'>προχείρου</span> <span class='ocrx_word' id='word_1_217' title='bbox 1142 2622 1349 2688; x_wconf 88' lang='grc' dir='ltr'>γίνεται</span> <span class='ocrx_word' id='word_1_218' title='bbox 1397 2624 1599 2694; x_wconf 81' lang='grc' dir='ltr'>ληπτὸν</span> <span class='ocrx_word' id='word_1_219' title='bbox 1649 2624 1728 2695; x_wconf 83' lang='grc' dir='ltr'>τῷ</span> 
     </span>
    </p>
   </div>
   <div class='ocr_carea' id='block_1_30' title="bbox 135 2706 1728 2783">
    <p class='ocr_par' dir='ltr' id='par_1_30' title="bbox 135 2706 1728 2783">
     <span class='ocr_line' id='line_1_30' title="bbox 135 2706 1728 2783; baseline 0.006 -26"><span class='ocrx_word' id='word_1_220' title='bbox 135 2706 401 2770; x_wconf 86' lang='grc' dir='ltr'>ἐσθίοντι,</span> <span class='ocrx_word' id='word_1_221' title='bbox 432 2708 525 2759; x_wconf 74' lang='grc' dir='ltr'>καὶ</span> <span class='ocrx_word' id='word_1_222' title='bbox 578 2708 667 2760; x_wconf 84' lang='grc' dir='ltr'><strong>τὸν</strong></span> <span class='ocrx_word' id='word_1_223' title='bbox 717 2711 1094 2779; x_wconf 83' lang='grc' dir='ltr'>κεκρυμμένον</span> <span class='ocrx_word' id='word_1_224' title='bbox 1127 2714 1238 2774; x_wconf 90' lang='grc' dir='ltr'>τοῖς</span> <span class='ocrx_word' id='word_1_225' title='bbox 1269 2713 1643 2783; x_wconf 76' lang='grc' dir='ltr'>στερῤοτέροις</span> <span class='ocrx_word' id='word_1_226' title='bbox 1670 2732 1728 2767; x_wconf 84' lang='grc' dir='ltr'><strong>τε</strong></span> 
     </span>
    </p>
   </div>
   <div class='ocr_carea' id='block_1_31' title="bbox 136 2799 1729 2875">
    <p class='ocr_par' dir='ltr' id='par_1_31' title="bbox 136 2799 1729 2875">
     <span class='ocr_line' id='line_1_31' title="bbox 136 2799 1729 2875; baseline 0.004 -24"><span class='ocrx_word' id='word_1_227' title='bbox 136 2800 231 2851; x_wconf 68' lang='grc' dir='ltr'>καὶ</span> <span class='ocrx_word' id='word_1_228' title='bbox 272 2799 616 2871; x_wconf 82' lang='grc' dir='ltr'>δυσ-τρίπτοις</span> <span class='ocrx_word' id='word_1_229' title='bbox 642 2803 897 2872; x_wconf 78' lang='grc' dir='ltr'>νοήμασι,</span> <span class='ocrx_word' id='word_1_230' title='bbox 930 2803 1022 2855; x_wconf 77' lang='grc' dir='ltr'>καὶ</span> <span class='ocrx_word' id='word_1_231' title='bbox 1073 2801 1151 2870; x_wconf 83' lang='grc' dir='ltr'>τῷ</span> <span class='ocrx_word' id='word_1_232' title='bbox 1192 2802 1334 2873; x_wconf 86' lang='grc' dir='ltr'>λόγῳ</span> <span class='ocrx_word' id='word_1_233' title='bbox 1354 2843 1369 2865; x_wconf 87' lang='grc'><strong>,</strong></span> <span class='ocrx_word' id='word_1_234' title='bbox 1399 2804 1729 2875; x_wconf 85' lang='grc' dir='ltr'>ἀπεριέργα-</span> 
     </span>
    </p>
   </div>
   <div class='ocr_carea' id='block_1_32' title="bbox 139 2888 1728 2962">
    <p class='ocr_par' dir='ltr' id='par_1_32' title="bbox 139 2888 1728 2962">
     <span class='ocr_line' id='line_1_32' title="bbox 139 2888 1728 2962; baseline 0.003 -22"><span class='ocrx_word' id='word_1_235' title='bbox 139 2888 274 2940; x_wconf 85' lang='grc' dir='ltr'>στόν</span> <span class='ocrx_word' id='word_1_236' title='bbox 304 2906 362 2941; x_wconf 88' lang='grc' dir='ltr'><strong>τε</strong></span> <span class='ocrx_word' id='word_1_237' title='bbox 401 2892 494 2943; x_wconf 79' lang='grc' dir='ltr'>καὶ</span> <span class='ocrx_word' id='word_1_238' title='bbox 531 2890 1090 2961; x_wconf 84' lang='grc' dir='ltr'>ἀπολυπραγμόνητον</span> <span class='ocrx_word' id='word_1_239' title='bbox 1121 2890 1621 2961; x_wconf 86' lang='grc' dir='ltr'>καταλιμπάνομεν,</span> <span class='ocrx_word' id='word_1_240' title='bbox 1652 2892 1728 2962; x_wconf 83' lang='grc' dir='ltr'>τῷ</span> 
     </span>
    </p>
   </div>
   <div class='ocr_carea' id='block_1_33' title="bbox 137 2980 1729 3052">
    <p class='ocr_par' dir='ltr' id='par_1_33' title="bbox 137 2980 1729 3052">
     <span class='ocr_line' id='line_1_33' title="bbox 137 2980 1729 3052; baseline 0 -19"><span class='ocrx_word' id='word_1_241' title='bbox 137 2981 283 3052; x_wconf 73' lang='grc' dir='ltr'>πυρὶ</span> <span class='ocrx_word' id='word_1_242' title='bbox 336 2981 682 3052; x_wconf 81' lang='grc' dir='ltr'>προτιθέντες</span> <span class='ocrx_word' id='word_1_243' title='bbox 739 2981 837 3051; x_wconf 82' lang='grc' dir='ltr'>τὴν</span> <span class='ocrx_word' id='word_1_244' title='bbox 874 2980 1130 3051; x_wconf 77' lang='grc' dir='ltr'>τοιαύτην</span> <span class='ocrx_word' id='word_1_245' title='bbox 1177 2984 1404 3052; x_wconf 87' lang='grc' dir='ltr'>τροφήν.</span> <span class='ocrx_word' id='word_1_246' title='bbox 1458 2982 1543 3044; x_wconf 86' lang='grc' dir='ltr'>Ὡς</span> <span class='ocrx_word' id='word_1_247' title='bbox 1575 2981 1617 3033; x_wconf 78' lang='grc' dir='ltr'>δ’</span> <span class='ocrx_word' id='word_1_248' title='bbox 1663 2983 1729 3035; x_wconf 86' lang='grc' dir='ltr'>ἂν</span> 
     </span>
    </p>
   </div>
   <div class='ocr_carea' id='block_1_34' title="bbox 140 3073 1731 3144">
    <p class='ocr_par' dir='ltr' id='par_1_34' title="bbox 140 3073 1731 3144">
     <span class='ocr_line' id='line_1_34' title="bbox 140 3073 1731 3144; baseline 0.001 -17"><span class='ocrx_word' id='word_1_249' title='bbox 140 3073 508 3143; x_wconf 77' lang='grc' dir='ltr'>σαφηνισθείη</span> <span class='ocrx_word' id='word_1_250' title='bbox 540 3073 608 3126; x_wconf 79' lang='grc' dir='ltr'>τὰ</span> <span class='ocrx_word' id='word_1_251' title='bbox 657 3075 785 3144; x_wconf 70' lang='grc' dir='ltr'>περ).</span> <span class='ocrx_word' id='word_1_252' title='bbox 830 3073 1034 3127; x_wconf 79' lang='grc' dir='ltr'>τούτων</span> <span class='ocrx_word' id='word_1_253' title='bbox 1078 3074 1397 3143; x_wconf 76' lang='grc' dir='ltr'>αἰνίγματα,</span> <span class='ocrx_word' id='word_1_254' title='bbox 1428 3074 1602 3127; x_wconf 86' lang='grc' dir='ltr'>ταῦτά</span> <span class='ocrx_word' id='word_1_255' title='bbox 1630 3090 1731 3143; x_wconf 83' lang='grc' dir='ltr'>φα-</span> 
     </span>
    </p>
   </div>
   <div class='ocr_carea' id='block_1_35' title="bbox 140 3165 1729 3237">
    <p class='ocr_par' dir='ltr' id='par_1_35' title="bbox 140 3165 1729 3237">
     <span class='ocr_line' id='line_1_35' title="bbox 140 3165 1729 3237; baseline -0.001 -18"><span class='ocrx_word' id='word_1_256' title='bbox 140 3186 269 3236; x_wconf 85' lang='grc' dir='ltr'>μεν,</span> <span class='ocrx_word' id='word_1_257' title='bbox 302 3168 384 3219; x_wconf 80' lang='grc' dir='ltr'><strong>ὅτι</strong></span> <span class='ocrx_word' id='word_1_258' title='bbox 428 3166 538 3219; x_wconf 86' lang='grc' dir='ltr'><strong>τῶν</strong></span> <span class='ocrx_word' id='word_1_259' title='bbox 578 3166 737 3220; x_wconf 85' lang='grc' dir='ltr'>θείων</span> <span class='ocrx_word' id='word_1_260' title='bbox 787 3165 1264 3237; x_wconf 82' lang='grc' dir='ltr'>παραγγελμάτων</span> <span class='ocrx_word' id='word_1_261' title='bbox 1301 3167 1401 3219; x_wconf 83' lang='grc' dir='ltr'>ὅσα</span> <span class='ocrx_word' id='word_1_262' title='bbox 1442 3167 1541 3237; x_wconf 80' lang='grc' dir='ltr'>μὲν</span> <span class='ocrx_word' id='word_1_263' title='bbox 1596 3167 1729 3237; x_wconf 88' lang='grc' dir='ltr'>πρό-</span> 
     </span>
    </p>
   </div>
   <div class='ocr_carea' id='block_1_36' title="bbox 136 3254 1731 3327">
    <p class='ocr_par' dir='ltr' id='par_1_36' title="bbox 136 3254 1731 3327">
     <span class='ocr_line' id='line_1_36' title="bbox 136 3254 1731 3327; baseline 0.001 -18"><span class='ocrx_word' id='word_1_264' title='bbox 136 3273 330 3327; x_wconf 84' lang='grc' dir='ltr'>χειρον</span> <span class='ocrx_word' id='word_1_265' title='bbox 353 3254 450 3325; x_wconf 79' lang='grc' dir='ltr'>τὴν</span> <span class='ocrx_word' id='word_1_266' title='bbox 475 3256 799 3326; x_wconf 86' lang='grc' dir='ltr'>κατανόησιν</span> <span class='ocrx_word' id='word_1_267' title='bbox 824 3256 953 3325; x_wconf 75' lang='grc' dir='ltr'>ἔχει,</span> <span class='ocrx_word' id='word_1_268' title='bbox 977 3256 1035 3308; x_wconf 87' lang='lat'><strong>06</strong></span> <span class='ocrx_word' id='word_1_269' title='bbox 1058 3254 1299 3326; x_wconf 83' lang='grc' dir='ltr'>νωθρῶς,</span> <span class='ocrx_word' id='word_1_270' title='bbox 1316 3256 1435 3309; x_wconf 72' lang='grc' dir='ltr'>οὐδὲ</span> <span class='ocrx_word' id='word_1_271' title='bbox 1464 3274 1731 3327; x_wconf 87' lang='grc' dir='ltr'>κατηναγ-</span> 
     </span>
    </p>
   </div>
   <div class='ocr_carea' id='block_1_37' title="bbox 138 3341 1730 3416">
    <p class='ocr_par' dir='ltr' id='par_1_37' title="bbox 138 3341 1730 3416">
     <span class='ocr_line' id='line_1_37' title="bbox 138 3341 1730 3416; baseline 0 -17"><span class='ocrx_word' id='word_1_272' title='bbox 138 3345 441 3415; x_wconf 82' lang='grc' dir='ltr'>κασμένως</span> <span class='ocrx_word' id='word_1_273' title='bbox 492 3346 732 3415; x_wconf 78' lang='grc' dir='ltr'>μετιέναι</span> <span class='ocrx_word' id='word_1_274' title='bbox 776 3348 1081 3416; x_wconf 86' lang='grc' dir='ltr'>προσήκει·</span> <span class='ocrx_word' id='word_1_275' title='bbox 1121 3345 1236 3398; x_wconf 82' lang='grc' dir='ltr'>ἀλλ’</span> <span class='ocrx_word' id='word_1_276' title='bbox 1274 3341 1384 3399; x_wconf 76' lang='grc' dir='ltr'>οἷον</span> <span class='ocrx_word' id='word_1_277' title='bbox 1431 3347 1730 3410; x_wconf 87' lang='grc' dir='ltr'>πεινῶντας</span> 
     </span>
    </p>
   </div>
   <div class='ocr_carea' id='block_1_38' title="bbox 135 3434 1729 3505">
    <p class='ocr_par' dir='ltr' id='par_1_38' title="bbox 135 3434 1729 3505">
     <span class='ocr_line' id='line_1_38' title="bbox 135 3434 1729 3505; baseline 0 -18"><span class='ocrx_word' id='word_1_278' title='bbox 135 3435 238 3487; x_wconf 76' lang='grc' dir='ltr'>καὶ</span> <span class='ocrx_word' id='word_1_279' title='bbox 274 3435 393 3503; x_wconf 83' lang='grc' dir='ltr'>μετ’</span> <span class='ocrx_word' id='word_1_280' title='bbox 407 3434 637 3505; x_wconf 83' lang='grc' dir='ltr'>ὀρέξεως</span> <span class='ocrx_word' id='word_1_281' title='bbox 660 3434 1014 3504; x_wconf 79' lang='grc' dir='ltr'>ἐμφορεῖσθαι</span> <span class='ocrx_word' id='word_1_282' title='bbox 1043 3434 1150 3487; x_wconf 88' lang='grc' dir='ltr'><strong>τῶν</strong></span> <span class='ocrx_word' id='word_1_283' title='bbox 1172 3435 1566 3505; x_wconf 82' lang='grc' dir='ltr'>προκειμένων,</span> <span class='ocrx_word' id='word_1_284' title='bbox 1589 3435 1729 3488; x_wconf 84' lang='grc' dir='ltr'>ὥστε</span> 
     </span>
    </p>
   </div>
   <div class='ocr_carea' id='block_1_39' title="bbox 134 3525 1730 3597">
    <p class='ocr_par' dir='ltr' id='par_1_39' title="bbox 134 3525 1730 3597">
     <span class='ocr_line' id='line_1_39' title="bbox 134 3525 1730 3597; baseline 0.001 -18"><span class='ocrx_word' id='word_1_285' title='bbox 134 3525 406 3595; x_wconf 85' lang='grc' dir='ltr'>γενέσθαι</span> <span class='ocrx_word' id='word_1_286' title='bbox 433 3526 537 3595; x_wconf 88' lang='grc' dir='ltr'>τὴν</span> <span class='ocrx_word' id='word_1_287' title='bbox 565 3526 769 3597; x_wconf 79' lang='grc' dir='ltr'>τροφὴν</span> <span class='ocrx_word' id='word_1_288' title='bbox 814 3528 948 3597; x_wconf 75' lang='grc' dir='ltr'>ἡμῖν</span> <span class='ocrx_word' id='word_1_289' title='bbox 993 3526 1205 3591; x_wconf 79' lang='grc' dir='ltr'>εὐεξίας</span> <span class='ocrx_word' id='word_1_290' title='bbox 1248 3528 1479 3596; x_wconf 82' lang='grc' dir='ltr'>ἐφόδιον.</span> <span class='ocrx_word' id='word_1_291' title='bbox 1511 3529 1653 3581; x_wconf 86' lang='grc' dir='ltr'><strong>Ὅσα</strong></span> <span class='ocrx_word' id='word_1_292' title='bbox 1675 3528 1730 3581; x_wconf 85' lang='grc' dir='ltr'>δὲ</span> 
     </span>
    </p>
   </div>
   <div class='ocr_carea' id='block_1_40' title="bbox 133 3616 1729 3692">
    <p class='ocr_par' dir='ltr' id='par_1_40' title="bbox 133 3616 1729 3692">
     <span class='ocr_line' id='line_1_40' title="bbox 133 3616 1729 3692; baseline 0.001 -21"><span class='ocrx_word' id='word_1_293' title='bbox 133 3619 457 3690; x_wconf 76' lang='grc' dir='ltr'>κέκρυπται</span> <span class='ocrx_word' id='word_1_294' title='bbox 508 3618 616 3671; x_wconf 88' lang='grc' dir='ltr'><strong>τῶν</strong></span> <span class='ocrx_word' id='word_1_295' title='bbox 648 3620 953 3689; x_wconf 83' lang='grc' dir='ltr'>νοημάτων,</span> <span class='ocrx_word' id='word_1_296' title='bbox 978 3616 1089 3672; x_wconf 72' lang='grc' dir='ltr'>οἷον</span> <span class='ocrx_word' id='word_1_297' title='bbox 1120 3620 1181 3672; x_wconf 87' lang='grc' dir='ltr'>τὸ</span> <span class='ocrx_word' id='word_1_298' title='bbox 1215 3620 1415 3692; x_wconf 83' lang='grc' dir='ltr'>ζητεῖν,</span> <span class='ocrx_word' id='word_1_299' title='bbox 1447 3620 1533 3683; x_wconf 89' lang='grc' dir='ltr'><strong>τίς</strong></span> <span class='ocrx_word' id='word_1_300' title='bbox 1568 3623 1600 3691; x_wconf 84' lang='grc' dir='ltr'>ἠ</span> <span class='ocrx_word' id='word_1_301' title='bbox 1635 3621 1729 3673; x_wconf 86' lang='lat'><strong>06-</strong></span> 
     </span>
    </p>
   </div>
   <div class='ocr_carea' id='block_1_41' title="bbox 139 3706 1730 3781">
    <p class='ocr_par' dir='ltr' id='par_1_41' title="bbox 139 3706 1730 3781">
     <span class='ocr_line' id='line_1_41' title="bbox 139 3706 1730 3781; baseline 0.003 -20"><span class='ocrx_word' id='word_1_302' title='bbox 139 3710 232 3762; x_wconf 86' lang='grc' dir='ltr'><strong>σία</strong></span> <span class='ocrx_word' id='word_1_303' title='bbox 253 3708 355 3761; x_wconf 88' lang='grc' dir='ltr'><strong>τοῦ</strong></span> <span class='ocrx_word' id='word_1_304' title='bbox 379 3706 546 3776; x_wconf 85' lang='grc' dir='ltr'>Θεοῦ;</span> <span class='ocrx_word' id='word_1_305' title='bbox 575 3709 628 3761; x_wconf 92' lang='grc' dir='ltr'><strong>τί</strong></span> <span class='ocrx_word' id='word_1_306' title='bbox 660 3710 763 3780; x_wconf 78' lang='grc' dir='ltr'><strong>πρὸ</strong></span> <span class='ocrx_word' id='word_1_307' title='bbox 800 3710 897 3780; x_wconf 82' lang='grc' dir='ltr'>τῆς</span> <span class='ocrx_word' id='word_1_308' title='bbox 929 3712 1158 3774; x_wconf 87' lang='grc' dir='ltr'>κτίσεως</span> <span class='ocrx_word' id='word_1_309' title='bbox 1181 3706 1247 3781; x_wconf 80' lang='grc' dir='ltr'>ἦν</span> <span class='ocrx_word' id='word_1_310' title='bbox 1273 3728 1287 3777; x_wconf 93' lang='grc'>;</span> <span class='ocrx_word' id='word_1_311' title='bbox 1315 3712 1367 3764; x_wconf 90' lang='grc' dir='ltr'><strong>τί</strong></span> <span class='ocrx_word' id='word_1_312' title='bbox 1393 3711 1452 3765; x_wconf 86' lang='grc' dir='ltr'>τὸ</span> <span class='ocrx_word' id='word_1_313' title='bbox 1479 3711 1583 3777; x_wconf 84' lang='grc' dir='ltr'><strong>ἔξω</strong></span> <span class='ocrx_word' id='word_1_314' title='bbox 1622 3713 1730 3766; x_wconf 84' lang='grc' dir='ltr'><strong>τῶν</strong></span> 
     </span>
    </p>
   </div>
   <div class='ocr_carea' id='block_1_42' title="bbox 140 3800 1726 3874">
    <p class='ocr_par' dir='ltr' id='par_1_42' title="bbox 140 3800 1726 3874">
     <span class='ocr_line' id='line_1_42' title="bbox 140 3800 1726 3874; baseline 0.004 -21"><span class='ocrx_word' id='word_1_315' title='bbox 140 3800 493 3871; x_wconf 74' lang='grc' dir='ltr'>φαινομένων</span> <span class='ocrx_word' id='word_1_316' title='bbox 514 3817 528 3866; x_wconf 89' lang='lat'><strong>;</strong></span> <span class='ocrx_word' id='word_1_317' title='bbox 551 3801 635 3865; x_wconf 87' lang='grc' dir='ltr'><strong>τίς</strong></span> <span class='ocrx_word' id='word_1_318' title='bbox 663 3803 699 3872; x_wconf 82' lang='grc' dir='ltr'><strong>ἡ</strong></span> <span class='ocrx_word' id='word_1_319' title='bbox 730 3802 939 3873; x_wconf 87' lang='grc' dir='ltr'>ἀνάγκη</span> <span class='ocrx_word' id='word_1_320' title='bbox 987 3804 1096 3855; x_wconf 87' lang='grc' dir='ltr'><strong>τῶν</strong></span> <span class='ocrx_word' id='word_1_321' title='bbox 1140 3805 1469 3874; x_wconf 88' lang='grc' dir='ltr'>γινομένων;</span> <span class='ocrx_word' id='word_1_322' title='bbox 1505 3807 1600 3859; x_wconf 74' lang='grc' dir='ltr'>καὶ</span> <span class='ocrx_word' id='word_1_323' title='bbox 1629 3808 1726 3859; x_wconf 86' lang='grc' dir='ltr'>ὃσα</span> 
     </span>
    </p>
   </div>
   <div class='ocr_carea' id='block_1_43' title="bbox 138 3892 1730 3967">
    <p class='ocr_par' dir='ltr' id='par_1_43' title="bbox 138 3892 1730 3967">
     <span class='ocr_line' id='line_1_43' title="bbox 138 3892 1730 3967; baseline 0.003 -23"><span class='ocrx_word' id='word_1_324' title='bbox 138 3892 375 3945; x_wconf 83' lang='grc' dir='ltr'>τοιαῦτα</span> <span class='ocrx_word' id='word_1_325' title='bbox 416 3892 521 3945; x_wconf 78' lang='grc' dir='ltr'><strong>ὑπὸ</strong></span> <span class='ocrx_word' id='word_1_326' title='bbox 568 3892 677 3945; x_wconf 88' lang='grc' dir='ltr'><strong>τῶν</strong></span> <span class='ocrx_word' id='word_1_327' title='bbox 729 3893 1034 3964; x_wconf 79' lang='grc' dir='ltr'>περιέργων</span> <span class='ocrx_word' id='word_1_328' title='bbox 1097 3895 1382 3966; x_wconf 80' lang='grc' dir='ltr'>ἐρευνᾶται</span> <span class='ocrx_word' id='word_1_329' title='bbox 1421 3914 1435 3928; x_wconf 72' lang='grc'><strong><em>⁸</em></strong></span> <span class='ocrx_word' id='word_1_330' title='bbox 1464 3897 1541 3967; x_wconf 83' lang='grc' dir='ltr'>τῷ</span> <span class='ocrx_word' id='word_1_331' title='bbox 1590 3898 1730 3967; x_wconf 81' lang='grc' dir='ltr'>ἁγίῳ</span> 
     </span>
    </p>
   </div>
   <div class='ocr_carea' id='block_1_44' title="bbox 141 3983 1730 4059">
    <p class='ocr_par' dir='ltr' id='par_1_44' title="bbox 141 3983 1730 4059">
     <span class='ocr_line' id='line_1_44' title="bbox 141 3983 1730 4059; baseline 0.003 -23"><span class='ocrx_word' id='word_1_332' title='bbox 141 3983 429 4053; x_wconf 76' lang='grc' dir='ltr'>Πνεὺματι</span> <span class='ocrx_word' id='word_1_333' title='bbox 481 3987 782 4055; x_wconf 84' lang='grc' dir='ltr'>συγχωρεῖν</span> <span class='ocrx_word' id='word_1_334' title='bbox 818 3986 962 4055; x_wconf 84' lang='grc' dir='ltr'>μόνῳ</span> <span class='ocrx_word' id='word_1_335' title='bbox 1006 3985 1324 4054; x_wconf 82' lang='grc' dir='ltr'>γινώσκειν,</span> <span class='ocrx_word' id='word_1_336' title='bbox 1363 3986 1441 4057; x_wconf 81' lang='grc' dir='ltr'><strong>τῷ</strong></span> <span class='ocrx_word' id='word_1_337' title='bbox 1477 3987 1545 4041; x_wconf 79' lang='grc' dir='ltr'><strong>τὰ</strong></span> <span class='ocrx_word' id='word_1_338' title='bbox 1591 3988 1730 4059; x_wconf 87' lang='grc' dir='ltr'>βάθη</span> 
     </span>
    </p>
   </div>
   <div class='ocr_carea' id='block_1_45' title="bbox 140 4075 1726 4149">
    <p class='ocr_par' dir='ltr' id='par_1_45' title="bbox 140 4075 1726 4149">
     <span class='ocr_line' id='line_1_45' title="bbox 140 4075 1726 4149; baseline 0.003 -21"><span class='ocrx_word' id='word_1_339' title='bbox 140 4075 239 4129; x_wconf 81' lang='grc' dir='ltr'><strong>τοῦ</strong></span> <span class='ocrx_word' id='word_1_340' title='bbox 292 4076 431 4129; x_wconf 85' lang='grc' dir='ltr'>Θεοῦ</span> <span class='ocrx_word' id='word_1_341' title='bbox 477 4076 840 4147; x_wconf 81' lang='grc' dir='ltr'>διερευνῶντι,</span> <span class='ocrx_word' id='word_1_342' title='bbox 884 4077 1066 4141; x_wconf 85' lang='grc' dir='ltr'>καθώς</span> <span class='ocrx_word' id='word_1_343' title='bbox 1114 4096 1277 4149; x_wconf 87' lang='grc' dir='ltr'>φησιν</span> <span class='ocrx_word' id='word_1_344' title='bbox 1318 4079 1346 4131; x_wconf 92' lang='lat'><strong>6</strong></span> <span class='ocrx_word' id='word_1_345' title='bbox 1387 4080 1726 4145; x_wconf 86' lang='grc' dir='ltr'>Ἀπόστολος.</span> 
     </span>
    </p>
   </div>
   <div class='ocr_carea' id='block_1_46' title="bbox 143 4168 1728 4244">
    <p class='ocr_par' dir='ltr' id='par_1_46' title="bbox 143 4168 1728 4244">
     <span class='ocr_line' id='line_1_46' title="bbox 143 4168 1728 4244; baseline 0.003 -24"><span class='ocrx_word' id='word_1_346' title='bbox 143 4168 220 4220; x_wconf 85' lang='lat' dir='ltr'><em>T6</em></span> <span class='ocrx_word' id='word_1_347' title='bbox 251 4169 367 4239; x_wconf 84' lang='grc' dir='ltr'>γὰρ</span> <span class='ocrx_word' id='word_1_348' title='bbox 385 4168 505 4221; x_wconf 76' lang='grc' dir='ltr'>ἀντὶ</span> <span class='ocrx_word' id='word_1_349' title='bbox 527 4169 619 4221; x_wconf 86' lang='grc' dir='ltr'><strong>τοῦ</strong></span> <span class='ocrx_word' id='word_1_350' title='bbox 651 4168 962 4238; x_wconf 80' lang='grc' dir='ltr'>Πνεῦματος</span> <span class='ocrx_word' id='word_1_351' title='bbox 987 4169 1093 4222; x_wconf 79' lang='grc' dir='ltr'><strong>ὑπὸ</strong></span> <span class='ocrx_word' id='word_1_352' title='bbox 1119 4169 1217 4238; x_wconf 80' lang='grc' dir='ltr'>τῆς</span> <span class='ocrx_word' id='word_1_353' title='bbox 1243 4171 1282 4221; x_wconf 89' lang='grc' dir='ltr'><strong>Γ</strong></span> <span class='ocrx_word' id='word_1_354' title='bbox 1288 4174 1464 4240; x_wconf 83' lang='grc' dir='ltr'>ραφῆς</span> <span class='ocrx_word' id='word_1_355' title='bbox 1493 4172 1728 4244; x_wconf 79' lang='grc' dir='ltr'>πολλαχῆ</span> 
     </span>
    </p>
   </div>
   <div class='ocr_carea' id='block_1_47' title="bbox 143 4257 1731 4329">
    <p class='ocr_par' dir='ltr' id='par_1_47' title="bbox 143 4257 1731 4329">
     <span class='ocr_line' id='line_1_47' title="bbox 143 4257 1731 4329; baseline 0.002 -18"><span class='ocrx_word' id='word_1_356' title='bbox 143 4260 206 4312; x_wconf 77' lang='grc' dir='ltr'>τὸ</span> <span class='ocrx_word' id='word_1_357' title='bbox 252 4257 370 4329; x_wconf 83' lang='grc' dir='ltr'><strong>πῦρ</strong></span> <span class='ocrx_word' id='word_1_358' title='bbox 402 4259 832 4329; x_wconf 80' lang='grc' dir='ltr'>μνημονεύεσθαί</span> <span class='ocrx_word' id='word_1_359' title='bbox 872 4277 931 4312; x_wconf 89' lang='grc' dir='ltr'><strong>τε</strong></span> <span class='ocrx_word' id='word_1_360' title='bbox 960 4261 1051 4313; x_wconf 70' lang='grc' dir='ltr'>καὶ</span> <span class='ocrx_word' id='word_1_361' title='bbox 1095 4260 1496 4327; x_wconf 82' lang='grc' dir='ltr'>ὀνομάζεσθαι,</span> <span class='ocrx_word' id='word_1_362' title='bbox 1520 4263 1620 4316; x_wconf 80' lang='grc' dir='ltr'>οὐκ</span> <span class='ocrx_word' id='word_1_363' title='bbox 1662 4263 1731 4317; x_wconf 77' lang='grc' dir='ltr'>ἄν</span> 
     </span>
    </p>
   </div>
   <div class='ocr_carea' id='block_1_48' title="bbox 144 4350 1733 4425">
    <p class='ocr_par' dir='ltr' id='par_1_48' title="bbox 144 4350 1733 4425">
     <span class='ocr_line' id='line_1_48' title="bbox 144 4350 1733 4425; baseline 0.004 -24"><span class='ocrx_word' id='word_1_364' title='bbox 144 4367 230 4413; x_wconf 92' lang='grc' dir='ltr'><strong>τις</strong></span> <span class='ocrx_word' id='word_1_365' title='bbox 259 4350 372 4403; x_wconf 84' lang='grc' dir='ltr'><strong>τῶν</strong></span> <span class='ocrx_word' id='word_1_366' title='bbox 399 4352 843 4422; x_wconf 85' lang='grc' dir='ltr'>πεπαιδευμένων</span> <span class='ocrx_word' id='word_1_367' title='bbox 866 4350 964 4422; x_wconf 84' lang='grc' dir='ltr'>τὴν</span> <span class='ocrx_word' id='word_1_368' title='bbox 984 4351 1201 4422; x_wconf 69' lang='grc' dir='ltr'>Γραφὴν</span> <span class='ocrx_word' id='word_1_369' title='bbox 1222 4353 1527 4421; x_wconf 87' lang='grc' dir='ltr'>ἁγνοήσειε.</span> <span class='ocrx_word' id='word_1_370' title='bbox 1557 4355 1733 4425; x_wconf 83' lang='grc' dir='ltr'>Προσ-</span> 
     </span>
    </p>
   </div>
   <div class='ocr_carea' id='block_1_49' title="bbox 1831 508 3418 577">
    <p class='ocr_par' dir='ltr' id='par_1_49' title="bbox 1831 508 3418 577">
     <span class='ocr_line' id='line_1_49' title="bbox 1831 508 3418 577; baseline -0.009 -1"><span class='ocrx_word' id='word_1_371' title='bbox 1831 520 2116 577; x_wconf 90' lang='lat' dir='ltr'><strong>visendum</strong></span> <span class='ocrx_word' id='word_1_372' title='bbox 2169 520 2346 573; x_wconf 93' lang='lat' dir='ltr'><strong>obiter</strong></span> <span class='ocrx_word' id='word_1_373' title='bbox 2400 517 2504 571; x_wconf 91' lang='lat' dir='ltr'><strong>hoc</strong></span> <span class='ocrx_word' id='word_1_374' title='bbox 2533 530 2706 570; x_wconf 70' lang='lat' dir='ltr'><strong>aevum</strong></span> <span class='ocrx_word' id='word_1_375' title='bbox 2766 511 3100 569; x_wconf 84' lang='lat' dir='ltr'><strong>accedimus.</strong></span> <span class='ocrx_word' id='word_1_376' title='bbox 3150 517 3204 565; x_wconf 87' lang='lat' dir='ltr'><strong>et</strong></span> <span class='ocrx_word' id='word_1_377' title='bbox 3252 508 3418 562; x_wconf 80' lang='lat' dir='ltr'><strong>simul</strong></span> 
     </span>
    </p>
   </div>
   <div class='ocr_carea' id='block_1_50' title="bbox 1829 598 3415 679">
    <p class='ocr_par' dir='ltr' id='par_1_50' title="bbox 1829 598 3415 679">
     <span class='ocr_line' id='line_1_50' title="bbox 1829 598 3415 679; baseline -0.011 -14"><span class='ocrx_word' id='word_1_378' title='bbox 1829 620 1995 679; x_wconf 83' lang='lat' dir='ltr'><strong>atque</strong></span> <span class='ocrx_word' id='word_1_379' title='bbox 2050 609 2161 663; x_wconf 85' lang='lat' dir='ltr'><strong>nati</strong></span> <span class='ocrx_word' id='word_1_380' title='bbox 2192 622 2409 670; x_wconf 88' lang='lat' dir='ltr'><strong>sumus,</strong></span> <span class='ocrx_word' id='word_1_381' title='bbox 2430 606 2497 658; x_wconf 87' lang='lat' dir='ltr'><strong>ad</strong></span> <span class='ocrx_word' id='word_1_382' title='bbox 2548 605 2755 657; x_wconf 72' lang='lat' dir='ltr'><strong>exitum</strong></span> <span class='ocrx_word' id='word_1_383' title='bbox 2811 602 3139 657; x_wconf 87' lang='lat' dir='ltr'><strong>necessitate</strong></span> <span class='ocrx_word' id='word_1_384' title='bbox 3182 598 3415 667; x_wconf 87' lang='lat' dir='ltr'><strong>quadam</strong></span> 
     </span>
    </p>
   </div>
   <div class='ocr_carea' id='block_1_51' title="bbox 1828 692 3415 772">
    <p class='ocr_par' dir='ltr' id='par_1_51' title="bbox 1828 692 3415 772">
     <span class='ocr_line' id='line_1_51' title="bbox 1828 692 3415 772; baseline -0.009 -16"><span class='ocrx_word' id='word_1_385' title='bbox 1828 703 2229 772; x_wconf 83' lang='lat' dir='ltr'><strong>compellimur,</strong></span> <span class='ocrx_word' id='word_1_386' title='bbox 2262 700 2327 752; x_wconf 88' lang='lat' dir='ltr'><strong>ad</strong></span> <span class='ocrx_word' id='word_1_387' title='bbox 2356 714 2475 766; x_wconf 73' lang='lat' dir='ltr'><strong>qua:</strong></span> <span class='ocrx_word' id='word_1_388' title='bbox 2507 702 2841 765; x_wconf 72' lang='lat' dir='ltr'><strong>praeparatos</strong></span> <span class='ocrx_word' id='word_1_389' title='bbox 2878 708 2977 746; x_wconf 92' lang='lat' dir='ltr'><strong>nos</strong></span> <span class='ocrx_word' id='word_1_390' title='bbox 3021 707 3143 745; x_wconf 90' lang='lat' dir='ltr'><strong>esse</strong></span> <span class='ocrx_word' id='word_1_391' title='bbox 3175 692 3290 742; x_wconf 61' lang='lat' dir='ltr'><strong>vult</strong></span> <span class='ocrx_word' id='word_1_392' title='bbox 3320 704 3415 757; x_wconf 80' lang='lat' dir='ltr'><strong>pe-</strong></span> 
     </span>
    </p>
   </div>
   <div class='ocr_carea' id='block_1_52' title="bbox 1828 776 3417 855">
    <p class='ocr_par' dir='ltr' id='par_1_52' title="bbox 1828 776 3417 855">
     <span class='ocr_line' id='line_1_52' title="bbox 1828 776 3417 855; baseline -0.012 -7"><span class='ocrx_word' id='word_1_393' title='bbox 1828 795 1991 848; x_wconf 89' lang='lat' dir='ltr'><strong>dibus</strong></span> <span class='ocrx_word' id='word_1_394' title='bbox 2019 799 2073 846; x_wconf 85' lang='lat' dir='ltr'><strong>et</strong></span> <span class='ocrx_word' id='word_1_395' title='bbox 2106 790 2378 850; x_wconf 85' lang='lat' dir='ltr'><strong>manibus,</strong></span> <span class='ocrx_word' id='word_1_396' title='bbox 2417 788 2735 855; x_wconf 88' lang='lat' dir='ltr'><strong>reliquoque</strong></span> <span class='ocrx_word' id='word_1_397' title='bbox 2768 782 2833 835; x_wconf 90' lang='lat' dir='ltr'><strong>ad</strong></span> <span class='ocrx_word' id='word_1_398' title='bbox 2868 782 2969 833; x_wconf 90' lang='lat' dir='ltr'><strong>iter</strong></span> <span class='ocrx_word' id='word_1_399' title='bbox 3021 789 3303 847; x_wconf 85' lang='lat' dir='ltr'><strong>apparatu.</strong></span> <span class='ocrx_word' id='word_1_400' title='bbox 3340 776 3417 829; x_wconf 78' lang='lat' dir='ltr'><strong>Ne</strong></span> 
     </span>
    </p>
   </div>
   <div class='ocr_carea' id='block_1_53' title="bbox 1828 869 3409 955">
    <p class='ocr_par' dir='ltr' id='par_1_53' title="bbox 1828 869 3409 955">
     <span class='ocr_line' id='line_1_53' title="bbox 1828 869 3409 955; baseline -0.014 -13"><span class='ocrx_word' id='word_1_401' title='bbox 1828 886 1995 955; x_wconf 77' lang='lat' dir='ltr'><strong>igitur</strong></span> <span class='ocrx_word' id='word_1_402' title='bbox 2030 883 2205 951; x_wconf 81' lang='lat' dir='ltr'><strong>spinis</strong></span> <span class='ocrx_word' id='word_1_403' title='bbox 2234 881 2287 933; x_wconf 90' lang='lat' dir='ltr'><strong>in</strong></span> <span class='ocrx_word' id='word_1_404' title='bbox 2315 881 2417 934; x_wconf 85' lang='lat' dir='ltr'><strong>hoc</strong></span> <span class='ocrx_word' id='word_1_405' title='bbox 2460 878 2632 931; x_wconf 87' lang='lat' dir='ltr'><strong>arduo</strong></span> <span class='ocrx_word' id='word_1_406' title='bbox 2662 874 2878 928; x_wconf 85' lang='lat' dir='ltr'><strong>vivendi</strong></span> <span class='ocrx_word' id='word_1_407' title='bbox 2913 874 3101 927; x_wconf 80' lang='lat' dir='ltr'><strong>itinere</strong></span> <span class='ocrx_word' id='word_1_408' title='bbox 3130 872 3291 939; x_wconf 68' lang='lat' dir='ltr'><strong>pelles</strong></span> <span class='ocrx_word' id='word_1_409' title='bbox 3322 869 3409 921; x_wconf 76' lang='lat' dir='ltr'><strong>lae-</strong></span> 
     </span>
    </p>
   </div>
   <div class='ocr_carea' id='block_1_54' title="bbox 1826 964 3421 1041">
    <p class='ocr_par' dir='ltr' id='par_1_54' title="bbox 1826 964 3421 1041">
     <span class='ocr_line' id='line_1_54' title="bbox 1826 964 3421 1041; baseline -0.013 -9"><span class='ocrx_word' id='word_1_410' title='bbox 1826 980 2157 1040; x_wconf 87' lang='lat' dir='ltr'><strong>dantur,non</strong></span> <span class='ocrx_word' id='word_1_411' title='bbox 2178 973 2338 1027; x_wconf 90' lang='lat' dir='ltr'><strong>nudis</strong></span> <span class='ocrx_word' id='word_1_412' title='bbox 2356 967 2703 1041; x_wconf 82' lang='lat' dir='ltr'><strong>pedibus,sed</strong></span> <span class='ocrx_word' id='word_1_413' title='bbox 2723 966 3037 1020; x_wconf 88' lang='lat' dir='ltr'><strong>durioribus</strong></span> <span class='ocrx_word' id='word_1_414' title='bbox 3056 964 3255 1018; x_wconf 81' lang='lat' dir='ltr'><strong>calceis</strong></span> <span class='ocrx_word' id='word_1_415' title='bbox 3272 977 3421 1016; x_wconf 82' lang='lat' dir='ltr'><strong>com-</strong></span> 
     </span>
    </p>
   </div>
   <div class='ocr_carea' id='block_1_55' title="bbox 1826 1053 3418 1129">
    <p class='ocr_par' dir='ltr' id='par_1_55' title="bbox 1826 1053 3418 1129">
     <span class='ocr_line' id='line_1_55' title="bbox 1826 1053 3418 1129; baseline -0.009 -6"><span class='ocrx_word' id='word_1_416' title='bbox 1826 1070 2020 1123; x_wconf 90' lang='lat' dir='ltr'><strong>muniti</strong></span> <span class='ocrx_word' id='word_1_417' title='bbox 2044 1067 2303 1121; x_wconf 89' lang='lat' dir='ltr'><strong>itinerare</strong></span> <span class='ocrx_word' id='word_1_418' title='bbox 2319 1065 2599 1118; x_wconf 83' lang='lat' dir='ltr'><strong>debemus.</strong></span> <span class='ocrx_word' id='word_1_419' title='bbox 2622 1057 2805 1129; x_wconf 70' lang='lat' dir='ltr'><strong>Spinae</strong></span> <span class='ocrx_word' id='word_1_420' title='bbox 2828 1068 3029 1121; x_wconf 87' lang='lat' dir='ltr'><strong>autem,</strong></span> <span class='ocrx_word' id='word_1_421' title='bbox 3046 1071 3166 1125; x_wconf 68' lang='lat' dir='ltr'><strong>quae</strong></span> <span class='ocrx_word' id='word_1_422' title='bbox 3185 1053 3418 1124; x_wconf 84' lang='lat' dir='ltr'><strong>pedibus</strong></span> 
     </span>
    </p>
   </div>
   <div class='ocr_carea' id='block_1_56' title="bbox 1826 1149 3413 1221">
    <p class='ocr_par' dir='ltr' id='par_1_56' title="bbox 1826 1149 3413 1221">
     <span class='ocr_line' id='line_1_56' title="bbox 1826 1149 3413 1221; baseline -0.011 -5"><span class='ocrx_word' id='word_1_423' title='bbox 1826 1164 2003 1216; x_wconf 74' lang='lat' dir='ltr'><strong>inﬁxae</strong></span> <span class='ocrx_word' id='word_1_424' title='bbox 2022 1176 2129 1214; x_wconf 92' lang='lat' dir='ltr'><strong>non</strong></span> <span class='ocrx_word' id='word_1_425' title='bbox 2151 1159 2325 1213; x_wconf 86' lang='lat' dir='ltr'><strong>solum</strong></span> <span class='ocrx_word' id='word_1_426' title='bbox 2342 1156 2579 1210; x_wconf 90' lang='lat' dir='ltr'><strong>retinent</strong></span> <span class='ocrx_word' id='word_1_427' title='bbox 2606 1152 3015 1221; x_wconf 87' lang='lat' dir='ltr'><strong>retardantque,</strong></span> <span class='ocrx_word' id='word_1_428' title='bbox 3036 1165 3220 1204; x_wconf 90' lang='lat' dir='ltr'><strong>verum</strong></span> <span class='ocrx_word' id='word_1_429' title='bbox 3249 1149 3413 1201; x_wconf 87' lang='lat' dir='ltr'><strong>etiam</strong></span> 
     </span>
    </p>
   </div>
   <div class='ocr_carea' id='block_1_57' title="bbox 1826 1240 3413 1318">
    <p class='ocr_par' dir='ltr' id='par_1_57' title="bbox 1826 1240 3413 1318">
     <span class='ocr_line' id='line_1_57' title="bbox 1826 1240 3413 1318; baseline -0.011 -11"><span class='ocrx_word' id='word_1_430' title='bbox 1826 1259 2080 1310; x_wconf 89' lang='lat' dir='ltr'><strong>enecant,</strong></span> <span class='ocrx_word' id='word_1_431' title='bbox 2108 1256 2328 1318; x_wconf 78' lang='lat' dir='ltr'><strong>peccata</strong></span> <span class='ocrx_word' id='word_1_432' title='bbox 2361 1256 2510 1306; x_wconf 86' lang='lat' dir='ltr'><strong>sunt,</strong></span> <span class='ocrx_word' id='word_1_433' title='bbox 2558 1259 2586 1297; x_wconf 90' lang='lat' dir='ltr'><strong>a</strong></span> <span class='ocrx_word' id='word_1_434' title='bbox 2612 1245 2809 1313; x_wconf 85' lang='lat' dir='ltr'><strong>quibus</strong></span> <span class='ocrx_word' id='word_1_435' title='bbox 2836 1242 3063 1297; x_wconf 80' lang='lat' dir='ltr'><strong>durities</strong></span> <span class='ocrx_word' id='word_1_436' title='bbox 3107 1240 3413 1293; x_wconf 84' lang='lat' dir='ltr'><strong>calceorum</strong></span> 
     </span>
    </p>
   </div>
   <div class='ocr_carea' id='block_1_58' title="bbox 1825 1329 3413 1402">
    <p class='ocr_par' dir='ltr' id='par_1_58' title="bbox 1825 1329 3413 1402">
     <span class='ocr_line' id='line_1_58' title="bbox 1825 1329 3413 1402; baseline -0.011 -7"><span class='ocrx_word' id='word_1_437' title='bbox 1825 1342 2083 1402; x_wconf 78' lang='lat' dir='ltr'><strong>defendit,</strong></span> <span class='ocrx_word' id='word_1_438' title='bbox 2099 1335 2571 1393; x_wconf 86' lang='lat' dir='ltr'><strong>contiuentissima</strong></span> <span class='ocrx_word' id='word_1_439' title='bbox 2586 1334 2857 1394; x_wconf 89' lang='lat' dir='ltr'><strong>videlicet,</strong></span> <span class='ocrx_word' id='word_1_440' title='bbox 2876 1333 3055 1386; x_wconf 86' lang='lat' dir='ltr'><strong>tenuis</strong></span> <span class='ocrx_word' id='word_1_441' title='bbox 3073 1347 3135 1383; x_wconf 87' lang='lat' dir='ltr'><strong>ac</strong></span> <span class='ocrx_word' id='word_1_442' title='bbox 3152 1331 3285 1382; x_wconf 89' lang='lat' dir='ltr'><strong>dura</strong></span> <span class='ocrx_word' id='word_1_443' title='bbox 3305 1329 3413 1379; x_wconf 84' lang='lat' dir='ltr'><strong>vita</strong></span> 
     </span>
    </p>
   </div>
   <div class='ocr_carea' id='block_1_59' title="bbox 1825 1423 3414 1501">
    <p class='ocr_par' dir='ltr' id='par_1_59' title="bbox 1825 1423 3414 1501">
     <span class='ocr_line' id='line_1_59' title="bbox 1825 1423 3414 1501; baseline -0.007 -16"><span class='ocrx_word' id='word_1_444' title='bbox 1825 1449 1945 1501; x_wconf 71' lang='lat' dir='ltr'><strong>qua:</strong></span> <span class='ocrx_word' id='word_1_445' title='bbox 1966 1432 2400 1495; x_wconf 86' lang='lat' dir='ltr'><strong>debilitat,atque</strong></span> <span class='ocrx_word' id='word_1_446' title='bbox 2418 1428 2618 1495; x_wconf 77' lang='lat' dir='ltr'><strong>frangit</strong></span> <span class='ocrx_word' id='word_1_447' title='bbox 2638 1427 2916 1494; x_wconf 76' lang='lat' dir='ltr'><strong>spinarum</strong></span> <span class='ocrx_word' id='word_1_448' title='bbox 2935 1424 3185 1477; x_wconf 86' lang='lat' dir='ltr'><strong>acumina</strong></span> <span class='ocrx_word' id='word_1_449' title='bbox 3214 1423 3414 1490; x_wconf 84' lang='lat' dir='ltr'><strong>quibus</strong></span> 
     </span>
    </p>
   </div>
   <div class='ocr_carea' id='block_1_60' title="bbox 1827 1517 3417 1594">
    <p class='ocr_par' dir='ltr' id='par_1_60' title="bbox 1827 1517 3417 1594">
     <span class='ocr_line' id='line_1_60' title="bbox 1827 1517 3417 1594; baseline -0.008 -18"><span class='ocrx_word' id='word_1_450' title='bbox 1827 1541 1853 1576; x_wconf 89' lang='lat' dir='ltr'><strong>a</strong></span> <span class='ocrx_word' id='word_1_451' title='bbox 1879 1539 2046 1594; x_wconf 88' lang='lat' dir='ltr'><strong>parvo</strong></span> <span class='ocrx_word' id='word_1_452' title='bbox 2072 1522 2328 1590; x_wconf 85' lang='lat' dir='ltr'><strong>tenuique</strong></span> <span class='ocrx_word' id='word_1_453' title='bbox 2350 1519 2618 1589; x_wconf 91' lang='lat' dir='ltr'><strong>principio</strong></span> <span class='ocrx_word' id='word_1_454' title='bbox 2649 1518 2713 1571; x_wconf 86' lang='lat' dir='ltr'><strong>ad</strong></span> <span class='ocrx_word' id='word_1_455' title='bbox 2743 1517 3002 1572; x_wconf 87' lang='lat' dir='ltr'><strong>interiora</strong></span> <span class='ocrx_word' id='word_1_456' title='bbox 3030 1531 3201 1583; x_wconf 72' lang='lat' dir='ltr'><strong>usque</strong></span> <span class='ocrx_word' id='word_1_457' title='bbox 3228 1528 3417 1583; x_wconf 81' lang='lat' dir='ltr'><strong>pecca-</strong></span> 
     </span>
    </p>
   </div>
   <div class='ocr_carea' id='block_1_61' title="bbox 1824 1604 3414 1681">
    <p class='ocr_par' dir='ltr' id='par_1_61' title="bbox 1824 1604 3414 1681">
     <span class='ocr_line' id='line_1_61' title="bbox 1824 1604 3414 1681; baseline -0.008 -12"><span class='ocrx_word' id='word_1_458' title='bbox 1824 1624 1878 1669; x_wconf 88' lang='lat' dir='ltr'><strong>ta</strong></span> <span class='ocrx_word' id='word_1_459' title='bbox 1906 1616 1987 1669; x_wconf 89' lang='lat' dir='ltr'><strong>sic</strong></span> <span class='ocrx_word' id='word_1_460' title='bbox 2041 1612 2441 1681; x_wconf 86' lang='lat' dir='ltr'><strong>ingrediuntur.</strong></span> <span class='ocrx_word' id='word_1_461' title='bbox 2494 1617 2554 1663; x_wconf 88' lang='lat' dir='ltr'><strong>ut</strong></span> <span class='ocrx_word' id='word_1_462' title='bbox 2599 1609 2818 1678; x_wconf 87' lang='lat' dir='ltr'><strong>penitus</strong></span> <span class='ocrx_word' id='word_1_463' title='bbox 2864 1609 3134 1660; x_wconf 86' lang='lat' dir='ltr'><strong>occidant.</strong></span> <span class='ocrx_word' id='word_1_464' title='bbox 3162 1604 3241 1657; x_wconf 81' lang='lat' dir='ltr'><strong>Ad</strong></span> <span class='ocrx_word' id='word_1_465' title='bbox 3275 1606 3414 1656; x_wconf 86' lang='lat' dir='ltr'><strong>hanc</strong></span> 
     </span>
    </p>
   </div>
   <div class='ocr_carea' id='block_1_62' title="bbox 1826 1697 3413 1765">
    <p class='ocr_par' dir='ltr' id='par_1_62' title="bbox 1826 1697 3413 1765">
     <span class='ocr_line' id='line_1_62' title="bbox 1826 1697 3413 1765; baseline -0.008 -6"><span class='ocrx_word' id='word_1_466' title='bbox 1826 1708 1993 1760; x_wconf 86' lang='lat' dir='ltr'><strong>vitam</strong></span> <span class='ocrx_word' id='word_1_467' title='bbox 2024 1704 2351 1765; x_wconf 78' lang='lat' dir='ltr'><strong>faciendam,</strong></span> <span class='ocrx_word' id='word_1_468' title='bbox 2389 1702 2579 1755; x_wconf 88' lang='lat' dir='ltr'><strong>lalaris</strong></span> <span class='ocrx_word' id='word_1_469' title='bbox 2606 1700 2775 1754; x_wconf 80' lang='lat' dir='ltr'><strong>vestis</strong></span> <span class='ocrx_word' id='word_1_470' title='bbox 2803 1708 2857 1753; x_wconf 91' lang='lat' dir='ltr'><strong>et</strong></span> <span class='ocrx_word' id='word_1_471' title='bbox 2890 1698 3085 1755; x_wconf 78' lang='lat' dir='ltr'><strong>elTusa.</strong></span> <span class='ocrx_word' id='word_1_472' title='bbox 3125 1697 3176 1749; x_wconf 90' lang='lat' dir='ltr'><strong>id</strong></span> <span class='ocrx_word' id='word_1_473' title='bbox 3210 1705 3291 1749; x_wconf 75' lang='lat' dir='ltr'><strong>est</strong></span> <span class='ocrx_word' id='word_1_474' title='bbox 3319 1711 3413 1748; x_wconf 87' lang='lat' dir='ltr'><strong>v0-</strong></span> 
     </span>
    </p>
   </div>
   <div class='ocr_carea' id='block_1_63' title="bbox 1758 1772 3415 1867">
    <p class='ocr_par' dir='ltr' id='par_1_63' title="bbox 1758 1772 3415 1867">
     <span class='ocr_line' id='line_1_63' title="bbox 1758 1772 3415 1867; baseline -0.008 -15"><span class='ocrx_word' id='word_1_475' title='bbox 1758 1772 1800 1829; x_wconf 75' lang='lat' dir='ltr'><strong>B</strong></span> <span class='ocrx_word' id='word_1_476' title='bbox 1830 1800 2108 1867; x_wconf 88' lang='lat' dir='ltr'><strong>luptuosa,</strong></span> <span class='ocrx_word' id='word_1_477' title='bbox 2165 1806 2217 1849; x_wconf 88' lang='lat' dir='ltr'><strong>et</strong></span> <span class='ocrx_word' id='word_1_478' title='bbox 2270 1794 2464 1849; x_wconf 86' lang='lat' dir='ltr'><strong>vitiosa</strong></span> <span class='ocrx_word' id='word_1_479' title='bbox 2514 1790 2731 1845; x_wconf 82' lang='lat' dir='ltr'><strong>vivendi</strong></span> <span class='ocrx_word' id='word_1_480' title='bbox 2782 1794 2920 1843; x_wconf 90' lang='lat' dir='ltr'><strong>ratio</strong></span> <span class='ocrx_word' id='word_1_481' title='bbox 2970 1805 3091 1857; x_wconf 65' lang='lat' dir='ltr'><strong>qua:</strong></span> <span class='ocrx_word' id='word_1_482' title='bbox 3148 1788 3415 1841; x_wconf 74' lang='lat' dir='ltr'><strong>latissime</strong></span> 
     </span>
    </p>
   </div>
   <div class='ocr_carea' id='block_1_64' title="bbox 1832 1883 3409 1961">
    <p class='ocr_par' dir='ltr' id='par_1_64' title="bbox 1832 1883 3409 1961">
     <span class='ocr_line' id='line_1_64' title="bbox 1832 1883 3409 1961; baseline -0.006 -19"><span class='ocrx_word' id='word_1_483' title='bbox 1832 1899 1999 1961; x_wconf 86' lang='lat' dir='ltr'><strong>patet,</strong></span> <span class='ocrx_word' id='word_1_484' title='bbox 2056 1890 2397 1957; x_wconf 87' lang='lat' dir='ltr'><strong>nimiumque</strong></span> <span class='ocrx_word' id='word_1_485' title='bbox 2451 1886 2782 1947; x_wconf 70' lang='lat' dir='ltr'><strong>effunditur,</strong></span> <span class='ocrx_word' id='word_1_486' title='bbox 2834 1883 3221 1951; x_wconf 85' lang='lat' dir='ltr'><strong>impedimento</strong></span> <span class='ocrx_word' id='word_1_487' title='bbox 3259 1890 3341 1934; x_wconf 85' lang='lat' dir='ltr'><strong>est</strong></span> <span class='ocrx_word' id='word_1_488' title='bbox 3396 1898 3409 1933; x_wconf 94' lang='lat'>:</span> 
     </span>
    </p>
   </div>
   <div class='ocr_carea' id='block_1_65' title="bbox 1829 1970 3415 2051">
    <p class='ocr_par' dir='ltr' id='par_1_65' title="bbox 1829 1970 3415 2051">
     <span class='ocr_line' id='line_1_65' title="bbox 1829 1970 3415 2051; baseline -0.008 -16"><span class='ocrx_word' id='word_1_489' title='bbox 1829 1995 2000 2051; x_wconf 90' lang='lat' dir='ltr'><strong>quare</strong></span> <span class='ocrx_word' id='word_1_490' title='bbox 2050 1979 2269 2049; x_wconf 81' lang='lat' dir='ltr'><strong>cingulo</strong></span> <span class='ocrx_word' id='word_1_491' title='bbox 2342 1976 2579 2047; x_wconf 83' lang='lat' dir='ltr'><strong>quodam</strong></span> <span class='ocrx_word' id='word_1_492' title='bbox 2647 1988 2865 2029; x_wconf 85' lang='lat' dir='ltr'><strong>sursum</strong></span> <span class='ocrx_word' id='word_1_493' title='bbox 2922 1970 3185 2025; x_wconf 85' lang='lat' dir='ltr'><strong>trahenda</strong></span> <span class='ocrx_word' id='word_1_494' title='bbox 3219 1979 3301 2024; x_wconf 87' lang='lat' dir='ltr'><strong>est</strong></span> <span class='ocrx_word' id='word_1_495' title='bbox 3360 1977 3415 2023; x_wconf 86' lang='lat' dir='ltr'><strong>et</strong></span> 
     </span>
    </p>
   </div>
   <div class='ocr_carea' id='block_1_66' title="bbox 1830 2059 3415 2137">
    <p class='ocr_par' dir='ltr' id='par_1_66' title="bbox 1830 2059 3415 2137">
     <span class='ocr_line' id='line_1_66' title="bbox 1830 2059 3415 2137; baseline -0.01 -11"><span class='ocrx_word' id='word_1_496' title='bbox 1830 2071 2179 2134; x_wconf 85' lang='lat' dir='ltr'><strong>coarctanda,</strong></span> <span class='ocrx_word' id='word_1_497' title='bbox 2212 2085 2279 2123; x_wconf 87' lang='lat' dir='ltr'><strong>ne</strong></span> <span class='ocrx_word' id='word_1_498' title='bbox 2320 2070 2425 2122; x_wconf 83' lang='lat' dir='ltr'><strong>line</strong></span> <span class='ocrx_word' id='word_1_499' title='bbox 2468 2078 2629 2137; x_wconf 87' lang='lat' dir='ltr'><strong>atque</strong></span> <span class='ocrx_word' id='word_1_500' title='bbox 2661 2066 2787 2119; x_wconf 88' lang='lat' dir='ltr'><strong>illuc</strong></span> <span class='ocrx_word' id='word_1_501' title='bbox 2818 2062 3181 2118; x_wconf 81' lang='lat' dir='ltr'><strong>circumﬂuat.</strong></span> <span class='ocrx_word' id='word_1_502' title='bbox 3211 2059 3415 2128; x_wconf 63' lang='lat' dir='ltr'><strong>Cinguo</strong></span> 
     </span>
    </p>
   </div>
   <div class='ocr_carea' id='block_1_67' title="bbox 1830 2154 3410 2226">
    <p class='ocr_par' dir='ltr' id='par_1_67' title="bbox 1830 2154 3410 2226">
     <span class='ocr_line' id='line_1_67' title="bbox 1830 2154 3410 2226; baseline -0.007 -9"><span class='ocrx_word' id='word_1_503' title='bbox 1830 2165 1942 2217; x_wconf 88' lang='lat' dir='ltr'><strong>lum</strong></span> <span class='ocrx_word' id='word_1_504' title='bbox 1971 2177 2100 2217; x_wconf 91' lang='lat' dir='ltr'><strong>vero</strong></span> <span class='ocrx_word' id='word_1_505' title='bbox 2149 2160 2416 2215; x_wconf 86' lang='lat' dir='ltr'><strong>modestia</strong></span> <span class='ocrx_word' id='word_1_506' title='bbox 2472 2167 2580 2221; x_wconf 89' lang='lat' dir='ltr'><strong>est,</strong></span> <span class='ocrx_word' id='word_1_507' title='bbox 2635 2166 2688 2213; x_wconf 88' lang='lat' dir='ltr'><strong>et</strong></span> <span class='ocrx_word' id='word_1_508' title='bbox 2718 2156 2947 2226; x_wconf 77' lang='lat' dir='ltr'><strong>diligens</strong></span> <span class='ocrx_word' id='word_1_509' title='bbox 2986 2154 3197 2207; x_wconf 74' lang='lat' dir='ltr'><strong>vivendi</strong></span> <span class='ocrx_word' id='word_1_510' title='bbox 3250 2154 3410 2213; x_wconf 85' lang='lat' dir='ltr'><strong>ratio,</strong></span> 
     </span>
    </p>
   </div>
   <div class='ocr_carea' id='block_1_68' title="bbox 1829 2243 3411 2322">
    <p class='ocr_par' dir='ltr' id='par_1_68' title="bbox 1829 2243 3411 2322">
     <span class='ocr_line' id='line_1_68' title="bbox 1829 2243 3411 2322; baseline -0.007 -16"><span class='ocrx_word' id='word_1_511' title='bbox 1829 2268 1952 2322; x_wconf 65' lang='lat' dir='ltr'><strong>quae</strong></span> <span class='ocrx_word' id='word_1_512' title='bbox 1982 2267 2081 2305; x_wconf 92' lang='lat' dir='ltr'><strong>nos</strong></span> <span class='ocrx_word' id='word_1_513' title='bbox 2109 2258 2295 2303; x_wconf 84' lang='lat' dir='ltr'><strong>monet</strong></span> <span class='ocrx_word' id='word_1_514' title='bbox 2318 2250 2382 2302; x_wconf 90' lang='lat' dir='ltr'><strong>ad</strong></span> <span class='ocrx_word' id='word_1_515' title='bbox 2409 2249 2817 2306; x_wconf 85' lang='lat' dir='ltr'><strong>necessitatem,</strong></span> <span class='ocrx_word' id='word_1_516' title='bbox 2846 2260 2955 2298; x_wconf 87' lang='lat' dir='ltr'><strong>non</strong></span> <span class='ocrx_word' id='word_1_517' title='bbox 2983 2243 3050 2296; x_wconf 83' lang='lat' dir='ltr'><strong>ad</strong></span> <span class='ocrx_word' id='word_1_518' title='bbox 3080 2243 3411 2312; x_wconf 83' lang='lat' dir='ltr'><strong>voluptatem</strong></span> 
     </span>
    </p>
   </div>
   <div class='ocr_carea' id='block_1_69' title="bbox 1832 2334 3415 2409">
    <p class='ocr_par' dir='ltr' id='par_1_69' title="bbox 1832 2334 3415 2409">
     <span class='ocr_line' id='line_1_69' title="bbox 1832 2334 3415 2409; baseline -0.007 -13"><span class='ocrx_word' id='word_1_519' title='bbox 1832 2344 1995 2397; x_wconf 83' lang='lat' dir='ltr'><strong>rebus</strong></span> <span class='ocrx_word' id='word_1_520' title='bbox 2022 2343 2121 2395; x_wconf 91' lang='lat' dir='ltr'><strong>uti.</strong></span> <span class='ocrx_word' id='word_1_521' title='bbox 2150 2340 2307 2407; x_wconf 88' lang='lat' dir='ltr'><strong>Quod</strong></span> <span class='ocrx_word' id='word_1_522' title='bbox 2340 2348 2520 2394; x_wconf 85' lang='lat' dir='ltr'><strong>autem</strong></span> <span class='ocrx_word' id='word_1_523' title='bbox 2568 2354 2666 2409; x_wconf 90' lang='lat' dir='ltr'><strong>pro</strong></span> <span class='ocrx_word' id='word_1_524' title='bbox 2701 2335 2965 2391; x_wconf 81' lang='lat' dir='ltr'><strong>modestia</strong></span> <span class='ocrx_word' id='word_1_525' title='bbox 3008 2334 3286 2403; x_wconf 83' lang='lat' dir='ltr'><strong>cingulum</strong></span> <span class='ocrx_word' id='word_1_526' title='bbox 3319 2348 3415 2387; x_wconf 68' lang='grc' dir='ltr'>οδ-</span> 
     </span>
    </p>
   </div>
   <div class='ocr_carea' id='block_1_70' title="bbox 1830 2426 3415 2503">
    <p class='ocr_par' dir='ltr' id='par_1_70' title="bbox 1830 2426 3415 2503">
     <span class='ocr_line' id='line_1_70' title="bbox 1830 2426 3415 2503; baseline -0.007 -16"><span class='ocrx_word' id='word_1_527' title='bbox 1830 2435 2032 2503; x_wconf 81' lang='lat' dir='ltr'><strong>piatur,</strong></span> <span class='ocrx_word' id='word_1_528' title='bbox 2062 2436 2225 2487; x_wconf 75' lang='lat' dir='ltr'><strong>etiam</strong></span> <span class='ocrx_word' id='word_1_529' title='bbox 2260 2431 2500 2486; x_wconf 85' lang='lat' dir='ltr'><strong>membra</strong></span> <span class='ocrx_word' id='word_1_530' title='bbox 2526 2428 2771 2498; x_wconf 87' lang='lat' dir='ltr'><strong>corporis</strong></span> <span class='ocrx_word' id='word_1_531' title='bbox 2800 2442 2919 2496; x_wconf 58' lang='lat' dir='ltr'><strong>qua!</strong></span> <span class='ocrx_word' id='word_1_532' title='bbox 2966 2426 3185 2493; x_wconf 79' lang='lat' dir='ltr'><strong>cingulo</strong></span> <span class='ocrx_word' id='word_1_533' title='bbox 3217 2440 3415 2478; x_wconf 84' lang='lat' dir='ltr'><strong>conne-</strong></span> 
     </span>
    </p>
   </div>
   <div class='ocr_carea' id='block_1_71' title="bbox 1829 2513 3413 2585">
    <p class='ocr_par' dir='ltr' id='par_1_71' title="bbox 1829 2513 3413 2585">
     <span class='ocr_line' id='line_1_71' title="bbox 1829 2513 3413 2585; baseline -0.003 -11"><span class='ocrx_word' id='word_1_534' title='bbox 1829 2532 2077 2584; x_wconf 88' lang='lat' dir='ltr'><strong>ctuntur,</strong></span> <span class='ocrx_word' id='word_1_535' title='bbox 2105 2521 2419 2575; x_wconf 88' lang='lat' dir='ltr'><strong>testimonio</strong></span> <span class='ocrx_word' id='word_1_536' title='bbox 2452 2525 2599 2585; x_wconf 89' lang='lat' dir='ltr'><strong>sunt;</strong></span> <span class='ocrx_word' id='word_1_537' title='bbox 2634 2518 2860 2571; x_wconf 88' lang='lat' dir='ltr'><strong>baculus</strong></span> <span class='ocrx_word' id='word_1_538' title='bbox 2882 2531 3028 2579; x_wconf 89' lang='lat' dir='ltr'><strong>vero,</strong></span> <span class='ocrx_word' id='word_1_539' title='bbox 3052 2530 3162 2585; x_wconf 90' lang='lat' dir='ltr'><strong>quo</strong></span> <span class='ocrx_word' id='word_1_540' title='bbox 3190 2523 3244 2569; x_wconf 88' lang='lat' dir='ltr'><strong>et</strong></span> <span class='ocrx_word' id='word_1_541' title='bbox 3268 2513 3413 2569; x_wconf 78' lang='lat' dir='ltr'><strong>feras</strong></span> 
     </span>
    </p>
   </div>
   <div class='ocr_carea' id='block_1_72' title="bbox 1830 2612 3411 2684">
    <p class='ocr_par' dir='ltr' id='par_1_72' title="bbox 1830 2612 3411 2684">
     <span class='ocr_line' id='line_1_72' title="bbox 1830 2612 3411 2684; baseline -0.007 -15"><span class='ocrx_word' id='word_1_542' title='bbox 1830 2615 2161 2684; x_wconf 81' lang='lat' dir='ltr'><strong>repellimus.</strong></span> <span class='ocrx_word' id='word_1_543' title='bbox 2204 2623 2257 2665; x_wconf 84' lang='lat' dir='ltr'><strong>et</strong></span> <span class='ocrx_word' id='word_1_544' title='bbox 2300 2623 2690 2680; x_wconf 84' lang='lat' dir='ltr'><strong>nonnunquam</strong></span> <span class='ocrx_word' id='word_1_545' title='bbox 2722 2615 3114 2669; x_wconf 79' lang='lat' dir='ltr'><strong>sustentantur,</strong></span> <span class='ocrx_word' id='word_1_546' title='bbox 3149 2620 3273 2675; x_wconf 88' lang='lat' dir='ltr'><strong>spes</strong></span> <span class='ocrx_word' id='word_1_547' title='bbox 3306 2612 3411 2659; x_wconf 89' lang='lat' dir='ltr'><strong>est.</strong></span> 
     </span>
    </p>
   </div>
   <div class='ocr_carea' id='block_1_73' title="bbox 1832 2696 3411 2767">
    <p class='ocr_par' dir='ltr' id='par_1_73' title="bbox 1832 2696 3411 2767">
     <span class='ocr_line' id='line_1_73' title="bbox 1832 2696 3411 2767; baseline -0.007 -6"><span class='ocrx_word' id='word_1_548' title='bbox 1832 2707 1944 2761; x_wconf 83' lang='lat' dir='ltr'><strong>Hac</strong></span> <span class='ocrx_word' id='word_1_549' title='bbox 1974 2708 2116 2761; x_wconf 90' lang='lat' dir='ltr'><strong>enim</strong></span> <span class='ocrx_word' id='word_1_550' title='bbox 2153 2706 2268 2760; x_wconf 84' lang='lat' dir='ltr'><strong>sola</strong></span> <span class='ocrx_word' id='word_1_551' title='bbox 2298 2704 2630 2767; x_wconf 89' lang='lat' dir='ltr'><strong>inducimur,</strong></span> <span class='ocrx_word' id='word_1_552' title='bbox 2652 2710 2712 2756; x_wconf 94' lang='lat' dir='ltr'><strong>ut</strong></span> <span class='ocrx_word' id='word_1_553' title='bbox 2748 2699 2962 2754; x_wconf 81' lang='lat' dir='ltr'><strong>labores</strong></span> <span class='ocrx_word' id='word_1_554' title='bbox 2993 2698 3156 2754; x_wconf 87' lang='lat' dir='ltr'><strong>simul</strong></span> <span class='ocrx_word' id='word_1_555' title='bbox 3179 2708 3231 2753; x_wconf 89' lang='lat' dir='ltr'><strong>et</strong></span> <span class='ocrx_word' id='word_1_556' title='bbox 3257 2696 3411 2751; x_wconf 85' lang='lat' dir='ltr'><strong>dolo-</strong></span> 
     </span>
    </p>
   </div>
   <div class='ocr_carea' id='block_1_74' title="bbox 1828 2790 3413 2854">
    <p class='ocr_par' dir='ltr' id='par_1_74' title="bbox 1828 2790 3413 2854">
     <span class='ocr_line' id='line_1_74' title="bbox 1828 2790 3413 2854; baseline -0.005 -1"><span class='ocrx_word' id='word_1_557' title='bbox 1828 2814 1920 2854; x_wconf 89' lang='lat' dir='ltr'><strong>res</strong></span> <span class='ocrx_word' id='word_1_558' title='bbox 1951 2797 2281 2854; x_wconf 70' lang='lat' dir='ltr'><strong>sull‘eramus</strong></span> <span class='ocrx_word' id='word_1_559' title='bbox 2311 2815 2325 2851; x_wconf 90' lang='lat'><strong>:</strong></span> <span class='ocrx_word' id='word_1_560' title='bbox 2361 2798 2462 2850; x_wconf 83' lang='lat' dir='ltr'><strong>liae</strong></span> <span class='ocrx_word' id='word_1_561' title='bbox 2480 2794 2655 2851; x_wconf 81' lang='lat' dir='ltr'><strong>fessos</strong></span> <span class='ocrx_word' id='word_1_562' title='bbox 2682 2793 2896 2847; x_wconf 90' lang='lat' dir='ltr'><strong>animos</strong></span> <span class='ocrx_word' id='word_1_563' title='bbox 2924 2804 3279 2846; x_wconf 89' lang='lat' dir='ltr'><strong>recreamus:</strong></span> <span class='ocrx_word' id='word_1_564' title='bbox 3311 2790 3413 2845; x_wconf 88' lang='lat' dir='ltr'><strong>bac</strong></span> 
     </span>
    </p>
   </div>
   <div class='ocr_carea' id='block_1_75' title="bbox 1831 2882 3415 2958">
    <p class='ocr_par' dir='ltr' id='par_1_75' title="bbox 1831 2882 3415 2958">
     <span class='ocr_line' id='line_1_75' title="bbox 1831 2882 3415 2958; baseline -0.006 -13"><span class='ocrx_word' id='word_1_565' title='bbox 1831 2888 2619 2958; x_wconf 81' lang='lat' dir='ltr'><strong>ﬁt,utardentiusplerumque</strong></span> <span class='ocrx_word' id='word_1_566' title='bbox 2664 2886 2720 2939; x_wconf 91' lang='lat' dir='ltr'><strong>in</strong></span> <span class='ocrx_word' id='word_1_567' title='bbox 2749 2885 3013 2939; x_wconf 85' lang='lat' dir='ltr'><strong>latrantes</strong></span> <span class='ocrx_word' id='word_1_568' title='bbox 3060 2898 3249 2947; x_wconf 87' lang='lat' dir='ltr'><strong>canes,</strong></span> <span class='ocrx_word' id='word_1_569' title='bbox 3279 2882 3415 2936; x_wconf 87' lang='lat' dir='ltr'><strong>alie-</strong></span> 
     </span>
    </p>
   </div>
   <div class='ocr_carea' id='block_1_76' title="bbox 1831 2975 3415 3053">
    <p class='ocr_par' dir='ltr' id='par_1_76' title="bbox 1831 2975 3415 3053">
     <span class='ocr_line' id='line_1_76' title="bbox 1831 2975 3415 3053; baseline -0.006 -14"><span class='ocrx_word' id='word_1_570' title='bbox 1831 2982 2208 3053; x_wconf 54' lang='lat' dir='ltr'><strong>nas;videlicet</strong></span> <span class='ocrx_word' id='word_1_571' title='bbox 2240 2997 2269 3034; x_wconf 86' lang='lat' dir='ltr'><strong>a</strong></span> <span class='ocrx_word' id='word_1_572' title='bbox 2321 2980 2552 3035; x_wconf 86' lang='lat' dir='ltr'><strong>veritate</strong></span> <span class='ocrx_word' id='word_1_573' title='bbox 2601 2978 2835 3052; x_wconf 67' lang='lat' dir='ltr'><strong>bestias,</strong></span> <span class='ocrx_word' id='word_1_574' title='bbox 2866 2977 3217 3045; x_wconf 79' lang='lat' dir='ltr'><strong>insurgamus</strong></span> <span class='ocrx_word' id='word_1_575' title='bbox 3248 2993 3264 3030; x_wconf 73' lang='grc' dir='ltr'><strong>ε</strong></span> <span class='ocrx_word' id='word_1_576' title='bbox 3311 2975 3415 3029; x_wconf 85' lang='lat' dir='ltr'><strong>hac</strong></span> 
     </span>
    </p>
   </div>
   <div class='ocr_carea' id='block_1_77' title="bbox 1834 3064 3414 3141">
    <p class='ocr_par' dir='ltr' id='par_1_77' title="bbox 1834 3064 3414 3141">
     <span class='ocr_line' id='line_1_77' title="bbox 1834 3064 3414 3141; baseline -0.006 -12"><span class='ocrx_word' id='word_1_577' title='bbox 1834 3073 2029 3129; x_wconf 88' lang='lat' dir='ltr'><strong>armati</strong></span> <span class='ocrx_word' id='word_1_578' title='bbox 2080 3071 2241 3141; x_wconf 88' lang='lat' dir='ltr'><strong>longe</strong></span> <span class='ocrx_word' id='word_1_579' title='bbox 2268 3071 2390 3125; x_wconf 87' lang='lat' dir='ltr'><strong>illas</strong></span> <span class='ocrx_word' id='word_1_580' title='bbox 2419 3071 2488 3125; x_wconf 91' lang='lat' dir='ltr'><strong>ab</strong></span> <span class='ocrx_word' id='word_1_581' title='bbox 2512 3070 2704 3125; x_wconf 90' lang='lat' dir='ltr'><strong>ovibus</strong></span> <span class='ocrx_word' id='word_1_582' title='bbox 2748 3068 2952 3123; x_wconf 87' lang='lat' dir='ltr'><strong>nostris</strong></span> <span class='ocrx_word' id='word_1_583' title='bbox 2996 3080 3303 3123; x_wconf 82' lang='lat' dir='ltr'><strong>arceamus.</strong></span> <span class='ocrx_word' id='word_1_584' title='bbox 3335 3064 3414 3120; x_wconf 82' lang='lat' dir='ltr'><strong>Ex</strong></span> 
     </span>
    </p>
   </div>
   <div class='ocr_carea' id='block_1_78' title="bbox 1836 3158 3419 3237">
    <p class='ocr_par' dir='ltr' id='par_1_78' title="bbox 1836 3158 3419 3237">
     <span class='ocr_line' id='line_1_78' title="bbox 1836 3158 3419 3237; baseline -0.006 -17"><span class='ocrx_word' id='word_1_585' title='bbox 1836 3167 1962 3237; x_wconf 80' lang='lat' dir='ltr'><strong>igne</strong></span> <span class='ocrx_word' id='word_1_586' title='bbox 1989 3173 2169 3219; x_wconf 88' lang='lat' dir='ltr'><strong>autem</strong></span> <span class='ocrx_word' id='word_1_587' title='bbox 2202 3162 2381 3217; x_wconf 92' lang='lat' dir='ltr'><strong>solum</strong></span> <span class='ocrx_word' id='word_1_588' title='bbox 2415 3162 2571 3216; x_wconf 92' lang='lat' dir='ltr'><strong>cibus</strong></span> <span class='ocrx_word' id='word_1_589' title='bbox 2601 3161 2761 3215; x_wconf 91' lang='lat' dir='ltr'><strong>nobis</strong></span> <span class='ocrx_word' id='word_1_590' title='bbox 2788 3158 3104 3230; x_wconf 88' lang='lat' dir='ltr'><strong>propositus</strong></span> <span class='ocrx_word' id='word_1_591' title='bbox 3141 3166 3247 3223; x_wconf 84' lang='lat' dir='ltr'><strong>est,</strong></span> <span class='ocrx_word' id='word_1_592' title='bbox 3276 3172 3419 3228; x_wconf 84' lang='lat' dir='ltr'><strong>quo-</strong></span> 
     </span>
    </p>
   </div>
   <div class='ocr_carea' id='block_1_79' title="bbox 1835 3250 3417 3325">
    <p class='ocr_par' dir='ltr' id='par_1_79' title="bbox 1835 3250 3417 3325">
     <span class='ocr_line' id='line_1_79' title="bbox 1835 3250 3417 3325; baseline -0.006 -12"><span class='ocrx_word' id='word_1_593' title='bbox 1835 3260 1980 3313; x_wconf 89' lang='lat' dir='ltr'><strong>niam</strong></span> <span class='ocrx_word' id='word_1_594' title='bbox 2001 3256 2135 3311; x_wconf 78' lang='lat' dir='ltr'><strong>ﬁdes</strong></span> <span class='ocrx_word' id='word_1_595' title='bbox 2174 3270 2293 3325; x_wconf 68' lang='lat' dir='ltr'><strong>quae</strong></span> <span class='ocrx_word' id='word_1_596' title='bbox 2343 3269 2441 3324; x_wconf 89' lang='lat' dir='ltr'><strong>per</strong></span> <span class='ocrx_word' id='word_1_597' title='bbox 2499 3254 2678 3309; x_wconf 89' lang='lat' dir='ltr'><strong>cibum</strong></span> <span class='ocrx_word' id='word_1_598' title='bbox 2725 3253 2875 3307; x_wconf 90' lang='lat' dir='ltr'><strong>illum</strong></span> <span class='ocrx_word' id='word_1_599' title='bbox 2914 3250 3270 3323; x_wconf 75' lang='lat' dir='ltr'><strong>signiﬁcatur,</strong></span> <span class='ocrx_word' id='word_1_600' title='bbox 3327 3266 3417 3304; x_wconf 84' lang='lat' dir='ltr'><strong>ar-</strong></span> 
     </span>
    </p>
   </div>
   <div class='ocr_carea' id='block_1_80' title="bbox 1835 3344 3417 3409">
    <p class='ocr_par' dir='ltr' id='par_1_80' title="bbox 1835 3344 3417 3409">
     <span class='ocr_line' id='line_1_80' title="bbox 1835 3344 3417 3409; baseline -0.003 -7"><span class='ocrx_word' id='word_1_601' title='bbox 1835 3348 2156 3404; x_wconf 86' lang='lat' dir='ltr'><strong>dentissima</strong></span> <span class='ocrx_word' id='word_1_602' title='bbox 2185 3362 2309 3402; x_wconf 86' lang='lat' dir='ltr'><strong>esse</strong></span> <span class='ocrx_word' id='word_1_603' title='bbox 2334 3346 2517 3409; x_wconf 85' lang='lat' dir='ltr'><strong>debet,</strong></span> <span class='ocrx_word' id='word_1_604' title='bbox 2550 3346 2684 3401; x_wconf 89' lang='lat' dir='ltr'><strong>nihil</strong></span> <span class='ocrx_word' id='word_1_605' title='bbox 2717 3345 3022 3405; x_wconf 88' lang='lat' dir='ltr'><strong>humidum.</strong></span> <span class='ocrx_word' id='word_1_606' title='bbox 3048 3352 3140 3398; x_wconf 88' lang='lat' dir='ltr'><strong>aut</strong></span> <span class='ocrx_word' id='word_1_607' title='bbox 3168 3344 3330 3399; x_wconf 87' lang='lat' dir='ltr'><strong>labile</strong></span> <span class='ocrx_word' id='word_1_608' title='bbox 3351 3358 3417 3398; x_wconf 89' lang='lat' dir='ltr'><strong>ac</strong></span> 
     </span>
    </p>
   </div>
   <div class='ocr_carea' id='block_1_81' title="bbox 1837 3437 3416 3511">
    <p class='ocr_par' dir='ltr' id='par_1_81' title="bbox 1837 3437 3416 3511">
     <span class='ocr_line' id='line_1_81' title="bbox 1837 3437 3416 3511; baseline -0.003 -16"><span class='ocrx_word' id='word_1_609' title='bbox 1837 3441 2013 3497; x_wconf 85' lang='lat' dir='ltr'><strong>ﬂuens</strong></span> <span class='ocrx_word' id='word_1_610' title='bbox 2064 3440 2377 3511; x_wconf 87' lang='lat' dir='ltr'><strong>possidens,</strong></span> <span class='ocrx_word' id='word_1_611' title='bbox 2439 3437 2535 3495; x_wconf 85' lang='lat' dir='ltr'><strong>sed</strong></span> <span class='ocrx_word' id='word_1_612' title='bbox 2597 3438 2751 3491; x_wconf 68' lang='lat' dir='ltr'><strong>arma</strong></span> <span class='ocrx_word' id='word_1_613' title='bbox 2792 3452 2855 3491; x_wconf 91' lang='lat' dir='ltr'><strong>ac</strong></span> <span class='ocrx_word' id='word_1_614' title='bbox 2903 3437 3139 3499; x_wconf 73' lang='lat' dir='ltr'><strong>stabilis.</strong></span> <span class='ocrx_word' id='word_1_615' title='bbox 3190 3451 3259 3491; x_wconf 77' lang='lat' dir='ltr'><strong>ex</strong></span> <span class='ocrx_word' id='word_1_616' title='bbox 3302 3450 3416 3506; x_wconf 82' lang='lat' dir='ltr'><strong>qua</strong></span> 
     </span>
    </p>
   </div>
   <div class='ocr_carea' id='block_1_82' title="bbox 1836 3526 3415 3602">
    <p class='ocr_par' dir='ltr' id='par_1_82' title="bbox 1836 3526 3415 3602">
     <span class='ocr_line' id='line_1_82' title="bbox 1836 3526 3415 3602; baseline -0.003 -15"><span class='ocrx_word' id='word_1_617' title='bbox 1836 3532 2187 3587; x_wconf 89' lang='lat' dir='ltr'><strong>comedemus</strong></span> <span class='ocrx_word' id='word_1_618' title='bbox 2221 3538 2485 3602; x_wconf 89' lang='lat' dir='ltr'><strong>quantum</strong></span> <span class='ocrx_word' id='word_1_619' title='bbox 2536 3529 2693 3584; x_wconf 90' lang='lat' dir='ltr'><strong>nobis</strong></span> <span class='ocrx_word' id='word_1_620' title='bbox 2724 3528 3005 3598; x_wconf 89' lang='lat' dir='ltr'><strong>possibile.</strong></span> <span class='ocrx_word' id='word_1_621' title='bbox 3055 3526 3285 3583; x_wconf 87' lang='lat' dir='ltr'><strong>Osseum</strong></span> <span class='ocrx_word' id='word_1_622' title='bbox 3314 3542 3415 3582; x_wconf 88' lang='lat' dir='ltr'><strong>au-</strong></span> 
     </span>
    </p>
   </div>
   <div class='ocr_carea' id='block_1_83' title="bbox 1837 3617 3417 3690">
    <p class='ocr_par' dir='ltr' id='par_1_83' title="bbox 1837 3617 3417 3690">
     <span class='ocr_line' id='line_1_83' title="bbox 1837 3617 3417 3690; baseline -0.004 -13"><span class='ocrx_word' id='word_1_623' title='bbox 1837 3631 1944 3677; x_wconf 88' lang='lat' dir='ltr'><strong>tem</strong></span> <span class='ocrx_word' id='word_1_624' title='bbox 1976 3637 2041 3677; x_wconf 87' lang='lat' dir='ltr'><strong>ac</strong></span> <span class='ocrx_word' id='word_1_625' title='bbox 2072 3623 2269 3676; x_wconf 90' lang='lat' dir='ltr'><strong>durum</strong></span> <span class='ocrx_word' id='word_1_626' title='bbox 2322 3621 2478 3675; x_wconf 87' lang='lat' dir='ltr'><strong>nobis</strong></span> <span class='ocrx_word' id='word_1_627' title='bbox 2509 3620 2619 3690; x_wconf 83' lang='lat' dir='ltr'><strong>igni</strong></span> <span class='ocrx_word' id='word_1_628' title='bbox 2659 3619 2947 3681; x_wconf 87' lang='lat' dir='ltr'><strong>tradimus,</strong></span> <span class='ocrx_word' id='word_1_629' title='bbox 2983 3617 3130 3688; x_wconf 91' lang='lat' dir='ltr'><strong>quod</strong></span> <span class='ocrx_word' id='word_1_630' title='bbox 3162 3618 3321 3687; x_wconf 87' lang='lat' dir='ltr'><strong>quale</strong></span> <span class='ocrx_word' id='word_1_631' title='bbox 3344 3617 3417 3672; x_wconf 80' lang='lat' dir='ltr'><strong>sit</strong></span> 
     </span>
    </p>
   </div>
   <div class='ocr_carea' id='block_1_84' title="bbox 1836 3709 3415 3784">
    <p class='ocr_par' dir='ltr' id='par_1_84' title="bbox 1836 3709 3415 3784">
     <span class='ocr_line' id='line_1_84' title="bbox 1836 3709 3415 3784; baseline -0.004 -16"><span class='ocrx_word' id='word_1_632' title='bbox 1836 3714 2175 3784; x_wconf 84' lang='lat' dir='ltr'><strong>inspiciatur.</strong></span> <span class='ocrx_word' id='word_1_633' title='bbox 2218 3712 2357 3766; x_wconf 83' lang='lat' dir='ltr'><strong>Illud</strong></span> <span class='ocrx_word' id='word_1_634' title='bbox 2415 3719 2717 3770; x_wconf 88' lang='lat' dir='ltr'><strong>teneamus.</strong></span> <span class='ocrx_word' id='word_1_635' title='bbox 2760 3709 2868 3764; x_wconf 93' lang='lat' dir='ltr'><strong>duo</strong></span> <span class='ocrx_word' id='word_1_636' title='bbox 2922 3724 3046 3765; x_wconf 86' lang='lat' dir='ltr'><strong>esse</strong></span> <span class='ocrx_word' id='word_1_637' title='bbox 3101 3710 3415 3764; x_wconf 88' lang='lat' dir='ltr'><strong>divinorum</strong></span> 
     </span>
    </p>
   </div>
   <div class='ocr_carea' id='block_1_85' title="bbox 1837 3798 3416 3874">
    <p class='ocr_par' dir='ltr' id='par_1_85' title="bbox 1837 3798 3416 3874">
     <span class='ocr_line' id='line_1_85' title="bbox 1837 3798 3416 3874; baseline -0.003 -16"><span class='ocrx_word' id='word_1_638' title='bbox 1837 3812 2230 3874; x_wconf 84' lang='lat' dir='ltr'><strong>praeceptorum</strong></span> <span class='ocrx_word' id='word_1_639' title='bbox 2262 3817 2482 3874; x_wconf 83' lang='lat' dir='ltr'><strong>genera.</strong></span> <span class='ocrx_word' id='word_1_640' title='bbox 2501 3801 2634 3856; x_wconf 86' lang='lat' dir='ltr'><strong>Nam</strong></span> <span class='ocrx_word' id='word_1_641' title='bbox 2664 3801 2769 3855; x_wconf 88' lang='lat' dir='ltr'><strong>alia</strong></span> <span class='ocrx_word' id='word_1_642' title='bbox 2796 3798 3175 3869; x_wconf 87' lang='lat' dir='ltr'><strong>hujuscemodi</strong></span> <span class='ocrx_word' id='word_1_643' title='bbox 3195 3808 3416 3869; x_wconf 91' lang='lat' dir='ltr'><strong>sunt,ut</strong></span> 
     </span>
    </p>
   </div>
   <div class='ocr_carea' id='block_1_86' title="bbox 1836 3892 3418 3965">
    <p class='ocr_par' dir='ltr' id='par_1_86' title="bbox 1836 3892 3418 3965">
     <span class='ocr_line' id='line_1_86' title="bbox 1836 3892 3418 3965; baseline -0.003 -15"><span class='ocrx_word' id='word_1_644' title='bbox 1836 3896 2095 3965; x_wconf 90' lang='lat' dir='ltr'><strong>possibile</strong></span> <span class='ocrx_word' id='word_1_645' title='bbox 2127 3895 2286 3950; x_wconf 90' lang='lat' dir='ltr'><strong>nobis</strong></span> <span class='ocrx_word' id='word_1_646' title='bbox 2325 3895 2397 3950; x_wconf 87' lang='lat' dir='ltr'><strong>sit</strong></span> <span class='ocrx_word' id='word_1_647' title='bbox 2425 3909 2488 3948; x_wconf 90' lang='lat' dir='ltr'><strong>ea</strong></span> <span class='ocrx_word' id='word_1_648' title='bbox 2522 3893 3019 3964; x_wconf 84' lang='lat' dir='ltr'><strong>planeintelligere,</strong></span> <span class='ocrx_word' id='word_1_649' title='bbox 3058 3892 3418 3963; x_wconf 85' lang='lat' dir='ltr'><strong>probabilem-</strong></span> 
     </span>
    </p>
   </div>
   <div class='ocr_carea' id='block_1_87' title="bbox 1839 3984 3415 4058">
    <p class='ocr_par' dir='ltr' id='par_1_87' title="bbox 1839 3984 3415 4058">
     <span class='ocr_line' id='line_1_87' title="bbox 1839 3984 3415 4058; baseline -0.001 -19"><span class='ocrx_word' id='word_1_650' title='bbox 1839 4003 1944 4058; x_wconf 90' lang='lat' dir='ltr'><strong>que</strong></span> <span class='ocrx_word' id='word_1_651' title='bbox 1972 3988 2039 4042; x_wconf 91' lang='lat' dir='ltr'><strong>de</strong></span> <span class='ocrx_word' id='word_1_652' title='bbox 2082 3988 2215 4058; x_wconf 86' lang='lat' dir='ltr'><strong>ipsis</strong></span> <span class='ocrx_word' id='word_1_653' title='bbox 2239 3985 2469 4042; x_wconf 86' lang='lat' dir='ltr'><strong>reddere</strong></span> <span class='ocrx_word' id='word_1_654' title='bbox 2516 3986 2803 4039; x_wconf 89' lang='lat' dir='ltr'><strong>rationem.</strong></span> <span class='ocrx_word' id='word_1_655' title='bbox 2838 3984 2963 4039; x_wconf 66' lang='lat' dir='ltr'><strong>Haec</strong></span> <span class='ocrx_word' id='word_1_656' title='bbox 2997 4000 3107 4039; x_wconf 87' lang='lat' dir='ltr'><strong>non</strong></span> <span class='ocrx_word' id='word_1_657' title='bbox 3126 3984 3415 4056; x_wconf 87' lang='lat' dir='ltr'><strong>ignaviter,</strong></span> 
     </span>
    </p>
   </div>
   <div class='ocr_carea' id='block_1_88' title="bbox 1838 4076 3417 4149">
    <p class='ocr_par' dir='ltr' id='par_1_88' title="bbox 1838 4076 3417 4149">
     <span class='ocr_line' id='line_1_88' title="bbox 1838 4076 3417 4149; baseline -0.001 -17"><span class='ocrx_word' id='word_1_658' title='bbox 1838 4094 1938 4133; x_wconf 89' lang='lat' dir='ltr'><strong>nec</strong></span> <span class='ocrx_word' id='word_1_659' title='bbox 1972 4080 2131 4149; x_wconf 88' lang='lat' dir='ltr'><strong>quasi</strong></span> <span class='ocrx_word' id='word_1_660' title='bbox 2188 4078 2364 4133; x_wconf 89' lang='lat' dir='ltr'><strong>coacti</strong></span> <span class='ocrx_word' id='word_1_661' title='bbox 2422 4085 2761 4147; x_wconf 88' lang='lat' dir='ltr'><strong>pertractare</strong></span> <span class='ocrx_word' id='word_1_662' title='bbox 2786 4076 3068 4137; x_wconf 88' lang='lat' dir='ltr'><strong>debemus.</strong></span> <span class='ocrx_word' id='word_1_663' title='bbox 3102 4077 3195 4132; x_wconf 85' lang='lat' dir='ltr'><strong>sed</strong></span> <span class='ocrx_word' id='word_1_664' title='bbox 3225 4084 3284 4130; x_wconf 93' lang='lat' dir='ltr'><strong>ut</strong></span> <span class='ocrx_word' id='word_1_665' title='bbox 3332 4076 3417 4130; x_wconf 75' lang='lat' dir='ltr'><strong>fa-</strong></span> 
     </span>
    </p>
   </div>
   <div class='ocr_carea' id='block_1_89' title="bbox 1836 4168 3419 4234">
    <p class='ocr_par' dir='ltr' id='par_1_89' title="bbox 1836 4168 3419 4234">
     <span class='ocr_line' id='line_1_89' title="bbox 1836 4168 3419 4234; baseline -0.001 -10"><span class='ocrx_word' id='word_1_666' title='bbox 1836 4179 2142 4225; x_wconf 89' lang='lat' dir='ltr'><strong>mescentes</strong></span> <span class='ocrx_word' id='word_1_667' title='bbox 2171 4169 2484 4234; x_wconf 86' lang='lat' dir='ltr'><strong>comedunt,</strong></span> <span class='ocrx_word' id='word_1_668' title='bbox 2516 4184 2642 4224; x_wconf 93' lang='lat' dir='ltr'><strong>cum</strong></span> <span class='ocrx_word' id='word_1_669' title='bbox 2694 4168 2974 4225; x_wconf 87' lang='lat' dir='ltr'><strong>desiderio</strong></span> <span class='ocrx_word' id='word_1_670' title='bbox 3024 4168 3234 4225; x_wconf 86' lang='lat' dir='ltr'><strong>scilicet</strong></span> <span class='ocrx_word' id='word_1_671' title='bbox 3266 4177 3321 4225; x_wconf 89' lang='lat' dir='ltr'><strong>et</strong></span> <span class='ocrx_word' id='word_1_672' title='bbox 3349 4169 3419 4224; x_wconf 86' lang='lat' dir='ltr'><strong>li-</strong></span> 
     </span>
    </p>
   </div>
   <div class='ocr_carea' id='block_1_90' title="bbox 1836 4259 3415 4328">
    <p class='ocr_par' dir='ltr' id='par_1_90' title="bbox 1836 4259 3415 4328">
     <span class='ocr_line' id='line_1_90' title="bbox 1836 4259 3415 4328; baseline -0.001 -12"><span class='ocrx_word' id='word_1_673' title='bbox 1836 4262 2047 4328; x_wconf 88' lang='lat' dir='ltr'><strong>benter,</strong></span> <span class='ocrx_word' id='word_1_674' title='bbox 2103 4270 2159 4315; x_wconf 92' lang='lat' dir='ltr'><strong>ut</strong></span> <span class='ocrx_word' id='word_1_675' title='bbox 2183 4262 2250 4316; x_wconf 90' lang='lat' dir='ltr'><strong>ad</strong></span> <span class='ocrx_word' id='word_1_676' title='bbox 2278 4262 2477 4316; x_wconf 88' lang='lat' dir='ltr'><strong>bonam</strong></span> <span class='ocrx_word' id='word_1_677' title='bbox 2526 4259 2687 4315; x_wconf 90' lang='lat' dir='ltr'><strong>nobis</strong></span> <span class='ocrx_word' id='word_1_678' title='bbox 2719 4260 2808 4316; x_wconf 86' lang='lat' dir='ltr'><strong>hic</strong></span> <span class='ocrx_word' id='word_1_679' title='bbox 2861 4262 3018 4316; x_wconf 81' lang='lat' dir='ltr'><strong>cibus</strong></span> <span class='ocrx_word' id='word_1_680' title='bbox 3052 4261 3415 4316; x_wconf 75' lang='lat' dir='ltr'><strong>valetudinem</strong></span> 
     </span>
    </p>
   </div>
   <div class='ocr_carea' id='block_1_91' title="bbox 1838 4352 3415 4423">
    <p class='ocr_par' dir='ltr' id='par_1_91' title="bbox 1838 4352 3415 4423">
     <span class='ocr_line' id='line_1_91' title="bbox 1838 4352 3415 4423; baseline -0.001 -17"><span class='ocrx_word' id='word_1_681' title='bbox 1838 4354 2033 4407; x_wconf 71' lang='lat' dir='ltr'><strong>animae</strong></span> <span class='ocrx_word' id='word_1_682' title='bbox 2061 4355 2232 4423; x_wconf 90' lang='lat' dir='ltr'><strong>possit</strong></span> <span class='ocrx_word' id='word_1_683' title='bbox 2276 4352 2556 4422; x_wconf 86' lang='lat' dir='ltr'><strong>prodesse.</strong></span> <span class='ocrx_word' id='word_1_684' title='bbox 2602 4352 2721 4405; x_wconf 77' lang='lat' dir='ltr'><strong>Alia</strong></span> <span class='ocrx_word' id='word_1_685' title='bbox 2749 4352 2830 4407; x_wconf 90' lang='lat' dir='ltr'><strong>sic</strong></span> <span class='ocrx_word' id='word_1_686' title='bbox 2868 4352 3057 4417; x_wconf 84' lang='lat' dir='ltr'><strong>latent,</strong></span> <span class='ocrx_word' id='word_1_687' title='bbox 3099 4360 3158 4407; x_wconf 91' lang='lat' dir='ltr'><strong>ut</strong></span> <span class='ocrx_word' id='word_1_688' title='bbox 3192 4352 3415 4406; x_wconf 84' lang='lat' dir='ltr'><strong>duriora</strong></span> 
     </span>
    </p>
   </div>
   <div class='ocr_carea' id='block_1_92' title="bbox 148 4441 1726 4532">
    <p class='ocr_par' dir='ltr' id='par_1_92' title="bbox 148 4441 1726 4513">
     <span class='ocr_line' id='line_1_92' title="bbox 148 4441 1726 4513; baseline 0.003 -21"><span class='ocrx_word' id='word_1_689' title='bbox 148 4442 274 4506; x_wconf 79' lang='grc' dir='ltr'>άγει</span> <span class='ocrx_word' id='word_1_690' title='bbox 319 4441 378 4494; x_wconf 79' lang='grc' dir='ltr'>δὲ</span> <span class='ocrx_word' id='word_1_691' title='bbox 419 4446 483 4512; x_wconf 80' lang='grc' dir='ltr'><strong>τῇ</strong></span> <span class='ocrx_word' id='word_1_692' title='bbox 527 4442 746 4513; x_wconf 77' lang='grc' dir='ltr'>τοιαύτῃ</span> <span class='ocrx_word' id='word_1_693' title='bbox 771 4442 978 4513; x_wconf 81' lang='grc' dir='ltr'>διανοίᾳ</span> <span class='ocrx_word' id='word_1_694' title='bbox 1015 4443 1161 4512; x_wconf 79' lang='grc' dir='ltr'>ἡμᾶς</span> <span class='ocrx_word' id='word_1_695' title='bbox 1198 4444 1291 4495; x_wconf 74' lang='grc' dir='ltr'>καὶ</span> <span class='ocrx_word' id='word_1_696' title='bbox 1321 4443 1499 4513; x_wconf 81' lang='grc' dir='ltr'>τὸτῆς</span> <span class='ocrx_word' id='word_1_697' title='bbox 1534 4445 1726 4511; x_wconf 70' lang='grc' dir='ltr'>Σοφίας</span> 
     </span>
    </p>
   </div>
   <div class='ocr_carea' id='block_1_93' title="bbox 1831 4441 3416 4532">
    <p class='ocr_par' dir='ltr' id='par_1_93' title="bbox 1839 4444 3416 4515">
     <span class='ocr_line' id='line_1_93' title="bbox 1839 4444 3416 4515; baseline -0.001 -15"><span class='ocrx_word' id='word_1_698' title='bbox 1839 4446 1967 4509; x_wconf 87' lang='lat' dir='ltr'><strong>sint,</strong></span> <span class='ocrx_word' id='word_1_699' title='bbox 1993 4461 2154 4515; x_wconf 89' lang='lat' dir='ltr'><strong>quam</strong></span> <span class='ocrx_word' id='word_1_700' title='bbox 2182 4454 2238 4498; x_wconf 91' lang='lat' dir='ltr'><strong>ut</strong></span> <span class='ocrx_word' id='word_1_701' title='bbox 2272 4446 2354 4499; x_wconf 89' lang='lat' dir='ltr'><strong>vel</strong></span> <span class='ocrx_word' id='word_1_702' title='bbox 2389 4444 2545 4514; x_wconf 87' lang='lat' dir='ltr'><strong>plene</strong></span> <span class='ocrx_word' id='word_1_703' title='bbox 2596 4444 2913 4515; x_wconf 86' lang='lat' dir='ltr'><strong>intelligere,</strong></span> <span class='ocrx_word' id='word_1_704' title='bbox 2946 4445 3030 4499; x_wconf 84' lang='lat' dir='ltr'><strong>vel</strong></span> <span class='ocrx_word' id='word_1_705' title='bbox 3078 4445 3306 4501; x_wconf 87' lang='lat' dir='ltr'><strong>reddere</strong></span> <span class='ocrx_word' id='word_1_706' title='bbox 3331 4460 3416 4498; x_wconf 87' lang='lat' dir='ltr'><strong>ra-</strong></span> 
     </span>
    </p>
   </div>
   <div class='ocr_carea' id='block_1_94' title="bbox 149 4530 1726 4607">
    <p class='ocr_par' dir='ltr' id='par_1_94' title="bbox 149 4530 1726 4602">
     <span class='ocr_line' id='line_1_94' title="bbox 149 4530 1726 4602; baseline 0.004 -22"><span class='ocrx_word' id='word_1_707' title='bbox 149 4530 545 4600; x_wconf 78' lang='grc' dir='ltr'>παράγγελμα,</span> <span class='ocrx_word' id='word_1_708' title='bbox 581 4533 660 4585; x_wconf 86' lang='grc' dir='ltr'><strong>ὅτι</strong></span> <span class='ocrx_word' id='word_1_709' title='bbox 685 4552 704 4582; x_wconf 76' lang='grc' dir='ltr'><strong>ι</strong></span> <span class='ocrx_word' id='word_1_710' title='bbox 745 4531 1088 4602; x_wconf 71' lang='grc' dir='ltr'>’ἰσχυρότερα</span> <span class='ocrx_word' id='word_1_711' title='bbox 1104 4548 1195 4583; x_wconf 91' lang='grc' dir='ltr'><strong>σου</strong></span> <span class='ocrx_word' id='word_1_712' title='bbox 1215 4532 1288 4601; x_wconf 86' lang='grc' dir='ltr'>μὴ</span> <span class='ocrx_word' id='word_1_713' title='bbox 1304 4532 1517 4601; x_wconf 81' lang='grc' dir='ltr'>ἐρεύνα,</span> <span class='ocrx_word' id='word_1_714' title='bbox 1543 4552 1559 4583; x_wconf 87' lang='grc' dir='ltr'><strong>ι</strong></span> <span class='ocrx_word' id='word_1_715' title='bbox 1585 4551 1726 4587; x_wconf 88' lang='grc' dir='ltr'>τουτ-</span> 
     </span>
    </p>
   </div>
   <div class='ocr_carea' id='block_1_95' title="bbox 1831 4530 3416 4607">
    <p class='ocr_par' dir='ltr' id='par_1_95' title="bbox 1840 4536 3416 4607">
     <span class='ocr_line' id='line_1_95' title="bbox 1840 4536 3416 4607; baseline -0.001 -16"><span class='ocrx_word' id='word_1_716' title='bbox 1840 4537 2041 4591; x_wconf 84' lang='lat' dir='ltr'><strong>tionem</strong></span> <span class='ocrx_word' id='word_1_717' title='bbox 2075 4552 2339 4606; x_wconf 87' lang='lat' dir='ltr'><strong>queamus</strong></span> <span class='ocrx_word' id='word_1_718' title='bbox 2362 4576 2377 4596; x_wconf 91' lang='lat'><strong>.</strong></span> <span class='ocrx_word' id='word_1_719' title='bbox 2429 4545 2487 4590; x_wconf 92' lang='lat' dir='ltr'><strong>ut</strong></span> <span class='ocrx_word' id='word_1_720' title='bbox 2519 4536 2565 4591; x_wconf 86' lang='lat' dir='ltr'><strong>si</strong></span> <span class='ocrx_word' id='word_1_721' title='bbox 2591 4537 2715 4606; x_wconf 89' lang='lat' dir='ltr'><strong>quis</strong></span> <span class='ocrx_word' id='word_1_722' title='bbox 2740 4546 3027 4606; x_wconf 59' lang='lat' dir='ltr'><strong>quaereret,</strong></span> <span class='ocrx_word' id='word_1_723' title='bbox 3067 4552 3316 4607; x_wconf 61' lang='lat' dir='ltr'><strong>quanam</strong></span> <span class='ocrx_word' id='word_1_724' title='bbox 3345 4537 3416 4591; x_wconf 87' lang='lat' dir='ltr'><strong>sit</strong></span> 
     </span>
    </p>
   </div>
   <div class='ocr_carea' id='block_1_96' title="bbox 151 4621 1726 4698">
    <p class='ocr_par' dir='ltr' id='par_1_96' title="bbox 151 4621 1726 4694">
     <span class='ocr_line' id='line_1_96' title="bbox 151 4621 1726 4694; baseline 0.004 -23"><span class='ocrx_word' id='word_1_725' title='bbox 151 4621 288 4682; x_wconf 78' lang='grc' dir='ltr'>ἐστι,</span> <span class='ocrx_word' id='word_1_726' title='bbox 319 4621 388 4673; x_wconf 76' lang='grc' dir='ltr'><strong>τά</strong></span> <span class='ocrx_word' id='word_1_727' title='bbox 422 4621 555 4674; x_wconf 83' lang='grc' dir='ltr'><strong>ὀστᾶ</strong></span> <span class='ocrx_word' id='word_1_728' title='bbox 612 4621 707 4675; x_wconf 87' lang='grc' dir='ltr'><strong>τοῦ</strong></span> <span class='ocrx_word' id='word_1_729' title='bbox 754 4623 912 4690; x_wconf 83' lang='grc' dir='ltr'>λόγου</span> <span class='ocrx_word' id='word_1_730' title='bbox 967 4623 1041 4692; x_wconf 81' lang='grc' dir='ltr'>μὴ</span> <span class='ocrx_word' id='word_1_731' title='bbox 1084 4622 1367 4694; x_wconf 72' lang='grc' dir='ltr'>σύντριϐεο</span> <span class='ocrx_word' id='word_1_732' title='bbox 1402 4626 1463 4676; x_wconf 84' lang='lat'><strong>06</strong></span> <span class='ocrx_word' id='word_1_733' title='bbox 1502 4625 1610 4694; x_wconf 88' lang='grc' dir='ltr'><strong>γάρ</strong></span> <span class='ocrx_word' id='word_1_734' title='bbox 1656 4643 1726 4678; x_wconf 79' lang='grc' dir='ltr'><strong>σοι</strong></span> 
     </span>
    </p>
   </div>
   <div class='ocr_carea' id='block_1_97' title="bbox 1831 4621 3418 4698">
    <p class='ocr_par' dir='ltr' id='par_1_97' title="bbox 1838 4628 3418 4698">
     <span class='ocr_line' id='line_1_97' title="bbox 1838 4628 3418 4698; baseline -0.001 -15"><span class='ocrx_word' id='word_1_735' title='bbox 1838 4629 2142 4683; x_wconf 88' lang='lat' dir='ltr'><strong>substantia</strong></span> <span class='ocrx_word' id='word_1_736' title='bbox 2165 4628 2280 4693; x_wconf 89' lang='lat' dir='ltr'><strong>Dei,</strong></span> <span class='ocrx_word' id='word_1_737' title='bbox 2307 4629 2438 4698; x_wconf 92' lang='lat' dir='ltr'><strong>quid</strong></span> <span class='ocrx_word' id='word_1_738' title='bbox 2476 4637 2602 4683; x_wconf 84' lang='lat' dir='ltr'><strong>ante</strong></span> <span class='ocrx_word' id='word_1_739' title='bbox 2631 4630 2964 4684; x_wconf 88' lang='lat' dir='ltr'><strong>creationem</strong></span> <span class='ocrx_word' id='word_1_740' title='bbox 2989 4628 3172 4691; x_wconf 81' lang='lat' dir='ltr'><strong>fuerit.</strong></span> <span class='ocrx_word' id='word_1_741' title='bbox 3200 4645 3319 4696; x_wconf 72' lang='lat' dir='ltr'><strong>quia:</strong></span> <span class='ocrx_word' id='word_1_742' title='bbox 3346 4629 3418 4683; x_wconf 89' lang='lat' dir='ltr'><strong>sit</strong></span> 
     </span>
    </p>
   </div>
   <div class='ocr_carea' id='block_1_98' title="bbox 153 4709 1726 4791">
    <p class='ocr_par' dir='ltr' id='par_1_98' title="bbox 153 4709 765 4781">
     <span class='ocr_line' id='line_1_98' title="bbox 153 4709 765 4781; baseline 0.005 -19"><span class='ocrx_word' id='word_1_743' title='bbox 153 4709 311 4779; x_wconf 74' lang='grc' dir='ltr'>χρεία</span> <span class='ocrx_word' id='word_1_744' title='bbox 341 4710 451 4763; x_wconf 89' lang='grc' dir='ltr'><strong>τῶν</strong></span> <span class='ocrx_word' id='word_1_745' title='bbox 484 4712 765 4781; x_wconf 85' lang='grc' dir='ltr'>κρυπτῶν.</span> 
     </span>
    </p>
   </div>
   <div class='ocr_carea' id='block_1_99' title="bbox 1831 4709 3419 4791">
    <p class='ocr_par' dir='ltr' id='par_1_99' title="bbox 1840 4720 3419 4791">
     <span class='ocr_line' id='line_1_99' title="bbox 1840 4720 3419 4791; baseline -0.002 -18"><span class='ocrx_word' id='word_1_746' title='bbox 1840 4720 2140 4774; x_wconf 84' lang='lat' dir='ltr'><strong>necessitas</strong></span> <span class='ocrx_word' id='word_1_747' title='bbox 2173 4734 2361 4773; x_wconf 91' lang='lat' dir='ltr'><strong>eorum</strong></span> <span class='ocrx_word' id='word_1_748' title='bbox 2400 4737 2520 4790; x_wconf 77' lang='lat' dir='ltr'><strong>quze</strong></span> <span class='ocrx_word' id='word_1_749' title='bbox 2542 4720 2697 4786; x_wconf 85' lang='lat' dir='ltr'><strong>ﬁunt,</strong></span> <span class='ocrx_word' id='word_1_750' title='bbox 2723 4720 2939 4790; x_wconf 88' lang='lat' dir='ltr'><strong>aliaque</strong></span> <span class='ocrx_word' id='word_1_751' title='bbox 2971 4737 3132 4790; x_wconf 83' lang='lat' dir='ltr'><strong>quam</strong></span> <span class='ocrx_word' id='word_1_752' title='bbox 3163 4721 3419 4791; x_wconf 83' lang='lat' dir='ltr'><strong>plurima,</strong></span> 
     </span>
    </p>
   </div>
   <div class='ocr_carea' id='block_1_100' title="bbox 151 4803 3416 4883">
    <p class='ocr_par' dir='ltr' id='par_1_100' title="bbox 151 4803 3416 4883">
     <span class='ocr_line' id='line_1_100' title="bbox 151 4803 3416 4883; baseline 0.003 -27"><span class='ocrx_word' id='word_1_753' title='bbox 151 4818 272 4865; x_wconf 66' lang='lat' dir='ltr'><strong>qua</strong></span> <span class='ocrx_word' id='word_1_754' title='bbox 304 4804 527 4858; x_wconf 86' lang='lat' dir='ltr'><strong>curiose</strong></span> <span class='ocrx_word' id='word_1_755' title='bbox 547 4803 701 4857; x_wconf 84' lang='lat' dir='ltr'><strong>mu&#39;ti</strong></span> <span class='ocrx_word' id='word_1_756' title='bbox 734 4810 1021 4871; x_wconf 77' lang='lat' dir='ltr'><strong>quzerunt:</strong></span> <span class='ocrx_word' id='word_1_757' title='bbox 1048 4803 1162 4859; x_wconf 68' lang='lat' dir='ltr'><strong>lucc</strong></span> <span class='ocrx_word' id='word_1_758' title='bbox 1195 4806 1378 4859; x_wconf 87' lang='lat' dir='ltr'><strong>omnia</strong></span> <span class='ocrx_word' id='word_1_759' title='bbox 1412 4806 1639 4875; x_wconf 89' lang='lat' dir='ltr'><strong>Spiritui</strong></span> <span class='ocrx_word' id='word_1_760' title='bbox 1672 4818 1865 4865; x_wconf 84' lang='lat' dir='ltr'><strong>sancto</strong></span> <span class='ocrx_word' id='word_1_761' title='bbox 1892 4811 2286 4881; x_wconf 90' lang='lat' dir='ltr'><strong>relinquemus,</strong></span> <span class='ocrx_word' id='word_1_762' title='bbox 2325 4810 2416 4880; x_wconf 92' lang='lat' dir='ltr'><strong>qui</strong></span> <span class='ocrx_word' id='word_1_763' title='bbox 2454 4810 2546 4867; x_wconf 87' lang='lat' dir='ltr'><strong>Dei</strong></span> <span class='ocrx_word' id='word_1_764' title='bbox 2582 4812 2853 4882; x_wconf 81' lang='lat' dir='ltr'><strong>profunda</strong></span> <span class='ocrx_word' id='word_1_765' title='bbox 2884 4812 3174 4883; x_wconf 77' lang='lat' dir='ltr'><strong>investigat</strong></span> <span class='ocrx_word' id='word_1_766' title='bbox 3198 4820 3254 4868; x_wconf 86' lang='lat' dir='ltr'><strong>et</strong></span> <span class='ocrx_word' id='word_1_767' title='bbox 3292 4813 3416 4878; x_wconf 88' lang='lat' dir='ltr'><strong>scit,</strong></span> 
     </span>
    </p>
   </div>
   <div class='ocr_carea' id='block_1_101' title="bbox 153 4892 3419 4973">
    <p class='ocr_par' dir='ltr' id='par_1_101' title="bbox 153 4892 3419 4973">
     <span class='ocr_line' id='line_1_101' title="bbox 153 4892 3419 4973; baseline 0.004 -32"><span class='ocrx_word' id='word_1_768' title='bbox 153 4903 210 4942; x_wconf 90' lang='lat' dir='ltr'><strong>ut</strong></span> <span class='ocrx_word' id='word_1_769' title='bbox 241 4893 544 4962; x_wconf 82' lang='lat' dir='ltr'><strong>Apostolus</strong></span> <span class='ocrx_word' id='word_1_770' title='bbox 573 4894 648 4946; x_wconf 88' lang='lat' dir='ltr'><strong>ait</strong></span> <span class='ocrx_word' id='word_1_771' title='bbox 672 4894 735 4946; x_wconf 84' lang='grc'><strong>³³.</strong></span> <span class='ocrx_word' id='word_1_772' title='bbox 770 4892 902 4947; x_wconf 82' lang='lat' dir='ltr'><strong>Nam</strong></span> <span class='ocrx_word' id='word_1_773' title='bbox 930 4894 1103 4964; x_wconf 89' lang='lat' dir='ltr'><strong>ignem</strong></span> <span class='ocrx_word' id='word_1_774' title='bbox 1144 4910 1242 4964; x_wconf 93' lang='lat' dir='ltr'><strong>pro</strong></span> <span class='ocrx_word' id='word_1_775' title='bbox 1272 4897 1465 4965; x_wconf 92' lang='lat' dir='ltr'><strong>spiritu</strong></span> <span class='ocrx_word' id='word_1_776' title='bbox 1506 4898 1625 4967; x_wconf 85' lang='lat' dir='ltr'><strong>capi</strong></span> <span class='ocrx_word' id='word_1_777' title='bbox 1674 4900 1994 4968; x_wconf 90' lang='lat' dir='ltr'><strong>plerumque</strong></span> <span class='ocrx_word' id='word_1_778' title='bbox 2025 4902 2079 4954; x_wconf 89' lang='lat' dir='ltr'><strong>in</strong></span> <span class='ocrx_word' id='word_1_779' title='bbox 2122 4900 2298 4955; x_wconf 86' lang='lat' dir='ltr'><strong>sacris</strong></span> <span class='ocrx_word' id='word_1_780' title='bbox 2324 4899 2563 4966; x_wconf 84' lang='lat' dir='ltr'><strong>Litteris,</strong></span> <span class='ocrx_word' id='word_1_781' title='bbox 2607 4916 2769 4957; x_wconf 88' lang='lat' dir='ltr'><strong>nemo</strong></span> <span class='ocrx_word' id='word_1_782' title='bbox 2804 4902 2944 4957; x_wconf 88' lang='lat' dir='ltr'><strong>lacte</strong></span> <span class='ocrx_word' id='word_1_783' title='bbox 2972 4905 3211 4973; x_wconf 83' lang='lat' dir='ltr'><strong>ipsarum</strong></span> <span class='ocrx_word' id='word_1_784' title='bbox 3242 4904 3419 4957; x_wconf 89' lang='lat' dir='ltr'><strong>nutri-</strong></span> 
     </span>
    </p>
   </div>
   <div class='ocr_carea' id='block_1_102' title="bbox 155 4982 3423 5061">
    <p class='ocr_par' dir='ltr' id='par_1_102' title="bbox 155 4982 3423 5061">
     <span class='ocr_line' id='line_1_102' title="bbox 155 4982 3423 5061; baseline 0.003 -21"><span class='ocrx_word' id='word_1_785' title='bbox 155 4998 244 5040; x_wconf 89' lang='lat' dir='ltr'><strong>tus</strong></span> <span class='ocrx_word' id='word_1_786' title='bbox 274 4984 517 5053; x_wconf 81' lang='lat' dir='ltr'><strong>negabit.</strong></span> <span class='ocrx_word' id='word_1_787' title='bbox 550 4982 663 5038; x_wconf 84' lang='lat' dir='ltr'><strong>Hoc</strong></span> <span class='ocrx_word' id='word_1_788' title='bbox 686 4994 770 5039; x_wconf 86' lang='lat' dir='ltr'><strong>est</strong></span> <span class='ocrx_word' id='word_1_789' title='bbox 796 4987 959 5039; x_wconf 88' lang='lat' dir='ltr'><strong>etiam</strong></span> <span class='ocrx_word' id='word_1_790' title='bbox 981 4986 1127 5057; x_wconf 89' lang='lat' dir='ltr'><strong>quod</strong></span> <span class='ocrx_word' id='word_1_791' title='bbox 1153 4986 1429 5056; x_wconf 83' lang='lat' dir='ltr'><strong>Sapientia</strong></span> <span class='ocrx_word' id='word_1_792' title='bbox 1454 4997 1659 5053; x_wconf 90' lang='lat' dir='ltr'><strong>monet,</strong></span> <span class='ocrx_word' id='word_1_793' title='bbox 1694 5008 1711 5039; x_wconf 76' lang='grc' dir='ltr'><strong>ι</strong></span> <span class='ocrx_word' id='word_1_794' title='bbox 1744 4989 1992 5045; x_wconf 83' lang='lat' dir='ltr'><strong>Fortiora</strong></span> <span class='ocrx_word' id='word_1_795' title='bbox 2019 5000 2070 5046; x_wconf 92' lang='lat' dir='ltr'><strong>te</strong></span> <span class='ocrx_word' id='word_1_796' title='bbox 2100 4990 2169 5046; x_wconf 82' lang='lat' dir='ltr'><strong>ne</strong></span> <span class='ocrx_word' id='word_1_797' title='bbox 2200 4992 2551 5061; x_wconf 77' lang='lat' dir='ltr'><strong>scruteris“,</strong></span> <span class='ocrx_word' id='word_1_798' title='bbox 2575 5013 2592 5046; x_wconf 82' lang='grc' dir='ltr'><strong>ι</strong></span> <span class='ocrx_word' id='word_1_799' title='bbox 2624 4994 2729 5049; x_wconf 87' lang='lat' dir='ltr'><strong>hoc</strong></span> <span class='ocrx_word' id='word_1_800' title='bbox 2750 5002 2855 5060; x_wconf 86' lang='lat' dir='ltr'><strong>est,</strong></span> <span class='ocrx_word' id='word_1_801' title='bbox 2888 5008 3015 5048; x_wconf 86' lang='lat' dir='ltr'><strong>ossa</strong></span> <span class='ocrx_word' id='word_1_802' title='bbox 3041 4995 3190 5049; x_wconf 88' lang='lat' dir='ltr'><strong>verbi</strong></span> <span class='ocrx_word' id='word_1_803' title='bbox 3227 4992 3319 5049; x_wconf 87' lang='lat' dir='ltr'><strong>Dei</strong></span> <span class='ocrx_word' id='word_1_804' title='bbox 3353 5010 3423 5050; x_wconf 88' lang='lat' dir='ltr'><strong>ne</strong></span> 
     </span>
    </p>
   </div>
   <div class='ocr_carea' id='block_1_103' title="bbox 156 5079 1678 5151">
    <p class='ocr_par' dir='ltr' id='par_1_103' title="bbox 156 5079 1678 5151">
     <span class='ocr_line' id='line_1_103' title="bbox 156 5079 1678 5151; baseline 0.001 -16"><span class='ocrx_word' id='word_1_805' title='bbox 156 5079 512 5151; x_wconf 83' lang='lat' dir='ltr'><strong>confringas:</strong></span> <span class='ocrx_word' id='word_1_806' title='bbox 563 5094 673 5134; x_wconf 92' lang='lat' dir='ltr'><strong>non</strong></span> <span class='ocrx_word' id='word_1_807' title='bbox 700 5080 848 5135; x_wconf 87' lang='lat' dir='ltr'><strong>enim</strong></span> <span class='ocrx_word' id='word_1_808' title='bbox 891 5089 978 5136; x_wconf 86' lang='lat' dir='ltr'><strong>est</strong></span> <span class='ocrx_word' id='word_1_809' title='bbox 1015 5081 1113 5135; x_wconf 89' lang='lat' dir='ltr'><strong>tibi</strong></span> <span class='ocrx_word' id='word_1_810' title='bbox 1145 5096 1285 5151; x_wconf 88' lang='lat' dir='ltr'><strong>opus</strong></span> <span class='ocrx_word' id='word_1_811' title='bbox 1317 5080 1678 5138; x_wconf 89' lang='lat' dir='ltr'><strong>absconditis.</strong></span> 
     </span>
    </p>
   </div>
   <div class='ocr_carea' id='block_1_104' title="bbox 224 5258 1726 5337">
    <p class='ocr_par' dir='ltr' id='par_1_104' title="bbox 224 5258 1726 5332">
     <span class='ocr_line' id='line_1_104' title="bbox 224 5258 1726 5332; baseline 0.002 -18"><span class='ocrx_word' id='word_1_812' title='bbox 224 5259 414 5323; x_wconf 73' lang='grc' dir='ltr'>οὕτως</span> <span class='ocrx_word' id='word_1_813' title='bbox 448 5258 699 5312; x_wconf 77' lang='grc' dir='ltr'>ἐκϐάλλει</span> <span class='ocrx_word' id='word_1_814' title='bbox 719 5259 815 5329; x_wconf 82' lang='grc' dir='ltr'>τῆς</span> <span class='ocrx_word' id='word_1_815' title='bbox 845 5259 1121 5328; x_wconf 74' lang='grc' dir='ltr'>Αἰγύπτου</span> <span class='ocrx_word' id='word_1_816' title='bbox 1144 5262 1172 5313; x_wconf 87' lang='grc' dir='ltr'><strong>ὁ</strong></span> <span class='ocrx_word' id='word_1_817' title='bbox 1194 5262 1437 5332; x_wconf 79' lang='grc' dir='ltr'>Μωῦσῆς</span> <span class='ocrx_word' id='word_1_818' title='bbox 1465 5262 1553 5315; x_wconf 77' lang='grc' dir='ltr'>τὸν</span> <span class='ocrx_word' id='word_1_819' title='bbox 1575 5262 1726 5317; x_wconf 82' lang='grc' dir='ltr'>λαον·</span> 
     </span>
    </p>
   </div>
   <div class='ocr_carea' id='block_1_105' title="bbox 1831 5258 3424 5337">
    <p class='ocr_par' dir='ltr' id='par_1_105' title="bbox 1916 5263 3424 5337">
     <span class='ocr_line' id='line_1_105' title="bbox 1916 5263 3424 5337; baseline 0.001 -19"><span class='ocrx_word' id='word_1_820' title='bbox 1916 5263 2007 5318; x_wconf 89' lang='lat' dir='ltr'><strong>Sic</strong></span> <span class='ocrx_word' id='word_1_821' title='bbox 2042 5263 2226 5319; x_wconf 90' lang='lat' dir='ltr'><strong>educit</strong></span> <span class='ocrx_word' id='word_1_822' title='bbox 2268 5265 2337 5320; x_wconf 87' lang='lat' dir='ltr'><strong>ab</strong></span> <span class='ocrx_word' id='word_1_823' title='bbox 2376 5263 2613 5337; x_wconf 68' lang='lat' dir='ltr'><strong>Egypto</strong></span> <span class='ocrx_word' id='word_1_824' title='bbox 2655 5263 2870 5337; x_wconf 82' lang='lat' dir='ltr'><strong>Moyses</strong></span> <span class='ocrx_word' id='word_1_825' title='bbox 2910 5264 3190 5334; x_wconf 81' lang='lat' dir='ltr'><strong>pepulttm,</strong></span> <span class='ocrx_word' id='word_1_826' title='bbox 3223 5274 3275 5318; x_wconf 88' lang='lat' dir='ltr'><strong>et</strong></span> <span class='ocrx_word' id='word_1_827' title='bbox 3305 5266 3424 5336; x_wconf 55' lang='lat' dir='ltr'><strong>qui.</strong></span> 
     </span>
    </p>
   </div>
   <div class='ocr_carea' id='block_1_106' title="bbox 157 5346 1726 5426">
    <p class='ocr_par' dir='ltr' id='par_1_106' title="bbox 157 5346 1726 5423">
     <span class='ocr_line' id='line_1_106' title="bbox 157 5346 1726 5423; baseline 0.004 -25"><span class='ocrx_word' id='word_1_828' title='bbox 157 5348 252 5400; x_wconf 75' lang='grc' dir='ltr'><strong>καὶ</strong></span> <span class='ocrx_word' id='word_1_829' title='bbox 288 5350 395 5410; x_wconf 77' lang='grc' dir='ltr'>πᾶς</span> <span class='ocrx_word' id='word_1_830' title='bbox 423 5349 451 5401; x_wconf 88' lang='lat'><strong>6</strong></span> <span class='ocrx_word' id='word_1_831' title='bbox 477 5346 554 5416; x_wconf 85' lang='grc' dir='ltr'>τῷ</span> <span class='ocrx_word' id='word_1_832' title='bbox 576 5348 800 5400; x_wconf 82' lang='grc' dir='ltr'>Μωῦσεῖ</span> <span class='ocrx_word' id='word_1_833' title='bbox 819 5350 939 5400; x_wconf 79' lang='grc' dir='ltr'>κατ’</span> <span class='ocrx_word' id='word_1_834' title='bbox 957 5348 1099 5418; x_wconf 81' lang='grc' dir='ltr'>ἴχνος</span> <span class='ocrx_word' id='word_1_835' title='bbox 1121 5348 1403 5418; x_wconf 78' lang='grc' dir='ltr'>ἑπόμενος,</span> <span class='ocrx_word' id='word_1_836' title='bbox 1442 5350 1525 5420; x_wconf 85' lang='grc' dir='ltr'>τῷ</span> <span class='ocrx_word' id='word_1_837' title='bbox 1554 5352 1726 5423; x_wconf 59' lang='grc' dir='ltr'>τρόπις.</span> 
     </span>
    </p>
   </div>
   <div class='ocr_carea' id='block_1_107' title="bbox 1831 5346 3421 5426">
    <p class='ocr_par' dir='ltr' id='par_1_107' title="bbox 1841 5353 3421 5426">
     <span class='ocr_line' id='line_1_107' title="bbox 1841 5353 3421 5426; baseline 0 -17"><span class='ocrx_word' id='word_1_838' title='bbox 1841 5370 2058 5425; x_wconf 86' lang='lat' dir='ltr'><strong>cunque</strong></span> <span class='ocrx_word' id='word_1_839' title='bbox 2086 5356 2207 5425; x_wconf 88' lang='lat' dir='ltr'><strong>ejus</strong></span> <span class='ocrx_word' id='word_1_840' title='bbox 2239 5356 2462 5426; x_wconf 79' lang='lat' dir='ltr'><strong>vestigia</strong></span> <span class='ocrx_word' id='word_1_841' title='bbox 2511 5357 2782 5426; x_wconf 90' lang='lat' dir='ltr'><strong>sequitur,</strong></span> <span class='ocrx_word' id='word_1_842' title='bbox 2827 5355 2930 5409; x_wconf 83' lang='lat' dir='ltr'><strong>hoc</strong></span> <span class='ocrx_word' id='word_1_843' title='bbox 2961 5353 3124 5409; x_wconf 86' lang='lat' dir='ltr'><strong>modo</strong></span> <span class='ocrx_word' id='word_1_844' title='bbox 3153 5356 3221 5408; x_wconf 86' lang='lat' dir='ltr'><strong>ab</strong></span> <span class='ocrx_word' id='word_1_845' title='bbox 3252 5354 3421 5426; x_wconf 56' lang='lat' dir='ltr'><strong>Egy-</strong></span> 
     </span>
    </p>
   </div>
   <div class='ocr_carea' id='block_1_108' title="bbox 157 5435 1726 5539">
    <p class='ocr_par' dir='ltr' id='par_1_108' title="bbox 157 5435 1726 5539">
     <span class='ocr_line' id='line_1_108' title="bbox 157 5435 1726 5539; baseline 0.006 -52"><span class='ocrx_word' id='word_1_846' title='bbox 157 5437 334 5539; x_wconf 60' lang='lat' dir='ltr'><strong>:O&#39;th)</strong></span> <span class='ocrx_word' id='word_1_847' title='bbox 374 5436 474 5506; x_wconf 83' lang='grc' dir='ltr'>τῆς</span> <span class='ocrx_word' id='word_1_848' title='bbox 507 5435 810 5504; x_wconf 78' lang='grc' dir='ltr'>Δίγυπτίας</span> <span class='ocrx_word' id='word_1_849' title='bbox 851 5439 1166 5508; x_wconf 81' lang='grc' dir='ltr'>τυραννίδος</span> <span class='ocrx_word' id='word_1_850' title='bbox 1209 5438 1485 5513; x_wconf 82' lang='grc' dir='ltr'>ἐλευθεροῖ</span> <span class='ocrx_word' id='word_1_851' title='bbox 1512 5443 1726 5507; x_wconf 73' lang='grc' dir='ltr'>πάντας,</span> 
     </span>
    </p>
   </div>
   <div class='ocr_carea' id='block_1_109' title="bbox 1831 5435 3420 5539">
    <p class='ocr_par' dir='ltr' id='par_1_109' title="bbox 1841 5445 3420 5518">
     <span class='ocr_line' id='line_1_109' title="bbox 1841 5445 3420 5518; baseline 0.003 -20"><span class='ocrx_word' id='word_1_852' title='bbox 1841 5448 2005 5516; x_wconf 87' lang='lat' dir='ltr'><strong>ptiaci</strong></span> <span class='ocrx_word' id='word_1_853' title='bbox 2032 5447 2239 5518; x_wconf 86' lang='lat' dir='ltr'><strong>peccati</strong></span> <span class='ocrx_word' id='word_1_854' title='bbox 2262 5446 2547 5516; x_wconf 82' lang='lat' dir='ltr'><strong>tyrannide</strong></span> <span class='ocrx_word' id='word_1_855' title='bbox 2567 5461 2759 5501; x_wconf 90' lang='lat' dir='ltr'><strong>omnes</strong></span> <span class='ocrx_word' id='word_1_856' title='bbox 2774 5446 2989 5510; x_wconf 83' lang='lat' dir='ltr'><strong>liberat,</strong></span> <span class='ocrx_word' id='word_1_857' title='bbox 3011 5446 3102 5516; x_wconf 94' lang='lat' dir='ltr'><strong>qui</strong></span> <span class='ocrx_word' id='word_1_858' title='bbox 3126 5445 3175 5501; x_wconf 91' lang='lat' dir='ltr'><strong>ei</strong></span> <span class='ocrx_word' id='word_1_859' title='bbox 3204 5455 3420 5516; x_wconf 82' lang='lat' dir='ltr'><strong>parent.</strong></span> 
     </span>
    </p>
   </div>
   <div class='ocr_carea' id='block_1_110' title="bbox 158 5525 1726 5610">
    <p class='ocr_par' dir='ltr' id='par_1_110' title="bbox 158 5525 1726 5599">
     <span class='ocr_line' id='line_1_110' title="bbox 158 5525 1726 5599; baseline 0.006 -21"><span class='ocrx_word' id='word_1_860' title='bbox 158 5525 233 5579; x_wconf 77' lang='grc' dir='ltr'>ὧν</span> <span class='ocrx_word' id='word_1_861' title='bbox 264 5525 331 5579; x_wconf 81' lang='grc' dir='ltr'>ἂν</span> <span class='ocrx_word' id='word_1_862' title='bbox 368 5528 398 5579; x_wconf 88' lang='lat'><strong>6</strong></span> <span class='ocrx_word' id='word_1_863' title='bbox 422 5525 579 5594; x_wconf 86' lang='grc' dir='ltr'>λόγος</span> <span class='ocrx_word' id='word_1_864' title='bbox 628 5526 953 5598; x_wconf 83' lang='grc' dir='ltr'>καθηγῆται.</span> <span class='ocrx_word' id='word_1_865' title='bbox 988 5530 1079 5581; x_wconf 86' lang='grc' dir='ltr'>Δεῖ</span> <span class='ocrx_word' id='word_1_866' title='bbox 1111 5528 1188 5594; x_wconf 79' lang='grc' dir='ltr'><strong>δέ,</strong></span> <span class='ocrx_word' id='word_1_867' title='bbox 1233 5526 1406 5599; x_wconf 71' lang='grc' dir='ltr'>οἶμαι.</span> <span class='ocrx_word' id='word_1_868' title='bbox 1437 5533 1560 5597; x_wconf 74' lang='grc' dir='ltr'>τοὺς</span> <span class='ocrx_word' id='word_1_869' title='bbox 1615 5534 1726 5587; x_wconf 70' lang='grc' dir='ltr'><strong>ἐπο</strong></span> 
     </span>
    </p>
   </div>
   <div class='ocr_carea' id='block_1_111' title="bbox 1831 5525 3421 5610">
    <p class='ocr_par' dir='ltr' id='par_1_111' title="bbox 1840 5537 3421 5610">
     <span class='ocr_line' id='line_1_111' title="bbox 1840 5537 3421 5610; baseline 0.001 -18"><span class='ocrx_word' id='word_1_870' title='bbox 1840 5537 2067 5608; x_wconf 87' lang='lat' dir='ltr'><strong>Oportet</strong></span> <span class='ocrx_word' id='word_1_871' title='bbox 2118 5550 2300 5594; x_wconf 87' lang='lat' dir='ltr'><strong>autem</strong></span> <span class='ocrx_word' id='word_1_872' title='bbox 2361 5554 2481 5606; x_wconf 90' lang='lat' dir='ltr'><strong>nos,</strong></span> <span class='ocrx_word' id='word_1_873' title='bbox 2537 5539 2630 5610; x_wconf 86' lang='lat' dir='ltr'><strong>qui</strong></span> <span class='ocrx_word' id='word_1_874' title='bbox 2668 5541 2832 5596; x_wconf 85' lang='lat' dir='ltr'><strong>talem</strong></span> <span class='ocrx_word' id='word_1_875' title='bbox 2875 5539 3069 5594; x_wconf 88' lang='lat' dir='ltr'><strong>ducem</strong></span> <span class='ocrx_word' id='word_1_876' title='bbox 3117 5540 3421 5610; x_wconf 90' lang='lat' dir='ltr'><strong>sequimur,</strong></span> 
     </span>
    </p>
   </div>
   <div class='ocr_carea' id='block_1_112' title="bbox 228 5700 1252 5769">
    <p class='ocr_par' dir='ltr' id='par_1_112' title="bbox 228 5700 1252 5769">
     <span class='ocr_line' id='line_1_112' title="bbox 228 5700 1252 5769; baseline 0.011 -18"><span class='ocrx_word' id='word_1_877' title='bbox 228 5703 275 5732; x_wconf 86' lang='grc'><em>³³</em></span> <span class='ocrx_word' id='word_1_878' title='bbox 308 5700 326 5752; x_wconf 91' lang='grc' dir='ltr'><strong>Ι</strong></span> <span class='ocrx_word' id='word_1_879' title='bbox 359 5702 484 5755; x_wconf 84' lang='lat' dir='ltr'><strong>Cor.</strong></span> <span class='ocrx_word' id='word_1_880' title='bbox 521 5720 580 5765; x_wconf 90' lang='lat' dir='ltr'><strong>tt,</strong></span> <span class='ocrx_word' id='word_1_881' title='bbox 615 5704 694 5758; x_wconf 87' lang='lat' dir='ltr'><strong>l0.</strong></span> <span class='ocrx_word' id='word_1_882' title='bbox 775 5705 818 5736; x_wconf 73' lang='lat'><strong><em>&quot;</em></strong></span> <span class='ocrx_word' id='word_1_883' title='bbox 850 5705 1014 5759; x_wconf 81' lang='lat' dir='ltr'><strong>Eceli.</strong></span> <span class='ocrx_word' id='word_1_884' title='bbox 1054 5722 1135 5769; x_wconf 83' lang='grc' dir='ltr'>ιιι,</span> <span class='ocrx_word' id='word_1_885' title='bbox 1159 5706 1252 5762; x_wconf 74' lang='lat'><strong>2‘2.</strong></span> 
     </span>
    </p>
   </div>
  </div>
