3844 6222
386 294 493 350 559

1581 295 1642 351 S.
1685 293 2015 352 GREGORII
2050 294 2095 350 N
2107 293 2340 351 YSSENI

3555 295 3660 353 360

358 425 489 468 ,nec
517 409 740 467 omnino
773 428 1040 484 pauperes
1069 428 1216 477 esse,
1275 429 1381 470 nec
1419 413 1736 470 divitiarum
1795 413 1964 486 Egy-

2072 413 2264 485 μένους
2297 411 2377 482 τῷ
2405 388 2543 483 πρὸς
2569 409 2770 483 ἀρετὴν
2793 409 3103 484 ἡγουμένῳ,
3134 409 3212 480 μὴ
3244 409 3484 479 πένητας
3517 405 3659 464 εἷναι

387 503 465 574 pti
488 512 742 572 expertes
765 545 782 570 ,
827 521 928 560 nec
966 507 1249 575 penuriam
1278 521 1469 561 eorum
1504 507 1637 576 pati,
1679 523 1800 576 qua:
1836 508 1972 562 alie-

386 598 601 665 nigenis
631 597 683 649 in
727 599 904 665 pretio
939 607 1090 663 sunt,
1148 598 1242 652 sed
1276 608 1469 653 mutuo
1497 601 1566 653 ab
1589 601 1722 669 ipsis
1759 602 1974 670 accipe-

385 701 465 749 re,
529 701 594 739 ac
636 688 780 756 apud
814 704 913 742 nos
946 690 1203 744 retinere.
1253 690 1410 752 Quod
1459 701 1733 761 praecepto
1766 691 1970 764 Moysis

385 786 516 831 tunc
539 781 593 832 in
624 779 858 850 Egypto
886 784 1118 850 populus
1176 781 1357 836 facere
1383 784 1627 851 iubetur.
1673 783 1873 839 Verum
1916 787 1971 840 id

384 886 492 924 non
531 880 640 925 tam
692 871 850 927 facile
883 875 1194 944 percipiens
1251 877 1568 945 quisquam,
1619 887 1854 931 mentem
1898 879 1974 931 le-

384 963 661 1031 gislatoris
689 965 762 1016 ita
799 966 1148 1026 intellexerit,
1181 982 1244 1019 ac
1269 972 1312 1021 si
1347 967 1439 1022 ille
1467 966 1795 1022 defraudare
1825 985 1974 1022 man-

385 1054 526 1104 dafit
552 1057 1011 1118 commodantem,
1044 1055 1186 1110 etad
1236 1057 1564 1125 injustitiam
1606 1058 1716 1112 dux
1746 1059 1972 1113 exstite-

385 1146 472 1197 rit.
520 1144 676 1210 Quod
712 1154 895 1200 tamen
931 1149 1068 1201 velle
1097 1147 1281 1202 Mosen
1316 1164 1478 1203 nemo
1504 1157 1654 1203 recte
1672 1150 1836 1214 dicet,
1873 1150 1968 1220 qui

382 1238 729 1305 servientium
766 1239 944 1308 legum
981 1240 1236 1315 respiciet
1264 1239 1525 1306 indolem,
1567 1242 1790 1311 quibus,
1827 1243 1971 1311 inju-

383 1331 461 1380 ria
517 1329 570 1382 in
605 1334 908 1398 proximum
961 1335 1164 1401 passim
1199 1341 1415 1386 vetatur
1455 1353 1468 1388 :
1503 1335 1628 1389 licet
1674 1345 1968 1390 consenta-

381 1436 541 1472 neum
577 1423 774 1474 rationi
799 1422 1048 1476 videatur
1084 1425 1440 1494 quibusdam,
1472 1433 1532 1478 ut
1562 1427 1664 1481 hac
1697 1428 1969 1481 industria

377 1512 548 1566 Judaei
586 1514 757 1582 pretia
797 1530 897 1567 sua
923 1517 991 1570 ab
1019 1515 1295 1586 Egyptiis
1331 1519 1636 1587 exigerent.
1669 1517 1790 1572 Non
1823 1521 1968 1574 enim

381 1606 563 1660 minus
609 1608 1013 1663 committemus
1048 1611 1279 1673 crimen,
1346 1611 1392 1665 si
1437 1611 1543 1664 tale
1575 1621 1904 1682 prwceptum
1939 1628 1968 1666 a

380 1698 662 1750 mendacio
695 1709 747 1751 et
786 1697 977 1754 fraude
1011 1716 1116 1754 non
1151 1701 1512 1756 defendamus
1541 1719 1604 1758 ac
1651 1705 1965 1760 liberemus.

379 1785 514 1840 Nam
544 1791 636 1858 qui
666 1794 1014 1844 commodato
1049 1793 1325 1862 quidpiam
1352 1796 1583 1864 accepit,
1603 1812 1780 1866 neque
1812 1811 1966 1849 com-

379 1881 622 1934 n'iodanti
672 1897 865 1937 rursus
919 1885 1118 1949 reddit,
1173 1886 1220 1939 si
1269 1888 1490 1955 quidem
1542 1888 1779 1941 alienum
1833 1888 1966 1941 illud

379 1972 562 2037 fuerit,
601 1984 658 2028 ut
707 1977 972 2044 spoliator
1019 1977 1274 2043 injuriain
1344 1978 1570 2032 intulit:
1621 1979 1708 2032 sin
1741 1980 1791 2033 id
1821 1980 1968 2050 quod

379 2079 538 2116 suum
570 2078 686 2118 erat
715 2066 1018 2121 retinuerit.
1046 2077 1100 2119 ut
1131 2069 1224 2137 qui
1267 2083 1390 2120 eum
1440 2066 1718 2128 fefellerit.
1749 2071 1840 2139 qui
1872 2085 1968 2138 spe

381 2157 676 2224 recipiendi
711 2158 1101 2220 commodavit,
1165 2159 1391 2213 omnino
1428 2161 1686 2230 deceptor
1735 2163 1969 2231 appella-

379 2258 486 2300 tur.
522 2248 949 2303 Convenientior
977 2261 1061 2304 est
1097 2251 1385 2303 sublimior
1426 2267 1620 2308 sensus
1670 2267 1737 2306 eo
1779 2253 1871 2322 qui
1900 2255 1966 2308 ad

378 2340 610 2394 litteram
657 2343 944 2410 exponenti
1000 2343 1265 2404 occurrit,
1324 2344 1482 2412 quasi
1516 2344 1775 2398 nimirum
1819 2343 1971 2399 Scri-

378 2443 535 2502 plura
596 2433 805 2504 jubeat,
838 2444 896 2488 ut
947 2436 980 2488 ii
1016 2437 1108 2505 qui
1164 2437 1392 2491 honeste
1434 2451 1499 2490 ac
1553 2437 1850 2492 liberaliter
1901 2454 1968 2494 ex

378 2527 582 2580 virtute
614 2526 779 2579 vitam
836 2526 1154 2589 instituunt,
1197 2526 1525 2581 eruditionis
1577 2528 1857 2596 gentilium
1886 2529 1972 2582 di-

376 2618 538 2672 vitias
579 2618 682 2672 sibi
710 2631 1046 2688 comparent,
1086 2619 1288 2690 quibus
1310 2618 1472 2673 alieni
1511 2634 1540 2671 a
1579 2620 1682 2673 lide
1715 2621 1969 2677 homines

374 2717 748 2764 exornantur:
782 2711 1067 2777 moralem,
1093 2711 1508 2780 naturalemque
1542 2712 1967 2782 philosophiam,

374 2801 784 2866 astronomiam,
847 2803 1225 2870 geometriam,
1287 2802 1574 2862 musicam,
1604 2803 1968 2869 dialecticam,

375 2899 720 2962 cieterasque
777 2893 1066 2957 scientias,
1129 2893 1334 2963 quibus
1385 2895 1549 2950 alieni
1604 2895 1673 2949 ab
1723 2895 1969 2952 Ecclesia

373 2983 590 3050 florent,
633 2986 884 3055 accipere
914 2985 983 3040 ab
1011 2986 1140 3049 illis,
1172 3001 1238 3040 ac
1272 2987 1395 3041 illos
1422 2990 1712 3042 abutentes
1757 2989 1972 3057 privare

2071 507 2165 560 τοῦ
2189 505 2487 573 Αἰγυπτίου
2515 504 2770 570 πλούτου,
2807 503 2944 574 μηδὲ
2977 503 3088 555 τῶν
3120 501 3432 570 ἀλλοφύλων
3468 518 3662 571 κειμη-

2070 596 2199 650 λίων
2235 597 2373 665 ἀκτή
2385 614 2549 666 μονας
2573 636 2587 658 ,
2624 596 2760 649 ἀλλά
2803 597 2872 650 τὰ
2917 595 3189 666 προσόντα
3234 597 3346 657 τοῖς
3394 593 3658 658 ἐναντίας

2072 689 2249 740 πάντα
2273 687 2558 750 λαϐόντας,
2589 689 2649 740 ἐν
2676 689 2871 759 χρήσει
2908 688 3036 756 παρ’
3071 687 3282 748 ἑαυτοῖς
3320 687 3497 756 ἔχειν’
3518 687 3658 757 ὅπερ

2070 780 2191 832 τότε
2223 781 2446 850 ποιῆσαι
2476 781 2626 850 παρά
2647 780 2740 832 τοῦ
2773 781 2908 833 Muri)
2919 780 3051 842 τέως
3075 779 3103 830 ὁ
3131 779 3258 841 λαὸς
3280 778 3659 848 παραγγέλλε-

2071 891 2179 927 ται.
2211 872 2380 926 Τοῦτο
2404 873 2460 924 δὲ
2487 874 2589 924 οὐκ
2629 872 2693 924 ἄν
2736 889 2818 935 τις
2853 873 2920 925 ἐκ
2965 871 3059 924 τοῦ
3106 873 3397 943 προχείρου
3428 873 3654 941 νοήσας.

2072 965 2396 1032 ἀποδέξαιτο
2424 964 2517 1017 τοῦ
2545 964 2834 1032 νομοθέτου
2865 963 2964 1034 τὴν
2989 962 3234 1034 γνώμην,
3252 965 3300 1015 εί
3332 965 3658 1032 ἀποστερεῖν

2070 1060 2197 1120 τοὺς
2242 1058 2552 1129 χρήσαντας
2603 1055 2971 1124 ἐγκελεύεται,
2999 1057 3093 1108 καὶ
3120 1056 3406 1125 ὑφηγητὴς
3441 1053 3654 1114 ἀδικίας

2071 1152 2301 1220 γίνεται.
2346 1149 2486 1202 Ἀλλ’
2531 1149 2637 1202 οὐδ’
2667 1149 2733 1202 ἂν
2758 1147 2878 1201 κατ’
2913 1145 3172 1215 ἀλήθειάν
3198 1163 3280 1209 τις
3311 1146 3453 1198 εἴποι
3478 1143 3656 1197 ταῦτα

2071 1244 2383 1298 διατάσσειν
2429 1243 2520 1296 τὸν
2566 1241 2899 1312 νομοθέτην,
2938 1241 3074 1310 πρὸς
3115 1241 3239 1302 τοὺς
3281 1237 3480 1307 ἐφεξῆς
3529 1237 3655 1308 βλέ-

2071 1352 2187 1387 πων
2226 1335 2444 1403 νόμους,
2475 1332 2600 1394 τοὺς
2628 1331 2742 1385 ἀνω
2765 1332 2860 1384 καὶ
2883 1330 3034 1384 κάτω
3062 1330 3161 1401 τὴν
3195 1329 3335 1383 κατὰ
3361 1328 3455 1384 τοῦ
3485 1330 3658 1392 πέλας

2070 1427 2284 1480 ἀδικίαν
2327 1425 2652 1488 κωλύοντας,
2682 1423 2784 1477 κάν
2825 1440 2938 1476 τισι
2984 1422 3116 1494 δοκῇ
3147 1421 3364 1490 εὔλογον
3407 1418 3547 1474 εἶναι
3593 1420 3659 1473 τὸ

2070 1519 2252 1589 ἔργον,
2300 1519 2370 1571 τά
2427 1516 2755 1586 μισθώματα
2805 1517 2955 1587 παρὰ
3001 1515 3110 1568 τῶν
3166 1515 3479 1582 Αἰγυπτίων
3529 1517 3660 1578 τοὺς

2084 1609 2420 1680 Ἰσραηλίτας
2457 1608 2544 1663 διὰ
2571 1609 2668 1679 τῆς
2702 1607 2944 1671 ἐπινοίας
2967 1606 3172 1678 ταύτης
3206 1607 3655 1678 εἰσπράττεσθαι.

2073 1704 2206 1756 Οὐδὲ
2258 1704 2367 1773 γὰρ
2413 1696 2576 1774 ἦττον
2630 1701 2883 1772 ἐγκλημά
2922 1701 2976 1754 τί
3026 1703 3173 1764 ἐστι,
3213 1699 3285 1771 μὴ
3327 1699 3661 1770 καθαρεύειν

2070 1796 2296 1859 ψεύδους
2315 1813 2374 1847 τε
2421 1797 2516 1847 καὶ
2543 1795 2758 1864 ἀπάτης
2787 1794 2846 1846 τὸ
2880 1793 3120 1846 τοιοῦτον
3169 1793 3549 1864 παράγγελμα.
3597 1793 3658 1844 Ὁ

2071 1891 2180 1961 γὰρ
2210 1890 2266 1940 ἐν
2299 1889 2494 1960 χρήσει
2528 1885 2706 1939 λαὸών
2737 1904 2811 1950 τι,
2845 1887 2938 1939 καὶ
2981 1886 3053 1956 μὴ
3081 1885 3365 1947 ἀποδιδοὺς
3390 1883 3554 1937 πάλιν
3577 1883 3658 1953 τῷ

2069 1983 2356 2052 χρήσαντι,
2399 1981 2447 2032 εί
2496 1979 2596 2048 μὲν
2649 1977 2927 2046 ἀλλότριον
2985 1980 3091 2046 εἴη,
3146 1975 3222 2037 ώς
3271 1975 3658 2045 ἀποστερήσας

2068 2075 2357 2144 ὴδίκησενυ
2389 2074 2436 2125 εί
2479 2073 2534 2124 δὲ
2569 2072 2628 2124 τὸ
2662 2071 2854 2124 ἑαυτοῦ
2889 2070 3139 2140 κρατοίη,
3180 2068 3256 2132 ώς
3284 2067 3660 2138 παραλογισά-

2074 2184 2233 2236 μενος
2269 2166 2360 2218 τὸν
2399 2164 2572 2218 ἐλπίδι
2601 2163 2693 2218 τοῦ
2724 2163 2909 2216 λαϐεῖν
2940 2163 3236 2233 χρήσαντα,
3276 2161 3494 2224 πάντως
3523 2162 3663 2214 ἀπα-

2069 2256 2206 2309 τεὼν
2259 2255 2592 2326 ὠνόμασται.
2653 2253 2861 2307 Οὐκοῦν
2898 2254 2926 2306 ὁ
2965 2253 3292 2323 ὑψηλότερος
3351 2251 3512 2320 λόγος
3557 2251 3657 2322 τῆς

2070 2349 2364 2420 προχείρου
2387 2347 2624 2409 διανοίας
2651 2345 3070 2417 ἁρμοδιώτερος,
3087 2344 3118 2396 ὁ
3147 2342 3386 2397 κελεύων
3409 2344 3540 2404 τοὺς
3566 2343 3657 2394 τὸν

2070 2440 2355 2511 ἐλεύθερον
2397 2438 2510 2509 βίον
2545 2437 2827 2508 μετιόντας
2854 2436 2922 2489 δι’
2952 2436 3174 2507 ἀρετῆς,
3206 2435 3302 2488 καὶ
3332 2433 3425 2486 τὸν
3451 2433 3652 2498 ἔξωθεν

2069 2535 2169 2602 τῆς
2199 2529 2530 2591 παιδεύσεως
2557 2527 2784 2582 πλοῦτον
2817 2526 3351 2597 παρασκευάζεσθαι,
3372 2517 3417 2592 ᾧ
3435 2527 3485 2578 οξ
3513 2526 3650 2579 κατὰ

2069 2622 2168 2689 τὴν
2211 2620 2393 2672 πίστιν
2434 2619 2723 2687 ἀλλόφυλοι
2777 2615 3225 2680 καλλωπίζονται.
3259 2614 3374 2685 Τήν
3429 2631 3491 2668 τε
3547 2615 3651 2684 γὰρ

2069 2711 2266 2782 ἠθικὴν
2298 2713 2392 2764 καὶ
2438 2709 2674 2780 φυσικὴν
2712 2695 3051 2778 φιλοσοφίαν,
3086 2707 3430 2777 γεωμετρίαν
3465 2723 3530 2759 τε
3563 2706 3650 2759 καὶ

2071 2803 2468 2872 ἀστρονομίαν,
2525 2802 2620 2855 καὶ
2667 2801 2766 2870 τὴν
2819 2799 3045 2869 λογικὴν
3096 2797 3518 2870 πραγματείαν,
3563 2799 3654 2851 καὶ

2072 2894 2252 2947 πάντα
2282 2895 2382 2946 ὅσα
2419 2892 2571 2961 παρά
2601 2895 2714 2955 τοῖς
2741 2892 2846 2958 ἔξω
2865 2892 2965 2962 τῆς
2997 2891 3324 2964 Ἐκκλησίας
3355 2889 3654 2955 σπουδάζε-

2070 3003 2181 3048 ται,
2213 2983 2422 3037 κελεύει
2458 2986 2486 3037 ὁ
2508 2984 2610 3054 τῆς
2641 2983 2841 3055 ἀρετῆς
2890 2983 3299 3056 καθηγούμενος
3345 2983 3501 3055 παρά
3549 2984 3654 3036 τῶν

374 3075 419 3127 si
461 3076 722 3145 possibile
766 3085 873 3143 est,
917 3086 972 3131 et
1007 3078 1061 3131 in
1104 3078 1359 3133 meliores
1389 3095 1526 3134 usus
1555 3080 1966 3150 transl‘erreju-

2072 3077 2141 3130 τὰ
2170 3077 2399 3130 τοιαῦτα
2446 3075 2818 3129 πλουτούντων
2849 3079 2905 3129 ἐν
2934 3075 3194 3147 Αἰγύπτῳ
3231 3075 3463 3129 λαϐόντα
3513 3075 3655 3146 λόγῳ

374 3168 587 3229 bemur,
635 3178 694 3221 ut
723 3184 844 3238 quae
894 3169 1054 3224 nobis
1101 3173 1224 3223 usui
1261 3169 1460 3224 futurae
1497 3172 1630 3235 sint,
1676 3187 1799 3228 cum
1827 3189 1966 3243 opus

375 3256 540 3310 fuerit
563 3258 730 3311 divini
751 3243 1001 3330 mysterii
1037 3261 1301 3330 templum
1324 3262 1411 3315 his
1443 3263 1825 3331 spiritualibus
1857 3265 1969 3334 opi-

373 3348 481 3403 bus
505 3351 796 3405 exornare.
822 3350 925 3416 Qui
956 3352 1103 3406 enim
1132 3354 1267 3407 tales
1296 3368 1432 3423 opes
1464 3355 1571 3409 sibi
1604 3356 1965 3426 collegerunt,

372 3439 544 3512 Moysi
570 3443 717 3496 circa
744 3443 1162 3498 tabernaculum
1211 3446 1520 3500 testimonii
1583 3448 1858 3502 laboranti
1900 3448 1968 3504 de

372 3533 539 3588 rebus
570 3535 688 3590 suis
710 3537 776 3590 ad
803 3545 1122 3592 sanctorum
1152 3539 1624 3594 constructionem
1654 3539 1965 3606 conferunt,

371 3627 518 3695 quod
554 3628 852 3681 etiamnum
883 3630 1000 3684 fieri
1030 3629 1301 3685 videmus.
1348 3630 1503 3684 Multi
1538 3630 1818 3701 gentilium
1841 3648 1965 3687 eru-

373 3718 638 3771 ditionem
689 3729 949 3788 tanquam
980 3722 1184 3776 donum
1235 3722 1509 3793 quoddam
1545 3722 1806 3778 Ecclesia:
1834 3725 1966 3780 ofl‘e-

373 3817 507 3861 runt
553 3827 566 3863 :
606 3810 916 3878 cujusmodi
971 3829 1203 3886 magnus
1261 3816 1354 3869 ille
1404 3815 1507 3869 fuit
1560 3816 1816 3883 Basilius,
1867 3819 1962 3888 qui

371 3915 496 3953 cum
541 3900 831 3972 Egyptias
857 3919 989 3975 opes
1032 3907 1087 3960 in
1141 3908 1369 3977 juvenili
1413 3917 1570 3963 aetate
1619 3910 1720 3964 sibi
1749 3911 1964 3981 egregie

371 4005 770 4064 comparasset.
805 3995 1027 4066 Deoque
1053 4009 1457 4064 consecrasset,
1481 4016 1672 4055 verum
1703 4001 1964 4057 Ecclesia:

371 4087 790 4144 tabernaculum
813 4091 1083 4162 ejusmodi
1112 4095 1309 4163 opibus
1336 4096 1644 4151 exornavit.

445 4367 551 4424 Sed
609 4371 898 4426 redeamus
943 4371 1102 4433 illuc,
1150 4372 1295 4428 unde
1347 4373 1578 4444 digressi
1627 4392 1837 4432 sumus.
1883 4378 1962 4432 llli
1999 4403 2043 4457 ι)

369 4476 524 4529 ergo,
564 4463 656 4532 qui
688 4463 946 4517 virtutem
993 4464 1206 4526 colunt,
1258 4473 1311 4519 et
1365 4467 1733 4538 legislatorem
1768 4470 1819 4523 in
1855 4471 1966 4524 vita

371 4563 696 4623 sequuntur.
728 4571 852 4610 cum
881 4554 1148 4626 {Egyplize
1172 4557 1402 4614 ditionis
1431 4559 1570 4613 ﬁnes
1600 4560 1963 4624 excesserint,

370 4646 559 4701 multis
613 4648 973 4700 tentationum
1032 4648 1350 4704 incursibus
1407 4649 1760 4712 infestantur,
1818 4653 1966 4705 unde

371 4741 556 4793 multae
593 4740 936 4802 afﬂictiones,
990 4751 1230 4796 terrores
1277 4752 1332 4796 et
1388 4743 1454 4797 de
1507 4745 1615 4796 vita
1683 4745 1963 4814 periclita-

372 4833 553 4886 tiones
635 4832 911 4893 oriuntur,
969 4833 1171 4894 quibus
1260 4835 1436 4888 territi
1493 4849 1683 4888 eorum
1771 4836 1963 4898 animi,

373 4922 465 4990 qui
523 4937 699 4991 nuper
768 4922 822 4975 in
913 4922 1015 4977 fide
1070 4923 1283 4977 fundati
1351 4932 1499 4988 sunt,
1575 4926 1626 4978 in
1707 4927 1968 4994 despero--

373 5015 575 5067 tionem
607 5014 852 5067 omnium
911 5015 1177 5069 bonorum
1209 5027 1466 5087 aguntur.
1527 5017 1631 5072 Sed
1676 5020 1720 5073 si
1752 5019 1966 5089 Moyses

375 5116 468 5159 aut
499 5107 693 5161 similis
733 5107 1002 5176 quispiam
1050 5110 1234 5177 populi
1289 5119 1469 5163 rector
1528 5111 1718 5175 fuerit,
1767 5111 1965 5164 terrori

373 5194 666 5248 consilium
728 5205 986 5266 opponet,
1023 5213 1326 5268 eorumque
1367 5201 1584 5255 animos
1622 5202 1817 5255 timore
1841 5216 1966 5255 cor-

375 5295 562 5353 reptos
603 5286 776 5340 divini
829 5288 1017 5340 auxilii
1065 5304 1162 5356 spe
1194 5291 1561 5344 confirmabit.
1591 5290 1648 5344 ld
1680 5307 1808 5344 vero
1845 5290 1959 5343 ﬁeri

375 5377 583 5444 nequit,
628 5377 732 5431 nisi
764 5392 860 5431 cor
913 5380 1057 5447 ejus,
1083 5381 1176 5449 qui
1228 5381 1430 5451 populo
1488 5389 1707 5451 pmest.
1749 5381 1860 5435 Deo
1887 5382 1965 5433 lo-

371 5477 594 5538 quatur.
616 5468 826 5524 Etenim
850 5471 1131 5542 plerisque
1158 5477 1250 5544 qui
1277 5475 1547 5542 ejusmodi
1579 5476 1961 5544 magistratum

371 5571 588 5632 gerunt,
649 5561 704 5616 id
750 5571 962 5617 tantum
1021 5581 1166 5620 curze
1218 5575 1322 5628 est.
1357 5578 1415 5621 ut
1448 5567 1592 5637 quod
1618 5568 1965 5622 extrinsecus

372 5661 616 5723 apparet,
641 5657 780 5708 bene
804 5672 862 5709 se
878 5656 1074 5710 habeat
1103 5676 1116 5711 :
1149 5673 1335 5710 eorum
1357 5675 1483 5712 vero
1501 5675 1622 5729 quae
1640 5659 1959 5714 abscondita

373 5753 520 5807 sunt,
572 5761 692 5816 qua:
731 5761 758 5799 a
792 5746 901 5801 Deo
937 5748 1054 5800 solo
1107 5757 1429 5818 cernuntur,
1464 5750 1816 5822 perexiguam
1873 5765 1960 5803 ra-

2074 3171 2322 3241 χρήσεως
2355 3169 2729 3235 ὐποδέξασθαι,
2764 3169 2839 3232 ώς
2887 3170 2944 3221 ἐν
2981 3167 3158 3240 καιρῷ
3185 3169 3652 3239 χρησιμευόντων,

2071 3263 2200 3315 ὅταν
2232 3261 2326 3333 δὲῃ
2371 3261 2463 3314 τὸν
2509 3261 2652 3313 θεῖον
2681 3259 2772 3313 τοῦ
2809 3260 3108 3331 μυστηρίου
3151 3258 3276 3312 ναὸν
3303 3257 3393 3311 διὰ
3428 3257 3530 3311 τοῦ
3567 3257 3656 3310 λο-

2074 3353 2230 3422 γικοῦ
2259 3352 2491 3406 πλούτου
2535 3351 2998 3422 καλλωπισθῆναι.
3039 3352 3102 3405 Oi
3147 3351 3257 3421 γάρ
3295 3350 3383 3402 τὸν
3412 3348 3654 3403 τοιοῦτον

2074 3449 2286 3510 ἑαυτοῖς
2308 3442 2724 3516 θησαυρίζοντες
2745 3442 2992 3507 πλοῦτον,
3016 3441 3350 3512 προσάγουσι
3381 3439 3460 3512 τῷ
3488 3442 3657 3495 Mur}-

2077 3544 2160 3594 σεῖ
2180 3540 2306 3610 περὶ
2338 3538 2436 3609 τὴν
2464 3538 2668 3607 σκηνὴν
2687 3535 2782 3588 τοῦ
2815 3535 3112 3606 μαρτυρίου
3136 3535 3385 3588 πονοῦντι
3411 3534 3472 3587 τὸ
3522 3533 3658 3605 παρ’

2074 3631 2267 3685 ἐαυτοῦ
2321 3630 2571 3692 ἕκαστος,
2615 3627 2750 3699 πρὸς
2773 3628 2874 3696 τὴν
2926 3626 3034 3679 τῶν
3088 3626 3261 3695 ἀγίων
3305 3625 3659 3697 κατασκευὴν

2073 3722 2440 3793 συνεισφέρων
2475 3738 2488 3752 °
2533 3719 2561 3773 ὃ
2595 3719 2659 3790 δὴ
2705 3717 2798 3771 καὶ⁴
2845 3718 2941 3773 νῦν
2973 3718 3121 3771 ἐστιν
3178 3718 3305 3772 ίδείν
3346 3720 3656 3790 γινόμενον.

2072 3813 2261 3867 Πολλοὶ
2307 3815 2405 3881 τὴν
2434 3811 2538 3878 ἔξω
2582 3811 2861 3864 παίδευσιν
2886 3813 2954 3880 τῇ
3001 3809 3138 3864 Θεοῦ
3187 3810 3483 3882 Ἐκκλησία
3521 3811 3663 3864 καθ-

2072 3907 2214 3977 άπερ
2246 3924 2299 3958 τι
2331 3904 2500 3973 δῶρον
2543 3902 2929 3974 προσάγουσιν,
2976 3899 3088 3965 οἷος
3109 3899 3177 3974 ἦν
3202 3904 3230 3956 ό
3276 3903 3447 3972 μέγας
3487 3904 3663 3956 Βασί-

2070 3997 2230 4060 λειος.
2261 3998 2287 4048 ό
2308 3993 2488 4058 καλῶς
2514 3993 2604 4046 τὸν
2634 3994 2928 4062 Αίγύπτιον
2968 3993 3194 4046 πλοῦτον
3237 3994 3661 4064 ἐμπορευσάμε-

2070 4107 2177 4154 νος,
2212 4087 2353 4141 κατά
2395 4088 2486 4140 τὸν
2519 4087 2617 4156 τῆς
2666 4088 2917 4156 νεότητος
2954 4086 3163 4158 χρόνον,
3191 4087 3283 4140 καὶ
3323 4085 3542 4150 ἀναθεὶς
3573 4088 3660 4158 τῷ

2069 4181 2207 4251 Θεῷ,
2257 4180 2351 4233 καὶ
2395 4179 2474 4249 τῷ
2524 4178 2752 4250 τοιούτῳ
2805 4179 3018 4250 πλούτῳ
3072 4179 3500 4249 κατακοσμήσας
3547 4181 3658 4251 τὴν

2069 4271 2246 4341 ἀληθῆ
2285 4273 2384 4341 τῆς
2431 4269 2759 4340 Ἐκκλησίας
2782 4271 3006 4339 σκηνήν.
3189 4345 3196 4348 _

2158 4363 2294 4416 Ἀλλ’
2331 4362 2612 4414 ἐπανιτέον
2648 4361 2768 4414 ὅθεν
2797 4360 3081 4431 ἐξέϐημεν,
3103 4363 3184 4415 ὃτι
3217 4365 3329 4426 τοῖς
3355 4363 3489 4433 πρὸς
3521 4366 3658 4434 ἀρε-

2073 4456 2169 4527 τὴν
2214 4457 2313 4526 ἤδη
2351 4455 2627 4525 βλέπουσι,
2668 4454 2763 4506 καὶ
2801 4453 2877 4524 τῷ
2905 4453 3168 4526 νομοθέτῃ
3200 4455 3339 4509 κατά
3381 4457 3476 4526 τὴν
3504 4457 3658 4526 ζωὴν

2073 4547 2400 4617 ἑπομένοις,
2444 4547 2572 4598 ὅταν
2623 4543 2964 4598 καταλίπωσι
3011 4544 3111 4614 τῆς
3167 4545 3274 4598 τῶν
3336 4547 3658 4613 Αἰγυπτίων

2070 4636 2384 4699 δυναστείας
2412 4637 2538 4699 τοὺς
2588 4638 2767 4706 ὅρους,
2818 4635 3240 4688 ἐπακολουθοῦσί
3283 4653 3398 4697 πως
3441 4638 3495 4688 αἱ
3543 4637 3656 4689 τῶν

2071 4729 2391 4800 πειρασμῶν
2411 4728 2726 4800 προσϐολαὶ,
2753 4729 3107 4798 στενοχωρίας
3127 4745 3182 4780 τε
3212 4727 3305 4780 καὶ
3328 4728 3528 4794 φόϐους
3556 4730 3658 4782 καὶ

2067 4815 2203 4885 τοὺς
2216 4823 2343 4893 περὶ
2372 4822 2478 4875 τῶν
2505 4820 2748 4892 ἐσχάτων
2781 4821 3057 4885 κινδύνους
3097 4822 3401 4890 ἐπάγουσαι
3422 4839 3435 4852 ⁸
3472 4823 3543 4876 δι’
3574 4817 3654 4876 ὧν

2070 4915 2508 4984 καταπτοηθεῖσα
2551 4916 2659 4968 τῶν
2714 4916 2852 4969 κατά
2898 4917 2996 4987 τὴν
3050 4916 3231 4968 πίστιν
3283 4917 3571 4984 νεοπαγῶν
3615 4921 3652 4988 ἡ

2069 5009 2294 5071 διάνοια,
2327 5009 2405 5071 εἰς
2439 5009 2678 5078 παντελῆ
2729 5008 2837 5060 τῶν
2890 5007 3111 5074 ἀγαθῶν
3159 5009 3508 5061 ἀνελπιστίαν
3561 5012 3659 5061 ἐκ·

2070 5103 2278 5155 πίπτει.
2320 5101 2460 5153 Ἀλλ’
2487 5103 2534 5153 εἰ
2564 5101 2826 5169 Μωῡσῆς,
2851 5100 2883 5170 ἦ
2917 5118 3001 5164 τις
3024 5100 3132 5152 τῶν
3179 5103 3298 5153 κατ’
3329 5100 3489 5154 αὑτὸν
3532 5103 3656 5152 ἐπι-

2071 5194 2278 5246 στατῶν
2321 5193 2414 5246 τοῦ
2461 5193 2590 5246 λαοῦ
2623 5192 2813 5262 τύχοι,
2857 5195 3164 5265 ἀντιστήσει
3212 5191 3290 5263 τῷ
3346 5192 3495 5263 φόϐῳ
3530 5193 3654 5263 ,τὴν

2069 5287 2396 5358 συμϐουλὴν,
2431 5289 2496 5358 τῇ
2527 5288 2628 5355 τῆς
2666 5285 2816 5349 θείας
2853 5285 3170 5356 συμμαχίας
3199 5283 3372 5337 ἐλπίδι
3404 5283 3465 5336 τὸ
3511 5302 3652 5337 κατ-

2067 5381 2302 5450 επτηχὸς
2345 5381 2444 5449 τῆς
2477 5379 2712 5442 διανοίας
2762 5379 3196 5451 παραθαρσύνων
3216 5418 3230 5441 ,
3262 5379 3399 5448 ὅπερ
3431 5379 3533 5430 οὐκ
3584 5378 3654 5429 ἂν

2069 5472 2294 5537 γένοιτο,
2349 5470 2421 5540 μὴ
2454 5471 2552 5540 τῆς
2590 5469 2814 5539 καρδίας
2851 5469 2943 5523 τοῦ
2981 5471 3379 5540 προεστηκότος
3408 5469 3486 5538 τῷ
3525 5470 3652 5540 Θεῷ

2067 5561 2351 5631 λαλούσης.
2390 5562 2512 5623 Τοῖς
2546 5561 2654 5632 γὰρ
2687 5561 2902 5619 πολλοῖς
2938 5560 3046 5612 τῶν
3093 5563 3149 5612 ἐν
3197 5560 3502 5630 προστασία
3537 5577 3654 5612 τοι·

2067 5653 2205 5724 αὕτη
2227 5653 2701 5722 προτεταγμένων,
2729 5653 2789 5704 τὸ
2821 5654 3162 5726 φαινόμενον,
3187 5652 3366 5720 μόνον,
3400 5654 3551 5715 ὅπως
3586 5653 3653 5706 ἀν

2069 5742 2125 5797 εὖ
2177 5743 2464 5815 διατεθείη,
2499 5741 2883 5805 σπούδάζεται³
2914 5743 3021 5799 τῶν
3064 5744 3119 5796 δὲ
3161 5743 3586 5814 κεκρυμμένων,
3620 5746 3654 5799 ἃ
