3844 6222
377 308 484 363 563

1651 303 1708 359 S.
1742 303 2068 360 GREGORll
2093 303 2388 361 NYS‘iLNl

3532 306 3637 360 σοι

376 424 567 494 qualos
602 438 703 476 nos
761 429 884 491 post
924 437 1080 493 aqua
1124 423 1416 476 transitum
1465 437 1588 477 esse
1629 423 1949 487 debeamus;

2063 427 2326 497 προσήκει
2373 421 2513 478 εἶναι
2558 441 2682 487 τους
2717 423 2952 484 διῖόντας
2989 421 3050 474 τὸ
3099 421 3262 492 ὕδωρ,
3319 422 3489 492 μηδὲν
3535 425 3637 489 τῆς

375 515 512 570 nihil
533 516 678 569 enim
695 516 1022 568 abexercitn
1039 515 1235 575 hostis,
1255 516 1347 584 qui
1369 517 1653 570 nobiscum
1678 517 1731 570 in
1754 531 1953 585 aquam

377 605 591 670 incidit,
637 604 924 660 nobiscum
961 603 1368 668 attrahendum,
1420 620 1545 658 cum
1595 607 1950 674 emergimus,

373 705 478 750 est.
514 696 646 750 Nam
673 695 894 766 quicum
921 695 1096 750 hostis
1121 710 1376 765 egressus
1401 695 1470 749 ab
1496 711 1635 766 aqua
1658 695 1819 749 simul
1844 703 1952 758 est,

376 789 423 841 is
475 789 733 856 quoniam
787 787 842 841 in
877 802 1018 856 aqua
1071 787 1283 841 hostem
1318 801 1426 841 non
1480 789 1798 853 submersit,
1856 787 1953 842 sed

376 881 558 932 vivum
590 881 712 934 inde
738 895 921 935 secum
949 879 1155 942 eduxit,
1181 879 1344 933 etiam
1375 887 1498 950 post
1525 895 1721 949 aquam
1757 879 1811 933 in
1836 895 1954 935 ser-

376 975 549 1026 vitute
587 973 873 1028 remansit.
921 970 996 1024 Ita
1032 971 1138 1025 tale
1170 972 1302 1040 quid
1329 981 1434 1036 est,
1489 979 1546 1026 ut
1578 972 1744 1026 latius
1775 973 1952 1038 expli-

377 1073 553 1127 cetur,
585 1064 728 1134 quod
759 1070 1011 1133 oporteat
1034 1077 1225 1118 omnes
1245 1064 1340 1134 qui
1372 1065 1825 1120 sacramentalem
1858 1067 1953 1121 ba-

375 1155 649 1222 ptismatis
705 1168 902 1222 aquam
956 1160 1267 1218 transeunt,
1322 1155 1640 1209 universum
1692 1156 1950 1210 vitiorum

375 1246 676 1301 exercitum
709 1245 761 1298 in
791 1261 931 1314 aqua
961 1245 1236 1310 occidere,
1266 1253 1325 1299 ut
1351 1247 1658 1310 avaritiam,
1697 1262 1950 1317 rapacem

376 1348 635 1398 mentem.
655 1337 951 1400 luxuriam,
972 1337 1277 1404 libidinem,
1305 1339 1641 1407 superbiam,
1659 1339 1951 1394 elationem

369 1441 560 1498 animi.
587 1440 723 1492 iram
748 1478 761 1502 ,
800 1436 1086 1500 invidiam,
1125 1442 1324 1490 cuncta
1360 1429 1475 1484 [nec
1509 1439 1563 1484 et
1601 1429 1689 1483 his
1722 1432 1943 1485 similia.

369 1532 480 1586 Nec
505 1532 679 1582 solum
702 1529 930 1584 aﬂ'ectus
955 1528 1242 1587 vitiorum.
1262 1523 1356 1582 sed
1380 1519 1548 1576 animi
1573 1529 1754 1576 motus
1783 1529 1950 1590 atque

374 1609 839 1680 perturbationes,
889 1627 1010 1680 qua:
1064 1611 1346 1665 hominum
1394 1621 1645 1665 naturam
1690 1613 1952 1680 quodam-

373 1700 538 1753 modo
573 1708 1004 1770 consequuntur,
1053 1699 1106 1754 in
1147 1708 1411 1770 quantum
1447 1701 1708 1770 possibile
1741 1709 1843 1766 est,
1894 1701 1948 1754 in

2064 517 2313 581 ἐναντίας
2369 518 2627 588 στρατιᾶς
2685 514 2824 584 μετά
2874 515 2936 566 τὸ
2985 514 3246 566 ἀναδῦναι
3293 514 3386 566 τοῦ
3448 514 3638 577 ὖδατο;

2063 608 2482 679 ἐφελκομένους.
2526 607 2722 676 Είγάρ
2769 605 3043 674 συναναϐῇ
3080 606 3227 675 αὑτῴ
3274 607 3303 658 ὁ
3346 606 3638 675 πολέμιος,

2064 702 2216 772 μένει
2249 702 2343 755 καὶ
2383 699 2522 770 μετά
2550 700 2611 752 τὸ
2643 698 2787 768 ὕδωρ
2813 698 2871 750 ἐν
2898 700 2964 767 τῇ
3005 696 3249 759 δουλεία,
3290 697 3640 750 συνεκϐαλὼν

2061 793 2239 864 ἐαυτῷ
2270 793 2447 858 ζῶντα
2485 792 2577 844 τὸν
2605 790 2886 861 τύραννον,
2936 790 2996 842 ὃν
3037 792 3094 842 ἐν
3129 789 3207 860 τῷ
3239 789 3384 860 βυθῷ
3415 791 3477 842 οὐ
3507 808 3642 842 κατ-

2061 885 2236 940 έδυσε.
2277 883 2449 938 Τοῦτο
2489 885 2547 937 δέ
2593 882 2829 935 τοιοῦτόν
2872 884 3044 942 ἐστιν.
3079 883 3154 945 ὡς
3191 883 3254 935 άν
3284 899 3369 944 τις
3412 883 3551 952 πρὸς
3579 883 3641 934 τὸ

2060 977 2391 1047 γυμνότερον
2440 974 2502 1028 τὸ
2552 972 2782 1041 αἴνιγμα
2828 971 3151 1042 μεταϐαλὼν
3195 973 3532 1040 σαφηνίσειε,
3578 972 3642 1025 τὸ

2059 1067 2168 1120 δεῖν
2198 1067 2409 1128 πάντας
2438 1067 2564 1129 τοὺς
2595 1065 2984 1136 διερχομένους
3031 1063 3087 1116 τὸ
3120 1063 3379 1132 μυστικὸν
3409 1062 3554 1133 ὕδωρ
3581 1064 3642 1116 ἐν

2058 1160 2137 1230 τῷ
2171 1159 2537 1228 βαπτίσματι,
2586 1158 2767 1210 πᾶσαν
2797 1157 2897 1226 τὴν
2924 1155 3023 1224 τῆς
3052 1154 3253 1216 κακίας
3287 1154 3642 1224 παρεμϐολὴν

2058 1251 2257 1321 νεκράν
2292 1253 2461 1302 ποιεῖν
2494 1251 2551 1301 ἐν
2581 1249 2658 1319 τῷ
2675 1249 2828 1300 ὕδατι
2847 1263 2861 1277 ·
2903 1241 3015 1298 οἷον
3044 1245 3142 1315 τὴν
3173 1244 3516 1311 πλεονεξίαν,
3538 1244 3642 1312 τὴν

2059 1343 2357 1396 ἀκόλαστον
2404 1341 2728 1410 ἐπιθυμίαν,
2773 1339 2870 1410 τὴν
2898 1336 3246 1408 ἀρπακτικὴν
3291 1336 3547 1398 διάνοιαν,
3580 1335 3643 1386 τὸ

2059 1435 2201 1488 κατά
2221 1434 2311 1486 τὸν
2333 1433 2498 1501 τύφον
2521 1433 2614 1486 καὶ
2643 1429 3024 1502 ὑπερηφανίαν
3056 1427 3250 1493 πάθος,
3287 1427 3384 1496 τὴν
3413 1425 3640 1498 θυμώδη

2058 1523 2256 1596 ὁρμὴν,
2304 1525 2402 1593 τὴν
2437 1524 2628 1594 ὀργὴν,
2668 1523 2766 1593 τὴν
2818 1522 2998 1591 μῆνιν,
3043 1519 3142 1590 τὴν
3187 1519 3506 1588 βασκανίαν,
3545 1520 3643 1571 τὸν

2058 1615 2270 1684 φθόνον,
2302 1614 2473 1668 ταῦτα
2506 1615 2705 1677 πάντα,
2742 1615 2837 1664 καὶ
2890 1610 2961 1663 τὰ
3004 1610 3251 1672 τοιαῦτα,
3298 1609 3483 1678 ἐπειδή
3522 1625 3642 1671 πως

2059 1709 2300 1775 πέφυκεν
2338 1707 2566 1760 ἕπεσθαι
2611 1709 2679 1776 τῇ
2729 1704 2890 1774 φύσει
2924 1703 2996 1756 τά
3029 1702 3176 1772 πάθη
3200 1742 3214 1764 ,
3256 1702 3426 1772 νεκρά
3463 1702 3642 1753 ποιεῖν

372 1805 514 1861 aqua
565 1792 882 1847 submersas
922 1792 1233 1862 relinquere
1280 1792 1561 1847 debemus.
1625 1791 1758 1844 Nam
1813 1794 1949 1846 sicut

2061 1805 2120 1855 ἐν
2148 1801 2226 1872 τῷ
2254 1801 2404 1853 ὕδατι
2426 1818 2438 1830 ·
2472 1799 2613 1853 αὑτά
2641 1816 2700 1851 τε
2728 1801 2797 1852 τὰ
2830 1795 3042 1867 πονηρά
3069 1796 3166 1865 τῆς
3211 1795 3448 1855 διανοίας
3480 1793 3641 1863 κινή-

371 1886 537 1938 etiam
570 1883 623 1936 iu
666 1883 868 1952 pascha
903 1881 1043 1937 dixit
1077 1883 1162 1954 (id
1194 1883 1338 1938 enim
1371 1891 1455 1938 est
1502 1899 1699 1938 nomen
1737 1883 1946 1946 hostim,

372 1974 532 2042 cujus
573 1974 799 2043 sanguis
836 1983 1062 2028 mortem
1099 1974 1168 2028 ab
1207 1981 1391 2028 utente
1432 1973 1682 2042 repellit)
1727 1987 1949 2043 azymos

370 2081 539 2136 panes
562 2065 896 2135 ederejubet
920 2065 986 2120 ⁸⁸.
1022 2066 1290 2138 Azymum
1323 2073 1502 2119 autem
1535 2073 1639 2129 est,
1673 2065 1818 2134 quod
1842 2064 1950 2119 fer-

373 2166 638 2222 mentum,
671 2173 784 2212 rem
813 2166 1056 2228 tempore
1079 2158 1384 2216 rancidam.
1429 2172 1618 2211 secum
1644 2156 1946 2211 immistum

371 2264 480 2303 non
516 2249 696 2303 habet.
728 2247 849 2313 Quo
881 2259 1040 2318 pacto
1071 2249 1277 2310 docuit,
1301 2263 1370 2303 ne
1399 2247 1654 2302 vitiorum
1686 2247 1950 2318 reliquias

370 2341 619 2410 sequenti
653 2347 777 2408 post
813 2337 972 2394 ﬁdem
1011 2339 1136 2393 vitae
1177 2337 1610 2404 immisceamus,
1665 2338 1762 2393 sed
1789 2337 1948 2407 quasi

371 2433 440 2487 ab
467 2433 576 2487 alio
610 2431 770 2486 initio
814 2431 996 2485 vivere
1033 2429 1385 2500 incipiamus,
1439 2427 1704 2500 peccandi
1749 2429 1948 2484 seriem

369 2523 438 2577 ad
466 2523 626 2578 ﬁdem
663 2536 839 2592 usque
865 2521 1240 2577 continuatam
1268 2518 1679 2592 dirumpentes:
1735 2521 1811 2575 ita
1844 2520 1950 2576 hoc

370 2613 427 2668 in
457 2615 580 2668 loco
606 2613 903 2686 Egyptum
936 2627 1176 2676 omnem,
1206 2611 1259 2666 id
1285 2620 1392 2674 est,
1440 2627 1657 2667 omnem
1685 2612 1950 2683 peccandi

370 2706 608 2776 speciem
649 2707 705 2759 in
738 2719 880 2774 aqua
918 2703 1374 2772 submergendam
1421 2717 1481 2758 re
1508 2701 1627 2772 ipsa
1662 2703 1948 2769 instruxit,

371 2805 432 2853 ut
460 2797 586 2853 inde
616 2797 720 2853 soli
763 2797 972 2867 absque
1013 2801 1240 2866 peccato
1274 2807 1642 2864 emergamus.
1678 2791 1836 2859 Quod
1865 2793 1950 2847 hi-

370 2887 556 2946 storiae
609 2889 813 2943 factum
861 2895 992 2942 tunc
1046 2886 1300 2958 legimus,
1351 2894 1577 2942 enectos
1633 2886 1845 2942 scilicet
1894 2885 1950 2940 in

370 2979 530 3051 aquis
574 2980 782 3044 hostes,
835 2985 892 3033 et
929 2975 1149 3033 Iudaeos
1195 2977 1323 3032 inde
1352 2978 1504 3034 solos
1536 2980 1802 3035 evasisse.
1843 2978 1948 3034 Sed

372 3071 527 3126 multi
557 3072 639 3126 vel
667 3070 978 3141 ignorantia
1007 3077 1404 3141 praceptorum
1431 3071 1588 3142 legis,
1615 3071 1701 3126 vel
1733 3072 1952 3126 temeri-

371 3173 480 3220 tate
529 3179 594 3218 ac
634 3163 1024 3226 inconstantia,
1088 3162 1374 3218 sordidum
1417 3165 1622 3234 prioris
1662 3166 1788 3218 vitae
1838 3164 1949 3219 fer-

371 3264 616 3311 mentum
653 3255 708 3308 in
753 3254 1109 3324 posteriorem
1145 3255 1314 3308 vitam
1368 3254 1683 3317 traducunt,
1715 3263 1770 3309 et
1803 3254 1949 3310 feros

376 3347 590 3418 Egypti
630 3346 834 3401 milites
876 3354 1001 3416 post
1037 3347 1369 3415 baptismum
1420 3362 1607 3400 secum
1647 3345 1945 3402 adducunt.

373 3435 504 3491 Nam
542 3436 635 3506 qui
670 3436 861 3505 rapina
889 3434 1046 3488 ditati
1093 3441 1244 3497 sunt,
1287 3441 1380 3487 aut
1423 3434 1664 3504 perjurio
1708 3433 1949 3504 przedam

373 3527 672 3599 possident,
704 3535 798 3580 aut
827 3525 1100 3580 adulterio
1129 3540 1331 3580 uxores
1365 3524 1661 3587 duxerunt,
1714 3534 1810 3580 aut
1851 3527 1951 3580 ali-

373 3619 501 3690 quid
525 3619 749 3674 vetitum
776 3625 902 3673 ante
927 3617 1182 3688 baptismi
1214 3617 1415 3674 donum
1451 3619 1868 3680 commiserunt,
1902 3619 1948 3674 si

371 3710 574 3766 tavacri
616 3711 789 3781 gratia
821 3708 889 3763 ab
932 3709 1019 3764 his
1069 3724 1128 3764 se
1178 3710 1418 3780 peccatis
1451 3709 1709 3765 liberatos
1738 3720 1947 3779 putant,

373 3819 428 3859 tn
478 3801 678 3872 injuria
730 3811 1132 3872 permanentes,
1175 3802 1526 3857 vehementer
1575 3810 1789 3866 errant,
1850 3818 1950 3858 nec

373 3901 602 3966 possunt
633 3893 959 3964 intelligere,
992 3893 1146 3948 duris
1170 3893 1398 3948 nimium
1433 3909 1493 3950 se
1522 3895 1760 3950 dominis
1791 3896 1948 3965 quasi

373 4002 544 4043 nexos
589 3986 878 4042 inservire.
909 3984 1161 4041 Crudelis
1193 3985 1339 4042 enim
1383 3985 1602 4042 domina
1637 4003 1700 4042 ac
1732 3990 1950 4045 rabiosa

374 4079 590 4133 luxuria
612 4084 720 4144 est,
748 4076 976 4132 libidine
995 4077 1151 4148 quasi
1177 4077 1416 4133 stimulis
1441 4079 1692 4134 servilem
1713 4089 1948 4134 mentem

374 4172 679 4242 exagitans.
727 4169 846 4223 Alia
881 4183 989 4223 non
1023 4168 1206 4225 minus
1247 4167 1489 4225 crudelis
1519 4168 1740 4224 domina
1771 4172 1952 4225 avari-

374 4262 482 4316 tia:
514 4261 716 4330 quippe
760 4257 966 4312 nullam
997 4274 1239 4329 unquam
1286 4261 1529 4330 requiem
1582 4263 1949 4318 servientibus

374 4352 418 4408 ei
449 4352 690 4422 praebere
732 4352 890 4415 solet,
947 4351 1043 4406 sed
1089 4360 1296 4422 quanto
1340 4353 1494 4423 plura
1526 4353 1633 4408 diei
1673 4370 1736 4408 ac
1770 4357 1950 4412 noctis

2056 1909 2222 1961 ματα.
2257 1891 2351 1944 καὶ
2375 1892 2443 1944 τὰ
2481 1893 2544 1943 ἐκ
2573 1890 2779 1943 τούτων
2813 1887 3227 1957 ἀποτελέσματα
3251 1925 3265 1947 ,
3297 1884 3550 1954 καθάπερ
3581 1885 3640 1934 ἐν

2050 1982 2127 2048 τῷ
2155 1981 2436 2050 μυστηρίῳ
2460 1979 2552 2032 τοῦ
2577 1980 2758 2049 πάσχα
2777 1994 2793 2009 ο
2816 1977 2974 2030 τοῦτο
3001 1977 3110 2046 γὰρ
3131 1975 3302 2043 ὄνομα
3325 1974 3403 2043 τῷ
3431 1975 3634 2044 ἱερείῳ,

2050 2065 2110 2123 οὗ
2148 2071 2207 2122 τὸ
2241 2065 2377 2139 αἷμα
2415 2070 2719 2122 κωλυτικὸν
2762 2069 2994 2122 θανάτου
3028 2067 3106 2137 τῷ
3143 2066 3475 2138 χρησαμένῳ
3504 2065 3640 2132 γίνε-

2050 2179 2160 2215 ται.
2205 2163 2414 2233 Ὥσπερ
2452 2162 2633 2214 τοίνυν
2671 2163 2789 2213 ἐκεῖ
2826 2160 2917 2213 τὸν
2965 2160 3128 2229 άρτον
3169 2159 3378 2228 ἄζυμον
3425 2157 3638 2210 κελεύει

2049 2252 2320 2308 ἐπεσθίειν
2347 2253 2409 2305 τὸ
2439 2253 2624 2324 πάσχα
2659 2251 2907 2323 (ἄζυμος
2929 2250 2972 2304 δ’
3009 2250 3076 2304 ἂν
3105 2249 3192 2320 είη
3220 2252 3248 2303 ὁ
3276 2249 3375 2320 τῆς
3403 2249 3638 2302 ἐωλοτέο

2055 2363 2152 2416 ρας
2179 2345 2536 2415 ἀνεπίμικτος
2567 2343 2810 2414 ζύμης),
2830 2345 2973 2397 νοεῖν
3010 2360 3071 2396 τε
3102 2341 3283 2395 δίδωσι
3320 2340 3408 2394 διά
3432 2340 3641 2393 τούτων

2049 2440 2079 2491 ὁ
2111 2436 2295 2508 νόμος,
2341 2435 2401 2488 τὸ
2439 2436 2606 2507 μηδὲν
2645 2434 2748 2506 τῆς
2791 2433 2988 2495 κακίας
3031 2432 3285 2502 λείψανον
3316 2430 3394 2500 τῷ
3438 2431 3640 2501 ἐφεξῆς

2051 2527 2442 2599 καταμιγνύειν
2475 2526 2574 2597 βίῳ
2599 2566 2613 2590 ,
2645 2525 2760 2579 ἀλλ’
2805 2525 2914 2578 ἀπὸ
2961 2523 3096 2586 ίδίας
3137 2524 3311 2593 ἀρχῆς
3351 2521 3452 2590 τῆς
3504 2523 3641 2591 μετὰ

2049 2621 2221 2674 ταῦτα
2258 2619 2402 2690 ζωῆς
2434 2617 2721 2688 ἄρξασθαι,
2763 2617 2854 2670 τὸν
2887 2616 2948 2670 τὸ
2986 2615 3208 2685 συνεχὲς
3245 2615 3342 2684 τῆς
3369 2614 3478 2666 τῶν
3519 2631 3637 2665 acat-

2055 2715 2162 2784 ρῶν
2193 2712 2512 2774 ἀκολουθίας
2555 2713 2620 2782 τῇ
2655 2709 2791 2781 πρὸς
2833 2709 2894 2762 τὸ
2931 2711 3176 2780 κρεῖττον
3206 2705 3481 2778 μεταϐολῇ
3525 2704 3636 2757 δια-

2056 2806 2316 2875 κόψαντα·
2346 2803 2488 2857 οὕτω
2518 2804 2612 2856 καὶ
2644 2801 2877 2855 ἐνταῦθα
2925 2800 3171 2870 βούλεται
3199 2799 3307 2851 πᾶν
3337 2795 3640 2864 Αίγύπτιον

2051 2897 2362 2968 πρόσωπον,
2390 2895 2656 2958 τουτέστι,
2688 2895 2796 2946 πᾶν
2826 2893 3104 2964 ἁμαρτίας
3126 2887 3285 2953 εἶδος,
3307 2889 3503 2958 ὥσπερ
3531 2887 3632 2941 1w".

2057 2987 2204 3060 βυθῷ
2229 2988 2305 3058 τῷ
2318 2986 2569 3057 σωτηρίῳ
2590 2985 2926 3056 βαπτίσματι
2949 2981 3408 3046 καταπνίξαντας,
3439 2979 3639 3048 μόνους

2053 3082 2343 3145 ἀναδῦναι,
2375 3081 2540 3152 μηδὲν
2573 3079 2716 3133 κατά
2745 3080 2836 3132 τὸ]
2867 3078 2978 3149 βίον
3003 3076 3435 3147 ἐπισυρομένους
3475 3072 3636 3126 ἀλλόο

2053 3174 2236 3242 φυλον.
2261 3173 2430 3225 Τοῦτο
2453 3173 2558 3242 γάρ
2584 3172 2730 3223 ἐστιν
2751 3169 2778 3221 ὃ
2807 3169 2897 3222 διὰ
2925 3169 3024 3237 τῆς
3061 3167 3301 3238 ίστορίας
3335 3163 3636 3234 ἀκςύομεν,

2049 3263 2084 3332 ἢ
2113 3279 2296 3332 φησιν,
2333 3264 2392 3313 ἐν
2430 3261 2506 3330 τῷ
2551 3259 2700 3328 αὐτῷ
2750 3258 2926 3322 ὕδατι,
2968 3256 3184 3327 θανάτῳ
3226 3259 3320 3309 καὶ
3368 3255 3482 3326 ζωῇ
3520 3256 3640 3307 δια-

2051 3354 2328 3426 κρίνεσθαι
2355 3355 2414 3407 τὸ
2428 3352 2620 3424 ἐχθρὸν
2641 3353 2734 3406 καὶ
2749 3351 2809 3404 τὸ
2839 3351 3009 3421 φίλοψ
3032 3349 3126 3403 τοῦ
3149 3348 3247 3419 μὲν
3275 3347 3468 3419 ἐχθροῦ
3486 3347 3643 3415 φθει-

2053 3446 2302 3520 ρομένου,
2339 3445 2432 3499 τοῦ
2463 3445 2518 3498 δέ
2548 3445 2702 3515 φίλου
2735 3441 3192 3512 ζωογονουμένου,
3226 3439 3301 3502 ὼς
3324 3439 3378 3492 οἴ
3406 3455 3467 3506 γε
3510 3437 3639 3490 πολ-

2050 3538 2132 3591 λοὶ
2158 3538 2267 3591 τῶν
2302 3538 2362 3590 τὸ
2393 3536 2649 3608 μυστικὸν
2685 3534 2967 3605 βάπτισμα
3006 3529 3478 3602 προσδεξαμένων,
3533 3531 3640 3596 ἀγ-

2051 3632 2167 3704 νοίᾳ
2199 3632 2306 3684 τῶν
2343 3631 2436 3683 τοῦ
2470 3630 2637 3699 νόμου
2668 3627 3160 3699 παραγγελμάτων,
3196 3625 3295 3695 τὴν
3330 3622 3640 3694 παρελθοῦ-

2053 3743 2154 3778 σαν
2188 3726 2286 3795 τῆς
2313 3724 2510 3787 κακίας
2535 3723 2733 3793 ζύμην,
2760 3725 2827 3793 τῇ
2862 3721 2974 3792 ζωῇ
3006 3718 3101 3774 τοῦ
3140 3717 3280 3790 μετά
3311 3715 3482 3771 ταῦτα
3519 3717 3642 3787 βίου

2051 3817 2483 3888 καταμιγνύουσι
2503 3856 2517 3880 ,
2545 3817 2640 3870 καὶ
2679 3814 2773 3867 τὸν
2812 3813 3039 3886 στρατὸν
3061 3812 3154 3865 τὸν
3185 3809 3504 3879 Αίγύπτιον.
3544 3811 3639 3861 καὶ

2055 3910 2195 3980 μετά
2239 3909 2299 3962 τὸ
2345 3909 2582 3980 περάσαι
2627 3906 2687 3959 τὸ
2719 3905 2884 3976 ὕδωρ,
2923 3904 3102 3970 ζῶντα
3146 3903 3265 3974 μεθ’
3309 3900 3517 3954 ἑαυτῶν
3549 3903 3642 3954 διὸ

2050 4001 2158 4054 τῶν
2200 3999 2645 4069 ἐπιτηδευμάτων
2687 3997 3005 4064 ἐπάγονται.
3059 3996 3118 4048 '0
3144 3995 3253 4065 γὰρ
3277 3994 3342 4047 δι’
3381 3995 3642 4063 ἁρπαγῆς

2051 4095 2084 4164 ἢ
2132 4093 2344 4156 ἀδικίας
2397 4092 2743 4162 πλουτήσας,
2797 4091 2832 4160 ἡ
2874 4107 2996 4143 τινα
3034 4088 3212 4160 χῶρον
3260 4087 3321 4151 ἐξ
3350 4088 3641 4156 ἐπιορκίας

2053 4185 2426 4256 κτησάμενος,
2460 4184 2494 4255 ἢ
2539 4183 2630 4237 διά
2670 4180 2918 4254 μοιχείας
2947 4180 3169 4250 γυναικὶ
3202 4179 3529 4247 συνοικήσας
3554 4220 3568 4241 ,
3601 4178 3638 4246 ἢ

2052 4276 2180 4330 ἄλλο
2215 4294 2268 4330 τι
2299 4277 2406 4330 τῶν
2440 4275 2832 4349 ἀπειρημένων
2859 4273 2966 4344 πρὸ
3001 4272 3101 4343 τῆς
3131 4270 3226 4325 τοῦ
3259 4269 3639 4340 βαπτίσματος

2052 4369 2260 4438 δωρεᾶς
2287 4369 2436 4440 παρά
2461 4368 2552 4421 τὸν
2583 4367 2696 4437 βίον
2718 4366 2888 4436 τολμὴ
2899 4383 3022 4427 σας,
3051 4364 3223 4417 οίεται
3248 4365 3314 4433 τῇ
3338 4362 3638 4415 ἀπολαύσει

375 4443 656 4498 laboribus
685 4450 739 4496 et
764 4443 1100 4498 cruciatibus
1123 4444 1353 4513 imperio
1375 4445 1610 4500 domina:
1631 4448 1946 4516 quteritant,

2055 4460 2162 4513 τῶν
2194 4460 2380 4524 κακῶς
2406 4459 2553 4528 αὑτῷ
2576 4458 3024 4530 προσγενομένων
3043 4458 3139 4509 καὶ
3157 4453 3295 4525 μετά
3320 4452 3382 4507 τὸ
3410 4453 3639 4520 λουτρὸν

375 4533 840 4604 cupiditatemque
881 4550 1036 4589 suam
1063 4536 1282 4606 explere
1307 4547 1596 4603 conantur,
1647 4547 1799 4594 tanto
1833 4557 1949 4596 ma-

376 4626 456 4695 gis
484 4638 777 4696 anguntur,
809 4627 966 4694 quasi
995 4627 1130 4681 nihil
1156 4627 1404 4692 fecerint,
1441 4631 1724 4700 magisque
1758 4633 1948 4688 inanes

376 4733 438 4771 ac
463 4716 824 4773 famescentes
846 4719 1212 4788 reperiuntur.
1239 4719 1553 4790 Eodemque
1576 4723 1734 4777 modo
1751 4735 1948 4779 ett-tera

377 4809 501 4863 vitia
547 4809 931 4864 dominantur:
990 4811 1189 4880 quibus
1233 4812 1325 4882 qui
1365 4813 1552 4878 servit,
1598 4817 1847 4884 quamvis
1892 4818 1946 4872 in

376 4917 568 4972 aquam
620 4901 980 4967 descenderit,
1036 4902 1276 4957 nondum
1313 4911 1516 4972 tamen,
1566 4921 1684 4960 mea
1729 4907 1946 4977 quidem

377 4994 666 5057 sententia,
731 4995 1183 5049 sacramentalem
1252 4997 1428 5064 tetigit
1509 5012 1726 5066 aquam,
1792 4999 1950 5069 cujus

377 5083 652 5151 pmprium
714 5091 800 5140 est
831 5084 1125 5144 perniciosi
1173 5087 1386 5156 tyranni
1429 5102 1492 5142 ac
1535 5091 1809 5146 exercitus
1864 5093 1949 5148 sui

378 5173 690 5228 Jestructio.

2057 4548 2437 4619 παραμείνας,
2477 4544 2883 4616 ἠλευθερῶσθαι
2921 4547 3021 4614 τῆς
3060 4542 3170 4596 τῶν
3217 4540 3640 4612 ἁμαρτημάτων

2055 4640 2316 4701 δουλείας,
2349 4637 2538 4708 ὥσπερ
2566 4637 2662 4706 οὐχ
2686 4635 2827 4707 ὁρῶν
2854 4635 3042 4688 ἐαυτὸν
3067 4636 3180 4698 τοῖς
3210 4636 3471 4704 πονηροῖς
3502 4632 3637 4683 ὑπο-

2057 4732 2333 4801 κεκυφότα
2364 4730 2672 4794 δεσπόταις.
2717 4729 2993 4799 Δεσπότης
3020 4731 3129 4798 γάρ
3153 4725 3237 4789 τίς
3266 4727 3412 4778 ἐστιν
3443 4724 3638 4793 ἄγριος

2059 4823 2152 4876 καὶ
2185 4822 2480 4891 λυσσώδης,
2516 4821 2576 4874 τὸ
2613 4820 2906 4873 ἀκόλαστον
2942 4816 3133 4878 πάθος,
3166 4814 3246 4885 τῷ
3285 4813 3638 4885 ἀνδραποδὼ-

2056 4915 2134 4968 δει
2179 4914 2442 4984 λογισμῷ,
2478 4909 2590 4965 οἶόν
2617 4928 2726 4963 τισι
2771 4908 2988 4979 μάστιξι
3015 4909 3134 4970 ταῖς
3163 4906 3380 4976 ἡδοναῖς
3422 4903 3638 4966 αίκιζόο

2060 5023 2238 5078 μενος.
2274 5003 2467 5066 ’Ἄλλος
2495 4999 2732 5064 τοιοῦτος
2760 4999 3024 5068 δεσπότης
3045 5000 3078 5068 ὴ
3109 4995 3393 5060 πλεονεξία
3413 5034 3430 5058 ,
3463 4995 3630 5065 μηδε-

2060 5099 2188 5170 μίαν
2223 5097 2405 5150 ἄνεσιν
2445 5094 2524 5165 τῷ
2564 5092 2870 5147 δουλεύοντι
2917 5090 3325 5161 παρεχόμενος,
3365 5087 3502 5140 ἀλλὰ
3532 5085 3641 5140 κᾶν

2059 5189 2230 5242 πολλά
2283 5187 2622 5258 ἐργάσηται,
2654 5186 2764 5248 τοῖς
2798 5183 3166 5253 ἐπιτάγμασιν
3203 5181 3494 5253 ὑπηρετῶν
3541 5179 3640 5232 τοῦ

371 5263 653 5330 δεσπότου,
687 5266 779 5318 καὶ
815 5265 876 5318 τὸ
904 5266 1040 5337 πρὸς
1076 5266 1370 5338 ἐπιθυμίαν
1415 5269 1563 5340 αύτῷ
1613 5273 2054 5345 κατακτὼμενος,
2107 5280 2242 5351 πρὸς
2286 5281 2346 5332 τὸ
2383 5279 2567 5332 πλεῖον
2635 5277 2724 5329 ἀεὶ
2765 5275 3162 5329 συνελαύνεται.
3213 5275 3325 5326 Καὶ
3382 5273 3451 5325 τὰ
3501 5271 3642 5323 ἄλλα

380 5357 570 5415 πάντα.
594 5358 692 5409 ὅσα
724 5356 811 5410 διὰ
834 5358 1029 5411 κακίαν
1059 5361 1381 5432 ἐνεργεῖται,
1410 5364 1689 5433 τυράννων
1720 5367 1813 5418 καὶ
1875 5368 2148 5425 δεσποτῶν
2200 5376 2346 5426 ἐστιν
2390 5369 2786 5439 ἀπαρίθμησις,
2819 5363 2901 5432 οἷς
2929 5365 3192 5421 δουλεύων
3222 5383 3328 5428 τις,
3358 5364 3458 5416 κᾶν
3499 5362 3637 5425 διεξ-

373 5447 642 5519 εληλυυὼς
677 5450 813 5524 τύχῃ
848 5452 910 5504 τὸ
951 5441 1112 5524 ὕδωρ,
1159 5454 1347 5518 οῠπω,
1385 5458 1524 5511 κατά
1570 5475 1634 5526 γε
1686 5460 1777 5513 τὸν
1835 5462 1964 5531 ἐμὸν
2013 5465 2187 5533 λόγον,
2223 5466 2315 5518 τοῦ
2345 5465 2608 5537 μυστικοῦ
2645 5463 2834 5526 ὕδατος
2906 5461 3105 5530 ἔθιγεν,
3133 5453 3195 5514 οὗ
3237 5460 3395 5530 ἔργον
3424 5455 3577 5510 ἐστὶν
3605 5455 3644 5527 ἡ

374 5544 486 5598 τῶν
521 5545 769 5613 πονηοῶν
801 5547 1076 5617 τυράννων
1105 5548 1368 5605 ἀπώλεια.

445 5720 489 5752 ³⁶
530 5717 702 5772 Exod.
732 5735 829 5786 xtl,
858 5719 948 5785 27,
