3844 6222
133 379 230 436 365

1502 373 1592 428 DE
1633 373 1798 428 VITA
1833 369 2111 426 MOYSIS.

3273 358 3380 414 366

208 493 363 549 ’Δλλά
397 494 537 568 πρὸς
556 494 623 549 τὰ
652 495 857 565 ἐφεξῆς
893 495 987 549 τοῦ
1016 494 1178 564 λόγου
1214 492 1568 566 προέλθωμεν
1598 490 1704 544 πά-

1880 485 1988 540 Sed
2043 497 2441 554 prosequamur
2482 479 2673 536 ordine
2718 486 2916 534 caetera
2955 484 3014 531 ut
3050 473 3378 542 ineepimus.

132 583 228 639 λιν.
286 585 342 637 ’0
370 583 480 655 γὰρ
511 584 736 638 διελθὼν
764 586 824 639 τὸ
860 585 1050 654 νοηθὲν
1097 586 1232 654 ἡμῖν
1277 583 1514 650 πέλαγος
1543 621 1556 641 ,
1600 579 1694 632 καὶ

138 674 249 728 ίδὼν
286 677 343 727 ὲν
375 674 523 744 αὐτῷ
563 675 758 746 νεκρὸν
785 675 876 727 τὸν
912 673 1260 745 θεωρηθέντα
1297 671 1487 723 τοῦτον
1533 667 1698 736 Αίγύ-

137 785 297 825 πτιον,
335 767 519 820 οὐκέτι
543 767 682 838 πρὸς
711 765 950 820 Μωῦσέα
989 765 1150 836 μόνον
1186 766 1287 834 όρᾷ
1321 763 1412 815 τὸν
1440 764 1541 830 τῆς
1566 763 1698 830 ἀρε-

136 860 224 928 τῆς
248 857 555 929 ραὁδοῦχον,
578 857 714 911 ἀλλά
743 857 984 910 πιστεύει
1021 857 1142 926 μὲν,
1175 854 1316 909 κατά
1342 853 1404 906 τὸ
1424 849 1699 922 προηγούο

143 967 308 1019 μενον,
343 949 424 1020 τῷ
459 949 578 1020 Θεῷ
599 989 616 1014 ,
653 949 835 1013 καθὼς
879 952 907 1003 6
937 950 1040 1020 τῆς
1073 948 1314 1020 ἱστορίας
1352 946 1508 1014 λόγος
1545 942 1699 1014 φησὶ,

141 1040 365 1093 πείθεται
386 1040 446 1093 δὲ
471 1040 549 1112 τῷ
595 1041 889 1111 θεράποντι
920 1040 1084 1094 αὑτοῦ
1124 1041 1379 1093 Μωῦσείο
1422 1037 1451 1090 ὃ
1484 1036 1578 1090 καὶ⁵
1607 1035 1702 1088 νῦν

145 1132 394 1202 βλέπομεν
436 1131 588 1202 παρὰ
621 1133 732 1184 τῶν
760 1130 976 1201 ἀληθῶς
1017 1130 1080 1183 τὸ
1109 1129 1252 1200 ὕδωρ
1291 1127 1702 1199 περαιουμένων

144 1222 433 1290 γινόμενον,
464 1222 513 1274 οἳ
543 1221 622 1291 τῷ
672 1221 790 1292 Θεῷ
834 1222 1058 1284 ἑαυτοὺς
1097 1221 1424 1284 ἀναθέντες,
1457 1223 1552 1272 καὶ
1590 1221 1703 1280 τοῖς

145 1313 488 1384 θεραπεύουσι
515 1313 605 1367 διὰ
633 1314 733 1384 τῆς
774 1314 1075 1384 ἱερωσύνης
1104 1314 1165 1366 τὸ
1203 1313 1378 1373 Θεῖον,
1429 1310 1704 1363 πείθονται

145 1406 227 1458 καὶ
267 1405 581 1465 ὑπείκουσι,
633 1404 816 1467 καθώς
856 1423 1018 1476 φησιν
1063 1407 1092 1459 6
1147 1403 1493 1464 Ἀπόστολος.
1556 1400 1704 1461 Ὀδδς

147 1495 271 1564 μετὰ
294 1495 448 1547 τοῦτο
490 1494 584 1566 τὴν
613 1495 884 1548 Θάλασσαν
926 1495 1092 1566 τριῶν
1132 1493 1354 1565 ἡμερῶν
1377 1491 1701 1561 διαδέχεται,

145 1592 198 1642 έν
274 1587 410 1640 κατά
432 1605 555 1641 τινα
575 1588 742 1641 τόπον
761 1587 1304 1660 στρατοπεδεύσασιν,
1333 1585 1532 1639 ἄποτον
1553 1579 1707 1652 παρά

146 1682 232 1750 τὴν
269 1679 494 1751 πρώτην
534 1679 596 1732 τὺ
635 1680 856 1750 εὑρεθὲν
896 1678 1040 1748 ὕδωρ
1074 1678 1178 1731 ὑπὸ
1223 1676 1449 1747 πικρίας
1489 1674 1664 1743 ὲφάνη
1688 1689 1703 1704 ο

147 1771 268 1824 ἀλλὰ
299 1772 357 1824 τὸ
388 1771 545 1836 ξύλον
579 1771 812 1832 ὲντεθὲν,
850 1771 1116 1840 προσηνὲς
1149 1772 1262 1832 τοῖς
1292 1765 1487 1836 διψῶσι
1510 1766 1572 1818 τὸ
1611 1782 1706 1818 πο·

1796 576 1931 631 Nam
1963 577 2055 648 qui
2089 592 2238 630 mare
2269 576 2343 636 id,
2375 573 2520 644 quod
2543 573 2932 632 intelleximus,
2959 568 3071 638 jam
3099 575 3382 637 pertrans-

1795 670 1914 734 ivit,
1954 676 2007 722 et
2040 667 2352 738 Aigyptium
2389 666 2524 720 vidit
2579 665 2634 719 in
2665 666 2820 734 aquis
2865 661 3235 723 exstinctum,
3270 674 3386 713 non

1800 761 1977 817 solum
2002 762 2070 815 ad
2097 759 2321 830 Moysen
2352 758 2574 812 virtutis
2597 757 2808 826 virgam
2837 761 3115 824 gerentem
3135 752 3382 819 respicit,

1804 853 1901 908 sed
1961 851 2335 921 principaliter
2375 848 2594 918 quidem
2630 847 2742 902 Deo
2790 846 2986 909 credit,
3042 851 3101 898 ut
3149 843 3386 898 historia

1800 945 2013 1000 tradit:
2066 942 2403 1012 obtemperat
2433 941 2598 997 etiam
2647 939 2818 1011 Moysi
2853 955 3012 994 servo
3052 938 3202 1006 ejus:
3236 934 3385 1006 quod

1803 1051 1950 1090 nunc
1982 1052 2199 1106 quoque
2237 1035 2305 1089 ab
2332 1035 2419 1090 his
2453 1034 2530 1099 ﬁt,
2564 1034 2655 1104 qui
2696 1049 2789 1102 per
2818 1047 3013 1102 aquam
3043 1046 3170 1085 vere
3204 1039 3388 1082 trans--

1802 1128 2005 1192 ierunt,
2037 1129 2128 1197 qui
2154 1129 2369 1198 seipsos
2409 1126 2519 1181 Deo
2557 1126 2904 1188 dediderunt,
2932 1133 2985 1180 et
3007 1122 3388 1179 sacerdotibus

1805 1219 1920 1272 suis
1950 1219 2348 1286 obtemperant.
2387 1217 2492 1272 lter
2527 1228 2650 1289 post
2681 1217 2794 1271 haec
2839 1214 3011 1270 Judzei
3041 1215 3214 1270 tribus
3257 1229 3386 1284 per-

1801 1318 2034 1379 egerunt
2066 1309 2295 1376 diebus;
2339 1319 2520 1363 castra
2569 1307 2870 1378 metatique
2906 1305 2964 1360 in
2995 1305 3230 1375 quodam
3267 1305 3390 1358 loco

1805 1400 2048 1462 fuerunt,
2083 1400 2174 1454 ubi
2212 1415 2410 1468 aquam
2446 1407 2771 1469 repererunt
2808 1397 3173 1453 amaritudine
3219 1395 3391 1450 nimia

1806 1507 2152 1563 nequaquam
2209 1492 2501 1562 potabilem
2541 1510 2555 1546 :
2615 1491 2709 1546 sed
2768 1491 2972 1562 lignum
3020 1506 3050 1544 a
3100 1490 3284 1560 Moyse
3332 1489 3390 1544 in

1807 1599 2004 1654 aquam
2067 1584 2372 1638 immissum
2439 1583 2494 1638 in
2560 1583 2902 1638 dulcedinem
2969 1582 3392 1638 amaritudinem

1807 1676 1930 1745 ejus
1964 1677 2253 1730 convertit.
2291 1675 2429 1731 liuic
2453 1675 2698 1730 historia!
2724 1692 2812 1730 res
2848 1675 2988 1745 ipsa,
3022 1691 3183 1745 quam
3221 1675 3392 1744 spiri-

1812 1769 2054 1824 tualibus
2085 1770 2336 1823 accidere
2355 1767 2559 1822 Judaeis
2581 1767 2852 1829 videmus,
2883 1767 3089 1836 optime
3113 1767 3390 1836 congruit.

145 1862 227 1914 τὸν
257 1862 645 1928 ἀπειργάσατο.
691 1839 986 1933 Συμϐαίνει
1017 1839 1127 1921 τοῖς
1157 1858 1465 1927 γινομένοις
1494 1858 1528 1925 ἡ
1563 1857 1708 1907 ἱστο-

1819 1860 1944 1916 Nam
1979 1861 2070 1930 qui
2096 1861 2470 1931 volpptgttibus
2503 1860 2556 1913 in
2581 1859 2855 1928 baptismo
2883 1858 3235 1923 renuntiavit,
3271 1858 3395 1928 qui-

151 1951 259 2019 ρία·
304 1951 379 2021 τῷ
412 1951 524 2022 γὰρ
563 1951 975 2005 καταλελοιπότι
1009 1949 1108 2012 τὰς
1140 1946 1444 2016 Αἰγυπτίας
1479 1945 1672 2016 ἡδονὰς
1693 1985 1708 2010 ,

148 2037 226 2105 αἷς
249 2041 487 2095 ἐδούλευε
521 2043 652 2112 πρὶν
681 2041 932 2111 διαϐῆναι
959 2040 1058 2111 τὴν
1083 2039 1380 2101 θάλασσαν,
1410 2036 1712 2107 δύσληπτος

147 2135 232 2185 καὶ
262 2134 423 2204 ἀηδὴς
457 2136 486 2186 ό
519 2133 631 2202 βίος
664 2135 691 2186 6
728 2135 835 2185 τῶν
872 2132 1074 2202 ἡδονῶν
1119 2132 1524 2204 κεχωρισμένος
1563 2129 1714 2200 παρά

147 2224 237 2291 τὴν
273 2225 496 2294 πρώτην
527 2225 693 2277 δοκεῖ.
743 2223 881 2278 Ἀλλ’
913 2225 962 2276 εί
996 2225 1058 2276 τὸ
1106 2223 1258 2289 ξύλον
1296 2223 1595 2295 ἐμϐληθείη
1637 2223 1716 2294 τῷ

148 2313 310 2376 ὖδατι,
343 2316 642 2379 τουτέστιν,
683 2315 808 2368 εἰτὸ
833 2315 934 2384 τῆς
965 2315 1315 2381 ἀναστάσεως
1351 2333 1440 2380 τις
1472 2315 1717 2387 παραλά-

146 2406 226 2458 ϐοι
256 2409 566 2478 μυστήριον,
600 2407 628 2460 δ
654 2406 740 2460 διὰ
765 2407 858 2460 τοῦ
889 2407 1048 2471 ξύλου
1079 2408 1178 2479 τὴν
1217 2409 1391 2481 ἀρχὴν
1421 2409 1545 2480 ἔσχε
1581 2410 1600 2479 {
1626 2409 1717 2474 ξύ-

147 2493 231 2545 λον
254 2496 307 2546 δὲ
337 2495 578 2558 ἀκούσας
602 2536 617 2560 ,
649 2495 740 2548 τὸν
778 2496 1012 2569 σταυρὸν
1047 2498 1261 2561 πάντως
1291 2499 1574 2568 ἐνόησας),
1597 2499 1716 2552 τότε

149 2587 337 2650 παντὸς
372 2587 793 2656 γλυκύσματος,
826 2586 918 2639 τοῦ
965 2587 1062 2657 τὴν
1112 2587 1364 2659 αἴσθησιν
1410 2590 1479 2642 δι’
1523 2589 1718 2661 ἡδονῆς

149 2679 591 2750 γαργαλίζοντος,
647 2678 981 2750 γλυκύτερός
1017 2697 1077 2732 τε
1122 2681 1216 2732 καὶ
1273 2681 1646 2752 ποτιμώτερος
1690 2684 1719 2736 6

151 2773 262 2825 κατ’
306 2772 502 2842 ἀρετὴν
534 2772 747 2839 γίνεται
779 2771 890 2842 βίος
911 2811 927 2834 ,
959 2774 1023 2843 τῇ
1056 2772 1231 2826 ἐλπίδι
1263 2773 1371 2826 τῶν
1417 2773 1718 2842 μελλόντων

151 2863 549 2934 ὲιρηδυνόμενος.
600 2864 662 2916 Ἡ
702 2864 759 2917 δὲ
790 2863 992 2934 ἐφεξῆς
1037 2863 1138 2932 τῆς
1195 2865 1504 2936 ὁδοιπορίας
1553 2882 1719 2918 κατα-

151 2954 314 3025 γωγὴ,
364 2955 559 3024 φοίνιξι
606 2956 701 3008 καὶ
746 2955 952 3025 πηγαῖς
982 2953 1361 3024 ἀϐρυνομένη,
1402 2952 1720 3006 διαναπαύει

152 3046 250 3098 τῶν
280 3045 697 3116 ὁδοιπορούντων
755 3045 847 3098 τὸν
894 3045 1082 3098 κόπον.
1130 3044 1250 3096 Εἰσὶ
1295 3043 1352 3096 δὲ
1398 3042 1721 3097 δυοκαίδεκα

1812 1953 1915 2008 bus
1945 1955 1996 2007 in
2031 1953 2215 2022 priore
2243 1953 2348 2006 vita
2381 1951 2669 2014 serviebat,
2696 1966 2944 2004 amarum
2973 1957 3136 2020 atque
3161 1950 3391 2004 arduum

1811 2043 2018 2099 Christi
2056 2046 2244 2114 jugmu
2276 2045 2325 2100 ei
2355 2045 2531 2114 primo
2565 2043 2803 2107 videtur,
2847 2041 2943 2097 sed
2968 2042 3175 2113 lignum
3216 2041 3394 2110 quod-

1812 2137 1936 2190 dam
1981 2138 2310 2199 immissum,
2367 2135 2418 2190 id
2453 2143 2538 2191 est
2580 2134 3002 2189 resurrectionis
3050 2135 3395 2206 mysterium,

1814 2229 1958 2297 quod
1992 2245 2088 2299 per
2115 2229 2320 2298 lignum
2363 2228 2676 2283 inchoatum
2707 2237 2812 2290 est,
2867 2242 2963 2296 per
2989 2241 3212 2282 crucem
3247 2227 3398 2281 vide-

1816 2318 1939 2372 licet
1967 2317 2191 2381 Christi,
2227 2317 2318 2386 qui
2349 2317 2401 2370 in
2431 2331 2596 2371 cruce
2618 2323 2868 2372 mortuus
2897 2323 3003 2382 est,
3041 2315 3116 2380 id,
3148 2317 3393 2385 inquam,

1815 2409 2240 2464 resurrectionis
2300 2408 2620 2478 mysterium
2687 2415 2804 2461 toto
2869 2406 3034 2462 corde
3091 2407 3394 2463 admissum

1817 2507 1981 2567 atque
2020 2498 2307 2561 creditum,
2343 2497 2654 2551 suaviorem
2706 2495 2885 2549 reddit
2924 2496 3112 2558 vitam,
3161 2512 3284 2565 qua:
3312 2512 3399 2550 se-

1817 2591 2058 2645 cundum
2086 2588 2366 2644 Christum
2397 2597 2501 2652 est,
2526 2587 2785 2642 omnibus
2812 2603 2933 2658 quae
2962 2586 3250 2643 dulcedine
3275 2604 3400 2643 sen-

1818 2695 1938 2734 sum
1972 2677 2328 2749 perl’undunt,
2365 2692 2460 2746 spe
2495 2676 2805 2729 futurorum
2832 2675 3235 2746 jucundissime
3265 2692 3398 2731 con-

1818 2772 2011 2824 ditam.
2047 2769 2282 2824 Deduxit
2309 2784 2402 2824 eos
2435 2779 2622 2838 postea
2656 2767 2789 2822 illud
2818 2769 2923 2824 iter
2961 2767 3029 2822 ad
3055 2768 3172 2822 loca
3204 2769 3398 2838 palmis

1818 2861 2031 2916 consita
2075 2871 2128 2915 et
2159 2860 2401 2914 fontibus
2435 2874 2675 2924 alumna,
2732 2859 2934 2929 quibus
2981 2859 3034 2912 in
3082 2859 3218 2914 locis
3268 2859 3398 2914 fessi

1821 2953 2228 3022 requieverunt.
2253 2951 2424 3006 Erant
2450 2961 2628 3006 autem
2652 2952 2938 3006 duodecim
2970 2951 3190 3021 quidem
3228 2952 3401 3007 fontes

1822 3061 1976 3114 aqua
2025 3045 2261 3114 limpidze
2319 3052 2483 3114 atque
2530 3044 2727 3098 dulcis.
2764 3042 2964 3098 Palma?
2997 3060 3126 3098 vero
3185 3053 3404 3113 septua-

153 3137 247 3206 μὲν
276 3137 378 3190 τῶν
423 3113 633 3191 ὕδάτων
668 3139 724 3190 αί
756 3139 962 3209 πηγαὶ,
1000 3135 1242 3207 καθαροῦ
1271 3153 1332 3189 τε
1381 3137 1475 3190 καὶ
1503 3136 1714 3208 ἡδίστου

1822 3139 1991 3206 ginta,
2044 3137 2420 3212 magnitudine
2453 3137 2748 3199 mirabiles,
2781 3137 2965 3205 specie
2996 3137 3400 3206 pulcherrinue,

152 3231 376 3298 νάματος
399 3245 410 3256 ’
434 3229 805 3300 ἐϐδομήκοντα
835 3230 892 3282 δὲ
918 3229 967 3281 οἱ
999 3228 1257 3296 φοίνικες,
1291 3227 1607 3297 εὐμεγέθεις
1625 3228 1714 3280 καὶ

1823 3227 2004 3281 fructu
2034 3210 2316 3296 perutiles.
2359 3226 2498 3292 Quid
2536 3228 2704 3298 igitur
2731 3227 2836 3282 hoc
2869 3227 3110 3282 historia:
3135 3228 3404 3283 discimus

151 3321 392 3390 ὑψίκομοι
417 3362 432 3386 ,
459 3320 556 3373 τοῦ
587 3321 779 3391 χρόνου
806 3321 875 3374 τὰ
899 3319 1092 3392 δένδρα
1123 3319 1260 3388 πρὸς
1296 3317 1430 3387 ὕψος
1460 3319 1711 3390 ἄραντος,

150 3413 212 3465 Τί
239 3410 324 3466 οὖν
352 3416 406 3467 ὲν
436 3412 648 3476 τούτοις
683 3413 1032 3483 εὑρίσκομεν,
1067 3411 1134 3464 δι’
1165 3409 1460 3463 ἀκολούθου
1497 3410 1716 3482 προϊού-

153 3520 244 3571 σης
273 3504 366 3572 τῆς
399 3502 640 3573 ἱστορίας
665 3519 679 3567 ;
709 3503 789 3555 ὅτι
814 3501 875 3554 τὸ
906 3499 999 3553 τοῦ
1033 3499 1189 3565 ξύλου
1222 3500 1540 3569 μυστήριον,
1569 3499 1635 3552 δι’
1656 3492 1716 3554 οὗ

154 3593 365 3663 πότιμον
400 3596 498 3665 τῆς
547 3595 748 3664 ἀρετῆς
782 3593 844 3645 τδ
891 3593 1034 3664 ὕδωρ
1083 3595 1196 3655 τοῖς
1243 3590 1437 3659 διψῶσι
1487 3589 1715 3658 γίνεται,

156 3681 404 3748 προσάγει
445 3683 597 3750 ἡμᾶς
647 3683 766 3744 ταῖς
804 3680 1123 3734 δυοκαίδεκα
1177 3681 1405 3750 πηγαῖς,
1454 3680 1549 3731 καὶ
1601 3683 1716 3744 τοῖς

156 3768 508 3840 εὕδομήκοντα
553 3769 770 3838 φοίνιξι,
814 3770 1095 3833 τουτέστι,
1135 3773 1201 3839 τῇ
1245 3767 1341 3821 τοῦ
1381 3768 1718 3837 Εὑαγγελίου

154 3859 450 3931 διδασκαλίᾳ
469 3901 483 3921 ,
517 3863 575 3913 ἐν
668 3860 845 3931 πηγαί⁵
879 3860 976 3930 μέν
1016 3862 1121 3913 είσι
1151 3859 1472 3913 δυοκαίδεκα
1510 3860 1560 3912 οἱ
1586 3860 1722 3912 ἀπό·

160 3947 314 4001 στολοι
334 3989 348 4007 .
382 3950 674 4012 τοσούτους
703 3947 798 4002 τοῦ
833 3950 1039 4019 Κυρίου
1071 3950 1206 4020 πρὸς
1235 3950 1334 4021 τὴν
1358 3950 1553 4020 χρείαν
1590 3950 1724 4003 ταύ-

158 4054 246 4106 την
270 4041 652 4111 ἐκλεξαμένου,
702 4041 796 4094 κα)⁸
827 4040 1098 4111 πηγάζειν
1141 4041 1206 4094 δι’
1234 4042 1414 4095 αὐτῶν
1453 4042 1544 4097 τὸν
1567 4043 1724 4110 λόγον

161 4134 465 4204 ποιήσαντος
487 4152 499 4163 ο
529 4135 608 4197 ὡς
641 4133 735 4187 καί
765 4151 887 4187 τινα
929 4133 1039 4186 τῶν
1078 4133 1373 4205 προφητῶν
1406 4151 1725 4206 προαναφω·

160 4223 304 4294 ’.ἧσαι
331 4227 426 4296 τὴν
459 4229 526 4279 ὲκ
562 4224 672 4279 τῶν
701 4224 1016 4278 ἀποστόλων
1044 4224 1314 4296 βρύουσαν
1339 4225 1522 4296 χάριν,
1553 4227 1612 4278 ὲν
1643 4219 1726 4287 οἷς

163 4331 360 4387 φησιν,‹
378 4317 465 4368 Ἐν
496 4315 822 4386 ἐκκλησίαις
845 4316 1114 4385 εὐλογεῖτε
1146 4316 1238 4370 τδν
1275 4316 1408 4369 Θεὸν
1429 4317 1633 4388 Κύριον
1662 4318 1726 4370 έκ

163 4408 334 4476 πηγῶν
375 4407 1060 4480 ’ίσραήλΑἙὸδομήκοντα
1081 4402 1345 4462 δ’ἂνεῖεν
1379 4409 1643 4477 φοίνικες,
1675 4411 1724 4462 ot

163 4498 285 4551 κατὰ
313 4501 491 4552 πᾶσαν
507 4498 610 4567 τὴν
629 4498 951 4569 οἰκουμένην
975 4497 1079 4564 ἔξω
1101 4497 1211 4550 τῶν
1236 4497 1443 4560 δώδεκα
1467 4499 1726 4571 μαθητῶν

167 4590 708 4662 ἐπιχειροτονηθέντες
735 4589 1058 4656 ἀπόστολοι,
1091 4589 1333 4643 τοσοῦτοι
1371 4590 1462 4642 τὸν
1495 4591 1726 4662 ἀριθμὸν

163 4677 315 4742 ὄντες,
347 4681 504 4744 ὅσους
541 4675 685 4732 εἶναί
726 4695 890 4749 φησιν
915 4680 948 4750 ἡ
977 4679 1186 4750 ἱστορία
1213 4681 1338 4742 τοὺς
1371 4682 1641 4748 φοίνικας.

233 4771 361 4823 Ἀλλ’
390 4772 750 4826 ἐπισπεύδειν
780 4767 934 4842 οἶμαι
969 4773 1265 4843 προσήκειν
1290 4773 1390 4843 τὴν
1414 4771 1724 4843 ὁδοιπορίαν

163 4863 240 4916 διὰ
270 4865 357 4919 τοῦ
395 4866 559 4935 λόγου
586 4906 602 4929 ,
642 4867 710 4920 δι’
740 4865 955 4936 ὀλίγων,
997 4861 1071 4920 ὧν
1119 4866 1490 4938 παρεθέμεθα,
1538 4867 1726 4936 ῥᾳδίαν

164 4958 258 5018 τοῖς
287 4957 739 5029 φιλοπονωτέροις
764 4959 863 5030 τὴν
883 4959 1116 5029 θεωρίαν
1143 4964 1467 5028 ποιήσαντες
1491 4957 1598 5011 τῶν
1623 4957 1733 5010 λοι-

165 5046 265 5099 πῶν
291 5050 673 5121 παρεμϐολῶν.
721 5050 1002 5121 ’Λρεταὶδ
1032 5050 1098 5103 ἂν
1129 5046 1238 5104 εἷεν
1265 5053 1320 5102 αί
1357 5049 1729 5122 παρεμϐολαίο

165 5132 239 5198 αἷς
258 5139 370 5210 ὁτῷ
390 5140 573 5210 στύλῳ
592 5140 691 5211 τῆς
709 5139 936 5210 νεφέλης
956 5140 1237 5211 ἑπόμενος,
1260 5140 1498 5210 καθεξῆς
1531 5139 1734 5211 προῖὼν

165 5225 626 5300 ἐνστρατοπεδεύει
673 5231 769 5283 καὶ
821 5231 1182 5284 ἀναπαύεται.
1248 5232 1360 5295 Τὰς
1411 5227 1503 5285 οὖν
1552 5235 1610 5286 ὲν
1653 5232 1732 5303 τῷ

165 5319 296 5390 μέσῳ
331 5324 662 5392 καταγωγὰς
704 5324 952 5397 ὑπερϐὰς
995 5326 1073 5396 τῷ
1105 5326 1270 5396 λόγῳ,
1316 5326 1417 5395 τῆς
1457 5326 1596 5379 κατά
1627 5327 1728 5399 τὴν

164 5413 347 5482 πέτραν
373 5415 810 5486 θαυματοποιῖας
853 5419 1332 5490 ἐπιμνησθήσομαι
1352 5459 1366 5483 ,
1408 5413 1476 5490 ἦς
1505 5420 1538 5489 ἢ
1567 5419 1730 5488 φύσις

164 5502 192 5568 ἡ
216 5503 496 5578 ἀντιτυπὴς
526 5509 621 5562 καὶ
645 5511 980 5581 στερέμνιος,
1010 5511 1174 5565 ποτὸν
1204 5513 1316 5574 τοῖς
1346 5511 1569 5580 διψῶσιν
1602 5512 1730 5581 ὲγέ-

165 5608 287 5658 νετο,
322 5599 396 5662 είς
425 5598 616 5663 ὓδατος
661 5601 1009 5674 μαλακότητα
1038 5603 1138 5674 τῆς
1180 5603 1502 5667 ἀντιτυπίας
1531 5604 1727 5658 ἀναλυ-

228 5773 261 5802 "'
296 5772 434 5829 Psal.
470 5792 641 5843 vau,
673 5778 741 5830 27

1817 3319 2053 3374 ordine?
2090 3318 2236 3388 quod
2263 3319 2475 3373 scilicet
2507 3319 2692 3373 crucis
2729 3321 3077 3390 mysterium,
3113 3336 3224 3391 quo
3253 3329 3406 3390 pota-

1818 3411 1943 3465 bilis
1975 3412 2195 3466 virtutis
2229 3427 2368 3481 aqua
2403 3412 2718 3467 sitientibus
2755 3411 2834 3477 ﬁt,
2863 3411 2929 3466 ad
2962 3413 3252 3468 duodecim
3285 3413 3406 3466 fon-

1819 3510 1901 3558 tes
1933 3518 1998 3557 ac
2029 3502 2375 3571 septuaginta
2401 3503 2636 3572 palmas,
2667 3502 2771 3557 hoc
2791 3510 2898 3567 est,
2931 3503 2999 3557 ad
3021 3502 3402 3574 Evangelicam

1820 3608 1921 3647 nos
1950 3592 2172 3648 adducit
2207 3593 2534 3658 doctrinam,
2577 3593 2632 3646 in
2668 3607 2775 3662 qua
2800 3592 2980 3649 fontes
3015 3595 3234 3663 quidem
3263 3595 3405 3648 duo-

1821 3685 1992 3739 decim
2014 3694 2146 3739 sunt
2175 3685 2280 3754 ipsi
2313 3685 2548 3753 apostoli
2579 3699 2594 3736 :
2630 3683 2917 3740 duodecim
2943 3686 3088 3740 enim
3116 3686 3183 3739 ad
3215 3687 3404 3756 praedi-

1820 3776 2060 3831 candum
2119 3776 2474 3846 Evangelium
2535 3774 2804 3832 Dominus
2855 3777 3054 3848 elegit,
3115 3794 3211 3849 per
3262 3795 3403 3848 quos

1822 3866 2098 3938 Evangelii
2137 3869 2381 3922 sonitum
2416 3883 2676 3924 emanare
2725 3865 2916 3922 voluit.
2959 3863 3206 3938 Namque
3273 3885 3406 3939 apo—

1824 3957 1980 4012 stolis
2010 3971 2330 4012 concessam
2361 3955 2629 4013 divinitus
2655 3957 2886 4029 gloriam
2914 3955 3204 4011 Psalmista
3233 3959 3406 4010 multo

1825 4057 1953 4103 ante
1979 4047 2200 4112 cecinit,
2250 4047 2343 4101 ubi
2371 4047 2506 4102 dicit
2542 4049 2596 4102 in
2633 4049 3019 4104 cantionibus:
3057 4047 3407 4103 «Benedic-ite

1827 4137 2116 4193 Dominum
2147 4139 2317 4195 Deum
2346 4155 2414 4194 ex
2447 4139 2688 4196 fontibus
2720 4140 2885 4195 Israel
2908 4141 3007 4193 ³⁷.»
3054 4139 3406 4211 Septuaginta

1826 4246 1958 4286 vero
1985 4233 2177 4302 palmae
2211 4241 2336 4302 post
2363 4231 2652 4287 duodecim
2683 4233 2982 4302 discipulos
3007 4234 3243 4289 ordinati
3275 4251 3408 4306 apo-

1829 4325 1954 4380 stoli
2007 4333 2169 4390 sunt,
2225 4324 2320 4394 qui
2384 4325 2440 4378 in
2499 4327 2815 4380 universum
2881 4333 3151 4382 terrarum
3220 4329 3406 4383 orbem

1828 4414 2046 4482 emissi,
2111 4423 2193 4469 tot
2241 4430 2472 4470 numero
2518 4414 2742 4470 fuerunt
2790 4425 2925 4487 quot
2973 4418 3182 4487 palmas
3238 4417 3410 4474 fuisse

1833 4516 2022 4561 narrat
2062 4507 2312 4562 historia.

1907 4779 2107 4835 Verum
2155 4782 2414 4851 quoniam
2447 4793 2568 4847 quae
2617 4776 2876 4846 deinceps
2914 4784 3211 4831 narrantur
3257 4792 3413 4832 man-

1831 4873 2041 4937 siones,
2073 4889 2169 4944 per
2192 4889 2254 4928 ea
2289 4889 2411 4942 quae.
2448 4873 2690 4928 diximus
2718 4872 2902 4926 faciles
2935 4880 3064 4926 sunt
3100 4871 3409 4928 intellectu:

1840 4965 2072 5021 virtutes
2102 4967 2248 5021 enim
2283 4965 2416 5018 mihi
2459 4964 2770 5035 significare
2796 4963 3073 5028 videntur,
3110 4963 3164 5016 in
3211 4965 3412 5034 quibus

1835 5055 1928 5125 qui
1966 5056 2162 5109 nubem
2209 5055 2480 5124 sequitur,
2508 5063 2689 5108 castra
2717 5061 2955 5107 metatur
2984 5062 3037 5108 et
3082 5054 3409 5123 requiescit:

1834 5161 1929 5201 eas
1959 5145 2240 5200 brevitatis
2274 5159 2439 5199 causa
2492 5153 2686 5214 Sponte
2725 5152 3125 5215 transgressus,
3160 5144 3412 5197 miraculi

1835 5253 1946 5292 non
1992 5237 2288 5292 obliviscar
2332 5237 2514 5302 illius,
2568 5251 2679 5305 quo
2726 5235 2862 5289 dura
2901 5243 2956 5290 et
2993 5236 3168 5290 solida
3217 5236 3413 5305 lapidis

1832 5338 2031 5385 natura
2093 5329 2150 5384 in
2223 5343 2488 5398 aquarum
2560 5341 2826 5382 conversa
2884 5328 3191 5390 mollitiem,
3251 5335 3412 5397 potus

1835 5420 2148 5476 sitientibus
2178 5418 2320 5474 facta
2351 5427 2455 5474 est.
2485 5417 2746 5484 Quamvis
2770 5433 2878 5472 non
2920 5421 2992 5473 sit
3022 5419 3240 5474 diﬂicile
3279 5435 3412 5473 ana-

1835 5513 2039 5583 gogica:
2069 5511 2431 5582 speculationi
2459 5511 2657 5565 seriem
2690 5509 2935 5565 historiae
2964 5511 3224 5583 adaptare
3249 5519 3413 5582 atque

1834 5613 2178 5660 connectere.
2215 5602 2346 5657 Nam
2385 5603 2478 5673 qui
2515 5601 2828 5673 [Egyptium
2861 5604 2914 5657 in
2947 5605 3103 5672 aquis
3135 5611 3411 5658 mortuum
