3876 6218
416 396 521 452 367
1688 386 1747 443 S.
1786 383 1947 441 GBEi

2160 382 2249 439 ΝΥ
2260 381 2458 439 SSENI
3584 378 3690 435 568

416 507 729 578 dereliquit,
779 513 834 561 et
876 518 1063 559 amara
1115 502 1266 574 ligno
1291 500 1475 556 crucis
1501 498 1685 555 dulcia
1737 499 1845 556 sibi
1874 513 1947 555 co}

2160 496 2319 569 είοης.
2387 493 2527 548 Ἀλλ’
2576 492 2752 558 οὐδεὶς
2786 492 2948 557 πόνος
3003 493 3389 567 προσαρμόσαι
3432 495 3500 566 τῇ
3544 493 3691 549 κατὰ

418 602 569 664 fecit,
596 607 652 654 et
681 597 1028 653 abundanter
1058 611 1124 650 ex
1158 594 1406 649 fontibus
1445 592 1764 664 apostolicis
1797 606 1861 646 ac
1900 607 1949 647 st

2159 586 2399 660 ραγωγὴν
2439 585 2642 659 θεωρίᾳ
2684 585 2783 657 τὴν
2813 586 2913 658 τῆς
2958 586 3202 658 ἱστορίας
3231 586 3572 641 ἀκολουθίαν.
3631 587 3690 640 Ὅ

415 693 614 747 umbra
638 690 943 760 palmarum
968 686 1258 758 requievit.
1289 687 1336 740 is
1358 685 1470 755 jam
1500 684 1566 739 ad
1593 681 1944 754 suscipiendu

2157 681 2217 754 ὶρ
2257 683 2315 735 ὲν
2356 680 2436 752 τῷ
2468 679 2622 734 ὕδατι
2666 676 2984 734 καταλιπὼν
3018 678 3212 751 νεκρὸν
3238 679 3330 733 τὸν
3360 679 3688 747 Αίγύπτιον,

422 784 590 839 Deum
617 783 673 837 lit
704 781 955 837 idoneus.
978 779 1143 851 Lapis
1165 778 1336 841 enim,
1370 786 1430 831 ut
1451 776 1719 847 Apostolo
1736 775 1915 845 placet
1935 775 1953 807 ³

2161 776 2202 829 ti.
2223 774 2301 846 τῷ
2330 772 2473 845 ξύλῳ
2500 772 2824 842 γλυκανθεὶς
2843 813 2859 837 ,
2895 772 2992 825 καὶ
3036 774 3159 835 ταῖς
3185 771 3575 836 ἀποστολικαῖς
3602 773 3692 826 ὲν-

417 874 675 929 Christus
700 880 806 937 est,
864 871 1048 927 siccus
1087 879 1141 926 et
1188 870 1361 925 durus
1398 869 1626 924 nimium
1669 866 1947 922 inﬁdelibu

2173 868 2387 938 υφήσας
2412 868 2637 938 πηγαῖς,
2663 864 2770 919 ὑπό
2792 881 2852 918 τε
2883 867 2950 937 τῇ
2981 865 3109 935 σκιᾷ
3133 863 3242 917 τῶν
3268 864 3528 932 φοινίκων
3565 866 3694 919 ἀναρ

418 965 509 1020 cui
538 964 585 1021 si
621 966 715 1036 qui
747 965 956 1035 virgam
985 962 1110 1018 ﬁdei
1150 962 1445 1026 adducant,
1477 967 1639 1031 potus
1678 959 1735 1014 ﬁt
1763 960 1949 1016 sitient

2159 959 2472 1029 ιυσάμενος,
2498 954 2652 1022 οὗτος
2681 957 2781 1029 ἤδη
2798 958 2894 1011 xu‘t
2908 954 3001 1010 τοῦ
3022 955 3158 1009 Θεοῦ
3179 955 3424 1019 δεκτικὸς
3455 955 3690 1024 γίνεται.

417 1057 524 1113 bus
555 1056 700 1111 intro
722 1057 777 1110 in
806 1055 957 1126 ipsos
985 1053 1163 1109 ﬂuens
1191 1061 1354 1124 atque
1384 1068 1636 1107 manans.
1675 1072 1692 1103 ‹
1716 1052 1827 1121 Ego
1857 1052 1942 1106 eni

2163 1052 2181 1104 l
2213 1050 2321 1122 γὰρ
2343 1050 2540 1121 πέτρα,
2563 1049 2745 1113 καθώς
2778 1066 2940 1119 φησιν
2961 1051 2991 1103 6
3032 1047 3371 1111 Ἀπόοτολος,
3400 1049 3429 1100 ό
3454 1048 3694 1119 Χριστός

417 1157 474 1205 et
494 1148 659 1205 Pater
690 1164 906 1212 meus”
946 1147 1146 1217 inquit,
1187 1146 1531 1209 «veniemus,
1575 1151 1629 1199 et
1668 1144 1946 1198 mansione

2162 1157 2253 1193 ττιν
2274 1181 2291 1205 ,
2328 1139 2560 1211 ἄνικμός
2598 1156 2682 1203 τις
2721 1139 2817 1193 καὶ
2845 1140 3145 1211 ἀντιτυπὴς
3171 1140 3285 1202 τοῖς
3324 1139 3611 1202 ἀπίστοιςο
3642 1140 3693 1191 εἰ

417 1241 477 1309 in
523 1242 644 1313 ipso
694 1239 965 1295 faciemus
989 1239 1090 1292 ³³.»
1140 1237 1282 1293 Illud
1308 1252 1436 1293 vero
1480 1233 1942 1307 praetermittendu

2198 1250 2280 1297 τις
2315 1233 2584 1304 προσάγοι
2612 1233 2712 1303 τὴν
2737 1231 2933 1302 ρἀδον
2956 1232 3058 1303 τῆς
3093 1231 3347 1295 πίστεως.
3384 1231 3548 1294 ποτὺς
3575 1232 3693 1291 τοῖς

417 1331 568 1388 nullo
591 1339 751 1404 pacto
769 1338 875 1398 est,
904 1328 1052 1400 quod
1085 1339 1437 1400 posteaquam
1468 1343 1616 1382 mare
1640 1327 1948 1382 transicrun

2163 1324 2297 1395 φῶσι
2325 1325 2631 1395 γινόμενος,
2662 1326 2756 1378 καὶ
2790 1324 2942 1388 ἐντὸς
2972 1323 3081 1378 τῶν
3110 1316 3499 1394 είσδεχομένων
3524 1323 3694 1377 αὐτὸν

417 1432 773 1496 posteaquam
832 1420 1142 1476 amaritudo
1195 1434 1462 1491 aquarum
1533 1419 1739 1475 sitienti
1801 1418 1942 1472 virtu

2165 1418 2390 1490 σρέων.ι
2411 1416 2554 1487 Ἐγὼ
2580 1417 2711 1489 γὰρ,
2754 1417 2907 1488 φησι,
2941 1417 3035 1470 xui.
3062 1418 3092 1470 6
3121 1417 3311 1489 Πατήρ
3341 1433 3443 1485 μου
3473 1415 3694 1469 ἐλευσό-

415 1514 549 1585 iigni
593 1514 652 1570 in
695 1511 1041 1568 dulcedinem
1087 1525 1355 1566 conversa
1381 1519 1487 1573 est,
1523 1517 1879 1581 posteaquam
1910 1509 1941 1563 d

2162 1511 2246 1565 :Ou
2266 1553 2281 1578 ,
2315 1513 2411 1566 xui.
2444 1510 2609 1583 μονὴν
2639 1513 2768 1584 παρ’
2801 1510 2953 1582 αὐτῷ
3003 1509 3360 1583 ποιησόμεθα.
3381 1508 3599 1575 »Ἄξιον
3632 1510 3693 1565 δὲ

416 1606 607 1661 liciosc
640 1602 785 1676 apud
818 1602 998 1660 fontes
1028 1611 1083 1658 et
1113 1602 1327 1673 palmas
1353 1600 1595 1665 fuerunt,
1640 1611 1827 1672 postea
1856 1600 1947 1656 der

2162 1604 2242 1675 166
2281 1603 2438 1657 τοῦτο
2494 1603 2873 1674 παραδραμεῖν
2916 1600 3228 1673 ἀθεώρητον
3252 1642 3270 1667 ,
3311 1601 3395 1654 ὅτι
3439 1601 3580 1673 μετά
3630 1603 3693 1655 τὸ

412 1712 521 1768 que
552 1712 718 1768 quam
751 1712 818 1751 ex
851 1695 1031 1766 lapide
1056 1695 1336 1758 biberunt,
1370 1703 1503 1750 tunc
1527 1710 1649 1766 quas
1669 1694 1738 1749 ab
1765 1693 1942 1766 Egyp

2162 1696 2353 1766 αὸῆναι
2395 1696 2494 1767 τὴν
2540 1697 2837 1759 θάλασσαν,
2885 1696 2979 1749 καὶ
3020 1692 3390 1765 γλυκανθῆναι
3437 1696 3550 1757 τοῖς
3588 1694 3693 1764 τῆς

412 1786 613 1842 viatica
645 1793 701 1842 et
732 1787 886 1842 cibos
914 1786 1024 1841 sibi
1066 1795 1486 1855 assumpserunt
1529 1785 1751 1855 penitus
1782 1798 1879 1839 eos
1906 1785 1938 1838 d

2160 1790 2307 1858 οετῆς
2335 1788 2635 1861 ὁδοιπόροις
2657 1789 2718 1842 τδ
2743 1786 2909 1857 ὕδωρ,
2932 1786 3026 1840 καὶ
3048 1786 3187 1857 μετά
3205 1786 3305 1857 τὴν
3329 1785 3509 1857 ἁδρὰν
3538 1785 3691 1839 ὲκεί-

411 1878 680 1945 fecerunt,
735 1885 869 1933 tunc
897 1877 1045 1931 omni
1091 1844 1429 1932 nutrimento
1474 1844 1620 1945 quod
1658 1876 1726 1929 ab
1761 1873 1940 1946 [Egyp

2159 1898 2200 1950 ιν
2230 1844 2542 1949 δίαγωγὴνζ
2580 1844 2679 1951 τῆν
2710 1844 2986 1943 γατάιτάς
3016 1844 3199 1950 πηγὰς
3227 1844 3323 1932 καὶ
3354 1844 3482 1942 τοὺς
3511 1877 3690 1946 φοίνι-

410 1970 665 2025 ferebant
691 1968 1003 2039 absumpto,
1034 1967 1270 2038 desuper
1295 1967 1399 2022 sibi
1425 1966 1615 2022 deﬂuit
1638 1967 1795 2021 cilius
1816 1968 1941 2020 vari:

2157 1989 2227 2036 ις,
2262 1973 2357 2025 καὶ
2382 1969 2521 2041 μετὰ
2544 1970 2606 2024 τὸ
2631 1976 2776 2028 πιεῖν
2791 1974 2855 2027 ὲκ
2868 1972 2968 2044 τῆς
2986 1971 3189 2044 πέτρας
3201 1970 3322 2025 τότε
3345 1967 3631 2030 παντελῶς
3654 1971 3688 2039 ἡ

410 2062 575 2118 simul
603 2071 657 2117 et
694 2061 943 2131 simplex.
985 2058 1225 2129 Simplex
1261 2060 1380 2115 visu
1408 2069 1572 2129 atque
1615 2059 1832 2119 unicus,
1865 2076 1935 2128 qu

2161 2063 2211 2116 ὃν
2240 2062 2554 2130 Αἰγυπτίων
2584 2061 2814 2131 ἐφοδίων
2836 2060 3107 2131 ιπίλειψις
3138 2060 3365 2130 γίνεται.
3403 2062 3513 2114 Καὶ
3545 2059 3692 2114 οὕτω

410 2153 565 2209 litate
600 2152 808 2217 varius,
846 2153 913 2207 ad
944 2153 1284 2221 singulorum
1318 2152 1647 2221 cupiditates
1669 2167 1729 2207 se
1758 2161 1941 2207 verten

2157 2153 2376 2226 ηδεμιᾶς
2420 2154 2601 2216 αὐτοῖς
2645 2152 3069 2224 ὑπολειφθείσης
3108 2151 3405 2222 ἀλλοφύλου
3443 2152 3688 2224 τροφῆς,

411 2244 557 2309 Quid
595 2243 764 2314 igitur
789 2243 918 2298 hinc
951 2243 1249 2299 discimus?
1282 2245 1427 2313 quod
1458 2254 1707 2312 0;:orteat
1750 2244 1942 2299 videlic

2160 2264 2169 2294 ν
2195 2244 2254 2311 ὲξ
2284 2244 2557 2313 Αἰγύπτου
2595 2245 2993 2309 ἐπεσιτίσαντο,
3027 2243 3233 2300 ἄνωθεν
3258 2246 3478 2316 ἐπιρρεῖ
3497 2247 3531 2315 ἡ
3562 2261 3691 2317 τρο-

409 2336 538 2401 ﬁde,
569 2336 924 2409 baptismate,
964 2337 1175 2401 labore,
1208 2338 1354 2391 omni
1385 2337 1608 2401 virtute,
1640 2337 1789 2392 omni
1824 2337 1940 2391 Eva:

2155 2336 2198 2407 η,
2233 2336 2450 2406 ποικίλη
2481 2353 2565 2400 τις
2594 2337 2712 2406 ἅμα
2740 2336 2836 2389 καὶ
2862 2335 3141 2407 μονοειδὴς
3169 2329 3323 2392 οὖσα.
3347 2334 3422 2389 T6
3448 2335 3550 2407 μὲν
3578 2335 3686 2407 γάρ

409 2427 583 2499 gelica
612 2426 884 2490 doctrina,
918 2427 1154 2481 mundos
1191 2441 1472 2497 purosque
1509 2426 1726 2483 animos
1779 2436 1940 2482 nostri

2155 2426 2425 2498 πινόμενον
2471 2426 2743 2497 μονοειδὲς
2785 2422 2874 2498 ἦν,
2919 2429 2952 2497 ὴ
2983 2426 3039 2480 δὲ
3087 2428 3309 2498 ποιότης
3349 2427 3410 2479 τὸ
3442 2428 3686 2480 ποικίλον

409 2520 613 2584 facere,
635 2518 709 2574 ita
732 2526 794 2572 ut
809 2518 1034 2573 omnino
1052 2516 1345 2587 alienigeni
1368 2531 1571 2583 mores,
1604 2524 1658 2572 et
1678 2516 1940 2588 IEgyptim

2153 2516 2267 2590 ¹χεν,
2322 2519 2539 2589 ἑκάστῳ
2572 2519 2898 2589 προσφόρως
2933 2518 3072 2572 κατά
3103 2518 3165 2571 τὸ
3193 2514 3333 2581 εἶδος
3363 2519 3461 2590 τῆς
3494 2518 3684 2572 ἐπιθυ-

407 2614 542 2677 vita,
586 2612 844 2668 vitiorum
876 2611 1088 2667 scilicet
1116 2610 1361 2665 omnium
1407 2610 1591 2674 turba,
1634 2624 1738 2665 nos
1761 2609 1938 2665 deﬁci:

2154 2609 2232 2673 ίας
2263 2608 2608 2680 ἐγγινομένη.
2634 2608 2700 2661 Τί
2719 2603 2813 2662 οὖν
2834 2608 2981 2662 ἐστιν
3001 2608 3030 2661 ὃ
3053 2607 3428 2679 μανθάνομενς
3450 2607 3516 2661 δι’
3546 2609 3685 2661 ὅσων

407 2714 463 2758 et
493 2702 715 2760 demum
750 2701 1019 2772 depurato
1055 2700 1430 2770 defaecatoque
1475 2700 1681 2765 animo,
1716 2701 1938 2756 caeleste

2152 2702 2371 2772 ροσήκει
2403 2700 2719 2771 καθαρσίων
2753 2699 2944 2753 ἑαυτὸν
2968 2699 3274 2770 ὲκκαθᾶραί
3310 2715 3433 2753 τινα
3463 2699 3572 2769 τῆς
3594 2702 3683 2753 Δί-

408 2794 593 2849 cibum
631 2808 756 2850 esse
787 2790 1221 2862 suscipiendum,
1260 2805 1422 2861 quem
1460 2791 1612 2845 nulla
1657 2791 1817 2846 nobis
1856 2800 1939 2846 sat

2155 2790 2338 2854 ιπτίας
2376 2807 2433 2843 τε
2476 2790 2568 2844 xui.
2597 2788 2899 2858 ἀλλοφύλου
2924 2787 3071 2859 ζωῆς
3093 2807 3108 2821 '
3143 2789 3285 2844 ὥστε
3316 2790 3555 2844 κενῶσαι
3602 2790 3686 2844 τὸν

409 2886 757 2958 agriculturae
792 2884 1006 2938 artibus
1030 2882 1309 2953 produxit.
1344 2880 1451 2938 Sed
1484 2882 1641 2952 panis
1670 2890 1757 2938 est
1790 2883 1940 2953 absqt

2154 2884 2202 2953 ἧς
2248 2881 2427 2952 ψυχῆς
2470 2880 2637 2936 αὐτοῦ
2674 2881 2909 2935 θύλακον
2947 2880 3129 2952 πάσης
3169 2882 3272 2953 τῆς
3307 2881 3451 2935 κατά
3483 2880 3685 2936 κακίαν

408 2979 643 3045 semine,
665 2980 874 3049 absque
903 2977 1170 3043 aratione,
1201 2976 1409 3047 absque
1433 2975 1542 3029 alio
1566 2976 1807 3030 humano
1833 2991 1935 3046 ope

2157 2974 2340 3044 »οφῆς,
2386 2974 2453 3045 ἣν
2495 2973 2860 3029 σιτοποιοῖωιν
2905 2976 2956 3028 oi
3003 2973 3327 3043 Αἰγύπτιοιο
3369 2975 3464 3028 καὶ
3511 2975 3688 3036 οὕτως

409 3070 567 3126 nobis
622 3078 870 3141 paratus.
923 3067 972 3124 ls
1023 3068 1262 3139 desuper
1317 3065 1564 3122 deﬂuens
1594 3068 1649 3122 in
1696 3066 1863 3121 terris
1915 3068 1940 3121 i:

2153 3085 2198 3139 πν
2228 3067 2433 3121 ἄνωθεν
2466 3067 2757 3121 κατιοῦσαν
2803 3066 3010 3137 τροφὴν
3039 3068 3095 3119 ὲν
3138 3065 3335 3137 ἐαυτῷ·
3359 3067 3582 3139 καθαρᾷ
3619 3067 3684 3138 τῇ

408 3165 651 3231 venitur;
702 3162 860 3233 panis
911 3162 1058 3217 enim
1115 3161 1211 3232 qui
1260 3159 1329 3216 de
1375 3160 1517 3216 coelo
1559 3160 1862 3225 descendit,
1901 3176 1933 3230 q

2158 3163 2243 3232 ›χῇ
2273 3158 2525 3223 δέξασθαι
2552 3175 2565 3188 ·
2600 3160 2666 3229 ἦν
2692 3159 2752 3211 ού
2783 3157 2961 3229 σπορά
2988 3160 3120 3228 ἡμῖν
3141 3160 3257 3221 τοῖς
3284 3158 3348 3211 ὲκ
3381 3158 3689 3226 γεωπονίας

412 3270 573 3311 verus
598 3254 755 3310 cibus
786 3262 892 3319 est,
923 3253 1016 3322 qui
1051 3251 1399 3324 aanigmatice
1428 3251 1532 3307 hac
1559 3252 1792 3308 historia
1822 3252 1941 3323 sign

2157 3254 2385 3324 ιέφυσεν,
2417 3252 2532 3306 ἀλλ’
2562 3252 2778 3322 ἕτοιμος
2808 3253 2973 3322 ἄρτος
3010 3250 3253 3323 ἄσπορός
3274 3267 3335 3304 τε
3366 3251 3461 3304 καὶ
3482 3252 3688 3323 ἀνήρο-

411 3345 627 3408 licatur,
666 3360 774 3397 non
807 3344 1132 3412 incorporea
1158 3341 1409 3412 quaedam
1443 3357 1532 3397 res
1562 3351 1667 3396 est.
1705 3340 1825 3408 Quo
1850 3342 1939 3396 eni

2151 3365 2215 3411 ›ς,
2246 3344 2452 3401 ἄνωθεν
2484 3345 2582 3416 μὲν
2612 3343 2816 3399 κατιὼν
2837 3384 2851 3407 ,
2894 3344 2986 3397 ἐπὶ
3028 3344 3087 3397 δὲ
3127 3344 3232 3414 γῆς
3262 3343 3682 3415 εὑρισκόμενος.

411 3446 569 3507 pacto
603 3452 692 3491 res
734 3437 1059 3506 incorporea
1101 3434 1317 3505 corpori
1367 3433 1525 3489 cibus
1568 3433 1703 3488 ﬁet?
1747 3449 1836 3489 res
1869 3450 1942 3489 νει

2155 3442 2253 3503 δεῖς
2282 3439 2340 3493 δὲ
2373 3438 2595 3502 πάντως
2640 3436 2740 3508 τὴν
2773 3435 2947 3508 ἀληθῆ
2976 3434 3181 3508 ταύτην
3227 3434 3431 3507 βρῶσιν
3466 3435 3561 3490 διά
3588 3433 3686 3489 τοῦ

410 3540 533 3595 qua:
558 3524 885 3594 incorporea
922 3536 1030 3576 non
1063 3529 1169 3583 est,
1195 3536 1398 3592 corpus
1438 3522 1663 3576 omnino
1684 3530 1789 3577 est.
1820 3521 1941 3592 Hujt

2157 3529 2237 3584 ιτά
2277 3530 2375 3601 τὴν
2419 3529 2659 3600 ἱστορίαν
2689 3529 3032 3597 αἰνίγματος,
3067 3528 3149 3581 ὅτι
3188 3530 3217 3582 6
3253 3527 3417 3599 ἄρτος
3445 3529 3475 3580 6
3499 3529 3568 3581 ὲκ
3591 3527 3688 3581 τοῦ

410 3616 661 3686 corporis
689 3629 884 3686 panem
927 3629 1035 3668 non
1064 3615 1261 3678 aratio,
1305 3629 1413 3668 non
1447 3615 1609 3676 satio,
1642 3630 1750 3669 non
1778 3616 1941 3687 agricc

2167 3621 2328 3692 ροινοῦ
2364 3621 2631 3685 καταὸἀς,
2653 3621 2752 3673 ούκ
2782 3618 3075 3690 ἀσώματόν
3099 3635 3151 3672 τι
3176 3619 3366 3690 χρῆμά
3388 3620 3523 3673 ἐστι.
3558 3620 3690 3684 Πῶς

410 3709 586 3763 larum
615 3722 755 3778 opus
798 3706 984 3769 eﬂicit,
1039 3705 1134 3760 sed
1167 3714 1314 3760 terra
1345 3707 1551 3760 intacta
1580 3708 1902 3776 permansit,
1937 3733 1941 3755 ε

2159 3730 2205 3785 ιρ
2240 3713 2307 3767 ἂν
2359 3712 2572 3783 σώματι
2603 3712 2776 3784 τροφὴ
2812 3710 3022 3779 γένοιτο
3061 3710 3124 3764 τὸ
3154 3709 3481 3782 ἀσώματον;
3509 3712 3589 3766 T6
3626 3712 3690 3767 δὲ

412 3808 591 3853 tamen
619 3814 760 3868 pane
795 3798 953 3868 plena
984 3795 1109 3861 fuit,
1147 3812 1256 3867 quo
1286 3795 1648 3852 famescentes
1672 3799 1943 3868 mysteriul

2163 3802 2491 3875 πάσώματον
2512 3843 2526 3867 ,
2561 3802 2722 3873 σῶμα
2767 3802 2986 3865 πάντως
3023 3802 3163 3856 ἐστί.
3195 3803 3270 3857 Τὸ
3292 3802 3350 3856 δὲ
3381 3803 3541 3874 σῶμα
3570 3804 3694 3859 τούς

413 3887 653 3960 Virginis
671 3889 917 3959 perdocti
943 3888 1099 3946 facile
1161 3897 1503 3943 saturantur.
1540 3886 1589 3944 ls
1624 3888 1791 3960 igitur
1826 3891 1944 3945 mir:

2158 3914 2191 3949 ›υ
2213 3896 2306 3950 τοῦ
2333 3895 2500 3967 ἄρτου
2530 3893 2653 3950 οὔτε
2688 3895 2882 3966 ἄροσις
2927 3893 3052 3948 οὔτε
3081 3895 3260 3967 σπορὰ
3290 3895 3646 3968 ἐγεώργησεν
3671 3913 3689 3926 ·

411 3979 537 4034 bilis
566 3980 686 4035 sine
705 3981 1043 4051 agricultura
1074 3981 1230 4052 panis
1252 3989 1305 4036 et
1328 3981 1553 4036 verbum
1579 3988 1692 4036 est:
1728 3982 1935 4037 varieta

2162 3972 2221 4038 ,λ”
2263 3988 2297 4054 ἡ
2328 3986 2399 4057 γῆ
2425 3987 2513 4039 οἷα
2545 3986 2664 4039 ἐστὶ
2700 3984 2951 4056 μείνασα,
2987 3985 3203 4057 πλήρης
3240 3985 3555 4057 εὑρίσκεται
3583 3986 3693 4059 τῆς

411 4068 692 4138 qualitatis
726 4070 792 4124 ad
839 4071 1257 4142 suscipientium
1292 4071 1695 4135 habitudinem,
1733 4076 1942 4128 virtute}

2167 4076 2249 4139 ίας
2282 4075 2485 4146 ταύτης
2512 4075 2738 4146 τροφῆς,
2778 4067 2847 4145 ἦς
2883 4075 2932 4127 οί
2958 4074 3251 4138 πεινῶντες
3281 4074 3591 4147 μετέχουσι,
3620 4076 3692 4130 τὺ

409 4174 566 4215 suam
600 4169 924 4218 commutat.

2160 4167 2244 4221 ιτά
2272 4166 2370 4239 τὴν
2390 4166 2668 4239 Παρθένον
2697 4166 2998 4237 μυστήριον
3017 4166 3105 4220 διὰ
3127 4168 3225 4238 τῆς
3249 4166 3691 4238 θαυματοποιῒας

408 4251 614 4325 ταύτης
640 4254 1147 4327 προπαιδευόμενοι.
1173 4245 1341 4318 Οὗτος
1356 4253 1534 4306 τοίνυν
1558 4256 1586 4307 6
1613 4253 1968 4327 ἀγεώργητος
1988 4257 2148 4329 ἄρτος
2168 4260 2263 4314 καὶ
2289 4261 2461 4329 Λόγος
2480 4260 2617 4325 ἐστὶ,
2632 4257 2712 4329 τῷ
2730 4257 3004 4311 πολυειδεῖ
3016 4259 3115 4330 τῆς
3131 4259 3416 4330 ποιότητος
3427 4257 3568 4314 κατά
3581 4258 3691 4323 τάς

406 4347 517 4402 τῶν
554 4346 840 4403 ἐσθιόντων
884 4343 1323 4420 ἐπιτηδειότητας
1366 4343 1804 4412 συνεξαλλάσσων
1839 4350 1940 4419 τὴν
1978 4350 2226 4424 δύναμιν.

484 4441 647 4494 Novit
681 4439 828 4495 enim
867 4453 975 4494 non
1010 4438 1186 4495 solum
1223 4441 1382 4510 panis
1420 4455 1562 4505 esse,
1603 4456 1786 4495 terum
1816 4448 1872 4496 et
1904 4441 1989 4496 lac

2171 4442 2292 4501 Οἵδε
2342 4447 2449 4518 γὰρ
2488 4447 2550 4500 οὐ
2603 4446 2763 4517 μόνον
2816 4446 2981 4517 ἄρτος
3022 4441 3184 4512 εἶναι,
3230 4446 3367 4501 ἀλλά
3410 4448 3506 4501 καὶ
3537 4447 3692 4517 γάλα

410 4531 527 4587 ﬂeri
574 4520 793 4597 etcai‘o,
830 4540 885 4586 et
918 4532 1064 4589 olus.
1101 4531 1367 4602 quidquid
1412 4533 1645 4601 denique
1684 4548 1941 4589 assumen

2160 4538 2365 4601 νεσθαι,
2425 4539 2520 4592 καὶ
2581 4538 2771 4609 κρέας,
2798 4537 2895 4591 xui.
2933 4536 3188 4608 λάχανον,
3226 4540 3321 4591 καὶ
3344 4539 3537 4610 ὅτιπερ
3556 4538 3627 4593 ἂν

409 4624 745 4681 conveniens
775 4631 829 4680 et
853 4624 1151 4692 expetitum
1182 4625 1273 4688 sit,
1301 4632 1360 4677 ut
1393 4622 1695 4694 Apostolus
1726 4625 1862 4684 vult.
1896 4641 1940 4694 ψ

2156 4626 2202 4678 ἓν
2225 4601 2686 4697 προσφερομένων
2733 4601 3067 4698 κατάλληλόν
3095 4644 3157 4680 τε
3182 4627 3276 4681 καὶ
3307 4601 3687 4699 καταθύμιονῗ

409 4718 554 4773 hanc
582 4718 743 4773 nobis
772 4731 1020 4772 mensam
1049 4716 1400 4785 praeparavit.
1441 4716 1493 4769 in
1526 4715 1575 4769 id
1599 4724 1935 4770 commutatu

2161 4718 2433 4776 ῖδιδάσκει
2483 4719 2513 4770 6
2549 4719 2648 4789 τὴν
2688 4717 2951 4789 τοιαύτην
2999 4720 3115 4782 τοῖς
3145 4718 3311 4773 αὑτοῦ
3353 4718 3692 4790 παρατιθεὶς

411 4812 505 4868 Sic
534 4809 925 4867 enimdivinus
974 4809 1063 4863 ille
1088 4810 1169 4860 vir
1195 4806 1616 4877 perfectiorihus
1643 4809 1942 4863 solidiore"

2162 4810 2226 4862 ιῖν
2279 4806 2578 4879 τράπεζαν,
2616 4808 2828 4874 Παῦλος
2866 4811 2895 4862 ό
2946 4809 3088 4874 θεῖος
3137 4809 3451 4874 ἀπόστολος,
3500 4811 3532 4863 6
3567 4813 3693 4878 τοίς

408 4911 464 4958 et
522 4902 577 4957 in
624 4901 810 4956 carnis
856 4900 1095 4970 speciem
1132 4902 1358 4953 verbum
1401 4899 1583 4952 cibum
1634 4901 1750 4954 ﬁeri
1808 4901 1939 4955 doce

2162 4899 2445 4971 λειοτέροις
2477 4901 2838 4971 στερροτέραν
2866 4918 2925 4954 τε
2971 4902 3067 4955 καὶ
3100 4900 3311 4973 κρεώδη
3344 4900 3549 4972 βρῶσιν
3589 4902 3693 4959 τὸν

410 4988 815 5050 inﬁrmioribus
874 4991 1040 5053 olus,
1098 4990 1402 5045 infantibus
1468 4990 1572 5046 lac.
1637 4990 1941 5063 Quaecunqt

2163 5005 2247 5057 γον
2302 4988 2492 5051 ποιῶν,
2545 4991 2640 5043 καὶ
2687 4990 2921 5060 λάχανον
2951 4995 3066 5057 τοῖς
3120 4992 3553 5065 ἀσθενεστέροις,
3588 4998 3694 5050 καὶ

410 5092 592 5140 autem
645 5086 712 5138 de
741 5083 868 5139 cibo
928 5083 1023 5137 illo
1086 5091 1272 5136 narrat
1337 5081 1605 5147 historia,
1672 5092 1941 5154 praecepta

2163 5082 2240 5135 ιλα
2294 5083 2407 5144 τοῖς
2451 5080 2798 5153 νηπιάζουσι.
2841 5083 2920 5135 Τὰ
2966 5083 3010 5136 δ’
3049 5084 3147 5137 ὃσα
3177 5085 3304 5156 περὶ
3333 5086 3433 5158 τὴν
3474 5089 3694 5159 τροφὴν

412 5182 731 5243 statutaque
800 5180 932 5228 sunt
1007 5171 1071 5226 ad
1139 5172 1276 5227 bene
1335 5180 1592 5242 recteque
1651 5173 1943 5228 vivendum

2165 5172 2311 5242 είνην
2353 5173 2387 5239 ἡ
2447 5171 2656 5242 ἱστορία
2701 5172 2922 5239 διέξεισι
2954 5172 3229 5245 θαύματα,
3270 5176 3519 5247 δόγματα
3544 5179 3693 5250 πρὸς

409 5265 695 5336 aequaliter
745 5265 890 5320 enim
928 5265 1185 5319 omnibus
1217 5266 1558 5334 propositum
1603 5264 1775 5321 fuisse
1810 5267 1934 5322 cibu

2163 5281 2189 5314 ν
2213 5261 2332 5316 κατ’
2361 5262 2561 5335 ἀρετὴν
2590 5262 2704 5333 βίον
2738 5265 2873 5317 ἐστί.
2897 5265 3035 5336 Φησὶ
3068 5265 3198 5336 γὰρ,
3225 5267 3346 5337 ίσην
3381 5271 3516 5324 πᾶσι
3542 5288 3694 5343 προ-

412 5365 733 5431 asseverat;
771 5372 871 5412 nec
913 5358 1036 5428 plus
1066 5365 1161 5410 aut
1213 5357 1418 5422 minus,
1478 5373 1642 5426 quam
1699 5358 1937 5428 indigent

2166 5355 2310 5409 ἰσθαι
2356 5355 2455 5427 τὴν
2487 5355 2588 5424 τῆς
2618 5355 2824 5426 τροφῆς
2859 5357 3173 5427 μετουσίαν,
3205 5359 3359 5413 οὐδὲν
3393 5361 3538 5414 κατά
3566 5362 3697 5417 δια-

409 5450 681 5520 exigebat,
716 5465 746 5503 a
777 5449 1137 5505 validioribus
1192 5460 1286 5503 aut
1325 5448 1783 5504 imbecillioribus
1837 5450 1940 5505 coll

2166 5446 2271 5519 931v
2299 5448 2400 5517 τῆς
2419 5445 2529 5498 τῶν
2562 5445 2928 5516 συλλεγόντων
2957 5447 3263 5520 δυνάμεως,
3297 5450 3421 5506 οὔτε
3456 5452 3697 5510 πλεονά-

410 5540 660 5610 gebatur.
696 5539 850 5605 Quod
888 5554 1008 5594 meo
1033 5539 1244 5617 judicio
1272 5539 1570 5610 praeceptio
1600 5537 1846 5608 quaedam
1882 5554 1941 5595 cs

2163 5555 2304 5591 ιυσαν
2329 5536 2472 5591 κατὰ
2494 5537 2701 5609 χρείαν,
2730 5536 2853 5591 οὔτε
2875 5538 3248 5596 ἐλλείπουσαν.
3265 5541 3437 5597 Τοῦτο
3459 5544 3516 5598 δέ
3544 5546 3694 5609 ἐστι,

323 5695 332 5708 ⁸
410 5643 607 5684 omnes
661 5629 1031 5683 communiter
1087 5630 1406 5694 instruens,
1484 5642 1555 5684 ne
1607 5628 1765 5699 plura
1821 5644 1854 5699 q

2167 5631 2239 5686 τά
2269 5647 2335 5700 γε
2353 5629 2444 5684 τὸν
2462 5629 2595 5701 ἐμὸν
2617 5628 2794 5700 λόγον,
2823 5631 3104 5706 συμϐουλή
3141 5652 3226 5699 τις
3244 5634 3323 5709 τῷ
3354 5636 3520 5708 κοινῷ
3552 5655 3698 5710 προ-

481 5805 525 5835 "
567 5800 587 5855 Ι
626 5801 754 5858 Cor.
789 5820 844 5869 ι,
879 5804 931 5859 4.
1011 5805 1054 5837 θ’
1080 5803 1235 5862 Joan.
1264 5821 1377 5872 xw,
1409 5802 1501 5858 23.
