  <div class='ocr_page' id='page_1' title='image "/cluster/home/n/w/nwhite01/storage/ocr_20150623/44/nnc1.0037127462/200.png"; bbox 0 0 3844 6222; ppageno 0'>
   <div class='ocr_carea' id='block_1_1' title="bbox 169 280 268 338">
    <p class='ocr_par' dir='ltr' id='par_1_1' title="bbox 169 280 268 338">
     <span class='ocr_line' id='line_1_1' title="bbox 169 280 268 338; baseline 0 0"><span class='ocrx_word' id='word_1_1' title='bbox 169 280 268 338; x_wconf 76' lang='lat'><strong>889</strong></span> 
     </span>
    </p>
   </div>
   <div class='ocr_carea' id='block_1_2' title="bbox 1485 282 2074 341">
    <p class='ocr_par' dir='ltr' id='par_1_2' title="bbox 1485 282 2074 341">
     <span class='ocr_line' id='line_1_2' title="bbox 1485 282 2074 341; baseline 0.01 -6"><span class='ocrx_word' id='word_1_2' title='bbox 1485 282 1574 336; x_wconf 84' lang='lat' dir='ltr'><strong>DE</strong></span> <span class='ocrx_word' id='word_1_3' title='bbox 1602 282 1765 338; x_wconf 67' lang='lat' dir='ltr'><strong>V’ITA</strong></span> <span class='ocrx_word' id='word_1_4' title='bbox 1799 283 2074 341; x_wconf 80' lang='lat' dir='ltr'><strong>MOYSlS.</strong></span> 
     </span>
    </p>
   </div>
   <div class='ocr_carea' id='block_1_3' title="bbox 3319 291 3425 349">
    <p class='ocr_par' dir='ltr' id='par_1_3' title="bbox 3319 291 3425 349">
     <span class='ocr_line' id='line_1_3' title="bbox 3319 291 3425 349; baseline -0.028 0"><span class='ocrx_word' id='word_1_5' title='bbox 3319 291 3425 349; x_wconf 63' lang='lat'><strong>570</strong></span> 
     </span>
    </p>
   </div>
   <div class='ocr_carea' id='block_1_4' title="bbox 174 393 1744 465">
    <p class='ocr_par' dir='ltr' id='par_1_4' title="bbox 174 393 1736 465">
     <span class='ocr_line' id='line_1_4' title="bbox 174 393 1736 465; baseline 0.001 -18"><span class='ocrx_word' id='word_1_6' title='bbox 174 393 413 464; x_wconf 72' lang='grc' dir='ltr'>κειμένη,</span> <span class='ocrx_word' id='word_1_7' title='bbox 474 396 546 464; x_wconf 82' lang='grc' dir='ltr'>μὴ</span> <span class='ocrx_word' id='word_1_8' title='bbox 593 393 847 462; x_wconf 77' lang='grc' dir='ltr'><strong>παριέναι</strong></span> <span class='ocrx_word' id='word_1_9' title='bbox 876 394 1000 456; x_wconf 80' lang='grc' dir='ltr'>τοὺς</span> <span class='ocrx_word' id='word_1_10' title='bbox 1030 394 1184 465; x_wconf 85' lang='grc' dir='ltr'>ὄρους</span> <span class='ocrx_word' id='word_1_11' title='bbox 1228 395 1326 463; x_wconf 77' lang='grc' dir='ltr'>τῆς</span> <span class='ocrx_word' id='word_1_12' title='bbox 1375 395 1584 465; x_wconf 84' lang='grc' dir='ltr'><strong>χρείας,</strong></span> <span class='ocrx_word' id='word_1_13' title='bbox 1612 399 1736 459; x_wconf 75' lang='grc' dir='ltr'>τοὺς</span> 
     </span>
    </p>
   </div>
   <div class='ocr_carea' id='block_1_5' title="bbox 1846 393 3422 465">
    <p class='ocr_par' dir='ltr' id='par_1_5' title="bbox 1846 398 3422 464">
     <span class='ocr_line' id='line_1_5' title="bbox 1846 398 3422 464; baseline 0.008 -12"><span class='ocrx_word' id='word_1_14' title='bbox 1846 409 2050 453; x_wconf 80' lang='lat' dir='ltr'><strong>naturae</strong></span> <span class='ocrx_word' id='word_1_15' title='bbox 2078 398 2371 462; x_wconf 83' lang='lat' dir='ltr'><strong>suﬂiciant,</strong></span> <span class='ocrx_word' id='word_1_16' title='bbox 2405 414 2571 454; x_wconf 86' lang='lat' dir='ltr'><strong>causa</strong></span> <span class='ocrx_word' id='word_1_17' title='bbox 2599 400 2817 454; x_wconf 89' lang='lat' dir='ltr'><strong>vivendi</strong></span> <span class='ocrx_word' id='word_1_18' title='bbox 2841 416 2905 455; x_wconf 83' lang='lat' dir='ltr'><strong>ex</strong></span> <span class='ocrx_word' id='word_1_19' title='bbox 2927 401 3014 457; x_wconf 90' lang='lat' dir='ltr'><strong>his</strong></span> <span class='ocrx_word' id='word_1_20' title='bbox 3045 403 3422 464; x_wconf 82' lang='lat' dir='ltr'><strong>materialibus</strong></span> 
     </span>
    </p>
   </div>
   <div class='ocr_carea' id='block_1_6' title="bbox 169 480 1746 556">
    <p class='ocr_par' dir='ltr' id='par_1_6' title="bbox 169 480 1746 556">
     <span class='ocr_line' id='line_1_6' title="bbox 169 480 1746 556; baseline 0.002 -22"><span class='ocrx_word' id='word_1_21' title='bbox 169 483 263 545; x_wconf 74' lang='grc' dir='ltr'>τὰς</span> <span class='ocrx_word' id='word_1_22' title='bbox 294 480 551 551; x_wconf 74' lang='grc' dir='ltr'>ἀφορμάς</span> <span class='ocrx_word' id='word_1_23' title='bbox 581 481 675 534; x_wconf 81' lang='grc' dir='ltr'>τοῦ</span> <span class='ocrx_word' id='word_1_24' title='bbox 707 481 804 552; x_wconf 81' lang='grc' dir='ltr'><strong>ζῇν</strong></span> <span class='ocrx_word' id='word_1_25' title='bbox 830 482 894 533; x_wconf 86' lang='grc' dir='ltr'>ὲκ</span> <span class='ocrx_word' id='word_1_26' title='bbox 920 481 1028 535; x_wconf 85' lang='grc' dir='ltr'><strong>τῶν</strong></span> <span class='ocrx_word' id='word_1_27' title='bbox 1061 481 1262 535; x_wconf 86' lang='grc' dir='ltr'>ὐλικῶν</span> <span class='ocrx_word' id='word_1_28' title='bbox 1292 483 1498 538; x_wconf 89' lang='grc' dir='ltr'>τούτων</span> <span class='ocrx_word' id='word_1_29' title='bbox 1525 485 1746 556; x_wconf 75' lang='grc' dir='ltr'>ποριζο-</span> 
     </span>
    </p>
   </div>
   <div class='ocr_carea' id='block_1_7' title="bbox 173 567 1744 646">
    <p class='ocr_par' dir='ltr' id='par_1_7' title="bbox 173 567 1744 646">
     <span class='ocr_line' id='line_1_7' title="bbox 173 567 1744 646; baseline 0.003 -22"><span class='ocrx_word' id='word_1_30' title='bbox 173 575 381 642; x_wconf 79' lang='grc' dir='ltr'><strong>μένους,</strong></span> <span class='ocrx_word' id='word_1_31' title='bbox 423 572 535 625; x_wconf 85' lang='grc' dir='ltr'>ἀλλ’</span> <span class='ocrx_word' id='word_1_32' title='bbox 571 567 628 624; x_wconf 84' lang='grc' dir='ltr'><strong>εὗ</strong></span> <span class='ocrx_word' id='word_1_33' title='bbox 674 572 890 637; x_wconf 88' lang='grc' dir='ltr'>είδέναι,</span> <span class='ocrx_word' id='word_1_34' title='bbox 924 574 1006 625; x_wconf 84' lang='grc' dir='ltr'>ὅτι</span> <span class='ocrx_word' id='word_1_35' title='bbox 1051 571 1109 625; x_wconf 83' lang='grc' dir='ltr'>ἓν</span> <span class='ocrx_word' id='word_1_36' title='bbox 1143 573 1340 644; x_wconf 83' lang='grc' dir='ltr'><strong>μέτρον</strong></span> <span class='ocrx_word' id='word_1_37' title='bbox 1367 578 1433 645; x_wconf 83' lang='grc' dir='ltr'>τῇ</span> <span class='ocrx_word' id='word_1_38' title='bbox 1460 575 1620 645; x_wconf 85' lang='grc' dir='ltr'>φύσει</span> <span class='ocrx_word' id='word_1_39' title='bbox 1644 576 1744 646; x_wconf 79' lang='grc' dir='ltr'>τῆς</span> 
     </span>
    </p>
   </div>
   <div class='ocr_carea' id='block_1_8' title="bbox 171 663 1742 736">
    <p class='ocr_par' dir='ltr' id='par_1_8' title="bbox 171 663 1742 736">
     <span class='ocr_line' id='line_1_8' title="bbox 171 663 1742 736; baseline 0.003 -20"><span class='ocrx_word' id='word_1_40' title='bbox 171 663 368 734; x_wconf 81' lang='grc' dir='ltr'><strong>ἐδωδῆς</strong></span> <span class='ocrx_word' id='word_1_41' title='bbox 398 665 490 716; x_wconf 71' lang='grc' dir='ltr'><strong>ἐπὶ</strong></span> <span class='ocrx_word' id='word_1_42' title='bbox 524 665 740 718; x_wconf 88' lang='grc' dir='ltr'>πάντων</span> <span class='ocrx_word' id='word_1_43' title='bbox 766 665 911 717; x_wconf 72' lang='grc' dir='ltr'>ἐστὶν</span> <span class='ocrx_word' id='word_1_44' title='bbox 933 665 967 734; x_wconf 77' lang='grc' dir='ltr'><strong>ἡ</strong></span> <span class='ocrx_word' id='word_1_45' title='bbox 998 665 1135 736; x_wconf 81' lang='grc' dir='ltr'>πρὸς</span> <span class='ocrx_word' id='word_1_46' title='bbox 1166 665 1378 736; x_wconf 81' lang='grc' dir='ltr'><strong>ἡμέραν</strong></span> <span class='ocrx_word' id='word_1_47' title='bbox 1407 667 1709 730; x_wconf 87' lang='grc' dir='ltr'>ἀπόλαυσις</span> <span class='ocrx_word' id='word_1_48' title='bbox 1728 685 1742 697; x_wconf 74' lang='grc' dir='ltr'><strong>ο</strong></span> 
     </span>
    </p>
   </div>
   <div class='ocr_carea' id='block_1_9' title="bbox 169 752 1741 832">
    <p class='ocr_par' dir='ltr' id='par_1_9' title="bbox 169 752 1741 832">
     <span class='ocr_line' id='line_1_9' title="bbox 169 752 1741 832; baseline 0.004 -25"><span class='ocrx_word' id='word_1_49' title='bbox 169 752 282 830; x_wconf 68' lang='grc' dir='ltr'><strong>ἑ.νῇ</strong></span> <span class='ocrx_word' id='word_1_50' title='bbox 312 757 418 809; x_wconf 71' lang='grc' dir='ltr'>κᾶν</span> <span class='ocrx_word' id='word_1_51' title='bbox 471 756 844 810; x_wconf 84' lang='grc' dir='ltr'><strong>πολλαπλάσια</strong></span> <span class='ocrx_word' id='word_1_52' title='bbox 881 758 1310 829; x_wconf 78' lang='grc' dir='ltr'>παρασκευασθῇ</span> <span class='ocrx_word' id='word_1_53' title='bbox 1341 759 1440 828; x_wconf 82' lang='grc' dir='ltr'>τῆς</span> <span class='ocrx_word' id='word_1_54' title='bbox 1473 761 1685 832; x_wconf 83' lang='grc' dir='ltr'><strong>χρείας,</strong></span> <span class='ocrx_word' id='word_1_55' title='bbox 1708 765 1741 832; x_wconf 84' lang='grc' dir='ltr'>ἡ</span> 
     </span>
    </p>
   </div>
   <div class='ocr_carea' id='block_1_10' title="bbox 171 849 1745 922">
    <p class='ocr_par' dir='ltr' id='par_1_10' title="bbox 171 849 1745 922">
     <span class='ocr_line' id='line_1_10' title="bbox 171 849 1745 922; baseline 0.003 -20"><span class='ocrx_word' id='word_1_56' title='bbox 171 850 380 921; x_wconf 83' lang='grc' dir='ltr'>γαστὴρ</span> <span class='ocrx_word' id='word_1_57' title='bbox 404 851 475 904; x_wconf 85' lang='grc' dir='ltr'><strong>τά</strong></span> <span class='ocrx_word' id='word_1_58' title='bbox 507 851 609 904; x_wconf 82' lang='grc' dir='ltr'>ἴδια</span> <span class='ocrx_word' id='word_1_59' title='bbox 642 851 816 920; x_wconf 81' lang='grc' dir='ltr'><strong>μέτρα</strong></span> <span class='ocrx_word' id='word_1_60' title='bbox 861 849 1112 919; x_wconf 84' lang='grc' dir='ltr'>διαϐῆναι</span> <span class='ocrx_word' id='word_1_61' title='bbox 1139 849 1301 919; x_wconf 78' lang='grc' dir='ltr'>φύσιν</span> <span class='ocrx_word' id='word_1_62' title='bbox 1323 853 1426 905; x_wconf 82' lang='grc' dir='ltr'>οὐκ</span> <span class='ocrx_word' id='word_1_63' title='bbox 1459 851 1594 922; x_wconf 81' lang='grc' dir='ltr'>έχει.</span> <span class='ocrx_word' id='word_1_64' title='bbox 1623 853 1745 906; x_wconf 83' lang='grc' dir='ltr'>οὐδὲ</span> 
     </span>
    </p>
   </div>
   <div class='ocr_carea' id='block_1_11' title="bbox 172 941 1743 1013">
    <p class='ocr_par' dir='ltr' id='par_1_11' title="bbox 172 941 1743 1013">
     <span class='ocr_line' id='line_1_11' title="bbox 172 941 1743 1013; baseline 0.001 -19"><span class='ocrx_word' id='word_1_65' title='bbox 172 944 232 1012; x_wconf 76' lang='grc' dir='ltr'>τῇ</span> <span class='ocrx_word' id='word_1_66' title='bbox 262 942 540 1013; x_wconf 77' lang='grc' dir='ltr'><strong>ἀπληστίᾳ</strong></span> <span class='ocrx_word' id='word_1_67' title='bbox 587 943 686 1011; x_wconf 81' lang='grc' dir='ltr'>τῆς</span> <span class='ocrx_word' id='word_1_68' title='bbox 714 941 1067 1012; x_wconf 79' lang='grc' dir='ltr'>παρασκευῆς</span> <span class='ocrx_word' id='word_1_69' title='bbox 1094 943 1517 998; x_wconf 85' lang='grc' dir='ltr'>συνεκτείνεται.</span> <span class='ocrx_word' id='word_1_70' title='bbox 1561 944 1743 1010; x_wconf 74' lang='grc' dir='ltr'>Ἀλλά,</span> 
     </span>
    </p>
   </div>
   <div class='ocr_carea' id='block_1_12' title="bbox 174 1032 1742 1106">
    <p class='ocr_par' dir='ltr' id='par_1_12' title="bbox 174 1032 1742 1106">
     <span class='ocr_line' id='line_1_12' title="bbox 174 1032 1742 1106; baseline 0 -18"><span class='ocrx_word' id='word_1_71' title='bbox 174 1033 348 1098; x_wconf 87' lang='grc' dir='ltr'>καθώς</span> <span class='ocrx_word' id='word_1_72' title='bbox 415 1051 581 1106; x_wconf 79' lang='grc' dir='ltr'>φησιν</span> <span class='ocrx_word' id='word_1_73' title='bbox 610 1038 642 1104; x_wconf 79' lang='grc' dir='ltr'>ἡ</span> <span class='ocrx_word' id='word_1_74' title='bbox 687 1033 932 1104; x_wconf 77' lang='grc' dir='ltr'>ἱστορία.</span> <span class='ocrx_word' id='word_1_75' title='bbox 979 1032 1104 1086; x_wconf 78' lang='grc' dir='ltr'>οὔτε</span> <span class='ocrx_word' id='word_1_76' title='bbox 1169 1035 1197 1086; x_wconf 93' lang='lat'><strong>6</strong></span> <span class='ocrx_word' id='word_1_77' title='bbox 1249 1035 1312 1086; x_wconf 87' lang='grc' dir='ltr'>τὸ</span> <span class='ocrx_word' id='word_1_78' title='bbox 1365 1035 1501 1087; x_wconf 78' lang='grc' dir='ltr'>πολὺ</span> <span class='ocrx_word' id='word_1_79' title='bbox 1541 1035 1742 1102; x_wconf 87' lang='grc' dir='ltr'>λαϐὼν,</span> 
     </span>
    </p>
   </div>
   <div class='ocr_carea' id='block_1_13' title="bbox 173 1123 1740 1197">
    <p class='ocr_par' dir='ltr' id='par_1_13' title="bbox 173 1123 1740 1197">
     <span class='ocr_line' id='line_1_13' title="bbox 173 1123 1740 1197; baseline 0 -18"><span class='ocrx_word' id='word_1_80' title='bbox 173 1126 462 1179; x_wconf 73' lang='grc' dir='ltr'>ἐπλεόνασε</span> <span class='ocrx_word' id='word_1_81' title='bbox 485 1143 498 1156; x_wconf 91' lang='grc'>·</span> <span class='ocrx_word' id='word_1_82' title='bbox 536 1124 637 1178; x_wconf 79' lang='grc' dir='ltr'><strong>ποῦ</strong></span> <span class='ocrx_word' id='word_1_83' title='bbox 668 1124 778 1195; x_wconf 84' lang='grc' dir='ltr'><strong>γὰρ</strong></span> <span class='ocrx_word' id='word_1_84' title='bbox 823 1123 1091 1196; x_wconf 85' lang='grc' dir='ltr'>ἀπόθηται</span> <span class='ocrx_word' id='word_1_85' title='bbox 1121 1125 1182 1178; x_wconf 83' lang='grc' dir='ltr'>τὸ</span> <span class='ocrx_word' id='word_1_86' title='bbox 1228 1125 1410 1192; x_wconf 82' lang='grc' dir='ltr'>πλέον,</span> <span class='ocrx_word' id='word_1_87' title='bbox 1452 1127 1552 1180; x_wconf 87' lang='grc' dir='ltr'>οὐκ</span> <span class='ocrx_word' id='word_1_88' title='bbox 1599 1126 1740 1197; x_wconf 77' lang='grc' dir='ltr'>ἔχει·</span> 
     </span>
    </p>
   </div>
   <div class='ocr_carea' id='block_1_14' title="bbox 171 1215 1744 1290">
    <p class='ocr_par' dir='ltr' id='par_1_14' title="bbox 171 1215 1744 1290">
     <span class='ocr_line' id='line_1_14' title="bbox 171 1215 1744 1290; baseline 0 -19"><span class='ocrx_word' id='word_1_89' title='bbox 171 1215 289 1271; x_wconf 75' lang='grc' dir='ltr'>οὔτε</span> <span class='ocrx_word' id='word_1_90' title='bbox 311 1220 341 1270; x_wconf 93' lang='lat'><strong>6</strong></span> <span class='ocrx_word' id='word_1_91' title='bbox 378 1217 442 1270; x_wconf 82' lang='grc' dir='ltr'>τὸ</span> <span class='ocrx_word' id='word_1_92' title='bbox 465 1216 660 1286; x_wconf 77' lang='grc' dir='ltr'>ὀλίγον,</span> <span class='ocrx_word' id='word_1_93' title='bbox 697 1217 1028 1289; x_wconf 77' lang='grc' dir='ltr'>ὴλαττόνησε</span> <span class='ocrx_word' id='word_1_94' title='bbox 1052 1233 1066 1248; x_wconf 88' lang='grc'><strong>·</strong></span> <span class='ocrx_word' id='word_1_95' title='bbox 1098 1217 1234 1290; x_wconf 79' lang='grc' dir='ltr'>πρὸς</span> <span class='ocrx_word' id='word_1_96' title='bbox 1283 1220 1390 1288; x_wconf 76' lang='grc' dir='ltr'>γὰρ</span> <span class='ocrx_word' id='word_1_97' title='bbox 1424 1217 1486 1272; x_wconf 86' lang='grc' dir='ltr'>τὸ</span> <span class='ocrx_word' id='word_1_98' title='bbox 1525 1218 1744 1290; x_wconf 86' lang='grc' dir='ltr'>εὑρεθὲν</span> 
     </span>
    </p>
   </div>
   <div class='ocr_carea' id='block_1_15' title="bbox 174 1312 1747 1385">
    <p class='ocr_par' dir='ltr' id='par_1_15' title="bbox 174 1312 1747 1385">
     <span class='ocr_line' id='line_1_15' title="bbox 174 1312 1747 1385; baseline 0.001 -20"><span class='ocrx_word' id='word_1_99' title='bbox 174 1314 497 1367; x_wconf 83' lang='grc' dir='ltr'>συσταλεῖσα</span> <span class='ocrx_word' id='word_1_100' title='bbox 541 1316 575 1384; x_wconf 84' lang='grc' dir='ltr'>ἡ</span> <span class='ocrx_word' id='word_1_101' title='bbox 623 1314 785 1384; x_wconf 80' lang='grc' dir='ltr'>χρεία</span> <span class='ocrx_word' id='word_1_102' title='bbox 835 1313 1236 1385; x_wconf 71' lang='grc' dir='ltr'>συνεμετρήθη.</span> <span class='ocrx_word' id='word_1_103' title='bbox 1302 1314 1376 1366; x_wconf 84' lang='grc' dir='ltr'><strong>Τὸ</strong></span> <span class='ocrx_word' id='word_1_104' title='bbox 1434 1313 1490 1367; x_wconf 84' lang='grc' dir='ltr'>δὲ</span> <span class='ocrx_word' id='word_1_105' title='bbox 1532 1317 1644 1377; x_wconf 89' lang='grc' dir='ltr'>τοῖς</span> <span class='ocrx_word' id='word_1_106' title='bbox 1683 1312 1747 1366; x_wconf 81' lang='grc' dir='ltr'>τὸ</span> 
     </span>
    </p>
   </div>
   <div class='ocr_carea' id='block_1_16' title="bbox 176 1405 1744 1476">
    <p class='ocr_par' dir='ltr' id='par_1_16' title="bbox 176 1405 1744 1476">
     <span class='ocr_line' id='line_1_16' title="bbox 176 1405 1744 1476; baseline 0.002 -20"><span class='ocrx_word' id='word_1_107' title='bbox 176 1405 420 1476; x_wconf 79' lang='grc' dir='ltr'>περιττὸν</span> <span class='ocrx_word' id='word_1_108' title='bbox 463 1406 846 1476; x_wconf 88' lang='grc' dir='ltr'>ταμιεύουσιν,</span> <span class='ocrx_word' id='word_1_109' title='bbox 881 1408 960 1470; x_wconf 82' lang='grc' dir='ltr'><strong>είς</strong></span> <span class='ocrx_word' id='word_1_110' title='bbox 995 1405 1293 1476; x_wconf 86' lang='grc' dir='ltr'><strong>σκωλήκων</strong></span> <span class='ocrx_word' id='word_1_111' title='bbox 1327 1406 1541 1474; x_wconf 86' lang='grc' dir='ltr'>γένεσιν</span> <span class='ocrx_word' id='word_1_112' title='bbox 1577 1423 1744 1476; x_wconf 90' lang='grc' dir='ltr'>μετα-</span> 
     </span>
    </p>
   </div>
   <div class='ocr_carea' id='block_1_17' title="bbox 174 1495 1745 1567">
    <p class='ocr_par' dir='ltr' id='par_1_17' title="bbox 174 1495 1745 1567">
     <span class='ocr_line' id='line_1_17' title="bbox 174 1495 1745 1567; baseline 0.002 -22"><span class='ocrx_word' id='word_1_113' title='bbox 174 1495 436 1548; x_wconf 75' lang='grc' dir='ltr'>ποιεῖσθαι</span> <span class='ocrx_word' id='word_1_114' title='bbox 462 1496 565 1565; x_wconf 80' lang='grc' dir='ltr'>τὴν</span> <span class='ocrx_word' id='word_1_115' title='bbox 597 1495 924 1566; x_wconf 80' lang='grc' dir='ltr'>ἀπληστίαν,</span> <span class='ocrx_word' id='word_1_116' title='bbox 954 1495 1050 1565; x_wconf 73' lang='grc' dir='ltr'>βοᾷ</span> <span class='ocrx_word' id='word_1_117' title='bbox 1065 1496 1266 1567; x_wconf 85' lang='grc' dir='ltr'>τρόπον</span> <span class='ocrx_word' id='word_1_118' title='bbox 1293 1495 1415 1549; x_wconf 85' lang='grc' dir='ltr'>τινὰ</span> <span class='ocrx_word' id='word_1_119' title='bbox 1445 1498 1558 1558; x_wconf 89' lang='grc' dir='ltr'>τοῖς</span> <span class='ocrx_word' id='word_1_120' title='bbox 1588 1495 1745 1549; x_wconf 83' lang='grc' dir='ltr'>πλεο-</span> 
     </span>
    </p>
   </div>
   <div class='ocr_carea' id='block_1_18' title="bbox 172 1581 1745 1656">
    <p class='ocr_par' dir='ltr' id='par_1_18' title="bbox 172 1581 1745 1656">
     <span class='ocr_line' id='line_1_18' title="bbox 172 1581 1745 1656; baseline 0.003 -23"><span class='ocrx_word' id='word_1_121' title='bbox 172 1582 384 1645; x_wconf 86' lang='grc' dir='ltr'>νέκταις</span> <span class='ocrx_word' id='word_1_122' title='bbox 443 1581 532 1636; x_wconf 86' lang='grc' dir='ltr'><strong>διά</strong></span> <span class='ocrx_word' id='word_1_123' title='bbox 586 1583 790 1636; x_wconf 88' lang='grc' dir='ltr'>τούτων</span> <span class='ocrx_word' id='word_1_124' title='bbox 834 1587 862 1638; x_wconf 91' lang='lat'><strong>6</strong></span> <span class='ocrx_word' id='word_1_125' title='bbox 920 1584 1097 1654; x_wconf 81' lang='grc' dir='ltr'>λόγος,</span> <span class='ocrx_word' id='word_1_126' title='bbox 1145 1586 1225 1638; x_wconf 85' lang='grc' dir='ltr'>ὃτι</span> <span class='ocrx_word' id='word_1_127' title='bbox 1259 1587 1364 1638; x_wconf 82' lang='grc' dir='ltr'><strong>πᾶν</strong></span> <span class='ocrx_word' id='word_1_128' title='bbox 1417 1584 1478 1637; x_wconf 82' lang='grc' dir='ltr'>τὸ</span> <span class='ocrx_word' id='word_1_129' title='bbox 1516 1583 1620 1649; x_wconf 77' lang='grc' dir='ltr'><strong>ἔξω</strong></span> <span class='ocrx_word' id='word_1_130' title='bbox 1647 1585 1745 1656; x_wconf 85' lang='grc' dir='ltr'>τῆς</span> 
     </span>
    </p>
   </div>
   <div class='ocr_carea' id='block_1_19' title="bbox 174 1672 1745 1748">
    <p class='ocr_par' dir='ltr' id='par_1_19' title="bbox 174 1672 1745 1748">
     <span class='ocr_line' id='line_1_19' title="bbox 174 1672 1745 1748; baseline 0.002 -22"><span class='ocrx_word' id='word_1_131' title='bbox 174 1672 385 1742; x_wconf 78' lang='grc' dir='ltr'>χρείας,</span> <span class='ocrx_word' id='word_1_132' title='bbox 445 1673 550 1727; x_wconf 78' lang='grc' dir='ltr'><strong>ὑπὸ</strong></span> <span class='ocrx_word' id='word_1_133' title='bbox 602 1676 702 1747; x_wconf 85' lang='grc' dir='ltr'>τῆς</span> <span class='ocrx_word' id='word_1_134' title='bbox 751 1675 1138 1745; x_wconf 86' lang='grc' dir='ltr'>πλεονεκτικῆς</span> <span class='ocrx_word' id='word_1_135' title='bbox 1193 1677 1396 1747; x_wconf 81' lang='grc' dir='ltr'><strong>ταύτης</strong></span> <span class='ocrx_word' id='word_1_136' title='bbox 1450 1677 1745 1748; x_wconf 76' lang='grc' dir='ltr'><strong>ἐπιθυμίας</strong></span> 
     </span>
    </p>
   </div>
   <div class='ocr_carea' id='block_1_20' title="bbox 1847 489 3421 557">
    <p class='ocr_par' dir='ltr' id='par_1_20' title="bbox 1847 489 3421 557">
     <span class='ocr_line' id='line_1_20' title="bbox 1847 489 3421 557; baseline 0.006 -16"><span class='ocrx_word' id='word_1_137' title='bbox 1847 497 2190 556; x_wconf 87' lang='lat' dir='ltr'><strong>appetamus,</strong></span> <span class='ocrx_word' id='word_1_138' title='bbox 2223 490 2319 543; x_wconf 89' lang='lat' dir='ltr'><strong>sed</strong></span> <span class='ocrx_word' id='word_1_139' title='bbox 2353 489 2522 557; x_wconf 83' lang='lat' dir='ltr'><strong>probe</strong></span> <span class='ocrx_word' id='word_1_140' title='bbox 2558 499 2843 545; x_wconf 85' lang='lat' dir='ltr'><strong>teneamus</strong></span> <span class='ocrx_word' id='word_1_141' title='bbox 2892 508 3056 546; x_wconf 87' lang='lat' dir='ltr'><strong>unam</strong></span> <span class='ocrx_word' id='word_1_142' title='bbox 3111 509 3237 549; x_wconf 86' lang='lat' dir='ltr'><strong>esse</strong></span> <span class='ocrx_word' id='word_1_143' title='bbox 3268 511 3421 550; x_wconf 82' lang='lat' dir='ltr'><strong>com-</strong></span> 
     </span>
    </p>
   </div>
   <div class='ocr_carea' id='block_1_21' title="bbox 1848 580 3419 647">
    <p class='ocr_par' dir='ltr' id='par_1_21' title="bbox 1848 580 3419 647">
     <span class='ocr_line' id='line_1_21' title="bbox 1848 580 3419 647; baseline 0.006 -17"><span class='ocrx_word' id='word_1_144' title='bbox 1848 595 2068 633; x_wconf 85' lang='lat' dir='ltr'><strong>munem</strong></span> <span class='ocrx_word' id='word_1_145' title='bbox 2131 580 2183 634; x_wconf 91' lang='lat' dir='ltr'><strong>in</strong></span> <span class='ocrx_word' id='word_1_146' title='bbox 2242 581 2500 636; x_wconf 89' lang='lat' dir='ltr'><strong>omnibus</strong></span> <span class='ocrx_word' id='word_1_147' title='bbox 2552 581 2746 636; x_wconf 90' lang='lat' dir='ltr'><strong>edendi</strong></span> <span class='ocrx_word' id='word_1_148' title='bbox 2787 599 3125 647; x_wconf 85' lang='lat' dir='ltr'><strong>mensuram,</strong></span> <span class='ocrx_word' id='word_1_149' title='bbox 3168 587 3419 640; x_wconf 75' lang='lat' dir='ltr'><strong>diurnam</strong></span> 
     </span>
    </p>
   </div>
   <div class='ocr_carea' id='block_1_22' title="bbox 1848 669 3417 746">
    <p class='ocr_par' dir='ltr' id='par_1_22' title="bbox 1848 669 3417 746">
     <span class='ocr_line' id='line_1_22' title="bbox 1848 669 3417 746; baseline 0.004 -23"><span class='ocrx_word' id='word_1_150' title='bbox 1848 669 2248 728; x_wconf 83' lang='lat' dir='ltr'><strong>suﬂicientiam.</strong></span> <span class='ocrx_word' id='word_1_151' title='bbox 2291 671 2426 725; x_wconf 78' lang='lat' dir='ltr'><strong>Nam</strong></span> <span class='ocrx_word' id='word_1_152' title='bbox 2458 672 2504 727; x_wconf 86' lang='lat' dir='ltr'><strong>si</strong></span> <span class='ocrx_word' id='word_1_153' title='bbox 2531 675 2695 726; x_wconf 91' lang='lat' dir='ltr'><strong>etiam</strong></span> <span class='ocrx_word' id='word_1_154' title='bbox 2733 674 2884 740; x_wconf 84' lang='lat' dir='ltr'><strong>plura</strong></span> <span class='ocrx_word' id='word_1_155' title='bbox 2920 692 3082 744; x_wconf 87' lang='lat' dir='ltr'><strong>quam</strong></span> <span class='ocrx_word' id='word_1_156' title='bbox 3119 676 3417 746; x_wconf 88' lang='lat' dir='ltr'><strong>indigentia</strong></span> 
     </span>
    </p>
   </div>
   <div class='ocr_carea' id='block_1_23' title="bbox 1846 760 3415 832">
    <p class='ocr_par' dir='ltr' id='par_1_23' title="bbox 1846 760 3415 832">
     <span class='ocr_line' id='line_1_23' title="bbox 1846 760 3415 832; baseline 0.006 -19"><span class='ocrx_word' id='word_1_157' title='bbox 1846 760 2091 832; x_wconf 83' lang='lat' dir='ltr'><strong>ﬂagitat,</strong></span> <span class='ocrx_word' id='word_1_158' title='bbox 2140 772 2439 832; x_wconf 64' lang='lat' dir='ltr'><strong>praeparata</strong></span> <span class='ocrx_word' id='word_1_159' title='bbox 2499 764 2724 831; x_wconf 78' lang='lat' dir='ltr'><strong>fuerint,</strong></span> <span class='ocrx_word' id='word_1_160' title='bbox 2789 777 2978 820; x_wconf 85' lang='lat' dir='ltr'><strong>venter</strong></span> <span class='ocrx_word' id='word_1_161' title='bbox 3033 776 3215 822; x_wconf 89' lang='lat' dir='ltr'><strong>tamen</strong></span> <span class='ocrx_word' id='word_1_162' title='bbox 3275 771 3415 822; x_wconf 84' lang='lat' dir='ltr'><strong>ultra</strong></span> 
     </span>
    </p>
   </div>
   <div class='ocr_carea' id='block_1_24' title="bbox 1847 855 3419 926">
    <p class='ocr_par' dir='ltr' id='par_1_24' title="bbox 1847 855 3419 926">
     <span class='ocr_line' id='line_1_24' title="bbox 1847 855 3419 926; baseline 0.005 -24"><span class='ocrx_word' id='word_1_163' title='bbox 1847 860 2098 905; x_wconf 88' lang='lat' dir='ltr'><strong>naturam</strong></span> <span class='ocrx_word' id='word_1_164' title='bbox 2133 869 2286 906; x_wconf 88' lang='lat' dir='ltr'><strong>suam</strong></span> <span class='ocrx_word' id='word_1_165' title='bbox 2316 855 2597 922; x_wconf 89' lang='lat' dir='ltr'><strong>suscipere</strong></span> <span class='ocrx_word' id='word_1_166' title='bbox 2630 870 2738 908; x_wconf 90' lang='lat' dir='ltr'><strong>non</strong></span> <span class='ocrx_word' id='word_1_167' title='bbox 2780 862 2979 923; x_wconf 88' lang='lat' dir='ltr'><strong>potest,</strong></span> <span class='ocrx_word' id='word_1_168' title='bbox 3003 872 3181 926; x_wconf 88' lang='lat' dir='ltr'><strong>neque</strong></span> <span class='ocrx_word' id='word_1_169' title='bbox 3213 873 3419 926; x_wconf 69' lang='lat' dir='ltr'><strong>praapa-</strong></span> 
     </span>
    </p>
   </div>
   <div class='ocr_carea' id='block_1_25' title="bbox 1847 941 3418 1016">
    <p class='ocr_par' dir='ltr' id='par_1_25' title="bbox 1847 941 3418 1016">
     <span class='ocr_line' id='line_1_25' title="bbox 1847 941 3418 1016; baseline 0.007 -23"><span class='ocrx_word' id='word_1_170' title='bbox 1847 941 2079 996; x_wconf 88' lang='lat' dir='ltr'><strong>rationis</strong></span> <span class='ocrx_word' id='word_1_171' title='bbox 2109 945 2472 1015; x_wconf 79' lang='lat' dir='ltr'><strong>magnitudini</strong></span> <span class='ocrx_word' id='word_1_172' title='bbox 2509 947 2924 1016; x_wconf 86' lang='lat' dir='ltr'><strong>corrcspondet.</strong></span> <span class='ocrx_word' id='word_1_173' title='bbox 2969 947 3077 1002; x_wconf 78' lang='lat' dir='ltr'><strong>Sed</strong></span> <span class='ocrx_word' id='word_1_174' title='bbox 3113 950 3259 1003; x_wconf 83' lang='lat' dir='ltr'><strong>sicut</strong></span> <span class='ocrx_word' id='word_1_175' title='bbox 3301 950 3418 1004; x_wconf 89' lang='lat' dir='ltr'><strong>his-</strong></span> 
     </span>
    </p>
   </div>
   <div class='ocr_carea' id='block_1_26' title="bbox 1846 1033 3416 1110">
    <p class='ocr_par' dir='ltr' id='par_1_26' title="bbox 1846 1033 3416 1110">
     <span class='ocr_line' id='line_1_26' title="bbox 1846 1033 3416 1110; baseline 0.007 -25"><span class='ocrx_word' id='word_1_176' title='bbox 1846 1033 1987 1087; x_wconf 89' lang='lat' dir='ltr'><strong>toria</strong></span> <span class='ocrx_word' id='word_1_177' title='bbox 2025 1035 2210 1100; x_wconf 85' lang='lat' dir='ltr'><strong>tradit,</strong></span> <span class='ocrx_word' id='word_1_178' title='bbox 2239 1052 2340 1091; x_wconf 90' lang='lat' dir='ltr'><strong>nec</strong></span> <span class='ocrx_word' id='word_1_179' title='bbox 2369 1038 2462 1108; x_wconf 87' lang='lat' dir='ltr'><strong>qui</strong></span> <span class='ocrx_word' id='word_1_180' title='bbox 2495 1039 2725 1092; x_wconf 87' lang='lat' dir='ltr'><strong>multum</strong></span> <span class='ocrx_word' id='word_1_181' title='bbox 2758 1039 3050 1108; x_wconf 89' lang='lat' dir='ltr'><strong>acceperit,</strong></span> <span class='ocrx_word' id='word_1_182' title='bbox 3072 1041 3416 1110; x_wconf 87' lang='lat' dir='ltr'><strong>superabun-</strong></span> 
     </span>
    </p>
   </div>
   <div class='ocr_carea' id='block_1_27' title="bbox 1824 1123 3418 1195">
    <p class='ocr_par' dir='ltr' id='par_1_27' title="bbox 1824 1123 3418 1195">
     <span class='ocr_line' id='line_1_27' title="bbox 1824 1123 3418 1195; baseline 0.007 -22"><span class='ocrx_word' id='word_1_183' title='bbox 1824 1124 2077 1185; x_wconf 90' lang='lat' dir='ltr'><strong>.daverit,</strong></span> <span class='ocrx_word' id='word_1_184' title='bbox 2099 1138 2222 1175; x_wconf 91' lang='lat' dir='ltr'><strong>cum</strong></span> <span class='ocrx_word' id='word_1_185' title='bbox 2244 1139 2350 1175; x_wconf 89' lang='lat' dir='ltr'><strong>non</strong></span> <span class='ocrx_word' id='word_1_186' title='bbox 2378 1123 2630 1177; x_wconf 80' lang='lat' dir='ltr'><strong>habuerit</strong></span> <span class='ocrx_word' id='word_1_187' title='bbox 2660 1124 2751 1178; x_wconf 89' lang='lat' dir='ltr'><strong>ubi</strong></span> <span class='ocrx_word' id='word_1_188' title='bbox 2784 1129 3241 1195; x_wconf 83' lang='lat' dir='ltr'><strong>superabundans</strong></span> <span class='ocrx_word' id='word_1_189' title='bbox 3267 1133 3418 1184; x_wconf 81' lang='lat' dir='ltr'><strong>loca-</strong></span> 
     </span>
    </p>
   </div>
   <div class='ocr_carea' id='block_1_28' title="bbox 1845 1215 3417 1289">
    <p class='ocr_par' dir='ltr' id='par_1_28' title="bbox 1845 1215 3417 1289">
     <span class='ocr_line' id='line_1_28' title="bbox 1845 1215 3417 1289; baseline 0.005 -21"><span class='ocrx_word' id='word_1_190' title='bbox 1845 1216 2017 1281; x_wconf 90' lang='lat' dir='ltr'><strong>verit;</strong></span> <span class='ocrx_word' id='word_1_191' title='bbox 2040 1229 2140 1267; x_wconf 88' lang='lat' dir='ltr'><strong>nec</strong></span> <span class='ocrx_word' id='word_1_192' title='bbox 2153 1217 2247 1283; x_wconf 89' lang='lat' dir='ltr'><strong>qui</strong></span> <span class='ocrx_word' id='word_1_193' title='bbox 2264 1229 2499 1284; x_wconf 80' lang='lat' dir='ltr'><strong>paucum</strong></span> <span class='ocrx_word' id='word_1_194' title='bbox 2522 1215 3065 1289; x_wconf 87' lang='lat' dir='ltr'><strong>collegit,indigucrit</strong></span> <span class='ocrx_word' id='word_1_195' title='bbox 3097 1239 3109 1274; x_wconf 90' lang='lat'>:</span> <span class='ocrx_word' id='word_1_196' title='bbox 3129 1229 3417 1277; x_wconf 88' lang='lat' dir='ltr'><strong>contracta</strong></span> 
     </span>
    </p>
   </div>
   <div class='ocr_carea' id='block_1_29' title="bbox 1830 1301 3412 1376">
    <p class='ocr_par' dir='ltr' id='par_1_29' title="bbox 1830 1301 3412 1376">
     <span class='ocr_line' id='line_1_29' title="bbox 1830 1301 3412 1376; baseline -0.001 -18"><span class='ocrx_word' id='word_1_197' title='bbox 1830 1301 1989 1358; x_wconf 84' lang='lat' dir='ltr'><strong>&#39;enim</strong></span> <span class='ocrx_word' id='word_1_198' title='bbox 2045 1305 2344 1374; x_wconf 82' lang='lat' dir='ltr'><strong>indigentia</strong></span> <span class='ocrx_word' id='word_1_199' title='bbox 2395 1314 2950 1375; x_wconf 86' lang='lat' dir='ltr'><strong>commensurataque</strong></span> <span class='ocrx_word' id='word_1_200' title='bbox 2999 1305 3066 1358; x_wconf 87' lang='lat' dir='ltr'><strong>ad</strong></span> <span class='ocrx_word' id='word_1_201' title='bbox 3122 1315 3412 1376; x_wconf 83' lang='lat' dir='ltr'><strong>acceptum</strong></span> 
     </span>
    </p>
   </div>
   <div class='ocr_carea' id='block_1_30' title="bbox 1847 1392 3413 1464">
    <p class='ocr_par' dir='ltr' id='par_1_30' title="bbox 1847 1392 3413 1464">
     <span class='ocr_line' id='line_1_30' title="bbox 1847 1392 3413 1464; baseline 0.001 -19"><span class='ocrx_word' id='word_1_202' title='bbox 1847 1392 1970 1447; x_wconf 80' lang='lat' dir='ltr'><strong>fuit.</strong></span> <span class='ocrx_word' id='word_1_203' title='bbox 2005 1393 2162 1460; x_wconf 86' lang='lat' dir='ltr'><strong>Quod</strong></span> <span class='ocrx_word' id='word_1_204' title='bbox 2193 1409 2344 1456; x_wconf 85' lang='lat' dir='ltr'><strong>vero,</strong></span> <span class='ocrx_word' id='word_1_205' title='bbox 2371 1394 2416 1449; x_wconf 90' lang='lat' dir='ltr'><strong>si</strong></span> <span class='ocrx_word' id='word_1_206' title='bbox 2441 1395 2566 1464; x_wconf 90' lang='lat' dir='ltr'><strong>quis</strong></span> <span class='ocrx_word' id='word_1_207' title='bbox 2591 1393 2760 1448; x_wconf 91' lang='lat' dir='ltr'><strong>stulta</strong></span> <span class='ocrx_word' id='word_1_208' title='bbox 2782 1394 3080 1464; x_wconf 81' lang='lat' dir='ltr'><strong>cupiditate</strong></span> <span class='ocrx_word' id='word_1_209' title='bbox 3108 1392 3413 1462; x_wconf 87' lang='lat' dir='ltr'><strong>deponendi</strong></span> 
     </span>
    </p>
   </div>
   <div class='ocr_carea' id='block_1_31' title="bbox 1845 1483 3412 1555">
    <p class='ocr_par' dir='ltr' id='par_1_31' title="bbox 1845 1483 3412 1555">
     <span class='ocr_line' id='line_1_31' title="bbox 1845 1483 3412 1555; baseline -0.001 -19"><span class='ocrx_word' id='word_1_210' title='bbox 1845 1483 2145 1554; x_wconf 83' lang='lat' dir='ltr'><strong>quidquam</strong></span> <span class='ocrx_word' id='word_1_211' title='bbox 2180 1499 2246 1538; x_wconf 80' lang='lat' dir='ltr'><strong>ex</strong></span> <span class='ocrx_word' id='word_1_212' title='bbox 2305 1485 2399 1538; x_wconf 88' lang='lat' dir='ltr'><strong>illo</strong></span> <span class='ocrx_word' id='word_1_213' title='bbox 2430 1485 2556 1540; x_wconf 92' lang='lat' dir='ltr'><strong>cibo</strong></span> <span class='ocrx_word' id='word_1_214' title='bbox 2603 1484 2656 1538; x_wconf 89' lang='lat' dir='ltr'><strong>in</strong></span> <span class='ocrx_word' id='word_1_215' title='bbox 2713 1486 3017 1540; x_wconf 90' lang='lat' dir='ltr'><strong>crastinum</strong></span> <span class='ocrx_word' id='word_1_216' title='bbox 3072 1484 3412 1555; x_wconf 73' lang='lat' dir='ltr'><strong>deposuerit,</strong></span> 
     </span>
    </p>
   </div>
   <div class='ocr_carea' id='block_1_32' title="bbox 1846 1576 3412 1633">
    <p class='ocr_par' dir='ltr' id='par_1_32' title="bbox 1846 1576 3412 1633">
     <span class='ocr_line' id='line_1_32' title="bbox 1846 1576 3412 1633; baseline 0.003 -4"><span class='ocrx_word' id='word_1_217' title='bbox 1846 1584 2018 1630; x_wconf 88' lang='lat' dir='ltr'><strong>totum</strong></span> <span class='ocrx_word' id='word_1_218' title='bbox 2089 1576 2143 1629; x_wconf 91' lang='lat' dir='ltr'><strong>in</strong></span> <span class='ocrx_word' id='word_1_219' title='bbox 2202 1592 2417 1632; x_wconf 84' lang='lat' dir='ltr'><strong>vermes</strong></span> <span class='ocrx_word' id='word_1_220' title='bbox 2480 1586 2872 1631; x_wconf 89' lang='lat' dir='ltr'><strong>commutatum</strong></span> <span class='ocrx_word' id='word_1_221' title='bbox 2935 1578 3107 1633; x_wconf 77' lang='lat' dir='ltr'><strong>fuisse</strong></span> <span class='ocrx_word' id='word_1_222' title='bbox 3165 1579 3412 1633; x_wconf 87' lang='lat' dir='ltr'><strong>dicitur:</strong></span> 
     </span>
    </p>
   </div>
   <div class='ocr_carea' id='block_1_33' title="bbox 1846 1666 3417 1736">
    <p class='ocr_par' dir='ltr' id='par_1_33' title="bbox 1846 1666 3417 1736">
     <span class='ocr_line' id='line_1_33' title="bbox 1846 1666 3417 1736; baseline 0.001 -16"><span class='ocrx_word' id='word_1_223' title='bbox 1846 1666 2003 1736; x_wconf 73' lang='lat' dir='ltr'><strong>quasi</strong></span> <span class='ocrx_word' id='word_1_224' title='bbox 2057 1668 2185 1720; x_wconf 92' lang='lat' dir='ltr'><strong>tuba</strong></span> <span class='ocrx_word' id='word_1_225' title='bbox 2222 1667 2456 1736; x_wconf 90' lang='lat' dir='ltr'><strong>quadam</strong></span> <span class='ocrx_word' id='word_1_226' title='bbox 2491 1682 2554 1721; x_wconf 87' lang='lat' dir='ltr'><strong>ea</strong></span> <span class='ocrx_word' id='word_1_227' title='bbox 2596 1683 2654 1723; x_wconf 89' lang='lat' dir='ltr'><strong>re</strong></span> <span class='ocrx_word' id='word_1_228' title='bbox 2691 1667 2922 1722; x_wconf 82' lang='lat' dir='ltr'><strong>historia</strong></span> <span class='ocrx_word' id='word_1_229' title='bbox 2974 1669 3224 1728; x_wconf 88' lang='lat' dir='ltr'><strong>intonuit.</strong></span> <span class='ocrx_word' id='word_1_230' title='bbox 3257 1685 3417 1724; x_wconf 88' lang='lat' dir='ltr'><strong>omne</strong></span> 
     </span>
    </p>
   </div>
   <div class='ocr_carea' id='block_1_34' title="bbox 175 1751 1744 1837">
    <p class='ocr_par' dir='ltr' id='par_1_34' title="bbox 175 1762 1742 1837">
     <span class='ocr_line' id='line_1_34' title="bbox 175 1762 1742 1837; baseline 0.003 -23"><span class='ocrx_word' id='word_1_231' title='bbox 175 1762 580 1834; x_wconf 77' lang='grc' dir='ltr'>περιεχόμενον,</span> <span class='ocrx_word' id='word_1_232' title='bbox 627 1766 684 1817; x_wconf 77' lang='grc' dir='ltr'>ὲν</span> <span class='ocrx_word' id='word_1_233' title='bbox 715 1767 783 1837; x_wconf 79' lang='grc' dir='ltr'>τῇ</span> <span class='ocrx_word' id='word_1_234' title='bbox 822 1765 949 1836; x_wconf 75' lang='grc' dir='ltr'><strong>ἑξῆς</strong></span> <span class='ocrx_word' id='word_1_235' title='bbox 993 1765 1196 1835; x_wconf 75' lang='grc' dir='ltr'>ἡμέρᾳ,</span> <span class='ocrx_word' id='word_1_236' title='bbox 1239 1765 1542 1833; x_wconf 83' lang='grc' dir='ltr'>τουτέστιν,</span> <span class='ocrx_word' id='word_1_237' title='bbox 1574 1767 1631 1818; x_wconf 79' lang='grc' dir='ltr'>ἐν</span> <span class='ocrx_word' id='word_1_238' title='bbox 1665 1765 1742 1836; x_wconf 83' lang='grc' dir='ltr'>τῷ</span> 
     </span>
    </p>
   </div>
   <div class='ocr_carea' id='block_1_35' title="bbox 1846 1751 3412 1837">
    <p class='ocr_par' dir='ltr' id='par_1_35' title="bbox 1846 1759 3412 1830">
     <span class='ocr_line' id='line_1_35' title="bbox 1846 1759 3412 1830; baseline 0.001 -19"><span class='ocrx_word' id='word_1_239' title='bbox 1846 1759 1991 1828; x_wconf 91' lang='lat' dir='ltr'><strong>quod</strong></span> <span class='ocrx_word' id='word_1_240' title='bbox 2024 1760 2164 1812; x_wconf 90' lang='lat' dir='ltr'><strong>ultra</strong></span> <span class='ocrx_word' id='word_1_241' title='bbox 2195 1759 2551 1830; x_wconf 82' lang='lat' dir='ltr'><strong>indigentiam</strong></span> <span class='ocrx_word' id='word_1_242' title='bbox 2603 1771 2783 1815; x_wconf 89' lang='lat' dir='ltr'><strong>mente</strong></span> <span class='ocrx_word' id='word_1_243' title='bbox 2815 1776 2978 1815; x_wconf 88' lang='lat' dir='ltr'><strong>avara</strong></span> <span class='ocrx_word' id='word_1_244' title='bbox 3031 1771 3412 1822; x_wconf 85' lang='lat' dir='ltr'><strong>conservatur,</strong></span> 
     </span>
    </p>
   </div>
   <div class='ocr_carea' id='block_1_36' title="bbox 173 1851 1740 1926">
    <p class='ocr_par' dir='ltr' id='par_1_36' title="bbox 173 1851 1740 1926">
     <span class='ocr_line' id='line_1_36' title="bbox 173 1851 1740 1926; baseline 0.003 -20"><span class='ocrx_word' id='word_1_245' title='bbox 173 1851 608 1924; x_wconf 79' lang='grc' dir='ltr'>προσδοκωμένῳ</span> <span class='ocrx_word' id='word_1_246' title='bbox 619 1854 742 1922; x_wconf 72' lang='grc' dir='ltr'>βίῳ,</span> <span class='ocrx_word' id='word_1_247' title='bbox 756 1860 784 1910; x_wconf 98' lang='lat'><strong>6</strong></span> <span class='ocrx_word' id='word_1_248' title='bbox 803 1853 1103 1926; x_wconf 82' lang='grc' dir='ltr'>σκώληξτῷ</span> <span class='ocrx_word' id='word_1_249' title='bbox 1121 1855 1476 1924; x_wconf 85' lang='grc' dir='ltr'>ταμιεύσαντι</span> <span class='ocrx_word' id='word_1_250' title='bbox 1511 1857 1740 1924; x_wconf 87' lang='grc' dir='ltr'>γίνεται.</span> 
     </span>
    </p>
   </div>
   <div class='ocr_carea' id='block_1_37' title="bbox 173 1941 1743 2016">
    <p class='ocr_par' dir='ltr' id='par_1_37' title="bbox 173 1941 1743 2016">
     <span class='ocr_line' id='line_1_37' title="bbox 173 1941 1743 2016; baseline 0.004 -23"><span class='ocrx_word' id='word_1_251' title='bbox 173 1941 297 1994; x_wconf 78' lang='lat' dir='ltr'><strong>Ner</strong></span> <span class='ocrx_word' id='word_1_252' title='bbox 322 1941 382 1994; x_wconf 76' lang='grc' dir='ltr'>δὲ</span> <span class='ocrx_word' id='word_1_253' title='bbox 433 1942 653 2005; x_wconf 83' lang='grc' dir='ltr'>πάντως</span> <span class='ocrx_word' id='word_1_254' title='bbox 683 1946 711 1995; x_wconf 90' lang='lat'><strong>6</strong></span> <span class='ocrx_word' id='word_1_255' title='bbox 740 1943 951 1996; x_wconf 87' lang='grc' dir='ltr'>ἀκούων</span> <span class='ocrx_word' id='word_1_256' title='bbox 985 1943 1072 1996; x_wconf 80' lang='grc' dir='ltr'><strong>διὰ</strong></span> <span class='ocrx_word' id='word_1_257' title='bbox 1114 1945 1206 1997; x_wconf 80' lang='grc' dir='ltr'>τοῦ</span> <span class='ocrx_word' id='word_1_258' title='bbox 1249 1946 1526 2016; x_wconf 82' lang='grc' dir='ltr'><strong>σκώληκος</strong></span> <span class='ocrx_word' id='word_1_259' title='bbox 1555 1947 1743 1999; x_wconf 89' lang='grc' dir='ltr'>τούτου</span> 
     </span>
    </p>
   </div>
   <div class='ocr_carea' id='block_1_38' title="bbox 171 2033 1745 2107">
    <p class='ocr_par' dir='ltr' id='par_1_38' title="bbox 171 2033 1745 2107">
     <span class='ocr_line' id='line_1_38' title="bbox 171 2033 1745 2107; baseline 0.004 -23"><span class='ocrx_word' id='word_1_260' title='bbox 171 2033 259 2087; x_wconf 80' lang='grc' dir='ltr'>τὸν</span> <span class='ocrx_word' id='word_1_261' title='bbox 302 2033 663 2103; x_wconf 76' lang='grc' dir='ltr'>ἀτελεύτητον</span> <span class='ocrx_word' id='word_1_262' title='bbox 695 2033 971 2105; x_wconf 83' lang='grc' dir='ltr'>σκώληκα,</span> <span class='ocrx_word' id='word_1_263' title='bbox 1005 2035 1098 2088; x_wconf 80' lang='grc' dir='ltr'>τὸν</span> <span class='ocrx_word' id='word_1_264' title='bbox 1149 2035 1239 2088; x_wconf 80' lang='grc' dir='ltr'><strong>διὰ</strong></span> <span class='ocrx_word' id='word_1_265' title='bbox 1276 2037 1375 2107; x_wconf 85' lang='grc' dir='ltr'>τῆς</span> <span class='ocrx_word' id='word_1_266' title='bbox 1433 2037 1745 2103; x_wconf 80' lang='grc' dir='ltr'>πλεονεξίας</span> 
     </span>
    </p>
   </div>
   <div class='ocr_carea' id='block_1_39' title="bbox 173 2120 1745 2198">
    <p class='ocr_par' dir='ltr' id='par_1_39' title="bbox 173 2120 1745 2198">
     <span class='ocr_line' id='line_1_39' title="bbox 173 2120 1745 2198; baseline 0.006 -25"><span class='ocrx_word' id='word_1_267' title='bbox 173 2120 624 2194; x_wconf 78' lang='grc' dir='ltr'>ζωογονούμενον.</span> <span class='ocrx_word' id='word_1_268' title='bbox 665 2124 737 2177; x_wconf 84' lang='grc' dir='ltr'><strong>Τὸ</strong></span> <span class='ocrx_word' id='word_1_269' title='bbox 773 2124 828 2176; x_wconf 81' lang='grc' dir='ltr'>δὲ</span> <span class='ocrx_word' id='word_1_270' title='bbox 857 2127 912 2178; x_wconf 81' lang='grc' dir='ltr'>ὲν</span> <span class='ocrx_word' id='word_1_271' title='bbox 947 2125 1093 2196; x_wconf 85' lang='grc' dir='ltr'><strong>μόνῳ</strong></span> <span class='ocrx_word' id='word_1_272' title='bbox 1125 2124 1203 2196; x_wconf 80' lang='grc' dir='ltr'>τῷ</span> <span class='ocrx_word' id='word_1_273' title='bbox 1228 2126 1482 2198; x_wconf 79' lang='grc' dir='ltr'>σαϐϐάτῳ</span> <span class='ocrx_word' id='word_1_274' title='bbox 1505 2128 1745 2198; x_wconf 72' lang='grc' dir='ltr'>διαρκεῖν</span> 
     </span>
    </p>
   </div>
   <div class='ocr_carea' id='block_1_40' title="bbox 170 2213 1748 2292">
    <p class='ocr_par' dir='ltr' id='par_1_40' title="bbox 170 2213 1748 2292">
     <span class='ocr_line' id='line_1_40' title="bbox 170 2213 1748 2292; baseline 0.005 -26"><span class='ocrx_word' id='word_1_275' title='bbox 170 2213 230 2266; x_wconf 65' lang='grc' dir='ltr'>τὸ</span> <span class='ocrx_word' id='word_1_276' title='bbox 255 2213 541 2277; x_wconf 77' lang='grc' dir='ltr'>ἀπόθετον,</span> <span class='ocrx_word' id='word_1_277' title='bbox 569 2216 837 2286; x_wconf 90' lang='grc' dir='ltr'>μηδεμίαν</span> <span class='ocrx_word' id='word_1_278' title='bbox 859 2216 1152 2287; x_wconf 81' lang='grc' dir='ltr'>διαφθορὰν</span> <span class='ocrx_word' id='word_1_279' title='bbox 1186 2218 1748 2292; x_wconf 80' lang='grc' dir='ltr'>ὑπομένον,τοιαύτην</span> 
     </span>
    </p>
   </div>
   <div class='ocr_carea' id='block_1_41' title="bbox 171 2305 1747 2383">
    <p class='ocr_par' dir='ltr' id='par_1_41' title="bbox 171 2305 1747 2383">
     <span class='ocr_line' id='line_1_41' title="bbox 171 2305 1747 2383; baseline 0.007 -27"><span class='ocrx_word' id='word_1_280' title='bbox 171 2305 290 2357; x_wconf 74' lang='grc' dir='ltr'>τινὰ</span> <span class='ocrx_word' id='word_1_281' title='bbox 321 2306 636 2376; x_wconf 82' lang='grc' dir='ltr'>συμϐουλὴν</span> <span class='ocrx_word' id='word_1_282' title='bbox 660 2309 902 2380; x_wconf 83' lang='grc' dir='ltr'>περιέχει</span> <span class='ocrx_word' id='word_1_283' title='bbox 931 2326 944 2338; x_wconf 92' lang='grc'><strong>·</strong></span> <span class='ocrx_word' id='word_1_284' title='bbox 978 2309 1060 2363; x_wconf 75' lang='grc' dir='ltr'>ὅτι</span> <span class='ocrx_word' id='word_1_285' title='bbox 1079 2327 1161 2362; x_wconf 87' lang='grc' dir='ltr'><strong>τοι</strong></span> <span class='ocrx_word' id='word_1_286' title='bbox 1187 2311 1307 2363; x_wconf 88' lang='grc' dir='ltr'>τότε</span> <span class='ocrx_word' id='word_1_287' title='bbox 1337 2313 1606 2383; x_wconf 86' lang='grc' dir='ltr'>χρηστέον</span> <span class='ocrx_word' id='word_1_288' title='bbox 1630 2315 1747 2367; x_wconf 76' lang='grc' dir='ltr'>ἐστὶ</span> 
     </span>
    </p>
   </div>
   <div class='ocr_carea' id='block_1_42' title="bbox 167 2399 1750 2474">
    <p class='ocr_par' dir='ltr' id='par_1_42' title="bbox 167 2399 1750 2474">
     <span class='ocr_line' id='line_1_42' title="bbox 167 2399 1750 2474; baseline 0.005 -23"><span class='ocrx_word' id='word_1_289' title='bbox 167 2401 233 2468; x_wconf 82' lang='grc' dir='ltr'>τῇ</span> <span class='ocrx_word' id='word_1_290' title='bbox 256 2399 610 2471; x_wconf 82' lang='grc' dir='ltr'>πλεονεκτικῇ</span> <span class='ocrx_word' id='word_1_291' title='bbox 639 2403 973 2473; x_wconf 85' lang='grc' dir='ltr'>προαιρέσει,</span> <span class='ocrx_word' id='word_1_292' title='bbox 999 2405 1056 2456; x_wconf 81' lang='grc' dir='ltr'>ὲν</span> <span class='ocrx_word' id='word_1_293' title='bbox 1083 2399 1162 2466; x_wconf 73' lang='grc' dir='ltr'>οἷς</span> <span class='ocrx_word' id='word_1_294' title='bbox 1177 2404 1238 2457; x_wconf 83' lang='grc' dir='ltr'>τὸ</span> <span class='ocrx_word' id='word_1_295' title='bbox 1259 2405 1622 2474; x_wconf 81' lang='grc' dir='ltr'>συναγόμενον</span> <span class='ocrx_word' id='word_1_296' title='bbox 1636 2405 1750 2460; x_wconf 86' lang='grc' dir='ltr'>δια-</span> 
     </span>
    </p>
   </div>
   <div class='ocr_carea' id='block_1_43' title="bbox 167 2491 1746 2565">
    <p class='ocr_par' dir='ltr' id='par_1_43' title="bbox 167 2491 1746 2565">
     <span class='ocr_line' id='line_1_43' title="bbox 167 2491 1746 2565; baseline 0.005 -24"><span class='ocrx_word' id='word_1_297' title='bbox 167 2491 376 2562; x_wconf 73' lang='grc' dir='ltr'>φθοράν</span> <span class='ocrx_word' id='word_1_298' title='bbox 405 2493 466 2544; x_wconf 75' lang='grc' dir='ltr'>οὐ</span> <span class='ocrx_word' id='word_1_299' title='bbox 499 2493 783 2564; x_wconf 87' lang='grc' dir='ltr'>προσίεται</span> <span class='ocrx_word' id='word_1_300' title='bbox 802 2511 816 2524; x_wconf 77' lang='grc' dir='ltr'><strong><em>ο</em></strong></span> <span class='ocrx_word' id='word_1_301' title='bbox 847 2493 968 2546; x_wconf 88' lang='grc' dir='ltr'>τότε</span> <span class='ocrx_word' id='word_1_302' title='bbox 994 2496 1264 2564; x_wconf 88' lang='grc' dir='ltr'>χρήσιμον</span> <span class='ocrx_word' id='word_1_303' title='bbox 1281 2496 1412 2564; x_wconf 77' lang='grc' dir='ltr'>ἡμῖν</span> <span class='ocrx_word' id='word_1_304' title='bbox 1434 2498 1746 2565; x_wconf 82' lang='grc' dir='ltr'>γενόμενον,</span> 
     </span>
    </p>
   </div>
   <div class='ocr_carea' id='block_1_44' title="bbox 165 2583 1745 2659">
    <p class='ocr_par' dir='ltr' id='par_1_44' title="bbox 165 2583 1745 2659">
     <span class='ocr_line' id='line_1_44' title="bbox 165 2583 1745 2659; baseline 0.004 -24"><span class='ocrx_word' id='word_1_305' title='bbox 165 2583 294 2636; x_wconf 80' lang='grc' dir='ltr'>ὅταν</span> <span class='ocrx_word' id='word_1_306' title='bbox 343 2584 707 2654; x_wconf 82' lang='grc' dir='ltr'>παρελθόντες</span> <span class='ocrx_word' id='word_1_307' title='bbox 729 2585 828 2654; x_wconf 82' lang='grc' dir='ltr'>τὴν</span> <span class='ocrx_word' id='word_1_308' title='bbox 861 2583 953 2638; x_wconf 77' lang='grc' dir='ltr'>τοῦ</span> <span class='ocrx_word' id='word_1_309' title='bbox 1006 2585 1119 2656; x_wconf 82' lang='grc' dir='ltr'>βίου</span> <span class='ocrx_word' id='word_1_310' title='bbox 1146 2585 1338 2640; x_wconf 86' lang='grc' dir='ltr'>τούτου</span> <span class='ocrx_word' id='word_1_311' title='bbox 1370 2589 1745 2659; x_wconf 81' lang='grc' dir='ltr'>παρασκευὴν,</span> 
     </span>
    </p>
   </div>
   <div class='ocr_carea' id='block_1_45' title="bbox 165 2673 1747 2750">
    <p class='ocr_par' dir='ltr' id='par_1_45' title="bbox 165 2673 1747 2750">
     <span class='ocr_line' id='line_1_45' title="bbox 165 2673 1747 2750; baseline 0.006 -26"><span class='ocrx_word' id='word_1_312' title='bbox 165 2673 225 2724; x_wconf 79' lang='grc' dir='ltr'>ἐν</span> <span class='ocrx_word' id='word_1_313' title='bbox 255 2678 321 2744; x_wconf 81' lang='grc' dir='ltr'>τῇ</span> <span class='ocrx_word' id='word_1_314' title='bbox 358 2676 500 2745; x_wconf 86' lang='grc' dir='ltr'><strong>μετά</strong></span> <span class='ocrx_word' id='word_1_315' title='bbox 535 2676 764 2730; x_wconf 88' lang='grc' dir='ltr'>θάνατον</span> <span class='ocrx_word' id='word_1_316' title='bbox 793 2676 1038 2748; x_wconf 76' lang='grc' dir='ltr'>ἀπραξίᾳ</span> <span class='ocrx_word' id='word_1_317' title='bbox 1058 2676 1367 2747; x_wconf 85' lang='grc' dir='ltr'>γενώμεθα.</span> <span class='ocrx_word' id='word_1_318' title='bbox 1409 2679 1472 2731; x_wconf 88' lang='grc' dir='ltr'><strong>Ἦ</strong></span> <span class='ocrx_word' id='word_1_319' title='bbox 1503 2680 1612 2750; x_wconf 83' lang='grc' dir='ltr'><strong>γὰρ</strong></span> <span class='ocrx_word' id='word_1_320' title='bbox 1642 2679 1747 2750; x_wconf 87' lang='grc' dir='ltr'>πρὸ</span> 
     </span>
    </p>
   </div>
   <div class='ocr_carea' id='block_1_46' title="bbox 163 2763 1746 2840">
    <p class='ocr_par' dir='ltr' id='par_1_46' title="bbox 163 2763 1746 2840">
     <span class='ocr_line' id='line_1_46' title="bbox 163 2763 1746 2840; baseline 0.005 -24"><span class='ocrx_word' id='word_1_321' title='bbox 163 2763 260 2817; x_wconf 77' lang='grc' dir='ltr'>τοῦ</span> <span class='ocrx_word' id='word_1_322' title='bbox 295 2766 571 2821; x_wconf 89' lang='grc' dir='ltr'>σαϐϐάτου</span> <span class='ocrx_word' id='word_1_323' title='bbox 624 2768 827 2838; x_wconf 82' lang='grc' dir='ltr'>ἡμέρα,</span> <span class='ocrx_word' id='word_1_324' title='bbox 860 2769 1180 2840; x_wconf 81' lang='grc' dir='ltr'>παρασκευὴ</span> <span class='ocrx_word' id='word_1_325' title='bbox 1220 2770 1356 2840; x_wconf 84' lang='grc' dir='ltr'>πρὸς</span> <span class='ocrx_word' id='word_1_326' title='bbox 1384 2769 1446 2823; x_wconf 84' lang='grc' dir='ltr'>τὸ</span> <span class='ocrx_word' id='word_1_327' title='bbox 1479 2771 1746 2824; x_wconf 86' lang='grc' dir='ltr'>σάϐϐατον</span> 
     </span>
    </p>
   </div>
   <div class='ocr_carea' id='block_1_47' title="bbox 165 2857 912 2930">
    <p class='ocr_par' dir='ltr' id='par_1_47' title="bbox 165 2857 912 2930">
     <span class='ocr_line' id='line_1_47' title="bbox 165 2857 912 2930; baseline -0.001 -19"><span class='ocrx_word' id='word_1_328' title='bbox 165 2859 258 2911; x_wconf 76' lang='grc' dir='ltr'><strong>καὶ</strong></span> <span class='ocrx_word' id='word_1_329' title='bbox 284 2857 404 2911; x_wconf 79' lang='grc' dir='ltr'>ἔστι</span> <span class='ocrx_word' id='word_1_330' title='bbox 442 2859 537 2912; x_wconf 77' lang='grc' dir='ltr'>καὶ</span> <span class='ocrx_word' id='word_1_331' title='bbox 569 2858 912 2930; x_wconf 81' lang='grc' dir='ltr'>ὀνομάζεται.</span> 
     </span>
    </p>
   </div>
   <div class='ocr_carea' id='block_1_48' title="bbox 231 2941 1741 3021">
    <p class='ocr_par' dir='ltr' id='par_1_48' title="bbox 231 2941 1741 3021">
     <span class='ocr_line' id='line_1_48' title="bbox 231 2941 1741 3021; baseline 0.003 -22"><span class='ocrx_word' id='word_1_332' title='bbox 231 2946 384 3018; x_wconf 78' lang='grc' dir='ltr'>Αὕτη</span> <span class='ocrx_word' id='word_1_333' title='bbox 437 2947 483 2999; x_wconf 83' lang='grc' dir='ltr'>δ’</span> <span class='ocrx_word' id='word_1_334' title='bbox 537 2948 624 3018; x_wconf 73' lang='grc' dir='ltr'>εἴη</span> <span class='ocrx_word' id='word_1_335' title='bbox 651 2950 680 3001; x_wconf 91' lang='lat'><strong>6</strong></span> <span class='ocrx_word' id='word_1_336' title='bbox 715 2947 827 3018; x_wconf 81' lang='grc' dir='ltr'>βίος</span> <span class='ocrx_word' id='word_1_337' title='bbox 857 2941 1030 3012; x_wconf 76' lang='grc' dir='ltr'>οὗτος,</span> <span class='ocrx_word' id='word_1_338' title='bbox 1062 2950 1120 3001; x_wconf 84' lang='grc' dir='ltr'>ὲν</span> <span class='ocrx_word' id='word_1_339' title='bbox 1142 2941 1186 3016; x_wconf 80' lang='grc' dir='ltr'>ᾧ</span> <span class='ocrx_word' id='word_1_340' title='bbox 1223 2948 1289 3002; x_wconf 81' lang='grc' dir='ltr'>τὰ</span> <span class='ocrx_word' id='word_1_341' title='bbox 1317 2952 1416 3020; x_wconf 84' lang='grc' dir='ltr'>τῆς</span> <span class='ocrx_word' id='word_1_342' title='bbox 1439 2950 1741 3021; x_wconf 78' lang='grc' dir='ltr'>ἐρχομένης</span> 
     </span>
    </p>
   </div>
   <div class='ocr_carea' id='block_1_49' title="bbox 162 3034 1809 3118">
    <p class='ocr_par' dir='ltr' id='par_1_49' title="bbox 162 3034 1809 3118">
     <span class='ocr_line' id='line_1_49' title="bbox 162 3034 1809 3118; baseline -0.001 -27"><span class='ocrx_word' id='word_1_343' title='bbox 162 3039 310 3110; x_wconf 81' lang='grc' dir='ltr'>ζωῆς</span> <span class='ocrx_word' id='word_1_344' title='bbox 339 3042 552 3103; x_wconf 78' lang='grc' dir='ltr'>ἑαυτοῖς</span> <span class='ocrx_word' id='word_1_345' title='bbox 575 3041 968 3110; x_wconf 78' lang='grc' dir='ltr'>εύτρεπίζομεν</span> <span class='ocrx_word' id='word_1_346' title='bbox 984 3057 997 3071; x_wconf 84' lang='grc'>⁶</span> <span class='ocrx_word' id='word_1_347' title='bbox 1029 3034 1130 3114; x_wconf 80' lang='grc' dir='ltr'>ένῇ</span> <span class='ocrx_word' id='word_1_348' title='bbox 1154 3041 1313 3112; x_wconf 75' lang='grc' dir='ltr'>ἔργον</span> <span class='ocrx_word' id='word_1_349' title='bbox 1332 3043 1484 3094; x_wconf 82' lang='grc' dir='ltr'>οὐδὲν</span> <span class='ocrx_word' id='word_1_350' title='bbox 1505 3041 1614 3094; x_wconf 87' lang='grc' dir='ltr'>τῶν</span> <span class='ocrx_word' id='word_1_351' title='bbox 1644 3042 1739 3094; x_wconf 60' lang='lat' dir='ltr'><strong>vix;</strong></span> <span class='ocrx_word' id='word_1_352' title='bbox 1772 3100 1809 3118; x_wconf 59' lang='grc' dir='ltr'><em>Π</em></span> 
     </span>
    </p>
   </div>
   <div class='ocr_carea' id='block_1_50' title="bbox 164 3133 1745 3203">
    <p class='ocr_par' dir='ltr' id='par_1_50' title="bbox 164 3133 1745 3203">
     <span class='ocr_line' id='line_1_50' title="bbox 164 3133 1745 3203; baseline -0.006 -17"><span class='ocrx_word' id='word_1_353' title='bbox 164 3133 296 3201; x_wconf 70' lang='grc' dir='ltr'>ἡμῖν</span> <span class='ocrx_word' id='word_1_354' title='bbox 343 3134 856 3203; x_wconf 85' lang='grc' dir='ltr'>συγκεχωρημένων</span> <span class='ocrx_word' id='word_1_355' title='bbox 886 3133 1231 3192; x_wconf 82' lang='grc' dir='ltr'>ἐπιτελεῖται,</span> <span class='ocrx_word' id='word_1_356' title='bbox 1257 3134 1315 3184; x_wconf 85' lang='grc' dir='ltr'><strong>ού</strong></span> <span class='ocrx_word' id='word_1_357' title='bbox 1347 3133 1608 3203; x_wconf 76' lang='grc' dir='ltr'>γεωργία,</span> <span class='ocrx_word' id='word_1_358' title='bbox 1645 3133 1745 3185; x_wconf 70' lang='grc' dir='ltr'>οὐκ</span> 
     </span>
    </p>
   </div>
   <div class='ocr_carea' id='block_1_51' title="bbox 161 3217 1746 3294">
    <p class='ocr_par' dir='ltr' id='par_1_51' title="bbox 161 3217 1746 3294">
     <span class='ocr_line' id='line_1_51' title="bbox 161 3217 1746 3294; baseline 0.001 -20"><span class='ocrx_word' id='word_1_359' title='bbox 161 3224 425 3294; x_wconf 81' lang='grc' dir='ltr'>ἐμπορία,</span> <span class='ocrx_word' id='word_1_360' title='bbox 472 3224 533 3275; x_wconf 84' lang='grc' dir='ltr'><strong>ού</strong></span> <span class='ocrx_word' id='word_1_361' title='bbox 568 3224 849 3294; x_wconf 81' lang='grc' dir='ltr'>στρατεία,</span> <span class='ocrx_word' id='word_1_362' title='bbox 880 3225 980 3276; x_wconf 86' lang='grc' dir='ltr'>οὐκ</span> <span class='ocrx_word' id='word_1_363' title='bbox 1015 3223 1142 3277; x_wconf 79' lang='grc' dir='ltr'>ἄλλο</span> <span class='ocrx_word' id='word_1_364' title='bbox 1164 3241 1217 3276; x_wconf 92' lang='grc' dir='ltr'><strong>τι</strong></span> <span class='ocrx_word' id='word_1_365' title='bbox 1245 3222 1352 3276; x_wconf 84' lang='grc' dir='ltr'><strong>τῶν</strong></span> <span class='ocrx_word' id='word_1_366' title='bbox 1377 3217 1476 3276; x_wconf 83' lang='grc' dir='ltr'>ὧδε</span> <span class='ocrx_word' id='word_1_367' title='bbox 1516 3223 1746 3276; x_wconf 89' lang='grc' dir='ltr'>σπουδα-</span> 
     </span>
    </p>
   </div>
   <div class='ocr_carea' id='block_1_52' title="bbox 161 3313 1745 3385">
    <p class='ocr_par' dir='ltr' id='par_1_52' title="bbox 161 3313 1745 3385">
     <span class='ocr_line' id='line_1_52' title="bbox 161 3313 1745 3385; baseline 0.001 -21"><span class='ocrx_word' id='word_1_368' title='bbox 161 3313 408 3383; x_wconf 82' lang='grc' dir='ltr'>ζομένων</span> <span class='ocrx_word' id='word_1_369' title='bbox 445 3314 570 3367; x_wconf 83' lang='grc' dir='ltr'>οὐδέ</span> <span class='ocrx_word' id='word_1_370' title='bbox 600 3328 680 3367; x_wconf 84' lang='grc' dir='ltr'>τι⁶</span> <span class='ocrx_word' id='word_1_371' title='bbox 703 3314 816 3366; x_wconf 84' lang='grc' dir='ltr'>ἀλλ’</span> <span class='ocrx_word' id='word_1_372' title='bbox 846 3315 902 3366; x_wconf 81' lang='grc' dir='ltr'>ἐν</span> <span class='ocrx_word' id='word_1_373' title='bbox 925 3314 1166 3384; x_wconf 76' lang='grc' dir='ltr'>ἀπραξίᾳ</span> <span class='ocrx_word' id='word_1_374' title='bbox 1189 3315 1338 3385; x_wconf 84' lang='grc' dir='ltr'>πάσῃ</span> <span class='ocrx_word' id='word_1_375' title='bbox 1357 3315 1463 3366; x_wconf 82' lang='grc' dir='ltr'>τῶν</span> <span class='ocrx_word' id='word_1_376' title='bbox 1492 3313 1745 3366; x_wconf 83' lang='grc' dir='ltr'>τοιούτων</span> 
     </span>
    </p>
   </div>
   <div class='ocr_carea' id='block_1_53' title="bbox 160 3404 1746 3476">
    <p class='ocr_par' dir='ltr' id='par_1_53' title="bbox 160 3404 1746 3476">
     <span class='ocr_line' id='line_1_53' title="bbox 160 3404 1746 3476; baseline 0.001 -22"><span class='ocrx_word' id='word_1_377' title='bbox 160 3404 337 3474; x_wconf 78' lang='grc' dir='ltr'>ἔργων</span> <span class='ocrx_word' id='word_1_378' title='bbox 363 3405 666 3474; x_wconf 80' lang='grc' dir='ltr'>διάγοντες,</span> <span class='ocrx_word' id='word_1_379' title='bbox 716 3406 825 3458; x_wconf 84' lang='grc' dir='ltr'>τῶν</span> <span class='ocrx_word' id='word_1_380' title='bbox 850 3405 944 3458; x_wconf 79' lang='grc' dir='ltr'>νῦν</span> <span class='ocrx_word' id='word_1_381' title='bbox 981 3407 1111 3476; x_wconf 83' lang='grc' dir='ltr'>ἡμῖν</span> <span class='ocrx_word' id='word_1_382' title='bbox 1147 3405 1296 3475; x_wconf 78' lang='grc' dir='ltr'>παρὰ</span> <span class='ocrx_word' id='word_1_383' title='bbox 1319 3406 1406 3458; x_wconf 85' lang='grc' dir='ltr'>τὸν</span> <span class='ocrx_word' id='word_1_384' title='bbox 1439 3405 1550 3474; x_wconf 85' lang='grc' dir='ltr'>βίον</span> <span class='ocrx_word' id='word_1_385' title='bbox 1578 3421 1746 3456; x_wconf 89' lang='grc' dir='ltr'>κατα-</span> 
     </span>
    </p>
   </div>
   <div class='ocr_carea' id='block_1_54' title="bbox 161 3495 1740 3567">
    <p class='ocr_par' dir='ltr' id='par_1_54' title="bbox 161 3495 1740 3567">
     <span class='ocr_line' id='line_1_54' title="bbox 161 3495 1740 3567; baseline 0.001 -21"><span class='ocrx_word' id='word_1_386' title='bbox 161 3495 517 3567; x_wconf 83' lang='grc' dir='ltr'>ϐεϐλημένων</span> <span class='ocrx_word' id='word_1_387' title='bbox 573 3497 904 3567; x_wconf 83' lang='grc' dir='ltr'>σπερμάτων</span> <span class='ocrx_word' id='word_1_388' title='bbox 935 3497 1059 3559; x_wconf 72' lang='grc' dir='ltr'>τοὺς</span> <span class='ocrx_word' id='word_1_389' title='bbox 1096 3499 1343 3565; x_wconf 81' lang='grc' dir='ltr'>καρποὺς</span> <span class='ocrx_word' id='word_1_390' title='bbox 1373 3495 1706 3566; x_wconf 80' lang='grc' dir='ltr'>νομιζόμεθα</span> <span class='ocrx_word' id='word_1_391' title='bbox 1726 3511 1740 3526; x_wconf 91' lang='grc'><strong>·</strong></span> 
     </span>
    </p>
   </div>
   <div class='ocr_carea' id='block_1_55' title="bbox 162 3587 1745 3660">
    <p class='ocr_par' dir='ltr' id='par_1_55' title="bbox 162 3587 1745 3660">
     <span class='ocr_line' id='line_1_55' title="bbox 162 3587 1745 3660; baseline 0 -20"><span class='ocrx_word' id='word_1_392' title='bbox 162 3588 481 3660; x_wconf 81' lang='grc' dir='ltr'>ἀφθάρτους</span> <span class='ocrx_word' id='word_1_393' title='bbox 524 3590 644 3659; x_wconf 85' lang='grc' dir='ltr'>μὲν,</span> <span class='ocrx_word' id='word_1_394' title='bbox 688 3591 846 3659; x_wconf 88' lang='grc' dir='ltr'>είπερ</span> <span class='ocrx_word' id='word_1_395' title='bbox 878 3587 1058 3656; x_wconf 87' lang='grc' dir='ltr'>ἀγαθά</span> <span class='ocrx_word' id='word_1_396' title='bbox 1095 3590 1179 3658; x_wconf 84' lang='grc' dir='ltr'>εἴη</span> <span class='ocrx_word' id='word_1_397' title='bbox 1208 3587 1302 3641; x_wconf 82' lang='grc' dir='ltr'>τοῦ</span> <span class='ocrx_word' id='word_1_398' title='bbox 1336 3587 1450 3657; x_wconf 86' lang='grc' dir='ltr'>βίου</span> <span class='ocrx_word' id='word_1_399' title='bbox 1481 3589 1549 3641; x_wconf 84' lang='grc' dir='ltr'>τὰ</span> <span class='ocrx_word' id='word_1_400' title='bbox 1578 3587 1745 3658; x_wconf 89' lang='grc' dir='ltr'>σπέρ-</span> 
     </span>
    </p>
   </div>
   <div class='ocr_carea' id='block_1_56' title="bbox 166 3679 1743 3752">
    <p class='ocr_par' dir='ltr' id='par_1_56' title="bbox 166 3679 1743 3752">
     <span class='ocr_line' id='line_1_56' title="bbox 166 3679 1743 3752; baseline -0.001 -18"><span class='ocrx_word' id='word_1_401' title='bbox 166 3698 308 3749; x_wconf 85' lang='grc' dir='ltr'>ματα</span> <span class='ocrx_word' id='word_1_402' title='bbox 329 3698 343 3711; x_wconf 87' lang='grc'><strong>·</strong></span> <span class='ocrx_word' id='word_1_403' title='bbox 389 3681 727 3752; x_wconf 78' lang='grc' dir='ltr'>φθαρτικοὺς</span> <span class='ocrx_word' id='word_1_404' title='bbox 757 3681 814 3734; x_wconf 82' lang='grc' dir='ltr'>δὲ</span> <span class='ocrx_word' id='word_1_405' title='bbox 841 3682 934 3734; x_wconf 75' lang='grc' dir='ltr'><strong>καὶ</strong></span> <span class='ocrx_word' id='word_1_406' title='bbox 956 3679 1250 3752; x_wconf 84' lang='grc' dir='ltr'>ὀλεθρίους,</span> <span class='ocrx_word' id='word_1_407' title='bbox 1288 3683 1335 3733; x_wconf 81' lang='grc' dir='ltr'><strong>εί</strong></span> <span class='ocrx_word' id='word_1_408' title='bbox 1358 3681 1582 3733; x_wconf 75' lang='grc' dir='ltr'>τοιαῦτα</span> <span class='ocrx_word' id='word_1_409' title='bbox 1611 3682 1743 3752; x_wconf 77' lang='grc' dir='ltr'>ἡμῖν</span> 
     </span>
    </p>
   </div>
   <div class='ocr_carea' id='block_1_57' title="bbox 164 3771 1746 3844">
    <p class='ocr_par' dir='ltr' id='par_1_57' title="bbox 164 3771 1746 3844">
     <span class='ocr_line' id='line_1_57' title="bbox 164 3771 1746 3844; baseline -0.002 -19"><span class='ocrx_word' id='word_1_410' title='bbox 164 3773 231 3825; x_wconf 73' lang='grc' dir='ltr'>τὰ</span> <span class='ocrx_word' id='word_1_411' title='bbox 259 3771 511 3844; x_wconf 84' lang='grc' dir='ltr'>γεώργια</span> <span class='ocrx_word' id='word_1_412' title='bbox 528 3774 626 3844; x_wconf 83' lang='grc' dir='ltr'>τῆς</span> <span class='ocrx_word' id='word_1_413' title='bbox 654 3773 800 3843; x_wconf 77' lang='grc' dir='ltr'>ζωῆς</span> <span class='ocrx_word' id='word_1_414' title='bbox 828 3771 1031 3842; x_wconf 82' lang='grc' dir='ltr'>ταύτης</span> <span class='ocrx_word' id='word_1_415' title='bbox 1052 3771 1358 3839; x_wconf 72' lang='grc' dir='ltr'>ὲκφύσειεν.</span> <span class='ocrx_word' id='word_1_416' title='bbox 1390 3771 1449 3824; x_wconf 88' lang='lat' dir='ltr'><strong>&#39;O</strong></span> <span class='ocrx_word' id='word_1_417' title='bbox 1470 3771 1577 3843; x_wconf 86' lang='grc' dir='ltr'>γὰρ</span> <span class='ocrx_word' id='word_1_418' title='bbox 1598 3771 1746 3824; x_wconf 85' lang='grc' dir='ltr'>σπεί-</span> 
     </span>
    </p>
   </div>
   <div class='ocr_carea' id='block_1_58' title="bbox 169 3862 1744 3935">
    <p class='ocr_par' dir='ltr' id='par_1_58' title="bbox 169 3862 1744 3935">
     <span class='ocr_line' id='line_1_58' title="bbox 169 3862 1744 3935; baseline 0 -19"><span class='ocrx_word' id='word_1_419' title='bbox 169 3882 270 3935; x_wconf 82' lang='grc' dir='ltr'><strong>ρων</strong></span> <span class='ocrx_word' id='word_1_420' title='bbox 293 3867 375 3927; x_wconf 84' lang='grc' dir='ltr'><strong>είς</strong></span> <span class='ocrx_word' id='word_1_421' title='bbox 405 3865 466 3917; x_wconf 82' lang='grc' dir='ltr'>τὸ</span> <span class='ocrx_word' id='word_1_422' title='bbox 504 3864 741 3933; x_wconf 75' lang='grc' dir='ltr'>πνεῦμα,</span> <span class='ocrx_word' id='word_1_423' title='bbox 768 3866 951 3934; x_wconf 72' lang='grc' dir='ltr'>φησὶν,</span> <span class='ocrx_word' id='word_1_424' title='bbox 976 3867 1040 3916; x_wconf 78' lang='grc' dir='ltr'>ἐκ</span> <span class='ocrx_word' id='word_1_425' title='bbox 1072 3862 1164 3916; x_wconf 80' lang='grc' dir='ltr'>τοῦ</span> <span class='ocrx_word' id='word_1_426' title='bbox 1198 3863 1505 3933; x_wconf 90' lang='grc' dir='ltr'>πνεύματος</span> <span class='ocrx_word' id='word_1_427' title='bbox 1539 3862 1744 3933; x_wconf 87' lang='grc' dir='ltr'>θερίσει</span> 
     </span>
    </p>
   </div>
   <div class='ocr_carea' id='block_1_59' title="bbox 167 3950 1743 4023">
    <p class='ocr_par' dir='ltr' id='par_1_59' title="bbox 167 3950 1743 4023">
     <span class='ocr_line' id='line_1_59' title="bbox 167 3950 1743 4023; baseline -0.003 -17"><span class='ocrx_word' id='word_1_428' title='bbox 167 3953 304 4023; x_wconf 72' lang='grc' dir='ltr'>ζωὴν</span> <span class='ocrx_word' id='word_1_429' title='bbox 362 3952 587 4007; x_wconf 73' lang='grc' dir='ltr'>αἰώνιον</span> <span class='ocrx_word' id='word_1_430' title='bbox 607 3969 621 3983; x_wconf 70' lang='grc'><strong><em>⁸</em></strong></span> <span class='ocrx_word' id='word_1_431' title='bbox 649 3955 678 4004; x_wconf 88' lang='grc' dir='ltr'><strong>ό</strong></span> <span class='ocrx_word' id='word_1_432' title='bbox 710 3953 766 4004; x_wconf 82' lang='grc' dir='ltr'>δὲ</span> <span class='ocrx_word' id='word_1_433' title='bbox 800 3953 1037 4022; x_wconf 85' lang='grc' dir='ltr'>σπείρων</span> <span class='ocrx_word' id='word_1_434' title='bbox 1071 3952 1151 4012; x_wconf 86' lang='grc' dir='ltr'><strong>είς</strong></span> <span class='ocrx_word' id='word_1_435' title='bbox 1181 3950 1281 4021; x_wconf 80' lang='grc' dir='ltr'>τὴν</span> <span class='ocrx_word' id='word_1_436' title='bbox 1317 3951 1515 4020; x_wconf 87' lang='grc' dir='ltr'>σάρκα,</span> <span class='ocrx_word' id='word_1_437' title='bbox 1544 3952 1607 4002; x_wconf 85' lang='grc' dir='ltr'>ὲκ</span> <span class='ocrx_word' id='word_1_438' title='bbox 1645 3951 1743 4021; x_wconf 79' lang='grc' dir='ltr'>τῆς</span> 
     </span>
    </p>
   </div>
   <div class='ocr_carea' id='block_1_60' title="bbox 167 4042 1745 4118">
    <p class='ocr_par' dir='ltr' id='par_1_60' title="bbox 167 4042 1745 4118">
     <span class='ocr_line' id='line_1_60' title="bbox 167 4042 1745 4118; baseline -0.001 -22"><span class='ocrx_word' id='word_1_439' title='bbox 167 4046 363 4118; x_wconf 72' lang='grc' dir='ltr'>σαρκὸς</span> <span class='ocrx_word' id='word_1_440' title='bbox 415 4045 624 4116; x_wconf 85' lang='grc' dir='ltr'>θερίσει</span> <span class='ocrx_word' id='word_1_441' title='bbox 673 4044 899 4114; x_wconf 76' lang='grc' dir='ltr'>φθοράν.</span> <span class='ocrx_word' id='word_1_442' title='bbox 939 4042 1078 4095; x_wconf 86' lang='grc' dir='ltr'>Ἀλλ’</span> <span class='ocrx_word' id='word_1_443' title='bbox 1118 4045 1150 4112; x_wconf 82' lang='grc' dir='ltr'><strong>η</strong></span> <span class='ocrx_word' id='word_1_444' title='bbox 1211 4043 1347 4112; x_wconf 73' lang='grc' dir='ltr'>πρὸς</span> <span class='ocrx_word' id='word_1_445' title='bbox 1388 4043 1452 4095; x_wconf 89' lang='grc' dir='ltr'>τὸ</span> <span class='ocrx_word' id='word_1_446' title='bbox 1498 4045 1745 4111; x_wconf 86' lang='grc' dir='ltr'>κρεῖττον</span> 
     </span>
    </p>
   </div>
   <div class='ocr_carea' id='block_1_61' title="bbox 164 4134 1745 4209">
    <p class='ocr_par' dir='ltr' id='par_1_61' title="bbox 164 4134 1745 4209">
     <span class='ocr_line' id='line_1_61' title="bbox 164 4134 1745 4209; baseline -0.003 -16"><span class='ocrx_word' id='word_1_447' title='bbox 164 4138 457 4209; x_wconf 78' lang='grc' dir='ltr'>έτοιμασία</span> <span class='ocrx_word' id='word_1_448' title='bbox 506 4138 642 4208; x_wconf 87' lang='grc' dir='ltr'>μόνη</span> <span class='ocrx_word' id='word_1_449' title='bbox 675 4137 879 4208; x_wconf 87' lang='grc' dir='ltr'>κυρίως</span> <span class='ocrx_word' id='word_1_450' title='bbox 911 4135 1230 4208; x_wconf 76' lang='grc' dir='ltr'>παρασκευὴ</span> <span class='ocrx_word' id='word_1_451' title='bbox 1262 4134 1584 4206; x_wconf 82' lang='grc' dir='ltr'>ὀνομάζεται</span> <span class='ocrx_word' id='word_1_452' title='bbox 1605 4153 1619 4166; x_wconf 68' lang='grc' dir='ltr'>θ</span> <span class='ocrx_word' id='word_1_453' title='bbox 1650 4136 1745 4188; x_wconf 79' lang='grc' dir='ltr'>καὶ</span> 
     </span>
    </p>
   </div>
   <div class='ocr_carea' id='block_1_62' title="bbox 166 4224 1745 4300">
    <p class='ocr_par' dir='ltr' id='par_1_62' title="bbox 166 4224 1745 4300">
     <span class='ocr_line' id='line_1_62' title="bbox 166 4224 1745 4300; baseline -0.001 -19"><span class='ocrx_word' id='word_1_454' title='bbox 166 4231 425 4300; x_wconf 69' lang='grc' dir='ltr'>κυροῦται</span> <span class='ocrx_word' id='word_1_455' title='bbox 461 4230 525 4300; x_wconf 85' lang='grc' dir='ltr'>δή</span> <span class='ocrx_word' id='word_1_456' title='bbox 555 4229 718 4283; x_wconf 78' lang='grc' dir='ltr'>ποθεν</span> <span class='ocrx_word' id='word_1_457' title='bbox 746 4229 823 4300; x_wconf 79' lang='grc' dir='ltr'>τῷ</span> <span class='ocrx_word' id='word_1_458' title='bbox 850 4229 1017 4300; x_wconf 85' lang='grc' dir='ltr'>νόμῳ,</span> <span class='ocrx_word' id='word_1_459' title='bbox 1042 4224 1108 4300; x_wconf 81' lang='grc' dir='ltr'>ἦς</span> <span class='ocrx_word' id='word_1_460' title='bbox 1130 4229 1191 4280; x_wconf 85' lang='grc' dir='ltr'>τὸ</span> <span class='ocrx_word' id='word_1_461' title='bbox 1219 4228 1502 4291; x_wconf 88' lang='grc' dir='ltr'>ἀπόθετον,</span> <span class='ocrx_word' id='word_1_462' title='bbox 1534 4228 1745 4298; x_wconf 79' lang='grc' dir='ltr'>ἀφθαρ-</span> 
     </span>
    </p>
   </div>
   <div class='ocr_carea' id='block_1_63' title="bbox 170 4316 1742 4388">
    <p class='ocr_par' dir='ltr' id='par_1_63' title="bbox 170 4316 1742 4388">
     <span class='ocr_line' id='line_1_63' title="bbox 170 4316 1742 4388; baseline 0.001 -20"><span class='ocrx_word' id='word_1_463' title='bbox 170 4318 254 4369; x_wconf 88' lang='grc' dir='ltr'><strong>σία</strong></span> <span class='ocrx_word' id='word_1_464' title='bbox 280 4318 424 4371; x_wconf 80' lang='grc' dir='ltr'>ὲστί.</span> <span class='ocrx_word' id='word_1_465' title='bbox 461 4319 534 4370; x_wconf 83' lang='grc' dir='ltr'>Τὸ</span> <span class='ocrx_word' id='word_1_466' title='bbox 563 4317 620 4370; x_wconf 83' lang='grc' dir='ltr'>δὲ</span> <span class='ocrx_word' id='word_1_467' title='bbox 643 4319 708 4370; x_wconf 80' lang='grc' dir='ltr'>ἐκ</span> <span class='ocrx_word' id='word_1_468' title='bbox 730 4317 824 4370; x_wconf 80' lang='grc' dir='ltr'>τοῦ</span> <span class='ocrx_word' id='word_1_469' title='bbox 858 4319 1100 4371; x_wconf 80' lang='grc' dir='ltr'>ἐναντίου</span> <span class='ocrx_word' id='word_1_470' title='bbox 1133 4316 1444 4386; x_wconf 89' lang='grc' dir='ltr'>νοούμενον,</span> <span class='ocrx_word' id='word_1_471' title='bbox 1480 4317 1541 4370; x_wconf 80' lang='grc' dir='ltr'>οὐ</span> <span class='ocrx_word' id='word_1_472' title='bbox 1562 4335 1742 4388; x_wconf 85' lang='grc' dir='ltr'>παρα-</span> 
     </span>
    </p>
   </div>
   <div class='ocr_carea' id='block_1_64' title="bbox 167 4408 1821 4486">
    <p class='ocr_par' dir='ltr' id='par_1_64' title="bbox 167 4408 1821 4486">
     <span class='ocr_line' id='line_1_64' title="bbox 167 4408 1821 4486; baseline -0.001 -25"><span class='ocrx_word' id='word_1_473' title='bbox 167 4409 388 4480; x_wconf 77' lang='grc' dir='ltr'>σκευὴν,</span> <span class='ocrx_word' id='word_1_474' title='bbox 448 4409 564 4461; x_wconf 76' lang='grc' dir='ltr'>ἀλλ’</span> <span class='ocrx_word' id='word_1_475' title='bbox 598 4408 872 4461; x_wconf 79' lang='grc' dir='ltr'>ἔκπτωσιν</span> <span class='ocrx_word' id='word_1_476' title='bbox 907 4409 1261 4479; x_wconf 82' lang='grc' dir='ltr'>παρασκευῆς</span> <span class='ocrx_word' id='word_1_477' title='bbox 1296 4408 1602 4478; x_wconf 83' lang='grc' dir='ltr'>ὀνομάσειε.</span> <span class='ocrx_word' id='word_1_478' title='bbox 1653 4408 1743 4460; x_wconf 87' lang='grc' dir='ltr'><strong>Διὸ</strong></span> <span class='ocrx_word' id='word_1_479' title='bbox 1775 4428 1821 4486; x_wconf 79' lang='lat' dir='ltr'><strong>D</strong></span> 
     </span>
    </p>
   </div>
   <div class='ocr_carea' id='block_1_65' title="bbox 170 4497 1744 4570">
    <p class='ocr_par' dir='ltr' id='par_1_65' title="bbox 170 4497 1744 4570">
     <span class='ocr_line' id='line_1_65' title="bbox 170 4497 1744 4570; baseline -0.001 -19"><span class='ocrx_word' id='word_1_480' title='bbox 170 4501 332 4568; x_wconf 82' lang='grc' dir='ltr'>μόνην</span> <span class='ocrx_word' id='word_1_481' title='bbox 394 4499 494 4570; x_wconf 80' lang='grc' dir='ltr'>τὴν</span> <span class='ocrx_word' id='word_1_482' title='bbox 538 4499 673 4570; x_wconf 80' lang='grc' dir='ltr'>πρὸς</span> <span class='ocrx_word' id='word_1_483' title='bbox 711 4499 770 4552; x_wconf 85' lang='grc' dir='ltr'>τὸ</span> <span class='ocrx_word' id='word_1_484' title='bbox 812 4501 1059 4570; x_wconf 82' lang='grc' dir='ltr'>κρεῖττον</span> <span class='ocrx_word' id='word_1_485' title='bbox 1091 4497 1532 4568; x_wconf 86' lang='grc' dir='ltr'>κατορθουμένην</span> <span class='ocrx_word' id='word_1_486' title='bbox 1567 4514 1744 4567; x_wconf 84' lang='grc' dir='ltr'>παρα-</span> 
     </span>
    </p>
   </div>
   <div class='ocr_carea' id='block_1_66' title="bbox 167 4587 1748 4662">
    <p class='ocr_par' dir='ltr' id='par_1_66' title="bbox 167 4587 1748 4662">
     <span class='ocr_line' id='line_1_66' title="bbox 167 4587 1748 4662; baseline -0.001 -21"><span class='ocrx_word' id='word_1_487' title='bbox 167 4592 362 4662; x_wconf 79' lang='grc' dir='ltr'>σκευὴν</span> <span class='ocrx_word' id='word_1_488' title='bbox 387 4589 672 4661; x_wconf 87' lang='grc' dir='ltr'>νομοθετεῖ</span> <span class='ocrx_word' id='word_1_489' title='bbox 696 4593 810 4653; x_wconf 88' lang='grc' dir='ltr'>τοῖς</span> <span class='ocrx_word' id='word_1_490' title='bbox 857 4588 1163 4661; x_wconf 85' lang='grc' dir='ltr'>ἀνθρώποις</span> <span class='ocrx_word' id='word_1_491' title='bbox 1181 4591 1214 4659; x_wconf 81' lang='grc' dir='ltr'>ἡ</span> <span class='ocrx_word' id='word_1_492' title='bbox 1253 4589 1482 4657; x_wconf 82' lang='grc' dir='ltr'>ἱστορία,</span> <span class='ocrx_word' id='word_1_493' title='bbox 1516 4587 1576 4640; x_wconf 82' lang='grc' dir='ltr'>τὸ</span> <span class='ocrx_word' id='word_1_494' title='bbox 1603 4590 1748 4640; x_wconf 84' lang='grc' dir='ltr'>ὲναν-</span> 
     </span>
    </p>
   </div>
   <div class='ocr_carea' id='block_1_67' title="bbox 165 4679 1746 4752">
    <p class='ocr_par' dir='ltr' id='par_1_67' title="bbox 165 4679 1746 4752">
     <span class='ocr_line' id='line_1_67' title="bbox 165 4679 1746 4752; baseline -0.001 -20"><span class='ocrx_word' id='word_1_495' title='bbox 165 4682 273 4735; x_wconf 84' lang='grc' dir='ltr'>τίον</span> <span class='ocrx_word' id='word_1_496' title='bbox 299 4682 396 4736; x_wconf 81' lang='grc' dir='ltr'>διὰ</span> <span class='ocrx_word' id='word_1_497' title='bbox 422 4683 522 4752; x_wconf 81' lang='grc' dir='ltr'>τῆς</span> <span class='ocrx_word' id='word_1_498' title='bbox 554 4681 931 4752; x_wconf 76' lang='grc' dir='ltr'>παραλείψεως</span> <span class='ocrx_word' id='word_1_499' title='bbox 944 4685 1085 4734; x_wconf 87' lang='grc' dir='ltr'>νοεῖν</span> <span class='ocrx_word' id='word_1_500' title='bbox 1101 4683 1212 4743; x_wconf 86' lang='grc' dir='ltr'>τοῖς</span> <span class='ocrx_word' id='word_1_501' title='bbox 1234 4683 1471 4741; x_wconf 86' lang='grc' dir='ltr'>συνετοῖς</span> <span class='ocrx_word' id='word_1_502' title='bbox 1493 4679 1746 4733; x_wconf 87' lang='grc' dir='ltr'>καταλεί-</span> 
     </span>
    </p>
   </div>
   <div class='ocr_carea' id='block_1_68' title="bbox 166 4769 1742 4840">
    <p class='ocr_par' dir='ltr' id='par_1_68' title="bbox 166 4769 1742 4840">
     <span class='ocr_line' id='line_1_68' title="bbox 166 4769 1742 4840; baseline -0.006 -13"><span class='ocrx_word' id='word_1_503' title='bbox 166 4790 358 4828; x_wconf 79' lang='grc' dir='ltr'>πουσα.</span> <span class='ocrx_word' id='word_1_504' title='bbox 383 4772 654 4840; x_wconf 83' lang='grc' dir='ltr'>Καθάπερ</span> <span class='ocrx_word' id='word_1_505' title='bbox 674 4771 730 4824; x_wconf 81' lang='grc' dir='ltr'>δὲ</span> <span class='ocrx_word' id='word_1_506' title='bbox 757 4773 815 4824; x_wconf 84' lang='grc' dir='ltr'>ὲν</span> <span class='ocrx_word' id='word_1_507' title='bbox 835 4773 947 4834; x_wconf 89' lang='grc' dir='ltr'>τοῖς</span> <span class='ocrx_word' id='word_1_508' title='bbox 969 4772 1376 4840; x_wconf 85' lang='grc' dir='ltr'>στρατιωτικοῖς</span> <span class='ocrx_word' id='word_1_509' title='bbox 1404 4769 1742 4836; x_wconf 88' lang='grc' dir='ltr'>καταλόγοις,</span> 
     </span>
    </p>
   </div>
   <div class='ocr_carea' id='block_1_69' title="bbox 167 4860 1748 4938">
    <p class='ocr_par' dir='ltr' id='par_1_69' title="bbox 167 4860 1748 4938">
     <span class='ocr_line' id='line_1_69' title="bbox 167 4860 1748 4938; baseline -0.004 -20"><span class='ocrx_word' id='word_1_510' title='bbox 167 4866 431 4938; x_wconf 68' lang='grc' dir='ltr'>πρότερον</span> <span class='ocrx_word' id='word_1_511' title='bbox 448 4862 662 4934; x_wconf 78' lang='grc' dir='ltr'>πορίζει</span> <span class='ocrx_word' id='word_1_512' title='bbox 681 4863 742 4916; x_wconf 80' lang='grc' dir='ltr'>τὸ</span> <span class='ocrx_word' id='word_1_513' title='bbox 769 4862 1076 4934; x_wconf 87' lang='grc' dir='ltr'>σιτηρέσιον</span> <span class='ocrx_word' id='word_1_514' title='bbox 1106 4863 1134 4913; x_wconf 89' lang='grc' dir='ltr'>ὁ</span> <span class='ocrx_word' id='word_1_515' title='bbox 1156 4861 1256 4931; x_wconf 82' lang='grc' dir='ltr'>τῆς</span> <span class='ocrx_word' id='word_1_516' title='bbox 1280 4860 1565 4932; x_wconf 84' lang='grc' dir='ltr'>στρατείας</span> <span class='ocrx_word' id='word_1_517' title='bbox 1588 4860 1748 4930; x_wconf 87' lang='grc' dir='ltr'>ἡγού-</span> 
     </span>
    </p>
   </div>
   <div class='ocr_carea' id='block_1_70' title="bbox 170 4950 1742 5027">
    <p class='ocr_par' dir='ltr' id='par_1_70' title="bbox 170 4950 1742 5027">
     <span class='ocr_line' id='line_1_70' title="bbox 170 4950 1742 5027; baseline -0.006 -16"><span class='ocrx_word' id='word_1_518' title='bbox 170 4975 344 5027; x_wconf 80' lang='grc' dir='ltr'>μενος,</span> <span class='ocrx_word' id='word_1_519' title='bbox 412 4951 512 5010; x_wconf 73' lang='grc' dir='ltr'>εἷθ’</span> <span class='ocrx_word' id='word_1_520' title='bbox 544 4955 688 5009; x_wconf 72' lang='grc' dir='ltr'>οὕτω</span> <span class='ocrx_word' id='word_1_521' title='bbox 731 4953 912 5006; x_wconf 84' lang='grc' dir='ltr'>δίδωσι</span> <span class='ocrx_word' id='word_1_522' title='bbox 957 4953 1052 5006; x_wconf 81' lang='grc' dir='ltr'>τοῦ</span> <span class='ocrx_word' id='word_1_523' title='bbox 1093 4953 1328 5023; x_wconf 83' lang='grc' dir='ltr'>πολέμου</span> <span class='ocrx_word' id='word_1_524' title='bbox 1364 4951 1426 5004; x_wconf 79' lang='grc' dir='ltr'>τὸ</span> <span class='ocrx_word' id='word_1_525' title='bbox 1452 4950 1702 5021; x_wconf 86' lang='grc' dir='ltr'>σύνθημα</span> <span class='ocrx_word' id='word_1_526' title='bbox 1726 4967 1742 4981; x_wconf 76' lang='grc' dir='ltr'><strong>ο</strong></span> 
     </span>
    </p>
   </div>
   <div class='ocr_carea' id='block_1_71' title="bbox 168 5039 1745 5112">
    <p class='ocr_par' dir='ltr' id='par_1_71' title="bbox 168 5039 1745 5112">
     <span class='ocr_line' id='line_1_71' title="bbox 168 5039 1745 5112; baseline -0.003 -16"><span class='ocrx_word' id='word_1_527' title='bbox 168 5044 434 5097; x_wconf 76' lang='grc' dir='ltr'>τδναύτὺν</span> <span class='ocrx_word' id='word_1_528' title='bbox 465 5043 666 5112; x_wconf 88' lang='grc' dir='ltr'>τρόπον</span> <span class='ocrx_word' id='word_1_529' title='bbox 702 5042 796 5095; x_wconf 78' lang='grc' dir='ltr'>καὶ</span> <span class='ocrx_word' id='word_1_530' title='bbox 827 5043 875 5094; x_wconf 88' lang='grc' dir='ltr'><strong>οί</strong></span> <span class='ocrx_word' id='word_1_531' title='bbox 925 5042 1023 5112; x_wconf 83' lang='grc' dir='ltr'>τῆς</span> <span class='ocrx_word' id='word_1_532' title='bbox 1054 5042 1253 5112; x_wconf 84' lang='grc' dir='ltr'>ἀρετῆς</span> <span class='ocrx_word' id='word_1_533' title='bbox 1303 5039 1633 5111; x_wconf 87' lang='grc' dir='ltr'>στρατιῶται</span> <span class='ocrx_word' id='word_1_534' title='bbox 1685 5039 1745 5092; x_wconf 84' lang='grc' dir='ltr'>τὸ</span> 
     </span>
    </p>
   </div>
   <div class='ocr_carea' id='block_1_72' title="bbox 171 5131 1743 5204">
    <p class='ocr_par' dir='ltr' id='par_1_72' title="bbox 171 5131 1743 5204">
     <span class='ocr_line' id='line_1_72' title="bbox 171 5131 1743 5204; baseline -0.003 -18"><span class='ocrx_word' id='word_1_535' title='bbox 171 5135 429 5204; x_wconf 81' lang='grc' dir='ltr'>μυστικὸν</span> <span class='ocrx_word' id='word_1_536' title='bbox 450 5133 733 5204; x_wconf 84' lang='grc' dir='ltr'>δεξάμενοι</span> <span class='ocrx_word' id='word_1_537' title='bbox 769 5132 1095 5202; x_wconf 90' lang='grc' dir='ltr'>σιτηρέσιον,</span> <span class='ocrx_word' id='word_1_538' title='bbox 1123 5131 1264 5185; x_wconf 75' lang='grc' dir='ltr'>οὕτω</span> <span class='ocrx_word' id='word_1_539' title='bbox 1283 5132 1425 5185; x_wconf 84' lang='grc' dir='ltr'>κατὰ</span> <span class='ocrx_word' id='word_1_540' title='bbox 1450 5131 1558 5184; x_wconf 86' lang='grc' dir='ltr'><strong>τῶν</strong></span> <span class='ocrx_word' id='word_1_541' title='bbox 1594 5131 1743 5185; x_wconf 83' lang='grc' dir='ltr'>ἀλλο-</span> 
     </span>
    </p>
   </div>
   <div class='ocr_carea' id='block_1_73' title="bbox 169 5223 1742 5296">
    <p class='ocr_par' dir='ltr' id='par_1_73' title="bbox 169 5223 1742 5296">
     <span class='ocr_line' id='line_1_73' title="bbox 169 5223 1742 5296; baseline -0.003 -17"><span class='ocrx_word' id='word_1_542' title='bbox 169 5227 343 5295; x_wconf 65' lang='grc' dir='ltr'>φύλων</span> <span class='ocrx_word' id='word_1_543' title='bbox 392 5226 599 5281; x_wconf 80' lang='grc' dir='ltr'>κινοῦσι</span> <span class='ocrx_word' id='word_1_544' title='bbox 646 5225 737 5278; x_wconf 78' lang='grc' dir='ltr'>τὸν</span> <span class='ocrx_word' id='word_1_545' title='bbox 791 5224 1047 5294; x_wconf 87' lang='grc' dir='ltr'>πόλεμον,</span> <span class='ocrx_word' id='word_1_546' title='bbox 1102 5225 1277 5296; x_wconf 88' lang='grc' dir='ltr'><strong>Ἰησοῦ</strong></span> <span class='ocrx_word' id='word_1_547' title='bbox 1325 5224 1418 5278; x_wconf 84' lang='grc' dir='ltr'>τοῦ</span> <span class='ocrx_word' id='word_1_548' title='bbox 1463 5223 1742 5286; x_wconf 81' lang='grc' dir='ltr'>Μωῦσέως</span> 
     </span>
    </p>
   </div>
   <div class='ocr_carea' id='block_1_74' title="bbox 167 5316 1742 5390">
    <p class='ocr_par' dir='ltr' id='par_1_74' title="bbox 167 5316 1742 5390">
     <span class='ocr_line' id='line_1_74' title="bbox 167 5316 1742 5390; baseline -0.003 -19"><span class='ocrx_word' id='word_1_549' title='bbox 167 5318 408 5390; x_wconf 76' lang='grc' dir='ltr'>διαδόχου</span> <span class='ocrx_word' id='word_1_550' title='bbox 466 5317 878 5388; x_wconf 84' lang='grc' dir='ltr'>καθηγουμένου</span> <span class='ocrx_word' id='word_1_551' title='bbox 933 5318 1032 5387; x_wconf 86' lang='grc' dir='ltr'><strong>τῆς</strong></span> <span class='ocrx_word' id='word_1_552' title='bbox 1083 5317 1284 5388; x_wconf 86' lang='grc' dir='ltr'>μάχης.</span> <span class='ocrx_word' id='word_1_553' title='bbox 1336 5318 1502 5388; x_wconf 82' lang='grc' dir='ltr'>Ὀρᾷς</span> <span class='ocrx_word' id='word_1_554' title='bbox 1528 5317 1594 5369; x_wconf 82' lang='grc' dir='ltr'><strong>δι’</strong></span> <span class='ocrx_word' id='word_1_555' title='bbox 1625 5316 1742 5380; x_wconf 80' lang='grc' dir='ltr'>οἵας</span> 
     </span>
    </p>
   </div>
   <div class='ocr_carea' id='block_1_75' title="bbox 167 5407 1742 5480">
    <p class='ocr_par' dir='ltr' id='par_1_75' title="bbox 167 5407 1742 5480">
     <span class='ocr_line' id='line_1_75' title="bbox 167 5407 1742 5480; baseline 0.001 -20"><span class='ocrx_word' id='word_1_556' title='bbox 167 5410 410 5477; x_wconf 83' lang='grc' dir='ltr'>πρόεισιν</span> <span class='ocrx_word' id='word_1_557' title='bbox 429 5407 751 5471; x_wconf 83' lang='grc' dir='ltr'>ἀκολουθίας</span> <span class='ocrx_word' id='word_1_558' title='bbox 765 5410 793 5460; x_wconf 95' lang='lat'><strong>6</strong></span> <span class='ocrx_word' id='word_1_559' title='bbox 809 5408 965 5476; x_wconf 83' lang='grc' dir='ltr'>λόγος</span> <span class='ocrx_word' id='word_1_560' title='bbox 981 5425 995 5474; x_wconf 90' lang='lat'><strong>;</strong></span> <span class='ocrx_word' id='word_1_561' title='bbox 1019 5409 1163 5471; x_wconf 89' lang='grc' dir='ltr'><strong>Ἕως</strong></span> <span class='ocrx_word' id='word_1_562' title='bbox 1190 5407 1573 5480; x_wconf 88' lang='grc' dir='ltr'>ἀσθενέστερός</span> <span class='ocrx_word' id='word_1_563' title='bbox 1595 5409 1742 5463; x_wconf 76' lang='grc' dir='ltr'>ἐστιν</span> 
     </span>
    </p>
   </div>
   <div class='ocr_carea' id='block_1_76' title="bbox 169 5500 1742 5572">
    <p class='ocr_par' dir='ltr' id='par_1_76' title="bbox 169 5500 1742 5572">
     <span class='ocr_line' id='line_1_76' title="bbox 169 5500 1742 5572; baseline 0.001 -22"><span class='ocrx_word' id='word_1_564' title='bbox 169 5500 192 5550; x_wconf 74' lang='lat'><em>5</em></span> <span class='ocrx_word' id='word_1_565' title='bbox 237 5500 525 5572; x_wconf 75' lang='grc' dir='ltr'>ἅνθρωπος</span> <span class='ocrx_word' id='word_1_566' title='bbox 556 5503 619 5571; x_wconf 82' lang='grc' dir='ltr'>τῇ</span> <span class='ocrx_word' id='word_1_567' title='bbox 653 5501 864 5572; x_wconf 80' lang='grc' dir='ltr'>πονηρᾷ</span> <span class='ocrx_word' id='word_1_568' title='bbox 913 5500 1186 5572; x_wconf 83' lang='grc' dir='ltr'>τυραννίδι</span> <span class='ocrx_word' id='word_1_569' title='bbox 1238 5500 1643 5570; x_wconf 81' lang='grc' dir='ltr'>κεκακωμένος,</span> <span class='ocrx_word' id='word_1_570' title='bbox 1673 5501 1742 5552; x_wconf 83' lang='grc' dir='ltr'>δι’</span> 
     </span>
    </p>
   </div>
   <div class='ocr_carea' id='block_1_77' title="bbox 169 5591 1738 5665">
    <p class='ocr_par' dir='ltr' id='par_1_77' title="bbox 169 5591 1738 5665">
     <span class='ocr_line' id='line_1_77' title="bbox 169 5591 1738 5665; baseline 0.002 -23"><span class='ocrx_word' id='word_1_571' title='bbox 169 5591 356 5644; x_wconf 68' lang='grc' dir='ltr'>ἑαυτοῦ</span> <span class='ocrx_word' id='word_1_572' title='bbox 387 5593 476 5645; x_wconf 85' lang='grc' dir='ltr'>τὸν</span> <span class='ocrx_word' id='word_1_573' title='bbox 510 5592 705 5663; x_wconf 83' lang='grc' dir='ltr'>ὲχθρδν</span> <span class='ocrx_word' id='word_1_574' title='bbox 738 5593 838 5646; x_wconf 84' lang='grc' dir='ltr'>οὐκ</span> <span class='ocrx_word' id='word_1_575' title='bbox 865 5593 1163 5664; x_wconf 87' lang='grc' dir='ltr'>ἀμύνεται·</span> <span class='ocrx_word' id='word_1_576' title='bbox 1204 5593 1327 5646; x_wconf 84' lang='grc' dir='ltr'>οὐδὲ</span> <span class='ocrx_word' id='word_1_577' title='bbox 1363 5593 1472 5665; x_wconf 85' lang='grc' dir='ltr'>γὰρ</span> <span class='ocrx_word' id='word_1_578' title='bbox 1497 5593 1738 5647; x_wconf 88' lang='grc' dir='ltr'>δύναται.</span> 
     </span>
    </p>
   </div>
   <div class='ocr_carea' id='block_1_78' title="bbox 179 5683 1741 5756">
    <p class='ocr_par' dir='ltr' id='par_1_78' title="bbox 179 5683 1741 5756">
     <span class='ocr_line' id='line_1_78' title="bbox 179 5683 1741 5756; baseline 0.001 -19"><span class='ocrx_word' id='word_1_579' title='bbox 179 5683 314 5738; x_wconf 78' lang='grc' dir='ltr'>Ἀλλ’</span> <span class='ocrx_word' id='word_1_580' title='bbox 341 5683 526 5756; x_wconf 74' lang='grc' dir='ltr'>ἕτερός</span> <span class='ocrx_word' id='word_1_581' title='bbox 555 5687 709 5740; x_wconf 84' lang='grc' dir='ltr'>ὲστιν</span> <span class='ocrx_word' id='word_1_582' title='bbox 737 5685 766 5737; x_wconf 87' lang='lat'><strong>6</strong></span> <span class='ocrx_word' id='word_1_583' title='bbox 791 5684 898 5739; x_wconf 84' lang='grc' dir='ltr'><strong>τῶν</strong></span> <span class='ocrx_word' id='word_1_584' title='bbox 928 5684 1298 5740; x_wconf 83' lang='grc' dir='ltr'>ἀσθενούντων</span> <span class='ocrx_word' id='word_1_585' title='bbox 1328 5684 1684 5756; x_wconf 80' lang='grc' dir='ltr'>ὑπερμαχῶν,</span> <span class='ocrx_word' id='word_1_586' title='bbox 1713 5689 1741 5738; x_wconf 90' lang='grc' dir='ltr'>ὁ</span> 
     </span>
    </p>
   </div>
   <div class='ocr_carea' id='block_1_79' title="bbox 1842 1847 3416 1917">
    <p class='ocr_par' dir='ltr' id='par_1_79' title="bbox 1842 1847 3416 1917">
     <span class='ocr_line' id='line_1_79' title="bbox 1842 1847 3416 1917; baseline 0.001 -17"><span class='ocrx_word' id='word_1_587' title='bbox 1842 1847 1899 1900; x_wconf 88' lang='lat' dir='ltr'><strong>in</strong></span> <span class='ocrx_word' id='word_1_588' title='bbox 1960 1848 2210 1917; x_wconf 89' lang='lat' dir='ltr'><strong>sequenti</strong></span> <span class='ocrx_word' id='word_1_589' title='bbox 2274 1849 2400 1911; x_wconf 86' lang='lat' dir='ltr'><strong>die,</strong></span> <span class='ocrx_word' id='word_1_590' title='bbox 2437 1849 2489 1903; x_wconf 92' lang='lat' dir='ltr'><strong>in</strong></span> <span class='ocrx_word' id='word_1_591' title='bbox 2545 1847 2731 1903; x_wconf 81' lang='lat' dir='ltr'><strong>futuro</strong></span> <span class='ocrx_word' id='word_1_592' title='bbox 2785 1849 3039 1905; x_wconf 81' lang='lat' dir='ltr'><strong>videlicet</strong></span> <span class='ocrx_word' id='word_1_593' title='bbox 3085 1851 3308 1913; x_wconf 71' lang='lat' dir='ltr'><strong>smculo,</strong></span> <span class='ocrx_word' id='word_1_594' title='bbox 3359 1850 3416 1902; x_wconf 91' lang='lat' dir='ltr'><strong>in</strong></span> 
     </span>
    </p>
   </div>
   <div class='ocr_carea' id='block_1_80' title="bbox 1843 1940 3410 2011">
    <p class='ocr_par' dir='ltr' id='par_1_80' title="bbox 1843 1940 3410 2011">
     <span class='ocr_line' id='line_1_80' title="bbox 1843 1940 3410 2011; baseline 0.003 -21"><span class='ocrx_word' id='word_1_595' title='bbox 1843 1953 2058 1992; x_wconf 82' lang='lat' dir='ltr'><strong>vermes</strong></span> <span class='ocrx_word' id='word_1_596' title='bbox 2081 1940 2346 1994; x_wconf 88' lang='lat' dir='ltr'><strong>adversus</strong></span> <span class='ocrx_word' id='word_1_597' title='bbox 2369 1956 2464 1996; x_wconf 87' lang='lat' dir='ltr'><strong>eos</strong></span> <span class='ocrx_word' id='word_1_598' title='bbox 2493 1943 2585 2011; x_wconf 90' lang='lat' dir='ltr'><strong>qui</strong></span> <span class='ocrx_word' id='word_1_599' title='bbox 2616 1953 3036 2008; x_wconf 89' lang='lat' dir='ltr'><strong>conservarunt,</strong></span> <span class='ocrx_word' id='word_1_600' title='bbox 3062 1945 3410 1998; x_wconf 83' lang='lat' dir='ltr'><strong>commutari.</strong></span> 
     </span>
    </p>
   </div>
   <div class='ocr_carea' id='block_1_81' title="bbox 1844 2024 3416 2101">
    <p class='ocr_par' dir='ltr' id='par_1_81' title="bbox 1844 2024 3416 2101">
     <span class='ocr_line' id='line_1_81' title="bbox 1844 2024 3416 2101; baseline 0.004 -23"><span class='ocrx_word' id='word_1_601' title='bbox 1844 2024 1922 2080; x_wconf 86' lang='lat' dir='ltr'><strong>lta</strong></span> <span class='ocrx_word' id='word_1_602' title='bbox 1957 2042 2054 2096; x_wconf 90' lang='lat' dir='ltr'><strong>per</strong></span> <span class='ocrx_word' id='word_1_603' title='bbox 2083 2028 2231 2082; x_wconf 88' lang='lat' dir='ltr'><strong>hunc</strong></span> <span class='ocrx_word' id='word_1_604' title='bbox 2267 2045 2504 2084; x_wconf 89' lang='lat' dir='ltr'><strong>vcrmem</strong></span> <span class='ocrx_word' id='word_1_605' title='bbox 2542 2032 2694 2084; x_wconf 88' lang='lat' dir='ltr'><strong>illum</strong></span> <span class='ocrx_word' id='word_1_606' title='bbox 2742 2047 2842 2101; x_wconf 86' lang='lat' dir='ltr'><strong>ego</strong></span> <span class='ocrx_word' id='word_1_607' title='bbox 2891 2033 3254 2087; x_wconf 85' lang='lat' dir='ltr'><strong>immortalem</strong></span> <span class='ocrx_word' id='word_1_608' title='bbox 3293 2048 3416 2086; x_wconf 88' lang='lat' dir='ltr'><strong>ver-</strong></span> 
     </span>
    </p>
   </div>
   <div class='ocr_carea' id='block_1_82' title="bbox 1847 2119 3418 2191">
    <p class='ocr_par' dir='ltr' id='par_1_82' title="bbox 1847 2119 3418 2191">
     <span class='ocr_line' id='line_1_82' title="bbox 1847 2119 3418 2191; baseline 0.003 -21"><span class='ocrx_word' id='word_1_609' title='bbox 1847 2131 1987 2171; x_wconf 89' lang='lat' dir='ltr'><strong>mem</strong></span> <span class='ocrx_word' id='word_1_610' title='bbox 2022 2119 2285 2188; x_wconf 83' lang='lat' dir='ltr'><strong>intelligo,</strong></span> <span class='ocrx_word' id='word_1_611' title='bbox 2320 2121 2411 2189; x_wconf 86' lang='lat' dir='ltr'><strong>qui</strong></span> <span class='ocrx_word' id='word_1_612' title='bbox 2443 2121 2565 2191; x_wconf 91' lang='lat' dir='ltr'><strong>plus</strong></span> <span class='ocrx_word' id='word_1_613' title='bbox 2600 2121 2835 2176; x_wconf 88' lang='lat' dir='ltr'><strong>habendi</strong></span> <span class='ocrx_word' id='word_1_614' title='bbox 2887 2123 3190 2191; x_wconf 87' lang='lat' dir='ltr'><strong>cupiditate</strong></span> <span class='ocrx_word' id='word_1_615' title='bbox 3239 2123 3418 2177; x_wconf 84' lang='lat' dir='ltr'><strong>viviﬁ-</strong></span> 
     </span>
    </p>
   </div>
   <div class='ocr_carea' id='block_1_83' title="bbox 1847 2207 3416 2286">
    <p class='ocr_par' dir='ltr' id='par_1_83' title="bbox 1847 2207 3416 2286">
     <span class='ocr_line' id='line_1_83' title="bbox 1847 2207 3416 2286; baseline 0.004 -24"><span class='ocrx_word' id='word_1_616' title='bbox 1847 2216 2026 2262; x_wconf 91' lang='lat' dir='ltr'><strong>catur.</strong></span> <span class='ocrx_word' id='word_1_617' title='bbox 2073 2207 2170 2263; x_wconf 91' lang='lat' dir='ltr'><strong>Die</strong></span> <span class='ocrx_word' id='word_1_618' title='bbox 2227 2219 2407 2264; x_wconf 89' lang='lat' dir='ltr'><strong>autem</strong></span> <span class='ocrx_word' id='word_1_619' title='bbox 2457 2212 2670 2266; x_wconf 90' lang='lat' dir='ltr'><strong>sabbati</strong></span> <span class='ocrx_word' id='word_1_620' title='bbox 2720 2214 2898 2267; x_wconf 83' lang='lat' dir='ltr'><strong>solum</strong></span> <span class='ocrx_word' id='word_1_621' title='bbox 2953 2214 3207 2281; x_wconf 73' lang='lat' dir='ltr'><strong>illaesum,</strong></span> <span class='ocrx_word' id='word_1_622' title='bbox 3270 2216 3416 2286; x_wconf 88' lang='lat' dir='ltr'><strong>quod</strong></span> 
     </span>
    </p>
   </div>
   <div class='ocr_carea' id='block_1_84' title="bbox 1847 2296 3416 2371">
    <p class='ocr_par' dir='ltr' id='par_1_84' title="bbox 1847 2296 3416 2371">
     <span class='ocr_line' id='line_1_84' title="bbox 1847 2296 3416 2371; baseline 0.005 -20"><span class='ocrx_word' id='word_1_623' title='bbox 1847 2296 2248 2368; x_wconf 86' lang='lat' dir='ltr'><strong>deponebatur,</strong></span> <span class='ocrx_word' id='word_1_624' title='bbox 2300 2303 2674 2371; x_wconf 87' lang='lat' dir='ltr'><strong>permanebat.</strong></span> <span class='ocrx_word' id='word_1_625' title='bbox 2714 2303 2829 2369; x_wconf 88' lang='lat' dir='ltr'><strong>Qua</strong></span> <span class='ocrx_word' id='word_1_626' title='bbox 2888 2321 2956 2360; x_wconf 79' lang='lat' dir='ltr'><strong>ex</strong></span> <span class='ocrx_word' id='word_1_627' title='bbox 3021 2321 3079 2360; x_wconf 90' lang='lat' dir='ltr'><strong>re</strong></span> <span class='ocrx_word' id='word_1_628' title='bbox 3123 2314 3258 2360; x_wconf 90' lang='lat' dir='ltr'><strong>tunc</strong></span> <span class='ocrx_word' id='word_1_629' title='bbox 3315 2307 3416 2359; x_wconf 89' lang='lat' dir='ltr'><strong>hac</strong></span> 
     </span>
    </p>
   </div>
   <div class='ocr_carea' id='block_1_85' title="bbox 1848 2388 3415 2464">
    <p class='ocr_par' dir='ltr' id='par_1_85' title="bbox 1848 2388 3415 2464">
     <span class='ocr_line' id='line_1_85' title="bbox 1848 2388 3415 2464; baseline 0.005 -22"><span class='ocrx_word' id='word_1_630' title='bbox 1848 2388 2155 2458; x_wconf 87' lang='lat' dir='ltr'><strong>deponendi</strong></span> <span class='ocrx_word' id='word_1_631' title='bbox 2207 2393 2583 2463; x_wconf 83' lang='lat' dir='ltr'><strong>superﬂuitate</strong></span> <span class='ocrx_word' id='word_1_632' title='bbox 2635 2397 2862 2464; x_wconf 90' lang='lat' dir='ltr'><strong>provida</strong></span> <span class='ocrx_word' id='word_1_633' title='bbox 2917 2407 3100 2451; x_wconf 90' lang='lat' dir='ltr'><strong>mente</strong></span> <span class='ocrx_word' id='word_1_634' title='bbox 3153 2398 3415 2452; x_wconf 85' lang='lat' dir='ltr'><strong>utendum</strong></span> 
     </span>
    </p>
   </div>
   <div class='ocr_carea' id='block_1_86' title="bbox 1847 2479 3414 2556">
    <p class='ocr_par' dir='ltr' id='par_1_86' title="bbox 1847 2479 3414 2556">
     <span class='ocr_line' id='line_1_86' title="bbox 1847 2479 3414 2556; baseline 0.004 -23"><span class='ocrx_word' id='word_1_635' title='bbox 1847 2479 2130 2544; x_wconf 89' lang='lat' dir='ltr'><strong>docemur,</strong></span> <span class='ocrx_word' id='word_1_636' title='bbox 2161 2484 2381 2552; x_wconf 76' lang='lat' dir='ltr'><strong>quando</strong></span> <span class='ocrx_word' id='word_1_637' title='bbox 2420 2485 2599 2553; x_wconf 86' lang='lat' dir='ltr'><strong>ipsum</strong></span> <span class='ocrx_word' id='word_1_638' title='bbox 2635 2486 2946 2555; x_wconf 89' lang='lat' dir='ltr'><strong>depositum</strong></span> <span class='ocrx_word' id='word_1_639' title='bbox 3002 2489 3414 2556; x_wconf 71' lang='lat' dir='ltr'><strong>corruptionem</strong></span> 
     </span>
    </p>
   </div>
   <div class='ocr_carea' id='block_1_87' title="bbox 1845 2573 3418 2648">
    <p class='ocr_par' dir='ltr' id='par_1_87' title="bbox 1845 2573 3418 2648">
     <span class='ocr_line' id='line_1_87' title="bbox 1845 2573 3418 2648; baseline 0.005 -25"><span class='ocrx_word' id='word_1_640' title='bbox 1845 2573 1953 2640; x_wconf 90' lang='lat' dir='ltr'><strong>pati</strong></span> <span class='ocrx_word' id='word_1_641' title='bbox 1986 2587 2092 2626; x_wconf 93' lang='lat' dir='ltr'><strong>non</strong></span> <span class='ocrx_word' id='word_1_642' title='bbox 2125 2583 2324 2642; x_wconf 82' lang='lat' dir='ltr'><strong>potest.</strong></span> <span class='ocrx_word' id='word_1_643' title='bbox 2362 2575 2417 2629; x_wconf 91' lang='lat' dir='ltr'><strong>ld</strong></span> <span class='ocrx_word' id='word_1_644' title='bbox 2451 2578 2594 2632; x_wconf 88' lang='lat' dir='ltr'><strong>enim</strong></span> <span class='ocrx_word' id='word_1_645' title='bbox 2627 2586 2752 2646; x_wconf 87' lang='lat' dir='ltr'><strong>post</strong></span> <span class='ocrx_word' id='word_1_646' title='bbox 2785 2578 2950 2647; x_wconf 90' lang='lat' dir='ltr'><strong>hujus</strong></span> <span class='ocrx_word' id='word_1_647' title='bbox 3005 2579 3127 2632; x_wconf 69' lang='lat' dir='ltr'><strong>vita:</strong></span> <span class='ocrx_word' id='word_1_648' title='bbox 3164 2593 3418 2648; x_wconf 85' lang='lat' dir='ltr'><strong>parasee-</strong></span> 
     </span>
    </p>
   </div>
   <div class='ocr_carea' id='block_1_88' title="bbox 1844 2664 3415 2738">
    <p class='ocr_par' dir='ltr' id='par_1_88' title="bbox 1844 2664 3415 2738">
     <span class='ocr_line' id='line_1_88' title="bbox 1844 2664 3415 2738; baseline 0.004 -24"><span class='ocrx_word' id='word_1_649' title='bbox 1844 2678 1942 2717; x_wconf 92' lang='lat' dir='ltr'><strong>ven</strong></span> <span class='ocrx_word' id='word_1_650' title='bbox 1976 2664 2032 2716; x_wconf 89' lang='lat' dir='ltr'><strong>in</strong></span> <span class='ocrx_word' id='word_1_651' title='bbox 2065 2665 2270 2733; x_wconf 88' lang='lat' dir='ltr'><strong>quiete,</strong></span> <span class='ocrx_word' id='word_1_652' title='bbox 2297 2683 2418 2736; x_wconf 72' lang='lat' dir='ltr'><strong>qua:</strong></span> <span class='ocrx_word' id='word_1_653' title='bbox 2459 2677 2584 2738; x_wconf 91' lang='lat' dir='ltr'><strong>post</strong></span> <span class='ocrx_word' id='word_1_654' title='bbox 2628 2679 2856 2723; x_wconf 89' lang='lat' dir='ltr'><strong>mortem</strong></span> <span class='ocrx_word' id='word_1_655' title='bbox 2905 2677 3008 2735; x_wconf 88' lang='lat' dir='ltr'><strong>est,</strong></span> <span class='ocrx_word' id='word_1_656' title='bbox 3060 2670 3415 2738; x_wconf 82' lang='lat' dir='ltr'><strong>utilissimum</strong></span> 
     </span>
    </p>
   </div>
   <div class='ocr_carea' id='block_1_89' title="bbox 1842 2755 3415 2832">
    <p class='ocr_par' dir='ltr' id='par_1_89' title="bbox 1842 2755 3415 2832">
     <span class='ocr_line' id='line_1_89' title="bbox 1842 2755 3415 2832; baseline 0.004 -25"><span class='ocrx_word' id='word_1_657' title='bbox 1842 2755 1982 2807; x_wconf 85' lang='lat' dir='ltr'><strong>erit:</strong></span> <span class='ocrx_word' id='word_1_658' title='bbox 2048 2756 2164 2811; x_wconf 87' lang='lat' dir='ltr'><strong>dies</strong></span> <span class='ocrx_word' id='word_1_659' title='bbox 2198 2773 2433 2828; x_wconf 87' lang='lat' dir='ltr'><strong>namque</strong></span> <span class='ocrx_word' id='word_1_660' title='bbox 2471 2769 2598 2814; x_wconf 88' lang='lat' dir='ltr'><strong>ante</strong></span> <span class='ocrx_word' id='word_1_661' title='bbox 2654 2762 2966 2826; x_wconf 75' lang='lat' dir='ltr'><strong>sabbatum,</strong></span> <span class='ocrx_word' id='word_1_662' title='bbox 2999 2777 3312 2832; x_wconf 77' lang='lat' dir='ltr'><strong>parascevc,</strong></span> <span class='ocrx_word' id='word_1_663' title='bbox 3364 2762 3415 2814; x_wconf 92' lang='lat' dir='ltr'><strong>id</strong></span> 
     </span>
    </p>
   </div>
   <div class='ocr_carea' id='block_1_90' title="bbox 1841 2851 3410 2922">
    <p class='ocr_par' dir='ltr' id='par_1_90' title="bbox 1841 2851 3410 2922">
     <span class='ocr_line' id='line_1_90' title="bbox 1841 2851 3410 2922; baseline 0.004 -23"><span class='ocrx_word' id='word_1_664' title='bbox 1841 2853 1944 2906; x_wconf 87' lang='lat' dir='ltr'><strong>est,</strong></span> <span class='ocrx_word' id='word_1_665' title='bbox 1973 2851 2298 2917; x_wconf 83' lang='lat' dir='ltr'><strong>praeparatio</strong></span> <span class='ocrx_word' id='word_1_666' title='bbox 2329 2851 2395 2903; x_wconf 91' lang='lat' dir='ltr'><strong>ad</strong></span> <span class='ocrx_word' id='word_1_667' title='bbox 2430 2851 2749 2916; x_wconf 88' lang='lat' dir='ltr'><strong>Sabbatum,</strong></span> <span class='ocrx_word' id='word_1_668' title='bbox 2780 2861 2834 2906; x_wconf 92' lang='lat' dir='ltr'><strong>et</strong></span> <span class='ocrx_word' id='word_1_669' title='bbox 2881 2863 2965 2907; x_wconf 86' lang='lat' dir='ltr'><strong>est</strong></span> <span class='ocrx_word' id='word_1_670' title='bbox 2997 2863 3051 2907; x_wconf 88' lang='lat' dir='ltr'><strong>et</strong></span> <span class='ocrx_word' id='word_1_671' title='bbox 3081 2853 3410 2922; x_wconf 86' lang='lat' dir='ltr'><strong>appellatur.</strong></span> 
     </span>
    </p>
   </div>
   <div class='ocr_carea' id='block_1_91' title="bbox 1917 2934 3412 3010">
    <p class='ocr_par' dir='ltr' id='par_1_91' title="bbox 1917 2934 3412 3010">
     <span class='ocr_line' id='line_1_91' title="bbox 1917 2934 3412 3010; baseline 0.004 -22"><span class='ocrx_word' id='word_1_672' title='bbox 1917 2934 2043 2990; x_wconf 69' lang='lat' dir='ltr'><strong>Haec</strong></span> <span class='ocrx_word' id='word_1_673' title='bbox 2092 2953 2223 2992; x_wconf 88' lang='lat' dir='ltr'><strong>vero</strong></span> <span class='ocrx_word' id='word_1_674' title='bbox 2278 2942 2694 3010; x_wconf 65' lang='lat' dir='ltr'><strong>praaparationis</strong></span> <span class='ocrx_word' id='word_1_675' title='bbox 2745 2944 2882 3006; x_wconf 88' lang='lat' dir='ltr'><strong>dies,</strong></span> <span class='ocrx_word' id='word_1_676' title='bbox 2918 2943 3031 2997; x_wconf 83' lang='lat' dir='ltr'><strong>haec</strong></span> <span class='ocrx_word' id='word_1_677' title='bbox 3079 2944 3189 2996; x_wconf 90' lang='lat' dir='ltr'><strong>vita</strong></span> <span class='ocrx_word' id='word_1_678' title='bbox 3220 2953 3323 3005; x_wconf 87' lang='lat' dir='ltr'><strong>est,</strong></span> <span class='ocrx_word' id='word_1_679' title='bbox 3359 2944 3412 2995; x_wconf 88' lang='lat' dir='ltr'><strong>in</strong></span> 
     </span>
    </p>
   </div>
   <div class='ocr_carea' id='block_1_92' title="bbox 1847 3033 3417 3102">
    <p class='ocr_par' dir='ltr' id='par_1_92' title="bbox 1847 3033 3417 3102">
     <span class='ocr_line' id='line_1_92' title="bbox 1847 3033 3417 3102; baseline 0.005 -22"><span class='ocrx_word' id='word_1_680' title='bbox 1847 3043 1952 3096; x_wconf 84' lang='lat' dir='ltr'><strong>qua</strong></span> <span class='ocrx_word' id='word_1_681' title='bbox 2007 3045 2381 3100; x_wconf 64' lang='lat' dir='ltr'><strong>praeparamus</strong></span> <span class='ocrx_word' id='word_1_682' title='bbox 2434 3049 2555 3102; x_wconf 59' lang='lat' dir='ltr'><strong>qua;</strong></span> <span class='ocrx_word' id='word_1_683' title='bbox 2606 3035 2673 3088; x_wconf 90' lang='lat' dir='ltr'><strong>ad</strong></span> <span class='ocrx_word' id='word_1_684' title='bbox 2730 3033 2968 3088; x_wconf 73' lang='lat' dir='ltr'><strong>futuram</strong></span> <span class='ocrx_word' id='word_1_685' title='bbox 3028 3037 3195 3088; x_wconf 91' lang='lat' dir='ltr'><strong>vitam</strong></span> <span class='ocrx_word' id='word_1_686' title='bbox 3254 3035 3417 3088; x_wconf 89' lang='lat' dir='ltr'><strong>nobis</strong></span> 
     </span>
    </p>
   </div>
   <div class='ocr_carea' id='block_1_93' title="bbox 1849 3122 3416 3196">
    <p class='ocr_par' dir='ltr' id='par_1_93' title="bbox 1849 3122 3416 3196">
     <span class='ocr_line' id='line_1_93' title="bbox 1849 3122 3416 3196; baseline 0.004 -24"><span class='ocrx_word' id='word_1_687' title='bbox 1849 3132 2046 3189; x_wconf 67' lang='lat' dir='ltr'><strong>praesto</strong></span> <span class='ocrx_word' id='word_1_688' title='bbox 2094 3131 2276 3176; x_wconf 88' lang='lat' dir='ltr'><strong>erunt.</strong></span> <span class='ocrx_word' id='word_1_689' title='bbox 2308 3122 2442 3177; x_wconf 87' lang='lat' dir='ltr'><strong>Nam</strong></span> <span class='ocrx_word' id='word_1_690' title='bbox 2499 3124 2554 3178; x_wconf 91' lang='lat' dir='ltr'><strong>in</strong></span> <span class='ocrx_word' id='word_1_691' title='bbox 2595 3125 2684 3178; x_wconf 89' lang='lat' dir='ltr'><strong>illa</strong></span> <span class='ocrx_word' id='word_1_692' title='bbox 2733 3141 2839 3179; x_wconf 92' lang='lat' dir='ltr'><strong>non</strong></span> <span class='ocrx_word' id='word_1_693' title='bbox 2897 3126 3254 3196; x_wconf 78' lang='lat' dir='ltr'><strong>agricultura,</strong></span> <span class='ocrx_word' id='word_1_694' title='bbox 3307 3141 3416 3179; x_wconf 88' lang='lat' dir='ltr'><strong>non</strong></span> 
     </span>
    </p>
   </div>
   <div class='ocr_carea' id='block_1_94' title="bbox 1847 3214 3418 3287">
    <p class='ocr_par' dir='ltr' id='par_1_94' title="bbox 1847 3214 3418 3287">
     <span class='ocr_line' id='line_1_94' title="bbox 1847 3214 3418 3287; baseline 0.005 -25"><span class='ocrx_word' id='word_1_695' title='bbox 1847 3220 2178 3279; x_wconf 88' lang='lat' dir='ltr'><strong>mercatura,</strong></span> <span class='ocrx_word' id='word_1_696' title='bbox 2218 3229 2325 3268; x_wconf 90' lang='lat' dir='ltr'><strong>non</strong></span> <span class='ocrx_word' id='word_1_697' title='bbox 2369 3214 2582 3282; x_wconf 89' lang='lat' dir='ltr'><strong>militia,</strong></span> <span class='ocrx_word' id='word_1_698' title='bbox 2614 3231 2720 3269; x_wconf 90' lang='lat' dir='ltr'><strong>non</strong></span> <span class='ocrx_word' id='word_1_699' title='bbox 2751 3215 3046 3286; x_wconf 89' lang='lat' dir='ltr'><strong>quidquam</strong></span> <span class='ocrx_word' id='word_1_700' title='bbox 3078 3217 3271 3271; x_wconf 86' lang='lat' dir='ltr'><strong>horum</strong></span> <span class='ocrx_word' id='word_1_701' title='bbox 3297 3233 3418 3287; x_wconf 80' lang='lat' dir='ltr'><strong>qua:</strong></span> 
     </span>
    </p>
   </div>
   <div class='ocr_carea' id='block_1_95' title="bbox 1847 3301 3418 3380">
    <p class='ocr_par' dir='ltr' id='par_1_95' title="bbox 1847 3301 3418 3380">
     <span class='ocr_line' id='line_1_95' title="bbox 1847 3301 3418 3380; baseline 0.006 -26"><span class='ocrx_word' id='word_1_702' title='bbox 1847 3301 1936 3356; x_wconf 90' lang='lat' dir='ltr'><strong>hic</strong></span> <span class='ocrx_word' id='word_1_703' title='bbox 1989 3301 2248 3370; x_wconf 81' lang='lat' dir='ltr'><strong>facimus,</strong></span> <span class='ocrx_word' id='word_1_704' title='bbox 2299 3306 2462 3362; x_wconf 90' lang='lat' dir='ltr'><strong>nobis</strong></span> <span class='ocrx_word' id='word_1_705' title='bbox 2517 3307 2900 3375; x_wconf 87' lang='lat' dir='ltr'><strong>concedetur;</strong></span> <span class='ocrx_word' id='word_1_706' title='bbox 2966 3308 3060 3363; x_wconf 88' lang='lat' dir='ltr'><strong>sed</strong></span> <span class='ocrx_word' id='word_1_707' title='bbox 3119 3310 3177 3363; x_wconf 90' lang='lat' dir='ltr'><strong>in</strong></span> <span class='ocrx_word' id='word_1_708' title='bbox 3231 3309 3418 3380; x_wconf 90' lang='lat' dir='ltr'><strong>quiete</strong></span> 
     </span>
    </p>
   </div>
   <div class='ocr_carea' id='block_1_96' title="bbox 1847 3394 3415 3468">
    <p class='ocr_par' dir='ltr' id='par_1_96' title="bbox 1847 3394 3415 3468">
     <span class='ocr_line' id='line_1_96' title="bbox 1847 3394 3415 3468; baseline 0.005 -23"><span class='ocrx_word' id='word_1_709' title='bbox 1847 3394 2090 3448; x_wconf 89' lang='lat' dir='ltr'><strong>omnium</strong></span> <span class='ocrx_word' id='word_1_710' title='bbox 2117 3411 2239 3466; x_wconf 71' lang='lat' dir='ltr'><strong>qua:</strong></span> <span class='ocrx_word' id='word_1_711' title='bbox 2263 3398 2350 3450; x_wconf 90' lang='lat' dir='ltr'><strong>hic</strong></span> <span class='ocrx_word' id='word_1_712' title='bbox 2375 3399 2607 3468; x_wconf 81' lang='lat' dir='ltr'><strong>agimus,</strong></span> <span class='ocrx_word' id='word_1_713' title='bbox 2633 3414 2696 3454; x_wconf 89' lang='lat' dir='ltr'><strong>ac</strong></span> <span class='ocrx_word' id='word_1_714' title='bbox 2722 3401 3030 3456; x_wconf 87' lang='lat' dir='ltr'><strong>cessatione</strong></span> <span class='ocrx_word' id='word_1_715' title='bbox 3051 3401 3415 3462; x_wconf 87' lang='lat' dir='ltr'><strong>versabimur,</strong></span> 
     </span>
    </p>
   </div>
   <div class='ocr_carea' id='block_1_97' title="bbox 1845 3484 3419 3561">
    <p class='ocr_par' dir='ltr' id='par_1_97' title="bbox 1845 3484 3419 3561">
     <span class='ocr_line' id='line_1_97' title="bbox 1845 3484 3419 3561; baseline 0.006 -23"><span class='ocrx_word' id='word_1_716' title='bbox 1845 3484 2060 3542; x_wconf 79' lang='lat' dir='ltr'><strong>fructus</strong></span> <span class='ocrx_word' id='word_1_717' title='bbox 2117 3487 2387 3544; x_wconf 84' lang='lat' dir='ltr'><strong>duntaxat</strong></span> <span class='ocrx_word' id='word_1_718' title='bbox 2440 3506 2668 3561; x_wconf 89' lang='lat' dir='ltr'><strong>operum</strong></span> <span class='ocrx_word' id='word_1_719' title='bbox 2713 3508 2835 3561; x_wconf 80' lang='lat' dir='ltr'><strong>qua:</strong></span> <span class='ocrx_word' id='word_1_720' title='bbox 2884 3492 2975 3548; x_wconf 90' lang='lat' dir='ltr'><strong>hic</strong></span> <span class='ocrx_word' id='word_1_721' title='bbox 3023 3491 3419 3548; x_wconf 88' lang='lat' dir='ltr'><strong>seminavimus</strong></span> 
     </span>
    </p>
   </div>
   <div class='ocr_carea' id='block_1_98' title="bbox 1846 3578 3418 3654">
    <p class='ocr_par' dir='ltr' id='par_1_98' title="bbox 1846 3578 3418 3654">
     <span class='ocr_line' id='line_1_98' title="bbox 1846 3578 3418 3654; baseline 0.005 -24"><span class='ocrx_word' id='word_1_722' title='bbox 1846 3578 2213 3649; x_wconf 87' lang='lat' dir='ltr'><strong>colligentes;</strong></span> <span class='ocrx_word' id='word_1_723' title='bbox 2253 3580 2465 3638; x_wconf 78' lang='lat' dir='ltr'><strong>fructus</strong></span> <span class='ocrx_word' id='word_1_724' title='bbox 2504 3584 2840 3639; x_wconf 86' lang='lat' dir='ltr'><strong>immortales</strong></span> <span class='ocrx_word' id='word_1_725' title='bbox 2879 3584 3134 3654; x_wconf 90' lang='lat' dir='ltr'><strong>quidem,</strong></span> <span class='ocrx_word' id='word_1_726' title='bbox 3171 3584 3218 3640; x_wconf 89' lang='lat' dir='ltr'><strong>si</strong></span> <span class='ocrx_word' id='word_1_727' title='bbox 3252 3584 3418 3654; x_wconf 88' lang='lat' dir='ltr'><strong>hujus</strong></span> 
     </span>
    </p>
   </div>
   <div class='ocr_carea' id='block_1_99' title="bbox 1846 3669 3421 3745">
    <p class='ocr_par' dir='ltr' id='par_1_99' title="bbox 1846 3669 3421 3745">
     <span class='ocr_line' id='line_1_99' title="bbox 1846 3669 3421 3745; baseline 0.004 -24"><span class='ocrx_word' id='word_1_728' title='bbox 1846 3669 1972 3723; x_wconf 65' lang='lat' dir='ltr'><strong>vita:</strong></span> <span class='ocrx_word' id='word_1_729' title='bbox 1996 3671 2206 3726; x_wconf 89' lang='lat' dir='ltr'><strong>semina</strong></span> <span class='ocrx_word' id='word_1_730' title='bbox 2240 3674 2382 3727; x_wconf 91' lang='lat' dir='ltr'><strong>bona</strong></span> <span class='ocrx_word' id='word_1_731' title='bbox 2431 3683 2587 3728; x_wconf 89' lang='lat' dir='ltr'><strong>erant</strong></span> <span class='ocrx_word' id='word_1_732' title='bbox 2615 3694 2626 3729; x_wconf 93' lang='lat'><strong>:</strong></span> <span class='ocrx_word' id='word_1_733' title='bbox 2664 3675 2895 3731; x_wconf 87' lang='lat' dir='ltr'><strong>lethales</strong></span> <span class='ocrx_word' id='word_1_734' title='bbox 2932 3683 3112 3729; x_wconf 91' lang='lat' dir='ltr'><strong>autem</strong></span> <span class='ocrx_word' id='word_1_735' title='bbox 3146 3691 3209 3729; x_wconf 88' lang='lat' dir='ltr'><strong>ac</strong></span> <span class='ocrx_word' id='word_1_736' title='bbox 3239 3676 3421 3745; x_wconf 86' lang='lat' dir='ltr'><strong>perni-</strong></span> 
     </span>
    </p>
   </div>
   <div class='ocr_carea' id='block_1_100' title="bbox 1846 3761 3418 3837">
    <p class='ocr_par' dir='ltr' id='par_1_100' title="bbox 1846 3761 3418 3837">
     <span class='ocr_line' id='line_1_100' title="bbox 1846 3761 3418 3837; baseline 0.004 -23"><span class='ocrx_word' id='word_1_737' title='bbox 1846 3761 2054 3826; x_wconf 87' lang='lat' dir='ltr'><strong>ciosos,</strong></span> <span class='ocrx_word' id='word_1_738' title='bbox 2090 3764 2137 3818; x_wconf 91' lang='lat' dir='ltr'><strong>si</strong></span> <span class='ocrx_word' id='word_1_739' title='bbox 2170 3763 2440 3834; x_wconf 85' lang='lat' dir='ltr'><strong>ejusmodi</strong></span> <span class='ocrx_word' id='word_1_740' title='bbox 2475 3767 2684 3822; x_wconf 88' lang='lat' dir='ltr'><strong>semina</strong></span> <span class='ocrx_word' id='word_1_741' title='bbox 2717 3767 2840 3821; x_wconf 74' lang='lat' dir='ltr'><strong>vitae</strong></span> <span class='ocrx_word' id='word_1_742' title='bbox 2869 3767 3037 3837; x_wconf 88' lang='lat' dir='ltr'><strong>hujus</strong></span> <span class='ocrx_word' id='word_1_743' title='bbox 3083 3767 3200 3837; x_wconf 88' lang='lat' dir='ltr'><strong>agri</strong></span> <span class='ocrx_word' id='word_1_744' title='bbox 3229 3776 3418 3836; x_wconf 91' lang='lat' dir='ltr'><strong>protu-</strong></span> 
     </span>
    </p>
   </div>
   <div class='ocr_carea' id='block_1_101' title="bbox 1847 3854 3417 3928">
    <p class='ocr_par' dir='ltr' id='par_1_101' title="bbox 1847 3854 3417 3928">
     <span class='ocr_line' id='line_1_101' title="bbox 1847 3854 3417 3928; baseline 0.003 -21"><span class='ocrx_word' id='word_1_745' title='bbox 1847 3854 2033 3908; x_wconf 85' lang='lat' dir='ltr'><strong>lerint.</strong></span> <span class='ocrx_word' id='word_1_746' title='bbox 2067 3855 2202 3910; x_wconf 86' lang='lat' dir='ltr'><strong>Nam</strong></span> <span class='ocrx_word' id='word_1_747' title='bbox 2232 3858 2325 3925; x_wconf 87' lang='lat' dir='ltr'><strong>qui</strong></span> <span class='ocrx_word' id='word_1_748' title='bbox 2369 3859 2425 3910; x_wconf 91' lang='lat' dir='ltr'><strong>in</strong></span> <span class='ocrx_word' id='word_1_749' title='bbox 2464 3859 2659 3928; x_wconf 87' lang='lat' dir='ltr'><strong>spiritu</strong></span> <span class='ocrx_word' id='word_1_750' title='bbox 2714 3858 2970 3922; x_wconf 83' lang='lat' dir='ltr'><strong>seminat,</strong></span> <span class='ocrx_word' id='word_1_751' title='bbox 3018 3859 3217 3928; x_wconf 87' lang='lat' dir='ltr'><strong>inquit,</strong></span> <span class='ocrx_word' id='word_1_752' title='bbox 3252 3858 3417 3912; x_wconf 87' lang='lat' dir='ltr'><strong>vitam</strong></span> 
     </span>
    </p>
   </div>
   <div class='ocr_carea' id='block_1_102' title="bbox 1845 3949 3414 4020">
    <p class='ocr_par' dir='ltr' id='par_1_102' title="bbox 1845 3949 3414 4020">
     <span class='ocr_line' id='line_1_102' title="bbox 1845 3949 3414 4020; baseline 0 -18"><span class='ocrx_word' id='word_1_753' title='bbox 1845 3959 2100 4002; x_wconf 60' lang='lat' dir='ltr'><strong>a’ternam</strong></span> <span class='ocrx_word' id='word_1_754' title='bbox 2141 3964 2206 4002; x_wconf 76' lang='lat' dir='ltr'><strong>ex</strong></span> <span class='ocrx_word' id='word_1_755' title='bbox 2247 3949 2443 4019; x_wconf 89' lang='lat' dir='ltr'><strong>spiritu</strong></span> <span class='ocrx_word' id='word_1_756' title='bbox 2496 3959 2700 4015; x_wconf 90' lang='lat' dir='ltr'><strong>metet;</strong></span> <span class='ocrx_word' id='word_1_757' title='bbox 2737 3950 2832 4020; x_wconf 90' lang='lat' dir='ltr'><strong>qui</strong></span> <span class='ocrx_word' id='word_1_758' title='bbox 2878 3950 2932 4004; x_wconf 90' lang='lat' dir='ltr'><strong>in</strong></span> <span class='ocrx_word' id='word_1_759' title='bbox 2965 3963 3130 4004; x_wconf 89' lang='lat' dir='ltr'><strong>carne</strong></span> <span class='ocrx_word' id='word_1_760' title='bbox 3162 3951 3414 4015; x_wconf 83' lang='lat' dir='ltr'><strong>seminat,</strong></span> 
     </span>
    </p>
   </div>
   <div class='ocr_carea' id='block_1_103' title="bbox 1845 4039 3420 4112">
    <p class='ocr_par' dir='ltr' id='par_1_103' title="bbox 1845 4039 3420 4112">
     <span class='ocr_line' id='line_1_103' title="bbox 1845 4039 3420 4112; baseline 0.001 -20"><span class='ocrx_word' id='word_1_761' title='bbox 1845 4041 2257 4108; x_wconf 91' lang='lat' dir='ltr'><strong>corruptionem</strong></span> <span class='ocrx_word' id='word_1_762' title='bbox 2303 4049 2470 4095; x_wconf 88' lang='lat' dir='ltr'><strong>metet</strong></span> <span class='ocrx_word' id='word_1_763' title='bbox 2521 4057 2586 4095; x_wconf 81' lang='lat' dir='ltr'><strong>ex</strong></span> <span class='ocrx_word' id='word_1_764' title='bbox 2632 4056 2817 4097; x_wconf 90' lang='lat' dir='ltr'><strong>carne.</strong></span> <span class='ocrx_word' id='word_1_765' title='bbox 2865 4039 3202 4112; x_wconf 66' lang='lat' dir='ltr'><strong>Praeparatio</strong></span> <span class='ocrx_word' id='word_1_766' title='bbox 3251 4041 3420 4112; x_wconf 80' lang='lat' dir='ltr'><strong>igitur</strong></span> 
     </span>
    </p>
   </div>
   <div class='ocr_carea' id='block_1_104' title="bbox 1846 4132 3420 4203">
    <p class='ocr_par' dir='ltr' id='par_1_104' title="bbox 1846 4132 3420 4203">
     <span class='ocr_line' id='line_1_104' title="bbox 1846 4132 3420 4203; baseline 0.002 -20"><span class='ocrx_word' id='word_1_767' title='bbox 1846 4147 1970 4201; x_wconf 73' lang='lat' dir='ltr'><strong>qua:</strong></span> <span class='ocrx_word' id='word_1_768' title='bbox 1996 4132 2064 4185; x_wconf 89' lang='lat' dir='ltr'><strong>ad</strong></span> <span class='ocrx_word' id='word_1_769' title='bbox 2095 4133 2292 4187; x_wconf 89' lang='lat' dir='ltr'><strong>melius</strong></span> <span class='ocrx_word' id='word_1_770' title='bbox 2317 4141 2422 4198; x_wconf 93' lang='lat' dir='ltr'><strong>est,</strong></span> <span class='ocrx_word' id='word_1_771' title='bbox 2448 4133 2563 4187; x_wconf 88' lang='lat' dir='ltr'><strong>sola</strong></span> <span class='ocrx_word' id='word_1_772' title='bbox 2594 4133 2816 4203; x_wconf 87' lang='lat' dir='ltr'><strong>proprie</strong></span> <span class='ocrx_word' id='word_1_773' title='bbox 2842 4147 3139 4203; x_wconf 88' lang='lat' dir='ltr'><strong>parasceve</strong></span> <span class='ocrx_word' id='word_1_774' title='bbox 3168 4133 3420 4187; x_wconf 90' lang='lat' dir='ltr'><strong>nomina-</strong></span> 
     </span>
    </p>
   </div>
   <div class='ocr_carea' id='block_1_105' title="bbox 1847 4223 3420 4294">
    <p class='ocr_par' dir='ltr' id='par_1_105' title="bbox 1847 4223 3420 4294">
     <span class='ocr_line' id='line_1_105' title="bbox 1847 4223 3420 4294; baseline 0.003 -20"><span class='ocrx_word' id='word_1_775' title='bbox 1847 4230 1936 4276; x_wconf 90' lang='lat' dir='ltr'><strong>tur</strong></span> <span class='ocrx_word' id='word_1_776' title='bbox 1967 4242 1976 4274; x_wconf 92' lang='lat'><strong>:</strong></span> <span class='ocrx_word' id='word_1_777' title='bbox 2012 4231 2066 4277; x_wconf 91' lang='lat' dir='ltr'><strong>et</strong></span> <span class='ocrx_word' id='word_1_778' title='bbox 2112 4225 2185 4277; x_wconf 90' lang='lat' dir='ltr'><strong>ita</strong></span> <span class='ocrx_word' id='word_1_779' title='bbox 2221 4239 2417 4278; x_wconf 86' lang='lat' dir='ltr'><strong>nomen</strong></span> <span class='ocrx_word' id='word_1_780' title='bbox 2452 4225 2573 4294; x_wconf 90' lang='lat' dir='ltr'><strong>ejus</strong></span> <span class='ocrx_word' id='word_1_781' title='bbox 2624 4239 2654 4277; x_wconf 90' lang='lat' dir='ltr'><strong>a</strong></span> <span class='ocrx_word' id='word_1_782' title='bbox 2703 4226 2821 4294; x_wconf 84' lang='lat' dir='ltr'><strong>lege</strong></span> <span class='ocrx_word' id='word_1_783' title='bbox 2854 4224 3229 4290; x_wconf 89' lang='lat' dir='ltr'><strong>constituitur,</strong></span> <span class='ocrx_word' id='word_1_784' title='bbox 3261 4223 3420 4292; x_wconf 89' lang='lat' dir='ltr'><strong>cujus</strong></span> 
     </span>
    </p>
   </div>
   <div class='ocr_carea' id='block_1_106' title="bbox 1846 4313 3418 4390">
    <p class='ocr_par' dir='ltr' id='par_1_106' title="bbox 1846 4313 3418 4390">
     <span class='ocr_line' id='line_1_106' title="bbox 1846 4313 3418 4390; baseline 0.003 -24"><span class='ocrx_word' id='word_1_785' title='bbox 1846 4313 2151 4383; x_wconf 89' lang='lat' dir='ltr'><strong>depositum</strong></span> <span class='ocrx_word' id='word_1_786' title='bbox 2191 4315 2533 4386; x_wconf 88' lang='lat' dir='ltr'><strong>incorruptio</strong></span> <span class='ocrx_word' id='word_1_787' title='bbox 2573 4327 2678 4372; x_wconf 92' lang='lat' dir='ltr'><strong>cst.</strong></span> <span class='ocrx_word' id='word_1_788' title='bbox 2713 4315 2768 4372; x_wconf 89' lang='lat' dir='ltr'><strong>Si</strong></span> <span class='ocrx_word' id='word_1_789' title='bbox 2801 4317 2925 4386; x_wconf 89' lang='lat' dir='ltr'><strong>quis</strong></span> <span class='ocrx_word' id='word_1_790' title='bbox 2966 4323 3148 4371; x_wconf 90' lang='lat' dir='ltr'><strong>autem</strong></span> <span class='ocrx_word' id='word_1_791' title='bbox 3177 4318 3230 4371; x_wconf 90' lang='lat' dir='ltr'><strong>in</strong></span> <span class='ocrx_word' id='word_1_792' title='bbox 3263 4317 3418 4390; x_wconf 85' lang='lat' dir='ltr'><strong>pejus</strong></span> 
     </span>
    </p>
   </div>
   <div class='ocr_carea' id='block_1_107' title="bbox 1847 4403 3416 4477">
    <p class='ocr_par' dir='ltr' id='par_1_107' title="bbox 1847 4403 3416 4477">
     <span class='ocr_line' id='line_1_107' title="bbox 1847 4403 3416 4477; baseline 0.001 -20"><span class='ocrx_word' id='word_1_793' title='bbox 1847 4403 2090 4474; x_wconf 89' lang='lat' dir='ltr'><strong>deponit,</strong></span> <span class='ocrx_word' id='word_1_794' title='bbox 2124 4422 2224 4460; x_wconf 81' lang='lat' dir='ltr'><strong>nec</strong></span> <span class='ocrx_word' id='word_1_795' title='bbox 2250 4417 2355 4469; x_wconf 92' lang='lat' dir='ltr'><strong>est,</strong></span> <span class='ocrx_word' id='word_1_796' title='bbox 2389 4422 2489 4461; x_wconf 91' lang='lat' dir='ltr'><strong>nec</strong></span> <span class='ocrx_word' id='word_1_797' title='bbox 2514 4407 2716 4462; x_wconf 88' lang='lat' dir='ltr'><strong>dicitur</strong></span> <span class='ocrx_word' id='word_1_798' title='bbox 2745 4408 3073 4477; x_wconf 65' lang='lat' dir='ltr'><strong>praeparatio</strong></span> <span class='ocrx_word' id='word_1_799' title='bbox 3102 4426 3115 4462; x_wconf 93' lang='lat'>:</span> <span class='ocrx_word' id='word_1_800' title='bbox 3147 4408 3416 4462; x_wconf 91' lang='lat' dir='ltr'><strong>bonorum</strong></span> 
     </span>
    </p>
   </div>
   <div class='ocr_carea' id='block_1_108' title="bbox 1846 4496 3417 4570">
    <p class='ocr_par' dir='ltr' id='par_1_108' title="bbox 1846 4496 3417 4570">
     <span class='ocr_line' id='line_1_108' title="bbox 1846 4496 3417 4570; baseline 0.003 -21"><span class='ocrx_word' id='word_1_801' title='bbox 1846 4496 1990 4549; x_wconf 85' lang='lat' dir='ltr'><strong>enim</strong></span> <span class='ocrx_word' id='word_1_802' title='bbox 2023 4497 2382 4565; x_wconf 88' lang='lat' dir='ltr'><strong>privationem</strong></span> <span class='ocrx_word' id='word_1_803' title='bbox 2417 4499 2600 4552; x_wconf 89' lang='lat' dir='ltr'><strong>nullus</strong></span> <span class='ocrx_word' id='word_1_804' title='bbox 2644 4500 2769 4568; x_wconf 85' lang='lat' dir='ltr'><strong>jure</strong></span> <span class='ocrx_word' id='word_1_805' title='bbox 2811 4502 3285 4570; x_wconf 65' lang='lat' dir='ltr'><strong>praeparationem,</strong></span> <span class='ocrx_word' id='word_1_806' title='bbox 3321 4500 3417 4555; x_wconf 89' lang='lat' dir='ltr'><strong>sed</strong></span> 
     </span>
    </p>
   </div>
   <div class='ocr_carea' id='block_1_109' title="bbox 1846 4589 3416 4661">
    <p class='ocr_par' dir='ltr' id='par_1_109' title="bbox 1846 4589 3416 4661">
     <span class='ocr_line' id='line_1_109' title="bbox 1846 4589 3416 4661; baseline 0.005 -23"><span class='ocrx_word' id='word_1_807' title='bbox 1846 4589 2264 4657; x_wconf 64' lang='lat' dir='ltr'><strong>praeparationis</strong></span> <span class='ocrx_word' id='word_1_808' title='bbox 2294 4591 2567 4655; x_wconf 61' lang='lat' dir='ltr'><strong>jar-turam</strong></span> <span class='ocrx_word' id='word_1_809' title='bbox 2610 4594 2969 4661; x_wconf 88' lang='lat' dir='ltr'><strong>nuncupabit.</strong></span> <span class='ocrx_word' id='word_1_810' title='bbox 3003 4593 3214 4648; x_wconf 87' lang='lat' dir='ltr'><strong>Idcirco</strong></span> <span class='ocrx_word' id='word_1_811' title='bbox 3243 4594 3416 4648; x_wconf 87' lang='lat' dir='ltr'><strong>solam</strong></span> 
     </span>
    </p>
   </div>
   <div class='ocr_carea' id='block_1_110' title="bbox 1847 4680 3416 4755">
    <p class='ocr_par' dir='ltr' id='par_1_110' title="bbox 1847 4680 3416 4755">
     <span class='ocr_line' id='line_1_110' title="bbox 1847 4680 3416 4755; baseline 0.004 -24"><span class='ocrx_word' id='word_1_812' title='bbox 1847 4680 1914 4733; x_wconf 88' lang='lat' dir='ltr'><strong>ad</strong></span> <span class='ocrx_word' id='word_1_813' title='bbox 1947 4681 2146 4735; x_wconf 87' lang='lat' dir='ltr'><strong>melius</strong></span> <span class='ocrx_word' id='word_1_814' title='bbox 2181 4684 2632 4751; x_wconf 72' lang='lat' dir='ltr'><strong>pratparationem</strong></span> <span class='ocrx_word' id='word_1_815' title='bbox 2663 4684 2892 4738; x_wconf 85' lang='lat' dir='ltr'><strong>historia</strong></span> <span class='ocrx_word' id='word_1_816' title='bbox 2920 4685 3079 4739; x_wconf 90' lang='lat' dir='ltr'><strong>nobis</strong></span> <span class='ocrx_word' id='word_1_817' title='bbox 3105 4686 3416 4755; x_wconf 85' lang='lat' dir='ltr'><strong>proposuit,</strong></span> 
     </span>
    </p>
   </div>
   <div class='ocr_carea' id='block_1_111' title="bbox 1846 4770 3414 4844">
    <p class='ocr_par' dir='ltr' id='par_1_111' title="bbox 1846 4770 3414 4844">
     <span class='ocr_line' id='line_1_111' title="bbox 1846 4770 3414 4844; baseline 0.005 -23"><span class='ocrx_word' id='word_1_818' title='bbox 1846 4770 2182 4822; x_wconf 88' lang='lat' dir='ltr'><strong>contrarium</strong></span> <span class='ocrx_word' id='word_1_819' title='bbox 2232 4773 2352 4838; x_wconf 87' lang='lat' dir='ltr'><strong>ejus</strong></span> <span class='ocrx_word' id='word_1_820' title='bbox 2404 4771 2705 4841; x_wconf 89' lang='lat' dir='ltr'><strong>inquirenti</strong></span> <span class='ocrx_word' id='word_1_821' title='bbox 2743 4774 3042 4843; x_wconf 88' lang='lat' dir='ltr'><strong>prudenter</strong></span> <span class='ocrx_word' id='word_1_822' title='bbox 3074 4775 3414 4844; x_wconf 87' lang='lat' dir='ltr'><strong>relinquens.</strong></span> 
     </span>
    </p>
   </div>
   <div class='ocr_carea' id='block_1_112' title="bbox 1847 4857 3417 4936">
    <p class='ocr_par' dir='ltr' id='par_1_112' title="bbox 1847 4857 3417 4936">
     <span class='ocr_line' id='line_1_112' title="bbox 1847 4857 3417 4936; baseline 0.007 -25"><span class='ocrx_word' id='word_1_823' title='bbox 1847 4857 2048 4913; x_wconf 85' lang='lat' dir='ltr'><strong>Verum</strong></span> <span class='ocrx_word' id='word_1_824' title='bbox 2081 4861 2537 4930; x_wconf 89' lang='lat' dir='ltr'><strong>quemadmodum</strong></span> <span class='ocrx_word' id='word_1_825' title='bbox 2584 4879 2710 4918; x_wconf 91' lang='lat' dir='ltr'><strong>cum</strong></span> <span class='ocrx_word' id='word_1_826' title='bbox 2758 4866 3108 4936; x_wconf 83' lang='lat' dir='ltr'><strong>conscriptus</strong></span> <span class='ocrx_word' id='word_1_827' title='bbox 3139 4867 3417 4922; x_wconf 80' lang='lat' dir='ltr'><strong>exercitus</strong></span> 
     </span>
    </p>
   </div>
   <div class='ocr_carea' id='block_1_113' title="bbox 1847 4949 3414 5027">
    <p class='ocr_par' dir='ltr' id='par_1_113' title="bbox 1847 4949 3414 5027">
     <span class='ocr_line' id='line_1_113' title="bbox 1847 4949 3414 5027; baseline 0.007 -25"><span class='ocrx_word' id='word_1_828' title='bbox 1847 4949 2027 5015; x_wconf 77' lang='lat' dir='ltr'><strong>fuerit,</strong></span> <span class='ocrx_word' id='word_1_829' title='bbox 2085 4954 2321 5022; x_wconf 88' lang='lat' dir='ltr'><strong>primum</strong></span> <span class='ocrx_word' id='word_1_830' title='bbox 2371 4965 2736 5010; x_wconf 91' lang='lat' dir='ltr'><strong>commeatum</strong></span> <span class='ocrx_word' id='word_1_831' title='bbox 2779 4965 2936 5026; x_wconf 88' lang='lat' dir='ltr'><strong>parat</strong></span> <span class='ocrx_word' id='word_1_832' title='bbox 2983 4958 3258 5014; x_wconf 79' lang='lat' dir='ltr'><strong>exercitus</strong></span> <span class='ocrx_word' id='word_1_833' title='bbox 3281 4960 3414 5027; x_wconf 79' lang='lat' dir='ltr'><strong>dux,</strong></span> 
     </span>
    </p>
   </div>
   <div class='ocr_carea' id='block_1_114' title="bbox 1843 5043 3416 5119">
    <p class='ocr_par' dir='ltr' id='par_1_114' title="bbox 1843 5043 3416 5119">
     <span class='ocr_line' id='line_1_114' title="bbox 1843 5043 3416 5119; baseline 0.006 -23"><span class='ocrx_word' id='word_1_834' title='bbox 1843 5057 1908 5097; x_wconf 90' lang='lat' dir='ltr'><strong>ac</strong></span> <span class='ocrx_word' id='word_1_835' title='bbox 1931 5043 2129 5100; x_wconf 89' lang='lat' dir='ltr'><strong>deinde</strong></span> <span class='ocrx_word' id='word_1_836' title='bbox 2159 5046 2286 5100; x_wconf 91' lang='lat' dir='ltr'><strong>belli</strong></span> <span class='ocrx_word' id='word_1_837' title='bbox 2315 5047 2409 5100; x_wconf 90' lang='lat' dir='ltr'><strong>dat</strong></span> <span class='ocrx_word' id='word_1_838' title='bbox 2445 5055 2707 5103; x_wconf 91' lang='lat' dir='ltr'><strong>tesseram</strong></span> <span class='ocrx_word' id='word_1_839' title='bbox 2737 5067 2750 5103; x_wconf 89' lang='lat'><strong>:</strong></span> <span class='ocrx_word' id='word_1_840' title='bbox 2781 5049 2974 5104; x_wconf 90' lang='lat' dir='ltr'><strong>eodem</strong></span> <span class='ocrx_word' id='word_1_841' title='bbox 3007 5051 3170 5104; x_wconf 88' lang='lat' dir='ltr'><strong>modo</strong></span> <span class='ocrx_word' id='word_1_842' title='bbox 3195 5067 3416 5119; x_wconf 87' lang='lat' dir='ltr'><strong>quoque</strong></span> 
     </span>
    </p>
   </div>
   <div class='ocr_carea' id='block_1_115' title="bbox 1842 5135 3413 5212">
    <p class='ocr_par' dir='ltr' id='par_1_115' title="bbox 1842 5135 3413 5212">
     <span class='ocr_line' id='line_1_115' title="bbox 1842 5135 3413 5212; baseline 0.006 -25"><span class='ocrx_word' id='word_1_843' title='bbox 1842 5135 2064 5190; x_wconf 81' lang='lat' dir='ltr'><strong>virtutis</strong></span> <span class='ocrx_word' id='word_1_844' title='bbox 2119 5137 2321 5192; x_wconf 88' lang='lat' dir='ltr'><strong>milites</strong></span> <span class='ocrx_word' id='word_1_845' title='bbox 2381 5141 2619 5208; x_wconf 90' lang='lat' dir='ltr'><strong>primum</strong></span> <span class='ocrx_word' id='word_1_846' title='bbox 2687 5142 2979 5212; x_wconf 87' lang='lat' dir='ltr'><strong>mysticum</strong></span> <span class='ocrx_word' id='word_1_847' title='bbox 3043 5151 3413 5196; x_wconf 91' lang='lat' dir='ltr'><strong>commeatum</strong></span> 
     </span>
    </p>
   </div>
   <div class='ocr_carea' id='block_1_116' title="bbox 1844 5226 3413 5302">
    <p class='ocr_par' dir='ltr' id='par_1_116' title="bbox 1844 5226 3413 5302">
     <span class='ocr_line' id='line_1_116' title="bbox 1844 5226 3413 5302; baseline 0.003 -23"><span class='ocrx_word' id='word_1_848' title='bbox 1844 5226 2143 5295; x_wconf 89' lang='lat' dir='ltr'><strong>accipiunt,</strong></span> <span class='ocrx_word' id='word_1_849' title='bbox 2159 5236 2214 5282; x_wconf 90' lang='lat' dir='ltr'><strong>et</strong></span> <span class='ocrx_word' id='word_1_850' title='bbox 2238 5229 2317 5283; x_wconf 91' lang='lat' dir='ltr'><strong>sic</strong></span> <span class='ocrx_word' id='word_1_851' title='bbox 2341 5230 2609 5285; x_wconf 83' lang='lat' dir='ltr'><strong>adversus</strong></span> <span class='ocrx_word' id='word_1_852' title='bbox 2633 5231 2968 5302; x_wconf 89' lang='lat' dir='ltr'><strong>alienigenas</strong></span> <span class='ocrx_word' id='word_1_853' title='bbox 2985 5242 3206 5294; x_wconf 85' lang='lat' dir='ltr'><strong>exeunt,</strong></span> <span class='ocrx_word' id='word_1_854' title='bbox 3227 5231 3413 5286; x_wconf 85' lang='lat' dir='ltr'><strong>Jesum</strong></span> 
     </span>
    </p>
   </div>
   <div class='ocr_carea' id='block_1_117' title="bbox 1843 5318 3412 5395">
    <p class='ocr_par' dir='ltr' id='par_1_117' title="bbox 1843 5318 3412 5395">
     <span class='ocr_line' id='line_1_117' title="bbox 1843 5318 3412 5395; baseline 0.004 -22"><span class='ocrx_word' id='word_1_855' title='bbox 1843 5320 1935 5389; x_wconf 88' lang='lat' dir='ltr'><strong>qui</strong></span> <span class='ocrx_word' id='word_1_856' title='bbox 1963 5318 2136 5392; x_wconf 85' lang='lat' dir='ltr'><strong>Moysi</strong></span> <span class='ocrx_word' id='word_1_857' title='bbox 2163 5322 2650 5378; x_wconf 88' lang='lat' dir='ltr'><strong>successitducem</strong></span> <span class='ocrx_word' id='word_1_858' title='bbox 2691 5325 3055 5393; x_wconf 89' lang='lat' dir='ltr'><strong>possidentes.</strong></span> <span class='ocrx_word' id='word_1_859' title='bbox 3090 5324 3255 5380; x_wconf 82' lang='lat' dir='ltr'><strong>Vides</strong></span> <span class='ocrx_word' id='word_1_860' title='bbox 3303 5341 3412 5395; x_wconf 91' lang='lat' dir='ltr'><strong>qua</strong></span> 
     </span>
    </p>
   </div>
   <div class='ocr_carea' id='block_1_118' title="bbox 1842 5413 3416 5488">
    <p class='ocr_par' dir='ltr' id='par_1_118' title="bbox 1842 5413 3416 5488">
     <span class='ocr_line' id='line_1_118' title="bbox 1842 5413 3416 5488; baseline 0.002 -21"><span class='ocrx_word' id='word_1_861' title='bbox 1842 5413 1986 5468; x_wconf 90' lang='lat' dir='ltr'><strong>serie</strong></span> <span class='ocrx_word' id='word_1_862' title='bbox 2035 5413 2268 5468; x_wconf 87' lang='lat' dir='ltr'><strong>historia</strong></span> <span class='ocrx_word' id='word_1_863' title='bbox 2319 5416 2610 5483; x_wconf 85' lang='lat' dir='ltr'><strong>procedit?</strong></span> <span class='ocrx_word' id='word_1_864' title='bbox 2668 5416 2823 5471; x_wconf 90' lang='lat' dir='ltr'><strong>vides</strong></span> <span class='ocrx_word' id='word_1_865' title='bbox 2887 5419 3161 5488; x_wconf 88' lang='lat' dir='ltr'><strong>quomodo</strong></span> <span class='ocrx_word' id='word_1_866' title='bbox 3224 5427 3416 5472; x_wconf 87' lang='lat' dir='ltr'><strong>nostro</strong></span> 
     </span>
    </p>
   </div>
   <div class='ocr_carea' id='block_1_119' title="bbox 1843 5506 3416 5578">
    <p class='ocr_par' dir='ltr' id='par_1_119' title="bbox 1843 5506 3416 5578">
     <span class='ocr_line' id='line_1_119' title="bbox 1843 5506 3416 5578; baseline 0.003 -20"><span class='ocrx_word' id='word_1_867' title='bbox 1843 5513 2041 5558; x_wconf 87' lang='lat' dir='ltr'><strong>cuncta</strong></span> <span class='ocrx_word' id='word_1_868' title='bbox 2076 5506 2358 5575; x_wconf 89' lang='lat' dir='ltr'><strong>proposito</strong></span> <span class='ocrx_word' id='word_1_869' title='bbox 2392 5508 2747 5577; x_wconf 87' lang='lat' dir='ltr'><strong>congruunt?</strong></span> <span class='ocrx_word' id='word_1_870' title='bbox 2776 5507 3076 5578; x_wconf 86' lang='lat' dir='ltr'><strong>Quousque</strong></span> <span class='ocrx_word' id='word_1_871' title='bbox 3125 5509 3416 5565; x_wconf 81' lang='lat' dir='ltr'><strong>imbecillis</strong></span> 
     </span>
    </p>
   </div>
   <div class='ocr_carea' id='block_1_120' title="bbox 1843 5593 3415 5667">
    <p class='ocr_par' dir='ltr' id='par_1_120' title="bbox 1843 5593 3415 5667">
     <span class='ocr_line' id='line_1_120' title="bbox 1843 5593 3415 5667; baseline 0.002 -19"><span class='ocrx_word' id='word_1_872' title='bbox 1843 5594 2010 5648; x_wconf 87' lang='lat' dir='ltr'><strong>homo</strong></span> <span class='ocrx_word' id='word_1_873' title='bbox 2069 5595 2128 5648; x_wconf 90' lang='lat' dir='ltr'><strong>in</strong></span> <span class='ocrx_word' id='word_1_874' title='bbox 2179 5593 2287 5649; x_wconf 84' lang='lat' dir='ltr'><strong>ﬁde</strong></span> <span class='ocrx_word' id='word_1_875' title='bbox 2344 5602 2430 5650; x_wconf 89' lang='lat' dir='ltr'><strong>est</strong></span> <span class='ocrx_word' id='word_1_876' title='bbox 2495 5596 2808 5665; x_wconf 84' lang='lat' dir='ltr'><strong>perniciosa</strong></span> <span class='ocrx_word' id='word_1_877' title='bbox 2866 5597 3084 5667; x_wconf 89' lang='lat' dir='ltr'><strong>tyranni</strong></span> <span class='ocrx_word' id='word_1_878' title='bbox 3150 5597 3415 5652; x_wconf 88' lang='lat' dir='ltr'><strong>servitute</strong></span> 
     </span>
    </p>
   </div>
   <div class='ocr_carea' id='block_1_121' title="bbox 1843 5688 3412 5758">
    <p class='ocr_par' dir='ltr' id='par_1_121' title="bbox 1843 5688 3412 5758">
     <span class='ocr_line' id='line_1_121' title="bbox 1843 5688 3412 5758; baseline 0.001 -16"><span class='ocrx_word' id='word_1_879' title='bbox 1843 5703 2162 5758; x_wconf 85' lang='lat' dir='ltr'><strong>oppressus,</strong></span> <span class='ocrx_word' id='word_1_880' title='bbox 2195 5703 2302 5744; x_wconf 88' lang='lat' dir='ltr'><strong>non</strong></span> <span class='ocrx_word' id='word_1_881' title='bbox 2334 5688 2450 5758; x_wconf 81' lang='lat' dir='ltr'><strong>ipso</strong></span> <span class='ocrx_word' id='word_1_882' title='bbox 2475 5703 2534 5744; x_wconf 87' lang='lat' dir='ltr'><strong>se</strong></span> <span class='ocrx_word' id='word_1_883' title='bbox 2563 5688 2632 5744; x_wconf 87' lang='lat' dir='ltr'><strong>ab</strong></span> <span class='ocrx_word' id='word_1_884' title='bbox 2657 5689 2813 5746; x_wconf 86' lang='lat' dir='ltr'><strong>hoste</strong></span> <span class='ocrx_word' id='word_1_885' title='bbox 2845 5695 3055 5745; x_wconf 86' lang='lat' dir='ltr'><strong>t&#39;utatur</strong></span> <span class='ocrx_word' id='word_1_886' title='bbox 3085 5709 3098 5745; x_wconf 92' lang='lat'><strong>:</strong></span> <span class='ocrx_word' id='word_1_887' title='bbox 3134 5707 3235 5746; x_wconf 84' lang='lat' dir='ltr'><strong>nec</strong></span> <span class='ocrx_word' id='word_1_888' title='bbox 3264 5691 3412 5745; x_wconf 68' lang='lat' dir='ltr'><strong>extim</strong></span> 
     </span>
    </p>
   </div>
  </div>
