3844 6222
379 283 480 342 371

1649 295 1708 353 S.
1750 296 2076 355 GREGORII
2115 296 2406 356 NYSSENI

3531 303 3642 363 57!

380 409 604 472 potest:
641 403 734 456 sed
769 404 860 473 qui
888 419 1103 476 semper
1139 406 1372 465 infirmis
1400 410 1576 474 adest,
1612 413 1703 482 qui
1739 414 1950 469 crebris

2080 420 2174 480 ταῖς
2201 418 2519 490 ἐπαλλήλοις
2548 418 2780 492 πληγαῖς
2812 419 2900 474 τὸν
2932 419 3188 491 πολέμιον
3208 419 3448 473 τύπτων.
3469 420 3645 474 Ἐπάν

383 494 596 548 hostem
633 509 697 549 ac
729 497 945 565 magnis
1001 498 1322 556 vulneribus
1384 509 1565 572 potest
1613 496 1859 568 fundere,
1912 506 1959 559 is

385 601 484 653 pro
546 588 662 641 suis
714 596 940 657 pugnat,
997 590 1044 644 is
1108 590 1320 645 hostem
1367 595 1688 666 submergit,
1728 597 1773 652 is
1829 613 1960 652 suos

384 676 647 730 defendit.
681 677 818 732 Cum
852 695 982 734 vero
1032 681 1088 734 in
1143 681 1444 738 libertatem
1500 685 1613 753 jam
1656 688 1961 742 vindicatus

387 768 550 823 homo
594 770 686 834 sit,
721 785 848 823 cum
902 772 1050 840 ligno
1097 787 1284 826 amara
1322 775 1375 828 in
1415 775 1760 832 dulcedinem
1817 796 1961 848 aqua

387 873 546 915 versa
578 860 921 916 refocillatus
943 862 1127 927 fuerit,
1159 879 1282 918 cum
1307 867 1361 919 in
1395 865 1626 921 fontium
1666 878 1722 923 et
1751 871 1960 938 palma-

388 968 509 1006 rum
546 956 860 1010 ammnitate
913 956 1269 1023 requieverit,
1306 973 1429 1012 cum
1474 959 1669 1029 lapidis
1702 962 1962 1030 mysterio

388 1045 537 1100 sitim
587 1048 884 1116 expulerit,
941 1063 1064 1101 cum
1118 1050 1354 1119 denique
1384 1052 1596 1106 cmlesti
1642 1052 1766 1106 cibo
1800 1051 1964 1106 fuerit

389 1153 545 1203 usus,
583 1147 715 1193 tunc
749 1155 859 1194 non
890 1157 988 1210 per
1023 1142 1190 1195 alium
1225 1141 1374 1211 fugat
1407 1145 1594 1200 hostes
1623 1160 1636 1196 :
1681 1145 1773 1198 sed
1804 1145 1961 1214 quasi

389 1234 482 1304 qui
508 1235 621 1305 jam
649 1251 943 1306 puerorum
973 1245 1185 1290 aetatem
1208 1241 1526 1305 excesserit,
1551 1248 1605 1293 et
1627 1241 1680 1294 in
1700 1241 1962 1309 juvenum

395 1327 562 1381 robur
590 1329 917 1397 pervenerit,
950 1329 1064 1397 ipse
1098 1345 1197 1399 pro
1229 1331 1411 1400 seipso
1452 1347 1646 1387 manus
1693 1348 1817 1386 cum
1864 1333 1963 1387 ad-

399 1421 644 1474 versario
665 1423 926 1483 conserit,
952 1420 1091 1477 duce
1109 1438 1242 1477 usus
1275 1439 1376 1477 non
1402 1420 1584 1496 Moyse
1608 1422 1701 1480 Dei
1729 1426 1962 1490 cultore,

395 1511 490 1566 sed
546 1513 667 1582 ipso
697 1512 827 1568 Deo.
885 1513 992 1568 Lex
1042 1530 1162 1584 qua:
1207 1515 1264 1569 in
1315 1517 1488 1585 figura
1537 1516 1851 1570 futurorum
1910 1525 1966 1572 et

394 1603 588 1658 umbra
616 1603 740 1658 data
775 1610 890 1668 est,
917 1606 1354 1675 inexpugnabilis
1384 1607 1442 1660 in
1473 1607 1619 1660 veris
1648 1605 1967 1661 certamini—

392 1694 497 1750 bus
523 1704 629 1759 est,
669 1697 722 1750 in
746 1698 950 1768 quibus
981 1701 1087 1751 dux
1113 1708 1218 1763 est,
1247 1701 1337 1769 qui
1367 1699 1536 1771 Moysi
1559 1700 1846 1766 successit,
1872 1701 1964 1768 qui

2064 511 2121 564 δέ
2153 511 2253 581 τῆς
2285 511 2392 564 τῶν
2424 511 2769 581 κρατούντων
2818 511 3058 574 δουλείας
3114 510 3491 581 ἐλευθερωθῇ,
3547 511 3644 563 καὶ

2067 602 2480 673 καταγλυκανθῇ
2516 603 2594 675 τῷ
2627 603 2786 673 ξύλῳ,
2836 604 2930 656 καὶ
2961 604 3018 655 ἐν
3063 605 3129 672 τῇ
3175 602 3434 670 φοινίκων
3467 618 3643 654 κατα-

2065 695 2216 762 γωγῇ
2247 693 2339 745 τὸν
2377 693 2543 745 κόπον
2581 692 2889 763 ἀναπαύσῃ,
2930 691 3023 745 καὶ
3054 691 3114 743 τὸ
3146 693 3244 760 τῆς
3269 691 3476 760 πέτρας
3527 688 3643 756 γνῷ

2068 787 2385 856 μυστήριον,
2429 786 2522 838 καὶ
2549 785 2646 854 τῆς
2681 785 2929 856 οὐρανίου
2960 783 3206 854 μετάσχῃ
3235 782 3444 852 τροφῆς
3474 799 3487 812 ·
3519 781 3640 832 τότε

2066 876 2248 930 οὐκέτι
2273 877 2340 928 δι’
2363 874 2552 946 ἐτέρας
2586 876 2766 946 χειρὸς
2787 876 3049 945 ἀμύνεται
3077 875 3170 927 rbv
3199 875 3458 944 πολέμιον
3479 889 3493 902 ’
3521 871 3643 924 ἀλλ’

2065 967 2140 1030 ὡς
2167 966 2337 1027 ἐκϐὰς
2362 965 2462 1036 ήδη
2478 966 2576 1034 τὴν
2591 963 2683 1016 τοῦ
2713 963 2899 1028 παιδὸς
2924 963 3158 1034 ⁴ἠλικίαν,
3190 962 3281 1016 καὶ
3308 959 3643 1016 καταλαϐὼν

2065 1058 2164 1128 τὴν
2193 1058 2375 1127 ἀκμὴν
2412 1057 2512 1126 τῆς
2537 1057 2806 1127 νεότητος,
2829 1056 2987 1119 αὐτὸς
3013 1057 3079 1108 δι’
3112 1054 3305 1109 ἐαυτοῦ
3338 1056 3451 1116 τοῖς
3483 1055 3634 1104 ἐναν⁹

2067 1149 2204 1212 τίοις
2225 1147 2615 1218 συμπλέκεται,
2633 1147 2922 1219 στρατηγῷ
2945 1147 3244 1218 χρώμενος,
3267 1146 3452 1198 οὐκέτι
3474 1145 3642 1198 Μωΰ-

2069 1244 2155 1294 σεῖ
2182 1239 2259 1311 τῷ
2313 1241 2599 1312 θεράποντι
2625 1240 2717 1293 τοῦ
2766 1239 2922 1304 Θεοῦ,
2971 1239 3088 1293 ἀλλ’
3121 1237 3269 1308 αὐτῷ
3296 1235 3376 1307 τῷ
3403 1235 3547 1304 Θεῷ,
3577 1227 3643 1288 οὗ

2068 1332 2307 1401 Μωῦσῆς
2354 1329 2609 1399 Θεράπων
2648 1330 2883 1397 ἐγένετο.
2929 1329 2986 1382 '0
3025 1328 3132 1397 γὰρ
3158 1328 3217 1392 ἐξ
3253 1327 3428 1397 ἀρχῆς
3460 1324 3643 1388 δοθεὶς

2066 1426 2125 1477 ἐν
2148 1423 2303 1493 τύπῳ
2332 1423 2426 1477 καὶ
2461 1424 2586 1493 σκιᾷ
2602 1422 2708 1475 τῶν
2737 1421 3032 1492 μελλόντων
3055 1421 3238 1490 νόμος,
3269 1421 3324 1472 ἐν
3357 1421 3469 1481 τοῖς
3501 1416 3640 1486 ἀλη-

2021 1567 2024 1572 ,
2069 1515 2232 1579 θινοῖς
2255 1515 2459 1585 ἀγῶσιν
2489 1515 2769 1586 ἀπόμαχος
2810 1513 2978 1585 μένει,
3017 1513 3312 1582 στρατηγεῖ
3355 1510 3410 1562 δὲ
3440 1511 3468 1563 ὁ
3495 1509 3641 1578 πλη-

2072 1608 2246 1680 ρωτὴς
2295 1606 2387 1660 τοῦ
2419 1607 2604 1676 νόμου,
2641 1607 2732 1658 καὶ
2759 1605 3034 1666 Μωῦσέως
3080 1601 3340 1672 διάδοχος,
3369 1603 3396 1653 ὁ
3416 1601 3504 1653 διὰ
3535 1599 3645 1668 τῆς

2071 1695 2391 1767 ὁμωνυμίας
2427 1694 2520 1747 τοῦ
2548 1694 2666 1747 τότε
2711 1691 3139 1764 στρατηγοῦντος
3188 1690 3643 1761 προκηρυσσόμε-

395 1789 566 1858 legem
606 1789 938 1859 adimplevit,
990 1793 1082 1861 qui
1115 1793 1198 1846 vel
1233 1791 1459 1846 nomine
1513 1792 1633 1860 ipso
1662 1792 1820 1846 ducis
1860 1791 1964 1846 lle-

2080 1807 2174 1852 δος.
2226 1789 2285 1841 '0
2315 1787 2372 1840 δὲ
2404 1787 2548 1850 λαὸς,
2583 1789 2630 1840 εἰ
2660 1787 2755 1857 μὲν
2794 1783 3108 1856 ἐπηρμένας
3134 1783 3317 1853 βλέποι
3354 1781 3446 1835 τοῦ
3483 1797 3647 1850 νομο-

394 1880 669 1934 braeorum
697 1884 871 1936 multo
895 1891 1023 1938 ante
1045 1883 1374 1953 pratdicatus
1398 1893 1501 1939 est.
1526 1882 1768 1953 Populus
1785 1892 1967 1938 autem

395 1973 666 2042 siquidem
692 1976 931 2030 elevatas
956 1974 1282 2045 legislatoris
1313 1991 1507 2030 manus
1533 1975 1776 2044 respicit,
1800 1975 1971 2028 vincit

397 2063 559 2118 facile
590 2065 778 2120 hostes
807 2085 818 2119 :
852 2066 938 2121 sin
970 2081 1100 2121 vero
1132 2067 1444 2136 depressas,
1495 2069 1641 2122 cedit
1696 2067 1966 2122 hosdbus.

401 2155 687 2227 Significat
727 2169 907 2212 autem
937 2174 1196 2213 manuum
1223 2158 1397 2229 Moysi
1427 2160 1479 2213 in
1512 2160 1679 2213 altum
1711 2159 1967 2220 sublatio,

397 2247 535 2315 Regis
577 2247 630 2300 iu
662 2247 962 2302 altissimos
1000 2264 1199 2303 sensns
1239 2249 1802 2303 accommodationem
1831 2264 1845 2305 :
1875 2249 1971 2302 de-

395 2339 610 2400 missio,
642 2338 924 2402 humilem,
949 2347 1243 2403 terrenam,
1269 2340 1666 2408 litteralemque
1686 2339 1822 2407 legis
1845 2352 1970 2391 cum

397 2427 798 2494 expositionem
893 2435 1010 2480 tum
1088 2428 1552 2483 observationem.
1639 2429 1795 2494 Quod
1842 2442 1971 2480 vero

400 2517 659 2572 sacerdos
687 2534 881 2587 graves
908 2518 1077 2590 Moysi
1100 2532 1297 2576 manus
1329 2523 1589 2582 sustinet,
1611 2520 1816 2573 auxilio
1837 2535 1972 2574 usus

400 2609 730 2676 cognatione
783 2610 883 2663 sibi
926 2609 1252 2678 conjuncti,
1313 2627 1489 2679 neque
1545 2610 1780 2664 alienum
1829 2617 1913 2664 est
1941 2625 1971 2660 a

401 2712 567 2751 sensu
599 2698 794 2752 altiore
827 2715 989 2767 quem
1027 2699 1333 2767 sequimur.
1370 2697 1567 2753 Verum
1612 2699 1756 2751 enim
1789 2714 1973 2752 sacer-

401 2785 607 2841 dotium
642 2805 737 2858 per
769 2791 1120 2859 coujunctum
1153 2791 1257 2846 sibi
1311 2788 1402 2844 Dei
1451 2790 1699 2854 verbum,
1749 2805 1972 2843 sensum

406 2878 540 2947 legis
568 2879 771 2934 duritie
799 2876 1014 2934 Judaici
1046 2881 1232 2934 cordis
1282 2881 1336 2933 in
1369 2889 1572 2933 terram
1616 2880 1887 2947 dejectum
1919 2880 1974 2932 in

403 2973 574 3023 altum
614 2986 805 3026 rursus
835 2971 1069 3036 reducit,
1105 2980 1160 3025 et
1203 2987 1272 3026 ne
1303 2970 1528 3024 omnino
1581 2971 1763 3031 cadat,
1801 2969 1976 3038 lapide

403 3071 696 3127 sustentat,
745 3072 803 3117 ut
870 3065 1073 3118 rectior
1125 3079 1220 3132 per
1267 3063 1644 3117 extensionem
1711 3077 1972 3114 manuum

403 3159 732 3223 consistens,
765 3172 990 3212 sensum
1028 3155 1330 3225 spiritalem
1363 3169 1522 3207 suum
1554 3152 1974 3221 respicientibus

404 3249 678 3304 ostendat.
737 3248 869 3302 Nam
925 3265 1052 3303 vere
1097 3249 1185 3311 iis,
1213 3248 1307 3318 qui
1358 3247 1416 3300 in
1469 3247 1641 3316 legem
1703 3246 1979 3314 respicere

404 3351 654 3412 possunt,
709 3342 892 3395 crucis
927 3341 1250 3412 mysterium
1280 3340 1520 3409 undique
1556 3337 1670 3392 fere
1716 3345 1885 3407 patet,
1923 3344 1980 3388 ut

407 3434 756 3503 Evangelium
795 3450 1014 3504 quoque
1066 3432 1198 3488 dicit
1219 3431 1413 3497 “,iota
1434 3439 1488 3488 et
1521 3431 1729 3502 apicem
1787 3446 1817 3483 a
1865 3433 1980 3499 lege

407 3543 516 3580 non
551 3528 849 3596 praaterire,
907 3533 1278 3579 transversam
1337 3523 1536 3577 lineam
1593 3531 1646 3575 et
1687 3521 1978 3590 perpendi-

406 3619 646 3673 cularem
675 3634 738 3672 ac
761 3627 987 3682 rectam,
1017 3617 1216 3686 quibus
1234 3617 1404 3685 figura
1422 3616 1604 3669 crucis
1625 3615 1978 3677 describitur,

407 3727 504 3781 per
536 3712 642 3764 iota
689 3719 743 3765 et
776 3711 984 3780 apicem
1043 3708 1360 3764 ostendens.
1418 3708 1550 3773 Qua:
1579 3723 1669 3762 res
1702 3708 1756 3761 in
1800 3706 1984 3776 Moyse

410 3815 542 3857 tunc
592 3812 913 3872 conspecta,
941 3802 1034 3872 qui
1067 3816 1166 3871 pro
1214 3801 1331 3870 lege
1379 3800 1497 3869 ipsa
1533 3800 1775 3869 ponitur,
1809 3799 1986 3852 victo-

408 3895 546 3950 riam
579 3897 995 3965 respicientibus
1023 3894 1276 3965 prmbuit.

486 4171 594 4228 Sed
651 4171 853 4226 iterum
909 4171 1190 4225 continuis
1249 4167 1733 4239 progressionibus
1797 4175 1986 4219 nostra

2069 1881 2223 1934 θέτου
2262 1880 2362 1943 τὰς
2416 1881 2622 1948 χεῖρας,
2658 1877 2956 1949 ὑπέρτερος
2983 1873 3078 1927 τοῦ
3139 1870 3334 1944 ἐχθροῦ
3371 1871 3512 1924 κατά
3542 1871 3646 1940 τὴν

2069 1970 2371 2046 παράταξιν
2421 1971 2652 2039 γίνεται.
2679 1971 2738 2021 Et
2779 1968 2834 2022 δὲ
2857 1966 3211 2036 καθειμένας,
3244 1963 3506 2017 ἐνδίδωσι.
3532 1961 3646 2031 Ση-

2051 2062 2303 2137 μαίνειδὲ
2333 2059 2397 2113 τὸ
2425 2061 2524 2130 μὲν
2553 2061 2610 2111 ἐν
2627 2055 2750 2126 ὕψει
2777 2058 2874 2120 τὰς
2898 2060 3088 2128 χεῖρας
3105 2056 3349 2127 ἐπαίρειν
3362 2058 3452 2106 τὸν
3465 2057 3643 2106 Μωῡ-

2057 2156 2176 2218 σέα,
2212 2151 2310 2222 τὴν
2336 2149 2424 2202 διὰ
2449 2147 2557 2200 τῶν
2585 2147 2931 2218 ὑψηλοτάτων
2963 2148 3251 2217 νοημάτων
3283 2144 3518 2216 θεωρίαν
3545 2144 3647 2195 τοῦ

2051 2249 2219 2316 νόμου
2245 2259 2257 2273 ·
2285 2244 2346 2296 τὸ
2369 2243 2425 2294 δὲ
2456 2243 2535 2304 εἰς
2557 2241 2655 2310 τὴν
2687 2241 2790 2310 γῆν
2822 2241 3140 2306 ὲπικλίνειν,
3163 2239 3262 2310 τὴν
3295 2238 3562 2307 ταπεινήν
3585 2253 3646 2287 τε

2053 2339 2148 2393 καὶ
2173 2333 2517 2408 χαμαίζηλον
2555 2331 2695 2385 κατά
2721 2332 2782 2384 rb
2807 2333 3041 2402 γράμμα
3060 2330 3155 2385 τοῦ
3187 2330 3353 2401 νόμου
3379 2328 3548 2398 ἐξήγη
3559 2327 3648 2378 σίν

2054 2448 2116 2484 τε
2151 2429 2248 2482 καὶ
2279 2426 2684 2497 παρατήρησιν.
2725 2423 3028 2494 ’Υπερείδει
3055 2424 3113 2476 δὲ
3161 2419 3521 2493 βαρυνθείσας
3547 2416 3643 2471 τοῦ

2069 2520 2348 2583 Μωῦσέως
2381 2519 2482 2582 τὰς
2531 2519 2720 2588 χεῖρας
2756 2513 2785 2566 ό
2834 2511 3016 2584 ἱερεὺς
3063 2503 3307 2578 συνεργῷ
3356 2500 3642 2574 χρώμενος

2069 2613 2146 2684 τῷ
2168 2611 2496 2684 ᾡκειωμένῳ
2549 2606 2686 2661 κατά
2731 2605 2793 2658 rb
2849 2601 3018 2670 γένος.
3054 2599 3189 2652 Οὐδὲ
3219 2595 3380 2649 τοῦτο
3410 2589 3642 2684 τῆς

2073 2683 2454 2776 θεωρηθέντων
2484 2697 2799 2760 ἀκολουθίας
2828 2695 2973 2749 ἐστὶν
2998 2691 3170 2754 ἐκτός.
3217 2690 3282 2741 Ἠ
3297 2686 3404 2756 γὰρ
3434 2683 3644 2776 ἀληθὴς

2074 2773 2338 2868 ἱερωσύνη
2373 2794 2459 2847 διὰ
2485 2791 2577 2845 τοῦ
2632 2789 2975 2858 συνημμένου
3016 2783 3154 2851 αὐτῇ
3182 2779 3340 2846 λόγου
3373 2775 3523 2828 θείου
3540 2773 3644 2868 τὰς

2073 2867 2137 2945 ἐν
2160 2891 2420 2962 βαρύτητι
2465 2885 2563 2955 τῆς
2617 2877 2913 2946 Ἰουδαϊκῆς
2959 2873 3194 2934 διανοίας
3218 2872 3295 2932 εἰς
3325 2869 3426 2962 γῆν
3451 2867 3646 2962 ἐρριμ-

2078 2956 2246 3052 μένας
2269 2956 2547 3048 ἐνεργείας
2575 2971 2669 3025 τοῦ
2707 2970 2872 3039 νόμου
2908 2966 3068 3018 πάλιν
3099 2957 3403 3052 ἁνάγειᾷεἰς
3416 2957 3478 3052 rb

2005 3111 2044 3164 (ς
2078 3071 2171 3126 καὶ
2190 3071 2454 3123 πίπτοντα
2478 3065 2568 3119 τὸν
2600 3063 2761 3133 νόμον
2783 3063 2862 3122 είς
2889 3057 3078 3125 ἔδαφος
3099 3050 3369 3121 ὑπερείδει
3395 3046 3478 3115 τῷ
3498 3045 3651 3113 λίθῳ,

2023 3153 2044 3165 λ
2081 3160 2221 3214 ὥστε
2281 3157 2440 3211 αύτδν
2489 3153 2770 3208 ἀνεστῶτα
2799 3147 2877 3220 τῷ
2922 3148 3160 3216 σχήματι
3183 3142 3281 3212 τῆς
3309 3138 3418 3192 τῶν
3452 3135 3652 3207 χειρῶν

2082 3251 2376 3310 ἐκτάσεως,
2409 3247 2500 3299 τὸν
2539 3242 2732 3298 ἐαυτοῦ
2766 3237 2962 3294 σκοτοδν
2994 3231 3364 3290 ὑποδεικνύειν
3396 3231 3512 3290 τοῖς
3540 3227 3653 3298 βλέ-

2083 3360 2295 3396 πουσιν.
2336 3338 2576 3409 Ἀληθῶς
2607 3336 2714 3407 γάρ
2740 3335 2850 3396 τοῖς
2881 3329 3120 3399 καθορᾷν
3147 3323 3470 3394 δυναμένοις
3493 3322 3555 3372 ἐν
3583 3318 3654 3388 τῷ

2083 3433 2232 3504 νόμῳ
2261 3431 2494 3502 μάλιστα
2512 3429 2572 3481 τὸ
2605 3426 2744 3480 κατά
2761 3425 2848 3478 τὸν
2876 3420 3106 3490 σταυρὸν
3131 3417 3416 3487 θεωρεῖται
3435 3412 3660 3504 ,μυστὴ-

2087 3503 2218 3597 ριον.
2251 3523 2342 3578 Διό
2373 3520 2504 3592 φησί
2532 3536 2634 3572 που
2680 3517 2740 3569 rb
2778 3513 3130 3582 Εύαγγέλιον,
3156 3510 3237 3562 ὃτι
3268 3510 3332 3560 ἐκ
3361 3503 3458 3557 τοῦ
3490 3503 3661 3597 νόμου

2076 3590 2138 3672 τὸ
2179 3616 2311 3670 ίῶτα
2362 3590 2455 3668 καλ
2501 3609 2698 3682 κεραία
2749 3608 2809 3660 ού
2863 3598 3230 3676 παρέρχεται·
3271 3598 3540 3668 σημαῖνον
3575 3590 3667 3645 διὰ

2078 3708 2185 3762 τῶν
2208 3705 2512 3778 εἰρημένων
2556 3703 2655 3772 τήν
2683 3716 2742 3752 τε
2787 3700 2852 3750 ἐκ
2896 3695 3123 3763 πλαγίου
3145 3688 3412 3761 γραμμὴν
3433 3687 3536 3740 καὶ
3563 3686 3668 3754 τὴν

2079 3800 2322 3855 κάθετον,
2353 3796 2420 3848 δι’
2441 3791 2516 3848 ὢν
2543 3794 2604 3846 τὸ
2629 3792 2812 3862 σχῆμα
2839 3788 2932 3841 τοῦ
2965 3784 3197 3855 σταυροῦ
3221 3779 3668 3848 καταγράφεται.

2084 3891 2262 3960 ’Ὅπερ
2291 3889 2384 3941 καὶ
2435 3888 2492 3938 ἐν
2540 3884 2617 3954 τῷ
2665 3883 2886 3938 Μωῦσεί
2910 3879 3032 3932 τότε
3073 3875 3426 3946 βλεπόμενον,
3461 3870 3522 3932 ὃς
3543 3868 3671 3921 ἀντὶ

2089 3981 2183 4034 τοῦ
2235 3981 2399 4049 νόμου
2441 3979 2657 4036 νοεῖται,
2687 3972 2950 4046 τροπαίου
2974 3971 3066 4023 καὶ
3115 3967 3271 4037 νίκης
3327 3965 3502 4018 αἴτιον
3551 3962 3672 4020 τοῖς

2090 4070 2258 4144 ὁρῶσι
2285 4069 2625 4123 καθίσταται.

2165 4164 2329 4217 Πάλιν
2364 4163 2511 4231 ἡμῖν.
2562 4159 2628 4211 δι’
2656 4151 2947 4210 ἀκολούθου
2985 4147 3127 4210 τινὸς
3160 4143 3502 4205 ἀναϐάσεως,
3528 4140 3676 4210 πρὸς

412 4280 570 4320 mens
598 4264 665 4318 ad
699 4263 1019 4318 sublimiora
1054 4262 1357 4317 extollitur.
1397 4260 1528 4313 Nam
1553 4261 1647 4328 qui
1677 4259 1803 4312 cibo
1843 4257 1976 4311 refe-

2093 4257 2164 4310 τὰ
2183 4255 2485 4326 ὑψηλότερα
2501 4253 2598 4320 τῆς
2621 4248 2822 4321 ἀρετῆς
2837 4247 2875 4346 ~<5
2904 4243 3061 4311 λόγος
3078 4232 3532 4346 χειραγωγεῖτῂν
3552 4231 3677 4346 διὰζ

413 4368 535 4412 ctus
569 4366 674 4419 est,
704 4363 757 4411 et
800 4357 853 4409 in
888 4355 1081 4424 prmlio
1126 4353 1342 4407 fortiter
1371 4368 1429 4406 se
1463 4352 1653 4421 gessit,
1695 4352 1988 4417 hostesque

415 4447 636 4515 dejecit,
671 4447 717 4499 is
740 4456 868 4499 tunc
894 4444 963 4497 ad
993 4443 1320 4498 ineffabilem
1358 4442 1450 4496 Dei
1488 4440 1858 4510 cognitionem
1893 4437 1991 4491 ad-

415 4540 660 4594 ducitur.
696 4537 862 4594 Docet
892 4538 1058 4608 igitur
1079 4554 1181 4592 nos
1203 4538 1288 4591 his
1310 4533 1836 4595 omnibushistoria,
1857 4537 1990 4600 quot

416 4643 732 4704 quantaque
775 4633 829 4686 in
874 4634 984 4688 vita
1036 4633 1275 4701 gessisse
1325 4631 1477 4683 illum
1518 4633 1791 4697 oporteat,
1835 4634 1891 4677 ut
1924 4621 1991 4675 ad

417 4726 754 4797 cognitionis
792 4725 885 4780 Dei
928 4707 1167 4778 montem
1218 4720 1516 4776 ascendere
1545 4725 1728 4772 mente
1771 4715 1991 4777 audeat,

417 4828 471 4875 et
510 4821 762 4873 tubarum
814 4831 1001 4870 vocem
1049 4813 1350 4875 sustinere,
1400 4819 1560 4878 atque
1599 4808 1655 4862 in
1702 4805 1992 4873 caliginem

421 4909 656 4979 ingredi,
695 4909 787 4961 ubi
826 4905 970 4961 Deus
1006 4913 1110 4965 est,
1151 4903 1442 4970 divinaque
1478 4906 1748 4968 praecepta
1795 4897 1994 4950 tabulis

421 5000 686 5069 impressa
739 4999 1067 5064 suscipere;
1109 5001 1163 5047 et
1201 4993 1247 5046 si
1301 4991 1534 5059 alicujus
1593 4995 1817 5058 peccato
1859 5001 1994 5039 con-

424 5091 753 5160 fringautur,
793 5089 927 5142 alias
977 5101 1144 5140 manu
1190 5081 1469 5137 confectas
1513 5080 1624 5134 Deo
1667 5078 1881 5141 ali‘erre,
1932 5092 1997 5130 ac

424 5179 519 5234 Dei
562 5181 733 5250 digito
775 5194 970 5234 rursus
997 5193 1091 5232 cas
1135 5178 1188 5229 in
1239 5176 1386 5242 ipsas
1439 5173 1744 5226 litterarum
1793 5170 1997 5238 figuras

425 5274 642 5336 caelare,
675 5287 796 5342 quze
822 5274 876 5325 in
921 5271 1112 5340 primis
1139 5268 1376 5323 fuerant.
1417 5265 1524 5320 Sed
1575 5263 1774 5319 melius
1806 5271 1888 5316 est
1929 5259 1997 5314 ad

425 5365 670 5419 historia:
717 5365 966 5417 ordinem
1008 5362 1367 5431 anagngicum
1410 5372 1632 5413 sensum
1683 5367 1998 5409 accommo-

426 5456 578 5510 dare.
610 5455 746 5508 Nam
772 5457 862 5525 qui
893 5456 959 5509 ad
993 5454 1212 5526 Moysen
1242 5453 1553 5520 nubemque
1587 5447 1829 5516 respicit,
1877 5445 2001 5513 qui-

429 5549 530 5601 lzus
561 5546 777 5600 duobus
804 5547 871 5601 ad
901 5547 1156 5600 virtutem
1187 5545 1436 5600 homines
1459 5541 1828 5604 deducuntur,
1854 5535 2000 5590 utsit

503 5727 548 5760 “
578 5725 768 5782 Matth.
795 5742 844 5790 v,
881 5726 966 5779 18.

2091 4321 2259 4402 νοιαν.
2279 4321 2369 4415 -Ὀ,
2406 4321 2514 4413 γὰρ
2547 4347 2644 4393 και
2684 4338 2772 4391 διὰ
2801 4335 2902 4403 τῆς
2938 4331 3144 4419 τροφοῆς
3171 4321 3676 4419 δυναμωθεις,--καὶ

2091 4441 2157 4510 τῇ
2192 4436 2325 4508 πρὸς
2351 4414 2475 4497 τοὺς
2495 4431 2765 4492 ἐναντίους
2783 4414 3176 4496 συμπλοκῇτὴν
3203 4419 3433 4487 δύναμιν
3459 4414 3674 4510 δείξας,

2093 4505 2190 4584 κᾶι
2239 4505 2468 4597 ’κινητὴς
2517 4523 2623 4576 τῶν
2681 4515 3149 4585 ἀντιτεταγμένων
3186 4510 3505 4579 γενόμενος,
3549 4505 3676 4597 τότε

2095 4623 2428 4692 προσάγεται
2477 4619 2542 4686 τῇ
2603 4611 2899 4683 ἀπορρήτῳ
2948 4605 3130 4677 ἐκείνῃ
3157 4596 3679 4692 θεογνωσίαολδιδᾶ-

2097 4685 2315 4772 σκοντος
2353 4709 2501 4779 ἡμᾶς
2535 4704 2624 4758 διὰ
2655 4701 2857 4754 τούτων
2912 4695 3006 4748 τοῦ
3047 4695 3205 4761 λόγου
3230 4733 3246 4755 ,
3281 4685 3370 4742 οἷα
3420 4687 3520 4740 καὶ
3572 4687 3679 4738 ὅσα

2098 4804 2364 4875 προσήκει
2396 4793 2842 4869 προκατορθῶσαι
2863 4788 3003 4842 κατά
3025 4786 3113 4838 τὸν
3146 4782 3378 4853 βίον,ῖνα
3423 4779 3682 4850 τολμήσῃ

2096 4872 2225 4949 ποτὲ
2270 4896 2334 4963 τῇ
2376 4888 2582 4957 διανοίᾳ
2608 4883 2910 4954 προσϐῆναι
2937 4878 3013 4948 τῷ
3041 4878 3140 4946 τῆς
3173 4873 3505 4940 Θεογνωςίας
3534 4872 3679 4940 ὄρει,

2097 4986 2190 5040 καὶ
2243 4962 2600 5044 ὑποδέξασθαι
2641 4975 2739 5044 τὴν
2793 4970 2900 5023 τῶν
2953 4968 3268 5034 σαλπίγγων
3319 4966 3540 5031 φωνὴν.
3586 4962 3686 5012 καὶ

2098 5074 2364 5146 εἰσηλθεῖν
2387 5072 2467 5132 εἰς
2493 5068 2582 5120 τὸν
2605 5065 2820 5134 γνόφον,
2842 5057 2901 5114 οῦ
2919 5059 3064 5110 ἐστιν
3096 5059 3124 5109 ὀ
3153 5055 3303 5146 Θεὸς,
3347 5053 3440 5104 καὶ
3471 5051 3687 5146 ἐγγρά-

2097 5141 2341 5238 ψαιῢταῖς
2374 5159 2535 5224 πλαξὶ
2558 5156 2628 5210 τὰ
2659 5157 2775 5209 θεῖα
2796 5153 3147 5224 χαράγματα,
3171 5144 3274 5198 κᾶν
3313 5141 3688 5238 συντριῦῶσιν

2098 5235 2255 5315 αὗται
2283 5256 2371 5310 διὰ
2393 5248 2766 5322 πλημμελείας
2782 5245 2946 5308 τινὸς,
2981 5241 3142 5296 πάλιν
3164 5239 3260 5300 τὰς
3280 5235 3690 5306 χειροτμήτους

2101 5352 2374 5405 ὑποθεῖναι
2405 5346 2480 5414 τῷ
2512 5342 2630 5411 Θεῷ
2669 5338 2901 5399 πλάκας,
2942 5333 3033 5386 καὶ
3067 5327 3401 5398 ἀναχαράξαι
3441 5324 3521 5393 τῷ
3554 5323 3690 5392 θεὲῳ

2101 5442 2344 5510 δακτύλῳ
2376 5438 2444 5491 τὰ
2467 5438 2524 5488 ἐν
2545 5435 2664 5494 ταῖς
2698 5429 2940 5500 πρώταις
2958 5421 3329 5510 ἀρχειωθέντα.
3347 5416 3687 5510 γράμματα.

2104 5505 2327 5584 Βέλτιον
2353 5526 2395 5580 δ’
2431 5525 2497 5580 ἂν
2545 5522 2628 5578 είτι
2659 5519 2727 5572 δι’
2754 5514 3075 5580 ἀκολούθου,
3112 5507 3252 5564 κατὰ
3281 5505 3377 5577 τὴν
3410 5505 3512 5574 τῆς
3542 5506 3692 5558 ιστο-
