3876 6218
201 302 320 357 375

1517 309 1608 363 DE
1649 307 1811 364 VlTA
1850 305 2126 362 MOYSIS.

3371 306 3476 359 δτι

209 421 332 489 ρίας
364 417 518 483 τάξιν
566 422 634 490 τῇ
680 422 999 493 ἁναγωγικῇ
1053 423 1436 495 προσαρμόσαι
1481 424 1542 477 τὸ
1590 425 1792 495 νόημα.

1908 421 2118 492 Moyses
2145 420 2364 490 quidem
2398 437 2496 490 pro
2551 422 2667 490 lege
2710 421 2956 491 legisque
3015 421 3328 491 praeceptis,
3379 438 3485 474 nu-

219 509 471 564 Ἐπειδὰν
498 510 609 582 γὰρ
633 513 660 564 ὁ
688 512 825 583 πρὸς
873 513 966 566 τὸν
1018 515 1255 568 Μωῦσέα
1302 515 1398 567 καὶ
1427 513 1526 586 τὴν
1567 514 1798 584 νεφέλην

206 602 444 673 βλέπων,
490 603 564 656 δι’
593 597 669 656 ὧν
696 605 1022 676 ἀμφοτέρων
1055 607 1265 674 γίνεται
1292 609 1407 670 τοῖς
1448 607 1569 660 κατ’
1597 605 1799 677 ἀρετὴν

205 695 492 766 προϊοῦσιν
543 698 576 767 ἡ
615 696 840 766 ὁδηγίαο
895 698 980 767 εἴη
1028 697 1073 750 δ’
1125 697 1192 750 ἂν
1223 699 1280 751 ὲν
1314 697 1392 768 τῷ
1427 697 1582 769 μέρει
1625 697 1800 768 τούτῳ

205 789 452 857 Μωῦσῆς
494 786 614 858 μὲν,
664 789 734 841 τὰ
766 786 968 858 νομικά
1015 789 1470 860 παραγγέλματα,
1505 788 1702 859 νεφέλη
1742 790 1798 842 δὲ

206 877 706 950 προκαθηγουμένη
732 877 827 930 τοῦ
855 877 1020 948 νόμου
1047 893 1060 906 ·
1093 877 1152 940 ὃς
1173 877 1384 949 διανοίᾳ
1412 877 1799 949 κεκαθαρμένη

208 973 267 1023 ὲν
291 973 359 1040 τῇ
388 969 636 1023 διαϐάσει
660 968 754 1022 τοῦ
801 969 1014 1033 ὓδατος,
1047 968 1331 1039 νεκρὼσας
1359 987 1418 1022 τε
1446 971 1542 1022 καὶ
1569 969 1802 1040 ἀποκρί-

205 1081 303 1128 νας
345 1060 540 1115 ἑαυτοῦ
584 1061 646 1115 τὸ
688 1061 1008 1131 ἀλλόφυλον,
1042 1061 1299 1130 γεύσεταί
1338 1079 1397 1114 τε
1425 1061 1526 1130 τῆς
1563 1064 1794 1133 μερῤᾶς,

203 1153 478 1216 τουτέστι,
506 1152 602 1206 τοῦ
655 1153 1064 1224 κεχωρισμένου
1109 1153 1218 1207 τῶν
1245 1153 1451 1224 ἡδονῶν
1481 1152 1619 1222 βίου,
1655 1153 1684 1206 ὃ
1711 1170 1800 1206 πι-

205 1244 341 1316 κρόν
368 1261 428 1297 τε
468 1245 566 1298 καὶ
603 1245 770 1316 ἀηδὲς
805 1245 959 1316 παρὰ
986 1244 1086 1316 τὴν
1120 1245 1347 1316 πρώτην
1375 1247 1489 1309 τοῖς
1523 1245 1800 1315 γευσαμέ-

204 1353 322 1399 νοις
373 1336 728 1406 φαινόμενον,
789 1336 1053 1405 γλυκεῖαν
1091 1337 1322 1408 παρέχει
1365 1339 1480 1401 τοῖς
1535 1337 1597 1390 τὸ
1644 1336 1800 1402 ξύλον

206 1428 680 1500 παραδεξαμένοις
705 1428 808 1501 τὴν
828 1428 1082 1500 αἴσθησιν
1105 1445 1118 1459 ·
1153 1425 1274 1484 εἶτα
1297 1433 1411 1492 τοῖς
1437 1429 1660 1483 κάλλεσι
1687 1429 1800 1482 τῶν

207 1519 470 1586 φοινίκων
515 1518 626 1572 τῶν
690 1517 1067 1588 εὑαγγελικῶν
1109 1520 1200 1571 καὶ
1246 1519 1356 1572 τῶν
1391 1519 1584 1589 πηγῶν
1611 1520 1802 1590 ἐντρυ-

207 1614 408 1682 φήσας,
441 1614 535 1666 καὶ
568 1611 662 1665 τοῦ
718 1611 922 1676 ζῶντος
951 1612 1163 1676 ὓδατος,
1186 1614 1324 1680 ὅπερ
1346 1614 1494 1666 ἐστὶν
1528 1615 1560 1682 ἡ
1599 1612 1796 1682 πέτρα,

207 1705 428 1775 πλήρης
457 1706 770 1775 γενόμενος,
829 1705 922 1758 τόν
948 1722 1008 1757 τε
1055 1705 1306 1776 οὐράνιον
1333 1706 1496 1775 ἄρτον
1528 1706 1585 1757 ὲν
1619 1703 1799 1774 ἐαυτῷ

206 1799 411 1865 λαϐὼν,
437 1802 531 1852 καὶ
551 1799 694 1852 κατά
709 1798 817 1852 τῶν
850 1797 1162 1866 ἀλλοφύλων
1187 1798 1601 1868 ἀνδρισάμενος,
1631 1789 1675 1863 ᾧ
1696 1797 1798 1866 τῆς

207 1890 366 1958 νίκης
413 1891 585 1953 αἰτία,
618 1893 651 1960 ἠ
688 1889 911 1952 ἔκτασις
957 1889 1066 1941 τῶν
1119 1888 1318 1959 χειρῶν
1363 1888 1458 1941 τοῦ
1509 1889 1800 1959 νομοθέτου

207 1981 441 2046 γίνεται,
467 1981 500 2050 ἡ
530 1980 590 2031 τὸ
635 1980 936 2049 μυστήριον
975 1978 1070 2032 τοῦ
1101 1979 1337 2050 σταυροῦ
1370 1979 1803 2050 προδεικνύουσα

207 2073 333 2125 τότε
362 2073 700 2143 προσάγεται
729 2074 796 2140 τῇ
843 2073 940 2142 τῆς
981 2070 1386 2142 ὑπερκειμένης
1417 2071 1630 2140 φύσεως
1670 2071 1804 2122 θεω⁶

213 2165 328 2236 ρίᾳ.
367 2165 516 2228 Ὀδδς
544 2165 600 2216 δὲ
633 2163 786 2234 αὑτῷ
815 2164 950 2236 πρὸς
965 2164 1065 2234 τὴν
1097 2163 1354 2234 τοιαύτην
1383 2162 1604 2231 γνῶσιν,
1635 2162 1805 2216 καθα-

212 2259 378 2328 ρότης
393 2257 626 2326 γίνεται,
654 2258 716 2310 οὑ
733 2255 826 2309 τοῦ
843 2255 1096 2326 σώματος
1112 2256 1295 2325 μόνον,
1321 2259 1658 2329 περιρῤαντη
1670 2256 1804 2326 ρίοις

207 2351 357 2402 τισὶν
390 2350 842 2420 ἀφαγνισθέντος,
867 2349 1005 2402 ἀλλά
1025 2348 1121 2400 καὶ
1149 2347 1258 2400 τῶν
1286 2349 1600 2419 ἐνδυμάτων
1623 2349 1804 2416 πάσης

209 2443 434 2513 κηλῖδος
489 2443 944 2496 ἀποκλυσθέντων
977 2442 1057 2513 τῷ
1093 2442 1267 2495 ὕδατι.
1291 2441 1462 2496 Τοῦτο
1484 2441 1541 2493 δέ
1572 2444 1708 2503 ἐστι,
1744 2440 1806 2494 τὸ

206 2535 305 2588 διὰ
348 2535 569 2588 πάντων
613 2535 952 2606 καθαρεῦσαι
985 2537 1095 2588 δεῖν
1116 2535 1206 2587 τὸν
1242 2535 1502 2604 μέλλοντα
1539 2533 1807 2605 προσϐαί-

209 2643 328 2680 νειν
355 2628 420 2696 τῇ
438 2625 546 2678 τῶν
597 2627 765 2679 όντων
808 2626 1034 2698 θεωρίᾳ,
1058 2627 1132 2690 ὡς
1159 2626 1254 2680 καὶ
1288 2627 1434 2697 ψυχῇ
1472 2628 1565 2679 καὶ
1591 2625 1805 2697 σώματι

211 2718 458 2789 καθαρὸν
480 2715 622 2770 εἶναι
648 2719 742 2771 καὶ
774 2718 1240 2790 ἀκηλίδωτον,τὸν
1271 2720 1328 2772 ὲν
1354 2719 1600 2789 ἑκατέρῳ
1631 2717 1804 2788 ῥύπον

212 2810 570 2880 καταλλήλως
621 2809 1072 2880 ἀποκλυσάμενον
1092 2827 1106 2840 ·
1142 2813 1218 2874 ὡς
1244 2811 1310 2864 ἂν
1337 2811 1572 2882 καθαροὶ
1607 2811 1700 2864 καὶ
1728 2809 1807 2881 τῷ

213 2904 272 2956 τὸ
306 2903 549 2974 κρυπτὸν
591 2902 787 2972 ὁρῶντι
828 2904 1152 2973 φανείημεν,
1186 2905 1281 2957 καὶ
1301 2906 1335 2974 ἡ
1367 2904 1508 2958 κατά
1533 2904 1594 2957 τὸ
1619 2904 1808 2972 φαινό-

216 3011 383 3064 μενον
433 2995 810 3065 εὐσχημοσύνη
866 2997 933 3066 τῇ
989 2995 1200 3048 ἔνδοθεν
1225 2998 1324 3066 τῆς
1343 2995 1525 3066 ψυχῆς
1565 2995 1806 3048 διαθέσει

1901 513 2000 568 hes
2026 522 2209 568 autem
2235 511 2346 566 dux
2378 513 2554 584 legis;
2605 529 2730 567 cum
2782 511 2986 567 mundo
3022 511 3192 566 corde
3229 512 3286 565 in
3325 513 3484 581 aquis

1903 613 2198 676 tyrannum
2225 602 2586 668 interfecerit,
2623 619 2746 658 cum
2793 619 2962 673 aquas
2996 616 3212 656 amaras
3254 600 3480 663 biberit,

1903 699 2137 752 alienam
2174 713 2206 752 a
2253 698 2626 768 voluptatibus
2664 697 2832 750 vitam
2864 694 3084 759 vixerit,
3133 709 3256 763 qua:
3291 706 3481 746 amara

1901 803 1950 847 et
1988 792 2224 848 dil‘licilis
2253 793 2522 862 primum,
2562 791 2762 845 deinde
2789 789 2964 844 facilis
3010 787 3330 857 etjucunda
3380 801 3482 855 gu-

1904 879 2181 935 stantibus
2222 881 2570 936 immissione
2593 881 2722 949 ligni
2744 879 2979 932 videtur.
3001 877 3136 932 Cum
3171 877 3481 947 palmarum

1901 987 1965 1026 ac
2015 971 2249 1026 fontium
2318 973 2669 1035 ammnitate,
2732 970 3069 1041 Evangelicaa
3129 969 3344 1024 scilicet
3392 968 3485 1022 do-

1901 1063 2095 1117 ctrina:
2125 1062 2350 1118 ﬂuentis
2379 1063 2592 1119 labores
2619 1063 2906 1132 depulerit,
2947 1062 2995 1118 si
3041 1076 3182 1130 aqua
3213 1061 3335 1115 viva
3363 1075 3486 1131 quae

1902 1154 2040 1222 lapis
2090 1162 2195 1218 est,
2249 1154 2507 1210 videlicet
2556 1155 2833 1220 Christus,
2877 1155 3022 1209 sitim
3071 1153 3376 1218 sedaverit,
3434 1153 3483 1208 si

1901 1247 2109 1303 caelesti
2140 1247 2264 1302 cibo
2281 1250 2520 1316 seipsum
2539 1247 2845 1317 repleverit,
2865 1247 2913 1301 si
2938 1246 3212 1301 consertis
3230 1246 3484 1300 manibus

1901 1354 2026 1392 cum
2058 1340 2216 1394 hoste
2246 1340 2461 1394 vicerit.
2484 1338 2660 1405 Quam
2693 1337 2916 1408 quidem
2963 1337 3252 1392 victoriam
3283 1346 3480 1392 exten-

1901 1431 1984 1484 sio
2038 1445 2299 1485 manuum
2336 1431 2533 1501 Moysi,
2594 1446 2692 1501 per
2725 1445 2888 1500 quam
2925 1429 3248 1500 mysterium
3300 1428 3484 1482 crucis

1843 1583 1848 1589 ,
1903 1523 2196 1594 ﬁguratur,
2246 1523 2534 1594 praestitit;
2580 1540 2690 1594 quo
2759 1524 3024 1594 mysterio
3090 1539 3257 1579 verus
3317 1523 3486 1579 Israel

1901 1633 2122 1688 quoque
2151 1619 2346 1682 vincit,
2400 1634 2526 1673 cum
2557 1619 2673 1673 haec
2699 1618 2882 1672 omnia
2925 1618 3218 1689 peregerit,
3253 1625 3370 1671 tum
3391 1615 3487 1670 de-

1903 1726 2052 1764 mum
2079 1711 2144 1764 ad
2174 1711 2607 1780 speculationem
2638 1725 2907 1782 supremae
2928 1719 3136 1764 natura).
3172 1709 3485 1773 adducitur,

1905 1802 1970 1856 ad
2006 1818 2302 1872 quamnon
2331 1803 2498 1856 animi
2533 1812 2746 1856 tantum
2770 1809 2823 1856 et
2858 1801 3108 1872 corporis
3147 1800 3483 1872 aspersioni-

1903 1895 2005 1949 bus
2035 1895 2364 1964 quibusdam
2400 1895 2707 1968 depurgati,
2751 1895 2843 1950 sed
2871 1895 3105 1950 vestium
3129 1909 3348 1965 quoque
3392 1893 3489 1948 de-

1903 1989 2056 2044 ducit
2100 1990 2422 2051 mundities,
2484 2000 2544 2044 ut
2579 1990 2793 2045 scilicet
2843 2005 2952 2042 non
3010 1987 3227 2042 occulta
3278 1986 3484 2051 solum,

1904 2082 2266 2136 verumetiam
2327 2081 2617 2137 manifesta
2675 2090 2730 2136 et
2780 2081 3096 2150 apparentia
3165 2080 3364 2134 decora
3411 2080 3488 2132 ita

1905 2174 2061 2235 liant,
2111 2183 2172 2226 ut
2222 2173 2476 2227 interiori
2525 2172 2694 2226 animi
2736 2171 3090 2241 dispositioni
3127 2171 3482 2225 conveniant.

1904 2265 2020 2319 Non
2053 2268 2198 2320 enim
2235 2266 2472 2320 vestium
2510 2265 2754 2326 macula,
2800 2279 2870 2318 ne
2903 2263 2971 2318 ad
3012 2262 3180 2318 Deum
3220 2262 3490 2318 ascenda-

1905 2374 2049 2423 mus,
2085 2373 2324 2427 unquam
2351 2357 2577 2421 vetabit,
2614 2356 2711 2412 sed
2749 2355 2956 2421 studia,
2998 2371 3120 2425 quae
3146 2355 3198 2408 in
3223 2355 3328 2408 hac
3375 2355 3485 2408 vita

1907 2451 2261 2517 suscipimus.
2295 2449 2450 2517 quasi
2477 2456 2660 2504 vestes
2688 2455 2837 2510 sunt,
2882 2448 3088 2518 quibus
3107 2447 3268 2502 homo
3305 2446 3489 2502 indui-

1906 2549 2016 2595 tur.
2043 2540 2170 2596 Haec
2195 2542 2360 2610 igitur
2380 2540 2585 2603 studia,
2639 2547 2696 2595 et
2714 2540 2829 2594 ‘hos
2858 2539 3097 2624 amictus
3124 2553 3233 2593 non
3275 2547 3486 2609 turpes,

1907 2633 2001 2687 sed
2031 2633 2362 2703 purissimos
2388 2648 2511 2688 esse
2539 2631 2716 2687 decet.
2751 2629 2864 2684 "ac
2892 2647 2950 2686 re
2979 2630 3270 2702 diligenter
3312 2629 3481 2691 facta.

1907 2727 2281 2795 armentisque
2333 2726 2620 2778 brutorum
2681 2724 2841 2794 longe
2891 2737 2924 2776 a
2963 2731 3148 2776 monte
3175 2721 3369 2792 pulsis.
3409 2721 3491 2776 sic

1908 2816 1976 2870 ad
2006 2816 2305 2871 altissimas
2333 2815 2582 2869 ascendit
2615 2813 3041 2886 speculationes.
3066 2811 3184 2879 Qua
3209 2829 3276 2868 ex
3310 2829 3394 2878 re,
3429 2821 3492 2868 ut

1906 2923 2008 2978 ego
2038 2907 2299 2968 arbitror,
2333 2905 2469 2960 illud
2492 2905 2654 2961 nobis
2702 2904 3070 2975 signiﬁcatur,
3108 2903 3254 2974 quod
3285 2903 3491 2960 debea-

1909 3013 2032 3053 mus
2071 2997 2216 3051 hanc
2249 3012 2315 3051 ex
2341 3012 2510 3051 sensu
2542 2997 2744 3050 factam
2786 2994 3186 3066 cognitionem,
3226 3009 3350 3048 cum
3379 3009 3491 3066 qua

218 3083 534 3153 συμϐαίνοι.
570 3085 669 3138 Διά
714 3084 868 3139 τοῦτο
926 3085 1032 3156 πρὸ
1065 3087 1166 3155 τῆς
1213 3085 1306 3138 ἐπὶ
1332 3085 1393 3138 τὸ
1436 3085 1560 3157 ὅρος
1591 3087 1803 3150 ἀνόδου,

1910 3089 2253 3160 intelligibile
2308 3090 2769 3159 contemplamur,
2823 3087 3052 3144 omnino
3099 3095 3491 3156 contemnere;

213 3177 295 3245 τῷ
319 3175 448 3245 θείῳ
466 3177 848 3246 προστάγματι
864 3175 932 3228 τά
961 3175 1154 3245 ἱμάτια
1178 3175 1458 3240 πλύνεται,
1486 3177 1584 3247 τῆς
1613 3178 1810 3246 εὐσχή-

215 3286 384 3340 μονος
411 3269 504 3321 τοῦ
530 3269 644 3338 βίου
692 3267 984 3338 περιϐολῆς
1031 3268 1518 3338 παραδηλουμένης
1549 3271 1682 3339 ἡμῖν
1733 3268 1812 3339 τῷ

212 3359 330 3410 τῶν
367 3358 598 3427 ἱματίων
657 3359 957 3427 αἰνίγματι.
1006 3358 1080 3410 Οὑ
1110 3357 1220 3428 γὰρ
1266 3357 1332 3410 ἄν
1380 3374 1464 3420 τις
1507 3359 1674 3422 εἴποι,
1719 3357 1812 3410 τὸν

215 3448 481 3518 αἰσθητὸν
533 3448 722 3509 τοῦτον
765 3449 934 3519 ῥύπον
970 3448 1079 3501 τῶν
1135 3450 1386 3518 ἱματίων,
1423 3449 1681 3519 ἐμπόδιον
1709 3449 1812 3518 τῆς

215 3538 410 3591 ἀνόδου
453 3540 566 3600 τοῖς
624 3539 762 3610 πρὸς
799 3539 894 3592 τὸν
946 3538 1079 3590 Θεὸν
1127 3538 1337 3591 ἀνιοῦσι
1376 3540 1620 3607 γίνεσθαι
1651 3557 1663 3571 ο
1697 3541 1811 3593 ἀλλ’

218 3625 376 3698 οἶμαι
411 3627 591 3690 καλῶς
617 3627 679 3679 τὸ
708 3628 920 3698 ἱμάτιον
947 3628 1046 3698 τὴν
1067 3628 1176 3679 τῶν
1195 3628 1334 3679 κατὰ
1354 3627 1444 3680 τὸν
1477 3627 1589 3696 βίον
1622 3628 1811 3681 τοῦτον

222 3720 670 3790 ἐπιτηδευμάτων
727 3711 1028 3790 περιϐολὴν
1065 3719 1446 3791 ὀνομάζεσθαι.
1495 3719 1697 3772 Τούτου
1754 3722 1812 3775 δὲ

223 3811 698 3882 κατορθωθέντος,
738 3812 831 3863 καὶ
886 3813 986 3880 τῆς
1026 3811 1132 3864 τῶν
1181 3812 1388 3879 ἀλόγων
1447 3811 1647 3883 ἀγέλης
1679 3815 1812 3885 πορ-

223 3906 458 3979 ρωτάτω
507 3905 602 3957 τοῦ
658 3905 818 3977 ὅρους
869 3905 1254 3976 ἀπελαθείσης,
1305 3906 1448 3958 οὑτω
1494 3905 1813 3976 προσϐαίνει

221 4000 291 4069 τῇ
341 3996 606 4051 ἀναϐάσει
661 3997 770 4049 τῶν
825 3997 1045 4067 ὑψηλῶν
1096 3999 1402 4067 νοημάτων.
1449 3997 1522 4050 Τὸ
1558 3997 1616 4049 δὲ
1649 3997 1812 4068 μηδὲν

221 4091 334 4144 τῶν
375 4089 584 4158 ἀλόγων
634 4089 983 4158 συγχωρῆσαι
1031 4088 1124 4140 ἐπὶ
1174 4089 1268 4141 τοῦ
1307 4089 1468 4158 ὅρους
1501 4089 1809 4157 φαίνεσθαι,

226 4159 694 4252 σημαίνει,’κατά
743 4182 841 4250 τὴν
874 4180 1149 4250 ἡμετέραν
1189 4181 1480 4252 ὑπόληψιν,
1537 4181 1599 4234 τὸ
1641 4183 1812 4251 ὑπερ·

224 4274 391 4344 ϐῆναι
438 4275 537 4344 τὴν
593 4274 650 4341 ἐξ
693 4274 998 4344 αἰσθήσεως
1037 4274 1334 4343 γενομένην
1384 4274 1588 4342 γνῶσιν
1648 4275 1706 4327 ὲν
1743 4276 1810 4344 τῇ

222 4367 337 4418 τῶν
391 4365 598 4436 νοητῶν
632 4365 863 4437 θεωρίᾳ·
899 4364 1028 4418 ἴδιον
1056 4365 1166 4436 γὰρ
1204 4365 1302 4433 τῆς
1349 4364 1459 4418 τῶν
1484 4365 1693 4434 ἀλόγων
1713 4365 1814 4435 φύ-

1912 3181 2196 3251 proprium
2249 3179 2397 3234 enim
2470 3191 2684 3234 natura:
2725 3180 3017 3235 brutorum
3062 3188 3169 3244 est,
3222 3195 3289 3236 ex
3323 3194 3492 3236 sensu

1912 3273 2032 3327 solo
2082 3272 2294 3342 absque
2337 3271 2652 3327 intellectus
2705 3271 3030 3350 operatione
3068 3271 3248 3340 aliqua
3294 3271 3494 3342 guber-

1911 3364 2068 3430 nari;
2100 3380 2224 3417 nam
2247 3372 2341 3417 aut
2375 3365 2549 3426 visus,
2570 3371 2666 3417 aut
2699 3363 2940 3426 auditus,
2963 3371 3060 3417 aut
3077 3363 3312 3417 aliorum
3337 3363 3496 3434 quis.

1913 3456 2058 3524 piam
2093 3469 2379 3517 sensuum,
2426 3469 2535 3508 non
2573 3454 2851 3517 voluntas,
2897 3469 3078 3522 neque
3109 3454 3250 3509 ratio
3284 3453 3494 3524 appeti-

1914 3546 2094 3599 tiones
2118 3545 2408 3598 brutorum
2453 3551 2655 3598 movet.
2697 3541 2882 3609 Quare
2914 3551 3100 3598 motus
3145 3543 3229 3598 sui
3275 3558 3492 3610 omnes,

1912 3647 1968 3690 et
1994 3651 2159 3703 Opera
2212 3650 2472 3690 sensuum
2532 3641 2684 3689 sunt.
2749 3632 3069 3704 Speculatio
3122 3643 3328 3700 autem,
3384 3650 3494 3706 qua

1914 3726 2083 3781 Deum
2112 3728 2573 3797 contemplamur,
2605 3741 2707 3781 nec
2730 3712 2872 3791 visu,
2910 3742 3015 3782 nec
3044 3727 3259 3790 auditu,
3309 3742 3488 3798 quan-

1915 3828 2028 3872 tum
2065 3821 2116 3872 in
2158 3837 2218 3874 se
2274 3831 2379 3880 est,
2437 3819 2678 3889 indiget;
2734 3834 2913 3888 neque
2951 3829 3217 3874 consueta
3255 3817 3494 3889 quadam

1914 3911 2408 3980 comprehensione
2430 3910 2912 3980 intellectioneque
2941 3909 3270 3980 percipitur;
3301 3909 3497 3963 oculus

1912 4001 2057 4055 enim
2098 4014 2207 4052 non
2252 3999 2408 4061 vitlit,
2452 4013 2554 4053 nec
2607 3998 2758 4053 auris
2781 3997 3212 4055 audivit“:non
3233 4007 3319 4053 est
3347 3997 3493 4052 enim

1913 4092 2213 4162 quidquam
2244 4104 2458 4154 eorum,
2496 4105 2618 4160 quae
2673 4090 2729 4145 in
2772 4105 2871 4145 cor
2915 4088 3153 4143 hominis
3197 4087 3498 4142 ascendere

1914 4191 2342 4241 consueverunt.
2385 4181 2566 4248 Quare
2592 4190 2828 4253 oportet.
2861 4183 2908 4237 si
2949 4181 3078 4252 quis
3127 4179 3194 4234 ad
3245 4187 3497 4236 contem-

1923 4279 2221 4347 plationem
2251 4276 2375 4346 ejus
2409 4275 2674 4330 accedere
2690 4274 2842 4340 velit,
2879 4274 2949 4329 ab
2970 4272 3120 4328 omni
3159 4271 3408 4328 sensuali
3442 4277 3497 4326 et

1916 4370 2223 4426 irrationali
2266 4376 2420 4424 motu
2467 4379 2704 4424 mentem
2763 4384 2920 4424 suam
2959 4366 3368 4437 permundare;
3431 4377 3496 4419 ac

227 4473 390 4519 σεως,
443 4458 503 4510 τὸ
555 4457 674 4510 κατ’
730 4456 983 4528 αἴσθησιν
1027 4456 1194 4526 μόνην
1221 4455 1344 4526 δίχα
1381 4455 1620 4522 διανοίας
1665 4459 1805 4510 οίκο·

1917 4463 1991 4516 ita
2016 4475 2142 4515 cum
2179 4475 2398 4515 omnem
2432 4460 2749 4529 opinionem
2784 4474 2906 4529 quae
2938 4474 3002 4512 ex
3037 4457 3290 4513 sensibus
3330 4455 3498 4526 origi-

225 4547 532 4617 νομεῖσθαι.
578 4548 832 4602 Ἐκείνων
884 4547 1211 4618 καθηγεῖται
1273 4550 1306 4619 ἡ
1353 4549 1579 4621 ὅρασις,
1625 4551 1719 4604 καὶ
1778 4551 1812 4622 ἡ

227 4641 368 4712 ἀκοὴ
415 4641 674 4705 πολλάκις
739 4641 876 4713 πρός
940 4658 995 4693 τι
1044 4642 1144 4713 τὴν
1205 4643 1383 4714 ὁρμὴν
1456 4643 1810 4715 παρεκίνησε.

229 4733 342 4785 Καὶ
372 4732 441 4784 τά
472 4732 606 4786 ἄλλα
638 4732 840 4794 πάντα,
865 4731 931 4783 δι’
967 4725 1042 4784 ὧν
1073 4732 1293 4802 ἐνεργὸς
1316 4734 1350 4803 ἡ
1377 4732 1631 4804 αἴσθησις
1665 4735 1814 4802 γίνε-

228 4844 340 4888 ται,
393 4825 596 4895 πολλὴν
641 4827 698 4878 ὲν
728 4827 839 4888 τοῖς
873 4825 1088 4893 ἀλόγοις
1128 4825 1241 4895 ἔχει
1277 4825 1376 4897 τὴν
1405 4825 1610 4898 χώραν.
1649 4827 1713 4879 Ἥ
1755 4827 1814 4881 δὲ

225 4918 322 4971 τοῦ
349 4919 486 4972 θεοῦ
510 4918 732 4989 θεωρία,
760 4917 885 4970 οῦτε
913 4917 1054 4970 κατὰ
1073 4918 1133 4969 τὸ
1165 4923 1508 4987 φαινόμενον,
1526 4919 1649 4974 οὔτε
1673 4921 1816 4974 κατὰ

1916 4571 2040 4609 nem
2065 4552 2280 4615 habeat,
2329 4566 2397 4607 ex
2437 4561 2622 4607 mente
2658 4550 3015 4614 abstruserit,
3062 4548 3498 4603 consuetudine-

1915 4663 2022 4717 que
2056 4645 2311 4714 conjugis
2345 4659 2461 4699 sua:
2492 4645 2735 4699 caruerit
2791 4642 3018 4710 (conjnx
3066 4657 3197 4695 vero
3237 4640 3326 4693 hic
3367 4655 3497 4694 sen-

1918 4756 2014 4797 sus
2047 4738 2398 4808 intelligitur,
2424 4736 2518 4808 qui
2548 4737 2880 4806 conjunctus
2911 4741 3124 4788 natura:
3166 4741 3369 4787 nostra:
3398 4748 3498 4786 no-

1918 4832 2130 4886 biscum
2158 4827 2369 4882 habitat
2414 4823 2584 4898 ),hac
2618 4826 2786 4898 igitur
2807 4842 2932 4880 cum
2973 4825 3235 4888 caruerit,
3277 4824 3357 4878 sic
3398 4823 3497 4877 de-

1923 4923 2089 4992 nique
2113 4919 2314 4990 poterit
2343 4918 2410 4973 ad
2440 4924 2682 4972 montem
2714 4917 2998 4972 accedere.

223 5015 287 5072 τὸ
334 5015 669 5084 ἀκουόμενον
721 5015 1058 5084 ἐνεργεῖται,
1113 5011 1237 5065 οὔτε
1297 5016 1403 5066 τινὶ
1448 5015 1556 5067 τῶν
1612 5017 1855 5087 συνήθων
1897 5016 2184 5087 νοημάτων
2227 5011 2731 5080 καταλαμϐάνεταιο
2787 5009 2912 5066 οὔτε
2959 5009 3066 5080 γὰρ
3097 5008 3372 5078 ὀφθαλμὸς
3425 5002 3500 5061 εἴ·

223 5112 333 5178 δεν,
371 5111 498 5164 οὔτε
546 5105 638 5173 οῦς
680 5111 946 5179 ἤκουσεν,
997 5109 1120 5163 οὔτε
1175 5127 1227 5162 τι
1265 5109 1373 5163 τῶν
1407 5112 1499 5164 ἐπὶ
1547 5113 1775 5183 καρδίαν
1827 5112 2116 5184 ἀνθρώπου
2163 5108 2409 5180 συνήθως
2447 5107 2845 5160 ἀναϐαινόντων
2869 5104 3036 5158 ἐστίν.
3083 5102 3244 5156 Ἀλλά
3271 5100 3377 5172 χρὴ
3408 5099 3500 5152 τὸν

229 5209 496 5280 μέλλοντα
546 5205 894 5276 προσϐαίνειν
937 5209 1003 5276 τῇ
1037 5205 1144 5258 τῶν
1187 5206 1406 5276 ὑψηλῶν
1453 5210 1798 5280 κατανοήσει,
1850 5209 2032 5278 πάσης
2081 5203 2404 5276 αίσθητικῆς
2456 5219 2515 5255 τε
2556 5202 2650 5255 καὶ
2675 5201 2872 5268 ἀλόγου
2920 5199 3186 5271 κινήσεως
3223 5195 3502 5267 προκαθᾶ-

229 5318 318 5354 οαι
345 5299 439 5352 τὸν
463 5298 686 5367 τρόπον,
725 5299 818 5351 καὶ
844 5299 1021 5351 πᾶσαν
1046 5298 1228 5363 δόξαν,
1274 5298 1371 5370 τὴν
1405 5300 1468 5351 ἐκ
1517 5301 1838 5372 προλήψεως
1894 5317 2038 5364 τινος
2067 5296 2463 5368 γεγενημένην,
2515 5293 2615 5362 τῆς
2658 5292 2893 5356 διανοίας
2919 5291 3281 5351 ὲκπλύναντα,
3315 5292 3415 5360 τῆς
3443 5307 3501 5342 τε

232 5388 495 5460 συνήθους
537 5388 754 5458 ὁμιλίας
795 5389 1132 5460 χωρισθέντα
1173 5391 1272 5460 τῆς
1317 5391 1452 5462 πρὸς
1500 5392 1599 5462 τὴν
1639 5393 1775 5446 ἰδίαν
1820 5395 2085 5453 σύνοικον,
2134 5389 2398 5450 τουτέστι,
2443 5387 2541 5456 τὴν
2593 5384 2864 5454 αἴσθησιν,
2899 5386 2932 5454 ή
2983 5383 3188 5453 συζυγή
3229 5399 3345 5445 πως
3383 5381 3503 5434 ἐστὶ

227 5487 290 5556 τῇ
320 5483 570 5552 ἡμετέρᾳ
600 5482 758 5550 φύσει
789 5485 882 5536 καὶ
910 5483 1154 5547 σύνοικος
1174 5502 1188 5515 ο
1221 5486 1318 5539 καὶ
1345 5486 1550 5558 ταύτης
1579 5487 1816 5559 καθαρὸν
1853 5489 2165 5559 γενόμενον,
2205 5483 2346 5538 οὑτω
2380 5481 2788 5550 κατατολμῆσαι
2815 5479 2907 5532 τοῦ
2933 5479 3110 5549 ὅρους.

305 5581 471 5643 Ὄρος
489 5576 597 5646 γάρ
617 5578 763 5629 ἐστιν
780 5578 1004 5640 ἄναντες
1019 5579 1093 5640 ὡς
1113 5578 1442 5653 άληθῶς-καὶ
1461 5583 1805 5656 δυσπρόσιτοι

1999 5582 2155 5639 Mons
2199 5587 2376 5635 autem
2416 5579 2622 5634 arduus
2678 5591 2803 5632 vere
2853 5590 2917 5630 ac
2973 5563 3202 5631 accessu
3245 5571 3500 5633 diﬂicilis.

303 5765 344 5796 "
386 5763 493 5820 lsa.
529 5779 678 5828 uiv,
702 5763 766 5831 4;
802 5761 818 5816 Ι
851 5763 977 5819 Cor.
1013 5779 1074 5828 ιι,
1107 5764 1159 5820 9.
