3876 6218
389 332 493 388 375

1624 322 1680 376 S.
1719 313 2044 375 GRECORII
2086 313 2378 371 NYSSENI

3543 313 3659 368 376

390 446 686 517 Theorogia
737 453 858 515 est;
892 447 1054 516 cujus
1102 446 1193 503 vix
1239 444 1535 500 multitndo
1609 444 1677 498 ad
1746 442 1960 497 radices

2073 440 2096 506 ἡ
2122 436 2389 506 θεολογία,
2404 430 2473 508 ἧς
2492 437 2644 507 μόλις
2658 437 2687 490 6
2710 435 2876 499 πολὺς
2890 434 3024 499 λεὼς
3040 433 3141 506 τήν
3163 433 3440 508 ὑπώρειαν
3456 435 3653 506 φθάνει

391 539 677 609 pervenire
710 548 912 609 potest.
943 538 999 594 Si
1049 539 1174 609 quis
1215 553 1347 593 vero
1391 534 1570 591 Moses
1629 534 1813 599 fuerit,
1835 550 1961 589 cum

389 631 555 686 altius
606 631 944 692 ascenderit.
1010 631 1209 700 poterit
1259 632 1474 685 sonitus
1522 630 1775 683 tubarum
1819 628 1963 681 auri-

388 724 493 778 bus
524 725 750 786 sentire.
773 739 912 794 quas
942 733 1133 778 narrat
1178 725 1409 779 historia
1450 720 1799 792 procedendo
1845 718 1960 772 fieri

392 814 670 870 fortiores.
712 814 809 871 Est
853 826 1035 871 autem
1079 816 1231 878 tuba,
1272 830 1376 869 non
1431 829 1656 884 parvum
1683 821 1964 881 stuporem

392 923 486 975 pt-r
532 908 778 961 auditum
831 908 1072 964 eiiiciens
1121 914 1332 962 naturze
1374 907 1576 961 divinze
1617 902 1955 975 praedicatio,

393 1014 648 1064 magnum
675 1001 894 1070 quidem
918 1001 1102 1056 statim
1131 1001 1199 1055 ab
1225 1000 1384 1054 initio
1414 1014 1642 1063 sonans,
1663 998 1837 1068 magis
1863 1012 1964 1051 au-

391 1099 499 1145 tem
532 1101 698 1160 atque
724 1094 898 1163 magis
934 1095 988 1148 in
1018 1094 1226 1148 ultimis
1272 1094 1556 1156 intonans,
1594 1090 1842 1146 Insonuit
1872 1091 1963 1145 [er

389 1191 446 1237 et
498 1184 777 1252 prophetae
829 1185 1075 1240 divinum
1124 1186 1529 1241 incarnationis
1588 1184 1959 1256 mysterium;

392 1274 485 1329 sed
512 1275 899 1331 imbecilliores
926 1283 1084 1332 erant
1115 1277 1220 1331 illa:
1250 1277 1440 1346 primae
1465 1291 1650 1342 voces,
1703 1292 1866 1344 quam
1908 1285 1968 1329 ut

390 1375 619 1435 possent
650 1367 817 1422 duros
840 1382 1207 1423 commovere.
1239 1368 1472 1424 Auditus
1515 1368 1724 1422 idcirco
1751 1365 1968 1422 Iudam-

395 1476 513 1513 rum
572 1460 815 1516 surditas
874 1462 1130 1516 tubarum
1184 1476 1381 1516 sonum
1433 1461 1659 1516 minime
1701 1460 1968 1529 suscepit,

394 1552 491 1608 sed
552 1553 940 1621 prophetarum
994 1554 1137 1609 tubm
1171 1552 1434 1624 paulatim
1482 1554 1844 1623 procedentes
1878 1567 1968 1608 so-

392 1645 620 1699 nantius
644 1645 987 1700 cecinerunt.
1016 1642 1150 1699 Nam
1178 1645 1386 1700 ultimae
1416 1660 1584 1701 voces
1613 1660 1735 1714 «tuta:
1779 1644 1965 1699 Evanc

392 1736 566 1806 gelica
602 1736 993 1805 praedicatione
1026 1736 1188 1792 facta:
1212 1744 1366 1797 sunt,
1415 1736 1671 1791 auditum
1715 1752 1964 1791 comnm-

393 1835 610 1892 verunt,
648 1831 846 1899 spiritu
874 1831 956 1885 sic
981 1846 1075 1898 per
1108 1844 1317 1899 organa
1350 1830 1733 1885 vehementius
1782 1831 1836 1884 in
1872 1844 1968 1898 po-

394 1919 721 1974 sterioribus
756 1919 1064 1975 intonante.
1087 1919 1303 1989 Organa
1335 1934 1469 1974 vero
1491 1934 1555 1973 ac
1585 1921 1963 1973 instrumenta

395 2026 563 2064 unum
597 2022 791 2065 sonum
827 2011 1171 2081 spiritualem
1212 2011 1457 2073 edentia,
1493 2011 1776 2080 prophetae
1802 2019 1970 2077 atque

394 2102 633 2171 apostoli
678 2110 812 2158 sunt
870 2118 1155 2171 :quorum
1201 2117 1394 2165 sonus,
1440 2112 1499 2156 ut
1545 2100 1836 2158 Psalmista
1887 2102 1970 2155 di-

393 2191 490 2251 cit.
524 2191 579 2245 in
610 2204 827 2244 omnem
862 2201 1059 2244 terram
1075 2191 1266 2254 exivit,
1286 2198 1340 2245 et
1365 2190 1421 2244 in
1457 2190 1592 2246 fines
1620 2192 1771 2246 orbis
1805 2199 1969 2246 terra:

394 2283 559 2337 verba
586 2282 862 2339 eorum“.
899 2281 1056 2349 Quod
1084 2298 1214 2337 vero
1250 2283 1545 2336 multitudo
1578 2297 1768 2336 vocem
1806 2281 1955 2336 illam

395 2376 587 2430 audire
651 2389 758 2429 non
798 2376 997 2445 potuit,
1061 2375 1158 2430 sed
1208 2375 1487 2429 commisit
1527 2373 1722 2444 Moysi,
1771 2375 1971 2442 utipse

397 2480 492 2532 per
519 2464 779 2533 seipsum
834 2472 1046 2519 secreta
1090 2464 1181 2518 illa
1220 2464 1547 2533 perciperet,
1594 2464 1970 2533 populumque

395 2567 586 2627 postea
629 2556 876 2620 doeeret,
931 2571 1278 2625 quaecunque
1332 2556 1519 2610 divina
1580 2557 1832 2611 doctrina
1886 2557 1971 2609 di-

393 2650 618 2713 dicerit,
654 2648 709 2703 id
743 2664 965 2719 quoque
995 2650 1049 2703 in
1078 2648 1323 2703 Ecclesia
1349 2648 1462 2703 fieri
1492 2659 1663 2702 totum
1688 2649 1968 2715 videmus;

395 2755 510 2796 non
564 2741 711 2795 enim
762 2742 1103 2812 permittitur
1162 2742 1420 2796 ertmibus
1471 2742 1535 2794 ad
1580 2740 1968 2811 mysteriorum

393 2833 762 2899 cognitionem
793 2834 1015 2902 seipsos
1045 2834 1350 2893 intrudere.
1391 2833 1488 2888 sed
1523 2834 1744 2903 eligitur
1772 2847 1914 2887 unus
1941 2846 1973 2886 e

394 2923 584 2977 multis
631 2924 945 2979 divinarum
996 2939 1181 2980 rerum
1214 2940 1407 2995 capax,
1440 2927 1528 2980 cui
1566 2925 1754 2980 caeteri
1811 2924 1972 2977 audi-

392 3020 509 3067 tum
538 3030 663 3069 cum
699 3013 1012 3071 obedientia
1058 3017 1360 3087 praebeant,
1422 3017 1557 3071 illud
1600 3016 1703 3072 sibi
1747 3016 1975 3070 creden-

2071 529 2140 600 (εἰ
2161 529 2217 582 δέ
2244 547 2328 592 τις
2349 528 2588 599 Μωῦσῆς
2612 530 2721 599 εῐη,
2746 527 2957 596 γένοιτο
2979 527 3045 581 ἂν
3077 528 3172 582 καὶ
3192 528 3287 581 ἐπὶ
3309 528 3408 599 τῆς
3433 526 3651 590 ἀνόδου,

2070 621 2262 692 χωρῶν
2288 622 2353 692 τῇ
2383 623 2517 692 ἀκοῆ
2543 621 2643 683 τὰς
2673 620 2782 675 τῶν
2808 619 3125 689 σαλπίγγων
3157 618 3364 688 φωνὰς,
3390 618 3456 683 ἃς
3481 635 3652 689 φησιν

2067 717 2097 767 ό
2116 715 2210 784 τῆς
2232 714 2467 785 ἱστορίας
2488 714 2666 783 λόγος,
2694 712 3044 785 ἰσχυροτέρας
3065 713 3121 766 ἐν
3136 711 3214 782 τῷ
3241 711 3555 782 προϐαίνειν
3575 709 3659 778 γί-

2068 806 2298 875 νεσθαι)·
2315 804 2532 876 ἀληθῶς
2550 806 2783 875 σάλπιγξ
2797 808 2829 878 ή
2841 803 2940 878 τὴν
2967 805 3138 874 ἀκοὴν
3166 802 3653 873 καταπλήττουσα,

2066 899 2128 954 τὸ
2162 900 2290 969 περὶ
2330 901 2432 970 τῆς
2475 897 2625 963 θείας
2661 898 2876 967 φύσεως
2930 898 3211 967 κήρυγμα,
3246 897 3391 967 μέγα
3433 894 3533 965 μὲν
3556 893 3657 948 καὶ

2068 997 2220 1066 παρὰ
2248 994 2343 1065 τὴν
2378 992 2605 1065 πρώτην
2637 992 2981 1063 φαινόμενον,
3013 989 3198 1061 μεῖζον
3222 989 3279 1044 δὲ
3313 991 3408 1043 καὶ
3446 988 3660 1059 μᾶλλον

2067 1091 2168 1158 τῆς
2238 1085 2409 1155 ἀκοῆς
2466 1084 2929 1155 καθικνούμενον,
3007 1082 3066 1134 ὲν
3120 1085 3231 1145 τοῖς
3293 1081 3658 1145 τελευταίοις.

2069 1177 2440 1232 Ἐσάλπισενό
2467 1176 2632 1246 νόμος
2652 1175 2747 1229 καί
2762 1176 2811 1228 οἰ
2833 1173 3109 1245 προφῆται
3128 1172 3188 1226 τὸ
3214 1168 3356 1226 θεῖον
3381 1171 3481 1242 τῆς
3507 1172 3658 1226 κατὰ

2068 1269 2353 1340 ἄνθρωπον
2385 1269 2696 1340 οἰκονομίας
2739 1267 3066 1339 μυστήριον·
3107 1266 3223 1320 ἀλλ’
3262 1264 3655 1334 ἀσθενέστεραι

2066 1357 2207 1432 ἦσαν
2249 1362 2306 1414 αἰ
2344 1362 2559 1432 πρῶται
2602 1361 2801 1431 φωναὶ,
2845 1358 2879 1432 ἢ
2930 1357 3071 1413 ὥστε
3123 1355 3499 1413 καθικνεῖσθαι
3550 1357 3654 1427 τῆς

2067 1454 2325 1517 ἀπειθοῦς
2352 1456 2540 1523 ἀκοῆς.
2567 1452 2659 1507 Διὸ
2688 1455 2721 1524 ή
2756 1450 3058 1524 βαρυηκοΐα
3084 1449 3195 1503 τῶν
3222 1448 3517 1514 Ἰουδαίων,
3546 1449 3651 1519 τὴν

2070 1546 2254 1617 φωνὴν
2279 1545 2395 1598 τῶν
2422 1545 2739 1614 σαλπίγγων
2775 1545 2836 1598 οὐ
2870 1544 3223 1616 παρεδέξατο.
3248 1542 3657 1614 Προϐαίνουσαε

2068 1641 2165 1707 δὲ,
2208 1639 2389 1704 καθώς
2438 1656 2604 1710 φησιν
2633 1640 2663 1692 ὁ
2711 1639 2888 1706 λόγος,
2933 1640 2993 1691 αἰ
3046 1637 3363 1705 σάλπιγγες,
3401 1634 3661 1704 ἐγένοντο

2073 1732 2432 1806 ἰσχυρότεραι.
2488 1732 2554 1784 Αἰ
2600 1730 2709 1803 γὰρ
2754 1730 3060 1784 τελευταῖαι
3106 1728 3284 1798 φωναί⁵
3320 1729 3379 1782 αἰ
3420 1727 3510 1780 διά
3545 1727 3664 1783 τῶν

2072 1825 2442 1895 εὐαγγελικῶν
2495 1823 2869 1897 κηρυγμάτων
2920 1823 3317 1893 γεγενημέναι,
3364 1822 3661 1876 καθίκοντο

2070 1919 2168 1989 τῆς
2200 1921 2401 1990 ἀκοῆςο
2431 1916 2572 1971 οὕτω
2601 1915 2695 1971 τοῦ
2728 1915 3041 1987 πνεύματος
3066 1913 3190 1987 [τῷ]
3221 1915 3311 1970 διὰ
3339 1914 3451 1967 τῶν
3483 1914 3659 1985 ὀργά-

2072 2029 2177 2066 νων
2209 2011 2467 2081 ἠχοῦντος
2491 2010 2863 2081 γενναιότερον
2905 2010 2961 2061 ὲν
2985 2010 3097 2073 τοίς
3128 2007 3346 2078 ἐφεξῆς,
3379 2006 3473 2060 καὶ
3497 2007 3658 2059 εὐτο-

2071 2101 2304 2173 νώτερον
2336 2102 2657 2173 ποιουμένου
2686 2100 2776 2154 τὸν
2795 2095 2948 2171 ἦχον.
2978 2101 3223 2170 Ὄργανα
3252 2098 3297 2151 δ’
3324 2096 3390 2151 ἂν
3418 2092 3533 2150 εἷεν
3563 2097 3664 2150 ἕνα

2071 2194 2442 2261 πνευματικὸν
2479 2195 2713 2265 φθόγγον
2760 2193 3018 2265 ἠχοῦντα,
3063 2194 3338 2263 προφῆται
3382 2189 3479 2244 καὶ
3516 2190 3660 2243 ἀπό-

2073 2287 2248 2340 στολοι
2266 2302 2278 2315 °
2323 2279 2419 2349 ὧν,
2448 2285 2629 2349 καθώς
2662 2302 2824 2355 φησιν
2850 2286 2882 2355 ἡ
2910 2281 3215 2354 ψαλμῳδία,
3242 2283 3321 2345 εἰς
3350 2282 3534 2334 πᾶσαν
3560 2278 3665 2349 τὴν

2072 2378 2172 2449 γῆν
2224 2377 2443 2449 ἐξῆλθεν
2477 2380 2506 2431 6
2537 2377 2773 2447 φθόγγος
2821 2375 3018 2437 αὐτῶν,
3053 2374 3149 2429 καὶ
3196 2376 3277 2437 εἰς
3332 2374 3400 2427 τὰ
3440 2372 3665 2444 πέρατα

2070 2473 2169 2539 τῆς
2197 2469 2522 2540 οἰκουμένης
2548 2471 2617 2523 τὰ
2647 2470 2868 2540 ῥήματα
2891 2467 3089 2521 αὐτῶν.
3132 2468 3196 2521 Εἰ
3226 2466 3283 2520 δὲ
3314 2465 3372 2518 οὑ
3405 2468 3582 2536 χωρεῖ
3604 2465 3661 2519 τὺ

2073 2562 2277 2633 πλῆθος
2310 2562 2407 2632 τὴν
2436 2561 2643 2615 ἀνωθεν
2671 2560 2961 2631 γινομένην
2985 2561 3189 2630 φωνὴν,
3222 2557 3336 2612 ἀλλ’
3369 2559 3657 2628 ἐπιτρέπει

2070 2656 2149 2726 τῷ
2186 2657 2430 2720 Μωῦσεϊ,
2460 2654 2666 2725 γνῶναι
2714 2654 2812 2725 μὲν
2841 2654 2907 2707 δι’
2942 2652 3105 2706 αὑτοῦ
3137 2653 3204 2706 τὰ
3242 2652 3554 2723 ἀπόρρητα,
3588 2650 3660 2704 δι-

2071 2749 2228 2814 δάξαι
2265 2750 2323 2803 δὲ
2369 2749 2458 2802 τὸν
2486 2748 2633 2811 λαὸν,
2680 2748 2818 2818 ὅπερ
2849 2746 2915 2800 ἂν
2943 2746 3030 2800 διὰ
3053 2747 3149 2816 τῆς
3175 2744 3377 2799 ἀνωθεν
3403 2742 3664 2797 διδασκα-
3774 2798 3779 2805 _

2072 2840 2192 2905 λίας
2214 2842 2351 2913 τύχῃ
2379 2838 2563 2909 μαθὼν
2592 2839 2788 2908 δόγμα,
2810 2838 2902 2891 καὶ
2927 2837 3087 2890 τοῦτο
3115 2835 3222 2889 τῶν
3253 2834 3393 2889 κατὰ
3417 2834 3656 2905 τὴνἚκ-

2073 2933 2299 3003 κλησίαν
2343 2931 2725 3003 διοικουμένων
2771 2929 2924 2984 ἐστί’
2974 2928 3035 2982 τὸ
3063 2928 3136 2999 μὴ
3187 2927 3394 2989 πάντας
3430 2926 3660 2985 ἑαυτοὺς

2073 3027 2318 3079 εἰσωθεῖν
2358 3023 2493 3096 πρὸς
2532 3025 2631 3095 τὴν
2674 3022 2784 3075 τῶν
2828 3024 3143 3092 μυστηρίων
3185 3018 3509 3089 κατάληψιν,
3546 3016 3665 3071 ἀλλ’

394 3107 523 3161 dum
556 3106 981 3178 faciendumque
1014 3116 1294 3177 putantes.
1340 3108 1489 3177 quod
1520 3109 1700 3172 abeo,
1732 3108 1825 3177 qui
1860 3107 1966 3161 ini-

2075 3115 2429 3179 ὲπιλέξαντας
2458 3113 2517 3180 ἐξ
2547 3113 2757 3166 ἑαυτῶν
2785 3113 2877 3166 τὸν
2912 3112 3157 3183 χωρῆσαι
3184 3109 3254 3163 τὰ
3282 3109 3400 3161 θεῖα
3423 3108 3656 3178 δυνάμε-

395 3196 566 3252 :iatus
650 3208 736 3254 est
822 3199 1156 3254 audiverint.
1225 3196 1389 3252 «Non
1449 3215 1718 3260 omnes.»
1766 3199 1968 3268 inquit,

400 3302 422 3339 ι
472 3285 706 3354 apostoli
746 3293 909 3353 sunt,
965 3303 1065 3342 nec
1113 3288 1393 3357 propheta:
1427 3304 1621 3344 omnes
1641 3290 1726 3345 ης
1768 3309 1786 3342 ι
1825 3290 1972 3358 quod

393 3376 558 3434 hodie
612 3377 666 3431 in
726 3379 913 3435 multis
944 3379 1210 3435 Ecclesiis
1264 3398 1453 3451 parum
1515 3392 1790 3439 servatur.
1837 3384 1971 3438 Nam

396 3472 555 3525 multi
587 3486 714 3525 cum
748 3470 932 3526 adhuc
983 3473 1189 3542 prioris
1231 3474 1354 3527 vitae
1400 3475 1669 3529 maculam
1719 3492 1828 3531 non
1877 3477 1973 3531 ab-

397 3564 727 3622 sterserin‘t.
794 3564 899 3633 ipsi
959 3564 1136 3629 illoti,
1188 3581 1253 3619 ac
1306 3568 1510 3621 amictu
1567 3570 1691 3623 vitae
1746 3569 1971 3624 sordido

397 3665 641 3719 utentes,
684 3657 1053 3711 irrationalem
1104 3672 1328 3713 sensum
1391 3661 1442 3713 in
1485 3662 1742 3715 omnibus
1798 3662 1971 3732 pluris

397 3748 685 3809 facientes,
719 3749 967 3803 divinum
1004 3749 1150 3803 hunc
1178 3761 1468 3805 ascensum
1504 3766 1699 3821 rapere
1742 3753 1970 3821 audent,

398 3840 544 3893 unde
590 3839 691 3910 ipsi
744 3839 862 3895 suis
894 3840 1324 3911 cogitationibus
1372 3841 1774 3911 lapidabuntur.
1835 3845 1967 3899 Nam

397 3934 782 3989 luereticorum
805 3934 1095 4004 opiniones
1132 3935 1343 4003 lapides
1370 3935 1592 4004 quidem
1628 3944 1779 3998 sunt,
1845 3938 1973 4007 qui-

396 4028 504 4081 bus
543 4041 838 4097 pravorum
903 4026 1220 4081 inventores
1269 4026 1591 4097 dogmatum
1638 4028 1969 4084 obruuntur.

397 4118 541 4185 Quid
573 4128 751 4174 autem
782 4118 1078 4189 signiticat,
1125 4120 1271 4189 quod
1309 4120 1364 4172 in
1400 4119 1691 4191 caliginem
1725 4123 1967 4192 seipsum

399 4213 555 4282 prius
586 4210 801 4283 Moyses
833 4211 1155 4276 intromisit,
1203 4212 1406 4266 deinde
1437 4211 1490 4265 in
1527 4227 1590 4266 ea
1629 4210 1799 4268 Deum
1853 4231 1975 4285 pro-

2074 3224 2197 3273 νον,
2229 3207 2424 3277 ἐκείνῳ
2460 3205 2558 3276 τὴν
2587 3204 2756 3275 ἀκοὴν
2788 3204 3146 3273 εὐγνωμόνως
3192 3202 3433 3272 ὑπέχειν,
3466 3198 3666 3253 πιστὸν

2072 3300 2408 3372 ἡγουμένους
2422 3300 2588 3363 ἆπαν,
2606 3299 2798 3370 ὅτιπερ
2816 3297 2883 3351 ἂν
2904 3295 3055 3368 παρά
3073 3295 3167 3349 τοῦ
3189 3294 3258 3349 τὰ
3279 3296 3395 3348 θεῖα
3421 3293 3658 3364 μυηθέν-

2072 3410 2165 3456 τος
2189 3392 2512 3447 ἀκούσωσιν.
2532 3410 2553 3444 ι
2575 3391 2651 3445 Οὐ
2672 3391 2871 3454 πάντες
2890 3390 3019 3461 γὰρ,
3048 3409 3067 3441 ›
3091 3389 3275 3459 φησὶν,
3303 3408 3321 3439 ι
3345 3387 3659 3446 ἀπόστολοι,

2072 3484 2194 3538 οὐδὲ
2220 3483 2418 3549 πάντες
2444 3484 2742 3556 προφῆται.
2768 3503 2787 3535 ι
2813 3482 2983 3535 Τοῦτο
3005 3481 3062 3535 δὲ
3085 3482 3186 3534 οὐκ
3205 3479 3321 3533 ἔστι
3341 3478 3434 3532 νῦν
3454 3480 3513 3532 ὲν
3539 3480 3665 3542 ταῖς

2074 3574 2293 3638 πολλαῖς
2325 3574 2433 3628 τῶν
2476 3574 2812 3644 Ἑκκλησιῶν
2852 3572 3280 3643 φυλασσόμενον.
3325 3570 3516 3624 Πολ)ιοί⁸
3549 3570 3671 3642 γὰρ

2074 3667 2389 3738 καθαρσίων
2428 3664 2506 3719 ἔτι
2535 3669 2601 3720 ὲκ
2633 3665 2744 3719 τῶν
2790 3663 3135 3736 βεῦιωμένων
3176 3663 3359 3725 αὑτοῖς
3387 3661 3667 3731 δεόμενοι,

2073 3758 2299 3811 ἄπλυτοι
2329 3775 2474 3820 τινες
2513 3758 2607 3811 καὶ
2638 3756 3107 3826 κατεσπιλωμένοι
3138 3758 3205 3826 τῇ
3234 3753 3327 3807 τοῦ
3351 3754 3467 3825 βίον
3495 3770 3661 3824 περι-

2074 3849 2228 3921 ϐολῇ,
2266 3850 2366 3921 τὴν
2400 3848 2592 3917 ἄλογον
2618 3849 2868 3920 αἴσθησιν
2893 3848 3071 3902 αὐτῶν
3108 3846 3525 3919 προόαλὸμενοι,
3558 3846 3669 3915 τῆς

2075 3939 2223 4003 θείας
2261 3939 2449 3995 ἀνόδου
2500 3940 2948 4011 κατατολμῶσιν,
2999 3939 3123 3993 ὅθεν
3167 3938 3322 3993 αὐτοὶ
3361 3939 3476 4001 τοῖς
3507 3936 3668 4001 ἰδίοις

2074 4031 2256 4087 αὐτῶν
2304 4031 2585 4103 λογισμοῖς
2621 4030 3101 4085 κατασαλεύονται.
3147 4031 3215 4083 Ai
3246 4030 3356 4101 γὰρ
3385 4030 3674 4101 αἰρετικαὶ

2077 4121 2395 4193 ὑπολήψεις,
2426 4121 2560 4176 λίθοι
2588 4120 2734 4184 τινὲς
2767 4120 3005 4191 ἀτεχνῶς
3027 4122 3165 4174 εἰσιν
3187 4119 3349 4174 αὐτὸν
3378 4118 3471 4172 τὸν
3502 4119 3668 4188 εὐρε-

2076 4213 2174 4285 τὴν
2206 4214 2317 4269 τῶν
2338 4213 2593 4285 πονηρῶν
2613 4213 2898 4283 δογμάτων
2931 4212 3393 4282 καταχωννύντες.
3425 4210 3490 4263 Τί
3518 4210 3575 4265 δὲ
3597 4211 3674 4281 δὴ

396 4304 616 4374 spexit?
650 4303 999 4359 Contrarium
1038 4304 1184 4359 enim
1229 4305 1282 4360 id
1312 4305 1718 4374 quodammodo
1757 4309 1968 4364 videtur

2081 4307 2328 4378 βούλεται
2352 4306 2414 4360 τὸ
2445 4306 2598 4370 ἐντὸς
2627 4305 2722 4359 τοῦ
2749 4306 2950 4374 γνόφου
2990 4304 3247 4374 γενέσθαι
3276 4303 3369 4357 τὸν
3395 4305 3666 4366 Μωῡσέα,

396 4394 585 4464 primae
617 4393 815 4447 visioni
849 4411 862 4448 :
896 4408 1023 4448 nam
1052 4400 1185 4448 tunc
1225 4395 1281 4448 in
1304 4395 1449 4458 luce,
1474 4411 1622 4451 nunc
1644 4397 1697 4451 in
1735 4399 1968 4466 caligine

2078 4398 2173 4452 καὶ
2210 4396 2384 4463 οὕτως
2419 4400 2478 4452 έν
2513 4397 2662 4468 αὑτῷ
2699 4398 2792 4452 τὸν
2832 4398 2964 4451 Θεὸν
3006 4397 3173 4463 ἰδείν;
3241 4396 3519 4451 Ἐναντίον
3555 4395 3672 4466 γὰρ

394 4484 565 4540 Deum
603 4484 769 4540 videt.
801 4482 909 4539 Sed
944 4484 997 4538 id
1031 4500 1254 4555 quoque
1288 4499 1317 4538 a
1347 4485 1491 4541 serie
1532 4488 1814 4559 anagogici
1842 4505 1968 4545 sen-

2077 4492 2225 4546 δοκεί
2258 4508 2376 4553 πως
2402 4487 2540 4546 εἶναι
2565 4492 2631 4561 τῇ
2665 4490 2855 4562 πρώτῃ
2879 4488 3167 4560 θεοφανείᾳ
3193 4488 3256 4542 τὸ
3288 4488 3386 4543 νῦν
3419 4489 3675 4561 ἱστορού-

396 4594 494 4634 sus
551 4578 852 4634 abhorrere
900 4592 1009 4632 non
1089 4585 1347 4647 putamus
1409 4597 1421 4632 :
1471 4594 1571 4649 per
1626 4579 1769 4635 hanc
1825 4582 1971 4637 enim

395 4671 774 4727 diversitatem
808 4670 1054 4725 historia:
1078 4669 1532 4740 docemur.quod
1570 4672 1854 4741 religionis
1878 4689 1976 4728 co-

395 4762 572 4832 gnitio
616 4761 707 4816 lux
771 4770 857 4816 est
903 4759 974 4815 ab
1031 4760 1190 4815 initio
1225 4742 1357 4826 illis,
1410 4777 1439 4815 a
1472 4763 1675 4832 quibus
1712 4774 1972 4836 percepta

394 4862 478 4910 est
512 4854 910 4925 :quamobrem
952 4852 1096 4923 quod
1148 4853 1401 4923 religioni
1450 4856 1765 4925 Oppositum
1809 4857 1974 4913 intel-

394 4949 636 5020 ligimus,
661 4946 901 5000 tenebrae
931 4952 1095 5009 sunt,
1121 4961 1358 5015 quarum
1406 4945 1662 5016 depulsio
1694 4965 1805 5003 non
1864 4951 1971 5006 nisi

392 5042 534 5097 lucis
574 5037 1001 5111 participatione
1053 5036 1134 5091 ﬁt.
1187 5034 1394 5091 Verum
1437 5054 1591 5095 mens
1629 5040 1868 5098 hominis
1901 5045 1973 5099 ad

393 5139 601 5208 majora
646 5150 862 5205 semper
907 5142 961 5189 et
996 5132 1330 5203 perfectiora
1376 5135 1706 5202 procedens.
1762 5149 1976 5208 quanto

394 5230 569 5301 magis
601 5228 669 5283 ad
704 5229 797 5283 Ιὶοί
838 5226 1272 5297 speculationem
1320 5226 1555 5293 accedit,
1593 5236 1745 5283 tanto
1793 5232 1971 5302 magis

392 5320 682 5391 pel-spicit,
740 5316 883 5386 quod
930 5316 1117 5370 divina
1189 5321 1390 5368 natura
1450 5314 1747 5372 invisibilis
1801 5330 1970 5389 atque

394 5408 972 5480 incomprehensibilis
1020 5415 1124 5461 est.
1176 5404 1314 5458 Nam
1348 5421 1473 5460 cum
1522 5407 1811 5478 reliquerit
1858 5426 1973 5465 non

392 5505 570 5557 solum
602 5502 785 5556 omnia
815 5516 938 5570 quae
969 5515 1134 5554 sensu
1161 5498 1568 5569 percipiuntur,
1593 5516 1784 5555 verum
1805 5505 1973 5557 etiam

391 5604 588 5648 cuncta
623 5607 746 5663 quae
775 5599 960 5646 mente
997 5591 1396 5661 inspiciuntur,
1438 5606 1502 5646 ac
1550 5606 1768 5664 semper
1790 5596 1857 5651 ad
1888 5599 1974 5652 in-

457 5772 502 5803 “
534 5770 676 5825 Peal.
720 5784 878 5830 xvm,
902 5768 952 5823 ὃ.
1033 5769 1076 5799 ⁸³
1112 5766 1282 5822 lCor.
1316 5784 1387 5834 xi,
1421 5769 1511 5823 9.9.

2082 4600 2270 4655 μενον⁸
2306 4585 2428 4637 τότε
2464 4584 2562 4654 μὲν
2593 4582 2703 4654 γὰρ
2745 4584 2803 4635 ὲν
2846 4583 3019 4652 φωτὶ,
3064 4581 3159 4636 νῦν
3189 4581 3248 4635 δὲ
3287 4582 3346 4635 ὲν
3373 4581 3561 4650 γνόφῳ
3606 4580 3678 4632 τὶ

2079 4677 2249 4730 Θείον.
2278 4676 2426 4747 Μηδὲ
2474 4675 2630 4728 τοῦτο
2664 4674 2759 4729 τοῦ
2807 4675 3001 4745 είρμοῦ
3029 4675 3136 4727 τῶν
3183 4673 3325 4727 κατὰ
3371 4672 3675 4745 ἀναγωγὴν

2077 4770 2212 4839 ἡμῖν
2251 4767 2633 4839 θεωρηθέντων
2663 4767 2893 4839 ἀπᾴδειν
2942 4765 3273 4837 νομίσωμεν.
3331 4765 3583 4818 Διδάσκει
3608 4764 3675 4818 δὲ

2077 4859 2166 4913 διὰ
2193 4858 2398 4913 τούτων
2428 4860 2458 4911 6
2485 4858 2664 4929 λόγος,
2698 4859 2780 4912 ὅτι
2803 4860 2836 4928 ἡ
2869 4858 3071 4927 γνῶσις
3104 4858 3202 4927 τῆς
3234 4856 3518 4919 εὐσεϐείας
3547 4854 3677 4923 φῶς

2081 4952 2292 5020 γίνεται
2327 4952 2476 5024 παρὰ
2500 4951 2598 5023 τὴν
2626 4950 2848 5022 πρώτην
2875 4945 2958 5013 οἷς
2979 4949 3046 5002 ἂν
3079 4950 3380 5020 ἐγγίνηται.
3427 4948 3575 5001 Διότι
3606 4948 3682 5002 τὺ

2083 5045 2144 5111 ἐξ
2166 5046 2413 5109 ἐναντίας
2462 5047 2527 5116 τῇ
2560 5043 2812 5115 εὺσεόεία
2837 5042 3145 5114 νοούμενον,
3179 5041 3371 5105 σκότος
3410 5041 3594 5094 ἐστίν·
3631 5043 3673 5113 ἡ

2080 5135 2136 5190 δὲ
2177 5134 2494 5206 ἀποστροφὴ
2526 5134 2619 5188 τοῦ
2669 5134 2915 5197 σκότους,
2950 5135 3017 5201 τῇ
3060 5130 3320 5202 μετουσίᾳ
3351 5129 3447 5182 τοῦ
3486 5129 3683 5198 φωτὸς

2079 5229 2310 5298 γίνεται.
2342 5226 2553 5298 Προϊὼν
2597 5226 2654 5280 δὲ
2689 5229 2719 5281 6
2743 5225 2887 5291 νοῦς,
2921 5228 3015 5281 καὶ
3054 5226 3146 5279 διὰ
3185 5224 3435 5295 μείζονος
3460 5223 3551 5276 ἀεὶ
3571 5223 3683 5277 καὶ

2076 5319 2422 5392 τελειοτέρας
2442 5319 2715 5390 προσοχῆς
2730 5318 2789 5369 ὲν
2812 5317 3058 5387 περινοίᾳ
3077 5314 3358 5385 γινόμενος
3375 5311 3475 5381 τῆς
3494 5310 3678 5375 ὄντως

2078 5413 2492 5482 κατανοήσεως,
2545 5410 2655 5480 ὅσῳ
2681 5408 3034 5480 προσεγγίζει
3087 5406 3288 5479 μᾶλλον
3324 5407 3391 5475 τῇ
3434 5402 3676 5474 θεωρίᾳ,

2077 5502 2317 5575 τοσούτῳ
2351 5501 2512 5556 πλέον
2539 5502 2642 5573 ὁρᾷ
2663 5500 2726 5553 τὸ
2760 5500 2863 5569 τῆς
2902 5498 3052 5562 θεῖας
3079 5497 3293 5567 φύσεως
3325 5494 3675 5566 ἀθεώρητον.

2078 5597 2407 5654 Καταλιπὼν
2428 5596 2538 5668 γὰρ
2562 5597 2671 5650 πᾶν
2692 5593 2755 5649 τὸ
2780 5594 3125 5667 φαινόμενον,
3152 5591 3214 5645 οὐ
3244 5589 3405 5664 μόνον
3437 5588 3543 5644 ὅσα.
3564 5605 3676 5645 καφ
