3876 6218
253 223 352 278 577

1564 225 1650 282 DE
1694 225 1845 306 Vi'l‘A
1875 225 2142 282 novss.

3415 234 3520 294 578

252 336 592 406 ταλαμῦάνει
625 339 658 407 ἡ
690 334 964 406 αἴσθησις,
989 335 1124 390 ἀλλά
1154 337 1246 390 καὶ
1277 338 1377 391 ὅσα
1405 340 1440 410 ἠ
1467 339 1674 394 διάνοια
1695 341 1839 394 δοκεῖ

1947 342 2147 394 teriora
2189 340 2594 412 progrediatur,
2659 348 2792 395 tunc
2836 341 3072 414 caligine
3125 341 3369 412 nudique
3410 361 3520 398 cir—

252 430 508 498 βλέπειν·
561 429 650 482 ἀεὶ
698 428 834 500 πρὸς
870 429 932 482 τὸ
975 429 1248 501 ἐνδότερον
1288 431 1447 497 ἵεται,
1483 433 1589 494 ἕως
1627 433 1692 486 ἂν
1724 434 1839 486 δια-

251 521 350 590 δυῇ
395 523 462 591 τῇ
490 520 991 592 πολυπραγμοσύνῃ
1019 525 1120 592 τῆς
1160 521 1396 586 διανοίας
1419 523 1556 594 πρὸς
1587 525 1646 577 τὸ
1674 525 1840 577 ἀθέα-

250 613 344 664 τόν
385 629 444 664 τε
490 614 586 665 καὶ
621 612 1040 682 ἀκατάληπτον,
1072 614 1236 668 κάκεῖ
1281 615 1373 667 τὸν
1417 614 1550 668 Θεὸν
1596 616 1698 688 ἴδῃ.
1750 617 1838 668 Ἐν

251 701 431 772 τούτῳ
470 701 580 772 γάρ
619 704 652 771 ἡ
689 700 897 771 ἀληθής
937 704 1084 754 ἐστιν
1115 701 1319 771 είδησις
1354 704 1447 756 τοῦ
1483 705 1835 775 ζητουμένου,

250 795 313 846 τὸ
344 794 591 864 ἐντούτῳ
615 795 677 846 τὸ
703 795 852 858 ἰδεῖν,
882 795 940 847 ὲν
969 797 1048 868 τῷ
1084 793 1158 864 μὴ
1195 794 1324 847 ἰδεῖν
1351 810 1364 823 ⁸
1396 797 1478 849 ὄτι
1518 797 1837 866 ὑπέρκειται

252 881 439 949 πάσης
477 881 734 949 εἰδήσεως
781 881 844 934 τὸ
873 879 1223 952 ζητούμενον,
1265 877 1379 937 οἷόν
1408 901 1514 938 τινι
1555 886 1739 955 γνόφῳ
1769 887 1838 956 τῇ

252 972 607 1042 ἀκαταληψία
639 972 977 1042 πανταχόθεν
1016 971 1411 1044 διειλημμένον.
1455 977 1547 1029 Διό
1576 993 1710 1048 φησι
1741 979 1840 1032 καὶ

249 1063 280 1113 6
310 1060 517 1130 ὑψηλὸς
555 1062 828 1130 Ἰωάννης,
868 1063 896 1116 6
931 1063 990 1115 ὲν
1034 1062 1114 1133 τῷ
1161 1063 1400 1136 λαμπρῷ
1445 1067 1628 1138 γνόφῳ
1663 1068 1840 1140 τούτῳ

250 1152 566 1222 γενόμενος,
592 1155 674 1206 ὅτι
691 1176 712 1212 ι
729 1155 864 1208 Θεὸν
873 1154 1047 1221 οὐδεὶς
1061 1156 1275 1230 ἑώρακε
1290 1159 1528 1215 πώποτε’
1541 1181 1564 1217 ι
1585 1163 1645 1215 οὐ
1680 1161 1838 1230 μόνον

249 1247 365 1306 τοῖς
390 1243 718 1317 ἀνθρώποις,
745 1244 884 1298 ἀλλά
909 1245 1004 1298 καὶ
1019 1246 1169 1318 πάσῃ
1192 1250 1356 1319 νοητῇ
1379 1247 1540 1317 φύσει
1561 1251 1660 1321 τῆς
1689 1251 1840 1315 θείας

249 1338 443 1400 οὐσίας
493 1339 595 1407 τὴν
647 1339 849 1406 γνῶσιν
893 1339 1185 1410 ἀνέφικτον
1226 1336 1400 1408 εἶναι,
1460 1344 1528 1413 τῇ
1563 1344 1838 1414 ἀποφάσει

250 1428 428 1502 ταύτῃ
457 1429 844 1500 διοριζόμενος.

329 1525 461 1580 Ὅτε
489 1523 581 1581 οὖν
612 1527 813 1598 μείζων
846 1527 1064 1597 ἐγένετο
1102 1527 1245 1581 κατὰ
1265 1527 1365 1600 τὴν
1394 1527 1592 1597 γνῶσιν
1621 1530 1648 1582 6
1675 1530 1838 1582 Μωῦ-

255 1616 379 1686 σῆς,
405 1618 523 1670 τότε
545 1617 796 1687 ὁμολογεῖ
819 1617 910 1670 τὸν
929 1617 1062 1671 Θεὸν
1090 1618 1150 1670 ἐν
1175 1617 1360 1689 γνόφῳ
1387 1619 1533 1681 ἰδεῖν,
1567 1619 1833 1682 τουτέστι,

1939 441 2254 502 eumseptus
2302 432 2570 488 invisibili
2608 439 2663 486 et
2709 434 3293 502 incomprehensibili,
3343 431 3516 490 Deum

1937 525 2105 578 videt.
2145 525 2206 578 in
2246 525 2353 579 hoc
2389 525 2534 579 enim
2570 525 2831 578 consistit
2866 524 2959 578 Dei
2995 540 3122 579 vera
3151 525 3414 594 cognitio,
3461 527 3518 580 in

1939 614 2044 670 hoc
2067 621 2153 670 est
2180 615 2304 685 ejus
2328 616 2488 680 visio,
2536 622 2598 668 ut
2627 615 2818 670 videas
2850 617 2996 684 quod
3033 616 3204 670 videri
3255 632 3361 670 non
3390 632 3518 686 pos-

1939 709 2033 770 sit,
2073 707 2218 777 quod
2242 722 2458 762 omnem
2494 708 2865 777 cognitionem
2892 708 3133 776 cognitio
3181 709 3304 777 ejus
3349 724 3518 764 exce-

1937 800 2038 865 dit,
2058 802 2214 870 quasi
2235 801 2470 871 caligine
2499 800 2734 870 quadam
2773 801 2893 871 ipsa
2926 802 3509 870 incomprehensibili-

1941 898 2052 945 tate
2088 891 2331 961 undique
2361 899 2642 946 contenta.
2693 891 3040 962 Quapropter
3081 891 3305 947 divinus
3343 894 3510 946 etiam

1938 981 2202 1047 Joannes,
2239 983 2334 1054 qui
2368 984 2422 1037 in
2485 984 2990 1054 splendidissimam
3025 983 3170 1037 hanc
3219 984 3512 1053 caliginem

1939 1083 2284 1145 pervenerat,
2308 1090 2414 1128 non
2444 1075 2718 1130 dubitavit
2741 1073 3049 1129 exclamare
3075 1093 3088 1129 :
3125 1094 3143 1126 ι
3169 1077 3339 1128 Deum
3375 1091 3516 1128 nun-

1937 1180 2102 1234 quam
2157 1166 2304 1220 ullus
2351 1166 2585 1222 vidit“:
2619 1186 2638 1218 ι
2670 1182 2780 1220 non
2825 1167 3002 1221 solum
3044 1167 3382 1232 hominibus,
3419 1167 3515 1220 sed

1939 1258 2294 1314 intellectuali
2326 1261 2476 1314 omni
2505 1270 2717 1314 natura:
2745 1261 3139 1330 impossibilem
3170 1263 3367 1316 divinae
3389 1262 3519 1316 snh-

1939 1352 2156 1406 stantite
2187 1352 2556 1423 cognitionem
2593 1352 2697 1407 hac
2725 1353 3016 1422 negatione
3045 1354 3440 1408 deter-minans.

2008 1528 2189 1597 Quare
2217 1529 2430 1602 Moyses
2455 1531 2617 1585 etiam
2648 1545 2772 1585 cum
2796 1532 3110 1602 cognitione
3137 1532 3313 1598 major
3340 1531 3518 1586 factus

1939 1622 2041 1675 fuit
2063 1663 2078 1687 ,
2117 1631 2248 1675 tunc
2277 1621 2592 1686 conﬁtetur,
2632 1623 2686 1675 in
2717 1623 2952 1692 caligine
2985 1622 3156 1677 Deum
3187 1623 3428 1686 vidisse,
3462 1623 3518 1677 id

253 1709 376 1760 τότε
408 1708 636 1776 γνῶναι,
682 1709 764 1761 ὅτι
806 1708 984 1762 ἐκεῖνό
1029 1711 1146 1762 ἐστι
1179 1712 1244 1780 τῇ
1289 1709 1450 1778 φύσει
1485 1710 1547 1763 τὸ
1581 1710 1756 1774 Θείον,
1804 1711 1833 1763 ὃ

1943 1722 2057 1777 est,
2094 1721 2224 1768 tunc
2254 1714 2473 1768 demum
2529 1718 2859 1784 cognovisse
2907 1716 3054 1768 illam
3107 1729 3232 1770 esse
3268 1714 3516 1769 divinam

254 1800 439 1866 πάσης
469 1798 720 1867 γνώσεώς
758 1817 820 1852 τε
852 1801 947 1853 καὶ
978 1800 1336 1871 καταλήψεώς
1364 1803 1510 1854 ἐστιν
1541 1801 1830 1875 ἀνώτερον.

252 1891 486 1962 Εἰσῆλθε
512 1891 642 1963 γάρ,
681 1893 834 1962 φησὶ,
863 1893 1104 1963 Μωῦοῆς
1137 1893 1216 1956 είς
1243 1893 1335 1947 τὸν
1367 1894 1584 1963 γνόφον,
1624 1888 1684 1946 οὗ
1713 1891 1780 1965 ἦν
1806 1895 1836 1947 6

253 1982 407 2044 Θεὸς.
438 1984 533 2046 Τίς
563 1987 590 2036 ό
619 1984 770 2048 Θεός;
814 1984 874 2047 ὃς
899 1984 1053 2038 ἔθετο
1080 1986 1143 2038 τὸ
1173 1985 1365 2049 σκότος
1389 1987 1715 2058 ἀποκρυφὴν
1744 1987 1838 2041 αὐ-

253 2073 372 2136 τοῦ,
405 2073 586 2137 καθώς
630 2093 764 2146 φησι
798 2075 980 2140 Δαῦιδ,
1026 2079 1055 2130 6
1099 2078 1157 2128 έν
1184 2076 1268 2146 τῷ
1301 2077 1451 2149 αὐτῷ
1499 2078 1726 2149 μυηθεὶς
1767 2078 1836 2132 τά

256 2166 569 2237 ἀπόρρητα.
621 2166 679 2220 Ὀ
711 2167 770 2220 δὲ
807 2169 925 2220 ἐκεῖ
962 2167 1222 2236 γεγονὼς,
1247 2168 1283 2222 ἃ.
1324 2170 1724 2240 προεπαιδεύθη
1749 2170 1838 2224 διὰ

256 2256 356 2309 τοῦ
388 2258 607 2326 γνόφου,
634 2257 794 2311 πάλιν
819 2258 906 2311 διά
930 2258 1026 2311 τοῦ
1043 2259 1242 2328 γνόφου
1268 2260 1577 2314 διδάσκεται
1601 2277 1614 2289 ·
1647 2260 1722 2322 di;
1748 2261 1836 2326 ἂν,

253 2343 434 2419 οἶμαι,
449 2349 788 2420 παγιώτερον
804 2352 938 2421 ἡμῖν
964 2349 1026 2402 τὸ
1051 2355 1177 2423 περὶ
1194 2349 1382 2404 τούτου
1399 2355 1623 2424 γένηται
1641 2351 1837 2422 δόγμα,

251 2443 326 2509 τῇ
364 2439 484 2509 θεία
529 2444 678 2512 φωνῇ
727 2441 1195 2512 μαρτυρούμενον.
1254 2442 1612 2513 Ἀπαγορεύει
1650 2443 1757 2512 γὰρ
1783 2444 1842 2495 ὲν

251 2532 497 2601 πρώτοις
524 2534 553 2585 6
583 2534 725 2596 θεῖος
747 2533 924 2602 λόγος,
949 2535 1084 2605 πρὸς
1110 2535 1275 2604 μηδὲν
1298 2534 1407 2587 τῶν
1427 2536 1842 2606 γινωσκομένων

250 2620 578 2690 ὁμοιοῦσθαι
607 2623 756 2690 παρά
780 2622 888 2673 τῶν
919 2623 1228 2693 ἀνθρώπων
1252 2622 1308 2675 τὸ
1324 2623 1475 2676 Θεῐον
1495 2639 1507 2651 ⁸
1536 2624 1611 2687 ὼς
1647 2623 1843 2685 παντὸς

252 2711 530 2779 νοήματος
562 2709 655 2762 τοῦ
687 2711 830 2763 κατά
866 2728 988 2763 τινα
1029 2711 1429 2782 περιληπτικὴν
1457 2711 1756 2780 φαντασίαν
1787 2713 1844 2764 ἐν

254 2802 512 2872 περινοίᾳ
564 2801 670 2854 τινὶ
693 2803 784 2853 καὶ
821 2801 1114 2872 στοχασμῷ
1163 2803 1264 2872 τῆς
1296 2803 1508 2870 φύσεως
1533 2801 1842 2870 γινομένου,

245 2894 478 2948 εἴδωλον
499 2893 635 2946 Θεοῦ
663 2893 995 2956 πλάσσοντος
1023 2896 1116 2947 καὶ
1136 2894 1196 2945 οὐ
1215 2893 1843 2961 Θεὸνκαταγγέλλοντος.

253 2987 396 3055 Διχῆ
425 2987 482 3038 δὲ
528 2986 626 3057 τῆς
659 2987 779 3039 κατ’
816 2985 1096 3039 εὐσέϐειαν
1128 2985 1332 3056 ἀρετῆς
1369 2985 1726 3060 διῃρημένης,
1764 2984 1846 3047 είς
1871 3028 1914 3086 C

251 3094 325 3130 τε
352 3078 411 3131 τὸ
433 3081 604 3142 Θείον,
633 3077 726 3131 καὶ
753 3079 833 3140 εἰς
848 3078 944 3146 τὴν
965 3076 1058 3128 τοῦ
1083 3076 1245 3146 ἠθους
1269 3077 1603 3152 κατόρθωσιν
1627 3091 1642 3106 ·
1673 3075 1836 3145 μέρος

255 3168 375 3240 γὰρ
418 3170 726 3232 εὐσεϐείας,
777 3170 874 3223 καὶ
909 3172 944 3241 ἡ
991 3169 1086 3223 τοῦ
1125 3169 1289 3240 ἡθους
1333 3153 1643 3240 καθαρότης
1687 3169 1834 3222 ἐστί·

263 3259 454 3331 μαθὼν
486 3263 544 3313 ὲν
570 3260 828 3332 πρώτοις,
855 3261 890 3314 ἂ
921 3260 1026 3332 χρὴ
1065 3263 1195 3332 περὶ
1231 3261 1363 3314 Θεοῦ
1404 3260 1727 3329 γινώσκεινο
1782 3259 1845 3312 τὸ

256 3353 319 3406 δέ
349 3370 411 3420 γε
441 3353 732 3421 γινώσκειν
759 3349 851 3426 ἦν,
878 3354 940 3406 τὸ
971 3353 1137 3424 μηδὲν
1177 3353 1306 3423 περὶ
1330 3351 1494 3406 αὐτοῦ
1527 3351 1635 3404 τῶν
1669 3350 1728 3414 ὲξ
1753 3353 1844 3404 ἀν-

259 3447 544 3516 θρωπίνης
568 3446 927 3517 καταλήψεως
959 3447 1380 3515 γινωσκομένων
1405 3445 1601 3497 εἰδέναι
1622 3461 1636 3473 ⁸
1672 3443 1844 3508 οὕτως

256 3541 321 3594 τὸ
354 3539 547 3610 ἕτερον
580 3539 679 3608 τῆς
702 3540 901 3609 ἀρετῆς
939 3535 1079 3601 εἶδος
1110 3538 1438 3599 διδάσκεται,
1473 3536 1758 3606 μανθάνων
1784 3539 1844 3590 ὲν

256 3633 393 3694 οἵοις
443 3630 873 3701 ἐπιτηδεύμασιν
916 3632 945 3682 ὁ
1005 3629 1260 3699 ἐνάρετος
1293 3628 1658 3693 κατορθοῦται
1705 3627 1840 3697 βίος.

256 3725 418 3778 Μετά
462 3724 620 3777 τοῦτο
667 3727 725 3777 ὲν
759 3725 825 3793 τῇ
857 3723 1254 3793 ἀχειροποιήτῳ
1284 3724 1457 3792 exn-ﬁ;
1484 3722 1713 3789 γίνεται.
1747 3721 1844 3783 Τίς

254 3813 616 3885 ἀκολουθήσει
652 3813 731 3884 τῷ
766 3814 852 3865 διὰ
886 3813 996 3864 τῶν
1028 3811 1282 3865 τοιούτων
1317 3810 1577 3873 ὁδεύοντι,
1615 3812 1710 3864 καὶ
1751 3813 1843 3864 ἐπὶ

253 3907 511 3960 τοσοῦτον
536 3907 672 3974 ὐψου
681 3905 825 3975 μένῳ
852 3904 942 3957 τὸν
965 3905 1121 3968 νοῦν;
1167 3903 1226 3967 ὃς
1252 3903 1506 3974 καθάπερ
1529 3903 1653 3956 τινὰ
1677 3920 1809 3974 κορυ
1826 3933 1840 3942 -

258 3999 366 4069 φῆν
392 4001 457 4051 ὲκ
493 3996 740 4067 κορυφῆς
779 3994 1229 4065 μεταλαμὸάνων,
1259 3995 1346 4047 διά
1368 3995 1464 4064 τῆς
1493 3995 1599 4048 τῶν
1622 3995 1841 4066 ὑψηλῶν

256 4088 602 4150 ἀναϐάσεως,
626 4087 711 4139 ἀεὶ
743 4084 936 4138 ἑαυτοῦ
977 4085 1183 4152 γίνεται
1214 4084 1562 4154 ὑψηλότερος.
1619 4086 1838 4154 Πρῶτον

257 4180 520 4234 κατέλιπε
545 4179 644 4248 τὴν
674 4177 974 4247 ὑπώρειαν,
1002 4177 1218 4228 πάντων
1234 4177 1341 4227 τῶν
1362 4176 1496 4246 πρὸς
1521 4175 1620 4246 τὴν
1651 4176 1836 4230 ἄνοδον

255 4273 637 4342 ἀτονησάντων
674 4268 1011 4339 ἀποκριθεὶς,
1059 4264 1190 4320 Εἶτα
1228 4269 1440 4337 δέχεται
1473 4271 1537 4338 τῇ
1573 4269 1707 4338 ἀκοῇ
1738 4268 1837 4331 τὰς

1936 1815 2184 1860 naturam
2213 1822 2334 1875 qua!
2358 1807 2724 1876 cognitionem
2751 1815 2804 1860 et
2834 1805 3380 1876 comprehensionem
3408 1821 3522 1858 om-

1935 1913 2056 1952 nem
2083 1897 2318 1950 excedit.
2348 1895 2573 1949 Intravit
2595 1897 2738 1950 enim
2771 1895 2982 1967 Moyses
3011 1908 3024 1965 ί
3049 1896 3278 1950 historia
3310 1897 3513 1966 inquit)

1935 1987 1990 2042 in
2020 1987 2306 2056 caiiginem
2328 2025 2345 2049 ,
2371 1987 2462 2040 ubi
2498 1987 2637 2042 Deus
2667 1995 2785 2041 erat
2817 1988 2882 2041 “.
2915 1988 3178 2053 Quisnam
3212 1987 3389 2042 Deus?
3419 1989 3513 2056 qui

1935 2077 2118 2147 posuit
2146 2077 2400 2132 tenebras
2423 2078 2844 2132 occultationem
2877 2093 3033 2132 suam
3057 2117 3072 2141 ,
3099 2088 3157 2131 ut
3187 2078 3387 2132 cecinit
3417 2077 3521 2131 Da-

1936 2169 2026 2223 vid
2048 2169 2137 2222 ille
2158 2168 2224 2235 “,
2251 2169 2341 2238 qui
2368 2169 2533 2222 etiam
2566 2168 2620 2221 in
2646 2167 2834 2222 eadem
2862 2169 3373 2238 caligine'initiatus
3399 2178 3479 2222 est
3502 2186 3517 2224 :

1939 2261 2032 2330 qui
2061 2274 2194 2314 vero
2234 2259 2363 2313 illuc
2394 2261 2653 2324 intravit,
2687 2274 2748 2313 ea
2781 2260 2849 2314 de
2878 2261 3078 2330 quibus
3105 2269 3230 2313 ante
3261 2276 3354 2330 per
3385 2261 3521 2314 cali-

1940 2352 2118 2421 ginem
2156 2350 2334 2404 fuerat
2367 2352 2652 2413 eruditus,
2689 2367 2882 2406 rursus
2916 2367 3012 2421 per
3046 2352 3330 2422 caliginem
3361 2351 3524 2406 doce-

1943 2451 2050 2506 tur,
2099 2449 2158 2495 ut
2198 2441 2324 2506 ﬁat,
2363 2442 2580 2511 opinor,
2625 2441 2838 2496 ﬁrmius
2872 2442 2975 2495 hoc
3009 2443 3289 2497 decretum
3339 2443 3522 2497 divina

1942 2548 2075 2588 voce
2104 2543 2266 2602 atque
2315 2534 2647 2588 auctoritate
2681 2533 3122 2602 comprobatum.
3173 2532 3334 2587 Vetat
3377 2535 3519 2587 enim

1942 2623 2000 2677 in
2048 2623 2241 2694 primis
2271 2622 2518 2678 divinum
2561 2633 2892 2692 praeceptum
2927 2624 2999 2687 "",
3044 2641 3114 2677 ne
3166 2625 3403 2692 alicujus
3441 2625 3520 2678 rei

1945 2731 2107 2784 quam
2132 2729 2436 2785 cognoscas
2458 2755 2473 2779 ,
2498 2715 2666 2769 Deum
2693 2717 2923 2770 similem
2951 2726 3108 2785 putes
3135 2735 3147 2768 :
3173 2717 3353 2770 omnis
3375 2717 3520 2772 enim

1945 2805 2295 2871 intellectus,
2339 2807 2434 2876 qui
2481 2807 2827 2876 phantastica
2866 2809 3102 2876 quadam
3155 2807 3524 2876 cogitatione.

1946 2899 2101 2966 quasi
2128 2897 2446 2965 conjectura
2469 2898 2712 2950 divinam
2746 2907 3000 2950 naturam
3027 2896 3415 2965 apprehendit,
3447 2897 3524 2950 si-

1947 2989 2252 3042 mulacrum
2279 2990 2498 3058 quidem
2535 2989 2625 3043 Dei
2655 2989 2810 3042 ﬁnxit
2834 2991 2886 3042 in
2913 3001 3122 3053 mente,
3148 2987 3316 3044 Deum
3344 2997 3527 3045 autent

1947 3095 2054 3132 non
2079 3079 2364 3134 intellexit.
2387 3077 2585 3133 Verum
2614 3095 2734 3134 cum
2757 3080 2954 3144 virtus,
2981 3095 3100 3149 qua:
3117 3079 3418 3133 secundum
3444 3093 3528 3137 ves

1946 3174 2161 3226 ritatem
2191 3182 2270 3225 est
2297 3211 2312 3237 ,
2345 3172 2602 3238 bipartito
2632 3172 2735 3233 sit,
2765 3172 3074 3240 partimque
3103 3170 3206 3225 {ide
3234 3171 3287 3223 in
3319 3169 3528 3236 Deum,

1945 3262 2144 3330 partim
2178 3272 2326 3317 recta
2363 3263 2582 3316 vivendi
2615 3264 2828 3317 ratione
2861 3263 3233 3317 constituatur
3263 3261 3532 3331 (pietatis

1945 3355 2090 3409 enim
2124 3354 2374 3424 profecto
2405 3370 2535 3425 pars
2570 3371 2679 3408 non
2718 3371 2882 3424 parva
2917 3364 3003 3409 est
3035 3353 3332 3407 mundities
3361 3355 3533 3423 vitae}

1946 3446 2180 3515 primum
2212 3444 2438 3507 didicit,
2487 3445 2616 3514 quid
2650 3451 2898 3512 oporteat
2952 3443 3019 3497 de
3069 3442 3176 3496 Deo
3223 3456 3519 3512 cognosce-

1945 3551 2004 3590 re
2031 3555 2044 3590 :
2078 3535 2222 3606 quod
2249 3536 2467 3605 quidem
2497 3550 2830 3603 cognoSrere
2857 3534 2993 3588 nihil
3027 3534 3176 3588 aliud
3206 3546 3326 3597 est,
3360 3549 3531 3603 quam.

1945 3629 2080 3682 nihil
2119 3643 2309 3683 eorum
2345 3642 2466 3682 esse
2499 3625 2670 3681 Deum
2712 3641 3047 3696 cognoscere
3070 3666 3084 3689 ,
3127 3642 3249 3696 quae
3286 3625 3533 3683 humana.

1945 3736 2099 3775 mens
2132 3727 2310 3789 potest
2339 3734 2693 3788 cognoscere.
2722 3717 2930 3773 Deinde
2956 3719 3118 3772 aliam
3149 3717 3368 3772 virtutis
3396 3733 3532 3788 para

1944 3820 2051 3864 tem
2096 3812 2383 3880 diligenter
2431 3812 2631 3864 docet:
2676 3809 2905 3864 docetur
2949 3811 3094 3864 enim
3143 3809 3342 3878 quibus
3392 3825 3531 3878 opes

1946 3903 2097 3954 ribus
2137 3903 2274 3954 bene
2317 3902 2533 3954 vivendi
2567 3903 2707 3954 ratio
2733 3902 3087 3969 perliciatur:
3122 3916 3185 3953 ac
3213 3902 3433 3954 demum
3466 3901 3531 3953 iu.

1945 3993 2358 4046 tabernaculum
2387 4035 2400 4053 ,
2434 3993 2578 4061 quod
2613 4007 2812 4046 manus
2840 3993 2990 4046 nulla
3024 3991 3201 4046 fuerat
3233 3989 3533 4054 fabricata,-

1945 4083 2271 4153 ingreditur.
2302 4082 2437 4148 Quis
2467 4092 2729 4153 sequetur
2760 4085 2905 4138 hunc
2926 4123 2940 4146 ,
2965 4084 3058 4154 qui
3095 4099 3191 4153 per
3221 4091 3302 4137 tot
3338 4091 3521 4136 tanta-

1943 4191 2049 4246 quc
2083 4175 2333 4237 scandit,
2372 4191 2436 4230 ac
2474 4185 2706 4232 mentem
2744 4192 2959 4246 semper
2991 4177 3045 4229 in
3078 4175 3243 4230 altius
3269 4175 3528 4230 extollit?

1942 4266 2037 4335 qui
2065 4282 2190 4320 eum
2222 4267 2275 4319 in
2312 4283 2482 4320 unum
2517 4283 2781 4322 cacumen
2809 4267 3159 4333 ascenderit,
3187 4266 3254 4320 ad
3287 4265 3517 4320 alterum

257 4365 368 4418 τῶν
417 4364 735 4431 σαλπίγγων
770 4361 976 4430 φωνάς,
1011 4361 1090 4431 τῷ
1125 4361 1248 4429 ὕψει
1282 4361 1379 4430 τῆς
1413 4361 1601 4412 ἀνόδου
1643 4377 1839 4412 συνεπ-

1948 4358 2078 4411 illud
2101 4397 2115 4420 ,
2146 4361 2567 4433 sibiﬁtgradus,
2585 4369 2637 4415 ct
2653 4359 2721 4413 ad
2744 4359 2875 4414 illud
2891 4360 3290 4426 iterum,atque
3321 4357 3517 4412 iterum

257 4459 569 4529 αιρόμενος.
615 4456 735 4508 Ἐπὶ
757 4455 986 4516 τούτοις,
1026 4455 1106 4514 είς
1139 4453 1198 4504 τὸ
1229 4452 1457 4521 ἀόρατον
1484 4452 1582 4521 τῆς
1612 4451 1815 4519 θεογνω

260 4553 385 4616 σίας
434 4553 624 4604 ἄδυτον
665 4549 1032 4619 παραδύεται’
1099 4547 1192 4599 καὶ
1230 4547 1350 4598 οὐδὲ
1380 4547 1439 4598 ὲν
1467 4545 1641 4615 τούτῳ
1667 4546 1837 4616 μένει,

257 4644 376 4697 ἀλλ’
402 4645 496 4696 ἐπὶ
536 4643 634 4713 τὴν
674 4641 1086 4712 ἀχειροποίητον
1127 4637 1442 4708 μεταϐαίνει
1474 4637 1699 4707 σκηνήν.
1749 4636 1839 4706 Τῷ

259 4737 373 4788 δντι
399 4736 508 4804 γὰρ
525 4732 794 4788 ἐπὶτοῦτο
815 4732 1057 4802 καταντᾷ
1079 4730 1138 4782 τὸ
1166 4729 1357 4801 πέρας,
1379 4729 1406 4780 6
1425 4727 1512 4780 διὰ
1537 4727 1643 4779 τῶν
1669 4725 1840 4778 τοιού-

259 4844 370 4879 των
392 4825 596 4878 ἀνόδων
615 4822 748 4892 ὑψοῦ
759 4836 936 4889 μενος.
968 4821 1125 4872 Δοκεῖ
1144 4818 1250 4887 γάρ
1279 4833 1366 4886 μοι
1390 4817 1481 4869 καὶ
1505 4815 1627 4868 καθ’
1656 4816 1841 4886 ἕτερον

260 4914 386 4968 νοῦν
412 4912 726 4974 διδάσκαλος
753 4913 787 4981 ἡ
812 4909 1038 4980 οὐρανία
1069 4907 1302 4975 σάλπιγξ
1316 4908 1412 4977 τῆς
1452 4909 1546 4959 ἐπὶ
1568 4906 1666 4976 τὴν
1700 4909 1846 4975 ἀχει-

264 5004 554 5076 ροποίητον
602 5001 837 5072 παροδον
879 4998 956 5069 τῷ
991 4998 1266 5050 ἐπανιόντι
1303 4994 1567 5062 γίνεσθαι.
1621 4992 1685 5045 Ἦ
1729 4994 1838 5065 γὰρ

261 5098 370 5150 τῶν
405 5093 528 5149 κατ’
557 5092 785 5163 οὐρανὸν
819 5091 1109 5161 θαυμάτων
1147 5087 1430 5157 διασκευὴ,
1462 5086 1560 5156 τὴν
1595 5089 1844 5154 ἐκφαινο-

266 5193 436 5260 μένην
469 5189 581 5250 τοῖς
627 5183 746 5238 οὖσι
778 5184 970 5250 σοφίαν
1000 5182 1296 5242 διαϐοῶσα,
1338 5181 1430 5232 καὶ
1473 5181 1571 5249 τὴν
1600 5177 1842 5248 μεγάλην

262 5282 358 5335 τοῦ
399 5283 537 5335 Θεοῦ
594 5280 750 5346 δόξαν
795 5277 906 5331 τῶν
943 5275 1282 5346 φαινομένων
1313 5273 1664 5344 διηγουμένη,
1701 5271 1841 5324 κατά

264 5376 322 5428 τὸ
375 5373 692 5446 εἰρημένον,
750 5373 831 5425 ὅτι
891 5372 1000 5424 «Οἱ
1048 5371 1267 5440 οὐρανοὶ
1323 5366 1636 5437 διηγοῦνται
1683 5364 1840 5430 δόξαν

264 5463 395 5515 Θεοῦ
421 5478 436 5491 ο
461 5482 479 5514 ι
533 5461 672 5532 αῦτη
707 5460 785 5531 τῷ
818 5461 998 5533 τρανῴ
1033 5477 1092 5512 τε
1131 5459 1220 5512 καὶ
1259 5457 1438 5526 εὐήχῳ
1477 5454 1572 5525 τῆς
1593 5453 1840 5506 διδασκα-

336 5643 383 5675 ⁴⁴
413 5640 569 5697 Joan.
603 5656 640 5703 I.
667 5641 720 5696 8.
834 5641 878 5673 δε
902 5638 1073 5696 Exod.
1109 5655 1162 5702 ι,
1188 5633 1279 5694 21.

1947 4449 2014 4502 ad
2059 4449 2206 4502 aliud
2229 4489 2245 4514 ,
2291 4449 2366 4502 ita
2401 4458 2462 4504 ut
2493 4450 2560 4503 de
2591 4449 2769 4503 altiori
2807 4449 2864 4503 in
2891 4449 3055 4504 altius
3084 4464 3300 4520 semper
3326 4463 3510 4504 ascen.

1945 4543 2070 4605 dat,
2105 4556 2434 4610 semperque
2474 4542 2657 4611 scipso
2707 4540 2800 4593 ﬂat
2846 4541 3240 4610 praestantior?
3271 4539 3518 4593 Primum

1944 4649 2068 4687 cum
2110 4633 2291 4686 caeteri
2336 4648 2529 4686 onmes
2564 4633 2628 4686 ad
2662 4647 2953 4687 ascensum
2988 4632 3318 4695 deﬁcerent,
3370 4632 3520 4686 radi~

1944 4738 2036 4776 ees
2082 4723 2282 4776 montis
2331 4724 2482 4776 solus
2530 4723 2966 4792 supergreditur:
3004 4722 3210 4777 Deinde
3255 4722 3513 4776 tubarum

1945 4815 2160 4870 sonitus
2204 4814 2430 4868 auribus
2469 4815 2710 4884 percepit
2756 4815 3049 4869 altitudine
3101 4815 3304 4870 montis
3349 4814 3518 4868 mira—

1944 4909 2040 4962 bili
2067 4926 2081 4974 ;
2135 4907 2254 4977 ipse
2285 4923 2505 4977 quoque
2538 4906 2766 4961 miriﬁce
2795 4908 3042 4962 elevatus
3066 4945 3081 4968 ,
3119 4906 3184 4960 ad
3224 4905 3340 4958 hinc
3373 4904 3515 4958 invi-

1946 4999 2125 5053 sibilia
2147 4997 2347 5051 divinze
2376 4996 2709 5066 cognitionis
2733 4995 3378 5066 penetraliajingreditur.
3409 4993 3520 5048 Nec

1943 5091 2016 5144 ibi
2051 5089 2383 5160 permansit,
2411 5088 2505 5142 sed
2539 5089 2593 5141 in
2626 5087 3038 5142 tabernaculum
3071 5088 3221 5141 nulla
3251 5101 3415 5139 manu
3440 5085 3520 5138 fa~

1942 5192 2089 5234 ctum
2129 5179 2468 5249 pertransit:
2512 5186 2662 5234 certe
2703 5193 2940 5248 namque
2987 5179 3054 5233 ad
3101 5178 3250 5232 hunc
3299 5177 3519 5232 tandem

1942 5270 2032 5324 ille
2063 5269 2221 5323 linem
2251 5267 2530 5338 pervenit,
2562 5266 2654 5335 qui
2683 5266 2998 5334 hujusmodi
3025 5267 3350 5322 ascensibus
3377 5265 3520 5320 exal-

1941 5371 2109 5417 tatur.
2145 5359 2249 5415 Sed
2283 5361 2374 5413 illa
2400 5374 2619 5428 quoque
2647 5359 2918 5413 sententia
2945 5359 3014 5414 de
3040 5357 3249 5414 caelesti
3285 5357 3414 5412 tuba
3451 5357 3519 5412 ad

1939 5454 2180 5508 divinam
2216 5450 2552 5522 perducente
2581 5451 2983 5521 cognitionem,
3025 5467 3136 5507 non
3183 5459 3268 5505 est
3313 5449 3521 5520 impro~

1355 5636 1397 5669 δε
1430 5634 1570 5692 Psal.
1609 5652 1737 5695 xm.
1775 5635 1854 5688 l0.
1912 5634 1956 5667 ⁸⁷
1990 5633 2157 5688 Exod.
2192 5647 2281 5692 xx,
2319 5632 2373 5688 4.
