3876 6218
373 263 475 318 579

1607 265 1645 317 S
1707 264 2035 320 οιιιεςοιιιι
2067 264 2353 320 NYSSENI

3528 269 3636 325 380

374 378 572 443 b.unla,
595 377 794 432 caalum
815 381 959 431 enim
984 388 1034 432 et
1059 377 1242 432 omnia
1266 394 1388 448 qua:
1411 377 1465 431 in
1489 379 1630 433 caelo
1653 388 1803 441 sunt,
1831 381 1947 433 sive

2058 375 2165 439 λίας
2190 375 2426 443 σάλπιγξ
2445 375 2826 446 μεγαλόφωνος
2839 378 3045 446 γίνεται
3061 419 3077 445 ,
3097 379 3391 453 καθά·φησι
3415 399 3500 446 τις
3522 385 3636 436 τῶν

373 468 508 522 varii
535 475 738 532 motus,
761 469 877 523 sive
897 467 1127 525 diversae
1159 469 1590 541 magnitudines,
1618 471 1734 527 sive
1763 472 1920 539 splen

371 559 534 614 dores
564 558 704 613 alius
735 559 900 612 alium
938 558 1150 630 fulgore
1179 562 1644 632 perstringentes.
1679 562 1949 616 mirabilis

373 649 581 706 fabrica
639 654 961 722 sapientiam
979 651 1068 706 Dei
1083 667 1215 709 voce
1230 666 1423 722 magna
1443 651 1736 715 exclamat,
1769 653 1948 706 maxi-

373 757 628 812 mamque
659 741 834 812 ipsius
864 743 1206 809 majestatem
1259 758 1324 796 ac
1374 751 1699 812 potestatem
1745 759 1842 812 per
1884 757 1949 796 ea

372 850 492 902 qua:
547 834 822 896 videntur,
871 845 1114 888 enarrat.
1170 832 1327 890 Unde
1367 834 1571 889 dictum
1604 845 1726 890 est:
1760 854 1779 886 ι
1813 835 1950 889 ϐαξιί

370 935 632 982 enarraut
659 929 887 996 gloriam
921 925 1016 982 Dei
1047 928 1112 982 “.
1149 947 1165 978 ›
1195 927 1318 982 Haec
1353 929 1522 998 igitur
1549 935 1634 982 est
1667 928 1758 981 illa
1787 928 1913 982 tuba
1934 969 1949 994 ,

371 1036 493 1090 qua:
524 1036 756 1079 sonora,
796 1021 978 1083 clara,
1010 1037 1316 1090 magnaque
1348 1036 1480 1075 voce
1512 1020 1775 1074 continue
1804 1020 1947 1073 veri-

372 1117 500 1167 tatis
529 1113 836 1167 doctrinam
875 1114 1171 1183 praedicat,
1207 1123 1266 1168 ut
1315 1115 1579 1184 prapbeta
1619 1115 1782 1167 etiam
1826 1111 1953 1182 qui-

371 1209 495 1261 dam
530 1208 605 1262 ait
632 1226 645 1262 :
678 1225 696 1260 ι
731 1207 871 1262 Deus
903 1208 1032 1262 tuba
1066 1207 1304 1276 desuper
1337 1221 1532 1261 sonum
1563 1204 1767 1258 dedit.»
1790 1201 1948 1256 Hunc

371 1313 567 1352 sonum
607 1313 674 1352 ex
715 1299 1060 1367 inspectione
1106 1311 1289 1351 rerum
1335 1295 1582 1348 omnium
1619 1292 1860 1355 factum,
1893 1290 1939 1344 si

2050 467 2368 538 προφητῶν,
2399 467 2482 520 ὅτι
2525 485 2542 517 ι
2578 468 2902 522 Ἐσάλπισεν
2928 471 2957 521 ὁ
2987 470 3118 533 Θεὸς
3152 473 3376 524 ἄνωθεν.
3407 493 3423 520 ι
3488 475 3544 524 ὐ
3572 473 3637 525 δὲ

2050 559 2459 630 κεκαθαρμένος
2497 577 2557 612 τε
2597 562 2694 614 καὶ
2728 561 2854 627 ὀξὺς
2895 561 2994 632 τὴν
3030 565 3199 635 ἀκοὴν
3243 565 3344 635 τῆς
3381 566 3635 650 καρδίας,

2048 651 2146 720 τὴν
2173 652 2310 721 ἠχὴν
2357 650 2560 722 ταύτην
2599 650 2915 723 δεξάμενος,
2967 654 3108 722 λέγω
3162 655 3224 727 δὴ
3276 656 3375 728 τὴν
3419 659 3482 710 ὲκ
3533 658 3637 728 τῆς

2050 739 2283 810 θεωρίας
2319 740 2429 793 τῶν
2475 741 2646 795 ὄντων
2677 745 2968 814 γινομένην
3007 745 3142 815 πρὸς
3189 747 3285 817 τὴν
3331 749 3428 818 τῆς
3479 748 3634 811 Θείας

2054 830 2334 901 δυνάμεως
2371 831 2589 898 γνῶσιν,
2629 834 2900 904 ὁδηγεῖται
2947 835 3014 888 δι’
3045 835 3213 905 αὑτῆς
3252 838 3389 907 πρὸς
3421 838 3480 890 τὸ
3516 840 3636 890 ἐκεῖ

2055 922 2295 977 διαδῦναι
2321 928 2387 995 τῇ
2409 924 2637 997 διανοίᾳ,
2669 928 2804 980 ὅπου
2832 928 2979 980 ἐστὶν
3003 930 3031 980 ὁ
3056 929 3206 992 Θεός.
3238 930 3408 982 Τοῦτο
3421 931 3476 982 δὲ
3504 931 3636 998 γνό-

2059 1031 2156 1082 φος
2191 1017 2294 1068 ὑπὸ
2335 1017 2433 1086 τῆς
2464 1019 2688 1088 Γραφῆς
2721 1021 3065 1090 ὀνομάζεται,
3099 1021 3126 1073 ὃ
3153 1021 3215 1091 δὴ
3246 1024 3634 1093 ἑρμηνεύεται.

2059 1106 2241 1171 καθὼς
2272 1107 2510 1180 εἴρηται,
2540 1111 2599 1163 τὸ
2629 1112 2902 1179 άγνωστόν
2927 1130 2984 1165 τε
3019 1115 3111 1166 καὶ
3146 1113 3474 1186 ἀθεώρητον,
3504 1117 3562 1168 ὲν
3589 1111 3638 1185 ᾧ

2053 1200 2335 1269 γινόμενος
2359 1203 2457 1273 τὴν
2503 1203 2918 1274 ἀχειροποίητον
2950 1206 3165 1276 ἐκείνην
3194 1208 3397 1278 σκηνὴν
3423 1208 3635 1277 βλέπει,

2050 1291 2116 1359 ἢν
2139 1290 2225 1344 διὰ
2260 1293 2358 1364 τῆς
2397 1294 2588 1365 ὑλικῆς
2623 1297 2911 1367 μιμήσεως
2942 1302 3054 1361 τοῖς
3086 1299 3238 1352 κάτω
3263 1299 3523 1353 δείκνυσι.

369 1391 495 1460 quis
529 1390 713 1445 cordis
747 1389 990 1444 auditum
1022 1405 1087 1444 ac
1124 1391 1320 1442 ductus
1349 1388 1522 1456 ipsius
1554 1402 1663 1443 non
1692 1384 1874 1453 segnis
1911 1389 2055 1436 recte
2085 1385 2346 1454 suscipit.
2382 1389 2599 1442 tandem
2635 1406 2702 1444 eo
2735 1391 2934 1444 mentis
2966 1391 3320 1460 inquisitione
3352 1393 3636 1462 pervenit,

373 1483 464 1535 ubi
499 1480 639 1536 Deus
669 1490 772 1536 est.
805 1481 862 1535 ld
899 1497 1025 1535 vero
1053 1482 1231 1549 caligo
1261 1496 1290 1533 a
1325 1478 1608 1549 Scriptura
1647 1487 2011 1546 nuncupatur,
2043 1491 2152 1544 quo
2185 1479 2612 1550 incognoscibile
2649 1499 2714 1538 ac
2749 1484 3302 1553 incomprehensibile
3334 1488 3510 1558 ipsius
3531 1529 3546 1549 ,
3576 1496 3639 1542 ut

371 1577 647 1636 diximus,
693 1575 1054 1642 significatur.
1096 1575 1236 1630 Illuc
1284 1584 1470 1632 autem
1515 1590 1641 1630 cum
1679 1570 2028 1644 pervenerit,
2059 1571 2476 1630 tabernaculum
2511 1577 2659 1630 nulla
2694 1593 2860 1634 manu
2895 1578 3220 1634 fabricatum
3258 1583 3554 1652 perspicit,
3582 1591 3640 1635 et

371 1673 678 1726 imitatione
708 1669 1064 1726 inferioribus
1094 1671 1376 1726 materiale
1403 1669 1662 1725 ostendit.

442 1761 600 1829 Quod
656 1771 837 1816 autem
893 1763 1164 1832 qnaleqne
1219 1774 1306 1818 est
1352 1761 1768 1816 tabernaculum
1817 1756 1951 1812 illud

2125 1759 2191 1811 Τί
2229 1757 2323 1814 οὖν
2366 1764 2398 1834 ή
2432 1765 2844 1837 ἀχειροποίητος
2872 1768 3055 1838 ἐκείνη
3086 1770 3292 1840 σκηνής
3363 1775 3397 1844 ἡ
3457 1788 3640 1841 παρα-

373 1855 581 1924 absque
618 1870 782 1908 manu
819 1853 1191 1909 fabricatum?
1224 1855 1366 1925 quod
1401 1854 1557 1924 quasi
1590 1852 1866 1920 exemplar
1899 1851 1952 1903 in

374 1956 562 2001 monte
615 1945 789 2017 Moysi
846 1947 1198 2016 pr0ponitur,
1243 1952 1303 1999 ut
1355 1945 1422 2000 ad
1470 1943 1606 1998 illud
1654 1942 1955 2011 respiciens

381 2055 548 2094 manu
582 2047 857 2109 praeparet
878 2079 892 2103 ,
925 2039 1233 2109 eﬂiciatque
1262 2037 1579 2092 hominibus
1614 2045 1824 2089 tantum
1856 2034 1958 2086 mi-

373 2132 646 2185 raculum.
679 2149 697 2182 ι
727 2129 860 2185 Vide
891 2129 1376 2200 namqueninquit
1397 2169 1411 2192 ,
1437 2148 1454 2179 ι
1483 2138 1540 2182 ιιι
1572 2128 1754 2181 omnia
1785 2125 1956 2178 facias

373 2221 677 2276 secundum
713 2220 1134 2276 similitudinem
1158 2261 1174 2285 ,
1207 2236 1332 2291 qua:
1379 2220 1478 2274 tibi
1527 2227 1829 2272 monstrata
1871 2225 1958 2271 est

371 2315 427 2369 in
485 2325 667 2369 monte
695 2313 763 2368 δ’.
799 2334 816 2365 ›
847 2313 1130 2368 Columna:
1184 2327 1366 2367 aurea:
1412 2311 1637 2366 basibus
1687 2309 1957 2379 argenteis

373 2407 737 2471 inhaerentes,
775 2407 1054 2478 argenteis
1088 2408 1296 2477 pariter
1331 2405 1644 2474 capitibus:
1682 2402 1802 2456 alia:
1834 2417 1958 2453 rur-

372 2513 471 2553 sus
525 2500 830 2562 columna',
887 2514 1120 2569 quarum
1173 2498 1358 2568 capita
1400 2504 1453 2552 et
1508 2497 1664 2550 bases
1701 2511 1768 2549 ex
1811 2509 1955 2548 aere:

372 2589 522 2660 quod
557 2607 692 2646 vero
739 2595 888 2644 inter
932 2601 1176 2647 extrema
1221 2600 1370 2652 erat,
1420 2605 1485 2644 ex
1535 2599 1758 2658 argento
1801 2598 1956 2652 erat,

370 2683 572 2752 quibus
625 2683 884 2739 omnibus
937 2683 1098 2753 quasi
1150 2681 1462 2752 subjectum
1516 2697 1582 2734 ex
1642 2680 1790 2750 ligno
1843 2686 1961 2732 erat

371 2773 814 2844 incorruptibili,
863 2775 1225 2830 circumcirca
1277 2790 1408 2828 vero
1473 2788 1568 2843 per
1616 2771 1958 2840 superficiem

373 2863 638 2932 splendor
686 2863 929 2933 praeditaa
980 2863 1226 2918 maleriei
1281 2861 1852 2923 circumfundebatur,
1906 2869 1961 2914 et

374 2968 503 3008 arca
532 2954 784 3008 similiter
816 2954 1118 3024 purissimo
1146 2969 1282 3007 auro
1317 2953 1532 3024 fulgens
1557 2970 1572 3008 :
1603 2950 1749 3022 quod
1778 2961 1960 3004 autem

373 3062 569 3101 aurum
606 3047 712 3100 hoc
745 3048 1092 3109 sustinebat,
1132 3047 1308 3116 ipsum
1342 3062 1563 3116 quoque
1597 3047 1804 3116 lignum
1839 3052 1955 3099 erat

377 3141 825 3210 incorruptibile.
858 3140 1262 3194 Candelabrum
1296 3139 1554 3208 deinceps
1585 3139 1700 3192 basi
1733 3136 1952 3206 quidem

377 3233 635 3293 unicum,
668 3230 723 3284 in
753 3237 958 3299 septem
991 3239 1172 3282 autem
1202 3244 1386 3283 ramos
1419 3231 1472 3282 in
1503 3229 1789 3282 cacumine
1817 3227 1957 3280 divi~

376 3339 534 3385 sum,
559 3330 766 3391 septem
801 3323 1053 3374 lucernas
1086 3335 1181 3391 per
1208 3336 1394 3375 ramos
1423 3321 1748 3376 sustinebat.
1781 3319 1956 3388 Hujus

374 3415 690 3470 candelabri
734 3413 962 3466 materia
1008 3413 1365 3482 purissimum
1403 3420 1520 3467 erat
1557 3427 1788 3474 aurum,
1845 3426 1955 3466 non

376 3521 702 3569 concavum,
722 3520 822 3559 nec
841 3506 988 3574 ligno
1007 3513 1394 3568 sustentatum,
1411 3504 1506 3558 sed
1528 3503 1787 3558 solidum.
1806 3503 1951 3558 Prae-

378 3609 461 3652 tcr
512 3597 627 3651 ιιωο
674 3597 1119 3666 propitiatorium
1170 3605 1320 3659 erat,
1372 3603 1426 3650 et
1479 3597 1681 3659 altare,
1730 3605 1784 3649 et
1836 3611 1959 3665 quae

374 3689 642 3744 dicuntur
673 3688 940 3742 cherubin
962 3729 976 3752 ,
1019 3702 1252 3757 quorum
1286 3687 1388 3741 alis
1423 3703 1550 3740 arca
1593 3687 1960 3740 adumbraba-

379 3793 491 3834 tur.
524 3778 650 3834 Haec
677 3779 858 3833 omnia
893 3794 958 3831 ex
989 3793 1126 3830 auro
1155 3785 1315 3831 erant
1347 3793 1454 3830 non
1484 3777 1772 3846 superficie
1801 3787 1959 3833 tenus

377 3873 671 3944 pulchrum
704 3871 945 3926 colorem
979 3869 1309 3932 exhibenle,
1362 3869 1456 3923 sed
1499 3870 1571 3922 ita
1619 3877 1678 3922 ut
1722 3869 1959 3923 solidum

376 3971 561 4026 esset,
600 3972 654 4018 et
702 3961 772 4016 ad
828 3959 1056 4014 fundum
1129 3977 1303 4031 usque
1353 3961 1582 4014 materia
1630 3969 1957 4029 permearct.

377 4055 646 4111 Praeterea
671 4054 896 4110 cortinae
925 4056 1061 4107 mira
1087 4053 1354 4107 varietate
1380 4052 1652 4106 distinctae
1669 4091 1682 4115 ,
1708 4067 1772 4106 ac
1798 4053 1960 4106 inau-

378 4149 494 4204 dito
518 4155 790 4203 contexta:
816 4145 1071 4208 artiﬁcio,
1097 4143 1332 4199 diversis
1356 4143 1635 4199 coloribus
1660 4145 1768 4198 alio
1793 4144 1960 4198 alium

379 4241 812 4312 suscipientibus
833 4280 848 4303 ,
879 4239 943 4291 ad
980 4237 1442 4307 pulchritudinem
1472 4240 1811 4290 cortinarum
1839 4237 1962 4306 qui-

379 4333 483 4387 bus
527 4331 581 4384 in
626 4328 737 4382 duo
779 4326 1126 4381 dividebatur
1158 4325 1604 4390 tabernaculum,
1643 4327 1696 4379 in
1750 4335 1958 4396 partem

2053 1851 2376 1926 δεικνυμένη
2399 1857 2476 1926 τῷ
2496 1860 2720 1912 Μωῦσεῖ
2747 1861 2890 1914 κατά
2917 1861 2978 1913 τὸ
3006 1861 3151 1932 ὅρος,
3179 1862 3315 1932 πρὸς
3337 1863 3403 1932 ἢν
3427 1863 3641 1915 κελεύε-

2053 1959 2143 1996 ται
2173 1943 2410 2013 βλέπειν,
2436 1947 2512 2011 ὡς
2543 1951 2622 2012 είς
2662 1951 2992 2020 ἀρχέτυπον,
3024 1943 3113 2004 διὰ
3141 1952 3242 2020 τῆς
3273 1955 3642 2026 χειροτμήτου

2057 2039 2404 2108 κατασκευῆς
2441 2039 2608 2105 δεῖξαι
2663 2041 2726 2095 τὸ
2777 2043 3187 2114 ἀχειροποίητον
3231 2043 3643 2115 θαῦμα.ι”()ρα

2055 2127 2186 2198 γὰρ,
2217 2131 2370 2199 φησι,
2404 2133 2653 2202 ποιήσεις
2682 2135 2860 2188 πάντα
2915 2136 3054 2189 κατά
3088 2137 3180 2190 τὸν
3216 2137 3384 2189 τύπον
3405 2135 3500 2190 τὸν
3526 2137 3641 2189 δει-

2056 2217 2250 2287 χθέντα
2277 2236 2358 2272 σοι
2387 2221 2444 2274 ὲν
2473 2221 2549 2291 τῷ
2565 2221 2931 2293 δρει.›Στύλοι
2959 2224 3178 2294 χρύσεοι
3210 2224 3432 2294 βάσεσιν
3461 2225 3643 2296 ἀργυ-

2061 2310 2178 2380 ραῖς
2200 2311 2602 2382 ὲρηρεισμένοι,
2633 2313 2728 2365 καὶ
2752 2313 3014 2383 κεφαλαῖς
3039 2313 3300 2378 ὡσαύτως
3327 2315 3607 2384 ἀργυραῖς
3627 2331 3640 2344 υ

2058 2401 2457 2472 ὲπιπρέποντες
2494 2403 2656 2455 πάλιν
2698 2403 2875 2475 ἕτεροι
2911 2405 3112 2468 στύλοι,
3157 2399 3232 2458 ὧν
3271 2404 3506 2474 κεφαλαὶ
3543 2405 3642 2475 μὲν

2059 2494 2153 2546 καὶ
2189 2493 2373 2564 βάσεις
2399 2495 2461 2546 ὲκ
2492 2494 2694 2564 χαλκοῦ
2729 2498 2831 2566 τῆς
2857 2496 3018 2568 ὕλης·
3052 2497 3113 2550 τὸ
3135 2497 3191 2550 δὲ
3219 2497 3307 2550 διά
3332 2498 3498 2568 μέσου
3531 2498 3642 2553 τῶν

2059 2583 2263 2656 ἄκρων,
2299 2585 2558 2656 ἄργυρος.
2603 2587 2741 2638 [lict
2773 2587 2829 2640 δὲ
2859 2588 3069 2651 τούτοις
3099 2589 3327 2660 ἔρεισμα
3367 2589 3466 2658 μὲν
3492 2588 3639 2654 ξύλι-

2061 2696 2149 2732 νον
2199 2675 2295 2749 ἧν,
2355 2679 2624 2749 σηπεδόνα
2674 2681 2750 2751 μὴ
2796 2681 3249 2752 προσδεχόμενον.
3316 2683 3407 2735 Ἐν
3452 2681 3638 2750 κύκλῳ

2061 2770 2148 2830 δὲ.
2203 2771 2342 2824 κατά
2372 2771 2431 2824 τὸ
2453 2773 2795 2844 φαινόμενον,
2831 2776 2865 2844 ἡ
2890 2774 3033 2842 αὑγὴ
3065 2774 3174 2827 τῶν
3207 2773 3462 2827 τοιούτων
3497 2773 3640 2826 ὑλῶν

2061 2861 2435 2930 περιεκέχυτο,
2470 2861 2565 2914 καὶ
2612 2861 2841 2924 κιϐωτός
2873 2879 2956 2925 τις
2989 2862 3251 2926 ὡσαύτως
3283 2865 3341 2915 ὲν
3373 2863 3480 2932 άκη
3493 2864 3639 2933 ράτῳ

2063 2950 2349 3004 στίλϐουσα
2389 2951 2467 3022 τῷ
2501 2951 2720 3024 χρυσῷ”
2764 2952 2825 3006 τὺ
2861 2953 2918 3006 δὲ
2957 2954 3216 3024 διερεῖδον
3248 2953 3348 3024 τὴν
3381 2951 3476 3005 τοῦ
3512 2971 3643 3024 χρυ-

2064 3042 2176 3096 σίου
2205 3043 2526 3114 περιϐολὴν,
2583 3045 2679 3097 καὶ
2719 3044 2851 3098 αὑτὸ
2890 3044 3044 3112 ξύλον
3073 3041 3142 3116 ἦν
3171 3045 3334 3116 σῆψιν
3368 3046 3429 3098 οὑ
3472 3062 3640 3115 προσ-

2055 3133 2361 3206 δεχόμενον.
2417 3136 2620 3206 Λυχνία
2671 3153 2755 3200 τις
2798 3138 2891 3191 ἐπὶ
2935 3136 3166 3202 τούτοις,
3207 3137 3304 3207 μία
3352 3136 3450 3207 μὲν
3501 3135 3644 3189 κατά

2056 3227 2146 3279 τὸν
2197 3227 2447 3299 πυθμένα
2496 3229 2596 3299 τῆς
2650 3228 2884 3298 βάσεως,
2947 3229 3090 3282 ἑπτὰ
3143 3229 3200 3282 δὲ
3245 3227 3460 3291 κλάδοις
3502 3227 3643 3282 κατά

2057 3317 2116 3370 τὺ
2153 3318 2319 3389 ἀκρον
2363 3319 2696 3390 διῃρημένη,
2761 3320 3079 3391 ἰσαρίθμους
3118 3319 3350 3384 κύκλους
3387 3319 3482 3372 ἐπὶ
3532 3319 3643 3372 τῶν

2059 3408 2270 3462 κλάδων
2325 3409 2612 3479 ἀνέχουσα.
2678 3410 2895 3480 Χρυσὸς
2943 3410 3003 3463 δὲ
3065 3407 3132 3482 ἢν
3180 3411 3280 3482 τῆς
3333 3409 3560 3480 λυχνίας
3608 3410 3644 3480 ἡ

2060 3499 2196 3570 ὕλη,
2257 3501 2408 3554 οὑδὲν
2477 3501 2580 3570 τῆς
2647 3503 2990 3572 κατασκευῆς
3062 3502 3240 3556 κοῖλον
3291 3501 3468 3572 ἔχων,
3556 3502 3646 3554 οὑ-

2059 3589 2114 3642 δὲ
2155 3589 2294 3660 ξύλῳ
2330 3591 2740 3661 διερειδόμενον.
2795 3592 3189 3664 Θυσιαστήριον
3239 3592 3296 3646 δὲ
3343 3591 3478 3662 πρὸς
3517 3591 3648 3644 τού-

2059 3696 2170 3742 τοις
2220 3681 2312 3733 καὶ
2359 3680 2668 3752 ἱλαστήριον
2695 3697 2708 3710 ·
2759 3681 2854 3734 καὶ
2897 3683 2964 3734 τὰ
3027 3681 3296 3752 λεγόμενα
3347 3681 3647 3751 χερουϐὶμ,

2059 3762 2134 3824 ὧν
2190 3775 2310 3835 ταῖς
2367 3772 2624 3846 πτέρυξιν
2683 3776 2716 3845 ή
2788 3774 3018 3838 κιϐωτὸς
3095 3773 3396 3838 ἐσκιάξετο.
3455 3774 3651 3828 Πάντα

2060 3864 2232 3918 ταῦτα
2269 3866 2470 3935 χρυσὸς
2506 3861 2594 3936 ἦν,
2629 3867 2728 3919 οὑκ
2771 3867 3085 3919 ἐπιπόλαιον
3134 3870 3387 3937 παρέχων
3419 3867 3485 3936 τῇ
3520 3868 3650 3922 ἐπι-

2063 3957 2258 4027 φανείᾳ
2306 3957 2403 4028 τὴν
2456 3957 2731 4028 εὔχροιαν,
2785 3959 2921 4012 ἀλλά
2967 3959 3034 4012 δι’
3065 3958 3186 4012 ὅλου
3239 3960 3268 4011 ὁ
3325 3958 3490 4020 αὑτὸς
3551 3953 3649 4029 ἦν,

2065 4047 2227 4119 μέχρι
2260 4048 2354 4101 τοῦ
2388 4047 2587 4118 βάθους
2633 4049 2926 4122 διηκούσης
2967 4053 3065 4122 τῆς
3124 4051 3274 4121 ὕλης.
3318 4051 3547 4104 Ποικίλα
3589 4067 3652 4102 τε

2063 4139 2202 4208 πρὸς
2264 4139 2475 4204 τούτοις
2549 4140 2608 4207 ἐξ
2669 4142 2970 4212 ὑφαντικῆς
3047 4141 3383 4211 φιλοτεχνίας
3472 4158 3652 4194 κατα-

2064 4232 2407 4301 πετάσματα,
2452 4231 2722 4304 διαφόρων
2772 4232 2949 4286 ἀνθῶν
2989 4233 3314 4305 ἐπαλλήλοις
3364 4235 3504 4306 πρὸς
3547 4236 3654 4306 τὴν

2063 4321 2156 4374 τοῦ
2183 4321 2504 4390 ὑφάσματος
2532 4322 2684 4394 ὦραν
2717 4325 3178 4395 συμπλεκομένων
3197 4341 3210 4354 ·
3242 4319 3322 4387 οἷς
3347 4324 3656 4392 διεκρίνετο

378 4424 590 4479 scilicet
633 4420 904 4476 visibilem
932 4457 947 4481 ,
989 4419 1046 4472 in
1078 4432 1240 4487 quam
1274 4417 1481 4470 aditum
1513 4419 1828 4472 sacerdotes
1866 4417 1955 4470 ba-

2063 4414 2162 4484 τῆς
2202 4416 2406 4484 σκηνῆς
2452 4413 2574 4466 ὅσον
2621 4414 2816 4484 ὁρατόν
2861 4432 2920 4467 τε
2969 4416 3064 4468 καὶ
3115 4414 3344 4485 βάσιμόν
3385 4432 3496 4468 τισι
3538 4415 3655 4470 τῶν

384 4518 618 4576 hebant,
651 4519 704 4567 et
734 4511 788 4566 in
820 4519 1027 4580 partem
1056 4510 1407 4564 secretiorem
1460 4517 1624 4572 atque
1671 4509 1910 4564 abditam
1942 4527 1956 4563 :

381 4620 580 4658 nomen
611 4611 795 4656 autem
838 4599 1003 4669 priori
1054 4599 1198 4667 parti
1227 4596 1489 4653 Sanctum
1527 4607 1688 4664 erat;
1730 4601 1960 4655 occulta:

378 4710 509 4750 vero
540 4693 681 4764 parti
712 4699 876 4760 atque
925 4688 1221 4743 recondita:
1249 4727 1262 4749 ,
1307 4687 1570 4742 Sanctum
1617 4699 1957 4745 sanctorum.

377 4787 608 4842 Luteres
642 4791 938 4853 praeterea,
970 4789 1021 4833 et
1063 4780 1310 4840 foculos.
1368 4790 1422 4834 et
1462 4788 1750 4835 externum
1795 4783 1963 4836 corti-

377 4892 574 4934 narum
607 4874 902 4934 amictum,
934 4883 987 4926 et
1014 4871 1132 4926 vela
1165 4887 1230 4925 ex
1270 4871 1426 4940 pilis,
1461 4872 1718 4942 coriaque
1751 4889 1958 4944 purpu-

378 4987 473 5026 reo
503 4969 693 5024 colore
729 4966 1047 5020 rubricata:
1078 4974 1132 5018 ct
1163 4979 1505 5033 quaecunque
1533 4967 1638 5018 alia
1670 4974 1921 5020 recenset
1945 5004 1961 5029 ,

376 5063 505 5133 quis
536 5059 816 5131 exquisita
851 5057 1064 5111 ratione
1101 5057 1304 5126 poterit
1345 5057 1713 5126 spiritualitcr
1759 5058 1964 5112 intelli-

377 5168 546 5223 gere,
596 5167 715 5222 quae
769 5150 827 5204 in
884 5148 978 5203 illo
1027 5147 1387 5202 tabernaculo
1441 5145 1646 5202 fuerint
1699 5148 1964 5206 divinitus

377 5241 692 5297 fabricata?
740 5239 877 5306 Quis
925 5239 1076 5304 haec,
1124 5252 1359 5308 quorum
1413 5244 1542 5314 sunt
1592 5237 1862 5306 imagines
1900 5253 1964 5294 ac

382 5334 743 5398 imitationes,
799 5332 1079 5402 exponet?
1130 5331 1387 5401 quisnam
1449 5345 1614 5401 quam
1668 5333 1960 5386 utilitatem

384 5422 632 5476 videntes
667 5422 796 5476 hinc
829 5431 1258 5492 consequantur,
1309 5418 1512 5491 quidve
1558 5420 1844 5475 lucrentur
1895 5437 1962 5476 ex

386 5513 654 5567 materiali
711 5509 1148 5570 immaterialium
1198 5513 1405 5584 figura,
1463 5515 1805 5584 explicabit?
1853 5513 1961 5572 Re-

492 5691 538 5726 "
569 5691 708 5748 Psal.
743 5711 895 5763 xvtu,
937 5699 990 5753 2.
1067 5699 1111 5732 ⁸⁹
1135 5699 1304 5755 Exod.
1347 5714 1470 5761 xxv,
1513 5697 1600 5754 40.

2065 4503 2490 4574 ἱερουργούντων
2525 4501 2615 4575 ἦν,
2660 4505 2754 4558 καὶ
2784 4506 2906 4558 ὅσον
2948 4507 3138 4560 ἄδυτόν
3169 4523 3228 4558 τε
3267 4508 3361 4560 καὶ
3382 4508 3657 4560 ἀνεπίϐα-

2061 4612 2181 4648 τον·
2219 4596 2387 4666 ὄνομα
2425 4595 2503 4660 δὲ,
2535 4595 2596 4648 τὺ
2632 4597 2730 4667 μὲν
2781 4597 3240 4668 προτεταγμένον,
3271 4597 3426 4666 ἆγιον
3455 4594 3546 4666 ἦν,
3589 4598 3658 4651 τὸ

2061 4687 2119 4740 δὲ
2179 4687 2705 4758 ἀποκεκρυμμένον,
2763 4689 2918 4755 ἆγιον
2981 4688 3173 4755 ἁγίων.
3227 4689 3504 4760 Λουτῆρες
3556 4691 3658 4743 ἐπὶ

2062 4777 2292 4844 τούτοις,
2320 4779 2414 4831 καὶ
2441 4781 2660 4849 πυρεῖα,
2685 4779 2781 4832 καὶ
2807 4781 2840 4849 ἡ
2868 4778 3065 4845 ἔξωθεν
3088 4778 3194 4831 τῶν
3224 4780 3464 4832 αὑλαίων
3492 4798 3660 4852 περι-

2062 4871 2214 4942 ϐολὴ,
2246 4872 2338 4924 καὶ
2369 4871 2580 4942 δέρρεις
2625 4875 2688 4924 ὲκ
2728 4871 2951 4942 τριχῶν,
2991 4873 3084 4924 καὶ
3128 4872 3372 4942 δέρματα
3405 4890 3661 4940 πεφοινι-

2062 4962 2241 5032 γμένα
2273 4961 2352 5031 τῷ
2381 4961 2684 5034 ἐρυθήματι
2705 4980 2718 4994 ·
2755 4963 2850 5016 καὶ
2878 4965 2980 5016 ὅσα
3007 4963 3142 5016 ἀλλα
3177 4964 3530 5028 διασκευάζει
3573 4966 3661 5036 τῷ

2062 5053 2223 5126 λόγῳ,
2255 5053 2337 5117 τίς
2365 5054 2430 5106 ἂν
2461 5053 2529 5107 δι’
2553 5054 2838 5126 ἀκριϐείας
2864 5055 3020 5124 λόγος
3059 5058 3445 5126 κατανοήσειε;
3479 5058 3662 5110 ποίων

2061 5145 2487 5216 ἀχειροποιήτων
2528 5147 2644 5198 ἐστὶ
2685 5146 2856 5200 ταῦτα
2897 5149 3224 5218 μιμήματα;
3266 5149 3360 5199 καὶ
3401 5146 3455 5199 τί
3493 5149 3663 5220 φέρει

2061 5240 2175 5301 τοῖς
2200 5237 2368 5309 ὁρῶσι
2396 5239 2606 5308 κέρδος,
2634 5239 2744 5292 τῶν
2779 5241 2898 5293 ὲκεῖ
2927 5240 3198 5309 ὀφθέντων
3226 5241 3330 5292 ὑπὸ
3359 5238 3454 5292 τοῦ
3485 5241 3664 5293 Mutti-

2067 5331 2224 5396 σέως,
2259 5333 2292 5402 ἡ
2323 5333 2413 5384 ἐπὶ
2447 5333 2544 5402 τῆς
2576 5330 2709 5404 ὕλης
2739 5333 3000 5404 μίμησις;
3045 5333 3206 5386 Ἀλλά
3235 5351 3324 5403 μοι
3373 5333 3522 5388 δοκεῖ
3556 5351 3664 5385 κα·-

2064 5420 2171 5485 λῶς
2201 5421 2363 5492 ἔχειν,
2399 5422 2489 5475 τὸν
2518 5423 2615 5492 μὲν
2654 5425 2854 5494 ἀκριϐῆ
2889 5426 3015 5494 περὶ
3060 5425 3264 5477 τούτων
3288 5425 3446 5492 λόγον
3477 5442 3657 5477 κατα-

2069 5515 2243 5568 λιπεῖν
2277 5515 2521 5579 ἐκείνοις,
2573 5515 2624 5567 οἳ
2661 5515 2747 5568 διὰ
2787 5515 2880 5568 τοῦ
2922 5517 3234 5587 ιΙνεὺματος
3275 5515 3344 5570 τά
3381 5515 3523 5586 βάθη
3562 5515 3662 5570 τοῦ
