3876 6218
245 258 351 315 331
1486 255 1574 310 DE
1612 250 1775 307 VITA
1810 247 2089 307 MOYSIS.
3401 231 3507 290 539.

246 373 386 428 θεοῦ
433 374 660 446 ἐρευνᾷν
710 371 938 443 δύναμιν
983 369 1228 442 ἔχουσινο
1271 373 1320 424 εἰ
1363 369 1426 442 δή
1470 386 1554 432 τις
1591 365 1828 429 τοιοῦτός

1947 364 2072 417 :tius
2100 369 2250 416 certe
2276 367 2391 426 est,
2436 353 2924 429 exquisitissimam
2966 357 3131 421 atque
3176 345 3506 400 altissimam

247 468 422 526 ἐστιν,
554 435 1043 537 Πνεύματιυλαλεῖν
1080 464 1374 534 μυστήρια,
1402 435 1585 524 καθώς
1618 478 1782 531 φησιν
1809 461 1833 514 ὁ

1947 455 2128 508 borum
2158 452 2428 506 rationem
2460 451 2530 505 ab
2558 450 2667 504 illis
2697 454 2884 518 petere
2904 486 2922 510 ,
2967 443 3060 514 qui
3083 442 3252 513 gratia
3270 435 3507 504 Spiritus

262 524 606 618 ’Δπόστολοφ
636 524 779 608 ’Ὀιδὲ
811 555 938 624 παρ’
967 524 1122 623 ἡμιῦν
1156 524 1525 622 πόχαστικῶς
1554 524 1833 604 ὑπονοούν-

1947 544 2206 616 profunda
2236 543 2326 598 Dei
2357 551 2561 612 queant
2587 541 2903 610 perquirere
2930 553 2944 589 :
2979 533 3028 588 si
3059 531 3184 601 quis
3208 541 3356 582 nunc
3383 524 3508 577 talis

249 660 363 698 των
399 647 528 715 περὶ
557 645 654 698 τοῦ
688 643 1047 715 προκειμένου
1076 645 1346 714 νοήματος
1391 643 1606 712 λέγεται
1626 683 1640 706 ,
1680 641 1833 694 τοῦτο

1947 645 2052 698 est,
2088 644 2148 690 ut
2176 629 2380 702 Spiritu
2399 634 2673 704 mysteria
2708 631 2987 699 loquatur,
3022 623 3164 677 sicut
3214 619 3289 672 ait
3331 617 3507 686 Apos-

249 736 348 788 ἐπὶ
392 707 686 809 τῇ’κρίσει
734 707 843 789 τῶν
888 707 1321 805 έντυγχανόντων
1362 707 1661 802 ποιῆσομεν
1698 731 1833 802 ὡςῆ

1947 729 2078 783 Lolus
2114 727 2181 780 ⁵ο.
2213 724 2367 791 Quod
2401 730 2579 777 autem
2626 737 2655 774 a
2694 721 2853 775 nobis
2885 712 3226 784 conjectione
3271 707 3508 778 quadam

249 796 580 897 ἁπόὸλῆτον,
608 827 641 897 ἢ
670 828 961 881 ἀπόδεκτον
992 796 1334 897 νομισθῆναι,
1365 796 1515 888 ὅπως
1549 796 1614 879 άν
1645 825 1679 894 ἡ
1718 796 1833 877 διάλ

1947 819 2053 871 haec
2102 814 2170 870 ad
2223 812 2563 884 propositum
2613 804 3158 864 accommodantibus
3199 801 3419 865 dicitur,
3455 796 3511 852 id

248 935 373 972 νοια
401 891 496 973 τοῦ
533 891 737 991 κρίνειν
771 891 1179 990 ὲπεσκεμμένου
1208 891 1516 988 λογίσηται.
1668 891 1678 894 -

1947 908 2142 978 iudicio
2181 905 2476 977 legentium
2513 910 2688 956 totum
2734 897 3096 967 relinquimus
3122 935 3138 959 ,
3187 909 3287 949 nec
3336 891 3510 946 recla-

1937 1001 2210 1055 mabimus
2253 998 2300 1053 si
2344 995 2663 1066 rejecerint,
2713 1006 2814 1046 nec
2864 989 3172 1044 laetabimur
3223 985 3270 1040 si
3320 999 3512 1039 susce-

1935 1092 2134 1160 perint.

323 1191 505 1260 Φαμὲν
526 1191 726 1254 τοίνυν,
749 1191 807 1244 ὲν
838 1189 992 1261 μέρει
1014 1189 1076 1242 τὸ
1101 1192 1159 1244 ὲν
1183 1187 1391 1252 τούτοις
1423 1188 1716 1259 μυστήριον
1735 1184 1829 1238 τοῦ

2007 1181 2248 1234 Dicimus
2279 1193 2408 1248 ergo
2441 1174 2688 1230 nonnihil
2721 1189 2785 1227 ex
2817 1171 3010 1231 Paulo.
3054 1167 3146 1238 qui
3183 1165 3508 1238 mysterium

250 1282 468 1336 Παύλου
490 1299 567 1334 πα
573 1299 711 1353 ραγυ
721 1253 1050 1352 μνώσαντος,
1069 1281 1324 1353 βραχεῖαν
1336 1253 1516 1334 ἐκτῶν
1529 1297 1553 1331 ε
1561 1253 1646 1350 ίρη
1656 1279 1830 1349 μένων

1947 1269 2176 1324 breviter
2210 1268 2428 1337 tetigit,
2465 1265 2659 1334 adjuti,
2700 1262 2843 1332 quod
2891 1261 2946 1314 in
2988 1258 3160 1328 ﬁgura
3205 1253 3510 1326 praedoctus

249 1373 506 1443 ἀφορμὴν
530 1344 803 1436 λαόόντες,
825 1373 906 1426 ὅτι
928 1375 985 1424 ὲν
1003 1344 1158 1442 τύπῳ
1173 1344 1831 1443 προεπαιδεύΘη-Μωῦσῆς

1947 1360 2042 1414 luit
2072 1361 2287 1432 Moyses
2319 1357 2764 1418 tabernaculum,
2802 1367 2912 1421 quo
2947 1351 3196 1404 universa
3223 1344 3511 1400 continen-

249 1464 312 1514 τὸ
346 1463 472 1532 περὶ
495 1462 594 1532 τῆς
631 1460 834 1531 σκηνῆς
873 1461 971 1530 τῆς
996 1461 1057 1513 τὸ
1083 1462 1191 1514 πᾶν
1233 1459 1591 1532 περιεχούσης
1625 1460 1828 1528 μυστή-

1947 1463 2050 1512 tur,
2088 1452 2142 1505 id
2179 1466 2308 1504 vero
2339 1449 2593 1504 Christus
2624 1446 2717 1499 Dei
2763 1444 2938 1496 virtus
2966 1448 3020 1495 et
3056 1438 3150 1494 Dei
3198 1436 3504 1508 sapientia:

252 1571 386 1621 ριον.
421 1552 568 1622 Αὕτη
598 1553 643 1605 δ’
669 1553 733 1605 ἂν
771 1551 856 1622 εἴη
911 1553 1164 1624 Χριστὸς,
1218 1556 1250 1624 ἡ
1292 1525 1559 1606 τοῦΠΘεοῦ
1597 1525 1826 1621 δύναμις

1947 1557 2058 1612 qua:
2096 1541 2314 1611 quidem
2347 1538 2612 1608 sapientia
2646 1535 2741 1589 Dei
2776 1549 2882 1588 non
2914 1547 3077 1586 manu
3107 1529 3273 1592 facta,
3309 1525 3402 1582 sed
3435 1525 3510 1579 in-

249 1643 349 1741 καὶ
382 1645 414 1713 ή
458 1642 553 1695 τοῦ
582 1643 717 1696 Θεοῦ
761 1643 941 1713 σοφία,
982 1645 1016 1714 ἦ
1065 1643 1472 1715 άχειροποίητος
1518 1639 1653 1696 οὖσα
1690 1642 1830 1696 κατὰ

1947 1641 2119 1687 creata
2171 1647 2294 1685 Clllll
2336 1631 2405 1684 sit
2436 1629 2735 1683 secundum
2783 1632 3034 1679 naturam
3072 1636 3258 1685 suam,
3289 1625 3510 1674 creatu-

2043 1740 2048 1741 ,
2169 1739 2244 1741 ,__
2269 1723 2326 1741 At.
2406 1719 2614 1741 -_____.I-
2652 1715 2949 1741 -....-....1...“
3009 1729 3106 1741 nAn
3143 1726 3307 1741 ηαηηη
3348 1723 3510 1741 ..πηκ-

250 1735 352 1804 τὴν
374 1735 508 1787 ἰδίαν
538 1733 718 1803 φύσιν,
741 1734 954 1804 δέχεται
980 1735 1040 1786 τὺ
1066 1733 1595 1804 κατασκευασθῆναι,
1622 1734 1749 1786 ὅταν
1775 1735 1832 1786 ἐν

1947 1740 2057 1779 ram
2091 1723 2356 1791 suscepit,
2399 1719 2619 1788 quando
2650 1715 2951 1774 secundum
3007 1729 3109 1769 nos
3142 1726 3307 1766 carne
3347 1723 3512 1780 opor—

248 1799 387 1895 ἡμῖν
423 1825 518 1895 δέῃ
545 1799 642 1895 ἢν
681 1799 884 1896 σκηνῆν
914 1825 1116 1896 ταύτην
1143 1826 1416 1895 παγῆναι·
1443 1799 1582 1877 ὥστε
1611 1825 1707 1896 τὴν
1738 1825 1833 1878 αὑ-

1947 1814 2042 1868 luit
2088 1811 2500 1866 tabernaculum
2544 1809 2647 1862 hoc
2704 1805 2984 1860 fabricari.
3037 1805 3169 1857 Item
3215 1799 3358 1854 idem
3404 1799 3513 1853 alio

250 1917 368 1988 τὴν,
387 1917 588 1987 τρόπον
609 1917 751 1984 τινὰ,
769 1918 864 1970 καὶ
885 1918 1259 1972 ἀκατάσκευον
1282 1919 1376 1970 καὶ
1403 1917 1833 1986 κατεσκευασμέ-

1947 1902 2104 1956 modo
2139 1900 2340 1954 factum
2373 1907 2426 1952 et
2457 1912 2563 1949 non
2599 1895 2802 1948 factum
2836 1901 2958 1947 est:
3000 1899 3217 1951 natura,
3249 1887 3305 1940 in
3336 1899 3514 1954 quan-

247 2027 350 2080 νην
370 2005 508 2064 εἶναι
527 2027 541 2041 ·
574 2010 652 2080 τῷ
686 1979 783 2082 μέν
812 2012 1207 2084 προϋπάρχειν,
1232 2014 1502 2077 ἄκτιστον,
1532 2012 1608 2082 τῷ
1638 2013 1694 2066 δὲ
1720 1979 1833 2064 ὑλι-

1947 2001 2054 2045 tum
2091 1999 2214 2044 ante
2248 1989 2448 2043 saecula
2485 1986 2608 2050 fuit,
2652 1986 2956 2038 increatum
2989 1989 3074 2036 est
3105 1997 3119 2032 :
3157 1979 3211 2032 in
3243 1983 3510 2046 quantum

247 2102 355 2173 κὴν
393 2102 598 2154 ταύτην
641 2102 894 2168 δέξασθαι
945 2103 1222 2170 σύστασιν,
1257 2104 1478 2176 κτιστὴν
1511 2105 1826 2174 γενομένην.

1947 2083 2274 2152 corporalem
2330 2080 2472 2133 hanc
2524 2074 2930 2131 concretionem
2984 2069 3249 2140 suscepit,
3269 2074 3511 2120 creatum

1935 2176 2250 2242 factumque
2282 2177 2388 2226 est.

2006 2265 2117 2319 Nec
2164 2263 2465 2317 obscurum
2501 2265 2585 2315 est
2636 2256 2782 2328 quod
2823 2255 3084 2320 dicimus,
3139 2251 3208 2306 iis
3250 2247 3345 2320 qui
3396 2244 3504 2300 ﬁde

323 2283 474 2354 Τάχα
499 2283 598 2336 οὐκ
623 2284 830 2354 ἀσαφὲς
870 2284 931 2337 τὸ
977 2283 1267 2354 λεγόμενον
1299 2287 1409 2348 τοῖς
1447 2284 1829 2354 παραδοξαμέ-

1936 2365 2142 2412 nostrae
2175 2353 2494 2424 mysterium
2521 2349 3002 2419 complectuntur:
3040 2356 3206 2397 unum
3237 2338 3382 2394 enim
3429 2341 3516 2390 est

245 2392 362 2437 νοις
388 2375 633 2446 ἀκριϐῶς
673 2375 732 2428 τὸ
763 2377 861 2447 τῆς
902 2375 1133 2439 πίστεως
1179 2375 1337 2445 ἡμῶν
1387 2378 1699 2446 μυστήριον.
1735 2377 1830 2427 Ἐν

243 2467 358 2536 γάρ
405 2425 552 2520 ἐστιν
596 2425 662 2521 ἐκ
707 2425 946 2532 πάνῖων,
988 2425 1163 2520 δ”ξιᾶι
1739 2425 1833 2518 καί

1947 2463 2002 2502 ex
2045 2445 2300 2499 omnibus
2358 2439 2791 2501 tabernaculum,
2839 2434 2985 2505 quod
3030 2440 3084 2486 et
3144 2439 3271 2484 ante
3315 2425 3515 2483 saecula

242 2521 339 2610 gn;
365 2557 609 2628 ἐσχάτων
640 2557 746 2612 τῶν
773 2521 984 2612 αἰώνων
1015 2521 1304 2627 ἐγένετοίό
1330 2557 1424 2610 τοῦ
1463 2557 1559 2626 μὲν
1583 2521 1833 2626 γενέσθαι

1947 2538 2060 2595 fuit.
2093 2546 2145 2592 et
2171 2534 2487 2590 novissimis
2507 2531 2848 2602 temporibus
2870 2528 3073 2581 factum
3095 2531 3198 2579 est.
3222 2521 3280 2575 ld
3303 2527 3517 2588 tempo-

243 2609 517 2718 χρονικῖῦς
547 2649 648 2701 οὐκ
680 2609 888 2701 ἐδέετο)
1356 2609 1476 2714 πρὸ⁵
1495 2609 1702 2718 χρόνων
1720 2609 1833 2700 καί

1947 2631 2124 2684 raliter
2153 2630 2226 2681 ita
2255 2627 2369 2681 ﬁeri
2398 2640 2507 2678 non
2538 2622 2817 2692 indigebat
2844 2638 2858 2674 :
2887 2615 3164 2689 quomodo
3192 2614 3336 2667 enim
3366 2609 3515 2681 quod

1938 2730 2064 2776 ante
2098 2719 2280 2772 omnia
2311 2725 2427 2772 erat
2459 2723 2725 2784 tempora,
2749 2711 2985 2765 factione
3014 2705 3276 2776 indigebit
3307 2712 3516 2771 tempo-

1933 2812 2074 2866 rali?
2096 2809 2295 2864 Verum
2328 2815 2550 2876 propter
2581 2820 2682 2858 nos
2712 2801 2803 2871 qui
2837 2816 2932 2870 per
2964 2793 3385 2867 imprudentiam
3414 2807 3516 2846 no-

1934 2913 2102 2960 stram
2127 2911 2374 2956 naturam
2392 2909 2840 2966 corruperamus,
2859 2890 3055 2946 similis
3076 2888 3235 2942 nobis
3256 2887 3516 2955 dignatus

241 2739 462 2794 αίώνων
506 2739 722 2811 δεηθείη
796 2740 1055 2811 χρονικῆς
1112 2739 1405 2808 γενέσεως;
1456 2739 1523 2792 δι’
1581 2741 1726 2809 ἡμᾶς
1776 2739 1835 2791 δὲ

239 2833 374 2895 τοὺς
401 2831 461 2895 ἐξ
485 2831 740 2895 ἀϐουλίας
766 2831 828 2884 τὸ
852 2827 990 2884 εἶναι
1020 2831 1521 2902 παραφθείραντας,
1549 2831 1836 2895 ἀνεδέξατο

240 2923 313 2974 τὸ
345 2921 466 2974 καθ’
495 2924 644 2993 ἡμᾶς
673 2921 946 2990 γενέσθαι,
999 2922 1086 2975 ἵνα
1128 2922 1190 2974 τὸ
1228 2922 1332 2988 ἔξω
1363 2922 1458 2975 τοῦ
1505 2923 1654 2985 ὄντος
1687 2922 1838 2991 γενό-

244 3028 436 3082 μενον,
609 2975 772 3064 £5354
819 2975 980 3064 πάλίν
1025 2975 1368 3083 ὲπαναγάῠγῃ.
1401 3011 1571 3064 Τοῦτο
1605 2975 1661 3065 δέ
1689 2975 1833 3065 έστιν

1947 3003 2018 3049 est
2053 2994 2187 3057 ﬁeri,
2223 2999 2283 3044 ut
2314 2991 2367 3043 id
2399 2988 2544 3059 quod
2577 2994 2730 3041 extra
2759 2994 3008 3036 naturam
3044 2987 3181 3043 erat,
3225 2991 3418 3030 rursus
3447 2975 3512 3030 ad

239 3066 277 3155 ὲ
316 3101 607 3172 μονογενὴς
635 3102 787 3165 Θεὸς,
826 3104 854 3155 ὁ
899 3105 956 3155 ὲν
998 3101 1146 3172 αύτῷ
1189 3066 1585 3173 μὲνιπεριέχων
1613 3103 1673 3154 τὸ
1707 3106 1833 3168 πᾶν,

1947 3093 2188 3137 naturam
2219 3095 2319 3135 nos
2354 3080 2657 3134 reduceret.
2700 3073 2758 3128 ld
2785 3087 2914 3127 vero
2943 3079 3026 3126 est
3057 3068 3372 3138 unigenitus
3401 3066 3518 3136 ipse

241 3157 576 3263 πηξάμενος.
609 3192 664 3246 δὲ
706 3157 799 3246 κᾷὶ
847 3193 906 3245 ὲν
947 3195 1077 3264 ἡμῖν
1253 3157 1643 3266 ίδίαίσκιηνήν.
1684 3194 1748 3246 Et
1780 3157 1833 3247 δέ

1947 3177 2102 3238 Deus,
2131 3175 2221 3243 qui
2246 3172 2498 3225 universa
2519 3166 2737 3239 quidem
2774 3165 3016 3220 continet
3041 3163 3094 3214 in
3117 3160 3318 3228 seipso,
3345 3157 3441 3212 sed
3462 3164 3518 3211 et

2110 3265 2153 3266 η
2286 3261 2300 3266 -
2533 3258 2543 3266 .
2869 3252 3092 3266 ,...ν.
3344 3246 3512 3266 νη--

318 3246 363 3263 .-
405 3246 419 3262 ι
544 3246 561 3256 υ
969 3246 999 3264 ..
1175 3246 1185 3264 .
1282 3246 1288 3247 7
1329 3246 1335 3247 7
1511 3246 1522 3265 .
1579 3246 1590 3266 .
1821 3246 1829 3247 7

247 3283 429 3352 σκηνὴ
489 3281 739 3334 τοσοῦτον
802 3282 1006 3351 ἀγαθὸν
1062 3283 1423 3354 ὀνομάζεται,
1479 3284 1833 3355 ταρασσέσθω

1947 3268 1991 3319 in
2033 3265 2192 3318 nobis
2227 3258 2642 3314 tabernaculum
2679 3269 2839 3310 suum
2866 3252 3169 3306 fabricatus
3198 3257 3304 3303 est.
3344 3246 3517 3301 Nemo

247 3371 420 3440 μηδὲν
447 3373 474 3423 ὁ
506 3338 869 3443 φιλόχριστος,
897 3373 971 3435 ὠς
1003 3338 1637 3444 κατασμικρυνούσηςιτὸ
1668 3391 1833 3444 μεγα-

1947 3367 2118 3410 autem
2164 3369 2230 3407 ex
2279 3349 2611 3406 zelatoribus
2648 3344 2854 3400 Christi
2890 3341 3271 3404 conturbetur,
3307 3338 3355 3393 si
3393 3346 3518 3391 tan-

244 3462 391 3515 λεῖον
422 3464 521 3533 τῆς
553 3463 765 3532 φύσεως
788 3464 878 3516 τοῦ
905 3464 1062 3527 Θεοῦ,
1096 3465 1196 3531 τῆς
1222 3467 1547 3536 ἐγκειμένης
1587 3470 1652 3538 τῇ
1695 3466 1833 3531 λέξει

1947 3456 2048 3500 tam
2091 3460 2230 3511 rem,
2281 3439 2696 3496 tabernaculum
2733 3435 3109 3505 appellamus,
3163 3432 3320 3502 quasi
3353 3430 3517 3498 quid—

245 3521 576 3622 ἐμφάσεως..
597 3552 731 3604 Οὐδὲ
761 3553 868 3621 γὰρ
894 3553 1020 3606 ἄλλο
1041 3521 1094 3607 τι
1114 3521 1222 3608 τίῖιν
1252 3521 1543 3626 όνομάτων.
1561 3521 1708 3623 ἇξϊον
1737 3521 1833 3628 τῆς

1947 3553 2102 3608 quam
2149 3533 2467 3589 detrahatur
2496 3530 2696 3584 divinae
2740 3538 2952 3582 natura:
3004 3537 3224 3595 propter
3263 3521 3516 3578 vocabuli

247 3641 467 3709 φύσεως
491 3641 584 3693 τοῦ
620 3644 1017 3713 σημαινομένου
1053 3645 1199 3697 ἐστίν
1219 3663 1232 3674 θ
1262 3645 1396 3699 ἀλλὰ
1429 3647 1604 3699 πάντα
1636 3648 1833 3717 ὁμοίως

1947 3631 2253 3685 vilitatem:
2289 3641 2389 3681 nec
2419 3625 2563 3679 enim
2615 3636 2856 3692 unquam
2906 3621 3133 3690 dignum
3181 3618 3272 3670 illa
3316 3625 3515 3670 natura

246 3734 620 3787 ἀποπέπτωκε
668 3734 768 3804 τῆς
801 3733 1060 3806 ἀκριϐοῦς
1112 3736 1404 3806 σημασίας,
1447 3738 1518 3791 τά
1561 3755 1619 3790 τε
1667 3738 1833 3810 μικρὰ

1947 3725 2163 3777 verbum
2199 3720 2528 3775 invenietur.
2557 3715 2692 3769 Nam
2725 3729 2846 3784 quas
2883 3713 2951 3766 ab
2977 3711 3290 3765 hominibus
3331 3711 3518 3780 profo-

245 3825 599 3894 νομιζόμενα,
630 3823 726 3876 καὶ
768 3819 848 3886 οἷς
894 3840 947 3876 τι
1001 3823 1230 3893 μέγεθος
1271 3826 1560 3895 νοημάτων
1607 3806 1677 3890 ἐξῆ
1703 3806 1833 3879 ὑπο-

1947 3826 2156 3881 runtur,
2192 3814 2479 3884 aequaliter
2519 3828 2548 3866 a
2580 3811 2939 3882 signiﬁcanda
2971 3809 3062 3862 illa
3104 3818 3302 3862 natura
3331 3806 3515 3860 omnia

245 3914 466 3986 λήψεως
490 3915 767 3984 ἐνορᾶται.
805 3913 945 3966 Ἀλλ’
977 3911 1168 3986 ὥσπερ
1204 3915 1271 3969 τά
1299 3915 1432 3968 ἄλλα
1465 3917 1662 3980 πάντα,
1699 3916 1833 3970 κατά

1947 3908 2168 3962 distant.
2204 3906 2310 3960 Sed
2341 3913 2538 3958 caetera
2577 3917 2698 3986 quae
2743 3901 2812 3956 de
2855 3900 2965 3955 Deo
3004 3900 3283 3957 dicuntur.
3317 3898 3405 3968 pie
3449 3897 3516 3950 ad

244 4024 302 4059 τι
335 4005 754 4075 σημαινόμενον,
785 4004 1012 4057 ἕκαστον
1041 4004 1282 4068 εὐσεϐῶς
1320 4005 1453 4076 πρὸς
1493 4005 1715 4072 ἔνδειξιν
1740 4008 1833 4078 τῆς

1947 4001 2316 4058 ostentandam
2341 3999 2578 4054 divinam
2602 3995 2895 4068 quamdam
2918 3997 3172 4048 virtutem
3201 3993 3520 4062 capiuntur,

247 4095 402 4158 θείας
431 4096 713 4165 δυνάμεως
741 4094 978 4162 λέγεται,
1014 4089 1127 4148 οἷον
1169 4098 1197 4149 ὁ
1241 4095 1440 4166 ἰατρὸς,
1478 4098 1507 4149 ὁ
1559 4098 1833 4169 ποιμὴν,ό

1947 4103 1999 4146 ut
2028 4089 2292 4152 medicus,
2329 4096 2538 4158 pastor,
2580 4091 2876 4155 protector,
2922 4085 3101 4152 panis,
3161 4082 3408 4151 angelus,
3435 4078 3520 4132 νῆ·-

247 4185 684 4258 ὐπερασπιστὴς,
718 4187 747 4238 ὁ
798 4185 980 4258 ἄρτος,
1033 4187 1062 4239 ὁ
1108 4185 1357 4255 ἄγγελος,
1416 4189 1448 4258 ἡ
1496 4187 1758 4258 ἄμπελοςν
1802 4190 1833 4259 ἡ

1947 4183 2033 4247 tis,
2067 4183 2174 4244 via,
2198 4182 2388 4250 janua,
2442 4179 2679 4243 mansio,
2717 4191 2881 4247 aqua,
2912 4175 3072 4243 lapis,
3112 4172 3256 4235 fons,
3302 4172 3518 4240 aliaque

246 4279 388 4342 ὁδὸς,
426 4280 459 4348 ἡ
495 4278 654 4349 θύρα,
692 4279 724 4348 ἡ
769 4279 924 4350 μονὴ,
969 4277 1030 4330 τὸ
1059 4277 1222 4348 ὕδωρ,
1265 4279 1299 4349 ἡ
1345 4279 1540 4351 πέτρα,
1578 4282 1610 4351 ἡ
1662 4279 1833 4352 πηγὴ,

1947 4274 2253 4346 huiusmodi
2285 4291 2297 4325 :
2331 4272 2411 4328 sic
2443 4278 2812 4326 consentanea
2843 4268 3078 4338 quadam
3114 4262 3516 4333 signiﬁcatione

248 4373 346 4424 καὶ
371 4373 472 4424 ὅσα
511 4370 649 4424 ἄλλα
686 4371 814 4440 περὶ
855 4369 1020 4422 αὐτοῦ
1070 4369 1315 4438 λέγεται·
1353 4370 1514 4436 οὕτω,
1545 4373 1687 4425 κατά
1716 4389 1833 4425 τινα

1947 4368 2350 4424 tabernaculum
2392 4377 2612 4434 quoque
2654 4361 2911 4416 dicimus.
2943 4357 3131 4412 Virtus
3177 4357 3347 4418 enim,
3392 4370 3515 4424 quae

248 4461 535 4532 θεοπρεπῆ
579 4461 874 4530 σημασίαν,
925 4460 1019 4512 καὶ
1047 4459 1125 4530 τῷ
1157 4460 1256 4529 τῆς
1303 4462 1505 4530 σκηνῆς
1537 4464 1833 4532 κατονομά-

1947 4463 2126 4517 omnia
2166 4461 2436 4522 continet,
2475 4458 2528 4510 in
2580 4471 2687 4525 qua
2723 4455 2978 4508 universa
3023 4450 3246 4506 deitatis
3280 4449 3516 4518 plenitu-

247 4522 406 4617 ζεταί
442 4522 668 4624 ῥήματιί
713 4552 776 4603 Ἠ
806 4550 915 4621 γὰρ
961 4522 1280 4622 περιεκτικὴ
1319 4522 1428 4604 τῶν
1461 4522 1640 4605 ’όντων
1679 4522 1833 4609 δύνα-

1947 4554 2014 4608 do
2050 4552 2337 4614 inhabitat,
2374 4564 2498 4602 cum
2525 4561 2816 4601 commune
2843 4545 2891 4598 id
2917 4544 3160 4596 omnium
3185 4549 3385 4595 tectum
3419 4541 3512 4600 sit,

249 4663 366 4715 μις,
401 4646 458 4697 ὲν
547 4645 790 4696 κατοικεῖ
831 4644 938 4695 πᾶν
962 4642 1023 4695 τὸ
1051 4643 1322 4713 πλήρωμα
1356 4644 1453 4713 τῆς
1491 4643 1761 4714 θεότητος,

1947 4661 2176 4714 cumque
2205 4643 2461 4696 universa
2493 4641 2545 4693 in
2578 4641 2697 4708 ipso
2728 4638 3022 4697 contineat,
3051 4650 3161 4687 non
3191 4633 3391 4701 injuria
3439 4640 3517 4683 ta-

1947 4739 1956 4746 .
2189 4737 2198 4746 .
2587 4739 2599 4746 .
2666 4745 2669 4746 ,
2722 4728 2761 4746 Λ
2813 4735 2942 4746 AW.-.
2980 4735 3065 4746 ,μι
3089 4741 3153 4746 η..
3185 4734 3236 4746 --ι
3267 4725 3489 4746 ι..ῑ..,.....-

246 4737 406 4807 κοινὴ
452 4735 544 4789 τοῦ
595 4736 794 4799 παντὸς
835 4735 1033 4806 σκέπη,
1077 4736 1107 4787 ὁ
1152 4737 1210 4788 ὲν
1253 4735 1401 4806 αύτῷ
1441 4735 1503 4788 τὸ
1544 4738 1651 4790 πᾶν
1688 4756 1833 4810 περι-

1947 4737 2296 4793 bernaculum
2324 4739 2695 4800 nuncupatur.
2720 4728 2948 4798 Oportet
2976 4735 3156 4780 autem
3185 4734 3242 4777 ut
3267 4725 3516 4777 taberna-

243 4829 425 4896 έχων,
483 4825 655 4897 σκηνὴ
707 4825 909 4896 κυρίως
970 4823 1422 4894 κατονομάζεται.
1484 4826 1722 4896 Ἀνάγκη
1777 4827 1833 4879 δὲ

1947 4830 2049 4886 culi
2111 4828 2252 4882 visio
2298 4824 2530 4896 mystico
2573 4821 2927 4877 tabernaculo
2963 4819 3045 4874 sic
3083 4816 3408 4879 conveniat,
3457 4824 3516 4866 ut

243 4919 561 4988 πρόσφορον
604 4913 740 4969 εἶναι
777 4916 856 4988 τῷ
899 4916 1122 4986 ὀνόματι
1163 4917 1261 4987 τὴν
1292 4916 1577 4980 ὀπτασίαν,
1605 4919 1833 4971 ἑκάστου

1947 4920 2150 4990 singula
2196 4919 2369 4988 ipsius
2401 4915 2468 4968 ad
2519 4913 2728 4983 aliquid
2775 4927 2885 4966 non
2927 4911 3210 4978 indignum
3256 4906 3519 4978 mysterio

2105 5011 2115 5021 ι
2174 5010 2186 5021 1
2341 5014 2352 5021 .
2407 5007 2450 5021 ιι
2533 5006 2548 5021 ι
2581 5020 2586 5021 ,
2711 5020 2744 5021 ,,
2779 5003 2902 5021 ,9-__
2966 5001 3176 5021 J:__!__-_
3230 4999 3511 5021 A_--n-l..-

242 5011 354 5063 τῶν
380 5009 654 5078 ὀφθέντων
678 5008 815 5078 πρός
848 5024 968 5060 τινα
995 5006 1328 5076 θεοπρεποῦς
1351 5008 1669 5079 ὑπολήψεως
1699 5011 1833 5063 θεω-

1947 5027 2037 5067 ιιοε
2086 5010 2360 5064 deducant
2407 5006 2597 5064 “~.Ac
2651 5003 2907 5073 quoniam
2959 5001 3180 5055 divinus
3219 4999 3514 5068 Apostolus

245 5104 368 5175 ρίαν
400 5102 886 5173 χειραγωγοῦντος.
931 5099 1084 5154 Ἐπεὶ
1125 5096 1215 5153 οὖν
1248 5103 1276 5153 ὁ
1306 5100 1478 5171 μέγας
1519 5101 1833 5165 Ἀπόστολος

1947 5104 2205 5158 visionem
2239 5100 2356 5169 ipse
2389 5112 2607 5168 quoque
2651 5096 2820 5148 totius
2851 5092 3187 5146 tabernaculi
3243 5105 3511 5144 consecu-

244 5196 650 5263 καταπέτασμα
695 5193 795 5263 τῆς
845 5193 996 5246 κάτω
1053 5193 1257 5264 σκηνῆς
1307 5192 1400 5264 τὴν
1447 5193 1624 5264 σάρκα
1671 5193 1833 5264 φησὶν

1947 5202 2054 5256 ιυε,
2095 5207 2220 5246 cum
2268 5191 2322 5243 in
2373 5187 2690 5244 caelestibus
2719 5183 2898 5254 adytis
2951 5196 3049 5252 per
3101 5181 3353 5251 spiritum
3409 5179 3510 5234 sibi

245 5285 389 5340 εἶναι
409 5305 423 5318 ·
455 5285 546 5339 διὰ
565 5287 625 5337 τὸ
651 5289 714 5338 ὲκ
744 5285 1026 5348 ποικίλων,
1050 5279 1223 5354 οἶμαι,
1245 5283 1354 5336 τῶν
1381 5284 1662 5355 τεσσάρων
1693 5301 1833 5338 στοι-

1947 5287 2199 5359 mysteria
2234 5281 2472 5355 paradisi
2513 5278 2750 5334 revelata
2801 5275 2911 5329 sint
2936 5276 3027 5337 ⁸¹⁶,
3074 5273 3339 5327 cortinam
3373 5270 3511 5324 infc-

245 5380 408 5451 χείων
432 5378 578 5448 ἔχειν
605 5379 702 5447 τὴν
742 5366 998 5429 σύστασιν
1019 5391 1033 5404 ο
1088 5374 1228 5445 τάχα
1265 5374 1360 5428 καὶ
1391 5375 1551 5436 αὐτὸς
1584 5377 1640 5428 ὲν
1666 5377 1833 5429 ὀπτα-

1947 5380 2105 5434 rioris
2132 5371 2468 5431 tabernaculi
2497 5383 2718 5424 carnem
2745 5365 2949 5420 Christi
2974 5379 3098 5418 esse
3126 5364 3201 5416 ait
3230 5381 3242 5416 :
3266 5369 3511 5432 propter-

249 5470 343 5540 σία
387 5471 487 5540 τῆς
533 5468 736 5539 σκηνῆς
781 5467 1100 5537 γενόμενος,
1153 5469 1211 5520 ἐν
1262 5469 1372 5529 τοῖς
1427 5467 1833 5532 ύπεοουοανίοις

1947 5489 2002 5528 ea
2041 5468 2186 5541 quod
2237 5480 2304 5522 ex
2351 5459 2608 5522 diversis,
2679 5455 2893 5527 opinor,
2944 5461 3180 5509 uuatuor
3225 5451 3511 5508 elementis

357 5677 406 5711 “
431 5679 451 5734 l
476 5679 603 5736 Cor.
639 5697 750 5747 xlv,
783 5682 839 5735 2.
915 5679 958 5714 ⁸¹
994 5680 1156 5740 Hebr.
1188 5699 1261 5752 Ix,
1289 5684 1324 5738 2
1351 5697 1470 5755 sqq.
1583 5684 1647 5716 "°
1676 5683 1716 5737 li
1745 5683 1866 5738 Cor.
1897 5677 2068 5744 “1,4.
