3876 6218
393 236 500 294 383

1643 244 1699 300 S.
1745 245 2074 300 GliECORII
2117 247 2410 304 NYSSENI

3573 252 3686 307 584

390 357 694 424 composita
725 369 844 413 est:
881 374 988 413 non
1027 359 1132 414 erit
1167 361 1404 417 alienum
1437 362 1504 418 ad
1535 363 1676 419 hanc
1721 364 1976 433 apostoli-

2088 367 2319 432 ἀδύτοις,
2431 367 2525 422 διὰ
2565 369 2658 424 τοῦ
2711 371 3019 442 πνεύματος
3069 367 3426 441 ἀπεκαλύφθη
3472 367 3543 422 τά
3580 367 3682 422 τοῦ

389 461 510 502 cam
549 451 711 505 unius
744 453 916 521 partis
945 455 1344 524 expositionem
1387 457 1765 525 respicientes,
1806 465 1975 511 totam

388 540 457 594 de
487 541 843 596 tabernaculo
874 552 1120 598 nostram
1161 546 1486 601 sententiam
1530 534 1826 616 explicare.
1861 546 1978 602 Fiet

389 641 570 686 autem
598 635 754 690 nobis
788 651 882 705 per
903 637 1077 706 ipsius
1107 637 1355 707 Apostoli
1382 639 1547 694 verba
1583 639 1636 692 in
1673 639 1979 710 intelligen-

389 728 463 779 tia
494 729 842 797 aenigmatum
873 730 1209 784 tabernaculi
1232 730 1444 786 facilior
1469 733 1650 787 aditus
1681 751 1694 787 :
1731 733 1805 788 ait
1829 735 1974 788 enim

389 819 456 872 de
486 818 796 891 Unigi-nito,
841 837 1003 890 quem
1037 824 1260 878 nomine
1293 823 1634 878 tabernaculi
1669 827 1974 896 nuncupari

387 911 648 974 diximus,
681 917 806 982 quia
842 914 896 968 in
928 930 996 969 eo
1025 927 1206 970 creata
1250 925 1378 971 sunt
1408 917 1613 982 omnia,
1654 918 1889 974 visibilia
1922 929 1976 973 et

387 1003 704 1068 invisibilia,
760 1006 876 1060 sive
918 1006 1129 1071 throni,
1176 1009 1292 1063 sive
1320 1016 1644 1078 potestates,
1677 1011 1791 1065 sive
1819 1011 1974 1080 prin-

384 1096 627 1167 cipatus,
659 1099 774 1154 sive
806 1098 1232 1166 dominationes,
1261 1102 1374 1155 sive
1407 1101 1640 1158 virtutes
1662 1102 1732 1156 ".

455 1281 606 1348 Quas
637 1283 707 1336 ob
747 1299 836 1338 res
868 1285 1136 1339 columna:
1175 1296 1401 1357 argento
1436 1297 1599 1358 atque
1629 1303 1764 1344 auro
1803 1288 1976 1344 reful-

388 1386 598 1446 gentes,
634 1384 689 1430 et
726 1387 930 1440 vectes,
973 1392 1036 1431 ac
1061 1380 1272 1442 annuli,
1315 1382 1581 1436 cherubin
1613 1398 1830 1452 quoque
1859 1383 1972 1450 illa,

385 1482 508 1536 qua:
548 1466 666 1521 suis
702 1481 886 1520 arcam
916 1475 1217 1538 contegunt
1260 1470 1384 1531 alis,
1431 1478 1734 1541 carteraque
1765 1472 1972 1539 omnia,

384 1573 508 1628 quae
557 1557 629 1610 ad’
667 1558 1049 1614 sustinendum
1086 1561 1601 1630 conte-gelidumque
1648 1563 1976 1618 tabernacu-

386 1651 498 1704 lum
526 1651 941 1713 describuntur,
973 1653 1017 1706 si
1051 1653 1176 1720 quis
1204 1654 1270 1708 ad
1305 1656 1563 1723 superius
1595 1657 1839 1725 respicit,
1872 1671 1974 1710 an-

2082 460 2410 530 παραδείσου
2470 463 2780 533 μυστήρια·
2835 462 3018 526 καλῶς
3068 461 3134 515 ἂν
3189 461 3301 531 ἔχοι
3347 464 3412 532 τῇ
3475 463 3678 531 μερικῇ

2080 551 2445 622 προσέχοντας
2483 555 2774 627 ἑρμηνείᾳ,
2811 557 2992 610 πᾶσαν
3025 554 3121 626 τὴν
3167 555 3266 626 τῆς
3306 553 3515 624 σκηνῆς
3543 553 3682 606 θεω-

2082 645 2202 715 ρίαν
2263 647 2626 718 συναρμόζειν
2681 647 2759 716 τῷ
2821 647 3002 718 μέρει.
3057 647 3272 700 Γένοιτο
3321 646 3367 700 δ’
3411 646 3480 700 ἂν
3520 647 3678 716 ἡμῖν,

2075 735 2142 788 δι’
2191 738 2372 790 αὐτῶν
2417 738 2526 791 τῶν
2573 738 2668 792 τοῦ
2727 738 3058 792 Ἀποστόλου
3095 737 3291 806 λόγων,
3339 738 3373 807 ή
3422 736 3532 789 τῶν
3573 736 3680 806 τῆς

2079 829 2286 901 σκηνῆς
2329 831 2668 900 αἰνιγμάτων
2719 835 3006 903 σαφήνεια.
3053 830 3188 900 Φησὶ
3235 831 3344 901 γάρ
3396 847 3500 882 που
3541 834 3678 898 περὶ

2074 919 2170 972 τοῦ
2199 920 2561 990 Μονογενοῦς,
2590 922 2657 975 ὃν·
2678 923 2800 976 ἀντὶ
2827 922 2926 992 τῆς
2957 921 3162 992 σκηνῆς
3209 921 3566 990 νενοήκαμεν,
3589 920 3678 970 ὅτι

2077 1015 2136 1066 ἐν
2175 1013 2323 1084 αύτῷ
2359 1013 2582 1084 ἐκτίσθη
2635 1013 2705 1068 τά
2749 1014 2965 1079 πάντα,
3020 1013 3089 1066 τὰ
3133 1012 3308 1084 ὁρατά
3349 1027 3408 1062 τε
3461 1009 3557 1063 καὶ
3603 1010 3681 1062 τὰ

2078 1105 2306 1176 ἀόρατα,
2350 1107 2460 1160 είτε
2503 1106 2703 1178 θρόνοι,
2739 1105 2849 1159 είτε
2887 1105 3149 1172 ἐξουσίαι,
3186 1103 3296 1156 εἴτε
3341 1103 3528 1174 ἀρχαὶ,
3562 1100 3679 1152 εἴτε

2079 1197 2416 1268 κυριότητες,
2465 1197 2576 1250 εἴτε
2619 1197 2898 1268 δυνάμεις.

2148 1290 2358 1343 Οὐκοῦν
2411 1289 2592 1343 στύλοι
2633 1289 3109 1361 ἀργυρολαμπεῖς,
3163 1288 3259 1341 καὶ
3305 1287 3678 1359 χρυσήλατοι,

2077 1382 2172 1435 καὶ
2221 1383 2549 1454 ἀναφορεῖς,
2619 1383 2713 1436 καὶ
2769 1381 3084 1442 δακτύλιοι,
3145 1381 3240 1434 καὶ
3293 1380 3362 1433 τὰ
3409 1378 3685 1450 χερουὸῚιμ

2077 1475 2288 1537 ἐκεῖνα,
2333 1475 2403 1528 τὰ
2446 1477 2566 1537 ταῖς
2595 1472 2822 1545 πτέρυξι
2854 1472 2952 1544 τὴν
2981 1472 3212 1526 κιὸωτὸν
3244 1473 3681 1543 ἐπικρύπτοντα,

2078 1566 2170 1619 καὶ
2200 1565 2369 1619 τᾶλλα
2407 1566 2605 1624 πάντα.
2639 1568 2740 1619 ὅσα
2768 1569 2799 1637 ἡ
2841 1565 2945 1635 τῆς
2975 1564 3352 1635 σκηνοπηγίας
3381 1564 3681 1635 ὑπογραφὴ

2077 1659 2341 1728 περιέχει,
2380 1660 2427 1710 εί
2465 1659 2562 1728 μέν
2593 1675 2676 1721 τις
2713 1657 2848 1729 πρὸς
2879 1657 2948 1710 τὰ
2981 1657 3094 1710 ἀνω
3128 1655 3312 1726 βλέποι
3338 1656 3580 1719 σκοπῶν,
3617 1657 3680 1706 αἱ

386 1745 632 1814 gelorum
663 1753 748 1799 est
780 1745 1077 1799 multitudo
1110 1747 1164 1799 in
1198 1748 1554 1802 tabernaculo
1582 1749 1702 1819 ipso
1737 1766 1972 1821 conspe-

2082 1751 2441 1822 ὑπερκόσμιοι
2493 1751 2751 1821 δυνάμεις
2791 1749 2946 1812 εἰσιν,
2993 1749 3048 1801 αἰ
3103 1748 3160 1800 ἐν
3208 1749 3275 1818 τῇ
3331 1749 3503 1816 σκηνῇ
3539 1746 3680 1797 θεω-

383 1844 624 1903 cta,qua
667 1849 930 1904 corporea
984 1836 1097 1890 h:ec
1146 1839 1447 1893 secundum
1491 1839 1586 1895 Dei
1637 1843 1972 1900 voluntatem

385 1927 738 1981 sustinentur
769 1937 932 1998 atque
967 1939 1248 1998 teguntur.
1285 1932 1341 1985 In
1392 1933 1485 1986 illo
1523 1935 1669 1988 enim
1723 1936 1975 1990 taberna-

384 2021 512 2073 culo
541 2020 658 2072 veri
689 2029 874 2075 vectes
909 2023 1087 2075 nostri
1136 2031 1189 2076 et
1223 2022 1473 2077 habitant
1505 2033 1557 2079 et
1604 2034 1753 2091 sunt,
1781 2027 1873 2095 qui
1905 2026 1974 2080 ad

385 2111 754 2166 ministerium
804 2113 1103 2166 mittuntur
1131 2123 1356 2183 pr0pter
1389 2115 1602 2171 futuros
1636 2118 1830 2174 salutis
1864 2119 1975 2173 ha:-

385 2202 568 2265 redes,
601 2203 696 2271 qui
727 2203 892 2258 sicuti
937 2202 1161 2272 quidam
1195 2203 1382 2258 annuli
1424 2206 1478 2259 in
1513 2207 1728 2261 animos
1759 2208 1973 2262 salvan-

383 2294 582 2348 dorum
632 2294 1025 2360 immittuntur,
1081 2297 1149 2350 ad
1196 2297 1592 2352 sublimitatem
1636 2300 1854 2354 virtutis
1903 2301 1971 2355 ad

386 2395 590 2441 terram
634 2387 879 2457 dejectos
927 2390 1227 2445 elevantes.
1285 2389 1442 2444 Hunc
1493 2400 1674 2445 autem
1723 2393 1970 2448 altiorem

383 2494 508 2534 esse
528 2495 750 2534 sensum
771 2481 1070 2552 Scriptura:
1098 2483 1152 2537 in
1184 2483 1288 2536 hoc
1319 2483 1460 2550 loco,
1485 2484 1610 2539 inde
1631 2493 1798 2554 patet,
1827 2487 1970 2557 quod

384 2572 654 2628 cherubin
696 2575 787 2627 illa
827 2576 1134 2630 materialia
1183 2577 1302 2632 suis
1336 2577 1464 2641 alis.
1487 2580 1742 2649 tegebant
1771 2589 1973 2650 myste-

385 2665 491 2728 ria,
529 2680 652 2735 qum
683 2665 736 2718 in
769 2681 898 2720 arca
921 2677 1100 2731 erant,
1139 2678 1198 2722 ut
1233 2669 1412 2724 littera
1440 2671 1594 2724 dicit.
1621 2671 1754 2726 Nam
1790 2673 1841 2726 id
1875 2689 1975 2726 no-

385 2771 512 2812 men
551 2757 619 2814 iis
673 2760 884 2830 angelis
923 2762 1270 2826 attribuitur,
1320 2771 1380 2817 ut
1413 2762 1583 2819 Isaias
1627 2772 1681 2818 et
1724 2763 1973 2820 Ezechiel

386 2851 565 2916 aiunt,
605 2853 700 2922 qui
747 2855 895 2909 circa
934 2855 1174 2910 divinam
1204 2857 1545 2926 majestatem
1580 2861 1970 2930 inspiciuntur.

387 2942 527 2996 Area
560 2959 693 2999 vero
725 2944 950 3002 fmderis
981 2948 1083 3001 alis
1118 2950 1360 3018 ipsorum
1401 2951 1668 3006 cherubin
1700 2961 1969 3020 contecta,

2081 1843 2368 1914 ρούμεναι,
2426 1845 2480 1896 αί
2529 1844 2668 1895 κατά
2707 1841 2859 1894 Θείαν
2896 1840 3150 1912 βούλησιν
3185 1839 3246 1891 τὸ
3292 1840 3397 1891 πᾶν
3451 1838 3679 1907 ὑπερεί-

2075 1937 2280 1989 δουσαι.
2341 1935 2572 1987 Ἐκεῖνοι
2617 1933 2862 2004 ἀληθινοὶ
2917 1932 3211 2002 ἁναφορεῖς
3257 1929 3433 1999 ήμῶν,
3490 1929 3542 1979 oi
3593 1931 3678 1988 εἰς

2073 2028 2351 2082 διακονίαν
2393 2027 2847 2097 ἀναστελλόμενοι
2889 2024 2995 2095 διὰ]
3020 2025 3148 2086 τοὺς
3192 2022 3485 2107 μέλλοντας
3541 2020 3678 2089 κληο

2077 2126 2324 2195 ρονομεῖν
2366 2121 2658 2193 σωτηρίαν,
2709 2122 2758 2174 οἱ
2795 2119 3046 2190 καθάπερ
3072 2115 3376 2178 δακτυλίοις
3405 2113 3518 2166 τισὶ
3552 2116 3679 2175 ταῖς

2073 2216 2268 2287 ψυχαῖς
2298 2216 2455 2287 ήμῶν
2502 2214 2836 2284 ἐνειρόμενοι
2889 2211 3001 2264 τῶν
3053 2207 3396 2278 σωζομένων,
3434 2205 3501 2258 δι’
3549 2205 3677 2257 ἐαυ-

2072 2307 2181 2361 τῶν
2212 2308 2347 2379 πρὸς
2375 2307 2437 2359 τὸ
2468 2306 2600 2376 ὕψος
2631 2305 2730 2377 τῆς
2761 2306 2963 2375 ἀρετῆς
2989 2302 3114 2365 τοὺς
3144 2299 3427 2371 κειμένους
3453 2300 3552 2351 ἐπὶ
3578 2299 3678 2369 τῆς

2074 2402 2176 2471 γῆς
2223 2399 2607 2471 ἀναφέροντες.
2642 2395 2924 2467 Χερουσὶμ
2965 2394 3024 2447 δὲ
3056 2391 3226 2446 εἰπὼν
3253 2394 3281 2445 ὁ
3311 2391 3468 2461 λόγος
3499 2406 3671 2445 κατα-

2075 2490 2417 2545 καλύπτοντα
2450 2491 2571 2552 ταῖς
2620 2485 2846 2558 πτέρυξι
2895 2484 2965 2538 τά
3011 2483 3308 2552 ἐγκείμενα
3343 2483 3408 2552 τῇ
3453 2479 3675 2549 κιϐωτῷ

2073 2587 2170 2656 τῆς
2231 2583 2494 2654 διαθήκης
2550 2582 2846 2652 μυστήρια,
2901 2577 3108 2648 βεϐαιοῖ
3156 2575 3252 2646 τὴν
3315 2573 3674 2627 ἀποδοθεῖσαν

2075 2673 2205 2743 ἡμῖν
2232 2672 2383 2742 παρά
2415 2671 2514 2741 τῆς
2547 2669 2751 2740 σκηνῆς
2783 2668 3034 2738 θεωρίαν.
3067 2666 3140 2718 Τὸ
3172 2665 3280 2736 γὰρ
3308 2661 3478 2733 ὄνομα
3514 2662 3673 2716 τοῦτο

2073 2764 2182 2816 τῶν
2222 2764 2352 2835 περὶ
2397 2765 2498 2833 τὴν
2549 2761 2698 2815 θείαν
2751 2759 2914 2827 φύσιν
2963 2757 3354 2829 θεωρουμένων
3389 2755 3673 2826 δυνάμεων

2079 2857 2499 2930 μεμαθήκαμεν,
2526 2855 2589 2919 ἃς
2619 2857 2648 2908 ὁ
2687 2853 2914 2916 Ἡσαΐας
2946 2854 3039 2905 καὶ
3071 2854 3099 2904 ό
3127 2849 3384 2921 Ἰεζεκιὴλ
3413 2849 3677 2919 κατενόη·

2079 2965 2200 3002 σαν.
2242 2948 2305 3000 Ἢ
2337 2947 2393 3000 δὲ
2422 2946 2654 3009 κιϐωτὸς
2680 2945 2779 3015 τῆς
2813 2943 3096 3014 διαθήκης,
3128 2940 3522 3012 κεκαλυμμένη
3555 2941 3674 3000 ταῖς

387 3033 479 3087 hic
509 3033 639 3090 illud
671 3036 894 3102 dicitur,
930 3039 1076 3108 quod
1119 3041 1264 3108 apud
1301 3042 1498 3096 Isaiam
1531 3042 1668 3097 facie
1694 3044 1970 3114 signiﬁca-

2082 3038 2325 3112 πτέρυξι,
2373 3039 2448 3110 μὴ
2497 3038 2750 3103 ξενιζέτω
2799 3038 2897 3108 τὴν
2945 3036 3147 3106 ἀκοήν·
3203 3034 3300 3087 καὶ
3345 3033 3452 3104 γὰρ
3499 3034 3563 3086 ἐν
3597 3029 3679 3124 τῷ

389 3135 500 3181 tur.
535 3127 668 3181 Nam
711 3139 771 3184 ut
801 3146 929 3184 arca
961 3131 1070 3196 hic,
1105 3132 1178 3186 ita
1212 3133 1284 3187 ibi
1322 3132 1492 3188 facies
1528 3136 1840 3192 cherubicis
1869 3137 1972 3193 alis

388 3220 602 3289 contegi
629 3219 951 3275 aﬂirniatur.
983 3221 1165 3278 Unum
1197 3225 1364 3294 igitur
1394 3228 1462 3282 ab
1495 3230 1743 3298 utrisque
1767 3231 1973 3300 siguili-

389 3313 502 3366 cari
552 3328 659 3366 non
703 3314 1046 3371 dubitamus.
1082 3316 1309 3372 Videtur
1358 3329 1538 3372 autem
1582 3323 1713 3376 mihi
1769 3323 1977 3376 incont-

390 3404 754 3475 prehensibile
785 3406 948 3474 hujus
976 3410 1392 3478 speculationis,
1435 3429 1555 3480 quae
1584 3413 1652 3467 de
1687 3415 1977 3467 inell'abili-

390 3499 494 3554 bus
521 3507 628 3561 est,
662 3499 1007 3569 wnigmatice
1034 3501 1358 3571 signiﬁcari.
1400 3504 1534 3558 Cum
1566 3521 1698 3560 vero
1730 3507 1796 3559 de
1827 3506 1977 3576 lych-

389 3589 499 3651 nis.
533 3588 584 3643 id
617 3598 722 3656 est,
747 3591 987 3645 lucernis
1006 3593 1185 3658 audis,
1208 3592 1352 3662 quod
1386 3603 1596 3664 septem
1623 3600 1826 3666 partito
1840 3595 1886 3627 ⁵⁸
1910 3612 1976 3652 ex

392 3697 499 3734 una
523 3681 641 3736 basi
671 3698 734 3736 ac
761 3682 946 3738 radice
974 3684 1289 3739 candelabri
1314 3685 1785 3748 sustentabantur,
1811 3695 1866 3740 ut
1889 3687 1978 3740 lux

391 3774 738 3828 abundanter
785 3775 1026 3844 undique
1077 3775 1405 3845 perluceret,
1447 3777 1572 3845 jure
1615 3777 1978 3833 multiformes

391 3868 620 3939 spiritus
648 3868 886 3938 fulgores
913 3869 970 3923 in
996 3869 1098 3923 hoc
1130 3869 1484 3924 tabernaculo
1502 3869 1806 3941 perl‘ulgcre
1824 3871 1980 3925 intel-

391 3961 565 4031 liges;
602 3971 808 4031 septem
847 3962 1048 4031 partito
1068 3961 1116 3992 ⁵³⁸
1153 3963 1298 4016 enim
1341 3963 1569 4032 spiritus
1605 3965 1788 4016 radios
1815 3963 1978 4017 etiam

392 4051 566 4107 Isaias
602 4054 836 4122 partitus
879 4063 984 4109 est.
1028 4052 1478 4123 Propitiatorium
1510 4063 1691 4108 autem
1723 4055 1855 4124 quid
1886 4056 1977 4121 sit,

391 4161 502 4200 non
533 4161 675 4217 opus
704 4149 1048 4217 expositione
1079 4147 1189 4200 ulla
1222 4157 1279 4202 ut
1309 4148 1666 4215 intelligatur,
1691 4164 1817 4200 cum
1839 4148 1984 4217 Apo-

392 4237 568 4292 stolus
592 4236 644 4290 id
672 4239 1008 4302 enudaverit,
1041 4239 1133 4306 qui
1166 4238 1241 4290 ait.
1270 4256 1282 4290 :
1318 4256 1334 4288 ι
1358 4253 1517 4307 quem
1549 4239 1854 4290 animarum
1882 4253 1982 4292 n0-

392 4338 630 4387 slrarum
677 4330 1112 4398 propitiatorium
1148 4331 1455 4400 proposuit.
1499 4349 1516 4380 i
1554 4330 1740 4383 Altare
1768 4344 1896 4383 vero
1927 4337 1982 4385 et

2089 3133 2286 3204 Ἡσαΐᾳ
2317 3131 2378 3185 τὸ
2417 3133 2601 3202 ὅμοιον
2653 3129 2767 3182 ἐστι
2821 3127 3033 3199 μαθεῖν,
3084 3129 3142 3179 ἐν
3189 3126 3470 3194 αἰνίγματι
3521 3122 3677 3193 παρά

2075 3224 2168 3278 τοῦ
2221 3224 2502 3294 προφήτου
2556 3221 2684 3292 περὶ
2731 3219 2841 3273 τῶν
2887 3218 3174 3289 πτερύγων
3217 3216 3543 3286 λεγόμενον·
3575 3209 3676 3268 ὧδε

2079 3318 2176 3387 μὲν
2203 3318 2235 3386 ή
2263 3315 2516 3378 κιϐωτὸς,
2551 3316 2666 3367 ἐκεῖ
2704 3312 2758 3365 δέ
2797 3311 3106 3383 πρόσωπον,
3137 3309 3213 3373 ὡς
3243 3309 3360 3372 ἐνὸς
3387 3308 3543 3372 ὃντος
3583 3305 3678 3361 τοῦ

2077 3409 2135 3460 ἐν
2169 3407 2498 3478 ἀμφοτέροις
2527 3404 2838 3476 νοουμένου,
2875 3404 3013 3473 ὅπερ
3065 3420 3153 3472 μοι
3196 3399 3432 3454 δοκεῖτὸ
3465 3398 3678 3452 ἀκατά-

2077 3499 2282 3567 ληπτον
2331 3499 2430 3568 τῆς
2475 3497 2583 3549 τῶν
2642 3496 2968 3566 ἀπορρήτων
3021 3493 3251 3563 θεωρίας
3307 3490 3674 3544 αἰνίσσεσθαι.

2078 3592 2197 3645 Κᾶν
2239 3590 2366 3661 περὶ
2409 3590 2618 3660 λύχνων
2656 3586 2895 3657 ἀκούσῃς
2944 3583 3279 3653 πολυσχιδῶς
3323 3585 3388 3635 ὲκ
3419 3583 3552 3652 μιᾶς
3583 3580 3683 3634 λυο

2079 3684 2229 3756 χνίας
2262 3683 2633 3753 ἀνεχομένων,
2682 3680 2822 3732 ῶστε
2868 3678 3097 3746 ἄψθονον
3136 3673 3275 3730 εἶναι
3313 3675 3408 3729 καὶ
3449 3675 3681 3744 δαψιλὲς

2079 3776 2139 3828 τὸ
2170 3776 2283 3846 φῶς
2314 3773 2650 3842 πανταχόθεν
2704 3771 3085 3842 λαμπόμενον·
3137 3769 3239 3822 οὐκ
3277 3766 3342 3820 ἂν
3381 3766 3678 3836 ἁμάρτοις,

2077 3870 2176 3932 τὰς
2221 3867 2519 3930 πολυειδεῖς
2555 3865 2649 3918 τοῦ
2694 3863 3002 3934 πνεύματος
3048 3861 3416 3933 μαρμαρυγὰς
3447 3858 3682 3929 διαπρέ-

2080 3979 2202 4014 πειν
2249 3961 2422 4032 ταύτῃ
2476 3960 2541 4029 τῇ
2586 3958 2758 4027 σκηνῇ
2797 3955 3167 4025 λογιζόμενος,
3218 3951 3400 4015 καθὼς
3444 3951 3684 4015 Ἠσαῖας

2081 4053 2267 4121 φησὶν,
2309 4049 2517 4118 έπταχῆ
2561 4045 2785 4117 διαιρῶν
2837 4045 2938 4107 τὰς
2984 4043 3336 4114 λαμπηδόνας
3382 4037 3478 4093 τοῦ
3512 4040 3687 4093 πνεύς

2084 4160 2271 4214 ματος.
2299 4142 2373 4193 Τὸ
2403 4140 2460 4194 δὲ
2489 4140 2797 4209 ἱλαστήριον
2830 4137 2951 4190 ούδέ
2992 4135 3287 4207 ἑρμηνείας
3312 4130 3464 4205 οἶμαι
3507 4150 3686 4205 προσ-

2079 4235 2317 4299 δέεσθαι,
2346 4232 2440 4286 τοῦ
2467 4228 2795 4284 Ἀποστόλου
2828 4229 2885 4282 τὸ
2932 4227 3315 4299 κεκλειμμένον
3348 4226 3685 4296 γυμνώσαν-

2080 4344 2192 4391 τος,
2214 4328 2269 4390 ὃς
2292 4320 2479 4394 φησιν·
2495 4325 2603 4378 ὅτι(
2637 4324 2696 4376 δν
2722 4319 2984 4392 προέθετο
3008 4321 3035 4372 ὁ
3067 4319 3199 4382 Θεὸς
3235 4318 3550 4389 ἱλαστήριον
3573 4316 3689 4370 τῶν

391 4421 737 4476 thuribulum
757 4437 880 4474 cum
911 4422 1094 4484 audio,
1124 4423 1500 4476 adoratiouem
1524 4422 1786 4492 intelligo,
1812 4437 1974 4491 quam

2082 4418 2268 4490 ψυχῶν
2337 4417 2564 4489 iw.va
2594 4413 2977 4483 θυσιαστήριον
3043 4410 3099 4463 δέ
3167 4411 3262 4462 καὶ
3321 4409 3688 4479 θυμιατήριον

391 4515 520 4572 huic
539 4514 893 4569 tabernaculo
908 4515 1162 4569 cmlestes
1179 4516 1410 4570 virtutes
1429 4515 1679 4569 aﬂ‘erunt.
1700 4515 1815 4568 Non
1833 4517 1979 4570 enim

394 4607 570 4661 solum
600 4605 920 4660 inferiorum
949 4614 1112 4676 atque
1139 4607 1504 4670 terrestrium,
1541 4608 1633 4661 sed
1669 4607 1979 4661 carlcslium

393 4713 615 4768 quoque
655 4699 897 4767 linguam
930 4698 1005 4751 ait
1048 4698 1261 4752 laudem
1295 4707 1460 4768 atque
1509 4699 1758 4769 gloriam,
1803 4708 1858 4752 ut
1897 4716 1982 4752 rc-

392 4808 518 4846 ruui
559 4793 804 4844 omnium
851 4792 1143 4862 principio,
1177 4792 1406 4847 reddere
1446 4811 1460 4846 :
1504 4791 1558 4846 id
1587 4794 1732 4846 enim
1769 4803 1986 4863 gratum

391 4896 479 4939 est
510 4886 612 4954 ipsi
652 4885 1010 4950 sacriﬁcium,
1054 4885 1325 4940 labiorum
1353 4885 1588 4946 fructus.
1631 4895 1687 4940 ut
1737 4889 1811 4940 ait
1841 4887 1988 4957 Apo-

395 4976 666 5042 stolus",
719 4985 775 5031 et
821 4975 958 5030 odor
1000 4977 1287 5032 orationis.
1341 4976 1497 5043 Quod
1551 4978 1596 5032 si
1646 4980 1854 5034 rorium
1901 4980 1988 5036 his

393 5069 558 5122 etiam
599 5069 742 5124 inest
767 5070 953 5124 colore
979 5085 1276 5140 purpureo,
1303 5077 1358 5124 et
1392 5071 1484 5139 pili
1519 5072 1729 5132 intexti,
1763 5086 1870 5125 non
1903 5080 1984 5126 ta-

395 5171 521 5212 men
554 5160 952 5228 speculationis
981 5158 1148 5227 hujus
1183 5160 1358 5215 series
1388 5161 1818 5230 perturbabitur.
1849 5159 1984 5214 Nam

397 5250 594 5304 oculus
630 5251 720 5305 ille
751 5250 1104 5320 prepbeticus
1139 5250 1195 5304 in
1243 5251 1634 5308 altissimarum
1668 5251 1768 5307 hac
1801 5267 1984 5307 rerum

400 5341 636 5405 visione,
680 5345 977 5398 salutarem
1010 5360 1229 5414 quoque
1267 5343 1482 5399 Domini
1519 5346 1827 5415 passionem
1859 5353 1986 5398 tan-

402 5449 568 5504 quam
597 5449 628 5488 e
655 5437 874 5501 specula
907 5438 1206 5508 prospexit,
1239 5453 1403 5508 quam
1434 5453 1500 5492 ex
1547 5445 1780 5506 utroque
1805 5437 1984 5493 dicto-

404 5544 526 5586 rum
562 5528 922 5600 signiﬁcatam
956 5530 1126 5586 fuisse
1155 5545 1263 5586 non
1294 5530 1533 5601 ambigo.
1577 5528 1807 5586 Rubedo
1839 5530 1984 5584 enim

486 5708 532 5741 ⁸³
567 5707 779 5766 Coloss.
810 5725 846 5776 ι,
883 5708 971 5764 16.
1059 5711 1103 5744 ⁵³
1134 5707 1238 5768 lsa.
1273 5711 1420 5776 x1,‘2.
1501 5711 1545 5743 ⁵⁵
1587 5709 1750 5766 llcbr.
1789 5728 1866 5774 ix,
1894 5709 1946 5766 5.

2087 4512 2321 4576 ἀκούων,
2351 4529 2457 4564 νοω
2500 4525 2598 4580 την
2634 4505 2900 4578 διηνεκῶς
2942 4503 3361 4574 ἐπιτελουμένην
3400 4504 3467 4571 τῇ
3506 4501 3688 4570 σκηνῇ

2087 4605 2262 4676 ταύτῃ
2306 4603 2413 4656 τῶν
2458 4601 2795 4672 ἐπουρανίων
2837 4597 3223 4669 προσκύνησιν.
3257 4595 3331 4646 Ού
3376 4594 3488 4663 γὰρ
3524 4592 3692 4662 μόνον

2087 4697 2347 4764 ἐπιγείων
2397 4692 2491 4745 καὶ
2542 4687 2932 4760 ὑπερχθονίων,
2965 4687 3098 4739 ἀλλὰ
3148 4685 3242 4738 καὶ
3299 4684 3408 4736 τῶν
3453 4684 3692 4754 ἐπουρα-

2082 4787 2211 4840 νίων
2253 4785 2354 4856 τὴν
2392 4781 2642 4852 γλῶσσάν
2686 4797 2849 4851 φησιν
2884 4778 3232 4846 ἀναπέμπειν
3278 4775 3373 4827 τὸν
3414 4770 3568 4826 αἶνον
3616 4776 3689 4843 τῇ

2082 4880 2191 4934 τῶν
2223 4878 2441 4932 πάντων
2472 4875 2633 4946 ἀρχῇ.
2667 4871 2837 4925 Τοῦτο
2866 4869 2924 4922 δέ
2963 4869 3168 4938 ἐστινὴ
3201 4867 3580 4937 κεχαρισμένη
3606 4865 3692 4934 τῷ

2085 4972 2206 5044 Θεῷ
2229 4970 2408 5036 θυσία,
2441 4968 2500 5021 τὸ
2531 4966 2811 5038 κάρπωμα
2835 4961 2942 5015 τῶν
2971 4959 3216 5031 χειλέων,
3248 4955 3432 5019 καθώς
3463 4973 3633 5026 φησιν
3664 4959 3692 5008 ὁ

2105 5063 2450 5128 Ἀπόστολος,
2501 5059 2597 5114 καὶ
2645 5056 2756 5110 τῶν
2804 5051 3122 5127 προσευχῶν
3173 5052 3206 5121 ἡ
3265 5047 3482 5101 εὐωδία.
3520 5047 3589 5100 Εἰ
3635 5047 3694 5099 δὲ

2095 5158 2190 5214 καὶ
2234 5156 2410 5226 δέρμα
2452 5153 2510 5207 ἐν
2561 5149 2769 5212 τούτοις
2817 5147 3009 5217 ὁρᾶται
3057 5138 3480 5211 πεφοινιγμένον
3516 5139 3692 5208 βαφῇ,

2096 5252 2190 5305 καὶ
2225 5248 2408 5320 τρίχες
2456 5241 2866 5311 ἐξυφανθεῖσαι’
2907 5235 3027 5289 οὑδέ
3055 5226 3210 5296 οὗτος
3269 5233 3299 5284 ὁ
3349 5230 3544 5302 εἱρμὸς
3594 5231 3695 5301 τῆς

2098 5342 2329 5414 θεωρίας
2380 5338 2790 5407 διακοπήσεται.
2823 5330 2906 5383 "0
2952 5327 3060 5400 γὰρ
3109 5323 3448 5395 ποοφητικὸς
3493 5321 3697 5414 ὀφθαλ-

2099 5411 2221 5509 μὸς,
2255 5436 2312 5488 ἐν
2339 5436 2406 5504 τῇ
2432 5431 2538 5484 τῶν
2581 5428 2740 5481 θείων
2777 5422 3012 5491 ὀπτασίᾳ
3049 5419 3350 5489 γινόμενος,
3382 5415 3506 5509 ἐκεῖ
3561 5411 3696 5509 καθ-

2096 5506 2333 5598 εώραται
2381 5519 2828 5596 προσωρισμένον
2873 5515 2934 5570 τὸ
2987 5513 3252 5584 σωτήριον
3293 5507 3498 5570 πάθος·
3557 5506 3694 5574 ὅπερ

2059 5708 2103 5740 ³⁵
2139 5706 2304 5762 llcbr.
2332 5717 2452 5767 xm,
2485 5699 2568 5755 l5.
