3876 6218
195 351 308 407 385

1545 348 1631 402 DE
1662 343 1822 400 VITA
1852 341 1995 397 MOY
2005 340 2126 397 SIS.

3367 339 3473 393 386

197 465 255 515 ἐν
283 451 534 531 ἐκατέρῳ
554 455 662 509 τῶν
687 452 992 526 εἰρημένων
1025 449 1348 522 σημαίνεται
1367 465 1381 480 ·
1407 447 1501 502 τοῦ
1540 449 1636 518 μὲν
1667 449 1786 519 ἐρυ-

1903 464 2239 530 sanguinem,
2269 459 2362 530 pili
2386 468 2566 514 autem
2595 468 2822 514 mortem
2847 461 3166 516 ostendunt.
3184 457 3321 514 Nam
3344 473 3471 513 cum

201 553 450 623 θήματος
482 551 546 603 τὸ
579 541 743 619 αἷμα,
778 544 878 616 τῆς
919 543 977 597 δὲ
1025 542 1209 614 τριχὸς
1242 539 1647 613 ἐρμηνευούσης
1684 537 1784 610 τὴν

203 648 496 717 νέκρωσιν.
529 643 791 712 Ἀμοιρος
824 639 932 708 γάρ
979 634 1284 705 αίσθήσεως
1313 635 1348 704 ὴ
1393 631 1517 704 τρὶξ
1559 631 1638 702 τῷ
1675 629 1784 684 σώ-

209 755 346 810 ματι
373 753 389 766 ’
421 735 503 788 διὸ
531 731 738 804 κυρίως
769 728 1094 800 νεκρότητος
1111 726 1320 795 γίνεται
1353 724 1638 796 σύμϐολον.

275 830 455 883 Ὅταν
494 826 594 898 μέν
624 820 718 878 οὖν
748 822 846 892 τὴν
879 819 991 874 ἄνω
1031 819 1234 897 σκηνὴν
1264 817 1466 890 βλέπῃ·
1498 814 1668 868 ταῦτα
1697 811 1786 868 διὰ

192 925 412 980 τούτων
443 925 473 975 6
525 918 812 989 προφήτης
842 916 962 985 ὁρᾷ.
1017 914 1080 965 El.
1123 912 1180 965 δέ
1217 929 1300 974 τις
1327 909 1426 981 τὴν
1466 909 1617 962 κάτω
1654 923 1787 976 σκη-

197 1019 300 1088 νὴν
331 1012 560 1084 θεωροίη
583 1028 600 1042 ·
647 1008 836 1080 ἐπειδὴ
869 1006 1110 1076 πολλαχῆ
1155 1003 1389 1075 Χριστὸς
1421 1006 1455 1073 ἡ
1495 1001 1788 1072 Ἐκκλησία

201 1109 360 1180 παρὰ
405 1107 498 1160 τοῦ
549 1103 766 1159 Παύλου
822 1099 1294 1170 κατονομάζεται·
1347 1095 1527 1159 καλῶς
1560 1095 1626 1148 ἂν
1671 1094 1787 1166 ἔχοι

202 1202 337 1263 τοὺς
369 1199 652 1270 ὑπηρέτας
677 1196 774 1250 τοῦ
806 1195 950 1248 θείου
976 1193 1300 1266 μυστηρίου,
1325 1191 1418 1256 οὓς
1445 1194 1538 1246 καὶ
1563 1191 1788 1253 στύλους

199 1295 306 1364 τῆς
369 1289 696 1361 Ἐκκλησίας
751 1287 1112 1358 κατονομάζει
1159 1289 1188 1340 6
1226 1285 1403 1354 λόγος,
1460 1284 1788 1348 ἀποστόλους

204 1403 265 1439 τε
296 1384 391 1452 καὶ.
421 1381 768 1442 διδασκάλους
799 1379 894 1432 καὶ
921 1378 1228 1450 προφήτας,
1257 1375 1327 1428 τὰ
1346 1376 1584 1446 ὀνόματα
1615 1373 1788 1428 ταῦτα

200 1474 499 1544 ὀνομάζειν
532 1467 693 1525 εἶναι.
725 1471 800 1523 Οὐ
841 1469 951 1538 γὰρ
980 1468 1140 1537 μόνον
1167 1467 1371 1538 Πέτρος
1405 1469 1498 1520 καὶ
1537 1465 1789 1537 Ἰωάννης

204 1570 307 1624 καὶ
369 1563 664 1628 Ἰάκωϐος,
713 1562 896 1614 στύλοι
939 1561 1039 1631 τῆς
1081 1559 1407 1629 Ἐκκλησίας
1455 1559 1628 1612 εἰσίν·
1669 1557 1790 1610 οὐδὲ

209 1662 372 1732 μόνος
420 1660 448 1711 6
500 1653 815 1725 Βαπτιστὴς
877 1652 1130 1721 Ἰωάννης
1175 1654 1204 1704 ὀ
1253 1651 1442 1722 λύχνος
1470 1646 1539 1721 ἦν
1568 1649 1789 1720 καιόμε-

208 1770 329 1816 νος’
382 1751 517 1805 ἀλλὰ
568 1750 770 1808 πάντες
818 1747 865 1798 οἱ
918 1745 984 1799 δι’
1041 1743 1249 1798 ἐαυτῶν
1294 1746 1394 1816 τὴν
1463 1743 1790 1810 Ἐκκλησίαν

206 1846 532 1917 ἐρείδοντες,
575 1841 668 1894 καὶ
718 1841 767 1892 οἱ
817 1838 904 1891 διὰ
951 1837 1059 1891 τῶν
1107 1838 1251 1891 ίδίων
1275 1836 1451 1908 ἔργων
1505 1835 1790 1906 φωστῆρες

205 1936 506 2006 γινόμενοι,
553 1933 648 1986 καὶ
678 1930 860 1984 στύλοι
892 1930 988 1983 καὶ
1018 1928 1197 1999 λύχνοι
1227 1928 1498 1996 λέγονται.
1535 1947 1554 1979 ι
1603 1927 1792 1997 Ὑμεῖς

207 2032 336 2082 ἐστε
359 2027 422 2081 τὺ
462 2025 580 2096 φῶς
607 2023 702 2078 τοῦ
733 2023 963 2093 κόσμου,
1007 2040 1026 2074 ι
1068 2021 1201 2091 φησὶ
1231 2020 1368 2090 πρὸς
1405 2020 1532 2082 τοὺς
1560 2017 1792 2070 ἀποστό-

205 2120 337 2182 λους
373 2121 404 2171 6
443 2117 672 2188 Κύριος.
703 2115 815 2168 Καὶ
843 2114 1004 2166 πάλιν
1043 2113 1266 2183 ἐτέρους
1293 2113 1322 2165 6
1353 2111 1506 2174 Θεῖος
1545 2109 1797 2164 ’Δπόστο-

205 2213 301 2274 λος
330 2210 551 2272 στύλους
581 2205 1124 2269 εῖναιδιακελεύεται,
1143 2204 1318 2273 λέγων
1337 2221 1351 2235 ο
1385 2223 1406 2256 ι
1446 2205 1682 2276 Ἑδραῖοι
1704 2202 1792 2273 γί-

202 2291 364 2346 νεσθε
407 2293 502 2346 καὶ
545 2293 1120 2363 άμετακίνητοι.»Καὶ
1171 2292 1265 2345 τὸν
1313 2291 1576 2362 Τιμόθεον
1633 2291 1797 2344 καλὸν

201 2383 402 2437 στύλον
451 2385 799 2454 ἐτεκτήνατο,
847 2385 1076 2456 ποιήσας
1122 2384 1284 2438 αὐτὸν
1324 2383 1524 2452 (καθώς
1559 2400 1690 2453 φησι
1727 2384 1794 2454 τῇ

204 2476 320 2549 ἰδίᾳ
382 2480 558 2548 φωνῇ)
607 2477 796 2530 στύλον
849 2477 946 2530 καὶ
995 2476 1275 2546 ἑδραίωμα
1321 2478 1419 2546 τῆς
1473 2473 1799 2543 Ἐκκλησίας

208 2567 492 2638 ἀληθείας.
538 2566 628 2620 Ἐν
663 2567 836 2640 ταύτῃ
870 2568 938 2637 τῇ
986 2567 1158 2635 σκηνῇ
1194 2565 1289 2618 καὶ
1323 2563 1484 2616 θυσία
1515 2562 1616 2633 τῆς
1655 2562 1798 2616 αίνέ-

214 2677 376 2723 σεως,
415 2660 508 2713 καὶ
541 2658 790 2729 θυμίαμα
832 2658 933 2728 τῆς
964 2657 1286 2729 προσευχῆς,
1319 2657 1353 2726 η
1395 2655 1475 2727 τῷ
1501 2654 1680 2725 ὄρθρῳ
1707 2655 1798 2706 καὶ

205 2751 276 2818 τῇ
315 2748 525 2820 ἑσπέρᾳ
561 2747 924 2818 ἐνεργουμένη
954 2746 1043 2799 διὰ
1070 2744 1270 2808 παντὸς
1286 2745 1599 2816 ζκαθορᾶται
1618 2760 1631 2772 ·
1659 2745 1798 2796 νοεῖν

203 2838 260 2892 δὲ
316 2838 498 2891 δίδωσι
553 2839 726 2892 ταῦτα
765 2840 794 2891 6
841 2838 1014 2907 μέγας
1075 2837 1261 2900 Δαυῒδ,
1320 2835 1664 2890 κατευθύνων
1719 2836 1797 2899 είς

203 2930 387 3000 ὀσμὴν
425 2931 652 2992 εὐωδίας
687 2929 766 3000 τῷ
802 2929 921 3000 Θεῴ
953 2930 1052 3000 τῆς
1077 2929 1388 3001 προσευχῆς
1427 2927 1488 2980 τὸ
1527 2927 1794 2996 θυμίαμα’

205 3023 307 3076 καὶ
339 3020 429 3075 διὰ
463 3023 563 3092 τῆς
624 3023 898 3084 ἐκτάσεως
934 3021 1044 3074 τῶν
1093 3019 1314 3091 χειρῶν,
1362 3017 1660 3090 ίερουργῶν
1702 3019 1798 3089 τὴν

1895 551 1950 606 in
1981 567 2210 622 corpore
2239 552 2383 622 pilus
2407 551 2613 622 absque
2645 567 2810 608 sensu
2842 552 2934 618 sit,
2967 567 3078 608 non
3103 551 3303 622 injuria
3325 565 3474 605 mor-

1895 647 1967 701 tis
2005 643 2312 718 symbolum
2344 645 2569 700 dicitur.

1965 830 2092 886 Haec
2123 831 2288 900 igitur
2315 832 2370 884 in
2399 830 2684 901 superiore
2714 829 3070 884 tabernaculo
3097 829 3474 884 materialibus

1896 921 2006 977 illis
2031 921 2339 992 signiﬁcata
2371 934 2645 990 putamus.
2676 920 2733 972 In
2755 918 3013 973 inferiore
3037 933 3184 983 vero,
3213 919 3474 988 quoniam

1897 1015 2095 1084 saepius
2119 1029 2148 1067 a
2182 1013 2352 1068 Paulo
2380 1013 2622 1067 Ecclesia
2675 1010 2927 1065 Christus
2967 1011 3292 1080 appellatur,
3319 1011 3473 1064 Chri-

1897 1115 2016 1162 stus
2047 1117 2250 1170 autem,
2281 1114 2339 1160 ut
2362 1107 2622 1164 diximus,
2654 1105 2908 1173 superius
2931 1103 3341 1158 tabernaculum
3368 1110 3474 1168 est,

1897 1215 2008 1253 non
2035 1206 2123 1254 est
2169 1199 2432 1265 alienum,
2458 1200 2504 1253 si
2546 1198 2670 1268 quis
2700 1197 3002 1251 Ecclesiam
3047 1211 3199 1250 suam
3247 1196 3476 1249 inferius

1897 1308 2020 1348 esse
2048 1291 2462 1346 tabernaculum
2491 1291 2811 1351 arbitretur,
2844 1289 2896 1341 in
2921 1302 3029 1356 quo
3058 1288 3323 1341 columna:
3348 1296 3477 1340 sunt

1897 1381 2283 1450 mysteriorum
2317 1379 2576 1434 Ecclesia:
2611 1378 2872 1442 ministri,
2912 1392 3054 1446 quos
3087 1378 3190 1430 hoc
3231 1379 3350 1445 ipso
3381 1391 3477 1428 no-

1891 1473 2048 1526 mine
2095 1487 2491 1542 nonnunquam
2539 1472 2879 1540 appellamus
2923 1469 3253 1522 :ministros
3297 1478 3474 1522 autem

1898 1566 2198 1636 apostolos.
2227 1565 2540 1636 pr0phetas,
2567 1563 2839 1617 doctores.
2868 1559 2979 1614 Nec
3005 1561 3148 1615 enim
3179 1561 3354 1615 solum
3379 1556 3479 1612 Pe-

1897 1667 2019 1711 trus
2047 1664 2101 1709 et
2123 1654 2364 1710 Joannes
2393 1663 2446 1709 et
2474 1653 2711 1709 Jacobus
2733 1655 3002 1709 columna:
3034 1651 3292 1706 Ecclesiae
3321 1661 3476 1712 sunt,

1898 1763 2000 1802 nec
2028 1745 2273 1801 Joannes
2304 1744 2548 1814 Baptista
2581 1753 2794 1798 tantum
2842 1743 3043 1798 ardens
3072 1751 3189 1797 erat
3225 1741 3473 1812 lychnus,

1899 1838 1994 1893 sed
2035 1852 2227 1892 omnes
2264 1837 2465 1906 quibus
2512 1836 2756 1890 Ecclesia
2807 1841 3170 1894 sustentatur,
3217 1835 3311 1901 qui
3361 1834 3476 1886 suis

1891 1930 2158 2000 operibus
2180 1929 2474 1984 luminaria
2500 1928 2628 1981 facti
2662 1935 2815 1988 sunt,
2838 1926 2891 1980 hi
2915 1927 3184 1980 columnae
3211 1935 3265 1979 et
3295 1926 3473 1995 lychni

1891 2029 2304 2090 nuncupantur.
2371 2037 2390 2070 ι
2429 2017 2542 2074 Vos
2594 2019 2730 2072 estis
2783 2018 2874 2071 lux
2927 2016 3148 2081 mundi,
3201 2035 3219 2069 ι
3265 2013 3476 2071 Veritas

1899 2112 2163 2182 apostolis
2202 2113 2277 2166 ait
2301 2111 2349 2142 “
2382 2130 2396 2165 :
2431 2125 2495 2165 ac
2536 2125 2759 2164 rursum
2810 2110 2954 2166 alios
2979 2109 3140 2164 divus
3184 2108 3480 2178 Apostolus

1897 2204 2054 2273 quasi
2084 2203 2369 2257 columnas
2394 2201 2666 2262 hortatur,
2693 2217 2818 2256 cum
2844 2201 2982 2256 dicit
3013 2219 3024 2253 :
3063 2220 3080 2250 ι
3111 2199 3276 2255 Firmi
3306 2208 3480 2256 estote

1898 2304 2061 2366 atque
2095 2296 2403 2350 immobiles
2433 2295 2500 2349 ".
2544 2313 2562 2346 ι
2607 2297 2675 2348 At
2705 2311 2838 2350 vero
2877 2293 3224 2350 Timotheum
3273 2295 3481 2348 colum-

1899 2402 2024 2441 nam
2053 2387 2478 2456 pulcherrimam
2527 2385 2829 2440 fabricatus
2870 2396 2978 2450 est,
3017 2403 3140 2439 cum
3184 2386 3364 2455 ipsum
3396 2386 3481 2439 lir-

1899 2478 2140 2532 mitatem
2173 2478 2420 2532 veritatis
2442 2493 2554 2532 suae
2573 2479 2721 2532 vocis
2750 2477 3000 2532 doctrina
3025 2477 3263 2532 ell'ecerit
3278 2477 3345 2532 ”.
3367 2476 3480 2532 Hoc

1900 2571 1954 2624 in
1981 2570 2332 2625 tabernaculo
2357 2577 2412 2623 et
2446 2569 2781 2623 sacriﬁcium
2816 2568 3013 2632 laudis,
3049 2577 3101 2621 et
3131 2571 3260 2622 thus
3285 2569 3481 2622 oratio-

1900 2662 1988 2716 nis
2019 2661 2072 2714 in
2107 2676 2266 2714 mane
2288 2675 2352 2714 ac
2375 2675 2662 2729 vesperum
2693 2659 2942 2714 adhiberi
2968 2675 3182 2728 semper
3209 2661 3476 2715 videmus.

1895 2750 2016 2806 Hoc
2043 2752 2122 2806 sic
2153 2751 2457 2820 intelligere
2489 2748 2658 2803 David
2701 2749 2794 2803 ille
2836 2764 2938 2802 nos
2984 2748 3216 2814 inducit,
3267 2751 3358 2819 qui
3396 2753 3479 2804 in-

1900 2857 2126 2895 censum
2175 2841 2445 2894 orationis
2482 2841 2534 2893 in
2569 2842 2789 2894 odorem
2837 2839 3129 2896 suavitatis
3177 2841 3382 2910 dirigit,
3425 2849 3482 2896 et

1900 2948 2165 2986 manuum
2215 2934 2592 2987 extensionem
2623 2931 2956 2987 sacriﬁcium
2995 2947 3119 2988 esse
3163 2934 3359 2988 asserit
3391 2949 3483 2988 ve-

1903 3024 2208 3093 spertinum
2241 3025 2310 3079 5'.
2349 3012 2545 3078 Urnas'
2572 3039 2722 3088 vero,
2765 3023 2828 3077 .id
2877 3033 2983 3091 est,
3015 3039 3146 3079 vasa
3183 3024 3248 3078 ad
3297 3026 3484 3076 lamn-

205 3113 426 3167 θυσίαν.
487 3114 774 3186 Λουτῆρας
825 3113 882 3167 δέ
930 3130 1016 3175 τις
1060 3113 1293 3175 ἁκούων,
1351 3114 1531 3180 νοήσει
1581 3111 1796 3171 πάντως

1903 3114 2056 3179 dum,
2079 3116 2203 3186 quis
2229 3117 2468 3185 ambiget
2499 3131 2594 3172 eos
2618 3132 2764 3180 esse,
2792 3117 2884 3187 qui
2903 3132 3000 3186 per
3035 3117 3482 3171 sacramentalem

201 3209 341 3268 τοὺς
396 3204 483 3258 διὰ
528 3205 623 3258 τοῦ
666 3206 930 3275 μυστικοῦ
977 3204 1168 3266 ὓδατος
1216 3203 1307 3255 τὸν
1364 3203 1638 3274 μολυσμὸν
1675 3203 1803 3254 ἀπο-

202 3297 508 3362 κλύζοντας
539 3298 647 3350 τῶν
683 3297 988 3368 ἁμαρτιῶν.
1027 3297 1242 3368 Λουτὴρ
1270 3292 1336 3366 ἦν
1366 3298 1394 3348 ὁ
1443 3295 1710 3362 Ἰωάννης,
1746 3294 1804 3347 ἐν

201 3390 293 3461 τῷ
333 3392 572 3464 Ἰορδάνῃ
623 3390 824 3452 λούων,
871 3391 938 3442 ἐν
993 3389 1071 3457 τῷ
1140 3391 1238 3459 τῆς
1289 3389 1576 3459 μετανοίας
1622 3386 1806 3456 βαπτί-

207 3499 384 3552 σματι
405 3501 420 3514 ο
459 3481 656 3552 λουτὴρ
700 3477 770 3552 ἦν
804 3481 832 3533 6
869 3481 1094 3550 Πέτρος,
1149 3480 1476 3550 τρισχιλίους
1505 3482 1647 3532 κατὰ
1670 3480 1804 3533 ταύ-

205 3575 309 3627 τὸν
365 3573 623 3638 καθάπαξ
667 3573 920 3640 κατάγων
971 3572 1065 3624 ἐπὶ
1111 3571 1174 3623 τὸ
1221 3570 1385 3641 ὕδωρ.
1438 3570 1652 3641 Λουτὴρ
1707 3568 1802 3622 τοῦ

211 3664 503 3718 Κανδάκου
567 3665 596 3716 6
651 3663 914 3726 Φίλιππος
937 3701 954 3726 ,
1011 3662 1104 3716 καὶ
1160 3663 1378 3715 πάντων
1434 3663 1636 3725 πάντες
1693 3659 1804 3713 τῶν

214 3756 554 3827 μετεχόντων
601 3755 703 3826 τῆς
747 3756 975 3826 δωρεᾶς,
1004 3758 1054 3809 οί
1096 3755 1447 3826 ἐνεργοῦντες
1492 3755 1590 3824 τὴν
1620 3754 1800 3823 χάριν.

211 3851 328 3912 Τὰς
379 3849 437 3902 δὲ
487 3847 744 3913 αὐλαίας,
795 3848 851 3901 αἳ
901 3847 991 3901 διὰ
1044 3848 1145 3917 τῆς
1198 3848 1314 3916 μετ’
1360 3845 1604 3916 ἀλλήλων
1651 3861 1804 3913 συμ-

213 3941 380 4012 ϐολῆς
427 3942 529 4010 τὴν
576 3940 782 4010 σκηνὴν
832 3941 890 3993 ἐν
945 3939 1132 4009 κύκλῳ
1193 3937 1654 4008 διαλαμϐάνουσι,
1704 3936 1802 4006 τὴν

213 4034 574 4102 άγαπητικὴν
601 4049 662 4084 τε
697 4032 792 4085 καὶ
814 4030 1096 4103 εἰρηνικὴν
1141 4030 1252 4082 τῶν
1285 4030 1650 4083 πιστευόντων
1674 4028 1805 4100 ὁμό-

212 4141 366 4177 νοιαν
413 4120 553 4176 εἷναί
594 4140 678 4187 τις
722 4123 987 4185 ὑπονοῶν,
1033 4123 1135 4175 οὐκ
1166 4122 1230 4176 ἂν
1261 4123 1494 4193 ἁμάρτοι
1530 4121 1623 4174 τοῦ
1671 4121 1804 4192 πρέ-

217 4232 449 4280 πονειςοις⁸
491 4215 634 4268 οὕτω
677 4215 772 4268 τοῦ
820 4213 983 4268 Δαϐὶδ
1026 4213 1483 4285 ἐρμηνεύσαντος,
1524 4213 1583 4275 ὃς
1616 4228 1800 4280 φησιν,

210 4307 447 4376 δεηθεὶς
487 4305 560 4358 τά
596 4305 721 4376 ὄριά
746 4321 837 4358 σου
870 4305 1114 4376 εἰρήνην.
1146 4304 1332 4374 Δέρμα
1359 4304 1415 4356 δὲ
1445 4303 1802 4374 πεφοινιγμέ-

214 4416 330 4464 νον,
361 4397 456 4450 καὶ
493 4396 706 4470 δέῤῥεις
738 4397 847 4450 άπὸ
885 4395 1109 4467 τριχῶν,
1139 4397 1272 4467 πρὸς
1302 4396 1507 4466 κόσμον
1543 4395 1642 4466 τῆς
1670 4411 1801 4464 σκησ

1909 3221 2102 3275 aquam
2159 3215 2508 3275 peccatorum
2567 3209 2764 3262 sordes
2821 3207 3099 3262 auferunt.
3149 3205 3318 3260 Luter
3367 3214 3486 3260 erat

1904 3295 2164 3357 Joannes,
2204 3296 2393 3350 lavans
2437 3298 2494 3351 in
2543 3295 2806 3364 Jordane,
2851 3299 2907 3352 in
2948 3299 3276 3367 baptismate
3323 3304 3488 3368 paeni-

1906 3389 2176 3442 tentiae“.
2212 3388 2361 3443 Talis
2405 3400 2521 3443 erat
2568 3391 2792 3454 Petrus,
2839 3390 2945 3444 tria
2994 3391 3163 3444 millia
3205 3390 3485 3445 hominum

1903 3481 2068 3534 simul
2095 3479 2161 3533 ad
2198 3481 2452 3549 baptismi
2483 3481 2758 3534 lavacrum
2793 3480 3070 3536 deducens
3099 3481 3164 3534 ⁶¹.
3197 3481 3488 3550 Philippus

1872 3586 2121 3647 (quoque
2148 3587 2283 3624 urna
2325 3571 2594 3627 Candacis
2635 3573 2759 3627 fuit.
2798 3572 2940 3638 Quid
2986 3575 3194 3629 multa?
3230 3575 3488 3630 omnibus

1874 3659 1995 3733 ’qui
2022 3664 2087 3717 ad
2121 3664 2378 3734 baptismi
2405 3663 2610 3718 donum
2646 3667 2895 3731 veniunt,
2933 3665 2968 3719 ii
3005 3666 3070 3720 ad
3101 3667 3302 3720 lotoria
3333 3679 3486 3732 sunt,

1903 3756 1996 3824 qui
2044 3755 2353 3810 ministerio
2402 3771 2502 3810 suo
2541 3755 2772 3825 gratiam
2828 3757 3089 3826 praebent.
3123 3757 3306 3812 Aulaza
3355 3775 3489 3815 vero

1903 3863 2026 3917 qua:
2061 3847 2203 3903 inter
2224 3862 2284 3902 se
2314 3862 2564 3902 connexa
2601 3848 3016 3902 tabernaculum
3042 3848 3096 3902 in
3121 3849 3309 3904 orbem
3345 3865 3491 3904 com-

1905 3938 2246 4007 plectuntur,
2284 3939 2572 3992 amabilem
2606 3939 2998 4009 paciﬁcamque
3027 3940 3368 3994 credentium
3399 3959 3483 3996 es-

1901 4044 1964 4084 se
1990 4029 2346 4083 concordiam
2400 4043 2508 4082 non
2546 4029 2783 4083 absurde
2825 4030 3101 4100 quispiam
3138 4031 3357 4086 dixerit.
3396 4030 3488 4088 Sic

1900 4120 2050 4172 enim
2097 4117 2268 4172 David
2313 4118 2459 4172 hunc
2494 4118 2672 4172 locum
2709 4121 3032 4190 exposuisse
3077 4121 3316 4186 videtur,
3363 4139 3487 4178 cum

1901 4209 2096 4265 dicat:
2141 4210 2244 4276 Qui
2292 4211 2451 4281 ponis
2503 4211 2768 4265 terminos
2825 4219 2950 4266 tuos
2998 4227 3212 4282 pacem.
3264 4214 3486 4268 Corium

1900 4311 2035 4352 vero
2076 4311 2440 4367 purpureum,
2474 4303 2527 4350 et
2561 4311 2692 4366 saga
2729 4313 2796 4351 ex
2828 4297 2976 4367 pilis,
3014 4298 3079 4352 ad
3115 4309 3370 4352 ornatmn
3403 4307 3487 4352 ta-

1901 4390 2192 4444 bernaculi
2228 4388 2586 4458 pertinentia,
2623 4388 3040 4443 accommodate
3087 4390 3484 4460 iutelligentur,

214 4489 318 4559 γῆς
350 4487 723 4547 συντελοῦσαι,
776 4487 1126 4557 καταλλήλως
1173 4487 1239 4540 ἂν
1272 4486 1515 4556 νοηθεῖεν
1556 4486 1591 4557 ἦ
1623 4502 1684 4538 τε
1713 4485 1797 4538 νέ-

1907 4483 1955 4538 si
1987 4497 2086 4553 pro
2119 4482 2271 4535 corio
2301 4480 2655 4535 mortificatio
2684 4495 2869 4550 pronae
2899 4480 2966 4533 ad
3004 4481 3342 4550 peccandum
3367 4495 3489 4534 car-

216 4596 429 4651 κρωσις
474 4580 575 4648 τῆς
623 4580 1001 4651 ἁμαρτητικῆς
1058 4578 1292 4651 σαρκὸς,
1351 4575 1418 4650 ἧς
1466 4579 1694 4647 αἴνιγμα
1744 4576 1806 4629 τὸ

218 4671 643 4742 πεφοινιγμένον
683 4672 858 4742 δέρμα
896 4672 1034 4736 ἐστὶ,
1085 4672 1182 4725 καὶ
1218 4673 1252 4742 ὴ
1280 4672 1509 4742 τραχεῖα
1559 4667 1803 4739 διαγωγὴ

215 4765 342 4817 κατ’
366 4765 719 4834 ἐγκράτειαν,
749 4758 831 4826 οἷς
869 4763 1164 4833 ὡραῖζεται
1196 4762 1428 4832 μάλιστα
1472 4762 1506 4830 ἡ
1538 4763 1638 4830 τῆς
1683 4760 1806 4812 Ἐκ-

217 4856 456 4926 κλησίας
486 4855 682 4925 σκηνή.
726 4855 805 4908 Τὰ
833 4854 942 4924 γάρ
974 4854 1219 4924 δέρματα
1247 4854 1483 4924 ζωτικὴν
1507 4854 1564 4904 ἐν
1597 4853 1806 4915 ἑαυτοῖς

216 4947 324 5000 οὐκ
371 4947 565 5016 ἔχοντα
607 4945 837 5016 δύναμιν
881 4947 980 5017 τὴν
1030 4947 1095 4998 ἐκ
1139 4946 1373 5014 φύσεως,
1415 4948 1482 5015 τῇ
1534 4944 1678 5014 βαφῇ
1708 4943 1804 4996 τοῦ

219 5039 576 5110 ἐρυθήματος
602 5039 799 5108 εὐανθῆ
844 5039 1079 5108 γίνεται,
1132 5039 1269 5107 ὅπερ
1295 5037 1559 5099 διδάσκει,
1587 5036 1686 5106 τὴν
1716 5034 1805 5089 διά

218 5128 317 5184 τοῦ
350 5127 667 5198 Πνεύματος
713 5125 1053 5181 ἐπανθοῦσαν
1081 5126 1242 5196 χάριν
1287 5127 1362 5197 μὴ
1395 5126 1450 5178 ἐν
1485 5125 1692 5196 ἑτέροις
1720 5123 1806 5190 γί-

220 5221 434 5284 νεσθαι,
462 5223 512 5273 εί
549 5224 621 5292 μή
652 5237 795 5282 τινες
823 5221 1048 5283 ἑαυτοὺς
1079 5223 1144 5290 τῇ
1179 5221 1427 5294 ἁμαρτίᾳ
1459 5217 1802 5290 θεκρὼσαιεν.

220 5315 286 5369 Εἰ
312 5315 368 5368 δὲ
397 5313 494 5368 καὶ
526 5315 560 5384 ἡ
594 5312 826 5384 σώφρων
854 5312 1016 5376 αἰδὼς
1049 5310 1156 5384 Ιού]
1188 5315 1253 5384 τῇ
1303 5312 1448 5382 βαφῇ
1478 5311 1571 5364 τοῦ
1609 5310 1807 5382 ἐρυθή-

222 5421 400 5477 ματος
429 5405 537 5457 ὐπὸ
562 5403 655 5457 τοῦ
689 5405 847 5473 λόγου
876 5404 1222 5476 σημαίνεται,
1256 5404 1349 5457 ἐπὶ
1385 5402 1464 5472 τῷ
1496 5402 1808 5473 βουλομένῳ

221 5495 486 5567 ποιοῦμαι
532 5495 631 5566 τὴν
662 5495 859 5566 κρίσιν.
902 5497 965 5548 Ἦ
1009 5495 1066 5548 δὲ
1109 5494 1218 5548 τῶν
1246 5494 1449 5566 τριχῶν
1497 5493 1805 5563 συμπλοκὴ,

221 5588 399 5659 τραχύ
421 5605 483 5642 τε
525 5589 618 5642 καὶ
645 5587 876 5650 δυσαωές
917 5588 1340 5641 ἀπεοναῖοιιένη
1376 5585 1682 5654 ἐξύφασμα,
1710 5585 1809 5654 τὴν

1912 4575 2022 4636 nis,
2061 4589 2158 4644 pro
2205 4575 2388 4643 sagis,
2420 4573 2664 4626 strictior
2698 4571 2916 4626 vivendi
2971 4587 3187 4639 norma,
3231 4580 3286 4628 et
3330 4574 3486 4642 quasi

1911 4666 2107 4721 durior
2140 4665 2506 4734 intelligitur:
2549 4664 2637 4717 bis
2667 4665 2813 4718 euitn
2851 4664 3085 4717 maxime
3120 4662 3378 4718 Ecclesia:
3415 4675 3490 4716 ta-

1910 4758 2272 4813 bernaculum
2303 4763 2622 4811 exornatur.
2651 4753 2820 4808 aCoria
2851 4753 2996 4808 enim
3031 4768 3154 4807 cum
3185 4755 3391 4808 nullam
3434 4754 3490 4808 in

1907 4863 1968 4902 se
1997 4847 2214 4902 vivendi
2246 4848 2502 4900 virtutem
2535 4858 2564 4896 a
2611 4853 2812 4898 natura
2844 4843 3140 4906 retineant,
3182 4843 3368 4897 colore
3399 4859 3483 4896 ru-

1913 4940 2131 4996 bedinis
2181 4938 2375 4992 ﬂorere
2412 4937 2667 4990 videntur
2713 4954 2726 4990 :
2775 4933 2921 5004 quod
2954 4933 3194 4988 ostendit
3240 4933 3488 4989 ﬂoridam

1928 5025 2166 5097 Spiritus
2181 5028 2412 5098 gratiam
2440 5043 2548 5082 non
2579 5027 2827 5082 habitare
2862 5026 2914 5080 iu
2955 5026 3192 5089 homine,
3234 5027 3336 5080 nisi
3373 5026 3487 5095 pri-

1911 5133 2002 5172 mo
2049 5119 2258 5188 peccati
2289 5118 2396 5171 vim
2443 5119 2497 5171 in
2549 5121 2730 5187 seipso
2777 5116 3208 5171 mortificaverit.
3265 5114 3320 5170 Si
3358 5133 3489 5172 vero

1912 5209 2173 5280 pudorem
2217 5209 2381 5264 etiam
2416 5208 2724 5263 modestum
2758 5208 2962 5262 coloris
3013 5207 3280 5261 rubedine
3318 5206 3488 5275 signi-

1911 5303 2062 5355 licari
2109 5300 2382 5370 quispiam
2433 5301 2750 5365 contendat,
2796 5316 2906 5354 non
2953 5309 3101 5354 certe
3155 5300 3485 5356 reluctabor.

1909 5393 2153 5448 Pilorum
2179 5401 2360 5447 autem
2403 5391 2678 5446 intricatio
2707 5405 2959 5461 asperam
3009 5391 3176 5444 lactui
3209 5399 3486 5446 texturam

1909 5488 2175 5545 elliciens.
2219 5499 2470 5556 asperam
2524 5492 2578 5538 et
2614 5484 2927 5552 passionum
2976 5484 3134 5538 nobis
3195 5483 3484 5539 insitarum

1911 5580 2256 5636 domitricem
2305 5579 2699 5633 continentiam
2743 5577 3073 5632 subindicat.
3126 5575 3257 5642 Quae
3303 5577 3486 5630 omnia

297 5769 341 5800 "
376 5769 566 5824 Matth.
604 5783 656 5834 v,
691 5768 776 5822 Η.
853 5767 897 5798 ⁸⁷
924 5765 941 5819 l
972 5765 1098 5821 Cor.
1131 5782 1218 5820 xv.
1254 5764 1343 5818 58.
1419 5763 1466 5793 ⁸⁸
1494 5760 1511 5813 l
1535 5757 1776 5814 'l‘imotli.
1803 5771 1883 5823 Ill,
1913 5755 2000 5809 15.
2079 5755 2123 5786 "
2145 5753 2290 5809 Psal.
2321 5769 2430 5814 xw,
2463 5752 2519 5804 ‘2.
2581 5752 2625 5783 "
2649 5750 2782 5805 Luc.
2819 5765 2901 5816 Ill,
2931 5750 2982 5804 ὅ.
3062 5749 3104 5782 ⁶¹
3135 5750 3257 5804 Act.
3285 5766 3342 5815 ll,
3392 5749 3484 5804 Η.
