3876 6218
417 340 526 397 '5‘57

1659 337 1715 392 S.
1757 335 2090 393 GREGORII
2121 336 2411 393 NYSSENI

3587 347 3697 402 5‘88

417 454 495 508 ita
525 466 588 508 se
616 450 819 505 habere
857 448 1149 504 continuat
1187 463 1377 504 eorum
1411 449 1545 514 vita,
1585 450 1678 519 qui
1718 451 1771 504 in
1807 465 1991 520 perpe-

2106 452 2366 520 τραχεῖαν
2385 448 2593 521 ταύτην
2613 450 2705 503 καὶ
2725 449 3099 523 δαπανητικὴν
3127 453 3234 506 τῶν
3258 455 3697 527 καθομιλούντων

417 561 511 600 tua
549 543 757 613 degunt
787 543 1120 612 virginitate.
1151 558 1274 612 qua:
1319 558 1540 598 carnem
1591 543 1664 597 ita
1704 544 2000 598 viventium

415 637 674 707 castigat.
711 635 842 703 Quae
873 651 1004 692 vero
1044 636 1192 691 intus
1234 644 1412 701 erant,
1440 636 1638 691 Sancta
1685 643 2002 691 sanctorum

417 728 874 792 nominabantur,
909 727 976 782 ad
1005 742 1128 797 quae
1153 725 1444 780 multitudo
1465 726 1746 796 pervenire
1773 741 1881 780 non
1906 743 2004 795 po-

412 829 578 884 terat,
615 819 730 874 hate
760 835 942 874 rerum
991 819 1272 872 veritatem
1315 817 1647 888 signilicant.
1703 815 1998 873 Veritatem

415 912 558 966 hanc
590 912 834 983 mysterii
859 911 1033 966 nostri
1055 911 1180 964 dico
1209 924 1323 963 rem
1357 919 1626 975 sanctam,
1660 919 1714 964 et
1745 919 1996 965 sanctum

414 1015 756 1066 sanctorum,
789 1012 844 1057 et
871 1005 1057 1060 multis
1084 1003 1712 1074 incomprehensibilem.
1747 1001 1871 1057 Haec
1901 1019 1996 1058 ve-

417 1091 552 1144 ritas
580 1092 634 1144 in
662 1091 846 1162 adytis
887 1092 1232 1147 tabernaculi
1275 1091 1600 1154 constituta,
1652 1091 1861 1161 absque
1898 1107 2000 1147 cu-

414 1182 664 1238 riositate
711 1184 895 1253 aliqua
945 1183 1176 1254 intelligi
1213 1199 1278 1238 ac
1314 1183 1485 1253 recipi
1531 1183 1712 1238 debet.
1754 1183 2000 1238 Creden-

411 1275 542 1328 dum
573 1277 717 1330 enim
764 1283 869 1341 est,
905 1275 978 1328 ita
1018 1291 1141 1330 esse
1174 1287 1232 1330 ut
1277 1273 1522 1329 Ecclesia
1573 1274 1849 1344 praedicat,
1887 1289 1998 1330 non

411 1377 593 1421 tamen
638 1367 815 1422 oculis
857 1366 1102 1421 omnium
1155 1368 1305 1420 cerni
1340 1381 1521 1436 posse.
1571 1366 1667 1420 sed
1708 1367 1765 1420 in
1799 1367 2000 1423 mentis

413 1460 590 1528 ipsius
613 1458 990 1530 penetralibus
1019 1456 1439 1512 indubitabilem
1467 1456 1753 1511 veritatem
1780 1471 1994 1526 perma-

411 1568 560 1608 nere.

2111 539 2302 595 παθῶν
2366 542 2695 610 ἐγκράτειαν
2750 542 3163 598 ὑπαινίσσεται·
3223 547 3290 600 τὰ
3342 547 3399 600 δέ
3469 551 3699 604 τοιαῦτα

2110 631 2288 685 πάντα
2311 631 2584 684 δείκνυσιν
2623 632 2710 702 ἐφ’
2744 633 2943 704 ἐαυτῆς
2989 635 3021 705 ή
3076 636 3133 687 ἐν
3181 637 3450 710 παρθενίᾳ⁵
3492 639 3628 711 ζωὴ,
3664 644 3699 711 ἡ

2108 719 2207 790 τὴν
2241 721 2418 792 σάρκα
2445 719 2554 773 τῶν
2587 719 2730 774 οὑτω
2758 722 3016 792 βιούντων
3045 724 3431 790 ὑποπιέζουσα.
3476 729 3539 781 Εἰ
3561 728 3616 782 δὲ
3639 730 3700 782 τὸ

2107 811 2273 879 ἔιδον,
2297 813 2431 885 ὅπερ
2451 811 2634 881 Ἀγιον
2660 815 2830 882 ἁγίων
2863 815 3096 883 λέγεται,
3135 819 3247 879 τοῖς
3294 817 3504 882 πολλοῖς
3548 820 3701 873 ἐστιν

2105 905 2454 975 ἀνεπίϐατον,
2486 906 2620 977 μηδὲ
2673 908 2830 960 τοῦτο
2867 907 3093 978 ἀπᾴδειν
3118 911 3215 978 τῆς
3236 909 3344 961 τῶν
3387 911 3700 981 νοηθέντων

2103 997 2428 1059 ἀκολουθίας
2461 998 2789 1068 νομίσωμεν.
2822 999 3067 1069 Ἀληθῶς
3098 997 3204 1071 γὰρ
3240 1000 3394 1067 ἅγιόν
3422 1018 3474 1054 τι
3502 1002 3701 1073 χρῆμά

2105 1091 2243 1156 ἐστι,
2283 1091 2377 1144 καὶ
2403 1091 2576 1158 ἁγίων
2611 1091 2788 1160 ἅγιον,
2819 1093 2912 1144 καὶ
2955 1095 3069 1154 τοίς
3105 1091 3320 1157 πολλοῖς
3360 1093 3603 1164 ἄληπτόν
3632 1111 3700 1148 τι

2106 1183 2199 1237 καὶ
2249 1184 2565 1254 ἀπρόσιτον,
2616 1187 2649 1255 ή
2700 1183 2808 1236 τῶν
2859 1183 3029 1236 ὄντων
3075 1183 3320 1256 ἀλήθεια,
3362 1181 3432 1257 ἦς
3477 1188 3533 1240 ἐν
3580 1190 3697 1250 τοῖς

2105 1275 2323 1340 ἀδύτοις
2347 1293 2405 1328 τε
2434 1276 2529 1329 καὶ
2555 1276 2888 1348 ἀπορρήτοις
2910 1278 3010 1346 τῆς
3035 1275 3130 1328 τοῦ
3159 1278 3459 1348 μυστηρίου
3485 1283 3696 1348 σκηνῆς

2107 1367 2549 1438 καθιδρυμένης,
2601 1367 3169 1438 ἀπολυπραγμόνητον
3232 1365 3369 1423 εἶναι
3423 1370 3529 1440 χρὴ
3581 1371 3697 1424 τῶν

2105 1461 2244 1532 ὑπὲρ
2277 1460 2584 1531 κατάληψιν
2613 1461 2782 1515 ὄντων
2807 1461 2907 1531 τὴν
2935 1461 3262 1529 κατανόησιν
3287 1479 3300 1492 ⁸
3337 1463 3696 1527 πιστεύοντας

2101 1549 2240 1608 εἶναι
2303 1554 2402 1624 μὲν
2452 1555 2513 1607 τὸ
2552 1553 2902 1624 ζητούμενον,
2955 1554 3015 1606 οὑ
3069 1555 3175 1624 μὴν
3226 1557 3341 1618 τοῖς
3392 1555 3696 1625 ὀφθαλμοῖς

2103 1646 2322 1698 πάντων
2347 1645 2689 1715 προκεῖσθαι.
2717 1645 2829 1698 ἀλλ’
2863 1649 2921 1699 ἐν
2945 1649 3057 1710 τοῖς
3087 1645 3301 1709 ἀδύτοις
3328 1649 3425 1716 τῆς
3452 1647 3698 1710 διανοίας

2106 1735 2288 1804 μένειν
2322 1736 2655 1806 ἀπόρρητον.

481 1825 607 1880 llaec
637 1825 852 1895 aliaque
886 1825 1051 1894 hujus
1109 1824 1448 1881 tabernaculi
1480 1824 1692 1879 visione
1731 1823 1801 1878 ab
1845 1823 1991 1877 omni

2176 1827 2362 1880 Ταῦτα
2389 1804 2446 1880 δέ
2476 1804 2572 1880 καὶ
2601 1827 2670 1880 τά
2695 1825 2919 1880 τοιαῦτα
2957 1826 3264 1890 παιδευθεὶς
3288 1828 3374 1880 διὰ
3414 1830 3528 1896 τῆς·
3547 1828 3694 1882 κατά

408 1920 575 1974 sorde
607 1919 902 1972 mundatus
923 1920 1117 1974 oculus
1150 1919 1240 1973 ille
1270 1919 1468 1972 mentis
1499 1915 1754 1971 Mosaica:
1775 1917 1992 1981 doctus,

406 2011 824 2079 visionibttsquc
850 2011 935 2065 his
959 2011 1122 2065 altius
1137 2011 1409 2075 elevatus,
1433 2025 1626 2064 rursus
1643 2007 1710 2062 ad
1734 2010 2015 2062 cacumen‘

405 2105 633 2158 alterius
679 2104 893 2157 scandit
947 2103 1363 2172 speculationis,
1432 2100 1832 2156 sacerdotalem
1868 2116 1995 2170 per-

404 2197 628 2252 discens
661 2198 943 2259 vestitum,
998 2195 1054 2248 in
1083 2210 1192 2264 quo
1219 2202 1304 2249 est
1353 2193 1619 2248 subucula
1647 2201 1702 2247 et
1745 2195 1996 2262 superior

405 2290 612 2353 tunica,
631 2299 684 2344 et
708 2289 1004 2359 pectorale,
1032 2287 1176 2357 quod
1200 2287 1366 2341 variis
1389 2302 1453 2339 ac
1481 2285 1716 2339 diversis
1753 2285 1994 2355 lapidum

405 2381 710 2452 fulgoribus
754 2379 1160 2450 resplendebat,
1211 2379 1341 2430 vitta
1384 2376 1594 2430 circum
1646 2383 1830 2445 caput,
1867 2390 1994 2429 cum

404 2475 607 2528 lamina
627 2490 792 2544 super
809 2489 952 2538 eam,
984 2471 1396 2540 feminaliaque,
1423 2476 1477 2522 et.
1507 2484 1664 2538 poma
1697 2487 1710 2522 :
1743 2479 1796 2523 et
1825 2483 1994 2538 supra

405 2566 519 2619 haec
549 2565 736 2618 omnia
777 2564 1064 2627 rationale,
1102 2577 1168 2616 ac
1207 2561 1328 2631 ejus
1373 2558 1666 2628 judicium,
1701 2566 1756 2613 et
1783 2574 1905 2628 qua:
1937 2559 1992 2612 in

404 2659 651 2723 utrisque
689 2655 976 2722 inspicitur
1021 2653 1225 2707 veritas
1282 2651 1348 2715 “,
1399 2658 1452 2702 et
1487 2648 1683 2703 horum
1737 2651 1994 2720 utrinque

400 2746 724 2818 connectiva
771 2746 1244 2816 superhumeralia
1298 2744 1735 2813 patriarcharum
1793 2743 1994 2797 inscul-

402 2836 844 2908 ptanominibus,
869 2852 1104 2907 quorum
1129 2837 1374 2892 omnium
1400 2839 1622 2893 nomina
1641 2833 1994 2890 multitudine

399 2930 519 2999 ipsa
546 2928 865 2994 ostendunt,
911 2946 1020 2984 non
1046 2931 1328 2985 sensualia
1354 2930 1606 3001 quaedam
1637 2927 1932 2998 signiﬁcari
1971 2945 1986 2981 :

399 3022 601 3093 quibus
629 3022 775 3077 enim
805 3022 1055 3091 corporis
1098 3023 1343 3077 vestibus
1391 3024 1509 3076 haec
1551 3023 1796 3081 nomina,
1848 3019 1992 3088 judi-

399 3113 573 3179 cium,
612 3113 902 3177 rationale,
939 3113 1144 3167 veritas
1198 3111 1576 3167 conveniunt?
1627 3111 1809 3177 Quare
1837 3119 1986 3180 patet
2015 3144 2060 3205 Ο

400 3219 512 3258 non
540 3204 661 3271 ejus
712 3203 994 3258 sensibilis
1039 3203 1277 3258 amictus
1308 3204 1485 3274 gratia
1521 3203 1805 3257 historiam
1865 3218 1988 3256 esse

398 3295 759 3365 descriptam,
819 3295 913 3350 sed
972 3303 1032 3348 ut
1081 3295 1224 3349 alius
1247 3295 1468 3365 quidam
1514 3303 1744 3349 ornatus
1795 3296 1991 3348 animae

398 3389 669 3444 virtuosis
692 3390 954 3459 operibus
990 3388 1334 3444 ostendatur.
1377 3387 1512 3441 Nam
1541 3388 1670 3457 quid
1698 3388 1802 3441 sibi
1839 3385 1989 3440 aliud

399 3482 695 3532 voluerunt.
724 3479 840 3533 haec
879 3478 1101 3532 nomina
1132 3479 1238 3531 tria
1289 3479 1398 3533 illis
1426 3495 1454 3531 a
1492 3477 1675 3548 Moyse
1713 3479 1988 3546 imposita,

395 3571 688 3643 judicium,
739 3573 1030 3636 rationale,
1069 3571 1300 3626 veritas?
1348 3579 1441 3624 aut
1469 3572 1557 3624 cui
1589 3586 1828 3638 unquam
1864 3585 1989 3623 cor-

399 3663 575 3734 porali
598 3663 734 3718 vesti
769 3663 884 3716 hare
911 3664 1084 3718 indita
1120 3663 1382 3718 luerunt?
1405 3664 1536 3717 nulli
1571 3662 1852 3732 profecto:
1890 3676 1990 3715 nec

397 3755 544 3808 enim
580 3755 936 3818 conveniunt,
982 3755 1075 3809 sed
1109 3757 1329 3809 nomina
1374 3755 1492 3823 ipsa
1519 3755 1646 3822 quid
1675 3755 1991 3823 preligura-

397 3845 596 3908 verint,
613 3847 889 3914 aperiunt,
911 3853 965 3900 et
991 3845 1231 3900 laborem
1255 3845 1624 3915 expositionis
1647 3844 1987 3897 diminuunt.

401 3936 709 4008 llyacintbo
735 3948 822 3993 est.
881 3938 1072 3992 talaris
1121 3938 1294 3992 vestis
1327 3938 1518 3997 tincta,
1551 3952 1658 4005 qua
1694 3937 1785 4006 qtti
1843 3936 1990 3989 hunc

399 4030 582 4084 locum
613 4039 741 4085 ante
765 4045 865 4085 nos
895 4032 1158 4100 speculati
1191 4040 1486 4092 sunt.aera
1515 4029 1810 4098 signiﬁcari
1843 4029 1990 4082 allir-

399 4129 576 4174 mant.
615 4119 728 4190 Ego
755 4129 935 4176 autem
974 4133 1152 4175 utinm
1186 4123 1382 4178 habeat
1409 4121 1474 4174 ad
1500 4136 1721 4174 aereum
1745 4121 1985 4174 colorem

398 4211 502 4267 llos
565 4212 958 4282 hyacinthinus
991 4212 1330 4276 allinitatem,
1373 4228 1442 4266 an
1492 4228 1626 4277 non,
1670 4213 1796 4266 nolo
1856 4227 1990 4265 con-

399 4302 646 4358 tendere.
707 4302 996 4356 Rationem
1056 4320 1189 4358 vero
1239 4305 1382 4358 hanc
1433 4321 1544 4358 non
1613 4304 1824 4374 rejicio,
1878 4317 1989 4356 non

399 4397 546 4450 cnim
583 4411 776 4465 parum
808 4398 872 4450 ad
913 4400 1171 4450 virtutem
1203 4396 1514 4451 conducere
1567 4395 1783 4450 videtur
1813 4414 1826 4447 :
1856 4395 1990 4449 hor-

2096 1917 2196 1988 τὴν
2231 1917 2434 1988 σκηνὴν
2481 1919 2767 1986 ὀπτασίας,
2809 1920 2837 1971 ό
2880 1917 3289 1988 κεκαθαρμένος
3343 1920 3548 1982 ἐκεῖνος
3593 1920 3695 1987 ὀφ-

2099 2011 2302 2081 θαλμὸς
2352 2011 2450 2080 τῆς
2497 2013 2775 2074 Μωῦσέως
2826 2011 3042 2081 ἐκείνης
3088 2009 3286 2081 ψυχῆς,
3331 2013 3424 2064 καὶ
3458 2012 3547 2065 διά
3579 2011 3693 2064 τῶν

2096 2103 2350 2156 τοιούτων
2400 2102 2636 2171 ὑψωθεὶς
2687 2103 2993 2172 θεαμάτων,
3040 2103 3202 2156 πάλιν
3255 2103 3390 2174 πρὸς
3440 2106 3693 2174 κορυφὴν

2097 2197 2272 2250 ἄλλων
2320 2195 2607 2266 νοημάτων
2660 2195 3072 2258 ἀναϐιϐάζεται,
3109 2196 3199 2249 τὸν
3250 2197 3540 2266 στολισμὸν
3588 2201 3691 2268 τῆς

2101 2289 2397 2360 ἱερωσύνης
2427 2288 2913 2357 ἐκπαιδευόμενος·
2969 2290 3028 2342 ἐν
3060 2283 3139 2352 οἷς
3175 2289 3322 2341 ἐστιν
3364 2289 3392 2341 ὅ
3441 2305 3502 2341 τε
3553 2290 3688 2341 ὑπο-

2095 2382 2280 2453 δύτης,
2333 2383 2426 2434 καὶ
2474 2385 2503 2436 ὁ
2547 2381 2861 2451 ἐπενδύτης,
2893 2379 2988 2434 καὶ
3025 2381 3086 2434 τὸ
3132 2381 3461 2451 προστήθιον
3505 2383 3684 2434 ἐκεῖνο

2095 2477 2214 2537 ταῖς
2263 2474 2534 2538 ποικίλαις
2581 2473 2691 2528 τῶν
2730 2473 2896 2526 λίθων
2931 2473 3148 2541 αἴγλαις
3180 2473 3684 2543 περιλαμπόμενον,

2096 2567 2190 2619 καὶ
2232 2567 2265 2637 ή
2302 2567 2432 2636 περὶ
2471 2566 2570 2636 τὴν
2608 2564 2851 2636 κεφαλὴν
2883 2566 3084 2629 ταινία,
3137 2565 3231 2618 καὶ
3262 2565 3322 2617 τὸ
3371 2566 3456 2617 ἐπ’
3514 2566 3687 2635 αὐτῆς

2095 2659 2345 2722 πέταλον,
2393 2660 2425 2730 ἡ
2457 2657 2796 2729 περισκελὶς,
2831 2657 2882 2709 οί
2919 2658 3146 2728 ῥοΐσκοι,
3188 2658 3238 2709 οἱ
3277 2655 3547 2720 κώδωνες,
3571 2651 3686 2710 εἶτα

2095 2750 2354 2821 ὑπεράνω
2417 2749 2659 2813 πάντων,
2689 2747 2751 2802 τδ
2800 2747 2980 2817 λόγιόν
3016 2766 3076 2801 τε
3103 2747 3194 2802 καὶ
3237 2750 3271 2817 ή
3303 2747 3560 2818 δήλωσις,
3594 2747 3686 2800 καὶ

2094 2844 2127 2911 ή
2159 2843 2245 2894 ἐπ’
2281 2844 2483 2912 ἀμφοῖν
2513 2840 2864 2912 θεωρουμένη
2904 2840 3152 2911 ἀλήθεια,
3188 2840 3249 2894 αἴ
3280 2857 3340 2893 τε
3369 2841 3686 2894 συνδετικαὶ

2092 2933 2296 2986 τούτων
2338 2932 2679 3004 ἑκατέρωθεν
2720 2931 3014 3002 ἐπωμίδες,
3045 2932 3527 3002 ἐγκεκολαμμέναι
3579 2933 3686 2984 τῶν

2093 3043 2295 3096 πατρια
2306 3025 2447 3095 ρχῶν
2474 3025 2542 3078 τὰ
2574 3024 2816 3094 ὀνόματα
2837 3038 2850 3051 ⁸
2893 3017 2968 3077 ὧν
3001 3025 3366 3095 ὑποτέμνεται
3392 3024 3454 3076 τὸ
3482 3024 3687 3093 πλῆθος

2092 3121 2189 3188 τῆς
2223 3118 2342 3170 καθ’
2377 3118 2606 3170 ἕκαστον
2646 3115 2908 3187 ἀκριϐοῦς
2931 3115 3184 3186 θεωρίας,
3215 3115 3356 3170 αὑτά
3385 3119 3486 3187 τῆς
3525 3135 3684 3187 περι-

2091 3211 2255 3282 ϐολῆς
2281 3211 2348 3263 τά
2400 3210 2660 3279 ὀνόματα.
2706 3209 2864 3261 Ποῖον
2910 3207 3020 3278 γάρ
3057 3207 3382 3277 σωματικῶν
3437 3208 3688 3277 ἐσθημά-

2091 3319 2198 3354 των
2245 3301 2434 3370 δνομα,
2483 3299 2734 3370 δήλωσις,
2776 3297 2810 3369 ἢ
2844 3297 3044 3366 λόγιον,
3079 3297 3112 3368 ἦ
3153 3297 3418 3370 ἀλήθεια;
3457 3294 3492 3369 ἦ
3530 3299 3687 3370 δηλοο

2092 3392 2204 3444 νότι
2276 3393 2548 3444 δείκνυται
2620 3390 2708 3442 διὰ
2786 3389 3010 3455 τούτων,
3063 3390 3124 3442 τὸ
3195 3390 3269 3461 μὴ
3326 3391 3532 3461 ταύτην
3590 3394 3692 3462 τὴν

2092 3479 2353 3551 αἰσθητὴν
2423 3478 2708 3550 περιϐολὴν
2761 3478 2847 3532 διὰ
2916 3482 3015 3550 τῆς
3080 3479 3320 3550 ἱστορίας
3379 3483 3509 3550 ημῖν
3551 3481 3689 3534 ὑπο-

2092 3572 2420 3642 γράφεσθαι,
2467 3572 2602 3625 ἀλλά
2651 3588 2774 3624 τινα
2809 3571 3012 3640 κόσμον
3039 3569 3239 3642 ψυχῆς,
3291 3570 3381 3624 διὰ
3408 3571 3520 3623 τῶν
3564 3572 3689 3623 κατ’

2091 3665 2293 3736 ἀρετὴν
2361 3664 2808 3733 ἐπιτηδευμάτων
2883 3662 3325 3732 ἐξυφαινόμενον.
3402 3663 3693 3726 Ὑάκινθός

2093 3760 2240 3810 ἐστιν
2270 3760 2302 3827 ή
2336 3756 2428 3810 τοῦ
2460 3757 2732 3828 ποδὴρους
2764 3755 2908 3825 βαφή
2935 3770 2948 3786 ’
2987 3756 3119 3824 φασὶ
3147 3755 3204 3808 δέ
3249 3772 3396 3818 τινες
3424 3754 3534 3807 τῶν
3580 3755 3694 3825 πρὸ

2093 3849 2248 3918 ἡμῶν
2274 3847 2697 3918 τεθεωρηκότων
2722 3845 2812 3897 τὸν
2839 3845 3019 3913 λόγον,
3046 3845 3138 3898 τὸν
3159 3845 3297 3916 ἀέρα
3323 3843 3693 3914 σημαίνεσθαι

2091 3944 2156 4011 τῇ
2205 3939 2369 4010 βαφῇ.
2415 3938 2556 4007 Ἐγὼ
2587 3939 2644 3992 δέ
2681 3940 2728 3991 εἰ
2757 3938 2856 4008 μέν
2883 3954 2936 3991 τι
2965 3936 3026 3990 τὸ
3053 3935 3294 3989 τοιοῦτον
3332 3934 3426 3987 τοῦ
3461 3933 3695 4004 χρώμα-

2091 4048 2182 4092 τος
2229 4030 2388 4092 ἄνθος
2434 4030 2571 4100 πρὸς
2618 4029 2680 4082 τὸ
2733 4029 2917 4098 ἀέριον
2967 4027 3168 4098 χρῶμα
3215 4026 3493 4094 συγγενῶς
3545 4026 3692 4096 ἔχει,

2092 4121 2336 4192 ἀκριϐῶς
2362 4121 2460 4173 οὑκ
2489 4120 2597 4190 ἔχω
2634 4117 3082 4190 διῖσχυρίζεσθαι.
3133 4117 3236 4170 Τὸν
3281 4118 3379 4188 μέν
3410 4134 3492 4169 τοι
3524 4116 3691 4184 λόγον

2093 4212 2193 4264 οὑκ
2233 4211 2521 4264 ἀποϐάλλω
2546 4226 2559 4239 ·
2599 4211 2863 4263 συντείνει
2893 4209 3003 4280 γὰρ
3032 4210 3168 4280 πρὸς
3192 4209 3292 4280 τὴν
3330 4209 3452 4262 κατ’
3480 4209 3695 4281 ἀρετὴν

2093 4303 2327 4373 θεωρίαν
2373 4303 2570 4372 νόημα,
2608 4303 2691 4354 ὅτι
2735 4301 3004 4372 βούλεται,
3036 4302 3126 4356 τὸν
3158 4301 3420 4372 μέλλοντα
3444 4302 3524 4373 τῷ
3564 4302 3694 4373 Θεῷ

2099 4396 2370 4468 ἱερᾶσθαι,
2402 4396 2497 4448 καὶ
2525 4396 2586 4448 τὸ
2615 4395 2811 4448 ἐαυτοῦ
2856 4395 3152 4467 προσάγειν
3181 4395 3338 4465 σῶμα
3372 4398 3438 4466 τῇ
3471 4398 3685 4468 ίερουρυ

401 4496 549 4542 tatur
576 4489 722 4542 enim
755 4488 857 4542 hoc
873 4490 1161 4557 aenigmate
1199 4503 1440 4550 omnem,
1469 4489 1564 4558 qui
1604 4487 1698 4542 Dei
1728 4488 1989 4542 sacerdo-

2096 4489 2189 4560 γία
2249 4489 2345 4541 καὶ
2383 4487 2611 4555 σφάγιον
2665 4485 2904 4555 γίνεσθαι
2964 4487 3042 4558 μὴ
3089 4486 3561 4558 νεκρούμενον,ὲν
3617 4491 3690 4558 τῇ

398 4577 536 4630 tium
588 4592 870 4632 assumere
923 4577 1127 4640 studet,
1180 4579 1420 4646 seipsnm
1487 4594 1551 4632 ac
1581 4594 1781 4648 corpus
1823 4593 1983 4634 suum

399 4665 512 4723 Deo
574 4666 772 4722 oﬁerre
825 4669 1082 4732 hostiam,
1113 4683 1222 4721 non
1251 4677 1563 4734 enecatum,
1620 4680 1716 4726 ant
1757 4681 1985 4737 casum,

397 4760 614 4830 (vivum
655 4759 802 4814 enim
839 4759 940 4814 hoc
993 4760 1350 4824 sacriﬁcium,
1383 4762 1779 4832 rationalisque
1803 4763 1986 4815 cultus

396 4855 488 4909 hic
539 4851 644 4922 est)
675 4866 775 4906 nec
814 4852 1000 4920 pingui
1037 4851 1274 4920 quodam
1304 4867 1368 4906 ac
1398 4867 1636 4909 carnoso
1671 4853 1835 4922 hujus
1865 4852 1990 4906 vita:

397 4946 626 5006 amictu,
645 4942 740 4995 sed
761 4942 1099 5004 tenne,sicut
1121 4942 1279 4996 telam
1300 4957 1518 4998 araneae
1544 4945 1749 4998 munda
1767 4943 1990 4997 vivendi

395 5036 614 5091 ratione
641 5034 976 5099 confectum,
1004 5041 1065 5087 ut
1092 5033 1308 5088 vivendi
1349 5035 1614 5090 tenuitate
1657 5036 1795 5099 leve,
1821 5043 1990 5104 atque

397 5142 619 5181 aereum
649 5125 876 5190 factum,
930 5142 1152 5181 sursum
1189 5142 1354 5196 posse
1410 5127 1540 5182 ferri
1568 5128 1839 5184 videatur.
1874 5128 1989 5182 Hoc

397 5219 543 5272 enim
583 5218 746 5272 modo
763 5234 888 5272 cum
914 5219 1271 5274 novissimam
1307 5221 1490 5274 tubam
1510 5221 1657 5274 illam
1676 5221 1985 5284 audiemus,

399 5312 546 5364 omni
585 5327 750 5366 onere
780 5313 1018 5376 liberati,
1061 5314 1211 5369 leves
1241 5315 1307 5370 ad
1337 5315 1582 5384 jnhentis
1614 5331 1800 5370 vocem
1839 5315 1986 5370 exsi—

402 5400 601 5454 liemus
631 5417 644 5453 :
671 5417 772 5454 nec
799 5403 1038 5470 pondere
1069 5405 1179 5458 ullo
1236 5405 1302 5457 ad
1339 5412 1542 5458 terram
1589 5404 1982 5473 deprimemur,

403 5489 498 5543 sed
525 5504 650 5542 cum
705 5489 933 5546 Domino
982 5509 1078 5562 per
1113 5509 1237 5549 aera
1273 5495 1536 5550 sublimes
1577 5494 1835 5549 feremur.
1879 5493 1984 5560 Qui

401 5595 558 5653 ergo,
598 5591 653 5634 ut
709 5582 996 5638 l’saltnisla
1029 5585 1184 5653 dicit,
1214 5587 1389 5658 [quasi
1441 5602 1696 5643 araneam
1743 5587 1984 5641 animam

471 5759 518 5791 ε’
551 5758 718 5814 Exod.
742 5777 930 5830 xxviii,
965 5763 1050 5819 50.

2092 4578 2240 4650 ζώσῃ
2275 4579 2436 4649 θυσίᾳ⁴
2476 4579 2569 4632 καὶ
2599 4577 2787 4651 λογικῇ
2826 4578 3074 4648 λατρεία,
3109 4577 3182 4648 μὴ
3206 4578 3408 4646 παχείᾳ
3444 4579 3552 4630 τινὶ
3588 4581 3693 4632 καὶ

2091 4671 2422 4742 πολυσάρκῳ
2435 4671 2526 4724 τοῦ
2545 4671 2660 4741 βίου
2676 4689 2741 4723 πε
2748 4671 2934 4742 ριϐολῇ
2948 4671 3348 4724 καταϐλάπτειν
3360 4671 3460 4740 τὴν
3477 4671 3688 4743 ψυχὴν,

2090 4763 2204 4816 ἀλλ’
2237 4763 2632 4817 ἀπολεπτύνειν
2662 4757 2774 4816 οἷόν
2799 4779 2852 4815 τι
2883 4763 3142 4833 ἀράχνιον
3171 4763 3320 4833 νῆμα
3347 4766 3412 4832 τῇ
3447 4764 3692 4834 καθαρό-

2091 4872 2215 4926 τητι
2239 4855 2340 4924 τῆς
2363 4854 2507 4926 ζωῆς
2536 4855 2711 4908 πάντα
2741 4855 2808 4908 τά
2843 4853 2936 4908 τοῦ
2965 4853 3082 4924 βίου
3126 4854 3555 4924 ἐπιτηδεύματα,
3588 4858 3692 4910 καὶ⁵

2093 4948 2260 5015 ἐγγὺς
2278 4943 2416 4999 εἶναι
2447 4945 2584 5017 πρὸς
2605 4946 2665 4998 τὸ
2682 4945 2964 5017 ἀνωφερές
2995 4963 3055 4998 τε
3103 4947 3198 5000 καὶ
3231 4945 3434 5014 κοῦφον
3477 4947 3574 5000 καὶ
3608 4949 3695 4999 ἐν·

2093 5039 2296 5109 αέριον,
2318 5039 2418 5108 τὴν
2447 5035 2751 5108 σωματώδη
2781 5037 2987 5108 ταύτην
3010 5035 3170 5107 φύσιν
3194 5039 3534 5109 μετακλάσαι
3553 5057 3568 5070 ·
3597 5040 3692 5094 ἵνα

2090 5131 2219 5183 ὅταν
2249 5130 2346 5197 τῆς
2385 5130 2621 5200 ἐσχάτης
2657 5127 2981 5200 ἀκούσωμεν
3013 5129 3329 5198 σάλπιγγος,
3351 5131 3579 5202 ἀϐαρεῖς
3626 5151 3691 5187 τε

2093 5222 2187 5273 καί
2209 5219 2398 5289 κοῦφοι
2418 5219 2554 5291 πρὸς
2572 5219 2670 5288 τὴν
2691 5219 2876 5289 φωνὴν
2890 5218 2984 5272 τοῦ
3003 5219 3316 5284 κελεύοντος
3339 5221 3690 5292 εὑρεθέντες,

2093 5312 2372 5382 μετάρσιοι
2419 5311 2487 5364 δι’
2521 5311 2683 5379 ἀέρος
2730 5309 2846 5380 ἅμα
2891 5309 2968 5381 τῷ
3001 5311 3190 5383 Κυρίῳ
3230 5312 3552 5382 φερώμεθα,
3581 5316 3694 5367 ὑπδ

2093 5406 2318 5475 μηδενὸς
2354 5405 2553 5476 βάρους
2579 5405 2672 5458 ἐπὶ
2711 5407 2809 5474 τὴν
2835 5406 2940 5474 γῆν
2974 5406 3380 5476 καθελκόμενοι.
3418 5407 3634 5460 Οὑκοῦν
3661 5411 3691 5461 ὁ

2090 5495 2233 5547 κατά
2281 5493 2379 5564 τὴν
2429 5489 2522 5546 τοῦ
2560 5491 2868 5562 Ψαλμῳδοῦ
2919 5493 3205 5562 ὑποθήκην
3229 5532 3243 5553 ,
3314 5491 3556 5562 ὲκτήξας
3610 5493 3690 5555 ῶς

2091 5585 2332 5656 ἀράχνην
2371 5583 2470 5656 τὴν
2517 5582 2709 5637 ἐαυτοῦ
2738 5581 2936 5652 ψυχὴν,
2971 5583 3062 5637 τὸν
3093 5581 3308 5654 ἀερώδη
3348 5585 3561 5638 ἐκεῖνον
3599 5600 3690 5654 χιι
