3876 6218
200 290 313 346 339

1518 303 1605 358 DE
1644 305 1802 361 VITA
1836 307 2110 368 MOYSIS.

3369 331 3473 386 590

197 406 349 462 τῶνα
380 409 737 480 περιεϐάλετο
767 415 834 468 ὲκ
873 415 1113 488 κεφαλῆς
1153 419 1233 482 είς
1277 417 1481 491 ἄκρους
1513 422 1681 487 πόδας
1711 424 1752 478 δι

1857 468 1864 485 .
1892 441 2046 480 suam
2081 427 2366 485 tabescere
2395 429 2542 497 fecit,
2567 432 2614 488 is
2639 433 2800 488 etiam
2829 434 2973 490 illam
2999 445 3201 492 vestem
3229 441 3468 510 seipsum

194 498 423 567 ήκοντα.
459 500 534 552 Οὐ
569 501 678 572 γὰρ
706 502 955 572 βούλεται
994 507 1348 562 κολοόοῦσθαι
1387 510 1484 580 τὴν
1523 511 1722 583 ἀρετὴν
1758 515 1787 568 6

194 589 382 658 νόμος.
430 589 493 643 Ἦ
521 587 614 646 οὖν
658 594 960 667 λαμπηδὼν
990 597 1098 652 τῶν
1129 599 1310 654 καλῶν
1346 601 1543 673 ἔργων,
1572 607 1620 657 οί
1654 624 1786 679 χρυ-

196 681 284 734 σοῖ
310 680 560 746 κὼδωνὲς
598 686 726 749 είσι,
760 690 873 750 τοῖς
909 689 1148 759 ῥοΐσκοις
1189 694 1646 765 περιδονούμενοι.
1679 697 1784 750 Δύο

191 772 306 842 γᾴρ
340 775 459 826 ἐστι
485 773 658 828 ταῦτα
699 779 1125 852 ἐπιτηδεύματα,
1176 784 1242 838 δι’
1272 778 1349 839 ὧν
1379 789 1411 858 ἡ
1445 789 1611 860 ἁρετὴ
1659 808 1784 845 συν-

190 864 498 934 αγείρεται·
530 869 562 938 ή
589 869 672 930 είς
704 871 794 923 τὸν
813 871 949 926 Θεὸν
981 874 1238 946 πίστις,ἦ
1270 895 1330 930 τε
1372 880 1520 949 παρὰ
1547 881 1639 933 τὸν
1669 883 1780 952 βίον

192 956 522 1028 συνείδησις.
555 961 789 1025 Τούτους
810 965 1135 1037 προστίθησι
1160 969 1237 1036 τῷ
1262 971 1522 1041 ὲνδύματι
1554 974 1647 1027 τοῦ
1683 978 1775 1028 Τι-

191 1047 391 1115 μοθέου
420 1051 544 1114 τοὺς
578 1053 826 1121 ῥοΐσκους
859 1072 917 1107 τε
951 1057 1045 1110 καὶ
1075 1060 1201 1123 τοὺς
1245 1061 1504 1128 κώδωνας
1543 1068 1571 1119 6
1603 1068 1778 1138 μέγας

189 1137 430 1202 Παῦλος,
465 1141 635 1196 εἰπὼν
676 1145 837 1198 αὐτὸν
869 1145 1015 1218 ἔχειν
1059 1149 1170 1205 δεῖν
1209 1153 1391 1208 πίστιν
1430 1156 1525 1210 καὶ
1565 1159 1776 1232 ἀγαθὴν

189 1230 520 1303 συνείδησιν.

255 1455 469 1510 Οὐκοῦν
498 1459 533 1528 ἡ
569 1458 668 1529 μὲν
694 1460 877 1528 πίστις
911 1463 1148 1538 καθαρὸν
1173 1468 1376 1539 ὴχείτω
1406 1473 1500 1527 καὶ
1541 1475 1746 1546 μεγαλό

181 1563 364 1614 φωνον
402 1550 461 1600 ὲν
499 1548 578 1618 τῷ
607 1550 705 1622 τῆς
750 1553 912 1622 ἁγίας
943 1555 1172 1628 Τριάδος
1218 1562 1554 1634 κηρύγματι.
1613 1568 1672 1622 '0
1712 1569 1770 1624 δὲ

181 1634 303 1704 βίος
358 1638 630 1707 μιμείσθω
675 1640 770 1694 τοῦ
823 1645 1036 1714 καρποῦ
1092 1649 1192 1719 τῆς
1222 1652 1374 1720 ῥοιᾶς
1422 1655 1522 1726 τὴν
1575 1658 1766 1726 φύσιν·

178 1723 396 1794 ἐκείνης
431 1743 491 1778 τε
527 1728 636 1798 γὰρ
663 1729 909 1800 ἄϐρωτός
937 1737 1085 1787 ὲστιν
1115 1740 1148 1808 ἡ
1195 1723 1504 1810 ἐπιφάνεια,
1555 1723 1768 1822 στερρῷ
1798 1785 1840 1840 Β

176 1831 240 1866 τε
285 1817 383 1868 καὶ
423 1825 855 1894 κατεστυμμένῳ
890 1825 966 1893 τῷ
1019 1825 1228 1900 ὲλύτρῳ
1269 1817 1663 1909 διειλημμένηί

173 1904 230 1957 δὲ
263 1906 606 1978 ἐγκείμενον,
634 1913 736 1982 ἡδὺ
785 1915 884 1985 μὲν
918 1917 1146 1988 ὀφθῆναι
1185 1921 1262 1992 τῷ
1307 1904 1538 1997 ποικίλιρ
1576 1904 1635 1983 τε
1673 1933 1770 1986 καὶ

174 1996 436 2068 εὐκόσμῳ
479 1999 580 2070 τῆς
620 2001 714 2054 τοῦ
778 2006 992 2075 καρποῦ
1043 2009 1354 2076 διαθέσεως,
1402 1996 1551 2086 ἥδιον
1599 2021 1658 2074 δὲ
1698 2025 1765 2094 τῇ

172 2086 366 2155 γεύσει
406 2090 637 2157 γίνεται,
669 2096 1100 2166 καταγλυκαῖνον
1131 2103 1230 2174 τὴν
1259 2106 1528 2178 αἴσθησιν.
1583 2114 1655 2166 ’Ἢ
1705 2134 1766 2169 τε

172 2178 470 2248 φιλόσοφος
512 2184 607 2236 καὶ
623 2188 1032 2260 κατεσκληκυῖα
1064 2193 1307 2268 διαγωγὴ
1343 2198 1644 2271 δύσληπτός
1683 2218 1767 2270 ις

166 2266 315 2324 οὖσα
363 2273 457 2326 καὶ
484 2275 657 2345 ἀηδὴς
692 2280 759 2350 τῇ
789 2281 1062 2353 αἰσθήσει,
1093 2266 1308 2359 πλήρης
1349 2266 1568 2359 ἀγαθῶν
1615 2266 1767 2351 ελπίζ

167 2359 282 2414 δων
313 2364 452 2430 ἐστὶ,
483 2366 628 2420 κατὰ
658 2368 751 2422 τὸν
783 2371 912 2424 ἴδιον
943 2375 1154 2444 καρπὸν
1181 2381 1536 2437 πεπανθεῖσα.
1583 2386 1766 2440 Ἐπει-

167 2449 270 2505 δὰν
328 2453 439 2524 γὰρ
485 2456 514 2507 6
556 2458 801 2527 γεωργὸς
848 2461 1004 2529 ήμῶν
1051 2464 1336 2541 ἀναπτύξῃ
1359 2469 1454 2522 τοῦ
1504 2471 1619 2540 βίου
1663 2476 1764 2545 τὴν

171 2543 333 2611 ῥοιὰν
359 2543 438 2614 τῷ
469 2545 585 2617 ίδίῳ
631 2549 831 2620 καιρῷ,
880 2554 976 2605 καὶ
1024 2555 1172 2627 δείξῃ
1218 2558 1326 2612 τῶν
1369 2563 1650 2617 ἀποθέτων
1703 2543 1763 2620 τὸ

168 2633 408 2698 κάλλος·
455 2637 576 2690 τότε
627 2639 852 2707 γλυκεῖα
902 2643 1113 2712 γίνεται
1155 2651 1268 2712 τοῖς
1317 2652 1680 2709 ἀπολαύουσιν
1727 2659 1760 2728 ή

170 2725 440 2792 μετουσία
464 2728 591 2812 τῶν
637 2730 782 2785 ίδίων
821 2734 1071 2806 καρπῶν.
1124 2739 1263 2808 Φησὶ
1304 2743 1410 2812 γάρ
1456 2760 1556 2796 που
1599 2747 1693 2800 καὶ

167 2815 312 2876 θεῖος
345 2810 678 2882 Ἀπόστολος,
695 2818 776 2873 ὅτι
794 2825 943 2877 πᾶσα
971 2828 1188 2883 παιδεία
1215 2833 1351 2902 πρὸς
1379 2810 1481 2903 μὲν
1506 2835 1567 2888 τὸ
1586 2839 1760 2910 παρὸν

161 2905 223 2957 οὐ
252 2905 415 2958 δοκεῖ
443 2911 617 2979 χαρᾶς
653 2907 816 2976 εἶναι,
863 2915 1001 2970 ἀλλὰ
1045 2919 1257 2992 λύπης·
1304 2925 1462 2979 τοῦτό
1500 2929 1616 2982 ἐστι
1659 2905 1760 3002 τῆς

163 2998 325 3066 ῥοιᾶς
347 2998 409 3051 τὸ
442 3006 877 3075 προεντυγχάνον
911 3013 1024 3075 τοῖς
1052 3014 1380 3084 ἁπτομένοις
1399 3037 1413 3050 ο
1445 3019 1670 3094 ὕστερον
1700 2998 1756 3078 δὲ

161 3088 382 3158 καρπὸν
431 3092 705 3163 είρηνικὸν
737 3098 1048 3155 ἀποδίδωσι.
1096 3105 1268 3160 Τοῦτο
1315 3111 1348 3180 ἡ
1391 3111 1498 3165 τῶν
1545 3088 1752 3169 ἔνδοθεν

1859 3130 2027 3183 terior
2061 3144 2125 3183 ac
2156 3132 2528 3199 pulchritudo.

159 3178 446 3248 ἐδωδίμων
487 3183 781 3258 γλυκύτης.
811 3190 914 3244 Τὸν
959 3194 1016 3246 δὲ
1061 3197 1266 3265 χιτῶνα
1303 3178 1490 3256 τοῦτον
1527 3207 1622 3259 καὶ
1661 3224 1753 3261 κο-

159 3271 456 3340 συμὸωτδν
500 3271 639 3332 εἶναι
680 3282 709 3333 6
739 3281 897 3350 λόγος
938 3285 1327 3346 διακελεύεται.
1377 3297 1656 3369 Κόσυμὸοι
1693 3303 1751 3355 δέ

155 3363 293 3425 εἰσι,
324 3365 394 3417 τὰ
420 3366 524 3431 ἔξω
551 3370 651 3440 τῆς
686 3375 898 3444 χρείας,
933 3378 1139 3449 κόσμου
1171 3384 1352 3455 χάριν,
1384 3363 1748 3462 ἀπηρτημένα

156 3459 483 3529 σφαιροειδῆ
507 3462 726 3534 ἀπαρτή
735 3483 901 3534 ματα.
933 3471 1298 3544 Μανθάνομεν
1320 3479 1376 3531 δὲ
1397 3479 1483 3533 διὰ
1507 3459 1711 3537 τούτων
1730 3501 1744 3515 °

150 3547 216 3600 τὸ
242 3547 358 3601 δεῖν
399 3551 476 3622 μὴ
516 3555 582 3623 τῇ
630 3555 814 3628 ἐντολῇ
849 3559 1009 3629 μόνον
1037 3563 1134 3634 τὴν
1175 3567 1378 3639 ἀρετὴν
1412 3574 1744 3643 μετρεῖσθαι,

151 3643 297 3694 ἀλλά
321 3660 374 3695 τι
401 3644 495 3696 καὶ
518 3648 646 3718 παρ’
678 3648 834 3718 ἡμῶν
867 3651 1273 3724 ὲξευρίσκεσθαι
1304 3661 1391 3714 διὰ
1419 3663 1525 3717 τῶν
1550 3665 1747 3729 ἔξωθεν

154 3737 698 3805 παρεπινοουμένων.
744 3741 832 3804 Ὡς
860 3743 927 3796 ἂν
959 3748 1243 3820 προσθήκη
1273 3769 1357 3814 τις
1402 3754 1495 3807 τοῦ
1537 3757 1742 3827 κόσμου

152 3826 368 3891 γένοιτο
396 3827 475 3895 τῷ
513 3829 789 3902 ὲνδύματι,
819 3830 933 3900 οἷος
969 3839 993 3890 6
1021 3840 1233 3906 Παῦλος
1273 3840 1360 3915 ἦν,
1389 3847 1515 3910 τοὺς
1547 3826 1744 3915 καλοὺς

153 3919 290 3986 παρ’
328 3917 526 3970 ἑαυτοῦ
575 3921 883 3993 κοσύμὸους
933 3931 1053 3992 ταῖς
1103 3931 1345 3998 ἐντολαῖς
1394 3938 1738 4008 συμπλέκων.

152 4007 262 4060 Τοῦ
314 4008 427 4078 γὰρ
472 4010 640 4064 νόμου
695 4015 1008 4082 κελεύοντος
1070 4024 1195 4087 τοὺς
1251 4027 1328 4095 τῷ
1372 4027 1741 4103 θυσιαστηρίῳ

154 4100 643 4172 προσεδρεύοντας,
661 4104 739 4174 τῷ
755 4105 1127 4183 θυσιαστηρίῳ
1153 4100 1742 4187 συμμερίζεσθαιοηκαὶ

153 4191 227 4259 μὴ
272 4190 576 4257 κωλύοντος
610 4195 844 4269 ἀδελφὴν
883 4205 1120 4268 γυναῖκα
1161 4209 1466 4277 περιάγειν,
1495 4213 1740 4278 καὶτοὺς

149 4281 209 4332 τὸ
238 4283 576 4351 Εὑαγγέλιον
622 4291 1116 4360 καταγγέλλοντας,
1153 4299 1362 4354 ἐκεῖθεν
1407 4301 1506 4374 ζῇν
1527 4322 1541 4336 ·
1585 4301 1740 4371 οὗτος

149 4371 426 4426 ἀδάπανον
453 4380 684 4432 ποιεῖται
722 4380 784 4432 τὸ
822 4383 1177 4455 Εὐαγγὲλιον,
1208 4394 1407 4446 πεινῶν
1446 4371 1540 4449 καὶ
1569 4397 1736 4468 διψῶν

148 4463 241 4515 καὶ
281 4466 664 4534 γυμνητεύων.
713 4463 873 4526 Οὗτοί
900 4476 1041 4527 εἰσιν
1082 4479 1133 4530 οἱ
1175 4480 1332 4534 καλοὶ
1365 4463 1652 4555 κόσυμσοιν,
1683 4491 1734 4542 oi

146 4556 234 4608 τὸν
270 4557 478 4626 χιτῶνα
518 4559 624 4613 τῶν
665 4562 894 4617 ἐντολῶν
924 4569 989 4638 τῇ
1029 4571 1160 4638 παρ’
1202 4571 1407 4626 ἑαυτῶν
1446 4579 1732 4652 προσθήκῃ

146 4652 644 4721 κατακοσμοῦντες.
688 4653 818 4710 Εἶτα
848 4657 943 4711 δύο
969 4660 1167 4715 πέπλοι
1192 4665 1399 4719 ἄνωθεν
1419 4669 1734 4726 ἐπιϐάλλον-

144 4757 231 4793 ται
257 4741 337 4811 τῷ
366 4744 594 4815 ποδήρει
625 4749 689 4800 ἐκ
728 4748 836 4800 τῶν
871 4748 1039 4820 ὤμων
1072 4754 1231 4826 μέχρι
1261 4757 1354 4811 τοῦ
1387 4761 1614 4832 στήθους
1641 4767 1732 4818 καὶ

143 4830 247 4883 τῶν
283 4834 643 4904 μεταφρένων
667 4836 1020 4909 καθήκοντες,
1051 4843 1143 4896 δύο
1169 4845 1410 4918 πόρπαις
1451 4830 1574 4905 καθ’
1602 4856 1731 4909 ἑκά-

142 4935 298 4991 τερον
335 4915 490 4992 ὦμον
527 4924 780 4996 ἀλλήλοις
827 4931 1125 5002 ὲνούμενοι.
1161 4915 1314 4990 Αἱνδὲ
1345 4940 1553 5011 πόρπαι
1593 4945 1730 4998 λίθοι

143 5011 246 5064 είσὶ
286 5013 357 5066 τὰ
394 5014 507 5067 τῶν
550 5020 903 5092 πατριαρχῶν
941 5023 1181 5095 ὀνόματα
1205 5026 1264 5092 ἒξ
1302 5029 1424 5083 καθ’
1468 5033 1729 5106 ἑκάτερον

144 5103 200 5154 ἐν
230 5105 346 5167 τοῖς
387 5105 710 5177 χαράγμασι
748 5110 1028 5180 φέρουσαι.
1079 5118 1306 5190 Ποικίλη
1357 5121 1413 5175 δὲ
1461 5125 1570 5179 τῶν
1616 5103 1729 5181 πέ-

140 5193 286 5246 πλων
319 5195 353 5264 ἡ
392 5195 695 5268 ῖστουργία.
743 5200 1027 5263 Ὑάκινθος
1069 5207 1166 5276 μὲν
1191 5211 1456 5283 πορφύρῳ
1487 5219 1730 5287 συμπλέ-

139 5298 313 5336 κεται.
353 5283 429 5335 Τὸ
460 5285 519 5338 δὲ
547 5287 647 5358 τῆς
682 5290 883 5345 κόκκου
916 5292 1170 5366 ἐρύθημα
1199 5301 1264 5370 τῇ
1307 5299 1492 5374 βύσσῳ
1537 5283 1729 5377 pii-{vu-

135 5391 243 5428 ται.
285 5375 430 5428 Πᾶσι
464 5376 523 5429 δὲ
555 5379 766 5446 τούτοις
808 5382 904 5437 τοῦ
953 5387 1018 5439 ἐκ
1065 5391 1289 5458 χρυσίου
1336 5395 1482 5465 νῆμα
1524 5375 1728 5467 συγκα-

133 5464 494 5534 τασπείρεται
520 5481 534 5496 ·
595 5468 670 5531 ὡς
724 5472 789 5524 ὲκ
835 5475 936 5544 τῆς
995 5476 1312 5546 πολυειδοῦς
1366 5464 1570 5557 ταύτης
1603 5464 1726 5562 ’τῆς

137 5549 334 5623 βαφῆς,
371 5556 503 5626 μίαν
529 5559 651 5614 τινὰ
686 5568 1138 5642 συγκεκραμένην
1183 5573 1334 5646 ὥραν
1363 5577 1427 5631 ὲκ
1468 5549 1561 5635 τοῦ
1587 5549 1724 5652 ιῖιςρόίἐ

204 5728 253 5760 ⁸³
287 5731 305 5783 l
334 5730 575 5789 Timoth.
611 5751 651 5803 ι,
691 5740 775 5796 to.
841 5740 1075 5798 “Hebr.
1120 5761 1215 5813 tu,
1250 5748 1333 5804 ll.

1769 4473 1816 4530 D

1891 515 2090 582 induit,
2122 535 2246 589 qua:
2297 536 2328 574 a
2357 523 2534 592 capite
2568 525 2633 579 ad
2664 526 2828 594 pedes
2859 543 3036 598 usque
3068 532 3468 587 circumfundi-

1886 615 1977 664 tur
2005 629 2018 664 :
2056 627 2155 667 nec
2178 613 2324 667 enim
2357 631 2603 669 mancam
2637 625 2733 671 aut
2775 627 3028 674 truncam
3051 637 3172 677 esse
3191 624 3468 689 virtutem,

1885 701 1979 754 sed
2007 701 2273 771 integram
2309 710 2472 772 atque
2526 721 2621 774 per
2644 722 2835 762 omnes
2876 725 3138 765 numeros
3168 712 3466 782 perfectam

1883 790 1966 844 lex
2005 793 2142 850 vult.
2173 793 2348 849 Aurea
2378 811 2505 859 vero
2527 797 2914 864 tintinnabula,
2940 801 3209 856 bonorum
3240 819 3463 873 operum

1883 883 2143 950 splendor
2171 893 2323 947 sunt,
2363 888 2521 942 malis
2555 889 2773 958 punicis
2821 892 3140 962 intercepta.
3175 897 3286 948 Duo
3320 899 3464 951 enim

1881 972 1995 1026 haec
2034 985 2164 1029 sunt
2194 978 2396 1042 studia,
2433 979 2636 1049 quibus
2673 983 2850 1038 virtus
2880 991 2992 1038 tota
3026 985 3294 1040 conﬂatur
3317 999 3463 1043 recta

1879 1065 1933 1117 in
1969 1063 2135 1120 Deum
2172 1066 2328 1132 ﬁdes,
2355 1077 2409 1122 et
2437 1071 2666 1139 probata
2721 1072 2777 1126 in
2819 1073 2920 1128 hac
2953 1076 3060 1130 vita
3104 1081 3460 1136 conscientia.

1880 1154 2002 1209 Haec
2031 1158 2172 1212 mala
2205 1151 2404 1228 punica
2439 1177 2502 1216 ac
2536 1165 2900 1220 tintinnabula
2933 1167 3248 1224 indumento
3275 1171 3461 1227 Timo-

1877 1248 1984 1302 thei
2018 1249 2223 1308 Paulus
2248 1253 2340 1308 ille
2367 1254 2633 1323 innexuit,
2660 1272 2784 1311 cum
2807 1258 2979 1322 dicat,
3010 1271 3262 1331 oportere
3288 1274 3345 1318 ut
3367 1268 3463 1320 ha-

1874 1339 1999 1396 beat
2027 1342 2185 1398 ﬁdem
2217 1353 2272 1400 et.
2303 1348 2530 1416 probam
2572 1351 2969 1406 conscientiam
3001 1353 3068 1408 ".

1941 1480 2105 1540 Fides
2181 1484 2348 1556 igitur
2413 1488 2756 1556 sacerdotis,
2805 1491 2973 1546 veluti
3032 1493 3458 1550 tintinnabulum

1871 1579 2020 1636 clare
2040 1586 2203 1649 atque
2230 1594 2430 1634 sonore
2449 1580 2505 1634 in
2531 1591 2736 1637 sancta
2760 1583 3048 1640 Trinitatis
3077 1589 3460 1656 praedicatione

1869 1671 2161 1725 exclamet.
2215 1667 2336 1724 Vita
2362 1685 2494 1725 vero
2533 1679 2787 1726 naturam
2832 1677 3157 1744 punicorum
3217 1680 3460 1734 imitetur

1871 1777 2178 1831 pomorum,
2208 1777 2442 1831 quorum
2472 1762 2808 1820 circumfusa
2838 1768 3083 1823 exterius
3106 1769 3264 1838 quasi
3296 1777 3455 1835 testa,

1869 1853 2290 1909 incomestibilis
2319 1855 2568 1924 duraque
2596 1863 2701 1919 est,
2739 1858 2886 1924 quod
2940 1867 3120 1914 autem
3167 1862 3317 1916 intus
3357 1878 3457 1917 re-

1867 1945 2150 2000 conditum
2193 1954 2297 2008 est,
2353 1955 2407 2001 et
2460 1947 2581 2001 visu
2636 1964 2703 2002 ex
2757 1951 3019 2005 varietate
3065 1953 3267 2008 coloris
3292 1963 3456 2023 atque

1867 2037 2245 2092 collocationis
2276 2037 2789 2108 ordinejucundum
2817 2053 2922 2105 est,
2961 2050 3014 2097 et
3061 2051 3223 2114 gustu
3253 2045 3455 2110 jucun-

1865 2129 2012 2190 dius,
2045 2145 2153 2182 non
2187 2145 2352 2199 parva
2382 2131 2670 2186 dulcedine
2697 2146 2914 2187 sensum
2965 2135 3226 2190 alliciens.
3270 2135 3456 2192 Philo-

1865 2219 2091 2287 50phica
2111 2227 2166 2274 et
2183 2234 2401 2288 quoque
2417 2221 2730 2275 Christiana
2746 2224 2962 2278 vivendi
2983 2226 3123 2280 ratio
3146 2227 3281 2281 dura
3299 2239 3454 2283 exte--

1864 2309 2005 2375 rius,
2033 2318 2198 2378 atque
2229 2324 2422 2380 aspera
2457 2315 2643 2367 sensui
2670 2321 2774 2376 est,
2818 2316 2965 2370 intus
2995 2318 3195 2387 saepius
3218 2320 3451 2388 Optima-

1863 2417 1982 2455 rum
2019 2403 2621 2474 pulcherrimarumque
2643 2422 2825 2460 rerum
2864 2409 3043 2476 plena,
3073 2418 3320 2480 tempore
3349 2430 3450 2469 suo
3495 2452 3497 2454 -

1862 2507 1986 2546 cum
2018 2500 2229 2545 matura
2262 2493 2448 2556 fuerit,
2485 2510 2719 2563 cumque
2769 2499 3010 2567 agricola
3057 2509 3243 2556 noster
3289 2518 3448 2574 poma

1863 2583 2063 2652 punica
2113 2585 2275 2651 hujus
2325 2587 2449 2639 vita:
2501 2589 2730 2657 aperiet,
2786 2591 3160 2647 dulcissimam
3221 2610 3444 2650 suorum

1861 2673 2136 2727 fructuum
2181 2677 2463 2744 praestabit
2520 2679 2898 2750 fragrantiam.
2930 2683 3227 2754 Apostolus
3279 2689 3445 2743 etiam

1859 2761 2012 2825 dicit,
2065 2765 2269 2819 nullam
2300 2766 2648 2837 disciplinam
2704 2772 2758 2826 in
2815 2777 3068 2842 praesenti
3117 2778 3228 2832 vita
3269 2780 3444 2836 videri

1858 2856 2098 2910 laetitiam
2131 2858 2346 2921 afferre.
2380 2860 2477 2915 sed
2509 2861 2790 2918 tristitiam
2823 2869 2910 2934 ";
2959 2876 3015 2921 et
3069 2868 3122 2922 id
3154 2880 3260 2936 est,
3296 2873 3442 2942 quod

1859 2962 1955 3016 per
1987 2948 2257 3001 exteriora
2291 2950 2435 3018 pomi
2472 2952 2657 3019 punici
2693 2953 2979 3023 ﬁguratur.
3035 2956 3165 3014 Post
3197 2961 3312 3016 haec
3341 2977 3442 3016 au-

1858 3045 1966 3091 tem
1997 3037 2232 3092 fructum
2252 3040 2537 3108 paciﬁcum
2563 3042 2763 3111 reddit,
2797 3053 2851 3100 et
2904 3047 2956 3100 id
2986 3057 3069 3104 est
3095 3051 3326 3107 dulcedo
3357 3054 3443 3108 in-

2583 3131 2736 3190 ﬂanc
2785 3147 2992 3193 vestem
3036 3144 3440 3213 cossymbotam

1857 3221 2020 3273 etiam
2045 3221 2201 3290 jubet
2228 3238 2371 3290 esse,
2400 3233 2460 3278 ut
2490 3241 2519 3278 a
2570 3228 2731 3282 nobis
2763 3245 2981 3300 quoque
3037 3233 3172 3301 ipsis
3234 3235 3440 3306 aliquid

1855 3311 2088 3368 ulterius
2119 3314 2185 3368 ad
2223 3315 2444 3372 virtutis
2494 3318 2892 3374 incrementum
2925 3323 3242 3379 adinvenire
3276 3343 3443 3382 cone-

1855 3418 1997 3467 mur,
2030 3420 2135 3472 quo
2168 3405 2547 3464 indumentum
2589 3415 2838 3466 ornatius
2880 3414 2991 3476 ﬁat,
3022 3417 3182 3472 sicuti
3235 3417 3440 3474 Paulus

1855 3492 2113 3558 faciebat,
2135 3496 2228 3562 qui
2263 3499 2649 3556 ornatissimos
2681 3502 2735 3554 in
2765 3503 2883 3558 dies
2907 3508 3231 3576 cossymbos
3248 3511 3436 3564 virtuti

1853 3581 2106 3636 addebat.
2140 3583 2274 3639 Nam
2310 3602 2435 3641 cum
2468 3590 2553 3644 lex
2585 3593 2870 3660 permittat
2897 3596 3057 3651 altari
3113 3600 3438 3656 ministran-

1850 3680 1934 3728 tes
1955 3690 2018 3728 ex
2050 3676 2230 3738 altari.
2257 3689 2310 3734 et
2339 3679 2619 3752 Evangelii
2653 3688 2876 3743 nuntios
2912 3701 2979 3739 ex
3023 3689 3317 3762 Evangelia
3356 3699 3438 3750 vi-

1849 3778 1996 3824 vere.
2070 3766 2159 3820 ille
2205 3769 2323 3823 sine
2382 3771 2483 3826 hac
2514 3776 2580 3829 ad
2619 3777 2741 3831 vita:
2769 3781 3150 3837 necessitatem
3183 3790 3436 3844 mercede

1850 3852 2201 3913 Evangelium
2233 3859 2796 3932 prmdicavit,nudus,
2841 3869 3168 3937 tumescens,
3215 3876 3432 3934 sitiens.

1849 3941 1943 3995 Hae
1969 3945 2210 4012 pulchrae
2256 3959 2388 4003 sunt
2430 3950 2676 4020 ﬁmbriae,
2730 3974 2852 4026 qua:
2895 3971 3100 4015 vestem
3152 3967 3435 4020 mandato-

1847 4049 1968 4088 rum
1993 4042 2313 4095 accessione
2338 4059 2435 4096 sua
2461 4045 3064 4107 redduntornatiorem.
3098 4054 3214 4110 Duo
3235 4058 3433 4116 deinde

1847 4133 2159 4195 tegumenta
2192 4136 2720 4206 superimponuutur
2754 4142 3076 4200 indumento
3119 4149 3194 4204 illi
3247 4153 3429 4217 talari,

1848 4232 2019 4286 usque
2047 4221 2114 4275 ad
2150 4233 2341 4294 pectus
2370 4236 2423 4281 et
2462 4245 2623 4285 renes
2652 4233 2721 4285 ab
2757 4233 2999 4291 humeris
3050 4238 3428 4309 descendenti,

1844 4309 2058 4368 duabus
2080 4315 2296 4372 uncinis
2331 4319 2384 4371 in
2418 4329 2652 4390 utroque
2696 4323 2922 4380 humero
2957 4327 3260 4387 adinvicem
3297 4351 3432 4389 con-

1839 4403 2052 4473 juncta.
2087 4405 2283 4463 Uncini
2327 4420 2506 4467 autem
2557 4425 2686 4469 sunt
2733 4417 2963 4486 lapides,
2995 4425 3426 4490 patriarcharum

1839 4498 2060 4551 nomina
2112 4515 2204 4555 sex
2257 4509 2637 4575 unusquisque
2697 4511 2885 4564 caelata
2926 4512 3184 4571 ferentes.
3221 4516 3425 4573 Horum

1839 4590 2138 4658 tegminum
2197 4609 2392 4663 magna
2446 4599 2710 4654 varietate
2757 4605 3002 4658 colorum
3051 4615 3265 4663 textura
3309 4619 3428 4665 erat

1838 4679 2123 4736 confecta:
2169 4683 2495 4754 hyacinthus
2566 4706 2802 4760 purpura
2853 4698 3314 4761 connectebatur‘,
3371 4711 3425 4756 et

1837 4771 1984 4824 cocci
2041 4774 2251 4827 rubedo
2306 4777 2474 4847 bysso
2515 4780 2888 4850 iungebatur:
2943 4794 2996 4840 et
3041 4787 3128 4843 his
3167 4792 3424 4847 omnibus

1835 4875 1998 4916 aurea
2028 4864 2111 4917 tila
2136 4875 2291 4920 erant
2317 4869 2587 4939 inspersa,
2615 4875 2687 4927 ita
2722 4885 2779 4929 ut
2818 4893 2883 4931 ex
2915 4880 3266 4940 multicolore
3316 4885 3420 4941 hac

1834 4953 2069 5008 tinctura
2105 4973 2249 5012 unus
2272 4963 2490 5029 quidem
2527 4967 2851 5024 commistus
2878 4972 3138 5040 splendor
3166 4990 3230 5030 ex
3264 4987 3418 5047 tegu-

1831 5047 2073 5102 minibus
2107 5053 2422 5121 ret'ulgeret.
2476 5055 2550 5110 Ex
2597 5059 2799 5126 quibus
2851 5063 3065 5118 discere
3122 5081 3416 5135 possumus

1829 5137 1973 5204 quod
2031 5139 2345 5196 indumenta
2405 5149 2686 5215 superiora
2733 5168 2854 5220 quae
2904 5155 3084 5210 cordis
3111 5165 3238 5210 sunt
3258 5173 3416 5211 orna-

1831 5238 2033 5288 menta.
2069 5233 2254 5288 multis
2277 5237 2551 5306 variisque
2587 5249 2844 5297 constant
2888 5246 3202 5302 virtutibus.
3274 5247 3415 5318 llya-

1830 5316 2051 5374 cinthus
2082 5325 2225 5376 enim
2255 5341 2318 5379 es
2351 5341 2587 5397 purpura
2613 5333 2972 5400 contplicatur
3001 5354 3012 5388 :
3044 5352 3170 5389 nam
3193 5338 3410 5392 vivendi

1829 5410 2041 5475 puritas
2072 5422 2234 5481 atque
2261 5418 2556 5474 mundities
2589 5430 2799 5479 natura
2831 5430 3000 5493 regno
3033 5428 3408 5498 conjungitur.

1827 5495 2032 5552 Natura
2061 5503 2204 5555 enim
2238 5506 2647 5573 quodammodo
2678 5511 2797 5580 ipsa
2828 5513 2986 5580 duce,
3019 5531 3128 5570 una
3156 5534 3276 5571 cum
3312 5535 3422 5587 pu-l

1827 5587 1977 5646 doris
2006 5593 2208 5650 rubore
2225 5597 2514 5655 laudabilis
2544 5602 2760 5659 vivendi
2791 5608 3038 5663 nascitur
3079 5611 3240 5665 ratio.
3298 5611 3412 5666 Au-
