3876 6218
465 339 559 394 391
1701 332 1739 382 S
1790 329 2046 385 GRllG()l

2165 325 2457 380 NYSSENI
3619 322 3728 375 ΞΜ

468 473 586 510 rum
613 463 795 509 autem
823 453 911 508 his
936 452 1189 508 tinctura:
1225 450 1454 506 tioribus
1484 449 2044 517 rehulgeus,reserva-

2152 462 2354 516 σματος
2389 442 2805 512 ἀπαυγάζεσθαι
2825 462 2838 474 ·
2870 442 2905 496 ἀ
2935 441 2992 495 δὲ
3022 440 3109 494 διά
3132 440 3333 494 τούτων
3367 436 3726 508 μανθάνομεν,

465 560 580 606 tum
632 551 759 604 huic
788 551 912 604 vitae
941 550 1261 604 thesaurum
1291 544 1654 600 snbostendit.

2153 538 2327 592 ταῦτά
2370 540 2549 591 ἐστιν’
2605 538 2688 590 ὅτι
2729 535 2797 589 τὰ
2846 536 2958 589 ἄνω
2986 534 3098 606 τῆς
3137 530 3451 604 περιϐολῆς,
3501 531 3600 583 ὅσα
3627 529 3731 597 τῆς

464 642 691 714 καρδίας
742 643 886 706 ἰδίως
941 641 1152 710 γίνεται
1200 640 1421 708 κόσμος,
1468 639 1532 690 ἐκ
1575 633 1783 688 πολλῶν
1842 633 1938 684 καὶ
1995 629 2266 700 διαφόρων
2329 630 2540 701 ἀρετῶν
2603 605 3022 696 κατακίρναταί.
3081 625 3147 676 Ἥ
3191 618 3282 675 οὖν
3360 620 3611 682 ὑάκινθος
3664 622 3729 690 τῇ

463 735 720 807 πορφύρᾳ
789 735 1192 807 συμπλέκεταιο
1255 737 1321 804 τῇ
1379 734 1483 802 γὰρ
1550 729 1881 801 καθαρότητι
1941 727 2040 796 τῆς
2102 725 2246 794 ζωῆς
2303 727 2337 794 ἠ
2400 725 2645 794 βασιλεία
2682 722 3061 786 συνέζευκται.
3097 716 3403 780 Κόκκοςδὲ
3436 719 3502 787 τῇ
3550 714 3731 784 βύσσῳ

465 829 872 899 συμπλέκεται’
921 829 1002 881 ὅτι
1061 826 1271 897 πέφυκέ
1325 845 1438 889 πως
1492 823 1568 894 τῷ
1601 825 1698 892 τῆς
1732 819 1911 883 αἰδοῦς
1953 817 2259 890 ἐρυθήματι
2306 819 2367 870 τὸ
2408 818 2659 889 λαμπρόν
2713 833 2773 868 τε
2816 817 2908 870 καὶ
2950 812 3188 884 καθαρὸν
3225 810 3318 864 τοῦ
3363 809 3475 880 βίου
3521 807 3733 879 συμφύ-

461 898 654 977 εσθαιο
688 923 716 976 ό
770 923 827 976 δὲ
863 920 1060 993 χρυσὸς
1115 922 1227 982 τοῖς
1283 917 1470 971 ἄνθεσι
1523 914 1733 975 τούτοις
1795 908 2291 980 συμπεριλάμπων,
2341 908 2432 961 τὸν
2483 906 2845 977 ἀποκείμενον
2893 903 2974 974 τῷ
3015 901 3240 973 τοιούτῳ
3305 900 3404 972 βίῳ
3459 898 3732 971 θησαυρὸν

462 1015 863 1070 ὑπαινίσσεται.

530 1109 972 1164 Patriarcharum
991 1120 1206 1177 quoque
1220 1104 1436 1158 nomina
1454 1099 1724 1170 lapidibus
1747 1095 2039 1163 insculpta,

466 1219 582 1256 ηοηι
601 1217 792 1272 parum
844 1201 1005 1254 nobis
1057 1199 1124 1252 ad
1178 1196 1396 1250 virtutis
1432 1204 1685 1248 ornatum
1729 1190 2039 1244 conferunt.

462 1293 866 1347 Przeteritorum
901 1292 1046 1346 enim
1082 1290 1344 1348 virorum,
1379 1286 1472 1354 qui
1515 1285 1719 1352 Optime
1760 1279 2040 1336 vixerunt,

459 1384 726 1450 exemplis
746 1380 854 1433 vita
881 1390 1066 1433 nostra
1099 1377 1511 1430 corroboratur.
1551 1370 1654 1423 Sed
1681 1369 1810 1421 huic
1847 1365 2042 1435 tegmi-

462 1489 592 1526 num
625 1471 842 1525 ornatui
865 1470 1007 1522 alius
1048 1482 1264 1521 rursum
1292 1466 1527 1533 desuper
1549 1469 1781 1516 ornatus
1819 1456 2051 1525 conjun-

459 1567 608 1635 gitnr
646 1581 660 1616 :
684 1569 840 1616 scuta
871 1562 1018 1614 enim
1046 1574 1210 1612 aurea
1233 1573 1298 1611 ex
1331 1557 1578 1623 utrisque
1604 1549 1931 1620 tegminibus
1955 1546 2052 1600 de-

466 1656 699 1726 pendent
720 1653 876 1714 abice
903 1651 1178 1706 sustinent
1211 1639 1805 1714 fabricalmnquiddam
1823 1655 1888 1694 ex
1913 1649 2050 1692 auro

462 1748 636 1815 ﬁgura
666 1743 1018 1813 quadratum.
1054 1740 1343 1795 duodecim
1374 1737 1648 1805 lapidibus
1693 1729 2047 1800 resplendens

2221 1108 2564 1182 Πατριάρχαι
2607 1107 2663 1160 δὲ
2708 1107 2824 1170 ταῖς
2867 1104 3140 1174 ὲπωμίσιν
3173 1100 3632 1172 ἐγγεγραμμένοι,
3665 1099 3726 1152 ού

2154 1201 2326 1274 μικρά
2363 1200 2498 1272 πρὸς
2545 1199 2636 1251 τὸν
2673 1196 2911 1250 τοιοῦτον
2942 1193 3326 1264 καλλωπισμὸν
3357 1194 3487 1263 ἡμῖν
3515 1207 3725 1244 συνεισ-

2150 1293 2408 1363 φέρουσιν
2455 1293 2567 1352 τοῖς
2608 1289 2714 1360 γὰρ
2780 1285 3115 1356 προλαϐοῦσι
3177 1283 3286 1336 τῶν
3329 1281 3548 1352 ἀγαθῶν
3598 1283 3729 1336 ὑπο-

2148 1383 2406 1453 δείγμασι
2461 1381 2892 1448 κατακοσμεῖται
2941 1376 3142 1448 μᾶλλον
3185 1379 3218 1448 ἡ
3271 1376 3380 1429 τῶν
3427 1375 3730 1444 ἀνθρώπων

2152 1472 2287 1542 ζωή.
2319 1471 2490 1526 Πάλιν
2513 1471 2568 1524 δὲ
2607 1469 2688 1540 τῷ
2727 1468 2918 1538 κόσμῳ
2946 1467 3055 1522 τῶν
3075 1468 3298 1522 πέπλων
3317 1467 3502 1537 ἕτερος
3525 1466 3730 1520 ἀνωθεν

2149 1562 2500 1616 ἐπιϐάλλεται
2534 1561 2737 1630 κόσμος
2756 1572 2770 1587 ⁸
2820 1557 3045 1622 ἀσπίδες
3067 1559 3132 1612 ὲκ
3150 1557 3354 1629 χρυσοῦ
3395 1557 3516 1611 καθ’
3544 1556 3733 1611 ἑκατέ-

2151 1673 2258 1727 ρων
2305 1653 2412 1707 τῶν
2452 1653 2740 1724 ἐπωμίδων
2773 1651 3116 1722 καθειμέναι,
3153 1651 3246 1704 καὶ
3284 1649 3352 1702 δι’
3385 1648 3595 1702 ἑαυτῶν
3638 1649 3732 1701 ἀν-

2149 1743 2369 1814 έχουσαί
2400 1760 2452 1795 τι
2499 1741 2892 1813 χρυσότευκτον
2925 1742 2982 1792 ὲν
3013 1738 3342 1816 τετραγώνῳ
3371 1737 3447 1806 τῷ
3469 1736 3727 1806 σχήματι,

462 1804 654 1890 outline
680 1804 916 1904 quodam
957 1831 1258 1900 dispositis.
1315 1804 1565 1894 Quatuor
1595 1834 1774 1879 autem
1824 1823 2044 1876 ordines

2152 1804 2466 1887 δυοκαίδεκα
2501 1804 2670 1896 λίθοις
2705 1804 3214 1901 καταλαμπόμενον..
3249 1804 3727 1899 στιχηδὸνήδιακει-

460 1935 660 1992 erant,
707 1941 942 1996 quorum
1003 1925 1384 1993 unusquisque
1437 1921 1739 1975 trinitatem
1801 1916 2041 1986 lapidum

459 2017 796 2071 continebat.
837 2013 1072 2083 Lapides
1113 2022 1293 2066 autem
1329 2012 1401 2064 ita
1433 2021 1591 2065 erant
1617 2008 1774 2068 varii,
1829 2013 1889 2060 ut
1923 2005 2046 2058 nul-

465 2111 571 2163 lius
605 2107 672 2161 ad
713 2107 945 2160 alterum
978 2113 1122 2157 esset
1155 2101 1493 2157 similitudo:
1525 2098 1742 2168 proprio
1772 2099 1914 2151 enim
1938 2096 2048 2149 sin-

461 2201 571 2269 guli
611 2200 900 2268 splendore
937 2195 1232 2264 fulgebant.
1265 2193 1367 2247 Sed
1407 2192 1577 2259 figura
1623 2189 1842 2258 quidem
1882 2200 2046 2239 orna—

462 2290 630 2346 menti
668 2289 802 2342 haac.
858 2286 1131 2356 Spirilalis
1160 2300 1292 2337 vero
1339 2298 1537 2336 sensus
1593 2290 1872 2334 scutorum
1922 2278 2046 2347 qui-

463 2384 582 2437 dem
649 2396 767 2449 quae
817 2380 886 2432 ab
937 2378 1177 2430 humeris
1222 2373 1618 2443 dependebant,
1665 2378 1906 2425 armatos
1944 2385 2044 2422 nos

461 2487 582 2526 esse
606 2469 928 2523 adhortatur
953 2467 1216 2519 adversus
1240 2473 1554 2532 tyrannum,
1583 2468 1635 2513 et
1667 2461 1878 2512 hostem
1945 2470 2045 2509 no-

467 2572 665 2619 Strum.
694 2558 882 2613 Virtus
912 2560 1080 2621 enim,
1112 2565 1170 2608 ut
1199 2571 1226 2606 a
1259 2552 1430 2606 Paulo
1457 2551 1661 2604 dictum
1695 2557 1798 2610 est,
1831 2548 1933 2601 lide
1981 2561 2044 2598 ac

469 2656 608 2708 bona
634 2659 851 2707 Constat
883 2649 1228 2703 conscienha
1260 2664 1272 2700 :
1311 2645 1511 2715 quibus
1533 2644 1605 2694 ita
1628 2656 1750 2694 esse
1785 2639 2046 2696 adversus

460 2743 807 2798 inimicorum
865 2740 970 2793 tela
1031 2738 1274 2791 munitos
1333 2741 1569 2804 oportet,
1606 2739 1664 2784 ut
1692 2731 1777 2784 his
1821 2727 2048 2797 justitia:

461 2833 632 2888 armis
663 2830 869 2884 dextris
887 2838 1052 2898 atque
1086 2825 1350 2887 sinistris,
1378 2818 1801 2876 invulnerabiles
1829 2831 2048 2871 manea-

464 2939 608 2978 mus.
639 2919 955 2987 Quadratus
984 2926 1164 2972 autem
1200 2916 1290 2969 ille
1321 2923 1568 2975 ornatus,
1590 2911 1682 2980 qui
1721 2911 1986 2978 utrinque
2016 2921 2046 2960 a

461 3017 637 3074 scutis
669 3015 1026 3086 dependebat,
1077 3014 1130 3068 in
1180 3027 1290 3081 quo
1320 3011 1539 3064 nomina
1585 3007 2043 3077 patriarcharum,

463 3110 556 3179 qui
584 3109 838 3162 tribubus
861 3105 1186 3176 cognomina
1237 3104 1522 3164 dederunt,
1587 3101 1855 3170 impressa
1907 3097 2048 3167 lapi-

464 3201 627 3255 dibus
655 3198 897 3262 fuerunt,
926 3197 1109 3251 cordis
1139 3195 1273 3248 ﬁunt
1304 3203 1636 3264 tegumenta.
1692 3190 1873 3257 Quare
1928 3191 2049 3245 dili-

463 3299 654 3360 genter
685 3301 787 3343 nos
819 3287 981 3340 docet
1010 3286 1269 3340 omnibus
1291 3283 1727 3353 patriarcharum
1753 3281 2050 3336 virtutibus

465 3383 706 3441 animum
738 3376 860 3451 ejus
885 3395 1010 3433 esse
1034 3386 1357 3432 exornatum
1391 3376 1484 3444 qui
1520 3373 1736 3428 duobus
1764 3373 1848 3426 his
1875 3373 2050 3426 scutis

468 3471 766 3526 adversarii
797 3470 902 3523 tela
936 3467 1232 3539 repulerit.
1265 3467 1543 3532 Quadrata
1576 3483 1702 3520 vero
1733 3466 1901 3534 ligura
1935 3473 2050 3518 sta-

468 3564 731 3617 bilitatem
763 3562 982 3615 virtutis
1009 3560 1271 3614 ostendit.
1305 3557 1438 3611 Nam
1475 3560 1586 3612 lnec
1637 3557 1807 3627 ﬁgura
1869 3570 2053 3625 aequa-

467 3652 590 3708 liter
624 3653 864 3723 undique
917 3652 1133 3721 angulis
1177 3658 1232 3705 et
1283 3650 1546 3704 convexis
1577 3649 1702 3702 nixa
1761 3648 2048 3710 lateribus,

469 3764 575 3800 non
609 3745 766 3800 facile
801 3745 866 3799 de
891 3745 1011 3798 loco
1035 3752 1302 3797 movetur.
1337 3743 1405 3795 At
1427 3757 1555 3795 vero
1587 3740 1876 3805 catenulaz,
1937 3740 2052 3809 qui-

468 3840 573 3894 bus
604 3846 922 3894 ornamenta
953 3838 1068 3890 haec
1097 3835 1162 3889 ad
1203 3833 1425 3888 brachia
1460 3840 1885 3898 connectuntur,
1921 3848 2052 3901 pra:-

468 3933 650 4000 cipere
682 3930 814 3984 mihi
835 3930 1114 3993 videntur,
1149 3936 1402 3998 oportere
1439 3927 1493 3980 in
1518 3927 1693 3981 altiori
1719 3927 1825 3980 vita
1854 3926 2049 3996 praxin

469 4023 825 4093 speculationi
879 4021 1237 4090 conjungere.
1289 4020 1399 4074 Cor
1451 4020 1596 4073 enim
1663 4018 2050 4087 speculationis

471 4118 590 4170 loco
615 4116 740 4182 poni
771 4113 1012 4176 videtur,
1051 4111 1278 4166 brachia
1309 4126 1441 4164 vero
1479 4109 1840 4180 operationis.
1873 4106 2050 4174 Caput

470 4215 651 4261 autem
713 4205 1022 4260 diademate
1061 4213 1383 4258 coronatum
1410 4241 1425 4262 .
1478 4211 1809 4257 reservatam
1847 4203 2050 4254 virtute

469 4293 710 4365 praeditis
744 4309 1002 4348 coronam
1034 4293 1327 4362 signiﬁcat,
1361 4307 1526 4362 quam
1563 4292 1610 4345 is
1646 4297 1902 4353 exornat,
1952 4290 2048 4358 qui

466 4399 634 4437 aurea
667 4382 868 4436 lamina
886 4380 1268 4435 inell'abilihus
1301 4389 1422 4435 erat
1481 4381 1625 4435 notis
1661 4381 1906 4434 cavlatus.
1970 4378 2048 4432 Ita

2152 1929 2331 1997 μένοις
2352 1944 2365 1956 ·
2399 1926 2660 1996 τέτταρες
2697 1924 2755 1977 δὲ
2795 1925 2845 1977 οἱ
2889 1923 3050 1986 λίθοι,
3092 1923 3286 1994 τριάδα
3313 1921 3474 1976 λίθων
3500 1921 3731 1984 ἕκαστος

2147 2019 2520 2090 περιέχοντες.
2591 2017 2682 2070 Ἐν
2737 2009 2826 2079 αἷς
2879 2016 2978 2068 οὐκ
3009 2011 3076 2086 ἦν
3127 2015 3307 2086 εὑρεῖν
3348 2031 3469 2067 τινα
3510 2013 3730 2084 ὁμοειδῆ

2147 2111 2285 2181 πρὸς
2324 2108 2421 2178 τὴν
2460 2107 2685 2178 ἐτέρανο
2733 2107 2848 2160 ἀλλ’
2890 2105 3220 2171 ἰδιαζούσαις
3267 2105 3464 2174 αὐγαῖς
3527 2105 3728 2174 ἑκάστη

2145 2199 2568 2262 ὲιαλλωπίζετο.
2604 2198 2677 2250 Τὸ
2708 2197 2805 2266 μὲν
2831 2198 2893 2268 δὴ
2923 2199 3105 2267 σχῆμα
3133 2196 3226 2250 τοῦ
3259 2196 3484 2264 κόσμου,
3528 2195 3688 2249 τοῦτο
3711 2212 3722 2224 ·

2146 2297 2178 2364 ἠ
2221 2293 2279 2346 δὲ
2318 2291 2546 2356 διάνοια,
2587 2292 2619 2362 ἡ
2667 2291 2765 2360 μὲν
2807 2290 2916 2343 τῶν
2939 2290 3179 2343 ἀσπίδων
3223 2289 3332 2341 τῶν
3386 2287 3729 2358 καθειμένων

2147 2385 2256 2440 ἀπὸ
2284 2383 2390 2436 τῶν
2416 2383 2604 2452 ῶμων,
2632 2382 2695 2435 τὸ
2720 2381 3020 2451 περιδέξιον
3052 2381 3150 2450 τῆς
3189 2379 3331 2432 κατά
3361 2378 3455 2431 τοῦ
3495 2379 3728 2431 ἀντικει-

2153 2477 2314 2548 μένου
2363 2475 2629 2538 ὁπλίσεως
2678 2475 3078 2533 ύπαινίσσεται,
3131 2473 3206 2534 ὡς
3245 2471 3476 2539 ἐδείχθη.
3533 2470 3729 2530 Καθὼς

2153 2569 2334 2641 μικρῷ
2369 2567 2606 2639 πρόσθεν
2636 2567 2869 2639 εἴρηται,
2909 2569 3008 2636 τῆς
3055 2566 3257 2636 ἀρετῆς
3293 2563 3730 2633 κατορθουμένης

2147 2661 2236 2714 διά
2273 2677 2330 2714 τε
2379 2659 2636 2726 πίστεως,
2669 2661 2764 2713 καὶ
2798 2660 2899 2730 τῆς
2937 2657 3080 2712 κατὰ
3108 2657 3200 2709 τὸν
3232 2655 3346 2726 βίον
3375 2653 3572 2706 τοῦτον
3598 2655 3730 2720 ἀγα-

2149 2753 2249 2823 θῆς
2288 2753 2665 2824 συνειδήσεως,
2719 2752 2856 2823 πρὸς
2901 2750 3187 2821 ἀμφότερα
3235 2746 3574 2818 ὴσφαλίσθαι
3613 2748 3732 2809 ταῖς

2148 2845 2259 2897 τῶν
2285 2845 2526 2898 ἀσπίδων
2553 2842 2900 2914 προσϐολαῖς,
2935 2842 3178 2912 ἄτρωτον
3204 2841 3313 2892 τῶν
3351 2837 3610 2892 τοιούτων
3643 2837 3734 2906 βε-

2150 2936 2259 2989 λῶν
2305 2935 2650 3006 διαμένοντα,
2707 2933 2797 2986 διὰ
2848 2933 2957 2985 τῶν
3011 2931 3190 2985 ὅπλων
3240 2933 3339 3000 τῆς
3383 2929 3734 2997 δικαιοσύνης

2152 3028 2260 3080 τῶν
2294 3025 2485 3092 δεξιῶν
2515 3026 2609 3079 καὶ
2639 3023 2943 3094 ἀριστερῶν
2967 3039 2979 3052 ·
3026 3022 3086 3075 τὸ
3111 3022 3168 3074 δὲ
3196 3021 3540 3092 τετράγωνον
3563 3021 3734 3072 έκεῖνο

2075 3131 2118 3189 C
2152 3119 2397 3186 κόσμιον,
2433 3116 2493 3170 τὸ
2530 3115 2638 3169 τῶν
2670 3114 2912 3169 ἀσπίδων
2961 3111 3299 3182 ἑκατέρωθεν
3342 3112 3546 3180 ἐξηρτη
3558 3110 3730 3179 μένον.

2151 3211 2208 3262 ὲν
2251 3204 2295 3276 ᾧ
2333 3211 2470 3261 εἰσιν
2511 3209 2561 3260 oi
2596 3206 2872 3274 ἐπώνυμοι
2900 3204 3008 3257 τῶν
3037 3203 3217 3271 φυλῶν
3257 3201 3593 3272 πατριάρχαι
3622 3203 3738 3264 τοῖς

2150 3297 2316 3359 λίθοις
2337 3297 2713 3367 κατάγραπτοι
2733 3312 2747 3326 ο
2775 3293 2933 3347 τοῦτο
2964 3296 3060 3363 τῆς
3102 3292 3331 3362 καρδίας
3359 3290 3732 3360 προκάλυμμα

2151 3387 2377 3456 γίνεται.
2413 3387 2768 3449 Παιδεύοντος
2797 3386 2944 3454 ἡμᾶς
2982 3383 3075 3436 τοῦ
3117 3381 3300 3449 λόγου,
3333 3382 3412 3433 ὅτι
3445 3381 3473 3431 ὁ
3499 3382 3619 3440 ταῖς
3641 3378 3734 3430 δίο

2150 3477 2375 3538 ταύταις
2405 3476 2598 3528 ἀσπίσι
2639 3475 2729 3526 τὸν
2773 3472 3007 3543 πονηρὸν
3042 3471 3266 3541 τοξότην
3306 3469 3728 3538 ἀποκρουσάμε-

2151 3585 2260 3630 νος,
2316 3568 2517 3640 πάσαις
2569 3567 2690 3628 ταῖς
2736 3565 2846 3617 τῶν
2893 3561 3248 3634 πατριαρχῶν
3297 3562 3519 3629 ἀρεταῖς
3568 3576 3738 3612 κατα·

2153 3661 2418 3728 κοσμήσει
2444 3659 2541 3727 τὴν
2573 3656 2710 3709 ἰδίαν
2742 3656 2939 3725 ψυχὴν,
2965 3655 3126 3707 ἄλλου
3163 3652 3334 3715 άλλως
3353 3653 3411 3704 ὲν
3434 3651 3514 3720 τῷ
3547 3651 3738 3721 πέπλῳ

2150 3753 2247 3819 τῆς
2291 3751 2492 3820 ἀρετῆς
2537 3747 2959 3816 διαλάμποντος.
2993 3746 3066 3798 Τὸ
3097 3745 3152 3798 δὲ
3201 3747 3385 3814 σχῆμα
3420 3743 3515 3796 τοῦ
3555 3761 3739 3813 τετραο

2151 3843 2346 3912 γώνου,
2380 3841 2602 3904 ἔνδειξίς
2634 3858 2714 3892 σοι
2749 3840 2888 3892 ἔστω
2929 3841 3029 3909 τῆς
3067 3839 3123 3891 ὲν
3163 3839 3241 3908 τῷ
3272 3837 3424 3907 καλῷ
3471 3838 3737 3904 παγιότηο

2148 3952 2260 3997 τος.
2296 3932 2706 4003 Δυσμετάθετον
2747 3931 2856 4002 γὰρ
2893 3931 2952 3982 τὸ
2992 3929 3232 3982 τοιοῦτον
3271 3931 3477 4000 σχῆμα,
3522 3929 3590 3982 δι’
3624 3929 3738 3982 ἴσω

2150 4030 2268 4090 ταῖς
2284 4027 2506 4093 γωνίαις
2523 4026 2612 4079 ἐπὶ
2628 4026 2726 4095 τῆς
2742 4023 2958 4085 εὐθείας
2974 4022 3081 4074 τῶν
3096 4021 3344 4091 πλευρῶν
3361 4020 3708 4090 ἐρειδόμενον
3721 4036 3737 4051 ⁶

2150 4118 2199 4172 οἱ
2246 4118 2303 4171 δὲ
2349 4116 2688 4184 τελαμῶνες,
2725 4114 2792 4166 δι’
2830 4108 2906 4166 ὧν
2958 4113 3026 4166 τὰ
3075 4113 3519 4182 προκοσμήματα
3565 4111 3741 4164 ταῦτα

2153 4211 2532 4280 συνδεσμεῖται
2559 4209 2695 4279 πρὸς
2721 4209 2845 4269 τοὺς
2872 4206 3181 4278 βραχίονας,
3205 4205 3382 4274 δόγμα
3412 4221 3502 4274 μοι
3523 4203 3743 4258 δοκοῦσι

2153 4301 2290 4372 πρὸς
2343 4300 2434 4353 τὸν
2481 4299 2683 4369 ὑψηλὸν
2733 4299 2846 4369 βίον
2885 4297 3254 4368 παρέχεσθαι,
3299 4294 3394 4348 τοῦ
3444 4295 3556 4347 δεῖν
3609 4312 3710 4347 συν
3783 4330 3790 4336 -

2151 4393 2342 4446 άπτειν
2371 4392 2470 4461 τὴν
2518 4389 2828 4462 πρακτικὴν
2878 4389 3194 4459 φιλοσοφίαν
3227 4389 3294 4458 τῇ
3335 4385 3477 4440 κατά
3505 4388 3745 4457 θεωρίαν

470 4474 660 4528 induto
688 4475 996 4544 vestitoque
1043 4472 1316 4528 sacerdoti
1367 4473 1576 4526 nullum
1617 4472 2046 4526 calceamentum

2156 4482 2521 4553 ἐνεργουμένη
2543 4502 2558 4516 ·
2603 4481 2743 4534 ῶστε
2772 4481 2872 4551 τὴν
2909 4481 3138 4550 καρδίαν
3179 4480 3298 4550 μὲν,
3335 4479 3436 4548 τῆς
3471 4478 3740 4547 θεωρίας·

466 4567 788 4636 imponitur,
823 4581 890 4620 ne
931 4565 1140 4619 tardior
1175 4565 1244 4619 ad
1278 4565 1613 4619 currendum
1670 4565 1764 4627 sit,
1811 4571 1906 4617 aut
1957 4565 2048 4616 vix

469 4655 706 4718 mobilis,
739 4655 904 4723 pelles
931 4669 1116 4710 secum
1145 4655 1428 4709 attrahens
1463 4654 1776 4708 animalium
1805 4663 2048 4708 mortuo-

468 4763 614 4800 rum.
637 4745 774 4800 Nam
809 4737 998 4816 utjam
1034 4746 1293 4809 diximus,
1325 4745 1710 4816 impedimento
1747 4747 1915 4801 calcei
1937 4745 2051 4800 fue-

470 4845 594 4891 rant
641 4837 836 4908 Moysi,
895 4852 1019 4891 cum
1067 4836 1134 4890 ad
1188 4837 1469 4892 ardentem
1515 4839 1706 4891 rubum
1741 4839 2046 4894 accederet.

468 4925 625 4992 Quod
651 4927 695 4979 si
732 4926 785 4979 in
815 4925 990 4994 primo
1019 4926 1202 4978 statim
1240 4927 1390 4978 aditu
1437 4926 1819 4993 reprobantnr,
1874 4930 2048 4981 multo

471 5018 647 5087 magis
703 5032 734 5069 a
790 5016 1094 5071 sacerdotis
1153 5015 1289 5084 pede
1340 5017 1686 5084 rejiciuntur.
1723 5017 1826 5084 Qui
1867 5030 2046 5074 autem

469 5124 566 5178 per
596 5122 786 5163 omnes
807 5106 1032 5176 gradus,
1054 5121 1192 5174 quos
1210 5105 1322 5175 jam
1362 5108 1736 5176 exposuimus,
1786 5112 2049 5166 ascende-

468 5200 560 5264 rit,
581 5200 628 5253 is
650 5214 679 5251 a
707 5197 817 5252 Deo
840 5198 943 5252 sibi
967 5198 1196 5253 traditas
1222 5199 1438 5254 tabulas
1467 5199 1535 5254 ad
1567 5203 1822 5270 populum
1847 5203 2045 5270 defert,

470 5291 671 5359 quibus
687 5291 870 5356 divina
899 5289 988 5344 lex
1001 5291 1318 5344 continetur
1348 5308 1360 5343 :
1401 5289 1497 5344 sed
1528 5290 1662 5344 dura
1692 5301 2044 5360 peccatorum

470 5381 754 5435 collisione
775 5381 1006 5450 diruptze
1036 5389 1424 5435 conteruntur.
1476 5381 1767 5435 Peccatum
1802 5399 1931 5437 vero
1974 5385 2050 5440 si-

473 5473 698 5527 mulacri
733 5472 914 5527 cultus
944 5482 1063 5527 erat
1100 5473 1154 5526 in
1177 5473 1330 5526 vituli
1361 5473 1716 5527 similitudine
1742 5475 2048 5536 constituti,

472 5562 617 5632 quod
635 5577 665 5616 a
694 5562 877 5632 Moyse
904 5566 1225 5628 contritum,
1253 5579 1504 5633 aquaque
1527 5563 1880 5627 dissolutum,
1916 5566 2048 5633 ipsis

471 5653 568 5723 qui
590 5660 887 5720 peccarunt
917 5652 1096 5708 factus
1119 5665 1204 5710 est
1233 5663 1425 5723 potus:
1457 5655 1532 5708 ita
1579 5656 1725 5708 omni
1772 5656 1934 5709 modo
1986 5673 2040 5709 οι

475 5747 699 5804 materia
731 5762 853 5818 qua:
881 5747 1164 5804 hominum
1197 5758 1423 5818 peccato
1457 5749 1921 5814 subministravit,
1952 5749 2018 5802 de

2155 4573 2282 4634 τοὺς
2326 4571 2382 4623 δὲ
2433 4569 2722 4640 βραχίονας
2773 4569 2883 4622 τῶν
2943 4569 3120 4639 ἔργων
3175 4567 3419 4638 σύμϐολα
3465 4567 3742 4634 γίνεσθαι.

2158 4661 2383 4730 Κεφαλὴ
2409 4660 2465 4712 δὲ
2494 4660 2840 4732 κοσμουμένη
2872 4661 2952 4730 τῷ
2988 4660 3298 4731 διαδήματι,
3327 4659 3420 4710 τὸν
3444 4657 3747 4726 ἀποκείμε-

2156 4769 2246 4804 νον
2271 4755 2382 4814 τοῖς
2410 4747 2467 4804 εὗ
2510 4751 2796 4821 βεϐιωκόσι
2831 4752 3093 4819 στέφανον
3143 4749 3533 4820 ἀποσημαίνει,
3559 4749 3619 4801 ὃν
3654 4765 3747 4801 κο-

2159 4849 2288 4912 σμεῖ
2324 4842 2352 4892 ὁ
2383 4841 2818 4910 ἐσφραγισμένος
2843 4841 2918 4910 τῷ
2953 4841 3140 4912 χρυσῷ
3174 4840 3390 4908 πετάλῳ
3412 4844 3526 4903 τοῖς
3564 4841 3746 4908 ἀρῤή·

2157 4949 2270 4994 τοις
2307 4931 2683 5001 χαράγμασιν.
2714 4932 2996 5003 Ὑπόδημα
3034 4934 3090 4986 δὲ
3121 4934 3182 4986 ού
3207 4931 3520 5003 περιτίθησι
3549 4931 3626 5001 τῷ
3651 4932 3746 4984 τὸν

2157 5020 2394 5076 τοιοῦτον
2419 5024 2622 5092 κόσμον
2653 5023 2954 5077 ὲνδεδυκότι
2973 5041 2985 5052 ’
3011 5025 3086 5087 ὡς
3104 5026 3169 5077 ἂν
3193 5023 3266 5094 μὴ
3289 5023 3576 5094 βαρύνοιτο
3604 5023 3747 5093 πρὸς

2155 5115 2247 5167 τὸν
2276 5114 2498 5184 δρόμον,
2539 5117 2630 5168 καὶ
2657 5117 2975 5186 δυσκίνητος
3001 5118 3086 5186 εἴη
3122 5119 3186 5187 τῇ
3227 5117 3335 5168 τῶν
3385 5114 3593 5185 νεκρῶν
3617 5115 3746 5184 δερ·-

2160 5206 2345 5273 μάτων
2392 5205 2673 5277 περιϐολῇ,
2705 5207 2846 5260 κατὰ
2890 5208 2989 5276 τὴν
3018 5207 3316 5276 γενομένην
3363 5207 3458 5258 ἐπὶ
3500 5205 3604 5276 τῆς
3646 5205 3744 5257 τοῦ

2154 5294 2313 5365 ὅρους
2337 5295 2567 5366 θεωρίας
2593 5297 2850 5350 διάνοιαν.
2879 5297 3001 5359 Πῶς
3024 5294 3115 5349 οὖν
3141 5295 3360 5365 ἔμελλεν
3382 5295 3505 5348 ἀντὶ
3531 5297 3745 5364 κόσμου

2151 5385 2229 5455 τῷ
2254 5386 2375 5438 ποδὶ
2411 5387 2472 5439 τὸ
2500 5388 2770 5467 ,ὑπόδημα
2803 5388 3069 5456 γίνεσθαι,
3099 5388 3159 5441 τὸ
3200 5387 3341 5440 κατά
3378 5387 3480 5458 τὴν
3512 5387 3748 5458 πρώτην

2155 5477 2544 5546 μυσταγωγίαν
2578 5479 2653 5542 ὼς
2694 5481 2947 5550 ἐμπόδιον
2986 5481 3088 5550 τῆς
3131 5481 3317 5534 ἀνόδου
3359 5481 3751 5551 ἀποϐαλλόμες

2151 5585 2273 5634 νον;
2308 5569 2366 5621 Ὀ
2397 5570 2452 5621 δὲ
2483 5571 2736 5624 τοσοῦτον
2764 5573 2955 5634 διαϐὰς
2994 5573 3084 5626 διε]ι
3122 5573 3229 5627 τῶν
3257 5571 3498 5642 καθεξῆς
3527 5575 3749 5644 θεωρη”

2151 5659 2345 5713 θεισῶν
2381 5661 2512 5730 ἡμῖν
2545 5661 2883 5724 ἀναϐάσεων,
2909 5665 3006 5728 τὰς
3037 5664 3387 5726 θεοτεύκτους
3413 5666 3635 5727 πλάκας
3661 5666 3752 5718 δια

2151 5750 2331 5820 χειρὸς
2362 5752 2538 5822 φέρει,
2567 5753 2622 5804 αἳ
2671 5755 2813 5808 θεῖον
2843 5756 3006 5824 νόμον
3044 5757 3102 5808 ὲν
3142 5756 3335 5817 αὑταῖς
3365 5758 3753 5825 περιέχουσιν.
