3876 6218
182 199 294 256 595

1534 197 1621 256 DE
1663 193 1823 254 V'ITA
1865 199 2140 256 MOYSIS.

3347 202 3456 263 εει

193 322 359 376 ’Λλλά
416 323 794 393 συντρίσονται
844 319 1025 388 αὗται,
1069 327 1135 397 τῇ
1188 325 1488 397 τραχύτητι
1529 328 1628 397 τῆς
1666 325 1759 379 τῶι

1879 325 1984 380 leta
2015 333 2120 381 est.
2166 322 2490 393 Prophetice
2529 323 2696 392 igitur
2720 324 2833 382 haec
2859 325 3090 383 historia
3113 327 3182 384 de
3218 327 3308 393 iis,
3331 345 3453 400 quae

179 415 588 486 ἡμαρτηκότων
633 417 952 481 ἀντιτυπίας
990 421 1408 490 περιτριὸεῖσαι.
1460 418 1531 472 Τὸ
1569 420 1624 471 δὲ
1667 419 1765 490 τῆς

1873 419 2080 474 nostris
2096 417 2435 487 temporibus
2470 416 2613 471 facta
2647 426 2795 485 sunt,
2825 420 3168 475 exclamavit.

183 511 466 581 ἁμαρτίας
485 507 648 575 εἶδος,
681 512 1024 567 είδωλοποιία
1046 511 1135 584 ἦν,
1159 517 1218 570 ἐν
1237 515 1545 586 ὁμοιώματι
1606 515 1806 586 μόσχου
1854 512 2150 582 γλυφέντος
2190 514 2305 576 τοῖς
2350 511 2761 586 εἰδωλολάτραις
2810 515 2904 568 τοῦ
2950 517 3342 590 ἀφιδρύματος.
3386 520 3452 572 Ὅ

179 605 337 674 παρά
384 604 480 658 τοῦ
532 605 812 670 Μωῦσέως
861 602 1171 675 ἐκλεανθὲν,
1212 608 1333 662 ὅλον
1378 608 1642 678 συνελύθη
1695 609 1774 678 τῷ
1831 605 2006 666 ὕδατι,
2046 607 2142 658 καὶ
2199 605 2360 659 ποτὸν
2386 605 2496 658 τῶν
2532 606 2992 689 ἐξημαρτηκότων
3019 609 3268 678 ἐγένετο·
3311 611 3450 667 ὥστε

179 701 352 753 παντὶ
420 699 609 770 τρόπῳ
649 699 731 762 εἰς
773 701 1081 771 ἀφανισμὸν
1124 703 1374 774 χωρῆσαι
1420 701 1520 772 τὴν
1555 699 1710 771 ὕλην,
1740 700 1806 768 τῇ
1831 695 2056 768 ἀσεϐείᾳ
2101 695 2210 750 τῶν
2243 695 2546 766 ἀνθρώπων
2567 697 2992 769 ὑπηρετήσασαν
3015 699 3191 754 ταῦτα
3215 701 3450 772 μάλιστα

179 795 278 846 καὶ
307 794 439 863 περὶ
476 792 587 845 τῶν
613 792 710 846 νῦν
739 794 798 846 έν
830 793 910 864 τῷ
943 795 1064 848 καθ’
1089 796 1239 865 ἡμᾶς
1269 795 1446 866 χρόνῳ
1472 790 1877 862 γεγενημένων,
1909 789 2031 843 τότε
2061 790 2095 860 ἠ
2127 789 2336 862 ἱστορία
2365 789 2719 862 προφητικῶς
2752 789 3086 862 ἀνεφώνησε,

253 887 417 941 Πᾶσα
455 887 566 958 γὰρ
607 889 642 958 ἡ
677 891 804 960 περὶ
840 889 910 942 τὰ
962 889 1158 944 εἴδωλα
1190 890 1364 960 πλάνη
1388 932 1402 954 ,
1450 889 1632 944 τέλεον
1676 888 1768 954 ἐξ-

176 979 481 1051 ηφανίσθη,
501 980 868 1035 καταποθεῖσα
897 981 1049 1054 παρά
1061 981 1172 1036 τῶν
1196 982 1434 1036 εὐσεϐῶν
1461 982 1766 1052 στομάτων,

178 1072 295 1126 τῶν
318 1073 408 1127 διά
427 1073 527 1143 τῆς
543 1074 754 1144 ἀγαθῆς
776 1074 1062 1146 ὁμολογίας
1074 1075 1166 1128 τὸν
1187 1074 1490 1146 ἀφανισμὸν
1511 1075 1612 1145 τῆς
1641 1075 1767 1128 ἀσε-

181 1164 318 1228 ϐοῦς
341 1163 475 1235 ὕλης
505 1168 565 1218 ἐν
598 1166 784 1230 αὐτοῖς
811 1167 1213 1237 ποιησαμένων.
1238 1167 1347 1220 Καὶ
1371 1166 1518 1238 ὕδωρ
1544 1167 1766 1236 γέγονεν

177 1255 429 1327 ἀτεχνῶς
457 1256 752 1328 παροδικὼ
775 1275 835 1311 τε
860 1260 954 1312 καὶ
982 1257 1350 1312 ἀνυπόστατον
1375 1258 1444 1312 τά
1477 1257 1643 1312 πάλαι
1666 1273 1765 1312 πε-

181 1346 406 1417 πηγότα
440 1345 591 1418 παρά
607 1349 718 1412 τοῖς
741 1347 1156 1420 εἰδωλολάτραις
1187 1350 1482 1421 μυστήρια,
1509 1349 1651 1421 ὕδωρ
1675 1349 1767 1403 ὑπ’

175 1438 364 1492 αὐτῶν
392 1438 502 1492 τῶν
545 1456 677 1493 ποτε
723 1439 1228 1511 εἰδωλομανούντων
1276 1443 1558 1512 στομάτων
1601 1459 1768 1496 κατα-

177 1530 493 1600 πινόμενον.
520 1531 687 1586 Ὅταν
720 1531 829 1604 γάρ
861 1534 978 1605 ἴδῃς
1007 1534 1136 1598 τοὺς
1167 1535 1430 1607 πρότερον
1449 1539 1518 1607 τῇ
1544 1535 1766 1608 τοιαύτῃ

176 1620 591 1685 ὑποπίπτοντας
642 1623 984 1694 ματαιότητι,
1036 1623 1132 1676 νῦν
1179 1625 1537 1696 ἀναιροῦντας
1582 1626 1765 1679 ἐκεῖνα

175 1713 273 1765 καὶ
305 1713 686 1780 ἀφανίζοντας,
727 1716 786 1768 ἐν
813 1711 894 1778 οἷς
919 1715 1098 1768 αὐτῶν
1129 1711 1198 1787 ἦν
1228 1717 1262 1786 ἡ
1290 1717 1610 1788 πεποίθησις
1635 1735 1646 1748 ⁸
1675 1713 1764 1789 ἆρ’
1801 1697 1840 1754 Β

172 1804 304 1873 οὐχὶ
337 1803 466 1876 βοᾷν
489 1822 571 1858 σοι
595 1805 742 1860 δοκεῖ
773 1807 1024 1878 φανερῶς
1052 1809 1084 1877 ἡ
1112 1808 1334 1879 ἱστορία·
1369 1808 1762 1880 Καταποθήσε-

173 1894 267 1946 ταί
308 1912 438 1948 ποτε
477 1897 585 1948 πᾶν
621 1896 838 1949 εἴδωλον
871 1899 980 1960 τοῖς
1016 1899 1247 1968 στόμασι
1274 1899 1382 1952 τῶν
1432 1899 1568 1969 πρὸς
1612 1899 1766 1952 εύσὲ-

171 1988 334 2041 ϐειαν
379 1989 487 2042 ἀπὸ
531 1990 632 2059 τῆς
675 1991 892 2060 ἀπάτης
949 1990 1380 2062 μετατεθέντωνς
1439 1991 1675 2058 Ὀπλίζει
1706 1992 1763 2045 δὲ

169 2078 305 2140 τοὺς
326 2077 556 2142 Λευίτας
585 2079 614 2130 6
643 2079 886 2150 Μωῦσῆς
908 2079 1054 2132 κατά
1075 2080 1184 2133 τῶν
1204 2081 1513 2152 ὁμοφύλων,
1542 2083 1634 2136 καὶ
1657 2082 1763 2135 διαο

172 2171 523 2240 περάσαντες
551 2170 651 2242 τὴν
676 2171 1049 2243 παρεμϐολὴν,
1078 2171 1173 2226 ἀπ’
1206 2175 1374 2244 ἄκρου
1415 2175 1648 2246 πέρατος
1671 2175 1762 2227 ἐπὶ

166 2261 234 2313 τὸ
265 2260 456 2332 ἕτερον
481 2261 674 2336 ἀκρον,
699 2262 1052 2330 ἀνεξέταστον
1084 2265 1361 2318 ποιοῦνται
1383 2264 1490 2318 τῶν
1503 2267 1762 2336 ἐντυγχα-

165 2353 378 2408 νόντων
407 2353 497 2406 τὸν
519 2353 702 2422 φόνον,
734 2358 802 2427 τῇ
831 2356 983 2428 ἀκμῇ
1007 2356 1104 2410 τοῦ
1138 2355 1324 2427 ξίφους
1349 2358 1448 2424 τὴν
1481 2359 1623 2412 κατὰ
1651 2358 1759 2410 τῶν

164 2445 585 2516 ἀναιρουμένων
616 2446 1008 2516 ἐπιτρέψαντες
1034 2449 1234 2519 ψῆφον.
1279 2449 1506 2518 Ἐπίσης
1529 2449 1586 2503 δὲ
1617 2451 1758 2503 κατά

163 2536 379 2600 παντὸς
419 2536 513 2591 τοῦ
563 2522 926 2609 προτυχόντος
960 2541 1352 2612 ἐνεργουμένου
1381 2539 1474 2594 τοῦ
1501 2534 1758 2606 φόνου,οὺ

163 2629 466 2701 διακρίνων
506 2629 564 2682 ἐν
591 2631 705 2692 τοῖς
747 2631 1162 2702 ἀναιρουμένοις
1203 2632 1313 2684 τῶν
1341 2630 1663 2704 ἀνθρώπων,
1696 2631 1771 2710 οὐ,

168 2719 382 2783 συνιεὶς
409 2719 503 2773 τὸν
549 2719 744 2791 ἐχθρὸν
785 2719 820 2790 ἢ
851 2719 941 2774 τὸν
972 2720 1146 2789 φίλον,
1174 2720 1266 2774 τὸν
1305 2720 1452 2786 ξένον
1484 2721 1517 2791 ἢ
1561 2721 1652 2775 τὸν
1681 2723 1759 2774 oi—

166 2816 344 2877 κείον,
370 2811 434 2866 τὸ
466 2811 726 2881 συγγενὲς
749 2812 782 2883 ἢ
813 2813 875 2866 τὸ
903 2813 1183 2885 ἀλλότριον
1201 2831 1214 2843 ’
1246 2813 1384 2868 ἀλλά
1416 2814 1515 2885 μία
1542 2832 1624 2878 τις
1648 2833 1758 2885 χει-

169 2904 261 2973 ρὸς
301 2899 373 2974 ἦν
396 2903 561 2975 ὁρμὴ,
586 2903 730 2957 κατά
756 2905 955 2967 παντὸς
984 2905 1076 2958 τοῦ
1105 2905 1542 2975 προσπίπτοντος
1561 2905 1758 2976 ὁμοίως

166 2991 374 3060 ἐπίσης
395 2989 786 3062 ἐνεργουμένη.
827 2992 884 3044 '0
921 2992 978 3044 δὲ
1005 2994 1134 3064 περὶ
1159 2993 1350 3046 τούτου
1378 2994 1536 3064 λόγος
1554 2994 1757 3066 ταύτην
1783 3033 1825 3091 C

164 3080 230 3135 ἂν
260 3084 403 3153 ἡμῖν
433 3083 768 3153 παράσχοιτο
793 3083 894 3153 τὴν
938 3083 1225 3154 ὠφέλειαν,
1260 3085 1447 3157 ἐπειδὴ
1488 3087 1758 3158 πανδημεὶ

166 3175 378 3238 πάντες
417 3173 549 3244 πρὸς
579 3175 642 3228 τὸ
676 3176 847 3229 κακὸν
881 3178 1304 3249 συνεφρόνησαν,
1332 3179 1426 3232 καὶ
1458 3179 1646 3251 ὥσπερ
1678 3175 1757 3244 εἷς

165 3268 393 3336 ἐγένετο
420 3266 498 3337 τῷ
543 3266 687 3337 λόγῳ
715 3267 818 3338 τῆς
853 3269 1052 3332 κακίας
1083 3270 1144 3323 τὸ
1189 3271 1550 3342 στρατόπεδον
1577 3272 1722 3326 ἅπαν
1741 3289 1754 3302 ο

163 3360 486 3430 ἀδιάκριτος
521 3361 555 3430 ὴ
608 3361 730 3414 κατ’
775 3362 956 3414 αὐτῶν
1006 3363 1212 3430 γίνεται
1263 3363 1478 3433 μάστιξ.
1520 3365 1606 3427 Ὡς
1649 3365 1758 3435 γάρ

163 3469 294 3506 τινα
327 3451 438 3505 τῶν
465 3452 558 3504 ἐπὶ
584 3451 752 3524 κακίᾳ
783 3454 1194 3526 πεφωραμένων
1223 3457 1252 3508 6
1281 3455 1518 3524 πληγαῖς
1547 3457 1755 3522 αἰκιζό-

165 3561 354 3615 μενος,
402 3546 452 3607 ὅ,
485 3545 539 3598 τί
583 3563 692 3616 περ
733 3544 799 3598 ἂν
845 3546 983 3618 τύχῃ
1016 3546 1108 3600 τοῦ
1159 3547 1406 3618 σώματος
1447 3548 1758 3612 καταξαίνει

159 3636 254 3691 διὰ
277 3637 380 3706 τῆς
403 3637 690 3706 μάστιγος,
719 3635 875 3702 εἰδὼς
904 3639 987 3691 ὃτι
1014 3640 1048 3708 ἠ
1088 3639 1182 3692 ἐπὶ
1209 3640 1407 3711 μέρους
1443 3638 1600 3710 ὀδύνη
1622 3640 1757 3707 πρὸς

162 3727 226 3782 τί.
262 3730 374 3782 πᾶν
427 3730 700 3801 διέρχεται
722 3745 735 3758 ⁸
774 3730 949 3795 οὕτως
995 3731 1072 3795 ὡς
1107 3733 1308 3795 παντὸς
1349 3733 1552 3802 ὁμοίως
1597 3732 1758 3785 κολα-

165 3818 425 3892 ζομένου,
453 3821 550 3874 τοῦ
577 3824 658 3885 είς
686 3821 785 3892 τὴν
813 3822 1012 3876 κακίαν
1045 3823 1385 3894 συμφυέντος
1421 3823 1691 3894 σώματος,
1723 3825 1756 3894 ὴ

167 3913 265 3964 ἐπὶ
298 3913 502 3983 μέρους
532 3913 898 3985 ἐνεργουμένη
926 3913 1124 3984 μάστιξ
1148 3915 1208 3967 τὸ
1235 3916 1344 3970 πᾶν
1375 3915 1752 3987 ἐσωφρόνιζεν.

165 4001 383 4054 Οὐκοῦν
423 4001 475 4053 εῖ
505 4018 634 4054 ποτε
668 4001 769 4072 τῆς
817 4002 939 4072 ίσης
969 4003 1166 4065 κακίας
1193 4005 1252 4056 ἐν
1293 4003 1505 4068 πολλοῖς
1530 4004 1759 4075 θεωρου-

172 4094 365 4164 μένης,
407 4092 482 4164 μὴ
512 4093 653 4146 κατά
680 4093 922 4158 πάντων,
953 4095 1090 4149 ἀλλά
1124 4095 1267 4150 κατά
1285 4113 1446 4149 τινων
1473 4097 1754 4168 ἐνεργήσει

165 4191 199 4254 η
232 4184 330 4237 τοῦ
363 4183 503 4236 Θεοῦ
550 4184 924 4254 ἀγανάκτησις
950 4203 962 4215 ·
1020 4189 1162 4240 νοεῖν
1216 4190 1483 4258 προσήκει
1533 4189 1632 4260 τὴν
1668 4189 1758 4243 διά

168 4275 587 4346 φιλανθρωπίας
614 4276 724 4328 τῶν
746 4277 1155 4349 ἐνεργουμένων
1189 4279 1474 4351 διόρθωσιν
1492 4296 1504 4308 °
1532 4280 1591 4332 ού
1619 4279 1756 4333 πάν-

1944 881 2138 938 Omnis
2189 883 2336 937 enim
2373 883 2522 938 circa
2551 883 2845 940 simulacra
2874 901 3052 950 error,
3087 886 3336 944 funditus
3362 895 3450 946 est

1873 975 2126 1031 sublatus
2157 982 2322 1047 atque
2342 991 2439 1032 ore
2463 976 2676 1047 piorum
2699 977 3012 1048 absorptus,
3036 980 3130 1051 qui
3152 980 3294 1037 bona
3315 995 3448 1037 con-

1873 1067 2112 1125 fessione
2136 1067 2419 1124 materiam
2445 1068 2742 1138 impietatis
2781 1069 2838 1124 in
2871 1069 3071 1141 seipsis
3103 1071 3444 1130 deleverunt.

1875 1159 2138 1219 Videmus
2165 1171 2428 1234 praeterea
2460 1177 2582 1232 quae
2608 1169 2800 1218 sancta
2835 1160 3057 1220 fuerunt
3082 1166 3225 1236 apud
3253 1165 3447 1236 impie-

1865 1243 1988 1298 tatis
2000 1242 2242 1302 fautores
2252 1246 2532 1319 mysteria;
2543 1245 2697 1318 quasi
2712 1259 2909 1315 aquam
2923 1245 3227 1305 instabilem
3240 1247 3458 1313 delapsa

1869 1339 2197 1403 deﬂuxisse;
2251 1353 2448 1410 aquam
2493 1341 2562 1396 ab
2609 1340 2832 1394 illorum
2883 1339 3127 1409 ipsorum
3184 1357 3299 1406 ore,
3347 1344 3442 1413 qui

1868 1437 2018 1492 cultu
2069 1435 2491 1491 simulacrorum
2533 1434 2905 1500 insaniebant,
2950 1434 3277 1492 imbibitam.
3307 1435 3442 1492 Nam

1867 1542 1992 1582 cum
2007 1542 2202 1585 cernas
2216 1526 2388 1583 oculis
2401 1538 2518 1593 eos,
2529 1526 2624 1595 qui
2636 1525 2765 1580 huic
2785 1524 3018 1580 vanitati
3045 1536 3204 1581 erant
3224 1527 3443 1598 penitus

1867 1617 2058 1680 dediti,
2113 1618 2219 1673 alia
2250 1617 2579 1688 templorum
2631 1631 2881 1681 suorum,
2914 1617 2972 1672 in
3021 1618 3224 1688 quibus
3253 1635 3444 1690 spera-

1869 1717 2086 1774 verant,
2113 1710 2418 1773 diruentes.
2445 1710 2554 1764 alia
2594 1710 2652 1765 in
2701 1709 2839 1766 alios
2861 1725 2996 1766 usus
3018 1709 3438 1774 transferentes.

1870 1817 2051 1857 nonne
2091 1815 2288 1870 magna
2327 1815 2463 1857 voce
2501 1801 2739 1857 clamare
2785 1801 3012 1858 historia
3055 1801 3274 1860 videtur
3308 1825 3320 1860 :
3354 1805 3442 1860 fu-

1867 1903 2051 1946 turum
2089 1908 2212 1948 esse
2238 1902 2458 1963 tempus
2486 1891 2616 1947 olim
2647 1891 2702 1947 in
2732 1908 2842 1962 quo
2872 1893 3227 1950 simulacrum
3255 1912 3438 1961 omne,

1866 2001 1962 2041 ore
2004 1987 2249 2056 ipsorum
2279 1986 2372 2056 qui
2406 1985 2475 2040 ab
2509 1985 2816 2055 iniquitatis
2859 2000 3049 2042 errore
3078 1987 3145 2042 ad
3179 1989 3437 2059 pietatem

1867 2084 2320 2146 transponentur,
2367 2074 2641 2130 delebitur
2684 2084 2739 2129 et
2790 2075 3210 2134 absorbebiturl
3249 2081 3439 2136 Armat

1863 2168 2058 2224 deinde
2106 2167 2324 2224 Levitas
2363 2182 2474 2222 non
2525 2167 2583 2222 in
2649 2167 3006 2240 alienigenas,
3049 2171 3141 2226 sed
3198 2172 3253 2227 in
3307 2191 3439 2232 suos

1863 2261 2120 2315 ardenter
2150 2259 2384 2330 Moyses,
2419 2259 2513 2330 qui
2547 2260 2616 2314 ab
2649 2260 2817 2316 altera
2845 2263 3192 2319 extremitate
3224 2275 3438 2322 castro-

1864 2369 1986 2407 rum
2020 2352 2087 2406 ad
2119 2353 2344 2406 alteram
2374 2351 2628 2415 confuse,
2661 2359 2721 2406 ut
2752 2353 2988 2424 quisque
3015 2355 3230 2411 obviam
3261 2357 3434 2421 ﬁeret,

1863 2457 2063 2498 omnes
2127 2441 2542 2497 interfecerunt.
2580 2439 2656 2496 Ita
2705 2456 2829 2496 cum
2873 2443 3080 2513 pariter
3122 2447 3437 2519 quicunque

1865 2533 2116 2589 mucroni
2168 2532 2456 2596 incideret,
2502 2532 2866 2596 occideretur,
2913 2549 3074 2591 nemo
3103 2537 3436 2595 interficien-

1860 2625 1994 2678 tiwn
2036 2625 2158 2696 quis
2203 2625 2414 2678 amicus
2454 2631 2546 2677 aut
2581 2624 2705 2694 quis
2756 2624 3011 2682 inimicus
3053 2616 3432 2695 discernebat;

1859 2717 1984 2785 qm‘s
2025 2715 2384 2781 domesticus,
2429 2717 2554 2786 quis
2604 2714 2802 2783 afﬁnis,
2844 2717 2970 2787 quis
3002 2730 3289 2790 cognatus,
3341 2733 3434 2777 aut

1861 2809 2094 2872 alienus,
2143 2822 2306 2864 nemo
2336 2808 2729 2879 prospiciebat;
2785 2809 2881 2865 sed
2920 2811 3119 2868 unicus
3147 2820 3310 2884 atque
3336 2832 3436 2886 pur

1861 2903 2127 2958 adversus
2157 2917 2376 2968 omnes,
2403 2902 2460 2956 in
2490 2917 2628 2973 quos
2650 2903 2981 2971 inciderant,
3027 2913 3145 2961 erat
3176 2907 3428 2978 impetus.

1865 2993 2018 3048 Unde
2047 2994 2310 3050 discimus
2349 2993 2558 3050 idcirco
2597 2995 2801 3066 absque
2829 2995 3191 3067 dispositione
3213 3001 3433 3069 punitos

1861 3086 2050 3152 fuisse,
2098 3087 2360 3157 quoniam
2399 3101 2508 3142 una
2547 3103 2740 3144 omnes
2773 3087 2840 3143 ad
2877 3090 3078 3144 malum
3121 3093 3436 3162 conspiran-

1861 3188 1966 3242 tes,
1997 3177 2214 3233 ratione
2243 3178 2360 3234 vitii
2394 3179 2552 3249 quasi
2612 3196 2757 3236 unus
2796 3179 2975 3237 effecti
3009 3190 3160 3247 sunt,
3185 3191 3241 3239 et
3267 3185 3432 3240 veluti

1859 3284 1984 3322 cum
2021 3269 2297 3339 quispiam
2330 3285 2500 3325 unum
2539 3271 2812 3327 hominem
2849 3274 3092 3342 peccatis
3129 3285 3432 3332 commotus

1860 3360 1978 3413 suis
2029 3359 2190 3415 caedit
2229 3360 2600 3427 vehementer,
2655 3379 2766 3418 non
2812 3364 2917 3418 hoc
2958 3371 3050 3419 aut
3099 3365 3230 3421 illud
3274 3383 3431 3422 suum

1860 3449 2046 3520 afﬂigit
2069 3466 2210 3506 mem
2221 3451 2397 3517 brum,
2423 3453 2517 3508 sed
2537 3469 2645 3524 quo
2664 3452 2936 3524 ﬂagellum
2958 3457 3240 3513 commode
3256 3467 3435 3529 potest

1861 3541 2078 3609 inferri,
2108 3541 2247 3598 illud
2289 3543 2562 3599 verberat:
2597 3544 2738 3600 bene
2769 3547 2914 3601 enim
2955 3549 3107 3604 novit
3133 3565 3437 3620 quamcun-

1858 3649 1967 3703 que
2022 3643 2229 3704 partem
2277 3638 2636 3706 percusserit,
2698 3638 2765 3692 ad
2831 3647 3002 3694 totum
3061 3651 3264 3711 corpus
3309 3643 3436 3698 inde

1859 3739 2082 3780 sensum
2114 3723 2322 3780 doloris
2355 3725 2758 3782 transiturum:
2802 3727 2883 3783 sic
2911 3743 3032 3798 quae
3056 3729 3176 3784 sine
3203 3729 3437 3800 disposi-

1860 3819 2009 3873 tione
2042 3827 2174 3872 tunc
2214 3816 2582 3874 adhibebatur
2605 3818 2835 3887 punitio,
2869 3831 3063 3874 omnes
3095 3819 3190 3890 qui
3221 3822 3438 3892 conspi-

1860 3912 2073 3966 ratione
2097 3910 2241 3978 vitii,
2273 3912 2432 3981 quasi
2469 3919 2626 3966 erant
2660 3911 2715 3965 in
2757 3925 2925 3965 unum
2963 3923 3165 3982 corpus
3193 3911 3431 3979 conflati,

1860 4003 2057 4058 mirum
2117 4003 2172 4058 in
2224 4003 2445 4058 modum
2510 4004 2834 4074 castigabat.
2881 4001 3062 4070 Quare
3106 4005 3150 4059 si
3181 4019 3437 4061 nonnum-

1858 4109 2022 4164 quam
2060 4095 2301 4165 peccatis
2346 4093 2634 4149 hominum
2682 4095 2818 4148 iram
2854 4093 2948 4150 Dei
2978 4094 3295 4159 excitatam,
3325 4111 3434 4150 non

1859 4185 1916 4240 in
1955 4199 2168 4250 omnes,
2217 4185 2313 4240 sed
2360 4184 2416 4238 in
2467 4184 2683 4253 aliquos
2718 4183 2852 4238 ferri
2901 4183 3207 4247 videamus,
3239 4185 3436 4239 divina:

1859 4277 2163 4331 clementia:
2207 4275 2638 4347 magnitudinem
2686 4275 2947 4330 admirari
2991 4275 3294 4332 debemus:
3327 4292 3436 4347 qua

166 4385 274 4421 των
293 4366 394 4437 μὲν
416 4367 790 4438 τυπτομένων,
806 4371 1023 4424 πάντων
1037 4371 1094 4424 δὲ
1109 4375 1231 4435 ταῖς
1251 4375 1503 4444 μερικαῖς
1525 4373 1758 4444 πληγαῖς

1864 4370 1952 4430 lit,
1984 4377 2045 4422 ut
2091 4384 2200 4424 non
2231 4383 2426 4424 omnes
2467 4367 2630 4423 sicuti
2680 4375 2980 4440 merentur,
3033 4367 3434 4439 percutiantur,

167 4459 306 4530 πρὸς
348 4457 450 4528 τὴν
480 4459 579 4528 τῆς
617 4460 815 4524 κακίας
846 4461 1200 4535 ἀποστροφὴν
1250 4464 1754 4535 σωφρονιζομένων.

178 4544 341 4598 Ἀλλά
369 4543 534 4598 τοῦτο
558 4546 656 4616 μὲν
683 4546 762 4600 ἔτι
784 4549 894 4602 τῶν
921 4549 1050 4603 καθ’
1079 4551 1319 4622 ἱστορίαν
1356 4553 1757 4624 γεγραμμένων

164 4635 227 4688 τὸ
251 4635 458 4707 νόημα.
503 4635 568 4689 Ἦ
593 4636 651 4689 δὲ
673 4639 932 4712 ἀναγωγὴ
961 4641 1148 4696 τοῦτον
1179 4643 1244 4696 ἂν
1269 4645 1420 4714 ἡμᾶς
1443 4644 1534 4698 τὸν
1557 4645 1758 4716 τρόπον

164 4727 526 4800 ὠφελήσειεν.
568 4729 781 4803 Ἐπειδὴ
802 4749 964 4802 φησιν
991 4735 1049 4787 ἐν
1078 4735 1242 4805 κοινῷ
1275 4736 1590 4808 κηρύγματι
1621 4739 1758 4810 πρὸς

167 4821 376 4885 πάντας
398 4821 430 4872 6
450 4821 768 4893 νομοθέτης,
787 4824 869 4878 ὅτι
904 4844 923 4877 ι
946 4825 1016 4879 Et
1034 4844 1118 4891 τις
1137 4829 1274 4898 πρὸς
1293 4831 1384 4882 τὸν
1409 4830 1631 4901 Κύριον,
1659 4830 1756 4884 ἴτω

167 4911 302 4980 πρός
324 4927 419 4981 με.
447 4930 467 4962 ι
495 4911 675 4984 Ὅπερ
692 4913 839 4966 ἐστὶν
858 4915 892 4985 ἡ
917 4915 1011 4969 τοῦ
1029 4915 1195 4987 νόμου
1221 4918 1374 4988 φωνὴ
1403 4919 1570 4972 πᾶσιν
1593 4919 1756 4986 ἐγκε-

168 5000 437 5072 λευομένη
467 5001 552 5067 τὸ,
593 5001 663 5054 Εῖ
689 5019 774 5067 τις
811 5003 1059 5074 βούλεται
1097 5005 1192 5060 τοῦ
1223 5005 1360 5060 Θεοῦ
1400 5007 1550 5077 φίλος
1593 5005 1753 5071 εἷναι,

169 5092 290 5162 ἐμοὶ
317 5091 401 5162 τῷ
430 5091 581 5161 νόμῳ
607 5091 759 5161 φίλος
784 5094 1044 5162 γενέσθω.
1084 5096 1144 5150 '0
1172 5097 1282 5168 γάρ
1308 5098 1386 5167 τῷ
1412 5099 1562 5170 νόμῳ
1586 5099 1756 5167 φίλος,

167 5185 258 5239 καὶ
285 5185 366 5256 τῷ
392 5184 515 5255 Θεῷ
540 5186 692 5254 φίλος
723 5188 840 5240 ἐστὶ
867 5188 1112 5252 πάντως·
1144 5191 1238 5244 καὶ
1281 5193 1395 5253 τοῖς
1433 5191 1571 5262 πρὸς
1596 5191 1756 5245 αὐτὸν

167 5275 254 5331 διὰ
298 5276 548 5330 τοιούτου
596 5279 953 5350 κηρύγματος
1004 5281 1371 5353 ἀθροισθεῖσιν
1409 5282 1758 5352 ἐγκελεύεται

166 5368 480 5439 χρήσασθαι
508 5368 586 5439 τῷ
612 5367 756 5440 ξίφει
794 5371 936 5425 κατά
967 5372 1062 5426 τοῦ
1089 5373 1321 5444 ἀδελφοῦ
1349 5375 1441 5428 καὶ
1481 5375 1576 5428 τοῦ
1603 5375 1758 5444 φίλου

166 5462 260 5514 καὶ
288 5461 387 5514 τοῦ
426 5462 671 5532 πλησίον.
704 5462 950 5536 Νοοῦμεν
981 5465 1038 5520 δὲ
1067 5467 1204 5537 πρὸς
1236 5468 1296 5522 τὸ
1316 5466 1606 5522 ἀκόλουθον
1637 5467 1760 5538 βλέ-

235 5645 285 5678 ⁶³
322 5645 499 5702 Exod.
541 5658 711 5712 xxxu,
746 5644 838 5700 25.

454 5741 726 5801 Ρηιιοι..
769 5744 859 5799 (in
928 5736 1131 5800 XLIV.

1859 4475 2050 4515 omnes
2076 4465 2255 4514 tamen
2281 4458 2512 4530 flagellis
2531 4458 2891 4530 castigentur.
2913 4456 3116 4514 Verum
3145 4457 3199 4511 id
3227 4474 3292 4512 ex
3318 4459 3436 4528 Ipsa

1860 4551 2087 4608 historia
2139 4566 2248 4606 non
2278 4551 2446 4605 altius
2488 4549 2766 4605 intellecta
2816 4547 3098 4605 discimus.
3139 4547 3220 4602 Ad
3256 4549 3433 4603 subli—

1859 4643 2005 4698 mius
2041 4649 2226 4698 autem
2255 4641 2522 4698 reducere
2561 4642 2837 4707 volentes,
2881 4640 3016 4695 illud
3055 4640 3206 4710 prius
3248 4641 3435 4694 consi-

1859 4734 2217 4798 derabimus,
2271 4734 2420 4804 quod
2484 4735 2764 4788 communi
2826 4734 3102 4803 praiconio
3157 4731 3436 4801 legislator

1857 4823 2220 4880 exclamavit:
2251 4841 2270 4874 ι
2298 4821 2356 4877 Si
2386 4822 2512 4895 quis
2534 4832 2619 4878 est
2645 4821 2882 4888 Domini,
2917 4823 2983 4876 ad
3011 4838 3097 4877 me
3119 4817 3386 4878 veniat“.
3410 4843 3428 4873 ι

1858 4916 1976 4983 Qua
2015 4929 2151 4972 voce
2190 4917 2278 4971 lex
2326 4916 2442 4985 ipsa
2488 4916 2744 4970 omnibus
2785 4915 3004 4971 edicere
3047 4915 3264 4970 videtur
3313 4934 3326 4970 :
3377 4914 3434 4969 Si

1858 5008 1983 5079 quis
2013 5006 2183 5062 Deum
2218 5020 2403 5061 amare
2439 5005 2574 5070 vult,
2625 5021 2710 5060 me
2757 5006 2928 5075 legem
2974 5014 3148 5070 amet;
3182 5019 3305 5057 nam
3340 5006 3435 5074 qui

1857 5100 1994 5169 legis
2025 5099 2240 5154 amicus
2271 5104 2378 5160 est.
2409 5109 2558 5152 certe
2588 5094 2684 5152 Dei
2719 5111 2938 5165 quoque
2975 5095 3187 5150 amicus
3214 5107 3316 5150 est.
3339 5094 3436 5149 Ju—

1859 5193 1952 5247 bet
1978 5191 2176 5246 deinde
2207 5205 2322 5250 eos.
2369 5189 2461 5259 qui
2488 5187 2582 5242 tali
2619 5187 2891 5258 praeconio
2931 5187 3245 5258 congregati
3285 5195 3433 5248 sunt.

1860 5285 2070 5354 absque
2119 5281 2508 5353 disquisitione
2548 5293 2602 5334 et
2646 5280 2701 5334 in
2754 5280 2974 5343 fratres,
3013 5287 3068 5334 et
3106 5280 3332 5342 amicos,
3381 5289 3434 5334 et

1861 5377 2142 5447 proximos
2171 5373 2351 5444 gladio
2381 5371 2637 5426 ferociter
2689 5370 2784 5424 uti.
2836 5368 3146 5440 Superioris
3187 5370 3436 5440 specula-

1863 5468 2032 5525 tionis
2065 5467 2262 5524 seriem
2294 5471 2610 5536 sequentes,
2632 5461 2868 5518 dicimus
2901 5476 3116 5516 onmem
3138 5460 3434 5526 hominem,

3036 5730 3112 5797 13
