3876 6218
441 225 550 282 595

1684 214 1742 269 S.
1781 209 2108 266 GREGORII
2148 207 2445 264 NYSSENI

3601 192 3712 248 595

448 345 544 416 qui
573 341 639 398 ad
669 341 841 412 legem
869 354 933 394 ac
964 337 1135 394 Deum
1176 335 1428 408 reSpicit,
1457 332 1729 389 malorum
1767 331 2025 386 domesti-

2146 347 2327 393 σοντες
2347 329 2446 400 τῆς
2477 328 2728 399 θεωρίας,
2760 322 2842 378 δτι
2875 323 2980 384 πᾶς
3008 324 3038 374 6
3066 320 3198 416 πρὸς
3225 316 3316 370 τὸν
3337 315 3470 368 Θεὸν
3500 313 3594 367 καὶ
3619 311 3714 365 τὸν

449 453 641 493 corum
685 433 831 490 caede
869 432 1113 504 purgari.
1150 429 1259 486 Nec
1296 430 1441 484 enim
1472 440 1688 497 semper
1711 423 1901 485 frater,
1934 428 2028 474 aut

450 531 687 595 amicus,
734 535 828 581 aut
870 526 1156 596 proximus
1213 524 1266 577 in
1318 522 1600 576 meliorem
1661 533 1690 572 a
1741 517 2027 585 Scriptura

451 630 664 693 partem
693 619 984 688 accipitur,
1016 615 1112 671 sed
1146 623 1275 670 sunt
1305 611 1555 666 nonnulli
1586 609 1806 671 fratres,
1841 595 2034 668 amici,

450 712 709 785 proximi,
753 709 848 780 qui
891 707 1048 779 quasi
1087 707 1250 760 alieni
1300 719 1364 758 ac
1410 702 1613 758 inimici
1661 700 1820 755 nobis
1847 700 2031 752 adver-

448 813 679 867 santur,
743 815 881 869 quos
931 813 1028 853 eas
1074 797 1409 851 arbitramur
1473 807 1598 848 esse
1647 789 2027 861 cogitationes,

455 910 686 967 quarum
716 895 828 947 vita
858 891 1016 946 nobis
1056 896 1314 955 mortem,
1348 900 1501 943 mors
1539 899 1669 941 vero
1695 884 1860 938 vitam
1893 881 2032 937 solet

450 986 730 1044 inducere.

523 1167 651 1223 llaec
687 1165 959 1237 expositio
997 1163 1107 1220 illis
1139 1163 1304 1219 etiam
1339 1161 1597 1216 convenit
1619 1201 1632 1222 ,
1668 1174 1791 1230 qua:
1827 1158 1894 1213 de
1924 1157 2032 1210 Aa-

453 1277 554 1315 ron
587 1259 848 1314 diximus.
877 1257 951 1312 Ibi
976 1257 1122 1312 enim
1155 1271 1255 1326 pro
1288 1253 1457 1308 fratre
1490 1254 1700 1310 socium
1723 1259 1887 1322 atque
1909 1265 2035 1321 pro-

455 1364 712 1409 tectorem
747 1351 1012 1406 divinitus
1049 1349 1209 1404 nobis
1246 1347 1432 1402 datum
1473 1346 1727 1417 angelum
1765 1343 2036 1399 intellexi-

456 1463 608 1508 mus,
645 1446 738 1515 qui
774 1444 1037 1498 adversus
1082 1440 1369 1513 Egyptios
1415 1440 1571 1509 signa
1618 1444 1900 1506 operatur,
1941 1434 2034 1505 qui

454 1540 618 1593 etiam
675 1537 851 1606 major
881 1544 1039 1590 aetate
1065 1535 1191 1605 jure
1225 1533 1409 1589 dictus
1457 1538 1580 1597 est,
1622 1545 1748 1584 nam
1790 1529 2035 1601 angelica

456 1644 648 1687 natura
687 1630 907 1684 homine
949 1628 1099 1698 prius
1133 1633 1317 1680 creata
1343 1633 1429 1680 est
1459 1641 1474 1678 :
1525 1620 1697 1677 frater
1724 1635 1876 1688 vero,
1908 1621 2034 1689 quia

456 1734 539 1778 est
574 1722 820 1792 quaedam
855 1719 1100 1791 profecto
1132 1716 1517 1773 intellectualis
1560 1722 1614 1770 et
1654 1713 1914 1783 angelicae
1943 1726 2038 1765 na-

457 1827 592 1868 tura:
621 1815 686 1869 ad
722 1813 1054 1866 intellectum
1080 1818 1134 1864 et
1159 1810 1396 1864 animam
1431 1808 1728 1861 humanam
1757 1801 1992 1857 allinitas
2019 1820 2032 1856 :

457 1922 594 1976 quas
629 1905 698 1959 ob
742 1919 861 1965 res,
913 1903 1016 1958 etsi
1052 1909 1283 1972 utroque
1329 1899 1383 1953 in
1435 1897 1557 1952 loco
1595 1895 1763 1950 frater
1813 1893 2035 1956 dicitur,

459 2015 566 2053 non
600 1997 765 2051 habet
793 2005 974 2050 tamen
998 1995 1178 2049 locum
1204 1991 1500 2062 oppositio.
1528 1987 1806 2060 quomodo
1837 1988 1892 2040 in
1927 2002 2039 2041 me-

459 2079 648 2146 liorem
705 2097 914 2160 partem
961 2085 1133 2156 accipi
1174 2087 1350 2156 possit
1399 2081 1740 2138 consortium
1771 2079 2036 2144 Aaronis,

459 2185 548 2252 qui
581 2183 834 2238 lsraelitis
866 2180 931 2235 ad
963 2179 1167 2234 idolum
1201 2174 1604 2231 conficiendum
1633 2172 1947 2228 ministrum
1981 2185 2041 2226 se

461 2275 726 2348 prrebuit,
775 2288 899 2327 cum
945 2271 1221 2340 aequivoce
1261 2268 1451 2322 fratris
1499 2281 1732 2332 nomen,
1785 2279 1932 2319 nunc
1982 2271 2040 2318 ut

461 2368 720 2426 diximus,
753 2366 1072 2432 accipiatur.
1101 2360 1380 2416 Adversus
1402 2359 1568 2428 igitur
1593 2357 1694 2412 hos
1720 2357 1895 2412 malos
1929 2355 2041 2410 fra-

462 2469 574 2514 tres
613 2457 915 2527 gladiorum
948 2453 1174 2524 opponit
1211 2452 1384 2506 aciem
1410 2449 1647 2520 Moyses.
1686 2447 1845 2515 Quod
1895 2449 2038 2502 enim

463 2549 587 2603 aliis
625 2547 749 2616 quis
781 2545 955 2614 jubet,
997 2542 1103 2597 sibi
1154 2555 1372 2610 quoque
1421 2539 1527 2610 ipsi
1581 2539 1779 2594 sancit.
1833 2537 2038 2592 Horum

463 2641 698 2694 fratrum
744 2638 938 2696 caedes,
971 2642 1318 2706 peccatorum
1357 2633 1614 2688 interitus
1647 2641 1750 2686 est.
1783 2629 1917 2684 Nam
1947 2631 2041 2700 qui

467 2729 764 2786 adversarii
802 2727 1049 2782 consiliis
1085 2727 1250 2779 fixum
1282 2732 1447 2793 atque
1481 2731 1747 2778 statutum
1779 2723 1832 2776 in
1859 2722 2042 2776 animo

467 2819 667 2873 malum
709 2817 940 2878 delevit,
977 2815 1357 2869 adversarium
1409 2815 1463 2868 in
1513 2815 1696 2884 seipso
1747 2811 2038 2867 interfecit.

470 2911 592 2964 llarc
626 2918 804 2963 autem
843 2909 1110 2963 sententia
1142 2906 1450 2976 spiritualis
1481 2905 1691 2960 firmior
1718 2919 1842 2960 esse
1878 2912 2044 2973 atque

468 3003 647 3056 verior
677 3001 968 3063 videbitur,
1017 2999 1061 3054 si
1093 2998 1340 3068 quaedam
1383 2999 1550 3053 etiam
1587 2997 1693 3051 alia
1725 2997 1782 3051 in
1813 2995 2044 3051 historia

471 3094 615 3147 dicta
646 3093 771 3147 huic
804 3091 1100 3146 convenire
1126 3090 1502 3145 ostendemus.
1536 3090 1866 3159 lmperatum
1895 3087 2041 3143 enim

472 3184 642 3239 fuisse
665 3184 732 3238 ab
757 3184 938 3236 Aaron
972 3181 1193 3246 dicitur,
1224 3190 1283 3235 ut
1313 3182 1535 3236 inaures
1559 3181 1628 3235 ab
1652 3180 1881 3234 auribus
1909 3193 2045 3233 uxo-

472 3291 591 3327 rum
631 3274 924 3340 tollerent;
948 3271 1033 3325 ba:
1061 3269 1308 3325 conflatae
1343 3269 1623 3325 simulacri
1655 3269 1884 3324 materia
1925 3267 2044 3323 fue-

472 3374 600 3419 runt
627 3365 691 3416 °“.
740 3362 988 3417 Dicimus
1038 3362 1224 3432 igitur,
1258 3361 1405 3431 quod
1443 3359 1658 3432 Moyses
1687 3359 2044 3415 Hebraeorum

474 3459 726 3510 virtutem
754 3454 1043 3509 inauribus
1059 3468 1325 3508 exornare
1349 3452 1545 3516 voluit,
1564 3453 1616 3507 id
1639 3463 1723 3508 est
1748 3453 1855 3519 lex,
1881 3466 2044 3523 quam

472 3565 572 3619 pro
604 3549 786 3620 Moyse
808 3547 1182 3617 intelligimus,
1209 3545 1598 3608 obedientiam,
1619 3560 1740 3616 quae
1763 3561 1860 3615 per
1890 3545 2047 3599 inau-

475 3656 564 3696 res
594 3640 950 3710 significatur,
996 3636 1310 3692 Judzeorum
1358 3635 1617 3689 virtutem
1661 3636 2043 3689 confirmavit:

476 3746 639 3799 quam
670 3731 809 3782 tollit
841 3729 1054 3792 Aaron,
1085 3735 1144 3782 ut
1181 3725 1553 3782 inobedientia
1583 3727 1829 3796 ipsorum
1861 3737 2046 3780 osten-

475 3823 628 3877 deret
657 3823 722 3875 ad
751 3821 956 3874 cultum
994 3818 1263 3873 idolorum
1299 3833 1422 3874 esse
1452 3825 1796 3887 perventum.
1834 3817 2048 3872 Idcirco

478 3914 659 3969 statim
693 3913 758 3964 ad
787 3895 1023 3981 primum
1051 3909 1309 3980 peccandi
1345 3909 1553 3963 aditum
1590 3909 1812 3964 inaures
1836 3908 2048 3962 aufere-

477 4003 699 4066 bantur,
728 4009 788 4055 ιιι
808 3999 919 4069 jam
941 4000 1405 4070 praevaricationis
1427 4009 1482 4056 et
1504 4000 1892 4055 inobedientia;
1914 4016 2049 4055 con-

479 4094 596 4148 silia
645 4093 860 4162 cepisse
903 4093 1238 4151 viderentur.
1287 4093 1381 4162 qui
1429 4093 1676 4146 divinum
1719 4105 2047 4163 praeceptum

479 4181 860 4252 negligendum
892 4197 1014 4236 esse
1043 4183 1421 4238 hortabantur.
1457 4181 1558 4248 Qui
1591 4182 1808 4236 tandem
1845 4183 2047 4237 factum

477 4283 563 4325 est.
593 4279 652 4325 ut
680 4272 890 4326 amicus
910 4279 962 4325 et
996 4273 1338 4341 propinquus
1372 4271 1783 4325 existimaretur
1822 4286 2051 4340 serpens

2127 427 2287 498 νόμον
2309 427 2538 497 βλέπων,
2562 423 2641 493 τῷ
2662 419 2805 489 φόνῳ
2833 416 2940 470 τῶν
2965 401 3148 476 κακῶς
3174 407 3534 482 ᾠκειωμένων
3557 403 3715 470 αὐτῷ

2129 494 2502 584 καθαρίζεται.
2540 514 2614 566 Οὐ
2643 511 2752 581 γὰρ
2795 510 2902 571 πᾶς
2935 504 3181 574 ἀδελφὸς,
3227 502 3346 554 οὐδὲ
3382 498 3553 567 φίλος,
3585 494 3715 548 οὐδὲ

2129 610 2376 676 πλησίον,
2407 607 2502 661 ἐπὶ
2533 606 2594 659 16
2635 605 2879 675 κρεῖττον
2906 599 3058 670 παρὰ
3091 597 3190 664 τῆς
3225 591 3449 664 Γραφῆς
3475 589 3710 676 νοεῖταιξ

2129 675 2245 755 ἀλλδ
2268 699 2382 753 ἔστι
2406 715 2490 760 τις
2522 696 2616 750 καί
2636 691 2864 760 ἀδελφὸς
2887 689 2981 742 καὶ
3001 685 3298 755 ἀλλότριος,
3323 683 3419 735 καὶ
3444 679 3592 748 φίλος
3618 675 3717 730 καὶ

2131 791 2344 864 ἐχθρὸς,
2374 790 2467 843 καί
2496 786 2721 857 πλησίον
2751 783 2844 836 καὶ
2875 780 2935 845 ἐξ
2961 777 3208 838 ἐναντίας
3248 772 3555 841 ἱστάμενος.
3581 766 3722 864 T015-

2129 852 2257 945 τὲυξ
2278 852 2503 950 νοοῦμεν
2522 852 2647 940 106;
2678 871 3094 946 συμφυσμένους
3123 870 3255 938 ἡμῖν
3277 861 3570 933 λογισμούς
3592 877 3606 889 ·
3640 852 3722 911 ὧν

2132 977 2167 1047 ἡ
2193 973 2307 1044 ζωὴ
2338 973 2458 1044 μὲν,
2486 969 2756 1041 ἡμέτερον
2798 966 3057 1020 θάνατον’
3095 962 3125 1014 6
3150 959 3208 1014 δὲ
3241 957 3468 1018 θάνατος
3508 951 3718 1015 αὐτῶν,

2133 1065 2408 1138 ἡμετέραν
2446 1061 2590 1132 ζωὴν
2619 1055 3040 1130 κατεργάζεται.

2204 1159 2495 1228 Συμφωνεϊ
2533 1154 2589 1207 δὲ
2618 1153 2678 1205 16
2706 1150 2916 1204 τοιοῦτο
2959 1147 3140 1217 νόημα
3170 1146 3279 1207 τοῖς
3316 1141 3415 1212 ῆδη
3451 1139 3582 1210 περὶ
3623 1136 3721 1228 τὸν

2147 1248 2360 1321 Ἀαρὼν
2398 1244 2787 1312 ὲξετασθεϊσιν,
2822 1243 2911 1295 ὅτε
2951 1239 3041 1294 διὰ
3086 1237 3184 1308 τῆς
3221 1231 3511 1304 συντυχίας
3551 1227 3714 1284 αὑτοῦ

2134 1343 2227 1396 τὸν
2253 1338 2542 1411 σύμμαχόν
2569 1355 2630 1390 τε
2676 1335 2773 1390 καί
2820 1330 3177 1404 παραστάτην
3219 1326 3449 1395 ἄγγελον
3485 1324 3716 1392 ἐνοήσαο

2138 1452 2259 1506 μεν,
2297 1433 2388 1486 τὸν
2413 1432 2482 1485 τά
2514 1431 2718 1502 σημεῖα
2761 1426 2905 1481 κατά
2928 1425 3035 1478 τῶν
3073 1421 3387 1490 Αἰγυπτίων
3414 1413 3719 1486 ἐργαζόμε-

2136 1545 2246 1591 νον,
2285 1522 2712 1597 προγενέστερον
2747 1520 2974 1582 εἰκότως
3020 1514 3305 1584 νοούμενον
3325 1528 3338 1540 ·
3369 1509 3457 1562 διά
3490 1508 3551 1560 τὸ
3583 1522 3720 1577 προ-

2138 1615 2570 1673 κατεσκευάσθαι
2607 1615 2705 1685 τῆς
2736 1613 2949 1680 φύσεως
2979 1608 3135 1680 ἡμῶν
3166 1606 3263 1677 τὴν
3291 1600 3586 1671 ἀγγελικὴν
3625 1597 3722 1651 καὶ

2137 1711 2426 1781 ἀσώματον
2451 1707 2631 1778 φύσιν.
2669 1703 2918 1773 Ἀδελφὸν
2943 1702 3021 1765 δέ,
3045 1700 3134 1754 διὰ
3155 1699 3253 1768 τὴν
3281 1693 3600 1762 συγγένειαν
3622 1687 3720 1781 106

2139 1777 2330 1875 νοητοῦ
2370 1777 2576 1854 ἐκείνου
2611 1798 2748 1870 πρὸς
2772 1797 2834 1850 16
2861 1792 3050 1864 νοητὸν
3076 1791 3137 1844 16
3167 1788 3449 1860 ἡμέτερον.
3480 1783 3590 1853 Τῆς
3624 1777 3722 1834 οὖν

2137 1893 2463 1956 ἀντιθέσεως
2485 1890 2674 1962 οὖσης,
2719 1890 2802 1942 ὅτι
2837 1887 2954 1949 πῶς
2983 1885 3118 1956 πρὸς
3142 1883 3203 1936 16
3248 1883 3494 1952 κρεῖττον
3530 1875 3722 1929 λαϐεῖν

2138 1987 2253 2040 ἔστι
2299 1985 2399 2056 τὴν
2435 1983 2529 2037 106
2588 1981 2798 2048 Ἀαρὼν
2850 1977 3157 2048 συντυχίαν,
3193 1975 3251 2038 ὃς
3295 1970 3574 2044 ὑπηρέτης
3607 1968 3725 2027 τοῖς

2151 2076 2510 2148 Ἰσραηλίταις
2556 2075 2654 2144 τῆς
2704 2070 3080 2132 εἰδωλοποιίας
3126 2067 3372 2135 ἐγένετο’
3409 2064 3574 2115 κάκεῖ
3623 2076 3722 2129 με-

2137 2169 2304 2239 τρίως
2339 2165 2643 2238 παρεδήλου
2682 2164 2780 2234 τὴν
2825 2163 2923 2232 τῆς
2963 2159 3317 2228 ἀδελφότητος
3350 2152 3668 2224 ὁμωνυμίαν
3695 2151 3724 2203 6

2139 2261 2316 2328 λόγος.
2343 2259 2418 2322 ὡς
2448 2257 2570 2328 οὐχὶ¹
2597 2256 2826 2310 πάντοτε
2854 2252 2949 2306 τοῦ
2980 2250 3142 2305 αὐτοῦ
3185 2245 3584 2317 σημαινομένου
3615 2241 3723 2296 ἀπὸ

2139 2354 2238 2423 τῆς
2273 2351 2442 2421 αὐτῆς
2473 2348 2681 2418 φωνῆς,
2721 2348 2848 2400 ὅταν
2881 2345 2973 2398 ἐπὶ
2996 2342 3104 2396 τῶν
3147 2340 3399 2394 ἐναντίων
3433 2335 3722 2405 νοημάτων

2139 2449 2200 2500 16
2242 2444 2372 2498 αὐτὸ
2414 2441 2760 2513 λαμϐάνηται
2788 2438 2984 2508 ὄνομα.
3026 2433 3164 2488 Ἀλλ’
3203 2432 3390 2502 ἕτερος
3434 2429 3536 2499 μὲν
3566 2426 3724 2480 ἀδελ-

2142 2539 2238 2607 φὸς
2266 2539 2293 2589 6
2341 2533 2620 2602 καθαιρῶν
2658 2532 2750 2584 τὸν
2795 2529 3089 2598 Αίγύπτιον
3119 2523 3411 2596 τύραννον·
3463 2520 3626 2581 ἀλλος
3664 2518 3723 2571 6*.

2142 2630 2304 2684 πάλιν
2334 2631 2361 2682 6
2391 2625 2685 2682 ἀποτυπῶν
2711 2626 2822 2686 τοῖς
2868 2620 3227 2692 Ἰσραηλίταις
3255 2616 3315 2669 16
3347 2613 3590 2676 εἴδωλον,
3619 2610 3724 2665 κᾶν

2143 2721 2200 2774 ἓν
2305 2721 2392 2773 ἐπ’
2426 2717 2767 2788 ,ἀμφοτέρων
2795 2719 2853 2767 16
2889 2714 3078 2783 ὄνομα.
3121 2709 3280 2764 Κατὰ
3319 2708 3426 2761 τῶν
3462 2704 3721 2758 τοιούτοιν

2142 2791 2508 2879 οὖν-’ἀδελφῶν
2538 2809 2846 2878 ἀπογυμνοῖ
2874 2809 2901 2859 ό
2931 2804 3172 2873 Μωῡσῆς
3195 2802 3256 2856 16
3283 2800 3451 2868 ξίφος.
3485 2800 3622 2869 Περὶ
3647 2791 3724 2849 ῶν

2143 2908 2251 2978 γάρ
2279 2905 2460 2967 ἀλλοις
2488 2901 2881 2958 διακελεύεται.
2929 2899 3021 2951 καὶ
3053 2893 3227 2964 ἐαυτῷ
3257 2890 3457 2964 δηλαδὴ
3500 2888 3727 2958 νομοθε-

2070 3021 2114 3079 C
2145 3003 2229 3054 τεῖ
2257 2999 2318 3052 16
2342 2994 2480 3050 ἴσον.
2526 2994 2828 3066 Ἀναίρεσις
2856 2991 2915 3045 δέ
2944 2993 3060 3043 ἐστι
3081 2987 3176 3041 106
3201 2985 3443 3040 τοιούτου
3467 2980 3723 3048 ἀδελφοῦ,

2143 3095 2172 3147 6
2215 3093 2317 3161 τῆς
2350 3088 2627 3161 ἁμαρτίας
2670 3084 2999 3155 ἀφανισμός.
3044 3083 3161 3143 Πᾶς
3189 3079 3297 3150 γὰρ
3326 3079 3354 3130 6
3386 3076 3449 3128 16
3495 3074 3587 3126 διὰ
3623 3073 3724 3142 τῆς

2146 3183 2452 3255 συμϐουλῆς
2492 3179 2588 3233 106
2649 3175 3022 3247 ἀντικειμένου
3077 3169 3379 3242 ἐνιδρυνθέν
3416 3186 3522 3220 τινι
3556 3165 3724 3219 κακὸν

2144 3276 2434 3346 ἀφανίσας,
2466 3276 2670 3327 ἐκεῖνον
2713 3269 3030 3323 ἀπέκτεινεν
3060 3268 3116 3318 ἐν
3151 3261 3326 3330 ἐαυτῷ
3356 3260 3448 3313 τόν
3477 3275 3610 3311 ποτε
3634 3257 3725 3309 διὰ

2144 3369 2243 3438 τῆς
2273 3367 2545 3439 ἁμαρτίας
2576 3364 2770 3428 ζῶντα.
2800 3359 3015 3414 Μᾶλλον
3041 3357 3096 3410 δὲ
3125 3357 3257 3427 ἡμῖν
3285 3353 3344 3406 16
3372 3351 3505 3420 περὶ
3531 3348 3722 3439 τούτου

2147 3438 2473 3530 κρατυνθείη
2505 3455 2706 3524 δόγμα,
2761 3451 2815 3504 εἴ
2852 3467 2974 3504 τινα
3019 3447 3112 3502 καὶ
3159 3445 3292 3501 ἄλλα
3328 3443 3428 3512 τῆς
3481 3438 3727 3511 ἱστορίας

2148 3549 2282 3618 πρὸς
2303 3547 2402 3616 τὴν
2432 3545 2662 3616 θεωρίαν
2691 3542 2893 3612 ταύτην
2925 3535 3467 3609 συμπαραλάὼιμεν.
3495 3533 3728 3602 Εἴρηται

2147 3639 2276 3708 γὰρ,
2312 3638 2394 3689 ὅτι
2435 3633 2816 3705 προστάγματι
2849 3629 3058 3697 γίνεται
3094 3625 3187 3678 τοῦ
3232 3621 3444 3692 Ἀαρὼν
3492 3621 3726 3681 ἐκείνου,

2146 3730 2207 3782 16
2249 3730 2358 3781 δεῖν
2402 3727 2599 3788 αὐτοὺς
2646 3721 2991 3794 περιελέσθαι
3023 3719 3114 3786 ἀφ’
3145 3715 3348 3769 ἐαυτῶν
3392 3713 3459 3766 τά
3507 3712 3725 3766 ἐνώτια.

2148 3822 2258 3874 Καὶ
2294 3821 2327 3890 ἡ
2357 3817 2563 3872 τούτων
2613 3813 2973 3885 περιαίρεσις,
3008 3811 3107 3880 ὖλη
3149 3808 3225 3880 τῷ
3253 3806 3450 3874 εἰδώλῳ
3488 3805 3725 3873 ἐγένετο.

2149 3910 2214 3963 Τί
2237 3907 2330 3964 οὖν
2357 3926 2536 3979 φαμεν
2557 3924 2570 3972 ;
2592 3907 2674 3960 ὅτι
2702 3904 2943 3972 Μωῡσῆς
2978 3901 3074 3972 μὲν
3097 3901 3156 3953 ἐν
3183 3899 3261 3968 τῷ
3281 3897 3484 3966 ἐνωτίῳ
3514 3896 3728 3963 κόσμῳ,

2149 4005 2205 4065 ὃς
2230 4005 2374 4054 ἐστιν
2397 4001 2425 4051 6
2449 3999 2630 4069 νόμος,
2654 3997 2750 4066 τὴν
2778 3995 2886 4049 τῶν
2922 3991 3271 4063 Ἰσραηλιτῶν
3292 3988 3462 4058 ἀκοὴν
3487 3988 3732 4056 ἐκόσμη-

2151 4111 2240 4144 σεν
2265 4107 2276 4118 ·
2312 4092 2340 4142 6
2366 4090 2421 4142 δὲ
2445 4087 2792 4158 ψευδώνυμος
2830 4083 3057 4151 ἀδελφὸς
3084 4081 3170 4134 διὰ
3201 4081 3298 4150 τῆς
3329 4077 3617 4149 παρακοῆς
3644 4093 3732 4128 πε-

2155 4183 2354 4254 ριαιρεῖ
2379 4182 2468 4234 τὸν
2501 4179 2787 4232 ἐντεθέντα
2817 4178 2882 4245 τῇ
2921 4175 3056 4244 ἀκοῇ
3089 4171 3311 4241 κόσμον,
3346 4170 3443 4222 καὶ
3486 4171 3634 4220 ποιεῖ
3664 4168 3731 4220 δι’

2152 4272 2314 4327 αὑτοῦ
2345 4270 2578 4324 εἴδωλον.
2616 4267 2726 4321 Καὶ
2764 4265 2914 4337 παρά
2949 4265 3045 4334 τὴν
3077 4262 3300 4333 πρώτην
3324 4260 3421 4329 τῆς
3457 4258 3732 4328 ἁμαρτίας

479 4366 549 4418 ab
576 4366 662 4424 iis,
689 4364 780 4433 qui
811 4363 966 4433 primi
995 4364 1162 4417 creati
1190 4363 1425 4427 fuerunt,
1449 4365 1604 4433 quasi
1627 4380 1737 4417 rem
1764 4364 2041 4417 honestam

2153 4365 2376 4426 εἴσοδον,
2412 4362 2632 4415 ἐνωτίου
2674 4377 2756 4422 τις
2783 4358 3067 4427 ὑφαίρεσις
3092 4351 3158 4426 ῆν
3192 4357 3224 4422 ἡ
3255 4352 3348 4405 106
3386 4350 3734 4421 παρακοῦσαι

399 4470 401 4474 ·
479 4455 779 4523 utilemque
799 4455 1130 4514 consuleret.
1159 4462 1265 4508 uta
1297 4455 1483 4509 divino
1519 4455 1778 4508 mandato
1807 4455 2050 4509 declina-

479 4556 622 4600 rent.
679 4545 734 4599 ld
784 4561 915 4616 ergo
962 4555 1047 4601 est
1080 4547 1225 4616 quod
1269 4547 1506 4602 dicimus
1539 4545 1762 4601 auferre
1794 4547 1864 4600 ab
1918 4561 2052 4601 aure

481 4647 876 4706 praeceptorum
911 4637 1182 4690 inaurem.
1215 4636 1395 4702 Quare
1428 4637 1520 4706 qui
1553 4637 1655 4690 hos
1688 4635 1907 4699 fratres,
1950 4637 2050 4689 bos

460 4730 713 4790 amicos,
750 4728 848 4782 hos
881 4727 1158 4796 proximos
1207 4728 1500 4789 inlerimet.
1547 4727 1731 4781 audiet
1770 4728 1914 4780 illam
1955 4742 2051 4780 vo-

483 4838 624 4884 cem,
657 4837 821 4891 quam
853 4836 881 4874 a
913 4819 1094 4892 Moyse
1123 4821 1197 4874 illi
1231 4829 1612 4889 perceperunt,
1651 4819 1744 4887 qui
1781 4827 1910 4872 tunc
1935 4819 2054 4873 sine

483 4910 868 4979 disquisitione
905 4911 1107 4965 multos
1134 4926 1164 4964 e
1195 4911 1499 4964 cultoribus
1529 4909 1659 4963 idoli
1695 4908 2051 4962 occiderunt:

483 5003 846 5072 lmplevistis,
888 5002 1099 5071 inquit,
1133 5017 1322 5055 manus
1368 5008 1573 5055 vestras
1610 5000 1769 5054 hodie
1801 5000 2052 5065 Domino,

483 5098 536 5148 in
568 5111 668 5149 suo
701 5095 1079 5164 unusquisque
1114 5094 1224 5149 filio
1264 5095 1347 5149 vel
1380 5093 1571 5156 fratre,
1608 5101 1666 5146 ut
1695 5092 1855 5146 detur
1887 5107 2054 5160 super

484 5202 582 5241 V08
633 5187 960 5241 benedictio.
1029 5187 1133 5240 Sed
1189 5193 1496 5255 opportune
1550 5184 1710 5238 modo
1750 5185 2050 5253 primorum

485 5288 770 5347 parentum
819 5279 1050 5334 fecimus
1088 5279 1444 5341 mentionem,
1483 5285 1539 5330 ut
1587 5278 1865 5332 discamus
1914 5293 2050 5346 quo-

486 5382 608 5419 nam
642 5378 802 5434 pacto
850 5368 1114 5422 divinitus
1163 5367 1440 5421 confectas
1485 5366 1720 5427 tabulas,
1771 5365 1823 5418 in
1853 5366 2051 5434 quibus

487 5451 572 5504 le:
601 5463 716 5506 erat
749 5453 1015 5509 impressa
1099 5457 1152 5508 in
1195 5465 1394 5510 terram
1432 5454 1685 5528 manibus
1715 5453 1885 5528 Moysi
1919 5471 2048 5510 pro-

555 5635 601 5666 “
634 5632 807 5687 Exod.
849 5647 1020 5697 xuii,
1053 5633 1143 5688 ‘24.

2152 4458 2251 4528 τῆς
2278 4455 2494 4525 ἐντολῆς
2527 4452 2820 4522 συμϐουλή.
2859 4450 2983 4512 Πῶς
3013 4447 3271 4519 ἐνομίσθη
3302 4446 3454 4515 φίλος
3475 4445 3570 4497 καὶ
3598 4443 3735 4514 πλη-

2156 4549 2270 4601 σίον
2298 4550 2408 4609 τοῖς
2448 4544 2891 4616 πρωτοπλάστοις
2929 4545 2956 4594 6
2985 4541 3128 4610 ὄφις,
3154 4539 3228 4602 ὥς
3265 4556 3319 4590 τι
3347 4539 3616 4608 χρήσιμον
3640 4535 3736 4588 καὶ

2157 4640 2378 4708 ἀγαθον,
2408 4637 2469 4689 16
2499 4636 2799 4705 ἀποστῆναι
2834 4633 2926 4687 τοῦ
2961 4633 3104 4686 θείου
3145 4630 3569 4702 προστάγματος
3602 4645 3737 4698 συμ-

2158 4727 2460 4791 6ουλεύων;
2500 4725 2669 4780 Τοῦτό
2708 4727 2823 4778 ἐστι
2855 4723 2916 4776 16
2957 4721 3304 4794 περιελέσθαι
3349 4719 3448 4788 τῆς
3475 4718 3646 4785 ἀκοῆς
3677 4717 3738 4770 τὸ

2156 4821 2257 4891 τῆς
2297 4818 2516 4888 ἐντολῆς
2550 4816 2791 4870 ἐνώτιον.
2820 4813 3026 4867 Οὐκοῦν
3073 4815 3101 4865 6
3140 4812 3246 4864 τῶν
3280 4809 3539 4862 τοιούτων
3583 4807 3738 4860 ἀδελ-

2161 4913 2275 4982 φῶν
2317 4929 2374 4964 τε
2408 4912 2502 4964 καὶ
2547 4911 2715 4978 φίλων
2759 4907 2853 4961 καί
2907 4907 3131 4977 πλησίον
3176 4907 3388 4974 φονεὺς,
3441 4901 3740 4955 ἀκούσεται

2161 5004 2311 5076 παρά
2348 5003 2440 5057 τοῦ
2483 5003 2647 5072 νόμου
2696 5001 2796 5069 τῆς
2839 4999 3019 5069 φωνῆς
3073 4997 3305 5067 ἐκείνης,
3335 4997 3401 5065 ἢν
3451 4994 3656 5062 ἔφησεν
3705 4995 3736 5062 ἡ

2163 5095 2373 5166 ἱστορία
2398 5092 2549 5164 παρά
2565 5093 2656 5145 106
2681 5091 2952 5153 Μωῦσέως
2980 5088 3312 5159 γεγενῆσθαι,
3336 5088 3448 5147 τοῖς
3466 5084 3593 5146 τοὺς
3628 5099 3739 5136 τοι-

2161 5185 2349 5248 ούτους
2410 5183 2884 5252 φονοκτονήσασινο
2946 5179 3327 5250 Ἐπληρὼσατε
3390 5178 3489 5240 τὰς
3552 5180 3742 5246 χεῖρας

2159 5277 2311 5347 ὑμῶν
2338 5277 2574 5346 σήμερον
2603 5274 2680 5344 τῷ
2723 5273 2912 5344 Κυρίῳ
2955 5273 3181 5334 ἕκαστος
3215 5272 3270 5323 ἐν
3296 5269 3374 5338 τῷ
3428 5268 3542 5338 ἰδίῳ
3573 5270 3676 5337 υἱῷ
3708 5269 3739 5338 ἤ

2156 5369 2234 5440 τῷ
2261 5367 2493 5437 ἀδελφῷ,
2520 5366 2737 5434 δοθῆναι
2760 5366 2844 5432 ἐφ’
2869 5366 3012 5436 ὑμᾶς
3040 5363 3305 5431 εὐλογίαν.
3337 5363 3496 5413 Δοκεῖ
3515 5361 3572 5413 δὲ
3598 5365 3740 5412 κατὰ

2158 5459 2348 5530 καιρὸν
2378 5459 2470 5511 καὶ
2495 5459 2528 5527 ἡ
2561 5458 2662 5526 μνί
2675 5473 2746 5509 ατς
2781 5455 2889 5508 τῶν
2920 5455 3018 5514 τὴν
3053 5453 3326 5508 ἁμαρτίαν
3354 5451 3744 5518 παραδεξαμέ-
