3838 6224
269 278 377 338 397

1590 273 1677 326 DE
1719 271 1875 326 \‘lTA
1908 271 2180 329 MOYSIS.

3425 267 3529 322 338

259 395 453 458 tectas,
487 407 516 446 a
549 390 753 447 duritie
789 392 1053 463 subjecta!
1083 403 1243 451 terra:
1269 395 1559 458 contritas,
1595 411 1626 448 a
1661 395 1837 466 Moyse

1944 411 2052 447 νων
2093 392 2571 466 ἐπεισεληλυθέναι
2619 391 2698 463 τῷ
2749 388 2922 461 λόγῳ·
2961 387 3102 441 ὥστε
3141 385 3352 457 μαθεῖν,
3409 385 3528 452 πῶς

253 498 453 538 rursus
483 481 657 538 fuisse
691 493 981 556 susceptas
1005 527 1021 552 ,
1055 502 1166 541 non
1195 487 1420 543 omnino
1454 488 1674 543 easdem
1696 529 1712 553 ,
1743 491 1838 544 sed

260 578 585 646 scripturam
632 576 832 641 solum,
866 592 988 648 quae
1020 579 1075 632 in
1110 579 1220 634 illis
1250 588 1367 634 erat
1398 581 1686 650 impressa.
1728 581 1840 635 Ma-

256 667 453 720 teriam
487 667 632 722 enim
655 683 844 723 earum
883 685 951 724 ex
985 669 1235 725 inferiori
1275 672 1377 726 hac
1405 673 1647 742 suscepit
1669 682 1840 728 mate-

257 756 336 810 ria
387 756 605 827 Moyses
627 800 643 825 ,
679 759 985 831 virtutique
1033 761 1210 832 ipsius
1239 763 1501 833 subjecit,
1538 764 1631 834 qui
1662 765 1834 835 legem

256 865 450 907 rursus
483 850 537 906 in
565 852 651 907 bis
680 853 940 908 secundis
981 855 1186 909 tabulis
1215 856 1428 910 caelavit
1467 875 1480 909 :
1512 865 1567 910 et
1599 859 1681 912 sic
1707 871 1837 929 gra-

253 942 386 996 tiam
419 946 722 1007 revocavit,
762 961 886 1001 cum
918 946 974 1000 in
1017 946 1250 1016 lapideis
1292 949 1494 1004 tabulis
1538 951 1708 1020 legem
1749 966 1838 1005 re-

254 1036 579 1102 portaverit,
613 1036 668 1090 in
697 1038 899 1107 quibus
928 1039 1046 1109 ipse
1075 1037 1224 1094 Deus
1257 1040 1391 1110 legis
1415 1056 1582 1096 voces
1607 1043 1839 1097 caelave-

253 1135 356 1180 rat.
405 1127 544 1183 Hinc
582 1130 727 1184 enim
784 1131 970 1185 induci
1017 1147 1315 1202 possumus
1340 1175 1356 1198 ,
1395 1141 1456 1187 ut
1489 1134 1731 1189 divinam
1771 1135 1840 1190 de

252 1218 415 1273 nobis
444 1219 792 1275 clementiam
822 1220 1131 1292 intelligere
1172 1238 1459 1293 queamus.
1492 1224 1625 1279 Nam
1662 1227 1708 1282 si
1739 1243 1838 1282 vo-

254 1326 374 1364 rum
419 1309 556 1366 dicit
588 1311 910 1381 Apostolus,
963 1326 1091 1366 cum
1119 1314 1336 1369 tabulas
1359 1316 1544 1370 cordis
1568 1318 1835 1377 nominat.

254 1401 471 1466 hocest,
496 1399 833 1457 intellectum
852 1403 1020 1456 animi
1043 1403 1236 1460 ducem
1257 1421 1321 1459 ac
1342 1407 1664 1477 principem,
1688 1409 1837 1463 sicut

252 1495 500 1563 profecto
529 1509 718 1549 verum
748 1494 902 1560 dicit,
930 1494 1024 1564 qui
1046 1509 1143 1566 per
1164 1495 1430 1566 Spiritum
1451 1499 1578 1568 prof
1579 1500 1719 1553 unda
1742 1500 1835 1556 Dei

249 1597 532 1644 scrutatus
565 1596 648 1645 est
681 1607 696 1644 :
735 1588 865 1645 inde
901 1589 1120 1646 discere
1152 1591 1311 1658 licet,
1349 1592 1640 1648 infractam
1673 1606 1837 1666 atque

250 1681 614 1736 immortalem
658 1683 863 1738 divinis
909 1681 1234 1738 fabricatam
1280 1686 1530 1741 manibus
1581 1695 1835 1742 naturam

1944 483 2045 548 τὰς
2079 483 2436 547 θεοτεύκτους
2464 483 2700 545 πλάκας,
2725 482 2783 534 ὲν
2807 476 2896 543 αἷς
2919 481 2947 532 6
2975 477 3116 541 θεῖος
3148 477 3312 547 νόμος
3341 479 3526 530 ἐνεκε-

1945 577 2208 648 χάρακτο,
2239 578 2320 639 είς
2353 577 2453 648 τὴν
2487 576 2590 645 γῆν
2636 575 2700 628 ὲκ
2742 573 2850 626 τῶν
2882 571 2975 626 τοῦ
3006 569 3288 633 Μωῠσέως
3327 571 3528 642 χειρῶν

1946 668 2238 732 πεσούσας,
2272 667 2370 722 καὶ
2407 670 2472 738 τῇ
2515 666 2808 735 ἀντιτυπία
2847 664 2941 718 τοῦ
2979 661 3342 732 ὑποκειμένου
3370 679 3528 731 περι-

1944 760 2242 832 τριϐείσας,
2287 759 2448 813 πάλιν
2479 761 2507 812 ὁ
2541 759 2782 829 Μωῦσῆς
2808 755 3218 826 ἀνακομίζεται,
3241 753 3425 807 οὐκέτι
3451 754 3530 806 δι-

1944 851 2066 904 όλου
2093 851 2191 914 τὰς
2211 851 2400 914 αὑτὰς,
2425 849 2560 904 ἀλλὰ
2583 849 2740 920 μόνον
2759 847 2822 902 τὸ
2845 848 2932 900 ἐπ’
2954 845 3133 901 αὐτῶν
3158 847 3413 916 γράμμα.
3433 847 3527 903 Ἐκ

1944 945 2052 1016 γὰρ
2084 947 2184 1016 τῆς
2229 945 2380 998 κάτω
2422 943 2556 1015 ὕλης
2599 942 2781 996 λαϐὼν
2824 940 2924 1004 τὰς
2957 940 3192 1002 πλάκας,
3240 937 3527 1008 ὑποτίθησι

1943 1041 2011 1109 τῇ
2039 1037 2264 1108 δυνάμει
2286 1036 2376 1090 τοῦ
2407 1037 2497 1090 τὸν
2528 1035 2689 1107 νόμον
2709 1034 2897 1098 αὐταῖς
2931 1032 3378 1102 ἐγχαράσσοντος.
3413 1031 3528 1083 Καὶ

1945 1129 2120 1192 οὕτως
2145 1130 2497 1183 ἀνακαλεῖται
2523 1129 2624 1200 τὴν
2653 1127 2834 1200 χάριν,
2864 1125 3045 1196 φέρων
3074 1127 3132 1178 έν
3151 1125 3268 1188 ταῖς
3295 1122 3526 1186 λιθίναις

1943 1220 2149 1283 δέλτοις
2176 1221 2268 1274 τὸν
2298 1222 2483 1292 νόμον,
2527 1219 2692 1272 αὐτοῦ
2737 1219 2832 1272 τοῦ
2878 1216 3014 1271 Θεοῦ
3060 1215 3138 1286 τῷ
3180 1215 3315 1287 λίθῳ
3343 1214 3527 1284 φωνὰς

1945 1310 2371 1374 ἐντυπὼσαντος.
2409 1311 2564 1381 Τάχα
2601 1310 2710 1381 γὰρ
2746 1310 2857 1363 ἔστι
2889 1309 2976 1362 διὰ
3002 1307 3205 1360 τούτων
3239 1303 3529 1376 ὁδηγηθέν-

1943 1420 2063 1468 τας,
2097 1403 2195 1474 τῆς
2243 1404 2392 1468 θείας
2426 1405 2564 1474 ὑπὲρ
2609 1403 2764 1475 ἡμῶν
2807 1403 3145 1472 προμηθείας
3177 1402 3236 1455 ὲν
3276 1399 3527 1471 περινοίᾳ

1943 1494 2214 1563 γενέσθαι.
2246 1496 2310 1548 Εἰ
2336 1496 2447 1567 γὰρ
2485 1493 2740 1562 ἀληθεύει
2777 1495 2805 1546 ὁ
2834 1493 2976 1557 θεῖος
3011 1493 3351 1556 Ἀπόστολος,
3383 1509 3524 1562 καρ-

1941 1587 2059 1650 δίας
2086 1586 2367 1658 ὀνομάζων
2392 1587 2493 1650 τὰς
2536 1586 2770 1651 πλάκας.
2800 1586 3065 1648 τουτέστι,
3105 1585 3164 1638 τὸ
3197 1583 3526 1656 ἡγεμονικὸν

1941 1679 2040 1750 τῆς
2064 1677 2245 1749 ψυχῆς
2282 1677 2559 1750 (ἀληθεύει
2603 1678 2660 1731 δὲ
2698 1677 2936 1740 πάντως,
2963 1679 2992 1729 6
3017 1676 3104 1730 διὰ
3140 1675 3234 1729 τοῦ
3270 1675 3524 1746 Πνεύμαο

246 1783 500 1828 nostram
532 1778 585 1829 ln
612 1775 886 1846 principio
925 1774 1116 1841 fuisse,
1149 1791 1313 1847 quam
1345 1777 1430 1833 lex
1465 1793 1573 1832 non
1605 1781 1832 1850 scripta,

1936 1787 2026 1834 τος
2054 1770 2123 1823 τὰ
2163 1770 2301 1841 βάθη
2333 1769 2426 1824 τοῦ
2455 1769 2590 1824 Θεοῦ
2618 1767 3040 1840 διερευνώμενος
3057 1767 3094 1838 )·
3134 1767 3281 1820 ἐστιν
3308 1767 3379 1856 ἐκ
3402 1766 3525 1820 τού-

251 1868 346 1920 sed
381 1867 605 1930 innata,
653 1882 762 1919 non
790 1867 1035 1922 exterius
1080 1868 1389 1938 acquisita,
1431 1870 1526 1924 sed
1567 1870 1836 1942 impressa

243 1959 573 2013 exornabat.
617 1957 957 2015 Naluraliter
1005 1961 1153 2014 enim
1187 1962 1347 2017 nobis
1394 1964 1652 2020 voluntas
1700 1965 1837 2036 legis

246 2051 447 2113 inerat.
479 2067 601 2118 quae
633 2052 700 2105 ad
736 2053 1005 2105 malorum
1035 2051 1525 2117 abominationem,
1569 2063 1624 2110 et
1657 2054 1834 2111 bono-

247 2155 368 2196 rum
394 2143 802 2211 expeditionem
834 2158 936 2197 nos
969 2143 1312 2198 institueret.

309 2411 523 2467 Verum
570 2423 925 2484 posteaquam
979 2419 1189 2485 peccati
1242 2420 1488 2474 sonitum
1524 2422 1578 2476 in
1610 2425 1836 2480 auribus

240 2507 454 2559 nostris
488 2506 871 2575 suscepimus:
919 2522 1080 2575 quem
1116 2508 1334 2578 quidem
1378 2511 1618 2566 sonitum
1660 2514 1834 2584 prima

241 2596 333 2650 illa
365 2593 658 2666 Scriptura
691 2613 881 2653 vocem
913 2601 1210 2667 serpentis,
1241 2601 1355 2658 ha'c
1378 2619 1512 2658 vero
1535 2604 1602 2660 de
1635 2607 1836 2662 tabulis

238 2687 478 2744 historia
506 2703 697 2742 vocem
718 2703 789 2744 ex
813 2689 942 2744 vino
963 2693 1303 2748 cantantium
1331 2697 1684 2766 nuncupavit:
1711 2708 1837 2754 tunc

237 2788 459 2835 naturae
489 2781 782 2851 integritas
812 2782 864 2834 in
891 2790 1092 2837 terram
1126 2783 1351 2850 decidit,
1377 2794 1432 2841 et
1461 2789 1701 2841 contrita
1728 2797 1831 2845 est.

232 2873 344 2928 Sed
381 2887 606 2928 rursum
638 2888 800 2927 verus
835 2874 1136 2944 legislator,
1165 2876 1324 2945 cujus
1349 2877 1580 2948 ﬁguram
1620 2877 1834 2950 Moyses

227 2966 490 3037 gerebat,
523 2981 590 3020 ex
615 2974 762 3019 terra
795 2973 986 3022 nostra
1015 2977 1226 3022 naturae
1252 2978 1456 3024 nostrae
1482 2970 1700 3028 tabulas
1730 2974 1832 3027 sibi

225 3060 521 3114 confecit:
560 3074 663 3115 nec
699 3059 848 3114 enim
889 3061 1210 3130 nuptiarum
1253 3063 1578 3119 solemnitas
1611 3079 1832 3120 carnem

1937 1879 2031 1916 του
2069 1863 2137 1917 δι’
2191 1863 2486 1917 ἀκολούθου
2547 1863 2761 1933 μαθεῖν,
2810 1863 2890 1916 ὅτι
2943 1861 3305 1930 ἀσύντριπτος
3349 1854 3418 1930 ἦν
3463 1857 3525 1915 τὸ

1938 1956 2057 2008 κατ’
2091 1954 2268 2026 ἀρχὰς
2311 1955 2406 2009 καὶ
2447 1953 2713 2018 ἀθάνατος
2752 1957 2784 2024 ὴ
2825 1952 3137 2024 ἀνθρωπίνη
3183 1951 3366 2021 φύσις,
3400 1953 3523 2014 ταῖς

1937 2043 2108 2108 θείαις
2132 2044 2289 2115 χερσὶ
2319 2045 2826 2114 κατεσκευασμένη,
2854 2042 2947 2097 καὶ
2988 2044 3100 2104 τοῖς
3129 2041 3399 2112 ἀγράφοις
3427 2041 3522 2095 τοῦ

1937 2137 2101 2207 νόμου
2147 2135 2637 2206 κεκαλλωπισμένη
2689 2135 3044 2206 χαράγμασι’
3102 2131 3346 2202 φυσικῶς
3392 2133 3522 2202 ἡμῖν

1936 2229 2255 2298 ἐγκειμένου
2301 2227 2394 2282 τοῦ
2431 2229 2570 2282 κατὰ
2617 2228 2780 2296 νόμον
2823 2225 3161 2296 βουλήματος
3189 2225 3247 2278 ὲν
3285 2225 3354 2295 τῇ
3383 2224 3522 2278 ἁπο-

1939 2323 2143 2390 στροφῇ
2183 2320 2277 2374 τοῦ
2309 2319 2503 2385 κακοῦ,
2538 2322 2630 2373 καὶ
2658 2321 2716 2372 ὲν
2745 2321 2810 2390 τῇ
2843 2317 2937 2371 τοῦ
2971 2317 3129 2371 Θείου
3157 2318 3312 2388 τιμῇ.

2024 2416 2178 2469 Ἐπεὶ
2222 2416 2280 2468 δὲ
2321 2415 2631 2486 προσέπεσε
2677 2414 2778 2483 τῆς
2821 2413 3096 2485 ἁμαρτίας
3134 2413 3164 2465 6
3201 2407 3356 2482 ἦχος,
3400 2411 3459 2463 δν
3488 2411 3523 2482 ἡ

1935 2508 2125 2580 πρώτη
2157 2507 2346 2580 Γραφὴ
2376 2507 2560 2580 φωνὴν
2585 2507 2760 2576 ὄφεως
2787 2506 3064 2576 ὀνομάζει,
3101 2509 3135 2577 ὴ
3166 2504 3224 2558 δὲ
3251 2503 3394 2559 κατὰ
3424 2503 3524 2567 τὰς

1937 2601 2150 2664 πλάκας
2199 2599 2432 2672 ἱστορία,
2466 2599 2649 2670 φωνὴν
2688 2599 2748 2664 ἐξ
2778 2598 2923 2654 οίνου
2974 2597 3206 2668 ᾀδόντων
3226 2613 3241 2628 ο
3275 2593 3398 2649 τότε
3441 2597 3525 2662 είς

1934 2692 2038 2762 γῆν
2061 2690 2304 2743 πεσοῦσα
2344 2689 2780 2762 συντριϐήσεται.
2823 2689 2986 2743 Ἀλλὰ
3013 2689 3177 2743 πάλιν
3201 2690 3229 2743 6
3269 2687 3523 2759 ἀληθινὸς

1933 2783 2250 2854 νομοθέτης,
2278 2775 2340 2836 οῦ
2380 2781 2548 2846 τύπος
2586 2778 2703 2854 ἦνδ
2727 2781 2983 2852 Μωῦσῆς,
3016 2782 3081 2835 ὲκ
3109 2780 3208 2850 τῆς
3234 2781 3338 2850 γῆς
3363 2781 3522 2852 ἡμῶν

1934 2874 2112 2945 ἐαυτῷ
2145 2875 2242 2937 τὰς
2275 2875 2373 2945 τῆς
2420 2873 2636 2943 φύσεως
2662 2873 2819 2945 ἡμῶν
2863 2873 3072 2939 πλάκας
3109 2874 3418 2940 έλάξευσεν.
3444 2873 3522 2928 Οὐ

1934 2967 2042 3038 γὰρ
2066 2968 2242 3038 γάμος
2269 2967 2420 3038 αὐτῷ
2443 2968 2544 3038 τὴν
2573 2966 2724 3022 θείαν
2751 2967 3152 3040 ἐδημιούργησε
3183 2967 3383 3039 σάρκα,
3407 2967 3522 3020 ἀλλ”

1935 3059 2098 3123 αὐτὸς
2128 3061 2227 3130 τῆς
2255 3059 2390 3123 ἰδίας
2431 3059 2632 3133 σαρκὸς
2662 3059 2867 3128 γίνεται
2906 3059 3141 3131 λατόμος
3161 3063 3263 3132 τῆς
3292 3059 3371 3129 τῷ
3394 3059 3523 3130 θείῳ

227 3148 578 3204 dominicam
624 3149 916 3220 produxit,
962 3151 1058 3207 sed
1117 3152 1235 3222 ipse
1269 3169 1385 3208 sua:
1415 3157 1601 3212 carnis
1650 3155 1834 3213 factus

1936 3149 2185 3222 δακτύλῳ
2233 3151 2707 3222 καταγραφείσης.
2743 3150 2970 3221 Πνεῦμα
3001 3150 3110 3223 γὰρ
3159 3151 3314 3219 ἅγιον
3359 3146 3524 3222 ἦλθεν

228 3240 480 3311 lapicida
502 3280 519 3305 ,
566 3241 740 3311 digito
769 3240 864 3296 Dei
897 3256 1016 3297 eam
1055 3241 1358 3314 inscripsit.
1393 3243 1638 3315 Spiritus
1682 3248 1830 3303 enim

227 3338 468 3387 sanctus
495 3332 747 3402 pervenit
770 3333 827 3387 in
857 3331 1162 3404 Virginem,
1183 3343 1233 3390 et
1265 3337 1482 3395 Excelsi
1508 3354 1626 3395 eam
1650 3341 1831 3400 virtus

223 3420 593 3477 obumbravit
614 3423 681 3479 ⁸⁷.
714 3421 836 3488 Quo
865 3425 1030 3484 facto.
1061 3439 1261 3480 rursus
1291 3434 1490 3481 natura
1518 3427 1827 3496 confracta,

228 3513 388 3569 illius
412 3514 779 3584 impressione
807 3515 963 3586 digiti
997 3516 1462 3574 immortalitatem
1485 3532 1784 3578 consecuta
1811 3542 1824 3577 :

223 3601 444 3673 digitus
469 3604 618 3656 enim
664 3603 864 3674 saepius
903 3620 934 3658 a
971 3603 1259 3676 Scriptura
1314 3606 1556 3678 Spiritus
1599 3621 1828 3668 sanctus

223 3695 568 3766 appellatur.
606 3694 722 3750 Hoc
771 3695 940 3768 igitur
968 3697 1132 3753 modo
1165 3699 1232 3753 ad
1279 3700 1575 3770 gloriosius
1610 3703 1826 3774 Moyses

226 3797 612 3844 commutatus
661 3788 796 3852 fuit,
828 3789 966 3845 adeo
1021 3799 1080 3844 ut
1111 3791 1469 3850 inferioribus
1516 3795 1601 3851 his
1649 3797 1827 3852 oculis

221 3886 384 3935 tanta
416 3880 657 3952 talisque
689 3881 865 3949 gloria
901 3883 1052 3937 cerni
1082 3885 1368 3948 nequiret:
1405 3902 1568 3955 quam
1603 3888 1823 3958 quidem

225 3969 679 4027 immutationem
707 3973 800 4041 qui
839 3980 1040 4028 nostra
1074 3973 1197 4028 fidei
1227 3977 1482 4046 mysteria
1506 3978 1679 4043 novit,
1712 3994 1823 4033 non

227 4064 516 4136 ignorabit
547 4064 825 4132 quomodo
852 4065 1184 4136 allegoricus
1224 4066 1314 4120 hic
1339 4082 1538 4123 sensus
1581 4069 1824 4125 historiae

225 4164 652 4213 consentaneus
676 4163 781 4212 est.
813 4154 952 4210 Nam
975 4156 1069 4226 qui
1099 4158 1393 4213 contritam
1433 4169 1688 4214 naturam
1717 4179 1821 4218 no-

219 4257 402 4304 stram
438 4249 494 4304 in
532 4249 904 4318 integritatem
933 4249 1216 4314 traduxit,
1245 4250 1339 4321 qui
1359 4292 1374 4315 ,
1402 4252 1693 4323 languores
1719 4271 1823 4310 no-

180 4369 186 4378 ι
221 4349 381 4396 stros
404 4341 671 4410 portavit.
703 4347 758 4394 et
802 4340 1020 4395 sanavit
1059 4349 1320 4412 aagrotos,
1365 4353 1725 4416 posteaquam
1761 4348 1816 4401 in

218 4432 526 4502 pristinam
546 4431 1013 4501 pulchritudinem
1036 4431 1250 4489 dirutas
1276 4446 1486 4492 naturae
1515 4445 1717 4494 nostrae
1738 4445 1820 4493 ta-

1936 3241 2030 3294 ὲπὶ
2051 3241 2151 3311 τὴν
2169 3238 2463 3312 Παρθένον,
2488 3242 2582 3296 καὶ
2603 3245 2637 3314 ἡ
2660 3240 2754 3295 τοῦ
2786 3241 3009 3312 ὑψίστου
3043 3242 3335 3297 ὲπεσκίασε
3365 3242 3525 3298 δύνα-

1940 3351 2050 3403 μις.
2090 3335 2242 3388 Ἐπεὶ
2285 3334 2343 3388 δὲ
2385 3335 2544 3389 τοῦτο
2589 3333 2825 3404 ἐγένετο,
2877 3333 3041 3388 πάλιν
3073 3334 3134 3388 τὸ
3159 3333 3522 3406 ἀσύντριπτον

1936 3424 2092 3496 ἔσχεν
2119 3427 2152 3498 ή
2181 3425 2363 3496 φύσις,
2391 3427 2658 3490 ἀθάνατος
2686 3427 2956 3498 γενομένη
2996 3429 3108 3490 τοῖς
3129 3425 3223 3479 τοῦ
3257 3427 3519 3482 δακτύλου

1935 3518 2271 3588 χαράγμασι.
2305 3519 2576 3582 Δάκτυλος
2607 3518 2664 3574 δὲ
2711 3517 2943 3592 πολλαχῆ
2984 3518 3137 3589 παρὰ
3165 3520 3261 3588 τῆς
3299 3519 3521 3591 Γραφῆς

1933 3609 2257 3679 ὀνομάζεται
2293 3610 2355 3662 τὸ
2405 3609 2628 3681 Πνεῦμα
2660 3611 2722 3663 τὸ
2761 3611 2936 3678 ἅγιον.
2983 3611 3090 3663 Καὶ
3129 3607 3272 3662 οὕτω
3312 3609 3517 3678 γίνεται

1931 3699 2027 3753 τοῦ
2078 3700 2360 3764 Μωῦσέως
2419 3702 2451 3772 ἡ
2505 3701 2600 3754 ἐπὶ
2650 3701 2711 3753 τὸ
2767 3701 3104 3772 ἐνδοξότερον
3157 3701 3517 3772 μεταποίησις

1931 3793 2153 3864 τοιαύτη
2202 3796 2296 3849 καὶ
2336 3794 2595 3866 τοσαύτη,
2622 3794 2700 3860 ὼς
2730 3795 3017 3867 ἀχώρητον
3044 3789 3183 3849 εἶναι
3234 3793 3312 3863 τῷ
3364 3794 3516 3850 κάτω

1930 3887 2193 3959 ὀφθαλμῷ
2223 3889 2323 3959 τὴν
2359 3888 2458 3958 τῆς
2485 3888 2643 3958 δόξης
2682 3889 2899 3959 ἐκείνης
2937 3887 3258 3957 ἐμφάνειαν.
3294 3887 3516 3951 Πάντως

1930 3978 1988 4034 δὲ
2008 3980 2038 4032 6
2060 3978 2490 4050 πεπαιδευμένος
2507 3979 2569 4032 τὸ
2589 3979 2732 4032 θεῖον
2753 3979 2852 4048 τῆς
2878 3978 3113 4042 πίστεως
3135 3977 3294 4050 ήμῶν
3319 3979 3519 4049 μυστή-

1933 4087 2066 4140 ριον,
2097 4072 2198 4126 οὐκ
2229 4073 2434 4140 ἀγνοεῖ,
2470 4071 2588 4135 πῶς
2631 4070 2920 4142 συμϐαίνει
2957 4074 3024 4142 τῇ
3067 4070 3338 4142 ίστορίᾳή
3375 4071 3516 4125 κατὰ

1929 4166 2222 4237 ἀναγωγὴν
2260 4164 2484 4236 θεωρία.
2518 4163 2578 4218 '0
2605 4163 2713 4234 γὰρ
2745 4163 3045 4236 διορθωτὴς
3063 4164 3163 4236 τῆς
3196 4150 3514 4234 συντετριμ-

1932 4259 2102 4331 μένης
2142 4258 2301 4330 ήμῶν
2343 4257 2556 4328 φύσεως
2605 4257 2814 4321 πλακὸς
2855 4260 3027 4326 (νοεῖς
3055 4257 3112 4310 δὲ
3153 4257 3394 4320 πάντως,
3427 4256 3516 4315 διὰ

1926 4351 2037 4407 τῶν
2057 4351 2395 4422 λεγομένων,
2429 4350 2657 4413 ἐκεῖνον,
2698 4349 2790 4403 τὸν
2829 4349 2899 4403 τὰ
2937 4349 3319 4420 συντρίμματα
3355 4349 3515 4420 ἡμῶν

1928 4441 2382 4515 θεραπεύσαντα),
2425 4440 2611 4513 ἐπειδὴ
2660 4441 2822 4496 πάλιν
2865 4443 2946 4499 είς
2987 4440 3047 4494 τὸ
3080 4443 3304 4512 ἀρχαῖον
3347 4444 3515 4494 επαν-

223 4525 390 4580 bulas
424 4523 690 4589 restituit,
718 4523 834 4586 Dei,
863 4532 922 4578 ut
950 4524 1214 4588 diximus,
1237 4527 1408 4598 digito
1434 4529 1677 4594 caelatas,
1707 4546 1817 4586 non

1936 4539 2097 4609 ἡγαγε
2128 4537 2228 4608 τὴν
2259 4533 2726 4607 συντετριμμένην
2750 4532 2850 4603 τῆς
2882 4533 3096 4602 φύσεως
3127 4533 3283 4604 ἡμῶν
3308 4534 3514 4598 πλάκα,

223 4617 472 4687 amplius
499 4615 850 4684 indignorum
882 4617 1059 4672 oculis
1091 4619 1214 4690 capi
1254 4627 1452 4688 potest.
1495 4620 1630 4677 Nam
1663 4632 1818 4679 tanta

213 4714 313 4762 est
340 4707 654 4777 amplitudo
698 4706 885 4777 gloria:
919 4713 1084 4777 atque
1120 4709 1424 4776 majestatis
1451 4711 1571 4780 ejus
1592 4749 1607 4775 ,
1643 4722 1702 4767 ut
1735 4715 1818 4765 vi-

213 4815 326 4856 sus
373 4814 572 4856 eorum
613 4807 855 4870 nequeat
899 4800 968 4854 ad
1011 4801 1193 4870 ipsum
1237 4802 1522 4859 accedere.
1565 4803 1820 4862 Profecto

223 4891 376 4946 enim
407 4907 537 4947 cum
584 4891 642 4946 in
680 4890 968 4960 majestate
1003 4906 1124 4954 sua,
1163 4899 1222 4946 ut
1253 4893 1387 4948 dicit
1421 4893 1774 4966 Evangeliuin
1801 4935 1818 4960 ,

218 4985 447 5049 veniet,
501 4997 788 5043 aeomnes
831 4983 1013 5052 angeli
1047 4999 1259 5049 secum,
1311 4984 1396 5038 vix
1443 4986 1576 5055 justi
1634 4989 1820 5058 gloria:

217 5077 404 5146 ipsius
434 5083 602 5130 erunt
643 5088 877 5145 capaces
909 5092 922 5128 :
958 5074 1111 5145 impii
1147 5086 1328 5131 autem
1384 5085 1438 5132 et
1463 5075 1820 5138 Judaizantes

221 5178 395 5222 tanta-
427 5167 660 5222 visionis
685 5175 940 5236 expertes
971 5174 1156 5231 erunt,
1191 5175 1248 5223 ut
1276 5168 1446 5225 Isaias
1473 5172 1588 5226 ait:
1629 5191 1649 5224 ι
1688 5172 1821 5228 Tol-

215 5261 370 5314 tatur
397 5260 624 5328 impius,
654 5274 721 5313 ne
751 5259 932 5314 videat
953 5259 1180 5328 gloriam
1207 5259 1505 5316 Domini“.
1537 5279 1554 5314 ι
1585 5264 1691 5319 Sed
1705 5264 1819 5334 jam

219 5353 398 5406 multa
431 5351 503 5406 de
533 5351 660 5415 hoc,
687 5366 858 5420 quare
881 5350 947 5405 ad
971 5350 1185 5420 reliqua
1219 5361 1588 5410 transeamus.
1628 5355 1819 5412 Ambi-

217 5458 353 5512 gere
388 5441 640 5513 profecto
683 5443 955 5518 quispiam
991 5443 1213 5514 poterit,
1235 5445 1531 5514 'quomodo
1579 5445 1814 5519 Moyses,

219 5549 393 5607 quem
439 5545 525 5592 tot
558 5537 838 5607 tantisque
874 5537 1184 5592 visionibus
1223 5537 1390 5593 Deum
1434 5540 1639 5598 vidisse
1671 5539 1818 5599 Scr-i-

296 5713 348 5744 ⁴⁷
375 5711 515 5770 Luc.
549 5729 602 5780 v,
643 5712 731 5767 55.
815 5713 860 5746 ⁸³
899 5714 1000 5768 lsa.
1028 5729 1177 5782 xxvr,
1225 5714 1303 5769 l0.

1924 4629 2004 4701 τῷ
2031 4629 2160 4700 θείῳ
2187 4628 2455 4700 δακτύλῳ,
2501 4626 2683 4690 καθὼς
2725 4627 2960 4698 εῐρηται,
3007 4625 3475 4684 καλλωπισθεῖσαν

1924 4721 2106 4775 οὐκέτι
2148 4721 2394 4793 χωρητὺς
2426 4723 2546 4784 ταῖς
2562 4720 2725 4789 δψεσι
2759 4718 2868 4772 τῶν
2905 4716 3141 4782 ἀναξίων
3178 4718 3408 4786 γίνεται,
3435 4717 3513 4787 τῷ

1927 4813 2318 4885 ὑπερϐάλλοντι
2356 4814 2455 4884 τῆς
2492 4811 2657 4883 δόξης
2704 4810 3150 4883 ἀπροσπέλαστος
3200 4813 3312 4874 τοῖς
3372 4813 3510 4881 πρὸς

1927 4908 2090 4962 αὐτὸν
2136 4906 2304 4978 ὁρῶσι
2352 4906 2655 4977 γινόμενος.
2728 4902 2968 4973 Ἀληθῶς
3017 4903 3147 4974 γὰρ,
3204 4904 3333 4958 ὃταν
3383 4902 3514 4977 ἔλθῃ

1927 4995 2133 5066 (καθώς
2171 5012 2305 5066 φησι
2356 4997 2419 5050 τὸ
2465 4995 2819 5065 Εύαγγέλιον)
2861 4996 2919 5048 ὲν
2950 4996 3017 5066 τῇ
3055 4995 3180 5067 δόξῃ
3206 4993 3390 5058 αὐτοῦ,
3417 4995 3514 5048 καὶ

1928 5088 2128 5153 πάντες
2147 5091 2194 5142 οί
2223 5089 2443 5158 ἄγγελοι
2472 5091 2588 5159 μετ’
2612 5087 2801 5152 αὐτοῦ,
2842 5088 2999 5157 μόγις
3025 5087 3123 5158 μὲν
3146 5089 3258 5150 τοῖς
3285 5086 3512 5150 δικαίοις

1911 5179 2172 5252 ,χωρητὸς
2218 5181 2426 5249 γίνεται
2457 5180 2552 5233 καὶ
2593 5179 2930 5250 καταφανής.
2973 5179 3034 5230 ’θ
3074 5178 3131 5230 δὲ
3163 5177 3384 5249 ἀσεϐὴς,
3417 5179 3511 5232 καὶ

1933 5271 2242 5338 ’Ἰουδαῖζων
2270 5271 2370 5344 τὴν
2402 5272 2632 5345 αἵρεσιν,
2668 5272 2849 5335 καθὼς
2883 5271 3110 5334 Ἡσαΐας
3143 5269 3310 5339 λέγει,
3341 5272 3513 5342 ἁμέτο

1927 5379 2050 5434 οχος
2085 5363 2296 5417 ἐκείνου
2340 5363 2433 5417 τοῦ
2476 5363 2745 5435 θεάματος
2787 5363 2955 5435 μένει.
3002 5362 3290 5435 «Ἀρθήτω
3331 5365 3438 5434 γὰρ
3482 5365 3511 5417 6

1925 5452 2150 5525 ἀσεϐὴς,
2166 5473 2183 5506 i
2206 5456 2390 5524 φησὶν,
2421 5454 2538 5508 «ἴνα
2553 5455 2628 5526 μὴ
2651 5455 2734 5528 ἴδῃ
2746 5455 2842 5525 τὴν
2862 5452 3017 5518 δόξαν
3037 5453 3262 5526 Κυρίου.
3297 5471 3316 5505 i
3352 5451 3513 5508 Ἀλλὰ

1921 5546 2096 5601 ταῦτα
2125 5547 2225 5618 μὲν
2257 5549 2322 5618 τῇ
2369 5547 2658 5619 ἀκολουθίᾳ
2700 5546 2808 5602 τῶν
2843 5545 3224 5622 ὲξητασμένων
3253 5546 3511 5620 ἑπόμενοι
