3876 6218
338 267 440 323 399

1566 259 1624 312 S.
1668 255 1995 313 GREGORII
2021 254 2310 312 NYSSENI

3487 255 3588 310 ιηο

338 381 478 453 πρὸς
504 379 599 451 τὴν
630 377 894 432 ὑπόνοιαν
909 376 1005 447 τῆς
1029 377 1157 447 περὶ
1181 375 1270 428 τὸν
1293 375 1454 428 τόπον
1477 373 1662 428 τοῦτον
1684 374 1916 445 θεωρίας

2042 383 2174 427 itura
2209 379 2465 436 testatur,
2516 385 2754 441 quocum
2796 368 2942 424 Deus
2988 369 3061 422 ita
3103 367 3424 438 loquebatur
3456 381 3509 422 ut
3544 373 3586 424 si

342 471 668 542 ἠνέχθημεν.
711 469 834 524 Ἐπὶ
879 469 937 521 δέ
1004 467 1066 520 τὸ
1119 467 1476 537 προκείμενον
1515 466 1915 536 ἐπανέλθωμεν.

344 567 468 629 Πῶς
499 567 527 618 0
553 563 843 623 τοσαύταις
881 560 1218 630 θεοφανείαις
1252 559 1498 631 ἐναργῶς
1522 561 1653 630 ὀρᾷν
1675 559 1766 612 τὸν
1788 557 1919 610 Θεὸν

348 657 496 726 παρά
529 655 626 725 τῆς
655 653 805 716 Θείας
837 653 1022 722 φωνῆς
1049 649 1488 722 μαρτυρούμενος
1511 651 1590 721 (ἐν
1619 646 1700 712 οἷς
1733 665 1916 719 φησιν,

344 751 426 801 ὅτι
455 746 683 809 ἐνώπιος
713 744 951 815 ἐνωπίῳ,
982 745 1057 808 ὡς
1077 745 1142 798 ἄν
1164 759 1248 806 τις
1273 743 1478 815 λαλήσῃ
1504 742 1643 813 πρὸς
1678 742 1768 794 τὸν
1797 743 1923 795 ἐαυ-

343 839 440 892 τοῦ
467 838 664 908 φίλον),
691 839 750 891 ἐν
781 837 992 898 τούτοις
1018 835 1328 905 γενόμενος,
1353 835 1429 898 ὡς
1459 835 1624 904 μήπω
1647 831 1823 901 τυχὼν
1847 824 1922 885 ὧν

345 928 702 1000 τετυχηκέναι
728 925 818 980 διὰ
835 927 934 997 τῆς
959 925 1240 996 Γραφικῆς
1265 925 1568 996 μαρτυρίας
1589 923 1920 987 πιστεύεται,

346 1021 518 1073 δεῖται
555 1018 648 1073 τοῦ
695 1016 830 1072 Θεοῦ
867 1017 1102 1087 φανῆναι
1147 1017 1327 1088 αὐτῷ,
1371 1018 1446 1080 ὡς
1482 1017 1574 1070 τοῦ
1615 1017 1702 1070 ἀεὶ
1737 1033 1924 1085 φαινο-

353 1111 513 1182 μένου
539 1108 762 1182 μηδέπω
783 1110 1072 1180 ὀφθέντος;
1095 1109 1204 1164 Καὶ
1226 1112 1261 1180 ἡ
1288 1109 1493 1164 ἄνωθεν
1517 1109 1688 1180 φωνὴ,
1710 1108 1806 1162 νῦν
1827 1107 1926 1179 μὲν

351 1201 418 1274 τῇ
447 1201 710 1272 ἐπιθυμίᾳ
738 1201 832 1256 τοῦ
861 1201 1136 1266 αἰτοῦντος
1166 1201 1490 1263 συντίθεται,
1509 1201 1605 1254 καὶ
1632 1200 1730 1271 τὴν
1757 1217 1927 1271 προσ-

351 1295 527 1367 θήκην
565 1294 713 1364 αὐτῷ
758 1296 860 1365 τῆς
905 1294 1123 1364 χάριτος
1175 1291 1378 1362 ταύτης
1415 1291 1515 1345 οὐκ
1551 1289 1923 1345 ἀπαναίνεται.

353 1387 524 1442 Πάλιν
549 1387 605 1440 δὲ
654 1389 733 1450 εἰς
775 1385 1120 1456 ἀπελπισμὸν
1145 1386 1288 1453 ἄγει,
1331 1384 1399 1438 δι’
1436 1376 1511 1437 ὧν
1547 1383 1928 1453 ἀποφαίνεται,

351 1479 635 1551 ἀχώρητον
656 1474 795 1533 εἶναι
821 1481 888 1549 τῇ
908 1478 1016 1531 τῶν
1035 1477 1335 1548 ἀνθρώπων
1357 1478 1468 1550 ζωῇ
1487 1479 1549 1531 τὸ
1568 1477 1696 1546 παρ’
1723 1477 1929 1530 ἐκείνου

354 1570 702 1643 ζητούμενον.
739 1571 900 1626 Ἀλλά
921 1588 1042 1624 τινα
1066 1571 1227 1624 τόπον
1248 1568 1391 1624 εἶναι
1417 1571 1544 1640 παρ’
1571 1568 1747 1640 ἐαυτῷ
1768 1586 1934 1640 φησιν

351 1661 382 1712 0
414 1660 566 1725 Θεὸς,
603 1661 700 1715 καὶ⁷
728 1661 786 1714 ἐν
813 1659 891 1732 τῷ
916 1660 1066 1730 τόπῳ
1087 1659 1314 1729 πέτραν,
1358 1659 1453 1713 καὶ
1485 1659 1624 1731 ὀπὴν
1650 1661 1707 1712 ἐν
1735 1661 1800 1728 τῇ
1831 1657 1933 1712 πέ-

2025 468 2150 534 quis
2173 466 2407 519 amicum
2449 479 2610 518 suum
2641 464 3032 533 alloqueretur,
3069 471 3194 515 orat
3239 478 3405 524 nunc,
3453 478 3590 532 quas

2029 574 2306 628 nunquam
2353 556 2614 621 vidisset,
2671 563 2728 608 ut
2757 555 2933 609 videat
2962 554 3028 606 “.
3087 553 3150 606 Et
3201 555 3475 623 quomodo
3519 555 3593 607 di-

2027 650 2152 703 vina
2225 661 2332 702 vox
2399 644 2562 700 modo
2619 645 2813 699 annuit
2871 643 3052 698 oranti
3109 643 3255 711 quod
3309 645 3484 711 petit,
3543 653 3594 696 et

2029 742 2171 796 hanc
2209 754 2429 811 quoque
2469 738 2700 808 gratiam
2733 735 2839 791 sibi
2876 734 3016 790 velle
3060 731 3313 790 conferre
3341 749 3452 786 non
3504 749 3598 785 ne-

2031 842 2121 906 gat
2153 853 2166 888 :
2215 832 2377 888 modo
2426 832 2481 886 in
2532 828 2970 900 desperationem
3010 825 3195 891 ducit,
3230 841 3352 880 cum
3389 833 3600 879 asserat

2031 942 2142 981 non
2169 940 2291 980 esse
2323 925 2465 978 hanc
2503 923 2670 977 vitam
2700 921 2982 975 hominum
3015 919 3136 989 ejus
3178 919 3278 980 rei,
3313 933 3476 986 quam
3507 931 3601 984 po-

2033 1020 2304 1087 stulabat,
2331 1033 2584 1089 capacem
2608 1056 2623 1080 ,
2651 1025 2706 1071 et
2750 1014 2817 1070 ad
2853 1014 2996 1078 haec,
3051 1027 3210 1082 quem
3263 1013 3442 1065 locum
3479 1024 3603 1063 esse

2034 1110 2178 1181 apud
2209 1125 2269 1165 se
2315 1107 2457 1164 Deus
2485 1107 2647 1172 dicit,
2687 1114 2742 1161 et
2789 1119 2950 1175 quem
2983 1103 3050 1160 in,
3087 1103 3208 1157 loco
3245 1101 3511 1170 lapidem,
3549 1109 3605 1151 rt

2033 1201 2179 1271 quod
2224 1201 2278 1255 in
2313 1199 2493 1267 lapide
2528 1197 2796 1257 foramen,
2839 1196 2894 1249 in
2933 1193 3079 1263 quod
3117 1192 3272 1262 jubet
3319 1189 3607 1259 pervenire

2038 1294 2284 1363 Moysen,
2302 1290 2499 1348 deinde
2527 1291 2696 1345 Deum
2721 1302 2945 1342 manum
2968 1301 3124 1342 suam
3147 1285 3211 1339 ad
3237 1299 3300 1338 os
3322 1282 3607 1337 foraminis

2036 1385 2184 1440 illius
2220 1383 2524 1454 positurum
2546 1419 2562 1444 ,
2595 1387 2651 1433 et
2685 1393 2810 1433 cum
2847 1377 3124 1431 transierit
3149 1415 3164 1436 ,
3197 1373 3418 1444 Moysen
3448 1374 3606 1426 invo-

2035 1485 2224 1532 catum
2283 1491 2313 1529 a
2367 1473 2668 1538 foramine,
2704 1471 3012 1542 posteriora
3053 1467 3175 1539 ejus
3229 1467 3322 1537 qui
3353 1465 3606 1529 vocavit,
3649 1498 3662 1537 '-

2038 1569 2414 1638 inspecturum
2463 1582 2477 1619 :
2527 1564 2645 1619 haec
2688 1564 2832 1618 enim
2868 1561 3153 1630 Scriptura
3200 1567 3409 1622 narrat,
3442 1566 3497 1612 et
3531 1559 3610 1612 sic

2040 1659 2237 1715 asserit
2256 1657 2424 1712 Deum
2450 1671 2480 1710 a
2506 1654 2690 1725 Moyse
2709 1662 3078 1725 perspectum,
3105 1651 3245 1707 sicut
3265 1649 3446 1704 divina
3479 1664 3612 1702 voce

353 1768 479 1823 τρᾳ,
507 1753 564 1804 ἐν
665 1751 872 1806 κελεύει
897 1750 1141 1821 γίνεσθαι
1165 1750 1257 1804 τὸν
1296 1749 1551 1806 Μωῡσέα.
1586 1744 1717 1804 Εἶτα
1743 1749 1936 1803 ἐπισα-

2042 1748 2142 1802 sibi
2174 1746 2369 1801 fuerat
2383 1746 2741 1816 promissum.

355 1845 475 1899 λεῖν
497 1845 589 1900 τὸν
637 1845 769 1898 Θεὸν
814 1845 911 1914 τὴν
944 1849 1101 1920 χεῖρα
1141 1845 1222 1916 τῷ
1253 1845 1458 1916 στομίῳ
1503 1845 1605 1915 τῆς
1644 1845 1783 1915 ὀπῆς
1832 1843 1938 1911 ἔξω
1985 1844 2296 1915 γενόμενον,
2328 1842 2399 1896 τά
2441 1839 2665 1894 ὄπισθεν
2697 1838 2824 1892 ίδείν
2851 1835 2947 1890 τοῦ
2995 1834 3342 1896 καλέσαντος,
3378 1832 3471 1884 καὶ
3519 1829 3611 1882 οὓ-

355 1956 464 2002 τως
489 1939 694 1992 ἐκεῖνον
713 1937 806 1992 τὸν
838 1938 1167 2010 ζητούμενον
1203 1937 1330 1991 ίδεῖν
1363 1937 1532 2004 δόξαι,
1561 1937 1660 2007 τῆς
1688 1953 1748 1989 τε
1785 1933 1934 1998 θείας
1968 1936 2152 2006 φωνῆς
2178 1934 2386 2006 ἀψευδῆ
2412 1933 2512 2004 τὴν
2541 1930 2870 2000 ἐπαγγελίαν
2902 1926 3178 1998 γενέσθαι.

427 2027 614 2083 Ταῦτα
640 2029 748 2100 γὰρ
779 2030 834 2082 εἷ
863 2047 948 2093 τις
976 2030 1120 2086 κατά
1144 2031 1207 2085 τὸ
1237 2030 1474 2104 γράμμα
1505 2032 1711 2102 βλέποι,
1742 2032 1804 2084 οὐ
1841 2031 1937 2102 μό-

357 2137 448 2174 νον
468 2119 682 2190 ἀσαφὴς
724 2123 838 2183 τοῖς
865 2119 1118 2191 ζητοῦσίν
1152 2123 1296 2177 ἐστιν
1333 2123 1367 2194 ὴ
1397 2123 1622 2189 διάνοια,
1665 2124 1778 2178 ἀλλ’
1819 2123 1938 2177 οὐδὲ

311 2223 316 2230 ·
358 2209 688 2280 καθαρεύσει
736 2211 834 2280 τῆς
878 2211 1328 2281 άπεμφαινούσης
1379 2213 1506 2282 περὶ
1556 2212 1689 2265 Θεοῦ
1736 2211 1938 2282 ὑπολή-

357 2299 524 2369 ψεως.
571 2299 764 2354 Μόνων
793 2298 903 2371 γὰρ
932 2299 1040 2354 τῶν
1087 2301 1145 2352 ἐν
1172 2301 1412 2370 σχήματι
1440 2300 1848 2371 θεωρουμένων,
1878 2299 1940 2353 τὸ

363 2390 462 2461 μιν
489 2389 840 2462 ἐμπρόσθιον,
869 2390 931 2443 τὸ
959 2390 1037 2451 δέ,
1071 2391 1342 2444 ὀπίσθιον·
1376 2393 1482 2446 πᾶν
1511 2392 1568 2444 δὲ
1595 2395 1799 2462 σχῆμα,
1835 2390 1938 2445 σὼο

365 2498 534 2551 ματος
577 2481 752 2553 πέρας
794 2481 962 2537 ἐστίν.
997 2482 1158 2535 ’Ὥστε
1196 2485 1225 2536 0
1273 2482 1460 2553 σχῆμα
1509 2485 1637 2554 περὶ
1681 2484 1772 2536 τὸν
1808 2483 1939 2536 Θεὸν

360 2570 577 2638 ἐννοῶν,
611 2572 733 2626 οὐδὲ
760 2572 861 2643 τῆς
899 2572 1217 2643 σωματικῆς
1253 2571 1467 2642 φύσεως
1495 2573 1819 2644 καθαρεύειν
1845 2574 1939 2626 αύ-

360 2663 451 2717 τὸν
478 2663 810 2734 οίηθήσεται.
844 2665 960 2718 Πᾶν
983 2665 1039 2718 δὲ
1068 2665 1228 2734 σῶμα
1277 2665 1527 2718 σύνθετόν
1561 2669 1676 2718 ἐστι
1702 2665 1936 2730 πάντως·

360 2754 422 2808 τὸ
437 2757 494 2810 δέ
525 2755 777 2809 σύνθετον
802 2756 867 2808 ἐκ
882 2756 984 2826 τῆς
1007 2757 1116 2810 τῶν
1145 2757 1472 2827 ἑτερογενῶν
1499 2756 1803 2828 συνδρομῆς
1830 2757 1941 2828 ἔχει

363 2847 460 2918 τὴν
497 2846 776 2902 σύστασιν.
810 2848 884 2902 Τὸ
911 2849 968 2902 δέ
1014 2849 1412 2920 συντιθέμενον,
1438 2850 1540 2903 οὐκ
1571 2851 1636 2904 ἄν
1663 2867 1747 2913 τις
1787 2850 1940 2905 ἀδιά-

363 2940 521 2992 λυτον
552 2936 692 2993 εἶναι
725 2939 888 2994 εῐποι.
917 2940 990 2994 Τὸ
1017 2941 1074 2995 δέ
1105 2941 1474 3012 διαλυόμενον,
1505 2941 1779 3013 ἄφθαρτον
1802 2938 1941 2994 εἷναι

361 3031 422 3084 ού
467 3030 706 3085 δύναται.
753 3031 932 3105 Φθορὰ
971 3032 1079 3102 γὰρ
1123 3035 1156 3104 ἡ
1194 3033 1436 3097 διάλυσις
1477 3035 1569 3089 τοῦ
1611 3035 1943 3098 συνεστῶτός

363 3120 532 3175 ἐστιν.
553 3119 616 3174 Et
636 3117 729 3175 οὖν
751 3138 836 3185 τις
853 3122 913 3176 τὸ
929 3122 1174 3176 ὀπίσθιον
1190 3123 1282 3176 τοῦ
1307 3124 1442 3177 Θεοῦ
1468 3125 1609 3180 κατὰ
1629 3125 1690 3178 τὸ
1709 3127 1943 3197 γράμμα

364 3211 633 3280 νοήσειεν,
665 3211 745 3275 είς
773 3211 979 3280 ταύτην
1007 3212 1107 3284 τὴν
1142 3214 1373 3267 ἀτοπίαν
1410 3217 1474 3268 ἐκ
1500 3215 1602 3284 τῆς
1625 3216 1942 3281 ἀκολουθίας

364 3303 482 3356 κατ’
526 3302 771 3374 ἀνάγκην
807 3302 1206 3375 ἀπαχθήσεται.
1241 3305 1316 3358 Τὸ
1358 3305 1467 3376 γάρ
1507 3307 1836 3378 ἐμπρόσθιόν
1881 3324 1941 3361 τε
1968 3297 2010 3353 C

366 3391 460 3443 καὶ
501 3391 767 3452 ὀπίσθιον,
807 3394 866 3446 ἐν
895 3394 1138 3464 σχήματι
1184 3397 1432 3460 πάντως·
1467 3397 1527 3450 τὸ
1555 3397 1613 3451 δὲ
1651 3399 1854 3468 σχῆμα,
1887 3401 1945 3453 ἐν

368 3482 600 3554 σώματι.
644 3485 814 3538 Τοῦτο
836 3486 894 3539 δὲ
935 3486 1203 3549 διαλυθὲν,
1237 3487 1483 3542 διαλυτὸν
1511 3488 1651 3543 κατὰ
1685 3490 1783 3560 τὴν
1809 3490 1945 3544 ἰδίαν

368 3574 530 3643 φύσιν
554 3576 690 3630 ἐστί.
714 3578 969 3633 Διαλυτὸν
985 3578 1092 3649 γὰρ
1113 3580 1258 3634 ἅπαν
1279 3581 1339 3633 τὸ
1370 3579 1620 3634 σύνθετον
1638 3599 1650 3611 ·
1668 3581 1727 3636 τὸ
1747 3581 1805 3636 δὲ
1829 3581 1943 3635 δια-

366 3666 648 3738 λυόμενον,
702 3668 976 3740 ἄφθαρτον
1029 3665 1168 3724 εἶναι
1220 3672 1281 3725 ού
1334 3672 1576 3726 δύναται.
1614 3673 1756 3744 Ἀρα
1801 3674 1830 3726 0
1867 3673 1944 3744 τῷ

367 3754 666 3832 γράμματι
685 3762 971 3824 δουλεύων,
1007 3762 1213 3834 φθορὰν
1239 3763 1326 3817 διὰ
1354 3764 1454 3834 τῆς
1493 3764 1814 3829 ἀκολουθίας
1835 3766 1944 3819 τῶν

369 3853 651 3922 ’νοημάτων
666 3855 816 3925 παρὰ
837 3853 928 3906 τὸν
946 3853 1078 3907 Θεὸν
1099 3855 1419 3922 ἐννοήσειεν.
1441 3855 1598 3908 Ἀλλά
1617 3856 1720 3927 μὴν
1737 3855 1880 3925 ἄφθα
1889 3873 1945 3928 ρ-

367 3959 459 4006 τος
479 3945 507 3996 0
535 3943 664 4007 Θεὸς
689 3945 783 3998 καὶ
801 3943 1114 4017 ἀσώματος.
1149 3945 1310 3999 Ἀλλὰ
1331 3946 1414 4009 τίς
1439 3943 1548 4018 ἆρα
1569 3949 1682 4009 τοῖς
1705 3965 1946 4019 γεγραμ-

373 4035 554 4105 μένοις
606 4037 905 4108 ἐφαρμόσει
959 4039 1167 4093 διάνοια
1219 4037 1373 4109 παρὰ
1424 4039 1486 4092 τὸ
1541 4041 1605 4092 ἐκ
1653 4041 1942 4111 προχείρου

369 4125 690 4196 νοούμενον;
725 4129 774 4180 εἰ
805 4128 862 4182 δὲ
894 4129 1051 4184 τοῦτο
1074 4131 1135 4183 τὸ
1171 4130 1334 4201 μέρος
1360 4130 1469 4183 τῶν
1501 4131 1560 4183 ἐν
1587 4133 1653 4202 τῇ
1703 4132 1945 4203 συμφρά-

309 4256 312 4258 ν
369 4232 453 4270 σει
487 4217 580 4271 τοῦ
613 4218 772 4287 λόγου
814 4221 1239 4291 γεγραμμένων,
1271 4222 1468 4293 ἑτέραν
1516 4224 1662 4294 ἡμᾶς
1704 4222 1944 4295 ἐξευρεῖν

367 4308 666 4376 ἀναγκάζει
707 4309 974 4363 διάνοιαν’
1011 4313 1278 4383 προσήκει
1317 4312 1534 4376 πάντως
1569 4314 1662 4366 καὶ
1690 4313 1817 4386 περὶ
1849 4314 1942 4367 τοῦ

363 4395 488 4449 ὅλου
516 4395 579 4448 τὸ
608 4393 722 4450 ἴσον
760 4397 1104 4452 διανοεῖσθαι.
1136 4398 1260 4452 Οἷον
1297 4399 1408 4471 γὰρ
1437 4401 1494 4452 ἐν
1521 4401 1599 4472 τῷ
1635 4402 1788 4472 μέρει
1817 4404 1944 4474 νοή-

367 4503 555 4556 σομεν,
607 4488 849 4542 τοιοῦτον
894 4489 1106 4560 ἀνάγκῃ
1161 4489 1257 4543 καὶ
1302 4491 1363 4544 τὸ
1411 4492 1530 4545 ὅλον
1573 4492 1942 4565 λαμϐάνομεν.

365 4577 576 4630 Οὐκοῦν
603 4577 696 4632 καὶ
721 4581 748 4632 0
765 4580 929 4644 τόπος
949 4583 978 4634 ὁ
1005 4581 1153 4652 παρὰ
1174 4581 1252 4652 τῷ
1279 4581 1418 4653 Θεῷ,
1445 4584 1538 4636 καὶ
1556 4586 1589 4654 ἡ
1612 4585 1669 4636 ἐν
1690 4584 1771 4655 τῷ
1794 4585 1944 4657 τόπῳ

367 4665 563 4740 πέτρα,
599 4669 694 4722 καὶ
728 4667 790 4721 τὸ
822 4671 880 4722 ὲν
921 4671 1094 4744 ταύτῃ
1133 4671 1386 4744 χώρημα,
1420 4674 1558 4746 ὅπερ
1599 4675 1707 4748 ὀπὴ
1746 4677 1946 4748 ὀνομά-

367 4757 538 4822 ζεται,
572 4760 667 4813 καὶ¹
715 4761 749 4832 ἡ
785 4761 902 4814 ἐκεῖ
928 4761 1023 4815 τοῦ
1070 4761 1344 4827 Μωῡσέως
1394 4765 1617 4830 εἴσοδος,
1658 4769 1752 4820 καὶ
1790 4771 1824 4838 ἠ
1850 4769 1949 4840 τῆς

367 4849 514 4914 θείας
544 4851 726 4922 χειρὸς
749 4852 971 4925 ἐπιϐολὴ
999 4853 1091 4907 τοῦ
1119 4855 1360 4926 στομίου,
1389 4859 1482 4911 καὶ
1513 4861 1546 4929 ἡ
1577 4860 1828 4930 πάροδος,
1857 4862 1948 4915 καὶ

367 4941 400 5011 ή
437 4941 649 5011 κλῆσις,
684 4942 778 4997 καὶ
795 4942 1114 5014 μετάταῦτα
1129 4947 1164 5019 ἡ
1183 4943 1561 5001 τῶνὸπισθίων
1574 4947 1776 5022 θεωρία
1799 4951 1950 5005 εύλο-

366 5032 608 5104 γὼτερον
641 5033 720 5104 τῷ
762 5033 865 5104 τῆς
907 5036 1200 5107 ἀναγωγῆς
1239 5039 1388 5110 νόμῳ
1424 5040 1849 5115 θεωρηθήσεται.
1881 5046 1948 5099 Τί

365 5117 462 5174 οὖν
493 5123 608 5176 ἐστι
635 5123 696 5177 τὸ
738 5123 1122 5196 εἰκαζόμενον;
1150 5128 1232 5181 ὅτι
1265 5130 1515 5202 καθάπερ
1546 5132 1616 5185 τὰ
1651 5136 1944 5207 κατωφερῆ

367 5212 475 5266 τῶν
505 5215 792 5282 σωμάτων,
827 5217 882 5269 εί
920 5234 1040 5271 τινα
1071 5219 1214 5273 κατὰ
1240 5221 1332 5274 τοῦ
1377 5223 1618 5294 πρανοῦς
1649 5226 1823 5298 ὁρμὴν
1848 5227 1945 5282 λά-

367 5299 475 5362 δοι,
521 5301 625 5355 ’κᾶν
659 5304 848 5377 μηδεὶς
894 5307 1122 5360 ἐπωθῶν
1157 5310 1295 5379 μετά
1325 5310 1425 5382 τὴν
1471 5312 1693 5385 πρώτην
1733 5316 1945 5385 κίνησιν

369 5387 530 5460 τύχῃ,
557 5392 694 5446 αὐτά
735 5393 804 5447 δι’
847 5395 1054 5450 ἐαυτῶν
1091 5397 1185 5452 ἐπὶ
1205 5398 1266 5452 τὸ
1319 5401 1582 5468 κάταντες
1627 5407 1686 5458 ἐν
1725 5407 1947 5476 σφοδρο-

369 5477 506 5550 τέρᾳ
534 5484 600 5552 τῇ
625 5485 765 5555 φορᾷ
794 5487 1196 5558 συνελαύνεται,
1231 5491 1335 5558 ἕως
1366 5493 1432 5551 ἂν
1456 5496 1731 5562 ἐπικλινὲς
1759 5493 1814 5573 ᾖ,
1852 5501 1946 5555 καὶ

461 5655 506 5688 ⁶⁹
544 5658 716 5714 Exod.
756 5677 946 5732 xum,
984 5666 1058 5722 20
1099 5684 1221 5739 sqq.

2105 2029 2234 2086 Haec
2281 2029 2463 2083 omnia
2523 2027 2569 2081 si
2629 2025 2754 2095 quis
2802 2023 3102 2079 secundum
3156 2022 3391 2074 litteram
3437 2017 3612 2071 solum

2037 2122 2382 2184 consideret,
2439 2135 2546 2173 non
2593 2119 2862 2173 obscurus
2914 2115 3182 2170 duntaxat
3245 2108 3617 2179 quaerentibus

2037 2231 2233 2272 sensus
2261 2214 2372 2276 fiet,
2401 2226 2593 2268 verum
2629 2211 2794 2265 etiam
2823 2223 2929 2262 non
2959 2213 3136 2259 rectas
3164 2202 3231 2257 de
3261 2201 3372 2255 Deo
3394 2213 3620 2262 genera-

2036 2307 2116 2362 bit
2155 2307 2483 2376 opiniones;
2535 2301 2652 2359 sola
2682 2301 2827 2356 enim
2877 2298 3110 2368 ﬁgurata
3159 2293 3403 2348 anterius
3452 2301 3619 2359 atque

2037 2399 2313 2471 posterius
2344 2389 2568 2459 habent,
2595 2395 2776 2450 omnis
2808 2406 2941 2449 vero
2969 2391 3165 2458 figura,
3211 2386 3460 2456 corporis
3503 2393 3621 2438 ter-

2039 2494 2349 2546 minusest.
2380 2488 2562 2555 Quare
2603 2486 2696 2556 qui
2736 2485 2963 2556 figuram
3007 2481 3119 2534 Deo
3156 2480 3371 2535 tribuit.
3412 2491 3621 2545 corpus

2038 2581 2217 2651 ipsum
2271 2585 2672 2646 consequenter
2711 2573 2923 2644 putabit
2961 2585 3205 2640 :corpus
3236 2576 3414 2622 autem
3455 2582 3620 2619 omne

2041 2674 2409 2744 compositum
2441 2679 2525 2726 est
2553 2689 2566 2725 :
2599 2668 2962 2739 compositum
2986 2681 3150 2736 porro
3174 2665 3514 2719 diversorum
3559 2675 3619 2714 ac

2039 2765 2408 2821 differentium
2441 2778 2715 2819 concursu
2762 2759 3138 2816 constituitur.
3171 2756 3442 2826 Quidquid
3487 2769 3620 2808 vero

2041 2859 2121 2914 sic
2161 2857 2520 2912 constitutum
2553 2861 2659 2910 est.
2699 2851 3082 2908 indissolubile
3131 2864 3245 2905 non
3281 2856 3366 2904 est
3396 2866 3409 2902 :
3443 2847 3620 2918 quod-

2040 2961 2148 3016 que
2192 2945 2538 3006 dissolvitur,
2586 2943 2638 2998 id
2679 2942 3052 3012 corrumpitur
3083 2958 3098 2994 :
3127 2938 3419 2994 dissolutio
3472 2938 3616 2991 enim

2044 3035 2329 3103 corruptio
2355 3034 2644 3103 compositi
2678 3040 2784 3088 est.
2815 3031 2965 3098 Quas
2993 3031 3062 3086 ob
3091 3046 3180 3085 res
3209 3031 3254 3084 si
3285 3031 3410 3098 quis
3435 3039 3622 3097 poste-

2041 3131 2159 3184 rius
2194 3127 2288 3182 Dei
2318 3127 2618 3182 secundum
2651 3127 2888 3180 litteram
2930 3125 3129 3194 capiet,
3173 3125 3228 3177 in
3279 3123 3383 3176 hoc
3428 3122 3624 3176 incon-

2041 3223 2270 3279 veniens
2300 3226 2700 3290 consequenter
2721 3217 3039 3272 deducetur.
3071 3213 3208 3268 Nam
3237 3221 3360 3267 ante
3391 3228 3455 3268 ac
3477 3225 3623 3265 retro

2045 3318 2099 3370 in
2151 3315 2345 3384 figura,
2384 3313 2554 3384 ﬁgura
2599 3325 2730 3364 vero
2776 3309 2832 3363 in
2884 3322 3135 3378 corpore,
3176 3321 3377 3375 corpus
3426 3313 3621 3358 natura

2045 3407 2390 3471 dissolubile,
2440 3403 2763 3459 dissolubile
2813 3410 2996 3454 autem
3043 3399 3459 3468 incorruptibile
3501 3414 3625 3453 esse

2044 3515 2153 3554 non
2196 3507 2396 3568 potest.
2429 3496 2521 3551 Sic
2563 3496 2657 3565 qui
2699 3495 2924 3549 omnino
2955 3494 3148 3547 littera:
3199 3493 3391 3556 servit,
3439 3507 3626 3544 rerum

2044 3592 2288 3662 ipsarum
2341 3589 2733 3657 consequentia
2785 3584 3202 3654 corruptibilem
3264 3597 3387 3637 esse
3454 3580 3624 3634 Deum

2046 3685 2257 3756 opinari
2287 3683 2658 3753 compellitur.
2696 3679 2791 3734 Est
2833 3687 3018 3732 autem
3054 3676 3196 3730 Deus
3225 3673 3628 3742 incorruptibi-

2045 3779 2113 3832 lis
2165 3776 2390 3832 omnino
2443 3783 2608 3842 atque
2655 3769 3005 3825 immortalis.
3061 3767 3168 3822 Sed
3230 3767 3352 3834 quis
3404 3765 3626 3818 tandem

2047 3869 2131 3924 his
2164 3883 2286 3938 qua:
2325 3867 2525 3935 scripta
2559 3872 2690 3919 sunt
2716 3862 2916 3930 poterit
2956 3859 3204 3929 adaptari
3242 3872 3462 3921 sensus,
3497 3869 3632 3924 prae-

2045 3968 2129 4014 ter
2163 3974 2287 4013 eum
2333 3958 2425 4027 qui
2467 3956 2646 4026 prima
2705 3954 2884 4007 fronte
2919 3951 2987 4005 ad
3041 3950 3279 4003 litteram
3329 3944 3626 4012 exponenti

2045 4050 2324 4104 occurrit?
2381 4047 2535 4113 Quod
2586 4049 2632 4102 si
2667 4046 2773 4100 hac
2817 4045 2872 4099 in
2918 4051 3075 4112 parte
3131 4041 3405 4104 altiorem,
3459 4052 3629 4109 quam

2045 4141 2224 4195 littera
2282 4140 2524 4210 patitur.
2579 4152 2802 4193 sensum
2863 4149 3108 4205 quaerere
3164 4133 3445 4201 cogimur,
3502 4131 3630 4199 quis

2047 4232 2282 4286 alienum
2325 4247 2448 4285 esse
2488 4244 2518 4283 a
2552 4228 2838 4298 Scriptura
2885 4226 3050 4288 dicet,
3101 4227 3145 4280 si
3182 4223 3249 4278 ad
3284 4222 3629 4292 spiritualem

2045 4336 2267 4376 sensum
2305 4329 2472 4374 totam
2523 4317 2877 4373 reducimus?
2921 4331 3048 4370 nam
3093 4331 3218 4369 cum
3275 4328 3505 4369 necesse
3557 4313 3631 4366 sit

2047 4421 2233 4482 partes
2269 4413 2482 4480 aliquas
2514 4409 2878 4480 spiritualiter
2903 4408 3241 4478 |intelligere,
3273 4414 3452 4460 totum
3490 4419 3631 4476 quo-

2048 4521 2153 4574 que
2195 4519 2418 4559 necesse
2465 4511 2525 4556 ut
2561 4511 2614 4558 et
2669 4503 2843 4572 possit
2889 4511 2943 4555 et
2987 4500 3179 4554 debeat
3231 4498 3396 4553 sicuti
3444 4505 3631 4567 partes

2050 4597 2316 4666 intelligi:
2354 4604 2438 4651 est
2464 4596 2608 4650 enim
2649 4602 2821 4648 totum
2867 4607 2935 4647 ex
2966 4591 3217 4662 partibus
3251 4609 3265 4644 :
3297 4604 3470 4658 quare
3505 4604 3634 4657 par-

2049 4688 2184 4740 tium
2249 4693 2502 4739 naturam
2556 4684 2734 4754 sapiat
2791 4696 3019 4738 necesse
3075 4689 3176 4737 est.
3237 4679 3415 4734 Locus
3462 4678 3634 4747 igitur

2049 4774 2193 4844 apud
2218 4772 2406 4837 Deum,
2445 4781 2497 4827 et
2536 4773 2677 4842 lapis
2711 4772 2765 4825 in
2805 4772 2947 4834 loco,
2989 4770 3119 4826 etin
3156 4769 3339 4838 lapide
3377 4768 3629 4838 quaedam

2049 4866 2348 4935 capacitas,
2385 4879 2545 4934 quam
2584 4863 2830 4918 foramen
2865 4862 3198 4933 appellavit:
3233 4861 3636 4931 ingressusque

2051 4956 2223 5027 Moysi
2252 4956 2318 5009 ad
2345 4955 2503 5020 illud,
2535 4955 2810 5025 impositio
2839 4970 3060 5025 quoque
3085 4968 3284 5008 manus
3323 4951 3415 5006 Dei
3443 4952 3499 5006 in
3534 4967 3636 5009 ore

2053 5047 2358 5112 foraminis,
2403 5055 2458 5101 et
2489 5046 2859 5116 transgressio
2893 5046 3034 5116 ejus,
3069 5051 3125 5099 et
3151 5044 3390 5110 vocatio,
3431 5059 3497 5117 ac
3531 5045 3634 5096 de-

2053 5139 2218 5207 nique
2245 5138 2608 5207 posteriorum
2661 5137 2890 5208 partium
2930 5133 3340 5205 aspectatio,ad
3367 5135 3538 5188 altius
3577 5143 3635 5187 et

2051 5231 2463 5284 eonvenientins
2514 5243 2707 5282 norma
2758 5227 3054 5297 rogulaque
3086 5227 3385 5297 anagogica
3437 5227 3518 5279 sic
3552 5242 3640 5279 re-

2049 5321 2299 5376 ducetur.
2346 5318 2817 5386 Quemadmodum
2859 5318 3027 5388 igitur
3065 5318 3248 5387 gravia
3297 5324 3352 5371 et
3392 5315 3636 5370 rotunda

2051 5425 2306 5481 corpora,
2336 5410 2382 5464 si
2418 5426 2449 5464 e
2479 5409 2865 5464 cacuminibus
2891 5408 3160 5463 montium
3184 5408 3338 5477 lapsa
3369 5406 3637 5460 deorsum

2050 5502 2288 5568 fuerint,
2330 5501 2435 5558 etsi
2485 5501 2667 5556 nullus
2705 5508 2896 5571 postea
2940 5500 3219 5571 impellat,
3283 5499 3402 5568 ipsa
3443 5505 3641 5570 tamen
