3876 6218
335 360 432 413 ιρι

1688 365 1778 420 DE
1817 365 1974 422 vnn
2015 326 2292 425 MOYSIs.

3502 364 3606 418 402

337 477 606 548 ύποκατίῃ
631 477 709 548 τῷ
735 479 996 549 σχήματι,
1026 479 1088 532 τὸ
1117 481 1186 552 τῇ
1227 479 1372 552 φορᾷ
1399 479 1779 552 ὑποκείμενον,
1811 499 1918 553 μη-

2037 498 2118 549 )ιξι·
2147 500 2208 540 se
2237 484 2646 540 vehementiore
2675 484 2905 555 impetu,
2954 483 2999 538 si
3031 482 3169 538 nihil
3216 481 3604 552 impedimento

331 564 485 628 δενὸς
506 568 896 638 εὑρισκομένου
917 569 1011 622 τοῦ
1031 569 1093 636 ἐξ
1115 569 1449 642 ἀντιϐάσεως
1473 569 1572 640 τὴν
1602 568 1776 642 ὁρμὴν
1801 571 1925 624 ἀνα-

336 659 629 726 κόπτοντως
650 676 663 689 ⁸
697 660 838 715 οὕτω
866 662 1011 715 κατά
1037 664 1098 716 τὸ
1120 663 1354 734 ἔμπαλιν
1381 665 1415 734 ἠ
1435 663 1581 734 ψυχὴ
1608 664 1705 731 τῆς
1731 663 1925 734 γηϊνης

337 752 711 820 προσπαθείας
751 753 1103 819 ἀπολυθεῖσα,
1132 756 1418 826 ἀνωφερὴς
1444 772 1505 808 τε
1548 755 1642 808 καὶ
1667 754 1814 820 ὀξεῖα
1845 754 1925 824 γί-

337 858 489 894 νεται
518 844 656 913 πρὸς
701 844 800 914 τὴν
832 845 926 898 ἐπὶ
960 845 1030 898 τὰ
1077 847 1189 900 ἄνω
1217 846 1453 916 κίνησιν,
1489 847 1597 899 ἀπὸ
1629 847 1738 900 τῶν
1772 847 1924 902 κάτω

313 933 477 1002 ,πρὸς
503 933 563 985 τὸ
597 933 1123 1008 ὖψοςάνιπταμένη.
1165 937 1410 1006 Μηδενὸς
1436 937 1492 991 δὲ
1533 937 1686 1001 ὄντος
1719 937 1923 992 ἀνωθεν

334 1023 430 1076 τοῦ
462 1025 563 1095 τὴν
591 1025 764 1096 ὁρμὴν
794 1026 1181 1092 ἐπικόπτοντος
1214 1028 1460 1099 (ἑλκτικὴ
1489 1029 1598 1100 γὰρ
1627 1029 1762 1101 πρὸς
1797 1031 1924 1084 ἐαυ-

335 1115 436 1184 τὴν
481 1119 514 1185 ἠ
550 1117 644 1170 τοῦ
676 1117 842 1170 καλοῦ
874 1119 1038 1188 φύσις
1086 1120 1203 1173 ἐστὶ
1227 1120 1505 1192 τῶννπρὸς
1527 1122 1750 1196 ’ἐκείνην
1792 1123 1924 1177 ἀνα-

337 1207 691 1278 ϐλεπόντων),
732 1209 819 1262 ἀεὶ
857 1210 1077 1274 πάντως
1119 1208 1427 1284 ὑψηλοτέρα
1450 1214 1665 1284 νέαυτῆς
1688 1213 1919 1282 γίνεται,

334 1301 404 1370 τῇ
446 1299 554 1352 τῶν
603 1301 871 1373 οὐρανίων
917 1302 1182 1375 ἐπιθυμίᾳ
1241 1306 1763 1376 συνεπεκτεινομένη
1810 1309 1924 1371 τοῖς

336 1390 669 1461 ἔμπροσθεν,
707 1392 888 1458 καθώς
918 1412 1084 1466 φησιν
1126 1398 1154 1449 ὁ
1189 1394 1664 1462 Ἀπόστολος,’καὶ
1691 1399 1922 1454 πάντοτε

316 1481 476 1552 ,πρὸς
503 1482 563 1534 τὸ
599 1483 932 1555 ὑψηλότερον
967 1485 1068 1555 τὴν
1095 1486 1293 1557 πτῆσιν
1337 1488 1644 1558 ποιήσεται.
1676 1488 1925 1543 Ποθοῦσα

336 1573 448 1643 γὰρ
475 1573 565 1626 διὰ
593 1574 702 1628 τῶν
731 1577 833 1646 ἤδη
887 1577 1342 1649 κατειλημμένων
1374 1578 1450 1650 μὴ
1495 1580 1818 1634 καταλιπεῖν
1862 1580 1923 1633 τὸ

339 1663 474 1734 ὕψος
501 1664 560 1717 τὸ
592 1665 1008 1738 ὑπερκείμενον,
1034 1669 1317 1722 ἄπαυστον
1346 1667 1581 1724 ποιεῖται
1609 1671 1710 1741 τὴν
1733 1670 1826 1724 ἐπὶ
1853 1671 1924 1724 τὰ

337 1754 452 1807 ἄνω
481 1753 674 1825 φορὰν,
706 1756 792 1808 ἀεὶ
815 1756 905 1810 διὰ
930 1756 1042 1810 τῶν
1080 1757 1510 1829 προηνυσμένων
1541 1759 1633 1812 τὸν
1659 1758 1796 1829 πρὸς
1823 1757 1922 1829 τὴν

338 1843 538 1913 πτῆσιν
561 1845 712 1898 τόνον
749 1847 1146 1912 ἀνανεάζουσα.
1174 1848 1330 1920 Μόνη
1363 1848 1473 1920 γὰρ
1514 1849 1923 1922 ήκατῖἀρετὴν
1957 1829 1999 1884 Β

318 1935 591 2006 ,ἐνέργεια
621 1938 854 2009 καμάτῳ
880 1939 1069 2010 τρέφει
1097 1939 1198 2010 τὴν
1239 1939 1488 2010 δύναμιν,
1515 1941 1616 2013 οὑκ
1647 1942 1925 1999 ἐνδιδοῦσα

337 2025 427 2080 διὰ
453 2026 549 2080 τοῦ
593 2027 756 2098 ἔργου
792 2029 884 2082 τὸν
927 2029 1102 2094 τόνον,
1133 2031 1254 2085 ἀλλ’
1291 2029 1625 2096 ἐπαύξουσα.

409 2119 510 2172 Διά
527 2119 686 2172 τοῦτό
706 2137 906 2190 φαμεν,
923 2121 1126 2176 καὶτὸν
1152 2121 1325 2192 μέγαν
1349 2122 1590 2176 Μωῦσέα
1609 2123 1696 2177 ἀεὶ
1714 2125 1928 2196 γινόμεο

341 2225 451 2274 νον,
484 2211 735 2282 μηδαμοῦ
776 2213 1027 2274 ἵστασθαι
1071 2214 1172 2284 τῆς
1214 2213 1425 2279 ἀνόδου,
1475 2214 1608 2285 μηδέ
1645 2233 1766 2270 τινα
1803 2217 1926 2286 ὅρον

341 2302 520 2373 ἑαυτῷ
569 2304 961 2378 ποιεῖσθαιίτῆς
993 2307 1086 2384 ἐπὶ
1131 2306 1193 2359 τὸ
1236 2305 1349 2359 ἄνω
1381 2309 1553 2378 φορᾶς
1578 2325 1590 2337 ·
1642 2308 1756 2361 ἀλλ’
1783 2308 1930 2375 ἅπαξ

341 2392 606 2446 ἐπιϐάντα
636 2395 733 2465 τῆς
764 2383 1050 2466 κλίμακος,
1135 2397 1499 2468 ἐπεστήρικτο
1517 2400 1544 2450 ὁ
1566 2396 1718 2461 Θεὸς,
1749 2397 1932 2462 καθώς

344 2499 508 2552 φησιν
542 2485 757 2550 Ἰακὼϐ,
775 2488 947 2565 εἰσαεὶ
967 2487 1064 2557 τῆς
1093 2487 1496 2557 ὑπερκειμένης
1517 2487 1774 2559 βαθμίδος
1805 2491 1927 2543 ἐπι-

1989 703 1992 706 .
2026 665 2412 722 descenderint

2028 576 2120 640 sit,
2184 592 2400 647 semper
2450 575 2796 645 deferuntur,
2851 590 3142 648 quousque
3195 573 3266 628 ad
3321 573 3604 644 planitiem

2467 684 2480 720 :
2531 667 2613 722 sic
2669 666 2852 720 anima
2896 665 3058 735 cujus
3111 674 3306 718 natura
3380 677 3602 717 sursum

2027 755 2221 817 fertur,
2252 756 2488 812 terrenis
2519 756 2768 810 absoluta
2791 753 3190 825 cupiditatibus
3225 755 3507 809 ardentior
3547 755 3602 808 in

2025 846 2142 902 dies
2197 846 2284 910 fit,
2347 846 2701 916 veloci‘usque
2733 847 3096 916 pertransit,
3145 845 3217 900 ad
3273 845 3602 902 sublimiora

2026 953 2242 1008 semper
2272 939 2669 994 conscendens.
2697 937 2835 992 Nam
2861 953 2988 994 cum
3026 937 3165 992 nihil
3195 937 3297 994 sibi
3325 938 3396 992 sit
3431 937 3605 1007 impe-

2023 1028 2290 1095 dimento,
2342 1046 2441 1102 per
2491 1033 2727 1101 seipsam
2787 1030 2857 1085 ad
2904 1037 3160 1086 naturam
3213 1030 3346 1086 boni
3401 1028 3602 1086 fertur.

2023 1120 2264 1175 Attrabit
2311 1121 2459 1175 enim
2510 1120 2576 1175 ad
2627 1135 2688 1176 se
2743 1127 2939 1176 natura
2975 1111 3164 1191 ~ipsius
3210 1119 3364 1184 boni,
3415 1132 3606 1172 omnes

2023 1211 2120 1281 qui
2177 1210 2247 1267 ad
2290 1211 2726 1282 pulchritudinis
2778 1211 2899 1280 ejus
2951 1210 3140 1266 radios
3194 1211 3348 1266 sanis
3388 1208 3616 1279 possint

2023 1303 2198 1357 oculis
2247 1303 2525 1373 respicere
2567 1320 2580 1355 :
2623 1302 2697 1355 ita
2749 1301 2830 1366 fit,
2865 1309 2926 1356 ut
2975 1301 3282 1358 caelestium
3333 1299 3606 1356 desiderio

2024 1409 2238 1464 semper
2263 1393 2332 1448 ad
2365 1395 2576 1464 majora
2610 1395 2694 1465 (ut
2721 1393 3020 1464 Apostolus
3047 1393 3144 1463 ait)
3168 1398 3487 1462 consurgat,
3537 1405 3604 1444 ac

2023 1501 2236 1555 semper
2265 1485 2334 1540 ad
2365 1486 2561 1541 altiora
2605 1487 2870 1556 pervolet.
2919 1483 3056 1539 Nam
3092 1499 3217 1539 cum
3260 1497 3443 1554 perea
3479 1499 3606 1554 qua:

2018 1577 2131 1647 jam
2165 1578 2430 1648 percepit.
2477 1577 2547 1633 ad
2587 1577 2794 1647 majora
2825 1583 2882 1632 et
2923 1577 3238 1648 perspicere
3267 1582 3322 1631 et
3358 1575 3606 1645 aspicere

2022 1669 2218 1738 possit,
2268 1669 2474 1739 majore
2517 1678 2680 1739 atque
2721 1667 2930 1738 majore
2966 1665 3237 1722 desiderio
3269 1681 3484 1735 semper
3517 1680 3608 1718 ar»

2026 1759 2139 1827 det,
2180 1775 2243 1814 at.
2287 1760 2368 1815 sic
2409 1759 2786 1814 indesinenter
2825 1772 3046 1813 sursum
3101 1757 3295 1822 fertur,
3340 1757 3430 1812 his
3481 1771 3604 1825 qua:

2025 1865 2247 1922 perasta
2295 1858 2426 1906 sunt
2453 1849 2732 1906 robustior
2779 1848 2922 1904 facta
2953 1866 2968 1902 :
3001 1849 3179 1904 solum
3210 1848 3358 1904 enim
3381 1847 3605 1902 virtutis

2027 1942 2172 1998 actio
2205 1942 2381 1996 nutrit
2415 1941 2682 2002 laborem,
2716 1939 2971 2010 viresque
3006 1945 3191 2009 auget.

2097 2035 2446 2105 Quapropter
2484 2047 2718 2102 magnus
2745 2031 2837 2087 ille
2863 2030 3098 2102 Moyses,
3143 2045 3267 2086 cum
3306 2029 3475 2086 semel
3510 2043 3610 2099 per

2028 2127 2235 2182 scalam
2281 2126 2338 2180 in
2370 2137 2480 2195 qua
2508 2122 2654 2180 Deus
2696 2123 2922 2180 innixus
2965 2129 3106 2187 erat,
3143 2131 3204 2177 ut
3245 2119 3416 2176 Jacob
3448 2120 3605 2185 dicit,

2029 2215 2327 2274 ascendere
2375 2214 2678 2285 coepisset,
2741 2229 3020 2285 nunquam
3078 2213 3260 2280 stetit,
3323 2225 3606 2282 nunquam

2029 2308 2326 2363 terminum
2372 2316 2551 2363 motus
2580 2309 2754 2370 novit,
2809 2305 2906 2362 sed
2955 2320 3174 2376 semper
3219 2304 3289 2360 de
3333 2303 3506 2376 gradu
3552 2303 3609 2356 in

2032 2397 2261 2469 gradum
2318 2395 2669 2462 ascendebat,
2729 2411 2832 2452 nec
2883 2396 3028 2451 enim
3081 2396 3316 2451 deficere
3370 2407 3611 2465 unquam

2035 2498 2214 2560 potest
2251 2490 2413 2544 altior
2438 2490 2664 2561 gradus.

321 2573 569 2638 ϐαίνειν,
608 2578 703 2630 καὶ
727 2579 994 2648 μηδέποτε
1022 2579 1324 2650 ὑψούμενον
1352 2579 1622 2636 παύεσθαι
1646 2581 1735 2636 διὰ
1765 2583 1827 2636 τὸ
1855 2583 2082 2636 πάντοτε
2121 2582 2394 2655 εὑρίσκειν
2417 2582 2517 2652 τῆς
2535 2579 3063 2653 κατειλημμένηςξω
3093 2579 3170 2652 τῷ
3201 2580 3327 2652 ὕψει
3356 2579 3614 2650 βαθμίδος

341 2670 406 2722 τὸ
431 2670 846 2742 ὑπερκείμενον.
1010 2726 1013 2728 .

414 2767 697 2838 ,Ἇρνεῖται
735 2769 835 2840 τὴν
885 2769 1022 2840 πρὸς
1045 2769 1145 2841 τὴν
1178 2769 1425 2841 βασιλίδα
1478 2772 1587 2827 τῶν
1615 2773 1928 2842 Αἰγυπτίων

285 2852 791 2937 λκατεψευσμένην
847 2861 1168 2930 συγγένειαν
1203 2879 1218 2894 ο
1279 2864 1492 2928 ἔκδικος
1557 2865 1768 2934 γίνεται
1833 2866 1928 2920 τοῦ

358 2952 612 3024 Ἐϐραίου
631 2970 646 2984 ο
682 2954 1070 3024 μετανίσταται
1103 2956 1244 3027 πρὸς
1271 2956 1369 3027 τὴν
1397 2957 1604 3028 ἔρημον
1635 2957 1926 3029 διαγωγὴν,

345 3044 415 3115 ἢν
439 3047 469 3098 ό
492 3045 829 3116 ἀνθρώπινος
861 3048 962 3100 οὐκ
986 3048 1214 3119 ἐτάραξε
1246 3048 1386 3118 βίος·
1417 3048 1694 3120 ποιμαίνει
1717 3051 1775 3103 ἐν
1804 3051 1931 3103 ἐαυ-

319 3135 425 3205 .τῷ
454 3136 552 3205 τὴν
581 3136 689 3190 τῶν
738 3137 962 3208 ἡμέρων
995 3138 1150 3202 ζώων
1200 3138 1400 3210 ἀγέλην
1421 3156 1437 3172 ο
1487 3141 1590 3210 ὁρᾷ
1620 3141 1712 3193 τοῦ
1755 3141 1931 3208 φωτὸς
1959 3187 1997 3210 ἡ

345 3225 448 3298 τὴν
467 3227 786 3298 λαμπηδόνα
804 3247 830 3279 ο.
849 3229 1030 3301 ἀϐαρῆ
1059 3233 1293 3282 ποιεῖται
1323 3230 1422 3301 τὴν
1465 3230 1601 3302 πρὸς
1625 3231 1684 3284 τὸ
1703 3231 1816 3300 φῶς
1845 3231 1931 3286 ἄν-

345 3319 487 3381 οδον,
515 3322 582 3390 τῇ
611 3320 951 3391 περιαιρέσει
977 3319 1068 3373 τοῦ
1093 3322 1456 3392 ὑποδήματος*
1479 3320 1772 3393 ἐξαιρεῖται
1794 3322 1931 3392 πρὸς

347 3409 662 3480 ἐλευθερίαν
701 3410 762 3463 τὸ
800 3411 1062 3479 συγγενὲς
1105 3411 1200 3464 καὶ
1245 3410 1549 3481 ὁμόφυλον·
1602 3409 1931 3481 ὑποϐρύχιον

350 3499 539 3570 βλέπει
558 3500 649 3553 τὸν
685 3500 878 3572 ἐχθρὸν
904 3501 1046 3555 κατὰ
1070 3502 1179 3554 τῶν
1209 3503 1466 3573 κυμάτων
1495 3501 1774 3572 δυόμενον.
1793 3501 1930 3555 Ὑπὸ

347 3591 450 3662 τὴν
469 3592 1004 3663 νεφέληνλαὺλίζεται
1021 3609 1037 3623 ·
1061 3596 1128 3664 τῇ
1155 3593 1332 3665 πέτρᾳ
1357 3593 1648 3665 θεραπεύει
1676 3593 1740 3645 τὸ
1759 3592 1928 3661 δίψος

350 3683 430 3754 τῷ
458 3675 673 3754 οὐρανῷ
695 3686 933 3754 γεωργεῖ
956 3685 1049 3739 τὸν
1085 3686 1271 3756 ἄρτον.
1312 3681 1447 3739 Εἶτα
1482 3688 1550 3756 τῇ
1580 3687 1797 3740 ἐκτάσει
1825 3685 1933 3738 τῶν

349 3772 550 3842 χειρῶν
602 3772 1033 3841 καταγωνίζεται
1077 3774 1168 3828 τὸν
1223 3773 1519 3844 ἀλλόφυλον
1545 3791 1560 3805 ·
1595 3773 1783 3827 ἀκούει
1835 3774 1934 3843 τῆς

351 3861 653 3931 σάλπιγγος
674 3879 687 3892 ·
716 3863 809 3916 τὸν
835 3864 1034 3932 γνόφον
1061 3863 1395 3934 ὑπέρχεται·
1425 3866 1518 3918 ἐπὶ
1549 3864 1620 3916 τὰ
1647 3865 1811 3917 ἄδυτα
1836 3865 1934 3936 τῆς

353 3956 767 4025 ἁχειροποιήτου
824 3958 1028 4027 σκηνῆς
1078 3957 1466 4027 παραδύεται·
1522 3957 1780 4027 μανθάνει
1833 3956 1934 4026 τῆς

353 4047 507 4109 θείας
541 4047 838 4118 ἱερωσύνης
863 4047 941 4102 τά
967 4047 1273 4120 ἀπόρρητα.
1312 4047 1656 4118 Ἐξαφανίζει
1688 4049 1751 4101 τὸ
1781 4047 1935 4102 εἴδω-

334 4139 467 4211 λον,
503 4138 732 4191 ίλεοῦται
764 4138 826 4191 τὸ
858 4138 1034 4201 Θεῖον,
1067 4139 1417 4193 ἀνακαλεῖται
1445 4137 1536 4192 τὸν
1569 4141 1626 4192 ἐν
1667 4141 1732 4208 τῇ
1769 4139 1938 4209 κακίᾳ

325 4226 465 4290 ,τῶν
506 4226 773 4280 Ἰουδαίων
807 4226 1163 4298 συντριϐέντα
1193 4226 1388 4296 νόμον,
1424 4227 1630 4296 λάμπει
1671 4229 1739 4298 τῇ
1784 4227 1931 4298 δόξῃ,

323 4377 336 4384 _
358 4317 454 4370 καὶ
495 4316 584 4370 διὰ
619 4317 888 4371 τοσούτων
927 4319 1186 4388 ἐπαρθεὶς
1219 4317 1565 4388 ὑψωμάτων,
1608 4317 1689 4370 ἔτι
1733 4321 1935 4390 σφριγᾷ

354 4411 424 4479 τῇ
454 4409 722 4480 ἐπιθυμίᾳ
744 4449 758 4473 ,
784 4411 877 4462 καὶ
912 4410 1220 4481 ἀκορέστως
1256 4409 1370 4480 ἔχει
1403 4411 1497 4463 τοῦ
1535 4409 1812 4474 πλείονος,
1845 4411 1939 4464 καὶ

2100 2771 2327 2844 Negavit
2370 2772 2562 2828 falsam
2593 2771 2975 2845 Egyptiorum
3024 2768 3227 2839 reginae
3267 2768 3612 2839 conjunctio—

2031 2881 2177 2928 nem,
2221 2881 2328 2935 qua
2379 2865 2524 2920 filius
2572 2866 2690 2933 ejus
2742 2864 3070 2936 putabatur;
3135 2860 3419 2916 Hebraeum
3463 2861 3614 2917 ultus

2030 2963 2146 3022 est;
2176 2956 2242 3010 ad
2273 2956 2550 3013 desertam
2592 2965 2647 3013 et
2682 2955 2986 3012 solitariam
3015 2968 3076 3008 se
3115 2952 3395 3008 transtulit
3419 2952 3608 3012 vitam.

2032 3062 2195 3118 quam
2249 3047 2501 3102 humanae
2542 3046 2988 3118 perturbationes
3029 3059 3140 3100 non
3187 3053 3421 3110 vexant;
3466 3043 3615 3113 pavit

2031 3138 2299 3194 cicurium
2343 3140 2662 3194 animalium
2706 3153 2957 3211 gregem;
2989 3137 3125 3193 vidit
3169 3136 3617 3206 rcsplcndentem

2033 3230 2208 3284 lucem
2261 3230 2532 3295 divinam;
2599 3229 2801 3300 abjccit
2861 3229 3100 3292 calceos,
3155 3236 3217 3282 ut
3271 3227 3488 3282 facilius
3544 3227 3615 3282 ad

2033 3323 2208 3377 lucem
2264 3321 2585 3388 accederet;
2636 3321 2694 3376 in
2748 3321 3056 3377 libertatem
3111 3319 3414 3374 vindicavit
3444 3333 3612 3385 suos;

2033 3415 2244 3467 hostem
2278 3413 2440 3468 undis
2463 3412 2601 3467 vidit
2629 3412 3010 3478 submersum;
3041 3411 3220 3467 lucida
3251 3411 3396 3465 nube
3415 3409 3614 3465 ductus

2031 3513 2150 3570 est;
2190 3503 2338 3559 sicco
2366 3503 2546 3574 lapide
2576 3501 2787 3558 sedavit
2817 3503 2997 3570 sitim;
3033 3517 3063 3556 a
3093 3503 3235 3557 coelo
3262 3501 3488 3556 deduxit
3515 3516 3614 3571 pa-

2032 3609 2178 3648 nem.
2226 3592 2497 3649 Przeterea
2555 3594 2882 3650 extensione
2932 3607 3194 3647 manuum
3257 3593 3613 3662 alienigenam

2034 3687 2194 3745 fudit.
2245 3686 2488 3742 sonitum
2529 3687 2676 3741 tuba:
2707 3686 2938 3751 audivit,
2990 3687 3275 3756 caliginem
3319 3685 3511 3751 subiit,
3547 3685 3618 3740 ad

2034 3779 2331 3849 penetralia
2361 3779 2532 3833 divini
2585 3779 2933 3834 tabernaculi
2968 3778 3252 3850 ingressus
3295 3787 3398 3840 est,
3432 3791 3614 3832 sacer-

2035 3867 2172 3922 dotii
2216 3867 2410 3923 didicit
2438 3871 2722 3939 mysteria,
2769 3869 3120 3924 simulacrum
3160 3867 3450 3934 destruxit,
3490 3882 3617 3937 pro-

2036 3961 2229 4030 pitium
2259 3960 2429 4016 Deum
2480 3961 2742 4026 reddidit,
2791 3963 2964 4033 legem
2996 3960 3306 4016 Iudaeorum
3347 3961 3627 4031 pravitate-

2036 4053 2277 4106 dirutam
2311 4053 2578 4119 restituit,
2617 4054 2790 4123 gloria
2835 4053 3059 4108 effulsit.
3101 4053 3180 4108 Ac
3212 4062 3290 4108 tot
3337 4053 3626 4122 tantisque-

2038 4146 2520 4203 sublimationibus
2544 4146 2923 4201 elatusaadhuc
2947 4145 3102 4202 ardet
3127 4145 3418 4208 desiderio,
3437 4146 3617 4198 adhuc

2038 4246 2300 4305 tanquam
2341 4234 2651 4291 famescens
2678 4250 2743 4289 ac
2791 4236 3006 4298 sitiens,
3036 4245 3293 4305 tanquam
3324 4249 3391 4289 eo
3419 4249 3630 4288 carens.

2038 4342 2149 4395 quo
2178 4341 2394 4397 semper
2429 4327 2736 4392 fruebatur,
2783 4334 2906 4381 orat
2949 4336 3010 4381 ut-
3039 4326 3210 4380 Deum
3259 4325 3461 4390 videat,
3507 4341 3629 4381 non

2043 4429 2101 4473 ut
2135 4419 2251 4490 ipse
2281 4434 2478 4489 capere
2524 4427 2725 4490 potest,
2766 4419 2861 4475 sed
2893 4427 2953 4472 ut
2987 4435 3048 4475 se
3077 4419 3238 4473 habet
3273 4419 3362 4488 qui
3399 4418 3618 4474 deside-

357 4496 419 4577 οὗ
438 4499 529 4553 διὰ
555 4501 752 4563 παντὸς
777 4502 897 4553 κατ’
921 4501 1169 4567 ἐξουσίαν
1198 4504 1526 4573 ἐνεφορεῖτο,
1549 4503 1630 4556 ἔτι
1654 4501 1780 4574 διψῇ
1808 4521 1820 4534 ·
1845 4503 1932 4556 καὶ

2044 4522 2215 4566 ratur.
2249 4510 2404 4566 Unde
2443 4511 2684 4565 arbitror
2731 4511 3003 4564 immenso
3033 4507 3306 4568 desiderio
3335 4515 3501 4577 atque
3529 4522 3616 4561 ar-

327 4592 432 4660 d);
465 4595 633 4662 μήπω
665 4592 1044 4663 μετεσχηκὼς,
1075 4596 1258 4663 τυχεῖν
1283 4593 1482 4658 δέεται,
1513 4595 1823 4664 ἐμφανῆναι
1847 4594 1943 4647 αὑ-

355 4683 438 4754 τῷ
483 4685 577 4738 τὸν
608 4684 740 4737 Θεὸν
788 4685 1079 4738 ἱκετεύων·
1132 4685 1231 4755 οὐχ
1281 4685 1358 4748 ὡς
1409 4685 1656 4755 μετέχειν
1699 4684 1941 4747 δύναται,

329 4776 472 4852 ¹ἀλλ’
498 4775 576 4839 ὡς
601 4775 809 4840 ἐκεῖνός
839 4777 976 4830 ἐστι.
1009 4778 1170 4829 Δοκεῖ
1195 4775 1253 4829 δέ
1284 4793 1374 4846 μοι
1417 4775 1479 4828 τὸ
1511 4772 1722 4828 τοιοῦτο
1753 4773 1945 4828 παθεῖν

357 4869 596 4940 ἐρωτικῇ
634 4886 742 4922 τινι
775 4868 1013 4922 διαθέσει
1051 4868 1190 4940 πρὸς
1220 4872 1282 4921 τὸ
1311 4867 1472 4936 φύσει
1506 4867 1670 4921 καλὸν
1709 4867 1809 4938 τῆς
1843 4866 1947 4935 ψυ-

328 4963 461 5032 ,χῆς
499 4961 870 5031 διατεθείσης,
905 4963 972 5032 ἣν
1003 4960 1092 5014 ἀεὶ
1121 4962 1156 5031 ἡ
1202 4960 1357 5024 ἐλπὶς
1410 4959 1519 5013 ἀπὸ
1549 4958 1644 5012 τοῦ
1691 4957 1946 5027 ὀφθέντος

329 5051 526 5127 ,καλοῦ
575 5051 713 5123 πρὸς
757 5052 819 5104 τὸ
870 5051 1264 5123 ὑπερκείμενον
1310 5051 1697 5113 ἐπεσπάσατο,
1730 5048 1821 5103 διά
1851 5048 1944 5101 τοῦ

361 5145 594 5197 πάντοτε
639 5142 1192 5213 καταλαμϐανομένου
1217 5181 1234 5206 ,
1285 5141 1422 5212 πρὸς
1458 5141 1521 5193 τὸ
1572 5139 1946 5212 κεκρυμμένον

361 5235 474 5289 alet
504 5235 604 5305 τὴν
643 5234 939 5304 ἐπιθυμίαν
970 5233 1294 5288 ἐκκαίουσαο
1334 5233 1456 5288 ὅθεν
1488 5234 1518 5285 ὁ
1561 5231 1788 5302 σφοδρὸς
1818 5231 1947 5300 ὲρα·

363 5326 497 5399 στὴς
521 5325 616 5380 τοῦ
652 5326 880 5390 κάλλους
901 5368 916 5391 ,
949 5325 1010 5379 τὸ
1041 5325 1129 5379 ἀεὶ
1167 5325 1507 5395 φαινόμενον,
1534 5323 1610 5388 ὡς
1636 5322 1823 5377 εἰκόνα
1852 5322 1946 5376 τοῦ

363 5418 702 5489 ποθουμένου
742 5418 1059 5488 δεχόμενος,
1094 5417 1260 5471 αὑτοῦ
1309 5416 1404 5470 τοῦ
1464 5415 1812 5487 χαρακτῆρος
1854 5414 1946 5467 τοῦ

364 5509 678 5582 ἀρχετύπου
720 5509 1098 5580 ἐμφορηθῆναι
1140 5510 1314 5564 ποθεῖ.
1346 5508 1458 5562 Καὶ
1508 5507 1668 5560 τοῦτο
1707 5504 1949 5576 βούλεται

365 5599 400 5672 ἠ
431 5599 684 5670 τολμηρά
728 5617 787 5652 τε
825 5601 919 5652 καὶ
949 5600 1221 5671 παριοῦσα
1261 5601 1388 5662 τοὺς
1436 5599 1596 5669 ὅρους
1631 5601 1731 5668 τῆς
1763 5597 1950 5649 ἐπιθυ-

371 5692 497 5760 μίας
527 5693 560 5763 ή
597 5692 809 5762 αῖτησις
830 5731 844 5755 ,
885 5693 944 5744 es
973 5691 1047 5763 μὴ
1072 5692 1158 5746 διὰ
1187 5692 1508 5761 κατόπτρων
1539 5689 1699 5743 τινῶν
1726 5689 1818 5742 καὶ
1852 5690 1950 5757 ἐμ-

371 5788 588 5851 φάσεων
615 5824 629 5849 ,
676 5783 809 5837 ἀλλὰ
841 5784 980 5841 κατέε
1023 5784 1312 5858 πρόσωπον
1345 5783 1644 5840 ἀπολαῦσαι
1673 5778 1765 5835 τοῦ
1823 5779 1948 5834 κάλ-

2045 4605 2198 4660 denti
2225 4618 2353 4675 erga
2385 4602 2557 4658 Deum
2585 4603 2662 4656 ita
2698 4601 2874 4658 fuisse
2906 4599 3182 4665 aﬂ‘ectum,
3218 4600 3368 4671 quod
3391 4599 3620 4655 visionip

2045 4699 2149 4753 bus
2173 4697 2279 4752 sibi
2323 4696 2546 4759 enituit,
2592 4703 2654 4750 ut
2686 4694 2833 4750 ferre
2880 4708 2990 4749 non
3019 4707 3228 4765 posset,
3255 4692 3389 4761 quin
3436 4692 3506 4747 ab
3551 4692 3632 4746 iis.

2044 4803 2168 4859 quae
2219 4787 2664 4857 comprehendit,
2723 4785 2792 4840 ad
2846 4786 3149 4841 occultiora
3209 4783 3557 4852 compelleret
3599 4801 3615 4836 :

2045 4878 2307 4947 quocirca
2330 4891 2602 4946 suprema:
2622 4875 3049 4946 pulchritudinis
3077 4882 3310 4936 amator,
3337 4872 3483 4943 quod
3505 4872 3629 4942 jam.

2045 4969 2277 5033 viderat,
2307 4975 2570 5038 tanquam
2615 4967 2908 5039 imaginem
2939 4966 3059 5035 ejus
3086 4965 3234 5035 quod
3267 4979 3377 5019 non
3408 4963 3620 5019 viderat

2047 5061 2301 5126 credens,
2336 5061 2458 5129 ipso
2495 5059 2600 5113 frui
2645 5058 2924 5130 primitivo
2962 5057 3330 5113 desiderabat.
3376 5055 3436 5112 Id
3488 5070 3621 5126 ergo

2047 5151 2164 5204 vult
2190 5147 2372 5202 audax
2412 5149 2468 5202 in
2500 5156 2686 5203 monte
2708 5147 2803 5201 illo
2831 5146 3041 5218 petitio,
3073 5162 3142 5201 ne
3180 5161 3278 5216 per
3306 5145 3529 5216 specula
3565 5153 3621 5199 et

2050 5239 2336 5310 imagines,
2378 5236 2474 5293 sed
2509 5252 2607 5308 per
2635 5251 2818 5291 veram
2865 5244 2921 5291 et
2951 5236 3227 5306 propriam
3275 5235 3470 5291 faciem
3513 5235 3618 5289 frui

2052 5326 2456 5394 pulchritudine
2492 5332 2701 5395 posset.
2755 5323 2945 5378 Divina
2976 5341 3104 5380 vero
3135 5341 3242 5380 vox
3271 5339 3368 5395 per
3396 5339 3460 5379 ea
3502 5339 3622 5392 qua

2051 5424 2250 5488 negat,
2313 5417 2567 5471 concedit
2624 5415 2770 5484 quod
2830 5416 3072 5487 petitur,
3139 5417 3386 5486 pauculis
3438 5415 3620 5470 verbis

2050 5509 2370 5562 immensam
2431 5509 2826 5562 sententiarum
2889 5506 3315 5578 profunditatem
3385 5506 3618 5575 subape-

2053 5602 2224 5656 ricns.
2261 5600 2467 5654 Annuit
2503 5601 2646 5655 enim
2700 5600 2969 5656 facturum
3021 5617 3080 5657 se
3107 5601 3253 5670 quod
3281 5601 3613 5671 petebatur:

2055 5692 2212 5744 ﬁnem
2245 5697 2423 5743 autem
2458 5699 2620 5759 atque
2640 5690 3000 5744 cessationem
3042 5689 3204 5758 hujus
3233 5686 3489 5742 desiderii
3529 5684 3616 5737 fu-

2057 5793 2236 5836 turum
2267 5794 2374 5838 non
2406 5778 2676 5849 promisit,
2711 5795 2812 5838 nec
2853 5779 2998 5835 enim
3031 5782 3103 5834 ita
3140 5776 3409 5850 quispiam
3444 5772 3620 5833 Deum
