3876 6218
296 334 404 396 403

1529 351 1584 407 S.
1622 351 1954 411 CREGORH
1978 351 2272 412 NYSSENI

3429 361 3529 416 404

293 459 477 516 videre
505 465 680 532 potest
728 463 786 515 ut
813 460 1028 517 videndi
1074 455 1287 518 desinat
1315 463 1670 525 desiderium.
1721 467 1852 524 Nam

1974 483 2098 536 κους.
2143 474 2206 527 'H
2236 475 2292 528 δὲ
2319 474 2438 528 θεία
2477 475 2628 548 φωνὴ
2663 476 2845 531 δίδωσι
2889 472 2950 531 τὸ
2983 476 3205 547 αἰτηθὲν
3233 476 3300 530 δι’
3328 469 3404 532 ὧν
3435 480 3534 531 ἀπ-

296 551 350 606 in
383 551 489 606 hoc
517 552 764 623 profecto
792 553 935 610 Deus
964 553 1198 620 videtur,
1239 565 1298 610 ut
1327 574 1606 629 nunquam
1649 561 1868 618 desinas

294 641 363 697 ad
411 659 534 698 eum
589 645 884 716 respicere.
931 645 1112 713 Quare
1149 649 1328 718 inquit
1371 671 1384 705 :
1440 669 1458 703 ι
1508 651 1627 707 Non
1665 657 1868 724 poteris

293 733 476 790 videre
505 736 698 790 faciem
723 753 920 803 meam,
949 754 1048 794 nec
1077 739 1224 796 enim
1258 741 1459 797 videbit
1483 743 1646 800 homo
1674 745 1866 801 faciem

293 841 467 881 meam
510 835 564 881 et
603 829 745 884 vivet
762 830 846 884 "z
885 849 904 883 ι
941 846 1056 900 non
1089 834 1218 903 quia
1251 849 1417 890 causa
1453 838 1648 892 mortis
1675 839 1866 894 viden-

293 918 440 974 tibus
471 920 542 976 sit
570 920 659 974 illa
686 922 1030 994 facies,(nam
1056 927 1333 996 quomodo
1352 929 1479 984 vita
1511 929 1679 988 facies
1700 948 1866 988 causa

295 1011 862 1082 appropinquantibus
922 1017 1115 1072 mortis
1172 1034 1297 1075 esse
1359 1022 1617 1093 poterit?)
1676 1040 1864 1078 verum

293 1101 550 1167 qtiouiam
598 1104 702 1158 etsi
738 1105 976 1162 viviﬁcat
1021 1107 1240 1178 quidem
1282 1108 1428 1168 Deus
1475 1120 1694 1180 natura,
1741 1129 1868 1184 pro-

294 1191 470 1260 prium
517 1202 698 1249 tamen
750 1213 908 1252 suum
959 1207 1065 1263 est,
1120 1210 1180 1255 ut
1231 1217 1450 1258 onmem
1499 1207 1864 1276 cognitionem

293 1285 520 1338 excedat
565 1300 578 1341 :
621 1288 826 1343 idcirco
873 1291 970 1360 qui
1017 1307 1207 1348 eorum
1263 1312 1386 1366 qua:
1435 1311 1863 1368 cognoscuntur,

295 1372 462 1430 Deum
485 1393 606 1436 esse
633 1383 908 1450 Opinatur,
950 1387 1107 1454 quasi
1135 1386 1408 1444 deviasset
1439 1389 1508 1444 ab
1545 1405 1612 1445 eo
1639 1392 1730 1461 qui
1757 1400 1862 1455 est,

295 1467 362 1520 ad
393 1468 444 1522 id
477 1471 620 1538 quod
651 1487 772 1528 esse
795 1482 1042 1545 putatur.
1069 1478 1236 1532 vitam
1261 1495 1370 1534 non
1401 1481 1586 1536 habet.
1615 1482 1748 1538 Nam
1771 1486 1864 1555 qui

294 1573 419 1614 vere
457 1571 560 1629 est,
598 1563 644 1618 is
685 1579 811 1621 vere
855 1567 966 1621 vita
1015 1580 1120 1634 est,
1174 1580 1229 1626 et
1274 1573 1365 1627 hic
1407 1575 1718 1644 cognitione
1755 1591 1864 1630 non

294 1655 794 1724 comprehenditur.
842 1659 1024 1728 Quare
1070 1664 1117 1719 si
1164 1664 1280 1722 haec
1329 1666 1618 1724 viviﬂcans
1669 1678 1864 1723 natura

296 1743 662 1814 cognitionem
704 1762 922 1804 omnem
984 1753 1238 1817 excedit,
1306 1771 1414 1809 non
1477 1767 1560 1812 est
1620 1756 1865 1826 profecto

1969 565 2263 631 ἀναίνεται,
2303 570 2362 621 ἐν
2414 568 2616 638 ὀλίγοις
2661 571 2773 633 τοίς
2811 572 3048 642 ῥήμασιν
3079 570 3385 641 ἀμέτρητον
3418 587 3536 623 τινα

1969 655 2128 725 βυθὸν
2159 660 2443 729 νοημάτων
2481 661 2966 733 παραδεικνύουσα.
3005 661 3078 715 Τὸ
3114 663 3208 732 μὲν
3257 662 3365 731 γάρ
3405 661 3530 730 πλη·

1969 748 2142 818 ρῶσαι
2174 751 2272 821 τὴν
2303 751 2596 823 ἐπιθυμίαν
2625 754 2775 825 αὺτῷ
2805 757 2838 826 ἡ
2872 754 2967 807 τοῦ
2995 754 3128 806 Θεοῦ
3161 747 3540 824 μεγαλοδωρεά

1967 839 2286 894 κατένευσε·
2320 843 2505 896 στάσιν
2535 843 2592 896 δέ
2620 861 2740 898 τινα
2788 844 2880 897 τοῦ
2910 843 3074 896 πόθου
3114 844 3207 896 καὶ
3234 842 3394 913 κόρον
3441 841 3540 892 οὐκ

1966 931 2350 1002 ἐπηγγείλατο.
2381 935 2455 986 Οὐ
2479 935 2588 1006 γὰρ
2623 935 2690 990 ἂν
2719 935 2908 989 ἑαυτὸν
2933 935 3099 1000 ἔδειξε
3120 933 3198 1004 τῷ
3224 933 3540 1004 θεράποντι’

1965 1024 2126 1097 είπερ
2151 1025 2390 1081 τοιοῦτον
2410 1023 2479 1098 ἦν
2502 1027 2564 1080 τὸ
2591 1025 2884 1098 ὁρώμενον,
2907 1026 3046 1080 ὥστε
3074 1027 3264 1094 στῆσαι
3295 1026 3394 1096 τὴν
3421 1026 3539 1078 ὲπιο

1966 1118 2030 1171 θυ
2039 1117 2166 1188 μίαν
2199 1117 2291 1171 τοῦ
2321 1117 2607 1188 βλέποντος
2623 1137 2636 1150 ο
2663 1121 2739 1184 ὡς
2762 1121 2822 1172 ὲν
2845 1119 3018 1189 τούτῳ
3036 1119 3184 1181 ϐντος
3205 1116 3297 1171 τοῦ
3327 1115 3540 1186 ἀληθῶς

1969 1209 2098 1262 ίδετν
2125 1209 2217 1263 τὸν
2240 1209 2372 1264 Θεὸν
2394 1251 2409 1276 ,
2442 1212 2500 1263 ὲν
2541 1211 2620 1282 τῷ
2661 1212 2734 1283 μὴ
2764 1210 2922 1282 λῆξαί
2950 1227 3077 1262 ποτε
3105 1212 3206 1280 τῆς
3245 1207 3540 1277 ἐπιθυμίας

1965 1303 2056 1354 τὸν
2083 1300 2219 1372 πρὸς
2247 1303 2406 1357 αὑτὸν
2434 1303 2823 1356 ἀναϐλέποντα.
2857 1303 2995 1372 Φησὶ
3025 1302 3154 1372 γάρ·
3193 1321 3211 1352 ι
3237 1301 3310 1353 Οὐ
3335 1299 3542 1368 δυνήσῃ

1965 1391 2026 1443 τὸ
2057 1393 2344 1463 πρόσωπόν
2377 1409 2477 1462 μου
2532 1393 2660 1446 ίδεῖν
2680 1411 2692 1422 ’
2725 1394 2786 1446 οὐ
2812 1395 2922 1464 γὰρ
2951 1393 3028 1464 μὴ
3055 1392 3138 1463 ἴδῃ
3168 1390 3452 1460 ἄνθρωπος
3480 1388 3546 1440 τδ

1967 1482 2254 1551 πρόσωπόν
2288 1499 2411 1553 μου,
2459 1484 2553 1537 καὶ
2587 1485 2831 1554 ζήσεταιο
2875 1504 2894 1534 ι
2939 1483 3094 1536 τοῦτο
3121 1482 3207 1545 δὲ,
3237 1481 3334 1551 οὐχ
3355 1480 3430 1544 ὡς
3458 1480 3544 1532 ατε-

1965 1579 2079 1624 “:th
2105 1573 2197 1625 τοῦ
2232 1572 2461 1627 θανάτου
2495 1575 2603 1636 τοῖς
2631 1574 2800 1643 ὁρῶσι
2839 1573 3156 1643 γιγνόμενον
3202 1574 3230 1624 6
3266 1571 3420 1638 λόγος
3455 1571 3544 1621 tv.

1965 1664 2270 1727 δείκνυται,
2303 1647 2455 1735 (πῖἷις
2486 1665 2594 1736 γάρ
2625 1665 2686 1718 τὸ
2722 1665 2823 1734 τῆς
2855 1665 2999 1735 ζωῆς
3034 1664 3340 1736 πρόσωπον,
3373 1661 3545 1714 αἴτιον

1967 1755 2196 1810 Θανάτου
2218 1755 2334 1821 τοῖς
2351 1757 2688 1828 ὲμπελάσασι
2717 1757 2908 1825 γένοιτ’
2927 1757 2990 1810 ἀν
3022 1772 3149 1809 ποτε
3165 1756 3203 1822 ;)
3222 1753 3334 1808 ἀλλ’
3355 1752 3543 1822 ἐπειδὴ

295 1835 404 1889 vita
431 1835 482 1892 id
508 1837 652 1906 quod
676 1842 1027 1911 cognoscitur
1053 1863 1066 1898 :
1089 1845 1234 1916 quod
1261 1861 1388 1901 vero
1413 1849 1523 1902 vita
1554 1864 1660 1902 non
1683 1860 1786 1914 est,
1809 1849 1862 1904 id

1974 1847 2224 1912 ζωοποιὸν
2263 1848 2361 1919 μὲν
2389 1851 2456 1918 τῇ
2493 1849 2652 1918 φύσει
2689 1847 2751 1901 τὸ
2778 1847 2951 1911 Θεϊον,
2991 1845 3122 1900 ἴδιον
3166 1845 3224 1898 δὲ
3255 1844 3546 1914 γνώρισμα

294 1925 462 1980 vitam
510 1929 751 1996 praabere
806 1947 914 1987 non
951 1943 1148 2003 potest.
1187 1935 1279 1990 Sic
1328 1937 1496 2008 igitur
1531 1939 1866 1994 desiderium

294 2011 466 2087 Moysi
497 2016 844 2089 adimpletur,
881 2031 939 2078 ut
968 2025 1282 2082 insatiabile
1315 2037 1632 2096 permaneat
1659 2047 1674 2083 :
1706 2030 1870 2085 discit

295 2108 438 2161 enim
461 2124 526 2164 ex
555 2110 690 2176 iStis,
717 2113 865 2184 quod
895 2113 1038 2171 Dens
1060 2126 1258 2172 natura
1295 2119 1726 2178 interminabilis
1759 2132 1866 2192 est,

295 2199 446 2253 nullo
482 2203 718 2259 termino
762 2207 1215 2276 comprehensus.
1267 2208 1401 2265 Nam
1445 2213 1491 2267 si
1538 2213 1720 2283 aliquo
1758 2223 1870 2269 ter-

297 2292 448 2347 mino
471 2296 724 2352 concludi
756 2297 1114 2369 intelligatur,
1156 2317 1384 2358 necesse
1411 2312 1494 2359 est
1529 2307 1764 2360 termino
1792 2307 1869 2360 illi

294 2379 500 2451 aliquid
531 2392 932 2441 connectatur:
967 2389 1193 2443 omnino
1225 2392 1370 2444 enim
1419 2392 1563 2464 quod
1609 2396 1871 2449 termina-

293 2479 402 2533 tur,
435 2473 502 2528 ad
545 2475 694 2530 aliud
722 2476 944 2541 desinit,
993 2489 1053 2534 ut
1083 2483 1428 2536 terrestrium
1471 2485 1738 2539 terminus
1778 2501 1871 2541 aer

294 2567 402 2626 est,
441 2571 495 2618 et
538 2579 679 2635 aqua
725 2583 910 2623 rerum
961 2574 1356 2639 aquaticarum.
1402 2572 1869 2640 Quemadmodum

296 2655 462 2723 igitur
499 2658 681 2727 pisces
731 2675 894 2730 aqua,
943 2670 997 2717 et
1027 2677 1155 2718 aves
1186 2679 1312 2720 aere
1338 2665 1868 2734 circumcluduntur,

294 2755 502 2802 etcum
541 2750 654 2804 sint
686 2751 741 2806 in
773 2752 955 2808 medio
994 2753 1224 2810 istorum
1262 2757 1681 2825 elementorum,
1717 2774 1872 2830 aquae

299 2846 478 2894 tamen
524 2842 770 2911 quaedam
805 2843 1126 2915 superﬁcies
1165 2847 1230 2900 ad
1275 2849 1503 2917 piscem,
1542 2858 1596 2904 et
1628 2851 1770 2906 aeris
1803 2851 1871 2905 ad

295 2929 516 2986 vnlatile
556 2935 885 2989 terminatur
911 2954 924 2991 :
949 2937 1032 2992 sic
1065 2954 1293 2994 necesse
1331 2946 1439 3005 est,
1482 2941 1528 2996 si
1579 2939 1721 2997 Deus
1762 2951 1873 2998 ter-

295 3019 446 3073 mino
513 3023 897 3088 concluditur,
957 3013 1321 3099 heterogeuea
1379 3030 1615 3100 quadam
1675 3041 1871 3086 natura

295 3111 587 3166 contineri.
615 3115 708 3170 Est
754 3116 898 3170 enim
928 3115 1074 3188 quod
1114 3120 1358 3176 continet
1387 3129 1642 3177 contento
1670 3121 1868 3190 majus.

1967 1937 2066 2008 τῆς
2104 1936 2251 2001 θείας
2280 1936 2494 2007 φύσεώς
2537 1939 2653 1990 ἐστι
2685 1937 2746 1991 τὸ
2786 1937 2985 2000 παντὸς
3016 1934 3368 2007 ὑπερκεῖσθαι
3401 1950 3547 2001 γνωεο

1971 2027 2269 2098 ρίσματοςο
2317 2030 2346 2081 6
2385 2028 2495 2082 τῶν
2532 2029 2950 2100 γινωσκομένων
2997 2045 3050 2082 τι
3097 2027 3186 2080 τὸν
3235 2026 3366 2079 Θεὸν
3408 2021 3548 2076 εἶναι

1967 2115 2240 2186 οἰόμενος.
2276 2115 2352 2179 ὡς
2384 2117 2763 2188 παρατραπεὶς
2799 2117 2908 2171 ἀπὸ
2955 2115 3050 2169 τοῦ
3101 2115 3287 2179 ὄντος,
3326 2113 3459 2184 πρὸς
3485 2112 3548 2165 τὸ

1967 2209 2034 2278 τῇ
2068 2207 2439 2278 καταληπτικῇ
2475 2209 2747 2280 φαντασίᾳ
2781 2208 3035 2279 νομισθὲν
3058 2203 3196 2260 εἶναι
3223 2247 3237 2270 ,
3268 2205 3362 2258 καὶ
3399 2205 3549 2272 ζωὴν

1969 2300 2070 2352 οὐκ
2099 2298 2228 2369 ἔχει.
2253 2299 2327 2351 T6
2352 2300 2460 2369 γάρ
2490 2300 2657 2364 ὅντως
2685 2300 2764 2364 ὃν,
2790 2301 2826 2371 ή
2855 2300 3060 2371 ἀληθής
3078 2300 3194 2351 ἐστι
3214 2299 3324 2368 ζωή
3345 2312 3358 2327 ·
3389 2295 3550 2349 τοῦτο

1969 2389 2026 2442 δὲ
2052 2391 2132 2452 είς
2157 2389 2356 2457 γνῶσιν
2386 2391 2694 2458 ἀνέφικτον.
2735 2392 2800 2444 El.
2825 2385 2919 2444 οὖν
2948 2389 3268 2462 ὑπερϐαίνει
3301 2387 3395 2458 τὴν
3415 2386 3550 2455 γνῶ·

1971 2496 2054 2533 σιν
2079 2481 2110 2550 ἡ
2141 2479 2399 2544 ζωοποιὸς
2438 2481 2626 2550 φύσις,
2652 2483 2713 2534 τὸ
2749 2481 3300 2552 καταλαμϐανόμενον
3330 2480 3549 2542 πάντως

1971 2571 2084 2642 ζωὴ
2116 2571 2214 2623 οὑκ
2245 2571 2390 2624 ἐστιν
2415 2588 2429 2602 ο
2462 2572 2491 2624 ὃ
2518 2572 2575 2626 δὲ
2617 2574 2690 2643 μή
2717 2575 2831 2626 ἐστι
2860 2573 2973 2644 ζωὴ
2995 2614 3008 2635 ,
3037 2571 3368 2642 παρεκτικδν
3403 2570 3552 2638 γενέο

1973 2663 2095 2715 σθαι
2132 2663 2307 2733 ζωῆς,
2342 2662 2503 2731 φύσιν
2545 2665 2646 2718 οὐκ
2673 2664 2807 2734 ἔχει.
2849 2663 2987 2716 Οὔτε
3021 2660 3114 2717 οὖν
3141 2662 3440 2734 πληροῦται
3467 2661 3550 2730 τῷ

1971 2755 2195 2808 Μωῦσεῖ
2229 2755 2291 2808 τὸ
2322 2755 2652 2825 ποθούμενον
2671 2795 2687 2820 ,
2723 2755 2791 2808 δι’
2821 2751 2896 2809 ὧν
2941 2755 3263 2826 ἀπλήρωτος
3293 2757 3326 2825 ἡ
3367 2751 3556 2806 ἐπιθυ-

1975 2847 2073 2916 μία
2118 2847 2287 2916 μένει.
2320 2847 2640 2901 Παιδεύεται
2675 2847 2784 2919 γάρ
2825 2847 2913 2900 διά
2941 2848 3050 2900 τῶν
3097 2848 3403 2918 εἰρημένων
3424 2887 3438 2910 ,
3466 2846 3554 2897 ὅτι

1970 2939 2032 2990 τὸ
2066 2938 2216 2990 Θεῖον
2238 2978 2251 3001 ,
2292 2938 2432 2991 κατά
2483 2939 2581 3008 τὴν
2620 2939 2813 2992 ἑαυτοῦ
2861 2938 3041 3008 φύσιν,
3077 2940 3346 3010 ἀόριστον,
3373 2936 3553 2990 οὐδενὶ

1973 3028 2416 3099 περιειργόμενον
2447 3029 2664 3102 πέρατι.
2697 3030 2758 3082 Ei
2796 3031 2902 3102 γὰρ
2952 3030 3008 3082 έν
3035 3048 3139 3083 τινι
3187 3030 3382 3101 πέρατι
3423 3045 3552 3097 νοη-

1974 3119 2091 3188 θείη
2134 3119 2193 3172 τὸ
2234 3121 2406 3182 Θεῖον,
2448 3122 2662 3190 ἀνάγκη
2693 3123 2840 3174 πᾶσα
2871 3121 2965 3174 καὶ
3000 3122 3060 3174 τὸ
3093 3123 3208 3192 μετ’
3232 3123 3404 3176 ἐκεῖνο
3438 3135 3557 3173 συν-

296 3198 637 3274 θωρηθῆναι
665 3205 741 3276 τῷ
774 3207 972 3279 πέρατι
997 3226 1010 3240 ο
1045 3209 1263 3275 πάντως
1311 3211 1418 3283 γὰρ
1446 3212 1527 3275 είς
1557 3229 1610 3265 τι
1659 3213 1956 3284 καταλήγει
1990 3212 2049 3264 τὸ
2085 3211 2484 3282 περατούμενον
2507 3227 2521 3242 '
2562 3212 2754 3283 ὥσπερ
2789 3213 3055 3285 χερσαίων
3117 3214 3288 3285 πέρας
3349 3216 3376 3266 6
3438 3215 3554 3285 ἀήρ

297 3297 432 3360 ἐστι,
457 3297 678 3352 καὶτῶν
705 3300 940 3372 ἐνύδρων
968 3305 1028 3358 τὸ
1049 3302 1215 3376 ὕδωρ.
1238 3304 1448 3377 ’Ὠσπερ
1473 3303 1567 3362 οὖν
1597 3308 1731 3360 πᾶσι
1762 3312 1873 3370 τοῖς
1919 3307 2084 3377 ὁρίοις
2118 3306 2313 3360 ἑαυτοῦ
2335 3309 2364 3359 ὁ
2403 3307 2502 3376 μὲν
2533 3308 2684 3378 ἰχθὺς
2715 3309 3100 3380 ἐμπεριέχεται
3158 3311 3236 3380 τῷ
3269 3310 3441 3371 ὕδατι,
3489 3311 3557 3362 τὺ

295 3383 353 3438 δὲ
381 3389 580 3458 πτηνὸν
609 3389 686 3459 τῷ
715 3392 836 3462 ἀέρι
863 3435 877 3460 ,
914 3395 1009 3448 καὶ
1045 3395 1207 3466 μέσον
1257 3396 1350 3451 τοῦ
1379 3392 1569 3461 ὕδατος
1601 3397 1737 3468 πρὸς
1773 3399 1834 3452 τὸ
1878 3399 2096 3468 νηκτὸν,
2128 3398 2318 3468 ἢπρὸς
2347 3399 2408 3451 τὸ
2467 3399 2667 3470 πτηνὸν
2690 3400 2784 3452 τοῦ
2811 3401 2972 3471 ἀέρος
2991 3441 3008 3465 ,
3059 3404 3092 3472 ἡ
3127 3403 3273 3474 ἄκρα
3323 3403 3419 3456 τοῦ
3451 3404 3555 3454 πέο

299 3478 460 3548 ρατός
484 3481 630 3534 ἐστιν
654 3483 964 3552 ἐπιφάνεια,
992 3487 1026 3556 ἡ
1060 3485 1120 3538 τὸ
1147 3486 1370 3557 πτηνὸν,
1406 3490 1439 3559 ἡ
1469 3489 1560 3542 τὸν
1619 3490 1770 3560 ἰχθὺν
1821 3491 2148 3562 περιέχουσα
2175 3529 2190 3553 ,
2237 3491 2304 3559 ἦν
2354 3489 2414 3543 τὸ
2469 3491 2613 3562 ’ὑδωρ
2659 3491 2692 3561 ἢ
2749 3496 2777 3546 6
2827 3492 2934 3563 ἀὴρ
2975 3493 3308 3563 διαδέχεται·
3377 3494 3554 3557 οὕτως

297 3575 545 3648 ἀνάγκη,
571 3578 730 3650 εῐπερ
761 3580 818 3632 ὲν
844 3580 1040 3651 πέρατι
1069 3585 1238 3635 νοοῖτο
1277 3589 1337 3636 το
1361 3585 1534 3652 Θεϊον,
1561 3585 1639 3656 τῷ
1676 3587 1975 3656 ὲτερογενεῐ
2009 3587 2150 3638 κατά
2188 3587 2289 3657 τὴν
2325 3587 2485 3655 φύσιν
2520 3588 2977 3658 ἐμπεριέχεσθαιο
3001 3591 3062 3642 τὸ
3115 3589 3174 3642 δὲ
3226 3591 3554 3661 ἐμπεριέχον

298 3670 394 3725 τοῦ
425 3672 894 3746 ὲναπειλημμένου
930 3677 1325 3733 πολλαπλάσιον
1353 3676 1490 3734 εἶναι
1508 3722 1524 3749 ,
1554 3685 1618 3752 τῇ
1656 3682 1944 3754 ἀκολουθίᾳ
1966 3682 2058 3736 τοῦ
2089 3683 2246 3750 λόγου
2287 3684 2661 3755 μαρτυρεῖται.

374 3765 444 3819 At
484 3780 614 3822 vero
657 3765 800 3822 Deus
842 3777 1040 3825 natura
1086 3771 1287 3826 bonum
1321 3789 1444 3830 esse
1492 3779 1815 3833 conceditur
1853 3798 1866 3833 :

301 3855 447 3926 quod
474 3864 656 3910 autem
688 3855 755 3910 ad
794 3857 997 3912 bonum
1036 3873 1413 3930 comparatum
1447 3863 1870 3936 heterogencum

303 3957 410 4011 est,
439 3961 550 4002 non
576 3948 802 4013 bonum,
835 3949 932 4006 sed
967 3953 1171 4006 malum
1203 3969 1326 4010 esse
1369 3959 1870 4027 comprehenditur,

303 4046 360 4094 et
387 4050 490 4106 est,
527 4047 588 4094 ut
625 4039 884 4106 diximus,
917 4044 1064 4112 quod
1103 4047 1352 4102 continet
1378 4057 1637 4105 contento
1671 4053 1868 4122 majus.

306 4131 487 4198 Quare
514 4134 562 4188 si
593 4133 829 4190 termino
858 4132 1004 4192 Deus
1031 4138 1370 4204 continetur,
1400 4156 1742 4214 consequens
1771 4147 1876 4200 erit

309 4223 561 4294 superari
587 4225 844 4295 vincique
863 4239 893 4280 a
917 4227 1082 4292 malo,
1111 4243 1234 4284 cum
1260 4233 1654 4288 continentium
1684 4234 1766 4289 vis
1809 4252 1874 4290 ea

306 4330 431 4386 quae
461 4315 841 4384 continentur,
871 4327 1184 4389 exsuperet.
1221 4319 1278 4376 Id
1306 4332 1488 4378 autem
1521 4325 1659 4379 adeo
1684 4326 1878 4381 absur-

306 4408 435 4462 dum
465 4417 570 4474 est,
601 4416 662 4464 ut
685 4409 872 4466 nullus
894 4426 1136 4483 unquam
1166 4414 1366 4471 mentis
1387 4430 1614 4486 compos
1641 4419 1720 4472 sic
1751 4434 1877 4474 esse

309 4500 570 4569 epinatus
595 4500 684 4554 sit.
717 4501 816 4556 Est
837 4516 970 4574 ergo
999 4502 1426 4563 interminabilis
1445 4507 1629 4562 divina
1653 4517 1868 4574 natura,

307 4597 364 4646 et
397 4591 802 4647 interminabile
846 4593 1236 4664 comprehendi
1293 4611 1402 4651 non
1453 4605 1656 4668 potest.
1695 4601 1878 4666 Quare

307 4683 403 4751 qui
454 4682 696 4737 divinam
746 4685 1214 4753 pulchritudinem
1249 4688 1440 4745 videre
1475 4691 1780 4758 desiderat,
1821 4701 1878 4748 et

309 4775 377 4830 ad
409 4774 464 4829 id
497 4775 692 4840 tendit,
724 4775 782 4831 in
811 4776 917 4833 hoc
945 4793 1113 4836 cursu
1143 4795 1358 4851 semper
1395 4785 1682 4841 consistat.
1718 4785 1786 4838 Et
1824 4785 1878 4840 id

309 4875 396 4924 est
422 4881 552 4922 vere
579 4866 749 4922 Deum
783 4868 970 4926 videre
989 4912 1008 4937 ,
1038 4880 1100 4926 ut
1129 4887 1408 4944 nunquam
1455 4875 1509 4930 id
1544 4876 1878 4931 desiderium

308 4957 655 5014 terminetur.
687 4958 870 5024 Quare
912 4977 1138 5018 necesse
1169 4974 1274 5027 est,
1310 4971 1372 5019 ut
1403 4980 1528 5021 cum
1573 4967 1877 5032 videamus,

309 5050 454 5105 sicut
481 5047 638 5110 nobis
670 5051 933 5122 possibile
965 5061 1050 5110 est
1071 5095 1086 5121 ,
1118 5057 1327 5127 majore
1353 5057 1575 5113 videndi
1603 5059 1878 5116 desiderio

2057 3777 2217 3828 Ἀλλά
2270 3777 2374 3846 μὴν
2419 3775 2580 3828 καλὸν
2619 3771 2758 3829 εἶναι
2805 3776 2865 3829 τὸ
2903 3776 3056 3829 Θεῖον
3097 3773 3441 3844 ὡμολόγηται
3485 3779 3553 3847 τῇ

1975 3868 2162 3936 φύσει·
2192 3868 2250 3920 τὸ
2285 3869 2340 3920 δὲ
2365 3868 2500 3939 πρὸς
2533 3866 2594 3919 τὸ
2621 3867 2783 3920 καλὸν
2816 3867 3122 3938 ἐτεροφυῶς
3155 3867 3305 3936 ἕχον,
3346 3866 3473 3919 ἄλλο
3500 3885 3556 3920 τι

1975 3958 2128 4029 παρά
2160 3957 2218 4009 τὸ
2246 3957 2408 4010 καλὸν
2441 3956 2658 4019 πάντως
2690 3957 2806 4008 ὲστί
2825 3973 2838 3987 ο
2868 3956 2928 4009 τὸ
2949 3956 3005 4008 δὲ
3034 3955 3140 4021 ἔξω
3166 3955 3259 4008 τοῦ
3284 3955 3472 4019 καλοῦ,
3496 3957 3555 4008 ἐν

1974 4050 2041 4119 τῇ
2090 4047 2184 4101 τοῦ
2234 4047 2403 4101 κακοῦ
2447 4047 2605 4115 φύσει
2654 4046 3148 4117 καταλαμϐάνεται.
3193 4046 3438 4116 Ἐδείχθη
3495 4047 3556 4100 δὲ

1977 4139 2369 4192 πολλαπλάσιον
2410 4133 2548 4191 εἶναι
2601 4136 2695 4190 τοῦ
2747 4136 3134 4208 περιεχομένου
3173 4138 3233 4188 τὸ
3274 4137 3551 4207 περιέχον.

1988 4231 2224 4302 Ἀνάγκη
2257 4226 2350 4284 οὖν
2384 4231 2532 4284 πᾶσα
2560 4269 2574 4293 ,
2605 4231 2731 4294 τοὺς
2763 4231 2821 4282 ὲν
2861 4230 3055 4300 πέρατι
3089 4229 3148 4282 τὸ
3183 4229 3335 4282 Θεῖον
3383 4229 3561 4300 οἰομέ-

1975 4341 2100 4386 νους
2134 4319 2274 4378 εἶναι
2299 4363 2314 4388 ,
2343 4326 2438 4376 καὶ
2471 4321 2927 4392 ὲμπεριειλῆφθαι
2958 4320 3115 4374 τοῦτο
3144 4323 3208 4392 τῇ
3239 4321 3407 4392 κακίᾳ
3435 4339 3562 4374 συνι-

1976 4417 2242 4470 τίθεσθαι.
2278 4415 2700 4486 Ἐλαττουμένου
2727 4414 2782 4468 δὲ
2811 4414 3011 4476 παντδς
3039 4414 3130 4467 τοῦ
3167 4415 3558 4484 περιεχομένου

1975 4510 2076 4578 τῆς
2097 4506 2191 4560 τοῦ
2233 4507 2576 4579 περιέχοντος
2616 4507 2829 4574 φύσεως
2857 4547 2872 4570 ,
2911 4505 3198 4558 ἀκόλουθον
3226 4507 3290 4558 ἂν
3323 4505 3410 4575 εἴη
3460 4505 3560 4576 τὴν

1977 4599 2334 4668 ἐπικράτησιν
2375 4597 2468 4650 τοῦ
2511 4596 2893 4660 πλεονάζοντος
2930 4597 3195 4666 γίνεσθαι,
3227 4596 3437 4650 Οὒκοῦν
3476 4598 3562 4650 δυο

1978 4689 2332 4743 ναστεύεσθαι
2353 4690 2416 4742 τὸ
2441 4689 2602 4742 καλὸν
2622 4690 2727 4742 ὑπὸ
2748 4689 2841 4742 τοῦ
2871 4689 3114 4742 ἐναντίου
3137 4687 3558 4754 κατασκευάζει,

1977 4784 2006 4835 6
2045 4782 2240 4852 πέρατί
2273 4798 2378 4835 τινι
2404 4781 2733 4852 περιείργων
2768 4781 2828 4834 τὸ
2843 4781 3022 4834 Θεῖον.
3066 4781 3224 4834 Ἀλλά
3267 4781 3372 4852 μὴν
3400 4781 3564 4835 τοῦτο

1979 4875 2198 4928 ἄτοπον.
2228 4874 2340 4926 Οὐκ
2369 4873 2476 4945 ἄρα
2505 4873 2800 4944 περίληψίς
2836 4890 2920 4936 τις
2947 4875 3047 4943 τῆς
3075 4873 3308 4943 ἀοράτου
3344 4872 3563 4941 φύσεως

1979 4966 2400 5036 νομισθήσεται·
2429 4965 2491 5016 τὸ
2522 4964 2578 5017 δὲ
2607 4963 2997 5035 ἀπερίληπτον,
3017 4963 3431 5034 καταληφθῆναι
3461 4963 3565 5032 φύ-

1982 5073 2066 5110 σιν
2095 5058 2196 5110 οὐκ
2225 5056 2356 5125 ἔχει.
2405 5055 2564 5107 Ἀλλά
2599 5055 2748 5107 πᾶσα
2778 5054 2914 5125 πρὸς
2942 5055 3004 5107 τὸ
3043 5054 3206 5107 καλὸν
3235 5055 3267 5125 ή
3297 5054 3566 5125 ἐπιθυμία

244 5175 254 5183 -
307 5140 756 5207 exardescamus,
815 5152 872 5198 et
934 5145 1018 5199 sic
1077 5147 1263 5205 nullus
1318 5164 1559 5220 unquam
1611 5152 1871 5209 terminus

1983 5151 2017 5220 ἡ
2053 5149 2188 5220 πρὸς
2219 5124 2318 5219 τὴν
2339 5147 2520 5202 άνοδον
2540 5147 2755 5217 ὲκείνην
2786 5124 3141 5218 ἐφελκομένη,
3167 5124 3262 5198 ἀεὶ
3278 5145 3356 5216 τῷ
3376 5124 3566 5217 δρόμῳ

310 5231 592 5288 abscindet
620 5234 778 5290 nobis
811 5235 912 5290 iter
947 5235 1135 5306 hujus,
1170 5255 1296 5294 cum
1329 5256 1508 5312 neque
1544 5243 1719 5313 ipsius
1751 5243 1880 5298 boni

312 5323 587 5379 terminus
626 5325 830 5394 aliquis
865 5329 975 5390 sit,
1012 5343 1114 5384 nec
1148 5330 1372 5387 satietas
1415 5334 1672 5389 desiderii
1718 5334 1882 5403 hujus

311 5413 490 5480 possit
530 5413 666 5469 ﬁeri.
702 5415 811 5471 Sed
857 5419 1108 5487 quisnam
1141 5429 1226 5477 est
1273 5423 1366 5479 ille
1391 5425 1565 5488 locus.
1603 5427 1697 5496 qui
1737 5428 1882 5496 apud

313 5497 484 5558 Deum
516 5519 638 5562 esse
667 5507 1026 5578 intelligitur?
1047 5511 1185 5578 Quis
1213 5513 1304 5570 ille
1331 5515 1506 5586 lapis?
1533 5533 1653 5588 quae
1681 5527 1763 5572 est
1789 5519 1881 5573 illa

313 5592 592 5666 capacitu
615 5593 670 5651 in
693 5597 916 5668 lapide?
936 5618 1056 5671 qua:
1077 5612 1160 5660 est
1189 5605 1281 5660 illa
1305 5621 1500 5664 manus
1531 5607 1647 5675 Dei,
1672 5626 1791 5680 qua:
1819 5628 1882 5668 os

385 5762 431 5801 "
461 5764 631 5828 Exod.
668 5784 860 5839 usus,
894 5774 983 5830 ἳνα

1982 5241 2060 5311 τῷ
2092 5241 2228 5311 πρὸς
2260 5240 2320 5293 τὸ
2354 5239 2519 5292 καλὸν
2551 5239 2749 5310 ἱεμένῳ
2780 5239 3227 5292 συνεπιτείνεται.
3255 5239 3367 5292 Καὶ
3404 5236 3570 5291 τοῦτό

1983 5333 2130 5385 ἐστιν
2149 5331 2313 5396 ὅντως
2335 5332 2393 5384 τὸ
2415 5331 2540 5384 ἰδεῖν
2562 5331 2653 5383 τὸν
2685 5330 2839 5395 Θεδν,
2870 5329 2931 5382 τὸ
2957 5330 3222 5402 μηδέποτε
3243 5332 3341 5400 τῆς
3373 5329 3566 5383 ὲπιθυ-

1989 5424 2117 5495 μίας
2149 5424 2307 5494 κόρον
2345 5425 2543 5495 εὑρεῖν.
2596 5422 2755 5476 Ἀλλά
2781 5423 2888 5494 χρὴ
2932 5423 3163 5476 πάντοτε
3203 5420 3465 5492 βλέποντα
3496 5420 3566 5475 δι’

1986 5513 2062 5571 ὧν
2088 5519 2204 5571 ἐστι
2241 5517 2463 5572 δυνατὸν
2493 5517 2645 5588 ὁρᾷν,
2685 5515 2819 5586 πρὸς
2842 5517 2939 5586 τὴν
2972 5515 3066 5568 τοῦ
3104 5515 3262 5568 πλέον
3290 5514 3416 5566 ἰδεῖν
3440 5516 3566 5568 ἑπι-

1989 5609 2188 5679 θυμίαν
2219 5605 2534 5661 ἐκκαίεσθαι
2557 5622 2568 5635 ’
2605 5605 2700 5659 καὶ
2723 5603 2895 5667 οὕτως
2915 5605 3087 5668 οὐδεὶς
3119 5605 3241 5675 ὄρος
3264 5602 3329 5658 ἂν
3375 5601 3568 5658 ἐπικό-
