3876 6218
123 364 126 366 Ὺ
201 411 309 466 ‘D‘i

1558 409 1645 464 DE
1685 409 1845 466 V'ITA
1878 411 2018 467 MOY
2031 409 2152 466 SIS.

3386 408 3491 462 40’»

202 544 330 580 πτοι
361 528 460 597 τῆς
489 526 628 598 πρὸς
665 527 757 581 τὸν
801 525 936 580 Θεὸν
974 526 1163 582 ἀνόδου
1193 529 1290 598 τὴν
1322 527 1582 601 αῦξησιν,
1611 529 1698 582 διὰ
1741 531 1796 584 16

1904 530 2101 599 lapidei
2139 527 2430 582 foraminis
2467 525 2708 581 retinet?
2738 525 3007 582 transitus
3043 540 3174 581 vero
3223 525 3314 579 Dei
3358 526 3488 594 quis

205 619 348 687 μήτε
397 616 490 668 τοῦ
532 617 701 670 καλοῦ
751 633 803 669 τι
850 617 1023 686 πέρας
1063 617 1457 686 εὑρίσκεσθαι,
1504 621 1640 689 μήτε
1693 621 1801 671 τινὶ

203 708 356 778 κόρῳ
387 707 486 776 τὴν
521 707 747 779 πρόοδον
779 709 879 777 τῆς
908 707 1045 776 πρὸς
1086 708 1147 759 τὸ
1196 707 1359 760 καλὸν
1388 707 1682 778 ἐπιθυμίας
1711 711 1801 760 ὲκ-

202 798 526 853 κόπτεσθαι.
557 798 718 852 Ἀλλά
752 799 838 861 τίς
859 802 886 852 6
905 800 1067 861 τόπος
1091 801 1318 864 ἐκεῖνος,
1345 802 1374 853 6
1399 801 1546 871 παρὰ
1573 799 1650 870 τῷ
1683 799 1801 870 Θεῴ

202 892 501 959 νοούμενος
523 906 537 953 ;
561 890 646 953 τίς
668 890 725 943 δὲ
746 892 780 961 ἡ
818 891 993 961 πέτρα
1018 909 1032 957 ;
1061 892 1154 943 καὶ
1177 890 1228 942 τί
1256 891 1418 944 πάλιν
1441 894 1498 945 ἐν
1526 895 1590 962 τῇ
1626 891 1802 963 πέτρᾳ

200 982 265 1032 τὸ
303 979 541 1050 χώρημα
567 997 581 1044 ;
612 980 696 1042 τίς
724 979 780 1031 δὲ
814 981 848 1050 ὴ
896 979 1018 1050 χεὶρ
1059 978 1154 1031 τοῦ
1185 977 1352 1044 Θεοῦ,
1402 983 1436 1050 ἡ
1473 981 1532 1032 16
1583 981 1802 1050 στόμιον

205 1069 302 1123 τοῦ
344 1069 528 1122 κοίλου
555 1071 655 1140 τῆς
682 1069 888 1136 πέτρας
909 1069 1352 1139 διαλαμϐάνουσα
1371 1087 1386 1134 ;
1407 1073 1440 1141 ἡ
1475 1070 1529 1123 δὲ
1553 1069 1646 1122 τοῦ
1666 1068 1800 1123 Θεοῦ

205 1161 444 1232 πάροδος
478 1160 594 1226 τίς;
620 1162 673 1214 τί
707 1161 763 1214 δὲ
793 1160 958 1214 αὐτοῦ
989 1159 1050 1213 16
1080 1161 1344 1226 ὀπίσθιον,
1378 1163 1512 1234 ὅπερ
1546 1164 1797 1228 αἰτήσανσ

204 1273 260 1308 τι
297 1255 377 1326 τῷ
421 1257 646 1309 Μωῦσεῖ
677 1253 774 1325 τὴν
807 1251 950 1307 κατὰ
1008 1255 1300 1324 πρόσωπον
1330 1252 1454 1323 ὄψιν
1479 1295 1494 1320 ,
1541 1254 1734 1306 δώσειν
1773 1256 1800 1306 6

201 1349 338 1412 Θεὸς
366 1347 766 1419 ἐπηγγείλατος
799 1346 904 1416 χρὴ
937 1343 1046 1416 γὰρ
1084 1345 1302 1408 πάντως
1341 1345 1484 1416 μέγα
1515 1363 1566 1398 τι
1597 1345 1801 1401 τούτων

202 1449 439 1501 ἕκαστον
488 1444 666 1512 εἶναι,
704 1447 800 1500 καὶ
844 1447 944 1517 τῆς
975 1442 1072 1498 τοῦ
1111 1442 1346 1503 διδόντος
1390 1439 1800 1510 μεγαλοδωρεᾶς

202 1539 432 1604 ἐπάξιον
451 1557 463 1568 ·
506 1537 647 1592 ὥστε
678 1539 857 1608 πάσης
898 1537 998 1606 τῆς
1025 1532 1322 1603 γενομένης
1350 1531 1450 1601 ήδη
1475 1529 1552 1601 τῷ
1581 1529 1800 1600 μεγάλῳ

203 1630 503 1700 θεράποντι
541 1627 861 1696 θεοφανείας
885 1665 900 1689 ,
945 1624 1047 1694 τὴν
1096 1619 1430 1690 ἐπαγγελίαν
1462 1617 1670 1688 ταύτην
1706 1634 1801 1688 με-

201 1718 725 1788 γαλοπρεπεστέραν
779 1733 838 1768 τε
891 1714 986 1767 καὶ
1029 1711 1365 1782 ὑψηλοτέραν
1425 1706 1796 1776 πιστεύεσθαι.

204 1811 333 1873 Πῶς
362 1805 458 1862 οὗν
496 1808 561 1862 ἄν
592 1825 678 1871 τις
706 1808 767 1862 16
800 1806 934 1877 ὕψος
962 1806 1022 1859 16
1048 1808 1113 1858 ἐκ
1147 1805 1255 1857 τῶν
1289 1801 1596 1874 εἰρημένων
1627 1817 1798 1854 κατα-

201 1903 450 1973 νοήσειεν
471 1941 488 1968 ,
521 1901 606 1971 ἐφ’
721 1898 859 1970 μετὰ
897 1898 996 1960 τὰς
1035 1895 1304 1958 τοσαύτας
1351 1893 1646 1956 ἀναϐάσεις
1675 1892 1705 1944 ὃ
1736 1909 1795 1944 τε
1828 1880 1870 1934 Β

201 1997 447 2066 Μωῡσῆς
479 1995 748 2065 ἀναϐῆναι
776 1993 951 2060 ποθεῖ,
968 1995 1064 2046 καὶ
1086 1994 1114 2044 6
1142 1993 1252 2054 τοῖς
1275 1988 1532 2058 ἀγαπῶσι
1553 1986 1646 2041 τὸν
1665 1985 1797 2039 Θεὸν

204 2087 388 2139 πάντα
416 2084 696 2156 συνεργῶν
730 2085 810 2146 εἰς
831 2084 891 2136 16
927 2081 1128 2151 ἀγαθὸν
1155 2123 1170 2148 ,
1195 2080 1542 2152 ἐξευμαρίζει
1569 2077 1656 2132 διὰ
1696 2077 1797 2146 τῆς

197 2177 427 2248 ὁδηγίας
460 2176 558 2247 τὴν
584 2175 789 2230 ἄνοδον·
810 2197 828 2226 ι
851 2175 983 2228 Ἰδοὺ
999 2174 1214 2240 τόπος,›
1237 2172 1389 2243 φησὶ,
1416 2173 1576 2244 (παρ’
1596 2170 1740 2241 ἐμοί.
1772 2190 1790 2219 ι

198 2267 501 2338 Συμϐαίνει
552 2269 693 2337 τάχα
747 2269 861 2329 τοῖς
904 2264 1442 2337 προτεθεωρημένοις
1489 2264 1550 2317 τὸ
1593 2263 1792 2334 νόημα.

198 2361 383 2413 Τόπον
410 2360 518 2430 γὰρ
541 2359 716 2412 εἰπὼν
756 2359 818 2411 ού
851 2358 1154 2429 περιείργει
1187 2357 1265 2428 τῷ
1303 2355 1454 2426 ποσῷ
1493 2354 1556 2407 16
1584 2353 1794 2407 δεικνύ-

201 2469 371 2522 μενον
401 2452 514 2520 (ἐπὶ
540 2451 649 2522 γάρ
677 2450 770 2504 τοῦ
803 2449 1008 2503 ἀπόσου
1055 2450 1250 2520 μέτρον
1291 2448 1390 2500 οὐκ
1441 2447 1630 2515 ἔστιν),
1659 2445 1796 2500 ἀλλά

197 2547 270 2612 τῇ
308 2543 620 2614 παραλήψει
660 2542 762 2611 τῆς
795 2540 938 2595 κατά
961 2541 1020 2593 16
1061 2541 1256 2610 μέτρον
1284 2539 1634 2611 περιγραφῆς
1658 2578 1670 2601 ,
1704 2539 1795 2591 ἐπὶ

197 2637 260 2689 16
298 2635 520 2705 ἄπειρόν
545 2652 604 2688 τε
634 2636 728 2688 καὶ
757 2635 1007 2705 ἀόριστον
1037 2636 1368 2704 χειραγωγεί
1389 2633 1478 2685 τὸν
1503 2631 1792 2686 ἀκούοντα.

197 2729 365 2778 Δοκεῖ
397 2726 572 2778 τοίνυν
609 2725 846 2777 τοιοῦτόν
889 2741 1010 2776 τινα
1048 2723 1173 2777 νοῦν
1213 2723 1602 2793 ὑποσημαίνειν
1641 2723 1671 2775 6
1707 2722 1796 2776 λό-

198 2833 319 2882 γος·
364 2817 577 2887 Ἐπειδὴ
614 2833 696 2869 σοι
725 2815 862 2888 πρὸς
892 2816 952 2868 16
981 2813 1288 2885 ἔμπροσθεν
1315 2815 1347 2884 ἡ
1373 2813 1638 2883 ἐπιθυμία
1669 2831 1791 2868 συν-

198 2907 482 2967 τέτακται,
523 2906 616 2958 καί
649 2923 728 2958 σοι
752 2906 845 2958 τοῦ
875 2904 1074 2975 δρόμου
1101 2904 1257 2974 κόρος
1288 2904 1463 2965 οὐδεὶς
1482 2943 1496 2965 ,
1528 2902 1647 2955 οὐδέ
1671 2920 1791 2956 τινα

1904 623 2037 677 est?
2080 630 2174 675 aut
2226 621 2501 690 posterius
2543 620 2683 689 ejus,
2720 620 2864 689 quod
2911 618 3084 688 Moysi
3131 618 3327 673 faciem
3362 621 3484 688 ejus

1905 714 2012 768 sibi
2055 723 2113 767 ut
2158 713 2345 766 videre
2383 712 2571 766 liceret
2609 711 2946 782 postulanti,
2984 711 3383 781 permissurum
3426 727 3485 766 se

1904 802 2046 858 Deus
2075 811 2159 858 est
2191 804 2505 874 pollicitus?
2530 810 2749 873 oportet
2771 804 2918 858 enim
2949 805 3196 874 profecto
3223 819 3484 874 magnum

1903 895 2032 964 quid
2071 897 2497 965 unumquodque
2540 895 2769 950 istorum
2806 910 2951 959 esse,
2991 903 3046 950 et
3097 895 3208 950 Deo
3243 895 3486 951 donante

1903 1002 2011 1041 non
2054 987 2366 1056 indignum,
2400 986 2473 1040 ita
2521 995 2581 1040 ut
2623 987 2866 1041 omnium
2913 987 3160 1050 visione,
3203 1002 3368 1058 quam
3415 987 3483 1040 ad

1904 1077 2049 1131 hunc
2077 1092 2247 1146 usque
2270 1075 2642 1148 diemMoyses
2671 1075 2904 1140 viderat,
2931 1077 3106 1147 major
3129 1077 3246 1132 haec
3277 1085 3332 1132 et
3351 1077 3482 1132 sub-

1902 1167 2084 1221 limior
2129 1167 2280 1222 eredi
2321 1167 2510 1238 possit.
2573 1166 2860 1233 Quomodo
2901 1167 3068 1237 igitur
3110 1169 3327 1223 illorum
3359 1184 3483 1222 ver-

1902 1257 2097 1310 borum
2127 1255 2553 1327 profunditatem
2589 1257 2998 1329 intelligemus?
3027 1259 3233 1313 auxilio
3268 1259 3480 1314 scilicet

1903 1348 2072 1411 illius,
2101 1349 2196 1418 qui
2241 1357 2296 1404 et
2329 1349 2537 1419 Moysi,
2577 1358 2632 1402 et
2665 1350 2924 1404 omnibus
2964 1351 3057 1420 qui
3089 1365 3214 1404 eum
3258 1359 3477 1414 amant,

1903 1441 2117 1510 plenam
2175 1441 2241 1496 ad
2285 1457 2448 1497 omne
2504 1442 2704 1496 bonum
2760 1443 2905 1496 viam
2961 1443 3101 1497 solet
3155 1452 3476 1513 praastare:

1906 1549 1924 1580 ι
1963 1529 2122 1596 Ecce,
2177 1549 2194 1581 ι
2237 1531 2436 1600 inquit,
2485 1549 2502 1582 ι
2539 1532 2693 1584 locus
2735 1529 2879 1600 apud
2916 1546 3001 1584 me
3027 1531 3095 1582 τί.
3135 1551 3153 1582 ›
3189 1530 3345 1595 Quod
3397 1531 3478 1586 sic

1901 1618 2316 1689 intelligendum
2358 1629 2462 1681 est,
2500 1619 2647 1689 quod
2683 1619 2752 1672 ab
2778 1619 2869 1684 iis,
2903 1634 3027 1688 quae
3059 1634 3184 1672 mox
3216 1619 3474 1684 diximus,

1901 1727 2011 1766 non
2039 1712 2111 1766 sit
2140 1713 2399 1766 alienum.
2428 1710 2632 1766 Locum
2667 1711 2834 1781 igitur
2865 1710 3018 1776 dicit,
3044 1727 3154 1764 non
3186 1712 3476 1777 superficie

1900 1803 2319 1867 circumfusum,
2355 1820 2455 1859 nec
2490 1805 2797 1873 quantitate
2828 1802 2935 1857 ulla
2961 1802 3296 1872 descriptum
3331 1803 3348 1873 (
3378 1819 3476 1858 nec

1897 1899 2042 1952 enim
2083 1905 2168 1953 est
2209 1899 2264 1952 in
2313 1900 2586 1954 immenso
2633 1897 3059 1969 mensura;(sed
3097 1896 3164 1949 ad
3200 1897 3473 1950 infinitum

1898 1998 2064 2060 atque
2092 1989 2497 2045 interminabile
2525 1989 2631 2043 loci
2659 1989 2902 2050 nomine,
2925 1987 3021 2058 qui
3047 1988 3478 2056 circumscripta

1899 2097 2155 2136 mensura
2183 2081 2533 2144 terminatur,
2566 2080 2872 2135 auditorem
2895 2077 3144 2148 deduxit;
3169 2080 3315 2133 hunc
3343 2094 3481 2149 ergo

1898 2189 2124 2231 sensum
2160 2173 2556 2230 subostendere
2589 2173 2722 2226 mihi
2756 2173 2995 2228 videtur:
3031 2170 3302 2236 Quoniam
3349 2171 3482 2237 tibi,

1899 2264 2137 2336 Moyses,
2165 2265 2233 2319 ad
2266 2265 2543 2320 anteriora
2575 2263 2834 2334 pergendi
2863 2279 3076 2333 semper
3105 2263 3300 2334 ingens
3329 2261 3490 2316 desis

1895 2359 2109 2414 derium
2138 2369 2241 2420 est,
2279 2374 2380 2413 nec
2417 2359 2529 2411 ullo
2559 2357 2723 2426 hujus
2753 2371 2950 2411 cursus
2986 2356 3171 2409 labore
3203 2355 3474 2424 defatiga-

1895 2453 1993 2517 ris,
2019 2468 2121 2507 nec
2141 2453 2434 2507 terminum
2462 2452 2626 2520 hujus
2652 2449 2980 2519 assequendi
3005 2447 3133 2503 boni
3160 2448 3471 2509 constituis.

1900 2545 1999 2600 sed
2045 2559 2260 2614 semper
2315 2544 2496 2598 inhias
2533 2543 2601 2596 ad
2648 2543 2896 2612 majora,
2933 2540 3080 2594 scias
3110 2546 3320 2593 tantum
3352 2553 3475 2592 esse

1899 2634 2044 2704 apud
2077 2649 2164 2689 me
2209 2635 2493 2697 locum,ut
2512 2647 2793 2702 nunquam
2824 2631 3119 2686 terminum
3152 2629 3273 2698 ejus
3304 2644 3474 2684 cursu

1899 2734 1994 2779 aut
2023 2725 2206 2779 volatu
2239 2725 2423 2795 aliquo
2445 2738 2616 2793 queas
2642 2723 2928 2778 invenire:
2957 2721 3048 2776 hic
3073 2729 3254 2775 autem
3279 2735 3475 2774 cursus

1901 2823 2066 2885 atque
2111 2817 2326 2871 volatus
2352 2823 2530 2870 status
2553 2814 2774 2886 quidem
2805 2821 2890 2869 est
2920 2814 3024 2867 alia
3057 2815 3289 2896 ratione.
3324 2829 3341 2862 ι
3385 2807 3474 2862 Si-

1899 2917 2037 2962 stam
2067 2910 2236 2970 enim,
2273 2927 2292 2960 ι
2327 2908 2528 2977 inquit,
2563 2923 2583 2957 ι
2615 2914 2671 2960 te
2701 2907 2756 2960 in
2788 2907 2985 2977 lapide.
3028 2924 3049 2958 ι

194 2999 296 3056 τοῦ
325 2977 528 3066 ἀγαθοῦ
560 3001 716 3070 κόρον
744 2999 1056 3060 ἐπίστασαι,
1093 2997 1205 3050 ἀλλ’
1236 2997 1322 3050 ἀεὶ
1343 2997 1478 3066 πρὸς
1511 3000 1572 3050 16
1633 2997 1812 3051 πλεῖον
1839 3001 1867 3051 6
1893 3002 2056 3067 πόθος
2108 3003 2321 3074 βλέπειο
2386 3001 2638 3066 τοσοῦτός
2691 3003 2840 3056 ἐστιν
2896 3002 2925 3053 6
2970 3001 3098 3070 παρ’
3132 2999 3255 3068 ἐμοὶ
3290 2999 3471 3062 τόπος,

197 3093 345 3148 ὥστε
384 3092 474 3144 τὸν
521 3093 578 3144 ἐν
623 3089 772 3161 αὐτῷ
821 3089 1120 3151 διαθέοντα,
1159 3088 1426 3159 μηδέποτε
1471 3089 1762 3161 δυνηθῆναι
1795 3092 1951 3163 λῆξαι
1985 3095 2078 3148 τοῦ
2107 3096 2330 3167 δρόμου.
2396 3095 2454 3148 '0
2490 3094 2548 3147 δὲ
2577 3093 2808 3166 δρόμος,
2869 3091 3040 3162 ἐτέρῳ
3084 3091 3227 3160 λόγῳ
3289 3090 3474 3155 στάσις

197 3189 342 3246 ἐστί.
390 3208 407 3238 ι
433 3188 620 3258 Στήσω
657 3186 764 3256 γάρ
794 3201 910 3248 oe,»
947 3185 1110 3254 φησὶν
1131 3221 1146 3247 ,
1186 3202 1206 3235 ι
1230 3185 1323 3236 ἐπὶ
1358 3187 1458 3254 τῆς
1489 3183 1749 3256 πέτρας.»

275 3325 449 3379 Τοῦτο
473 3323 530 3376 δὲ
562 3321 621 3375 16
645 3320 861 3375 πάντων
886 3318 1318 3390 παραδοξότατον
1344 3359 1360 3380 ,
1392 3319 1508 3383 πῶς
1555 3319 1616 3372 16
1659 3319 1793 3373 αὐτὸ
1819 3329 1862 3386 ι]

196 3417 304 3470 καὶ
337 3417 528 3476 στάσις
556 3413 672 3464 ἐστὶ
705 3413 800 3466 κα)⁸
827 3411 1074 3480 κίνησις·
1124 3412 1153 3462 6
1194 3410 1303 3480 γὰρ
1332 3408 1496 3463 ἀνιὼν
1523 3449 1536 3473 ,
1581 3409 1798 3473 πάντως

195 3512 306 3578 οὐχ
335 3508 570 3567 ἵσταται,
613 3504 708 3558 καὶ
741 3505 770 3556 6
803 3501 972 3566 ἑστὼς
992 3504 1094 3556 οὐκ
1122 3501 1440 3573 ἀνέρχεται·
1475 3502 1709 3556 ἐνταῦθα
1740 3502 1797 3554 δὲ

195 3599 294 3652 διὰ
319 3596 414 3648 τοῦ
436 3595 680 3658 ἑστάναι,
712 3591 771 3645 16
796 3591 1059 3661 ἀναϐῆναι
1084 3590 1292 3658 γίνεται
1315 3607 1330 3622 ’
1357 3589 1517 3642 τοῦτο
1543 3589 1599 3642 δέ
1628 3593 1793 3650 ἐστιν,

198 3689 288 3740 ὅτι
319 3686 431 3754 ὅσῳ
483 3701 569 3747 τις
620 3682 813 3750 πάγιός
865 3698 924 3734 τε
974 3684 1068 3734 καὶ
1113 3681 1444 3752 ἀμετάθετος
1469 3682 1527 3733 ἐν
1557 3681 1633 3750 τῷ
1658 3682 1795 3748 ἀγα-

200 3776 286 3846 θῷ
303 3774 552 3845 διαμένει
573 3791 588 3804 ·
623 3773 862 3843 τοσούτῳ
901 3773 1061 3826 πλέον
1086 3771 1177 3826 16v
1212 3775 1312 3842 τῆς
1358 3771 1559 3842 ἀρετῆς
1593 3771 1796 3824 διανύει

198 3871 430 3941 δρόμον.
468 3868 528 3921 Ὀ
557 3867 667 3936 γάρ
709 3865 1050 3938 περισφαλὴς
1081 3882 1139 3918 τε
1177 3865 1271 3918 καὶ
1303 3863 1619 3934 ὀλισθηρὸς,
1656 3864 1797 3916 κατὰ

200 3965 303 4032 τὴν
339 3961 450 4013 τῶν
498 3957 774 4029 λογισμῶν
824 3957 980 4028 βάσιν
1021 3956 1275 4010 ἀϐέϐαιον
1307 3955 1406 4026 τὴν
1445 3956 1504 4009 ὲν
1535 3956 1614 4026 τῷ
1647 3955 1797 4024 καλῴ

205 4051 401 4105 στάσιν
423 4050 560 4120 έχων
580 4089 594 4113 ,
623 4048 1078 4118 κλυδωνιζόμενός
1102 4065 1158 4102 τε
1211 4047 1306 4100 καὶ
1344 4048 1791 4118 περιφερόμενος,

203 4142 393 4204 καθώς
424 4157 588 4210 φησιν
619 4141 647 4192 6
688 4137 1010 4202 Ἀπόστολος
1031 4180 1045 4201 ,
1075 4139 1168 4192 καὶ
1195 4139 1314 4201 ταῖς
1345 4138 1474 4208 περὶ
1502 4137 1610 4192 τῶν
1629 4137 1796 4190 ὄντων

201 4229 540 4299 ὑπολήψεσιν
570 4226 928 4292 ἐπιδιστάζων
961 4231 1054 4282 καὶ
1094 4228 1547 4300 κραδαινόμενος,
1593 4231 1694 4284 οὐκ
1729 4232 1795 4285 ἄν

205 4340 336 4378 ποτε
370 4322 507 4394 πρὸς
529 4322 589 4374 16
623 4320 756 4391 ὕψος
787 4325 888 4393 τῆς
917 4321 1116 4392 ἀρετῆς
1152 4321 1476 4393 ἀναδράμοι.
1511 4323 1598 4386 Ὡς
1631 4326 1679 4376 οἱ
1707 4325 1796 4378 διά

211 4415 436 4485 ⁸»ἅμμου
464 4410 769 4483 βαδίζοντες
801 4412 937 4483 πρὸς
968 4413 1029 4465 16
1050 4411 1273 4476 ἄναντες
1293 4453 1308 4477 ,
1340 4413 1445 4467 κᾶν
1467 4414 1677 4486 μεγάλα
1698 4417 1795 4469 τύ-

203 4521 344 4575 χωσι
381 4506 496 4566 τοῖς
521 4504 646 4555 ποσὶ
667 4502 1058 4566 διαϐαίνοντες,
1095 4501 1329 4572 ἀνόνητα
1355 4503 1641 4572 μοχθοῦσιν
1665 4544 1676 4566 ,
1708 4506 1794 4557 ἀεὶ

1964 3322 2211 3376 Mirabile
2245 3320 2458 3384 auditu,
2506 3319 2782 3390 quomodo
2812 3333 2981 3373 unum
3023 3333 3086 3371 ac
3123 3317 3264 3372 idem
3299 3325 3474 3372 status

1897 3420 1950 3466 et
1987 3423 2164 3466 motus
2193 3420 2277 3466 est
2310 3429 2322 3463 :
2370 3410 2417 3465 si
2451 3410 2579 3480 quid
2617 3409 2885 3472 ascendit,
2923 3424 3031 3462 non
3065 3417 3174 3463 stat
3213 3427 3223 3460 :
3257 3408 3301 3462 si
3340 3416 3471 3472 stat,

1899 3517 2006 3553 non
2039 3499 2283 3554 ascendit
2315 3517 2329 3553 :
2361 3508 2415 3552 at
2452 3498 2544 3552 hic
2585 3498 2859 3560 ascendit,
2892 3498 3020 3566 quia
3052 3505 3178 3553 stat.
3216 3496 3348 3550 Nam
3379 3497 3472 3568 qui

1898 3595 2140 3648 caducus
2167 3608 2230 3647 ac
2256 3590 2535 3647 instabilis
2560 3589 2989 3662 cogitationibus
3023 3597 3106 3644 est
3127 3631 3142 3655 ,
3180 3605 3289 3643 non
3330 3587 3472 3642 fixus

1899 3689 1950 3740 in
1986 3689 2127 3740 bono
2161 3701 2264 3740 nec
2295 3700 2660 3754 permanens,
2692 3684 2786 3740 sed
2823 3683 3098 3738 fluctuans
3144 3691 3198 3737 et
3232 3683 3470 3736 circum-

1898 3788 2075 3844 actus,
2105 3787 2163 3832 ut
2191 3780 2268 3830 ait
2298 3777 2623 3848 Apostolus,
2657 3775 2938 3845 variisque
2962 3775 3031 3830 de
3064 3789 3247 3828 rerum
3278 3783 3473 3828 natura

1898 3873 2246 3940 opinionibus
2289 3873 2346 3926 in
2386 3882 2680 3940 utramque
2717 3877 2924 3938 partem
2975 3869 3243 3937 impulsus
3282 3873 3335 3921 et
3375 3882 3472 3920 ex-

1900 3965 2177 4030 agitatus,
2239 3963 2288 4018 is
2339 3976 2619 4031 nunquam
2677 3960 2745 4014 ad
2803 3958 3193 4013 sublimitatem
3250 3957 3474 4012 virtutis

1897 4055 2163 4118 ascendit,
2199 4057 2340 4108 sicut
2370 4054 2462 4124 qui
2498 4053 2668 4107 colles
2699 4061 2968 4105 conantur
3007 4049 3273 4104 scandere
3302 4049 3472 4105 sabu-

1899 4148 2045 4202 losos
2075 4165 2088 4200 :
2121 4163 2244 4199 nam
2275 4146 2378 4201 etsi
2407 4145 2664 4214 projectis
2693 4145 2748 4197 in
2777 4144 2996 4212 longum
3022 4141 3256 4213 pedibus
3279 4157 3471 4212 magna

1897 4239 2132 4294 transire
2167 4239 2342 4308 spatia
2381 4238 2689 4298 videantur,
2741 4250 2955 4303 semper
2993 4241 3177 4288 tamen
3214 4232 3282 4287 ad
3326 4231 3469 4287 infe-

1897 4331 2040 4384 riora
2086 4329 2310 4398 delapso
2350 4327 2545 4382 sabulo
2583 4324 2926 4380 deferuntur.
2973 4323 3152 4380 Motus
3190 4324 3356 4393 igitur
3386 4321 3469 4388 fit,

1897 4436 2219 4490 progressus
2265 4427 2444 4474 autem
2477 4417 2664 4472 nullus
2695 4417 2879 4486 fit.:At
2917 4417 2963 4470 si
3009 4417 3156 4485 quis,
3215 4423 3275 4469 ut
3318 4413 3473 4470 Psal-

1896 4514 2057 4568 mista
2087 4513 2250 4575 dicit,
2285 4527 2312 4564 a
2346 4512 2476 4566 faece
2506 4511 2763 4581 profundi
2787 4517 3053 4565 retractos
3082 4508 3248 4578 pedes
3283 4508 3337 4561 in
3364 4507 3470 4562 hoc

204 4594 343 4664 πρὸς
400 4594 460 4646 τὸ
520 4595 670 4648 κάτω
727 4596 825 4664 τῆς
892 4593 1101 4663 βάσεως
1158 4596 1674 4666 συγκαταρρεούσης
1726 4599 1792 4668 τῇ

1902 4605 2144 4676 posuerit
2191 4603 2369 4672 lapide
2414 4604 2595 4674 (lapis
2642 4612 2824 4657 autem
2867 4601 3120 4655 Christus
3156 4607 3261 4664 est,
3294 4599 3470 4668 pleni-

199 4663 452 4755 ψάμμῳ·
485 4684 560 4748 ὡς
584 4683 682 4756 τὴν
705 4663 804 4754 μὲν
836 4684 1050 4754 κίνησιν
1084 4663 1456 4754 ἐνεργεῖσθαι,
1488 4663 1710 4760 πρόοδον
1735 4663 1792 4742 δέ

1902 4663 2028 4749 ludo
2055 4663 2318 4748 virtutum
2345 4663 2590 4748 omnium
2621 4693 2641 4762 )
2668 4710 2682 4747 :
2707 4698 2918 4762 quanto
2940 4689 3150 4744 ﬁrmior
3179 4704 3243 4744 ac
3271 4663 3471 4742 immo-

206 4775 484 4845 μηδεμίαν
513 4776 613 4845 τῆς
630 4776 895 4844 κινήσεως
917 4773 1186 4842 γίνεσθαι.
1224 4776 1285 4828 El
1317 4776 1374 4828 δέ
1402 4793 1520 4839 τις,
1551 4778 1731 4842 καθὼς
1760 4783 1794 4850 ἡ

201 4865 497 4936 ψαλμῳδία
521 4865 676 4935 φησὶ,
704 4865 802 4935 τῆς
834 4865 927 4919 τοῦ
959 4866 1119 4936 βυθοῦ
1159 4866 1510 4938 ύποστάθμης
1550 4869 1793 4924 ἀνασπά-

206 4973 306 5020 σας
352 4956 480 5017 τοὺς
533 4956 731 5020 πόδας,
770 4956 864 5009 ἐπὶ
899 4959 996 5027 τῆς
1030 4956 1236 5028 πέτρας
1261 4956 1482 5021 τούτους
1531 4959 1790 5031 ὲρείσειεν

1894 4786 2076 4846 bilior.
2127 4793 2186 4838 ut
2221 4784 2420 4838 Paulus
2469 4784 2734 4845 consulit,
2782 4783 2837 4837 in
2882 4782 3030 4836 bono
3070 4779 3259 4843 fuerit,
3314 4785 3480 4834 tanto

1895 4876 2140 4931 velocius
2177 4877 2343 4942 volat,
2379 4876 2483 4930 hac
2520 4875 2818 4930 stabilitate
2851 4875 3011 4944 quasi
3057 4871 3252 4942 pennis
3291 4871 3469 4926 eleva-

1897 4975 2006 5022 tus.

207 5055 257 5122 (ἡ
281 5053 460 5123 πέτρα
486 5052 543 5105 δέ
577 5055 723 5106 ἐστιν
754 5055 782 5106 ὁ
807 5054 1072 5124 Χριστὸς,
1103 5055 1137 5123 ὴ
1165 5051 1433 5124 παντελὴς
1460 5054 1672 5126 ἀρετὴ),
1704 5057 1812 5127 ὅσῳ
1841 5060 2039 5130 μᾶλλον
2061 5063 2272 5132 ἑδραῖος
2305 5061 2363 5114 ἐν
2406 5059 2485 5130 τῷ
2526 5058 2716 5128 ἀγαθῷ
2759 5059 2853 5112 καὶ
2901 5056 3299 5129 ἀμετακίνητος
3325 5052 3477 5109 κατὰ

202 5144 298 5214 τὴν
364 5143 677 5215 συμϐουλὴν
738 5143 832 5197 τοῦ
887 5142 1100 5197 Παύλου
1159 5142 1387 5211 γίνεται,
1424 5143 1664 5214 τοσούτῳ
1714 5146 1908 5200 θᾶττον
1958 5150 2162 5203 διανύει
2222 5150 2312 5202 τὸν
2365 5150 2562 5222 δρόμον
2593 5188 2608 5213 ,
2647 5144 2758 5200 οἶόν
2811 5163 2918 5199 τινι
2959 5143 3143 5215 πτερῷ
3177 5146 3244 5214 τῇ
3281 5143 3469 5198 στάσει

204 5234 490 5305 χρώμενος
512 5275 526 5300 ,
567 5235 664 5288 ml.
699 5234 835 5306 πρὸς
864 5235 962 5305 τὴν
989 5235 1101 5288 ἀνω
1130 5234 1374 5306 πορείαν,
1397 5233 1486 5287 διὰ
1509 5238 1607 5307 τῆς
1630 5236 1978 5310 βεϐαιότητος
2013 5240 2108 5293 τοῦ
2147 5239 2352 5308 ἀγαθοῦ
2379 5281 2394 5305 ,
2422 5241 2519 5310 τὴν
2551 5239 2776 5310 καρδίαν
2810 5236 3193 5307 πτερούμενος.

283 5375 344 5426 Ὀ
373 5369 470 5425 οὖν
499 5373 780 5440 ὑποδείξας
816 5375 896 5444 τῷ
935 5377 1158 5429 Μωῦσετ
1183 5376 1272 5429 τὸν
1302 5377 1485 5440 τόπον,
1534 5380 1792 5449 παρορμᾷ

252 5463 340 5526 νὸς
397 5462 492 5516 τὸν
533 5463 750 5536 δρόμον.
804 5465 914 5536 Τὴν
963 5467 1019 5518 δὲ
1063 5467 1154 5518 ἐπὶ
1211 5468 1310 5538 τῆς
1369 5468 1571 5537 πέτρας
1621 5471 1792 5536 ἐπαγ-

240 5557 528 5625 λιλᾶμενος
582 5558 800 5620 στάσιν,
849 5559 940 5610 τὸν
984 5560 1185 5628 τρόπον
1230 5562 1328 5628 τῆς
1377 5559 1526 5622 θείας
1578 5561 1791 5630 ἐκείνης

213 5647 624 5717 τταδιοδρομίας
648 5649 795 5718 αύτῷ
828 5650 1189 5706 ὑποδείκνυσι.
1221 5652 1293 5704 T6
1321 5651 1374 5704 δὲ
1417 5652 1475 5704 ἐν
1514 5654 1579 5722 τῇ
1616 5653 1789 5724 πέτρα

282 5824 328 5851 ’δ’
356 5822 528 5873 ξῖκίνιί.
574 5839 596 5871 κ
614 5839 764 5882 μαι,

1969 5379 2105 5436 Cum
2140 5381 2303 5450 igitur
2351 5381 2528 5434 locum
2564 5377 2704 5448 apud
2757 5391 2814 5430 se
2846 5374 3115 5440 ostendit,
3161 5372 3229 5427 ad
3269 5388 3465 5442 ρει-ρει

1900 5478 2051 5523 tuum
2098 5485 2319 5524 cursum
2368 5470 2727 5531 exhortatur;
2771 5483 2894 5521 cum
2946 5473 3146 5520 statum
3197 5464 3251 5516 in
3289 5464 3466 5531 lapide

1897 5561 2150 5615 daturum
2187 5578 2245 5616 se
2277 5561 2572 5630 promittit,
2609 5559 2828 5614 modum
2863 5557 3034 5612 divini
3079 5571 3276 5611 cursus
3317 5556 3465 5608 illius

1896 5654 2073 5723 Moysi
2116 5653 2416 5724 subaperit.
2445 5651 2735 5724 Capacitas
2760 5667 2888 5708 vero
2919 5658 3014 5704 aut
3049 5647 3297 5703 foramen
3325 5647 3466 5717 lapi-
