3876 6218
448 375 552 429 107

1685 386 1739 439 S.
1770 387 2104 447 CDEGORII
2140 390 2436 445 NYSSENI

3598 407 3704 461 408

447 488 532 543 dis
555 489 734 543 verbis
757 489 1000 560 Apostoli
1025 492 1335 564 expositum
1363 503 1468 560 est,
1495 510 1618 552 cum
1647 499 1875 556 domum
1911 520 2019 560 non

2130 505 2381 579 χώρημα,
2432 509 2497 578 ἣν
2538 507 2677 576 ὀπὴν
2718 506 2972 578 ὀνομάζει
3011 508 3040 560 6
3068 507 3258 577 λόγος,
3295 508 3474 574 καλῶς
3503 510 3532 563 ι
3567 511 3717 575 θεῖος

447 595 612 639 manu
646 579 842 636 factam
877 584 1158 640 caelestem
1194 602 1290 656 spe
1337 588 1404 643 iis
1443 593 1740 656 reservari,
1775 596 1867 664 qui
1905 603 2021 650 ter-

447 683 620 729 restre
673 676 1087 732 tabernaculum
1140 678 1545 746 dissolverunt,
1603 697 1834 741 asserat.
1886 687 2022 743 Nam

445 776 596 822 certe
629 769 721 838 qui
775 784 1000 826 cursum
1048 771 1308 842 perfecit,
1346 783 1407 828 ut
1445 775 1560 845 ipse
1593 777 1760 844 dicit,
1805 781 1859 833 in
1914 781 2024 836 lato

447 861 540 915 illo
573 868 628 914 et
662 863 1026 932 capacissimo
1061 864 1258 930 stadio,
1289 867 1437 936 quod
1471 868 1656 922 divina
1695 885 1797 924 vox
1840 872 2022 926 locum

447 953 760 1023 appellavit,
797 955 892 1026 qui
942 955 1196 1012 videlicet
1245 957 1407 1014 ﬁdem
1446 963 1815 1028 conservavit,
1855 980 1918 1019 ac
1967 965 2022 1020 in

447 1045 645 1114 lapide,
678 1045 757 1100 uti
783 1047 1125 1118 aanigmatice
1153 1049 1376 1115 dicitur,
1409 1053 1574 1122 pedes
1601 1069 1733 1110 suos
1763 1056 2018 1119 lirmavit,

448 1135 495 1189 is
523 1151 725 1191 corona
750 1137 981 1206 iustitia:
1021 1156 1052 1195 a
1085 1157 1250 1196 manu
1282 1143 1402 1214 ejus
1429 1144 1521 1214 qui
1565 1147 1680 1200 haec
1717 1147 2022 1201 certamina

447 1226 607 1282 nobis
649 1230 960 1299 proposuit,
1007 1234 1384 1290 coronabitur.
1432 1235 1558 1292 Hzec
1605 1245 1786 1293 autem
1847 1239 2021 1310 gloria

462 1317 634 1373 nultis
668 1333 1018 1391 nuncupatur
1063 1340 1094 1378 a
1135 1324 1420 1396 Scriptura
1475 1330 1792 1385 nominibus
1843 1349 1855 1384 :
1914 1345 2024 1384 una

445 1409 589 1463 .nim
613 1419 667 1464 et
695 1411 884 1469 eadem
915 1430 1005 1471 res
1034 1415 1123 1470 hic
1151 1418 1371 1488 quidem
1398 1419 1596 1490 lapidis
1624 1420 1901 1490 capacitas
1926 1435 2024 1488 ap-

447 1500 699 1574 pellatur,
731 1503 786 1556 in
826 1503 950 1560 aliis
982 1515 1163 1561 autem
1197 1508 1438 1578 paradisi
1472 1509 1718 1575 delicim,
1767 1512 2023 1566 taberna-

444 1591 629 1646 culum
662 1601 948 1660 aaternum,
981 1599 1194 1652 mansio
1235 1599 1379 1668 apud
1419 1599 1664 1663 Patrem,
1694 1600 2024 1670 patriarcha:

444 1685 599 1740 sinus
623 1725 636 1748 ,
675 1687 825 1756 regio
859 1689 1194 1754 viventium,
1233 1706 1376 1761 aqua
1426 1693 1726 1762 requietis,
1762 1692 2024 1749 Hierusa-

445 1777 548 1832 lem
583 1778 855 1848 superior.
887 1795 1114 1850 regnum
1144 1783 1410 1837 caelorum
1435 1824 1450 1845 ,
1484 1784 1726 1856 Babylon
1775 1787 2019 1841 vocatio-

2141 598 2460 660 Ἀπόστολος
2483 599 2541 650 ὲν
2563 600 2676 660 τοῖς
2703 597 2853 660 ἰδίοις
2881 597 3059 666 λόγοις
3083 598 3503 670 διηρμήνευσεν,
3536 600 3721 660 οίκίαν

2125 688 2534 760 ἀχειροποίητον
2590 689 2848 758 οὐρανίαν
2899 689 3219 742 ἀποκεῖσθαι
3255 689 3321 743 δι’
3351 691 3564 756 ἐλπίδος
3600 695 3723 757 τοῖς

2125 781 2224 849 τὴν
2257 781 2450 850 γηῖνην
2495 781 2702 851 σκηνὴν
2742 780 3024 834 διαλύσασι
3074 781 3268 850 λέγων.
3323 783 3563 854 Ἀληθῶς
3606 786 3722 856 γὰρ

2125 873 2154 923 6
2181 872 2270 924 τὸν
2297 871 2494 942 δρόμον
2517 871 2738 936 τελέσας
2757 913 2772 936 ,
2809 872 2992 937 καθώς
3020 890 3185 943 φησιν
3211 877 3240 928 ό
3278 875 3624 941 Ἀπόστολος,
3658 878 3722 929 ἐν

2125 964 2318 1034 ἐκείνῳ
2344 963 2423 1036 τῷ
2474 963 2668 1017 πλατεί
2708 967 2801 1019 καὶ
2847 966 3145 1038 εὐρυχώρῳ
3198 967 3430 1039 σταδίῳ,
3463 968 3524 1022 ὂν
3550 969 3722 1023 τόπον

2125 1054 2381 1125 ὀνομάζει
2419 1055 2452 1125 ἡ
2505 1054 2625 1108 θεία
2679 1057 2829 1126 φωνὴ
2856 1099 2870 1122 ,
2915 1060 3011 1112 καὶ
3057 1058 3156 1129 τὴν
3206 1059 3389 1112 πίστιν
3445 1063 3720 1133 τηρήσας,

2125 1147 2266 1219 ἦτοι,
2288 1145 2471 1211 καθώς
2503 1164 2637 1218 φησι
2665 1147 2727 1200 τὸ
2750 1149 3013 1220 αἴνιγμα,
3063 1150 3158 1203 ἐπὶ
3189 1151 3287 1222 τῆς
3337 1153 3545 1224 πέτρας
3585 1156 3720 1217 τοὺς

2130 1239 2292 1302 ἰδίους
2350 1237 2515 1302 πόδας
2566 1239 2822 1309 ὲρείσας·
2879 1233 3036 1305 οὗτος
3092 1240 3170 1312 τῷ
3211 1242 3315 1313 τῆς
3368 1243 3722 1316 δικαιοσύνης

2127 1330 2376 1401 στεφάνῳ
2404 1330 2552 1400 παρά
2583 1331 2681 1401 τῆς
2719 1331 2899 1402 χειρὸς
2939 1332 3033 1386 τοῦ
3066 1334 3403 1402 ἀγωνοθέτου
3434 1337 3722 1390 καλλωπι-

2127 1423 2381 1495 σθήσεται
2419 1441 2432 1454 θ
2477 1422 2540 1476 τὸ
2563 1422 2619 1475 δὲ
2648 1423 2888 1477 τοιοῦτον
2927 1425 3096 1496 γέρας
3133 1426 3408 1500 διαφόρως
3439 1430 3588 1500 παρά
3618 1430 3722 1501 τῆς

2124 1517 2346 1588 Γραφῆς
2387 1515 2728 1587 ὀνομάζεται.
2775 1516 2848 1570 Τὸ
2887 1515 2996 1588 γὰρ
3037 1518 3168 1572 αὐτὸ
3207 1519 3438 1574 ἐνταῦθα
3477 1521 3578 1592 μὲν
3603 1521 3720 1591 χὼ-

2129 1621 2278 1677 ρημα
2321 1603 2529 1675 πέτρας
2573 1604 2828 1674 λέγεται·
2878 1607 2938 1658 ὲν
2983 1606 3191 1679 ἑτέροις
3235 1607 3327 1672 δὲ,
3380 1609 3718 1681 παραδείσου

2123 1699 2323 1770 τρυφὴ,
2341 1699 2448 1756 ,καὶ
2476 1699 2668 1752 αἰωνία
2704 1699 2898 1771 σκηνὴ,
2931 1701 3026 1753 καὶ
3058 1701 3194 1773 μονὴ
3225 1701 3375 1772 παρά
3399 1702 3480 1772 τῷ
3511 1703 3719 1773 Ila-cpi,

2125 1793 2221 1846 καὶ
2251 1793 2589 1864 πατριάρχου
2613 1792 2834 1859 κόλπος,
2858 1793 2952 1846 καὶ
2981 1793 3136 1865 χώρα
3165 1792 3407 1861 ζώντων,
3441 1794 3539 1847 καὶ
3568 1795 3719 1866 ὕδωρ

444 1869 553 1930 nis,
583 1884 787 1924 corona
826 1871 1150 1940 gratiarum,
1179 1888 1383 1928 corona
1415 1875 1868 1945 pulchritudinis,
1902 1885 2022 1930 tur-

2130 1861 2525 1952 ἀναπαύσεως,
2577 1887 2670 1940 καὶ
2703 1888 2738 1957 ἡ
2768 1886 2882 1941 ἄνω
2919 1861 3296 1960 Ἰερουσαλὴμ,
3329 1887 3425 1940 καὶ
3467 1861 3720 1956 βασιλεία⁵

443 1957 522 2013 ris
560 1957 928 2026 fortitudinis,
969 1963 1382 2032 supermensale
1424 1963 1706 2031 gaudium,
1742 1965 1837 2022 Dei
1890 1980 2028 2021 con-

443 2067 654 2118 sessus,
711 2051 871 2109 sedes
915 2053 1128 2124 judicii,
1174 2057 1331 2112 locus
1383 2057 1890 2126 nominatissimus,
1931 2076 2026 2116 oc-

443 2145 651 2198 cultum
691 2144 1129 2202 tabernaculum.
1172 2146 1292 2205 Una
1330 2164 1462 2221 ergo
1490 2151 1638 2207 illius
1677 2152 1865 2223 gloria:
1911 2153 2026 2209 haec

444 2254 663 2310 quoque
691 2241 987 2311 appellatio
1019 2249 1105 2296 est
1141 2242 1319 2314 Moysi
1353 2243 1408 2298 in
1441 2243 1676 2316 lapidem
1712 2245 2022 2318 ingressus.

442 2329 576 2388 Nam
609 2332 872 2402 quoniam
905 2331 1165 2389 Christus
1198 2334 1337 2403 lapis
1367 2345 1472 2401 est,
1520 2345 1581 2390 ut
1609 2334 1781 2391 Paulo
1823 2337 2024 2407 placet,

443 2437 662 2478 omnem
713 2431 896 2478 autem
940 2423 1211 2479 bonorum
1249 2439 1399 2494 spem
1441 2427 1496 2481 in
1536 2425 1759 2482 Christo
1801 2427 2027 2484 ﬁrmiter

442 2530 565 2570 esse
590 2516 868 2572 credimus
905 2534 919 2571 :
950 2517 1045 2588 qui
1083 2517 1287 2573 bonum
1319 2519 1538 2590 aliquod
1576 2521 1808 2591 adeptus
1839 2531 1946 2586 est,
1979 2524 2026 2578 is

443 2609 500 2663 in
525 2608 749 2665 Christo
775 2618 890 2674 est,
915 2610 1010 2680 qui
1039 2625 1204 2667 omne
1234 2612 1435 2667 bonum
1467 2613 1710 2668 continet
1734 2633 1748 2669 :
1778 2614 1870 2684 qui
1898 2631 2028 2669 vero

443 2701 510 2754 ad
539 2701 821 2757 Christum
853 2703 1125 2774 pervenit,
1158 2714 1211 2759 et
1245 2719 1410 2759 manu
1447 2703 1542 2760 Dei
1577 2714 1753 2762 tectus
1781 2706 2027 2776 est,(ma-

443 2809 550 2848 nus
576 2803 755 2850 autem
784 2795 879 2850 Dei
907 2795 1038 2866 quid
1070 2797 1218 2851 aliud
1243 2811 1368 2852 esse
1384 2806 1583 2867 potest,
1601 2813 1763 2868 quam
1788 2798 2026 2853 creatrix

443 2905 629 2944 rerum
653 2890 849 2955 virtus,
880 2891 998 2962 ipse
1031 2892 1352 2962 unigenitus
1390 2892 1554 2959 Deus,
1586 2907 1686 2963 per
1711 2909 1876 2964 quem
1906 2909 2026 2949 om-

445 2980 534 3033 nia
570 2981 712 3034 facta
743 2990 896 3046 sunt,
929 2982 1025 3050 qui
1067 2991 1121 3037 et
1149 2982 1501 3039 currentibus
1536 2983 1691 3038 locus
1718 2992 1824 3046 est,
1857 2993 1913 3038 et
1939 2984 2028 3037 via

444 3087 666 3135 cursus,
706 3080 766 3126 ut
807 3073 924 3142 ipse
955 3073 1112 3136 dicit,
1153 3081 1208 3128 et
1256 3074 1398 3143 lapis
1434 3074 1918 3136 conﬁrmatorum,
1971 3082 2026 3130 et

443 3162 642 3218 domus
673 3163 1077 3232 quiescentium
1102 3159 1158 3230 ἲ)
1195 3165 1290 3235 qui
1327 3163 1590 3232 adhunc,
1620 3167 1866 3236 inquam,
1903 3181 2027 3235 pcr-

443 3257 612 3317 vcnit,
647 3255 694 3312 is
725 3255 912 3311 audiet
940 3267 1248 3316 vocantem,
1279 3269 1333 3311 et
1362 3272 1392 3310 a
1428 3265 1583 3328 tergo
1613 3259 1864 3312 vocantis
1909 3258 2026 3312 col-

444 3348 738 3413 locabitur,
772 3349 875 3404 hoc
906 3356 1014 3414 est,
1045 3367 1062 3401 ι
1093 3346 1225 3405 Post
1253 3347 1543 3402 Dominqu
1579 3348 1746 3402 Deum
1777 3351 2027 3403 ambula-

445 3438 546 3502 bit,
592 3458 610 3489 ι
648 3439 791 3498 sicut
832 3439 916 3494 lex
955 3439 1221 3509 przecipit.
1257 3437 1414 3512 Quod
1450 3453 1574 3492 cum
1613 3437 1882 3493 audiisset
1924 3437 2028 3490 Da-

444 3530 566 3595 vid,
617 3533 786 3600 probe
837 3531 1144 3595 inlellexit,
1200 3531 1466 3584 habitanti
1520 3530 1668 3586 enim
1712 3531 1765 3584 in
1823 3531 2029 3584 auxilio

445 3621 658 3680 Excelsi
689 3624 842 3690 dicit,
867 3641 888 3676 ι
911 3623 969 3677 ln
1002 3624 1247 3694 scapulis
1271 3625 1388 3680 suis
1410 3623 1763 3678 obumbrabit
1787 3624 1882 3677 tibi
1907 3625 1975 3687 τ’,
2006 3644 2022 3674 ι

444 3716 588 3785 quod
619 3724 704 3772 cst
752 3724 876 3785 post
913 3715 1082 3771 Deum
1117 3731 1241 3772 esse
1275 3717 1639 3777 constitutum
1678 3734 1690 3776 ;
1737 3731 1862 3769 nam
1906 3731 2030 3770 sca-

446 3809 585 3886 pulae
651 3809 957 3879 posteriora
1021 3817 1173 3864 sunt.
1241 3808 1317 3864 De
1381 3823 1440 3864 se
1506 3816 1687 3862 autem
1746 3809 1948 3861 clamat
2013 3826 2025 3860 :

453 3919 472 3949 ι
506 3897 749 3964 Adhaesit
780 3900 961 3960 anima
1006 3914 1125 3953 mea
1158 3907 1284 3971 post
1325 3909 1395 3963 te,
1423 3909 1478 3953 et
1505 3899 1749 3969 suscepit
1779 3915 1866 3954 me
1896 3902 2030 3952 dex-

447 3998 558 4042 tera
591 3999 682 4044 tua
711 3990 776 4044 ⁷³.
813 4009 830 4042 ι
863 3988 1030 4046 Vides
1059 3990 1336 4060 quomodo
1363 3989 1657 4047 Psalmista
1693 4007 1818 4044 cum
1852 3990 2029 4044 histo-

446 4082 528 4142 ria
573 4081 868 4141 consentit.
921 4079 1058 4136 Nam
1094 4090 1151 4137 ut
1190 4082 1278 4136 hic
1329 4081 1531 4136 dicitur
1569 4096 1692 4136 eum
1731 4096 1762 4136 a
1807 4080 2030 4136 dextera

446 4175 675 4246 suscipi,
711 4179 804 4246 qui
840 4184 966 4252 post
1005 4174 1175 4239 Deum
1207 4175 1437 4230 adhaesit
1475 4193 1488 4229 :
1535 4175 1616 4230 sic
1650 4173 1723 4228 ibi
1760 4188 1884 4228 eum
1916 4189 2031 4226 ma-

2127 1977 2393 2050 οὐρανῶν,
2427 1980 2522 2032 καὶ
2555 1977 2803 2050 βραϐεῖον
2828 1978 3094 2052 κλήσεως,
3132 1979 3227 2033 καὶ
3269 1979 3534 2047 στέφανος
3562 1980 3722 2050 χαρί-

2126 2084 2254 2132 των,
2299 2069 2392 2122 καὶ
2435 2068 2696 2139 στέφανος
2733 2069 2984 2134 κάλλους,
3019 2071 3115 2124 καὶ
3144 2069 3356 2141 πύργος
3383 2070 3590 2140 ἰσχύος,
3624 2071 3720 2122 καὶ

2128 2161 2512 2233 ἐπιτραπέζιος
2564 2161 2896 2233 εὐφροσύνη,
2950 2162 3046 2215 καὶ
3094 2160 3229 2216 Θεοῦ
3279 2161 3571 2232 συνεδρία,
3625 2162 3720 2214 καὶ

2129 2256 2317 2327 θρόνος
2349 2255 2584 2328 κρίσεως
2607 2294 2623 2318 ,
2676 2254 2772 2309 καί⁷
2813 2253 2982 2316 τόπος
3014 2253 3315 2324 ὀνομαστὸς
3341 2293 3357 2318 ,
3408 2252 3504 2306 καὶ
3545 2254 3718 2322 σκηνὴ

2129 2347 2468 2417 ἀπόκρυφος.
2528 2346 2628 2400 Ἓν
2659 2341 2752 2398 οὖν
2784 2346 2877 2398 καὶ
2903 2343 3060 2398 τοῦτό
3091 2361 3270 2415 φαμεν
3305 2340 3442 2397 εἶναι
3481 2343 3596 2399 τῶν
3639 2347 3719 2396 εἱς

2126 2437 2286 2492 τοῦτο
2336 2438 2613 2511 φερόντων
2652 2437 2712 2490 τὸ
2758 2438 2956 2508 νόημα,
3007 2435 3104 2508 τὴν
3137 2438 3217 2499 εἰς
3245 2437 3344 2507 τὴν
3380 2435 3588 2506 πέτραν
3624 2435 3718 2486 τοῦ

2129 2530 2407 2592 Μωῦσέως
2459 2529 2682 2582 εἴσοδον.
2752 2527 2970 2598 Ἐπειδὴ
3020 2526 3129 2598 γάρ
3177 2526 3410 2598 Χριστὸς
3457 2529 3490 2596 ὴ
3542 2526 3718 2596 πέτρα

2129 2619 2280 2690 παρά
2309 2618 2402 2670 τοῦ
2435 2617 2647 2670 Παύλου
2678 2619 2926 2689 νενόηται
2963 2633 2977 2646 ·
3031 2619 3185 2671 πᾶσα
3214 2617 3271 2670 δὲ
3311 2615 3532 2684 ἀγαθῶν
3564 2616 3719 2677 ἐλπὶς

2128 2710 2188 2762 ὲν
2214 2708 2294 2780 τῷ
2323 2707 2542 2780 Χριστῷ
2575 2705 2714 2762 εἶναι
2759 2707 3094 2775 πιστεύεται,
3141 2711 3199 2762 ἐν
3234 2701 3278 2776 ᾧ
3322 2708 3531 2771 πάντας
3577 2703 3718 2760 εἶναι

2129 2803 2255 2864 τοὺς
2302 2801 2612 2872 θησαυροὺς
2657 2801 2765 2854 τῶν
2806 2801 3029 2870 ἀγαθῶν
3089 2802 3492 2872 μεμαθήκαμεν
3518 2817 3532 2830 ·
3584 2801 3612 2852 6
3657 2803 3716 2850 ἐν

2129 2891 2319 2961 ἀγαθῷ
2343 2909 2448 2944 τινι
2479 2892 2790 2962 γενόμενος,
2813 2892 2872 2943 ὲν
2899 2890 2976 2962 τῷ
3006 2889 3228 2962 Χριστῷ
3255 2890 3471 2953 πάντως
3501 2890 3615 2942 ἐστὶ
3640 2888 3720 2957 τῷ

2129 2982 2460 3054 περιεκτικῷ
2492 2982 2690 3046 παντὸς
2715 2980 2924 3050 ἀγαθοῦ
2945 2983 3028 3052 ’.ὁ
3057 2981 3115 3034 δὲ
3152 2983 3314 3052 μέχρι
3351 2981 3542 3034 τούτου
3581 2981 3721 3049 φθά-

2131 3091 2249 3137 σας,
2280 3073 2374 3126 καὶ
2406 3073 2510 3126 ὑπὸ
2534 3073 2634 3143 τῆς
2657 3072 2748 3126 τοῦ
2778 3072 2915 3126 Θεοῦ
2941 3073 3124 3144 χειρὸς
3151 3072 3505 3136 σκεπασθεὶς,
3533 3073 3714 3137 καθὼς

2127 3167 2157 3218 6
2202 3166 2358 3234 λόγος
2401 3165 2768 3236 ἐπηγγείλατο
2824 3165 2990 3237 (χεὶρ
3039 3166 3084 3218 δ’
3132 3165 3216 3218 ἂν.
3248 3164 3333 3235 εἴη
3376 3161 3470 3216 τοῦ
3506 3163 3640 3218 Θεοῦ
3676 3167 3712 3233 ἡ

2127 3256 2496 3328 δημιουργικὴ
2521 3257 2627 3309 τῶν
2655 3257 2823 3310 ὀντων
2867 3256 3116 3327 δύναμις,
3157 3259 3186 3308 ό
3231 3255 3524 3325 μονογενὴς
3560 3256 3710 3315 Θεὸς,

2128 3350 2195 3402 δι’
2221 3345 2281 3404 οὗ
2309 3349 2376 3401 τὰ
2407 3349 2584 3402 πάντα
2629 3348 2869 3416 ἐγένετο,
2915 3347 2972 3412 ὃς
3005 3348 3098 3401 καὶ
3124 3349 3237 3411 τοῖς
3272 3348 3522 3418 τρέχουσι
3553 3347 3718 3410 τόπος

2129 3441 2300 3504 ἐστὶν,
2344 3441 2460 3504 ὁδὸς
2508 3439 2602 3493 τοῦ
2648 3440 2848 3512 δρόμου
2883 3439 3200 3509 γινόμενος,
3257 3439 3395 3492 κατά
3441 3439 3544 3509 τὴν
3585 3439 3719 3492 ἰδίαν

2131 3533 2335 3603 φωνὴν,
2369 3531 2462 3585 καὶ
2509 3532 2684 3603 πέτρα
2717 3531 2926 3601 γίνεται
2970 3535 3083 3594 τοῖς
3136 3530 3396 3601 βεϐαίοις,
3431 3532 3526 3583 καὶ
3571 3526 3720 3593 οἶκος
3805 3601 3810 3606 ἢ

2130 3625 2240 3684 τοῖς
2263 3622 2739 3692 ἀναπαυομένοις),
2783 3622 2906 3674 τότε
2933 3621 3226 3675 ἀκούσεται
3253 3621 3346 3674 τοῦ
3381 3622 3722 3693 προσκαλου-

2133 3715 2316 3785 μένου,
2360 3718 2454 3766 καὶ
2494 3715 2724 3768 κατόπιν
2755 3712 2850 3767 τοῦ
2886 3715 3177 3778 καλοῦντος
3225 3715 3536 3785 γενήσεται,
3568 3731 3722 3767 τουτ-

2131 3806 2297 3870 έστιν,
2332 3826 2350 3858 ι
2387 3806 2594 3860 Ὀπίσω
2619 3807 2823 3876 Κυρίου
2841 3807 2932 3860 τοῦ
2950 3807 3086 3861 Θεοῦ
3116 3807 3462 3880 πορεύσεται,
3491 3827 3510 3860 ι
3539 3808 3721 3872 καθὼς

2129 3898 2158 3948 6
2191 3899 2353 3968 νόμος
2382 3900 2692 3970 παρεγγυᾷ.
2735 3899 2920 3971 ξΟπερ
2947 3899 3185 3964 ἀκούσας
3224 3900 3412 3971 ἐνόησε
3447 3900 3544 3953 καὶ
3571 3901 3600 3952 6
3629 3901 3722 3970 μὲ-

2131 4009 2234 4060 γας
2266 3991 2447 4054 Δαόὶδ,
2480 3990 2558 4062 τῷ
2588 3991 2684 4062 μὲν
2715 3991 3056 4046 κατοικοῦντι
3085 3993 3142 4044 ὲν
3183 3990 3406 4064 βοηθείᾳ
3427 3993 3524 4044 τοῦ
3566 3991 3721 4062 Ὑψί-

2132 4100 2257 4136 στου
2291 4081 2484 4151 λέγων,
2531 4083 2613 4134 ὅτι
2666 4100 2685 4134 ι
2723 4082 2812 4135 Ἐν
2843 4083 2957 4146 τοῖς
2995 4082 3353 4154 μεταφρένοις
3398 4083 3570 4136 αὑτοῦ
3600 4085 3721 4136 ἑπι-

2133 4173 2348 4227 σκιάσει
2383 4190 2488 4240 σοι,
2521 4192 2540 4224 ι
2595 4174 2732 4242 ὅπερ
2755 4168 2874 4228 ἶσόν
2905 4176 3024 4228 ἐστι
3053 4174 3132 4245 τῷ
3160 4176 3388 4229 κατόπιν
3428 4175 3594 4231 αὐτὸν
3627 4175 3720 4228 τοῦ

448 4287 552 4332 nus
591 4271 744 4342 tegit,
779 4271 873 4340 qui
902 4270 993 4326 Dei
1027 4285 1214 4326 vocem
1249 4277 1538 4342 exspectat
1586 4269 1640 4322 in
1681 4267 1884 4341 lapide.
1921 4265 2025 4323 Sed

2130 4265 2264 4319 Θεοῦ
2285 4261 2423 4318 εἶναι
2442 4283 2454 4295 ·
2488 4266 2546 4317 ὲν
2568 4264 2676 4336 γὰρ
2701 4266 2814 4327 τοῖς
2839 4264 3108 4329 ὀπισθίοις
3137 4265 3254 4319 ἐστὶ
3276 4265 3337 4319 τὸ
3360 4266 3718 4336 μετάφρενον.

425 4356 711 4423 Dominus
741 4380 962 4438 quoque
1004 4365 1098 4434 qui
1146 4363 1316 4442 Moysi
1355 4363 1581 4418 oracula
1618 4361 1788 4424 dedit,
1824 4361 1917 4430 qui
1962 4359 2025 4414 ad

2133 4356 2271 4427 Περὶ
2299 4353 2495 4408 ἑαυτοῦ
2523 4355 2767 4409 δὲ’τοῦτο
2803 4355 2962 4426 βοῶν,
2989 4357 3071 4411 ὅτι
3129 4376 3148 4407 ι
3185 4357 3480 4427 Ἐκολλήθη
3513 4360 3547 4428 ἡ
3575 4357 3717 4427 ψυχή

447 4447 782 4528 implendum
813 4457 984 4528 legem
1019 4471 1175 4512 suam
1213 4457 1384 4519 venit,
1426 4456 1654 4525 aenigma
1701 4454 1753 4508 id
1784 4453 2025 4508 enodans

2136 4465 2238 4519 μου
2279 4447 2456 4501 ὀπίσω
2499 4463 2614 4509 σου,
2663 4447 2798 4518 ἐμοῦ
2829 4448 2888 4501 δὲ
2919 4448 3302 4519 ἀντελάϐετοή
3342 4447 3496 4514 δεξιά
3543 4466 3657 4500 σου.
3697 4468 3714 4499 ι

447 4547 816 4617 apertissime,
845 4548 1096 4604 similiter
1117 4548 1184 4611 ad
1212 4546 1516 4620 discipulus
1543 4544 1657 4599 ait:
1689 4563 1706 4594 ι
1739 4541 1797 4597 Si
1830 4543 1975 4614 quis,
2005 4560 2024 4593 ι

2146 4539 2310 4611 Ὁρᾷς
2340 4539 2458 4601 πῶς
2503 4539 2792 4610 συμϐαίνει
2834 4543 2900 4612 τῇ
2953 4540 3165 4612 ἰστορίᾳ
3194 4541 3228 4609 ἡ
3261 4540 3574 4610 ψαλμῳδία.
3635 4542 3722 4602 Ὠς

423 4639 648 4711 inquit,
683 4657 702 4692 ι
742 4640 859 4694 vult
889 4649 1013 4710 post
1047 4657 1132 4694 me
1172 4641 1357 4694 venire
1383 4640 1450 4703 ⁷⁵,
1491 4659 1509 4690 ι
1559 4654 1666 4693 non
1713 4637 1870 4699 dixit,
1903 4645 2025 4690 ante

2137 4632 2245 4704 γὰρ
2271 4626 2424 4695 οὗτός
2451 4648 2606 4701 φησι,
2631 4631 2710 4702 τῷ
2731 4632 2906 4686 ὀπίσω
2929 4632 3020 4686 τοῦ
3050 4632 3184 4686 Θεοῦ
3216 4632 3444 4702 κεκολλη
3455 4634 3605 4703 μένῳ
3624 4632 3723 4703 τὴν

450 4747 556 4797 me.
603 4733 721 4788 Hoc
759 4748 977 4803 quoque
1017 4734 1194 4802 ipsum
1247 4732 1467 4788 cuidam
1519 4748 1617 4800 pro
1655 4731 1768 4785 vita
1822 4739 2025 4785 aeterna

2133 4725 2236 4796 τῆς
2262 4724 2443 4791 δεξιᾶς
2469 4720 2610 4779 εἶναι
2635 4725 2949 4796 ἀντίληψιν·
2980 4725 3123 4779 οὕτω
3153 4725 3313 4778 κάκεῖ
3337 4727 3370 4796 ὴ
3401 4726 3525 4795 χεὶρ
3557 4726 3722 4778 ἀπτε-

448 4827 779 4896 supplicanti
831 4825 1079 4897 praecipit
1134 4826 1381 4880 dicens:
1439 4843 1458 4876 ι
1496 4821 1632 4878 Veni
1685 4831 1739 4878 et
1795 4837 2025 4893 sequere

2135 4835 2220 4870 ται
2247 4817 2342 4871 τοῦ
2371 4817 2430 4872 ἐν
2455 4820 2522 4889 τῇ
2559 4817 2736 4889 πέτρᾳ
2776 4817 2876 4888 τὴν
2911 4817 3062 4872 θείαν
3109 4817 3292 4889 φωνὴν
3334 4817 3724 4888 ἀναμένοντος,

447 4935 536 4974 me
567 4941 578 4975 :
611 4939 631 4972 ι
657 4919 750 4989 qui
780 4929 961 4974 autem
995 4919 1268 4989 sequitur,
1298 4935 1404 4972 non
1433 4916 1648 4980 faciem,
1685 4916 1779 4972 sed
1813 4924 2027 4984 tergum

447 5013 664 5083 aspicit.
715 5012 954 5068 Docetur
1006 5012 1174 5082 igitur
1222 5009 1440 5082 Moyses
1487 5009 1808 5065 desiderans
1859 4997 2028 5063 Deum

448 5107 667 5169 videre,
701 5105 978 5175 quomodo
1018 5111 1200 5174 potest
1245 5102 1390 5159 Deus
1419 5101 1634 5169 videri;
1677 5101 1830 5171 sequi
1880 5101 2028 5159 enim

448 5188 620 5243 Deum
667 5191 833 5248 corde
876 5206 941 5246 ac
975 5190 1159 5250 animo
1202 5205 1422 5262 semper
1465 5205 1797 5261 quocunque
1843 5189 2028 5257 ducat,

450 5281 690 5352 idipsum
733 5291 820 5339 est
849 5283 1018 5338 Deum
1046 5283 1232 5339 videre
1261 5285 1342 5337 ἠε
1385 5283 1588 5338 etenim
1634 5281 1901 5338 transitus
1939 5282 2032 5337 ille

453 5373 570 5436 Dei,
619 5375 814 5431 ducem
861 5392 983 5432 esse
1035 5375 1204 5432 Deum
1253 5375 1536 5446 sequentis
1569 5373 1875 5445 significat,
1904 5389 2030 5428 cum

451 5481 559 5520 non
594 5467 665 5522 sit
693 5469 954 5538 possibile
990 5471 1133 5524 viam
1175 5469 1449 5540 ignoranti
1490 5476 1639 5523 recte
1670 5483 1734 5522 ac
1765 5474 1882 5522 tuto
1927 5465 2031 5523 iter

453 5573 738 5628 peragere,
769 5561 875 5615 nisi
905 5569 1028 5632 post
1055 5562 1250 5618 ducem
1280 5569 1431 5618 recte
1459 5569 1744 5632 sequatur.

2136 4912 2230 4965 καὶ
2268 4912 2497 4965 κατόπιν
2526 4911 2838 4964 ἀκολουθεῖν
2870 4912 3192 4982 εὐχομένου.
3234 4910 3393 4964 Ἀλλὰ
3429 4909 3528 4962 καὶ
3553 4911 3582 4962 6
3613 4910 3727 4963 Κύ-

2137 5021 2270 5074 ριος,
2301 5005 2329 5057 6
2354 5003 2474 5056 τότε
2505 5003 2582 5074 τῷ
2609 5004 2834 5057 Μωῦσεί
2856 5003 3222 5074 χρηματίσας,
3255 5003 3284 5055 6
3306 5001 3603 5073 πληρωτὴς
3627 5001 3724 5056 τοῦ

2140 5097 2268 5151 ἰδίου
2319 5097 2486 5166 νόμου
2536 5095 2846 5166 γενόμενος,
2890 5096 3090 5166 ὁμοίως
3135 5096 3270 5168 πρὸς
3313 5097 3439 5158 τοὺς
3472 5095 3726 5164 μαθητὰς

2137 5188 2490 5262 διεξέρχεται,
2529 5189 2864 5260 ἀπογυμνῶν
2901 5187 3011 5242 τῶν
3042 5189 3102 5242 ὲν
3131 5188 3414 5258 αἰνίγματι
3444 5187 3723 5258 ῥηθέντων

2137 5282 2218 5344 εἰς
2249 5282 2310 5334 τὸ
2343 5279 2582 5351 ἐμφανὲς
2612 5282 2712 5353 τὴν
2756 5281 2994 5336 διάνοιαν
3025 5296 3040 5312 ⁸
3093 5299 3112 5332 ι
3148 5279 3216 5334 Εἴ
3255 5298 3337 5344 τις
3372 5279 3518 5332 θέλει
3546 5278 3726 5331 ὀπίσω

2141 5393 2244 5446 μου
2273 5373 2470 5438 ἐλθεῖν,
2501 5393 2520 5425 ι
2562 5373 2774 5442 λέγων·
2814 5375 2936 5439 οὐκ,
2979 5372 3051 5428 Εἰ
3085 5391 3170 5438 τις
3218 5372 3550 5444 ἔμπροσθεν.
3611 5371 3724 5424 Καὶ

2139 5463 2216 5534 τῷ
2265 5464 2393 5534 περὶ
2422 5464 2520 5534 τῆς
2563 5464 2782 5518 αἰωνίου
2808 5463 2954 5534 ζωῆς
2977 5463 3295 5529 ἱκετεύοντι,
3319 5461 3380 5515 τὸ
3405 5461 3541 5516 αὐτὸ
3565 5461 3724 5514 τοῦτο

2142 5559 2473 5614 ὑποτίθεται·
2505 5577 2522 5608 ι
2547 5558 2716 5631 Δεῦρο
2747 5578 2764 5609 ι
2805 5559 2934 5628 γὰρ,
2968 5559 3153 5629 φησὶν,
3190 5577 3208 5609 ι
3236 5556 3521 5610 ἀκολούθει
3549 5571 3661 5626 μοι·
3697 5573 3718 5606 ι

455 5655 482 5703 ο
509 5653 568 5706 se
602 5654 931 5722 ἀκολουθῶν,
976 5656 1039 5710 τὸ
1069 5656 1292 5712 ὀπισθεν
1323 5656 1527 5726 βλέπει.
1557 5655 1766 5711 Οὐκοῦν
1794 5656 2103 5710 διδάσκεται
2133 5656 2228 5710 νῦν
2263 5658 2291 5709 6
2324 5655 2581 5726 Μωῦσῆς,
2615 5653 2644 5704 6
2680 5655 2805 5708 ἰδεῖν
2834 5656 2925 5711 τὸν
2957 5655 3091 5710 Θεὸν
3132 5654 3398 5716 σπεύδων,
3430 5655 3548 5717 πῶς
3577 5653 3722 5706 ἔστιν

554 5852 868 5932 ¹⁴ξ³ξειμχιῃ
907 5855 960 5929 4.
1029 5856 1073 5889 ⁷³
1110 5855 1276 5913 Psal..
1318 5873 1446 5925 ωιιι,
1485 5858 1537 5914 9.
1603 5859 1646 5890 ⁷³
1674 5856 1804 5917 Luc.
1844 5873 1916 5923 ix,
1964 5858 2032 5912 ‘25

2131 5857 2176 5889 ⁷⁸
2207 5857 2368 5924 )larc.
2411 5873 2462 5926 ις,
2499 5856 2589 5925 Eli.
