3876 6218
219 391 329 448 ‘09

1600 392 1686 448 DE
1720 393 1886 448 VlTA
1920 390 2197 449 MOYSIS.

3392 388 3497 441 480

223 509 358 559 ἰδεῖν
387 505 479 558 τὸν
521 506 682 559 Θεόν·
715 507 798 560 ὅτι
844 507 906 560 τὸ
934 508 1247 562 ἀκολουθεῖν
1297 509 1375 579 τῷ
1411 508 1552 580 Θεῷ,
1593 511 1716 564 καθ’
1751 513 1889 584 ὅπερ
1922 511 1988 564 ἂν
2027 509 2368 578 καθηγεῖται,
2402 505 2558 559 τοῦτο
2593 504 2808 574 βλέπειν
2836 503 2952 557 ἐστὶ
2989 502 3079 556 τὸν
3110 501 3276 555 Θεόνο
3321 504 3354 572 ἡ
3386 501 3497 572 γὰρ

220 599 462 668 πάροδος
501 599 665 651 αυτοῦ
706 599 805 670 τὴν
835 600 1058 670 ὀδηγίαν
1078 599 1172 653 τοῦ
1202 601 1471 671 ἑπομένου
1506 601 1880 672 διασημαίνει,
1914 603 1974 655 οὐ
2004 601 2113 672 γὰρ
2142 598 2288 651 ἐστιν
2319 599 2492 660 ἄλλως
2521 596 2612 649 τὸν
2642 596 2938 663 ἀγνοοῦντα
2963 594 3058 664 τήν
3090 595 3208 646 ὁδον
3239 591 3498 663 ἀσφαλῶς

215 691 496 755 διανύσαι,
529 692 603 761 μὴ
634 690 712 761 τῷ
744 692 1138 764 καθηγουμένῳ
1167 695 1396 748 κατόπιν
1437 694 1720 766 ἑπόμενον.

305 784 366 836 '0
390 779 482 837 οῦν
512 784 743 852 ὁδηγῶν,
776 783 854 854 τῷ
880 786 1237 856 προηγεῖσθαι
1273 786 1369 840 τοῦ
1414 787 1680 858 ἑπομένου
1720 789 1820 858 τὴν

1993 783 2114 838 Dux
2150 783 2318 852 igitur
2355 783 2652 850 praeeundo
2686 779 2934 849 sequenti
2983 779 3127 832 viam
3177 786 3447 832 monstrat
3478 794 3494 830 :

218 877 344 932 ὁδὸν
389 876 767 929 ὑποδείκνυσιν
795 893 810 908 ·
855 877 884 929 ὁ
913 876 971 929 δέ
1002 876 1290 946 ἑπόμενος,
1320 876 1443 930 τότε
1472 878 1570 948 τῆς
1598 877 1814 941 εὐθείας

219 969 328 1021 οὐκ
373 969 805 1039 ἐπιτραπήσεται,
855 968 903 1018 εί
951 967 1013 1020 τὸ
1056 967 1232 1020 ὀπίσω
1264 967 1353 1021 ἀεὶ
1383 967 1480 1020 τοῦ
1510 968 1812 1038 ἡγουμένου

223 1056 440 1127 βλέποι.
485 1058 540 1110 '0
569 1056 676 1128 γὰρ
703 1057 797 1110 ἐπὶ
833 1055 904 1111 τά
931 1057 1134 1126 πλάγια
1155 1061 1224 1129 τῇ
1252 1059 1465 1130 κινήσει
1498 1061 1813 1131 παραφερόο

225 1164 414 1216 μενος,
443 1147 476 1217 ἢ
503 1148 918 1219 ἀντιπρόσωπον
948 1149 1130 1219 φέρων
1158 1148 1236 1220 τῷ
1257 1149 1540 1220 ὁδηγοῦντι
1565 1149 1626 1202 τὸ
1651 1150 1816 1220 βλέμ-

225 1254 308 1306 μα
328 1278 344 1301 ,
380 1237 548 1307 ἀλλην
577 1238 756 1310 ἐαυτῷ
781 1244 1097 1313 καινοτομεῖ
1132 1241 1379 1314 πορείαν,
1410 1243 1510 1313 οὐχ
1543 1244 1608 1314 ἥν
1633 1245 1662 1295 ὁ
1691 1243 1815 1314 ὁδη-

221 1329 322 1396 γὸς
354 1329 720 1385 ὑποδείκνυσι.
753 1331 845 1382 Διό
876 1349 1008 1401 φησι
1037 1332 1174 1401 πρὸς
1201 1333 1293 1386 τὸν
1320 1332 1702 1405 όδηγούμενον,
1734 1335 1817 1388 ὅτι

231 1435 253 1468 ι
292 1417 367 1470 Τὸ
410 1419 702 1489 πρόσωπόν
739 1437 841 1490 μου
874 1422 974 1474 οὐκ
1016 1421 1314 1493 ὀφθήσεταί
1345 1441 1456 1476 σοι·
1497 1442 1517 1476 ι
1547 1424 1812 1489 τουτέστι,

226 1507 308 1578 μὴ
336 1510 754 1579 ἀντιπρόσωπος
797 1511 947 1580 γίνου
978 1511 1056 1582 τῷ
1077 1513 1382 1584 ὁδηγοῦντι.
1421 1515 1565 1586 Πρὸς
1601 1515 1710 1586 γὰρ
1753 1515 1817 1568 τὸ

224 1601 474 1654 ἐναντίον
509 1603 726 1665 πάντως
763 1605 791 1656 ὁ
822 1603 1020 1674 δρόμος
1051 1603 1226 1658 ἔσται’
1259 1606 1464 1675 ἀγαθὸν
1494 1606 1604 1678 γὰρ
1626 1607 1818 1678 ἀγαθῷ

225 1693 331 1745 οὐκ
379 1693 716 1759 ἀντιϐλέπει,
745 1696 859 1748 ἀλλ’
890 1697 1102 1752 ἕπεται.
1135 1698 1210 1750 Τὸ
1253 1697 1310 1752 δέ
1351 1700 1417 1752 ἐκ
1448 1699 1539 1752 τοῦ
1573 1701 1816 1754 ἐναντίου

225 1781 546 1853 νοούμενον,
582 1785 659 1856 τῷ
685 1786 873 1857 ἀγαθῷ
903 1789 1317 1860 ἀντιπρόσωπον
1341 1790 1569 1858 γίνεται.
1623 1791 1688 1844 Ἦ
1707 1792 1817 1864 γὰρ

225 1875 403 1929 κακία
429 1874 490 1940 ἐξ
529 1877 777 1931 ἐναντίου
825 1883 894 1950 τῇ
943 1882 1111 1952 ἀρετῇ
1161 1880 1386 1951 βλέπειο
1428 1883 1599 1954 ἀρετή
1629 1883 1686 1936 δέ
1719 1884 1818 1938 οὐκ

224 1966 642 2038 ἀντιθεωρεῖται
681 1974 774 2042 ,τῇ
838 1972 1006 2044 ἀρετῇ
1068 1974 1509 2048 ἀντιπρόσωπος.
1599 1976 1657 2030 '0
1724 1973 1818 2032 οῦν

225 2059 474 2132 Μωῦσῆς
499 2062 601 2114 οὐκ
632 2063 946 2117 ἀντιϐλέπει
972 2063 1054 2134 τῷ
1077 2063 1222 2136 Θεῷ,
1249 2065 1384 2118 ἀλλά
1413 2065 1482 2119 τὰ
1510 2066 1687 2120 ὀπίσω
1721 2068 1818 2122 αῦ-

1918 875 2014 946 qui
2048 883 2230 929 autem
2267 872 2539 942 sequitur,
2577 882 2708 926 tunc
2739 887 2770 925 a
2812 881 2958 926 recta
2989 873 3076 924 via
3109 886 3218 926 non
3257 871 3495 933 aberrat,

1917 981 2044 1020 cum
2090 979 2306 1034 semper
2345 963 2502 1018 ducis
2540 971 2751 1033 tergum
2786 963 3064 1032 respiciat.
3100 960 3238 1016 Nam
3279 962 3374 1031 qui
3429 962 3498 1016 ad

1917 1059 2090 1113 latera
2122 1073 2183 1113 se
2233 1055 2532 1120 transfert,
2576 1066 2671 1110 aut
2723 1055 2976 1110 ducentis
3028 1053 3222 1110 faciem
3269 1069 3502 1109 cernere

1917 1153 2136 1218 studet,
2169 1167 2281 1205 non
2321 1149 2451 1204 facit
2494 1163 2615 1204 cam
2655 1147 2821 1210 viam,
2861 1161 3024 1216 quam
3058 1145 3170 1200 dux
3201 1147 3442 1200 ostendit
3481 1163 3497 1199 :

1918 1261 1982 1300 ac
2003 1245 2125 1300 ideo
2145 1244 2350 1298 dicitur
2371 1243 2419 1298 ei
2443 1261 2455 1296 :
2484 1260 2502 1292 ι
2527 1239 2719 1296 Facies
2745 1256 2860 1293 mea
2886 1255 2994 1292 non
3014 1239 3289 1294 videbitur
3313 1239 3447 1304 tibi;
3474 1257 3494 1290 ι

1920 1338 2022 1390 hoc
2050 1345 2156 1396 est,
2183 1335 2303 1390 Noli
2334 1334 2402 1389 ad
2433 1333 2628 1388 faciem
2655 1332 2908 1387 ducentis
2937 1330 3031 1385 Dei
3065 1345 3386 1394 occurrere,
3432 1347 3501 1387 ne

1921 1431 1974 1484 in
1993 1427 2300 1499 oppositum
2318 1423 2635 1492 cursusfiat.
2677 1422 2814 1478 Nam
2849 1423 2894 1478 si
2930 1423 3135 1478 bonum
3181 1424 3326 1477 bono
3373 1437 3503 1476 con-

1919 1524 2150 1576 trarium
2187 1535 2297 1575 non
2325 1531 2440 1584 εει,
2473 1527 2530 1573 ει
2559 1516 2656 1588 qui
2685 1515 2938 1571 ducentis
2972 1513 3166 1568 faciem
3195 1514 3344 1567 videt
3365 1553 3380 1578 ,
3405 1513 3504 1568 du-

1918 1610 2067 1664 centi
2092 1609 2379 1678 oppositus
2406 1616 2512 1672 est,
2535 1622 2660 1660 cum
2688 1605 2896 1660 ducens
2918 1604 3097 1658 bonus
3119 1604 3210 1668 sit,
3239 1603 3358 1674 ipse
3387 1617 3502 1656 ma-

1920 1703 2007 1757 lus
2038 1709 2158 1766 est,
2191 1699 2531 1757 contrarium
2566 1697 2755 1752 virtuti
2795 1697 2986 1750 vitium
3024 1713 3037 1748 :
3074 1709 3248 1766 quare
3285 1693 3501 1765 Moyses

1918 1812 2026 1850 non
2064 1810 2132 1849 ex
2164 1793 2417 1864 opposito
2447 1790 2717 1861 conspicit
2759 1788 2951 1852 Deum,
2987 1787 3086 1843 sed
3124 1796 3337 1856 tergum
3375 1786 3500 1855 ejus

1919 1887 2160 1956 respicit.
2196 1884 2331 1938 Nam
2366 1884 2459 1955 qui
2503 1899 2571 1938 ex
2612 1881 2865 1952 opposito
2894 1879 3066 1935 Deum
3113 1879 3353 1950 aspicit,
3387 1895 3500 1934 non

1893 1981 2084 2045 .vivet,
2115 1986 2175 2033 ut
2209 1993 2314 2032 vox
2360 1977 2544 2031 divina
2576 1983 2829 2030 testatur.
2873 1994 2894 2024 ι
2928 1971 3050 2028 Non
3096 1972 3324 2039 videbit,
3364 1990 3383 2022 ι
3417 1971 3502 2025 in-

1920 2071 2060 2139 quit,
2099 2087 2116 2120 c
2155 2069 2319 2122 homo
2348 2066 2542 2121 faciem
2572 2080 2772 2126 meam,
2795 2072 2850 2118 et
2872 2064 3040 2119 vivet.
3077 2081 3098 2115 ι
3132 2061 3298 2117 Vides
3325 2077 3505 2134 quan-

223 2151 326 2205 τοῦ
354 2153 566 2222 βλέπει.
611 2155 669 2208 '0
712 2156 821 2227 γὰρ
846 2156 1206 2222 ἀντιϐλέπων,
1246 2158 1307 2210 οὐ
1341 2157 1603 2228 ζήσεται·
1637 2158 1819 2223 καθὼς

1926 2170 2037 2216 tum
2069 2167 2175 2224 est,
2211 2169 2273 2214 ut
2323 2159 2524 2228 aliquis
2572 2158 2749 2213 discat
2781 2157 2948 2210 Deum
2992 2156 3170 2225 sequi.
3210 2153 3344 2208 Nam
3377 2163 3504 2224 post

230 2244 576 2317 μαρτύρεται
625 2249 659 2318 ἡ
713 2248 833 2301 Θεία
879 2248 1061 2320 φωνὴ,
1115 2249 1198 2302 ὅτι
1233 2267 1252 2302 ι
1285 2250 1474 2315 Οὐδεὶς
1526 2250 1716 2320 ὄψεται
1760 2252 1821 2304 τὸ

227 2337 528 2406 πρόσωπον
560 2339 788 2411 Κυρίου,
825 2341 918 2393 καὶ
941 2339 1184 2410 ζήσεται.
1216 2361 1236 2392 ι
1277 2343 1440 2414 Ὁρᾷς
1465 2343 1590 2396 ὅσον
1616 2344 1734 2397 ἐστὶ
1761 2345 1822 2397 τὸ

227 2427 430 2498 μαθεῖν
479 2430 844 2502 ἀκολουθῆσαι
884 2431 962 2502 τῷ
999 2432 1151 2503 Θεῷο
1205 2433 1287 2487 ὅτι
1318 2434 1459 2504 μετά
1484 2434 1584 2499 τὰς
1611 2435 1822 2506 ὑψηλὰς

226 2521 452 2584 ἐκείνας
481 2522 799 2590 ἀναϐάσεις,
831 2526 928 2578 καὶ
955 2523 1053 2588 τὰς
1082 2524 1324 2597 φοϐεράς
1360 2545 1421 2580 τε
1449 2528 1545 2581 καὶ
1577 2528 1822 2592 ἐνδόξους

227 2611 579 2679 θεοφανείας,
607 2613 742 2684 πρὸς
770 2612 848 2684 τῷ
871 2613 1014 2667 τέλει
1045 2633 1147 2668 που
1182 2617 1280 2686 τῆς
1309 2613 1474 2686 ζωῆς,
1515 2615 1670 2686 μόγις
1692 2616 1821 2668 ταύ-

225 2717 335 2768 της
361 2700 605 2766 ἀξιοῦται
632 2703 732 2772 τῆς
759 2704 1004 2774 χάριτος,
1034 2706 1062 2757 ὁ
1099 2698 1288 2774 μαθὼν
1315 2705 1545 2758 κατόπιν
1576 2704 1821 2773 γίνεσθαι

227 2792 393 2846 Θεοῦ.
427 2793 518 2864 Τῷ
541 2794 598 2847 δὲ
624 2794 796 2858 οὕτως
831 2795 1085 2866 ἑπομένῳ
1111 2795 1190 2866 τῷ
1215 2795 1355 2866 Θεῷ,
1381 2796 1566 2849 οὐκέτι
1599 2797 1710 2849 τῶν
1736 2796 1825 2850 διὰ

230 2886 438 2950 κακίας
494 2888 985 2960 προσοχθισμάτων
1055 2889 1354 2943 ἀντιϐαίνει
1413 2889 1587 2943 οὐδέν.
1669 2889 1824 2942 Μετὰ

227 2979 408 3032 ταῦτα
454 2981 566 3052 γὰρ
621 2981 812 3048 φθόνος
859 2981 1008 3052 αύτῷ
1054 2981 1207 3054 παρὰ
1255 2981 1364 3034 τῶν
1403 2980 1649 3050 ἀδελφῶν
1701 2983 1824 3034 ἐπι·

232 3070 437 3140 φύεται
458 3089 470 3100 ·
519 3070 732 3140 φθόνος,
762 3073 826 3124 τὸ
856 3074 1167 3142 ἀρχέκακον
1195 3072 1384 3135 πάθος,
1414 3075 1441 3125 ὁ
1469 3073 1563 3125 τοῦ
1593 3071 1822 3126 θανάτου

232 3163 443 3234 πατὴρ,
465 3165 498 3234 ἠ
524 3163 718 3235 πρώτη
751 3165 850 3235 τῆς
884 3165 1157 3236 ἁμαρτίας
1187 3164 1411 3230 εῐσοδος,
1439 3166 1471 3234 ή
1499 3163 1600 3234 τῆς
1627 3164 1826 3226 κακίας

232 3253 388 3326 ῥίζα,
413 3258 447 3326 ή
482 3257 578 3327 τῆς
611 3256 788 3327 λύπης
819 3255 1052 3324 γένεσις,
1091 3257 1124 3326 ή
1157 3256 1263 3309 τῶν
1293 3255 1587 3326 συμφορῶν
1620 3256 1823 3326 μήτηρ,

232 3348 273 3416 ἡ
321 3347 421 3416 τῆς
464 3347 747 3411 ἀπειθείας
792 3347 1072 3413 ὑπόθεσις,
1120 3349 1154 3418 ἡ
1197 3348 1295 3418 τῆς
1343 3348 1608 3417 αἰσχύνης
1657 3349 1824 3417 ἀρχή.

1897 2253 2046 2308 .illos
2089 2266 2356 2306 ascensus
2400 2249 2706 2312 mirabiles,
2757 2254 2882 2318 post
2926 2246 3199 2317 gloriosas
3235 2244 3500 2309 visiones,

1923 2351 2048 2415 post
2079 2343 2324 2397 inaudita
2357 2341 2645 2403 miracula,
2682 2341 2769 2393 vix
2806 2339 2966 2409 juxta
3007 2337 3171 2393 finem
3201 2337 3327 2392 vita:
3357 2337 3504 2392 hanc

1898 2442 2255 2492 consecutus
2294 2442 2377 2489 est
2413 2435 2666 2503 gratiam,
2705 2442 2779 2485 ut.
2803 2431 3037 2486 disceret
3074 2429 3245 2485 Deum
3286 2429 3442 2499 sequi
3485 2447 3499 2482 :

1923 2527 2062 2581 nihil
2083 2526 2229 2580 enim
2259 2524 2495 2594 amplius
2519 2521 2648 2575 mali
2673 2520 2889 2576 officere
2919 2521 2993 2574 illi
3024 2527 3224 2589 potest,
3251 2519 3345 2590 qui
3374 2526 3501 2590 post

1897 2616 2096 2672 .Deum
2131 2617 2236 2670 hoc
2279 2615 2444 2670 modo
2477 2613 2810 2668 constitutus
2842 2620 2947 2668 est.
2979 2611 3187 2665 Invidia
3229 2620 3354 2681 post
3386 2611 3504 2665 haec

1925 2711 2169 2764 fraterna
2212 2709 2390 2778 ipsum
2423 2706 2651 2770 invadit,
2682 2704 2888 2759 invidia
2921 2707 3188 2759 malorum
3221 2705 3502 2774 princeps,

1925 2805 2121 2859 mortis
2151 2811 2345 2866 mater,
2375 2802 2548 2872 prima
2585 2800 2794 2870 peccati
2818 2798 3012 2868 janua,
3033 2798 3292 2852 vitiorum
3323 2796 3501 2860 radix,

1925 2894 2133 2948 doloris
2182 2893 2427 2952 initium,
2477 2888 2803 2942 calamitatis
2841 2902 3072 2957 parens,
3119 2885 3506 2942 inobedientiae

1925 2999 2130 3049 causa,
2170 2981 2482 3051 ignominiaa
2528 2979 2881 3049 principium.
2933 2977 3145 3031 Invidia
3198 2977 3344 3031 enim
3403 2990 3506 3030 nos

1927 3077 2087 3146 longe
2124 3071 2508 3129 exterminavit
2551 3087 2581 3124 a
2630 3069 2922 3140 paradiso,
2975 3084 3130 3124 versa
3177 3068 3230 3121 in
3278 3083 3508 3138 serpen-

1927 3177 2035 3223 tem
2061 3168 2327 3224 adversus
2369 3168 2533 3221 Evam
2569 3185 2581 3220 :
2625 3167 2828 3220 invidia
2870 3165 3070 3234 repulit
3103 3178 3132 3216 a
3177 3165 3324 3232 ligno
3356 3159 3504 3224 vitae,

1929 3260 2217 3328 sacrisque
2252 3257 2712 3328 impassibilitatis
2746 3255 2994 3310 vestibus
3026 3253 3308 3314 detractis,
3347 3249 3506 3305 ficul-

1931 3353 2050 3407 neis
2079 3351 2443 3422 ignominiose
2473 3349 2622 3404 foliis
2655 3348 2832 3404 induit
2868 3367 2880 3401 :
2913 3347 3116 3402 invidia
3147 3345 3281 3400 Cain
3313 3343 3510 3399 adver-

232 3438 437 3500 Φθόνος
470 3441 619 3510 ήμᾶς
667 3439 762 3493 τοῦ
807 3440 1137 3511 παραδείσου
1184 3439 1468 3509 ἐξῴκισεν,
1519 3440 1640 3508 ὄφις
1687 3439 1823 3492 κατὰ

1932 3461 2028 3499 ειιε
2055 3443 2278 3498 fratrem
2306 3442 2557 3507 armavit,
2578 3449 2809 3496 mortem
2831 3455 2952 3510 quae
2977 3438 3286 3508 septuplum
3315 3436 3510 3506 punita

233 3531 337 3600 τῆς
391 3529 538 3594 Εὔας
585 3531 874 3602 γενόμενος
908 3548 921 3560 '
975 3531 1170 3601 φθόνος
1206 3531 1300 3584 τοῦ
1347 3531 1506 3598 ξύλου
1551 3532 1652 3600 τῆς
1685 3530 1829 3599 ζωῆς

234 3623 558 3693 ἀπετείχισε
584 3664 598 3686 ,
644 3625 740 3677 καὶ¹
789 3622 897 3677 τῶν
943 3623 1106 3695 ἱερῶν
1157 3624 1472 3694 ἐνδυμάτων
1515 3623 1828 3694 γυμνώσας,

234 3719 351 3776 τοῖς
369 3716 470 3786 τῆς
502 3720 674 3787 συκῆς
698 3716 909 3780 κλάδοις
937 3717 1003 3770 δι’
1031 3717 1297 3787 αἰσχύνης
1325 3717 1600 3787 ὑπήγαγε.
1635 3716 1832 3778 Φθόνος

235 3810 330 3862 τὸν
381 3809 522 3862 Κάῖν
553 3808 696 3862 κατά
725 3809 825 3880 τῆς
854 3809 1070 3878 φύσεως
1099 3807 1328 3870 ὥπλισε,
1357 3809 1452 3861 καὶ
1481 3808 1570 3861 τὸν
1601 3807 1830 3869 ἑπτάκις

240 3899 625 3970 ἑκδικούμενον
651 3899 1044 3970 ἐκαινοτόμησε
1067 3899 1318 3954 θάνατον.
1362 3899 1560 3963 Φθόνος
1585 3899 1676 3952 τὸν
1715 3899 1831 3950 Ἰω-

241 3995 352 4063 σὴφ
383 3992 575 4046 δοῦλον
600 3991 845 4062 ἐποίησε.
874 3991 1070 4056 Φθόνος
1095 3991 1156 4046 τὸ
1179 3991 1553 4064 θανατηφόρον
1583 3995 1829 4063 κέντρον,

237 4085 301 4139 τὺ
332 4085 714 4156 κεκρυμμένον
740 4084 924 4150 ὅπλον,
950 4087 984 4156 ή
1014 4085 1113 4157 τῆς
1143 4084 1360 4155 φύσεως
1391 4086 1566 4149 νόσος,
1597 4086 1626 4136 ὁ
1659 4085 1831 4156 χολώ-

239 4184 339 4250 δης
378 4179 476 4242 ἰὸς,
507 4180 543 4249 ἡ
573 4179 820 4244 ἑκούσιος
846 4178 1114 4250 τηκεδὼν,
1143 4178 1206 4231 τὸ
1233 4177 1428 4248 πικρὸν
1460 4177 1634 4248 βέλος,
1677 4181 1706 4232 ὁ
1732 4179 1832 4250 τῆς

237 4274 422 4343 ψυχῆς
469 4268 620 4344 ἧλος,
664 4273 727 4326 τὸ
775 4272 1062 4344 ἐγκάρδιον
1107 4271 1240 4343 πῦρ,
1275 4274 1309 4342 ἠ
1347 4273 1462 4335 τοῖς
1504 4271 1833 4342 σπλάγχνοις

239 4363 581 4436 ἐγκαιομένη
611 4364 762 4434 φλόξ.
798 4361 871 4436 τῼ
898 4364 1154 4435 ἀτύχημα
1184 4364 1283 4435 μέν
1313 4364 1481 4429 ἐστιν,
1523 4363 1582 4415 οὐ
1610 4361 1670 4415 τὸ
1701 4362 1832 4416 ῐδιον

244 4457 442 4524 κακὸν,
464 4457 601 4511 ἀλλά
629 4457 691 4512 τὸ
719 4457 999 4527 ἀλλότριον
1023 4456 1249 4524 ἀγαθόν.
1277 4455 1623 4527 Κατόρθωμα
1647 4455 1704 4508 δὲ
1728 4455 1833 4507 πά-

243 4549 329 4603 λιν
359 4550 426 4602 ἐκ
449 4549 542 4602 τοῦ
578 4549 844 4614 ἐναντίου,
873 4549 934 4601 οὐ
963 4549 1026 4601 τὸ
1047 4549 1246 4601 οἰκεῖον
1276 4547 1460 4610 καλὸν,
1491 4546 1630 4600 ἀλλὰ
1650 4545 1712 4600 τὸ
1738 4543 1831 4598 τοῦ

241 4643 420 4706 πέλας
447 4642 638 4696 κακόν.
673 4641 870 4705 Φθόνος
893 4642 922 4694 ὁ
945 4642 1066 4703 ταῖς
1091 4640 1369 4710 εὐτυχίαις
1395 4638 1503 4692 τῶν
1529 4637 1627 4691 ἀνθ
1637 4636 1834 4708 ρώπων

243 4734 692 4806 ἑποδυνώμενος,
748 4734 845 4788 καὶ
873 4772 877 4777 .
907 4735 1028 4796 ταῖς
1088 4733 1393 4802 συμφοραῖς
1458 4714 1830 4800 ἐπεμϐαίνων.

1932 3545 2040 3597 εει,
2067 3533 2304 3588 induxit.
2332 3532 2541 3586 Invidia
2573 3531 2776 3601 Joscplt
2811 3531 2864 3584 in
2899 3530 3218 3584 servitutem
3247 3527 3506 3590 detrusit,

1933 3625 2138 3679 invidia
2165 3665 2178 3689 ,
2213 3624 2369 3688 dico,
2415 3623 2667 3677 mortifer
2702 3623 2981 3681 stimulus,
3031 3635 3222 3673 mucro
3259 3617 3512 3673 recondi-

1910 3729 2042 3778 tus,
2083 3726 2292 3771 natura?
2327 3717 2588 3781 morbus,
2618 3714 2743 3769 bilis
2779 3727 3085 3773 venenosa,
3116 3711 3268 3766 tabes
3316 3717 3511 3779 sponte

1933 3810 2198 3870 adhibita,
2239 3809 2404 3862 telum
2463 3823 2729 3870 amarum,
2782 3807 2951 3875 figens
3003 3803 3239 3857 animam
3285 3801 3508 3864 clavus,

1932 3902 2151 3955 flaiiima
2177 3901 2384 3962 cordis,
2416 3899 2800 3952 intestinorum
2832 3897 2996 3967 ignis,
3025 3897 3165 3948 hanc
3195 3893 3289 3963 qui
3320 3892 3508 3956 habet,

1933 4007 2042 4047 non
2068 3992 2185 4047 suis
2211 3991 2389 4053 malis,
2418 3991 2512 4044 sed
2541 3990 2736 4044 alienis
2764 3989 2919 4042 bonis
2950 3985 3141 4040 infelix
3162 3992 3268 4050 est,
3298 3991 3353 4038 et
3376 3997 3512 4037 con-

1908 4093 2016 4138 .tra
2046 4098 2152 4137 non
2185 4098 2287 4137 suo
2319 4083 2486 4145 bono,
2522 4079 2620 4136 sed
2648 4078 2810 4132 malis
2844 4076 3080 4147 proximi
3114 4074 3242 4130 felix
3272 4082 3357 4128 est
3385 4091 3400 4128 :
3435 4072 3513 4126 in-

1932 4177 2092 4232 vidus
2133 4175 2278 4230 enim
2321 4173 2580 4228 felicitate
2625 4172 2858 4225 aliorum
2891 4169 3074 4231 dolet,
3107 4166 3512 4222 calamitatibus

1933 4267 2168 4340 gaudet.
2191 4265 2452 4322 Vultures
2492 4264 2638 4319 cnim
2667 4263 2760 4334 qui
2791 4261 3150 4316 cadaveribus
3184 4267 3508 4330 pascuntur,

1934 4368 2214 4432 unguento
2251 4358 2436 4413 necari
2471 4356 2627 4411 aiunt
2659 4375 2671 4409 :
2710 4353 2924 4410 videtur
2951 4354 3097 4408 enim
3129 4353 3373 4423 ipsorum
3410 4365 3510 4405 na-

1935 4463 2058 4508 tura
2082 4452 2148 4506 ad
2172 4450 2450 4522 putridum
2475 4464 2540 4503 ac
2562 4449 2914 4519 purulentum
2935 4463 3057 4502 esse
3073 4444 3270 4500 affinis:
3291 4443 3511 4513 quando

1934 4559 2064 4598 vero
2096 4543 2224 4596 huic
2255 4541 2448 4595 morbo
2487 4537 2771 4608 subjectus
2815 4544 2902 4592 est
2941 4536 3162 4606 aliquis,
3209 4533 3512 4587 amicorum

1933 4633 2240 4687 commodis
2267 4632 2427 4702 quasi
2466 4637 2744 4700 unguento
2769 4627 3033 4682 tabescit:
3062 4634 3114 4680 et
3138 4624 3184 4680 si
3215 4623 3344 4694 quid
3367 4623 3513 4676 cala-

1936 4730 2194 4782 mitosum
2227 4724 2488 4780 incidisse
2515 4724 2764 4793 proximo
2789 4718 3142 4783 intellexerit,
3170 4717 3318 4786 illico
3346 4714 3514 4769 advo-

243 4805 572 4897 Φθείρεσθαι
616 4828 742 4889 τοὺς
787 4825 1144 4896 νεκροϐόρους
1186 4820 1494 4891 γύπας.τῷ
1539 4820 1698 4890 μύρῳ
1742 4818 1823 4872 λέ-

1941 4822 2034 4881 lat,
2071 4825 2254 4875 rostro
2287 4817 2496 4871 invadit
2539 4813 2836 4874 adunco,si
2879 4825 2986 4880 qua
3019 4810 3224 4873 latent,
3255 4805 3516 4861 distrahit

245 4935 408 4987 γουσι
431 4933 447 4948 ο
497 4917 633 4987 πρὸς
667 4917 777 4987 γὰρ
805 4916 866 4968 τὸ
897 4915 1128 4977 δυσῶδες
1153 4913 1246 4966 καὶ
1273 4911 1554 4983 διεφθορὸς
1584 4909 1765 4964 αὐτῶν
1793 4911 1828 4981 ή

245 5012 414 5084 φύσις
445 5008 753 5080 ᾡκείωται·
791 5008 886 5060 καὶ
914 5009 944 5060 ὁ
971 5009 1038 5077 τῇ
1069 5006 1210 5076 νόσῳ
1236 5003 1410 5077 ταύτῃ
1441 5000 1832 5074 κρατούμενος,

247 5108 315 5176 τῇ
366 5102 465 5172 μὲν
511 5100 783 5172 εὐημερίᾳ
832 5099 941 5153 τῶν
1003 5097 1211 5168 φίλων,
1275 5095 1389 5150 οἷόν
1448 5112 1594 5158 τινος
1659 5094 1832 5166 μύρου

246 5190 529 5270 προσϐολῇ
561 5187 1001 5265 καταφθείρεταιζ
1047 5193 1110 5244 Εἰ
1149 5190 1208 5244 δέ
1242 5208 1296 5244 τι
1329 5189 1499 5252 πάθος
1530 5191 1594 5242 ἐκ
1625 5204 1836 5259 συμφο-

253 5291 355 5361 ρᾶς
391 5286 533 5350 ἴδοι,
557 5286 693 5356 πρὸς
740 5284 898 5338 τοῦτο
941 5282 1305 5347 καθίπταται,
1351 5281 1446 5334 καὶ
1491 5278 1552 5332 τὸ
1598 5278 1835 5347 ἀγκύλον

248 5381 449 5446 ἐπάγει
491 5378 696 5448 στόμα,
743 5377 812 5430 τὰ
843 5375 1200 5446 κεκρυμμένα
1239 5373 1472 5440 ἐξέλκων
1502 5371 1597 5425 τοῦ
1639 5372 1832 5425 δυστυ-

212 5479 218 5492 ’
250 5476 518 5545 Χήματος·
561 5469 794 5533 Πολλοὺς
833 5470 862 5522 ὁ
895 5469 1086 5538 φθόνος
1113 5467 1223 5520 τῶν
1253 5466 1362 5536 πρὸ
1389 5465 1667 5528 Μωῦσέως
1701 5482 1832 5518 κατ-

252 5564 582 5635 ηγωνίσατο.
631 5562 722 5632 Τῷ
747 5561 806 5614 δὲ
846 5560 1066 5632 μεγάλῳ
1089 5558 1264 5628 τούτῳ
1292 5557 1694 5629 προσενεχθεὶς,
1721 5550 1833 5610 οἷόν

250 5676 361 5712 τινι
414 5656 642 5725 πλάσμα
689 5650 914 5724 πήλινον
965 5651 1140 5722 πέτρα
1184 5649 1564 5721 προσαραχθὲν
1589 5689 1606 5713 ,
1655 5649 1832 5719 ἐαυτῷ

254 5748 650 5820 περιτρίϐεται.
699 5740 787 5800 Ἐν
819 5745 995 5816 τούτῳ
1035 5745 1144 5814 γὰρ
1179 5743 1413 5813 μάλιστα
1442 5739 1708 5810 διεδείχθη
1737 5742 1835 5811 τῆς

257 5841 398 5931 μετά
429 5840 523 5903 τοῦ
551 5839 688 5894 Θεοῦ
719 5840 944 5923 πορείας
974 5838 1032 5892 τὸ
1071 5837 1276 5920 κέρδος,
1313 5835 1378 5921 ήν
1407 5836 1639 5905 ἐποιεῖτο
1673 5829 1833 5882 Maii)-

1940 4921 2106 4981 atque
2151 4910 2418 4979 dissipat,
2454 4915 2510 4961 et
2559 4907 2614 4960 in
2655 4905 2893 4958 medium
2934 4901 3193 4972 proponit
3233 4897 3508 4952 omnibus.

1939 5004 2140 5058 Multos
2173 5000 2392 5057 invidiae
2435 4999 2658 5053 morbus
2706 5004 2832 5050 ante
2865 4994 3034 5065 Moysi
3077 5001 3326 5061 tempora
3366 4991 3512 5058 deje-

1939 5096 2032 5151 cit.
2068 5093 2290 5165 Moysen
2319 5106 2450 5146 vero
2479 5103 2768 5160 aggressus
2791 5127 2806 5150 ,
2837 5095 3097 5155 tanquam
3141 5097 3239 5138 vas
3269 5081 3418 5152 figuli
3455 5081 3512 5134 in

1939 5187 2171 5258 lapidem
2196 5185 2444 5240 collisum
2474 5182 2712 5237 dirutus.
2742 5194 2806 5232 ac
2835 5179 2888 5232 in
2915 5178 3000 5230 via
3025 5173 3298 5230 contritus
3321 5181 3425 5236 est,
3454 5172 3511 5225 in

1939 5295 2050 5350 quo
2082 5279 2336 5340 maxime,
2359 5281 2624 5345 quantum
2650 5273 2721 5327 sit
2742 5286 2867 5324 cum
2901 5268 3010 5323 Deo
3030 5267 3334 5330 ambulare,
3365 5260 3512 5332 quod

1942 5373 2154 5443 Moyses
2181 5369 2434 5432 faciebat,
2463 5366 2625 5421 facile
2657 5362 2989 5433 prospicitur
3017 5376 3030 5412 :
3061 5358 3338 5428 quomodo
3364 5357 3510 5412 enim

1939 5463 2142 5518 invidia
2181 5461 2254 5514 illi
2287 5460 2483 5513 obesse
2525 5458 2824 5527 potuisset,
2855 5452 2948 5522 qui
2988 5451 3172 5505 divino
3208 5449 3393 5503 studio
3425 5457 3511 5500 at-

1931 5570 2046 5633 ἱιιιιε
2077 5555 2196 5607 loco
2226 5549 2518 5605 cucurrit?
2547 5547 2638 5617 qui
2674 5547 2727 5598 in
2760 5544 2934 5613 lapide
2975 5543 3148 5606 stetit,
3175 5540 3307 5594 etin
3342 5554 3518 5608 capa-

1938 5649 2161 5701 citatem
2208 5643 2381 5706 ipsius
2437 5641 2614 5694 fuerat
2658 5636 2978 5692 immissus?
3021 5635 3114 5705 qui
3167 5633 3333 5688 Deum
3390 5637 3512 5701 post

1940 5747 2089 5808 terga
2121 5733 2482 5805 sequebatur?
2511 5731 2604 5801 qui
2637 5745 2744 5783 non
2773 5728 3024 5782 ducentis
3055 5725 3247 5780 faciem
3288 5723 3514 5791 aspicies

1947 5806 2060 5892 hat,
2118 5830 2208 5883 sed
2266 5837 2475 5896 tergum
2534 5824 2795 5881 obedicns
2852 5815 3216 5890 respiciebat?
3282 5806 3518 5862 δεοιιιιιει
