3876 6218
401 378 497 430 ιιι
1621 387 1681 446 S.
1725 391 2055 451 GllEGORlI
2093 395 2388 453 NYSSENI
3556 407 3667 460 U2

401 490 569 547 Deum
599 499 706 556 est.
741 491 950 548 idcirco
978 495 1189 560 beatus,
1220 496 1426 552 idcirco
1455 501 1617 556 altior
1641 503 1780 569 fuit,
1812 522 1949 576 quan

2083 513 2200 580 σῆς.
2234 513 2262 564 6
2290 513 2348 564 ἐν
2373 510 2451 582 τῷ
2477 510 2604 581 θείῳ
2636 511 2784 580 τόπῳ
2805 511 3049 583 δραμὼν,
3082 514 3174 568 καὶ
3202 517 3295 569 ἐπὶ
3323 517 3422 588 τῆς
3456 520 3663 592 πέτρας

400 595 461 639 ιιι
492 585 559 638 ad
594 585 772 653 ipsum
815 587 1011 656 sagitta
1043 589 1263 643 invidia:
1307 601 1491 660 posset
1525 599 1834 664 pervenire.
1868 599 1949 653 384

2083 601 2272 665 ἑστὼς,
2309 603 2403 654 καὶ
2445 602 2523 672 τῷ
2563 604 2848 674 χωρήματι
2879 603 3083 676 ταύτης
3122 585 3530 680 περιεχόμενος,
3562 585 3662 665 καὶ

400 677 578 729 Aaron
635 674 855 744 quidem
899 686 1064 748 atque
1105 679 1275 734 Maria
1321 684 1537 738 invidia:
1576 688 1768 742 morbo
1816 706 1949 759 supe

2081 695 2146 763 τῇ
2181 693 2322 763 χειρὶ¹
2365 692 2459 746 τοῦ
2491 692 2628 746 Θεοῦ
2679 674 3113 765 σκεπαζόμενος,
3164 674 3258 750 καὶ
3284 674 3535 754 ,κατόπιν
3581 704 3664 769 τῷ

401 768 500 820 rati
524 767 591 830 “,
633 769 798 823 veluti
845 784 1007 824 arcus
1052 773 1270 827 invidiae
1317 775 1539 843 quidam
1585 779 1742 842 liunt,
1779 789 1835 834 et
1878 797 1949 850 pr.

2080 784 2368 854 ἡγουμένῳ
2397 784 2691 856 ἐπόμενος’
2719 785 2748 836 6
2781 785 2855 857 μὴ
2886 787 3241 853 άντιϐλέπων,
3271 790 3407 845 ἀλλά
3439 793 3506 845 τὰ
3534 795 3628 848 όπί

395 859 623 928 spiculis
645 860 907 915 adversus
930 863 1078 916 illum
1102 866 1264 920 verba
1286 866 1618 935 jaculantur.

2084 873 2208 927 σθια
2238 873 2467 943 βλέπων.
2497 875 2611 939 ,Τὸν
2638 871 2732 930 οῦν
2765 878 2850 947 ἐφ’
2881 878 3070 932 ἑαυτὸν
3102 881 3389 950 γενόμενον
3420 901 3655 956 μακαρι-

399 953 538 1015 στὸν,
574 954 636 1006 τὸ
668 955 894 1008 ἕπεσθαι
939 957 1016 1028 τῷ
1060 958 1179 1030 Θεῷ
1213 962 1559 1017 ἀποδείκνυσι
1584 1005 1598 1027 ,
1654 966 1749 1018 καὶ
1781 966 1840 1019 τὸ
1869 969 2099 1039 φανῆναι
2130 969 2290 1022 αὐτὸν
2343 970 2442 1040 τῆς
2467 969 2562 1022 τοῦ
2613 969 2766 1034 τόξου
2823 971 2984 1042 βολῆς
3012 972 3391 1044 ,ὑψηλότεροι
3438 953 3651 1046 Πέμπει

397 1043 504 1113 γάρ
535 1046 628 1098 καὶ
657 1049 777 1099 κατ’
807 1049 1016 1102 ἐκείνου
1046 1051 1106 1104 τὸ
1139 1051 1291 1121 βέλος
1321 1055 1348 1106 6
1407 1054 1632 1122 φθόνος·
1698 1057 1812 1110 ἀλλ’
1867 1059 1928 1111 ού
1993 1060 2330 1114 καθικνεῖται
2380 1062 2414 1131 ἡ
2475 1060 2603 1133 βολὴ
2657 1061 2751 1115 τοῦ
2809 1061 3015 1133 ὕψους,
3069 1058 3215 1133 ὲν
3267 1043 3336 1136 ἦν
3386 1043 3649 1146 Μωῦνσῆς.

410 1137 666 1208 Ἤτόνησε
698 1139 806 1212 γὰρ
833 1143 866 1212 ἡ
897 1143 1061 1214 νευρὰ
1087 1147 1186 1214 τῆς
1217 1148 1480 1219 πονηρίας
1526 1149 1779 1205 τοσοῦτον
1833 1152 2189 1219 άποτοξεῦσαι
2231 1153 2291 1207 τὸ
2335 1153 2538 1218 πάθος,
2591 1155 2669 1218 ὠς
2721 1153 2829 1208 ἀπὸ
2876 1154 2985 1208 τῶν
3037 1158 3512 1226 προνενοσηκότων
3573 1137 3652 1224 είς

392 1229 558 1282 αὐτὸν
589 1230 860 1302 διαϐῆναι.
909 1233 1045 1286 Ἀλλ’
1075 1237 1104 1287 6
1133 1236 1468 1308 μὲνἈαρὼν
1496 1242 1646 1312 καὶὴ
1682 1244 1871 1314 Μαρία
1901 1244 1980 1315 τῷ
2013 1245 2174 1299 πάθει
2207 1247 2306 1316 τῆς
2350 1245 2648 1315 βασκανίας
2692 1244 3048 1318 ἐτρώθησαν,
3102 1249 3197 1301 καὶ
3252 1244 3363 1301 οἶόν
3410 1267 3461 1302 τι
3492 1249 3652 1316 τόξον

391 1318 484 1370 τοῦ
523 1321 716 1388 φθόνου
749 1322 1006 1390 γίνονται,
1039 1326 1160 1378 ἀντὶ
1190 1326 1377 1397 βέλους
1415 1331 1506 1384 τὸν
1545 1335 1666 1386 κατ’
1692 1335 1857 1387 αὑτοῦ
1888 1335 2045 1404 λόγον
2073 1336 2557 1401 ἀποτοξεύσαντες.

462 1415 532 1466 At
561 1413 774 1486 Moyses
807 1426 1018 1473 tantum
1051 1421 1240 1476 aberat
1273 1425 1340 1478 ab
1385 1425 1700 1496 hujusmodi
1747 1429 1966 1500 aegritu-

390 1507 536 1571 dine,
571 1518 630 1563 ιιι
659 1525 784 1564 cum
812 1528 990 1583 neque
1030 1523 1225 1585 captus
1257 1533 1436 1589 neque
1473 1522 1635 1578 laesus
1663 1522 1732 1576 ab
1758 1537 1822 1576 ea
1861 1525 1960 1588 sit,

392 1616 500 1654 non
558 1602 734 1656 solum
785 1605 990 1658 nullam
1042 1606 1159 1676 ipse
1195 1608 1264 1664 de
1307 1610 1683 1668 invidentibus
1742 1627 1960 1683 pinnam

2155 1428 2216 1484 Ὀ
2244 1431 2300 1483 δὲ
2335 1429 2588 1484 τοσοῦτον
2615 1429 2852 1500 ἀπέσχεν
2883 1432 2942 1486 ἐν
2974 1433 3227 1504 κοινωνίᾳ
3269 1432 3523 1502 γενέσθαι
3549 1433 3654 1487 τοῦ

2069 1523 2502 1594 άρῤωστήματος
2521 1561 2537 1588 ,
2581 1523 2663 1576 ὅτι
2695 1524 2788 1577 καὶ
2814 1523 3112 1594 θεραπεύει
3142 1524 3249 1577 τῶν
3282 1526 3648 1595 νενοσηκότων

2069 1613 2130 1666 τὸ
2160 1613 2350 1676 πάθος,
2390 1615 2450 1667 ού
2481 1614 2640 1684 μόνον
2665 1614 2828 1678 αὐτὸς
2871 1614 3009 1685 πρὸς
3040 1614 3141 1685 τὴν
3170 1615 3377 1685 ἄμυναν
3410 1616 3518 1668 τῶν
3558 1615 3646 1667 λε-

391 1694 626 1763 sumpsit
653 1733 667 1756 ,
704 1710 891 1750 verum
930 1700 1093 1752 etiam
1131 1699 1299 1755 Deum
1350 1704 1606 1773 precibus
1635 1705 1949 1774 placabilen:

2069 1703 2390 1774 λυπηκότων
2439 1704 2615 1774 μένων
2664 1704 2918 1774 ἀκίνητος
2944 1743 2959 1769 ,
3006 1705 3142 1758 ἀλλά
3192 1707 3286 1759 καὶ
3321 1705 3453 1758 Θεὸν
3503 1706 3649 1776 ὑπὲρ

387 1786 525 1854 ipsis
565 1786 827 1843 reddidit.
862 1787 1058 1844 Docuit
1089 1807 1222 1862 ergo
1267 1809 1368 1850 nos
1410 1811 1507 1864 per
1551 1812 1614 1852 ea
1645 1812 1767 1867 qua:
1800 1797 1960 1863 fecit,

390 1877 554 1931 nullis
583 1879 814 1934 telorum
849 1881 1050 1937 ictibus
1078 1899 1203 1938 eum
1235 1886 1407 1956 tangi,
1437 1889 1528 1956 qui
1560 1889 1783 1946 virtutis
1805 1898 1962 1946 scuto

388 1970 631 2040 seipsum
674 1979 905 2028 tutatur.
951 1972 1218 2031 Retundit
1260 1980 1404 2032 enim
1438 1995 1502 2034 ac
1535 1982 1752 2037 hebetat
1796 1983 1962 2052 hujus

388 2064 532 2116 scuti
578 2063 733 2118 ﬁrma
767 2066 1021 2124 soliditas
1068 2070 1237 2124 aciem
1284 2073 1568 2142 cuspidis,
1617 2076 1728 2130 imo
1770 2077 1960 2145 procul

387 2163 561 2207 totum
596 2155 774 2223 rejicit
821 2157 1010 2212 telum.
1045 2159 1140 2216 Est
1187 2168 1368 2216 autem
1401 2173 1528 2234 apta
1572 2165 1638 2218 ad
1685 2166 1958 2236 ejusmodi

387 2244 697 2312 tepellenda
741 2247 848 2301 tela
871 2263 1151 2303 armatura
1184 2249 1329 2308 Deus
1357 2253 1498 2322 ipse,
1528 2272 1693 2325 quam
1736 2258 1958 2313 virtutis

387 2335 540 2388 miles
567 2335 804 2390 induit.‘t
837 2336 1048 2394 lnduite
1067 2355 1304 2410 namque
1339 2358 1494 2406 vos,»
1515 2345 1712 2414 inquit,
1742 2348 1958 2400 «Domi-

382 2440 512 2478 num
540 2425 725 2480 Jesum
758 2428 826 2481 ".
865 2450 882 2480 ι
927 2429 1039 2485 Hac
1069 2432 1404 2504 iufrangibili
1429 2447 1708 2491 armatura
1745 2438 1957 2510 Moyses

381 2528 661 2584 armatus,
700 2521 923 2592 maligni
963 2524 1235 2592 sagittarii
1285 2541 1477 2580 arcum
1527 2527 1658 2583 fecit
1708 2531 1952 2585 inanem.

381 2605 514 2660 Nam
545 2625 646 2665 nec
680 2611 869 2667 dolore
897 2615 1103 2683 aliquo,
1129 2625 1222 2670 aut
1249 2620 1661 2686 perturbatione
1689 2623 1956 2679 adversus

381 2698 673 2768 injuriatos
725 2713 1032 2761 commotus
1085 2715 1206 2774 est,
1266 2717 1624 2781 posteaquam
1681 2714 1952 2771 divinitus

377 2791 770 2848 condemnatos
816 2795 983 2861 vidit;
1017 2813 1141 2851 nam
1183 2815 1243 2854 se
1287 2801 1397 2857 illis
1439 2803 1797 2872 conjunctum
1842 2825 1954 2864 non

383 2882 671 2948 ignoravit,
709 2885 804 2940 sed
841 2885 950 2941 Deo
984 2905 1084 2958 pro
1114 2889 1387 2949 fratribus
1414 2896 1768 2964 supplicavit,
1805 2899 1954 2968 quod

377 2987 490 3024 non
525 2973 747 3029 fecisset
780 2979 885 3031 nisi
917 2976 1082 3032 Deum
1109 2995 1460 3052 sequeretur,
1491 2987 1583 3056 qui
1620 2988 1724 3041 sibi
1752 3005 1953 3056 praece-

2062 1797 2240 1849 αύτῶν
2283 1796 2610 1867 ίλεούμενος,
2644 1797 2857 1861 δεικνὺς
2879 1838 2895 1864 ,
2928 1792 3080 1868 οἶμαι
3101 1838 3116 1863 ,
3161 1797 3228 1850 δι’
3259 1790 3334 1850 ὧν
3368 1797 3644 1867 ἐποίησεν,

2061 1887 2143 1940 ὅτι
2173 1887 2202 1939 6
2235 1887 2415 1950 καλῶς
2447 1887 2525 1959 τῷ
2551 1887 2728 1959 θυρεῷ
2750 1887 2850 1958 τῆς
2874 1889 3074 1960 ἀρετῆς
3107 1889 3646 1959 περιπεφραγμένος,

2061 1978 2181 2040 ταῖς
2207 1977 2358 2029 άκίσι
2382 1977 2490 2030 τῶν
2522 1978 2689 2048 βελῶν
2715 1979 2814 2031 οὐκ
2841 1978 3168 2049 ἀμύσσεται.
3221 1978 3506 2047 Ἀμϐλύνει
3531 1977 3644 2047 γὰρ

2060 2069 2159 2138 τὴν
2191 2069 2427 2139 αίχμὴν,
2480 2070 2574 2124 καὶ
2617 2071 2698 2132 είς
2742 2070 2802 2122 τὸ
2849 2069 3081 2140 ἔμπαλιν
3113 2069 3444 2140 ἀποστρέφει
3478 2069 3511 2140 ή
3547 2067 3640 2121 τοῦ

2060 2159 2224 2212 ὅπλου
2272 2160 2585 2232 στερρότης.
2639 2161 2840 2214 Ὂπλον
2895 2160 2938 2214 δ’
2991 2161 3058 2215 ἂν
3097 2163 3182 2232 εἴη
3230 2161 3339 2214 τῶν
3384 2161 3641 2214 τοιούτων

2062 2251 2230 2322 βελῶν
2257 2251 2645 2322 φυλακτήριον,
2673 2253 2836 2316 αὐτὸς
2865 2253 2895 2304 6
2919 2252 3071 2317 Θεὸς,
3116 2252 3176 2306 ὃν
3203 2253 3443 2306 ἐνδύεται
3481 2256 3510 2305 6
3541 2253 3640 2322 τῆς

2059 2343 2260 2415 ἀρετῆς
2286 2345 2529 2418 ὁπλίτης.
2560 2364 2578 2396 ι
2615 2345 2936 2400 Ἐνδύσασθε
2963 2365 2982 2398 ι
3015 2346 3148 2416 γὰρ,
3177 2345 3332 2416 φησὶ,
3362 2365 3380 2396 ι
3407 2345 3496 2398 τὸν
3527 2345 3639 2397 K6-

2063 2449 2174 2502 ριον
2217 2433 2442 2503 Ἰησοῦν.
2475 2454 2495 2486 ι
2547 2434 2716 2488 Τοῦτό
2745 2436 2892 2488 ἐστιν
2922 2438 2954 2506 ἡ
2980 2437 3230 2507 ἀρραγὴς
3253 2435 3573 2506 παντευχία,

2055 2540 2162 2576 τινι
2192 2526 2578 2596 πεφραγμένος
2608 2527 2637 2578 6
2679 2527 2938 2597 Μωῠσῆς,
2969 2529 3247 2598 ἄπρακτον
3278 2528 3370 2580 τὸν
3401 2528 3635 2598 πονηρὸν

2055 2615 2277 2686 τοξότην
2307 2617 2581 2688 ἐποίησεν.
2640 2618 2796 2672 Οὖτω
2841 2620 2948 2691 γάρ
2988 2620 3245 2672 ἐνέπεσεν
3287 2619 3436 2690 αύτῷ
3465 2623 3498 2690 ὴ
3524 2622 3633 2690 ἀμ-

2057 2704 2309 2778 ϐλυντικὴ
2341 2708 2482 2761 κατὰ
2506 2708 2614 2761 τῶν
2643 2710 3024 2779 λελυπηκότων
3053 2713 3196 2784 όρμή
3225 2727 3238 2741 ⁸
3287 2709 3412 2763 οὔτε
3463 2729 3632 2764 κατα-

2055 2797 2419 2852 δικασθέντων
2447 2799 2626 2854 αύτῶν
2653 2802 2804 2872 παρὰ
2829 2802 2928 2872 τῆς
2961 2801 3258 2854 ἀδεκάστου
3288 2801 3543 2873 κρίσεως,
3573 2803 3634 2854 τὸ

2055 2889 2192 2959 πρὸς
2220 2889 2319 2960 τὴν
2349 2890 2507 2958 φύσιν
2528 2891 2760 2962 ἠγνόησε
2796 2891 3023 2956 δίκαιον,
3060 2891 3174 2944 ἀλλ’
3207 2892 3390 2964 ἱκέτης
3419 2893 3633 2962 ἐγένετο

2053 2982 2147 3034 τοῦ
2173 2982 2307 3035 Θεοῦ
2333 2983 2472 3054 ὑπὲρ
2498 2983 2607 3036 τῶν
2637 2982 2898 3053 ἀδελφῶν.
2934 2984 3110 3056 Ὅπερ
3140 2984 3238 3038 οὐκ
3265 2985 3330 3037 ἂν
3355 2987 3628 3056 ἐποίησεν,

375 3063 514 3117 «lens
566 3073 737 3118 tutam
780 3071 1031 3136 sequenti
1076 3071 1219 3126 viam
1260 3073 1693 3133 demonstrabat.
1749 3079 1947 3134 Verum

2059 3077 2108 3128 εί
2139 3076 2214 3147 μὴ
2261 3077 2488 3130 κατόπιν
2531 3077 2623 3130 τοῦ
2675 3076 2812 3130 Θεοῦ
2860 3073 2951 3150 ἦν,
2985 3079 3080 3132 τοῦ
3115 3078 3184 3132 τά
3225 3077 3461 3131 ὄπισθεν
3483 3081 3630 3150 αὐτῷ

382 3154 633 3210 Ιιιιιιίοηιιξ
680 3169 889 3214 naturae
924 3162 1100 3218 hostis
1133 3181 1163 3218 a
1198 3165 1381 3237 Moyse
1424 3171 1678 3238 repulsus
1701 3213 1715 3236 ,
1752 3187 1949 3230 manus

376 3243 444 3294 ιιιι
476 3244 777 3302 imbecilles
799 3253 1101 3316 transtulit,
1129 3253 1329 3308 bellum
1359 3267 1413 3310 et
1435 3259 1790 3314 voracitatem
1815 3277 1951 3317 ven-

375 3334 478 3390 tris
501 3338 660 3404 quasi
684 3340 849 3393 telum
877 3343 1154 3410 quoddam
1187 3346 1419 3403 immisit
1449 3350 1672 3419 populo,
1706 3367 1948 3424 eumque

379 3425 760 3498 .‘Egyptiarum
792 3433 1077 3501 epularum
1105 3437 1365 3494 aviditate
1388 3440 1656 3506 incendit,
1681 3453 1845 3514 atque
1875 3447 1943 3500 ad

378 3520 749 3587 praeferendas
778 3524 903 3578 ciho
928 3524 1005 3577 illi
1034 3527 1246 3583 caelesti
1278 3528 1498 3601 Egypti
1522 3548 1719 3590 carnes
1750 3537 1948 3592 incita-

377 3611 472 3664 vit.
529 3609 699 3682 Moysi
741 3622 920 3669 autem
967 3631 1134 3687 supra
1175 3634 1392 3674 omnem
1435 3625 1806 3682 tnrbationem
1832 3629 1945 3698 jam

373 3706 677 3759 constituto
727 3721 936 3776 magnae
976 3707 1154 3762 fuerat
1203 3727 1352 3767 cura:
1405 3714 1588 3770 futura
1623 3718 1945 3786 hmreditas,

375 3811 497 3865 quae
531 3799 864 3866 repromissa
897 3810 983 3853 est
1028 3799 1324 3873 Egyptum
1365 3804 1728 3878 fugientibus,
1780 3828 1845 3866 ac
1881 3815 1946 3866 ad

372 3905 493 3940 cum
523 3889 1000 3957 proﬁciscentibus
1033 3903 1254 3959 terram,
1283 3897 1429 3952 nnde
1461 3899 1546 3954 lac
1576 3910 1630 3955 et
1658 3903 1763 3958 mel
1796 3919 1949 3958 com-

376 3984 535 4034 mista
566 3983 727 4037 simul
757 3987 1087 4042 scaturiunt.
1117 3985 1230 4043 llac
1267 3988 1336 4044 de
1369 4006 1534 4047 causa
1572 3995 1947 4064 exploratores

376 4074 572 4128 missos
608 4073 676 4129 de
717 4075 878 4130 bonis
914 4077 1065 4132 illius
1106 4081 1350 4150 regionis
1391 4083 1694 4155 interrogat
1721 4104 1735 4139 :
1762 4087 1817 4141 hi
1849 4103 1947 4142 au-

374 4172 481 4216 tem
515 4172 644 4218 sunt
673 4165 764 4219 alii
797 4165 961 4233 boni,
998 4169 1090 4223 alii
1134 4171 1263 4224 mali
1298 4187 1312 4223 :
1355 4180 1409 4226 et
1439 4173 1571 4229 boni
1601 4177 1855 4246 quidem,
1887 4189 1948 4234 ut

371 4272 471 4326 ego
510 4258 708 4321 sentio,
740 4269 868 4314 sunt
909 4269 1070 4316 recta:
1109 4264 1476 4334 cogitationes
1507 4267 1576 4322 de
1612 4271 1947 4338 repromissa

375 4349 533 4404 nobis
587 4350 946 4414 beatitudine,
991 4353 1194 4409 Christi
1241 4354 1347 4411 ﬁde
1377 4359 1769 4417 corroborata.
1815 4361 1942 4417 Mali

2052 3167 2192 3237 πρὸς
2231 3170 2330 3240 τὴν
2358 3169 2574 3239 ἀσφαλῆ
2616 3172 2714 3240 τῆς
2749 3170 2951 3241 ἀρετῆς
2984 3170 3202 3240 ὁδηγίαν
3229 3169 3626 3241 προδείξαντος.

2051 3257 2162 3310 Καὶ
2205 3257 2273 3310 τὰ
2316 3257 2450 3311 ἄλλα
2495 3257 2552 3313 δέ
2598 3258 2798 3329 ἐφεξῆς
2838 3259 3083 3314 τοιαῦτα.
3131 3260 3349 3332 Ἐπειδὴ
3379 3261 3488 3332 γὰρ
3530 3263 3628 3316 οὐκ

2049 3346 2174 3417 ἔσχε
2208 3350 2326 3401 κατ’
2354 3349 2519 3401 αὐτοῦ
2567 3348 2752 3421 χώραν
2790 3352 2869 3414 είς
2925 3353 3127 3424 βλάϐην
3165 3356 3193 3406 6
3221 3355 3287 3424 τῇ
3319 3355 3477 3422 φύσει
3521 3355 3627 3408 τῶν

2051 3436 2352 3508 ἀνθρώπων
2378 3438 2662 3509 πολέμιος,
2699 3441 2890 3511 τρέπει
2911 3443 3051 3519 κατά
3078 3443 3184 3498 τῶν
3214 3445 3626 3515 εὐαλωτοτέρων

2049 3529 2140 3582 τὸν
2173 3529 2421 3600 πόλεμον,
2455 3532 2564 3589 Καὶ
2605 3531 2855 3604 καθάπερ
2891 3551 2944 3586 τι
2987 3534 3139 3604 βέλος
3173 3537 3234 3589 τὸ
3261 3537 3362 3606 τῆς
3398 3555 3626 3609 γαστρι-

2053 3623 2287 3693 μαργίας
2315 3622 2486 3686 πάθος
2515 3625 2747 3692 ἐπαφεὶς
2785 3625 2863 3696 τῷ
2893 3625 3026 3698 λαῷ,
3073 3630 3456 3696 Αίγυπτιάζειν
3485 3632 3628 3684 κατά

2048 3715 2148 3786 τὴν
2192 3714 2371 3787 ὄρεξιν
2418 3715 2614 3780 αὐτοὺς
2657 3717 3068 3787 παρεσκεύασε,
3119 3722 3472 3792 προτιθέντας
3523 3726 3627 3794 τῆς

2048 3809 2306 3880 οὐρανίας
2347 3808 2562 3878 ἐκείνης
2608 3811 2812 3881 τροφῆς
2856 3810 2953 3882 τὴν
2987 3813 3119 3883 παρ’
3143 3815 3460 3882 Αἰγυπτίοις
3493 3835 3626 3888 σαρ-

2049 3899 2319 3972 κοϐορίαν,
2365 3901 2421 3952 '0
2443 3900 2499 3952 δὲ
2532 3900 2732 3972 ὑψηλὸς
2756 3904 2853 3972 τὴν
2877 3904 3075 3975 ψυχὴν,
3106 3905 3219 3959 ἄνω
3255 3907 3348 3959 τοῦ
3383 3908 3623 3962 τοιούτου

2049 3991 2256 4056 πάθους
2285 3993 2746 4064 ὑπερπετόμενος,
2781 3995 2902 4060 ὅλος
2932 3992 3000 4066 ἦν
3031 3998 3132 4068 τῆς
3164 3998 3464 4070 μελλούσης
3492 4001 3624 4072 κλη-

2050 4080 2302 4150 ρονομίας
2329 4082 2427 4151 τῆς
2461 4083 2878 4155 ἐπηγγελμένης
2909 4087 3062 4156 παρά
3093 4087 3187 4139 τοῦ
3221 4087 3356 4140 Θεοῦ
3382 4092 3492 4153 τοῖς
3526 4108 3624 4160 με-

2048 4171 2389 4243 θισταμένοις
2414 4175 2479 4227 ἐκ
2505 4174 2606 4245 τῆς
2641 4175 2922 4245 νοηθείσης
2950 4177 3246 4245 Αἰγύπτου,
3283 4181 3375 4232 καὶ
3399 4181 3491 4233 ἐπὶ
3524 4182 3623 4251 τὴν

2047 4265 2150 4336 γῆν
2179 4265 2392 4336 ἐκείνην
2423 4265 2816 4338 ὁδοιποροῦσιν,
2863 4270 2922 4322 ἐν
3041 4269 3194 4340 βρύει
3221 4269 3283 4322 τὸ
3310 4271 3451 4338 γάλα
3495 4288 3622 4325 συν⁸

2046 4359 2490 4429 ἀναμεμιγμένον
2530 4358 2608 4430 τῷ
2656 4359 2851 4430 μέλιτι.
2905 4360 3105 4413 Τούτου
3152 4362 3309 4434 χάριν
3352 4365 3624 4418 κατασκό-

373 4454 524 4502 vero,
567 4439 858 4495 incredula:
906 4446 1328 4502 resurrectionis
1378 4455 1542 4516 atque
1582 4451 1940 4511 beatitudinis

2053 4468 2183 4514 πους
2203 4451 2354 4514 τινάς
2371 4451 2720 4516 διδασκάλους
2745 4453 2978 4506 ἐποιεῖτο
3003 4452 3112 4505 τῶν
3215 4430 3394 4526 ἐκείνῃ
3417 4456 3619 4511 καλῶν.

375 4541 616 4595 mentes,
649 4549 771 4602 quae
812 4534 974 4589 ﬁdem
1002 4536 1070 4592 de
1101 4541 1452 4607 repromissis
1486 4541 1733 4600 humano
1758 4549 1944 4616 generi

373 4622 532 4676 honis
574 4625 869 4680 retundere
899 4642 962 4682 ac
999 4628 1278 4685 inﬁrmare
1309 4642 1580 4686 conantur
1608 4652 1623 4690 :
1653 4652 1792 4706 quos
1829 4654 1948 4694 om-

373 4728 470 4768 nes
506 4712 723 4787 Moyses
751 4718 1086 4786 reprobavit,
1113 4719 1304 4789 eisque
1335 4723 1514 4777 solum
1556 4727 1815 4794 credidit,
1851 4731 1945 4800 qui

371 4805 603 4860 meliora
656 4805 726 4861 de
769 4809 994 4878 regione
1040 4811 1130 4864 illa
1180 4811 1510 4868 referebant.
1555 4814 1718 4874 Jesus
1761 4828 1943 4877 autem

371 4894 562 4948 horum
610 4896 855 4950 omnium
904 4902 1159 4968 princeps
1200 4909 1356 4967 erat,
1407 4903 1474 4957 ad
1511 4919 1674 4974 quem
1727 4907 1942 4978 Moyses

371 4986 679 5057 respiciens
716 4988 926 5041 ﬁrmam
957 4989 1194 5044 habebat
1235 5007 1388 5062 spem
1415 4995 1484 5049 de
1526 4995 1751 5061 futuris,
1788 5016 1942 5056 race-

369 5079 474 5131 mis
512 5079 872 5135 conﬁrmatus
911 5096 923 5131 :
971 5083 1249 5152 specimen
1290 5095 1468 5141 autem
1503 5088 1819 5145 deliciarum
1853 5109 1941 5148 re-

367 5168 548 5239 gionis
584 5170 732 5226 illius
768 5186 1044 5227 racemum
1076 5175 1356 5241 ostendit,
1387 5193 1547 5247 quem
1589 5181 1644 5234 in
1693 5184 1940 5240 vectibus

367 5263 647 5315 attulerat.
681 5261 868 5318 Jesum
893 5281 1026 5320 vero
1050 5268 1281 5324 audiens
1311 5270 1459 5326 illius
1490 5279 1653 5328 terra:
1677 5275 1938 5331 indicium

370 5354 668 5409 facientem
695 5396 710 5420 ,
749 5365 804 5410 et
839 5372 1118 5412 racemum
1151 5376 1217 5414 ex
1262 5361 1410 5432 ligno
1439 5365 1796 5433 pendentem,
1832 5387 1939 5426 non

369 5443 651 5500 dubitabis
676 5447 811 5513 quin
848 5448 922 5502 sit
960 5448 1094 5504 illud
1116 5449 1182 5504 ad
1213 5453 1356 5520 quod
1389 5453 1482 5509 ille
1518 5471 1737 5526 quoque
1762 5462 1940 5528 reSpi-

366 5539 521 5591 ciens
552 5538 893 5593 indubitabili
925 5555 1021 5610 spe
1042 5543 1454 5600 consolabatur.
1492 5547 1763 5604 Racemus
1792 5553 1935 5605 enim

365 5646 432 5683 ex
465 5630 612 5698 ligno
643 5629 960 5702 dependens
990 5636 1116 5705 quis
1148 5636 1290 5691 alius
1320 5639 1425 5693 erit
1445 5679 1460 5706 ,
1485 5654 1649 5710 quam
1683 5643 1728 5698 is
1753 5645 1843 5715 qui
1879 5645 1931 5700 in

439 5807 661 5864 "Num.
692 5825 788 5878 ιιι,
826 5813 850 5868 ί
887 5828 1041 5885 seqq.
1107 5817 1149 5850 ⁷⁷
1183 5816 1342 5874 Rom.
1371 5833 1488 5887 xm,
1525 5821 1604 5877 Η.

2043 4535 2203 4596 Οὗτοι
2233 4543 2277 4596 δ’
2303 4543 2370 4597 ἂν
2412 4539 2544 4608 εἶεν,
2591 4545 2734 4598 κατά
2773 4561 2837 4612 γε
2863 4544 2962 4615 τὴν
3002 4545 3139 4616 ἐμὴν
3164 4545 3406 4616 γνώμην,
3439 4550 3491 4604 οί
3521 4549 3626 4619 μὲν

2040 4630 2141 4695 τὰς
2165 4631 2375 4701 ἀγαθὰς
2408 4631 2626 4696 ἐλπίδας
2657 4633 3056 4706 προτείναντες,
3087 4637 3134 4688 οἱ
3159 4635 3246 4688 διὰ
3271 4637 3367 4708 τῆς
3387 4637 3622 4701 πίστεως

2044 4724 2382 4795 ἐγγινόμενοι
2420 4725 2690 4796 λογισμοὶ,
2731 4725 3078 4797 βεϐαιοῦντες
3106 4727 3216 4781 τῶν
3244 4729 3623 4798 ἀποκειμένων

2043 4814 2266 4883 ἀγαθῶν
2297 4816 2396 4887 τὴν
2427 4816 2617 4870 ἐλπίδα
2638 4833 2652 4848 ο
2685 4819 2733 4871 οἱ
2769 4818 2828 4871 δὲ
2853 4819 3165 4888 ἀπόγνωσιν
3193 4820 3300 4874 τῶν
3328 4823 3624 4892 χρηστοτέ-

2052 4922 2158 4976 ρων
2177 4907 2456 4971 ποιοῦντες
2481 4908 2731 4973 ἐλπίδων,
2758 4906 2866 4962 εἷεν
2889 4909 2954 4964 ἂν
2982 4913 3030 4964 οἱ
3060 4912 3208 4983 παρά
3223 4911 3318 4965 τοῦ
3345 4912 3621 4967 Ἐναντίου

2046 5000 2313 5071 λογισμοὶ,
2358 5003 2406 5054 οἱ
2449 5000 2549 5072 τὴν
2589 5002 2772 5057 πίστιν
2802 5003 2910 5057 τῶν
2950 5005 3370 5075 ἐπηγγελμένων
3413 5004 3623 5074 ἀμϐλύ-

2047 5109 2249 5157 νοντες.
2279 5093 2418 5146 Ἀλλ’
2438 5094 2630 5149 οὐδένα
2661 5095 2769 5150 τῶν
2797 5097 3056 5150 ἐναντίων
3081 5098 3241 5165 λόγον
3271 5097 3424 5150 ποιού
3435 5114 3616 5165 μενος,

2048 5185 2236 5236 πιστὸν
2259 5185 2469 5254 ἡγεῖται
2507 5185 2597 5238 τὸν
2621 5185 2691 5239 τὰ
2723 5187 2957 5258 κρείττω
2991 5188 3117 5259 περὶ
3142 5188 3239 5259 τῆς
3276 5187 3382 5257 γῆς
3408 5187 3620 5258 ἐκείνης

2018 5277 2531 5348 ἐπαγγελλόμενον.
2576 5278 2782 5347 Ἰησοῦς
2817 5279 2873 5332 δέ
2900 5275 2968 5349 ἦν
2996 5282 3024 5333 6
3049 5280 3146 5350 τῆς
3179 5279 3488 5350 κρείττονος
3522 5297 3620 5332 κα-

2041 5371 2320 5438 τασκοπῆς
2346 5371 2774 5440 καθηγούμενος,
2801 5374 2830 5425 6
2857 5373 2922 5442 τῇ
2948 5373 3077 5442 παρ’
3101 5371 3295 5425 ἐαυτοῦ
3328 5370 3618 5442 βεϐαιώσει

2041 5461 2102 5514 τὸ
2133 5463 2319 5515 πιστὸν
2343 5465 2454 5525 τοῖς
2481 5463 2908 5534 ἐπηγγελμένοις
2941 5463 3214 5534 παρέχων.
3246 5464 3389 5534 Πρὸς
3417 5463 3476 5516 ὃν
3499 5463 3616 5533 βλέ-

2045 5567 2160 5602 πων
2206 5551 2234 5602 ὁ
2276 5553 2548 5620 Μωῦσῆς,
2597 5551 2816 5621 βεϐαίας
2862 5548 2974 5621 εἶχε
3009 5552 3108 5615 τάς
3154 5552 3296 5622 ὑπὲρ
3335 5552 3445 5603 τῶν
3492 5551 3613 5621 μελο

2043 5641 2238 5694 λόντων
2266 5641 2504 5707 ἐλπίδας,
2529 5642 2725 5714 δεῖγμα
2770 5643 2869 5696 τῆς
2908 5644 3025 5696 ἐκεῖ
3047 5644 3256 5714 τρυφῆς
3298 5643 3388 5696 τὸν
3422 5642 3616 5716 βότρυν
