3876 6218
80 360 190 414 415

1435 381 1523 436 DE
1562 382 1726 443 VITA
1769 389 2041 447 MOYSIS,
3269 403 3376 459 ιη

81 479 437 551 ποιούμενος,
485 483 576 537 τὸν
613 485 701 538 ἐπ’
743 488 1061 562 ἀναφορέων
1099 497 1229 568 παρ’
1266 498 1430 554 αὑτοῦ
1462 506 1681 575 κομιζό-

1791 512 2112 569 novissimis
2162 513 2362 572 diebus
2415 533 2478 572 ex
2535 519 2686 591 ligno
2752 520 3013 592 pependit
3072 535 3372 581 racemus.

85 589 277 638 μενον.
309 573 520 643 Ἰησοῦν
549 575 607 629 δὲ
640 579 859 644 πάντως
884 583 1101 639 ἀκούων
1131 590 1259 660 περὶ
1284 593 1384 662 τῆς
1410 593 1516 662 γῆς
1535 573 1682 650 ἐκεί-

83 680 180 733 νης
238 666 538 736 μηνύοντα,
579 670 676 724 καὶ
723 670 921 746 βότρυν
967 675 1141 742 ξύλων
1189 681 1679 758 ἀπαιωρούμενονο

80 759 230 846 νοεῖς
265 759 403 828 πρὸς
429 759 458 813 ὃ
487 777 538 813 τι
566 763 816 827 κάκεῖνος
846 764 1079 835 βλέπων,
1119 771 1367 846 ἀσφαλὴς
1398 781 1518 842 ταῖς
1540 777 1686 834 ἐλπί-

81 865 170 899 σιν
199 844 273 918 ἦν
297 865 312 878 ·
351 851 547 922 βότρυς
571 853 679 925 γὰρ
710 857 802 910 ἐπὶ
821 858 975 923 ξύλου
1007 844 1374 934 κρεμάμενος,
1403 868 1488 932 τίς
1516 870 1682 936 ἄλλος

82 938 204 991 ἐστὶ
231 941 388 1010 παρά
414 943 504 996 τὸν
525 945 614 998 ἐπ’
636 947 881 1017 ἐσχάτων
907 951 1015 1005 τῶν
1038 955 1261 1026 ἡμερῶν
1288 958 1381 1010 ἐπὶ
1402 959 1497 1012 τοῦ
1523 960 1680 1026 ξύλου

80 1033 477 1100 κρεμασθέντα
509 1037 730 1108 βότρυν,
757 1033 819 1093 οὗ
853 1043 915 1096 τὸ
946 1041 1086 1115 αἷμα
1123 1048 1287 1102 ποτὸν
1315 1052 1429 1114 τοῖς
1462 1054 1684 1108 πιστεύ-

1788 604 1949 673 cujus
2015 607 2242 676 sanguis
2292 616 2459 679 potus
2519 614 2591 666 sit
2642 614 2997 670 credentibus
3060 613 3378 669 salutaris?

1784 694 1971 766 Moyse
1999 697 2054 750 id
2083 699 2428 770 aenigmatice
2471 703 2632 760 nobis
2671 705 3042 774 praedicente:
3077 721 3096 756 ι
3132 705 3374 776 Sangui-

1787 803 1910 840 nem
1952 789 2120 855 enim,
2169 809 2187 842 ι
2232 791 2439 861 inquit,
2482 815 2501 847 ι
2543 811 2662 851 uva:
2692 797 2951 852 bibebant
2978 796 3192 851 vinum:
3226 813 3375 867 aqua

1787 895 1853 933 ex
1881 896 1940 934 re
1964 883 2225 940 salutaris
2253 886 2458 941 Christi
2486 889 2671 959 passio
2708 891 3132 958 praenuntiatum
3166 887 3374 944 Verum

1795 972 1899 1024 iter
1931 987 2126 1029 rursus
2167 991 2264 1045 per
2289 977 2508 1034 deserta
2541 981 2600 1033 lit
2624 1019 2640 1043 ,
2672 988 2727 1034 et
2766 981 2980 1035 laborat
3013 980 3108 1036 siti
3135 979 3377 1051 populus

1791 1063 1885 1132 qui
1914 1069 2364 1140 repromissionis
2389 1071 2532 1126 bona
2560 1071 2892 1141 desperavit.

79 1138 206 1174 ουσι
245 1125 458 1231 γίνεται
475 1129 802 1231 *σωτηριοκ
853 1134 1025 1189 Τοῦτο
1053 1135 1146 1189 τοῦ
1177 1140 1458 1205 Μωῦσέως
1497 1125 1851 1214 προειπόντος
1901 1125 2030 1224 ἡμίν
2094 1154 2162 1209 δι’
2187 1134 2544 1229 αἰνίγματος,
2758 1154 2907 1231 Αἷμα
2937 1160 3212 1231 σταφυλῆς
3254 1159 3376 1212 ἔπι-ο

221 1213 437 1322 οἶνον-ο
471 1217 538 1272 δι’
565 1217 644 1322 ὀὗ
683 1223 746 1277 τὸ
798 1227 1064 1298 σωτήριον
1098 1229 1270 1295 πάθος
1300 1213 1731 1306 καταμηνύεται.
1785 1213 1955 1298 Πάλιν
2011 1246 2100 1301 διὰ
2147 1248 2245 1318 τῆς
2299 1213 2512 1321 ἐρήμου.
2533 1213 2694 1313 ’ὁδὸς,
2737 1213 2845 1304 καὶ⁵
2875 1213 3269 1305 καταπονείται
3295 1251 3378 1322 τῷ

77 1305 226 1377 δίψει
252 1313 280 1363 ὁ
311 1311 420 1364 τῶν
447 1314 671 1382 ἀγαθῶν
701 1319 799 1390 τῆς
823 1322 1156 1391 ἐπαγγελίας
1187 1305 1493 1393 ἀπελπίσας
1521 1331 1674 1394 λαός.

171 1401 231 1452 ’0
253 1400 309 1453 δὲ
328 1403 570 1474 Μωῡσῆς
605 1407 765 1460 πάλιν
787 1410 967 1474 αὐτοῖς
989 1415 1316 1480 κατακλύζει
1350 1417 1438 1470 διὰ
1471 1419 1569 1489 τῆς
1592 1421 1689 1473 πέ-

79 1506 222 1561 τρας
246 1494 346 1582 τὴν
375 1493 599 1565 ἔρημον.
637 1499 696 1552 Ὀ
715 1498 770 1552 δὲ
795 1501 1035 1568 τοιοῦτος
1066 1504 1242 1574 λόγος,
1269 1508 1427 1562 τοῦτο
1452 1510 1518 1564 ἂν
1540 1513 1687 1582 ἡμᾶς

79 1581 173 1632 διὰ
210 1581 314 1651 τῆς
366 1587 562 1656 νοητῆς
601 1583 838 1660 θεωρίας
886 1590 1170 1657 διδάξειεν,
1201 1589 1312 1649 οἶόν
1349 1599 1465 1651 ἐστι
1491 1581 1687 1670 τὸτῆς

83 1673 379 1739 μετανοίας
408 1679 724 1748 μυστήριον.
749 1680 812 1733 0i
839 1682 946 1752 γὰρ
970 1684 1105 1755 πρὸς
1123 1687 1366 1759 γαστέρα
1390 1690 1486 1742 καὶ
1508 1691 1686 1763 σάρκα

80 1766 179 1817 καὶ
214 1767 316 1829 τὰς
349 1768 652 1837 Αἰγυπτίας
687 1773 900 1844 ἡδονὰς,
935 1777 1073 1845 μετά
1123 1778 1182 1832 τὸ
1217 1779 1361 1848 ἅπαξ
1380 1783 1682 1851 γεύσασθαι

80 1856 182 1926 τῆς
221 1859 453 1929 πέτρας,
487 1865 960 1934 παρατραπέντες,
995 1869 1072 1940 τῷ
1103 1870 1246 1942 λιμῷ
1280 1876 1373 1926 καὶ
1400 1875 1507 1927 τῶν
1541 1877 1686 1946 λογι-

85 1949 245 2018 σμῶν
303 1951 402 2021 τῆς
430 1953 567 2022 ιτῶν
591 1954 812 2024 ἀγαθῶν
860 1962 1148 2029 μετουσίας
1210 1966 1681 2031 καταδικάζονται.

96 2039 239 2092 Ἀλλ’
270 2041 416 2096 ἐστιν
448 2045 633 2110 αὐτοῖς
670 2047 834 2101 πάλιν
865 2051 929 2103 ἐκ
954 2054 1320 2123 μεταμελείας
1345 2058 1444 2130 τὴν
1473 2059 1681 2129 πέτραν

83 2134 292 2204 εὑρεῖν,
317 2136 385 2205 ἣν
413 2137 728 2204 κατέλιπον,
750 2142 843 2195 καὶ
870 2143 1032 2196 πάλιν
1066 2146 1280 2212 ἑαυτοῖς
1302 2152 1686 2220 ἁναστομῶσαι

82 2225 184 2295 τὴν
230 2225 424 2294 φλέϐα,
486 2229 647 2283 πάλιν
700 2229 1079 2304 ἐμφορηθῆναι
1123 2238 1219 2291 τοῦ
1271 2240 1530 2310 νάματος,
1575 2242 1604 2294 6
1651 2243 1684 2313 ἡ

85 2319 265 2388 πέτρα
319 2319 567 2374 ἐκδίδωσι
615 2321 694 2393 τῷ
723 2324 820 2395 τὴν
871 2329 1224 2395 κατασκοπὴν
1273 2330 1446 2400 Ἰησοῦ
1488 2332 1685 2404 ἀληθε-

87 2411 288 2481 στέραν
314 2415 413 2482 τῆς
440 2412 547 2466 τῶν
579 2414 836 2468 ἐναντίων
862 2411 1000 2469 εἶναι
1024 2419 1395 2488 πιστεύσαντι,
1432 2425 1526 2476 καὶ
1551 2423 1687 2495 πρὸς

85 2503 172 2554 τον
218 2502 416 2574 βότρυν
470 2506 849 2572 ἀναϐλέποντι,
883 2509 973 2564 τὸν
1003 2511 1144 2583 ὑπὲρ
1173 2514 1329 2583 ἡμῶν
1374 2509 1516 2585 αἷμα
1558 2517 1686 2570 στά-

88 2592 274 2656 ξαντα,
309 2595 402 2646 καὶ
425 2596 779 2666 αἱμαχθέντα,
803 2598 881 2670 τῷ
901 2599 1061 2653 πάλιν
1079 2603 1261 2665 αὐτοῖς
1289 2603 1378 2656 διὰ
1403 2603 1498 2656 τοῦ
1525 2604 1683 2670 ξύλου

92 2685 272 2753 βρύειν
301 2687 400 2756 τὴν
429 2686 633 2757 πέτραν
677 2691 1166 2744 κατασκευάσαντι.
1219 2692 1357 2746 Ἀλλ’
1382 2694 1535 2748 ούπω
1566 2694 1686 2750 κατ’

92 2778 235 2844 ἴχνος
263 2776 494 2829 ἕπεσθαι
538 2780 604 2848 τῇ
651 2779 997 2849 μεγαλοφυΐᾳ
1025 2783 1268 2846 Μωσέως
1312 2785 1340 2836 6
1382 2785 1508 2849 λαὸς
1533 2787 1690 2841 ἐπαι-

87 2867 280 2936 δεύθη·
337 2868 419 2920 ἔτι
474 2869 532 2922 δὲ
584 2869 721 2940 πρὸς
761 2871 860 2934 τὰς
899 2872 1330 2944 ἀνδραποδώδεις
1392 2877 1688 2947 ἐπιθυμίας

88 2960 438 3026 καθέλκεται,
479 2965 575 3016 καὶ
620 2965 757 3036 πρὸς
789 2965 890 3028 τὰς
911 2966 1218 3036 Αἰγυπτίας
1242 2969 1436 3041 ἡδονὰς
1476 2970 1689 3024 ἐπικλί-

1867 1422 2081 1494 Moyses
2113 1442 2238 1481 vero
2271 1444 2466 1484 rursus
2506 1444 2603 1499 per
2637 1430 2873 1499 lapidem
2915 1431 3186 1487 inundare
3217 1436 3382 1504 aquis

1794 1528 2040 1569 eremum
2083 1517 2250 1584 fecit;
2284 1535 2407 1588 qua:
2437 1535 2526 1575 res
2555 1530 2820 1589 quantum
2852 1520 3124 1592 qualeque
3159 1521 3230 1577 sit
3257 1538 3380 1592 pm-

1797 1607 2038 1663 nitentia:
2068 1620 2517 1676 sacramentum,
2563 1612 2741 1667 docet.
2779 1613 2915 1668 Nam
2953 1615 3048 1686 qui
3081 1624 3372 1687 postquam

1793 1697 1958 1750 semel
1993 1714 2022 1751 e
2048 1705 2195 1768 petra
2241 1700 2524 1766 biberant,
2568 1703 2633 1756 ad
2671 1713 2916 1758 ventrem
2956 1714 3010 1758 et
3039 1721 3239 1764 carnes
3268 1747 3283 1770 ,
3319 1717 3381 1764 et

1792 1787 2076 1858 :Egyptias
2104 1792 2414 1861 voluptates
2449 1793 2587 1862 lapsi
2617 1794 2926 1854 sunt,l‘ame
2957 1810 3022 1850 ac
3053 1799 3368 1866 privatione

1791 1882 2228 1951 participatiouis
2265 1884 2534 1938 bonorum
2575 1885 2932 1940 damnantur.
2973 1885 3373 1946 Verumtamen

1793 1983 2020 2042 possunt
2054 1991 2249 2030 rursus
2276 1992 2440 2049 quam
2475 1977 2888 2048 dereliquerunt
2923 1989 3134 2050 petram
3157 2023 3172 2049 ,
3207 1983 3378 2052 pumi-

1790 2067 1972 2118 lentia:
1988 2066 2256 2122 beneﬁcio
2276 2071 2539 2138 reperire,
2559 2087 2622 2125 ac
2646 2071 2825 2126 forites
2848 2087 2990 2142 quos
3006 2073 3383 2144 delinquendo

1787 2159 2118 2212 ohturarunt
2140 2200 2154 2221 ,
2190 2162 2295 2214 sibi
2346 2177 2593 2217 reserare
2624 2170 2680 2216 et
2712 2163 2933 2218 lluentis
2977 2165 3216 2234 expleri,
3251 2181 3384 2236 qua:

1789 2249 2071 2318 profundit
2104 2252 2180 2305 illi
2235 2266 2408 2322 petra,
2443 2255 2540 2323 qui
2576 2254 2846 2309 veriorem
2876 2253 3030 2319 Jesu,
3063 2272 3226 2326 quam
3261 2257 3365 2312 ad-

1787 2345 2156 2397 versariorum
2189 2345 2622 2414 explorationem
2655 2346 2894 2401 credidit
2931 2367 2946 2402 :
2982 2359 3144 2418 atque
3179 2349 3248 2404 ad
3279 2365 3371 2404 ra~

1788 2448 2002 2486 cemum
2026 2435 2289 2504 respicit,
2325 2437 2417 2506 qui
2453 2453 2550 2507 pro
2588 2437 2745 2492 nobis
2779 2439 3101 2508 sanguinem
3124 2441 3380 2504 stillavit,

1787 2533 1841 2578 et
1889 2535 2209 2582 cruentatus
2243 2537 2362 2591 est,
2404 2530 2610 2599 quique
2655 2540 2712 2583 ut
2753 2546 2948 2585 rursus
3004 2547 3100 2600 per
3153 2532 3368 2602 lignum

1781 2613 2069 2667 scaturiret
2079 2623 2230 2683 petra
2239 2615 2410 2672 eﬂ'ecit
2421 2654 2435 2669 .
2447 2616 2588 2671 Ἶρι-ιι
2597 2630 2646 2667 ιιι
2660 2614 2884 2683 populus
2895 2613 3128 2667 nondum
3144 2618 3362 2688 vestigia

1787 2699 1960 2773 Moysi
1995 2709 2144 2756 recte
2193 2704 2349 2772 sequi
2403 2704 2638 2768 didicit,
2685 2706 2778 2760 sed
2811 2706 2878 2759 ad
2915 2706 3147 2762 serviles
3189 2707 3371 2761 adhuc

1787 2791 1975 2860 lapsus
2017 2793 2385 2863 cupiditates,
2442 2794 2732 2866 .Egyptias
2778 2797 2988 2867 expetit
3037 2799 3372 2870 voluptates.

1787 2881 1904 2948 Qua
1938 2898 2004 2938 ex
2049 2899 2106 2937 re
2148 2885 2383 2939 historia
2424 2886 2665 2942 clamare
2707 2888 2942 2952 videtur,
2993 2889 3214 2944 labilem
3247 2906 3374 2946 esse

1787 2974 2026 3030 maxime
2060 2975 2126 3029 ad
2183 2977 2496 3046 huiusmodi
2550 2980 2683 3032 vitia
2739 2989 2991 3036 naturam
3035 2983 3376 3052 humanam,

86 3069 264 3107 νεται.
313 3053 562 3107 Δείκνυσι
595 3053 651 3108 δέ
692 3073 808 3120 πως
866 3057 955 3111 διὰ
993 3059 1199 3113 τούτων
1239 3062 1272 3130 ή
1316 3063 1547 3133 ἱστορία,
1604 3065 1687 3117 ὃτι

1793 3065 2049 3137 niilleque
2087 3069 2264 3124 modis
2295 3070 2580 3125 scductam
2615 3074 2681 3126 ad
2717 3089 2782 3128 ea
2810 3074 3032 3132 cadere.
3066 3075 3250 3142 Quare
3281 3093 3376 3148 pe-

89 3144 228 3214 πρὸς
258 3145 317 3197 τὸ
351 3145 587 3198 τοιοῦτον
628 3147 797 3213 πάθος
824 3150 1044 3204 πάντων
1081 3151 1320 3222 μάλιστα
1366 3155 1690 3226 κατωφερὴς

86 3237 120 3304 ἡ
149 3236 474 3308 ἀνθρωπίνη
525 3239 688 3308 φύσις
734 3242 874 3306 ἐστὶ,
920 3243 1146 3314 μυρίαις
1187 3245 1325 3308 ὁδοῖς
1367 3247 1688 3319 ὑπαγομένη

86 3333 152 3398 τῇ
203 3330 371 3400 νόσῳ.
422 3333 534 3396 Διὸ,
575 3333 824 3407 καθάπερ
846 3353 932 3400 τις
972 3337 1174 3409 ἰατρὸς,
1210 3339 1345 3410 πρὸς
1378 3339 1437 3393 τὸ
1463 3341 1694 3412 ἐπικρα-

87 3420 212 3473 τοῦν
265 3423 358 3475 ἀεὶ
402 3423 573 3489 πάθος
625 3425 715 3479 διὰ
758 3427 857 3498 τῆς
900 3427 1096 3500 τέχνης
1134 3431 1442 3501 ἱστάμενος,
1489 3433 1590 3486 οὐκ
1626 3435 1691 3504 ἐᾷ

89 3513 211 3565 κατ’
241 3513 428 3568 αὐτῶν
481 3515 830 3572 δυναστεύειν
884 3520 1048 3590 μέχρι
1083 3520 1317 3575 θανάτου
1369 3523 1466 3594 τὴν
1510 3524 1688 3579 νόσον.

90 3605 214 3668 Τοῖς
277 3606 379 3678 μὲν
431 3606 540 3678 γὰρ
588 3609 622 3679 ἡ
671 3609 781 3662 τῶν
833 3610 1051 3663 ἀτόπων
1086 3611 1350 3684 ἐπιθυμία
1373 3617 1500 3679 τοὺς
1539 3613 1691 3685 ὄφεις

87 3698 269 3751 ἔτικτε
295 3718 310 3730 ·
344 3698 404 3752 τὺ
433 3700 490 3752 δὲ
521 3701 648 3772 παρ’
677 3701 856 3756 αὐτῶν
877 3703 1081 3774 δῆγμα,
1117 3705 1487 3779 θανατηφόρον
1516 3709 1691 3779 ἐπῆγε

87 3791 180 3845 τὸν
218 3791 297 3844 ίὺν
321 3795 435 3856 τοῖς
455 3793 744 3864 ἀμυχθεῖσι
773 3791 851 3866 τῷ
884 3797 1122 3867 δήγματι
1148 3813 1160 3826 ·
1187 3802 1216 3852 6
1248 3799 1304 3853 δὲ
1326 3801 1499 3870 μέγας
1527 3820 1689 3873 νομο-

90 3882 259 3953 θέτης
315 3883 490 3952 ὖφεως
536 3885 664 3938 εῖδει
706 3886 805 3957 τὴν
852 3886 1081 3958 δύναμιν
1115 3889 1224 3943 τῶν
1257 3891 1399 3945 κατὰ
1431 3892 1689 3964 ἀλήθειαν

91 3975 298 4044 θηρίων
324 3976 614 4047 ἠχρείωσε.
637 3979 840 4051 Καιρὸς
861 3981 907 4034 δ’
942 3981 1008 4034 ἂν
1030 3983 1135 4053 εἴη,
1172 3983 1503 4056 σαφέστερον
1527 3989 1691 4040 ἐκκα-

91 4064 259 4136 λύψαι
280 4068 343 4121 τὸ
369 4069 615 4141 αἴνιγμα·
656 4072 748 4124 Ἕν
777 4089 828 4126 τι
860 4073 969 4127 τῶν
997 4076 1246 4146 πονηρῶν
1276 4076 1479 4131 τούτων
1510 4079 1690 4148 παθη-

95 4163 286 4231 μάθων
348 4164 493 4217 ἐστὶν
531 4163 908 4236 ἀλεξητήριον,
930 4168 963 4236 ἡ
997 4167 1085 4221 διὰ
1111 4167 1205 4221 τοῦ
1253 4171 1554 4241 μυστηρίου
1589 4172 1689 4243 τῆς

93 4253 381 4316 εὐσεϐείας
420 4256 678 4327 γινομένη
712 4259 819 4310 τῶν
849 4258 1039 4330 ψυχῶν
1065 4263 1098 4332 ἡ
1110 4260 1224 4331 μῶν
1252 4261 1540 4334 κάθαρσις.
1573 4266 1687 4318 Κε-

91 4347 327 4415 φάλαιον
356 4347 411 4398 δὲ
461 4347 569 4400 τῶν
617 4351 675 4405 ἐν
709 4349 786 4420 τῷ
822 4352 1105 4424 μυστηρίῳ
1149 4355 1618 4425 πεπιστευμένων.
1653 4359 1686 4428 ἡ

1795 3157 1901 3210 rito
1937 3159 2150 3213 medico
2185 3163 2343 3216 nobis
2377 3180 2516 3233 opus
2545 3173 2716 3227 esset,
2771 3168 2888 3237 qui,
2945 3168 3091 3223 sicut
3121 3169 3372 3242 Moyses,

1792 3248 2091 3304 artificiose
2124 3253 2389 3308 adversus
2425 3257 2708 3310 victricem
2760 3258 3096 3329 voluptatem
3149 3275 3370 3331 semper

1791 3339 2085 3406 resistens,
2121 3358 2228 3396 non
2252 3343 2526 3415 permittat
2552 3356 2612 3401 ut
2643 3352 2710 3401 ad
2749 3358 2980 3404 mortem
3012 3365 3190 3421 usque
3220 3365 3374 3406 rnor-

1789 3432 1894 3488 bus
1921 3432 2176 3490 homines
2209 3437 2491 3494 detrudat.
2515 3438 2649 3492 Nam
2686 3440 2772 3496 his
2800 3443 3022 3513 quidem
3053 3444 3376 3500 illicitarum

1790 3535 1976 3575 rerum
2035 3525 2312 3593 cupiditas
2374 3537 2661 3598 serpentes
2716 3532 3089 3600 immittebat;
3149 3548 3376 3588 morsus

1790 3619 1940 3674 enim
1982 3634 2176 3674 eorum
2225 3623 2372 3677 letali
2415 3624 2641 3679 vulnere
2676 3624 2907 3680 feriebat
2943 3643 3060 3693 eos,
3094 3628 3186 3698 qui
3224 3628 3376 3697 ejus-

1791 3715 1942 3767 modi
1992 3731 2179 3770 morsu
2220 3718 2622 3788 pungebantur.
2665 3718 2735 3772 At
2771 3735 2901 3774 vero
2941 3720 3226 3790 legislator
3260 3736 3378 3777 scr-

1792 3808 1972 3874 pentis
2009 3808 2192 3877 specie
2215 3824 2470 3863 verorum
2504 3820 2822 3879 serpentum
2855 3813 2964 3865 vim
2996 3814 3230 3884 expulit.
3265 3813 3376 3869 Sed

1790 3905 2006 3967 tempus
2048 3907 2134 3952 est
2184 3908 2242 3952 ut
2288 3900 2436 3956 clare
2490 3902 2542 3956 id
2589 3917 2954 3973 exponamus.
3010 3905 3193 3960 Unum
3243 3920 3377 3977 ergo

1789 3994 1980 4041 contra
2009 3989 2109 4042 hos
2128 3989 2420 4058 pestiferos
2449 3993 2771 4060 cupiditatis
2803 3994 3028 4051 morbos
3058 3997 3374 4052 antidotum

1789 4087 1898 4142 est,
1939 4080 2240 4137 mundities
2285 4084 2454 4138 animi
2501 4084 2720 4154 pietatis
2765 4087 3028 4155 mysterio
3072 4086 3373 4142 celebrata.

1788 4166 1966 4238 Caput
1996 4177 2180 4225 autem
2209 4172 2455 4226 omnium
2489 4189 2611 4243 quae
2652 4175 2707 4227 in
2738 4173 2842 4228 hoc
2878 4175 3209 4232 Christiana
3245 4192 3378 4248 pro-

1788 4258 2051 4317 fessionis
2075 4265 2338 4334 mysterio
2355 4264 2655 4331 credimus,
2680 4275 2766 4320 est
2798 4265 2952 4321 firma
2987 4277 3246 4339 rectaque
3269 4268 3377 4325 fide

1791 4354 1844 4408 in
1877 4356 2191 4425 passionem
2221 4358 2370 4413 illius
2399 4359 2694 4428 respicere,
2723 4359 2818 4429 qui
2850 4374 2950 4430 pro
2978 4360 3141 4417 nobis
3172 4376 3374 4431 passus

94 4438 178 4498 εἰς
228 4435 290 4488 τὸ
325 4435 496 4500 πάθος
542 4439 688 4492 ἐστὶν
732 4441 1031 4510 ἀπόϐλεψις
1067 4442 1162 4495 τοῦ
1206 4443 1346 4516 ὑπὲρ
1376 4446 1534 4516 ἡμῶν
1560 4447 1687 4500 ἀνα-

1795 4456 1913 4514 est;
1947 4463 2083 4502 crux
2118 4465 2249 4504 vero
2281 4451 2468 4520 passio
2497 4450 2619 4519 ejus
2648 4451 2749 4505 fuit
2777 4470 2788 4505 :
2819 4467 2990 4522 quare
3023 4453 3117 4522 qui
3150 4467 3374 4506 crucem

94 4528 399 4599 δεξαμένου
429 4532 488 4583 τὸ
518 4531 704 4595 πάθος.
732 4534 972 4603 Σταυρὸς
997 4535 1052 4587 δὲ
1074 4535 1134 4587 τὸ
1160 4535 1332 4599 πάθος
1353 4537 1520 4590 ἐστίν·
1550 4537 1692 4592 ὥστε

95 4622 190 4674 τὸν
237 4623 376 4693 πρὸς
412 4624 570 4676 αὐτὸν
598 4624 884 4694 βλέποντα,
933 4627 1116 4690 καθὼς
1141 4629 1427 4699 ὑφηγεῖται
1461 4632 1489 4682 6
1514 4630 1690 4698 λόγος,

99 4715 208 4766 ὑπὸ
246 4715 339 4767 τοῦ
401 4716 478 4768 ἰοῦ
539 4718 635 4787 τῆς
691 4718 980 4789 ἐπιθυμίας
1020 4719 1094 4791 μὴ
1125 4719 1476 4790 βλάπτεσθαι.
1513 4721 1585 4775 Τὸ
1632 4723 1691 4776 δὲ

99 4809 238 4878 πρὸς
266 4809 360 4860 τὸν
391 4810 623 4881 σταυρὸν
653 4809 889 4880 βλέπειν,
935 4811 1096 4865 τοῦτό
1133 4814 1271 4877 ἐστι,
1301 4813 1363 4866 τὸ
1394 4815 1573 4868 πάντα
1599 4815 1689 4868 τὸν

97 4898 294 4953 ἑαυτοῦ
330 4900 442 4969 βίον
473 4901 546 4964 ὡς
578 4903 769 4972 νεκρὸν
806 4903 883 4972 τῷ
915 4903 1104 4974 κόσμῳ
1139 4905 1233 4958 καὶ
1277 4904 1690 4976 ἐσταυρωμένον

101 4992 348 5061 ποιῆσαι.
389 4994 524 5064 πρὸς
551 4997 728 5047 πᾶσαν
757 4995 1028 5066 ἁμαρτίαν
1058 4997 1312 5068 ἀκίνητον
1327 4996 1474 5061 ὄντα,
1510 4995 1691 5061 καθώς

99 5101 268 5152 φησιν
318 5087 346 5138 6
388 5085 704 5156 Προφήτης,
764 5088 1104 5160 καθηλοῦντα
1137 5088 1214 5160 τῷ
1248 5088 1377 5160 θείῳ
1416 5089 1566 5158 φόϐῳ
1591 5089 1690 5153 τὰς

102 5178 240 5239 ἰδίας
297 5173 712 5248 σάρκις.⁷Ηλος
765 5180 809 5232 δ’
866 5180 931 5233 ἂν
967 5181 1054 5251 εῐη
1105 5180 1319 5251 σαρκῶν
1345 5179 1688 5245 καθεκτικὸς,

98 5271 130 5337 ἡ
179 5271 493 5340 ἐγκράτεια.
530 5270 680 5322 Ἐπεὶ
707 5267 800 5323 οὖν
833 5274 866 5342 ὴ
899 5271 1006 5324 τῶν
1036 5272 1252 5324 ἀτόπων
1279 5270 1543 5341 ἐπιθυμία
1565 5271 1691 5335 τοὺς

100 5359 519 5430 θανατηφόρους
553 5361 701 5428 ὄφεις
735 5364 798 5416 ἐκ
827 5365 923 5433 τῆς
956 5365 1060 5433 γῆς
1096 5365 1390 5417 ἐπισπᾶται
1427 5367 1553 5432 (πᾶν
1588 5366 1693 5436 γὰρ

97 5452 203 5522 τῆς
236 5455 474 5521 πονηρᾶς
515 5454 808 5524 ἐπιθυμίας
855 5455 1095 5523 ἔγγονον,
1141 5457 1262 5525 δφις
1312 5457 1474 5526 ἐστὶ),
1504 5457 1692 5511 τούτου

99 5545 264 5616 χάριν
300 5545 678 5615 προδείκνυσιν
703 5549 730 5598 6
753 5547 913 5617 νόμος
943 5549 1073 5618 ἡμῖν
1106 5548 1166 5601 τὸ
1190 5549 1282 5602 ἐπὶ
1318 5547 1475 5614 ξύλου
1508 5549 1696 5619 φαινό-

103 5654 302 5707 μενον⁸
354 5639 514 5692 τοῦτο
564 5639 620 5692 δέ
685 5641 831 5694 ἐστιν
872 5641 1125 5712 ὁμοίωμα
1193 5641 1389 5710 ὄφεως,
1439 5643 1532 5697 καὶ
1571 5643 1692 5714 οὐχὶ

177 5814 224 5846 ⁷⁸
257 5811 414 5870 Deut.
450 5833 621 5876 uxu.
659 5817 738 5871 ιι.
809 5816 1138 5884 ὀηοιη.ιιι,
1175 5814 1229 5874 8.

1795 4537 2060 4606 respicit,
2090 4547 2149 4592 ut
2188 4539 2420 4594 historia
2456 4541 2726 4601 hortatur.
2763 4542 2811 4595 ei
2848 4556 3120 4596 venenum
3162 4540 3376 4610 cupidi-

1795 4638 1965 4683 tatum
1990 4631 2187 4685 obesse
2221 4647 2327 4686 non
2355 4641 2556 4703 potest.
2589 4633 2824 4688 Crucem
2855 4645 3038 4690 autem
3075 4637 3372 4705 respicere,

1791 4723 1932 4777 nihil
1959 4723 2107 4778 aliud
2129 4733 2236 4788 est,
2271 4741 2433 4795 quam
2461 4736 2521 4780 ut
2550 4727 2678 4782 huic
2713 4727 2918 4781 mundo
2939 4727 3099 4798 quasi
3125 4734 3375 4780 mortuos

1791 4831 1858 4870 ac
1886 4815 2182 4872 cruciﬁxos
2215 4835 2316 4873 nos
2346 4819 2708 4888 praebeamus,
2755 4819 2889 4874 lixos
2923 4820 2978 4874 in
3014 4822 3238 4887 virtute,
3267 4819 3341 4873 im

1795 4908 2024 4964 mobiles
2047 4907 2682 4977 adpeccanilum,Dei,ut
2714 4911 2790 4963 ait
2824 4909 3141 4978 Psalmista,
3179 4910 3377 4964 timore

1792 5002 1953 5072 quasi
2013 5002 2168 5055 clavo
2227 5017 2449 5055 carnem
2506 5010 2753 5057 nostram
2808 5002 3118 5070 inﬁgentes.
3170 5002 3374 5056 Clavus

1794 5103 1974 5148 autem
2020 5095 2114 5164 qui
2165 5108 2387 5148 carnem
2439 5093 2582 5148 hanc
2619 5095 2838 5159 retinet,
2888 5095 3226 5148 continentia
3267 5104 3371 5148 est.

1792 5185 2063 5251 Quoniam
2106 5186 2273 5255 igitur
2307 5201 2474 5255 prava
2515 5185 2788 5254 cupiditas
2828 5185 3142 5240 mortiferus
3168 5203 3196 5239 e
3227 5196 3372 5238 trrra

1791 5277 1951 5331 nobis
1993 5285 2273 5346 serpentes
2307 5278 2548 5329 immittit
2579 5277 2878 5347 (quidquid
2912 5281 3058 5330 enini
3100 5293 3165 5331 ex
3209 5293 3369 5346 prava

1791 5370 2090 5440 cupiditate
2131 5372 2398 5426 nascitur.
2443 5385 2673 5437 serpens
2707 5371 2851 5437 est),
2882 5371 3092 5423 idcirco
3125 5371 3238 5438 jam
3279 5373 3370 5423 diu

1793 5462 1878 5518 lex
1917 5461 2225 5516 antidotum
2271 5463 2521 5517 nobisin
2568 5463 2713 5530 ligno
2758 5463 3104 5515 nmnstravit.
3152 5460 3208 5515 Id
3243 5478 3373 5513 vero

1790 5555 2062 5623 serpentis
2107 5561 2191 5608 est
2239 5555 2593 5608 simulacrum
2625 5593 2638 5616 ,
2683 5568 2790 5606 non
2828 5568 3057 5621 serpens
3086 5591 3103 5618 ,
3144 5552 3286 5605 sicut
3320 5560 3374 5604 et

1791 5645 1993 5702 Paulus
2035 5646 2197 5712 dicit,
2243 5664 2260 5697 ι
2297 5647 2352 5700 ln
2391 5644 2749 5701 similitudine
2780 5645 2964 5700 carnis
2991 5644 3196 5716 peccati
3219 5640 3305 5702 ”;
3347 5660 3366 5693 ι
