3838 6224
512 379 612 435 ιξδ

1737 388 1794 442 S.
1829 389 2157 448 GREGORII
2183 393 2479 450 NYSSENI
3687 395 3710 441 εἰ
3728 395 3779 441 Hi

514 513 678 551 verus
703 495 847 550 enim
892 510 1120 564 serpens
1165 505 1448 564 peccatum
1484 504 1570 551 est
1605 515 1620 552 :
1652 507 1707 552 et
1731 501 1824 569 qui
1857 500 1923 554 ad
1955 515 2083 570 pec-

2197 503 2337 572 Βφις·
2370 505 2550 568 καθὼς
2582 506 2674 558 καὶ
2703 506 2730 558 6
2765 506 2906 569 θεῖος
2932 503 3141 568 Παῦλὸς
3173 522 3359 576 φησιν,
3399 525 3417 558 ι
3452 507 3554 559 ‘Ev
3583 507 3776 574 ὁμοιω-

516 596 702 640 catum
737 587 1070 656 transfugit,
1117 587 1484 654 serpentinam
1522 588 1769 643 induitur
1808 598 2082 644 naturam.

515 679 596 732 Ab
627 679 730 732 hoc
767 678 933 747 igitur
967 685 1196 747 peccato
1235 686 1289 732 et
1322 677 1501 733 adhuc
1537 681 1855 751 serpentina
1891 690 2087 736 natura

514 771 678 824 homo
711 787 805 840 per
835 771 987 823 illum
1022 770 1303 832 liberatur,
1335 771 1430 840 qui
1462 774 1670 840 peccati
1689 775 1928 842 speciem
1954 776 2088 829 sub-

515 863 614 924 iit,
667 863 762 931 qui
834 860 1014 916 factus
1060 873 1144 916 est
1195 861 1496 917 secundum
1550 877 1682 926 nos,
1729 865 1822 933 qui
1866 865 1932 918 ad
1963 880 2086 935 Spe-

513 953 657 1008 ciem
700 953 976 1023 serpentis
1020 952 1274 1006 conversi
1308 968 1503 1008 sumus
1549 972 1562 1007 :
1600 970 1697 1024 per
1741 971 1901 1024 quem
1938 971 2088 1012 mors

514 1046 834 1114 prohibetur
877 1060 908 1099 a
953 1043 1232 1100 morsibus
1280 1045 1594 1112 inferenda,
1651 1049 1744 1102 sed
1783 1049 1916 1118 ipsa:
1961 1050 2090 1104 ferte

516 1152 626 1191 non
677 1137 1038 1192 destruantur
1091 1156 1106 1192 :
1168 1138 1310 1192 feras
1353 1147 1532 1193 autem
1579 1138 1704 1193 dico
1759 1142 2090 1210 cupiditates

514 1229 664 1298 ipsas
683 1243 898 1298 pravas.
923 1228 1056 1282 Nam
1079 1230 1122 1282 si
1153 1244 1317 1299 prava
1348 1231 1686 1298 peccantium
1709 1247 1858 1287 mors
1882 1235 2086 1287 nullam

513 1320 713 1374 habeat
747 1319 802 1373 in
844 1320 966 1375 illos
995 1322 1103 1374 vim
1143 1321 1237 1390 qui
1272 1335 1492 1375 crucem
1522 1323 1823 1392 respiciunt
1845 1365 1860 1387 ,
1903 1325 2090 1381 carnis

513 1421 698 1465 tamen
729 1412 992 1466 adversus
1013 1411 1266 1480 spiritum
1298 1413 1487 1466 innata
1515 1414 1788 1484 cupiditas
1828 1430 1937 1468 non
1968 1430 2090 1470 om-

515 1502 647 1556 nino
691 1501 967 1557 destructa
1017 1513 1121 1561 est.
1180 1503 1480 1576 lnsurgunt
1539 1507 1684 1560 enim
1732 1514 1788 1561 et
1839 1507 2091 1563 ﬁdelibus

515 1610 893 1664 saapenumero
920 1596 1240 1666 cupiditatis
1280 1612 1520 1663 morsus,
1551 1614 1690 1668 quos
1719 1599 1785 1653 ad
1817 1599 2090 1654 sublatum

518 1684 571 1736 in
616 1685 764 1754 ligno
821 1686 1185 1757 respicientes
1239 1689 1532 1758 repellunt,
1587 1690 1783 1746 timore
1835 1693 2090 1762 praecepti

516 1776 674 1843 quasi
704 1775 952 1832 antidoto
975 1777 1081 1832 vim
1118 1780 1312 1836 veneni
1342 1779 1700 1851 dissipantes.

586 2043 744 2111 Quod
799 2054 980 2102 autem
1023 2048 1337 2119 mysterium
1385 2051 1570 2105 crucis
1610 2051 1920 2109 sublatione
1969 2069 2086 2109 ser-

494 2139 698 2204 pentis
744 2137 797 2191 in
843 2137 1063 2192 deserto
1111 2139 1464 2210 ﬁgurabatur,
1516 2153 1707 2213 aperte
1749 2161 1853 2202 nos
1895 2146 2086 2201 docuit

520 2229 755 2291 Veritas,
787 2247 910 2284 cum
931 2231 1062 2286 dicit
1093 2250 1105 2285 :
1142 2250 1162 2285 ι
1188 2232 1250 2288 Ει
1281 2235 1426 2290 sicut
1455 2237 1668 2308 Moyses
1688 2241 1948 2294 exaltavit
1969 2256 2086 2296 ser-

518 2332 729 2390 pentem
783 2325 835 2376 in
886 2325 1137 2387 deserto,
1184 2327 1263 2382 sic
1312 2326 1507 2383 Filium
1567 2331 1802 2386 hominis
1858 2333 2084 2388 exaltari

518 2416 833 2483 oportet";
875 2433 892 2464 ι
932 2415 1034 2468 Sed
1070 2416 1263 2470 iterum
1301 2428 1463 2488 atque
1493 2419 1688 2474 iterum
1723 2425 1928 2491 peccati
1962 2439 2087 2492 pro-

518 2505 774 2570 tervitas,
804 2508 960 2574 quasi
1009 2509 1150 2562 serie
1189 2511 1444 2577 quadam,
1484 2527 1586 2565 usu
1623 2512 1692 2565 ab
1719 2513 1842 2568 aliis
1878 2516 1944 2568 ad
1981 2516 2085 2568 alia

519 2599 846 2666 prorumpit,
874 2606 927 2652 et
949 2598 1226 2668 legislator
1254 2611 1312 2655 ut
1335 2603 1578 2672 optimus
1600 2605 1820 2671 quidam
1844 2607 2086 2662 medicus

517 2687 584 2740 ad
625 2687 938 2742 morborum
971 2704 1172 2760 genera
1211 2706 1400 2746 curam
1442 2693 1602 2750 habet
1651 2708 1918 2764 paratam.
1950 2698 2086 2753 Nam

516 2793 642 2832 cum
673 2789 984 2849 serpentum
1012 2795 1230 2837 morsus
1252 2783 1399 2837 nihil
1419 2786 1547 2840 mali
1571 2789 1806 2856 amplius
1833 2788 2090 2847 afferebat

519 2870 572 2922 in
631 2871 902 2939 serpentis
975 2872 1331 2928 simulacrum
1403 2878 1870 2946 respicientibus,
1941 2883 2086 2951 quod

517 2962 747 3030 aenigma
774 2962 887 3032 jam
925 2965 1061 3020 satis
1093 2967 1258 3022 dictis
1292 2968 1610 3040 intelligitur
1646 3019 1658 3028 .
1695 2974 1800 3026 alia
1829 2976 2087 3044 peccandi

500 3050 602 3103 .via
648 3051 825 3115 hosti,
872 3053 966 3120 qui
1005 3054 1268 3110 adversus
1305 3072 1404 3112 nos
1452 3074 1667 3130 semper
1708 3064 2002 3119 meditatur
2026 3081 2090 3120 ac

519 3143 740 3212 cOgiIat,
774 3144 993 3200 inventa
1035 3157 1139 3210 est,
1168 3164 1290 3218 qum
1317 3151 1522 3207 nostris
1561 3156 1900 3224 temporibus
1932 3157 2086 3213 latis-

518 3231 656 3285 sime
681 3247 898 3300 quoque
942 3242 1107 3302 patet.
1158 3234 1291 3288 Nam
1335 3248 1692 3307 posteaquam
1729 3243 1952 3297 morbus
1986 3243 2089 3298 iste

518 3321 838 3387 cupiditatis
866 3324 1196 3380 modestiore
1219 3326 1326 3380 vita
1357 3328 1709 3392 deferbuerit,
1749 3333 1813 3384 ad
1841 3333 2094 3388 sacerdo-

521 3414 658 3466 tium
700 3414 1034 3484 irrumpunt,
1066 3415 1320 3472 humanis
1339 3419 1631 3490 suﬂ'ragiis.
1674 3422 2094 3494 imperiosisque

519 3505 960 3561 ordinationibus
1008 3505 1478 3577 dispensationem
1522 3511 1616 3568 Dei
1665 3515 2038 3584 vituperantes
2074 3535 2088 3571 ι

521 3597 594 3650 ita
619 3597 867 3653 homines
901 3599 947 3654 si
981 3615 1089 3654 uno
1113 3603 1374 3672 peccandi
1401 3604 1563 3658 modo
1598 3621 1707 3661 non
1732 3609 1954 3673 vicerit,
1986 3611 2094 3664 alio

521 3690 873 3746 adversarius
913 3702 1099 3748 noster
1134 3703 1370 3749 conatur
1405 3696 1664 3767 dejicere.
1699 3698 1977 3754 Vexantnr
2006 3719 2094 3756 es-

521 3795 709 3834 carum
733 3780 955 3852 }Egypti
980 3785 1313 3855 cupiditate,
1356 3789 1502 3844 unde
1537 3799 1821 3861 serpentes
1861 3793 2094 3848 immissi

523 3882 654 3931 sunt
688 3890 700 3926 :
749 3875 1045 3932 simulacro
1079 3880 1367 3948 pendentis
1403 3884 1677 3952 serpentis
1712 3899 1777 3937 ex
1825 3884 1972 3955 ligno
2001 3901 2096 3939 su-

502 3957 787 4042 perantur
821 3991 835 4027 :
871 3973 946 4026 ita
975 3975 1226 4028 cruciﬁxi
1263 3975 1397 4030 ﬁdes
1431 3976 1515 4030 vel
1552 3976 1781 4046 ﬁgurata
1819 3977 2090 4031 liberavit.

522 4064 856 4135 Cupiditatis
886 4074 1067 4121 autem
1115 4069 1306 4122 morbo
1336 4069 1588 4138 depulso,
1627 4070 1881 4139 superbia
1917 4071 2096 4126 locum

522 4157 645 4227 ejus
662 4157 976 4227 occupavit.
1041 4157 1176 4212 Nam
1223 4174 1348 4213 cum
1387 4161 1592 4215 humile
1627 4173 1791 4230 atque
1816 4163 2095 4232 abjectum

523 4266 648 4305 esse
674 4251 961 4306 crederent
989 4252 1238 4307 ordinem
1262 4268 1424 4308 suum
1457 4269 1700 4318 servare,
1756 4254 1822 4309 ad
1855 4256 2097 4327 dignita-

525 4350 634 4396 tem
671 4341 976 4398 sacerdotis
1005 4343 1219 4413 seipsos
1243 4344 1528 4401 intrudere
1571 4357 1866 4413 conantur,
1908 4362 1974 4402 ac
2001 4364 2097 4404 eos

501 4432 802 4503 depellere
841 4449 948 4487 non
975 4435 1332 4500 erubescunt,
1373 4438 1468 4506 qui
1519 4439 1842 4508 mysterium
1879 4440 1935 4493 id
1980 4440 2098 4495 fue-

2191 612 2320 665 ματι
2357 597 2556 665 σαρκὸς
2574 596 2864 668 ἁμαρτίας.
2899 615 2916 647 ι
2951 596 3009 649 '0
3033 596 3090 650 δὲ
3119 596 3322 667 ἀληθὴς
3349 597 3498 664 ὄφις,
3526 600 3565 668 ὴ
3604 599 3780 667 ἁμαρ-

2187 687 2279 740 τία
2327 688 2478 740 εστί·
2538 689 2632 741 καὶ
2685 689 2714 740 6
2763 689 2899 760 πρὸς
2925 687 3022 758 τὴν
3052 687 3328 760 ἁμαρτίαν
3365 687 3777 758 αὐτομολήσας.

2187 777 2286 848 τὴν
2329 777 2418 830 τοῦ
2460 777 2636 845 ὄφεως
2681 776 2966 830 ὑποδύεται
3006 776 3187 844 φύσιν.
3229 775 3661 848 Ἐλευθεροῦται
3694 772 3784 827 οἷν

2187 869 2287 938 τῆς
2321 869 2591 941 ἁμαρτίας
2611 869 2642 921 6
2675 867 2955 939 ἄνθρωπος
2998 868 3086 922 διὰ
3115 867 3208 921 τοῦ
3235 867 3572 930 ὑπελθόντος
3597 867 3663 918 16
3693 867 3783 934 τῆς

2187 960 2459 1030 ἁμαρτίας
2511 955 2670 1026 εἶδος,
2701 961 2796 1013 καὶ
2836 958 3129 1030 γενομένου
3155 958 3276 1012 καθ’
3299 959 3449 1028 ἡμᾶς
3487 959 3629 1020 τοὺς
3653 958 3784 1024 πρὶς

2187 1048 2249 1100 16
2276 1045 2413 1112 εἶδος
2443 1049 2918 1120 μεταστραφέντας
2937 1048 3030 1101 τοῦ
3062 1049 3256 1116 ὄφεως,
3291 1049 3357 1102 δι’
3379 1041 3441 1101 οὗ
3489 1051 3522 1101 6
3553 1047 3663 1118 μὲν
3695 1047 3787 1100 θά-

2189 1158 2346 1205 νατος
2393 1144 2423 1194 6
2472 1143 2536 1196 ὲκ
2598 1142 2705 1196 τῶν
2752 1141 3048 1212 δηγμάτων
3105 1141 3390 1206 κωλύεται,
3425 1142 3580 1196 αὑτά
3630 1141 3691 1194 δὲ
3720 1141 3785 1192 τά
3828 1143 3833 1168 ¹

2194 1229 2358 1289 θηρία
2387 1231 2486 1283 οὑκ
2508 1225 2856 1306 ἀφανίζεται’
2877 1231 3040 1302 θηρία
3055 1231 3114 1284 δέ
3145 1232 3307 1300 λέγω,
3324 1232 3420 1296 τὰς
3451 1231 3783 1301 ἐπιθυμίας.

2189 1317 2310 1373 Τῶν
2337 1320 2446 1392 γάρ
2498 1323 2578 1384 είς
2607 1321 2718 1374 τὸν
2737 1321 2968 1392 σταυρὸν
2999 1320 3323 1391 βλεπόντων,
3353 1324 3382 1374 6
3408 1321 3516 1392 μὲν
3543 1322 3786 1390 πονηρὸς

2188 1413 2297 1466 τῶν
2314 1412 2652 1485 ἁμαρτωλῶν
2672 1413 2898 1493 θάνατος
2925 1414 3026 1467 οὑκ
3051 1416 3354 1483 ἐνεργεῖται
3381 1429 3395 1443 ·
3431 1415 3470 1484 ἡ
3511 1413 3575 1466 δέ
3604 1415 3786 1480 ἐγκει-

2196 1507 2331 1578 μένη
2365 1510 2430 1578 τῇ
2461 1509 2625 1580 σαρκὶ
2663 1508 2806 1563 κατά
2834 1509 2928 1562 τοῦ
2959 1508 3265 1579 πνεύματος
3303 1507 3588 1578 ἐπιθυμία
3612 1507 3697 1568 εἰς
3727 1506 3784 1556 τὸ

2192 1599 2448 1663 παντελὲς
2471 1601 2570 1653 οὑκ
2613 1600 2875 1654 ἀπόλωλε.
2923 1600 3031 1654 Καὶ
3062 1602 3171 1672 γάρ
3197 1600 3292 1654 καὶ
3326 1602 3384 1653 ἐν
3410 1603 3534 1662 τοῖς
3571 1600 3785 1659 πιστοῖς
3834 1633 3835 1680 3

2191 1693 2491 1760 ἐνεργεῖται
2548 1691 2808 1756 πολλάκις
2854 1691 2955 1761 τῆς
3015 1691 3310 1762 ἐπιθυμίας
3356 1690 3425 1743 τά
3484 1691 3781 1760 δήγματα·
3833 1695 3835 1762 ξ

2192 1759 2306 1833 ἀλλ’
2344 1783 2374 1834 6
2421 1782 2556 1852 πρὸς
2590 1782 2681 1836 16v
2719 1783 2814 1835 ἐπὶ
2845 1759 3000 1846 ξύλου
3039 1759 3318 1851 ὑψωθ-έντα
3352 1759 3604 1851 βλέπωὶθι
3637 1781 3785 1832 dm”
3833 1759 3836 1784 Ι

2119 1857 2162 1911 Β
2192 1871 2363 1926 θεῖται
2414 1873 2473 1926 τὸ
2511 1871 2720 1936 πάθος,
2741 1869 2852 1926 οἷόν
2891 1889 2997 1926 τινι
3028 1874 3302 1944 φαρμάκῳ
3324 1871 3405 1943 τῷ
3423 1873 3531 1942 τῆς
3562 1871 3784 1939 ἐντολῆς

2192 1963 2342 2035 φόϐῳ
2364 1964 2455 2017 τὸν
2481 1963 2557 2018 ίδν
2593 1964 2829 2035 διαχέας.

2263 2057 2336 2110 Τὸ
2355 2057 2411 2110 δὲ
2429 2057 2492 2110 σύ
2501 2056 2694 2128 μδολον
2725 2053 2864 2111 εἶναι
2890 2056 2986 2110 τοῦ
3016 2056 3156 2110 κατά
3178 2056 3269 2109 16v
3300 2056 3544 2124 σταυρὸν
3579 2071 3785 2124 μυστηο

2193 2149 2311 2220 ρίου
2349 2149 2439 2202 τὸν
2453 2149 2733 2218 ὑψωθέντα
2763 2150 2884 2219 ὄφιν
2927 2153 2985 2203 ἐν
3016 2153 3082 2220 τῇ
3118 2151 3326 2221 ἐρήμῳ,
3349 2148 3615 2219 φανερῶς
3643 2147 3784 2201 διδά-

2194 2243 2362 2312 σκειὴ
2385 2241 2479 2294 τοῦ
2493 2241 2626 2294 Θεοῦ
2646 2241 2797 2312 φωνὴ
2827 2242 2884 2294 ἐν
2914 2236 2994 2304 οἷς
3010 2257 3192 2311 φησιν,
3222 2241 3302 2292 ὅτι
3328 2260 3346 2292 ι
3370 2239 3584 2304 Καθὼς
3602 2239 3779 2308 ὖψωσε

2189 2334 2282 2386 τὸν
2305 2333 2428 2403 ὅφιν
2457 2333 2696 2404 Μωῦσῆς
2735 2333 2795 2386 ἐν
2821 2335 2888 2403 τῇ
2928 2333 3139 2404 ἐρήμῳ,
3183 2330 3349 2393 οὕτως
3385 2331 3681 2400 ὑψωθῆναι
3706 2331 3782 2382 δεῖ

2191 2426 2282 2478 16v
2308 2426 2434 2479 Υἱὸν
2456 2423 2550 2477 τοῦ
2572 2423 2878 2494 ἀνθρώπου.
2913 2444 2931 2476 ι
2965 2425 3134 2478 Πάλιν
3165 2426 3232 2495 τῇ
3266 2424 3443 2493 οἰκείᾳ.
3477 2424 3610 2494 ὁδῷ,
3641 2425 3778 2476 κατὰ

2191 2535 2315 2572 τινα
2343 2518 2519 2588 κακὴν
2561 2517 2900 2581 ἀκολουθίαν,
2945 2518 2979 2586 ή
3017 2516 3260 2588 ἁμαρτία
3283 2515 3646 2587 προέρχεται,
3672 2511 3777 2568 οἷον

2193 2608 2368 2680 είρμῷ
2392 2625 2497 2662 τινι
2522 2606 2744 2679 πονηρῷ
2769 2607 2908 2661 κατὰ
2940 2606 3002 2660 16
3031 2607 3320 2661 ἀκόλουθον
3341 2607 3619 2678 προϊοῦσα
3642 2623 3657 2636 ·
3685 2607 3778 2657 καὶ

2193 2701 2221 2752 6
2253 2699 2569 2771 νομοθέτης,
2603 2699 2854 2768 καθάπερ
2877 2715 2959 2761 τις
2990 2697 3194 2770 ἰατρὸς,
3224 2700 3289 2768 τῇ
3313 2697 3408 2750 τοῦ
3426 2697 3610 2750 κακοῦ
3640 2698 3778 2765 φορᾷ

2196 2789 2619 2862 συμπαρατείνει
2642 2790 2738 2861 τὴν
2761 2789 3079 2861 θεραπείαν.
3111 2787 3329 2859 Ἐπειδὴ
3357 2789 3468 2860 γάρ
3494 2789 3776 2860 ἄπρακτον

2194 2880 2408 2948 ἐγένετο
2431 2879 2492 2932 16
2513 2879 2697 2950 δῆγμα
2717 2877 2827 2931 τῶν
2855 2877 3032 2948 ὄφεων
3051 2880 3161 2940 τοῖς
3190 2880 3267 2938 είς
3303 2877 3363 2930 16
3393 2877 3659 2947 ὁμοίωμα
3687 2876 3772 2927 τοῦ

2195 2972 2369 3040 ὄφεως
2399 2971 2650 3042 βλέπουσι
2691 2971 2851 3039 (νοεῖς
2883 2970 2941 3023 δέ
2973 2969 3188 3033 πάντως
3214 2969 3301 3022 διὰ
3327 2969 3435 3022 τῶν
3467 2971 3523 3021 εί
3533 2971 3772 3041 ρημένων

2196 3063 2256 3117 τὸ
2285 3063 2553 3134 αἴνιγμα),
2597 3061 2728 3133 άλλη
2782 3060 3000 3132 μέθοδος
3049 3060 3322 3132 ἁμαρτίας
3356 3062 3662 3114 ἐπινοεῖται
3704 3061 3775 3128 τῷ

2198 3153 2454 3216 ποικίλως
2479 3153 2549 3206 τὰ
2574 3153 2796 3207 τοιαῦτα
2824 3152 2944 3205 καθ’
2982 3151 3139 3222 ήμῶν
3186 3153 3582 3221 σοφιστεύοντι.
3622 3155 3689 3204 '0
3718 3153 3776 3220 δὴ

2192 3247 2287 3300 καὶ
2319 3246 2413 3298 νῦν
2439 3229 2496 3297 ἐν
2520 3229 2733 3308 πολλοῖς
2762 3244 2889 3297 ίδεῖν
2918 3243 3034 3297 ἔστι
3053 3244 3357 3314 γινόμενον.
3397 3244 3660 3297 Ἐπειδὰν
3677 3247 3777 3312 γάρ

2192 3353 2333 3399 τινες
2361 3335 2448 3389 διὰ
2470 3319 2905 3404 σωφρονεστέρου
2932 3332 3130 3404 βίου’τὸ
3152 3335 3248 3404 τῆς
3275 3334 3579 3404 ἐπιθυμίας
3602 3335 3776 3396 πάθος

2193 3429 2492 3483 κολάσωσιν
2514 3443 2528 3454 ·
2570 3430 2661 3482 ἐπὶ
2689 3429 2789 3498 τὴν
2843 3427 3140 3500 ἱερωσύνην
3182 3429 3404 3489 ἑαυτοὺς
3430 3425 3781 3488 είσωθοῦαιν,

2193 3520 2558 3591 ἀνθρωπίναις
2579 3518 2933 3590 περιδρομαῖς
2984 3517 3077 3570 καὶ
3117 3518 3658 3588 αὑτοχειροτονήτοις
3699 3520 3787 3585 ὁρ-

2197 3613 2323 3682 μαῖς
2357 3612 2435 3674 είς
2457 3611 2554 3681 τὴν
2591 3609 2898 3679 οἰκονομίαν
2929 3607 3024 3660 τοῦ
3047 3607 3182 3661 Θεοῦ
3215 3607 3618 3678 ἐξυϐρίζοντες,
3649 3608 3784 3677 πρὸς

2193 3704 2396 3771 ταύτην
2445 3703 2566 3770 ἄγει
2585 3701 2683 3773 τὴν
2720 3701 2897 3770 κακὴν
2944 3701 3044 3771 τῆς
3082 3700 3353 3771 ἁμαρτίας
3391 3699 3723 3752 ἀκολουθίαν
3757 3701 3783 3750 6

2193 3792 2281 3845 διὰ
2308 3793 2406 3862 τῆς
2434 3791 2672 3861 ἱστορίας
2725 3792 2968 3862 ἐνεργεῖν
3005 3790 3076 3843 τά
3117 3792 3263 3843 κακὰ
3306 3791 3426 3852 τοῖς
3466 3789 3781 3860 ἀνθρώποις

2195 3883 2684 3954 κατηγορούμενος.
2729 3882 2944 3952 Ἐπειδὴ
2985 3881 3094 3950 γάρ
3146 3882 3424 3934 ἐπαύσατο
3465 3883 3501 3950 ἡ
3558 3880 3633 3949 γῆ
3659 3884 3784 3943 τοὺς

2195 3975 2347 4042 ὄφεις
2389 3972 2530 4026 κατὰ
2558 3964 3098 4041 τῶν-ἐπιθυμούντων
3135 3971 3421 4054 ὠδίνουὶσα,
3461 3969 3553 4022 διά
3575 3971 3681 4039 τῆς
3712 3971 3784 4030 εἰς

2195 4065 2286 4118 τὸν
2312 4063 2593 4133 ὑψωθέντα
2612 4066 2704 4116 ἐπὶ
2735 4062 2890 4128 ξύλου
2912 4063 3169 4126 πίστεως,
3200 4063 3294 4115 καὶ
3323 4063 3608 4133 κρείττους
3635 4063 3787 4114 ἐπεί-

2199 4159 2402 4228 σθησαν
2433 4153 2573 4209 εἶναι
2609 4157 2717 4208 τῶν
2748 4155 2967 4209 ἰοϐόλων
3007 4154 3323 4225 δηγμάτων,
3358 4155 3481 4208 τότε
3521 4155 3618 4207 τοῦ
3663 4155 3785 4208 κατ’
3835 4153 3838 4168 ¹

2199 4250 2491 4319 ἐπιθυμίαν
2527 4247 2728 4310 πάθους
2773 4244 3171 4311 ὑπεξελθόντος,
3199 4249 3234 4316 ἡ
3271 4247 3373 4316 τῆς
3399 4247 3786 4318 ὑπερηφανίας

2197 4339 2599 4410 ἁντεισέρχεται
2624 4338 2797 4399 νόσος.
2828 4339 2938 4392 Καὶ
2964 4337 3218 4391 ταπεινὸν
3248 4332 3392 4390 εἶναι
3422 4338 3710 4408 κρίνοντες
3728 4340 3785 4391 τὸ

2199 4428 2492 4503 φυλάσσειν
2529 4433 2614 4501 ἐφ’
2663 4429 2874 4484 ἑαυτῶν
2912 4429 3012 4501 τὴν
3035 4429 3189 4495 τάξιν
3232 4431 3318 4498 ἐφ’
3346 4425 3412 4501 ἧς
3445 4429 3782 4499 ἐτάχθησαν,

495 4533 651 4579 -rant
700 4523 967 4581 divinitus
1013 4527 1311 4582 consecuti
1345 4546 1359 4581 :
1398 4529 1497 4583 sed
1536 4530 1696 4584 multi
1744 4539 1906 4586 terra:
1945 4532 2090 4587 hiatu

2201 4525 2515 4579 είσωθοῦσιν
2563 4518 2789 4587 ἑαυτοὺς
2843 4523 2924 4584 είς
2956 4522 3019 4574 τὸ
3040 4522 3137 4592 τῆς
3189 4521 3487 4592 ἱερωσύνης
3535 4523 3781 4592 ἀξίωμα,

525 4617 772 4686 absorpti
808 4618 1111 4687 perierunt,
1155 4619 1353 4690 reliqui
1386 4619 1714 4678 fulminibus
1778 4624 2091 4696 conﬂagra-

527 4717 672 4762 runt.
706 4707 875 4764 Docet
905 4709 1092 4780 igitur,
1133 4725 1256 4764 meo
1279 4711 1512 4780 judicio,
1545 4713 1632 4768 his
1665 4715 1918 4779 historia,
1982 4729 2096 4772 ter-

526 4800 735 4854 minum
765 4799 1044 4862 elationis,
1077 4815 1199 4870 qua“:
1226 4799 1284 4854 ﬁt
1326 4815 1393 4855 ex
1421 4803 1714 4872 superbia;
1761 4804 2094 4860 descensum

525 4907 650 4946 esse
676 4893 743 4943 ad
776 4889 1132 4946 subterranea
1161 4911 1174 4946 :
1208 4907 1308 4949 nec
1343 4894 1442 4948 abs
1475 4910 1533 4948 re
1561 4895 1798 4951 fortasse
1825 4897 2094 4966 quisinde

528 4983 756 5050 abrepta
789 4983 1081 5038 occasione
1109 4985 1182 5038 ita
1219 4987 1528 5055 superbiam
1557 4987 1852 5050 deﬁnierit,
1888 4991 2093 5059 Super-

527 5073 615 5126 bia
648 5083 733 5127 est
775 5074 1075 5130 descensus
1122 5077 1188 5130 ad
1240 5076 1500 5132 inferiora
1525 5097 1538 5132 :
1565 5080 1711 5150 quod
1749 5081 1794 5135 si
1830 5079 2098 5146 visverbi,

528 5172 587 5216 ut
616 5163 802 5218 multis
841 5165 1078 5230 videtur,
1119 5168 1459 5222 contrarium
1508 5171 1762 5224 ostendat
1801 5172 2096 5244 (superbus

524 5258 669 5310 enim
700 5258 795 5328 qui
829 5273 996 5327 super
1025 5259 1162 5314 alios
1193 5269 1299 5324 est,
1341 5260 1451 5314 dici
1485 5262 1721 5332 videtur)
1761 5280 1887 5330 non,
1920 5267 2095 5320 admio

526 5349 1095 5406 raberiszveritatem
1173 5351 1316 5405 enim
1377 5352 1576 5408 divina:
1650 5355 1887 5411 historia:
1941 5359 2094 5426 sequi

528 5439 690 5500 malo,
743 5454 906 5508 quam
953 5443 1231 5495 nominum
1276 5443 1674 5512 itnpositionem
1710 5465 1722 5499 :
1754 5463 1882 5503 nam
1929 5453 1972 5504 si
2006 5452 2097 5520 qui

529 5544 588 5582 se
639 5545 802 5598 super
838 5532 977 5585 alios
1031 5533 1285 5602 praeferre
1329 5536 1535 5599 volunt,
1583 5537 1732 5594 hiatu
1788 5550 1948 5595 terra!
2004 5545 2100 5599 de-

529 5620 717 5685 mersi,
757 5620 824 5675 ad
875 5623 1060 5676 inﬁma
1108 5624 1403 5681 decidunt:
1441 5639 1655 5685 nonest
1699 5637 2096 5690 contemnenda

587 5795 804 5853 "Joan.
849 5816 926 5866 ιιι,
969 5800 1049 5855 14.

2201 4615 2558 4686 παρώσασθαι
2595 4617 2720 4677 τοὺς
2783 4613 2935 4685 παρὰ
2990 4612 3084 4666 τοῦ
3116 4612 3252 4665 Θεοῦ
3291 4613 3391 4677 τὴν
3437 4613 3786 4683 λειτουργίαν

2200 4709 2402 4778 ταύτην
2450 4707 2713 4778 λαχόντας
2763 4705 3254 4774 φιλονεικήσαντες,
3285 4703 3335 4756 οἳ
3375 4704 3619 4773 χάσματι
3642 4705 3780 4756 ὑπο-

2199 4801 2493 4872 ληφθέντες
2545 4792 2998 4870 ἐξηφανίσθησαν.
3057 4796 3131 4849 T6
3173 4795 3231 4849 δὲ
3264 4797 3385 4848 ὅσον
3419 4796 3561 4866 ὑπὲρ
3587 4798 3693 4866 γῆς
3718 4793 3784 4867 ἦν

2186 4894 2292 4946 ’τοῦ
2343 4893 2583 4946 τοιούτου
2633 4891 3024 4960 συντάγματος,
3073 4890 3356 4959 κεραυνοῖς
3399 4889 3778 4958 κατεπρήσθη·

2200 4986 2560 5046 διδάσκοντος,
2603 4980 2779 5052 οἶμαι,
2815 4978 2919 5034 τοῦ.
2950 4981 3108 5049 λόγου
3135 4980 3222 5032 διὰ
3255 4978 3357 5049 τῆς
3395 4980 3660 5049 ἱστορίας,
3703 4981 3783 5032 ὅτι

2204 5079 2374 5150 πέρας
2424 5077 2540 5129 ἐστὶ
2581 5075 2680 5146 τῆς
2716 5073 2839 5128 καθ’
2873 5073 3249 5143 ὑπερηφανίαν
3287 5072 3595 5142 ὲπάρσεως,
3632 5075 3667 5142 ἡ
3705 5075 3783 5134 εἰς

2189 5171 2260 5224 τὸ
2289 5171 2538 5238 ὑπόγειον
2570 5167 2814 5230 κάθοδος.
2837 5166 2948 5220 Καὶ
2965 5166 3107 5235 τάχα
3135 5182 3219 5227 τις
3248 5165 3337 5218 διὰ
3364 5164 3570 5217 τούτων
3603 5165 3782 5236 ὁρμώ-

2204 5279 2384 5332 μενος,
2414 5262 2514 5314 οὑκ
2548 5259 2849 5320 ἀπεικότως
2899 5257 3080 5310 ἄνοδον
3120 5256 3212 5308 ἐπὶ
3239 5255 3300 5307 16
3322 5257 3474 5310 κάτω
3490 5255 3591 5325 τὴν
3616 5257 3780 5324 ὑπερρ

2202 5357 2437 5425 ηφανίαν
2453 5355 2714 5425 ὁρίσαιτο.
2743 5352 2806 5404 Εἰ
2832 5349 3050 5420 δὲπρὸς
3071 5349 3130 5401 τὸ
3149 5349 3390 5401 ἐναντίον
3414 5351 3480 5418 τῇ
3513 5348 3627 5400 τῶν
3655 5348 3778 5399 πολ-

2201 5449 2308 5501 λῶν
2365 5447 2628 5516 ὑπολήψει
2674 5444 2899 5514 φέρεται
2935 5445 2968 5512 ἡ
2995 5443 3222 5503 διάνοια,
3255 5441 3420 5510 μηδὲν
3447 5440 3771 5510 θαυμάσῃς·

2198 5546 2310 5604 τοῖς
2343 5542 2448 5610 γὰρ
2475 5539 2686 5600 πολλοῖς
2707 5537 2853 5590 δοκεῖ
2888 5534 2949 5586 τὸ
2973 5535 3112 5604 ὑπὲρ
3136 5532 3262 5595 τοὺς
3294 5532 3491 5594 ἄλλους
3513 5527 3673 5593 εἶναι,
3704 5529 3776 5599 τῷ

2199 5635 2421 5694 ὀνόματι
2468 5632 2565 5700 τῆς
2605 5627 2980 5700 ὑπερηφανίας
3039 5621 3418 5696 σημαίνεσθαι.
3474 5623 3536 5676 Ἠ
3585 5621 3644 5674 δέ
3676 5620 3775 5674 τῶν
