3876 6218
79 245 193 298 ιη
1438 245 1524 298 DE
1571 245 1680 300 νιτ

1796 247 2050 304 [ΙΟΥΞΙΞ.
3283 259 3381 315 418

83 357 497 431 ἱστορηθέντων
531 359 757 430 ἀλήθεια
797 360 1006 430 βεϐαιοῖ
1034 362 1122 413 τὸν
1162 363 1426 432 ἡμέτερον
1455 361 1600 431 ὅρον.
1628 361 1688 414 Εἰ

1796 365 2058 430 delinitio,
2087 381 2212 420 cum
2242 366 2497 428 dicimus,
2555 382 2744 422 casum
2803 367 2868 421 ad
2919 367 3128 434 inﬁma,
3172 387 3366 442 super-

79 446 199 516 γάρ
238 446 295 496 οἱ
329 445 471 515 ὑπὲρ
497 447 622 509 τοὺς
648 447 839 510 ἄλλους
867 449 1091 510 ἑαυτοὺς
1124 451 1375 518 ἄραντες,
1409 449 1560 502 κάτω
1590 467 1688 501 που

1799 455 1944 509 biam
1976 471 2119 511 esse.
2155 455 2251 511 liis
2280 458 2444 527 igitur
2475 459 2784 515 moderatos
2817 476 2916 513 nos
2966 459 3182 530 Moyses
3227 461 3376 523 facit,

79 538 425 601 κατέδυσαν,
449 539 692 609 χάσματι
720 541 818 609 τῆς
864 540 968 608 γῆς
1002 539 1361 610 διασχούσηςο
1393 539 1492 591 οὑκ
1515 538 1582 592 ἄν
1613 556 1688 601 τις

1797 547 2068 617 docetque
2101 565 2208 602 non
2249 551 2434 603 extolli
2465 550 2628 605 rebus
2671 551 2809 606 bene
2831 553 3018 621 gestis,
3045 552 3138 606 sed
3165 567 3377 624 semper

81 632 400 702 καταγνοίη
462 631 557 684 τοῦ
609 631 759 702 ὅρου,
819 631 914 684 τοῦ
965 632 1060 702 τὴν
1129 632 1544 703 ὑπερηφανίαν,
1597 630 1688 701 τὴν

1796 638 1943 708 quod
1996 639 2151 694 adest
2187 648 2242 694 et
2296 641 2462 695 instat
2508 641 2965 704 animadvertere,
3020 651 3276 712 recteque
3325 644 3378 696 id

79 724 403 776 κατωτάτω
424 722 634 774 πτῶσιν
664 718 824 783 εἶναι,
839 720 1176 793 ὁριζομένου.
1213 723 1355 794 Πρὸς
1378 721 1551 776 ταῦτα
1579 721 1688 792 βλέ·

1796 729 2108 798 disponere.
2143 728 2265 784 Non
2305 731 2450 785 enim
2501 733 2762 800 quoniam
2810 733 3146 802 voluptatem
3209 747 3378 801 supe-

80 830 324 877 ποντας,
361 813 678 884 μετριάζειν
701 813 946 866 παιδεύει
976 814 1004 865 6
1029 814 1293 884 Μωὺσῆς,
1324 813 1418 866 καὶ
1443 813 1516 885 μὴ
1540 813 1688 866 ἐπαί·

1797 823 1957 886 rasti,
1993 824 2145 877 nullo
2181 823 2387 878 idcirco
2418 825 2651 894 amplius
2705 825 2895 879 morbo
2922 825 3135 878 devinci
3173 831 3329 892 potes
3359 843 3371 877 :

82 905 290 974 ρεσθαι
315 907 432 965 τοῖς
475 904 918 976 κατορθώμασιν,
953 904 1067 959 ἀλλ’
1093 906 1180 958 ἀεὶ¹
1208 904 1269 958 τὸ
1302 905 1475 977 παρὸν
1498 901 1558 958 εὑ
1582 905 1688 959 δια·

1796 914 1978 969 omnis
2008 915 2176 968 animi
2204 917 2430 970 morbus
2462 931 2538 995 ac.
2559 916 2918 984 perturbatio,
2949 933 3114 972 casus
3147 917 3376 987 quidam

77 999 366 1052 τίθεσθαι.
383 999 459 1051 Οὑ
476 999 584 1070 γάρ
606 999 792 1070 ἐπειδὴ
809 1000 916 1051 τῶν
934 999 1136 1068 ἡδονῶν
1159 999 1386 1068 γέγονας
1411 999 1694 1070 κρείττων,

79 1090 192 1160 ἤδη
213 1106 300 1142 σοι
315 1088 380 1141 τὸ
399 1088 688 1142 ἀνεύθυνον
703 1089 780 1160 τῷ
798 1089 970 1161 ἐτέρῳ
986 1089 1116 1143 εῖδει
1137 1089 1342 1153 πάθους
1356 1089 1693 1146 ἁλίσκεσθαι.

79 1180 308 1250 Πτῶμα
323 1181 436 1251 γάρ
460 1183 576 1233 ἐστι
597 1183 706 1234 πᾶν
736 1180 929 1244 πάθος,
952 1181 1056 1246 ἕως
1081 1181 1146 1235 ἂν
1178 1181 1350 1244 πάθος
1454 1181 1698 1253 Διαφορά

78 1273 144 1326 δὲ
194 1275 518 1343 πτωμάτων
561 1275 618 1326 ἐν
640 1276 706 1344 τῇ
738 1272 847 1326 τῶν
882 1273 1223 1344 παθημάτων
1254 1274 1578 1345 παραλλαγῇ
1603 1274 1694 1328 οὑ-

77 1363 276 1435 δεμία,
293 1366 356 1416 Ὀ
387 1363 465 1435 τῷ
492 1365 622 1435 λείῳ
645 1365 742 1435 τῆς
770 1364 964 1436 ἡδονῆς
993 1365 1362 1437 ἐνολισθήσας,
1398 1366 1654 1419 πέπτωκε
1678 1383 1690 1396 ·

80 1459 184 1510 καὶ
211 1461 242 1511 6
275 1458 368 1512 διὰ
396 1459 496 1528 τῆς
515 1459 894 1529 ὑπερηφανίας
921 1459 1352 1526 ὑποσκελισθεὶς,
1390 1460 1691 1531 ἀνετράπη.

79 1549 261 1601 Οὐδὲν
291 1549 350 1602 δὲ
381 1549 821 1621 καταπτώματος
838 1547 978 1614 εἶδος
1006 1551 1222 1622 αἱρετὸν
1247 1550 1324 1621 τῷ
1353 1551 1476 1604 νοῦν
1494 1551 1691 1621 έχοντι.

92 1641 246 1694 Ἀλλ’
279 1642 483 1711 ἐπίσης
509 1641 617 1693 πᾶν
647 1641 848 1711 πτῶμα
877 1640 1132 1710 φευκτὸν,
1167 1641 1272 1705 ἕως
1309 1641 1378 1694 ἂν
1399 1639 1600 1710 πτῶμα

1797 1015 1883 1064 est
1915 1027 1928 1062 :
1964 1023 2199 1078 cumque
2225 1010 2670 1078 perturbationes
2701 1009 2844 1062 inter
2876 1024 2935 1064 se
2969 1008 3246 1068 dili'erant.
3291 1024 3378 1062 ea-

1797 1115 1894 1156 sus
1925 1107 2109 1154 tamen
2137 1115 2248 1154 non
2279 1099 2556 1154 diﬂerunt.
2580 1101 2761 1166 Quare
2795 1100 2940 1156 sicut
2974 1116 3071 1172 per
3105 1101 3372 1154 lubricam

1795 1188 2135 1258 voluptatem
2170 1188 2448 1258 quispiam
2493 1188 2681 1258 lapsus
2719 1189 2946 1253 decidit,
3001 1190 3082 1244 sic
3120 1191 3374 1260 superbia

1797 1275 2090 1332 intricatus
2119 1290 2184 1330 ac
2213 1276 2535 1334 submersus
2555 1277 2777 1332 decidit.
2806 1277 3027 1332 Nullum
3061 1287 3245 1335 autem
3275 1295 3374 1334 ex-

1795 1370 1944 1435 petet
1976 1379 2165 1419 casum
2194 1381 2436 1435 unquam
2463 1366 2559 1436 qui
2604 1368 2805 1422 mentis
2854 1382 3080 1437 compos
3127 1374 3233 1432 est,
3277 1368 3372 1423 sed

1794 1454 2079 1525 arqualiter
2107 1470 2322 1510 omnem
2365 1471 2581 1526 semper
2617 1457 2844 1511 evitabit
2877 1471 2942 1510 ac
2987 1456 3157 1528 fugiet
3191 1475 3204 1510 :
3237 1472 3374 1526 qua-

1796 1553 2019 1614 propter
2062 1545 2106 1598 si
2148 1540 2311 1615 qu'em
2355 1544 2561 1599 videris
2589 1543 2767 1599 aliena
2813 1544 3092 1613 voluptate
3134 1543 3374 1612 superio-

1796 1649 1934 1697 rem,
1984 1643 2044 1687 ut
2090 1635 2228 1690 alios
2263 1633 2539 1690 excedens
2599 1634 2850 1688 videatur
2897 1633 3208 1688 sacerdotio
3267 1641 3376 1686 stu-

91 1732 186 1794 Ὡς
218 1733 276 1783 εἰ
299 1750 427 1784 τινα
475 1734 570 1785 καὶ
606 1731 716 1785 τῶν
760 1732 856 1787 ν’ύν
885 1732 1102 1804 βλέποις
1136 1735 1194 1786 ἐν
1249 1733 1405 1804 μέρει
1452 1733 1559 1786 τινὶ
1593 1732 1687 1785 τού

1796 1722 1941 1789 dere,
1993 1726 2140 1780 hunc
2195 1734 2327 1795 puta
2371 1726 2525 1779 illum
2579 1739 2724 1790 esse,
2774 1725 2886 1794 qui.
2916 1739 3082 1795 prava
3139 1725 3376 1777 elatione

79 1819 236 1875 κατά
270 1822 372 1883 τὰς
403 1821 596 1890 ἡδονὰς
613 1822 1044 1892 άρῤωστήματος
1060 1820 1455 1892 καθαρεύοντα,
1479 1821 1684 1892 σπουδῇ

79 1914 138 1965 δέ
170 1913 342 1968 πάλιν
372 1912 469 1964 τοῦ
497 1913 675 1966 δοκεῖν
704 1913 845 1985 ὑπὲρ
870 1914 996 1976 τοὺς
1025 1913 1217 1978 ἀλλους
1251 1910 1409 1978 εἶναι,
1434 1913 1572 1985 πρὸς
1591 1912 1691 1984 τὴν

83 2004 406 2074 ἱερωσύνην
467 2003 661 2056 ἐαυτὸν
708 2003 1074 2057 είσωθοῦντα·
1108 2003 1296 2057 τοῦτον
1343 2005 1548 2058 ἐκεῖνον
1576 2003 1691 2057 οίου

83 2094 315 2162 βλέπειν
327 2093 422 2145 τὸν
440 2093 498 2145 ἐν
513 2092 590 2162 τῷ
606 2091 861 2164 ὑψώματι
877 2093 976 2164 τῆς
1002 2093 1382 2164 ὑπερηφανίας
1402 2094 1688 2150 πίπτοντα.

79 2183 346 2237 Διδάσκει
406 2183 517 2254 γάρ
575 2186 632 2236 ἐν
689 2185 802 2246 τοῖς
847 2182 1044 2252 ἐφεξῆς
1087 2185 1116 2236 6
1154 2183 1336 2254 νόμος,
1364 2184 1445 2236 ὅτι
1477 2183 1618 2236 θεῖόν
1638 2200 1692 2236 τι

79 2276 284 2346 χρῆμά
310 2277 464 2327 ἐστιν
495 2277 529 2345 ὴ
567 2273 856 2346 ἱερωσύνη,
890 2274 982 2327 καὶ
1021 2274 1120 2328 ούκ
1145 2273 1503 2347 ἀνθρώπινον.
1536 2273 1693 2327 Διδάο

85 2386 208 2422 σκει
241 2368 305 2422 δὲ
335 2367 535 2431 οὕτως·
584 2367 838 2430 Ῥάϐδους
873 2369 1002 2438 παρ’
1027 2367 1264 2439 ἑκάστης
1287 2368 1460 2438 φυλῆς
1491 2368 1585 2421 ἐπὶ
1615 2368 1692 2440 τῷ

82 2461 319 2530 ὀνόματι
357 2459 470 2511 τῶν
498 2457 807 2511 δεδωκότων
829 2460 1246 2531 κατασημήνας,
1266 2460 1557 2532 προτίθησι
1595 2461 1690 2514 θυ-

85 2552 426 2624 σιαστηρίῳ·
467 2550 609 2604 ὥστε
647 2551 747 2622 τῆς
777 2549 980 2604 ἀνωθεν
1014 2553 1348 2622 χειροτονίας
1385 2553 1692 2625 μαρτυρίαν

83 2643 356 2712 γενέσθαι
421 2643 521 2712 τὴν
575 2642 789 2711 ῥάϐδον,
841 2643 1080 2714 θαύματί
1110 2661 1216 2696 τινι
1248 2645 1377 2715 θείῳ
1415 2646 1565 2717 παρά
1595 2647 1692 2710 τὰς

81 2737 253 2798 ἄλλας
301 2736 607 2806 γενομένην
659 2735 950 2804 ἐπίσημον.
997 2735 1104 2788 Καί⁸
1152 2741 1443 2806 γενομένου
1477 2737 1690 2799 τούτου.

79 2830 138 2882 αἱ
179 2829 281 2899 μὲν
343 2826 457 2879 τῶν
504 2825 677 2878 ἀλλων
714 2825 920 2896 ῥάϐδοι,
974 2826 1110 2896 ὅπερ
1158 2821 1329 2896 ἦσαν,
1375 2827 1689 2898 διέμειναν·

81 2919 116 2988 ἡ
134 2917 195 2970 δὲ
219 2916 319 2969 τοῦ
352 2916 545 2986 ἱερέως
568 2915 706 2982 αὑτὴ
730 2915 786 2966 ἐν
817 2915 980 2984 έαυτῇ
1015 2915 1326 2984 ριςωθεῖσα,
1361 2917 1421 2968 οὑ
1438 2916 1526 2970 διά
1545 2933 1689 2980 τινος

77 3006 388 3076 ἀλλοτρίας
441 3003 685 3074 ίκμάδος,
749 3003 884 3056 ἀλλὰ
921 3004 1020 3073 τῆς
1055 3004 1237 3058 θεόθεν
1278 3007 1336 3058 ἐν
1366 3009 1500 3077 αὑτῇ
1543 3009 1689 3059 ἐντε-

79 3099 279 3170 θείσης
316 3096 626 3165 δυνάμεως,
664 3095 891 3158 κλάδους
921 3096 1016 3149 καὶ
1046 3096 1256 3167 καρπὸν
1281 3096 1650 3167 ἀνεϐλάστησε
1670 3115 1683 3128 ·

77 3191 177 3242 καὶ
209 3187 500 3260 προῆλθεν
531 3189 560 3241 6
589 3187 802 3258 καρπὸς
838 3188 917 3250 εἱς
958 3188 1256 3240 τελείωσιν.
1300 3189 1515 3259 Κάρνον
1539 3189 1596 3242 δέ
1621 3185 1689 3260 ἦν

78 3285 106 3334 ὁ
153 3280 407 3353 καρπός.
458 3275 533 3334 Οὑ
565 3279 878 3349 γενομένου,
924 3279 1062 3348 πρὸς
1089 3278 1344 3343 εὐταξίαν
1396 3279 1689 3352 ἐπαιδεύθη

79 3375 188 3426 πᾶν
215 3373 290 3426 τὸ
316 3372 582 3442 ὑπήκοον.
615 3372 775 3424 Νοεῖν
815 3372 874 3424 δὲ
906 3373 1173 3442 προσήκει
1208 3371 1296 3424 διὰ
1324 3370 1418 3424 τοῦ
1448 3371 1684 3444 καρποῦ,

78 3469 137 3519 ὃν
169 3470 205 3539 ἡ
245 3464 451 3538 ῥάϐδος
483 3463 781 3534 ἐϐλάστησε
809 3462 902 3516 τοῦ
934 3462 1144 3533 ἱερέως,
1170 3456 1279 3514 οἷον
1311 3461 1414 3533 χρὴ
1439 3459 1576 3515 εἶναι
1598 3462 1688 3515 τὸν

79 3560 137 3614 ἐν
165 3557 454 3630 ἱερωσύνῃ
488 3555 620 3626 βίον,
653 3554 896 3625 ἐγκρατῆ
925 3571 1071 3619 τινα,
1102 3554 1199 3606 καὶ
1221 3555 1684 3624 κατεστυμμένον,

77 3654 175 3705 καὶ
212 3647 668 3721 περιεσκληκότα
695 3649 762 3715 τῇ
794 3643 1094 3715 φαινομένῃ
1127 3643 1238 3714 ζωῇ
1261 3660 1274 3672 ·
1307 3641 1513 3696 ἔνδοθεν
1541 3644 1597 3696 δὲ
1628 3643 1688 3696 τὸ

78 3744 359 3812 ὲωδιμον
410 3742 468 3793 ἐν
493 3731 595 3810 λεῷ
643 3736 873 3808 κρυπτῷ
916 3740 1009 3793 καὶ
1041 3735 1237 3803 ἀφανεῖ
1270 3732 1624 3805 περιέχοντα·
1660 3735 1689 3787 ὃ

76 3837 207 3888 τότε
233 3833 704 3894 ἀνακαλύπτεται,
729 3829 856 3882 ὅταν
883 3825 1134 3896 πεπαυθῇ
1165 3824 1242 3895 τῷ
1267 3825 1442 3895 χρόνῳ
1471 3826 1503 3894 ἡ
1544 3822 1572 3893 β
1582 3823 1688 3894 ρῶ-

1793 1818 1963 1872 animi
1987 1803 2052 1872 ad
2095 1818 2358 1873 inferiora
2386 1817 2747 1888 deprimatur.
2777 1819 2946 1874 Docet
2981 1818 3128 1873 enim
3175 1832 3272 1888 per
3305 1832 3372 1871 ea

1792 1926 1913 1982 quas
1947 1917 2252 1981 sequuntur
2273 1909 2524 1976 historia,
2551 1926 2662 1966 non
2695 1913 2992 1966 humanam
3026 1925 3140 1965 rem
3170 1926 3369 1980 quam-

1792 2001 1916 2056 dam
1949 2002 2045 2056 sed
2075 2002 2316 2055 divinam
2356 2002 2730 2057 sacerdotium
2778 2017 2924 2068 esse,
2975 2009 3030 2056 et
3067 2000 3227 2056 docet
3269 2001 3373 2056 hoc

1793 2093 1955 2147 modo
1991 2112 2003 2147 :
2039 2092 2237 2164 Virgas
2260 2093 2330 2148 ab
2362 2109 2692 2164 unaquaque
2716 2095 2862 2148 tribu
2894 2093 3096 2162 accipit
3134 2091 3370 2164 Moyses,

1791 2201 1886 2239 eas
1919 2185 2136 2238 illorum
2181 2185 2274 2254 qui
2307 2185 2578 2240 dederunt
2620 2185 2939 2240 nominibus
2962 2184 3269 2253 inscripsit,
3307 2201 3371 2236 ac

1792 2277 2148 2330 tabernaculo
2167 2277 2439 2346 apposuit.
2466 2275 2726 2332 Firmiter
2747 2277 2893 2332 enim
2915 2275 3191 2340 credebat,
3220 2276 3368 2344 quod

1792 2369 2063 2423 miraculo
2108 2369 2344 2439 quodam
2393 2384 2490 2438 per
2525 2370 2734 2439 virgam
2777 2383 2944 2438 quam
2990 2369 3372 2438 unusquisque

1793 2459 1993 2526 attulit,
2030 2462 2264 2530 desuper
2290 2460 2551 2516 sacerdos
2583 2459 3056 2529 manilestaretur;
3095 2475 3203 2529 quo
3222 2459 3372 2514 facto

1792 2553 2024 2606 aliorum
2059 2553 2278 2621 quidem
2319 2553 2484 2623 virgae
2515 2553 2660 2607 sicut
2691 2561 2873 2615 erant,
2909 2561 3363 2620 permanserunt:

1794 2659 1859 2698 ac
1886 2645 2142 2698 destinati
2175 2645 2449 2698 divinitus
2483 2643 2790 2699 sacerdotis
2817 2645 2975 2714 virga
3023 2659 3133 2698 non
3161 2645 3371 2699 extrin.

1793 2751 1954 2790 secus
1989 2735 2332 2798 humiditate,
2379 2734 2473 2788 sed
2519 2735 2720 2788 virtute
2754 2732 2847 2788 Dei
2893 2734 3138 2787 immissa
3157 2732 3369 2786 radices

1796 2825 2143 2896 propagavit,
2176 2840 2362 2880 ramos
2385 2825 2592 2890 emisit,
2631 2832 2686 2879 et
2712 2822 2941 2878 ﬂoribus
2977 2831 3244 2877 exornata
3279 2823 3373 2876 deo

1793 2933 1940 2971 mum
1967 2916 2204 2971 fructum
2257 2918 2553 2987 produxit:
2601 2917 2814 2972 fructus
2866 2925 2985 2970 erat
3023 2933 3155 2970 nux.
3193 2915 3374 2982 Quare

1792 3010 2032 3078 graviter
2080 3009 2332 3078 castigati
2372 3009 2719 3079 quieverunt.
2769 3005 2876 3062 Sed
2902 3007 3048 3071 vide,
3098 3006 3373 3076 quomodo

1791 3098 2034 3167 undique
2089 3100 2432 3171 peregrinata
2482 3099 2729 3154 historiae
2788 3097 2974 3152 divina
3029 3098 3372 3168 providentia

1791 3203 1893 3243 nos
1917 3189 2117 3246 docet:
2159 3189 2262 3244 hoc
2293 3190 2436 3244 enim
2487 3190 2694 3253 fructu,
2743 3204 2904 3259 quem
2944 3188 3188 3242 Aaronis’
3223 3187 3374 3258 virga

1790 3277 2058 3341 ediderat,
2115 3279 2294 3348 qualis
2343 3279 2541 3333 debeat
2585 3293 2710 3333 esse
2753 3277 3062 3333 sacerdotis
3102 3279 3213 3332 vita
3254 3292 3373 3331 mo-

1791 3387 1985 3426 nemur
2015 3393 2027 3425 :
2060 3387 2251 3440 aspera
2297 3374 2442 3427 enim
2489 3379 2546 3426 et
2592 3371 2882 3426 continens
2923 3371 3169 3441 duraque
3215 3371 3376 3425 debet

1791 3464 2036 3520 exterius
2071 3479 2212 3528 esse,
2234 3464 2378 3518 intus
2406 3472 2584 3518 autem
2602 3473 2656 3518 et
2681 3464 2734 3517 in
2758 3463 2976 3517 occulto
3005 3477 3174 3517 suave
3195 3461 3373 3530 quod-

1793 3555 1919 3609 dam
1951 3555 2192 3608 edulium
2226 3555 2532 3614 continere,
2587 3551 2734 3621 quod
2784 3560 2914 3606 tunc
2954 3549 3372 3614 manifestatur,

1795 3662 1919 3700 cum
1954 3653 2228 3698 maturqu
2259 3645 2446 3708 fuerit,
2479 3653 2529 3700 et
2565 3652 2861 3714 corruptus
2897 3642 3062 3698 fuerit
3103 3644 3374 3712 stypticus

1795 3749 1859 3787 ac
1909 3732 2279 3789 circumfusus
2326 3743 2536 3797 cortex,
2581 3742 2635 3787 et
2676 3733 2852 3802 lignea
2904 3733 3080 3786 nuclei
3119 3739 3259 3786 testa
3282 3732 3374 3785 de-

1797 3824 1996 3878 fracta.

81 3946 197 3993 σις,
228 3927 332 3980 καὶ
363 3925 674 3998 περιρραγῇ
713 3922 776 3975 τὸ
803 3921 1002 3990 στύφον
1032 3918 1398 3990 περιϐόλαιον,
1425 3921 1519 3970 καὶ
1551 3917 1838 3988 περιτριϐῇ
1867 3918 1928 3971 τὸ
1951 3917 2180 3984 ξυλῶδες
2207 3917 2382 3970 ἐκεῖνο
2411 3915 2506 3970 τοῦ
2531 3917 2791 3988 ἐδωδίμου
2821 3918 3211 3990 προκάλυμμα.

158 4113 228 4168 Εἰ
259 4111 321 4164 δέ
355 4125 502 4170 τινος
537 4105 726 4178 ἱερέως
754 4103 1045 4172 λεγομένου
1086 4101 1421 4172 καταμάθοις
1447 4101 1538 4154 τὸν
1573 4099 1686 4170 βίον

85 4201 386 4275 μηλοειδῆ,
403 4199 496 4252 καί
519 4195 770 4257 εὔπνουν,
793 4194 886 4247 καὶ
902 4192 1208 4264 ροδόχρουν,
1231 4186 1334 4244 οἷοι
1356 4191 1461 4244 τῶν
1480 4189 1687 4244 πολλῶν

1865 4097 2045 4163 Quare
2101 4097 2145 4151 si
2204 4095 2506 4151 sacerdotis
2550 4097 2945 4152 examinaveris
2995 4098 3184 4155 vitam.
3229 4097 3376 4151 inve-

1794 4190 2053 4257 nerisque
2085 4185 2417 4240 redolentem
2468 4187 2761 4254 unguentis
2811 4201 2874 4239 ac
2903 4187 3065 4248 rosis,
3118 4187 3278 4256 bysso
3319 4196 3374 4238 et

83 4296 197 4346 εἱσι
241 4291 437 4361 βύσσῳ
467 4289 560 4340 καὶ
609 4285 867 4358 πορφύρᾳ
909 4283 1319 4352 διανθιζόμενοι,
1347 4283 1438 4336 καὶ
1470 4283 1588 4345 ταῖς
1609 4281 1687 4334 λι-

1796 4297 2033 4352 purpura
2063 4280 2363 4345 ﬂorentem,
2401 4295 2463 4333 ac
2511 4281 2711 4334 mensis
2763 4279 3056 4349 pinguibus
3104 4281 3375 4336 inhwrrno

85 4387 303 4458 παραίς
326 4381 634 4452 τραπέζαις
684 4377 1115 4449 ἐμπιαινόμενοι,
1147 4377 1195 4428 οἱ
1231 4376 1322 4428 τὸν
1353 4375 1692 4444 διυλισμένον

81 4479 349 4538 πίνοντες
412 4469 573 4535 οἶνον,
615 4472 710 4525 καὶ
747 4471 816 4524 τὰ
867 4469 1059 4542 πρῶτα
1090 4468 1236 4539 μύρα
1266 4468 1563 4539 χριόμενοι,
1596 4465 1693 4518 καὶ

81 4569 189 4623 ὅσα
223 4567 372 4621 ἄλλα
412 4565 618 4633 γλυκέα
669 4565 816 4617 δοκεῖ
855 4562 998 4616 κατά
1027 4561 1124 4633 τὴν
1167 4561 1455 4632 πρόχειρον
1501 4557 1690 4628 γεῦσιν

82 4665 204 4726 τοῖς
231 4661 331 4715 τὸν
378 4657 774 4712 ἀπολαυστικὸν
806 4655 1047 4727 ὁρίζουσι
1101 4653 1211 4724 βίον
1233 4668 1246 4682 ·
1283 4653 1462 4715 καλῶς
1497 4652 1562 4705 ἂν
1601 4651 1694 4704 ἐπὶ

83 4754 289 4808 τούτου
309 4750 376 4804 τὸ
403 4749 757 4818 εὐαγγελικὺν
777 4748 974 4809 εἴποις,
1006 4746 1088 4799 ὅτι
1105 4745 1208 4797 Τὸν
1232 4744 1442 4814 καρπὸν
1459 4742 1692 4812 βλέπων,

82 4846 192 4898 οὑκ
221 4840 685 4910 ἐπιγινώσκωδιά
706 4839 800 4894 τοῦ
823 4837 1036 4909 καρποῦ
1058 4837 1120 4890 τὸ
1161 4835 1428 4908 ἱερατικὸν
1455 4834 1693 4906 δένδρον.

89 4936 296 4998 Ἀλλος
333 4935 366 4986 ὁ
412 4933 513 5002 τῆς
548 4931 846 5004 ἱερωσύνης
901 4929 1136 5002 καρπὸς,
1171 4928 1267 4982 καὶ
1307 4923 1460 4989 οὗτος
1515 4925 1692 4989 ἀλλος.

95 5028 353 5088 Ἐκεῖνος
384 5026 414 5077 ὁ
445 5024 676 5095 καρπὸς,
723 5022 1019 5093 ἐγκράτεια
1061 5018 1161 5092 ἦν’
1201 5021 1380 5091 τρυφὴ
1418 5019 1476 5071 δὲ
1510 5010 1686 5082 οὗτος.

98 5122 356 5183 Ἐκεῖνος
384 5120 488 5172 οὑκ
513 5119 619 5172 ἀπὸ
641 5120 834 5189 γηῒνης
867 5115 1090 5188 ἰκμάδος
1113 5113 1462 5167 ὑπεπιαίνετο
1479 5127 1495 5142 ’
1517 5109 1692 5181 τούτῳ

82 5214 142 5267 δὲ
174 5211 380 5265 πολλοὶ
407 5209 654 5264 κάτωθεν
683 5208 1032 5280 ἐπιρρέουσιν
1055 5205 1104 5258 οἱ
1136 5201 1462 5274 τῶνὴδονῶν
1492 5201 1690 5271 ὀχετοὶ,

82 5307 152 5360 δι’
216 5297 300 5358 ὧν
357 5304 494 5375 πρὸς
547 5303 645 5373 τὴν
685 5302 938 5371 τοιαύτην
977 5299 1124 5370 ὤραν
1159 5299 1193 5367 ὴ
1227 5296 1321 5349 τοῦ
1357 5295 1474 5365 βίου
1503 5292 1692 5365 ὀπώρα

81 5397 521 5468 διερυθαίνεται.
555 5395 685 5448 ’Ὀτε
722 5395 780 5447 δέ
809 5393 904 5447 καὶ
949 5391 1137 5444 τούτου
1168 5388 1261 5442 τοῦ
1292 5387 1497 5448 πάθους
1525 5383 1694 5439 καθα-

86 5493 185 5563 ρὸν
208 5491 437 5557 ἐγένετο
469 5487 530 5541 τὸ
563 5487 802 5557 ὑπήκοον
821 5527 836 5549 ,
868 5485 988 5538 τότε
1023 5481 1242 5546 διέξεισι
1267 5479 1360 5532 τὸν
1401 5476 1696 5545 ἀλλόφυλον

86 5583 237 5656 βίον,
272 5577 692 5650 καθηγουμένου
719 5575 814 5629 τοῦ
843 5575 1011 5647 νόμου
1037 5574 1136 5644 τῆς
1165 5570 1452 5642 βασιλικῆς
1483 5567 1690 5638 λεωφό-

89 5700 218 5754 ρου,
267 5677 396 5732 καθ’
456 5675 644 5745 ἕτερον
699 5671 860 5744 μέρος
899 5670 1000 5741 τῆς
1047 5665 1322 5738 ἐκτροπῆς
1371 5660 1687 5732 γινομένης.

1800 4385 1931 4440 tem,
1959 4374 2013 4427 in
2043 4387 2150 4442 qua
2187 4388 2294 4426 non
2340 4372 2672 4426 adhibentur
2696 4373 2801 4427 nisi
2845 4373 3105 4426 deﬁecata
3142 4383 3197 4425 et
3257 4377 3371 4428 cla-

1799 4467 2014 4521 rissima
2040 4467 2189 4527 vina,
2245 4475 2298 4519 et
2342 4474 2618 4535 unguenta
2667 4466 3086 4534 pretiosissima,
3135 4475 3190 4520 et
3225 4483 3375 4536 quae.

1799 4574 2016 4628 cunque
2057 4559 2161 4611 alia
2209 4557 2397 4613 suavia
2455 4558 2523 4612 iis
2568 4566 2789 4628 gustatu
2851 4557 3126 4619 videnlur,
3169 4560 3370 4627 quibus

1801 4651 1906 4706 hoc
1972 4651 2176 4706 saeculo
2241 4650 2345 4703 frui
2419 4658 3050 4720 proposueruntzrecte
3117 4650 3172 4703 in
3227 4651 3374 4705 hunc

1802 4742 2136 4815 evangelicis
2185 4745 2354 4797 uteris
2389 4742 2612 4796 verbis:
2646 4741 2905 4795 Fructum
2961 4742 3136 4805 video,
3189 4758 3373 4798 sacer-

1803 4833 2037 4890 dotalem
2072 4835 2321 4888 arborem
2349 4849 2457 4886 non
2485 4847 2758 4904 cognosco
2784 4851 2796 4885 :
2827 4831 2968 4884 alius
2999 4841 3083 4886 est
3107 4835 3248 4887 enim
3282 4850 3373 4888 sa-

1803 4924 2032 4979 cerdotii
2064 4923 2277 4978 fructus
2303 4924 2373 4978 ab
2405 4924 2528 4977 isto.
2590 4923 2682 4975 Ille
2724 4921 3111 4974 continentiam
3161 4921 3318 4974 habet
3358 4939 3371 4975 :

1796 5013 1888 5069 ille
1925 5013 2152 5070 delicias
2183 5032 2197 5068 :
2226 5013 2316 5067 ille
2351 5021 2571 5067 terrena
2632 5011 2956 5064 humiditate
3000 5026 3106 5063 non
3147 5011 3376 5080 pingue-

1797 5106 1926 5171 scit,
1955 5106 2083 5160 huic
2131 5106 2288 5160 multi
2337 5119 2368 5159 e
2412 5113 2556 5157 terra
2596 5102 2935 5171 voluptatum
2980 5101 3208 5154 amuunt
3249 5102 3372 5155 rivi.

1797 5199 1954 5256 Hunc
2000 5200 2166 5270 igitur
2212 5199 2375 5254 etiam
2431 5196 2678 5250 morbum
2721 5193 2968 5248 homines
3012 5209 3137 5246 cum
3169 5191 3376 5263 eﬂ‘ugev

1796 5293 1930 5357 rint,
1957 5301 2089 5344 tunc
2120 5288 2219 5344 tuti
2272 5301 2367 5356 per
2404 5283 2738 5352 alienigenas
2795 5286 3108 5346 transeunt,
3152 5280 3268 5346 lege
3301 5281 3375 5333 ita

1797 5399 1896 5457 per
1930 5383 2137 5452 regiam
2191 5381 2424 5450 plateam
2463 5374 2826 5437 conducente,
2890 5379 2952 5425 ut
3004 5370 3070 5424 ad
3121 5377 3374 5424 neutram

1802 5474 2017 5546 possint
2046 5479 2256 5541 partem
2311 5467 2608 5523 declinare.
2655 5463 2794 5518 Nam
2840 5463 2984 5518 sicut
3029 5461 3077 5516 si
3133 5477 3376 5529 prreccps

1795 5565 1951 5620 locus
1989 5563 2247 5631 utrinque
2283 5565 2450 5617 esset.
2495 5557 2768 5626 ingentem
2817 5551 3116 5610 ostendens
3141 5551 3374 5612 hiatum,

1797 5664 2092 5729 angustum
2127 5654 2230 5710 iter
2269 5667 2368 5724 per
2407 5648 2646 5705 medium
2700 5645 2923 5703 facienti
2977 5641 3379 5717 periculosissio
