3876 6218
477 214 582 270 H9

1718 205 1775 260 s.
1804 203 2133 263 cneconu
2176 208 2462 282 NYSSENI

3667 205 3787 259 £20

478 343 626 384 mum
668 334 814 383 esset
855 325 962 380 huc
1024 333 1187 393 atque
1251 323 1380 377 illuc
1444 320 1741 384 declinare,
1794 323 1873 375 sic
1925 323 2069 375 nttllu

2191 325 2527 397 Ἐπισφαλὴς
2572 323 2682 396 γὰρ
2718 325 2750 394 ὴ
2790 323 2880 376 ἐπὶ
2927 320 2992 376 τὰ
3040 320 3245 390 πλάγια
3299 323 3642 395 παρατροπὴ
3702 327 3790 396 τῷ

476 430 636 491 pacto
667 422 772 483 via,
811 435 933 489 qua:
965 418 1123 472 nobis
1151 434 1179 470 a
1211 416 1326 486 lege
1347 416 1532 475 datur,
1562 414 1918 483 relinquenda
1954 424 2060 479 est,

477 530 641 582 quam
673 513 935 566 Dominus
969 517 1257 579 angustam
1305 506 1682 578 appellavit",
1723 522 1847 561 cum
1874 522 1972 562 nec
1997 509 2064 562 ad

479 609 686 667 lavant,
712 621 812 659 nec
830 605 896 659 ad
918 605 1169 658 dextram
1191 601 1460 656 excedere
1486 600 1650 654 liceat
1665 599 1732 652 θ’.
1758 597 1857 655 Hic
1882 607 2062 653 autem

478 713 662 750 sermo
687 697 741 751 in
784 696 965 751 medio
997 695 1234 748 virtutes
1266 695 1474 747 locatas
1517 708 1641 748 esse
1666 693 1933 749 ostendit.
1971 692 2064 748 Vi-

479 791 613 842 tium
643 791 788 844 enim
825 804 990 844 omne
1026 787 1094 841 ad
1147 788 1409 840 virtutem
1441 786 1722 847 collatum,
1776 793 1871 839 aut
1929 783 2067 840 defl-

481 886 575 944 cit,
612 892 706 935 aut
731 882 948 935 excedit
987 899 999 933 :
1037 887 1095 932 ut
1126 880 1274 934 verbi
1296 895 1485 942 causa,
1530 879 1577 933 si
1617 879 1902 933 audaciam
1934 895 2067 932 con-

479 972 592 1028 fers
623 972 690 1026 ad
727 971 1128 1032 fortitudinem,
1187 979 1272 1024 est
1305 984 1567 1024 excessus
1602 970 1858 1040 quidam;
1907 971 1953 1024 si
1996 972 2067 1023 ti-

480 1080 710 1129 morem,
743 1063 989 1117 defectus
1013 1078 1042 1115 a
1070 1062 1393 1116 fortitudine
1425 1062 1738 1115 invenitur:
1767 1062 1913 1130 quod
1938 1077 2067 1117 vero

479 1155 624 1210 inter
651 1155 765 1209 haec
813 1155 972 1224 quasi
1019 1162 1255 1224 angusto
1293 1153 1511 1208 tramite
1550 1162 1824 1216 versatur,
1869 1169 2066 1225 expers

472 1261 848 1304 extremorum
877 1250 1181 1319 utriusque,
1213 1247 1263 1302 id
1295 1247 1472 1301 virtus
1500 1253 1583 1301 est
1619 1265 1632 1301 :
1667 1246 1859 1300 eodem
1903 1245 2067 1299 modo

477 1349 679 1396 caetera
709 1355 928 1411 quoque
970 1341 1151 1392 oumia
1177 1354 1299 1410 quae
1332 1339 1552 1393 virtutis
1587 1340 1807 1392 nomine
1853 1353 2068 1392 nuncu-

479 1441 699 1504 pantur,
724 1430 977 1484 vitiorum
1007 1430 1268 1483 affinitate
1325 1429 1581 1498 utrinque
1631 1428 2064 1482 circumdantur.

483 1520 764 1592 Sapientia
796 1521 1049 1574 versutiae
1079 1530 1132 1573 et
1177 1519 1550 1589 simplicitatis
1588 1519 1766 1571 media
1815 1525 1921 1580 cst,
1970 1531 2069 1570 nec

481 1620 800 1684 serpentum
850 1614 1116 1676 versutia,
1168 1625 1267 1664 nec
1307 1610 1579 1664 columba
1625 1609 1978 1677 simplicitas.
2021 1607 2068 1661 si

2170 419 2425 474 ὁδεύοντι.
2469 420 2678 489 ’Ὠσπερ
2735 417 2843 486 γάρ
2872 418 2920 468 εἰ
2963 415 3055 468 δύο
3088 416 3324 487 κρημνοὶ
3372 419 3499 487 μίαν
3547 420 3647 471 ἐπὶ
3679 421 3789 485 τῆς

2171 513 2346 583 ἄκρας
2372 510 2567 582 ῥαχίας
2595 510 2838 581 ἀτραπὸν
2871 510 3236 575 ἀποστενοῖεν,
3269 511 3516 575 κίνδυνός
3547 513 3676 566 ἐστι
3705 512 3793 582 τῷ

2169 605 2260 658 διά
2291 604 2494 674 ταύτης
2519 603 2773 672 βαίνοντι,
2801 601 2952 655 ἔνθεν
2978 602 3011 674 ἢ
3039 601 3192 657 ἔνθεν
3219 606 3662 677 παρατραπῆναι
3695 608 3792 657 τοῦ

2175 697 2342 768 μέσου
2398 697 2560 760 (ἴσως
2602 697 2708 767 γὰρ
2754 695 3093 766 ἑκατέρωθεν
3142 696 3204 750 τὸ
3255 699 3320 752 ἐκ
3369 699 3464 752 τοῦ
3511 700 3797 771 κρημνοῦ

2175 789 2446 862 βάραθρον
2493 789 2594 860 τὴν
2641 789 2914 860 ἐκτροπὴν
2948 788 3273 859 διαδέχεται)
3295 807 3307 820 ·
3331 790 3505 855 οὕτως
3542 794 3574 845 6
3602 793 3798 862 νόμος

2175 880 2423 951 βούλεται
2452 881 2540 933 τὸν
2566 879 2715 950 αὐτῷ
2753 881 2874 933 κατ’
2913 878 3055 949 ἴχνος
3098 880 3380 950 ἑπόμενον,
3425 883 3498 952 μὴ
3537 884 3797 936 autalt-

2174 975 2298 1026 πεῖν
2336 973 2433 1044 τὴν
2463 973 2600 1034 ὁδὸν,
2635 972 2752 1042 τὴν,
2785 971 2965 1036 καθώς
2983 990 3145 1044 φησιν
3179 972 3208 1023 6
3241 973 3462 1045 Κύριος,
3483 976 3699 1044 στενήν
3731 992 3803 1028 τι

2175 1064 2267 1117 καὶ
2300 1063 2687 1134 τεθλιμμένην,
2721 1063 2860 1133 μήτε
2897 1063 2989 1116 ἐπὶ
3029 1063 3090 1116 τὸ
3125 1064 3311 1117 σκαιόν
3355 1082 3412 1116 τε
3440 1065 3536 1118 καὶ
3570 1067 3805 1119 εὐώνυ-

2177 1174 2300 1225 μον,
2334 1156 2472 1228 μήτε
2502 1155 2596 1210 ἐπὶ
2621 1155 2683 1208 τὸ
2721 1154 2892 1220 δεξιὸν
2915 1155 3290 1227 νομιζόμενον.
3322 1157 3508 1228 Δόγμα
3535 1158 3597 1213 δέ
3621 1161 3799 1213 ἐστιν

2173 1242 2329 1310 οὗτος
2354 1250 2382 1300 6
2434 1246 2612 1316 λόγος,
2667 1248 2724 1300 ἐν
2780 1248 3036 1318 μεσότητι
3077 1248 3398 1320 θεωρεῖσθαι
3427 1250 3528 1314 τὰς
3561 1251 3798 1322 ἀρετὰς

2173 1338 2488 1410 ὁριζόμενος
2511 1355 2526 1370 ’
2563 1339 2696 1392 διότι
2740 1340 2951 1409 πέφυκε
2993 1341 3140 1393 πᾶσα
3181 1343 3348 1395 κακία
3377 1343 3410 1414 ἢ
3443 1347 3570 1396 κατ’
3596 1345 3800 1396 ἐλλει-

2173 1429 2287 1499 ψιν,
2313 1430 2346 1501 ἢ
2376 1429 2498 1484 καθ’
2517 1431 2868 1502 ὑπέρπτωσιν
2895 1433 3094 1504 ἀρετῆς
3115 1433 3474 1504 ἐνεργεῖσθαι.
3512 1431 3651 1490 Οῗον
3687 1437 3799 1490 ἐπὶ

2173 1521 2272 1591 τῆς
2290 1520 2562 1592 ἀνδρείας,
2586 1520 2817 1591 ἔλλειψίς
2832 1522 2915 1581 τίς
2931 1524 3077 1575 ἐστιν
3098 1523 3301 1594 ἀρετῆς
3320 1526 3352 1594 ὴ
3373 1525 3570 1589 δειλία,
3596 1527 3768 1599 ὑπέρ
3783 1559 3798 1567 -

2175 1627 2382 1674 πτωσις
2412 1611 2469 1664 δὲ
2508 1611 2568 1664 τὸ
2598 1610 2816 1682 θράσος·
2855 1611 2915 1664 τὸ
2947 1611 3005 1664 δέ
3048 1611 3309 1683 ἐκατέρου
3353 1611 3562 1666 τούτων
3596 1615 3796 1667 καθα-

481 1719 580 1776 per
603 1706 843 1774 seipsum
893 1713 1188 1772 utrumque
1225 1702 1566 1766 consideres,
1611 1701 1880 1756 laudanda
1938 1709 2064 1756 est:

2174 1703 2349 1775 ρεῦον,
2375 1705 2432 1755 ἐν
2461 1703 2612 1777 μέσῳ
2639 1719 2698 1756 τε
2721 1703 2827 1755 τῶν
2860 1703 3278 1775 παρακειμένων
3304 1704 3510 1758 κακιῶν
3535 1705 3796 1779 θεωρεῖ-

481 1797 577 1852 sed
608 1799 700 1866 qui
727 1797 871 1850 inter
900 1796 1014 1849 haec
1047 1795 1270 1849 habitus
1293 1795 1603 1858 est,'virtus
1643 1801 1748 1848 est.
1803 1793 2071 1847 Similiter

476 1889 576 1960 qui
606 1905 636 1942 a
671 1889 936 1942 modestia
973 1887 1324 1951 deficit,luxu
1351 1888 1761 1957 corrumpitur:
1786 1886 1877 1956 qui
1907 1900 2069 1940 exce-

477 1982 563 2036 dit
601 1981 652 2034 iu
689 1981 807 2052 ipsa
845 1982 1026 2035 nimiae
1053 1981 1336 2035 tenuitatis
1366 1987 1515 2043 nota,
1541 1980 1617 2032 uti
1663 1979 1958 2048 Apostolus
1975 1979 2068 2042 ait,

482 2075 845 2128 cauterialam
879 2074 1040 2128 habet
1061 2074 1459 2129 conscientiam
1489 2074 1558 2127 ⁸³.
1611 2072 1703 2127 Ille
1735 2073 1800 2126 ad
1828 2074 2073 2141 volupta-

483 2177 568 2223 tes
590 2168 857 2237 pecudum
897 2183 1048 2220 more
1079 2166 1270 2228 fertur,
1314 2167 1401 2221 hic
1442 2166 1606 2220 etiam
1658 2165 2068 2219 matrimonium

483 2257 640 2328 quasi
667 2257 995 2311 adulterium
1034 2258 1386 2312 abominatur
1429 2268 1482 2313 et
1529 2260 1748 2328 rejicit:
1785 2260 1927 2312 inter
1970 2258 2071 2312 hos

483 2359 664 2403 autem
698 2349 980 2405 modestus
1006 2367 1063 2405 se
1092 2352 1362 2414 continet,
1401 2367 1579 2420 neque
1612 2351 1678 2404 ad
1726 2366 1945 2406 omnem
1990 2349 2072 2404 ef-

492 2442 651 2498 fusus
680 2443 1036 2512 voluptatem,
1075 2451 1128 2497 et
1156 2444 1590 2508 matrimonium,
1636 2453 1696 2498 ut
1725 2443 1903 2506 decet,
1942 2459 2068 2498 sus-

486 2536 723 2606 cipiens.
776 2533 979 2588 Verum
1027 2537 1308 2604 quoniam,
1368 2543 1428 2588 ut
1465 2534 1731 2590 Dominus
1767 2535 1929 2600 ait“,
1985 2533 2071 2587 hic

485 2627 724 2682 mundus
753 2627 807 2680 in
837 2626 1187 2696 pravujacet,
1221 2636 1416 2697 estque
1451 2627 1615 2681 alieni
1645 2628 1864 2698 generis
1894 2627 1963 2680 ab
1999 2627 2069 2680 iis

479 2723 579 2791 qui
613 2721 785 2790 legem
839 2728 1170 2788 sequuntur,
1221 2719 1486 2790 quidquid
1519 2720 1705 2773 virtuti
1749 2722 2069 2789 opponitur,

486 2811 540 2866 id
579 2825 708 2865 vero
761 2816 847 2864 est
889 2810 1167 2880 pravitas;
1214 2810 1534 2880 quicunque
1589 2826 1686 2880 per
1735 2810 1878 2864 hanc
1927 2810 2069 2862 viam

486 2899 756 2962 ambulat,
788 2906 908 2952 tuto
947 2914 1044 2968 per
1072 2899 1294 2953 virtutis
1347 2899 1450 2954 iter
1480 2899 1761 2963 transibit,
1810 2901 1854 2955 si
1893 2900 2070 2970 publi-

486 3007 643 3054 cam,
699 2991 745 3045 si
788 2992 982 3044 virtuti
1041 2991 1227 3044 tritam
1279 2991 1571 3062 albamque
1623 2993 1883 3046 continue
1929 2994 2068 3045 viam

485 3092 730 3155 peraget,
762 3098 1036 3152 nusquam
1069 3081 1137 3135 ad
1164 3082 1395 3135 finitima
1437 3083 1581 3136 invia
1613 3081 1917 3136 divertens.
1967 3081 2070 3135 Sed

485 3175 770 3243 quoniam,
799 3174 991 3243 utjam
1026 3174 1231 3226 dictum
1267 3183 1376 3235 est,
1419 3188 1543 3227 cum
1579 3187 1813 3226 ascensu
1853 3173 2073 3227 virtutis

488 3265 702 3319 insidiae
732 3263 1037 3320 adversarii
1071 3263 1474 3329 conscendunt,
1535 3263 1763 3318 idoneas
1791 3266 1844 3317 in
1889 3265 2076 3331 singu-

487 3356 666 3410 lorum
701 3355 919 3410 vivendi
952 3356 1222 3409 rationem
1268 3355 1532 3424 peccandi
1595 3370 1791 3409 causas
1850 3356 2073 3424 excogi-

483 3448 679 3513 tantis,
704 3447 812 3501 alia
847 3455 978 3501 tunc
1008 3446 1296 3503 vafredine
1328 3446 1577 3501 insidiari
1609 3447 1812 3516 populo
1853 3447 2069 3510 statuit,

483 3553 651 3607 quem
695 3537 916 3591 videbat
964 3537 1077 3606 jam
1121 3538 1188 3592 ad
1245 3537 1416 3593 Deum
1482 3554 1809 3594 conversum
1868 3539 2076 3592 rectius

486 3629 713 3694 vivere;
771 3642 834 3682 ac
862 3629 1034 3683 veluti
1078 3645 1274 3700 graves
1320 3630 1643 3700 expertique
1689 3632 2072 3701 imperatores,

481 3735 616 3773 cum
668 3719 888 3775 difficile
939 3722 1252 3792 putaverint
1311 3722 1594 3776 victoriam
1674 3733 1866 3794 aperto
1913 3741 2076 3794 posse

481 3813 755 3884 consequi
805 3823 1001 3879 marte,
1054 3816 1598 3872 dissimulationibus
1645 3825 1809 3887 atque
1857 3818 2077 3873 insidiis

491 3906 704 3961 hostem
739 3921 1000 3976 superare
1040 3916 1348 3962 conantur:
1399 3908 1480 3964 sic
1521 3910 1778 3963 vitiorum
1826 3911 2072 3964 omnium

484 3997 602 4052 dux
635 4006 799 4068 atque
834 3999 1134 4069 imperator
1163 4003 1439 4063 diabolus.
1472 4004 1516 4055 si
1550 4004 1819 4072 quosdam
1866 4003 1921 4056 in
1959 4004 2074 4056 vir-

487 4097 609 4144 tute
640 4092 953 4146 stabiliores
999 4093 1166 4160 videt,
1198 4109 1308 4148 non
1345 4102 1529 4164 aperte
1564 4096 1618 4148 in
1653 4095 1845 4148 faciem
1880 4096 2076 4164 objicit

491 4180 758 4248 gladium,
800 4183 894 4237 sed
925 4184 1066 4237 clam
1101 4193 1155 4236 et
1200 4201 1296 4255 per
1324 4186 1558 4240 insidias
1599 4185 1666 4239 de
1711 4186 1830 4241 loco
1867 4189 2072 4256 pellere

491 4275 697 4330 studet.
739 4275 953 4329 Idcirco
1001 4291 1181 4344 augur
1209 4275 1430 4346 quidem
1474 4277 1780 4342 maleficus,
1839 4280 2074 4335 occultis

2173 1813 2280 1860 ται,
2319 1797 2412 1850 καὶ
2449 1797 2616 1866 ἀρετή
2653 1797 2790 1848 ἐστι.
2831 1795 2988 1849 Κατὰ
3009 1796 3100 1849 τὸν
3125 1796 3286 1850 αὑτὸν
3317 1797 3538 1866 τρόπον,
3570 1799 3672 1850 καὶ
3715 1800 3795 1853 τὰ

2172 1887 2304 1942 ἄλλα
2329 1889 2525 1949 πάντα,
2554 1887 2653 1940 ὅσα
2676 1887 2812 1958 πρὸς
2836 1887 2896 1940 τὸ
2921 1889 3167 1960 κρεῖττον
3190 1888 3573 1954 σπουδάζεται,
3607 1908 3795 1960 μεσο-

2172 1979 2415 2032 λαϐεῖταί
2471 1995 2588 2042 πως
2633 1983 2746 2042 τοῖς
2797 1981 2984 2042 κακοῖς
3031 1981 3434 2052 γειτονήμασιν.
3490 1982 3556 2034 Ἡ
3605 1986 3790 2050 σοφία

2171 2069 2476 2140 δεινότητός
2503 2086 2562 2121 τε
2591 2069 2686 2122 καὶ
2717 2068 3107 2140 ἁκεραιὸτητος
3149 2068 3209 2122 τὸ
3251 2069 3412 2139 μέσον
3456 2069 3596 2138 ἔχει·
3643 2071 3786 2123 οὔτε

2172 2163 2264 2217 τοῦ
2285 2165 2460 2232 ὄφεως
2477 2162 2536 2214 τὸ
2562 2161 2824 2233 φρόνιμον
2841 2160 3145 2222 ἐπαινετὸν,
3167 2159 3288 2213 οὔτε
3304 2159 3403 2230 τῆς
3429 2164 3784 2232 περιστερὰ

2172 2258 2232 2311 τὸ
2257 2257 2533 2328 ἀκέραιον,
2565 2257 2613 2308 εἰ
2641 2255 2726 2324 ἐφ’
2756 2252 2948 2307 ἑαυτοῦ
2984 2254 3145 2322 μόνου
3174 2252 3284 2306 δέοι
3318 2253 3623 2323 λαμϐάνειν
3649 2253 3779 2306 τού-

2172 2367 2278 2403 των
2308 2350 2587 2418 ἐκάτερον’
2620 2346 2733 2399 ἀλλ’
2764 2348 2795 2416 ἡ
2825 2343 2914 2397 διὰ
2946 2344 3110 2414 μέσου
3139 2343 3247 2396 τῶν
3271 2343 3364 2397 δύο
3391 2343 3602 2397 τούτων
3635 2346 3778 2412 οὐγ-

2173 2458 2373 2513 κρατος
2412 2438 2558 2505 ἕξις,
2601 2437 2771 2509 ἀρετὴ
2817 2436 3045 2506 γίνεται.
3100 2435 3156 2488 Ὁ
3204 2435 3424 2508 ἐλλιπὴς
3473 2437 3616 2490 κατά
3665 2438 3774 2506 τὴν

2174 2531 2546 2604 σωφροσύνην,
2594 2531 2912 2592 ἀκόλαστος⁹
2954 2529 2981 2580 6
3011 2529 3347 2596 πλεονάζων,
3386 2531 3774 2599 κεκαυτηρία-

2177 2642 2295 2678 σται
2319 2624 2414 2695 τὴν
2451 2623 2778 2692 συνείδησιν,
2809 2620 2993 2684 καθὼς
3021 2622 3262 2692 ὁρίζεται
3289 2623 3317 2674 6
3357 2621 3708 2684 Ἀπόστολοςο
3745 2625 3774 2675 6

2177 2717 2274 2787 μὲν
2297 2717 2405 2788 γὰρ
2429 2719 2546 2779 ταῖς
2579 2715 2791 2786 ἡδοναῖς
2820 2714 3045 2785 ἀναίδην
3075 2715 3388 2782 ἐκκέχυται,
3413 2717 3442 2767 6
3468 2714 3524 2766 δὲ
3553 2716 3650 2768 καὶ
3676 2715 3774 2767 τὸν

2173 2809 2352 2880 γάμον
2375 2803 2470 2862 ἶσα
2503 2810 2570 2878 τῇ
2603 2807 2816 2878 μοιχείᾳ
2850 2805 3215 2875 βδελύσσεταυ
3253 2809 3286 2878 ἡ
3315 2807 3372 2860 δέ
3401 2806 3491 2859 διὰ
3517 2804 3636 2878 [μέ]
3671 2824 3768 2858 σου

2173 2901 2375 2954 τούτων
2403 2887 2749 2970 θεωρουμένη
2781 2897 2914 2961 ἐξις,
2943 2897 3265 2971 σωφροσύνη
3293 2898 3460 2952 ἐστίν.
3510 2899 3665 2951 Ἐπεὶ
3687 2899 3769 2963 δὲ,

2176 2992 2355 3056 καθώς
2386 3010 2549 3062 φησιν
2573 2993 2602 3045 6
2631 2992 2856 3063 Κύριος,
2886 2994 2914 3045 6
2943 2991 3146 3060 κόσμος
3175 2986 3328 3055 οὗτος
3354 2993 3412 3044 ἐν
3436 2991 3513 3061 τῷ
3540 2990 3770 3062 πονηρῷ

2177 3089 2385 3152 κεῖται,
2431 3084 2725 3153 ἀλλόφυλον
2751 3085 2806 3137 δὲ
2835 3087 2946 3147 τοῖς
2977 3083 3262 3154 ἑπομένοις
3305 3082 3383 3151 τῷ
3407 3083 3560 3153 νόμῳ
3603 3084 3666 3135 τὸ
3698 3086 3766 3156 τῇ

2174 3182 2341 3252 ἀρετῇ
2373 3179 2767 3250 ἀντικείμενον,
2798 3179 2936 3250 ὅπερ
2971 3179 3117 3231 ἐστὶν
3141 3179 3174 3247 ἡ
3202 3176 3453 3248 πονηρία·
3491 3179 3519 3230 6
3551 3176 3638 3230 διὰ
3668 3176 3766 3231 τοῦ

2175 3273 2379 3343 κόσμου
2430 3271 2621 3324 τούτου
2661 3269 2802 3325 κατὰ
2851 3269 2942 3323 τὸν
2978 3268 3092 3338 βίον
3124 3267 3454 3338 ὁδοιπορῶν,
3503 3266 3771 3334 ἀσφαλῶς

2173 3366 2272 3432 τὴν
2317 3363 2623 3432 ἀναγκαίαν
2663 3363 2868 3432 ταύτην
2909 3362 3009 3431 τῆς
3049 3360 3252 3432 ἀρετῆς
3283 3359 3521 3414 διανύσει
3560 3360 3776 3413 ὁδοιπο-

2178 3457 2319 3528 ρίαν,
2373 3458 2422 3510 εί
2459 3457 2558 3526 τὴν
2602 3455 2878 3526 λεωφόρον
2926 3454 3116 3518 ὅντως,
3149 3452 3246 3523 τὴν
3281 3452 3385 3505 ὑπὸ
3424 3452 3525 3522 τῆς
3563 3452 3774 3524 ἀρετῆς

2173 3547 2494 3619 τριφθεῖσάν
2521 3563 2580 3599 τε
2619 3546 2712 3598 καὶ
2739 3545 3164 3616 λευκαινομένην
3192 3544 3309 3598 666v
3335 3544 3623 3612 φυλάσσοι,
3661 3563 3770 3615 μη-

2173 3639 2347 3710 δαμοῦ
2393 3638 2528 3710 πρὸς
2571 3637 2671 3702 τὰς
2715 3637 3130 3708 παρακειμένας
3175 3635 3389 3698 ἀνοδίας
3430 3635 3519 3688 διὰ
3564 3634 3770 3687 κακίαν

2177 3732 2681 3804 παρατρεπόμενος.
2721 3729 2876 3782 Ἐπεὶ
2902 3729 2979 3790 δὲ,
3013 3727 3196 3791 καθὼς
3224 3727 3456 3799 εἴρηται,
3491 3731 3557 3798 τῇ
3594 3727 3770 3797 ἀνόδῳ

2175 3823 2274 3893 τῆς
2306 3821 2505 3892 ἀρετῆς
2550 3820 2644 3874 καὶ
2677 3821 2710 3889 ἡ
2751 3817 3008 3890 ἐπιϐουλὴ
3055 3817 3148 3870 τοῦ
3220 3818 3600 3888 ἀντικειμένου
3643 3835 3775 3870 συν-

2176 3913 2478 3978 αναδαίνει,
2497 3911 2846 3982 καταλλήλως
2864 3911 3094 3966 ἑκάστου
3110 3911 3210 3980 τῆς
3231 3913 3309 3974 εἰς
3323 3911 3385 3964 τὺ
3401 3911 3571 3965 κακὸν
3590 3929 3773 3983 παραυ

2173 4006 2383 4078 τροπῆς
2421 4005 2522 4069 τάς
2562 4003 2814 4074 ἀφορμὰς
2851 4003 3273 4073 ἐξευρίσκουσαο
3305 4004 3429 4056 τότε
3469 4003 3609 4074 πρὸς
3655 4006 3771 4074 μεῖ-

2175 4100 2267 4164 ζον
2290 4098 2384 4152 τοῦ
2417 4095 2547 4152 λαοῦ
2580 4100 2637 4150 ἐν
2665 4095 2742 4166 τῷ
2771 4096 2912 4150 κατά
2936 4095 3066 4148 Θεὸν
3091 4095 3191 4165 βίῳ
3208 4095 3563 4165 αὐξήσαντος.
3594 4095 3732 4164 ἄλλη
3739 4114 3768 4159 ς

2175 4189 2464 4260 ἐπιϐουλῆς
2485 4192 2515 4243 6
2563 4187 2938 4258 ἀντικείμενος
2959 4188 3210 4250 ἅπτεται,
3243 4187 3385 4239 κατά
3411 4186 3539 4249 τοὺς
3551 4186 3768 4250 δεινοὺς

2175 4284 2246 4337 τὰ
2284 4281 2587 4353 πολεμικάο
2627 4282 2677 4334 οἳ
2733 4280 2832 4351 τὴν
2886 4279 3028 4333 κατὰ
3079 4279 3252 4349 στόμα
3304 4277 3610 4349 παράταξιν
3653 4278 3767 4331 τῶν

489 4363 820 4434 quihusdam
870 4365 1082 4418 viribus
1133 4364 1444 4419 daamonum
1497 4367 1562 4420 ad
1608 4367 2069 4424 malefaciendum

2181 4373 2644 4428 πλεονεκτούντων
2686 4371 2824 4425 κατά
2857 4371 2952 4440 τὴν
2993 4369 3221 4439 δύναμιν
3259 4368 3768 4437 δυσκαταγώνιστον

483 4458 572 4511 vel
615 4456 800 4512 verbis
836 4458 970 4511 solis
1015 4471 1259 4527 paratus,
1301 4475 1330 4512 a
1371 4468 1609 4530 tyranno
1647 4458 2069 4515 Madianitarum

480 4551 743 4606 mercede
799 4548 1106 4605 conductus
1160 4559 1434 4606 vocatur:
1481 4552 1574 4622 qui
1627 4568 1754 4606 cum
1797 4554 2067 4618 venisset,

479 4659 596 4697 non
636 4651 690 4696 ut
725 4643 940 4697 volebat
973 4641 1277 4710 maledixit,
1317 4643 1412 4699 sed
1447 4643 1633 4698 divina
1673 4645 1881 4700 virtute
1911 4661 2067 4701 com-

486 4735 680 4804 pulsus
707 4736 909 4806 populo
950 4735 1031 4790 vel
1065 4735 1272 4792 invitus
1311 4737 1614 4803 benedixit,
1653 4755 1762 4808 qua
1807 4755 1874 4793 ex
1904 4753 1964 4793 re
1986 4737 2069 4793 fa-

479 4829 589 4881 cile
626 4829 971 4899 iutelligitur,
1004 4829 1187 4885 nullas
1218 4837 1367 4885 artes
1400 4831 1664 4901 magicas,
1687 4832 1869 4887 nullas
1893 4833 2071 4887 hostis

479 4919 712 4974 humani
741 4923 962 4991 generis
995 4920 1227 4978 insidias
1258 4923 1526 4978 adversus
1574 4940 1670 4978 eos
1722 4925 1926 4990 valere,
1968 4927 2069 4995 qui

484 5015 742 5066 virtutem
797 5013 992 5068 colunt
1031 5033 1044 5070 :
1085 5015 1183 5071 sed
1239 5015 1404 5069 etiam
1460 5017 1747 5086 pravitatis
1796 5019 1908 5071 tela
1944 5019 2073 5088 reji-

481 5107 639 5158 ciuut
670 5126 685 5160 :
729 5107 825 5176 qui
868 5107 963 5162 Dei
999 5107 1259 5178 praesidio
1287 5107 1681 5163 defenduntur.

2176 4463 2443 4535 δρῶντες,
2474 4461 2653 4531 λόγοις
2690 4460 2786 4514 καὶ
2828 4460 3070 4530 ἐνέδραις
3117 4457 3625 4529 καταστρατηγοῦσι
3673 4458 3768 4511 τὸν

2178 4555 2572 4626 ἀντικείμενον.
2606 4552 2839 4614 Οὖτωςό
2868 4553 2969 4622 τῆς
3013 4552 3212 4613 κακίας
3249 4549 3477 4622 στρατὸς
3516 4551 3610 4602 ἐπὶ
3656 4551 3767 4602 τῶν

2179 4650 2327 4720 νόμῳ
2356 4648 2449 4700 καὶ
2486 4648 2654 4717 ἀρετῇ
2695 4643 3152 4715 δυναμωθέντων,
3197 4643 3379 4697 οὐκέτι
3413 4641 3555 4694 κατὰ
3598 4642 3767 4713 πρόσ-

2173 4758 2324 4794 ωπον
2345 4738 2630 4808 ἀντεξάγει
2663 4737 2758 4808 τὴν
2789 4735 3042 4807 δύναμιν,
3072 4735 3188 4789 ἀλλ’
3209 4734 3449 4805 ἐνέδραις
3479 4733 3593 4786 τισὶ
3621 4733 3765 4787 κατὰ

2171 4833 2233 4885 τὸ
2268 4831 2475 4901 ἀφανὲς
2502 4831 2604 4900 τὴν
2655 4828 2947 4900 ἐπιϐουλὴν
2977 4827 3348 4900 ἐξεργάζεται.
3386 4825 3556 4880 Καλεῖ
3580 4826 3763 4878 τοίνυν

2173 4925 2252 4986 είς
2284 4922 2600 4994 συμμαχίαν
2616 4921 2757 4976 κατὰ
2781 4921 2888 4974 τῶν
2911 4920 3409 4990 ἐπιδουλευομένων
3440 4919 3572 4987 παρ’
3595 4916 3762 4970 αὑτοῦ

2171 5014 2270 5086 τὴν
2297 5013 2572 5085 γοητείαν.
2613 5013 2776 5084 Ἥνή
2823 5012 2922 5083 μέν
2947 5011 3164 5084 ἱστορία
3204 5011 3339 5082 φησὶ
3387 5010 3583 5080 μάντιν
3618 5003 3762 5061 εἷναί

2171 5123 2292 5160 τινα
2325 5106 2418 5160 καὶ
2443 5104 2748 5176 οἰωνιστὴν,
2779 5103 2844 5158 ἐκ
2867 5121 3010 5168 τινος
3031 5104 3309 5176 ἐνεργείας
3333 5102 3604 5171 δαιμόνων
3633 5100 3761 5171 βλα-

483 5203 684 5272 πτικὴν
716 5201 888 5272 δήπου
918 5201 1146 5272 δύναμιν
1185 5201 1377 5272 ἔχοντα
1413 5201 1509 5254 καὶ
1556 5201 1664 5254 τῶν
1705 5201 2071 5267 ὑπεναντίων,
2116 5200 2212 5254 καὶ
2272 5197 2612 5270 μισθωθέντα
2654 5197 2806 5267 παρά
2857 5198 2952 5251 τοῦ
2990 5196 3315 5269 κρατοῦντος
3356 5196 3466 5250 τῶν
3497 5195 3760 5249 Μαδιανιε

485 5293 619 5355 τῶν,
649 5295 733 5362 ἐφ’
766 5287 810 5361 ᾧ
840 5312 900 5348 τε
937 5294 1140 5366 βλάψαι
1172 5295 1259 5348 διὰ
1285 5294 1532 5365 κατάρας
1566 5296 1685 5357 τοὺς
1715 5295 1791 5365 τῷ
1808 5295 1932 5365 Θεῷ
1957 5294 2185 5358 ζῶντας,
2235 5292 2426 5346 τοῦτον
2461 5291 2657 5365 τρέψαι
2713 5290 2814 5362 τὴν
2858 5292 3105 5363 κατάραν
3137 5293 3217 5356 εὶς
3247 5289 3494 5360 εὐλογίαν
3541 5285 3754 5359 ,Ἡμεῖς

485 5379 542 5435 δὲ
573 5383 800 5453 νοοῦμεν
822 5384 910 5438 διὰ
940 5385 1032 5438 τοῦ
1063 5385 1353 5439 ἀκολούθου
1380 5385 1488 5437 τῶν
1511 5385 2062 5459 προτεθεωρημένων,
2091 5384 2154 5439 τὸ
2201 5385 2334 5456 μηδέ
2379 5385 2478 5456 τὴν
2501 5383 2756 5454 γοητείαν
2795 5384 3018 5456 ἐνεργὸν
3043 5385 3184 5440 κατά
3207 5385 3314 5439 τῶν
3341 5387 3398 5440 ἐν
3425 5386 3595 5457 ἀρετῇ
3631 5385 3754 5452 ζων-

485 5487 591 5526 των
625 5471 784 5526 εἶναι’
828 5475 963 5529 ἀλλά
997 5475 1176 5548 πάσης
1211 5475 1561 5547 ὑπερισχύειν
1607 5476 1899 5548 ἐπιϐουλῆς
1944 5480 2070 5540 τοὺς
2112 5475 2200 5531 διὰ
2249 5477 2349 5548 τῆς
2402 5475 2552 5539 Θείας
2585 5476 2836 5547 βοηθείας
2868 5478 3295 5549 εὐωχουμένους.

563 5651 607 5684 ⁸⁸
642 5652 831 5708 Matth.
865 5669 961 5719 vn,
1003 5653 1087 5709 l4.

1156 5654 1212 5729 ,⁵³
1259 5654 1414 5711 Deut.
1451 5671 1618 5712 xxvtu
1649 5656 1735 5719 ti.
1812 5655 1879 5710 ⁸⁸1
1910 5654 2150 5714 Timoth.
2180 5671 2254 5726 Iv,
2289 5657 2342 5710 ‘2.

2453 5657 2497 5690 ³⁸
2527 5654 2728 5715 Hoan.
2762 5675 2815 5726 v,
2859 5659 2941 5718 l9.
