3876 6218
179 227 275 276 άῖι

1521 227 1608 282 DE
1636 226 1800 283 VITA
1839 226 1980 284 MOY
1991 226 2116 282 SlS.

3341 232 3448 286 £23

254 341 326 394 T6
370 343 482 414 γὰρ
524 344 624 414 τὴν
661 342 1090 414 οἰωνοσκοπικὴν
1136 343 1475 415 ἐπιτηδεύειν
1515 345 1771 415 μαντείαν

1942 343 2188 398 llabebat
2221 342 2438 398 Balaam
2469 343 2722 414 auguria,
2759 343 2978 400 tenebat
3019 343 3266 406 oracula,
3298 355 3352 400 et
3374 345 3448 398 ad

179 435 270 488 τὸν
313 435 774 506 μνημονευθέντα,
811 439 1165 508 μαρτυρεῖται
1207 435 1358 506 παρὰ
1396 434 1496 505 τῆς
1526 437 1766 506 ἱστορίας

181 530 240 582 ἐν
264 522 347 591 οἷς
375 545 574 598 φησιν,
619 529 688 582 τά
725 545 786 581 τε
819 531 1046 599 μαντεῖα
1086 528 1173 581 διὰ
1203 528 1385 598 χειρὸς
1413 527 1556 598 ἔχειν
1582 526 1764 590 αὐτὸν,

183 619 276 671 καὶ
317 617 468 688 παρά
508 617 616 670 τῶν
659 618 864 672 οίωνῶν
907 617 1395 687 συμϐουλεύεσθαιο
1439 617 1534 670 καὶ
1567 617 1672 688 πρό
1704 633 1768 684 γε

181 709 408 774 τούτων,
441 711 524 763 ὅτι
551 709 636 762 διὰ
665 709 759 762 τοῦ
801 709 1089 780 μηκυθμοῦ
1115 710 1214 778 τῆς
1243 710 1366 761 δνου
1393 709 1464 762 τὰ
1514 711 1641 780 περὶ
1669 709 1768 778 τῆς

183 800 554 871 προκειμένης
582 800 730 869 αὐτῷ
749 800 979 869 σπουδῆς
997 799 1322 852 ἐδιδάσκετο·
1339 795 1406 872 ἧς
1421 799 1512 852 τὸν
1533 799 1768 868 φθόγγον

183 892 292 964 (διὰ
325 893 388 946 τὸ
417 893 658 964 συνήθως
680 892 841 946 αὑτὸν
861 893 980 956 ταῖς
1005 892 1112 943 τῶν
1135 891 1344 958 ἀλόγων
1369 893 1593 958 φωναῖς,
1625 890 1770 944 κατά

181 1001 302 1036 τινα
331 983 616 1052 δαιμονίαν
643 981 944 1052 ἐνέργειαν,
984 980 1480 1052 συμϐουλεύεσθαι)
1514 983 1586 1044 ὡς
1613 981 1770 1053 ἐναρο

183 1071 313 1144 θρον
343 1074 376 1144 ή
404 1073 596 1143 Γραφὴ
619 1071 933 1142 διηγήσατο,
959 1069 1361 1140 ἐνδεικνυμένη,
1386 1071 1467 1122 ὅτι
1493 1071 1620 1134 τοὺς
1643 1086 1768 1141 προ-

183 1165 300 1234 ειλη
311 1163 550 1235 μμένους
572 1166 638 1234 τῇ
662 1163 886 1236 τοιαύτῃ
912 1161 1022 1215 τῶν
1045 1161 1316 1230 δαιμόνων
1343 1161 1529 1234 ἀπάτῃ
1548 1202 1563 1224 ,
1605 1162 1768 1232 μέχρι

183 1257 390 1310 τούτων
416 1255 657 1325 φθάνειν,
685 1255 761 1318 ὡς
788 1255 909 1309 ἀντὶ
951 1255 1113 1324 λόγου
1143 1253 1394 1326 δέχεσθαι
1433 1253 1532 1325 τὴν
1565 1255 1631 1307 ἐκ
1671 1254 1769 1322 τῆς

184 1349 348 1412 ποιᾶς
377 1349 813 1418 παρατηρήσεως
841 1347 1140 1416 γενομένην
1162 1346 1344 1409 αὐτοῖς
1375 1347 1440 1398 ἐκ
1463 1344 1564 1414 τῆς
1588 1344 1770 1413 φωνῆς

181 1442 290 1496 τῶν
336 1441 546 1510 ἀλόγων
585 1438 952 1492 διδασκαλίαν·
1074 1437 1357 1509 προσχὼν,
1394 1438 1462 1490 δι’
1491 1435 1668 1488 αὐτῶν
1696 1429 1770 1488 ὦν

180 1535 451 1604 ἠπατᾶτο,
481 1533 542 1586 τὸ
569 1533 779 1602 ἄμαχον
803 1533 900 1602 τῆς
926 1532 1050 1584 καθ’
1075 1525 1150 1584 ὧν
1178 1528 1458 1600 ἐμισθώθη
1487 1527 1771 1598 δυνάμεως

180 1623 556 1695 ἐξεπαιδεύθη.
587 1625 698 1676 Καὶ
722 1622 830 1693 γάρ
859 1623 916 1674 ἐν
944 1624 1011 1691 τῇ
1033 1621 1360 1691 εύαγγελικῇ
1393 1620 1602 1691 ἱστορίᾳ
1627 1636 1765 1690 παρ-

179 1717 484 1769 εσκεύαστο
536 1718 615 1779 είς
660 1714 974 1768 ἀντίστασιν
1007 1714 1105 1784 τῆς
1142 1712 1235 1766 τοῦ
1275 1711 1480 1784 Κυρίου
1516 1711 1766 1778 ἐξουσίας
1800 1695 1839 1748 Β

179 1807 242 1860 τὸ
285 1807 644 1878 συγκρότημα
689 1805 798 1860 τῶν
831 1805 1122 1876 δαιμόνων,
1165 1807 1199 1875 ἡ
1250 1803 1472 1873 λεγεών.
1525 1804 1760 1874 Πλησιά-

182 1917 380 1962 σαντος
417 1898 476 1951 δὲ
513 1897 607 1952 τοῦ
651 1897 864 1970 ἔχοντος
900 1896 1044 1951 κατά
1081 1897 1298 1950 πάντων
1324 1895 1385 1948 τὸ
1416 1894 1637 1966 κράτος,
1669 1895 1764 1964 βοᾷ

177 1993 282 2063 τὴν
307 1992 682 2063 ὑπερέχουσαν
711 1989 959 2060 δύναμιν,
994 1989 1089 2043 καὶ
1113 1990 1214 2042 οὐκ
1239 1986 1634 2058 ἐπικρύπτεται
1665 1985 1763 2056 τὴν

179 2085 482 2156 ἀλήθειαν,
521 2085 602 2138 ὅτι
650 2075 806 2146 οὗτός
841 2083 990 2135 ἐστιν
1029 2083 1064 2153 ἡ
1103 2079 1221 2134 θεία
1265 2079 1460 2150 φύσις,
1497 2081 1524 2134 6
1566 2081 1622 2132 ἐν
1655 2081 1766 2140 τοῖς

179 2175 490 2246 καθήκουσι
533 2175 743 2246 χρόνοις
776 2172 991 2238 ἐπάξων
1018 2175 1131 2236 τοῖς
1169 2171 1517 2243 ἡμαρτηκόσι
1545 2170 1641 2240 τὴν
1677 2169 1767 2222 κό-

179 2267 358 2322 λασιν.
403 2267 568 2336 Λέγει
599 2267 708 2337 γάρ
746 2268 779 2336 ὴ
811 2264 920 2318 τῶν
956 2265 1224 2333 δαιμόνων
1268 2264 1438 2332 φωνή·
1486 2281 1502 2312 ι
1531 2261 1766 2331 Οἵδαμέν

180 2377 244 2413 σε
275 2359 360 2423 τίς
387 2353 460 2423 εἴ,
487 2358 514 2408 6
541 2357 694 2426 ἅγιος
719 2356 812 2409 τοῦ
833 2354 987 2408 Θεοῦ·
1018 2355 1112 2408 καὶ
1143 2355 1223 2406 ὅτι
1255 2349 1416 2423 ἦλθες
1443 2352 1546 2424 πρὸ
1573 2352 1765 2423 καιροῦ

183 2450 473 2522 βασανίσαι
500 2449 666 2519 ἡμᾶς.
706 2465 725 2498 ι
761 2448 829 2500 Ὃ
860 2447 922 2518 δὴ
953 2448 1048 2500 καὶ
1087 2445 1207 2498 τότε
1237 2445 1474 2514 ἐγένετο,
1501 2445 1600 2514 τῆς
1629 2461 1768 2515 παρ-

181 2542 461 2612 επομένης
487 2539 564 2611 τῷ
591 2540 782 2610 μάντει
811 2539 1088 2609 δαιμονίας
1125 2536 1428 2606 δυνάμεως,
1463 2537 1524 2588 τὸ
1557 2536 1767 2605 ἄμαχόν

180 2652 240 2688 τε
273 2634 373 2688 καί
405 2629 872 2700 ἀνανταγώνιστον
906 2626 999 2682 τοῦ
1041 2628 1172 2680 λαοῦ
1221 2627 1313 2680 τὸν
1357 2625 1587 2696 Βαλαὰμ
1625 2627 1768 2679 διδα-

182 2724 656 2796 σκούσης.Ἦμείς
688 2721 744 2775 δέ
771 2738 971 2791 φαμεν,
1004 2722 1116 2783 τοῖς
1152 2717 1645 2788 προεξητασμὲνοις
1671 2716 1768 2787 τὴν

181 2817 432 2890 ίποριαν
470 2815 821 2888 ἁρμόζοντες,
851 2813 912 2865 τὸ
940 2811 1082 2866 κατὰ
1112 2811 1222 2863 τῶν
1257 2811 1315 2862 ἐν
1345 2811 1514 2881 ἀρετῇ
1551 2806 1768 2870 ζώντων

178 2910 272 2963 τὸν
301 2904 671 2978 ’καταρᾶσθαι
734 2902 1127 2974 βεϐουλημένον
1179 2899 1447 2971 μηδεμίαν
1509 2897 1766 2952 δύνασθαι

181 2998 476 3071 προΐεσθαι
521 2997 704 3068 φωνὴν
751 2994 1002 3066 λυπηρὰν
1054 3009 1115 3046 τε
1161 2993 1253 3044 καὶ
1294 2989 1765 3060 ἀπεμφαίνουσαν,

180 3091 322 3146 ἀλλὰ
348 3088 573 3162 τρέπειν
615 3087 716 3158 τὴν
743 3085 989 3156 κατάραν
1024 3085 1104 3146 είς
1141 3081 1413 3150 εὐλογίαν.
1447 3081 1521 3133 Τὸ
1545 3080 1600 3133 δὲ
1625 3077 1773 3132 νοού-

183 3196 376 3254 μενον,
416 3180 574 3234 τοῦτό
612 3182 783 3246 ἐστιν,
823 3179 904 3231 ὅτι
943 3176 1052 3230 τῶν
1095 3177 1215 3228 κατ’
1243 3173 1443 3246 ἀρετὴν
1483 3171 1702 3238 ζώντων
1744 3173 1773 3224 6

177 3274 280 3344 τῆς
305 3270 572 3343 λοιδορίας
598 3269 788 3340 μῶμος
805 3269 906 3338 οὐχ
927 3266 1178 3320 ἅπτεται.
1201 3264 1328 3328 Πῶς
1345 3263 1453 3336 γὰρ
1477 3263 1568 3316 ἐπὶ
1593 3263 1775 3316 πλεον-

176 3367 307 3436 εξίᾳ
335 3366 367 3418 6
396 3363 656 3434 ἀκτήμων
683 3359 1159 3432 λοιδορηθήσεται;
1184 3357 1302 3420 πῶς
1325 3357 1383 3410 δέ
1411 3373 1494 3419 τις
1520 3354 1775 3425 ἐπιθρυλ-

177 3459 342 3530 λήσει
373 3455 730 3526 τὴνάσωτίαν
756 3453 835 3523 τῷ
864 3449 1338 3522 ἀνακεχωρημένῳ
1365 3449 1460 3502 καὶ
1484 3447 1735 3510 ἰδιάζοντι
1757 3463 1770 3508 ;

175 3550 212 3623 ἢ
245 3549 346 3602 τὸν
369 3546 540 3618 θυμὸν
565 3545 644 3617 τῷ
671 3545 864 3615 πράῳ;
899 3543 933 3615 ἣ
959 3543 1052 3598 τὸν
1079 3541 1250 3612 τύφον
1275 3541 1354 3611 τῷ
1391 3539 1734 3611 μετριόφρονι
1757 3554 1771 3602 ;

175 3641 214 3713 ἦ
241 3641 378 3698 ἄλλο
399 3657 453 3694 τι
474 3637 582 3692 τῶν
611 3635 913 3708 ἐπιμώμων
941 3638 1054 3699 τοῖς
1090 3637 1156 3689 ἐκ
1198 3633 1308 3686 τῶν
1329 3631 1586 3688 ἐναντίων
1612 3647 1774 3698 γινω-

181 3731 512 3803 σκομένοις;
558 3727 640 3794 οἷς
679 3729 881 3791 σκοπός
933 3729 1100 3792 ἐστιν,
1135 3726 1373 3796 ἄληπτον
1407 3723 1666 3794 παρέχειν
1698 3721 1776 3791 τῷ

184 3825 372 3896 μώμῳ
391 3823 481 3877 τὸν
512 3821 642 3892 βίονο
673 3823 782 3887 ἵνα,
823 3819 1006 3882 καθώς
1035 3835 1198 3888 φησιν
1228 3818 1257 3870 6
1282 3815 1624 3878 Ἀπόστολος,
1663 3813 1692 3865 ὁ
1718 3813 1776 3879 ἐξ

181 3915 440 3978 ἐναντίας
493 3915 757 3985 ἐντραπῇ,
809 3911 973 3982 μηδὲν
1025 3909 1164 3980 ἔχων
1208 3908 1408 3977 λέγειν.
1459 3905 1559 3959 Διά
1619 3904 1778 3958 τοῦτό

181 4025 358 4078 φησιν
377 4009 414 4078 ἡ
435 4007 586 4076 φωνὴ
609 4003 704 4059 τοῦ
729 4004 810 4066 είς
839 4001 1084 4074 κατάραν
1103 3999 1574 4072 παρειλημμένου,
1605 4016 1624 4048 α
1653 3997 1777 4060 Πῶς

182 4099 506 4170 ἀράσομαι,
546 4095 604 4149 ὃν
650 4095 726 4166 μὴ
763 4095 962 4164 ἀρᾶται
1007 4091 1247 4163 Κύριος;
1283 4108 1302 4141 ›
1338 4089 1584 4144 τουτέστι
1607 4128 1621 4152 ,
1653 4089 1777 4151 Πῶς

181 4190 575 4261 λοιδορήσομαι
622 4188 714 4240 τὸν
771 4187 844 4259 μὴ
896 4184 1166 4239 δεδωκότα
1219 4185 1319 4254 τῆς
1365 4181 1632 4254 λοιδορίας
1679 4179 1779 4250 τὴν

183 4281 362 4350 ialm;
397 4273 442 4348 ᾧ
466 4280 554 4334 διά
579 4279 639 4332 τὸ
674 4279 810 4350 πρὸς
837 4278 928 4332 τὸν
955 4279 1087 4332 θεὸν
1117 4277 1332 4347 βλέπειν
1359 4276 1598 4348 ἄτρωτός
1632 4276 1778 4327 ἐστιν

1867 435 1982 490 haec
2025 434 2214 490 ruditu
2258 435 2426 490 asinae
2481 436 2666 504 ignota
2710 449 3105 506 nonnunquam
3165 433 3446 506 perdisce-

1867 526 1959 580 bat
1975 526 2020 558 ⁸⁸
2061 545 2073 580 :
2108 526 2269 594 cujus
2303 542 2490 582 vocem
2535 527 2817 598 (quoniam
2856 528 2972 598 ipse
3005 527 3218 582 solebat
3255 527 3446 582 brutu-

1867 633 1988 673 rum
2043 619 2360 672 animalium
2412 619 2684 674 clamores
2736 627 2790 674 et
2844 620 3087 688 garritus
3127 621 3306 673 avium
3350 635 3446 673 co-

1868 719 2136 782 operante
2171 711 2390 766 diabolo
2421 711 2751 782 intelligere)
2791 713 2950 781 quasi
2983 713 3330 767 articulatam
3369 713 3446 768 si-

1867 802 2328 873 gniticantemque
2395 802 2624 856 historia
2666 804 2986 857 enarravit:
3028 803 3326 858 ostendens
3375 805 3440 856 ad

1869 893 1974 948 hoc
2000 894 2258 950 vanitatis
2293 895 2548 948 seductos
2597 909 2626 948 a
2670 894 3013 950 daemonibus
3054 897 3336 956 devenire.
3387 904 3446 949 ut

1868 984 2090 1040 modum
2120 985 2273 1040 vocis
2307 985 2596 1040 brutorum
2629 986 2943 1052 observent,
2987 1003 3050 1042 ac
3087 989 3212 1043 inde
3244 987 3448 1058 signiﬁ—

1868 1076 2048 1130 cantis
2081 1076 2387 1130 doctrinam
2428 1076 2579 1132 vocis
2620 1079 2870 1146 accipere
2904 1079 3259 1134 arbitrentur.
3307 1078 3442 1132 Nam

1870 1177 2000 1221 tunc
2028 1166 2319 1222 attendens
2358 1167 2438 1221 eis
2467 1167 2670 1237 quibus
2702 1170 3067 1224 sedneebatur
3099 1171 3334 1232 artibus,
3363 1172 3444 1223 in-

1869 1258 2261 1327 expugnabiles
2289 1274 2412 1314 esse
2447 1258 2688 1322 Judaeos,
2719 1259 2984 1316 adversus
3021 1278 3162 1330 quos
3211 1263 3448 1316 duceba-

1870 1355 1982 1409 tur,
2011 1348 2306 1416 perdoctus
2342 1355 2448 1404 est.
2500 1345 2592 1402 Sic
2637 1356 2692 1404 et
2737 1348 2792 1402 in
2831 1345 3438 1420 evangelicahisturia“

1869 1438 2016 1508 legio
2077 1439 2412 1502 daemonum,
2491 1440 2744 1510 quamvis
2824 1439 3090 1496 adversus
3151 1439 3440 1493 Dominum

1874 1537 2176 1600 praeparata
2213 1539 2383 1593 esset,
2408 1546 2532 1585 cum
2567 1543 2750 1586 tamen
2793 1533 3137 1587 advenientis
3162 1534 3266 1586 vim
3302 1534 3448 1588 ferre

1873 1635 1980 1674 non
2015 1629 2224 1690 posset,
2259 1623 2462 1674 clamat
2493 1622 2663 1675 invita
2703 1625 3010 1687 veritatem,
3064 1627 3209 1692 quod
3246 1625 3336 1680 hic
3359 1635 3446 1680 est

1871 1719 1988 1787 ipse
2029 1717 2120 1772 Dei
2161 1716 2356 1778 Filius,
2424 1717 2516 1786 qui
2553 1717 2904 1771 convenienti
2952 1727 3196 1786 tempore
3261 1718 3442 1788 ignem

1871 1809 2252 1879 peccatoribus
2306 1815 2568 1862 aeternum
2621 1810 2909 1862 retribuet.
2981 1808 3205 1863 Dicebat
3265 1821 3444 1862 autem

1875 1902 2014 1972 legio
2045 1902 2180 1955 illa:
2226 1920 2244 1952 ι
2272 1901 2490 1956 Scimus
2544 1901 2667 1970 quis
2707 1909 2764 1954 tu
2804 1917 2888 1964 es,
2943 1909 3172 1957 sanctus
3220 1899 3350 1962 Dei,
3391 1907 3447 1954 et

1872 1993 2072 2049 venisti
2134 2003 2260 2049 ante
2317 2001 2532 2062 tempus
2572 2007 2771 2047 vexare
2815 1993 3161 2060 nus;»quod
3214 2001 3267 2046 et
3319 2001 3449 2046 ttmc

1872 2084 2078 2138 factum
2109 2091 2211 2140 est.
2249 2082 2346 2138 Vis
2376 2083 2520 2137 enim
2553 2081 2880 2148 dannonum,
2916 2099 3037 2153 quae
3064 2099 3324 2152 augurem
3359 2101 3446 2136 se-

1872 2177 2162 2246 quebatur,
2193 2177 2458 2230 invictum
2500 2190 2623 2230 esse
2655 2179 2914 2246 populum
2947 2175 3038 2230 Dei
3074 2177 3448 2245 vatemipsum

1871 2271 2112 2325 edocuit.
2169 2269 2244 2322 lta
2295 2270 2500 2323 nullam
2539 2277 2718 2338 potest
2753 2269 3016 2338 iniquitas
3059 2268 3222 2322 edere
3259 2285 3446 2322 vocem

1875 2363 1928 2416 in
1960 2363 2262 2418 virtuosos.
2300 2375 2408 2430 qua
2453 2360 2631 2430 possit
2671 2376 2768 2416 eos
2817 2359 3030 2416 edicere
3062 2360 3300 2430 pejores.
3352 2361 3447 2416 sed

1873 2452 2201 2508 maledicere
2231 2453 2482 2516 studens,
2538 2451 2849 2505 benedicit:
2887 2467 2986 2505 nec
3035 2453 3178 2505 enim
3234 2457 3450 2506 macula

1875 2545 1984 2598 ulla
2039 2543 2362 2598 sordeseunt
2401 2543 2725 2597 innocentes
2760 2558 2772 2594 :
2802 2541 3074 2612 quonme
3124 2545 3268 2596 enim
3321 2559 3450 2596 ava-

1873 2635 2126 2704 ritia,qui
2158 2633 2340 2688 omnia
2371 2635 2696 2693 contemnit,
2736 2633 3138 2688 maeulabitnr?
3167 2635 3452 2703 quomodo

1872 2725 2029 2797 quasi
2066 2727 2384 2782 luxuriosus
2415 2742 2480 2780 ac
2513 2742 2740 2790 vagans,
2787 2727 3073 2780 solitarius
3118 2728 3282 2782 homo
3314 2730 3452 2781 vitu-

1875 2818 2200 2888 perabitur?
2238 2817 2516 2887 quomodo
2571 2818 2652 2871 ira
2687 2818 2804 2872 miti
2851 2818 3114 2872 nocebit?
3173 2821 3451 2887 quomodo

1874 2910 2027 2963 elata:
2073 2909 2318 2963 cervices
2372 2907 2608 2964 humiles
2663 2911 2976 2964 vexabunt?
3029 2919 3124 2962 aut
3163 2912 3265 2964 alia
3307 2928 3454 2978 qum-

1875 3003 2016 3072 piam
2046 3000 2256 3054 macula
2275 2999 2684 3054 immaculatum
2703 3001 3021 3054 maculahit?
3047 2999 3138 3054 llis
3160 3003 3304 3054 enim
3337 3002 3452 3056 tunc

1873 3090 2103 3146 intentio
2125 3089 2338 3144 vivendi
2363 3097 2468 3154 est,
2489 3090 2670 3144 nullas
2693 3091 2835 3144 hosti
2857 3105 3024 3144 ansas
3059 3099 3340 3160 praestare,
3367 3103 3447 3156 ut,

1873 3182 2014 3238 sicut
2045 3181 2340 3251 Apostolus
2369 3183 2467 3242 ait,
2507 3181 2852 3235 nihilhabeat
2886 3181 3151 3237 confusus
3195 3181 3450 3236 adversa-

1870 3277 1988 3331 rius
2018 3275 2200 3331 dicere
2219 3277 2285 3328 ⁸⁷.
2328 3275 2598 3342 Quocirca
2639 3275 2707 3329 ad
2743 3276 3180 3330 maledicendum
3218 3287 3444 3330 vocatus

1872 3365 2090 3421 Balaam
2110 3368 2343 3420 clamat:
2377 3387 2396 3418 ‹
2428 3366 2710 3432 Quomodo
2724 3367 3062 3428 maledicam.
3082 3367 3167 3420 cui
3203 3383 3308 3420 non
3335 3384 3453 3422 ma-

1874 3459 2066 3514 ledicit
2089 3458 2356 3514 Dominus
2381 3459 2465 3512 3“?
2508 3478 2525 3508 ι
2563 3459 2614 3513 id
2660 3469 2766 3522 est,
2798 3460 3070 3530 quomodo
3099 3460 3450 3522 maledicam,

1873 3546 1965 3616 qui
2001 3547 2207 3600 nullam
2244 3547 2598 3602 maledicendi
2647 3551 2928 3602 materiam
2983 3549 3256 3618 praebuit?
3292 3549 3454 3618 cujus

1879 3638 2298 3692 invulnerabilis
2334 3639 2442 3692 vita
2481 3645 2584 3702 est,
2629 3640 2756 3707 quia
2802 3639 2895 3694 Dei
2937 3649 3093 3694 scuto
3124 3644 3452 3711 protegitur.

1875 3729 2075 3786 Verum
2109 3730 2322 3784 tametsi
2358 3731 2460 3784 hac
2495 3729 2852 3784 maledicendi
2886 3731 2970 3783 via
3013 3731 3148 3784 nihil
3195 3733 3246 3784 in
3283 3749 3455 3801 pnpu-

1875 3821 1985 3874 lum
2035 3821 2208 3874 hostis
2258 3820 2440 3881 efﬁcit,
2491 3831 2672 3874 tamen
2717 3821 2848 3890 quia
2885 3823 3080 3876 virtute
3129 3823 3308 3877 divina
3355 3825 3444 3878 de.

1878 3912 2020 3966 fendi
2059 3910 2278 3966 Iudaeos
2306 3915 2547 3980 agnovit,
2585 3929 2692 3967 non
2724 3913 2980 3976 cessavit,
3019 3916 3110 3967 sed
3149 3914 3453 3969 fmdissima

1874 4004 2154 4074 voluptate
2196 4020 2223 4056 a
2269 4005 2453 4058 divino
2500 4019 2780 4060 removere
2817 4003 3000 4059 studet
3051 4005 3273 4060 auxilio.
3314 4004 3447 4058 Nam

1875 4107 1998 4146 cum
2052 4093 2233 4147 omnis
2290 4093 2543 4161 voluptas
2605 4091 2764 4146 facile
2831 4090 2900 4146 ad
2964 4091 3155 4145 vitium
3223 4093 3452 4156 alliciat,

1877 4191 1991 4236 tum
2046 4197 2176 4236 vero
2225 4181 2564 4238 findissimus
2610 4179 2841 4237 Veneris
2896 4189 3074 4240 actus.
3127 4180 3452 4236 libidinosus

1879 4272 2181 4342 praesertim
2216 4271 2496 4342 juniorum
2527 4271 2738 4326 animos
2773 4271 2986 4325 adunco
3018 4271 3266 4325 delentes
3293 4273 3454 4327 hamo

181 4375 271 4435 εἰς
296 4370 499 4424 κακίαν
523 4373 552 4424 6
585 4369 718 4440 βίος.
768 4369 843 4422 Οὐ
877 4368 1004 4439 μὴν,
1043 4366 1231 4436 ἐπειδὴ
1261 4365 1451 4418 τούτου
1485 4365 1771 4436 διήμαρτεν

1882 4361 2132 4416 attrahit.
2167 4361 2789 4432 ldindepatetmamqui
2856 4361 3022 4414 armis
3063 4361 3450 4428 pnevalebant,

179 4463 216 4516 ὁ
245 4462 350 4531 τῆς
383 4461 580 4524 κακίας
608 4458 855 4532 εὑρετὴς,
886 4458 1114 4512 καθόλου
1143 4460 1242 4528 τῆς
1261 4455 1402 4510 κατά
1430 4457 1536 4508 τῶν
1557 4455 1776 4508 ἐπιϐου-

179 4553 502 4624 λευομένων
525 4551 765 4614 ἐπινοίας
788 4551 1082 4605 ἐπαύσατο·
1112 4549 1248 4603 ἀλλά
1277 4547 1413 4620 πρὸς
1435 4547 1496 4601 τὸ
1519 4547 1650 4600 ἴδιον
1673 4547 1775 4601 πά-

181 4647 401 4717 λαισμα
422 4644 522 4714 τὴν
548 4643 790 4698 ἐπίνοιαν
807 4643 1021 4714 τρέπει,
1054 4642 1216 4696 πάλιν
1243 4641 1309 4694 δι’
1332 4641 1529 4711 ἡδονῆς
1559 4638 1694 4711 πρὸς
1713 4639 1775 4692 τὸ

179 4737 368 4794 κακὸν
417 4735 680 4801 δελεάζων
719 4735 818 4807 τὴν
862 4733 1044 4804 φύσιν.
1095 4735 1304 4796 Ὄντως
1351 4731 1534 4804 πάσης
1573 4731 1774 4794 κακίας

177 4823 304 4882 οἷόν
331 4845 390 4880 τι
411 4825 601 4898 δέλεαρ
626 4829 662 4898 ἡ
694 4827 859 4899 ἡδονὴ
891 4825 1282 4898 προῦληθεῖσα,
1309 4825 1544 4887 εὐκόλως
1565 4823 1664 4887 τάς
1695 4823 1774 4876 λι-

177 4920 458 4993 χνοπτέρας
481 4919 658 4991 ψυχὰς
677 4921 770 4974 ἐπὶ
798 4920 861 4974 τὸ
884 4919 1177 4990 ἄγκιστρον
1205 4919 1304 4989 τῆς
1325 4917 1598 4980 ἀπωλείας
1621 4916 1778 4984 ἐφέλ-

179 5029 374 5068 κεται.
418 5013 673 5068 Μάλιστα
717 5013 776 5066 δέ
821 5030 938 5076 πως
979 5012 1068 5066 διά
1109 5012 1209 5082 τῆς
1237 5010 1536 5065 ἀκολάστου
1583 5008 1778 5078 ἡδονῆς

179 5104 524 5174 ἀφυλάκτως
552 5107 586 5175 ἡ
637 5102 798 5173 φύσις
819 5104 957 5175 πρὸς
993 5103 1054 5157 τὸ
1081 5103 1250 5157 κακὸν
1285 5103 1677 5172 παρασύρεται.
1711 5102 1776 5152 Ὂ

177 5195 258 5263 δὴ
285 5191 520 5246 καίτάτε
551 5192 786 5261 ἐγένετο.
808 5192 872 5246 0i
901 5189 1010 5262 γὰρ
1041 5190 1148 5244 τῶν
1171 5190 1348 5244 ὅπλων
1379 5185 1777 5260 ύπερισχύσαν-

180 5304 308 5351 τες,
335 5286 432 5340 καὶ
461 5287 642 5339 πᾶσαν
663 5285 760 5355 τὴν
785 5285 850 5336 ἐκ
872 5282 1091 5354 σιδήρου
1131 5278 1432 5352 προσϐολὴν
1457 5276 1775 5332 ἀσθενεστέ-

183 5395 300 5449 ραν
325 5375 428 5445 τῆς
457 5375 592 5439 ἰδίας
624 5375 902 5445 δυνάμεως
936 5371 1238 5436 δείξαντες,
1267 5371 1364 5423 καὶ
1397 5368 1540 5422 κατὰ
1579 5366 1778 5437 κράτος

179 5467 291 5538 τὴν
338 5464 601 5534 φάλαγγα
647 5463 754 5517 τῶν
811 5461 1200 5532 ἀντικειμένων
1227 5458 1570 5530 τρεψάμενοι
1594 5495 1608 5519 ,
1659 5457 1772 5520 τοῖς

277 5649 332 5683 ³⁸
353 5646 517 5702 Num.
549 5661 680 5710 χιιι,
716 5644 805 5697 28.
883 5643 927 5674 ³⁵
955 5641 1118 5697 Marc.
1155 5658 1204 5706 ιν,
1242 5633 1274 5693 9
1307 5653 1428 5709 sqq.
1505 5637 1548 5669 ’⁷
1579 5635 1685 5691 Tit.
1727 5653 1762 5691 ιι

1944 5635 1992 5668 ⁸⁸
2018 5633 2178 5690 Num.
2206 5649 2352 5700 xxrv,
2391 5634 2409 5687 l
2443 5649 2564 5704 sqq.

1880 4453 1972 4522 qui
2015 4451 2192 4506 hostis
2231 4465 2414 4505 ensem
2463 4465 2562 4505 sua
2607 4450 2808 4504 virtute
2850 4449 3190 4510 retuderunt,
3239 4453 3330 4522 qui
3379 4451 3454 4504 le-

1879 4544 2072 4614 giones
2116 4550 2354 4594 armatas
2389 4539 2646 4594 fuderunt
2683 4549 2847 4610 atque
2882 4541 3158 4614 fugarunt,
3204 4541 3454 4598 mulieris

1879 4633 2058 4689 forma
2087 4631 2334 4702 percussi
2379 4629 2719 4686 ceciderunt:
2755 4633 2828 4685 ita
2863 4631 2954 4700 qui
2990 4631 3133 4686 viros
3179 4632 3452 4696 vicerunt,

1879 4741 1909 4780 a
1945 4725 2271 4779 mulieribus
2323 4725 2737 4792 pervincuntur.
2774 4721 2907 4775 Nam
2939 4721 3102 4777 simul
3130 4731 3293 4791 atque
3327 4739 3450 4776 mu-

1879 4816 2047 4871 lieres
2071 4824 2468 4885 apparuerunt,
2503 4813 2743 4868 formosa
2767 4829 2868 4882 pro
2898 4813 3023 4868 telis
3047 4829 3272 4883 corpora
3312 4813 3458 4882 obji-

1878 4906 2111 4970 cientes,
2173 4905 2518 4960 fortitudinis
2557 4905 2740 4958 statim
2790 4905 2980 4964 obliti.
3030 4904 3096 4958 ad
3147 4906 3457 4977 voluptates

1879 4999 2120 5055 devoluti
2177 5005 2321 5051 sunt.
2387 4996 2484 5050 llic
2532 4998 2596 5050 ad
2658 4995 2926 5051 nefandas
2957 4997 3214 5052 libidines
3265 4999 3457 5068 lapsus

1877 5089 2132 5144 hostibus
2171 5088 2390 5142 Judaeos
2428 5089 2613 5141 divine
2650 5089 2886 5156 privatus
2927 5089 3230 5157 patrocinio
3275 5089 3450 5141 truci-

1821 5185 1824 5188 ’
1880 5183 2088 5236 dandos
2111 5181 2463 5251 prodidisset,
2497 5181 2598 5234 nisi
2634 5181 2840 5234 zelator
2862 5177 3094 5234 Phinees
3119 5180 3315 5234 ardore
3348 5197 3452 5236 suo

1883 5271 2124 5326 divinam
2156 5273 2480 5326 sententiam
2513 5272 2865 5341 praevenisset
2899 5271 2943 5302 ⁸ο
2981 5287 2994 5324 :
3037 5286 3160 5324 nam
3193 5257 3254 5325 et
3281 5273 3448 5342 judex

1883 5369 1940 5417 et
1987 5359 2234 5417 carnifex
2278 5361 2397 5431 ipse
2454 5361 2632 5418 factus
2677 5369 2780 5428 est,
2828 5361 3266 5434 saeerdotalique
3315 5379 3450 5420 usus

1879 5454 2085 5516 otlieio,
2138 5453 2402 5521 sanguine
2445 5461 2728 5524 peceatum
2784 5453 3037 5525 purgavit
3087 5472 3102 5509 :
3145 5456 3448 5527 sanguine,

2643 5633 2688 5664 ⁸⁹
2709 5630 2870 5687 Num.
2913 5647 3044 5700 xxv,
3084 5631 3138 5689 7.
