3838 6224
471 181 577 237 427

1716 191 1774 246 S.
1806 190 2141 248 GREGORH
2178 192 2476 252 NYSSENI

3624 203 3713 259 (18

468 301 697 361 conficta
734 308 1057 369 statua,non
1098 302 1259 359 finem
1300 305 1354 359 in
1384 310 1630 362 extremo
1660 307 1900 364 fictionis
1930 317 2017 365 terr

2142 313 2281 386 ὀργὴ
2333 313 2650 389 ὑπῃνίξατο.
2718 317 2841 371 Ἐπὶ
2888 319 3034 372 πᾶσι
3073 317 3304 383 τούτοις,
3353 315 3603 387 πρόσεισι
3643 317 3715 389 τῷ

467 396 638 461 mino,
669 393 765 448 sed
796 393 1053 449 verticem
1101 395 1385 467 imposuit.
1428 397 1571 465 Quid
1600 400 1745 455 enim
1774 401 1907 456 dicit
1952 401 2041 456 hi-

465 486 637 542 storia
662 484 731 539 de
760 484 918 555 ipso?
944 503 964 537 ι
992 484 1244 543 Mortuus
1271 496 1357 543 est
1381 488 1596 561 Moyses
1614 506 1806 547 servus
1826 490 2041 547 Domini

465 591 565 646 per
595 576 823 632 verbum
859 575 994 655 Dei,
1025 593 1129 634 nec
1175 579 1322 636 ullus
1356 582 1510 636 novit
1557 582 1869 653 sepulcrum
1895 584 2038 653 ejus,

465 681 568 722 nec
601 668 747 723 oculi
790 669 912 740 ejus
958 672 1354 745 caligaveruut,
1398 690 1500 730 nec
1550 674 1720 732 facies
1761 676 1882 746 ejus
1921 692 2045 734 cor-

465 767 628 830 rupta
669 769 753 817 est
804 762 874 816 ".
913 781 934 816 ι

2143 404 2261 476 ὄρει
2303 406 2407 477 τῆς
2438 408 2821 477 ἀναπαύσεως,
2858 412 2960 464 οὐκ
2984 410 3256 464 ἐπιϐαίνει
3292 409 3393 479 τῆς
3420 408 3573 463 κάτω
3597 408 3712 478 γῆς,

2145 496 2282 568 πρὸς
2299 497 2367 569 ἥν
2400 500 2429 551 ὁ
2458 500 2609 554 κάτω
2638 500 2764 564 λαὸς
2799 500 2859 567 ἐξ
2899 500 3234 570 ἐπαγγελίας
3267 499 3448 571 ἐώρα·
3480 498 3543 551 οὐ
3570 497 3716 566 γεύε-

2143 605 2234 642 ται
2263 587 2461 662 γηῒνης
2483 590 2693 663 τροφῆς
2722 592 2821 655 ἔτι,
2852 595 2881 646 ὁ
2908 596 2978 665 τῇ
3007 592 3212 648 ἄνωθεν
3246 590 3579 663 ἐπιρρεούοῃ
3629 607 3715 660 με-

2143 677 2398 749 λετήσας,
2427 679 2541 733 ἀλλ’
2579 681 2691 735 ἄνω
2727 679 3017 758 γενόμενος
3059 681 3178 735 κατ’
3216 682 3384 750 αὐτὴν
3420 678 3518 733 τοῦ
3562 678 3715 747 ὅρους

2143 769 2245 840 τὴν
2290 768 2617 842 ἀκρώρειαν,
2648 768 2836 844 ὥσπερ
2893 790 2977 838 τις
3007 771 3444 845 ἀνδριαντοποιὸς
3491 769 3714 839 ἐπιστή-

468 870 608 921 μων,
632 853 752 907 ὅλον
802 854 998 909 ἑαυτοῦ
1049 856 1140 910 τδν
1186 855 1475 928 ἀνδριάντα
1520 856 1615 912 τοῦ
1678 858 1795 929 βίου
1840 859 2301 931 ἐξεργασάμενος,
2327 861 2571 934 ἀκριϐῶς
2627 864 2722 917 ἐπὶ
2766 862 2847 934 τῷ
2883 864 3037 938 ἄκρῳ
3062 865 3162 935 τῆς
3200 860 3565 931 κατασκευῆς,
3614 860 3714 928 οὐχ

461 939 736 1014 τελευτὴν.
771 943 907 997 ἀλλὰ
939 945 1183 1016 κορυφὴν
1231 946 1308 1016 τῷ
1360 945 1505 1018 ἔργῳ
1538 947 1797 1021 ἐπέθηκε.
1840 949 1906 1002 Τί
1956 950 2067 1022 γάρ
2088 965 2223 1018 φησι
2247 951 2377 1022 περὶ
2399 951 2614 1023 αὐτοῦὴ
2640 952 2852 1024 ἱστορία
2869 953 3007 1018 ;ὂτι‹
3030 948 3407 1025 Ἐτελεύτησεν
3431 953 3460 1005 ὁ
3487 948 3711 1019 Μωσῆς.

463 1034 649 1106 ἱκέτης
695 1035 927 1108 Κυρίου,
955 1036 1044 1090 διὰ
1088 1039 1330 1109 ῥήματος
1375 1038 1541 1103 Θεοῦ,
1571 1041 1665 1094 καὶ
1696 1041 1870 1105 οὐδεὶς
1909 1040 2053 1110 ἔγνω
2096 1040 2197 1113 τὴν
2229 1044 2405 1116 ταφὴν
2450 1044 2615 1099 αὑτοῦ
2641 1063 2655 1077 ο
2695 1047 2789 1100 καὶ
2814 1049 2864 1102 οἱ
2901 1046 3169 1118 ὀφθαλμοὶ
3209 1044 3374 1099 αὐτοῦ
3410 1044 3511 1097 οὐκ
3539 1046 3715 1115 ήμαυ-

462 1130 740 1202 ρὼθησαν,
776 1131 870 1184 καὶ
891 1130 952 1182 τὸ
981 1128 1275 1199 πρόσωπον
1303 1131 1471 1185 αὐτοῦ
1494 1133 1595 1186 οὐκ
1623 1133 1860 1208 ἐφθάρη.
1898 1155 1916 1185 ι

536 1224 672 1279 Hinc
699 1224 842 1279 enim
894 1223 1106 1281 discere
1143 1224 1291 1287 licet,
1336 1235 1471 1297 quot
1503 1229 1833 1297 quantisque
1859 1229 2036 1284 virtu-

461 1317 617 1371 tibus
653 1316 758 1370 hoc
786 1330 946 1371 sacro
990 1317 1211 1371 nomine
1248 1316 1447 1385 dignus
1479 1317 1643 1371 homo
1684 1317 1936 1386 elIicitur,
1977 1324 2041 1372 ut

461 1409 554 1464 Dei
604 1425 803 1465 servus
842 1408 1189 1478 appelletur?
1233 1406 1330 1462 Dei
1372 1409 1518 1463 enim
1559 1424 1755 1465 servus
1791 1425 1918 1465 vere
1944 1410 2037 1467 ille

458 1511 568 1564 est,
603 1502 697 1572 qui
732 1509 927 1556 caetera
950 1501 1132 1554 omnia
1178 1500 1476 1570 superavit.
1515 1498 1652 1554 Nam
1680 1500 1791 1556 Deo
1829 1503 2036 1558 servire

456 1595 730 1665 quispiam
765 1610 872 1648 non
897 1600 1092 1663 potest,
1118 1592 1222 1648 nisi
1257 1593 1443 1647 omnia
1464 1608 1585 1663 qua:
1616 1594 1669 1647 in
1696 1596 1800 1650 hoc
1823 1596 2030 1650 mundo
2062 1580 2104 1640 Β

456 1695 609 1751 sunt,
646 1692 869 1755 propter
894 1682 1064 1737 Deum
1105 1684 1388 1752 spreverit.
1436 1680 1549 1737 Hoc
1571 1691 1752 1739 autem
1784 1685 1886 1755 ipsi
1919 1685 2031 1740 vir-

456 1783 631 1828 tuosa:
660 1787 879 1843 quoque
901 1772 1026 1826 vitae
1065 1772 1229 1840 hujus
1250 1771 1433 1826 saeculi
1464 1772 1626 1827 finem
1658 1772 1835 1840 allcrt,
1859 1775 2028 1830 verbo

457 1865 552 1920 Dei
581 1870 1045 1922 consummatum,
1069 1859 1230 1915 ﬁnem
1257 1860 1383 1914 dico
1415 1860 1619 1924 vivum,
1651 1860 1739 1915 eui
1774 1876 1883 1916 non
1909 1877 2029 1917 suc-

454 1957 612 2010 cedat
631 1954 936 2024 sepultura,
968 1952 1058 2006 cui
1087 1966 1195 2006 non
1230 1950 1464 2005 addatur
1488 1953 1748 2014 tumulus,
1780 1952 1874 2022 qui
1905 1954 2028 2007 nul-

454 2050 560 2102 lam
598 2046 784 2100 oculis
821 2044 1130 2113 caliginem,
1164 2042 1369 2096 nullam
1416 2040 1574 2097 faciei
1617 2044 2023 2113 corruptionem

454 2137 699 2192 inducat.
754 2134 896 2200 Quid
936 2133 1102 2203 igitur
1144 2133 1374 2186 historia
1418 2148 1525 2187 nos
1565 2132 1692 2187 hinc
1730 2133 2029 2189 admonet?

453 2230 523 2283 ad
577 2241 746 2282 unum
781 2240 904 2280 esse
950 2224 1109 2277 linem
1146 2221 1306 2275 nobis
1348 2221 1403 2273 in
1446 2226 1547 2276 hac
1575 2224 1686 2275 vita
1722 2224 2023 2291 respicien-

452 2321 604 2384 dum,
648 2326 706 2372 ut
748 2317 890 2372 servi
942 2315 1033 2369 Dei
1083 2330 1280 2369 nomen
1326 2329 1713 2385 assequamur.
1740 2316 1873 2368 Nam
1896 2330 2022 2369 cum

451 2426 643 2468 omnes
672 2409 921 2465 inimicos
950 2405 1239 2467 deviceris,
1269 2403 1609 2476 Egyptium,
1638 2404 2020 2470 Amalecitam,

450 2503 768 2561 ldumaeum.
791 2497 1173 2562 Madianitam;
1214 2510 1338 2549 cum
1361 2510 1534 2564 aquas
1569 2497 1871 2562 transieris,
1894 2513 2020 2551 cum

448 2595 594 2648 nube
618 2589 958 2645 illuminatus
998 2587 1189 2650 fueris,
1226 2603 1349 2641 cum
1391 2588 1672 2642 caelestem
1703 2604 1895 2658 panem
1925 2602 2021 2643 co-

448 2683 708 2744 mederis,
753 2694 877 2734 cum
910 2677 1179 2732 munditie
1219 2686 1383 2747 atque
1420 2679 1744 2735 castimonia
1792 2678 1895 2732 iter
1922 2678 2020 2733 tibi

446 2777 517 2831 ad
546 2781 785 2829 montem
805 2770 1139 2833 confeceris,
1162 2786 1288 2824 cum
1330 2770 1589 2825 tubarum
1620 2771 1804 2825 sonitu
1835 2770 2019 2825 divina

2209 1226 2584 1297 Διδασκόμεθα
2625 1227 2735 1300 γάρ
2778 1227 2868 1283 διὰ
2909 1226 3151 1291 τούτων,
3178 1227 3261 1280 ὃτι
3305 1222 3395 1278 διὰ
3441 1220 3719 1277 τοσούτων

2140 1321 2575 1391 κατορθωμάτων
2597 1321 2905 1391 γενόμενος,
2945 1319 3067 1373 τότε
3095 1315 3338 1383 ἀξιοῦται
3376 1314 3472 1368 τοῦ
3503 1312 3712 1386 ὑψηλοῦ

2134 1411 2325 1466 τούτου
2357 1412 2641 1483 ὀνόματος,
2680 1411 2821 1464 ὥστε
2841 1410 3061 1482 οἰκέτης
3098 1407 3359 1479 κληθῆναι
3379 1406 3516 1460 Θεοῦ
3538 1422 3552 1437 ο
3575 1406 3718 1477 ὅπερ

2136 1503 2283 1556 ἐστὶν
2318 1498 2436 1556 ἴσον
2462 1504 2669 1570 εἰπεῖν,
2701 1504 2783 1556 ὅτι
2815 1501 3014 1564 παντὸς
3058 1498 3322 1571 κρείττων
3354 1496 3595 1567 ἐγένετο.
3637 1496 3711 1550 Οὐ

2133 1594 2244 1665 γὰρ
2284 1595 2349 1649 ἄν
2378 1612 2461 1659 τις
2511 1593 2630 1665 Θεῷ
2686 1592 3014 1656 δουλεύσειε,
3039 1591 3114 1662 μὴ
3161 1589 3270 1644 τῶν
3301 1590 3359 1642 ἐν
3388 1588 3466 1660 τῷ
3520 1588 3718 1658 κόσμῳ

2137 1686 2356 1740 πάντων
2383 1686 2648 1756 κρείττων
2679 1685 2987 1755 γενόμενος.
3021 1682 3191 1737 Τοῦτο
3216 1683 3274 1736 δὲ
3311 1680 3458 1751 αὐτῷ
3497 1681 3597 1734 καὶ
3630 1679 3715 1732 τέ-

2134 1776 2223 1840 λος
2242 1778 2359 1832 ἐστὶ
2372 1776 2466 1830 τοῦ
2493 1774 2826 1848 κατ’άρετὴν
2861 1774 2995 1845 βίου,
3015 1773 3102 1828 διὰ
3135 1774 3374 1844 ῥήματος
3406 1769 3543 1825 Θεοῦ
3578 1783 3715 1823 κατ-

2132 1869 2477 1941 ορθούμενον.
2523 1869 2590 1921 Ὅ
2639 1867 2703 1939 δὴ
2752 1867 3006 1936 τελευτὴν
3042 1867 3076 1937 ἡ
3130 1864 3339 1936 ἱστορία
3385 1862 3535 1930 λέγει
3557 1899 3574 1927 ,
3627 1879 3715 1915 τε·

2131 1954 2324 2027 λευτὴν
2372 1955 2572 2020 ζῶσαν,
2605 1956 2672 2026 ήν
2703 1955 2764 2009 οὐ
2797 1953 3099 2023 διαδέχεται
3136 1951 3326 2021 τάφος,
3438 1951 3543 2003 οὐκ
3586 1950 3712 2003 ἐπι-

2131 2045 2397 2117 χὼννυται
2426 2044 2651 2116 τύμϐος,
2685 2047 2719 2116 ή
2750 2047 2860 2108 τοῖς
2898 2043 3194 2113 ὀφθαλμοῖς
3231 2042 3592 2113 ὰμαυρότητα
3618 2042 3708 2095 καὶ

2130 2138 2207 2208 τῷ
2233 2136 2509 2209 προσώπῳ
2541 2135 2839 2207 διαφθορὰν
2866 2136 2970 2188 οὐκ
3018 2134 3318 2201 ἐπάγουσα.
3353 2133 3420 2185 Τί
3445 2127 3541 2186 οὖν
3586 2149 3710 2184 παι-

2129 2230 2395 2301 δευόμεθα
2424 2230 2512 2284 διὰ
2538 2229 2646 2282 τῶν
2685 2228 3024 2300 είρημένων;
3055 2226 3198 2298 Πρδς
3230 2224 3288 2279 ἓν
3316 2224 3471 2288 τέλος
3502 2223 3591 2277 διὰ
3616 2219 3709 2277 τοῦ

2130 2323 2245 2394 βίου
2276 2322 2513 2392 βλέπειν,
2548 2321 2641 2373 τὸν
2685 2319 2780 2372 τοῦ
2822 2319 2959 2371 Θεοῦ
3009 2317 3225 2386 οἰκέτην
3255 2314 3343 2369 διὰ
3372 2315 3483 2370 τῶν
3510 2313 3703 2385 βεϐιω⁴

2131 2414 2307 2483 μένων
2351 2411 2638 2483 κληθῆναι.
2677 2409 2845 2462 Ὅταν
2893 2407 3003 2478 γὰρ
3050 2407 3259 2469 πάντας
3305 2406 3434 2465 τοὺς
3479 2402 3710 2474 ἐχθροὺς

2128 2503 2617 2576 καταγωνίσῃ,τδν
2676 2501 2996 2571 Αίγύπτιον,
3033 2498 3126 2552 τὸν
3178 2495 3589 2568 Ἀμαληκίτην,
3616 2494 3711 2547 τὸν

2140 2598 2453 2667 Ἰδουμαῖον,
2488 2594 2581 2648 τὸν
2613 2593 2949 2662 Μαδιανίτην
2970 2630 2984 2655 ν
3017 2591 3109 2644 καὶ
3158 2590 3403 2662 περάσῃς
3439 2588 3506 2642 τὸ
3543 2586 3702 2661 ὕδωρ⁹

2126 2688 2221 2741 καὶ
2249 2686 2522 2757 gemmea;
2548 2688 2614 2757 τῇ
2652 2684 2869 2756 νεφέλη,
2907 2682 3001 2736 καὶ
3027 2681 3333 2751 γλυκανθῇς
3360 2680 3451 2735 διά
3490 2678 3586 2733 τοῦ
3618 2679 3703 2746 ξύ.

2126 2778 2246 2842 λου,
2274 2779 2368 2832 καὶ
2427 2777 2558 2850 πίῃς
2597 2776 2697 2846 τῆς
2744 2775 2971 2846 πέτρας,
3001 2774 3095 2827 καὶ
3145 2774 3244 2843 τῆς
3276 2771 3487 2826 ἄνωθεν
3536 2769 3705 2841 γεύσῃ

444 2869 505 2923 in
529 2875 712 2921 monte
731 2870 1077 2921 sacramenta
1107 2862 1399 2925 didiceris,
1416 2877 1540 2917 cum
1566 2864 1620 2916 in
1645 2863 1875 2933 caligine
1906 2861 2017 2917 Deo

2127 2869 2370 2940 τροφῆς,
2397 2869 2493 2923 κοιλ⁸
2535 2867 2622 2921 διὰ
2669 2867 2767 2937 τῆς
2812 2865 3178 2938 καθαρότητός
3226 2881 3283 2916 τε
3330 2864 3425 2916 καὶ
3485 2863 3701 2930 ἁγνείας

444 2962 551 3033 ipsi
579 2955 1127 3029 appropinquaveris,
1163 2968 1227 3008 ac
1258 2954 1328 3009 ab
1349 2969 1415 3009 eo
1441 2954 1778 3009 tabernaculi
1812 2961 2019 3025 myste-

444 3053 551 3113 ria,
596 3057 653 3104 et
686 3046 979 3107 sacerdotii
1013 3045 1336 3116 dignitatem
1381 3045 1711 3115 perceperis,
1746 3060 1873 3100 cum
1937 3046 2018 3099 tui

372 3130 385 3141 ’
445 3138 631 3195 cordis
670 3135 839 3190 fueris
886 3132 1142 3204 lapicida,
1188 3140 1249 3186 ut
1295 3131 1349 3185 in
1402 3132 1525 3201 ipso
1567 3131 1755 3186 divina
1799 3133 2018 3203 eloquia

442 3236 739 3286 exarentur
772 3241 802 3279 a
836 3224 970 3287 Deo,
1003 3239 1128 3277 cum
1155 3238 1380 3276 aureum
1414 3222 1616 3276 idolum
1650 3221 1935 3290 deleveris,
1964 3225 2019 3280 id

443 3334 553 3387 est,
598 3335 818 3376 avaram
867 3315 1221 3386 cupiditatem
1276 3330 1307 3369 e
1366 3314 1476 3368 vita
1525 3317 1836 3380 sustuleris,
1890 3332 2014 3372 cum

442 3416 721 3473 cxaltatus
748 3411 885 3466 adeo
927 3408 1120 3469 fueris,
1168 3417 1227 3461 ut
1265 3405 1593 3462 Balaamicis
1639 3410 1856 3463 artibus
1894 3410 2014 3478 capi

444 3520 687 3577 nequeas
716 3502 826 3575 (his
850 3510 1036 3555 autem
1087 3500 1315 3570 magicis
1364 3499 1575 3555 artibus
1625 3502 1805 3556 varias
1850 3502 2016 3571 hujus

440 3603 568 3656 vita:
614 3597 860 3652 fallacias
909 3593 1287 3664 intelligimus,
1339 3591 1544 3664 quibus
1582 3594 1839 3648 homines
1886 3603 2013 3648 tan-

442 3706 611 3763 quam
679 3686 874 3744 Οἰτακί
935 3684 1221 3754 cujusdam
1269 3686 1448 3753 poculi
1494 3686 1755 3740 veneﬁcio
1812 3685 2011 3751 affecti,

441 3783 664 3854 propria
708 3786 873 3835 emrtua
919 3786 1139 3840 natura,
1189 3775 1246 3829 in
1299 3776 1506 3832 bestias
1559 3782 2010 3848 commutantur),

441 3891 567 3929 cum
599 3872 696 3927 tibi
733 3868 1123 3941 germinaverit
1154 3869 1450 3930 sacerdotii
1481 3868 1653 3938 virga,
1691 3884 1802 3924 non
1834 3871 2013 3924 humi-

441 3969 611 4023 ditate
644 3975 885 4028 terrena,
919 3963 1014 4020 sed
1046 3977 1076 4015 a
1107 3962 1291 4032 seipsa
1323 3978 1517 4017 nucem
1549 3949 1891 4032 producens,
1912 3980 2014 4018 cu-

437 4060 530 4130 jus
552 4057 790 4113 cortices
824 4055 997 4110 amari
1026 4062 1082 4107 et
1108 4053 1335 4118 austeri,
1367 4055 1598 4111 nucleus
1631 4057 1695 4109 ad
1722 4056 2013 4111 comeden-

439 4152 572 4207 dum
606 4147 792 4205 suavis
823 4153 878 4202 et
908 4144 1060 4199 utilis
1105 4145 1199 4210 sit,
1244 4160 1367 4199 cum
1398 4160 1590 4201 omnes
1622 4146 1717 4216 qui
1747 4147 2012 4205 adversus

2121 2958 2448 3029 ὀδοποιήσης
2492 2954 2703 3027 σεαυτῷ
2753 2955 2850 3025 τὴν
2883 2954 2976 3007 ἐπὶ
3025 2954 3085 3007 τὸ
3135 2953 3259 3024 ὅρος
3305 2951 3704 3014 ἆνοδον,·κὰκεῖ

2120 3048 2411 3117 γενόμενος
2463 3045 2779 3117 κατηχηθῇς
2833 3044 2894 3097 τὸ
2940 3044 3083 3098 θεῖον
3130 3045 3427 3114 μυστήριον
3480 3046 3551 3114 τῇ
3596 3039 3703 3095 τῶν

2121 3139 2438 3208 σαλπίγγων
2480 3140 2621 3210 ἠχῇ·
2650 3138 2746 3190 καὶ
2777 3137 2835 3189 ἐν
2878 3134 2957 3206 τῷ
3004 3133 3364 3205 δυσθεωρήτῳ
3399 3134 3585 3203 γνόφῳ
3614 3133 3705 3186 διὰ

2121 3233 2222 3302 τῆς
2270 3231 2510 3293 πίστεως
2548 3228 2626 3300 τῷ
2652 3226 2769 3298 Θεῷ
2814 3226 3207 3298 προσεγγίσῃςς
3239 3226 3401 3278 κάκεῖ
3446 3224 3703 3295 διδακθῇς

2116 3324 2186 3377 τὰ
2233 3324 2331 3393 τῆς
2384 3320 2588 3392 σκηνῆς
2640 3320 2953 3389 μυστήρια,
2986 3317 3082 3371 καὶ
3130 3315 3192 3369 τὸ
3241 3316 3340 3386 τῆς
3397 3316 3704 3387 ἱερωσύνης

2116 3415 2367 3485 ἀξίωμαν
2393 3414 2521 3466 ὅταν
2550 3412 2684 3482 γένῃ
2716 3411 2825 3464 τῶν
2865 3410 2974 3463 σῶν
2999 3408 3236 3481 καρδιῶν
3274 3408 3538 3479 λατόμος,
3561 3408 3702 3462 ὥστε

2115 3508 2172 3559 ἐν
2214 3505 2438 3568 ταύταις
2486 3503 2555 3557 τὰ
2595 3502 2714 3556 θεῖα
2768 3502 2926 3570 λόγια
2971 3499 3371 3571 ἐγκεχαράχθαι
3405 3498 3566 3571 παρὰ
3606 3497 3707 3551 τοῦ

2114 3598 2250 3652 Θεοῦ
2272 3613 2287 3628 ’
2322 3598 2449 3651 ὅταν
2481 3595 2541 3649 τὸ
2568 3594 2663 3649 τοῦ
2705 3592 2911 3666 χρυσοῦ
2942 3592 3157 3646 εἴδωλον
3180 3588 3704 3662 ἐξαφανίσῃς,τοῦτ“

2115 3692 2230 3743 ἐστι
2256 3730 2270 3752 ,
2304 3688 2419 3759 τὴν
2472 3685 2857 3756 πλεονεκτικὴν
2908 3683 3202 3752 ἐπιθυμίαν
3253 3681 3550 3752 ἐξαλείψῃς
3607 3681 3701 3735 τοῦ

2117 3782 2234 3852 βίου
2256 3800 2268 3813 ’
2290 3782 2417 3834 ὅταν
2468 3777 2719 3833 τοσοῦτον
2763 3775 3003 3847 ὑψωθῇς,
3043 3773 3185 3827 ὥστε
3220 3774 3432 3844 ἄμαχος
3457 3773 3709 3843 φανῆναι

2116 3879 2184 3946 τῇ
2211 3874 2433 3945 γοητείᾳ
2457 3871 2553 3926 τοῦ
2596 3869 2825 3940 Βαλαάμ
2846 3886 2862 3899 θ
2887 3866 3142 3937 γοητείαν
3164 3866 3222 3919 δὲ
3263 3865 3527 3929 ἀκούσας,
3572 3866 3671 3936 νάη
3686 3895 3705 3905 -

2116 3967 2206 4020 σόν
2247 3983 2337 4037 μοι
2371 3964 2470 4035 τὴν
2517 3960 2769 4030 ποικίλην
2790 3958 2891 4028 τῆς
2923 3957 3073 4028 ζωῆς
3116 3956 3320 4027 ταύτης
3355 3956 3604 4024 ἀπάτην,
3631 3955 3705 4008 δι’

2112 4054 2178 4131 ἦς
2238 4058 2285 4110 oi
2339 4054 2653 4125 ἂνθρωποι,
2698 4050 2951 4121 καθάπερ
2999 4048 3106 4102 τινὶ
3155 4047 3407 4119 Κιρκαίῳ
3453 4046 3704 4120 κρατῆρι

2116 4147 2615 4220 φαρμακευόμενοι,
2659 4144 2757 4214 τῆς
2811 4140 2948 4206 ἰδίας
3006 4138 3297 4202 ἐκστάντες
3350 4136 3593 4207 φύσεως,
3619 4140 3711 4201 εἰς

439 4252 594 4297 tuam
617 4239 821 4294 audent
843 4236 1161 4306 dignitatem
1198 4237 1507 4306 insurgere,
1532 4247 1625 4293 aut
1647 4249 1794 4295 terra
1813 4242 2015 4298 obrue-

2127 4242 2325 4308 Ξλόγων
2376 4236 2588 4309 μορφὰς
2636 4233 3099 4304 μεταπλάττονται
3122 4246 3137 4262 ο
3170 4230 3299 4284 ὅταν
3342 4227 3430 4282 διὰ
3468 4230 3703 4283 πάντων

436 4335 517 4388 ris
558 4328 860 4407 secundum
901 4326 1135 4391 Dathan,
1175 4335 1269 4381 aut
1301 4328 1425 4398 igne
1472 4333 2012 4400 consumpseris,se-

437 4422 681 4479 cundum
729 4418 868 4473 Core
925 4436 938 4470 :
984 4424 1117 4471 tunc
1161 4416 1379 4471 demum
1435 4419 1664 4475 accedes
1713 4421 1784 4475 ad
1825 4422 2006 4478 finem.

437 4511 628 4567 Finem
665 4516 845 4564 autem
877 4506 1022 4569 dico,
1059 4509 1219 4575 cujus
1263 4509 1439 4578 gratia
1467 4520 1663 4564 caetera
1695 4518 1843 4565 sunt.
1873 4510 2009 4565 Nam

437 4613 498 4659 ut
546 4601 895 4674 agriculturae
931 4599 1056 4654 linis
1097 4607 1200 4662 est,
1244 4598 1463 4670 frugum
1492 4604 1804 4671 perceptio;
1839 4604 2009 4659 aediﬁ-

436 4696 694 4756 catiouis,
735 4692 930 4748 aedium
963 4701 1048 4747 est
1092 4691 1378 4756 habitatio,
1420 4699 1475 4747 et
1515 4695 1904 4763 negotiationis
1927 4697 2012 4750 di—

436 4789 605 4850 vitiis,
649 4782 968 4840 certaminis
1003 4797 1250 4837 corona:
1289 4783 1369 4836 sic
1425 4784 1684 4840 virtuosm
1713 4785 1840 4841 vita:
1883 4788 2008 4842 linis

436 4885 541 4939 cst,
596 4882 657 4928 ut
702 4887 898 4927 servus
937 4869 1028 4924 Dei
1059 4879 1113 4926 et
1142 4870 1243 4933 sis,
1277 4879 1330 4925 et
1361 4874 1656 4929 vociteris:
1687 4891 1848 4945 quam
1883 4880 2009 4947 qui-

437 4967 561 5020 dem
609 4964 676 5019 ad
720 4977 837 5018 rem
889 4970 943 5017 et
986 4961 1121 5017 illud
1167 4965 1399 5028 accedit,
1441 4977 1496 5020 ut
1544 4968 1822 5035 sepultura
1846 4971 2007 5025 obrui

440 5070 681 5126 nequeas
706 5071 720 5108 :
742 5053 889 5125 quod
920 5053 999 5117 fit,
1029 5053 1076 5108 si
1106 5054 1363 5108 vitiorum
1397 5057 1645 5111 omnium
1674 5057 2005 5115 denudatam

436 5130 605 5202 vitam
630 5146 886 5201 colueris.
905 5143 1106 5199 Verum
1127 5146 1291 5214 hujus
1322 5147 1522 5202 divinae
1547 5152 1824 5205 servitutis
1859 5153 2006 5207 aliud

438 5253 657 5309 quoque
705 5238 920 5307 signum
968 5235 1196 5289 historia
1234 5237 1435 5304 tradit;
1485 5255 1585 5293 nec
1625 5244 1770 5295 enim
1815 5244 2006 5298 oculus

438 5328 716 5398 caligabit,
765 5342 867 5382 nec
899 5326 1066 5382 facies
1113 5327 1257 5383 servi
1297 5327 1391 5382 Dei
1437 5342 1837 5401 corrumpetur.
1869 5332 2005 5387 Nam

437 5421 632 5476 oculus
676 5420 768 5489 qui
807 5432 1021 5488 semper
1053 5420 1110 5473 in
1157 5418 1278 5475 luce
1327 5428 1429 5489 est,
1481 5437 1716 5493 quonam
1759 5424 1920 5480 modo
1955 5426 2006 5480 vi

541 5604 586 5634 9‘
617 5602 771 5659 Deut.
808 5617 995 5665 xxnv,
1040 5603 1073 5658 5
1094 5603 1150 5658 7.

2117 4334 2249 4407 γένῃ
2288 4330 2512 4393 τούτων,
2543 4327 2636 4382 καὶ
2675 4325 2951 4398 βλαστήσῃ
2980 4324 3038 4377 ἐν
3075 4320 3159 4375 60l-
3202 4319 3302 4392 τῆς
3334 4319 3641 4393 ἱερωσύνης
3667 4322 3707 4391 ἡ

2119 4424 2331 4497 ῥάϐδος,
2362 4422 2396 4493 ἡ
2442 4419 2709 4492 μηδεμίαν
2742 4416 2864 4470 τινὰ
2895 4414 2997 4486 γῆς
3032 4411 3232 4484 ἰκμάδα
3264 4412 3401 4482 πρὸς
3426 4410 3529 4483 τὴν
3564 4412 3698 4481 βλά-

2122 4532 2254 4587 στην
2284 4511 2617 4584 ἐφελκομένη
2641 4550 2656 4574 ,
2686 4508 2802 4563 ἀλλ’
2837 4506 3042 4561 οἴκοθεν
3072 4504 3166 4559 τοῦ
3214 4502 3428 4574 καρποῦ
3465 4503 3570 4575 τὴν
3606 4501 3702 4557 δύ-

2119 4624 2282 4677 ναμιν
2314 4604 2531 4675 ἔχουσα,
2550 4603 2645 4655 καὶ
2674 4598 2888 4671 καρποῦ
2915 4597 3169 4669 καρυῖνου
3188 4612 3203 4627 ’
3222 4589 3284 4649 οῦ
3308 4597 3343 4667 ή
3373 4596 3472 4665 μὲν
3499 4597 3705 4667 πρώτη

2118 4698 2375 4763 ἔντευξις,
2407 4695 2580 4767 πικρά
2606 4710 2667 4746 τε
2717 4693 2812 4747 καὶ
2840 4688 3257 4760 κατεστυμμένη
3276 4705 3292 4720 ο
3319 4687 3390 4766 τὸΔ
3410 4687 3467 4741 δὲ
3511 4688 3700 4755 ἐγκεί-

2121 4808 2281 4862 μενον
2330 4788 2536 4850 τούτοις
2556 4826 2572 4851 ,
2600 4785 2700 4855 ἡδὺ
2732 4784 2828 4837 καὶ
2867 4780 3155 4852 ἐδώδιμον·
3184 4781 3312 4834 ὅταν
3349 4782 3461 4833 πᾶν
3497 4780 3563 4833 τὺ
3599 4780 3701 4832 ἐπο

2119 4883 2478 4952 ανιστάμενον
2529 4878 2672 4933 κατὰ
2712 4875 2807 4929 τοῦ
2846 4874 2941 4928 σοῦ
2980 4872 3305 4945 ἀξιώματος,
3336 4873 3418 4934 είς
3458 4872 3709 4941 ἀφανισ-

2122 4971 2219 5042 μὺν
2249 4972 2506 5042 χωρήσῃ,
2540 4966 2680 5020 κατὰ
2722 4965 2813 5018 τδν
2849 4963 3029 5021 Δαθὰν
3075 4962 3327 5032 ὑπόγειον
3361 4962 3706 5032 γενόμενονο

2112 5060 2146 5132 ἢ
2175 5059 2544 5130 ἐκδαπανηθέν
2575 5057 2653 5128 τῷ
2678 5058 2832 5129 πυρὶ,
2860 5054 3001 5110 κατά
3030 5053 3120 5107 τὸν
3150 5054 3317 5125 Κορέ·
3350 5053 3475 5107 τότε
3514 5071 3707 5125 προσ-

2109 5151 2335 5224 εγγίσῃς
2371 5150 2450 5220 τῷ
2494 5149 2655 5203 τέλει.
2688 5147 2852 5210 Τέλος
2896 5147 2954 5198 δὲ
2992 5144 3155 5213 λέγω,
3192 5138 3254 5198 οὗ
3305 5145 3468 5198 ἕνεκα
3512 5146 3709 5199 πάντα.

2111 5245 2320 5314 γίνεται
2360 5261 2374 5274 ·
2404 5238 2534 5305 οἷον,
2570 5241 2719 5302 τέλος
2765 5238 2865 5307 τῆς
2895 5236 3224 5306 γεωργικῆς,
3259 5237 3293 5305 ἠ
3344 5236 3662 5299 ἀπόλαυσις
3688 5255 3704 5266 ·

2113 5336 2264 5400 τέλος
2301 5335 2399 5405 τῆς
2430 5331 2775 5401 κατασκευῆς
2816 5328 2909 5381 τοῦ
2958 5330 3129 5391 οἴκου,
3164 5329 3198 5398 ἡ
3248 5329 3464 5396 οἴκησις
3492 5344 3506 5356 ·
3538 5328 3705 5391 τέλος

2113 5427 2212 5498 τῆς
2255 5424 2549 5499 ἐμπορίας,
2580 5426 2609 5476 ὁ
2644 5420 2908 5486 πλοῦτος·
2943 5419 3044 5473 καὶ
3090 5416 3194 5473 τῶν
3232 5420 3293 5473 ἐν
3344 5422 3459 5483 τοῖς
3509 5419 3704 5486 ἀγῶσι
