3838 6224
168 207 280 298 αι’
1453 226 1543 284 DE
1583 227 1713 285 vm

1819 227 2054 287 [ογειε.

3287 229 3398 291 450

169 360 342 416 πόνων,
369 354 397 404 ὁ
429 351 700 420 στέφανος.
752 347 910 402 Οὕτω
942 348 1036 402 καὶ
1063 347 1158 416 τῆς
1198 345 1408 416 ὑψηλῆς
1440 345 1713 408 πολιτείας

1821 345 2168 400 tenebrarum
2210 343 2486 415 caligabit,
2525 359 2756 415 quarum
2789 346 3015 402 omnino
3051 361 3246 417 expers
3279 347 3402 403 est?

166 445 312 508 τέλος.
359 445 416 496 τὸ
456 442 714 514 κληθῆναι
745 441 962 510 οἰκέτην
999 438 1134 492 Θεοῦ
1173 457 1186 470 ·
1223 431 1268 505 ᾧ
1302 437 1710 509 συνθεωρεῖται,

170 541 220 593 τὸ
263 540 330 610 μὴ
368 535 738 606 ὑποχωσθῆναι
774 533 852 602 τῷ
889 533 1082 602 τύμϐῳ
1123 547 1138 564 ·
1173 531 1330 584 τοῦτο
1358 531 1414 583 δέ
1471 533 1586 583 ἐστι
1609 574 1623 592 ,
1655 531 1715 583 τὸ

169 631 354 703 γυμνήν
406 645 460 681 τε
500 628 590 681 καὶ
637 627 928 697 ἀπέριττον
973 624 1084 678 τῶν
1139 623 1392 695 πονηρῶν
1447 622 1714 692 ἐφολκίων

167 722 248 791 τὴν
275 719 406 790 ζωὴν
451 716 716 786 γενέσθαι.
748 716 858 784 Τῆς
887 715 944 768 δὲ
976 713 1220 779 δουλείας
1241 713 1444 784 ταύτης
1476 715 1571 766 καὶ
1599 713 1716 766 ἓτε-

1818 447 1869 490 et
1907 435 2000 505 qui
2047 436 2214 489 vitam
2273 437 2538 506 integram
2575 451 2792 508 semper
2845 447 3066 494 secutus
3109 447 3214 502 est,
3259 455 3402 510 quo-

1823 527 1985 580 modo
2036 529 2458 596 corrumpetur?
2503 527 2636 581 Nam
2688 546 2810 584 cum
2849 531 2914 584 ad
2967 531 3256 601 imaginem
3303 529 3400 586 Dei

1817 633 1944 674 vere
1979 617 2160 674 factus
2189 621 2281 682 sit,
2311 633 2412 674 nec
2439 636 2677 689 unquam
2713 637 2740 674 a
2761 623 2942 676 divina
2975 623 3147 676 forma
3169 623 3400 692 degene-

1820 711 2045 776 raverit,
2083 712 2137 765 in
2173 713 2354 782 seipso
2394 721 2572 783 gestat
2598 713 2820 778 indicia,
2854 721 3018 786 atque
3056 715 3110 769 in
3143 715 3402 770 omnibus

166 829 244 884 ρον
279 810 549 881 γνώρισμά
595 825 760 878 φησιν
809 810 838 860 ὁ
875 807 1068 874 λόγος,
1117 806 1180 858 τὸ
1234 809 1371 878 μήτε
1429 803 1710 876 ὀφθαλμὸν

1820 801 2179 882 similitudine
2211 817 2332 858 cum
2379 805 2676 875 exemplari
2725 807 2999 868 convenit,
3049 807 3403 876 animumque

162 900 538 972 ἀμαυρωθῆναι,
581 900 719 969 μήτε
763 899 1054 968 πρόσωπον
1089 897 1474 968 διαφθαρῆναι.
1513 896 1570 949 ὐ
1600 897 1711 967 γὰρ

1820 909 1980 950 suum
2027 896 2568 967 incorruptibilitate,
2619 898 3082 964 immutabilitate,
3128 908 3292 970 atque
3333 900 3404 954 ab

163 997 212 1048 ὲν
241 993 365 1062 φωτὶ
390 991 472 1044 διὰ
517 989 718 1052 παντὸς
755 989 830 1042 ὣν
861 987 1169 1058 ὀφθαλμὸς,
1207 989 1323 1052 πῶς
1358 987 1424 1042 ἂν
1452 989 1713 1058 ἀμαυρω-

1820 987 2077 1041 omnibus
2111 987 2257 1042 vitiis
2309 989 2658 1043 itnmunitate
2693 991 3043 1045 condecorat.

163 1081 354 1154 θήσεται
377 1083 460 1136 διὰ
489 1081 583 1134 τοῦ
629 1081 873 1146 σκρτους,
915 1077 976 1135 οὗ
1006 1081 1396 1152 ὴλλοτρίωται;
1447 1081 1594 1134 καὶὸ
1625 1079 1725 1149 τὴν
1771 1078 2082 1152 ἀφθαρσίαν
2126 1083 2182 1134 ἐν
2217 1081 2370 1155 πάσῃ
2423 1085 2488 1154 τῇ
2553 1081 2664 1152 ζωῇ
2731 1082 3102 1152 κατορθώσας,
3144 1081 3404 1148 οὐδεμίαν

166 1178 356 1239 πάντως
396 1176 597 1245 φθορὰν
643 1176 728 1244 ἐφ’
791 1175 984 1228 ἑαυτοῦ
1039 1175 1426 1247 παραδέχεται.
1482 1175 1540 1228 '0
1609 1174 1719 1246 γὰρ
1777 1174 1992 1245 άληθῶς
2045 1176 2166 1228 κατ’
2217 1176 2402 1229 εἰκόνα
2455 1175 2590 1228 Θεοῦ
2648 1176 2920 1244 γεγονὼς,
2983 1177 3078 1229 καὶ
3148 1174 3402 1247 μηδαμοῦ

161 1270 507 1340 παρατραπεὶς
551 1267 646 1322 τοῦ
680 1267 824 1321 θείου
873 1267 1260 1338 χαρακτῆροςο
1317 1268 1403 1337 ἐφ’
1455 1266 1652 1321 ἑαυτοῦ
1703 1265 1774 1318 τὰ
1820 1267 2176 1336 γνωρίσματα
2238 1267 2432 1338 φέρει,
2468 1268 2561 1320 καὶ
2611 1267 2897 1336 συμϐαίνει
2935 1269 3023 1322 διὰ
3074 1269 3290 1322 πάντων
3333 1269 3404 1339 τῇ

160 1363 384 1434 ὁμοιώσει
429 1363 562 1434 πρὸς
617 1364 678 1416 τὸ
723 1363 1051 1434 ἀρχέτυπον,
1092 1361 1171 1432 τῷ
1203 1361 1465 1434 ἀφθάρτῳ
1506 1379 1566 1416 τε
1607 1361 1700 1416 καὶ
1728 1357 2090 1433 ἀναλλοιὼτῳ,
2166 1363 2260 1416 καὶ
2329 1362 2510 1434 πάσης
2562 1363 2754 1433 ἀμιγεῖ
2795 1363 2992 1427 κακίας
3017 1362 3113 1434 τὴν
3154 1361 3288 1416 ἰδίαν
3309 1361 3405 1430 ψυ-

161 1458 244 1528 χὴν
269 1455 628 1518 καλλωπίζων.

222 1551 390 1604 Ταῦτά
417 1568 518 1616 σοι,
543 1545 592 1603 ὦ
645 1549 900 1622 ἄνθρωπε
945 1547 1104 1616 Θεοῦ,
1147 1549 1278 1622 περὶ
1325 1552 1424 1622 τῆς
1465 1551 1558 1604 τοῦ
1605 1547 1713 1620 βίου

1897 1543 2020 1599 Haec
2065 1545 2232 1600 habes
2261 1544 2330 1598 de
2355 1544 2482 1599 vitae
2515 1541 2851 1614 perfectione
2881 1558 3004 1596 cum
3039 1541 3256 1599 virtutis
3284 1545 3407 1598 lau-

157 1643 236 1694 τοῦ
287 1641 400 1695 κατ’
445 1641 648 1714 ἀρετὴν
681 1639 1040 1712 τελειότητος,
1082 1639 1389 1715 Καισάριε,
1424 1645 1452 1697 ὁ
1507 1643 1712 1714 βραχὺς

163 1731 296 1803 ἡμῶν
321 1727 464 1794 οὗτος
485 1731 800 1785 ὑποτίθεται
833 1732 1011 1800 λόγος,
1047 1728 1164 1787 οἷόν
1192 1751 1246 1788 τι
1273 1733 1630 1804 πρωτότυπον
1655 1735 1713 1784 ὲν

163 1827 320 1895 μορφῇ
369 1824 611 1886 κάλλους,
649 1825 740 1877 τὸν
771 1824 866 1878 τοῦ
913 1827 1150 1896 μεγάλου
1185 1826 1430 1888 Μωσέως
1476 1823 1715 1894 ὑπογρά-

159 1917 314 1984 ψαντα
343 1916 483 1985 βίον-
516 1917 600 1983 ἐφ’
713 1919 838 1981 τοὺς
875 1919 995 1970 καθ’
1035 1917 1267 1970 ἕκαστον
1297 1917 1452 1988 ἡμῶν
1493 1915 1582 1969 διὰ
1615 1916 1716 1984 τῆς

155 2007 248 2060 τῶν
276 2007 714 2077 ἐπιτηδευμάτων
761 2009 1048 2076 μιμήσεως
1082 2011 1139 2060 ὲν
1189 2009 1400 2068 ἑαυτοῖς
1440 2005 1714 2076 μεταγρά-

160 2115 262 2166 φειν
285 2098 372 2150 τοῦ
401 2099 806 2168 προδειχθέντος
832 2101 966 2168 ἡμῖν
990 2098 1218 2160 κάλλους
1243 2099 1334 2150 τὸν
1361 2097 1708 2168 χαρακτῆρα.

155 2189 246 2244 Τοῦ
275 2191 376 2258 γὰρ
414 2191 838 2260 κατωρθωκέναι
875 2191 967 2243 τὸν
999 2191 1202 2244 Μωσέα
1230 2189 1330 2260 τὴν
1359 2191 1714 2258 ἐνδεχομένην

154 2284 479 2354 τελειότητα,
535 2283 622 2344 τίς
677 2283 739 2334 ἂν
793 2285 926 2352 ἡμῖν
975 2283 1412 2352 ἀξιοπιστότερος
1463 2281 1714 2353 εὑρεθείη
1771 2347 1778 2352 1

157 2375 346 2444 μάρτυς
393 2375 493 2444 τῆς
548 2373 700 2436 θείας
738 2375 940 2443 φωνῆς,
983 2375 1016 2443 ἤ
1049 2391 1181 2444 φησι
1234 2374 1369 2444 πρὸς
1407 2372 1602 2426 αὐτόν’
1634 2375 1715 2426 ὅτι

162 2457 452 2524 «Ἐγνωνσὲ
477 2463 628 2534 παρὰ
671 2463 1088 2528 πάντας-μάλλὰ
1117 2463 1212 2515 καὶ
1243 2464 1302 2515 τὸ
1355 2462 1506 2530 φίλον
1553 2463 1716 2514 αὑτὸν

154 2553 490 2624 ὀνομασθῆναι
525 2553 662 2606 Θεοῦ
701 2556 828 2622 παρ’
856 2552 1019 2606 αὐτοῦ
1053 2553 1146 2605 τοῦ
1173 2552 1310 2605 Θεοῦ
1331 2571 1343 2582 ·
1381 2553 1473 2604 καὶ
1501 2551 1563 2604 τὸ
1591 2569 1716 2604 συν-

156 2645 426 2700 απολέσθαι
455 2646 656 2715 μᾶλλον
689 2645 942 2714 ἑλόμενον
985 2645 1124 2715 μετὰ
1160 2647 1398 2705 πάντων,
1427 2645 1474 2696 εί
1507 2643 1582 2714 μὴ
1617 2643 1714 2694 κά-

157 2740 349 2802 κείνοις,
379 2732 559 2806 ὲφόἷς
589 2735 1019 2807 ἐπλημμέλησαν
1055 2735 1302 2805 ἱλεωθείη
1333 2735 1398 2788 δι’
1430 2733 1717 2803 εὐμενείας

155 2829 202 2880 τὲ
220 2831 385 2890 Θεῖον,
425 2831 624 2898 στῆσαι
659 2828 798 2880 κατὰ
839 2827 948 2881 τῶν
992 2826 1344 2898 Ἰσραηλιτῶν
1377 2827 1475 2896 τὴν
1519 2826 1710 2897 ὀργὴν,

1815 1637 1884 1694 de
1937 1637 2224 1700 traductae,
2274 1637 2436 1690 homo
2497 1635 2612 1699 Dei,
2663 1635 2921 1700 Caesarie,
2967 1650 3144 1688 meum
3197 1637 3252 1690 in
3301 1637 3404 1692 hac

1818 1730 1970 1786 brevi
2020 1729 2271 1782 oratione
2301 1726 2612 1794 judicium:
2652 1742 2776 1780 nam
2822 1736 3082 1795 tanquam
3123 1731 3405 1800 exemplar

1815 1821 2088 1890 quoddam
2137 1817 2492 1888 perfectionis
2547 1817 2712 1870 vitam
2761 1815 2932 1886 Moysi
2986 1815 3403 1885 descripsimus,

1816 1931 1882 1970 ex
1927 1929 2030 1984 qua
2072 1913 2371 1980 unicuique
2405 1919 2651 1966 nostrum
2693 1925 2787 1979 per
2817 1909 3195 1964 institutorum
3225 1909 3405 1963 imita-

1815 2008 2020 2060 tionem
2061 2005 2114 2057 in
2147 2019 2206 2058 se
2237 2010 2554 2056 monstratae
2597 2000 2761 2067 hujus
2803 2000 3232 2069 pulchritudinis
3266 2001 3405 2054 cha-

1817 2107 2030 2148 ractera
2051 2093 2344 2164 depingere
2367 2091 2572 2145 licebit.
2603 2089 2760 2156 Quod
2792 2099 2973 2144 autem
3005 2089 3398 2158 perfectionem

1821 2184 2030 2238 homini
2081 2183 2399 2254 possibilem
2455 2181 2674 2254 Moyses
2719 2195 3006 2248 assecutus
3057 2191 3161 2246 est,
3205 2181 3406 2240 divina!

1821 2277 1972 2332 vocis
2003 2276 2318 2330 testimonio
2345 2275 2662 2346 perhibetur
2689 2293 2702 2328 :
2736 2294 2754 2326 ι
2786 2275 3025 2346 Cognovi
3053 2285 3124 2340 te,
3151 2295 3170 2328 ι
3200 2275 3403 2346 inquit,

1825 2387 1842 2418 ι
1884 2376 2076 2437 praeter
2113 2383 2304 2422 omnes
2341 2367 2407 2420 ".
2446 2386 2466 2418 ›
2503 2365 2748 2432 Accedit,
2781 2367 2926 2434 quod
2961 2368 3171 2422 amicus
3201 2367 3293 2422 Dei
3334 2366 3405 2422 ab

1821 2461 1943 2527 ipso
1987 2457 2096 2512 Deo
2149 2464 2501 2526 nuncupatus
2535 2465 2639 2512 est.
2683 2456 2953 2512 Praeterea
3005 2474 3127 2512 cum
3163 2460 3402 2528 peccatis

1824 2549 2008 2617 populi
2048 2549 2196 2602 Deus
2227 2549 2402 2602 iratus
2431 2547 2616 2602 delere
2653 2548 2886 2602 voluerit
2923 2564 3136 2613 omnes,
3165 2565 3402 2620 cumque

1821 2639 2036 2711 Moyses
2063 2654 2170 2692 una
2200 2655 2324 2693 cum
2346 2641 2546 2709 populo
2575 2641 2752 2708 perire
2771 2641 3044 2705 maluerit,
3075 2657 3238 2710 quam
3270 2643 3401 2697 abs-

1821 2747 1926 2802 que
1973 2730 2176 2800 populo
2212 2732 2428 2786 vivere:
2483 2737 2613 2784 tunc
2659 2729 2822 2793 Deus,
2871 2741 2928 2784 ut
2973 2733 3150 2787 amico
3193 2747 3402 2788 morem

1821 2834 2056 2894 gereret,
2109 2824 2361 2893 placatus
2391 2831 2517 2878 est:
2572 2839 2692 2889 qua:
2732 2825 2916 2876 omnia
2961 2825 3278 2893 ostendunt,
3332 2826 3403 2881 ad

155 2918 233 2988 τὴν
275 2919 406 2971 ἰδίαν
437 2919 532 2972 τοῦ
585 2917 722 2971 Θεοῦ
771 2920 952 2988 κρίσιν
1005 2915 1456 2988 παρατρέψαντος
1486 2918 1606 2980 ,ἵνα
1639 2916 1712 2988 μὴ

1819 2917 2072 2971 humana:
2129 2915 2482 2986 perfectionis
2547 2917 2756 2986 apicem
2833 2915 2987 2970 illum
3057 2917 3398 2986 pervenisse.

152 3007 350 3081 λυπήσῃ
379 3010 471 3063 τὸν
503 3009 681 3078 φίλον.
707 3010 820 3062 Καὶ
856 3008 1036 3062 πάντα
1062 3008 1132 3060 τὰ
1161 3007 1402 3070 τοιαῦτα,
1437 3008 1714 3080 μαρτυρία

153 3099 309 3163 σαφής
347 3097 462 3147 ἐστι
511 3096 607 3149 καὶ
663 3095 937 3162 ἀπόδειξις
967 3095 1062 3148 τοῦ
1111 3095 1247 3168 πρὸς
1279 3096 1372 3148 τὸν
1415 3099 1714 3167 ἀκρότατον

147 3185 228 3254 τῆς
269 3185 600 3254 τελειότητος
633 3186 758 3256 ὅρον
791 3184 1188 3255 ἀναϐεϐηκέναι
1218 3184 1309 3238 τοῦ
1337 3186 1580 3250 Μωσέως
1623 3187 1715 3239 τὸν

150 3275 266 3343 βίον.
303 3277 452 3330 Ἐπεὶ
499 3274 595 3330 οῦν
628 3276 785 3329 τοῦτο
817 3277 948 3346 παρ’
977 3276 1135 3346 ἡμῶν
1180 3276 1240 3328 τὸ
1271 3277 1600 3348 ζητούμενον
1623 3273 1712 3348 ἦν,

143 3369 186 3420 τί
207 3367 268 3420 τὸ
303 3367 512 3421 τέλειον
545 3368 646 3436 τῆς
683 3369 941 3438 ἐναρέτου
999 3367 1274 3432 πολιτείας
1309 3369 1456 3420 ἐστίν
1477 3385 1490 3398 ·
1516 3369 1712 3440 εὑρέθη

143 3458 190 3510 δὲ
219 3459 302 3513 διὰ
355 3460 464 3512 τῶν
503 3460 808 3532 εἰρημένων
851 3459 912 3512 τὸ
943 3459 1145 3514 τέλειον
1166 3477 1178 3488 ·
1211 3457 1331 3530 ὥρα
1367 3475 1470 3522 σοι,
1502 3453 1547 3513 ὦ
1595 3477 1718 3528 γεν-

143 3552 266 3618 ναῖε,
303 3551 440 3621 πρὸς
472 3550 538 3602 τὸ
584 3549 888 3619 ὑπόδειγμα
921 3549 1160 3618 βλέπειν,
1195 3551 1290 3602 καὶ
1334 3549 1404 3602 τὰ
1428 3549 1495 3603 δι’
1523 3549 1716 3620 ὑψηλο-

143 3639 290 3710 τέρας
319 3641 619 3708 ἀναγωγῆς
647 3639 992 3710 θεωρηθέντα
1032 3640 1160 3712 περὶ
1191 3639 1298 3692 τῶν
1320 3641 1608 3712 ἱπορικῶς
1641 3642 1716 3692 εἰ·

145 3731 404 3800 ρημένων,
441 3731 542 3783 ἐπὶ
561 3731 654 3783 τὸν
678 3729 806 3784 ῖδιον
845 3733 1219 3802 μεταφέροντα
1251 3731 1381 3802 βίον,
1403 3732 1714 3802 γνωσθῆναί

141 3838 192 3872 τε
223 3822 320 3874 fit-.5
348 3821 490 3875 Θεοῦ
513 3863 530 3888 ,
557 3823 649 3875 καὶ
687 3822 840 3891 φίλον
878 3823 1132 3892 γενέσθαι
1169 3823 1355 3877 αὐτοῦ.
1394 3822 1564 3876 Τοῦτο
1606 3824 1715 3895 γάρ

143 3913 271 3966 ἐστιν
301 3915 374 3978 ὡς
425 3913 648 3984 ἀληθῶς
692 3915 725 3984 ἡ
765 3914 1072 3984 τελειότης,
1103 3914 1164 3968 τὸ
1217 3915 1292 3985 μὴ
1333 3915 1716 3986 δουλοπρεπῶς

145 4001 278 4072 φόϐῳ
311 4003 598 4067 κολάσεως
630 4004 724 4056 τοῦ
761 4005 904 4058 κατὰ
952 4004 1150 4060 κακίαν
1193 4003 1306 4074 βίου
1339 4007 1670 4078 χωρίζεσθαι
1697 4023 1711 4036 ⁸

144 4094 264 4164 μηδὲ
307 4098 372 4166 τῇ
425 4094 542 4146 τῶν
593 4095 802 4164 μισθῶν
848 4095 1023 4149 ἐλπίδι
1069 4095 1130 4149 τὸ
1185 4097 1394 4166 ἀγαθὸν
1449 4101 1713 4171 ἐνεργεῖν,

141 4185 586 4254 πραγματευτικῇ
635 4201 742 4236 τινι
797 4186 888 4237 καὶ
949 4183 1428 4256 συναλλαγματικῇ
1475 4181 1714 4239 διαθέσει

141 4275 708 4348 κατεμπορευομένους
740 4275 841 4346 τῆς
884 4276 1141 4348 ἐναρέτου
1177 4277 1322 4348 ζωῆς
1348 4293 1362 4307 ·
1397 4276 1510 4331 ἀλλ’
1541 4279 1711 4351 ὑπερ-

139 4367 332 4431 ιδόντας
381 4368 612 4421 πάντων
643 4367 872 4420 καὶτῶν
910 4369 966 4420 ἐν
1009 4368 1366 4438 ἐπαγγελίαις
1409 4370 1478 4423 δι’
1502 4370 1713 4435 ἐλπίδος

139 4455 528 4526 ἀποκειμένων,
559 4456 720 4526 μόνον
764 4457 1013 4527 ἡγεῖσθαι
1048 4458 1299 4529 φοϐερὸν,
1325 4459 1384 4512 τὺ
1412 4460 1511 4531 τῆς
1533 4461 1714 4530 φιλίας

135 4551 218 4601 τοῦ
241 4549 372 4604 Θεοῦ
408 4551 696 4603 ἐκπεσεῖν·
733 4550 826 4601 καὶ
859 4553 1020 4618 μόνον
1041 4549 1222 4619 τίμιόν
1247 4567 1306 4602 τε
1339 4551 1433 4604 καὶ
1453 4552 1714 4624 ἐράσμιον

1819 3005 2088 3071 Quoniam
2131 3020 2260 3075 ergo
2309 3004 2698 3074 perfectionem
2735 3008 2987 3059 humana:
3026 3006 3149 3060 vitae
3187 3021 3401 3076 quaere-

1821 3096 2038 3160 bamus,
2071 3111 2321 3165 eamque,
2370 3103 2430 3148 ut
2459 3097 2759 3166 potuimus,
2792 3096 3175 3152 adinvenimus
3213 3115 3228 3150 ι
3261 3097 3401 3152 nihil

1815 3189 1927 3258 jam
1957 3195 2152 3252 restat,
2197 3187 2305 3242 nisi
2339 3193 2399 3241 ut
2443 3187 2510 3241 ad
2547 3188 2822 3257 exemplar
2851 3187 3000 3242 istud
3039 3188 3308 3253 vivamus,
3337 3201 3403 3242 ac

1819 3277 2113 3348 diligenter
2151 3291 2495 3346 quaecunque
2534 3277 2699 3330 altius
2739 3277 3013 3332 intellecta
3045 3277 3274 3333 historia
3300 3293 3404 3333 no-

1819 3372 1905 3426 bis
1931 3370 2239 3440 proposuit,
2274 3366 2343 3422 ad
2376 3367 2544 3422 vitam
2578 3369 2971 3424 transferentes
2999 3386 3028 3424 a
3060 3370 3172 3426 Deo
3199 3386 3403 3442 cogno-

1819 3478 2062 3526 scamur,
2113 3470 2169 3516 et
2215 3461 2375 3515 amici
2429 3459 2522 3514 Dei
2566 3460 2886 3516 efﬁciamur.
2943 3460 2998 3516 Id
3051 3463 3195 3518 enim
3249 3473 3403 3532 certe

1819 3553 2090 3624 perfectio
2125 3561 2231 3618 est,
2269 3559 2328 3606 ιιι
2352 3567 2460 3606 non
2495 3553 2694 3606 timore
2717 3567 3025 3622 poenarum,
3057 3551 3216 3608 sicuti
3243 3571 3402 3609 man-

1819 3645 2049 3715 cipium,
2083 3659 2113 3697 a
2142 3644 2295 3698 vitiis
2324 3643 2593 3704 declines,
2623 3657 2724 3696 nec
2749 3643 3009 3698 virtutem
3039 3659 3134 3713 spe
3158 3646 3404 3714 praemio—

1819 3751 1966 3799 rum,
1998 3735 2156 3804 quasi
2189 3735 2511 3789 mercatoris
2548 3733 2745 3788 affectu
2775 3735 2829 3788 in
2859 3735 3322 3804 negotiationibus
3345 3745 3404 3792 et

1823 3823 2226 3888 contractibus,
2270 3823 2625 3892 amplectar-is
2662 3839 2674 3874 :
2709 3823 2806 3878 sed
2839 3825 3100 3894 neglectis
3131 3827 3291 3880 etiam
3332 3829 3404 3883 iis

1820 3931 1942 3986 qum
1997 3916 2053 3969 in
2101 3915 2564 3985 promissionibus
2606 3931 2700 3984 per
2733 3929 2883 3985 spem
2935 3927 3063 3971 sunt
3099 3919 3402 3986 recondita,

1817 4023 1988 4060 unum
2039 4005 2282 4060 terribile
2326 4005 2614 4060 arbitreris
2651 4005 2721 4060 ab
2764 4006 3005 4061 amicitia
3045 4005 3139 4060 Dei
3172 4008 3398 4077 repelli:

1825 4113 1993 4151 unum
2027 4096 2326 4166 expetibile
2358 4095 2558 4162 solum,
2607 4096 2906 4150 amicitiam
2955 4097 3079 4164 Dei;
3118 4113 3224 4168 qua
3259 4100 3399 4166 sola,

1816 4203 1939 4243 meo
1987 4187 2219 4256 judicio,
2277 4189 2386 4240 vita
2424 4187 2665 4241 hominis
2709 4187 3011 4256 perﬁcitur.
3059 4187 3174 4242 Hoc
3224 4190 3406 4260 ipsum

1823 4281 1915 4336 ubi
1942 4280 2159 4334 sublata
2191 4278 2260 4332 ad
2291 4277 2616 4333 sublimiora
2649 4293 2713 4332 ac
2745 4277 3018 4333 diviniora
3053 4289 3237 4337 mente
3266 4297 3410 4336 con-

1825 4382 2054 4428 secutus
2115 4369 2402 4434 fueris,....
2461 4384 2758 4424 commune
2817 4371 2870 4426 id
2923 4372 3028 4425 erit
3087 4373 3300 4428 lucrum
3346 4375 3407 4430 in

1821 4463 2044 4519 Christo
2093 4461 2225 4518 Jesu
2271 4461 2504 4516 Domino
2538 4469 2751 4527 nostro,
2789 4463 2877 4515 cui
2920 4463 3096 4518 honor
3143 4475 3197 4519 et
3233 4466 3408 4536 impe-

1823 4553 1966 4607 rium
2013 4553 2065 4607 in
2109 4553 2332 4609 saecula.
2380 4553 2575 4608 Amen.

139 4642 332 4708 ἑαυτοῖς
369 4647 601 4715 κρῖναι,
639 4641 700 4694 τὸ
740 4643 893 4712 φίλον
948 4643 1200 4711 γενέσθαι
1245 4643 1400 4715 Θεῷ’
1456 4645 1592 4717 ὅπερ
1641 4648 1780 4714 ἐστὶ,
1831 4646 1974 4702 κατά
2019 4663 2082 4715 γε
2116 4645 2206 4698 τὸν
2239 4645 2370 4716 ἐμὸν
2423 4646 2600 4714 λόγον,
2633 4647 2666 4715 ἡ
2698 4645 2971 4717 τελειότης
3015 4646 3110 4700 τοῦ
3163 4645 3298 4717 βίου.
3333 4647 3402 4700 Ὅ

133 4752 178 4786 τι
202 4737 240 4788 δ’
265 4739 328 4790 ἂν
355 4739 515 4808 παρὰ
551 4735 646 4790 σοῦ
679 4737 816 4807 πρὸς
860 4738 922 4790 τὸ
958 4738 1539 4809 μεγαλοπρεπέστερόν
1560 4757 1621 4792 τε
1665 4741 1759 4794 καὶ
1797 4739 2066 4812 θειότερον
2096 4737 2430 4809 ἐπαρθείσης
2462 4756 2543 4791 σοι
2572 4737 2669 4807 τῆς
2697 4737 2954 4802 διανοίας,
2982 4738 3178 4810 εὑρεθῇ
3198 4757 3213 4771 ·
3265 4739 3400 4794 πολ-

135 4825 228 4880 λῶν
261 4829 316 4880 δὲ
335 4869 350 4881 .
373 4868 386 4881 .
408 4869 421 4881 .
441 4870 454 4880 .
479 4868 495 4882 .
521 4827 878 4899 εὑρεθήσεται

131 4923 298 4976 καὶτὸ
335 4923 546 4994 κράτος
579 4923 659 4984 εἰς
687 4922 810 4984 τοὺς
833 4920 1053 4985 αἰῶνας.
1099 4923 1292 4994 Ἀμήν.

193 5105 232 5136 ¹¹
265 5104 438 5159 Exod.
479 5119 683 5171 xxxul,
721 5101 808 5159 1⁸7.

913 4845 926 4857 ·
960 4829 1136 4882 κοινὸν
1187 4829 1340 4882 ἔσται
1391 4830 1608 4894 πάντως
1679 4831 1741 4885 τὸ
1784 4831 1991 4902 κέρδος,
2039 4833 2096 4884 ὲν
2124 4829 2343 4901 Χριστῶ
2380 4829 2555 4900 Ἰησοῦ
2584 4830 2662 4899 τῷ
2704 4831 2893 4903 Κυρίῳ
2927 4832 3102 4902 ἡμῶν,
3131 4824 3228 4901 ᾧή
3272 4832 3401 4900 δόξα
