3838 6224
401 222 498 278 451

1636 218 1694 271 S.
1754 214 2079 272 GREGORII
2134 212 2430 271 NYSSENI

418 368 3645 413 W

1197 605 1428 694 ΤΟΥ
1462 606 1607 691 ΕΝ
1644 599 2008 688 ΑΓΙΟΙΣ
2046 592 2485 687 ΠΛΤΡΟΣ
2529 598 2859 690 ΗΜΩΝ

1550 836 2527 975 ΓΡΗΓΟΡΙΟΥ

1668 1092 2067 1147 ΕΠῙΣΚΟΠΟΥ
2101 1090 2374 1146 ΝΥΣΣΗΣ

1468 1280 2011 1368 ΠΡΩΤΟΝ
2072 1279 2614 1367 ΒΙΒΛΙΟΝ

670 1529 928 1678 ΕΙΣ
964 1528 1279 1641 ΤΗΝ
1337 1526 2227 1643 ΕΠΙΓΡΑΦΗΝ
2284 1526 2586 1641 ΤΩΝ
2642 1520 3347 1648 ΨΑΛΜΩΝ.

1247 1990 1409 2144 s.
1476 1997 1648 2142 P.
1718 1995 1902 2144 N.
1957 1989 2885 2147 GREGORII

1704 2332 2013 2391 EPISCOPI
2051 2331 2345 2390 NYSSENI

1455 2536 2138 2626 TRACTATUS
2227 2532 2603 2627 PRIOR

862 2798 1009 2913 IN
1095 2787 1962 2909 PSALMORUM
2054 2784 2372 2900 lNSC
2397 2786 3210 2901 RIPTIONES.

1418 3037 1697 3095 JACOBO
1736 3033 2119 3091 GRETZEBO
2159 3033 2665 3093 INTERPRETE.

727 3419 986 3492 Prwfatio
1016 3418 1091 3473 ad
1118 3420 1347 3473 amicum
1380 3423 1681 3489 quemdam.

482 3536 608 3595 Feci
639 3537 784 3609 quod
809 3535 1044 3607 iussisti,
1071 3549 1102 3588 ο
1142 3535 1306 3590 homo
1355 3534 1471 3601 Dei,
1504 3545 1755 3606 prompte
1783 3544 1839 3590 et
1870 3535 1987 3589 ala—

414 3636 602 3701 criter,
631 3632 877 3702 mihique
926 3629 1179 3684 similiter
1227 3644 1291 3683 ac
1318 3628 1418 3682 tibi
1449 3629 1551 3683 hac
1583 3644 1748 3700 opera
1777 3628 1986 3699 gratiﬁ-

415 3725 527 3780 cari
574 3723 744 3789 volui,
788 3722 1142 3791 animumque
1189 3720 1258 3775 ad
1279 3720 1625 3776 Psalmorum
1671 3720 1987 3790 inscriptio-

416 3832 516 3873 nes
544 3815 740 3885 adjeci.
788 3811 902 3867 Hoc
944 3813 1091 3868 enim
1158 3811 1316 3866 nobis
1370 3812 1817 3882 imperaSti,quis
1878 3811 1990 3867 illis

417 3909 600 3966 subsit
628 3922 844 3973 sensus,
874 3915 932 3960 ιιι
963 3904 1216 3961 omnibus
1247 3904 1343 3959 ﬁat
1378 3904 1726 3975 perspicuum
1756 3903 1813 3959 id
1843 3903 1993 3973 quod

416 4017 519 4058 nos
548 4015 643 4071 per
674 3998 794 4054 illas
821 3997 886 4052 ad
918 3997 1175 4052 virtutem
1205 3995 1477 4051 adducere
1510 4001 1712 4065 potest.
1748 3995 1991 4065 Diligen-

418 4094 557 4152 tiore
612 4090 781 4163 igitur
834 4090 1132 4145 attentione
1180 4098 1297 4145 toto
1327 4089 1667 4145 Psalmorum
1715 4089 1993 4144 volumine

418 4196 672 4245 excusso,
685 4180 1057 4236 necessarium
1080 4179 1233 4242 duxi,
1257 4194 1364 4234 non
1408 4179 1479 4234 ab
1519 4179 1655 4249 ipsis
1684 4180 1994 4249 inscriptio-

417 4275 582 4332 nibus
606 4272 1029 4343 disputationem
1052 4271 1331 4335 ineltoare,
1371 4270 1464 4326 sed
1507 4269 1576 4325 de
1603 4277 1716 4323 tota
1746 4269 1994 4325 Psalmo-

418 4382 541 4424 rum
576 4365 874 4436 scriptione
920 4362 1381 4417 introductionem
1412 4363 1707 4433 quamdam
1760 4364 1996 4432 puemit-

420 4469 556 4525 tere,
582 4457 651 4513 ad
679 4456 1077 4512 accuratiorem
1125 4454 1343 4510 latentis
1373 4455 1659 4510 sententia:
1687 4455 1995 4525 intelligen-

418 4551 717 4619 tiam;qua
746 4546 895 4601 velut
915 4544 1108 4600 ordine
1160 4544 1396 4614 quodam
1439 4544 1757 4607 elliciemns,
1800 4552 1860 4598 ut
1890 4552 1996 4599 tra-

419 4641 589 4697 ctatio
623 4652 842 4709 quoque
871 4637 936 4692 de
977 4635 1428 4706 inscriptionibus
1455 4636 1658 4690 clarior
1713 4633 1992 4689 reddatur.

421 4735 562 4788 Ante
581 4731 763 4786 omnia
786 4739 966 4785 autem
984 4737 1200 4799 oportet
1223 4728 1536 4799 scriptionis
1564 4728 1728 4797 hujus
1744 4741 1992 4796 scopum,

422 4823 492 4878 ad
522 4837 686 4894 quem
717 4821 992 4890 dirigitur,
1015 4818 1369 4875 considerare
1394 4838 1408 4881 ;
1435 4818 1631 4874 deinde
1662 4834 1724 4874 ea
1763 4817 1994 4871 artiﬁcia

2016 3440 2061 3494 Α

2505 3423 2823 3492 Προοίμιον
2858 3424 3010 3491 πρὸς
3046 3427 3249 3494 φίλων.

2173 3533 2471 3604 Ἐδεξάμην
2510 3550 2609 3586 σου
2634 3534 2697 3587 τὸ
2727 3535 3003 3606 ἐπίταγμα
3054 3538 3192 3607 μετὰ
3227 3538 3536 3610 προθυμίας
3569 3530 3619 3608 (ἰ

2089 3618 2137 3676 ὦ
2163 3623 2416 3695 ἄνθρωπε
2458 3624 2554 3677 τοῦ
2591 3624 2746 3689 Θεοῦ,
2789 3627 2928 3680 κατὰ
2972 3629 3035 3681 τὸ
3063 3629 3175 3683 ῐσον
3204 3631 3328 3700 ἐμοί
3365 3648 3426 3683 τε
3459 3635 3559 3685 καὶ
3586 3648 3655 3689 σε

2089 3718 2188 3788 τὴν
2237 3717 2470 3789 σπουδὴν
2512 3719 2887 3789 χαριζόμενον,
2924 3721 3018 3774 καὶ
3066 3723 3367 3793 προσέσχον
3397 3727 3524 3789 ταῖς
3563 3727 3684 3779 τῶν

2090 3808 2319 3879 ψαλμῶν
2335 3811 2684 3881 ἐπιγραφαῖς.
2706 3810 2997 3883 Τοῦτονγὰρ
3019 3815 3149 3884 ἡμῖν
3174 3814 3442 3879 ἐπέταξας
3458 3816 3537 3869 διε
3547 3834 3684 3888 ρευ-

2091 3899 2354 3971 νήσασθαι
2392 3899 2469 3969 (2)
2511 3899 2608 3971 τὴν
2652 3900 3092 3973 ἐνθεωρουμένην
3140 3904 3368 3969 ταύταις
3409 3906 3682 3967 διὰνοιανςι

2091 3993 2168 4057 ὼς
2196 3994 2329 4046 πᾶσι
2376 3992 2629 4060 γενέσθαι
2673 3992 2829 4063 δῆλον
2873 3993 2932 4046 τὸ
2971 3994 3059 4049 διὰ
3105 3995 3312 4050 τούτων
3347 3998 3499 4067 ἡμᾶς
3539 4001 3684 4069 πρὸς

2092 4083 2292 4154 ἀρετὴν
2324 4081 2587 4154 ὁδηγῆσαι
2616 4084 2692 4154 (5)
2737 4085 3051 4154 δυνάμενον.
3090 4087 3245 4160 Πάσῃ
3278 4088 3458 4142 τοίνυν
3485 4092 3559 4161 τῇ
3599 4090 3685 4159 βε-

2094 4174 2206 4245 ϐλῳ
2234 4174 2346 4228 τῶν
2368 4174 2619 4245 Ψαλμῶν
2660 4174 2799 4245 μετὰ
2820 4175 3067 4240 πλείονος
3096 4181 3196 4249 τῆς
3227 4181 3508 4250 προσοχῆς
3539 4182 3683 4234 καθ-

2092 4266 2381 4336 ομιλήσας,
2413 4266 2707 4334 ἀναγκαῖον
2738 4266 2920 4337 ᾠήθην
2951 4267 3024 4339 μὴ
3054 4258 3167 4322 απὸ
3203 4268 3313 4323 τῶν
3348 4272 3687 4342 ἐπιγραφῶν

2084 4356 2360 4425 ἄρξασθαι
2388 4358 2487 4427 τῆς
2524 4357 2832 4422 ὑποθέσεως
2867 4359 2967 4429 (4),
2994 4360 3131 4413 ἀλλὰ
3159 4363 3288 4433 περὶ
3318 4363 3503 4432 πάσης
3540 4364 3686 4434 ὁμοῦ

2024 4789 2066 4845 Β

2094 4450 2193 4520 τῆς
2218 4449 2537 4520 ψαλμῳδίας
2572 4449 2793 4519 μέθοδόν
2823 4450 2899 4521 (5)
2929 4468 3052 4505 τινα
3090 4453 3226 4525 πρὸς
3258 4454 3359 4524 τὴν
3396 4455 3506 4507 τῶν
3558 4474 3691 4527 νοη-

2100 4541 2288 4612 μάτων
2329 4541 2655 4612 κατανόησιν
2688 4536 2942 4613 τεχνικὴν
2966 4543 3330 4615 προεκθέσθαι
3360 4545 3438 4615 (6)
3460 4563 3475 4578 ·
3510 4547 3585 4600 δι’
3613 4545 3689 4619 ἧς

2095 4636 2163 4687 ὲκ
2191 4632 2286 4688 τοῦ
2315 4634 2607 4688 ἀκολούθου
2654 4635 2748 4689 καὶ
2777 4638 2806 4689 ὀ
2851 4635 2979 4706 περὶ
3021 4636 3135 4691 τῶν
3175 4638 3498 4709 ἐπιγραφῶν
3549 4642 3690 4712 ἡμῖν

2099 4727 2562 4797 σαφηνισθήσεται
2623 4727 2798 4796 λόγος.
2864 4728 2985 4800 Χρὴ
3036 4730 3216 4785 τοίνυν
3288 4732 3505 4802 πρῶτον
3583 4736 3691 4804 μὲν

2098 4820 2190 4873 τὸν
2221 4819 2419 4873 σκοπὸν
2467 4819 2569 4888 τῆς
2606 4821 2825 4889 γραφῆς
2873 4820 3075 4892 ταύτης
3114 4823 3251 4894 πρὸς
3298 4820 3337 4877 δ’
3367 4842 3421 4878 τι
3468 4824 3689 4895 βλέπι,

421 4931 539 4985 qua
569 4914 636 4969 ad
680 4916 1017 4985 propositum
1072 4928 1295 4968 sensum
1355 4913 1655 4965 eruendum
1706 4910 1864 4981 quasi
1907 4926 1993 4979 per

2105 4913 2433 4980 κατανοῆσαι
2450 4927 2463 4940 ·
2501 4907 2619 4963 εἶτα
2645 4910 2742 4974 τὰς
2770 4911 2840 4965 δι’
2872 4912 3164 4967 ἀκολούθου
3188 4915 3326 4985 πρὸς
3353 4916 3416 4969 τὸ
3455 4919 3692 4988 προκεέ-

422 5021 769 5077 υοηςοίιιιθηε
803 5005 1033 5070 faciunt,
1072 5004 1263 5059 sedqu
1310 5003 1700 5073 pervestigare,
1735 5017 1857 5071 quae
1877 5002 2002 5071 qui-

420 5100 542 5151 dem
597 5097 837 5153 ostendit
870 5105 987 5151 tum
1018 5095 1155 5149 ordo
1184 5094 1554 5158 Psalmorum,
1607 5094 1676 5148 ad
1731 5095 1993 5163 cujusque

2105 5093 2410 5162 δείκνυσινῆ
2437 5110 2495 5145 τε
2524 5094 2675 5158 τάξις
2716 5094 2824 5147 τῶν
2859 5096 3090 5166 ψαλμῶν
3119 5097 3254 5169 πρὸς
3281 5100 3382 5169 τὴν
3422 5101 3517 5153 τοῦ
3553 5119 3693 5155 σκο-

424 5187 584 5243 tinem
669 5185 1111 5258 cognoscendum
1174 5187 1584 5241 accommodate
1654 5184 1999 5255 dispositus;

590 5385 752 5451 Quid.
781 5384 978 5455 πάσης.

490 5385 752 5526 ἱιῖριιίὐ.
781 5385 978 5455 πάσης.

516 5456 549 5509 2
608 5456 901 5527 ltapcodd"
914 5452 1435 5527 ﬁtsppnvsﬁcawat,
1459 5455 1546 5509 ed.

493 5528 569 5597 ('5)
602 5525 837 5597 Ὁδῆσαι,
862 5525 949 5580 ed.

495 5593 573 5666 (4)
597 5593 926 5667 Ἐξέτάσεως
948 5593 1193 5652 nonnulli
1224 5594 1347 5666 μέθ.

2103 5020 2260 5073 μενον
2291 5002 2401 5054 τῶν
2438 5003 2724 5072 νοημάτων
2754 5006 3098 5068 κατασκευὰς
3145 5007 3395 5072 συνιδεῖν,
3429 5009 3490 5072 ἃς
3547 5011 3691 5064 ὑπο-

2101 5185 2203 5237 ποῦ
2242 5185 2443 5254 γνῶσιν
2491 5181 2550 5239 εὗ
2598 5187 2915 5261 διακειμένη
2979 5190 3092 5264 (7),
3157 5193 3251 5246 καὶ
3299 5193 3370 5247 τὰ
3413 5195 3694 5268 τμήματα

2178 5385 2255 5454 (5)
2294 5387 2537 5455 Ἔφοδον,
2559 5390 2648 5444 ed.

2173 5456 2251 5597 ἓϐ)
2294 5457 2673 5527 Ὑπεκθέσθαι,
2693 5461 2779 5516 ed.

2197 5527 2251 5597 7)
2279 5529 2695 5597 Διακεκριμένῃ,
2729 5532 2779 5587 θ(

2197 5527 2251 5598 7)
2279 5529 2695 5603 Διακεκριμένῃ,
2729 5532 2817 5587 ed.
