3838 6224
158 416 250 472 635

1531 419 1596 473 ΙΝ
1637 418 1972 476 PSALMOS.

3281 421 3389 478 454

158 533 340 594 παντὸς
382 531 476 585 τοῦ
525 531 727 601 βιϐλίου
773 533 930 596 ἰδίαις
973 534 1080 586 τισὶ
1131 537 1496 605 περιγραφαῖς
1527 535 1707 605 ὁριζό-

1818 543 1924 590 tum
1986 537 2150 590 etiam
2201 537 2368 592 totius
2398 536 2521 591 libri
2547 536 2862 592 distributio
2893 535 3131 607 propriis
3159 537 3387 606 quibus-

158 643 302 698 μενα,
338 626 572 695 πενταχῆ
605 627 783 694 πάσης
814 625 915 695 τῆς
961 628 1020 678 ἐν
1069 629 1182 688 τοῖς
1206 627 1457 697 Ψαλμοῖς
1494 646 1710 698 προφη-

155 720 294 781 τείας
320 717 697 788 διαιρεθείσης.
731 711 830 770 Ὧν
875 717 1110 789 μετρίως
1141 710 1707 789 προκατανοηθέντων,

156 807 535 878 γνωριμωτέρα
570 809 702 878 ἡμῖν
747 809 782 877 ἡ
832 809 897 861 ἐκ
928 808 1036 862 τῶν
1085 810 1310 879 γραφῶν
1349 810 1426 879 (8)
1474 810 1711 880 ὠφέλεια

155 899 445 968 γενήσεται,
483 895 569 950 διὰ
613 900 712 968 τῆς
759 897 868 952 τῶν
915 900 1417 970 προεξετασθέντων
1447 903 1709 974 κατανοή-

162 1007 284 1052 σεως
327 989 721 1062 φανερουμένη.
781 991 1034 1062 ’Δρκτέον
1081 993 1259 1046 τοίνυν
1315 993 1562 1047 ἐντεῦθεν
1611 998 1709 1065 τῆς

161 1082 395 1152 Θεωρίας.

552 1301 948 1355 ΚΕΦΑΛᾹΙΟΝ
1001 1301 1294 1354 ΠΡΩΤΟΝ.

218 1438 372 1500 Τέλος
415 1437 510 1492 τοῦ
565 1438 686 1490 κατ’
731 1435 934 1508 ἀρετὴν
982 1435 1100 1505 βίου
1151 1435 1487 1505 μακαριότης
1540 1434 1708 1488 ἐστίν.

158 1531 260 1582 Πᾶν
291 1530 395 1600 γάρ
441 1530 503 1582 τὸ
551 1530 691 1583 κατά
731 1529 964 1598 σπουδὴν
998 1526 1427 1598 κατορθούμενον
1478 1526 1612 1596 πρός
1658 1544 1710 1578 τι

157 1622 243 1691 τὴν
282 1620 558 1691 ἀναφορὰν
605 1622 820 1683 πάντως
857 1619 992 1689 ἔχει.
1031 1619 1140 1672 Καὶ
1177 1617 1365 1689 ὥσπερ
1397 1619 1430 1688 ἡ
1483 1619 1582 1687 μὲν
1628 1620 1712 1670 ia-

156 1713 300 1782 τρικὴ
337 1714 471 1784 πρὸς
499 1714 598 1783 τὴν
632 1714 821 1781 ὑγείαν
851 1715 978 1784 ὁρᾷ.
1005 1713 1104 1784 τῆς
1135 1712 1192 1766 δὲ
1231 1711 1504 1782 γεωργίας
1532 1713 1560 1764 ό
1583 1729 1707 1764 σκο-

157 1805 242 1868 ab;
271 1805 399 1874 πρὸς
444 1804 508 1856 τὸ
556 1804 653 1875 ζῇν
687 1806 801 1857 ἐστι
847 1804 1167 1874 παρασκευή
1189 1821 1201 1834 ’
1237 1802 1378 1856 οὕτω
1425 1803 1518 1856 καὶ
1548 1805 1579 1873 ἡ
1611 1802 1710 1872 τῆς

1815 627 1941 679 dam
1974 626 2223 681 terminis
2279 628 2726 697 circumscripta;
2805 642 2932 682 nam

1814 722 1997 785 partes
2031 722 2145 770 tota
2198 715 2535 772 Psalmorum
2577 717 2863 787 prophetia
2922 717 3205 772 dividitur.
3259 718 3392 784 Qui-

1815 807 1918 862 bus
1949 814 2227 877 utcunque
2257 809 2630 879 pmcognitis,
2660 810 2845 864 notior
2879 811 3039 864 nobis
3067 811 3259 865 evadet
3295 813 3394 864 uti-

1815 896 1962 960 litas,
1991 913 2112 966 qua:
2135 914 2202 951 ex
2255 897 2709 967 inscriptionibus
2765 901 3087 970 percipitur,
3121 899 3391 969 patefacta

1814 989 2068 1043 videlicet
2095 1003 2194 1059 per
2221 1004 2283 1044 ea
2307 1005 2428 1060 quae
2459 991 2613 1060 prius
2632 1006 2662 1044 a
2686 991 2846 1047 nobis
2871 991 3074 1046 fuerint
3091 993 3393 1046 luculenter

1811 1079 2078 1150 exposita.
2095 1079 2234 1134 Hinc
2253 1081 2419 1151 igitur
2444 1082 2900 1137 considerationis
2924 1083 3086 1152 hujus
3106 1083 3389 1138 exordium

1811 1171 2139 1225 sumendum
2159 1181 2264 1227 est.

2333 1301 2564 1360 CAPUT
2593 1302 2883 1359 PRIMUM.

1883 1435 2034 1492 Finis
2067 1437 2190 1491 vitae
2224 1452 2288 1492 ex
2340 1439 2560 1493 virtutis
2614 1438 2935 1509 praescripto
2995 1438 3259 1493 instituta:
3307 1445 3392 1492 est

1813 1528 2118 1583 beatitudo.
2147 1528 2423 1598 Quidquid
2452 1530 2599 1583 enim
2627 1529 2770 1584 serio
2794 1540 2849 1584 et
2875 1529 3172 1585 deliberate
3190 1528 3389 1600 agitur,

1814 1619 1882 1672 ad
1921 1620 2128 1690 aliquid
2155 1621 2474 1676 relationem
2507 1622 2705 1676 habeat
2737 1636 2965 1678 necesse
2994 1628 3098 1677 est.
3123 1621 3187 1676 Et
3207 1635 3398 1689 quem-

1815 1712 2110 1766 admodum
2181 1713 2450 1768 medicina
2519 1713 2806 1768 sanitatem
2877 1719 3105 1783 spectat,
3160 1711 3398 1782 ﬁnisque

1817 1803 2162 1874 agricultura:
2203 1811 2289 1859 est
2345 1819 2528 1859 rerum
2584 1804 2651 1857 ad
2687 1804 2889 1858 victum
2953 1805 3389 1859 necessariarum

155 1898 336 1966 ἀρετῆς
382 1898 575 1966 κτῆσις
609 1897 745 1968 πρὸς
773 1897 834 1949 τὸ
877 1897 1143 1968 μακάριον
1173 1895 1423 1966 γενέσθαι
1453 1896 1543 1948 τὸν
1588 1895 1708 1949 κατ’

1818 1895 2132 1964 przeparatio
2164 1913 2175 1947 :
2212 1895 2292 1949 sic
2314 1904 2369 1950 et
2399 1895 2617 1950 virtutis
2645 1894 2919 1963 possessio
2949 1894 3002 1948 in
3027 1894 3079 1948 id
3108 1910 3274 1954 unum
3307 1895 3393 1948 in-

155 1988 305 2056 αὐτὴν
351 1988 528 2053 ζῶντα
563 1989 768 2058 βλέπει,
807 1987 964 2041 τοῦτο
996 1990 1102 2060 γὰρ
1132 1989 1330 2052 παντὸς
1356 1987 1450 2042 τοῦ
1480 1988 1619 2042 κατά
1648 1989 1710 2042 τὸ

154 2078 337 2144 ἀγαθὸν
385 2079 677 2148 νοουμένου
734 2081 1026 2148 κεφάλαιον
1079 2081 1174 2132 καὶ
1223 2080 1396 2150 πέρας
1442 2081 1579 2134 ἐστί.
1638 2081 1710 2134 Τὸ

157 2170 244 2237 μὲν
266 2166 356 2223 οὖν
397 2171 614 2241 ἀληθῶς
643 2188 702 2224 τε
731 2173 824 2224 καὶ
865 2173 1068 2242 κυρίως
1098 2175 1155 2224 ἐν
1187 2171 1262 2242 τῷ
1308 2171 1499 2242 ὑψηλῷ
1536 2171 1710 2242 τούτῳ

155 2264 363 2331 νοήματι
395 2262 769 2335 θεωρούμενόν
797 2281 856 2316 τε
880 2264 975 2317 κα)⁸
1002 2262 1310 2334 νοούμενον,
1337 2265 1369 2334 ἡ
1402 2263 1518 2315 θεία
1549 2263 1710 2332 φύσις

153 2351 342 2420 λέγοιτο
371 2354 438 2408 ἂν
475 2357 722 2419 εἰκότως.
754 2355 911 2409 Οὕτω
959 2355 1068 2427 γὰρ
1093 2359 1123 2410 ό
1157 2357 1332 2428 μέγας
1373 2357 1582 2422 Παῦλος
1617 2358 1712 2412 τὸν

153 2446 271 2498 Θεὸν
323 2446 598 2515 ὀνομάζει,
650 2446 867 2499 πάντων
908 2447 1016 2510 τῶν
1065 2447 1386 2517 θεολογικῶν
1431 2450 1712 2521 ὀνομάτων

157 2537 359 2608 προθεὶς
404 2538 466 2591 τὸ
515 2538 592 2609 (9)
645 2539 940 2610 μακάριον,
987 2538 1044 2592 ἐν
1092 2557 1198 2593 τινι
1256 2541 1366 2593 τῶν
1412 2542 1712 2596 ἐπιστολῶν

153 2631 332 2683 οὑτωσὶ
381 2631 600 2702 γράψας
647 2635 758 2695 τοῖς
816 2633 1091 2702 ῥήμασιν’
1157 2634 1220 2686 '0
1267 2633 1562 2704 μακάριος
1611 2637 1711 2690 καὶ

153 2724 324 2789 μόνος
347 2722 677 2791 δυνάστης,
708 2727 742 2778 ό
774 2724 1076 2790 Βασιλεὺς
1105 2724 1222 2779 τῶν
1248 2728 1714 2790 βασιλευόντων

155 2816 240 2866 καὶ
273 2816 483 2883 Κύριος
505 2815 628 2868 τῶν
657 2819 1076 2884 κυριευόντων,
1102 2820 1134 2871 ὁ
1159 2819 1347 2886 μόνος
1384 2819 1542 2888 ἔχων
1565 2821 1711 2874 ἀθα-

156 2909 376 2972 νασίαν,
427 2908 558 2978 φῶς
613 2910 794 2964 οἰκῶν
857 2914 1206 2981 ἀπρόσιτον,
1266 2911 1338 2965 ὃν
1391 2908 1552 2966 εἶδεν
1599 2913 1710 2983 (10)

156 2997 336 3064 οὐδεὶς
353 3000 698 3067 ἀνθρώπων,
726 3001 868 3055 οὐδὲ
890 3003 1038 3057 ἰδεῖν
1057 3003 1324 3064 δύναται,
1359 2996 1409 3069 ᾧ
1438 3003 1594 3072 τιμὴ,
1615 3005 1712 3058 καὶ

156 3089 351 3157 κράτος
373 3092 636 3148 αἰώνιον.
660 3095 843 3149 Ταῦτα
872 3095 982 3168 γὰρ
1007 3097 1184 3150 πάντα
1203 3096 1272 3148 τὰ
1293 3095 1473 3165 ὑψηλά
1507 3115 1572 3148 πε
1581 3097 1633 3166 ρ).
1652 3096 1713 3150 τὸ

1814 1987 2009 2050 tendit,
2047 1993 2106 2040 ut
2137 1985 2358 2040 beatum
2389 1984 2587 2041 efﬁciat
2622 2001 2744 2039 eum
2764 1986 2856 2055 qui
2886 1983 3188 2039 secundum
3219 1983 3393 2038 virtu—

1812 2087 1916 2132 tem
1949 2077 2113 2132 vitam
2164 2077 2311 2148 degit
2349 2095 2363 2133 :
2408 2078 2511 2131 hoc
2556 2077 2700 2132 enim
2737 2077 2922 2132 omnis
2968 2075 3119 2140 boni,
3149 2082 3204 2130 et
3229 2073 3396 2146 quid-

1811 2167 1940 2238 quid
1989 2168 2042 2222 in
2071 2168 2214 2222 bono
2255 2169 2580 2238 concipitur,
2643 2176 2808 2239 caput
2859 2177 2942 2223 est
2996 2176 3050 2222 et
3097 2167 3386 2221 terminus.

1811 2258 1968 2326 Quod
2020 2269 2202 2314 autem
2229 2275 2356 2315 vere
2394 2268 2449 2314 et
2498 2259 2719 2330 proprie
2754 2260 2808 2314 in
2863 2259 2966 2314 hac
3022 2267 3133 2312 tam
3167 2257 3391 2313 sublimi

1811 2347 2168 2404 beatitudinis
2194 2349 2418 2402 notione
2465 2356 2520 2403 et
2578 2349 2792 2404 ratione
2833 2348 3160 2418 concipitur,
3187 2347 3239 2401 id
3266 2340 3394 2415 jure

1811 2441 2018 2510 optimo
2050 2441 2249 2495 dixerit
2297 2441 2424 2511 quis
2477 2441 2650 2511 ipsam
2692 2441 2931 2496 divinam
2963 2448 3216 2494 naturam
3247 2452 3391 2492 esse.

1813 2531 1906 2586 Sic
1942 2533 2084 2587 enim
2119 2548 2349 2604 magnus
2385 2531 2476 2587 ille
2520 2531 2723 2587 Paulus
2763 2531 2933 2587 Deum
2967 2530 3232 2591 nominat,
3263 2542 3389 2582 cum

1810 2637 1878 2677 ex
1907 2623 2162 2678 omnibus
2211 2623 2415 2678 divinis
2483 2623 2963 2693 appellationibus,
3013 2621 3165 2675 Beati
3197 2632 3394 2674 nomen

1811 2715 1866 2770 in
1899 2715 2132 2784 quadam
2163 2731 2228 2770 ex
2258 2715 2375 2770 suis
2422 2714 2686 2784 Epistolis
2727 2713 2906 2784 primo
2941 2714 3063 2768 loco
3093 2711 3263 2783 ponit,
3308 2708 3410 2762 his

1810 2806 1992 2860 verbis
2020 2823 2033 2858 :
2067 2804 2263 2858 Beatus
2292 2813 2341 2857 et
2369 2804 2514 2857 solus
2550 2813 2750 2872 potens,
2791 2803 2902 2857 Rex
2947 2819 3150 2873 regum,
3185 2810 3233 2855 et
3274 2798 3384 2851 Do-

1813 2897 1987 2948 minus
2015 2894 2426 2958 dominantium,
2448 2896 2538 2962 qui
2565 2895 2711 2949 solus
2742 2894 2896 2948 habet
2918 2893 3411 2954 immortalitatem“

1813 2986 1978 3040 lucem
2002 2985 2250 3039 habitans
2274 2985 2707 3047 inaccessibilem,
2739 3001 2889 3056 quem
2936 3001 3087 3039 nemo
3128 2987 3397 3040 hominum

1811 3078 1962 3142 vidit,
1993 3094 2083 3131 nec
2115 3078 2286 3132 videre
2307 3087 2500 3148 potest,
2537 3078 2625 3130 cui
2657 3079 2826 3132 honor
2840 3086 2889 3131 et
2912 3077 3187 3147 imperium
3213 3081 3400 3147 sempi-

152 3180 288 3236 Θεῖον
306 3184 572 3253 νοήματα,
596 3185 737 3239 κατά
769 3203 831 3255 γε
871 3187 965 3240 τὸν
990 3187 1120 3258 ἐμὸν
1156 3186 1332 3254 λόγον,
1373 3188 1597 3258 ὁρισμὸς
1644 3189 1711 3241 ἂν

1819 3169 2104 3223 ternum”.
2143 3169 2268 3224 llzec
2299 3169 2445 3223 enim
2482 3169 2666 3222 omnia
2715 3176 2827 3222 tam
2869 3168 3127 3223 sublimia
3175 3169 3244 3223 de
3276 3168 3404 3224 Deo.

155 3273 225 3341 εἴη
253 3233 666 3346 μακαριότητος.
696 3279 761 3331 Εἰ
781 3233 792 3255 .
811 3279 920 3351 γάρ
955 3233 1390 3352 τιζέρωτῆθείη,
1409 3233 1473 3333 ιζτί
1501 3233 1621 3334 ⁶ἐστι
1654 3281 1713 3334 τὸ

1818 3261 2056 3329 cogitata
2108 3270 2163 3314 et
2203 3260 2576 3330 pronuntiata,
2612 3273 2732 3312 meo
2773 3257 2992 3328 quidem
3037 3258 3269 3327 judicio,
3303 3260 3397 3314 de-

157 3367 427 3438 μακάριον,
456 3369 562 3422 οὐκ
591 3369 658 3422 ἂν
687 3372 791 3440 τῆς
817 3371 1076 3436 εὐσεϐοῦς
1109 3373 1450 3444 ἀποκρίσεως
1482 3373 1717 3444 ἁμάρτοι

157 3456 582 3530 ἐπακολουθήσας
609 3463 678 3532 τῇ
706 3461 920 3515 Παύλου
955 3466 1127 3534 φωνῇ,
1154 3464 1247 3518 κα)⁵
1273 3463 1464 3527 είπὼν,
1503 3465 1585 3516 ὅτι
1616 3482 1717 3534 μα-

155 3545 328 3617 κάριόν
358 3550 530 3615 ἐστιν,
571 3551 600 3602 ὃ
637 3551 840 3620 κυρίως
877 3553 1092 3621 λέγεται
1122 3555 1216 3607 καὶ
1249 3553 1500 3624 πρώτως,
1549 3556 1582 3624 ἡ
1618 3554 1713 3608 τοῦ

156 3639 334 3704 παντὸς
349 3642 614 3696 ἐπέκεινα
635 3643 822 3715 φύσιςι
844 3644 905 3697 τὸ
919 3645 976 3698 δὲ
1011 3647 1068 3698 ἐν
1099 3645 1404 3714 ἀνθρώποις
1425 3645 1713 3715 μακάριον,

155 3731 214 3801 τῇ
248 3731 452 3802 μεθέξει
475 3733 575 3787 τοῦ
618 3735 787 3799 ὅντως
805 3736 976 3802 ὄντος,
1007 3737 1182 3789 έκεῖνο
1213 3737 1392 3799 ποσῶς
1419 3737 1628 3805 γίνεταί
1655 3754 1717 3789 τε

158 3825 240 3876 καὶ
259 3826 604 3896 ὀνομάζεται,
629 3828 766 3898 ὅπερ
787 3831 820 3899 ή
847 3827 941 3882 τοῦ
974 3829 1335 3900 μετεχομένου
1361 3830 1521 3900 φύσις
1548 3831 1713 3885 ἐστίν.

159 3916 344 3970 Οὐκοῦν
379 3921 510 3990 ὅρος
560 3920 679 3972 ἐστὶ
720 3920 818 3991 τῆς
851 3921 1196 3992 ἀνθρωπίνης
1251 3922 1649 3992 μακαριότητος
1679 3925 1713 3992 ἡ

160 4007 278 4078 πρὸς
319 4009 378 4062 τὸ
410 4009 702 4082 (11)Θείον
733 4012 1011 4080 ὁμοίωσις.
1061 4012 1212 4065 Ἐπεὶ
1257 4009 1349 4065 οὖν
1393 4014 1454 4065 τὸ
1503 4013 1718 4084 ἀληθῶς

159 4099 359 4166 ἀγαθὸν,
393 4103 519 4172 ῆτοι
568 4103 629 4154 τὸ
673 4103 927 4156 ἐπέκεινα
958 4103 1052 4155 τοῦ
1090 4103 1317 4172 ἀγαθοῦ,
1359 4103 1515 4157 τοῦτο
1558 4105 1719 4176 μόνον

161 4191 263 4244 ἐστὶ
307 4195 397 4248 καὶ
437 4195 554 4265 (12)
605 4196 876 4266 μακάριον
921 4196 1014 4248 καὶ
1059 4195 1279 4266 ὀρεκτὸν
1323 4199 1389 4267 τῇ
1444 4195 1622 4266 φύσει,
1657 4188 1717 4248 οῦ

162 4285 256 4335 πᾶν
280 4284 338 4337 τὸ
365 4286 594 4356 μετέχον
626 4286 898 4357 μακάριον
938 4287 1168 4354 γίνεται,
1197 4286 1377 4351 καλῶς
1405 4289 1438 4356 ἡ
1473 4287 1591 4340 θεία
1621 4288 1719 4358 τῆς

160 4373 453 4446 ψαλμῳδίας
483 4377 674 4449 γραφὴ
700 4378 790 4432 διά
811 4395 956 4441 τινος
991 4379 1243 4449 τεχνικῆς
1271 4397 1327 4432 τε
1358 4379 1452 4432 καὶ
1482 4379 1718 4448 φυσικῆς

164 4466 479 4533 ἀκολουθίας,
527 4469 628 4539 τὴν
682 4470 818 4540 πρὸς
871 4470 1028 4523 τοῦτο
1079 4471 1214 4540 ἡμῖν
1249 4471 1362 4540 (15)
1410 4470 1529 4523 ὁδὸν
1583 4471 1718 4523 ὑπο-

161 4555 426 4622 δείκνυσιν,
460 4561 522 4612 ἐν
552 4559 695 4630 ἁπλῇ
726 4560 869 4613 κατά
905 4561 966 4612 τὸ
997 4561 1338 4630 φαινόμενον,
1389 4562 1482 4614 καὶ
1515 4563 1718 4614 ἁκατα-
1749 4588 1793 4644 D

166 4648 323 4720 σκεύῳ
359 4654 426 4722 τῇ
478 4650 817 4722 διδασκαλίᾳ,
873 4651 1131 4715 ποικίλως
1175 4669 1235 4705 τε
1281 4653 1378 4705 κα)⁴
1425 4651 1718 4715 πολυειδῶς

162 4739 248 4808 τὴν
293 4741 512 4810 μέθοδον
554 4743 656 4812 τῆς
685 4743 797 4812 (14)
829 4743 925 4796 τοῦ
961 4743 1313 4813 μακαρισμοῦ
1359 4745 1591 4806 κτίσεως
1629 4760 1721 4796 τε-

164 4831 491 4899 χνολογοῦσα.
549 4834 767 4900 Ἔξεστι
819 4835 920 4904 μὲν
968 4831 1062 4888 οὖν
1118 4835 1211 4887 καὶ
1263 4836 1358 4888 ἀπ’
1407 4836 1577 4905 αὐτῆς
1623 4835 1720 4904 τῆς

164 4921 365 4994 πρώτης
414 4925 710 4996 ὑμνῳδίας,
742 4925 950 4980 ἔννοιάν
981 4945 1101 4980 τινα
1131 4927 1260 4998 περὶ
1283 4926 1379 4980 τοῦ
1424 4926 1721 4998 προκειμέ-

167 5029 245 5066 νου
271 5014 470 5081 λαῦεἶν,
500 5018 650 5077 ὅπως
693 5017 862 5089 τριχῆ
900 5017 1081 5088 τεμὼν
1113 5018 1209 5089 τὴν
1241 5019 1439 5090 ἀρετὴν
1466 5023 1494 5072 ὁ
1541 5018 1717 5086 λόγος,

167 5104 359 5176 ἑκάστῳ
411 5108 662 5179 τμήματι
714 5108 856 5160 κατά
900 5125 1022 5160 τινα
1071 5109 1378 5179 πρόσφορον
1427 5107 1720 5176 ἀναλογίαν

166 5202 556 5271 προσμαρτυρεί
581 5199 646 5252 τὸ
681 5199 973 5270 μακάριον.
1019 5199 1133 5253 Νῦν
1163 5200 1260 5269 μὲν
1288 5199 1386 5270 τὴν
1428 5199 1718 5270 ἀλλοτρίω-

166 5307 240 5343 σιν
267 5292 357 5346 τοῦ
386 5293 560 5348 κακοῦ
592 5293 934 5366 μακαρίζων,
967 5293 1046 5359 ὡς
1072 5293 1248 5366 ἀρχὴν
1275 5294 1575 5365 γενομένην
1603 5295 1715 5365 (15)

215 5447 260 5481 ⁸⁸
285 5447 302 5503 1
325 5449 466 5506 Tim.
491 5465 571 5515 Vl,
604 5449 690 5517 l5,
730 5450 821 5507 16.

225 5605 297 5678 (8)
324 5609 438 5678 :Io'.
470 5608 808 5678 ἐπιγραφῶν.

228 5675 301 5743 (9)
323 5675 421 5732 Ed.
451 5680 564 5733 τόν.

228 5747 334 5813 (11))
363 5748 520 5812 Ἵδεν,
549 5749 638 5804 ed.

217 5815 334 5885 -(H)
363 5818 438 5872 Τό
461 5835 566 5875 om.
587 5819 673 5876 ed.

1824 3352 2129 3406 ﬁnitionem
2212 3350 2570 3406 beatitudinis
2637 3350 2943 3405 continent.
2998 3348 3130 3403 Nam
3181 3352 3225 3405 si
3277 3350 3412 3420 quis

1821 3451 2029 3512 quaerat
2054 3441 2182 3511 quid
2219 3441 2292 3497 sit
2320 3440 2623 3505 beatitudo,
2677 3439 2824 3494 haud
2845 3454 2978 3494 sane
2999 3453 3029 3492 a
3063 3447 3212 3494 recta
3227 3447 3282 3494 et
3313 3440 3406 3510 pia

1820 3535 2192 3602 responsione
2227 3532 2587 3597 aberraverit,
2631 3532 2678 3588 si
2727 3545 2916 3587 vocem
2959 3529 3116 3585 Pauli
3156 3540 3400 3596 secutus,

1815 3624 1983 3690 dicat,
2043 3621 2294 3686 Beatum,
2342 3621 2490 3692 quod
2539 3622 2759 3692 proprie
2785 3631 2842 3677 et
2875 3621 3138 3691 primario
3173 3623 3282 3677 tale
3317 3623 3417 3678 di-

1817 3715 1984 3779 citur,
2021 3729 2145 3769 esse
2188 3722 2438 3767 naturam
2485 3713 2669 3776 illam,
2714 3726 2835 3782 quas
2871 3720 2957 3766 est
3002 3727 3168 3782 super
3195 3715 3381 3769 omnia

1817 3805 2041 3862 Beatum
2074 3821 2204 3862 vero
2261 3806 2407 3876 quod
2461 3805 2602 3859 inter
2651 3805 2901 3860 homines
2963 3806 3255 3876 reperitur,
3298 3807 3408 3861 talo

1817 3915 1944 3955 esse
1965 3899 2354 3954 communione
2386 3897 2508 3968 ejus
2541 3897 2688 3968 quod
2718 3913 2844 3952 vere
2892 3909 3014 3964 est;
3040 3897 3186 3969 quod
3216 3899 3403 3952 multi-

1821 3992 2083 4061 plicatur,
2111 4002 2163 4046 et
2180 3991 2326 4045 varia
2351 3990 2572 4046 nomina
2599 3991 2826 4044 sortitur
2849 4005 2947 4059 pro
2975 3999 3172 4045 natura
3198 3999 3252 4046 et
3271 4006 3406 4046 con-

1822 4081 2039 4136 ditione
2067 4096 2258 4136 eorum
2288 4096 2412 4151 qua:
2441 4096 2536 4150 per
2557 4080 3030 4150 participationem
3066 4082 3134 4135 ab
3163 4082 3273 4136 alio
3305 4082 3404 4137 de-

1821 4175 2094 4229 rivantur.
2132 4174 2272 4243 Ergo
2315 4173 2562 4226 deﬁnitio
2619 4171 2873 4226 humanae
2915 4173 3273 4230 beatitudinis
3320 4182 3406 4230 est

1820 4265 2126 4321 similitudo
2155 4280 2278 4318 cum
2301 4264 2508 4319 divina.
2541 4264 2728 4332 Itaque
2749 4279 2873 4319 cum
2901 4280 3026 4319 vere
3043 4265 3273 4329 bonum,
3305 4282 3405 4322 seu

1821 4358 1875 4412 id
1922 4358 2068 4428 quod
2116 4370 2282 4426 supra
2327 4371 2489 4411 omne
2540 4355 2741 4410 bonum
2783 4363 2887 4423 est,
2939 4357 3116 4412 solum
3165 4357 3237 4411 sit
3288 4358 3414 4410 bea-

1822 4458 1970 4512 tum,
2033 4458 2338 4518 naturaque
2405 4448 2809 4517 appetendum,
2873 4463 2983 4518 quo
3038 4464 3202 4503 omne
3270 4449 3405 4502 illud

1820 4540 1964 4611 quod
2016 4541 2138 4610 ejus
2203 4540 2476 4609 particeps
2521 4547 2628 4603 est,
2683 4539 2901 4594 beatum
2947 4539 3201 4604 ellicitur,
3257 4547 3404 4594 recte

1819 4631 2063 4703 profecto
2127 4631 2312 4686 divina
2370 4628 2708 4684 Psalmorum
2770 4632 3042 4701 scriptura
3108 4632 3405 4688 artiﬁcioso

1818 4725 1981 4777 simul
2021 4734 2076 4778 et
2134 4722 2370 4776 naturali
2415 4723 2627 4788 ordine,
2689 4724 2832 4778 viam
2859 4741 2981 4796 qua:
3020 4725 3086 4780 ad
3136 4725 3241 4780 hoc
3298 4725 3405 4781 du-

1819 4815 1916 4880 cit,
1962 4817 2121 4870 nobis
2159 4816 2519 4878 demonstrat,
2574 4816 2830 4885 simplici,
2857 4819 3408 4888 utapparet,omnis—

1819 4924 1930 4984 que.
1964 4914 2258 4978 apparatus
2285 4913 2506 4975 experte
2534 4905 2781 4961 doctrina
2807 4925 2825 4975 ;
2869 4909 2974 4965 etsi
3003 4909 3156 4966 varie
3185 4911 3406 4965 multis-

1823 5022 1928 5076 que
1981 5004 2158 5060 modis
2183 5005 2428 5074 apposite
2453 5002 2669 5067 doceat,
2720 5018 2829 5073 quo
2872 5012 3032 5074 pacto
3058 5004 3345 5060 beatitudo
3373 5019 3405 5060 a

1827 5108 2081 5154 creatura
2113 5097 2182 5151 sit
2216 5094 2605 5166 comparanda.
2664 5094 2836 5165 Cujus
2873 5096 2953 5150 rei
2993 5104 3401 5168 argumentum,

1825 5208 1890 5246 ex
1923 5193 2062 5260 ipso,
2099 5191 2189 5258 qui
2249 5189 2459 5259 primus
2506 5186 2747 5243 occurrit
2788 5189 3021 5258 psalmo,
3056 5188 3123 5245 ad
3155 5188 3405 5259 pr0posi-

1828 5292 1941 5338 tum
1997 5289 2243 5336 nostrum
2295 5277 2730 5334 conﬁrmandum
2790 5279 3081 5338 desumere
3125 5279 3274 5348 licet,
3309 5279 3404 5336 ubi

1899 5599 2010 5668 (1‘2)
2045 5597 2204 5653 Forte
2236 5615 2347 5652 om.
2367 5599 2480 5657 καί.

1892 5672 1912 5740 (
1923 5670 2006 5738 13)
2030 5669 2225 5740 Μόνον,
2258 5669 2347 5723 ed.

1894 5739 2007 5804 (14)
2034 5739 2145 5807 Τῆς
2172 5755 2280 5793 om.
2319 5740 2408 5794 ed.

1890 5810 2003 5877 (15)
2034 5809 2350 5878 Γινομένην,
2375 5809 2464 5866 ed.

3015 629 3257 698 quinque
3335 630 3389 683 in
3498 645 3500 647 '
