3838 6224
435 357 543 414 455

1709 355 1765 409 S.
1801 354 2130 410 GREGORII
2169 355 2468 411 NYSSENI
3581 356 3671 412 456

435 482 548 525 tres
609 465 661 523 in
703 477 887 537 partes
921 466 1122 523 virtute
1148 466 1345 536 divisa,
1402 467 1564 536 cujus
1614 467 1872 522 divisioni
1922 483 2010 522 ac-

2117 470 2218 540 τῆς
2247 471 2340 523 ἐπὶ
2367 470 2428 524 τὸ
2465 471 2708 539 κρεῖττον
2733 467 2905 539 ῥοπῆς
2925 484 2937 497 ·
2982 465 3119 538 μετά
3142 466 3198 520 δὲ
3227 466 3404 531 τοῦτο,
3447 466 3544 535 τὴν
3577 467 3672 520 τῶν

430 559 778 615 commodata
829 557 1064 628 quadam
1119 560 1333 615 ratione
1370 557 1762 614 beatitudinem
1797 558 2011 614 adscri-

437 655 515 708 hit
569 670 583 706 :
637 667 785 706 nunc
841 651 1061 725 quidem
1117 652 1474 707 remotionem
1539 659 1595 706 et
1658 651 2011 706 abalienatio—

440 759 563 798 nem
606 744 676 798 ab
720 743 1072 813 improbitate
1103 743 1461 797 beatitudinis
1497 742 1721 797 nomine
1745 741 2008 808 alliciens,

436 843 625 904 utpote
691 850 813 905 quae
872 836 1205 906 principium
1267 836 1341 890 sit
1397 835 1578 890 omnis
1651 834 1717 889 ad
1787 835 2012 889 meliora

435 942 759 997 progressus
821 946 834 982 :
886 934 1073 997 postea
1133 941 1317 980 rerum
1372 926 1679 981 caelestium
1754 935 1808 979 et
1876 925 2015 978 divi-

433 1034 630 1076 narum
662 1019 1069 1074 meditationem
1099 1019 1314 1074 beatam
1347 1019 1630 1090 praedicat,
1664 1025 1723 1070 ut
1749 1032 1867 1072 eam
1895 1032 2015 1087 quae

2118 561 2338 632 ὑψηλῶν
2364 578 2424 614 τε
2454 561 2546 615 καὶ
2589 559 2874 632 θειοτέρων
2905 560 3152 630 μελέτην,
3183 558 3260 622 ὡς
3290 557 3403 623 ἕξιν
3428 558 3674 628 ἐμποιοῦ-

2120 668 2220 704 σαν
2256 652 2358 723 ήδη
2407 651 2502 706 τοῦ
2549 653 2874 722 κρείττονος.
2904 647 3035 705 Εἶτα
3061 651 3160 722 τὴν
3203 649 3291 703 διὰ
3330 649 3534 706 τούτων
3573 651 3675 712 τοῖς

2119 743 2508 813 τελειουμένοις
2543 744 2980 816 κατορθουμένην
3026 743 3162 813 πρὸς
3205 743 3267 795 τὸ
3295 738 3451 796 Θεῖον
3491 741 3676 812 ὁμοίω-

2122 852 2234 888 σιν·
2269 830 2338 907 ἦς
2371 837 2530 907 χάριν
2556 836 2891 902 λέγεταικαὶ
2936 837 3004 890 τά
3047 835 3384 907 προλαϐόντα
3418 836 3674 906 μακάρια.

2106 927 2339 998 Ταύτην
2382 929 2439 982 δὲ
2477 927 2716 982 ἀειθαλεϊ
2757 929 2897 1000 ξυλῷ
2937 929 3254 992 αἰνίσσεται,
3377 931 3412 1000 ἡ
3463 929 3576 1000 (16)
3604 946 3678 986 τε·

2122 1017 2414 1072 λειωθείσα
2445 1019 2512 1072 δι’
2544 1020 2747 1091 ἀρετῆς
2774 1021 3056 1092 ὁμοιοῦται
3084 1021 3220 1093 ζωή.

407 1122 619 1166 οτοιιυιη
646 1112 962 1167 sublimium
1001 1112 1250 1168 habitum
1288 1113 1401 1182 jam
1439 1112 1599 1169 nobis
1632 1113 1931 1182 ingeneret.
1961 1112 2044 1168 Ad
2077 1122 2383 1168 extremum
2430 1129 2550 1169 eam
2584 1131 2706 1186 quae
2753 1117 2808 1170 in
2839 1117 3096 1188 perfectis
3150 1119 3363 1174 exsistit
3406 1134 3533 1174 cum
3577 1119 3680 1175 Deo

431 1205 877 1272 similitudinem,
935 1208 991 1264 in
1049 1209 1386 1265 beatitudine
1449 1219 1724 1271 numerat,
1791 1216 2012 1278 propter
2055 1221 2218 1278 quam
2281 1209 2466 1278 priora
2523 1225 2740 1280 quoque
2768 1213 3115 1282 appellantur
3163 1214 3344 1278 beata,
3413 1228 3679 1286 quamque

433 1312 651 1368 seniper
698 1298 910 1355 virente
961 1300 1110 1370 ligno
1149 1301 1414 1365 insinuat,
1475 1299 1566 1354 cui
1618 1300 1730 1354 vita
1768 1314 1866 1370 per
1892 1298 2112 1354 virtutis
2143 1299 2589 1354 exercitationem
2629 1310 3040 1368 consummata,
3075 1304 3272 1360 similis
3295 1303 3546 1360 efﬁcitur.

1043 1437 1274 1496 CAPUT
1329 1437 1396 1496 ll.

507 1604 774 1660 Caeterum
823 1613 882 1659 ut
927 1605 1138 1660 ﬁrmius
1164 1605 1426 1659 doctrinae
1479 1606 1742 1661 virtutum
1790 1608 2012 1664 insista-

437 1711 582 1758 mus,
617 1711 781 1766 quam
815 1697 870 1751 in
898 1705 1011 1751 toto
1048 1695 1392 1752 Psalmorum
1421 1697 1656 1753 decursu
1686 1700 1846 1755 nobis
1874 1716 2013 1770 prm-

438 1797 708 1845 monstrat
765 1792 964 1852 oratio.
1017 1805 1125 1844 non
1155 1789 1253 1845 abs
1283 1805 1343 1844 re
1390 1788 1576 1854 fuerit,
1603 1791 1648 1846 si
1685 1792 1838 1862 prius
1866 1792 2012 1863 apud

439 1895 541 1935 nos
568 1881 988 1946 constituamus,
1040 1889 1095 1936 et
1124 1883 1271 1935 velut
1298 1882 1595 1940 artificiosa
1637 1883 1873 1953 quadam
1921 1900 2013 1938 ra-

379 1988 388 2003 ν
436 1971 588 2028 t-ione
619 1981 673 2027 et
707 1973 814 2036 via,
852 1973 985 2026 nihil
1013 1974 1080 2026 ab
1111 1974 1362 2028 instituto
1387 1990 1550 2045 opere
1577 1977 1894 2031 recedentes
1926 1977 2013 2032 de-

370 2080 373 2083 ·
438 2063 712 2128 finiamus,
742 2064 1016 2136 quomodo
1044 2065 1263 2120 virtutis
1297 2074 1508 2123 amator
1534 2069 1709 2137 possit
1739 2068 2012 2137 ejusmodi

382 2181 388 2189 -
437 2155 563 2210 vitae
593 2170 817 2226 compos
848 2155 964 2210 fieri
996 2173 1012 2209 :
1054 2157 1135 2212 sic
1183 2157 1329 2212 enim
1357 2158 1498 2227 ejus,
1536 2175 1700 2233 quam
1737 2161 2010 2232 prmmisi-

2575 1438 2970 1496 ΚΕΦΑΛΑΙΟΝ
3012 1441 3085 1497 B'.

2197 1607 2284 1670 Ὠς
2309 1607 2355 1659 δ’
2386 1607 2452 1660 ἂν
2493 1607 2882 1678 ἀκριϐέστερον
2915 1607 3277 1678 ἐπισταίημεν
3305 1610 3368 1679 τῇ
3407 1608 3538 1678 περὶ
3579 1606 3684 1661 τῶν

2113 1696 2321 1767 ἀρετῶν
2389 1697 2728 1768 διδασκαλίᾳ,
2778 1698 2845 1767 ἢν
2890 1698 3177 1767 ὑφηγεῖται
3223 1696 3312 1751 διά
3358 1698 3540 1769 πάσης
3589 1697 3683 1768 τῆς

2113 1789 2392 1860 ψαλμικῆς
2420 1789 2641 1859 ὁδηγίας
2678 1791 2706 1842 ό
2737 1789 2912 1857 λόγος,
2952 1789 3131 1852 καλῶς
3162 1789 3228 1844 ἂν
3253 1789 3386 1860 ἔχοι,
3423 1790 3683 1863 πρότερον

2115 1882 2261 1951 ἡμᾶς
2289 1881 2375 1948 ἐφ’
2399 1879 2556 1950 ἡμῶν
2600 1878 2778 1932 αὑτῶν
2811 1879 3098 1943 διελέσθαι,
3126 1875 3238 1934 οἷόν
3281 1898 3401 1935 τινα
3441 1881 3683 1950 τεχνικὸν

2115 1973 2269 2042 λόγον
2313 1974 2371 2026 ὲν
2394 1971 2543 2036 τάξει
2575 1971 2642 2024 δι’
2667 1971 2958 2026 ἀκολούθου
2987 1973 3348 2043 προάγοντας,
3380 1973 3496 2036 πῶς
3543 1973 3682 2026 ἐστιν

2115 2066 2173 2117 ὲν
2209 2066 2374 2136 ἀρετῇ
2421 2063 2673 2133 γενέσθαι
2702 2065 2794 2116 τὸν
2843 2065 3076 2135 ἐραστὴν
3117 2064 3210 2116 τοῦ
3254 2063 3498 2117 τοιούτου
3546 2064 3678 2133 βίον.

2115 2155 2269 2210 Οὓτω
2310 2155 2418 2227 γὰρ
2466 2157 2531 2210 ἂν
2579 2157 2930 2226 ἐπιγνοίημεν
2961 2157 3060 2228 τῆς
3104 2156 3570 2228 προδεικνυμένης
3612 2158 3681 2211 δι-

435 2261 579 2312 mus,
636 2246 898 2300 doctrinae
947 2248 1142 2301 seriem
1186 2255 1239 2301 et
1294 2249 1755 2318 ‘consequentiam
1814 2251 2012 2306 melius

389 2320 398 2347 ί
434 2339 851 2410 perspiciemus.
880 2337 1114 2396 Necesse
1169 2340 1334 2410 igitur
1358 2350 1465 2404 est,
1508 2357 1632 2396 eum
1664 2343 1757 2412 qui
1794 2343 1862 2397 ad
1899 2345 2009 2397 vir-

391 2428 398 2498 ξ
433 2437 604 2486 tutem
639 2446 759 2486 sese
787 2442 1106 2488 convertere
1146 2433 1366 2503 cogitat,
1406 2434 1559 2502 prius
1585 2433 1899 2490 discernere
1925 2451 2013 2491 ra-

433 2523 636 2578 tionem
674 2523 1002 2587 honestatis,
1031 2533 1084 2578 et
1114 2525 1256 2592 ejus,
1282 2541 1402 2594 qua:
1431 2525 1698 2579 honestati
1724 2536 2010 2598 repugnat,

394 2615 400 2638 τ
432 2611 677 2675 malitiae.
729 2612 934 2666 notatis
976 2613 1210 2682 propriis
1242 2613 1529 2682 utriusque
1563 2613 1905 2678 dilferentiis,
1955 2625 2014 2670 ut

2112 2246 2405 2310 δασκαλίας
2439 2249 2569 2317 ἡμῖν
2601 2247 2661 2298 τὸ
2705 2247 3017 2301 ἀκόλουθον.
3065 2247 3185 2318 Χρὴ
3235 2247 3412 2300 τοίνυν
3439 2247 3536 2300 τὸν
3565 2248 3682 2319 μὲλ-

2113 2339 2272 2392 λοντα
2302 2339 2437 2409 πρὸς
2472 2338 2669 2410 ἀρετὴν
2704 2338 2943 2407 βλέπειν.
2981 2339 3242 2411 πρότερον
3275 2341 3374 2408 μὲν
3415 2337 3680 2408 διακρῖναι

2113 2428 2204 2480 τὸν
2253 2428 2407 2496 λόγον
2453 2427 2544 2479 τόν
2588 2444 2648 2479 τε
2694 2427 2905 2479 ἀστεῖον
2951 2426 3044 2478 καὶ
3102 2425 3192 2478 τὸν
3234 2425 3506 2490 ὑπαίτιον,
3541 2424 3681 2485 ἰδίοις

2115 2518 2372 2589 ἑκάτερον
2429 2518 2968 2587 ἐπισημειωσάμενον
3022 2516 3430 2588 γνωρίσμασιν,
3487 2516 3568 2578 ὡς
3621 2516 3678 2567 ἂν

2116 2610 2418 2680 ἀσύγχυτος
2444 2610 2624 2664 αὐτῶν
2657 2613 2684 2664 ό
2708 2611 2865 2678 λόγος
2893 2612 2977 2680 είη
3009 2609 3194 2680 μηδεν)⁴
3223 2609 3329 2662 τῶν
3368 2606 3678 2661 κοινωνούν-

433 2705 778 2776 impermixta
811 2720 999 2763 earum
1027 2706 1179 2761 notio
1211 2717 1548 2774 permaneat,
1574 2708 1835 2778 nulloque
1860 2725 2014 2763 com-

432 2797 710 2850 munionis
741 2797 967 2851 confusa
991 2799 1267 2867 contagio.
1301 2799 1370 2851 At
1406 2809 1567 2863 notae,
1611 2816 1732 2871 quae
1766 2801 2013 2869 utrisque

2115 2719 2222 2754 των
2241 2702 2349 2772 (17)
2372 2702 2620 2754 ἐπιθολού
2629 2719 2807 2773 μενος.
2824 2703 3030 2772 Σημεῖα
3048 2702 3104 2754 δὲ
3126 2701 3226 2770 τῆς
3241 2700 3501 2770 ἐκατέρου
3529 2700 3677 2770 (17').

2115 2791 2317 2845 τούτων
2359 2791 2619 2862 ίδιότητός
2675 2794 2789 2846 ἐστι
2823 2793 2920 2861 μὲν
2966 2792 3094 2853 ἴσως
3141 2791 3235 2843 καὶ
3274 2789 3409 2842 ἄλλα
3441 2790 3584 2842 τινάο
3617 2790 3682 2841 τὰ

433 2887 655 2956 pmprie
699 2895 1037 2959 competunt,
1071 2886 1271 2942 fuerint
1301 2886 1554 2942 fortassis
1586 2900 1640 2942 et
1668 2890 1808 2952 aliae,
1852 2898 2010 2944 caete-

2116 2881 2170 2935 δέ
2196 2881 2530 2953 γενικώτερα
2556 2881 2664 2935 τῶν
2692 2881 2885 2948 ἄλλων,
2916 2881 3057 2936 κατὰ
3087 2897 3151 2950 γε
3184 2881 3281 2951 τὴν
3319 2881 3456 2951 ἐμὴν
3488 2881 3679 2949 ὑπόληι

433 2979 509 3033 ris
566 2987 769 3042 tamen,
825 2987 884 3031 ut
944 2979 1075 3032 mihi
1129 2979 1455 3049 persuadeo,
1501 2982 1674 3049 magis
1730 2981 2010 3051 generales

432 3077 561 3124 sunt
605 3070 723 3124 istae
756 3087 767 3121 :
804 3069 1054 3123 videlicet
1096 3071 1426 3139 voluptatem
1485 3081 1536 3124 et
1572 3070 2008 3135 delectationem,

431 3171 555 3226 qum
599 3157 912 3211 hominibus
965 3157 1033 3210 ab
1076 3158 1209 3226 ipsis
1237 3159 1492 3228 obtingit,
1528 3160 1722 3229 partim
1779 3161 1848 3213 ad
1885 3177 2011 3214 sen-

431 3253 575 3312 sum,
618 3249 813 3317 partim
846 3248 914 3302 ad
964 3250 1206 3307 animum
1259 3253 1574 3319 pertinere;
1625 3268 1752 3306 nam
1801 3253 2010 3306 malitia

431 3354 653 3396 sensum
677 3339 895 3408 quidem
925 3340 1190 3407 oblectat;
1225 3341 1404 3396 virtus
1437 3343 1677 3396 animum
1720 3344 2006 3398 exhilarat.

429 3426 643 3492 Quibus
698 3443 1043 3498 consequens
1073 3438 1156 3484 est
1187 3437 1247 3483 ut
1279 3431 1750 3488 commendatione
1778 3440 1832 3488 et
1865 3435 2010 3488 vitu-

432 3521 712 3588 peratione
754 3519 1087 3573 audientium
1129 3531 1337 3577 mentes
1367 3538 1397 3575 a
1435 3523 1579 3577 vitiis
1635 3525 1854 3594 quidem
1915 3526 2012 3580 ab-

431 3615 791 3671 sterreantur,
823 3612 889 3665 ad
921 3613 1175 3666 virtutem
1205 3629 1331 3667 vero
1361 3613 1712 3669 inducantur.
1743 3616 2008 3686 lmproba:

433 3699 578 3752 enim
633 3699 758 3752 vitae
790 3701 974 3754 odium
1034 3703 1315 3772 ingenerat
1346 3704 1590 3772 ejusdem
1628 3707 2005 3778 reprehensio.

432 3793 501 3846 At
532 3793 830 3847 honestatis
864 3794 1102 3852 laudatio
1136 3796 1471 3853 desiderium
1502 3801 1786 3852 meliorum
1817 3817 2010 3855 accen-

430 3879 531 3934 dit.
569 3881 762 3939 Postea
801 3896 856 3938 ut
893 3887 1015 3940 vita:
1047 3887 1288 3943 honesta:
1310 3892 1715 3946 commendatio
1738 3893 2012 3947 efﬁcacior

431 3971 716 4041 efﬁciatur,
769 3986 822 4030 et
888 3979 1132 4031 vivacior
1189 3980 1557 4050 improbitatis
1614 3984 2007 4052 reprehensio.

433 4067 639 4120 mentio
670 4065 916 4122 facienda
953 4076 1036 4122 est
1077 4085 1288 4132 eorum,
1325 4073 1416 4142 qui
1456 4073 1678 4127 virtutis
1712 4073 2012 4141 pulchritu-

430 4157 560 4212 dine
595 4159 993 4226 excelluerunt,
1046 4177 1344 4230 eorumque
1372 4166 1466 4230 qui
1497 4165 1648 4218 vitiis
1680 4173 1734 4219 et
1790 4163 2009 4234 flagitiis

433 4249 809 4304 innatuerunt.
860 4250 1115 4320 Exempla
1167 4256 1310 4309 enim
1386 4255 1729 4316 diversorum
1793 4257 2008 4312 vivendi

434 4357 690 4411 generum
750 4352 873 4413 apte
903 4346 1203 4415 proposita,
1234 4349 1398 4400 animi
1431 4347 1774 4404 affectionem
1812 4359 1865 4403 et
1895 4349 2013 4404 dis-

437 4434 764 4504 positionem
815 4436 1105 4491 intendunt
1134 4450 1189 4492 et
1223 4439 1526 4502 slabiliunt,
1561 4456 1657 4511 spe
1687 4449 1920 4496 mentem
1945 4442 2011 4494 ad

433 4527 637 4596 optima
667 4543 894 4598 quaeque
948 4532 1207 4585 sectanda
1262 4541 1316 4586 et
1350 4533 1578 4588 colenda
1610 4534 1917 4600 alliciente;
1960 4544 2014 4589 et

436 4619 861 4688 reprehensione
879 4636 1066 4674 eorum
1090 4622 1182 4691 qui
1207 4623 1373 4676 vitam
1408 4624 1731 4692 ﬂagitiosam
1763 4632 2010 4695 egerunt,

438 4710 505 4764 ad
555 4710 742 4781 fugam
802 4718 856 4766 et
921 4712 1341 4769 detestationem
1391 4717 1655 4770 similium
1706 4718 2011 4772 studiorum

384 4797 414 4862 -ἴ
435 4801 722 4855 erudiente
753 4809 805 4854 et
837 4801 1118 4855 incitante.
1149 4802 1350 4858 Przeter
1375 4805 1489 4860 haec
1537 4808 1720 4863 omnia
1756 4823 2011 4862 necessa-

395 4875 413 4901 ³
437 4891 579 4944 rium
628 4895 754 4956 erit,
783 4893 1075 4965 utrobique
1113 4902 1282 4949 totam
1312 4896 1542 4952 docendi
1589 4899 1852 4952 rationem
1904 4899 2008 4951 mi-

397 4967 410 5004 ⁸
437 4985 623 5040 nutius
656 4986 812 5054 quasi
861 4987 1138 5043 concisam
1171 4987 1486 5053 instituere;
1512 5003 1638 5042 nam
1675 4989 1757 5043 vel
1788 4988 1839 5042 id
1867 4989 2012 5058 quod

399 5091 406 5099 ·
437 5082 647 5129 rectum
679 5084 733 5130 et
763 5079 1592 5147 honestumestdemonstrabit;
1627 5080 1712 5134 vel
1738 5095 1767 5133 a
1800 5081 2011 5135 facino-

437 5166 591 5220 ribus
632 5165 1043 5234 dehortabitur;
1103 5169 1176 5221 ita
1227 5175 1286 5221 ut
1317 5170 1382 5223 ad
1413 5170 1544 5224 illud
1593 5169 1810 5241 quidem
1839 5171 2010 5226 docu-

439 5257 640 5311 mentis
667 5257 997 5327 quibusdam
1044 5265 1098 5313 et
1148 5261 1375 5315 monitis
1425 5262 1580 5330 quasi
1622 5277 1785 5314 manu
1846 5261 2012 5316 ducat

440 5345 877 5426 auditoremhab
899 5347 1246 5417 improbitate
1272 5357 1454 5403 autem
1491 5351 1738 5404 eumdem
1772 5363 1867 5417 per
1888 5364 2009 5404 ser-

443 5450 634 5492 mones
673 5437 740 5491 ad
766 5438 1197 5494 dehortationem
1226 5441 1504 5512 appositos
1541 5438 1796 5496 abducat.

515 5661 626 5734 (16)
651 5661 748 5734 Ed.
772 5661 955 5734 θηλὴ.

515 5732 626 5806 (17)
661 5730 823 5791 Forte
853 5730 1187 5789 κοινούντων.

2113 2979 2227 3048 ψιν,
2274 2974 2636 3030 ἐστιιταῦτα’
2665 2975 2738 3028 Τὸ
2782 2973 3107 3046 μεμερίσθαι
3158 2973 3293 3044 πρὸς
3339 2972 3592 3042 αἴσθησίν
3627 2989 3679 3023 τε

2113 3067 2206 3118 καὶ
2249 3067 2486 3119 διάνοιαν
2527 3064 2625 3134 τὴν
2667 3064 3021 3134 ἐγγινομένην
3067 3065 3177 3126 τοῖς
3221 3062 3529 3133 ἀνθρώποις
3561 3064 3680 3131 παρ’

2114 3158 2291 3212 αὐτῶν
2339 3158 2713 3229 εὐφροσύνηνο
2762 3155 2862 3225 τῆς
2899 3155 2995 3226 μὲν
3026 3155 3224 3218 κακίας
3248 3154 3554 3224 ἡδυνούσης
3590 3154 3681 3222 τὴν

2112 3249 2383 3321 αἴσθησιν,
2413 3251 2511 3318 τῆς
2553 3249 2610 3302 δὲ
2649 3248 2852 3319 ἀρετῆς
2888 3246 3005 3316 τὴν
3049 3245 3225 3316 ψυχὴν
3273 3245 3680 3315 εὐφραινούσης.

2125 3343 2247 3395 Ἐπὶ
2280 3341 2487 3402 τούτοις
2527 3341 2590 3394 ἂν
2637 3339 2720 3410 εἴη
2758 3336 3046 3392 ἀκόλουθον
3081 3337 3148 3389 δι’
3180 3337 3452 3407 εὐφημίας
3484 3353 3550 3388 τε
3596 3336 3686 3388 καὶ

2110 3431 2363 3501 διαϐολῆς
2412 3431 2509 3502 τὴν
2556 3431 2662 3483 τῶν
2711 3431 3014 3483 ἀκουόντων
3069 3427 3306 3481 διάνοιαν
3352 3427 3593 3496 ἀπάγειν
3629 3444 3686 3480 τε

2111 3523 2206 3577 τοῦ
2261 3523 2523 3595 χείρονος,
2575 3522 2670 3575 καὶ
2724 3521 3099 3592 προσοικειοῦν
3146 3521 3224 3592 τῷ
3276 3519 3506 3590 βελτίονι
3538 3538 3554 3551 ·
3593 3521 3688 3588 τῆς

2117 3613 2215 3684 μὲν
2241 3614 2337 3665 τού
2386 3612 2624 3682 πονηροῦ
2662 3611 2776 3680 βίου
2822 3612 3074 3682 διαϐολῆς
3104 3611 3165 3664 τὸ
3212 3612 3363 3682 μῖσος
3409 3609 3553 3681 πρὸς
3599 3611 3688 3680 τὴν

2114 3704 2308 3756 κακίαν
2335 3702 2604 3774 φερούσης
2624 3719 2637 3732 ”
2679 3700 2770 3754 τοῦ
2808 3701 2866 3753 δὲ
2897 3699 3004 3754 τῶν
3032 3699 3252 3769 ἀγαθῶν
3281 3699 3532 3759 ἐπαίνου,
3559 3698 3690 3768 πρὸς

2113 3796 2172 3848 τὸ
2215 3795 2588 3864 εὐφημότερον
2619 3793 2716 3864 τὴν
2765 3792 3057 3863 ἐπιθυμίαν
3092 3790 3481 3860 ἐφελκομένου.
3539 3789 3692 3843 Μετά

2112 3886 2269 3939 τοῦτο
2323 3885 2379 3939 δὲ
2435 3886 2510 3947 ὡς
2561 3884 2626 3938 ἂν
2672 3885 3023 3956 ἐνεργότερον
3075 3883 3168 3938 τοῦ
3222 3883 3427 3953 ἀγαθοῦ
3468 3883 3593 3952 βίου
3635 3884 3693 3934 τδ

2112 3972 2387 4043 ἐγκώμιον
2420 3973 2648 4040 γένοιτο,
2696 3973 2788 4026 καὶ
2832 3973 3200 4043 ἐμψυχότερος
3249 3975 3276 4026 ό
3319 3972 3411 4024 τοῦ
3450 3973 3696 4042 χείρονος

2111 4065 2296 4135 ψόγος,
2331 4064 2508 4118 αὐτῶν
2539 4065 2808 4136 προσήκει
2831 4065 2939 4118 τῶν
2968 4068 3026 4117 ἐν
3050 4066 3217 4135 ἀρετῇ
3245 4063 3691 4133 θαυμασθέντων,

2115 4159 2207 4211 καὶ
2235 4157 2341 4210 τῶν
2368 4158 2424 4210 ἐν
2457 4157 2623 4227 κακίᾳ
2653 4158 3115 4226 κατεγνωσμένων
3147 4157 3245 4226 τὴν
3278 4161 3500 4226 μνήμην
3543 4156 3695 4223 ποιή-

2116 4246 2330 4299 σασθαι.
2376 4245 2656 4298 Ἐπίτασιν
2699 4245 2805 4316 γάρ
2851 4261 2973 4297 τινα
3007 4244 3106 4314 τῆς
3137 4245 3195 4295 ἐν
3227 4245 3292 4312 τῇ
3322 4243 3472 4311 ψυχῇ
3519 4240 3696 4293 διαθέ-

2115 4357 2253 4403 σεως
2282 4342 2501 4409 ἐμποιεῖ
2546 4339 2640 4392 καὶ
2675 4337 3019 4408 βεϐαιότητα,
3053 4335 3396 4408 προφανέντα
3424 4333 3534 4386 τῶν
3567 4332 3695 4402 βίων

2113 4431 2180 4485 τὰ
2232 4431 2624 4500 ὑποδείγματα,
2663 4429 2798 4499 πρὸς
2844 4428 2941 4499 τὴν
2983 4427 3090 4481 τῶν
3135 4427 3373 4497 ἀρίστων
3401 4424 3696 4493 όμοτιμίαν

2113 4522 2212 4590 τῆς
2254 4521 2467 4584 ἐλπίδος
2505 4520 2604 4590 τὴν
2653 4519 2830 4590 ψυχὴν
2876 4516 3264 4587 ὲιρελκομένης,
3320 4514 3416 4568 καὶ
3451 4514 3556 4581 τῆς
3603 4513 3695 4564 ἐπὶ

2113 4613 2222 4666 τῶν
2255 4611 2718 4681 κατεγνωσμένων
2747 4609 3000 4680 διαϐολῆς
3025 4608 3160 4677 πρὸς
3195 4606 3486 4675 ἀποφυγήν
3510 4621 3571 4656 τε
3601 4606 3694 4656 καὶ

2114 4705 2468 4775 ἀλλοτρίωσιν
2511 4702 2620 4757 τῶν
2657 4703 2859 4770 ὁμοίων
2913 4699 3357 4770 ἐπιτηδευμάτων
3413 4697 3695 4768 παιδοτρι-

2115 4796 2332 4865 ϐούσης.
2387 4795 2508 4847 Ἐπὶ
2539 4796 2672 4846 πᾶσι
2701 4793 2758 4845 δὲ
2790 4791 2997 4854 τούτοις
3023 4791 3315 4859 ἀναγκαῖον
3346 4789 3412 4842 ἂν
3441 4791 3530 4858 εἴη
3560 4789 3696 4860 πρὸς

2115 4888 2372 4957 ἑκάτερον
2401 4885 2605 4938 τούτων
2651 4883 2962 4954 λεπτομερῆ
3005 4901 3125 4935 τινα
3159 4881 3507 4936 διδασκαλίαν
3541 4882 3697 4950 ποιή-

2117 4978 2333 5040 σασθαι,
2382 4979 2417 5048 ἢ
2474 4977 2568 5030 καὶ
2619 4976 2678 5027 τὸ
2736 4977 2981 5045 κρεῖττον
3025 4972 3290 5038 ὑποδείξει
3328 4972 3424 5025 καὶ
3456 4970 3696 5039 ἀποτρέ-

2112 5070 2202 5139 ψει
2255 5069 2368 5140 (18)
2420 5068 2515 5121 τοῦ
2555 5067 2834 5138 χείρονοςο
2879 5066 3016 5136 πρὸς
3044 5065 3202 5118 τοῦτο
3249 5065 3346 5134 μὲν
3392 5063 3696 5132 ὑποθήκαις

2113 5163 2253 5215 τισὶν
2305 5163 2400 5215 καὶ
2441 5161 2769 5231 συμϐουλαῖς
2814 5157 3092 5234 ὁδηγοῦσαν
3118 5157 3216 5228 τὴν
3249 5156 3440 5226 ἀκοὴν,
3486 5155 3598 5208 ἀπὸ
3641 5154 3698 5206 δὲ

2112 5255 2220 5308 τῶν
2271 5253 2536 5324 ’χειρόνων
2588 5250 2677 5305 διὰ
2731 5250 2840 5302 τῶν
2888 5246 3302 5321 άποτρεπτικῶν
3354 5244 3698 5316 ἀπείργουσα

2111 5346 2306 5415 λόγων.

2195 5656 2328 5726 (17‘)
2370 5656 2492 5710 Τῶν
2531 5655 2826 5726 ἑκατέρων,
2846 5655 2934 5711 ed.

2192 5726 2304 5799 (l8)
2356 5728 2676 5798 Ἀποστήσει
2709 5727 2868 5782 forte.
