3838 6224
146 394 245 452 ιτς-ι

1522 389 1590 444 ιιι
1629 385 1968 444 PSALMOS.

3279 367 3380 423 438

205 502 416 557 τούτων
435 503 493 556 δὲ
511 502 651 557 οὕτω
677 503 1182 574 διευκρινηθέντων,
1213 500 1399 572 ἐπειδὴ
1429 499 1704 570 δυσπαρά-

1883 517 1980 572 His
2028 515 2175 570 hunc
2219 512 2272 566 in
2315 509 2534 564 modum
2574 503 2893 574 dijudicatis
2946 511 3000 557 et
3045 501 3381 565 constitutis,

145 595 316 651 δεκτόν
347 596 471 650 ἐστι
496 598 565 669 τῇ
606 594 766 663 φύσει
814 595 922 648 πᾶν
947 594 1008 646 τὸ
1034 593 1172 664 πρὸς
1197 591 1390 667 ἡδονήν
1416 591 1709 661 ἀλλοτρίως

144 685 255 754 ἕχον
307 683 527 754 (ἡδονὴν
570 684 629 736 δὲ
678 683 823 752 λέγω
869 683 965 754 τὴν
1003 681 1098 736 τοῦ
1143 682 1393 754 σώματος
1431 683 1592 752 φίλην
1612 698 1625 711 ο
1673 683 1706 752 ἡ

144 777 243 846 γὰρ
290 776 393 844 τῆς
445 774 627 844 ψυχῆς
682 775 985 846 εὐφροσύνη
1044 773 1223 844 πολλῷ
1275 774 1354 845 τῷ
1412 774 1560 845 μέσῳ
1610 775 1708 845 τῆς

143 869 324 933 ἀλόγου
369 884 432 919 τε
487 867 582 920 καὶ
628 865 1068 938 ἀνδραποδώδους
1121 866 1452 937 ἡδυπαθείας
1499 865 1710 936 ἀπῴκι-

146 957 275 1026 σται)
301 957 412 1027 (19)
437 975 450 988 ·
486 958 616 1010 ἴδιον
659 957 715 1010 δὲ
753 960 976 1028 σημεῖον
1006 957 1266 1029 ἑκατέρου
1295 957 1403 1009 τῶν
1439 957 1587 1027 βίων,
1611 956 1706 1011 τοῦ

144 1053 195 1102 ὲν
225 1052 386 1121 ἀρετῇ
427 1066 488 1102 τε
534 1051 628 1103 καὶ
661 1051 849 1120 κακίᾳ,
891 1049 1049 1102 τούτο
1079 1049 1439 1120 προλαϐόντες
1470 1051 1709 1119 ἐπέγνω-

147 1159 236 1211 μεν
260 1140 394 1208 (20),
435 1141 520 1194 ὅτι
543 1141 632 1195 διὰ
664 1142 762 1211 μὲν
780 1144 880 1211 τῆς
909 1142 1109 1205 κακίας
1160 1141 1511 1195 κολακεύεται
1551 1142 1706 1212 ἡμῶν

144 1233 204 1286 τὰ
227 1236 321 1308 τῆς
367 1233 573 1304 σαρκὸς
619 1232 967 1302 αἰσθητήρια,
1003 1234 1036 1303 ἡ
1081 1232 1138 1284 δὲ
1183 1232 1350 1302 ἀρετὴ
1393 1232 1572 1302 ψυχῆς
1604 1233 1708 1284 εὐ-

145 1325 369 1394 φροσύνη
432 1327 550 1388 τοῖς
620 1324 995 1396 κατορθώσασι
1049 1324 1276 1391 γίνεται.
1331 1325 1456 1387 Τοῖς
1509 1323 1566 1376 δὲ
1611 1323 1708 1377 νῦν

143 1415 508 1485 εἰσαγομένοις
537 1415 674 1486 πρὸς
703 1415 793 1468 τὸν
819 1414 1147 1487 ὑψηλότερον
1184 1415 1319 1485 βίον,
1359 1409 1439 1478 οἷς
1479 1415 1560 1467 ἔτι
1597 1415 1706 1483 (2|)

143 1505 229 1560 τοῦ
253 1506 415 1559 καλοῦ
435 1509 718 1582 κριτήριον
744 1509 776 1576 ἡ
804 1507 1052 1576 αἴσθησις
1071 1503 1209 1559 εἶναι
1229 1507 1393 1570 δοκεῖ,
1421 1505 1575 1560 οὔπω
1595 1506 1706 1576 (‘22)

146 1596 330 1660 ἱκανῶς
357 1597 472 1668 ἔχει
504 1597 746 1668 καθορᾷν
773 1598 834 1650 τὸ
864 1598 1066 1665 ἀγαθὸν
1104 1599 1137 1666 ἡ
1171 1597 1336 1667 ψυχὴ,
1367 1596 1708 1667 ἀγύμναστος

143 1687 215 1740 ἔτι
241 1689 332 1741 καὶ
358 1689 540 1759 ἀήθης
563 1685 695 1742 οὖσα
727 1694 825 1760 τῆς
855 1688 1108 1759 τοιαύτης
1136 1689 1530 1758 κατανοήσεως.
1567 1689 1707 1760 Πρὸς

140 1779 189 1832 δὲ
214 1779 271 1832 τὸ
305 1780 379 1851 μή
407 1780 812 1850 γνωριζόμενον
841 1781 1007 1844 ἅπαν,
1036 1781 1142 1834 κᾶν
1167 1783 1248 1835 ὅτι
1282 1781 1513 1852 μάλιστα
1545 1782 1706 1835 καλὸν

141 1865 191 1941 ᾖ,
222 1871 473 1938 ἀκίνητος
508 1871 665 1941 ἡμῶν
786 1872 1050 1940 ἐπιθυμία
1099 1872 1269 1942 μένει,
1314 1873 1606 1941 ἐπιθυμίας
1650 1873 1704 1926 δὲ

143 1961 210 2031 μή
239 1963 724 2034 προῦπαρχούσης,
765 1964 872 2016 οὐδ’
904 1963 968 2018 ἂν
1001 1965 1164 2035 ἡδονή
1198 1981 1280 2025 τις
1317 1965 1589 2032 ἐγγένοιτο
1613 1965 1704 2017 τοῦ

143 2054 209 2123 μὴ
251 2053 595 2124 ποθουμένου
652 2057 997 2128 πράγματος,
1037 2056 1153 2120 ὁδὸς
1191 2057 1298 2126 γάρ
1335 2059 1415 2120 είς
1441 2057 1632 2127 ἡδονὴν
1679 2059 1705 2109 ό

141 2143 290 2208 πόθος
316 2147 551 2214 γίνεται.
605 2148 942 2217 Ἀναγκαίως
975 2149 1260 2220 ἐπινοῆσαι
1295 2166 1347 2202 τι
1391 2149 1496 2220 χρὴ
1527 2149 1706 2202 τοιοῦ-

141 2252 222 2287 τον
246 2239 353 2299 τοῖς
383 2239 552 2307 μήπω
581 2242 682 2310 τῆς
723 2241 1000 2311 ἀκηράτου
1046 2241 1140 2293 καὶ
1169 2239 1318 2304 θείας
1361 2242 1551 2312 ἡδονῆς
1583 2258 1706 2311 γευ-

140 2329 400 2398 σαμένοις,
458 2332 528 2386 δι’
588 2324 650 2385 οὗ
700 2333 1284 2403 συμπαραδεχθήσεται
1342 2336 1441 2404 τῆς
1506 2335 1706 2405 ἀρετῆς

139 2421 200 2474 τὰ
220 2420 552 2492 διδάγματα,
569 2424 660 2480 διά
681 2442 826 2488 τινος
853 2426 960 2478 τῶν
985 2427 1085 2495 τὴν
1111 2425 1362 2495 αἴσθησιν
1389 2426 1679 2496 εύφραινόν
1696 2455 1708 2464 ~

137 2529 234 2566 των
277 2514 653 2587 ὲφηδυνόμενα
689 2517 824 2587 (25),
876 2516 1128 2588 καθάπερ
1188 2518 1281 2570 καὶ
1336 2520 1450 2579 τοῖς
1500 2519 1706 2588 ἰατροῖς

141 2607 299 2658 ποιεῖν
341 2605 596 2677 σύνηθες,
655 2609 783 2662 ὅταν
815 2626 866 2662 τι
917 2608 1114 2679 πικρόν
1157 2625 1217 2660 τε
1266 2608 1360 2661 καὶ
1407 2607 1705 2677 δύσληπτον

139 2695 233 2749 τῶν
302 2697 678 2769 ἀλεξητηρίων
747 2701 1053 2771 φαρμάκων
1135 2699 1402 2770 εὔληπτον
1473 2700 1679 2752 ποιοῦσι

139 2790 235 2850 τοῖς
267 2789 636 2860 ἀρρωστοῦσι,
676 2793 741 2862 τῇ
783 2790 878 2844 τοῦ
928 2791 1142 2862 μέλιτος
1183 2792 1341 2863 ἡδονῇ
1375 2793 1706 2863 παραρτύον-

139 2895 232 2942 τες.
268 2880 330 2932 Εἰ
353 2881 411 2934 δὲ
439 2882 662 2944 τελείως
689 2884 822 2953 ἡμῖν
851 2885 883 2954 ή
923 2883 1204 2954 εἰσαγωγὴ
1233 2883 1324 2937 τοῦ
1353 2885 1472 2937 κατ’
1504 2885 1704 2956 ἀρετὴν

141 2969 238 3038 βίου
268 2971 355 3025 διὰ
381 2972 492 3025 τῶν
522 2973 827 3044 εἰρημένων
849 2976 1292 3046 τετεχνολὸγηται
1332 2977 1467 3047 (24),
1494 2977 1569 3040 ὡς
1594 2977 1702 3031 δεῖν

138 3062 386 3132 πρότερον
431 3064 534 3134 μὲν
577 3065 673 3118 ἀπ’
707 3065 950 3136 ἀλλήλων
992 3067 1223 3137 χωρίσαι
1253 3067 1321 3120 τὰ
1351 3069 1568 3121 ἐναντία
1595 3069 1702 3121 τῶν

1811 623 1934 664 ωιιι
1970 615 2181 661 naturae
2227 609 2431 658 nostrae
2472 599 2696 655 omnino
2729 597 3014 651 adversum
3038 595 3135 658 sit,
3167 608 3383 646 omnem

1810 699 2027 770 penitus
2062 698 2392 766 voluptatem
2425 691 2716 762 repudiare
2738 689 3094 759 (voluptatem
3117 685 3241 739 dico
3261 699 3378 738 cor--

1808 790 1928 861 pori
1944 787 2280 860 jucundam;
2309 799 2434 839 nam
2456 782 2707 851 voluptas
2726 778 2896 834 animi
2919 777 3080 848 longo
3103 776 3387 831 intervallo

1809 898 1840 937 a
1886 881 2116 936 rationis
2166 885 2390 948 experte
2442 882 2500 929 et
2545 871 2732 928 servili
2782 868 3141 925 delectatione
3174 867 3383 932 distat),

1809 974 2084 1045 propriam
2102 987 2231 1026 vero
2255 978 2439 1024 notam
2488 965 2778 1034 utriusque
2803 962 2948 1028 vitaz,
3000 959 3142 1028 ejus,
3174 959 3386 1013 scilicet

1809 1079 1932 1134 quae
1960 1060 2368 1128 virtuti‘studet,
2389 1068 2448 1115 et
2476 1058 2617 1128 ejus,
2640 1069 2762 1125 qua:
2793 1052 3133 1122 improbitati
3163 1051 3384 1105 addicta

1808 1163 1911 1220 est,
1951 1169 2117 1224 supra
2170 1150 2645 1210 constituerimus,
2679 1145 2828 1214 quod
2875 1143 2988 1198 vita
3027 1142 3174 1196 vitiis
3201 1141 3384 1196 dedita

1810 1261 2007 1302 sensus
2054 1257 2354 1312 eorumque
2403 1253 2607 1308 organa
2667 1234 3007 1299 demulceat;
3055 1233 3163 1285 vita
3201 1239 3384 1285 autem

1809 1337 2025 1392 virtutis
2057 1335 2304 1391 studiosa
2335 1340 2546 1386 mentes
2569 1337 2716 1384 recte
2744 1325 3020 1395 agentium
3057 1323 3310 1377 oblectet.
3343 1324 3384 1376 li

1809 1443 1939 1482 vero
1962 1427 2054 1496 qui
2089 1425 2158 1478 ad
2200 1423 2575 1479 sublimiorem
2627 1420 2794 1472 vitam
2855 1423 3107 1472 recenter
3161 1415 3380 1473 initiati,

1810 1516 2012 1587 quibus
2036 1515 2177 1568 ratio
2204 1512 2418 1567 honesti
2447 1508 2804 1581 dignoscendi
2830 1507 3009 1562 adhuc
3027 1505 3239 1560 videtur
3262 1520 3384 1559 esse

1811 1623 2029 1672 sensus,
2095 1604 2413 1659 inﬁrmioris
2488 1610 2617 1658 sunt
2664 1602 2851 1665 animi,
2921 1613 3086 1669 quam
3146 1606 3206 1652 ut
3251 1600 3383 1652 satis

1812 1699 2102 1768 perspicue
2125 1697 2466 1751 honestatem
2507 1693 2707 1746 intueri
2737 1691 2973 1755 valeant,
3005 1703 3130 1744 cum
3150 1696 3384 1744 mentem

1817 1789 1994 1843 adhuc
2021 1786 2235 1851 rudem,
2283 1793 2335 1839 et
2363 1785 2418 1838 in
2451 1782 2762 1853 hujusmodi
2808 1782 2884 1836 rei
2921 1779 3384 1849 contemplatione

1817 1877 2230 1933 inexercitatam
2259 1877 2528 1937 habeant;
2555 1882 2610 1928 et
2639 1873 2704 1926 ad
2731 1871 2781 1925 id
2813 1871 2961 1941 quod
2990 1871 3250 1940 {ignotum
3275 1877 3384 1934 est,

1810 1971 1937 2024 licet
1992 1968 2421 2039 pulcherrimum
2472 1966 2570 2028 sit,
2623 1965 2846 2018 immota
2903 1969 3121 2016 maneat
3170 1977 3384 2031 semper

1806 2062 2037 2130 cupido;
2069 2061 2216 2114 nulla
2264 2068 2446 2113 autem
2489 2058 2727 2112 humana
2786 2063 3063 2125 praeeunte
3105 2054 3380 2124 cupidine,

1812 2153 1960 2205 nulla
1990 2153 2151 2207 etiam
2187 2150 2479 2205 delectatio
2503 2148 2581 2202 rei
2618 2162 2724 2201 non
2749 2145 3072 2201 desideratas
3098 2156 3391 2213 exsurgat:

1808 2257 1935 2295 nam
1961 2242 2045 2295 via
2077 2240 2143 2294 ad
2167 2238 2581 2294 delectationem
2606 2246 2688 2291 est
2719 2235 3030 2306 cupiditas;
3063 2235 3264 2290 talibus
3295 2251 3385 2289 ne-

1811 2333 2054 2388 cessario
2089 2330 2293 2400 aliquid
2321 2329 2632 2399 hujusmodi
2681 2327 3098 2397 excogitandum
3130 2336 3232 2392 est,
3288 2327 3386 2396 qui

1809 2424 2042 2479 necdum
2081 2438 2229 2492 pura:
2253 2431 2306 2477 et
2335 2421 2529 2475 divinae
2562 2419 2714 2475 illius
2741 2418 3033 2488 voluptatis
3060 2427 3191 2472 sunt
3222 2433 3382 2488 capa-

1806 2533 1918 2582 ces,
1951 2533 2060 2586 quo
2115 2525 2372 2585 tanquam
2415 2513 2596 2568 medio
2644 2512 2865 2566 virtutis
2928 2511 3260 2565 documenta
3326 2520 3381 2566 et

1806 2609 2058 2663 instituta
2098 2607 2260 2661 simul
2315 2605 2598 2675 percipere
2649 2611 2873 2674 queant,
2911 2603 3094 2673 aliquo
3147 2618 3212 2657 ex
3268 2601 3395 2657 illis

1805 2715 1929 2770 quae
1965 2713 2186 2754 sensum
2260 2696 2527 2752 deliniant
2602 2696 2790 2750 suavia
2840 2693 3053 2750 eﬂecta.
3108 2694 3267 2760 Quod
3326 2704 3391 2748 et

1805 2790 2034 2845 medicis
2068 2789 2123 2842 in
2148 2803 2299 2842 more
2320 2789 2560 2857 positum
2583 2795 2687 2851 est,
2717 2801 2840 2840 cum
2870 2800 3117 2838 amarum
3140 2792 3383 2854 potuque

1804 2883 2160 2952 injucundum
2221 2879 2676 2934 medicamentum
2747 2893 2915 2932 suave
2967 2887 3018 2931 et
3076 2876 3380 2945 jucundum

1803 2974 2024 3042 aegrotis
2050 3019 2054 3023 .
2079 2970 2508 3037 etiiciunt,'dum
2537 2971 2668 3024 illud
2700 2971 2874 3025 mellis
2930 2970 3221 3026 dulcedine
3243 2985 3379 3026 con-

1801 3062 1981 3118 diunt.
2020 3060 2076 3116 Si
2129 3061 2294 3131 igitur
2323 3060 2563 3131 perfecte
2624 3075 2654 3113 a
2710 3058 2869 3113 nobis
2907 3058 3100 3113 tradita
3136 3067 3220 3114 est
3259 3060 3381 3114 vita-

137 3151 593 3224 ἐπιτηδευμάτων,
627 3153 744 3209 εἶτα
777 3156 1034 3227 ἑκάτερον
1073 3157 1250 3210 αὐτῶν
1285 3157 1360 3228 τῷ
1405 3159 1519 3229 ἰδίῳ
1563 3177 1702 3226 γνω-

1809 3159 2010 3208 sanctae
2057 3151 2352 3216 institutio,
2387 3150 2662 3213 videlicet,
2702 3148 2848 3219 quod
2883 3148 3251 3203 necessarium
3286 3149 3377 3212 sit,

138 3242 346 3314 ρίσματι
379 3247 814 3316 σημειώσασθαι,
852 3248 945 3301 καὶ
979 3249 1117 3319 μετὰ
1156 3249 1314 3302 τοῦτο
1342 3249 1401 3302 τὸ
1435 3251 1532 3320 μὲν
1576 3251 1703 3304 ἀπο-

137 3334 383 3406 σεμνύναι
423 3338 507 3404 τῷ
535 3337 695 3409 λόγῳ,
725 3339 787 3392 τὸ
813 3339 868 3392 δὲ
898 3340 1128 3408 φευκτὸν
1158 3340 1222 3392 ἐκ
1253 3341 1504 3410 διαϐολῆς
1530 3342 1704 3412 ἀπερ-

141 3427 391 3492 γάσασθαι
411 3445 428 3459 ⁸
457 3430 576 3492 τοῖς
606 3446 666 3482 τε
689 3429 799 3483 τῶν
821 3433 1107 3501 ἐπισήμων
1133 3431 1340 3502 ἀνδρῶν
1371 3431 1702 3502 ὑποδείγμα-

135 3533 207 3571 σιν
233 3519 542 3592 ἐπιρρῶσαι
575 3521 710 3592 πρὸς
740 3522 998 3590 ἑκάτερον
1023 3521 1120 3592 τήν
1152 3522 1412 3582 διάνοιαν,
1451 3524 1545 3575 καί¹
1582 3527 1703 3586 ταῖς

135 3613 372 3679 μερικαίς
405 3610 714 3683 ὑποθήκαις
759 3612 857 3682 τήν
882 3629 942 3666 τε
972 3612 1108 3682 πρὸς
1129 3612 1189 3664 τὸ
1221 3612 1421 3680 ἀγαθὸν
1463 3613 1700 3681 ἄγουσαν

132 3699 238 3754 ὁδὸν
265 3702 569 3769 ὑποδεῖξαι,
620 3704 713 3757 καὶ
749 3704 1057 3775 ἀποτρέψαι
1099 3703 1193 3756 τοῦ
1228 3705 1497 3774 χείρονοςο
1546 3706 1608 3758 τό
1642 3723 1701 3759 τε

133 3794 496 3864 κατεσκληκὸς
524 3797 618 3849 καὶ
657 3795 928 3866 ἀνδρῶδες
965 3799 1065 3867 τῆς
1095 3797 1315 3868 ἀρετῆς,
1350 3797 1446 3868 ἡδὺ
1476 3801 1699 3868 ποιῆσαι

133 3885 235 3945 τοῖς
283 3887 636 3956 νηπιάζουσι,
683 3888 772 3941 διά
819 3905 962 3951 τινος
1007 3889 1116 3941 τῶν
1159 3889 1558 3958 εύφραινόντων
1600 3890 1698 3960 τὴν

136 3974 368 4047 αἴσθησιν
417 3979 578 4050 ἡμῶν
604 3980 1048 4051 γλυκαινὸμενον,
1090 3982 1280 4052 καιρὸς
1317 3981 1382 4035 ἂν
1405 3980 1489 4053 εἴη
1530 3998 1699 4035 κατα·-

135 4070 330 4138 νοῆσαι,
361 4071 486 4135 πῶς
532 4072 622 4124 διὰ
665 4075 762 4143 τῆς
809 4071 1176 4143 θεωρηθείσης
1222 4071 1425 4142 ταύτης
1464 4072 1703 4143 τεχνολο-

135 4156 269 4224 γίας,
290 4161 442 4213 πᾶσα
471 4164 748 4232 προῆκται
767 4164 900 4232 ἡμῖν
923 4164 956 4232 ἡ
981 4163 1068 4219 διὰ
1085 4162 1191 4215 τῶν
1205 4163 1435 4234 ψαλμῶν
1455 4163 1703 4218 διδασκα·

135 4248 237 4314 λία,
300 4255 399 4324 τῆς
448 4271 514 4308 τε
559 4256 760 4319 κακίας
805 4255 1138 4327 ἀπείργουσα
1181 4258 1275 4311 καὶ
1319 4257 1455 4329 πρὸς
1500 4258 1699 4328 ἀρετὴν

136 4341 488 4417 ἐφελκομένη.

1803 3246 1958 3314 prius
1979 3257 2230 3313 separare
2265 3257 2294 3295 a
2333 3256 2392 3296 se
2423 3251 2614 3294 mutuo
2641 3241 2894 3312 apposita
2928 3240 3048 3294 vitae
3069 3255 3288 3310 genera.
3326 3251 3381 3294 et

1804 3339 1886 3392 sic
1904 3337 2164 3404 deinceps
2192 3343 2488 3404 utrumque
2511 3334 2626 3389 suis
2650 3335 2796 3388 notis
2818 3333 3133 3389 discernere
3165 3341 3218 3386 et
3243 3331 3383 3390 deti.-

1805 3430 1946 3492 nire,
1975 3436 2029 3482 et
2058 3437 2173 3481 tum
2196 3427 2396 3480 docere
2423 3425 2652 3479 alterum
2674 3426 2922 3479 oratione
2950 3423 3283 3479 eﬂ‘erendum
3324 3433 3380 3478 et

1805 3518 2308 3583 cohonestandum;
2363 3517 2618 3581 alterum,
2669 3516 2902 3585 utquod
2947 3515 3136 3586 fugere
3171 3515 3382 3575 deceat.

1805 3610 2208 3683 vituperatione
2247 3607 2587 3664 afﬁciendum
2646 3623 2802 3673 esse;
2850 3608 3114 3677 exemplis
3167 3623 3384 3678 quoque

1806 3702 2103 3759 illustrium
2167 3701 2408 3754 virorum
2464 3697 2872 3752 conﬁrmandas
2917 3705 2970 3752 et
3024 3697 3381 3753 concitandas

1807 3801 2016 3848 mentes
2060 3791 2126 3845 ad
2158 3797 2468 3858 utrumque,
2527 3798 2582 3843 et
2638 3789 2969 3858 specialibus
3029 3788 3384 3843 documentis

1804 3886 1968 3946 viam,
1993 3898 2114 3952 qua:
2139 3881 2291 3936 ducit
2310 3880 2374 3934 ad
2406 3888 2634 3943 rectum,
2665 3879 3078 3945 ostendendam,
3104 3889 3161 3935 et
3190 3881 3258 3935 ab
3280 3881 3385 3934 im-

1806 3973 2080 4044 probitate
2103 3971 2345 4024 animum
2369 3969 2785 4031 abducendum;
2813 3969 3144 4039 virtutisque
3174 3970 3383 4038 asperi-

1799 4075 1988 4130 tatem,
2007 4072 2061 4119 et
2081 4063 2294 4117 virilem
2315 4063 2474 4132 quasi
2499 4062 2869 4125 severitatem,
2895 4063 3046 4116 velut
3077 4062 3382 4119 infantibus

1800 4157 2234 4229 temperandam,
2266 4171 2472 4225 perque
2505 4153 2710 4224 aliquid
2745 4154 2889 4225 quod
2934 4155 3121 4210 sensui
3167 4166 3384 4224 gratum

1807 4251 1900 4319 sit,
1949 4249 2302 4319 mitigandam
2342 4263 2499 4311 esse;
2559 4253 2774 4316 tempus
2825 4245 2938 4314 jam
2987 4246 3204 4316 exigere
3237 4245 3385 4300 vide-

1805 4351 1916 4408 tur,
1955 4350 2014 4397 ut
2041 4341 2418 4411 explanemus,
2475 4338 2751 4408 quomodo
2804 4335 3104 4392 secundum
3137 4347 3306 4391 artem
3327 4343 3387 4391 et

137 4438 392 4494 rationem
422 4438 780 4509 explicatam,
814 4439 1014 4493 tradita
1032 4440 1190 4496 nobis
1213 4439 1284 4496 sit
1307 4456 1403 4511 per
1449 4441 1697 4499 Psalmos
1758 4439 1936 4498 omnis
1993 4434 2267 4498 doctrina,
2313 4447 2434 4502 quae
2463 4447 2494 4485 a
2545 4431 2752 4487 malitia
2802 4444 2906 4486 nos
2944 4437 3174 4493 avertat,
3200 4438 3253 4484 et
3313 4429 3382 4486 ad

137 4533 340 4590 virtutis
364 4535 612 4591 studium
644 4534 961 4591 inﬂammet.

668 4670 1062 4724 ΚΕΦΑΛΑΙΟΝ
1100 4670 1171 4725 Γ.

201 4829 418 4897 Πρῶτον
474 4831 686 4892 τοίνυν,
741 4833 803 4883 ἐκ
858 4832 964 4902 γὰρ
1009 4832 1117 4885 τῶν
1175 4833 1497 4887 τελευταίων
1547 4837 1709 4907 ἀρχό-

144 4919 268 4987 μεθα
294 4921 407 4991 (25)
432 4922 533 4991 τῆς
565 4920 881 4986 ἐξετάσεως,
913 4926 1276 4994 σκοπήσωμεν
1316 4927 1414 4997 τήν
1443 4927 1706 4990 ἐπίνοιαν,

140 5008 198 5060 δι’
224 5005 288 5080 ἦς
313 5011 458 5064 οὕτω
488 5011 730 5080 σκληρὰν
767 5029 826 5063 τε
859 5012 954 5065 καὶ
987 5012 1233 5066 σύντονον
1259 5010 1424 5068 οὖσαν
1449 5016 1548 5085 τήν
1589 5017 1707 5070 κατ’

142 5098 325 5171 ἀρετήν
351 5101 647 5164 πολιτείαν,
679 5103 778 5171 τήν
825 5119 882 5154 τε
935 5102 1043 5155 τῶν
1091 5103 1401 5176 μυστηρίων
1447 5107 1704 5176 αἰνιγματ-

142 5190 270 5260 τώδη
298 5192 666 5258 διδασκαλίαν,
701 5195 794 5246 καὶ
825 5193 919 5264 τήν
941 5194 1248 5265 ἀπόρρητόν
1268 5212 1327 5248 τε
1347 5197 1438 5248 καί
1457 5213 1704 5266 κεκρυμ-

144 5277 298 5351 μένην
329 5281 444 5352 (26)
469 5283 808 5352 δυσεφίκτοις
850 5283 1165 5355 θεωρήμασι
1209 5285 1506 5354 θεολογίαν,
1535 5285 1705 5350 οὕτως

139 5369 391 5442 εὔληπτόν
422 5392 480 5428 τε
511 5376 602 5428 καὶ
620 5375 877 5445 γλυκεῖαν
909 5377 1185 5448 ἐποίησεν,
1210 5376 1286 5440 ὡς
1319 5378 1394 5448 μὴ
1427 5377 1586 5449 μόνον
1619 5396 1705 5432 τε·

204 5552 312 5627 (ξῼ)
349 5552 698 5627 Ὑπερκείται
725 5571 867 5613 unus
889 5555 1035 5623 cod.;
1067 5556 1372 5627 ὑπόκειται,
1402 5557 1489 5614 ed.

205 5623 314 5694 (ﬁt?)
346 5625 716 5694 ’ᾼπέγνωμεν,
739 5627 824 5683 ed.

207 5691 320 5761 (21)
347 5693 467 5746 Ἔτι
503 5691 614 5748 om;
639 5695 726 5751 ed.

208 5762 318 5840 (ἢ)
341 5762 514 5828 Οὕτω,
533 5762 620 5821 ed.

2413 4672 2642 4731 CAPUT
2679 4673 2768 4728 Ill.

1876 4839 2154 4910 Principio
2202 4837 2368 4907 igitur
2418 4837 2488 4906 (a
2535 4835 2830 4906 postremis
2877 4833 3022 4889 enim
3069 4831 3384 4903 ordiemur)

1809 4947 2030 4988 causam
2070 4927 2451 4997 indagabimus
2470 4965 2486 4989 ,
2521 4927 2593 4980 ob
2620 4941 2783 4996 quam
2803 4964 2819 4989 ,
2857 4939 2982 4979 cum
3014 4923 3150 4978 adeo
3179 4924 3288 4976 vita
3314 4937 3382 4976 ex

1809 5026 2013 5080 virtute
2061 5030 2186 5076 acta
2233 5020 2470 5074 diliicilis
2516 5019 2589 5076 sit
2633 5027 2688 5073 et
2732 5018 2944 5082 ardua;
2998 5014 3383 5086 mysteriorum

1810 5123 1992 5169 tamen
2045 5123 2101 5166 et
2145 5111 2456 5166 divinorum
2503 5115 2841 5164 secretorum
2888 5105 3286 5176 aenigmaticam
3330 5115 3382 5160 et

1811 5205 2161 5260 umbratilem
2188 5203 2495 5257 doctrinam
2518 5240 2532 5264 ,
2564 5209 2618 5254 et
2648 5198 3121 5268 inexplicabilibus
3175 5197 3360 5251 involu

1811 5306 1920 5352 tam
1976 5294 2309 5366 tegumentis
2357 5291 2726 5362 theologicam
2777 5289 3221 5352 institutionem,
3273 5295 3383 5343 tam
3451 5299 3455 5306 ‘

1811 5386 2028 5442 facilem
2056 5394 2221 5456 captu
2249 5393 2302 5441 et
2326 5383 2626 5454 jucundam
2664 5381 2904 5438 eﬂecerit
2926 5420 2941 5446 ,
2973 5388 3034 5435 ut
3077 5395 3187 5435 non
3220 5379 3382 5436 modo

1884 5562 1998 5630 (ὶῦ)
2023 5561 2188 5616 Forte
2209 5564 2294 5630 ἐφ’
2392 5560 2714 5630 ἡδυνὸμεθα.

1888 5633 2001 5700 (Μ)
2029 5632 2188 5686 Forte
2207 5633 2620 5701 τεχνολογεῖται.

1886 5703 2000 5768 (25)
2043 5701 2380 5772 Ἀρχώμεθα,
2414 5701 2502 5755 ed.

1885 5773 1997 5842 (26)
2027 5773 2393 5842 Κεκριμὲνην,
2415 5772 2499 5825 (ιιί.
