3838 6224
467 328 578 384 ισν

1733 340 1790 397 S.
1831 341 2158 400 GREGORII
2184 345 2478 402 NYSSENI

3609 351 3712 408 4ἐο

469 445 570 499 viri
603 442 857 514 perfecti,
905 455 960 500 et
1005 447 1207 516 quibus
1233 450 1345 519 jam
1390 451 1560 506 animi
1604 468 1765 510 sensa
1811 471 2020 527 perpur-

2139 460 2301 524 λείοις
2325 461 2548 532 ἀνδράσι
2575 462 2685 524 τοῖς
2715 460 2814 530 ἤδη
2849 458 3278 529 κεκαθαρμένοις
3310 459 3377 513 τὰ
3416 462 3516 531 τῆς
3541 461 3711 534 ψυχῆς

465 545 588 606 gata
625 545 789 604 sunt,
819 538 1183 593 eruditionem
1234 541 1374 597 hanc.
1412 554 1796 614 assequantur,
1845 549 1939 602 sed
1977 556 2037 602 ιιι

463 628 709 682 eamdem
739 637 794 682 et
829 631 1083 686 mulieres
1117 631 1218 686 sibi
1257 643 1510 704 tanquam
1545 641 1822 707 propriam
1857 639 2036 693 vindi-

462 727 624 786 cent;
680 719 1117 791 infantibusque,
1165 725 1585 795 crcpundiorum
1629 730 1823 794 instar,
1875 733 2034 786 volu-

464 819 667 880 ptatem
703 815 875 883 pariat
907 833 921 880 ;
953 824 1006 870 et
1035 815 1328 886 decrepitis
1356 819 1534 874 baculi
1582 834 1635 876 et
1667 825 1866 892 quietis
1913 825 2034 880 loco

461 905 853 974 obtingat;illi
891 923 1052 974 vero,
1084 911 1283 978 quibus
1328 921 1458 966 tetas
1506 913 1682 984 viget,
1726 915 1888 984 hujus
1936 916 2032 972 do-

460 999 653 1050 ctrinae
677 997 877 1051 donum
909 1015 1069 1054 suum
1104 1016 1228 1056 esse
1253 1002 1566 1058 existiment
1595 1023 1610 1071 ;
1647 1005 1693 1060 is
1723 1015 1902 1061 autem
1939 1008 2030 1078 qui

460 1087 606 1140 tristi
640 1095 724 1142 est
758 1088 940 1140 animo
969 1097 1022 1142 et
1057 1091 1196 1145 male
1231 1090 1422 1148 affecto
1456 1094 1526 1148 ob
1554 1105 1809 1149 eventum
1844 1113 2032 1167 quem-

457 1178 639 1246 piam,
688 1188 911 1249 propter
956 1198 1016 1236 se
1063 1183 1349 1252 scripturae
1400 1185 1562 1253 hujus
1608 1189 1838 1256 gratiam
1889 1188 2030 1242 divi-

457 1267 608 1322 nitus
651 1269 870 1324 missam
914 1287 1035 1325 esse
1081 1276 1286 1327 credat.
1331 1274 1410 1328 Ad
1447 1275 1597 1342 hazc,
1642 1277 1735 1346 qui
1784 1278 1887 1332 iter
1931 1295 2027 1333 seu

380 1381 395 1392 --
457 1364 603 1409 terra
652 1373 750 1412 seu
795 1360 929 1412 mari
969 1360 1216 1425 faciunt,
1254 1363 1459 1433 quique
1499 1365 1839 1421 sedentarias
1880 1375 2028 1422 artes

456 1458 755 1509 exercent,
801 1457 857 1504 et
904 1459 962 1504 ut
1009 1467 1122 1506 rem
1170 1453 1225 1507 in
1265 1469 1438 1524 pauca
1477 1456 1788 1522 conferam,
1834 1473 2027 1515 omnes

455 1545 564 1591 tam
597 1540 700 1592 viri
733 1557 894 1609 quam
940 1543 1234 1609 mulieres,
1275 1546 1642 1616 quodcunque
1682 1550 1806 1604 vita:
1853 1567 2026 1619 genus

454 1635 756 1696 sectentur,
789 1632 919 1702 azgri
953 1633 1115 1687 simul
1161 1650 1226 1689 ac
1273 1635 1446 1700 ﬁrmi,
1499 1639 1760 1693 damnum
1807 1656 1867 1696 se
1914 1645 2022 1710 pati

453 1721 820 1786 arbitrantur,
853 1724 900 1780 si
935 1740 1042 1780 non
1077 1741 1291 1797 semper
1325 1729 1378 1782 in
1419 1744 1514 1784 ore
1557 1731 1844 1786 sublimem
1883 1733 2024 1788 hanc

2139 554 2462 625 αἰσθητήρια
2497 554 2596 625 τὴν
2633 551 2978 606 διδασκαλίαν
3025 550 3227 622 ταύτην
3287 552 3710 619 σπουδάζεσθαι,

2135 644 2271 698 ἀλλὰ
2320 645 2410 697 καὶ
2441 645 2540 715 τῆς
2581 642 3014 708 γυναικωνίτιδος
3049 639 3178 694 ίδιον
3227 641 3477 710 γενέσθαι
3511 645 3710 714 κτῆμα,

2137 735 2232 788 καὶ
2255 736 2469 806 νηπίοις
2496 735 2575 798 ῶς
2608 752 2660 788 τι
2698 735 2804 787 τῶν
2836 734 3162 804 ἀθυρμάτων
3189 734 3379 805 ἡδονὴν
3395 737 3600 806 φέρειν,
3626 739 3714 792 καὶ

2134 830 2246 889 τοῖς
2289 827 2766 897 παρηλικεστέροις
2823 825 2932 895 (27)
2975 826 3095 878 ἀντὶ
3153 825 3449 898 βακτηρίας
3503 846 3564 880 τε
3623 833 3714 882 καὶ

2127 918 2493 981 ἀναπαύσεως
2524 919 2787 987 γίνεσθαι,
2821 918 2912 971 τόν
2943 935 3002 969 τε
3039 917 3482 987 φαιδρυνάμενον,
3516 921 3712 973 ἑαυτοῦ

2132 1010 2373 1080 νομίζειν
2423 1007 2559 1063 εἶναι
2608 1011 2706 1079 τῆς
2762 1009 3107 1072 διδασκαλίας
3153 1010 3352 1078 ταύτης
3401 1011 3459 1064 τὸ
3506 1012 3711 1082 δῶρον·

2132 1102 2225 1154 καὶ
2258 1103 2347 1155 τὸν
2375 1101 2713 1173 σκυθρωπῶς
2743 1106 2806 1155 ὲκ
2846 1103 3215 1172 περιστάσεως
3258 1102 3621 1173 διακείμενον,
3650 1104 3715 1156 δι’

2131 1194 2291 1246 αὑτὸν
2322 1194 2528 1248 οἴεσθαι
2566 1194 2662 1264 τὴν
2692 1192 2945 1263 τοιαύτην
2984 1194 3084 1264 τῆς
3126 1194 3344 1265 γραφῆς
3377 1197 3535 1264 χάριν
3567 1195 3713 1249 δεδό-

2130 1285 2275 1339 σθαι.
2319 1284 2750 1354 Ὀδοιποροῦντές
2805 1302 2864 1336 τε
2914 1283 3049 1356 πρὸς
3103 1286 3309 1346 τούτοις
3359 1286 3454 1336 καὶ
3512 1283 3712 1338 θαλατ-

2128 1378 2374 1441 τεύοντες
2423 1377 2731 1446 ἄνθρωποι.
2781 1376 2814 1446 ἦ
2859 1393 2999 1428 τισιν
3049 1377 3371 1446 ἐπιδιφρίοις
3426 1377 3714 1444 ἐργασίαις

2129 1469 2676 1540 προσασχολούμενοι,
2733 1472 2825 1520 καὶ
2872 1468 3071 1530 παντες
3121 1467 3233 1535 (2‘5)
3276 1468 3614 1534 ἁπαξαπλῶς
3657 1470 3713 1521 ὲν

2128 1565 2293 1616 πᾶσιν
2344 1562 2763 1633 ἐπιτηδεύμασιν
2816 1560 3005 1632 ἄνδρες
3062 1577 3120 1612 τε
3173 1559 3266 1612 καὶ
3314 1561 3600 1626 γυναῖκες,
3654 1561 3712 1610 ὲν

2129 1655 2286 1725 ὑγεία
2314 1672 2371 1707 τε
2407 1655 2500 1708 καὶ
2531 1653 2829 1725 ἀρρωστίᾳ,
2853 1653 3056 1722 ζημίαν
3088 1649 3384 1712 ποιοῦνται,
3416 1650 3478 1702 τὺ
3513 1650 3590 1721 μὴ
3623 1650 3710 1704 διὰ

2130 1745 2394 1814 στόματος
2443 1745 2540 1813 τὴν
2595 1745 2801 1815 ὑψηλὴν
2849 1743 3053 1813 ταύτην
3105 1741 3448 1794 διδασκαλίαν
3501 1742 3708 1812 φέρειν.

454 1809 858 1868 institutionem
906 1815 1315 1872 circumferant.
1354 1817 1472 1873 1am
1513 1836 1643 1876 vero
1685 1831 1740 1875 et
1770 1823 2020 1877 convivia

2131 1803 2272 1904 Ἤδη
2307 1803 2389 1886 δὲ-
2541 1835 2608 1887 τὰ
2642 1803 2941 1904 συμπόσια,
2983 1803 3078 1886 καὶ
3125 1835 3181 1885 αί
3213 1833 3446 1903 γαμικαὶ
3493 1803 3711 1902 ιραίδρὸ-

453 1912 509 1954 et
537 1904 807 1972 nuptiales
834 1905 1139 1963 hilaritates
1165 1909 1562 1980 phil050phiam
1600 1913 1770 1979 hanc,
1803 1923 1864 1968 ut
1894 1930 2022 1984 par-

455 2001 577 2071 tem
597 1997 834 2062 laetitiae,
863 1999 981 2054 suis
1010 2000 1448 2069 jucunditatibus
1477 2004 1755 2058 asciscunt
1774 2043 1790 2067 ,
1835 2013 1897 2058 ut
1939 2015 2024 2059 ta-

454 2099 680 2141 ceamus
709 2087 951 2142 divinam
987 2090 1134 2142 illam
1171 2091 1225 2144 in
1260 2094 1547 2147 nocturnis
1592 2095 1892 2164 pervigiliis
1928 2112 2026 2165 per

448 2176 693 2244 psalmos
722 2179 937 2234 institui
968 2181 1186 2234 solitam
1223 2182 1574 2253 hymnodiam
1603 2226 1617 2247 ,
1656 2184 2024 2257 Ecclesizequc

448 2266 507 2320 in
561 2266 649 2322 itis
705 2267 1063 2326 decantandis
1108 2280 1419 2326 accuratam
1468 2273 1836 2331 sedulitatem.

519 2421 653 2486 Quae
687 2421 850 2493 igitur
877 2437 1046 2478 causa
1073 2423 1364 2479 irieﬂabilis
1393 2425 1539 2480 illius
1566 2426 1884 2496 voluptatis,
1917 2443 2024 2498 qua

447 2521 644 2570 cantus
669 2529 804 2570 suos
835 2531 1065 2586 magnus
1084 2514 1255 2569 David
1279 2517 1520 2586 perfudit
1547 2534 1560 2583 ;
1591 2519 1662 2572 ob
1688 2534 1851 2588 quam
1885 2522 2025 2576 adeo

443 2615 598 2676 grata
641 2617 695 2662 et
723 2617 942 2676 accepta
966 2615 1050 2662 est
1099 2610 1422 2664 mortalibus
1469 2609 1808 2666 Psalmorum
1852 2612 2024 2668 disci-

443 2698 642 2768 plina?
691 2697 952 2754 Fortasse
993 2700 1167 2754 cuivis
1216 2711 1526 2771 promptum
1575 2701 1738 2756 fuerit
1801 2719 2026 2758 causam

441 2791 649 2855 dicere,
673 2802 896 2861 prOpter
923 2807 1087 2860 quam
1109 2790 1245 2846 adeo
1263 2792 1619 2856 delectamur,
1645 2810 1767 2848 cum
1790 2795 1854 2849 ad
1876 2795 2027 2850 Psal-

443 2895 565 2938 mos
594 2899 779 2937 curam
811 2890 866 2937 et
898 2882 1281 2951 cogitationem
1314 2885 1704 2940 convertimus.
1723 2883 2025 2940 Verborum

440 2976 587 3029 enim
651 2975 943 3030 melodiam
998 2983 1292 3045 aptamque
1332 2977 1760 3031 concinnitatem
1802 2993 2025 3032 causam

441 3081 588 3130 esse,
607 3080 706 3119 cur
729 3073 879 3118 tanta
909 3066 1110 3120 mentis
1135 3065 1425 3119 dulcedine
1448 3065 1639 3121 deillis
1665 3067 2021 3122 disseramus.

441 3155 727 3234 Egovero,
755 3155 860 3211 etsi
879 3155 934 3210 id
965 3172 1152 3209 verum
1181 3171 1304 3210 esse
1335 3156 1526 3212 lubens
1549 3157 1745 3223 fateor,
1768 3159 2024 3214 existimo

441 3255 623 3301 tamen
647 3247 752 3301 hoc
774 3247 952 3317 ipsum
978 3262 1088 3301 non
1119 3249 1554 3316 praetereundum
1575 3290 1589 3313 ,
1613 3251 1706 3305 sed
1735 3252 2024 3320 diligenter

441 3337 845 3392 discutiendum
867 3353 1013 3394 esse.
1039 3337 1265 3392 Videtur
1294 3341 1439 3394 enim
1473 3342 1650 3409 majus
1679 3342 1938 3411 quiddam
1967 3353 2022 3398 et

437 3429 797 3497 praestantius
845 3428 1116 3484 insinuari
1163 3446 1328 3498 quam
1384 3433 1540 3486 multi
1589 3432 1876 3500 judicent,
1925 3449 2021 3502 per

440 3519 845 3590 philosophiam
881 3521 932 3574 in
958 3522 1190 3577 melodia
1217 3524 1622 3594 verborumque
1647 3526 2020 3580 modulatione

440 3613 627 3668 sitam.
662 3613 807 3680 Quid
849 3613 1018 3684 igitur
1061 3624 1180 3682 est,
1221 3618 1369 3688 quod
1402 3619 1572 3672 volo?
1610 3620 1806 3674 Audivi
1840 3635 2019 3689 quem-

439 3704 565 3759 dam
595 3721 662 3760 ex
694 3707 1004 3776 sapientum
1037 3724 1264 3765 numero
1284 3751 1298 3775 ,
1332 3725 1457 3765 cum
1491 3711 1558 3765 de
1589 3718 1784 3765 natura
1819 3723 2013 3766 nostra

439 3795 752 3863 dissereret,
770 3799 1039 3855 alﬁrmare
1054 3801 1326 3856 hominem
1343 3817 1468 3856 esse
1484 3817 1711 3872 parvum
1726 3803 1984 3857 mundum
1998 3845 2012 3864 ,

438 3889 622 3942 omnia
651 3890 709 3944 in
737 3906 798 3946 se
826 3893 1273 3962 complectentem
1299 3933 1314 3958 ,
1347 3910 1468 3962 qua:
1496 3895 1549 3948 in
1581 3910 1780 3964 magno
1813 3895 2016 3949 mundo

439 3981 815 4051 reperiuntur.
859 3984 930 4038 At
973 3985 1212 4039 universi
1259 3984 1427 4054 hujus
1471 3985 1760 4054 dispositio
1800 3987 2014 4041 musica

436 4075 687 4146 quaedam
722 4078 1008 4132 harmonia
1039 4087 1092 4134 et
1123 4079 1503 4133 convenientia
1533 4087 1646 4141 est,
1692 4077 2013 4134 multiformi

437 4167 676 4234 quodam
705 4169 971 4238 varioque
999 4168 1192 4222 ordine
1218 4177 1273 4222 et
1304 4169 1678 4223 concinnitate
1703 4183 1888 4223 secum
1919 4183 2013 4222 co-

435 4261 656 4334 pulata,
685 4261 898 4333 sibique
935 4263 1055 4332 ipsa
1087 4263 1478 4328 consentiens;
1524 4277 1554 4315 a
1595 4277 1705 4331 quo
1741 4271 2010 4318 concentu

434 4355 588 4408 nullo
613 4367 853 4424 unquam
879 4364 1121 4424 tempore
1149 4354 1307 4408 avelli
1335 4362 1545 4423 potest,
1578 4354 1702 4408 licet
1728 4355 2011 4424 multiplex

2126 1943 2303 1996 τητες,
2340 1927 2415 1988 ὡς
2449 1926 2613 1995 μέρος
2657 1925 2991 1994 εὐφροσύνης
3032 1924 3129 1995 τὴν
3160 1925 3474 1993 φιλοσοφίαν
3508 1924 3710 1993 ταύτην

2127 2019 2184 2070 ἐν
2237 2020 2358 2080 ταῖς
2409 2017 2694 2089 θυμηδίαις
2748 2017 3282 2088 παραλαμϐάνουσιν,
3315 2017 3402 2068 ἵνα
3446 2016 3710 2086 παρῶμεν

2126 2108 2222 2175 τὴν
2250 2107 2428 2159 ἔνθεον
2471 2109 2528 2158 έν
2569 2107 2690 2168 ταῖς
2739 2105 3023 2174 παννυχίσι
3060 2104 3145 2157 διὰ
3178 2105 3379 2158 τούτων
3414 2106 3707 2175 ὑμνῳδίαν,

2127 2200 2220 2252 καὶ
2255 2199 2362 2251 τῶν
2410 2198 2711 2269 ἐκκλησιῶν
2755 2196 3197 2267 ἐσπουδασμένην
3227 2198 3284 2248 ἐν
3321 2195 3534 2259 τούτοις
3565 2197 3709 2265 φιλο-

2130 2292 2338 2358 σοφίαν.

2196 2445 2291 2507 Τίς
2322 2443 2414 2499 οὖν
2437 2445 2469 2514 ἡ
2495 2445 2705 2498 ἐπίνοια
2745 2446 2843 2516 τῆς
2883 2447 3160 2517 ἀφράστου
3195 2446 3398 2516 ταύτης
3435 2447 3534 2498 καὶ
3563 2445 3705 2509 θείας

2127 2537 2339 2608 ἡδονῆς,
2368 2536 2434 2607 ἣν
2463 2537 2686 2607 κατέχεε
2715 2538 2822 2591 τῶν
2853 2539 3195 2607 διδαγμὰτων
3240 2541 3268 2590 6
3315 2539 3490 2608 μέγας
3524 2538 3702 2601 Δασὶδ,

2126 2629 2214 2681 διὰ
2253 2625 2320 2699 ἧς
2370 2628 2510 2681 οὕτω
2565 2629 2790 2698 γέγονεν
2833 2631 3234 2699 εύπαρὰδεκτον
3290 2631 3355 2699 τῇ
3403 2630 3566 2697 φύσει
3601 2630 3705 2680 τῶν

2127 2719 2428 2790 ἀνθρώπων
2475 2719 2537 2773 τό
2585 2721 2846 2791 μάθημα;
2891 2723 3178 2794 πρόχειρον
3220 2721 3318 2791 μὲν
3365 2723 3498 2784 ἴσως
3554 2722 3705 2774 παντὶ

2128 2813 2298 2863 εἰπεῖν
2327 2810 2423 2881 τὴν
2456 2811 2654 2873 αἰτίαν,
2695 2812 2814 2864 καθ’
2845 2813 2912 2882 ἢν
2953 2815 3010 2865 ὲν
3052 2813 3211 2884 ἡδονῇ
3239 2813 3335 2882 τὴν
3387 2816 3444 2864 ὲν
3502 2812 3704 2873 τούτοις

2131 2902 2358 2972 μελέτην
2388 2900 2702 2974 ποιούμεθα·
2739 2903 2798 2955 τὸ
2830 2904 2938 2972 γὰρ
2979 2903 3231 2973 μελῳδεῖν
3265 2905 3331 2955 τὰ
3362 2905 3602 2976 ῥήματα,
3629 2902 3704 2954 εῖν

2129 3014 2218 3049 ποι
2247 3014 2328 3059 τις
2353 2996 2418 3050 ἂν
2441 2999 2610 3049 αἴτιον
2655 2992 2790 3048 εἶναι
2840 2995 2934 3047 τοῦ
2983 2995 3098 3065 μεθ’
3123 2993 3313 3065 ἡδονῆς
3343 2994 3471 3063 περὶ
3507 2993 3704 3045 τούτων

2127 3091 2395 3155 διεξιέναι.
2443 3091 2582 3158 Ἐγὼ
2616 3089 2672 3142 δὲ
2713 3088 2816 3142 κᾶν
2842 3082 3090 3156 ἀληθὲςῇ
3122 3085 3299 3148 τοῦτο,
3331 3085 3474 3156 φημὶ
3497 3084 3603 3136 δεῖν
3632 3085 3706 3154 μὴ

2129 3182 2371 3253 παριδεῖν
2421 3181 2747 3252 ἀθεώρητον.
2773 3180 2956 3232 Ἔοικε
3003 3179 3112 3249 γὰρ
3159 3178 3338 3246 μεῖζόν
3383 3195 3454 3237 τι.
3487 3176 3522 3246 ἢ
3565 3177 3706 3228 κατὰ

2123 3277 2221 3346 τὴν
2266 3275 2374 3326 τῶν
2412 3272 2620 3325 πολλῶν
2654 3271 2888 3324 διάνοιαν
2935 3268 3349 3339 ὑποσημαίνειν,
3395 3268 3429 3337 ἠ
3474 3266 3563 3317 διὰ
3607 3263 3705 3333 τῆς

2127 3363 2386 3435 μελῳδίας
2425 3361 2728 3431 φιλοσοφία.
2760 3359 2824 3411 Τί
2871 3355 2960 3412 οὖν
3010 3361 3156 3410 ἐστιν
3189 3357 3219 3409 ὃ
3258 3355 3426 3424 genui;
3457 3355 3710 3407 Ἤκουσὰ

2121 3472 2264 3518 τινος
2292 3454 2400 3508 τῶν
2429 3456 2608 3524 σοφῶν
2637 3455 2725 3507 τὸν
2754 3454 2884 3526 περὶ
2915 3453 3013 3522 τῆς
3047 3453 3260 3522 φύσεως
3291 3450 3446 3521 ἡμῶν
3490 3447 3711 3514 διεξιόν-

2119 3565 2210 3612 τος
2246 3548 2424 3616 λόγον,
2450 3548 2532 3600 δτι
2568 3545 2760 3616 μικρός
2805 3563 2888 3608 τις
2934 3545 3133 3613 κόσμος
3163 3541 3311 3593 ἐστὶν
3337 3542 3367 3592 6
3397 3540 3707 3610 ἄνθρωπος.

2121 3642 2296 3693 πάντα
2320 3639 2456 3709 ἔχων
2488 3640 2544 3690 ἐν
2583 3637 2760 3707 ἑαυτῷ
2781 3637 2847 3689 τὰ
2885 3634 2979 3688 τοῦ
3027 3634 3258 3704 μεγάλου
3291 3633 3520 3702 κόσμου.
3562 3631 3627 3683 Ἠ
3653 3629 3710 3682 δὲ

2117 3730 2212 3784 τού
2258 3730 2460 3792 παντὸς
2503 3729 2878 3798 διακόσμησις,
2917 3727 3149 3797 ἁρμονία
3183 3727 3264 3788 τίς
3305 3726 3421 3776 ἐστι
3473 3725 3709 3794 μουσικὴ

2119 3816 2409 3871 πολυειδῶς
2439 3819 2534 3869 καὶ
2568 3817 2826 3879 ποικίλως
2868 3816 3010 3868 κατά
3043 3832 3163 3868 τινα
3197 3814 3347 3877 τάξιν
3384 3816 3480 3866 καὶ
3506 3813 3712 3884 ῥυθμὸν

2120 3903 2254 3972 πρὸς
2288 3903 2483 3973 ἑαυτὴν
2515 3903 2856 3974 ήρμοσμένη,
2900 3903 2994 3955 καὶ
3038 3904 3203 3972 ἑαυτῇ
3255 3902 3581 3972 συνᾴδουσα,
3616 3903 3715 3954 καὶ

2120 3993 2388 4065 μηδέποτε
2436 3994 2548 4065 (29)
2578 3994 2676 4062 τῆς
2717 3993 3034 4063 συμφωνίας
3084 3991 3290 4062 ταύτης
3328 3991 3712 4061 διασπωμένη,
3745 3983 3753 4040 ἶ

2115 4087 2163 4136 εἰ
2192 4084 2284 4137 καὶ
2313 4083 2480 4154 πολλή
2523 4101 2606 4146 τις
2641 4085 2700 4134 ὲν
2740 4085 2852 4144 τοῖς
2903 4080 3022 4134 καθ’
3045 4081 3274 4134 ἕκαστον
3315 4082 3348 4148 ἡ
3392 4079 3502 4132 τῶν
3539 4080 3716 4132 ὅντων

2113 4175 2344 4247 διαφορὰ
2370 4175 2673 4246 θεωρεῖται.
2707 4169 2830 4227 Οἴον
2867 4175 2974 4244 γὰρ
3009 4175 3099 4226 ἐπὶ
3126 4173 3219 4226 τοῦ
3252 4172 3531 4242 πλήκτρου
3565 4173 3716 4238 γίνε-

2112 4284 2202 4320 ται
2225 4267 2320 4320 τοῦ
2350 4267 2616 4336 τεχνικῶς
2637 4267 2942 4336 ἁπτομένου
2976 4265 3082 4317 τῶν
3113 4264 3303 4329 τόνων,
3339 4263 3434 4316 καὶ
3462 4264 3526 4314 τὸ
3549 4263 3715 4332 μέλος

2113 4354 2171 4408 ὲν
2220 4358 2285 4426 τῇ
2315 4356 2558 4426 ποικιλία
2597 4355 2704 4407 τῶν
2749 4354 3002 4423 φθόγγων
3052 4353 3420 4424 προάγοντος,
3464 4352 3545 4416 ὡς
3591 4355 3712 4420 εἴγε

434 4448 510 4503 sit
538 4449 594 4502 in
625 4445 858 4517 singulis
887 4461 1071 4502 rerum
1109 4446 1399 4513 generibus
1424 4445 1732 4500 diﬂ‘erentia
1758 4453 1812 4500 et
1839 4453 2012 4500 muta-

2130 4447 2394 4516 κονοειδής
2421 4464 2504 4509 τις
2532 4448 2590 4499 ὲν
2615 4449 2779 4500 πᾶσιν
2817 4449 2846 4499 ὁ
2870 4447 3103 4514 φθόγγος
3131 4442 3221 4516 ἦν,
3242 4445 3349 4498 οὐδ’
3378 4444 3446 4497 ἂν
3473 4445 3712 4514 συνέστη

434 4540 534 4595 tio.
575 4537 733 4605 Quod
763 4538 907 4593 enim
952 4539 1008 4592 in
1052 4538 1257 4606 plectro
1305 4553 1400 4592 seu
1453 4539 1855 4602 instrumento,
1900 4553 2011 4608 quo

431 4633 684 4685 musicus
715 4630 914 4696 utitur,
943 4629 1250 4700 contingit,
1279 4629 1409 4682 dum
1443 4628 1742 4683 artificiose
1775 4629 2011 4685 chordas

430 4721 640 4792 tangit,
687 4729 1129 4790 concentutnque
1175 4720 1439 4774 varietate
1488 4735 1748 4774 sonorum
1791 4722 2014 4776 concin-

430 4829 564 4867 num
611 4814 893 4884 producit,
935 4814 1010 4869 ita
1059 4823 1119 4867 ut
1161 4813 1208 4870 si
1255 4814 1310 4867 in
1359 4815 1616 4869 omnibus
1656 4814 1798 4868 idem
1840 4829 2009 4870 sonus

427 4913 611 4965 esset,
653 4917 1001 4973 nequaquam
1043 4902 1256 4956 varium
1299 4901 1432 4956 illud
1465 4903 1636 4959 melos
1664 4903 2005 4959 eﬂiceretur:

431 4993 576 5048 idem
602 4992 657 5048 in
685 4993 852 5064 hujus
877 4993 1117 5049 universi
1143 5002 1574 5064 temperamento
1599 4995 1794 5049 accidit
1821 5013 1836 5062 ;
1865 4995 2010 5065 quod

428 5097 497 5136 ex
529 5083 890 5154 Singularium
921 5098 1106 5137 rerum
1134 5083 1500 5137 mutabilitate
1528 5093 1792 5138 constans
1813 5123 1830 5149 ,
1861 5084 2010 5139 ordi-

429 5183 560 5228 nata
606 5175 842 5246 quadam
879 5184 936 5230 et
974 5175 1302 5229 immutabili
1337 5175 1478 5230 serie
1523 5184 1577 5230 et
1628 5177 2007 5232 convenientia

431 5267 538 5322 sibi
579 5268 942 5330 connectitur,
971 5267 1319 5336 partiumque
1355 5282 1480 5320 cum
1509 5275 1625 5321 toto
1657 5268 2006 5323 concordiam

432 5371 490 5414 et
540 5359 1004 5429 conspirationem
1053 5356 1328 5422 elliciens,
1381 5357 1758 5413 harmonicam
1807 5360 2006 5426 istam,

431 5449 648 5521 sibique
695 5466 763 5506 ex
801 5451 949 5506 omni
991 5459 1145 5521 parte
1190 5450 1570 5506 concinentem
1614 5451 1903 5506 melodiam
1955 5461 2008 5506 ct

501 5661 614 5729 (9.7)
647 5662 1136 5734 Παρηλικωτέροις,
1167 5665 1251 5728 ed.

504 5734 618 5806 (23)
641 5736 702 5786 Οἱ
729 5734 854 5788 add.
889 5736 972 5789 ed.

2117 4541 2332 4604 πάντως
2363 4540 2424 4592 τὸ
2455 4540 2641 4608 μέλος-
2668 4538 2840 4602 οὕτως
2869 4539 2964 4591 καὶ
2998 4539 3032 4604 ἡ
3063 4537 3156 4590 τοῦ
3188 4537 3388 4600 παντὸς
3414 4539 3612 4607 κρᾶσις
3652 4540 3712 4589 ἑν

2117 4633 2380 4694 ποικίλοις
2406 4631 2513 4684 τῶν
2541 4629 2662 4683 καθ’
2685 4631 2913 4683 ἕκαστον
2961 4631 3018 4681 ὲν
3059 4627 3137 4698 τῷ
3177 4629 3365 4698 κόσμῳ
3395 4628 3710 4697 θεωρουμέ-

2117 4742 2223 4778 νων
2249 4723 2336 4776 διά
2361 4740 2504 4784 τινος
2527 4721 2859 4790 τεταγμένου
2885 4737 2940 4772 τε
2978 4720 3069 4772 καὶ
3099 4719 3453 4790 ἁπαραδάτου
3497 4719 3710 4788 ῥυθμοῦ

2116 4815 2253 4884 αὑτὴ
2283 4813 2482 4882 ἑαυτῆς
2505 4813 2806 4882 ἁπτομένη.
2837 4812 2930 4865 καὶ
2966 4811 3064 4881 τὴν
3091 4810 3199 4862 τῶν
3253 4810 3433 4880 μερῶν
3469 4810 3610 4880 πρὸς
3651 4811 3712 4861 το

2116 4908 2236 4961 ὅλον
2261 4906 2625 4973 εὐαρμοστίαν
2647 4904 3006 4974 ἐργαζομένη,
3038 4903 3134 4973 τὴν
3167 4903 3535 4972 παναρμόνιον
3572 4903 3710 4954 ταύ-

2115 5017 2213 5070 την
2247 5001 2303 5050 ὲν
2335 4997 2414 5068 τῷ
2443 4997 2606 5050 παντὶ
2634 4998 2960 5066 μουσουργεί
2990 4995 3276 5064 μελῳδίαν,
3319 4990 3387 5064 ἦς
3431 4994 3711 5062 ἀκροατὴς

2114 5093 2142 5144 ὁ
2172 5089 2295 5151 νοῦς
2320 5089 2548 5156 γίνεται,
2580 5088 2699 5140 κατ’
2723 5088 2874 5140 οὐδὲν
2916 5090 2980 5158 τῇ
3011 5088 3146 5157 ἀκοῇ
3176 5084 3349 5156 ταύτῃ
3390 5083 3715 5154 συγχρώμε-

2115 5197 2225 5242 νος,
2259 5177 2374 5231 ἀλλ’
2406 5177 2770 5248 ὑπερκύπτων
2802 5177 2872 5230 τὰ
2899 5179 2997 5246 τῆς
3026 5175 3224 5246 σαρκὸς
3251 5173 3584 5245 αἰσθητήρια
3617 5175 3714 5227 καὶ

2112 5272 2224 5325 ἄνω
2250 5272 2561 5340 γενόμενος,
2589 5269 2762 5332 οὕτως
2800 5270 2978 5322 ἐπαῖει
3008 5269 3110 5337 τῆς
3152 5267 3259 5320 τῶν
3291 5266 3540 5337 οὐρανῶν
3581 5267 3713 5336 ὑμν-

2114 5362 2300 5431 ῳδίας.
2334 5362 2434 5424 ’Ὧς
2471 5379 2559 5432 μοι
2593 5362 2738 5414 δοκεῖ
2788 5362 2881 5415 καὶ
2924 5363 2952 5413 6
2990 5362 3160 5430 μέγας
3195 5359 3489 5430 ἀκηκοέναι
3523 5359 3710 5420 Δαόὶδ,

2111 5455 2200 5507 ὅτε
2261 5453 2350 5507 διὰ
2400 5454 2502 5523 τῆς
2555 5453 2934 5523 θεωρουμένης
2974 5453 3152 5515 αὐτοῖς
3203 5451 3453 5520 τεχνικῆς
3500 5467 3563 5502 τε
3617 5451 3713 5504 καὶ

2191 5672 2302 5742 (ἳθ)
2333 5674 2582 5745 Μήποτε,
2614 5671 2698 5728 ed.
