3838 6224
231 317 333 372 ιιι

1600 322 1665 377 IN
1705 321 2050 378 BSALMOS.

3399 317 3507 372 με

231 428 517 497 πανσόφου
551 431 838 500 κινήσεως,
871 429 969 502 τὴν
999 429 1156 496 δόξαν
1201 431 1294 485 τοῦ
1337 431 1396 486 ἐν
1442 431 1625 495 αὐτοῖς
1657 433 1817 486 ταῦτα

1933 437 2350 486 consonantiam
2388 432 2533 500 parit
2554 468 2570 492 ,
2607 428 2770 500 cujus
2796 429 3010 484 auditor
3037 437 3121 483 est
3145 427 3362 483 animus
3382 467 3397 490 ,
3435 429 3507 482 ab

230 517 594 590 ἐνεργοῦντος
628 519 761 572 Θεοῦ
795 520 1165 591 διηγουμένων
1191 522 1590 593 ἐπηκροάσατο.

1933 523 2122 577 auditu
2171 521 2276 576 hoc
2325 535 2589 591 corporeo
2625 529 2973 591 segregatus,
3014 528 3069 575 et
3107 534 3271 589 supra
3324 520 3509 576 carnis

229 611 398 680 hujus
427 626 806 682 sensuumque
829 629 1031 684 organa
1059 624 1281 670 evectus
1309 635 1322 670 :
1352 617 1432 672 sic
1457 616 1600 669 enim
1629 615 1942 671 cmlestium
1973 623 2339 670 concentuum
2374 614 2433 668 ﬁt
2457 629 2626 684 capax
2654 631 2670 681 ;
2728 628 2887 682 quos,
2918 626 3040 668 meo
3099 610 3325 680 judicio.
3388 623 3510 663 ma-

228 721 370 776 gnus
400 705 598 761 itidem
617 706 786 762 David
810 709 1091 778 percepit,
1114 710 1335 779 quando
1360 726 1456 780 per
1482 711 1626 764 illam
1649 751 1663 775 ,
1695 727 1818 780 qua:
1879 712 1932 764 in
1991 711 2148 765 caelis
2200 718 2455 779 apparet,
2501 707 2960 778 sapientissimam
3001 715 3056 760 et
3119 703 3508 760 artiticiosissi-

231 811 375 849 mam
441 799 777 868 motionem,
809 801 1038 872 gloriam
1091 801 1206 868 Dei,
1253 811 1463 858 motum
1516 805 1668 858 illum
1708 805 1763 859 in
1819 805 2140 860 caalestibus
2187 803 2509 873 corporibus
2558 801 2878 865 efﬁcientis,
2927 800 3102 856 cmlos
3152 807 3503 869 enarrantes,

226 891 444 945 audivit
476 893 555 947 ".

309 1027 562 1096 Ἀληθῶς
594 1027 703 1099 γάρ
729 1029 827 1100 τῆς
852 1028 1140 1099 ἀνεφίκτου
1168 1048 1228 1084 τε
1254 1033 1349 1085 καὶ
1379 1034 1656 1104 άφράστου
1689 1033 1824 1086 Θεοῦ

226 1117 418 1188 ὥξης,
463 1118 641 1190 ὕμνος
685 1123 800 1174 ἐστὶ
825 1121 904 1192 τῷ
961 1123 1186 1192 τοιούτῳ
1237 1125 1428 1195 ῥυθμῷ
1480 1126 1825 1197 προσαγόμε-

227 1227 315 1273 νος
343 1212 483 1280 (30),
518 1216 555 1279 ἡ
581 1213 678 1282 τῆς
712 1213 939 1278 κτίσεως
967 1214 1145 1285 πάσης
1179 1216 1314 1285 πρὸς
1342 1217 1542 1287 ἑαυτὴν
1573 1217 1822 1287 συνῳδία,

223 1302 314 1354 διὰ
369 1302 484 1356 τῶν
558 1303 814 1357 ἐναντίων
885 1307 1327 1377 συγκεκραμένη.
1379 1307 1663 1368 Ἑναντίως
1715 1305 1824 1377 γάρ

229 1391 340 1461 ἔχει
370 1393 514 1462 πρὸς
547 1393 750 1464 ἄλληλα
781 1393 969 1458 στάσις
1017 1397 1111 1448 καὶ
1161 1397 1392 1466 κίνησις.
1425 1397 1609 1451 Ταῦτα
1642 1398 1698 1451 δὲ
1735 1401 1822 1451 κέ-

229 1501 426 1553 κραται
466 1488 589 1554 μετ’
623 1486 864 1558 ἀλλήλων
905 1489 963 1539 ὲν
1003 1489 1070 1558 τῇ
1129 1487 1289 1555 φύσει
1341 1487 1451 1540 τῶν
1487 1488 1676 1543 ὄντων.
1713 1491 1822 1543 Καί

229 1593 309 1638 τις
336 1575 628 1646 ἀμήχανος
655 1580 714 1630 ὲν
740 1578 922 1641 αὐτοῖς
950 1578 1245 1650 καθορᾶται
1284 1579 1392 1632 τῶν
1432 1581 1821 1649 ἀντικειμένων

2005 1028 2145 1084 Vere
2173 1030 2318 1084 enim
2365 1029 2659 1082 inaccessa:
2686 1035 2742 1080 et
2776 1023 3177 1094 inexplicabilis
3208 1023 3395 1094 gloria:
3419 1022 3505 1078 di-

1939 1122 2074 1174 vina:
2105 1121 2340 1191 hymnus
2367 1134 2430 1174 ex
2479 1119 2580 1173 ista
2613 1117 2989 1172 convenientia
3029 1124 3224 1172 enatus
3252 1125 3337 1171 est
3359 1155 3374 1178 .
3405 1131 3505 1171 cu-

1927 1213 2155 1282 juslibet
2183 1218 2448 1267 creatura:
2472 1227 2657 1264 secum
2682 1219 2736 1264 et
2767 1225 2893 1264 cum
2925 1209 3049 1263 aliis
3078 1216 3377 1262 concentus
3395 1249 3409 1273 ,
3437 1223 3506 1264 ex

1929 1301 2223 1358 contrariis
2257 1307 2670 1368 attemperatus.
2706 1297 2992 1352 Contraria
3036 1298 3182 1351 enim
3227 1306 3357 1351 sunt
3390 1311 3507 1351 mo-

1928 1403 2020 1450 tus
2051 1401 2105 1449 et
2133 1393 2312 1463 quies.
2345 1393 2412 1446 At
2455 1391 2571 1444 hazc
2611 1400 2800 1445 mutuo
2836 1392 2890 1444 in
2925 1404 3105 1443 rerum
3143 1397 3339 1442 natura
3369 1397 3506 1443 tem-

1930 1492 2115 1552 perata
2159 1491 2321 1544 sunt,
2360 1479 2654 1550 Videreque
2689 1487 2774 1534 est
2810 1480 2867 1533 in
2906 1480 3042 1548 ipsis
3083 1479 3501 1534 iuenarrabilem

1930 1573 2220 1643 quamdam
2271 1571 2673 1624 contrariorum
2731 1571 3042 1624 mistionem
3077 1612 3091 1634 ,
3142 1577 3202 1624 ut
3249 1572 3303 1624 in
3354 1580 3501 1626 Inotu

232 1666 506 1735 μίξις,,ὼς
544 1670 641 1721 καὶ
670 1670 727 1722 ὲν
759 1672 824 1741 τῇ
861 1670 1072 1740 κινήσει
1101 1669 1162 1722 τὸ
1208 1671 1466 1740 στάσιμον
1494 1669 1817 1737 δείκνυσθαι,

1928 1664 2086 1732 quies
2132 1663 2439 1727 elucescat,
2489 1670 2542 1716 et
2591 1662 2648 1715 in
2683 1677 2755 1716 eo
2801 1661 2947 1730 quod
2988 1677 3097 1716 non
3135 1671 3408 1727 movetur,
3449 1661 3501 1716 id

229 1757 320 1810 καὶ
351 1761 409 1812 ἐν
435 1758 518 1829 τῷ
550 1760 627 1831 μὴ
667 1761 969 1831 κινουμένῳ
993 1760 1053 1813 τὸ
1088 1761 1416 1832 ἀεικίνητον.
1449 1761 1692 1815 Κινείται
1724 1762 1824 1832 μὲν

229 1850 335 1920 γὰρ
373 1851 442 1904 τά
477 1852 604 1903 κατ’
640 1852 865 1923 οὐρανὸν
894 1853 982 1905 ἀεὶ
1006 1853 1203 1917 πάντα,
1242 1852 1276 1923 ἢ
1315 1851 1393 1922 τῷ
1432 1853 1662 1906 ἁπλανεί
1694 1870 1826 1924 συμ-

229 1941 632 2011 περιπολοῖΝια
685 1941 886 2012 κύκλῳ,
923 1942 956 2012 ἦ
1008 1942 1151 1996 κατὰ
1199 1943 1260 1996 τὸ
1304 1943 1543 1996 ἐναντίον
1583 1943 1672 1996 διὰ
1717 1945 1824 1996 τῶν

231 2031 524 2100 πλανητῶν
585 2033 990 2104 ἁνελισσὸμενα.
1043 2033 1281 2105 Ἕστηκε
1329 2035 1386 2088 δὲ
1440 2035 1668 2087 πάντοτε
1727 2037 1824 2088 καὶ

229 2120 319 2173 ἐπὶ
365 2121 468 2192 τῆς
510 2122 839 2193 ταυτότητος
875 2123 1024 2192 μένει
1051 2126 1080 2175 6
1106 2127 1168 2177 ὲν
1212 2124 1421 2188 τούτοις
1459 2125 1666 2196 είρμδς,
1700 2127 1822 2179 ούδέ

229 2225 357 2262 ποτε
393 2210 508 2262 ἀπὸ
545 2209 644 2263 τοῦ
693 2213 750 2264 ὲν
795 2204 840 2278 ᾧ
878 2214 1024 2266 ἐστιν
1064 2215 1145 2282 ἐφ’
1180 2213 1365 2284 ἕτερόν
1392 2231 1443 2267 τι
1477 2214 1658 2267 καινδν
1687 2216 1820 2286 μεθ-

231 2301 541 2371 ιστάμενος,
583 2302 698 2355 ἀλλ’
735 2303 822 2355 ἀεὶ
851 2303 1108 2367 ὡσαύτως
1137 2304 1296 2374 ἔχων,
1337 2306 1430 2359 καὶ
1463 2309 1520 2359 ἐν
1551 2305 1628 2376 τῷ
1675 2307 1822 2376 αὐτῴ

227 2391 520 2462 διαμένων.
564 2395 633 2447 Ἦ
659 2395 836 2448 τοίνυν
868 2394 960 2449 τοῦ
987 2397 1223 2460 ἑστῶτος
1249 2397 1385 2468 πρὸς
1413 2395 1473 2449 τὸ
1505 2397 1822 2467 κινούμενον

233 2482 445 2548 σύνοδος
494 2487 556 2538 ὲν
596 2487 902 2558 τεταγμένῃ
927 2488 1032 2540 τινὶ
1062 2488 1157 2540 καὶ
1183 2489 1299 2541 ἀπα
1311 2489 1527 2558 ραὸάτῳ
1563 2489 1818 2561 γινομένη

228 2569 315 2623 διὰ
347 2571 556 2635 παντὸς
587 2574 942 2646 εὐαρμοστίᾳ,
987 2578 1220 2648 μουσική
1262 2579 1346 2640 τίς
1392 2578 1538 2630 ἐστιν
1586 2579 1822 2649 ἁρμονία

231 2657 540 2728 σύγκρατον
575 2662 668 2714 ml.
701 2663 990 2717 θεσπεσίαν
1033 2663 1136 2735 τῆς
1175 2665 1236 2718 τὸ
1281 2668 1390 2719 πᾶν
1423 2666 1821 2739 διακρατούσης

229 2750 512 2822 δυνάμεως
539 2754 810 2824 ὑμνῳδίαν
841 2755 1197 2811 ἀποτελοῦσα.
1236 2751 1342 2821 Ἦς
1380 2775 1469 2828 μοι
1497 2758 1644 2812 δοκεῖ
1673 2761 1762 2812 καὶ
1792 2763 1820 2814 6

232 2843 406 2910 μέγας
419 2845 585 2898 Δαυῖδ
605 2847 661 2899 ἐν
685 2847 950 2916 ἀκροάσει
975 2848 1264 2918 γενόμενος
1292 2850 1464 2902 εἰπεῖν
1495 2849 1550 2903 ἔν
1577 2868 1681 2902 τινι
1709 2850 1818 2903 τῶν

228 2933 479 3006 ψαλμῶν,
509 2937 594 2990 ὅτι
627 2939 834 2991 αἰνοῦσι
871 2940 964 2991 τὸν
1001 2939 1134 2991 Θεὸν
1170 2940 1232 2992 αἴ
1266 2957 1325 2992 τε
1357 2940 1512 2995 ἄλλαι
1538 2941 1813 3012 δυνάμεις,

231 3022 347 3088 (31)
377 3025 433 3076 αἱ
454 3025 578 3076 κατ’
603 3025 834 3095 οὐρανὸν
860 3029 1052 3089 πᾶσαι,
1071 3029 1163 3080 καὶ
1193 3027 1253 3081 τὸ
1274 3028 1517 3100 ἀστρῶον
1539 3006 1726 3099 φῶςξό
1755 3047 1815 3083 τε
1844 3006 1885 3064 C

229 3113 379 3181 ἥλιος
399 3115 496 3168 καὶ
514 3117 548 3186 ἡ
568 3116 790 3187 σελήνη,
812 3117 905 3170 καὶ
923 3117 1098 3172 οίτῶν
1118 3119 1362 3190 οὐρανῶν
1384 3121 1620 3193 οὐρανοὶ,
1645 3123 1817 3176 καὶτὸ

232 3205 623 3277 ὑπερουράνιον
646 3207 820 3279 ὕδωρ,
858 3208 968 3277 (52)
1005 3211 1086 3263 ὃτι
1121 3212 1251 3263 ποτὲ
1285 3211 1344 3263 τὸ
1373 3211 1517 3283 ὕδωρ
1546 3213 1692 3282 λέγει
1724 3215 1820 3267 καὶ

230 3293 298 3347 τὰ
332 3296 459 3366 ἑῆς
505 3298 683 3350 πάντα
728 3300 828 3352 ὃσα
855 3302 888 3370 ή
923 3300 1097 3362 κτίσις
1134 3299 1266 3370 ἔχει.
1310 3301 1372 3354 Ἢ
1403 3301 1512 3373 γάρ
1539 3303 1648 3354 τῶν
1681 3304 1819 3356 πάν-

232 3400 337 3438 των
365 3386 504 3456 πρὸς
533 3387 740 3456 ἄλληλα
769 3388 1044 3458 σύμπνοιά
1077 3405 1132 3442 τε
1167 3391 1260 3443 καὶ
1303 3393 1636 3462 συμπάθεια,
1668 3394 1818 3459 τάξει

231 3477 324 3527 καὶ
350 3477 542 3548 κόσμῳ
590 3481 686 3532 καὶ
722 3479 1012 3552 ἀκολουθίᾳ
1056 3483 1422 3556 διοικουμένη,
1457 3487 1490 3556 ἡ
1527 3486 1718 3557 πρώτη
1755 3505 1817 3540 τε

232 3567 321 3618 καὶ
363 3569 676 3639 άρχέτυπος
729 3573 825 3624 καὶ
864 3573 1073 3643 ἀληθής
1119 3577 1233 3628 ἐστι
1273 3579 1534 3647 μουσική·
1569 3579 1636 3650 ἢν
1669 3582 1696 3632 6
1724 3579 1818 3632 τοῦ

233 3662 424 3723 παντὸς
463 3663 766 3734 ἁρμοστὴς,
803 3665 882 3735 τῷ
922 3667 1146 3738 ἀρρήτῳ
1179 3669 1278 3738 τῆς
1323 3671 1515 3737 σοφίας
1556 3671 1698 3741 λόγῳ
1731 3672 1819 3725 διὰ

234 3752 336 3803 τῶν
376 3754 464 3805 ἀεὶ
503 3754 870 3824 ὲγγινομένων
917 3755 1028 3826 (55)
1068 3759 1125 3809 ἐν
1170 3757 1328 3828 σοφίᾳ
1371 3761 1636 3830 τεχνικῶς
1684 3764 1820 3817 ἁνα-

235 3841 502 3910 κρούεται.
533 3845 600 3896 Εἰ
623 3840 716 3898 οὖν
740 3847 769 3898 6
800 3845 1236 3915 διάκοσμοςτωος
1279 3854 1512 3922 μουσική
1537 3869 1622 3916 τις
1645 3856 1818 3924 ἁρμο-

235 3933 319 3986 νία
347 3935 514 3999 ἐστὶν,
545 3929 616 4006 ἧς
649 3937 898 4009 τεχνίτης
933 3940 1028 3992 καὶ
1046 3938 1376 4012 δημιουργὸς
1402 3945 1430 3996 6
1455 3943 1606 4007 Θεὸς,
1640 3945 1819 4008 καθώς

235 4041 390 4095 φησιν
423 4030 452 4080 6
487 4027 840 4091 Ἀπόστολοςο
883 4030 1076 4100 μικρὸς
1115 4031 1173 4084 δὲ
1209 4034 1412 4104 κόσμος
1445 4037 1476 4088 6
1511 4036 1817 4106 ἄνθρωπος,

234 4117 264 4169 6
301 4116 353 4170 δὲ
391 4119 555 4182 αὐτὸς
594 4115 749 4185 οὗτος
792 4124 885 4177 καὶΙ
925 4125 1149 4196 μίμημα
1179 4125 1272 4178 τοῦ
1311 4129 1696 4200 ἁρμοσαμένου
1727 4131 1818 4183 τὸν

237 4207 428 4278 κόσμον
476 4212 804 4284 πεποίηται’
855 4216 993 4285 ὅπερ
1036 4217 1129 4269 ἐπὶ
1171 4217 1266 4270 τοῦ
1321 4220 1556 4289 μεγάλου
1613 4222 1818 4292 κόσμου

235 4294 364 4351 οἶδεν
391 4301 418 4352 6
449 4293 630 4369 λόγος,
669 4302 824 4356 τοῦτο
867 4304 1011 4358 κατὰ
1047 4307 1108 4359 τὸ
1136 4307 1281 4372 εἰκὸς
1304 4311 1396 4362 καὶ
1437 4311 1494 4364 ὲν
1526 4309 1604 4380 τῷ
1635 4313 1818 4383 μικρῷ

239 4389 448 4458 βλᾶπει·
488 4394 552 4447 τὸ
576 4395 686 4466 γὰρ
735 4397 901 4468 μέρος
933 4399 1027 4451 τοῦ
1063 4399 1210 4463 ὅλου,
1243 4402 1503 4472 όμογενές
1541 4405 1655 4456 ἐστι
1681 4405 1818 4458 πάν-

236 4497 336 4544 τως
366 4484 442 4554 τῷ
472 4486 586 4554 (54)
636 4487 762 4557 ὅλῳ.
795 4489 1006 4560 ’Ὥσπερ
1040 4491 1150 4562 γὰρ
1193 4493 1252 4544 ὲν
1302 4492 1380 4562 τῷ
1424 4493 1536 4563 (55)
1566 4494 1816 4565 ψήγματι

239 4569 486 4644 βραχείας
521 4577 686 4631 ὑάλου
723 4579 868 4632 κατὰ
913 4579 975 4632 τὸ
1022 4581 1235 4634 στίλϐον
1272 4582 1456 4652 μέρος,
1505 4583 1624 4636 ὅλον
1669 4583 1816 4637 ἐστιν

241 4662 508 4738 ίδείνβϐ),
540 4669 618 4732 ὡς
649 4670 707 4721 ὲν
733 4669 1046 4742 κατόπτρῳ,
1074 4671 1167 4725 τὸν
1188 4672 1384 4726 κύκλον
1399 4672 1492 4726 τοῦ
1525 4674 1675 4744 ἡλίου
1705 4675 1814 4727 δει-

242 4755 518 4826 κνύμενον,
567 4759 747 4825 καθὼς
784 4765 952 4832 χωρεί
985 4765 1018 4834 ή
1059 4762 1334 4835 βραχύτης
1366 4763 1457 4816 τοῦ
1487 4765 1811 4829 στίλϐοντος·

241 4844 373 4901 οὕτω
411 4852 506 4904 καὶ
536 4853 597 4904 ἐν
627 4851 708 4922 τῷ
742 4853 923 4924 μικρῷ
975 4854 1183 4926 κόσμῳ,
1221 4858 1288 4926 τῇ
1323 4854 1638 4928 ἀνθρωπίνῃ
1673 4855 1814 4923 λέγω

245 4937 410 5005 φύσει,
459 4943 615 4997 πᾶσα
655 4945 692 5014 ἡ
738 4946 796 4996 ὲν
849 4945 928 5016 τῷ
970 4947 1133 5000 παντὶ
1180 4945 1526 5019 θεωρουμένη
1581 4949 1813 5018 μουσικὴ

245 5028 552 5099 καθορᾶται,
581 5034 919 5103 ἀναλογοῦσα
966 5037 1046 5108 τῷ
1087 5037 1192 5108 ὅλῳ
1239 5038 1328 5092 διὰ
1357 5038 1452 5092 τοῦ
1493 5038 1708 5109 μέρους,
1737 5039 1814 5102 ὡς

246 5127 485 5192 χωρείται
512 5125 576 5178 τὺ
607 5126 730 5180 ὅλον
765 5126 870 5179 ὑπὸ
895 5127 989 5180 τοῦ
1032 5129 1250 5200 μέρους.
1288 5129 1536 5184 Δείκνυσι
1567 5129 1625 5182 δὲ
1654 5129 1813 5184 τοῦτο

304 5300 510 5360 "Psal.
539 5318 692 5369 xvm,
722 5304 760 5358 2
785 5319 907 5376 sqq.
982 5307 1029 5338 "
1047 5305 1191 5363 Psal.
1225 5322 1450 5376 CXLVIII,
1501 5309 1521 5363 l
1568 5324 1689 5382 sqq.

311 5474 414 5547 (ξο)
437 5477 841 5547 Προαγόμενος,
867 5478 954 5535 ed.

309 5545 416 5612 ('51)
433 5545 540 5600 καί
571 5545 697 5601 add.
729 5551 818 5602 ed.

443 5617 568 5692 :01:
607 5618 740 5692 ποτὲ
763 5617 985 5692 τὸ-ὖδωρ
1010 5632 1118 5676 om.
1149 5619 1238 5676 ed.

311 5686 414 5750 (35)
443 5688 766 5758 Γινομένων,
785 5688 870 5745 ed.

1927 1755 2070 1826 quod
2126 1769 2343 1825 semper
2392 1761 2666 1808 movetur.
2715 1753 3000 1808 Moventur
3046 1754 3192 1808 enim
3243 1762 3501 1823 perpetuo

1925 1849 2112 1902 omnia
2139 1863 2261 1917 qua:
2291 1847 2342 1899 in
2371 1847 2512 1900 ccelo
2531 1887 2545 1912 ,
2581 1845 2665 1900 vel
2696 1860 2821 1899 cum
2851 1844 3200 1898 ﬁrmamento
3230 1846 3506 1899 circuma-

1923 1942 2123 2010 gitata,
2160 1937 2244 1991 vel
2291 1952 2322 1991 e
2367 1935 2651 1990 contrario
2699 1934 2942 1989 motibus
2997 1934 3339 2002 planetarum
3369 1947 3504 1988 con-

1923 2045 2105 2084 versa.
2131 2027 2312 2082 Manet
2331 2042 2464 2081 vero
2494 2041 2712 2096 semper
2736 2025 3037 2095 eodemque
3064 2025 3290 2093 perenni
3313 2029 3506 2078 tenore

1925 2121 2085 2175 durat
2107 2119 2420 2176 eorumdem
2455 2119 2724 2172 revolutio
2745 2157 2759 2180 ,
2791 2131 2966 2186 neque
2993 2130 3232 2184 unquam
3262 2115 3330 2168 ali
3355 2129 3417 2169 ea
3447 2115 3502 2168 in

1927 2227 2036 2281 qua
2062 2220 2147 2266 est
2173 2212 2313 2266 serie
2341 2210 2427 2264 vel
2457 2210 2626 2263 latum
2661 2223 2900 2277 unguem
2927 2207 3198 2270 discedit,
3241 2205 3335 2260 sed
3377 2221 3505 2275 per-

1927 2303 2096 2374 petim
2125 2304 2316 2358 eodem
2359 2303 2524 2356 modo
2573 2318 2695 2356 sese
2744 2301 2937 2364 habet,
2986 2300 3287 2367 eodemque
3329 2297 3503 2350 fertur

1927 2409 2118 2448 cursu.
2173 2392 2356 2462 Itaque
2401 2392 2523 2462 ejus
2570 2392 2717 2462 quod
2769 2390 3034 2460 quiescit,
3079 2405 3203 2444 cum
3253 2404 3318 2443 eo
3355 2387 3503 2457 quod

1931 2493 2178 2539 movetur
2208 2484 2553 2553 eonjunctio,
2582 2483 2832 2536 ordinata
2866 2483 3100 2552 quadam
3145 2491 3198 2535 et
3239 2481 3292 2534 in
3343 2495 3504 2534 omne

1923 2591 2099 2629 aevum
2145 2576 2445 2630 inviolabili
2491 2575 2634 2630 serie
2673 2589 2957 2640 connexa,
3002 2574 3244 2627 musicus
3273 2571 3501 2641 quidam

1925 2677 2230 2722 concentus
2259 2676 2373 2732 est,
2406 2665 2648 2722 elﬁciens
2687 2667 3037 2720 commixtam
3083 2665 3229 2718 illam
3279 2670 3332 2717 et
3371 2662 3503 2716 divi-

1924 2772 2050 2810 nam
2100 2759 2222 2827 ejus
2255 2759 2505 2821 virtutis,
2547 2773 2670 2828 quae
2709 2759 3027 2812 universum
3075 2757 3179 2810 hoc
3223 2757 3499 2818 continet,

1923 2849 2275 2918 hymnodiam
2305 2866 2319 2914 ;
2347 2864 2511 2918 quam
2549 2847 2682 2902 mihi
2713 2847 2897 2902 itidem
2929 2862 3159 2915 magnus
3187 2845 3350 2899 David
3382 2847 3502 2914 ejus

1931 2938 2148 2992 auditor
2180 2939 2378 3004 factus,
2411 2939 2723 3010 signiﬁcare
2753 2937 2971 2993 videtur
2999 2939 3056 2991 in
3091 2937 3332 3006 quodam
3363 2939 3499 3004 psal-

1919 3045 2010 3084 mo
2030 3072 2044 3097 ,
2072 3046 2195 3086 cum
2227 3032 2303 3085 ait
2331 3032 2378 3064 ”
2404 3073 2420 3098 ,
2469 3031 2640 3086 Deum
2690 3031 2900 3085 laudari
2930 3045 3053 3084 cum
3084 3030 3152 3082 ab
3179 3028 3301 3083 aliis
3332 3029 3498 3080 virtu-

1920 3121 2068 3176 tibus
2088 3159 2104 3184 ,
2133 3131 2244 3174 tum
2273 3121 2340 3176 ab
2365 3121 2622 3176 omnibus
2647 3134 2768 3189 quae
2797 3119 2851 3172 in
2877 3119 3019 3172 coelo
3045 3124 3206 3182 sunt,
3237 3132 3266 3170 a
3291 3116 3499 3170 lumine

1920 3211 2196 3278 siderum,
2225 3212 2342 3266 sole
2386 3219 2442 3266 et
2485 3212 2635 3275 luna,
2674 3219 2730 3264 et
2775 3224 2803 3262 a
2832 3209 2988 3264 caelis
3017 3209 3282 3264 caelorum
3303 3245 3320 3269 ,
3349 3213 3404 3260 et
3432 3205 3499 3260 ab

1919 3304 2078 3372 aquis
2110 3318 2274 3373 supra
2305 3304 2506 3359 caelum
2551 3303 2778 3372 positis;
2815 3301 2908 3356 ubi
2944 3308 3001 3355 et
3029 3300 3135 3353 alia
3173 3315 3295 3370 quae
3327 3299 3381 3351 in
3412 3311 3498 3352 ηε

1918 3393 2023 3450 bus
2045 3396 2243 3449 creatis
2263 3395 2635 3464 reperiuntur,
2659 3401 3081 3448 commemorat:
3107 3407 3231 3445 nam
3258 3393 3500 3450 omnium

1921 3486 2064 3541 inter
2088 3501 2149 3541 se
2176 3485 2519 3556 conspiratio
2547 3493 2600 3540 et
2632 3485 2926 3539 consensio
2945 3523 2962 3546 ,
3003 3482 3198 3537 ordine
3217 3525 3231 3549 ,
3273 3493 3498 3550 ornatu,

1918 3585 1974 3631 et
2000 3586 2124 3646 apta
2155 3577 2296 3630 serie
2321 3575 2590 3646 dis-posita
2613 3615 2629 3642 ,
2657 3576 2831 3645 prima
2857 3573 3116 3628 videlicet
3145 3580 3229 3628 est
3259 3582 3312 3628 et
3335 3575 3497 3645 origi~

1920 3666 2060 3723 nalis
2083 3676 2136 3721 et
2157 3681 2284 3720 vera
2312 3669 2521 3722 musica
2548 3681 2561 3717 :
2593 3682 2756 3736 quam
2786 3667 2953 3720 totius
2984 3665 3223 3719 universi
3265 3669 3492 3720 concin-

1920 3766 2082 3811 nator
2121 3756 2381 3811 ineffabili
2422 3758 2705 3827 sapientiae
2746 3771 2860 3813 sua:
2892 3757 3133 3821 ratione,
3163 3771 3258 3824 per
3287 3771 3346 3808 ea
3380 3771 3496 3824 qui:

1920 3866 2137 3921 semper
2178 3852 2460 3921 sapienter
2501 3851 2672 3916 ﬁunt,
2701 3850 2861 3905 docte
2905 3859 2960 3906 et
2998 3852 3172 3921 perite
3213 3850 3394 3904 eilieit.
3432 3849 3495 3906 Si

1920 3945 2083 4015 igitur
2109 3952 2259 3998 totus
2286 3944 2377 3999 hic
2409 3943 2646 3999 mundus
2673 3944 2884 3998 musica
2917 3944 3165 4014 quaadam
3195 3961 3492 3998 consonan-

1919 4033 1996 4086 tia
2021 4039 2140 4096 es’t,
2170 4037 2328 4099 cujus
2357 4033 2541 4103 epil'ex
2579 4042 2635 4089 et
2673 4033 2898 4088 eﬂ'eetor
2943 4031 3122 4094 Deus.
3171 4044 3232 4088 ut
3275 4046 3329 4089 et
3357 4035 3493 4104 Apo-

1919 4126 2095 4180 stolus
2119 4125 2253 4179 dicit
2283 4145 2295 4178 :
2331 4141 2534 4195 parvus
2567 4141 2694 4180 vero
2725 4126 2960 4181 mundus
2982 4125 3146 4181 homo
3173 4134 3276 4192 est,
3305 4127 3493 4180 simul-

1920 4235 2028 4286 que
2059 4218 2361 4273 similitudo
2383 4226 2442 4272 et
2471 4217 2708 4271 imitatio
2739 4218 2988 4287 quaedam
3012 4220 3138 4289 ejus
3159 4260 3174 4284 ,
3206 4220 3300 4289 qui
3343 4235 3477 4273 mun

1921 4309 2051 4363 dum
2086 4310 2484 4364 concinnavit:
2529 4324 2757 4364 necesse
2805 4321 2922 4378 est,
2971 4319 3030 4363 ut
3075 4311 3218 4379 quod
3261 4311 3403 4364 ratio
3441 4311 3491 4366 in

1922 4415 2120 4470 magno
2157 4401 2251 4455 illo
2278 4411 2337 4456 et
2382 4401 2626 4471 spatioso
2651 4401 2859 4456 mundo
2885 4402 3113 4471 reperit,
3145 4403 3247 4455 hoc
3267 4442 3280 4465 ,
3301 4411 3368 4455 'ut
3399 4417 3488 4471 par

1916 4501 2031 4555 est,
2064 4492 2119 4544 in
2153 4506 2324 4561 parvo
2365 4491 2550 4545 itidem
2579 4492 3114 4560 conspicetur:-par‘s
3147 4491 3293 4544 enim
3326 4493 3489 4546 totius

1916 4590 2150 4653 cognata
2178 4592 2263 4637 est
2295 4583 2420 4636 toti.
2453 4581 2589 4636 Nam
2629 4583 3086 4652 quemadmodum
3118 4584 3172 4637 in
3199 4583 3379 4653 exigui
3406 4583 3490 4637 vi-

1917 4677 1990 4728 tri
2023 4673 2332 4743 fragmento
2371 4691 2468 4745 per
2495 4683 2704 4745 partem
2745 4675 3096 4744 pellucidam,
3143 4683 3316 4728 totum
3357 4676 3494 4730 solis

1918 4766 2140 4830 orbem,
2170 4765 2316 4819 sicut
2353 4766 2409 4819 in
2456 4767 2714 4836 speculo,
2758 4782 2984 4821 cernere
3030 4767 3156 4821 licet
3184 4808 3198 4829 ,
3230 4775 3494 4835 quantum

1920 4857 2144 4928 quidem
2173 4859 2322 4929 capit
2348 4859 2584 4914 lucentis
2607 4859 2730 4912 vitri
2759 4859 3030 4928 parvitas:
3064 4859 3136 4912 ita
3161 4869 3215 4914 et
3243 4859 3296 4911 in
3326 4873 3494 4928 parvo

1917 4950 2160 5016 mundo,
2199 4950 2258 5004 in
2297 4952 2530 5004 humana
2564 4951 2784 5018 inquam
2817 4959 3044 5017 natura,
3081 4959 3224 5004 totus
3259 4950 3347 5004 ille
3378 4964 3494 5002 ma-

1921 5041 2012 5113 gni
2053 5042 2246 5097 mundi
2290 5049 2592 5098 concentus
2636 5042 2931 5105 elucescit,
2980 5042 3327 5112 proportione
3353 5055 3492 5109 qua-

1923 5135 2052 5189 darn
2079 5134 2176 5192 toti
2205 5148 2302 5206 per
2329 5141 2540 5204 partem
2571 5132 2910 5204 respondens
2932 5173 2946 5198 ,
2980 5142 3242 5203 quantum
3273 5132 3492 5202 quidem

1985 5478 2097 5548 (54)
2122 5476 2219 5548 Τῷ
2248 5492 2360 5532 om.
2393 5474 2480 5530 ed.

1983 5545 2095 5619 (35)
2119 5545 2278 5619 Eoirte
2301 5562 2411 5619 om.
2442 5545 2535 5616 τῷ.

1982 5615 2094 5688 (⁷56)
2123 5618 2314 5682 Είδεῖν,
2349 5615 2434 5672 ed.
