  <div class='ocr_page' id='page_1' title='image "/cluster/home/n/w/nwhite01/storage/ocr_20150623/44/nnc1.0037127462/235.png"; bbox 0 0 3838 6224; ppageno 0'>
   <div class='ocr_carea' id='block_1_1' title="bbox 178 254 476 340">
    <p class='ocr_par' dir='ltr' id='par_1_1' title="bbox 178 254 476 340">
     <span class='ocr_line' id='line_1_1' title="bbox 178 254 476 340; baseline 0.007 -2"><span class='ocrx_word' id='word_1_1' title='bbox 178 254 476 340; x_wconf 46' lang='grc' dir='ltr'>’κιιιι</span> 
     </span>
    </p>
   </div>
   <div class='ocr_carea' id='block_1_2' title="bbox 1634 284 2400 345">
    <p class='ocr_par' dir='ltr' id='par_1_2' title="bbox 1634 284 2400 345">
     <span class='ocr_line' id='line_1_2' title="bbox 1634 284 2400 345; baseline -0.001 -3"><span class='ocrx_word' id='word_1_2' title='bbox 1634 285 1694 342; x_wconf 89' lang='lat' dir='ltr'><strong>S.</strong></span> <span class='ocrx_word' id='word_1_3' title='bbox 1735 284 2066 345; x_wconf 72' lang='lat' dir='ltr'><strong>GREGORH</strong></span> <span class='ocrx_word' id='word_1_4' title='bbox 2101 286 2400 345; x_wconf 78' lang='lat' dir='ltr'><strong>NYSSENI</strong></span> 
     </span>
    </p>
   </div>
   <div class='ocr_carea' id='block_1_3' title="bbox 3518 291 3631 346">
    <p class='ocr_par' dir='ltr' id='par_1_3' title="bbox 3518 291 3631 346">
     <span class='ocr_line' id='line_1_3' title="bbox 3518 291 3631 346; baseline 0 0"><span class='ocrx_word' id='word_1_5' title='bbox 3518 291 3631 346; x_wconf 67' lang='grc'><strong>448</strong></span> 
     </span>
    </p>
   </div>
   <div class='ocr_carea' id='block_1_4' title="bbox 370 399 1954 477">
    <p class='ocr_par' dir='ltr' id='par_1_4' title="bbox 370 399 1949 472">
     <span class='ocr_line' id='line_1_4' title="bbox 370 399 1949 472; baseline 0.006 -20"><span class='ocrx_word' id='word_1_6' title='bbox 370 402 520 453; x_wconf 87' lang='lat' dir='ltr'><strong>circa</strong></span> <span class='ocrx_word' id='word_1_7' title='bbox 572 399 859 454; x_wconf 72' lang='lat' dir='ltr'><strong>materiam</strong></span> <span class='ocrx_word' id='word_1_8' title='bbox 914 399 1081 456; x_wconf 81' lang='lat' dir='ltr'><strong>istam</strong></span> <span class='ocrx_word' id='word_1_9' title='bbox 1126 412 1478 472; x_wconf 77' lang='lat' dir='ltr'><strong>corporatam</strong></span> <span class='ocrx_word' id='word_1_10' title='bbox 1532 406 1850 471; x_wconf 82' lang='lat' dir='ltr'><strong>versantis;</strong></span> <span class='ocrx_word' id='word_1_11' title='bbox 1893 409 1949 462; x_wconf 83' lang='lat' dir='ltr'><strong>in</strong></span> 
     </span>
    </p>
   </div>
   <div class='ocr_carea' id='block_1_5' title="bbox 2054 399 3631 477">
    <p class='ocr_par' dir='ltr' id='par_1_5' title="bbox 2057 402 3631 477">
     <span class='ocr_line' id='line_1_5' title="bbox 2057 402 3631 477; baseline -0.01 -15"><span class='ocrx_word' id='word_1_12' title='bbox 2057 424 2176 477; x_wconf 86' lang='grc' dir='ltr'>ρας.</span> <span class='ocrx_word' id='word_1_13' title='bbox 2210 405 2288 461; x_wconf 85' lang='grc' dir='ltr'><strong>Οὐ</strong></span> <span class='ocrx_word' id='word_1_14' title='bbox 2325 404 2436 475; x_wconf 87' lang='grc' dir='ltr'>γάρ</span> <span class='ocrx_word' id='word_1_15' title='bbox 2467 403 2584 456; x_wconf 73' lang='grc' dir='ltr'>ἐστι</span> <span class='ocrx_word' id='word_1_16' title='bbox 2613 402 2713 474; x_wconf 84' lang='grc' dir='ltr'>τῆς</span> <span class='ocrx_word' id='word_1_17' title='bbox 2736 404 2798 456; x_wconf 79' lang='grc' dir='ltr'>ὲν</span> <span class='ocrx_word' id='word_1_18' title='bbox 2824 402 3027 473; x_wconf 77' lang='grc' dir='ltr'>ἀκαρεῖ</span> <span class='ocrx_word' id='word_1_19' title='bbox 3063 403 3356 475; x_wconf 74' lang='grc' dir='ltr'><strong>γινομένης</strong></span> <span class='ocrx_word' id='word_1_20' title='bbox 3392 404 3503 468; x_wconf 69' lang='grc' dir='ltr'>τοῖς</span> <span class='ocrx_word' id='word_1_21' title='bbox 3528 408 3631 460; x_wconf 82' lang='grc' dir='ltr'><strong>ἀν-</strong></span> 
     </span>
    </p>
   </div>
   <div class='ocr_carea' id='block_1_6' title="bbox 370 491 1949 567">
    <p class='ocr_par' dir='ltr' id='par_1_6' title="bbox 370 491 1949 567">
     <span class='ocr_line' id='line_1_6' title="bbox 370 491 1949 567; baseline 0.008 -25"><span class='ocrx_word' id='word_1_22' title='bbox 370 491 575 559; x_wconf 82' lang='lat' dir='ltr'><strong>quibus</strong></span> <span class='ocrx_word' id='word_1_23' title='bbox 609 492 856 546; x_wconf 88' lang='lat' dir='ltr'><strong>studium</strong></span> <span class='ocrx_word' id='word_1_24' title='bbox 891 501 946 547; x_wconf 90' lang='lat' dir='ltr'><strong>et</strong></span> <span class='ocrx_word' id='word_1_25' title='bbox 1004 507 1227 561; x_wconf 84' lang='lat' dir='ltr'><strong>operam</strong></span> <span class='ocrx_word' id='word_1_26' title='bbox 1278 507 1504 562; x_wconf 88' lang='lat' dir='ltr'><strong>ponere,</strong></span> <span class='ocrx_word' id='word_1_27' title='bbox 1540 494 1679 549; x_wconf 87' lang='lat' dir='ltr'><strong>nihil</strong></span> <span class='ocrx_word' id='word_1_28' title='bbox 1731 497 1949 567; x_wconf 78' lang='lat' dir='ltr'><strong>penitus</strong></span> 
     </span>
    </p>
   </div>
   <div class='ocr_carea' id='block_1_7' title="bbox 370 584 1949 661">
    <p class='ocr_par' dir='ltr' id='par_1_7' title="bbox 370 584 1949 661">
     <span class='ocr_line' id='line_1_7' title="bbox 370 584 1949 661; baseline 0.004 -23"><span class='ocrx_word' id='word_1_29' title='bbox 370 584 730 638; x_wconf 88' lang='lat' dir='ltr'><strong>emolmnenti</strong></span> <span class='ocrx_word' id='word_1_30' title='bbox 763 584 958 661; x_wconf 59' lang='lat' dir='ltr'><strong>aderat</strong></span> <span class='ocrx_word' id='word_1_31' title='bbox 984 603 1000 652; x_wconf 90' lang='lat'><strong>;</strong></span> <span class='ocrx_word' id='word_1_32' title='bbox 1042 599 1152 639; x_wconf 92' lang='lat' dir='ltr'><strong>non</strong></span> <span class='ocrx_word' id='word_1_33' title='bbox 1191 587 1337 640; x_wconf 89' lang='lat' dir='ltr'><strong>enim</strong></span> <span class='ocrx_word' id='word_1_34' title='bbox 1369 594 1456 642; x_wconf 89' lang='lat' dir='ltr'><strong>est</strong></span> <span class='ocrx_word' id='word_1_35' title='bbox 1487 584 1770 644; x_wconf 79' lang='lat' dir='ltr'><strong>fruitionis</strong></span> <span class='ocrx_word' id='word_1_36' title='bbox 1801 588 1949 645; x_wconf 91' lang='lat' dir='ltr'><strong>illius</strong></span> 
     </span>
    </p>
   </div>
   <div class='ocr_carea' id='block_1_8' title="bbox 371 676 1953 747">
    <p class='ocr_par' dir='ltr' id='par_1_8' title="bbox 371 676 1953 747">
     <span class='ocr_line' id='line_1_8' title="bbox 371 676 1953 747; baseline 0.001 -16"><span class='ocrx_word' id='word_1_37' title='bbox 371 686 428 731; x_wconf 87' lang='lat' dir='ltr'><strong>et</strong></span> <span class='ocrx_word' id='word_1_38' title='bbox 456 677 777 747; x_wconf 74' lang='lat' dir='ltr'><strong>voluptatis,</strong></span> <span class='ocrx_word' id='word_1_39' title='bbox 809 692 931 747; x_wconf 66' lang='lat' dir='ltr'><strong>quae</strong></span> <span class='ocrx_word' id='word_1_40' title='bbox 969 685 1250 731; x_wconf 90' lang='lat' dir='ltr'><strong>momento</strong></span> <span class='ocrx_word' id='word_1_41' title='bbox 1281 676 1547 746; x_wconf 91' lang='lat' dir='ltr'><strong>temporis</strong></span> <span class='ocrx_word' id='word_1_42' title='bbox 1576 677 1656 739; x_wconf 81' lang='lat' dir='ltr'><strong>ﬁt,</strong></span> <span class='ocrx_word' id='word_1_43' title='bbox 1687 678 1740 730; x_wconf 91' lang='lat' dir='ltr'><strong>in</strong></span> <span class='ocrx_word' id='word_1_44' title='bbox 1772 677 1953 733; x_wconf 88' lang='lat' dir='ltr'><strong>homi-</strong></span> 
     </span>
    </p>
   </div>
   <div class='ocr_carea' id='block_1_9' title="bbox 373 768 1950 838">
    <p class='ocr_par' dir='ltr' id='par_1_9' title="bbox 373 768 1950 838">
     <span class='ocr_line' id='line_1_9' title="bbox 373 768 1950 838; baseline 0.003 -16"><span class='ocrx_word' id='word_1_45' title='bbox 373 783 504 822; x_wconf 90' lang='lat' dir='ltr'><strong>num</strong></span> <span class='ocrx_word' id='word_1_46' title='bbox 540 778 740 822; x_wconf 90' lang='lat' dir='ltr'><strong>natura</strong></span> <span class='ocrx_word' id='word_1_47' title='bbox 766 784 933 838; x_wconf 90' lang='lat' dir='ltr'><strong>penu,</strong></span> <span class='ocrx_word' id='word_1_48' title='bbox 957 776 1017 821; x_wconf 92' lang='lat' dir='ltr'><strong>ut</strong></span> <span class='ocrx_word' id='word_1_49' title='bbox 1041 768 1463 823; x_wconf 87' lang='lat' dir='ltr'><strong>delectationem</strong></span> <span class='ocrx_word' id='word_1_50' title='bbox 1492 768 1639 822; x_wconf 87' lang='lat' dir='ltr'><strong>illam</strong></span> <span class='ocrx_word' id='word_1_51' title='bbox 1665 783 1950 826; x_wconf 81' lang='lat' dir='ltr'><strong>asservare</strong></span> 
     </span>
    </p>
   </div>
   <div class='ocr_carea' id='block_1_10' title="bbox 373 856 1950 927">
    <p class='ocr_par' dir='ltr' id='par_1_10' title="bbox 373 856 1950 927">
     <span class='ocr_line' id='line_1_10' title="bbox 373 856 1950 927; baseline -0.001 -15"><span class='ocrx_word' id='word_1_52' title='bbox 373 869 430 912; x_wconf 88' lang='lat' dir='ltr'><strong>et</strong></span> <span class='ocrx_word' id='word_1_53' title='bbox 481 857 783 912; x_wconf 80' lang='lat' dir='ltr'><strong>recondere</strong></span> <span class='ocrx_word' id='word_1_54' title='bbox 816 856 1053 926; x_wconf 86' lang='lat' dir='ltr'><strong>possint,</strong></span> <span class='ocrx_word' id='word_1_55' title='bbox 1096 872 1260 926; x_wconf 89' lang='lat' dir='ltr'><strong>quam</strong></span> <span class='ocrx_word' id='word_1_56' title='bbox 1293 856 1444 910; x_wconf 91' lang='lat' dir='ltr'><strong>omni</strong></span> <span class='ocrx_word' id='word_1_57' title='bbox 1474 870 1578 927; x_wconf 88' lang='lat' dir='ltr'><strong>ope</strong></span> <span class='ocrx_word' id='word_1_58' title='bbox 1627 872 1950 927; x_wconf 79' lang='lat' dir='ltr'><strong>comparare</strong></span> 
     </span>
    </p>
   </div>
   <div class='ocr_carea' id='block_1_11' title="bbox 374 934 1948 1016">
    <p class='ocr_par' dir='ltr' id='par_1_11' title="bbox 374 934 1948 1016">
     <span class='ocr_line' id='line_1_11' title="bbox 374 934 1948 1016; baseline -0.001 -14"><span class='ocrx_word' id='word_1_59' title='bbox 374 934 650 1002; x_wconf 81' lang='lat' dir='ltr'><strong>conantur</strong></span> <span class='ocrx_word' id='word_1_60' title='bbox 674 964 691 1013; x_wconf 88' lang='lat'><strong>;</strong></span> <span class='ocrx_word' id='word_1_61' title='bbox 722 947 816 1002; x_wconf 90' lang='lat' dir='ltr'><strong>sed</strong></span> <span class='ocrx_word' id='word_1_62' title='bbox 840 948 1014 1003; x_wconf 86' lang='lat' dir='ltr'><strong>instar</strong></span> <span class='ocrx_word' id='word_1_63' title='bbox 1037 946 1308 1000; x_wconf 78' lang='lat' dir='ltr'><strong>fallaciam</strong></span> <span class='ocrx_word' id='word_1_64' title='bbox 1335 946 1799 1016; x_wconf 81' lang='lat' dir='ltr'><strong>phantasmatum,</strong></span> <span class='ocrx_word' id='word_1_65' title='bbox 1824 960 1948 1000; x_wconf 91' lang='lat' dir='ltr'><strong>cum</strong></span> 
     </span>
    </p>
   </div>
   <div class='ocr_carea' id='block_1_12' title="bbox 375 1038 1948 1109">
    <p class='ocr_par' dir='ltr' id='par_1_12' title="bbox 375 1038 1948 1109">
     <span class='ocr_line' id='line_1_12' title="bbox 375 1038 1948 1109; baseline -0.001 -14"><span class='ocrx_word' id='word_1_66' title='bbox 375 1041 551 1095; x_wconf 77' lang='lat' dir='ltr'><strong>teneri</strong></span> <span class='ocrx_word' id='word_1_67' title='bbox 586 1056 617 1094; x_wconf 90' lang='lat' dir='ltr'><strong>a</strong></span> <span class='ocrx_word' id='word_1_68' title='bbox 677 1043 1018 1109; x_wconf 85' lang='lat' dir='ltr'><strong>voluptatum</strong></span> <span class='ocrx_word' id='word_1_69' title='bbox 1068 1039 1409 1094; x_wconf 89' lang='lat' dir='ltr'><strong>amatoribus</strong></span> <span class='ocrx_word' id='word_1_70' title='bbox 1466 1038 1737 1102; x_wconf 89' lang='lat' dir='ltr'><strong>creditur,</strong></span> <span class='ocrx_word' id='word_1_71' title='bbox 1785 1038 1948 1094; x_wconf 87' lang='lat' dir='ltr'><strong>dere-</strong></span> 
     </span>
    </p>
   </div>
   <div class='ocr_carea' id='block_1_13' title="bbox 374 1125 1948 1199">
    <p class='ocr_par' dir='ltr' id='par_1_13' title="bbox 374 1125 1948 1199">
     <span class='ocr_line' id='line_1_13' title="bbox 374 1125 1948 1199; baseline -0.001 -18"><span class='ocrx_word' id='word_1_72' title='bbox 374 1138 538 1199; x_wconf 90' lang='lat' dir='ltr'><strong>pente</strong></span> <span class='ocrx_word' id='word_1_73' title='bbox 564 1130 867 1191; x_wconf 82' lang='lat' dir='ltr'><strong>evanescit,</strong></span> <span class='ocrx_word' id='word_1_74' title='bbox 894 1137 948 1182; x_wconf 91' lang='lat' dir='ltr'><strong>et</strong></span> <span class='ocrx_word' id='word_1_75' title='bbox 972 1127 1028 1182; x_wconf 90' lang='lat' dir='ltr'><strong>in</strong></span> <span class='ocrx_word' id='word_1_76' title='bbox 1057 1128 1291 1181; x_wconf 88' lang='lat' dir='ltr'><strong>nihilum</strong></span> <span class='ocrx_word' id='word_1_77' title='bbox 1315 1126 1528 1182; x_wconf 85' lang='lat' dir='ltr'><strong>recidit.</strong></span> <span class='ocrx_word' id='word_1_78' title='bbox 1562 1125 1741 1196; x_wconf 86' lang='lat' dir='ltr'><strong>Hujus</strong></span> <span class='ocrx_word' id='word_1_79' title='bbox 1766 1136 1948 1181; x_wconf 90' lang='lat' dir='ltr'><strong>autem</strong></span> 
     </span>
    </p>
   </div>
   <div class='ocr_carea' id='block_1_14' title="bbox 373 1217 1950 1288">
    <p class='ocr_par' dir='ltr' id='par_1_14' title="bbox 373 1217 1950 1288">
     <span class='ocr_line' id='line_1_14' title="bbox 373 1217 1950 1288; baseline 0 -18"><span class='ocrx_word' id='word_1_80' title='bbox 373 1219 502 1274; x_wconf 84' lang='lat' dir='ltr'><strong>vani</strong></span> <span class='ocrx_word' id='word_1_81' title='bbox 560 1219 761 1288; x_wconf 87' lang='lat' dir='ltr'><strong>spectri</strong></span> <span class='ocrx_word' id='word_1_82' title='bbox 818 1218 1041 1273; x_wconf 91' lang='lat' dir='ltr'><strong>unicum</strong></span> <span class='ocrx_word' id='word_1_83' title='bbox 1098 1217 1389 1288; x_wconf 78' lang='lat' dir='ltr'><strong>vestigium</strong></span> <span class='ocrx_word' id='word_1_84' title='bbox 1446 1218 1774 1288; x_wconf 87' lang='lat' dir='ltr'><strong>relinquitur</strong></span> <span class='ocrx_word' id='word_1_85' title='bbox 1824 1224 1950 1287; x_wconf 85' lang='lat' dir='ltr'><strong>post</strong></span> 
     </span>
    </p>
   </div>
   <div class='ocr_carea' id='block_1_15' title="bbox 374 1308 1951 1379">
    <p class='ocr_par' dir='ltr' id='par_1_15' title="bbox 374 1308 1951 1379">
     <span class='ocr_line' id='line_1_15' title="bbox 374 1308 1951 1379; baseline -0.001 -16"><span class='ocrx_word' id='word_1_86' title='bbox 374 1310 767 1374; x_wconf 88' lang='lat' dir='ltr'><strong>recessionem,</strong></span> <span class='ocrx_word' id='word_1_87' title='bbox 795 1309 973 1378; x_wconf 90' lang='lat' dir='ltr'><strong>pudor</strong></span> <span class='ocrx_word' id='word_1_88' title='bbox 998 1326 1015 1377; x_wconf 89' lang='lat'><strong>;</strong></span> <span class='ocrx_word' id='word_1_89' title='bbox 1044 1310 1155 1363; x_wconf 90' lang='lat' dir='ltr'><strong>alta</strong></span> <span class='ocrx_word' id='word_1_90' title='bbox 1178 1317 1235 1364; x_wconf 87' lang='lat' dir='ltr'><strong>et</strong></span> <span class='ocrx_word' id='word_1_91' title='bbox 1258 1308 1535 1364; x_wconf 88' lang='lat' dir='ltr'><strong>indelebili</strong></span> <span class='ocrx_word' id='word_1_92' title='bbox 1565 1308 1647 1363; x_wconf 85' lang='lat' dir='ltr'><strong>eis</strong></span> <span class='ocrx_word' id='word_1_93' title='bbox 1681 1309 1951 1379; x_wconf 89' lang='lat' dir='ltr'><strong>impressa</strong></span> 
     </span>
    </p>
   </div>
   <div class='ocr_carea' id='block_1_16' title="bbox 376 1397 1949 1469">
    <p class='ocr_par' dir='ltr' id='par_1_16' title="bbox 376 1397 1949 1469">
     <span class='ocr_line' id='line_1_16' title="bbox 376 1397 1949 1469; baseline -0.001 -17"><span class='ocrx_word' id='word_1_94' title='bbox 376 1405 531 1462; x_wconf 90' lang='lat' dir='ltr'><strong>nota,</strong></span> <span class='ocrx_word' id='word_1_95' title='bbox 563 1413 664 1469; x_wconf 91' lang='lat' dir='ltr'><strong>per</strong></span> <span class='ocrx_word' id='word_1_96' title='bbox 690 1413 811 1469; x_wconf 67' lang='lat' dir='ltr'><strong>quae</strong></span> <span class='ocrx_word' id='word_1_97' title='bbox 840 1397 1061 1454; x_wconf 84' lang='lat' dir='ltr'><strong>transiit</strong></span> <span class='ocrx_word' id='word_1_98' title='bbox 1088 1416 1103 1464; x_wconf 92' lang='lat'><strong>;</strong></span> <span class='ocrx_word' id='word_1_99' title='bbox 1135 1398 1399 1469; x_wconf 88' lang='lat' dir='ltr'><strong>possibile</strong></span> <span class='ocrx_word' id='word_1_100' title='bbox 1425 1405 1484 1451; x_wconf 86' lang='lat' dir='ltr'><strong>ut</strong></span> <span class='ocrx_word' id='word_1_101' title='bbox 1510 1399 1605 1461; x_wconf 86' lang='lat' dir='ltr'><strong>sit,</strong></span> <span class='ocrx_word' id='word_1_102' title='bbox 1625 1406 1949 1452; x_wconf 82' lang='lat' dir='ltr'><strong>venatorum</strong></span> 
     </span>
    </p>
   </div>
   <div class='ocr_carea' id='block_1_17' title="bbox 376 1487 1950 1560">
    <p class='ocr_par' dir='ltr' id='par_1_17' title="bbox 376 1487 1950 1560">
     <span class='ocr_line' id='line_1_17' title="bbox 376 1487 1950 1560; baseline -0.001 -17"><span class='ocrx_word' id='word_1_103' title='bbox 376 1504 532 1543; x_wconf 87' lang='lat' dir='ltr'><strong>more</strong></span> <span class='ocrx_word' id='word_1_104' title='bbox 560 1498 615 1545; x_wconf 89' lang='lat' dir='ltr'><strong>et</strong></span> <span class='ocrx_word' id='word_1_105' title='bbox 642 1497 780 1551; x_wconf 88' lang='lat' dir='ltr'><strong>arte,</strong></span> <span class='ocrx_word' id='word_1_106' title='bbox 813 1505 880 1545; x_wconf 77' lang='lat' dir='ltr'><strong>ex</strong></span> <span class='ocrx_word' id='word_1_107' title='bbox 912 1490 1049 1559; x_wconf 87' lang='lat' dir='ltr'><strong>ipsis</strong></span> <span class='ocrx_word' id='word_1_108' title='bbox 1086 1489 1332 1560; x_wconf 83' lang='lat' dir='ltr'><strong>vestigiis</strong></span> <span class='ocrx_word' id='word_1_109' title='bbox 1386 1487 1517 1544; x_wconf 69' lang='lat' dir='ltr'><strong>ferae</strong></span> <span class='ocrx_word' id='word_1_110' title='bbox 1558 1498 1815 1543; x_wconf 89' lang='lat' dir='ltr'><strong>naturam</strong></span> <span class='ocrx_word' id='word_1_111' title='bbox 1851 1502 1950 1542; x_wconf 90' lang='lat' dir='ltr'><strong>co-</strong></span> 
     </span>
    </p>
   </div>
   <div class='ocr_carea' id='block_1_18' title="bbox 373 1579 1951 1653">
    <p class='ocr_par' dir='ltr' id='par_1_18' title="bbox 373 1579 1951 1653">
     <span class='ocr_line' id='line_1_18' title="bbox 373 1579 1951 1653; baseline 0.001 -18"><span class='ocrx_word' id='word_1_112' title='bbox 373 1596 667 1653; x_wconf 86' lang='lat' dir='ltr'><strong>gnoscere.</strong></span> <span class='ocrx_word' id='word_1_113' title='bbox 701 1579 915 1636; x_wconf 89' lang='lat' dir='ltr'><strong>Etenim</strong></span> <span class='ocrx_word' id='word_1_114' title='bbox 946 1581 1050 1647; x_wconf 88' lang='lat' dir='ltr'><strong>illi,</strong></span> <span class='ocrx_word' id='word_1_115' title='bbox 1086 1581 1309 1652; x_wconf 88' lang='lat' dir='ltr'><strong>quando</strong></span> <span class='ocrx_word' id='word_1_116' title='bbox 1342 1579 1457 1636; x_wconf 78' lang='lat' dir='ltr'><strong>fera</strong></span> <span class='ocrx_word' id='word_1_117' title='bbox 1507 1580 1801 1637; x_wconf 79' lang='lat' dir='ltr'><strong>manifesta</strong></span> <span class='ocrx_word' id='word_1_118' title='bbox 1840 1596 1951 1636; x_wconf 87' lang='lat' dir='ltr'><strong>non</strong></span> 
     </span>
    </p>
   </div>
   <div class='ocr_carea' id='block_1_19' title="bbox 364 1674 1293 1744">
    <p class='ocr_par' dir='ltr' id='par_1_19' title="bbox 364 1674 1293 1744">
     <span class='ocr_line' id='line_1_19' title="bbox 364 1674 1293 1744; baseline 0 -15"><span class='ocrx_word' id='word_1_119' title='bbox 364 1680 483 1738; x_wconf 76' lang='lat' dir='ltr'><strong>est,</strong></span> <span class='ocrx_word' id='word_1_120' title='bbox 514 1674 747 1744; x_wconf 87' lang='lat' dir='ltr'><strong>vestigio</strong></span> <span class='ocrx_word' id='word_1_121' title='bbox 772 1688 899 1729; x_wconf 83' lang='lat' dir='ltr'><strong>eam</strong></span> <span class='ocrx_word' id='word_1_122' title='bbox 932 1683 1293 1744; x_wconf 81' lang='lat' dir='ltr'><strong>cognoscunt.</strong></span> 
     </span>
    </p>
   </div>
   <div class='ocr_carea' id='block_1_20' title="bbox 2050 491 3628 568">
    <p class='ocr_par' dir='ltr' id='par_1_20' title="bbox 2050 491 3628 568">
     <span class='ocr_line' id='line_1_20' title="bbox 2050 491 3628 568; baseline -0.001 -18"><span class='ocrx_word' id='word_1_123' title='bbox 2050 497 2289 568; x_wconf 82' lang='grc' dir='ltr'><strong>θρώποις</strong></span> <span class='ocrx_word' id='word_1_124' title='bbox 2333 493 2687 556; x_wconf 77' lang='grc' dir='ltr'><strong>ἀπολαύσεως</strong></span> <span class='ocrx_word' id='word_1_125' title='bbox 2731 493 2790 545; x_wconf 83' lang='grc' dir='ltr'>ὲν</span> <span class='ocrx_word' id='word_1_126' title='bbox 2833 495 2898 564; x_wconf 71' lang='grc' dir='ltr'>τῇ</span> <span class='ocrx_word' id='word_1_127' title='bbox 2947 491 3107 562; x_wconf 82' lang='grc' dir='ltr'>φύσει</span> <span class='ocrx_word' id='word_1_128' title='bbox 3160 494 3412 564; x_wconf 81' lang='grc' dir='ltr'>ταμιεῖον</span> <span class='ocrx_word' id='word_1_129' title='bbox 3451 494 3628 560; x_wconf 68' lang='grc' dir='ltr'>οὐδὲν,</span> 
     </span>
    </p>
   </div>
   <div class='ocr_carea' id='block_1_21' title="bbox 2049 582 3632 659">
    <p class='ocr_par' dir='ltr' id='par_1_21' title="bbox 2049 582 3632 659">
     <span class='ocr_line' id='line_1_21' title="bbox 2049 582 3632 659; baseline -0.003 -15"><span class='ocrx_word' id='word_1_130' title='bbox 2049 589 2191 644; x_wconf 85' lang='grc' dir='ltr'>ὥστε</span> <span class='ocrx_word' id='word_1_131' title='bbox 2245 585 2510 641; x_wconf 82' lang='grc' dir='ltr'><strong>ἀπόθετον</strong></span> <span class='ocrx_word' id='word_1_132' title='bbox 2552 585 2765 647; x_wconf 78' lang='grc' dir='ltr'><strong>ἑαυτοῖς</strong></span> <span class='ocrx_word' id='word_1_133' title='bbox 2810 582 3077 637; x_wconf 78' lang='grc' dir='ltr'>ποιεῖσθαι</span> <span class='ocrx_word' id='word_1_134' title='bbox 3124 584 3224 653; x_wconf 82' lang='grc' dir='ltr'>τὴν</span> <span class='ocrx_word' id='word_1_135' title='bbox 3267 585 3468 657; x_wconf 80' lang='grc' dir='ltr'>ἡδονὴν</span> <span class='ocrx_word' id='word_1_136' title='bbox 3491 627 3506 649; x_wconf 84' lang='grc'><strong>,</strong></span> <span class='ocrx_word' id='word_1_137' title='bbox 3556 589 3632 659; x_wconf 69' lang='grc' dir='ltr'>ἢν</span> 
     </span>
    </p>
   </div>
   <div class='ocr_carea' id='block_1_22' title="bbox 2050 675 3634 750">
    <p class='ocr_par' dir='ltr' id='par_1_22' title="bbox 2050 675 3634 750">
     <span class='ocr_line' id='line_1_22' title="bbox 2050 675 3634 750; baseline -0.001 -17"><span class='ocrx_word' id='word_1_138' title='bbox 2050 680 2193 734; x_wconf 76' lang='grc' dir='ltr'>κατὰ</span> <span class='ocrx_word' id='word_1_139' title='bbox 2225 680 2403 732; x_wconf 83' lang='grc' dir='ltr'>πᾶσαν</span> <span class='ocrx_word' id='word_1_140' title='bbox 2452 675 2685 730; x_wconf 81' lang='grc' dir='ltr'><strong>κτῶνται</strong></span> <span class='ocrx_word' id='word_1_141' title='bbox 2733 675 2962 747; x_wconf 85' lang='grc' dir='ltr'>σπουδήν</span> <span class='ocrx_word' id='word_1_142' title='bbox 2988 693 3006 709; x_wconf 89' lang='grc'><strong>·</strong></span> <span class='ocrx_word' id='word_1_143' title='bbox 3058 675 3176 730; x_wconf 82' lang='grc' dir='ltr'>ἀλλ’</span> <span class='ocrx_word' id='word_1_144' title='bbox 3217 676 3410 750; x_wconf 83' lang='grc' dir='ltr'>ὥσπερ</span> <span class='ocrx_word' id='word_1_145' title='bbox 3434 695 3488 732; x_wconf 90' lang='grc' dir='ltr'><strong>τι</strong></span> <span class='ocrx_word' id='word_1_146' title='bbox 3517 680 3634 732; x_wconf 68' lang='grc' dir='ltr'><strong>τῶν</strong></span> 
     </span>
    </p>
   </div>
   <div class='ocr_carea' id='block_1_23' title="bbox 2051 765 3634 839">
    <p class='ocr_par' dir='ltr' id='par_1_23' title="bbox 2051 765 3634 839">
     <span class='ocr_line' id='line_1_23' title="bbox 2051 765 3634 839; baseline -0.001 -16"><span class='ocrx_word' id='word_1_147' title='bbox 2051 767 2346 838; x_wconf 82' lang='grc' dir='ltr'>ἀπατηλῶν</span> <span class='ocrx_word' id='word_1_148' title='bbox 2377 767 2778 837; x_wconf 77' lang='grc' dir='ltr'><strong>φαντασμάτων</strong></span> <span class='ocrx_word' id='word_1_149' title='bbox 2814 765 3187 837; x_wconf 79' lang='grc' dir='ltr'><strong>κεκρατῆσθαι</strong></span> <span class='ocrx_word' id='word_1_150' title='bbox 3214 768 3367 838; x_wconf 82' lang='grc' dir='ltr'>παρὰ</span> <span class='ocrx_word' id='word_1_151' title='bbox 3398 767 3509 821; x_wconf 74' lang='grc' dir='ltr'>τῶν</span> <span class='ocrx_word' id='word_1_152' title='bbox 3534 787 3634 839; x_wconf 84' lang='grc' dir='ltr'><strong>φι-</strong></span> 
     </span>
    </p>
   </div>
   <div class='ocr_carea' id='block_1_24' title="bbox 2050 856 3636 932">
    <p class='ocr_par' dir='ltr' id='par_1_24' title="bbox 2050 856 3636 932">
     <span class='ocr_line' id='line_1_24' title="bbox 2050 856 3636 932; baseline -0.001 -18"><span class='ocrx_word' id='word_1_153' title='bbox 2050 860 2284 931; x_wconf 84' lang='grc' dir='ltr'>ληδόνων</span> <span class='ocrx_word' id='word_1_154' title='bbox 2319 859 2496 925; x_wconf 81' lang='grc' dir='ltr'>δόξαν,</span> <span class='ocrx_word' id='word_1_155' title='bbox 2541 857 2705 921; x_wconf 76' lang='grc' dir='ltr'>εὐθὺς</span> <span class='ocrx_word' id='word_1_156' title='bbox 2732 856 3027 928; x_wconf 76' lang='grc' dir='ltr'><strong>ἠφανίσθη,</strong></span> <span class='ocrx_word' id='word_1_157' title='bbox 3078 858 3175 911; x_wconf 74' lang='grc' dir='ltr'><strong>καὶ</strong></span> <span class='ocrx_word' id='word_1_158' title='bbox 3219 862 3299 923; x_wconf 84' lang='grc' dir='ltr'>εἰς</span> <span class='ocrx_word' id='word_1_159' title='bbox 3346 860 3410 913; x_wconf 81' lang='grc' dir='ltr'>τὺ</span> <span class='ocrx_word' id='word_1_160' title='bbox 3462 861 3536 932; x_wconf 81' lang='grc' dir='ltr'>μὴ</span> <span class='ocrx_word' id='word_1_161' title='bbox 3566 862 3636 915; x_wconf 78' lang='grc' dir='ltr'>ὃν</span> 
     </span>
    </p>
   </div>
   <div class='ocr_carea' id='block_1_25' title="bbox 2053 945 3638 1020">
    <p class='ocr_par' dir='ltr' id='par_1_25' title="bbox 2053 945 3638 1020">
     <span class='ocr_line' id='line_1_25' title="bbox 2053 945 3638 1020; baseline 0.001 -19"><span class='ocrx_word' id='word_1_162' title='bbox 2053 946 2422 1020; x_wconf 86' lang='grc' dir='ltr'>μετεχώρησε.</span> <span class='ocrx_word' id='word_1_163' title='bbox 2468 946 2575 1000; x_wconf 96' lang='grc' dir='ltr'><strong>Τοῦ</strong></span> <span class='ocrx_word' id='word_1_164' title='bbox 2627 945 2684 999; x_wconf 79' lang='grc' dir='ltr'>δὲ</span> <span class='ocrx_word' id='word_1_165' title='bbox 2724 945 2966 999; x_wconf 87' lang='grc' dir='ltr'>τοιούτου</span> <span class='ocrx_word' id='word_1_166' title='bbox 3019 947 3304 1017; x_wconf 75' lang='grc' dir='ltr'>φάσματος</span> <span class='ocrx_word' id='word_1_167' title='bbox 3370 948 3433 1003; x_wconf 74' lang='grc' dir='ltr'>ἓν</span> <span class='ocrx_word' id='word_1_168' title='bbox 3478 949 3638 1019; x_wconf 59' lang='lat' dir='ltr'><strong>(In;</strong></span> 
     </span>
    </p>
   </div>
   <div class='ocr_carea' id='block_1_26' title="bbox 2050 1035 3638 1111">
    <p class='ocr_par' dir='ltr' id='par_1_26' title="bbox 2050 1035 3638 1111">
     <span class='ocr_line' id='line_1_26' title="bbox 2050 1035 3638 1111; baseline 0.002 -19"><span class='ocrx_word' id='word_1_169' title='bbox 2050 1038 2429 1093; x_wconf 85' lang='grc' dir='ltr'>καταλείπεται</span> <span class='ocrx_word' id='word_1_170' title='bbox 2464 1036 2601 1108; x_wconf 82' lang='grc' dir='ltr'>μετὰ</span> <span class='ocrx_word' id='word_1_171' title='bbox 2623 1038 2721 1108; x_wconf 82' lang='grc' dir='ltr'>τὴν</span> <span class='ocrx_word' id='word_1_172' title='bbox 2747 1035 3091 1108; x_wconf 79' lang='grc' dir='ltr'>ἀναχώρησιν</span> <span class='ocrx_word' id='word_1_173' title='bbox 3116 1039 3150 1108; x_wconf 80' lang='grc' dir='ltr'>ἠ</span> <span class='ocrx_word' id='word_1_174' title='bbox 3180 1039 3433 1110; x_wconf 88' lang='grc' dir='ltr'>αἰσχύνη,</span> <span class='ocrx_word' id='word_1_175' title='bbox 3461 1040 3638 1111; x_wconf 83' lang='grc' dir='ltr'>βαθύν</span> 
     </span>
    </p>
   </div>
   <div class='ocr_carea' id='block_1_27' title="bbox 2049 1126 3640 1200">
    <p class='ocr_par' dir='ltr' id='par_1_27' title="bbox 2049 1126 3640 1200">
     <span class='ocr_line' id='line_1_27' title="bbox 2049 1126 3640 1200; baseline 0.001 -18"><span class='ocrx_word' id='word_1_176' title='bbox 2049 1147 2108 1182; x_wconf 87' lang='grc' dir='ltr'><strong>τε</strong></span> <span class='ocrx_word' id='word_1_177' title='bbox 2137 1131 2230 1182; x_wconf 70' lang='grc' dir='ltr'><strong>καὶ</strong></span> <span class='ocrx_word' id='word_1_178' title='bbox 2252 1126 2665 1193; x_wconf 76' lang='grc' dir='ltr'><strong>δυσεξάλειπτον</strong></span> <span class='ocrx_word' id='word_1_179' title='bbox 2697 1129 3118 1200; x_wconf 81' lang='grc' dir='ltr'>ἐνσημηναμένη</span> <span class='ocrx_word' id='word_1_180' title='bbox 3147 1130 3357 1194; x_wconf 84' lang='grc' dir='ltr'>τούτοις</span> <span class='ocrx_word' id='word_1_181' title='bbox 3402 1133 3494 1184; x_wconf 86' lang='grc' dir='ltr'><strong>τὸν</strong></span> <span class='ocrx_word' id='word_1_182' title='bbox 3535 1131 3640 1184; x_wconf 72' lang='grc' dir='ltr'>τύο</span> 
     </span>
    </p>
   </div>
   <div class='ocr_carea' id='block_1_28' title="bbox 2050 1210 3636 1291">
    <p class='ocr_par' dir='ltr' id='par_1_28' title="bbox 2050 1210 3636 1291">
     <span class='ocr_line' id='line_1_28' title="bbox 2050 1210 3636 1291; baseline 0.001 -18"><span class='ocrx_word' id='word_1_183' title='bbox 2050 1236 2152 1273; x_wconf 86' lang='grc' dir='ltr'>πον</span> <span class='ocrx_word' id='word_1_184' title='bbox 2183 1218 2369 1273; x_wconf 89' lang='grc' dir='ltr'>τοῦτον</span> <span class='ocrx_word' id='word_1_185' title='bbox 2398 1218 2531 1288; x_wconf 74' lang='grc'><strong>(51),</strong></span> <span class='ocrx_word' id='word_1_186' title='bbox 2576 1218 2645 1272; x_wconf 90' lang='grc' dir='ltr'>δι’</span> <span class='ocrx_word' id='word_1_187' title='bbox 2672 1210 2747 1271; x_wconf 83' lang='grc' dir='ltr'>ὧν</span> <span class='ocrx_word' id='word_1_188' title='bbox 2773 1218 2840 1272; x_wconf 78' lang='grc' dir='ltr'><strong>ἂν</strong></span> <span class='ocrx_word' id='word_1_189' title='bbox 2872 1217 3150 1291; x_wconf 77' lang='grc' dir='ltr'><strong>παρέλθῃ,</strong></span> <span class='ocrx_word' id='word_1_190' title='bbox 3192 1219 3268 1283; x_wconf 84' lang='grc' dir='ltr'>ὼς</span> <span class='ocrx_word' id='word_1_191' title='bbox 3294 1220 3521 1274; x_wconf 80' lang='grc' dir='ltr'>δυνατὸν</span> <span class='ocrx_word' id='word_1_192' title='bbox 3548 1219 3636 1275; x_wconf 78' lang='grc' dir='ltr'><strong>εἴ·-</strong></span> 
     </span>
    </p>
   </div>
   <div class='ocr_carea' id='block_1_29' title="bbox 2049 1306 3644 1380">
    <p class='ocr_par' dir='ltr' id='par_1_29' title="bbox 2049 1306 3644 1380">
     <span class='ocr_line' id='line_1_29' title="bbox 2049 1306 3644 1380; baseline 0.002 -19"><span class='ocrx_word' id='word_1_193' title='bbox 2049 1325 2157 1370; x_wconf 84' lang='grc' dir='ltr'>ναι,</span> <span class='ocrx_word' id='word_1_194' title='bbox 2192 1307 2335 1362; x_wconf 84' lang='grc' dir='ltr'>κατὰ</span> <span class='ocrx_word' id='word_1_195' title='bbox 2378 1308 2478 1376; x_wconf 81' lang='grc' dir='ltr'><strong>τὴν</strong></span> <span class='ocrx_word' id='word_1_196' title='bbox 2517 1306 2713 1378; x_wconf 85' lang='grc' dir='ltr'>τέχνην</span> <span class='ocrx_word' id='word_1_197' title='bbox 2757 1307 2865 1360; x_wconf 84' lang='grc' dir='ltr'>τῶν</span> <span class='ocrx_word' id='word_1_198' title='bbox 2907 1307 3268 1379; x_wconf 84' lang='grc' dir='ltr'>θηρευόντων,</span> <span class='ocrx_word' id='word_1_199' title='bbox 3314 1313 3428 1373; x_wconf 87' lang='grc' dir='ltr'>τοῖς</span> <span class='ocrx_word' id='word_1_200' title='bbox 3460 1311 3644 1380; x_wconf 81' lang='grc' dir='ltr'>ἴχνεσι</span> 
     </span>
    </p>
   </div>
   <div class='ocr_carea' id='block_1_30' title="bbox 2050 1396 3645 1471">
    <p class='ocr_par' dir='ltr' id='par_1_30' title="bbox 2050 1396 3645 1471">
     <span class='ocr_line' id='line_1_30' title="bbox 2050 1396 3645 1471; baseline 0.001 -20"><span class='ocrx_word' id='word_1_201' title='bbox 2050 1398 2426 1468; x_wconf 82' lang='grc' dir='ltr'>διαγινώσκειν</span> <span class='ocrx_word' id='word_1_202' title='bbox 2458 1396 2553 1450; x_wconf 90' lang='grc' dir='ltr'><strong>τοῦ</strong></span> <span class='ocrx_word' id='word_1_203' title='bbox 2589 1397 2781 1469; x_wconf 87' lang='grc' dir='ltr'>θηρίου</span> <span class='ocrx_word' id='word_1_204' title='bbox 2816 1397 2917 1469; x_wconf 80' lang='grc' dir='ltr'>τὴν</span> <span class='ocrx_word' id='word_1_205' title='bbox 2945 1399 3125 1467; x_wconf 82' lang='grc' dir='ltr'>φύσιν.</span> <span class='ocrx_word' id='word_1_206' title='bbox 3160 1399 3268 1453; x_wconf 74' lang='grc' dir='ltr'>Καὶ</span> <span class='ocrx_word' id='word_1_207' title='bbox 3299 1400 3410 1471; x_wconf 79' lang='grc' dir='ltr'><strong>γὰρ</strong></span> <span class='ocrx_word' id='word_1_208' title='bbox 3433 1403 3645 1454; x_wconf 79' lang='grc' dir='ltr'>ἐκεῖνοι</span> 
     </span>
    </p>
   </div>
   <div class='ocr_carea' id='block_1_31' title="bbox 2052 1484 3645 1563">
    <p class='ocr_par' dir='ltr' id='par_1_31' title="bbox 2052 1484 3645 1563">
     <span class='ocr_line' id='line_1_31' title="bbox 2052 1484 3645 1563; baseline 0.002 -21"><span class='ocrx_word' id='word_1_209' title='bbox 2052 1490 2179 1542; x_wconf 85' lang='grc' dir='ltr'>ὅταν</span> <span class='ocrx_word' id='word_1_210' title='bbox 2222 1484 2490 1563; x_wconf 75' lang='grc' dir='ltr'>ἀφανὲςῇ</span> <span class='ocrx_word' id='word_1_211' title='bbox 2536 1488 2597 1541; x_wconf 84' lang='grc' dir='ltr'><strong>τὸ</strong></span> <span class='ocrx_word' id='word_1_212' title='bbox 2625 1488 2866 1561; x_wconf 83' lang='grc' dir='ltr'><strong>θήραμα,</strong></span> <span class='ocrx_word' id='word_1_213' title='bbox 2898 1488 2988 1542; x_wconf 81' lang='grc' dir='ltr'>διὰ</span> <span class='ocrx_word' id='word_1_214' title='bbox 3031 1490 3125 1543; x_wconf 87' lang='grc' dir='ltr'><strong>τοῦ</strong></span> <span class='ocrx_word' id='word_1_215' title='bbox 3164 1489 3344 1561; x_wconf 76' lang='grc' dir='ltr'>ἴχνους</span> <span class='ocrx_word' id='word_1_216' title='bbox 3385 1491 3449 1545; x_wconf 85' lang='grc' dir='ltr'><strong>τὸ</strong></span> <span class='ocrx_word' id='word_1_217' title='bbox 3493 1491 3645 1555; x_wconf 79' lang='grc' dir='ltr'>ζῶον</span> 
     </span>
    </p>
   </div>
   <div class='ocr_carea' id='block_1_32' title="bbox 2052 1580 2427 1654">
    <p class='ocr_par' dir='ltr' id='par_1_32' title="bbox 2052 1580 2427 1654">
     <span class='ocr_line' id='line_1_32' title="bbox 2052 1580 2427 1654; baseline 0.003 -20"><span class='ocrx_word' id='word_1_218' title='bbox 2052 1580 2427 1654; x_wconf 75' lang='grc' dir='ltr'>γνωρίζουσιν.</span> 
     </span>
    </p>
   </div>
   <div class='ocr_carea' id='block_1_33' title="bbox 449 1749 1954 1857">
    <p class='ocr_par' dir='ltr' id='par_1_33' title="bbox 449 1783 1950 1857">
     <span class='ocr_line' id='line_1_33' title="bbox 449 1783 1950 1857; baseline 0.001 -18"><span class='ocrx_word' id='word_1_219' title='bbox 449 1783 509 1840; x_wconf 91' lang='lat' dir='ltr'><strong>Si</strong></span> <span class='ocrx_word' id='word_1_220' title='bbox 526 1785 697 1857; x_wconf 86' lang='lat' dir='ltr'><strong>igitur</strong></span> <span class='ocrx_word' id='word_1_221' title='bbox 712 1800 843 1856; x_wconf 89' lang='lat' dir='ltr'><strong>aper</strong></span> <span class='ocrx_word' id='word_1_222' title='bbox 863 1793 956 1840; x_wconf 90' lang='lat' dir='ltr'><strong>aut</strong></span> <span class='ocrx_word' id='word_1_223' title='bbox 976 1787 1060 1841; x_wconf 91' lang='lat' dir='ltr'><strong>leo</strong></span> <span class='ocrx_word' id='word_1_224' title='bbox 1074 1786 1312 1856; x_wconf 87' lang='lat' dir='ltr'><strong>propriis</strong></span> <span class='ocrx_word' id='word_1_225' title='bbox 1334 1785 1581 1856; x_wconf 73' lang='lat' dir='ltr'><strong>vestigiis</strong></span> <span class='ocrx_word' id='word_1_226' title='bbox 1604 1786 1921 1857; x_wconf 77' lang='lat' dir='ltr'><strong>agnoscitur</strong></span> <span class='ocrx_word' id='word_1_227' title='bbox 1935 1829 1950 1854; x_wconf 91' lang='lat'><strong>,</strong></span> 
     </span>
    </p>
   </div>
   <div class='ocr_carea' id='block_1_34' title="bbox 2054 1749 3648 1857">
    <p class='ocr_par' dir='ltr' id='par_1_34' title="bbox 2125 1771 3648 1848">
     <span class='ocr_line' id='line_1_34' title="bbox 2125 1771 3648 1848; baseline -0.001 -17"><span class='ocrx_word' id='word_1_228' title='bbox 2125 1778 2191 1831; x_wconf 87' lang='grc' dir='ltr'>Εί</span> <span class='ocrx_word' id='word_1_229' title='bbox 2218 1771 2312 1830; x_wconf 83' lang='grc' dir='ltr'>οὖν</span> <span class='ocrx_word' id='word_1_230' title='bbox 2339 1778 2368 1830; x_wconf 86' lang='grc' dir='ltr'>ὁ</span> <span class='ocrx_word' id='word_1_231' title='bbox 2396 1774 2492 1838; x_wconf 83' lang='grc' dir='ltr'><strong>σῦς</strong></span> <span class='ocrx_word' id='word_1_232' title='bbox 2523 1775 2557 1847; x_wconf 75' lang='grc' dir='ltr'>ἢ</span> <span class='ocrx_word' id='word_1_233' title='bbox 2585 1778 2615 1829; x_wconf 84' lang='grc' dir='ltr'><strong>ὁ</strong></span> <span class='ocrx_word' id='word_1_234' title='bbox 2641 1775 2778 1830; x_wconf 86' lang='grc' dir='ltr'>λέων</span> <span class='ocrx_word' id='word_1_235' title='bbox 2805 1778 2917 1840; x_wconf 79' lang='grc' dir='ltr'>τοῖς</span> <span class='ocrx_word' id='word_1_236' title='bbox 2947 1775 3118 1848; x_wconf 74' lang='grc' dir='ltr'>ἴχνεσι</span> <span class='ocrx_word' id='word_1_237' title='bbox 3140 1778 3255 1840; x_wconf 85' lang='grc' dir='ltr'>τοῖς</span> <span class='ocrx_word' id='word_1_238' title='bbox 3285 1776 3440 1840; x_wconf 87' lang='grc' dir='ltr'>ίδίοις</span> <span class='ocrx_word' id='word_1_239' title='bbox 3468 1793 3648 1830; x_wconf 79' lang='grc' dir='ltr'>κατα-</span> 
     </span>
    </p>
   </div>
   <div class='ocr_carea' id='block_1_35' title="bbox 372 1875 1957 1947">
    <p class='ocr_par' dir='ltr' id='par_1_35' title="bbox 372 1875 1957 1947">
     <span class='ocr_line' id='line_1_35' title="bbox 372 1875 1957 1947; baseline 0.001 -16"><span class='ocrx_word' id='word_1_240' title='bbox 372 1891 724 1947; x_wconf 87' lang='lat' dir='ltr'><strong>consequens</strong></span> <span class='ocrx_word' id='word_1_241' title='bbox 745 1884 851 1940; x_wconf 89' lang='lat' dir='ltr'><strong>est,</strong></span> <span class='ocrx_word' id='word_1_242' title='bbox 881 1884 943 1932; x_wconf 83' lang='lat' dir='ltr'><strong>ut</strong></span> <span class='ocrx_word' id='word_1_243' title='bbox 967 1887 1022 1932; x_wconf 91' lang='lat' dir='ltr'><strong>et</strong></span> <span class='ocrx_word' id='word_1_244' title='bbox 1047 1875 1344 1947; x_wconf 83' lang='lat' dir='ltr'><strong>voluptatis</strong></span> <span class='ocrx_word' id='word_1_245' title='bbox 1374 1885 1572 1930; x_wconf 86' lang='lat' dir='ltr'><strong>natura</strong></span> <span class='ocrx_word' id='word_1_246' title='bbox 1602 1876 1658 1930; x_wconf 90' lang='lat' dir='ltr'><strong>in</strong></span> <span class='ocrx_word' id='word_1_247' title='bbox 1686 1877 1957 1947; x_wconf 88' lang='lat' dir='ltr'><strong>impresso</strong></span> 
     </span>
    </p>
   </div>
   <div class='ocr_carea' id='block_1_36' title="bbox 374 1965 1957 2038">
    <p class='ocr_par' dir='ltr' id='par_1_36' title="bbox 374 1965 1957 2038">
     <span class='ocr_line' id='line_1_36' title="bbox 374 1965 1957 2038; baseline 0.001 -18"><span class='ocrx_word' id='word_1_248' title='bbox 374 1982 408 2020; x_wconf 86' lang='lat' dir='ltr'><strong>a</strong></span> <span class='ocrx_word' id='word_1_249' title='bbox 435 1982 496 2024; x_wconf 86' lang='lat' dir='ltr'><strong>se</strong></span> <span class='ocrx_word' id='word_1_250' title='bbox 527 1966 761 2038; x_wconf 88' lang='lat' dir='ltr'><strong>vestigio</strong></span> <span class='ocrx_word' id='word_1_251' title='bbox 784 1967 1082 2022; x_wconf 85' lang='lat' dir='ltr'><strong>elucescat.</strong></span> <span class='ocrx_word' id='word_1_252' title='bbox 1111 1967 1277 2036; x_wconf 82' lang='lat' dir='ltr'><strong>Atqui</strong></span> <span class='ocrx_word' id='word_1_253' title='bbox 1312 1965 1603 2037; x_wconf 82' lang='lat' dir='ltr'><strong>vestigium</strong></span> <span class='ocrx_word' id='word_1_254' title='bbox 1630 1967 1750 2036; x_wconf 88' lang='lat' dir='ltr'><strong>ejus</strong></span> <span class='ocrx_word' id='word_1_255' title='bbox 1779 1970 1957 2038; x_wconf 88' lang='lat' dir='ltr'><strong>pudor</strong></span> 
     </span>
    </p>
   </div>
   <div class='ocr_carea' id='block_1_37' title="bbox 375 2056 1955 2129">
    <p class='ocr_par' dir='ltr' id='par_1_37' title="bbox 375 2056 1955 2129">
     <span class='ocr_line' id='line_1_37' title="bbox 375 2056 1955 2129; baseline 0 -16"><span class='ocrx_word' id='word_1_256' title='bbox 375 2065 462 2114; x_wconf 86' lang='lat' dir='ltr'><strong>est</strong></span> <span class='ocrx_word' id='word_1_257' title='bbox 498 2074 511 2110; x_wconf 93' lang='lat'>:</span> <span class='ocrx_word' id='word_1_258' title='bbox 556 2072 687 2129; x_wconf 83' lang='lat' dir='ltr'><strong>ergo</strong></span> <span class='ocrx_word' id='word_1_259' title='bbox 714 2065 769 2113; x_wconf 84' lang='lat' dir='ltr'><strong>et</strong></span> <span class='ocrx_word' id='word_1_260' title='bbox 796 2057 939 2127; x_wconf 79' lang='lat' dir='ltr'><strong>ipsa,</strong></span> <span class='ocrx_word' id='word_1_261' title='bbox 970 2073 1096 2129; x_wconf 66' lang='lat' dir='ltr'><strong>quae</strong></span> <span class='ocrx_word' id='word_1_262' title='bbox 1131 2057 1397 2127; x_wconf 84' lang='lat' dir='ltr'><strong>imprimit</strong></span> <span class='ocrx_word' id='word_1_263' title='bbox 1419 2057 1601 2111; x_wconf 84' lang='lat' dir='ltr'><strong>animo</strong></span> <span class='ocrx_word' id='word_1_264' title='bbox 1640 2056 1955 2127; x_wconf 78' lang='lat' dir='ltr'><strong>huiusmodi</strong></span> 
     </span>
    </p>
   </div>
   <div class='ocr_carea' id='block_1_38' title="bbox 376 2148 1956 2220">
    <p class='ocr_par' dir='ltr' id='par_1_38' title="bbox 376 2148 1956 2220">
     <span class='ocr_line' id='line_1_38' title="bbox 376 2148 1956 2220; baseline 0 -15"><span class='ocrx_word' id='word_1_265' title='bbox 376 2158 588 2215; x_wconf 75' lang='lat' dir='ltr'><strong>lotam,</strong></span> <span class='ocrx_word' id='word_1_266' title='bbox 632 2150 721 2205; x_wconf 89' lang='lat' dir='ltr'><strong>vel</strong></span> <span class='ocrx_word' id='word_1_267' title='bbox 763 2150 993 2220; x_wconf 88' lang='lat' dir='ltr'><strong>ipsemet</strong></span> <span class='ocrx_word' id='word_1_268' title='bbox 1019 2149 1197 2220; x_wconf 89' lang='lat' dir='ltr'><strong>pudor</strong></span> <span class='ocrx_word' id='word_1_269' title='bbox 1241 2148 1429 2212; x_wconf 77' lang='lat' dir='ltr'><strong>fuerit,</strong></span> <span class='ocrx_word' id='word_1_270' title='bbox 1485 2148 1571 2202; x_wconf 88' lang='lat' dir='ltr'><strong>vel</strong></span> <span class='ocrx_word' id='word_1_271' title='bbox 1607 2157 1756 2204; x_wconf 90' lang='lat' dir='ltr'><strong>certe</strong></span> <span class='ocrx_word' id='word_1_272' title='bbox 1786 2165 1956 2206; x_wconf 86' lang='lat' dir='ltr'><strong>causa</strong></span> 
     </span>
    </p>
   </div>
   <div class='ocr_carea' id='block_1_39' title="bbox 374 2237 1955 2311">
    <p class='ocr_par' dir='ltr' id='par_1_39' title="bbox 374 2237 1955 2311">
     <span class='ocr_line' id='line_1_39' title="bbox 374 2237 1955 2311; baseline -0.001 -15"><span class='ocrx_word' id='word_1_273' title='bbox 374 2239 622 2296; x_wconf 69' lang='lat' dir='ltr'><strong>eﬂectrix</strong></span> <span class='ocrx_word' id='word_1_274' title='bbox 641 2238 891 2310; x_wconf 87' lang='lat' dir='ltr'><strong>pudoris.</strong></span> <span class='ocrx_word' id='word_1_275' title='bbox 912 2237 1114 2294; x_wconf 77' lang='lat' dir='ltr'><strong>Verum</strong></span> <span class='ocrx_word' id='word_1_276' title='bbox 1138 2239 1253 2294; x_wconf 66' lang='lat' dir='ltr'><strong>haec</strong></span> <span class='ocrx_word' id='word_1_277' title='bbox 1282 2242 1460 2298; x_wconf 79' lang='lat' dir='ltr'><strong>obiter</strong></span> <span class='ocrx_word' id='word_1_278' title='bbox 1484 2254 1539 2299; x_wconf 89' lang='lat' dir='ltr'><strong>et</strong></span> <span class='ocrx_word' id='word_1_279' title='bbox 1566 2243 1711 2297; x_wconf 84' lang='lat' dir='ltr'><strong>aliud</strong></span> <span class='ocrx_word' id='word_1_280' title='bbox 1743 2240 1955 2311; x_wconf 87' lang='lat' dir='ltr'><strong>agendo</strong></span> 
     </span>
    </p>
   </div>
   <div class='ocr_carea' id='block_1_40' title="bbox 376 2328 1954 2403">
    <p class='ocr_par' dir='ltr' id='par_1_40' title="bbox 376 2328 1954 2403">
     <span class='ocr_line' id='line_1_40' title="bbox 376 2328 1954 2403; baseline 0.001 -20"><span class='ocrx_word' id='word_1_281' title='bbox 376 2342 414 2383; x_wconf 60' lang='grc' dir='ltr'><strong>τι</strong></span> <span class='ocrx_word' id='word_1_282' title='bbox 453 2329 615 2386; x_wconf 86' lang='lat' dir='ltr'><strong>nobis</strong></span> <span class='ocrx_word' id='word_1_283' title='bbox 669 2329 815 2384; x_wconf 86' lang='lat' dir='ltr'><strong>dicta</strong></span> <span class='ocrx_word' id='word_1_284' title='bbox 850 2336 1000 2385; x_wconf 87' lang='lat' dir='ltr'><strong>sunt.</strong></span> <span class='ocrx_word' id='word_1_285' title='bbox 1032 2328 1201 2385; x_wconf 86' lang='lat' dir='ltr'><strong>Nobis</strong></span> <span class='ocrx_word' id='word_1_286' title='bbox 1246 2332 1392 2386; x_wconf 82' lang='lat' dir='ltr'><strong>enim</strong></span> <span class='ocrx_word' id='word_1_287' title='bbox 1428 2334 1776 2403; x_wconf 86' lang='lat' dir='ltr'><strong>potissimum</strong></span> <span class='ocrx_word' id='word_1_288' title='bbox 1825 2346 1954 2402; x_wconf 85' lang='lat' dir='ltr'><strong>pro-</strong></span> 
     </span>
    </p>
   </div>
   <div class='ocr_carea' id='block_1_41' title="bbox 376 2418 1955 2491">
    <p class='ocr_par' dir='ltr' id='par_1_41' title="bbox 376 2418 1955 2491">
     <span class='ocr_line' id='line_1_41' title="bbox 376 2418 1955 2491; baseline 0.001 -16"><span class='ocrx_word' id='word_1_289' title='bbox 376 2420 616 2491; x_wconf 84' lang='lat' dir='ltr'><strong>positum</strong></span> <span class='ocrx_word' id='word_1_290' title='bbox 646 2426 767 2475; x_wconf 83' lang='lat' dir='ltr'><strong>erat</strong></span> <span class='ocrx_word' id='word_1_291' title='bbox 799 2433 894 2488; x_wconf 86' lang='lat' dir='ltr'><strong>per</strong></span> <span class='ocrx_word' id='word_1_292' title='bbox 914 2419 1163 2491; x_wconf 87' lang='lat' dir='ltr'><strong>ipsorum</strong></span> <span class='ocrx_word' id='word_1_293' title='bbox 1199 2418 1547 2477; x_wconf 83' lang='lat' dir='ltr'><strong>Psalmorum</strong></span> <span class='ocrx_word' id='word_1_294' title='bbox 1580 2421 1828 2491; x_wconf 71' lang='lat' dir='ltr'><strong>exempla</strong></span> <span class='ocrx_word' id='word_1_295' title='bbox 1856 2419 1955 2476; x_wconf 86' lang='lat' dir='ltr'><strong>de-</strong></span> 
     </span>
    </p>
   </div>
   <div class='ocr_carea' id='block_1_42' title="bbox 378 2494 1954 2581">
    <p class='ocr_par' dir='ltr' id='par_1_42' title="bbox 378 2494 1954 2581">
     <span class='ocr_line' id='line_1_42' title="bbox 378 2494 1954 2581; baseline 0 -17"><span class='ocrx_word' id='word_1_296' title='bbox 378 2517 708 2573; x_wconf 84' lang='lat' dir='ltr'><strong>monstrare,</strong></span> <span class='ocrx_word' id='word_1_297' title='bbox 739 2494 921 2580; x_wconf 83' lang='lat' dir='ltr'><strong>qualis</strong></span> <span class='ocrx_word' id='word_1_298' title='bbox 948 2509 1022 2564; x_wconf 86' lang='lat' dir='ltr'><strong>sit</strong></span> <span class='ocrx_word' id='word_1_299' title='bbox 1049 2510 1232 2566; x_wconf 75' lang='lat' dir='ltr'><strong>exitus</strong></span> <span class='ocrx_word' id='word_1_300' title='bbox 1254 2511 1381 2566; x_wconf 77' lang='lat' dir='ltr'><strong>vitae</strong></span> <span class='ocrx_word' id='word_1_301' title='bbox 1403 2519 1514 2567; x_wconf 88' lang='lat' dir='ltr'><strong>tam</strong></span> <span class='ocrx_word' id='word_1_302' title='bbox 1544 2512 1756 2575; x_wconf 85' lang='lat' dir='ltr'><strong>virtuti,</strong></span> <span class='ocrx_word' id='word_1_303' title='bbox 1787 2524 1954 2581; x_wconf 90' lang='lat' dir='ltr'><strong>quam</strong></span> 
     </span>
    </p>
   </div>
   <div class='ocr_carea' id='block_1_43' title="bbox 374 2600 1954 2681">
    <p class='ocr_par' dir='ltr' id='par_1_43' title="bbox 374 2600 1954 2681">
     <span class='ocr_line' id='line_1_43' title="bbox 374 2600 1954 2681; baseline -0.001 -25"><span class='ocrx_word' id='word_1_304' title='bbox 374 2603 527 2656; x_wconf 83' lang='lat' dir='ltr'><strong>vitiis</strong></span> <span class='ocrx_word' id='word_1_305' title='bbox 552 2600 805 2668; x_wconf 52' lang='lat' dir='ltr'><strong>addicta.</strong></span> <span class='ocrx_word' id='word_1_306' title='bbox 839 2601 1029 2671; x_wconf 77' lang='lat' dir='ltr'><strong>Itaque</strong></span> <span class='ocrx_word' id='word_1_307' title='bbox 1049 2601 1107 2655; x_wconf 90' lang='lat' dir='ltr'><strong>in</strong></span> <span class='ocrx_word' id='word_1_308' title='bbox 1134 2600 1395 2681; x_wconf 63' lang='lat' dir='ltr'><strong>praedicto</strong></span> <span class='ocrx_word' id='word_1_309' title='bbox 1418 2604 1627 2674; x_wconf 87' lang='lat' dir='ltr'><strong>psalmo</strong></span> <span class='ocrx_word' id='word_1_310' title='bbox 1649 2601 1812 2658; x_wconf 84' lang='lat' dir='ltr'><strong>linem</strong></span> <span class='ocrx_word' id='word_1_311' title='bbox 1838 2603 1954 2656; x_wconf 88' lang='lat' dir='ltr'><strong>vir-</strong></span> 
     </span>
    </p>
   </div>
   <div class='ocr_carea' id='block_1_44' title="bbox 374 2692 1956 2765">
    <p class='ocr_par' dir='ltr' id='par_1_44' title="bbox 374 2692 1956 2765">
     <span class='ocr_line' id='line_1_44' title="bbox 374 2692 1956 2765; baseline -0.001 -16"><span class='ocrx_word' id='word_1_312' title='bbox 374 2695 511 2749; x_wconf 83' lang='lat' dir='ltr'><strong>tutis</strong></span> <span class='ocrx_word' id='word_1_313' title='bbox 546 2693 742 2750; x_wconf 88' lang='lat' dir='ltr'><strong>statuit</strong></span> <span class='ocrx_word' id='word_1_314' title='bbox 776 2708 968 2765; x_wconf 89' lang='lat' dir='ltr'><strong>pacem</strong></span> <span class='ocrx_word' id='word_1_315' title='bbox 1017 2701 1074 2750; x_wconf 90' lang='lat' dir='ltr'><strong>et</strong></span> <span class='ocrx_word' id='word_1_316' title='bbox 1110 2694 1560 2765; x_wconf 82' lang='lat' dir='ltr'><strong>tranquillitatem</strong></span> <span class='ocrx_word' id='word_1_317' title='bbox 1586 2737 1602 2761; x_wconf 92' lang='lat'><strong>,</strong></span> <span class='ocrx_word' id='word_1_318' title='bbox 1641 2702 1698 2749; x_wconf 91' lang='lat' dir='ltr'><strong>et</strong></span> <span class='ocrx_word' id='word_1_319' title='bbox 1747 2692 1956 2748; x_wconf 83' lang='lat' dir='ltr'><strong>unifor-</strong></span> 
     </span>
    </p>
   </div>
   <div class='ocr_carea' id='block_1_45' title="bbox 376 2784 1955 2857">
    <p class='ocr_par' dir='ltr' id='par_1_45' title="bbox 376 2784 1955 2857">
     <span class='ocr_line' id='line_1_45' title="bbox 376 2784 1955 2857; baseline 0.001 -18"><span class='ocrx_word' id='word_1_320' title='bbox 376 2799 522 2840; x_wconf 89' lang='lat' dir='ltr'><strong>mem</strong></span> <span class='ocrx_word' id='word_1_321' title='bbox 554 2785 727 2849; x_wconf 87' lang='lat' dir='ltr'><strong>illam,</strong></span> <span class='ocrx_word' id='word_1_322' title='bbox 758 2793 812 2840; x_wconf 91' lang='lat' dir='ltr'><strong>et</strong></span> <span class='ocrx_word' id='word_1_323' title='bbox 840 2784 1234 2854; x_wconf 86' lang='lat' dir='ltr'><strong>impermistam</strong></span> <span class='ocrx_word' id='word_1_324' title='bbox 1268 2784 1335 2839; x_wconf 89' lang='lat' dir='ltr'><strong>ad</strong></span> <span class='ocrx_word' id='word_1_325' title='bbox 1363 2786 1648 2857; x_wconf 79' lang='lat' dir='ltr'><strong>passiones</strong></span> <span class='ocrx_word' id='word_1_326' title='bbox 1675 2785 1955 2855; x_wconf 88' lang='lat' dir='ltr'><strong>animique</strong></span> 
     </span>
    </p>
   </div>
   <div class='ocr_carea' id='block_1_46' title="bbox 376 2874 1955 2947">
    <p class='ocr_par' dir='ltr' id='par_1_46' title="bbox 376 2874 1955 2947">
     <span class='ocr_line' id='line_1_46' title="bbox 376 2874 1955 2947; baseline 0.003 -19"><span class='ocrx_word' id='word_1_327' title='bbox 376 2875 819 2946; x_wconf 84' lang='lat' dir='ltr'><strong>perturbationes</strong></span> <span class='ocrx_word' id='word_1_328' title='bbox 850 2874 1192 2931; x_wconf 72' lang='lat' dir='ltr'><strong>a’ﬂ‘ectionem</strong></span> <span class='ocrx_word' id='word_1_329' title='bbox 1214 2885 1265 2932; x_wconf 91' lang='lat' dir='ltr'><strong>et</strong></span> <span class='ocrx_word' id='word_1_330' title='bbox 1286 2876 1724 2946; x_wconf 89' lang='lat' dir='ltr'><strong>dispositionem,</strong></span> <span class='ocrx_word' id='word_1_331' title='bbox 1750 2880 1877 2947; x_wconf 58' lang='lat' dir='ltr'><strong>qua:</strong></span> <span class='ocrx_word' id='word_1_332' title='bbox 1897 2877 1955 2932; x_wconf 93' lang='lat' dir='ltr'><strong>in</strong></span> 
     </span>
    </p>
   </div>
   <div class='ocr_carea' id='block_1_47' title="bbox 370 2964 1953 3035">
    <p class='ocr_par' dir='ltr' id='par_1_47' title="bbox 370 2964 1953 3035">
     <span class='ocr_line' id='line_1_47' title="bbox 370 2964 1953 3035; baseline 0.002 -16"><span class='ocrx_word' id='word_1_333' title='bbox 370 2979 475 3035; x_wconf 69' lang='lat' dir='ltr'><strong>&#39;spe</strong></span> <span class='ocrx_word' id='word_1_334' title='bbox 512 2964 711 3019; x_wconf 75' lang='lat' dir='ltr'><strong>divinae</strong></span> <span class='ocrx_word' id='word_1_335' title='bbox 740 2965 1139 3021; x_wconf 88' lang='lat' dir='ltr'><strong>communionis</strong></span> <span class='ocrx_word' id='word_1_336' title='bbox 1175 2966 1553 3021; x_wconf 84' lang='lat' dir='ltr'><strong>constituitur.</strong></span> <span class='ocrx_word' id='word_1_337' title='bbox 1599 2966 1953 3022; x_wconf 86' lang='lat' dir='ltr'><strong>Contrarium</strong></span> 
     </span>
    </p>
   </div>
   <div class='ocr_carea' id='block_1_48' title="bbox 2057 1867 3648 1943">
    <p class='ocr_par' dir='ltr' id='par_1_48' title="bbox 2057 1867 3648 1943">
     <span class='ocr_line' id='line_1_48' title="bbox 2057 1867 3648 1943; baseline -0.001 -21"><span class='ocrx_word' id='word_1_338' title='bbox 2057 1869 2373 1943; x_wconf 80' lang='grc' dir='ltr'>μηνύονται,</span> <span class='ocrx_word' id='word_1_339' title='bbox 2424 1867 2719 1922; x_wconf 78' lang='grc' dir='ltr'>ἀκόλουθον</span> <span class='ocrx_word' id='word_1_340' title='bbox 2763 1868 2981 1931; x_wconf 79' lang='grc' dir='ltr'>πάντως</span> <span class='ocrx_word' id='word_1_341' title='bbox 3020 1870 3117 1922; x_wconf 85' lang='grc' dir='ltr'>καὶ</span> <span class='ocrx_word' id='word_1_342' title='bbox 3164 1868 3267 1939; x_wconf 81' lang='grc' dir='ltr'><strong>τῆς</strong></span> <span class='ocrx_word' id='word_1_343' title='bbox 3308 1868 3502 1939; x_wconf 73' lang='grc' dir='ltr'>ἡδονῆς</span> <span class='ocrx_word' id='word_1_344' title='bbox 3535 1870 3648 1938; x_wconf 74' lang='grc' dir='ltr'>τὴν</span> 
     </span>
    </p>
   </div>
   <div class='ocr_carea' id='block_1_49' title="bbox 2055 1956 3643 2029">
    <p class='ocr_par' dir='ltr' id='par_1_49' title="bbox 2055 1956 3643 2029">
     <span class='ocr_line' id='line_1_49' title="bbox 2055 1956 3643 2029; baseline -0.001 -17"><span class='ocrx_word' id='word_1_345' title='bbox 2055 1959 2217 2029; x_wconf 86' lang='grc' dir='ltr'>φύσιν</span> <span class='ocrx_word' id='word_1_346' title='bbox 2260 1960 2320 2011; x_wconf 74' lang='grc' dir='ltr'>ὲν</span> <span class='ocrx_word' id='word_1_347' title='bbox 2364 1956 2443 2028; x_wconf 80' lang='grc' dir='ltr'>τῷ</span> <span class='ocrx_word' id='word_1_348' title='bbox 2474 1957 2852 2026; x_wconf 79' lang='grc' dir='ltr'>ὑπολειφθέντι</span> <span class='ocrx_word' id='word_1_349' title='bbox 2879 1958 3050 2028; x_wconf 84' lang='grc' dir='ltr'>αὐτῆς</span> <span class='ocrx_word' id='word_1_350' title='bbox 3082 1957 3221 2028; x_wconf 79' lang='grc' dir='ltr'>ἴχνει</span> <span class='ocrx_word' id='word_1_351' title='bbox 3247 1958 3643 2028; x_wconf 80' lang='grc' dir='ltr'>γνωρίζεσθαι.</span> 
     </span>
    </p>
   </div>
   <div class='ocr_carea' id='block_1_50' title="bbox 2067 2048 3647 2123">
    <p class='ocr_par' dir='ltr' id='par_1_50' title="bbox 2067 2048 3647 2123">
     <span class='ocr_line' id='line_1_50' title="bbox 2067 2048 3647 2123; baseline -0.002 -18"><span class='ocrx_word' id='word_1_352' title='bbox 2067 2050 2227 2105; x_wconf 80' lang='grc' dir='ltr'><strong>Ἀλλὰ</strong></span> <span class='ocrx_word' id='word_1_353' title='bbox 2259 2050 2366 2123; x_wconf 75' lang='grc' dir='ltr'>μὴν</span> <span class='ocrx_word' id='word_1_354' title='bbox 2395 2048 2455 2103; x_wconf 81' lang='grc' dir='ltr'>τὸ</span> <span class='ocrx_word' id='word_1_355' title='bbox 2483 2049 2627 2119; x_wconf 85' lang='grc' dir='ltr'>ίχνος</span> <span class='ocrx_word' id='word_1_356' title='bbox 2671 2049 2843 2119; x_wconf 84' lang='grc' dir='ltr'>αὐτῆς</span> <span class='ocrx_word' id='word_1_357' title='bbox 2875 2048 3103 2120; x_wconf 77' lang='grc' dir='ltr'>αἰσχύνη</span> <span class='ocrx_word' id='word_1_358' title='bbox 3148 2048 3314 2101; x_wconf 76' lang='grc' dir='ltr'>ἐστίν.</span> <span class='ocrx_word' id='word_1_359' title='bbox 3362 2050 3505 2121; x_wconf 78' lang='grc' dir='ltr'>’Δρα</span> <span class='ocrx_word' id='word_1_360' title='bbox 3540 2051 3647 2102; x_wconf 72' lang='grc' dir='ltr'><strong>καὶ</strong></span> 
     </span>
    </p>
   </div>
   <div class='ocr_carea' id='block_1_51' title="bbox 2050 2140 3637 2214">
    <p class='ocr_par' dir='ltr' id='par_1_51' title="bbox 2050 2140 3637 2214">
     <span class='ocr_line' id='line_1_51' title="bbox 2050 2140 3637 2214; baseline -0.001 -19"><span class='ocrx_word' id='word_1_361' title='bbox 2050 2145 2089 2214; x_wconf 81' lang='grc' dir='ltr'><strong>ή</strong></span> <span class='ocrx_word' id='word_1_362' title='bbox 2117 2141 2539 2213; x_wconf 82' lang='grc' dir='ltr'>ἐνσημηναμένη</span> <span class='ocrx_word' id='word_1_363' title='bbox 2580 2143 2646 2212; x_wconf 79' lang='grc' dir='ltr'>τῇ</span> <span class='ocrx_word' id='word_1_364' title='bbox 2678 2140 2826 2212; x_wconf 78' lang='grc' dir='ltr'>ψυχῇ</span> <span class='ocrx_word' id='word_1_365' title='bbox 2875 2140 2967 2194; x_wconf 80' lang='grc' dir='ltr'><strong>τὸν</strong></span> <span class='ocrx_word' id='word_1_366' title='bbox 3001 2141 3114 2211; x_wconf 69' lang='grc'><strong>(52)</strong></span> <span class='ocrx_word' id='word_1_367' title='bbox 3166 2140 3411 2195; x_wconf 84' lang='grc' dir='ltr'>τοιοῦτον</span> <span class='ocrx_word' id='word_1_368' title='bbox 3438 2143 3637 2205; x_wconf 80' lang='grc' dir='ltr'>τύπον,</span> 
     </span>
    </p>
   </div>
   <div class='ocr_carea' id='block_1_52' title="bbox 2053 2231 3642 2304">
    <p class='ocr_par' dir='ltr' id='par_1_52' title="bbox 2053 2231 3642 2304">
     <span class='ocr_line' id='line_1_52' title="bbox 2053 2231 3642 2304; baseline 0.002 -19"><span class='ocrx_word' id='word_1_369' title='bbox 2053 2233 2088 2304; x_wconf 81' lang='grc' dir='ltr'>ἢ</span> <span class='ocrx_word' id='word_1_370' title='bbox 2118 2233 2250 2286; x_wconf 81' lang='grc' dir='ltr'>αὐτὸ</span> <span class='ocrx_word' id='word_1_371' title='bbox 2279 2232 2393 2303; x_wconf 78' lang='grc'><strong>(55)</strong></span> <span class='ocrx_word' id='word_1_372' title='bbox 2425 2233 2643 2295; x_wconf 83' lang='grc' dir='ltr'>πάντως</span> <span class='ocrx_word' id='word_1_373' title='bbox 2687 2231 2916 2302; x_wconf 88' lang='grc' dir='ltr'>αίσχύνη</span> <span class='ocrx_word' id='word_1_374' title='bbox 2953 2232 3123 2294; x_wconf 78' lang='grc' dir='ltr'>ἐστὶν,</span> <span class='ocrx_word' id='word_1_375' title='bbox 3166 2232 3201 2302; x_wconf 77' lang='grc' dir='ltr'>ἢ</span> <span class='ocrx_word' id='word_1_376' title='bbox 3235 2232 3494 2304; x_wconf 74' lang='grc' dir='ltr'>ποιητικὴ</span> <span class='ocrx_word' id='word_1_377' title='bbox 3534 2232 3642 2304; x_wconf 76' lang='grc' dir='ltr'>τῆς</span> 
     </span>
    </p>
   </div>
   <div class='ocr_carea' id='block_1_53' title="bbox 2053 2322 3645 2397">
    <p class='ocr_par' dir='ltr' id='par_1_53' title="bbox 2053 2322 3645 2397">
     <span class='ocr_line' id='line_1_53' title="bbox 2053 2322 3645 2397; baseline 0.001 -21"><span class='ocrx_word' id='word_1_378' title='bbox 2053 2323 2337 2394; x_wconf 84' lang='grc' dir='ltr'>αἰσχύνης.</span> <span class='ocrx_word' id='word_1_379' title='bbox 2379 2322 2538 2376; x_wconf 82' lang='grc' dir='ltr'>Ἀλλὰ</span> <span class='ocrx_word' id='word_1_380' title='bbox 2562 2322 2724 2376; x_wconf 86' lang='grc' dir='ltr'>τοῦτο</span> <span class='ocrx_word' id='word_1_381' title='bbox 2770 2323 2872 2394; x_wconf 84' lang='grc' dir='ltr'><strong>μὲν</strong></span> <span class='ocrx_word' id='word_1_382' title='bbox 2907 2325 3039 2395; x_wconf 73' lang='grc' dir='ltr'>ἡμῖν</span> <span class='ocrx_word' id='word_1_383' title='bbox 3075 2325 3134 2378; x_wconf 79' lang='grc' dir='ltr'>ὲν</span> <span class='ocrx_word' id='word_1_384' title='bbox 3177 2325 3481 2396; x_wconf 78' lang='grc' dir='ltr'>παρεξοδίῳ</span> <span class='ocrx_word' id='word_1_385' title='bbox 3504 2342 3645 2397; x_wconf 76' lang='grc' dir='ltr'>προ-</span> 
     </span>
    </p>
   </div>
   <div class='ocr_carea' id='block_1_54' title="bbox 2054 2414 3642 2488">
    <p class='ocr_par' dir='ltr' id='par_1_54' title="bbox 2054 2414 3642 2488">
     <span class='ocr_line' id='line_1_54' title="bbox 2054 2414 3642 2488; baseline 0 -19"><span class='ocrx_word' id='word_1_386' title='bbox 2054 2415 2333 2488; x_wconf 87' lang='grc' dir='ltr'>εθεωρήθη</span> <span class='ocrx_word' id='word_1_387' title='bbox 2362 2414 2443 2486; x_wconf 83' lang='grc' dir='ltr'>τῷ</span> <span class='ocrx_word' id='word_1_388' title='bbox 2482 2415 2633 2486; x_wconf 73' lang='grc' dir='ltr'>τόπῳ</span> <span class='ocrx_word' id='word_1_389' title='bbox 2659 2432 2675 2447; x_wconf 75' lang='grc' dir='ltr'><strong>ο</strong></span> <span class='ocrx_word' id='word_1_390' title='bbox 2723 2415 2894 2481; x_wconf 83' lang='grc' dir='ltr'>δεῖξαι</span> <span class='ocrx_word' id='word_1_391' title='bbox 2930 2416 3040 2486; x_wconf 75' lang='grc' dir='ltr'>γὰρ</span> <span class='ocrx_word' id='word_1_392' title='bbox 3086 2416 3229 2470; x_wconf 76' lang='grc' dir='ltr'>κατὰ</span> <span class='ocrx_word' id='word_1_393' title='bbox 3273 2417 3337 2471; x_wconf 78' lang='grc' dir='ltr'>τὸ</span> <span class='ocrx_word' id='word_1_394' title='bbox 3364 2416 3642 2488; x_wconf 76' lang='grc' dir='ltr'>προηγού-</span> 
     </span>
    </p>
   </div>
   <div class='ocr_carea' id='block_1_55' title="bbox 2059 2504 3638 2581">
    <p class='ocr_par' dir='ltr' id='par_1_55' title="bbox 2059 2504 3638 2581">
     <span class='ocr_line' id='line_1_55' title="bbox 2059 2504 3638 2581; baseline 0.002 -22"><span class='ocrx_word' id='word_1_395' title='bbox 2059 2523 2216 2578; x_wconf 81' lang='grc' dir='ltr'>μενον</span> <span class='ocrx_word' id='word_1_396' title='bbox 2262 2506 2368 2559; x_wconf 71' lang='grc' dir='ltr'>ἔδει</span> <span class='ocrx_word' id='word_1_397' title='bbox 2411 2505 2502 2559; x_wconf 81' lang='grc' dir='ltr'>διὰ</span> <span class='ocrx_word' id='word_1_398' title='bbox 2541 2507 2644 2575; x_wconf 84' lang='grc' dir='ltr'>τῆς</span> <span class='ocrx_word' id='word_1_399' title='bbox 2679 2505 3031 2577; x_wconf 81' lang='grc' dir='ltr'>ψαλμῳδίας,</span> <span class='ocrx_word' id='word_1_400' title='bbox 3084 2504 3197 2562; x_wconf 75' lang='grc' dir='ltr'>οἷον</span> <span class='ocrx_word' id='word_1_401' title='bbox 3228 2509 3496 2581; x_wconf 76' lang='grc' dir='ltr'>ἑκατέρου</span> <span class='ocrx_word' id='word_1_402' title='bbox 3528 2510 3638 2561; x_wconf 78' lang='grc' dir='ltr'><strong>τῶν</strong></span> 
     </span>
    </p>
   </div>
   <div class='ocr_carea' id='block_1_56' title="bbox 2054 2597 3647 2669">
    <p class='ocr_par' dir='ltr' id='par_1_56' title="bbox 2054 2597 3647 2669">
     <span class='ocr_line' id='line_1_56' title="bbox 2054 2597 3647 2669; baseline 0.001 -18"><span class='ocrx_word' id='word_1_403' title='bbox 2054 2599 2174 2651; x_wconf 85' lang='grc' dir='ltr'>κατ’</span> <span class='ocrx_word' id='word_1_404' title='bbox 2208 2598 2412 2669; x_wconf 83' lang='grc' dir='ltr'>ἀρετήν</span> <span class='ocrx_word' id='word_1_405' title='bbox 2459 2613 2521 2650; x_wconf 85' lang='grc' dir='ltr'><strong>τε</strong></span> <span class='ocrx_word' id='word_1_406' title='bbox 2564 2598 2661 2651; x_wconf 72' lang='grc' dir='ltr'>καὶ</span> <span class='ocrx_word' id='word_1_407' title='bbox 2703 2597 2901 2651; x_wconf 84' lang='grc' dir='ltr'>κακίαν</span> <span class='ocrx_word' id='word_1_408' title='bbox 2943 2597 3391 2669; x_wconf 75' lang='grc' dir='ltr'>ἐπιτηδευμάτων</span> <span class='ocrx_word' id='word_1_409' title='bbox 3431 2599 3546 2652; x_wconf 60' lang='grc' dir='ltr'>ἐστὶ</span> <span class='ocrx_word' id='word_1_410' title='bbox 3578 2599 3647 2652; x_wconf 60' lang='grc' dir='ltr'>τὺ</span> 
     </span>
    </p>
   </div>
   <div class='ocr_carea' id='block_1_57' title="bbox 2054 2687 3643 2763">
    <p class='ocr_par' dir='ltr' id='par_1_57' title="bbox 2054 2687 3643 2763">
     <span class='ocr_line' id='line_1_57' title="bbox 2054 2687 3643 2763; baseline 0.001 -19"><span class='ocrx_word' id='word_1_411' title='bbox 2054 2691 2248 2763; x_wconf 80' lang='grc' dir='ltr'><strong>πέρας.</strong></span> <span class='ocrx_word' id='word_1_412' title='bbox 2290 2689 2381 2743; x_wconf 79' lang='grc' dir='ltr'>Ἑν</span> <span class='ocrx_word' id='word_1_413' title='bbox 2418 2687 2600 2742; x_wconf 77' lang='grc' dir='ltr'>τοίνυν</span> <span class='ocrx_word' id='word_1_414' title='bbox 2634 2689 2712 2760; x_wconf 82' lang='grc' dir='ltr'>τῷ</span> <span class='ocrx_word' id='word_1_415' title='bbox 2742 2690 3130 2761; x_wconf 80' lang='grc' dir='ltr'>προειρημένῳ</span> <span class='ocrx_word' id='word_1_416' title='bbox 3171 2688 3287 2761; x_wconf 63' lang='grc'><strong>(54)</strong></span> <span class='ocrx_word' id='word_1_417' title='bbox 3321 2690 3543 2762; x_wconf 76' lang='grc' dir='ltr'>ψαλμῷ,</span> <span class='ocrx_word' id='word_1_418' title='bbox 3574 2691 3643 2745; x_wconf 71' lang='grc' dir='ltr'>τὺ</span> 
     </span>
    </p>
   </div>
   <div class='ocr_carea' id='block_1_58' title="bbox 2052 2777 3638 2854">
    <p class='ocr_par' dir='ltr' id='par_1_58' title="bbox 2052 2777 3638 2854">
     <span class='ocr_line' id='line_1_58' title="bbox 2052 2777 3638 2854; baseline 0.001 -18"><span class='ocrx_word' id='word_1_419' title='bbox 2052 2783 2155 2854; x_wconf 81' lang='grc' dir='ltr'>τῆς</span> <span class='ocrx_word' id='word_1_420' title='bbox 2190 2782 2392 2853; x_wconf 82' lang='grc' dir='ltr'>ἀρετῆς</span> <span class='ocrx_word' id='word_1_421' title='bbox 2426 2780 2596 2835; x_wconf 75' lang='grc' dir='ltr'>εἰπὼν</span> <span class='ocrx_word' id='word_1_422' title='bbox 2635 2781 2789 2845; x_wconf 84' lang='grc' dir='ltr'>τέλος</span> <span class='ocrx_word' id='word_1_423' title='bbox 2834 2782 3061 2853; x_wconf 76' lang='grc' dir='ltr'>είρηνην</span> <span class='ocrx_word' id='word_1_424' title='bbox 3103 2777 3249 2835; x_wconf 73' lang='grc' dir='ltr'>εῖναι</span> <span class='ocrx_word' id='word_1_425' title='bbox 3288 2783 3387 2836; x_wconf 69' lang='grc' dir='ltr'>καὶ</span> <span class='ocrx_word' id='word_1_426' title='bbox 3432 2783 3638 2845; x_wconf 76' lang='grc' dir='ltr'>ἄνεσιν.</span> 
     </span>
    </p>
   </div>
   <div class='ocr_carea' id='block_1_59' title="bbox 2055 2876 3643 2950">
    <p class='ocr_par' dir='ltr' id='par_1_59' title="bbox 2055 2876 3643 2950">
     <span class='ocr_line' id='line_1_59' title="bbox 2055 2876 3643 2950; baseline 0.001 -19"><span class='ocrx_word' id='word_1_427' title='bbox 2055 2879 2149 2931; x_wconf 74' lang='grc' dir='ltr'><strong>καὶ</strong></span> <span class='ocrx_word' id='word_1_428' title='bbox 2174 2878 2271 2950; x_wconf 85' lang='grc' dir='ltr'>τὴν</span> <span class='ocrx_word' id='word_1_429' title='bbox 2304 2877 2549 2948; x_wconf 83' lang='grc' dir='ltr'>μονοειδῆ</span> <span class='ocrx_word' id='word_1_430' title='bbox 2582 2895 2643 2930; x_wconf 88' lang='grc' dir='ltr'><strong>τε</strong></span> <span class='ocrx_word' id='word_1_431' title='bbox 2687 2877 2784 2931; x_wconf 77' lang='grc' dir='ltr'><strong>καὶ</strong></span> <span class='ocrx_word' id='word_1_432' title='bbox 2823 2876 3181 2948; x_wconf 86' lang='grc' dir='ltr'>ἀνεπίμικτον</span> <span class='ocrx_word' id='word_1_433' title='bbox 3212 2876 3352 2949; x_wconf 79' lang='grc' dir='ltr'>πρὸς</span> <span class='ocrx_word' id='word_1_434' title='bbox 3388 2878 3460 2932; x_wconf 79' lang='grc' dir='ltr'>τὰ</span> <span class='ocrx_word' id='word_1_435' title='bbox 3495 2877 3643 2948; x_wconf 74' lang='grc' dir='ltr'>πάθη</span> 
     </span>
    </p>
   </div>
   <div class='ocr_carea' id='block_1_60' title="bbox 2054 2967 3645 3041">
    <p class='ocr_par' dir='ltr' id='par_1_60' title="bbox 2054 2967 3645 3041">
     <span class='ocr_line' id='line_1_60' title="bbox 2054 2967 3645 3041; baseline -0.001 -18"><span class='ocrx_word' id='word_1_436' title='bbox 2054 2970 2393 3041; x_wconf 82' lang='grc' dir='ltr'>κατοίκησιν,</span> <span class='ocrx_word' id='word_1_437' title='bbox 2410 2970 2512 3040; x_wconf 81' lang='grc' dir='ltr'><strong>τὴν</strong></span> <span class='ocrx_word' id='word_1_438' title='bbox 2534 2969 2619 3023; x_wconf 76' lang='grc' dir='ltr'><strong>ἐπ’</strong></span> <span class='ocrx_word' id='word_1_439' title='bbox 2642 2968 2822 3022; x_wconf 78' lang='grc' dir='ltr'>ἐλπίδι</span> <span class='ocrx_word' id='word_1_440' title='bbox 2837 2968 2952 3041; x_wconf 83' lang='grc'><strong>(55)</strong></span> <span class='ocrx_word' id='word_1_441' title='bbox 2966 2969 3069 3039; x_wconf 83' lang='grc' dir='ltr'>τῆς</span> <span class='ocrx_word' id='word_1_442' title='bbox 3084 2969 3177 3023; x_wconf 91' lang='grc' dir='ltr'><strong>τοῦ</strong></span> <span class='ocrx_word' id='word_1_443' title='bbox 3188 2967 3329 3021; x_wconf 86' lang='grc' dir='ltr'>Θεοῦ</span> <span class='ocrx_word' id='word_1_444' title='bbox 3349 2969 3645 3039; x_wconf 84' lang='grc' dir='ltr'>μετουσίας</span> 
     </span>
    </p>
   </div>
   <div class='ocr_carea' id='block_1_61' title="bbox 372 3056 1954 3156">
    <p class='ocr_par' dir='ltr' id='par_1_61' title="bbox 372 3056 1954 3127">
     <span class='ocr_line' id='line_1_61' title="bbox 372 3056 1954 3127; baseline 0.004 -19"><span class='ocrx_word' id='word_1_445' title='bbox 372 3069 511 3109; x_wconf 80' lang='lat' dir='ltr'><strong>vero</strong></span> <span class='ocrx_word' id='word_1_446' title='bbox 558 3056 686 3110; x_wconf 88' lang='lat' dir='ltr'><strong>huic</strong></span> <span class='ocrx_word' id='word_1_447' title='bbox 722 3063 949 3121; x_wconf 83' lang='lat' dir='ltr'><strong>statum,</strong></span> <span class='ocrx_word' id='word_1_448' title='bbox 1002 3056 1125 3127; x_wconf 90' lang='lat' dir='ltr'><strong>ipso</strong></span> <span class='ocrx_word' id='word_1_449' title='bbox 1171 3057 1396 3112; x_wconf 84' lang='lat' dir='ltr'><strong>silent-io</strong></span> <span class='ocrx_word' id='word_1_450' title='bbox 1449 3057 1724 3126; x_wconf 80' lang='lat' dir='ltr'><strong>patefecit.</strong></span> <span class='ocrx_word' id='word_1_451' title='bbox 1783 3056 1954 3114; x_wconf 89' lang='lat' dir='ltr'><strong>Porro</strong></span> 
     </span>
    </p>
   </div>
   <div class='ocr_carea' id='block_1_62' title="bbox 2054 3056 3643 3156">
    <p class='ocr_par' dir='ltr' id='par_1_62' title="bbox 2057 3058 3643 3133">
     <span class='ocr_line' id='line_1_62' title="bbox 2057 3058 3643 3133; baseline -0.001 -18"><span class='ocrx_word' id='word_1_452' title='bbox 2057 3061 2498 3133; x_wconf 82' lang='grc' dir='ltr'>κατορθουμένην</span> <span class='ocrx_word' id='word_1_453' title='bbox 2514 3100 2529 3126; x_wconf 87' lang='grc'><strong>,</strong></span> <span class='ocrx_word' id='word_1_454' title='bbox 2562 3061 2628 3114; x_wconf 82' lang='grc' dir='ltr'><strong>τὸ</strong></span> <span class='ocrx_word' id='word_1_455' title='bbox 2648 3061 3021 3132; x_wconf 69' lang='grc' dir='ltr'>ἀντικείμενον</span> <span class='ocrx_word' id='word_1_456' title='bbox 3038 3060 3214 3130; x_wconf 86' lang='grc' dir='ltr'>τούτῳ</span> <span class='ocrx_word' id='word_1_457' title='bbox 3244 3060 3380 3130; x_wconf 78' lang='lat'><strong>(55&#39;)</strong></span> <span class='ocrx_word' id='word_1_458' title='bbox 3404 3058 3643 3114; x_wconf 77' lang='grc' dir='ltr'>ἐνταῦθα</span> 
     </span>
    </p>
   </div>
   <div class='ocr_carea' id='block_1_63' title="bbox 380 3146 1954 3226">
    <p class='ocr_par' dir='ltr' id='par_1_63' title="bbox 380 3146 1954 3219">
     <span class='ocr_line' id='line_1_63' title="bbox 380 3146 1954 3219; baseline 0.001 -16"><span class='ocrx_word' id='word_1_459' title='bbox 380 3148 583 3217; x_wconf 59' lang='lat' dir='ltr'><strong>sapius</strong></span> <span class='ocrx_word' id='word_1_460' title='bbox 602 3146 659 3202; x_wconf 91' lang='lat' dir='ltr'><strong>in</strong></span> <span class='ocrx_word' id='word_1_461' title='bbox 670 3146 910 3202; x_wconf 85' lang='lat' dir='ltr'><strong>Psalmis</strong></span> <span class='ocrx_word' id='word_1_462' title='bbox 923 3148 1152 3203; x_wconf 86' lang='lat' dir='ltr'><strong>clamat:</strong></span> <span class='ocrx_word' id='word_1_463' title='bbox 1176 3167 1195 3199; x_wconf 77' lang='grc' dir='ltr'><strong>ι</strong></span> <span class='ocrx_word' id='word_1_464' title='bbox 1214 3148 1406 3219; x_wconf 82' lang='lat' dir='ltr'><strong>iniusti</strong></span> <span class='ocrx_word' id='word_1_465' title='bbox 1429 3149 1752 3216; x_wconf 86' lang='lat' dir='ltr'><strong>interibunt,</strong></span> <span class='ocrx_word' id='word_1_466' title='bbox 1766 3164 1954 3205; x_wconf 86' lang='lat' dir='ltr'><strong>semen</strong></span> 
     </span>
    </p>
   </div>
   <div class='ocr_carea' id='block_1_64' title="bbox 2054 3146 3642 3226">
    <p class='ocr_par' dir='ltr' id='par_1_64' title="bbox 2062 3152 3642 3226">
     <span class='ocr_line' id='line_1_64' title="bbox 2062 3152 3642 3226; baseline 0 -19"><span class='ocrx_word' id='word_1_467' title='bbox 2062 3154 2161 3226; x_wconf 83' lang='grc' dir='ltr'>μὲν</span> <span class='ocrx_word' id='word_1_468' title='bbox 2190 3154 2279 3208; x_wconf 78' lang='grc' dir='ltr'>διὰ</span> <span class='ocrx_word' id='word_1_469' title='bbox 2312 3153 2413 3223; x_wconf 81' lang='grc' dir='ltr'>τῆς</span> <span class='ocrx_word' id='word_1_470' title='bbox 2442 3154 2653 3223; x_wconf 83' lang='grc' dir='ltr'>σιωπῆς</span> <span class='ocrx_word' id='word_1_471' title='bbox 2684 3153 3005 3220; x_wconf 79' lang='grc' dir='ltr'>ἐνεδείξατο.</span> <span class='ocrx_word' id='word_1_472' title='bbox 3037 3153 3289 3224; x_wconf 88' lang='grc' dir='ltr'>Πολλαχῆ</span> <span class='ocrx_word' id='word_1_473' title='bbox 3322 3153 3385 3206; x_wconf 88' lang='grc' dir='ltr'>δὲ</span> <span class='ocrx_word' id='word_1_474' title='bbox 3430 3152 3525 3206; x_wconf 77' lang='grc' dir='ltr'>διὰ</span> <span class='ocrx_word' id='word_1_475' title='bbox 3542 3154 3642 3223; x_wconf 69' lang='grc' dir='ltr'>τῆς</span> 
     </span>
    </p>
   </div>
   <div class='ocr_carea' id='block_1_65' title="bbox 379 3237 1958 3309">
    <p class='ocr_par' dir='ltr' id='par_1_65' title="bbox 379 3237 1958 3309">
     <span class='ocr_line' id='line_1_65' title="bbox 379 3237 1958 3309; baseline 0.001 -16"><span class='ocrx_word' id='word_1_476' title='bbox 379 3237 671 3307; x_wconf 87' lang='lat' dir='ltr'><strong>impiorum</strong></span> <span class='ocrx_word' id='word_1_477' title='bbox 720 3238 1014 3309; x_wconf 79' lang='lat' dir='ltr'><strong>peribit”.</strong></span> <span class='ocrx_word' id='word_1_478' title='bbox 1068 3237 1177 3306; x_wconf 83' lang='lat' dir='ltr'><strong>Qui</strong></span> <span class='ocrx_word' id='word_1_479' title='bbox 1226 3237 1407 3308; x_wconf 83' lang='lat' dir='ltr'><strong>diligit</strong></span> <span class='ocrx_word' id='word_1_480' title='bbox 1452 3239 1793 3309; x_wconf 86' lang='lat' dir='ltr'><strong>iniquitatem</strong></span> <span class='ocrx_word' id='word_1_481' title='bbox 1840 3240 1958 3295; x_wconf 84' lang='lat' dir='ltr'><strong>odit</strong></span> 
     </span>
    </p>
   </div>
   <div class='ocr_carea' id='block_1_66' title="bbox 380 3319 1948 3402">
    <p class='ocr_par' dir='ltr' id='par_1_66' title="bbox 380 3319 1948 3402">
     <span class='ocr_line' id='line_1_66' title="bbox 380 3319 1948 3402; baseline 0.005 -21"><span class='ocrx_word' id='word_1_482' title='bbox 380 3319 622 3383; x_wconf 79' lang='lat' dir='ltr'><strong>animam</strong></span> <span class='ocrx_word' id='word_1_483' title='bbox 671 3345 849 3394; x_wconf 88' lang='lat' dir='ltr'><strong>suam,</strong></span> <span class='ocrx_word' id='word_1_484' title='bbox 891 3329 1043 3401; x_wconf 80' lang='lat' dir='ltr'><strong>pluet</strong></span> <span class='ocrx_word' id='word_1_485' title='bbox 1083 3345 1248 3400; x_wconf 85' lang='lat' dir='ltr'><strong>super</strong></span> <span class='ocrx_word' id='word_1_486' title='bbox 1274 3338 1591 3399; x_wconf 84' lang='lat' dir='ltr'><strong>peccatores</strong></span> <span class='ocrx_word' id='word_1_487' title='bbox 1624 3328 1948 3402; x_wconf 64' lang='lat' dir='ltr'><strong>laqueos“,!</strong></span> 
     </span>
    </p>
   </div>
   <div class='ocr_carea' id='block_1_67' title="bbox 370 3419 1958 3479">
    <p class='ocr_par' dir='ltr' id='par_1_67' title="bbox 370 3419 1958 3479">
     <span class='ocr_line' id='line_1_67' title="bbox 370 3419 1958 3479; baseline 0.001 -3"><span class='ocrx_word' id='word_1_488' title='bbox 370 3428 436 3477; x_wconf 69' lang='lat' dir='ltr'><strong>&#39;et</strong></span> <span class='ocrx_word' id='word_1_489' title='bbox 474 3422 578 3475; x_wconf 83' lang='lat' dir='ltr'><strong>alia</strong></span> <span class='ocrx_word' id='word_1_490' title='bbox 617 3422 828 3475; x_wconf 80' lang='lat' dir='ltr'><strong>inﬁnita</strong></span> <span class='ocrx_word' id='word_1_491' title='bbox 868 3419 960 3477; x_wconf 86' lang='lat' dir='ltr'><strong>his</strong></span> <span class='ocrx_word' id='word_1_492' title='bbox 986 3421 1205 3475; x_wconf 89' lang='lat' dir='ltr'><strong>similia.</strong></span> <span class='ocrx_word' id='word_1_493' title='bbox 1240 3419 1336 3476; x_wconf 86' lang='lat' dir='ltr'><strong>Est</strong></span> <span class='ocrx_word' id='word_1_494' title='bbox 1382 3429 1572 3477; x_wconf 13' lang='lat' dir='ltr'><strong>cautem</strong></span> <span class='ocrx_word' id='word_1_495' title='bbox 1609 3432 1760 3478; x_wconf 82' lang='lat' dir='ltr'><strong>totus</strong></span> <span class='ocrx_word' id='word_1_496' title='bbox 1800 3421 1958 3479; x_wconf 87' lang='lat' dir='ltr'><strong>Psal-</strong></span> 
     </span>
    </p>
   </div>
   <div class='ocr_carea' id='block_1_68' title="bbox 383 3511 1960 3584">
    <p class='ocr_par' dir='ltr' id='par_1_68' title="bbox 383 3511 1960 3584">
     <span class='ocr_line' id='line_1_68' title="bbox 383 3511 1960 3584; baseline 0 -16"><span class='ocrx_word' id='word_1_497' title='bbox 383 3527 597 3568; x_wconf 85' lang='lat' dir='ltr'><strong>morum</strong></span> <span class='ocrx_word' id='word_1_498' title='bbox 628 3512 768 3567; x_wconf 89' lang='lat' dir='ltr'><strong>liber</strong></span> <span class='ocrx_word' id='word_1_499' title='bbox 808 3511 1044 3568; x_wconf 80' lang='lat' dir='ltr'><strong>refertus</strong></span> <span class='ocrx_word' id='word_1_500' title='bbox 1074 3512 1301 3568; x_wconf 84' lang='lat' dir='ltr'><strong>virtutis</strong></span> <span class='ocrx_word' id='word_1_501' title='bbox 1342 3513 1615 3575; x_wconf 85' lang='lat' dir='ltr'><strong>laudibus,</strong></span> <span class='ocrx_word' id='word_1_502' title='bbox 1670 3524 1726 3568; x_wconf 89' lang='lat' dir='ltr'><strong>et</strong></span> <span class='ocrx_word' id='word_1_503' title='bbox 1754 3514 1960 3584; x_wconf 88' lang='lat' dir='ltr'><strong>impro-</strong></span> 
     </span>
    </p>
   </div>
   <div class='ocr_carea' id='block_1_69' title="bbox 376 3603 1958 3674">
    <p class='ocr_par' dir='ltr' id='par_1_69' title="bbox 376 3603 1958 3674">
     <span class='ocr_line' id='line_1_69' title="bbox 376 3603 1958 3674; baseline 0.001 -16"><span class='ocrx_word' id='word_1_504' title='bbox 376 3603 579 3658; x_wconf 71' lang='lat' dir='ltr'><strong>borum</strong></span> <span class='ocrx_word' id='word_1_505' title='bbox 598 3603 1039 3673; x_wconf 83' lang='lat' dir='ltr'><strong>reprehensione,</strong></span> <span class='ocrx_word' id='word_1_506' title='bbox 1059 3613 1377 3674; x_wconf 84' lang='lat' dir='ltr'><strong>spectatque</strong></span> <span class='ocrx_word' id='word_1_507' title='bbox 1390 3605 1741 3659; x_wconf 82' lang='lat' dir='ltr'><strong>historiarum</strong></span> <span class='ocrx_word' id='word_1_508' title='bbox 1754 3605 1958 3661; x_wconf 89' lang='lat' dir='ltr'><strong>mentio</strong></span> 
     </span>
    </p>
   </div>
   <div class='ocr_carea' id='block_1_70' title="bbox 2054 3242 3643 3316">
    <p class='ocr_par' dir='ltr' id='par_1_70' title="bbox 2054 3242 3643 3316">
     <span class='ocr_line' id='line_1_70' title="bbox 2054 3242 3643 3316; baseline 0.001 -21"><span class='ocrx_word' id='word_1_509' title='bbox 2054 3243 2377 3314; x_wconf 78' lang='grc' dir='ltr'>ψαλμῳδίας</span> <span class='ocrx_word' id='word_1_510' title='bbox 2400 3243 2519 3315; x_wconf 78' lang='grc' dir='ltr'>βοᾷ,</span> <span class='ocrx_word' id='word_1_511' title='bbox 2542 3242 2716 3311; x_wconf 83' lang='grc' dir='ltr'>λέγων</span> <span class='ocrx_word' id='word_1_512' title='bbox 2731 3251 2748 3266; x_wconf 89' lang='grc'>⁶</span> <span class='ocrx_word' id='word_1_513' title='bbox 2767 3262 2786 3296; x_wconf 76' lang='grc' dir='ltr'><strong>ι</strong></span> <span class='ocrx_word' id='word_1_514' title='bbox 2817 3244 2881 3298; x_wconf 83' lang='grc' dir='ltr'><strong>Οἱ</strong></span> <span class='ocrx_word' id='word_1_515' title='bbox 2903 3244 2960 3299; x_wconf 79' lang='grc' dir='ltr'>δὲ</span> <span class='ocrx_word' id='word_1_516' title='bbox 2990 3246 3298 3316; x_wconf 77' lang='grc' dir='ltr'>παράνομοι</span> <span class='ocrx_word' id='word_1_517' title='bbox 3321 3243 3643 3314; x_wconf 77' lang='grc' dir='ltr'>ἑξολοθρευ-</span> 
     </span>
    </p>
   </div>
   <div class='ocr_carea' id='block_1_71' title="bbox 2056 3335 3642 3409">
    <p class='ocr_par' dir='ltr' id='par_1_71' title="bbox 2056 3335 3642 3409">
     <span class='ocr_line' id='line_1_71' title="bbox 2056 3335 3642 3409; baseline -0.001 -19"><span class='ocrx_word' id='word_1_518' title='bbox 2056 3337 2333 3406; x_wconf 86' lang='grc' dir='ltr'>θήσονται,</span> <span class='ocrx_word' id='word_1_519' title='bbox 2367 3338 2463 3390; x_wconf 74' lang='grc' dir='ltr'><strong>καὶ</strong></span> <span class='ocrx_word' id='word_1_520' title='bbox 2507 3337 2731 3409; x_wconf 85' lang='grc' dir='ltr'>σπέρμα</span> <span class='ocrx_word' id='word_1_521' title='bbox 2772 3335 2988 3391; x_wconf 74' lang='grc' dir='ltr'>ἀσεϐῶν</span> <span class='ocrx_word' id='word_1_522' title='bbox 3035 3335 3577 3407; x_wconf 79' lang='grc' dir='ltr'>ἐξολοθρευθήσεται.</span> <span class='ocrx_word' id='word_1_523' title='bbox 3617 3353 3642 3387; x_wconf 71' lang='grc' dir='ltr'><strong>ι</strong></span> 
     </span>
    </p>
   </div>
   <div class='ocr_carea' id='block_1_72' title="bbox 2056 3426 3647 3499">
    <p class='ocr_par' dir='ltr' id='par_1_72' title="bbox 2056 3426 3647 3499">
     <span class='ocr_line' id='line_1_72' title="bbox 2056 3426 3647 3499; baseline -0.001 -17"><span class='ocrx_word' id='word_1_524' title='bbox 2056 3429 2186 3492; x_wconf 74' lang='grc' dir='ltr'>Καὶ,</span> <span class='ocrx_word' id='word_1_525' title='bbox 2223 3446 2242 3479; x_wconf 77' lang='grc' dir='ltr'><strong>ι</strong></span> <span class='ocrx_word' id='word_1_526' title='bbox 2284 3426 2344 3481; x_wconf 85' lang='lat'><strong>&#39;0</strong></span> <span class='ocrx_word' id='word_1_527' title='bbox 2374 3427 2609 3498; x_wconf 84' lang='grc' dir='ltr'>ἀγαπῶν</span> <span class='ocrx_word' id='word_1_528' title='bbox 2633 3429 2733 3498; x_wconf 82' lang='grc' dir='ltr'><strong>τὴν</strong></span> <span class='ocrx_word' id='word_1_529' title='bbox 2756 3428 2973 3482; x_wconf 81' lang='grc' dir='ltr'>ἀδικίαν</span> <span class='ocrx_word' id='word_1_530' title='bbox 3006 3429 3156 3499; x_wconf 78' lang='grc' dir='ltr'>μισεῖ</span> <span class='ocrx_word' id='word_1_531' title='bbox 3184 3428 3283 3498; x_wconf 75' lang='grc' dir='ltr'>τὴν</span> <span class='ocrx_word' id='word_1_532' title='bbox 3311 3428 3514 3481; x_wconf 84' lang='grc' dir='ltr'>ἑαυτοῦ</span> <span class='ocrx_word' id='word_1_533' title='bbox 3542 3428 3647 3497; x_wconf 68' lang='grc' dir='ltr'><strong>ψυ-</strong></span> 
     </span>
    </p>
   </div>
   <div class='ocr_carea' id='block_1_73' title="bbox 2057 3518 3643 3590">
    <p class='ocr_par' dir='ltr' id='par_1_73' title="bbox 2057 3518 3643 3590">
     <span class='ocr_line' id='line_1_73' title="bbox 2057 3518 3643 3590; baseline 0.001 -19"><span class='ocrx_word' id='word_1_534' title='bbox 2057 3521 2180 3589; x_wconf 74' lang='grc' dir='ltr'>χήν·</span> <span class='ocrx_word' id='word_1_535' title='bbox 2216 3518 2311 3572; x_wconf 61' lang='grc' dir='ltr'><strong>καὶ¹</strong></span> <span class='ocrx_word' id='word_1_536' title='bbox 2349 3518 2630 3590; x_wconf 78' lang='grc' dir='ltr'>ἐπιϐρέξει</span> <span class='ocrx_word' id='word_1_537' title='bbox 2662 3519 2756 3572; x_wconf 70' lang='grc' dir='ltr'>ἐπὶ</span> <span class='ocrx_word' id='word_1_538' title='bbox 2782 3518 3141 3589; x_wconf 74' lang='grc' dir='ltr'>ἁμαρτωλοὺς</span> <span class='ocrx_word' id='word_1_539' title='bbox 3173 3519 3431 3588; x_wconf 83' lang='grc' dir='ltr'>παγίδας,</span> <span class='ocrx_word' id='word_1_540' title='bbox 3472 3539 3493 3572; x_wconf 72' lang='grc' dir='ltr'><strong>ι</strong></span> <span class='ocrx_word' id='word_1_541' title='bbox 3546 3521 3643 3573; x_wconf 80' lang='grc' dir='ltr'><strong>καὶ</strong></span> 
     </span>
    </p>
   </div>
   <div class='ocr_carea' id='block_1_74' title="bbox 2057 3610 3652 3683">
    <p class='ocr_par' dir='ltr' id='par_1_74' title="bbox 2057 3610 3652 3683">
     <span class='ocr_line' id='line_1_74' title="bbox 2057 3610 3652 3683; baseline -0.003 -17"><span class='ocrx_word' id='word_1_542' title='bbox 2057 3611 2190 3665; x_wconf 76' lang='grc' dir='ltr'>ἄλλα</span> <span class='ocrx_word' id='word_1_543' title='bbox 2224 3610 2392 3683; x_wconf 83' lang='grc' dir='ltr'>μυρία</span> <span class='ocrx_word' id='word_1_544' title='bbox 2417 3610 2628 3674; x_wconf 89' lang='grc' dir='ltr'>τούτοις</span> <span class='ocrx_word' id='word_1_545' title='bbox 2668 3611 3025 3682; x_wconf 81' lang='grc' dir='ltr'>ὁμοιότροπα.</span> <span class='ocrx_word' id='word_1_546' title='bbox 3074 3611 3240 3681; x_wconf 81' lang='grc' dir='ltr'>Γέμει</span> <span class='ocrx_word' id='word_1_547' title='bbox 3271 3611 3330 3665; x_wconf 82' lang='grc' dir='ltr'>δὲ</span> <span class='ocrx_word' id='word_1_548' title='bbox 3356 3614 3516 3666; x_wconf 79' lang='grc' dir='ltr'>πᾶσα</span> <span class='ocrx_word' id='word_1_549' title='bbox 3547 3614 3652 3682; x_wconf 81' lang='grc' dir='ltr'>τῆς</span> 
     </span>
    </p>
   </div>
   <div class='ocr_carea' id='block_1_75' title="bbox 371 3694 1954 3771">
    <p class='ocr_par' dir='ltr' id='par_1_75' title="bbox 371 3694 1954 3766">
     <span class='ocr_line' id='line_1_75' title="bbox 371 3694 1954 3766; baseline -0.001 -16"><span class='ocrx_word' id='word_1_550' title='bbox 371 3694 522 3751; x_wconf 72' lang='lat' dir='ltr'><strong>duos</strong></span> <span class='ocrx_word' id='word_1_551' title='bbox 547 3696 818 3766; x_wconf 61' lang='lat' dir='ltr'><strong>praecipue</strong></span> <span class='ocrx_word' id='word_1_552' title='bbox 840 3694 1016 3762; x_wconf 78' lang='lat' dir='ltr'><strong>ﬁnes;</strong></span> <span class='ocrx_word' id='word_1_553' title='bbox 1051 3694 1221 3750; x_wconf 81' lang='lat' dir='ltr'><strong>efﬁcit</strong></span> <span class='ocrx_word' id='word_1_554' title='bbox 1242 3696 1447 3766; x_wconf 78' lang='lat' dir='ltr'><strong>quippe</strong></span> <span class='ocrx_word' id='word_1_555' title='bbox 1480 3704 1538 3749; x_wconf 90' lang='lat' dir='ltr'><strong>ut</strong></span> <span class='ocrx_word' id='word_1_556' title='bbox 1578 3705 1637 3751; x_wconf 87' lang='lat' dir='ltr'><strong>et</strong></span> <span class='ocrx_word' id='word_1_557' title='bbox 1666 3696 1954 3751; x_wconf 89' lang='lat' dir='ltr'><strong>illustrium</strong></span> 
     </span>
    </p>
   </div>
   <div class='ocr_carea' id='block_1_76' title="bbox 2054 3694 3652 3771">
    <p class='ocr_par' dir='ltr' id='par_1_76' title="bbox 2054 3699 3652 3771">
     <span class='ocr_line' id='line_1_76' title="bbox 2054 3699 3652 3771; baseline -0.001 -17"><span class='ocrx_word' id='word_1_558' title='bbox 2054 3699 2378 3771; x_wconf 73' lang='grc' dir='ltr'>Ψαλμῳδίας</span> <span class='ocrx_word' id='word_1_559' title='bbox 2404 3701 2439 3771; x_wconf 80' lang='grc' dir='ltr'><strong>ἡ</strong></span> <span class='ocrx_word' id='word_1_560' title='bbox 2475 3699 2655 3770; x_wconf 72' lang='grc' dir='ltr'>βίϐλος</span> <span class='ocrx_word' id='word_1_561' title='bbox 2675 3701 2786 3754; x_wconf 85' lang='grc' dir='ltr'><strong>τῶν</strong></span> <span class='ocrx_word' id='word_1_562' title='bbox 2813 3717 2876 3754; x_wconf 89' lang='grc' dir='ltr'><strong>τε</strong></span> <span class='ocrx_word' id='word_1_563' title='bbox 2904 3700 3005 3770; x_wconf 82' lang='grc' dir='ltr'><strong>τῆς</strong></span> <span class='ocrx_word' id='word_1_564' title='bbox 3035 3701 3237 3770; x_wconf 83' lang='grc' dir='ltr'>ἀρετῆς</span> <span class='ocrx_word' id='word_1_565' title='bbox 3260 3701 3524 3764; x_wconf 79' lang='grc' dir='ltr'>ἐπαίνων,</span> <span class='ocrx_word' id='word_1_566' title='bbox 3552 3702 3652 3755; x_wconf 80' lang='grc' dir='ltr'>καὶ</span> 
     </span>
    </p>
   </div>
   <div class='ocr_carea' id='block_1_77' title="bbox 381 3788 1961 3860">
    <p class='ocr_par' dir='ltr' id='par_1_77' title="bbox 381 3788 1961 3860">
     <span class='ocr_line' id='line_1_77' title="bbox 381 3788 1961 3860; baseline 0.001 -17"><span class='ocrx_word' id='word_1_567' title='bbox 381 3789 624 3843; x_wconf 77' lang='lat' dir='ltr'><strong>virorum</strong></span> <span class='ocrx_word' id='word_1_568' title='bbox 664 3790 917 3844; x_wconf 86' lang='lat' dir='ltr'><strong>virtutem</strong></span> <span class='ocrx_word' id='word_1_569' title='bbox 944 3789 1220 3846; x_wconf 61' lang='lat' dir='ltr'><strong>aemuleris</strong></span> <span class='ocrx_word' id='word_1_570' title='bbox 1254 3795 1309 3844; x_wconf 90' lang='lat' dir='ltr'><strong>et</strong></span> <span class='ocrx_word' id='word_1_571' title='bbox 1333 3788 1627 3858; x_wconf 78' lang='lat' dir='ltr'><strong>suspicias,</strong></span> <span class='ocrx_word' id='word_1_572' title='bbox 1674 3788 1961 3860; x_wconf 77' lang='lat' dir='ltr'><strong>fugiasque</strong></span> 
     </span>
    </p>
   </div>
   <div class='ocr_carea' id='block_1_78' title="bbox 384 3879 1962 3952">
    <p class='ocr_par' dir='ltr' id='par_1_78' title="bbox 384 3879 1962 3952">
     <span class='ocr_line' id='line_1_78' title="bbox 384 3879 1962 3952; baseline -0.001 -16"><span class='ocrx_word' id='word_1_573' title='bbox 384 3896 576 3936; x_wconf 87' lang='lat' dir='ltr'><strong>eorum</strong></span> <span class='ocrx_word' id='word_1_574' title='bbox 605 3881 1029 3951; x_wconf 82' lang='lat' dir='ltr'><strong>improbitatem,</strong></span> <span class='ocrx_word' id='word_1_575' title='bbox 1060 3881 1154 3952; x_wconf 86' lang='lat' dir='ltr'><strong>qui</strong></span> <span class='ocrx_word' id='word_1_576' title='bbox 1181 3896 1304 3937; x_wconf 88' lang='lat' dir='ltr'><strong>sese</strong></span> <span class='ocrx_word' id='word_1_577' title='bbox 1319 3879 1541 3951; x_wconf 79' lang='lat' dir='ltr'><strong>ﬂagitiis</strong></span> <span class='ocrx_word' id='word_1_578' title='bbox 1569 3890 1712 3937; x_wconf 89' lang='lat' dir='ltr'><strong>totos</strong></span> <span class='ocrx_word' id='word_1_579' title='bbox 1734 3880 1962 3936; x_wconf 87' lang='lat' dir='ltr'><strong>dedide-</strong></span> 
     </span>
    </p>
   </div>
   <div class='ocr_carea' id='block_1_79' title="bbox 384 3972 1957 4044">
    <p class='ocr_par' dir='ltr' id='par_1_79' title="bbox 384 3972 1957 4044">
     <span class='ocr_line' id='line_1_79' title="bbox 384 3972 1957 4044; baseline -0.001 -17"><span class='ocrx_word' id='word_1_580' title='bbox 384 3985 537 4028; x_wconf 87' lang='lat' dir='ltr'><strong>runt.</strong></span> <span class='ocrx_word' id='word_1_581' title='bbox 566 3972 705 4028; x_wconf 79' lang='lat' dir='ltr'><strong>Nam</strong></span> <span class='ocrx_word' id='word_1_582' title='bbox 737 3988 862 4029; x_wconf 92' lang='lat' dir='ltr'><strong>cum</strong></span> <span class='ocrx_word' id='word_1_583' title='bbox 888 3982 944 4030; x_wconf 89' lang='lat' dir='ltr'><strong>te</strong></span> <span class='ocrx_word' id='word_1_584' title='bbox 966 3976 1035 4029; x_wconf 87' lang='lat' dir='ltr'><strong>ad</strong></span> <span class='ocrx_word' id='word_1_585' title='bbox 1064 3974 1321 4030; x_wconf 83' lang='lat' dir='ltr'><strong>virtutem</strong></span> <span class='ocrx_word' id='word_1_586' title='bbox 1342 3989 1439 4044; x_wconf 91' lang='lat' dir='ltr'><strong>per</strong></span> <span class='ocrx_word' id='word_1_587' title='bbox 1457 3973 1708 4043; x_wconf 74' lang='lat' dir='ltr'><strong>exempla</strong></span> <span class='ocrx_word' id='word_1_588' title='bbox 1732 3973 1957 4039; x_wconf 80' lang='lat' dir='ltr'><strong>excitat,</strong></span> 
     </span>
    </p>
   </div>
   <div class='ocr_carea' id='block_1_80' title="bbox 375 4063 1962 4142">
    <p class='ocr_par' dir='ltr' id='par_1_80' title="bbox 375 4063 1962 4142">
     <span class='ocr_line' id='line_1_80' title="bbox 375 4063 1962 4142; baseline 0 -23"><span class='ocrx_word' id='word_1_589' title='bbox 375 4073 502 4142; x_wconf 72' lang='lat' dir='ltr'><strong>tum</strong></span> <span class='ocrx_word' id='word_1_590' title='bbox 532 4065 638 4119; x_wconf 87' lang='lat' dir='ltr'><strong>ait:</strong></span> <span class='ocrx_word' id='word_1_591' title='bbox 686 4082 705 4115; x_wconf 76' lang='grc' dir='ltr'><strong>ι</strong></span> <span class='ocrx_word' id='word_1_592' title='bbox 724 4063 939 4135; x_wconf 71' lang='lat' dir='ltr'><strong>Moyses</strong></span> <span class='ocrx_word' id='word_1_593' title='bbox 960 4075 1015 4119; x_wconf 90' lang='lat' dir='ltr'><strong>et</strong></span> <span class='ocrx_word' id='word_1_594' title='bbox 1039 4066 1222 4119; x_wconf 82' lang='lat' dir='ltr'><strong>Aaron</strong></span> <span class='ocrx_word' id='word_1_595' title='bbox 1253 4065 1308 4118; x_wconf 92' lang='lat' dir='ltr'><strong>in</strong></span> <span class='ocrx_word' id='word_1_596' title='bbox 1333 4063 1710 4119; x_wconf 84' lang='lat' dir='ltr'><strong>sacerdotibus</strong></span> <span class='ocrx_word' id='word_1_597' title='bbox 1738 4063 1879 4133; x_wconf 86' lang='lat' dir='ltr'><strong>ejus,</strong></span> <span class='ocrx_word' id='word_1_598' title='bbox 1905 4073 1962 4119; x_wconf 90' lang='lat' dir='ltr'><strong>et</strong></span> 
     </span>
    </p>
   </div>
   <div class='ocr_carea' id='block_1_81' title="bbox 386 4152 1959 4224">
    <p class='ocr_par' dir='ltr' id='par_1_81' title="bbox 386 4152 1959 4224">
     <span class='ocr_line' id='line_1_81' title="bbox 386 4152 1959 4224; baseline 0.001 -16"><span class='ocrx_word' id='word_1_599' title='bbox 386 4153 612 4208; x_wconf 86' lang='lat' dir='ltr'><strong>Samuel</strong></span> <span class='ocrx_word' id='word_1_600' title='bbox 663 4152 808 4209; x_wconf 86' lang='lat' dir='ltr'><strong>inter</strong></span> <span class='ocrx_word' id='word_1_601' title='bbox 850 4168 969 4219; x_wconf 88' lang='lat' dir='ltr'><strong>eos,</strong></span> <span class='ocrx_word' id='word_1_602' title='bbox 1005 4154 1103 4223; x_wconf 93' lang='lat' dir='ltr'><strong>qui</strong></span> <span class='ocrx_word' id='word_1_603' title='bbox 1149 4154 1408 4209; x_wconf 84' lang='lat' dir='ltr'><strong>invocant</strong></span> <span class='ocrx_word' id='word_1_604' title='bbox 1446 4169 1646 4208; x_wconf 89' lang='lat' dir='ltr'><strong>nomen</strong></span> <span class='ocrx_word' id='word_1_605' title='bbox 1687 4154 1829 4224; x_wconf 89' lang='lat' dir='ltr'><strong>ejus.</strong></span> <span class='ocrx_word' id='word_1_606' title='bbox 1868 4153 1959 4209; x_wconf 85' lang='lat' dir='ltr'><strong>ln-</strong></span> 
     </span>
    </p>
   </div>
   <div class='ocr_carea' id='block_1_82' title="bbox 380 4243 1960 4316">
    <p class='ocr_par' dir='ltr' id='par_1_82' title="bbox 380 4243 1960 4316">
     <span class='ocr_line' id='line_1_82' title="bbox 380 4243 1960 4316; baseline 0.001 -16"><span class='ocrx_word' id='word_1_607' title='bbox 380 4246 656 4300; x_wconf 84' lang='lat' dir='ltr'><strong>vocahant</strong></span> <span class='ocrx_word' id='word_1_608' title='bbox 692 4243 1003 4308; x_wconf 89' lang='lat' dir='ltr'><strong>Dominum,</strong></span> <span class='ocrx_word' id='word_1_609' title='bbox 1038 4253 1094 4300; x_wconf 90' lang='lat' dir='ltr'><strong>et</strong></span> <span class='ocrx_word' id='word_1_610' title='bbox 1122 4246 1241 4316; x_wconf 89' lang='lat' dir='ltr'><strong>ipse</strong></span> <span class='ocrx_word' id='word_1_611' title='bbox 1258 4246 1587 4301; x_wconf 79' lang='lat' dir='ltr'><strong>exaudiebat</strong></span> <span class='ocrx_word' id='word_1_612' title='bbox 1615 4261 1736 4301; x_wconf 90' lang='lat' dir='ltr'><strong>eos.</strong></span> <span class='ocrx_word' id='word_1_613' title='bbox 1776 4245 1834 4300; x_wconf 88' lang='lat' dir='ltr'><strong>lu</strong></span> <span class='ocrx_word' id='word_1_614' title='bbox 1868 4263 1960 4303; x_wconf 85' lang='lat' dir='ltr'><strong>co-</strong></span> 
     </span>
    </p>
   </div>
   <div class='ocr_carea' id='block_1_83' title="bbox 2057 3788 3652 3861">
    <p class='ocr_par' dir='ltr' id='par_1_83' title="bbox 2057 3788 3652 3861">
     <span class='ocr_line' id='line_1_83' title="bbox 2057 3788 3652 3861; baseline 0.003 -20"><span class='ocrx_word' id='word_1_615' title='bbox 2057 3789 2157 3859; x_wconf 82' lang='grc' dir='ltr'>τῆς</span> <span class='ocrx_word' id='word_1_616' title='bbox 2175 3790 2507 3860; x_wconf 85' lang='grc' dir='ltr'>κατηγορίας</span> <span class='ocrx_word' id='word_1_617' title='bbox 2528 3788 2638 3842; x_wconf 83' lang='grc' dir='ltr'>τῶν</span> <span class='ocrx_word' id='word_1_618' title='bbox 2660 3791 2716 3843; x_wconf 82' lang='grc' dir='ltr'>ὲν</span> <span class='ocrx_word' id='word_1_619' title='bbox 2738 3789 2907 3861; x_wconf 82' lang='grc' dir='ltr'>κακίᾳ</span> <span class='ocrx_word' id='word_1_620' title='bbox 2931 3788 3167 3854; x_wconf 81' lang='grc' dir='ltr'>ζώντων.</span> <span class='ocrx_word' id='word_1_621' title='bbox 3192 3791 3267 3844; x_wconf 88' lang='grc' dir='ltr'><strong>Ἦ</strong></span> <span class='ocrx_word' id='word_1_622' title='bbox 3286 3808 3347 3844; x_wconf 87' lang='grc' dir='ltr'><strong>τε</strong></span> <span class='ocrx_word' id='word_1_623' title='bbox 3366 3790 3479 3844; x_wconf 85' lang='grc' dir='ltr'><strong>τῶν</strong></span> <span class='ocrx_word' id='word_1_624' title='bbox 3505 3792 3652 3845; x_wconf 76' lang='grc' dir='ltr'>ἱστο-</span> 
     </span>
    </p>
   </div>
   <div class='ocr_carea' id='block_1_84' title="bbox 2062 3878 3655 3954">
    <p class='ocr_par' dir='ltr' id='par_1_84' title="bbox 2062 3878 3655 3954">
     <span class='ocr_line' id='line_1_84' title="bbox 2062 3878 3655 3954; baseline 0.003 -22"><span class='ocrx_word' id='word_1_625' title='bbox 2062 3878 2194 3950; x_wconf 89' lang='grc' dir='ltr'>ριῶν</span> <span class='ocrx_word' id='word_1_626' title='bbox 2230 3880 2421 3950; x_wconf 84' lang='grc' dir='ltr'>μνήμη</span> <span class='ocrx_word' id='word_1_627' title='bbox 2451 3879 2591 3951; x_wconf 80' lang='grc' dir='ltr'>πρὸς</span> <span class='ocrx_word' id='word_1_628' title='bbox 2617 3881 2744 3944; x_wconf 80' lang='grc' dir='ltr'>τοὺς</span> <span class='ocrx_word' id='word_1_629' title='bbox 2770 3880 2866 3934; x_wconf 90' lang='grc' dir='ltr'><strong>δύο</strong></span> <span class='ocrx_word' id='word_1_630' title='bbox 2887 3881 3123 3946; x_wconf 74' lang='grc' dir='ltr'>σκοποὺς</span> <span class='ocrx_word' id='word_1_631' title='bbox 3157 3881 3520 3954; x_wconf 83' lang='grc' dir='ltr'>μεριζομένη,</span> <span class='ocrx_word' id='word_1_632' title='bbox 3554 3883 3655 3953; x_wconf 86' lang='grc' dir='ltr'><strong>ζη-</strong></span> 
     </span>
    </p>
   </div>
   <div class='ocr_carea' id='block_1_85' title="bbox 2062 3969 3653 4044">
    <p class='ocr_par' dir='ltr' id='par_1_85' title="bbox 2062 3969 3653 4044">
     <span class='ocr_line' id='line_1_85' title="bbox 2062 3969 3653 4044; baseline 0.003 -22"><span class='ocrx_word' id='word_1_633' title='bbox 2062 3969 2242 4041; x_wconf 84' lang='grc' dir='ltr'>λωτὴν</span> <span class='ocrx_word' id='word_1_634' title='bbox 2295 3970 2396 4041; x_wconf 82' lang='grc' dir='ltr'>μὲν</span> <span class='ocrx_word' id='word_1_635' title='bbox 2438 3969 2588 4024; x_wconf 88' lang='grc' dir='ltr'>ποιεῖ</span> <span class='ocrx_word' id='word_1_636' title='bbox 2626 3971 2727 4043; x_wconf 78' lang='grc' dir='ltr'>τὴν</span> <span class='ocrx_word' id='word_1_637' title='bbox 2760 3972 2962 4042; x_wconf 81' lang='grc' dir='ltr'>ἀρετὴν</span> <span class='ocrx_word' id='word_1_638' title='bbox 2989 3972 3098 4026; x_wconf 86' lang='grc' dir='ltr'><strong>τῶν</strong></span> <span class='ocrx_word' id='word_1_639' title='bbox 3128 3973 3433 4042; x_wconf 75' lang='grc' dir='ltr'>εὐδοκίμων</span> <span class='ocrx_word' id='word_1_640' title='bbox 3470 3991 3653 4044; x_wconf 76' lang='grc' dir='ltr'>προσ-</span> 
     </span>
    </p>
   </div>
   <div class='ocr_carea' id='block_1_86' title="bbox 2058 4061 3656 4136">
    <p class='ocr_par' dir='ltr' id='par_1_86' title="bbox 2058 4061 3656 4136">
     <span class='ocr_line' id='line_1_86' title="bbox 2058 4061 3656 4136; baseline 0.004 -23"><span class='ocrx_word' id='word_1_641' title='bbox 2058 4061 2227 4115; x_wconf 82' lang='grc' dir='ltr'>ώπων</span> <span class='ocrx_word' id='word_1_642' title='bbox 2246 4079 2259 4094; x_wconf 86' lang='grc'><strong>·</strong></span> <span class='ocrx_word' id='word_1_643' title='bbox 2296 4062 2536 4133; x_wconf 77' lang='grc' dir='ltr'>φευκτὴν</span> <span class='ocrx_word' id='word_1_644' title='bbox 2556 4063 2621 4117; x_wconf 81' lang='grc' dir='ltr'>δὲ</span> <span class='ocrx_word' id='word_1_645' title='bbox 2649 4062 2738 4116; x_wconf 78' lang='grc' dir='ltr'>διὰ</span> <span class='ocrx_word' id='word_1_646' title='bbox 2767 4064 2876 4117; x_wconf 84' lang='grc' dir='ltr'>τῶν</span> <span class='ocrx_word' id='word_1_647' title='bbox 2902 4064 3373 4134; x_wconf 85' lang='grc' dir='ltr'>κατεγνωσμένων</span> <span class='ocrx_word' id='word_1_648' title='bbox 3420 4065 3524 4136; x_wconf 85' lang='grc' dir='ltr'>τὴν</span> <span class='ocrx_word' id='word_1_649' title='bbox 3550 4083 3656 4119; x_wconf 83' lang='grc' dir='ltr'>πο-</span> 
     </span>
    </p>
   </div>
   <div class='ocr_carea' id='block_1_87' title="bbox 2061 4153 3653 4229">
    <p class='ocr_par' dir='ltr' id='par_1_87' title="bbox 2061 4153 3653 4229">
     <span class='ocr_line' id='line_1_87' title="bbox 2061 4153 3653 4229; baseline 0.003 -24"><span class='ocrx_word' id='word_1_650' title='bbox 2061 4153 2275 4222; x_wconf 84' lang='grc' dir='ltr'>νηρίαν.</span> <span class='ocrx_word' id='word_1_651' title='bbox 2310 4154 2477 4206; x_wconf 86' lang='grc' dir='ltr'>Ὅταν</span> <span class='ocrx_word' id='word_1_652' title='bbox 2504 4153 2605 4222; x_wconf 76' lang='grc' dir='ltr'>μὲν</span> <span class='ocrx_word' id='word_1_653' title='bbox 2633 4154 2743 4225; x_wconf 84' lang='grc' dir='ltr'>γάρ</span> <span class='ocrx_word' id='word_1_654' title='bbox 2773 4171 2836 4207; x_wconf 88' lang='grc' dir='ltr'><strong>σε</strong></span> <span class='ocrx_word' id='word_1_655' title='bbox 2871 4155 3007 4226; x_wconf 77' lang='grc' dir='ltr'>πρὸς</span> <span class='ocrx_word' id='word_1_656' title='bbox 3033 4155 3236 4227; x_wconf 81' lang='grc' dir='ltr'>ἀρετὴν</span> <span class='ocrx_word' id='word_1_657' title='bbox 3262 4157 3530 4229; x_wconf 74' lang='grc' dir='ltr'>ἐπεγείρῃ</span> <span class='ocrx_word' id='word_1_658' title='bbox 3571 4158 3653 4227; x_wconf 83' lang='grc' dir='ltr'>τῷ</span> 
     </span>
    </p>
   </div>
   <div class='ocr_carea' id='block_1_88' title="bbox 2063 4245 3657 4319">
    <p class='ocr_par' dir='ltr' id='par_1_88' title="bbox 2063 4245 3657 4319">
     <span class='ocr_line' id='line_1_88' title="bbox 2063 4245 3657 4319; baseline 0.004 -22"><span class='ocrx_word' id='word_1_659' title='bbox 2063 4245 2441 4314; x_wconf 75' lang='grc' dir='ltr'>ὑποδείγματιο</span> <span class='ocrx_word' id='word_1_660' title='bbox 2488 4245 2662 4315; x_wconf 82' lang='grc' dir='ltr'>λέγει,</span> <span class='ocrx_word' id='word_1_661' title='bbox 2720 4267 2739 4298; x_wconf 74' lang='grc' dir='ltr'><strong>ι</strong></span> <span class='ocrx_word' id='word_1_662' title='bbox 2768 4248 3008 4317; x_wconf 79' lang='grc' dir='ltr'>Μωῦσῆς</span> <span class='ocrx_word' id='word_1_663' title='bbox 3044 4248 3139 4301; x_wconf 80' lang='grc' dir='ltr'><strong>καὶ</strong></span> <span class='ocrx_word' id='word_1_664' title='bbox 3175 4247 3389 4319; x_wconf 83' lang='grc' dir='ltr'>Ἀαρὼν</span> <span class='ocrx_word' id='word_1_665' title='bbox 3430 4251 3490 4303; x_wconf 79' lang='grc' dir='ltr'>ἐν</span> <span class='ocrx_word' id='word_1_666' title='bbox 3532 4253 3657 4315; x_wconf 83' lang='grc' dir='ltr'>τοῖς</span> 
     </span>
    </p>
   </div>
   <div class='ocr_carea' id='block_1_89' title="bbox 384 4336 1954 4413">
    <p class='ocr_par' dir='ltr' id='par_1_89' title="bbox 384 4336 1954 4409">
     <span class='ocr_line' id='line_1_89' title="bbox 384 4336 1954 4409; baseline 0.003 -19"><span class='ocrx_word' id='word_1_667' title='bbox 384 4336 572 4391; x_wconf 84' lang='lat' dir='ltr'><strong>lumna</strong></span> <span class='ocrx_word' id='word_1_668' title='bbox 600 4336 763 4393; x_wconf 89' lang='lat' dir='ltr'><strong>nubis</strong></span> <span class='ocrx_word' id='word_1_669' title='bbox 785 4336 1111 4408; x_wconf 91' lang='lat' dir='ltr'><strong>loquebatur</strong></span> <span class='ocrx_word' id='word_1_670' title='bbox 1136 4337 1391 4393; x_wconf 77' lang='lat' dir='ltr'><strong>adeas”.</strong></span> <span class='ocrx_word' id='word_1_671' title='bbox 1417 4356 1437 4390; x_wconf 75' lang='grc' dir='ltr'><strong>ι</strong></span> <span class='ocrx_word' id='word_1_672' title='bbox 1455 4338 1763 4409; x_wconf 82' lang='lat' dir='ltr'><strong>Atquando</strong></span> <span class='ocrx_word' id='word_1_673' title='bbox 1786 4340 1954 4396; x_wconf 83' lang='lat' dir='ltr'><strong>oculis</strong></span> 
     </span>
    </p>
   </div>
   <div class='ocr_carea' id='block_1_90' title="bbox 2054 4336 3654 4413">
    <p class='ocr_par' dir='ltr' id='par_1_90' title="bbox 2067 4337 3654 4413">
     <span class='ocr_line' id='line_1_90' title="bbox 2067 4337 3654 4413; baseline 0.004 -24"><span class='ocrx_word' id='word_1_674' title='bbox 2067 4337 2300 4408; x_wconf 82' lang='grc' dir='ltr'>ἱερεῦσιν</span> <span class='ocrx_word' id='word_1_675' title='bbox 2329 4338 2515 4402; x_wconf 84' lang='grc' dir='ltr'>αὑτοῦ,</span> <span class='ocrx_word' id='word_1_676' title='bbox 2552 4339 2648 4393; x_wconf 66' lang='grc' dir='ltr'><strong>κα)⁹</strong></span> <span class='ocrx_word' id='word_1_677' title='bbox 2684 4340 2939 4410; x_wconf 82' lang='grc' dir='ltr'>Σαμουὴλ</span> <span class='ocrx_word' id='word_1_678' title='bbox 2960 4342 3029 4394; x_wconf 76' lang='grc' dir='ltr'>ὲν</span> <span class='ocrx_word' id='word_1_679' title='bbox 3053 4342 3169 4404; x_wconf 85' lang='grc' dir='ltr'>τοῖς</span> <span class='ocrx_word' id='word_1_680' title='bbox 3192 4341 3654 4413; x_wconf 79' lang='grc' dir='ltr'>ἐπικαλουμένοις</span> 
     </span>
    </p>
   </div>
   <div class='ocr_carea' id='block_1_91' title="bbox 386 4428 1954 4504">
    <p class='ocr_par' dir='ltr' id='par_1_91' title="bbox 386 4428 1954 4501">
     <span class='ocr_line' id='line_1_91' title="bbox 386 4428 1954 4501; baseline 0.002 -19"><span class='ocrx_word' id='word_1_681' title='bbox 386 4428 763 4484; x_wconf 89' lang='lat' dir='ltr'><strong>miserandum</strong></span> <span class='ocrx_word' id='word_1_682' title='bbox 799 4430 1025 4484; x_wconf 68' lang='lat' dir='ltr'><strong>malitiae</strong></span> <span class='ocrx_word' id='word_1_683' title='bbox 1049 4430 1258 4484; x_wconf 83' lang='lat' dir='ltr'><strong>exitum</strong></span> <span class='ocrx_word' id='word_1_684' title='bbox 1296 4430 1568 4499; x_wconf 85' lang='lat' dir='ltr'><strong>subjicere</strong></span> <span class='ocrx_word' id='word_1_685' title='bbox 1595 4431 1820 4501; x_wconf 87' lang='lat' dir='ltr'><strong>cogitat,</strong></span> <span class='ocrx_word' id='word_1_686' title='bbox 1848 4444 1954 4485; x_wconf 89' lang='lat' dir='ltr'><strong>tum</strong></span> 
     </span>
    </p>
   </div>
   <div class='ocr_carea' id='block_1_92' title="bbox 2054 4428 3656 4504">
    <p class='ocr_par' dir='ltr' id='par_1_92' title="bbox 2067 4429 3656 4504">
     <span class='ocr_line' id='line_1_92' title="bbox 2067 4429 3656 4504; baseline 0.002 -20"><span class='ocrx_word' id='word_1_687' title='bbox 2067 4431 2249 4484; x_wconf 81' lang='grc' dir='ltr'>αὐτόν.</span> <span class='ocrx_word' id='word_1_688' title='bbox 2285 4429 2679 4485; x_wconf 87' lang='grc' dir='ltr'>Ἐπεκαλοῦντο</span> <span class='ocrx_word' id='word_1_689' title='bbox 2708 4432 2800 4485; x_wconf 85' lang='grc' dir='ltr'><strong>τὸν</strong></span> <span class='ocrx_word' id='word_1_690' title='bbox 2830 4431 3152 4503; x_wconf 70' lang='grc' dir='ltr'><strong>Κύριον,,καλ⁸</strong></span> <span class='ocrx_word' id='word_1_691' title='bbox 3171 4433 3334 4497; x_wconf 79' lang='grc' dir='ltr'>αύτὸς</span> <span class='ocrx_word' id='word_1_692' title='bbox 3358 4434 3656 4504; x_wconf 77' lang='grc' dir='ltr'>εὶσήκουεν</span> 
     </span>
    </p>
   </div>
   <div class='ocr_carea' id='block_1_93' title="bbox 383 4521 1954 4595">
    <p class='ocr_par' dir='ltr' id='par_1_93' title="bbox 383 4521 1954 4592">
     <span class='ocr_line' id='line_1_93' title="bbox 383 4521 1954 4592; baseline 0.001 -17"><span class='ocrx_word' id='word_1_693' title='bbox 383 4529 661 4587; x_wconf 78' lang='lat' dir='ltr'><strong>recenset,</strong></span> <span class='ocrx_word' id='word_1_694' title='bbox 690 4521 952 4591; x_wconf 86' lang='lat' dir='ltr'><strong>quidnam</strong></span> <span class='ocrx_word' id='word_1_695' title='bbox 986 4521 1234 4592; x_wconf 87' lang='lat' dir='ltr'><strong>perpessi</strong></span> <span class='ocrx_word' id='word_1_696' title='bbox 1268 4522 1400 4587; x_wconf 89' lang='lat' dir='ltr'><strong>sint,</strong></span> <span class='ocrx_word' id='word_1_697' title='bbox 1432 4522 1526 4591; x_wconf 92' lang='lat' dir='ltr'><strong>qui</strong></span> <span class='ocrx_word' id='word_1_698' title='bbox 1553 4538 1675 4577; x_wconf 84' lang='lat' dir='ltr'><strong>sese</strong></span> <span class='ocrx_word' id='word_1_699' title='bbox 1702 4524 1954 4592; x_wconf 79' lang='lat' dir='ltr'><strong>nequitia:</strong></span> 
     </span>
    </p>
   </div>
   <div class='ocr_carea' id='block_1_94' title="bbox 2054 4521 3649 4595">
    <p class='ocr_par' dir='ltr' id='par_1_94' title="bbox 2064 4522 3649 4595">
     <span class='ocr_line' id='line_1_94' title="bbox 2064 4522 3649 4595; baseline 0 -19"><span class='ocrx_word' id='word_1_700' title='bbox 2064 4522 2264 4577; x_wconf 86' lang='grc' dir='ltr'>αὐτῶν.</span> <span class='ocrx_word' id='word_1_701' title='bbox 2324 4522 2412 4576; x_wconf 85' lang='grc' dir='ltr'>Ἑν</span> <span class='ocrx_word' id='word_1_702' title='bbox 2463 4522 2639 4594; x_wconf 86' lang='grc' dir='ltr'>στύλῳ</span> <span class='ocrx_word' id='word_1_703' title='bbox 2685 4524 2913 4595; x_wconf 84' lang='grc' dir='ltr'>νεφέλης</span> <span class='ocrx_word' id='word_1_704' title='bbox 2960 4523 3140 4578; x_wconf 79' lang='grc' dir='ltr'>ἐλάλει</span> <span class='ocrx_word' id='word_1_705' title='bbox 3187 4524 3325 4595; x_wconf 83' lang='grc' dir='ltr'>πρὸς</span> <span class='ocrx_word' id='word_1_706' title='bbox 3363 4524 3589 4589; x_wconf 84' lang='grc' dir='ltr'>αὐτούς.</span> <span class='ocrx_word' id='word_1_707' title='bbox 3625 4544 3649 4576; x_wconf 71' lang='grc' dir='ltr'><strong>ι</strong></span> 
     </span>
    </p>
   </div>
   <div class='ocr_carea' id='block_1_95' title="bbox 387 4613 1954 4686">
    <p class='ocr_par' dir='ltr' id='par_1_95' title="bbox 387 4613 1954 4685">
     <span class='ocr_line' id='line_1_95' title="bbox 387 4613 1954 4685; baseline -0.001 -17"><span class='ocrx_word' id='word_1_708' title='bbox 387 4614 606 4684; x_wconf 84' lang='lat' dir='ltr'><strong>penitus</strong></span> <span class='ocrx_word' id='word_1_709' title='bbox 631 4622 1032 4669; x_wconf 82' lang='lat' dir='ltr'><strong>consecrarunt</strong></span> <span class='ocrx_word' id='word_1_710' title='bbox 1057 4630 1073 4668; x_wconf 92' lang='lat'><strong>:</strong></span> <span class='ocrx_word' id='word_1_711' title='bbox 1101 4632 1120 4665; x_wconf 78' lang='grc' dir='ltr'><strong>ι</strong></span> <span class='ocrx_word' id='word_1_712' title='bbox 1146 4613 1348 4683; x_wconf 78' lang='lat' dir='ltr'><strong>Aperta</strong></span> <span class='ocrx_word' id='word_1_713' title='bbox 1380 4621 1467 4667; x_wconf 84' lang='lat' dir='ltr'><strong>est</strong></span> <span class='ocrx_word' id='word_1_714' title='bbox 1484 4622 1660 4678; x_wconf 81' lang='lat' dir='ltr'><strong>terra,</strong></span> <span class='ocrx_word' id='word_1_715' title='bbox 1693 4625 1748 4669; x_wconf 88' lang='lat' dir='ltr'><strong>et</strong></span> <span class='ocrx_word' id='word_1_716' title='bbox 1774 4613 1954 4685; x_wconf 91' lang='lat' dir='ltr'><strong>deglu-</strong></span> 
     </span>
    </p>
   </div>
   <div class='ocr_carea' id='block_1_96' title="bbox 2054 4613 3656 4686">
    <p class='ocr_par' dir='ltr' id='par_1_96' title="bbox 2067 4613 3656 4686">
     <span class='ocr_line' id='line_1_96' title="bbox 2067 4613 3656 4686; baseline 0.002 -21"><span class='ocrx_word' id='word_1_717' title='bbox 2067 4613 2239 4667; x_wconf 82' lang='grc' dir='ltr'>’Ὅταν</span> <span class='ocrx_word' id='word_1_718' title='bbox 2271 4613 2331 4668; x_wconf 86' lang='grc' dir='ltr'>δὲ</span> <span class='ocrx_word' id='word_1_719' title='bbox 2359 4614 2420 4666; x_wconf 88' lang='grc' dir='ltr'><strong>τὸ</strong></span> <span class='ocrx_word' id='word_1_720' title='bbox 2450 4614 2683 4686; x_wconf 82' lang='grc' dir='ltr'>πονηρὸν</span> <span class='ocrx_word' id='word_1_721' title='bbox 2707 4615 2807 4685; x_wconf 85' lang='grc' dir='ltr'>τῆς</span> <span class='ocrx_word' id='word_1_722' title='bbox 2842 4615 3041 4678; x_wconf 84' lang='grc' dir='ltr'>κακίας</span> <span class='ocrx_word' id='word_1_723' title='bbox 3070 4615 3414 4669; x_wconf 81' lang='grc' dir='ltr'>ύποδεικνύει</span> <span class='ocrx_word' id='word_1_724' title='bbox 3446 4615 3656 4686; x_wconf 79' lang='grc' dir='ltr'>πέρας,</span> 
     </span>
    </p>
   </div>
   <div class='ocr_carea' id='block_1_97' title="bbox 388 4704 1954 4779">
    <p class='ocr_par' dir='ltr' id='par_1_97' title="bbox 388 4704 1954 4775">
     <span class='ocr_line' id='line_1_97' title="bbox 388 4704 1954 4775; baseline 0.001 -18"><span class='ocrx_word' id='word_1_725' title='bbox 388 4705 511 4759; x_wconf 88' lang='lat' dir='ltr'><strong>tivit</strong></span> <span class='ocrx_word' id='word_1_726' title='bbox 554 4704 802 4769; x_wconf 86' lang='lat' dir='ltr'><strong>Dathan,</strong></span> <span class='ocrx_word' id='word_1_727' title='bbox 868 4714 923 4760; x_wconf 91' lang='lat' dir='ltr'><strong>et</strong></span> <span class='ocrx_word' id='word_1_728' title='bbox 972 4706 1192 4775; x_wconf 83' lang='lat' dir='ltr'><strong>operuit</strong></span> <span class='ocrx_word' id='word_1_729' title='bbox 1254 4719 1424 4774; x_wconf 85' lang='lat' dir='ltr'><strong>super</strong></span> <span class='ocrx_word' id='word_1_730' title='bbox 1478 4707 1954 4775; x_wconf 88' lang='lat' dir='ltr'><strong>congregationem</strong></span> 
     </span>
    </p>
   </div>
   <div class='ocr_carea' id='block_1_98' title="bbox 2054 4704 3650 4779">
    <p class='ocr_par' dir='ltr' id='par_1_98' title="bbox 2061 4704 3650 4779">
     <span class='ocr_line' id='line_1_98' title="bbox 2061 4704 3650 4779; baseline 0.001 -20"><span class='ocrx_word' id='word_1_731' title='bbox 2061 4705 2134 4759; x_wconf 78' lang='grc' dir='ltr'>τὰ</span> <span class='ocrx_word' id='word_1_732' title='bbox 2166 4704 2313 4776; x_wconf 84' lang='grc' dir='ltr'>πάθη</span> <span class='ocrx_word' id='word_1_733' title='bbox 2360 4705 2470 4759; x_wconf 80' lang='grc' dir='ltr'>τῶν</span> <span class='ocrx_word' id='word_1_734' title='bbox 2502 4709 2560 4760; x_wconf 82' lang='grc' dir='ltr'>ὲν</span> <span class='ocrx_word' id='word_1_735' title='bbox 2599 4707 2835 4778; x_wconf 79' lang='grc' dir='ltr'>πονηρίᾳ</span> <span class='ocrx_word' id='word_1_736' title='bbox 2878 4709 3341 4779; x_wconf 81' lang='grc' dir='ltr'>κατεγνωσμένων</span> <span class='ocrx_word' id='word_1_737' title='bbox 3367 4707 3650 4771; x_wconf 77' lang='grc' dir='ltr'>διέξεισιν.</span> 
     </span>
    </p>
   </div>
   <div class='ocr_carea' id='block_1_99' title="bbox 387 4794 1954 4869">
    <p class='ocr_par' dir='ltr' id='par_1_99' title="bbox 387 4794 1954 4866">
     <span class='ocr_line' id='line_1_99' title="bbox 387 4794 1954 4866; baseline 0.001 -17"><span class='ocrx_word' id='word_1_738' title='bbox 387 4794 626 4863; x_wconf 80' lang='lat' dir='ltr'><strong>Abiron;</strong></span> <span class='ocrx_word' id='word_1_739' title='bbox 652 4795 869 4850; x_wconf 82' lang='lat' dir='ltr'><strong>ﬂamma</strong></span> <span class='ocrx_word' id='word_1_740' title='bbox 901 4797 1205 4852; x_wconf 90' lang='lat' dir='ltr'><strong>combussit</strong></span> <span class='ocrx_word' id='word_1_741' title='bbox 1228 4802 1550 4866; x_wconf 87' lang='lat' dir='ltr'><strong>peceatores</strong></span> <span class='ocrx_word' id='word_1_742' title='bbox 1569 4796 1611 4849; x_wconf 78' lang='grc'><strong>⁸.</strong></span> <span class='ocrx_word' id='word_1_743' title='bbox 1631 4815 1650 4847; x_wconf 77' lang='grc' dir='ltr'><strong>ι</strong></span> <span class='ocrx_word' id='word_1_744' title='bbox 1677 4797 1742 4849; x_wconf 88' lang='lat' dir='ltr'><strong>Et</strong></span> <span class='ocrx_word' id='word_1_745' title='bbox 1768 4813 1782 4849; x_wconf 94' lang='lat'>:</span> <span class='ocrx_word' id='word_1_746' title='bbox 1810 4814 1831 4848; x_wconf 77' lang='grc' dir='ltr'><strong>ι</strong></span> <span class='ocrx_word' id='word_1_747' title='bbox 1854 4795 1954 4851; x_wconf 81' lang='lat' dir='ltr'><strong>Fac</strong></span> 
     </span>
    </p>
   </div>
   <div class='ocr_carea' id='block_1_100' title="bbox 2054 4794 3659 4869">
    <p class='ocr_par' dir='ltr' id='par_1_100' title="bbox 2070 4798 3659 4869">
     <span class='ocr_line' id='line_1_100' title="bbox 2070 4798 3659 4869; baseline 0.001 -19"><span class='ocrx_word' id='word_1_748' title='bbox 2070 4818 2090 4849; x_wconf 74' lang='grc' dir='ltr'><strong>ι</strong></span> <span class='ocrx_word' id='word_1_749' title='bbox 2134 4798 2388 4869; x_wconf 88' lang='grc' dir='ltr'>Ἠνοίχθη</span> <span class='ocrx_word' id='word_1_750' title='bbox 2429 4801 2463 4869; x_wconf 81' lang='grc' dir='ltr'>ἡ</span> <span class='ocrx_word' id='word_1_751' title='bbox 2511 4801 2582 4869; x_wconf 86' lang='grc' dir='ltr'>γῆ</span> <span class='ocrx_word' id='word_1_752' title='bbox 2614 4799 2708 4852; x_wconf 78' lang='grc' dir='ltr'><strong>καὶ</strong></span> <span class='ocrx_word' id='word_1_753' title='bbox 2735 4798 2993 4852; x_wconf 83' lang='grc' dir='ltr'>κατέπιεν</span> <span class='ocrx_word' id='word_1_754' title='bbox 3024 4799 3225 4865; x_wconf 80' lang='grc' dir='ltr'>Δαθὰν,</span> <span class='ocrx_word' id='word_1_755' title='bbox 3253 4800 3347 4853; x_wconf 71' lang='grc' dir='ltr'><strong>καὶ</strong></span> <span class='ocrx_word' id='word_1_756' title='bbox 3375 4799 3659 4869; x_wconf 66' lang='grc' dir='ltr'>ἐκάλυψεν</span> 
     </span>
    </p>
   </div>
   <div class='ocr_carea' id='block_1_101' title="bbox 389 4886 1954 4963">
    <p class='ocr_par' dir='ltr' id='par_1_101' title="bbox 389 4886 1954 4959">
     <span class='ocr_line' id='line_1_101' title="bbox 389 4886 1954 4959; baseline 0.001 -17"><span class='ocrx_word' id='word_1_757' title='bbox 389 4888 516 4944; x_wconf 91' lang='lat' dir='ltr'><strong>illos</strong></span> <span class='ocrx_word' id='word_1_758' title='bbox 545 4890 688 4944; x_wconf 88' lang='lat' dir='ltr'><strong>sicut</strong></span> <span class='ocrx_word' id='word_1_759' title='bbox 716 4887 929 4943; x_wconf 75' lang='lat' dir='ltr'><strong>Madian</strong></span> <span class='ocrx_word' id='word_1_760' title='bbox 949 4897 1004 4944; x_wconf 89' lang='lat' dir='ltr'><strong>et</strong></span> <span class='ocrx_word' id='word_1_761' title='bbox 1033 4888 1218 4944; x_wconf 84' lang='lat' dir='ltr'><strong>Sisara</strong></span> <span class='ocrx_word' id='word_1_762' title='bbox 1242 4889 1315 4941; x_wconf 67' lang='grc'><strong>³.»</strong></span> <span class='ocrx_word' id='word_1_763' title='bbox 1354 4886 1446 4942; x_wconf 88' lang='lat' dir='ltr'><strong>Et:</strong></span> <span class='ocrx_word' id='word_1_764' title='bbox 1475 4906 1494 4938; x_wconf 76' lang='grc' dir='ltr'><strong>ι</strong></span> <span class='ocrx_word' id='word_1_765' title='bbox 1518 4887 1665 4942; x_wconf 88' lang='lat' dir='ltr'><strong>Pone</strong></span> <span class='ocrx_word' id='word_1_766' title='bbox 1687 4887 1954 4959; x_wconf 79' lang='lat' dir='ltr'><strong>principes</strong></span> 
     </span>
    </p>
   </div>
   <div class='ocr_carea' id='block_1_102' title="bbox 2054 4886 3658 4963">
    <p class='ocr_par' dir='ltr' id='par_1_102' title="bbox 2071 4890 3658 4963">
     <span class='ocr_line' id='line_1_102' title="bbox 2071 4890 3658 4963; baseline -0.001 -18"><span class='ocrx_word' id='word_1_767' title='bbox 2071 4891 2166 4945; x_wconf 70' lang='grc' dir='ltr'><strong>ἐπὶ</strong></span> <span class='ocrx_word' id='word_1_768' title='bbox 2235 4892 2334 4963; x_wconf 84' lang='grc' dir='ltr'><strong>τὴν</strong></span> <span class='ocrx_word' id='word_1_769' title='bbox 2407 4891 2727 4963; x_wconf 76' lang='grc' dir='ltr'>συναγωγὴν</span> <span class='ocrx_word' id='word_1_770' title='bbox 2797 4890 3077 4963; x_wconf 75' lang='grc' dir='ltr'>Ἀὁειρών.</span> <span class='ocrx_word' id='word_1_771' title='bbox 3139 4892 3273 4960; x_wconf 70' lang='lat' dir='ltr'><strong>mg</strong></span> <span class='ocrx_word' id='word_1_772' title='bbox 3317 4892 3658 4961; x_wconf 79' lang='grc' dir='ltr'>κατέφλεξεν</span> 
     </span>
    </p>
   </div>
   <div class='ocr_carea' id='block_1_103' title="bbox 385 4979 1954 5055">
    <p class='ocr_par' dir='ltr' id='par_1_103' title="bbox 385 4979 1954 5048">
     <span class='ocr_line' id='line_1_103' title="bbox 385 4979 1954 5048; baseline -0.001 -13"><span class='ocrx_word' id='word_1_773' title='bbox 385 4995 579 5036; x_wconf 89' lang='lat' dir='ltr'><strong>eorum</strong></span> <span class='ocrx_word' id='word_1_774' title='bbox 607 4984 751 5036; x_wconf 83' lang='lat' dir='ltr'><strong>sicut</strong></span> <span class='ocrx_word' id='word_1_775' title='bbox 778 4980 945 5048; x_wconf 90' lang='lat' dir='ltr'><strong>Oreb,</strong></span> <span class='ocrx_word' id='word_1_776' title='bbox 996 4989 1051 5036; x_wconf 92' lang='lat' dir='ltr'><strong>et</strong></span> <span class='ocrx_word' id='word_1_777' title='bbox 1088 4979 1219 5045; x_wconf 86' lang='lat' dir='ltr'><strong>Zeb,</strong></span> <span class='ocrx_word' id='word_1_778' title='bbox 1245 4988 1301 5035; x_wconf 89' lang='lat' dir='ltr'><strong>et</strong></span> <span class='ocrx_word' id='word_1_779' title='bbox 1331 4979 1526 5044; x_wconf 88' lang='lat' dir='ltr'><strong>Zebee,</strong></span> <span class='ocrx_word' id='word_1_780' title='bbox 1583 4988 1637 5033; x_wconf 87' lang='lat' dir='ltr'><strong>et</strong></span> <span class='ocrx_word' id='word_1_781' title='bbox 1683 4982 1954 5042; x_wconf 77' lang='lat' dir='ltr'><strong>Sulmaua,</strong></span> 
     </span>
    </p>
   </div>
   <div class='ocr_carea' id='block_1_104' title="bbox 2054 4979 3659 5055">
    <p class='ocr_par' dir='ltr' id='par_1_104' title="bbox 2070 4982 3659 5055">
     <span class='ocr_line' id='line_1_104' title="bbox 2070 4982 3659 5055; baseline 0.001 -18"><span class='ocrx_word' id='word_1_782' title='bbox 2070 4982 2441 5054; x_wconf 82' lang='grc' dir='ltr'>ἁμαρτωλούς.</span> <span class='ocrx_word' id='word_1_783' title='bbox 2470 5003 2489 5034; x_wconf 76' lang='grc' dir='ltr'><strong>ι</strong></span> <span class='ocrx_word' id='word_1_784' title='bbox 2515 4984 2645 5048; x_wconf 73' lang='grc' dir='ltr'>Καὶ,</span> <span class='ocrx_word' id='word_1_785' title='bbox 2674 4984 2934 5055; x_wconf 80' lang='grc' dir='ltr'>«Ποίησον</span> <span class='ocrx_word' id='word_1_786' title='bbox 2962 4984 3162 5048; x_wconf 80' lang='grc' dir='ltr'>αὐτοὺς</span> <span class='ocrx_word' id='word_1_787' title='bbox 3180 4983 3266 5048; x_wconf 77' lang='grc' dir='ltr'>’ὡς</span> <span class='ocrx_word' id='word_1_788' title='bbox 3286 4987 3355 5055; x_wconf 78' lang='grc' dir='ltr'>τῇ</span> <span class='ocrx_word' id='word_1_789' title='bbox 3380 4984 3495 5054; x_wconf 85' lang='grc'><strong>(56)</strong></span> <span class='ocrx_word' id='word_1_790' title='bbox 3522 4985 3659 5038; x_wconf 77' lang='lat' dir='ltr'><strong>Ma-</strong></span> 
     </span>
    </p>
   </div>
   <div class='ocr_carea' id='block_1_105' title="bbox 387 5074 1954 5149">
    <p class='ocr_par' dir='ltr' id='par_1_105' title="bbox 387 5074 1954 5149">
     <span class='ocr_line' id='line_1_105' title="bbox 387 5074 1954 5149; baseline -0.002 -19"><span class='ocrx_word' id='word_1_791' title='bbox 387 5091 584 5131; x_wconf 87' lang='lat' dir='ltr'><strong>omnes</strong></span> <span class='ocrx_word' id='word_1_792' title='bbox 614 5076 892 5149; x_wconf 87' lang='lat' dir='ltr'><strong>principes</strong></span> <span class='ocrx_word' id='word_1_793' title='bbox 927 5092 1122 5133; x_wconf 91' lang='lat' dir='ltr'><strong>eorum</strong></span> <span class='ocrx_word' id='word_1_794' title='bbox 1150 5078 1210 5143; x_wconf 86' lang='grc'><strong>³;</strong></span> <span class='ocrx_word' id='word_1_795' title='bbox 1248 5095 1266 5129; x_wconf 74' lang='grc' dir='ltr'><strong>ι</strong></span> <span class='ocrx_word' id='word_1_796' title='bbox 1319 5087 1373 5132; x_wconf 86' lang='lat' dir='ltr'><strong>et</strong></span> <span class='ocrx_word' id='word_1_797' title='bbox 1401 5075 1454 5130; x_wconf 90' lang='lat' dir='ltr'><strong>id</strong></span> <span class='ocrx_word' id='word_1_798' title='bbox 1500 5089 1676 5147; x_wconf 84' lang='lat' dir='ltr'><strong>genus</strong></span> <span class='ocrx_word' id='word_1_799' title='bbox 1712 5074 1820 5128; x_wconf 88' lang='lat' dir='ltr'><strong>alia</strong></span> <span class='ocrx_word' id='word_1_800' title='bbox 1853 5091 1954 5128; x_wconf 83' lang='lat' dir='ltr'><strong>non</strong></span> 
     </span>
    </p>
   </div>
   <div class='ocr_carea' id='block_1_106' title="bbox 2054 5074 3658 5149">
    <p class='ocr_par' dir='ltr' id='par_1_106' title="bbox 2068 5074 3658 5148">
     <span class='ocr_line' id='line_1_106' title="bbox 2068 5074 3658 5148; baseline 0.001 -19"><span class='ocrx_word' id='word_1_801' title='bbox 2068 5076 2185 5131; x_wconf 74' lang='grc' dir='ltr'>διὰν</span> <span class='ocrx_word' id='word_1_802' title='bbox 2209 5077 2299 5130; x_wconf 78' lang='grc' dir='ltr'><strong>καὶ</strong></span> <span class='ocrx_word' id='word_1_803' title='bbox 2313 5075 2392 5147; x_wconf 86' lang='grc' dir='ltr'>τῷ</span> <span class='ocrx_word' id='word_1_804' title='bbox 2417 5075 2643 5147; x_wconf 85' lang='grc' dir='ltr'>Σισάρα.</span> <span class='ocrx_word' id='word_1_805' title='bbox 2659 5095 2678 5126; x_wconf 70' lang='grc' dir='ltr'><strong>ι</strong></span> <span class='ocrx_word' id='word_1_806' title='bbox 2705 5076 2837 5143; x_wconf 69' lang='grc' dir='ltr'>Καὶ,</span> <span class='ocrx_word' id='word_1_807' title='bbox 2860 5074 2994 5129; x_wconf 78' lang='grc' dir='ltr'>«Θοῦ</span> <span class='ocrx_word' id='word_1_808' title='bbox 3017 5076 3143 5141; x_wconf 80' lang='grc' dir='ltr'>τοὺς</span> <span class='ocrx_word' id='word_1_809' title='bbox 3156 5076 3420 5148; x_wconf 80' lang='grc' dir='ltr'>ἄρχοντας</span> <span class='ocrx_word' id='word_1_810' title='bbox 3441 5075 3658 5141; x_wconf 80' lang='grc' dir='ltr'>αὐτῶν,</span> 
     </span>
    </p>
   </div>
   <div class='ocr_carea' id='block_1_107' title="bbox 462 5271 3658 5345">
    <p class='ocr_par' dir='ltr' id='par_1_107' title="bbox 462 5271 3658 5345">
     <span class='ocr_line' id='line_1_107' title="bbox 462 5271 3658 5345; baseline 0.001 -14"><span class='ocrx_word' id='word_1_811' title='bbox 462 5279 508 5311; x_wconf 72' lang='grc'><strong>⁸⁷</strong></span> <span class='ocrx_word' id='word_1_812' title='bbox 536 5275 683 5333; x_wconf 87' lang='lat' dir='ltr'><strong>Psal.</strong></span> <span class='ocrx_word' id='word_1_813' title='bbox 720 5290 906 5342; x_wconf 76' lang='lat' dir='ltr'><strong>xxxvi,</strong></span> <span class='ocrx_word' id='word_1_814' title='bbox 934 5274 1026 5330; x_wconf 86' lang='lat'><strong>&#39;58.</strong></span> <span class='ocrx_word' id='word_1_815' title='bbox 1089 5274 1138 5306; x_wconf 78' lang='lat'><strong>”</strong></span> <span class='ocrx_word' id='word_1_816' title='bbox 1171 5271 1313 5336; x_wconf 69' lang='lat' dir='ltr'><strong>P:al.</strong></span> <span class='ocrx_word' id='word_1_817' title='bbox 1335 5289 1393 5342; x_wconf 78' lang='grc' dir='ltr'>ι,</span> <span class='ocrx_word' id='word_1_818' title='bbox 1427 5273 1482 5331; x_wconf 88' lang='lat'><strong>6.</strong></span> <span class='ocrx_word' id='word_1_819' title='bbox 1547 5274 1593 5308; x_wconf 82' lang='lat'><strong>”</strong></span> <span class='ocrx_word' id='word_1_820' title='bbox 1624 5276 1772 5342; x_wconf 79' lang='lat' dir='ltr'><strong>Psal.</strong></span> <span class='ocrx_word' id='word_1_821' title='bbox 1793 5291 1982 5342; x_wconf 84' lang='lat' dir='ltr'><strong>xcvm,</strong></span> <span class='ocrx_word' id='word_1_822' title='bbox 2003 5273 2056 5330; x_wconf 87' lang='lat'><strong>6.</strong></span> <span class='ocrx_word' id='word_1_823' title='bbox 2130 5275 2145 5305; x_wconf 77' lang='grc'>⁸</span> <span class='ocrx_word' id='word_1_824' title='bbox 2173 5272 2319 5329; x_wconf 87' lang='lat' dir='ltr'><strong>Psal.</strong></span> <span class='ocrx_word' id='word_1_825' title='bbox 2344 5289 2431 5339; x_wconf 83' lang='grc' dir='ltr'><strong>ον,</strong></span> <span class='ocrx_word' id='word_1_826' title='bbox 2461 5273 2528 5328; x_wconf 74' lang='lat' dir='ltr'><strong>t7</strong></span> <span class='ocrx_word' id='word_1_827' title='bbox 2557 5288 2679 5345; x_wconf 87' lang='lat' dir='ltr'><strong>sqq.</strong></span> <span class='ocrx_word' id='word_1_828' title='bbox 2745 5275 2766 5307; x_wconf 81' lang='grc'>⁸</span> <span class='ocrx_word' id='word_1_829' title='bbox 2789 5271 2931 5331; x_wconf 87' lang='lat' dir='ltr'><strong>Psal.</strong></span> <span class='ocrx_word' id='word_1_830' title='bbox 2963 5289 3173 5344; x_wconf 70' lang='lat' dir='ltr'><strong>tum,</strong></span> <span class='ocrx_word' id='word_1_831' title='bbox 3200 5274 3290 5332; x_wconf 72' lang='lat'><strong>10.</strong></span> <span class='ocrx_word' id='word_1_832' title='bbox 3350 5272 3376 5307; x_wconf 81' lang='grc'><strong><em>⁸</em></strong></span> <span class='ocrx_word' id='word_1_833' title='bbox 3399 5272 3658 5333; x_wconf 66' lang='lat' dir='ltr'><strong>ibidJS.</strong></span> 
     </span>
    </p>
   </div>
   <div class='ocr_carea' id='block_1_108' title="bbox 464 5459 966 5526">
    <p class='ocr_par' dir='ltr' id='par_1_108' title="bbox 464 5459 966 5526">
     <span class='ocr_line' id='line_1_108' title="bbox 464 5459 966 5526; baseline 0.006 -13"><span class='ocrx_word' id='word_1_834' title='bbox 464 5459 579 5526; x_wconf 79' lang='grc'><strong>(51)</strong></span> <span class='ocrx_word' id='word_1_835' title='bbox 606 5459 843 5523; x_wconf 87' lang='grc' dir='ltr'>Τούτων,</span> <span class='ocrx_word' id='word_1_836' title='bbox 874 5459 966 5516; x_wconf 89' lang='lat' dir='ltr'><strong>ed.</strong></span> 
     </span>
    </p>
   </div>
   <div class='ocr_carea' id='block_1_109' title="bbox 468 5529 976 5599">
    <p class='ocr_par' dir='ltr' id='par_1_109' title="bbox 468 5529 976 5599">
     <span class='ocr_line' id='line_1_109' title="bbox 468 5529 976 5599; baseline 0.006 -17"><span class='ocrx_word' id='word_1_837' title='bbox 468 5530 583 5599; x_wconf 70' lang='grc'><strong>(52)</strong></span> <span class='ocrx_word' id='word_1_838' title='bbox 611 5530 715 5584; x_wconf 85' lang='grc' dir='ltr'><strong>Τόν</strong></span> <span class='ocrx_word' id='word_1_839' title='bbox 744 5545 856 5584; x_wconf 93' lang='lat' dir='ltr'><strong>om.</strong></span> <span class='ocrx_word' id='word_1_840' title='bbox 887 5529 976 5585; x_wconf 90' lang='lat' dir='ltr'><strong>ed.</strong></span> 
     </span>
    </p>
   </div>
   <div class='ocr_carea' id='block_1_110' title="bbox 467 5600 921 5670">
    <p class='ocr_par' dir='ltr' id='par_1_110' title="bbox 467 5600 921 5670">
     <span class='ocr_line' id='line_1_110' title="bbox 467 5600 921 5670; baseline -0.002 -16"><span class='ocrx_word' id='word_1_841' title='bbox 467 5600 581 5670; x_wconf 76' lang='lat'><strong>(55)</strong></span> <span class='ocrx_word' id='word_1_842' title='bbox 619 5600 797 5670; x_wconf 80' lang='grc' dir='ltr'>Αὐτῷ,</span> <span class='ocrx_word' id='word_1_843' title='bbox 832 5601 921 5655; x_wconf 90' lang='lat' dir='ltr'><strong>ed.</strong></span> 
     </span>
    </p>
   </div>
   <div class='ocr_carea' id='block_1_111' title="bbox 470 5669 1159 5747">
    <p class='ocr_par' dir='ltr' id='par_1_111' title="bbox 470 5669 1159 5747">
     <span class='ocr_line' id='line_1_111' title="bbox 470 5669 1159 5747; baseline -0.004 -19"><span class='ocrx_word' id='word_1_844' title='bbox 470 5671 583 5747; x_wconf 62' lang='lat'><strong>(5‘)</strong></span> <span class='ocrx_word' id='word_1_845' title='bbox 617 5669 864 5745; x_wconf 65' lang='grc' dir='ltr'>Προῄγου</span> <span class='ocrx_word' id='word_1_846' title='bbox 871 5669 1036 5743; x_wconf 80' lang='grc' dir='ltr'>μένῳ,</span> <span class='ocrx_word' id='word_1_847' title='bbox 1071 5670 1159 5728; x_wconf 88' lang='lat' dir='ltr'><strong>ed.</strong></span> 
     </span>
    </p>
   </div>
   <div class='ocr_carea' id='block_1_112' title="bbox 2153 5454 2659 5521">
    <p class='ocr_par' dir='ltr' id='par_1_112' title="bbox 2153 5454 2659 5521">
     <span class='ocr_line' id='line_1_112' title="bbox 2153 5454 2659 5521; baseline 0 -12"><span class='ocrx_word' id='word_1_848' title='bbox 2153 5455 2268 5521; x_wconf 81' lang='lat'><strong>(55)</strong></span> <span class='ocrx_word' id='word_1_849' title='bbox 2301 5455 2541 5519; x_wconf 83' lang='grc' dir='ltr'>Ἐλπίδα,</span> <span class='ocrx_word' id='word_1_850' title='bbox 2572 5454 2659 5511; x_wconf 84' lang='lat' dir='ltr'><strong>ed.</strong></span> 
     </span>
    </p>
   </div>
   <div class='ocr_carea' id='block_1_113' title="bbox 2149 5526 2662 5595">
    <p class='ocr_par' dir='ltr' id='par_1_113' title="bbox 2149 5526 2662 5595">
     <span class='ocr_line' id='line_1_113' title="bbox 2149 5526 2662 5595; baseline 0.002 -16"><span class='ocrx_word' id='word_1_851' title='bbox 2149 5526 2284 5595; x_wconf 77' lang='lat'><strong>(55&#39;)</strong></span> <span class='ocrx_word' id='word_1_852' title='bbox 2316 5526 2555 5592; x_wconf 89' lang='grc' dir='ltr'>Τούτων,</span> <span class='ocrx_word' id='word_1_853' title='bbox 2573 5526 2662 5582; x_wconf 86' lang='lat' dir='ltr'><strong>ed.</strong></span> 
     </span>
    </p>
   </div>
   <div class='ocr_carea' id='block_1_114' title="bbox 2150 5595 2719 5669">
    <p class='ocr_par' dir='ltr' id='par_1_114' title="bbox 2150 5595 2719 5669">
     <span class='ocr_line' id='line_1_114' title="bbox 2150 5595 2719 5669; baseline 0 -16"><span class='ocrx_word' id='word_1_854' title='bbox 2150 5595 2262 5667; x_wconf 83' lang='grc'><strong>(56)</strong></span> <span class='ocrx_word' id='word_1_855' title='bbox 2298 5596 2469 5655; x_wconf 86' lang='grc' dir='ltr'>Τὸν...</span> <span class='ocrx_word' id='word_1_856' title='bbox 2499 5598 2611 5669; x_wconf 86' lang='grc' dir='ltr'>τόν,</span> <span class='ocrx_word' id='word_1_857' title='bbox 2631 5596 2719 5655; x_wconf 86' lang='lat' dir='ltr'><strong>ed.</strong></span> 
     </span>
    </p>
   </div>
  </div>
