3838 6224
160 268 252 323 M9

1527 255 1592 310 IN
1625 253 1967 312 PSALIwS.

3267 257 3380 313 450

159 383 224 447 ὣς
266 381 350 433 τὸν
392 377 572 450 Ὠρὴδ,
615 381 710 431 καὶ
735 375 864 448 Ζὴσ,
899 377 996 429 καὶ
1032 375 1217 438 Ζεὸεὲ,
1260 375 1354 428 καὶ
1385 374 1694 445 Σαλμανὲιν,

1801 387 1996 444 pauca.
2045 371 2420 426 Particulares
2472 386 2604 426 vero
2653 371 3070 428 cohortationes
3106 371 3176 428 ab
3212 372 3376 430 initio

163 476 346 534 πάντας
389 471 512 534 τοὺς
551 469 814 539 ἄρχοντας
861 467 1061 522 αὐτῶν.
1107 487 1127 518 ι
1187 468 1298 523 Καὶ
1339 467 1512 521 πολλὰ
1536 469 1702 539 ἕτερα

161 563 386 616 τοιαῦτα·
417 559 514 624 τάς
542 576 600 613 τε
631 560 862 631 μερικάς
907 559 1213 630 συμϐουλάς
1245 559 1426 622 πάσας
1477 575 1558 612 σοι
1604 559 1704 630 βοᾷ

161 656 240 709 ἀπ’
275 652 439 724 ἀρχῆς
487 653 564 715 είς
607 651 760 715 τέλος
800 653 834 721 ἡ
855 648 1164 722 Ψαλμῳδία
1200 694 1216 718 ,
1252 649 1315 704 ἐν
1341 651 1518 704 οὐδενὶ
1545 651 1700 722 μέρει

159 747 243 816 τὴν
265 744 391 814 πρὸς
411 743 470 796 τὸ
498 742 657 798 καλὸν
687 744 894 814 τροπὴν
921 743 1034 812 (57)
1059 742 1488 812 παραλείπουσα,
1520 743 1614 796 κα)⁸
1635 742 1700 795 δι’

159 833 223 891 ὧν
247 838 306 892 ἄν
331 853 412 899 τις
437 836 594 906 φύγοι
627 836 728 908 τὴν
774 837 974 891 κακίαν
998 852 1011 865 ·
1063 837 1242 890 πάντα
1289 837 1408 900 ταῖς
1452 835 1590 908 πρὸς
1641 835 1702 888 τὸ

158 930 302 984 καλὸν
331 929 642 998 ὁδηγούσαις
672 928 1156 1000 συμπαρέζευκται
1191 929 1454 999 γνώμαις.
1498 928 1560 982 Ἦ
1593 929 1702 998 γὰρ

158 1023 238 1076 τοῦ
265 1021 460 1090 ἀγαθοῦ
493 1023 704 1093 κτῆσις,
735 1023 880 1092 φυγὴ
909 1021 1004 1074 τοῦ
1035 1022 1274 1075 ἐναντίου
1299 1022 1394 1075 καὶ
1423 1021 1701 1092 ἀναίρεσις

159 1115 358 1182 γίνεται.
393 1111 666 1183 Παρέλκον
704 1111 748 1164 δ’
778 1111 843 1166 ἂν
877 1112 962 1180 είη
1001 1111 1180 1166 πάντα
1208 1111 1382 1164 ταῦτα
1430 1111 1497 1163 δι’
1539 1113 1699 1181 ἀκρι-

159 1205 288 1268 6εῐας
315 1203 638 1266 ἐκτίθεσθαι,
673 1204 914 1274 φανερᾶς
957 1203 1122 1274 οὔσης
1167 1206 1278 1267 τοῖς
1312 1204 1698 1274 ἐντυγχάνουσι

157 1297 216 1364 τῇ
244 1295 411 1366 γραφῇ
455 1294 628 1364 ταύτῃ
655 1293 756 1362 τῆς
786 1293 916 1363 περ)¹
951 1293 1018 1346 τὰ
1044 1293 1270 1346 τοιαῦτα
1319 1295 1556 1365 σπουδῆς
1603 1295 1700 1348 τοῦ

157 1385 312 1440 λόγου.

655 1520 1049 1574 ΚΕΦΑΛΑΙΟΝ
1089 1522 1166 1574 E'.

214 1654 470 1724 Τέτμηται
507 1653 564 1705 δέ
596 1651 836 1722 πενταχῆ
872 1651 1022 1704 πᾶσα
1068 1651 1101 1720 ὴ
1143 1649 1252 1702 τῶν
1281 1649 1514 1720 ψαλμῶν
1560 1669 1701 1721 πρα-

155 1747 378 1816 γματεία.
447 1746 558 1799 Καὶ
599 1743 682 1806 τίς
725 1746 874 1796 ἐστιν
920 1743 979 1795 ἐν
1019 1746 1133 1806 τοῖς
1187 1745 1438 1814 τμήμασι
1492 1742 1702 1806 τούτοις

153 1837 348 1908 τεχνικὴ
369 1835 628 1905 διασκευὴ
658 1835 753 1888 καὶ
773 1833 1056 1906 διαίρεσις.
1091 1833 1156 1886 'H
1177 1834 1233 1887 δὲ
1256 1833 1571 1904 περιγραφὴ
1593 1834 1700 1888 τῶν

153 1929 425 2000 τμημάτων
455 1927 667 1998 φανερὰ
698 1927 908 1994 γίνεται
933 1965 948 1990 ,
995 1925 1168 1990 θείαις
1216 1927 1328 1979 τισὶ
1373 1925 1702 1996 δοξολογίαις

153 2020 492 2092 ὁμοιοτρόπως
521 2019 933 2090 ἐναπολήγουσα
956 2059 970 2081 ,
1021 2017 1087 2082 ἃς
1137 2016 1350 2082 ἔξεστιν
1402 2019 1700 2087 ἐπιγνῶναι

155 2112 274 2165 κατὰ
306 2113 400 2182 τὴν
433 2114 582 2182 ,παρ’
633 2111 788 2182 ἡμῶν
829 2111 1290 2182 ὑποδεικνυμένην
1329 2110 1442 2180 (58)
1483 2113 1540 2162 ἐν
1583 2115 1700 2176 ταῖς

151 2205 460 2275 ψαλμῳδίαις
503 2205 790 2274 διαίρεσιν.
851 2201 1009 2255 Ἔστι
1053 2203 1110 2254 δὲ
1141 2203 1371 2255 ἑκάστου
1413 2203 1700 2274 τμήματος

153 2294 356 2364 ἀριθμὸς
383 2293 489 2347 τῶν
519 2293 852 2364 ψαλμῳδιῶν
879 2288 1030 2355 οὗτος
1051 2309 1070 2326 ⁸
1092 2291 1198 2344 Τοῦ
1230 2289 1470 2362 πρώτου,
1502 2309 1700 2344 τεσσα-

153 2385 378 2456 ράκοντα.
423 2383 528 2437 Τοῦ
563 2385 846 2455 δευτέρου,
895 2378 974 2446 εἷς
1023 2385 1116 2436 καὶ
1159 2384 1472 2454 τριάκοντα.
1531 2385 1700 2436 Ἑπτά

152 2477 230 2528 καὶ
257 2477 374 2530 δέκα
401 2477 458 2530 δὲ
490 2477 588 2530 τοῦ
617 2477 823 2548 τρίτου,
865 2477 958 2529 καὶ
1001 2475 1092 2528 τοῦ
1139 2475 1400 2546 τετάρτου
1435 2476 1697 2540 τοσοῦτοι,

151 2565 228 2620 τοῦ
279 2568 330 2622 δέ
399 2569 649 2640 πέμπτου
714 2568 876 2622 πέντε
937 2569 1048 2636 (59)
1113 2569 1208 2621 καὶ
1267 2569 1696 2637 τεσσαράκοντα.

155 2658 368 2712 Ἰσταται
391 2654 480 2712 οὖν
512 2659 576 2712 τὸ
601 2658 817 2728 πρῶτον
843 2660 1008 2728 μέρος
1034 2659 1126 2710 ἐπὶ
1148 2659 1240 2710 τὸν
1267 2659 1700 2730 τεσσαρακοστὸν

153 2750 206 2802 ἐκ
221 2749 308 2803 τοῦ
337 2749 574 2821 πρώτου,
601 2742 662 2802 οὗ
687 2749 860 2820 πέρας
887 2750 1035 2802 ἐστίν
1062 2766 1074 2779 ·
1123 2770 1140 2802 ι
1173 2749 1474 2821 Εὐλογητὸς
1497 2749 1698 2820 Κύριος

151 2837 315 2902 ὁθεὸς
354 2838 568 2910 Ἰσραὴλ
606 2839 714 2892 ἀπὸ
751 2837 847 2891 τοῦ
892 2838 1088 2902 αἰῶνος
1130 2840 1224 2892 καὶ
1259 2841 1336 2902 είς
1375 2839 1464 2892 τὸν
1504 2839 1696 2902 αἰῶνα,

152 2930 348 2996 γένοιτο,
369 2932 598 2999 γένοιτο.
631 2951 650 2981 ι
698 2931 770 2984 Τὸ
790 2930 1062 3003 δεύτερον,
1081 2931 1172 2983 ἐπὶ
1190 2929 1281 2982 τὸν
1305 2930 1700 3000 ἑϐδομηκοστόν

149 3025 298 3076 τεκαὶ
317 3023 548 3094 πρῶτον,
586 3015 647 3076 οὗ
675 3023 736 3075 τὸ
773 3023 924 3086 τέλος
946 3022 1116 3085 οὕτως
1153 3023 1264 3091 ἔχει
1292 3039 1306 3054 ·
1355 3042 1374 3072 ι
1395 3022 1698 3090 Εὐλογητὸς

149 3113 326 3184 Κύριος
358 3116 386 3166 ὀ
406 3113 538 3178 Θεὸς
577 3114 794 3185 Ἰσραὴλ
827 3115 854 3166 ὁ
890 3112 1060 3166 ποιῶν
1085 3111 1366 3183 θαυμάσια
1400 3111 1582 3182 μόνος,
1605 3111 1697 3164 καὶ

147 3205 410 3276 εὐλογητδν
449 3209 512 3260 τὸ
551 3207 720 3278 ὄνομα
753 3209 852 3277 τῆς
889 3205 1047 3274 δόξης
1081 3205 1246 3258 αὑτοῦ
1277 3205 1358 3268 εἰς
1393 3203 1484 3257 τὸν
1505 3203 1698 3266 αἰῶνα,

146 3299 224 3350 καὶ
243 3301 315 3362 εἰς
335 3301 422 3352 τὸν
443 3301 620 3354 αἰῶνα
641 3299 734 3352 τοῦ
765 3297 978 3360 αἰῶνος.
1017 3297 1127 3348 Καὶ
1158 3294 1576 3366 πληρωθήσεται
1599 3294 1698 3363 τῆς

145 3390 280 3461 δόξης
303 3391 458 3445 αὑτοῦ
483 3393 634 3445 πᾶσα
653 3393 686 3461 ή
710 3391 804 3460 γῆ,
825 3389 1056 3456 γένοιτο,
1078 3387 1305 3456 γένοιτο.
1337 3403 1356 3436 ι
1398 3385 1472 3438 Τὸ
1494 3385 1696 3456 τρίτον,

145 3481 222 3532 ἐπὶ
248 3481 330 3534 τὸν
351 3481 703 3552 ὀγδοηκοστόν
725 3497 783 3531 τε
816 3479 910 3532 καὶ
940 3477 1144 3546 ὃγδοον,
1179 3475 1476 3545 καταλήγει
1513 3474 1571 3526 δὲ
1604 3474 1696 3528 καὶ

143 3572 280 3626 τοῦτο
315 3575 391 3636 εἰς
432 3575 618 3644 ὅμοιον
661 3572 855 3640 πέρας.
900 3571 1054 3640 Ἔχει
1093 3568 1198 3639 γὰρ
1238 3567 1410 3630 οὕτως
1438 3578 1455 3592 ⁸
1486 3586 1502 3617 i
1535 3566 1700 3618 Εὐλο-

145 3666 286 3734 γητὸς
317 3666 517 3738 Κύριος
560 3667 641 3728 είς
677 3665 767 3718 τὸν
790 3663 984 3726 αἰῶνα,
1008 3663 1235 3730 γένοιτο,
1257 3660 1486 3727 γένοιτο.
1522 3678 1540 3708 ι
1590 3658 1696 3712 Τοῦ

144 3755 192 3808 δὲ
225 3757 470 3827 τετάρτου
521 3757 810 3828 τμήματος
855 3755 1062 3824 πέρας..
1105 3756 1133 3806 ὁ
1173 3752 1464 3814 ἑκατοστάς
1504 3769 1564 3802 τε
1605 3751 1698 3804 κα).

146 3847 404 3914 πέμπτος,
449 3843 514 3903 οὗ
575 3848 636 3901 τὸ
679 3847 832 3910 τέλος
881 3849 990 3909 τοῖς
1041 3846 1248 3907 λοιποῖς
1294 3841 1693 3914 παραπλήσιον·

149 3955 166 3987 ι
191 3939 476 4011 Εὐλογητὸς
505 3939 708 4010 Κύριος
739 3941 768 3992 ὀ
803 3939 934 4003 Θεὸς
973 3937 1188 4009 Ἰσραὴλ
1219 3936 1328 3990 ἀπὸ
1357 3935 1450 3988 τοῦ
1479 3935 1694 4000 αἰῶνος,

143 4031 224 4082 καὶ
261 4034 358 4097 ἕως
402 4033 493 4087 τοῦ
546 4033 763 4098 αἰῶνος,
802 4033 894 4086 καὶ
941 4033 1054 4104 ἐρεῖ
1085 4032 1192 4093 πᾶς
1232 4032 1258 4082 ὁ
1289 4028 1434 4094 λαὸς,
1461 4025 1694 4092 Γένοιτο,

144 4123 342 4190 γένοιτο.
374 4146 392 4179 ι
451 4129 711 4196 Πέμπτον
758 4127 815 4179 δὲ
861 4125 1026 4197 μέρος
1072 4125 1219 4178 ἐστὶν
1256 4123 1364 4175 ἀπὸ
1394 4122 1584 4174 τούτου
1617 4123 1698 4184 είς

141 4215 194 4266 τὺ
220 4217 318 4284 (60)
361 4219 605 4290 ἔσχατον,
651 4211 713 4273 οὗ
752 4218 964 4289 πέρας,
1011 4236 1030 4268 ι
1064 4217 1224 4270 Πᾶσα
1252 4213 1390 4286 πνοὴ
1429 4214 1696 4268 αἱνεσάτω

141 4305 222 4358 τὸν
245 4305 448 4379 Κύριον.
499 4329 520 4360 ι

1805 463 1875 520 ad
1941 464 2100 519 tinem
2155 480 2332 533 usque
2382 462 2699 524 Psalmodia
2755 465 2852 518 tibi
2893 465 3178 534 suggerit;
3222 465 3374 519 nulla

1803 563 1960 626 parte
1986 555 2409 610 admonitionem
2438 555 2504 608 ad
2545 556 2844 610 honestatis
2879 555 3094 610 laudem
3121 565 3176 610 et
3205 557 3386 612 decus

1803 648 2226 720 praetermittens
2255 666 2270 714 ;
2307 659 2365 700 ut
2390 655 2444 702 et
2473 648 2630 712 illud,
2671 665 2781 717 quo
2809 657 2970 718 pacto
3005 649 3214 702 malitia
3259 649 3376 704 evi-

1803 743 1907 796 tari
1935 749 2100 812 queat
2137 759 2150 794 :
2187 741 2368 795 omnia
2399 749 2548 796 certe
2585 741 2873 796 sententiis
2911 740 2975 794 ad
3026 741 3376 796 honestatem

1803 833 2192 890 inducentibus
2221 833 2384 903 plena
2417 839 2582 888 sunt:
2615 849 2742 886 nam
2798 833 3087 901 acquisitio
3125 832 3255 888 boni
3287 839 3374 886 est

1803 928 1995 998 utique
2039 927 2303 984 contrarii
2354 925 2480 998 fuga
2525 935 2580 982 et
2631 927 2996 996 interemptio.
3033 925 3377 996 Supervaca-

1803 1036 1964 1075 neum
1996 1027 2176 1076 autem
2211 1017 2376 1075 fuerit
2400 1020 2585 1073 omnia
2613 1019 2729 1072 haec
2753 1017 3062 1074 accuratius
3088 1017 3228 1072 velle
3252 1031 3377 1087 per-

1803 1111 1978 1180 sequi,
2011 1127 2134 1164 cum
2163 1111 2292 1174 illis,
2323 1111 2414 1180 qui
2447 1109 2791 1166 Psalmorum
2815 1111 3069 1165 volumen
3092 1110 3376 1174 evolvunt,

1805 1217 1900 1271 per
1925 1218 1983 1258 se
2006 1213 2194 1257 notum
2224 1203 2296 1258 sit
2343 1202 2396 1256 id
2429 1203 2574 1273 quod
2607 1201 2698 1256 hic
2731 1203 2982 1258 oratione
3027 1201 3378 1257 accuratiore

1802 1291 2244 1365 patefaciendum
2282 1303 2453 1350 esset.

2419 1513 2648 1568 CAPUT
2689 1511 2756 1568 V.

1872 1652 1940 1704 At
1988 1653 2132 1706 enim
2181 1659 2292 1706 tota
2329 1632 2669 1705 i’salmorum
2721 1653 2978 1706 tractatio
3028 1651 3082 1707 in
3133 1654 3376 1725 quinque

1803 1753 1985 1813 partes
2011 1743 2306 1796 distributa
2337 1750 2442 1804 est,
2467 1745 2890 1812 contineturque
2913 1745 2967 1797 in
2995 1743 3081 1798 his
3107 1745 3374 1800 sectioni-

1803 1833 1908 1888 bus
1953 1832 2252 1888 artiﬁciosa
2311 1832 2558 1902 quaedam
2609 1841 2888 1889 structura
2949 1845 3004 1889 et
3057 1835 3282 1900 divisio;
3320 1845 3376 1892 ct

1801 1939 1966 1996 quam
2002 1925 2110 1980 late
2143 1931 2324 1994 pateat
2371 1925 2624 1995 quaelibet
2684 1927 2880 1992 sectio,
2931 1927 3152 1995 planum
3208 1928 3268 1982 tit
3304 1945 3374 1986 ex

1801 2017 2004 2072 divinis
2037 2017 2366 2088 quibusdam
2405 2016 2581 2072 laudis
2615 2015 2817 2072 divinat
2869 2019 3376 2088 praedicationibus.

1801 2108 1855 2162 in
1880 2125 2018 2178 quas
2036 2109 2228 2164 eodem
2251 2109 2414 2164 modo
2439 2123 2631 2164 omnes
2654 2109 2912 2164 desinunt
2936 2128 2950 2164 :
2974 2125 3112 2180 quas
3136 2112 3378 2181 reperire

1799 2203 1930 2256 licet
1957 2202 2260 2257 secundum
2292 2202 2724 2258 demonstratam
2768 2219 2797 2256 a
2829 2203 2990 2259 nobis
3025 2203 3372 2258 Psalmorum

1800 2294 2266 2350 distributionem.
2307 2295 2482 2362 Quem
2527 2309 2658 2349 vero
2688 2293 3028 2350 Psalmorum
3085 2311 3374 2350 numerum

1801 2387 2062 2456 quaelibet
2095 2388 2272 2442 sectio
2328 2389 2742 2458 complectatur,
2799 2387 2881 2443 sic
2929 2389 3118 2458 accipe
3151 2407 3164 2443 :
3193 2387 3375 2443 Prima

1801 2477 1965 2534 habet
1993 2479 2352 2550 quadraginta
2372 2497 2387 2546 ;
2407 2481 2669 2542 secunda,
2701 2497 2869 2534 unum
2903 2496 3071 2552 supra
3103 2481 3326 2551 triginta
3353 2497 3370 2548 ;

1799 2573 1984 2634 tertia,
2049 2571 2494 2642 septemdecim;
2551 2580 2768 2641 quarta,
2822 2572 3093 2636 totidem;
3156 2573 3374 2642 quinta,

1803 2665 2170 2735 quadraginta
2215 2665 2480 2735 quinque.
2535 2663 2750 2720 Finitur
2801 2665 2966 2734 igitur
3017 2666 3190 2733 prima
3247 2681 3376 2733 pars

1799 2755 2012 2825 psalmo
2041 2757 2484 2826 quadragesimo.
2517 2757 2676 2826 cujus
2704 2757 2826 2812 linis
2851 2766 2956 2820 est,
2993 2777 3010 2808 ι
3045 2757 3378 2815 Benedictus

1803 2847 2068 2904 Dominus
2115 2847 2262 2904 Deus
2320 2849 2509 2912 Israel,
2557 2865 2586 2902 a
2639 2851 2838 2904 saeculo
2867 2859 2921 2905 et
2970 2851 3024 2904 in
3065 2852 3376 2906 saeculum:

1802 2939 1919 3001 ﬁat,
1955 2941 2069 2994 ﬂat.
2113 2959 2132 2992 ι
2169 2941 2354 2994 Altera
2391 2955 2518 3010 pars
2553 2941 2883 2996 terminatur
2917 2945 3128 3012 psalmo
3157 2955 3380 3014 septua-

1801 3033 2009 3103 gesimo
2039 3033 2240 3101 primo,
2279 3032 2442 3100 cujus
2469 3033 2592 3086 linis
2622 3051 2634 3086 :
2675 3051 2694 3082 ε
2747 3032 3079 3090 Benedictus
3109 3033 3377 3092 Dominus

1803 3121 1950 3178 Deus
2003 3123 2192 3185 Israel,
2229 3123 2318 3192 qui
2357 3122 2486 3178 facit
2519 3123 2790 3178 mirabilia
2821 3125 2994 3187 solus,
3027 3135 3079 3180 et
3118 3127 3376 3182 benedic-

1806 3223 1922 3268 tum
1977 3229 2178 3268 nomen
2239 3215 2544 3284 majestatis
2595 3215 2718 3282 ejus
2755 3215 2810 3268 in
2876 3219 3162 3280 saeculum,
3215 3225 3270 3273 et
3317 3219 3378 3273 in

1801 3307 2060 3360 saeculum
2114 3305 2340 3372 saeculi;
2399 3312 2454 3360 et
2517 3305 2833 3374 implebitur
2909 3308 3193 3376 majestate
3252 3309 3380 3378 ejus

1799 3397 1984 3450 omnis
2011 3402 2158 3450 terra
2187 3413 2200 3450 :
2237 3393 2349 3458 ﬁat,
2385 3395 2498 3449 liat.
2537 3414 2554 3446 ι
2597 3394 2779 3450 Tertia
2811 3411 2937 3466 pars
2966 3399 3376 3455 circumscribi-

1800 3492 1890 3538 tur
1925 3485 2138 3554 psalmo
2165 3485 2504 3554 octogesimo
2531 3495 2746 3548 octavo,
2775 3495 2830 3540 et
2873 3487 2927 3540 in
2962 3487 3193 3544 similem
3249 3505 3382 3544 sen-

1801 3576 2030 3630 tentiam
2099 3577 2250 3630 exit:
2313 3578 2393 3631 sic
2455 3578 2601 3631 enim
2669 3577 2878 3634 habet:
2949 3599 2968 3631 ι
3052 3579 3380 3637 Benedictus

1801 3666 2066 3722 Dominus
2095 3668 2154 3721 in
2180 3676 2478 3732 aeternum;
2511 3669 2620 3733 ﬁat,
2653 3668 2763 3721 ﬁat.
2793 3687 2812 3720 ›
2851 3667 3072 3734 Quarta:
3107 3675 3380 3728 sectionis

1801 3760 2070 3813 terminus
2103 3767 2188 3813 est
2219 3759 2556 3815 centesimus
2585 3769 2638 3814 et
2670 3759 2896 3830 quintus
2921 3763 3184 3830 psalmus,
3213 3763 3378 3834 cujus

1801 3849 1927 3904 linis
1963 3851 2190 3920 reliquis
2223 3861 2306 3906 est
2343 3851 2604 3906 assimilis
2635 3869 2648 3904 :
2688 3871 2705 3902 ε
2743 3849 3068 3909 Benedictus
3109 3854 3376 3911 Dominus

1799 3941 1945 3996 Deus
1975 3943 2136 3996 Israel
2167 3958 2196 3996 a
2230 3943 2449 4000 saeculo.
2486 3953 2540 3996 et
2573 3959 2745 4012 usque
2779 3945 2833 3998 in
2866 3945 3124 4000 saeculum
3155 3966 3167 4000 :
3202 3955 3256 4012 et
3290 3947 3377 4002 di-

1799 4043 1886 4088 cet
1934 4035 2113 4090 omnis
2161 4035 2416 4104 populus,
2443 4032 2581 4098 Fiat,
2631 4035 2742 4090 ﬁat.
2777 4056 2794 4088 ι
2833 4035 3032 4103 Quinta
3081 4055 3207 4108 pars
3249 4041 3380 4096 inde

1800 4139 1974 4194 usque
2036 4124 2100 4178 ad
2162 4125 2410 4178 ultimum
2468 4129 2735 4196 psalmum
2791 4131 3154 4199 protenditur,
3217 4133 3380 4202 cujus

1801 4215 1927 4270 ﬁnis
1961 4233 1973 4268 :
2013 4231 2031 4265 α
2074 4213 2265 4269 Omnis
2293 4213 2522 4284 spiritus
2553 4215 2733 4270 laudet
2765 4214 3076 4271 Dominum.
3117 4237 3135 4269 ι

202 4421 319 4474 Τίνα
353 4423 534 4476 τοίνυν
581 4423 680 4489 τὴν
723 4423 782 4472 ἐν
823 4420 1028 4482 τούτοις
1072 4416 1322 4487 τεχνικὴν
1370 4415 1524 4481 τάξιν
1557 4430 1690 4466 κατ-

1874 4415 2004 4482 Quae
2035 4415 2200 4486 igitur
2226 4416 2402 4471 subsit
2437 4415 2564 4471 huic
2591 4417 2960 4474 dislributioni
2993 4435 3084 4474 ars
3118 4430 3172 4475 et
3209 4422 3375 4486 ratio,

142 4513 412 4582 ενοήσαμεν
433 4553 448 4575 ,
500 4513 692 4582 καιρὸς
725 4513 790 4566 ἂν
823 4514 906 4580 εἴη
937 4512 1003 4564 δι’
1033 4511 1228 4578 ὀλίγων
1261 4511 1457 4562 εἰπεῖν.
1503 4509 1589 4560 Ἐν
1612 4507 1690 4577 τῷ

143 4603 320 4673 πρώτῳ
361 4605 486 4668 τοὺς
531 4607 592 4658 ἐν
624 4603 792 4675 κακία
819 4603 1026 4667 ζῶντας
1069 4603 1252 4670 ἵστησι
1289 4601 1387 4671 μὲν
1419 4597 1518 4668 τῆς
1563 4599 1692 4652 ἀτό-

141 4710 228 4746 που
258 4697 458 4766 πλάνης
479 4715 494 4728 ο
545 4696 836 4765 ἐφέλκεται
867 4695 924 4748 δὲ
956 4695 1092 4765 πρὸς
1122 4693 1233 4762 (6|)
1268 4693 1368 4762 τὴν
1393 4691 1484 4745 τοῦ
1517 4690 1697 4761 κρείτ-

143 4801 270 4848 τονος
305 4791 536 4860 αἵρεσιν,
572 4790 648 4852 ὡς
689 4787 885 4859 μηκέτι
910 4789 1030 4849 ταῖς
1069 4786 1176 4838 τῶν
1214 4784 1426 4839 ἀσεϐῶν
1458 4783 1696 4844 ἀπάταις

143 4877 536 4948 ἐπιπορεύεσθαι
591 4877 744 4948 (62),
805 4877 940 4947 μηδὲ
973 4879 1041 4946 τῇ
1101 4875 1312 4944 πονηρᾷ
1373 4873 1544 4944 τρίὸῳ
1595 4873 1694 4942 τῆς

144 4969 382 5040 ἁμαρτίας
431 4971 520 5024 διὰ
555 4969 752 5041 βάθους
793 4967 1126 5034 ἐνίστασθαι,
1162 4966 1297 5036 μηδὲ
1333 4964 1589 5034 ἀκίνητόν
1634 4979 1694 5015 τε

141 5061 222 5112 καὶ
259 5063 656 5134 καθιδρυμένην
695 5063 910 5123 ἑαυτοῖς
941 5058 1044 5128 τὴν
1091 5057 1292 5110 κακίαν
1321 5055 1688 5126 ἐπιτηδεύειν,

139 5153 255 5204 ἀλλὰ
287 5153 362 5224 τῷ
411 5154 540 5224 θείῳ
575 5151 940 5207 συνάπτεσθαι
969 5151 1146 5221 νόμῳ,
1198 5149 1290 5202 διὰ
1325 5147 1556 5219 μελέτης
1588 5146 1688 5217 τὴν

139 5244 332 5314 ἀπλανῆ
372 5247 596 5317 πορείαν
643 5245 857 5307 ἑαυτοῖς
890 5241 1373 5314 κατορθώσαντας,
1406 5239 1482 5304 ὡς
1515 5239 1582 5293 ἂν
1609 5241 1695 5311 ep-

139 5335 370 5406 ρςζωθείη
397 5335 566 5406 φυτοῦ
587 5335 743 5406 δίκην
767 5335 950 5398 αὐτοῖς
974 5336 1008 5405 ἡ
1033 5332 1166 5406 πρὸς
1195 5331 1256 5386 τὸ
1285 5335 1530 5402 κρεῖττον
1558 5330 1698 5404 ἕξις,

199 5517 299 5590 (ei)
331 5519 493 5590 Forte
515 5518 846 5590 προτροπὴν.

197 5587 298 5659 (58)
344 5587 849 5659 Ἀποδεικνυμένην,
881 5589 969 5647 ed.

199 5657 300 5728 (εν)
327 5659 490 5714 Πέντε
517 5675 628 5718 om.
656 5657 724 5715 ed

1798 4513 2016 4576 tempus
2043 4523 2190 4562 nunc
2211 4509 2400 4577 exigit,
2431 4517 2491 4562 ut
2514 4510 2706 4578 paucis
2730 4509 3091 4566 deelaremus.
3117 4512 3170 4566 In
3195 4515 3378 4583 prima-

1801 4605 1956 4668 partc
2004 4597 2228 4651 abducit
2272 4613 2368 4652 eos
2415 4599 2508 4668 qui
2562 4601 2808 4669 improbe
2851 4601 3058 4666 vivunt,
3111 4603 3180 4656 ab
3225 4603 3378 4658 inani

1799 4690 2148 4760 absurdeque
2185 4689 2418 4754 fallacia,
2469 4691 2742 4760 simulque
2783 4691 2849 4745 ad
2894 4693 3116 4747 meliora
3157 4703 3380 4750 sectan-

1795 4781 1864 4836 da
1929 4781 2146 4844 invitat,
2212 4789 2270 4834 ut
2325 4781 2402 4834 nil
2463 4782 2698 4851 amplius
2761 4783 3048 4852 impiorum
3105 4784 3376 4854 deceptio-

1794 4873 1960 4927 nibus
1989 4871 2276 4941 adjiciant,
2310 4888 2490 4942 neque
2523 4887 2730 4943 aspera:
2760 4885 3108 4943 peccatorum
3140 4877 3238 4929 viae
3267 4876 3375 4930 im-

1795 4979 1986 5034 presso
2020 4964 2250 5034 vestigio
2283 4963 2516 5020 ﬁrmiter
2540 4965 2816 5030 insistant,
2846 4983 3024 5036 neque
3065 4967 3370 5032 immotam,

1793 5057 2314 5124 corroboratamque
2365 5058 2631 5112 malitiam
2682 5059 2784 5114 sibi
2845 5075 3036 5128 parere
3088 5059 3370 5126 studeant,

1796 5149 1892 5203 sed
1923 5159 1980 5202 ul
2007 5149 2178 5218 legem
2213 5147 2306 5203 Dei
2343 5150 2778 5219 apprehendant,
2804 5151 3202 5221 diligenterque
3225 5151 3369 5205 viam

1794 5241 2001 5294 erroris
2030 5248 2310 5311 expertem
2337 5241 2440 5296 sibi
2475 5242 2746 5306 muniant,
2783 5251 2844 5296 ut
2875 5242 3136 5297 habitudo
3168 5252 3221 5298 et
3253 5259 3374 5314 pro-

1795 5334 1986 5402 pensio
2038 5333 2106 5386 ad
2158 5333 2361 5387 bonum
2413 5333 2466 5387 in
2519 5335 2655 5405 ipsis
2692 5337 2891 5405 planta:
2940 5335 3118 5394 instar
3155 5335 3372 5394 radices

1869 5514 1982 5582 (60)
2005 5517 2128 5576 Τόν,
2158 5517 2244 5572 ed.

1869 5585 1978 5654 (6|)
1998 5587 2108 5639 Καὶ
2138 5588 2250 5651 ἐπί,
2282 5587 2368 5642 ed.

1873 5654 1984 5725 (62)
2028 5657 2512 5730 Ἐπισωρεύεσθαι,
2540 5660 2626 5716 ed.
