  <div class='ocr_page' id='page_1' title='image "/cluster/home/n/w/nwhite01/storage/ocr_20150623/44/nnc1.0037127462/237.png"; bbox 0 0 3838 6224; ppageno 0'>
   <div class='ocr_carea' id='block_1_1' title="bbox 390 258 489 316">
    <p class='ocr_par' dir='ltr' id='par_1_1' title="bbox 390 258 489 316">
     <span class='ocr_line' id='line_1_1' title="bbox 390 258 489 316; baseline -0.051 0"><span class='ocrx_word' id='word_1_1' title='bbox 390 258 489 316; x_wconf 59' lang='lat' dir='ltr'><strong>“il</strong></span> 
     </span>
    </p>
   </div>
   <div class='ocr_carea' id='block_1_2' title="bbox 1632 248 2401 308">
    <p class='ocr_par' dir='ltr' id='par_1_2' title="bbox 1632 248 2401 308">
     <span class='ocr_line' id='line_1_2' title="bbox 1632 248 2401 308; baseline -0.003 -1"><span class='ocrx_word' id='word_1_2' title='bbox 1632 253 1688 307; x_wconf 86' lang='lat' dir='ltr'><strong>S.</strong></span> <span class='ocrx_word' id='word_1_3' title='bbox 1733 249 2063 308; x_wconf 77' lang='lat' dir='ltr'><strong>GREGORII</strong></span> <span class='ocrx_word' id='word_1_4' title='bbox 2104 248 2401 307; x_wconf 74' lang='lat' dir='ltr'><strong>NYSSEM</strong></span> 
     </span>
    </p>
   </div>
   <div class='ocr_carea' id='block_1_3' title="bbox 3545 253 3656 309">
    <p class='ocr_par' dir='ltr' id='par_1_3' title="bbox 3545 253 3656 309">
     <span class='ocr_line' id='line_1_3' title="bbox 3545 253 3656 309; baseline -0.018 0"><span class='ocrx_word' id='word_1_5' title='bbox 3545 253 3656 309; x_wconf 68' lang='grc' dir='ltr'><strong>ιεε</strong></span> 
     </span>
    </p>
   </div>
   <div class='ocr_carea' id='block_1_4' title="bbox 391 365 1966 444">
    <p class='ocr_par' dir='ltr' id='par_1_4' title="bbox 391 372 1966 444">
     <span class='ocr_line' id='line_1_4' title="bbox 391 372 1966 444; baseline 0 -19"><span class='ocrx_word' id='word_1_6' title='bbox 391 380 550 444; x_wconf 72' lang='lat' dir='ltr'><strong>agat;</strong></span> <span class='ocrx_word' id='word_1_7' title='bbox 588 385 815 429; x_wconf 80' lang='lat' dir='ltr'><strong>accessu</strong></span> <span class='ocrx_word' id='word_1_8' title='bbox 852 381 906 427; x_wconf 91' lang='lat' dir='ltr'><strong>et</strong></span> <span class='ocrx_word' id='word_1_9' title='bbox 932 374 1182 444; x_wconf 83' lang='lat' dir='ltr'><strong>ingressu</strong></span> <span class='ocrx_word' id='word_1_10' title='bbox 1210 372 1277 428; x_wconf 84' lang='lat' dir='ltr'><strong>ad</strong></span> <span class='ocrx_word' id='word_1_11' title='bbox 1313 379 1545 435; x_wconf 87' lang='lat' dir='ltr'><strong>rectum,</strong></span> <span class='ocrx_word' id='word_1_12' title='bbox 1577 372 1670 441; x_wconf 88' lang='lat' dir='ltr'><strong>qui</strong></span> <span class='ocrx_word' id='word_1_13' title='bbox 1709 372 1844 426; x_wconf 87' lang='lat' dir='ltr'><strong>nihil</strong></span> <span class='ocrx_word' id='word_1_14' title='bbox 1881 380 1966 425; x_wconf 88' lang='lat' dir='ltr'><strong>est</strong></span> 
     </span>
    </p>
   </div>
   <div class='ocr_carea' id='block_1_5' title="bbox 2071 365 3653 444">
    <p class='ocr_par' dir='ltr' id='par_1_5' title="bbox 2071 365 3653 442">
     <span class='ocr_line' id='line_1_5' title="bbox 2071 365 3653 442; baseline 0.001 -18"><span class='ocrx_word' id='word_1_15' title='bbox 2071 375 2190 436; x_wconf 76' lang='grc' dir='ltr'>ταῖς</span> <span class='ocrx_word' id='word_1_16' title='bbox 2242 371 2413 434; x_wconf 81' lang='grc' dir='ltr'><strong>θείαις</strong></span> <span class='ocrx_word' id='word_1_17' title='bbox 2465 369 2831 434; x_wconf 67' lang='grc' dir='ltr'><strong>διδασκαλίαις</strong></span> <span class='ocrx_word' id='word_1_18' title='bbox 2875 370 3217 442; x_wconf 79' lang='grc' dir='ltr'>ἐπαρδομένη</span> <span class='ocrx_word' id='word_1_19' title='bbox 3258 368 3421 440; x_wconf 74' lang='grc'><strong>(62⁸).</strong></span> <span class='ocrx_word' id='word_1_20' title='bbox 3456 370 3523 424; x_wconf 86' lang='grc' dir='ltr'><strong><em>Ἥ</em></strong></span> <span class='ocrx_word' id='word_1_21' title='bbox 3554 365 3653 426; x_wconf 65' lang='grc' dir='ltr'>οὖν</span> 
     </span>
    </p>
   </div>
   <div class='ocr_carea' id='block_1_6' title="bbox 376 463 1965 536">
    <p class='ocr_par' dir='ltr' id='par_1_6' title="bbox 376 463 1965 536">
     <span class='ocr_line' id='line_1_6' title="bbox 376 463 1965 536; baseline -0.004 -13"><span class='ocrx_word' id='word_1_22' title='bbox 376 466 538 523; x_wconf 82' lang='lat' dir='ltr'><strong>-alind</strong></span> <span class='ocrx_word' id='word_1_23' title='bbox 582 481 747 536; x_wconf 86' lang='lat' dir='ltr'><strong>quam</strong></span> <span class='ocrx_word' id='word_1_24' title='bbox 782 480 1037 522; x_wconf 83' lang='lat' dir='ltr'><strong>recessus</strong></span> <span class='ocrx_word' id='word_1_25' title='bbox 1068 480 1099 519; x_wconf 88' lang='lat' dir='ltr'><strong>a</strong></span> <span class='ocrx_word' id='word_1_26' title='bbox 1134 466 1434 526; x_wconf 89' lang='lat' dir='ltr'><strong>contrario,</strong></span> <span class='ocrx_word' id='word_1_27' title='bbox 1482 478 1578 534; x_wconf 75' lang='lat' dir='ltr'><strong>per</strong></span> <span class='ocrx_word' id='word_1_28' title='bbox 1605 478 1766 533; x_wconf 89' lang='lat' dir='ltr'><strong>quem</strong></span> <span class='ocrx_word' id='word_1_29' title='bbox 1797 463 1965 519; x_wconf 79' lang='lat' dir='ltr'><strong>elfici-</strong></span> 
     </span>
    </p>
   </div>
   <div class='ocr_carea' id='block_1_7' title="bbox 389 557 1680 630">
    <p class='ocr_par' dir='ltr' id='par_1_7' title="bbox 389 557 1680 630">
     <span class='ocr_line' id='line_1_7' title="bbox 389 557 1680 630; baseline -0.005 -15"><span class='ocrx_word' id='word_1_30' title='bbox 389 569 480 617; x_wconf 89' lang='lat' dir='ltr'><strong>tur</strong></span> <span class='ocrx_word' id='word_1_31' title='bbox 514 560 641 630; x_wconf 89' lang='lat' dir='ltr'><strong>quis</strong></span> <span class='ocrx_word' id='word_1_32' title='bbox 680 574 861 614; x_wconf 91' lang='lat' dir='ltr'><strong>rerum</strong></span> <span class='ocrx_word' id='word_1_33' title='bbox 894 557 1333 630; x_wconf 59' lang='lat' dir='ltr'><strong>prastantiorum</strong></span> <span class='ocrx_word' id='word_1_34' title='bbox 1386 557 1680 627; x_wconf 75' lang='lat' dir='ltr'><strong>particeps.</strong></span> 
     </span>
    </p>
   </div>
   <div class='ocr_carea' id='block_1_8' title="bbox 459 690 1966 762">
    <p class='ocr_par' dir='ltr' id='par_1_8' title="bbox 459 690 1966 762">
     <span class='ocr_line' id='line_1_8' title="bbox 459 690 1966 762; baseline 0 -16"><span class='ocrx_word' id='word_1_35' title='bbox 459 693 530 746; x_wconf 85' lang='lat' dir='ltr'><strong>At</strong></span> <span class='ocrx_word' id='word_1_36' title='bbox 550 693 643 762; x_wconf 92' lang='lat' dir='ltr'><strong>qui</strong></span> <span class='ocrx_word' id='word_1_37' title='bbox 665 691 779 761; x_wconf 89' lang='lat' dir='ltr'><strong>jam</strong></span> <span class='ocrx_word' id='word_1_38' title='bbox 803 691 1062 748; x_wconf 74' lang='lat' dir='ltr'><strong>virtutem</strong></span> <span class='ocrx_word' id='word_1_39' title='bbox 1086 691 1416 762; x_wconf 85' lang='lat' dir='ltr'><strong>degustavit,</strong></span> <span class='ocrx_word' id='word_1_40' title='bbox 1450 690 1781 762; x_wconf 89' lang='lat' dir='ltr'><strong>propriaque</strong></span> <span class='ocrx_word' id='word_1_41' title='bbox 1808 705 1966 761; x_wconf 81' lang='lat' dir='ltr'><strong>expe-</strong></span> 
     </span>
    </p>
   </div>
   <div class='ocr_carea' id='block_1_9' title="bbox 388 783 1964 853">
    <p class='ocr_par' dir='ltr' id='par_1_9' title="bbox 388 783 1964 853">
     <span class='ocr_line' id='line_1_9' title="bbox 388 783 1964 853; baseline -0.001 -13"><span class='ocrx_word' id='word_1_42' title='bbox 388 784 584 840; x_wconf 87' lang='lat' dir='ltr'><strong>rientia</strong></span> <span class='ocrx_word' id='word_1_43' title='bbox 617 784 746 840; x_wconf 89' lang='lat' dir='ltr'><strong>boni</strong></span> <span class='ocrx_word' id='word_1_44' title='bbox 783 791 1038 839; x_wconf 88' lang='lat' dir='ltr'><strong>naturam</strong></span> <span class='ocrx_word' id='word_1_45' title='bbox 1069 784 1291 851; x_wconf 87' lang='lat' dir='ltr'><strong>didicit,</strong></span> <span class='ocrx_word' id='word_1_46' title='bbox 1332 784 1424 839; x_wconf 89' lang='lat' dir='ltr'><strong>ille</strong></span> <span class='ocrx_word' id='word_1_47' title='bbox 1469 799 1579 839; x_wconf 87' lang='lat' dir='ltr'><strong>non</strong></span> <span class='ocrx_word' id='word_1_48' title='bbox 1610 791 1695 839; x_wconf 89' lang='lat' dir='ltr'><strong>est</strong></span> <span class='ocrx_word' id='word_1_49' title='bbox 1727 783 1964 853; x_wconf 85' lang='lat' dir='ltr'><strong>amplius</strong></span> 
     </span>
    </p>
   </div>
   <div class='ocr_carea' id='block_1_10' title="bbox 390 873 1967 947">
    <p class='ocr_par' dir='ltr' id='par_1_10' title="bbox 390 873 1967 947">
     <span class='ocr_line' id='line_1_10' title="bbox 390 873 1967 947; baseline -0.004 -14"><span class='ocrx_word' id='word_1_50' title='bbox 390 878 464 933; x_wconf 86' lang='lat' dir='ltr'><strong>ita</strong></span> <span class='ocrx_word' id='word_1_51' title='bbox 492 885 869 947; x_wconf 86' lang='lat' dir='ltr'><strong>comparatus,</strong></span> <span class='ocrx_word' id='word_1_52' title='bbox 899 885 955 930; x_wconf 88' lang='lat' dir='ltr'><strong>ut</strong></span> <span class='ocrx_word' id='word_1_53' title='bbox 986 890 1215 931; x_wconf 87' lang='lat' dir='ltr'><strong>necesse</strong></span> <span class='ocrx_word' id='word_1_54' title='bbox 1243 875 1316 930; x_wconf 88' lang='lat' dir='ltr'><strong>sit</strong></span> <span class='ocrx_word' id='word_1_55' title='bbox 1347 888 1471 929; x_wconf 91' lang='lat' dir='ltr'><strong>eum</strong></span> <span class='ocrx_word' id='word_1_56' title='bbox 1504 874 1690 928; x_wconf 89' lang='lat' dir='ltr'><strong>multis</strong></span> <span class='ocrx_word' id='word_1_57' title='bbox 1711 873 1967 929; x_wconf 90' lang='lat' dir='ltr'><strong>cohorta-</strong></span> 
     </span>
    </p>
   </div>
   <div class='ocr_carea' id='block_1_11' title="bbox 388 964 1964 1028">
    <p class='ocr_par' dir='ltr' id='par_1_11' title="bbox 388 964 1964 1028">
     <span class='ocr_line' id='line_1_11' title="bbox 388 964 1964 1028; baseline -0.003 -5"><span class='ocrx_word' id='word_1_58' title='bbox 388 970 632 1024; x_wconf 83' lang='lat' dir='ltr'><strong>tionibus</strong></span> <span class='ocrx_word' id='word_1_59' title='bbox 652 970 722 1024; x_wconf 88' lang='lat' dir='ltr'><strong>ab</strong></span> <span class='ocrx_word' id='word_1_60' title='bbox 741 967 1120 1022; x_wconf 82' lang='lat' dir='ltr'><strong>affectionibus</strong></span> <span class='ocrx_word' id='word_1_61' title='bbox 1142 966 1301 1021; x_wconf 90' lang='lat' dir='ltr'><strong>malis</strong></span> <span class='ocrx_word' id='word_1_62' title='bbox 1321 966 1661 1028; x_wconf 85' lang='lat' dir='ltr'><strong>abstrahere,</strong></span> <span class='ocrx_word' id='word_1_63' title='bbox 1682 973 1737 1020; x_wconf 88' lang='lat' dir='ltr'><strong>et</strong></span> <span class='ocrx_word' id='word_1_64' title='bbox 1759 965 1825 1020; x_wconf 91' lang='lat' dir='ltr'><strong>ad</strong></span> <span class='ocrx_word' id='word_1_65' title='bbox 1849 964 1964 1018; x_wconf 90' lang='lat' dir='ltr'><strong>vir-</strong></span> 
     </span>
    </p>
   </div>
   <div class='ocr_carea' id='block_1_12' title="bbox 389 1056 1963 1128">
    <p class='ocr_par' dir='ltr' id='par_1_12' title="bbox 389 1056 1963 1128">
     <span class='ocr_line' id='line_1_12' title="bbox 389 1056 1963 1128; baseline -0.003 -14"><span class='ocrx_word' id='word_1_66' title='bbox 389 1068 559 1115; x_wconf 90' lang='lat' dir='ltr'><strong>tutem</strong></span> <span class='ocrx_word' id='word_1_67' title='bbox 581 1061 845 1127; x_wconf 86' lang='lat' dir='ltr'><strong>incitare;</strong></span> <span class='ocrx_word' id='word_1_68' title='bbox 871 1059 965 1114; x_wconf 93' lang='lat' dir='ltr'><strong>sed</strong></span> <span class='ocrx_word' id='word_1_69' title='bbox 993 1059 1111 1128; x_wconf 87' lang='lat' dir='ltr'><strong>ipse</strong></span> <span class='ocrx_word' id='word_1_70' title='bbox 1140 1059 1228 1113; x_wconf 89' lang='lat' dir='ltr'><strong>siti</strong></span> <span class='ocrx_word' id='word_1_71' title='bbox 1256 1056 1491 1127; x_wconf 87' lang='lat' dir='ltr'><strong>quadam</strong></span> <span class='ocrx_word' id='word_1_72' title='bbox 1515 1057 1643 1111; x_wconf 92' lang='lat' dir='ltr'><strong>boni</strong></span> <span class='ocrx_word' id='word_1_73' title='bbox 1668 1066 1722 1113; x_wconf 92' lang='lat' dir='ltr'><strong>et</strong></span> <span class='ocrx_word' id='word_1_74' title='bbox 1745 1057 1963 1112; x_wconf 80' lang='lat' dir='ltr'><strong>honesti</strong></span> 
     </span>
    </p>
   </div>
   <div class='ocr_carea' id='block_1_13' title="bbox 388 1148 1966 1222">
    <p class='ocr_par' dir='ltr' id='par_1_13' title="bbox 388 1148 1966 1222">
     <span class='ocr_line' id='line_1_13' title="bbox 388 1148 1966 1222; baseline -0.001 -16"><span class='ocrx_word' id='word_1_75' title='bbox 388 1153 544 1222; x_wconf 86' lang='lat' dir='ltr'><strong>quasi</strong></span> <span class='ocrx_word' id='word_1_76' title='bbox 573 1160 790 1207; x_wconf 75' lang='lat' dir='ltr'><strong>:estuat.</strong></span> <span class='ocrx_word' id='word_1_77' title='bbox 821 1148 1154 1220; x_wconf 91' lang='lat' dir='ltr'><strong>Cupiditatis</strong></span> <span class='ocrx_word' id='word_1_78' title='bbox 1182 1150 1328 1205; x_wconf 91' lang='lat' dir='ltr'><strong>enim</strong></span> <span class='ocrx_word' id='word_1_79' title='bbox 1351 1148 1752 1205; x_wconf 86' lang='lat' dir='ltr'><strong>vehementiam</strong></span> <span class='ocrx_word' id='word_1_80' title='bbox 1780 1156 1836 1203; x_wconf 89' lang='lat' dir='ltr'><strong>et</strong></span> <span class='ocrx_word' id='word_1_81' title='bbox 1855 1149 1966 1204; x_wconf 92' lang='lat' dir='ltr'><strong>vio-</strong></span> 
     </span>
    </p>
   </div>
   <div class='ocr_carea' id='block_1_14' title="bbox 293 1241 1964 1313">
    <p class='ocr_par' dir='ltr' id='par_1_14' title="bbox 293 1241 1964 1313">
     <span class='ocr_line' id='line_1_14' title="bbox 293 1241 1964 1313; baseline -0.002 -14"><span class='ocrx_word' id='word_1_82' title='bbox 293 1244 311 1255; x_wconf 81' lang='grc'><em>“</em></span> <span class='ocrx_word' id='word_1_83' title='bbox 390 1246 614 1299; x_wconf 90' lang='lat' dir='ltr'><strong>lentiam</strong></span> <span class='ocrx_word' id='word_1_84' title='bbox 640 1243 732 1300; x_wconf 89' lang='lat' dir='ltr'><strong>siti</strong></span> <span class='ocrx_word' id='word_1_85' title='bbox 755 1250 1040 1313; x_wconf 89' lang='lat' dir='ltr'><strong>comparat</strong></span> <span class='ocrx_word' id='word_1_86' title='bbox 1062 1241 1406 1298; x_wconf 85' lang='lat' dir='ltr'><strong>Psalmorum</strong></span> <span class='ocrx_word' id='word_1_87' title='bbox 1441 1243 1693 1312; x_wconf 83' lang='lat' dir='ltr'><strong>scriptor,</strong></span> <span class='ocrx_word' id='word_1_88' title='bbox 1729 1241 1964 1296; x_wconf 86' lang='lat' dir='ltr'><strong>adducta</strong></span> 
     </span>
    </p>
   </div>
   <div class='ocr_carea' id='block_1_15' title="bbox 307 1330 1967 1401">
    <p class='ocr_par' dir='ltr' id='par_1_15' title="bbox 307 1330 1967 1401">
     <span class='ocr_line' id='line_1_15' title="bbox 307 1330 1967 1401; baseline -0.002 -13"><span class='ocrx_word' id='word_1_89' title='bbox 307 1383 311 1388; x_wconf 90' lang='lat'><strong>.</strong></span> <span class='ocrx_word' id='word_1_90' title='bbox 388 1332 832 1388; x_wconf 89' lang='lat' dir='ltr'><strong>siticulosissima</strong></span> <span class='ocrx_word' id='word_1_91' title='bbox 865 1346 986 1401; x_wconf 71' lang='lat' dir='ltr'><strong>qua:</strong></span> <span class='ocrx_word' id='word_1_92' title='bbox 1018 1331 1074 1385; x_wconf 90' lang='lat' dir='ltr'><strong>in</strong></span> <span class='ocrx_word' id='word_1_93' title='bbox 1121 1330 1494 1385; x_wconf 85' lang='lat' dir='ltr'><strong>animantibus</strong></span> <span class='ocrx_word' id='word_1_94' title='bbox 1526 1338 1609 1386; x_wconf 86' lang='lat' dir='ltr'><strong>est</strong></span> <span class='ocrx_word' id='word_1_95' title='bbox 1647 1339 1866 1396; x_wconf 88' lang='lat' dir='ltr'><strong>natura,</strong></span> <span class='ocrx_word' id='word_1_96' title='bbox 1905 1341 1967 1384; x_wconf 86' lang='lat' dir='ltr'><strong>ut</strong></span> 
     </span>
    </p>
   </div>
   <div class='ocr_carea' id='block_1_16' title="bbox 387 1423 1965 1494">
    <p class='ocr_par' dir='ltr' id='par_1_16' title="bbox 387 1423 1965 1494">
     <span class='ocr_line' id='line_1_16' title="bbox 387 1423 1965 1494; baseline 0 -17"><span class='ocrx_word' id='word_1_97' title='bbox 387 1423 626 1478; x_wconf 80' lang='lat' dir='ltr'><strong>maxime</strong></span> <span class='ocrx_word' id='word_1_98' title='bbox 658 1424 819 1478; x_wconf 91' lang='lat' dir='ltr'><strong>nobis</strong></span> <span class='ocrx_word' id='word_1_99' title='bbox 858 1423 928 1477; x_wconf 92' lang='lat' dir='ltr'><strong>ob</strong></span> <span class='ocrx_word' id='word_1_100' title='bbox 958 1423 1148 1476; x_wconf 91' lang='lat' dir='ltr'><strong>oculos</strong></span> <span class='ocrx_word' id='word_1_101' title='bbox 1199 1433 1365 1491; x_wconf 88' lang='lat' dir='ltr'><strong>ponat</strong></span> <span class='ocrx_word' id='word_1_102' title='bbox 1417 1424 1777 1478; x_wconf 89' lang='lat' dir='ltr'><strong>iuteusionem</strong></span> <span class='ocrx_word' id='word_1_103' title='bbox 1813 1424 1965 1494; x_wconf 86' lang='lat' dir='ltr'><strong>cupi-</strong></span> 
     </span>
    </p>
   </div>
   <div class='ocr_carea' id='block_1_17' title="bbox 388 1498 1963 1584">
    <p class='ocr_par' dir='ltr' id='par_1_17' title="bbox 388 1498 1963 1584">
     <span class='ocr_line' id='line_1_17' title="bbox 388 1498 1963 1584; baseline -0.001 -14"><span class='ocrx_word' id='word_1_104' title='bbox 388 1515 580 1570; x_wconf 86' lang='lat' dir='ltr'><strong>ditatis</strong></span> <span class='ocrx_word' id='word_1_105' title='bbox 607 1530 703 1584; x_wconf 92' lang='lat' dir='ltr'><strong>per</strong></span> <span class='ocrx_word' id='word_1_106' title='bbox 740 1514 965 1577; x_wconf 86' lang='lat' dir='ltr'><strong>animal,</strong></span> <span class='ocrx_word' id='word_1_107' title='bbox 1000 1498 1145 1583; x_wconf 88' lang='lat' dir='ltr'><strong>quod</strong></span> <span class='ocrx_word' id='word_1_108' title='bbox 1174 1526 1339 1582; x_wconf 87' lang='lat' dir='ltr'><strong>supra</strong></span> <span class='ocrx_word' id='word_1_109' title='bbox 1367 1512 1590 1567; x_wconf 90' lang='lat' dir='ltr'><strong>modum</strong></span> <span class='ocrx_word' id='word_1_110' title='bbox 1622 1514 1714 1568; x_wconf 90' lang='lat' dir='ltr'><strong>siti</strong></span> <span class='ocrx_word' id='word_1_111' title='bbox 1748 1515 1963 1569; x_wconf 87' lang='lat' dir='ltr'><strong>crucia-</strong></span> 
     </span>
    </p>
   </div>
   <div class='ocr_carea' id='block_1_18' title="bbox 387 1605 1962 1673">
    <p class='ocr_par' dir='ltr' id='par_1_18' title="bbox 387 1605 1962 1673">
     <span class='ocr_line' id='line_1_18' title="bbox 387 1605 1962 1673; baseline 0 -13"><span class='ocrx_word' id='word_1_112' title='bbox 387 1613 481 1661; x_wconf 87' lang='lat' dir='ltr'><strong>tur</strong></span> <span class='ocrx_word' id='word_1_113' title='bbox 522 1618 576 1661; x_wconf 90' lang='lat' dir='ltr'><strong>et</strong></span> <span class='ocrx_word' id='word_1_114' title='bbox 610 1606 798 1673; x_wconf 88' lang='lat' dir='ltr'><strong>ardet;</strong></span> <span class='ocrx_word' id='word_1_115' title='bbox 839 1606 947 1661; x_wconf 85' lang='lat' dir='ltr'><strong>hoc</strong></span> <span class='ocrx_word' id='word_1_116' title='bbox 989 1614 1171 1659; x_wconf 86' lang='lat' dir='ltr'><strong>autem</strong></span> <span class='ocrx_word' id='word_1_117' title='bbox 1207 1605 1411 1658; x_wconf 85' lang='lat' dir='ltr'><strong>animal</strong></span> <span class='ocrx_word' id='word_1_118' title='bbox 1441 1619 1633 1661; x_wconf 81' lang='lat' dir='ltr'><strong>cervus</strong></span> <span class='ocrx_word' id='word_1_119' title='bbox 1654 1613 1739 1661; x_wconf 91' lang='lat' dir='ltr'><strong>est</strong></span> <span class='ocrx_word' id='word_1_120' title='bbox 1767 1605 1828 1660; x_wconf 64' lang='grc' dir='ltr'><strong>δι</strong></span> <span class='ocrx_word' id='word_1_121' title='bbox 1872 1605 1962 1660; x_wconf 76' lang='lat' dir='ltr'><strong>cui</strong></span> 
     </span>
    </p>
   </div>
   <div class='ocr_carea' id='block_1_19' title="bbox 389 1695 1964 1761">
    <p class='ocr_par' dir='ltr' id='par_1_19' title="bbox 389 1695 1964 1761">
     <span class='ocr_line' id='line_1_19' title="bbox 389 1695 1964 1761; baseline -0.002 -9"><span class='ocrx_word' id='word_1_122' title='bbox 389 1699 739 1761; x_wconf 80' lang='lat' dir='ltr'><strong>consuetum,</strong></span> <span class='ocrx_word' id='word_1_123' title='bbox 768 1703 1161 1752; x_wconf 85' lang='lat' dir='ltr'><strong>venenatarum</strong></span> <span class='ocrx_word' id='word_1_124' title='bbox 1188 1695 1489 1752; x_wconf 75' lang='lat' dir='ltr'><strong>bestiarum</strong></span> <span class='ocrx_word' id='word_1_125' title='bbox 1515 1696 1698 1751; x_wconf 78' lang='lat' dir='ltr'><strong>cibatu</strong></span> <span class='ocrx_word' id='word_1_126' title='bbox 1727 1697 1872 1752; x_wconf 81' lang='lat' dir='ltr'><strong>vesci</strong></span> <span class='ocrx_word' id='word_1_127' title='bbox 1907 1703 1964 1751; x_wconf 91' lang='lat' dir='ltr'><strong>et</strong></span> 
     </span>
    </p>
   </div>
   <div class='ocr_carea' id='block_1_20' title="bbox 388 1783 1963 1860">
    <p class='ocr_par' dir='ltr' id='par_1_20' title="bbox 388 1783 1963 1860">
     <span class='ocr_line' id='line_1_20' title="bbox 388 1783 1963 1860; baseline 0.001 -19"><span class='ocrx_word' id='word_1_128' title='bbox 388 1788 787 1860; x_wconf 78' lang='lat' dir='ltr'><strong>pinguescere;</strong></span> <span class='ocrx_word' id='word_1_129' title='bbox 833 1786 998 1841; x_wconf 86' lang='lat' dir='ltr'><strong>calidi</strong></span> <span class='ocrx_word' id='word_1_130' title='bbox 1032 1802 1166 1842; x_wconf 91' lang='lat' dir='ltr'><strong>vero</strong></span> <span class='ocrx_word' id='word_1_131' title='bbox 1190 1794 1244 1842; x_wconf 87' lang='lat' dir='ltr'><strong>et</strong></span> <span class='ocrx_word' id='word_1_132' title='bbox 1284 1787 1438 1858; x_wconf 79' lang='lat' dir='ltr'><strong>igniti</strong></span> <span class='ocrx_word' id='word_1_133' title='bbox 1486 1793 1617 1842; x_wconf 85' lang='lat' dir='ltr'><strong>sunt</strong></span> <span class='ocrx_word' id='word_1_134' title='bbox 1646 1783 1963 1857; x_wconf 77' lang='lat' dir='ltr'><strong>huiusmodi</strong></span> 
     </span>
    </p>
   </div>
   <div class='ocr_carea' id='block_1_21' title="bbox 391 1879 1965 1951">
    <p class='ocr_par' dir='ltr' id='par_1_21' title="bbox 391 1879 1965 1951">
     <span class='ocr_line' id='line_1_21' title="bbox 391 1879 1965 1951; baseline 0.001 -18"><span class='ocrx_word' id='word_1_135' title='bbox 391 1881 709 1934; x_wconf 85' lang='lat' dir='ltr'><strong>animalium</strong></span> <span class='ocrx_word' id='word_1_136' title='bbox 747 1879 933 1946; x_wconf 90' lang='lat' dir='ltr'><strong>succi;</strong></span> <span class='ocrx_word' id='word_1_137' title='bbox 974 1879 1176 1951; x_wconf 88' lang='lat' dir='ltr'><strong>quibus</strong></span> <span class='ocrx_word' id='word_1_138' title='bbox 1222 1879 1590 1950; x_wconf 80' lang='lat' dir='ltr'><strong>ingurgitatus</strong></span> <span class='ocrx_word' id='word_1_139' title='bbox 1636 1893 1857 1942; x_wconf 87' lang='lat' dir='ltr'><strong>cervus,</strong></span> <span class='ocrx_word' id='word_1_140' title='bbox 1905 1879 1965 1934; x_wconf 87' lang='lat' dir='ltr'><strong>fit</strong></span> 
     </span>
    </p>
   </div>
   <div class='ocr_carea' id='block_1_22' title="bbox 392 1969 1963 2039">
    <p class='ocr_par' dir='ltr' id='par_1_22' title="bbox 392 1969 1963 2039">
     <span class='ocr_line' id='line_1_22' title="bbox 392 1969 1963 2039; baseline 0 -13"><span class='ocrx_word' id='word_1_141' title='bbox 392 1970 704 2026; x_wconf 89' lang='lat' dir='ltr'><strong>necessario</strong></span> <span class='ocrx_word' id='word_1_142' title='bbox 734 1969 962 2037; x_wconf 88' lang='lat' dir='ltr'><strong>aridior,</strong></span> <span class='ocrx_word' id='word_1_143' title='bbox 996 1970 1188 2024; x_wconf 88' lang='lat' dir='ltr'><strong>talium</strong></span> <span class='ocrx_word' id='word_1_144' title='bbox 1225 1970 1542 2024; x_wconf 90' lang='lat' dir='ltr'><strong>animalium</strong></span> <span class='ocrx_word' id='word_1_145' title='bbox 1584 1984 1771 2029; x_wconf 89' lang='lat' dir='ltr'><strong>succo.</strong></span> <span class='ocrx_word' id='word_1_146' title='bbox 1803 1970 1963 2039; x_wconf 90' lang='lat' dir='ltr'><strong>quasi</strong></span> 
     </span>
    </p>
   </div>
   <div class='ocr_carea' id='block_1_23' title="bbox 388 2058 1963 2130">
    <p class='ocr_par' dir='ltr' id='par_1_23' title="bbox 388 2058 1963 2130">
     <span class='ocr_line' id='line_1_23' title="bbox 388 2058 1963 2130; baseline 0 -16"><span class='ocrx_word' id='word_1_147' title='bbox 388 2059 574 2114; x_wconf 72' lang='lat' dir='ltr'><strong>toxico</strong></span> <span class='ocrx_word' id='word_1_148' title='bbox 595 2058 863 2127; x_wconf 83' lang='lat' dir='ltr'><strong>infectus;</strong></span> <span class='ocrx_word' id='word_1_149' title='bbox 883 2067 936 2115; x_wconf 90' lang='lat' dir='ltr'><strong>et</strong></span> <span class='ocrx_word' id='word_1_150' title='bbox 956 2060 1026 2114; x_wconf 93' lang='lat' dir='ltr'><strong>ob</strong></span> <span class='ocrx_word' id='word_1_151' title='bbox 1043 2061 1096 2114; x_wconf 91' lang='lat' dir='ltr'><strong>id</strong></span> <span class='ocrx_word' id='word_1_152' title='bbox 1114 2061 1491 2115; x_wconf 84' lang='lat' dir='ltr'><strong>vehementius</strong></span> <span class='ocrx_word' id='word_1_153' title='bbox 1512 2064 1717 2130; x_wconf 90' lang='lat' dir='ltr'><strong>appetit</strong></span> <span class='ocrx_word' id='word_1_154' title='bbox 1740 2076 1963 2130; x_wconf 86' lang='lat' dir='ltr'><strong>aquam,</strong></span> 
     </span>
    </p>
   </div>
   <div class='ocr_carea' id='block_1_24' title="bbox 389 2149 1963 2221">
    <p class='ocr_par' dir='ltr' id='par_1_24' title="bbox 389 2149 1963 2221">
     <span class='ocr_line' id='line_1_24' title="bbox 389 2149 1963 2221; baseline 0.001 -17"><span class='ocrx_word' id='word_1_155' title='bbox 389 2159 451 2204; x_wconf 86' lang='lat' dir='ltr'><strong>ut</strong></span> <span class='ocrx_word' id='word_1_156' title='bbox 476 2159 629 2204; x_wconf 90' lang='lat' dir='ltr'><strong>curet</strong></span> <span class='ocrx_word' id='word_1_157' title='bbox 659 2157 903 2203; x_wconf 80' lang='lat' dir='ltr'><strong>exortam</strong></span> <span class='ocrx_word' id='word_1_158' title='bbox 935 2165 1000 2205; x_wconf 82' lang='lat' dir='ltr'><strong>ex</strong></span> <span class='ocrx_word' id='word_1_159' title='bbox 1027 2150 1363 2219; x_wconf 79' lang='lat' dir='ltr'><strong>ejuscemodi</strong></span> <span class='ocrx_word' id='word_1_160' title='bbox 1393 2150 1592 2221; x_wconf 89' lang='lat' dir='ltr'><strong>pabulo</strong></span> <span class='ocrx_word' id='word_1_161' title='bbox 1626 2149 1963 2206; x_wconf 86' lang='lat' dir='ltr'><strong>ariditatem.</strong></span> 
     </span>
    </p>
   </div>
   <div class='ocr_carea' id='block_1_25' title="bbox 389 2239 1964 2312">
    <p class='ocr_par' dir='ltr' id='par_1_25' title="bbox 389 2239 1964 2312">
     <span class='ocr_line' id='line_1_25' title="bbox 389 2239 1964 2312; baseline 0.001 -18"><span class='ocrx_word' id='word_1_162' title='bbox 389 2240 494 2306; x_wconf 83' lang='lat' dir='ltr'><strong>Qui</strong></span> <span class='ocrx_word' id='word_1_163' title='bbox 525 2240 691 2311; x_wconf 76' lang='lat' dir='ltr'><strong>igitur</strong></span> <span class='ocrx_word' id='word_1_164' title='bbox 723 2241 778 2295; x_wconf 90' lang='lat' dir='ltr'><strong>in</strong></span> <span class='ocrx_word' id='word_1_165' title='bbox 807 2241 982 2312; x_wconf 87' lang='lat' dir='ltr'><strong>prima</strong></span> <span class='ocrx_word' id='word_1_166' title='bbox 1013 2239 1353 2296; x_wconf 89' lang='lat' dir='ltr'><strong>Psalmorum</strong></span> <span class='ocrx_word' id='word_1_167' title='bbox 1393 2250 1547 2311; x_wconf 89' lang='lat' dir='ltr'><strong>parte</strong></span> <span class='ocrx_word' id='word_1_168' title='bbox 1591 2243 1757 2295; x_wconf 86' lang='lat' dir='ltr'><strong>vitam</strong></span> <span class='ocrx_word' id='word_1_169' title='bbox 1789 2244 1964 2296; x_wconf 78' lang='lat' dir='ltr'><strong>virtu-</strong></span> 
     </span>
    </p>
   </div>
   <div class='ocr_carea' id='block_1_26' title="bbox 389 2332 1961 2402">
    <p class='ocr_par' dir='ltr' id='par_1_26' title="bbox 389 2332 1961 2402">
     <span class='ocr_line' id='line_1_26' title="bbox 389 2332 1961 2402; baseline 0.001 -16"><span class='ocrx_word' id='word_1_170' title='bbox 389 2335 462 2387; x_wconf 91' lang='lat' dir='ltr'><strong>tis</strong></span> <span class='ocrx_word' id='word_1_171' title='bbox 492 2332 796 2387; x_wconf 84' lang='lat' dir='ltr'><strong>studiosam</strong></span> <span class='ocrx_word' id='word_1_172' title='bbox 827 2333 1128 2397; x_wconf 86' lang='lat' dir='ltr'><strong>inchoavit,</strong></span> <span class='ocrx_word' id='word_1_173' title='bbox 1159 2341 1433 2402; x_wconf 81' lang='lat' dir='ltr'><strong>gustuque</strong></span> <span class='ocrx_word' id='word_1_174' title='bbox 1454 2332 1793 2388; x_wconf 85' lang='lat' dir='ltr'><strong>dulcedinem</strong></span> <span class='ocrx_word' id='word_1_175' title='bbox 1820 2334 1961 2402; x_wconf 78' lang='lat' dir='ltr'><strong>ejus,</strong></span> 
     </span>
    </p>
   </div>
   <div class='ocr_carea' id='block_1_27' title="bbox 389 2423 1966 2494">
    <p class='ocr_par' dir='ltr' id='par_1_27' title="bbox 389 2423 1966 2494">
     <span class='ocr_line' id='line_1_27' title="bbox 389 2423 1966 2494; baseline 0.001 -18"><span class='ocrx_word' id='word_1_176' title='bbox 389 2424 537 2494; x_wconf 87' lang='lat' dir='ltr'><strong>quod</strong></span> <span class='ocrx_word' id='word_1_177' title='bbox 568 2423 846 2480; x_wconf 87' lang='lat' dir='ltr'><strong>desiderat</strong></span> <span class='ocrx_word' id='word_1_178' title='bbox 881 2424 1176 2490; x_wconf 73' lang='lat' dir='ltr'><strong>cognovit;</strong></span> <span class='ocrx_word' id='word_1_179' title='bbox 1235 2435 1287 2478; x_wconf 86' lang='lat' dir='ltr'><strong>et</strong></span> <span class='ocrx_word' id='word_1_180' title='bbox 1325 2439 1541 2478; x_wconf 79' lang='lat' dir='ltr'><strong>omnem</strong></span> <span class='ocrx_word' id='word_1_181' title='bbox 1574 2425 1731 2494; x_wconf 89' lang='lat' dir='ltr'><strong>quasi</strong></span> <span class='ocrx_word' id='word_1_182' title='bbox 1772 2441 1966 2493; x_wconf 83' lang='lat' dir='ltr'><strong>repen-</strong></span> 
     </span>
    </p>
   </div>
   <div class='ocr_carea' id='block_1_28' title="bbox 390 2515 1962 2585">
    <p class='ocr_par' dir='ltr' id='par_1_28' title="bbox 390 2515 1962 2585">
     <span class='ocr_line' id='line_1_28' title="bbox 390 2515 1962 2585; baseline -0.001 -16"><span class='ocrx_word' id='word_1_183' title='bbox 390 2516 527 2569; x_wconf 89' lang='lat' dir='ltr'><strong>tium</strong></span> <span class='ocrx_word' id='word_1_184' title='bbox 569 2516 927 2585; x_wconf 83' lang='lat' dir='ltr'><strong>cupiditatum</strong></span> <span class='ocrx_word' id='word_1_185' title='bbox 982 2516 1216 2585; x_wconf 89' lang='lat' dir='ltr'><strong>speciem</strong></span> <span class='ocrx_word' id='word_1_186' title='bbox 1271 2515 1325 2568; x_wconf 93' lang='lat' dir='ltr'><strong>in</strong></span> <span class='ocrx_word' id='word_1_187' title='bbox 1390 2516 1572 2584; x_wconf 89' lang='lat' dir='ltr'><strong>seipso</strong></span> <span class='ocrx_word' id='word_1_188' title='bbox 1636 2515 1962 2584; x_wconf 86' lang='lat' dir='ltr'><strong>absumpsit,</strong></span> 
     </span>
    </p>
   </div>
   <div class='ocr_carea' id='block_1_29' title="bbox 389 2603 1965 2674">
    <p class='ocr_par' dir='ltr' id='par_1_29' title="bbox 389 2603 1965 2674">
     <span class='ocr_line' id='line_1_29' title="bbox 389 2603 1965 2674; baseline -0.003 -15"><span class='ocrx_word' id='word_1_189' title='bbox 389 2604 874 2674; x_wconf 71' lang='lat' dir='ltr'><strong>teunperantizeque</strong></span> <span class='ocrx_word' id='word_1_190' title='bbox 900 2603 1048 2659; x_wconf 87' lang='lat' dir='ltr'><strong>velut</strong></span> <span class='ocrx_word' id='word_1_191' title='bbox 1069 2603 1353 2665; x_wconf 89' lang='lat' dir='ltr'><strong>dentibus,</strong></span> <span class='ocrx_word' id='word_1_192' title='bbox 1386 2604 1507 2659; x_wconf 86' lang='lat' dir='ltr'><strong>loco</strong></span> <span class='ocrx_word' id='word_1_193' title='bbox 1538 2604 1837 2673; x_wconf 79' lang='lat' dir='ltr'><strong>reptilium,</strong></span> <span class='ocrx_word' id='word_1_194' title='bbox 1872 2605 1965 2657; x_wconf 84' lang='lat' dir='ltr'><strong>im-</strong></span> 
     </span>
    </p>
   </div>
   <div class='ocr_carea' id='block_1_30' title="bbox 391 2693 1966 2764">
    <p class='ocr_par' dir='ltr' id='par_1_30' title="bbox 391 2693 1966 2764">
     <span class='ocr_line' id='line_1_30' title="bbox 391 2693 1966 2764; baseline -0.004 -13"><span class='ocrx_word' id='word_1_195' title='bbox 391 2695 707 2750; x_wconf 81' lang='lat' dir='ltr'><strong>moderatas</strong></span> <span class='ocrx_word' id='word_1_196' title='bbox 733 2694 1096 2764; x_wconf 89' lang='lat' dir='ltr'><strong>appetitiones</strong></span> <span class='ocrx_word' id='word_1_197' title='bbox 1131 2707 1260 2749; x_wconf 86' lang='lat' dir='ltr'><strong>suas</strong></span> <span class='ocrx_word' id='word_1_198' title='bbox 1291 2694 1591 2755; x_wconf 87' lang='lat' dir='ltr'><strong>devoravit,</strong></span> <span class='ocrx_word' id='word_1_199' title='bbox 1622 2694 1744 2763; x_wconf 90' lang='lat' dir='ltr'><strong>plus</strong></span> <span class='ocrx_word' id='word_1_200' title='bbox 1774 2693 1891 2747; x_wconf 88' lang='lat' dir='ltr'><strong>sitit</strong></span> <span class='ocrx_word' id='word_1_201' title='bbox 1911 2699 1966 2746; x_wconf 92' lang='lat' dir='ltr'><strong>et</strong></span> 
     </span>
    </p>
   </div>
   <div class='ocr_carea' id='block_1_31' title="bbox 391 2784 1962 2856">
    <p class='ocr_par' dir='ltr' id='par_1_31' title="bbox 391 2784 1962 2856">
     <span class='ocr_line' id='line_1_31' title="bbox 391 2784 1962 2856; baseline -0.003 -16"><span class='ocrx_word' id='word_1_202' title='bbox 391 2786 597 2856; x_wconf 67' lang='lat' dir='ltr'><strong>eXpetit</strong></span> <span class='ocrx_word' id='word_1_203' title='bbox 640 2784 733 2840; x_wconf 91' lang='lat' dir='ltr'><strong>Dei</strong></span> <span class='ocrx_word' id='word_1_204' title='bbox 781 2785 1127 2855; x_wconf 72' lang='lat' dir='ltr'><strong>praesentiam</strong></span> <span class='ocrx_word' id='word_1_205' title='bbox 1182 2792 1237 2838; x_wconf 91' lang='lat' dir='ltr'><strong>et</strong></span> <span class='ocrx_word' id='word_1_206' title='bbox 1294 2784 1757 2847; x_wconf 81' lang='lat' dir='ltr'><strong>communionem,</strong></span> <span class='ocrx_word' id='word_1_207' title='bbox 1800 2798 1962 2853; x_wconf 87' lang='lat' dir='ltr'><strong>quam</strong></span> 
     </span>
    </p>
   </div>
   <div class='ocr_carea' id='block_1_32' title="bbox 391 2872 1965 2950">
    <p class='ocr_par' dir='ltr' id='par_1_32' title="bbox 391 2872 1965 2950">
     <span class='ocr_line' id='line_1_32' title="bbox 391 2872 1965 2950; baseline -0.005 -17"><span class='ocrx_word' id='word_1_208' title='bbox 391 2893 588 2933; x_wconf 83' lang='lat' dir='ltr'><strong>cervus</strong></span> <span class='ocrx_word' id='word_1_209' title='bbox 635 2876 814 2931; x_wconf 84' lang='lat' dir='ltr'><strong>fontes</strong></span> <span class='ocrx_word' id='word_1_210' title='bbox 851 2890 1119 2945; x_wconf 87' lang='lat' dir='ltr'><strong>aquarum</strong></span> <span class='ocrx_word' id='word_1_211' title='bbox 1154 2874 1532 2944; x_wconf 88' lang='lat' dir='ltr'><strong>concupiscat.</strong></span> <span class='ocrx_word' id='word_1_212' title='bbox 1569 2872 1803 2950; x_wconf 84' lang='lat' dir='ltr'><strong>Tantum</strong></span> <span class='ocrx_word' id='word_1_213' title='bbox 1837 2889 1965 2944; x_wconf 82' lang='lat' dir='ltr'><strong>pur-</strong></span> 
     </span>
    </p>
   </div>
   <div class='ocr_carea' id='block_1_33' title="bbox 389 2964 1962 3038">
    <p class='ocr_par' dir='ltr' id='par_1_33' title="bbox 389 2964 1962 3038">
     <span class='ocr_line' id='line_1_33' title="bbox 389 2964 1962 3038; baseline -0.005 -14"><span class='ocrx_word' id='word_1_214' title='bbox 389 2984 456 3024; x_wconf 88' lang='lat' dir='ltr'><strong>ro</strong></span> <span class='ocrx_word' id='word_1_215' title='bbox 490 2968 600 3033; x_wconf 88' lang='lat' dir='ltr'><strong>ille,</strong></span> <span class='ocrx_word' id='word_1_216' title='bbox 639 2968 734 3038; x_wconf 90' lang='lat' dir='ltr'><strong>qui</strong></span> <span class='ocrx_word' id='word_1_217' title='bbox 766 2967 822 3020; x_wconf 91' lang='lat' dir='ltr'><strong>in</strong></span> <span class='ocrx_word' id='word_1_218' title='bbox 853 2966 1054 3021; x_wconf 90' lang='lat' dir='ltr'><strong>fontem</strong></span> <span class='ocrx_word' id='word_1_219' title='bbox 1086 2965 1279 3020; x_wconf 87' lang='lat' dir='ltr'><strong>incidit</strong></span> <span class='ocrx_word' id='word_1_220' title='bbox 1314 2974 1437 3035; x_wconf 89' lang='lat' dir='ltr'><strong>post</strong></span> <span class='ocrx_word' id='word_1_221' title='bbox 1472 2964 1751 3019; x_wconf 89' lang='lat' dir='ltr'><strong>ardentem</strong></span> <span class='ocrx_word' id='word_1_222' title='bbox 1792 2964 1962 3025; x_wconf 89' lang='lat' dir='ltr'><strong>sitim,</strong></span> 
     </span>
    </p>
   </div>
   <div class='ocr_carea' id='block_1_34' title="bbox 391 3057 2035 3145">
    <p class='ocr_par' dir='ltr' id='par_1_34' title="bbox 391 3057 2035 3145">
     <span class='ocr_line' id='line_1_34' title="bbox 391 3057 2035 3145; baseline -0.004 -30"><span class='ocrx_word' id='word_1_223' title='bbox 391 3075 549 3131; x_wconf 65' lang='lat' dir='ltr'><strong>aquae</strong></span> <span class='ocrx_word' id='word_1_224' title='bbox 577 3059 779 3124; x_wconf 88' lang='lat' dir='ltr'><strong>haurit,</strong></span> <span class='ocrx_word' id='word_1_225' title='bbox 806 3065 1070 3128; x_wconf 88' lang='lat' dir='ltr'><strong>quantum</strong></span> <span class='ocrx_word' id='word_1_226' title='bbox 1095 3057 1369 3126; x_wconf 88' lang='lat' dir='ltr'><strong>cupiditas</strong></span> <span class='ocrx_word' id='word_1_227' title='bbox 1399 3060 1543 3127; x_wconf 89' lang='lat' dir='ltr'><strong>potis</strong></span> <span class='ocrx_word' id='word_1_228' title='bbox 1563 3065 1647 3111; x_wconf 90' lang='lat' dir='ltr'><strong>est</strong></span> <span class='ocrx_word' id='word_1_229' title='bbox 1668 3057 1962 3110; x_wconf 89' lang='lat' dir='ltr'><strong>attrahere.</strong></span> <span class='ocrx_word' id='word_1_230' title='bbox 1993 3088 2035 3145; x_wconf 63' lang='grc' dir='ltr'>α</span> 
     </span>
    </p>
   </div>
   <div class='ocr_carea' id='block_1_35' title="bbox 394 3145 1966 3218">
    <p class='ocr_par' dir='ltr' id='par_1_35' title="bbox 394 3145 1966 3218">
     <span class='ocr_line' id='line_1_35' title="bbox 394 3145 1966 3218; baseline -0.003 -12"><span class='ocrx_word' id='word_1_231' title='bbox 394 3151 501 3218; x_wconf 82' lang='lat' dir='ltr'><strong>Qui</strong></span> <span class='ocrx_word' id='word_1_232' title='bbox 526 3164 656 3206; x_wconf 83' lang='lat' dir='ltr'><strong>vero</strong></span> <span class='ocrx_word' id='word_1_233' title='bbox 700 3149 843 3204; x_wconf 87' lang='lat' dir='ltr'><strong>intra</strong></span> <span class='ocrx_word' id='word_1_234' title='bbox 875 3164 934 3204; x_wconf 91' lang='lat' dir='ltr'><strong>se</strong></span> <span class='ocrx_word' id='word_1_235' title='bbox 970 3149 1165 3218; x_wconf 82' lang='lat' dir='ltr'><strong>recipit</strong></span> <span class='ocrx_word' id='word_1_236' title='bbox 1205 3148 1337 3203; x_wconf 90' lang='lat' dir='ltr'><strong>illud</strong></span> <span class='ocrx_word' id='word_1_237' title='bbox 1373 3147 1519 3218; x_wconf 90' lang='lat' dir='ltr'><strong>quod</strong></span> <span class='ocrx_word' id='word_1_238' title='bbox 1550 3145 1882 3217; x_wconf 85' lang='lat' dir='ltr'><strong>concupivit,</strong></span> <span class='ocrx_word' id='word_1_239' title='bbox 1918 3145 1966 3201; x_wconf 90' lang='lat' dir='ltr'><strong>is</strong></span> 
     </span>
    </p>
   </div>
   <div class='ocr_carea' id='block_1_36' title="bbox 393 3235 1969 3313">
    <p class='ocr_par' dir='ltr' id='par_1_36' title="bbox 393 3235 1969 3313">
     <span class='ocr_line' id='line_1_36' title="bbox 393 3235 1969 3313; baseline -0.003 -17"><span class='ocrx_word' id='word_1_240' title='bbox 393 3242 590 3313; x_wconf 80' lang='lat' dir='ltr'><strong>plenus</strong></span> <span class='ocrx_word' id='word_1_241' title='bbox 616 3249 699 3296; x_wconf 88' lang='lat' dir='ltr'><strong>est</strong></span> <span class='ocrx_word' id='word_1_242' title='bbox 726 3240 848 3310; x_wconf 92' lang='lat' dir='ltr'><strong>ejus</strong></span> <span class='ocrx_word' id='word_1_243' title='bbox 892 3240 1038 3311; x_wconf 87' lang='lat' dir='ltr'><strong>quod</strong></span> <span class='ocrx_word' id='word_1_244' title='bbox 1068 3240 1290 3309; x_wconf 87' lang='lat' dir='ltr'><strong>appetiit</strong></span> <span class='ocrx_word' id='word_1_245' title='bbox 1329 3255 1347 3292; x_wconf 85' lang='lat'><strong>:</strong></span> <span class='ocrx_word' id='word_1_246' title='bbox 1388 3254 1495 3292; x_wconf 88' lang='lat' dir='ltr'><strong>non</strong></span> <span class='ocrx_word' id='word_1_247' title='bbox 1528 3238 1675 3292; x_wconf 89' lang='lat' dir='ltr'><strong>enim</strong></span> <span class='ocrx_word' id='word_1_248' title='bbox 1714 3252 1780 3294; x_wconf 91' lang='lat' dir='ltr'><strong>eo</strong></span> <span class='ocrx_word' id='word_1_249' title='bbox 1809 3235 1969 3292; x_wconf 91' lang='lat' dir='ltr'><strong>modo</strong></span> 
     </span>
    </p>
   </div>
   <div class='ocr_carea' id='block_1_37' title="bbox 395 3327 1970 3405">
    <p class='ocr_par' dir='ltr' id='par_1_37' title="bbox 395 3327 1970 3405">
     <span class='ocr_line' id='line_1_37' title="bbox 395 3327 1970 3405; baseline -0.005 -16"><span class='ocrx_word' id='word_1_250' title='bbox 395 3349 506 3405; x_wconf 90' lang='lat' dir='ltr'><strong>quo</strong></span> <span class='ocrx_word' id='word_1_251' title='bbox 556 3333 609 3386; x_wconf 91' lang='lat' dir='ltr'><strong>in</strong></span> <span class='ocrx_word' id='word_1_252' title='bbox 644 3346 937 3401; x_wconf 88' lang='lat' dir='ltr'><strong>corporum</strong></span> <span class='ocrx_word' id='word_1_253' title='bbox 979 3331 1298 3401; x_wconf 85' lang='lat' dir='ltr'><strong>repletione,</strong></span> <span class='ocrx_word' id='word_1_254' title='bbox 1338 3330 1652 3385; x_wconf 83' lang='lat' dir='ltr'><strong>exinanitur</strong></span> <span class='ocrx_word' id='word_1_255' title='bbox 1685 3327 1865 3383; x_wconf 88' lang='lat' dir='ltr'><strong>denuo</strong></span> <span class='ocrx_word' id='word_1_256' title='bbox 1915 3328 1970 3382; x_wconf 92' lang='lat' dir='ltr'><strong>id</strong></span> 
     </span>
    </p>
   </div>
   <div class='ocr_carea' id='block_1_38' title="bbox 395 3419 1970 3496">
    <p class='ocr_par' dir='ltr' id='par_1_38' title="bbox 395 3419 1970 3496">
     <span class='ocr_line' id='line_1_38' title="bbox 395 3419 1970 3496; baseline -0.003 -16"><span class='ocrx_word' id='word_1_257' title='bbox 395 3425 542 3496; x_wconf 86' lang='lat' dir='ltr'><strong>quod</strong></span> <span class='ocrx_word' id='word_1_258' title='bbox 574 3424 740 3479; x_wconf 84' lang='lat' dir='ltr'><strong>semel</strong></span> <span class='ocrx_word' id='word_1_259' title='bbox 784 3423 1056 3493; x_wconf 89' lang='lat' dir='ltr'><strong>repletum</strong></span> <span class='ocrx_word' id='word_1_260' title='bbox 1086 3420 1299 3485; x_wconf 89' lang='lat' dir='ltr'><strong>fuerat,</strong></span> <span class='ocrx_word' id='word_1_261' title='bbox 1332 3436 1506 3490; x_wconf 83' lang='lat' dir='ltr'><strong>neque</strong></span> <span class='ocrx_word' id='word_1_262' title='bbox 1546 3421 1758 3475; x_wconf 87' lang='lat' dir='ltr'><strong>otiosus</strong></span> <span class='ocrx_word' id='word_1_263' title='bbox 1792 3419 1844 3473; x_wconf 89' lang='lat' dir='ltr'><strong>in</strong></span> <span class='ocrx_word' id='word_1_264' title='bbox 1881 3435 1970 3475; x_wconf 86' lang='lat' dir='ltr'><strong>se-</strong></span> 
     </span>
    </p>
   </div>
   <div class='ocr_carea' id='block_1_39' title="bbox 396 3512 1972 3588">
    <p class='ocr_par' dir='ltr' id='par_1_39' title="bbox 396 3512 1972 3588">
     <span class='ocr_line' id='line_1_39' title="bbox 396 3512 1972 3588; baseline -0.005 -16"><span class='ocrx_word' id='word_1_265' title='bbox 396 3518 520 3588; x_wconf 87' lang='lat' dir='ltr'><strong>ipso</strong></span> <span class='ocrx_word' id='word_1_266' title='bbox 551 3527 714 3586; x_wconf 87' lang='lat' dir='ltr'><strong>potus</strong></span> <span class='ocrx_word' id='word_1_267' title='bbox 746 3514 836 3567; x_wconf 90' lang='lat' dir='ltr'><strong>ille</strong></span> <span class='ocrx_word' id='word_1_268' title='bbox 884 3525 1100 3578; x_wconf 84' lang='lat' dir='ltr'><strong>manet;</strong></span> <span class='ocrx_word' id='word_1_269' title='bbox 1141 3513 1233 3567; x_wconf 86' lang='lat' dir='ltr'><strong>sed</strong></span> <span class='ocrx_word' id='word_1_270' title='bbox 1283 3513 1504 3567; x_wconf 82' lang='lat' dir='ltr'><strong>divinus</strong></span> <span class='ocrx_word' id='word_1_271' title='bbox 1553 3512 1698 3571; x_wconf 85' lang='lat' dir='ltr'><strong>fons.</strong></span> <span class='ocrx_word' id='word_1_272' title='bbox 1742 3512 1796 3565; x_wconf 92' lang='lat' dir='ltr'><strong>in</strong></span> <span class='ocrx_word' id='word_1_273' title='bbox 1840 3526 1972 3581; x_wconf 92' lang='lat' dir='ltr'><strong>quo-</strong></span> 
     </span>
    </p>
   </div>
   <div class='ocr_carea' id='block_1_40' title="bbox 397 3603 1974 3678">
    <p class='ocr_par' dir='ltr' id='par_1_40' title="bbox 397 3603 1974 3678">
     <span class='ocr_line' id='line_1_40' title="bbox 397 3603 1974 3678; baseline -0.006 -13"><span class='ocrx_word' id='word_1_274' title='bbox 397 3624 613 3678; x_wconf 82' lang='lat' dir='ltr'><strong>cunque</strong></span> <span class='ocrx_word' id='word_1_275' title='bbox 637 3605 926 3669; x_wconf 76' lang='lat' dir='ltr'><strong>exstiterit,</strong></span> <span class='ocrx_word' id='word_1_276' title='bbox 983 3605 1050 3657; x_wconf 87' lang='lat' dir='ltr'><strong>ad</strong></span> <span class='ocrx_word' id='word_1_277' title='bbox 1091 3620 1212 3658; x_wconf 85' lang='lat' dir='ltr'><strong>sese</strong></span> <span class='ocrx_word' id='word_1_278' title='bbox 1255 3603 1398 3673; x_wconf 90' lang='lat' dir='ltr'><strong>rapit</strong></span> <span class='ocrx_word' id='word_1_279' title='bbox 1440 3619 1562 3657; x_wconf 90' lang='lat' dir='ltr'><strong>eum</strong></span> <span class='ocrx_word' id='word_1_280' title='bbox 1592 3603 1684 3673; x_wconf 87' lang='lat' dir='ltr'><strong>qui</strong></span> <span class='ocrx_word' id='word_1_281' title='bbox 1729 3617 1974 3657; x_wconf 88' lang='lat' dir='ltr'><strong>accesse-</strong></span> 
     </span>
    </p>
   </div>
   <div class='ocr_carea' id='block_1_41' title="bbox 398 3694 1827 3770">
    <p class='ocr_par' dir='ltr' id='par_1_41' title="bbox 398 3694 1827 3770">
     <span class='ocr_line' id='line_1_41' title="bbox 398 3694 1827 3770; baseline -0.006 -14"><span class='ocrx_word' id='word_1_282' title='bbox 398 3701 488 3765; x_wconf 87' lang='lat' dir='ltr'><strong>rit,</strong></span> <span class='ocrx_word' id='word_1_283' title='bbox 522 3702 696 3770; x_wconf 89' lang='lat' dir='ltr'><strong>deque</strong></span> <span class='ocrx_word' id='word_1_284' title='bbox 726 3714 824 3755; x_wconf 89' lang='lat' dir='ltr'><strong>sua</strong></span> <span class='ocrx_word' id='word_1_285' title='bbox 856 3698 904 3750; x_wconf 91' lang='lat' dir='ltr'><strong>vi</strong></span> <span class='ocrx_word' id='word_1_286' title='bbox 935 3703 990 3751; x_wconf 90' lang='lat' dir='ltr'><strong>et</strong></span> <span class='ocrx_word' id='word_1_287' title='bbox 1022 3696 1282 3751; x_wconf 77' lang='lat' dir='ltr'><strong>facultate</strong></span> <span class='ocrx_word' id='word_1_288' title='bbox 1313 3694 1517 3767; x_wconf 89' lang='lat' dir='ltr'><strong>aliquid</strong></span> <span class='ocrx_word' id='word_1_289' title='bbox 1548 3694 1827 3765; x_wconf 88' lang='lat' dir='ltr'><strong>elargitur.</strong></span> 
     </span>
    </p>
   </div>
   <div class='ocr_carea' id='block_1_42' title="bbox 1010 3821 1370 3879">
    <p class='ocr_par' dir='ltr' id='par_1_42' title="bbox 1010 3821 1370 3879">
     <span class='ocr_line' id='line_1_42' title="bbox 1010 3821 1370 3879; baseline 0.003 -2"><span class='ocrx_word' id='word_1_290' title='bbox 1010 3821 1241 3877; x_wconf 81' lang='lat' dir='ltr'><strong>CAPUT</strong></span> <span class='ocrx_word' id='word_1_291' title='bbox 1281 3823 1370 3879; x_wconf 78' lang='lat' dir='ltr'><strong>Vl.</strong></span> 
     </span>
    </p>
   </div>
   <div class='ocr_carea' id='block_1_43' title="bbox 471 3978 1968 4052">
    <p class='ocr_par' dir='ltr' id='par_1_43' title="bbox 471 3978 1968 4052">
     <span class='ocr_line' id='line_1_43' title="bbox 471 3978 1968 4052; baseline -0.003 -15"><span class='ocrx_word' id='word_1_292' title='bbox 471 3981 739 4037; x_wconf 62' lang='lat' dir='ltr'><strong>Cazterum</strong></span> <span class='ocrx_word' id='word_1_293' title='bbox 767 3981 989 4052; x_wconf 88' lang='lat' dir='ltr'><strong>propria</strong></span> <span class='ocrx_word' id='word_1_294' title='bbox 1033 3988 1114 4035; x_wconf 89' lang='lat' dir='ltr'><strong>est</strong></span> <span class='ocrx_word' id='word_1_295' title='bbox 1140 3978 1455 4035; x_wconf 89' lang='lat' dir='ltr'><strong>Divinitatis</strong></span> <span class='ocrx_word' id='word_1_296' title='bbox 1483 3996 1568 4037; x_wconf 81' lang='lat' dir='ltr'><strong>vis</strong></span> <span class='ocrx_word' id='word_1_297' title='bbox 1600 3981 1968 4051; x_wconf 88' lang='lat' dir='ltr'><strong>perspiciendi</strong></span> 
     </span>
    </p>
   </div>
   <div class='ocr_carea' id='block_1_44' title="bbox 397 4060 1968 4141">
    <p class='ocr_par' dir='ltr' id='par_1_44' title="bbox 397 4060 1968 4141">
     <span class='ocr_line' id='line_1_44' title="bbox 397 4060 1968 4141; baseline -0.002 -15"><span class='ocrx_word' id='word_1_298' title='bbox 397 4060 741 4127; x_wconf 39' lang='lat' dir='ltr'><strong>et&#39;eliicieudi</strong></span> <span class='ocrx_word' id='word_1_299' title='bbox 783 4077 979 4125; x_wconf 88' lang='lat' dir='ltr'><strong>cuncta</strong></span> <span class='ocrx_word' id='word_1_300' title='bbox 1024 4086 1205 4124; x_wconf 85' lang='lat' dir='ltr'><strong>rerum</strong></span> <span class='ocrx_word' id='word_1_301' title='bbox 1251 4085 1472 4141; x_wconf 86' lang='lat' dir='ltr'><strong>genera.</strong></span> <span class='ocrx_word' id='word_1_302' title='bbox 1512 4069 1654 4141; x_wconf 88' lang='lat' dir='ltr'><strong>Ergo</strong></span> <span class='ocrx_word' id='word_1_303' title='bbox 1697 4070 1789 4140; x_wconf 91' lang='lat' dir='ltr'><strong>qui</strong></span> <span class='ocrx_word' id='word_1_304' title='bbox 1827 4071 1968 4124; x_wconf 87' lang='lat' dir='ltr'><strong>intra</strong></span> 
     </span>
    </p>
   </div>
   <div class='ocr_carea' id='block_1_45' title="bbox 400 4159 1971 4230">
    <p class='ocr_par' dir='ltr' id='par_1_45' title="bbox 400 4159 1971 4230">
     <span class='ocr_line' id='line_1_45' title="bbox 400 4159 1971 4230; baseline 0 -15"><span class='ocrx_word' id='word_1_305' title='bbox 400 4175 462 4216; x_wconf 89' lang='lat' dir='ltr'><strong>se</strong></span> <span class='ocrx_word' id='word_1_306' title='bbox 510 4161 703 4230; x_wconf 86' lang='lat' dir='ltr'><strong>recipit</strong></span> <span class='ocrx_word' id='word_1_307' title='bbox 738 4160 843 4215; x_wconf 86' lang='lat' dir='ltr'><strong>hoc</strong></span> <span class='ocrx_word' id='word_1_308' title='bbox 891 4160 1037 4230; x_wconf 92' lang='lat' dir='ltr'><strong>quod</strong></span> <span class='ocrx_word' id='word_1_309' title='bbox 1088 4159 1460 4224; x_wconf 84' lang='lat' dir='ltr'><strong>desideravit,</strong></span> <span class='ocrx_word' id='word_1_310' title='bbox 1515 4161 1607 4216; x_wconf 91' lang='lat' dir='ltr'><strong>ille</strong></span> <span class='ocrx_word' id='word_1_311' title='bbox 1659 4159 1823 4216; x_wconf 90' lang='lat' dir='ltr'><strong>etiam</strong></span> <span class='ocrx_word' id='word_1_312' title='bbox 1868 4160 1971 4215; x_wconf 87' lang='lat' dir='ltr'><strong>hac</strong></span> 
     </span>
    </p>
   </div>
   <div class='ocr_carea' id='block_1_46' title="bbox 400 4249 1968 4322">
    <p class='ocr_par' dir='ltr' id='par_1_46' title="bbox 400 4249 1968 4322">
     <span class='ocr_line' id='line_1_46' title="bbox 400 4249 1968 4322; baseline -0.001 -18"><span class='ocrx_word' id='word_1_313' title='bbox 400 4249 771 4318; x_wconf 88' lang='lat' dir='ltr'><strong>perspiciendi</strong></span> <span class='ocrx_word' id='word_1_314' title='bbox 811 4249 1071 4304; x_wconf 80' lang='lat' dir='ltr'><strong>facultate</strong></span> <span class='ocrx_word' id='word_1_315' title='bbox 1099 4251 1358 4316; x_wconf 89' lang='lat' dir='ltr'><strong>donatur,</strong></span> <span class='ocrx_word' id='word_1_316' title='bbox 1388 4265 1684 4322; x_wconf 87' lang='lat' dir='ltr'><strong>rerumque</strong></span> <span class='ocrx_word' id='word_1_317' title='bbox 1715 4260 1968 4305; x_wconf 88' lang='lat' dir='ltr'><strong>naturam</strong></span> 
     </span>
    </p>
   </div>
   <div class='ocr_carea' id='block_1_47' title="bbox 398 4341 1971 4413">
    <p class='ocr_par' dir='ltr' id='par_1_47' title="bbox 398 4341 1971 4413">
     <span class='ocr_line' id='line_1_47' title="bbox 398 4341 1971 4413; baseline 0.001 -17"><span class='ocrx_word' id='word_1_318' title='bbox 398 4344 821 4413; x_wconf 83' lang='lat' dir='ltr'><strong>contemplatur.</strong></span> <span class='ocrx_word' id='word_1_319' title='bbox 855 4341 1146 4411; x_wconf 84' lang='lat' dir='ltr'><strong>Propterea</strong></span> <span class='ocrx_word' id='word_1_320' title='bbox 1170 4344 1384 4398; x_wconf 86' lang='lat' dir='ltr'><strong>tertiam</strong></span> <span class='ocrx_word' id='word_1_321' title='bbox 1409 4343 1750 4399; x_wconf 89' lang='lat' dir='ltr'><strong>Psalmorum</strong></span> <span class='ocrx_word' id='word_1_322' title='bbox 1778 4343 1971 4398; x_wconf 83' lang='lat' dir='ltr'><strong>sectio-</strong></span> 
     </span>
    </p>
   </div>
   <div class='ocr_carea' id='block_1_48' title="bbox 2068 463 3654 536">
    <p class='ocr_par' dir='ltr' id='par_1_48' title="bbox 2068 463 3654 536">
     <span class='ocr_line' id='line_1_48' title="bbox 2068 463 3654 536; baseline -0.001 -17"><span class='ocrx_word' id='word_1_323' title='bbox 2068 464 2280 536; x_wconf 84' lang='grc' dir='ltr'><strong>πρώτη,</strong></span> <span class='ocrx_word' id='word_1_324' title='bbox 2306 464 2442 535; x_wconf 84' lang='grc' dir='ltr'>πρὸς</span> <span class='ocrx_word' id='word_1_325' title='bbox 2464 464 2525 517; x_wconf 82' lang='grc' dir='ltr'><strong>τδ</strong></span> <span class='ocrx_word' id='word_1_326' title='bbox 2551 463 2754 532; x_wconf 83' lang='grc' dir='ltr'>ἀγαθὸν</span> <span class='ocrx_word' id='word_1_327' title='bbox 2780 463 3001 526; x_wconf 69' lang='grc' dir='ltr'>εἴσοδος,</span> <span class='ocrx_word' id='word_1_328' title='bbox 3021 463 3057 534; x_wconf 76' lang='grc' dir='ltr'>ἢ</span> <span class='ocrx_word' id='word_1_329' title='bbox 3089 463 3200 517; x_wconf 80' lang='grc' dir='ltr'>τῶν</span> <span class='ocrx_word' id='word_1_330' title='bbox 3220 463 3480 518; x_wconf 73' lang='grc' dir='ltr'><strong>ἐναντίων</strong></span> <span class='ocrx_word' id='word_1_331' title='bbox 3498 464 3654 519; x_wconf 78' lang='grc' dir='ltr'>ἐστὶν</span> 
     </span>
    </p>
   </div>
   <div class='ocr_carea' id='block_1_49' title="bbox 2065 548 3530 625">
    <p class='ocr_par' dir='ltr' id='par_1_49' title="bbox 2065 548 3530 625">
     <span class='ocr_line' id='line_1_49' title="bbox 2065 548 3530 625; baseline -0.002 -16"><span class='ocrx_word' id='word_1_332' title='bbox 2065 555 2385 619; x_wconf 82' lang='grc' dir='ltr'><strong>ἀπόστασις,</strong></span> <span class='ocrx_word' id='word_1_333' title='bbox 2410 553 2476 607; x_wconf 88' lang='grc' dir='ltr'>δι’</span> <span class='ocrx_word' id='word_1_334' title='bbox 2503 548 2573 625; x_wconf 84' lang='grc' dir='ltr'>ἦς</span> <span class='ocrx_word' id='word_1_335' title='bbox 2602 553 2809 622; x_wconf 87' lang='grc' dir='ltr'>γίνεται</span> <span class='ocrx_word' id='word_1_336' title='bbox 2832 553 2865 624; x_wconf 81' lang='grc' dir='ltr'>ἡ</span> <span class='ocrx_word' id='word_1_337' title='bbox 2898 551 3099 624; x_wconf 76' lang='grc' dir='ltr'>μετοχὴ</span> <span class='ocrx_word' id='word_1_338' title='bbox 3119 552 3213 606; x_wconf 82' lang='grc' dir='ltr'>τοῦ</span> <span class='ocrx_word' id='word_1_339' title='bbox 3239 552 3530 624; x_wconf 84' lang='grc' dir='ltr'>βελτιόνος.</span> 
     </span>
    </p>
   </div>
   <div class='ocr_carea' id='block_1_50' title="bbox 2148 684 3650 761">
    <p class='ocr_par' dir='ltr' id='par_1_50' title="bbox 2148 684 3650 761">
     <span class='ocr_line' id='line_1_50' title="bbox 2148 684 3650 761; baseline -0.004 -15"><span class='ocrx_word' id='word_1_340' title='bbox 2148 692 2210 747; x_wconf 79' lang='grc' dir='ltr'>Ὀ</span> <span class='ocrx_word' id='word_1_341' title='bbox 2259 691 2314 745; x_wconf 88' lang='grc' dir='ltr'>δὲ</span> <span class='ocrx_word' id='word_1_342' title='bbox 2346 688 2680 761; x_wconf 77' lang='grc' dir='ltr'>γευσᾶμενος</span> <span class='ocrx_word' id='word_1_343' title='bbox 2734 689 2836 761; x_wconf 76' lang='grc' dir='ltr'>ἠδη</span> <span class='ocrx_word' id='word_1_344' title='bbox 2895 691 2997 759; x_wconf 83' lang='grc' dir='ltr'>τῆς</span> <span class='ocrx_word' id='word_1_345' title='bbox 3037 688 3258 761; x_wconf 81' lang='grc' dir='ltr'>ἀρετῆς,</span> <span class='ocrx_word' id='word_1_346' title='bbox 3296 687 3391 742; x_wconf 79' lang='grc' dir='ltr'>καὶ</span> <span class='ocrx_word' id='word_1_347' title='bbox 3416 690 3483 759; x_wconf 82' lang='grc' dir='ltr'>τῇ</span> <span class='ocrx_word' id='word_1_348' title='bbox 3519 684 3650 741; x_wconf 82' lang='grc' dir='ltr'>καθ’</span> 
     </span>
    </p>
   </div>
   <div class='ocr_carea' id='block_1_51' title="bbox 2066 778 3649 852">
    <p class='ocr_par' dir='ltr' id='par_1_51' title="bbox 2066 778 3649 852">
     <span class='ocr_line' id='line_1_51' title="bbox 2066 778 3649 852; baseline -0.004 -15"><span class='ocrx_word' id='word_1_349' title='bbox 2066 782 2257 837; x_wconf 82' lang='grc' dir='ltr'>ἐαυτὸν</span> <span class='ocrx_word' id='word_1_350' title='bbox 2298 780 2465 852; x_wconf 71' lang='grc' dir='ltr'>πείρᾳ</span> <span class='ocrx_word' id='word_1_351' title='bbox 2512 779 2607 834; x_wconf 79' lang='grc' dir='ltr'>τοῦ</span> <span class='ocrx_word' id='word_1_352' title='bbox 2649 778 2854 848; x_wconf 80' lang='grc' dir='ltr'><strong>ἀγαθοῦ</strong></span> <span class='ocrx_word' id='word_1_353' title='bbox 2913 780 3013 851; x_wconf 82' lang='grc' dir='ltr'><strong>τὴν</strong></span> <span class='ocrx_word' id='word_1_354' title='bbox 3061 779 3222 850; x_wconf 89' lang='grc' dir='ltr'>φύσιν</span> <span class='ocrx_word' id='word_1_355' title='bbox 3279 779 3649 849; x_wconf 84' lang='grc' dir='ltr'>κατανοήσας,</span> 
     </span>
    </p>
   </div>
   <div class='ocr_carea' id='block_1_52' title="bbox 2065 867 3648 943">
    <p class='ocr_par' dir='ltr' id='par_1_52' title="bbox 2065 867 3648 943">
     <span class='ocr_line' id='line_1_52' title="bbox 2065 867 3648 943; baseline -0.007 -12"><span class='ocrx_word' id='word_1_356' title='bbox 2065 876 2248 931; x_wconf 80' lang='grc' dir='ltr'>οὐκέτι</span> <span class='ocrx_word' id='word_1_357' title='bbox 2277 872 2518 937; x_wconf 81' lang='grc' dir='ltr'>τοιοῦτός</span> <span class='ocrx_word' id='word_1_358' title='bbox 2551 872 2701 926; x_wconf 86' lang='grc' dir='ltr'>ἐστιν</span> <span class='ocrx_word' id='word_1_359' title='bbox 2724 911 2741 937; x_wconf 92' lang='grc'><strong>,</strong></span> <span class='ocrx_word' id='word_1_360' title='bbox 2786 872 2863 935; x_wconf 87' lang='grc' dir='ltr'>ὼς</span> <span class='ocrx_word' id='word_1_361' title='bbox 2896 870 3111 943; x_wconf 81' lang='grc' dir='ltr'><strong>ἀνάγκῃ</strong></span> <span class='ocrx_word' id='word_1_362' title='bbox 3154 870 3260 923; x_wconf 80' lang='grc' dir='ltr'>τινὶ</span> <span class='ocrx_word' id='word_1_363' title='bbox 3310 869 3408 922; x_wconf 72' lang='grc' dir='ltr'><strong>καὶ</strong></span> <span class='ocrx_word' id='word_1_364' title='bbox 3453 867 3648 922; x_wconf 83' lang='grc' dir='ltr'>νουθε-</span> 
     </span>
    </p>
   </div>
   <div class='ocr_carea' id='block_1_53' title="bbox 2069 959 3651 1039">
    <p class='ocr_par' dir='ltr' id='par_1_53' title="bbox 2069 959 3651 1039">
     <span class='ocr_line' id='line_1_53' title="bbox 2069 959 3651 1039; baseline -0.005 -19"><span class='ocrx_word' id='word_1_365' title='bbox 2069 967 2164 1039; x_wconf 73' lang='grc' dir='ltr'><strong>σία</strong></span> <span class='ocrx_word' id='word_1_366' title='bbox 2213 964 2311 1037; x_wconf 83' lang='grc' dir='ltr'>τῆς</span> <span class='ocrx_word' id='word_1_367' title='bbox 2367 964 2505 1036; x_wconf 79' lang='grc' dir='ltr'>πρὸς</span> <span class='ocrx_word' id='word_1_368' title='bbox 2567 965 2669 1036; x_wconf 83' lang='grc' dir='ltr'>τὴν</span> <span class='ocrx_word' id='word_1_369' title='bbox 2738 963 2937 1018; x_wconf 81' lang='grc' dir='ltr'><strong>κακίαν</strong></span> <span class='ocrx_word' id='word_1_370' title='bbox 2985 960 3359 1034; x_wconf 89' lang='grc' dir='ltr'>προσπαθείας</span> <span class='ocrx_word' id='word_1_371' title='bbox 3410 959 3651 1030; x_wconf 83' lang='grc' dir='ltr'>ἀφέλκε-</span> 
     </span>
    </p>
   </div>
   <div class='ocr_carea' id='block_1_54' title="bbox 2068 1050 3652 1129">
    <p class='ocr_par' dir='ltr' id='par_1_54' title="bbox 2068 1050 3652 1129">
     <span class='ocr_line' id='line_1_54' title="bbox 2068 1050 3652 1129; baseline -0.006 -16"><span class='ocrx_word' id='word_1_372' title='bbox 2068 1058 2231 1121; x_wconf 86' lang='grc' dir='ltr'>σθαι,</span> <span class='ocrx_word' id='word_1_373' title='bbox 2264 1058 2362 1112; x_wconf 78' lang='grc' dir='ltr'>καὶ</span> <span class='ocrx_word' id='word_1_374' title='bbox 2398 1054 2536 1129; x_wconf 78' lang='grc' dir='ltr'>πρὸς</span> <span class='ocrx_word' id='word_1_375' title='bbox 2578 1055 2678 1124; x_wconf 86' lang='grc' dir='ltr'>τὴν</span> <span class='ocrx_word' id='word_1_376' title='bbox 2710 1054 2914 1126; x_wconf 81' lang='grc' dir='ltr'>ἀρετὴν</span> <span class='ocrx_word' id='word_1_377' title='bbox 2943 1053 3179 1124; x_wconf 82' lang='grc' dir='ltr'><strong>βλέπειν,</strong></span> <span class='ocrx_word' id='word_1_378' title='bbox 3214 1051 3331 1106; x_wconf 73' lang='grc' dir='ltr'>ἀλλ’</span> <span class='ocrx_word' id='word_1_379' title='bbox 3368 1050 3652 1123; x_wconf 69' lang='grc' dir='ltr'>ὑπερδιψᾷ</span> 
     </span>
    </p>
   </div>
   <div class='ocr_carea' id='block_1_55' title="bbox 2068 1141 3651 1220">
    <p class='ocr_par' dir='ltr' id='par_1_55' title="bbox 2068 1141 3651 1220">
     <span class='ocr_line' id='line_1_55' title="bbox 2068 1141 3651 1220; baseline -0.006 -17"><span class='ocrx_word' id='word_1_380' title='bbox 2068 1147 2164 1203; x_wconf 81' lang='grc' dir='ltr'>τοῦ</span> <span class='ocrx_word' id='word_1_381' title='bbox 2205 1146 2493 1220; x_wconf 86' lang='grc' dir='ltr'>βελτίονος.</span> <span class='ocrx_word' id='word_1_382' title='bbox 2534 1145 2610 1200; x_wconf 85' lang='grc' dir='ltr'>Τὸ</span> <span class='ocrx_word' id='word_1_383' title='bbox 2643 1145 2753 1216; x_wconf 87' lang='grc' dir='ltr'><strong>γὰρ</strong></span> <span class='ocrx_word' id='word_1_384' title='bbox 2781 1142 3008 1215; x_wconf 78' lang='grc' dir='ltr'>ἄσχετόν</span> <span class='ocrx_word' id='word_1_385' title='bbox 3057 1161 3117 1196; x_wconf 90' lang='grc' dir='ltr'><strong>τε</strong></span> <span class='ocrx_word' id='word_1_386' title='bbox 3159 1144 3254 1197; x_wconf 82' lang='grc' dir='ltr'><strong>καὶ</strong></span> <span class='ocrx_word' id='word_1_387' title='bbox 3288 1141 3514 1213; x_wconf 76' lang='grc' dir='ltr'>σφοδρὸν</span> <span class='ocrx_word' id='word_1_388' title='bbox 3542 1142 3651 1213; x_wconf 84' lang='grc' dir='ltr'>τῆς</span> 
     </span>
    </p>
   </div>
   <div class='ocr_carea' id='block_1_56' title="bbox 2066 1228 3650 1308">
    <p class='ocr_par' dir='ltr' id='par_1_56' title="bbox 2066 1228 3650 1308">
     <span class='ocr_line' id='line_1_56' title="bbox 2066 1228 3650 1308; baseline -0.01 -13"><span class='ocrx_word' id='word_1_389' title='bbox 2066 1238 2362 1308; x_wconf 78' lang='grc' dir='ltr'>ἐπιθυμίας</span> <span class='ocrx_word' id='word_1_390' title='bbox 2405 1239 2472 1307; x_wconf 81' lang='grc' dir='ltr'>τῇ</span> <span class='ocrx_word' id='word_1_391' title='bbox 2506 1234 2628 1307; x_wconf 76' lang='grc' dir='ltr'>δίψῃ</span> <span class='ocrx_word' id='word_1_392' title='bbox 2659 1231 3006 1306; x_wconf 79' lang='grc' dir='ltr'><strong>προσεικάζει</strong></span> <span class='ocrx_word' id='word_1_393' title='bbox 3035 1232 3064 1284; x_wconf 85' lang='grc' dir='ltr'>ὁ</span> <span class='ocrx_word' id='word_1_394' title='bbox 3087 1229 3264 1297; x_wconf 80' lang='grc' dir='ltr'><strong>λόγος,</strong></span> <span class='ocrx_word' id='word_1_395' title='bbox 3304 1228 3650 1299; x_wconf 76' lang='grc' dir='ltr'><strong>ἐπιζητήσας</strong></span> 
     </span>
    </p>
   </div>
   <div class='ocr_carea' id='block_1_57' title="bbox 2024 1312 3650 1403">
    <p class='ocr_par' dir='ltr' id='par_1_57' title="bbox 2024 1312 3650 1403">
     <span class='ocr_line' id='line_1_57' title="bbox 2024 1312 3650 1403; baseline -0.01 -16"><span class='ocrx_word' id='word_1_396' title='bbox 2024 1312 2162 1403; x_wconf 76' lang='grc' dir='ltr'><strong>’τὴν</strong></span> <span class='ocrx_word' id='word_1_397' title='bbox 2208 1329 2610 1400; x_wconf 79' lang='grc' dir='ltr'>διψωδεστάτην</span> <span class='ocrx_word' id='word_1_398' title='bbox 2643 1329 2701 1381; x_wconf 85' lang='grc' dir='ltr'>ὲν</span> <span class='ocrx_word' id='word_1_399' title='bbox 2734 1328 2845 1389; x_wconf 83' lang='grc' dir='ltr'>τοῖς</span> <span class='ocrx_word' id='word_1_400' title='bbox 2896 1322 3055 1389; x_wconf 78' lang='grc' dir='ltr'>ζώοις</span> <span class='ocrx_word' id='word_1_401' title='bbox 3095 1322 3285 1392; x_wconf 88' lang='grc' dir='ltr'>φύσιν,</span> <span class='ocrx_word' id='word_1_402' title='bbox 3328 1322 3405 1384; x_wconf 87' lang='grc' dir='ltr'><strong>ὡς</strong></span> <span class='ocrx_word' id='word_1_403' title='bbox 3437 1319 3504 1374; x_wconf 77' lang='grc' dir='ltr'><strong>ἂν</strong></span> <span class='ocrx_word' id='word_1_404' title='bbox 3539 1320 3650 1390; x_wconf 82' lang='grc' dir='ltr'><strong>μά-</strong></span> 
     </span>
    </p>
   </div>
   <div class='ocr_carea' id='block_1_58' title="bbox 2066 1412 3651 1490">
    <p class='ocr_par' dir='ltr' id='par_1_58' title="bbox 2066 1412 3651 1490">
     <span class='ocr_line' id='line_1_58' title="bbox 2066 1412 3651 1490; baseline -0.009 -13"><span class='ocrx_word' id='word_1_405' title='bbox 2066 1424 2227 1477; x_wconf 86' lang='grc' dir='ltr'>λιστα</span> <span class='ocrx_word' id='word_1_406' title='bbox 2255 1423 2317 1475; x_wconf 80' lang='grc' dir='ltr'><strong>τὸ</strong></span> <span class='ocrx_word' id='word_1_407' title='bbox 2346 1418 2734 1490; x_wconf 77' lang='grc' dir='ltr'><strong>ἐπιτεταμένον</strong></span> <span class='ocrx_word' id='word_1_408' title='bbox 2759 1418 2861 1488; x_wconf 79' lang='grc' dir='ltr'>τῆς</span> <span class='ocrx_word' id='word_1_409' title='bbox 2894 1415 3190 1485; x_wconf 73' lang='grc' dir='ltr'><strong>ἐπιθυμίας</strong></span> <span class='ocrx_word' id='word_1_410' title='bbox 3227 1412 3317 1467; x_wconf 78' lang='grc' dir='ltr'><strong>διὰ</strong></span> <span class='ocrx_word' id='word_1_411' title='bbox 3344 1412 3440 1465; x_wconf 81' lang='grc' dir='ltr'>τοῦ</span> <span class='ocrx_word' id='word_1_412' title='bbox 3473 1412 3651 1482; x_wconf 78' lang='grc' dir='ltr'>ὕπερ·</span> 
     </span>
    </p>
   </div>
   <div class='ocr_carea' id='block_1_59' title="bbox 2065 1499 3645 1578">
    <p class='ocr_par' dir='ltr' id='par_1_59' title="bbox 2065 1499 3645 1578">
     <span class='ocr_line' id='line_1_59' title="bbox 2065 1499 3645 1578; baseline -0.006 -16"><span class='ocrx_word' id='word_1_413' title='bbox 2065 1508 2367 1571; x_wconf 83' lang='grc' dir='ltr'>ϐαλλόντως</span> <span class='ocrx_word' id='word_1_414' title='bbox 2387 1508 2446 1559; x_wconf 80' lang='grc' dir='ltr'><strong>ἐν</strong></span> <span class='ocrx_word' id='word_1_415' title='bbox 2468 1509 2534 1576; x_wconf 80' lang='grc' dir='ltr'>τῇ</span> <span class='ocrx_word' id='word_1_416' title='bbox 2547 1505 2675 1578; x_wconf 74' lang='grc' dir='ltr'>δίψῃ</span> <span class='ocrx_word' id='word_1_417' title='bbox 2690 1503 2971 1574; x_wconf 81' lang='grc' dir='ltr'><strong>γινομένου</strong></span> <span class='ocrx_word' id='word_1_418' title='bbox 2991 1501 3128 1568; x_wconf 81' lang='grc' dir='ltr'><strong>ζώου</strong></span> <span class='ocrx_word' id='word_1_419' title='bbox 3154 1501 3265 1573; x_wconf 82' lang='grc'><strong>(65)</strong></span> <span class='ocrx_word' id='word_1_420' title='bbox 3287 1499 3645 1570; x_wconf 86' lang='grc' dir='ltr'>ἐπιδειχθείη.</span> 
     </span>
    </p>
   </div>
   <div class='ocr_carea' id='block_1_60' title="bbox 2064 1587 3646 1665">
    <p class='ocr_par' dir='ltr' id='par_1_60' title="bbox 2064 1587 3646 1665">
     <span class='ocr_line' id='line_1_60' title="bbox 2064 1587 3646 1665; baseline -0.005 -14"><span class='ocrx_word' id='word_1_421' title='bbox 2064 1597 2235 1651; x_wconf 80' lang='grc' dir='ltr'>Τοῦτο</span> <span class='ocrx_word' id='word_1_422' title='bbox 2259 1597 2316 1650; x_wconf 86' lang='grc' dir='ltr'>δὲ</span> <span class='ocrx_word' id='word_1_423' title='bbox 2334 1596 2394 1650; x_wconf 87' lang='grc' dir='ltr'>τὸ</span> <span class='ocrx_word' id='word_1_424' title='bbox 2424 1596 2562 1662; x_wconf 79' lang='grc' dir='ltr'>ζῶον</span> <span class='ocrx_word' id='word_1_425' title='bbox 2584 1596 2779 1665; x_wconf 80' lang='grc' dir='ltr'>ἔλαφον</span> <span class='ocrx_word' id='word_1_426' title='bbox 2805 1594 2974 1664; x_wconf 81' lang='grc' dir='ltr'><strong>λέγει,</strong></span> <span class='ocrx_word' id='word_1_427' title='bbox 2995 1587 3040 1661; x_wconf 83' lang='grc' dir='ltr'>ᾧ</span> <span class='ocrx_word' id='word_1_428' title='bbox 3062 1592 3222 1662; x_wconf 89' lang='grc' dir='ltr'>φύσις</span> <span class='ocrx_word' id='word_1_429' title='bbox 3243 1592 3359 1644; x_wconf 71' lang='grc' dir='ltr'>ἐστὶ</span> <span class='ocrx_word' id='word_1_430' title='bbox 3380 1591 3443 1660; x_wconf 86' lang='grc' dir='ltr'>τῇ</span> <span class='ocrx_word' id='word_1_431' title='bbox 3467 1588 3646 1660; x_wconf 81' lang='grc' dir='ltr'>ἐδωδῇ</span> 
     </span>
    </p>
   </div>
   <div class='ocr_carea' id='block_1_61' title="bbox 2064 1681 3647 1760">
    <p class='ocr_par' dir='ltr' id='par_1_61' title="bbox 2064 1681 3647 1760">
     <span class='ocr_line' id='line_1_61' title="bbox 2064 1681 3647 1760; baseline -0.008 -15"><span class='ocrx_word' id='word_1_432' title='bbox 2064 1691 2174 1745; x_wconf 83' lang='grc' dir='ltr'><strong>τῶν</strong></span> <span class='ocrx_word' id='word_1_433' title='bbox 2222 1689 2441 1745; x_wconf 82' lang='grc' dir='ltr'>ἰοϐόλων</span> <span class='ocrx_word' id='word_1_434' title='bbox 2476 1688 2679 1760; x_wconf 84' lang='grc' dir='ltr'>θηρίων</span> <span class='ocrx_word' id='word_1_435' title='bbox 2707 1685 3043 1740; x_wconf 89' lang='grc' dir='ltr'>πιαίνεσθαι.</span> <span class='ocrx_word' id='word_1_436' title='bbox 3069 1683 3274 1755; x_wconf 80' lang='grc' dir='ltr'>Θερμοὶ</span> <span class='ocrx_word' id='word_1_437' title='bbox 3300 1683 3359 1737; x_wconf 89' lang='grc' dir='ltr'><strong>δέ</strong></span> <span class='ocrx_word' id='word_1_438' title='bbox 3399 1682 3496 1735; x_wconf 65' lang='grc' dir='ltr'>καὶ</span> <span class='ocrx_word' id='word_1_439' title='bbox 3519 1681 3647 1733; x_wconf 88' lang='grc' dir='ltr'>δια-</span> 
     </span>
    </p>
   </div>
   <div class='ocr_carea' id='block_1_62' title="bbox 1994 1750 3645 1850">
    <p class='ocr_par' dir='ltr' id='par_1_62' title="bbox 1994 1750 3645 1850">
     <span class='ocr_line' id='line_1_62' title="bbox 1994 1750 3645 1850; baseline 0.017 -18"><span class='ocrx_word' id='word_1_440' title='bbox 1994 1750 2038 1804; x_wconf 78' lang='grc' dir='ltr'>Β</span> <span class='ocrx_word' id='word_1_441' title='bbox 2065 1782 2218 1843; x_wconf 83' lang='grc' dir='ltr'>καεῖς</span> <span class='ocrx_word' id='word_1_442' title='bbox 2255 1781 2305 1833; x_wconf 83' lang='grc' dir='ltr'>οἱ</span> <span class='ocrx_word' id='word_1_443' title='bbox 2332 1779 2495 1850; x_wconf 72' lang='grc' dir='ltr'>χυμοὶ</span> <span class='ocrx_word' id='word_1_444' title='bbox 2517 1750 2624 1833; x_wconf 61' lang='grc' dir='ltr'><strong>ιὲὲιδν</strong></span> <span class='ocrx_word' id='word_1_445' title='bbox 2650 1776 2875 1848; x_wconf 91' lang='grc' dir='ltr'>θηρίων,</span> <span class='ocrx_word' id='word_1_446' title='bbox 2900 1770 2977 1829; x_wconf 84' lang='grc' dir='ltr'>ὧν</span> <span class='ocrx_word' id='word_1_447' title='bbox 2997 1750 3319 1844; x_wconf 45' lang='lat' dir='ltr'><strong>iuvares“</strong></span> <span class='ocrx_word' id='word_1_448' title='bbox 3355 1772 3389 1842; x_wconf 68' lang='grc' dir='ltr'><strong>ἡ</strong></span> <span class='ocrx_word' id='word_1_449' title='bbox 3419 1770 3645 1840; x_wconf 60' lang='grc' dir='ltr'><strong>ἐλαφοςν</strong></span> 
     </span>
    </p>
   </div>
   <div class='ocr_carea' id='block_1_63' title="bbox 2066 1860 3646 1942">
    <p class='ocr_par' dir='ltr' id='par_1_63' title="bbox 2066 1860 3646 1942">
     <span class='ocr_line' id='line_1_63' title="bbox 2066 1860 3646 1942; baseline -0.008 -17"><span class='ocrx_word' id='word_1_450' title='bbox 2066 1872 2334 1942; x_wconf 81' lang='grc' dir='ltr'>ξηροτέρα</span> <span class='ocrx_word' id='word_1_451' title='bbox 2373 1870 2581 1939; x_wconf 88' lang='grc' dir='ltr'>γίνεται</span> <span class='ocrx_word' id='word_1_452' title='bbox 2629 1871 2752 1922; x_wconf 83' lang='grc' dir='ltr'>κατ’</span> <span class='ocrx_word' id='word_1_453' title='bbox 2784 1867 3031 1936; x_wconf 84' lang='grc' dir='ltr'>ἀνάγκην</span> <span class='ocrx_word' id='word_1_454' title='bbox 3068 1861 3517 1935; x_wconf 60' lang='grc' dir='ltr'>φαρμαηυθείσα</span> <span class='ocrx_word' id='word_1_455' title='bbox 3560 1860 3646 1932; x_wconf 78' lang='grc' dir='ltr'>τῷ</span> 
     </span>
    </p>
   </div>
   <div class='ocr_carea' id='block_1_64' title="bbox 2065 1953 3646 2032">
    <p class='ocr_par' dir='ltr' id='par_1_64' title="bbox 2065 1953 3646 2032">
     <span class='ocr_line' id='line_1_64' title="bbox 2065 1953 3646 2032; baseline -0.007 -17"><span class='ocrx_word' id='word_1_456' title='bbox 2065 1962 2172 2015; x_wconf 83' lang='grc' dir='ltr'>τῶν</span> <span class='ocrx_word' id='word_1_457' title='bbox 2208 1961 2342 2032; x_wconf 80' lang='grc'><strong>(65⁵)</strong></span> <span class='ocrx_word' id='word_1_458' title='bbox 2373 1960 2577 2032; x_wconf 86' lang='grc' dir='ltr'>θηρίων</span> <span class='ocrx_word' id='word_1_459' title='bbox 2606 1958 2788 2031; x_wconf 83' lang='grc' dir='ltr'>χυμῷ.</span> <span class='ocrx_word' id='word_1_460' title='bbox 2842 1958 2952 2011; x_wconf 74' lang='grc' dir='ltr'><strong>Καὶ</strong></span> <span class='ocrx_word' id='word_1_461' title='bbox 2980 1957 3069 2010; x_wconf 82' lang='grc' dir='ltr'>διὰ</span> <span class='ocrx_word' id='word_1_462' title='bbox 3100 1954 3257 2009; x_wconf 77' lang='grc' dir='ltr'>τοῦτο</span> <span class='ocrx_word' id='word_1_463' title='bbox 3284 1953 3646 2025; x_wconf 86' lang='grc' dir='ltr'>σφοδρότερον</span> 
     </span>
    </p>
   </div>
   <div class='ocr_carea' id='block_1_65' title="bbox 2065 2043 3653 2123">
    <p class='ocr_par' dir='ltr' id='par_1_65' title="bbox 2065 2043 3653 2123">
     <span class='ocr_line' id='line_1_65' title="bbox 2065 2043 3653 2123; baseline -0.006 -17"><span class='ocrx_word' id='word_1_464' title='bbox 2065 2053 2325 2123; x_wconf 75' lang='grc' dir='ltr'>ἐπιθυμεῖ</span> <span class='ocrx_word' id='word_1_465' title='bbox 2347 2052 2442 2106; x_wconf 84' lang='grc' dir='ltr'>τοῦ</span> <span class='ocrx_word' id='word_1_466' title='bbox 2470 2050 2679 2114; x_wconf 79' lang='grc' dir='ltr'>ὕδατος,</span> <span class='ocrx_word' id='word_1_467' title='bbox 2701 2050 2788 2104; x_wconf 79' lang='grc' dir='ltr'>ἵνα</span> <span class='ocrx_word' id='word_1_468' title='bbox 2808 2049 3123 2121; x_wconf 80' lang='grc' dir='ltr'>θεραπεύσῃ</span> <span class='ocrx_word' id='word_1_469' title='bbox 3149 2046 3246 2117; x_wconf 76' lang='grc' dir='ltr'><strong>τὴν</strong></span> <span class='ocrx_word' id='word_1_470' title='bbox 3266 2049 3331 2099; x_wconf 82' lang='grc' dir='ltr'><strong>ἐκ</strong></span> <span class='ocrx_word' id='word_1_471' title='bbox 3349 2044 3448 2115; x_wconf 82' lang='grc' dir='ltr'>τῆς</span> <span class='ocrx_word' id='word_1_472' title='bbox 3468 2043 3653 2098; x_wconf 89' lang='grc' dir='ltr'>τοιαύ-</span> 
     </span>
    </p>
   </div>
   <div class='ocr_carea' id='block_1_66' title="bbox 2064 2137 3654 2214">
    <p class='ocr_par' dir='ltr' id='par_1_66' title="bbox 2064 2137 3654 2214">
     <span class='ocr_line' id='line_1_66' title="bbox 2064 2137 3654 2214; baseline -0.006 -17"><span class='ocrx_word' id='word_1_473' title='bbox 2064 2161 2165 2214; x_wconf 87' lang='grc' dir='ltr'><strong>της</strong></span> <span class='ocrx_word' id='word_1_474' title='bbox 2198 2141 2453 2214; x_wconf 83' lang='grc' dir='ltr'><strong>βρώσεως</strong></span> <span class='ocrx_word' id='word_1_475' title='bbox 2484 2142 2841 2213; x_wconf 87' lang='grc' dir='ltr'>ἐγγινομένην</span> <span class='ocrx_word' id='word_1_476' title='bbox 2873 2140 3167 2211; x_wconf 76' lang='grc' dir='ltr'><strong>ξηρότητα.</strong></span> <span class='ocrx_word' id='word_1_477' title='bbox 3213 2139 3275 2191; x_wconf 90' lang='lat'><strong>&#39;0</strong></span> <span class='ocrx_word' id='word_1_478' title='bbox 3302 2137 3479 2191; x_wconf 84' lang='grc' dir='ltr'>τοίνυν</span> <span class='ocrx_word' id='word_1_479' title='bbox 3507 2152 3654 2208; x_wconf 83' lang='grc' dir='ltr'>προ-</span> 
     </span>
    </p>
   </div>
   <div class='ocr_carea' id='block_1_67' title="bbox 2063 2227 3653 2307">
    <p class='ocr_par' dir='ltr' id='par_1_67' title="bbox 2063 2227 3653 2307">
     <span class='ocr_line' id='line_1_67' title="bbox 2063 2227 3653 2307; baseline -0.006 -18"><span class='ocrx_word' id='word_1_480' title='bbox 2063 2236 2336 2299; x_wconf 77' lang='grc' dir='ltr'>τελεσθεὶς</span> <span class='ocrx_word' id='word_1_481' title='bbox 2368 2235 2467 2307; x_wconf 78' lang='grc' dir='ltr'><strong>τὴν</strong></span> <span class='ocrx_word' id='word_1_482' title='bbox 2495 2235 2553 2288; x_wconf 88' lang='grc' dir='ltr'><strong>ἐν</strong></span> <span class='ocrx_word' id='word_1_483' title='bbox 2577 2235 2745 2305; x_wconf 79' lang='grc' dir='ltr'>ἀρετῇ</span> <span class='ocrx_word' id='word_1_484' title='bbox 2769 2232 2914 2302; x_wconf 77' lang='grc' dir='ltr'>ζωὴν</span> <span class='ocrx_word' id='word_1_485' title='bbox 2937 2235 2994 2285; x_wconf 87' lang='grc' dir='ltr'><strong>ἐν</strong></span> <span class='ocrx_word' id='word_1_486' title='bbox 3024 2229 3103 2301; x_wconf 80' lang='grc' dir='ltr'>τῷ</span> <span class='ocrx_word' id='word_1_487' title='bbox 3132 2228 3332 2300; x_wconf 84' lang='grc' dir='ltr'>πρώτῳ</span> <span class='ocrx_word' id='word_1_488' title='bbox 3360 2227 3516 2300; x_wconf 82' lang='grc' dir='ltr'>μέρει</span> <span class='ocrx_word' id='word_1_489' title='bbox 3546 2227 3653 2299; x_wconf 86' lang='grc' dir='ltr'>τῆς</span> 
     </span>
    </p>
   </div>
   <div class='ocr_carea' id='block_1_68' title="bbox 2063 2316 3651 2397">
    <p class='ocr_par' dir='ltr' id='par_1_68' title="bbox 2063 2316 3651 2397">
     <span class='ocr_line' id='line_1_68' title="bbox 2063 2316 3651 2397; baseline -0.006 -16"><span class='ocrx_word' id='word_1_490' title='bbox 2063 2327 2385 2397; x_wconf 73' lang='grc' dir='ltr'>ψαλμῳδίας</span> <span class='ocrx_word' id='word_1_491' title='bbox 2407 2367 2422 2392; x_wconf 88' lang='grc'><strong>,</strong></span> <span class='ocrx_word' id='word_1_492' title='bbox 2448 2327 2543 2380; x_wconf 76' lang='grc' dir='ltr'>καὶ</span> <span class='ocrx_word' id='word_1_493' title='bbox 2572 2324 2634 2378; x_wconf 81' lang='grc' dir='ltr'>τὸ</span> <span class='ocrx_word' id='word_1_494' title='bbox 2664 2324 2835 2393; x_wconf 80' lang='grc' dir='ltr'>γλυκὺ</span> <span class='ocrx_word' id='word_1_495' title='bbox 2866 2322 2960 2377; x_wconf 76' lang='grc' dir='ltr'>τοῦ</span> <span class='ocrx_word' id='word_1_496' title='bbox 2984 2321 3319 2392; x_wconf 84' lang='grc' dir='ltr'>ποθουμένου</span> <span class='ocrx_word' id='word_1_497' title='bbox 3350 2322 3418 2390; x_wconf 80' lang='grc' dir='ltr'>τῇ</span> <span class='ocrx_word' id='word_1_498' title='bbox 3454 2316 3651 2387; x_wconf 80' lang='grc' dir='ltr'>γεύσει</span> 
     </span>
    </p>
   </div>
   <div class='ocr_carea' id='block_1_69' title="bbox 2065 2410 3652 2489">
    <p class='ocr_par' dir='ltr' id='par_1_69' title="bbox 2065 2410 3652 2489">
     <span class='ocr_line' id='line_1_69' title="bbox 2065 2410 3652 2489; baseline -0.004 -19"><span class='ocrx_word' id='word_1_499' title='bbox 2065 2419 2369 2489; x_wconf 84' lang='grc' dir='ltr'>γνωρίσας,</span> <span class='ocrx_word' id='word_1_500' title='bbox 2414 2419 2732 2489; x_wconf 81' lang='grc' dir='ltr'>δαπανήσας</span> <span class='ocrx_word' id='word_1_501' title='bbox 2762 2416 2819 2469; x_wconf 86' lang='grc' dir='ltr'><strong>δέ</strong></span> <span class='ocrx_word' id='word_1_502' title='bbox 2851 2417 2960 2469; x_wconf 83' lang='grc' dir='ltr'><strong>πᾶν</strong></span> <span class='ocrx_word' id='word_1_503' title='bbox 2988 2413 3315 2486; x_wconf 81' lang='grc' dir='ltr'>ἐρπυστικὸν</span> <span class='ocrx_word' id='word_1_504' title='bbox 3347 2410 3652 2481; x_wconf 73' lang='grc' dir='ltr'>ἐπιθυμίας</span> 
     </span>
    </p>
   </div>
   <div class='ocr_carea' id='block_1_70' title="bbox 2066 2500 3648 2578">
    <p class='ocr_par' dir='ltr' id='par_1_70' title="bbox 2066 2500 3648 2578">
     <span class='ocr_line' id='line_1_70' title="bbox 2066 2500 3648 2578; baseline -0.006 -14"><span class='ocrx_word' id='word_1_505' title='bbox 2066 2508 2205 2574; x_wconf 73' lang='grc' dir='ltr'>εἶδος</span> <span class='ocrx_word' id='word_1_506' title='bbox 2246 2512 2303 2562; x_wconf 89' lang='grc' dir='ltr'><strong>ἐν</strong></span> <span class='ocrx_word' id='word_1_507' title='bbox 2337 2508 2515 2578; x_wconf 80' lang='grc' dir='ltr'>ἑαυτῷ</span> <span class='ocrx_word' id='word_1_508' title='bbox 2540 2549 2554 2569; x_wconf 89' lang='grc'><strong>,</strong></span> <span class='ocrx_word' id='word_1_509' title='bbox 2605 2509 2700 2561; x_wconf 81' lang='grc' dir='ltr'><strong>καὶ</strong></span> <span class='ocrx_word' id='word_1_510' title='bbox 2752 2509 2866 2571; x_wconf 84' lang='grc' dir='ltr'>τοῖς</span> <span class='ocrx_word' id='word_1_511' title='bbox 2907 2507 3008 2576; x_wconf 80' lang='grc' dir='ltr'>τῆς</span> <span class='ocrx_word' id='word_1_512' title='bbox 3063 2503 3417 2576; x_wconf 84' lang='grc' dir='ltr'>σωφροσύνης</span> <span class='ocrx_word' id='word_1_513' title='bbox 3456 2500 3648 2557; x_wconf 70' lang='grc' dir='ltr'>ἰδοῦσι</span> 
     </span>
    </p>
   </div>
   <div class='ocr_carea' id='block_1_71' title="bbox 2064 2591 3647 2669">
    <p class='ocr_par' dir='ltr' id='par_1_71' title="bbox 2064 2591 3647 2669">
     <span class='ocr_line' id='line_1_71' title="bbox 2064 2591 3647 2669; baseline -0.006 -14"><span class='ocrx_word' id='word_1_514' title='bbox 2064 2599 2342 2669; x_wconf 79' lang='grc' dir='ltr'>διαφαγὼν</span> <span class='ocrx_word' id='word_1_515' title='bbox 2373 2600 2493 2654; x_wconf 76' lang='grc' dir='ltr'>ἀντὶ</span> <span class='ocrx_word' id='word_1_516' title='bbox 2525 2598 2727 2669; x_wconf 83' lang='grc' dir='ltr'>θηρίων</span> <span class='ocrx_word' id='word_1_517' title='bbox 2775 2598 2844 2653; x_wconf 83' lang='grc' dir='ltr'>τὰ</span> <span class='ocrx_word' id='word_1_518' title='bbox 2886 2597 3033 2668; x_wconf 77' lang='grc' dir='ltr'>πάθη</span> <span class='ocrx_word' id='word_1_519' title='bbox 3057 2614 3070 2631; x_wconf 69' lang='grc' dir='ltr'><strong>ε</strong></span> <span class='ocrx_word' id='word_1_520' title='bbox 3097 2597 3227 2668; x_wconf 75' lang='grc' dir='ltr'>διψᾷ</span> <span class='ocrx_word' id='word_1_521' title='bbox 3252 2596 3352 2667; x_wconf 84' lang='grc' dir='ltr'>τῆς</span> <span class='ocrx_word' id='word_1_522' title='bbox 3378 2593 3474 2648; x_wconf 81' lang='grc' dir='ltr'>τοῦ</span> <span class='ocrx_word' id='word_1_523' title='bbox 3503 2591 3647 2647; x_wconf 79' lang='grc' dir='ltr'>Θεοῦ</span> 
     </span>
    </p>
   </div>
   <div class='ocr_carea' id='block_1_72' title="bbox 2069 2684 3649 2764">
    <p class='ocr_par' dir='ltr' id='par_1_72' title="bbox 2069 2684 3649 2764">
     <span class='ocr_line' id='line_1_72' title="bbox 2069 2684 3649 2764; baseline -0.006 -18"><span class='ocrx_word' id='word_1_524' title='bbox 2069 2693 2358 2764; x_wconf 85' lang='grc' dir='ltr'>μετουσίας</span> <span class='ocrx_word' id='word_1_525' title='bbox 2403 2691 2584 2755; x_wconf 81' lang='grc' dir='ltr'>πλέον,</span> <span class='ocrx_word' id='word_1_526' title='bbox 2616 2690 2649 2763; x_wconf 85' lang='grc' dir='ltr'>ἦ</span> <span class='ocrx_word' id='word_1_527' title='bbox 2687 2690 2808 2745; x_wconf 84' lang='grc' dir='ltr'>καθ’</span> <span class='ocrx_word' id='word_1_528' title='bbox 2838 2691 2964 2743; x_wconf 85' lang='grc' dir='ltr'>ὅσον</span> <span class='ocrx_word' id='word_1_529' title='bbox 2990 2689 3147 2742; x_wconf 77' lang='grc' dir='ltr'>ποθεῖ</span> <span class='ocrx_word' id='word_1_530' title='bbox 3177 2688 3276 2749; x_wconf 81' lang='grc' dir='ltr'><strong>τὰς</strong></span> <span class='ocrx_word' id='word_1_531' title='bbox 3316 2686 3501 2759; x_wconf 76' lang='grc' dir='ltr'>πηγὰς</span> <span class='ocrx_word' id='word_1_532' title='bbox 3532 2684 3649 2737; x_wconf 85' lang='grc' dir='ltr'>τῶν</span> 
     </span>
    </p>
   </div>
   <div class='ocr_carea' id='block_1_73' title="bbox 2067 2777 3648 2853">
    <p class='ocr_par' dir='ltr' id='par_1_73' title="bbox 2067 2777 3648 2853">
     <span class='ocr_line' id='line_1_73' title="bbox 2067 2777 3648 2853; baseline -0.006 -16"><span class='ocrx_word' id='word_1_533' title='bbox 2067 2784 2274 2838; x_wconf 82' lang='grc' dir='ltr'>ὑδάτων</span> <span class='ocrx_word' id='word_1_534' title='bbox 2305 2785 2338 2853; x_wconf 77' lang='grc' dir='ltr'>ἡ</span> <span class='ocrx_word' id='word_1_535' title='bbox 2375 2781 2589 2850; x_wconf 75' lang='grc' dir='ltr'>ἔλαφος.</span> <span class='ocrx_word' id='word_1_536' title='bbox 2624 2781 2860 2835; x_wconf 82' lang='grc' dir='ltr'>Ἕπεται</span> <span class='ocrx_word' id='word_1_537' title='bbox 2903 2780 2960 2833; x_wconf 81' lang='grc' dir='ltr'>δὲ</span> <span class='ocrx_word' id='word_1_538' title='bbox 2988 2779 3066 2849; x_wconf 84' lang='grc' dir='ltr'><strong>τῷ</strong></span> <span class='ocrx_word' id='word_1_539' title='bbox 3093 2779 3193 2848; x_wconf 82' lang='grc' dir='ltr'>τῆς</span> <span class='ocrx_word' id='word_1_540' title='bbox 3232 2777 3417 2848; x_wconf 82' lang='grc' dir='ltr'>πηγῆς</span> <span class='ocrx_word' id='word_1_541' title='bbox 3458 2777 3648 2829; x_wconf 83' lang='grc' dir='ltr'>ἐπιτυ-</span> 
     </span>
    </p>
   </div>
   <div class='ocr_carea' id='block_1_74' title="bbox 2065 2863 3648 2945">
    <p class='ocr_par' dir='ltr' id='par_1_74' title="bbox 2065 2863 3648 2945">
     <span class='ocr_line' id='line_1_74' title="bbox 2065 2863 3648 2945; baseline -0.006 -19"><span class='ocrx_word' id='word_1_542' title='bbox 2065 2874 2212 2945; x_wconf 89' lang='grc' dir='ltr'>χόντι</span> <span class='ocrx_word' id='word_1_543' title='bbox 2255 2873 2391 2943; x_wconf 75' lang='grc' dir='ltr'>μετὰ</span> <span class='ocrx_word' id='word_1_544' title='bbox 2417 2873 2514 2941; x_wconf 77' lang='grc' dir='ltr'>τὴν</span> <span class='ocrx_word' id='word_1_545' title='bbox 2556 2869 2997 2941; x_wconf 78' lang='grc' dir='ltr'>ὑπερϐάλλουσαν</span> <span class='ocrx_word' id='word_1_546' title='bbox 3029 2867 3187 2936; x_wconf 61' lang='grc' dir='ltr'>δίψαν</span> <span class='ocrx_word' id='word_1_547' title='bbox 3218 2863 3475 2918; x_wconf 80' lang='grc' dir='ltr'>τοσοῦτον</span> <span class='ocrx_word' id='word_1_548' title='bbox 3502 2864 3648 2917; x_wconf 77' lang='grc' dir='ltr'>σπᾶ-</span> 
     </span>
    </p>
   </div>
   <div class='ocr_carea' id='block_1_75' title="bbox 2067 2955 3650 3032">
    <p class='ocr_par' dir='ltr' id='par_1_75' title="bbox 2067 2955 3650 3032">
     <span class='ocr_line' id='line_1_75' title="bbox 2067 2955 3650 3032; baseline -0.006 -15"><span class='ocrx_word' id='word_1_549' title='bbox 2067 2982 2159 3019; x_wconf 91' lang='grc' dir='ltr'><strong>σαι</strong></span> <span class='ocrx_word' id='word_1_550' title='bbox 2182 2965 2274 3018; x_wconf 81' lang='grc' dir='ltr'>τοῦ</span> <span class='ocrx_word' id='word_1_551' title='bbox 2308 2964 2519 3025; x_wconf 78' lang='grc' dir='ltr'>ὓδατος,</span> <span class='ocrx_word' id='word_1_552' title='bbox 2548 2964 2671 3015; x_wconf 82' lang='grc' dir='ltr'>ὅσον</span> <span class='ocrx_word' id='word_1_553' title='bbox 2706 2963 2739 3032; x_wconf 82' lang='grc' dir='ltr'>ὴ</span> <span class='ocrx_word' id='word_1_554' title='bbox 2766 2960 3032 3030; x_wconf 84' lang='grc' dir='ltr'>ἐπιθυμία</span> <span class='ocrx_word' id='word_1_555' title='bbox 3057 2959 3178 3013; x_wconf 80' lang='grc' dir='ltr'>κατ’</span> <span class='ocrx_word' id='word_1_556' title='bbox 3203 2956 3452 3024; x_wconf 78' lang='grc' dir='ltr'>ἐξουσίαν</span> <span class='ocrx_word' id='word_1_557' title='bbox 3481 2955 3650 3025; x_wconf 77' lang='grc' dir='ltr'>ἐφέλ-</span> 
     </span>
    </p>
   </div>
   <div class='ocr_carea' id='block_1_76' title="bbox 2068 3046 3644 3121">
    <p class='ocr_par' dir='ltr' id='par_1_76' title="bbox 2068 3046 3644 3121">
     <span class='ocr_line' id='line_1_76' title="bbox 2068 3046 3644 3121; baseline -0.008 -11"><span class='ocrx_word' id='word_1_558' title='bbox 2068 3072 2242 3110; x_wconf 87' lang='grc' dir='ltr'>κεται.</span> <span class='ocrx_word' id='word_1_559' title='bbox 2297 3055 2353 3108; x_wconf 85' lang='lat'><strong>&#39;0</strong></span> <span class='ocrx_word' id='word_1_560' title='bbox 2397 3053 2453 3106; x_wconf 83' lang='grc' dir='ltr'>δὲ</span> <span class='ocrx_word' id='word_1_561' title='bbox 2494 3050 2674 3105; x_wconf 87' lang='grc' dir='ltr'>λαϐὼν</span> <span class='ocrx_word' id='word_1_562' title='bbox 2703 3053 2759 3104; x_wconf 86' lang='grc' dir='ltr'><strong>ἐν</strong></span> <span class='ocrx_word' id='word_1_563' title='bbox 2797 3050 2976 3121; x_wconf 83' lang='grc' dir='ltr'>ἐαυτῷ</span> <span class='ocrx_word' id='word_1_564' title='bbox 3010 3050 3071 3103; x_wconf 80' lang='grc' dir='ltr'><strong>τὸ</strong></span> <span class='ocrx_word' id='word_1_565' title='bbox 3101 3048 3441 3119; x_wconf 87' lang='grc' dir='ltr'>ποθούμενον</span> <span class='ocrx_word' id='word_1_566' title='bbox 3499 3046 3644 3117; x_wconf 72' lang='grc' dir='ltr'>πλή-</span> 
     </span>
    </p>
   </div>
   <div class='ocr_carea' id='block_1_77' title="bbox 2071 3134 3650 3221">
    <p class='ocr_par' dir='ltr' id='par_1_77' title="bbox 2071 3134 3650 3221">
     <span class='ocr_line' id='line_1_77' title="bbox 2071 3134 3650 3221; baseline -0.03 -1"><span class='ocrx_word' id='word_1_567' title='bbox 2071 3164 2172 3221; x_wconf 84' lang='grc' dir='ltr'><strong>ρης</strong></span> <span class='ocrx_word' id='word_1_568' title='bbox 2198 3146 2344 3200; x_wconf 76' lang='grc' dir='ltr'>ἐστὶν</span> <span class='ocrx_word' id='word_1_569' title='bbox 2391 3137 2452 3197; x_wconf 74' lang='grc' dir='ltr'>οὗ</span> <span class='ocrx_word' id='word_1_570' title='bbox 2482 3142 2766 3213; x_wconf 82' lang='grc' dir='ltr'>ἐπόθησεν.</span> <span class='ocrx_word' id='word_1_571' title='bbox 2813 3141 2888 3194; x_wconf 81' lang='grc' dir='ltr'><strong>Οὐ</strong></span> <span class='ocrx_word' id='word_1_572' title='bbox 2923 3143 3033 3211; x_wconf 79' lang='grc' dir='ltr'>γάρ</span> <span class='ocrx_word' id='word_1_573' title='bbox 3075 3138 3200 3193; x_wconf 87' lang='grc' dir='ltr'>καθ’</span> <span class='ocrx_word' id='word_1_574' title='bbox 3224 3135 3522 3208; x_wconf 74' lang='grc' dir='ltr'>ὁμοιότητα</span> <span class='ocrx_word' id='word_1_575' title='bbox 3543 3134 3650 3204; x_wconf 72' lang='grc' dir='ltr'><strong>τῆς</strong></span> 
     </span>
    </p>
   </div>
   <div class='ocr_carea' id='block_1_78' title="bbox 2066 3228 3653 3309">
    <p class='ocr_par' dir='ltr' id='par_1_78' title="bbox 2066 3228 3653 3309">
     <span class='ocr_line' id='line_1_78' title="bbox 2066 3228 3653 3309; baseline -0.01 -15"><span class='ocrx_word' id='word_1_576' title='bbox 2066 3243 2125 3294; x_wconf 93' lang='grc' dir='ltr'><strong>ἐν</strong></span> <span class='ocrx_word' id='word_1_577' title='bbox 2160 3239 2371 3309; x_wconf 87' lang='grc' dir='ltr'>σώματι</span> <span class='ocrx_word' id='word_1_578' title='bbox 2395 3235 2712 3307; x_wconf 84' lang='grc' dir='ltr'>πλησμονῆς</span> <span class='ocrx_word' id='word_1_579' title='bbox 2734 3232 2985 3287; x_wconf 85' lang='grc' dir='ltr'>κενοῦται</span> <span class='ocrx_word' id='word_1_580' title='bbox 3025 3230 3187 3284; x_wconf 79' lang='grc' dir='ltr'>πάλιν</span> <span class='ocrx_word' id='word_1_581' title='bbox 3218 3229 3280 3281; x_wconf 82' lang='grc' dir='ltr'><strong>τὸ</strong></span> <span class='ocrx_word' id='word_1_582' title='bbox 3309 3228 3524 3299; x_wconf 80' lang='grc' dir='ltr'>πλῆρες</span> <span class='ocrx_word' id='word_1_583' title='bbox 3550 3241 3653 3295; x_wconf 76' lang='grc' dir='ltr'>γε·</span> 
     </span>
    </p>
   </div>
   <div class='ocr_carea' id='block_1_79' title="bbox 2066 3317 3644 3402">
    <p class='ocr_par' dir='ltr' id='par_1_79' title="bbox 2066 3317 3644 3402">
     <span class='ocr_line' id='line_1_79' title="bbox 2066 3317 3644 3402; baseline -0.011 -16"><span class='ocrx_word' id='word_1_584' title='bbox 2066 3332 2318 3402; x_wconf 77' lang='grc' dir='ltr'>νόμενονο</span> <span class='ocrx_word' id='word_1_585' title='bbox 2366 3328 2486 3381; x_wconf 82' lang='grc' dir='ltr'>οὐδὲ</span> <span class='ocrx_word' id='word_1_586' title='bbox 2516 3324 2683 3397; x_wconf 81' lang='grc' dir='ltr'>ἀργὸν</span> <span class='ocrx_word' id='word_1_587' title='bbox 2718 3326 2776 3377; x_wconf 84' lang='grc' dir='ltr'><strong>ἐν</strong></span> <span class='ocrx_word' id='word_1_588' title='bbox 2821 3321 2999 3389; x_wconf 77' lang='grc' dir='ltr'>ἑαυτῷ</span> <span class='ocrx_word' id='word_1_589' title='bbox 3026 3321 3087 3374; x_wconf 83' lang='grc' dir='ltr'><strong>τὸ</strong></span> <span class='ocrx_word' id='word_1_590' title='bbox 3128 3319 3293 3373; x_wconf 77' lang='grc' dir='ltr'>ποτὸν</span> <span class='ocrx_word' id='word_1_591' title='bbox 3343 3317 3598 3387; x_wconf 81' lang='grc' dir='ltr'>διαμένει</span> <span class='ocrx_word' id='word_1_592' title='bbox 3625 3332 3644 3348; x_wconf 75' lang='grc' dir='ltr'><strong><em>ο</em></strong></span> 
     </span>
    </p>
   </div>
   <div class='ocr_carea' id='block_1_80' title="bbox 2068 3408 3651 3493">
    <p class='ocr_par' dir='ltr' id='par_1_80' title="bbox 2068 3408 3651 3493">
     <span class='ocr_line' id='line_1_80' title="bbox 2068 3408 3651 3493; baseline -0.012 -16"><span class='ocrx_word' id='word_1_593' title='bbox 2068 3423 2181 3476; x_wconf 86' lang='grc' dir='ltr'>ἀλλ’</span> <span class='ocrx_word' id='word_1_594' title='bbox 2212 3424 2245 3493; x_wconf 83' lang='grc' dir='ltr'><strong>ἡ</strong></span> <span class='ocrx_word' id='word_1_595' title='bbox 2288 3420 2405 3475; x_wconf 88' lang='grc' dir='ltr'>θεία</span> <span class='ocrx_word' id='word_1_596' title='bbox 2441 3417 2613 3490; x_wconf 80' lang='grc' dir='ltr'>πηγὴ,</span> <span class='ocrx_word' id='word_1_597' title='bbox 2649 3418 2706 3469; x_wconf 88' lang='grc' dir='ltr'><strong>ἐν</strong></span> <span class='ocrx_word' id='word_1_598' title='bbox 2739 3409 2893 3485; x_wconf 84' lang='grc' dir='ltr'>ᾧπερ</span> <span class='ocrx_word' id='word_1_599' title='bbox 2935 3411 3002 3467; x_wconf 68' lang='grc' dir='ltr'><strong>ἂν</strong></span> <span class='ocrx_word' id='word_1_600' title='bbox 3033 3410 3280 3482; x_wconf 86' lang='grc' dir='ltr'>γένηται,</span> <span class='ocrx_word' id='word_1_601' title='bbox 3327 3409 3467 3480; x_wconf 79' lang='grc' dir='ltr'>πρὸς</span> <span class='ocrx_word' id='word_1_602' title='bbox 3518 3408 3651 3460; x_wconf 86' lang='grc' dir='ltr'>ἐαυ-</span> 
     </span>
    </p>
   </div>
   <div class='ocr_carea' id='block_1_81' title="bbox 2066 3499 3652 3584">
    <p class='ocr_par' dir='ltr' id='par_1_81' title="bbox 2066 3499 3652 3584">
     <span class='ocr_line' id='line_1_81' title="bbox 2066 3499 3652 3584; baseline -0.009 -16"><span class='ocrx_word' id='word_1_603' title='bbox 2066 3514 2163 3584; x_wconf 83' lang='grc' dir='ltr'>τὴν</span> <span class='ocrx_word' id='word_1_604' title='bbox 2192 3514 2475 3584; x_wconf 84' lang='grc' dir='ltr'>μεταποιεῖ</span> <span class='ocrx_word' id='word_1_605' title='bbox 2495 3511 2587 3564; x_wconf 83' lang='grc' dir='ltr'>τὸν</span> <span class='ocrx_word' id='word_1_606' title='bbox 2622 3508 2919 3579; x_wconf 78' lang='grc' dir='ltr'>ἁψάμενον,</span> <span class='ocrx_word' id='word_1_607' title='bbox 2946 3505 3040 3559; x_wconf 79' lang='grc' dir='ltr'>καὶ</span> <span class='ocrx_word' id='word_1_608' title='bbox 3068 3501 3515 3579; x_wconf 67' lang='grc' dir='ltr'><strong>Δσυμμιεταδίδωιτι</strong></span> <span class='ocrx_word' id='word_1_609' title='bbox 3546 3499 3652 3572; x_wconf 74' lang='grc' dir='ltr'>τῆς</span> 
     </span>
    </p>
   </div>
   <div class='ocr_carea' id='block_1_82' title="bbox 2072 3603 2541 3674">
    <p class='ocr_par' dir='ltr' id='par_1_82' title="bbox 2072 3603 2541 3674">
     <span class='ocr_line' id='line_1_82' title="bbox 2072 3603 2541 3674; baseline -0.011 -15"><span class='ocrx_word' id='word_1_610' title='bbox 2072 3605 2208 3669; x_wconf 83' lang='grc' dir='ltr'>ἰδίας</span> <span class='ocrx_word' id='word_1_611' title='bbox 2239 3603 2541 3674; x_wconf 82' lang='grc' dir='ltr'>δυνάμεως.</span> 
     </span>
    </p>
   </div>
   <div class='ocr_carea' id='block_1_83' title="bbox 2589 3835 3114 3904">
    <p class='ocr_par' dir='ltr' id='par_1_83' title="bbox 2589 3835 3114 3904">
     <span class='ocr_line' id='line_1_83' title="bbox 2589 3835 3114 3904; baseline -0.015 -7"><span class='ocrx_word' id='word_1_612' title='bbox 2589 3837 2987 3897; x_wconf 77' lang='grc' dir='ltr'><strong>ΚΕΦΑΛΑΙΟΝ</strong></span> <span class='ocrx_word' id='word_1_613' title='bbox 3021 3835 3114 3904; x_wconf 77' lang='lat' dir='ltr'><strong>q&#39;.</strong></span> 
     </span>
    </p>
   </div>
   <div class='ocr_carea' id='block_1_84' title="bbox 2151 3966 3649 4055">
    <p class='ocr_par' dir='ltr' id='par_1_84' title="bbox 2151 3966 3649 4055">
     <span class='ocr_line' id='line_1_84' title="bbox 2151 3966 3649 4055; baseline -0.011 -16"><span class='ocrx_word' id='word_1_614' title='bbox 2151 3984 2309 4039; x_wconf 79' lang='grc' dir='ltr'>Ἀλλὰ</span> <span class='ocrx_word' id='word_1_615' title='bbox 2340 3980 2444 4055; x_wconf 80' lang='grc' dir='ltr'>μὴν</span> <span class='ocrx_word' id='word_1_616' title='bbox 2481 3980 2608 4034; x_wconf 76' lang='grc' dir='ltr'>ἴδιόν</span> <span class='ocrx_word' id='word_1_617' title='bbox 2645 3980 2763 4031; x_wconf 82' lang='grc' dir='ltr'>ἐστι</span> <span class='ocrx_word' id='word_1_618' title='bbox 2794 3973 3214 4048; x_wconf 77' lang='grc' dir='ltr'>τῆςΘεότητοςή</span> <span class='ocrx_word' id='word_1_619' title='bbox 3243 3966 3519 4040; x_wconf 75' lang='grc' dir='ltr'>ἐποπτικὴ</span> <span class='ocrx_word' id='word_1_620' title='bbox 3538 3967 3649 4023; x_wconf 75' lang='grc' dir='ltr'>τῶν</span> 
     </span>
    </p>
   </div>
   <div class='ocr_carea' id='block_1_85' title="bbox 2068 4058 3649 4142">
    <p class='ocr_par' dir='ltr' id='par_1_85' title="bbox 2068 4058 3649 4142">
     <span class='ocr_line' id='line_1_85' title="bbox 2068 4058 3649 4142; baseline -0.013 -12"><span class='ocrx_word' id='word_1_621' title='bbox 2068 4075 2236 4129; x_wconf 79' lang='grc' dir='ltr'>ὅντων</span> <span class='ocrx_word' id='word_1_622' title='bbox 2292 4069 2518 4142; x_wconf 86' lang='grc' dir='ltr'>δύναμίς</span> <span class='ocrx_word' id='word_1_623' title='bbox 2563 4086 2624 4121; x_wconf 92' lang='grc' dir='ltr'><strong>τε</strong></span> <span class='ocrx_word' id='word_1_624' title='bbox 2670 4066 2766 4120; x_wconf 62' lang='grc' dir='ltr'><strong>καὶ¹</strong></span> <span class='ocrx_word' id='word_1_625' title='bbox 2809 4064 3076 4133; x_wconf 84' lang='grc' dir='ltr'>ἐνέργεια.</span> <span class='ocrx_word' id='word_1_626' title='bbox 3124 4058 3336 4113; x_wconf 79' lang='grc' dir='ltr'>Οὐκοῦν</span> <span class='ocrx_word' id='word_1_627' title='bbox 3376 4059 3409 4110; x_wconf 84' lang='grc' dir='ltr'><strong>ὁ</strong></span> <span class='ocrx_word' id='word_1_628' title='bbox 3450 4059 3511 4109; x_wconf 90' lang='grc' dir='ltr'><strong>ἐν</strong></span> <span class='ocrx_word' id='word_1_629' title='bbox 3554 4058 3649 4111; x_wconf 70' lang='grc' dir='ltr'>αύο</span> 
     </span>
    </p>
   </div>
   <div class='ocr_carea' id='block_1_86' title="bbox 2067 4147 3649 4237">
    <p class='ocr_par' dir='ltr' id='par_1_86' title="bbox 2067 4147 3649 4237">
     <span class='ocr_line' id='line_1_86' title="bbox 2067 4147 3649 4237; baseline -0.015 -16"><span class='ocrx_word' id='word_1_630' title='bbox 2067 4161 2145 4237; x_wconf 82' lang='grc' dir='ltr'>τῷ</span> <span class='ocrx_word' id='word_1_631' title='bbox 2173 4163 2284 4237; x_wconf 75' lang='grc'><strong>(64)</strong></span> <span class='ocrx_word' id='word_1_632' title='bbox 2313 4162 2471 4234; x_wconf 72' lang='grc' dir='ltr'>ἔχων,</span> <span class='ocrx_word' id='word_1_633' title='bbox 2514 4159 2650 4230; x_wconf 81' lang='grc' dir='ltr'>ὅπερ</span> <span class='ocrx_word' id='word_1_634' title='bbox 2693 4155 2948 4225; x_wconf 80' lang='grc' dir='ltr'>ἐπόθησε,</span> <span class='ocrx_word' id='word_1_635' title='bbox 3002 4152 3095 4206; x_wconf 78' lang='grc' dir='ltr'>καὶ</span> <span class='ocrx_word' id='word_1_636' title='bbox 3137 4151 3302 4214; x_wconf 80' lang='grc' dir='ltr'>αὐτὸς</span> <span class='ocrx_word' id='word_1_637' title='bbox 3351 4147 3649 4211; x_wconf 78' lang='grc' dir='ltr'>ἐποπτικὺς</span> 
     </span>
    </p>
   </div>
   <div class='ocr_carea' id='block_1_87' title="bbox 2067 4239 3650 4329">
    <p class='ocr_par' dir='ltr' id='par_1_87' title="bbox 2067 4239 3650 4329">
     <span class='ocr_line' id='line_1_87' title="bbox 2067 4239 3650 4329; baseline -0.013 -17"><span class='ocrx_word' id='word_1_638' title='bbox 2067 4257 2298 4329; x_wconf 88' lang='grc' dir='ltr'>γίνεται,</span> <span class='ocrx_word' id='word_1_639' title='bbox 2334 4256 2427 4310; x_wconf 79' lang='grc' dir='ltr'><strong>καὶ</strong></span> <span class='ocrx_word' id='word_1_640' title='bbox 2463 4251 2564 4324; x_wconf 85' lang='grc' dir='ltr'><strong>τὴν</strong></span> <span class='ocrx_word' id='word_1_641' title='bbox 2594 4250 2706 4304; x_wconf 86' lang='grc' dir='ltr'><strong>τῶν</strong></span> <span class='ocrx_word' id='word_1_642' title='bbox 2740 4248 2908 4302; x_wconf 72' lang='grc' dir='ltr'>ὄντων</span> <span class='ocrx_word' id='word_1_643' title='bbox 2932 4245 3305 4298; x_wconf 79' lang='grc' dir='ltr'>διασκοπεῖται</span> <span class='ocrx_word' id='word_1_644' title='bbox 3334 4240 3523 4311; x_wconf 86' lang='grc' dir='ltr'>φύσιν.</span> <span class='ocrx_word' id='word_1_645' title='bbox 3553 4239 3650 4293; x_wconf 68' lang='grc' dir='ltr'><strong>Διὸ</strong></span> 
     </span>
    </p>
   </div>
   <div class='ocr_carea' id='block_1_88' title="bbox 2068 4330 3651 4417">
    <p class='ocr_par' dir='ltr' id='par_1_88' title="bbox 2068 4330 3651 4417">
     <span class='ocr_line' id='line_1_88' title="bbox 2068 4330 3651 4417; baseline -0.016 -11"><span class='ocrx_word' id='word_1_646' title='bbox 2068 4350 2224 4406; x_wconf 79' lang='grc' dir='ltr'>τοῦτο</span> <span class='ocrx_word' id='word_1_647' title='bbox 2259 4347 2353 4402; x_wconf 80' lang='grc' dir='ltr'>τοῦ</span> <span class='ocrx_word' id='word_1_648' title='bbox 2399 4345 2583 4417; x_wconf 86' lang='grc' dir='ltr'>τρίτου</span> <span class='ocrx_word' id='word_1_649' title='bbox 2624 4342 2911 4413; x_wconf 85' lang='grc' dir='ltr'>τμήματος</span> <span class='ocrx_word' id='word_1_650' title='bbox 2956 4336 3057 4406; x_wconf 83' lang='grc' dir='ltr'>τῆς</span> <span class='ocrx_word' id='word_1_651' title='bbox 3095 4332 3416 4404; x_wconf 78' lang='grc' dir='ltr'>ψαλμῳδίας</span> <span class='ocrx_word' id='word_1_652' title='bbox 3442 4330 3651 4399; x_wconf 81' lang='grc' dir='ltr'>ταύτην</span> 
     </span>
    </p>
   </div>
   <div class='ocr_carea' id='block_1_89' title="bbox 398 4420 1966 4515">
    <p class='ocr_par' dir='ltr' id='par_1_89' title="bbox 398 4432 1966 4505">
     <span class='ocr_line' id='line_1_89' title="bbox 398 4432 1966 4505; baseline -0.001 -17"><span class='ocrx_word' id='word_1_653' title='bbox 398 4449 522 4488; x_wconf 90' lang='lat' dir='ltr'><strong>nem</strong></span> <span class='ocrx_word' id='word_1_654' title='bbox 551 4434 622 4489; x_wconf 90' lang='lat' dir='ltr'><strong>ab</strong></span> <span class='ocrx_word' id='word_1_655' title='bbox 661 4434 767 4488; x_wconf 87' lang='lat' dir='ltr'><strong>hoc</strong></span> <span class='ocrx_word' id='word_1_656' title='bbox 795 4435 1062 4505; x_wconf 92' lang='lat' dir='ltr'><strong>principio</strong></span> <span class='ocrx_word' id='word_1_657' title='bbox 1093 4435 1411 4505; x_wconf 88' lang='lat' dir='ltr'><strong>auspicatus</strong></span> <span class='ocrx_word' id='word_1_658' title='bbox 1444 4443 1550 4498; x_wconf 90' lang='lat' dir='ltr'><strong>est,</strong></span> <span class='ocrx_word' id='word_1_659' title='bbox 1598 4449 1704 4505; x_wconf 89' lang='lat' dir='ltr'><strong>qua</strong></span> <span class='ocrx_word' id='word_1_660' title='bbox 1750 4432 1966 4504; x_wconf 83' lang='lat' dir='ltr'><strong>potissi-</strong></span> 
     </span>
    </p>
   </div>
   <div class='ocr_carea' id='block_1_90' title="bbox 2071 4420 3651 4515">
    <p class='ocr_par' dir='ltr' id='par_1_90' title="bbox 2075 4420 3651 4515">
     <span class='ocr_line' id='line_1_90' title="bbox 2075 4420 3651 4515; baseline -0.015 -16"><span class='ocrx_word' id='word_1_661' title='bbox 2075 4444 2366 4515; x_wconf 89' lang='grc' dir='ltr'>πεποίηται</span> <span class='ocrx_word' id='word_1_662' title='bbox 2387 4439 2486 4509; x_wconf 82' lang='grc' dir='ltr'><strong>τὴν</strong></span> <span class='ocrx_word' id='word_1_663' title='bbox 2514 4435 2707 4508; x_wconf 82' lang='grc' dir='ltr'>ἀρχὴν,</span> <span class='ocrx_word' id='word_1_664' title='bbox 2741 4434 2800 4485; x_wconf 85' lang='grc' dir='ltr'><strong>ἐν</strong></span> <span class='ocrx_word' id='word_1_665' title='bbox 2827 4423 2872 4500; x_wconf 80' lang='grc' dir='ltr'>ᾧ</span> <span class='ocrx_word' id='word_1_666' title='bbox 2898 4428 3058 4483; x_wconf 80' lang='grc' dir='ltr'>τοῦτο</span> <span class='ocrx_word' id='word_1_667' title='bbox 3085 4426 3318 4497; x_wconf 78' lang='grc' dir='ltr'>μάλιστα</span> <span class='ocrx_word' id='word_1_668' title='bbox 3342 4420 3651 4490; x_wconf 74' lang='grc' dir='ltr'>διεξετάζει</span> 
     </span>
    </p>
   </div>
   <div class='ocr_carea' id='block_1_91' title="bbox 399 4525 1970 4597">
    <p class='ocr_par' dir='ltr' id='par_1_91' title="bbox 399 4525 1970 4597">
     <span class='ocr_line' id='line_1_91' title="bbox 399 4525 1970 4597; baseline -0.001 -18"><span class='ocrx_word' id='word_1_669' title='bbox 399 4540 549 4580; x_wconf 87' lang='lat' dir='ltr'><strong>mum</strong></span> <span class='ocrx_word' id='word_1_670' title='bbox 598 4525 846 4595; x_wconf 89' lang='lat' dir='ltr'><strong>inquirit,</strong></span> <span class='ocrx_word' id='word_1_671' title='bbox 886 4526 1163 4596; x_wconf 81' lang='lat' dir='ltr'><strong>quomodo</strong></span> <span class='ocrx_word' id='word_1_672' title='bbox 1209 4526 1423 4597; x_wconf 86' lang='lat' dir='ltr'><strong>justitia</strong></span> <span class='ocrx_word' id='word_1_673' title='bbox 1454 4526 1629 4582; x_wconf 90' lang='lat' dir='ltr'><strong>divini</strong></span> <span class='ocrx_word' id='word_1_674' title='bbox 1679 4526 1874 4597; x_wconf 88' lang='lat' dir='ltr'><strong>judicii</strong></span> <span class='ocrx_word' id='word_1_675' title='bbox 1914 4525 1970 4579; x_wconf 81' lang='lat' dir='ltr'><strong>in</strong></span> 
     </span>
    </p>
   </div>
   <div class='ocr_carea' id='block_1_92' title="bbox 402 4617 1970 4694">
    <p class='ocr_par' dir='ltr' id='par_1_92' title="bbox 402 4617 1970 4694">
     <span class='ocr_line' id='line_1_92' title="bbox 402 4617 1970 4694; baseline 0.008 -25"><span class='ocrx_word' id='word_1_676' title='bbox 402 4617 767 4687; x_wconf 75' lang='lat' dir='ltr'><strong>inzequalitate</strong></span> <span class='ocrx_word' id='word_1_677' title='bbox 831 4617 994 4688; x_wconf 89' lang='lat' dir='ltr'><strong>hujus</strong></span> <span class='ocrx_word' id='word_1_678' title='bbox 1040 4621 1165 4674; x_wconf 69' lang='lat' dir='ltr'><strong>vitae</strong></span> <span class='ocrx_word' id='word_1_679' title='bbox 1207 4627 1479 4686; x_wconf 89' lang='lat' dir='ltr'><strong>servetur,</strong></span> <span class='ocrx_word' id='word_1_680' title='bbox 1526 4621 1970 4694; x_wconf 81' lang='lat' dir='ltr'><strong>quandoquidem</strong></span> 
     </span>
    </p>
   </div>
   <div class='ocr_carea' id='block_1_93' title="bbox 396 4712 1970 4787">
    <p class='ocr_par' dir='ltr' id='par_1_93' title="bbox 396 4712 1970 4787">
     <span class='ocr_line' id='line_1_93' title="bbox 396 4712 1970 4787; baseline 0.009 -29"><span class='ocrx_word' id='word_1_681' title='bbox 396 4712 721 4781; x_wconf 67' lang='lat' dir='ltr'><strong>plerumque</strong></span> <span class='ocrx_word' id='word_1_682' title='bbox 740 4725 847 4766; x_wconf 84' lang='lat' dir='ltr'><strong>non</strong></span> <span class='ocrx_word' id='word_1_683' title='bbox 876 4726 974 4782; x_wconf 87' lang='lat' dir='ltr'><strong>pro</strong></span> <span class='ocrx_word' id='word_1_684' title='bbox 999 4713 1211 4768; x_wconf 89' lang='lat' dir='ltr'><strong>meritis</strong></span> <span class='ocrx_word' id='word_1_685' title='bbox 1241 4729 1306 4769; x_wconf 75' lang='lat' dir='ltr'><strong>ex</strong></span> <span class='ocrx_word' id='word_1_686' title='bbox 1335 4712 1602 4783; x_wconf 80' lang='lat' dir='ltr'><strong>dignitate</strong></span> <span class='ocrx_word' id='word_1_687' title='bbox 1628 4715 1970 4787; x_wconf 82' lang='lat' dir='ltr'><strong>singulorum</strong></span> 
     </span>
    </p>
   </div>
   <div class='ocr_carea' id='block_1_94' title="bbox 401 4802 1970 4878">
    <p class='ocr_par' dir='ltr' id='par_1_94' title="bbox 401 4802 1970 4878">
     <span class='ocr_line' id='line_1_94' title="bbox 401 4802 1970 4878; baseline 0.004 -24"><span class='ocrx_word' id='word_1_688' title='bbox 401 4802 631 4858; x_wconf 79' lang='lat' dir='ltr'><strong>felicitas</strong></span> <span class='ocrx_word' id='word_1_689' title='bbox 665 4803 719 4856; x_wconf 95' lang='lat' dir='ltr'><strong>in</strong></span> <span class='ocrx_word' id='word_1_690' title='bbox 750 4802 852 4857; x_wconf 88' lang='lat' dir='ltr'><strong>hac</strong></span> <span class='ocrx_word' id='word_1_691' title='bbox 878 4803 990 4857; x_wconf 90' lang='lat' dir='ltr'><strong>vita</strong></span> <span class='ocrx_word' id='word_1_692' title='bbox 1017 4803 1329 4860; x_wconf 90' lang='lat' dir='ltr'><strong>hominibus</strong></span> <span class='ocrx_word' id='word_1_693' title='bbox 1357 4805 1625 4876; x_wconf 85' lang='lat' dir='ltr'><strong>obtingit;</strong></span> <span class='ocrx_word' id='word_1_694' title='bbox 1660 4822 1806 4878; x_wconf 64' lang='lat' dir='ltr'><strong>saepe</strong></span> <span class='ocrx_word' id='word_1_695' title='bbox 1825 4809 1970 4862; x_wconf 90' lang='lat' dir='ltr'><strong>enim</strong></span> 
     </span>
    </p>
   </div>
   <div class='ocr_carea' id='block_1_95' title="bbox 401 4893 1967 4962">
    <p class='ocr_par' dir='ltr' id='par_1_95' title="bbox 401 4893 1967 4962">
     <span class='ocr_line' id='line_1_95' title="bbox 401 4893 1967 4962; baseline 0.004 -16"><span class='ocrx_word' id='word_1_696' title='bbox 401 4893 456 4947; x_wconf 89' lang='lat' dir='ltr'><strong>in</strong></span> <span class='ocrx_word' id='word_1_697' title='bbox 494 4894 684 4949; x_wconf 90' lang='lat' dir='ltr'><strong>eodem</strong></span> <span class='ocrx_word' id='word_1_698' title='bbox 731 4895 842 4949; x_wconf 91' lang='lat' dir='ltr'><strong>duo</strong></span> <span class='ocrx_word' id='word_1_699' title='bbox 881 4902 1122 4950; x_wconf 75' lang='lat' dir='ltr'><strong>extrema</strong></span> <span class='ocrx_word' id='word_1_700' title='bbox 1154 4910 1380 4951; x_wconf 89' lang='lat' dir='ltr'><strong>cernere</strong></span> <span class='ocrx_word' id='word_1_701' title='bbox 1419 4897 1567 4962; x_wconf 91' lang='lat' dir='ltr'><strong>licet,</strong></span> <span class='ocrx_word' id='word_1_702' title='bbox 1617 4899 1694 4952; x_wconf 89' lang='lat' dir='ltr'><strong>ita</strong></span> <span class='ocrx_word' id='word_1_703' title='bbox 1733 4906 1792 4952; x_wconf 89' lang='lat' dir='ltr'><strong>ut</strong></span> <span class='ocrx_word' id='word_1_704' title='bbox 1819 4898 1967 4954; x_wconf 91' lang='lat' dir='ltr'><strong>idem</strong></span> 
     </span>
    </p>
   </div>
   <div class='ocr_carea' id='block_1_96' title="bbox 401 4985 1969 5060">
    <p class='ocr_par' dir='ltr' id='par_1_96' title="bbox 401 4985 1969 5060">
     <span class='ocr_line' id='line_1_96' title="bbox 401 4985 1969 5060; baseline 0.004 -22"><span class='ocrx_word' id='word_1_705' title='bbox 401 4985 473 5038; x_wconf 83' lang='lat' dir='ltr'><strong>sit</strong></span> <span class='ocrx_word' id='word_1_706' title='bbox 499 4995 552 5039; x_wconf 81' lang='lat' dir='ltr'><strong>et</strong></span> <span class='ocrx_word' id='word_1_707' title='bbox 584 4987 636 5039; x_wconf 93' lang='lat' dir='ltr'><strong>in</strong></span> <span class='ocrx_word' id='word_1_708' title='bbox 669 4987 897 5051; x_wconf 90' lang='lat' dir='ltr'><strong>malitia,</strong></span> <span class='ocrx_word' id='word_1_709' title='bbox 929 4995 985 5040; x_wconf 94' lang='lat' dir='ltr'><strong>et</strong></span> <span class='ocrx_word' id='word_1_710' title='bbox 1018 4987 1073 5040; x_wconf 93' lang='lat' dir='ltr'><strong>in</strong></span> <span class='ocrx_word' id='word_1_711' title='bbox 1122 4988 1346 5058; x_wconf 88' lang='lat' dir='ltr'><strong>perenni</strong></span> <span class='ocrx_word' id='word_1_712' title='bbox 1378 5004 1560 5043; x_wconf 90' lang='lat' dir='ltr'><strong>rerum</strong></span> <span class='ocrx_word' id='word_1_713' title='bbox 1606 4991 1969 5060; x_wconf 86' lang='lat' dir='ltr'><strong>prosperitate</strong></span> 
     </span>
    </p>
   </div>
   <div class='ocr_carea' id='block_1_97' title="bbox 401 5078 1967 5151">
    <p class='ocr_par' dir='ltr' id='par_1_97' title="bbox 401 5078 1967 5151">
     <span class='ocr_line' id='line_1_97' title="bbox 401 5078 1967 5151; baseline 0.004 -22"><span class='ocrx_word' id='word_1_714' title='bbox 401 5090 649 5133; x_wconf 84' lang='lat' dir='ltr'><strong>summus</strong></span> <span class='ocrx_word' id='word_1_715' title='bbox 674 5095 686 5131; x_wconf 94' lang='lat'>:</span> <span class='ocrx_word' id='word_1_716' title='bbox 727 5094 886 5151; x_wconf 89' lang='lat' dir='ltr'><strong>quem</strong></span> <span class='ocrx_word' id='word_1_717' title='bbox 915 5093 1040 5133; x_wconf 91' lang='lat' dir='ltr'><strong>cum</strong></span> <span class='ocrx_word' id='word_1_718' title='bbox 1068 5078 1193 5148; x_wconf 86' lang='lat' dir='ltr'><strong>quis</strong></span> <span class='ocrx_word' id='word_1_719' title='bbox 1219 5079 1439 5149; x_wconf 87' lang='lat' dir='ltr'><strong>aspicit,</strong></span> <span class='ocrx_word' id='word_1_720' title='bbox 1472 5080 1729 5135; x_wconf 83' lang='lat' dir='ltr'><strong>turbatur</strong></span> <span class='ocrx_word' id='word_1_721' title='bbox 1761 5082 1967 5145; x_wconf 89' lang='lat' dir='ltr'><strong>animo,</strong></span> 
     </span>
    </p>
   </div>
   <div class='ocr_carea' id='block_1_98' title="bbox 402 5166 1968 5243">
    <p class='ocr_par' dir='ltr' id='par_1_98' title="bbox 402 5166 1968 5243">
     <span class='ocr_line' id='line_1_98' title="bbox 402 5166 1968 5243; baseline 0.006 -24"><span class='ocrx_word' id='word_1_722' title='bbox 402 5179 471 5221; x_wconf 88' lang='lat' dir='ltr'><strong>ne</strong></span> <span class='ocrx_word' id='word_1_723' title='bbox 501 5166 639 5223; x_wconf 91' lang='lat' dir='ltr'><strong>forte</strong></span> <span class='ocrx_word' id='word_1_724' title='bbox 660 5170 833 5241; x_wconf 86' lang='lat' dir='ltr'><strong>magis</strong></span> <span class='ocrx_word' id='word_1_725' title='bbox 852 5187 916 5227; x_wconf 82' lang='lat' dir='ltr'><strong>ex</strong></span> <span class='ocrx_word' id='word_1_726' title='bbox 941 5186 1002 5226; x_wconf 92' lang='lat' dir='ltr'><strong>re</strong></span> <span class='ocrx_word' id='word_1_727' title='bbox 1025 5172 1276 5226; x_wconf 68' lang='lat' dir='ltr'><strong>humanae</strong></span> <span class='ocrx_word' id='word_1_728' title='bbox 1305 5171 1638 5228; x_wconf 90' lang='lat' dir='ltr'><strong>conditionis</strong></span> <span class='ocrx_word' id='word_1_729' title='bbox 1659 5173 1731 5229; x_wconf 92' lang='lat' dir='ltr'><strong>sit</strong></span> <span class='ocrx_word' id='word_1_730' title='bbox 1761 5174 1968 5243; x_wconf 79' lang='lat' dir='ltr'><strong>impro-</strong></span> 
     </span>
    </p>
   </div>
   <div class='ocr_carea' id='block_1_99' title="bbox 471 5367 889 5434">
    <p class='ocr_par' dir='ltr' id='par_1_99' title="bbox 471 5367 889 5434">
     <span class='ocr_line' id='line_1_99' title="bbox 471 5367 889 5434; baseline 0.005 -12"><span class='ocrx_word' id='word_1_731' title='bbox 471 5367 652 5425; x_wconf 70' lang='lat' dir='ltr'><strong>‘Psal.</strong></span> <span class='ocrx_word' id='word_1_732' title='bbox 684 5384 795 5434; x_wconf 78' lang='lat' dir='ltr'><strong>xu,</strong></span> <span class='ocrx_word' id='word_1_733' title='bbox 830 5369 889 5424; x_wconf 75' lang='lat'><strong>2.</strong></span> 
     </span>
    </p>
   </div>
   <div class='ocr_carea' id='block_1_100' title="bbox 474 5519 1962 5604">
    <p class='ocr_par' dir='ltr' id='par_1_100' title="bbox 474 5519 1962 5604">
     <span class='ocr_line' id='line_1_100' title="bbox 474 5519 1962 5604; baseline 0.001 -29"><span class='ocrx_word' id='word_1_734' title='bbox 474 5522 765 5604; x_wconf 55' lang='lat' dir='ltr'><strong>(62&#39;)_&#39;I:EZ;</strong></span> <span class='ocrx_word' id='word_1_735' title='bbox 794 5522 972 5604; x_wconf 65' lang='grc' dir='ltr'>θείαις</span> <span class='ocrx_word' id='word_1_736' title='bbox 997 5522 1094 5577; x_wconf 89' lang='grc' dir='ltr'>διδ.</span> <span class='ocrx_word' id='word_1_737' title='bbox 1130 5521 1330 5604; x_wconf 69' lang='grc' dir='ltr'>ἐπαρδ.</span> <span class='ocrx_word' id='word_1_738' title='bbox 1370 5536 1481 5579; x_wconf 89' lang='lat' dir='ltr'><strong>om.</strong></span> <span class='ocrx_word' id='word_1_739' title='bbox 1529 5521 1615 5579; x_wconf 92' lang='lat' dir='ltr'><strong>ed.</strong></span> <span class='ocrx_word' id='word_1_740' title='bbox 1651 5520 1774 5579; x_wconf 81' lang='lat' dir='ltr'><strong>Mox</strong></span> <span class='ocrx_word' id='word_1_741' title='bbox 1820 5519 1962 5579; x_wconf 87' lang='lat' dir='ltr'><strong>idem</strong></span> 
     </span>
    </p>
   </div>
   <div class='ocr_carea' id='block_1_101' title="bbox 404 5591 1244 5734">
    <p class='ocr_par' dir='ltr' id='par_1_101' title="bbox 404 5591 1244 5734">
     <span class='ocr_line' id='line_1_101' title="bbox 404 5591 1244 5665; baseline 0.001 -19"><span class='ocrx_word' id='word_1_742' title='bbox 404 5591 539 5665; x_wconf 63' lang='grc' dir='ltr'><strong>τῇέ..</strong></span> <span class='ocrx_word' id='word_1_743' title='bbox 570 5591 756 5661; x_wconf 69' lang='grc' dir='ltr'>εἰσόδῳ</span> <span class='ocrx_word' id='word_1_744' title='bbox 777 5596 894 5648; x_wconf 90' lang='lat' dir='ltr'><strong>siue</strong></span> <span class='ocrx_word' id='word_1_745' title='bbox 915 5591 1008 5647; x_wconf 78' lang='grc' dir='ltr'><strong>οὖν</strong></span> <span class='ocrx_word' id='word_1_746' title='bbox 1033 5594 1244 5665; x_wconf 85' lang='grc' dir='ltr'>πρώτη.</span> 
     </span>
     <span class='ocr_line' id='line_1_102' title="bbox 476 5661 1004 5734; baseline 0.004 -19"><span class='ocrx_word' id='word_1_747' title='bbox 476 5662 585 5734; x_wconf 66' lang='lat'><strong>(63)</strong></span> <span class='ocrx_word' id='word_1_748' title='bbox 614 5661 758 5717; x_wconf 77' lang='grc' dir='ltr'>Ζώου</span> <span class='ocrx_word' id='word_1_749' title='bbox 787 5681 892 5718; x_wconf 81' lang='lat' dir='ltr'><strong>Olli.</strong></span> <span class='ocrx_word' id='word_1_750' title='bbox 921 5666 1004 5719; x_wconf 88' lang='lat' dir='ltr'><strong>ed.</strong></span> 
     </span>
    </p>
   </div>
   <div class='ocr_carea' id='block_1_102' title="bbox 2070 4516 3652 4604">
    <p class='ocr_par' dir='ltr' id='par_1_102' title="bbox 2070 4516 3652 4604">
     <span class='ocr_line' id='line_1_103' title="bbox 2070 4516 3652 4604; baseline -0.018 -12"><span class='ocrx_word' id='word_1_751' title='bbox 2070 4539 2100 4592; x_wconf 85' lang='grc' dir='ltr'><strong>δ</strong></span> <span class='ocrx_word' id='word_1_752' title='bbox 2145 4537 2335 4604; x_wconf 87' lang='grc' dir='ltr'>λόγος,</span> <span class='ocrx_word' id='word_1_753' title='bbox 2383 4529 2500 4593; x_wconf 85' lang='grc' dir='ltr'><strong>πῶς</strong></span> <span class='ocrx_word' id='word_1_754' title='bbox 2551 4528 2614 4580; x_wconf 81' lang='grc' dir='ltr'><strong>τὸ</strong></span> <span class='ocrx_word' id='word_1_755' title='bbox 2642 4526 2849 4580; x_wconf 87' lang='grc' dir='ltr'>δίκαιον</span> <span class='ocrx_word' id='word_1_756' title='bbox 2880 4520 2980 4590; x_wconf 80' lang='grc' dir='ltr'>τῆς</span> <span class='ocrx_word' id='word_1_757' title='bbox 3012 4518 3163 4582; x_wconf 87' lang='grc' dir='ltr'>θείας</span> <span class='ocrx_word' id='word_1_758' title='bbox 3211 4517 3448 4588; x_wconf 87' lang='grc' dir='ltr'>κρίσεως</span> <span class='ocrx_word' id='word_1_759' title='bbox 3478 4516 3542 4568; x_wconf 76' lang='grc' dir='ltr'><strong>ἐν</strong></span> <span class='ocrx_word' id='word_1_760' title='bbox 3581 4516 3652 4586; x_wconf 68' lang='grc' dir='ltr'>τῇ</span> 
     </span>
    </p>
   </div>
   <div class='ocr_carea' id='block_1_103' title="bbox 2071 4606 3653 4697">
    <p class='ocr_par' dir='ltr' id='par_1_103' title="bbox 2071 4606 3653 4697">
     <span class='ocr_line' id='line_1_104' title="bbox 2071 4606 3653 4697; baseline -0.016 -14"><span class='ocrx_word' id='word_1_761' title='bbox 2071 4624 2353 4697; x_wconf 81' lang='grc' dir='ltr'>ἀνωμαλίᾳ</span> <span class='ocrx_word' id='word_1_762' title='bbox 2377 4620 2469 4676; x_wconf 81' lang='grc' dir='ltr'><strong>τοῦ</strong></span> <span class='ocrx_word' id='word_1_763' title='bbox 2492 4619 2608 4691; x_wconf 82' lang='grc' dir='ltr'>βίου</span> <span class='ocrx_word' id='word_1_764' title='bbox 2643 4613 3035 4683; x_wconf 87' lang='grc' dir='ltr'>διασωθήσεται</span> <span class='ocrx_word' id='word_1_765' title='bbox 3057 4626 3072 4641; x_wconf 82' lang='lat'>&#39;</span> <span class='ocrx_word' id='word_1_766' title='bbox 3095 4611 3156 4664; x_wconf 80' lang='grc' dir='ltr'><strong>οὐ</strong></span> <span class='ocrx_word' id='word_1_767' title='bbox 3190 4607 3333 4663; x_wconf 83' lang='grc' dir='ltr'>κατὰ</span> <span class='ocrx_word' id='word_1_768' title='bbox 3357 4608 3457 4678; x_wconf 85' lang='grc' dir='ltr'>τὴν</span> <span class='ocrx_word' id='word_1_769' title='bbox 3489 4606 3653 4674; x_wconf 78' lang='grc' dir='ltr'>ἀξίαν</span> 
     </span>
    </p>
   </div>
   <div class='ocr_carea' id='block_1_104' title="bbox 2069 4698 3654 4787">
    <p class='ocr_par' dir='ltr' id='par_1_104' title="bbox 2069 4698 3654 4787">
     <span class='ocr_line' id='line_1_105' title="bbox 2069 4698 3654 4787; baseline -0.014 -13"><span class='ocrx_word' id='word_1_770' title='bbox 2069 4720 2179 4774; x_wconf 82' lang='grc' dir='ltr'><strong>τῶν</strong></span> <span class='ocrx_word' id='word_1_771' title='bbox 2198 4714 2568 4787; x_wconf 78' lang='grc' dir='ltr'>προαιρέσεων</span> <span class='ocrx_word' id='word_1_772' title='bbox 2589 4708 2690 4778; x_wconf 79' lang='grc' dir='ltr'>τῆς</span> <span class='ocrx_word' id='word_1_773' title='bbox 2708 4706 2850 4760; x_wconf 74' lang='grc' dir='ltr'>κατὰ</span> <span class='ocrx_word' id='word_1_774' title='bbox 2872 4705 2964 4758; x_wconf 81' lang='grc' dir='ltr'><strong>τὸν</strong></span> <span class='ocrx_word' id='word_1_775' title='bbox 2991 4703 3101 4774; x_wconf 88' lang='grc' dir='ltr'>βίον</span> <span class='ocrx_word' id='word_1_776' title='bbox 3118 4701 3306 4756; x_wconf 82' lang='grc' dir='ltr'>τοῦτον</span> <span class='ocrx_word' id='word_1_777' title='bbox 3327 4698 3654 4769; x_wconf 83' lang='grc' dir='ltr'>εύκληρίας,</span> 
     </span>
    </p>
   </div>
   <div class='ocr_carea' id='block_1_105' title="bbox 2071 4789 3655 4875">
    <p class='ocr_par' dir='ltr' id='par_1_105' title="bbox 2071 4789 3655 4875">
     <span class='ocr_line' id='line_1_106' title="bbox 2071 4789 3655 4875; baseline -0.014 -11"><span class='ocrx_word' id='word_1_778' title='bbox 2071 4811 2146 4875; x_wconf 83' lang='grc' dir='ltr'>ὡς</span> <span class='ocrx_word' id='word_1_779' title='bbox 2170 4809 2239 4862; x_wconf 86' lang='grc' dir='ltr'>τὰ</span> <span class='ocrx_word' id='word_1_780' title='bbox 2269 4803 2459 4870; x_wconf 84' lang='grc' dir='ltr'>πολλὰ,</span> <span class='ocrx_word' id='word_1_781' title='bbox 2488 4804 2602 4865; x_wconf 76' lang='grc' dir='ltr'>τοῖς</span> <span class='ocrx_word' id='word_1_782' title='bbox 2634 4797 2940 4869; x_wconf 84' lang='grc' dir='ltr'>ἀνθρώποις</span> <span class='ocrx_word' id='word_1_783' title='bbox 2961 4792 3342 4864; x_wconf 75' lang='grc' dir='ltr'>ἐγγινομένης.</span> <span class='ocrx_word' id='word_1_784' title='bbox 3378 4789 3655 4853; x_wconf 77' lang='grc' dir='ltr'>Πολλάκις</span> 
     </span>
    </p>
   </div>
   <div class='ocr_carea' id='block_1_106' title="bbox 2075 4879 3650 4970">
    <p class='ocr_par' dir='ltr' id='par_1_106' title="bbox 2075 4879 3650 4970">
     <span class='ocr_line' id='line_1_107' title="bbox 2075 4879 3650 4970; baseline -0.015 -17"><span class='ocrx_word' id='word_1_785' title='bbox 2075 4901 2182 4970; x_wconf 85' lang='grc' dir='ltr'><strong>γὰρ</strong></span> <span class='ocrx_word' id='word_1_786' title='bbox 2202 4898 2330 4969; x_wconf 76' lang='grc' dir='ltr'>περὶ</span> <span class='ocrx_word' id='word_1_787' title='bbox 2357 4895 2447 4949; x_wconf 83' lang='grc' dir='ltr'><strong>τὸν</strong></span> <span class='ocrx_word' id='word_1_788' title='bbox 2477 4893 2638 4947; x_wconf 78' lang='grc' dir='ltr'>αὐτὸν</span> <span class='ocrx_word' id='word_1_789' title='bbox 2665 4890 2777 4962; x_wconf 81' lang='lat'><strong>(65)</strong></span> <span class='ocrx_word' id='word_1_790' title='bbox 2805 4887 2904 4951; x_wconf 78' lang='grc' dir='ltr'>τὰς</span> <span class='ocrx_word' id='word_1_791' title='bbox 2930 4885 3023 4940; x_wconf 90' lang='grc' dir='ltr'><strong>δύο</strong></span> <span class='ocrx_word' id='word_1_792' title='bbox 3049 4883 3285 4939; x_wconf 85' lang='grc' dir='ltr'>κατιδεῖν</span> <span class='ocrx_word' id='word_1_793' title='bbox 3305 4879 3452 4970; x_wconf 81' lang='grc' dir='ltr'>ἔστιν</span> <span class='ocrx_word' id='word_1_794' title='bbox 3481 4880 3650 4953; x_wconf 80' lang='grc' dir='ltr'>ἀκρό-</span> 
     </span>
    </p>
   </div>
   <div class='ocr_carea' id='block_1_107' title="bbox 2075 4968 3663 5061">
    <p class='ocr_par' dir='ltr' id='par_1_107' title="bbox 2075 4968 3663 5061">
     <span class='ocr_line' id='line_1_108' title="bbox 2075 4968 3663 5061; baseline -0.017 -18"><span class='ocrx_word' id='word_1_795' title='bbox 2075 4968 2353 5061; x_wconf 75' lang='grc' dir='ltr'>τητας-,τὸ</span> <span class='ocrx_word' id='word_1_796' title='bbox 2382 4983 2606 5055; x_wconf 70' lang='grc' dir='ltr'>ἔσχατον</span> <span class='ocrx_word' id='word_1_797' title='bbox 2627 4983 2684 5033; x_wconf 89' lang='grc' dir='ltr'><strong>ἐν</strong></span> <span class='ocrx_word' id='word_1_798' title='bbox 2712 4978 2901 5048; x_wconf 76' lang='grc' dir='ltr'>κακίᾳ,</span> <span class='ocrx_word' id='word_1_799' title='bbox 2940 4974 3034 5029; x_wconf 65' lang='grc' dir='ltr'><strong>καὶ¹</strong></span> <span class='ocrx_word' id='word_1_800' title='bbox 3153 4970 3296 5061; x_wconf 68' lang='grc' dir='ltr'>κατα</span> <span class='ocrx_word' id='word_1_801' title='bbox 3319 4968 3417 5041; x_wconf 73' lang='grc' dir='ltr'>τὴν</span> <span class='ocrx_word' id='word_1_802' title='bbox 3446 4970 3663 5061; x_wconf 65' lang='grc' dir='ltr'>εὐημε-</span> 
     </span>
    </p>
   </div>
   <div class='ocr_carea' id='block_1_108' title="bbox 2080 5057 3658 5147">
    <p class='ocr_par' dir='ltr' id='par_1_108' title="bbox 2080 5057 3658 5147">
     <span class='ocr_line' id='line_1_109' title="bbox 2080 5057 3658 5147; baseline -0.013 -17"><span class='ocrx_word' id='word_1_803' title='bbox 2080 5057 2200 5147; x_wconf 82' lang='grc' dir='ltr'>ρίαν</span> <span class='ocrx_word' id='word_1_804' title='bbox 2221 5073 2538 5144; x_wconf 83' lang='grc' dir='ltr'>ἀκρότατον.</span> <span class='ocrx_word' id='word_1_805' title='bbox 2562 5068 2706 5139; x_wconf 80' lang='grc' dir='ltr'>Πρὸς</span> <span class='ocrx_word' id='word_1_806' title='bbox 2731 5068 2760 5120; x_wconf 85' lang='grc' dir='ltr'><strong>ὃ</strong></span> <span class='ocrx_word' id='word_1_807' title='bbox 2787 5082 2868 5131; x_wconf 87' lang='grc' dir='ltr'><strong>τις</strong></span> <span class='ocrx_word' id='word_1_808' title='bbox 2895 5058 3129 5135; x_wconf 86' lang='grc' dir='ltr'>βλέπων,</span> <span class='ocrx_word' id='word_1_809' title='bbox 3158 5059 3376 5125; x_wconf 79' lang='grc' dir='ltr'>ὀκλάζει</span> <span class='ocrx_word' id='word_1_810' title='bbox 3404 5075 3523 5121; x_wconf 85' lang='grc' dir='ltr'><strong>πως</strong></span> <span class='ocrx_word' id='word_1_811' title='bbox 3553 5057 3658 5127; x_wconf 60' lang='grc' dir='ltr'><strong>τὴν</strong></span> 
     </span>
    </p>
   </div>
   <div class='ocr_carea' id='block_1_109' title="bbox 2074 5149 3655 5237">
    <p class='ocr_par' dir='ltr' id='par_1_109' title="bbox 2074 5149 3655 5237">
     <span class='ocr_line' id='line_1_110' title="bbox 2074 5149 3655 5237; baseline -0.013 -14"><span class='ocrx_word' id='word_1_812' title='bbox 2074 5168 2333 5231; x_wconf 80' lang='grc' dir='ltr'>διάνοιαν,</span> <span class='ocrx_word' id='word_1_813' title='bbox 2373 5166 2581 5237; x_wconf 80' lang='grc' dir='ltr'>μήποτε</span> <span class='ocrx_word' id='word_1_814' title='bbox 2619 5161 2866 5232; x_wconf 87' lang='grc' dir='ltr'>κρεῖττον</span> <span class='ocrx_word' id='word_1_815' title='bbox 2960 5158 3027 5228; x_wconf 78' lang='grc' dir='ltr'>τῇ</span> <span class='ocrx_word' id='word_1_816' title='bbox 3057 5153 3375 5225; x_wconf 75' lang='grc' dir='ltr'>ἀνθρωπίνῃ</span> <span class='ocrx_word' id='word_1_817' title='bbox 3398 5151 3567 5221; x_wconf 79' lang='grc' dir='ltr'>φύσει</span> <span class='ocrx_word' id='word_1_818' title='bbox 3594 5149 3655 5204; x_wconf 56' lang='grc' dir='ltr'><strong>τί</strong></span> 
     </span>
    </p>
   </div>
   <div class='ocr_carea' id='block_1_110' title="bbox 2135 5516 2650 5589">
    <p class='ocr_par' dir='ltr' id='par_1_110' title="bbox 2135 5516 2650 5589">
     <span class='ocr_line' id='line_1_111' title="bbox 2135 5516 2650 5589; baseline -0.006 -16"><span class='ocrx_word' id='word_1_819' title='bbox 2135 5516 2270 5589; x_wconf 75' lang='grc'><strong>(65⁸)</strong></span> <span class='ocrx_word' id='word_1_820' title='bbox 2296 5516 2531 5589; x_wconf 81' lang='grc' dir='ltr'>Τούτων,</span> <span class='ocrx_word' id='word_1_821' title='bbox 2560 5516 2650 5589; x_wconf 77' lang='lat' dir='ltr'><strong>ed.</strong></span> 
     </span>
    </p>
   </div>
   <div class='ocr_carea' id='block_1_111' title="bbox 2137 5586 2638 5674">
    <p class='ocr_par' dir='ltr' id='par_1_111' title="bbox 2137 5586 2638 5674">
     <span class='ocr_line' id='line_1_112' title="bbox 2137 5586 2638 5674; baseline 0 0"><span class='ocrx_word' id='word_1_822' title='bbox 2137 5586 2638 5674; x_wconf 46' lang='grc' dir='ltr'><strong>(ξιιτηῑιξαυτςινςα-</strong></span> 
     </span>
    </p>
   </div>
   <div class='ocr_carea' id='block_1_112' title="bbox 2134 5655 2743 5732">
    <p class='ocr_par' dir='ltr' id='par_1_112' title="bbox 2134 5655 2743 5732">
     <span class='ocr_line' id='line_1_113' title="bbox 2134 5655 2743 5732; baseline 0 -19"><span class='ocrx_word' id='word_1_823' title='bbox 2134 5659 2250 5732; x_wconf 76' lang='grc'>(65)</span> <span class='ocrx_word' id='word_1_824' title='bbox 2278 5657 2399 5711; x_wconf 83' lang='grc' dir='ltr'>Τῶν</span> <span class='ocrx_word' id='word_1_825' title='bbox 2433 5655 2629 5725; x_wconf 75' lang='grc' dir='ltr'>αὐτῶν,</span> <span class='ocrx_word' id='word_1_826' title='bbox 2655 5655 2743 5713; x_wconf 84' lang='lat' dir='ltr'><strong>ed.</strong></span> 
     </span>
    </p>
   </div>
  </div>
