3838 6224
149 226 250 282 653

1537 236 1602 288 ΙΝ
1635 233 1968 296 PSALMOS.

3317 217 3415 302 tsi

149 347 324 418 χεῖρον
353 342 648 413 λεγόμενον
675 360 688 374 ·
721 342 896 398 καὶτὸ
919 344 1156 416 ἔμπαλιν
1182 347 1352 400 κακὸν
1390 349 1590 412 ἐκεῖνο,
1613 351 1642 404 6
1669 353 1728 406 ἐν

1843 354 2018 420 Litas,
2054 371 2356 428 rursusque
2385 369 2586 414 malum
2620 367 2670 412 et
2705 359 2930 414 noxium
2962 359 3137 414 eidem
3169 375 3298 416 vere
3324 361 3415 416 sit.

147 440 212 510 τῇ
237 435 329 490 τοῦ
357 435 668 505 κρείττονος
699 435 1014 508 ἀριθμεῖται
1043 438 1225 510 μοίρᾳ.
1261 441 1324 492 Ei
1351 441 1459 509 γὰρ
1486 443 1728 496 ἐπαινεῖ-

145 545 234 582 ται
259 527 356 598 μὲν
384 529 418 598 ἠ
443 525 762 597 δικαιοσύνη
787 567 801 590 ,
827 527 1057 600 πράττει
1082 528 1139 582 δὲ
1173 531 1358 594 κακῶς
1389 533 1417 584 6
1449 533 1576 602 περὶ
1603 533 1730 586 ταύ-

147 640 243 694 την
263 617 636 687 ἐσπουδακὼς,
666 618 1011 674 διαϐάλλεται
1036 622 1092 675 δὲ
1121 624 1153 693 ὴ
1175 623 1362 688 κακία,
1395 625 1489 676 καὶ
1515 625 1730 678 πάντων

147 714 250 766 τῶν
296 711 758 782 σπουδαζομένων
794 713 1042 784 διαρκεῖς
1088 715 1188 776 τὰς
1243 715 1575 780 ἀπολαύσεις
1617 711 1729 780 τοῖς

149 805 274 876 περὶ
299 804 476 876 αὐτὴν
504 803 862 857 ἐσπουδακόσι
890 807 1194 878 χαρίζεται,
1219 807 1338 870 πῶς
1367 805 1483 861 ἔστι
1514 809 1587 879 μὴ
1618 808 1730 878 (96)

148 895 548 968 προτιμοτέραν
585 895 722 966 πρὸς
759 895 876 966 βίου
905 897 1116 966 αἵρεσιν
1140 898 1350 953 οἴεσθαι
1387 899 1488 970 τὴν
1527 899 1731 954 κακίαν

151 989 246 1060 τῆς
269 988 478 1059 ἀρετῆς
500 1031 514 1050 ,
543 987 642 1059 τὴν
674 989 1136 1062 κατεγνωσμένην
1165 991 1266 1060 τῆς
1312 989 1732 1061 ἐγκωμιαζομέ-

151 1094 274 1148 νης;
297 1079 326 1130 6
353 1079 538 1130 τοίνυν
564 1077 766 1148 ὑψηλὸς
789 1077 886 1148 τὴν
907 1078 1167 1142 διάνοιαν,
1196 1081 1292 1133 καὶ
1326 1075 1438 1132 οἷον
1460 1081 1568 1133 ἀπό
1587 1091 1734 1144 τινος

149 1170 372 1232 σκοπιᾶς
415 1169 712 1240 ἐξεχούσης
755 1173 868 1234 τοῖς
912 1169 1250 1241 ἀφεστηκόσι
1305 1171 1404 1224 τὸν
1456 1171 1732 1241 ὀφθαλμὸν

147 1261 497 1326 ἑπεκτείνων,
529 1263 637 1315 ἴδεν
659 1264 716 1315 ἐν
739 1255 782 1330 ᾧ
807 1265 924 1316 ἐστι
953 1263 1055 1332 τῆς
1091 1261 1288 1327 κακίας
1321 1262 1461 1334 πρὸς
1482 1259 1582 1334 τὴν
1602 1265 1732 1334 ἀρε-

146 1357 238 1425 τὴν
265 1355 326 1406 τὸ
353 1355 648 1424 διάφορον,
685 1356 766 1408 ὅτι
817 1357 883 1409 ἐκ
931 1356 1038 1410 τῶν
1083 1357 1361 1426 ἐσχάτων.
1401 1357 1503 1408 οὐκ
1536 1347 1600 1407 ἐκ
1625 1355 1734 1406 τῶν

148 1446 422 1517 παρόντων
443 1448 478 1516 ἡ
503 1445 710 1498 τούτων
737 1447 946 1515 γίνεται
973 1447 1174 1516 κρίσις.
1202 1446 1292 1518 Τῷ
1320 1447 1428 1519 γὰρ
1452 1445 1734 1517 ἐποπτικῷ

147 1553 200 1588 τε
225 1539 316 1588 καὶ
339 1529 639 1607 διορατικῷ
675 1537 774 1608 τῆς
807 1537 984 1608 ψυχῆς
1013 1537 1296 1608 ὀφθαλμῷ,
1327 1538 1401 1602 ὡς
1426 1539 1599 1610 παρὸν
1629 1555 1731 1591 κα-

149 1629 427 1698 τανοῆσας,
445 1629 508 1681 τὸ
535 1629 603 1683 δι’
625 1629 836 1692 ἐλπίδος
855 1633 966 1693 τοῖς
992 1629 1216 1698 ἀγαθοῖς
1241 1628 1619 1700 ἀποκείμενον,
1640 1631 1733 1682 καὶ

149 1719 430 1790 παρελθὼν
459 1725 528 1794 τῇ
566 1722 711 1792 ψυχῇ
745 1723 852 1774 πᾶν
883 1719 943 1774 τὸ
974 1721 1323 1792 φαινόμενον,
1357 1721 1506 1784 ἐντός
1537 1737 1596 1773 τε
1627 1720 1733 1772 τῶν
1765 1711 1807 1765 Β

150 1812 408 1883 οὐρανίων
439 1812 654 1865 ἀδύτων
683 1813 950 1882 παραδὺς,
973 1812 1315 1866 καθάπτεται
1348 1812 1450 1882 τῆς
1478 1813 1736 1884 ἀκρισίας

151 1905 252 1958 τῶν
284 1904 685 1975 μικροπρεπῶς
707 1906 808 1976 τὴν
835 1903 929 1958 τοῦ
969 1903 1139 1957 καλοῦ
1177 1903 1364 1974 κρίσιν
1402 1906 1517 1968 τοῖς
1539 1905 1736 1974 αἰσθη-

149 1999 312 2060 ⁴τικοῖς
337 1997 553 2068 μορίοις
579 1997 1001 2068 ἐπιτρεπόντων.
1035 1999 1110 2050 Δι’
1142 1989 1216 2049 ὧν
1247 2011 1434 2068 φησιν’
1477 2015 1496 2048 ι
1535 1997 1598 2049 Τί
1624 1997 1734 2066 γάρ

156 2107 237 2156 μοι
261 2089 500 2159 ὑπάρχει
527 2090 586 2140 ἐν
615 2088 694 2158 τῷ
714 2087 950 2160 οὐρανῷ,
982 2089 1076 2141 καὶ
1102 2088 1255 2159 παρὰ
1281 2087 1374 2141 σοῦ
1405 2088 1458 2140 τί
1491 2087 1735 2159 ἠθέλησα

151 2179 238 2232 ἐπὶ
282 2178 381 2248 τῆς
423 2179 572 2248 γῆς;
612 2197 630 2228 ι
685 2177 764 2246 τῷ
797 2177 945 2248 αὐτῷ
991 2179 1165 2249 μορίῳ
1195 2178 1290 2230 τοῦ
1329 2177 1490 2247 λόγου
1529 2178 1588 2230 τὸ
1634 2177 1736 2248 μὲν

150 2271 391 2341 οὐράνιον
421 2269 818 2340 θαυμαστικῶς
846 2269 1167 2340 μεγαλύνων
1201 2289 1260 2324 τε
1289 2273 1382 2324 καὶ
1407 2269 1636 2341 ἐξαίρων
1659 2267 1736 2340 τῷ

149 2361 311 2432 λόγῳ,
357 2361 418 2414 τὸ
459 2361 518 2414 δὲ
567 2360 660 2414 ἐπὶ
695 2361 800 2431 γῆς
849 2363 962 2424 τοῖς
1007 2362 1115 2414 τῶν
1151 2365 1392 2435 ἀνοήτων
1437 2363 1736 2431 ὀφθαλμοῖς

153 2453 584 2522 σπουδαζόμενον
628 2454 1121 2524 καταφρονητικῶς
1155 2471 1215 2506 τε
1273 2455 1368 2508 καὶ
1406 2453 1735 2516 σκωπτικῶς

153 2545 502 2610 ἐξευτελίζων
541 2562 600 2597 τε
631 2549 725 2598 καὶ
768 2546 1199 2616 μυσαττόμενος.
1239 2547 1327 2608 Ὠς
1354 2547 1408 2598 εἴ
1428 2565 1508 2610 τις
1543 2550 1652 2604 τῶν
1678 2551 1736 2604 ἐν

153 2639 353 2708 φυλακῇ
387 2637 694 2708 τεχθέντων
735 2637 876 2708 μέγα
905 2655 956 2691 τι
995 2637 1196 2708 κρίνων
1227 2639 1432 2708 ἀγαθὸν
1477 2637 1615 2695 εἶναι
1644 2644 1736 2695 τὸν

153 2727 324 2798 ζόφον,
413 2730 691 2801 ἐνετράφη
711 2747 770 2782 τε
801 2731 895 2783 καὶ
923 2729 1282 2801 συνηύξησεν,
1307 2729 1423 2786 εἶτα
1445 2729 1546 2804 τῆς
1576 2735 1738 2788 ὑπαί-

155 2825 276 2892 θρου
305 2825 530 2896 χάριτος
579 2822 866 2894 μετασχὼν
896 2823 1302 2891 καταγινώσκει
1327 2825 1428 2895 τῆς
1463 2829 1736 2898 προτέρας

155 2915 305 2968 αὗτοῦ
340 2915 602 2987 κρίσεως,
641 2915 837 2984 λέγων,
867 2909 1006 2968 Οίων
1047 2915 1337 2986 θεαμάτων
1364 2919 1516 2988 ἡλίου
1551 2937 1608 2970 τε
1643 2921 1737 2972 καὶ

157 3007 415 3077 ἀστέρων,
461 3008 560 3059 καὶ
603 3005 805 3070 παντὸς
831 3005 923 3058 τοῦ
959 3007 1086 3076 περὶ
1123 3007 1213 3058 τὸν
1243 3007 1468 3078 οὐρανὸν
1505 3009 1736 3065 κάλλους

158 3095 442 3166 προετίθην
479 3095 594 3166 (67)
643 3096 737 3149 τὸν
787 3094 991 3166 συνήθη
1037 3093 1200 3165 ζόφον
1239 3097 1308 3149 δι’
1353 3100 1610 3169 ἀπειρίαν
1641 3099 1734 3152 τοῦ

159 3189 480 3257 κρείττονος.
514 3182 590 3243 Οὗ
625 3189 786 3260 χάριν
822 3188 1333 3258 προκαταγινὼσκει
1357 3190 1436 3261 τῷ
1464 3191 1606 3260 λόγῳ
1639 3191 1736 3261 τῆς

159 3282 276 3350 πρὶ
295 3282 354 3334 τὺ
376 3280 545 3334 καλδν
575 3280 854 3350 ἀκρισίας,
885 3279 1134 3351 κτηνώδη
1159 3279 1335 3348 λέγων
1361 3281 1550 3334 ἑαυτὸν
1573 3279 1735 3345 εἶναι,

157 3371 252 3434 ἕως
285 3373 342 3424 ἐν
391 3371 628 3434 ἐκείνοις
668 3370 729 3424 τὸ
757 3369 960 3438 ἀγαθὸν
1005 3369 1172 3441 ἐώρα.
1217 3371 1372 3423 Ἐπεὶ
1411 3371 1467 3425 δὲ
1522 3373 1739 3440 ἐγένετο

159 3463 288 3534 μεςά
313 3464 410 3516 τοῦ
437 3463 582 3517 Θεοῦ
602 3505 616 3529 ,
650 3463 782 3528 Θεὸς
820 3463 878 3517 δὲ
912 3465 940 3517 6
969 3463 1128 3530 λόγος
1149 3503 1162 3524 ,
1192 3463 1288 3516 καὶ
1319 3464 1456 3536 πρὸς
1483 3464 1543 3516 τὸ
1565 3465 1737 3532 δεξιὸν

154 3556 423 3628 ὼδηγήθη,
482 3557 678 3628 ὁδηγὸς
728 3557 786 3610 δὲ
833 3556 1044 3624 γίνεται
1091 3555 1239 3626 αὐτῷ
1290 3555 1461 3622 δεξιὸς
1507 3557 1596 3610 διὰ
1640 3559 1738 3628 τῆς

157 3647 344 3719 βουλῆς
377 3649 408 3700 ὁ
435 3649 621 3717 λόγος,
651 3649 748 3701 καὶ
783 3647 890 3700 ῐδεν
915 3647 1014 3718 τὴν
1040 3648 1098 3698 ἐν
1137 3647 1305 3720 ἀρετῇ
1349 3649 1526 3715 δόξαν,
1562 3650 1630 3703 δι’
1671 3647 1739 3722 ἦς

157 3739 354 3810 γίνεται
381 3744 500 3804 τοῖς
527 3741 666 3810 πρὸς
696 3741 788 3794 τὸν
814 3741 1041 3809 οὐρανὸν
1072 3739 1361 3810 βλέπουσιν
1385 3743 1417 3812 ἡ
1447 3743 1736 3814 ἀνάληψις,

155 3833 268 3885 τότε
311 3834 517 3904 χρῆται
545 3834 662 3896 ταῖς
697 3833 902 3900 φωναῖς
939 3832 1196 3895 ἐκείναις,
1228 3825 1304 3885 ὧν
1323 3835 1360 3904 ἡ
1397 3835 1493 3904 μὲν
1517 3836 1573 3887 ἐν
1603 3835 1738 3890 θαύ-

164 3941 282 3994 ματι
328 3927 572 3978 ποιεῖται
622 3923 685 3976 τὸ
726 3927 784 3977 ἐν
810 3924 1070 3994 οὐρανοῖς
1110 3925 1222 3996 (68)
1257 3925 1459 3994 ἀγαθόν
1479 3943 1492 3956 ·
1523 3927 1556 3998 ἡ
1589 3926 1645 3979 δὲ
1678 3927 1739 3980 τὸ

161 4018 424 4070 οὖτιδανόν
469 4033 528 4068 τε
574 4016 669 4070 καὶ
701 4015 929 4086 μάταιον
959 4017 1058 4086 τῆς
1097 4017 1458 4088 ὴπατημένης
1487 4019 1616 4086 περὶ
1647 4019 1738 4072 τὸν

163 4106 264 4174 βίον
286 4105 528 4174 σπουδῆς
555 4105 827 4159 διαπτύει.
859 4105 1010 4174 Ἔχει
1038 4103 1094 4157 δὲ
1129 4107 1280 4158 πᾶσα
1308 4107 1341 4176 ἡ
1376 4105 1520 4172 λέξις
1541 4107 1736 4171 οὕτως’

169 4219 184 4248 ι
227 4197 540 4269 Κτηνώδης,
585 4217 604 4249 ι
653 4198 838 4268 φησιν,
881 4218 898 4248 ι
941 4198 1212 4268 ἐγενόμην
1243 4197 1396 4268 παρὰ
1431 4199 1534 4253 σοί.
1579 4221 1596 4250 ι
1627 4201 1740 4272 Τὴν

163 4290 342 4356 ἄλογον
373 4293 433 4344 ἐν
473 4291 584 4352 τοῖς
621 4289 884 4351 τοιούτοις
929 4289 1306 4359 διασημαίνων
1337 4290 1735 4360 προσπάθειαν.

164 4380 284 4435 Εἶτα
311 4385 536 4452 ἐπόιγει⁸
569 4403 587 4433 ι
613 4381 754 4450 Ἐγὼ
783 4383 840 4434 δὲ
864 4381 952 4458 διὰ
985 4382 1182 4444 παντὸς
1219 4381 1355 4451 μετὰ
1375 4382 1490 4435 σοῦ.
1524 4401 1542 4434 ι
1571 4383 1740 4436 Τοῦτο

163 4473 214 4526 δὲ
249 4475 416 4528 εἰπὼν
471 4476 566 4527 καὶ
619 4475 708 4527 τὸν
741 4475 944 4543 τρόπον
993 4473 1094 4541 τῆς
1140 4473 1275 4545 πρὸς
1311 4472 1401 4526 τὸν
1443 4473 1574 4526 Θεὸν
1616 4491 1744 4527 συν-

1843 443 1988 512 quod
2009 445 2232 498 nuncin
2266 461 2496 500 numero
2524 447 2650 502 boni
2678 455 2988 518 reputatur.
3019 448 3158 502 Nam
3183 451 3226 504 si
3254 453 3410 520 justi-

1838 534 1916 588 tia
1962 535 2240 600 laudatur,
2281 538 2330 592 is
2367 547 2550 590 autem
2589 539 2682 607 qui
2725 539 3002 607 justitiam
3047 541 3424 610 amplectitur,

1837 629 2040 685 misere
2057 640 2110 684 et
2127 629 2452 686 calamitose
2472 630 2628 698 vivit;
2651 633 2760 688 etsi
2792 634 2964 687 altera
2990 649 3054 686 ex
3081 643 3235 703 parte
3259 635 3426 688 maliv

1837 719 1914 772 tia
1945 719 2310 790 vituperatur,
2353 722 2632 792 simulque
2677 724 2934 778 omnibus
2981 725 3074 793 qui
3107 725 3426 780 sceleribus

1835 811 2104 881 implicati
2123 823 2272 879 sunt,
2291 815 2476 868 omnia
2493 815 2816 870 deliciarum
2839 831 3039 886 genera
3054 816 3271 872 abunde
3287 832 3420 886 sup-

1839 912 2031 972 petunt
2061 920 2073 954 :
2100 905 2378 974 quomodo
2405 906 2518 959 ﬁeri
2549 916 2726 976 potest
2755 915 2814 960 ut
2841 909 2964 976 quis
2983 915 3137 978 putet
3157 908 3338 977 potius
3361 909 3424 960 in

1836 996 1940 1050 bac
1971 997 2081 1049 vita
2114 998 2419 1068 eligendam
2463 1000 2748 1060 virtutem,
2792 1012 2958 1069 quam
2990 998 3280 1063 malitiam,
3315 1011 3418 1068 po-

1835 1086 2056 1154 tiusque
2093 1101 2234 1150 earn,
2283 1104 2406 1156 qua:
2457 1096 2537 1142 tot
2587 1089 2840 1143 laudibus
2871 1089 3200 1154 celebratur,
3249 1103 3422 1158 quam-

1836 1190 1956 1230 eam
1993 1191 2116 1247 qua:
2150 1185 2230 1230 tot
2263 1179 2552 1250 vituperiis
2587 1179 2857 1234 afficitur?
2889 1178 2992 1246 Qui
3037 1179 3204 1249 igitur
3235 1188 3424 1234 mente

1837 1268 2054 1322 excelsa
2081 1279 2184 1330 est,
2217 1277 2272 1324 et
2312 1273 2462 1324 velut
2501 1269 2569 1324 ab
2599 1271 2704 1324 alta
2745 1270 2980 1340 quadam
3024 1270 3245 1339 specula
3283 1284 3412 1324 ocn-

1841 1361 1950 1413 lum
1985 1360 2039 1413 in
2065 1376 2154 1416 res
2185 1362 2414 1417 dissitas
2439 1361 2696 1424 intendit,
2721 1363 2768 1417 is
2803 1363 2970 1432 probe
2989 1363 3156 1426 videt,
3179 1377 3288 1432 quo
3313 1363 3418 1415 dis-

1836 1453 2068 1508 crimine
2113 1455 2304 1508 vitium
2342 1471 2370 1509 a
2411 1456 2616 1510 virtute
2658 1456 2853 1520 distet;
2882 1455 3008 1524 quia
3051 1454 3320 1522 judicium
3349 1453 3424 1507 de-

1835 1545 1923 1598 liis
1955 1560 2064 1598 non
2098 1561 2164 1599 ex
2195 1547 2580 1614 prtesentibus,
2618 1547 2711 1601 sed
2746 1563 2811 1600 ex
2835 1547 3034 1620 l'uturis
3063 1545 3224 1610 facit;
3254 1545 3417 1599 oculo

1838 1637 1985 1690 enim
2017 1639 2217 1692 mentis
2243 1639 2308 1692 ad
2342 1639 2786 1710 perspiciendum
2817 1648 2870 1693 et
2899 1637 3292 1707 penetrandum
3323 1650 3416 1688 ac-

1838 1729 2204 1792 commodato,
2259 1739 2518 1801 tanquam
2571 1747 2814 1802 praesens
2864 1731 3112 1784 intuetur
3160 1728 3213 1782 id
3269 1729 3417 1798 quod

1837 1836 1936 1891 per
1990 1835 2140 1891 Spem
2194 1821 2361 1891 justis
2427 1833 2512 1880 est
2577 1824 2923 1894 repositum,
2983 1833 3038 1876 et
3089 1821 3426 1890 cogitatione

1836 1911 2162 1978 praeteriens
2215 1926 2379 1966 omne
2425 1914 2570 1983 quod
2622 1913 2726 1967 sub
2771 1926 2992 1967 sensum
3043 1910 3210 1978 cadit,
3253 1917 3305 1964 et
3343 1909 3430 1962 in--

1837 2010 1921 2056 tra
1953 2004 2202 2058 coelestia
2238 2003 2399 2076 adyta
2439 2005 2740 2070 admissus,
2789 2003 3034 2060 stultitiae
3081 2011 3134 2056 et
3183 2001 3423 2056 vesania:

1837 2095 1963 2150 illos
2003 2097 2356 2159 condemnat,
2390 2100 2486 2167 qui
2523 2099 2739 2165 abjeeto
2775 2098 2960 2150 animo
2994 2095 3261 2166 judicium
3295 2095 3423 2148 boni

1837 2187 2102 2256 potentiis
2119 2187 2186 2240 ad
2227 2187 2573 2242 sentiendum
2597 2189 2737 2256 aptis
2765 2185 3131 2239 committunt.
3168 2183 3426 2252 Quapro-

1837 2285 1960 2348 pter
2009 2295 2132 2334 cum
2177 2281 2311 2334 dicit
2357 2277 2568 2334 David:
2625 2300 2643 2331 ι
2678 2279 2818 2345 Quid
2871 2279 3016 2332 enim
3067 2277 3200 2331 mihi
3239 2285 3322 2331 est
3365 2277 3422 2330 in

1842 2371 2002 2432 cado,
2038 2377 2092 2422 et
2124 2386 2151 2423 a
2187 2379 2239 2424 te
2279 2371 2409 2440 quid
2451 2371 2596 2424 volui
2636 2385 2800 2438 super
2832 2377 3032 2423 terram
3063 2368 3144 2422 νῖν
3180 2388 3199 2420 ι
3229 2367 3420 2424 eodem

1839 2463 2109 2514 orationis
2127 2471 2388 2515 contextu
2405 2463 2538 2516 illud
2563 2463 2708 2532 quod
2733 2463 2954 2516 caeleste
2975 2469 3080 2528 est,
3099 2459 3434 2514 mirabiliter

1839 2563 1892 2606 et.
1917 2555 2181 2623 magnlice
2207 2547 2454 2616 extollit;
2487 2563 2541 2608 et
2565 2556 2709 2624 quod
2761 2555 2828 2606 ab
2853 2553 3224 2622 insipientium
3253 2551 3436 2606 oculis

1840 2646 1978 2697 tanti
2026 2645 2304 2714 penditur,
2335 2645 2494 2716 quasi
2539 2661 2637 2716 per
2667 2646 2990 2714 despectum
3022 2655 3074 2698 et
3125 2643 3424 2698 ludibrium

1840 2745 2122 2801 extenuat,
2167 2746 2221 2792 et
2256 2737 2310 2792 in
2345 2738 2530 2792 odium
2568 2738 2790 2791 adducit
2819 2757 2830 2791 :
2885 2734 3344 2805 quemadmodum
3377 2735 3430 2790 si'

1840 2829 1965 2898 quis
1993 2829 2044 2882 in
2073 2843 2294 2884 carcere
2325 2839 2507 2894 natus,
2549 2829 2808 2883 tenebras
2851 2829 2994 2892 illas,
3033 2827 3234 2897 quibus
3263 2828 3424 2882 innu-

1842 2921 2006 2974 tritus
2044 2929 2128 2975 est
2160 2929 2214 2974 et
2245 2923 2534 2986 educatus,
2567 2921 2753 2976 eximii
2787 2919 2915 2974 boni
2959 2921 3079 2973 loco
3111 2925 3424 2988 reputaret;

1842 3011 1933 3078 qui
1978 3010 2236 3078 deinceps
2275 2991 2500 3064 luminis
2533 3009 2666 3063 aerii
2703 3011 2979 3079 particeps
3025 3007 3242 3071 factus,
3287 3023 3428 3062 con-

1843 3104 2065 3156 demnat
2095 3103 2245 3171 prius
2279 3101 2409 3156 illud
2448 3117 2607 3157 suum
2637 3101 2927 3171 judicium,
2963 3109 3261 3169 narratque
3291 3114 3432 3169 qua-

1844 3193 1987 3247 libus
2013 3191 2343 3262 spectaculis
2389 3192 2524 3246 solis
2548 3199 2603 3245 et
2638 3191 2922 3245 stellarum
2946 3231 2960 3254 ,
2989 3189 3279 3258 omnisque
3307 3191 3434 3258 pul-

1843 3283 2173 3338 chritudinis
2219 3298 2343 3352 quin
2395 3283 2450 3336 iu
2486 3283 2628 3337 coelo
2659 3282 3022 3352 conspicitur,
3070 3279 3428 3350 praeposuerit

1844 3373 2133 3443 caliginem
2185 3375 2273 3426 cui
2311 3379 2566 3427 assuetus
2607 3381 2761 3438 erat;
2817 3375 2964 3443 quod
3011 3375 3240 3429 meliora
3273 3375 3432 3446 igno-

1845 3473 1992 3518 raret
2024 3481 2036 3516 :
2073 3463 2282 3518 idcirco
2313 3464 2584 3535 improbat
2612 3471 2666 3518 et
2693 3463 2947 3533 repudiat
2978 3480 3138 3518 suum
3169 3465 3238 3521 de
3283 3467 3440 3520 bono-

1845 3555 2421 3625 iu‘iperitumjudiciui:
2444 3571 2629 3625 ,seque
2657 3557 2843 3610 bestiae
2870 3557 3047 3611 instar
3074 3558 3280 3613 vixisse
3301 3573 3426 3629 pro-

1847 3646 2048 3713 ﬁtetur,
2073 3645 2316 3716 quandiu
2349 3645 2401 3699 in
2449 3647 2558 3701 illis
2593 3648 2799 3702 bonum
2833 3649 2940 3702 sibi
2981 3651 3170 3706 videre
3199 3651 3426 3706 videba-

1845 3745 1957 3792 tur.
1987 3739 2056 3792 At
2084 3753 2207 3793 cum
2236 3737 2302 3791 ad
2333 3735 2503 3793 Deum
2536 3737 2807 3792 adductus
2834 3749 2949 3802 est,
2983 3739 3125 3796 Deus
3158 3755 3290 3796 vero
3340 3747 3428 3795 est

1845 3829 2021 3891 ratio;
2048 3833 2103 3882 et
2134 3827 2202 3882 ad
2278 3831 2558 3885 dexteram
2580 3834 2826 3901 pervenit
2848 3834 2985 3900 ;dux
3007 3843 3186 3889 autem
3208 3835 3431 3890 dextera

1844 3921 1892 3976 ei
1921 3921 2024 3975 fuit
2053 3921 2194 3976 ratio
2223 3937 2320 3992 per
2350 3921 2643 3976 consilium
2677 3932 2730 3976 et
2759 3923 3234 3988 deliberationem,
3267 3925 3432 3980 vidit-

1847 4030 1953 4084 que
1990 4016 2207 4068 virtutis
2239 4016 2493 4086 gloriam,
2529 4031 2637 4085 qua
2667 4016 2746 4069 illi
2781 4017 2872 4086 qui
2911 4019 3112 4072 cmlum
3142 4025 3442 4089 spectant,

1847 4121 2064 4162 sursum
2091 4107 2428 4174 evehuntur;
2458 4115 2586 4160 tunc
2603 4108 2832 4164 vocibus
2851 4109 2960 4164 illis
2983 4111 3173 4174 utitur,
3197 4125 3430 4180 quarunt

1848 4199 2018 4252 altera
2057 4199 2286 4264 bonum,
2308 4199 2454 4268 quod
2487 4201 2629 4255 inter
2655 4201 2905 4256 lminines
2933 4202 3223 4270 reperitur,
3254 4203 3443 4257 extoI-‘

1846 4291 1929 4355 lit,
1971 4299 2024 4344 et
2058 4298 2117 4344 ut
2162 4289 2548 4346 admirandum
2587 4293 2888 4364 prtrdicat;
2931 4294 3102 4346 altera
3138 4294 3434 4348 vanitatem

1775 4416 1822 4472 Β
1847 4391 1899 4438 et
1925 4384 2231 4438 l‘utilitatem
2253 4383 2460 4440 fallacis
2479 4386 2642 4440 studii
2662 4388 2716 4439 in
2739 4387 2840 4440 hac
2862 4387 2968 4439 vita
2989 4386 3293 4440 detestatur
3315 4405 3329 4454 ;
3355 4387 3448 4442 sic

1847 4483 2024 4527 autem
2049 4481 2160 4526 tota
2193 4475 2369 4528 oratio
2396 4477 2460 4530 ad
2489 4478 2713 4531 verbum
2745 4479 2905 4530 habet
2936 4497 2946 4530 :
2986 4496 3004 4528 ι
3039 4477 3103 4532 Ut
3125 4477 3444 4546 jumentum-

165 4566 349 4632 αῳείας
383 4563 766 4635 προστίθησιν.
799 4565 884 4626 Ὠς
917 4561 983 4615 ἂν
1011 4563 1103 4615 καὶ
1129 4565 1289 4633 ἡμεῖς
1308 4563 1596 4634 μάθοιμεν,
1630 4564 1736 4628 πῶς

1840 4563 2018 4620 factus
2032 4581 2152 4620 sum
2173 4567 2314 4636 apud
2337 4567 2440 4622 te“.
2465 4584 2486 4617 ι
2511 4568 2608 4625 His
2631 4569 2970 4624 all‘ectionem
2992 4571 3221 4626 rationis
3241 4586 3440 4641 exper-

166 4655 192 4702 6
223 4656 434 4726 πρῶτον
457 4653 740 4725 κτηνώδης
769 4655 907 4724 μετά
927 4655 1102 4708 ταῦτα
1123 4655 1202 4725 τῷ
1227 4655 1346 4726 Θεῷ
1376 4655 1706 4710 συνάπτεται
1729 4672 1745 4687 ο

173 4767 190 4798 ι
223 4749 566 4820 Ἐκρόιτησας
597 4767 616 4799 ι
660 4748 790 4818 γὰρ,
831 4749 988 4819 φησὶ,
1034 4768 1052 4799 ι
1094 4748 1194 4818 τῆς
1231 4748 1412 4820 χειρός
1439 4751 1536 4820 τῆς
1566 4749 1752 4814 δεξιᾶς

171 4857 286 4906 μου.
320 4859 338 4890 ι
372 4840 513 4892 Θεοῦ
556 4838 844 4909 ἀντίληψιν
871 4839 1058 4905 λέγει,
1089 4838 1186 4909 τὴν
1219 4839 1355 4910 πρὸς
1379 4838 1447 4891 τὰ
1477 4839 1625 4906 δεξιά
1645 4840 1748 4910 τῆς

170 4929 394 4994 διανοίας
414 4930 618 5000 ὁρμήν.
653 4949 671 4980 ι
699 4929 808 4981 Καὶ
829 4931 885 4982 ἐν
907 4931 972 4999 τῇ
997 4927 1157 4998 βουλῇ
1181 4945 1274 4980 σου
1297 4927 1586 5000 ὼδὴγησάς
1605 4947 1692 5000 με·
1727 4950 1745 4983 ι

171 5021 226 5072 οὐ
254 5021 360 5090 γὰρ
395 5023 524 5074 ἄνευ
553 5019 704 5082 θείας
745 5017 942 5088 βουλῆς
975 5018 1186 5086 γίνεται
1217 5018 1312 5070 ἐπὶ
1340 5017 1401 5070 τὸ
1433 5018 1592 5072 καλὸν
1620 5019 1747 5091 ὁδη-

173 5113 274 5178 γία.
313 5130 332 5161 ι
373 5114 489 5166 Καὶ
523 5111 662 5182 μετά
691 5109 848 5181 δόξης
878 5108 1217 5180 προσελάϐου
1240 5110 1568 5180 par-Keilii);
1597 5113 1749 5164 ἀντι-

172 5203 462 5257 διαπτέλλει
507 5207 574 5274 τῇ
619 5203 851 5276 αἰσχύνῃ
893 5203 990 5273 τὴν
1035 5201 1215 5266 δόξαν.
1284 5202 1445 5267 Ἥτις
1495 5203 1752 5278 καθάπερ

241 5383 450 5440 "Psal.
479 5400 648 5449 Lxxu,
683 5383 774 5440 25.
851 5380 1116 5437 ⁸1δίε1.25
1139 5397 1264 5452 sqq.

245 5569 354 5638 (66)
379 5571 462 5636 Μή
497 5587 608 5622 om.
641 5569 727 5624 ed.

246 5641 353 5712 (67)
389 5641 687 5714 Προετίθει,
713 5639 802 5696 ed.

1848 4665 1954 4711 tem
2004 4656 2366 4713 demonstrat.
2402 4659 2569 4712 Addit
2631 4661 2829 4715 deinde
2862 4681 2874 4714 :
2917 4682 2935 4713 ι
2976 4661 3040 4715 Et
3086 4677 3188 4732 ego
3225 4677 3450 4731 semper

1847 4757 2048 4804 tecum.
2092 4749 2265 4804 illam
2319 4751 2508 4807 dicens
2558 4753 2718 4806 etiam
2754 4754 2976 4808 modum
3024 4755 3450 4822 eonjunclionio

1847 4858 1969 4896 cum
2001 4843 2110 4897 Deo
2145 4843 2362 4912 adjicit,
2384 4851 2444 4896 ut
2471 4851 2526 4899 et
2561 4859 2662 4898 nos
2694 4844 2996 4909 discamus,
3040 4845 3318 4916 quomodo
3341 4847 3444 4916 qui

1850 4935 2002 5004 prius
2032 4935 2208 4990 instar
2241 4935 2476 5005 jumenti
2512 4945 2660 5002 erat,
2707 4946 2896 5007 postea
2927 4953 3050 4992 cum
3085 4939 3193 4993 Deo
3234 4955 3450 4995 conso-~

1849 5025 2047 5079 cietur.
2084 5043 2102 5074 ι
2155 5022 2441 5092 Tenuisti,
2473 5047 2491 5077 ι
2529 5027 2728 5096 inquit.
2791 5047 2809 5078 ι
2842 5029 3120 5083 dexteram
3168 5045 3368 5084 meam.
3412 5047 3440 5081 ν

1853 5115 1948 5170 Dei
1985 5117 2251 5186 auxilium
2287 5118 2464 5171 innuit
2511 5134 2606 5188 per
2637 5119 2838 5174 mentis
2866 5119 2934 5174 ad
2973 5119 3254 5174 dexteram
3285 5130 3443 5176 tran-

1854 5207 2133 5262 sitionem.
2184 5229 2207 5260 θ
2240 5206 2308 5262 Ει
2339 5210 2395 5264 in
2422 5211 2700 5266 voluntate
2727 5221 2818 5266 tua
2841 5209 3119 5268 deduxisti
3145 5227 3251 5268 me.
3286 5232 3306 5262 ι
3333 5209 3448 5268 Ne-

1944 5567 2055 5641 (68)
2087 5567 2442 5641 Ἀνθρώποις,
2479 5567 2570 5625 ed.
