3838 6224
405 260 504 319 461

1645 256 1703 310 S.
1746 252 2076 311 GREGORII
2118 252 2414 310 NYSSEM

3555 256 3669 312 ‘52

405 382 563 447 agat;
602 388 829 432 accessu
865 384 919 430 et
946 377 1197 447 ingressu
1223 376 1291 430 ad
1327 382 1558 437 rectum,
1591 375 1684 443 qui
1723 374 1858 429 nihil
1894 383 1978 428 est

2083 377 2204 439 ταῖς
2256 374 2427 437 θείαις
2478 373 2845 437 διδασκαλίαις
2890 373 3230 445 ἐπαρδομένη
3271 371 3432 442 (62').
3465 373 3531 427 Ἦ
3565 369 3665 429 οὖν

390 469 552 525 ιοΙίιιὰ
596 484 761 539 quam
796 483 1050 525 recessus
1082 483 1113 522 a
1148 468 1448 529 contrario,
1496 480 1592 537 per
1619 481 1780 536 quem
1812 466 1978 521 edici-

402 572 494 619 tur
528 562 654 632 quis
694 576 874 616 rerum
907 560 1348 632 praestandorum
1400 560 1693 629 particeps.

472 696 543 749 At
563 695 656 765 qui
678 694 792 764 jam
816 694 1075 750 virtutem
1100 694 1430 765 degustavit,
1464 693 1795 765 prepriaque
1822 708 1979 763 expe-

401 787 598 842 rientia
631 786 759 842 boni
796 794 1051 842 naturam
1082 787 1305 854 didicit,
1346 787 1437 842 ille
1483 801 1593 842 non
1624 793 1709 842 est
1741 786 1978 857 amplius

403 881 477 935 ita
506 888 882 949 comparatus,
912 887 968 933 ut
1000 893 1228 934 necesse
1257 878 1330 933 sit
1361 891 1485 933 eum
1516 878 1704 932 multis
1724 876 1981 931 cohorta-

401 972 645 1026 tionibus
665 972 734 1026 ah
755 970 1134 1024 aﬂectionibus
1155 969 1315 1024 malis
1335 969 1675 1031 abstrahere,
1695 976 1750 1023 et
1773 968 1838 1022 ad
1862 967 1977 1021 vir-

402 1070 572 1117 tutem
594 1063 858 1129 incitare;
884 1061 977 1117 sed
1007 1062 1124 1130 ipse
1154 1061 1242 1116 siti
1270 1059 1504 1130 quadam
1529 1060 1656 1114 boni
1681 1068 1736 1116 et
1760 1059 1977 1114 honesti

401 1155 557 1224 quasi
587 1162 803 1210 aestuat.
834 1151 1167 1222 Cupiditatis
1196 1153 1342 1207 enim
1365 1151 1766 1207 vehementiam
1793 1159 1850 1205 et
1869 1151 1979 1207 vio-

307 1246 325 1256 ’
403 1248 627 1301 lentiam
653 1246 745 1302 siti
768 1252 1054 1316 comparat
1076 1244 1419 1300 Psalmorum
1454 1246 1706 1314 scriptor,
1742 1243 1977 1299 adducta

320 1386 323 1389 .
402 1334 845 1390 siticulosissima
878 1349 999 1403 qua:
1032 1334 1087 1387 in
1134 1333 1507 1387 animantibus
1539 1341 1622 1388 est
1660 1341 1879 1397 natura,
1918 1343 1980 1388 ut

400 1425 639 1480 maxime
671 1426 832 1480 nobis
871 1426 942 1480 ob
971 1426 1162 1479 oculos
1212 1435 1379 1494 ponat
1431 1426 1791 1481 iutensionem
1826 1427 1978 1496 cupi-

402 1517 593 1572 ditatis
620 1533 716 1586 per
754 1517 978 1580 animal,
1013 1515 1159 1586 quod
1187 1529 1352 1585 supra
1381 1515 1602 1569 modum
1635 1516 1727 1571 siti
1761 1517 1977 1571 crucia-

400 1615 495 1662 tur
536 1620 589 1663 et
623 1608 811 1676 ardet;
852 1609 961 1664 hoc
1002 1617 1185 1662 autem
1220 1608 1425 1661 animal
1454 1622 1646 1663 cervus
1667 1616 1753 1663 est
1781 1607 1840 1662 ιε
1885 1607 1977 1662 cui

403 1701 752 1764 consuetum,
782 1706 1174 1754 venenatarum
1202 1697 1502 1755 bestiarum
1528 1698 1712 1753 cibatu
1741 1698 1887 1755 vesci
1920 1706 1977 1755 et

402 1791 800 1862 pinguescere;
846 1789 1011 1844 calidi
1045 1804 1179 1845 vero
1203 1797 1257 1845 et
1297 1790 1451 1860 igniti
1499 1796 1630 1844 sunt
1659 1786 1977 1859 huiusmodi

404 1882 723 1936 animalium
760 1881 946 1950 succi;
987 1881 1188 1953 quibus
1235 1882 1603 1952 ingurgitatus
1649 1896 1870 1945 cervus,
1917 1881 1978 1937 fit

406 1970 718 2028 necessario
747 1972 975 2039 aridior,
1008 1972 1200 2026 talium
1238 1973 1555 2026 animalium
1597 1987 1784 2031 succo.
1816 1972 1976 2041 quasi

401 2062 588 2117 toxico
609 2060 877 2128 infectus;
896 2069 950 2117 et
969 2062 1039 2116 ob
1056 2063 1109 2116 id
1127 2063 1503 2118 vehementius
1525 2067 1731 2133 appetit
1752 2078 1975 2132 aquam,

404 2161 464 2206 ut
489 2160 643 2206 curet
672 2159 916 2205 exortam
947 2167 1014 2207 ex
1039 2152 1375 2221 ejuscemodi
1406 2152 1604 2222 pabulo
1639 2152 1976 2208 ariditatem.

402 2241 508 2308 Qui
538 2242 705 2312 igitur
735 2243 791 2297 in
821 2243 995 2313 prima
1027 2241 1366 2298 Psalmorum
1405 2253 1560 2313 parte
1604 2246 1770 2297 vitam
1802 2245 1977 2299 virtu-

402 2337 475 2389 tis
506 2334 809 2389 studiosam
840 2335 1140 2400 inchoavit,
1172 2343 1446 2404 gustuque
1467 2334 1806 2390 dulcedinem
1833 2336 1974 2405 ejus,

401 2426 548 2496 quod
581 2424 858 2482 desiderat
894 2426 1189 2492 cognovit;
1247 2437 1299 2480 et
1337 2441 1555 2480 omnem
1587 2428 1744 2496 quasi
1785 2442 1979 2496 repen-

402 2518 540 2571 tium
582 2517 939 2586 cupiditatum
994 2518 1229 2587 speciem
1284 2517 1338 2570 in
1402 2518 1585 2586 seipso
1648 2518 1975 2586 absumpsit,

402 2605 887 2675 temperantiaeque
913 2605 1061 2659 velut
1082 2605 1366 2667 dentibus,
1399 2607 1520 2661 loco
1551 2606 1850 2675 reptilium,
1885 2607 1978 2659 im-

404 2696 720 2752 moderatas
746 2695 1108 2766 appetitiones
1143 2709 1273 2751 suas
1303 2696 1604 2757 devoravit,
1634 2696 1757 2765 plus
1787 2695 1904 2749 sitit
1924 2702 1978 2748 et

404 2788 610 2858 expetit
652 2786 745 2842 Dei
793 2787 1140 2857 praesentiam
1195 2794 1250 2840 et
1306 2786 1770 2849 communionem,
1812 2800 1975 2854 quam

404 2894 600 2934 cervus
646 2878 827 2932 fontes
863 2892 1132 2947 aquarum
1167 2876 1545 2945 concupiscat.
1581 2875 1815 2953 Tantum
1849 2891 1977 2946 por-

403 2985 468 3025 ro
501 2970 611 3033 ille,
651 2970 746 3039 qui
778 2969 833 3022 in
866 2967 1066 3022 fontem
1098 2967 1292 3022 incidit
1327 2977 1449 3036 post
1485 2966 1763 3020 ardentem
1804 2967 1975 3028 sitim,

404 3076 561 3133 aqua:
589 3060 791 3125 haurit,
818 3067 1082 3130 quantum
1106 3059 1381 3128 cupiditas
1412 3062 1556 3128 potis
1575 3067 1660 3113 est
1681 3060 1974 3112 attrahere.
2005 3090 2047 3147 ο

406 3153 514 3220 Qui
538 3166 668 3208 vero
713 3151 855 3206 intra
887 3165 947 3206 se
983 3151 1176 3220 recipit
1216 3149 1350 3204 illud
1385 3148 1531 3220 quod
1562 3147 1894 3218 concupivit,
1931 3148 1979 3203 is

405 3245 602 3316 plenus
628 3249 711 3298 est
738 3243 861 3312 ejus
904 3243 1050 3313 quod
1080 3242 1301 3312 appetiit
1342 3257 1359 3295 :
1400 3255 1507 3294 non
1541 3240 1688 3295 enim
1727 3254 1793 3295 eo
1821 3237 1982 3293 modo

407 3351 517 3407 quo
568 3335 621 3388 in
656 3349 949 3403 corporum
990 3333 1310 3403 repletione,
1349 3332 1665 3386 exinanitur
1698 3329 1878 3386 denuo
1927 3331 1983 3385 id

408 3427 554 3498 quod
586 3426 752 3482 semel
796 3426 1067 3495 repletum
1098 3422 1310 3487 fuerat,
1344 3438 1519 3492 neque
1559 3423 1771 3477 otiosus
1804 3421 1856 3475 in
1893 3437 1983 3477 se-

409 3519 532 3589 ipso
563 3528 725 3588 potus
758 3517 849 3569 ille
896 3526 1112 3579 manet;
1153 3515 1245 3568 sed
1296 3515 1516 3569 divinus
1566 3513 1711 3573 fons.
1755 3515 1809 3567 in
1853 3528 1984 3584 quo-

409 3625 624 3680 cunque
649 3607 938 3670 exstiterit,
995 3607 1061 3659 ad
1103 3622 1224 3659 sese
1267 3605 1410 3674 rapit
1451 3621 1576 3659 eum
1605 3605 1697 3675 qui
1742 3619 1986 3659 accesse-

410 3702 500 3766 rit,
533 3703 708 3771 deque
738 3716 836 3756 sua
867 3700 916 3751 vi
947 3706 1001 3752 et
1034 3698 1294 3752 facultate
1325 3697 1530 3768 aliquid
1561 3697 1839 3768 elargitur.

1022 3823 1252 3880 CAPUT
1292 3825 1382 3881 Vl.

484 3982 751 4038 Caetemm
781 3983 1002 4054 propria
1045 3990 1126 4037 est
1152 3980 1467 4038 Divinitatis
1495 3999 1580 4040 vis
1613 3983 1981 4054 perspiciendi

409 4062 754 4128 et'elﬁcieudi
794 4079 992 4127 cuncta
1036 4087 1217 4126 rerum
1263 4088 1484 4143 genera.
1524 4072 1665 4145 Ergo
1709 4073 1802 4142 qui
1839 4073 1981 4126 intra

413 4177 474 4218 se
523 4163 715 4232 recipit
750 4161 856 4216 hoc
903 4162 1048 4232 quod
1100 4161 1472 4227 desideravit,
1527 4163 1618 4218 ille
1671 4162 1834 4218 etiam
1880 4163 1982 4218 hac

412 4250 784 4320 perspiciendi
824 4250 1082 4306 facultate
1111 4252 1371 4318 donatur,
1400 4268 1697 4324 rerumque
1727 4261 1980 4307 naturam

410 4345 833 4414 contemplatur.
867 4342 1158 4413 Propterea
1182 4346 1396 4400 tertiam
1422 4345 1762 4400 Psalmorum
1789 4346 1983 4401 sectio-

2081 466 2294 539 πρώτη,
2320 467 2456 538 πρὸς
2478 466 2539 520 τδ
2565 466 2768 535 ἀγαθὸν
2793 466 3015 530 εἴσοδος,
3034 467 3069 538 ἢ
3103 466 3213 520 τῶν
3232 467 3489 521 ἐναντίων
3509 468 3666 522 ἐστὶν

2080 558 2399 621 ἀπόστασις,
2423 556 2491 610 δι’
2517 552 2586 627 ἧς
2616 556 2823 625 γίνεται
2846 557 2879 627 ἠ
2912 554 3112 626 μετοχὴ
3132 556 3227 609 τοῦ
3252 555 3540 627 βελτιόνος.

2162 694 2224 749 Ὀ
2272 694 2329 748 δὲ
2360 691 2694 764 γευσάμενος
2749 692 2851 764 ἤδη
2908 694 3009 762 τῆς
3051 691 3270 764 ἀρετῆς,
3310 690 3403 745 καὶ
3428 692 3494 762 τῇ
3530 686 3662 745 καθ’

2080 785 2271 839 ἐαυτὸν
2312 783 2479 855 πείρᾳ
2526 782 2621 836 τοῦ
2663 781 2868 852 ἀγαθοῦ
2926 782 3027 854 τὴν
3073 782 3235 852 φύσιν
3292 782 3661 851 κατανοήσας,

2078 878 2262 934 οὐκέτι
2290 875 2531 940 τοιοῦτός
2565 874 2715 929 ἐστιν
2737 914 2754 940 ,
2800 875 2876 938 ὡς
2908 873 3125 946 ἀνάγκῃ
3167 872 3274 926 τινὶ
3324 872 3420 925 καὶ
3464 871 3660 925 νουθε-

2083 969 2177 1041 σία
2227 967 2324 1040 τῆς
2381 967 2519 1039 πρὸς
2581 968 2682 1039 τὴν
2751 965 2950 1021 κακίαν
2999 963 3370 1037 προσπαθείας
3422 962 3662 1034 ἀφέλκε-

2082 1060 2245 1124 σθαι,
2278 1061 2377 1115 καὶ
2412 1056 2551 1132 πρὸς
2592 1058 2692 1126 τὴν
2723 1057 2927 1129 ἀρετὴν
2956 1056 3191 1126 βλέπειν,
3226 1053 3343 1109 ἀλλ’
3381 1052 3663 1126 ὑπερδιῲᾷ

2082 1150 2178 1206 τοῦ
2219 1149 2507 1222 βελτίονος.
2547 1148 2624 1203 Τὸ
2657 1148 2766 1220 γὰρ
2795 1145 3021 1218 ἄσχετόν
3070 1163 3130 1199 τε
3173 1146 3267 1200 καὶ
3301 1145 3527 1217 σφοδρὸν
3555 1146 3663 1216 τῆς

2080 1240 2376 1310 ἐπιθυμίας
2419 1243 2486 1310 τῇ
2519 1238 2642 1310 δίψῃ
2672 1234 3019 1308 προσεικάζει
3047 1234 3077 1287 ὁ
3101 1232 3277 1300 λόγος,
3318 1231 3664 1302 ἐπιζητήσας

2038 1315 2049 1326 ’
2076 1334 2176 1406 τὴν
2223 1332 2624 1403 διψωδεστάτην
2657 1331 2715 1384 ἐν
2747 1331 2858 1392 τοῖς
2909 1326 3068 1392 ζώοις
3108 1325 3298 1395 φύσιν⁹
3341 1325 3418 1387 ὡς
3451 1322 3517 1377 ἂν
3553 1323 3664 1393 μά-

2080 1427 2240 1480 λιστα
2269 1425 2331 1477 τὺ
2359 1422 2747 1493 ἐπιτεταμένον
2772 1420 2873 1491 τῆς
2907 1418 3202 1489 ἐπιθυμίας
3239 1416 3331 1469 διὰ
3356 1416 3453 1468 τοῦ
3486 1415 3666 1485 ὕπερ·

2079 1511 2379 1573 ϐαλλόντως
2400 1511 2458 1562 ἐν
2482 1511 2547 1579 τῇ
2560 1508 2688 1581 δίψῃ
2703 1506 2984 1577 γινομένου
3003 1504 3141 1571 ζὼου
3167 1504 3277 1576 (65)
3300 1502 3658 1573 ἐπιδειχθείη.

2077 1599 2249 1654 Τοῦτο
2272 1600 2330 1654 δὲ
2347 1599 2408 1653 τὸ
2437 1599 2575 1664 ζῶον
2597 1598 2794 1667 ἔλαφον
2819 1597 2987 1666 λέγει,
3074 1595 3234 1665 φύσις
3255 1595 3372 1646 ἐστὶ
3392 1594 3458 1662 τῇ
3481 1591 3659 1662 ἐδωδῇ

2077 1693 2187 1747 τῶν
2236 1691 2455 1748 ἰοϐόλων
2489 1690 2692 1762 θηρίων
2721 1688 3055 1743 πιαίνεσθαι.
3082 1686 3287 1757 Θερμοὶ
3313 1686 3371 1740 δέ
3412 1685 3510 1737 καὶ
3534 1683 3660 1736 δια-

2078 1784 2232 1845 καεῖς
2269 1782 2319 1835 οἱ
2345 1782 2509 1854 χυμοὶ
2530 1781 2638 1835 τῶν
2663 1779 2888 1850 Θηρίων,
2914 1772 2990 1832 ὧν
3010 1774 3333 1847 ὲμφαγοῦσα
3368 1775 3403 1845 ἡ
3432 1772 3659 1843 ἔλαφος,

2078 1874 2347 1945 ξηροτέρα
2386 1872 2595 1942 γίνεται
2643 1873 2765 1925 κατ’
2798 1868 3043 1938 ἀνάγκην
3081 1864 3533 1938 φαρμακευθεὼα
3574 1863 3660 1935 τῷ

2077 1965 2185 2018 τῶν
2220 1963 2356 2035 (65⁸)
2387 1962 2591 2035 θηρίων
2619 1961 2802 2033 χυμῷ.
2854 1962 2965 2014 Καὶ
2994 1959 3081 2012 διὰ
3112 1958 3269 2012 τοῦτο
3298 1956 3661 2028 σφοδρότερον

2077 2056 2339 2126 ἐπιθυμεῖ
2360 2054 2456 2109 τοῦ
2484 2052 2693 2117 ὕδατος,
2715 2054 2802 2107 ἵνα
2822 2052 3135 2123 θεραπεύσῃ
3162 2049 3258 2119 τὴν
3278 2052 3343 2102 ἐκ
3361 2048 3461 2119 τῆς
3482 2046 3667 2101 τοιαῦθ

2077 2164 2177 2216 της
2211 2144 2467 2216 βρώσεως
2497 2145 2854 2215 ἐγγινομένην
2886 2143 3179 2214 ξηρότητα.
3225 2142 3287 2194 '0
3314 2140 3492 2193 τοίνυν
3521 2155 3667 2211 προ-

2076 2238 2349 2302 τελεσθεὶς
2381 2237 2480 2309 τὴν
2508 2238 2565 2290 ἐν
2591 2237 2759 2308 ἀρετῇ
2783 2236 2927 2305 ζωὴν
2950 2237 3006 2288 ἐν
3037 2232 3116 2304 τῷ
3145 2231 3344 2303 πρώτῳ
3371 2230 3528 2302 μέρει
3559 2230 3667 2300 τῆς

2076 2330 2398 2400 ψαλμῳδίας
2420 2370 2435 2394 ,
2461 2330 2556 2382 καὶ
2585 2326 2647 2381 τὺ
2677 2327 2848 2396 γλυκὺ
2879 2325 2973 2379 τοῦ
2997 2324 3330 2395 ποθουμένου
3362 2325 3429 2392 τῇ
3466 2319 3663 2390 γεύσει

2078 2421 2381 2492 γνωρίσας,
2426 2421 2745 2491 δαπανήσας
2775 2418 2832 2472 δὲ
2864 2420 2974 2472 πᾶν
3001 2415 3326 2488 ἐρπυστικὸν
3358 2413 3664 2483 ἐπιθυμίας

2078 2510 2218 2577 εἶδος
2258 2514 2316 2564 ἐν
2349 2510 2528 2581 ἑαυτῷ
2552 2551 2567 2571 ,
2618 2512 2713 2564 καὶ
2765 2512 2880 2573 τοῖς
2921 2510 3021 2578 τῆς
3076 2505 3429 2577 σωφροσύνης
3469 2502 3661 2558 ἰδοῦσι

2076 2602 2354 2671 διαφαγὼν
2386 2602 2505 2656 ἀντὶ
2538 2600 2739 2671 θηρίων
2789 2600 2857 2654 τὰ
2899 2599 3045 2670 πάθη
3069 2616 3083 2632 '
3110 2598 3238 2670 διψᾷ
3264 2598 3364 2668 τῆς
3390 2594 3488 2649 τοῦ
3516 2593 3660 2649 Θεοῦ

2081 2695 2371 2766 μετουσίας
2416 2694 2597 2757 πλέον,
2628 2692 2662 2765 ἢ
2699 2692 2821 2746 καθ’
2850 2693 2976 2745 ὅσον
3003 2690 3160 2744 ποθεῖ
3188 2690 3288 2751 τὰς
3328 2689 3514 2760 πηγὰς
3544 2687 3663 2740 τῶν

2079 2786 2287 2840 ὑδάτων
2317 2788 2351 2856 ἡ
2386 2783 2602 2852 ἔλαφος.
2637 2783 2872 2837 Ἕπεται
2916 2782 2973 2835 δὲ
3000 2780 3078 2851 τῷ
3105 2781 3205 2851 τῆς
3244 2780 3429 2850 πηγῆς
3471 2779 3662 2832 ἐπιτυι

2078 2877 2224 2947 χόντι
2267 2875 2402 2946 μετὰ
2428 2874 2525 2944 τὴν
2568 2871 3010 2944 ὑπερϐάλλουσαν
3041 2869 3199 2938 δίψαν
3230 2866 3488 2921 τοσοῦτον
3515 2867 3660 2920 cmi-

2080 2984 2171 3021 σαι
2195 2967 2287 3020 τοῦ
2321 2966 2530 3027 ὓδατος,
2560 2965 2684 3018 ὅσον
2718 2965 2751 3035 ἡ
2778 2962 3043 3032 ἐπιθυμία
3069 2961 3190 3015 κατ’
3214 2958 3464 3026 ἐξουσίαν
3494 2957 3663 3027 ἐφέλ-

2080 3075 2254 3113 κεται.
2309 3057 2365 3110 Ὁ
2409 3056 2465 3110 δὲ
2507 3053 2686 3109 λαϐὼν
2716 3056 2773 3107 ἐν
2809 3053 2987 3123 ἐαυτῷ
3022 3052 3082 3105 τὸ
3112 3050 3454 3120 ποθούμενον
3511 3048 3657 3119 πλή-

2083 3166 2183 3223 ρης
2210 3149 2355 3202 ἐστὶν
2402 3140 2464 3201 οὗ
2493 3144 2779 3216 ἐπόθησεν.
2825 3144 2901 3197 Οὐ
2935 3146 3045 3213 γὰρ
3087 3139 3212 3194 καθ’
3234 3136 3535 3209 ὁμοιότητα
3555 3136 3663 3207 τῆς

2079 3245 2138 3297 ἐν
2173 3242 2382 3313 σώματι
2407 3238 2725 3310 πλησμονῆς
2746 3235 2996 3290 κενοῦται
3036 3231 3198 3286 πάλιν
3229 3231 3291 3283 τὸ
3320 3230 3536 3302 πλῆρες
3564 3243 3667 3298 γε-

2079 3335 2330 3405 νόμενον·
2378 3331 2497 3384 οὐδὲ
2528 3327 2693 3400 ἀργὸν
2730 3329 2788 3380 ἐν
2832 3323 3010 3392 ἐαυτῷ
3037 3323 3100 3376 τὸ
3139 3322 3305 3376 ποτὸν
3354 3320 3613 3390 διαμένει
3639 3335 3656 3350 ·

2081 3426 2194 3479 ἀλλ’
2224 3426 2258 3496 ἡ
2300 3423 2417 3477 θεία
2452 3420 2624 3492 πηγὴ,
2660 3421 2717 3471 ἐν
2750 3411 2904 3487 ᾧπερ
2947 3414 3014 3469 ἂν
3045 3413 3291 3484 γένηται.
3338 3412 3480 3483 πρὸς
3531 3411 3664 3464 ἐαυ-

2080 3517 2176 3587 τὴν
2205 3516 2486 3587 μεταποιεῖ
2507 3513 2598 3566 τὸν
2634 3510 2931 3581 ἁψάμενον,
2958 3506 3052 3561 καὶ
3078 3504 3528 3581 Ῠσυμμεταδίδωσι
3560 3502 3665 3574 τῆς

2084 3608 2220 3671 ἰδίας
2251 3605 2552 3676 δυνάμεως.

2601 3841 2999 3900 ΚΕΦΑΑΑιοΝ
3033 3838 3125 3907 ς’.

2163 3986 2321 4041 Ἀλλὰ
2353 3983 2456 4057 μὴν
2492 3982 2620 4037 ἴδιόν
2657 3983 2775 4034 ἐστι
2805 3976 3225 4051 τῆςϐεότητοςή
3254 3969 3529 4043 ἐποπτικὴ
3549 3969 3661 4026 τῶν

2080 4077 2248 4132 ὄντων
2304 4073 2531 4144 δύναμίς
2575 4090 2636 4124 τε
2682 4068 2779 4124 καὶ
2820 4067 3088 4136 ἐνέργεια.
3135 4061 3345 4116 Οὐκοῦν
3386 4062 3417 4113 ό
3457 4061 3521 4111 ἐν
3565 4059 3660 4113 αὑ-

2079 4164 2158 4239 τῷ
2186 4166 2296 4239 (64)
2325 4165 2484 4236 ἔχων,
2526 4162 2662 4233 ὅπερ
2704 4157 2960 4228 ἐπόθησε,
3014 4155 3106 4209 καὶ
3148 4154 3312 4216 αὐτὸς
3361 4150 3660 4214 51:05:5sz;

2079 4260 2310 4332 γίνεται,
2346 4259 2439 4312 καὶ
2476 4254 2576 4327 τὴν
2606 4253 2719 4307 τῶν
2752 4251 2919 4305 ὄντων
2943 4248 3315 4301 διασκοπεῖται
3344 4242 3531 4314 φύσιν.
3562 4242 3661 4296 Διὰ

2080 4353 2236 4408 τοῦτο
2271 4350 2366 4405 τοῦ
2412 4348 2595 4420 τρίτου
2637 4345 2922 4416 τμήματος
2968 4339 3069 4409 τῆς
3106 4335 3425 4408 ψαλμῳδίας
3450 4333 3662 4403 ταύτην

410 4450 534 4490 nem
563 4435 634 4490 ab
674 4435 779 4489 hoc
807 4436 1075 4507 principio
1105 4437 1423 4506 auspicatus
1456 4445 1562 4500 est,
1610 4451 1716 4507 qua
1761 4434 1978 4506 potissi-

2087 4446 2378 4517 πεποίηται
2400 4443 2499 4512 τὴν
2526 4438 2719 4511 ἀρχὴν,
2752 4438 2811 4489 ὲν
2839 4427 2883 4503 ᾧ
2910 4432 3069 4487 τοῦτο
3096 4429 3329 4501 μάλιστα
3352 4424 3663 4493 διεξετάζει

410 4541 561 4581 ιιιυω
610 4527 859 4597 inquirit,
898 4527 1176 4597 quomodo
1221 4528 1435 4598 justitia
1466 4528 1641 4584 divini
1690 4528 1886 4600 judicii
1926 4528 1982 4582 iu

414 4618 780 4689 inzequalitate
842 4618 1006 4690 hujus
1053 4622 1177 4675 vitae
1219 4629 1492 4688 servetur,
1538 4624 1981 4696 quandoquidem

410 4714 733 4782 plerumque
753 4727 859 4768 non
887 4728 986 4783 pro
1011 4715 1223 4769 meritis
1253 4730 1319 4770 ex
1348 4716 1613 4786 dignitate
1639 4717 1981 4789 singulorum

413 4803 644 4860 felicitas
677 4804 731 4858 in
763 4803 864 4859 hac
890 4805 1001 4859 vita
1028 4804 1342 4862 hominibus
1370 4808 1636 4878 obtingit;
1671 4824 1817 4880 saepe
1837 4812 1981 4865 enim

412 4894 468 4949 in
506 4895 696 4949 eodem
744 4896 854 4951 duo
893 4903 1135 4951 extrema
1166 4912 1392 4953 cernere
1431 4898 1578 4964 licet,
1628 4901 1706 4955 ita
1745 4909 1804 4954 ut
1832 4901 1979 4957 idem

413 4986 484 5039 sit
509 4997 563 5041 et
595 4989 648 5041 in
681 4988 908 5053 malitia,
940 4997 996 5042 et
1029 4989 1085 5042 in
1134 4990 1359 5060 perenni
1391 5006 1571 5045 rerum
1617 4993 1981 5062 prosperitate

412 5092 661 5134 surnmus
686 5097 698 5133 :
739 5096 898 5152 quem
927 5095 1052 5134 cum
1080 5080 1206 5151 quis
1231 5081 1452 5152 aspicit,
1485 5083 1741 5138 turbatur
1773 5084 1979 5148 animo,

413 5182 482 5223 ne
512 5168 650 5225 forte
672 5171 845 5242 magis
864 5189 929 5229 ex
953 5188 1014 5228 re
1036 5174 1289 5228 humanae
1318 5173 1650 5231 conditionis
1670 5175 1742 5231 sit
1772 5176 1981 5246 impro-

483 5371 504 5403 ⁸
520 5368 664 5428 Psai.
696 5387 806 5436 xu,
842 5372 900 5426 2.

485 5524 617 5595 (62’)
645 5525 776 5588 Ταῖς
806 5524 983 5596 θείαις
1009 5524 1107 5579 διδ.
1149 5524 1342 5596 ἐπαρδ.
1383 5539 1494 5582 om.
1542 5525 1627 5582 ed.
1663 5523 1785 5582 Mox
1831 5522 1974 5580 idem

415 5593 769 5668 tﬁ..._5l06_5¢p
789 5597 906 5650 sine
927 5593 1020 5650 οὖν
1046 5597 1257 5668 πρώτη.

487 5664 596 5736 (65)
625 5664 770 5719 Ζώου
798 5682 904 5720 om.
933 5669 1017 5722 ed.

2082 4541 2112 4594 ό
2157 4539 2348 4607 λόγος,
2395 4533 2512 4596 πῶς
2564 4531 2626 4583 τὸ
2655 4529 2861 4582 δίκαιον
2892 4524 2992 4594 τῆς
3023 4523 3174 4586 θείας
3221 4521 3456 4592 κρίσεως
3488 4519 3553 4572 ἐν
3593 4520 3663 4589 τῇ

2083 4627 2365 4700 ἀνωμαλίᾳ
2390 4624 2482 4679 τοῦ
2505 4622 2620 4694 βίου
2656 4616 3047 4686 διασωθήσεται
3068 4630 3082 4645 ⁸
3105 4615 3166 4667 οὐ
3200 4611 3343 4666 κατὰ
3367 4611 3465 4681 τὴν
3498 4610 3664 4677 ἀξίαν

2082 4723 2192 4777 τῶν
2210 4718 2581 4790 προαιρέσεων
2601 4712 2702 4781 τῆς
2720 4709 2862 4763 κατὰ
2884 4708 2976 4762 τὸν
3003 4706 3112 4777 βίον
3129 4704 3316 4759 τοῦτον
3336 4701 3663 4773 εύκληρίας,

2083 4814 2159 4879 ὡς
2182 4812 2252 4866 τὰ
2282 4806 2471 4873 πολλὰ,
2500 4807 2614 4868 τοῖς
2645 4800 2952 4873 ἀνθρώποις
2973 4795 3351 4867 ἐγγινομένης.
3388 4791 3664 4855 Πολλάκις

2087 4904 2194 4975 γὰρ
2214 4901 2342 4972 περὶ
2368 4898 2459 4952 τὸν
2489 4896 2650 4950 αὐτὸν
2678 4893 2790 4964 (65)
2817 4890 2917 4955 τὰς
2942 4888 3035 4943 δύο
3060 4886 3295 4975 κατιδεῖν
3315 4883 3462 4975 ἔστιν

2087 4971 2365 5064 τητας,ίτὸ
2394 4987 2618 5058 ἔσχατον
2639 4986 2695 5037 ἐν
2724 4981 2913 5051 κακίᾳ,
2952 4977 3045 5033 καὶ
3079 4976 3141 5030 τὺ
3164 4974 3305 5064 κατά
3327 4971 3427 5044 τὴν
3455 4972 3671 5064 suque-

2092 5061 2211 5150 ρίαν
2232 5076 2551 5147 ἀκρότατον.
2574 5071 2718 5142 Πρὸς
2739 5071 2773 5123 ⁴ὅ
2799 5086 2881 5134 τις
2907 5067 3139 5138 βλέπων,
3168 5062 3386 5127 ὀκλάζει
3414 5078 3535 5124 πως
3565 5061 3664 5129 τὴν.

2086 5171 2345 5235 διάνοιαν,
2384 5169 2594 5240 μήποτε
2632 5165 2878 5235 κρεῖττον
2973 5160 3038 5231 τῇ
3068 5156 3384 5228 ἀνθρωπίνῃ
3408 5154 3574 5224 φύσει
3603 5151 3663 5206 τί

2146 5519 2282 5591 (63‘)
2307 5518 2542 5583 Τούτων,
2572 5517 2662 5591 ed.

2149 5589 2269 5677 ἐξὲξ
2289 5589 2652 5677 Emim-

2146 5660 2262 5733 (65)
2289 5659 2409 5714 Τῶν
2443 5657 2643 5728 αὑτῶν,
2667 5657 2755 5716 ed.
