3838 6224
138 238 234 294 ass
1511 242 1577 294 ιιι
1611 237 1942 300 PSALMOS.
3293 217 3388 300 tsi

137 359 304 430 χεῖρον
333 351 624 422 λεγόμενον
649 369 663 382 ·
695 351 870 406 καὶτὸ
894 352 1132 424 ἔμπαλιν
1157 353 1326 408 κακὸν
1365 356 1564 418 ἐκεῖνο,
1589 357 1617 410 ὃ
1645 359 1703 412 ἐν

1822 360 1993 424 Litas,
2029 375 2330 432 rursusque
2359 369 2562 416 malum
2595 369 2644 414 et
2681 361 2906 414 noxium
2937 360 3112 414 eidem
3145 375 3273 416 vere
3299 361 3392 416 sit.

136 451 197 520 τῇ
221 445 310 501 τοῦ
335 444 643 515 κρείττονος
674 443 988 516 ἀριθμεῖται
1017 446 1200 518 μοίρᾳ.
1235 447 1298 499 Ei
1326 447 1435 517 γὰρ
1461 450 1704 503 ἐπαινεῖ-

135 557 218 593 ται
241 539 336 610 μὲν
362 538 395 608 ή
419 533 737 606 δικαιοσύνη
761 575 775 600 ,
803 535 1032 607 πράττει
1057 536 1114 590 δὲ
1148 538 1334 601 κακῶς
1365 540 1393 591 ό
1425 539 1552 609 περὶ
1579 539 1706 592 ταύ-

137 651 228 704 την
245 627 612 697 ἐσπουδακὼς,
642 627 986 683 διαϐάλλεται
1013 629 1068 684 δὲ
1097 633 1128 701 ἡ
1151 631 1338 694 κακία,
1372 632 1464 684 καὶ
1490 631 1707 685 πάντων

137 725 234 778 τῶν
278 721 734 792 σπουδαζομένων
770 721 1018 792 διαρκεῖς
1063 723 1164 784 τὰς
1219 720 1551 786 ἀπολαύσεις
1593 717 1706 785 τοῖς

139 815 256 888 περὶ
282 813 450 886 αὐτὴν
477 811 840 866 ἐσπουδακόσι
867 815 1172 885 χαρίζεται,
1196 815 1314 878 πῶς
1344 811 1459 868 ἔστι
1491 815 1564 886 μὴ
1594 814 1706 884 (66)

139 904 524 978 προτιμοτέραν
563 905 700 976 πρὸς
737 904 852 975 βίου
882 906 1093 975 αἰρεσιν
1117 906 1326 962 οἴεσθαι
1365 905 1466 978 τὴν
1505 905 1708 960 κακίαν

142 1000 230 1070 τῆς
252 998 454 1068 ἀρετῆς
473 1040 489 1060 ,
519 997 618 1068 τὴν
651 999 1112 1070 κατεγνωσμένην
1143 997 1243 1066 τῆς
1289 995 1708 1068 ἐγκωμιαζομέ-

141 1104 258 1158 νης;
281 1089 308 1139 ὁ
334 1088 514 1140 τοίνυν
541 1086 743 1157 ὑψηλὸς
767 1085 864 1158 τὴν
885 1087 1144 1148 διάνοιαν,
1173 1087 1270 1140 καὶ
1304 1083 1415 1139 οἷον
1437 1087 1546 1140 ἀπό
1565 1099 1710 1148 τινος

141 1179 353 1242 σκοπιᾶς
393 1179 692 1250 ἐξεχούσης
733 1181 846 1243 τοῖς
889 1177 1228 1248 ἀφεστηκόσι
1283 1177 1382 1232 τὸν
1434 1177 1710 1246 ὀφθαλμὸν

139 1273 473 1335 ὲπεκτείνων,
507 1272 616 1324 ῖδεν
639 1273 696 1324 ὲν
717 1264 762 1339 ᾧ
787 1273 902 1324 ἐστι
931 1271 1032 1340 τῆς
1069 1267 1266 1333 κακίας
1299 1269 1438 1341 πρὸς
1459 1265 1558 1339 τὴν
1579 1271 1710 1338 ἀρε-

139 1367 226 1436 τὴν
251 1365 309 1416 τὸ
335 1364 628 1433 διάφορον,
664 1365 746 1417 ὅτι
795 1365 862 1416 ὲκ
909 1364 1016 1418 τῶν
1061 1363 1339 1432 ἐσχάτων.
1380 1363 1480 1414 οὐκ
1514 1353 1578 1413 ὲκ
1603 1360 1712 1412 τῶν

143 1457 402 1528 παρόντων
423 1457 455 1524 ἡ
480 1455 690 1508 τούτων
715 1455 924 1523 γίνεται
953 1455 1152 1524 κρίσις.
1179 1453 1269 1526 Τῷ
1298 1453 1408 1524 γάρ
1430 1451 1712 1522 ἐποπτικῷ

141 1563 192 1598 τε
214 1551 300 1599 καὶ
323 1545 619 1616 διορατικῷ
654 1545 753 1616 τῆς
787 1545 964 1615 ψυχῆς
991 1545 1276 1615 ὀφθαλμῷ,
1305 1544 1380 1607 ὡς
1405 1543 1578 1615 παρὸν
1608 1559 1710 1596 κα-

143 1639 407 1708 τανοήσας,
424 1638 486 1690 τὸ
512 1639 583 1691 δι’
605 1637 816 1700 ἐλπίδος
833 1639 946 1701 τοῖς
973 1637 1194 1706 ἀγαθοῖς
1220 1634 1597 1706 ἀποκείμενον,
1619 1635 1712 1688 καὶ

145 1729 410 1800 παρελθὼν
438 1734 508 1802 τῇ
543 1731 692 1801 ψυχῇ
725 1731 832 1782 πᾶν
861 1727 923 1782 τὸ
955 1729 1302 1799 φαινόμενον,
1337 1727 1486 1790 ὲντός
1517 1743 1576 1778 τε
1606 1725 1712 1778 τῶν
1745 1715 1787 1770 Β

147 1823 388 1894 οὐρανίων
419 1822 635 1875 ἀδύτων
665 1821 930 1890 παραδὺς,
953 1819 1294 1873 καθάπτεται
1329 1819 1430 1888 τῆς
1458 1819 1715 1888 ἀκρισίας

148 1917 241 1968 τῶν
273 1913 666 1986 μικροπρεπῶς
689 1915 790 1985 τὴν
816 1911 910 1966 τοῦ
950 1911 1119 1965 καλοῦ
1157 1910 1344 1981 κρίσιν
1382 1912 1497 1974 τοῖς
1519 1909 1716 1980 αἰσθηο

149 2011 299 2070 τικοῐς
323 2007 530 2078 μορίοις
559 2005 982 2077 ἐπιτρεπόντων.
1015 2005 1090 2057 Δι’
1122 1996 1196 2056 ὧν
1227 2019 1414 2076 φησιν·
1459 2020 1476 2054 ι
1515 2002 1579 2055 Τί
1605 2003 1715 2072 γάρ

154 2117 230 2168 μοι
252 2099 478 2169 ὑπάρχει
507 2099 570 2150 ἐν
598 2097 676 2168 τῷ
697 2096 931 2168 οὐρανῷ,
963 2096 1056 2149 καί⁸
1083 2095 1235 2166 παρὰ
1261 2093 1355 2148 σού
1385 2094 1438 2148 τί
1471 2093 1716 2164 ἠθέλησα

151 2189 232 2242 ἐπὶ
271 2189 366 2258 τῆς
405 2187 552 2258 γῆς;
596 2207 612 2238 ι
669 2186 746 2256 τῷ
778 2186 926 2257 αὐτῷ
973 2185 1146 2256 μορίῳ
1175 2185 1271 2238 τοῦ
1309 2185 1472 2254 λόγου
1509 2183 1569 2236 τὸ
1616 2183 1716 2254 μὲν

151 2282 376 2352 οὖράνιον
403 2279 800 2350 θαυμαστικῶς
827 2277 1148 2348 μεγαλύνων
1182 2295 1240 2331 τε
1270 2279 1364 2332 καὶ
1388 2275 1618 2348 ἐξαίρων
1641 2273 1717 2345 τῷ

150 2373 302 2442 λόγῳ,
343 2371 402 2424 τὸ
439 2371 498 2424 δὲ
547 2370 644 2422 ἐπὶ
678 2370 782 2440 γῆς
833 2372 944 2432 τοῖς
989 2369 1098 2422 τῶν
1131 2372 1374 2442 ἀνοήτων
1419 2369 1716 2437 ὀφθαλμοῖς

155 2463 568 2532 σπουδαζόμενον
612 2461 1102 2532 καταφρονητικῶς
1137 2479 1196 2514 τε
1255 2463 1350 2514 καὶ
1389 2459 1718 2522 σκωπτικῶς

155 2555 482 2620 ὲξευτελίζων
521 2572 585 2606 τε
615 2557 708 2607 καὶ
752 2555 1181 2624 μυσαττόμενος.
1221 2554 1308 2616 Ὠς
1337 2553 1492 2617 εἴτις
1525 2556 1634 2609 τῶν
1660 2557 1717 2608 ὲν

155 2649 342 2718 φυλακῇ
373 2647 678 2717 τεχθέντων
719 2647 860 2716 μέγα
888 2664 940 2700 τι
978 2645 1179 2716 κρίνων
1209 2647 1415 2715 ἀγαθὸν
1459 2643 1597 2701 εἶναι
1627 2650 1718 2702 τὸν

155 2737 315 2808 ζόφον,
397 2739 676 2810 ἐνετράφη
695 2755 753 2791 τε
785 2739 880 2792 καὶ
907 2737 1142 2808 συνηύξη
1153 2755 1264 2802 σεν,
1290 2735 1406 2792 εἶτα
1428 2737 1529 2810 τῆς
1559 2741 1720 2794 ὑπαί-

159 2835 272 2901 θρου
298 2834 510 2904 χάριτος
562 2830 850 2904 μετασχὼν
881 2830 1284 2898 καταγινώσκει
1311 2831 1412 2902 τῆς
1445 2834 1720 2904 προτέρας

159 2925 298 2978 αὖτοῦ
331 2926 588 2997 κρίσεως,
625 2925 822 2994 λέγων,
851 2917 988 2976 Οίων
1031 2923 1322 2993 θεαμάτων
1349 2926 1499 2994 ἡλίου
1534 2943 1592 2976 τε
1627 2925 1720 2978 καὶ

163 3015 403 3086 ἀστέρων,
445 3017 540 3069 καὶ
589 3014 790 3078 παντὸς
815 3013 908 3067 τοῦ
942 3014 1070 3084 περὶ
1107 3013 1197 3066 τὸν
1227 3013 1452 3084 οὐρανὸν
1488 3015 1718 3070 κάλλους

163 3104 428 3176 προετίθην
463 3105 581 3176 (67)
629 3104 722 3158 τὸν
771 3102 976 3174 συνήθη
1021 3101 1184 3172 ζόφον
1224 3103 1292 3156 δι’
1338 3105 1593 3175 ἀπειρίαν
1625 3105 1718 3157 τοῦ

165 3199 464 3266 κρείττονος.
497 3192 576 3252 Οὗ
611 3197 772 3268 χάριν
807 3195 1318 3266 προκαταγινὼσκει
1342 3196 1420 3267 τῷ
1448 3197 1590 3266 λόγῳ
1624 3197 1720 3266 τῆς

165 3291 274 3359 περὶ
293 3291 348 3342 τὸ
369 3290 526 3343 καλὸν
560 3289 838 3360 ἀκρισίας,
871 3287 1119 3358 κτηνὼδη
1144 3287 1320 3356 λέγων
1345 3288 1535 3340 ἑαυτὸν
1559 3285 1720 3350 εἶναι,

165 3381 252 3442 ἕως
285 3381 338 3432 ἑν
383 3381 614 3444 ἐκείνοις
654 3379 714 3431 τὸ
743 3377 945 3447 ἀγαθὸν
989 3376 1158 3448 ἑώρα.
1202 3377 1357 3430 Ἐπεὶ
1397 3377 1453 3430 δὲ
1507 3379 1724 3445 ἐγένετο

167 3473 288 3542 μετά
311 3473 400 3525 τοῦ
426 3472 566 3526 Θεοῦ
589 3512 604 3538 ,
636 3471 768 3535 Θεὸς
805 3471 862 3525 δὲ
897 3473 926 3524 ὁ
954 3470 1113 3538 λόγος
1134 3510 1148 3532 ,
1178 3470 1273 3523 καὶ¹
1305 3469 1442 3542 πρὸς
1469 3471 1528 3522 τὸ
1551 3470 1723 3537 δεξιον

164 3565 414 3636 ὠδηγήθη,
464 3565 664 3637 ὁδηγὺς
715 3565 772 3618 δὲ
819 3563 1031 3633 γίνεται
1076 3561 1225 3633 αὐτῷ
1276 3563 1447 3628 δεξιὸς
1493 3563 1582 3616 διὰ
1626 3565 1724 3634 τῆς

167 3655 339 3726 βουλῆς
371 3657 398 3708 ὁ
425 3657 608 3726 λόγος,
637 3657 734 3710 καὶ
769 3656 876 3708 ἴδεν
901 3655 1002 3726 τὴν
1027 3656 1084 3707 ἐν
1123 3655 1292 3726 ἀρετῇ
1335 3655 1512 3721 δόξαν,
1548 3656 1616 3710 δι’
1657 3653 1725 3728 ἧς

165 3747 350 3816 γίνεται
373 3753 484 3814 τοῖς
510 3751 654 3820 πρὸς
684 3749 776 3802 τὸν
801 3749 1028 3817 οὐρανὸν
1058 3747 1348 3818 βλέπουσιν
1372 3749 1404 3819 ἡ
1434 3749 1723 3820 ἀνάληψις,

167 3841 270 3893 τότε
309 3842 500 3912 χρῆται
527 3843 650 3904 ταῖς
685 3843 889 3909 φωναῖς
925 3839 1182 3902 ὲκείναις,
1215 3833 1290 3892 ὧν
1310 3842 1348 3910 ἡ
1384 3841 1480 3910 μὲν
1504 3843 1560 3893 ἐν
1591 3841 1725 3895 θαύ-

175 3949 284 4002 ματι
325 3937 560 3988 ποιεῖται
611 3931 674 3985 τὺ
715 3935 772 3986 ὲν
799 3933 1056 4003 οὐρανοῖς
1097 3931 1208 4002 (68)
1245 3931 1446 4001 ἀγαθόν
1467 3949 1480 3962 ·
1511 3934 1543 4003 ἠ
1576 3933 1632 3984 δὲ
1665 3933 1726 3986 τὸ

172 4026 416 4079 οὖτιδανόν
453 4043 512 4078 τε
561 4025 657 4079 καὶ
689 4023 917 4095 μάταιον
947 4025 1046 4094 τῆς
1085 4024 1446 4096 ὴπατημένης
1475 4025 1604 4092 περὶ
1634 4025 1726 4077 τὸν

175 4113 270 4182 βίον
289 4115 511 4184 σπουδῆς
541 4113 815 4167 διαπτύει.
847 4113 999 4182 Ἔχει
1027 4111 1082 4164 δὲ
1116 4113 1268 4166 πᾶσα
1296 4113 1329 4182 ἡ
1365 4112 1508 4178 λέξις
1530 4111 1724 4176 οὕτως·

181 4226 195 4256 ι
233 4207 526 4278 Κτηνὼδης,
573 4227 594 4258 ι
643 4206 828 4277 φησὶν,
869 4225 886 4256 ι
930 4206 1200 4274 ἐγενόμην
1231 4205 1384 4276 παρά
1419 4206 1522 4260 σοί.
1567 4227 1583 4256 ι
1615 4207 1728 4277 Τὴν

177 4299 340 4366 ἄλογον
369 4301 422 4353 ὲν
457 4302 572 4362 τοῖς
611 4297 874 4360 τοιούτοις
917 4297 1294 4366 διασημαίνων
1327 4297 1723 4366 προσπάθειαν.

179 4387 288 4444 Εἶτα
313 4393 522 4460 ἐπάγειν
555 4413 576 4443 ι
601 4391 744 4458 Ἐγὼ
773 4391 828 4443 δὲ
853 4389 942 4442 διὰ
973 4389 1172 4452 παντὸς
1209 4388 1344 4458 μετά
1365 4388 1478 4441 σοῦ.
1513 4409 1530 4440 ι
1559 4389 1730 4442 Τοῦτο

178 4481 224 4534 δὲ
257 4483 410 4536 εἰπὼν
456 4485 553 4538 καὶ
609 4483 698 4536 τὸν
732 4483 934 4552 τρόπον
983 4481 1084 4549 τῆς
1130 4481 1264 4552 πρὸς
1301 4479 1390 4532 τὸν
1431 4479 1563 4534 Θεὸν
1605 4497 1732 4533 συν-

1818 448 1964 516 quod
1985 463 2132 502 nunc
2153 449 2206 502 in
2241 463 2472 503 numero
2499 449 2625 504 boni
2653 457 2963 518 reputatur.
2996 448 3132 504 Nam
3158 450 3202 504 si
3229 452 3386 520 justi-

1815 539 1891 592 tia
1937 539 2216 604 laudatur,
2257 541 2304 594 is
2342 551 2526 594 autem
2564 541 2656 610 qui
2701 540 2978 609 justitiam
3022 541 3400 610 amplectitur,

1813 634 2016 690 misere
2032 643 2084 688 et
2101 633 2428 688 calamitose
2448 633 2604 700 vivit;
2625 635 2736 690 etsi
2769 635 2940 688 altera
2966 650 3030 688 ex
3056 643 3210 704 parte
3235 634 3402 688 mali—

1813 724 1890 776 tia
1921 725 2286 794 vituperatur,
2329 725 2608 794 simulque
2652 725 2910 779 omnibus
2958 725 3050 794 qui
3083 725 3402 780 sceleribus

1813 815 2080 886 implicati
2098 825 2249 882 sunt,
2267 818 2452 872 omnia
2471 817 2792 872 deliciarum
2815 832 3016 887 genera
3030 815 3248 870 abunde
3263 832 3400 886 sup-

1815 917 2008 976 petunt
2037 924 2050 957 τ
2077 909 2354 977 quomodo
2382 909 2496 962 ﬁeri
2527 917 2703 978 potest
2732 917 2790 961 ut
2818 909 2940 978 quis
2961 915 3113 978 putet
3133 907 3314 977 potius
3337 908 3400 960 in

1813 1001 1917 1054 hac
1949 1002 2059 1053 vita
2091 1001 2396 1072 eligendam
2440 1003 2724 1062 virtutem,
2769 1013 2934 1070 quam
2967 999 3256 1062 malitiam,
3291 1011 3394 1067 po-

1812 1091 2032 1159 tiusque
2071 1105 2212 1154 eam,
2261 1107 2384 1160 quae
2435 1099 2515 1145 tot
2564 1091 2818 1145 laudibus
2849 1090 3176 1154 celebratur,
3225 1103 3398 1158 quam-

1813 1195 1934 1234 eam
1971 1195 2094 1250 qua:
2127 1187 2208 1234 tot
2241 1183 2529 1252 vituperiis
2565 1181 2834 1236 adicitur?
2866 1179 2970 1246 Qui
3015 1181 3180 1250 igitur
3213 1189 3402 1234 mente

1814 1271 2032 1326 excelsa
2059 1283 2162 1334 est,
2195 1279 2250 1326 et
2289 1276 2440 1326 velut
2479 1272 2547 1326 ab
2577 1273 2682 1326 alta
2722 1271 2958 1342 quadam
3003 1271 3224 1340 specula
3261 1283 3389 1324 ocu-

1817 1367 1928 1418 lum
1963 1365 2016 1417 in
2043 1381 2132 1420 res
2163 1365 2392 1420 dissitas
2417 1364 2674 1426 intendit,
2699 1365 2746 1418 is
2781 1364 2948 1433 probe
2967 1364 3134 1426 videt,
3157 1377 3267 1432 quo
3291 1361 3396 1414 disp

1815 1457 2047 1512 crimine
2091 1458 2282 1511 vitium
2319 1473 2348 1511 a
2391 1459 2595 1512 virtute
2636 1457 2832 1522 distet;
2862 1455 2988 1524 quia
3030 1455 3298 1524 judicium
3327 1452 3398 1507 de

1814 1549 1902 1602 his
1935 1564 2042 1602 non
2077 1565 2142 1603 ex
2175 1551 2560 1618 praisentibus,
2597 1549 2690 1604 sed
2725 1563 2790 1602 ex
2814 1547 3013 1622 futuris
3042 1547 3202 1610 facit;
3232 1545 3396 1600 oculo

1817 1642 1964 1694 enim
1997 1643 2196 1696 mentis
2222 1642 2287 1696 ad
2321 1641 2766 1712 perspiciendum
2795 1649 2848 1694 et
2879 1637 3271 1708 penetrandum
3303 1649 3396 1688 ac-

1817 1733 2184 1796 commodato,
2238 1742 2499 1804 tauquam
2551 1749 2793 1805 praesens
2843 1733 3090 1786 intuetur
3139 1728 3192 1782 id
3247 1729 3396 1798 quod

1816 1841 1915 1896 per
1969 1839 2120 1895 spem
2173 1821 2342 1895 justis
2407 1836 2492 1882 est
2557 1826 2856 1896 repositum
2889 1863 2902 1886 ,
2963 1833 3018 1878 et
3069 1821 3408 1890 cogitatione

1816 1915 2142 1983 praeteriens
2195 1929 2360 1969 omne
2405 1916 2550 1986 quod
2603 1915 2706 1970 sub
2752 1927 2972 1969 sensum
3023 1911 3191 1977 cadit,
3232 1917 3286 1964 et
3324 1909 3412 1962 iit--

1817 2015 1902 2061 tra
1934 2007 2182 2062 coelestia
2218 2007 2380 2079 adyta
2419 2007 2721 2072 admissus,
2770 2005 3014 2061 stultitiae
3060 2011 3114 2058 et
3165 2001 3404 2056 vesania:

1817 2101 1944 2156 illos
1983 2101 2336 2162 condemnat,
2371 2102 2466 2170 qui
2503 2101 2720 2167 abjecto
2756 2099 2942 2152 animo
2975 2095 3242 2166 judicium
3275 2094 3404 2148 boni

1818 2191 2083 2260 potentiis
2100 2191 2168 2245 ad
2208 2191 2555 2245 sentiendum
2578 2191 2718 2258 aptis
2746 2186 3112 2240 couuuittunt.
3150 2183 3408 2252 Quapro-

1819 2291 1942 2352 pter
1989 2299 2113 2338 cum
2159 2284 2292 2338 dicit
2339 2281 2550 2336 David:
2607 2302 2624 2333 ι
2659 2281 2800 2348 Quid
2852 2279 2997 2333 enim
3047 2277 3180 2331 mihi
3219 2285 3303 2330 est
3347 2275 3404 2330 in

1823 2375 1984 2436 cado,
2020 2381 2072 2426 et
2105 2389 2132 2426 a
2169 2383 2221 2428 te
2261 2375 2391 2444 quid
2435 2373 2578 2426 volui
2617 2387 2782 2440 super
2813 2379 3014 2424 terram
3043 2369 3126 2422 “?
3162 2388 3180 2420 ι
3211 2367 3402 2424 eodem

1820 2467 2090 2519 orationis
2110 2473 2370 2518 contexit:
2387 2465 2520 2518 illud
2546 2465 2690 2533 quod
2715 2465 2936 2518 C(Blt'Slc
2957 2469 3061 2528 est,
3081 2459 3416 2514 mirabiliter

1821 2568 1868 2610 et
1899 2559 2163 2626 magnliee
2189 2557 2437 2620 extollit;
2470 2565 2523 2611 et
2548 2557 2691 2626 quod
2742 2557 2810 2608 ab
2835 2553 3207 2622 insipientium
3235 2551 3416 2605 oculis

1821 2651 1960 2702 tanti
2009 2649 2287 2718 pt'lltlillll',
2318 2649 2476 2720 quasi
2522 2664 2620 2718 per
2650 2648 2972 2715 despectum
3004 2655 3056 2699 et
3107 2643 3406 2697 ludibrium

1823 2751 2104 2804 extenuat,
2150 2750 2204 2796 et
2239 2741 2292 2795 in
2327 2741 2513 2795 odium
2551 2740 2773 2793 adducit
2802 2758 2812 2792 :
2867 2733 3326 2806 quemadmodum
3360 2734 3414 2790 si

1823 2835 1948 2902 quis
1975 2833 2028 2886 in
2057 2848 2276 2887 carcere
2307 2842 2490 2896 natus,
2533 2831 2791 2886 tenebras
2835 2829 2976 2892 illas,
3016 2827 3218 2898 quibus
3245 2828 3408 2881 innu-

1825 2927 1990 2979 tritus
2028 2933 2111 2979 est
2143 2933 2196 2978 et
2229 2927 2518 2988 educatus,
2551 2923 2737 2979 eximii
2771 2921 2896 2975 boni
2941 2922 3062 2974 loco
3095 2925 3408 2988 reputaret;

1825 3016 1916 3084 qui
1962 3015 2220 3082 deinceps
2259 2995 2484 3068 luminis
2517 3011 2650 3066 aerii
2687 3011 2963 3081 particeps
3009 3008 3226 3072 factus.
3271 3023 3412 3062 con-

1826 3109 2050 3161 demnat
2079 3107 2229 3176 prius
2263 3105 2393 3159 illud
2432 3119 2590 3160 suum
2621 3103 2911 3173 judicium,
2947 3110 3246 3170 narratque
3275 3113 3416 3169 qua-

1829 3198 1971 3252 libus
1998 3195 2328 3266 spectaculis
2373 3195 2508 3250 solis
2532 3201 2588 3247 et
2623 3193 2907 3247 steilarum
2931 3232 2944 3254 ,
2973 3190 3264 3260 omnisque
3291 3191 3420 3257 pul-

1828 3287 2158 3342 chritudinis
2204 3301 2327 3356 quae
2381 3286 2435 3338 in
2471 3285 2612 3340 coelo
2643 3283 3007 3353 conspicitur,
3055 3279 3414 3351 prmposuerit

1829 3378 2119 3447 caliginem
2170 3379 2258 3430 cui
2297 3383 2551 3430 assuetus
2592 3381 2746 3440 erat;
2802 3375 2949 3444 quod
2995 3375 3226 3430 meliora
3259 3376 3416 3445 igno-

1831 3479 1978 3523 raret
2009 3485 2022 3522 :
2059 3467 2268 3522 idcirco
2299 3467 2569 3538 improbat
2597 3473 2652 3520 et
2679 3465 2933 3535 repudiat
2963 3481 3123 3519 suum
3155 3465 3224 3521 de
3269 3466 3424 3520 bono

1831 3559 2406 3630 imperitumjudicim:
2429 3573 2614 3628 ,seque
2643 3558 2829 3612 bestia:
2856 3559 3032 3612 instar
3059 3559 3266 3613 vixisse
3289 3573 3413 3629 pro-

1833 3651 2034 3718 ﬁtetur,
2059 3649 2302 3721 quandiu
2335 3649 2386 3702 in
2435 3649 2543 3704 illis
2579 3651 2785 3704 bonum
2819 3651 2926 3704 sibi
2968 3651 3158 3706 videre
3186 3649 3412 3706 videba-

1831 3751 1944 3797 tur.
1974 3743 2043 3796 At
2070 3757 2194 3797 cum
2223 3741 2290 3795 ad
2319 3739 2489 3796 Deum
2522 3739 2794 3796 adductus
2819 3750 2936 3804 est,
2969 3740 3113 3796 Deus
3145 3755 3276 3796 vero
3327 3747 3415 3794 est

1832 3834 2008 3896 ratio;
2035 3837 2090 3888 et
2121 3832 2189 3886 ad
2265 3833 2544 3888 dexteram
2567 3837 2813 3904 pervenit
2834 3835 2973 3902 ;dux
2995 3844 3172 3890 autem
3195 3835 3418 3890 dextera

1831 3926 1880 3980 ei
1909 3925 2012 3980 fuit
2041 3925 2182 3980 ratio
2209 3940 2306 3995 per
2337 3925 2630 3978 consilium
2663 3934 2716 3980 et
2745 3925 3222 3988 deliberationem,
3255 3925 3420 3980 vidit-

1834 4035 1940 4090 que
1977 4019 2195 4073 virtutis
2228 4019 2481 4088 gloriam,
2517 4033 2624 4088 qua
2654 4019 2732 4071 illi
2768 4019 2860 4088 qui
2899 4020 3100 4074 cmlum
3130 4025 3430 4090 spectant,

1835 4127 2052 4166 sursum
2079 4111 2416 4176 evehuntur;
2446 4118 2574 4162 tunc
2590 4110 2820 4165 vocibus
2839 4111 2948 4165 illis
2971 4112 3162 4174 utitur,
3186 4126 3419 4180 quarunt

1837 4203 2006 4256 altera
2045 4203 2274 4267 bonum,
2297 4203 2442 4272 quod
2475 4203 2617 4256 inter
2643 4203 2893 4257 homines
2921 4203 3212 4272 reperitur,
3243 4203 3432 4256 extolw

1835 4297 1918 4360 lit,
1959 4303 2012 4348 et
2045 4303 2105 4348 ut
2150 4293 2536 4348 admirandum
2577 4295 2876 4365 pra-dicat;
2920 4295 3091 4347 altera
3127 4295 3423 4348 vanitatem

1763 4421 1812 4478 ι)
1835 4397 1888 4442 et
1913 4388 2220 4443 l'utilitatem
2241 4387 2450 4442 fallacis
2467 4388 2631 4442 studii
2651 4389 2704 4441 in
2729 4389 2829 4441 hac
2851 4388 2956 4440 vita
2977 4387 3318 4454 detestatur;
3345 4387 3438 4441 sic

1837 4489 2012 4532 autem
2038 4485 2150 4532 tota
2182 4479 2358 4532 oratio
2385 4481 2449 4532 ad
2478 4481 2703 4534 verbum
2734 4479 2894 4532 habet
2925 4498 2936 4532 :
2975 4497 2992 4529 ι
3027 4477 3092 4532 Ut
3114 4477 3434 4548 jumentunt

181 4573 348 4639 αφείας
379 4572 756 4644 προστίθησιν.
790 4573 874 4635 Ὠς
906 4569 972 4623 ἂν
1002 4571 1093 4623 καὶ
1119 4571 1280 4641 ἡμεῖς
1299 4571 1585 4642 μάθοιμεν,
1621 4569 1719 4634 πῶς

1827 4569 2006 4624 factus
2021 4585 2140 4624 sum
2163 4569 2302 4640 apud
2326 4569 2430 4625 te“.
2453 4587 2476 4620 ι
2501 4571 2598 4627 llis
2620 4572 2959 4626 aﬂ‘ectionem
2981 4571 3211 4626 talionis
3232 4587 3429 4641 exper-

182 4661 206 4710 ὁ
233 4663 424 4734 πρῶτον
445 4663 730 4734 κτηνώδης
760 4664 897 4732 μετὰ
917 4663 1093 4716 ταῦτα
1114 4663 1192 4733 τῷ
1217 4661 1337 4733 Θεῷ
1366 4663 1696 4716 συνάπτεται
1717 4677 1734 4693 ⁸

1837 4670 1944 4716 tem
1993 4661 2356 4716 demonstrat.
2392 4661 2559 4716 Addit
2621 4663 2818 4718 deinde
2852 4683 2864 4716 :
2907 4683 2925 4714 ι
2966 4662 3030 4716 Ει
3076 4678 3178 4732 ego
3215 4677 3430 4731 semper

189 4773 204 4804 ι
233 4757 556 4830 Ἐκράτησας
589 4776 608 4808 ι
650 4757 781 4827 γὰρ,
821 4758 978 4827 φησὶ,
1025 4776 1042 4808 ι
1085 4755 1185 4826 τῆς
1222 4755 1402 4828 χειρός
1429 4759 1527 4826 τῆς
1557 4757 1719 4820 δεξιᾶς

1837 4761 2038 4809 tecum.
2081 4753 2254 4808 rlimc
2309 4755 2498 4810 dicens
2548 4756 2709 4808 etiam
2743 4755 2966 4809 modum
3015 4755 3440 4824 mnjunctionis

188 4863 292 4912 μου.
323 4867 340 4898 ι
370 4850 502 4902 Θεοῦ
545 4847 836 4918 ἀντίληψιν
861 4847 1011 4914 λέγει
1033 4887 1050 4909 ,
1080 4846 1178 4917 τὴν
1209 4845 1346 4917 πρὸς
1370 4845 1436 4898 τά
1467 4845 1616 4912 δεξιά
1636 4845 1719 4916 τῆς

1837 4863 1960 4902 cum
1991 4847 2100 4900 Deo
2136 4846 2348 4916 adjicit,
2374 4855 2434 4900 ut
2462 4855 2516 4902 et
2552 4863 2654 4901 nos
2685 4847 2987 4910 discamus,
3031 4845 3308 4917 quomodo
3332 4846 3434 4916 qui

187 4935 391 5002 διανοίας
409 4939 608 5009 ὁρμήν.
644 4957 662 4989 ι
691 4938 800 4990 Καὶ
820 4939 877 4990 ἐν
897 4939 963 5008 τῇ
988 4935 1148 5006 βουλῇ
1173 4952 1264 4988 σου
1288 4934 1577 5006 ὡδήγησάς
1596 4953 1683 5006 με’
1717 4955 1735 4988 ι

187 5027 238 5076 οὗ
264 5027 360 5098 γάρ
393 5031 513 5083 ἄνευ
543 5029 698 5091 θείας
737 5027 934 5098 βουλῆς
967 5027 1177 5096 γίνεται
1209 5026 1302 5078 ἐπὶ
1331 5025 1392 5078 τὸ
1423 5024 1584 5079 καλὸν
1611 5025 1738 5097 ὁδη-

191 5119 284 5184 γία.
318 5138 334 5170 ι
373 5123 480 5174 Καὶ
515 5121 654 5192 μετά
683 5119 841 5190 δόξης
870 5117 1208 5189 προσελάϐου
1231 5117 1558 5188 μεδ-Καλῶς
1589 5117 1741 5170 ἀντι-

190 5209 454 5266 summa:
497 5217 566 5284 τῇ
611 5212 844 5285 αἰσχύνῃ
885 5211 982 5282 τὴν
1028 5209 1206 5276 δόξαν.
1275 5209 1436 5274 Ἥτις
1487 5209 1744 5284 καθάπερ

253 5391 446 5447 “Psal.
474 5410 642 5458 Lxxu,
677 5393 768 5449 25.
845 5389 1016 5447 “ibid.
1040 5391 1109 5444 ἵιὸ
1131 5405 1254 5460 sqq.

259 5577 357 5644 (liii)
381 5579 424 5632 M
433 5584 458 5646 ἡ
493 5597 602 5633 om.
635 5579 722 5634 ed.

261 5646 357 5719 (θη
391 5651 682 5724 Προετίθει,
708 5649 798 5706 ed.

1840 4939 1992 5010 prius
2023 4939 2198 4995 instar
2233 4939 2468 5009 jumenti
2503 4949 2652 5005 erat,
2699 4949 2888 5010 postea
2918 4956 3041 4994 cum
3076 4939 3184 4994 Deo
3225 4954 3430 4996 conso-

1841 5029 2039 5084 cietur.
2076 5047 2093 5078 t
2147 5027 2432 5096 Tenuisti,
2465 5050 2483 5080 ι
2521 5031 2719 5100 inquit.
2782 5048 2800 5080 ι
2834 5031 3112 5085 dexteram
3159 5045 3359 5085 meam.
3404 5047 3430 5081 ν

1845 5119 1939 5176 Dei
1976 5121 2242 5176 auxilium
2277 5122 2456 5176 innuit
2502 5137 2599 5192 per
2629 5123 2830 5176 mentis
2857 5121 2924 5176 ad
2963 5121 3246 5175 dexteram
3276 5130 3434 5176 tran-

1845 5212 2124 5267 sitionem.
2175 5233 2198 5264 ο
2231 5211 2300 5266 Et
2332 5214 2387 5267 in
2414 5214 2692 5270 voluntate
2719 5223 2810 5268 tua
2833 5212 3111 5269 deduxisti
3136 5229 3244 5268 me.
3279 5231 3298 5262 ι
3327 5209 3439 5268 Ne-

1937 5571 2048 5644 (68)
2081 5571 2436 5644 Ἀνθρώποις,
2473 5571 2564 5628 ed.
