3838 6224
342 250 450 306 455

1567 249 1626 305 S.
1674 249 2004 307 GREGORII
2040 250 2342 307 NYSSENI

3497 240 3611 296 455

344 384 454 441 que
473 367 618 422 enim
643 367 762 421 sine
788 366 973 422 divina
1002 367 1288 423 voluntate
1326 368 1387 423 lit
1413 368 1485 423 ad
1507 378 1718 425 rectum
1743 381 1799 427 et
1827 372 1920 425 ho-

2035 373 2208 444 5χημά
2230 391 2283 427 τι
2313 372 2407 426 καὶ
2434 374 2632 443 πτερὸν
2666 371 2872 439 γίνεται
2899 367 2992 421 τοῦ
3017 367 3122 421 ὑπὸ
3142 365 3241 435 τῆς
3259 360 3413 423 θείας
3432 372 3612 429 προσ-

344 467 560 515 nestum
582 458 874 515 traductio.
929 476 951 509 ι
980 456 1046 512 Ει
1072 473 1197 512 cum
1223 459 1398 528 gloria
1422 460 1713 531 suscepisti
1750 478 1855 517 me.
1899 481 1919 513 ι

345 550 581 606 Pulchre
611 551 836 621 opponit
869 549 1065 621 pudori
1093 551 1363 621 gloriam;
1415 568 1539 622 quae
1571 552 1732 623 quasi
1769 552 1926 607 vehi-

345 644 531 697 culum
570 650 626 698 et
667 643 752 697 ala
789 643 1042 714 quaedam
1082 645 1161 698 illi
1192 654 1297 709 est,
1331 646 1426 716 qui
1468 660 1501 700 a
1540 644 1724 700 divina
1754 659 1921 697 manu

345 734 648 791 assumitur
684 745 740 788 et
779 735 1019 791 ducitur.
1074 735 1171 790 llis
1224 737 1339 792 haec
1396 737 1645 806 adjecit:
1708 754 1729 787 ι
1777 734 1924 801 Quid

348 829 492 885 enim
533 828 666 883 mihi
713 837 798 884 est
846 828 903 883 in
940 829 1118 894 caelo,
1153 838 1208 884 et
1237 845 1268 883 a
1314 837 1370 886 te
1398 830 1533 900 quid
1562 829 1709 884 volui
1762 844 1929 900 super

349 920 598 974 terram?
644 938 664 972 ι
734 920 807 974 At
848 920 995 990 quod
1046 922 1204 976 multi
1261 923 1572 977 mortalium
1639 921 1929 991 hucusque

346 1009 513 1063 etiam
562 1008 849 1074 factitant,
886 1009 941 1064 id
983 1009 1234 1066 videlicet
1263 1020 1385 1075 est:
1409 1026 1536 1067 cum
1568 1018 1778 1065 tantam
1825 1011 1927 1065 bo-

347 1114 545 1154 norum
585 1101 797 1170 copiam
845 1101 902 1155 in
935 1102 1080 1158 coelo
1112 1104 1410 1173 repositam
1439 1103 1700 1166 habeant,
1731 1103 1799 1157 ad
1837 1117 1931 1156 ar-

345 1194 572 1249 bitrium
612 1210 810 1263 suum;
853 1196 1213 1252 nihilominus
1247 1197 1502 1268 precibus
1529 1212 1751 1268 quoque
1801 1211 1931 1252 con-

346 1284 613 1347 tendunt,
668 1292 727 1339 ut
778 1301 809 1340 a
860 1285 970 1341 Deo
1019 1287 1306 1343 obtineant
1337 1288 1656 1343 umbratiles
1707 1287 1833 1343 illas
1876 1299 1932 1344 et

265 1432 277 1439 ,
351 1373 709 1444 imaginarias
738 1376 1016 1444 fallacias,
1052 1377 1483 1434 dominationem
1505 1420 1521 1445 ,
1552 1380 1813 1450 inquam,
1843 1379 1932 1434 vel

256 1510 265 1520 .
351 1465 639 1533 honorem,
670 1469 748 1523 vel
774 1468 1016 1535 divitias,
1046 1473 1133 1526 vel
1163 1471 1418 1527 miseram
1442 1471 1590 1525 illam
1614 1471 1926 1540 gloriolam,

352 1559 515 1628 cujus
562 1560 820 1630 cupidine
849 1561 1152 1618 humanum
1186 1579 1361 1634 genus
1397 1563 1625 1620 insanit.
1661 1563 1765 1631 Qui
1799 1579 1932 1618 vero

346 1651 402 1708 in
425 1652 743 1707 ccelestibus
770 1665 1044 1719 versatur,
1073 1656 1122 1711 is
1147 1663 1203 1710 et
1224 1656 1329 1711 hoc
1349 1655 1542 1711 ordine
1569 1654 1933 1711 conveniente

2024 464 2436 536 λαμϐανομένου
2475 462 2681 533 χειρὸς,
2722 463 2851 515 ὅταν
2889 460 2975 521 τὶς
3005 456 3195 512 ἐαυτὸν
3227 452 3339 507 τῶν
3366 450 3493 504 κατ’
3520 449 3611 501 αἰ-

2027 558 2229 630 σχύνην
2269 556 2449 630 ἔργων
2480 553 2842 628 ἀλλοτριώσει.
2887 552 2998 605 Καὶ
3036 549 3181 603 οὕτω
3209 549 3324 610 τοῖς
3360 542 3616 615 ῥηθεῖσιν

2027 652 2297 719 ἐπήγαγεο
2337 666 2358 700 ι
2390 647 2459 700 Τί
2486 647 2597 717 γάρ
2640 663 2731 718 μοι
2765 645 3002 715 ὑπάρχει
3045 643 3104 694 ἐν
3129 638 3209 711 τῷ
3239 635 3478 707 οὐρανῷ,
3515 632 3615 686 καὶ

2027 740 2179 812 παρὰ
2218 741 2313 794 σοὺ
2338 738 2393 792 τί
2419 738 2662 808 ἠθέλησα
2705 738 2800 790 ἐπὶ
2825 737 2926 807 τῆς
2971 735 3115 803 γῆς;
3167 752 3186 782 ι
3229 731 3260 785 δ
3293 729 3361 800 δὴ
3392 724 3616 780 ποιοῦσι

2031 833 2195 903 μέχρι
2227 830 2323 885 τοῦ
2372 830 2467 884 νῦν
2505 832 2555 885 οἱ
2601 829 2789 883 πολλοὶ
2832 827 2943 880 τῶν
2971 823 3277 898 ἀνθρώπων
3303 843 3321 860 ο
3352 817 3617 873 τοιούτων

2028 926 2212 988 αὐτοῖς
2263 925 2383 977 κατ’
2435 922 2685 990 ἐξουσίαν
2734 919 3092 989 ὑπαρχόντων
3142 918 3202 969 ἐν
3243 913 3323 985 τῷ
3369 908 3616 982 οὐρανῷ.

2028 1016 2178 1088 ὅμως
2210 1016 2267 1069 ἐν
2299 1014 2463 1084 εὐχῆς
2501 1015 2656 1085 μέρει
2690 1011 2970 1067 ποιοῦνται
3014 1010 3075 1063 τὸ
3127 1006 3281 1080 παρὰ
3325 1005 3422 1058 τοῦ
3471 1002 3618 1056 Θεοῦ

2028 1103 2281 1174 γενέσθαι
2308 1104 2408 1167 τὰς
2428 1100 2822 1172 φαντασιώδεις
2843 1101 3083 1162 ἀπάτας.
3118 1094 3437 1150 δυναστείαν
3463 1090 3614 1153 τινὰ,
3641 1098 3651 1106 “

2028 1198 2063 1269 ἢ
2091 1198 2279 1269 τιμὴν,
2329 1197 2363 1268 ἢ
2397 1196 2647 1259 πλοῦτον,
2681 1196 2715 1267 ἢ
2756 1195 2818 1249 τὸ
2847 1193 3107 1263 δύστηνον
3133 1190 3295 1244 τοῦτο
3339 1187 3616 1257 δοξάριον,

2032 1291 2162 1363 περὶ
2191 1290 2221 1343 δ
2256 1290 2496 1361 μέμηνεν
2527 1291 2561 1360 ἡ
2586 1288 2898 1359 ἀνθρωπίνη
2925 1285 3105 1356 φύσις.
3150 1283 3210 1338 '0
3236 1283 3293 1337 δὲ
3315 1283 3373 1335 ἐν
3399 1280 3621 1341 τούτοις

2032 1380 2345 1452 γενόμενος,
2389 1379 2458 1432 δι’
2506 1377 2805 1433 ἀκολούθου
2845 1376 3041 1443 ἐπάγει
3074 1373 3167 1432 τὸ.
3200 1390 3221 1423 ι
3274 1370 3430 1441 Ἐμοὶ
3460 1368 3519 1422 δὲ
3554 1366 3620 1420 τδ

2032 1470 2468 1544 προσκολλᾶσθαι
2497 1470 2579 1541 τῷ
2607 1468 2729 1541 Θεῷ
2768 1468 2969 1537 ἀγαθόν
3002 1468 3143 1529 ἐστι,
3171 1462 3416 1517 τίθεσθαι
3441 1461 3502 1513 ἐν
3534 1458 3622 1528 τῷ

2031 1566 2222 1638 Κυρίῳ
2253 1566 2353 1635 τὴν
2377 1564 2569 1618 ἐλπίδα
2593 1580 2715 1634 μου.
2754 1582 2773 1614 ι
2811 1561 2983 1614 Τοῦτο
3005 1559 3241 1621 δεικνὺς.
3265 1557 3349 1609 ὅτι
3369 1551 3623 1624 συμφύε-

2032 1674 2119 1709 ται
2152 1654 2350 1726 τρόπον
2377 1652 2499 1707 τινὰ
2520 1652 2599 1722 τῷ
2629 1651 2772 1721 Θεῷ,
2802 1653 2832 1703 ὁ
2849 1649 2989 1719 πρὸς
3014 1645 3176 1700 αὐτὸν
3202 1642 3292 1697 διὰ
3310 1640 3421 1694 τῶν
3460 1638 3622 1693 ἐλπί-

348 1739 499 1795 addit
530 1759 545 1796 :
584 1760 605 1793 ‹
642 1741 772 1797 Mihi
809 1717 1089 1800 adhaerere
1124 1743 1234 1801 Deo
1265 1747 1471 1800 bonum
1497 1756 1605 1811 est,
1639 1759 1844 1816 ponere
1874 1745 1931 1799 in

2035 1747 2137 1801 δων
2166 1717 2524 1817 κολλώμενος,
2560 1717 2654 1797 καὶ
2683 1717 2740 1796 ἓν
2759 1717 2905 1813 πρὸς
2927 1742 3134 1793 ἐκεῖνον
3157 1736 3472 1806 γενόμενος.

348 1828 581 1888 Domino
608 1848 759 1904 spem
791 1850 1008 1890 meam:
1046 1853 1065 1887 ι
1105 1835 1209 1891 hoc
1236 1836 1578 1908 signiﬁcans,
1605 1839 1758 1893 illum
1792 1838 2199 1910 quodammodo
2250 1839 2360 1892 Deo
2395 1834 2654 1902 adnasci,
2717 1834 2811 1905 qui
2860 1833 2965 1904 ipsi
3017 1846 3116 1903 per
3169 1844 3322 1901 spem
3366 1829 3622 1882 adhare-

348 1926 457 1983 scit
478 1967 495 1994 ,
527 1942 697 1982 unum
730 1942 856 1983 cum
888 1928 1011 1999 ipso
1045 1928 1244 1984 factus.

972 2095 1201 2151 CAPUT
1241 2096 1352 2153 VII.

423 2228 560 2284 Cum
595 2227 762 2299 igitur
787 2228 843 2282 in
868 2228 1030 2283 tertia
1051 2230 1296 2286 sectione
1327 2232 1600 2301 ejusmodi
1628 2233 1703 2289 sit
1733 2232 1801 2288 ad
1835 2250 1937 2291 su—

352 2333 485 2388 pera
512 2332 800 2383 ascensus,
830 2316 878 2372 is
897 2318 990 2387 qui
1017 2318 1121 2374 huc
1145 2319 1495 2376 celsitudinis
1513 2330 1748 2377 mentem
1776 2337 1936 2377 suam

349 2413 620 2481 provexit.
643 2426 838 2467 rursus
859 2413 1146 2483 superiore
1164 2413 1334 2484 gradu
1358 2415 1721 2485 apprehenso,
1754 2416 1829 2470 sei
1840 2433 1936 2485 pso

348 2502 411 2556 ﬁt
457 2501 633 2572 major
672 2512 726 2556 et
765 2503 1075 2569 sublimior,
1113 2504 1167 2559 in
1216 2513 1413 2576 quarta
1452 2507 1712 2562 nimirum
1747 2517 1932 2577 parte,

348 2594 497 2648 velut
519 2595 775 2658 tertium,
806 2604 868 2651 ut
898 2595 1103 2653 Paulus
1126 2600 1223 2664 ait,
1251 2600 1456 2655 caelum
1491 2601 1789 2664 transiens,
1816 2617 1937 2671 spa-

349 2686 446 2740 tiis
482 2684 599 2755 jam
649 2687 803 2756 prius
861 2690 1167 2760 peragratis
1218 2692 1489 2747 excelsior
1536 2691 1819 2746 dﬁcitur:
1878 2694 1932 2746 in

351 2791 540 2845 quam,
575 2793 686 2832 non
704 2779 817 2848 jam
839 2780 1021 2850 quivis
1042 2780 1110 2836 de
1130 2782 1313 2851 vulgo,
1346 2782 1440 2838 sed
1466 2784 1632 2837 homo
1662 2798 1786 2837 Clllll
1823 2783 1933 2838 lli-0

345 2867 719 2939 conjunctae,
771 2868 1039 2942 ﬁrmoque
1096 2889 1239 2928 nexu
1287 2875 1579 2944 copulatus
1631 2877 1828 2931 subit:
1864 2878 1935 2929 ita

346 2975 480 3016 vero
518 2976 642 3017 sese
673 2962 839 3017 habet
877 2965 1086 3029 oratio,
1117 2981 1241 3035 quae
1274 2968 1556 3037 sequentis
1586 2969 1759 3037 partis
1787 2969 1936 3036 prin-

2585 2091 2983 2147 ΚΕΦΑΛΑῙΟΝ
3016 2093 3089 2148 Z'.

2108 2234 2378 2305 Τοιαύτης
2419 2232 2601 2288 τοίνυν
2637 2232 2937 2303 γενομένης
2966 2234 3025 2285 ἐν
3058 2230 3141 2301 τῷ
3171 2231 3338 2302 τρίτῳ
3365 2232 3623 2302 τμήματι

2033 2326 2134 2394 τῆς
2163 2326 2256 2379 ἐπὶ
2280 2323 2343 2379 τδ
2384 2323 2518 2394 ὕψος
2549 2323 2739 2378 ἀνόδου
2756 2365 2770 2387 ,
2804 2324 2833 2375 ὁ
2861 2323 2957 2376 ἐπὶ
2984 2321 3235 2376 τοσοῦτον
3283 2322 3623 2393 ἀναληφθεὶς

2030 2416 2131 2486 τὴν
2156 2414 2416 2479 διάνοιαν,
2449 2413 2613 2469 πάλιν
2646 2413 2741 2467 τοῦ
2775 2414 3174 2485 ὑπερκειμένου
3206 2413 3418 2484 βαθμοῦ
3447 2413 3619 2467 λαϐό-

2035 2524 2215 2576 μενος,
2242 2507 2453 2575 γίνεται
2482 2508 2649 2570 αὐτὸς
2675 2506 2870 2560 ἐαυτοῦ
2906 2506 3111 2577 μείζων
3134 2508 3230 2560 καὶ
3246 2507 3583 2580 ὑψηλότερος
3600 2525 3617 2538 .

2031 2601 2089 2651 ἐν
2140 2598 2220 2669 τῷ
2268 2598 2512 2669 τετάρτῳ
2561 2597 2752 2668 μέρει,
2795 2598 2961 2651 οἱονεὶ
3003 2599 3187 2669 τρίτον
3211 2599 3335 2654 τινὰ
3357 2602 3502 2655 κατά
3525 2602 3621 2654 τὸν

2038 2689 2248 2744 Παῦλον
2292 2688 2483 2752 διαϐὰς
2530 2689 2781 2759 οὐρανὸν,
2836 2688 2933 2740 καὶ
2975 2689 3085 2742 τῶν
3133 2690 3622 2763 προδιηνυσμένων

2038 2782 2351 2851 ύψωμάτων
2406 2781 2645 2849 γεγονὼς
2694 2781 3046 2852 ὑψηλότερος.
3119 2783 3436 2853 Διαδέχεται
3509 2786 3619 2856 γὰρ

2037 2871 2209 2924 ταῦτα
2247 2872 2431 2925 οὐκέτι
2467 2875 2496 2925 ὁ
2529 2872 2705 2934 κοινὸς
2739 2870 3044 2942 ἄνθρωπος,
3072 2872 3187 2925 ἀλλ’
3213 2873 3242 2925 ό
3276 2874 3621 2944 προσκολλη-

2037 2960 2149 3023 Osi;
2178 2962 2277 3033 ἤδη
2308 2963 2399 3015 καὶ
2428 2964 2771 3034 συνημμένος
2794 2964 2933 3034 Θεῷ.
2955 2967 3094 3037 Φησὶ
3121 2967 3178 3020 δὲ
3200 2966 3374 3032 οὕτως
3407 2972 3436 3023 ὁ
3463 2970 3623 3041 λόγος

347 3050 551 3123 cipium
578 3060 664 3108 est
702 3071 715 3107 :
758 3072 778 3104 ι
812 3052 1002 3109 Oratio
1046 3054 1219 3126 Moysi
1260 3058 1468 3112 homini
1517 3058 1609 3113 Dei
1642 3059 1681 3113 ‘.
1729 3079 1747 3109 ι
1783 3059 1931 3113 Talis

2035 3051 2129 3105 τοῦ
2165 3052 2362 3123 ἑφεξῆς
2395 3055 2593 3127 μέρους
2620 3054 2943 3125 ἀρχόμενος·
2978 3075 2998 3106 ι
3042 3058 3323 3130 Προσευχὴ
3346 3060 3425 3130 τῷ
3444 3063 3621 3136 Μωσῇ

347 3139 495 3194 enim
532 3140 647 3206 jam
696 3142 796 3196 iste
826 3152 946 3209 est,
984 3153 1045 3198 ut
1072 3159 1181 3199 non
1216 3147 1451 3217 amplius
1501 3162 1640 3216 opus
1675 3147 1871 3202 habent
1902 3164 1931 3202 a

349 3231 487 3302 lege,
523 3240 785 3301 tanquam
816 3250 845 3288 a
874 3235 1169 3307 paedagogo
1196 3237 1427 3304 instrui;
1456 3239 1551 3294 scd
1580 3249 1637 3292 ut
1664 3240 1780 3308 ipse
1809 3240 1932 3293 aliis

349 3323 487 3393 legis
510 3324 704 3379 doctor
724 3335 778 3380 et
804 3328 1127 3398 explanator
1155 3327 1268 3391 ﬁat,
1296 3328 1605 3397 cujusmodi
1636 3339 1755 3384 erat
1786 3329 1934 3400 Moy—

349 3430 440 3469 ses
473 3414 563 3470 ille
592 3416 880 3477 sublimis.
921 3417 991 3473 de
1023 3434 1134 3488 quo
1158 3419 1270 3488 jam
1310 3420 1652 3484 audivimus,
1693 3422 1787 3490 qui
1838 3438 1932 3475 re-

348 3508 492 3575 giam
526 3506 871 3577 dignitatem,
898 3516 1159 3583 tanquam
1186 3512 1466 3580 pulverem
1496 3512 1727 3582 pedibus
1749 3512 1933 3567 adbaz-

349 3606 654 3653 rescentem
698 3610 895 3670 sponte
929 3603 1210 3669 excussit;
1239 3603 1335 3673 qui
1370 3604 1737 3676 quadraginta
1770 3606 1933 3662 annis

348 3688 421 3741 ab
462 3688 748 3742 hominum
782 3690 1064 3745 consortio
1107 3707 1231 3747 sese
1270 3695 1611 3765 segregavit,
1646 3694 1801 3750 solus
1827 3694 1935 3749 sibi

348 3781 453 3836 soli
485 3782 696 3845 vivens,
727 3783 891 3852 inque
914 3798 1014 3838 sua
1043 3782 1228 3854 quiete
1247 3785 1726 3855 inaspectabilium
1750 3800 1932 3840 rerum

348 3873 800 3941 contemplationi
852 3888 1123 3942 suspensa
1165 3884 1348 3930 mente
1386 3890 1628 3942 vacans;
1664 3875 1759 3946 qui
1809 3882 1935 3945 post

2036 3142 2307 3213 ἀνθρώπῳ
2342 3144 2434 3196 τοῦ
2486 3143 2620 3198 Θεοῦ
2643 3163 2657 3175 ·
2706 3165 2727 3196 ι
2775 3147 3010 3210 τοιοῦτος
3037 3149 3146 3219 γὰρ
3187 3151 3287 3221 ἤδη
3320 3147 3510 3217 οὗτος,
3542 3156 3623 3218 ὡς

2039 3235 2234 3303 μηκέτι
2273 3234 2737 3304 παιδαγωγεῖσθαι
2779 3239 2928 3309 νόμῳ
2950 3280 2965 3303 ,
2998 3239 3113 3293 ἀλλ’
3166 3243 3468 3313 εἰσηγητὴς
3501 3247 3621 3299 ὲτέο

2038 3342 2151 3394 ροις
2179 3326 2425 3393 γίνεσθαι
2456 3328 2625 3397 νόμου
2650 3345 2665 3360 ·
2701 3324 2812 3392 οἷος
2848 3325 2917 3401 ἦν
2946 3332 3152 3402 Μωσῆς
3184 3335 3390 3399 ἐκεῖνος
3426 3339 3456 3389 ό
3484 3337 3623 3408 ὑψη-

2035 3416 2145 3481 λὸς,
2177 3417 2237 3468 ὃν
2262 3418 2531 3489 ἀκούομεν
2553 3435 2566 3449 ⁸
2608 3422 2637 3472 ὁ
2664 3420 2764 3491 τὴν
2801 3420 3086 3494 βασιλικὴν
3128 3424 3317 3491 ἀξίαν,
3366 3427 3621 3503 καθάπερ

2035 3509 2159 3564 τινὰ
2204 3511 2353 3565 κόνιν
2398 3512 2864 3583 περισπασθεῖσαν
2915 3517 2983 3584 τῇ
3043 3515 3197 3585 βάσει
3248 3519 3359 3573 τῶν
3410 3523 3618 3588 ποδῶν,

2036 3605 2297 3667 ἑκουσίως
2326 3604 2766 3673 ἐκτιναξάμενος.
2806 3606 2864 3659 Ὀ
2884 3608 3293 3678 τεσσαράκοντα
3335 3611 3487 3666 ἔτεσι
3515 3616 3622 3685 τῆς

2039 3694 2301 3764 μετὰτῶν
2332 3694 2634 3766 ἀνθρώπων
2648 3694 2927 3766 ἐπιμιξίας
2956 3699 3145 3752 ἑαυτὸν
3174 3701 3493 3769 ἀποικίσας,
3524 3708 3626 3764 καὶ

2039 3780 2198 3850 μόνος
2225 3782 2369 3851 μόνῳ
2391 3782 2565 3847 συζῶν
2591 3783 2791 3854 ἐαυτῷ,
2826 3787 2920 3838 καὶ
2945 3785 3031 3839 διὰ
3053 3789 3281 3858 ἡσυχίας
3305 3793 3622 3867 ἀμιτεωρί-

2038 3887 2177 3931 στως
2202 3874 2268 3942 τῇ
2296 3871 2497 3944 θεωρίᾳ
2529 3873 2636 3926 τῶν
2666 3873 2913 3944 ἀοράτων
2945 3875 3284 3942 ἐνατενίζωνο
3311 3882 3340 3933 ὁ
3365 3882 3446 3953 τῷ
3476 3888 3623 3953 φωτὶ

359 3966 476 4020 haec
517 3964 775 4019 ineﬂ‘abili
807 3965 1010 4021 lumine
1068 3966 1324 4037 perfusus
1353 3975 1466 4032 est,
1498 3967 1804 4036 animaeque
1836 3982 1931 4036 pe-

2035 3959 2113 4030 τῴ
2145 3962 2369 4033 ἀρρήτῳ
2403 3964 2542 4034 μετὰ
2570 3964 2743 4018 ταῦτα
2775 3968 3176 4036 καταυγασθεὶς
3195 4011 3211 4035 ,
3243 3973 3337 4025 καὶ
3365 3977 3465 4045 τῆς
3496 3976 3621 4046 δερ-

349 4053 449 4108 des
481 4069 548 4108 ex
591 4054 846 4109 coriaceo
888 4062 942 4108 et
986 4067 1205 4109 mortuo
1258 4063 1575 4126 tegumento
1625 4055 1931 4125 expedivit;

2038 4053 2268 4124 ματίνης
2302 4071 2361 4106 τε
2384 4056 2476 4108 καὶ
2501 4058 2701 4127 νεκρᾶς
2730 4057 3021 4128 περιϐολῆς
3049 4061 3284 4126 ἐκλύσας
3313 4065 3415 4133 τῆς
3435 4067 3621 4137 ψυχῆς

349 4147 444 4217 qni
490 4145 805 4217 Egyptian)
845 4152 1146 4202 exercitum
1187 4158 1243 4203 et
1274 4159 1564 4219 tyrannum
1595 4150 1698 4204 sibi
1741 4158 1931 4204 mutuo

2035 4146 2133 4216 τὴν
2169 4145 2343 4216 βάσιν.
2386 4147 2443 4200 Ὀ
2476 4146 2569 4200 τὸν
2611 4147 2906 4216 Αἰγύπτιον
2939 4152 3166 4221 στρατόν
3198 4171 3255 4206 τε
3289 4156 3384 4209 καὶ
3412 4156 3619 4229 τύρεὶκεν·⁵

352 4239 772 4295 succedentibus
804 4239 979 4309 plagis
1008 4240 1241 4307 altrivit,
1283 4249 1471 4311 erepto
1513 4240 1713 4298 lsraele
1744 4256 1812 4296 ex
1845 4249 1931 4312 ty-

2035 4254 2125 4290 νον
2154 4239 2272 4300 ταῖς
2311 4238 2397 4289 ἐπ’
2425 4237 2673 4308 ἀλλήλοις
2706 4240 2969 4311 ἐκτρίψας
3008 4242 3267 4312 πληγαῖς.
3295 4246 3389 4299 τὸν
3412 4247 3470 4301 δὲ
3514 4250 3622 4304 Ἰσ-

352 4329 587 4385 rannide
628 4345 725 4400 per
764 4330 948 4384 lumen
985 4339 1043 4385 et
1076 4347 1313 4402 aquam;
1362 4333 1451 4387 cui
1492 4344 1615 4403 post
1640 4349 1930 4389 excessum

2041 4328 2177 4400 ραὴλ
2206 4328 2575 4400 ἐλευθερώσας
2601 4331 2699 4401 τῆς
2719 4332 3031 4401 τυραννίδος
3052 4334 3139 4388 διὰ
3163 4337 3256 4390 τοῦ
3288 4340 3488 4407 φωτὸς,
3520 4345 3620 4398 καὶ

348 4436 419 4476 ex
457 4420 694 4492 ngypto
727 4429 899 4476 totum
940 4431 1156 4494 tempus
1185 4424 1303 4479 dies
1330 4440 1441 4478 una
1480 4423 1613 4493 fuit;
1647 4441 1929 4494 nunquam

2038 4418 2131 4471 τοῦ
2157 4416 2367 4480 ὓδατος
2392 4411 2437 4485 ᾧ
2458 4418 2567 4488 (ἳο)
2594 4419 2729 4488 μετὰ
2756 4421 2853 4491 τὴν
2882 4423 3155 4491 Αίγυπτον
3175 4428 3203 4479 ό
3230 4404 3416 4497 χρόνος
3444 4430 3620 4501 ἄπας⁹

351 4521 512 4567 nocte
538 4514 783 4568 tenebris
798 4513 1126 4581 obscurato;
1156 4516 1466 4585 excipiebat
1494 4518 1639 4572 enim
1672 4517 1808 4572 solis
1840 4531 1930 4571 ra-

2041 4509 2140 4581 μία
2179 4512 2319 4564 κατά
2345 4511 2404 4564 τὸ
2428 4512 2647 4581 συνεχὲς
2668 4512 2849 4584 ἡμέρα
2878 4509 2946 4584 ἦν
2966 4532 2979 4545 ·
3008 4514 3263 4569 οὐδέποτε
3291 4520 3395 4590 τῆς
3422 4524 3621 4588 νυκτὸς

352 4602 475 4656 dios
497 4610 618 4672 post
644 4603 900 4657 diurnum
933 4603 1054 4668 iter,
1088 4603 1236 4657 aliud
1277 4605 1459 4659 lumen
1487 4620 1555 4659 ex
1591 4605 1737 4659 nube
1785 4619 1929 4659 novo

2041 4599 2434 4671 μελαινομένης
2489 4601 2574 4673 τῷ
2616 4600 2785 4669 ζόφῳ.
2843 4602 3121 4673 Διεδέχετο
3180 4607 3289 4675 γὰρ
3335 4610 3477 4680 μετά
3523 4614 3620 4665 τὸν

351 4710 506 4750 more
535 4696 896 4764 productum;
945 4703 1005 4751 ut
1040 4698 1122 4751 sol
1150 4696 1370 4766 quidem
1410 4698 1724 4767 praastituto
1756 4712 1927 4751 cursu

2037 4693 2333 4763 ἡμερήσιον
2351 4693 2569 4764 δρόμον,
2590 4694 2687 4757 τὰς
2710 4695 2817 4746 τῶν
2839 4695 3069 4749 ἀκτίνων
3085 4698 3278 4767 αὐγὰς.
3300 4701 3484 4773 ἕτερον
3500 4706 3622 4772 φῶς

352 4786 641 4851 conlecto,
683 4788 820 4858 ipsis
857 4788 1246 4847 occumberet,
1276 4787 1459 4843 lumen
1503 4804 1632 4843 vero
1659 4788 1928 4859 lampadis

2035 4786 2100 4836 ἐκ
2152 4784 2376 4854 νεφέλης,
2408 4784 2912 4856 καινοτομούμενον.
2966 4788 3126 4841 ’Ὥστε
3174 4789 3264 4842 τὸν
3311 4792 3410 4860 μὲν
3461 4794 3620 4864 ἥλιον

352 4893 417 4933 ex
451 4879 706 4932 columna
734 4877 1056 4949 refulgentis
1086 4888 1349 4949 perpetuo
1377 4888 1431 4935 et
1459 4880 1579 4935 sine
1624 4881 1736 4934 ulla
1763 4880 1929 4934 vicis-

2035 4874 2173 4927 κατὰ
2202 4876 2299 4943 τὴν
2337 4875 2639 4941 ἀναγκαίαν
2672 4875 2920 4945 περίοδον
2949 4877 3131 4942 αὐτοῖς
3162 4879 3478 4935 ὲπιδύεσθαι
3508 4922 3526 4945 ,
3556 4886 3622 4939 τὸ

354 4969 593 5024 situdine
619 4982 994 5039 permaneret,
1040 4982 1094 5026 et
1123 4972 1333 5042 absque
1361 4972 1468 5027 ulla
1498 4971 1842 5026 dubitatione
1875 4971 1931 5026 in

2035 4965 2089 5018 δὲ
2120 4966 2234 5034 ιρῶς
2267 4966 2487 5036 συνεχές
2517 4985 2575 5021 τε
2618 4967 2798 5037 μένειν
2831 4968 2927 5022 καὶ
2970 4968 3248 5041 ἁδιάδοχον
3282 4972 3380 5043 τῆς
3420 4976 3485 5027 ἐκ
3520 4975 3622 5029 τοῦ

355 5060 533 5113 locum
569 5060 831 5115 solarium
874 5060 1152 5116 radiorum
1186 5061 1418 5117 subiret.
1462 5061 1565 5128 Qui
1601 5076 1845 5115 amaram
1876 5070 1931 5117 et

2036 5056 2229 5110 στύλου
2262 5056 2602 5128 λαμπηδόνος
2621 5099 2634 5122 ,
2666 5060 3001 5126 ἀδιαστάτως
3030 5063 3141 5131 (7i)
3172 5064 3269 5129 τὰς
3293 5066 3470 5136 αύγάς
3503 5069 3625 5123 τῶν

355 5147 422 5201 ad
462 5155 647 5216 potum
696 5146 933 5218 ineptam
965 5164 1162 5219 aquam
1209 5150 1359 5219 ligno
1399 5150 1616 5205 dulcem
1658 5150 1927 5215 reddidit,

2035 5147 2275 5216 ἡλιακῶν
2298 5148 2532 5201 ἀκτίνων
2569 5148 2949 5222 ἐκδεχομένης.
2993 5153 3051 5208 '0
3078 5154 3137 5207 τὸ
3179 5158 3375 5229 πικρόν
3412 5175 3470 5212 τε
3516 5162 3623 5215 καὶ

354 5250 674 5311 petramque
713 5241 768 5294 in
808 5241 1007 5297 fontem
1057 5242 1371 5299 sitientibus
1413 5242 1805 5309 commutavit,
1831 5244 1931 5314 qui

2035 5238 2233 5292 ἄποτον
2283 5238 2431 5310 ὓδωρ
2459 5239 2656 5310 ἡδύνας
2698 5242 2776 5312 τῷ
2820 5241 2995 5316 ξύλῳ,
3028 5244 3119 5305 καὶ
3149 5248 3246 5318 τὴν
3276 5250 3483 5321 πέτραν
3531 5254 3623 5318 εἰς

429 5443 449 5471 ⁸
478 5439 625 5495 Psal.
654 5455 876 5506 Lxxxix,
912 5441 964 5496 1,

423 5624 540 5699 (70)
572 5618 642 5695 ᾯ
668 5624 732 5681 ad
756 5625 904 5697 ζόφῳ
926 5640 1035 5680 om.
1060 5623 1148 5681 ed.

2104 5630 2214 5702 (7i)
2244 5632 2626 5699 Ἀδιστάκτως,
2642 5634 2731 5690 ed.
