3838 6224
143 253 226 305 157

1509 233 1574 288 ΙΝ
1615 229 1948 286 PSALMOS.

3257 230 3362 286 458

140 367 294 436 πηγὴν
323 364 422 424 τοῖς
453 359 640 429 διψῶσι
671 357 1064 428 μεταποιήσας.
1106 355 1167 408 '0
1193 355 1292 424 τῆς
1313 353 1507 422 γηΐνης
1544 367 1667 420 τρο-

1799 355 2092 404 errestrem
2123 347 2306 402 cibum
2335 347 2547 403 ccelesti
2582 353 2933 416 permutavit,
2961 345 3053 417 qui
3089 346 3144 402 in
3176 346 3360 404 divina

139 459 225 526 φῆς
249 455 336 525 τὴν
361 453 598 521 οὐράνιον
622 449 1072 520 διαμειψάμενος.
1114 449 1172 499 Ὀ
1200 450 1257 500 ἐν
1283 445 1361 515 τῷ
1388 445 1518 514 θείῳ
1542 444 1669 511 γνό-

139 568 209 620 φῳ
240 545 498 613 όξυωπῶν,
536 544 630 596 καὶ
671 543 884 611 βλέπων
919 545 977 595 ὲν
1010 540 1160 610 αὐτῷ
1192 539 1283 592 τὸν
1309 537 1556 609 ἀόρατον.
1610 536 1668 586 Ὀ

137 643 215 711 τὴν
255 638 438 709 σκηνὴν
466 636 563 706 τὴν
599 634 1012 706 ἀχειροποίητον
1045 633 1338 703 ἱστορήσας
1363 671 1378 694 ,
1435 629 1530 682 καὶ
1575 627 1666 679 τὸν

139 735 218 801 τῆς
261 730 536 802 ίερωσύνης
583 729 786 798 κόσμον
833 726 1002 792 ἀξίως
1049 728 1416 794 κατανοήσας.
1477 723 1536 774 Ὀ
1571 723 1669 784 τὰς

138 823 443 885 θεοτεύκτους
488 821 703 884 πλάκας
758 819 1084 890 δεξάμενος,
1137 819 1233 871 καὶ
1285 814 1667 888 συντριϐείσας

141 914 278 968 πάλιν
333 910 707 981 ἀναχαράξαςο
777 909 807 960 ό
869 909 966 979 τῆς
1035 907 1460 977 ἑμφανισθείσης
1522 904 1672 974 αὐτῷ

141 1007 264 1068 θείας
296 1004 561 1072 δυνάμεως
595 1002 688 1055 ἐπὶ
741 999 836 1054 τοῦ
872 1000 1166 1070 προσώπου
1206 1000 1387 1070 φέρων
1433 999 1502 1052 τὰ
1535 997 1673 1067 σύμ-

143 1098 266 1158 ϐολα,
293 1095 379 1147 καὶ
420 1097 483 1164 τῇ
535 1093 596 1160 ἐξ
628 1093 793 1146 αὐτοῦ
839 1093 1160 1164 λαμπηδόνι,
1186 1087 1297 1146 οἷόν
1335 1109 1477 1145 τισιν
1519 1089 1672 1143 ἀκτί-

141 1206 226 1241 νων
272 1189 450 1254 αὐγαῖς
470 1227 483 1247 ,
515 1186 625 1237 τῶν
655 1185 891 1251 ἀναξίως
923 1185 1358 1254 ἐντυγχανόντων
1405 1183 1676 1253 ἀποστρέ-

142 1297 236 1349 φων
261 1279 350 1340 τὰς
378 1277 542 1344 ὄψεις.
605 1277 664 1328 '0
717 1277 852 1346 πυρὶ
891 1278 983 1330 κα)⁸
1029 1278 1269 1348 χάσματι
1313 1277 1441 1339 τούς
1470 1276 1676 1328 ἐπανα-

143 1373 340 1434 στάντας
385 1372 448 1440 τῇ
503 1368 774 1440 ἱερωσύνῃ
811 1370 1221 1433 καταδικάσας,
1258 1369 1356 1422 καὶ
1410 1370 1536 1430 τοὺς
1596 1369 1676 1431 είς

139 1467 220 1534 τὴν
246 1465 379 1518 θείαν
403 1464 559 1534 χάριν
607 1462 934 1535 ὑϐρίσαντας
977 1462 1334 1531 ἐξαφανίσας·
1373 1463 1402 1512 ό
1428 1461 1528 1532 τὴν
1550 1478 1680 1531 γοη-

141 1558 267 1610 τείαν
301 1554 383 1608 τοῦ
425 1554 654 1624 Βαλαὰμ
693 1554 1010 1624 μεταϐαλὼν
1056 1557 1136 1616 είς
1167 1552 1472 1607 εὐσέϐειαν.
1538 1549 1612 1606 Οὐ
1644 1555 1678 1622 ἡ

140 1645 328 1715 τελευτὴ
359 1644 452 1713 τῆς
481 1645 628 1712 ζωῆς
677 1645 954 1714 ἱστόρηται
986 1644 1314 1715 ὑψηλοτέρα.
1381 1642 1438 1695 '0
1467 1643 1558 1695 ἐπὶ
1579 1643 1680 1711 τῆς

1772 439 1862 492 illa
1896 439 2130 509 caligine
2159 438 2416 492 acumine
2445 437 2646 491 mentis
2689 437 2826 490 vidit
2862 436 3228 501 lnvisibilem,
3264 439 3360 506 qui

1771 531 2183 588 tabernaculum
2214 545 2322 582 non
2363 544 2528 582 manu
2554 527 2761 582 factum
2793 528 3084 597 descripsit
3105 535 3350 592 ,.totum-

1771 639 1878 693 que
1914 621 2211 678 sacerdotii
2261 628 2515 676 ornatum
2563 629 2619 675 et
2660 627 2983 690 apparatum
3027 620 3134 675 rite
3176 619 3364 675 animo

1772 715 2042 784 concepit,
2076 715 2168 784 qui
2214 723 2467 783 acceptas
2511 727 2541 764 a
2583 711 2691 765 Deo
2721 710 2897 765 factas
2933 712 3151 766 tabulas
3175 753 3189 777 ,
3224 725 3360 766 con-

1775 803 2089 873 fractasque
2117 803 2187 857 de
2217 803 2429 872 integro
2450 800 2709 861 restituit,
2755 801 2848 869 qui
2888 801 2944 854 in
2974 799 3130 854 vultu
3165 800 3364 857 divina:

1773 896 1993 950 virtutis
2017 933 2032 957 ,
2064 909 2186 964 qua
2232 894 2337 948 sibi
2372 900 2742 963 apparuerat,
2784 899 3111 960 argumenta
3153 891 3362 954 ferens,

1777 987 1990 1058 fulgore
2009 1001 2072 1042 ex
2108 985 2265 1047 facie,
2300 986 2450 1039 velut
2471 985 2752 1038 radiorum
2788 983 3040 1053 spiculis,
3067 985 3353 1039 emicante.

1773 1081 1960 1135 vultus
2003 1094 2196 1133 eorum
2239 1079 2333 1148 qui
2375 1093 2611 1132 occursu
2648 1075 2857 1147 indigni
2909 1085 3072 1131 erant
3118 1079 3363 1132 avertit:

1776 1173 1868 1243 qui
1903 1176 2026 1242 igne
2053 1181 2107 1226 et
2150 1171 2303 1225 hiatu
2348 1172 2638 1226 invasores
2679 1170 2975 1224 sacerdotii
3027 1171 3366 1236 vindicavit,

1777 1279 1981 1333 eosque
2031 1264 2124 1333 qui
2184 1264 2240 1317 in
2281 1263 2523 1318 divinam
2581 1266 2814 1333 gratiam
2865 1262 3117 1330 injuriosi
3172 1273 3364 1328 erant,

1779 1355 2024 1411 funditus
2059 1356 2260 1411 delevit
2289 1377 2302 1411 :
2337 1357 2431 1425 qui
2465 1355 2874 1411 incantationes
2907 1354 3128 1409 Balaam
3165 1355 3219 1410 in
3252 1356 3369 1425 pie-

1746 1457 1947 1503 tatem
2002 1456 2055 1503 et
2104 1449 2538 1504 benedictionem
2586 1449 2783 1512 vertit,
2831 1447 2991 1516 cujus
3038 1447 3225 1503 obitus
3276 1446 3364 1502 vel

1781 1541 1956 1610 ipsam
2015 1541 2180 1594 vitam
2257 1539 2637 1607 magnitudine
2689 1540 3021 1611 praestantia:
3077 1554 3370 1608 superasse

1785 1641 2044 1687 narratur
2072 1651 2086 1686 :
2116 1633 2320 1702 quippe
2345 1634 2434 1702 qui
2470 1631 2537 1686 ad
2564 1647 2879 1702 supremum
2906 1631 3110 1687 montis
3145 1632 3370 1686 culmen

141 1705 553 1805 dxpwps‘iaa'roﬁ
583 1705 747 1802 δρους
786 1705 1111 1804 γενόμενος,
1161 1705 1258 1788 καί
1311 1733 1476 1804 μηδὲν
1519 1705 1681 1801 ἴχνος,

1799 1740 2146 1797 progressus,
2183 1741 2362 1794 neque
2393 1725 2684 1795 vestigium
2730 1740 2909 1795 neque
2950 1732 3368 1779 monumentum

143 1824 254 1894 μηδὲ
274 1821 602 1893 μνημόσυνον
629 1823 728 1892 τῆς
744 1824 936 1892 γηῖνης
964 1809 1257 1892 ἀχθηδόνος
1285 1823 1366 1893 τῷ
1391 1823 1528 1893 ἡλίῳ
1554 1823 1685 1875 ύπο·

140 1916 437 1984 λειπόμενος.
480 1915 542 1966 Ὀ
589 1915 664 1984 μὴ
709 1915 1060 1986 παραλλάξας
1101 1917 1193 1969 τὸν
1241 1918 1564 1986 χαρακτῆρα
1593 1913 1685 1967 τοῦ

143 2008 338 2070 κάλλους
368 2009 470 2060 ὐπὸ
494 2007 590 2062 τοῦ
625 2008 820 2078 χρόνου
841 2024 856 2039 ⁶
902 2007 1039 2062 ἀλλά
1073 2007 1347 2070 διασώσας
1375 2009 1434 2059 ὲν
1465 2009 1530 2077 τῇ
1560 2022 1688 2077 τρε-

145 2102 232 2169 πτῇ
273 2100 418 2167 φύσει
457 2100 518 2152 τὸ
565 2101 622 2152 ὲν
665 2098 813 2169 καλῷ
841 2098 1223 2153 ἀναλλοίωτον.
1257 2093 1428 2161 Οὗτός
1469 2101 1615 2152 ἐστιν
1660 2100 1689 2150 ό

140 2189 219 2258 τῆς
246 2188 494 2258 τετάρτης
527 2187 817 2259 κατάρχων
836 2190 968 2258 ἡμῖν
1000 2188 1336 2252 ἀναϐάσεως,
1380 2189 1526 2241 καὶὸ
1562 2204 1688 2240 συν-

141 2281 352 2349 επαίρων
377 2280 556 2350 ἑαυτῷ
582 2279 673 2334 τὸν
701 2281 790 2334 διὰ
820 2281 929 2334 τῶν
958 2279 1126 2352 τριῶν
1151 2281 1248 2352 ἤδη
1271 2280 1380 2333 τῶν
1409 2279 1690 2350 προδιηνυ-

143 2374 322 2440 σμένων
350 2370 561 2426 αἰώνων
583 2372 758 2443 μέγαν
783 2373 1088 2442 γενόμενον.
1127 2373 1186 2423 ’θ
1204 2372 1310 2443 γὰρ
1338 2374 1396 2424 ὲν
1419 2372 1594 2440 τούτῳ
1613 2369 1692 2440 τῷ

143 2463 243 2531 ὐψει
271 2464 589 2533 γενόμενος
605 2463 854 2534 μεθόριος
880 2463 1081 2532 τρόπον
1105 2463 1230 2514 τινὰ
1246 2463 1345 2531 τῆς
1367 2463 1605 2533 τρεπτῆς
1633 2477 1691 2512 τε

142 2553 218 2606 καὶ
245 2553 500 2623 ἀτρέπτου
537 2553 753 2622 φύσεως
784 2551 1021 2614 ἵσταται,
1068 2551 1162 2604 καὶ
1191 2550 1463 2620 μεσιτεύει
1491 2549 1694 2604 καταλ-

141 2644 290 2712 λὴλως
309 2648 415 2707 τοῖς
449 2646 665 2716 ἄκροις,
696 2644 774 2715 τῷ
818 2645 916 2715 μὲν
951 2643 1070 2714 Θεῷ
1107 2644 1386 2714 ἱκετηρίας
1418 2643 1558 2712 ὑπὲρ
1585 2644 1694 2695 τῶν

141 2735 506 2789 ἀλλοιωθέντων
544 2737 605 2800 ἐξ
639 2723 914 2808 ἀμαρτίας
946 2735 1270 2806 προσάγωνο
1311 2735 1411 2804 τῆς
1443 2734 1499 2786 δὲ
1528 2735 1697 2805 ὑπερ-

144 2829 368 2897 κειμένης
393 2827 648 2892 ὲξουσίας
683 2827 774 2881 τὸν
806 2826 954 2881 ἔλεον
999 2827 1094 2879 ἐπὶ
1119 2827 1248 2890 τοὺς
1288 2827 1574 2897 δεομένους
1600 2824 1693 2878 τοῦ

143 2919 265 2973 ἐλέου
319 2919 758 2990 διαπορθμεύων.
809 2920 894 2981 Ὠς
945 2918 1010 2973 ἂν
1039 2920 1132 2973 καὶ
1160 2918 1250 2972 διὰ
1287 2920 1477 2972 τούτου
1510 2918 1698 2990 μάθοι-

1788 1819 2068 1874 terrestris
2100 1817 2338 1872 tristitiae
2369 1819 2654 1888 reliquerit
2675 1859 2688 1882 ,
2719 1819 2812 1886 qui
2842 1827 3030 1872 notam
3062 1826 3118 1873 et
3155 1818 3372 1888 insigne

1790 1910 2218 1982 pulchritudinis
2247 1910 2558 1964 labentibus
2583 1909 2746 1964 annis
2782 1925 2892 1964 non
2920 1909 3249 1980 deperdidit,
3276 1910 3373 1965 sed

1791 2003 2009 2058 decoris
2045 2003 2545 2057 immutabilitatem
2574 2041 2589 2066 ,
2641 2011 3077 2072 perpetuumque
3128 2009 3374 2056 tenorem

1792 2096 1846 2150 in
1880 2096 1998 2164 ipsa
2029 2096 2195 2150 etiam
2221 2095 2470 2149 variabili
2502 2102 2700 2149 natura
2745 2095 3114 2151 conservavit.
3163 2093 3376 2148 Tantus

1792 2193 1897 2246 est,
1931 2185 2025 2254 qui
2051 2185 2107 2238 in
2138 2194 2332 2255 quarto
2365 2200 2596 2242 ascensu
2628 2187 2739 2240 dux
2766 2187 2925 2242 nobis
2957 2188 3147 2256 praeit;
3173 2187 3378 2257 quique

1795 2293 1980 2331 secum
2009 2277 2175 2332 simul
2205 2278 2404 2332 attollit
2433 2295 2558 2334 eum
2581 2319 2596 2344 ,
2625 2279 2718 2346 qui
2739 2280 2849 2347 jam
2883 2279 2938 2332 in
2967 2279 3140 2334 tribus
3176 2294 3379 2348 praece-

1793 2371 2049 2426 dentibus
2079 2372 2400 2426 ascensibus
2437 2387 2560 2428 sese
2585 2386 2752 2442 supra
2784 2372 2980 2442 vulgus
3015 2371 3229 2427 extulit.
3271 2370 3378 2438 Qui

1792 2463 1938 2516 enim
1971 2462 2037 2516 ad
2065 2463 2170 2518 hoc
2198 2461 2480 2534 fastigium
2505 2463 2702 2527 evasit,
2732 2463 2780 2517 is
2806 2463 3219 2532 quodammodo
3243 2477 3381 2517 con-

1797 2552 1922 2608 finis
1953 2566 2039 2608 est
2066 2562 2282 2609 natura:
2305 2555 2553 2608 mutabili
2584 2563 2641 2610 et
2671 2555 3035 2621 immutabili;
3059 2555 3382 2623 mediusque

1795 2646 2089 2701 intercedit
2127 2647 2518 2702 convenienter
2548 2646 2832 2712 extremis,
2871 2646 2979 2700 Deo
3005 2647 3229 2717 quidem
3264 2661 3383 2716 pre-

1799 2751 1892 2792 ces
1927 2745 1981 2791 et
2015 2737 2449 2806 supplicationes
2479 2737 2715 2792 offerens
2759 2751 2859 2806 pro
2891 2735 2960 2792 iis
2992 2736 3085 2801 qui
3135 2749 3227 2803 per
3252 2749 3382 2803 pec-

1796 2841 1976 2884 catum
2010 2831 2298 2884 abalienati
2330 2838 2496 2893 sunt,
2531 2830 2790 2900 potentiae
2823 2842 2954 2883 vero
2983 2828 3131 2882 illius
3162 2827 3382 2881 miseri-

1799 2921 2045 2976 cordiam
2073 2923 2232 2991 quasi
2262 2922 2554 2976 demittens
2576 2964 2590 2987 ,
2623 2931 2678 2976 et
2723 2921 2981 2977 derivans
3021 2920 3086 2973 ad
3134 2919 3258 2973 illos
3289 2918 3380 2988 qui

145 3025 240 3074 μεν,
267 3009 345 3061 ὅτι
376 3010 484 3080 ὅσῳ
508 3026 597 3072 τις
628 3008 790 3061 πλέον
811 3007 921 3061 τῶν
953 3008 1248 3079 χθαμαλῶν
1278 3026 1335 3062 τε
1364 3009 1456 3062 καὶ
1495 3009 1692 3078 γηΐνων

1802 3014 2182 3067 misericordia
2214 3013 2495 3081 indigent;
2527 3020 2585 3066 ut
2614 3023 2666 3066 et
2695 3028 2760 3067 ex
2792 3012 2878 3066 his
2906 3011 3211 3072 discamus,
3236 3009 3382 3080 quod

141 3097 424 3166 ἀφίσταται,
445 3100 692 3170 τοσούτῳ
723 3099 922 3170 μᾶλλον
950 3100 1388 3172 προσοικειοῦται
1418 3103 1486 3172 τῇ
1519 3101 1696 3154 πάντα

141 3189 245 3243 νούν
275 3191 614 3263 ὐπερεχούσῃ
639 3191 798 3260 φύσει
822 3208 836 3222 ⁸
874 3193 967 3245 καὶ
1000 3195 1250 3263 μιμεῖται
1272 3191 1339 3244 δι’
1370 3193 1617 3254 εὐποιῖας
1639 3193 1698 3245 τὸ

141 3281 288 3347 Θεῖον,
319 3283 493 3337 ἐκεῖνο
537 3281 710 3334 ποιῶν
746 3281 776 3334 ὃ
812 3283 909 3352 τῆς
956 3281 1106 3346 θείας
1151 3283 1266 3336 ἐστὶ
1302 3282 1514 3350 φύσεως
1547 3283 1696 3336 ἴδιον.

140 3371 282 3439 Λέγω
308 3372 362 3424 δὲ
393 3374 452 3425 τὸ
488 3375 803 3444 εὐεργετεῖν
849 3378 957 3429 πᾶν
987 3376 1048 3430 τὸ
1077 3377 1393 3445 εὐεργεσίας
1424 3376 1698 3447 δεόμενον,

141 3462 244 3514 ὅσον
275 3464 477 3528 ὲπιδεὲς
499 3465 604 3534 τῆς
639 3465 886 3529 εὐποιῒας
912 3468 1049 3520 ἐστί.

198 3732 449 3805 Τοιαύτην
478 3735 544 3806 δὴ
569 3735 679 3803 (72)
705 3735 1084 3806 κατελαϐόμην
1108 3739 1207 3808 τῆς
1232 3738 1552 3809 ψαλμῳδίας
1576 3741 1707 3793 ταύ-

141 3838 223 3890 της
243 3824 335 3896 τὴν
359 3826 572 3880 ἔννοιαν
595 3867 609 3891 ,
651 3822 715 3899 ἧς
751 3829 784 3898 ἡ
819 3827 929 3899 (75)
957 3831 1236 3901 ἐπιγραφή
1261 3832 1410 3883 ἐστιν
1429 3871 1443 3894 ,
1486 3851 1504 3882 ι
1531 3833 1710 3903 Προσ-

139 3914 253 3985 auxi]
290 3917 364 3987 τῷ
393 3919 607 3986 Μωῦσῇ
642 3919 916 3992 ἀνθρώπῳ
947 3921 1039 3975 τοῦ
1084 3921 1241 3978 Θεοῦ.
1269 3943 1286 3974 ι
1353 3923 1570 3996 Ἐπειδὴ
1601 3926 1709 3996 γὰρ

141 4009 420 4079 κεκράτητο
434 4011 548 4080 (74)
564 4011 644 4082 τῷ
663 4013 766 4082 τῆς
787 4014 1064 4085 ἁμαρτίας
1086 4015 1242 4086 κακῷ
1263 4017 1325 4068 τὸ
1345 4017 1708 4087 ἀνθρώπινον,

142 4096 221 4147 ναὶ
245 4098 336 4168 τῆς
391 4101 529 4171 πρὸς
584 4101 644 4153 τὸ
689 4101 890 4170 ἀγαθὸν
938 4103 1182 4168 ἐνώσεως
1215 4107 1526 4176 ἀπορραγὲν
1549 4147 1564 4171 ,
1600 4110 1710 4171 τοῖς

142 4188 379 4254 ἐναντίοις
425 4192 763 4264 συνεφύρετο
793 4194 1028 4258 πάθεσι,
1075 4195 1166 4248 καί
1195 4214 1336 4259 τινος
1371 4196 1540 4248 ἐδεῖτο
1581 4214 1713 4268 πρε-

145 4278 308 4346 σϐείας
329 4323 342 4346 ,
374 4285 512 4354 πρὸς
541 4284 635 4338 τὸν
668 4287 1106 4341 ἀνακαλέσασθαι
1127 4288 1227 4357 τῆς
1259 4290 1534 4352 ἀπωλείας
1562 4290 1715 4344 δυνά-

1801 3112 2006 3174 quanto
2048 3105 2172 3173 quis
2209 3103 2384 3173 magis
2440 3118 2468 3157 a
2505 3102 2861 3157 terrestribus
2898 3101 3160 3170 humique
3194 3101 3388 3155 stratis

1802 3195 1966 3248 rebus
2001 3193 2243 3256 absistit,
2295 3201 2447 3246 tanto
2481 3191 2656 3262 magis
2684 3189 3088 3261 appropinquat
3119 3186 3187 3241 ad
3219 3194 3383 3240 natu-

1808 3303 1923 3340 ram
1971 3303 2093 3355 quan
2135 3301 2352 3340 omnem
2395 3284 2810 3354 intelligentiam
2844 3290 3171 3350 exsuperat.
3208 3279 3384 3333 imita-

1808 3387 2005 3447 turque
2032 3377 2313 3433 beneficiis
2335 3376 2631 3446 largiendis
2653 3375 2878 3430 cmleste
2898 3387 3120 3434 numen,
3146 3369 3388 3438 illudque

1806 3469 1940 3538 agit,
1981 3469 2128 3538 quod
2155 3469 2354 3523 divina:
2393 3475 2605 3522 naturae
2645 3466 2927 3536 preprium
2970 3470 3088 3526 est,
3133 3462 3261 3516 dum
3292 3460 3387 3515 be-

1810 3560 2001 3614 neficia
2041 3560 2259 3617 confert
2307 3561 2360 3615 in
2410 3575 2603 3615 omnes
2649 3559 2774 3614 illos
2817 3557 2911 3628 qui
2957 3553 3260 3612 benefactis
3304 3555 3387 3605 iu-

1808 3652 2012 3722 digent.

1885 3745 2208 3815 Hujusmodi
2237 3745 2496 3816 quiddam
2523 3746 2709 3800 animo
2733 3753 2788 3800 et
2811 3741 3141 3814 cogitatione
3169 3739 3238 3795 de
3263 3754 3387 3795 sen-

1818 3838 1990 3893 tentia
2022 3839 2217 3907 psalmi
2248 3840 2396 3895 illius
2427 3836 2740 3903 informavi,
2762 3836 2922 3906 cujus
2955 3833 3243 3902 inscriptio
3263 3840 3386 3886 est:

1820 3947 1838 3980 ι
1880 3929 2070 3985 Oratio
2103 3929 2275 4003 Moysi
2310 3930 2520 3986 homini
2551 3929 2648 3985 Dei
2681 3947 2753 4002 :i
2794 3935 3082 3998 postquam
3116 3923 3260 3979 enim
3295 3938 3390 3993 ge-

1813 4037 1918 4077 nus
1939 4023 2238 4078 humanum
2273 4042 2302 4076 ιι
2333 4022 2539 4076 malitia
2571 4033 2894 4091 oppressum
2925 4027 3028 4080 est,
3053 4015 3390 4086 sejunctum-

1813 4130 1920 4184 que
1947 4122 2002 4168 et
2024 4113 2330 4173 abscissum
2363 4128 2393 4166 a
2421 4113 2811 4182 conjunctione
2841 4125 2965 4164 cum
3007 4108 3174 4172 bono,
3210 4108 3265 4162 in
3295 4122 3390 4160 va-

1817 4206 1929 4258 rias
1975 4203 2412 4274 perturbationes
2445 4203 2668 4268 incidit,
2708 4216 2955 4271 opusque
3004 4200 3196 4255 habuit
3231 4198 3389 4252 inter-

1816 4298 2068 4352 cessione
2120 4296 2391 4367 quadam,
2435 4303 2492 4351 et
2528 4295 2795 4365 legatione
2839 4294 2905 4346 ad
2943 4293 3092 4346 illum
3123 4306 3151 4343 a
3184 4304 3292 4360 quo
3323 4287 3392 4342 ab

146 4387 314 4437 μενον,
341 4375 463 4426 ἀντὶ
501 4375 789 4444 πρέσϐεως
816 4380 844 4432 ό
872 4377 968 4430 τοῦ
1001 4378 1135 4432 Θεοῦ
1164 4379 1449 4450 ἄνθρωπος
1477 4383 1692 4449 γίνεται

1812 4389 2036 4444 interitu
2086 4388 2329 4442 revocari
2381 4394 2613 4457 posset;
2652 4385 2834 4455 legati
2869 4397 3094 4437 munere
3145 4379 3392 4449 fungitur

146 4458 704 4534 ὑπεραπολογούμενος
744 4467 843 4536 μὲν
874 4467 968 4520 τοῦ
1018 4469 1124 4521 τῶν
1153 4470 1442 4539 ὁμοφύλων
1483 4469 1710 4539 πτώμα-

141 4567 218 4612 τος
237 4569 249 4581 °
273 4555 348 4617 είς
379 4555 438 4609 δὲ
475 4556 570 4608 τὸν
598 4556 708 4608 τῶν
740 4558 1095 4612 ἀπολωλότων
1132 4557 1312 4614 οἶκτον
1343 4562 1607 4616 δυσωπῶν
1653 4564 1712 4616 τὸ
1739 4585 1761 4607 ο

142 4640 294 4695 Θεῖον.
352 4646 533 4710 Εὐθὺς
601 4648 710 4719 γὰρ
779 4643 890 4703 οἷον
959 4652 1372 4721 δικαιολογεῖται
1430 4655 1566 4724 πρὸς
1620 4655 1712 4708 τὸν

143 4731 417 4800 ἀκούοντα,
451 4739 550 4790 καί
585 4757 750 4810 φησι,
785 4741 931 4812 μόνῳ
967 4745 1246 4813 προσεῖναι
1286 4743 1365 4814 τῷ
1391 4744 1511 4815 Θεῷ
1549 4745 1610 4798 τὸ
1653 4748 1711 4798 ἐν

145 4826 287 4877 παντὶ
328 4827 522 4899 ἀγαθῷ
556 4832 754 4899 πάγιόν
799 4849 858 4884 τε
918 4835 1012 4887 καὶ
1060 4833 1317 4903 ἀκίνητον
1357 4836 1466 4906 (75)
1505 4837 1597 4889 καὶ
1624 4837 1711 4891 ἀεὶ

143 4911 379 4980 ὡσαύτως
404 4918 532 4988 ἔχον
556 4937 569 4949 ·
605 4922 662 4972 ἐν
687 4925 861 4994 τροπῇ
889 4922 946 4976 δὲ
985 4925 1079 4976 καὶ
1101 4924 1382 4978 ἀλλοιώσει
1407 4927 1467 4979 τὸ
1496 4927 1710 4997 ἀνθρώ-

144 5017 279 5056 πινον
311 5008 586 5078 κείμενον,
606 5011 876 5081 μηδέποτε
903 5013 995 5067 ἐπὶ
1024 5014 1117 5068 τοῦ
1145 5016 1309 5069 αὐτοῦ
1344 5017 1546 5088 μένειν,
1574 5019 1710 5088 μηδὲ

143 5097 184 5145 εξ
210 5098 333 5167 πρὸς
359 5102 421 5153 τὸ
452 5105 704 5172 κρεῖττον
725 5105 863 5158 ἀνίοι
893 5145 908 5164 ,
943 5107 1077 5176 μήτε
1113 5110 1160 5160 εἰ
1191 5108 1445 5162 ἑκπίπτοι
1475 5108 1574 5178 τῆς
1612 5127 1710 5179 με-

143 5189 339 5251 causa;
363 5192 459 5244 τοῦ
482 5195 811 5263 κρείττονος.
845 5191 920 5250 Οὐ
950 5199 1108 5268 χάριν
1135 5199 1458 5270 καταφυγὴν
1496 5202 1576 5263 εἷς
1601 5218 1709 5254 σω²

140 5279 316 5346 τηρίαν
344 5282 490 5347 ἀξιοῖ
516 5283 656 5338 κατά
683 5287 862 5340 πᾶσαν
895 5289 1087 5356 γενεὰν
1115 5290 1360 5358 γίνεσθαι
1388 5288 1480 5343 τοῦ
1503 5291 1710 5345 πλανω-

145 5368 287 5434 μένου
310 5373 370 5424 τὺ
396 5375 755 5444 ἀμετάθετον.

229 5575 310 5644 7'2)
333 5576 498 5633 Forte
517 5580 595 5634 δέ.

293 5655 310 5716 )
338 5647 502 5704 Forte
533 5667 639 5707 0m.
671 5653 725 5720 ἡ.

418 5745 696 5806 Ρλτιιοι..
729 5748 848 5809 Gn.
895 5749 1119 5812 XLIV.

1812 4480 1992 4550 quivis
2020 4480 2183 4534 homo
2217 4479 2306 4534 Dei
2331 4518 2346 4540 ,
2398 4484 2655 4546 suscepto
2688 4474 2996 4546 patrocinio
3038 4486 3139 4543 pro
3166 4485 3300 4526 casu
3339 4479 3393 4523 et

1811 4573 1967 4641 lapsu
1998 4586 2189 4626 eorum
2217 4570 2308 4639 qui
2341 4567 2588 4638 ejusdem
2613 4581 2798 4622 secum
2827 4575 2958 4620 sunt
2977 4562 3310 4619 conditionis
3339 4563 3394 4638 et

1813 4673 1991 4720 status
2011 4703 2027 4724 ,
2053 4663 2347 4731 divinoque
2371 4661 2594 4715 numine
2619 4659 2684 4713 ad
2717 4655 3146 4712 misericordiam
3175 4654 3230 4707 in
3268 4667 3392 4722 per-

1812 4756 1960 4812 ditos
1989 4754 2150 4810 ﬂexo.
2185 4752 2380 4808 Statim
2410 4753 2579 4816 enim,
2611 4750 2768 4820 quasi
2794 4751 2846 4803 in
2879 4747 3088 4816 judicio
3121 4762 3245 4800 cum
3285 4747 3393 4800 Deo

1813 4858 2083 4919 praesente
2114 4856 2169 4901 et
2224 4845 2482 4900 audiente
2513 4845 2655 4915 agit,
2711 4842 2928 4911 ipsique
2977 4840 3079 4895 soli
3126 4849 3390 4909 tauquam

1813 4939 2058 4993 omnium
2093 4937 2361 4992 bonorum
2394 4936 2554 5002 fonti,
2582 4933 2977 4989 immutabilem
3007 4932 3159 4985 illum
3191 4940 3242 4985 et
3271 4945 3392 4998 per—

1812 5038 1976 5099 petuo
2028 5029 2132 5084 sibi
2181 5037 2524 5084 constantem
2567 5027 2668 5081 viae
2709 5034 2953 5080 tenorem
2997 5023 3180 5078 inesse
3209 5023 3378 5076 dicit:

1812 5120 2046 5174 mortale
2078 5126 2258 5174 autem
2289 5119 2568 5173 hominum
2602 5131 2773 5187 genus
2800 5113 3253 5169 conversionibus
3293 5126 3388 5164 va-

1812 5212 1908 5265 riis
1931 5218 1986 5265 et
2017 5209 2488 5265 vicissitudinibus
2522 5208 2820 5261 obnoxium
2849 5206 3051 5267 vivere,
3086 5219 3264 5272 neque
3287 5218 3391 5256 un-

1811 5313 1974 5369 quam
2010 5298 2063 5352 iu
2097 5298 2287 5352 eodem
2320 5304 2466 5353 statu
2515 5296 2841 5367 persistere,
2874 5311 2944 5350 ne
2990 5304 3103 5349 tum
3136 5292 3386 5364 quidem,

1811 5404 1936 5444 cum
1961 5389 2073 5459 jam
2125 5388 2193 5442 ad
2233 5388 2287 5443 id
2316 5386 2463 5459 quod
2497 5386 2848 5459 przestantius
2879 5394 2964 5442 est
3007 5383 3260 5444 evaserit.
3290 5394 3390 5434 ne“

1886 5594 1996 5664 (74)
2035 5595 2402 5665 Κεκράτηται,
2435 5594 2522 5648 ed.

1887 5666 1999 5737 (75)
2033 5667 2141 5718 Καὶ
2161 5664 2415 5736 ἀκίνητον
2451 5681 2560 5720 om.
2585 5664 2672 5719 ed.

2995 5760 3070 5822 15
