  <div class='ocr_page' id='page_1' title='image "/cluster/home/n/w/nwhite01/storage/ocr_20150623/44/nnc1.0037127462/243.png"; bbox 0 0 3838 6224; ppageno 0'>
   <div class='ocr_carea' id='block_1_1' title="bbox 407 274 513 331">
    <p class='ocr_par' dir='ltr' id='par_1_1' title="bbox 407 274 513 331">
     <span class='ocr_line' id='line_1_1' title="bbox 407 274 513 331; baseline 0.019 -3"><span class='ocrx_word' id='word_1_1' title='bbox 407 274 513 331; x_wconf 63' lang='lat'><strong>159</strong></span> 
     </span>
    </p>
   </div>
   <div class='ocr_carea' id='block_1_2' title="bbox 1706 253 2463 318">
    <p class='ocr_par' dir='ltr' id='par_1_2' title="bbox 1706 253 2463 318">
     <span class='ocr_line' id='line_1_2' title="bbox 1706 253 2463 318; baseline -0.016 1"><span class='ocrx_word' id='word_1_2' title='bbox 1706 264 1764 318; x_wconf 90' lang='lat' dir='ltr'><strong>S.</strong></span> <span class='ocrx_word' id='word_1_3' title='bbox 1805 257 2134 317; x_wconf 74' lang='lat' dir='ltr'><strong>GREGORII</strong></span> <span class='ocrx_word' id='word_1_4' title='bbox 2167 253 2463 310; x_wconf 81' lang='lat' dir='ltr'><strong>NYSSENI</strong></span> 
     </span>
    </p>
   </div>
   <div class='ocr_carea' id='block_1_3' title="bbox 3565 246 3666 302">
    <p class='ocr_par' dir='ltr' id='par_1_3' title="bbox 3565 246 3666 302">
     <span class='ocr_line' id='line_1_3' title="bbox 3565 246 3666 302; baseline 0.02 -2"><span class='ocrx_word' id='word_1_5' title='bbox 3565 246 3666 302; x_wconf 73' lang='grc' dir='ltr'><strong>εθο</strong></span> 
     </span>
    </p>
   </div>
   <div class='ocr_carea' id='block_1_4' title="bbox 407 359 3666 460">
    <p class='ocr_par' dir='ltr' id='par_1_4' title="bbox 407 359 3666 460">
     <span class='ocr_line' id='line_1_4' title="bbox 407 359 3666 460; baseline -0.01 -16"><span class='ocrx_word' id='word_1_6' title='bbox 407 407 518 460; x_wconf 91' lang='lat' dir='ltr'><strong>que</strong></span> <span class='ocrx_word' id='word_1_7' title='bbox 568 397 682 443; x_wconf 91' lang='lat' dir='ltr'><strong>tum</strong></span> <span class='ocrx_word' id='word_1_8' title='bbox 723 399 848 440; x_wconf 90' lang='lat' dir='ltr'><strong>cum</strong></span> <span class='ocrx_word' id='word_1_9' title='bbox 891 399 922 437; x_wconf 89' lang='lat' dir='ltr'><strong>a</strong></span> <span class='ocrx_word' id='word_1_10' title='bbox 957 382 1341 437; x_wconf 85' lang='lat' dir='ltr'><strong>communione</strong></span> <span class='ocrx_word' id='word_1_11' title='bbox 1391 379 1790 451; x_wconf 66' lang='lat' dir='ltr'><strong>prastantioris</strong></span> <span class='ocrx_word' id='word_1_12' title='bbox 1832 376 1978 430; x_wconf 89' lang='lat' dir='ltr'><strong>illius</strong></span> <span class='ocrx_word' id='word_1_13' title='bbox 2022 372 2149 428; x_wconf 92' lang='lat' dir='ltr'><strong>boni</strong></span> <span class='ocrx_word' id='word_1_14' title='bbox 2203 369 2486 424; x_wconf 79' lang='lat' dir='ltr'><strong>exciderit.</strong></span> <span class='ocrx_word' id='word_1_15' title='bbox 2515 365 2785 433; x_wconf 80' lang='lat' dir='ltr'><strong>Quocirca</strong></span> <span class='ocrx_word' id='word_1_16' title='bbox 2837 369 2990 432; x_wconf 79' lang='lat' dir='ltr'><strong>Optat</strong></span> <span class='ocrx_word' id='word_1_17' title='bbox 3038 376 3184 427; x_wconf 90' lang='lat' dir='ltr'><strong>eum,</strong></span> <span class='ocrx_word' id='word_1_18' title='bbox 3219 361 3311 431; x_wconf 85' lang='lat' dir='ltr'><strong>qui</strong></span> <span class='ocrx_word' id='word_1_19' title='bbox 3344 367 3429 415; x_wconf 89' lang='lat' dir='ltr'><strong>est</strong></span> <span class='ocrx_word' id='word_1_20' title='bbox 3465 359 3666 414; x_wconf 88' lang='lat' dir='ltr'><strong>immu-</strong></span> 
     </span>
    </p>
   </div>
   <div class='ocr_carea' id='block_1_5' title="bbox 409 452 3305 551">
    <p class='ocr_par' dir='ltr' id='par_1_5' title="bbox 409 452 3305 551">
     <span class='ocr_line' id='line_1_5' title="bbox 409 452 3305 551; baseline -0.011 -16"><span class='ocrx_word' id='word_1_21' title='bbox 409 452 612 546; x_wconf 64' lang='lat' dir='ltr'><strong>tabilis,</strong></span> <span class='ocrx_word' id='word_1_22' title='bbox 643 481 764 551; x_wconf 84' lang='lat' dir='ltr'><strong>ejus</strong></span> <span class='ocrx_word' id='word_1_23' title='bbox 793 480 883 549; x_wconf 92' lang='lat' dir='ltr'><strong>qui</strong></span> <span class='ocrx_word' id='word_1_24' title='bbox 912 478 1037 531; x_wconf 90' lang='lat' dir='ltr'><strong>hinc</strong></span> <span class='ocrx_word' id='word_1_25' title='bbox 1067 476 1194 530; x_wconf 90' lang='lat' dir='ltr'><strong>inde</strong></span> <span class='ocrx_word' id='word_1_26' title='bbox 1217 475 1461 536; x_wconf 87' lang='lat' dir='ltr'><strong>oberrat,</strong></span> <span class='ocrx_word' id='word_1_27' title='bbox 1485 472 1538 525; x_wconf 94' lang='lat' dir='ltr'><strong>in</strong></span> <span class='ocrx_word' id='word_1_28' title='bbox 1570 471 1718 526; x_wconf 86' lang='lat' dir='ltr'><strong>omni</strong></span> <span class='ocrx_word' id='word_1_29' title='bbox 1751 467 2099 540; x_wconf 91' lang='lat' dir='ltr'><strong>generatione</strong></span> <span class='ocrx_word' id='word_1_30' title='bbox 2134 462 2246 514; x_wconf 85' lang='lat' dir='ltr'><strong>lieri</strong></span> <span class='ocrx_word' id='word_1_31' title='bbox 2286 459 2576 530; x_wconf 79' lang='lat' dir='ltr'><strong>refugium,</strong></span> <span class='ocrx_word' id='word_1_32' title='bbox 2627 455 2818 510; x_wconf 88' lang='lat' dir='ltr'><strong>salutis</strong></span> <span class='ocrx_word' id='word_1_33' title='bbox 2858 452 3076 507; x_wconf 60' lang='lat' dir='ltr'><strong>tuenda</strong></span> <span class='ocrx_word' id='word_1_34' title='bbox 3114 452 3305 522; x_wconf 88' lang='lat' dir='ltr'><strong>gratia.</strong></span> 
     </span>
    </p>
   </div>
   <div class='ocr_carea' id='block_1_6' title="bbox 475 649 2061 719">
    <p class='ocr_par' dir='ltr' id='par_1_6' title="bbox 475 649 2061 719">
     <span class='ocr_line' id='line_1_6' title="bbox 475 649 2061 719; baseline -0.013 0"><span class='ocrx_word' id='word_1_35' title='bbox 475 664 570 719; x_wconf 87' lang='lat' dir='ltr'><strong>Sic</strong></span> <span class='ocrx_word' id='word_1_36' title='bbox 585 679 711 718; x_wconf 88' lang='lat' dir='ltr'><strong>vero</strong></span> <span class='ocrx_word' id='word_1_37' title='bbox 725 659 922 715; x_wconf 88' lang='lat' dir='ltr'><strong>Psalmi</strong></span> <span class='ocrx_word' id='word_1_38' title='bbox 937 656 1100 712; x_wconf 88' lang='lat' dir='ltr'><strong>verba</strong></span> <span class='ocrx_word' id='word_1_39' title='bbox 1113 671 1232 710; x_wconf 73' lang='lat' dir='ltr'><strong>sese</strong></span> <span class='ocrx_word' id='word_1_40' title='bbox 1244 655 1472 708; x_wconf 90' lang='lat' dir='ltr'><strong>habent:</strong></span> <span class='ocrx_word' id='word_1_41' title='bbox 1495 673 1511 703; x_wconf 82' lang='grc' dir='ltr'><strong>ι</strong></span> <span class='ocrx_word' id='word_1_42' title='bbox 1532 652 1695 712; x_wconf 88' lang='lat' dir='ltr'><strong>Deus,</strong></span> <span class='ocrx_word' id='word_1_43' title='bbox 1710 649 1982 719; x_wconf 75' lang='lat' dir='ltr'><strong>refugium</strong></span> <span class='ocrx_word' id='word_1_44' title='bbox 2012 652 2061 709; x_wconf 78' lang='grc' dir='ltr'><strong>Α</strong></span> 
     </span>
    </p>
   </div>
   <div class='ocr_carea' id='block_1_7' title="bbox 410 739 1986 820">
    <p class='ocr_par' dir='ltr' id='par_1_7' title="bbox 410 739 1986 820">
     <span class='ocr_line' id='line_1_7' title="bbox 410 739 1986 820; baseline -0.011 -11"><span class='ocrx_word' id='word_1_45' title='bbox 410 756 586 810; x_wconf 82' lang='lat' dir='ltr'><strong>lactus</strong></span> <span class='ocrx_word' id='word_1_46' title='bbox 605 771 666 810; x_wconf 82' lang='lat' dir='ltr'><strong>es</strong></span> <span class='ocrx_word' id='word_1_47' title='bbox 685 753 844 808; x_wconf 91' lang='lat' dir='ltr'><strong>nobis</strong></span> <span class='ocrx_word' id='word_1_48' title='bbox 866 767 895 805; x_wconf 86' lang='lat' dir='ltr'><strong>a</strong></span> <span class='ocrx_word' id='word_1_49' title='bbox 919 749 1266 820; x_wconf 73' lang='lat' dir='ltr'><strong>generatione</strong></span> <span class='ocrx_word' id='word_1_50' title='bbox 1290 747 1344 799; x_wconf 91' lang='lat' dir='ltr'><strong>in</strong></span> <span class='ocrx_word' id='word_1_51' title='bbox 1368 747 1772 814; x_wconf 84' lang='lat' dir='ltr'><strong>generationem</strong></span> <span class='ocrx_word' id='word_1_52' title='bbox 1796 743 1837 793; x_wconf 84' lang='lat'><strong>&#39;.</strong></span> <span class='ocrx_word' id='word_1_53' title='bbox 1872 760 1890 792; x_wconf 76' lang='grc' dir='ltr'><strong>ι</strong></span> <span class='ocrx_word' id='word_1_54' title='bbox 1922 739 1986 792; x_wconf 82' lang='lat' dir='ltr'><strong>Et</strong></span> 
     </span>
    </p>
   </div>
   <div class='ocr_carea' id='block_1_8' title="bbox 419 837 1972 919">
    <p class='ocr_par' dir='ltr' id='par_1_8' title="bbox 419 837 1972 919">
     <span class='ocr_line' id='line_1_8' title="bbox 419 837 1972 919; baseline -0.011 -16"><span class='ocrx_word' id='word_1_55' title='bbox 419 863 592 919; x_wconf 86' lang='lat' dir='ltr'><strong>quare</strong></span> <span class='ocrx_word' id='word_1_56' title='bbox 607 849 711 902; x_wconf 90' lang='lat' dir='ltr'><strong>hoc</strong></span> <span class='ocrx_word' id='word_1_57' title='bbox 732 844 961 898; x_wconf 81' lang='lat' dir='ltr'><strong>aﬂirmat</strong></span> <span class='ocrx_word' id='word_1_58' title='bbox 987 841 1011 895; x_wconf 85' lang='lat'><strong>?</strong></span> <span class='ocrx_word' id='word_1_59' title='bbox 1037 839 1194 907; x_wconf 86' lang='lat' dir='ltr'><strong>Quia,</strong></span> <span class='ocrx_word' id='word_1_60' title='bbox 1221 837 1548 907; x_wconf 84' lang='lat' dir='ltr'><strong>inquit,ante</strong></span> <span class='ocrx_word' id='word_1_61' title='bbox 1565 842 1866 889; x_wconf 82' lang='lat' dir='ltr'><strong>creaturam</strong></span> <span class='ocrx_word' id='word_1_62' title='bbox 1893 841 1972 886; x_wconf 79' lang='lat' dir='ltr'><strong>es.</strong></span> 
     </span>
    </p>
   </div>
   <div class='ocr_carea' id='block_1_9' title="bbox 406 923 1984 1004">
    <p class='ocr_par' dir='ltr' id='par_1_9' title="bbox 406 923 1984 1004">
     <span class='ocr_line' id='line_1_9' title="bbox 406 923 1984 1004; baseline -0.015 -11"><span class='ocrx_word' id='word_1_63' title='bbox 406 953 569 992; x_wconf 90' lang='lat' dir='ltr'><strong>omne</strong></span> <span class='ocrx_word' id='word_1_64' title='bbox 611 933 996 1004; x_wconf 89' lang='lat' dir='ltr'><strong>temporarium</strong></span> <span class='ocrx_word' id='word_1_65' title='bbox 1035 927 1378 983; x_wconf 83' lang='lat' dir='ltr'><strong>intervallum</strong></span> <span class='ocrx_word' id='word_1_66' title='bbox 1406 923 1741 992; x_wconf 82' lang='lat' dir='ltr'><strong>complexus,</strong></span> <span class='ocrx_word' id='word_1_67' title='bbox 1769 936 1837 974; x_wconf 82' lang='lat' dir='ltr'><strong>ex-</strong></span> <span class='ocrx_word' id='word_1_68' title='bbox 1875 933 1984 988; x_wconf 90' lang='lat' dir='ltr'><strong>quo</strong></span> 
     </span>
    </p>
   </div>
   <div class='ocr_carea' id='block_1_10' title="bbox 409 1011 1982 1097">
    <p class='ocr_par' dir='ltr' id='par_1_10' title="bbox 409 1011 1982 1097">
     <span class='ocr_line' id='line_1_10' title="bbox 409 1011 1982 1097; baseline -0.011 -17"><span class='ocrx_word' id='word_1_69' title='bbox 409 1027 671 1097; x_wconf 87' lang='lat' dir='ltr'><strong>temporis</strong></span> <span class='ocrx_word' id='word_1_70' title='bbox 696 1033 893 1080; x_wconf 88' lang='lat' dir='ltr'><strong>natura</strong></span> <span class='ocrx_word' id='word_1_71' title='bbox 911 1021 1096 1091; x_wconf 69' lang='lat' dir='ltr'><strong>cmpit,</strong></span> <span class='ocrx_word' id='word_1_72' title='bbox 1121 1027 1174 1074; x_wconf 88' lang='lat' dir='ltr'><strong>et</strong></span> <span class='ocrx_word' id='word_1_73' title='bbox 1199 1019 1254 1072; x_wconf 91' lang='lat' dir='ltr'><strong>in</strong></span> <span class='ocrx_word' id='word_1_74' title='bbox 1276 1029 1655 1087; x_wconf 83' lang='lat' dir='ltr'><strong>quemcunque</strong></span> <span class='ocrx_word' id='word_1_75' title='bbox 1689 1011 1982 1066; x_wconf 88' lang='lat' dir='ltr'><strong>terminum</strong></span> 
     </span>
    </p>
   </div>
   <div class='ocr_carea' id='block_1_11' title="bbox 408 1101 1984 1182">
    <p class='ocr_par' dir='ltr' id='par_1_11' title="bbox 408 1101 1984 1182">
     <span class='ocr_line' id='line_1_11' title="bbox 408 1101 1984 1182; baseline -0.014 -7"><span class='ocrx_word' id='word_1_76' title='bbox 408 1120 712 1175; x_wconf 88' lang='lat' dir='ltr'><strong>desiturum</strong></span> <span class='ocrx_word' id='word_1_77' title='bbox 756 1116 865 1182; x_wconf 87' lang='lat' dir='ltr'><strong>sit;</strong></span> <span class='ocrx_word' id='word_1_78' title='bbox 898 1128 1021 1167; x_wconf 87' lang='lat' dir='ltr'><strong>nam</strong></span> <span class='ocrx_word' id='word_1_79' title='bbox 1065 1107 1396 1164; x_wconf 91' lang='lat' dir='ltr'><strong>interminati</strong></span> <span class='ocrx_word' id='word_1_80' title='bbox 1436 1105 1704 1159; x_wconf 87' lang='lat' dir='ltr'><strong>terminus</strong></span> <span class='ocrx_word' id='word_1_81' title='bbox 1743 1113 1826 1157; x_wconf 88' lang='lat' dir='ltr'><strong>est</strong></span> <span class='ocrx_word' id='word_1_82' title='bbox 1860 1101 1984 1156; x_wconf 83' lang='lat' dir='ltr'><strong>inli-</strong></span> 
     </span>
    </p>
   </div>
   <div class='ocr_carea' id='block_1_12' title="bbox 409 1193 1990 1273">
    <p class='ocr_par' dir='ltr' id='par_1_12' title="bbox 409 1193 1990 1273">
     <span class='ocr_line' id='line_1_12' title="bbox 409 1193 1990 1273; baseline -0.011 -10"><span class='ocrx_word' id='word_1_83' title='bbox 409 1211 574 1263; x_wconf 91' lang='lat' dir='ltr'><strong>nitas.</strong></span> <span class='ocrx_word' id='word_1_84' title='bbox 612 1227 631 1259; x_wconf 78' lang='grc'><strong>(</strong></span> <span class='ocrx_word' id='word_1_85' title='bbox 667 1205 1016 1273; x_wconf 85' lang='lat' dir='ltr'><strong>Priusquam,</strong></span> <span class='ocrx_word' id='word_1_86' title='bbox 1053 1220 1071 1250; x_wconf 73' lang='grc' dir='ltr'><strong>ι</strong></span> <span class='ocrx_word' id='word_1_87' title='bbox 1107 1198 1306 1268; x_wconf 90' lang='lat' dir='ltr'><strong>inquit,</strong></span> <span class='ocrx_word' id='word_1_88' title='bbox 1342 1214 1360 1246; x_wconf 74' lang='grc' dir='ltr'><strong>ι</strong></span> <span class='ocrx_word' id='word_1_89' title='bbox 1399 1202 1612 1248; x_wconf 89' lang='lat' dir='ltr'><strong>montes</strong></span> <span class='ocrx_word' id='word_1_90' title='bbox 1651 1193 1862 1254; x_wconf 81' lang='lat' dir='ltr'><strong>ﬁerent,</strong></span> <span class='ocrx_word' id='word_1_91' title='bbox 1895 1201 1990 1245; x_wconf 91' lang='lat' dir='ltr'><strong>aut</strong></span> 
     </span>
    </p>
   </div>
   <div class='ocr_carea' id='block_1_13' title="bbox 409 1284 1985 1356">
    <p class='ocr_par' dir='ltr' id='par_1_13' title="bbox 409 1284 1985 1356">
     <span class='ocr_line' id='line_1_13' title="bbox 409 1284 1985 1356; baseline -0.013 0"><span class='ocrx_word' id='word_1_92' title='bbox 409 1303 737 1356; x_wconf 80' lang='lat' dir='ltr'><strong>formaretur</strong></span> <span class='ocrx_word' id='word_1_93' title='bbox 772 1305 917 1350; x_wconf 88' lang='lat' dir='ltr'><strong>terra</strong></span> <span class='ocrx_word' id='word_1_94' title='bbox 967 1301 1021 1348; x_wconf 88' lang='lat' dir='ltr'><strong>et</strong></span> <span class='ocrx_word' id='word_1_95' title='bbox 1068 1291 1250 1351; x_wconf 88' lang='lat' dir='ltr'><strong>orbis,</strong></span> <span class='ocrx_word' id='word_1_96' title='bbox 1285 1304 1315 1343; x_wconf 90' lang='lat' dir='ltr'><strong>a</strong></span> <span class='ocrx_word' id='word_1_97' title='bbox 1348 1286 1570 1348; x_wconf 57' lang='lat' dir='ltr'><strong>saeculo,</strong></span> <span class='ocrx_word' id='word_1_98' title='bbox 1615 1293 1670 1338; x_wconf 92' lang='lat' dir='ltr'><strong>et</strong></span> <span class='ocrx_word' id='word_1_99' title='bbox 1721 1298 1896 1351; x_wconf 89' lang='lat' dir='ltr'><strong>usque</strong></span> <span class='ocrx_word' id='word_1_100' title='bbox 1931 1284 1985 1336; x_wconf 92' lang='lat' dir='ltr'><strong>in</strong></span> 
     </span>
    </p>
   </div>
   <div class='ocr_carea' id='block_1_14' title="bbox 403 1377 1983 1450">
    <p class='ocr_par' dir='ltr' id='par_1_14' title="bbox 403 1377 1983 1450">
     <span class='ocr_line' id='line_1_14' title="bbox 403 1377 1983 1450; baseline -0.013 -4"><span class='ocrx_word' id='word_1_101' title='bbox 403 1391 659 1446; x_wconf 76' lang='lat' dir='ltr'><strong>saeculum</strong></span> <span class='ocrx_word' id='word_1_102' title='bbox 679 1399 736 1445; x_wconf 89' lang='lat' dir='ltr'><strong>tu</strong></span> <span class='ocrx_word' id='word_1_103' title='bbox 767 1403 847 1442; x_wconf 91' lang='lat' dir='ltr'><strong>es.</strong></span> <span class='ocrx_word' id='word_1_104' title='bbox 883 1406 900 1437; x_wconf 73' lang='grc' dir='ltr'><strong>ι</strong></span> <span class='ocrx_word' id='word_1_105' title='bbox 944 1385 1013 1438; x_wconf 85' lang='lat' dir='ltr'><strong>At</strong></span> <span class='ocrx_word' id='word_1_106' title='bbox 1045 1384 1188 1438; x_wconf 89' lang='lat' dir='ltr'><strong>enim</strong></span> <span class='ocrx_word' id='word_1_107' title='bbox 1227 1396 1398 1450; x_wconf 84' lang='lat' dir='ltr'><strong>genus</strong></span> <span class='ocrx_word' id='word_1_108' title='bbox 1424 1379 1725 1432; x_wconf 89' lang='lat' dir='ltr'><strong>humanum</strong></span> <span class='ocrx_word' id='word_1_109' title='bbox 1756 1377 1826 1428; x_wconf 95' lang='lat' dir='ltr'><strong>ob</strong></span> <span class='ocrx_word' id='word_1_110' title='bbox 1860 1390 1983 1426; x_wconf 88' lang='lat' dir='ltr'><strong>mu-</strong></span> 
     </span>
    </p>
   </div>
   <div class='ocr_carea' id='block_1_15' title="bbox 409 1465 1984 1537">
    <p class='ocr_par' dir='ltr' id='par_1_15' title="bbox 409 1465 1984 1537">
     <span class='ocr_line' id='line_1_15' title="bbox 409 1465 1984 1537; baseline -0.012 -1"><span class='ocrx_word' id='word_1_111' title='bbox 409 1483 727 1537; x_wconf 87' lang='lat' dir='ltr'><strong>tabilitatem</strong></span> <span class='ocrx_word' id='word_1_112' title='bbox 770 1486 979 1531; x_wconf 58' lang='lat' dir='ltr'><strong>natura:</strong></span> <span class='ocrx_word' id='word_1_113' title='bbox 1009 1491 1084 1529; x_wconf 81' lang='lat' dir='ltr'><strong>ex</strong></span> <span class='ocrx_word' id='word_1_114' title='bbox 1131 1471 1455 1528; x_wconf 88' lang='lat' dir='ltr'><strong>celsitudine</strong></span> <span class='ocrx_word' id='word_1_115' title='bbox 1498 1468 1677 1522; x_wconf 92' lang='lat' dir='ltr'><strong>omnis</strong></span> <span class='ocrx_word' id='word_1_116' title='bbox 1721 1467 1883 1530; x_wconf 89' lang='lat' dir='ltr'><strong>boui,</strong></span> <span class='ocrx_word' id='word_1_117' title='bbox 1916 1465 1984 1518; x_wconf 86' lang='lat' dir='ltr'><strong>ad</strong></span> 
     </span>
    </p>
   </div>
   <div class='ocr_carea' id='block_1_16' title="bbox 409 1557 1987 1644">
    <p class='ocr_par' dir='ltr' id='par_1_16' title="bbox 409 1557 1987 1644">
     <span class='ocr_line' id='line_1_16' title="bbox 409 1557 1987 1644; baseline -0.013 -15"><span class='ocrx_word' id='word_1_118' title='bbox 409 1575 678 1644; x_wconf 84' lang='lat' dir='ltr'><strong>abjectam</strong></span> <span class='ocrx_word' id='word_1_119' title='bbox 709 1579 763 1625; x_wconf 89' lang='lat' dir='ltr'><strong>et</strong></span> <span class='ocrx_word' id='word_1_120' title='bbox 792 1569 1054 1624; x_wconf 84' lang='lat' dir='ltr'><strong>lubricam</strong></span> <span class='ocrx_word' id='word_1_121' title='bbox 1104 1563 1313 1635; x_wconf 85' lang='lat' dir='ltr'><strong>peccati</strong></span> <span class='ocrx_word' id='word_1_122' title='bbox 1347 1560 1720 1616; x_wconf 88' lang='lat' dir='ltr'><strong>conditionem</strong></span> <span class='ocrx_word' id='word_1_123' title='bbox 1760 1557 1987 1610; x_wconf 78' lang='lat' dir='ltr'><strong>devolu-</strong></span> 
     </span>
    </p>
   </div>
   <div class='ocr_carea' id='block_1_17' title="bbox 407 1648 1981 1730">
    <p class='ocr_par' dir='ltr' id='par_1_17' title="bbox 407 1648 1981 1730">
     <span class='ocr_line' id='line_1_17' title="bbox 407 1648 1981 1730; baseline -0.013 -9"><span class='ocrx_word' id='word_1_124' title='bbox 407 1676 524 1721; x_wconf 87' lang='lat' dir='ltr'><strong>tum</strong></span> <span class='ocrx_word' id='word_1_125' title='bbox 561 1663 800 1720; x_wconf 86' lang='lat' dir='ltr'><strong>decidit:</strong></span> <span class='ocrx_word' id='word_1_126' title='bbox 836 1662 1005 1730; x_wconf 83' lang='lat' dir='ltr'><strong>Igitur</strong></span> <span class='ocrx_word' id='word_1_127' title='bbox 1031 1657 1233 1728; x_wconf 68' lang='lat' dir='ltr'><strong>praebe,</strong></span> <span class='ocrx_word' id='word_1_128' title='bbox 1261 1653 1459 1722; x_wconf 86' lang='lat' dir='ltr'><strong>inquit,</strong></span> <span class='ocrx_word' id='word_1_129' title='bbox 1487 1666 1708 1704; x_wconf 90' lang='lat' dir='ltr'><strong>manum</strong></span> <span class='ocrx_word' id='word_1_130' title='bbox 1746 1648 1855 1702; x_wconf 84' lang='lat' dir='ltr'><strong>labi</strong></span> <span class='ocrx_word' id='word_1_131' title='bbox 1887 1665 1981 1701; x_wconf 87' lang='lat' dir='ltr'><strong>ne-</strong></span> 
     </span>
    </p>
   </div>
   <div class='ocr_carea' id='block_1_18' title="bbox 407 1738 1982 1814">
    <p class='ocr_par' dir='ltr' id='par_1_18' title="bbox 407 1738 1982 1814">
     <span class='ocr_line' id='line_1_18' title="bbox 407 1738 1982 1814; baseline -0.014 -3"><span class='ocrx_word' id='word_1_132' title='bbox 407 1758 558 1811; x_wconf 85' lang='lat' dir='ltr'><strong>scius</strong></span> <span class='ocrx_word' id='word_1_133' title='bbox 617 1752 915 1808; x_wconf 87' lang='lat' dir='ltr'><strong>vacillanti.</strong></span> <span class='ocrx_word' id='word_1_134' title='bbox 965 1746 1122 1814; x_wconf 83' lang='lat' dir='ltr'><strong>Quod</strong></span> <span class='ocrx_word' id='word_1_135' title='bbox 1167 1752 1358 1798; x_wconf 85' lang='lat' dir='ltr'><strong>natura</strong></span> <span class='ocrx_word' id='word_1_136' title='bbox 1407 1758 1506 1802; x_wconf 87' lang='lat' dir='ltr'><strong>es,</strong></span> <span class='ocrx_word' id='word_1_137' title='bbox 1564 1741 1666 1794; x_wconf 92' lang='lat' dir='ltr'><strong>hoc</strong></span> <span class='ocrx_word' id='word_1_138' title='bbox 1710 1747 1766 1792; x_wconf 89' lang='lat' dir='ltr'><strong>et</strong></span> <span class='ocrx_word' id='word_1_139' title='bbox 1824 1738 1982 1791; x_wconf 90' lang='lat' dir='ltr'><strong>nobis</strong></span> 
     </span>
    </p>
   </div>
   <div class='ocr_carea' id='block_1_19' title="bbox 407 1834 1982 1914">
    <p class='ocr_par' dir='ltr' id='par_1_19' title="bbox 407 1834 1982 1914">
     <span class='ocr_line' id='line_1_19' title="bbox 407 1834 1982 1914; baseline -0.014 -9"><span class='ocrx_word' id='word_1_140' title='bbox 407 1849 648 1914; x_wconf 73' lang='lat' dir='ltr'><strong>efficere;</strong></span> <span class='ocrx_word' id='word_1_141' title='bbox 698 1861 874 1914; x_wconf 89' lang='lat' dir='ltr'><strong>neque</strong></span> <span class='ocrx_word' id='word_1_142' title='bbox 914 1842 1171 1896; x_wconf 87' lang='lat' dir='ltr'><strong>deturbes</strong></span> <span class='ocrx_word' id='word_1_143' title='bbox 1217 1839 1368 1892; x_wconf 89' lang='lat' dir='ltr'><strong>illum</strong></span> <span class='ocrx_word' id='word_1_144' title='bbox 1416 1853 1482 1891; x_wconf 79' lang='lat' dir='ltr'><strong>ex</strong></span> <span class='ocrx_word' id='word_1_145' title='bbox 1525 1835 1616 1888; x_wconf 91' lang='lat' dir='ltr'><strong>illa</strong></span> <span class='ocrx_word' id='word_1_146' title='bbox 1666 1834 1722 1887; x_wconf 89' lang='lat' dir='ltr'><strong>in</strong></span> <span class='ocrx_word' id='word_1_147' title='bbox 1769 1847 1875 1902; x_wconf 90' lang='lat' dir='ltr'><strong>qua</strong></span> <span class='ocrx_word' id='word_1_148' title='bbox 1922 1839 1982 1884; x_wconf 89' lang='lat' dir='ltr'><strong>tu</strong></span> 
     </span>
    </p>
   </div>
   <div class='ocr_carea' id='block_1_20' title="bbox 406 1924 1980 2005">
    <p class='ocr_par' dir='ltr' id='par_1_20' title="bbox 406 1924 1980 2005">
     <span class='ocr_line' id='line_1_20' title="bbox 406 1924 1980 2005; baseline -0.012 -9"><span class='ocrx_word' id='word_1_149' title='bbox 406 1940 687 2005; x_wconf 86' lang='lat' dir='ltr'><strong>versaris,</strong></span> <span class='ocrx_word' id='word_1_150' title='bbox 764 1933 1083 1994; x_wconf 86' lang='lat' dir='ltr'><strong>altitudine,</strong></span> <span class='ocrx_word' id='word_1_151' title='bbox 1167 1931 1220 1983; x_wconf 91' lang='lat' dir='ltr'><strong>iu</strong></span> <span class='ocrx_word' id='word_1_152' title='bbox 1298 1928 1660 1982; x_wconf 84' lang='lat' dir='ltr'><strong>humilitatem</strong></span> <span class='ocrx_word' id='word_1_153' title='bbox 1749 1924 1980 1994; x_wconf 85' lang='lat' dir='ltr'><strong>peccati.</strong></span> 
     </span>
    </p>
   </div>
   <div class='ocr_carea' id='block_1_21' title="bbox 409 2016 1979 2092">
    <p class='ocr_par' dir='ltr' id='par_1_21' title="bbox 409 2016 1979 2092">
     <span class='ocr_line' id='line_1_21' title="bbox 409 2016 1979 2092; baseline -0.011 -6"><span class='ocrx_word' id='word_1_154' title='bbox 409 2033 604 2087; x_wconf 85' lang='lat' dir='ltr'><strong>Postea</strong></span> <span class='ocrx_word' id='word_1_155' title='bbox 634 2030 784 2084; x_wconf 83' lang='lat' dir='ltr'><strong>vocis</strong></span> <span class='ocrx_word' id='word_1_156' title='bbox 826 2026 1038 2082; x_wconf 91' lang='lat' dir='ltr'><strong>Domini</strong></span> <span class='ocrx_word' id='word_1_157' title='bbox 1066 2023 1149 2078; x_wconf 88' lang='lat' dir='ltr'><strong>sui</strong></span> <span class='ocrx_word' id='word_1_158' title='bbox 1183 2021 1342 2092; x_wconf 86' lang='lat' dir='ltr'><strong>quasi</strong></span> <span class='ocrx_word' id='word_1_159' title='bbox 1377 2019 1702 2073; x_wconf 88' lang='lat' dir='ltr'><strong>administer</strong></span> <span class='ocrx_word' id='word_1_160' title='bbox 1732 2016 1979 2077; x_wconf 84' lang='lat' dir='ltr'><strong>ell‘ectus,</strong></span> 
     </span>
    </p>
   </div>
   <div class='ocr_carea' id='block_1_22' title="bbox 412 2107 1983 2191">
    <p class='ocr_par' dir='ltr' id='par_1_22' title="bbox 412 2107 1983 2191">
     <span class='ocr_line' id='line_1_22' title="bbox 412 2107 1983 2191; baseline -0.012 -15"><span class='ocrx_word' id='word_1_161' title='bbox 412 2125 570 2178; x_wconf 79' lang='lat' dir='ltr'><strong>alIert</strong></span> <span class='ocrx_word' id='word_1_162' title='bbox 614 2122 828 2191; x_wconf 84' lang='lat' dir='ltr'><strong>plenam</strong></span> <span class='ocrx_word' id='word_1_163' title='bbox 861 2115 1203 2172; x_wconf 85' lang='lat' dir='ltr'><strong>humanitate</strong></span> <span class='ocrx_word' id='word_1_164' title='bbox 1233 2111 1562 2168; x_wconf 87' lang='lat' dir='ltr'><strong>sententiam</strong></span> <span class='ocrx_word' id='word_1_165' title='bbox 1599 2129 1610 2164; x_wconf 93' lang='lat'><strong>:</strong></span> <span class='ocrx_word' id='word_1_166' title='bbox 1649 2128 1669 2161; x_wconf 76' lang='grc' dir='ltr'><strong>ι</strong></span> <span class='ocrx_word' id='word_1_167' title='bbox 1713 2107 1983 2172; x_wconf 83' lang='lat' dir='ltr'><strong>Quoniam</strong></span> 
     </span>
    </p>
   </div>
   <div class='ocr_carea' id='block_1_23' title="bbox 409 2205 1988 2272">
    <p class='ocr_par' dir='ltr' id='par_1_23' title="bbox 409 2205 1988 2272">
     <span class='ocr_line' id='line_1_23' title="bbox 409 2205 1988 2272; baseline -0.012 -1"><span class='ocrx_word' id='word_1_168' title='bbox 409 2209 1059 2272; x_wconf 71' lang='lat' dir='ltr'><strong>dixistizllevertimini,</strong></span> <span class='ocrx_word' id='word_1_169' title='bbox 1109 2206 1204 2260; x_wconf 83' lang='lat' dir='ltr'><strong>ﬁlii</strong></span> <span class='ocrx_word' id='word_1_170' title='bbox 1252 2205 1570 2270; x_wconf 84' lang='lat' dir='ltr'><strong>hominum;</strong></span> <span class='ocrx_word' id='word_1_171' title='bbox 1623 2221 1641 2252; x_wconf 74' lang='grc' dir='ltr'><strong>ι</strong></span> <span class='ocrx_word' id='word_1_172' title='bbox 1693 2216 1799 2270; x_wconf 83' lang='lat' dir='ltr'><strong>qua</strong></span> <span class='ocrx_word' id='word_1_173' title='bbox 1852 2213 1988 2252; x_wconf 85' lang='lat' dir='ltr'><strong>voce</strong></span> 
     </span>
    </p>
   </div>
   <div class='ocr_carea' id='block_1_24' title="bbox 409 2295 1986 2376">
    <p class='ocr_par' dir='ltr' id='par_1_24' title="bbox 409 2295 1986 2376">
     <span class='ocr_line' id='line_1_24' title="bbox 409 2295 1986 2376; baseline -0.013 -13"><span class='ocrx_word' id='word_1_174' title='bbox 409 2311 606 2376; x_wconf 78' lang='lat' dir='ltr'><strong>dogma</strong></span> <span class='ocrx_word' id='word_1_175' title='bbox 640 2304 916 2375; x_wconf 88' lang='lat' dir='ltr'><strong>quoddam</strong></span> <span class='ocrx_word' id='word_1_176' title='bbox 953 2301 1303 2363; x_wconf 87' lang='lat' dir='ltr'><strong>continetur;</strong></span> <span class='ocrx_word' id='word_1_177' title='bbox 1341 2311 1463 2350; x_wconf 90' lang='lat' dir='ltr'><strong>nam</strong></span> <span class='ocrx_word' id='word_1_178' title='bbox 1500 2295 1569 2349; x_wconf 89' lang='lat' dir='ltr'><strong>ad</strong></span> <span class='ocrx_word' id='word_1_179' title='bbox 1598 2302 1847 2348; x_wconf 90' lang='lat' dir='ltr'><strong>naturam</strong></span> <span class='ocrx_word' id='word_1_180' title='bbox 1883 2306 1986 2344; x_wconf 88' lang='lat' dir='ltr'><strong>no-</strong></span> 
     </span>
    </p>
   </div>
   <div class='ocr_carea' id='block_1_25' title="bbox 411 2385 1986 2464">
    <p class='ocr_par' dir='ltr' id='par_1_25' title="bbox 411 2385 1986 2464">
     <span class='ocr_line' id='line_1_25' title="bbox 411 2385 1986 2464; baseline -0.012 -10"><span class='ocrx_word' id='word_1_181' title='bbox 411 2409 581 2455; x_wconf 85' lang='lat' dir='ltr'><strong>stram</strong></span> <span class='ocrx_word' id='word_1_182' title='bbox 609 2397 785 2453; x_wconf 85' lang='lat' dir='ltr'><strong>oratio</strong></span> <span class='ocrx_word' id='word_1_183' title='bbox 811 2394 1056 2464; x_wconf 89' lang='lat' dir='ltr'><strong>respicit,</strong></span> <span class='ocrx_word' id='word_1_184' title='bbox 1091 2391 1469 2458; x_wconf 87' lang='lat' dir='ltr'><strong>malorumque</strong></span> <span class='ocrx_word' id='word_1_185' title='bbox 1502 2385 1828 2441; x_wconf 83' lang='lat' dir='ltr'><strong>medicinam</strong></span> <span class='ocrx_word' id='word_1_186' title='bbox 1858 2399 1986 2452; x_wconf 82' lang='lat' dir='ltr'><strong>sug-</strong></span> 
     </span>
    </p>
   </div>
   <div class='ocr_carea' id='block_1_26' title="bbox 413 2479 1988 2562">
    <p class='ocr_par' dir='ltr' id='par_1_26' title="bbox 413 2479 1988 2562">
     <span class='ocr_line' id='line_1_26' title="bbox 413 2479 1988 2562; baseline -0.011 -15"><span class='ocrx_word' id='word_1_187' title='bbox 413 2494 570 2562; x_wconf 86' lang='lat' dir='ltr'><strong>gerit.</strong></span> <span class='ocrx_word' id='word_1_188' title='bbox 603 2491 694 2544; x_wconf 82' lang='lat' dir='ltr'><strong>Ait</strong></span> <span class='ocrx_word' id='word_1_189' title='bbox 718 2489 863 2544; x_wconf 90' lang='lat' dir='ltr'><strong>enim</strong></span> <span class='ocrx_word' id='word_1_190' title='bbox 893 2505 907 2541; x_wconf 90' lang='lat'><strong>:</strong></span> <span class='ocrx_word' id='word_1_191' title='bbox 935 2486 1072 2539; x_wconf 81' lang='lat' dir='ltr'><strong>Cum</strong></span> <span class='ocrx_word' id='word_1_192' title='bbox 1100 2499 1198 2538; x_wconf 91' lang='lat' dir='ltr'><strong>vos</strong></span> <span class='ocrx_word' id='word_1_193' title='bbox 1225 2483 1474 2536; x_wconf 88' lang='lat' dir='ltr'><strong>homines</strong></span> <span class='ocrx_word' id='word_1_194' title='bbox 1499 2479 1789 2533; x_wconf 86' lang='lat' dir='ltr'><strong>mutationi</strong></span> <span class='ocrx_word' id='word_1_195' title='bbox 1820 2491 1988 2546; x_wconf 79' lang='lat' dir='ltr'><strong>expo-</strong></span> 
     </span>
    </p>
   </div>
   <div class='ocr_carea' id='block_1_27' title="bbox 413 2569 1991 2640">
    <p class='ocr_par' dir='ltr' id='par_1_27' title="bbox 413 2569 1991 2640">
     <span class='ocr_line' id='line_1_27' title="bbox 413 2569 1991 2640; baseline -0.008 -3"><span class='ocrx_word' id='word_1_196' title='bbox 413 2583 504 2638; x_wconf 89' lang='lat' dir='ltr'><strong>siti</strong></span> <span class='ocrx_word' id='word_1_197' title='bbox 541 2598 570 2636; x_wconf 94' lang='lat' dir='ltr'><strong>a</strong></span> <span class='ocrx_word' id='word_1_198' title='bbox 607 2581 750 2635; x_wconf 92' lang='lat' dir='ltr'><strong>bono</strong></span> <span class='ocrx_word' id='word_1_199' title='bbox 775 2577 1114 2640; x_wconf 89' lang='lat' dir='ltr'><strong>decideritis,</strong></span> <span class='ocrx_word' id='word_1_200' title='bbox 1167 2569 1398 2627; x_wconf 88' lang='lat' dir='ltr'><strong>utamini</strong></span> <span class='ocrx_word' id='word_1_201' title='bbox 1447 2586 1639 2625; x_wconf 86' lang='lat' dir='ltr'><strong>rursus</strong></span> <span class='ocrx_word' id='word_1_202' title='bbox 1687 2571 1991 2624; x_wconf 86' lang='lat' dir='ltr'><strong>mutatione</strong></span> 
     </span>
    </p>
   </div>
   <div class='ocr_carea' id='block_1_28' title="bbox 413 2659 1990 2737">
    <p class='ocr_par' dir='ltr' id='par_1_28' title="bbox 413 2659 1990 2737">
     <span class='ocr_line' id='line_1_28' title="bbox 413 2659 1990 2737; baseline -0.006 -15"><span class='ocrx_word' id='word_1_203' title='bbox 413 2670 480 2722; x_wconf 88' lang='lat' dir='ltr'><strong>ad</strong></span> <span class='ocrx_word' id='word_1_204' title='bbox 513 2668 587 2733; x_wconf 90' lang='lat' dir='ltr'><strong>id,</strong></span> <span class='ocrx_word' id='word_1_205' title='bbox 621 2673 764 2737; x_wconf 87' lang='lat' dir='ltr'><strong>quod</strong></span> <span class='ocrx_word' id='word_1_206' title='bbox 799 2667 1088 2720; x_wconf 89' lang='lat' dir='ltr'><strong>honestum</strong></span> <span class='ocrx_word' id='word_1_207' title='bbox 1129 2673 1233 2728; x_wconf 85' lang='lat' dir='ltr'><strong>est,</strong></span> <span class='ocrx_word' id='word_1_208' title='bbox 1263 2674 1316 2717; x_wconf 85' lang='lat' dir='ltr'><strong>et</strong></span> <span class='ocrx_word' id='word_1_209' title='bbox 1337 2661 1479 2715; x_wconf 90' lang='lat' dir='ltr'><strong>unde</strong></span> <span class='ocrx_word' id='word_1_210' title='bbox 1509 2660 1816 2724; x_wconf 83' lang='lat' dir='ltr'><strong>excidistis,</strong></span> <span class='ocrx_word' id='word_1_211' title='bbox 1851 2659 1990 2713; x_wconf 90' lang='lat' dir='ltr'><strong>reci-</strong></span> 
     </span>
    </p>
   </div>
   <div class='ocr_carea' id='block_1_29' title="bbox 415 2749 1990 2831">
    <p class='ocr_par' dir='ltr' id='par_1_29' title="bbox 415 2749 1990 2831">
     <span class='ocr_line' id='line_1_29' title="bbox 415 2749 1990 2831; baseline -0.008 -17"><span class='ocrx_word' id='word_1_212' title='bbox 415 2775 581 2831; x_wconf 89' lang='lat' dir='ltr'><strong>proco</strong></span> <span class='ocrx_word' id='word_1_213' title='bbox 604 2773 771 2813; x_wconf 89' lang='lat' dir='ltr'><strong>cursu</strong></span> <span class='ocrx_word' id='word_1_214' title='bbox 800 2755 1159 2811; x_wconf 84' lang='lat' dir='ltr'><strong>revertimini.</strong></span> <span class='ocrx_word' id='word_1_215' title='bbox 1194 2752 1313 2818; x_wconf 93' lang='lat' dir='ltr'><strong>Quo</strong></span> <span class='ocrx_word' id='word_1_216' title='bbox 1341 2751 1415 2815; x_wconf 88' lang='lat' dir='ltr'><strong>lit,</strong></span> <span class='ocrx_word' id='word_1_217' title='bbox 1450 2763 1506 2804; x_wconf 83' lang='grc' dir='ltr'><strong>ιιι</strong></span> <span class='ocrx_word' id='word_1_218' title='bbox 1537 2753 1590 2804; x_wconf 91' lang='lat' dir='ltr'><strong>in</strong></span> <span class='ocrx_word' id='word_1_219' title='bbox 1617 2751 1787 2803; x_wconf 85' lang='lat' dir='ltr'><strong>libera</strong></span> <span class='ocrx_word' id='word_1_220' title='bbox 1815 2749 1990 2802; x_wconf 89' lang='lat' dir='ltr'><strong>homi-</strong></span> 
     </span>
    </p>
   </div>
   <div class='ocr_carea' id='block_1_30' title="bbox 415 2842 1990 2916">
    <p class='ocr_par' dir='ltr' id='par_1_30' title="bbox 415 2842 1990 2916">
     <span class='ocr_line' id='line_1_30' title="bbox 415 2842 1990 2916; baseline -0.009 -6"><span class='ocrx_word' id='word_1_221' title='bbox 415 2870 545 2910; x_wconf 88' lang='lat' dir='ltr'><strong>num</strong></span> <span class='ocrx_word' id='word_1_222' title='bbox 574 2852 830 2906; x_wconf 85' lang='lat' dir='ltr'><strong>facultate</strong></span> <span class='ocrx_word' id='word_1_223' title='bbox 857 2849 950 2916; x_wconf 88' lang='lat' dir='ltr'><strong>sit,</strong></span> <span class='ocrx_word' id='word_1_224' title='bbox 979 2858 1036 2902; x_wconf 93' lang='lat' dir='ltr'><strong>ut</strong></span> <span class='ocrx_word' id='word_1_225' title='bbox 1069 2847 1136 2900; x_wconf 88' lang='lat' dir='ltr'><strong>ad</strong></span> <span class='ocrx_word' id='word_1_226' title='bbox 1172 2845 1457 2899; x_wconf 81' lang='lat' dir='ltr'><strong>arbitrium</strong></span> <span class='ocrx_word' id='word_1_227' title='bbox 1490 2843 1543 2895; x_wconf 91' lang='lat' dir='ltr'><strong>in</strong></span> <span class='ocrx_word' id='word_1_228' title='bbox 1573 2842 1706 2912; x_wconf 89' lang='lat' dir='ltr'><strong>ipsis</strong></span> <span class='ocrx_word' id='word_1_229' title='bbox 1736 2857 1990 2912; x_wconf 89' lang='lat' dir='ltr'><strong>perseve-</strong></span> 
     </span>
    </p>
   </div>
   <div class='ocr_carea' id='block_1_31' title="bbox 413 2932 1992 3016">
    <p class='ocr_par' dir='ltr' id='par_1_31' title="bbox 413 2932 1992 3016">
     <span class='ocr_line' id='line_1_31' title="bbox 413 2932 1992 3016; baseline -0.009 -14"><span class='ocrx_word' id='word_1_230' title='bbox 413 2953 556 3010; x_wconf 85' lang='lat' dir='ltr'><strong>rent,</strong></span> <span class='ocrx_word' id='word_1_231' title='bbox 581 2961 702 3016; x_wconf 78' lang='lat' dir='ltr'><strong>quae</strong></span> <span class='ocrx_word' id='word_1_232' title='bbox 729 2948 939 3008; x_wconf 89' lang='lat' dir='ltr'><strong>volunt,</strong></span> <span class='ocrx_word' id='word_1_233' title='bbox 971 2942 1084 2996; x_wconf 86' lang='lat' dir='ltr'><strong>sive</strong></span> <span class='ocrx_word' id='word_1_234' title='bbox 1108 2940 1251 2994; x_wconf 87' lang='lat' dir='ltr'><strong>bona</strong></span> <span class='ocrx_word' id='word_1_235' title='bbox 1281 2939 1392 2991; x_wconf 92' lang='lat' dir='ltr'><strong>sint</strong></span> <span class='ocrx_word' id='word_1_236' title='bbox 1420 2937 1534 2990; x_wconf 86' lang='lat' dir='ltr'><strong>sive</strong></span> <span class='ocrx_word' id='word_1_237' title='bbox 1561 2935 1726 2988; x_wconf 89' lang='lat' dir='ltr'><strong>mala.</strong></span> <span class='ocrx_word' id='word_1_238' title='bbox 1757 2933 1812 2987; x_wconf 91' lang='lat' dir='ltr'><strong>Id</strong></span> <span class='ocrx_word' id='word_1_239' title='bbox 1845 2932 1992 3003; x_wconf 91' lang='lat' dir='ltr'><strong>quod</strong></span> 
     </span>
    </p>
   </div>
   <div class='ocr_carea' id='block_1_32' title="bbox 2159 634 3669 712">
    <p class='ocr_par' dir='ltr' id='par_1_32' title="bbox 2159 634 3669 712">
     <span class='ocr_line' id='line_1_32' title="bbox 2159 634 3669 712; baseline -0.007 -17"><span class='ocrx_word' id='word_1_240' title='bbox 2159 645 2311 712; x_wconf 87' lang='grc' dir='ltr'>Ἔχει</span> <span class='ocrx_word' id='word_1_241' title='bbox 2336 641 2394 694; x_wconf 83' lang='grc' dir='ltr'>δὲ</span> <span class='ocrx_word' id='word_1_242' title='bbox 2417 641 2450 710; x_wconf 84' lang='grc' dir='ltr'><strong>ἡ</strong></span> <span class='ocrx_word' id='word_1_243' title='bbox 2481 637 2624 704; x_wconf 81' lang='grc' dir='ltr'>λέξις</span> <span class='ocrx_word' id='word_1_244' title='bbox 2645 637 2817 699; x_wconf 75' lang='grc' dir='ltr'>οὕτως</span> <span class='ocrx_word' id='word_1_245' title='bbox 2836 651 2851 666; x_wconf 86' lang='grc'>⁶</span> <span class='ocrx_word' id='word_1_246' title='bbox 2891 655 2910 686; x_wconf 84' lang='grc'>‹</span> <span class='ocrx_word' id='word_1_247' title='bbox 2937 635 3129 706; x_wconf 86' lang='grc' dir='ltr'>Κύριε,</span> <span class='ocrx_word' id='word_1_248' title='bbox 3160 634 3447 704; x_wconf 75' lang='grc' dir='ltr'>καταφυγὴ</span> <span class='ocrx_word' id='word_1_249' title='bbox 3475 636 3669 705; x_wconf 71' lang='grc' dir='ltr'>ἐγενή-</span> 
     </span>
    </p>
   </div>
   <div class='ocr_carea' id='block_1_33' title="bbox 2089 725 3668 806">
    <p class='ocr_par' dir='ltr' id='par_1_33' title="bbox 2089 725 3668 806">
     <span class='ocr_line' id='line_1_33' title="bbox 2089 725 3668 806; baseline -0.008 -17"><span class='ocrx_word' id='word_1_250' title='bbox 2089 735 2188 806; x_wconf 88' lang='grc' dir='ltr'><strong>θης</strong></span> <span class='ocrx_word' id='word_1_251' title='bbox 2212 737 2344 804; x_wconf 85' lang='grc' dir='ltr'>ἡμῖν</span> <span class='ocrx_word' id='word_1_252' title='bbox 2377 734 2435 784; x_wconf 83' lang='grc' dir='ltr'><strong>ὲν</strong></span> <span class='ocrx_word' id='word_1_253' title='bbox 2465 733 2630 800; x_wconf 80' lang='grc' dir='ltr'>γενεᾷ</span> <span class='ocrx_word' id='word_1_254' title='bbox 2663 731 2757 781; x_wconf 71' lang='grc' dir='ltr'><strong>καὶ</strong></span> <span class='ocrx_word' id='word_1_255' title='bbox 2783 729 2964 798; x_wconf 81' lang='grc' dir='ltr'>γενεᾷ.</span> <span class='ocrx_word' id='word_1_256' title='bbox 2992 748 3010 778; x_wconf 82' lang='grc'><strong><em>›</em></strong></span> <span class='ocrx_word' id='word_1_257' title='bbox 3059 727 3158 779; x_wconf 81' lang='grc' dir='ltr'><strong>Διὰ</strong></span> <span class='ocrx_word' id='word_1_258' title='bbox 3188 726 3240 778; x_wconf 89' lang='grc' dir='ltr'><strong>τί</strong></span> <span class='ocrx_word' id='word_1_259' title='bbox 3271 726 3430 778; x_wconf 80' lang='grc' dir='ltr'>τοῦτο</span> <span class='ocrx_word' id='word_1_260' title='bbox 3455 725 3668 793; x_wconf 77' lang='grc' dir='ltr'>λέγωνς</span> 
     </span>
    </p>
   </div>
   <div class='ocr_carea' id='block_1_34' title="bbox 2093 816 3672 893">
    <p class='ocr_par' dir='ltr' id='par_1_34' title="bbox 2093 816 3672 893">
     <span class='ocr_line' id='line_1_34' title="bbox 2093 816 3672 893; baseline -0.008 -11"><span class='ocrx_word' id='word_1_261' title='bbox 2093 829 2216 883; x_wconf 82' lang='grc' dir='ltr'>’Ότι</span> <span class='ocrx_word' id='word_1_262' title='bbox 2231 821 2508 893; x_wconf 67' lang='grc' dir='ltr'>σὺ,φησὶν,</span> <span class='ocrx_word' id='word_1_263' title='bbox 2523 823 2629 893; x_wconf 86' lang='grc' dir='ltr'><strong>πρὸ</strong></span> <span class='ocrx_word' id='word_1_264' title='bbox 2652 822 2750 892; x_wconf 85' lang='grc' dir='ltr'>τῆς</span> <span class='ocrx_word' id='word_1_265' title='bbox 2773 822 3000 883; x_wconf 79' lang='grc' dir='ltr'>κτίσεως</span> <span class='ocrx_word' id='word_1_266' title='bbox 3022 816 3093 882; x_wconf 87' lang='grc' dir='ltr'><strong>εἷ,</strong></span> <span class='ocrx_word' id='word_1_267' title='bbox 3121 823 3228 872; x_wconf 76' lang='grc' dir='ltr'>πᾶν</span> <span class='ocrx_word' id='word_1_268' title='bbox 3249 819 3311 870; x_wconf 81' lang='grc' dir='ltr'>τὸ</span> <span class='ocrx_word' id='word_1_269' title='bbox 3331 819 3552 871; x_wconf 79' lang='grc' dir='ltr'>αἰώνιον</span> <span class='ocrx_word' id='word_1_270' title='bbox 3573 821 3672 888; x_wconf 87' lang='grc' dir='ltr'>ἐμ-</span> 
     </span>
    </p>
   </div>
   <div class='ocr_carea' id='block_1_35' title="bbox 2085 907 3669 986">
    <p class='ocr_par' dir='ltr' id='par_1_35' title="bbox 2085 907 3669 986">
     <span class='ocr_line' id='line_1_35' title="bbox 2085 907 3669 986; baseline -0.004 -18"><span class='ocrx_word' id='word_1_271' title='bbox 2085 915 2354 986; x_wconf 84' lang='grc' dir='ltr'>περιέχων</span> <span class='ocrx_word' id='word_1_272' title='bbox 2397 915 2669 984; x_wconf 85' lang='grc' dir='ltr'>διάστημα</span> <span class='ocrx_word' id='word_1_273' title='bbox 2697 953 2712 978; x_wconf 82' lang='grc'><strong>,</strong></span> <span class='ocrx_word' id='word_1_274' title='bbox 2760 914 2852 981; x_wconf 77' lang='grc' dir='ltr'><strong>ἀφ’</strong></span> <span class='ocrx_word' id='word_1_275' title='bbox 2882 907 2941 966; x_wconf 72' lang='grc' dir='ltr'>οὗ</span> <span class='ocrx_word' id='word_1_276' title='bbox 2984 929 3041 964; x_wconf 88' lang='grc' dir='ltr'><strong>τε</strong></span> <span class='ocrx_word' id='word_1_277' title='bbox 3075 911 3248 982; x_wconf 82' lang='grc' dir='ltr'>ἀρχὴν</span> <span class='ocrx_word' id='word_1_278' title='bbox 3296 912 3454 979; x_wconf 79' lang='grc' dir='ltr'>ἔσχεν</span> <span class='ocrx_word' id='word_1_279' title='bbox 3496 912 3532 979; x_wconf 84' lang='grc' dir='ltr'>ἡ</span> <span class='ocrx_word' id='word_1_280' title='bbox 3577 909 3669 962; x_wconf 72' lang='grc' dir='ltr'><strong>τοῦ</strong></span> 
     </span>
    </p>
   </div>
   <div class='ocr_carea' id='block_1_36' title="bbox 2087 1002 3666 1077">
    <p class='ocr_par' dir='ltr' id='par_1_36' title="bbox 2087 1002 3666 1077">
     <span class='ocr_line' id='line_1_36' title="bbox 2087 1002 3666 1077; baseline -0.005 -16"><span class='ocrx_word' id='word_1_281' title='bbox 2087 1008 2280 1071; x_wconf 78' lang='grc' dir='ltr'>αἰῶνος</span> <span class='ocrx_word' id='word_1_282' title='bbox 2333 1008 2494 1077; x_wconf 83' lang='grc' dir='ltr'><strong>φύσις</strong></span> <span class='ocrx_word' id='word_1_283' title='bbox 2521 1046 2537 1068; x_wconf 82' lang='grc'>,</span> <span class='ocrx_word' id='word_1_284' title='bbox 2587 1006 2680 1058; x_wconf 70' lang='grc' dir='ltr'><strong>καὶ</strong></span> <span class='ocrx_word' id='word_1_285' title='bbox 2720 1006 2799 1068; x_wconf 74' lang='grc' dir='ltr'>εἰς</span> <span class='ocrx_word' id='word_1_286' title='bbox 2845 1006 2873 1056; x_wconf 86' lang='grc' dir='ltr'><strong>ὃ</strong></span> <span class='ocrx_word' id='word_1_287' title='bbox 2956 1023 3010 1056; x_wconf 84' lang='grc' dir='ltr'><strong>τι</strong></span> <span class='ocrx_word' id='word_1_288' title='bbox 3046 1002 3435 1075; x_wconf 85' lang='grc' dir='ltr'>προελεύσεται</span> <span class='ocrx_word' id='word_1_289' title='bbox 3471 1003 3666 1071; x_wconf 83' lang='grc' dir='ltr'>πέρας,</span> 
     </span>
    </p>
   </div>
   <div class='ocr_carea' id='block_1_37' title="bbox 2087 1095 3666 1174">
    <p class='ocr_par' dir='ltr' id='par_1_37' title="bbox 2087 1095 3666 1174">
     <span class='ocr_line' id='line_1_37' title="bbox 2087 1095 3666 1174; baseline -0.004 -21"><span class='ocrx_word' id='word_1_290' title='bbox 2087 1103 2261 1174; x_wconf 86' lang='grc' dir='ltr'>πέρας</span> <span class='ocrx_word' id='word_1_291' title='bbox 2293 1101 2350 1153; x_wconf 81' lang='grc' dir='ltr'><strong>δὲ</strong></span> <span class='ocrx_word' id='word_1_292' title='bbox 2377 1099 2468 1152; x_wconf 80' lang='grc' dir='ltr'>τοῦ</span> <span class='ocrx_word' id='word_1_293' title='bbox 2499 1100 2855 1168; x_wconf 79' lang='grc' dir='ltr'><strong>ἀτελευτήτου</strong></span> <span class='ocrx_word' id='word_1_294' title='bbox 2884 1099 2917 1167; x_wconf 83' lang='grc' dir='ltr'>ἡ</span> <span class='ocrx_word' id='word_1_295' title='bbox 2945 1097 3190 1170; x_wconf 82' lang='grc' dir='ltr'>ἀπειρία.</span> <span class='ocrx_word' id='word_1_296' title='bbox 3230 1096 3373 1166; x_wconf 77' lang='grc' dir='ltr'><strong>«Πρὸ</strong></span> <span class='ocrx_word' id='word_1_297' title='bbox 3395 1095 3493 1149; x_wconf 79' lang='grc' dir='ltr'>τοῦ</span> <span class='ocrx_word' id='word_1_298' title='bbox 3517 1096 3618 1165; x_wconf 81' lang='grc' dir='ltr'><strong>ὀρη</strong></span> <span class='ocrx_word' id='word_1_299' title='bbox 3647 1115 3666 1146; x_wconf 72' lang='grc' dir='ltr'><strong>ι</strong></span> 
     </span>
    </p>
   </div>
   <div class='ocr_carea' id='block_1_38' title="bbox 2082 1187 3672 1262">
    <p class='ocr_par' dir='ltr' id='par_1_38' title="bbox 2082 1187 3672 1262">
     <span class='ocr_line' id='line_1_38' title="bbox 2082 1187 3672 1262; baseline -0.004 -18"><span class='ocrx_word' id='word_1_300' title='bbox 2082 1194 2191 1262; x_wconf 79' lang='grc' dir='ltr'><strong>γὰρ</strong></span> <span class='ocrx_word' id='word_1_301' title='bbox 2217 1233 2228 1254; x_wconf 87' lang='grc'><strong>,</strong></span> <span class='ocrx_word' id='word_1_302' title='bbox 2259 1190 2422 1260; x_wconf 76' lang='grc' dir='ltr'>φησὶ,</span> <span class='ocrx_word' id='word_1_303' title='bbox 2471 1210 2488 1240; x_wconf 74' lang='grc' dir='ltr'><strong>ι</strong></span> <span class='ocrx_word' id='word_1_304' title='bbox 2513 1188 2809 1260; x_wconf 78' lang='grc' dir='ltr'><strong>γενηθῆναι</strong></span> <span class='ocrx_word' id='word_1_305' title='bbox 2838 1189 2932 1241; x_wconf 77' lang='grc' dir='ltr'>καὶ</span> <span class='ocrx_word' id='word_1_306' title='bbox 2973 1187 3276 1256; x_wconf 78' lang='grc' dir='ltr'>πλασθῆναι</span> <span class='ocrx_word' id='word_1_307' title='bbox 3304 1187 3402 1256; x_wconf 79' lang='grc' dir='ltr'>τὴν</span> <span class='ocrx_word' id='word_1_308' title='bbox 3440 1187 3549 1256; x_wconf 82' lang='grc' dir='ltr'>γῆν</span> <span class='ocrx_word' id='word_1_309' title='bbox 3578 1187 3672 1238; x_wconf 75' lang='grc' dir='ltr'><strong>καὶ</strong></span> 
     </span>
    </p>
   </div>
   <div class='ocr_carea' id='block_1_39' title="bbox 2081 1273 3671 1353">
    <p class='ocr_par' dir='ltr' id='par_1_39' title="bbox 2081 1273 3671 1353">
     <span class='ocr_line' id='line_1_39' title="bbox 2081 1273 3671 1353; baseline -0.005 -20"><span class='ocrx_word' id='word_1_310' title='bbox 2081 1282 2180 1353; x_wconf 86' lang='grc' dir='ltr'><strong>τὴν</strong></span> <span class='ocrx_word' id='word_1_311' title='bbox 2212 1279 2537 1349; x_wconf 68' lang='grc' dir='ltr'>οἰκουμένην</span> <span class='ocrx_word' id='word_1_312' title='bbox 2566 1319 2580 1339; x_wconf 89' lang='lat'><strong>,</strong></span> <span class='ocrx_word' id='word_1_313' title='bbox 2619 1279 2715 1330; x_wconf 78' lang='grc' dir='ltr'>καὶ</span> <span class='ocrx_word' id='word_1_314' title='bbox 2763 1277 2871 1330; x_wconf 87' lang='grc' dir='ltr'>ἀπὸ</span> <span class='ocrx_word' id='word_1_315' title='bbox 2913 1276 3007 1329; x_wconf 82' lang='grc' dir='ltr'>τοῦ</span> <span class='ocrx_word' id='word_1_316' title='bbox 3041 1276 3268 1340; x_wconf 84' lang='grc' dir='ltr'>αἰῶνος,</span> <span class='ocrx_word' id='word_1_317' title='bbox 3315 1276 3408 1327; x_wconf 75' lang='grc' dir='ltr'><strong>καὶ</strong></span> <span class='ocrx_word' id='word_1_318' title='bbox 3435 1275 3542 1337; x_wconf 80' lang='grc' dir='ltr'><strong>ἓως</strong></span> <span class='ocrx_word' id='word_1_319' title='bbox 3574 1273 3671 1326; x_wconf 79' lang='grc' dir='ltr'>τοῦ</span> 
     </span>
    </p>
   </div>
   <div class='ocr_carea' id='block_1_40' title="bbox 2082 1365 3674 1439">
    <p class='ocr_par' dir='ltr' id='par_1_40' title="bbox 2082 1365 3674 1439">
     <span class='ocr_line' id='line_1_40' title="bbox 2082 1365 3674 1439; baseline -0.007 -12"><span class='ocrx_word' id='word_1_320' title='bbox 2082 1373 2276 1435; x_wconf 84' lang='grc' dir='ltr'>αἰῶνος</span> <span class='ocrx_word' id='word_1_321' title='bbox 2307 1373 2370 1424; x_wconf 76' lang='grc' dir='ltr'><strong>σὺ</strong></span> <span class='ocrx_word' id='word_1_322' title='bbox 2404 1369 2505 1424; x_wconf 76' lang='grc' dir='ltr'>εἷ.)</span> <span class='ocrx_word' id='word_1_323' title='bbox 2535 1370 2608 1422; x_wconf 83' lang='grc' dir='ltr'><strong>Τὸ</strong></span> <span class='ocrx_word' id='word_1_324' title='bbox 2637 1369 2694 1421; x_wconf 85' lang='grc' dir='ltr'>δὲ</span> <span class='ocrx_word' id='word_1_325' title='bbox 2719 1368 3056 1439; x_wconf 81' lang='grc' dir='ltr'>ἀνθρώπινον</span> <span class='ocrx_word' id='word_1_326' title='bbox 3088 1367 3166 1438; x_wconf 81' lang='grc' dir='ltr'>τῷ</span> <span class='ocrx_word' id='word_1_327' title='bbox 3195 1366 3414 1435; x_wconf 85' lang='grc' dir='ltr'>τρεπτῷ</span> <span class='ocrx_word' id='word_1_328' title='bbox 3440 1367 3542 1434; x_wconf 78' lang='grc' dir='ltr'>τῆς</span> <span class='ocrx_word' id='word_1_329' title='bbox 3573 1365 3674 1434; x_wconf 80' lang='grc' dir='ltr'><strong>φύ-</strong></span> 
     </span>
    </p>
   </div>
   <div class='ocr_carea' id='block_1_41' title="bbox 2083 1456 3674 1530">
    <p class='ocr_par' dir='ltr' id='par_1_41' title="bbox 2083 1456 3674 1530">
     <span class='ocr_line' id='line_1_41' title="bbox 2083 1456 3674 1530; baseline -0.006 -14"><span class='ocrx_word' id='word_1_330' title='bbox 2083 1481 2221 1526; x_wconf 89' lang='grc' dir='ltr'>σεως</span> <span class='ocrx_word' id='word_1_331' title='bbox 2249 1464 2313 1514; x_wconf 86' lang='grc' dir='ltr'><strong>ὲκ</strong></span> <span class='ocrx_word' id='word_1_332' title='bbox 2340 1461 2434 1514; x_wconf 78' lang='grc' dir='ltr'>τοῦ</span> <span class='ocrx_word' id='word_1_333' title='bbox 2463 1460 2632 1530; x_wconf 74' lang='grc' dir='ltr'>ὕψους</span> <span class='ocrx_word' id='word_1_334' title='bbox 2656 1458 2764 1511; x_wconf 82' lang='grc' dir='ltr'><strong>τῶν</strong></span> <span class='ocrx_word' id='word_1_335' title='bbox 2801 1458 3022 1526; x_wconf 84' lang='grc' dir='ltr'>ἀγαθῶν</span> <span class='ocrx_word' id='word_1_336' title='bbox 3051 1457 3185 1527; x_wconf 78' lang='grc' dir='ltr'>πρὸς</span> <span class='ocrx_word' id='word_1_337' title='bbox 3223 1458 3284 1510; x_wconf 86' lang='grc' dir='ltr'><strong>τὸ</strong></span> <span class='ocrx_word' id='word_1_338' title='bbox 3306 1456 3566 1509; x_wconf 87' lang='grc' dir='ltr'>ταπεινόν</span> <span class='ocrx_word' id='word_1_339' title='bbox 3613 1473 3674 1507; x_wconf 88' lang='grc' dir='ltr'><strong>τε</strong></span> 
     </span>
    </p>
   </div>
   <div class='ocr_carea' id='block_1_42' title="bbox 2082 1547 3672 1624">
    <p class='ocr_par' dir='ltr' id='par_1_42' title="bbox 2082 1547 3672 1624">
     <span class='ocr_line' id='line_1_42' title="bbox 2082 1547 3672 1624; baseline -0.004 -18"><span class='ocrx_word' id='word_1_340' title='bbox 2082 1555 2175 1607; x_wconf 74' lang='grc' dir='ltr'><strong>καὶ</strong></span> <span class='ocrx_word' id='word_1_341' title='bbox 2218 1552 2504 1624; x_wconf 83' lang='grc' dir='ltr'><strong>ὀλισθηρὸν</strong></span> <span class='ocrx_word' id='word_1_342' title='bbox 2546 1553 2645 1622; x_wconf 82' lang='grc' dir='ltr'><strong>τῆς</strong></span> <span class='ocrx_word' id='word_1_343' title='bbox 2695 1551 2967 1620; x_wconf 85' lang='grc' dir='ltr'>ἁμαρτίας</span> <span class='ocrx_word' id='word_1_344' title='bbox 2999 1548 3320 1618; x_wconf 83' lang='grc' dir='ltr'>κατενεχθὲν</span> <span class='ocrx_word' id='word_1_345' title='bbox 3351 1547 3464 1617; x_wconf 81' lang='grc'><strong>(76)</strong></span> <span class='ocrx_word' id='word_1_346' title='bbox 3509 1565 3672 1600; x_wconf 87' lang='grc' dir='ltr'>κατε-</span> 
     </span>
    </p>
   </div>
   <div class='ocr_carea' id='block_1_43' title="bbox 2086 1639 3675 1717">
    <p class='ocr_par' dir='ltr' id='par_1_43' title="bbox 2086 1639 3675 1717">
     <span class='ocr_line' id='line_1_43' title="bbox 2086 1639 3675 1717; baseline -0.006 -18"><span class='ocrx_word' id='word_1_347' title='bbox 2086 1647 2260 1717; x_wconf 76' lang='grc' dir='ltr'>σύρηο</span> <span class='ocrx_word' id='word_1_348' title='bbox 2292 1644 2501 1699; x_wconf 80' lang='grc' dir='ltr'>Οὐκοῦν</span> <span class='ocrx_word' id='word_1_349' title='bbox 2534 1644 2720 1716; x_wconf 82' lang='grc' dir='ltr'>ὄρεξον</span> <span class='ocrx_word' id='word_1_350' title='bbox 2740 1683 2754 1706; x_wconf 88' lang='grc'><em>,</em></span> <span class='ocrx_word' id='word_1_351' title='bbox 2789 1644 2923 1712; x_wconf 74' lang='grc' dir='ltr'>φησὶ</span> <span class='ocrx_word' id='word_1_352' title='bbox 2947 1684 2960 1706; x_wconf 91' lang='grc'>,</span> <span class='ocrx_word' id='word_1_353' title='bbox 2997 1645 3152 1712; x_wconf 82' lang='grc' dir='ltr'>χεῖρα</span> <span class='ocrx_word' id='word_1_354' title='bbox 3175 1680 3190 1704; x_wconf 87' lang='grc'><em>,</em></span> <span class='ocrx_word' id='word_1_355' title='bbox 3224 1643 3253 1694; x_wconf 92' lang='grc' dir='ltr'><strong>ὀ</strong></span> <span class='ocrx_word' id='word_1_356' title='bbox 3290 1642 3543 1702; x_wconf 84' lang='grc' dir='ltr'>ἄπτωτος</span> <span class='ocrx_word' id='word_1_357' title='bbox 3595 1639 3675 1709; x_wconf 76' lang='grc' dir='ltr'>τῷ</span> 
     </span>
    </p>
   </div>
   <div class='ocr_carea' id='block_1_44' title="bbox 2084 1733 3673 1810">
    <p class='ocr_par' dir='ltr' id='par_1_44' title="bbox 2084 1733 3673 1810">
     <span class='ocr_line' id='line_1_44' title="bbox 2084 1733 3673 1810; baseline -0.004 -19"><span class='ocrx_word' id='word_1_358' title='bbox 2084 1739 2432 1810; x_wconf 84' lang='grc' dir='ltr'>ὀλισθήσαντι</span> <span class='ocrx_word' id='word_1_359' title='bbox 2454 1755 2467 1768; x_wconf 77' lang='grc' dir='ltr'><strong>ο</strong></span> <span class='ocrx_word' id='word_1_360' title='bbox 2494 1739 2629 1809; x_wconf 77' lang='grc' dir='ltr'>ὅπερ</span> <span class='ocrx_word' id='word_1_361' title='bbox 2663 1733 2709 1788; x_wconf 81' lang='grc' dir='ltr'>εἶ</span> <span class='ocrx_word' id='word_1_362' title='bbox 2736 1739 2802 1806; x_wconf 81' lang='grc' dir='ltr'>τῇ</span> <span class='ocrx_word' id='word_1_363' title='bbox 2838 1735 3018 1804; x_wconf 84' lang='grc' dir='ltr'>φύσει,</span> <span class='ocrx_word' id='word_1_364' title='bbox 3050 1736 3144 1788; x_wconf 78' lang='grc' dir='ltr'><strong>καὶ</strong></span> <span class='ocrx_word' id='word_1_365' title='bbox 3173 1736 3306 1804; x_wconf 81' lang='grc' dir='ltr'>ἡμῖν</span> <span class='ocrx_word' id='word_1_366' title='bbox 3335 1735 3494 1786; x_wconf 78' lang='grc' dir='ltr'>τοῦτο</span> <span class='ocrx_word' id='word_1_367' title='bbox 3523 1735 3673 1801; x_wconf 77' lang='grc' dir='ltr'>γινό-</span> 
     </span>
    </p>
   </div>
   <div class='ocr_carea' id='block_1_45' title="bbox 2090 1825 3677 1904">
    <p class='ocr_par' dir='ltr' id='par_1_45' title="bbox 2090 1825 3677 1904">
     <span class='ocr_line' id='line_1_45' title="bbox 2090 1825 3677 1904; baseline -0.006 -19"><span class='ocrx_word' id='word_1_368' title='bbox 2090 1850 2276 1904; x_wconf 83' lang='grc' dir='ltr'>μενος,</span> <span class='ocrx_word' id='word_1_369' title='bbox 2308 1832 2402 1884; x_wconf 71' lang='grc' dir='ltr'><strong>καὶ</strong></span> <span class='ocrx_word' id='word_1_370' title='bbox 2435 1849 2452 1881; x_wconf 74' lang='grc' dir='ltr'><strong>ι</strong></span> <span class='ocrx_word' id='word_1_371' title='bbox 2497 1829 2571 1900; x_wconf 83' lang='grc' dir='ltr'>μὴ</span> <span class='ocrx_word' id='word_1_372' title='bbox 2613 1827 2966 1898; x_wconf 77' lang='grc' dir='ltr'>ἁποστρέψῃς</span> <span class='ocrx_word' id='word_1_373' title='bbox 3005 1846 3023 1877; x_wconf 72' lang='grc' dir='ltr'><strong>ι</strong></span> <span class='ocrx_word' id='word_1_374' title='bbox 3072 1826 3232 1878; x_wconf 78' lang='grc' dir='ltr'>αὑτὸν</span> <span class='ocrx_word' id='word_1_375' title='bbox 3266 1829 3331 1878; x_wconf 80' lang='grc' dir='ltr'>ὲκ</span> <span class='ocrx_word' id='word_1_376' title='bbox 3372 1825 3467 1878; x_wconf 78' lang='grc' dir='ltr'>τοῦ</span> <span class='ocrx_word' id='word_1_377' title='bbox 3517 1825 3677 1895; x_wconf 71' lang='grc' dir='ltr'>παρὰ</span> 
     </span>
    </p>
   </div>
   <div class='ocr_carea' id='block_1_46' title="bbox 2089 1918 3672 1999">
    <p class='ocr_par' dir='ltr' id='par_1_46' title="bbox 2089 1918 3672 1999">
     <span class='ocr_line' id='line_1_46' title="bbox 2089 1918 3672 1999; baseline -0.006 -22"><span class='ocrx_word' id='word_1_378' title='bbox 2089 1926 2171 1978; x_wconf 81' lang='grc' dir='ltr'><strong>σοὶ</strong></span> <span class='ocrx_word' id='word_1_379' title='bbox 2204 1923 2408 1999; x_wconf 74' lang='grc' dir='ltr'>ὕψους,</span> <span class='ocrx_word' id='word_1_380' title='bbox 2459 1925 2540 1984; x_wconf 79' lang='grc' dir='ltr'>εἰς</span> <span class='ocrx_word' id='word_1_381' title='bbox 2586 1921 2685 1991; x_wconf 88' lang='grc' dir='ltr'>τὴν</span> <span class='ocrx_word' id='word_1_382' title='bbox 2717 1921 2827 1990; x_wconf 86' lang='lat'><strong>(77)</strong></span> <span class='ocrx_word' id='word_1_383' title='bbox 2864 1921 2963 1989; x_wconf 86' lang='grc' dir='ltr'>τῆς</span> <span class='ocrx_word' id='word_1_384' title='bbox 2998 1918 3273 1988; x_wconf 82' lang='grc' dir='ltr'>ἁμαρτίας</span> <span class='ocrx_word' id='word_1_385' title='bbox 3316 1919 3672 1970; x_wconf 76' lang='grc' dir='ltr'>ταπείνωσιν.</span> 
     </span>
    </p>
   </div>
   <div class='ocr_carea' id='block_1_47' title="bbox 2087 2007 3678 2084">
    <p class='ocr_par' dir='ltr' id='par_1_47' title="bbox 2087 2007 3678 2084">
     <span class='ocr_line' id='line_1_47' title="bbox 2087 2007 3678 2084; baseline -0.006 -16"><span class='ocrx_word' id='word_1_386' title='bbox 2087 2010 2220 2068; x_wconf 85' lang='grc' dir='ltr'>Εἶτα</span> <span class='ocrx_word' id='word_1_387' title='bbox 2264 2016 2362 2084; x_wconf 81' lang='grc' dir='ltr'>τῆς</span> <span class='ocrx_word' id='word_1_388' title='bbox 2415 2010 2739 2080; x_wconf 84' lang='grc' dir='ltr'>δεσποτικῆς</span> <span class='ocrx_word' id='word_1_389' title='bbox 2773 2011 2957 2080; x_wconf 81' lang='grc' dir='ltr'><strong>φωνῆς</strong></span> <span class='ocrx_word' id='word_1_390' title='bbox 3008 2009 3254 2071; x_wconf 87' lang='grc' dir='ltr'>διάκονος</span> <span class='ocrx_word' id='word_1_391' title='bbox 3284 2007 3525 2076; x_wconf 82' lang='grc' dir='ltr'>γίνεται,</span> <span class='ocrx_word' id='word_1_392' title='bbox 3581 2009 3678 2059; x_wconf 76' lang='grc' dir='ltr'><strong>καὶ</strong></span> 
     </span>
    </p>
   </div>
   <div class='ocr_carea' id='block_1_48' title="bbox 2088 2097 3679 2177">
    <p class='ocr_par' dir='ltr' id='par_1_48' title="bbox 2088 2097 3679 2177">
     <span class='ocr_line' id='line_1_48' title="bbox 2088 2097 3679 2177; baseline -0.006 -18"><span class='ocrx_word' id='word_1_393' title='bbox 2088 2106 2350 2177; x_wconf 83' lang='grc' dir='ltr'>προφέρει</span> <span class='ocrx_word' id='word_1_394' title='bbox 2397 2104 2493 2173; x_wconf 87' lang='grc' dir='ltr'>τὴν</span> <span class='ocrx_word' id='word_1_395' title='bbox 2525 2102 2902 2172; x_wconf 83' lang='grc' dir='ltr'>φιλάνθρωπον</span> <span class='ocrx_word' id='word_1_396' title='bbox 2938 2100 3094 2171; x_wconf 76' lang='grc' dir='ltr'>ῥῆσιν</span> <span class='ocrx_word' id='word_1_397' title='bbox 3142 2099 3352 2166; x_wconf 83' lang='grc' dir='ltr'>λέγων·</span> <span class='ocrx_word' id='word_1_398' title='bbox 3391 2115 3409 2147; x_wconf 74' lang='grc' dir='ltr'><strong>ι</strong></span> <span class='ocrx_word' id='word_1_399' title='bbox 3431 2097 3556 2149; x_wconf 77' lang='grc' dir='ltr'>Ὀτι</span> <span class='ocrx_word' id='word_1_400' title='bbox 3582 2101 3679 2151; x_wconf 76' lang='grc' dir='ltr'><strong>καὶ</strong></span> 
     </span>
    </p>
   </div>
   <div class='ocr_carea' id='block_1_49' title="bbox 2087 2191 3678 2266">
    <p class='ocr_par' dir='ltr' id='par_1_49' title="bbox 2087 2191 3678 2266">
     <span class='ocr_line' id='line_1_49' title="bbox 2087 2191 3678 2266; baseline -0.004 -16"><span class='ocrx_word' id='word_1_401' title='bbox 2087 2194 2265 2261; x_wconf 80' lang='grc' dir='ltr'>εἶπας·</span> <span class='ocrx_word' id='word_1_402' title='bbox 2332 2195 2746 2266; x_wconf 70' lang='grc' dir='ltr'>Ἐπιστρέψατε,</span> <span class='ocrx_word' id='word_1_403' title='bbox 2770 2193 2876 2245; x_wconf 73' lang='grc' dir='ltr'>υἱοὶ</span> <span class='ocrx_word' id='word_1_404' title='bbox 2900 2193 3009 2244; x_wconf 90' lang='grc' dir='ltr'><strong>τῶν</strong></span> <span class='ocrx_word' id='word_1_405' title='bbox 3032 2191 3350 2262; x_wconf 84' lang='grc' dir='ltr'>ἀνθρώπων.</span> <span class='ocrx_word' id='word_1_406' title='bbox 3366 2210 3383 2242; x_wconf 77' lang='grc' dir='ltr'><strong>ι</strong></span> <span class='ocrx_word' id='word_1_407' title='bbox 3405 2191 3469 2245; x_wconf 84' lang='grc' dir='ltr'><em>Ἦ</em></span> <span class='ocrx_word' id='word_1_408' title='bbox 3490 2191 3549 2243; x_wconf 80' lang='grc' dir='ltr'>δὲ</span> <span class='ocrx_word' id='word_1_409' title='bbox 3569 2209 3678 2244; x_wconf 79' lang='grc' dir='ltr'>τοι-</span> 
     </span>
    </p>
   </div>
   <div class='ocr_carea' id='block_1_50' title="bbox 2089 2283 3678 2360">
    <p class='ocr_par' dir='ltr' id='par_1_50' title="bbox 2089 2283 3678 2360">
     <span class='ocr_line' id='line_1_50' title="bbox 2089 2283 3678 2360; baseline -0.004 -18"><span class='ocrx_word' id='word_1_410' title='bbox 2089 2289 2224 2360; x_wconf 88' lang='grc' dir='ltr'>αύτη</span> <span class='ocrx_word' id='word_1_411' title='bbox 2255 2289 2427 2360; x_wconf 84' lang='grc' dir='ltr'>φωνὴ,</span> <span class='ocrx_word' id='word_1_412' title='bbox 2458 2288 2635 2358; x_wconf 86' lang='grc' dir='ltr'>δόγμα</span> <span class='ocrx_word' id='word_1_413' title='bbox 2664 2285 2798 2339; x_wconf 85' lang='grc' dir='ltr'>ἐστί·</span> <span class='ocrx_word' id='word_1_414' title='bbox 2833 2285 3145 2354; x_wconf 85' lang='grc' dir='ltr'>βλέπειγὰρ</span> <span class='ocrx_word' id='word_1_415' title='bbox 3161 2285 3295 2353; x_wconf 78' lang='grc' dir='ltr'>πρὸς</span> <span class='ocrx_word' id='word_1_416' title='bbox 3326 2284 3423 2352; x_wconf 85' lang='grc' dir='ltr'>τὴν</span> <span class='ocrx_word' id='word_1_417' title='bbox 3458 2283 3621 2352; x_wconf 71' lang='grc' dir='ltr'>φύσιν</span> <span class='ocrx_word' id='word_1_418' title='bbox 3646 2283 3678 2336; x_wconf 86' lang='grc' dir='ltr'><strong>ὀ</strong></span> 
     </span>
    </p>
   </div>
   <div class='ocr_carea' id='block_1_51' title="bbox 2091 2376 3674 2450">
    <p class='ocr_par' dir='ltr' id='par_1_51' title="bbox 2091 2376 3674 2450">
     <span class='ocr_line' id='line_1_51' title="bbox 2091 2376 3674 2450; baseline -0.003 -18"><span class='ocrx_word' id='word_1_419' title='bbox 2091 2382 2244 2448; x_wconf 86' lang='grc' dir='ltr'>λόγος</span> <span class='ocrx_word' id='word_1_420' title='bbox 2270 2419 2283 2440; x_wconf 83' lang='grc'>,</span> <span class='ocrx_word' id='word_1_421' title='bbox 2319 2383 2413 2433; x_wconf 79' lang='grc' dir='ltr'>καὶ</span> <span class='ocrx_word' id='word_1_422' title='bbox 2458 2379 2557 2449; x_wconf 81' lang='grc' dir='ltr'>τὴν</span> <span class='ocrx_word' id='word_1_423' title='bbox 2603 2378 2897 2450; x_wconf 83' lang='grc' dir='ltr'>θεραπείαν</span> <span class='ocrx_word' id='word_1_424' title='bbox 2939 2377 3044 2429; x_wconf 89' lang='grc' dir='ltr'><strong>τῶν</strong></span> <span class='ocrx_word' id='word_1_425' title='bbox 3097 2377 3282 2430; x_wconf 80' lang='grc' dir='ltr'>κακῶν</span> <span class='ocrx_word' id='word_1_426' title='bbox 3334 2376 3674 2430; x_wconf 82' lang='grc' dir='ltr'>ὑποτίθεται.</span> 
     </span>
    </p>
   </div>
   <div class='ocr_carea' id='block_1_52' title="bbox 2103 2467 3678 2542">
    <p class='ocr_par' dir='ltr' id='par_1_52' title="bbox 2103 2467 3678 2542">
     <span class='ocr_line' id='line_1_52' title="bbox 2103 2467 3678 2542; baseline -0.003 -17"><span class='ocrx_word' id='word_1_427' title='bbox 2103 2473 2321 2542; x_wconf 81' lang='grc' dir='ltr'>Ἐπειδὴ</span> <span class='ocrx_word' id='word_1_428' title='bbox 2349 2473 2490 2542; x_wconf 79' lang='grc' dir='ltr'>γὰρ,</span> <span class='ocrx_word' id='word_1_429' title='bbox 2521 2470 2676 2540; x_wconf 73' lang='grc' dir='ltr'>φησὶ,</span> <span class='ocrx_word' id='word_1_430' title='bbox 2705 2470 2928 2540; x_wconf 70' lang='grc' dir='ltr'>τρεπτοὶ</span> <span class='ocrx_word' id='word_1_431' title='bbox 2955 2470 3107 2531; x_wconf 83' lang='grc' dir='ltr'>ὄντες</span> <span class='ocrx_word' id='word_1_432' title='bbox 3135 2468 3230 2520; x_wconf 85' lang='grc' dir='ltr'>τοῦ</span> <span class='ocrx_word' id='word_1_433' title='bbox 3265 2467 3470 2537; x_wconf 76' lang='grc' dir='ltr'>ἀγαθοῦ</span> <span class='ocrx_word' id='word_1_434' title='bbox 3503 2469 3678 2539; x_wconf 77' lang='grc' dir='ltr'>ἀπερο</span> 
     </span>
    </p>
   </div>
   <div class='ocr_carea' id='block_1_53' title="bbox 2091 2559 3681 2632">
    <p class='ocr_par' dir='ltr' id='par_1_53' title="bbox 2091 2559 3681 2632">
     <span class='ocr_line' id='line_1_53' title="bbox 2091 2559 3681 2632; baseline -0.001 -18"><span class='ocrx_word' id='word_1_435' title='bbox 2091 2563 2277 2632; x_wconf 78' lang='grc' dir='ltr'>ρύητε,</span> <span class='ocrx_word' id='word_1_436' title='bbox 2305 2561 2582 2632; x_wconf 82' lang='grc' dir='ltr'>χρήσασθε</span> <span class='ocrx_word' id='word_1_437' title='bbox 2613 2559 2770 2614; x_wconf 84' lang='grc' dir='ltr'>πάλιν</span> <span class='ocrx_word' id='word_1_438' title='bbox 2800 2561 2935 2630; x_wconf 77' lang='grc' dir='ltr'>πρὸς</span> <span class='ocrx_word' id='word_1_439' title='bbox 2964 2562 3024 2613; x_wconf 84' lang='grc' dir='ltr'><strong>τὸ</strong></span> <span class='ocrx_word' id='word_1_440' title='bbox 3052 2561 3214 2614; x_wconf 74' lang='grc' dir='ltr'>καλὸν</span> <span class='ocrx_word' id='word_1_441' title='bbox 3241 2563 3304 2631; x_wconf 81' lang='grc' dir='ltr'>τῇ</span> <span class='ocrx_word' id='word_1_442' title='bbox 3335 2564 3548 2630; x_wconf 79' lang='grc' dir='ltr'>τροπῇ·</span> <span class='ocrx_word' id='word_1_443' title='bbox 3587 2561 3681 2613; x_wconf 71' lang='grc' dir='ltr'><strong>καὶ</strong></span> 
     </span>
    </p>
   </div>
   <div class='ocr_carea' id='block_1_54' title="bbox 2090 2651 3678 2724">
    <p class='ocr_par' dir='ltr' id='par_1_54' title="bbox 2090 2651 3678 2724">
     <span class='ocr_line' id='line_1_54' title="bbox 2090 2651 3678 2724; baseline 0 -16"><span class='ocrx_word' id='word_1_444' title='bbox 2090 2654 2212 2708; x_wconf 83' lang='grc' dir='ltr'>ὅθεν</span> <span class='ocrx_word' id='word_1_445' title='bbox 2235 2653 2645 2714; x_wconf 80' lang='grc' dir='ltr'>ὲκπεπτώκατε,</span> <span class='ocrx_word' id='word_1_446' title='bbox 2673 2653 2765 2704; x_wconf 73' lang='grc' dir='ltr'>ἐπὶ</span> <span class='ocrx_word' id='word_1_447' title='bbox 2785 2653 2846 2704; x_wconf 82' lang='grc' dir='ltr'><strong>τὸ</strong></span> <span class='ocrx_word' id='word_1_448' title='bbox 2864 2653 2994 2706; x_wconf 81' lang='grc' dir='ltr'>αὐτὸ</span> <span class='ocrx_word' id='word_1_449' title='bbox 3023 2651 3182 2706; x_wconf 83' lang='grc' dir='ltr'>πάλιν</span> <span class='ocrx_word' id='word_1_450' title='bbox 3203 2654 3678 2724; x_wconf 58' lang='grc' dir='ltr'>ὲπαναστρέῷατε.</span> 
     </span>
    </p>
   </div>
   <div class='ocr_carea' id='block_1_55' title="bbox 2103 2739 3684 2815">
    <p class='ocr_par' dir='ltr' id='par_1_55' title="bbox 2103 2739 3684 2815">
     <span class='ocr_line' id='line_1_55' title="bbox 2103 2739 3684 2815; baseline 0.001 -19"><span class='ocrx_word' id='word_1_451' title='bbox 2103 2746 2192 2808; x_wconf 84' lang='grc' dir='ltr'>Ὠς</span> <span class='ocrx_word' id='word_1_452' title='bbox 2224 2745 2282 2798; x_wconf 83' lang='grc' dir='ltr'><strong>ὲν</strong></span> <span class='ocrx_word' id='word_1_453' title='bbox 2322 2747 2386 2815; x_wconf 81' lang='grc' dir='ltr'>τῇ</span> <span class='ocrx_word' id='word_1_454' title='bbox 2421 2744 2737 2815; x_wconf 83' lang='grc' dir='ltr'>προαιρέσει</span> <span class='ocrx_word' id='word_1_455' title='bbox 2785 2744 2892 2796; x_wconf 91' lang='grc' dir='ltr'><strong>τῶν</strong></span> <span class='ocrx_word' id='word_1_456' title='bbox 2925 2743 3227 2813; x_wconf 83' lang='grc' dir='ltr'>ἀνθρώπων</span> <span class='ocrx_word' id='word_1_457' title='bbox 3281 2739 3418 2798; x_wconf 79' lang='grc' dir='ltr'>εἶναι</span> <span class='ocrx_word' id='word_1_458' title='bbox 3467 2744 3528 2797; x_wconf 79' lang='grc' dir='ltr'><strong>τὸ</strong></span> <span class='ocrx_word' id='word_1_459' title='bbox 3555 2745 3684 2798; x_wconf 83' lang='grc' dir='ltr'>ἑαυ-</span> 
     </span>
    </p>
   </div>
   <div class='ocr_carea' id='block_1_56' title="bbox 2090 2834 3684 2907">
    <p class='ocr_par' dir='ltr' id='par_1_56' title="bbox 2090 2834 3684 2907">
     <span class='ocr_line' id='line_1_56' title="bbox 2090 2834 3684 2907; baseline -0.001 -17"><span class='ocrx_word' id='word_1_460' title='bbox 2090 2841 2202 2900; x_wconf 86' lang='grc' dir='ltr'>τοῖς</span> <span class='ocrx_word' id='word_1_461' title='bbox 2233 2837 2419 2907; x_wconf 89' lang='grc' dir='ltr'>νέμειν</span> <span class='ocrx_word' id='word_1_462' title='bbox 2451 2837 2561 2906; x_wconf 86' lang='grc'><strong>(78)</strong></span> <span class='ocrx_word' id='word_1_463' title='bbox 2600 2838 2719 2889; x_wconf 84' lang='grc' dir='ltr'>κατ’</span> <span class='ocrx_word' id='word_1_464' title='bbox 2755 2834 3002 2899; x_wconf 78' lang='grc' dir='ltr'>ἐξουσίαν</span> <span class='ocrx_word' id='word_1_465' title='bbox 3042 2835 3078 2888; x_wconf 78' lang='grc' dir='ltr'>ἂ</span> <span class='ocrx_word' id='word_1_466' title='bbox 3110 2834 3388 2904; x_wconf 86' lang='grc' dir='ltr'>βούλονται</span> <span class='ocrx_word' id='word_1_467' title='bbox 3414 2876 3428 2898; x_wconf 86' lang='grc'><em>,</em></span> <span class='ocrx_word' id='word_1_468' title='bbox 3481 2837 3592 2888; x_wconf 73' lang='grc' dir='ltr'>εἴτε</span> <span class='ocrx_word' id='word_1_469' title='bbox 3623 2837 3684 2888; x_wconf 83' lang='grc' dir='ltr'>τὸ</span> 
     </span>
    </p>
   </div>
   <div class='ocr_carea' id='block_1_57' title="bbox 2092 2928 3684 3000">
    <p class='ocr_par' dir='ltr' id='par_1_57' title="bbox 2092 2928 3684 3000">
     <span class='ocr_line' id='line_1_57' title="bbox 2092 2928 3684 3000; baseline -0.001 -16"><span class='ocrx_word' id='word_1_470' title='bbox 2092 2930 2296 2999; x_wconf 82' lang='grc' dir='ltr'>ἀγαθὸν</span> <span class='ocrx_word' id='word_1_471' title='bbox 2317 2972 2331 2994; x_wconf 83' lang='grc'><em>,</em></span> <span class='ocrx_word' id='word_1_472' title='bbox 2360 2931 2470 2983; x_wconf 77' lang='grc' dir='ltr'>εἴτε</span> <span class='ocrx_word' id='word_1_473' title='bbox 2499 2930 2560 2982; x_wconf 87' lang='grc' dir='ltr'><strong>τὸ</strong></span> <span class='ocrx_word' id='word_1_474' title='bbox 2588 2930 2788 2998; x_wconf 79' lang='grc' dir='ltr'>φαῦλον</span> <span class='ocrx_word' id='word_1_475' title='bbox 2809 2947 2822 2959; x_wconf 91' lang='grc'><strong>·</strong></span> <span class='ocrx_word' id='word_1_476' title='bbox 2852 2931 2914 2982; x_wconf 88' lang='grc' dir='ltr'>τὸ</span> <span class='ocrx_word' id='word_1_477' title='bbox 2941 2929 2995 2982; x_wconf 84' lang='grc' dir='ltr'>δὲ</span> <span class='ocrx_word' id='word_1_478' title='bbox 3024 2928 3221 2999; x_wconf 73' lang='grc' dir='ltr'>ἑφεξῆς</span> <span class='ocrx_word' id='word_1_479' title='bbox 3241 2969 3256 2991; x_wconf 86' lang='grc'><em>,</em></span> <span class='ocrx_word' id='word_1_480' title='bbox 3289 2929 3477 3000; x_wconf 77' lang='grc' dir='ltr'>ἕτερον</span> <span class='ocrx_word' id='word_1_481' title='bbox 3505 2930 3684 3000; x_wconf 74' lang='grc' dir='ltr'>δόγμα</span> 
     </span>
    </p>
   </div>
   <div class='ocr_carea' id='block_1_58' title="bbox 415 3021 1990 3108">
    <p class='ocr_par' dir='ltr' id='par_1_58' title="bbox 415 3023 1990 3108">
     <span class='ocr_line' id='line_1_58' title="bbox 415 3023 1990 3108; baseline -0.012 -13"><span class='ocrx_word' id='word_1_482' title='bbox 415 3040 663 3108; x_wconf 78' lang='lat' dir='ltr'><strong>sequitur</strong></span> <span class='ocrx_word' id='word_1_483' title='bbox 703 3037 934 3090; x_wconf 85' lang='lat' dir='ltr'><strong>alterum</strong></span> <span class='ocrx_word' id='word_1_484' title='bbox 980 3031 1178 3100; x_wconf 81' lang='lat' dir='ltr'><strong>dogma</strong></span> <span class='ocrx_word' id='word_1_485' title='bbox 1214 3027 1623 3097; x_wconf 87' lang='lat' dir='ltr'><strong>complectitur.</strong></span> <span class='ocrx_word' id='word_1_486' title='bbox 1665 3044 1684 3076; x_wconf 74' lang='grc' dir='ltr'><strong>ι</strong></span> <span class='ocrx_word' id='word_1_487' title='bbox 1721 3023 1990 3090; x_wconf 83' lang='lat' dir='ltr'><strong>Quoniam</strong></span> 
     </span>
    </p>
   </div>
   <div class='ocr_carea' id='block_1_59' title="bbox 2093 3021 3683 3108">
    <p class='ocr_par' dir='ltr' id='par_1_59' title="bbox 2097 3021 3683 3094">
     <span class='ocr_line' id='line_1_59' title="bbox 2097 3021 3683 3094; baseline 0.001 -19"><span class='ocrx_word' id='word_1_488' title='bbox 2097 3023 2214 3076; x_wconf 77' lang='grc' dir='ltr'>ἐστί</span> <span class='ocrx_word' id='word_1_489' title='bbox 2241 3041 2255 3054; x_wconf 77' lang='grc' dir='ltr'><strong>ο</strong></span> <span class='ocrx_word' id='word_1_490' title='bbox 2293 3023 2428 3093; x_wconf 78' lang='grc' dir='ltr'>φησὶ</span> <span class='ocrx_word' id='word_1_491' title='bbox 2455 3023 2562 3094; x_wconf 86' lang='grc' dir='ltr'>γὰρ</span> <span class='ocrx_word' id='word_1_492' title='bbox 2583 3063 2597 3086; x_wconf 89' lang='grc'><em>,</em></span> <span class='ocrx_word' id='word_1_493' title='bbox 2642 3043 2660 3074; x_wconf 76' lang='grc' dir='ltr'><strong>ι</strong></span> <span class='ocrx_word' id='word_1_494' title='bbox 2687 3024 2806 3075; x_wconf 86' lang='grc' dir='ltr'>Ὅτι</span> <span class='ocrx_word' id='word_1_495' title='bbox 2830 3022 2976 3091; x_wconf 87' lang='grc' dir='ltr'>χίλια</span> <span class='ocrx_word' id='word_1_496' title='bbox 3008 3021 3101 3093; x_wconf 75' lang='grc' dir='ltr'>ἐτη</span> <span class='ocrx_word' id='word_1_497' title='bbox 3147 3022 3205 3073; x_wconf 85' lang='grc' dir='ltr'>ἐν</span> <span class='ocrx_word' id='word_1_498' title='bbox 3232 3021 3532 3090; x_wconf 75' lang='grc' dir='ltr'>ὀφθαλμοῖς</span> <span class='ocrx_word' id='word_1_499' title='bbox 3563 3040 3683 3085; x_wconf 84' lang='grc' dir='ltr'>σου,</span> 
     </span>
    </p>
   </div>
   <div class='ocr_carea' id='block_1_60' title="bbox 415 3117 1994 3188">
    <p class='ocr_par' dir='ltr' id='par_1_60' title="bbox 415 3117 1994 3188">
     <span class='ocr_line' id='line_1_60' title="bbox 415 3117 1994 3188; baseline -0.011 0"><span class='ocrx_word' id='word_1_500' title='bbox 415 3134 564 3188; x_wconf 90' lang='lat' dir='ltr'><strong>mille</strong></span> <span class='ocrx_word' id='word_1_501' title='bbox 606 3130 733 3184; x_wconf 91' lang='lat' dir='ltr'><strong>anni</strong></span> <span class='ocrx_word' id='word_1_502' title='bbox 781 3129 834 3182; x_wconf 89' lang='lat' dir='ltr'><strong>in</strong></span> <span class='ocrx_word' id='word_1_503' title='bbox 867 3125 1043 3181; x_wconf 86' lang='lat' dir='ltr'><strong>oculis</strong></span> <span class='ocrx_word' id='word_1_504' title='bbox 1080 3124 1221 3188; x_wconf 90' lang='lat' dir='ltr'><strong>tuis,</strong></span> <span class='ocrx_word' id='word_1_505' title='bbox 1273 3120 1532 3185; x_wconf 88' lang='lat' dir='ltr'><strong>Domine,</strong></span> <span class='ocrx_word' id='word_1_506' title='bbox 1580 3128 1841 3188; x_wconf 91' lang='lat' dir='ltr'><strong>tanquam</strong></span> <span class='ocrx_word' id='word_1_507' title='bbox 1877 3117 1994 3171; x_wconf 88' lang='lat' dir='ltr'><strong>dies</strong></span> 
     </span>
    </p>
   </div>
   <div class='ocr_carea' id='block_1_61' title="bbox 414 3209 1996 3289">
    <p class='ocr_par' dir='ltr' id='par_1_61' title="bbox 414 3209 1996 3289">
     <span class='ocr_line' id='line_1_61' title="bbox 414 3209 1996 3289; baseline -0.012 -10"><span class='ocrx_word' id='word_1_508' title='bbox 414 3226 694 3282; x_wconf 86' lang='lat' dir='ltr'><strong>hesterna,</strong></span> <span class='ocrx_word' id='word_1_509' title='bbox 731 3235 851 3289; x_wconf 71' lang='lat' dir='ltr'><strong>quae</strong></span> <span class='ocrx_word' id='word_1_510' title='bbox 888 3215 1181 3286; x_wconf 69' lang='lat' dir='ltr'><strong>praeteriit;</strong></span> <span class='ocrx_word' id='word_1_511' title='bbox 1211 3220 1266 3267; x_wconf 89' lang='lat' dir='ltr'><strong>et</strong></span> <span class='ocrx_word' id='word_1_512' title='bbox 1304 3227 1424 3281; x_wconf 65' lang='lat' dir='ltr'><strong>quae</strong></span> <span class='ocrx_word' id='word_1_513' title='bbox 1461 3226 1558 3280; x_wconf 90' lang='lat' dir='ltr'><strong>pro</strong></span> <span class='ocrx_word' id='word_1_514' title='bbox 1588 3211 1759 3263; x_wconf 87' lang='lat' dir='ltr'><strong>nihilo</strong></span> <span class='ocrx_word' id='word_1_515' title='bbox 1789 3209 1996 3263; x_wconf 83' lang='lat' dir='ltr'><strong>haben-</strong></span> 
     </span>
    </p>
   </div>
   <div class='ocr_carea' id='block_1_62' title="bbox 417 3302 1996 3382">
    <p class='ocr_par' dir='ltr' id='par_1_62' title="bbox 417 3302 1996 3382">
     <span class='ocr_line' id='line_1_62' title="bbox 417 3302 1996 3382; baseline -0.012 -12"><span class='ocrx_word' id='word_1_516' title='bbox 417 3328 527 3382; x_wconf 91' lang='lat' dir='ltr'><strong>tur,</strong></span> <span class='ocrx_word' id='word_1_517' title='bbox 559 3328 744 3368; x_wconf 88' lang='lat' dir='ltr'><strong>eorum</strong></span> <span class='ocrx_word' id='word_1_518' title='bbox 777 3311 908 3364; x_wconf 90' lang='lat' dir='ltr'><strong>anni</strong></span> <span class='ocrx_word' id='word_1_519' title='bbox 947 3316 1125 3363; x_wconf 89' lang='lat' dir='ltr'><strong>erunt.</strong></span> <span class='ocrx_word' id='word_1_520' title='bbox 1169 3325 1187 3356; x_wconf 73' lang='grc' dir='ltr'><strong>ι</strong></span> <span class='ocrx_word' id='word_1_521' title='bbox 1223 3304 1363 3370; x_wconf 90' lang='lat' dir='ltr'><strong>Quid</strong></span> <span class='ocrx_word' id='word_1_522' title='bbox 1393 3304 1559 3372; x_wconf 85' lang='lat' dir='ltr'><strong>igitur</strong></span> <span class='ocrx_word' id='word_1_523' title='bbox 1588 3302 1862 3372; x_wconf 82' lang='lat' dir='ltr'><strong>dogmatis</strong></span> <span class='ocrx_word' id='word_1_524' title='bbox 1902 3316 1996 3352; x_wconf 82' lang='lat' dir='ltr'><strong>no-</strong></span> 
     </span>
    </p>
   </div>
   <div class='ocr_carea' id='block_1_63' title="bbox 417 3392 1996 3465">
    <p class='ocr_par' dir='ltr' id='par_1_63' title="bbox 417 3392 1996 3465">
     <span class='ocr_line' id='line_1_63' title="bbox 417 3392 1996 3465; baseline -0.009 -4"><span class='ocrx_word' id='word_1_525' title='bbox 417 3408 503 3462; x_wconf 87' lang='lat' dir='ltr'><strong>bis</strong></span> <span class='ocrx_word' id='word_1_526' title='bbox 533 3406 621 3460; x_wconf 88' lang='lat' dir='ltr'><strong>hic</strong></span> <span class='ocrx_word' id='word_1_527' title='bbox 648 3399 1006 3459; x_wconf 85' lang='lat' dir='ltr'><strong>insinuatur?</strong></span> <span class='ocrx_word' id='word_1_528' title='bbox 1041 3400 1099 3452; x_wconf 89' lang='lat' dir='ltr'><strong>Ei</strong></span> <span class='ocrx_word' id='word_1_529' title='bbox 1147 3396 1418 3460; x_wconf 78' lang='lat' dir='ltr'><strong>videlicet,</strong></span> <span class='ocrx_word' id='word_1_530' title='bbox 1451 3396 1546 3465; x_wconf 92' lang='lat' dir='ltr'><strong>qui</strong></span> <span class='ocrx_word' id='word_1_531' title='bbox 1579 3403 1787 3449; x_wconf 88' lang='lat' dir='ltr'><strong>mutata</strong></span> <span class='ocrx_word' id='word_1_532' title='bbox 1830 3392 1996 3448; x_wconf 85' lang='lat' dir='ltr'><strong>veliﬁ-</strong></span> 
     </span>
    </p>
   </div>
   <div class='ocr_carea' id='block_1_64' title="bbox 417 3485 1995 3560">
    <p class='ocr_par' dir='ltr' id='par_1_64' title="bbox 417 3485 1995 3560">
     <span class='ocr_line' id='line_1_64' title="bbox 417 3485 1995 3560; baseline -0.01 -8"><span class='ocrx_word' id='word_1_533' title='bbox 417 3497 656 3560; x_wconf 89' lang='lat' dir='ltr'><strong>catione,</strong></span> <span class='ocrx_word' id='word_1_534' title='bbox 684 3494 750 3549; x_wconf 91' lang='lat' dir='ltr'><strong>ad</strong></span> <span class='ocrx_word' id='word_1_535' title='bbox 770 3500 973 3548; x_wconf 88' lang='lat' dir='ltr'><strong>rectam</strong></span> <span class='ocrx_word' id='word_1_536' title='bbox 993 3488 1211 3544; x_wconf 89' lang='lat' dir='ltr'><strong>vivendi</strong></span> <span class='ocrx_word' id='word_1_537' title='bbox 1239 3489 1506 3542; x_wconf 88' lang='lat' dir='ltr'><strong>rationem</strong></span> <span class='ocrx_word' id='word_1_538' title='bbox 1531 3485 1848 3546; x_wconf 76' lang='lat' dir='ltr'><strong>revertitur,</strong></span> <span class='ocrx_word' id='word_1_539' title='bbox 1867 3485 1995 3538; x_wconf 88' lang='lat' dir='ltr'><strong>licet</strong></span> 
     </span>
    </p>
   </div>
   <div class='ocr_carea' id='block_1_65' title="bbox 417 3579 1995 3645">
    <p class='ocr_par' dir='ltr' id='par_1_65' title="bbox 417 3579 1995 3645">
     <span class='ocr_line' id='line_1_65' title="bbox 417 3579 1995 3645; baseline -0.008 0"><span class='ocrx_word' id='word_1_540' title='bbox 417 3593 528 3645; x_wconf 88' lang='lat' dir='ltr'><strong>vita</strong></span> <span class='ocrx_word' id='word_1_541' title='bbox 557 3588 788 3645; x_wconf 89' lang='lat' dir='ltr'><strong>inlinitis</strong></span> <span class='ocrx_word' id='word_1_542' title='bbox 822 3587 1089 3642; x_wconf 90' lang='lat' dir='ltr'><strong>scelerum</strong></span> <span class='ocrx_word' id='word_1_543' title='bbox 1124 3582 1355 3636; x_wconf 87' lang='lat' dir='ltr'><strong>maculis</strong></span> <span class='ocrx_word' id='word_1_544' title='bbox 1385 3589 1567 3635; x_wconf 88' lang='lat' dir='ltr'><strong>notata</strong></span> <span class='ocrx_word' id='word_1_545' title='bbox 1610 3580 1702 3643; x_wconf 91' lang='lat' dir='ltr'><strong>sit,</strong></span> <span class='ocrx_word' id='word_1_546' title='bbox 1736 3587 1796 3632; x_wconf 91' lang='lat' dir='ltr'><strong>ut</strong></span> <span class='ocrx_word' id='word_1_547' title='bbox 1830 3579 1995 3632; x_wconf 88' lang='lat' dir='ltr'><strong>colle-</strong></span> 
     </span>
    </p>
   </div>
   <div class='ocr_carea' id='block_1_66' title="bbox 417 3672 1992 3751">
    <p class='ocr_par' dir='ltr' id='par_1_66' title="bbox 417 3672 1992 3751">
     <span class='ocr_line' id='line_1_66' title="bbox 417 3672 1992 3751; baseline -0.009 -14"><span class='ocrx_word' id='word_1_548' title='bbox 417 3683 526 3738; x_wconf 91' lang='lat' dir='ltr'><strong>ctio</strong></span> <span class='ocrx_word' id='word_1_549' title='bbox 555 3683 644 3736; x_wconf 84' lang='lat' dir='ltr'><strong>illa</strong></span> <span class='ocrx_word' id='word_1_550' title='bbox 679 3686 1025 3751; x_wconf 89' lang='lat' dir='ltr'><strong>peccatorum</strong></span> <span class='ocrx_word' id='word_1_551' title='bbox 1062 3677 1210 3730; x_wconf 90' lang='lat' dir='ltr'><strong>mille</strong></span> <span class='ocrx_word' id='word_1_552' title='bbox 1231 3690 1500 3729; x_wconf 89' lang='lat' dir='ltr'><strong>annorum</strong></span> <span class='ocrx_word' id='word_1_553' title='bbox 1527 3689 1650 3727; x_wconf 89' lang='lat' dir='ltr'><strong>esse</strong></span> <span class='ocrx_word' id='word_1_554' title='bbox 1678 3672 1992 3732; x_wconf 88' lang='lat' dir='ltr'><strong>videantur,</strong></span> 
     </span>
    </p>
   </div>
   <div class='ocr_carea' id='block_1_67' title="bbox 421 3759 1993 3842">
    <p class='ocr_par' dir='ltr' id='par_1_67' title="bbox 421 3759 1993 3842">
     <span class='ocr_line' id='line_1_67' title="bbox 421 3759 1993 3842; baseline -0.009 -16"><span class='ocrx_word' id='word_1_555' title='bbox 421 3787 520 3842; x_wconf 89' lang='lat' dir='ltr'><strong>pro</strong></span> <span class='ocrx_word' id='word_1_556' title='bbox 568 3770 738 3824; x_wconf 89' lang='lat' dir='ltr'><strong>nihilo</strong></span> <span class='ocrx_word' id='word_1_557' title='bbox 772 3777 938 3823; x_wconf 88' lang='lat' dir='ltr'><strong>totam</strong></span> <span class='ocrx_word' id='word_1_558' title='bbox 987 3765 1131 3818; x_wconf 88' lang='lat' dir='ltr'><strong>illam</strong></span> <span class='ocrx_word' id='word_1_559' title='bbox 1187 3763 1496 3834; x_wconf 89' lang='lat' dir='ltr'><strong>congeriem</strong></span> <span class='ocrx_word' id='word_1_560' title='bbox 1532 3769 1842 3830; x_wconf 88' lang='lat' dir='ltr'><strong>reputatum</strong></span> <span class='ocrx_word' id='word_1_561' title='bbox 1889 3759 1993 3823; x_wconf 91' lang='lat' dir='ltr'><strong>iri,</strong></span> 
     </span>
    </p>
   </div>
   <div class='ocr_carea' id='block_1_68' title="bbox 420 3853 2000 3929">
    <p class='ocr_par' dir='ltr' id='par_1_68' title="bbox 420 3853 2000 3929">
     <span class='ocr_line' id='line_1_68' title="bbox 420 3853 2000 3929; baseline -0.008 -12"><span class='ocrx_word' id='word_1_562' title='bbox 420 3861 715 3917; x_wconf 88' lang='lat' dir='ltr'><strong>dummodo</strong></span> <span class='ocrx_word' id='word_1_563' title='bbox 745 3860 936 3929; x_wconf 88' lang='lat' dir='ltr'><strong>pedem</strong></span> <span class='ocrx_word' id='word_1_564' title='bbox 970 3859 1207 3912; x_wconf 82' lang='lat' dir='ltr'><strong>referat:</strong></span> <span class='ocrx_word' id='word_1_565' title='bbox 1247 3871 1370 3910; x_wconf 87' lang='lat' dir='ltr'><strong>nam</strong></span> <span class='ocrx_word' id='word_1_566' title='bbox 1399 3855 1620 3909; x_wconf 86' lang='lat' dir='ltr'><strong>divinus</strong></span> <span class='ocrx_word' id='word_1_567' title='bbox 1650 3853 1844 3907; x_wconf 91' lang='lat' dir='ltr'><strong>oculus</strong></span> <span class='ocrx_word' id='word_1_568' title='bbox 1867 3867 2000 3921; x_wconf 65' lang='lat' dir='ltr'><strong>prae-</strong></span> 
     </span>
    </p>
   </div>
   <div class='ocr_carea' id='block_1_69' title="bbox 422 3945 1997 4023">
    <p class='ocr_par' dir='ltr' id='par_1_69' title="bbox 422 3945 1997 4023">
     <span class='ocr_line' id='line_1_69' title="bbox 422 3945 1997 4023; baseline -0.008 -12"><span class='ocrx_word' id='word_1_569' title='bbox 422 3956 598 4012; x_wconf 87' lang='lat' dir='ltr'><strong>sentia</strong></span> <span class='ocrx_word' id='word_1_570' title='bbox 629 3967 847 4023; x_wconf 87' lang='lat' dir='ltr'><strong>semper</strong></span> <span class='ocrx_word' id='word_1_571' title='bbox 877 3952 1138 4014; x_wconf 88' lang='lat' dir='ltr'><strong>intttetur,</strong></span> <span class='ocrx_word' id='word_1_572' title='bbox 1175 3948 1508 4019; x_wconf 69' lang='lat' dir='ltr'><strong>prmteritum</strong></span> <span class='ocrx_word' id='word_1_573' title='bbox 1542 3961 1670 4001; x_wconf 91' lang='lat' dir='ltr'><strong>vero</strong></span> <span class='ocrx_word' id='word_1_574' title='bbox 1702 3962 1809 4000; x_wconf 87' lang='lat' dir='ltr'><strong>non</strong></span> <span class='ocrx_word' id='word_1_575' title='bbox 1848 3945 1997 4000; x_wconf 66' lang='lat' dir='ltr'><strong>aesti-</strong></span> 
     </span>
    </p>
   </div>
   <div class='ocr_carea' id='block_1_70' title="bbox 421 4041 1997 4111">
    <p class='ocr_par' dir='ltr' id='par_1_70' title="bbox 421 4041 1997 4111">
     <span class='ocr_line' id='line_1_70' title="bbox 421 4041 1997 4111; baseline -0.008 -6"><span class='ocrx_word' id='word_1_576' title='bbox 421 4056 559 4111; x_wconf 87' lang='lat' dir='ltr'><strong>mat,</strong></span> <span class='ocrx_word' id='word_1_577' title='bbox 593 4046 687 4102; x_wconf 88' lang='lat' dir='ltr'><strong>sed</strong></span> <span class='ocrx_word' id='word_1_578' title='bbox 729 4047 904 4099; x_wconf 90' lang='lat' dir='ltr'><strong>instar</strong></span> <span class='ocrx_word' id='word_1_579' title='bbox 935 4043 1097 4097; x_wconf 87' lang='lat' dir='ltr'><strong>unius</strong></span> <span class='ocrx_word' id='word_1_580' title='bbox 1130 4042 1259 4104; x_wconf 85' lang='lat' dir='ltr'><strong>dici,</strong></span> <span class='ocrx_word' id='word_1_581' title='bbox 1290 4041 1373 4093; x_wconf 89' lang='lat' dir='ltr'><strong>vel</strong></span> <span class='ocrx_word' id='word_1_582' title='bbox 1403 4041 1580 4094; x_wconf 85' lang='lat' dir='ltr'><strong>noctis</strong></span> <span class='ocrx_word' id='word_1_583' title='bbox 1607 4047 1830 4102; x_wconf 66' lang='lat' dir='ltr'><strong>nostra),</strong></span> <span class='ocrx_word' id='word_1_584' title='bbox 1877 4055 1997 4108; x_wconf 62' lang='lat' dir='ltr'><strong>qure</strong></span> 
     </span>
    </p>
   </div>
   <div class='ocr_carea' id='block_1_71' title="bbox 422 4129 2000 4208">
    <p class='ocr_par' dir='ltr' id='par_1_71' title="bbox 422 4129 2000 4208">
     <span class='ocr_line' id='line_1_71' title="bbox 422 4129 2000 4208; baseline -0.006 -16"><span class='ocrx_word' id='word_1_585' title='bbox 422 4140 534 4208; x_wconf 83' lang='lat' dir='ltr'><strong>jam</strong></span> <span class='ocrx_word' id='word_1_586' title='bbox 567 4136 848 4206; x_wconf 69' lang='lat' dir='ltr'><strong>praeteriit,</strong></span> <span class='ocrx_word' id='word_1_587' title='bbox 889 4151 919 4188; x_wconf 91' lang='lat' dir='ltr'><strong>a</strong></span> <span class='ocrx_word' id='word_1_588' title='bbox 958 4134 1068 4190; x_wconf 91' lang='lat' dir='ltr'><strong>Deo</strong></span> <span class='ocrx_word' id='word_1_589' title='bbox 1105 4134 1355 4187; x_wconf 88' lang='lat' dir='ltr'><strong>habetur.</strong></span> <span class='ocrx_word' id='word_1_590' title='bbox 1399 4131 1470 4183; x_wconf 85' lang='lat' dir='ltr'><strong>At</strong></span> <span class='ocrx_word' id='word_1_591' title='bbox 1503 4130 1555 4184; x_wconf 91' lang='lat' dir='ltr'><strong>id</strong></span> <span class='ocrx_word' id='word_1_592' title='bbox 1596 4129 1743 4198; x_wconf 91' lang='lat' dir='ltr'><strong>quod</strong></span> <span class='ocrx_word' id='word_1_593' title='bbox 1771 4130 1825 4183; x_wconf 90' lang='lat' dir='ltr'><strong>in</strong></span> <span class='ocrx_word' id='word_1_594' title='bbox 1861 4146 2000 4199; x_wconf 72' lang='lat' dir='ltr'><strong>pra:-</strong></span> 
     </span>
    </p>
   </div>
   <div class='ocr_carea' id='block_1_72' title="bbox 425 4219 2000 4288">
    <p class='ocr_par' dir='ltr' id='par_1_72' title="bbox 425 4219 2000 4288">
     <span class='ocr_line' id='line_1_72' title="bbox 425 4219 2000 4288; baseline -0.006 -7"><span class='ocrx_word' id='word_1_595' title='bbox 425 4227 566 4283; x_wconf 86' lang='lat' dir='ltr'><strong>senti</strong></span> <span class='ocrx_word' id='word_1_596' title='bbox 594 4225 916 4279; x_wconf 87' lang='lat' dir='ltr'><strong>obstrictum</strong></span> <span class='ocrx_word' id='word_1_597' title='bbox 953 4231 1038 4278; x_wconf 92' lang='lat' dir='ltr'><strong>est</strong></span> <span class='ocrx_word' id='word_1_598' title='bbox 1070 4223 1308 4286; x_wconf 88' lang='lat' dir='ltr'><strong>malitia,</strong></span> <span class='ocrx_word' id='word_1_599' title='bbox 1348 4220 1563 4274; x_wconf 86' lang='lat' dir='ltr'><strong>etiamsi</strong></span> <span class='ocrx_word' id='word_1_600' title='bbox 1595 4227 1874 4288; x_wconf 84' lang='lat' dir='ltr'><strong>tanquam</strong></span> <span class='ocrx_word' id='word_1_601' title='bbox 1922 4219 2000 4272; x_wconf 87' lang='lat' dir='ltr'><strong>ni-</strong></span> 
     </span>
    </p>
   </div>
   <div class='ocr_carea' id='block_1_73' title="bbox 428 4309 1995 4384">
    <p class='ocr_par' dir='ltr' id='par_1_73' title="bbox 428 4309 1995 4384">
     <span class='ocr_line' id='line_1_73' title="bbox 428 4309 1995 4384; baseline -0.006 -13"><span class='ocrx_word' id='word_1_602' title='bbox 428 4317 596 4371; x_wconf 90' lang='lat' dir='ltr'><strong>hilum</strong></span> <span class='ocrx_word' id='word_1_603' title='bbox 632 4331 661 4369; x_wconf 89' lang='lat' dir='ltr'><strong>a</strong></span> <span class='ocrx_word' id='word_1_604' title='bbox 697 4314 1077 4384; x_wconf 86' lang='lat' dir='ltr'><strong>peccatoribus</strong></span> <span class='ocrx_word' id='word_1_605' title='bbox 1106 4320 1464 4376; x_wconf 75' lang='lat' dir='ltr'><strong>extenuetur,</strong></span> <span class='ocrx_word' id='word_1_606' title='bbox 1511 4309 1654 4365; x_wconf 89' lang='lat' dir='ltr'><strong>Deus</strong></span> <span class='ocrx_word' id='word_1_607' title='bbox 1682 4317 1865 4363; x_wconf 87' lang='lat' dir='ltr'><strong>tamen</strong></span> <span class='ocrx_word' id='word_1_608' title='bbox 1903 4325 1995 4362; x_wconf 88' lang='lat' dir='ltr'><strong>ve-</strong></span> 
     </span>
    </p>
   </div>
   <div class='ocr_carea' id='block_1_74' title="bbox 2097 3112 3687 3185">
    <p class='ocr_par' dir='ltr' id='par_1_74' title="bbox 2097 3112 3687 3185">
     <span class='ocr_line' id='line_1_74' title="bbox 2097 3112 3687 3185; baseline 0.001 -19"><span class='ocrx_word' id='word_1_609' title='bbox 2097 3113 2292 3185; x_wconf 85' lang='grc' dir='ltr'>Κύριε,</span> <span class='ocrx_word' id='word_1_610' title='bbox 2317 3115 2393 3178; x_wconf 85' lang='grc' dir='ltr'><strong>ὡς</strong></span> <span class='ocrx_word' id='word_1_611' title='bbox 2424 3115 2456 3184; x_wconf 79' lang='grc' dir='ltr'>ἡ</span> <span class='ocrx_word' id='word_1_612' title='bbox 2482 3114 2662 3185; x_wconf 79' lang='grc' dir='ltr'>ἡμέρα</span> <span class='ocrx_word' id='word_1_613' title='bbox 2689 3116 2722 3185; x_wconf 82' lang='grc' dir='ltr'><strong>ή</strong></span> <span class='ocrx_word' id='word_1_614' title='bbox 2750 3114 2905 3184; x_wconf 81' lang='grc' dir='ltr'>ἐχθὲς</span> <span class='ocrx_word' id='word_1_615' title='bbox 2925 3155 2938 3175; x_wconf 88' lang='grc'><strong>,</strong></span> <span class='ocrx_word' id='word_1_616' title='bbox 2961 3114 2995 3183; x_wconf 84' lang='grc' dir='ltr'><strong>ἥ</strong></span> <span class='ocrx_word' id='word_1_617' title='bbox 3023 3131 3106 3176; x_wconf 90' lang='grc' dir='ltr'><strong>τις</strong></span> <span class='ocrx_word' id='word_1_618' title='bbox 3130 3112 3335 3182; x_wconf 81' lang='grc' dir='ltr'>διῆλθε,</span> <span class='ocrx_word' id='word_1_619' title='bbox 3359 3115 3427 3166; x_wconf 81' lang='grc' dir='ltr'>τὰ</span> <span class='ocrx_word' id='word_1_620' title='bbox 3453 3114 3510 3166; x_wconf 84' lang='grc' dir='ltr'>δὲ</span> <span class='ocrx_word' id='word_1_621' title='bbox 3534 3115 3687 3181; x_wconf 78' lang='grc' dir='ltr'>ἐξου-</span> 
     </span>
    </p>
   </div>
   <div class='ocr_carea' id='block_1_75' title="bbox 2095 3201 3686 3276">
    <p class='ocr_par' dir='ltr' id='par_1_75' title="bbox 2095 3201 3686 3276">
     <span class='ocr_line' id='line_1_75' title="bbox 2095 3201 3686 3276; baseline 0.001 -17"><span class='ocrx_word' id='word_1_622' title='bbox 2095 3206 2380 3276; x_wconf 85' lang='grc' dir='ltr'>δενώματα</span> <span class='ocrx_word' id='word_1_623' title='bbox 2425 3205 2602 3258; x_wconf 83' lang='grc' dir='ltr'>αὐτῶν</span> <span class='ocrx_word' id='word_1_624' title='bbox 2651 3205 2745 3276; x_wconf 79' lang='grc' dir='ltr'>ἔτη</span> <span class='ocrx_word' id='word_1_625' title='bbox 2790 3205 3029 3258; x_wconf 72' lang='grc' dir='ltr'>ἔσονται.</span> <span class='ocrx_word' id='word_1_626' title='bbox 3064 3224 3082 3256; x_wconf 86' lang='grc'>›</span> <span class='ocrx_word' id='word_1_627' title='bbox 3130 3205 3196 3257; x_wconf 90' lang='grc' dir='ltr'>Τί</span> <span class='ocrx_word' id='word_1_628' title='bbox 3240 3201 3333 3258; x_wconf 78' lang='grc' dir='ltr'>οὖν</span> <span class='ocrx_word' id='word_1_629' title='bbox 3382 3207 3441 3258; x_wconf 78' lang='grc' dir='ltr'>ἐν</span> <span class='ocrx_word' id='word_1_630' title='bbox 3475 3207 3686 3270; x_wconf 81' lang='grc' dir='ltr'>τούτοις</span> 
     </span>
    </p>
   </div>
   <div class='ocr_carea' id='block_1_76' title="bbox 2095 3295 3685 3369">
    <p class='ocr_par' dir='ltr' id='par_1_76' title="bbox 2095 3295 3685 3369">
     <span class='ocr_line' id='line_1_76' title="bbox 2095 3295 3685 3369; baseline 0.001 -18"><span class='ocrx_word' id='word_1_631' title='bbox 2095 3296 2440 3368; x_wconf 86' lang='grc' dir='ltr'>δογματικῶς</span> <span class='ocrx_word' id='word_1_632' title='bbox 2474 3297 2871 3367; x_wconf 85' lang='grc' dir='ltr'>παιδευόμεθα;</span> <span class='ocrx_word' id='word_1_633' title='bbox 2902 3297 2981 3350; x_wconf 80' lang='grc' dir='ltr'>ὅτι</span> <span class='ocrx_word' id='word_1_634' title='bbox 3004 3295 3082 3367; x_wconf 82' lang='grc' dir='ltr'><strong>τῷ</strong></span> <span class='ocrx_word' id='word_1_635' title='bbox 3115 3297 3175 3361; x_wconf 82' lang='grc' dir='ltr'>ἐξ</span> <span class='ocrx_word' id='word_1_636' title='bbox 3203 3299 3542 3369; x_wconf 67' lang='grc' dir='ltr'>ἐπιστροφῆς</span> <span class='ocrx_word' id='word_1_637' title='bbox 3576 3300 3685 3352; x_wconf 80' lang='grc' dir='ltr'><strong>πά-</strong></span> 
     </span>
    </p>
   </div>
   <div class='ocr_carea' id='block_1_77' title="bbox 2097 3389 3688 3461">
    <p class='ocr_par' dir='ltr' id='par_1_77' title="bbox 2097 3389 3688 3461">
     <span class='ocr_line' id='line_1_77' title="bbox 2097 3389 3688 3461; baseline 0.001 -19"><span class='ocrx_word' id='word_1_638' title='bbox 2097 3391 2179 3442; x_wconf 90' lang='grc' dir='ltr'><strong>λιν</strong></span> <span class='ocrx_word' id='word_1_639' title='bbox 2213 3390 2349 3460; x_wconf 83' lang='grc' dir='ltr'>πρὸς</span> <span class='ocrx_word' id='word_1_640' title='bbox 2381 3390 2442 3442; x_wconf 81' lang='grc' dir='ltr'>τὸ</span> <span class='ocrx_word' id='word_1_641' title='bbox 2471 3389 2673 3457; x_wconf 80' lang='grc' dir='ltr'>ἀγαθὸν</span> <span class='ocrx_word' id='word_1_642' title='bbox 2717 3389 3080 3454; x_wconf 82' lang='grc' dir='ltr'>ἀναλύσαντι,</span> <span class='ocrx_word' id='word_1_643' title='bbox 3125 3390 3230 3442; x_wconf 81' lang='grc' dir='ltr'>κᾶν</span> <span class='ocrx_word' id='word_1_644' title='bbox 3262 3391 3478 3461; x_wconf 85' lang='grc' dir='ltr'>μυρίοις</span> <span class='ocrx_word' id='word_1_645' title='bbox 3511 3394 3539 3444; x_wconf 87' lang='grc' dir='ltr'><strong>ὀ</strong></span> <span class='ocrx_word' id='word_1_646' title='bbox 3573 3391 3688 3460; x_wconf 78' lang='grc' dir='ltr'>βίος</span> 
     </span>
    </p>
   </div>
   <div class='ocr_carea' id='block_1_78' title="bbox 2097 3482 3690 3555">
    <p class='ocr_par' dir='ltr' id='par_1_78' title="bbox 2097 3482 3690 3555">
     <span class='ocr_line' id='line_1_78' title="bbox 2097 3482 3690 3555; baseline -0.001 -18"><span class='ocrx_word' id='word_1_647' title='bbox 2097 3484 2431 3555; x_wconf 76' lang='grc' dir='ltr'>καταστιχθῇ</span> <span class='ocrx_word' id='word_1_648' title='bbox 2469 3483 2935 3554; x_wconf 87' lang='grc' dir='ltr'>πλημμελήμασιν</span> <span class='ocrx_word' id='word_1_649' title='bbox 2961 3523 2974 3544; x_wconf 86' lang='grc'><strong>,</strong></span> <span class='ocrx_word' id='word_1_650' title='bbox 3010 3482 3086 3544; x_wconf 83' lang='grc' dir='ltr'>ὡς</span> <span class='ocrx_word' id='word_1_651' title='bbox 3109 3482 3294 3552; x_wconf 87' lang='grc' dir='ltr'>χιλίων</span> <span class='ocrx_word' id='word_1_652' title='bbox 3334 3483 3476 3536; x_wconf 77' lang='grc' dir='ltr'>ἐτῶν</span> <span class='ocrx_word' id='word_1_653' title='bbox 3508 3483 3690 3537; x_wconf 79' lang='grc' dir='ltr'>δοκεῖν</span> 
     </span>
    </p>
   </div>
   <div class='ocr_carea' id='block_1_79' title="bbox 2097 3573 3691 3648">
    <p class='ocr_par' dir='ltr' id='par_1_79' title="bbox 2097 3573 3691 3648">
     <span class='ocr_line' id='line_1_79' title="bbox 2097 3573 3691 3648; baseline -0.001 -18"><span class='ocrx_word' id='word_1_654' title='bbox 2097 3573 2234 3630; x_wconf 82' lang='grc' dir='ltr'>εἶναι</span> <span class='ocrx_word' id='word_1_655' title='bbox 2271 3577 2379 3630; x_wconf 86' lang='grc' dir='ltr'><strong>τῶν</strong></span> <span class='ocrx_word' id='word_1_656' title='bbox 2412 3576 2594 3630; x_wconf 84' lang='grc' dir='ltr'>κακῶν</span> <span class='ocrx_word' id='word_1_657' title='bbox 2623 3576 2684 3628; x_wconf 84' lang='grc' dir='ltr'><strong>τὸ</strong></span> <span class='ocrx_word' id='word_1_658' title='bbox 2728 3575 3000 3646; x_wconf 84' lang='grc' dir='ltr'>ἄθροισμα</span> <span class='ocrx_word' id='word_1_659' title='bbox 3024 3615 3039 3639; x_wconf 87' lang='grc'><em>,</em></span> <span class='ocrx_word' id='word_1_660' title='bbox 3080 3576 3195 3627; x_wconf 76' lang='grc' dir='ltr'>ἀντ’</span> <span class='ocrx_word' id='word_1_661' title='bbox 3222 3575 3434 3638; x_wconf 73' lang='grc' dir='ltr'>οὐδενός</span> <span class='ocrx_word' id='word_1_662' title='bbox 3465 3577 3585 3629; x_wconf 80' lang='grc' dir='ltr'>ἐστι</span> <span class='ocrx_word' id='word_1_663' title='bbox 3611 3577 3691 3648; x_wconf 83' lang='grc' dir='ltr'>τῷ</span> 
     </span>
    </p>
   </div>
   <div class='ocr_carea' id='block_1_80' title="bbox 2097 3667 3692 3739">
    <p class='ocr_par' dir='ltr' id='par_1_80' title="bbox 2097 3667 3692 3739">
     <span class='ocr_line' id='line_1_80' title="bbox 2097 3667 3692 3739; baseline -0.001 -18"><span class='ocrx_word' id='word_1_664' title='bbox 2097 3668 2216 3739; x_wconf 83' lang='grc' dir='ltr'>Θεῷ</span> <span class='ocrx_word' id='word_1_665' title='bbox 2253 3669 2350 3721; x_wconf 78' lang='grc' dir='ltr'>ἐπὶ</span> <span class='ocrx_word' id='word_1_666' title='bbox 2389 3668 2484 3721; x_wconf 77' lang='grc' dir='ltr'>τοῦ</span> <span class='ocrx_word' id='word_1_667' title='bbox 2539 3667 2998 3738; x_wconf 48' lang='grc' dir='ltr'>ἐπιστραφέντος</span> <span class='ocrx_word' id='word_1_668' title='bbox 3030 3671 3057 3721; x_wconf 91' lang='grc' dir='ltr'>ὁ</span> <span class='ocrx_word' id='word_1_669' title='bbox 3087 3667 3194 3738; x_wconf 76' lang='grc' dir='ltr'><strong>γὰρ</strong></span> <span class='ocrx_word' id='word_1_670' title='bbox 3227 3667 3369 3730; x_wconf 79' lang='grc' dir='ltr'>θεῖος</span> <span class='ocrx_word' id='word_1_671' title='bbox 3407 3668 3692 3739; x_wconf 65' lang='grc' dir='ltr'>ὀφθαλμὸς</span> 
     </span>
    </p>
   </div>
   <div class='ocr_carea' id='block_1_81' title="bbox 2097 3759 3690 3831">
    <p class='ocr_par' dir='ltr' id='par_1_81' title="bbox 2097 3759 3690 3831">
     <span class='ocr_line' id='line_1_81' title="bbox 2097 3759 3690 3831; baseline 0 -17"><span class='ocrx_word' id='word_1_672' title='bbox 2097 3761 2157 3814; x_wconf 71' lang='grc' dir='ltr'>τὴ</span> <span class='ocrx_word' id='word_1_673' title='bbox 2184 3761 2416 3824; x_wconf 79' lang='grc' dir='ltr'>ἐνεστὼς</span> <span class='ocrx_word' id='word_1_674' title='bbox 2445 3762 2529 3815; x_wconf 73' lang='grc' dir='ltr'>ἀεὶ</span> <span class='ocrx_word' id='word_1_675' title='bbox 2573 3761 2784 3831; x_wconf 79' lang='grc' dir='ltr'><strong>βλέπει,</strong></span> <span class='ocrx_word' id='word_1_676' title='bbox 2825 3761 2886 3814; x_wconf 84' lang='grc' dir='ltr'><strong>τὸ</strong></span> <span class='ocrx_word' id='word_1_677' title='bbox 2915 3761 2971 3813; x_wconf 84' lang='grc' dir='ltr'>δὲ</span> <span class='ocrx_word' id='word_1_678' title='bbox 3003 3759 3334 3830; x_wconf 56' lang='grc' dir='ltr'>παρῳχηκθκ</span> <span class='ocrx_word' id='word_1_679' title='bbox 3376 3761 3435 3812; x_wconf 87' lang='grc' dir='ltr'><strong>ού</strong></span> <span class='ocrx_word' id='word_1_680' title='bbox 3471 3760 3690 3829; x_wconf 76' lang='grc' dir='ltr'>λογίζε-</span> 
     </span>
    </p>
   </div>
   <div class='ocr_carea' id='block_1_82' title="bbox 2098 3851 3691 3923">
    <p class='ocr_par' dir='ltr' id='par_1_82' title="bbox 2098 3851 3691 3923">
     <span class='ocr_line' id='line_1_82' title="bbox 2098 3851 3691 3923; baseline 0 -17"><span class='ocrx_word' id='word_1_681' title='bbox 2098 3871 2223 3907; x_wconf 85' lang='grc' dir='ltr'>ται·</span> <span class='ocrx_word' id='word_1_682' title='bbox 2254 3853 2370 3906; x_wconf 81' lang='grc' dir='ltr'>ἀλλ’</span> <span class='ocrx_word' id='word_1_683' title='bbox 2392 3853 2513 3905; x_wconf 74' lang='grc' dir='ltr'>ἀντ).</span> <span class='ocrx_word' id='word_1_684' title='bbox 2537 3854 2665 3923; x_wconf 83' lang='grc' dir='ltr'>μιᾶς</span> <span class='ocrx_word' id='word_1_685' title='bbox 2686 3853 2795 3921; x_wconf 80' lang='grc'><strong>(79)</strong></span> <span class='ocrx_word' id='word_1_686' title='bbox 2821 3853 3034 3922; x_wconf 85' lang='grc' dir='ltr'>ἡμέρας</span> <span class='ocrx_word' id='word_1_687' title='bbox 3063 3852 3096 3921; x_wconf 81' lang='grc' dir='ltr'>ἢ</span> <span class='ocrx_word' id='word_1_688' title='bbox 3128 3851 3324 3922; x_wconf 79' lang='grc' dir='ltr'>μέρους</span> <span class='ocrx_word' id='word_1_689' title='bbox 3348 3852 3461 3922; x_wconf 84' lang='grc'><strong>(80)</strong></span> <span class='ocrx_word' id='word_1_690' title='bbox 3493 3857 3691 3917; x_wconf 70' lang='grc' dir='ltr'>νυκτὸς</span> 
     </span>
    </p>
   </div>
   <div class='ocr_carea' id='block_1_83' title="bbox 2101 3938 3692 4016">
    <p class='ocr_par' dir='ltr' id='par_1_83' title="bbox 2101 3938 3692 4016">
     <span class='ocr_line' id='line_1_83' title="bbox 2101 3938 3692 4016; baseline 0.001 -18"><span class='ocrx_word' id='word_1_691' title='bbox 2101 3945 2250 4016; x_wconf 84' lang='grc' dir='ltr'>παρὰ</span> <span class='ocrx_word' id='word_1_692' title='bbox 2276 3944 2354 4015; x_wconf 85' lang='grc' dir='ltr'><strong>τῷ</strong></span> <span class='ocrx_word' id='word_1_693' title='bbox 2377 3944 2495 4013; x_wconf 83' lang='grc' dir='ltr'><strong>Θεῷ</strong></span> <span class='ocrx_word' id='word_1_694' title='bbox 2527 3946 2772 4015; x_wconf 87' lang='grc' dir='ltr'>κρίνεται</span> <span class='ocrx_word' id='word_1_695' title='bbox 2793 3983 2808 4005; x_wconf 84' lang='grc'>,</span> <span class='ocrx_word' id='word_1_696' title='bbox 2847 3945 2880 4014; x_wconf 86' lang='grc' dir='ltr'>ἦ</span> <span class='ocrx_word' id='word_1_697' title='bbox 2916 3962 2995 4006; x_wconf 83' lang='grc' dir='ltr'><strong>τις</strong></span> <span class='ocrx_word' id='word_1_698' title='bbox 3025 3938 3267 4014; x_wconf 78' lang='grc' dir='ltr'>παρῆλθέ</span> <span class='ocrx_word' id='word_1_699' title='bbox 3293 3962 3351 3997; x_wconf 88' lang='grc' dir='ltr'><strong>τε</strong></span> <span class='ocrx_word' id='word_1_700' title='bbox 3393 3946 3489 3998; x_wconf 71' lang='grc' dir='ltr'><strong>καὶ</strong></span> <span class='ocrx_word' id='word_1_701' title='bbox 3519 3950 3692 4016; x_wconf 79' lang='grc' dir='ltr'>παρέ-</span> 
     </span>
    </p>
   </div>
   <div class='ocr_carea' id='block_1_84' title="bbox 2097 4035 3691 4110">
    <p class='ocr_par' dir='ltr' id='par_1_84' title="bbox 2097 4035 3691 4110">
     <span class='ocr_line' id='line_1_84' title="bbox 2097 4035 3691 4110; baseline 0.001 -20"><span class='ocrx_word' id='word_1_702' title='bbox 2097 4037 2291 4108; x_wconf 86' lang='grc' dir='ltr'>δραμε.</span> <span class='ocrx_word' id='word_1_703' title='bbox 2328 4037 2400 4090; x_wconf 88' lang='grc' dir='ltr'>Τὸ</span> <span class='ocrx_word' id='word_1_704' title='bbox 2427 4038 2483 4090; x_wconf 83' lang='grc' dir='ltr'>δὲ</span> <span class='ocrx_word' id='word_1_705' title='bbox 2509 4035 2740 4099; x_wconf 74' lang='grc' dir='ltr'>ἐνεστὼς</span> <span class='ocrx_word' id='word_1_706' title='bbox 2772 4038 2828 4089; x_wconf 78' lang='grc' dir='ltr'>ἐν</span> <span class='ocrx_word' id='word_1_707' title='bbox 2853 4037 3038 4107; x_wconf 83' lang='grc' dir='ltr'>κακίᾳ,</span> <span class='ocrx_word' id='word_1_708' title='bbox 3073 4036 3178 4089; x_wconf 82' lang='grc' dir='ltr'>κᾶν</span> <span class='ocrx_word' id='word_1_709' title='bbox 3206 4037 3282 4099; x_wconf 84' lang='grc' dir='ltr'><strong>ὡς</strong></span> <span class='ocrx_word' id='word_1_710' title='bbox 3324 4037 3494 4107; x_wconf 80' lang='grc' dir='ltr'>μηδὲν</span> <span class='ocrx_word' id='word_1_711' title='bbox 3534 4038 3691 4110; x_wconf 73' lang='grc' dir='ltr'>παρὰ</span> 
     </span>
    </p>
   </div>
   <div class='ocr_carea' id='block_1_85' title="bbox 2099 4127 3691 4201">
    <p class='ocr_par' dir='ltr' id='par_1_85' title="bbox 2099 4127 3691 4201">
     <span class='ocr_line' id='line_1_85' title="bbox 2099 4127 3691 4201; baseline 0.001 -20"><span class='ocrx_word' id='word_1_712' title='bbox 2099 4130 2206 4182; x_wconf 83' lang='grc' dir='ltr'><strong>τῶν</strong></span> <span class='ocrx_word' id='word_1_713' title='bbox 2241 4129 2657 4201; x_wconf 82' lang='grc' dir='ltr'>ἁμαρτανόντων</span> <span class='ocrx_word' id='word_1_714' title='bbox 2683 4127 3080 4198; x_wconf 72' lang='grc' dir='ltr'>ἐξευτελίξηται</span> <span class='ocrx_word' id='word_1_715' title='bbox 3128 4128 3343 4199; x_wconf 73' lang='grc' dir='ltr'><strong>(81),ιτ›ς</strong></span> <span class='ocrx_word' id='word_1_716' title='bbox 3389 4130 3533 4182; x_wconf 80' lang='grc' dir='ltr'>ἐτῶν</span> <span class='ocrx_word' id='word_1_717' title='bbox 3561 4130 3691 4201; x_wconf 74' lang='grc' dir='ltr'>πλῆ-</span> 
     </span>
    </p>
   </div>
   <div class='ocr_carea' id='block_1_86' title="bbox 2101 4221 3692 4294">
    <p class='ocr_par' dir='ltr' id='par_1_86' title="bbox 2101 4221 3692 4294">
     <span class='ocr_line' id='line_1_86' title="bbox 2101 4221 3692 4294; baseline 0.001 -19"><span class='ocrx_word' id='word_1_718' title='bbox 2101 4223 2191 4286; x_wconf 86' lang='grc' dir='ltr'><strong>θος</strong></span> <span class='ocrx_word' id='word_1_719' title='bbox 2213 4223 2291 4293; x_wconf 82' lang='grc' dir='ltr'>τῷ</span> <span class='ocrx_word' id='word_1_720' title='bbox 2308 4223 2428 4294; x_wconf 83' lang='grc' dir='ltr'><strong>Θεῷ</strong></span> <span class='ocrx_word' id='word_1_721' title='bbox 2458 4222 2775 4294; x_wconf 82' lang='grc' dir='ltr'>καθορᾶται.</span> <span class='ocrx_word' id='word_1_722' title='bbox 2803 4223 2944 4293; x_wconf 73' lang='grc' dir='ltr'>Φησὶ</span> <span class='ocrx_word' id='word_1_723' title='bbox 2969 4222 3106 4293; x_wconf 82' lang='grc' dir='ltr'>γάρ·</span> <span class='ocrx_word' id='word_1_724' title='bbox 3131 4221 3244 4275; x_wconf 77' lang='grc' dir='ltr'><strong>(Τὰ</strong></span> <span class='ocrx_word' id='word_1_725' title='bbox 3273 4221 3692 4292; x_wconf 79' lang='grc' dir='ltr'>ὲξουόενώματα</span> 
     </span>
    </p>
   </div>
   <div class='ocr_carea' id='block_1_87' title="bbox 2100 4313 3692 4385">
    <p class='ocr_par' dir='ltr' id='par_1_87' title="bbox 2100 4313 3692 4385">
     <span class='ocr_line' id='line_1_87' title="bbox 2100 4313 3692 4385; baseline -0.001 -17"><span class='ocrx_word' id='word_1_726' title='bbox 2100 4315 2277 4368; x_wconf 80' lang='grc' dir='ltr'>αὐτῶν</span> <span class='ocrx_word' id='word_1_727' title='bbox 2307 4315 2402 4385; x_wconf 78' lang='grc' dir='ltr'>ἐτη</span> <span class='ocrx_word' id='word_1_728' title='bbox 2441 4316 2704 4369; x_wconf 73' lang='grc' dir='ltr'>ἔσονται.»</span> <span class='ocrx_word' id='word_1_729' title='bbox 2737 4314 2932 4378; x_wconf 88' lang='grc' dir='ltr'>Καλῶς</span> <span class='ocrx_word' id='word_1_730' title='bbox 2959 4314 3016 4367; x_wconf 79' lang='grc' dir='ltr'><strong>δὲ</strong></span> <span class='ocrx_word' id='word_1_731' title='bbox 3049 4315 3142 4366; x_wconf 77' lang='grc' dir='ltr'>καὶ</span> <span class='ocrx_word' id='word_1_732' title='bbox 3187 4313 3482 4384; x_wconf 78' lang='grc' dir='ltr'>προσφυῶς</span> <span class='ocrx_word' id='word_1_733' title='bbox 3537 4314 3692 4378; x_wconf 78' lang='grc' dir='ltr'>ἐξου-</span> 
     </span>
    </p>
   </div>
   <div class='ocr_carea' id='block_1_88' title="bbox 425 4388 1990 4478">
    <p class='ocr_par' dir='ltr' id='par_1_88' title="bbox 425 4399 1990 4477">
     <span class='ocr_line' id='line_1_88' title="bbox 425 4399 1990 4477; baseline -0.007 -15"><span class='ocrx_word' id='word_1_734' title='bbox 425 4411 504 4462; x_wconf 90' lang='lat' dir='ltr'><strong>lut</strong></span> <span class='ocrx_word' id='word_1_735' title='bbox 562 4405 934 4477; x_wconf 83' lang='lat' dir='ltr'><strong>longissimam</strong></span> <span class='ocrx_word' id='word_1_736' title='bbox 970 4405 1260 4474; x_wconf 89' lang='lat' dir='ltr'><strong>quamdam</strong></span> <span class='ocrx_word' id='word_1_737' title='bbox 1288 4416 1557 4456; x_wconf 90' lang='lat' dir='ltr'><strong>annorum</strong></span> <span class='ocrx_word' id='word_1_738' title='bbox 1593 4399 1990 4454; x_wconf 81' lang='lat' dir='ltr'><strong>multitudinem</strong></span> 
     </span>
    </p>
   </div>
   <div class='ocr_carea' id='block_1_89' title="bbox 2093 4388 3693 4478">
    <p class='ocr_par' dir='ltr' id='par_1_89' title="bbox 2102 4406 3693 4478">
     <span class='ocr_line' id='line_1_89' title="bbox 2102 4406 3693 4478; baseline -0.001 -18"><span class='ocrx_word' id='word_1_739' title='bbox 2102 4407 2386 4478; x_wconf 84' lang='grc' dir='ltr'>δενὼματα</span> <span class='ocrx_word' id='word_1_740' title='bbox 2426 4406 2678 4478; x_wconf 78' lang='grc' dir='ltr'>ὀνομάζει</span> <span class='ocrx_word' id='word_1_741' title='bbox 2719 4406 2788 4460; x_wconf 82' lang='grc' dir='ltr'><strong>τὰ</strong></span> <span class='ocrx_word' id='word_1_742' title='bbox 2822 4407 3271 4478; x_wconf 83' lang='grc' dir='ltr'>πλημμελήματα</span> <span class='ocrx_word' id='word_1_743' title='bbox 3295 4423 3309 4436; x_wconf 88' lang='grc'><strong>·</strong></span> <span class='ocrx_word' id='word_1_744' title='bbox 3341 4407 3425 4459; x_wconf 78' lang='grc' dir='ltr'><strong>δτι</strong></span> <span class='ocrx_word' id='word_1_745' title='bbox 3472 4407 3693 4476; x_wconf 70' lang='grc' dir='ltr'>πέφυκέ</span> 
     </span>
    </p>
   </div>
   <div class='ocr_carea' id='block_1_90' title="bbox 425 4492 1996 4570">
    <p class='ocr_par' dir='ltr' id='par_1_90' title="bbox 425 4492 1996 4570">
     <span class='ocr_line' id='line_1_90' title="bbox 425 4492 1996 4570; baseline -0.006 -18"><span class='ocrx_word' id='word_1_746' title='bbox 425 4498 662 4570; x_wconf 86' lang='lat' dir='ltr'><strong>aspicit:</strong></span> <span class='ocrx_word' id='word_1_747' title='bbox 705 4497 838 4550; x_wconf 85' lang='lat' dir='ltr'><strong>dicit</strong></span> <span class='ocrx_word' id='word_1_748' title='bbox 887 4495 1080 4550; x_wconf 89' lang='lat' dir='ltr'><strong>enim:</strong></span> <span class='ocrx_word' id='word_1_749' title='bbox 1121 4513 1138 4544; x_wconf 79' lang='grc' dir='ltr'><strong>ι</strong></span> <span class='ocrx_word' id='word_1_750' title='bbox 1176 4496 1309 4561; x_wconf 60' lang='lat' dir='ltr'><strong>Quae</strong></span> <span class='ocrx_word' id='word_1_751' title='bbox 1340 4509 1436 4563; x_wconf 82' lang='lat' dir='ltr'><strong>pro</strong></span> <span class='ocrx_word' id='word_1_752' title='bbox 1482 4493 1652 4546; x_wconf 89' lang='lat' dir='ltr'><strong>nihilo</strong></span> <span class='ocrx_word' id='word_1_753' title='bbox 1699 4492 1996 4552; x_wconf 86' lang='lat' dir='ltr'><strong>habentur,</strong></span> 
     </span>
    </p>
   </div>
   <div class='ocr_carea' id='block_1_91' title="bbox 424 4584 2080 4654">
    <p class='ocr_par' dir='ltr' id='par_1_91' title="bbox 424 4584 2080 4654">
     <span class='ocr_line' id='line_1_91' title="bbox 424 4584 2080 4654; baseline -0.006 -9"><span class='ocrx_word' id='word_1_754' title='bbox 424 4606 617 4646; x_wconf 88' lang='lat' dir='ltr'><strong>eorum</strong></span> <span class='ocrx_word' id='word_1_755' title='bbox 649 4588 779 4643; x_wconf 90' lang='lat' dir='ltr'><strong>anni</strong></span> <span class='ocrx_word' id='word_1_756' title='bbox 819 4594 1000 4642; x_wconf 89' lang='lat' dir='ltr'><strong>erunt.</strong></span> <span class='ocrx_word' id='word_1_757' title='bbox 1037 4606 1056 4638; x_wconf 73' lang='grc' dir='ltr'><strong>ι</strong></span> <span class='ocrx_word' id='word_1_758' title='bbox 1113 4586 1347 4640; x_wconf 85' lang='lat' dir='ltr'><strong>Pulchre</strong></span> <span class='ocrx_word' id='word_1_759' title='bbox 1400 4593 1669 4639; x_wconf 87' lang='lat' dir='ltr'><strong>autemet</strong></span> <span class='ocrx_word' id='word_1_760' title='bbox 1713 4584 2001 4654; x_wconf 82' lang='lat' dir='ltr'><strong>ingeniose</strong></span> <span class='ocrx_word' id='word_1_761' title='bbox 2065 4599 2080 4616; x_wconf 83' lang='lat'><strong>-</strong></span> 
     </span>
    </p>
   </div>
   <div class='ocr_carea' id='block_1_92' title="bbox 428 4675 2005 4753">
    <p class='ocr_par' dir='ltr' id='par_1_92' title="bbox 428 4675 2005 4753">
     <span class='ocr_line' id='line_1_92' title="bbox 428 4675 2005 4753; baseline -0.005 -19"><span class='ocrx_word' id='word_1_762' title='bbox 428 4682 659 4753; x_wconf 80' lang='lat' dir='ltr'><strong>appellat</strong></span> <span class='ocrx_word' id='word_1_763' title='bbox 685 4680 939 4749; x_wconf 68' lang='lat' dir='ltr'><strong>peccata”,</strong></span> <span class='ocrx_word' id='word_1_764' title='bbox 981 4697 998 4729; x_wconf 79' lang='grc' dir='ltr'><strong>ι</strong></span> <span class='ocrx_word' id='word_1_765' title='bbox 1030 4679 1197 4744; x_wconf 88' lang='lat' dir='ltr'><strong>nihil;</strong></span> <span class='ocrx_word' id='word_1_766' title='bbox 1230 4697 1247 4728; x_wconf 79' lang='grc' dir='ltr'><strong>ι</strong></span> <span class='ocrx_word' id='word_1_767' title='bbox 1297 4693 1421 4730; x_wconf 77' lang='lat' dir='ltr'><strong>nam</strong></span> <span class='ocrx_word' id='word_1_768' title='bbox 1443 4676 1535 4746; x_wconf 87' lang='lat' dir='ltr'><strong>qui</strong></span> <span class='ocrx_word' id='word_1_769' title='bbox 1578 4683 1805 4746; x_wconf 89' lang='lat' dir='ltr'><strong>peccat,</strong></span> <span class='ocrx_word' id='word_1_770' title='bbox 1865 4675 2005 4728; x_wconf 81' lang='lat' dir='ltr'><strong>solet</strong></span> 
     </span>
    </p>
   </div>
   <div class='ocr_carea' id='block_1_93' title="bbox 426 4770 2004 4843">
    <p class='ocr_par' dir='ltr' id='par_1_93' title="bbox 426 4770 2004 4843">
     <span class='ocr_line' id='line_1_93' title="bbox 426 4770 2004 4843; baseline -0.006 -15"><span class='ocrx_word' id='word_1_771' title='bbox 426 4771 830 4843; x_wconf 81' lang='lat' dir='ltr'><strong>quodammodo</strong></span> <span class='ocrx_word' id='word_1_772' title='bbox 883 4785 981 4840; x_wconf 92' lang='lat' dir='ltr'><strong>pro</strong></span> <span class='ocrx_word' id='word_1_773' title='bbox 1050 4770 1222 4824; x_wconf 89' lang='lat' dir='ltr'><strong>nihilo</strong></span> <span class='ocrx_word' id='word_1_774' title='bbox 1273 4778 1557 4839; x_wconf 88' lang='lat' dir='ltr'><strong>peccatum</strong></span> <span class='ocrx_word' id='word_1_775' title='bbox 1622 4771 1822 4822; x_wconf 91' lang='lat' dir='ltr'><strong>ducere</strong></span> <span class='ocrx_word' id='word_1_776' title='bbox 1880 4787 1892 4820; x_wconf 88' lang='lat'><strong>:</strong></span> <span class='ocrx_word' id='word_1_777' title='bbox 1951 4773 2004 4820; x_wconf 91' lang='lat' dir='ltr'><strong>et</strong></span> 
     </span>
    </p>
   </div>
   <div class='ocr_carea' id='block_1_94' title="bbox 428 4860 2002 4935">
    <p class='ocr_par' dir='ltr' id='par_1_94' title="bbox 428 4860 2002 4935">
     <span class='ocr_line' id='line_1_94' title="bbox 428 4860 2002 4935; baseline -0.005 -16"><span class='ocrx_word' id='word_1_778' title='bbox 428 4882 527 4935; x_wconf 85' lang='lat' dir='ltr'><strong>pro</strong></span> <span class='ocrx_word' id='word_1_779' title='bbox 567 4865 760 4934; x_wconf 91' lang='lat' dir='ltr'><strong>quovis</strong></span> <span class='ocrx_word' id='word_1_780' title='bbox 806 4863 1013 4917; x_wconf 86' lang='lat' dir='ltr'><strong>scelere</strong></span> <span class='ocrx_word' id='word_1_781' title='bbox 1057 4869 1368 4932; x_wconf 87' lang='lat' dir='ltr'><strong>perpetrato</strong></span> <span class='ocrx_word' id='word_1_782' title='bbox 1419 4861 1795 4915; x_wconf 79' lang='lat' dir='ltr'><strong>defensionem</strong></span> <span class='ocrx_word' id='word_1_783' title='bbox 1843 4860 2002 4913; x_wconf 88' lang='lat' dir='ltr'><strong>insti-</strong></span> 
     </span>
    </p>
   </div>
   <div class='ocr_carea' id='block_1_95' title="bbox 426 4954 2006 5024">
    <p class='ocr_par' dir='ltr' id='par_1_95' title="bbox 426 4954 2006 5024">
     <span class='ocr_line' id='line_1_95' title="bbox 426 4954 2006 5024; baseline -0.004 -13"><span class='ocrx_word' id='word_1_784' title='bbox 426 4969 603 5022; x_wconf 88' lang='lat' dir='ltr'><strong>tuere,</strong></span> <span class='ocrx_word' id='word_1_785' title='bbox 639 4964 698 5009; x_wconf 92' lang='lat' dir='ltr'><strong>ut</strong></span> <span class='ocrx_word' id='word_1_786' title='bbox 719 4955 899 5010; x_wconf 89' lang='lat' dir='ltr'><strong>cuivis</strong></span> <span class='ocrx_word' id='word_1_787' title='bbox 930 4956 985 5009; x_wconf 89' lang='lat' dir='ltr'><strong>in</strong></span> <span class='ocrx_word' id='word_1_788' title='bbox 1007 4970 1339 5024; x_wconf 90' lang='lat' dir='ltr'><strong>quocunque</strong></span> <span class='ocrx_word' id='word_1_789' title='bbox 1357 4955 1496 5006; x_wconf 89' lang='lat' dir='ltr'><strong>male</strong></span> <span class='ocrx_word' id='word_1_790' title='bbox 1511 4954 1810 5008; x_wconf 90' lang='lat' dir='ltr'><strong>commisso</strong></span> <span class='ocrx_word' id='word_1_791' title='bbox 1831 4969 2006 5021; x_wconf 90' lang='lat' dir='ltr'><strong>prom-</strong></span> 
     </span>
    </p>
   </div>
   <div class='ocr_carea' id='block_1_96' title="bbox 426 5041 2006 5123">
    <p class='ocr_par' dir='ltr' id='par_1_96' title="bbox 426 5041 2006 5123">
     <span class='ocr_line' id='line_1_96' title="bbox 426 5041 2006 5123; baseline -0.003 -22"><span class='ocrx_word' id='word_1_792' title='bbox 426 5063 579 5123; x_wconf 78' lang='lat' dir='ltr'><strong>ptum</strong></span> <span class='ocrx_word' id='word_1_793' title='bbox 609 5053 681 5106; x_wconf 68' lang='lat' dir='ltr'><strong>sit</strong></span> <span class='ocrx_word' id='word_1_794' title='bbox 703 5051 886 5107; x_wconf 73' lang='lat' dir='ltr'><strong>dicere</strong></span> <span class='ocrx_word' id='word_1_795' title='bbox 937 5062 951 5097; x_wconf 94' lang='lat'><strong>:</strong></span> <span class='ocrx_word' id='word_1_796' title='bbox 991 5042 1138 5098; x_wconf 82' lang='lat' dir='ltr'><strong>Nihil</strong></span> <span class='ocrx_word' id='word_1_797' title='bbox 1195 5053 1283 5098; x_wconf 88' lang='lat' dir='ltr'><strong>est</strong></span> <span class='ocrx_word' id='word_1_798' title='bbox 1339 5041 1605 5112; x_wconf 88' lang='lat' dir='ltr'><strong>cupiditas</strong></span> <span class='ocrx_word' id='word_1_799' title='bbox 1632 5080 1648 5106; x_wconf 94' lang='lat'><strong>,</strong></span> <span class='ocrx_word' id='word_1_800' title='bbox 1687 5041 1824 5096; x_wconf 87' lang='lat' dir='ltr'><strong>nihil</strong></span> <span class='ocrx_word' id='word_1_801' title='bbox 1881 5042 2006 5106; x_wconf 82' lang='lat' dir='ltr'><strong>ira,</strong></span> 
     </span>
    </p>
   </div>
   <div class='ocr_carea' id='block_1_97' title="bbox 427 5134 2006 5211">
    <p class='ocr_par' dir='ltr' id='par_1_97' title="bbox 427 5134 2006 5211">
     <span class='ocr_line' id='line_1_97' title="bbox 427 5134 2006 5211; baseline -0.006 -16"><span class='ocrx_word' id='word_1_802' title='bbox 427 5151 482 5195; x_wconf 83' lang='lat' dir='ltr'><strong>et</strong></span> <span class='ocrx_word' id='word_1_803' title='bbox 517 5143 620 5193; x_wconf 86' lang='lat' dir='ltr'><strong>alia</strong></span> <span class='ocrx_word' id='word_1_804' title='bbox 659 5140 821 5209; x_wconf 86' lang='lat' dir='ltr'><strong>hujus</strong></span> <span class='ocrx_word' id='word_1_805' title='bbox 894 5140 1111 5211; x_wconf 84' lang='lat' dir='ltr'><strong>generis</strong></span> <span class='ocrx_word' id='word_1_806' title='bbox 1166 5138 1302 5192; x_wconf 92' lang='lat' dir='ltr'><strong>nihil</strong></span> <span class='ocrx_word' id='word_1_807' title='bbox 1365 5147 1532 5201; x_wconf 88' lang='lat' dir='ltr'><strong>sunt,</strong></span> <span class='ocrx_word' id='word_1_808' title='bbox 1611 5149 1735 5187; x_wconf 89' lang='lat' dir='ltr'><strong>cttm</strong></span> <span class='ocrx_word' id='word_1_809' title='bbox 1769 5134 1877 5187; x_wconf 93' lang='lat' dir='ltr'><strong>sint</strong></span> <span class='ocrx_word' id='word_1_810' title='bbox 1913 5149 2006 5186; x_wconf 86' lang='lat' dir='ltr'><strong>na-</strong></span> 
     </span>
    </p>
   </div>
   <div class='ocr_carea' id='block_1_98' title="bbox 430 5225 1898 5302">
    <p class='ocr_par' dir='ltr' id='par_1_98' title="bbox 430 5225 1898 5302">
     <span class='ocr_line' id='line_1_98' title="bbox 430 5225 1898 5302; baseline -0.005 -16"><span class='ocrx_word' id='word_1_811' title='bbox 430 5243 564 5286; x_wconf 70' lang='lat' dir='ltr'><strong>turze</strong></span> <span class='ocrx_word' id='word_1_812' title='bbox 593 5233 839 5302; x_wconf 63' lang='lat' dir='ltr'><strong>quaadam</strong></span> <span class='ocrx_word' id='word_1_813' title='bbox 868 5232 1174 5296; x_wconf 90' lang='lat' dir='ltr'><strong>motiones;</strong></span> <span class='ocrx_word' id='word_1_814' title='bbox 1212 5236 1406 5282; x_wconf 86' lang='lat' dir='ltr'><strong>natura</strong></span> <span class='ocrx_word' id='word_1_815' title='bbox 1430 5242 1560 5282; x_wconf 89' lang='lat' dir='ltr'><strong>vero</strong></span> <span class='ocrx_word' id='word_1_816' title='bbox 1597 5241 1737 5297; x_wconf 87' lang='lat' dir='ltr'><strong>opus</strong></span> <span class='ocrx_word' id='word_1_817' title='bbox 1782 5225 1898 5280; x_wconf 80' lang='lat' dir='ltr'><strong>Dei.</strong></span> 
     </span>
    </p>
   </div>
   <div class='ocr_carea' id='block_1_99' title="bbox 505 5371 1154 5440">
    <p class='ocr_par' dir='ltr' id='par_1_99' title="bbox 505 5371 1154 5440">
     <span class='ocr_line' id='line_1_99' title="bbox 505 5371 1154 5440; baseline -0.003 -16"><span class='ocrx_word' id='word_1_818' title='bbox 505 5371 683 5426; x_wconf 75' lang='lat' dir='ltr'><strong>7Psal.</strong></span> <span class='ocrx_word' id='word_1_819' title='bbox 720 5387 942 5433; x_wconf 73' lang='lat' dir='ltr'><strong>Lxxmx,</strong></span> <span class='ocrx_word' id='word_1_820' title='bbox 980 5372 1002 5423; x_wconf 84' lang='lat' dir='ltr'><strong>l</strong></span> <span class='ocrx_word' id='word_1_821' title='bbox 1035 5387 1154 5440; x_wconf 86' lang='lat' dir='ltr'><strong>sqq.</strong></span> 
     </span>
    </p>
   </div>
   <div class='ocr_carea' id='block_1_100' title="bbox 506 5509 1103 5580">
    <p class='ocr_par' dir='ltr' id='par_1_100' title="bbox 506 5509 1103 5580">
     <span class='ocr_line' id='line_1_100' title="bbox 506 5509 1103 5580; baseline -0.005 -16"><span class='ocrx_word' id='word_1_822' title='bbox 506 5511 621 5578; x_wconf 84' lang='lat'><strong>(76)</strong></span> <span class='ocrx_word' id='word_1_823' title='bbox 648 5512 722 5563; x_wconf 83' lang='grc' dir='ltr'>Τὸ</span> <span class='ocrx_word' id='word_1_824' title='bbox 747 5509 982 5580; x_wconf 75' lang='grc' dir='ltr'>ἐνεχθέν,</span> <span class='ocrx_word' id='word_1_825' title='bbox 1018 5510 1103 5564; x_wconf 88' lang='lat' dir='ltr'><strong>ed.</strong></span> 
     </span>
    </p>
   </div>
   <div class='ocr_carea' id='block_1_101' title="bbox 507 5582 1020 5649">
    <p class='ocr_par' dir='ltr' id='par_1_101' title="bbox 507 5582 1020 5649">
     <span class='ocr_line' id='line_1_101' title="bbox 507 5582 1020 5649; baseline -0.004 -17"><span class='ocrx_word' id='word_1_826' title='bbox 507 5582 620 5649; x_wconf 78' lang='grc' dir='ltr'><strong>(τι)</strong></span> <span class='ocrx_word' id='word_1_827' title='bbox 665 5583 758 5634; x_wconf 83' lang='grc' dir='ltr'>Ἐκ</span> <span class='ocrx_word' id='word_1_828' title='bbox 786 5582 907 5633; x_wconf 74' lang='lat' dir='ltr'><strong>add.</strong></span> <span class='ocrx_word' id='word_1_829' title='bbox 935 5582 1020 5633; x_wconf 86' lang='lat' dir='ltr'><strong>ed.</strong></span> 
     </span>
    </p>
   </div>
   <div class='ocr_carea' id='block_1_102' title="bbox 508 5651 1263 5720">
    <p class='ocr_par' dir='ltr' id='par_1_102' title="bbox 508 5651 1263 5720">
     <span class='ocr_line' id='line_1_102' title="bbox 508 5651 1263 5720; baseline -0.001 -15"><span class='ocrx_word' id='word_1_830' title='bbox 508 5653 621 5718; x_wconf 86' lang='grc'><strong>(78)</strong></span> <span class='ocrx_word' id='word_1_831' title='bbox 648 5653 737 5705; x_wconf 87' lang='grc' dir='ltr'>Ἐν</span> <span class='ocrx_word' id='word_1_832' title='bbox 769 5652 949 5713; x_wconf 78' lang='grc' dir='ltr'>αὐτοῖς</span> <span class='ocrx_word' id='word_1_833' title='bbox 979 5651 1147 5720; x_wconf 85' lang='grc' dir='ltr'>μένει,</span> <span class='ocrx_word' id='word_1_834' title='bbox 1177 5652 1263 5704; x_wconf 85' lang='lat' dir='ltr'><strong>ed.</strong></span> 
     </span>
    </p>
   </div>
   <div class='ocr_carea' id='block_1_103' title="bbox 2106 4499 3695 4570">
    <p class='ocr_par' dir='ltr' id='par_1_103' title="bbox 2106 4499 3695 4570">
     <span class='ocr_line' id='line_1_103' title="bbox 2106 4499 3695 4570; baseline 0 -18"><span class='ocrx_word' id='word_1_835' title='bbox 2106 4517 2221 4563; x_wconf 84' lang='grc' dir='ltr'><strong>πως</strong></span> <span class='ocrx_word' id='word_1_836' title='bbox 2250 4503 2279 4552; x_wconf 89' lang='grc' dir='ltr'>ὁ</span> <span class='ocrx_word' id='word_1_837' title='bbox 2325 4501 2387 4553; x_wconf 84' lang='grc' dir='ltr'><strong>τὸ</strong></span> <span class='ocrx_word' id='word_1_838' title='bbox 2430 4501 2598 4553; x_wconf 83' lang='grc' dir='ltr'>κακὸν</span> <span class='ocrx_word' id='word_1_839' title='bbox 2644 4500 2882 4570; x_wconf 78' lang='grc' dir='ltr'>ἐνεργῶν</span> <span class='ocrx_word' id='word_1_840' title='bbox 2909 4501 3023 4554; x_wconf 82' lang='grc' dir='ltr'><strong>ἀντ’</strong></span> <span class='ocrx_word' id='word_1_841' title='bbox 3066 4499 3277 4563; x_wconf 80' lang='grc' dir='ltr'>οὐδενὸς</span> <span class='ocrx_word' id='word_1_842' title='bbox 3327 4499 3583 4569; x_wconf 78' lang='grc' dir='ltr'>ἡγεῖσθαι</span> <span class='ocrx_word' id='word_1_843' title='bbox 3631 4500 3695 4552; x_wconf 78' lang='grc' dir='ltr'>τὸ</span> 
     </span>
    </p>
   </div>
   <div class='ocr_carea' id='block_1_104' title="bbox 2106 4589 3696 4662">
    <p class='ocr_par' dir='ltr' id='par_1_104' title="bbox 2106 4589 3696 4662">
     <span class='ocr_line' id='line_1_104' title="bbox 2106 4589 3696 4662; baseline 0.001 -21"><span class='ocrx_word' id='word_1_844' title='bbox 2106 4591 2610 4662; x_wconf 80' lang='grc' dir='ltr'>πλημμελούμενον,</span> <span class='ocrx_word' id='word_1_845' title='bbox 2639 4592 2730 4644; x_wconf 90' lang='grc' dir='ltr'><strong>καί</strong></span> <span class='ocrx_word' id='word_1_846' title='bbox 2750 4609 2900 4654; x_wconf 89' lang='grc' dir='ltr'>τινας</span> <span class='ocrx_word' id='word_1_847' title='bbox 2929 4592 3157 4645; x_wconf 81' lang='grc' dir='ltr'>ἑκάστου</span> <span class='ocrx_word' id='word_1_848' title='bbox 3177 4590 3285 4642; x_wconf 88' lang='grc' dir='ltr'><strong>τῶν</strong></span> <span class='ocrx_word' id='word_1_849' title='bbox 3316 4589 3458 4642; x_wconf 81' lang='grc' dir='ltr'>κατὰ</span> <span class='ocrx_word' id='word_1_850' title='bbox 3489 4592 3696 4643; x_wconf 76' lang='grc' dir='ltr'>κακίαν</span> 
     </span>
    </p>
   </div>
   <div class='ocr_carea' id='block_1_105' title="bbox 2106 4681 3698 4754">
    <p class='ocr_par' dir='ltr' id='par_1_105' title="bbox 2106 4681 3698 4754">
     <span class='ocr_line' id='line_1_105' title="bbox 2106 4681 3698 4754; baseline 0 -20"><span class='ocrx_word' id='word_1_851' title='bbox 2106 4683 2404 4752; x_wconf 86' lang='grc' dir='ltr'>γινομένων</span> <span class='ocrx_word' id='word_1_852' title='bbox 2431 4683 2816 4754; x_wconf 78' lang='grc' dir='ltr'>παρευρίσκειν</span> <span class='ocrx_word' id='word_1_853' title='bbox 2859 4685 3149 4751; x_wconf 79' lang='grc' dir='ltr'>ἀπολογίας</span> <span class='ocrx_word' id='word_1_854' title='bbox 3174 4724 3187 4744; x_wconf 82' lang='grc'>,</span> <span class='ocrx_word' id='word_1_855' title='bbox 3227 4681 3366 4736; x_wconf 83' lang='grc' dir='ltr'>ὥστε</span> <span class='ocrx_word' id='word_1_856' title='bbox 3397 4683 3698 4753; x_wconf 62' lang='grc' dir='ltr'>πρόχειρθν</span> 
     </span>
    </p>
   </div>
   <div class='ocr_carea' id='block_1_106' title="bbox 2106 4769 3700 4845">
    <p class='ocr_par' dir='ltr' id='par_1_106' title="bbox 2106 4769 3700 4845">
     <span class='ocr_line' id='line_1_106' title="bbox 2106 4769 3700 4845; baseline -0.001 -18"><span class='ocrx_word' id='word_1_857' title='bbox 2106 4769 2245 4827; x_wconf 83' lang='grc' dir='ltr'>εἶναι</span> <span class='ocrx_word' id='word_1_858' title='bbox 2287 4774 2346 4826; x_wconf 81' lang='grc' dir='ltr'><strong>τὸ</strong></span> <span class='ocrx_word' id='word_1_859' title='bbox 2373 4775 2458 4843; x_wconf 77' lang='grc' dir='ltr'><strong>ἐφ’</strong></span> <span class='ocrx_word' id='word_1_860' title='bbox 2499 4775 2712 4844; x_wconf 79' lang='grc' dir='ltr'>ἑκάστῳ</span> <span class='ocrx_word' id='word_1_861' title='bbox 2741 4775 2920 4842; x_wconf 85' lang='grc' dir='ltr'>λέγειν</span> <span class='ocrx_word' id='word_1_862' title='bbox 2945 4816 2956 4835; x_wconf 86' lang='grc'><strong><em>,</em></strong></span> <span class='ocrx_word' id='word_1_863' title='bbox 2992 4774 3158 4828; x_wconf 76' lang='grc' dir='ltr'>Οὐδὲν</span> <span class='ocrx_word' id='word_1_864' title='bbox 3188 4776 3220 4845; x_wconf 75' lang='grc' dir='ltr'>ἡ</span> <span class='ocrx_word' id='word_1_865' title='bbox 3253 4773 3523 4842; x_wconf 77' lang='grc' dir='ltr'>ἐπιθυμία</span> <span class='ocrx_word' id='word_1_866' title='bbox 3543 4815 3559 4837; x_wconf 92' lang='lat'><strong>,</strong></span> <span class='ocrx_word' id='word_1_867' title='bbox 3599 4776 3700 4826; x_wconf 68' lang='grc' dir='ltr'><strong>καὶ</strong></span> 
     </span>
    </p>
   </div>
   <div class='ocr_carea' id='block_1_107' title="bbox 2106 4865 3700 4937">
    <p class='ocr_par' dir='ltr' id='par_1_107' title="bbox 2106 4865 3700 4937">
     <span class='ocr_line' id='line_1_107' title="bbox 2106 4865 3700 4937; baseline -0.001 -18"><span class='ocrx_word' id='word_1_868' title='bbox 2106 4867 2256 4919; x_wconf 77' lang='grc' dir='ltr'>οὐδὲν</span> <span class='ocrx_word' id='word_1_869' title='bbox 2309 4869 2342 4932; x_wconf 86' lang='grc' dir='ltr'>ἡ</span> <span class='ocrx_word' id='word_1_870' title='bbox 2401 4866 2573 4937; x_wconf 84' lang='grc' dir='ltr'>ὀργὴ,</span> <span class='ocrx_word' id='word_1_871' title='bbox 2629 4868 2722 4920; x_wconf 73' lang='grc' dir='ltr'><strong>καὶ</strong></span> <span class='ocrx_word' id='word_1_872' title='bbox 2779 4867 2929 4919; x_wconf 76' lang='grc' dir='ltr'>οὐδὲν</span> <span class='ocrx_word' id='word_1_873' title='bbox 2980 4867 3205 4919; x_wconf 79' lang='grc' dir='ltr'>ἕκαστον</span> <span class='ocrx_word' id='word_1_874' title='bbox 3261 4865 3372 4918; x_wconf 91' lang='grc' dir='ltr'><strong>τῶν</strong></span> <span class='ocrx_word' id='word_1_875' title='bbox 3433 4865 3700 4917; x_wconf 77' lang='grc' dir='ltr'>τοιούτων</span> 
     </span>
    </p>
   </div>
   <div class='ocr_carea' id='block_1_108' title="bbox 2108 4955 3702 5028">
    <p class='ocr_par' dir='ltr' id='par_1_108' title="bbox 2108 4955 3702 5028">
     <span class='ocr_line' id='line_1_108' title="bbox 2108 4955 3702 5028; baseline 0 -20"><span class='ocrx_word' id='word_1_876' title='bbox 2108 4956 2242 5009; x_wconf 82' lang='grc' dir='ltr'>ὲστί.</span> <span class='ocrx_word' id='word_1_877' title='bbox 2281 4955 2499 5020; x_wconf 83' lang='grc' dir='ltr'>Φύσεως</span> <span class='ocrx_word' id='word_1_878' title='bbox 2531 4956 2636 5028; x_wconf 82' lang='grc' dir='ltr'><strong>γὰρ</strong></span> <span class='ocrx_word' id='word_1_879' title='bbox 2676 4957 2847 5010; x_wconf 75' lang='grc' dir='ltr'>ταῦτα</span> <span class='ocrx_word' id='word_1_880' title='bbox 2895 4961 3201 5028; x_wconf 80' lang='grc' dir='ltr'>κινήματα·</span> <span class='ocrx_word' id='word_1_881' title='bbox 3242 4959 3276 5028; x_wconf 83' lang='grc' dir='ltr'>ἡ</span> <span class='ocrx_word' id='word_1_882' title='bbox 3311 4957 3368 5011; x_wconf 82' lang='grc' dir='ltr'>δὲ</span> <span class='ocrx_word' id='word_1_883' title='bbox 3402 4956 3567 5026; x_wconf 74' lang='grc' dir='ltr'>φύσις</span> <span class='ocrx_word' id='word_1_884' title='bbox 3607 4956 3702 5028; x_wconf 78' lang='grc' dir='ltr'><strong>ἐρ-</strong></span> 
     </span>
    </p>
   </div>
   <div class='ocr_carea' id='block_1_109' title="bbox 2107 5047 2382 5115">
    <p class='ocr_par' dir='ltr' id='par_1_109' title="bbox 2107 5047 2382 5115">
     <span class='ocr_line' id='line_1_109' title="bbox 2107 5047 2382 5115; baseline 0.007 -15"><span class='ocrx_word' id='word_1_885' title='bbox 2107 5063 2200 5115; x_wconf 87' lang='grc' dir='ltr'><strong>γον</strong></span> <span class='ocrx_word' id='word_1_886' title='bbox 2227 5047 2382 5102; x_wconf 77' lang='grc' dir='ltr'>Θεοῦ.</span> 
     </span>
    </p>
   </div>
   <div class='ocr_carea' id='block_1_110' title="bbox 2181 5507 2918 5582">
    <p class='ocr_par' dir='ltr' id='par_1_110' title="bbox 2181 5507 2918 5582">
     <span class='ocr_line' id='line_1_110' title="bbox 2181 5507 2918 5582; baseline 0.008 -22"><span class='ocrx_word' id='word_1_887' title='bbox 2181 5510 2295 5575; x_wconf 83' lang='grc'><strong>(79)</strong></span> <span class='ocrx_word' id='word_1_888' title='bbox 2339 5507 2642 5582; x_wconf 85' lang='grc' dir='ltr'>Ἡμετέρας</span> <span class='ocrx_word' id='word_1_889' title='bbox 2671 5510 2798 5565; x_wconf 81' lang='lat' dir='ltr'><strong>add.</strong></span> <span class='ocrx_word' id='word_1_890' title='bbox 2835 5513 2918 5567; x_wconf 85' lang='lat' dir='ltr'><strong>ed.</strong></span> 
     </span>
    </p>
   </div>
   <div class='ocr_carea' id='block_1_111' title="bbox 2183 5582 2791 5650">
    <p class='ocr_par' dir='ltr' id='par_1_111' title="bbox 2183 5582 2791 5650">
     <span class='ocr_line' id='line_1_111' title="bbox 2183 5582 2791 5650; baseline 0.008 -18"><span class='ocrx_word' id='word_1_891' title='bbox 2183 5582 2296 5644; x_wconf 77' lang='lat'><strong>(80)</strong></span> <span class='ocrx_word' id='word_1_892' title='bbox 2325 5582 2540 5650; x_wconf 82' lang='grc' dir='ltr'>Μέρους</span> <span class='ocrx_word' id='word_1_893' title='bbox 2563 5598 2671 5635; x_wconf 92' lang='lat' dir='ltr'><strong>om.</strong></span> <span class='ocrx_word' id='word_1_894' title='bbox 2704 5582 2791 5637; x_wconf 89' lang='lat' dir='ltr'><strong>ed.</strong></span> 
     </span>
    </p>
   </div>
   <div class='ocr_carea' id='block_1_112' title="bbox 2185 5649 2884 5721">
    <p class='ocr_par' dir='ltr' id='par_1_112' title="bbox 2185 5649 2884 5721">
     <span class='ocr_line' id='line_1_112' title="bbox 2185 5649 2884 5721; baseline 0.009 -19"><span class='ocrx_word' id='word_1_895' title='bbox 2185 5649 2295 5721; x_wconf 77' lang='grc'><strong>(81)</strong></span> <span class='ocrx_word' id='word_1_896' title='bbox 2321 5649 2761 5718; x_wconf 77' lang='grc' dir='ltr'>Ἑξευτελίζεται,</span> <span class='ocrx_word' id='word_1_897' title='bbox 2794 5655 2884 5710; x_wconf 82' lang='lat' dir='ltr'><strong>ed.</strong></span> 
     </span>
    </p>
   </div>
  </div>
