3838 6224
399 237 504 291 ιδδ

1708 237 1766 293 S.
1807 236 2138 293 GREGORII
2177 236 2472 293 NYSSEN'I

3557 245 3661 301 Hii

394 354 732 425 cogitatione
765 354 1158 425 apprehendat,
1216 353 1405 423 eﬂ'ugit
1462 363 1776 408 contactum
1833 372 1966 410 vana

2075 357 2254 424 οἷησξς
2292 358 2408 409 ἐστι
2434 397 2450 415 .
2481 356 2575 408 καὶ
2607 358 2705 425 οὐχ
2755 357 3049 420 ὑπόστασις
3070 369 3086 385 ⁶
3123 360 3296 428 οἴησις
3327 362 3360 428 ἡ
3395 361 3531 431 τιμὴ
3557 401 3574 424 ,
3604 363 3662 414 τὸ

398 445 686 507 sedulitas,
720 445 888 513 inque
933 444 1167 498 nihilum
1202 446 1416 498 recidit.
1448 444 1642 499 Omnia
1678 445 1822 499 enim
1852 446 1977 514 qui-

397 539 500 590 bus
534 537 588 591 in
616 538 718 590 hac
749 539 858 590 vita
891 538 1204 591 mortalium
1234 552 1381 590 cura:
1401 537 1754 600 distinentur,
1790 537 1974 590 inanis

395 629 646 696 quaedam
683 629 872 697 opinio
895 637 1047 692 sunt,
1083 629 1332 697 nihilque
1379 629 1728 692 subsistens;
1785 629 1976 698 opinio

396 729 481 774 est
523 721 719 783 honor,
769 720 1031 790 dignitas,
1092 723 1309 790 generis
1342 721 1638 782 claritudo,
1689 721 1974 790 superbia,

394 813 581 875 elatio,
615 813 836 876 divitiae,
869 823 922 866 et
963 813 1051 867 his
1090 814 1313 878 similia,
1366 815 1568 882 quibus
1623 814 1748 868 vita:
1806 814 1974 882 hujus

395 905 581 957 aranei
622 905 876 959 inhiant:
913 906 1118 960 idcirco
1152 907 1282 960 talia
1343 905 1436 960 Dei
1491 907 1701 961 medela
1767 917 1970 976 egent;

397 995 538 1049 hanc
586 997 730 1050 enim
791 998 988 1066 subjici
1023 999 1189 1052 credo
1239 999 1566 1052 sententiam
1625 999 1704 1052 illi
1751 999 1970 1053 verbo:

401 1105 422 1137 ι
464 1088 730 1152 Quoniam
755 1089 872 1142 dies
907 1103 1178 1142 annorum
1234 1099 1549 1142 nostrorum
1602 1090 1654 1141 in
1714 1088 1852 1157 ipsis
1886 1103 1974 1141 se-

396 1187 675 1254 ptuaginta
704 1186 830 1239 anni
862 1205 874 1239 :
909 1186 954 1241 si
984 1193 1164 1238 autem
1194 1185 1248 1238 in
1281 1184 1651 1254 potentatibus
1684 1184 1963 1253 octoginta

399 1279 548 1337 anni,
576 1289 631 1330 et
692 1278 925 1346 amplius
961 1292 1187 1339 eorum,
1245 1277 1398 1329 labor
1459 1284 1511 1329 et
1543 1274 1738 1340 dolor;
1776 1294 1794 1324 ι
1864 1290 1970 1329 non

396 1371 522 1438 quia
553 1386 716 1440 supra
747 1373 1067 1441 praedictum
1119 1371 1412 1425 terminum
1468 1369 1672 1421 viventi
1727 1369 1840 1420 vita
1901 1367 1973 1420 sit

397 1461 840 1524 laboriosa;sed
898 1463 1026 1531 quia
1082 1463 1221 1515 adeo
1283 1461 1464 1514 brevis
1527 1459 1652 1512 vita:
1683 1458 1972 1527 potissima

399 1569 526 1622 pars
555 1556 608 1606 in
642 1552 826 1606 labore
853 1560 903 1606 et
933 1552 1122 1605 dolore
1143 1551 1508 1604 consumitur.
1552 1546 1729 1602 Labor
1770 1555 1856 1601 est
1889 1546 1974 1600 in-

397 1648 566 1699 fantia
593 1664 606 1709 ;
647 1647 712 1697 lal
733 1660 819 1708 or,
851 1646 1150 1712 juventus;
1203 1653 1358 1707 aetas,
1394 1659 1515 1712 quae
1547 1644 1686 1696 inter
1709 1642 1826 1694 haec
1857 1656 1972 1694 me-

2080 449 2316 518 ἀξίωμα,
2337 450 2398 502 τὺ
2418 450 2574 516 γένος
2596 489 2610 510 ,
2633 453 2661 502 ό
2682 450 2848 518 τῦφος
2865 489 2881 512 ,
2911 452 2942 502 ό
2967 451 3129 518 ὄγκος
3152 491 3168 513 ,
3196 453 3224 502 6
3243 451 3473 514 πλοῦτος
3493 493 3509 515 ,
3534 453 3662 505 παν-

2077 559 2146 595 τα
2169 543 2235 594 τὰ
2263 541 2506 602 τοιαῦτα,
2537 537 2616 603 οἷς
2642 542 3011 611 ἐμμελετῶσιν
3042 545 3098 595 αἱ
3133 542 3227 594 τοῦ
3253 543 3367 611 βίου
3399 543 3656 614 ἀράχναι·

2076 630 2137 688 οῦ
2167 634 2326 703 χάριν
2353 634 2421 686 τὰ
2449 633 2691 695 τοιαῦτα,
2719 635 2856 686 θεοῦ
2885 635 3053 686 δεῖται
3083 634 3195 701 (94)
3224 634 3626 707 Θεραπεύοντος
3645 651 3658 664 ·

2077 727 2278 795 ταύτην
2309 727 2418 794 γὰρ
2447 726 2688 796 ἠγοῦμαι
2724 725 2818 778 τοῦ
2853 727 3017 796 ῥητοῦ
3055 727 3155 796 τὴν
3181 727 3422 781 διάνοιαν
3449 725 3549 780 τοῦ
3575 726 3662 780 λέ-

2076 833 2290 884 γοντος·
2311 834 2330 867 ι
2357 816 2478 871 Ὀτι
2505 819 2561 872 αἱ
2591 818 2794 887 ἡμέραι
2850 817 2958 869 τῶν
3008 817 3146 870 ἐτῶν
3171 817 3330 886 ἡμῶν
3371 819 3430 870 ἐν
3478 817 3661 879 αὐτοῖς

2078 909 2446 980 ἐϐδομήκοντα
2478 909 2595 977 ἐτη.
2639 909 2763 961 Ἐὰν
2790 908 2847 960 δέ
2876 911 2933 960 ἐν
2954 909 3297 971 δυναστείαις
3329 907 3662 978 ἀγδοήκοντα

2077 1001 2169 1068 ἐτη
2192 1041 2207 1058 .
2237 1001 2330 1053 καὶ
2387 1000 2448 1053 τὸ
2505 1001 2689 1052 πλεῖον
2738 999 2917 1052 αὐτῶν
2967 1000 3134 1062 κόπος
3162 1000 3257 1052 καὶ
3287 1000 3465 1062 πόνος.
3489 1020 3509 1050 ι
3547 999 3661 1069 Οὐχ

2074 1094 2156 1145 ὃτι
2191 1093 2269 1162 τῷ
2295 1093 2435 1164 ὑπὲρ
2459 1093 2518 1145 τὸ
2562 1093 2760 1162 μέτρον
2784 1093 2941 1144 τοῦτο
2981 1090 3143 1154 ζῶντι
3170 1093 3200 1143 6
3229 1091 3342 1160 βίος
3373 1091 3654 1156 ἐπίπονος,

2074 1183 2189 1234 ἀλλ’
2217 1184 2298 1235 ὅτι
2325 1185 2424 1250 τῆς
2451 1183 2596 1236 οῦτω
2635 1183 2893 1253 βραχείας
2925 1181 3072 1250 ζωῆς
3105 1183 3162 1234 ἐν
3196 1182 3353 1250 κόπῳ
3388 1181 3451 1235 τὸ
3495 1181 3659 1237 πλέον

2074 1276 2191 1327 ἐστὶ
2221 1276 2316 1328 καὶ
2339 1275 2506 1344 πόνῳ.
2525 1277 2693 1337 Πόνος
2710 1314 2726 1335 ,
2753 1277 2786 1344 ἡ
2816 1275 3079 1344 νηπιότης
3098 1291 3111 1302 ·
3146 1273 3311 1333 κόπος
3330 1315 3344 1337 ,
3375 1275 3408 1344 ἡ
3430 1273 3621 1341 νεότης
3640 1289 3656 1303 ο

2072 1367 2102 1418 6
2139 1369 2198 1419 ἐν
2220 1365 2300 1436 τῷ
2322 1367 2470 1437 μέσῳ
2492 1365 2635 1435 βίος,
2670 1366 2831 1418 πλέον
2864 1369 2976 1428 τοῖς
3008 1367 3190 1428 πόνοις
3224 1365 3655 1435 ἐνδαψιλεύεται.

2074 1460 2149 1512 Τὸ
2183 1459 2241 1512 δὲ
2282 1461 2490 1529 γῆρας,
2521 1459 2882 1530 διαφερόντως
2909 1459 3046 1529 αὐτῇ
3086 1463 3152 1530 τῇ
3203 1459 3366 1529 πολιᾷ
3392 1461 3487 1512 καὶ
3535 1463 3658 1522 ταῖς

2075 1550 2272 1618 ῥυτίσι,
2295 1549 2386 1602 τὸν
2419 1549 2759 1619 πλεονασμὸν
2784 1549 2875 1602 τοῦ
2905 1551 3076 1603 κόπου
3110 1551 3447 1621 μαρτύρεται
3470 1591 3485 1606 .
3544 1551 3658 1604 Πά-

2072 1637 2156 1692 λιν
2183 1640 2366 1711 ἐτερον
2394 1641 2600 1692 ἐπινοεῖ
2623 1641 2843 1710 τρόπον,
2921 1643 3072 1702 ὅπως
3106 1641 3172 1695 ἂν
3205 1645 3316 1705 τοῖς
3344 1640 3662 1712 ἀνθρώποις

395 1736 509 1798 dia,
542 1737 713 1804 magis
739 1736 916 1788 adhuc
959 1735 1236 1788 laboribus
1268 1732 1613 1786 conﬂictatur
1640 1750 1654 1794 ;
1713 1737 1966 1785 senectus

2074 1730 2320 1802 ἱλεωθείη
2351 1731 2410 1784 τὺ
2438 1729 2614 1784 Θεῖον.
2649 1733 2884 1803 Τοιαύτη
2924 1733 2982 1787 δὲ
3031 1733 3140 1786 τῶν
3167 1733 3474 1802 λεγομένοιν
3507 1734 3658 1786 ἐστὶν

396 1827 514 1896 ipsa
544 1827 749 1880 canitie
777 1834 833 1880 et
852 1827 1004 1896 rugis
1031 1827 1243 1894 copiam
1269 1833 1322 1876 et
1351 1823 1737 1876 abundantiam
1763 1820 1967 1874 laboris

396 1920 614 1988 egregie
664 1927 918 1973 testatur.
953 1918 1152 1972 lterum
1190 1918 1358 1969 alium
1417 1915 1689 1984 excogitat
1723 1913 1964 1978 modum,

393 2023 505 2076 quo
528 2009 844 2062 hominibus
869 2009 1116 2062 divinum
1135 2007 1346 2062 Numen
1369 2006 1645 2076 propitiet,
1660 2005 1763 2060 hoc
1782 2002 1971 2058 verbo-

394 2114 514 2151 rum
547 2115 710 2154 scnsu
749 2119 762 2152 :
795 2097 1146 2153 Pet-calorum
1180 2107 1496 2152 nostrorum
1519 2098 1692 2151 moles
1714 2111 1967 2166 magnam

393 2191 553 2245 nobis
593 2191 850 2244 conciliat
882 2205 1123 2261 poenam,
1155 2199 1209 2244 et
1244 2190 1478 2244 facultas
1507 2198 1717 2244 natura:
1764 2201 1967 2244 nostra:

391 2289 504 2334 tam
545 2283 760 2336 inﬁrma
793 2292 901 2344 est,
960 2292 1018 2336 ut
1074 2284 1298 2338 minime
1338 2297 1534 2353 capere
1592 2282 1768 2352 possit
1800 2281 1964 2343 iram,

391 2390 514 2441 quae
547 2390 646 2443 pro
676 2377 871 2429 merito
900 2387 1249 2445 peccatorum
1304 2376 1579 2440 inl'ertur;
1635 2389 1809 2443 quare
1840 2373 1967 2426 licet

392 2465 522 2517 mite
551 2472 606 2517 et
639 2465 979 2518 moderatum
1004 2468 1096 2532 sit,
1117 2465 1170 2518 id
1198 2466 1343 2535 quod
1370 2465 1623 2536 supplicii
1659 2466 1783 2519 loco
1805 2465 1964 2518 nobis

393 2555 687 2619 incutitur;
716 2557 851 2610 satis
886 2566 1066 2610 tamen
1099 2566 1184 2611 est
1220 2558 1285 2611 ad
1335 2557 1741 2625 correptionem
1793 2563 1850 2609 et
1880 2554 1966 2607 in-

2066 1823 2100 1892 ἡ
2131 1821 2370 1874 διάνοια·
2403 1823 2462 1873 ’0
2499 1823 2597 1892 μὲν
2635 1824 2744 1875 τῶν
2771 1823 3058 1894 ἁμαρτιῶν
3095 1824 3254 1893 ἡμῶν
3285 1825 3448 1891 ὄγκος
3480 1823 3656 1892 μεγά-

2065 1908 2164 1979 λην
2189 1911 2476 1978 ἐφέλκεται
2502 1913 2601 1983 τὴν
2623 1914 2890 1984 τιμωρίαν
2908 1931 2922 1944 ·
2946 1913 3196 1985 οὖτιδανὴ
3224 1914 3282 1967 δὲ
3307 1915 3406 1984 τῆς
3437 1914 3655 1981 φύσεως

2065 2006 2100 2074 ἡ
2125 2005 2423 2067 ὑπόστασις
2440 2049 2454 2070 ,
2483 2005 2560 2068 ὡς
2587 2006 2660 2075 μὴ
2683 2007 2929 2076 χωρῆσαι
2961 2005 3060 2077 τὴν
3093 2009 3213 2059 κατ’
3239 2005 3396 2069 ἀξίαν
3422 2005 3515 2058 ἐπὶ
3543 2008 3656 2068 τοῖς

2067 2095 2540 2167 πλημμεληθεῖσιν
2577 2098 2768 2167 ὀργήν.
2804 2098 2963 2151 Ἀλλὰ
3012 2099 3114 2151 κᾶν
3161 2093 3396 2169 πρᾷον
3426 2099 3489 2150 τὸ
3517 2099 3656 2149 ἐπα-

2072 2186 2304 2256 γόμενον
2367 2189 2446 2250 είς
2494 2189 2762 2258 τιμωρίαν
2815 2191 2982 2258 ἡμῖν,
3052 2189 3234 2242 ἱκανὸν
3297 2188 3453 2242 ἔσται
3518 2188 3655 2257 πρὸς

2073 2278 2322 2332 παιδείαν
2340 2283 2453 2342 τοῖς
2483 2281 2876 2350 ὑπομένουσιν·
2919 2283 2968 2333 εί
3001 2276 3094 2334 οὖν
3132 2281 3192 2334 τὺ
3220 2283 3395 2353 πρᾷον
3421 2281 3524 2350 τῆς
3559 2283 3655 2334 ἀν-

2073 2370 2325 2434 τιδόσεως
2357 2371 2495 2442 πρὸς
2529 2372 2808 2425 παίδευσίν
2836 2390 2895 2426 τε
2922 2374 3014 2425 καί
3042 2374 3309 2444 τιμωρίαν
3337 2374 3656 2443 ἐξήρκεσεν,

2072 2462 2157 2523 τίς
2184 2462 2247 2515 τδ
2273 2463 2471 2531 κράτος
2499 2464 2598 2531 τῆς
2625 2464 2794 2533 ὀργῆς
2826 2465 3216 2531 ὑποστήσεται;
3252 2466 3285 2535 ἢ
3309 2459 3392 2527 τίς
3424 2462 3658 2535 ἀριθμὸς

2073 2548 2166 2606 τοῦ
2199 2553 2372 2624 θυμοῦ
2401 2553 2492 2606 τὸν
2525 2555 2689 2624 φόϐον
2714 2556 3050 2624 ἐκμετρῆσαι
3073 2555 3388 2625 δυνήσεται;

391 2646 729 2704 stitutionem
765 2650 834 2705 iis
858 2651 952 2721 qui
999 2651 1049 2705 id
1084 2653 1351 2721 patienter
1403 2653 1659 2706 tolerant.
1725 2648 1784 2703 Si
1843 2648 2008 2718 igitur
2062 2656 2348 2701 mansueta
2408 2649 2699 2701 retributio
2757 2647 2954 2702 sutlicit
3015 2647 3082 2700 ad
3152 2650 3555 2718 correptionem
3600 2656 3656 2702 et

391 2738 694 2804 mulctam;
740 2741 864 2809 quis
924 2743 1218 2810 potentiam
1281 2742 1377 2796 irae
1436 2741 1707 2797 suﬂ’eret?
1739 2739 1823 2794 vel
1872 2739 1996 2807 quis
2035 2752 2301 2796 numerus
2355 2739 2606 2791 timorem
2651 2737 2855 2792 furoris
2898 2739 3107 2793 emetiri
3161 2739 3404 2808 poterit?

461 2829 602 2900 Ergo
638 2833 684 2886 si
712 2833 1048 2888 intoleranda
1081 2843 1166 2888 cst
1195 2837 1288 2888 irae
1317 2835 1653 2905 magnitudo,
1686 2833 1966 2888 toleranda

2146 2829 2209 2881 Ei
2233 2825 2328 2883 οὖν
2356 2830 2728 2893 ἀνυπόστατος
2761 2831 2859 2900 μὲν
2886 2832 2919 2898 ἡ
2946 2830 3104 2901 ὀργὴ,
3129 2829 3350 2900 χωρητὴ
3369 2829 3424 2883 δὲ
3446 2831 3480 2900 ή
3512 2830 3658 2883 κατά

390 2932 570 2979 autem
603 2926 744 2979 actio
771 2941 893 2979 cum
931 2927 1265 2980 humanitate
1303 2935 1358 2981 et
1391 2928 1809 2982 mansuetudine
1839 2943 1966 2982 sus-

2075 2917 2486 2988 φιλανθρωπίαν
2517 2919 2797 2990 ἐνέργεια,
2835 2938 2853 2970 ι
2905 2919 3078 2984 οὕτως
3108 2919 3373 2990 γνώρισον
3398 2921 3529 2989 ἡμῖν
3557 2920 3658 2990 τὴν

389 3027 542 3086 cepta
571 3060 586 3084 ,
633 3037 651 3068 ι
684 3019 764 3072 sic
796 3027 977 3072 notam
1011 3022 1094 3073 fac
1124 3020 1283 3072 nobis
1319 3021 1598 3073 dexteram
1636 3027 1809 3078 tuam,
1847 3037 1864 3068 ι
1910 3028 1966 3072 ιιι

2073 3003 2253 3068 δεξιάν
2304 3023 2398 3058 σου
2419 3047 2435 3068 ,
2469 3026 2486 3056 ι
2526 3007 2602 3070 ὠς
2641 3008 2886 3078 χωρῆσαι
2922 3008 3218 3078 δυνάμεθα,
3254 3011 3312 3062 ἐν
3346 3010 3526 3080 σοφία,
3555 3010 3658 3064 οὐκ

389 3109 510 3176 ejus
543 3124 772 3178 capaces
814 3110 1025 3176 simus;
1068 3111 1123 3164 in
1158 3111 1446 3179 sapientia,
1479 3125 1587 3164 non
1630 3111 1683 3164 in
1703 3108 1966 3174 vindicta,

2073 3095 2132 3148 ἐν
2175 3095 2418 3166 τιμωρίᾳ
2447 3096 2591 3166 (95),
2640 3098 2791 3167 παρὰ
2843 3097 2938 3150 σοῦ
2984 3099 3083 3167 τῆς
3136 3098 3473 3162 παιδεύσεως
3522 3101 3658 3168 ἡμῖν

389 3203 735 3270 correptione
770 3213 954 3256 nostra
980 3218 1008 3254 a
1033 3211 1085 3258 te
1113 3202 1272 3257 nobis
1306 3203 1679 3272 proveniente.
1711 3202 1966 3273 Exposita

2071 3187 2491 3257 ἐνεργουμένης.
2536 3188 2969 3260 Προεκτεθείσης
3005 3189 3186 3242 τοίνυν
3217 3192 3352 3258 ἡμῖν
3390 3190 3490 3258 τῆς
3539 3189 3658 3242 δια-

390 3292 554 3356 igitur
576 3292 720 3345 hunc
751 3294 804 3346 in
839 3296 1060 3348 modum
1085 3297 1379 3358 sententia,
1404 3312 1750 3366 consequens
1782 3296 1966 3356 fuerit,

389 3384 508 3452 ipsa
542 3385 808 3441 divinitus
852 3388 1113 3457 inspirata
1145 3390 1308 3444 verba
1367 3391 1616 3454 reddere,
1641 3405 1762 3458 quae
1795 3391 1874 3443 sic
1908 3405 1970 3444 se

389 3474 630 3528 habent:
670 3495 687 3525 ι
734 3473 1002 3540 QuOniam
1038 3477 1183 3530 venit
1243 3478 1604 3532 mansuetudo
1642 3493 1805 3546 super
1844 3491 1966 3538 nos,

387 3574 442 3618 ct
472 3567 857 3636 corripiemur.
897 3568 1034 3632 Quis
1076 3570 1225 3622 novit
1259 3576 1582 3636 potestatem
1618 3569 1712 3622 ira:
1751 3576 1878 3629 tuae,
1912 3577 1968 3620 et

387 3672 500 3726 prae
539 3659 734 3712 timore
756 3669 849 3712 tuo
896 3659 1032 3712 iram
1073 3667 1221 3712 tuam
1250 3660 1645 3714 dinumerare?
1677 3659 1965 3713 Dexteram

388 3757 537 3802 tuam
567 3750 646 3805 sic
669 3760 849 3804 notam
877 3750 982 3815 fac,
1000 3763 1053 3807 et
1073 3752 1321 3808 eruditos
1351 3751 1516 3807 corde
1544 3753 1600 3806 in
1625 3753 1918 3822 sapientia.
1940 3771 1961 3805 ι

386 3836 681 3894 Pulchrum
708 3857 837 3896 vero
861 3850 946 3897 est
975 3843 1029 3896 id
1049 3843 1195 3913 quod
1218 3843 1412 3897 ordine
1434 3843 1813 3913 subjungitur,
1838 3857 1967 3896 cum

388 3931 465 3983 ait
497 3946 597 3986 nos
646 3933 718 3986 ob
754 3941 962 3988 natura:
1015 3935 1444 3990 imbecillitatem
1475 3951 1586 3989 non
1619 3950 1815 4004 capere
1873 3934 1968 3989 ira:

389 4023 842 4093 magnitudinem,
867 4041 1028 4095 quam
1053 4035 1246 4080 contra
1271 4043 1372 4082 nos
1393 4028 1632 4081 concitat
1659 4036 1965 4096 peccatum,

386 4131 512 4172 cum
549 4124 728 4171 tamen
789 4119 1127 4187 indigeamus
1161 4121 1526 4190 correptione,
1561 4121 1658 4175 sed
1702 4122 1966 4190 corripiat

384 4219 438 4263 et
468 4209 682 4264 erudiat
711 4226 813 4265 nos
848 4212 1021 4281 magis
1055 4213 1230 4276 salus,
1275 4229 1440 4282 quam
1501 4215 1827 4269 revertendo
1872 4230 1967 4268 ac-

383 4302 678 4371 quirimus,
713 4318 877 4372 quam
908 4305 1238 4373 supplicium
1267 4306 1507 4374 peccatis
1535 4304 1823 4360 inﬂictum.
1857 4305 1965 4375 lgi-

2070 3277 2250 3341 νοίας,
2286 3279 2578 3331 ἀκόλουθον
2625 3280 2691 3332 ἂν
2742 3283 2868 3350 εἴη,
2917 3281 3012 3334 καὶ
3049 3280 3192 3333 αὐτά
3239 3282 3540 3348 ἐπαγαγεῖν
3587 3279 3657 3333 τὰ

2069 3368 2400 3425 θεόπνευστα
2465 3374 2719 3442 ῥήματα,
2779 3372 2969 3425 τοῦτον
3031 3371 3224 3442 ἔχοντα
3281 3373 3373 3424 τὸν
3429 3371 3653 3442 τρόπον’

2073 3479 2094 3514 ι
2139 3462 2260 3514 Ὅτι
2289 3460 2491 3530 ἐπῆλθε
2541 3463 2783 3532 πρᾳότης
2828 3462 2915 3532 ἐφ’
2951 3464 3130 3533 ἡμᾶς,
3157 3464 3252 3516 καὶ
3292 3462 3657 3531 παιδευθησό-

2069 3549 2234 3621 μεθα.
2274 3550 2372 3614 Τίς
2401 3550 2659 3618 γινώσκει
2705 3552 2767 3603 τὸ
2811 3552 3014 3621 κράτος
3056 3552 3157 3622 τῆς
3188 3552 3360 3624 ὀργῆς
3395 3569 3526 3617 σου,
3562 3551 3660 3604 καὶΙ

2065 3641 2176 3693 ἀπὸ
2215 3639 2310 3695 τοῦ
2346 3641 2511 3710 φόϐου
2550 3659 2641 3694 σου
2673 3643 2762 3694 τὸν
2793 3642 2962 3712 Θυμόν
2994 3659 3088 3696 σου
3137 3643 3658 3716 ἐξαριθμήσασθαι;

2065 3734 2165 3804 τὴν
2197 3733 2376 3801 δεξιάν
2427 3752 2521 3787 σου
2575 3734 2748 3798 οὕτως
2789 3735 3056 3805 γνὼρισόν
3105 3755 3194 3808 μοι
3245 3739 3340 3790 καὶ
3384 3739 3512 3801 τοῦς
3555 3755 3656 3790 πε-

2068 3828 2461 3898 παιδευμένους
2484 3829 2582 3897 τὴν
2607 3828 2831 3896 καρδίαν
2863 3830 2920 3879 ἐν
2952 3827 3112 3898 σοφία
3136 3827 3463 3898 ἐπίστρεψον
3484 3828 3652 3898 (96)·»

2067 3917 2206 3989 καλὴ
2235 3918 2290 3971 δὲ
2319 3921 2352 3989 ὴ
2382 3919 2527 3984 λέξις
2564 3922 2597 3991 ἠ
2631 3923 2770 3974 κατά
2801 3923 2862 3974 τὸ
2891 3921 3181 3975 ἀκόλουθον
3209 3921 3514 3990 ἐπαχθεῖσα
3540 3924 3660 3983 τοῖς

2065 4009 2396 4080 εἰρημένοις.
2435 4013 2598 4079 Λέγει
2621 4012 2729 4083 γὰρ
2753 4015 2834 4065 ὅτι
2865 4014 2924 4064 οὐ
2955 4013 3243 4083 χωροῦμεν
3274 4012 3339 4064 δι’
3368 4012 3661 4064 ἀσθένειαν

2066 4101 2316 4170 φύσεως,
2358 4101 2420 4154 τὸ
2462 4104 2561 4172 τῆς
2603 4103 2772 4173 ὀργῆς
2813 4103 3071 4173 μέγεθος,
3103 4103 3132 4155 ὂ
3161 4104 3302 4155 κινεῖ
3332 4102 3456 4155 καθ’
3495 4102 3658 4174 ἡμῶν

2064 4193 2101 4263 ή
2128 4193 2402 4263 ἁμαρτία,
2455 4195 2730 4265 χρῄζομεν
2763 4197 2819 4248 δὲ
2852 4195 2944 4248 τοῦ
2984 4194 3363 4265 παιδευθῆναι.
3415 4195 3655 4249 Παιδευ-

2067 4282 2214 4337 σάτω
2244 4285 2356 4350 (97)
2408 4287 2558 4356 ἡμᾶς
2599 4289 2633 4358 ἡ
2677 4286 2743 4338 δι’
2772 4287 3108 4359 ἐπιστροφῆς
3139 4289 3381 4358 σωτηρία
3416 4287 3654 4357 μᾶλλον,

403 4356 416 4371 .
667 4356 678 4366 .
731 4356 745 4372 .
917 4356 926 4357 κ
978 4356 1038 4373 ,τ
1102 4356 1113 4358 -
1267 4356 1503 4374 ru”---
1859 4356 1932 4375 -,,-

386 4403 476 4447 tur
505 4403 767 4448 converte
798 4411 920 4454 nos,
957 4394 1203 4458 Domine,
1237 4398 1385 4450 nulla
1415 4397 1681 4453 dilatione
1732 4398 1801 4452 ad
1833 4413 1962 4464 gra-

2071 4374 2209 4445 ῆπερ
2237 4375 2269 4445 ἡ
2295 4376 2388 4428 ἐπὶ
2415 4379 2525 4439 τοῖς
2553 4356 2945 4449 ἁμαρτήμασιν
2971 4381 3004 4449 η
3015 4379 3134 4449 μῶν
3151 4356 3658 4450 τιμωρίαξοὺκοῦν

383 4485 514 4537 tiam
551 4485 890 4554 interposita.
927 4485 1059 4539 Illud
1108 4502 1237 4542 vero
1284 4505 1302 4538 ι
1341 4503 1650 4557 usquequo,
1694 4507 1712 4539 ι
1752 4488 1964 4558 signiti-

382 4580 471 4626 cat
506 4575 956 4628 accelerationem
1013 4578 1241 4644 gratiae:
1279 4596 1298 4626 ι
1342 4577 1405 4629 Et
1437 4578 1800 4646 deprecabilis
1841 4586 1964 4632 esto

383 4675 550 4730 super
575 4677 763 4716 servos
791 4671 936 4727 tuos,
984 4682 1001 4712 ι
1041 4679 1149 4716 non
1183 4665 1326 4717 enim
1373 4665 1589 4726 alienis,
1626 4665 1824 4734 inquit,
1863 4664 1960 4719 sed

382 4749 619 4818 pmpriis
653 4749 828 4803 servis
870 4750 1332 4805 reconciliaberis.
1395 4751 1596 4805 Deinde
1651 4754 1807 4821 quasi
1843 4753 1957 4821 jam

381 4835 612 4900 gratiam
640 4835 889 4906 adeptus,
917 4839 1380 4908 conspicatusque
1431 4841 1562 4895 illud
1620 4841 1828 4904 lumen,
1865 4858 1960 4910 per

383 4922 528 4990 quod
555 4923 795 4977 tenebrae
827 4925 880 4978 in
931 4924 1033 4978 hac
1063 4927 1172 4978 vita
1229 4916 1603 4981 olierrantiuin
1638 4929 1956 4984 illuminan-

380 5018 494 5074 tnr,
525 5018 581 5065 et
611 5011 756 5066 unde
785 5013 1003 5069 virtutis
1032 5011 1150 5068 dies
1197 5014 1498 5070 illucescit:
1538 5036 1554 5067 ι
1599 5015 1806 5087 Repleti
1859 5034 1955 5074 su-

383 5113 524 5160 mus,
562 5117 581 5149 ι
621 5099 819 5169 inquit,
853 5119 872 5153 ι
908 5116 1068 5155 mane
1099 5102 1474 5158 misericordia
1518 5114 1631 5168 tua,
1667 5115 1720 5159 ct
1774 5107 1958 5161 exsul-

381 5188 637 5252 tavimus,
669 5196 722 5243 et
747 5187 999 5244 delectati
1041 5206 1270 5246 sumus:
1314 5212 1332 5244 ι
1367 5195 1631 5250 successit
1683 5196 1827 5250 enim
1862 5203 1954 5251 tua

378 5278 551 5342 gratia
585 5278 838 5341 tcmuori,
883 5294 994 5333 ouo
1026 5281 1264 5348 peccatis
1311 5281 1554 5339 immersi
1613 5283 1952 5349 tenebamur,

449 5475 560 5541 (94)
587 5475 685 5531 Ed.
705 5478 829 5532 add.
847 5483 963 5537 τοῦ.

451 5545 563 5620 (25)
582 5547 665 5620 Τῇ
694 5548 898 5620 ,μωρίᾳο
925 5552 1015 5608 ed.

447 5611 558 5683 (9'6)
581 5607 934 5690 Ἐἓτίστρεψον
971 5607 1079 5678 om.
1102 5625 1188 5680 ed.

2061 4466 2392 4537 ἐπίστρεψον
2426 4469 2572 4539 ἡμᾶς
2626 4468 2964 4542 (98),Κύριε,
3002 4470 3168 4541 μηδὲν
3200 4469 3334 4540 πρὸς
3359 4469 3459 4540 τὴν
3492 4471 3658 4540 χάριν

2060 4557 2514 4628 ἀναϐαλλόμενος.
2573 4560 2649 4614 T6
2695 4562 2805 4634 γὰρ
2835 4583 2854 4614 ι
2891 4563 3000 4625 ἕως
3057 4562 3186 4615 πότε
3223 4579 3242 4612 ι
3297 4562 3558 4631 σημαίνει
3593 4563 3659 4615 τὸ

2060 4650 2385 4703 ἐπισπεῦσαι
2413 4653 2510 4722 τὴν
2540 4654 2725 4724 χάριν.
2759 4677 2777 4707 ι
2803 4655 2916 4712 Καὶ
2945 4652 3350 4725 παρακλήθητι,
3448 4655 3655 4724 φησὶν.

2060 4741 2154 4794 ἐπὶ
2186 4744 2296 4804 τοῖς
2331 4742 2534 4807 δούλοις
2585 4761 2701 4799 σου.
2744 4763 2764 4796 ι
2811 4747 2886 4798 Οὐ
2934 4746 3042 4816 γὰρ
3074 4745 3395 4816 ἀλλοτρίοις,
3442 4747 3655 4814 φησιν,

2059 4832 2174 4885 ἀλλ’
2229 4835 2378 4898 ἰδίοις
2434 4835 2818 4908 καταλλαγήσῃ
2866 4837 3094 4901 δούλοις.
3157 4833 3290 4891 Εἶτα
3342 4836 3419 4901 ὠς
3467 4838 3658 4906 τυχὼν

2058 4926 2162 4996 ἤδη
2197 4927 2294 4996 τῆς
2332 4927 2552 4998 χάριτος
2570 4969 2584 4989 ,
2635 4930 2730 4982 καὶ
2777 4928 2900 4983 ἰδὼν
2929 4931 3106 4983 ἐκεῖνο
3150 4931 3210 4984 τὸ
3239 4928 3378 4997 φῶς,
3407 4929 3478 4982 δι’
3503 4925 3565 4983 οῦ
3593 4931 3662 4984 τὸ

2061 5013 2250 5075 σκότος
2275 5014 2384 5065 τῶν
2430 5016 2490 5066 ἐν
2515 5014 2594 5084 τῷ
2626 5016 2728 5086 βίω
2769 5017 3141 5087 πλανωμένων
3170 5018 3620 5088 καταφωτίζεται
3640 5061 3658 5082 ,

2058 5103 2152 5155 καὶ
2190 5104 2312 5158 ὅθεν
2361 5123 2419 5159 τε
2462 5109 2494 5176 ἡ
2533 5107 2654 5160 κατ’
2689 5108 2890 5179 ἀρετὴν
2920 5109 3105 5180 ἡμέρα
3133 5109 3382 5180 ἄρχεται,
3420 5129 3437 5161 ι
3495 5112 3656 5164 Ἐνε-

2058 5193 2401 5266 πλήσθημεν,
2440 5216 2459 5247 ι
2505 5199 2690 5268 φησὶν,
2729 5219 2748 5250 ι
2784 5199 2846 5252 τὸ
2871 5198 3018 5270 πρωῒ
3045 5199 3142 5253 τοῦ
3181 5200 3366 5264 ἐλέους
3403 5218 3522 5260 σου,
3556 5203 3662 5255 καὶ

2055 5285 2499 5358 ἡγαλλιασάμεθα
2520 5291 2612 5342 καὶ
2640 5291 3056 5365 ηὑφράνθημεν.
3090 5312 3110 5345 ι
3165 5292 3447 5357 Διεδέξατο
3482 5294 3599 5365 γὰρ
3622 5297 3659 5366 ἡ

2128 5493 2239 5562 (97)
2269 5494 2430 5551 Forte
2463 5497 2588 5551 add.
2621 5494 2732 5554 οὖν.

2128 5495 2219 5562 (97
2269 5495 2430 5551 Forte
2463 5497 2588 5551 add.

2128 5495 2241 5635 (98;
2281 5567 2474 5638 Ὑμᾶς,
2510 5567 2596 5623 ed.
