3838 6224
179 373 276 430 463

1603 377 1672 432 IN.
1701 375 2036 433 PSALMOS.

3324 377 3430 436 468

180 497 234 548 δν
266 495 343 546 σοὶ
371 493 518 564 χαρὰ
552 493 639 546 τὸν
665 495 723 546 ἑν
744 496 810 563 τῇ
835 493 1159 547 ταπεινώσει
1187 496 1288 566 τῆς
1315 497 1592 568 ἁμαρτίας
1623 499 1751 569 χρό-

1863 506 1906 551 et
1927 497 2056 550 anni
2085 497 2302 551 malitiae
2332 497 2727 565 praeterierunt.
2771 493 2846 548 Ita
2903 510 3136 566 namque
3174 495 3430 567 intelligi-

182 605 282 650 νον,
312 588 404 638 καὶ
433 586 675 656 παρῆλθε
704 587 771 640 τά
798 587 899 656 τῆς
925 587 1124 650 κακίας
1147 588 1262 658 ἔτη.
1290 589 1446 642 Οὕτω
1483 591 1580 662 γὰρ
1599 591 1750 644 νοοῦ-

187 696 276 746 μεν
299 678 379 731 τὸ,
403 696 421 726 ι
469 678 584 730 ἀνθ’
614 672 689 731 ὧν
718 678 940 749 ἡμερῶν
976 681 1344 743 ἐταπείνωσας
1386 683 1534 752 ἡμᾶς
1565 722 1578 744 ,
1611 683 1749 735 ὲτῶν

182 762 249 819 ὧν
277 767 485 837 εἴδομεν
536 770 694 822 κακά.
734 789 751 821 ι
809 769 918 822 Καὶ
973 768 1117 822 οὕτω
1168 768 1392 840 θαρσεῖ·
1427 771 1590 824 τέκνα
1641 772 1751 825 τῶν

185 860 348 930 ἔργων
373 859 466 912 τοῦ
499 860 655 925 Θεοῦ,
689 862 815 925 τοὺς
835 861 902 914 δι’
937 863 1270 933 ἐπιστροφῆς
1305 865 1752 934 πεφωτισμένους

187 951 579 1022 κατονομάζων.
624 972 641 1004 ι
689 953 795 1006 Ἴδε
836 973 854 1004 ι
899 953 1028 1024 γὰρ,
1053 956 1239 1025 φησὶν,
1281 973 1300 1006 ι
1341 957 1433 1008 ἐπὶ
1456 958 1582 1021 τοὺς
1625 955 1750 1008 60'3-

186 1043 299 1107 λους
350 1061 441 1096 σου
501 1045 597 1097 καὶ
649 1047 743 1098 ἐπὶ
788 1045 856 1098 τά
900 1045 1036 1117 ἔργα
1091 1062 1209 1099 σουο
1260 1066 1278 1098 ι
1331 1050 1459 1112 τοὺς
1504 1049 1631 1120 περὶ
1659 1049 1751 1102 τὸν

198 1130 434 1200 Ἀϐραὰμ
457 1132 802 1204 πατριάρχας
821 1133 1174 1192 ἐνδείκνυται.
1207 1130 1364 1189 Οὗτοι
1391 1136 1501 1206 γὰρ
1524 1137 1598 1200 ὡς
1626 1137 1754 1207 άλη-

188 1221 285 1284 θῶς
327 1221 460 1275 Θεοῦ
506 1223 644 1294 ἔργα
675 1225 800 1278 εἰσί.
835 1243 854 1277 ι
891 1227 1000 1280 Καὶ
1026 1227 1293 1297 ὀδήγησον
1319 1230 1442 1292 τοὺς
1471 1229 1620 1292 υἱοὺς
1655 1231 1752 1282 αὑ-

188 1315 303 1367 τῶν.
340 1334 357 1365 ι
400 1317 463 1368 Οί
513 1316 622 1388 γάρ
667 1317 737 1371 τέι
789 1319 927 1389 ἔργα
980 1318 1260 1383 ποιοῦντες
1303 1319 1397 1372 τοῦ
1471 1320 1750 1391 Ἀϐραὰμ,

189 1407 338 1460 τέκνα
365 1406 603 1473 γίνονται
633 1409 727 1460 καὶ
755 1409 868 1477 (99)
900 1408 1007 1464 τῶν
1037 1409 1421 1480 πατριαρχῶν,
1451 1409 1517 1462 δι’
1551 1412 1752 1482 ἀρετῆς

190 1499 314 1567 πρὸς
347 1499 422 1566 (1)
456 1498 558 1569 τὴν
600 1500 918 1568 συγγένειαν
945 1499 1123 1553 αὐτῶν
1168 1503 1582 1572 είσποιούμενοι.
1619 1499 1751 1555 Εἶτα

187 1591 233 1641 ἐν
249 1586 661 1654 τοῖςτελευταῗοις
673 1593 924 1650 συνάπτει
951 1590 1042 1644 διὰ
1060 1591 1430 1663 καθαρότητος
1453 1593 1530 1664 τῷ
1551 1593 1671 1664 Θεῷ
1689 1596 1751 1648 τὸ

191 1677 534 1748 ἀνθρώπινον,
573 1683 935 1753 ἐπευχόμενος
963 1685 1056 1738 τοῦ
1089 1685 1225 1738 Θεοῦ
1263 1689 1359 1758 τὴν
1393 1689 1751 1759 λαμπρότητα

191 1767 276 1820 καὶ
313 1768 387 1838 τῷ
425 1771 683 1842 ἡμετέρῳ
729 1771 826 1842 βίῳ
857 1772 944 1826 διὰ
987 1775 1234 1848 καθαρᾶς
1276 1776 1420 1844 ζωῆς
1475 1778 1753 1848 ἐπαστρὰ-

191 1878 358 1914 πτειν·
388 1879 407 1914 ι
445 1865 628 1918 Ἔστω
655 1885 673 1917 ι
710 1866 838 1935 γάρ,
865 1869 1051 1938 φησὶν,
1083 1887 1100 1919 ι
1141 1871 1174 1939 ἡ
1203 1869 1522 1940 λαμπρότης
1544 1870 1751 1942 Κυρίου

188 1955 272 2007 τοῦ
297 1956 426 2009 Θεοῦ
462 1958 624 2028 ἡμῶν
656 1961 744 2027 ἐφ’
781 1962 962 2031 ἡμᾶς,
1007 1981 1025 2011 ι
1064 1963 1139 2025 ὡς
1161 1963 1338 2016 πάντα
1370 1963 1437 2016 τά
1464 1963 1750 2034 ἐπιτηδεύ-

191 2065 320 2116 ματα
351 2051 448 2119 τῆς
494 2052 646 2122 ζωῆς
681 2052 839 2122 ἡμῶν
877 2054 1088 2124 καρπὸν
1123 2055 1313 2125 φέρειν
1344 2056 1626 2126 σωτήριον,
1659 2055 1752 2107 καὶ

189 2139 352 2192 πάντα
397 2141 433 2194 ἃ
474 2143 788 2212 πράττομεν
837 2145 974 2215 πρὸς
1022 2147 1117 2198 ἕνα
1149 2147 1348 2200 σκοπὸν
1400 2147 1618 2216 βλέπειν
1648 2146 1748 2216 (2).

188 2231 275 2282 Διὰ
302 2231 457 2285 τοῦτο
488 2233 867 2304 πληθυντικῶς
899 2236 1176 2298 εἰπὼν,ὄτι
1200 2257 1219 2289 ι
1248 2235 1356 2290 Καὶ
1376 2239 1443 2292 τά
1482 2238 1619 2310 ἔργα
1645 2236 1752 2290 τῶν

186 2322 368 2392 χειρῶν
421 2324 582 2395 ἡμῶν
627 2325 954 2397 κατεύθυνον
1011 2327 1096 2396 ἐφ’
1155 2331 1324 2403 ἡμᾶς,
1361 2350 1379 2382 ι
1455 2330 1535 2392 είς
1589 2327 1751 2398 ἓν(5)

185 2414 330 2481 ἔργον
361 2414 429 2466 τά
461 2414 635 2467 πολλὰ
667 2417 950 2481 συστείλας
976 2419 1170 2488 ἐπάγει
1203 2420 1308 2483 ,ὃτι
1330 2421 1470 2474 «Καὶ
1501 2418 1562 2471 τὸ
1593 2419 1752 2489 ἔργον

1853 601 1974 639 mus
2002 584 2155 650 illud,
2184 605 2204 636 ι
2223 601 2322 655 pro
2340 585 2534 640 diebus
2554 584 2756 654 quibus
2779 598 2881 640 nos
2904 583 3224 646 humiliasti,
3247 587 3426 649 annis,

1851 678 2052 744 quibus
2082 676 2318 729 vidimus
2349 676 2490 728 mala
2517 694 2529 729 :
2571 694 2590 727 ι
2631 675 2820 744 sicque
2846 673 2914 728 ad
2940 669 3429 733 flduciamexcitat,

1852 777 1977 815 cum
2018 762 2156 816 filios
2179 776 2406 830 operum
2446 759 2562 826 Dei,
2593 775 2687 814 eos
2735 761 2828 830 qui
2859 775 2957 830 per
3010 761 3426 816 conversionem

1853 849 2113 904 illustrati
2145 856 2294 914 sunt,
2323 849 2576 919 appellat.
2612 847 2751 902 Dicit
2780 848 2958 903 enim:
2999 866 3018 899 ι
3057 848 3289 918 Respice
3333 863 3428 902 su-

1853 954 1948 1009 per
1981 939 2122 992 filios
2152 943 2300 1001 tuos,
2333 945 2387 991 et
2416 952 2580 1006 super
2612 951 2777 1006 opera
2814 945 2925 991 tua.
2967 956 2987 989 ι
3035 937 3156 1003 Quo
3191 938 3429 1006 patriar-

1851 1026 1985 1080 chas
2015 1025 2306 1079 Abrahami
2335 1033 2582 1093 posteros
2607 1024 2878 1095 signiﬁcat
2905 1043 2919 1078 :
2963 1039 3087 1077 nam
3115 1025 3229 1086 isti,
3261 1039 3423 1094 quam

1853 1116 2087 1170 maxime
2131 1115 2228 1168 lilii
2281 1114 2514 1169 Abrahae
2545 1121 2712 1170 sunt.
2754 1131 2774 1164 ι
2814 1112 2878 1166 Ει
2933 1113 3104 1182 dirige
3138 1111 3277 1168 ﬁlios
3331 1128 3426 1167 eo-

1853 1219 1975 1257 rum
2001 1222 2015 1258 :
2046 1221 2062 1254 ι
2091 1203 2185 1272 qui
2207 1203 2351 1256 enim
2380 1217 2544 1273 opera
2569 1201 2800 1256 Abrahae
2827 1200 3054 1265 faciunt,
3084 1201 3424 1270 iiliipatriar-

1851 1291 2078 1344 charum
2132 1291 2287 1353 fiunt,
2335 1305 2432 1360 per
2477 1289 2728 1343 virtutem
2784 1289 2838 1342 in
2888 1303 3079 1342 eorum
3140 1289 3422 1356 cognatio-

1853 1394 1974 1431 nem
2000 1378 2261 1448 adoptati.
2294 1377 2374 1430 Ad
2402 1388 2704 1431 extremum
2762 1375 2998 1445 puritate
3047 1382 3100 1428 et
3157 1374 3424 1429 munditia

1852 1465 2134 1535 conjungit
2157 1464 2454 1518 humanum
2483 1479 2656 1535 genus
2693 1477 2817 1518 cum
2853 1462 2998 1524 Deo,
3034 1463 3330 1517 obsecrans
3365 1468 3428 1516 ut

1855 1551 1946 1606 Dei
1998 1553 2224 1607 claritas
2265 1552 2471 1606 nostris
2500 1565 2718 1621 quoque
2767 1549 3079 1604 actionibus
3113 1565 3209 1619 per
3257 1549 3424 1603 vitam

1855 1654 2044 1708 puram
2081 1639 2318 1701 iiluceat,
2364 1639 2438 1692 ait
2475 1639 2660 1693 enim:
2697 1657 2716 1688 ι
2758 1635 2841 1691 Sit
2889 1637 3152 1706 splendor
3213 1635 3424 1689 Domini

1856 1725 1947 1779 Dei
1978 1726 2151 1780 nostri
2184 1742 2348 1796 super
2383 1740 2503 1788 nos,
2545 1745 2562 1777 ι
2599 1733 2656 1779 ut
2683 1725 2868 1779 omnia
2913 1725 3037 1778 vitae
3090 1732 3290 1782 nostrae
3341 1724 3426 1777 in-

1855 1822 2011 1882 cepta
2037 1812 2275 1867 fructum
2307 1815 2601 1868 salutarem
2627 1811 2828 1876 ferant,
2850 1821 2906 1867 et
2933 1812 3116 1866 omnia
3153 1827 3273 1880 qua:
3295 1811 3426 1865 faci-

1786 1895 1830 1949 B
1857 1917 1978 1956 mus
2008 1903 2074 1955 ad
2101 1916 2269 1955 unum
2307 1900 2465 1955 ﬁnem
2494 1899 2757 1966 tendant;
2781 1914 2888 1969 qua
2913 1899 2980 1954 de
3001 1913 3167 1954 causa
3198 1911 3427 1953 numero

1858 2004 2075 2058 quoque
2111 1989 2474 2044 multitudinis
2523 1989 2730 2043 utitur:
2793 2006 2811 2038 ι
2852 1986 2915 2040 Et
2942 2002 3106 2056 opera
3167 2000 3424 2039 manuum

1859 2084 2170 2130 nostrarum
2193 2075 2368 2147 dirige
2418 2091 2582 2144 super
2636 2091 2756 2137 nos,
2823 2094 2842 2126 ι
2878 2075 3049 2128 multa
3081 2092 3098 2124 ι
3134 2087 3358 2143 operum
3401 2091 3421 2123 ι

1858 2161 2081 2217 nomine
2118 2163 2454 2232 complexus.
2493 2182 2512 2213 ι
2554 2163 2619 2216 Ει
2647 2178 2786 2231 opus
2819 2176 3078 2215 manuum
3116 2168 3424 2215 nostrarum

1860 2247 2054 2318 dirige.
2089 2269 2107 2300 ι
2137 2249 2298 2305 Varia
2322 2250 2465 2304 enim
2496 2249 2956 2319 multiformisque
2999 2247 3266 2303 industria
3317 2247 3431 2298 vir-

1860 2335 1994 2390 tutis
2022 2333 2089 2389 ad
2119 2337 2491 2406 operationem
2523 2336 2717 2400 tendit,
2751 2337 2804 2390 in
2862 2351 2969 2407 qua
3016 2348 3162 2390 recte
3217 2338 3431 2404 agentis

1859 2422 2008 2477 salus
2033 2425 2300 2479 consistit.

184 2506 281 2558 τῶν
306 2508 498 2577 χειρῶν
529 2510 688 2578 ἡμῶν
714 2511 1056 2565 κατεύθυνον.
1087 2511 1191 2564 »Ἢ
1206 2512 1315 2582 γάρ
1347 2510 1562 2581 ποικίλη
1591 2529 1651 2564 τε
1687 2514 1784 2566 καὶ
1828 2514 2112 2588 πολυειδὴς
2145 2518 2254 2571 τῶν
2303 2517 2514 2590 ἀρετῶν
2537 2517 2824 2588 ἐπιμέλεια
2849 2517 3066 2587 ἐνεργὸς
3099 2515 3176 2586 (li)
3197 2515 3428 2584 γίνεται.

186 2600 339 2654 Τοῦτο
367 2603 421 2655 δέ
448 2606 600 2658 ἐστιν
631 2607 664 2676 ἡ
694 2604 788 2657 τοῦ
821 2605 1212 2677 κατορθοῦντος
1239 2605 1502 2676 σωτηρία.

247 2742 396 2796 Οὕτω
441 2744 496 2796 δὲ
551 2743 795 2813 τετάρτῳ
842 2741 1035 2813 βαθμῷ
1080 2742 1178 2811 τῆς
1221 2740 1502 2811 ψαλμικῆς
1544 2740 1755 2794 ἀναϐά-

187 2850 344 2898 σεως,
384 2836 604 2905 ἐπάρας
645 2837 674 2888 ὁ
715 2832 1007 2905 Προφήτης
1056 2832 1163 2885 τῶν
1209 2832 1564 2884 συνανιόντων
1608 2831 1756 2901 αὑτῷ

185 2923 269 2992 τὴν
293 2925 551 2987 διάνοιαν,
581 2925 673 2977 καὶ
703 2924 960 2995 ὑπερθεὶς
989 2925 1169 2993 πάσης
1197 2922 1295 2991 τῆς
1335 2922 1475 2974 κατά
1508 2921 1598 2973 τὸν
1643 2922 1756 2992 βίον

185 3015 354 3067 τοῦτον
385 3015 831 3086 σπουδαζομένης
872 3018 982 3080 τοῖς
1026 3014 1240 3072 πολλοῖς
1273 3013 1663 3083 ματαιότητος,
1697 3015 1755 3065 ἐν

1931 2740 1986 2796 In
2049 2744 2194 2796 hunc
2249 2740 2466 2794 modum
2529 2750 2725 2811 quarto
2782 2741 2885 2795 hoc
2939 2741 3277 2795 ascensionis
3334 2756 3427 2810 per

1859 2835 2106 2888 Psalmos
2137 2833 2302 2902 gradu
2349 2834 2526 2887 elevat
2584 2831 2855 2902 Propheta
2915 2847 3098 2887 secum
3133 2832 3435 2887 ascenden-

1853 2911 1994 2979 tium
2035 2936 2290 2991 mentem,
2324 2925 2614 2991 evehitque
2643 2940 2808 2993 supra
2845 2939 3085 2986 omnem,
3124 2940 3244 2996 qua:
3281 2932 3432 2978 tanto

1863 3018 2046 3072 studio
2081 3017 2136 3071 in
2177 3017 2279 3071 hac
2332 3016 2442 3070 vita
2499 3031 2530 3070 a
2577 3017 2764 3071 multis
2820 3017 3074 3081 ambitur,
3114 3017 3432 3074 vanitatem.

186 3105 251 3175 τῷ
291 3106 454 3173 δείξαι
494 3108 597 3177 τὴν
640 3105 946 3177 ἀραχνιὼδη
993 3123 1052 3158 τε
1106 3106 1200 3159 καὶ
1243 3106 1610 3157 ἀνυπόστατον
1662 3105 1754 3156 τοῦ

1863 3110 1986 3164 dum
2036 3109 2293 3180 patefacit
2349 3124 2710 3172 araneosam,
2771 3108 3019 3178 fugacem
3075 3117 3129 3164 et
3189 3107 3432 3162 fallacem

186 3199 355 3252 ὑλικοῦ
416 3199 533 3270 βίου
585 3199 799 3267 ἀπάτην
857 3200 937 3261 είς
989 3197 1140 3252 οὐδὲν
1210 3198 1382 3266 πέρας
1432 3196 1634 3264 ἀγαθὸν
1677 3196 1755 3268 (5)

186 3291 464 3362 προϊοῦσαν
487 3295 605 3356 τοῖς
635 3291 1014 3362 ματαιάζουσι.

691 3521 1091 3578 ΚΕΦΑΛΑΙΟΝ
1130 3522 1178 3574 Η
1197 3558 1213 3575 .

248 3641 320 3689 Δι’
350 3637 644 3692 ἀκολούθου
673 3636 927 3706 καθάπερ
953 3637 1062 3687 τινὶ
1095 3635 1305 3705 κορυφῇ
1329 3632 1404 3703 τῷ
1431 3632 1758 3704 ὑψηλοτάτῳ

186 3726 274 3796 τῆς
310 3727 545 3797 θεωρίας
593 3725 784 3796 βαθμῷ
811 3724 900 3777 διὰ
925 3723 1022 3777 τοῦ
1063 3724 1315 3794 πέμπτου
1349 3723 1550 3795 μέρους
1584 3740 1756 3794 προσ-

189 3819 298 3886 άγει
315 3818 402 3872 τὸν
423 3818 787 3887 ἀκολουθῆσαι
809 3817 944 3886 πρὸς
964 3815 1025 3869 τὸ
1051 3814 1184 3884 ὕψος
1205 3815 1524 3884 δυνάμενον,
1557 3813 1648 3866 τὸν
1679 3813 1756 3883 (6)

187 3910 472 3963 διαπτάντα
525 3908 626 3972 τὰς
670 3908 781 3960 τῶν
817 3907 1083 3978 βιωτικῶν
1135 3907 1408 3978 ἀραχνίων
1458 3904 1756 3966 διαπλοκὰς

193 3999 384 4070 στερῥῷ
432 3999 510 4069 τῷ
548 3997 750 4069 πτερῷ.
779 3999 842 4050 Οἱ
875 3996 984 4067 γὰρ
1017 3995 1268 4067 χνοώδεις
1295 4013 1355 4048 τε
1388 3997 1482 4048 καὶ
1521 3995 1757 4064 ἐξίτηλοι

191 4090 240 4141 ὲν
281 4090 491 4144 ἀσθενεῖ
534 4091 630 4143 καὶ
676 4090 852 4160 ἀτόνῳ
902 4093 969 4159 τῇ
1020 4090 1214 4159 πτήσει
1257 4087 1431 4159 μυιῶν
1483 4087 1658 4157 δίκην,
1690 4085 1760 4139 τά

190 4183 408 4255 γλίσχρα
439 4181 537 4236 τοῦ
581 4183 697 4253 βίου
728 4179 1191 4252 περιλιχνεύοντες
1247 4179 1614 4250 ἐμπλέκονται
1667 4177 1762 4230 καὶ

193 4271 558 4344 ἑνδεσμοῦνται
574 4311 588 4335 ,
614 4270 868 4339 καθάπερ
892 4270 1000 4321 τισὶ
1026 4269 1260 4331 δικτύοις
1281 4308 1295 4332 ,
1332 4271 1399 4338 τῇ
1439 4267 1548 4319 τῶν
1587 4266 1762 4319 τοιού-

193 4384 292 4418 των
319 4367 582 4437 νημάτων
611 4363 893 4436 περιϐολῇο
923 4363 1066 4430 λέγω
1089 4361 1154 4432 δὴ
1178 4363 1410 4433 τρυφαῖς
1440 4360 1534 4413 καὶ
1572 4361 1761 4429 τιμαῖς

194 4460 278 4510 καὶ
318 4459 529 4523 δόξαις,
574 4459 668 4510 καὶ
705 4459 821 4519 ταῖς
855 4455 1126 4516 ποικίλαις
1169 4452 1482 4524 ἐπιθυμίαις
1529 4447 1641 4505 οἷόν
1675 4469 1758 4503 τι-

197 4564 269 4599 σιν
304 4550 581 4620 ἀραχνίοις
617 4547 931 4614 ὑφάσμασιν
965 4542 1346 4613 ἐνειλούμενοι,
1383 4542 1608 4612 θήραμα
1667 4540 1761 4594 καὶ

197 4640 375 4711 βρῶμα
420 4640 696 4711 γινόμενοι
739 4636 833 4691 τοῦ
879 4636 1072 4708 θηρίου
1127 4634 1336 4688 ἐκείνου
1386 4632 1481 4686 τοῦ
1534 4633 1622 4686 διὰ
1651 4632 1760 4684 τῶν

195 4733 430 4786 τοιούτων
473 4731 816 4803 θηρεύοντκ.
869 4730 930 4782 Εἰ
960 4728 1016 4781 δέ
1059 4745 1140 4791 τις
1188 4724 1428 4796 ἀετώδης
1455 4724 1554 4794 τὴν
1600 4725 1761 4793 φύσιν

197 4822 292 4886 ὣν,
320 4824 588 4895 ὀξυτέρως
627 4822 764 4892 πρὸς
801 4821 900 4891 τὴν
933 4821 1126 4873 ἀκτῖνα
1166 4817 1260 4871 τοῦ
1302 4816 1479 4886 φωτὸς
1511 4815 1722 4884 βλέποι
1742 4855 1757 4878 ,

199 4915 434 4986 ἀτρέπτῳ
475 4913 556 4984 τῷ
587 4912 688 4982 τῆς
724 4912 900 4983 ψυχῆς
927 4908 1192 4980 ὀφθαλμῷ
1211 4948 1225 4973 ,
1254 4908 1350 4960 καὶ
1382 4906 1517 4977 πρὸς
1545 4905 1604 4958 τὸ
1629 4903 1761 4973 ὕψος

199 5007 370 5059 ἑαυτὸν
415 5008 493 5078 (Ἰ)
551 5005 840 5058 συντείνων
902 5007 1014 5066 τοῖς
1075 5002 1340 5064 τοιούτοις
1398 4998 1760 5069 ἐμπελάσειεν

198 5100 493 5169 ἀραχνίοις.
572 5099 704 5172 μόνῃ
742 5100 808 5169 τῇ
849 5097 992 5170 αὔρᾳ
1039 5095 1150 5149 τῶν
1201 5093 1536 5164 ὠκυπτέρων
1589 5093 1645 5143 ἐν
1683 5088 1762 5159 τῷ

203 5191 348 5262 ῥοίζῳ
383 5193 480 5261 τῆς
527 5193 808 5262 πτήσεως,
840 5189 1152 5259 ἐξαφανίζει
1185 5191 1294 5240 πᾶν
1328 5187 1390 5239 τὸ
1419 5183 1677 5244 τοιοῦτον,
1709 5182 1757 5244 ὅ,

198 5281 244 5331 τί
272 5300 370 5353 περ
413 5283 479 5336 ἂν
524 5283 846 5353 πλησιάσει,
890 5285 958 5353 τῇ
985 5280 1092 5333 τῶν
1124 5279 1411 5350 πτερύγων
1449 5278 1615 5346 ὁρμῇ.
1653 5273 1760 5326 Τὸν

200 5367 282 5425 οὖν
319 5375 554 5428 τοιοῦτον
601 5373 776 5445 ἐαυτῷ
832 5373 1137 5445 συνεπᾴρας
1171 5373 1198 5423 ὁ
1236 5369 1435 5440 ὑψηλὸς
1472 5367 1760 5438 Προφήτης

267 5579 371 5647 (99)
403 5580 513 5632 Καὶ
537 5595 645 5632 om.
669 5580 763 5634 ed.

268 5651 338 5718 (I)
367 5649 524 5718 Forte
547 5651 649 5712 εἰς.

267 5719 340 5782 (‘2)
379 5717 539 5774 Forte
572 5718 853 5788 φέρεσθαι.

271 5789 342 5844 l3)
378 5789 472 5843 'Ev
491 5805 598 5845 om.
627 5793 712 5844 ed.

1863 3202 2082 3256 caduca:
2127 3201 2286 3269 hujus
2330 3202 2453 3254 vitm
2482 3199 2895 3269 deceptionem,
2949 3213 3070 3262 quae
3111 3198 3179 3252 ad
3227 3197 3432 3252 nullum

1863 3295 2132 3350 honestati
2157 3302 2586 3349 consentaneum
2618 3292 2776 3346 linem
2809 3292 3238 3356 circumventos,
3270 3307 3436 3347 vane-

1861 3404 1967 3458 que
1996 3389 2186 3443 illusos
2213 3387 2383 3442 ducit.

2455 3515 2685 3571 CAPUT
2711 3515 2848 3570 VIII.

1935 3631 2198 3700 Deinceps
2228 3631 2372 3685 velut
2400 3639 2467 3684 ad
2502 3645 2818 3700 supremum
2845 3631 3129 3696 verticem,
3163 3639 3218 3687 et
3245 3632 3410 3688 celsis

1862 3725 2059 3780 simum
2084 3721 2564 3792 contemplationis
2595 3722 2850 3791 gradum,
2883 3723 3076 3793 quinta
3114 3732 3266 3792 parte
3289 3725 3438 3780 ducit

1865 3830 1990 3870 eum
2029 3813 2122 3882 qui
2155 3812 2220 3865 ad
2245 3821 2450 3865 tantam
2477 3811 2821 3867 altitudinem
2854 3813 2989 3866 eniti
3025 3821 3224 3883 potest,
3263 3824 3437 3870 trans-

1863 3907 2095 3961 volando
2125 3905 2278 3958 firma
2306 3904 2464 3974 quasi
2517 3904 2623 3968 ala,
2659 3910 2714 3958 et
2744 3905 2941 3974 pennis
2969 3906 3108 3960 solvi
3139 3907 3435 3961 metuenti-

1863 4000 1966 4055 bus
2001 4013 2194 4054 omnes
2241 3998 2626 4051 araneolorum
2680 3998 2847 4067 hujus
2887 4001 3012 4053 vitae
3066 4006 3354 4055 contextus
3387 4011 3437 4055 et

1860 4091 2294 4162 implicationes;
2329 4090 2457 4144 vani
2488 4090 2688 4145 etenim
2721 4098 2775 4145 et
2807 4089 2941 4144 fatui
2971 4089 3202 4146 remisso
3230 4099 3284 4145 et
3323 4091 3438 4144 lan-

1865 4193 2060 4252 guente
2098 4181 2282 4236 volatu
2363 4180 2498 4254 (qui
2555 4195 2868 4236 muscarum
2932 4181 3108 4236 instar
3155 4197 3244 4238 res
3277 4182 3440 4252 hujus

1863 4275 1987 4328 vitae
2017 4283 2212 4329 tenues
2244 4281 2297 4328 et
2353 4274 2529 4329 exiles
2565 4273 3032 4329 circumlambunt
3055 4275 3098 4344 ),
3155 4275 3440 4345 implican-

1866 4372 1956 4419 tur
1984 4374 2037 4418 ει
2074 4355 2373 4435 illigantur,
2412 4366 2571 4435 quasi
2619 4364 2827 4419 retibus
2861 4365 3213 4435 quibusdam,
3246 4365 3440 4435 hujus-

1867 4457 2013 4510 modi
2049 4456 2260 4510 filorum
2287 4455 2689 4524 circumjectu:
2721 4456 2954 4519 deliciis,
2989 4457 3232 4526 inquam,
3269 4457 3440 4512 hono-

1869 4547 2048 4610 ribus,
2083 4545 2278 4617 gloria,
2309 4546 2586 4616 variisque
2603 4546 2996 4615 cupiditatibus
3044 4547 3191 4600 velut
3218 4547 3440 4615 quibus-

1867 4638 1992 4694 dam
2028 4652 2353 4692 araneorum
2417 4637 2649 4692 texturis
2709 4637 3085 4702 involvuntur,
3147 4639 3328 4707 praeda
3391 4649 3441 4692 et

1866 4744 1991 4786 esca
2025 4729 2154 4783 facti
2195 4729 2275 4783 illi
2307 4728 2456 4794 ferae,
2491 4743 2613 4798 quae
2644 4743 2741 4798 per
2783 4728 2901 4782 haac
2930 4729 3058 4781 talia
3103 4731 3441 4782 venationem

1867 4821 2162 4876 instituere
2189 4821 2352 4876 solet.
2389 4821 2458 4874 At
2484 4821 2527 4874 si
2557 4821 2680 4889 quis
2704 4821 2902 4890 aquilae
2936 4829 3130 4874 natura
3158 4817 3440 4889 prmditus.

1867 4912 2082 4966 acutius
2110 4911 2176 4964 ad
2200 4911 2338 4967 lucis
2368 4909 2556 4964 radios
2604 4911 2922 4964 irretortum
2978 4910 3178 4964 mentis
3223 4909 3441 4962 oculum

1867 5011 2219 5067 convertens,
2265 5017 2434 5071 seque
2466 5003 2644 5073 ipsum
2682 5000 2735 5054 in
2758 5001 2925 5053 altum
2960 5000 3206 5062 vibrans,
3254 5001 3309 5053 in
3341 4999 3411 5052 hu

1863 5094 2108 5166 jusmodi
2139 5109 2465 5148 aranearum
2497 5093 2632 5147 telas
2681 5091 2978 5145 inciderit:
3039 5091 3154 5144 sola
3207 5105 3338 5143 aura
3375 5100 3439 5142 ‘et

1867 5187 2108 5256 impulsu
2136 5186 2375 5255 pernicis
2406 5186 2639 5248 volatus,
2689 5185 2919 5253 soloque
2960 5184 3168 5237 alarum
3213 5185 3438 5253 impetu.

1867 5277 2135 5349 quidquid
2172 5277 2438 5344 occurrit,
2466 5276 2698 5347 dissipat
2727 5284 2781 5329 et
2806 5276 3033 5346 disjicit.
3059 5273 3244 5329 Talem
3274 5275 3439 5345 igitur

1867 5384 2053 5426 secum
2088 5371 2142 5423 in
2175 5369 2345 5423 altum
2368 5368 2606 5423 evehens
2640 5367 2890 5423 sublimis
2919 5367 3213 5437 PrOpheta,
3275 5381 3438 5435 supra

1939 5571 2017 5644 (ᾧ)
2047 5569 2211 5644 orte
2235 5572 2317 5644 εἰς
2336 5568 2592 5644 ἓνλέργον.

1937 5641 2016 5710 (5)
2049 5641 2318 5708 Ἀγαθῶν,
2347 5641 2434 5694 ed.

1939 5712 2019 5780 (6)
2050 5712 2154 5764 Τὸν
2180 5726 2291 5763 οηι.
2314 5711 2402 5765 ed.

1940 5781 2017 5853 (7)
2042 5781 2138 5837 Ed.
2175 5781 2370 5852 ἐαυτῷ.
