3838 6224
185 327 282 384 ιβιδ

1577 333 1644 388 ΙΝ
1681 331 2018 389 PSALMOS.

3324 328 3429 385 ΠΟ

191 441 278 508 τῆς
325 436 474 500 θείας
517 437 836 508 λυτρὼσεως
891 439 1138 510 ἄμοιρον.
1197 440 1334 508 Φησὶ
1385 441 1512 512 γάρ’
1553 461 1571 493 ι
1623 443 1756 496 ’Δπὸ

1865 443 2388 513 ptionis’expertem
2449 443 2720 496 mansisse
2779 441 2958 496 docet.
3024 439 3168 494 Dicit
3219 441 3366 494 enim
3412 459 3430 495 :

189 525 446 581 ἀνατολῶν
485 527 578 580 καὶ
609 525 828 597 δυσμῶν
851 567 866 590 ,
899 528 992 579 καὶ
1021 527 1192 598 βορρᾶ
1211 568 1226 590 ,
1267 529 1360 582 καὶ
1391 529 1688 600 θαλάσσης.
1729 549 1746 580 ι

187 623 428 694 Θαλάσσῃ
451 623 822 692 διασημαίνων
848 624 908 676 τὸ
935 626 1125 679 νότιον.
1158 627 1245 678 Ἐν
1275 624 1554 694 κεφαλαίῳ
1576 629 1755 682 τοίνυν

189 715 278 782 τὴν
319 713 411 764 τοῦ
465 712 598 764 Θεοῦ
643 711 1044 782 προεκθέμενος
1089 716 1366 780 εὐποιΐαν,
1417 719 1482 788 ἢν
1517 717 1626 786 (15)
1661 717 1755 770 ἐπὶ

193 805 358 871 πάσης
383 803 481 872 τῆς
507 803 849 875 ἀνθρωπίνης
876 807 1146 876 ἐνήργησε
1172 807 1405 874 φύσεως,
1434 808 1572 878 μετά
1596 809 1755 862 τοῦτο

191 896 486 957 διασκευαῖς
509 911 618 946 τισι
657 897 758 965 τήν
795 913 854 948 τε
881 898 1016 967 πρὸς
1043 897 1104 949 τὸ
1139 899 1307 950 κακὸν
1339 899 1614 971 ἀπορροὴν
1647 901 1754 954 τῶν

193 983 480 1055 ἀνθρώπων
519 986 868 1056 ἐκδιηγεῖται,
901 988 992 1040 καὶ
1025 989 1124 1060 τὴν
1156 991 1239 1057 ἐφ’
1269 990 1380 1060 (14)
1412 991 1624 1062 ἑκάστῳ
1661 1010 1754 1062 γε-

197 1079 484 1148 γενημένην
513 1079 662 1148 παρά
697 1079 792 1132 τοῦ
825 1079 960 1132 Θεοῦ
1002 1082 1136 1151 πρὸς
1181 1081 1240 1132 τὸ
1269 1085 1513 1151 κρεῖττον
1564 1101 1752 1156 χειρα-

197 1173 421 1239 γωγίαν’
467 1171 612 1240 λέγει
655 1173 712 1224 δὲ
759 1173 952 1236 οὕτως’
1012 1191 1030 1222 ι
1103 1174 1516 1244 Ἐπλανήθησαν
1573 1179 1630 1228 ἐν
1687 1179 1752 1247 τῇ

199 1264 374 1332 ἐρήμῳ
407 1265 464 1314 ἐν
502 1263 744 1334 ἀνύδρῳο
782 1283 802 1314 ›
877 1263 1102 1332 ἀφέντες
1136 1267 1263 1335 γὰρ,
1301 1267 1454 1338 φησὶ,
1493 1268 1592 1336 τὴν
1615 1267 1752 1320 ὀδόν.

210 1353 344 1416 Ὁδὸς
369 1353 426 1405 δέ
467 1355 614 1406 ἐστιν
643 1357 671 1407 ὀ
703 1355 916 1424 Κύριος.
967 1356 1054 1407 Ἐν
1079 1359 1142 1422 τῇ
1175 1349 1364 1426 ἐρήμῳ
1391 1356 1494 1420 ἔξω
1523 1357 1624 1426 τῆς
1661 1357 1755 1409 τοῦ

201 1443 324 1498 Θεοῦ
351 1445 656 1516 ἐπισκοπῆς
701 1445 1044 1500 ἐπλανῶντο·
1109 1443 1142 1513 ἢ
1195 1447 1334 1516 ξηρά
1365 1443 1433 1516 ἦν
1461 1449 1570 1516 (l5)
1607 1449 1756 1500 πᾶσα

201 1537 284 1589 καὶ
313 1539 538 1608 ἄνικμος
567 1539 665 1608 τῆς
705 1539 1076 1610 πνευματικῆς
1117 1539 1310 1608 δρόσου
1351 1541 1753 1612 κεχωρισμένη.

201 1627 288 1682 Διὰ
321 1627 476 1681 τοῦτο
517 1629 618 1699 τὴν
661 1629 814 1683 πόλιν
855 1629 947 1681 τοῦ
982 1629 1138 1691 Θεοῦ,
1177 1633 1235 1682 ἐν
1335 1631 1394 1682 τὺ
1432 1632 1758 1700 κατοικητή-

203 1735 302 1788 ριον
321 1721 425 1772 τῶν
449 1720 618 1784 ἀξίων
641 1721 808 1783 ἐστὶν,
831 1721 890 1772 ἐν
909 1723 980 1790 τῇ
1011 1720 1196 1790 ἀνοδίᾳ
1218 1721 1556 1792 πλανώμενοι
1579 1723 1756 1778 εὑρεῖν

199 1809 290 1862 οὐκ
317 1807 596 1874 ἠδύναντο.
639 1810 774 1876 Φησὶ
803 1808 940 1876 γὰρ,
969 1809 1050 1860 ὅτι
1087 1825 1104 1858 ι
1149 1809 1302 1861 πόλιν
1335 1807 1755 1878 κατοικητηρίου
1791 1795 1832 1850 Β

200 1901 288 1970 οὐχ
312 1893 494 1971 εὗρον,
539 1901 830 1963 πεινῶντες
879 1902 972 1952 καὶ
1007 1899 1289 1968 διψῶντες·
1313 1919 1330 1948 ι
1357 1901 1422 1968 τῇ
1456 1899 1564 1968 γὰρ
1597 1901 1758 1970 ἀτρο-

202 1991 288 2059 φίᾳ
311 1991 404 2060 τῆς
419 1991 705 2061 δυνάμεως
721 1990 899 2044 αὐτῶν
969 1989 1343 2059 ἐκλειπούσης,
1426 1992 1483 2042 ἐν
1513 1989 1756 2042 ἐπιτάσει

201 2083 254 2132 τὸ
277 2083 438 2134 κακὸν
461 2083 648 2142 αὐτοῖς
686 2077 772 2151 ἦν.
805 2080 928 2144 Πῶς
963 2081 1070 2148 γὰρ
1098 2077 1165 2150 ἦν
1197 2079 1307 2150 (16)
1338 2081 1510 2150 τροφὴ
1551 2083 1606 2132 ἐν
1629 2081 1760 2150 αὐχ-

205 2172 346 2243 μώσῃ
370 2191 428 2225 τε
459 2173 556 2226 καὶ
585 2175 766 2244 άγόνῳ
789 2179 856 2245 τῇ
897 2177 1002 2244 γῇς
1045 2172 1206 2225 πόθεν
1235 2173 1290 2224 δὲ
1322 2173 1658 2242 θεραπεῦσαι
1701 2175 1762 2226 τὸ

201 2261 335 2332 δίψος
372 2267 426 2316 ἐν
465 2269 538 2336 τῇ
583 2265 824 2335 ἀνύδρῳ;
867 2265 1022 2334 δῆλον
1053 2265 1110 2316 δὲ
1143 2265 1223 2317 ὅτι
1257 2263 1376 2316 οὐδὲ
1410 2265 1520 2334 (17)
1555 2265 1761 2334 τροφὴν

202 2355 281 2408 τὸν
311 2356 502 2428 ἄρτον,
553 2357 674 2410 οὔτε
709 2357 866 2410 πόσιν
903 2357 962 2409 τὸ
1001 2356 1144 2426 ὕδωρ
1185 2357 1219 2425 ἡ
1253 2357 1558 2427 προφητεία
1590 2356 1758 2424 λέγει,

203 2446 324 2499 ἀλλά
351 2449 560 2518 τροφὴν
585 2449 684 2518 μὲν
703 2447 802 2518 τὴν
825 2447 998 2517 ἀληθῆ
1027 2447 1246 2518 βρῶσιν,
1277 2448 1435 2500 πόσιν
1457 2448 1533 2508 δὲ,
1559 2448 1620 2499 τὺ
1651 2447 1760 2516 (18)

204 2540 558 2608 πνευματικὸν
583 2541 758 2592 ἐκεῖνο
785 2539 956 2609 πόμα.
991 2539 1072 2592 Τὰ
1095 2539 1150 2591 δέ
1187 2539 1278 2592 δύο
1309 2538 1479 2592 ταῦτα
1508 2542 1536 2592 ὁ
1559 2539 1760 2609 Κύριος

205 2630 394 2693 γίνεται
414 2671 430 2692 ,
477 2629 834 2700 καταλλήλως
870 2633 978 2693 τοῖς
1005 2631 1278 2700 δεομένοις
1319 2631 1510 2684 ἑαυτὸν
1543 2635 1762 2701 ἐμπαρ-

204 2719 330 2788 έχων
349 2737 364 2752 ο
389 2722 566 2791 τροφὴ
600 2723 698 2792 μὲν
733 2726 845 2786 τοῖς
877 2723 1121 2784 πεινῶσι,
1162 2723 1314 2794 πηγὴ
1341 2723 1397 2775 δὲ
1427 2725 1540 2786 τοῖς
1571 2722 1762 2792 διψῶσι

203 2809 484 2879 γινόμενος.
532 2813 628 2876 Τίς
657 2809 750 2866 οὖν
805 2813 1000 2884 εὑρέθη
1035 2815 1136 2884 τῆς
1167 2813 1422 2884 τοιαύτης
1455 2815 1765 2884 ἀμηχανίας

207 2903 234 2970 ἡ
271 2903 448 2967 λύσις,
495 2903 598 2973 τῆς
639 2905 875 2975 πλάνης,
923 2907 1018 2974 τῆς
1043 2906 1300 2976 ἐρημίας,
1331 2905 1430 2972 τῆς
1469 2909 1525 2956 ἐν
1554 2905 1766 2974 ἀνύδρῳ

206 2997 561 3068 ταλαιπωρίας
583 3037 598 3061 ,
642 2997 741 3066 τῆς
786 2999 848 3048 ἐκ
896 2997 990 3050 τοῦ
1019 2995 1179 3066 λιμοῦ
1209 2997 1494 3066 γινομένης
1521 2996 1768 3048 λειποθυ-

209 3087 355 3156 μίαςς
405 3089 470 3141 Ὢ
490 3090 588 3142 τοῦ
639 3089 949 3159 θαύματοςε
987 3090 1095 3142 Μία
1141 3091 1292 3160 φωνὴ
1335 3089 1468 3160 πρὸς
1516 3091 1602 3142 τὸν
1634 3089 1766 3140 Θεὸν
1793 3125 1836 3180 c

206 3181 626 3252 ἐτιστρεπτικῶς
657 3182 938 3250 γινομένη,
967 3183 1138 3235 πάντα
1171 3183 1306 3252 πρὸς
1333 3181 1392 3233 τὺ
1421 3181 1582 3233 καλὸν
1611 3197 1766 3249 μετε-

207 3273 430 3340 ποίησεν.
464 3294 480 3323 ι
517 3274 852 3342 Ἐκέκραξαν
881 3295 898 3325 ι
929 3275 1057 3344 γὰρ,
1089 3277 1240 3342 φησὶ,
1271 3294 1288 3324 ι
1325 3275 1460 3344 πρὸς
1487 3273 1685 3343 Κύριον
1710 3274 1766 3324 ἐν

205 3363 274 3434 τῷ
302 3363 572 3418 θλίϐεσθαι
599 3365 812 3428 αὐτοὺς,
841 3366 936 3419 καὶ
961 3369 1025 3418 ἐκ
1054 3365 1160 3418 τῶν
1188 3365 1442 3432 ἀναγκῶν
1477 3364 1659 3417 αὐτῶν
1683 3363 1767 3427 ἐξ·

205 3457 396 3524 ἤγαγεν
413 3459 630 3520 αὐτοὺς,
659 3459 754 3512 καὶ
779 3459 1060 3528 ὡδήγησεν
1085 3459 1278 3522 αὐτοὺς
1300 3461 1378 3521 είς
1404 3459 1519 3512 ὁδὸν
1553 3457 1768 3511 εύθείαν

205 3545 288 3598 τοῦ
317 3547 646 3617 προευθῦναι
677 3551 757 3610 εἰς
789 3549 941 3600 πόλιν
961 3549 1402 3618 κατοικητηρίου.
1419 3567 1436 3599 ι
1455 3547 1603 3600 Ὀδὸν
1621 3545 1768 3614 λέγει

207 3636 352 3688 αὐτὸν
379 3638 468 3690 τὸν
507 3637 734 3708 Κύριον,
764 3635 832 3708 ἧς
867 3638 1259 3708 ἀπεσφάλησαν
1290 3637 1424 3704 (l9).
1457 3635 1616 3702 Λέγει
1651 3635 1706 3687 δὲ
1734 3637 1766 3704 ἡ

217 3722 349 3788 Ὁδὸς
365 3726 502 3796 αὕτη
521 3731 578 3778 ἐν
593 3727 670 3796 τῷ
703 3725 1046 3794 Εὑαγγελίῳ,
1069 3723 1378 3788 anteisset;
1395 3725 1610 3794 ἔρχεται
1633 3725 1768 3794 πρὸς

213 3814 288 3882 μὲ,
307 3817 398 3866 ἐὰν
417 3815 490 3884 μὴ
503 3820 534 3870 ὁ
547 3817 738 3885 Πατήρ
759 3831 857 3884 μου
880 3814 1133 3884 βούληται
1159 3815 1269 3884 (‘20)
1287 3815 1509 3867 ἑλκύσαι
1531 3817 1710 3868 αὐτόν.
1743 3835 1764 3870 ι

209 3904 296 3955 Διά
317 3905 468 3958 τοῦτο
493 3908 524 3957 ὁ
569 3907 702 3967 Θεὸς
763 3907 890 3968 τοὺς
925 3905 1370 3975 πεπλανημένους
1407 3909 1499 3959 ἐπὶ
1521 3907 1623 3976 τὴν
1649 3907 1766 3958 ὁδὸν

209 3995 332 4062 ἄγει.
374 3997 432 4050 '0
467 3997 526 4049 δὲ
558 3997 718 4060 αὐτὸς
739 3991 912 4062 οὗτος,
957 3999 1051 4050 καὶ
1082 3998 1236 4058 πόλις
1277 3999 1482 4064 γίνεται
1519 4015 1772 4067 κατοικη-

209 4085 399 4154 τηρίου,
431 4087 616 4150 καθώς
647 4089 850 4157 φησινὸ
872 4086 1212 4152 Ἀπὸστολος,
1229 4087 1312 4138 ὅτι
1333 4101 1352 4134 t
1385 4083 1472 4138 Ἐν
1493 4086 1644 4158 αύτῷ
1667 4087 1772 4152 ζῶ-

215 4191 298 4242 μεν
335 4177 425 4228 καὶ
456 4175 775 4244 κινούμεθα,
813 4175 908 4228 καὶ
937 4175 1122 4244 ἐσμέν.
1153 4193 1170 4223 ι
1209 4174 1402 4237 Καλῶς
1449 4175 1646 4243 ἐπάγει
1671 4177 1768 4246 τὴν

213 4265 596 4334 προτρεπτικὴν
615 4265 714 4334 τῆς
763 4266 1111 4334 εὐχαριστίας
1149 4265 1352 4335 φωνὴν,
1383 4266 1462 4317 ὅτι
1498 4267 1546 4318 οἱ
1567 4265 1772 4318 τούτων

209 4357 582 4426 τετυχηκότες,
617 4377 636 4408 ι
673 4357 1283 4428 Ἐξομολογησάσθωσαν
1346 4359 1422 4428 τῷ
1479 4359 1668 4430 Κυρίῳ
1705 4360 1772 4412 τὰ

1863 551 1880 584 ι
1913 533 1996 586 Ab
2026 541 2150 586 ortu
2187 533 2328 587 solis
2363 541 2417 588 et
2447 547 2668 594 occasu,
2700 530 2768 585 ab
2799 531 3056 602 aquilone
3095 537 3149 583 et
3177 531 3314 582 mari
3343 549 3356 582 :
3405 548 3424 580 ι

1856 625 2022 678 maris
2061 625 2284 680 nomine
2311 625 2540 680 australi
2577 625 2729 694 plaga
2769 622 3072 691 designata.
3104 618 3427 674 Snmmatim

1857 715 2023 784 igitur
2053 717 2298 785 exposita
2333 715 2424 770 Dei
2485 729 2650 783 super
2700 729 2891 767 omnes
2959 711 3208 765 homines
3257 711 3428 765 ell'usa

1857 805 2238 872 beneﬁcentia,
2276 813 2466 877 postea
2495 805 2744 859 artiﬁciis
2771 801 3101 872 quibusdam
3145 801 3426 853 hominum

1857 899 1922 949 ad
1977 897 2236 950 malitiam
2278 899 2695 958 deerrationem,
2751 903 2804 950 et
2873 893 3308 960 uniuscujusque
3361 891 3430 945 ad

1857 989 2146 1044 rectiorem
2176 991 2319 1044 viam
2351 989 2726 1044 reductionem
2770 985 2864 1040 Dei
2911 1000 3012 1055 ope
3064 985 3284 1048 factam,
3333 1000 3431 1038 ex-

1858 1080 2046 1146 planat
2071 1079 2157 1132 his
2194 1079 2417 1134 verbis:
2455 1101 2470 1130 ε
2521 1079 2856 1132 Erraverunt
2891 1077 2944 1129 in
2995 1075 3309 1138 solitudine,
3373 1075 3430 1128 in

1857 1171 2168 1238 inaquoso;
2223 1194 2240 1226 ι
2263 1173 2452 1228 relicta
2477 1210 2492 1232 ,
2550 1165 2728 1238 inquit.
2761 1207 2777 1234 ,
2831 1163 2940 1222 via.
3023 1165 3118 1220 Via
3146 1167 3291 1220 enim
3321 1165 3428 1219 DO-

1859 1264 2040 1316 minus
2069 1271 2154 1318 est
2181 1283 2202 1319 .·
2229 1263 2286 1316 In
2313 1259 2607 1316 solitudine
2639 1267 2916 1324 errarunt,
2939 1267 3094 1314 extra
3115 1256 3206 1312 Dei
3235 1271 3428 1311 curam

1856 1365 1908 1408 et
1947 1351 2519 1424 inspectionemzhmc
2536 1361 2713 1406 autem
2735 1353 2888 1406 arida
2933 1359 3035 1415 est,
3064 1357 3119 1404 et
3181 1349 3430 1402 humoris

1857 1461 2073 1514 expers,
2105 1457 2356 1515 separata
2387 1461 2418 1498 a
2471 1446 2742 1515 spirituali
2775 1459 2918 1498 rore.
2980 1441 3322 1511 Quapropter
3351 1439 3432 1492 ci-

1859 1539 2084 1592 vitatem
2120 1537 2232 1602 Dei,
2267 1540 2318 1592 in
2350 1553 2456 1606 qua
2485 1538 2758 1606 justorum
2815 1534 3188 1590 habitaculum
3220 1537 3322 1594 est,
3375 1532 3430 1584 in

1861 1629 2008 1682 invio
2034 1637 2284 1684 errantes
2311 1631 2555 1700 reperire
2583 1645 2690 1684 non
2723 1635 3018 1697 potuerunt
3045 1643 3058 1677 :
3088 1624 3224 1679 dicit
3253 1623 3429 1676 enim:

1867 1741 1884 1770 ι
1921 1721 2210 1774 Civitatem
2263 1723 2556 1776 habitaculi
2610 1737 2718 1774 non
2765 1722 3090 1774 invenerunt
3125 1716 3432 1769 esurientes

1859 1823 1916 1867 et
1951 1813 2238 1868 sitientes:
2275 1834 2294 1864 )
2333 1830 2458 1867 nam
2500 1813 2878 1868 delicientibus
2909 1827 3006 1880 per
3031 1807 3266 1864 inediam
3301 1805 3434 1860 viri-

1861 1905 1962 1958 bus
1991 1919 2207 1966 eorum,
2239 1907 2444 1960 malitia
2470 1905 2698 1958 multum
2735 1901 3120 1956 intendebatur
3155 1911 3208 1955 et
3239 1913 3434 1968 auges-

1860 1997 2036 2050 cebat.
2077 1995 2231 2050 Unde
2270 1999 2412 2052 enim
2451 1999 2844 2050 nutrimentum
2891 1995 2943 2046 in
2979 1993 3206 2046 ardente
3241 2001 3294 2044 et
3324 1997 3434 2044 ste-

1859 2087 1944 2140 rili
1973 2087 2091 2141 solo
2129 2089 2308 2160 adepti
2350 2089 2578 2143 essent?
2623 2087 2762 2140 unde
2795 2086 2944 2140 sitim
2991 2084 3340 2154 depulissent
3379 2081 3436 2136 in

1861 2177 1982 2232 loco
2012 2180 2315 2248 inaquoso?
2337 2175 2688 2250 Perspicuum
2747 2189 2930 2232 autem
2960 2185 3044 2231 est
3102 2174 3434 2244 PrOphetam

1862 2285 2038 2339 neque
2085 2271 2192 2326 cibi
2223 2272 2444 2326 nomine
2487 2285 2702 2340 panem,
2765 2285 2941 2338 neque
3000 2275 3163 2336 potus
3213 2265 3434 2319 nomine

1861 2375 2058 2429 aquam
2089 2361 2484 2436 indicare;sed
2517 2361 2697 2416 cibum
2729 2361 2948 2430 quidem
2981 2357 3216 2428 appellat
3245 2367 3432 2410 veram

1863 2451 2009 2504 illam
2031 2467 2214 2507 escam
2237 2453 2301 2516 ³⁸,
2317 2462 2370 2506 et
2397 2462 2608 2522 potum,
2627 2452 2908 2521 spirituale
2935 2451 3066 2504 illud
3093 2447 3344 2519 poculum
3365 2445 3431 2498 “.

1863 2539 1994 2605 Qua:
2047 2539 2157 2594 duo
2205 2541 2574 2610 indigentibus
2624 2547 2780 2610 grata
2825 2539 2944 2592 vice
2993 2539 3112 2606 ipse
3167 2535 3436 2588 Dominus

1864 2631 2090 2686 eﬁicitur
2114 2676 2127 2699 ,
2177 2633 2416 2702 seipsum
2453 2631 2912 2702 pra-hens;cibus
2943 2627 3336 2690 esurientibus,
3381 2633 3438 2679 et

1867 2723 1990 2776 fons
2026 2725 2340 2778 sitientibus
2373 2725 2570 2778 factus.
2609 2724 2739 2788 Quae
2759 2723 2927 2792 igitur
2957 2720 3095 2774 ratio
3125 2718 3226 2774 hos
3257 2715 3439 2771 cxsol-

1867 2813 1944 2867 vit
1981 2829 2044 2868 cx
2080 2813 2247 2868 tantis
2279 2813 2691 2868 diﬂicultatihus
2713 2821 2767 2868 et
2797 2811 3086 2882 angustiis,
3121 2825 3186 2865 ex
3228 2821 3436 2870 errore,

1865 2919 1934 2957 ex
1963 2903 2279 2967 solitudine,
2305 2921 2369 2958 ex
2415 2905 2506 2959 illa
2555 2905 2610 2957 in
2651 2906 2922 2973 inaquoso
2985 2901 3316 2959 calamitate.
3371 2913 3440 2952 ex

1869 2993 2174 3048 delectione
2201 3011 2363 3065 quant
2399 2995 2568 3050 (ames
2598 2995 2908 3050 afferebat?
2945 3009 2980 3048 ο
3009 3009 3119 3047 rem
3158 2993 3437 3046 admiran-

1869 3084 1991 3138 dam
2019 3087 2032 3136 ι
2065 3089 2224 3138 unica
2259 3101 2362 3138 vox
2396 3086 2462 3140 ad
2499 3085 2689 3148 Deum,
2717 3086 2828 3138 imo
2853 3099 2918 3137 ex
2957 3091 3176 3152 pectore
3216 3080 3438 3145 emissa,

1869 3177 2050 3230 omnia
2083 3179 2134 3230 in
2169 3179 2362 3232 melius
2397 3178 2772 3231 commutavit.
2809 3177 2900 3228 Ait
2943 3176 3086 3228 enim
3115 3193 3128 3228 :
3169 3191 3187 3222 ί
3226 3173 3442 3224 Clama-

1870 3273 2064 3319 verunt
2094 3268 2160 3320 ad
2193 3267 2480 3320 Dominum
2523 3283 2644 3319 cum
2677 3267 2966 3320 tribularet
3003 3265 3148 3326 illos,
3176 3255 3230 3317 et
3257 3279 3320 3316 ex
3353 3277 3443 3315 ne-

1869 3359 2220 3412 cessitatibus
2247 3375 2435 3412 eorum
2476 3358 2676 3427 eripuit
2736 3371 2851 3420 eos,
2883 3363 2938 3410 et
2971 3353 3200 3412 deduxit
3233 3367 3328 3406 eos
3385 3351 3440 3404 in

1867 3453 2010 3504 viam
2049 3459 2277 3514 rectam,
2315 3457 2371 3504 ut
2419 3451 2561 3504 irent
2591 3451 2644 3503 in
2675 3450 2950 3502 civitatem
3005 3444 3379 3500 habitationis.
3415 3463 3434 3494 ι

1865 3543 2020 3598 Viam
2055 3549 2211 3593 vocat
2244 3542 2422 3609 ipsum
2453 3539 2766 3598 Dominum,
2795 3555 2824 3591 a
2867 3551 2974 3605 qua
3006 3538 3393 3589 aberraverant
3423 3551 3437 3586 :

1869 3641 2106 3687 testatur
2129 3648 2257 3686 vero
2279 3632 2396 3700 ipsa
2425 3631 2536 3684 haec
2551 3629 2646 3683 Via
2671 3632 2724 3682 in
2757 3628 3049 3697 Evangelio
3077 3627 3144 3689 ",
3168 3625 3439 3678 neminem

1871 3725 2064 3778 venire
2091 3723 2156 3776 ad
2181 3739 2261 3788 se,
2287 3723 2392 3777 nisi
2427 3721 2588 3774 Pater
2611 3720 2858 3774 cmlestis
2891 3735 3014 3772 eum
3053 3715 3270 3768 trahere
3290 3714 3440 3768 velit.

1871 3815 2139 3880 Quocirca
2177 3813 2318 3869 Deus
2348 3821 2596 3867 errantes
2646 3812 2700 3864 in
2749 3811 2890 3863 viam
2943 3807 3173 3862 reducit.
3236 3805 3301 3858 Et
3355 3804 3446 3856 ille

1871 3905 2013 3957 idem
2039 3903 2096 3956 ﬁt
2129 3905 2326 3958 civitas
2353 3902 2687 3966 habitaculi;
2719 3903 2846 3970 quia
2882 3909 2941 3952 ut
2995 3897 3290 3968 Apostolus
3345 3896 3440 3956 ait,

1877 4017 1894 4046 σ
1943 3995 1996 4048 ln
2029 3997 2148 4064 ipso
2189 3995 2444 4056 vivimus,
2473 4009 2757 4048 movemur
2781 4003 2834 4047 et
2889 4008 3078 4046 sumus
3107 3991 3168 4042 ".
3221 4008 3237 4038 ι
3277 3987 3445 4040 Recte

1874 4087 2039 4155 igitur
2060 4087 2126 4138 ad
2157 4087 2458 4154 gratiarum
2491 4086 2761 4140 actionem
2819 4085 3076 4152 deinceps
3125 4081 3446 4136 cohortatur

1871 4191 1990 4236 eos.
2015 4177 2106 4245 qui
2135 4177 2250 4230 haec
2290 4175 2418 4228 talia
2449 4177 2730 4230 consecuti
2787 4183 2954 4230 sunt:
3019 4193 3035 4224 ι
3077 4175 3452 4227 Conliteantnr

1875 4267 2101 4320 Domino
2131 4267 2522 4322 misericordiae
2553 4271 2696 4334 ejus,
2734 4275 2788 4321 et
2835 4267 3106 4320 mirabilia
3146 4267 3268 4335 ejus
3319 4264 3446 4317 ﬁliis

1877 4357 2178 4418 hominum,
2209 4357 2476 4420 thocest,
2511 4373 2578 4410 ne
2618 4357 2839 4412 silentio
2897 4361 3154 4412 beneﬁcia
3194 4365 3444 4424 accepta,

211 4445 318 4518 ἐλέη
379 4449 578 4511 αὑτοῦ,
631 4451 726 4501 καὶ
786 4449 854 4501 τά
901 4449 1176 4518 θαυμάσια
1237 4449 1400 4501 αὐτοῦ
1462 4452 1574 4510 τοῖς
1632 4451 1761 4512 υἱοῖς

1877 4456 2054 4500 mente
2117 4445 2290 4511 fatua,
2357 4447 2740 4514 abscondant;
2805 4449 2900 4502 sed
2963 4465 3085 4502 eum
3145 4447 3444 4517 gratiarum

209 4533 304 4587 τῶν
319 4536 635 4606 ἀνθρώπων.
669 4557 686 4588 ι
705 4537 983 4598 Ἱόυτέστι,
1011 4537 1084 4606 μὴ
1120 4540 1295 4607 σιωπῇ
1319 4539 1419 4608 τὴν
1453 4539 1768 4608 εὐεργεσίαν

211 4627 260 4676 ἐν
285 4628 638 4698 ἀγνωμοσύνῃ
689 4628 1099 4698 κρυπτέτωσαν,
1133 4628 1268 4680 ἁλλά
1300 4627 1670 4684 διαϐοάτωσαν
1709 4632 1766 4684 ἐν

209 4717 506 4790 εὐχαριστίᾳ
539 4721 640 4789 τὴν
689 4721 868 4788 χάριν,
899 4720 982 4771 ὃτι
1027 4720 1186 4790 κενὴν
1223 4716 1388 4772 οὖσαν
1411 4721 1518 4772 τῶν
1547 4721 1764 4789 ἀγαθῶν

208 4807 294 4876 τὴν
319 4809 514 4880 ψυχὴν,
541 4809 719 4880 πλήρη
749 4809 1054 4878 ἐποίησεν.‹
1078 4807 1395 4877 Ἐχόρτασει
1427 4809 1556 4878 γὰρ,
1577 4808 1762 4877 φησὶν,

215 4917 230 4946 ε
258 4898 422 4970 ψυχὴν
471 4901 654 4970 κενὴν,
693 4900 786 4952 καὶ
807 4899 984 4968 ψυχὴν
1013 4897 1284 4950 πεινῶσαν
1307 4897 1599 4967 ἐνέπλησεν
1628 4899 1769 4966 ἁγα-

209 4987 322 5042 θῶν.
363 5010 382 5040 ι
419 4991 588 5043 Πάλιν
645 4991 816 5060 ἑτέρῳ
851 4990 1037 5060 τρόπῳ
1079 4986 1177 5056 τὴν
1216 4987 1498 5057 συμφοράν
1531 4988 1640 5058 (21)
1673 4991 1770 5058 τῆς

210 5075 402 5140 φύσεως
425 5081 515 5130 ὑπ’
543 5078 664 5147 ὄψιν
702 5078 843 5146 ἄγει,
881 5079 976 5130 καὶ
997 5077 1094 5147 τὴν
1115 5075 1265 5129 θείαν
1293 5077 1620 5148 ἐκδιηγεῖται
1650 5081 1770 5148 φιλ-

279 5275 318 5304 ¹⁰
345 5275 499 5333 Joan.
525 5294 602 5344 VI,
635 5279 726 5335 55.
805 5281 846 5312 “
887 5281 908 5336 Ι
939 5281 1066 5338 Cor.
1097 5298 1151 5349 ι,
1193 5283 1248 5338 4.

299 5457 380 5523 13)
413 5455 540 5524 'Hg,
572 5459 652 5514 ed.

301 5529 380 5592 lt)
411 5530 526 5596 Ἐφ’
548 5545 658 5583 om.
691 5530 776 5584 ed.

281 5598 384 5664 (15)
427 5600 486 5650 'H
521 5600 570 5666 ξ.
599 5598 714 5664 οὖν,
750 5599 837 5657 ed.

282 5667 385 5730 (I6)
433 5671 494 5721 Ἢ
526 5671 648 5724 add.
673 5671 762 5725 ed.

283 5737 388 5806 (Π)
417 5739 570 5804 Οὔτε,
605 5741 694 5796 ed.

1328 5285 1372 5316 "
1395 5281 1554 5338 Joan.
1589 5300 1660 5352 vt,
1697 5285 1788 5343 44.

1876 4538 2092 4592 actione
2120 4547 2400 4608 acceptam
2423 4542 2654 4609 gratiam
2687 4541 3002 4608 divulgcnt;
3047 4541 3175 4609 quia
3209 4540 3448 4592 animam

1873 4631 2140 4683 bonorum
2185 4631 2399 4682 inanem
2459 4631 2704 4700 replevit.
2763 4631 2850 4684 Att
2904 4633 3088 4684 enim:
3132 4648 3150 4680 ι
3215 4629 3448 4683 Satiavit

1873 4722 2108 4775 animam
2151 4723 2387 4784 inanem,
2439 4732 2490 4776 et
2547 4725 2782 4776 animam
2829 4725 3160 4776 esurientem
3221 4723 3448 4790 replevit

1873 4815 2046 4867 bonis.
2091 4833 2108 4864 ›
2147 4811 2359 4868 Rursus
2394 4814 2502 4868 alio
2535 4814 2695 4867 modo
2727 4823 2937 4867 natura:
2989 4813 3328 4868 calamitates
3376 4813 3446 4868 ob

1874 4906 2063 4964 oculos
2091 4907 2260 4974 ponit,
2293 4906 2642 4976 divinamque
2685 4908 3080 4960 humanitatem
3128 4915 3183 4958 et
3213 4907 3447 4960 benevo-

1875 4998 2118 5058 lentiam,
2156 5014 2264 5067 qua
2297 4999 2362 5052 ad
2393 4999 2619 5053 meliora
2654 5007 2846 5052 natura
2880 5009 3064 5053 nostra
3117 4998 3442 5060 traducitur,

1876 5087 2158 5141 dilaudat:
2193 5099 2322 5144 sunt
2361 5100 2542 5146 autem
2569 5091 2838 5156 ejusmodi
2872 5107 2992 5162 qua:
3016 5087 3448 5145 aﬁ‘ertzh’lortale

1867 5287 1909 5317 “'
1940 5285 2062 5340 Act.
2097 5304 2230 5352 ινιι,
2266 5289 2356 5343 28.

1943 5465 2052 5536 (18)
2079 5466 2152 5520 Τό
2179 5481 2287 5520 om.
2319 5466 2403 5519 ed.

1936 5537 2491 5606 (11))Ἐπεσφάλησαν,
2515 5537 2600 5590 ed.

1945 5606 2056 5674 (20)
2081 5606 2358 5665 Βούλεται.
2394 5607 2480 5660 ed.

1947 5679 2058 5746 (21)
2091 5677 2201 5738 Τὰς
2231 5677 2534 5747 συμφοράς,
2569 5675 2658 5731 οὐ.
