3838 6224
384 273 481 330 471

1615 274 1675 332 S.
1714 271 2047 329 GREGORII
2084 271 2379 327 NYSSENI

3542 263 3654 320 572

384 401 558 457 genus
589 400 622 441 a
657 385 866 443 lumine
893 385 1254 454 abscessisse,
1286 395 1341 444 et
1374 386 1443 442 ad
1475 395 1761 459 peccatum
1789 386 1949 444 decli-

2060 383 2398 455 ανθρωπίαν,
2445 380 2512 434 δι’
2557 375 2628 452 ἧς
2655 380 2792 450 πρὸς
2825 377 2889 432 τὸ
2918 378 3167 449 κρεῖττον
3195 378 3232 448 ἡ
3260 375 3425 446 φύσις
3465 393 3655 447 μετασο

385 491 570 541 nasse,
598 490 776 545 neque
806 475 862 529 in
892 483 1040 530 statu
1082 483 1233 531 recto
1264 478 1614 549 perstitisse;
1653 486 1710 535 et
1757 478 1828 534 ab
1867 479 1959 533 illa

383 581 507 638 quae
544 581 674 621 vere
724 566 836 620 vita
870 573 976 629 est,
1004 566 1373 622 abalienatum
1425 583 1570 625 esse.
1620 569 1712 624 Ait
1756 569 1904 624 enim
1936 584 1953 621 :

390 677 410 709 ι
455 656 720 713 Sedentes
748 656 805 711 in
836 656 1079 713 tenebris
1105 665 1162 712 et
1193 659 1386 713 umbra
1411 660 1627 725 mortis,
1654 661 1874 716 vinctos
1902 660 1957 714 in

384 745 739 801 mendicitate
774 753 829 800 et
858 744 1045 810 ferro;
1089 765 1109 799 ι
1160 762 1290 802 nam
1342 748 1610 802 dimoveri
1653 763 1762 804 non
1798 756 1955 818 pote-

393 843 517 888 rant
578 849 609 888 a
639 834 805 899 malo,
832 836 1099 906 gravitate
1128 837 1451 906 compedum
1481 838 1709 894 detenti.
1743 838 1954 896 Catena

382 935 468 981 est
495 927 627 982 recti
662 927 897 996 privatio
925 938 979 983 et
1003 929 1311 994 destitutio,
1342 945 1465 1001 qua:
1493 946 1553 987 se
1600 932 1765 987 habet
1821 932 1954 989 ferri

384 1018 559 1071 instar
604 1019 924 1088 praecordiis
971 1021 1332 1090 circumiecti.
1388 1022 1633 1089 Quorum
1706 1024 1951 1081 omnium

380 1123 549 1162 causa
577 1116 698 1162 erat
727 1109 930 1165 divina;
957 1110 1092 1180 legis
1112 1113 1415 1183 neglectus,
1440 1116 1763 1184 consiliique
1784 1116 1955 1172 Altis-

379 1199 505 1253 simi
567 1208 938 1272 contemptus.
1004 1202 1117 1258 Hoc
1155 1205 1302 1258 enim
1361 1205 1589 1271 indicat,
1651 1222 1776 1261 cum
1832 1209 1950 1265 ait:

384 1307 405 1338 ι
441 1287 583 1354 Quia
612 1291 1080 1347 exacerbaverunt
1122 1295 1341 1366 eloquia
1395 1294 1510 1361 Dei,
1555 1306 1609 1354 et
1660 1299 1950 1355 consilium

379 1380 644 1435 Altissimi
673 1381 1048 1439 irritaverunt.
1085 1404 1104 1437 ι
1141 1384 1260 1452 His,
1301 1393 1362 1440 ut
1412 1403 1512 1457 par
1541 1398 1681 1452 erat,
1717 1391 1872 1447 labor
1897 1398 1952 1447 et

379 1469 617 1540 abjectio
643 1474 769 1529 vita:
802 1478 1089 1532 successit.
1129 1478 1309 1535 Labor
1356 1482 1598 1552 quidem,
1634 1498 1758 1538 cum
1797 1486 1950 1540 omni

378 1561 720 1619 nutrimento
744 1565 992 1622 destituti
1023 1579 1173 1625 sunt.
1204 1571 1454 1642 Abjectio
1481 1586 1683 1640 autem,
1730 1578 1950 1647 quando

378 1666 505 1706 cum
546 1654 830 1712 Altissimo
881 1674 1202 1729 permanere
1255 1664 1574 1721 noluerunt.
1620 1668 1709 1722 Ait
1757 1671 1946 1726 enim:

2065 476 2410 543 σκευάζεται.
2448 475 2520 526 'A
2564 472 2623 525 δὲ
2663 472 2810 540 λέγει
2839 470 3069 524 τοιαῦτὰ
3094 472 3243 523 ἐστιν
3263 486 3280 500 ·
3306 469 3391 522 ὅτι
3429 469 3650 540 ἀπέστη

2056 567 2152 622 τοῦ
2175 567 2354 637 φωτὸς
2408 565 2471 619 τὸ
2527 562 2887 635 ἀνθρώπινον,
2948 562 3043 615 καὶ
3069 561 3207 630 πρὸς
3236 560 3339 629 τὴν
3364 560 3654 631 ἁμαρτίαν

2058 659 2390 722 συνώκλασε,
2419 657 2515 711 καὶ
2543 655 2726 709 οὐκέτι
2743 648 2813 725 ἦν
2846 655 2907 705 ὲν
2924 652 3003 722 τῷ
3027 652 3196 722 ὀρθίῳ
3224 651 3322 705 τοῦ
3359 653 3650 722 σχήματος

2056 751 2151 804 καλ⁵
2175 750 2274 818 τῆς
2293 749 2459 808 ὅντως
2474 744 2789 815 ἀπεξενώθη
2826 743 2995 813 ζωῆς.
3026 760 3045 793 ι
3078 741 3439 827 Καθημένους
3460 760 3482 794 ι
3507 741 3649 814 γὰρ,

2056 842 2245 913 φησὶν,
2285 859 2305 892 ι
2342 841 2400 892 ἐν
2426 838 2607 891 σκότει
2638 836 2735 889 καὶ
2785 835 2914 904 σκιᾷ
2958 833 3655 904 θανάτου,πεπεδημένους

2054 935 2115 988 ὲν
2168 930 2557 1001 πτωχείᾳ,οκαὶ
2601 928 2826 999 σιδήρῳ.
2863 944 2883 978 ι
2925 924 3207 993 ’Δκίνητον
3259 922 3371 993 γὰρ
3411 919 3485 993 ἦν
3532 923 3655 977 ἀπὸ

2052 1024 2149 1080 τοῦ
2176 1024 2347 1079 κακοῦ
2367 1027 2433 1095 τῇ
2458 1024 2650 1095 βαρείᾳ
2666 1021 3031 1091 κατεχόμενον
3055 1018 3213 1091 πέδη.
3239 1017 3383 1089 Πέδη
3404 1018 3464 1072 δὲ
3482 1020 3518 1088 ή
3542 1017 3650 1070 τοῦ

2054 1116 2220 1171 καλοῦ
2266 1116 2508 1185 πτωχεία
2541 1114 2710 1178 ἐστὶν,
2743 1108 2854 1167 οἷόν
2882 1130 2965 1174 τις
2988 1111 3204 1181 σίδηρος
3237 1110 3653 1181 περιτυπωθεὶς

2050 1213 2173 1272 ταῖς
2210 1209 2479 1279 καρδίαις.
2511 1208 2736 1261 Πάντων
2768 1205 2827 1258 δὲ
2859 1204 3069 1257 τούτων
3101 1202 3360 1266 ὑπόθεσις
3392 1198 3465 1274 ἦν
3490 1204 3526 1273 ἡ
3545 1202 3648 1256 τοῦ

2053 1299 2199 1352 θείου
2228 1300 2393 1369 νόμου
2414 1297 2687 1369 παρακοὴ,
2708 1296 2803 1349 καὶ
2830 1298 2865 1365 ἠ
2893 1294 2995 1364 τῆς
3020 1294 3217 1363 βουλῆς
3248 1293 3343 1346 τοῦ
3377 1294 3648 1362 Ὑψίστου

2050 1390 2323 1460 ἀθέτησις.
2354 1388 2538 1441 Ταῦτα
2567 1387 2677 1458 γὰρ
2701 1386 2959 1458 σημαίνει
2996 1385 3193 1454 λέγων,
3221 1384 3379 1439 «Ὅτι
3402 1386 3649 1454 παρεπί-

2050 1499 2257 1552 κραναν
2292 1479 2363 1533 τὰ
2408 1479 2564 1548 λόγια
2587 1479 2681 1532 τοῦ
2710 1477 2846 1531 Θεοῦ
2894 1477 2992 1531 καί
3027 1476 3127 1548 τὴν
3156 1472 3647 1549 βωλὴντοῦΎψίο

2052 1590 2177 1626 στου
2228 1570 2572 1643 παρώξυναν.
2633 1590 2650 1621 ι
2708 1570 2833 1623 Ἐπὶ
2887 1569 3096 1632 τούτοις
3152 1567 3292 1622 κατά
3343 1568 3405 1621 τὸ
3448 1568 3605 1631 εἰκὸς
3626 1609 3644 1629 ,

2050 1666 2237 1731 κόπος,
2269 1665 2363 1717 καὶ
2385 1664 2710 1726 ταπείνωσις
2738 1663 2837 1732 τὴν
2877 1661 3022 1733 ζωὴν
3052 1661 3161 1713 τῶν
3183 1660 3439 1714 τοιούτων
3483 1660 3645 1714 ἐκδι-

385 1760 405 1793 ι
454 1740 813 1804 Humiliatum
876 1750 1049 1806 estin
1085 1752 1366 1811 laboribus
1421 1771 1519 1811 cor
1567 1772 1780 1814 eorum.
1826 1779 1847 1813 ι
1880 1761 1949 1816 At

2051 1772 2224 1826 χεται.
2250 1755 2434 1816 Κόπος
2467 1753 2591 1823 μὲν,
2613 1753 2695 1805 ὅτι
2717 1730 2817 1821 τῆς
2851 1730 3056 1822 τροφῆς
3094 1752 3206 1819 (22)
3231 1750 3640 1822 ἐχωρίσθησαν,

378 1837 655 1904 separatio
679 1852 710 1893 a
741 1839 944 1898 virtute
969 1842 1107 1897 nihil
1135 1844 1284 1899 aliud
1312 1861 1475 1918 quam
1509 1848 1801 1907 inﬁrmitas
1824 1861 1948 1920 est;

377 1927 504 1994 quis
532 1926 678 1982 enim
725 1928 847 1984 sine
879 1931 1083 1988 virtute
1128 1941 1311 2002 potest
1344 1936 1594 1993 invenire
1627 1940 1893 1994 auxilium
1930 1945 1955 2000 ?

379 2016 724 2090 Quapropter
773 2022 1090 2092 subjungit:
1126 2043 1146 2076 ι
1185 2023 1448 2081 luﬁrmati
1488 2037 1649 2092 sunt,
1688 2045 1790 2085 nec
1846 2029 1952 2086 fuit

378 2108 472 2177 qui
502 2109 807 2180 adjuvaret.
850 2132 869 2166 ι
903 2114 1174 2170 Caeterum
1204 2132 1398 2173 rursus
1436 2119 1594 2173 unica
1624 2134 1759 2179 voce
1799 2122 1951 2177 cala-

381 2197 599 2254 mitates
658 2200 716 2256 in
766 2205 1184 2272 prosperitatem
1242 2216 1589 2262 commutatae
1633 2217 1809 2266 sunt:
1867 2210 1951 2265 ait

377 2296 521 2351 enim
553 2317 567 2352 :
602 2317 623 2352 ι
654 2296 1039 2356 Clamaverunt
1067 2301 1136 2356 ad
1175 2301 1465 2359 Dominum
1502 2319 1628 2359 cum
1661 2306 1950 2363 tribularet

376 2403 494 2455 eos,
540 2396 596 2444 et
643 2389 713 2445 de
756 2392 1182 2448 necessitatibus
1241 2408 1433 2449 eorum
1485 2394 1737 2450 liberavit
1767 2411 1892 2453 eos.
1922 2416 1944 2450 ι

376 2473 657 2534 Tenebras
684 2478 910 2549 disjicit,
957 2491 1190 2536 mortem
1240 2483 1515 2551 dissolvit,
1567 2485 1788 2541 vincula
1834 2487 1950 2542 dis-

374 2567 601 2638 rumpit.
631 2567 799 2623 Addit
822 2571 967 2626 enim
996 2589 1009 2623 :
1040 2591 1059 2623 ι
1091 2572 1158 2627 Ει
1189 2572 1381 2629 eduxit
1405 2588 1502 2631 eos
1528 2575 1596 2631 de
1627 2577 1868 2632 tenebris
1895 2587 1952 2634 et

378 2657 571 2715 umbra
594 2659 814 2716 mortis.
838 2668 894 2715 et
923 2663 1144 2717 vincula
1187 2678 1377 2719 eorum
1428 2666 1681 2736 disrupit.
1723 2687 1743 2720 ι
1804 2667 1948 2740 Ergo

377 2748 515 2803 laetis
543 2748 767 2806 vocibus
800 2750 1126 2809 beneﬁcium
1162 2754 1268 2810 hoc
1312 2756 1666 2826 praedicetur,
1699 2761 1948 2830 quando-

374 2838 598 2908 qtl'dem
625 2840 959 2900 inevitabilis
988 2844 1240 2901 custodia
1272 2849 1486 2913 mortis,
1509 2851 1669 2904 aereis
1698 2852 1870 2920 portis
1894 2863 1951 2908 et

375 2928 569 2985 ferreis
591 2932 836 2988 vectibus
868 2935 1099 3001 munita,
1124 2936 1406 2992 confracta
1435 2949 1540 3002 est,
1588 2942 1947 3010 quemadmo-

2048 1845 2377 1908 ταπείνωσις
2418 1844 2496 1906 δὲ,
2531 1843 2613 1896 ὄτι
2646 1843 2707 1895 ὲν
2725 1836 2804 1908 τῷ
2824 1836 3063 1912 Ὑψίστῳ
3096 1841 3209 1912 (25)
3232 1842 3510 1912 διαμεῖναι
3534 1844 3642 1895 οὐκ

2049 1934 2476 2005 ήδουλήθησαν.ι
2498 1929 2861 2002 Ἐταπεινώθη
2891 1950 2912 1983 ι
2938 1931 3068 2000 γὰρ,
3088 1931 3243 2000 φησι,
3272 1948 3291 1980 ι
3314 1930 3373 1983 ὲν
3397 1930 3514 2001 (24)
3542 1930 3640 1982 κό-

2050 2043 2173 2089 ποις
2224 2027 2257 2095 ἡ
2297 2024 2493 2096 καρδία
2538 2023 2739 2078 αὐτῶν.
2772 2041 2792 2074 ι
2843 2023 2903 2076 '0
2947 2022 3005 2075 δὲ
3036 2021 3313 2092 χωρισμὸς
3345 2022 3445 2091 τῆς
3474 2021 3639 2075 δυνά·

2053 2132 2198 2185 μεως
2226 2114 2377 2168 οὐδὲν
2399 2113 2528 2167 ἄλλο
2545 2112 2692 2166 ἐστὶν
2723 2111 2757 2183 ἢ
2796 2110 3053 2165 ἀσθένεια
3071 2127 3086 2141 ·
3117 2110 3201 2173 τίς
3230 2110 3339 2180 γὰρ
3363 2109 3430 2162 ἂν
3455 2111 3638 2181 χωρὶς

2046 2206 2327 2276 δυνάμεως
2366 2204 2617 2275 εὑρεθείη
2646 2202 2891 2273 βοήθειας
2914 2204 3003 2254 Διό
3023 2218 3243 2273 φησιν’(
3269 2199 3634 2270 Ἦσθένησαν,

2049 2297 2145 2350 καὶ
2173 2298 2276 2351 οὐκ
2304 2293 2374 2369 ἦν
2398 2298 2428 2348 ὁ
2453 2296 2682 2367 βοηθῶν.
2726 2315 2746 2348 ι
2795 2294 2955 2348 Ἀλλὰ
2996 2295 3155 2347 πάλιν
3185 2292 3283 2364 μία
3308 2293 3462 2361 φωνὴ
3519 2293 3638 2363 (25)

2047 2388 2185 2459 πρὸς
2253 2388 2590 2459 εὐφροσύνην
2666 2386 2765 2449 τὰς
2842 2384 3127 2455 συμφορὰς
3204 2384 3633 2454 μετεσκεύασεν.

2054 2501 2074 2533 ι
2120 2480 2453 2552 Ἐκέκραξαν
2511 2499 2530 2531 ι
2557 2480 2689 2550 γὰρ,
2716 2479 2871 2550 φησὶ,
2901 2497 2920 2528 ι
2947 2478 3081 2549 πρὸς
3111 2477 3317 2549 Κύριον
3343 2478 3404 2528 ἐν
3423 2475 3505 2546 τῷ
3523 2475 3639 2529 Bli-

2049 2570 2239 2625 ίεσθαι
2264 2572 2479 2635 αὐτοὺς,
2493 2571 2587 2624 καὶ
2601 2570 2712 2640 (26)
2734 2570 2800 2622 ὲκ
2819 2569 2925 2622 τῶν
2940 2566 3195 2636 ἀναγκῶν
3209 2566 3390 2620 αὐτῶν
3422 2566 3634 2620 ἔσωσεν

2048 2664 2264 2727 αὐτούς.
2297 2683 2316 2715 ι
2336 2663 2614 2732 Ἀφανίζει
2658 2661 2720 2716 τὸ
2748 2662 2957 2724 σκότος,
2991 2660 3197 2715 διαλύει
3249 2659 3342 2713 τὸν
3378 2660 3633 2722 θάνατον,

2045 2758 2116 2809 τὰ
2142 2756 2317 2826 δεσμὰ
2341 2755 2747 2827 διαρρήγνυσιν.
2783 2772 2802 2806 ι
2861 2753 3161 2823 Ἐξήγαγεν
3196 2771 3216 2803 ι
3257 2751 3390 2822 γὰρ,
3443 2753 3634 2821 φησὶν,

2052 2864 2072 2897 ι
2102 2848 2297 2911 αὐτοὺς
2343 2850 2409 2902 ὲκ
2452 2848 2697 2911 σκότους,
2724 2844 2819 2899 καὶ
2867 2846 3027 2908 σκιᾶς
3068 2843 3323 2906 θανάτου,
3360 2845 3459 2898 καὶ
3504 2845 3637 2906 τοὺς

2047 2939 2281 3010 δεσμοὺς
2295 2939 2472 2992 αὐτῶν
2498 2936 2801 3009 διέρρηξεν.
2839 2956 2859 2989 ι
2897 2936 3108 2989 Οὐκοῦν
3149 2935 3633 3006 ἀνακηρυττέσθω,

374 3021 506 3077 dum
559 3019 831 3092 Propheta
890 3027 1040 3080 canit
1083 3065 1100 3082 .
1136 3025 1286 3084 Talis
1341 3044 1579 3100 namque
1642 3033 1947 3087 habebatur

2050 3032 2203 3101 φησι,
2231 3030 2299 3084 δι’
2327 3030 2598 3099 εὐφημίας
2626 3030 2660 3099 ἡ
2686 3030 2867 3099 χάρις,
2891 3028 2973 3081 ὅτι
3014 3029 3047 3096 ή
3069 3027 3310 3096 ἄφυκτος
3341 3026 3439 3078 τοῦ
3467 3026 3637 3080 θανά-

374 3110 572 3168 mortis
624 3114 906 3183 petentia;
962 3115 1322 3187 quoadusque
1378 3119 1459 3173 vis
1518 3128 1630 3173 tam
1680 3123 1944 3191 violenta,

376 3201 613 3257 adventu
637 3210 692 3258 et
715 3205 1007 3272 praesentia
1033 3221 1175 3260 vera:
1201 3209 1321 3261 vita:
1342 3211 1563 3263 evanuit
1591 3227 1606 3276 ;
1638 3226 1762 3265 cum
1794 3215 1947 3281 prius

375 3309 537 3352 omne
568 3294 705 3349 illud
743 3296 889 3365 quod
919 3297 1062 3351 intra
1108 3314 1173 3353 ea
1211 3301 1616 3367 continebatur,
1685 3313 1947 3375 tanquam

376 3386 624 3443 vectibus
652 3384 867 3450 ferreis,
904 3388 1186 3459 portisque
1208 3387 1384 3461 frangi
1409 3393 1635 3458 nesciis,
1681 3395 1803 3450 sine
1857 3412 1950 3465 pe-

376 3477 553 3533 riculo
582 3475 725 3548 fugae
756 3486 1152 3534 asservaretur.
1211 3480 1320 3535 Sed
1352 3500 1371 3532 ι
1442 3485 1704 3538 contrivit
1758 3496 1947 3556 portas

376 3584 571 3634 areas,
605 3588 626 3623 ι
663 3570 860 3641 inquit,
897 3590 919 3622 ι
983 3578 1040 3625 et
1069 3580 1255 3628 vectes
1316 3572 1523 3631 ferreos
1581 3577 1868 3648 confregit.
1921 3598 1940 3630 ι

379 3659 495 3715 lloc
544 3661 804 3718 nimirum
858 3669 963 3725 est,
1020 3662 1165 3718 viam
1219 3665 1524 3736 iniquitatis
1567 3668 1809 3739 ipsorum
1845 3689 1947 3725 au.-

381 3753 542 3814 ferre,
573 3752 848 3824 vitamque
873 3752 943 3807 ad
996 3755 1213 3824 pietatis
1248 3772 1497 3814 normam
1555 3760 1943 3820 conl‘ormare:

377 3840 603 3896 abolitio
662 3841 882 3898 illarum
920 3853 1229 3915 portarum,
1289 3848 1421 3918 quid
1453 3849 1602 3905 aliud
1638 3862 1744 3915 est,
1779 3869 1945 3923 quam

377 3934 489 3987 vita
515 3948 584 3989 ex
611 3932 840 4004 justitiae
900 3939 1222 4009 praescripto
1279 3939 1574 3996 instituta?
1624 3942 1716 3998 Ait
1754 3945 1942 4001 enim:

383 4043 404 4077 ι
434 4023 688 4098 Suscepit
717 4041 817 4084 eos
845 4027 915 4084 de
941 4029 1028 4084 via
1059 4031 1365 4101 iniquitatis
1396 4048 1607 4087 eorum.
1637 4052 1659 4085 ι

2047 3140 2140 3176 του
2170 3122 2380 3193 φρουρὰ
2403 3119 2644 3190 διελύθη,
2670 3121 2704 3189 ὴ
2740 3121 2858 3181 ταῖς
2884 3117 3112 3187 χαλκαῖς
3136 3117 3335 3180 πύλαις
3385 3118 3484 3170 καὶ
3518 3119 3634 3180 τοῖς

2050 3213 2285 3283 σιδηροῖς
2307 3211 2683 3282 ἠσφαλισμένη
2721 3210 2954 3281 μοχλοῖς,
2987 3210 3169 3274 καθώς
3224 3227 3391 3281 φησιν
3426 3212 3456 3264 ὁ
3488 3212 3635 3280 Προο

2048 3306 2246 3375 φήτης.
2303 3303 2537 3375 Τοιαύτη
2589 3304 2698 3375 γάρ
2737 3321 2822 3367 τις
2852 3304 2886 3372 ἡ
2921 3302 3051 3374 περὶ
3095 3302 3185 3354 τὸν
3219 3301 3453 3355 θάνατον
3478 3303 3635 3372 ἰσχὺς

2048 3393 2347 3463 ἐνομίζετο,
2409 3393 2514 3457 ’ἐως
2547 3393 2699 3446 οὔπω
2744 3396 2809 3463 τῇ
2841 3393 3115 3463 παρουσίᾳ
3154 3392 3253 3462 τῆς
3279 3392 3453 3455 ὅντως
3481 3392 3632 3461 ζωῆς

2048 3479 2375 3551 ἐξηφανίσθη
2403 3480 2497 3534 τοῦ
2537 3482 2767 3536 θανάτου
2800 3482 2861 3536 τὸ
2888 3482 3109 3552 κράτος,
3136 3483 3217 3535 ὅτι
3253 3485 3361 3535 πᾶν
3389 3483 3454 3535 τὸ
3482 3482 3635 3545 ἐντὸς

2048 3572 2257 3625 ἐκείνου
2296 3573 2606 3643 γενόμενον,
2645 3573 2836 3644 ὥσπερ
2867 3575 2979 3627 τισὶ
3023 3574 3239 3645 μοχλοῖς
3269 3575 3512 3645 σιδηροῖς
3538 3577 3636 3626 καὶ

2049 3663 2242 3727 πύλαις
2256 3664 2537 3734 ἀτρίπτοις
2564 3662 2952 3735 κρατούμενον,
2984 3665 3393 3736 ἁναπόδραστον
3413 3665 3633 3737 ἔμενεν.

2061 3754 2219 3807 ’Λλλὰ
2259 3772 2279 3806 ι
2304 3754 2587 3827 συνέτριψε
2606 3790 2622 3816 ,
2654 3772 2673 3805 ι
2691 3756 2846 3826 φησὶ,
2879 3774 2900 3807 ι
2932 3755 3109 3821 πύλας
3129 3757 3363 3828 χαλκᾶς,
3392 3759 3486 3811 καὶ
3529 3774 3634 3827 μο-

2048 3845 2208 3917 χλοὺς
2254 3846 2509 3917 σιδηροῦς
2558 3846 2872 3901 συνέθλασε.
2944 3873 2963 3905 ι
3019 3852 3194 3908 Τοῦτο
3251 3848 3309 3903 δέ
3365 3851 3484 3905 ἐστι
3573 3848 3637 3899 rb

2046 3937 2146 4009 τὴν
2197 3936 2317 3990 ὁδὸν
2358 3937 2458 4007 τῆς
2510 3938 2741 4007 ἀνομίας
2794 3937 2975 3991 αὐτῶν
3001 3936 3283 4019 ἀφανίσαι,
3323 3938 3424 3990 καὶ
3467 3953 3636 4006 μετα-

2048 4027 2412 4099 σκευασθῆναι
2461 4028 2559 4099 τὴν
2612 4029 2759 4099 ζωὴν
2789 4029 2927 4098 πρὸς
2957 4027 3262 4082 εὐσέϐειαν.
3295 4021 3638 4098 Οὗτοςάφα-

2046 4118 2235 4189 νισμὸς
2278 4118 2387 4172 τῶν
2438 4117 2625 4171 πυλῶν
2658 4119 2883 4172 ἐκείνων
2925 4118 3043 4172 ἐστὶ
3065 4119 3128 4171 τὸ
3165 4119 3247 4183 είς
3281 4118 3636 4189 δικαιοσύνην

2050 4209 2530 4281 μεταρυθμηθῆναι
2578 4210 2691 4279 (27)
2716 4210 2807 4263 τὸν
2849 4209 2983 4279 βίον.
3028 4229 3045 4261 ι
3068 4210 3416 4263 ’Δντελάὁετο
3447 4229 3470 4262 ι
3504 4210 3637 4282 γὰρ,

2047 4301 2230 4371 φησὶν,
2263 4319 2282 4352 ι
2314 4301 2492 4355 αὐτῶν
2511 4303 2646 4368 (23),
2679 4302 2740 4367 ἐξ
2766 4301 2889 4355 ὁδοῦ
2920 4303 3151 4373 ἀνομίας
3180 4302 3418 4357 αὐτῶν.»

443 4396 647 4448 lterum
686 4393 795 4447 alio
833 4392 994 4447 modo
1022 4391 1277 4447 humana:
1313 4392 1438 4446 vitae
1469 4391 1748 4447 miseriam
1784 4391 1945 4447 nobis

2119 4392 2287 4445 Πάλιν
2307 4392 2509 4463 ἑτέρως
2545 4393 2644 4463 τὴν
2667 4393 3012 4464 ἀνθρωπίνην
3044 4393 3337 4463 ἀθλιότητα
3371 4393 3452 4464 τῷ
3489 4393 3637 4464 λόγῳ

375 4490 753 4554 τερταςεειιιει,
789 4490 845 4539 et
890 4483 1233 4553 iniquitatem
1276 4484 1412 4537 nihil
1456 4481 1604 4537 aliud
1641 4498 1764 4539 esse
1796 4482 1943 4537 aﬂir-

2049 4484 2363 4554 παρίστησι.
2394 4484 2558 4552 Λέγει
2582 4484 2639 4536 δὲ
2666 4485 2766 4555 τὴν
2796 4484 3034 4539 διάνοιαν
3068 4485 3293 4556 ταύτην,
3326 4486 3411 4539 ὅτι
3448 4487 3639 4540 ταπεί-

377 4584 510 4636 mat.
535 4590 698 4645 quam
735 4574 1170 4629 humiliationem
1206 4583 1262 4629 et
1297 4574 1677 4644 abjectionem.
1706 4574 1773 4629 Et
1801 4586 1946 4629 recte

2050 4571 2211 4636 νωσίς
2244 4574 2390 4625 ἐστιν
2419 4574 2452 4643 ἡ
2477 4572 2695 4642 ἀνομία.
2732 4573 2838 4625 Καὶ
2855 4572 3033 4637 καλῶς
3062 4574 3122 4625 τὸ
3138 4572 3379 4626 τοιοῦτόν
3400 4572 3515 4643 (29)
3542 4590 3642 4642 φη-

376 4665 619 4735 quidem.
657 4664 792 4720 Nam
827 4665 959 4720 huic
1005 4666 1292 4722 sententiae
1339 4664 1570 4721 alterius
1610 4664 1776 4720 etiam
1818 4681 1946 4736 pro-

2053 4680 2135 4715 σιν
2157 4678 2171 4691 ο
2202 4663 2536 4733 συμφέρεται
2565 4664 2671 4734 γάρ
2687 4681 2768 4726 τις
2795 4665 2888 4717 καὶ
2905 4664 3065 4717 ἄλλου
3085 4665 3367 4735 προφήτου
3390 4664 3547 4731 λόγος
3560 4663 3641 4733 τῷ

377 4756 551 4826 pheta:
593 4757 879 4812 oraculum
921 4757 1243 4820 subscribit,
1280 4772 1404 4810 cum
1431 4756 1529 4817 ait,
1555 4775 1573 4807 ι
1608 4756 1945 4825 iniquitatem

2053 4753 2278 4824 τοιούτῳ
2321 4758 2570 4824 νοήματι,
2594 4756 2653 4817 ὃς
2681 4773 2868 4825 φησιν,
2900 4777 2919 4808 ι
2950 4758 3043 4809 ἐπὶ
3084 4755 3344 4810 τάλαντον
3388 4755 3640 4825 μολίϐδου

379 4861 545 4915 supra
592 4848 797 4916 plumbi
851 4848 1115 4903 talentum
1176 4848 1544 4913 considere“,
1586 4869 1604 4899 ι
1646 4848 1948 4903 ostendens

2056 4845 2326 4914 καθῆσθαι
2353 4845 2449 4916 τὴν
2490 4847 2742 4915 ἀνομίαν.
2776 4866 2796 4898 ι
2834 4846 3289 4912 Ἐνδεικνύμενος,
3319 4848 3404 4900 ὅτι
3444 4846 3647 4917 βαρεῖά

375 4936 654 5003 videlicet,
691 4940 958 4994 malitiam
1002 4956 1126 4996 esse
1163 4940 1378 5009 pondus
1416 4939 1712 5009 quoddam,
1756 4947 1948 4993 natura

2055 4939 2137 5000 τίς
2160 4939 2380 4991 ἐστικαὶ
2396 4939 2713 5010 κατωφερὴς
2728 4942 2760 5008 ἡ
2781 4939 2969 5001 κακία,
2987 4940 3079 4992 τὸν
3096 4938 3207 5008 (50)
3229 4940 3288 4992 ὲν
3304 4938 3533 5009 ὑψηλοῖς
3547 4939 3595 4991 δι
3608 4939 3641 4990 ’1

380 5045 479 5085 sua
505 5032 763 5086 deorsum
786 5041 839 5088 et
871 5032 928 5087 in
963 5032 1299 5103 profundum
1335 5044 1587 5101 vergens,
1616 5030 1829 5099 aliaque
1863 5044 1949 5085 se-

2055 5031 2155 5100 τὴν
2180 5030 2313 5099 πρὸς
2329 5028 2390 5081 τὸ
2412 5028 2563 5084 Θείον
2590 5030 2850 5099 ὁμοίωσιν
2876 5031 3007 5087 ὄντα
3027 5032 3106 5094 είς
3141 5030 3233 5084 τὸν
3257 5029 3485 5100 βόθυνον
3513 5028 3642 5083 tau-'-

455 5214 500 5246 “
526 5212 689 5269 Zach.
724 5231 779 5280 ν,
810 5217 862 5271 7.

2136 5395 2250 5459 (27)
2275 5391 2711 5462 Μεταρυθμίσαι,
2745 5393 2833 5447 ed.

2137 5466 2250 5533 (28)
2283 5464 2470 5515 Αὐτῶν
2495 5478 2606 5533 om.
2634 5462 2721 5516 ed.

2138 5531 2245 5603 (29)
2272 5534 2345 5585 Τὸ
2372 5531 2613 5586 τοιοῦτον
2639 5547 2748 5588 om.
2789 5533 2880 5586 ed.

2140 5604 2253 5677 (5th
2284 5604 2386 5672 Τὰ,
2411 5604 2500 5660 ed.

454 5395 566 5463 (22)
587 5396 829 5466 Τροςρῆς.
862 5398 949 5452 ed.

457 5414 566 5463 (zz;
598 5414 622 5449 ι
670 5414 829 5466 οςρης.
862 5414 949 5452 eo.

457 5466 568 5535 (Q5)
606 5414 771 5535 ’ς’ψει
810 5467 965 5522 forte.

457 5531 570 5605 {2M
614 5531 706 5588 Ἐν
729 5550 838 5590 om.
860 5537 950 5592 ed.

461 5606 576 5714 $32?
599 5606 724 5714 ,ξίέέ
739 5607 1043 5714 ,ξθτὲνέιιθδο

483 5674 570 5731 36)
599 5674 713 5732 Kal.
739 5691 847 5730 om.
877 5674 973 5731 ed.
