3838 6224
106 323 217 379 473

1529 331 1596 386 ΙΝ
1632 331 1973 389 PSALMOS.

3284 334 3382 388 474

109 440 210 508 τῆς
233 439 710 508 συγκαθέλκουσαο
743 443 877 514 φησὶ
915 444 1049 515 γάρ’
1077 445 1159 498 ὅτι
1192 463 1210 496 ι
1235 444 1324 499 διὰ
1345 445 1445 509 τὰς
1476 445 1706 518 ἀνομίας

1823 461 1934 500 :um
1963 445 2206 515 rapiens,
2246 460 2368 515 quae
2399 454 2624 515 propter
2650 443 3067 499 similitudinem
3109 454 3161 498 et
3191 459 3388 510 cogna-

110 529 296 584 αὐτῶν
346 532 814 604 ἐταπεινώθησαν.
858 553 877 586 ι
912 535 1019 588 Καὶ
1059 534 1146 589 διὰ
1185 535 1344 590 τοῦτο
1373 536 1471 607 τὴν
1505 553 1705 591 παντο-

108 620 356 691 δῦναμον
386 623 602 692 ἐκείνην
631 625 840 696 τροφὴν
863 627 1312 698 ἀπεστράφησαν,
1326 627 1455 698 περὶ
1475 623 1543 700 ἦς
1563 628 1710 696 λέγει

111 713 254 782 πρὸς
271 716 402 778 τοὺς
436 715 684 788 πρώτους
721 721 750 771 ὁ
785 717 960 787 λόγος,
987 719 1069 772 ὅτι
1093 736 1112 768 ι
1149 718 1277 771 Ἀπὸ
1305 720 1501 784 παντὸς
1547 719 1706 786 ξύλου

111 805 209 858 τοῦ
239 808 300 858 ἐν
333 807 412 876 τῷ
467 809 780 879 παραδείσῳ
811 809 1010 880 βρώσει
1058 813 1232 882 φαγῇ.
1272 829 1291 861 ι
1338 811 1428 874 Ὠς
1453 812 1562 882 γὰρ
1591 812 1711 864 ἐκεῖ

114 899 225 950 πᾶν
249 897 409 962 ξύλον
433 900 684 968 ὀνομάζει
714 901 826 970 (51)
847 901 907 954 τὸ
934 901 1210 972 πλήρωμα
1255 902 1455 965 παντὸς
1482 902 1709 970 ἀγαθοῦ,

112 988 290 1053 οὕτως
320 991 558 1044 ἐνταῦθα
586 992 685 1062 τὴν
710 992 884 1063 ἀληθῆ
918 992 1013 1047 καὶ
1044 993 1455 1064 παντοδύναμον
1486 993 1711 1064 βρῶσιν,

114 1079 226 1130 πᾶν
263 1078 464 1148 βρῶμα
483 1079 738 1149 ὀνομάζει
775 1081 804 1133 6
843 1080 1020 1148 λόγος,
1059 1076 1120 1136 οὗ
1155 1083 1189 1152 ἡ
1218 1081 1537 1154 ἀποστροφὴ
1569 1086 1715 1136 ποιεῖ

114 1170 218 1239 τὴν
261 1170 551 1224 ἀσθένειαν
601 1171 701 1244 τὴν
745 1175 824 1236 εἰς
864 1172 1094 1226 θάνατον
1126 1173 1418 1245 λήγουσαν.
1463 1175 1624 1243 Λέγει
1655 1175 1713 1227 δὲ

117 1261 323 1324 οὕτως’
356 1263 439 1315 ὅτι
473 1281 490 1312 ι
525 1258 640 1317 Πᾶν
679 1263 876 1334 βρῶμα
918 1265 1238 1330 ἐϐδελύξατο
1286 1270 1318 1335 ἡ
1350 1266 1497 1337 ψυχὴ
1528 1265 1712 1320 αὐτῶν

119 1355 217 1407 καὶ
266 1355 502 1425 ήγγισαν
541 1357 646 1421 ἕως
692 1358 801 1411 τῶν
860 1358 1046 1412 πυλῶν
1099 1359 1193 1412 τοῦ
1245 1358 1496 1413 θανάτου.
1547 1377 1566 1410 ι
1601 1360 1714 1412 Καὶ

119 1443 285 1497 πάλιν
310 1446 448 1516 πρὸς
479 1445 569 1498 τὸν
596 1447 728 1500 Θεὸν
751 1447 901 1518 φωνὴ
931 1450 1010 1512 εἰς
1040 1449 1349 1518 πανήγυριν
1379 1448 1478 1519 τὴν
1514 1466 1718 1519 συμφο-

122 1534 223 1604 ρὰν
276 1536 629 1608 ἀναστρέφει.
668 1557 686 1588 ι
731 1538 1067 1610 Ἐκέκραξαν
1105 1557 1125 1591 ι
1155 1539 1293 1609 γὰρ,
1334 1539 1488 1610 φησὶ,
1530 1557 1548 1589 ‹
1581 1540 1714 1610 πρὸς

123 1626 334 1696 Κύριον
369 1629 427 1680 ὲν
459 1629 536 1699 τῷ
570 1629 848 1682 θλίϐεσθαι
881 1630 1097 1694 αὐτοὺς.
1123 1630 1218 1682 καὶ
1240 1631 1304 1683 ὲκ
1333 1630 1438 1682 τῶν
1459 1629 1715 1698 ἀναγκῶν

120 1719 306 1770 αὐτῶν
334 1719 536 1773 ἔσωσεν
566 1720 820 1784 αὐτούς.»
853 1723 963 1775 Καὶ
996 1721 1262 1792 διηγεῖται
1302 1721 1402 1791 τῆς
1443 1722 1716 1794 σωτηρίας

119 1811 213 1862 τὸν
241 1811 471 1881 τρόπον’
493 1813 822 1882 Εὑαγγέλιον
843 1813 900 1866 δὲ
923 1813 1180 1885 ἄντικρύς
1209 1815 1354 1867 ἐστιν
1384 1816 1416 1884 ἡ
1441 1813 1712 1883 διήγησις.

129 1922 146 1952 ι
189 1901 509 1956 Ἀπέστειλε
562 1923 580 1955 ι
611 1905 739 1974 γὰρ,
774 1903 940 1972 φησι,
961 1902 1266 1970 (τὸνΔόγον
1299 1903 1488 1964 αὐτοῦ,
1519 1906 1611 1955 καὶ
1638 1905 1716 1956 ἰά-

127 2005 260 2042 σατο
291 1990 513 2052 αὐτοὺς,
547 1991 640 2042 καὶ
668 1990 937 2062 ὲρῤύσατο
957 1990 1154 2052 αὐτοὺς
1184 1991 1248 2042 ἐκ
1275 1991 1384 2042 τῶν
1409 1990 1716 2060 διαφθορῶν

124 2079 339 2132 αὐτῶν·
392 2100 409 2130 ι
455 2082 585 2151 ὁρᾷς
634 2081 811 2146 ζῶντα
865 2083 960 2134 καὶ
997 2081 1241 2151 ἔμψυχον
1283 2081 1454 2149 Λόγον
1488 2080 1716 2152 Eximi)

124 2171 380 2241 σωτηρία
411 2171 521 2224 τῶν
566 2171 953 2242 ἀπολλυμένων
975 2171 1463 2242 ἀποστελλόμενον,
1488 2172 1580 2226 καὶ
1621 2174 1719 2243 τῆς

124 2261 338 2331 φθορᾶς
380 2263 474 2315 τὸν
516 2264 574 2316 ἐν
607 2264 746 2334 αὐτῇ
785 2264 895 2335 (55)
925 2264 1184 2332 γεγονότα
1220 2265 1504 2335 ῥυόμενον.
1559 2265 1720 2328 Ποῖος

122 2352 522 2423 εὐαγγελιστὴς
537 2352 680 2406 οὕτω
711 2352 932 2424 γυμνῶς
955 2353 1123 2424 ἐκϐοᾷ
1137 2353 1197 2406 τὺ
1227 2356 1558 2426 μυστήριον;
1593 2355 1720 2408 οὑκ-

121 2443 218 2495 οὖν
257 2445 704 2513 ἀνευφημείσθω,
747 2447 900 2516 φησὶ,
932 2447 1084 2517 παρὰ
1105 2446 1213 2499 τῶν
1236 2442 1294 2500 εὖ
1316 2446 1659 2499 πεπονθότων
1683 2449 1716 2518 ἡ

122 2533 306 2603 χάρις,
339 2534 434 2585 καὶ
451 2532 618 2603 ὕμνος
647 2535 740 2587 ἐπὶ
762 2536 1101 2606 εὐεργεσίαις
1124 2538 1158 2606 ἡ
1183 2535 1429 2606 εὐφημία
1461 2535 1716 2604 γινέσθω.

129 2645 144 2674 ι
182 2625 524 2678 Θυσάτωσαν
553 2626 660 2696 γάρ
697 2626 872 2696 αὐτῷ,
915 2644 938 2678 ι
961 2627 1117 2697 φησὶ,
1161 2649 1179 2682 ε
1216 2626 1407 2679 θυσίαν
1437 2627 1716 2691 αἰνέσεως,

125 2719 222 2770 καὶ
255 2717 727 2786 ἐξαγγειλάτωσαν
757 2719 828 2772 τὰ
872 2718 1010 2791 ἔργα
1036 2719 1206 2773 αὑτοῦ
1245 2721 1302 2772 ὲν
1325 2720 1664 2787 ἀγαλλιάσει.
1696 2739 1714 2772 ι

125 2809 286 2861 Μετὰ
321 2810 497 2862 ταῦτα
536 2810 693 2862 πάλιν
726 2810 1070 2875 διασκευάζει
1121 2811 1189 2864 τά
1231 2811 1400 2883 πάθη,
1432 2813 1525 2866 καὶ
1560 2813 1720 2867 πάλιν

125 2901 331 2968 ἐπάγει
360 2901 453 2954 τοῦ
490 2901 624 2955 Θεοῦ
671 2902 811 2972 μετά
839 2903 908 2955 τὰ
936 2901 1083 2972 πάθη
1118 2903 1216 2972 τὴν
1250 2903 1431 2974 χάριν.
1475 2903 1636 2972 Λέγει
1664 2902 1720 2956 δὲ

125 2991 225 3061 τὴν
277 2991 538 3045 ἀὸουλίαν
587 2994 695 3045 τῶν
725 2993 1050 3065 ἀνθρώπων,
1082 2995 1164 3046 ὅτι
1203 2994 1594 3058 καταλιπόντες
1623 2995 1720 3065 τὴν

1812 539 2016 594 tionem
2045 553 2168 592 cum
2197 535 2308 592 Deo
2333 539 2388 592 in
2418 538 2564 592 edito
2591 538 2713 591 loco
2744 541 2850 592 sita
2886 551 3036 592 sunt.
3073 537 3161 588 Ait
3190 537 3335 588 enim
3372 551 3389 588 :

1818 651 1838 680 ι
1869 629 2097 699 Propter
2125 629 2423 696 injustitias
2457 643 2587 682 suas
2621 628 2892 681 humiliati
2935 634 3094 681 sunt.
3133 646 3152 676 ›
3191 623 3257 678 Ει
3288 625 3392 678 hac

1813 719 1882 774 de
1921 734 2089 775 causa
2121 718 2551 788 omnipotentem
2589 717 2737 768 illam
2785 730 2970 770 escam
3004 713 3248 768 aversari
3284 726 3391 766 cu:-

1815 822 2012 886 perunt
2041 833 2053 867 :
2077 813 2144 867 de
2166 827 2274 881 qua
2310 809 2378 864 ad
2412 811 2622 880 primos
2643 818 2896 878 parentes
2925 807 3144 860 divinus
3170 817 3386 858 sermo:

1820 923 1838 955 ς
1874 905 1955 958 Ab
1989 903 2169 958 omnis
2200 903 2352 972 ligni,
2378 900 2521 970 quod
2549 909 2633 955 est
2664 901 2717 953 in
2751 899 3026 969 paradiso,
3058 911 3185 950 esea
3208 909 3389 949 come-

1815 998 1913 1052 des
1938 997 2016 1058 ‘5;
2043 1014 2059 1046 ι
2099 1003 2158 1050 ιιι
2191 995 2336 1050 enim
2371 995 2444 1048 ibi
2485 1008 2647 1048 omne
2695 993 2899 1062 lignum
2934 990 3178 1044 nominat
3219 987 3390 1057 pleni-

1818 1088 2062 1143 tudinem
2092 1087 2272 1141 omnis
2307 1086 2458 1147 boni,
2500 1085 2573 1138 ita
2605 1085 2691 1138 hic
2721 1099 2908 1137 verum
2939 1083 3086 1134 illum
3129 1089 3183 1134 et
3212 1079 3391 1132 omni-

1816 1185 2090 1247 potentem
2161 1175 2344 1229 cibum
2400 1173 2634 1244 appellat
2687 1187 2907 1225 omnem
2954 1184 3169 1229 escam,
3229 1168 3389 1235 cujus

1817 1269 1967 1341 fuga,
2012 1283 2132 1324 eam
2172 1282 2296 1338 qua:
2351 1265 2418 1320 ad
2459 1273 2690 1318 mortem
2731 1263 2902 1325 ducit,
2961 1259 3390 1314 imbecillitatem

1815 1361 2093 1418 conciliat.
2128 1358 2220 1414 Sic
2253 1373 2380 1413 vero
2412 1357 2526 1411 ait:
2560 1374 2578 1406 ι
2608 1354 2836 1409 Omnem
2862 1367 3045 1408 escam
3076 1350 3390 1404 abominata

1815 1459 1902 1510 est
1926 1452 2109 1505 anima
2154 1463 2366 1510 eorum,
2409 1454 2462 1500 et
2493 1443 3070 1514 appropinquaverunt
3115 1451 3289 1505 usque
3325 1437 3391 1486 ad

1817 1553 2005 1616 portas
2037 1541 2232 1595 mortis
2261 1558 2274 1592 :
2311 1562 2329 1590 ι
2365 1535 2675 1605 iterumque
2707 1549 2810 1588 vox
2843 1533 2909 1587 ad
2935 1531 3103 1586 Deum
3135 1530 3304 1583 missa
3337 1528 3389 1580 in

1819 1634 2008 1688 laudes
2030 1643 2081 1687 et
2111 1631 2383 1702 prazconia
2420 1628 2760 1683 calamitates
2794 1624 3086 1686 convertit,
3124 1621 3268 1692 quod
3307 1623 3391 1675 liis

1818 1726 2001 1781 verbis
2037 1725 2242 1778 indicat
2271 1741 2286 1781 :
2326 1741 2343 1773 ι
2378 1721 2767 1776 Clamaverunt
2812 1719 2877 1773 ad
2911 1717 3224 1778 Dominum,
3256 1715 3384 1768 dum

1750 1794 1789 1847 Β
1821 1809 2246 1871 tribularentur,
2281 1817 2336 1864 et
2365 1823 2433 1862 ex
2465 1807 2720 1862 omnibus
2751 1805 3178 1860 necessitatibus
3201 1817 3391 1856 eorum

1821 1903 2070 1956 liberavit
2107 1917 2224 1956 eos.
2264 1921 2282 1953 ›
2338 1899 2530 1954 Narrat
2577 1911 2759 1954 autem
2808 1897 3002 1952 salutis
3047 1895 3224 1948 allatae
3270 1908 3393 1945 mo-

1819 1994 1984 2059 dnm;
2033 2009 2154 2063 quae
2189 1993 2432 2048 narratio
2487 1991 2825 2062 ipsissimum
2876 1987 3230 2057 Evangelium
3260 1993 3345 2039 est
3380 2001 3392 2036 :

1827 2105 1845 2137 ‹
1881 2085 2026 2141 Misit
2058 2080 2294 2138 Verbum
2311 2091 2494 2141 suum,
2528 2103 2546 2134 ι
2577 2083 2778 2152 inquit,
2813 2101 2831 2132 ‹
2861 2088 2914 2134 et
2953 2079 3169 2135 sanavit
3194 2092 3311 2139 eos,
3343 2083 3399 2130 et

1819 2175 2021 2245 eripuit
2052 2191 2144 2230 eos
2187 2175 2254 2229 de
2286 2171 2698 2228 interitionibus
2749 2186 2960 2225 eorum.
3003 2188 3021 2219 ι
3053 2167 3219 2221 Vides
3263 2163 3395 2220 Ver-

1821 2268 1949 2322 bum
1984 2268 2174 2322 vivens
2232 2273 2286 2321 et
2347 2265 2590 2334 spirans,
2645 2262 2713 2316 ad
2771 2263 3003 2318 salutem
3057 2260 3395 2330 perditorum

1821 2361 2073 2422 missum,
2108 2366 2168 2413 ut
2195 2359 2449 2413 liberaret
2477 2374 2505 2410 a
2530 2356 2883 2424 corruptione
2913 2370 3034 2409 eum
3060 2353 3153 2423 qui
3186 2352 3239 2404 in
3274 2365 3398 2404 cor-

1821 2450 2076 2519 ruptione
2128 2449 2368 2502 lizerebat
2403 2489 2416 2502 .
2451 2447 2587 2514 Quis
2634 2445 2968 2516 evangelista
3026 2455 3134 2498 tam
3193 2443 3399 2496 diserte

1820 2540 1924 2594 hoc
1957 2541 2276 2611 mysterium
2301 2539 2593 2609 explanat?
2626 2539 2792 2608 Igitur
2815 2539 2885 2592 ab
2918 2536 3049 2600 illis,
3080 2537 3281 2604 inquit,
3305 2535 3398 2603 qni

1822 2631 1988 2685 tantis
2013 2629 2292 2684 beneﬁciis
2324 2630 2588 2683 cumulati
2619 2640 2771 2692 sunt,
2806 2635 2961 2682 tanta
2987 2628 3165 2698 gratia
3200 2626 3400 2696 praedi-

1821 2731 2010 2789 cetur;
2049 2734 2104 2777 et
2143 2721 2464 2792 prazdicatio
2506 2721 2898 2775 beneﬁciorum
2935 2721 2990 2774 in
3036 2720 3297 2790 hymnum
3351 2727 3406 2772 et

1823 2813 2034 2867 Iaudem
2079 2821 2344 2868 transeat.
2379 2831 2398 2864 ‹
2435 2811 2760 2866 Sacrilieent
2807 2811 2857 2866 ei
2904 2812 3238 2867 sacriﬁcium
3289 2811 3406 2862 Iau-

1821 2903 1926 2966 dis,
1968 2912 2023 2957 et
2064 2903 2395 2956 annuntient
2444 2916 2611 2971 Opera
2657 2901 2778 2968 ejus
2833 2901 2888 2955 in
2936 2899 3330 2954 exsultatione.
3377 2917 3396 2949 ι

1821 2997 2069 3051 Posthac
2103 3012 2300 3051 rursus
2329 3010 2606 3048 aarnmnas
2633 3003 2687 3046 et
2719 2994 3042 3047 atllictiones
3074 3004 3407 3046 commemo—

127 3081 412 3152 σταθηράν
441 3083 552 3151 (54)
592 3085 688 3137 καὶ
717 3083 1113 3138 ἀκλυδὼνιστον
1139 3084 1249 3152 (55)
1283 3085 1448 3154 ζωὴν,
1472 3085 1719 3152 πελάγιοι

1825 3099 1929 3151 rat,
1974 3098 2027 3142 et
2067 3095 2190 3158 post
2233 3088 2354 3142 illas
2395 3086 2489 3139 Dei
2527 3087 2783 3155 gratiam.
2833 3084 3104 3139 Describit
3137 3083 3281 3137 enim
3322 3081 3408 3134 in-

122 3175 192 3240 τῇ
236 3173 561 3242 προαιρέσει
603 3174 871 3242 ἐγένοντο.
907 3195 925 3226 ι
964 3177 1026 3228 Οί
1079 3175 1498 3238 καταϐαίνοντες
1533 3195 1551 3227 ι
1582 3176 1715 3246 γὰρ,

126 3265 318 3332 φησὶν,
353 3282 373 3314 ι
403 3265 484 3327 είς
525 3264 621 3336 τὴν
669 3265 945 3319 θάλασσαν
989 3268 1047 3318 ὲν
1102 3267 1327 3330 πλοίοις,
1365 3287 1382 3318 ι
1431 3267 1526 3320 καὶ
1596 3267 1719 3320 ἀντὶ

121 3356 219 3409 τοῦ
272 3356 602 3427 ἐργάζεσθαι
632 3358 724 3410 τὸν
756 3357 1104 3428 παράδεισον,
1131 3359 1188 3410 ὲν
1225 3351 1270 3425 ᾧ
1299 3360 1564 3430 πρότερον
1593 3357 1716 3410 ὲτά-

123 3467 309 3518 γησαν
361 3451 496 3519 (56),
551 3451 882 3522 ὑποϐρύχιον
927 3451 1237 3520 ποιούμενοι
1289 3452 1388 3520 τὴν
1436 3450 1716 3520 ἐργασίαν.

123 3541 423 3594 Θάλασσαν
446 3542 503 3594 δὲ
538 3541 682 3608 λέγει
725 3541 822 3602 τὴν
855 3540 1030 3611 ὑλώδη
1059 3542 1168 3609 (57)
1199 3540 1402 3610 ταύτην
1429 3540 1593 3612 ζωὴν,
1621 3543 1721 3611 τὴν

124 3634 268 3684 πᾶσι
321 3634 436 3694 τοῖς
495 3631 604 3683 τῶν
663 3631 986 3702 πειρασμῶν
1025 3632 1248 3701 ἀνέμοις
1287 3631 1718 3702 ταρασσομένην,

125 3724 223 3776 καὶ
279 3726 394 3787 τοῖς
461 3723 783 3794 ἐπαλλήλοις
831 3721 1029 3776 πάθεσι
1079 3723 1509 3794 κυμαινομένην.
1551 3741 1568 3774 ι
1598 3723 1724 3776 Ποι⁴

126 3815 321 3878 οὖντες
360 3833 380 3864 ι
422 3813 552 3886 γάρ,
580 3815 763 3885 φησὶν,
797 3832 816 3865 ‹
854 3814 1118 3884 ἐργασίαν
1142 3816 1200 3865 ὲν
1235 3813 1388 3866 ὕδασι
1423 3812 1656 3877 πολλοῖς.
1699 3834 1716 3867 ι

130 3909 246 3958 Καὶ
278 3926 296 3956 ι
337 3906 495 3958 αὐτοὶ
526 3901 665 3958 εἶδον
699 3907 768 3958 τὰ
795 3905 933 3976 ἔργα
966 3905 1193 3976 Κυρίου,
1222 3905 1317 3958 καὶ
1350 3905 1418 3958 τὰ
1448 3905 1727 3977 θαυμάσια

129 3997 303 4050 αὑτοῦ
352 4000 411 4051 ὲν
468 3997 544 4068 τῷ
591 3997 758 4068 βυθῷ.
788 4018 806 4048 ι
851 3998 1035 4050 Βύθιοι
1079 3998 1188 4068 γὰρ
1223 3999 1281 4049 ὲν
1311 3999 1378 4068 τῇ
1418 3998 1585 4069 κακίᾳ
1611 4000 1726 4068 (58)

127 4087 227 4141 τοῦ
291 4089 410 4158 βίου
463 4089 765 4159 γενόμενοι,
819 4090 914 4143 καὶ
975 4088 1236 4152 πολλάκις
1287 4089 1355 4141 τὰ
1395 4090 1605 4160 πονηρά
1629 4090 1728 4159 τῆς

128 4181 315 4251 ψυχῆς
372 4180 636 4244 παθόντες
689 4181 946 4248 ναυάγια,
989 4175 1128 4232 εἶδον
1159 4180 1244 4247 ἐφ’
1278 4179 1484 4234 ἑαυτῶν
1512 4180 1582 4232 τὰ
1615 4181 1728 4251 (59)

1821 3177 2132 3232 consultam
2193 3176 2474 3230 hominum
2537 3175 2940 3235 temeritatem,
3005 3173 3092 3241 qui
3147 3171 3409 3226 derelicta

1821 3271 2004 3326 stabili
2033 3281 2089 3325 et
2109 3271 2276 3325 nullis
2305 3268 2728 3338 tempestatibus
2774 3266 3020 3335 exposita
3049 3265 3179 3327 vita,
3206 3263 3408 3316 volun-

1821 3371 1932 3418 tate
1964 3369 2019 3417 et
2050 3362 2335 3432 proposito
2379 3359 2538 3430 quasi
2577 3359 2775 3412 marini
2821 3358 3002 3412 ell'ccti
3035 3364 3184 3411 sunt.
3223 3353 3410 3424 inquit

1825 3456 1971 3508 enim
2000 3473 2013 3509 :
2050 3473 2069 3504 ι
2104 3453 2208 3519 Qui
2239 3451 2586 3508 descendunt
2613 3450 2668 3504 in
2696 3465 2847 3504 mare
2871 3451 3124 3512 navibus,
3157 3469 3173 3498 ι
3210 3455 3263 3501 et
3291 3447 3412 3500 loco

1822 3546 2086 3617 paradisi,
2134 3562 2297 3616 quem
2334 3548 2537 3604 colant.
2584 3557 2639 3600 et
2689 3547 2742 3598 in
2784 3560 2893 3614 quo
2937 3546 3088 3614 prius
3125 3543 3406 3604 vivebant,

1825 3647 1997 3693 artem
2031 3639 2283 3692 factitant
2327 3639 2699 3694 submersioni
2738 3639 3069 3702 obnoxiam;
3108 3634 3278 3688 maris
3319 3649 3414 3702 ap-

1825 3731 2121 3802 pellatione
2175 3733 2348 3785 vitam
2395 3731 2536 3785 hanc
2585 3732 2860 3800 designat,
2919 3744 3042 3799 quae
3083 3725 3304 3796 corpori
3357 3736 3414 3778 et

1827 3822 2068 3876 materia:
2113 3821 2394 3883 immersa,
2423 3821 2790 3890 omnibusque
2837 3822 3197 3875 tentationum
3232 3817 3415 3872 ventis

1827 3913 2075 3982 exposita
2109 3919 2216 3974 est,
2243 3921 2297 3966 et
2328 3913 2682 3982 passionibus
2708 3914 2812 3968 sibi
2846 3919 3036 3965 mutuo
3063 3907 3416 3964 succedenti-

1828 4003 1933 4058 bus
1965 4003 2298 4074 exagitatur.
2341 4023 2358 4055 ι
2417 4003 2732 4069 Facientes,
2767 4027 2784 4057 ι
2830 4004 3029 4075 inquit,
3083 4021 3101 4054 ι
3131 4002 3416 4072 operatio-

1833 4110 1957 4149 nem
1990 4095 2046 4149 in
2074 4095 2234 4166 aquis
2275 4097 2483 4151 multis.
2522 4097 2634 4167 lpsi
2668 4096 2925 4152 viderunt
2972 4111 3140 4165 opera
3173 4093 3415 4156 Domini,

1831 4195 1887 4240 et
1918 4186 2194 4241 mirabilia
2244 4187 2366 4256 ejus
2399 4188 2455 4242 in
2503 4188 2800 4258 profundo.
2841 4207 2859 4239 ι
2901 4187 3142 4242 Demersi
3177 4187 3322 4241 enim
3359 4187 3418 4238 in

130 4275 232 4343 τῆς
279 4272 687 4341 φιλανθρωπίας
713 4271 853 4342 ἔργα
879 4269 974 4323 τοῦ
1005 4271 1068 4322 ὲκ
1096 4269 1205 4322 τῶν
1230 4269 1404 4339 βυθῶν
1430 4271 1578 4341 ἡμᾶς
1602 4271 1719 4323 ἀνα·

1833 4275 2165 4349 prol‘undum
2191 4276 2357 4347 hujus
2381 4278 2524 4342 vitae,
2551 4279 2861 4348 saepiusque
2887 4278 3198 4348 pernicioso
3222 4277 3424 4329 anima:

137 4366 418 4428 σώσαντος
468 4363 602 4432 (ιο).
656 4383 674 4415 ι
725 4359 894 4416 Εἶπεν
939 4382 957 4413 ι
994 4364 1136 4433 γὰρ,
1184 4361 1368 4433 φησὶν,
1404 4381 1420 4412 ι
1457 4363 1550 4414 κα).
1601 4361 1730 4433 ἔστη

1836 4368 2121 4439 naufragio
2184 4369 2370 4432 facto,
2438 4369 2693 4425 viderunt
2751 4370 2805 4424 in
2846 4370 3042 4438 seipsis
3092 4383 3256 4437 opera
3329 4368 3420 4420 illa

136 4458 362 4527 πνεῦμα
408 4456 742 4525 καταιγίδος.
790 4475 808 4508 ι
847 4454 1020 4509 Τοῦτο
1071 4455 1130 4508 δὲ
1180 4457 1279 4507 οὐκ
1317 4457 1397 4518 εἰς
1442 4455 1534 4508 τὸν
1577 4455 1719 4518 Θεὸν,

1839 4460 2224 4525 humanitatis,
2271 4467 2326 4515 et
2371 4461 2728 4531 benignitatis
2771 4459 2864 4515 Dei
2897 4459 3141 4514 eruentis
3186 4460 3309 4513 illos
3353 4473 3423 4512 ex

136 4550 252 4602 ἀλλ’
300 4552 388 4611 είς
419 4548 514 4600 τὸν
549 4547 743 4619 ἐχθρὸν
781 4545 1046 4598 ἀνακτέον
1079 4545 1140 4598 τὸ
1168 4544 1364 4616 νόημα.
1407 4545 1472 4598 Ἦ
1500 4544 1609 4616 γὰρ
1634 4544 1730 4598 τοῦ

139 4639 522 4710 ἀντικειμένου
568 4638 742 4708 φωνὴ,
803 4638 864 4690 τὸ
899 4639 997 4707 τῆς
1037 4655 1056 4687 ι
1096 4637 1418 4705 δκαταιγίδος
1459 4636 1677 4707 πνεῦμα
1706 4657 1724 4690 ι

140 4734 462 4804 ἐργάζεται.
502 4733 615 4800 (Η)
647 4731 915 4798 Καταιγὶς
953 4730 1010 4782 δὲ
1061 4729 1276 4798 λέγεται
1319 4729 1490 4799 βίαιος
1531 4729 1731 4799 ἄνεμος

138 4828 239 4878 οὐκ
268 4825 388 4894 (42)
421 4824 509 4876 ἐπ’
545 4822 759 4884 εὐθείας
795 4821 1173 4891 προσπίπτων,
1210 4821 1347 4881 ἀλλὰ
1378 4823 1508 4892 περὶ
1541 4821 1730 4873 ἑαυτὸν

140 4919 356 4973 ἀνειλού
366 4935 528 4988 μενος
556 4917 669 4988 (45)
701 4917 771 4970 δι’
791 4917 969 4981 ὀξείας
991 4916 1407 4986 στροφάλιγγος,
1434 4915 1491 4978 ὃς
1513 4914 1730 4968 ἐπειδάν

139 5016 380 5083 ἐμπέσοι
420 5013 552 5065 ποτὲ
611 5011 800 5082 βιαίως
841 5010 952 5081 (44)
997 5009 1074 5081 τῷ
1109 5009 1279 5076 ὕδατι,
1314 5009 1562 5084 καθάπερ
1587 5007 1732 5072 τινὸς

218 5179 262 5209 ¹⁵
291 5177 495 5231 Cenes.
527 5191 587 5237 ιι,
620 5173 706 5227 l6.

219 5359 333 5416 (5|)
377 5357 451 5408 Τὸ
473 5372 584 5410 om.
616 5355 704 5410 ed.

217 5427 338 5490 (52)
363 5427 475 5488 Ἔν,
510 5427 600 5480 ed.

222 5498 342 5560 (33)
373 5494 533 5550 Forte
561 5494 728 5564 αὐτῷ.

219 5565 337 5635 (54)
358 5563 770 5636 Σταθεράν,ίού.

225 5631 343 5700 (55)
368 5637 488 5688 Τῶν
507 5631 810 5705 ἀνθρώπων
840 5631 965 5687 add.
999 5632 1087 5688 ed.

251 5707 346 5770 56)
364 5705 724 5772 Ἐστάθησαν,
758 5705 844 5756 ed.

250 5776 345 5840 57)
376 5776 532 5832 Forte
566 5772 830 5842 ὑδατώδη.

1839 4550 2134 4620 profundo.
2185 4551 2350 4606 Addit
2394 4553 2540 4606 enim
2575 4570 2589 4606 :
2623 4572 2641 4604 ι
2678 4551 2848 4614 Dixit,
2889 4561 2944 4604 et
2994 4553 3146 4605 stelit
3191 4551 3426 4619 spiritus

1840 4644 2115 4712 procellae.
2148 4662 2168 4695 ι
2211 4643 2366 4710 Quod
2405 4643 2639 4711 dictum,
2703 4661 2810 4698 non
2853 4644 2918 4697 ad
2979 4643 3167 4708 Deum,
3216 4642 3307 4697 sed
3351 4641 3418 4695 ad

1839 4735 2124 4788 inimicum
2157 4733 2252 4788 Dei
2289 4733 2638 4789 referendum
2667 4743 2782 4799 est;
2821 4748 2946 4787 nam
2991 4732 3291 4786 adversarii
3321 4747 3424 4784 vox

1840 4827 2096 4897 spiritum
2132 4826 2387 4896 procella:
2419 4826 2611 4881 ellicit:
2639 4827 2878 4896 procella
2904 4840 3032 4880 vero
3061 4825 3268 4878 dicitur
3308 4824 3425 4876 vio-

1838 4919 2021 4972 lentus
2054 4926 2271 4979 ventus,
2304 4933 2414 4971 non
2449 4926 2599 4973 recta
2638 4919 2725 4970 via
2757 4919 2997 4978 irruens.
3031 4916 3124 4972 sed
3160 4915 3265 4970 sibi
3308 4915 3428 4982 ipse

1839 5008 2124 5063 involutus
2164 5007 2391 5078 obliquo
2425 5008 2666 5072 turbine,
2721 5008 2815 5079 qui
2867 5006 3090 5079 quando
3121 5013 3270 5060 tanta
3303 5003 3424 5059 vio-

1909 5343 2020 5414 ('58)
2055 5341 2290 5414 Καρδίᾳ,
2333 5343 2420 5414 ed-

1911 5413 2021 5481 (59)
2054 5411 2158 5464 Ἐκ
2176 5412 2300 5481 add.
2328 5411 2418 5464 ed.

1919 5479 2033 5552 (40)
2074 5480 2490 5545 Ἀνασώζοντος,
2516 5479 2604 5535 ed.

1921 5553 2034 5620 (ti)
2066 5553 2176 5604 Καὶ
2200 5553 2327 5605 add.
2363 5552 2450 5605 ed.

1921 5623 2036 5690 (te)
2078 5621 2236 5684 Οὑδέ,
2262 5621 2349 5675 ed.

2063 5692 2297 5766 :ﬁvetlou
2307 5707 2484 5766 μενος,
2512 5689 2600 5746 ed.

1925 5762 2034 5834 (Η)
2062 5762 2264 5825 Βίαιος,
2289 5763 2376 5816 ed.
