3838 6224
450 325 552 383 ιτς»

1694 339 1753 395 S.
1790 338 2118 397 GREGORII
2154 341 2451 400 NYSSENI
3610 345 3715 399 176

447 448 615 501 lentia
655 448 710 502 in
734 464 905 520 aquas
930 451 1207 523 irrumpit,
1240 469 1390 510 mare
1418 458 1577 526 quasi
1625 458 1861 513 maxima
1894 474 2018 525 rupe

2131 460 2335 530 πέτρας
2403 460 2907 532 ὲγκαταϐληθείσης
2981 463 3219 533 μεγάλης
3248 505 3262 529 ,
3316 462 3721 518 ὑποκλυσθείσα

447 541 840 610 superinjecta,
880 544 951 598 ob
979 546 1303 613 gravitatem
1346 548 1741 619 subagitatum,
1772 563 2029 604 necessa—

448 633 533 685 rio
562 630 836 703 frangitur
887 645 1111 706 propter
1140 638 1539 693 vehementiam
1571 640 1833 710 spirantis
1858 641 2027 703 venti,

447 737 779 791 quocunque
813 725 1116 788 incumbat,
1161 738 1216 780 et
1258 728 1501 796 pondere
1531 743 1635 783 suo
1661 728 1890 783 inclinet
1935 729 2030 781 im-

448 826 628 886 petus,
668 819 810 872 mole
835 834 1033 888 aquam
1066 822 1307 891 undique
1343 823 1395 875 in
1426 821 1594 876 altum
1623 823 1914 892 ejectante.
1953 823 2027 876 Ea

448 906 518 962 de
554 922 719 963 causa
768 909 1076 964 luculenter
1107 911 1400 965 admodum
1448 911 1712 967 describit
1758 913 1875 969 haec
1916 923 2026 967 tam

449 997 711 1063 terriﬂca,
764 1001 1040 1066 videlicet,
1101 1002 1434 1073 simulatque
1492 1004 1722 1073 spiritus
1776 1006 2029 1075 procellae

447 1092 640 1154 irruit,
674 1094 915 1149 elevatos
977 1110 1101 1150 esse
1142 1094 1342 1151 ﬂuctus
1403 1099 1611 1160 maris,
1664 1098 2027 1154 ascendentes

446 1201 623 1254 usque
647 1186 715 1239 ad
748 1188 942 1251 caelos,
973 1194 1025 1240 et
1052 1185 1449 1244 descendentes
1478 1204 1647 1258 usque
1673 1189 1737 1244 ad
1772 1192 2023 1261 abyssos.

445 1275 655 1333 Revera
686 1279 833 1332 enim
870 1279 1061 1332 talium
1098 1279 1358 1334 ﬂuctuum
1388 1280 1445 1333 in
1476 1280 1647 1334 altum
1675 1281 1863 1345 elatio,
1900 1298 2027 1351 pas-

446 1372 686 1434 sionum,
719 1370 963 1438 inquam,
1001 1369 1220 1435 ﬂuctus,
1269 1386 1437 1425 causa
1467 1371 1605 1425 ﬁunt
1629 1372 1930 1428 descensus
1969 1374 2027 1427 in

445 1463 726 1532 abyssum.
784 1463 1033 1533 Ahyssus
1074 1472 1255 1519 autem
1302 1479 1446 1534 saepe
1492 1465 1545 1518 in
1592 1462 1876 1535 Scriptura
1922 1466 2028 1521 dae-

446 1569 668 1607 monum
706 1555 1081 1608 habitaculum
1120 1556 1418 1626 signiticat.
1462 1557 1533 1610 At
1574 1559 1667 1628 qui
1700 1566 2026 1628 tempestate

445 1644 550 1696 hac
579 1653 633 1697 et
667 1646 980 1700 turbatione
1012 1647 1387 1715 exagitantur,
1421 1652 1620 1703 mentis
1652 1650 1884 1719 impotes
1916 1666 2025 1719 prae

444 1733 675 1802 caligine
706 1732 1038 1798 eﬂiciuntur,
1072 1736 1142 1791 ob
1172 1737 1524 1792 insolentiam
1570 1739 1884 1808 hujusmodi
1924 1757 2022 1795 na-

446 1819 762 1890 vigationis,
794 1823 954 1891 quasi
995 1823 1065 1878 ob
1108 1826 1431 1881 ebrietatem
1470 1830 1648 1896 capite
1683 1829 2017 1885 laborantes.

446 1912 627 1981 inquit
685 1915 829 1967 enim
864 1931 877 1967 :
907 1915 1182 1972 «Turbati
1231 1930 1360 1975 sunt
1411 1927 1467 1975 et
1527 1922 1658 1975 moti
1710 1930 1839 1977 sunt
1876 1923 2020 1977 sicut

442 2003 652 2058 ebrius.
688 2024 706 2056 ι
731 2004 836 2070 Qui
864 2023 997 2061 vero
1024 2011 1193 2062 semel
1227 2009 1295 2065 de
1328 2018 1596 2081 potestate
1636 2015 1835 2068 mentis
1869 2013 2019 2082 deje-

442 2095 515 2148 cti
550 2106 699 2158 sunt,
735 2097 805 2152 iis
842 2100 1053 2154 nullum
1104 2103 1344 2171 amplius
1390 2104 1632 2173 suppetit
1679 2105 1746 2159 ad
1786 2106 2017 2159 salutem

442 2187 757 2252 consilium,
789 2191 882 2245 sed
912 2192 1091 2246 omnis
1121 2193 1340 2249 illorum
1369 2195 1639 2264 sapientia
1671 2196 2017 2267 naufragium

440 2279 599 2347 quasi
631 2279 760 2334 facit
789 2290 844 2334 et
878 2282 1084 2335 interit.

512 2370 785 2436 Quocirca
817 2372 892 2426 ait
924 2390 937 2427 :
974 2391 992 2425 ι
1024 2373 1217 2429 Omnis
1244 2374 1514 2444 sapientia
1542 2391 1732 2431 eorum
1761 2376 2019 2432 devorata

438 2472 544 2518 est.
585 2484 604 2516 ι
643 2464 831 2520 Denuo
854 2476 1035 2520 autem
1059 2476 1112 2521 et
1145 2466 1232 2522 bis
1262 2482 1502 2538 quoque,
1533 2470 1627 2539 qni
1662 2470 1829 2525 tantis
1858 2471 2018 2527 malis

438 2555 848 2618 conﬂictantur,
879 2566 933 2612 et
960 2559 1013 2611 in
1055 2558 1422 2614 inextricabili
1454 2560 1768 2615 calamitate
1794 2577 2019 2617 versan-

437 2655 549 2711 tur,
603 2664 706 2702 vox
762 2649 924 2703 unica
970 2649 1039 2702 ad
1086 2647 1256 2704 Deum
1312 2651 1484 2705 missa
1538 2651 1769 2706 salutem
1817 2652 2015 2708 aﬂert:

438 2739 618 2809 inquit
658 2740 806 2795 enim
855 2760 869 2796 :
919 2760 937 2792 ι
966 2741 1359 2796 Clamaverunt
1408 2743 1476 2797 ad
1533 2744 1824 2799 Dominum
1891 2761 2015 2801 cum

435 2829 859 2895 tribularentur,
901 2841 955 2886 et
1001 2832 1069 2886 de
1123 2833 1550 2888 necessitatibus
1598 2850 1788 2889 eorum
1828 2835 2018 2890 eduxit

434 2935 550 2974 eos.
585 2940 603 2970 ι
637 2919 701 2972 Et
733 2921 1030 2991 derepente
1076 2924 1239 2978 turbo
1283 2924 1372 2978 ille
1404 2926 1460 2979 in
1494 2941 1684 2980 auram
1719 2926 2015 2981 secundam

435 3023 490 3065 et
546 3015 879 3082 navigationi
936 3015 1188 3069 idoneam
1247 3032 1553 3073 conversus
1615 3025 1723 3081 est,
1782 3035 2019 3089 moxque

2130 548 2208 618 τῷ
2240 548 2395 620 βάρει
2429 551 2462 620 ή
2511 550 2771 616 Θάλαττα,
2820 552 3060 622 σχίζεται
3107 556 3224 608 κατ’
3251 555 3499 622 ἀνάγκην
3524 555 3593 622 τῇ
3628 552 3721 622 βίᾳ

2131 638 2225 693 τοῦ
2269 640 2600 710 πνεύματος,
2636 642 2877 715 ὅπουπερ
2911 642 2977 696 ἂν
3024 644 3271 716 ἐνσκήψῃ
3313 643 3505 714 βρίσας
3532 644 3562 694 ό
3588 642 3718 695 ἄνε-

2133 751 2252 804 μος.
2281 734 2378 804 τῆς
2399 732 2490 786 τοῦ
2526 733 2725 804 βάρους
2754 732 3084 800 ὲμπτὼσεως
3119 735 3269 789 ἔνθεν
3305 737 3399 789 καὶ
3432 734 3588 789 ἔνθεν
3624 735 3723 787 ἐπὶ

2128 825 2189 878 τὸ
2217 826 2327 880 ἀνω
2344 826 2406 879 τὸ
2443 826 2557 896 (45)
2590 826 2735 897 ὕδωρ
2751 826 3147 897 ἁναπτυούσης.
3171 827 3271 880 Διά
3297 825 3455 880 τοῦτο
3486 825 3722 896 προστί-

2129 914 2285 983 θησιν
2309 915 2554 986 ἐναργῶς
2604 914 2937 986 ὑπογράφων
2972 915 3043 968 τὰ
3076 915 3302 986 φοϐερὰ,
3336 916 3421 968 ὅτι
3451 913 3593 984 ὁμοῦ
3639 911 3722 981 τῷ

2128 1007 2396 1077 ἐνσκῆψαι
2439 1007 2499 1061 τὸ
2548 1005 2765 1076 πνεῦμα
2801 1007 2901 1078 τῆς
2954 1007 3285 1075 καταιγίδος,
3330 1024 3349 1057 ι
3392 1003 3588 1074 ὑψώθη
3649 1001 3721 1054 τά

2128 1097 2349 1168 κύματα
2395 1118 2413 1150 ι
2447 1101 2545 1170 τῆς
2583 1098 2858 1169 θαλάσσης
2882 1116 2902 1149 ι
2932 1097 3289 1152 ἀναϐαίνοντα
3320 1096 3426 1160 ἕως
3475 1094 3589 1148 τῶν
3619 1095 3719 1146 σῖ)-

2129 1190 2326 1259 ρανῶν,
2377 1190 2472 1243 καὶ
2525 1189 2919 1243 καταϐαίνοντα
2960 1189 3064 1253 ἕως
3092 1188 3202 1240 τῶν
3243 1186 3522 1241 ἀϐύσσων.
3564 1204 3585 1238 ι
3622 1182 3719 1253 Τῷ

2126 1279 2239 1332 ὄντι
2267 1280 2375 1350 γάρ
2408 1282 2442 1350 ἡ
2474 1281 2553 1343 είς
2572 1279 2634 1332 τὸ
2662 1278 2793 1347 ὕψος
2818 1278 2926 1330 τῶν
2954 1276 3206 1330 τοιούτων
3237 1275 3497 1346 κυμάτων
3537 1273 3719 1342 ἔπαρ-

2129 1387 2233 1435 σις,
2274 1370 2419 1439 λέγω
2448 1371 2511 1443 δὴ
2551 1371 2620 1423 τὰ
2668 1370 2777 1422 τῶν
2817 1368 3005 1422 παθῶν
3058 1367 3299 1438 κύματα,
3326 1368 3426 1437 τῆς
3466 1367 3554 1428 εἰς
3613 1365 3719 1434 τὴν

2126 1461 2359 1515 ἄϐυσσον
2382 1460 2734 1519 καταϐάσεως
2762 1459 2908 1513 αἴτια
2934 1460 3163 1527 γίνεται.
3191 1458 3457 1512 ’Δϐυσσον
3483 1457 3543 1509 δὲ
3583 1456 3720 1509 πολ-

2126 1552 2263 1621 λαχῆ
2313 1553 2413 1623 τῆς
2435 1548 2678 1623 Γραφῆς,
2719 1550 2779 1604 τὸ
2805 1552 2913 1605 τῶν
2937 1550 3205 1620 δαιμόνων
3236 1548 3561 1617 ἐνδιαίτημα
3616 1563 3718 1616 με-

2129 1646 2475 1716 μαθήκαμεν.
2530 1643 2596 1699 Οἱ
2628 1644 2686 1697 δὲ
2716 1647 2782 1714 τῇ
2821 1646 3030 1713 ταραχῇ
3082 1641 3253 1711 ταύτῃ
3292 1641 3386 1694 καὶ
3430 1639 3512 1709 τῷ
3563 1638 3720 1708 σάλῳ

2124 1737 2233 1790 τῶν
2273 1737 2532 1808 κυμάτων
2583 1736 3089 1807 ὲγκυματισθέντες,
3121 1734 3381 1806 ἔκφρονες
3421 1732 3532 1785 ὑπὸ
3586 1748 3719 1784 σκο-

2055 1797 2096 1855 Β
2125 1797 2636 1899 τώσεωίγίνονται,
2683 1797 2936 1898 καθάπερ
2980 1797 3086 1880 ὑπὸ
3117 1797 3284 1897 μέθης
3317 1826 3417 1895 τῆς
3442 1824 3593 1878 κατὰ
3621 1823 3718 1875 τὸν

2124 1919 2291 1972 πλοῦν
2310 1920 2402 1973 τὸν
2415 1918 2651 1973 τοιοῦτον
2666 1918 2857 1989 ἀηδίας
2876 1917 3357 1989 καρηϐαρήσαντες
3375 1932 3387 1943 ⁸
3423 1934 3442 1966 ι
3473 1915 3718 1984 Ἐταρά-

2123 2009 2328 2079 χθησαν
2351 2030 2368 2060 ι
2389 2008 2517 2081 γάρ,
2539 2010 2754 2080 φησὶν,ι
2783 2008 2876 2062 καὶ
2891 2008 3278 2077 ὲσαλεύθησαν,
3297 2006 3415 2069 ὠςό
3430 2004 3675 2075 μεθύων.
3690 2025 3710 2055 ι

2123 2105 2185 2156 Oi
2214 2103 2270 2155 δὲ
2298 2101 2445 2166 ἀπαξ
2494 2100 2586 2154 τοῦ
2613 2103 2829 2172 φρονεῖν
2854 2099 2957 2164 ἔξω
2992 2100 3292 2169 γενόμενοι,
3321 2097 3585 2167 ούδεμίας
3618 2098 3715 2148 εύ-

2125 2192 2347 2263 ποροῦσι
2400 2191 2536 2260 πρὸς
2598 2192 2871 2261 σωτηρίαν
2903 2190 3115 2260 βουλῆς,
3164 2189 3324 2243 Ἀλλά
3369 2189 3716 2258 προναυαγεῐ

2121 2285 2300 2337 αὐτῶν
2330 2287 2362 2354 ή
2398 2285 2559 2352 σοφία
2588 2285 2681 2337 καὶ
2705 2283 3126 2354 προαπόλλυται.

2192 2378 2289 2430 Διά
2322 2376 2477 2430 τοῦτό
2538 2393 2723 2447 φησιν,
2757 2376 2839 2429 ὅτι
2887 2374 2982 2429 καὶ
3016 2393 3036 2427 ι
3071 2374 3224 2427 πᾶσα
3247 2374 3281 2443 ή
3322 2371 3480 2440 σοφία
3524 2368 3711 2425 αὐτῶν

2121 2469 2417 2538 κατεπόθη.
2450 2487 2470 2521 ι
2506 2469 2618 2521 Καὶ
2650 2467 2830 2532 πάλιν,
2865 2467 2960 2520 καὶ
3002 2466 3207 2519 τούτων
3236 2466 3292 2520 ἐν
3315 2463 3595 2524 τοσούτοις
3618 2478 3712 2529 γε·

2120 2561 2356 2629 γονότων
2391 2563 2605 2624 κακοῖς,
2640 2557 2794 2623 λύσις
2820 2560 3026 2628 γίνεται
3055 2559 3153 2629 τῆς
3183 2557 3464 2628 ἀμηχάνου
3497 2554 3709 2625 ταύτης

2118 2650 2516 2720 ταλαιπωρίας,
2551 2652 2584 2720 ή
2613 2649 2749 2721 πρὸς
2777 2648 2839 2701 τὺ
2870 2648 3023 2701 Θείον
3056 2648 3164 2719 (ιϐ)
3187 2648 3361 2717 φωνή.
3391 2663 3411 2695 ι
3434 2644 3707 2716 Ἐχέκρα-

2119 2742 2217 2809 ξαν
2263 2762 2281 2795 ι
2328 2744 2456 2816 γὰρ,
2503 2743 2659 2812 φησὶ,
2697 2761 2716 2793 ι
2751 2741 2885 2811 πρὸς
2914 2741 3119 2812 Κύριον
3176 2742 3236 2791 ἐν
3285 2737 3362 2808 τῷ
3421 2737 3705 2791 θλίϐεσθαι

2120 2835 2337 2899 αὐτοὺς,
2353 2837 2447 2888 καὶ
2461 2837 2525 2888 ὲκ
2548 2834 2657 2887 τῶν
2678 2834 2932 2903 ἀναγκῶν
2946 2831 3123 2886 αὐτῶν
3143 2832 3408 2901 ἐξήγαγεν
3430 2830 3651 2892 αὐτούς.
3680 2846 3699 2878 ι

2120 2926 2230 2980 Καὶ
2247 2927 2587 2998 παραχρῆμα
2603 2926 2635 2994 ή
2658 2924 2912 2993 καταιγὶς
2928 2924 3008 2986 εἰς
3033 2920 3248 2992 πνεῦμα
3267 2919 3574 2992 μετεϐλήθη
3593 2919 3703 2988 (ιτ)

2122 3016 2286 3087 φορόν
2314 3033 2374 3070 τε
2424 3016 2519 3069 καὶ
2578 3014 2822 3084 πλώϊμον
2849 3014 2983 3083 (48),
3021 3013 3116 3066 καὶ
3147 3011 3462 3082 γαληνιάζει
3501 3013 3567 3062 ἐκ
3596 3012 3703 3063 τῶν

436 3104 830 3173 tranquillatur
860 3119 890 3157 a
934 3107 1093 3161 sn-vis
1125 3105 1385 3163 ﬂuctibus
1433 3124 1604 3170 mare,
1649 3118 1802 3179 grata
1834 3111 2018 3179 quiete

2123 3108 2383 3176 κυμάτων
2444 3108 2938 3179 καταστορεσθεῖσα
2990 3106 3057 3160 δι’
3103 3105 3336 3176 ἡσυχίας
3367 3106 3400 3175 ή
3434 3102 3700 3202 θάλασσα.

436 3205 669 3250 stratum
721 3206 775 3250 et
826 3209 1101 3267 pacatum.
1138 3218 1156 3250 ι
1197 3200 1397 3255 Statuit
1446 3203 1741 3271 procellam
1797 3204 1918 3273 ejus
1963 3204 2018 3259 iu

436 3301 651 3350 auram,
684 3307 702 3338 ι
773 3288 994 3357 inquit,
1066 3309 1084 3341 ι
1124 3299 1178 3346 et
1242 3294 1516 3348 siluerunt
1571 3294 1771 3350 ﬂuctus
1817 3297 1957 3365 ejus.
1995 3318 2014 3349 ι

435 3376 713 3435 Fortassis
770 3380 965 3435 silendi
1037 3386 1303 3440 vocabulo
1354 3387 1554 3453 innuit,
1620 3387 1823 3445 ﬂuctus
1882 3392 2019 3445 nihil

436 3471 582 3525 aliud
617 3488 763 3536 esse,
810 3491 972 3543 quam
1006 3479 1356 3545 appetitrices
1391 3480 1657 3548 quasdam
1703 3482 2014 3548 facultates,

435 3565 637 3636 quibus
669 3576 921 3621 naturam
962 3569 1316 3624 desertricem
1362 3581 1412 3624 ct
1446 3572 1754 3629 desciscere
1783 3591 2017 3631 consue-

434 3665 546 3713 tam
596 3660 823 3726 indicat,
870 3662 959 3716 cui
1007 3663 1274 3718 Dominus
1313 3664 1368 3718 in
1421 3663 1749 3736 Evangelia:
1789 3687 1807 3719 ι
1845 3669 2012 3733 Tace,

434 3749 832 3807 obmutesce“.
873 3771 891 3803 ι
943 3755 1145 3807 Auram
1196 3755 1433 3824 appellat
1477 3757 1705 3825 spiritus
1758 3759 2011 3829 gratiam,

433 3855 557 3909 quae
610 3842 777 3896 rectis
832 3843 1288 3912 cogitationibus,
1337 3849 1494 3916 quasi
1559 3848 1724 3908 malo,
1775 3849 2014 3902 animam

432 3930 620 3985 divino
645 3934 823 4000 portui
854 3934 1101 4003 appellit,
1125 3936 1498 4004 gubernacula
1525 3939 1736 3993 ratione
1770 3947 2011 4006 tenente,

432 4028 489 4076 et
542 4022 609 4076 ad
665 4025 1066 4094 navigationem
1109 4025 1399 4095 dirigente.
1446 4029 1585 4082 Dicit
1625 4030 1815 4083 enim:
1852 4049 1871 4080 ι
1909 4030 2013 4086 De-

432 4114 593 4169 duxit
622 4131 719 4172 eos
758 4117 813 4171 in
856 4127 1073 4187 portum
1103 4120 1406 4174 voluntatis
1441 4137 1652 4175 eorum.
1690 4142 1706 4173 ι
1756 4121 1852 4177 His
1891 4122 2014 4178 lini-

432 4206 506 4261 tis
547 4222 744 4262 rursus
774 4208 1005 4277 gratiam
1054 4222 1082 4259 a
1117 4210 1319 4277 populo
1363 4220 1416 4262 et
1455 4208 1701 4264 Ecclesia
1749 4212 2013 4267 celebrari

427 4298 606 4367 jubet,
656 4307 867 4353 tantum
903 4315 1014 4353 non
1055 4302 1337 4369 praesentis
1382 4301 1639 4356 Ecclesia:
1676 4310 1878 4357 statum
1918 4305 2016 4360 de-

430 4391 707 4449 scribens.
750 4407 877 4445 cum
914 4391 992 4443 ait
1046 4392 1161 4445 lucc.
1199 4390 1291 4446 Dei
1337 4393 1611 4447 mirabilia
1663 4395 1717 4447 in
1750 4395 2012 4449 cathedra

2129 3217 2147 3249 ι
2192 3200 2467 3269 Ἔστησε»
2496 3198 2625 3268 γὰρ,
2673 3199 2825 3268 φησὶ,
2860 3218 2879 3249 ι
2916 3197 3013 3268 τὴν
3053 3195 3340 3264 καταιγίδα
3379 3196 3460 3257 είς
3504 3191 3701 3262 αὔραν,

2123 3293 2216 3343 καὶ
2238 3291 2498 3361 ἐσίγησαν
2537 3291 2609 3343 τά
2651 3291 2871 3361 κύματα
2904 3289 3092 3358 αὐτῆς.
3123 3289 3391 3361 »Τάχατῷ
3412 3286 3513 3356 τῆς
3544 3284 3702 3352 σιγῆς

2119 3383 2344 3453 όνόματι
2373 3382 2761 3453 προαιρετικάς
2800 3398 2951 3443 τινας
2987 3374 3127 3433 εἶναι
3150 3379 3407 3447 δυνάμεις
3443 3376 3705 3445 σημαίνει

2117 3474 2187 3525 τὰ
2217 3472 2437 3544 κύματα
2457 3491 2469 3504 ·
2490 3473 2555 3526 δι’
2577 3466 2651 3524 ὧν
2677 3474 2776 3541 τὴν
2817 3472 3192 3542 ἀποστατικὴν
3228 3471 3391 3540 φύσιν
3426 3471 3703 3523 ἐνδείκνυο

2116 3580 2204 3616 ται
2218 3602 2233 3625 ,
2254 3565 2388 3633 πρὸς
2408 3565 2473 3633 ἣν
2488 3560 2641 3616 εἶπεν
2661 3563 2717 3616 ὲν
2730 3562 2807 3633 τῷ
2834 3563 3145 3633 Εὑαγγελίῳ
3159 3566 3186 3615 ό
3204 3564 3423 3633 Κύριος,
3447 3580 3465 3611 ι
3486 3561 3699 3623 Σιώπα,

2119 3655 2426 3724 πεφίμωσο.
2455 3674 2471 3705 ι
2494 3654 2678 3727 Λύραν
2693 3654 2747 3708 δὲ
2774 3654 2921 3722 λέγει
2938 3655 3037 3725 τὴν
3060 3655 3152 3707 τοῦ
3188 3654 3493 3723 πνεύματος
3515 3653 3702 3722 χάριν,

2116 3747 2149 3816 ἣ
2197 3745 2285 3798 διὰ
2323 3746 2432 3798 τῶν
2489 3746 2695 3815 νοητῶν
2745 3746 2926 3799 ἱστίων
2973 3744 3085 3815 (49)
3119 3745 3197 3814 τῷ
3226 3745 3354 3814 θείῳ
3396 3743 3579 3813 λιμένι
3602 3744 3703 3813 τὴν

2114 3836 2294 3908 ψυχὴν
2331 3838 2627 3909 ὲνορμίζει,
2682 3837 3058 3908 κυϐερνῶντος
3092 3836 3187 3889 τού
3218 3836 3401 3904 λόγου,
3432 3835 3530 3888 καὶ
3568 3833 3704 3903 πρὸς

2115 3929 2205 3982 τὸν
2248 3929 2414 3983 πλοῦν
2453 3928 2891 3992 κατευθύνοντος.
2932 3948 2950 3979 ι
2997 3930 3259 4000 Ὧδήγησε
3291 3947 3312 3979 ι
3338 3926 3469 3998 γὰρ,
3510 3929 3701 3995 φησὶν,

2122 4039 2140 4072 ι
2174 4021 2370 4084 αὐτοὺς
2400 4021 2492 4073 ἐπὶ
2511 4020 2705 4091 λιμένα
2734 4020 3034 4091 θελήματος
3056 4019 3260 4073 αὐτῶν.
3281 4038 3299 4071 ι
3329 4020 3453 4071 Ἐπὶ
3488 4018 3705 4081 τούτοις

2116 4112 2279 4165 πάλιν
2313 4112 2572 4181 ἀνυμνείν
2602 4113 2703 4183 τὴν
2732 4111 2892 4182 χάριν
2926 4110 3291 4163 διακελεύεται
3325 4109 3454 4161 λαόν
3504 4125 3567 4159 τε
3610 4110 3704 4161 καὶ

2130 4202 2456 4273 Ἐκκλησίαν
2477 4220 2491 4235 υ
2535 4204 2694 4274 μόνον
2734 4203 2854 4273 οὐχ).
2885 4202 2985 4267 τὴν
3006 4200 3288 4272 παροῦσαν
3315 4200 3423 4252 τῶν
3469 4199 3702 4267 Ἐκκλη-

2118 4294 2248 4346 σιῶν
2280 4294 2612 4364 ὑπογράφων
2632 4293 2711 4364 τῷ
2731 4293 2872 4363 λόγῳ
2896 4292 3340 4354 κατάστασιν,ὄτι
3366 4293 3422 4343 ἐν
3475 4292 3544 4359 τῇ
3578 4288 3704 4340 καθα

2117 4389 2247 4460 έδρᾳ
2275 4388 2383 4442 τῶν
2408 4388 2838 4460 προηγουμένων
2860 4386 2954 4439 τοῦ
2983 4386 3139 4453 λόγου
3156 4385 3267 4454 (50)
3288 4383 3461 4437 ταῦτα
3495 4382 3705 4452 κηρύσ-

431 4477 743 4547 principum
787 4477 1093 4540 decantari,
1129 4494 1224 4546 per
1256 4495 1375 4547 quae
1405 4479 1536 4534 ﬁdes
1572 4481 1625 4533 in
1671 4481 2011 4535 audientium

2122 4498 2271 4534 σεται
2309 4481 2403 4535 τοῦ
2437 4479 2570 4534 Θεοῦ
2603 4479 2669 4533 τά
2704 4478 3002 4550 θαυμάσια,
3034 4479 3101 4531 δι’
3129 4470 3256 4547 ὦνή
3293 4476 3474 4538 πίστις
3508 4474 3704 4543 βεϐαία

432 4570 633 4624 animis
672 4571 1051 4623 conﬁrmatur.
1100 4570 1265 4623 Addit
1310 4572 1453 4624 enim
1488 4589 1502 4625 :
1539 4589 1558 4622 ι
1594 4570 1843 4626 Exaltent
1885 4589 2009 4626 eum

434 4658 491 4711 in
552 4658 791 4715 ecclesia
831 4660 1026 4729 plebis.
1075 4669 1127 4714 et
1164 4660 1218 4714 in
1256 4661 1511 4715 cathedra
1558 4664 1839 4718 seniorum
1890 4665 2011 4719 lau-

432 4749 564 4804 dent
591 4766 718 4805 eum
755 4768 768 4804 :
810 4770 829 4802 ι
868 4752 1264 4822 subjungitque
1293 4754 1590 4824 gratiarum
1624 4756 1857 4812 actionis
1889 4772 2015 4810 cau-

435 4857 548 4905 sas,
609 4840 755 4911 quod
816 4842 1027 4897 scilicet
1088 4859 1117 4895 a
1177 4842 1286 4899 Deo
1342 4843 1590 4910 ﬂumina,
1636 4848 1743 4901 alia
1791 4847 2013 4917 quidem

433 4941 793 4997 enascuntur,
845 4934 950 4987 alia
987 4935 1294 5001 intereunt;
1342 4952 1469 4990 nam
1519 4937 1745 4992 ﬂumina
1794 4940 2015 4994 malitiae

435 5025 792 5079 exsiccantur
834 5033 889 5079 et
947 5027 1260 5093 abolentur,
1309 5040 1365 5083 at
1399 5029 1664 5082 virtutum
1717 5028 1921 5084 ﬂuenta
1960 5037 2016 5084 et

434 5117 637 5181 exitus,
681 5119 798 5173 loca
824 5134 1068 5189 eousque
1093 5121 1292 5177 ardore
1321 5128 1517 5175 exusta
1549 5122 1778 5191 irrigant
1810 5161 1824 5175 .
1865 5141 1883 5173 ι
1910 5119 2016 5175 Ροε

438 5208 547 5259 suit
576 5206 804 5262 ﬂumina
837 5208 891 5262 in
911 5210 1210 5273 desertum,
1240 5230 1259 5261 ι
1286 5210 1485 5281 inquit,
1523 5228 1542 5261 ι
1569 5219 1623 5264 et
1642 5210 1821 5264 exitus
1844 5223 2017 5279 aqua-

441 5312 560 5351 rum
589 5300 642 5353 in
668 5300 841 5354 sitim.
878 5319 896 5353 ι
929 5299 1183 5356 Flumina
1215 5313 1375 5358 vocat
1412 5304 1731 5374 passionum
1760 5300 2012 5367 aﬂluxus,

514 5452 558 5484 “
591 5452 757 5508 Marc.
799 5471 874 5520 Iv,
900 5458 987 5512 59.

509 5625 623 5693 (45)
663 5627 738 5680 Τὸ
769 5644 878 5683 om.
913 5631 1002 5687 ed.

513 5696 625 5758 H6)
654 5696 758 5749 Τὸν
777 5698 930 5762 Θεὸν,
955 5702 1041 5755 ed.

511 5766 626 5837 (47)
654 5767 995 5841 Κατεϐλήθη,
1030 5772 1095 5827 ed
1109 5806 1122 5822 .

2115 4572 2323 4640 γίνεται
2351 4576 2462 4636 τοῖς
2491 4571 2800 4626 ἀκούουσιν.
2824 4590 2843 4623 ι
2877 4563 3280 4640 ’Υψωσάτωσαν
3315 4587 3334 4618 ι
3352 4571 3483 4638 γὰρ,
3511 4569 3700 4637 φησὶν,

2122 4683 2140 4715 ι
2179 4663 2361 4728 αὑτὸν,
2393 4665 2452 4716 ὲν
2483 4663 2749 4735 ἐκκλησία
2797 4661 2950 4727 λαοῦ,
2980 4663 3073 4715 καὶ⁸
3102 4662 3161 4714 ὲν
3184 4659 3422 4730 καθέδρᾳ
3460 4660 3702 4731 πρεσϐυ-

2115 4756 2289 4827 τέρων
2330 4756 2700 4810 αἰνεσάτωσαν
2750 4754 2931 4808 αὐτόν.
2993 4773 3010 4803 ι
3065 4753 3176 4806 Καὶ
3216 4752 3543 4825 προστίθησι
3594 4753 3703 4805 τῶν

2116 4848 2477 4919 εὐχαριστιῶν
2512 4849 2611 4910 τὰς
2643 4846 2839 4910 αἰτίας,
2873 4847 2954 4899 ὃτι
2981 4844 3132 4917 παρά
3162 4844 3257 4897 τοῦ
3281 4844 3416 4897 Θεοῦ
3440 4843 3700 4915 ποταμοὶ,

2115 4942 2165 4992 οἱ
2190 4939 2290 5010 μὲν
2305 4941 2565 5007 γίνονται,
2591 4940 2638 4990 οί
2664 4939 2721 4990 δὲ
2745 4935 3183 4991 ἀπόλλυνται.Τά
3200 4936 3298 5006 μὲν
3323 4935 3433 5007 γὰρ
3454 4936 3702 5007 ῥεύματα

2116 5029 2215 5098 τῆς
2247 5029 2443 5091 κακίας
2471 5026 2851 5095 ὲξαφανίζεται
2870 5043 2885 5058 ⁸
2913 5027 2969 5081 αί
3003 5026 3059 5079 δὲ
3086 5025 3195 5078 τῶν
3222 5026 3435 5097 ἀρετῶν
3457 5026 3697 5091 διέξοδοι,

2114 5123 2242 5183 τοὺς
2266 5120 2400 5182 τέως
2424 5119 2751 5189 αὐχμῶντας
2779 5117 3131 5183 ὲπικλύζουσί
3157 5118 3378 5181 τόπους.
3402 5135 3423 5169 ι
3450 5117 3646 5171 Ἐθετο
3674 5136 3692 5166 ι

2115 5208 2249 5282 γὰρ,
2295 5211 2449 5280 φησὶ,
2486 5228 2506 5261 ι
2560 5208 2839 5278 ποταμοὺς
2889 5211 2969 5272 είς
3013 5208 3237 5280 ἔρημον,
3288 5208 3384 5261 καὶ
3435 5207 3698 5275 διεξόδους

2117 5303 2325 5357 ὑδάτων
2341 5305 2419 5365 είς
2449 5301 2628 5357 δίὼαν.
2656 5320 2673 5353 ι
2700 5300 2982 5364 Ποταμοὺς
3006 5300 3061 5356 δὲ
3079 5301 3245 5370 λέγει,
3269 5301 3370 5366 τάς
3388 5301 3499 5355 τῶν
3524 5300 3698 5373 παθη-

2195 5642 2306 5706 (48)
2338 5641 2499 5696 Forte
2532 5640 2798 5713 πρὼιμον.

2194 5712 2306 5780 (49)
2336 5712 2637 5782 Νοημάτων
2679 5712 2849 5780 ἱστίῳ,
2885 5713 2972 5770 ed.

2195 5782 2305 5854 (50)
2335 5782 2444 5834 Τοῦ
2477 5783 2632 5849 λόγου
2666 5798 2774 5836 om.
2800 5782 2889 5835 ed.
