3838 6224
136 352 227 408 ιπ
1485 353 1550 408 IN
1591 352 1932 410 PSALMOS.

3264 354 3367 408 478

140 471 303 540 μάτων
326 468 437 538 (51)
464 470 744 541 ὲπιρῤοάς,
786 473 880 524 καὶ
906 472 1173 537 διεξόδους
1205 473 1434 536 ὑδάτων,
1462 473 1560 535 τὰς
1577 472 1686 524 τῶν

1803 481 1842 525 ιι
1878 472 2060 527 exitus
2117 486 2408 540 aquarum,
2460 472 2731 526 malorum
2776 472 3095 527 continuam
3129 488 3364 538 seriem;

138 561 300 615 κακῶν
344 561 678 624 ἀκολουθίας.
710 563 879 616 Ὅταν
908 566 996 618 ἀεὶ
1042 565 1256 637 πονηρὰ
1281 569 1535 635 πονηροῖς
1563 565 1688 617 ἐπι-

139 656 472 717 συνάπτοντες
529 655 577 706 οί
624 653 936 724 ἄνθρωποι,
994 655 1244 728 καθάπερ
1293 675 1345 709 τι
1370 657 1549 728 ρεῦμα
1597 656 1690 708 τὸν

137 745 271 795 ὁλκὸν
285 745 377 812 τῆς
394 743 588 806 κακίας
613 744 1058 814 άπομηκύνωσιν.
1078 748 1236 801 Ἀλλὰ
1256 749 1351 800 καὶ
1372 749 1472 818 τὴν
1492 767 1508 799 ι
1521 745 1644 816 γῆν,
1666 765 1685 797 ›

139 835 300 904 φησιν,
339 853 354 882 ι
391 833 755 905 καρποφόρον,
797 838 878 898 είς
922 836 1100 907 ἅλμην
1148 857 1166 890 ι
1201 838 1454 909 ἐποίησεν
1481 856 1492 868 ·
1525 841 1557 907 ἠ
1584 839 1690 908 γὰρ

138 924 228 975 τῶν
275 923 452 975 κακῶν
502 922 729 993 εὔφορος
772 923 917 996 ψυχὴ
969 926 1415 996 μεταποιηθεῖσα,
1459 925 1691 994 διψώδης

139 1016 330 1083 ἐγένετο
358 1057 371 1076 ,
424 1014 501 1085 τῷ
543 1014 668 1084 θείῳ
713 1014 867 1068 ἆλατι
907 1019 1006 1087 τῆς
1049 1018 1396 1082 διδασκαλίας
1451 1021 1690 1088 ὲπαρτυ-

141 1107 294 1168 θεῖσα,
349 1106 421 1168 ὡς
483 1105 678 1174 μηκέτι
731 1107 830 1175 τὴν
879 1108 1077 1160 κακίαν
1125 1109 1231 1162 τῶν
1297 1109 1692 1163 κατοικούντων

141 1197 367 1262 αὖξεσθαι
397 1240 412 1264 ,
477 1201 596 1259 ταῖς
645 1201 908 1267 πονηραῖς
974 1199 1080 1252 τῶν
1144 1199 1353 1254 ὑδάτων
1407 1202 1692 1271 ἐπιρροαῖς

139 1291 466 1360 τρεφομένην.
563 1291 848 1360 Ἀλμῶσαν
929 1292 986 1346 δὲ
1045 1295 1142 1348 καὶ
1224 1293 1430 1362 διψῶδη
1515 1292 1692 1363 ςυχὴν

141 1385 223 1452 τὴν
245 1384 298 1435 τὺ
324 1383 652 1453 μακαριστὸν
695 1384 844 1454 δίψος
882 1385 1277 1445 ἀναλαϐοῦσαν,
1306 1385 1502 1456 λίμνην
1541 1385 1693 1452 γενέο

145 1476 249 1526 σθαι
270 1478 330 1545 τῇ
363 1480 634 1548 συστροφῇ
660 1478 768 1531 τῶν
796 1478 1005 1549 ἀρετῶν
1044 1477 1459 1545 πελαγίζουσαν.
1495 1495 1513 1527 ι
1544 1475 1695 1528 Ἐθε-

142 1583 193 1618 το
217 1567 366 1638 »γάρ,
400 1570 554 1635 φησὶ,
580 1588 598 1619 ι
625 1570 830 1640 ἔρημον
856 1572 934 1633 είς
955 1571 1147 1641 λίμνας
1168 1569 1375 1623 ὑδάτων
1407 1606 1421 1628 ,
1451 1569 1548 1621 καὶ
1590 1569 1690 1638 γῆν

142 1659 338 1729 ἄνυδρον
377 1661 455 1722 εἰς
497 1660 765 1725 διεξόδους
799 1662 1027 1716 ὑδάτων.
1068 1682 1086 1712 ι
1123 1662 1294 1715 Τοῦτο
1333 1661 1390 1714 δὲ
1426 1661 1579 1724 πόλις
1611 1659 1695 1728 γί-

143 1767 288 1814 νεται,
318 1752 380 1823 ἦν
410 1754 458 1804 οἱ
489 1752 750 1822 διψῶντες
778 1755 890 1822 (5‘2)
925 1755 1025 1824 τὴν
1058 1754 1401 1822 δικαιοσύνην
1433 1750 1688 1804 οἰκοῦσιν.

144 1843 308 1906 Οὑδεὶς
335 1844 439 1914 γάρ
465 1843 770 1915 ναδτιώδης
803 1863 860 1898 τε
883 1846 977 1899 καὶ
1009 1846 1300 1916 άνόρεκτος
1318 1845 1418 1914 τῆς
1442 1843 1696 1913 τοιαύτης

145 1933 332 2004 λίμνης.
362 1937 453 1986 καὶ
481 1936 589 1988 τῶν
621 1937 875 1989 τοιούτων
911 1937 1118 1990 ὑδάτων
1146 1937 1434 2006 πρόσοικος
1466 1935 1692 2004 γίνεται,

144 2026 383 2094 πλήσμιον
403 2029 460 2078 ὲν
479 2028 650 2099 κακία
668 2026 766 2099 τὴν
781 2028 958 2098 ψυχὴν
980 2028 1339 2098 ἐπαγόμενος.
1365 2046 1382 2077 ι
1411 2026 1696 2098 Σπείρουσι

145 2115 191 2166 δὲ
234 2117 349 2179 τοὺς
387 2117 592 2186 ἀγροὺς
633 2119 727 2170 καὶ
775 2117 1068 2186 φυτεύουσι
1107 2119 1234 2182 τοὺς
1285 2117 1636 2188 ἀμπελῶνας.
1673 2135 1690 2166 ι

147 2206 241 2270 Τάς
271 2207 412 2271 θείας
442 2210 668 2273 ἐντολάς
696 2211 791 2264 καὶ
832 2210 929 2280 τὴν
979 2211 1233 2282 ἐνάρετον
1281 2210 1552 2263 πολιτείαν
1585 2213 1697 2270 τοῖς

144 2297 377 2362 τοιούτοις
420 2299 796 2371 διασημαίνων
839 2301 1144 2372 αἰνίγμασι.
1171 2301 1401 2371 Σπέρμα
1444 2301 1552 2372 γὰρ
1599 2302 1700 2370 τῆς

147 2388 413 2461 μελλούσης
459 2392 798 2463 ἐπικαρπίας
852 2394 998 2447 ἐστὶν
1033 2395 1065 2464 ἠ
1110 2393 1317 2463 ἐντολή.
1360 2393 1550 2464 Ἀρετὴ
1576 2392 1630 2444 δὲ
1665 2394 1698 2463 ὴ

145 2483 355 2551 ἄμπελος
388 2486 420 2554 ή
449 2484 540 2538 διά
571 2485 683 2538 τῶν
712 2484 942 2553 λογικῶν
987 2485 1227 2557 βοτρύων
1256 2484 1334 2553 τῷ
1361 2484 1459 2553 τῆς
1507 2484 1701 2552 σοφίας

147 2576 349 2646 κρατῆρι
382 2576 472 2629 τὸν
508 2573 652 2630 οἶνον
687 2579 970 2648 ἐκχέουσα.
1005 2577 1190 2630 Ταῦτα
1225 2577 1280 2629 δὲ
1315 2577 1465 2630 οὐδὲν
1490 2577 1637 2639 ἄλλο,
1666 2576 1698 2646 ἢ

150 2667 365 2734 εὐλογίας
385 2668 590 2739 πλῆθός
613 2671 782 2724 ἐστιν.
813 2687 830 2720 ι
858 2669 1132 2738 Εὑλόγησε
1173 2689 1192 2720 ι
1235 2669 1364 2741 γὰρ,
1382 2668 1702 2740 φησὶν,ιαὺ-

146 2759 268 2821 τοὺς,
302 2759 390 2812 καὶ
427 2758 848 2829 ὲπληθύνθησαν
889 2761 1114 2830 σφόδρα,
1152 2760 1247 2812 καὶ
1292 2759 1362 2812 τὰ
1394 2760 1566 2828 κτήνη
1599 2759 1700 2810 αὑ-

148 2849 236 2901 τῶν
286 2851 378 2904 οὐκ
429 2851 782 2920 ὲσμίκρυνεν.
832 2871 850 2904 ο
897 2853 1085 2922 Κτήνη
1137 2851 1302 2919 λέγει,
1348 2851 1446 2920 τὴν
1485 2851 1702 2918 ὑποχεί-

151 2956 243 3008 ριον
288 2941 390 2994 τῶν
436 2942 543 3011 τῆς
596 2943 774 3013 ψυχῆς
831 2946 1145 3014 κινημάτων
1202 2943 1537 3015 ὑπηρεσίαν,
1574 2943 1701 2996 ὅταν

150 3030 264 3098 πρὸς
305 3032 498 3104 ἀρετὴν
536 3033 766 3086 ἕκαστον
797 3034 904 3086 τῶν
939 3035 997 3086 ὲν
1041 3035 1172 3106 ἡμῖν
1221 3033 1702 3104 χρησιμεύῃοὰγα·

150 3118 224 3173 θὸν
251 3122 431 3192 κτῆνός
452 3125 604 3176 ἐστιν
632 3126 660 3176 ό
691 3123 880 3196 θυμὸς,
910 3124 1038 3176 ὅταν
1069 3123 1163 3176 τοῦ
1201 3123 1461 3194 λογισμοῦ
1501 3123 1698 3187 ὑποζύ-

148 3227 245 3273 γιον
292 3212 536 3283 γένηται·
573 3213 761 3285 ἕτερον
809 3214 1053 3269 τοιοῦτον
1103 3215 1298 3286 κτῆνος
1335 3219 1368 3284 ὴ
1413 3213 1696 3283 ἐπιθυμία,

149 3301 497 3372 νωτοφοροῦσα
551 3301 752 3375 τρόπον
796 3303 918 3357 τινὰ
960 3305 1054 3356 καὶ
1094 3303 1434 3373 βαστάζουσα
1466 3303 1565 3373 τὴν
1602 3302 1704 3372 ψυ-

150 3389 250 3459 χὴν,
281 3397 367 3444 καὶ
397 3395 488 3446 ἐπὶ
527 3395 587 3446 τὸ
617 3393 748 3462 ὕψος
797 3393 1092 3462 ἀνάγουσα,
1117 3395 1246 3446 ὅταν
1280 3393 1373 3446 ἐπὶ
1407 3392 1477 3446 τὰ
1504 3393 1615 3446 ἄνω
1637 3395 1702 3463 τῇ

150 3483 256 3553 ἡνία
276 3484 377 3552 (55)
405 3489 504 3556 τῆς
538 3487 775 3550 διανοίας
802 3487 1112 3557 εὐθύνηται.
1151 3489 1259 3540 Καὶ
1279 3487 1349 3539 τὰ
1369 3486 1503 3539 ἄλλα
1528 3487 1703 3539 πάντα

151 3578 298 3645 κτήνη
322 3579 462 3631 ἐστὶν
518 3577 862 3648 αὐξανόμενα
906 3583 974 3650 τῇ
1017 3579 1265 3650 εὐλογίᾳ,
1293 3581 1416 3632 ὃταν
1465 3577 1602 3648 πρὸς
1638 3580 1706 3630 τά

155 3669 340 3736 μεγάλα
369 3671 593 3742 γένηται
619 3675 750 3743 ἡμῖν
786 3673 820 3742 η
852 3673 1004 3744 παρὰ
1032 3671 1235 3725 τούτων
1263 3665 1706 3742 ὑπηρεσία.Εἷτα

154 3763 342 3815 πάντων
383 3764 492 3818 τῶν
547 3764 853 3835 εἰρημένων
890 3763 1361 3832 ἀνακεφαλαίωσιν
1386 3765 1443 3815 ὲν
1476 3763 1552 3833 τῷ
1581 3764 1708 3831 ἐφε-

156 3852 235 3920 ξῆς
256 3857 471 3908 ποιεῖται
522 3856 685 3926 λόγῳ.
721 3856 1079 3926 Πολυτρόπως
1109 3857 1216 3926 γὰρ
1240 3855 1309 3908 τά
1336 3872 1394 3907 τε
1428 3854 1575 3924 πάθη
1604 3855 1710 3907 διε-

157 3944 353 4009 ξελθὼν,
378 3948 590 4010 καὶτὰς
635 3947 782 4010 θείας
816 3948 1132 4020 εὐεργεσίας
1161 3947 1253 3999 ὑπ’
1292 3945 1413 4014 ὄψιν
1442 3948 1671 4015 ποιήσας
1692 3962 1704 3974 '

156 4035 256 4086 νυνὶ
303 4035 364 4088 δι’
420 4037 605 4105 ὀλίγου
647 4035 808 4089 πάλιν
858 4033 1232 4106 ἐκπεριλαϐὼν
1277 4034 1388 4104 (54)
1443 4035 1710 4096 ἀνακειια-

157 4122 368 4178 λαιοῦται
392 4127 468 4196 τῷ
493 4126 660 4196 λόγῳ.
693 4127 780 4178 Ἐν
807 4120 887 4189 οἷς
913 4142 1077 4196 φησιν
1105 4166 1120 4191 ,
1165 4125 1246 4177 ὅτι
1271 4143 1292 4178 ι
1317 4121 1708 4190 Ὠλιγὼθησαν,

158 4217 237 4267 καὶ
261 4217 616 4285 ἐκακώθησαν
662 4218 770 4269 ἀπὸ
805 4216 1036 4286 θλίψεως
1073 4215 1258 4268 κακῶν
1303 4214 1396 4266 καὶ
1430 4212 1639 4280 ὀδύνης.
1687 4231 1704 4261 ›

159 4306 242 4359 Διὰ
281 4309 371 4379 μὲν
403 4310 493 4362 τοῦ
548 4310 730 4377 ὀλίγου
781 4309 1060 4378 σημαίνων
1107 4308 1207 4377 τὴν
1241 4306 1585 4378 βραγύτητα,
1617 4305 1712 4356 καὶ

160 4400 242 4466 τὴν
264 4403 553 4473 γενομένην
588 4402 698 4454 ἀπὸ
727 4400 818 4453 τοῦ
850 4399 1017 4468 ὕψους
1045 4415 1103 4450 τε
1127 4399 1221 4450 καὶ
1254 4395 1517 4466 μεγέθους
1547 4396 1625 4457 εἰς
1649 4394 1710 4446 τὸ

1790 565 2014 634 quando
2041 564 2291 618 homines
2320 563 2462 616 mala
2498 563 2661 618 malis
2690 563 3124 626 accumulantes,
3157 573 3210 619 et
3235 579 3367 618 con-

1791 665 2074 711 nectentes
2100 656 2340 710 ﬂuminis
2373 656 2566 719 instar,
2591 657 2803 711 alveum
2833 657 3200 727 improbitatis
3229 673 3365 711 con-

1791 749 2008 801 tinuant
2038 759 2092 802 et
2120 747 2423 818 proferunt.
2461 748 2728 803 Caeterum
2763 757 2964 803 terram
2995 765 3214 819 quoque
3247 749 3367 802 l‘rn-

1791 839 2042 894 etiferam
2075 841 2127 894 in
2165 841 2497 910 salsuginem
2532 856 2854 896 conversam
2891 843 2998 909 ait;
3041 859 3164 896 nam
3190 842 3370 897 anima

1793 931 2058 984 malorum
2093 930 2345 994 fecunda,
2381 947 2504 984 cum
2536 939 2902 986 transmutata
2938 941 3041 996 est,
3084 935 3368 988 siticulosa

1792 1035 2009 1090 quoque
2061 1021 2314 1081 eﬁicitur,
2364 1037 2663 1091 conspersa
2709 1024 2892 1078 divino
2935 1024 3199 1078 doctrinae
3233 1025 3368 1087 sale,

1792 1122 1852 1164 ut
1885 1131 1951 1168 ne
1979 1114 2212 1183 amplius
2253 1114 2576 1184 improbitas
2608 1116 2740 1169 inibi
2775 1115 3086 1185 degentium
3131 1124 3367 1179 crescat,

1794 1208 1962 1275 rigata
2000 1217 2054 1261 et
2082 1208 2206 1260 alita
2241 1208 2420 1260 noxiis
2453 1222 2720 1275 aquarum
2753 1207 3210 1264 eonﬁuxionibus.
3249 1207 3371 1262 Sal-

1794 1297 2106 1366 suginosam
2136 1312 2264 1351 vero
2285 1305 2339 1350 et
2369 1297 2703 1352 siticulosam
2730 1297 2992 1361 animam,
3022 1315 3184 1368 quant
3212 1301 3368 1354 beata

1795 1389 1885 1442 illa
1943 1392 2065 1446 sitis
2126 1401 2390 1460 occupat,
2455 1390 2704 1444 converti
2763 1391 2921 1444 docet
2981 1392 3371 1446 exercitatione

1794 1482 2061 1532 virtutum
2095 1479 2149 1532 in
2183 1488 2431 1549 stagnum
2465 1495 2750 1548 aquarum,
2787 1479 2955 1532 maris
2988 1479 3252 1534 assimile.
3283 1478 3370 1532 Ait

1793 1572 1939 1624 enim
1978 1589 1990 1624 :
2034 1588 2050 1621 ι
2081 1569 2268 1625 Posuit
2312 1570 2589 1624 desertum
2647 1571 2699 1624 in
2751 1582 2941 1641 stagna
2979 1585 3269 1641 aquarum,
3318 1583 3372 1625 et

1796 1670 2001 1714 terram
2045 1663 2162 1716 sine
2200 1677 2340 1732 aqua
2374 1662 2428 1714 in
2459 1662 2640 1716 exitus
2667 1677 2956 1731 aquarum.
2995 1680 3012 1712 ο
3050 1661 3163 1715 1-1οε
3189 1669 3369 1716 autem

1798 1760 2051 1822 stagnum
2084 1753 2214 1808 urbs
2252 1753 2309 1806 ﬁt
2331 1769 2492 1822 quam
2531 1755 2795 1815 incolunt,
2827 1754 2920 1824 qui
2949 1754 3215 1823 justitiam
3248 1769 3371 1807 esu-

1803 1846 1989 1910 tinnt;
2058 1845 2244 1899 nullus
2302 1845 2446 1897 enim
2507 1844 2934 1899 nauseabundus
2995 1845 3374 1914 appetitusque

1798 1951 2017 2006 expers,
2051 1938 2228 2005 stagni
2261 1937 2424 2004 hujus
2455 1947 2510 1989 et
2539 1937 2730 1989 harum
2774 1951 3040 2006 aquarum
3073 1937 3258 1990 accola
3293 1938 3370 1998 ﬁt,

1799 2042 1922 2081 eum
1971 2035 2207 2082 mentem
2263 2028 2566 2082 sceleribus
2612 2027 2866 2082 refertam
2907 2026 3374 2081 aﬂerat.cSerunt

1800 2133 1931 2172 vero
1974 2134 2158 2188 agros.
2199 2127 2253 2171 et
2303 2121 2554 2186 plantant
2585 2120 2826 2174 vineas.)
2844 2119 3055 2184 Quibus
3084 2119 3372 2173 verborum

1800 2211 2099 2264 involucris
2128 2211 2313 2264 divina
2337 2220 2626 2280 praecepta,
2651 2219 2705 2264 et
2734 2224 2876 2275 eam,
2915 2225 3036 2278 quae
3069 2210 3371 2264 secundum

1801 2303 2056 2355 virtutem
2100 2310 2206 2363 est,
2251 2302 2468 2356 vivendi
2524 2303 2792 2357 rationem
2849 2301 3139 2371 signiﬁcat.
3179 2300 3376 2354 Semen

1799 2390 1944 2444 enim
1977 2389 2174 2445 futura:
2208 2393 2406 2447 messis
2436 2399 2522 2446 est
2552 2403 2880 2461 praeceptum
2915 2411 2927 2445 :
2962 2393 3158 2454 virtus,
3194 2391 3374 2452 vinea,

1799 2495 1922 2547 quae
1961 2495 2056 2548 per
2086 2480 2385 2535 rationales
2422 2481 2610 2536 botros
2641 2482 2919 2550 sapientia:
2963 2482 3158 2550 poculo
3192 2479 3374 2532 vinum

1801 2570 2033 2626 aﬁ‘undit
2077 2589 2090 2625 :
2131 2572 2332 2641 quibus
2376 2573 2662 2626 omnibuS'
2688 2571 2824 2625 nihil
2879 2570 3028 2625 aliud
3089 2571 3380 2633 innuitur,

1801 2679 1964 2733 quam
2015 2663 2413 2718 benedictionis
2463 2663 2823 2717 abundantia.
2862 2663 2951 2716 Ait
2994 2663 3137 2717 enim
3175 2681 3186 2715 :
3225 2680 3242 2712 ι
3278 2661 3379 2716 Bc-

1802 2754 2012 2808 nedixit
2042 2753 2170 2817 illis,
2212 2762 2266 2807 et
2298 2753 2642 2821 multiplicati
2677 2762 2804 2806 sunt
2838 2752 3016 2814 valde,
3052 2759 3106 2806 et
3131 2752 3382 2820 jumenta

1799 2861 1986 2901 eorum
2036 2861 2145 2899 non
2207 2846 2520 2899 minoravit.
2550 2863 2569 2895 ι
2607 2841 2862 2898 Jumenta
2914 2844 3151 2913 appellat
3197 2843 3382 2912 subje-

1800 2951 1946 2991 clum
1978 2938 2176 2992 anima:
2211 2939 2516 2991 motionum
2562 2936 2955 2997 ministerium,
2987 2951 3110 2990 cum
3153 2935 3384 3005 quodvis

1801 3027 2020 3082 illorum
2082 3028 2148 3081 ad
2197 3029 2458 3080 virtutem
2505 3026 2665 3080 nobis
2704 3025 2996 3080 conducat.
3044 3025 3250 3078 Bonum
3295 3024 3385 3092 jn-

1807 3128 2048 3174 mentum
2080 3127 2162 3174 est
2191 3120 2292 3183 ira,
2334 3120 2553 3190 quando
2583 3119 2783 3176 rationi
2830 3119 3190 3183 obtemperat.
3221 3116 3384 3170 Aliud

1807 3211 2050 3279 ejusdem
2110 3212 2327 3280 generis
2353 3212 2659 3280 jumentum
2715 3217 2800 3264 est
2848 3209 3158 3278 cupiditas,
3222 3209 3389 3262 dorso

1804 3302 2207 3371 quodammodo
2245 3301 2428 3356 ferens
2453 3311 2507 3356 et
2537 3300 2792 3370 bajnlans
2823 3300 3086 3362 animam,
3118 3307 3171 3352 et
3213 3299 3268 3351 in
3305 3299 3388 3352 al-

1805 3403 1920 3447 tum
1963 3394 2224 3458 evehens,
2259 3392 2480 3461 quando
2511 3392 2577 3445 ad
2631 3407 2868 3460 superna
2920 3389 3145 3442 habena:
3190 3389 3389 3444 mentis

1805 3487 2137 3556 diriguntur.
2177 3485 2406 3552 Reliqua
2453 3484 2580 3537 item
2613 3483 2796 3536 omnia
2827 3482 3076 3550 junienta
3127 3479 3390 3548 multipli—

1806 3590 1924 3630 cata
1961 3585 2090 3632 sunt
2124 3592 2152 3629 a
2193 3575 2593 3636 benedictione,
2615 3572 2837 3643 quando
2866 3573 3060 3625 horum
3096 3571 3297 3624 auxilio
3322 3571 3389 3623 ad

1808 3684 2004 3740 magna
2050 3677 2105 3722 et
2135 3667 2303 3721 ardua
2339 3667 2619 3721 enitimur.
2654 3663 2863 3718 Deinde
2916 3663 3164 3716 omnium
3201 3662 3391 3731 prtedi-

1807 3768 2019 3813 ctorum
2047 3758 2262 3812 brevem
2289 3755 2580 3826 quamdam
2607 3755 2981 3825 repetitionem
3016 3753 3252 3808 instituit
3279 3753 3390 3808 illis

1809 3869 1930 3921 quae
1963 3852 2373 3920 subsequuntur
2411 3847 2594 3902 verbis
2627 3890 2638 3901 .
2685 3847 2821 3900 Cum
2867 3846 3012 3900 enim
3053 3845 3241 3898 multis
3283 3860 3394 3898 mo-

1811 3945 1896 3998 dis
1933 3943 2316 4012 perpessiones
2359 3946 2414 3992 et
2459 3939 2780 3992 alilictiones
2822 3935 3234 4006 descripsisset,
3262 3934 3395 3988 divi-

1812 4051 1991 4102 naque
2022 4035 2284 4087 beneﬁcia
2317 4040 2447 4085 ante
2476 4033 2671 4086 Oculos
2696 4029 2992 4099 posuisset,
3028 4043 3173 4081 nunc
3219 4027 3395 4082 obiter

1813 4135 2009 4180 cuncta
2055 4140 2342 4179 resumens
2381 4124 2561 4185 iterat,
2604 4138 2726 4177 cum
2769 4123 2883 4177 ait.
2925 4141 2942 4172 ι
2976 4121 3040 4176 Et
3071 4123 3228 4192 panci
3266 4122 3394 4176 facti

1813 4226 1962 4274 sunt.
2012 4223 2067 4271 et
2120 4216 2298 4271 vexati
2352 4223 2480 4270 sunt
2527 4229 2557 4268 a
2604 4214 2958 4267 tribulatione
3019 4214 3286 4266 malorum
3342 4220 3396 4265 et

1812 4309 2037 4376 dolore;
2083 4329 2101 4360 ι
2131 4311 2298 4363 verbo
2341 4307 2562 4378 quidem
2605 4306 2972 4377 ὼλιγὼθησαν
3017 4305 3203 4375 (panci
3260 4303 3390 4358 facti

1814 4403 1990 4472 sunt),
2044 4401 2364 4456 brevitatem
2409 4399 2702 4469 signiﬁcat,
2751 4407 2807 4454 et
2850 4401 2998 4453 illam
3047 4415 3169 4467 quae
3201 4407 3285 4452 est
3327 4398 3395 4448 ab

160 4493 382 4546 ταπεινὸν
431 4493 718 4564 συστολὴν.
763 4492 834 4544 Τὸ
874 4491 983 4562 γὰρ
1029 4490 1228 4556 ὀλίγον,
1262 4487 1324 4539 τὸ
1376 4485 1701 4558 βραχύτατον

1815 4491 2106 4546 altitudine
2153 4497 2207 4544 et
2259 4490 2638 4560 magnitudine
2683 4490 2737 4541 in
2794 4489 2964 4541 inium
3007 4489 3391 4555 dejectionem.

163 4585 386 4653 σημαίνει
418 4585 561 4639 κατὰ
592 4585 688 4654 τὴν
716 4583 942 4635 ἔννοιαν.
976 4582 1054 4650 Τῇ
1083 4581 1137 4632 δὲ
1182 4576 1422 4632 κακώσει
1450 4577 1548 4648 τὴν
1577 4575 1712 4646 πρὸς

161 4675 210 4726 τό
233 4678 386 4730 κακὸν
425 4677 755 4746 οἰκειότητα.
787 4675 976 4743 Gai-4m;
1021 4673 1076 4726 δὲ
1125 4672 1218 4725 καὶ
1263 4670 1473 4740 ὀδύνην,
1509 4686 1714 4722 παντα-

163 4767 241 4835 χοῦ
279 4770 335 4822 τὸ
383 4771 557 4841 πέρας
585 4769 733 4836 λέγει
765 4769 863 4836 τῆς
891 4766 999 4818 τῶν
1043 4763 1266 4832 ἀγαθῶν
1307 4761 1709 4824 ἀποπτώσεως,

163 4858 224 4922 ὡς
277 4863 328 4913 ὲν
389 4863 562 4934 ἑτέρῳ
609 4859 811 4930 ψαλμῷ
859 4859 920 4911 τὸ
968 4857 1208 4911 τοιοῦτον
1250 4855 1470 4920 διέξεισι
1517 4854 1717 4921 λέγων’

169 4966 184 4996 ε
212 4950 484 5022 Περιέσχον
538 4969 606 5020 με
639 4950 830 5012 ὠδῖνες
869 4947 1124 5002 θανάτου.
1161 4947 1412 5000 Κίνδυνοι
1453 4945 1578 5015 ᾅδου
1627 4942 1714 4996 εύ-

167 5042 304 5107 ροσάν
341 5043 448 5114 (55)
487 5060 576 5113 με.
609 5041 802 5110 Θλίψιν
850 5041 942 5093 καὶ
992 5039 1183 5107 ὀδύνην
1222 5031 1400 5108 εὖρον.
1441 5057 1460 5088 ι
1513 5037 1715 5099 Ὠδίνας

166 5129 366 5185 θανάτου
393 5135 484 5187 καὶ
510 5133 791 5194 κινδύνους
816 5131 942 5203 ᾅδου
971 5130 1084 5200 (56)
1103 5130 1201 5192 τάς
1223 5128 1496 5200 ἁμαρτίας
1523 5128 1712 5192 εἰπὼν,

165 5221 331 5289 ἐπάγει
354 5227 412 5278 τὸ
436 5227 608 5297 πέρας
635 5228 715 5288 είς
744 5225 772 5277 ὃ
801 5223 1024 5292 τελευτᾷ
1047 5222 1146 5292 τῆς
1167 5221 1439 5292 ἁμαρτίας
1463 5224 1496 5290 ἡ
1529 5219 1714 5288 φύσιςο

164 5311 280 5381 ὅπερ
325 5313 473 5367 οὐδὲν
522 5315 667 5377 ἄλλο,
690 5313 724 5382 ἦ
746 5312 924 5380 θλίψις
953 5329 1008 5365 τε
1040 5312 1133 5364 καὶ
1159 5310 1316 5379 ὀδύνη
1350 5310 1495 5361 ἐστίν
1521 5325 1534 5338 ο
1572 5307 1714 5359 οὑτω

165 5397 244 5452 τοῦ
277 5398 594 5470 Εὑαγγελίου
650 5399 737 5452 διὰ
776 5398 868 5451 τού
919 5417 937 5446 ί
987 5395 1286 5466 κλαυθμοῦ,
1328 5396 1421 5447 καὶ
1470 5391 1713 5463 βρυγμοῦ

227 5534 262 5565 "'
286 5534 422 5592 Psal.
458 5555 584 5601 xvn,
621 5536 688 5600 5;
727 5549 872 5596 cxtv,
902 5533 952 5587 5.

231 5645 329 5714 (Si)
359 5649 566 5705 Παθῶν.
599 5649 684 5701 εει.

229 5717 662 5782 (52)11εινῶντες,
694 5717 779 5772 ed.

229 5786 330 5858 (53)
355 5789 430 5841 Τά
458 5790 600 5858 ἠνία,
637 5787 723 5842 ed.

1814 4585 1886 4638 Τὸ
1905 4582 2014 4654 γὰρ
2040 4585 2244 4652 ὀλίγον,
2279 4585 2437 4652 pauci
2478 4584 2622 4638 enim
2657 4599 2752 4636 seu
2791 4583 3010 4651 paulum
3044 4583 3265 4635 notione
3297 4597 3395 4634 sua

1813 4677 2195 4734 brevissimam
2255 4691 2465 4730 moram
2515 4678 2782 4731 insinuat.
2831 4675 3012 4731 Verbo
3052 4684 3231 4729 autem
3277 4675 3397 4727 ἐκα-

1813 4771 2090 4842 κώθησαν,
2128 4789 2146 4821 ι
2178 4769 2356 4823 vexati
2393 4777 2544 4831 sunt,
2581 4769 2741 4822 malis
2769 4767 2948 4821 aﬁ'ecti
2985 4775 3133 4827 sunt.
3180 4787 3196 4818 ι
3229 4767 3397 4837 signi-

1816 4866 1940 4917 ﬁcat
1991 4861 2447 4917 consuetudinem
2497 4876 2620 4914 cum
2673 4862 2840 4922 malo,
2899 4870 2949 4914 et
2985 4875 3269 4914 accessum
3328 4859 3396 4913 ad

1815 4954 1948 5008 illud
1974 4997 1986 5007 .
2014 4955 2118 5008 Per
2147 4951 2561 5006 tribulationem
2606 4961 2659 5006 et
2696 4951 2939 5006 dolorem
2970 4951 3226 5019 intelligit
3261 4965 3396 5004 con-

1814 5055 2148 5100 summatum
2188 5044 2372 5106 ﬁnem,
2405 5043 2497 5112 qui
2531 5047 2897 5097 secessionem
2928 5059 2958 5095 a
2993 5042 3136 5096 bono
3168 5041 3398 5095 comita-

1815 5148 1938 5203 tur;
1971 5138 2114 5208 quod
2146 5145 2200 5191 et
2247 5138 2298 5190 in
2334 5137 2443 5190 alio
2474 5136 2714 5195 Psalmo,
2757 5135 2934 5189 simile
2977 5133 3104 5204 quid
3144 5133 3398 5197 aﬁ'erens,

1815 5227 2043 5282 aﬁirmat
2082 5228 2168 5282 liis
2199 5227 2383 5282 verbis
2420 5246 2430 5280 :
2465 5244 2484 5276 ε
2525 5226 3023 5280 Circumdederunt
3055 5241 3139 5279 tne
3181 5225 3399 5278 dolores

1816 5319 2029 5381 tnortis,
2078 5318 2321 5389 pericula
2371 5318 2570 5372 inferni
2623 5318 2953 5372 invenerunt
3000 5333 3106 5371 me.
3143 5315 3397 5370 Tribula-

1817 5415 2016 5465 tionem
2065 5419 2118 5464 ct
2145 5410 2388 5464 dolorem
2431 5409 2608 5463 inverti
2636 5410 2698 5468 ‘7;
2735 5430 2752 5460 ι
2792 5425 2916 5463 cum
2949 5408 3168 5464 dolores
3207 5406 3399 5462 mortis

1887 5631 1941 5693 (ὃ
1954 5629 1998 5685 Η
2033 5627 2192 5680 Forte
2222 5626 2624 5698 ἐμπεριλαϐὼν.

1887 5701 1997 5759 1335)
2029 5697 2297 5767 Εὑρησαν,
2327 5697 2412 5750 ed.

1890 5773 2001 5842 (56)
2034 5771 2195 5843 ⁸’ᾼδου
2237 5789 2346 5824 θυι.
2380 5768 2500 5835 cd.;
2539 5782 2661 5822 mox
2687 5767 2803 5838 τῆς.
