3838 6224
447 333 548 387 ιτυ

1658 340 1717 394 S.
1759 341 2092 400 GREGORI‘:
2122 344 2418 401 NYSSENI

3627 349 3734 404 680

439 456 496 497 et
552 444 795 512 peticula
851 459 1055 515 peccati
1109 450 1393 517 nominat,
1457 452 1618 509 linem
1669 457 1907 524 indicat,
1975 459 1990 512 i

2095 461 2245 519 ιτῶν
2278 461 2507 514 ὀδόντων
2548 479 2565 510 ι
2614 459 2675 512 τὸ
2711 459 2845 513 αὐτὸ
2882 459 3040 513 τοῦτο
3071 458 3548 528 διασημαίνοντος.
3593 458 3731 514 Εἶτα

437 548 601 599 quem
660 542 855 590 natura
906 543 1116 607 peccati
1173 543 1400 608 desinit,
1439 549 1534 614 qui
1566 561 1676 601 non
1726 556 1812 604 est
1865 549 2032 614 alius,

2127 551 2450 624 προστίθησι
2482 552 2550 605 δι’
2580 551 2876 606 ἀκολούθου
2899 552 2981 612 τὸ,
3003 549 3142 604 «Καὶ
3171 551 3402 622 ἐξεχύθη
3425 553 3730 618 ὲξουδένω-

437 641 602 692 quam
662 628 947 686 tribulatio
985 643 1039 686 et
1073 636 1267 700 dolor;
1307 637 1441 693 illud
1475 641 1654 710 ipsum
1688 643 1743 696 in
1789 641 1996 713 Evange

2129 660 2213 706 σις
2233 646 2320 696 ἐπ’
2344 645 2615 714 ἄρχοντας
2649 645 2785 708 (57).
2822 665 2842 697 ι

439 712 514 765 lio
541 732 638 784 per
665 735 685 768 ι
723 719 908 776 ﬂetum
948 734 1003 778 et
1043 727 1338 781 stridorem
1365 729 1615 784 dentium
1649 753 1670 785 ο
1705 712 1960 788 innuitur
1983 734 2029 766 ¹⁸

424 809 750 883 annullatio,
783 835 803 870 ι
847 829 1014 885 super
1041 818 1319 888 principes
1351 836 1561 876 eorum.
1603 842 1623 874 ι

509 905 719 970 Quibus
748 905 929 971 docet,
955 911 1104 978 quod
1141 926 1265 967 esse
1299 913 1353 966 in
1399 929 1487 979 eo,
1523 917 1672 986 quod
1736 925 1842 983 est,
1897 934 2028 974 vere

437 992 510 1044 sit
543 1007 686 1045 esse.
717 992 875 1059 Quod
913 996 958 1051 si
985 999 1110 1066 quis
1161 1001 1231 1054 ab
1273 1017 1399 1056 esse
1429 1005 1668 1072 excidit,
1711 1006 1760 1062 is
1793 1023 1904 1062 non
1939 1016 2026 1064 est

434 1080 490 1134 in
519 1097 664 1137 esse.
717 1083 853 1140 Esse
902 1089 1050 1142 enim
1096 1091 1152 1144 in
1205 1105 1453 1162 peccato,
1494 1113 1608 1151 non
1667 1107 1754 1153 est
1801 1102 2025 1170 proprie

432 1187 582 1238 esse,
620 1176 750 1245 quia
782 1177 1017 1247 ipsamet
1048 1181 1103 1235 in
1135 1199 1216 1249 se,
1251 1193 1308 1240 et
1347 1192 1652 1244 secundum
1702 1205 1764 1246 se
1810 1194 2019 1248 malitia

434 1279 545 1318 non
577 1277 684 1330 est,
711 1282 836 1321 cum
856 1271 1065 1326 malitia
1097 1275 1171 1328 sit
1197 1276 1454 1345 privatio,
1508 1291 1565 1334 et
1604 1297 1714 1335 non
1745 1287 2019 1338 exsisten-

430 1357 506 1410 tia
559 1357 709 1413 boni.
765 1359 1246 1426 Quemadmodum
1306 1369 1473 1439 igitur
1509 1371 1621 1436 ille,
1679 1375 1771 1442 qui
1825 1385 1908 1428 est
1959 1377 2015 1430 in

429 1464 497 1502 eo
530 1451 621 1519 qui
659 1462 761 1518 est,
805 1454 858 1507 in
889 1470 1014 1510 esse
1043 1466 1159 1513 est:
1211 1459 1293 1514 sic
1319 1463 1412 1530 qui
1447 1464 1503 1516 in
1550 1464 1725 1517 nihilo
1764 1473 1849 1520 est
1883 1468 2015 1532 (tale

429 1557 558 1597 vero
584 1553 671 1598 est
692 1544 946 1617 malitia),
975 1551 1022 1603 is
1056 1549 1242 1604 itidem
1281 1554 1418 1606 nihil
1453 1553 1532 1620 ﬁt,
1554 1565 1609 1611 et
1636 1559 2009 1625 annibilatur,

429 1643 487 1687 ut
521 1633 576 1688 in
609 1635 820 1704 psalmo
852 1638 960 1692 isto
989 1639 1216 1695 dicitur.
1253 1642 1350 1698 Est
1394 1655 1576 1700 autent
1625 1648 1794 1718 hujus
1848 1666 2011 1706 voca-

2037 774 2052 788 .
2085 735 2250 789 Addit
2290 737 2488 791 deinde
2523 757 2534 790 :
2579 754 2597 787 ι
2643 736 2818 792 Etl’uu
2888 746 2974 793 est
3040 737 3344 806 despectio,
3384 757 3403 788 ι
3462 747 3519 793 et
3551 739 3724 809 quasi

2204 921 2452 973 Διδάσκει
2479 920 2534 973 δὲ
2556 922 2644 974 διὰ
2670 923 2895 985 τούτων,
2917 924 2998 976 ὅτι
3019 922 3078 975 τὸ
3103 922 3203 993 μὲν
3229 924 3288 975 ὲν
3313 923 3393 993 τῷ
3407 923 3522 976 ὄντι
3549 920 3727 987 εἶναι,

2129 1009 2343 1079 ἀληθῶς
2378 1012 2524 1062 ἐστιν
2563 1009 2722 1065 εἶναι.
2763 1013 2824 1068 Εἰ
2842 1015 2898 1068 δέ
2916 1032 3001 1078 τις
3019 1013 3113 1066 τοῦ
3147 1013 3300 1077 δντος
3329 1015 3727 1077 ἐκπέπτωκεν,

2125 1103 2248 1155 οὐδὲ
2277 1105 2335 1155 ὲν
2358 1103 2436 1174 τῷ
2484 1099 2625 1157 εἷναί
2676 1106 2819 1158 ἐστι.
2847 1105 2920 1158 Τὸ
2959 1107 3068 1178 γὰρ
3100 1109 3158 1160 ὲν
3215 1107 3385 1178 κακία
3419 1103 3586 1172 εἶναι,
3619 1110 3729 1161 οὐκ

2124 1194 2238 1247 ἔστι
2286 1197 2492 1266 κυρίως
2529 1193 2690 1251 εἶναι.
2730 1198 2873 1250 Διότι
2919 1199 3058 1270 αὐτὴ
3093 1199 3213 1252 καθ’
3244 1201 3444 1271 ἑαυτὴν
3477 1203 3512 1271 ἡ
3543 1203 3727 1253 κακία

2122 1287 2222 1338 οὐκ
2247 1287 2414 1348 ἐστιν,
2447 1289 2561 1341 ἀλλ’
2590 1293 2624 1360 ἡ
2664 1290 2757 1342 τοῦ
2793 1290 2958 1343 καλοῦ
2990 1293 3315 1360 άνυπαρξία,
3346 1295 3520 1346 κακία
3560 1295 3726 1362 γίνε-

2118 1393 2229 1432 ται.
2267 1378 2480 1449 Ὠσπερ
2511 1375 2604 1432 οὖν
2634 1383 2662 1432 6
2691 1382 2748 1432 ὲν
2775 1381 2851 1451 τῷ
2878 1382 2990 1434 ὄντι
3022 1381 3098 1435 ὢν
3141 1383 3201 1436 ἐν
3233 1383 3312 1452 τῷ
3350 1379 3496 1436 εἷναί
3537 1386 3722 1445 ἐστιν,

2119 1467 2292 1532 οὕτως
2326 1473 2355 1522 6
2403 1473 2459 1523 ἐν
2509 1471 2587 1542 τῷ
2614 1473 2788 1525 οὐδενὶ
2842 1475 3130 1544 γενόμενος
3162 1474 3340 1543 (τοῦτο
3381 1475 3439 1528 δέ
3477 1479 3636 1529 ἐστιν
3687 1481 3721 1547 ἡ

2115 1562 2306 1630 κακία)
2352 1563 2736 1628 ἐξουδένωται,
2763 1565 2945 1628 καθὼς
2983 1567 3238 1638 ὀνομάζει
3276 1571 3306 1623 6
3333 1569 3516 1637 λόγος.
3559 1571 3628 1624 ῚΙ
3659 1572 3720 1623 δὲ

2115 1651 2337 1721 τοιαύτη
2368 1652 2459 1705 τοῦ
2490 1653 2650 1722 λόγου
2671 1655 2887 1727 χρῆσις,
2917 1657 3203 1730 τέτριπταί
3233 1679 3349 1724 πως
3379 1666 3436 1716 ἑν
3467 1667 3539 1734 τῇ
3574 1682 3714 1716 συν-

427 1725 542 1779 buli
569 1727 740 1794 notio,
792 1730 958 1784 etiam
990 1737 1273 1788 communi
1308 1737 1655 1807 loquentium
1707 1751 1996 1798 consuetu-

2113 1739 2272 1810 ηθεία
2300 1741 2408 1794 τῶν
2463 1725 2838 1815 κεχρημένων.
2874 1748 2962 1812 Ὡς
3013 1725 3112 1820 ἣν
3160 1752 3367 1824 τροφὴν
3417 1755 3479 1807 ὲν
3512 1725 3717 1826 ’.σαρκὶ

424 1815 555 1872 dine
609 1819 761 1874 trita.
821 1820 1068 1878 Dicimus
1118 1829 1264 1880 enim
1314 1830 1500 1884 cibum
1555 1831 1610 1885 in
1654 1847 1821 1889 carne
1853 1850 2011 1890 rece-

424 1914 598 1976 ptum,
630 1925 853 1966 carnem
890 1914 1030 1980 lleri,
1072 1923 1128 1970 et
1152 1917 1340 1971 vinum
1367 1935 1524 1990 aqua:
1562 1921 1833 1989 infusum,
1887 1925 2003 1980 lieri

421 2017 659 2070 aquam,
693 2002 1014 2077 ferrumque
1050 2008 1104 2063 in
1154 2010 1283 2080 igne
1338 2013 1654 2083 ignescere:
1712 2017 1793 2071 sic
1827 2027 1882 2072 et
1936 2019 2003 2085 is,

418 2094 514 2163 qui
552 2094 621 2148 ab
654 2111 722 2151 eo
760 2099 908 2168 quod
935 2111 1041 2165 est,
1091 2105 1298 2158 excidit
1355 2115 1410 2161 et
1454 2107 1522 2162 ad
1558 2109 1697 2163 nihil
1741 2109 2000 2177 deﬂectit,

419 2184 476 2239 in
526 2187 762 2242 nihilum
807 2207 1030 2263 quoque
1072 2197 1326 2251 converti
1397 2209 1548 2254 recte
1593 2201 1816 2256 dicitur.
1861 2203 2005 2274 Ergo

416 2279 700 2334 annulatio
721 2291 807 2336 est
843 2298 951 2338 non
973 2286 1296 2341 exsisteutia
1328 2289 1382 2343 in
1409 2290 1576 2354 bono,
1623 2308 1747 2363 quae
1783 2294 1852 2348 ad
1887 2297 2003 2364 pri-

415 2383 535 2423 mos
561 2378 815 2427 auctores
839 2376 1084 2441 malitiae,
1120 2377 1222 2433 hoc
1241 2387 1350 2442 est,
1393 2380 1462 2434 ad
1487 2383 1696 2450 primos
1749 2383 2002 2440 homines

413 2472 539 2513 cum
570 2463 824 2529 venisset,
851 2466 1016 2520 etiam
1058 2469 1124 2521 ad
1171 2478 1518 2538 posterorum
1556 2476 1997 2538 successionem,

415 2548 587 2604 instar
662 2556 958 2622 perniciosi
995 2559 1285 2629 cujusdam
1363 2562 1608 2619 ﬂuminis
1680 2566 1852 2624 effusa
1893 2578 1996 2623 est.

411 2639 706 2712 Postquam
759 2647 922 2719 igitur
956 2660 1152 2706 natura
1209 2653 1530 2723 hujusmodi
1592 2673 1820 2713 munere
1861 2660 1994 2714 orba

411 2733 537 2798 l‘uit,
569 2735 679 2790 vita
707 2738 952 2808 inquam,
1009 2741 1284 2816 homoque
1331 2763 1362 2801 a
1419 2757 1663 2817 raptore,
1720 2753 1815 2821 qui
1862 2752 1997 2806 divi-

408 2839 536 2878 num
572 2826 1008 2888 benedictionem
1054 2837 1349 2906 surripuit,
1391 2838 1458 2892 ad
1489 2851 1870 2910 paupertatem
1917 2860 1996 2898 re-

407 2917 604 2974 dactus
627 2929 746 2988 est;
786 2925 1073 2997 subjungit
1101 2947 1114 2982 :
1148 2948 1166 2979 ι
1199 2929 1425 2998 Adjuvit
1449 2947 1744 3002 pauperem
1777 2934 1846 2989 de
1872 2936 1994 2991 ino-

407 3011 516 3080 pia.
545 3031 564 3064 ι
609 3012 786 3083 Ipsius
823 3019 968 3072 enim
1015 3031 1260 3090 egestate
1291 3039 1394 3080 nos
1445 3024 1609 3080 dilati
1654 3043 1867 3084 sumus.
1920 3029 1988 3084 Et

405 3101 596 3169 posuit
630 3103 753 3159 illos
795 3105 972 3163 bonus
1003 3119 1212 3178 pastor,
1271 3112 1397 3168 loco
1451 3114 1758 3180 brutorum,
1817 3137 1836 3168 ι
1859 3134 1990 3175 oves
2017 3097 2062 3156 ο

403 3193 648 3250 familiae.
682 3215 701 3247 ι
750 3195 1034 3254 Familiam
1059 3205 1310 3259 nominat
1347 3213 1554 3260 coetum
1609 3217 1665 3263 et
1710 3209 1993 3265 collectio-

401 3302 532 3341 nem
561 3290 838 3346 rationum
871 3294 941 3349 ad
967 3295 1214 3351 divinum
1247 3315 1450 3356 numen
1469 3301 1826 3357 obtinendum
1858 3319 1993 3358 con-

399 3376 762 3444 ducentium;
811 3385 1274 3452 quemadmodum
1337 3399 1394 3445 et
1453 3391 1654 3446 Paulus
1702 3402 1986 3448 testatur:

407 3487 428 3520 ι
461 3467 539 3522 Ex
568 3485 677 3540 quo
707 3474 889 3530 omnis
925 3475 1129 3532 familia
1167 3491 1222 3534 et
1253 3481 1305 3535 in
1339 3483 1502 3547 coelo,
1537 3492 1590 3537 et
1623 3487 1677 3538 in
1711 3495 1852 3541 terra
1887 3503 1988 3540 no-

400 3563 736 3618 minatur".
777 3585 796 3617 ι
856 3567 1020 3623 Addit
1072 3581 1260 3640 postea
1293 3590 1311 3628 :
1347 3594 1365 3624 ι
1396 3574 1672 3633 Videbunt
1731 3581 1869 3635 recti
1931 3593 1986 3636 et

397 3654 692 3718 timebunt,
719 3677 738 3708 ι
773 3675 882 3729 quo
906 3661 1199 3732 signiﬁcat,
1237 3667 1473 3735 justum,
1518 3669 1647 3724 dum
1694 3674 1885 3728 oculos
1920 3673 1988 3727 ad

398 3755 610 3802 tantam
641 3749 731 3804 Dei
759 3752 1153 3824 benignitatem
1182 3762 1483 3824 convertit,
1531 3772 1777 3820 metuere
1810 3785 1823 3820 :
1858 3783 1982 3821 nam

393 3840 776 3899 custodiendis
817 3845 978 3900 bonis
1031 3865 1138 3903 non
1194 3852 1471 3907 modicum
1530 3858 1843 3922 praesidium
1901 3869 1986 3915 est

395 3928 584 3992 timor,
625 3933 718 4000 qui
766 3938 1164 4002 praeteritorum
1213 3946 1592 4000 recordatione
1632 3948 1698 4001 ad
1754 3957 1984 4005 eventus

397 4014 616 4074 futuros
653 4021 994 4079 moderatum
1023 4027 1186 4083 eﬂicit
1227 4047 1377 4097 eum,
1410 4049 1571 4102 quem
1605 4051 1770 4105 prava
1800 4038 1982 4107 aliqua

394 4109 613 4166 alfectio
669 4117 951 4183 concitat;
1007 4122 1102 4190 qui
1159 4123 1392 4190 proinde
1443 4125 1573 4179 dum
1642 4127 1978 4194 dominatur,

393 4215 724 4274 omnemque
774 4207 996 4264 laxitate
1021 4227 1048 4263 a
1083 4214 1242 4269 nobis
1293 4217 1357 4269 ad
1401 4228 1684 4286 peccatum
1723 4221 1980 4276 introdu-

390 4302 534 4346 ctam
569 4294 888 4353 facilitatem
918 4305 1289 4372 exterminat,
1347 4324 1366 4359 ι
1394 4325 1519 4363 mox
1551 4312 1739 4365 omnis
1771 4313 1978 4383 iniqui-

2113 1835 2410 1904 γενομένην
2437 1875 2452 1897 ,
2485 1837 2931 1908 ἀποσαρκοῦσθαι
2983 1841 3246 1914 λέγομεν,
3288 1847 3385 1899 καὶ
3425 1847 3522 1900 τὸν
3561 1845 3715 1902 οἶνον

2110 1925 2401 1995 ὲκχεθέντα
2437 1927 2514 1997 τῷ
2551 1928 2706 1982 ὕδατι
2749 1931 3136 2003 ἐξυδαροῦσθαι
3159 1953 3173 1966 ο
3201 1938 3296 1990 καὶ
3335 1941 3394 1991 ὲν
3437 1940 3520 2009 τῷ
3559 1944 3708 2011 πυρὶ

2112 2016 2203 2070 τὸν
2228 2018 2442 2090 σίδηρον
2479 2023 2850 2092 ἐκπυροῦσθαι
2883 2042 3065 2096 φαμεν
3103 2041 3118 2054 ·
3147 2027 3290 2081 οὕτω
3318 2031 3415 2084 καὶ
3453 2033 3551 2085 τὸν
3583 2034 3709 2103 (58)

2110 2108 2204 2161 τοῦ
2235 2109 2388 2174 ὄντος
2427 2113 2762 2179 ἐκπεσόντα,
2791 2117 2849 2169 ὲν
2879 2117 2959 2187 τῷ
3002 2119 3177 2172 οὐδενὶ
3220 2123 3513 2193 γενόμενον
3543 2126 3705 2192 ἐξου-

2106 2199 2415 2256 δενοῠσθαι·
2442 2205 2635 2258 οὐκοῦν
2663 2208 2696 2276 ἡ
2724 2208 3072 2274 ὲξουδένωσις
3109 2213 3142 2282 ἡ
3179 2213 3236 2264 ἐν
3271 2214 3348 2284 τῷ
3377 2217 3573 2287 ἀγαθῷ
3601 2220 3706 2271 ἀν-

2105 2294 2346 2362 υπαρξία
2372 2296 2536 2350 ἐστίν.
2571 2297 2717 2370 Αὕτη
2749 2299 2804 2354 δὲ
2841 2301 2934 2353 ἐπὶ
2979 2304 3107 2366 τοὺς
3139 2305 3411 2375 ἄρξαντας
3445 2308 3552 2379 τῆς
3595 2327 3704 2363 κα-

2105 2383 2230 2447 κίας
2253 2429 2267 2450 ,
2299 2389 2599 2453 τουτέστιν,
2634 2391 2726 2443 ἐπὶ
2758 2393 2883 2455 τοὺς
2937 2393 3186 2465 πρώτους
3231 2398 3558 2469 ἀνθρώπους
3596 2403 3692 2454 ἐλ-

2106 2475 2291 2541 θοῦσα,
2331 2479 2584 2552 καθάπερ
2620 2500 2673 2534 τι
2703 2483 2880 2554 ῥεῦμα
2922 2488 3174 2559 πονηρὸν,
3201 2492 3297 2542 καὶ
3330 2493 3424 2544 ὲπί
3448 2494 3550 2563 τὴν
3584 2495 3699 2546 τῶν

2103 2569 2497 2641 ἐπιγινομένων
2524 2573 2772 2646 διαδοχὴν
2807 2577 3050 2648 ὲξεχέθη.
3095 2581 3249 2634 Ἐπεὶ
3283 2578 3376 2635 οὖν
3404 2584 3697 2655 ἐπτώχευ-

2104 2675 2194 2712 σεν
2219 2661 2251 2731 ἡ
2282 2660 2442 2729 φύσις
2485 2664 2580 2717 τοῦ
2615 2666 2857 2719 τοιούτου
2899 2670 3194 2740 κτήματος,
3214 2672 3314 2742 τῆς
3346 2674 3492 2743 ζωῆς
3522 2675 3693 2743 λέγω,

2102 2752 2196 2804 καὶ
2223 2752 2394 2822 πένης
2421 2756 2450 2807 6
2480 2755 2762 2827 ἄνθρωπος
2794 2759 2900 2812 ὐπὸ
2919 2760 3012 2813 τοῦ
3053 2761 3287 2816 κλέπτου
3331 2766 3570 2832 ἐγένετο.
3589 2768 3693 2838 τὴν

2101 2841 2251 2896 θείαν
2279 2844 2529 2916 συληθεὶς
2557 2848 2826 2918 εὐλογίαν,
2857 2851 2947 2905 διὰ
2969 2853 3126 2906 τοῦτό
3152 2873 3335 2926 φησιν,
3363 2859 3446 2910 ὅτι
3472 2878 3492 2909 ι
3519 2860 3689 2929 ἐϐοή-

2099 2932 2232 3004 θησε
2265 2936 2458 3007 πένητι
2495 2941 2560 2992 ὲκ
2588 2943 2879 3012 πτωχείας.
2907 2963 2926 2996 ι
2960 2945 3038 3017 Τῇ
3066 2946 3174 3020 γάρ
3202 2950 3410 3002 ἐκείνου
3440 2953 3690 3022 πτωχεία

2093 3026 2255 3095 ἡμεῖς
2284 3028 2712 3101 ὲπλουτήσαμεν.
2734 3034 2843 3087 Καὶ
2870 3034 3020 3089 ἔθετο
3049 3038 3285 3102 αὐτοὺςὸ
3303 3042 3506 3109 ποιμὴν
3529 3043 3558 3093 6
3581 3060 3688 3094 κα-

2094 3116 2185 3180 λὸς
2205 3113 2584 3190 ἀντὶθηρίωνξι
2601 3124 2845 3192 πρόεατα
2863 3128 3113 3195 πατριᾶς·
3129 3125 3391 3196 ιπατριὰν
3405 3131 3462 3182 δὲ
3480 3132 3688 3200 ὀνομά-

2095 3205 2199 3272 ζει,
2219 3209 2282 3260 τὸ
2306 3207 2560 3281 σύστημα
2579 3212 2686 3264 τῶν
2711 3216 2790 3277 είς
2806 3215 2902 3268 ’τὸν
2920 3219 3060 3271 θεῖον
3092 3221 3388 3288 κατάλογον
3419 3222 3533 3290 (59)
3557 3239 3686 3273 συν-

2093 3298 2406 3355 τελούντων.
2427 3301 2516 3362 Ὠς
2526 3302 2619 3354 καί
2634 3305 2661 3356 6
2686 3303 3008 3368 Ἀπὸστολος
3033 3308 3319 3376 (60)λέγει·
3333 3329 3350 3359 ι
3381 3313 3470 3378 Ἐξ
3492 3306 3555 3365 οὗ
3574 3315 3684 3366 πᾶ-

2097 3401 2164 3438 σα
2182 3385 2386 3456 πατριὰ
2408 3389 2465 3438 ὲν
2493 3389 2727 3460 οὐρανῷ,
2753 3392 2845 3445 καὶ
2875 3394 2967 3445 ἐπὶ
2992 3396 3092 3466 γῆς
3114 3397 3463 3467 ὀνομάζεται.
3501 3421 3519 3452 ι
3549 3399 3684 3455 Εἶτα

2092 3475 2284 3543 ἐπάγει
2318 3493 2330 3506 ·
2374 3479 2454 3530 ὅτι
2498 3498 2516 3529 ι
2565 3480 2789 3551 ὄψονται
2823 3483 3019 3550 εὐθείς,
3061 3490 3156 3541 καὶ
3193 3491 3621 3561 φοϐηθήσονται.
3658 3514 3679 3544 ι

2092 3569 2370 3621 Διδάσκων
2402 3571 2490 3624 διὰ
2509 3573 2618 3625 τῶν
2648 3575 2954 3645 εἰρημένων
2975 3579 3056 3631 ὅτι
3084 3579 3223 3650 πρὸς
3244 3582 3341 3652 τὴν
3357 3583 3685 3656 ’φιλανθρωο

2092 3659 2224 3712 πίαν
2258 3661 2459 3730 ταύτην
2488 3662 2700 3731 βλέπων
2740 3668 2768 3718 ὁ
2813 3668 2976 3732 εὐθὺς
3009 3671 3300 3738 φοϐείσθω.
3337 3675 3413 3728 Οὐ
3444 3675 3558 3746 γὰρ
3589 3696 3682 3746 μι-

2091 3752 2222 3821 κρὸν
2251 3753 2358 3805 τῶν
2411 3755 2631 3822 ἀγαθῶν
2676 3758 3045 3832 φυλακτήριον
3075 3765 3103 3816 6
3131 3765 3295 3833 φόϐος
3333 3767 3568 3834 γίνεται,
3609 3773 3680 3839 τῇ

2094 3847 2284 3916 μνήμῃ
2311 3847 2419 3899 τῶν
2461 3853 2869 3920 προγεγονότων
2907 3856 3045 3926 πρὸς
3087 3858 3150 3909 τὸ
3178 3858 3375 3928 ἑφεξῆς
3407 3862 3685 3930 σωφρονί-

2090 3935 2198 3999 ζων
2246 3937 2336 3988 τὸν
2381 3939 2439 3990 ἐν
2481 3941 2644 3994 πάθει
2688 3944 2996 4014 γενόμενον.
3048 3941 3123 4001 Ub
3177 3952 3678 4019 κατακρατοῦντος,

2088 4026 2183 4078 καὶ
2223 4028 2403 4081 πᾶσαν
2441 4030 2538 4100 τὴν
2573 4031 2658 4085 διά
2699 4035 3025 4104 χαυνότητος
3053 4037 3189 4107 πρὸς
3221 4039 3280 4090 τὸ
3319 4042 3492 4093 κακὸν
3525 4059 3678 4109 γινο-

2089 4115 2257 4185 μένην
2289 4118 2540 4172 εὐκολίαν
2574 4122 2730 4191 ἡμῶν
2760 4125 3115 4194 ἐξορίζοντος,
3154 4147 3170 4173 ι
3203 4131 3374 4191 πᾶσα,
3409 4151 3426 4180 ι
3472 4135 3677 4201 φησιν,

2091 4229 2110 4259 ‹
2145 4209 2343 4279 ἀνομία
2373 4212 2640 4282 ὲμφράξει
2669 4215 2728 4267 τὸ
2755 4217 2928 4286 στόμα
2961 4219 3146 4290 αὐτῆς.
3184 4240 3204 4272 ι
3235 4222 3322 4286 Ὠς
3351 4227 3626 4296 μακάριος
3651 4230 3679 4280 6

2086 4299 2201 4369 βίος
2234 4303 2460 4366 ἐκεῖνος,
2502 4308 2560 4358 ἐν
2592 4301 2637 4373 ᾧ
2679 4308 2740 4360 τὸ
2781 4310 2880 4380 τῆς
2913 4311 3144 4382 ἀνομίας
3184 4315 3380 4386 στόμα,
3420 4319 3678 4391 καθάπερ

394 4395 544 4448 tas,»
573 4386 772 4457 inquit,
842 4395 1153 4462 «oppilabit
1187 4413 1252 4452 os
1297 4415 1478 4454 suum.
1520 4421 1538 4453 ι
1599 4403 1771 4467 Quam
1819 4407 1980 4462 beata

394 4475 482 4503 :lln
518 4479 622 4503 “id-
687 4479 737 4503 ζ..
777 4498 873 4503 __--
920 4483 991 4503 2,_!
1079 4487 1112 4503 ο.
1159 4490 1195 4503 .ο
1535 4495 1546 4503 .
1623 4497 1655 4503 ..
1746 4499 1755 4503 -
1966 4502 1974 4503 ,

2095 4409 2170 4453 τις
2215 4392 2475 4464 βορϐόρου
2527 4399 2676 4468 πηγὴ
2717 4400 2851 4468 (61),
2889 4405 2968 4466 είς
3013 4405 3074 4456 τὸ
3106 4405 3354 4475 διηνεκὲς
3385 4386 3678 4482 ἐμφραγῆ-

391 4475 484 4529 illa
518 4479 646 4544 vita,
687 4479 740 4533 in
771 4498 879 4550 qua
920 4483 1230 4553 iniquitatis
1263 4506 1346 4554 os,
1387 4495 1547 4562 quasi
1586 4497 1788 4566 aliquis
1828 4502 1978 4554 cmni

391 4569 538 4636 fons,
583 4571 636 4626 in
676 4588 998 4644 perpetuum
1034 4581 1377 4650 obstruetur,
1420 4605 1529 4642 non
1568 4593 1976 4660 ampliustetro

391 4663 494 4717 hoc
523 4664 692 4721 odore
737 4668 901 4722 vitam
951 4671 1241 4730 humanam
1294 4682 1701 4739 contaminans.
1755 4684 1856 4740 llic
1897 4698 1981 4743 est

389 4755 663 4811 bonorum
713 4762 961 4816 omnium
1018 4775 1228 4828 vertex,
1287 4778 1342 4825 et
1391 4774 1574 4827 omnis
1622 4776 1736 4845 spei
1791 4787 1976 4847 caput,

390 4848 518 4904 linis
559 4851 729 4905 totius
759 4853 1143 4919 beatitudinis,
1200 4861 1464 4917 nimirum
1512 4873 1572 4918 ut
1617 4876 1812 4922 natura
1864 4885 1980 4923 am-

388 4939 534 5007 plius
576 4957 686 4994 non
728 4944 982 4999 turbetur
1009 4962 1040 5000 a
1077 4949 1305 5015 malitia,
1350 4955 1444 5008 sed
1479 4967 1536 5010 ιιι
1559 4959 1740 5012 omnis
1776 4960 1980 5030 iniqui-

385 5039 472 5084 tas
504 5034 692 5100 procul
727 5034 1052 5105 ahlegetur;
1093 5057 1217 5110 quae
1250 5043 1397 5098 haud
1431 5048 1536 5100 alia
1577 5048 1766 5110 fuerit,
1810 5068 1974 5122 quam

387 5121 506 5184 ipse
562 5123 876 5193 iniquitatis
935 5141 1207 5201 repertor.
1260 5135 1374 5191 Hoc
1429 5140 1574 5194 enim
1625 5121 1976 5200 collemivum

385 5209 517 5262 illud
553 5214 903 5280 vocabulum,
937 5222 1132 5288 omnis,
1179 5225 1492 5298 signiﬁcat;
1537 5232 1860 5290 obstruetur
1895 5238 1978 5292 vi-

460 5343 502 5372 "
529 5343 718 5401 Matth.
745 5367 862 5413 vm,
903 5355 989 5408 l2.
1073 5359 1114 5388 ’³
1143 5357 1341 5430 Ephes.
1378 5378 1460 5430 ιιι,
1496 5365 1578 5422 15.

455 5477 568 5542 (57)
596 5481 785 5534 Αὐτῶν
815 5485 938 5540 add.
968 5489 1054 5543 cd.

454 5547 568 5613 (58)
601 5551 716 5611 Ἐκ,
743 5554 830 5607 ed.

603 5621 675 5699 Ib
789 5628 931 5699 κατά
961 5628 1156 5699 λόγων,
1192 5636 1279 5692 ed.

459 5688 572 5751 (60.)
606 5690 835 5760 Παῦλος,
869 5698 957 5752 ed.

2087 4500 2258 4548 σεται,
2295 4486 2480 4538 οὐκέτι
2525 4491 2591 4557 τῇ
2649 4490 2884 4563 δυσωδίᾳ
2929 4495 3021 4546 τὸν
3072 4495 3184 4550 τῶν
3213 4498 3521 4570 ἀνθρώπων
3557 4503 3674 4572 βίον

2084 4576 2474 4644 καταμολύνων
2496 4580 2628 4648 (6‘2).
2647 4581 2796 4653 Αὐτη
2821 4585 2965 4638 ἐστὶν
2995 4589 3026 4656 ἡ
3049 4588 3156 4640 τῶν
3184 4590 3410 4658 ἀγαθῶν
3431 4596 3672 4666 κορυφὴ,

2081 4669 2143 4720 τὸ
2175 4668 2284 4721 τῶν
2319 4669 2548 4725 ἐλπίδων
2581 4675 2905 4742 κεφάλαιον,
2935 4677 2997 4730 τὸ
3041 4679 3214 4751 πέρας
3259 4682 3443 4754 πάσης
3493 4703 3674 4755 μακα-

2084 4761 2352 4832 ριότητος,
2388 4763 2448 4814 τὸ
2477 4765 2672 4834 μηκέτι
2699 4766 3022 4837 διοχλείσθαι
3048 4771 3152 4824 ὐπὸ
3197 4774 3398 4837 κακίας
3429 4777 3529 4846 τὴν
3566 4778 3672 4846 φύ-

2084 4867 2203 4904 σιν·
2245 4852 2384 4906 ἀλλά
2413 4853 2512 4923 τὴν
2559 4857 2738 4908 πᾶσαν
2790 4860 3018 4929 ἀνομίαν
3055 4861 3332 4934 (65)⁶αὖτη
3371 4866 3415 4918 δ’
3467 4867 3535 4920 ἂν
3585 4871 3671 4939 εἴη

2081 4945 2109 4994 6
2147 4944 2376 5014 εὑρετὴς
2427 4947 2525 5016 τῆς
2578 4949 2810 5019 ἀνομίας
2865 4951 3034 5006 Τοῦτο
3069 4951 3176 5024 γὰρ
3218 4956 3250 5024 ἡ
3296 4958 3672 5030 περιληπτικὴ

2080 5033 2425 5106 διασημαίνει
2462 5039 2635 5109 φωνὴ,
2673 5041 2950 5111 ἐμφράξαι
2979 5044 3040 5096 τὸ
3067 5045 3241 5114 στόμα
3292 5050 3496 5110 ἐκεῖνο,
3539 5045 3603 5103 οὗ
3639 5055 3670 5121 ἡ

2080 5127 2232 5196 φωνὴ
2291 5128 2352 5179 τὸ
2408 5131 2687 5200 κατοιρχάι³
2753 5135 2986 5188 θανάτου
3041 5136 3137 5208 ὕλη
3197 5142 3312 5203 τοῖς
3358 5142 3673 5213 ἀνθρώποις

2079 5220 2315 5285 ἐγένετο.
2360 5221 2531 5276 Ὅταν
2562 5220 2652 5276 οὖν
2687 5225 2992 5298 ἐξαιρεθείη
3028 5231 3136 5282 πᾶν
3163 5230 3224 5283 τὸ
3243 5231 3321 5302 τῷ
3360 5233 3475 5304 (οι)
3518 5235 3668 5307 καλῷ

2293 5509 2521 5583 Quidam
2550 5517 2709 5583 nupsi}.

2148 5580 2260 5651 (62)
2291 5580 2701 5651 Καταμολύνον,
2733 5587 2821 5640 ed.

2148 5650 2261 5733 (ἕξ)
2294 5650 2604 5733 ῖὲιιφράξαι
2637 5656 2760 5711 add.
2792 5659 2879 5714 ed.

2150 5722 2261 5790 (64)
2294 5721 2337 5773 Τ
2340 5721 2384 5793 ᾦ
2413 5721 2522 5778 om.
2558 5735 2641 5780 ed.
