3838 6224
134 239 213 295 ιιι
1519 240 1581 295 ΙΝ
1619 240 1700 295 PS

1806 237 1949 294 MOS.

3267 241 3372 294 6&9.

130 350 506 418 ἀντικείμενον,
537 351 713 425 ὲκείνη
737 353 1009 420 ἐκδέξεται
1037 357 1184 426 ἡμᾶς
1203 359 1236 428 ή
1257 354 1605 419 κατάστασις,
1626 350 1694 425 ἧς

1806 351 1995 406 delicet
2028 365 2092 405 os
2117 349 2292 415 illius,
2328 350 2489 419 cujus
2548 365 2653 404 vox
2691 350 2850 404 initio
2902 349 3224 406 hominibus
3260 369 3375 402 tim-

131 445 284 508 οὐδεὶς
333 443 492 512 λόγος
528 445 771 516 μηνυτὴς
818 446 1205 518 εὑρεθήσεται,
1245 447 1280 518 ἦ
1321 464 1407 509 τις
1441 445 1580 516 ὑπὲρ
1615 443 1692 495 αῖ-

131 535 303 604 σθησίν
346 551 405 587 τε
449 535 546 586 καὶ
591 534 791 602 γνῶσιν
823 531 964 589 εἶναι
1002 536 1153 607 παρά
1181 537 1280 606 τῆς
1321 535 1472 598 θείας
1507 532 1692 602 φωνῆς

131 622 555 694 μεμαρτύρηται.
571 623 789 686 Τούτοις
801 625 995 692 ἐπάγει
1013 625 1264 696 καθάπερ
1285 627 1406 680 τινὰ
1423 624 1692 694 σφραγῖδα

134 719 215 780 τὰς
257 716 347 768 ἐπὶ
378 715 526 768 τέλει
554 715 734 783 φωνὰς
763 716 1097 784 λέγωνἿΤίς
1123 718 1304 785 σοφὸς,
1335 719 1430 772 καὶ
1469 717 1692 786 φυλάξει

127 807 282 860 ταῦτα
304 824 318 836 ο
351 807 445 858 καὶ
490 808 780 877 συνήσουσι
821 807 887 860 τά
923 807 1045 877 ὲλέη
1096 807 1188 860 τοῦ
1207 805 1450 878 Κυρίου;
1478 807 1693 880 »ἐπειδὴ

131 899 225 968 γὰρ
253 898 410 962 διπλῆ
450 901 484 969 ή
522 898 622 968 τῆς
668 898 857 966 σοφίας
891 897 1172 970 ἐνέργεια,
1201 900 1295 952 καὶ
1321 901 1354 969 ή
1403 899 1506 969 μέν
1545 901 1694 953 ἐστιν

133 989 433 1058 ἐρευνήτική
469 1005 531 1040 τε
583 991 680 1042 καὶ
739 988 1007 1058 ζητητικὴ
1051 989 1161 1041 τῶν
1217 989 1694 1060 συμφερόντων,ὴ

131 1080 178 1132 δὲ
210 1079 507 1150 φυλακτικὴ
563 1081 672 1134 τῶν
723 1080 1083 1151 εὑρεθέντων·
1124 1079 1190 1132 τὸ
1237 1079 1295 1131 ἓν
1352 1081 1452 1149 τῆς
1502 1081 1695 1148 σοφίας

133 1169 293 1240 ἔργον,
319 1171 377 1223 τὸ
399 1169 693 1241 ζητητικόν
721 1171 884 1238 λέγω,
908 1170 1221 1224 πεπαῦσθαι
1241 1169 1546 1240 τηνικαῦτα
1571 1170 1694 1240 βού-

135 1274 282 1315 λεται.
303 1261 393 1324 Εἰς
415 1261 467 1314 τί
484 1262 596 1332 γάρ
621 1264 687 1331 τῇ
721 1262 945 1331 ζητήσει
967 1260 1286 1332 χρησόμεθα
1310 1259 1400 1312 τοῦ
1425 1259 1693 1330 ζητουμέ-

136 1373 214 1408 νου
235 1355 492 1426 παρόντος
512 1373 528 1419 ;
564 1355 621 1409 ἓν
645 1355 804 1425 ἔργον
825 1355 936 1426 (65)
956 1355 1011 1406 δὲ
1039 1355 1196 1424 μόνον
1217 1352 1423 1406 κελεύει
1443 1352 1504 1404 τὸ
1523 1351 1697 1404 λειπό-

138 1462 276 1514 μενον
307 1444 572 1510 γίνεσθαι,
597 1445 744 1508 ὅπως
767 1444 833 1498 ἂν
863 1444 1158 1514 φυλαχθείη
1189 1444 1250 1496 τὸ
1277 1442 1530 1514 πορισθὲν
1555 1445 1686 1510 ἀγαο

137 1534 372 1601 θὸν,πρὸς
390 1534 551 1588 τοῦτο
579 1536 680 1606 τῆς
705 1535 898 1606 σοφίας
929 1536 1060 1605 ἡμῖν
1088 1533 1474 1605 συνεργούσης.
1512 1533 1606 1596 Τίς
1638 1531 1694 1584 δὲ

137 1629 164 1696 ή
190 1626 355 1696 σοφία,
377 1627 469 1679 καὶ
497 1626 584 1690 τίς
614 1630 647 1698 ἡ
682 1627 788 1680 τῶν
818 1626 1038 1694 ἀγαθῶν
1068 1627 1215 1679 ἐστιν
1249 1625 1498 1696 φυλακῆς
1528 1624 1588 1676 τὸ
1618 1622 1694 1694 μὴ

1792 443 1986 498 teriam
2044 441 2236 496 mortis
2296 442 2547 510 praebuit.
2606 441 2836 508 Quando
2885 443 3054 512 igitur
3089 444 3374 498 sublatum

1794 533 1960 588 fuerit
1995 548 2156 586 omne
2191 532 2322 586 illud
2354 532 2502 602 quod
2527 533 2672 587 bono
2713 533 3058 597 adversatur,
3110 544 3227 588 tum
3269 550 3372 589 nos

1793 623 2059 692 suscipiet
2096 623 2186 676 ille
2220 629 2398 678 status
2455 637 2619 692 quem
2666 624 2818 678 nulla
2867 625 3048 679 oratio
3093 625 3375 694 explicare

1794 721 1997 782 potest,
2021 713 2114 783 qui
2146 722 2202 768 et
2291 728 2514 768 sensum
2544 721 2598 768 et
2621 715 3037 786 intelligentiam
3115 717 3170 769 in
3199 716 3376 771 sacris

1795 805 2019 862 Litteris
2052 820 2315 875 superare
2348 805 2634 860 dicitur”.
2658 804 2757 862 llis
2788 807 3044 864 omnibus
3082 809 3242 877 quasi
3288 810 3360 862 si-

1793 897 1982 968 gillum
2008 897 2106 952 bas
2130 903 2404 952 extremas
2424 912 2585 952 voces
2603 898 2850 970 adiungit
2871 911 2884 948 :
2905 917 2924 950 ι
2956 899 3093 965 Quis
3127 900 3373 970 sapiens,

1795 998 1849 1044 et
1877 989 2156 1043 custodiet
2206 990 2348 1054 haec,
2403 1000 2456 1044 et
2487 989 2755 1061 intelliget
2803 992 3214 1047 misericordias
3266 991 3372 1046 Do-

1793 1078 1972 1132 mini?
1993 1073 2162 1130 ICum
2181 1073 2325 1131 enim
2348 1081 2630 1149 sapientia:
2651 1083 2797 1137 actio
2832 1081 3036 1152 duplex
3062 1084 3169 1141 sit:
3200 1085 3375 1138 altera

1797 1185 1917 1239 (ιυιιι
1942 1169 2164 1239 indagat
2187 1172 2457 1240 etquaerit
2484 1171 2660 1235 utilia,
2697 1173 2874 1228 altera
2903 1190 3026 1244 qua:
3065 1183 3219 1244 parta
3252 1190 3375 1228 ser-

1797 1267 1921 1314 vat:
1953 1261 2102 1314 illam
2134 1264 2352 1331 quidem
2377 1263 2657 1332 sapientiae
2689 1263 2982 1329 actionem,
3029 1282 3154 1334 quis
3200 1267 3253 1319 in
3288 1266 3376 1319 in-

1799 1351 2156 1420 vestigatione
2194 1352 2468 1417 consistit,
2524 1352 2728 1408 indicat
2781 1365 2914 1409 tunc
2973 1367 3315 1411 cessaturam
3359 1374 3374 1410 :

1795 1442 1926 1510 quid
1981 1443 2128 1497 enim
2167 1457 2307 1512 npns
2365 1452 2449 1498 est
2504 1445 2891 1514 inquisitione,
2939 1461 3065 1500 cum
3124 1447 3174 1500 id
3223 1447 3372 1516 quod

1797 1535 2087 1604 quaeritur,
2113 1535 2308 1590 adest?
2347 1536 2443 1591 sed
2481 1537 2712 1591 alteram
2751 1538 3130 1593 tantummodo
3175 1539 3378 1592 durare

1798 1636 1854 1679 et
1884 1640 2046 1695 agere
2079 1628 2324 1696 postulat
2363 1637 2423 1681 ut
2464 1630 2666 1684 bonum
2697 1629 2951 1701 adeptum
3006 1632 3374 1697 custodiatur,

138 1719 380 1780 ἀσυνέτως
396 1718 493 1787 τῆς
511 1717 661 1781 θείας
683 1718 1089 1790 φιλανθρωπίας
1105 1717 1269 1786 ἔχειν.
1287 1716 1344 1768 ’0
1373 1716 1480 1786 γὰρ
1499 1714 1696 1785 συνεὶς,

1806 1718 2092 1786 adiuvante
2120 1733 2221 1775 nos
2253 1720 2454 1774 adhoc
2502 1721 2681 1791 ipsum
2734 1723 3024 1791 sapientia.
3074 1722 3206 1790 Quae
3245 1739 3376 1779 vero

139 1803 198 1862 ὧν
216 1809 525 1880 τετύχηκεν,
545 1810 648 1862 οὐκ
670 1809 736 1863 ἂν
754 1810 974 1880 πρόοιτο
990 1808 1102 1878 (66)
1123 1808 1182 1861 τὸ
1202 1808 1422 1877 ἀγαθὸν,
1440 1801 1499 1860 οὐ
1527 1807 1694 1876 ἠξίω-

139 1919 233 1954 ται.
263 1901 317 1953 ’0
342 1901 393 1954 δὲ
422 1901 700 1965 ἀσυνέτως
729 1902 866 1972 ἔχων
890 1902 990 1971 τῆς
1015 1900 1254 1971 χάριτος,
1286 1899 1481 1952 ταύτὸν
1515 1901 1695 1954 πείσε-

143 2012 211 2046 ται
242 1996 346 2058 τοῖς
372 1995 612 2062 τυφλοῖς,
642 1995 693 2047 οἳ
730 1995 1076 2068 μαργαρίτην
1104 1995 1136 2065 ἢ
1164 1993 1492 2065 σμάραγδον,
1522 1993 1556 2062 ἦ
1577 2010 1698 2045 τινα

143 2087 227 2137 τῶν
253 2086 438 2155 τιμίων
462 2087 628 2139 λίθων
654 2089 712 2140 έν
731 2089 888 2158 χερσὶ
910 2087 1184 2148 λαϐόντες,
1223 2085 1299 2146 ὡς
1335 2084 1541 2154 ψηφίδα
1579 2082 1699 2136 τινὰ

146 2179 228 2232 ςῶν
255 2180 465 2233 είκαίων
501 2179 616 2249 (67)
648 2179 1100 2250 ἀπορρίπτουσιν,
1143 2175 1333 2246 ἀγνοίᾳ
1358 2175 1450 2228 τοῦ
1474 2174 1700 2236 κάλλους

142 2273 377 2332 ἀκουσίως
404 2270 775 2342 ζημιωθέντες
803 2271 896 2323 τοῦ
927 2272 1222 2340 κτήματοςΔ

1803 1812 1916 1866 haec
1948 1819 2032 1866 est
2069 1813 2359 1883 sapientia,
2395 1821 2449 1868 et
2493 1813 2765 1869 bonorum
2805 1815 3095 1869 custodia?
3137 1815 3214 1870 Ne
3249 1817 3378 1885 quis

1802 1901 1998 1956 divina:
2050 1903 2409 1960 humanitatis
2469 1912 2525 1960 et
2593 1905 2952 1975 benignitatis
3003 1906 3076 1961 sit
3125 1907 3281 1962 rudis
3323 1915 3379 1961 et

1804 1993 2047 2064 ignarus.
2086 1993 2220 2047 Nam
2249 1996 2340 2064 qui
2374 1995 2626 2067 intelligit
2657 2010 2779 2065 qua:
2823 2004 3114 2050 assecutus
3161 2005 3266 2060 est,
3332 1997 3381 2052 is

1806 2087 2121 2154 neutiquam
2159 2085 2417 2152 abiecerit
2439 2086 2642 2140 bonum
2668 2086 2825 2152 illud,
2852 2102 2964 2157 quo
2995 2086 3235 2144 donatus
3265 2093 3374 2142 est.

1806 2177 1875 2230 At
1914 2176 2008 2244 qui
2037 2178 2266 2245 gratiam
2297 2193 2406 2231 non
2431 2178 2708 2247 intelligit,
2734 2179 2786 2234 ei
2820 2179 2961 2234 idem
2991 2178 3190 2234 accidit
3231 2180 3380 2250 quod

1807 2267 1990 2328 caacis,
2023 2267 2115 2336 qui
2151 2269 2501 2338 margaritam
2531 2268 2616 2323 vel
2635 2269 3008 2340 smaragdum,
3031 2270 3114 2324 vel
3144 2271 3380 2340 aliquem

143 2364 474 2430 pretiosorum
508 2363 750 2434 lapidum
793 2379 956 2416 manu
996 2371 1265 2427 tenentes,
1311 2370 1373 2417 ut
1402 2361 1671 2416 calculum
1708 2361 1942 2431 aliquem
1978 2361 2254 2431 vulgarem
2281 2369 2336 2416 et
2364 2362 2566 2431 passim
2598 2363 2817 2417 obvium
2869 2364 3154 2432 abiiciunt,
3187 2366 3277 2434 qui
3311 2365 3384 2420 ob

144 2457 471 2523 ignorantiam
520 2455 951 2527 pulchritudinis
1007 2469 1130 2526 quae
1186 2455 1242 2510 in
1300 2462 1451 2509 tanta
1501 2469 1559 2509 re
1604 2456 1765 2519 inest,
1796 2470 1859 2510 ea
1895 2464 2091 2525 praeter
2117 2471 2273 2511 suam
2313 2457 2648 2510 voluntatem
2684 2457 2990 2527 privamur.

655 2593 1053 2647 ΚΕΦΑΛΔΙΟΝ
1091 2593 1168 2646 8'.

201 2711 398 2774 Ταύτας
429 2710 488 2763 δὲ
532 2710 636 2774 τὰς
666 2710 828 2763 πέντε
867 2709 976 2763 τῶν
1013 2707 1244 2778 ψαλμῶν
1277 2707 1598 2778 διαιρέσεις,
1631 2707 1698 2759 δι’

147 2797 208 2857 ἐν
252 2803 493 2874 καθάπερ
531 2802 687 2865 τινὰς
735 2800 974 2872 βαθμοὺς
1021 2799 1264 2868 ἀλλήλων
1319 2798 1699 2870 ὑπερανεστιῦ-

148 2911 228 2956 τας
247 2895 350 2964 (68)
372 2895 510 2948 κατά
543 2911 666 2946 τινα
687 2892 892 2955 τάξεως
919 2891 1238 2944 ἀκολουθίαν
1266 2890 1702 2960 κατανοήσαντες

2399 2591 2633 2650 CAPUT
2693 2593 2782 2649 lX.

1875 2705 1997 2760 Istae
2057 2704 2226 2775 igitur
2273 2714 2403 2759 sunt
2461 2705 2709 2775 quinque
2763 2704 2978 2774 partitae
3027 2701 3377 2759 Psalmorum

1801 2798 2127 2862 divisiones,
2156 2813 2293 2868 quas
2327 2804 2590 2866 tanquam
2634 2795 2840 2866 gradus
2883 2795 3178 2866 quosdam,
3245 2797 3382 2850 alios

1805 2892 1930 2946 aliis
1958 2891 2205 2952 altiores,
2238 2889 2542 2945 secundum
2595 2887 2888 2958 quamdam
2939 2888 3152 2942 ordinis
3186 2889 3382 2943 seriem

151 2986 202 3036 ἐκ
227 2984 324 3037 τῶν
363 2986 670 3055 εἰρημένων
696 2983 1044 3054 διεκρίναμεν
1073 2981 1334 3052 σημείων,
1365 2983 1445 3034 ὅτι
1469 2981 1699 3056 ἑκάστου

1806 2980 2207 3048 consideratas,
2249 2995 2314 3034 ex
2348 2978 2589 3048 pr0priis
2621 2978 2792 3050 signis
2829 2986 2885 3033 et
2919 2978 3137 3034 indiciis
3167 2978 3375 3033 disere-

150 3077 408 3145 τμήματος
440 3079 473 3146 ἠ
527 3074 821 3128 τελευταία
847 3075 999 3145 φωνὴ
1038 3073 1224 3127 στάσιν
1257 3073 1380 3126 τινὰ
1415 3071 1508 3125 τοῦ
1543 3071 1702 3138 λόγου

152 3168 228 3219 καὶ
247 3167 391 3236 βάσιν
419 3168 519 3237 τῆς
549 3166 790 3229 διανοίας
820 3165 932 3236 ἔχει
958 3205 983 3231 ,,
1009 3163 1460 3237 περιγράφουσαν
1491 3164 1548 3215 ἐν
1579 3163 1705 3214 έαυ-

152 3260 205 3326 τῇ
234 3258 332 3310 τῶν
381 3257 810 3330 προηνυσμένων
856 3256 922 3310 τὸ
967 3257 1162 3327 πέρας,
1195 3256 1282 3308 διὰ
1314 3255 1414 3324 τῆς
1435 3253 1703 3321 δοξολογιο

155 3349 237 3419 κῆς
263 3367 315 3402 τε
363 3351 454 3402 καὶ
513 3349 840 3420 εὐχαρίστου
872 3349 1056 3418 φωνῆς
1083 3349 1184 3420 τῆς
1207 3342 1704 3416 λεγούσης,ιΕὐλο-

153 3437 295 3506 γητὸς
322 3439 516 3509 Κύριος
548 3440 631 3500 εἰς
653 3439 742 3490 τὸν
772 3437 964 3498 αἰῶνα,
984 3439 1218 3508 γένοιτο,
1232 3437 1458 3506 γένοιτο.
1478 3434 1576 3487 »Τὸ
1596 3431 1705 3498 γὰρ

153 3529 307 3598 νόημα
336 3530 560 3593 τούτων,
606 3527 928 3600 εὐχαριστία
960 3525 1044 3588 τίς
1070 3523 1180 3594 (69)
1214 3526 1360 3576 ἐστιν
1390 3524 1467 3585 εἰς
1501 3521 1560 3574 τὸ
1588 3521 1706 3590 διη-

154 3617 288 3679 νεκὲς
330 3619 722 3689 παραμένουσα
749 3636 762 3650 ·
821 3614 1005 3685 ἐπειδὴ
1053 3614 1152 3668 οὐκ
1198 3612 1432 3678 εἰσάπαξ
1477 3611 1644 3665 εἰπὼν
1677 3614 1706 3665 ὀ

154 3705 572 3774 λόγος,ὶ’ένοιτο,
593 3709 793 3775 ἔστησε
825 3706 923 3776 τὴν
971 3704 1250 3772 εὐλογίαν,
1281 3705 1416 3757 ἀλλά
1447 3707 1511 3772 τῇ
1548 3703 1704 3774 δισσῇ

155 3797 387 3866 ἀναλήψει
424 3797 522 3866 τῆς
568 3796 754 3865 φωνῆς
784 3797 842 3847 ἐν
881 3799 948 3866 τῇ
994 3795 1313 3866 εὐχαριστίᾳ
1347 3793 1622 3863 νομοθετεί
1646 3792 1706 3844 τὸ

157 3884 323 3937 ἅδιον.
363 3887 448 3938 Ἐν
472 3885 692 3954 ἑκάστῳ
719 3886 776 3939 δὲ
819 3887 976 3956 μέρει
1019 3884 1127 3937 τῶν
1162 3887 1296 3937 κατὰ
1329 3885 1396 3937 τὰ
1428 3885 1538 3953 (70)
1566 3885 1707 3953 τμή-

160 3993 282 4042 ματα
325 3977 490 4030 ταῦτα
534 3975 932 4045 διαιρεθέντων,
964 3975 1094 4028 ἴδιόν
1133 3992 1186 4028 τι
1229 3975 1432 4042 ἀγαθὸν
1478 3977 1506 4027 6
1548 3974 1704 4042 λόγος

157 4066 478 4137 ἐνεθεώρησε,
504 4069 572 4122 δι’
608 4063 669 4122 οὗ
701 4068 911 4135 γίνεται
945 4069 1077 4137 ἡμῖν
1107 4067 1170 4120 ἐκ
1203 4065 1337 4119 Θεοῦ
1371 4067 1403 4137 ἠ
1438 4065 1704 4136 μακαριό-

159 4175 258 4225 της,
293 4161 425 4213 κατά
461 4178 585 4214 τινα
641 4158 794 4224 τάξιν
833 4156 1125 4210 ἀκόλουθον
1161 4155 1271 4210 τῶν
1322 4158 1380 4208 ὲν
1419 4155 1531 4226 (71)
1578 4156 1706 4210 ἐκά-

161 4263 254 4317 στῳ
291 4248 670 4320 θεωρουμένων
704 4248 956 4316 ἀγαθῶν,
984 4247 1070 4299 ἀεὶ
1100 4246 1236 4316 πρὸς
1270 4247 1333 4299 τὸ
1373 4246 1706 4317 ὑψηλότερον

1805 3075 2006 3134 vimus,
2027 3071 2156 3142 quia
2189 3070 2457 3140 cujusque
2496 3070 2758 3126 sectionis
2789 3085 2891 3124 vox
2927 3070 3221 3124 terminum
3272 3086 3358 3125 scr

1805 3163 1954 3217 moui
1994 3172 2049 3217 et
2097 3171 2295 3217 metam
2349 3161 2668 3231 cogitationi
2714 3161 2894 3232 ponit,
2943 3162 3383 3232 circumscriptis

1805 3252 2235 3322 praecedentium
2301 3253 2524 3312 finibus,
2596 3251 2916 3320 huiusmodi
2961 3252 3278 3307 laudatione
3335 3264 3382 3308 et

1804 3348 2104 3417 gratiarqu
2144 3345 2404 3399 actione:
2447 3363 2465 3394 ι
2509 3344 2836 3400 Benedictus
2868 3344 3136 3400 Dominus
3183 3346 3236 3400 in
3285 3361 3373 3400 sa:-

1805 3439 2012 3499 culum,
2043 3437 2153 3499 (lat,
2189 3438 2300 3490 liat.
2329 3455 2347 3486 ι
2389 3436 2595 3492 Sensus
2615 3437 2761 3492 enim
2794 3438 2880 3493 his
2913 3439 3230 3494 substratus
3252 3455 3375 3495 con-

1805 3530 1942 3584 tinet
1971 3530 2274 3598 gratiarum
2308 3529 2578 3582 actionem
2607 3527 2665 3583 in
2698 3537 3021 3598 perpetuum
3042 3530 3372 3599 durantem;

1805 3620 2245 3692 quandoquidem
2273 3622 2438 3675 semel
2469 3636 2676 3686 vocem,
2711 3646 2729 3677 σ
2763 3623 2875 3684 ﬂat,
2901 3641 2921 3674 ι
2965 3624 3239 3692 posuisse,
3275 3626 3382 3680 sic-

1805 3726 1914 3779 que
1964 3709 2337 3763 laudationem
2388 3711 2719 3765 terminasse
2749 3725 2858 3765 non
2903 3720 3222 3777 contentus,
3261 3731 3382 3770 eam

1806 3802 2096 3872 duplicat:
2138 3817 2244 3871 qua
2291 3801 2540 3870 ejusdem
2599 3803 2751 3856 vocis
2805 3803 3100 3860 iteratione
3143 3806 3382 3860 insinuat

1811 3902 1865 3948 et
1901 3894 2190 3954 conﬁrmat
2271 3892 2694 3962 perpetuitatem
2757 3895 3060 3964 gratiarum
3124 3898 3383 3952 actionis.

1809 3982 1978 4036 Porro
2028 3985 2081 4036 in
2141 3982 2386 4052 qualibet
2433 3993 2591 4050 parte
2629 3981 3014 4050 praedictarum
3074 3987 3384 4040 sectionum

1807 4074 2088 4144 proprium
2148 4073 2429 4144 quoddam
2481 4073 2685 4128 bonum
2751 4074 3190 4132 animadvertere
3238 4079 3385 4144 licet,

1806 4177 1903 4231 per
1931 4161 2077 4232 quod
2109 4162 2268 4216 nobis
2302 4162 2583 4216 beatitudo
2633 4163 2876 4227 obvenit,
2933 4167 3237 4221 secundum
3293 4184 3384 4222 or-

1807 4255 1990 4309 dinem
2029 4254 2343 4324 quemdam,
2378 4254 2472 4324 qui
2517 4253 2570 4308 in
2604 4254 2838 4324 singulis
2869 4257 2979 4312 illis
3014 4259 3172 4313 bonis
3203 4262 3386 4315 inesse

160 4338 242 4409 τὴν
263 4339 425 4412 ψυχήν
456 4339 791 4410 ὑπερτιθεὶς,
816 4339 891 4402 ὼς
931 4337 996 4392 ἂν
1033 4339 1127 4390 ἐπὶ
1152 4337 1212 4390 τὸ
1250 4337 1547 4410 ἀκρότατον
1574 4338 1700 4407 ἀφί-

1811 4345 2195 4415 couspicitur;
2240 4359 2459 4414 semper
2513 4344 2578 4398 ad
2610 4345 2805 4398 altiora
2863 4346 3047 4401 animo
3101 4349 3382 4414 traducto,

162 4448 299 4499 κηται
319 4433 425 4501 (72)
453 4433 561 4486 τῶν
585 4431 825 4500 ἀγαθῶν.

217 4522 370 4577 Τοῦτο
403 4523 458 4576 δέ
511 4525 658 4576 ἐστιν
699 4523 727 4574 ὁ
773 4517 920 4584 αἶνος
960 4518 1052 4572 τού
1094 4517 1229 4572 Θεοῦ
1276 4519 1387 4588 (75)
1443 4519 1502 4570 ἐν
1546 4521 1710 4573 πᾶσιν

163 4613 310 4679 ἁγίοις
330 4613 829 4684 ἀποπληρούμενος,
854 4610 1035 4672 καθὼς
1074 4609 1319 4680 περιέχει
1349 4612 1377 4662 6
1405 4611 1708 4674 τελευταῖος

163 4701 345 4772 ὐαλμδς
359 4704 548 4772 λέγων·
575 4724 593 4754 ι
607 4707 814 4757 Αἰνεῖτε
832 4703 920 4755 τὸν
939 4700 1072 4754 Θεὸν
1088 4701 1146 4753 ἐν
1166 4703 1278 4763 τοῖς
1299 4701 1473 4768 ἀγίοις
1489 4700 1672 4754 αὐτοῦ.
1686 4721 1704 4751 ι

166 4793 314 4848 Ὅπου
347 4797 452 4866 (74)
487 4815 505 4847 ι
544 4797 607 4849 τὸ
635 4795 918 4865 στερέωμα
943 4791 1045 4862 τῆς
1068 4791 1400 4862 δυνάμεως,ι
1438 4792 1498 4844 τὸ
1523 4793 1586 4844 ἐκ
1616 4793 1708 4845 τοῦ

167 4885 342 4953 ἀγαθοῦ
373 4890 760 4958 ἀμετάπτωτον
785 4883 1188 4954 σημαίνειί75),
1212 4882 1306 4935 καὶ
1327 4882 1383 4933 αἱ
1410 4881 1712 4936 δυναστεῖαι

166 4977 242 5028 τοῦ
259 4977 401 5042 Θεοῦ,
425 4978 485 5032 τὺ
507 4977 704 5049 μηκέτι
725 4977 828 5029 ὑπὸ
850 4974 1048 5038 κακίας
1062 4971 1479 5027 δυναστεύεσθαι
1498 4975 1596 5046 τὴν
1613 4975 1714 5044 φύ-

229 5135 269 5164 ”
294 5133 519 5205 Philipp.
551 5149 626 5196 tv,
658 5132 710 5184 7.
787 5131 829 5161 "
858 5129 1000 5184 Psal.
1035 5143 1121 5194 cs,
1153 5127 1179 5182 1
1210 5142 1332 5197 sqq.

232 5292 329 5380 ea
352 5294 621 5380 ξειεργάνν
646 5291 735 5380 esi-

231 5364 328 5435 (66)
356 5362 595 5435 Προΐετο,
625 5362 714 5416 ed.

233 5423 335 5504 (67)
383 5423 599 5503 Ᾱιὶῳιοι
634 5431 966 5504 exemplaria
1017 5430 1162 5487 edita
1212 5428 1354 5484 male
1399 5425 1602 5481 habent
1631 5423 1712 5477 oi-

369 5574 582 5642 Aliqnot
623 5572 780 5627 codd.
812 5579 1117 5642 ὑπερανεστ
1141 5571 1287 5632 ὕσας.

235 5643 332 5711 (69)
356 5643 446 5706 Τίς
468 5660 576 5700 σω.
607 5646 694 5699 ed.

1810 4437 1985 4492 donec
2018 4436 2084 4490 ad
2107 4451 2426 4506 supremum
2477 4437 2724 4490 omnium
2776 4437 3044 4491 bonorum
3090 4441 3384 4511 pertingat.

1884 4527 1998 4582 Hoc
2030 4543 2159 4583 vero
2193 4529 2336 4596 quod
2371 4527 2629 4582 omnibus
2662 4541 2952 4583 commune
2973 4530 3097 4592 erit,
3129 4532 3202 4584 nil
3239 4533 3386 4586 aliud

1811 4628 1915 4682 est,
1952 4635 2116 4688 quam
2151 4619 2329 4674 laudis
2369 4619 2569 4674 divina:
2616 4620 3078 4690 celebratio,qme
3110 4625 3161 4676 in
3209 4625 3358 4677 omni

1811 4711 1914 4766 bus
1953 4712 2162 4765 sanctis
2196 4711 2595 4780 complebitur;
2629 4723 2791 4782 prout
2830 4711 2884 4765 in
2928 4723 3208 4782 postremo
3239 4693 3358 4784 psal

1813 4817 1903 4854 mo
1947 4801 2182 4855 habetur
2207 4819 2220 4856 :
2242 4821 2258 4852 ι
2272 4801 2516 4859 Laudate
2531 4802 2821 4858 Dominum
2835 4802 2890 4856 in
2909 4805 3120 4859 sanctis
3133 4801 3296 4871 eius"
3319 4819 3365 4854 ει

1815 4891 1907 4944 ubi
1953 4890 2118 4944 etiam
2159 4908 2178 4941 ι
2205 4890 2605 4944 firmamentum
2649 4889 2871 4944 virtutis
2924 4889 3044 4958 eius
3071 4907 3090 4941 ι
3133 4889 3370 4942 immuta-

1814 4981 1978 5036 bilem
2017 4981 2385 5036 constantiam
2413 4980 2468 5034 in
2494 4981 2636 5036 bono
2663 4979 2934 5052 significat
2964 4999 2978 5036 :
3007 4978 3359 5050 Principatus

1886 5279 2000 5348 (70)
2032 5279 2113 5333 Τά
2135 5294 2247 5332 οιη.
2281 5279 2377 5331 ed.

1884 5347 1996 5418 (7i)
2019 5351 2108 5402 Ἐν
2147 5365 2256 5402 om.
2279 5349 2364 5403 ed.

1886 5415 1998 5487 (72)
2029 5419 2336 5488 Ἐφίκηται,
2365 5415 2453 5472 ed.

1888 5492 1999 5559 (73)
2040 5487 2109 5542 ’0⁷
2127 5489 2323 5558 μηκέτι
2349 5489 2452 5541 ὑπὸ
2481 5489 2676 5551 κακίας
2705 5487 2830 5542 add.
2859 5487 2926 5543 ed

1890 5561 2003 5626 (7i)
2031 5561 2097 5612 Δὲ
2136 5559 2261 5612 add.
2293 5559 2381 5612 ed.

1894 5631 2006 5703 (75)
2037 5629 2413 5700 Διασημαίνει,
2449 5629 2536 5683 ed.
