3838 6224
397 235 504 292 633

1680 237 1738 292 s.
1772 235 2106 293 ennconu
2141 200 2438 296 NYSSENI

3570 259 3662 317 ιΜ

399 364 507 418 que
539 362 635 402 seu
665 347 896 403 virtutes
927 348 1023 404 Dei
1073 349 1376 405 ostendunt
1417 358 1671 404 naturam
1721 367 1830 405 non
1872 369 1980 406 am-

2091 371 2175 450 σιν
2224 355 2642 427 παραδηλοῦσιν.
2685 360 2813 414 Ὅτε
2849 367 3019 433 χωρεί
3058 366 3241 425 λοιπὸν
3277 374 3312 445 ή
3354 374 3661 450 ἀνθρωπίνη

398 443 546 512 plius
573 441 689 496 fore
714 442 1079 497 dominationi
1117 446 1329 514 peccati
1378 444 1717 509 obnoxiam;
1765 445 1987 514 quando

400 534 641 588 humana
680 544 875 589 natura
917 536 986 589 de
1036 546 1256 602 caetero,
1318 536 1619 593 secundum
1675 536 1986 590 multitudi-

405 641 527 681 nem
552 627 952 697 magnitudinis
972 628 1095 698 ejus
1133 629 1349 684 laudem
1386 629 1661 693 instituet,
1714 644 1825 685 non
1869 630 1984 700 jam

400 734 630 788 parvum
659 719 923 789 quiddam
958 728 1014 776 et
1040 720 1183 776 exile
1212 736 1506 784 resonans,
1556 721 1652 776 sed
1683 722 1836 776 vocis
1870 737 1987 775 ma-

401 813 693 883 gnitudine
743 813 931 867 tubam
963 828 1279 883 exequans.
1322 813 1414 866 Ait
1478 815 1623 869 enim
1652 830 1667 869 :
1699 832 1718 866 ι
1743 813 1987 871 Laudate

400 905 457 958 in
489 919 626 958 sono
656 905 822 967 tuba,
851 925 871 956 ι
908 906 1128 976 quando
1158 907 1323 960 etiam
1359 906 1527 976 hujus
1574 907 1827 962 universi
1860 908 1984 961 har-

403 998 644 1050 moniam
677 1005 732 1052 et
763 1005 1101 1053 concentum
1145 999 1453 1054 imitabitur
1500 1000 1670 1055 variis
1714 1008 1769 1054 et
1798 1001 1984 1054 multi—

400 1089 555 1157 genis
584 1089 906 1153 virtutibus,
938 1090 1099 1160 quasi
1152 1105 1422 1159 organum
1461 1090 1573 1146 Deo
1633 1091 1774 1146 facta
1841 1093 1983 1162 aptis

399 1180 805 1249 concinnisque
867 1181 1111 1236 modulis
1171 1191 1227 1237 et
1280 1184 1662 1238 concentibus.
1726 1181 1984 1237 Nominat

401 1287 532 1325 vero
581 1271 685 1326 huc
719 1271 950 1343 ﬁgurata
997 1274 1236 1344 quadam
1277 1275 1538 1341 loquendi
1579 1275 1754 1330 forma
1790 1297 1808 1326 ί
1836 1279 1983 1346 psal-

400 1365 598 1418 terium
631 1376 686 1420 et
740 1366 1032 1421 citharam.
1063 1386 1083 1419 ›
1136 1365 1270 1423 Post
1316 1368 1476 1437 cujus
1525 1367 1978 1433 modulationem,

399 1456 643 1524 seposito
669 1457 818 1510 omni
855 1458 948 1509 illo
978 1455 1123 1526 quod
1152 1464 1414 1511 terrestre
1444 1466 1552 1520 est,
1584 1465 1638 1511 et
1658 1465 1865 1510 mutum
1894 1471 1983 1511 vo-

400 1550 594 1617 eisque
636 1564 856 1617 expers,
919 1548 976 1601 in
1027 1557 1414 1619 tympanorum
1469 1548 1766 1619 magniﬁco
1814 1556 1979 1603 cantu

400 1638 686 1694 consociat
716 1639 1037 1694 coelestibus
1061 1639 1248 1694 choris
1274 1639 1621 1710 propriarum
1646 1637 1981 1693 chordarum

2087 445 2317 518 δύναμις
2367 450 2511 502 κατά
2553 451 2616 502 τὸ
2668 452 2870 524 πλῆθος
2906 457 3006 528 τῆς
3060 445 3471 538 μεγαλωσύνης
3502 445 3662 524 αὐτοῦ

2089 540 2359 633 ποιεῖσθαι
2391 542 2480 596 τὸν
2506 538 2684 605 αἶνον.
2714 548 2896 601 οὐκέτι
2931 552 3105 622 μικρὰ
3137 554 3480 633 φθεγγομένη
3503 603 3519 624 ,
3555 563 3664 617 ἀλλ’

2086 632 2495 725 ήδηλπαριοῦσα
2532 639 2599 707 τῇ
2644 638 3025 714 μεγαλοφωνίᾳ
3053 644 3152 709 τὰς
3191 632 3496 719 σάλπιγγας
3530 654 3662 725 (76).

2085 723 2224 795 Φησὶ
2250 725 2380 796 γάρ·
2415 744 2433 776 ‹
2469 729 2679 780 Αἰνεῖτε
2705 730 2797 783 τὸν
2828 731 3033 803 Κύριον
3061 737 3118 787 ὲν
3144 737 3260 808 ἤχῳ
3286 740 3610 811 σάλπιγγος.
3628 723 3662 797 ⁷.

2089 814 2219 867 Ὅτε
2253 816 2347 868 κα).
2382 820 2627 887 μιμεῖται
2656 821 2756 891 τὴν
2785 821 2879 874 τοῦ
2910 824 3111 889 παντὸς
3141 827 3407 898 ἁρμονίαν
3436 831 3516 902 τῷ
3551 851 3668 886 ποι-

2086 903 2222 975 κίλῳ
2239 922 2299 958 τε
2325 907 2420 958 καὶ
2457 908 2727 961 πολυειδεί
2751 910 2858 965 τῶν
2881 912 3114 983 ἀρετῶν,
3142 915 3367 986 ὄργανον
3388 921 3448 972 ὲν
3471 921 3669 992 ῥυθμῷ

2089 995 2352 1066 μελῳδίας
2386 997 2465 1068 τῷ
2493 997 2613 1069 Θεῷ
2648 1002 2913 1075 γενομένη
2937 1004 3071 1074 (77).
3115 1006 3397 1076 Ὀνομάζει
3421 1010 3477 1063 δὲ
3507 1012 3671 1067 τοῦτο

2085 1086 2174 1139 διά
2199 1104 2341 1151 τινος
2366 1090 2918 1163 τροπικῆςοημασίας
2936 1113 2953 1145 ι
2980 1094 3277 1168 ψαλτήριόν
3304 1117 3365 1153 τε
3389 1103 3487 1155 καὶ
3510 1105 3669 1158 κιθά-

2087 1196 2187 1250 ραν
2211 1181 2241 1233 6
2272 1180 2451 1250 λόγος.
2475 1203 2493 1235 ι
2514 1183 2808 1256 Μεθ’ὃ(78)
2829 1187 2938 1240 πᾶν
2970 1188 3173 1255 γεῶδες
3199 1206 3257 1244 τε
3311 1195 3407 1246 καὶ
3433 1197 3645 1265 κωφὸν,

2086 1268 2182 1321 καὶ
2234 1269 2346 1341 (79)
2379 1271 2605 1326 ἄναυδον
2635 1274 2969 1347 ἀποθεμένη,
2999 1279 3057 1330 ἐν
3093 1283 3161 1351 τῇ
3203 1282 3313 1336 τῶν
3362 1289 3668 1357 τυμπάνων

2088 1366 2473 1439 μεγαλοφωνίᾳ
2511 1372 2631 1434 ταῖς
2664 1371 2943 1441 οὐρανίαις
2981 1374 3223 1445 χορείαις
3264 1381 3527 1434 συνάπτει
3558 1384 3670 1438 τῶν

2089 1458 2234 1512 ἰδίων
2260 1459 2464 1531 χορδῶν
2490 1461 2580 1514 τὸν
2609 1456 2762 1532 ἦχον.
2801 1463 3004 1535 Χορδαὶ
3036 1466 3082 1519 δ’
3112 1466 3178 1520 ἂν
3207 1465 3317 1522 εἶεν
3337 1470 3417 1540 τῷ
3443 1471 3671 1545 ὀργάνῳ

2085 1548 2437 1619 ἐντεταμέναι
2475 1551 2614 1621 (80),
2642 1553 2705 1606 τὸ
2743 1555 2801 1607 ὲν
2830 1555 3033 1628 ἑκάστῃ
3080 1558 3247 1631 ἀρετῇ
3291 1562 3430 1634 πρὸς
3460 1565 3671 1617 κακίαν

2086 1637 2362 1692 ἀνένδοτόν
2394 1657 2456 1693 τε
2488 1642 2583 1695 καὶ
2609 1643 2948 1715 ῖάχάλαστον.
2986 1648 3063 1701 Δι’
3092 1641 3168 1701 ὧν
3204 1650 3410 1718 γίνεται
3452 1655 3486 1725 ή
3522 1655 3669 1727 καλὴ

404 1746 624 1787 sonum.
690 1730 920 1786 Chordae
965 1738 1147 1785 autem
1193 1732 1248 1785 in
1304 1746 1511 1800 organo
1561 1738 1803 1785 extensae
1846 1729 1980 1784 nihil

2090 1728 2305 1783 συνοδία
2326 1730 2421 1784 τοῦ
2444 1733 2722 1803 κυμϐάλου
2746 1740 2865 1799 ταῖς
2903 1738 3120 1809 χορδαῖς
3159 1742 3511 1812 μιγνυμένου,
3532 1725 3670 1799 ὅταν

401 1828 547 1882 aliud
590 1828 811 1892 fuerint,
846 1842 1010 1898 quam
1042 1827 1132 1882 ille
1160 1827 1215 1882 in
1255 1827 1499 1896 qualibet
1526 1827 1732 1880 virtute
1775 1825 1982 1879 insitus

400 1920 568 1989 rigor,
600 1934 711 1989 quo
739 1919 806 1973 ad
843 1919 1106 1972 malitiam
1137 1916 1340 1972 inﬂecti
1367 1926 1421 1971 et
1451 1915 1708 1970 inclinari
1759 1915 1976 1984 nequit.

398 2010 611 2078 Quibus
662 2011 917 2065 omnibus
953 2009 1235 2079 jucundus
1271 2009 1363 2063 ille
1406 2007 1643 2080 cymbali
1681 2014 1982 2060 concentus

398 2102 624 2158 chordis
664 2103 962 2172 permistus
991 2100 1244 2163 eﬂicitur,
1289 2098 1509 2169 quando
1547 2112 1720 2153 sonus
1759 2097 1982 2167 cymba-

398 2190 602 2256 lorum,
638 2201 873 2248 mentem
902 2194 1126 2254 excitat.
1168 2201 1227 2248 nt
1254 2192 1472 2246 divinos
1504 2191 1628 2246 illos
1669 2196 1849 2245 cmtus
1879 2190 1979 2243 ob-

395 2294 507 2349 eat,
531 2293 585 2339 et
618 2282 963 2353 frequentet;
991 2285 1137 2355 quod
1181 2284 1404 2354 quidem
1451 2283 1590 2337 mihi
1622 2283 1854 2337 innucre
1895 2282 1982 2336 vi-

394 2374 555 2431 detur
584 2382 794 2428 naturae
840 2382 1045 2430 nostra:
1110 2388 1235 2429 cum
1271 2374 1477 2443 angelis
1525 2373 1861 2437 societatem,
1907 2371 1983 2427 ait

392 2467 542 2523 enim
576 2483 590 2520 :
630 2464 913 2521 «Laudate
958 2465 1251 2520 Dominum
1308 2465 1362 2518 in
1406 2464 1676 2535 cymbalis
1708 2464 1845 2519 bene
1884 2479 1979 2519 so-

393 2560 676 2615 nantibus.
711 2579 729 2611 ι
768 2557 1089 2614 Conventus
1121 2559 1267 2614 enim
1313 2558 1405 2613 Ille
1461 2558 1724 2628 angelicae
1769 2565 1981 2612 natura:

394 2665 520 2705 cum
557 2651 817 2715 humana,
848 2649 1073 2721 quando
1107 2650 1345 2703 humana
1375 2650 1440 2703 ad
1468 2649 1629 2703 ﬁnem
1664 2664 1825 2703 suum
1853 2663 1979 2718 per-

392 2743 629 2807 venerit,
666 2751 876 2813 gratam
910 2743 1059 2797 illam
1107 2743 1407 2813 gratiarum
1457 2742 1693 2797 actionis
1728 2741 1979 2796 modula-

393 2832 621 2898 tionem,
646 2843 838 2887 mutuo
869 2848 1170 2902 congressu
1199 2834 1432 2899 eﬂiciet;
1464 2834 1739 2903 simulque
1768 2832 1979 2902 junctis

391 2922 617 2977 vocibus
645 2923 1035 2993 benignitatem
1054 2923 1146 2977 Dei
1181 2937 1348 2991 super
1377 2936 1570 2976 omnes
1607 2930 1869 2991 perpetuo
1892 2919 1976 2975 ef-

393 3010 576 3067 fusam
607 3011 956 3079 decantabit;
985 3012 1091 3066 hoc
1120 3011 1266 3067 enim
1300 3010 1535 3082 cymbali
1573 3026 1696 3065 cum
1724 3009 1975 3081 cymbalo

392 3102 712 3172 conjunctio
742 3103 1037 3174 signiﬁcat.
1074 3101 1395 3173 Cymbalum
1424 3118 1592 3156 unum
1628 3111 1711 3157 est
1735 3101 1975 3156 cmlestis

391 3194 488 3248 illa
522 3195 838 3265 angelorum
872 3202 1102 3261 natura;
1155 3195 1389 3249 alterum
1425 3193 1733 3264 cymbalum
1771 3201 1855 3248 est
1890 3206 1978 3245 ra.

392 3286 616 3341 tionalis
645 3285 927 3340 hominum
956 3297 1242 3352 creatura;
1292 3285 1388 3340 sed
1424 3294 1707 3354 peccatum
1738 3285 1880 3340 hanc
1907 3285 1977 3339 ab

392 3378 485 3431 illa
508 3377 801 3446 separavit,
829 3392 967 3447 quas
995 3392 1119 3433 cum
1160 3375 1345 3431 denuo
1395 3375 1487 3431 Dei
1533 3375 1840 3447 benignitas
1879 3392 1976 3432 co-

391 3469 680 3539 pulaverit,
701 3476 835 3523 tunc
859 3468 1139 3523 resonabit
1175 3476 1408 3538 utraque
1433 3467 1485 3520 in
1520 3483 1688 3522 unum
1713 3467 1825 3537 jam
1840 3483 1975 3524 con-

390 3558 538 3625 ﬂata,
569 3559 831 3630 hymnum
866 3559 1041 3626 illum,
1075 3559 1224 3629 quia,
1249 3567 1309 3612 ut
1345 3573 1578 3629 magnus
1620 3559 1697 3614 ait
1739 3561 1977 3630 Aposto-

392 3650 511 3705 lus:
552 3668 570 3701 ι
595 3650 788 3705 Omnis
823 3650 1006 3720 lingua
1047 3649 1396 3705 conﬁtebitur
1435 3652 1766 3714 caelestium,
1802 3660 1978 3707 terre-

396 3743 619 3807 strium,
650 3741 1089 3807 etinl'ernorum,
1121 3739 1401 3795 Christum
1437 3756 1561 3796 esse
1584 3740 1639 3794 in
1681 3741 1855 3811 gloria
1874 3741 1980 3797 Pa-

392 3835 575 3889 tris".
605 3853 625 3886 ι
672 3832 793 3900 Quo
820 3832 967 3888 facto
1002 3833 1375 3888 decantabunt
1418 3833 1534 3888 haec
1565 3833 1816 3905 cymbala
1860 3834 1979 3905 epi-

394 3924 627 3988 nieium,
674 3941 769 3980 seu
801 3939 1023 3978 carmen
1072 3923 1376 3987 vicloriale,
1426 3930 1686 3992 tanquam
1751 3922 1978 3977 victoria

395 4023 575 4085 parta,
619 4015 690 4069 ob
722 4030 1071 4069 communem
1106 4014 1221 4084 jam
1270 4014 1649 4076 concordiam,
1692 4013 1901 4068 abolito
1925 4021 1980 4069 et

399 4106 683 4178 proﬂigato
721 4107 1070 4173 adversario;
1119 4121 1230 4177 quo
1273 4105 1506 4175 depulso
1548 4112 1604 4160 et
1642 4105 1700 4159 in
1746 4105 1979 4158 nihilum

397 4198 645 4262 redacto,
675 4196 1051 4252 indesinenter
1084 4198 1154 4251 ab
1181 4195 1330 4249 omni
1374 4194 1595 4265 spiritu,
1633 4194 1752 4264 pari
1795 4195 1979 4250 studio

393 4299 449 4343 et
472 4298 671 4343 conatu
701 4289 820 4342 laus
845 4296 897 4344 et
925 4289 1161 4359 hymnus
1199 4287 1309 4342 Deo
1354 4288 1409 4342 in
1443 4302 1662 4342 omnem
1701 4289 1979 4341 aeternita-

2084 1819 2113 1871 6
2138 1814 2247 1873 τῶν
2274 1822 2569 1892 κυμϐάλων
2589 1821 2720 1896 ἦχος
2765 1832 2845 1889 είς
2862 1829 2960 1899 τὴν
2996 1828 3145 1883 θείαν
3176 1833 3538 1903 χοροστασίαν
3567 1836 3672 1888 ἐπ-

2084 1912 2273 1987 εγείρῃ
2302 1914 2400 1986 τὴν
2415 1917 2527 1987 (81)
2557 1920 2884 1991 προθυμίαν.
2903 1921 3080 1996 Ὅπερ
3109 1942 3199 1995 μοι
3227 1926 3375 1979 δοκεί
3398 1929 3500 1999 τὴν
3526 1929 3671 2001 πρὸς

2081 2003 2209 2065 τοὺς
2240 2005 2503 2074 ἀγγέλους
2529 2008 2628 2079 τῆς
2665 2008 2878 2079 φύσεως
2909 2013 3067 2081 ἡμῶν
3092 2014 3469 2086 διερμηνεύειν
3504 2019 3671 2073 συνά-

2085 2109 2263 2161 φειαν,
2300 2096 2359 2148 ὲν
2391 2089 2436 2165 ᾧ
2475 2115 2664 2168 φησιν,
2702 2119 2721 2151 ι
2745 2100 2954 2154 Αἰνεῖτε
2984 2104 3079 2158 τὸν
3117 2106 3321 2178 Κύριον
3352 2110 3412 2162 ὲν
3443 2111 3668 2181 κυμϐά-

2082 2183 2195 2249 λοις
2218 2185 2453 2257 εὑήχοις,
2488 2207 2506 2240 ι
2543 2186 2612 2242 Ἦ
2637 2191 2745 2260 γὰρ
2766 2190 2987 2263 τοιαύτη
3007 2197 3346 2262 σύνοδος,τοῦ
3370 2202 3667 2270 ἀγγελικοῦ

2082 2275 2225 2346 λέγω
2277 2279 2414 2349 πρὸς
2436 2280 2497 2333 τὸ
2525 2280 2888 2353 ἀνθρώπινον.
2929 2289 3060 2341 ὅταν
3087 2292 3366 2366 ἐπαναχθῇ
3399 2296 3539 2367 πρὸς
3567 2297 3670 2366 τὴν

2081 2367 2436 2439 ἀρχαίανζίὸίὶ)
2463 2369 2655 2445 λῆξινή
2673 2374 2984 2451 ἀνθρωπίνη
3001 2379 3286 2449 φύσις,τὸν
3300 2384 3507 2453 γλυκὺν
3526 2388 3673 2441 ἐκεί-

2082 2475 2171 2512 νον
2202 2454 2339 2531 ἦχον
2384 2462 2471 2516 διὰ
2500 2463 2601 2533 τῆς
2657 2466 2793 2538 πρὸς
2838 2469 3101 2541 ἀλλήλους
3150 2476 3526 2545 συμπτώσεως
3567 2481 3671 2549 τῆς

2080 2551 2435 2624 εὐχαριστίας
2481 2555 2821 2612 ἀποτελέσει·
2875 2563 2965 2616 καὶ
2999 2563 3063 2617 δι’
3098 2564 3363 2636 ἀλλήλων,
3399 2569 3497 2620 καὶ
3549 2571 3670 2639 μετ’

2080 2643 2325 2714 ἀλλήλων
2375 2647 2475 2717 τὴν
2504 2649 2597 2701 ἐπὶ
2645 2652 2712 2720 τῇ
2761 2649 3142 2726 φιλανθρωπίᾳ
3184 2657 3542 2727 εὐχαριστίαν
3586 2660 3667 2730 τῷ

2079 2735 2199 2807 Θεῷ
2224 2738 2517 2810 γινομένην
2563 2739 2654 2794 διὰ
2684 2743 2886 2808 παντὸς
2914 2746 3232 2816 ἀνυμνήσει.
3271 2748 3445 2801 Τοῦτο
3485 2750 3597 2820 γὰρ
3631 2753 3667 2823 ἠ

2077 2827 2171 2880 τοῦ
2205 2829 2485 2899 κυμϐάλου
2512 2831 2650 2904 πρὸς
2668 2833 2730 2887 τὸ
2755 2834 3385 2905 κύμϐαλονένδείκνυται
3419 2841 3662 2907 σύνοδος.

2085 2919 2180 2971 Ἓν
2226 2920 2585 2995 κύμϐαλον,ή
2623 2926 2990 2998 ὑπερκόσμιος
3032 2929 3142 2982 τῶν
3171 2931 3422 2999 ἀγγέλων
3462 2935 3626 3003 φύσις
3648 2952 3663 2966 ·

2078 3010 2264 3082 ἕτερον
2306 3014 2606 3083 κύμϐαλον,
2652 3019 2686 3088 ἡ
2726 3018 2921 3091 λογική
2962 3019 3073 3075 τῶν
3119 3021 3424 3091 ἀνθρώπων
3464 3026 3665 3089 κτίσις.

2090 3102 2249 3158 Ἀλλά
2285 3104 2565 3176 διέστησεν
2600 3111 2633 3180 ή
2669 3111 2913 3181 ἁμαρτία
2943 3112 3102 3167 τοῦτο
3139 3115 3375 3168 ὲκείνου’
3407 3116 3540 3170 ὅταν
3572 3115 3667 3172 οὖν

2078 3195 2241 3249 πάλιν
2266 3199 2299 3268 ή
2331 3198 2424 3251 τοῦ
2451 3199 2588 3253 Θεοῦ
2622 3201 3002 3275 φιλανθρωπία
3035 3206 3245 3278 συνάψῃ
3271 3207 3528 3279 ἀλλήλοις
3553 3212 3664 3280 ἅμα

2078 3286 2304 3357 φότερα,
2338 3289 2458 3342 τότε
2491 3292 2687 3362 ἠχήσει
2709 3292 2799 3346 τὸν
2834 3290 2981 3349 αἶνον
2997 3297 3201 3350 ἐκεῖνον
3224 3299 3316 3350 καὶ
3335 3300 3407 3353 τὰ
3427 3299 3526 3353 δύο
3547 3301 3667 3370 μετ’

2077 3375 2318 3448 ἀλλήλων
2351 3380 2636 3452 γενόμενα,
2664 3382 2739 3448 ὥς
2789 3400 2921 3455 φησι
2967 3387 3078 3456 (85)
3110 3388 3203 3441 καὶ
3234 3391 3265 3441 6
3288 3389 3467 3459 μέγας
3510 3392 3669 3445 Ἀπὸ-

2080 3467 2287 3531 στολος’
2360 3472 2447 3525 ὅτι
2484 3490 2503 3522 ι
2540 3473 2696 3526 Πᾶσα
2722 3474 2943 3542 γλῶσσα
2971 3477 3463 3550 ἐξομολογήσεται,
3500 3483 3667 3536 ἔπου-

2081 3560 2302 3628 ρανίων,
2337 3563 2433 3615 καὶ
2466 3565 2744 3633 ἐπιγείων,
2792 3568 2886 3621 καὶ
2915 3569 3301 3640 καταχθονίων,
3348 3574 3433 3627 ὅτι
3460 3572 3668 3646 Κύριος

2092 3650 2300 3722 Ἰησοῦς
2325 3654 2561 3724 Χριστὸς
2592 3659 2674 3721 είς
2702 3658 2857 3724 δόξαν
2892 3660 3027 3715 Θεοῦ
3064 3663 3296 3734 Πατρός.
3337 3683 3356 3717 ι
3400 3658 3481 3720 Οὗ
3512 3683 3669 3735 γενο-

2083 3743 2269 3813 μένου,
2304 3747 2571 3802 ὲπινίκιον
2617 3750 2873 3818 ἀλαλάξει
2918 3756 2947 3807 6
2976 3754 3085 3806 τῶν
3117 3756 3415 3825 κυμϐάλων
3453 3759 3668 3812 τούτων

2083 3828 2231 3903 ἦχος,
2254 3834 2342 3888 διὰ
2376 3835 2479 3906 τῆς
2508 3839 2696 3909 κοινῆς
2730 3841 2990 3912 συνῳδίας
3018 3845 3110 3897 ἐπὶ
3139 3845 3218 3914 τῷ
3243 3847 3544 3919 ἀφανισμῷ
3571 3849 3669 3902 τοῦ

2084 3924 2470 3997 Πολεμίου(8ι)
2503 3931 2809 4001 γενόμενος.
2865 3933 3068 3988 Τούτου
3116 3937 3172 3989 δὲ
3211 3939 3495 4004 παντελῶς
3528 3943 3673 4009 ἀφα-

2081 4008 2355 4081 νισθέντος
2387 4021 2480 4073 καὶ
2510 4025 2591 4087 εἰς
2621 4024 2682 4076 τὸ
2723 4025 2797 4097 μὴ
2820 4021 2961 4080 εἶναι
2989 4031 3387 4100 περιελθόντος,
3425 4008 3669 4089 ἀδιαλεί-

2083 4123 2232 4197 πτως
2256 4106 2366 4176 (85)
2390 4110 2448 4162 ὲν
2473 4112 2622 4186 πάσῃ
2650 4118 2785 4186 πνοῇ
2807 4117 3085 4189 ὁμοτίμως
3121 4122 3257 4191 πρὸς
3274 4122 3364 4175 τὸν
3392 4124 3530 4178 Θεὸν
3551 4127 3669 4197 (86)

2082 4197 2111 4249 6
2166 4193 2315 4261 αἶνος
2372 4200 2431 4263 ἐς
2486 4202 2576 4286 ἀεὶ
2620 4203 3058 4277 πληρωθήσεται.
3130 4212 3346 4283 Ἐπειδὴ
3400 4193 3671 4286 γὰρεοῦχ

2081 4286 2281 4357 ὡραῖος
2313 4287 2423 4360 (87)
2453 4285 2601 4355 αἶνος
2622 4294 2680 4347 ὲν
2704 4298 2929 4369 στόματι
2941 4297 3286 4370 ἁμαρτωλοῦ,
3303 4320 3319 4349 ι
3342 4302 3672 4372 ἁμαρτωλὸς

395 4389 504 4436 tem
538 4382 884 4450 persolvetur
907 4398 923 4448 ;
949 4396 1073 4434 cum
1098 4381 1244 4434 enim
1273 4381 1393 4436 laus
1424 4395 1534 4434 non
1573 4380 1644 4435 sit
1684 4398 1702 4431 ι
1730 4380 1980 4450 speciosa

2086 4381 2142 4433 δὲ
2174 4381 2294 4434 τότε
2321 4382 2420 4434 οὐκ
2452 4383 2603 4438 ἔσται
2624 4426 2639 4447 ,
2688 4387 2789 4457 τῆς
2823 4389 3097 4459 ἁμαρτίας
3142 4391 3241 4443 οὑκ
3277 4390 3466 4464 οὔσης,
3518 4398 3673 4447 πᾶσα

399 4473 454 4527 in
478 4487 574 4527 ore
613 4472 1044 4542 peccatoris",i
1098 4479 1230 4525 tunc
1260 4478 1446 4526 autem
1490 4486 1601 4524 non
1653 4471 1728 4526 sit
1760 4470 1984 4526 l‘uturus

2092 4472 2229 4544 πνοὴ
2253 4473 2341 4526 διὰ
2368 4477 2568 4539 παντὸς
2593 4477 2706 4547 (88)
2732 4479 2827 4532 τοῦ
2853 4480 3048 4544 αἰῶνος
3078 4483 3280 4536 αἰνέσει
3310 4484 3404 4538 τὸν
3437 4485 3669 4555 Κύριον,

402 4573 683 4633 peccator,
742 4564 961 4619 sublato
993 4563 1143 4619 omni
1186 4572 1435 4633 peccato,
1492 4563 1722 4618 omnino
1756 4573 1972 4634 oportet
2024 4572 2081 4617 ut
2117 4568 2299 4620 omnis
2328 4568 2580 4636 spiritus,
2632 4570 2725 4639 qui
2775 4571 2830 4624 in
2880 4573 3081 4625 saecqu
3139 4575 3232 4627 illo
3290 4577 3413 4638 erit,
3476 4575 3673 4631 Domi-

401 4668 530 4706 num
566 4653 767 4707 laudet.

469 4746 618 4803 'l'aiis
645 4749 808 4818 igitur
835 4749 921 4802 via
953 4747 1021 4802 ad
1050 4746 1442 4802 beatitudinem
1472 4744 1847 4803 demonstrata
1877 4764 1977 4803 no-

392 4841 479 4896 bis
513 4850 617 4907 est,
646 4856 676 4895 a
712 4841 938 4899 sublimi
973 4841 1074 4894 hac
1105 4854 1227 4909 quae
1257 4849 1342 4895 est
1370 4839 1425 4894 in
1456 4837 1692 4895 Psalmis
1732 4840 1977 4910 philoso-

460 5022 506 5052 "
540 5020 737 5090 Philip.
774 5020 931 5085 11,10
1029 5021 1075 5054 ²²
1100 5017 1247 5075 Eccl.
1282 5036 1370 5077 xv.
1393 5020 1426 5074 9

476 5196 590 5265 (7(5)
625 5198 738 5265 Τῆς
767 5197 1089 5263 σάλπιγγος,
1123 5197 1209 5251 ed.

470 5267 587 5336 (77)
622 5268 910 5337 Γινομένη,
947 5266 1032 5321 ed.

469 5340 587 5402 (78)
619 5337 742 5399 Ὃν,
782 5338 870 5392 ed.

472 5408 586 5471 (79)
614 5408 687 5460 Τὸ
717 5406 841 5462 add.
875 5405 963 5461 ed.

467 5490 484 5549 ε
492 5479 581 5549 80)
613 5478 1058 5547 Ἐντεταγμέναι,
1095 5477 1180 5533 ed.

467 5548 582 5615 (81)
611 5549 722 5617 Τὴν
749 5562 859 5600 om.
890 5549 977 5601 ed.

473 5618 589 5689 (89.)
619 5619 675 5673 Ἀ
687 5617 878 5689 ρχαίαν
899 5632 1007 5671 om.
1039 5617 1124 5671 ed.

2166 4751 2233 4803 Ἠ
2272 4751 2370 4822 μὲν
2397 4747 2491 4805 οῦν
2522 4753 2640 4815 ὁδὸς
2668 4754 2805 4826 πρὸς
2832 4755 2894 4808 τὸ
2929 4759 3217 4828 μακάριον,
3258 4759 3483 4829 τοιαύτη
3515 4762 3674 4830 παρὰ

2083 4843 2185 4912 τῆς
2218 4843 2461 4914 μεγάλης
2507 4844 2711 4915 ταύτης
2742 4847 2839 4917 τῆς
2870 4846 2983 4918 (89)
3010 4850 3066 4902 ὲν
3103 4853 3215 4911 τοῖς
3242 4848 3481 4921 ψαλμοῖς
3519 4850 3676 4920 φιλο-

2161 5193 2277 5259 (83)
2306 5192 2418 5246 Καὶ
2448 5208 2559 5248 om.
2595 5210 2683 5248 eu.

2158 5264 2270 5401 (84;
2303 5263 2569 5332 Πολέμου,
2602 5267 2688 5316 ed.

2158 5333 2249 5400 (85
2299 5333 2687 5397 Ἀδιάλειπτος,

2157 5332 2270 5400 (85)
2299 5333 2687 5397 Ἀδιάλειπτος,
2710 5332 2796 5387 ed.

2159 5403 2270 5471 (86)
2309 5404 2367 5455 ὐ
2394 5418 2505 5457 om.
2534 5403 2622 5457 ed.

2158 5473 2271 5537 (87)
2314 5473 2373 5525 '0
2402 5473 2527 5527 add.
2561 5474 2649 5527 ed.

2157 5542 2269 5608 (88)
2300 5542 2524 5606 Πάντως
2556 5546 2589 5612 ἡ
2618 5542 2727 5607 διά,
2762 5541 2853 5598 ed.

2158 5612 2269 5683 (89)
2306 5613 2415 5683 Τῆς
2448 5628 2555 5667 oni.
2586 5614 2672 5668 ed.
