3838 6224
128 253 220 312 1ςῦ

1441 223 1446 228 ’
1505 247 1572 304 IN
1597 247 1930 306 PSALMOS.

3261 249 3364 306 486

130 367 302 436 σοφίας
337 368 470 436 ἡμῖν
509 365 798 438 ὑπεδείχθη
823 407 838 430 ,
881 367 970 421 ἀεὶ
1016 368 1152 438 πρὸς
1189 367 1252 420 τὸ
1285 365 1472 438 μεῖζόν
1499 383 1560 418 τε
1589 365 1684 419 καὶ

1803 367 1934 433 ibia,
1989 384 2110 440 quae
2167 385 2383 440 semper
2425 369 2490 423 ad
2541 370 2748 436 majora
2798 376 2853 422 et
2899 369 3094 422 altiora
3147 369 3366 421 virtutis

129 458 436 528 ὑψηλότερον
479 457 579 528 τῆς
614 460 706 510 ἐπὶ
751 457 848 529 τὴν
892 459 1092 529 ἀρετὴν
1145 460 1419 522 πολιτείας
1462 460 1680 513 ἐπεισά-

130 567 284 618 γουσα
313 549 420 619 (90)
460 550 582 612 τοὺς
607 549 694 602 διὰ
721 549 926 604 τούτων
971 551 1106 622 πρὸς
1137 555 1198 604 τὸ
1229 549 1363 620 ὓψος
1384 549 1679 620 ὁδηγουμὲ-

131 659 260 704 νους,
291 641 362 704 ὠς
387 643 450 695 ἄν
478 659 562 704 τις
589 641 674 693 ἐπ’
709 641 884 692 ἐκεῖνο
919 641 1100 711 φθάσῃ
1134 641 1193 694 τὸ
1233 643 1432 712 μέτρον
1455 645 1554 713 τῆς
1583 660 1684 712 μα-

132 735 455 805 καριότητος,
477 727 538 786 οῦ
565 733 626 786 τὸ
647 735 904 786 ἐπέκεινα
925 732 1046 786 οὔτε
1073 735 1240 804 ἡ(9ι)
1275 735 1484 788 διάνοια
1517 735 1685 805 χωρεῖ

135 828 438 895 στοχασμοῖς
477 841 584 877 τισι
619 827 714 877 καί⁸
761 823 1032 888 ὑπονοίαις
1067 825 1493 894 ἁναλογίσασθαι
1516 865 1529 888 ,
1562 825 1685 878 οὔτε

133 917 274 983 λόγος
301 915 366 967 δι’
397 915 686 968 ἀκολούθου
709 915 768 967 τὸ
803 915 1000 985 ἐφεξῆς
1031 915 1356 986 ἐξευρίσκει.
1399 917 1561 970 Ἀλλά
1593 917 1686 970 καὶ

135 1009 166 1076 ἡ
213 1007 321 1058 κατ’
363 1005 549 1057 ἐλπίδα
603 1003 812 1074 κίνησις
851 1007 884 1074 ἡ
929 1005 1204 1075 πανταχοῦ
1245 1007 1348 1076 τῆς
1394 1007 1688 1077 ἐπιθυμίας

137 1098 274 1168 ἡμῶν
323 1097 752 1168 προεξαλλομένη
782 1115 842 1149 τε
873 1098 966 1151 καὶ
1023 1099 1416 1169 προτρέχουσα,
1471 1099 1687 1153 ἐπειδὰν

138 1191 394 1260 ἐμπελὰσῃ
421 1193 533 1252 τοῖς
572 1189 932 1254 ἁνεικάστοις,
968 1190 1109 1259 ἀργὴ
1147 1193 1313 1260 μένει.
1350 1191 1423 1244 Τὸ
1461 1193 1519 1246 δὲ
1549 1193 1687 1263 ὑπὲρ

137 1281 296 1342 τοῦτο,
325 1283 568 1350 κρεῖττον
610 1281 643 1352 ἢ
693 1283 813 1336 κατ’
841 1282 1029 1335 ἐλπίδα
1076 1285 1240 1337 ἐστίν.
1293 1284 1382 1346 Ὠς
1421 1285 1512 1336 καὶ
1553 1285 1688 1353 αὐτὴ

138 1373 214 1426 διὰ
241 1376 331 1442 τῆς
361 1371 730 1444 θεωρηθείσης
757 1373 962 1437 τάξεως
1001 1375 1034 1444 ἡ
1071 1374 1212 1426 κατὰ
1245 1375 1344 1444 τὴν
1377 1375 1690 1444 ψαλμῳδίαν

145 1465 408 1534 φιλοσοφία
447 1464 808 1535 μαρτύρεται,
859 1462 968 1517 οἷόν
1003 1483 1123 1517 τινα
1152 1464 1320 1536 θύραν
1353 1465 1448 1517 καὶ
1490 1466 1692 1518 εἴσοδον

140 1559 188 1608 ἐν
228 1559 328 1618 τοῖς
367 1555 601 1626 πρώτοις
649 1557 758 1608 τῶν
795 1557 966 1624 λόγων
1008 1557 1102 1608 ἐπὶ
1128 1556 1220 1608 τὸν
1253 1556 1522 1627 μακάριον
1556 1555 1690 1624 βίον,

139 1649 223 1718 τὴν
247 1648 332 1701 τοῦ
379 1646 550 1702 κακοῦ
580 1648 926 1718 ἀναχώρησιν
963 1651 1095 1720 ἡμῖν
1137 1649 1492 1714 ὑπανοίξασα.
1523 1647 1693 1700 Τοῦτο

139 1741 232 1811 γὰρ
279 1741 330 1792 αί
373 1739 584 1810 πρῶται
625 1741 801 1807 φωναὶ
830 1741 928 1810 τῆς
956 1740 1279 1810 ψαλμῳδίας
1329 1739 1690 1802 διδάσκουσιν,

141 1831 292 1900 ἀρχὴν
333 1830 732 1900 μακαριότητος
759 1829 1047 1898 λέγουσαι,
1091 1831 1194 1900 τὴν
1243 1829 1336 1882 τοῦ
1379 1830 1553 1882 κακοῦ
1603 1829 1696 1882 ἀλ-

141 1919 420 1989 λοτρίωσιν.
479 1915 613 1974 Εἶτα
663 1921 762 1991 τὴν
813 1923 878 1974 ὲκ
946 1921 1040 1973 τοῦ
1097 1920 1264 1990 νόμου
1331 1921 1696 1991 χειραγωγίαν

141 2015 237 2072 τοῖς
299 2011 674 2081 πλανωμένοις
745 2011 1110 2082 προτείνασα,
1177 2013 1270 2082 τήν
1332 2029 1390 2064 τε
1444 2012 1579 2082 πρὸς
1636 2011 1696 2064 τὸ

141 2101 360 2164 ἀειθαλὲς
403 2102 560 2167 ξύλον
586 2103 844 2172 ὁμοίωσιν
872 2102 959 2155 διὰ
1006 2102 1102 2154 τοῦ
1147 2101 1388 2154 τοιούτου
1426 2101 1536 2170 βίου
1569 2103 1700 2154 ὑπο-

143 2191 376 2260 σχομένη.
407 2193 502 2262 καὶ
547 2193 615 2246 τὰ
648 2193 946 2264 σκυθρωπὰ
971 2193 1078 2246 τῶν
1103 2193 1197 2264 τὴν
1225 2194 1474 2247 ἐναντίαν
1504 2211 1700 2265 τρεπο-

145 2281 298 2349 μένων
334 2283 450 2336 ὁδὸν
479 2284 828 2350 ὑποδείξασα,
881 2285 970 2338 διὰ
998 2286 1104 2339 τῶν
1143 2289 1342 2357 ἐφεξῆς
1383 2289 1700 2342 ἀναϐάσεων

143 2375 260 2444 πρὸς
283 2375 338 2428 τὺ
367 2377 670 2445 ἀκρότατον
707 2381 828 2448 ἄγει
859 2380 952 2433 τοῦ
985 2381 1330 2452 μακαρισμοῦ
1357 2383 1446 2434 τὸν
1485 2384 1549 2452 τῇ
1590 2398 1702 2451 χει-

145 2469 368 2538 ραγωγίᾳ
401 2470 575 2541 ταύτῃ
605 2471 888 2541 ἑπόμενον.
925 2473 1094 2525 Τοῦτο
1117 2475 1224 2544 γάρ
1257 2490 1337 2525 σοι
1366 2474 1701 2526 ἐνδείκνυται

143 2559 170 2626 ή
199 2557 282 2610 τοῦ
307 2561 616 2614 τελευταίου
645 2563 862 2633 ψαλμοῦ
893 2563 1123 2625 διάνοια,
1154 2567 1210 2616 ἐν
1321 2566 1456 2635 μετὰ
1485 2567 1575 2620 τὸν
1600 2566 1704 2635 τῆς

145 2649 319 2712 κακίας
349 2653 588 2723 παντελῆ
624 2655 928 2725 ἀφανισμὸν
969 2658 1146 2711 πάντα
1173 2657 1282 2728 (92)
1314 2661 1372 2711 ἐν
1402 2661 1514 2722 τοῖς
1555 2654 1704 2712 οὖσιν

145 2739 258 2805 ᾰγια
277 2741 552 2808 ἔσται,καὶ
582 2746 762 2799 πάντα
806 2747 942 2816 πρὸς
967 2748 1058 2800 τὸν
1099 2744 1248 2801 αἶνον
1276 2749 1369 2802 τοῦ
1405 2750 1542 2802 Θεοῦ
1569 2767 1704 2819 συμ-

145 2836 381 2903 φωνήσει,
414 2837 500 2888 ἐπ¹
529 2837 653 2906 ῐσης
673 2839 730 2889 ἐν
758 2837 835 2907 τῷ
858 2839 1068 2911 στερρῷ
1092 2840 1201 2910 (95)
1226 2841 1324 2910 τῆς
1346 2841 1622 2910 δυνάμεως
1645 2842 1706 2893 τὸ

146 2923 261 2993 πρδς
295 2925 390 2996 τὴν
423 2928 625 2980 κακίαν
651 2928 918 2998 ἄτρεπτον
953 2931 1343 3000 προσλαϐόντα,
1383 2934 1477 2986 καὶ
1507 2935 1572 3004 τῇ
1607 2950 1706 3002 με-

1781 463 1962 516 studia
1997 478 2094 518 eos
2144 462 2402 526 traducit,
2451 460 2544 530 qui
2589 461 2654 514 ad
2699 459 3052 530 perfectionis
3087 457 3369 526 fastigium

1783 555 1906 624 ejus
1934 556 2197 624 auspiciis
2227 555 2360 608 eniti
2393 554 2713 613 moliuntur,
2756 561 2815 604 ut
2847 551 2914 604 ad
2951 553 3102 606 illum
3133 550 3370 606 beatitu-

1785 647 1932 700 dinis
1963 654 2166 701 statum
2195 653 2249 699 et
2281 645 2498 698 modum
2525 645 2690 698 homo
2714 644 2986 713 pertingat
3005 643 3174 707 ,ultra
3207 657 3367 710 quem

1786 737 2104 807 cogitationi
2131 745 2353 800 nostrae,
2383 752 2452 790 ne
2478 735 2814 803 conjecturis
2839 735 3060 804 quidem
3093 735 3367 802 aliquibus

1787 837 1841 884 et
1873 829 2286 900 suspicionibus
2319 827 2571 898 progredi
2617 827 2783 892 licet;
2815 837 2870 880 et
2913 826 2965 878 in
3007 840 3114 894 quo
3137 826 3188 878 id
3221 823 3366 893 quod

1789 921 1927 974 ultra
1955 929 2060 984 est,
2095 935 2252 975 mens
2280 935 2458 988 neque
2487 919 2892 978 ratiocinando,
2927 919 3271 986 alterumque
3301 931 3370 970 ex

1789 1014 1962 1067 altero
1985 1012 2288 1082 colligendo
2321 1011 2521 1078 reperit
2549 1025 2562 1060 :
2589 1010 2683 1064 sed
2715 1019 2768 1064 et
2800 1011 2912 1078 spei
2949 1020 3146 1062 nostra:
3179 1007 3366 1069 motio,

1789 1117 1911 1172 qua:
1947 1101 2145 1170 ubique
2185 1099 2440 1156 desiderii
2473 1101 2650 1154 nostri
2685 1099 2967 1153 antevenit
2997 1105 3050 1150 et
3083 1095 3370 1166 praecurrit

1791 1209 2035 1257 cursum,
2065 1205 2355 1264 postquam
2390 1195 2442 1248 in
2473 1195 2561 1247 illa
2591 1191 2810 1255 incidit,
2842 1206 2964 1260 qua:
2999 1191 3144 1244 nulla
3176 1187 3370 1242 simili-

1791 1285 1979 1340 tudine
2001 1287 2230 1355 exprimi
2253 1293 2482 1354 queunt,
2513 1286 2736 1355 fatigata
2761 1291 2978 1348 cessat;
3005 1297 3128 1335 nam
3147 1281 3202 1332 id
3225 1279 3369 1348 quod

1792 1395 1958 1450 supra
1989 1379 2118 1432 illud
2152 1386 2255 1442 est,
2281 1377 2428 1430 omni
2470 1392 2565 1447 spe
2592 1377 2786 1431 melius
2814 1383 2920 1440 est,
2957 1375 3100 1444 quod
3131 1373 3372 1427 Psalmo-

1795 1487 1912 1524 rum
1941 1471 2212 1534 doctrina,
2261 1470 2380 1539 ipsa
2415 1469 2800 1538 dispositione,
2836 1468 2903 1522 de
2949 1482 3054 1536 qua
3103 1467 3370 1519 hactenus

1793 1559 2178 1622 disseruimus,
2207 1566 2468 1613 testatum
2495 1557 2642 1620 facit,
2673 1573 2793 1627 qua:
2816 1557 2917 1612 sub
2949 1557 3162 1610 initium
3193 1569 3374 1608 reces-

1797 1667 1916 1706 sum
1962 1667 1992 1704 a
2047 1651 2210 1713 malo,
2261 1651 2417 1719 quasi
2465 1657 2654 1719 aperto
2694 1649 2859 1712 ostio,
2913 1657 2968 1702 et
3005 1646 3279 1718 patefacto
3306 1645 3374 1698 ad

1725 1717 1766 1770 Β
1797 1743 2188 1796 beatitudinem
2214 1717 2386 1807 aditu,
2409 1717 2694 1795 constituit
2719 1741 2935 1811 (primis
2965 1717 3110 1794 enim
3137 1738 3376 1793 Psalmo-

1797 1849 1918 1886 rum
1943 1833 2124 1887 verbis
2150 1835 2417 1886 asseritur
2445 1831 2808 1886 beatitudinis
2843 1831 3170 1901 principium
3199 1845 3378 1898 segre-

1797 1925 1944 1994 gatio
2003 1939 2032 1976 a
2081 1923 2352 1994 malitia),
2422 1923 2696 1992 simulque
2740 1922 3052 1976 errantibus
3095 1936 3252 1990 opem
3309 1935 3376 1974 ex

1801 2017 1934 2083 lege,
1980 2016 2140 2084 quasi
2171 2031 2333 2069 manu
2394 2023 2618 2070 extensa
2669 2015 3046 2078 demonstrat;
3105 2013 3375 2082 promissa

1799 2119 1895 2174 per
1927 2105 2241 2174 hujusmodi
2286 2107 2455 2160 vitam
2489 2105 2848 2159 similitudine
2884 2120 3007 2158 cum
3050 2119 3266 2172 semper
3293 2105 3374 2156 vi-

1801 2205 1952 2250 rente
1971 2197 2150 2266 liguo;
2175 2213 2473 2266 eorumque
2498 2199 2590 2266 qui
2620 2199 2896 2252 contraria
2917 2197 3243 2268 gradiuntur
3265 2198 3374 2259 via,

1802 2287 2229 2342 adversitatibus
2264 2289 2334 2342 ob
2380 2287 2570 2342 oculos
2601 2287 2831 2357 positis,
2893 2302 2986 2356 per
3018 2285 3218 2354 gradus
3257 2300 3378 2338 sese

1803 2387 1994 2434 mutuo
2045 2387 2449 2449 consequentes
2523 2379 2589 2432 ad
2645 2393 2960 2448 supremum
3021 2377 3380 2432 beatitudinis

1803 2475 2022 2528 culmen
2054 2489 2177 2527 eum
2208 2473 2377 2538 ducit,
2405 2473 2496 2542 qui
2535 2473 2676 2526 hanc
2709 2471 3191 2525 manuductionem
3226 2472 3378 2540 sequi

1804 2565 2098 2620 desiderat.
2158 2565 2274 2620 Hoc
2315 2565 2462 2619 enim
2509 2570 2670 2618 docet
2705 2573 2758 2617 te
2807 2563 2982 2616 ultimi
3013 2560 3212 2616 Psalmi
3256 2575 3382 2614 sen—

1804 2658 1993 2722 tentia,
2028 2657 2082 2710 in
2116 2671 2226 2726 quo
2255 2655 2498 2725 peccatis
2529 2655 2749 2724 penitus
2781 2653 3022 2714 abolitis,
3056 2653 3237 2706 omnia
3261 2666 3384 2720 quae

1805 2752 2078 2806 exsistunt
2129 2758 2318 2804 sancta
2365 2759 2550 2810 erunt,
2609 2757 2664 2802 et
2693 2747 2877 2800 omnia
2925 2745 2993 2798 ad
3039 2745 3254 2798 laudem
3289 2743 3380 2798 Dei

1808 2839 2257 2901 concordabunt;
2317 2853 2439 2906 qua:
2491 2845 2609 2891 laus
2639 2836 2923 2905 aequaliter
2954 2833 3010 2887 in
3041 2833 3384 2885 {irritamento

1807 2933 2048 2994 virtutis,
2091 2939 2145 2985 et
2173 2929 2668 2983 immutabilitatem
2701 2929 2768 2982 ad
2801 2927 3004 2980 malum
3037 2923 3301 2986 continet,
3330 2931 3386 2975 et

144 3015 406 3106 γαλωσύνῃ
434 3017 603 3072 αὐτοῦ
658 3020 748 3072 τὸν
784 3020 1027 3092 εὔφημον
1063 3019 1196 3094 ἦχον
1233 3019 1345 3078 οἷόν
1389 3041 1494 3078 τινι
1532 3041 1700 3094 μεγα-

1810 3022 2230 3093 magniﬁcentiae
2254 3035 2367 3076 sua:
2391 3027 2641 3074 nostrum
2661 3032 2854 3072 sonum
2877 3017 3025 3070 velut
3046 3029 3264 3070 canorae
3278 3013 3390 3067 cui-

145 3105 343 3178 λοφώνῳ
371 3111 641 3178 σάλπιγγι
675 3111 1088 3180 συνεπαίροντα.
1140 3113 1308 3166 Ὅταν
1343 3116 1420 3177 είς
1453 3113 1580 3183 μίαν
1614 3130 1706 3182 χο-

148 3200 408 3266 ροστασίαν
441 3201 794 3272 συναρμοσθῇ
838 3204 990 3256 πᾶσα
1017 3205 1049 3273 ἡ
1085 3203 1279 3266 κτίσις,
1313 3203 1421 3256 τῶν
1450 3222 1509 3258 τε
1540 3205 1707 3275 ὑπερ-

145 3292 406 3361 κειμένων,
433 3295 544 3348 τῶν
575 3312 635 3348 τε
668 3295 1082 3366 ὑποϐεϐηκὸτων
1117 3297 1392 3362 ἁπάντων,
1437 3299 1534 3351 καὶ
1565 3316 1631 3352 κυ
1642 3317 1709 3368 μ-

145 3381 290 3436 δαλου
324 3385 478 3455 δίκην
510 3389 546 3456 ἡ
574 3387 738 3458 νοητὴ
767 3388 972 3452 κτίσις,
1017 3387 1112 3440 καὶ
1151 3389 1185 3452 ἠ
1214 3387 1308 3441 νῦν
1341 3388 1407 3440 δι’
1433 3389 1706 3460 ἁμαρτίας

150 3477 506 3548 μεμερισμένη
528 3519 543 3542 ,
575 3480 670 3532 καὶ
697 3480 963 3532 διεστῶσα
998 3479 1088 3533 τδν
1121 3479 1325 3547 ἀγαθὸν
1351 3475 1483 3551 ἦχον
1515 3481 1580 3533 ἐκ
1611 3484 1709 3551 τῆς

147 3565 398 3638 ἡμετέρας
427 3569 748 3638 συμφωνίας
773 3569 1111 3627 ἀποτελέσει.
1137 3571 1306 3623 Ὅταν
1328 3570 1610 3643 συνδράμῃ
1633 3571 1710 3641 τῷ

149 3658 400 3729 ἀγγελικῷ
430 3661 492 3712 τὸ
524 3659 809 3731 ἡμέτερον·
853 3661 946 3713 καὶ
979 3661 1321 3715 ἀναλαϐοῦσα
1357 3662 1467 3730 (94)
1511 3663 1711 3732 ἑαυτὴν

150 3749 206 3801 ἐκ
225 3751 314 3820 τῆς
339 3752 659 3822 συγχύσεως
678 3754 711 3822 ἡ
736 3752 855 3806 θεία
876 3753 1200 3823 παράταξις,
1225 3754 1316 3806 ἐπὶ
1334 3753 1412 3824 τῷ
1433 3753 1578 3824 φόνῳ
1598 3754 1712 3823 (95)

151 3838 243 3890 τῶν
269 3841 543 3912 πολεμίων
571 3841 826 3906 ἀλαλάεει
856 3842 934 3913 τῷ
959 3843 1301 3914 τροπαιούχῳ
1327 3843 1386 3896 τὸ
1423 3845 1708 3897 ἐπινίκιον.

153 3931 268 3986 Τότε
291 3935 493 4002 γίνεται
524 3934 705 4005 πάσης
735 3933 904 4004 πνοῆς
925 3935 954 3986 ὁ
974 3931 1121 3999 αἶνος
1152 3937 1231 3998 είς
1260 3937 1345 3988 ἀεὶ
1377 3937 1714 4006 παρατείνων

151 4025 237 4095 τὴν
267 4028 440 4096 χᾱριν,
483 4029 582 4082 καὶ
609 4027 678 4080 δι’
723 4027 1004 4096 αὐξήσεως
1041 4028 1350 4090 πλεονάζων
1381 4031 1460 4091 εἰς
1499 4029 1558 4083 τὸ
1599 4029 1716 4099 διη-

310 4119 368 4170 τὺ
401 4119 696 4190 μακάριον,
737 4120 910 4172 ἐκεῖνο
947 4119 1090 4186 λέγω
1116 4119 1177 4172 τὸ
1217 4119 1383 4183 ὅντως
1424 4121 1712 4190 μακάριονο

154 4211 227 4278 ἐφ’
253 4208 308 4263 οῦ
341 4213 502 4282 ἀργεῖ
549 4213 648 4282 μὲν
668 4213 710 4282 ἡ
736 4211 1062 4282 στοχαστικὴ
1093 4229 1158 4263 πε
1168 4213 1220 4282 ρὶ
1245 4211 1342 4282 τὴν
1376 4212 1575 4280 γνῶσιν
1599 4213 1714 4266 διά-

153 4319 276 4369 νοια,
316 4305 473 4375 ἀργεῖ
505 4305 564 4358 δὲ
595 4305 689 4357 καὶ
719 4305 752 4374 ἡ
792 4305 1078 4374 ὲλπιστικὴ
1104 4303 1259 4374 ήμῶν
1284 4305 1552 4376 ἐνέργεια.
1591 4308 1716 4360 Δια-

1812 3112 1936 3166 dam
1993 3111 2140 3165 tubae
2191 3111 2516 3173 consociat;
2567 3106 2790 3177 quando
2835 3106 2889 3160 in
2932 3119 3100 3158 unum
3159 3104 3388 3157 chorum

1810 3202 2083 3258 coalescet
2105 3201 2286 3255 omnis
2310 3209 2586 3260 creatura,
2617 3197 2841 3252 inferior
2859 3205 2912 3252 et
2934 3194 3216 3266 superior;
3237 3209 3389 3248 cum-

1811 3310 1916 3366 que
1947 3293 2186 3366 cymbali
2229 3295 2426 3358 instar,
2476 3289 2868 3344 intellectualis
2918 3295 3137 3352 natura,
3177 3294 3232 3341 et
3268 3300 3392 3356 quae

1811 3401 1958 3440 nunc
1981 3399 2080 3455 per
2115 3395 2394 3454 peccatum
2438 3381 2714 3450 disjnncta
2755 3379 3204 3448 est,_jucundum
3235 3377 3388 3430 illum

1814 3493 2010 3534 sonum
2053 3493 2119 3531 ex
2173 3484 2362 3530 mutua
2396 3475 2719 3544 symphonia
2766 3472 3124 3527 resultantem
3161 3467 3390 3532 eﬂiciet;

1813 3570 2034 3640 quando
2063 3577 2252 3622 nostra
2299 3577 2494 3620 natura
2523 3579 2648 3618 cum
2680 3563 2924 3633 angelica
2956 3561 3267 3623 conveniet,
3304 3559 3392 3612 di-

1812 3663 2086 3731 vinusque
2125 3659 2398 3714 exercitus
2445 3641 2508 3712 ex
2564 3657 2670 3712 ista
2716 3653 3039 3708 confusione
3081 3658 3392 3716 revocatus,

1815 3754 1992 3822 palam
2017 3761 2071 3808 et
2103 3752 2158 3805 in
2206 3759 2501 3818 conspectu
2545 3748 2782 3802 hostium
2833 3745 3127 3816 epinicium
3163 3743 3394 3797 Domino

1815 3845 2008 3898 victori
2038 3852 2217 3898 canet.
2269 3841 2426 3896 Tunc
2460 3840 2640 3896 omnis
2690 3839 2919 3907 spiritus
2953 3836 3243 3890 Dominum
3276 3835 3393 3886 lau-

1813 3935 2003 3990 dabit:
2036 3951 2158 4006 qua:
2185 3937 2305 3989 laus
2339 3935 2568 4004 gratiam
2609 3931 2700 3987 Dei
2737 3939 2998 3999 perpetuo
3029 3933 3392 3995 repraesenta-

1815 4026 1917 4090 bit,
1949 4035 2004 4082 et
2036 4028 2373 4081 incremento
2399 4024 2624 4094 perenni
2653 4020 3042 4076 beatitudinem
3079 4017 3392 4086 adaugebit.

1817 4119 1966 4173 illam
1997 4119 2120 4173 dico
2153 4117 2566 4179 beatitudinem,
2618 4129 2740 4183 qua:
2787 4125 2916 4166 vere
2967 4107 3251 4164 beatitudo
3279 4115 3392 4170 est;

1818 4227 1981 4281 quam
2031 4211 2078 4266 si
2115 4209 2433 4277 conjectura
2482 4208 2700 4277 assequi
2755 4206 2912 4268 velis,
2957 4203 3182 4270 languet
3226 4199 3390 4262 ratio,

1819 4306 2039 4375 languet
2067 4313 2121 4359 et
2149 4307 2263 4375 ipsa
2293 4319 2416 4373 quae
2449 4304 2502 4357 in
2537 4301 2692 4355 nobis
2721 4305 2824 4362 est,
2843 4295 3100 4366 sperandi
3135 4291 3390 4346 facultas.

153 4391 343 4462 δέχεται
373 4394 430 4447 δὲ
461 4393 574 4464 (96)
607 4395 640 4464 ἡ
684 4395 922 4465 ἄρρητός
966 4411 1025 4446 τε
1063 4395 1156 4447 καὶ
1194 4394 1584 4465 ἁκατανόητος.
1621 4397 1700 4448 κα¹

1823 4397 2080 4450 Succedit
2107 4411 2238 4450 vero
2265 4396 2354 4449 ille
2391 4392 2683 4448 ineﬂ‘abilis
2715 4399 2770 4445 et
2802 4384 3395 4457 incomprehensibilis,

157 4485 315 4551 πάσης
344 4489 592 4557 κρεῖττον
625 4485 736 4556 (97)
764 4486 998 4546 διανοίας
1023 4487 1378 4551 κατάστασις,
1433 4507 1450 4538 ι
1492 4489 1558 4559 ἣν
1589 4487 1715 4542 οὔτε

155 4579 406 4650 ὀφθαλμὸς
433 4575 728 4642 εἷδεν,ούτε
753 4571 843 4638 οῦς
869 4579 1117 4646 ἡκουσεν,
1171 4599 1189 4628 ο
1237 4576 1360 4630 οῦτε
1400 4577 1714 4648 ἀνθρωπίνη

155 4672 332 4742 καρδία
347 4671 647 4742 ἐχώρησεν.
675 4669 830 4722 Οὕτω
850 4670 956 4741 γὰρ
975 4669 1210 4740 ὡρίσατο
1231 4669 1296 4722 τὰ
1319 4669 1497 4737 ἀγαθὰ
1511 4670 1581 4724 τὰ
1607 4670 1715 4742 (98)

159 4761 210 4814 ἐν
223 4761 296 4834 τῷ
319 4761 582 4833 ἁγιασμῷ
620 4761 957 4832 ἀποκείμενα
985 4761 1012 4812 ὁ
1042 4759 1183 4824 Θεῖος
1217 4755 1560 4821 Ἀπόστολος.

221 4961 264 4994 ’⁸
293 4959 308 5014 I
337 4959 466 5016 Cor.
495 4975 560 5024 ιι,
589 4961 644 5015 9.

222 5158 330 5226 (90)
357 5157 782 5224 Ἐπεισάγουσα,
809 5157 896 5211 ed.

225 5229 326 5296 (91)
377 5230 442 5282 Ἡ
476 5243 587 5282 om.
622 5227 712 5282 ed.

227 5294 330 5366 (9‘2)
363 5297 560 5353 Omnia
591 5299 759 5351 verba
775 5296 844 5352 ad
865 5295 954 5350 τὸν
982 5311 1093 5350 om.
1117 5294 1206 5350 ed.

225 5365 330 5434 (93)
361 5369 505 5439 Ιῐρὸς
527 5368 590 5420 τὸ
613 5369 842 5438 στερρὸν
861 5368 1080 5439 aliquot
1099 5365 1262 5421 codd.

229 5439 332 5513 (94)
361 5437 779 5502 καταλαϐοῦσα,
811 5437 898 5494 ed.

1823 4495 1879 4542 et
1906 4487 2054 4542 omni
2104 4487 2436 4557 cogitatione
2477 4483 2672 4538 melior
2720 4489 2918 4545 status,
2953 4493 3115 4549 quem
3173 4495 3192 4527 ι
3221 4490 3398 4543 neque.

1824 4581 2019 4634 oculus
2057 4579 2214 4642 vidit,
2247 4593 2424 4648 neque
2453 4577 2601 4630 auris
2633 4573 2868 4636 audivit,
2900 4592 2918 4624 ι
2962 4585 3138 4639 neque
3159 4569 3396 4622 humana

1827 4687 1980 4726 mens
2017 4671 2340 4742 percepit“.
2391 4668 2483 4725 Sic
2530 4670 2674 4725 enim
2720 4666 2966 4722 deﬁnivit
2999 4663 3216 4719 divinus
3249 4663 3398 4729 Apu-

1827 4763 2000 4818 stolus
2023 4763 2166 4816 bona
2205 4767 2262 4816 in
2299 4761 2652 4817 sanctissimo
2687 4758 2780 4813 illo
2811 4763 2954 4812 statu
2986 4753 3243 4825 reposita.

1900 5153 2013 5226 (95)
2042 5150 2283 5226 φανερῷ,
2313 5150 2403 5206 ed.

1902 5223 2014 5296 (96)
2047 5223 2178 5296 Καί,
2208 5223 2294 5275 ed.

1901 5290 1919 5358 (
1924 5295 2012 5364 97)
2041 5294 2340 5364 Κρείττων,
2374 5290 2462 5344 ed.

1902 5358 2013 5438 (98)
2041 5358 2246 5433 Ἀγαθὰ
2270 5361 2340 5416 τὰ
2363 5375 2471 5414 om.
2508 5358 2596 5413 ed.
