3838 6224
168 266 264 336 493
1556 289 1624 347 lN
1657 290 1994 350 PSALMOS.
3292 278 3394 334 ‘9‘

170 406 244 460 ρει
282 387 370 443 ὠν
396 390 642 465 ,ἀθλητήν
670 409 683 422 ·
731 392 827 461 τὴν
873 395 1012 465 μετὰ
1063 397 1125 451 τὸ
1168 400 1340 472 πέρας
1381 402 1489 456 τῶν
1543 406 1720 459 πόνων

1829 407 1988 462 ticum
2021 420 2039 460 ι
2072 405 2356 462 instituere
2378 407 2433 457 et
2458 406 2676 460 canere,
2712 415 2729 447 ι
2773 395 2879 451 Pro
2908 395 3256 468 susceptione
3278 410 3397 451 ma-

169 480 518 551 ἐκδεχομένων
562 486 704 553 ήμᾶς
748 488 1104 557 χοροστασίαν
1159 492 1524 562 σημαίνουσα·
1577 496 1721 550 οὕτω

1829 496 2044 551 tutina:
2081 514 2100 549 ι
2130 502 2185 550 et
2211 504 2335 549 ante
2364 489 2553 546 oculos
2612 505 2632 537 ι
2666 494 2916 541 octavam
2954 506 2973 539 ι
3014 486 3214 542 habere
3235 523 3252 549 ,
3281 500 3303 537 ι
3340 495 3398 540 et

167 570 324 642 γὰρὴ
368 572 533 646 λέξις]
570 574 706 657 αὕτη
746 578 895 649 παρὰ
940 581 1049 632 τῶν
1078 582 1279 638 λοιπῶν
1310 588 1719 658 σεσαφήνισται,

1830 584 2085 642 «intueri
2137 582 2285 637 illam
2343 586 2466 650 quae
2517 580 3315 650 ltaareditatemconseQuitur,t
3340 588 3397 632 et

165 662 245 714 διὰ
271 665 480 732 χορείας
501 666 727 735 Μαελὲθ
756 669 1151 739 έρμηνεύουσα.
1188 674 1260 727 Τό
1300 693 1359 728 τε
1406 695 1426 727 ‹
1473 678 1617 748 Πρὸς
1652 679 1721 731 τὰ

1829 692 1847 723 ι
1873 679 1933 726 ut
1949 683 2103 729 extra
2118 669 2494 740 cognationem
2528 672 2670 726 (lore
2702 670 3018 741 migremus,
3044 670 3398 740 »61111³εηί6-

166 756 353 825 κρύφια
394 757 638 826 βλέπειν,
688 779 709 813 ι
755 764 846 816 καὶ
886 782 904 813 ‹
964 766 1134 833 ’Υπὲρ
1162 768 1253 820 τοῦ
1295 770 1575 841 ἀγαπητοῦ
1621 775 1720 841 τὴν

1829 777 1939 817 cam
1968 762 2114 814 illam
2146 761 2365 817 Davidis
2394 775 2602 828 vocem,
2630 780 2649 813 ι
2681 759 2757 817 Ne
2786 773 3109 831 corrumpas
3142 799 3157 825 ,
3189 776 3209 813 ι
3232 775 3393 831 quam

165 848 292 919 ᾠδὴν
321 850 602 912 ποιεῖσθαι,
634 872 653 904 ι
683 855 774 907 καὶ
824 870 843 906 ‹
878 856 1050 925 ’Υπὲρ
1091 858 1185 927 τῆς
1226 861 1454 931 ἑωθινῆς
1501 862 1717 929 ἀντιλήο

1829 852 1891 908 ad
1916 854 2242 923 armigerum
2266 868 2427 907 suum
2464 854 2530 907 ad
2551 853 2751 907 caedem
2788 853 2970 909 Saulis
3002 862 3249 908 ruentem
3274 866 3401 924 pro-

165 935 293 1003 ψεως
312 938 482 1007 ᾅδεινο
509 959 527 989 ι
548 940 641 993 καὶ
668 956 687 989 ι
716 940 813 1012 τὴν
846 944 1067 1013 Ὀγδὸην
1093 947 1197 1018 πρὸ
1209 946 1681 1017 ὁφθΜμῶνὲχειν,
1707 966 1724 998 ι

167 1029 277 1080 καις
294 1030 425 1099 πρὸς
437 1034 536 1103 τήν
554 1028 995 1100 κληρονομοῦσαν
1011 1035 1140 1104 όρᾷν
1162 1052 1180 1084 ι
1193 1071 1207 1090 ,
1223 1035 1317 1084 καὶ
1337 1046 1354 1077 ‹
1373 1032 1519 1092 ὅπως
1530 1032 1596 1085 ἂν
1618 1033 1723 1099 ἔξω

164 1119 250 1184 τῆς
278 1120 404 1189 πρὸς
432 1123 521 1173 τὸν
546 1122 690 1192 Κορὲ
717 1122 1034 1191 συγγενείας
1056 1122 1368 1192 γενοίμεθα,
1386 1143 1403 1174 ι
1426 1124 1525 1193 τήν
1544 1140 1602 1177 τε
1623 1142 1722 1195 με-

164 1208 318 1280 γάλην
344 1210 559 1282 ἐκείνην
595 1210 689 1264 τοῦ
723 1202 886 1266 Δαυῒδ
919 1212 1101 1282 φωνήν
1128 1213 1251 1283 τὴν,
1305 1230 1324 1264 ι
1362 1212 1454 1284 Μὴ
1475 1214 1719 1283 διαφθεί-

167 1318 315 1373 ρῃς,ι
368 1305 431 1373 ἢν
484 1305 620 1373 πρὸς
670 1304 762 1356 τὸν
816 1304 1163 1375 ὑπασπιστὴν
1209 1307 1531 1377 ἐποιήσατο,
1583 1307 1720 1377 πρὸς

164 1392 243 1443 τὸν
279 1391 383 1461 (29)
424 1392 598 1446 Σαοὺλ
635 1394 793 1462 φόνον
823 1395 1161 1465 ὁρμήσαντα,
1205 1395 1719 1467 ένστηλογραφηθῆ-

164 1500 241 1534 ναι
264 1483 367 1554 (⁸50)
396 1486 451 1536 ὲν
490 1488 557 1554 τῇ
594 1486 822 1538 ἑκάστου
852 1486 997 1556 ψυχῇ
1027 1486 1163 1557 πρὸς
1192 1487 1495 1556 ὑπόδειγμα
1526 1504 1722 1557 μακροι

1824 944 1968 1008 tulit,
2004 960 2111 1013 qua
2151 959 2438 1000 monemur
2484 946 2549 999 ad
2595 945 2869 1017 patientiae
2887 952 2944 1001 et
2972 945 3401 1016 longanimitatis

1822 1038 2160 1106 exemplum;
2205 1045 2259 1092 et
2304 1037 2469 1106 hujus
2520 1038 2737 1108 generis
2788 1038 3073 1108 complura
3126 1038 3256 1100 alia,
3303 1038 3398 1107 qui

1824 1130 2137 1184 accuratius
2178 1128 2513 1198 perpendere
2552 1128 2716 1192 v'olet,
2750 1130 2797 1183 is
2849 1128 3082 1184 libenter
3116 1129 3398 1192 fatebitur.

1825 1218 1959 1273 nihil
1988 1217 2134 1272 aliud
2163 1233 2306 1284 esse,
2334 1234 2498 1288 quam
2552 1219 2842 1274 athleticas
2862 1219 3128 1289 quasdam
3154 1220 3405 1275 cohorta-

1825 1311 2024 1373 tiones,
2063 1317 2118 1365 et
2154 1312 2547 1381 praeceptiones
2598 1311 2667 1366 ab
2696 1312 3030 1368 instructore
3076 1320 3131 1368 et
3180 1313 3405 1368 doctore

1826 1403 1893 1457 ad
1934 1403 2167 1459 athletas
2199 1409 2495 1474 profectas,
2547 1414 2609 1460 ut
2637 1414 2914 1475 speratum
2964 1406 3209 1462 victoria:
3238 1398 3400 1462 ﬁnem

1827 1507 2254 1565 consequantur.
2286 1496 2552 1552 Similiter
2583 1497 2630 1553 si
2660 1498 2791 1568 quid
2811 1514 2878 1555 ex
2899 1499 3131 1555 historia
3154 1499 3402 1556 additum

165 1572 361 1643 θυμίας,
401 1576 701 1648 συμϐάλλει
730 1579 758 1629 ό
802 1577 977 1645 λόγος.
1030 1579 1139 1632 Καὶ
1188 1579 1364 1632 πάντα
1392 1580 1463 1633 τὰ
1498 1580 1724 1634 τοιαῦτα

1830 1584 1901 1638 sit
1922 1587 2207 1652 vocabulo,
2232 1604 2250 1638 ι
2279 1586 2337 1641 1η
2366 1586 2551 1653 linem,
2584 1605 2604 1641 ι
2630 1590 2818 1644 eodem
2846 1590 3039 1657 tendil,
3068 1598 3127 1646 ut
3146 1588 3403 1646 vldeliret

163 1664 294 1742 εὖροι
323 1684 404 1730 τις
446 1667 513 1721 ἂν
554 1668 627 1721 δι’
672 1671 956 1739 ἀκριϐείας
1001 1670 1373 1740 σκοπούμενος
1395 1712 1408 1735 ,
1441 1672 1523 1725 ὅτι
1551 1672 1720 1742 ἀθλη-

1829 1690 2007 1729 rerum
2039 1689 2255 1747 quoque
2275 1686 2552 1748 gestarum
2582 1681 2847 1752 exemplis
2875 1691 2929 1738 et
2954 1656 3300 1739 documentis
3333 1682 3403 1736 ad

163 1757 293 1811 τικαί
337 1758 474 1822 τινές
520 1762 660 1813 εἰσιν
711 1761 1090 1831 ύποφωνήσεις
1139 1762 1291 1832 παρὰ
1315 1762 1409 1815 τοῦ
1448 1762 1723 1833 παιδοτρί·

1829 1768 2125 1822 certamina
2183 1769 2619 1825 corroboremur.
2674 1770 2742 1824 Et
2801 1772 2915 1827 haec
2968 1773 3185 1843 quidem
3252 1774 3406 1830 notio

163 1847 245 1899 ϐου
272 1850 399 1919 πρὸς
425 1852 552 1915 τοὺς
582 1852 824 1923 ἀθλητὰς
854 1854 1157 1923 γινόμεναι.
1193 1855 1342 1917 ὅπως
1369 1854 1435 1908 ἄν
1467 1870 1551 1917 τις
1587 1855 1722 1925 πρὸς

1829 1856 2075 1927 subjecta
2094 1866 2180 1914 est
2214 1860 2289 1914 illi
2314 1860 2544 1917 dictioni
2576 1880 2595 1913 ι
2634 1860 2692 1916 1η
2724 1864 2906 1920 finem.
2952 1883 2969 1914 ι

162 1942 214 1995 τὺ
261 1947 353 2015 τῆς
395 1946 549 2017 νίκης
600 1947 824 2015 φθάσειε
869 1949 1042 2011 τέλος.
1083 1948 1358 2011 Ὡσαύτως
1386 1949 1441 2002 δὲ
1485 1950 1580 2002 κα)⁸
1622 1949 1677 2003 εί
1714 1966 1768 2016 τι
1810 1952 1909 2022 τῆς
1963 1953 2200 2026 ἱστορίας
2257 1957 2829 2027 συμπαραγέγραπται
2874 1960 2941 2029 τῇ
2992 1977 3010 2011 ι
3054 1960 3149 2023 Εἰς
3186 1958 3338 2023 τέλος
3377 1976 3398 2010 ι

163 2041 315 2107 φωνῇ,
354 2040 489 2109 πρὸς
532 2040 667 2093 αὐτὸ
696 2041 851 2094 τοῦτο
883 2041 1090 2110 βλέπει,
1127 2043 1201 2105 ὡς
1233 2044 1299 2094 ἂν
1334 2040 1422 2095 διὰ
1458 2042 1567 2095 τῶν
1601 2045 1885 2113 ἱστορικῶν
1913 2046 2322 2118 ὑποδειγμάτων
2353 2050 2551 2120 μᾶλλον
2589 2053 2724 2124 πρὸς
2754 2053 2880 2117 τοὺς
2911 2053 3129 2121 ἀγῶνας
3166 2053 3405 2125 έπιρῤω-

164 2131 413 2201 σθείημεν.
449 2132 601 2203 Αὕτη
634 2134 732 2202 μὲν
761 2136 792 2204 ή
818 2154 836 2184 ι
865 2135 958 2197 Εἰς
986 2134 1135 2197 τέλος
1170 2155 1186 2185 ι
1222 2135 1445 2188 διάνοια.

668 2272 1064 2325 ΚΕΦΑΛΔΙΟΝ
1109 2272 1183 2325 Γ.

220 2409 431 2478 1ὶάλμδς
458 2409 515 2462 δὲ
549 2408 648 2462 καὶ
676 2408 808 2479 ᾠδὴ.
855 2409 950 2463 καὶ
997 2408 1227 2474 αίνεσις,
1272 2411 1365 2465 καὶ
1397 2410 1585 2482 ὕμνος,
1630 2412 1723 2464 καὶ

162 2503 434 2574 προσευχὴ.
468 2503 729 2573 τοιαύτην
758 2502 896 2572 πρὸς
919 2501 1126 2571 ἄλληλα
1166 2503 1266 2574 τὴν
1298 2503 1562 2577 διαφορὰν
1586 2505 1725 2574 ἔχει·

162 2596 363 2665 Ψαλμὸς
394 2594 491 2665 μὲν
523 2596 635 2665 γάρ
665 2596 844 2659 ἐστιν,
886 2595 920 2664 ή
961 2592 1050 2647 διὰ
1079 2595 1172 2647 τοῦ
1200 2594 1431 2667 ὀργάνου
1462 2594 1557 2650 τοῦ
1592 2613 1723 2667 μου-

166 2686 299 2739 σικοῦ
332 2685 566 2756 μελῳδία
593 2702 607 2715 ·
644 2685 754 2757 ᾠδὴ
780 2687 837 2739 δὲ
862 2688 895 2756 ή
922 2685 1011 2739 διὰ
1037 2687 1304 2758 στόματος
1334 2689 1598 2759 γενομένη
1626 2688 1721 2741 τοῦ

166 2780 337 2850 μέλους
376 2779 513 2850 μετὰ
556 2779 669 2833 τῶν
705 2780 817 2850 (51)
871 2779 1131 2851 ῥημάτων
1178 2779 1506 2851 ὲκφώνησις.
1560 2781 1624 2834 Ἦ
1666 2779 1725 2835 δὲ

164 2871 434 2944 προσευχὴ,
467 2872 725 2943 ἱκετηρία
757 2873 894 2932 ἐστὶ.
934 2873 1063 2943 περί
1096 2890 1239 2935 τινος
1276 2873 1384 2927 τῶν
1416 2874 1720 2944 συμφερόν-

163 2983 252 3018 των
281 2952 663 3037 προσαγομένη
690 2963 770 3034 τῷ
797 2964 908 3035 (52)
946 2963 1085 3034 Θεῷ.
1126 2965 1332 3035 ’Ύμνος
1360 2966 1417 3018 δὲ
1443 2968 1474 3031 ἡ
1500 2966 1591 3017 ἐπὶ
1608 2968 1721 3029 τοῖς

165 3055 475 3126 ὑπάρχουσιν
504 3058 644 3126 ήμῖν
692 3052 914 3122 ἀγαθοῖς
963 3054 1326 3125 ἁνατιθεμένη
1373 3056 1451 3125 τῷ
1483 3056 1603 3126 Θεῷ
1634 3057 1721 3108 εὑ-

165 3148 337 3217 φημία.
367 3144 523 3212 Αἶνος
547 3147 631 3211 δὲ,
676 3147 793 3217 ήτοι
822 3147 1025 3210 αἴνεσις
1060 3146 1275 3217 (ταύτὸν
1307 3148 1416 3217 γὰρ
1439 3149 1524 3200 ἐπ’
1545 3150 1723 3218 ἀμφο-

162 3239 314 3308 τέρων
343 3240 403 3293 τὸ
448 3238 907 3311 σημαινόμενον),
954 3239 1063 3291 τῶν
1095 3240 1253 3293 θείων
1287 3240 1580 3310 θαυμάτων
1625 3258 1721 3294 πε-

164 3330 312 3401 ριέχει
359 3331 446 3384 τὸν
494 3332 742 3384 ἔπαινον.
799 3331 933 3384 Οὐδὲ
977 3331 1092 3401 (55)
1138 3330 1246 3401 γὰρ
1289 3330 1419 3384 ἄλλο
1473 3332 1527 3384 τί
1572 3334 1719 3384 ἐστιν

162 3422 395 3484 ἔπαινος,
448 3424 497 3474 εί
549 3422 628 3493 μὴ
676 3421 773 3473 τοῦ
818 3420 968 3476 αἴνου
1019 3421 1291 3484 ἐπίτασις.
1342 3420 1609 3485 Πολλάκις
1664 3422 1721 3475 δὲ

160 3510 309 3563 ταῦτα
352 3512 603 3583 ἀλλήλοις
638 3513 697 3564 ὲν
723 3514 842 3575 ταῖς
886 3514 1219 3584 ἐπιγραφαῖς
1254 3512 1342 3565 διά
1368 3529 1513 3576 τινος
1556 3513 1719 3576 συζυ-

162 3601 266 3665 γίας
308 3603 698 3672 συμπλέκεται,
734 3603 874 3656 ὥστε
904 3603 962 3656 ἒν
1008 3604 1079 3657 τὰ
1116 3604 1210 3657 δύο
1238 3604 1325 3658 διὰ
1349 3605 1447 3675 τῆς
1482 3606 1725 3675 συμπλο-

164 3687 251 3757 κῆς
272 3691 537 3757 γενέσθαι.
563 3693 635 3745 ’Ἡ
668 3692 779 3764 γὰρ
803 3712 822 3743 ι
848 3693 1079 3763 Ψαλμὸς
1103 3693 1265 3763 ᾠδῆς,
1287 3711 1305 3744 ι
1341 3694 1373 3766 ἢ
1399 3712 1418 3744 ι
1443 3694 1566 3765 ᾮδὴ
1594 3694 1725 3763 ψαλ-

167 3780 273 3846 μοῦ,
298 3801 314 3833 ι
335 3782 366 3852 ἢ
386 3801 403 3833 ι
428 3784 517 3836 Ἐν
549 3783 740 3853 ὕμνοις
762 3783 998 3854 ψαλμὺς,
1022 3802 1041 3836 ι
1068 3784 1100 3854 ἦ
1136 3783 1321 3848 καθὼς
1359 3784 1417 3836 ὲν
1454 3784 1532 3854 τῷ
1567 3782 1725 3838 Ἀϐα-

166 3873 288 3942 κοῦμ
317 3875 741 3945 μεμαθήκαμεν,
780 3876 873 3929 καὶ
897 3893 917 3927 ι
952 3876 1231 3947 Προσευχὴ
1258 3877 1375 3946 μετ’
1406 3876 1571 3947 ᾠδῆς.
1610 3894 1630 3929 ι
1658 3876 1725 3929 Ἠ

163 3954 211 4011 δὲ
234 3960 443 4027 διάνοια,
473 3964 600 4018 καθ’
633 3966 700 4035 ήν
736 3966 871 4035 πρὸς
900 3965 1096 4037 ἀρετὴν
1121 3966 1464 4036 δδηγούμεθα
1487 3966 1591 4019 ὑπὸ
1616 3968 1725 4020 τῶν

164 4047 460 4119 ἐπιγραφῶν
486 4053 719 4116 τούτων,
751 4055 866 4107 ἐστὶ
897 4054 1142 4127 τοιαύτη*
1183 4056 1256 4108 Τὸ
1280 4055 1602 4127 ψαλτήριον,
1636 4056 1727 4128 δρα
1774 4046 1779 4049 ’

163 4140 307 4203 γανόν
330 4144 440 4194 ἐστι
479 4144 741 4213 μουσικὸν
772 4147 837 4197 ὲκ
860 4144 967 4198 τῶν
993 4144 1199 4199 ἄνωθεν
1227 4146 1408 4218 μερῶν
1433 4149 1533 4217 τῆς
1562 4164 1733 4202 κατα-

168 4230 341 4301 σκευῆς
368 4233 670 4290 ἀποτελοῦν
692 4234 781 4288 τὸν
798 4231 948 4306 ἦχον.
966 4237 1031 4290 Ἠ
1051 4238 1108 4290 δὲ
1130 4237 1222 4291 τοῦ
1243 4236 1482 4292 τοιούτου
1496 4239 1730 4310 ὀργάνου

168 4326 494 4395 μουσουργία,
536 4326 750 4397 ψαλμδς
788 4327 1026 4396 λέγεται.
1065 4330 1273 4383 Οὐκοῦν
1297 4331 1361 4382 ὲκ
1393 4330 1490 4384 τοῦ
1523 4332 1733 4401 σχήμα-

165 4429 241 4475 τος
266 4415 355 4485 τῆς
376 4419 725 4489 κατασκευῆς
753 4420 782 4472 ό
809 4422 1202 4491 προτρεπτικὸς
1235 4424 1314 4486 εἰς
1340 4422 1543 4494 ἀρετὴν
1572 4423 1732 4490 λόγος

166 4502 378 4572 ἔμφασιν
415 4509 551 4579 ἔχει.
584 4509 690 4562 Τὸν
726 4510 832 4580 γὰρ
862 4511 954 4564 σὺν
989 4511 1102 4581 βίον
1132 4512 1346 4583 ψαλμὸν
1379 4511 1519 4567 εἶναι
1552 4515 1734 4567 διακε-

165 4594 356 4651 )εύεται
377 4640 392 4661 ,
441 4602 517 4673 μὴ
560 4603 674 4664 τοῖς
715 4604 923 4672 γηῖνοις
968 4602 1222 4671 φθόγγοις
1264 4605 1694 4677 περιηχούμενον
1714 4610 1741 4636 ·“

166 4686 409 4758 φθόγγους
441 4692 499 4745 δέ
537 4710 681 4763 φημι
702 4692 767 4746 τὰ
798 4694 1046 4765 νοήματα
1066 4709 1080 4722 '
1117 4693 1252 4747 ἀλλὰ
1284 4696 1522 4766 καθαρόν
1546 4713 1604 4748 τε
1633 4698 1729 4750 καὶ

167 4776 465 4843 ἐξάκουστον
491 4785 558 4836 ὲκ
590 4783 700 4836 τῶν
733 4783 935 4837 ἄνωθέν
964 4802 1023 4837 τε
1054 4783 1149 4838 καὶ
1179 4787 1445 4855 οὐρανίων
1479 4787 1571 4839 τὸν
1595 4783 1728 4857 ἦχον

167 4866 615 4942 ἀπεργαζόμενον.
675 4873 829 4945 ’ῼδὴν
871 4872 928 4927 δὲ
960 4873 1289 4939 ἀκούσαντες
1312 4915 1326 4939 ,
1376 4875 1476 4945 τὴν
1508 4877 1635 4948 περὶ
1666 4874 1729 4929 τὺ

170 4962 467 5031 φαινόμενον
517 4965 936 5035 εὐσχημοσύνην
982 4966 1076 5018 τοῦ
1113 4964 1227 5036 βίου
1285 4967 1625 5037 μανθάνομεν
1656 4966 1727 5019 δι’

170 5049 482 5121 αἰνίγματος.
536 5055 748 5126 Ὥσπερ
777 5056 888 5126 γὰρ
921 5057 986 5109 ἐκ
1030 5055 1137 5109 τῶν
1169 5056 1442 5127 μουσικῶν
1480 5058 1727 5128 ὀργάνων

174 5137 311 5203 μόνος
337 5145 365 5194 ὁ
399 5140 535 5213 ἦχος
562 5145 663 5213 τῆς
694 5144 959 5215 μελῳδίας
988 5146 1316 5217 προσπίπτει
1346 5148 1467 5209 ταῖς
1510 5147 1724 5208 ἀκοαῖς,

172 5230 289 5283 αὐτὰ
316 5233 370 5287 δὲ
397 5236 465 5287 τὰ
495 5234 879 5306 μελῳδούμενα
906 5237 1126 5306 ῥήματα
1154 5237 1214 5290 οὐ
1240 5236 1585 5308 διαρθροῦται
1614 5241 1727 5299 τοῖς

171 5320 420 5391 φθόγγοις·
470 5328 531 5379 ὲν
569 5325 627 5379 δὲ
674 5330 739 5396 τῇ
771 5326 882 5395 ᾠδῇ
933 5327 992 5378 τὸ
1042 5328 1448 5397 συναμφότερον
1494 5328 1722 5395 γίνεται,

227 5471 268 5501 ’³
300 5468 597 5537 ﬂabat-.111,
618 5474 666 5526 1.

238 5602 341 5673 (Ξ9)
369 5606 475 5659 Τοῦ
508 5608 630 5662 add.
666 5608 753 5661 ed.

358 5676 891 5748 ξτηλογραφηθῆναι,
917 5678 1003 5733 ed.

229 5743 333 5812 (51)
359 5743 476 5799 Τῶν
495 5743 603 5802 om.
623 5743 735 5814 edL,
770 5743 883 5805 tum
914 5747 1272 5820 ὲπιφώνησις,
1304 5749 1393 5805 ed.

1745 3288 1790 3344 C

2432 2277 2661 2334 CAPUT
2702 2279 2791 2335 Ill.

1898 2411 1968 2465 At
2004 2413 2248 2481 psalmus
2274 2423 2330 2471 et
2358 2417 2652 2485 canticum,
2685 2427 2740 2475 ct
2769 2419 3032 2488 laudatio,
3055 2430 3110 2478 et
3142 2422 3400 2493 hymnus.

1827 2508 1886 2557 et
1912 2501 2091 2558 oratio
2111 2505 2205 2559 tali
2233 2504 2470 2576 quodam
2494 2506 2813 2565 discrimine
2843 2509 2987 2565 inter
3016 2525 3078 2567 se
3108 2510 3397 2567 dissident:

1827 2590 2081 2649 Psalmus
2108 2602 2194 2649 est
2221 2597 2519 2651 modulatio
2542 2612 2636 2666 per
2660 2597 3084 2654 instrumentum
3107 2600 3399 2655 musicum.

1832 2684 2120 2741 Canticum
2146 2695 2231 2742 est
2251 2688 2487 2757 prolatio
2515 2695 2734 2754 cantus,
2759 2704 2883 2744 cum
2905 2690 3087 2746 verbis
3121 2706 3215 2745 ore
3235 2690 3401 2745 facta.

1830 2774 2025 2831 Oratio
2061 2783 2147 2832 est
2176 2778 2504 2847 supplicatio
2537 2778 2607 2833 ad
2640 2776 2836 2843 Deum,
2869 2794 2970 2849 pro
3000 2794 3059 2835 re
3084 2780 3269 2851 aliqua
3307 2799 3405 2834 no-

1829 2865 1915 2921 bis
1944 2867 2297 2922 condncibili.
2328 2867 2574 2940 llymnus
2598 2877 2684 2926 est
2713 2869 3025 2926 benedictio
3047 2871 3259 2927 reddita
3293 2871 3406 2928 Deo

1829 2958 1901 3012 ob
1934 2957 2073 3013 bona
2103 2959 2263 3014 nobis
2301 2960 2564 3029 praestita.
2620 2959 2766 3015 Laus
2804 2977 2937 3017 vero
2982 2964 3098 3018 sive
3141 2963 3403 3027 laudatio,

1828 3048 1969 3103 idem
2015 3051 2163 3105 enim
2222 3052 2511 3121 utriusque
2553 3054 2921 3123 signiﬁcatum
2974 3062 3079 3118 est,
3132 3055 3406 3125 significat

1827 3138 2141 3193 divinorum
2177 3142 2513 3196 mirabilium
2551 3142 2997 3212 praedicationem
3031 3152 3086 3199 et
3121 3159 3405 3198 commen-

1827 3229 2137 3298 dationem;
2172 3246 2298 3285 nam
2327 3232 2587 3286 exaltatio
2635 3233 2688 3286 in
2718 3233 3015 3297 laudando,
3072 3234 3209 3290 nihil
3253 3235 3405 3291 aliud

1822 3328 1906 3375 est
1934 3334 2097 3390 quam
2125 3321 2300 3377 laudis
2328 3322 2575 3379 intentio.
2610 3321 2879 3379 Caterum
2924 3325 3041 3380 haec
3095 3340 3240 3393 saepe
3296 3324 3402 3380 sibi

1823 3419 2015 3467 mutuo
2046 3412 2102 3466 in
2144 3413 2593 3481 inscriptionibus
2623 3415 2772 3469 varia
2806 3415 3197 3485 conjunctione
3232 3431 3404 3487 c0pu-

1825 3501 2029 3563 lantur.
2062 3513 2121 3557 ut
2156 3505 2265 3558 duo
2313 3506 2655 3560 connexione
2682 3507 2737 3560 in
2758 3506 2901 3563 idem
2933 3508 3271 3564 coalescant.
3307 3507 3401 3563 Vel

1822 3597 1970 3652 enim
2003 3596 2229 3659 dicitur,
2270 3615 2289 3647 ι
2328 3596 2583 3653 Psalmus
2608 3598 2830 3663 cantici,
2867 3616 2889 3651 ι
2924 3599 3029 3662 vel.
3069 3617 3089 3652 ι
3116 3600 3402 3655 Canticum

1824 3687 2045 3756 psalmi,
2100 3705 2119 3737 ι
2153 3688 2259 3754 vel,
2308 3705 2329 3737 ι
2366 3686 2425 3741 ln
2457 3687 2678 3758 hymnis
2726 3688 2992 3757 psalmus,
3032 3708 3053 3741 ι
3105 3690 3212 3753 vel,
3250 3697 3305 3743 ut
3336 3705 3405 3744 ex

1826 3776 2081 3833 Habacuc
2136 3779 2183 3810 ³⁸
2245 3778 2536 3833 didicimus
2565 3815 2582 3842 ,
2638 3796 2656 3828 ι
2694 3777 2883 3833 Oratio
2924 3795 3052 3834 cum
3097 3782 3337 3835 cantico.
3378 3800 3399 3833 ο

1829 3867 2038 3923 Sensus
2076 3880 2233 3929 vero,
2282 3868 2376 3937 qui
2428 3881 2531 3924 nos
2566 3882 2664 3939 per
2707 3868 2844 3924 istas
2901 3868 3290 3941 inscriptiones
3337 3874 3405 3928 ad

1830 3963 2085 4017 virtutem
2116 3960 2355 4025 deducit,
2383 3960 2654 4030 ejusmodi
2679 3970 2795 4016 est:
2821 3960 3143 4018 Psalterium
3177 3972 3261 4019 est
3286 3976 3409 4020 mu-

1831 4053 2006 4109 sicum
2046 4051 2472 4105 instrumentum
2499 4050 2701 4121 {quod
2730 4066 2797 4105 ex
2833 4053 3208 4123 superioribus
3256 4061 3406 4110 stru-

1829 4156 1997 4199 cturae
2028 4158 2142 4199 suae
2187 4142 2433 4213 partibus
2465 4158 2657 4199 sonum
2689 4144 2841 4208 edit;
2884 4143 3161 4217 huiusque
3199 4146 3408 4202 instru-

1832 4235 1999 4290 menti
2024 4242 2349 4301 concentus,
2387 4235 2691 4305 appellatur
2726 4253 2745 4285 ι
2781 4236 3047 4305 psalmus.
3091 4254 3111 4289 ι
3160 4236 3303 4307 Ergo
3338 4253 3408 4294 ex

1832 4326 1951 4394 ipsa
1996 4325 2428 4380 constructionis
2471 4325 2669 4396 ﬁgura,
2722 4326 3082 4381 commonitio
3124 4328 3285 4383 nobis
3339 4328 3409 4384 ad

1830 4417 2090 4472 virtutem
2117 4416 2356 4482 exsistit,
2391 4432 2516 4471 cum
2560 4425 2708 4472 tuam
2743 4417 2907 4472 vitam
2951 4418 3081 4472 velit
3103 4434 3228 4474 esse
3263 4420 3410 4489 psan

1833 4524 2006 4572 mum,
2042 4523 2152 4563 non
2205 4510 2561 4564 terrestribus
2607 4510 2759 4566 sonis
2808 4521 3159 4566 resonantem
3190 4529 3205 4578 ;
3241 4528 3411 4568 sonos

1835 4604 2015 4651 autem
2044 4611 2179 4650 voco
2204 4597 2590 4666 cogitationes;
2618 4597 2711 4653 sed
2755 4598 2847 4667 qui
2883 4613 3079 4665 purum
3113 4601 3406 4655 exauditu-

1833 4702 1941 4757 que
1957 4685 2194 4751 facilem,
2224 4694 2279 4741 et
2309 4702 2376 4741 ex
2402 4687 2566 4743 rebus
2587 4688 2800 4757 superis
2821 4689 3250 4761 cmlestibusque
3275 4708 3409 4747 con-

1836 4786 2039 4834 textum
2064 4791 2259 4834 sonum
2284 4778 2500 4834 eﬂiciat.
2518 4779 2590 4832 At
2606 4795 2729 4834 cum
2748 4780 3001 4836 audimus
3018 4800 3037 4833 ι
3056 4784 3355 4846 canticum,
3382 4806 3402 4835 ο

1833 4868 2097 4924 docemur
2126 4869 2282 4938 quasi
2302 4868 2540 4939 quodam
2564 4870 2868 4932 involucro,
2901 4870 3026 4926 vitae
3061 4871 3408 4929 honestatem

1833 4961 1888 5015 in
1923 4961 2232 5015 actionibus
2278 4960 2484 5015 nostris
2526 4962 2890 5031 praestandam
2937 4977 3079 5018 esse.
3134 4962 3398 5030 Quemad-

1830 5052 2051 5106 modum
2078 5051 2225 5106 enim
2267 5066 2335 5105 ex
2368 5051 2596 5106 musicis
2646 5051 3025 5109 instrumentis
3068 5054 3219 5110 solus
3274 5071 3406 5111 con-

1829 5148 2022 5197 centus
2052 5141 2119 5195 ad
2146 5155 2311 5196 aures
2345 5140 2637 5209 allabitur;
2679 5142 2797 5212 ipsa
2830 5157 2961 5198 vero
3002 5143 3166 5199 verba
3205 5144 3408 5201 decan-

1827 5239 1941 5286 tata
1975 5248 2071 5303 per
2099 5246 2270 5287 sonos
2315 5232 2650 5287 articulatim
2690 5249 2800 5289 non
2845 5234 3297 5306 distinguuntur;
3350 5237 3405 5291 in

1828 5328 2043 5379 cantico
2097 5331 2280 5379 autem
2336 5333 2627 5394 utrumque
2672 5332 2797 5381 est:
2850 5334 3216 5383 concentuum
3250 5328 3405 5384 scili-

1900 5613 2009 5677 (52)
2036 5614 2125 5683 Τῷ
2154 5630 2258 5667 om.
2301 5615 2364 5666 ρει

1906 5682 2012 5745 ’55)
2037 5682 2221 5748 ούδέν,
2255 5702 2283 5739 c
2305 5696 2343 5739 ι.
