1919 3112
193 137 245 166 495

832 134 862 162 S.
882 133 1049 162 GREGORII
1068 133 1219 162 NYSSENI

1772 137 1821 164 496

192 200 235 223 cet
259 194 424 227 modulatio;
444 194 645 229 verborumque
662 193 704 222 vis
721 197 749 222 et
768 197 890 229 potestas
910 201 977 221 cum

1035 195 1080 222 καὶ
1094 196 1108 222 ὁ
1123 194 1172 222 τοῦ
1188 195 1286 231 μέλους
1302 194 1417 230 ῥυθμὸς,
1433 193 1480 220 καὶ
1500 193 1553 219 τῶν
1568 192 1699 229 ῥημάτων
1712 192 1730 228 ἡ
1743 192 1822 219 δύνα-

191 244 274 268 cantu
302 240 384 268 simul
408 240 574 268 articulatim
603 240 721 276 prolata,
748 247 830 275 quam
856 240 982 275 ignorare

191 293 305 314 necesse
317 289 370 320 est,
385 286 409 314 si
431 285 499 314 solis
517 286 708 314 instrumentis
727 285 842 313 musicis
863 285 981 313 melodia

191 332 368 360 instituatur:
381 331 471 360 simile
483 332 549 377 quid
567 332 632 364 illis,
645 332 692 367 qui
718 331 829 359 virtutis
845 331 980 359 exercita-

192 378 261 406 tioni
284 385 346 406 sese
357 377 471 410 dedunt,
500 378 640 405 indicatur
665 377 831 410 usuvenire;
855 377 980 404 nonnulli

191 423 277 455 enim,
304 423 352 458 qui
376 430 469 450 rerum
496 422 710 451 considerationi
730 427 758 450 et
779 422 981 457 investigationi

193 470 314 496 animum
329 468 478 505 adjiciunt;
493 469 577 496 vitam
601 468 709 504 quidem
726 475 788 495 cum
806 467 906 495 virtute
933 468 983 495 de-

193 519 277 550 gunt;
299 514 347 542 sed
380 515 465 549 ignoti
497 515 646 550 plerisque,
662 514 778 550 propriae
807 514 982 541 conscientiae

194 561 318 587 terminis
334 564 439 587 tantum
459 560 561 588 bonum
578 560 826 588 circumscribunt:
855 560 902 595 qui
917 568 982 588 vero

194 614 285 634 mores
300 614 409 641 quoque
422 614 488 634 suos
508 614 556 641 pro
575 607 680 634 viribus
703 610 777 634 recte
800 611 980 641 componunt,

193 652 232 679 illi
264 652 409 680 honestate
434 655 461 679 et
483 652 619 685 decentia,
636 651 665 678 in
689 651 724 679 iis
744 659 805 686 quae
829 655 980 687 apparent,

193 697 315 734 agendis,
333 697 407 725 velut
429 698 553 725 oratione
580 697 710 732 quadam,
726 698 789 724 vitae
816 697 982 725 convenien-

194 744 260 771 tiam
290 748 419 779 recteque
442 743 640 771 cout'ormatam
665 744 798 770 rationem
829 742 979 777 publicant.

194 789 309 823 Quando
319 790 404 825 igitur
420 797 468 825 per
479 790 535 817 haec
548 789 629 816 ambo
639 788 719 816 oﬂicii
733 787 803 815 ratio
815 788 896 816 nobis
912 795 981 815 con-

194 836 304 868 stiterit,
328 836 475 871 conjuncta
490 835 663 871 philosophia
674 835 731 866 illa,
748 841 809 870 quae
832 834 866 862 ad
890 841 981 862 mores

1037 249 1083 275 μις
1110 242 1127 276 ἡ
1153 240 1210 276 (54)
1233 239 1461 275 συνδιεξαγομένη
1489 239 1558 275 μετὰ
1580 238 1628 265 τοῦ
1652 238 1768 273 μέλους,
1791 240 1823 274 ἢν

1035 286 1191 320 ἀγνοεῖσθαι
1204 286 1281 313 πᾶσα
1297 285 1419 319 ἀνάγκη,
1445 285 1509 311 ὅταν
1530 284 1574 311 διὰ
1590 285 1677 319 μόνων
1692 284 1748 310 τῶν
1762 293 1825 319 μου-

1036 332 1120 358 σικῶν
1133 332 1256 368 ὀργάνων
1280 332 1296 366 ὴ
1324 331 1441 366 μελῳδία
1456 330 1585 365 γένηται·
1611 331 1681 357 οὕτω
1709 331 1757 357 καὶ
1780 331 1825 356 ἐπὶ

1034 378 1089 404 τῶν
1112 378 1162 412 τὴν
1185 377 1285 413 ἀρετὴν
1307 377 1452 412 μετιόντων
1469 375 1614 411 συμϐαίνει
1634 375 1702 410 (35).
1728 377 1760 402 οι
1777 375 1826 411 μὲν

1035 423 1090 458 γὰρ
1102 424 1136 458 τῇ
1151 422 1304 458 θεωρητικῇ
1321 431 1351 448 τε
1367 422 1414 449 καὶ
1426 422 1559 456 ὲποπτικῇ
1580 420 1635 447 τῶν
1650 421 1736 448 ὅντων
1749 421 1826 455 φιλο-

1036 469 1117 504 σοφίᾳ
1138 468 1184 495 τὸν
1207 468 1269 495 νοῦν
1294 468 1519 503 προσανέχοντες.
1535 467 1632 502 ἄδηλον
1644 468 1701 498 τοῖς
1718 467 1827 498 πολλοῖς

1035 514 1084 549 τὴν
1096 514 1196 549 ἀρετὴν
1211 513 1400 549 κατορθοῦσιν,
1416 514 1445 540 ὲν
1459 513 1498 548 τῷ
1512 513 1567 548 (56)
1581 513 1638 547 ἰδίῳ
1651 513 1784 539 συνειδότι
1796 512 1827 538 τὸ

1035 560 1136 594 ἀγαθὸν
1152 559 1367 591 κατακλείοντες·
1391 556 1432 590 οἷς
1453 558 1482 585 δὲ
1499 559 1546 585 καὶ
1567 558 1598 585 τὸ
1618 556 1683 593 ἦθος
1704 558 1751 584 τοῦ
1768 557 1826 592 βίου

1035 606 1105 632 κατὰ
1132 605 1248 641 σπουδὴν
1274 605 1525 640 συγκατορθοῖνται,
1552 601 1625 631 οὗτοι
1649 606 1681 640 τῇ
1707 605 1774 640 περὶ
1796 604 1828 630 τὸ

1036 650 1196 686 φαινόμενον
1207 650 1409 685 εὐσχημοσύνῃ,
1421 649 1547 684 καθάπερ
1556 649 1609 675 τινὶ
1618 649 1689 683 λόγῳ
1699 649 1750 684 τὴν
1768 649 1827 684 (5‘7)

1035 697 1086 732 τῆς
1107 696 1181 731 ζωῆς
1203 697 1307 723 ἑαυτῶν
1324 696 1474 732 εὐρυθμίαν
1499 695 1715 730 δημοσιεύουσιν.
1742 696 1828 722 ὀταν

1035 743 1124 769 τοίνυν
1147 742 1180 769 δι’
1204 740 1398 779 ἀμφοτέρωνῇ
1422 741 1453 768 τό
1470 741 1572 775 ἀγαθὸν
1595 741 1827 776 κατορθούμενον,

1035 789 1086 823 τῆς
1101 788 1199 824 ἠθικῆς
1215 788 1374 822 φιλοσοφίας
1385 787 1454 823 πρὸς
1469 788 1519 822 τὴν
1533 787 1701 822 θεωρητικὴν
1716 787 1829 824 συνδρα-

1038 833 1166 869 μούσης,ι
1177 833 1238 869 ’ῼδὴ
1249 832 1357 868 ψαλμοῦ
1370 832 1486 867 γίνεται,
1502 842 1512 858 ι
1530 832 1547 866 ἦ
1564 840 1574 857 ι
1592 831 1704 867 Ψαλμὸς
1816 841 1826 856 ο

194 882 322 917 pertinet.
335 890 398 909 cum
411 882 456 909 illa
469 890 529 917 qua:
549 881 576 908 in
592 880 824 915 contemplatione
841 879 979 911 consistit,

1035 879 1099 905 ὅταν
1112 878 1140 905 δὲ
1159 879 1188 905 τὸ
1203 879 1259 914 (58)
1280 879 1371 914 ἕτερον
1383 876 1400 915 ᾖ
1414 878 1516 905 τούτων
1532 878 1574 912 ἐφ’
1590 877 1686 904 ἑαυτοῦ
1704 879 1762 909 τοῖς
1778 879 1830 910 ἑπ-

193 932 260 955 tunc
275 937 284 953 ι
300 927 444 958 Canticum
455 927 569 962 psalmi;
589 936 599 952 ι
616 925 669 959 vel,
685 935 694 949 ι
712 924 839 953 Psalmus
853 924 952 951 cantici
969 933 978 950 ι

193 973 318 1001 cilicitur.
334 973 450 1006 Quando
480 976 569 1000 autem
587 972 702 998 alterum
724 971 822 997 horum
846 969 981 997 laudatio-

195 1019 275 1047 nibus
288 1019 420 1046 duntaxat
433 1021 612 1053 pratnotatum
631 1016 725 1050 fuerit,
740 1021 804 1043 tunc
815 1016 857 1043 vel
867 1015 979 1047 bonum,

193 1063 267 1098 quod
284 1064 311 1091 in
326 1063 418 1090 animo
435 1063 518 1090 situm
530 1068 580 1094 est,
593 1070 641 1097 per
655 1071 664 1088 ι
676 1061 815 1089 Psalmum
830 1070 839 1087 ι
852 1061 979 1096 designa-

1036 924 1120 956 αίνοις
1137 925 1326 961 προκείμενον,
1347 925 1364 960 ἦ
1384 924 1414 951 τὸ
1435 924 1506 951 κατὰ
1521 924 1639 950 διάνοιαν
1657 923 1759 957 ἀγαθὸν
1783 923 1829 951 διὰ

1033 969 1080 996 τοῦ
1097 979 1107 995 ι
1123 969 1237 1005 Ψαλμοῦ
1258 979 1268 996 ι
1289 970 1367 1005 μόνον
1382 969 1559 1004 σημαίνεται·
1575 968 1591 1004 ἢ
1607 968 1638 995 τὸ
1655 966 1721 1003 ἦθος
1742 969 1790 995 καὶ
1809 969 1827 1003 ἡ

1034 1016 1099 1050 περὶ
1110 1015 1141 1041 τὸ
1157 1015 1319 1051 φαινόμενον
1338 1014 1546 1050 εὐσχημοσύνη,
1562 1013 1607 1041 διὰ
1624 1014 1673 1049 τῆς
1692 1023 1702 1039 ι
1716 1014 1797 1050 ’ῼδῆς
1814 1023 1826 1041 ι

1031 1061 1221 1096 ἑρμηνεύεται.

193 1116 248 1142 tur,
262 1109 305 1137 vel
319 1116 426 1137 morum
442 1109 583 1140 honestas,
595 1111 623 1135 et
635 1107 664 1135 in
679 1106 833 1134 actionibus
847 1105 971 1133 decentia
985 1112 1033 1140 per
1049 1114 1059 1131 ‹
1074 1105 1218 1133 Canticum
1232 1114 1242 1131 ι
1259 1105 1425 1133 insinuatur.

229 1164 352 1201 Hymnus
368 1168 459 1192 autem
472 1163 516 1191 vel
530 1163 591 1190 laus
605 1163 628 1191 si
643 1170 705 1190 eum
721 1162 829 1190 cantico
839 1162 981 1197 jungatur,

192 1212 358 1239 documento
371 1213 424 1241 est,
439 1217 474 1237 ne
486 1209 564 1245 prius
579 1210 762 1244 cogitationes
778 1209 812 1236 de
825 1209 881 1235 Deo
892 1208 981 1236 susci-

192 1264 258 1291 pere
274 1255 475 1292 aggrediamur,
484 1261 566 1289 quam
578 1254 701 1281 animum
717 1258 839 1281 nostrum
857 1256 933 1280 tanta
954 1253 984 1279 Ii-

194 1303 298 1330 bertate
324 1302 436 1336 dignum
457 1299 605 1328 reddamus
622 1309 629 1327 :
647 1308 657 1325 ι
680 1299 739 1326 Non
756 1305 766 1323 ι
780 1297 865 1330 enim,
882 1298 981 1333 inquit,

196 1358 205 1374 ι
219 1348 344 1383 speciosa
361 1348 421 1375 laus
439 1346 467 1374 in
483 1354 531 1374 ore
546 1345 700 1380 peccatoris
713 1345 746 1371 “.
769 1353 778 1370 )
797 1343 829 1370 Et
844 1344 981 1379 peccatori

191 1394 261 1421 dixit
275 1393 347 1421 Deus
363 1402 370 1420 :
387 1402 396 1418 ι
412 1392 503 1425 Quare
518 1395 548 1419 tu
563 1398 676 1419 enarras
690 1390 812 1425 justitias
825 1397 900 1416 meas
909 1389 951 1416 ’7?
969 1398 979 1415 ι

191 1438 264 1467 Idem
289 1446 340 1466 nos
364 1438 446 1466 docet
468 1446 478 1464 ι
494 1437 583 1465 oratio
600 1444 661 1464 cum
675 1436 793 1467 cantico,
809 1445 819 1461 ι
842 1434 979 1464 videlicet.

192 1491 222 1512 ut
238 1484 298 1512 vitae
312 1484 434 1512 rationes
446 1483 522 1519 prius
536 1487 612 1510 recte
626 1481 844 1514 conformamus,
859 1489 894 1508 ne
917 1481 980 1515 quis

192 1530 285 1566 segnis
293 1533 321 1558 et
331 1529 462 1557 dissonus
473 1529 531 1556 suis
540 1528 567 1554 in
580 1527 736 1555 actionibus
747 1529 885 1561 appareat,
900 1529 980 1553 tunc-

1070 1161 1174 1197 ’Υμνος
1183 1162 1212 1189 δὲ
1226 1162 1243 1197 ἦ
1260 1159 1334 1193 αἶνος
1348 1163 1380 1197 τῇ
1395 1162 1448 1198 ᾠδῇ
1466 1161 1699 1197 συμμιγνύμενος.
1714 1162 1827 1197 παράγ-

1033 1206 1122 1242 γελμα
1136 1208 1251 1242 γίνεται,
1269 1208 1306 1242 μὴ
1322 1208 1456 1243 πρότερον
1480 1209 1554 1243 ἡμᾶς
1578 1208 1756 1244 κατατολμᾷν
1771 1209 1826 1235 τῶν

1033 1254 1097 1288 περὶ
1107 1253 1174 1280 Θεοῦ
1184 1254 1337 1288 νοημάτων,
1346 1254 1410 1288 πρὶν
1419 1254 1452 1281 ἂν
1462 1254 1507 1280 τὸν
1520 1254 1576 1289 βίον
1587 1254 1664 1289 ἡμῶν
1674 1255 1725 1289 τῆς
1734 1254 1828 1281 τοιαὺ-

1032 1307 1082 1333 της
1092 1299 1247 1335 παρρησίας
1258 1300 1414 1334 ποιήσωμεν
1425 1300 1509 1333 ἄξιον.
1522 1310 1531 1325 ι
1543 1300 1580 1326 Οὺ
1591 1310 1601 1325 ι
1611 1300 1666 1335 γὰρ
1676 1311 1686 1326 ι
1697 1301 1825 1336 mpsim.)

1035 1345 1127 1380 φησὶν,
1147 1355 1156 1369 ι
1171 1342 1245 1377 αἶνος
1258 1346 1287 1371 ἐν
1302 1346 1413 1380 στόματι
1426 1346 1600 1381 ἁμαρτιυλοῦ.
1622 1356 1631 1373 ι
1645 1347 1701 1373 Καὶ
1712 1347 1754 1382 τῷ
1769 1347 1826 1382 (59)

1034 1389 1187 1425 ἁμαρτωλῷ
1211 1387 1286 1416 εἶπεν
1300 1390 1314 1416 ὁ
1332 1390 1408 1421 Θεὸς,
1424 1398 1433 1415 ι
1447 1388 1507 1417 Ἵνα
1519 1390 1546 1416 τί
1560 1391 1593 1417 σὺ
1606 1391 1720 1427 ἑκδιηγῇ
1738 1392 1774 1418 τὰ
1787 1392 1827 1418 δι-

1033 1434 1179 1470 καιώματά.
1196 1443 1264 1470 μου;
1286 1445 1296 1461 ι
1318 1435 1456 1467 Ὡσαύτως
1477 1435 1505 1461 δὲ
1525 1435 1572 1462 καὶ
1590 1436 1607 1471 ἡ
1627 1445 1637 1462 ι
1662 1437 1734 1463 Μετ’
1752 1437 1826 1472 ᾠδῆς

1032 1481 1170 1516 προσευχὴ
1188 1490 1197 1505 ι
1212 1481 1242 1507 τὸ
1261 1478 1320 1507 ϊσον
1344 1482 1409 1516 ἡμῖν
1423 1480 1596 1512 ὑποτίθεται,
1611 1481 1746 1517 πρότερον
1761 1483 1827 1518 περὶ

1031 1525 1077 1552 τὸν
1094 1525 1151 1560 βίον
1171 1525 1349 1558 σπουδάζειν,
1363 1526 1400 1557 ὡς
1414 1526 1447 1552 ἂν
1465 1526 1501 1561 μή
1518 1535 1560 1558 τις
1582 1526 1704 1561 ῥάθυμος
1719 1527 1776 1561 (~50)
1795 1537 1825 1554 τε

192 1584 244 1611 (pte
267 1583 316 1611 per
331 1575 483 1602 orationem
503 1573 537 1600 ad
558 1573 642 1601 Deum
660 1572 831 1599 accedamus.
852 1570 930 1604 Quod
944 1571 979 1597 si-

1035 1571 1078 1598 καὶ
1094 1571 1288 1606 παρηχημένος
1307 1572 1362 1603 τοῖς
1378 1571 1572 1606 ἐπιτηδεύμασι
1595 1572 1678 1608 τύχῃ,
1699 1573 1749 1599 καὶ
1765 1573 1826 1600 τότε

192 1622 331 1657 gniﬁcare,
344 1620 448 1655 judicio
459 1627 529 1651 meo,
538 1618 671 1646 Dominus
681 1617 800 1644 voluisse
811 1617 918 1643 videtur
928 1616 981 1643 illis

191 1668 238 1702 qui
255 1667 391 1698 dicebant,
408 1674 417 1690 ι
434 1664 557 1697 Domine,
575 1663 643 1691 doce
663 1670 713 1690 nos
729 1669 808 1689 orare
817 1661 840 1677 ¹⁸
857 1663 892 1696 »,(
903 1661 982 1696 quasi

191 1713 280 1741 oratio
294 1720 350 1740 non
367 1711 395 1738 in
409 1710 510 1742 verbis,
523 1709 569 1737 sed
584 1709 611 1735 in
624 1708 680 1734 vita
691 1712 764 1735 recte
777 1707 901 1735 instituta
915 1714 983 1733 con-

191 1759 287 1793 sistat)
317 1765 380 1785 cum
406 1757 443 1783 ait
464 1765 470 1782 :
489 1765 498 1781 ‹
514 1755 542 1782 Si
565 1754 725 1782 dimiseritis
748 1753 902 1781 hominibus
922 1760 982 1788 pec-

192 1807 253 1831 cata
267 1810 373 1834 eorum,
394 1801 513 1828 dimittet
532 1803 559 1827 et
579 1798 659 1826 Pater
678 1798 798 1826 caelestis
813 1802 922 1833 peccata
933 1804 981 1825 ve.

192 1854 249 1878 stra
259 1850 292 1875 ".
310 1858 320 1875 ι

226 1938 262 1965 At
294 1936 406 1972 quando
429 1935 535 1971 psalmo
562 1934 620 1962 sola
647 1941 716 1966 vox,
744 1932 947 1965 «laudationis,
967 1942 976 1958 ι

191 1983 356 2019 prmﬁgitur',
384 1986 443 2010 tum
467 1982 591 2016 subjecta
627 1980 762 2008 sententia
792 1981 979 2008 testimonium

190 2029 326 2064 quoddam
343 2028 465 2056 continet
478 2027 538 2063 ejus
549 2027 596 2062 qui
617 2026 673 2054 Deo
692 2025 865 2054 laudationes
880 2025 978 2054 oﬂ'ert:

191 2083 253 2102 nam
266 2075 377 2102 laudare
390 2073 473 2101 Deum
484 2073 597 2100 alterius
606 2080 662 2099 non
673 2076 726 2104 est,
737 2071 785 2099 sed
799 2080 808 2097 ι
822 2071 980 2102 Laudatio,»

190 2121 305 2156 inquit,¢
318 2119 428 2147 Davidis
442 2128 449 2146 :
466 2128 475 2144 ι
494 2123 524 2145 ut
541 2118 603 2145 hinc
621 2118 771 2151 discamus,
791 2125 839 2145 nos
854 2122 919 2144 tunc
932 2117 979 2144 Dei

190 2166 318 2194 laudandi
334 2166 379 2200 jus
396 2169 423 2192 et
439 2165 590 2192 libertatem
607 2163 766 2199 adepturos,
784 2163 807 2190 si
828 2162 923 2190 Davidi
941 2163 980 2190 si—

189 2213 267 2240 milcs
280 2211 438 2240 evadamus.

227 2277 237 2294 ‹
264 2266 388 2294 Psalmus
414 2275 424 2291 ›
454 2272 519 2292 vero
549 2264 601 2290 «in
631 2262 764 2298 hymnis»
794 2262 827 2288 ad
853 2262 975 2289 altiorem

188 2313 333 2349 quemdam
361 2316 461 2339 statum
489 2309 602 2342 evehit;
619 2317 700 2343 quem
723 2307 797 2334 novit
819 2311 846 2334 et
867 2307 977 2335 divinus

188 2358 347 2394 Apostolus,
359 2360 390 2384 ut
403 2360 521 2383 testatur
540 2354 573 2381 ad
593 2353 762 2385 Corinthios,
788 2359 851 2379 cum
874 2352 911 2378 ait
933 2358 977 2379 se-

188 2403 277 2437 ipsum
290 2400 371 2428 modo
387 2400 484 2435 spiritu
496 2398 621 2434 psallere,
637 2396 716 2424 modo
733 2400 824 2424 mente
838 2396 871 2422 ³ο.
893 2395 978 2430 igitur

189 2446 341 2483 psalmodia
357 2445 501 2473 commista
513 2452 576 2471 cum
591 2447 692 2475 mente,
716 2441 783 2470 illud
799 2441 889 2477 ipsum
901 2441 974 2476 quod

189 2493 266 2528 prius
281 2491 442 2519 tradidimus
455 2491 586 2523 declarat,
606 2489 693 2516 videri
708 2488 837 2515 nimirum
852 2487 879 2514 id
902 2487 974 2522 quod

1032 1616 1174 1652 προσιέναι
1189 1616 1233 1643 διὰ
1251 1617 1404 1653 προσευχῆς
1421 1617 1459 1652 τῷ
1474 1617 1543 1652 Θεῷ.
1557 1617 1609 1644 Καί
1626 1627 1671 1652 μοι
1686 1618 1763 1645 δοκεῖ
1776 1619 1825 1652 τὴν

1030 1661 1157 1697 τοιαύτην
1172 1663 1187 1688 ὸ
1204 1662 1306 1697 Κύριος
1323 1662 1426 1689 ἔννοιαν
1441 1663 1615 1699 παραδιδόναι
1639 1664 1695 1694 τοῖς
1717 1664 1825 1691 εἰποῦσι

1031 1707 1099 1743 πρὸς
1107 1708 1197 1740 αὑτὸν,
1208 1708 1249 1735 ὃτι
1259 1718 1267 1733 ι
1281 1708 1388 1740 Δίδαξον
1396 1709 1469 1744 ἡμᾶς
1484 1709 1695 1744 προσεύχεσθαι·
1708 1719 1718 1735 ι
1729 1711 1826 1742 ὡςοὺκ

1031 1754 1178 1790 ἐνΙρήμασι
1190 1754 1240 1789 τῆς
1256 1754 1424 1789 προσευχῆς,
1440 1754 1496 1781 ἀλλ’
1511 1756 1540 1781 ἐν
1554 1755 1592 1790 τῷ
1610 1755 1660 1790 βίῳ
1671 1757 1824 1792 κατορθω-

1032 1800 1166 1836 μένης,ὲν
1176 1798 1218 1832 οἷς
1226 1809 1317 1836 φησιν,
1333 1801 1374 1827 ὅτι
1389 1810 1398 1826 ι
1417 1800 1480 1827 Ἐὰν
1493 1801 1580 1836 ἀφῆτε
1597 1803 1653 1833 τοῖς
1667 1801 1826 1837 ἀνθρώποις

1029 1845 1064 1872 τὰ
1081 1845 1290 1881 παραπτώματα
1311 1846 1415 1876 αὐτῶν.
1435 1846 1534 1881 ἀφήσει
1550 1847 1596 1873 καὶ
1613 1848 1676 1882 ὑμῖν
1696 1848 1711 1874 ὸ
1726 1848 1825 1884 Πατὴρ

1029 1891 1044 1917 ὁ
1057 1890 1180 1927 οὐράνιος
1191 1891 1241 1923 τὰς
1254 1891 1391 1927 ἁμαρτίας
1405 1891 1492 1926 ὑμῶν.
1509 1901 1518 1918 ι

1066 1935 1149 1962 Ὅταν
1163 1935 1191 1962 δὲ
1205 1936 1265 1963 καθ’
1277 1935 1375 1971 ἑαυτὴν
1391 1937 1407 1971 ἡ
1433 1936 1556 1969 Αἴνεσις
1580 1936 1731 1972 γράφηται,
1749 1946 1824 1973 μαρ-

1029 1981 1125 2015 τυρίαν
1146 1980 1207 2007 τινὰ
1229 1980 1277 2007 τοῦ
1292 1981 1463 2013 ἀνατιθέντος
1483 1981 1523 2016 τῷ
1535 1981 1594 2016 Θεῷ
1613 1982 1676 2013 τοὺς
1692 1981 1824 2014 ἐπαίνους

1030 2025 1151 2061 περιέχει
1170 2025 1200 2052 τὸ
1213 2025 1303 2061 νόημα
1313 2025 1381 2061 (41).
1401 2025 1440 2052 Οὐ
1456 2026 1510 2061 γὰρ
1522 2025 1602 2052 ἄλλου
1617 2026 1689 2057 τινός
1702 2027 1777 2053 ἐστιν
1792 2027 1824 2053 τὸ

1029 2070 1149 2097 ἐπαινεῖν
1174 2069 1230 2105 (42)
1255 2070 1301 2097 τὸν
1321 2069 1398 2101 Θεὸν,
1422 2070 1480 2096 ἀλλ’
1494 2070 1631 2103 Αἵνεσις,
1655 2071 1741 2106 φησι,
1766 2072 1822 2099 τοῦ

1029 2115 1133 2142 Δαυΐδ²
1147 2116 1185 2148 ὡς
1200 2115 1233 2143 ἂν
1247 2116 1291 2143 διὰ
1306 2116 1399 2143 τούτου
1420 2117 1564 2151 μάθοιμεν,
1579 2117 1620 2143 ὅτι
1642 2118 1666 2143 εἱ
1682 2117 1738 2153 (45)
1758 2120 1822 2145 κατ’

1029 2161 1132 2187 ἐκεῖνον
1146 2161 1301 2196 γενοίμεθα,
1315 2162 1375 2188 τότε
1394 2162 1440 2188 καὶ
1453 2162 1533 2197 ἡμεῖς
1546 2161 1596 2197 τὴν
1609 2162 1656 2189 τοῦ
1673 2164 1759 2190 αἰνεῖν
1773 2165 1822 2190 τὸν

1029 2206 1096 2233 Θεὸν
1108 2207 1263 2243 παρρησίαν
1276 2207 1427 2243 ληψόμεθα.

1070 2261 1100 2287 '0
1113 2261 1142 2288 δὲ
1153 2271 1162 2287 ι
1183 2262 1227 2288 Ἐν
1240 2262 1335 2297 ὕμνοις
1350 2262 1467 2297 ψαλμὸς,
1483 2272 1492 2288 ι
1503 2264 1542 2294 είς
1559 2262 1727 2299 ὑψηλοτέραν
1743 2264 1821 2299 ἡμᾶς

1030 2305 1125 2339 ἀνάγει
1142 2306 1317 2338 κατάστασιν,
1333 2307 1368 2342 ἣν
1389 2307 1447 2342 ᾔδει
1459 2307 1509 2334 καὶ
1521 2309 1535 2335 ὁ
1554 2308 1624 2340 θεῖος
1645 2309 1820 2343 Ἀπόστολος,

1030 2349 1121 2382 καθὼς
1134 2350 1201 2386 πρὸς
1220 2351 1379 2386 Κορινθίους
1401 2352 1494 2387 φησὶν,
1517 2353 1611 2380 ἑαυτὸν
1633 2353 1681 2380 νῦν
1706 2355 1756 2390 μὲν
1779 2355 1821 2391 τῷ

1030 2397 1165 2432 πνεύματι
1188 2397 1313 2432 ψάλλειν,
1337 2397 1385 2424 νῦν
1405 2398 1433 2424 δὲ
1457 2398 1498 2433 τῷ
1519 2399 1569 2425 νοῒ.
1597 2399 1700 2426 Οὐκοῦν
1723 2401 1739 2435 ἡ
1768 2401 1819 2435 μὲν

1028 2441 1068 2477 τῷ
1088 2441 1125 2477 νῷ
1143 2442 1351 2478 συμμιγνυμένη
1366 2442 1510 2478 ψαλμῳδεα
1531 2443 1578 2470 τὸν
1597 2444 1820 2480 προαποδοθέντα

1030 2487 1108 2521 λόγον
1131 2487 1302 2523 διερμηνεύει
1329 2488 1405 2522 (LL),
1432 2488 1480 2515 τοῦ
1510 2489 1566 2517 δεῖν
1592 2490 1647 2525 (65)
1669 2490 1701 2516 τὸ
1725 2491 1821 2524 φαινό-

224 2583 248 2599 ¹⁶
267 2582 407 2613 Eccli.xv.
421 2582 447 2609 9.
487 2582 508 2597 "’
524 2580 597 2609 Psal.
613 2588 687 2611 mx,
702 2579 745 2607 16.
784 2579 807 2595 “
819 2579 884 2606 Luc.
899 2587 937 2610 XI,
953 2578 977 2605 l.
1016 2578 1039 2593 "
1060 2578 1154 2606 Matth.
1167 2586 1205 2611 vr,
1219 2579 1263 2606 14.
1301 2578 1347 2605 ³⁰1
1364 2580 1426 2607 Cor.
1447 2587 1503 2612 xtv.
1514 2579 1557 2607 15.

223 2663 281 2696 (54)
302 2663 334 2689 Ἢ
350 2670 405 2689 om.
420 2661 461 2689 ed.

222 2697 281 2732 (35)
298 2697 440 2733 Σημαίνει,
453 2697 498 2733 ed.

224 2733 281 2767 (ac)
296 2731 411 2759 Aé'add.
426 2731 471 2758 ed.

224 2766 282 2801 (37)
295 2767 351 2801 Τήν
370 2775 426 2794 οιη.
441 2766 485 2794 ed.

351 2809 407 2829 om.
425 2801 469 2828 ed.
482 2800 542 2828 Mox
559 2802 675 2832 ἑαυτοῖς,
690 2800 734 2827 ed.

225 2837 270 2864 (59
322 2846 346 2864 ω
359 2836 398 2864 δέ.
415 2838 461 2863 ed.

224 2836 281 2872 (59)
294 2836 346 2872 Τῷ
359 2836 398 2870 δέ,
415 2838 461 2863 ed.

1064 2659 1119 2692 (ιο)
1137 2660 1304 2695 [Αρρυυμος.
1319 2661 1361 2687 ea.

1065 2694 1120 2728 (41)
1135 2694 1215 2721 Forlc
1230 2696 1323 2729 ὄνομα.

1064 2730 1120 2762 (42)
1141 2731 1241 2759 Αἰνεῖν,
1259 2731 1301 2756 cd.

1066 2765 1191 2799 (45)_Ka.£
1206 2765 1267 2790 add.
1287 2765 1331 2791 cd.

1065 2797 1300 2833 (44)Ἐρμηνεύει.
1318 2800 1361 2827 ed.

1066 2835 1121 2869 (45)
1135 2836 1171 2860 Τὸ
1187 2835 1285 2860 δοκεῖν.
1302 2834 1349 2861 En.
