3838 6224
203 259 298 317 501

1588 267 1654 322 IN
1683 264 2018 322 PSALMOS.

3372 267 3478 323 50!

204 372 345 430 ὶιάσι
377 376 842 445 καταφονεύεται·
871 375 1006 430 ἀλλὰ
1040 377 1103 431 τὸ
1145 377 1246 448 μὲν
1275 377 1342 430 δι’
1377 376 1662 448 ἀκριϐείας
1687 377 1786 446 τὴν

1895 376 2058 430 ﬂuum
2090 372 2288 439 fuerit;
2323 389 2446 446 qua:
2476 372 2622 428 enim
2647 373 2854 430 utilitas
2883 374 3008 432 inde
3037 375 3104 432 ad
3140 394 3242 433 nos
3269 379 3476 445 redeat,

206 467 482 539 ἱστορικὴν
528 467 850 531 ἀκολουθίαν
893 469 1176 535 ἐκθέσθαι,
1221 471 1433 542 μακρὸν
1458 471 1525 524 ἀν
1553 470 1662 542 εἴη,
1696 470 1790 524 καὶ

209 559 458 628 περιττὸν
509 558 652 629 ἅμα,
691 560 756 614 Τί
803 561 913 633 γάρ
962 561 1029 616 ἂν
1076 562 1286 629 γένοιτο
1335 562 1496 616 πλέον
1543 563 1674 634 ἡμῖν
1721 563 1788 614 δι’

207 649 496 704 ἀκολούθου
544 651 645 722 τὴν
702 652 939 714 ἔκθεσιν,
961 653 1091 718 τῶν).
1121 654 1420 723 γεγονότων
1487 653 1788 723 μαθοῦσιν;

206 743 337 797 ἀλλά
361 743 500 813 πρὸς
522 744 577 796 τί
602 742 874 814 φέρειτῆς
903 746 1430 818 ἱστορικῆς-μνήμης
1455 746 1514 800 τὸ
1536 746 1786 817 αἴνιγμα,

211 837 448 904 κρεῖττον
479 833 637 904 οἶμαι
675 835 741 903 διξ
767 835 964 914 ὀλίγων
992 837 1271 908 προθεῖναι
1310 837 1390 907 τῷ
1429 837 1592 918 λόγῳ,
1621 837 1697 901 ὼς
1725 837 1806 894 ἂν,

208 925 409 992 γένοιτο
446 927 584 996 ἡμῖν
617 928 650 997 ἡ
680 925 904 998 τοιαύτη
938 949 970 984 ι,
995 928 1371 998 στηλογραφία
1402 947 1420 980 ο
1453 929 1532 992 εἰς
1568 928 1791 1010 διδαχὴν

205 1016 295 1070 τοῦ
325 1017 602 1087 ἡμετέρου
652 1017 794 1089 βίου.
850 1019 916 1072 Τί
965 1015 1070 1078 οὖν,
1098 1022 1247 1073 ἐστιν
1274 1021 1304 1074 ὅ
1339 1037 1521 1090 φημι;
1567 1020 1688 1079 ὅλον
1731 1019 1803 1072 es

207 1108 352 1171 ἔθνος
397 1108 604 1178 Συρίαν
661 1109 936 1181 ὠνόμασε,
995 1113 1208 1184 μερίζει
1251 1112 1310 1166 δὲ
1352 1111 1513 1166 τοῦτο
1569 1113 1649 1181 είς
1701 1111 1793 1165 δύο

209 1202 482 1270 τμήματα,
508 1201 742 1255 ἕκαστον
769 1201 953 1257 αὐτῶν
987 1204 1138 1268 ἰδίοις
1165 1204 1511 1276 γνωρίσμασι
1544 1204 1794 1275 σημειούο

213 1309 366 1361 μενος
395 1293 510 1364 (68)
534 1311 550 1324 ο
598 1295 630 1364 ἡ
665 1294 765 1364 μὲν
797 1294 908 1367 γὰρ
934 1295 1135 1360 αὐτῶν,
1165 1296 1565 1367 Μεσοποταμία
1593 1295 1793 1366 Συρίας

208 1383 416 1454 λέγεται
439 1401 454 1414 ο
470 1387 504 1454 ἡ
526 1384 586 1438 δὲ
615 1384 727 1455 (69)
753 1385 938 1457 ἑτέρα,
965 1384 1059 1438 τοῦ
1091 1384 1266 1438 Σοὸἀλ
1294 1385 1463 1455 Συρία
1487 1386 1791 1454 κατονομά-

209 1473 386 1536 ζεται·
420 1477 892 1548 καταπίμπραται
937 1477 1050 1546 (70)
1073 1476 1130 1529 δὲ
1179 1478 1271 1530 καὶ
1300 1476 1462 1548 αὕτη,
1506 1478 1600 1530 καὶ
1631 1477 1791 1548 αὕτη.

212 1566 313 1620 Καὶ
339 1567 477 1638 μετά
500 1568 666 1622 τοῦτο
693 1571 752 1636 ἐξ
787 1569 1128 1640 ἐπιστροφῆς
1168 1569 1264 1623 τοῦ
1291 1570 1734 1641 ἀρχιστρατήγου
1758 1571 1792 1642 ἡ

211 1658 559 1740 φάραγξιτ-ῷν
588 1661 754 1728 ἀλῶν,
801 1664 860 1714 ὲν
886 1663 1209 1730 δυοκαίδεκα
1243 1664 1446 1734 χιλιάσι
1472 1664 1552 1734 τῷ
1580 1664 1795 1735 Θανάτῳ

213 1751 627 1815 καταδικάζεται
647 1753 893 1814 ’.οὐκοῦν
937 1758 1241 1826 νοήσωμεν,
1288 1755 1371 1808 ὅτι
1410 1755 1632 1823 διπλοῦν
1676 1758 1793 1810 ἐστι
1826 1729 1868 1785 Β

210 1844 301 1916 τῇς
346 1845 547 1918 Συρίας
594 1845 657 1899 τδ
715 1841 873 1910 εἶδος.
921 1848 985 1900 Οἱ
1018 1847 1119 1918 μὲν
1159 1846 1268 1918 γάρ
1311 1847 1490 1901 αὐτῶν
1535 1849 1796 1918 είσιτοῖς

215 1943 633 2014 μεσοποταμίοις
671 1943 785 2012 (71)
837 1943 1114 2014 ῥεύμασιν,
1148 1945 1206 1996 ὲν
1252 1944 1436 2014 κύκλῳ
1474 1943 1794 2015 διειλημμέ-

211 2048 316 2099 νοι⁶
364 2036 518 2090 αὐτοὶ
572 2037 620 2090 δ’
663 2036 732 2091 ἀν
778 2032 977 2096 ε’ίενκοί.
994 2039 1107 2101 τοῖς
1143 2037 1430 2109 παθήμασι
1457 2037 1810 2112 πανταχόθεν,

213 2126 643 2199 περιρῤεόμενοι.
680 2128 833 2198 Οίιτδὲ
877 2129 1196 2196 ἀνάκεινται
1224 2129 1302 2199 τῷ
1345 2129 1538 2194 Σοὸἀλ,
1571 2129 1660 2183 διὰ
1697 2129 1792 2183 τοῦ

212 2219 458 2288 dropace;
511 2219 712 2274 τούτου
777 2221 878 2293 τὴν
927 2223 1029 2292 τῆς
1071 2223 1456 2294 ἀντικειμένης
1511 2218 1828 2294 δυνάμεως’

213 2311 488 2382 τυραννίδα
540 2313 640 2366 τοῦ
704 2311 866 2382 λόγου
938 2313 1330 2385 σημαίνοντος
1401 2314 1597 2369 οὐκοῦν
1653 2315 1801 2385 α’ύτη.

214 2401 408 2466 γένοιτο
441 2403 510 2458 ἂν
552 2407 691 2476 ἡμῖν
723 2408 823 2476 τῆς
851 2405 989 2476 πρὸς
1017 2406 1079 2460 τὸ
1116 2408 1364 2478 κρεῖττον
1392 2405 1728 2470 ἀλλοιώσεως
1758 2408 1798 2476 ἡ

211 2493 338 2559 ῥδδς.
379 2497 428 2548 εί
453 2496 851 2568 τῷκαθαρσίῳ
878 2497 1008 2569 πυρὶ
1041 2497 1102 2552 τὸ
1129 2499 1350 2552 διπλοῦν
1375 2497 1536 2552 τοῦτο
1564 2502 1663 2568 τῆς
1695 2515 1794 2550 κα-

215 2587 327 2649 κίας
353 2588 503 2649 ἔθνος
545 2588 876 2658 ἀφανισθείη
914 2600 950 2635 ⁸.
997 2590 1074 2653 ὡς
1110 2589 1223 2662 γὰρ
1267 2592 1301 2662 ἡ
1336 2589 1509 2660 ἀρετὴ
1559 2589 1658 2660 βίῳ
1698 2589 1792 2642 καὶ

213 2675 408 2748 διανοίᾳ
432 2677 930 2750 χαρακτηρίζεται,
959 2679 1102 2734 οὕτω
1135 2682 1290 2752 καὶὴ
1341 2682 1508 2734 κακία
1551 2684 1664 2745 τοῖς
1701 2681 1794 2735 δύο

216 2768 408 2837 τούτοις
429 2769 810 2842 ἐνθεωρεῖται”
829 2772 922 2824 καὶ
951 2773 985 2843 ἡ
1017 2772 1117 2844 μὲν
1143 2774 1286 2826 κατὰ
1314 2775 1404 2827 τὸν
1429 2774 1542 2844 βίον
1571 2774 1790 2839 ἀταξία,

217 2860 256 2929 ἦ
285 2859 350 2913 τά
390 2861 498 2914 τῶν
541 2860 737 2915 παθῶν
795 2862 1045 2933 ῥεύματα
1091 2865 1277 2934 κύκλῳ
1315 2865 1414 2936 τὴν
1462 2865 1640 2936 ψυχὴν
1679 2865 1794 2920 δια-

219 2949 488 3021 λαμϐάνει,
537 2955 574 3024 ἡ
621 2954 730 3007 τῶν
765 2954 1028 3023 ποταμῶν
1061 2954 1277 3022 λέγεται
1325 2956 1486 3027 μέση,
1531 2958 1565 3027 ὴ
1607 2955 1664 3008 δὲ
1703 2955 1792 3012 διά

1893 467 1936 522 si
1969 476 2138 521 totam
2189 480 2369 520 rerum
2400 453 2677 536 gestarum
2726 467 2921 522 seriem
2965 467 3284 526 discamus?
3325 472 3474 538 Qua-

1891 567 2113 631 propter
2135 559 2324 614 utilius
2345 574 2469 614 esse
2490 558 2752 621 arbitror,
2780 560 3020 617 hreviter
3049 562 3324 632 explicare
3345 565 3477 635 quid

1892 653 2051 707 nobis
2074 652 2350 706 historica:
2379 652 2711 706 narrationis
2741 652 3024 708 involucro
3054 655 3386 719 insinuetur,
3417 666 3479 710 ut

1893 743 2010 797 haec
2043 759 2062 792 ι
2105 741 2248 798 tituli
2297 741 2588 811 inscriptio
2620 761 2638 791 )
2693 743 2855 797 cedat
2909 744 2963 798 in
2995 745 3119 799 vita:
3163 755 3366 801 nostrae
3401 747 3478 800 in-

1894 835 2272 890 structionem.
2306 834 2447 900 Quid
2501 835 2666 912 igitur
2720 835 2903 890 dicere
2947 839 3242 906 proposui?
3281 838 3475 894 Totam

1895 927 2177 994 hominum
2228 927 2504 980 nationem
2551 926 2764 997 Syriam
2822 927 3136 997 appellavit,
3182 929 3479 1000 divisitque

1897 1018 1948 1078 in
2000 1018 2140 1072 duas
2183 1024 2390 1086 partes,
2424 1017 2728 1086 quamlibet
2757 1016 2994 1088 propriis
3025 1020 3170 1073 notis
3197 1019 3476 1075 discrimi-

1895 1124 2085 1165 nans:
2125 1109 2299 1164 altera
2333 1110 2476 1163 enim
2512 1108 2902 1180 Mesopotamia
2938 1109 3110 1182 Syriae
3148 1113 3473 1182 appellatur,

1896 1201 2066 1254 altera
2124 1199 2283 1269 Syria
2330 1199 2522 1269 Sub-.e;
2565 1201 2924 1256 succenditur
2969 1211 3024 1256 et
3071 1202 3187 1259 haec
3226 1211 3283 1258 et
3327 1204 3419 1258 illa
3458 1223 3473 1259 :

1899 1300 2086 1362 postea
2114 1295 2431 1347 reversione
2461 1293 2662 1347 summi
2696 1294 3045 1365 imperatoris
3075 1296 3231 1352 vallis
3259 1297 3478 1353 Salina-

1896 1400 2016 1439 rum
2066 1393 2243 1439 morte
2295 1386 2628 1446 mulctatur,
2675 1383 2966 1439 duodecim
3023 1385 3270 1442 millibus
3303 1387 3478 1445 inter-

1895 1475 2116 1546 emptis.
2173 1474 2554 1546 lntelligamus
2602 1491 2734 1546 ergo
2793 1477 3070 1548 duplicem
3124 1493 3249 1535 esse
3306 1480 3479 1552 Syriae

1899 1571 2132 1624 formam
2163 1587 2176 1627 :
2209 1569 2461 1625 nonnulli
2492 1569 2639 1624 enim
2672 1569 2962 1626 ﬂuviorum
2999 1571 3257 1628 cursibus
3301 1572 3354 1627 in
3389 1589 3478 1628 or-

1898 1663 2020 1716 hcm
2061 1663 2392 1729 circumdati
2429 1671 2578 1727 sunt.
2617 1672 2671 1719 et
2725 1664 2777 1718 hi
2829 1680 2939 1718 non
2989 1673 3120 1720 sunt
3163 1666 3278 1732 alii,
3313 1683 3476 1737 quam

1896 1772 2035 1826 quos
2069 1757 2359 1827 passiones
2409 1755 2695 1826 animique
2746 1759 3193 1826 perturbationes
3236 1761 3477 1832 undique

1895 1847 2310 1913 circumﬂuunt;
2342 1848 2432 1902 alii
2464 1847 2702 1918 subjecti
2739 1859 2868 1904 sunt
2907 1850 3085 1911 Sobaa.
3121 1867 3230 1921 quo
3257 1854 3479 1910 nomine

1898 1941 2241 2013 signiﬁcatur
2286 1942 2616 1997 adversariae
2657 1946 2942 2013 potestatis
2978 1945 3227 2015 tyrannis
3266 1955 3321 2003 et
3362 1947 3473 2002 vio-

1897 2035 2042 2090 lenta
2065 2034 2389 2091 dominatio.
2424 2035 2566 2108 Ergo
2592 2037 2752 2092 nobis
2789 2035 2903 2092 haec
2935 2040 3110 2108 prima
3138 2040 3224 2095 via
3257 2041 3325 2096 ad
3355 2057 3478 2098 mu-

1895 2129 2160 2185 tationem
2193 2125 2248 2178 in
2285 2126 2484 2180 melius
2527 2125 2727 2187 fuerit,
2784 2125 2829 2180 si
2878 2125 3004 2196 igne
3041 2138 3378 2199 expurgante
3422 2139 3479 2185 et

1896 2219 2167 2273 lustrante
2198 2217 2476 2283 duplicem
2509 2217 2654 2272 hanc
2684 2217 2907 2272 malitia:
2943 2221 3222 2275 nationem
3253 2222 3478 2288 aboleae

1895 2326 2020 2365 mus
2059 2331 2072 2366 :
2121 2308 2584 2380 quemadmodum
2629 2310 2778 2366 enim
2811 2310 2991 2368 virtus
3027 2312 3136 2367 vita
3181 2321 3237 2369 et
3269 2313 3480 2369 ratione

1897 2403 2166 2472 signatur,
2203 2401 2285 2456 sic
2319 2408 2374 2456 et
2406 2399 2616 2455 malitia
2656 2400 2712 2455 in
2765 2400 2855 2457 bis
2885 2402 3103 2460 duabus
3145 2405 3330 2462 inesse
3356 2420 3481 2460 cer-

1895 2499 2077 2563 nitur;
2129 2507 2184 2552 et
2219 2497 2333 2552 vita
2377 2497 2600 2567 quidem
2637 2499 2806 2553 nullis
2836 2498 3053 2569 legibus
3082 2499 3326 2563 astricta,
3357 2513 3481 2568 quae

1895 2591 2216 2659 passionum
2249 2588 2478 2659 impetu,
2504 2596 2559 2644 et
2583 2591 2741 2659 quasi
2775 2589 2940 2643 ﬂuctu
2968 2591 3212 2662 undique
3233 2592 3477 2647 animum

1896 2679 2350 2750 comprehendit,
2399 2689 2456 2736 et
2492 2681 2900 2752 quodammodo
2934 2683 2988 2737 in
3021 2683 3263 2740 circuitu
3299 2684 3480 2740 inclu-

1897 2775 1998 2840 dit,
2033 2777 2190 2846 Syria
2250 2776 2432 2832 media
2485 2777 2630 2831 inter
2661 2774 2857 2831 ﬂuvios
2906 2776 3151 2840 dicitur;
3203 2776 3296 2831 illa
3347 2791 3480 2831 vero

1901 2867 2172 2935 perversis
2203 2873 2257 2920 et
2285 2865 2614 2936 perniciosis
2637 2865 2990 2938 dogmatibus
3018 2874 3074 2922 et
3102 2866 3478 2937 persuasioni-

1895 2957 2000 3014 bus
2030 2957 2266 3028 principi
2302 2957 2468 3026 hujus
2499 2957 2691 3013 mundi
2726 2957 2966 3023 addicta,
2997 2955 3156 3027 Syria
3181 2954 3341 3010 Solue
3377 2970 3477 3027 ap-

219 3043 314 3094 τῶν
357 3045 612 3115 πονηρῶν
653 3045 943 3116 δογμάτων
978 3045 1310 3117 ἀνακειμένη
1340 3046 1417 3116 τῷ
1449 3046 1668 3118 ἄρχοντι
1695 3047 1790 3102 τοῦ

1896 3049 2130 3119 pellatur
2161 3063 2174 3099 :
2212 3048 2414 3119 quibus
2442 3045 2693 3102 doctrina
2726 3054 2781 3102 et
2805 3047 3017 3103 ratione
3049 3047 3117 3102 ad
3153 3047 3472 3101 illustratio-

224 3135 430 3205 κόσμου,
472 3136 654 3190 Σοϐἀλ
686 3137 886 3208 Συρίας
931 3137 1397 3208 κατονομάζεται-
1434 3132 1510 3191 ὧν
1551 3137 1630 3210 τῷ
1658 3156 1795 3193 καυ-

223 3226 376 3298 στικῷ
422 3228 532 3298 (72)
585 3245 649 3281 τε
700 3228 796 3282 καὶ
851 3228 1138 3300 καθαρσίῳ
1178 3228 1322 3300 λόγῳ
1353 3229 1791 3300 δαπανηθέντων,

221 3318 394 3378 instat
446 3319 505 3373 τὸ
546 3320 651 3391 τὴν
691 3319 885 3389 ἀγονόν
945 3335 1006 3372 τε
1052 3320 1148 3373 καὶ
1199 3319 1460 3391 ἀλμῶσαν
1507 3319 1633 3390 γῆν,
1672 3320 1794 3391 ἥτις

223 3410 566 3481 στρατόπεδόν
615 3413 731 3465 ἐστι
783 3409 891 3464 τῶν
931 3410 1324 3482 ἀντικειμένων
1369 3411 1675 3483 δυνάμεων,
1725 3415 1791 3484 τῇ

221 3498 304 3552 τοῦ
348 3501 790 3573 ἀρχιστρατήγου
829 3497 1016 3572 πληγῇ
1056 3501 1436 3573 παραχθῆναι·
1477 3503 1539 3555 οὐ
1581 3502 1690 3574 γάρ
1726 3503 1793 3557 ἂν

222 3592 413 3658 γένοιτο
450 3595 588 3664 ἡμῖν
635 3594 670 3664 ἡ
703 3591 845 3646 κατά
874 3591 984 3646 τῶν
1022 3591 1234 3663 ἐχθρῶν
1267 3592 1416 3664 νίκη,
1468 3592 1542 3664 μὴ
1572 3592 1666 3647 τοῦ
1702 3593 1800 3664 ἀρ.

223 3697 389 3752 κοντος
430 3683 539 3736 τῶν
595 3683 862 3754 στρατιῶν
910 3683 1025 3755 (73)
1087 3684 1450 3755 ὑπερσχόντας
1514 3687 1580 3756 τῇ
1626 3685 1789 3755 χειρί.

225 3775 293 3843 Τῇ
327 3774 379 3828 δὲ
405 3775 511 3829 τῶν
565 3775 842 3847 πολεμίων
872 3774 1120 3846 ἀπωλείᾳ
1148 3777 1340 3847 εἰρήνη
1376 3776 1515 3830 κατά
1555 3777 1616 3830 τὸ
1660 3778 1792 3831 ἀκό-

226 3864 393 3921 λουθον
421 3869 615 3922 ἕπεται
635 3885 649 3900 ο
685 3870 782 3923 καὶ
811 3868 957 3933 τοῦτ’
999 3867 1116 3921 ἐστι
1149 3869 1210 3922 τὸ
1248 3868 1542 3922 ἀκόλουθον
1575 3870 1674 3940 τῆς
1709 3871 1792 3922 νί-

228 3974 336 4028 κης,
360 3960 490 4031 πρὸς
520 3960 552 4013 ὃ
584 3959 858 4030 βλέπουσα
887 3963 921 4030 ἡ
949 3961 1233 4032 ἐπιγραφὴ
1261 3960 1396 4031 (74),
1426 3960 1790 4032 ἐνστηλιτεύει

226 4050 331 4113 ταῖς
376 4053 614 4122 μνήμαις
661 4051 818 4122 ἡμῶν
857 4053 955 4123 τὴν
1006 4051 1144 4123 πρὸς
1186 4051 1248 4105 τὸ
1295 4051 1651 4122 ἀλλοιωθῆναι
1686 4053 1792 4121 ὑφ·-

228 4142 424 4212 ήγησιν,
451 4145 541 4197 διά
566 4141 677 4196 τῶν
716 4143 1006 4212 ἱστορικῶν
1032 4142 1447 4214 ὑποδειγμάτων
1482 4143 1579 4215 τὴν
1612 4144 1790 4197 ἀπαλ⁴

228 4230 380 4304 λαγὴν
410 4233 516 4288 τῶν
548 4233 894 4305 παθημάτων
922 4234 1351 4290 ὑποδεικνύουσα
1392 4235 1529 4304 (75).
1574 4236 1789 4290 Μᾶλλον

228 4323 273 4376 δ’
295 4324 354 4378 ἂν
390 4327 517 4397 ἡμῖν
559 4326 797 4398 φανερὸν
829 4326 1041 4395 γένοιτο
1073 4327 1136 4381 τὸ
1173 4326 1316 4384 κατά
1363 4326 1461 4397 τὴν
1505 4327 1788 4381 ἀλλοίωσιν

1897 3153 2020 3193 nem
2061 3148 2116 3192 et
2150 3139 2604 3209 expurgationem
2637 3149 2762 3209 apta
2799 3138 3169 3208 consumptis,
3217 3147 3390 3193 restat
3420 3149 3480 3192 ut

1897 3230 2103 3286 sterilis
2137 3237 2193 3286 et
2243 3231 2592 3301 salsuginosa
2639 3238 2785 3285 terra
2819 3246 2941 3300 qua:
2981 3230 3121 3284 nihil
3167 3237 3255 3286 est
3306 3229 3476 3294 aliud,

1897 3337 2059 3392 quam
2107 3321 2551 3376 adversariorum
2596 3322 2898 3384 exercitus,
2934 3321 3139 3376 virtute
3190 3329 3246 3377 et
3299 3321 3480 3391 gladio

1899 3414 2098 3470 summi
2135 3414 2487 3483 imperatoris
2519 3412 2846 3488 conficiatur
2895 3430 2908 3466 :
2950 3427 3059 3467 non
3112 3410 3256 3467 enim
3303 3412 3479 3465 victo-

1897 3507 2036 3560 riam
2098 3505 2166 3559 ab
2229 3504 2486 3561 hostibus
2552 3505 3002 3576 reportabimus,
3055 3503 3164 3560 nisi
3223 3504 3480 3574 princeps

1895 3597 2173 3652 exercitus
2203 3612 2426 3652 manum
2473 3597 2772 3661 extendat;
2827 3597 3255 3652 internecionem
3298 3605 3478 3650 autem

1895 3688 2138 3745 hostium
2171 3688 2426 3760 sequitur
2451 3697 2610 3745 certo
2644 3688 2839 3743 ordine
2867 3704 3004 3758 pax;
3048 3695 3104 3744 et
3135 3688 3252 3744 haec
3284 3694 3368 3742 cst
3394 3689 3478 3740 vi-

1895 3781 2089 3837 ctoria:
2115 3781 2309 3847 series,
2360 3781 2430 3836 ad
2479 3795 2644 3852 quam
2697 3769 2981 3851 Scriptura
3027 3779 3330 3850 respiciens
3377 3779 3481 3833 im-

1896 3870 2106 3940 primit,
2139 3871 2297 3940 quasi
2331 3870 2386 3925 in
2422 3871 2704 3936 columna,
2735 3871 2790 3924 in
2817 3871 3083 3925 memoria
3111 3880 3299 3926 nostra
3329 3885 3479 3926 com-

1895 3963 2354 4018 memorationem
2405 3962 2473 4018 de
2526 3962 2867 4026 mutatione,
2916 3963 3048 4017 dum
3100 3963 3365 4035 exemplis
3411 3979 3478 4018 ex

1894 4049 2126 4105 historia
2161 4049 2416 4105 adductis
2447 4050 2709 4114 ostendit,
2741 4050 3018 4119 quomodo
3048 4065 3078 4104 a
3110 4051 3480 4121 perturbatio-

1895 4143 2061 4198 nibus
2104 4143 2349 4214 expediri
2385 4154 2439 4198 et
2483 4143 2704 4199 liberari
2751 4146 3054 4216 pOSsimus.
3110 4145 3282 4216 Magis
3312 4161 3478 4216 porro

1895 4236 2203 4290 innotescet
2231 4233 2392 4290 nobis
2422 4234 2714 4306 disciplina
2745 4236 2813 4292 de
2850 4237 3172 4298 mutatione,
3203 4237 3248 4293 si
3282 4238 3477 4292 audia-

1893 4342 2017 4381 mus
2047 4325 2187 4381 alios
2216 4326 2545 4397 interpretes
2567 4368 2582 4393 ,
2621 4341 2858 4397 quorum
2907 4327 2998 4382 ille
3043 4325 3288 4397 quidem,
3319 4346 3339 4378 ‹
3370 4326 3478 4383 Pro

231 4413 456 4486 μάθημα,
486 4417 536 4470 εί
563 4419 677 4479 τοῖς
703 4414 912 4479 λοιποῖς
939 4415 1048 4469 τῶν
1089 4415 1370 4486 ἑρμηνέων
1401 4415 1514 4487 (76)
1561 4417 1787 4470 ἀκολου-

1897 4414 2143 4480 ﬂoribus,
2172 4435 2191 4469 ι
2219 4415 2382 4482 alius,
2416 4433 2438 4468 ι
2464 4415 2570 4472 Pro
2603 4415 2735 4472 liliis
2759 4433 2778 4469 ι
2812 4416 2998 4484 vertit,
3035 4417 3158 4472 loco
3187 4417 3305 4486 ejus
3328 4418 3474 4487 quod

229 4501 493 4578 θήσαιμεν,
518 4499 596 4561 ὧν
619 4509 648 4560 ὁ
676 4505 774 4578 μὲν
797 4524 814 4558 ι
838 4503 1012 4575 ’Υπὲρ
1033 4503 1140 4564 τῶν
1171 4503 1368 4571 ἀνθῶν,
1394 4523 1413 4558 ι
1435 4505 1464 4557 ὁ
1487 4504 1543 4557 δὲ
1575 4523 1592 4555 ι
1615 4505 1791 4577 Ὑπὲρ,

229 4596 323 4649 τῶν
356 4600 568 4669 κρίνων,
599 4618 618 4652 ι
647 4598 768 4652 ἀντὶ
802 4598 902 4668 τῆς
942 4595 1280 4661 ἀλλοιώσεως
1319 4596 1396 4667 τῷ
1439 4596 1582 4666 λόγῳ
1615 4613 1784 4667 προσ-

231 4687 448 4759 έγραψαν
504 4691 640 4761 (77).
692 4690 765 4742 Τό
824 4706 885 4743 τε
942 4687 1050 4760 γάρ
1109 4684 1268 4752 ᾇνθος
1315 4687 1644 4741 ἐνδείκνυται
1688 4687 1784 4740 τοῦ

230 4781 469 4859 χειμῶνος
496 4783 692 4855 τὴνείς
711 4781 808 4851 ἔαρ
840 4781 1165 4853 μεταϐολήν.
1193 4781 1372 4852 Ὅπερ
1400 4778 1653 4850 σημαίνει
1683 4779 1788 4850 τὴν,

231 4872 324 4924 ἀπὸ
361 4874 553 4939 κακίας
591 4875 671 4938 είς
706 4873 798 4933 τὸν
848 4874 970 4928 κατ’
1018 4873 1221 4945 ἀρετὴν
1263 4871 1376 4943 βίον
1427 4873 1776 4942 μετάστασιν.

233 4962 295 5014 Ἦ
321 4981 372 5017 τε
401 4967 492 5021 τοῦ
536 4968 726 5040 κρίνου
759 4966 881 5037 ὄψις
916 4966 1056 5038 πρὸς
1080 4966 1109 5020 ὅ
1153 4983 1207 5018 τι
1252 4967 1359 5036 χρὴ
1400 4965 1653 5034 γενέσθαι
1685 4963 1783 5036 τὴν

234 5051 504 5124 ἀλλοίωσιν,
535 5060 900 5132 διερμηνεύειο
945 5060 975 5112 ὁ
1022 5059 1131 5128 γὰρ
1172 5058 1240 5112 δι’
1273 5057 1610 5121 ἀλλοιώσεως
1647 5057 1786 5128 λαμ-

235 5146 352 5216 πρὸς
377 5152 677 5223 γενόμενος,
712 5153 957 5225 δηλονότι
1007 5151 1072 5204 ὲκ
1115 5151 1344 5220 μέλανός
1385 5169 1445 5204 τε
1498 5151 1592 5205 καὶ
1625 5154 1782 5205 ἐσκο-

237 5239 457 5307 τισμένου
488 5243 737 5317 λαμπρόν
778 5262 838 5298 τε
868 5246 963 5299 καὶ
983 5243 1234 5327 χιονῶδες
1258 5243 1394 5309 εἶδος
1428 5243 1782 5314 μεταλαμϐά-

298 5414 396 5489 (θδ)
425 5418 819 5489 Σημειούμενος
837 5433 947 5473 om.
975 5417 1064 5475 ed.

300 5485 398 5543 (69)
424 5485 625 5543 Aé'om.
655 5485 719 5544 ed
731 5530 744 5543 .

301 5555 399 5630 (λθ)
432 5559 951 5630 Κατεμπίμπραται,
979 5558 1068 5615 ed.

434 5622 737 5700 Ποταξιίοιξς
761 5622 847 5700 éd,

303 5694 404 5767 (η)
428 5694 754 5773 manus,
783 5699 872 5756 ed.

1893 4514 2014 4573 est,
2057 4526 2076 4560 ‹
2121 4507 2226 4564 Pro
2256 4507 2367 4573 his,
2402 4507 2496 4578 qui
2525 4505 3044 4563 commutabuntur:
3089 4526 3108 4559 ι
3167 4519 3296 4562 tunc
3329 4507 3472 4562 enim

1893 4597 1994 4655 ﬂos
2024 4597 2228 4669 prodit,
2261 4606 2385 4653 eum
2418 4598 2594 4655 hiems
2624 4599 2678 4654 in
2713 4616 2809 4655 ver
2837 4607 3101 4663 mutatur,
3135 4600 3279 4670 quod
3306 4601 3476 4672 signi-

1894 4687 2019 4744 ﬁcat
2053 4688 2440 4745 transitionem
2495 4705 2526 4743 a
2583 4689 2786 4744 malitia
2839 4689 2907 4745 ad
2957 4691 3123 4745 vitam
3173 4707 3240 4744 ex
3273 4691 3477 4748 virtute

1893 4791 2096 4838 actam.
2155 4781 2224 4837 At
2273 4784 2372 4837 lilii
2413 4794 2674 4856 aspectus
2706 4791 2914 4847 monet,
2947 4781 3014 4836 ad
3059 4781 3192 4853 quid
3226 4792 3478 4854 Oportcat

1891 4877 2250 4932 mutationem
2280 4876 2396 4930 ﬁeri
2432 4896 2444 4932 :
2483 4893 2606 4932 eum
2635 4875 2803 4938 enim,
2838 4875 2930 4947 qui
2966 4876 3272 4932 mutatione
3292 4879 3472 4949 splen-

1893 4965 2058 5024 didus
2086 4965 2316 5022 ell‘ectus
2355 4973 2462 5032 est,
2494 4967 2663 5038 liquet
2695 4982 2761 5020 ex
2792 4977 2912 5020 atro
2942 4974 2996 5022 et
3029 4966 3374 5023 tenebricoso
3403 4969 3468 5023 ad

1893 5058 2106 5114 niveam
2139 5057 2371 5114 formam
2406 5067 2832 5114 transmutatum
2865 5057 3100 5131 esse.§ln
3135 5061 3278 5112 omni
3307 5061 3462 5129 igitur

1891 5149 2252 5222 inscriptione
2297 5167 2418 5220 qua:
2449 5149 2632 5215 habet,
2686 5171 2704 5203 ι
2738 5149 2849 5206 Pro
2898 5151 2984 5208 his
3031 5151 3125 5221 qui
3172 5161 3472 5206 comunita-

1891 5241 2118 5304 buntur,
2149 5258 2168 5293 ι
2220 5240 2321 5295 hoc
2350 5243 2507 5311 quasi
2542 5242 2932 5297 documentum
2960 5241 3341 5312 accipiendum
3372 5255 3469 5296 ar-

1959 5415 2073 5488 (73)
2093 5417 2416 5488 Στρατειῶν,
2453 5418 2542 5474 ed.

1958 5487 2070 5556 (to
2099 5487 2314 5558 Γραφή,
2341 5487 2425 5558 ed.-

1958 5557 2071 5623 (75)
2110 5556 2581 5621 ’Ᾱποδεικνύουσα,
2609 5557 2695 5613 ed.

1958 5558 2050 5623 (75
2110 5557 2581 5621 ’Δποδεικνύουσα,
2609 5575 2633 5613 c

1955 5557 2071 5698 (76)
2104 5627 2504 5698 Ἐρμηνευτῶν,
2545 5627 2633 5684 ed.

1954 5698 2069 5770 (77)
2096 5698 2505 5770 Προσέγραφεν,
2539 5698 2630 5752 cd.
