3870 6220
354 252 361 257 ’
390 259 501 317 503

1643 274 1703 329 S.
1744 269 2074 329 GREGORII
2103 272 2401 332 NYSSENI

3531 276 3647 334 506

386 378 560 435 bitror
605 395 822 455 semper
861 370 1140 458 oportere,
1158 402 1255 460 per
1306 402 1494 443 curam
1542 387 1664 445 vita:
1698 390 1833 447 eniti
1891 388 1954 445 ad

2063 407 2163 446 νει.
2200 392 2358 447 Κατά
2398 395 2578 448 πᾶσαν
2608 380 2787 451 τοίνυν
2814 397 3148 470 ἐπιγραφὴν,
3278 396 3340 453 τὸ
3380 414 3402 451 t
3460 398 3643 471 Ὑπὲρ

384 472 743 530 mutationem
773 476 829 531 in
853 478 1069 536 melius.

2060 482 2170 538 τῶν
2199 484 2716 557 ἀλλοιωθησομένων
2750 505 2771 540 ι
2810 488 3284 561 προσγέγραπται,
3313 487 3518 558 ταύτην
3554 487 3643 542 ol-

385 576 485 651 μαι
530 562 642 618 δεῖν
676 564 925 637 δέχεσθαι
958 566 1057 640 τὴν
1086 568 1396 642 συμϐουλὴν
1426 569 1579 642 παρά
1600 570 1901 643 τοῦλόγου,
1937 570 2000 627 τδ
2032 571 2145 633 (78)
2186 573 2297 630 δεῖν
2324 572 2438 631 ἀεί’
2458 576 2550 631 διὰ
2575 574 2884 651 προσευχῆς
2910 580 3006 635 καὶ
3030 578 3346 651 ἐπιμελείας
3371 578 3472 633 τοῦ
3505 581 3643 649 βίου

381 650 689 723 κτήσασθαι
714 655 813 728 τὴν
845 656 941 712 ἐπὶ
967 658 1030 712 τὸ
1062 661 1309 730 κρεῖττον
1328 660 1632 717 ἀλλοίωσιν.

996 858 1225 915 CAPUT
1265 859 1331 913 Υ.

451 1030 748 1106 Inscriptio
778 1055 799 1090 ι
822 1035 931 1093 Pro
957 1040 1214 1105 occultis,
1247 1059 1267 1093 ι
1302 1049 1509 1097 rectam
1540 1041 1700 1098 nobis
1721 1042 1955 1114 diligen-

378 1124 513 1179 tiam
561 1136 609 1181 et
662 1128 1067 1186 accurationem
1115 1133 1263 1187 circa
1316 1131 1482 1188 Deum
1511 1137 1953 1204 cognoscendum

378 1215 655 1286 proponit.
704 1216 842 1273 Cum
887 1218 1033 1274 enim
1087 1232 1367 1277 extremus
1410 1223 1612 1278 animal.r
1651 1238 1814 1280 casus
1857 1224 1952 1290 sit,

378 1303 519 1360 falsa
543 1316 598 1361 et
619 1306 883 1366 oberrans
903 1308 973 1366 de
1002 1308 1113 1367 Deo
1145 1314 1615 1387 persuasio:(nam
1647 1315 1777 1386 quid
1810 1317 1957 1371 utili-

376 1396 509 1451 tatis
536 1411 604 1451 ex
636 1398 747 1454 ullo
777 1398 923 1455 bono
951 1403 1132 1473 capiat
1176 1405 1226 1461 is
1254 1405 1350 1475 qui
1374 1405 1550 1475 ipsum
1599 1406 1799 1461 benum
1842 1420 1956 1463 non

378 1481 613 1555 habet?)
668 1486 873 1544 idcirco
901 1499 1159 1562 tanquam
1194 1493 1476 1549 lucernam
1501 1495 1794 1565 quamdam
1828 1512 1956 1567 pro-

377 1576 533 1648 ponit
562 1579 660 1634 tibi
692 1580 980 1654 inscriptio
1003 1586 1269 1642 rationem
1301 1586 1697 1658 indagatricem
1722 1605 1955 1645 arcano—

2587 865 2983 923 ΚΕΦΑΛΑΙΟΝ
3019 863 3095 922 E'.

2141 1041 2209 1096 Ἦ
2235 1041 2292 1097 δὲ
2332 1063 2352 1096 ‹
2401 1044 2571 1119 Ὑπὲρ
2597 1044 2705 1101 τῶν
2742 1047 2989 1120 κρυφίων
3026 1066 3046 1100 ι
3078 1047 3380 1119 ἐπιγραφὴ,
3410 1046 3474 1100 τδ
3504 1038 3647 1118 πρε

2059 1131 2160 1203 τήν
2241 1134 2570 1204 θεογνωσίαν
2632 1137 2860 1208 ἀκριϐὲς
2929 1138 3232 1211 κατορθοῦν
3296 1136 3635 1191 ὑποτίθεται.

2072 1221 2289 1295 Ἐπειδὴ
2336 1226 2446 1297 γὰρ
2489 1227 2554 1281 τδ
2592 1227 2818 1300 ἔσχατον
2862 1230 3063 1299 πτῶμά
3103 1231 3219 1283 ἐστι
3264 1228 3441 1299 ψυχῆς
3474 1229 3508 1299 ἠ
3547 1227 3637 1281 δι-

2061 1315 2427 1385 ημαρτημένη
2456 1317 2586 1388 περὶ
2625 1318 2688 1371 τὺ
2735 1319 2888 1374 Θεϊον
2928 1320 3194 1391 ὑπόληψις
3217 1319 3290 1391 (τί
3321 1319 3430 1388 γὰρ
3458 1317 3523 1372 ἀν
3546 1334 3643 1381 τις

2059 1402 2310 1459 ἀπώνατο
2325 1406 2435 1479 (79)
2447 1407 2555 1461 τῶν
2579 1408 2821 1478 ἀγαθῶν,
2839 1412 2968 1465 αὐτὸ
2987 1411 3057 1465 rb‘
3069 1412 3272 1481 ἀγαθὸν
3291 1408 3549 1479 οὐκὲχων
3565 1410 3637 1475 ς).

2055 1494 2245 1553 τούτου
2278 1498 2462 1556 ἕνεκεν
2491 1493 2753 1556 οἷόιτινα
2787 1502 2978 1573 λύχνον
3024 1520 3105 1557 σοι
3144 1503 3415 1575 προτείνει
3452 1502 3640 1571 ἠέπε-

2056 1588 2243 1661 γραφὴ
2275 1590 2365 1643 τὸν
2390 1592 2738 1663 ἐρευνητικὺν
2766 1591 2876 1646 τῶν
2902 1594 3147 1664 κρυφίων
3169 1595 3269 1664 τῆς
3303 1591 3636 1661 θεογνωσίατ

378 1682 525 1735 rum,
558 1671 761 1742 quibus
784 1673 879 1731 Dei
907 1677 1149 1747 cognitio
1181 1678 1423 1734 involuta
1456 1691 1559 1747 est,
1593 1682 1755 1751 cujus
1788 1692 1952 1752 caput

2063 1680 2231 1749 λόγον,
2259 1676 2329 1755 ἧς
2370 1682 2671 1751 κεφάλαιόν
2708 1685 2856 1737 ἐστιν
2900 1684 2933 1756 ῆ
2978 1685 3060 1749 είς
3108 1684 3201 1738 τὸν
3253 1683 3382 1738 Υἰὸν
3424 1682 3632 1744 πίστις.

374 1767 435 1814 et
459 1773 671 1816 summa
694 1771 781 1821 est
802 1764 935 1821 iides
961 1769 1016 1821 iu
1049 1766 1278 1837 Filium;
1305 1768 1440 1824 dicit
1466 1770 1613 1825 enim
1640 1770 1951 1842 inscriptio,

381 1870 402 1905 ι
430 1850 539 1909 Pro
565 1857 796 1914 occultis
828 1855 973 1924 Filii,
1005 1878 1025 1910 ι
1066 1876 1192 1915 nam
1236 1874 1364 1917 vere
1396 1863 1672 1918 occultum
1730 1871 1816 1919 est
1853 1880 1954 1921 ens

376 1945 533 2012 illud,
564 1955 619 2002 et
647 1964 747 2005 nec
776 1951 1093 2021 cogitationi
1124 1968 1227 2009 nec
1268 1955 1517 2025 aspectui
1559 1956 1830 2026 pervium,
1865 1969 1954 2012 ut-

375 2048 503 2108 pote
526 2054 742 2098 omnem
777 2045 1143 2115 cognoscendi
1174 2046 1283 2100 vim
1334 2054 1390 2102 et
1440 2046 1759 2102 facultatem
1795 2049 1954 2120 longe

374 2131 666 2197 excedens,
697 2133 787 2189 cui
831 2136 926 2206 qui
970 2150 1068 2208 per
1099 2136 1255 2193 [idem
1287 2138 1712 2210 appropinquat,
1744 2140 1793 2195 is
1823 2156 1952 2196 vere

376 2218 444 2275 ad
474 2222 716 2280 victoria!
763 2224 923 2282 linem
965 2229 1255 2299 processit.
1304 2229 1464 2286 ltatio
1491 2230 1612 2301 ejus
1641 2232 1953 2303 inscriptio-

374 2311 485 2376 nis,
519 2325 540 2363 ‹
568 2310 675 2369 Pro
702 2326 765 2371 ea
795 2331 918 2387 qua:
943 2317 1319 2373 haereditatem
1354 2322 1733 2391 consequitur,
1766 2343 1784 2375 ι
1836 2338 1951 2377 ma-

336 2420 342 2427 ·
372 2402 577 2461 nifesta
606 2416 713 2463 est.
765 2406 1040 2480 Propheta
1089 2412 1235 2467 enim
1270 2428 1369 2483 pro
1395 2414 1599 2479 anima,
1630 2429 1750 2485 qtta-
1781 2416 1951 2471 haere-

373 2494 545 2552 ditate
567 2500 788 2570 propria
811 2501 1038 2568 excidit,
1062 2504 1281 2574 quando
1306 2510 1633 2576 praeceptum
1657 2505 1747 2562 Dei
1774 2516 1953 2563 trans—

371 2598 580 2658 gressa:
624 2588 706 2644 sol
756 2590 1035 2659 occubuit,
1081 2592 1223 2648 hanc
1258 2595 1327 2648 ad
1360 2595 1530 2649 Deum
1581 2596 1949 2665 precationem

372 2676 574 2745 fundit,
599 2687 660 2735 ut
683 2695 843 2738 mane
868 2683 1066 2739 iterum
1097 2684 1351 2743 tenebras
1376 2685 1635 2756 deponat,
1658 2693 1713 2741 et
1736 2687 1950 2742 dulcem

374 2767 525 2824 illam
569 2785 759 2829 vocem
791 2772 983 2831 audire
1016 2784 1292 2831 mereatur
1322 2794 1336 2830 :
1372 2794 1399 2827 ο
1422 2773 1641 2840 Venite,
1674 2776 1950 2831 benedicti

372 2856 552 2917 Patris
580 2864 709 2929 mei,
744 2867 1007 2935 percipite
1035 2875 1283 2938 paratum
1317 2867 1472 2924 vobis
1502 2884 1728 2940 regnum
1756 2884 1787 2924 a
1813 2884 1949 2925 con-

374 2953 658 3013 stitutione
681 2958 867 3013 tuundi
891 2959 957 3013 “.
972 2979 992 3012 ο

443 3065 555 3123 Nec
580 3067 914 3126 aberravcrit
936 3070 1060 3141 quis
1076 3085 1108 3126 ιι
1125 3069 1374 3135 veritate,
1391 3071 1435 3126 si
1456 3069 1706 3126 eumdem
1728 3085 1950 3128 sensum

374 3158 683 3229 subjectum
718 3160 866 3216 dicat
894 3162 994 3227 illi,
1013 3178 1135 3234 quae
1148 3170 1255 3225 est.
1279 3181 1299 3216 ι
1325 3162 1430 3217 Pro
1453 3164 1802 3233 susceptione
1839 3176 1955 3216 ma-

372 3250 649 3305 tutina".
682 3269 702 3303 ι
740 3250 802 3307 in
844 3251 1130 3324 Scriptura
1160 3253 1307 3309 enim
1342 3256 1621 3308 communi
1657 3263 1954 3310 consuetu-

374 3341 504 3399 dine
518 3350 747 3397 vocatur
763 3352 961 3399 aurora
983 3362 1002 3395 ι
1022 3343 1382 3399 matutinum:
1404 3362 1423 3396 ι
1444 3351 1529 3399 est
1550 3353 1731 3398 autem
1756 3357 1956 3398 aurora

374 3440 592 3504 tempus
626 3436 774 3489 nocti
805 3445 858 3491 et
890 3434 999 3491 diei
1031 3435 1582 3507 conterminum.quo
1616 3437 1707 3491 illa
1732 3435 1955 3506 quidem

374 3521 600 3590 desinit,
625 3523 741 3579 haec
771 3523 979 3594 incipit.
1023 3524 1160 3581 Cum
1197 3540 1329 3581 vero
1367 3524 1649 3597 Scriptura
1686 3542 1829 3597 saepe
1859 3540 1958 3598 per

375 3615 651 3681 tenebras,
675 3617 829 3686 quasi
853 3632 950 3688 per
978 3626 1349 3690 tegumentum
1370 3618 1667 3691 quoddam,
1690 3620 1955 3674 malitiam

376 3707 669 3779 signiticet,
701 3708 781 3774 iit,
824 3718 883 3765 ut
910 3710 1129 3780 quando
1162 3711 1321 3768 nobis
1352 3712 1538 3767 divina
1579 3726 1682 3782 ope
1726 3711 1951 3781 adjutis.

378 3800 492 3855 vita
520 3801 826 3858 secundum
852 3803 1108 3857 virtutem
1145 3803 1407 3859 instituta
1422 3804 1697 3869 exoritur,
1731 3810 1863 3857 tunc
1888 3802 1956 3856 ad

378 3893 667 3949 victoriam
692 3894 1094 3965 perveniamIIs,
1122 3912 1140 3945 ι
1164 3895 1503 3966 deponentes
1525 3909 1692 3966 opera
1715 3894 1960 3949 tenebra-

378 3999 525 4051 rum,
555 3992 630 4050 et,
653 3993 713 4039 ut
739 3986 795 4040 in
823 3986 933 4051 die,
952 3986 1180 4042 lioneSte
1202 3986 1571 4053 ambulantes,
1590 4003 1609 4037 ι
1639 3994 1696 4040 ιιι
1717 3985 1961 4055 loquitur

375 4075 675 4147 Apostolus
694 4075 762 4130 ³³.

449 4189 573 4247 Non
605 4191 765 4263 longe
799 4207 829 4246 a
852 4191 964 4262 jam
998 4190 1286 4262 esplicatis
1312 4188 1427 4243 abit
1452 4187 1591 4243 ratio
1626 4205 1645 4237 ι
1668 4178 1911 4242 Οοιονεε,
1933 4206 1958 4239 ν

379 4285 572 4341 Omnis
601 4286 747 4340 enim
773 4300 905 4340 cura
928 4299 1090 4354 quam
1119 4283 1227 4338 vita
1240 4280 1462 4337 virtutis
1492 4275 1687 4335 cultrix
1707 4279 1958 4349 suscipit,

2056 1770 2211 1826 Οῦτω
2234 1772 2348 1844 γάρ
2367 1789 2531 1843 φησιν
2564 1774 2659 1827 καὶ
2694 1773 2808 1843 (80)
2840 1777 2874 1846 ἠ
2917 1775 3218 1846 ἐπιγραφὴ,
3252 1793 3271 1826 ι
3320 1772 3491 1845 ’Υπὲρ
3517 1771 3641 1826 τῶν

2055 1864 2300 1935 κρυφίων
2327 1863 2423 1917 τοῦ
2462 1865 2616 1919 Υίσῦ.
2655 1884 2675 1917 ι
2705 1865 2951 1937 Κρύφιον
2987 1866 3098 1939 γὰρ
3135 1866 3212 1929 ὡς
3254 1865 3365 1937 (81)
3413 1864 3637 1936 ἀληθῶς

2054 1956 2230 2009 ἐκεῖνό
2267 1957 2435 2022 ἐστιν,
2480 1956 2542 2009 τὸ
2586 1958 2954 2027 ἀκατανὸητόν
2997 1975 3058 2012 τε
3099 1958 3195 2011 κα).
3236 1957 3486 2024 ἀόρατον,
3531 1957 3637 2010 καὶ

2054 2045 2234 2116 πάσης
2276 2044 2666 2117 ὑπερκείμενον
2697 2045 3108 2118 καταληπικῇς
3135 2044 3395 2109 ἐπινοίας,
3420 2037 3574 2117 ᾧπερ
3602 2046 3637 2097 6

2054 2137 2424 2209 προσεγγίσας
2440 2138 2527 2191 διὰ
2558 2140 2661 2208 τῆς
2680 2137 2933 2201 πίστεως,
2953 2138 3033 2201 είς
3050 2137 3111 2191 ὠ
3132 2140 3231 2210 τῆς
3250 2136 3407 2207 νίκης
3426 2135 3637 2204 ἔφθασε

2051 2229 2226 2293 τέλος.
2283 2231 2340 2282 Ὀ
2387 2229 2445 2282 δὲ
2494 2249 2512 2280 ι
2562 2229 2735 2302 ’Υπὲρ
2768 2232 2867 2302 τῆς
2905 2227 3349 2299 κληρονομούσης
3393 2247 3414 2280 ι
3447 2227 3634 2295 λόγος,

2052 2318 2206 2393 δῆλός
2228 2323 2398 2377 ἐστιν.
2423 2321 2598 2393 ’Υπὲρ
2612 2320 2721 2390 γὰρ
2740 2324 2839 2393 τῆς
2852 2320 3027 2391 ψυχῆς
3043 2320 3141 2390 τῆς
3165 2319 3259 2373 τοῦ
3278 2319 3408 2373 ἰδίου
3424 2319 3649 2389 κλήρους

2052 2413 2228 2466 ἀποπε
2238 2411 2557 2483 σούσης,ῦτε
2580 2411 2742 2465 ἐπέδυ
2767 2410 2844 2482 τῷ
2867 2411 2966 2483 τὴν
2985 2410 3202 2482 ἐντολὴν
3225 2408 3638 2481 παραδεδηκάτι

2051 2506 2080 2557 6
2107 2504 2274 2574 ἥλιος,
2307 2504 2407 2572 τὴν
2436 2502 2670 2570 ἔντευξιν
2698 2501 2906 2575 ταύτην
2932 2502 3199 2574 προσάγει
3218 2501 3295 2572 τῷ
3313 2499 3431 2572 Θεῷ
3448 2502 3477 2553 ὁ
3493 2497 3639 2572 Προ-

2053 2600 2255 2666 φήτης,
2271 2596 2356 2649 ἵνα
2377 2596 2435 2647 ἐν
2454 2596 2634 2667 πρωῒᾳ
2652 2593 2896 2664 γένηται”
2909 2593 3068 2647 πάλιν
3091 2591 3402 2661 ἀποθεμένη
3422 2590 3484 2643 τδ
3504 2590 3651 2643 σκόδε

2049 2700 2160 2753 τος,
2194 2687 2290 2742 καὶ
2313 2687 2412 2758 τῆς
2437 2687 2696 2756 γλυκείας
2728 2684 2943 2755 ἐκείνης
2972 2685 3156 2756 φωνῆς
3180 2682 3302 2748 ἀξία
3327 2684 3573 2754 γένηται,
3594 2683 3637 2752 ἧ

2053 2796 2186 2850 φησι
2218 2779 2353 2850 πρὸς
2392 2780 2520 2843 τοὺς
2552 2778 2625 2832 ὲκ
2654 2777 2877 2842 δεξιῶν·
2913 2797 2932 2827 ι
2979 2775 3166 2840 Δεῦτε,
3200 2777 3248 2829 οἱ
3278 2774 3638 2844 εὐλογημένοι

2050 2871 2145 2924 τοῦ
2181 2872 2394 2942 Πατρός
2426 2886 2559 2941 μου,
2600 2869 3046 2942 κληρονομήσατε
3077 2868 3177 2940 τὴν
3222 2866 3639 2938 ἡτοιμασμένην

2054 2962 2182 3033 ὑμῖν
2213 2962 2486 3032 βασιλείαν
2506 2962 2614 3016 ἀπὸ
2639 2960 2942 3032 καταϐολῆς
2966 2960 3195 3032 κόσμου.
3232 2978 3251 3013 ι

2125 3075 2198 3129 Τὸ
2223 3076 2355 3129 αὐτὸ
2394 3074 2579 3136 τοῦτο,
2607 3075 2702 3128 καὶ
2741 3092 2760 3126 t
2801 3073 2973 3145 Ὑπὲρ
3005 3072 3103 3142 τῆς
3145 3068 3375 3140 ἑωθινῆς
3416 3067 3639 3138 ἀντιλήέ·

2053 3165 2229 3235 ψεως,
2275 3186 2295 3218 ι
2328 3166 2411 3225 τὶς
2447 3167 2674 3234 νοήσας,
2723 3164 2823 3220 οὐκ
2872 3163 2940 3218 ἂν
2982 3161 3220 3233 ἁμάρτοι
3257 3158 3354 3213 τοῦ
3402 3158 3632 3222 δέοντος.

2058 3256 2288 3326 Ὀρθρον
2319 3253 2428 3321 γὰρ
2449 3274 2467 3306 ι
2489 3255 2587 3322 τὴν
2613 3248 2843 3321 ἑωθινὴν
2864 3270 2884 3304 ι
2909 3253 2943 3322 ή
2972 3253 3072 3324 τῆές
3118 3251 3339 3324 Γραφῆς
3378 3250 3639 3321 ὀνομάζει

2055 3343 2329 3415 συνήθεια.
2391 3343 2450 3397 'O
2489 3342 2548 3396 δὲ
2588 3342 2816 3415 ὄρθρος,
2864 3342 3055 3413 χρόνος
3106 3341 3255 3395 ἐστὶν
3297 3340 3492 3404 νυκτὸς
3540 3336 3640 3393 καὶ

2054 3435 2267 3509 ἡμέρας
2318 3434 2587 3506 μεθόριος,
2630 3434 2751 3488 καθ’
2797 3433 2857 3487 δν
2906 3434 2945 3505 ἡ
2993 3434 3092 3505 μὲν
3122 3431 3468 3502 ἀφανίζεται,
3508 3432 3543 3503 ἡ
3577 3431 3641 3484 δὲ

2055 3530 2302 3598 ἄρχεται.
2333 3522 2447 3597 Τῆς
2484 3525 2541 3579 δὲ
2579 3526 2780 3589 κακίας
2826 3523 3091 3597 πολλαχοῦ
3132 3525 3234 3596 τῆς
3276 3524 3501 3595 Γραφῆς
3546 3522 3641 3577 διὰ

2055 3618 2148 3672 τοῦ
2190 3618 2412 3683 σκότους
2443 3621 2500 3672 ὲν
2544 3619 2825 3689 αἰνίγματι
2869 3618 3188 3688 νοουμένης,
3241 3616 3368 3669 ὅταν
3408 3615 3641 3685 γένηται

2056 3713 2190 3782 ἡμῖν
2230 3713 2295 3764 ὲκ
2334 3711 2489 3774 θείας
2532 3710 2872 3781 ἀντιλήψεως
2902 3712 2935 3781 ἡ
2968 3710 3061 3763 τοῦ
3104 3710 3221 3763 κατ’
3259 3707 3462 3779 ἀρετὴν
3517 3704 3641 3775 βίου

2057 3802 2286 3873 ἀνατολὴ
2309 3842 2325 3865 ,
2350 3803 2470 3855 τότε
2494 3802 2631 3874 πρὸς
2663 3802 2763 3871 τὴν
2804 3800 2962 3869 νίκην
2994 3798 3278 3868 φθάσομεν
3294 3794 3433 3867 (82),
3455 3813 3476 3846 ι
3497 3796 3639 3848 ἀπο-

2060 3897 2275 3967 θέμενοι
2294 3898 2363 3949 τά
2391 3895 2526 3966 ἔργα
2546 3893 2645 3948 τοῦ
2663 3892 2907 3955 σκότους,
2929 3893 3024 3945 καὶ
3048 3891 3125 3954 ὡς
3143 3891 3203 3944 ὲν
3224 3888 3409 3959 ἡμέρᾳ
3438 3886 3641 3956 εὐσχη-

2067 3988 2244 4060 μόνως
2276 3985 2725 4059 περιπατοῦντες,
2742 4002 2761 4036 ι
2784 3981 2968 4047 καθώς
2987 3995 3154 4052 φησιν
3172 3982 3200 4036 ὁ
3228 3977 3572 4042 Ἀπόστολος.

2141 4192 2338 4262 Ἐγγὺς
2362 4184 2472 4243 τῶν
2500 4185 2881 4259 ὲξητασμένων
2912 4185 3007 4238 καὶ
3031 4186 3060 4238 6
3087 4185 3185 4254 τῆς
3207 4203 3225 4233 ‹
3250 4182 3473 4251 Ὀγδόης
3502 4200 3522 4232 ι
3548 4179 3642 4233 λό-

2060 4302 2155 4355 γος
2191 4281 2326 4336 ὲστί.
2363 4281 2518 4333 Πᾶσα
2564 4277 2673 4349 γὰρ
2708 4274 2994 4346 ἐπιμέλεια
3036 4275 3138 4343 τῆς
3182 4273 3439 4343 ἐναρέτου
3494 4273 3645 4342 ζωῆς

380 4379 449 4435 ad
504 4378 751 4433 futurum
798 4376 1057 4431 sarculum
1111 4372 1375 4443 respicit,
1422 4372 1582 4441 cujus
1629 4370 1954 4444 principium

2063 4373 2193 4445 πρὸς
2213 4367 2302 4424 τὸν
2326 4367 2522 4438 ἐφεξῆς
2547 4366 2718 4421 αἶῶνα
2742 4360 2939 4434 βλέπει.
2967 4358 3043 4417 Οὗ
3068 4364 3101 4433 ἡ
3133 4361 3245 4433 (85)
3270 4362 3414 4433 ἀρχὴ
3446 4361 3641 4431 Ὠγδόη

377 4469 584 4524 Octava
642 4463 886 4528 dicitur,
943 4461 1247 4518 succedens
1273 4462 1520 4518 sensibili
1545 4461 1676 4517 huic
1697 4463 1952 4531 tempori,

379 4550 526 4620 quod
569 4550 881 4621 septenario
929 4566 1160 4606 numero
1212 4553 1535 4608 absolvitur.
1577 4552 1758 4608 Monet
1792 4554 1957 4623 igitur

298 4664 307 4671 ’
380 4641 687 4713 inscriptio,
722 4661 741 4693 ι
766 4640 873 4696 Pro
901 4640 1126 4706 Octava,
1160 4660 1179 4693 ι
1222 4658 1292 4697 ne
1317 4643 1509 4698 oculos
1540 4643 1605 4698 ad
1634 4652 1953 4713 praesentem

379 4732 644 4805 temporis
670 4739 874 4792 statum
901 4731 1287 4802 conjiciatnus,
1338 4728 1434 4784 sed
1473 4736 1534 4783 ut
1570 4728 1637 4782 ad
1691 4728 1948 4786 Octavam

380 4824 762 4895 respiciamus.
795 4816 931 4878 Nam
984 4821 1207 4893 quando
1250 4820 1431 4876 iluxus
1461 4821 1551 4876 hic
1578 4829 1633 4877 et
1675 4821 1956 4875 mutabilis

380 4923 559 4973 status
608 4914 872 4985 tempbris
920 4909 1165 4979 desierit,
1216 4912 1271 4966 in
1320 4927 1432 4982 quo
1485 4911 1634 4966 aliud
1687 4912 1954 4977 nascitur,

382 5007 528 5063 aliud
577 5005 970 5076 corrumpitur,
1002 5019 1179 5073 neque
1222 4990 1466 5073 amplius
1512 5018 1650 5073 Opus
1685 5003 1870 5069 fuerit,
1898 5013 1959 5057 ut

382 5098 628 5172 quaedam
656 5102 981 5161 nascantur,
1022 5094 1270 5166 quaedam
1318 5093 1708 5162 dissolvantur,
1739 5104 1956 5166 sperata

2061 4463 2302 4532 λέγεται,
2340 4459 2432 4512 τὸν
2477 4456 2732 4528 αίσθητὸν
2780 4452 3140 4524 διαδεξαμένη
3188 4451 3401 4523 χρόνον,
3443 4452 3537 4504 τὸν
3582 4453 3645 4504 ὲν

2063 4553 2353 4623 ἑϐδομάσιν
2375 4546 2678 4604 ἀνακυκλού
2686 4562 2864 4617 μενον.
2879 4542 3243 4617 Συμϐουλεύει
3263 4542 3444 4595 τοίνυν
3467 4543 3501 4612 ἡ
3523 4542 3642 4612 (84)

2065 4644 2204 4713 ὑπὲρ
2224 4644 2322 4713 τῆς
2354 4659 2372 4693 ι
2394 4637 2613 4711 Ὀγδόης
2646 4657 2664 4689 ι
2696 4630 2997 4708 ἐπιγραφὴ,
3019 4632 3093 4705 μὴ
3117 4632 3254 4704 πρὸς
3279 4632 3369 4686 τὸν
3396 4632 3647 4701 παρόντα

2066 4733 2283 4805 βλέπειν
2329 4731 2539 4802 χρόνον,
2593 4726 2728 4782 ἀλλά
2792 4728 2931 4796 πρὸς
2996 4721 3095 4794 τὴν
3182 4716 3405 4788 Ὀγδόην
3484 4723 3621 4792 ὀρᾷν

2065 4824 2237 4875 Ὅταν
2272 4820 2382 4892 γάρ
2410 4822 2439 4872 6
2467 4818 2671 4889 ῥοώδης
2703 4809 2879 4879 οὗτος,
2905 4814 2999 4868 καὶ
3033 4812 3327 4883 παροδικὺς
3358 4812 3468 4865 παῦ
3482 4829 3649 4883 σηταε

2063 4913 2273 4983 χρόνος,
2300 4913 2357 4962 ὲν
2380 4902 2425 4977 ᾧ
2450 4908 2511 4961 τὸ
2550 4905 2647 4978 μὲν
2679 4905 2912 4974 γίνεται,
2942 4903 3003 4955 τὸ
3030 4901 3088 4954 δὲ
3117 4899 3304 4954 λύεται
3324 4916 3337 4927 ·
3379 4900 3475 4954 καὶ
3504 4917 3648 4967 παρ·

2065 5003 2194 5077 ἐλθῃ
2222 5003 2319 5073 μὲν
2360 5003 2394 5071 ἡ
2431 4999 2526 5053 τοῦ
2555 4997 2808 5067 γενέσθαι
2840 4993 3018 5066 χρεία,
3051 4993 3246 5065 μηκέτι
3272 4993 3329 5047 δὲ
3360 4992 3423 5046 τὸ
3453 4991 3650 5063 λυόμε·

2063 5111 2153 5148 νον
2189 5090 2247 5166 ᾗ,
2275 5093 2373 5163 τῆς
2405 5087 2767 5161 ἐλπιζομένης
2818 5086 3168 5151 ἀναστάσεως
3205 5088 3286 5148 εἰς
3323 5084 3492 5152 ἀλλην
3521 5085 3647 5142 τινὰ

455 5270 500 5306 ³⁸
531 5272 722 5330 Matth.
747 5290 875 5343 xxv,
904 5272 995 5329 All.
1072 5274 1117 5307 "
1145 5271 1292 5333 Psal.
1326 5286 1438 5337 xxi,
1475 5273 1527 5331 ί.
1603 5272 1648 5306 ³³
1679 5272 1837 5329 Rom.
1866 5288 1988 5341 xm,
2027 5267 2113 5326 l5.

459 5445 572 5514 (78)
604 5449 794 5503 Omnia
828 5448 896 5503 ad
924 5449 1040 5512 βίου
1061 5465 1172 5507 om.
1201 5449 1289 5507 ed'.

451 5515 566 5583 (79)
599 5518 900 5584 Ἀπόναιτο,
937 5520 1026 5574 ed.

458 5584 572 5655 @0)
599 5587 708 5639 Καί
730 5604 840 5641 οιιι.
866 5589 955 5643 ed.

461 5651 578 5736 (δι)
617 5655 702 5722 Ὠς
722 5672 834 5712 om.
873 5658 963 5714 ed.

2133 5447 2248 5517 (89)
2275 5446 2597 5517 Φθάσωμεν,
2637 5445 2725 5501 ed.

2294 5517 2359 5588 Ἦ
2381 5532 2492 5570 om.
2519 5516 2603 5588 ed.

2136 5585 2250 5659 (84)
2290 5587 2353 5640 Ἦ
2383 5601 2494 5641 οιιι.
2528 5585 2619 5641 ed.
