3838 6224
107 324 200 383 595

1503 325 1574 383 ΙΝ
1611 324 1948 384 ΡΒΑΙδΜΟΞ.

3256 319 3364 375 506

106 446 240 515 ζωῆς
273 445 604 501 κατάστασιν
644 444 1157 516 μεταστοιχειούσης
1198 443 1300 516 τὴν
1347 443 1540 515 φύσιν·
1575 445 1671 500 καὶ

1777 443 2193 502 resurrectione
2224 454 2636 514 corporumque
2688 437 3034 509 reparatione
3081 437 3137 492 in
3198 437 3362 494 aliain

107 541 137 609 ἡ
173 535 430 608 παροδικὴ
461 534 565 591 τοῦ
606 534 800 606 χρόνου
836 533 1114 606 παύσηται
1153 534 1334 604 φύσις,
1380 535 1482 607 τῆς
1529 535 1671 590 κατὰ

108 629 306 698 γένεσιν
341 627 436 680 καὶ
474 623 683 696 φθορὰν
725 623 1006 694 ἐνεργείας
1056 624 1258 695 μηκέτι
1297 621 1498 696 οΰσηςο
1539 625 1670 696 στήιι

111 735 244 775 σεται
269 717 508 780 πάντως,
549 717 640 769 καὶ
665 719 698 786 ὴ
731 716 965 786 ἑϐδομὰς
989 717 1022 787 ή
1053 715 1400 787 ἐκμετροὼα
1425 715 1517 770 τὸν
1545 713 1671 788 χρό-

111 832 208 878 νον,
237 811 332 866 καὶ
367 809 665 874 διαδέξεται
708 810 742 879 ἡ
786 808 979 878 ὐγδὸη
1040 807 1224 879 ἐκείνη
1247 849 1262 872 ,
1306 810 1428 878 ἥτις
1463 809 1611 862 ἐστὶν
1642 809 1672 862 6

111 905 289 975 ἑφεξῆς
312 902 468 967 αίὼν,
495 902 614 964 ὅλος
644 901 741 970 μία
764 901 949 970 ἡμέρα
979 901 1293 971 γενόμενος,
1327 899 1508 965 καθώς
1538 901 1669 972 φησί

110 1015 182 1061 τις
208 995 310 1049 τῶν
332 991 644 1064 προφητῶν,
676 1017 695 1042 ι
731 991 994 1061 Μεγάλην
1023 993 1236 1063 ἡμέραν
1272 1011 1290 1042 ι
1329 991 1426 1062 τὴν
1453 992 1672 1056 ἐλπιζο-

114 1087 261 1158 μένην
285 1084 558 1154 ὀνομάσας
588 1083 755 1154 ζωήν.
797 1083 1013 1154 Ἐπειδὴ
1046 1085 1144 1152 οὐχ
1176 1085 1206 1137 6
1237 1083 1493 1155 αἰσθητὸς
1521 1085 1670 1156 ἥλιος

112 1177 312 1247 φωτίζει
343 1177 441 1247 τὴν
467 1175 683 1247 ἡμέραν
711 1176 949 1248 εκείνην,
992 1177 1128 1230 ἀλλὰ
1157 1176 1220 1229 τὸ
1258 1176 1508 1247 ἀληθινὸν
1531 1177 1665 1247 φῶς,

111 1269 248 1340 ὁτῆς
280 1265 622 1338 δικαιοσύνης
663 1269 849 1340 ἥλιος,
891 1269 950 1332 ὃς
997 1290 1014 1319 ι
1064 1268 1325 1340 Ἀνατολὴ
1372 1289 1390 1320 ι
1437 1269 1545 1322 ὑπὸ
1570 1271 1670 1340 τῆς

112 1357 421 1432 προφητείας
451 1359 908 1430 κατονομάζεται,
930 1360 1021 1412 διᾶ
1047 1361 1111 1412 τδ
1141 1358 1415 1431 μηδέποτε
1442 1358 1672 1432 δυσμαίξ

113 1451 588 1520 συγκαλύπτεσθαι.

173 1560 240 1616 Τὸ
261 1562 315 1616 δὲ
336 1563 464 1616 αὐτὸ
482 1563 641 1615 τοῦτο
661 1561 754 1615 καὶ
769 1563 835 1615 ἐν
849 1565 970 1626 ταῖς
989 1563 1174 1634 (Υπὲρ
1192 1562 1302 1617 τῶν
1315 1563 1493 1634 ληνῶν
1514 1585 1532 1616 ›
1552 1567 1678 1619 ἐπι·-

113 1659 325 1726 τραφαῖς
353 1658 673 1725 ἐνοήσαμεν.
715 1654 777 1707 Ἢ
809 1655 919 1726 γὰρ
947 1655 1128 1726 ληνὸς,
1160 1657 1305 1710 οίνου
1335 1658 1483 1710 ἐστὶν
1507 1659 1672 1728 ὲργα⁶

1773 535 2066 608 quamdam
2085 534 2211 589 vitze
2231 532 2602 589 conditiOnem
2634 539 2887 585 naturam
2917 538 3163 586 nostram
3183 535 3364 586 trans-

1773 636 2043 690 mutante,
2080 626 2300 682 sublata
2329 625 2550 696 penitus
2583 623 2733 678 omni
2761 621 2998 687 actione,
3033 635 3155 691 quae
3177 619 3245 675 ad
3272 635 3363 674 or-

1771 727 1888 776 tum
1916 720 2003 775 vel
2038 719 2318 775 interitum
2367 724 2608 788 spectat;
2652 725 2783 769 tunc
2809 714 3036 768 omnino
3079 713 3246 768 etiam
3276 729 3336 768 se

1772 815 2019 877 ptimana
2051 811 2178 875 ista,
2213 817 2430 879 tempus
2459 807 2752 862 dimetiens
2787 815 2842 862 et
2873 804 3361 870 circumscribens,

1775 903 2016 967 ﬁnietur,
2047 900 2414 969 succedetque
2441 898 2651 954 Octava
2691 897 2802 963 illa,
2829 912 2952 968 quae
2980 905 3064 952 est
3097 896 3358 952 saeculum

1775 995 2038 1056 futurum,
2065 999 2175 1047 tota
2207 991 2376 1046 unico
2411 989 2499 1044 die
2529 989 2947 1058 comprehensa,
2973 995 3030 1042 ut
3051 997 3104 1042 et
3125 986 3362 1058 prophe-

1773 1093 1951 1139 tarum
1983 1083 2273 1154 quispiam’
2304 1090 2560 1143 testatur,
2611 1081 2704 1150 qui
2737 1081 2928 1146 vitam,
2960 1095 3125 1149 quatn
3177 1094 3359 1148 spera-

1775 1191 1913 1239 mus,
1948 1195 1979 1226 ι
1994 1189 2252 1244 magnum
2283 1173 2426 1227 diem
2444 1173 2487 1203 “
2523 1191 2542 1223 ι
2581 1171 2906 1230 nominavit.
2955 1185 3079 1224 cum
3110 1185 3217 1224 non
3257 1171 3360 1224 iste

1774 1263 1856 1317 sol
1902 1262 2136 1318 visibilis
2171 1263 2315 1316 diem
2361 1261 2514 1315 illum
2550 1261 2925 1314 illustraturus
2959 1259 3051 1322 sit,
3087 1259 3184 1314 sed
3229 1275 3362 1314 vera

1773 1355 1861 1410 illa
1915 1357 2045 1421 lux,
2079 1353 2171 1410 Sol
2207 1353 2470 1425 justitiaa,
2501 1353 2596 1423 qui
2636 1371 2655 1404 ι
2689 1351 2942 1406 Oriens“
2975 1371 2992 1402 ι
3034 1366 3063 1403 a
3085 1351 3365 1420 Propheta

1773 1443 2095 1514 appellatur,
2119 1459 2185 1499 eo
2222 1442 2370 1514 quod
2394 1442 2463 1497 ab
2485 1455 2687 1497 occasu
2721 1455 3000 1511 nunquam
3032 1441 3357 1495 occultetur.

1843 1552 1986 1607 Idem
2033 1567 2230 1608 sensus
2267 1551 2550 1620 subjectus
2581 1559 2666 1604 est
2713 1549 2825 1604 illis
2860 1547 3366 1618 inscriptionibus,

1773 1659 1893 1712 quae
1927 1644 2126 1698 habent
2162 1658 2176 1694 :
2234 1661 2252 1692 ι
2284 1640 2392 1695 Pro
2425 1640 2816 1695 torcularibus.
2851 1661 2869 1692 ι
2914 1639 3182 1694 Torcular
3209 1639 3355 1693 enim

114 1749 328 1818 στήριον,
365 1749 423 1798 ἐν
539 1746 650 1798 τῶν
691 1746 932 1817 βοτρύων
973 1746 1438 1817 συνθλιϐομένων,
1468 1752 1496 1802 6
1528 1746 1670 1814 οἶνος

1777 1734 1985 1786 uﬂicina
2031 1741 2114 1789 est
2149 1733 2283 1798 vini,
2330 1732 2385 1786 in
2430 1745 2537 1800 qua
2571 1729 2824 1784 contritis
2856 1729 2978 1784 uvis
3021 1731 3080 1783 tit
3114 1729 3298 1782 viuum
3339 1746 3362 1781 ι

1855 1825 1867 1842 I
1902 1823 1938 1842 -ε
1975 1823 2179 1842 -κ-ενΙ-κμ
2227 1840 2281 1842 __-
2326 1823 2531 1842 _.._.__t~_
2554 1823 2645 1842 _.!_
2684 1832 2769 1842 ---ι
2824 1822 3030 1842 ---μιε-
3061 1822 3234 1842 ιΑι-ε,
3268 1823 3318 1842 με

113 1837 317 1904 γίνεται.
355 1836 495 1888 Ἀλλ’
521 1837 572 1889 εί
606 1835 706 1905 μὲν
739 1837 803 1888 ὲκ
845 1837 1163 1907 σεσηπότων
1193 1837 1225 1907 ἢ
1254 1838 1666 1908 ὀμφακιζόντων

111 1927 204 1979 τῶν
239 1925 469 1998 βοτρύων
510 1929 764 2000 ἀπορρυῇ
806 1931 833 1981 6
873 1925 1047 1993 οἶνος,
1093 1928 1323 2000 τροπίας
1363 1929 1472 1999 (85)
1507 1929 1667 1992 εὐθὺς

115 2019 194 2071 καὶ
230 2020 419 2082 ἄποπτος
466 2018 712 2087 γίνεται,
747 2021 827 2081 εἰς
879 2019 1145 2073 δυσωδίαν
1191 2019 1332 2084 τινὰ,
1370 2020 1403 2092 ἢ
1445 2021 1541 2073 καὶ
1588 2020 1669 2083 είς

113 2107 260 2179 ὀξώδη
287 2107 606 2180 μεταϐαλὼν
631 2108 912 2181 ποιότητα,
945 2110 1034 2163 διά
1063 2127 1208 2173 τινος
1237 2111 1427 2182 ἐτέρας
1451 2109 1668 2179 διαφθο-

118 2206 201 2274 ρᾶς
231 2205 304 2268 είς
348 2203 648 2276 σκωλήκων
692 2204 907 2272 γένεσιν
951 2203 1353 2274 ἀλλοιούμενος.
1387 2203 1449 2256 Ei
1483 2203 1538 2256 δὲ
1581 2203 1669 2254 εύ-

115 2297 256 2365 γενής
280 2313 336 2350 τε
379 2297 472 2350 καὶ
510 2296 714 2367 ὡραῖος
755 2299 874 2359 ταῖς
911 2295 1093 2367 ληνοῖς
1128 2297 1318 2367 ὲντεθῇ
1364 2295 1476 2367 (86)
1511 2296 1539 2346 6
1580 2294 1668 2364 βό-

113 2403 260 2456 τρυς,
295 2387 422 2459 ήδύς
465 2407 527 2442 τε
570 2390 664 2442 καὶ
705 2387 1005 2458 ἀνθοσμίας
1032 2389 1060 2440 6
1099 2382 1240 2452 οἶνος
1283 2388 1392 2440 τῶν
1428 2385 1670 2458 βοτρύων

117 2478 530 2548 ἀπορρυήσεται,
584 2479 660 2548 τῷ
709 2476 908 2549 μακρῷ
951 2478 1131 2548 χρόνῳ
1177 2476 1546 2541 συνεπιδιδοὺς
1591 2477 1673 2540 εἰς

118 2566 283 2631 κάλλος
327 2571 417 2623 καὶ
469 2569 752 2624 εὖπνοιαν.
794 2571 860 2623 Τί
905 2565 998 2622 οὖν
1036 2570 1098 2622 τὸ
1147 2570 1377 2640 αἴνιγμα
1423 2569 1670 2640 βούλεται

119 2661 389 2730 φροντίζειν
428 2663 524 2716 τοῦ
549 2663 794 2735 ξβότρυος
837 2662 913 2726 ὡς
948 2663 1030 2714 ἔνι
1077 2663 1340 2732 μάλιστα;
1377 2663 1564 2724 Ὅπως
1605 2661 1672 2714 ἂν

120 2753 225 2823 ἡμῖν
276 2755 525 2826 πλουτοίη
595 2754 688 2809 τοῦ
758 2756 1101 2825 ἀνθρωπίνου
1157 2755 1248 2808 νοῦ
1308 2757 1342 2824 ἡ
1392 2756 1670 2824 ἀποθήκη,ο

120 2841 243 2909 ἐλπὶς
271 2846 373 2917 (87)
400 2848 457 2900 δέ
484 2850 634 2901 ἐστιν
669 2849 703 2918 ἡ
731 2848 982 2919 ἀποθήκη
1014 2849 1072 2900 ὲν
1169 2849 1322 2900 πᾶσα
1354 2847 1485 2918 ἡμῖν
1515 2848 1548 2917 ἡ
1573 2844 1676 2898 τοῦ

120 2935 216 3003 βίου
240 2939 553 3010 παρασκευὴ
587 2937 918 3009 περιέχεται.
950 2936 1108 2990 Οὕτω
1134 2936 1177 2990 δ’
1205 2936 1270 2990 ἂν
1297 2936 1510 3006 γένοιτο
1538 2937 1670 3006 ἡμῖν

118 3029 352 3100 πρόδηλος
392 3030 498 3084 τῶν
545 3028 790 3102 βοτρύων
825 3031 859 3100 ἠ
897 3027 1088 3099 φύσις,
1133 3031 1180 3082 εἰ
1223 3027 1417 3098 φανείη
1455 3026 1671 3098 πρῶτον

119 3119 173 3170 τὰ
197 3121 434 3192 κλήματα
457 3161 472 3184 ,
503 3122 602 3174 καὶ
626 3122 658 3190 ἡ
690 3120 1014 3191 περιεκτικὴ
1044 3119 1155 3172 τῶν
1197 3136 1257 3170 τε
1286 3118 1398 3187 (88)
1431 3116 1672 3187 βοτρύων
1700 3141 1741 3196 C

119 3212 196 3264 καὶ
226 3211 507 3282 κλημάτων
555 3213 820 3283 ἄμπελος.
873 3211 1034 3264 Ἀλλὰ
1081 3209 1240 3262 τοῦτο
1275 3208 1513 3277 φανερὸν
1559 3207 1676 3278 (89)

119 3301 173 3354 ὲκ
191 3301 288 3354 τῶν
311 3303 403 3354 τοῦ
433 3304 643 3374 Κυρίου
675 3302 852 3372 λόγων
881 3302 1197 3371 γενήσεται,
1226 3300 1320 3352 τοῦ
1351 3300 1464 3368 (90)
1489 3299 1672 3351 εἰπόν-

119 3406 208 3452 τος’
229 3412 246 3443 ι
265 3391 398 3459 Ἐγὼ
420 3395 452 3464 ἡ
480 3393 596 3462 (91)
615 3392 879 3464 ἄμπελος,
894 3393 1054 3462 ὑμεῖς
1072 3390 1138 3443 τὰ
1154 3391 1427 3460 κλήματα.
1444 3409 1461 3441 ι
1485 3391 1546 3442 Εἰ
1565 3393 1673 3460 γὰρ

122 3481 303 3551 ἀληθῶς
327 3487 382 3536 ὲν
412 3484 564 3554 αὑτῷ
589 3487 778 3556 ὲσμεν,
801 3484 1166 3556 ὲρῤιζωμένοι
1197 3481 1673 3553 καρποφοροῦντες

121 3591 170 3626 τε
181 3577 643 3648 καιαύξανόμενοι,
668 3575 851 3640 καθώς
874 3594 1039 3647 φησιν
1061 3577 1090 3628 6
1123 3575 1461 3638 Ἀπόστολος,
1483 3576 1674 3644 νοήσο-

127 3680 208 3731 μιν
229 3666 307 3718 διὰ
334 3665 438 3719 τῶν
473 3665 784 3738 εἰρημένων
804 3707 819 3732 ,
863 3667 946 3719 ὅτι
979 3667 1028 3718 οἱ
1074 3667 1132 3716 ὲν
1164 3662 1310 3734 αὐτῷ
1340 3662 1670 3726 κτισθέντες,

125 3757 202 3809 καὶ
230 3759 344 3812 ἄνευ
375 3759 538 3813 αὑτοῦ
569 3760 646 3831 μὴ
676 3759 850 3825 ὄντες,
871 3759 1019 3822 ἄξιον
1045 3758 1183 3827 (92')
1205 3758 1303 3826 τῆς
1339 3753 1675 3826 ὑποτρεφού-

126 3865 207 3916 σης
229 3852 362 3919 ἡμᾶς
391 3852 640 3922 ἰκμάδος,
665 3851 757 3904 τὸν
781 3853 845 3905 ὲκ
866 3851 974 3904 τῶν
1003 3849 1178 3920 ἔργων
1201 3848 1399 3920 βότρυν
1423 3849 1554 3918 παρ’
1575 3849 1676 3902 a6-

123 3934 199 3990 τοῦ
225 3938 322 4008 (92;
359 3939 772 4012 ἁπαιτούμεθα,
808 3940 948 4010 μήτε
981 3939 1049 3990 δι’
1084 3937 1257 4008 ὀργῆς
1296 3935 1676 4007 όμφακίζοντά

123 4042 170 4078 τε
197 4030 278 4081 καὶ
314 4031 729 4100 καταστύφοντα
763 4029 900 4100 (95),
941 4030 1078 4100 μήτε
1117 4028 1184 4080 δι’
1215 4027 1409 4098 ἡδονῆς
1441 4043 1586 4090 τινος
1616 4027 1675 4079 ἐν

127 4123 346 4191 σηπεδόνι
375 4122 732 4196 εθειρόμενόν
760 4139 820 4174 τε
853 4121 950 4173 καὶ
994 4121 1275 4190 λυὸμενον.
1332 4121 1421 4173 Ἐν
1464 4121 1574 4190 γὰρ
1607 4121 1672 4189 τῇ

124 4212 246 4283 λιινῷ
268 4215 358 4284 τῆς
389 4216 621 4268 ἑκάστου
650 4213 828 4284 ψυχῆς
869 4210 1050 4282 (ληνὸς
1085 4211 1142 4264 δέ
1175 4213 1324 4263 ἐστιν
1361 4211 1396 4280 ἡ
1429 4211 1677 4278 συνείδη-

128 4305 225 4372 σις)
249 4305 275 4356 ὁ
307 4306 368 4357 ἐκ
407 4305 514 4358 τῶν
543 4304 724 4374 ἔργων
755 4303 951 4372 βότρυς
982 4301 1074 4353 τὸν
1113 4295 1256 4353 οἶνον
1290 4302 1424 4370 ἡμῖν
1463 4302 1542 4362 εἰς
1582 4299 1674 4352 τὸν

127 4391 292 4462 ἐφεξῆς
313 4394 647 4465 ἀποϐήσεται
669 4392 803 4462 βίον;
833 4392 945 4444 Καὶ
975 4391 1124 4443 πᾶσα
1144 4389 1356 4458 ἀνάγκη
1385 4389 1495 4442 τῶν
1525 4389 1671 4443 ἰδίων

1777 1825 1870 1882 sed
1896 1823 1944 1878 si
1966 1823 2187 1894 quidem
2217 1840 2284 1879 ex
2326 1823 2650 1894 putrefactis
2681 1832 2775 1877 aut
2819 1822 3034 1877 acerbis
3061 1822 3236 1877 botris
3267 1823 3363 1877 vinv

1775 1930 1905 1970 num
1933 1914 2294 1982 exprimatur,
2344 1913 2636 1967 evanidum
2671 1920 2724 1966 et
2768 1912 2835 1966 ad
2878 1920 3065 1981 potum
3112 1912 3357 1981 ineptum

1775 2005 2059 2062 confestim
2090 2004 2340 2069 efficitur,
2368 2011 2423 2060 et
2450 2005 2796 2075 graveoleute
2822 2004 3079 2074 quadam,
3103 2014 3354 2058 acetosa-

1774 2109 1880 2164 que
1907 2094 2171 2163 qualitate
2197 2093 2456 2148 inﬁcitur.
2489 2092 2584 2148 Est
2612 2109 2737 2147 cum
2760 2102 2815 2147 et
2841 2093 2949 2147 alio
2979 2093 3356 2164 corruptionis

1777 2186 1938 2240 modo
1968 2187 2020 2239 in
2057 2201 2272 2240 vermes
2299 2191 2690 2239 commutatur.
2719 2183 2876 2251 Quod
2913 2186 2958 2239 si
2987 2185 3359 2240 torcularibus

1777 2278 2002 2347 pulcher
2027 2287 2082 2333 et
2114 2287 2362 2332 maturus
2398 2276 2667 2332 inferatur
2706 2278 2920 2344 botrus,
2951 2277 3111 2333 dulce
3144 2287 3197 2332 et
3224 2293 3356 2332 sua-

1777 2372 1994 2428 veolens
2023 2373 2210 2426 vinum
2264 2387 2330 2426 ex
2384 2373 2505 2428 uvis
2556 2371 2887 2440 distillabit;
2933 2373 3190 2442 quodque
3239 2373 3357 2443 ipsa

1777 2464 2038 2534 temporis
2085 2464 2442 2518 diuturnitate
2479 2464 2717 2518 multum
2765 2463 2832 2516 ad
2888 2463 3188 2518 bonitatem
3234 2479 3356 2534 gra-

1779 2566 2002 2627 tumque
2035 2558 2258 2612 odorem
2293 2557 2563 2626 proﬁciat.
2598 2555 2740 2622 Quid
2784 2556 2952 2626 igitur
2975 2556 3220 2627 {zenigma
3250 2556 3354 2610 hoc

1776 2657 1829 2702 et
1863 2649 2105 2702 abditum
2134 2649 2275 2702 botri
2329 2665 2592 2703 arcanum
2633 2663 2929 2718 nusquam
2974 2649 3214 2702 maxime
3260 2664 3354 2700 cu-

1776 2755 1901 2795 rare
1949 2741 2168 2794 monet?
2207 2739 2478 2804 videlicet,
2521 2749 2580 2793 ut
2630 2755 2804 2808 penus
2853 2739 3108 2792 humanae
3157 2740 3358 2793 mentis

1777 2830 1928 2883 omni
1961 2829 2238 2898 copiarum
2275 2847 2472 2899 genere
2503 2831 2767 2894 abundet,
2799 2831 2857 2884 in
2883 2845 2990 2900 qua
3019 2831 3199 2886 omnis
3231 2831 3358 2885 vita:

1777 2931 2074 2990 apparatus
2101 2922 2259 2976 nobis
2290 2923 2628 2976 reconditur.
2696 2922 2802 2977 Sed
2845 2929 2962 2976 tum
3002 2922 3220 2978 demum
3258 2923 3359 2977 ho-

1778 3023 1984 3066 norum
2018 3020 2211 3066 natura
2258 3015 2546 3083 perspicua
2597 3014 2756 3068 nobis
2801 3015 2930 3077 erit,
2977 3014 3023 3069 si
3052 3029 3357 3082 cognosca-

1779 3122 1900 3162 mus
1929 3120 2146 3176 quoque
2194 3105 2468 3174 palmites,
2513 3121 2746 3176 eamque
2804 3122 2925 3175 quae
2972 3115 3028 3161 et
3071 3107 3260 3161 hotros
3303 3112 3359 3161 et

1781 3197 2036 3267 palmites
2080 3197 2345 3264 continet,
2397 3198 2582 3252 vitem.
2619 3198 2752 3263 Quae
2779 3197 2999 3267 quidem
3032 3198 3192 3266 plana
3221 3199 3358 3250 tiuut

1773 3305 1837 3344 ex
1863 3305 2114 3344 sermone
2143 3289 2380 3352 Domini,
2405 3305 2529 3344 cum
2557 3290 2695 3343 ait“
2729 3307 2742 3343 :
2775 3288 2920 3359 «Ego
2945 3305 3064 3343 sum
3091 3287 3236 3352 vitis,
3259 3303 3364 3341 vos

1775 3377 2044 3446 palmites.
2101 3391 2119 3424 ι
2165 3371 2224 3427 Si
2273 3374 2418 3428 enim
2461 3391 2582 3430 vere
2614 3378 2668 3433 in
2697 3379 2816 3448 ipso
2849 3378 3078 3432 radicati
3113 3377 3352 3432 fructum

1777 3465 2024 3530 ferimus,
2057 3463 2494 3533 crescimusque,
2516 3474 2574 3519 ut
2591 3464 2667 3520 ait
2687 3464 3057 3534 Apostolus”,
3085 3467 3356 3536 intellige-

1775 3570 1896 3610 tnus
1927 3571 1994 3610 ex
2024 3553 2330 3624 praedictis,
2378 3570 2407 3606 a
2442 3555 2600 3610 nobis
2629 3555 2724 3623 qui
2762 3555 2818 3609 in
2868 3555 2991 3625 ipso
3040 3557 3211 3610 creati
3259 3571 3357 3609 su-

1776 3660 1896 3699 mus
1919 3685 1936 3709 ,
1974 3651 2029 3698 et
2058 3643 2150 3713 qui
2180 3643 2302 3698 sine
2347 3643 2469 3712 ipso
2511 3643 2662 3713 digni
2717 3660 2828 3698 non
2870 3660 3181 3709 censemur,
3217 3659 3366 3715 quos

1775 3737 1928 3792 alens
1960 3736 2051 3790 ille
2092 3751 2182 3790 ros
2214 3736 2522 3805 contingat,
2555 3736 2772 3790 botrum
2803 3751 3032 3806 operum
3063 3739 3232 3808 exigi,
3262 3754 3361 3794 ne-

1774 3828 1988 3899 que,ira
2012 3837 2379 3891 acescentem,
2412 3836 2467 3883 et
2497 3829 2692 3883 acerbe
2723 3830 3211 3900 constringentem,
3259 3845 3359 3886 ne-

1774 3937 1880 3991 que
1935 3922 2215 3990 voluptate
2261 3918 2520 3990 quadam,
2573 3921 2722 3975 velut
2760 3919 3184 3990 putrefactione.
3231 3935 3359 3976 cor—

1777 4020 1993 4081 ruptum
2025 4021 2080 4067 et
2107 4013 2463 4067 dissolutum.
2520 4010 2579 4066 In
2621 4012 2884 4068 torculari
2912 4014 3060 4066 enim
3086 4011 3360 4081 cujusque

1774 4101 1971 4158 animae
1988 4101 2253 4173 (torcular
2268 4119 2398 4159 vero
2421 4115 2505 4162 est
2523 4105 2884 4168 conscientia)
2901 4102 3096 4158 botrus
3125 4117 3358 4172 operum

1773 4197 1958 4251 vinum
1995 4195 2156 4250 nobis
2193 4196 2248 4250 iu
2290 4195 2531 4249 futuram
2562 4195 2729 4250 vitam
2768 4202 3031 4264 reponet;
3075 4209 3203 4248 nam
3237 4209 3358 4248 ont-

1775 4289 1906 4343 nino
1937 4286 2312 4343 necessarium
2345 4293 2430 4341 est
2463 4285 2757 4355 quemlibet
2790 4285 3028 4356 propriis
3077 4283 3357 4338 laboribus

1777 4382 1997 4452 repleri,
2043 4381 2462 4452 qualescunque
2506 4379 2725 4434 demum
2763 4379 2842 4432 illi
2890 4378 3115 4433 fuerint.
3169 4376 3356 4446 Itaque

128 4481 324 4538 ἕκαστον
349 4484 702 4556 ἐμφορεῖσθαι
731 4483 931 4549 πόνων,
961 4477 1062 4535 οἶοί
1097 4499 1202 4552 περ
1227 4480 1295 4534 ἂν
1323 4481 1563 4552 τύχωσιν
1586 4482 1671 4534 δν-

1779 4474 1922 4530 beati
1952 4482 2080 4526 sunt
2109 4472 2189 4526 illi
2221 4471 2425 4536 coloni,
2459 4486 2694 4541 quorum
2726 4471 2936 4534 vinum,
2969 4470 3099 4523 dum
3130 4468 3358 4531 bibitur,

127 4587 220 4635 τες.
249 4573 330 4638 Ὦς
361 4577 622 4648 μακάριοί
652 4592 716 4645 γε
745 4573 853 4629 τῶν
883 4573 1146 4645 γεωργῶν
1181 4574 1401 4638 ἐκεῖνοι,
1430 4565 1504 4626 ὧν
1535 4573 1564 4624 6
1591 4569 1672 4626 οἷ-

129 4677 200 4727 νος
230 4666 494 4736 εὐφραίνει
526 4665 757 4737 καρδίαν
801 4662 1089 4736 ἀνθρώπου
1127 4663 1240 4731 (94)
1272 4665 1329 4715 ὲν
1371 4662 1671 4716 ἀπολαύσει

129 4755 392 4826 γινόμενος.
434 4755 691 4811 Ἐλεεινοὶ
733 4753 792 4806 δὲ
826 4755 892 4806 ἐκ
922 4752 1016 4805 τοῦ
1051 4754 1292 4806 ἐναντίου
1328 4755 1420 4806 καὶ
1457 4753 1670 4824 θρήνων

132 4838 377 4912 ἀξιοι,ὧνι
391 4850 576 4925 θμμὸς
592 4845 900 4916 δρακόντων
928 4844 955 4896 ὁ
980 4835 1120 4904 οἶνος
1142 4862 1160 4893 ι
1182 4843 1391 4911 γίνεται
1413 4840 1556 4893 κατὰ
1571 4840 1669 4912 τὴν

131 4937 369 5006 Μωῠσέως
397 4941 604 5012 φωνὴν,
637 4940 718 5002 είς
744 4933 1126 5009 δηλητηριώδη
1166 4929 1484 5003 μεταϐαλὼν
1522 4931 1670 4984 ποιό-

689 5113 734 5145 ³³
756 5111 922 5167 Zach.
949 5125 1024 5175 vt,
1056 5108 1142 5161 12.
1248 5107 1295 5140 ³⁸
1323 5105 1484 5161 Joan.
1521 5122 1608 5168 xv,
1636 5104 1690 5161 5.

189 5116 227 5148 “
249 5115 374 5173 Joel.
405 5132 467 5181 tt,
506 5117 594 5170 ll.

133 5182 208 5250 52,
231 5188 312 5242 35.

329 5370 641 5442 Ἐντροπίας
667 5366 889 5442 quidam
915 5361 1073 5442 codd:

323 5428 668 5511 Ἐναποτεθῇ,
825 5430 1357 5511 Ἐντεθείη-(ιιιὶιιῖιω
1386 5428 1551 5486 codd.

213 5502 293 5576 81)
333 5509 512 5574 Ἐλπίς
535 5511 602 5564 ad
618 5502 888 5578 ’ἆποθήκη
922 5520 1034 5560 om.
1061 5502 1151 5562 ειι.

193 5578 292 5653 (88)
437 5581 565 5653 παρ’
587 5576 886 5653 αὐτοὶ-εὐ.

198 5648 297 5781 ι89ζ
320 5647 548 5722 Φᾶνερόν
577 5666 686 5703 οιιι.
723 5647 811 5703 ed.

198 5719 275 5781 (90
323 5721 423 5775 Τοῦ
447 5737 554 5777 οιιι.
578 5721 666 5778 ed.

195 5719 293 5785 (90)
323 5721 423 5775 Τοῦ
447 5719 554 5777 ὁιιι.
578 5721 666 5778 ed.

1780 4580 1878 4618 cor
1916 4563 2152 4618 lastiﬁcat
2185 4581 2198 4617 :
2231 4562 2524 4616 miserandi
2553 4577 2583 4616 e
2605 4561 2905 4623 contrario,
2957 4559 3220 4630 dignique
3269 4561 3348 4611 la-

1777 4657 1997 4728 crymis,
2024 4671 2256 4726 quorum
2281 4656 2463 4708 vinum
2489 4654 2649 4723 juxta
2679 4651 2846 4708 Mosis
2874 4651 3104 4713 dictum,
3144 4669 3163 4701 ι
3198 4647 3268 4704 fel
3301 4657 3356 4703 ct

1779 4748 1856 4802 ira
1879 4747 2178 4803 draconum
2197 4747 2275 4798 ³⁸»
2305 4746 2556 4811 efﬁcitur,
2584 4751 2980 4800 commutatum
3006 4742 3062 4796 in
3087 4756 3354 4796 venenum

1777 4840 1958 4904 letale,
1979 4847 2035 4894 et
2061 4854 2128 4894 ex
2155 4837 2494 4894 Sodomitica
2523 4838 2681 4891 vinea
2711 4834 3068 4904 perditionem
3089 4832 3352 4887 afferens.

1774 4931 1912 4985 Cum
1947 4930 2112 5002 igitur
2186 4925 2380 4980 oculos
2442 4921 2510 4977 ad
2570 4924 2831 4980 Octavam
2897 4923 3197 4988 reﬂexeris,
3230 4938 3348 4977 mea

1793 5104 1838 5136 ³⁷
1871 5103 2070 5174 Ephes.
2101 5115 2188 5161 ιιι,
2223 5099 2322 5167 17;
2366 5097 2579 5155 Coloss.
2631 5113 2692 5165 ιι,
2721 5098 2773 5152 7.
2881 5099 2927 5131 ³⁸
2959 5098 3115 5156 Deut.
3165 5112 3346 5166 xxxtt,

1846 5352 1956 5420 (9t)
2001 5350 2065 5404 Ἦ
2089 5365 2198 5404 om.
2226 5351 2315 5406 ed.

1845 5424 1925 5494 (Di
2016 5422 2223 5494 '7'AEtOt,
2238 5421 2327 5494 ed:

1845 5490 2130 5563 (92)⁷Παρ’
2167 5491 2331 5563 αὑτοῦ
2363 5505 2474 5544 οιιι.
2507 5490 2596 5563 ed.

1985 5559 2438 5636 Μεταστύφοντα,
2473 5559 2560 5636 cd_.

1845 5573 1936 5636 (95
1985 5573 2438 5631 Μεταστυφοντα,
2473 5573 2560 5614 ea.

1844 5573 1958 5706 (94;
2000 5630 2312 5705 Ἀνθρώπου
2333 5647 2444 5688 οιιι.
2473 5630 2562 5686 ed.
