3838 6224
383 242 487 301 507

1657 228 1715 284 S.
1756 222 2086 284 GREGOBII
2119 220 2418 279 NYSSENI

3541 216 3699 277 508-

379 360 586 415 mento,
620 346 822 419 inquit,
866 342 1251 407 torculariarn,
1300 348 1362 395 ut
1404 341 1502 396 tibi
1554 356 1650 411 per
1701 340 1970 399 bonorum

2103 350 2232 406 ητα.
2271 334 2337 387 ἐκ
2382 332 2483 404 τῆς
2521 329 2873 403 Σοδομιτικῆς
2923 330 3253 402 κληματίδας
3297 331 3681 403 nava

379 456 611 515 operum
645 435 1058 495 multitudinem
1091 434 1221 489 vino
1247 433 1457 504 Optimo
1501 441 1557 486 et
1597 431 1827 488 odorato
1857 444 1970 488 tor-

382 533 593 590 cularia
652 530 1003 595 redundent,
1058 534 1121 583 ut
1173 532 1361 583 monet
1410 525 1669 582 Salomon
1725 524 1782 580 in
1828 522 1967 579 Pro—

382 626 588 683 verbiis
602 624 671 682 ³⁸.

997 927 1229 987 CAPUT
1267 927 1356 985 Vl.

459 1133 772 1206 inscriptio,
809 1156 827 1190 ι
856 1134 962 1196 Pro
993 1135 1225 1195 Maeleth
1241 1136 1309 1201 ι’,
1347 1154 1367 1189 ι
1417 1136 1624 1193 clarius
1658 1138 1877 1205 reddita
1904 1140 1974 1209 ab

390 1226 499 1282 illis
523 1227 615 1296 qui
641 1242 762 1283 eam
793 1225 986 1282 Graeco
1016 1228 1285 1284 vocabulo
1323 1235 1737 1297 expresserunt,
1774 1230 1974 1289 alacri-

393 1327 557 1373 tatem
583 1317 876 1389 quamdam
912 1318 1063 1380 addit
1107 1319 1218 1374 illis
1263 1318 1357 1389 qui
1391 1320 1443 1373 in
1491 1319 1669 1377 stadio
1706 1324 1970 1377 virtutum

391 1410 693 1476 decertant,
732 1410 862 1465 dum
893 1410 1019 1481 quis
1047 1410 1120 1466 sit
1148 1412 1511 1467 certaminum
1557 1410 1680 1467 linis
1708 1413 1971 1477 ostendit,

391 1501 593 1559 choros
643 1509 701 1556 et
745 1501 1099 1567 saltationes,
1146 1512 1201 1557 et
1247 1502 1623 1580 jucunditates
1669 1503 1972 1560 victoribus

392 1592 702 1663 propositas
748 1607 1091 1650 asseverans.
1148 1595 1207 1653 In
1258 1594 1402 1649 hanc
1446 1593 1595 1657 enim
1638 1596 1970 1653 sententiam

2070 426 2171 499 τὴν
2207 423 2506 479 ἀπώλειαν.
2552 421 2619 475 EE
2646 421 2826 475 τοίνυν
2871 422 2999 494 περὶ
3027 421 3128 492 τὴν
3167 420 3391 492 Ὁγδὸην
3403 420 3670 490 βλέπειῇ

2076 519 2342 589 μέμνησο,
2368 514 2555 584 φησὶν,
2586 514 2696 568 τῶν
2724 513 2924 584 ληνῶν,
2955 514 3033 578 ὡς
3054 513 3122 567 ἄν
3153 530 3236 566 σοι
3260 511 3353 567 διά
3378 511 3493 565 τῶν
3520 514 3683 580 me

2074 608 2184 662 θῶν
2210 608 2387 680 ἔργων
2414 607 2507 659 τοῦ
2532 606 2826 676 ἀνθοσμίου
2847 606 3014 669 οἴνου,
3037 604 3287 679 mam
3308 602 3687 676 παροιμιώδη

2074 692 2265 771 λόγον.)
2280 701 2351 775 αἱ.
2365 698 2517 770 ληνο)⁵
2546 698 2955 771 ὑπερϐλύζωσιν
2981 697 3118 768 (95).

2585 943 3000 1016 κεοΑΛΑιοΝ.
3050 945 3143 1012 ς’.

2158 1151 2224 1205 Ἦ
2243 1151 2333 1207 δὲ(
2351 1147 2742 1220 ΎπέρΜαελὲο
2757 1168 2775 1199 ι
2796 1147 3075 1217 ἐπιγραφὴ
3092 1148 3418 1218 σαφέστερον
3432 1147 3703 1203 ἐκδοθίῆ

2078 1257 2148 1295 σα
2168 1238 2318 1310 παρὰ
2341 1238 2450 1291 τῶν
2483 1235 2922 1307 μεταϐαλλόντων
2943 1234 3055 1306 (96)
3084 1238 3164 1299 είς
3175 1236 3273 1306 τὴν
3301 1238 3535 1292 Ἐλλάδα
3556 1256 3698 1309 φω-

2077 1332 2173 1402 νὴν
2196 1330 2401 1400 ταύτην
2426 1330 2524 1401 τὴν
2549 1328 2716 1395 λέξιν,
2748 1327 3055 1398 προθυμίαν
3076 1330 3197 1383 τινὰ
3223 1332 3334 1394 τοῖς
3361 1330 3430 1384 δι’
3454 1330 3697 1403 ἀρετῆς

2076 1422 2496 1497 ἀγωνιζομένοις
2540 1419 2817 1491 ἐντίθησι,
2859 1419 2925 1471 τὸ
2965 1420 3139 1491 πέρας
3173 1422 3281 1472 τῶν
3331 1420 3518 1475 ἄθλων
3557 1415 3699 1474 οἷόν

2077 1515 2226 1567 ἐστιν
2258 1512 2731 1573 ὑποδεικνύουσαι
2769 1510 2987 1584 χορείας
3028 1512 3136 1582 (97)
3184 1513 3277 1566 καὶ
3322 1513 3699 1584 εὐφροσύνας

2077 1608 2190 1669 τοῖς
2262 1604 2645 1676 κεκρατηκόσι
2702 1603 2812 1657 τῶν
2882 1603 3109 1673 ἀγώνων
3175 1605 3499 1674 προκεῖσθαι
3579 1606 3694 1659 λέ-

394 1681 691 1737 dictio‘nem
748 1683 896 1737 illam
965 1684 1378 1753 interpretatam
1430 1684 1784 1755 invenimus;
1845 1702 1973 1741 nam

2103 1713 2247 1749 ὀυσα
2270 1694 2405 1764 (98),
2442 1694 2581 1767 πρὸς
2610 1693 2815 1765 ταύτην
2846 1694 2947 1765 τὴν
2963 1694 3201 1765 ἔμφασιν
3231 1694 3696 1766 ἐρμηνευθείσης

394 1774 567 1830 dictio
599 1773 830 1834 laeleth
856 1774 1000 1830 idem
1052 1784 1158 1840 est,
1191 1778 1336 1848 quod
1376 1796 1395 1828 ο
1422 1793 1520 1848 per
1544 1779 1774 1843 chorum
1804 1798 1822 1831 ι
1871 1795 1972 1836 seu

402 1886 421 1919 s
447 1868 820 1934 saltationem,
848 1887 868 1923 ι
902 1869 1212 1939 cuiusmodi
1244 1870 1498 1925 videlicet
1524 1886 1591 1927 ex
1618 1872 1975 1937 historiarum

341 2014 345 2019 .
398 1961 772 2019 monumentis
796 1963 1080 2023 exstitisse
1110 1963 1366 2021 novimus
1392 1973 1519 2035 post
1552 1964 1770 2023 Davidis
1800 1967 1977 2024 victo—

322 2050 323 2053 “
397 2054 558 2120 riam,
593 2053 817 2124 quando
856 2054 928 2110 ab
957 2056 1052 2115 illo
1078 2054 1260 2111 adhuc
1296 2055 1668 2121 adolescente,
1713 2058 1977 2129 singulari

398 2142 456 2199 in
514 2145 814 2201 certamine
869 2143 1089 2201 Goliath
1152 2155 1474 2217 prostrato,
1520 2148 1831 2217 juvenculaa
1883 2164 1981 2218 per

397 2236 603 2295 choros
636 2237 824 2294 εποδε
845 2277 861 2303 ,
916 2238 1136 2295 labores
1166 2239 1319 2295 illius
1357 2239 1412 2294 in
1448 2255 1629 2310 pugna
1668 2240 1759 2294 illa
1789 2256 1984 2298 susce-

400 2339 524 2401 ptos
552 2329 978 2386 celebrarunt“.
1026 2329 1152 2386 Pari
1185 2330 1398 2389 ratione
1441 2346 1657 2386 omnem
1693 2333 1979 2389 victoriam

399 2420 470 2480 ab
512 2420 767 2476 hostibus
817 2422 1020 2478 sudore
1059 2431 1117 2477 et
1162 2422 1351 2478 labore
1402 2429 1736 2493 repurtatam
1761 2462 1776 2485 ,
1820 2421 1982 2477 docet

401 2511 691 2584 inscriptio
723 2530 744 2565 ι
776 2514 880 2570 Pro
913 2513 1165 2582 Maeletb,
1188 2532 1208 2566 ι
1245 2515 1434 2570 laetitia
1469 2523 1526 2569 et
1568 2514 1754 2576 choris
1780 2515 1980 2585 excipi,

401 2620 526 2663 cum
571 2605 754 2666 omnis
805 2613 1059 2663 creatura
1103 2604 1336 2660 rationis
1381 2605 1657 2675 particeps
1701 2604 1980 2674 scipsam,

401 2696 562 2766 quasi
612 2699 668 2753 in
700 2697 857 2757 ebori
900 2708 1173 2755 concentu
1197 2740 1213 2763 ,
1270 2696 1577 2752 victoribus
1606 2695 1985 2750 accommodet

402 2796 455 2842 et
487 2795 831 2863 attemperet.
884 2787 1123 2860 Tempus
1154 2788 1301 2844 enim
1355 2787 1479 2853 fuit,
1524 2802 1637 2858 quo
1682 2803 1824 2842 unus
1866 2795 1985 2842 erat

402 2879 608 2935 chorus
654 2887 906 2942 creatura
943 2881 1248 2943 rationalis.
1292 2879 1348 2934 in
1398 2896 1566 2934 unum
1613 2879 1772 2935 chori
1820 2895 1983 2950 cory—

406 2971 619 3040 phaaum
652 2971 923 3036 intentus,
957 2989 1186 3043 seseque
1214 2973 1499 3044 explicans
1529 2979 1586 3028 et
1612 2972 1895 3027 revolvens
1916 2972 1983 3027 ad

2079 1788 2179 1858 τῆς
2205 1789 2419 1852 λέξεως.
2449 1789 2523 1841 Τὸ
2541 1788 2650 1859 γὰρ
2674 1786 2890 1841 Μαελὲθ
2911 1788 3081 1857 blatta
3111 1806 3131 1840 ι
3153 1786 3242 1840 διὰ
3263 1788 3479 1858 χορείας
3513 1806 3535 1838 ι
3570 1788 3695 1855 τὴν

2079 1880 2374 1952 ἑρμηνείαν
2428 1864 2577 1951 ἓχειξ
2632 1873 2759 1934 Οἷον
2806 1878 2871 1950 δὴ
2917 1879 3014 1931 καὶ
3061 1878 3156 1931 ἐπὶ
3208 1878 3306 1948 τῆς
3357 1878 3519 1950 νίκης
3577 1876 3711 1939 τοῦ,

2078 1971 2242 2025 Δαυῒδ
2266 1971 2351 2025 6ιά
2381 1972 2482 2042 τῆς
2509 1971 2749 2041 ἱστορίας
2770 1970 3036 2039 ἔγνωμεν,
3057 1970 3141 2023 ὅτι
3169 1970 3426 2038 πεσόντος
3454 1968 3555 2022 τοῦ
3576 1969 3690 2021 Γοο

2080 2064 2202 2117 λιάθ
2234 2066 2295 2116 ὲν
2325 2067 2389 2135 τῇ
2419 2062 2724 2138 μονομαχίᾳ
2748 2062 2840 2115 τοῦ
2863 2063 3007 2126 νέου,
3032 2062 3400 2132 θεραπεύουσι
3426 2062 3547 2132 (99)
3579 2062 3705 2123 eos.

2081 2154 2376 2223 ἐναγώνιον
2405 2144 2573 2208 αὐτοῦ’
2603 2154 2764 2207 πόνον
2793 2154 3192 2217 ὑπαπαντῶσαι
3228 2153 3316 2207 διὰ
3351 2154 3579 2225 χορείας
3614 2154 3697 2221 aL

2082 2245 2351 2313 νεάνιδες·
2390 2247 2535 2301 οὕτω
2588 2246 2770 2298 πᾶσαν
2815 2246 2973 2316 νίκην
3018 2246 3200 2317 ἱδρῶτί
3244 2263 3341 2311 τε,
3381 2245 3481 2300 καὶ
3521 2245 3703 2315 πόνῳ-

2082 2339 2224 2394 κατά
2272 2336 2385 2401 τῶν
2432 2335 2744 2402 ἀντιπάλων
2790 2335 3253 2407 κατορθουμένην,
3305 2338 3339 2406 ἠ
3398 2336 3533 2408 περὶ
3574 2335 3679 2389 τοῦ

2083 2429 2297 2484 Μαελὲθ
2335 2428 2616 2499 ἐπιγραφὴ
2651 2427 2991 2497 εὐφροσύνην
3013 2428 3162 2495 λέγει
3186 2428 3282 2483 καὶ
3302 2429 3699 2499 χοροστασίανν

2082 2517 2417 2588 ἐκδέχεσθαι,
2449 2519 2632 2589 πάσης
2660 2518 2758 2588 τῆς
2785 2516 2983 2587 νοητῆς
3011 2517 3243 2595 κτίσεως
3272 2518 3499 2589 ἑαυτὴν,
3530 2519 3677 2572 x10-

2085 2609 2230 2679 άπερ
2260 2612 2318 2661 ἐν
2346 2608 2506 2681 χοροῦ
2540 2611 2847 2681 συμφωνίᾳ.
2877 2612 2990 2675 τοῖς
3021 2613 3273 2680 νικηταῖς
3296 2609 3680 2680 συναρμοζοὺ-

2085 2718 2207 2773 σης.
2228 2697 2339 2754 Ἦν
2367 2704 2475 2772 γὰρ
2503 2703 2592 2755 ὅτε
2618 2701 2717 2771 μία
2751 2704 2850 2771 τῆς
2870 2701 3097 2771 λογικῆς
3122 2701 3337 2770 φύσεως
3366 2696 3436 2772 ἦν
3463 2702 3679 2772 inopo-

2088 2793 2304 2854 στασία,
2335 2792 2473 2863 πρὸς
2496 2792 2591 2845 ἕνα
2618 2791 2892 2861 βλέπουσα
2912 2792 3004 2845 τὸν
3028 2790 3124 2845 τοῦ
3153 2792 3319 2863 χοροῦ
3350 2794 3679 2860 κορυφαῖον,

2086 2883 2180 2937 καὶ
2210 2882 2348 2954 πρὸς
2366 2883 2467 2953 τὴν
2490 2883 2700 2936 ἐκεῖθεν
2722 2884 3065 2955 ἐνδιδομένην
3087 2883 3237 2953 αὐτῷ
3258 2884 3323 2953 τῇ
3351 2885 3571 2953 κινήσει
3596 2888 3614 2948 (
3626 2883 3680 2945 I)

2087 2973 2175 3026 διὰ
2200 2972 2298 3042 τῆς
2321 2972 2538 3041 ἐντολῆς
2571 2972 2839 3043 ἁρμονίαν
2868 2973 2959 3026 τὸν
2988 2973 3148 3044 χορὸν
3181 2975 3258 3040 (2)
3296 2973 3679 3026 ἀνελίσσουσα.

406 3062 554 3115 illam
584 3104 600 3127 ,
654 3078 778 3133 qua;
834 3063 960 3125 inde
1014 3063 1561 3127 subministrabatur,
1597 3062 1843 3118 victoria;
1890 3076 1985 3131 per

2103 3063 2318 3134 Ἐπειδὴ
2345 3063 2405 3115 δὲ
2430 3063 2530 3134 τὴν
2554 3063 2629 3133 (5)
2689 3063 2868 3141 ἔνθεον
2903 3063 3120 3134 ἐκείνην
3150 3064 3362 3115 διέλυσε
3388 3064 3487 3116 τοῦ
3514 3063 3682 3134 χοροῦ

408 3164 737 3228 pratceptum
781 3156 990 3220 relatae,
1039 3156 1384 3219 harmoniam
1434 3162 1490 3215 et
1533 3153 1981 3215 consonantiam.

408 3249 704 3319 Postquam
736 3257 924 3307 autem
940 3257 1098 3306 ortus
1124 3249 1335 3322 peccati
1359 3248 1606 3304 divinum
1638 3248 1791 3305 illum
1831 3246 1987 3305 cltori

408 3350 740 3398 concentum
774 3343 1047 3407 dissolvit,
1082 3342 1423 3413 pedibusque
1450 3340 1756 3414 primorum
1786 3354 1987 3411 paren-

410 3438 550 3497 tum,
584 3432 678 3503 qui
713 3431 856 3487 inter
897 3432 1170 3503 angelicas
1221 3441 1523 3503 potestates
1574 3430 1864 3503 degebant,
1900 3430 1987 3485 ln—

411 3523 567 3579 hriea
599 3523 936 3594 deceptionis
961 3524 1173 3578 ratione
1204 3523 1507 3584 substrata.
1543 3524 1759 3576 ruinam
1784 3522 1985 3583 cﬂ‘ecit.

415 3615 558 3672 unde
588 3615 751 3671 homo
782 3616 854 3670 ab
881 3616 974 3671 illa
1028 3629 1154 3669 cum
1205 3614 1415 3685 angelis
1461 3614 1723 3670 societate
1767 3614 1991 3668 avulsus

411 3713 520 3768 est,
560 3720 693 3762 casu
724 3705 1122 3762 connexionem
1152 3705 1510 3768 dissolvente,
1555 3704 1742 3759 multis
1776 3704 1991 3758 sudori-

416 3798 520 3854 bus
546 3805 602 3854 et
626 3798 908 3855 laboribus
932 3798 1089 3869 lapso
1117 3797 1328 3852 homini
1357 3812 1497 3868 opus
1526 3803 1629 3861 est,
1663 3805 1723 3850 ut
1752 3811 1875 3850 eum
1897 3797 1987 3865 qni

414 3889 521 3944 sibi
567 3888 678 3959 jam
728 3898 1006 3961 prostrato
1036 3890 1340 3952 incumbit,
1392 3889 1626 3945 debellet
1662 3896 1719 3944 et
1761 3898 1989 3952 evertat,

418 3996 644 4052 remque
668 3980 881 4039 fortiter
912 3989 1089 4054 gerat,
1126 3991 1449 4052 recepturus
1483 3981 1728 4036 muneris
1764 3980 1881 4035 loco
1909 3979 1994 4034 di-

418 4074 577 4130 vinos
619 4072 821 4129 choros
852 4076 923 4129 ob
953 4074 1239 4129 victoriam
1289 4073 1358 4128 ab
1390 4073 1707 4129 adversario
1749 4078 1996 4142 reporta—

419 4174 552 4221 tam.
602 4164 835 4232 Quando
887 4166 1053 4237 igitur
1099 4165 1338 4221 audieris
1392 4165 1827 4236 inscriptionem,
1874 4179 1995 4235 quae

421 4256 549 4312 illas
599 4271 785 4320 voces,
838 4274 858 4309 ι
888 4256 1000 4313 Pro
1048 4256 1302 4318 Maeletb.
1335 4276 1353 4307 ι
1403 4256 1649 4326 adjungit
1706 4256 1835 4321 illis,
1892 4253 1996 4309 «lu

422 4350 606 4415 tinem,
639 4368 658 4401 ι
695 4359 830 4405 tunc
868 4349 1088 4405 noveris
1119 4350 1217 4404 tibi
1247 4349 1397 4404 velut
1430 4363 1527 4419 per
1553 4348 1786 4419 amigma
1819 4347 2000 4403 consi-

2096 3153 2362 3223 συνῳδίαν
2403 3154 2836 3224 παρεμπεσοῦσα
2871 3157 2905 3224 ἠ
2955 3154 3222 3225 ἁμαρτία,
3254 3153 3350 3207 καὶ
3389 3158 3507 3217 τοῖς
3550 3156 3684 3208 ποσὶ

2092 3243 2202 3296 τῶν
2235 3243 2467 3315 πρώτων
2501 3243 2822 3315 ἀνθρώπων,
2846 3243 2957 3296 τῶν
2987 3244 3046 3297 ἐν
3084 3247 3204 3307 ταῖς
3235 3243 3559 3312 ἀγγελικαὶξ
3591 3244 3686 3296 δυ-

2095 3336 2292 3406 νάμεσι
2321 3337 2777 3408 συγχορευόντων,
2810 3336 2903 3389 τὸν
2930 3336 3030 3407 τῆς
3059 3337 3280 3410 ἀπάτης
3303 3336 3520 3392 ὄλισθον
3548 3337 3685 3392 ὕπο-

2095 3427 2288 3498 χέασα,
2337 3426 2537 3496 πτῶμα
2573 3427 2865 3499 ἐποίησεν,
2910 3428 3034 3483 ὅθεν
3069 3427 3371 3500 διεσπάσθη
3411 3430 3515 3499 τῆς
3544 3430 3688 3501 πρὸς

2093 3520 2223 3584 τοὺς
2245 3517 2512 3589 ἀγγελους
2546 3519 2844 3589 συναφείας
2870 3520 2901 3573 ὁ
2931 3520 3232 3590 ἅνθρωπος,
3263 3519 3357 3573 τοῦ
3385 3519 3691 3589 πτώματος

2093 3609 2195 3681 τὴν
2222 3610 2531 3682 συμϐουλὴν
2554 3611 2630 3683 (Δ)
2656 3611 3027 3675 διαλύσαντος*
3051 3610 3243 3664 τούτου
3277 3610 3440 3682 χάριν
3471 3612 3688 3664 πολλῶν

2098 3700 2336 3772 ἱδρώτων
2375 3703 2535 3774 χρεία
2575 3702 2655 3774 τῷ
2701 3702 3012 3756 πεπτωκότι
3054 3704 3150 3756 καὶ
3203 3702 3419 3765 πόνων,
3456 3702 3549 3756 ἴνα
3590 3704 3687 3755 τὸν

2098 3793 2445 3865 ἐπικείμενον
2472 3794 2639 3849 αὑτοῦ
2671 3793 2753 3865 τῷ
2784 3795 3039 3866 πτώματι
3070 3795 3592 3865 καταγωνισάμενός
3626 3811 3689 3846 τε

2098 3883 2195 3937 καὶ
2213 3883 2547 3959 ἀνατρέψας,
2576 3883 2739 3943 πάλιν
2764 3884 3044 3955 ἀνορθωθῇ
3066 3925 3082 3947 ,
3103 3884 3273 3955 γέρας
3294 3883 3395 3953 τῆς
3422 3883 3569 3937 κατά
3588 3882 3687 3936 τοῦ

2099 3973 2417 4038 παλαίοντος
2454 3974 2612 4049 νίκης
2641 3975 2741 4047 τὴν
2771 3973 2922 4028 θείαν
2956 3975 3316 4045 χοροστασίαν
3360 3973 3686 4044 δεξάμενος.

2102 4064 2273 4119 Ὅταν
2315 4061 2408 4120 οὖν
2437 4065 2677 4138 ἀκούσῃς
2719 4066 2821 4136 τῆς
2853 4066 3162 4137 ἐπιγραφῆς
3205 4066 3589 4135 συναπτούσης
3624 4064 3689 4118 τι,

2106 4173 2126 4208 ι
2148 4156 2322 4228 ’Υπὲρ
2349 4156 2588 4222 Μαελὲθ,
2607 4179 2624 4210 ι
2659 4160 2725 4229 τῇ
2749 4176 2768 4209 ι
2792 4158 2889 4220 El;
2919 4157 3070 4218 τέλος
3100 4175 3119 4207 ι
3155 4158 3337 4228 φωνῇ,
3364 4156 3486 4209 τότε
3520 4156 3688 4224 γίνω-

2104 4266 2201 4302 σκε
2230 4248 2318 4302 διὰ
2343 4248 2437 4302 τοῦ
2469 4248 2785 4319 αἰνίγματος
2813 4247 3127 4318 συμϐουλήν
3159 4264 3239 4300 σοι
3268 4246 3653 4318 προσάγεσθαι
3671 4288 3686 4313 ,

2108 4341 2182 4412 μὴ
2219 4339 2612 4411 ἐγχαυνοῦσθαι
2649 4343 2761 4403 τοῖς
2787 4340 2897 4395 τῶν
2929 4339 3250 4410 πειρασμῶν
3280 4339 3686 4409 ἀγωνίσμασιν,

422 4440 556 4497 lium
583 4440 724 4502 dari.
769 4457 839 4498 ne
878 4441 1209 4498 snccumbas
1240 4441 1295 4495 in
1326 4441 1689 4495 tentationnm
1731 4439 1985 4495 conﬂicti-

2356 4432 2417 4486 τὸ
2439 4433 2592 4496 τέλος
2615 4432 2714 4503 τῆς
2741 4433 2896 4503 νίκης
2926 4407 3162 4501 βλέπειν.
3190 4430 3363 4484 Τοῦτο
3387 4430 3444 4483 δέ
3478 4407 3602 4485 ἐστι
3628 4431 3691 4484 τὸ

424 4533 548 4599 bus,
604 4531 699 4588 sed
752 4537 812 4587 ut
857 4532 912 4587 in
949 4532 1109 4586 linem
1143 4530 1387 4586 victoriae
1439 4530 1725 4601 respicias,
1775 4530 1869 4600 qui
1915 4537 2002 4585 est

424 4622 685 4696 angelicis
732 4623 920 4680 choris
973 4622 1377 4689 annumerari;
1455 4630 1716 4691 tuamque
1761 4620 1997 4675 animam

424 4712 788 4769 tentationnm
823 4712 1185 4783 impressione
1227 4710 1524 4782 expurgari
1571 4710 1811 4779 cngites,
1854 4708 1999 4778 quod

427 4812 485 4858 et
509 4803 718 4859 Lazaro
746 4803 1018 4860 accidisse
1049 4818 1120 4859 ex
1146 4803 1264 4873 ipso
1296 4801 1528 4857 Domino
1556 4801 1874 4865 didicimus,
1907 4800 1999 4870 qui

426 4908 554 4949 cum
588 4909 686 4965 per
714 4893 1032 4963 patientiam
1081 4893 1450 4947 calamitatum
1501 4899 1616 4946 toto
1651 4891 1774 4947 vita:
1818 4892 2003 4947 curri-

425 4988 556 5045 culo
574 5002 698 5044 sese
728 4987 959 5044 illaesum
987 5002 1261 5060 casusque
1285 4995 1565 5057 expertem
1596 4994 1999 5049 conservasset,

2107 4523 2513 4594 καταταχθῆναι
2541 4526 2608 4595 τῇ
2638 4524 2900 4595 ἁγγελικῇ
2932 4524 3121 4594 χορείᾳ
3140 4540 3153 4550 ·
3196 4524 3290 4576 καὶ
3319 4524 3418 4593 τὴν
3450 4522 3553 4594 σὴν
3581 4523 3688 4593 ψυ-

2107 4613 2209 4684 χὴν
2245 4615 2312 4684 τῇ
2357 4612 2628 4683 προσϐολῇ
2683 4611 2793 4664 τῶν
2846 4610 3169 4683 πειρασμῶν
3225 4610 3688 4683 ἐκκαθαρθεῖσαν.

2105 4702 2231 4760 Οἷον
2267 4704 2333 4775 δὴ
2368 4705 2464 4758 καὶ
2500 4704 2594 4757 ἐπὶ
2644 4703 2739 4757 τοῦ
2789 4703 3041 4775 Λαζάρου
3090 4703 3345 4772 γενέσθαι
3384 4704 3539 4775 παρὰ
3587 4706 3690 4772 τῆς

2106 4796 2291 4867 φωνῆς
2321 4796 2415 4850 τοῦ
2448 4797 2653 4867 Κυρίου
2703 4796 3037 4867 ἠκούσαμεν.
3090 4796 3189 4859 Ὃς
3225 4794 3415 4865 ἐπειδὴ
3453 4796 3546 4849 διὰ
3590 4796 3690 4867 τῆς

2105 4886 2383 4959 ὑπομονῆς
2413 4886 2522 4940 τῶν
2550 4887 2889 4957 παθημάτων
2916 4886 3047 4956 παρ’
3067 4886 3189 4938 ὅλον
3208 4884 3302 4938 τοῦ
3337 4884 3458 4956 βίου
3480 4884 3544 4939 τδ
3573 4886 3692 4939 στάι

2104 4981 2215 5035 διον
2248 4978 2509 5049 ἐφύλαξεν
2541 4980 2732 5033 ἑαυτὸν
2758 4978 3175 5044 ἀκατάπτωτον,
3209 4976 3558 5047 διαλυθείσης
3590 4978 3690 5035 αὐτ

503 5209 548 5242 ¹⁹
580 5210 739 5265 Prov.
777 5224 862 5276 ill,
906 5206 990 5265 l0.
1075 5207 1121 5241 “
1148 5205 1295 5264 Psal.
1328 5222 1425 5271 LII,
1461 5207 1511 5262 1.
1590 5206 1630 5238 δ’
1659 5204 1680 5260 l
1708 5203 1841 5279 Reg.
1870 5218 1979 5260 xvn

2103 5205 2112 5256 ι
2142 5219 2263 5273 sqq.

648 5418 1179 5493 ξΥπερεκϐλύζωσιν.

526 5488 616 5553 96)
647 5488 1093 5554 Mssdﬁa).6vrtov,
1128 5493 1216 5548 eui.

528 5560 619 5625 97)
650 5560 724 5614 Τε
750 5563 876 5616 add.
901 5563 989 5617 ed.

529 5629 620 5699 98)
649 5631 856 5699 Λέγων,
882 5632 972 5686 ed.

506 5697 622 5766 (99)
647 5697 1074 5770 Θεραπεύσουσι,
1099 5702 1165 5759 ed

2187 5409 2266 5477 (l)
2293 5407 2545 5478 Νικήσει,
2570 5407 2653 5478 eti.

2206 5475 2262 5540 :2)
2289 5477 2411 5530 Τῶν
2427 5475 2653 5547 ⁷χωρῶν,
2688 5475 2775 5530 ed.

2188 5549 2265 5610 (5)
2301 5548 2412 5617 Τήν
2432 5563 2541 5601 οιιι.
2581 5547 2665 5601 ed.

2186 5620 2259 5692 (4)
2290 5619 2362 5671 Συ
2369 5617 2593 5690 μϐολήν,
2634 5617 2722 5672 ed.
