3838 6224
1504 332 1572 387 IN
1611 332 1953 390 PSALMOS.

3255 329 3357 385 5l0

119 446 189 523 τῷ
214 445 306 517 τῆς
336 446 537 517 σκηνῆς
564 447 660 520 (5),
696 449 790 502 κάὶ
817 448 1140 521 ἡττηθέντος
1182 452 1241 505 ἐν
1273 450 1352 522 τῷ
1384 450 1484 521 τῆς
1530 451 1679 521 ζωῆς

1810 453 2141 513 abernaculo
2174 451 2361 509 carnis
2395 451 2515 522 ejus
2552 465 2580 505 a
2610 457 2785 505 morte
2810 447 3101 510 dissoluto,
3133 464 3360 519 supera-

126 538 304 608 σταδίῳ
328 539 419 592 τοῦ
452 540 948 611 προσπαλαίοντος,
984 542 1147 605 εὐθὺς
1185 546 1244 596 ἐν
1289 543 1546 612 ἀγγέλοις
1587 539 1674 613 ἦν.

130 652 148 701 ι
190 630 425 698 Ἐγένετο
457 649 477 691 ι
524 632 652 701 γὰρ,
692 627 878 701 φησὶν,
914 652 932 684 ι
986 633 1279 689 ἀποθανεῖν
1310 636 1403 687 τὸν
1440 634 1679 704 πτωχὸν,

127 725 211 778 καὶ
248 723 603 795 ἀπενεχθῆναι
632 724 740 776 ὑπὸ
778 724 888 777 τῶν
919 725 1185 792 ἀγγέλων.
1236 745 1255 776 ι
1281 724 1433 797 Αὕτη
1471 727 1620 779 ἐστὶν
1648 727 1683 796 ἡ

128 815 316 892 χορεία,
346 816 379 886 ἡ
406 818 542 887 μετὰ
567 815 675 885 τῶν
705 817 949 886 ἀγγέλων
976 818 1276 888 ὁδοιπορία,
1304 820 1399 871 καὶ¹
1427 820 1455 871 ὁ
1485 818 1686 880 κόλπος

129 908 211 962 τοῦ
253 907 618 979 πατριάρχου,
652 909 681 961 δ
717 909 775 960 ἐν
819 908 968 979 αύτῷ
1010 908 1550 979 συμπεριλαμϐάνων
1594 908 1688 961 τὸν

129 1000 393 1077 Λάζαρον·
450 999 569 1052 οὐδὲ
606 998 768 1063 αὐτὸς
817 1000 918 1069 τῆς
966 1000 1197 1072 φαιδρᾶς
1244 1001 1341 1054 τοῦ
1394 1000 1557 1074 χοροῦ
1610 999 1687 1070 (6)

134 1089 426 1159 συμφωνίας
463 1088 568 1157 ἔξω
611 1093 831 1144 νοεῖται.
865 1091 1078 1145 Κόλπον
1110 1091 1219 1163 7&9
1266 1092 1527 1157 ἀκούσας,
1578 1085 1690 1145 οἶόν

134 1195 240 1253 τινα
265 1178 567 1251 εὐρύχωρον
596 1181 865 1248 πελάγους
890 1182 1150 1254 περιοχὴν
1170 1223 1186 1246 ,
1224 1183 1286 1236 τὸ
1322 1182 1433 1237 τῶν
1467 1182 1691 1252 ἀγαθῶν

136 1270 408 1339 πλήρωμα,
456 1271 533 1334 ὡς
581 1272 945 1344 ἐπωνομάσθη
993 1275 1023 1326 ὁ
1073 1274 1453 1347 πατριάρχης,
1492 1276 1693 1344 νοήσας

135 1377 227 1423 τις,
254 1360 346 1413 οὐκ
382 1360 448 1414 ἂν
487 1362 744 1433 ἁμάρτοι,
783 1364 840 1416 ἐν
877 1356 923 1431 ᾧ
960 1366 1054 1417 καὶ
1080 1367 1107 1419 ὁ
1144 1366 1221 1437 (7)
1261 1366 1513 1436 Λάζαρος
1542 1364 1692 1433 γίνε-

138 1466 234 1503 ται.
257 1448 370 1503 Τῶν
394 1450 498 1520 γὰρ
527 1453 589 1505 ἐν
614 1454 722 1517 τοῖς
750 1452 954 1523 ὁμοίοις
980 1454 1156 1522 ἀγῶσι
1182 1455 1571 1524 διαφανέντων,
1599 1455 1692 1507 ού-

138 1537 216 1591 δὲν
239 1538 375 1592 ἐστιν
396 1540 523 1592 ἴδιον
549 1540 781 1605 οὐδενὸς,
804 1542 940 1596 ἀλλὰ
962 1544 1140 1597 κοινὸν
1168 1545 1386 1597 πάντων
1406 1544 1467 1597 τὸ
1492 1543 1696 1612 ἀγαθὸν

140 1630 347 1698 γίνεται,
378 1632 483 1685 τῶν
524 1632 614 1687 διὰ
652 1633 755 1705 τῆς
787 1635 960 1706 αὐτῆς
986 1636 1188 1715 ἀρετῆς
1231 1638 1323 1698 ἐπὶ
1359 1637 1420 1691 τὸ
1452 1637 1529 1709 (8)
1582 1637 1695 1701 ἴσον

144 1722 326 1798 ᾀγαθὸν
349 1725 783 1798 συνδραμόντων.

187 1958 304 2012 Ἦδέ
322 1980 338 2012 ι
352 1963 411 2016 τὸ
426 1963 630 2037 ἐξόδιον
649 1985 666 2016 ι
683 1965 880 2034 ἐχουσα
896 1982 915 2016 ι
933 1965 1033 2031 τῆς
1046 1964 1252 2032 σκηνῆς
1264 1967 1592 2038 »ἐπιγραφὴ
1604 1967 1699 2021 καὶ

150 2049 326 2125 πάλιν,
361 2068 380 2100 ι
408 2048 583 2120 ’Υπὲρ
626 2050 719 2103 τοῦ
762 2052 1118 2123 ἐγκαινισμοῦ
1148 2055 1243 2107 τοῦ
1280 2058 1427 2109 οἴκου
1460 2056 1642 2120 Δαυῒδ,
1675 2077 1694 2108 ι

148 2139 426 2209 γειτνιιῖισιν
464 2142 725 2213 ἀλλήλαις
764 2146 903 2197 κατὰ
935 2146 1034 2216 τὴν
1066 2145 1216 2199 θέσιν
1262 2164 1322 2199 τε
1363 2149 1457 2201 καὶ¹
1490 2149 1587 2219 τὴν
1617 2150 1702 2202 ἕν-

150 2247 299 2303 νοιαν.
333 2231 485 2285 Ἔστι
517 2232 631 2302 7&9
672 2234 706 2303 ὴ
758 2234 857 2304 μὲν
884 2236 944 2287 ἐν
976 2234 1058 2306 τῷ
1104 2236 1338 2307 εἰκοστῷ
1371 2239 1466 2291 καὶ
1497 2238 1698 2308 ὀγδόῳ,

150 2322 178 2389 ἡ
209 2320 259 2373 δὲ
294 2322 351 2375 ἐν
380 2322 461 2393 τῷ
499 2325 642 2392 μετά
683 2323 891 2381 τοῦτον.
940 2326 1003 2379 Ἦ
1036 2327 1092 2380 δὲ
1125 2328 1270 2395 λέξις
1302 2330 1387 2398 ἐφ’
1418 2330 1699 2400 ἐκατέρου,

148 2413 313 2467 τοῦτον
339 2415 449 2486 ἔχει
482 2417 579 2471 τὸν
607 2420 837 2490 τρόπον’
873 2422 967 2475 ἐπὶ
1009 2422 1108 2492 μὲν
1148 2423 1250 2492 τῆς
1286 2422 1554 2494 προτέρας
1581 2425 1701 2475 ἐπι-

151 2504 379 2575 γραφῆς.
411 2526 430 2558 ι
466 2508 699 2579 Ψαλμὸς
735 2512 816 2582 τῷ
861 2513 1023 2566 Δαυῒὸ
1064 2512 1266 2579 ἐξοδίου
1315 2512 1551 2582 σκηνῆςο
1592 2531 1610 2563 ι
1646 2515 1703 2565 ἐν

150 2594 197 2650 δὲ
224 2595 296 2666 τῷ
323 2599 543 2671 ἐφεξῆς,
578 2621 595 2654 ι
628 2602 854 2673 Ψαλμὸς
1069 2604 1165 2657 τοῦ
1211 2604 1567 2674 ἐγκαινισμοῦ
1610 2604 1704 2657 τοῦ

152 2689 280 2745 οἴκου
311 2692 487 2746 Δαυῖδ.
535 2712 555 2744 ι
607 2694 731 2749 Ἐὰν
771 2694 880 2766 γὰρ
923 2696 997 2767 μὴ
1040 2697 1143 2766 τῆς
1191 2696 1455 2767 αἰσθητῆς
1500 2695 1708 2766 σκηνῆς

154 2777 446 2854 ἐξέλθωμεν,
479 2786 508 2848 ὁ
541 2786 796 2858 ἀληθινὸς
822 2788 980 2859 ἡμῶν
1007 2784 1157 2852 οἶκος
1184 2788 1285 2842 οὐκ
1318 2787 1705 2857 ἐγκαινίζεται.

156 2870 216 2923 Τὸ
234 2872 286 2926 δὲ
309 2874 619 2946 λεγόμενον,
647 2878 886 2933 τοιοῦτόν
915 2880 991 2950 (9)
1013 2883 1184 2933 ἐστινῖ
1205 2880 1310 2933 Δύο
1341 2881 1468 2952 περὶ
1488 2879 1585 2951 τὴν
1619 2880 1711 2940 ἀν-

158 2961 407 3035 θρωπίνην
440 2971 647 3026 νοεῖται
674 2971 869 3039 φύσινπ
908 2971 944 3042 ἧ
966 2988 1027 3031 τε
1053 2972 1338 3043 σαρκώδης
1384 2972 1518 3044 ζωὴ,
1549 2974 1582 3041 ὴ
1621 2971 1711 3025 διὰ

155 3054 246 3108 τῶν
260 3059 557 3130 αἰσθήσεων
581 3063 967 3134 ἐνεργουμένη,
986 3064 1081 3117 καὶ
1102 3066 1134 3134 ἠ
1157 3065 1501 3134 πνευματικὴ
1519 3065 1575 3131 δὲ
1598 3064 1709 3134 (10)

1784 553 1950 614 tuque
1984 546 2039 599 in
2074 546 2177 600 hoc
2207 543 2464 599 conﬂictu
2497 542 2837 605 adversario,
2877 542 3063 595 statim
3096 541 3236 595 inter
3263 557 3361 595 an-

1784 635 1933 703 gelos
1965 642 2215 702 receptus
2243 640 2346 688 est.
2377 649 2397 683 (
2420 630 2646 685 Factum
2676 637 2758 687 est
2783 628 2952 690 enim,
2975 650 2993 683 ι
3025 628 3222 696 inquit,
3243 648 3260 680 ι
3303 638 3363 682 ut

1787 738 2092 781 moreretur
2113 726 2418 788 mendicus,
2440 734 2495 778 et
2521 723 2903 791 deportaretur
2928 720 2998 773 ab
3026 721 3309 789 angelis".
3337 740 3357 771 ι

1789 818 2055 873 Videlicet
2096 818 2210 873 haec
2242 832 2366 872 cum
2395 817 2604 886 angelis
2649 817 2869 876 chorea,
2904 813 3037 866 nihil
3083 820 3167 866 est
3214 813 3363 867 aliud

1789 924 1950 980 quam
1986 925 2110 963 cum
2144 908 2352 979 angelis
2396 908 2682 977 profectio,
2719 907 2979 973 sinusque
3016 900 3361 972 patriarchae,

1790 1002 1887 1073 qui
1913 1001 2183 1055 Lazarum
2215 1000 2439 1069 excipit,
2470 1015 2539 1053 ne
2573 1000 2690 1069 ipse
2720 998 2943 1068 quidem
2972 1003 3124 1052 extra
3163 995 3364 1062 jucun-

1790 1093 1915 1147 dam
1947 1092 2090 1146 hanc
2118 1090 2498 1162 symphoniam
2530 1089 2672 1143 situs
2702 1095 2805 1142 est.
2845 1085 2982 1140 Nam
3013 1086 3059 1140 si
3083 1085 3207 1154 quis
3240 1098 3364 1138 cum

1791 1184 1970 1237 sinum
2000 1181 2172 1243 audit,
2206 1181 2354 1234 velut
2388 1187 2597 1233 vastam
2648 1175 2942 1246 quamdam
2974 1176 3148 1245 pelagi
3181 1173 3367 1226 latitu-

1793 1272 1997 1335 dinem,
2025 1272 2295 1325 bonorum
2325 1270 2568 1325 omnium
2601 1266 2994 1338 plenitudinem
3017 1280 3112 1334 per
3135 1263 3369 1333 patriar-

1794 1366 1953 1421 cham
1980 1363 2339 1433 significatam
2364 1360 2516 1423 velit,
2550 1360 2596 1414 is
2628 1371 2971 1428 nequaquam
3002 1353 3369 1417 aberraverit;

1795 1463 1849 1517 in
1880 1476 1989 1532 qua
2016 1461 2285 1515 bonorum
2322 1455 2656 1511 abundantia
2681 1454 2923 1517 Lazarus
2950 1464 3167 1521 quoque
3197 1448 3371 1502 collo-

1795 1561 1970 1607 catur.
2023 1549 2161 1606 Nam
2209 1549 2356 1620 quod
2407 1549 2462 1603 in
2514 1548 2679 1615 huius
2727 1546 2945 1617 generis
2978 1540 3375 1598 certaminibus

1796 1643 2081 1708 elucescit,
2132 1643 2339 1697 nullius
2378 1640 2660 1711 proprium
2707 1646 2833 1701 est,
2881 1636 2975 1692 sed
3018 1634 3078 1689 lit
3129 1633 3375 1687 omnium

1798 1749 2089 1795 commune
2114 1734 2340 1795 bonum,
2384 1730 2647 1794 omnium,
2698 1731 2943 1798 inquam,
2976 1725 3070 1797 qui
3099 1739 3198 1795 per
3226 1737 3377 1777 ean»

1729 1801 1773 1859 Β
1801 1829 1925 1883 dem
1951 1826 2211 1880 virtutem
2239 1824 2306 1877 ad
2331 1823 2540 1891 aequale
2566 1821 2775 1879 bonum
2802 1818 3163 1874 contendunt.

1867 1961 1937 2012 At
1964 1958 2246 2028 inscriptio
2276 1974 2396 2027 quae
2422 1957 2503 2012 sic
2531 1956 2695 2011 habet
2724 1974 2736 2009 :
2777 1974 2794 2005 ι
2824 1953 3014 2008 Exitus
3056 1950 3382 2003 tabernacu-

1800 2050 1860 2112 li,
1898 2071 1915 2102 ι
1952 2058 2007 2107 et
2035 2050 2149 2115 illa,
2196 2068 2214 2101 ι
2237 2046 2345 2103 Pro
2376 2048 2721 2103 dedicatione
2751 2046 2945 2101 domus
2977 2042 3166 2106 David,
3197 2060 3216 2092 ι
3251 2041 3384 2095 vici-

1802 2142 2024 2196 nitatem
2068 2140 2361 2211 quamdam
2411 2154 2519 2192 non
2574 2137 2738 2191 modo
2790 2134 3057 2204 positione
3085 2143 3137 2188 et
3169 2130 3382 2191 ordine,

1803 2233 1897 2289 sed
1919 2240 1973 2289 et
1992 2247 2157 2288 sensu
2183 2231 2403 2287 habent.
2431 2229 2522 2283 Illa
2544 2229 2686 2284 enim
2709 2236 2793 2282 est
2814 2227 2867 2281 in
2888 2225 3149 2280 vicesimo
3168 2232 3383 2285 octavo,

1803 2327 1918 2380 hinc
1954 2326 2010 2379 in
2045 2325 2293 2395 sequenti
2331 2324 2561 2393 psalmo.
2596 2322 2655 2375 In
2686 2330 2920 2389 utroque
2948 2325 3128 2371 autem
3163 2313 3228 2367 ad
3266 2329 3386 2366 ver-

1803 2422 1932 2475 bum
1973 2421 2049 2473 ita
2090 2428 2176 2475 est
2208 2424 2469 2486 concepta
2498 2414 2801 2482 inscriptio.
2835 2411 2892 2468 In
2924 2409 3089 2480 priori
3119 2404 3335 2477 quidem
3371 2422 3382 2454 :

1812 2532 1829 2563 l
1860 2511 2110 2567 Psalmus
2141 2508 2346 2573 David,
2378 2506 2556 2562 exitus
2603 2502 2963 2559 tabernaculi.
2998 2519 3015 2551 ι
3052 2498 3107 2551 ln
3142 2495 3388 2568 proxime

1807 2602 2058 2673 sequenti
2087 2602 2190 2656 hoc
2213 2600 2375 2655 modo
2410 2616 2423 2651 :
2459 2596 2740 2652 «Psalmus
2770 2592 3000 2658 cantici_
3026 2583 3390 2644 dedicationis

1808 2697 2003 2750 domus
2037 2691 2225 2746 David.
2263 2710 2281 2742 ι
2330 2689 2447 2744 Nisi
2493 2689 2640 2743 enim
2682 2702 2750 2742 ex
2786 2683 3030 2741 sensibili
3067 2680 3171 2735 hoc
3204 2677 3389 2732 taber-

1809 2785 2006 2841 naculo
2034 2782 2401 2852 egrediamur,
2451 2793 2578 2834 vera
2610 2784 2802 2832 nostra
2833 2775 3030 2830 domus
3082 2785 3189 2823 non
3237 2765 3391 2821 dedi-

1810 2886 1985 2931 catur.
2015 2874 2170 2941 Quod
2203 2888 2333 2928 vero
2366 2871 2453 2927 bis
2474 2871 2805 2930 insinuatur,
2832 2863 3102 2936 ejusmodi
3129 2859 3389 2933 quiddam

1811 2976 1898 3024 est
1929 2983 1944 3019 :
1981 2966 2115 3019 Dum
2147 2966 2202 3020 in
2238 2965 2477 3019 humana
2526 2968 2727 3015 natura
2778 2954 3117 3013 considerari
3163 2958 3395 3023 possunt

1812 3061 1959 3123 vitae,
1994 3058 2167 3113 altera
2216 3056 2459 3117 carnalis
2488 3061 2542 3109 et
2588 3050 2808 3122 corpori
2855 3048 3101 3107 addicta,
3146 3060 3266 3115 qua:
3300 3058 3397 3114 per

158 3146 238 3211 ul
268 3150 440 3217 άῡλος,
534 3150 619 3221 τῷ
655 3131 826 3223 νοερῷ
865 3131 1048 3206 τεκαὶ
1094 3131 1372 3225 ἀσωμάτῳ
1402 3131 1501 3224 τῆξ
1534 3131 1700 3233 ψυχῇ

1815 3167 2012 3209 sensus
2041 3158 2329 3219 operatur;
2364 3148 2535 3201 altera
2572 3143 2874 3215 spiritualis
2905 3148 2958 3195 et
2994 3134 3396 3198 immaterialis,

161 3234 245 3307 βίῳ
271 3234 691 3312 κατορθουμένη.
734 3242 873 3305 Ἀλλ’
894 3241 994 3294 οὐκ
1019 3242 1133 3295 ἔστι
1167 3242 1275 3296 τῶν
1298 3242 1391 3296 δύο
1419 3244 1561 3297 κατὰ
1588 3244 1713 3296 ταύ-

159 3328 236 3382 τὺν
257 3330 310 3384 ἐν
336 3332 595 3403 μετουσία
613 3333 888 3402 γενέσθαι.
927 3334 991 3387 Ἦ
1011 3335 1121 3405 γὰρ
1141 3334 1271 3406 περὶ
1294 3335 1354 3387 τὸ
1380 3336 1566 3407 ἓτερον
1588 3335 1713 3397 τού-

160 3437 251 3475 των
280 3424 497 3495 σπουδὴ,ι
529 3425 633 3495 τὴν
666 3424 763 3479 τοῦ
801 3426 988 3498 ἐτέρου
1030 3426 1286 3497 στέρησιν
1314 3427 1708 3499 ἀπεργάζεται.

163 3513 344 3568 Οὐκοῦν
370 3517 417 3569 εἰ
459 3518 751 3589 μέλλοιμεν
778 3519 1094 3590 οἰκητήριον
1122 3517 1255 3572 Θεοῦ
1288 3520 1462 3582 ποιεῖν
1488 3517 1586 3589 τὴν
1610 3517 1716 3587 ψυ-

164 3603 267 3671 χὴν,
302 3604 529 3672 ἐξελθεῖν
557 3609 826 3678 προσήκει
864 3608 977 3678 (ll)
1017 3608 1116 3678 τῆς
1147 3606 1458 3680 σαρκώδους
1485 3606 1712 3676 σκηνῆς.

166 3694 227 3745 Ob
252 3696 351 3765 7&9
390 3696 537 3761 ἔστιν
580 3697 756 3761 ἄλλως
792 3697 1205 3775 ἐγκαινισθῆναι
1241 3697 1334 3751 τὸν
1382 3693 1531 3751 οἷκον
1559 3697 1717 3774 ἡμῶν

168 3786 258 3857 tino
272 3788 359 3856 τοῦ
388 3770 1002 3861 ἀνακαινίζοντοςὴμᾶς
1030 3789 1118 3854 διὰ
1147 3790 1246 3861 τῆς
1276 3789 1468 3849 ἑαυτοῦ
1503 3770 1719 3859 ἐνοική-

170 3893 304 3941 σεως,
329 3882 374 3932 εἰ
418 3881 491 3952 μὴ
529 3881 596 3935 τὸ
637 3882 835 3947 ἐξόδιον
864 3881 966 3951 τῆς
1003 3883 1207 3953 σκηνῆς
1235 3882 1323 3934 διὰ
1350 3882 1449 3951 τῆς
1485 3880 1579 3935 τοῦ
1612 3898 1718 3933 σω-

174 3971 373 4039 ματικοῦ
404 3973 520 4045 βίου
561 3973 969 4047 ἀλλοτριώσεως
1006 3972 1401 4046 κατορθωθείη.

1818 3260 1939 3315 quae
1973 3244 2027 3297 in
2055 3242 2271 3297 vivendi
2302 3255 2500 3310 genere
2530 3254 2559 3291 a
2601 3237 2884 3307 corporeis
2927 3235 3093 3287 rebus
3124 3230 3397 3300 sejuncto,

1817 3343 1872 3391 et
1902 3334 2007 3389 sub
2032 3333 2203 3389 solam
2235 3332 2649 3401 intelligentiam
2679 3329 2910 3383 cadente
2951 3324 3225 3389 consistit,
3256 3320 3402 3376 [ieri-

1817 3445 1926 3500 que
1974 3443 2087 3483 non
2132 3436 2344 3497 potest,
2397 3434 2456 3479 ut
2497 3425 2612 3480 haec
2661 3424 2773 3480 duo
2802 3423 2926 3477 vitae
2971 3434 3169 3492 genera
3212 3423 3399 3472 mutua

1820 3518 2207 3575 communione
2250 3518 2573 3587 iungantur.
2627 3514 2762 3568 Nam
2802 3512 3067 3575 studium,
3108 3508 3253 3579 quod
3305 3506 3401 3560 uni

1821 3610 2177 3681 impenditur,
2212 3612 2443 3665 alterum
2474 3623 2503 3663 e
2535 3607 2713 3661 medio
2739 3607 2882 3659 tollit
2924 3623 2936 3657 :
2973 3604 3020 3659 si
3063 3603 3232 3673 igitur
3282 3599 3402 3652 ani-

1819 3719 1965 3758 mam
2012 3710 2260 3759 nostram
2312 3699 2407 3755 Dei
2450 3698 2824 3753 habitaculum
2873 3694 3088 3750 elﬁccre
3141 3690 3401 3754 velimus,

1819 3802 2057 3866 oportet,
2094 3806 2152 3849 ut
2183 3809 2351 3849 carne
2392 3790 2739 3863 egrediamur
2775 3804 2841 3843 ex
2884 3784 3093 3842 carnali
3140 3783 3405 3837 taberna-

1821 3886 2141 3940 culo.Alitcr
2161 3887 2308 3941 enim
2335 3884 2452 3939 ﬁeri
2482 3882 2689 3951 nequit,
2726 3888 2784 3932 ut
2816 3877 3011 3932 domus
3044 3882 3230 3929 nostra
3260 3872 3408 3927 dedi-

1821 3988 1980 4033 cetur
2003 3979 2072 4033 ab
2095 3978 2207 4043 illo,
2256 3977 2350 4047 qui
2380 3990 2481 4031 nos
2512 3989 2605 4045 per
2643 3986 2796 4027 suam
2826 3968 3275 4024 inhabitationem
3311 3963 3408 4018 de-

1822 4070 1991 4135 dicat,
2033 4069 2141 4125 nisi
2166 4070 2350 4126 exitus
2378 4083 2447 4124 ex
2474 4064 2832 4121 tabernaculo
2862 4078 2958 4133 per
2983 4061 3410 4115 aversionem'et

174 4154 333 4225 fugam
357 4158 479 4217 vitae
506 4158 759 4228 corporis
775 4156 1217 4227 jucunditatibus
1244 4157 1464 4221 deditae,
1489 4155 1729 4229 legitime
1756 4159 2098 4217 instituatur.

242 4298 295 4353 '0
320 4299 375 4353 δέ
396 4299 492 4371 τῆς
510 4318 531 4351 ι
552 4296 895 4359 Ἐκστάσεως
917 4314 938 4347 ι
960 4294 1173 4367 ψαλμὺς
1196 4295 1225 4347 ὁ
1252 4292 1388 4363 μετὰ
1414 4292 1507 4344 τὸν
1531 4308 1721 4359 εγκαι-

1903 4293 2151 4348 Psalmus
2219 4312 2239 4345 ι
2270 4293 2590 4353 Exstaseos,
2632 4308 2650 4340 ι
2704 4286 2799 4358 qui
2846 4296 2969 4357 post
2993 4283 3410 4354 [dedicationem

173 4391 339 4460 νισμδν
379 4391 733 4461 τεταγμένος,
771 4382 834 4443 οὗ
878 4387 1198 4457 πρόσκειται
1230 4386 1340 4456 (12)
1380 4385 1412 4454 ή
1444 4383 1700 4453 ἐπιγραφὶ

1831 4385 2203 4455 subiungitur,
2250 4385 2336 4438 cui
2380 4384 2494 4437 haec
2546 4380 2832 4450 inscriptio
2881 4386 2966 4433 est
3016 4377 3260 4447 praeﬁxa,
3300 4393 3319 4427 ι
3351 4374 3413 4428 ln

176 4481 314 4555 αὕτη,
345 4503 364 4536 ι
396 4486 491 4549 Εἰς
509 4460 573 4537 το
598 4483 753 4545 τέλος
780 4480 990 4550 ψαλμὸς
1022 4477 1100 4547 τῷ
1133 4477 1294 4531 Δαυῒδ
1331 4477 1669 4538 ἐκστάσεως,

1834 4475 1993 4529 linem
2020 4474 2263 4543 psalmus
2290 4470 2459 4525 David
2484 4467 2806 4529 exstasis”,
2840 4485 2858 4516 ι
2906 4470 3174 4518 consonat
3204 4460 3271 4515 iis
3293 4476 3415 4531 qua:

178 4576 437 4644 σύμφωνός
462 4579 581 4629 ἐστι
601 4578 711 4638 τοῖς
741 4568 1569 4645 προτεθεωρημένοις,ἐκστῆναι
1590 4585 1700 4638 συμ

1829 4567 1941 4636 jam
1972 4566 2258 4637 praemissa
2291 4572 2441 4629 sunt,
2478 4575 2706 4616 monens
2738 4569 2797 4612 ut
2823 4558 2890 4612 ab
2918 4557 3026 4611 illis
3058 4554 3417 4615 absistamus,

178 4666 419 4722 δουλεύων
448 4669 695 4733 ἐκείνων,
721 4660 797 4720 ὧν
828 4664 1130 4734 ἐπιϐλαόής
1148 4664 1295 4715 ἐστιν
1322 4663 1357 4732 ἡ
1381 4659 1664 4728 συνάφεια.

1833 4672 2068 4729 quorum
2102 4654 2421 4726 conjunctio
2454 4652 2678 4723 periculi
2712 4652 2871 4725 plena
2904 4656 3007 4703 est.

240 4798 325 4865 Οἷς
343 4801 396 4855 δὲ
418 4802 749 4873 παράκειται
778 4798 859 4865 τὸ,
890 4815 908 4848 ι
937 4798 1029 4860 Εἰς
1064 4794 1368 4865 ἀνάμνησιν
1387 4837 1402 4862 ,
1427 4811 1444 4845 ι
1470 4790 1700 4859 σύντομό

1910 4788 2120 4856 Quibus
2160 4802 2289 4842 vero
2327 4787 2663 4857 pra-ponitur
2705 4783 2839 4838 illud
2881 4801 2895 4837 :
2951 4802 2969 4834 ι
2998 4781 3057 4835 ln
3089 4793 3421 4834 rememora-

180 4871 634 4948 τιναδιδασκαλίαν
652 4892 681 4944 ὁ
706 4891 860 4959 λόγος
884 4889 1132 4959 ύπέρτῆς
1154 4885 1423 4957 σωτηρίας
1445 4885 1575 4954 ἡμῖν
1598 4884 1700 4937 ὑπο

1840 4879 2138 4945 tionem“;
2160 4898 2177 4929 ι
2206 4878 2285 4932 illi
2319 4876 2782 4945 compendiariam
2804 4873 3093 4944 quamdam
3114 4871 3420 4927 doctrinam

185 4980 383 5036 τίθεται.
399 4982 617 5051 Ἐπειδὴ
628 4981 733 5053 7&9
746 4982 778 5046 ἡ
793 4977 1047 5049 παρακοὴ
1061 4980 1158 5047 τῆς
1178 4975 1328 5038 θείας
1352 4974 1592 5044 ἐντολῆς,
1616 4973 1700 5026 ὁδὸ

1843 4972 2038 5027 salutis
2064 4979 2265 5025 nostrae
2288 4967 2648 5038 procurandae
2674 4966 2915 5020 tradunt.
2936 4962 3069 5017 Nam
3091 4976 3212 5017 cum
3242 4969 3421 5014 trans.

186 5072 251 5132 εἷς
272 5070 531 5128 ἀπώλειαν
558 5076 670 5136 τοῖς
698 5051 1006 5143 άνθρὼποις
1028 5070 1245 5139 ἐγένετο
1278 5068 1360 5138 (ού
1384 5067 1493 5139 7&9
1519 5065 1584 5119 ἂν
1610 5066 1700 5118 ἀπε

1842 5062 2053 5133 gressio
2076 5060 2244 5115 divini
2279 5058 2536 5129 praecepti
2577 5056 2891 5111 hominibus
2938 5058 3076 5109 viam
3120 5053 3187 5108 ad
3231 5051 3421 5106 interi-

185 5160 427 5237 λὼλαμεν,
455 5168 505 5219 εἰ
532 5168 599 5237 τῇ
640 5165 829 5238 μνήμῃ
853 5163 954 5234 τὴν
996 5160 1213 5232 ἐντολὴν
1239 5156 1625 5230 ἐφυλάξαμεν),
1654 5156 1700 5209 δι

1848 5164 1961 5207 tum
1984 5152 2258 5223 aperuerit
2286 5150 2418 5218 (non
2446 5149 2591 5205 enim
2626 5149 2997 5219 periissemus,
3021 5147 3064 5204 si
3096 5152 3426 5217 prteceptum

247 5364 432 5423 "Luc.
462 5381 575 5431 xvi,
608 5365 701 5421 22.
775 5365 821 5398 ⁸³
851 5363 995 5419 Psal.
1024 5377 1150 5427 xxx,
1182 5362 1230 5416 l.
1307 5361 1353 5393 “
1390 5360 1535 5417 Psal.
1569 5370 1775 5423 xxxvii,
1812 5353 1868 5421 l;
1895 5368 2045 5419 uix,
2074 5353 2124 5406 l.

361 5560 580 5630 Καινῆς,
603 5558 693 5630 ed.

367 5629 471 5703 ξιξοῦ
492 5626 789 5703 χοροῦᾼοω.
830 5626 918 5685 ed.

254 5698 326 5762 j7)
367 5699 423 5751 Ὀ
456 5698 570 5754 oin.
606 5701 693 5753 ed.

260 5770 325 5839 l8)
349 5768 418 5821 T6
440 5786 547 5825 om.
570 5770 656 5824 ed.

1929 5546 2007 5617 (9)
2030 5546 2220 5607 Τοῦτο,
2241 5544 2349 5617 _cd.

1929 5614 2042 5685 (ill)
2070 5617 2161 5679 Τε,
2190 5614 2275 5668 ed.

1926 5682 2038 5757 (ni
2071 5687 2149 5755 Τῇ
2177 5684 2338 5754 σαρκί
2372 5682 2495 5757 add.
2532 5683 2618 5739 ed.

1926 5754 2038 5829 (12)
2063 5754 2378 5828 Πρὸκειται,
2409 5754 2493 5809 cd.
