3838 6224
347 230 449 288 Si!

1616 224 1675 280 S.
1717 217 2046 280 GREGORII
2079 217 2374 275 NYSSENI

3509 207 3637 262 512

344 345 610 405 memoria
638 342 1186 415 retinuissemus),ob
1215 341 1271 399 id
1314 341 1473 415 quasi
1501 340 1801 397 remedium
1827 338 1927 396 de-

2076 337 2188 392 >ῦτο
2217 338 2293 402 ὡς
2330 336 2748 408 ἀντιφάρμακον
2777 331 2872 386 τοῦ
2909 331 3050 385 κατὰ
3078 329 3176 399 τὴν
3203 326 3375 400 λήθην
3411 325 3638 389 πάθους

345 437 581 510 pellendi
608 439 859 492 morbum
888 434 1203 500 oblivionis,
1231 434 1556 506 proponitur
1581 432 1742 489 nobis
1784 445 1924 502 prae-

343 531 486 601 cepti
517 529 845 593 recordatio,
879 529 1042 599 idque
1073 529 1128 582 in
1156 527 1372 582 duobus
1393 524 1639 596 psalmis.

415 643 794 700 Confessionis
812 657 968 706 voce,
985 657 1110 696 cum
1133 641 1344 712 psalmo
1369 638 1702 709 praeponitur
1721 636 1790 699 ",
1811 635 1927 690 haec

347 729 641 784 docemur:
661 731 802 784 Cum
831 730 1132 784 secundum
1151 726 1449 798 Scriptura
1475 726 1926 782 consuetudinem

347 819 546 888 duplex
574 819 644 874 sit
673 819 1001 889 signiﬁcatio
1028 818 1594 877 confessioniszmodo
1622 818 1766 874 enim
1797 831 1926 887 pec-

349 920 624 976 catorum,
647 925 770 980 qua:
801 908 1146 975 admisimus,
1196 909 1553 979 prolationem
1616 909 1779 964 modo
1808 923 1930 978 gra-

349 1004 550 1057 tiarum
590 1002 861 1056 actionem
907 1001 1174 1070 signiﬁcat
1199 1002 1328 1057 :vhic
1360 1009 1589 1072 utroque
1626 1001 1929 1072 signiﬁcatu

349 1093 418 1148 ad
449 1094 614 1147 vitam
645 1109 710 1148 ex
739 1093 938 1148 virtute
969 1093 1230 1164 agendam
1262 1093 1714 1160 manuducimur;
1759 1095 1933 1163 prola-

349 1185 430 1239 tio
455 1184 600 1240 enim
635 1193 984 1253 peccatorum
1013 1193 1245 1255 separat
1278 1200 1380 1240 nos
1417 1193 1471 1239 et
1499 1185 1719 1240 abducit
1750 1200 1781 1238 a
1814 1199 1933 1238 mae.

350 1275 457 1342 lis,
518 1274 872 1345 studiumque
931 1284 1181 1344 prompte
1237 1274 1430 1344 agendi
1485 1275 1724 1345 gratias,
1771 1283 1934 1345 auget

351 1367 518 1422 etiam
566 1365 799 1437 gratiam
849 1373 904 1421 et
949 1366 1379 1420 benevolentiam
1407 1365 1771 1422 benefactoris
1799 1381 1927 1437 erga

353 1456 479 1512 illos
503 1456 597 1526 qui
628 1456 888 1511 beneﬁcia
915 1455 1142 1510 memori
1177 1463 1232 1510 et
1253 1467 1405 1526 grata
1427 1467 1610 1513 mente
1641 1459 1929 1527 rccipiunt.

353 1546 606 1603 Psalmus
666 1548 830 1619 igitur
883 1548 972 1602 cui
1024 1547 1236 1609 titulus.
1298 1548 1402 1603 «In
1452 1549 1873 1614 confessionem,
1907 1568 1927 1601 ι

354 1640 502 1695 hunc
536 1641 591 1695 in
621 1640 840 1694 modum
873 1643 1189 1711 propositus
1221 1649 1326 1708 est,
1383 1649 1442 1696 ut
1489 1641 1534 1696 si
1582 1641 1792 1714 peccati
1820 1655 1932 1696 me-

357 1719 533 1787 moria
568 1742 620 1788 te
646 1741 829 1803 angat,
861 1734 1196 1802 poenitentiae
1232 1733 1598 1804 expiationem
1648 1733 1749 1788 tibi
1805 1749 1932 1789 sua-

356 1825 516 1889 deat;
547 1823 692 1893 quod
719 1826 764 1880 si
797 1825 862 1878 ad
901 1826 952 1880 id
987 1827 1130 1897 quod
1170 1827 1366 1882 melius
1396 1838 1498 1891 est,
1531 1825 1644 1880 vita
1672 1826 1859 1880 tendat
1884 1835 1939 1880 et

358 1914 640 1985 proﬁciat;
705 1917 902 1972 stabile
960 1919 1059 1973 tibi
1112 1918 1438 1989 ﬁrmumque
1491 1934 1586 1988 per
1638 1918 1943 1987 gratiarum

357 2007 630 2062 actionem
656 2007 722 2062 ad
742 2007 910 2064 Deum
943 2017 1053 2064 tam
1083 2021 1332 2065 sanctum
1357 2010 1695 2079 prepositum
1721 2008 1935 2063 eﬁiciat.

438 2138 458 2170 ‹
488 2117 656 2174 Tituli
683 2138 702 2172 ι
740 2137 836 2176 seu
897 2139 916 2172 ι
954 2123 1222 2178 columna:
1256 2123 1569 2193 inscriptio,
1595 2142 1614 2175 ι
1648 2132 1703 2178 et
1758 2123 1892 2177 illud
1921 2141 1945 2178 ι

365 2225 385 2260 ι
423 2207 501 2265 Ne
530 2225 854 2282 corrumpas
888 2233 900 2267 :
935 2232 953 2265 ι
987 2213 1102 2268 sive
1154 2214 1516 2283 coniunctim,
1567 2214 1682 2270 sive
1725 2228 1940 2283 separa«

362 2301 460 2354 tim
492 2302 767 2372 aliquibus
797 2305 1026 2374 psalmis
1061 2306 1458 2367 inscribantur,
1486 2305 1776 2360 consilium
1807 2319 1940 2358 con—

364 2392 538 2447 tinent
588 2394 860 2450 sectanda:
893 2396 1360 2464 longanimitatis;
1404 2397 1533 2451 illud
1575 2396 1718 2451 enim
1757 2415 1770 2450 :
1821 2415 1839 2446 ‹
1865 2394 1943 2449 Ne

363 2499 706 2556 corrumpas,
737 2505 755 2538 ι
793 2487 1014 2545 Davidis
1053 2505 1155 2544 vox
1201 2499 1306 2558 est,
1342 2489 1682 2561 prohibentis
1708 2489 1944 2558 armige-

365 2589 510 2641 rum,
539 2593 607 2630 ne
634 2578 869 2633 trucidet
901 2576 1137 2634 Saulem.

435 2691 504 2742 At
530 2707 550 2740 ι
590 2691 733 2745 tituli
766 2710 786 2744 ι
818 2706 914 2748 seu
949 2711 968 2743 ι
1001 2694 1268 2747 columna:
1294 2692 1600 2762 inscriptio,
1639 2711 1658 2743 ι
1695 2691 1945 2746 hortatur

368 2779 684 2849 hnjusmodi
711 2797 922 2848 vocem,
960 2785 1012 2838 in
1068 2784 1351 2848 memoria,
1385 2785 1531 2839 velut
1574 2785 1630 2838 in
1689 2785 1943 2838 columna

367 2872 708 2928 incidendam
732 2890 875 2942 esse,
913 2885 974 2930 ut
1002 2885 1054 2930 ct
1095 2877 1150 2931 in
1191 2877 1461 2933 similibus
1501 2877 1682 2940 rebus,
1727 2879 1773 2933 si
1821 2878 1944 2947 quis

367 2978 533 3020 casus
562 2965 630 3020 ad
661 2966 919 3022 ultionem
947 2967 1066 3036 ejus
1101 2969 1196 3038 qui
1233 2984 1333 3024 nos
1368 2969 1745 3031 contristavit,
1794 2968 1944 3023 exci-

369 3062 484 3119 tet,
539 3057 868 3127 cogitatione
925 3061 1240 3115 mandatum
1300 3061 1432 3116 illud
1493 3062 1695 3117 caedent
1753 3071 1944 3116 vetans
1974 3039 2016 3097 (ἶ

373 3148 702 3218 relegamus,
734 3165 909 3220 eoque
949 3152 1014 3206 ad
1046 3153 1362 3222 patientiam
1403 3160 1459 3208 et
1483 3153 1955 3222 longanimitatem-

377 3236 640 3307 impetum
675 3241 842 3293 animi
881 3241 1255 3298 deﬂectamus.
1309 3243 1722 3296 Accuratiorem
1769 3251 1949 3298 autem

377 3328 575 3384 horum
638 3334 880 3385 omnium
938 3334 1383 3404 explicationem.
1418 3335 1784 3390 instituemus.
1824 3343 1960 3390 tunc

375 3435 502 3475 cum
528 3421 596 3476 ad
626 3423 960 3494 reliquarum
1003 3425 1422 3496 inscriptionum
1457 3426 1951 3482 considerationem

377 3511 723 3569 redierimus.

981 3712 1212 3769 CAPUT
1255 3710 1366 3769 νη.

451 3888 865 3961 Dispiciendum
889 3891 1033 3947 enim
1057 3909 1205 3949 nunc
1227 3903 1330 3971 est,
1363 3910 1532 3964 quam,
1550 3896 1828 3952 notionem
1853 3913 1957 3952 vos

387 3999 408 4032 ο
433 3981 663 4037 Alleluia
694 4000 712 4034 ι
757 3982 1057 4052 subjectam
1093 3983 1328 4050 haheat;
1370 4002 1491 4056 qua!
1514 3988 1702 4044 multis
1735 3989 1960 4058 psalmis

382 4075 504 4131 loco
520 4075 892 4145 inscriptionis
914 4077 1269 4146 praeponitur.
1289 4078 1386 4132 Est
1403 4078 1566 4148 igitur
1588 4099 1606 4130 ι
1627 4079 1860 4133 Alleluia
1878 4079 1954 4130 ³⁸⁸»

382 4167 608 4239 mystica
645 4168 970 4232 cohortatio,
1004 4166 1069 4222 ad
1114 4168 1303 4224 laudes
1336 4168 1431 4224 Dei
1465 4169 1837 4224 decantandas
1865 4185 1963 4222 au-

381 4259 614 4315 ditorem
645 4259 922 4322 excitans,
959 4269 1018 4314 ut
1049 4259 1277 4329 proinde
1318 4260 1458 4315 idem
1501 4262 1572 4318 sit
1605 4263 1724 4332 ejus
1756 4263 1962 4332 signiﬁ-

2023 430 2125 502 τὴν
2152 429 2458 500 ἀνάμνησιν
2481 427 2579 496 τῆς
2604 426 2843 496 ἐντολῆς,
2869 425 2898 477 ὁ
2926 423 3082 490 λόγος
3111 421 3240 492 ἡμῖν
3267 418 3632 486 ὑποτίθεται,

2027 521 2084 579 ἐν
2115 518 2208 579 δύο
2233 515 2574 588 ψαλμῳδίαις
2605 515 2764 568 τοῦτο
2782 514 2994 571 ιποιῶνμ

2109 628 2199 680 Ἐν
2225 620 2304 689 οἷς
2329 625 2386 678 δὲ
2413 627 2446 696 ἡ
2475 625 2860 696 ἐξομολόγησις
2887 623 3227 695 πρόσκειται,
3260 619 3436 674 ταῦτα
3463 619 3641 691 παρὰ

2028 721 2127 790 τῆς
2153 719 2338 789 φωνῆς
2357 717 2737 788 διδασκόμεθω
2762 716 2964 786 Διπλῆς
2992 713 3157 784 οὔσης
3181 713 3237 764 ὲν
3264 712 3636 794 τῇ-Γραφικῇ

2031 811 2307 884 σὺνηθείᾳ,
2337 812 2436 882 τῆς
2477 811 2619 864 κατὰ
2659 812 2758 879 τὴν
2787 800 3169 886 ἐξομολόγησιν
3202 805 3499 884 σημασίας,
3524 804 3642 856 καὶ

2033 903 2126 955 νῦν
2169 901 2268 972 μὲν
2299 905 2396 970 τὴν
2433 897 2808 969 ὲξαγόρευσειν,
2842 892 2997 959 αὖθις
3034 895 3090 948 δὲ
3115 895 3213 965 τὴν
3260 891 3642 964 εὐχαριστίαν

2032 991 2477 1062 ἐνδεικνυμένης·
2520 988 2754 1042 ἐνταῦθα
2781 987 2899 1040 κατ’
2921 986 3239 1058 ἀμφοτέρας
3273 985 3371 1048 τὰς
3406 983 3644 1046 ἐννοίας

2034 1083 2170 1153 πρὸς
2213 1083 2304 1137 τὸν
2349 1084 2469 1136 κατ’
2499 1083 2700 1154 ἀρετὴν
2745 1081 2857 1151 βίον
2907 1077 3412 1157 χειραγωγούμεθα.
3442 1077 3522 1130 ’Ἠ
3559 1092 3647 1137 τε,

2032 1175 2141 1248 γάρ
2173 1174 2522 1245 ὲξαγόρευσις
2557 1171 2833 1244 χωρισμόν
2876 1189 2937 1224 τε
2988 1171 3084 1224 καὶ
3123 1169 3477 1240 ἀλλοτρίωσιν
3509 1167 3640 1220 τῶν

2033 1263 2645 1335 κακῶνὰιπεργάζεται,
2675 1263 2736 1317 τό
2790 1282 2852 1318 τε
2911 1266 3048 1329 πρὸς
3093 1263 3202 1334 τὴν
3254 1259 3637 1328 εὐχαριστίαν

2033 1353 2634 1427 πρόθυμονςπλεονάζει
2668 1351 2801 1423 (15)
2843 1350 2942 1421 τὴν
2989 1350 3141 1420 παρὰ
3185 1346 3277 1401 τοῦ
3324 1346 3646 1416 εὐεργέτου.

2034 1449 2193 1520 χάριν
2233 1450 2323 1501 ἐπὶ
2371 1447 2475 1501 τῶν
2514 1445 2846 1516 εὐαισθήτως
2890 1442 3192 1514 δεχομένων
3221 1441 3319 1504 τὰς
3348 1437 3647 1509 εὑποιίαςε

2035 1540 2326 1610 Πρόκειται
2351 1535 2440 1592 οῦν
2467 1541 2494 1592 ὁ
2515 1538 2727 1608 ψαλμὸς
2748 1556 2766 1588 ι
2789 1537 2884 1599 Εἰς
2909 1533 3291 1605 ἐξομολόγησιν
3313 1551 3333 1583 ι
3353 1530 3554 1592 οὕτως,
3577 1531 3644 1581 εἰ

2039 1633 2136 1705 μέν
2160 1651 2243 1696 τις
2266 1631 2540 1703 ἁμαρτίας
2566 1628 2872 1700 ὑποσμύχει
2900 1645 2958 1680 σε
2988 1628 3198 1698 μνήμη,
3234 1619 3643 1694 συμϐουλεύων

2036 1724 2096 1778 τὸ
2118 1724 2207 1778 διὰ
2229 1724 2341 1795 (14)
2367 1723 2468 1794 τῆς
2499 1723 2786 1794 μετανοίας
2827 1720 3144 1789 καθάρσιον.
3171 1719 3232 1769 Εἰ
3272 1716 3329 1768 δέ
3367 1732 3453 1768 σοι
3487 1712 3642 1784 πρὸς

2037 1819 2097 1871 τὸ
2121 1821 2366 1891 κρεῖττον
2409 1815 2682 1870 εὑοδοῦται
2717 1816 2746 1866 ό
2793 1813 2927 1884 βίος,
2959 1811 3180 1882 βεϐαίαν
3225 1825 3306 1860 σοι
3351 1809 3501 1859 ποιεῖ
3539 1805 3641 1858 διὰ

2037 1914 2135 1984 τῆς
2179 1911 2315 1984 πρὸς
2355 1909 2416 1963 τὸ
2447 1910 2600 1971 Θεῖον
2631 1906 2980 1978 εὐχαριστίας
3032 1904 3128 1974 τὴν
3174 1900 3384 1958 ἀμείνω
3431 1898 3641 1969 προαίε-

2041 2022 2213 2075 ρεσιν.

2122 2121 2186 2172 Ἠ
2217 2119 2273 2172 δὲ
2300 2137 2319 2169 ι
2349 2116 2751 2187 Στηλογραφία,
2787 2112 2934 2167 »ικαὶ
2966 2112 3028 2166 τὸ
3052 2130 3081 2173 τι
3110 2110 3202 2181 Μὴ
3230 2107 3575 2178 διαφθείρῃς,
3606 2123 3634 2155 ι

2041 2206 2150 2258 εἴτε
2185 2208 2301 2276 μετ’
2335 2202 2752 2275 άλλήλων,,είτε
2783 2200 3203 2272 κεχωρισμένως
3235 2197 3351 2250 τισὶ
3369 2195 3482 2249 τῶν
3511 2197 3641 2246 ὲπι-

2042 2298 2269 2368 γραφῶν
2298 2297 2672 2366 ὲφευρίσκοιτο
2707 2293 2840 2364 (15).,
2871 2290 3175 2362 συμϐουλὴν
3205 2290 3332 2359 περὶ
3357 2287 3460 2358 τῆς
3489 2285 3642 2338 κατὰ

2040 2390 2137 2461 τὴν
2175 2388 2554 2459 μακροθυμίαν
2600 2386 2805 2458 ἀρετῆς
2850 2384 3183 2456 περιέχουσι.
3214 2380 3288 2434 Τὸ
3323 2379 3435 2449 γάρ
3479 2398 3500 2430 ι
3537 2378 3655 2448 Mi]?

2041 2479 2376 2551 διαφθείρῃς,
2407 2498 2424 2529 ι
2459 2477 2554 2530 τοῦ
2582 2477 2743 2530 Δαυῖδ
2773 2478 2919 2529 ἐστιν
2948 2477 2981 2546 ἡ
3007 2473 3180 2543 φωνὴ,
3211 2470 3515 2533 κωλύοντος
3542 2469 3640 2522 τὸν

2045 2567 2391 2639 ὑπασπιστὴν
2417 2566 2726 2637 χρήσασθαι
2758 2564 2900 2623 καετά
2921 2563 3030 2633 (16)
3061 2561 3233 2616 Σαοὺλ
3258 2563 3325 2630 τῇ
3351 2561 3560 2629 πληγῇ.

2126 2683 2259 2736 Ἡδὲ
2285 2683 2383 2752 τῆς
2404 2701 2423 2734 ι
2448 2680 2861 2752 Στηλογραφίας
2886 2699 2903 2730 ι
2929 2678 3153 2743 διάνοια,
3174 2676 3235 2730 τὺ
3249 2677 3358 2743 δεῖν
3381 2672 3494 2728 οἷόν
3526 2692 3636 2727 τινι

2048 2777 2214 2848 στήλῃ
2271 2775 2350 2846 τῷ
2408 2773 2724 2846 μνημονικῷ
2775 2776 2875 2844 τῆς
2919 2772 3096 2842 ψυχῆς
3147 2767 3660 2844 ἐγκεχαραγμένηνξ

2046 2868 2190 2938 ἔχειν
2235 2869 2351 2941 τὴνι.
2378 2866 2633 2937 τοιαύτην
2685 2867 2888 2938 φωνὴν,
2929 2865 3006 2929 ὼς
3054 2863 3120 2918 ἂν
3163 2861 3402 2916 ὲπὶετῶν
3429 2861 3642 2929 ὁμοίων

2049 2959 2410 3030 πραγμάτων,
2444 2958 2498 3010 εἴ
2531 2973 2608 3019 τις
2637 2955 2952 3025 περίστασις
2986 2953 3124 3024 πρὸς
3150 2952 3250 3022 τὴν
3277 2949 3370 3002 τοῦ
3397 2948 3642 3017 λελυπη-

2051 3051 2205 3114 κότος
2249 3051 2462 3120 ἄμυναν
2488 3048 2580 3103 τὸν
2624 3047 2792 3117 θυμὸν
2828 3045 2988 3116 ἡμῶν
3019 3044 3422 3113 διαναστήσειεν
3445 3082 3461 3107 ,
3499 3042 3658 3094 ἁνα-.

2049 3142 2406 3211 γινώσκοντες
2459 3143 2526 3210 τῇ
2575 3139 2784 3209 διανοίᾳ
2831 3137 2891 3190 τὸ
2960 3134 3256 3188 κωλυτικδν
3309 3131 3405 3185 τοῦ
3471 3130 3655 3200 φόνουι

2051 3235 2399 3306 πρόσταγμα,
2439 3233 2533 3286 καὶ
2583 3232 2736 3286 αὑτοὶ
2769 3229 2879 3300 (17)
2926 3229 3062 3300 πρὸς
3117 3224 3500 3298 μακροθυμίαν
3545 3221 3643 3274 τὸν

2053 3323 2222 3393 θυμὸν
2282 3322 2725 3392 κατευνάσωμεν.
2791 3317 3200 3389 Ἀκριϐἑστερον
3255 3315 3311 3367 δὲ
3366 3315 3460 3367 τὸν
3509 3314 3643 3380 περὶ

2052 3412 2256 3466 τούτων
2291 3411 2402 3482 (18)
2434 3411 2591 3480 λόγον
2623 3411 2703 3473 είς
2745 3404 2900 3471 αὖθις
2941 3403 3328 3476 διαληψόμεθα,
3360 3401 3499 3473 πρὸς
3538 3401 3668 3469 τὴνι

2055 3501 2391 3557 τῶνιλοιπῶν
2421 3499 2741 3574 ἐπιγραφῶν
2775 3498 3008 3552 θεωρίαν
3035 3492 3530 3567 ὲπαναδραμόντες.

2598 3714 2994 3773 ΚΕΦΑΛΑΙΟΝ
3033 3716 3131 3775 Ζῖ.,

2130 3897 2249 3968 Χρὴ
2281 3897 2389 3968 γὰρ
2418 3895 2510 3948 καὶ
2554 3895 2618 3947 τὸ
2649 3913 2668 3945 ι
2705 3893 3046 3964 Ἀλληλοὺ’ἰα,
3076 3909 3095 3942 ι
3127 3891 3154 3944 ὃ
3183 3888 3236 3940 τί
3269 3904 3398 3940 ποτε
3438 3887 3646 3958 σημαί-

2060 4008 2158 4056 νει,
2183 3989 2532 4067 κατανοῆσαι,
2560 3991 2697 4059 ὃπερ
2727 3986 2939 4048 πολλοῖς
2972 3985 3079 4040 τῶν
3101 3982 3332 4053 ψαλμῶν
3361 3980 3659 4051 ἐπιγραφὴ,

2060 4081 2452 4151 γίνεται.⁹Εστι
2476 4083 2654 4133 τοίνυν
2682 4079 2742 4133 τὸ
2779 4099 2796 4130 ι
2826 4075 3160 4147 Ἀλληλοὺῖα,
3187 4094 3206 4127 ι
3245 4073 3648 4144 παρακέλευσις

2065 4173 2320 4245 μυστικὴ,
2349 4173 2487 4244 πρὸς
2519 4174 2616 4242 τὴν
2641 4171 2734 4224 τοῦ
2759 4171 2892 4224 Θεοῦ
2921 4168 3192 4241 ὑμνῳδίαν
3215 4168 3315 4238 τὴν
3347 4167 3523 4238 ἀκοὴν
3547 4168 3647 4220 ἑπ-

2062 4264 2370 4334 εγείρουσα,
2390 4264 2478 4316 ἵνα
2491 4258 2782 4333 τοιοῦτον
2802 4261 2993 4314 τούτου
3011 4260 3122 4330 (19)
3144 4258 3205 4311 τὸ
3225 4256 3652 4328 σημαινόμενον,

382 4358 588 4416 catum,
611 4351 754 4421 quod
774 4369 792 4402 ι
812 4349 1053 4406 Landate
1080 4350 1388 4407 Dominum.
1417 4372 1434 4404 ι
1454 4353 1587 4407 Nam
1617 4355 1709 4409 ubi
1732 4354 1786 4408 in
1817 4354 1944 4408 Scri-

2076 4356 2144 4407 Ξτι
2189 4375 2207 4405 ι
2241 4355 2448 4406 Αἰνεῖτε
2492 4353 2580 4406 τὸν
2623 4351 2858 4423 Κύριον·
2893 4370 2910 4402 ›
2951 4352 3008 4403 ἐν
3046 4345 3126 4413 οἷς
3165 4351 3272 4420 γὰρ
3317 4348 3510 4419 μέρεσι
3551 4348 3660 4417 τῆς

385 4453 546 4513 ptura
586 4443 701 4496 haec
727 4457 831 4496 vox
862 4441 1092 4496 habetur
1125 4460 1138 4495 :
1177 4461 1195 4494 ι
1233 4441 1476 4498 Laudate
1503 4442 1853 4516 Dominum,»
1887 4446 1941 4500 ib

2076 4446 2226 4513 άγίας
2279 4445 2500 4516 Γραφῆς
2541 4443 2679 4515 αὓτη
2733 4443 3054 4513 πρόσκειται
3094 4443 3127 4511 ἡ
3171 4441 3322 4511 φωνὴ
3370 4439 3608 4508 λέγουσα
3633 4480 3651 4501 ,

386 4533 652 4593 Hebraice
681 4550 776 4604 per
801 4553 819 4584 ‹
840 4533 1072 4588 Alleluia
1102 4553 1121 4585 ι
1157 4533 1296 4589 idem
1319 4535 1801 4605 exprimiturznisi
1827 4535 1966 4591 forte

385 4628 612 4682 verbum
662 4626 763 4679 hoc
796 4625 966 4696 magis
1009 4640 1259 4695 superam
1303 4626 1452 4681 illius
1493 4626 1807 4696 psalmodia:
1855 4627 1963 4680 vim

386 4715 724 4780 manifestat,
751 4717 1002 4773 indicans
1046 4702 1205 4772 illam.
1232 4734 1354 4775 esse
1399 4719 1612 4774 laudem
1652 4720 1764 4774 Dci.
1800 4719 1964 4776 Varie

388 4811 533 4865 enim
568 4809 709 4880 apud
742 4807 998 4866 l-lcbraaos
1020 4810 1283 4881 quosdam
1311 4828 1377 4866 ex
1405 4811 1637 4867 diversis
1662 4811 1962 4877 vocabulis,

390 4909 446 4955 ct
475 4901 648 4971 ipsum
685 4919 704 4952 ι
735 4903 808 4968 ia,
838 4921 857 4954 ι
897 4903 1184 4973 ipsumque
1217 4923 1235 4956 ι
1265 4906 1446 4970 allelu,
1479 4924 1496 4957 ›
1533 4905 1748 4961 laudem
1790 4907 1962 4977 signi-

390 4992 576 5047 ﬁcant.
608 4991 792 5063 Neque
821 4993 1036 5050 mireris
1065 4996 1108 5049 si
1138 4996 1202 5062 is,
1225 4996 1317 5066 qui
1345 5007 1527 5053 rectus
1553 5012 1715 5054 casus
1741 4997 1962 5064 dicitur,

393 5081 704 5154 huiusmodi
735 5085 807 5140 sit
836 5086 890 5141 in
915 5085 1020 5142 hoc
1043 5087 1338 5152 vocabulo;
1372 5103 1482 5143 non
1504 5089 1648 5144 enim
1681 5105 1830 5147 more
1861 5105 1963 5145 no-

465 5265 513 5299 ⁸⁸
550 5263 693 5322 Psal.
730 5279 874 5329 xcux,
915 5265 963 5319 1.
1041 5265 1085 5297 ⁸⁸
1115 5263 1256 5321 Psal.
1281 5279 1362 5328 cx,
1396 5279 1503 5333 cxi,
1534 5273 1638 5320 ctc.

502 5425 584 5497 l3)
613 5425 717 5480 Καί
745 5426 870 5483 add.
893 5429 980 5484 ed.

501 5498 586 5563 Ἰι)
621 5497 718 5550 Διά
745 5514 852 5551 om.
893 5499 981 5554 cd.

468 5569 584 5640 (15)
625 5568 1086 5640 Ἐφευρίσκονται,
1110 5570 1195 5626 cd.

471 5637 586 5708 (16)
622 5637 728 5693 Τοῦ
756 5639 880 5694 add.
913 5638 998 5695 ed.

2073 4556 2091 4588 ι
2117 4538 2328 4589 Αἰνεῖτε
2358 4537 2451 4589 τὸν
2480 4535 2703 4608 Κύριον,
2728 4554 2746 4587 ι
2777 4534 2865 4588 διὰ
2891 4534 2983 4586 τοῦ
3010 4553 3029 4585 ι
3051 4531 3366 4603 Ἀλληλοὺῖα
3393 4549 3413 4582 ι
3444 4533 3502 4583 ὲν
3530 4533 3658 4592 ταῖς

2079 4628 2388 4699 Ἑϐραϊκαῖς
2423 4631 2663 4697 γραφαῖς
2691 4627 2753 4680 τὸ
2782 4625 3022 4680 τοιοῦτον
3055 4624 3478 4696 σημαίνεται.“Η
3507 4623 3654 4692 τάχα

2070 4718 2266 4789 μᾶλλον
2293 4719 2546 4790 γνωρίζει
2583 4721 2611 4772 ὁ
2643 4718 2799 4787 λόγος
2829 4713 2981 4782 οὗτος
3007 4719 3106 4789 τῆς
3137 4714 3499 4786 ὑποκειμένης
3536 4714 3650 4784 (Ξθ)

2066 4812 2383 4883 ψαλμῳδίας
2429 4812 2529 4884 τὴν
2585 4811 2830 4883 δύναμιν,
2876 4811 3048 4880 λέγων
3097 4809 3264 4881 αὐτὴν
3309 4806 3456 4862 αἶνον
3509 4802 3656 4861 εἶναι

2069 4905 2224 4960 Θεοῦ.
2272 4905 2538 4969 Ποικίλως
2587 4905 2695 4976 γὰρ
2740 4904 2805 4958 ἐκ
2847 4903 3115 4976 διαφόρων
3180 4901 3459 4972 ὀνομάτων
3511 4900 3658 4954 κατά

2067 5015 2188 5052 τινα
2217 4996 2548 5068 συμϐολικὴν
2579 4996 2854 5066 σημασίαν
2896 4995 2996 5066 τῆς
3038 4995 3185 5059 θείας
3221 4995 3434 5066 φύσεως
3461 4993 3658 5064 δηλου-

2072 5090 2238 5162 μένης
2289 5092 2348 5144 ἐν
2391 5091 2510 5153 ταῖς
2544 5088 2810 5160 Ἐϐραίων
2843 5091 3080 5158 φωναῖς·
3119 5088 3177 5142 ἓν
3222 5087 3331 5142 τῶν
3381 5101 3659 5158 σημαντι-

2149 5425 2262 5491 (17)
2285 5423 2392 5506 Kal}
2421 5419 2604 5543 αὑτόιᾶ
2631 5419 2792 5488 αὑτῇ,
2824 5418 2911 5473 cd.

2149 5492 2491 5543 (181Τουτου
2539 5505 2570 5543 c
2613 5529 2626 5542 .

2146 5494 2258 5561 (18)
2284 5491 2491 5545 Τούτου
2539 5491 2626 5561 ed.

2149 5558 2259 5632 (19)
2301 5562 2492 5622 Τοῦτο,
2524 5558 2610 5613 ed.

2149 5627 2260 5705 (20)
2298 5632 2428 5686 ’Υπε
2440 5627 2750 5701 ρκειμὲνης,
2772 5628 2858 5682 cd.
