3838 6224
131 289 225 345 513
1490 283 1560 340 IN
1600 285 1705 342 PS!

1810 283 1939 342 IOS.

3270 283 3376 341 5H

130 407 231 462 κῶν
263 402 384 477 περὶ
414 402 552 458 Θεοῦ
599 401 872 474 ὀνομάτων
913 401 1065 476 παρὰ
1099 403 1374 477 Ἑϐραίοις
1404 407 1540 476 φησὶ¹
1585 406 1698 476 (21)

1810 415 1919 462 stro
1945 403 2249 459 formantur
2280 402 2425 475 apud
2461 402 2720 460 Hebraeos
2764 400 3025 470 nomina;
3058 399 3155 458 sed
3196 400 3378 457 diver-

130 498 215 552 καὶ
237 497 294 550 τδ
317 515 335 548 ι
356 494 436 561 ῐα,
463 514 484 547 ι
505 496 567 550 τὸ
585 496 638 549 δὲ
654 494 765 565 (22)
795 513 815 546 ε
847 495 1100 567 Ἀλληλοῦ
1131 515 1150 547 ι
1187 494 1334 560 αἶνος
1345 500 1562 553 νοεῖται.
1586 497 1700 552 Καὶ

133 589 200 660 μὴ
225 586 522 658 θαυμάσῃς,
551 587 597 639 εί
629 587 728 656 τὴν
765 587 1066 660 λεγομένην
1111 587 1324 642 εὐθεῖαν
1350 589 1408 641 έν
1439 588 1698 660 τῇ⁰πτὼ-

133 699 205 734 σει
235 679 322 734 τοῦ
351 679 611 748 ὀνόματος
639 680 698 732 τὸ
723 679 964 733 τοιοῦτον
991 680 1176 750 σχῆμα
1208 681 1307 751 τῆς
1347 682 1530 751 φωνῆς
1563 681 1700 734 ταύ-

131 791 218 845 της
266 771 612 825 ἐνδείκνυται.
651 771 726 824 Ού
756 771 866 844 γὰρ
906 768 1042 842 πρδς
1083 773 1182 844 τὴν
1223 772 1354 844 παρ’
1392 775 1526 844 ἡμῖν
1577 790 1702 826 συν-

132 867 301 937 ἠθειαν
322 863 584 918 τυποῦται
609 865 701 917 καὶ
727 864 880 934 παρὰ
907 867 1018 928 τοῖς
1054 864 1326 935 Ἑϐραίοις
1354 863 1424 918 τὰ
1458 867 1698 936 ῥήματα,

257 955 436 1026 ἐτερος
461 955 632 1019 τύπος
673 955 775 1026 τῆς
808 957 934 1027 παρ’
975 956 1158 1019 αὐτοῖς
1192 957 1552 1027 ἐκφωνήσεως
1593 956 1702 1008 τῶν

134 1049 389 1118 ὀνομάτων
435 1046 591 1118 παρὰ
635 1046 727 1101 τὸν
784 1048 1073 1120 ἡμέτερον.
1125 1045 1282 1101 Οὕτω
1329 1045 1460 1114 γοῦν
1507 1046 1567 1099 τὸ
1606 1044 1701 1100 τοῦ

136 1141 389 1211 προφήτου
414 1139 605 1209 ὄνομα,
633 1141 796 1209 ἡμεῖς
843 1139 942 1209 μὲν
989 1138 1130 1192 κατὰ
1161 1139 1253 1192 τὸν
1295 1139 1426 1210 παρ’
1452 1140 1582 1209 ἡμῖν
1607 1137 1704 1191 τύ-

138 1250 223 1285 πον
269 1230 723 1301 ἐξελληνίζοντες,
762 1248 780 1281 ι
811 1230 998 1284 Ἠλίαν
1034 1249 1052 1282 ι
1087 1230 1288 1301 φαμέν.
1341 1229 1404 1282 Ἦ
1456 1228 1513 1281 δὲ
1573 1232 1704 1299 παρ’

147 1321 395 1391 ⁹Εϐραίοις
418 1321 722 1390 εὑγλωττία
754 1322 854 1392 τὴν
875 1320 1089 1374 εὐθεῖαν
1115 1317 1211 1374 τοῦ
1238 1320 1500 1391 ὀνόματος
1521 1316 1703 1372 Ἠλιοῦ

136 1414 285 1482 λέγει.
317 1406 499 1478 Οῦτιὸς
547 1408 641 1466 οὖν
688 1413 784 1466 καὶ
822 1413 1077 1476 ἐνταῦθα.
1117 1414 1247 1466 ὅταν
1283 1413 1394 1482 (25)
1437 1412 1527 1465 τὸν
1558 1407 1705 1466 αἶνον

136 1505 210 1556 ἐπ’
228 1503 429 1568 εὐθείας
450 1503 713 1568 πτώσεως
739 1505 981 1575 σημᾶναι
1005 1503 1275 1575 βούλεται,
1295 1503 1403 1556 τῶν
1439 1503 1705 1574 Ἐϐραίων

133 1596 164 1663 ἠ
214 1593 414 1663 γλῶττα
441 1613 461 1647 σ
497 1595 756 1666 ’Δλληλοῦ
813 1594 929 1666 (24)
975 1614 994 1646 ι
1056 1593 1439 1666 κατονομάζει.
1489 1595 1704 1666 Ἐπειδὴ

134 1690 184 1742 δὲ
209 1688 314 1759 (25)
338 1689 365 1740 ὁ
389 1683 539 1752 αῐνος
579 1691 662 1753 είς
685 1689 815 1742 Θεδν
861 1689 1079 1752 πάντως
1113 1687 1214 1762 τὴν
1255 1691 1535 1763 ἀναφορὰν
1568 1691 1702 1762 ἔχει,

134 1781 188 1834 τὸ
215 1779 264 1833 δὲ
290 1798 308 1831 ι
337 1779 392 1833 ία
417 1797 436 1832 ι
467 1779 528 1834 ἓν
569 1779 680 1833 τῶν
729 1779 1141 1851 ἐρμηνευτικῶν
1173 1781 1273 1850 τῆς
1310 1781 1459 1845 θείας
1493 1781 1704 1852 φύσεώς

135 1873 266 1923 ἐστιν
290 1869 472 1940 ὄνομα,
499 1871 624 1924 ὅλον
650 1873 801 1941 κοινῇ
831 1871 893 1923 τὺ
933 1891 950 1922 ι
989 1869 1307 1942 Ἀλληλούῖα
1338 1891 1357 1923 ι
1387 1868 1538 1936 αἶνος
1566 1873 1700 1926 Θεοῦ

135 1961 488 2031 ἑρμηνεύεται.
523 1961 696 2014 Ὅταν
752 1961 934 2014 τοίνυν
983 1960 1142 2014 τοῦτο
1200 1961 1261 2014 τὸ
1303 1960 1455 2032 ῥῆμα
1506 1981 1708 2033 προγε-

137 2050 424 2120 γραμμένον
559 2049 666 2119 τῆς
715 2050 1057 2120 ψαλμῳδίας,
1112 2050 1333 2120 νοητέον
1384 2051 1451 2105 ἂν
1492 2052 1598 2124 είη,
1647 2053 1708 2106 τὸ

136 2138 230 2192 δεῖν
277 2140 488 2204 πάντως
535 2139 600 2194 τὺ
624 2141 980 2211 ὑποκείμενον
1024 2141 1106 2203 είς
1153 2140 1460 2210 δοεολογίαν
1503 2144 1706 2212 ἀναγα‹

139 2233 237 2296 γεῖν
266 2230 373 2300 (26)
398 2230 555 2285 Θεοῦ.
589 2230 747 2284 Οῦτω
773 2249 855 2284 τοι
900 2232 996 2285 καὶ
1031 2233 1145 2296 τοῖς
1189 2233 1520 2297 τελευταίοις
1551 2234 1708 2306 μάλι-

143 2337 229 2373 στα
254 2317 349 2389 τῆς
376 2320 561 2390 βίϐλου
593 2321 702 2374 τῶν
731 2319 964 2390 ψαλμῶν
992 2322 1049 2375 αἱ
1081 2320 1273 2375 πολλαὶ
1303 2321 1412 2376 τῶν
1453 2323 1708 2378 τοιούτων

139 2410 430 2481 ἐπιγραφῶν
471 2409 913 2482 ἐφευρίσκονται,
953 2411 1020 2464 δι’
1057 2405 1133 2464 ὧν
1176 2411 1325 2465 ἐστιν
1363 2413 1584 2479 ἐννοεῖν,
1624 2416 1707 2468 ὅτι

140 2503 234 2563 τοῖς
257 2499 352 2570 ἥδη
397 2501 534 2574 προς
588 2501 648 2555 τὸ
683 2502 890 2556 τέλειον
936 2502 1173 2572 φθάσασι
1213 2503 1313 2574 τῆς
1357 2504 1479 2557 κατ’
1506 2504 1708 2576 ἀρετὴν

141 2593 407 2658 πολιτείας,
435 2597 530 2647 καὶ
579 2593 669 2648 διὰ
705 2594 814 2648 τῶν
851 2594 1230 2664 προλαϐόντων
1272 2593 1370 2664 τῆς
1391 2595 1708 2667 ψαλμῳδίας

141 2687 412 2757 τμημάτων
458 2686 608 2740 κατὰ
652 2685 753 2758 τὴν
797 2687 1082 2757 νοηθεῖσαν
1127 2687 1214 2740 ἐπ’
1255 2688 1435 2742 αὐτῶν
1476 2688 1709 2760 Θεωρίαν

144 2779 526 2850 ἐκκαθαρθεῖσιν
568 2779 800 2849 ἁρμόζει
846 2779 908 2832 τὸ
948 2779 1118 2832 αίνεῖν
1160 2778 1252 2833 τὸν
1303 2776 1466 2832 Θεόνο
1511 2780 1605 2832 καὶ
1651 2780 1710 2832 ἐν

142 2871 323 2932 τούτοις
348 2867 503 2935 εἶναι,
533 2872 596 2924 ἐν
631 2864 711 2935 οἷς
741 2871 834 2923 καὶ
871 2871 906 2942 ἡ
955 2870 1066 2924 τῶν
1095 2869 1343 2940 ἀγγέλων
1372 2869 1536 2939 φύσις
1569 2864 1728 2929 εἶναι,

145 2959 484 3014 πεπίστευται.
529 2959 672 3014 Οὔτε
711 2961 821 3030 γὰρ
853 2961 1076 3014 ἐκείνων
1109 2961 1510 3032 μεμαθήκαμεν
1543 2961 1711 3030 ἀσχο-

1801 513 1916 554 sam
1939 512 1969 551 a
1991 503 2178 551 nostra
2206 497 2472 551 rationem
2498 504 2554 550 ct
2577 496 2803 566 figuram
2839 495 3041 550 habent
3061 492 3376 565 proferendi

1802 604 1984 644 voces.
2016 587 2152 642 Nam
2178 596 2232 642 et
2255 588 2529 658 prophetae
2551 603 2752 643 nomen
2777 602 2878 643 nos
2898 587 3118 659 quidem
3141 587 3206 641 ad
3229 585 3382 641 Grae-

1800 693 1920 734 cam
1947 679 2214 733 rationem
2239 677 2612 746 eﬁ'ormantes,
2653 698 2673 732 ι
2704 678 2916 734 Heliam
2949 698 2968 730 ›
2995 678 3376 749 appellamus:

1800 770 1869 823 At
1902 770 2207 840 proprietas
2231 769 2432 840 linguae
2456 769 2738 826 l‘lebraica:
2768 771 2822 824 in
2877 785 3008 827 casu
3043 778 3195 825 recto
3219 769 3379 825 Heliu

1800 859 1966 927 dicit;
2005 860 2078 913 ita
2112 860 2280 931 igitur
2323 868 2377 915 et
2423 860 2478 914 in
2529 860 2844 930 proposito,
2882 859 3106 930 quando
3159 859 3379 914 laudem

1801 958 1953 1004 recto
1994 964 2126 1004 casu
2170 950 2480 1021 significare
2511 952 2658 1013 vult.
2700 952 2852 1022 ponit
2898 950 3246 1005 Hebraeorum
3274 950 3381 1004 lin-

1803 1051 1939 1112 gua,
1976 1061 1995 1094 ‹
2030 1042 2267 1098 alleluia.
2308 1063 2326 1095 ι
2382 1041 2518 1096 Cum
2556 1052 2737 1096 autem
2785 1043 2905 1097 laus
2936 1042 3005 1096 ad
3044 1039 3211 1095 Deum
3241 1039 3380 1094 rela-
3438 1109 3439 1114 η

1804 1133 2011 1188 tionem
2043 1134 2265 1196 habeat,
2300 1134 2546 1205 illudque
2577 1152 2596 1185 ‹
2633 1135 2706 1198 ia,
2746 1153 2764 1186 ι
2798 1135 2867 1190 sit
2902 1149 3068 1187 unum
3093 1147 3158 1187 ex
3197 1132 3381 1186 nomi-

1805 1226 2002 1291 nibus,
2047 1241 2168 1296 quze
2203 1224 2302 1280 Dei
2349 1232 2599 1280 naturam
2634 1224 2952 1288 declarant,
2992 1230 3165 1276 totum
3217 1219 3382 1276 simul

1811 1337 1830 1369 ‹
1879 1319 2130 1383 alleluia,
2169 1338 2190 1372 ι
2231 1319 2352 1374 laus
2398 1316 2493 1372 Dei
2533 1333 2632 1386 per
2663 1316 3168 1386 interpretationem
3200 1313 3384 1369 reddi-

1805 1415 1915 1462 tur.
1959 1407 2191 1474 Quando
2243 1408 2428 1477 itaque
2477 1422 2583 1462 vox
2624 1407 2737 1460 haec
2787 1405 2949 1458 alicui
2986 1405 3198 1475 psalmo
3245 1418 3386 1474 pra!-

1806 1499 2012 1568 scripta
2041 1505 2148 1560 est,
2182 1500 2422 1568 cogitare
2454 1505 2703 1568 oportet,
2736 1497 2791 1551 id
2823 1496 2969 1567 quod
3001 1496 3277 1560 subditur,
3315 1495 3386 1550 ad

1805 1589 1902 1645 Dei
1932 1589 2302 1645 laudationem
2336 1599 2392 1644 et
2439 1590 2885 1660 praedicationem
2916 1589 3139 1644 ducere.
3175 1587 3387 1654 Quibus

1808 1678 2262 1749 inscriptionibus
2329 1679 2488 1734 multi
2543 1695 2611 1735 ex
2669 1680 2960 1750 postremis
3032 1679 3385 1748 potissimum

1813 1768 2038 1838 psalmis
2074 1767 2240 1838 hujus
2288 1769 2414 1824 libri
2456 1769 2859 1839 insigniuntur;
2899 1785 2965 1824 ex
2994 1769 3194 1838 quibus
3223 1767 3388 1823 intel-

1810 1860 2067 1931 ligimus,
2100 1861 2297 1916 horum
2347 1861 2442 1932 qui
2481 1862 2595 1932 jam
2649 1862 2716 1915 ad
2762 1860 3120 1931 perfectionis
3166 1861 3385 1916 culmen

1810 1952 2175 2008 ascenderunt
2203 1953 2364 2024 inque
2396 1953 2832 2024 praecedentibus
2879 1955 3216 2026 psalmorum
3257 1969 3387 2024 par-

1810 2046 1989 2109 tibus,
2020 2045 2321 2100 secundum
2371 2046 2793 2116 explicationem
2837 2047 2907 2102 de
2957 2047 3068 2102 illis
3095 2047 3385 2114 traditam,

1809 2137 2093 2208 expurgati
2130 2147 2293 2204 sunt,
2339 2153 2540 2194 munus
2567 2152 2726 2203 esse,
2763 2136 2929 2192 Deum
2965 2137 3223 2192 laudibus
3249 2151 3385 2208 pro-

1810 2230 1987 2298 sequi,
2033 2239 2090 2283 et
2125 2231 2177 2284 in
2217 2231 2303 2285 his
2336 2231 2579 2295 versari,
2622 2233 2677 2284 in
2722 2231 2927 2299 quibus
2955 2232 3120 2285 etiam
3157 2229 3385 2299 angelo-

1811 2334 1930 2373 rum
1970 2327 2164 2374 natura
2196 2321 2403 2376 versari
2446 2321 2706 2376 creditur.
2737 2321 2924 2392 Neque
2953 2322 3101 2376 enim
3134 2335 3386 2391 comper-

1809 2423 1922 2467 tum
1966 2413 2124 2469 nobis
2162 2421 2247 2468 est
2299 2414 2462 2468 aliam
2498 2414 2715 2468 illorum
2765 2429 2888 2469 esse
2931 2413 3384 2484 occupationem,

1808 2517 1972 2574 quam
2022 2503 2248 2558 laudare
2290 2503 2481 2560 Deum.
2513 2504 2700 2576 Neque
2730 2506 2798 2560 ab
2843 2505 2951 2560 illis
2999 2520 3251 2575 quoque,
3289 2504 3385 2575 qui

1808 2596 1972 2650 vitam
2010 2595 2080 2651 ad
2123 2596 2345 2651 virtutis
2380 2611 2628 2650 normam
2671 2596 2890 2665 exigere
2937 2594 3194 2659 student,
3236 2593 3384 2648 aliud

1813 2687 2016 2759 agitur,
2047 2702 2209 2758 quam
2256 2698 2314 2743 ut
2340 2690 2508 2743 vitam
2537 2703 2692 2744 suam
2731 2688 2967 2743 eiliciant
2999 2687 3156 2757 quasi
3187 2701 3385 2756 peren-

1811 2797 1934 2836 nem
1951 2778 2045 2836 Dei
2059 2777 2297 2832 laudem.
2315 2778 2452 2834 Cum
2465 2793 2618 2851 ergo,
2631 2777 2727 2849 qui
2748 2796 2766 2830 ι
2781 2777 2998 2832 alleluia
3019 2798 3036 2829 ι
3051 2778 3382 2848 inscriptum

1812 2871 2034 2936 habent,
2063 2886 2255 2936 omnes
2286 2869 2680 2940 propemodum
2722 2869 2775 2922 in
2805 2869 2995 2922 ultima
3035 2867 3381 2923 Psalmorum

1814 2964 2059 3020 sectione
2088 2963 2454 3032 reperiantur,
2486 2961 2774 3031 perspicue
2803 2959 3148 3030 intelligitur,
3174 2966 3386 3030 postre-

143 3049 244 3103 λίαν
273 3050 428 3122 ἄλλην
454 3051 583 3105 τινὰ
610 3049 746 3120 (27),
779 3051 918 3124 πλὴν
955 3051 1051 3105 τοῦ
1085 3053 1254 3106 αίνεῖν
1278 3052 1370 3106 τὸν
1403 3052 1555 3116 Θεὸν,
1587 3051 1705 3104 οὔτε

1812 3069 1954 3108 mam
1987 3054 2324 3110 Psalmorum
2369 3054 2668 3108 sectionem
2698 3051 3038 3122 superiorem
3073 3067 3196 3107 esse
3233 3051 3386 3106 omni

142 3146 238 3206 τοῖς
269 3145 382 3196 κατ’
423 3144 629 3215 ἀρετὴν
673 3144 898 3208 τελείοις
924 3144 1112 3216 ἕτερόν
1147 3161 1202 3197 τι
1249 3142 1629 3208 σπουδάζεται,
1673 3142 1705 3212 ἢ

1813 3146 2027 3200 excelsa
2071 3161 2168 3216 per
2217 3145 2466 3199 Psalmos
2518 3143 2878 3206 ascensione,
2929 3150 3116 3215 utpote
3167 3144 3221 3197 in
3275 3157 3384 3214 qua

143 3233 195 3286 τὸ
215 3235 303 3304 τὴν
332 3235 473 3308 ζωὴν
503 3236 718 3290 ἑαυτῶν
764 3232 912 3290 αἶνον
941 3234 1078 3290 εἶναι
1111 3237 1244 3291 Θεοῦ
1269 3236 1705 3308 παρασκευάσαι.

154 3325 288 3380 Ἐπὶ
325 3328 498 3382 τοίνυν
544 3329 599 3382 oi.
644 3327 742 3398 τὴν
785 3328 1096 3400 ἐπιγραφὴν
1115 3327 1329 3398 ἔχοντες
1349 3322 1445 3378 τοῦ
1475 3341 1493 3374 ι
1529 3325 1710 3396 Ἀλλη-

1813 3235 2107 3290 maximam
2145 3242 2356 3304 partem
2395 3233 2490 3288 Dei
2531 3234 2652 3288 laus
2699 3235 3031 3299 continetur,
3074 3235 3154 3289 vel
3189 3234 3386 3289 cohor-

1813 3325 1950 3379 tatio
1981 3324 2047 3378 ad
2077 3324 2544 3380 concelebrandas
2572 3323 2744 3378 divini
2769 3324 3022 3380 Numinis
3051 3325 3260 3384 laudes.

144 3418 292 3483 λούῐα,
313 3439 330 3470 ι
353 3420 550 3485 πάντες
581 3421 769 3493 σχεδὸν
786 3420 864 3492 τῷ
895 3420 1185 3491 τελευταίῳ
1213 3421 1464 3491 τμήματι
1505 3419 1604 3486 τῆς
1638 3417 1954 3490 ψαλμῳδίας
1985 3419 2326 3492 εὑρίσκονται
2358 3420 2491 3490 (28),
2527 3419 2713 3489 σαφῶς
2751 3421 2868 3474 ἐστι
2903 3421 3267 3492 κατανοῆσαι.
3305 3420 3385 3475 ὅτι

147 3519 301 3590 πάσης
326 3519 648 3590 ὑπέρκειται
680 3519 778 3588 τῆς
803 3517 1011 3588 ὑψηλῆς
1037 3516 1126 3571 διὰ
1156 3513 1265 3569 τῶν
1290 3515 1523 3584 ψαλμῶν
1550 3513 1867 3578 ἀναϐάσεως
1886 3515 1948 3568 τὸ
1966 3515 2270 3572 τελευταῖον
2296 3515 2493 3588 τμῆμα
2519 3517 2617 3585 τῆς
2637 3515 2973 3587 ψαλμῳδίας,
2997 3517 3056 3570 ἐν
3078 3512 3122 3584 ᾧ
3141 3517 3204 3570 τὸ
3236 3513 3382 3572 πλεῖ-

148 3629 251 3664 στον
285 3611 413 3665 Θεοῦ
440 3607 594 3673 αἷνός
624 3610 791 3673 ἐστιν,
825 3609 944 3678 ἦτοι
977 3609 1058 3672 είς
1083 3607 1146 3662 τὸ
1166 3608 1337 3661 αἰνεῖν
1367 3605 1460 3659 τὸν
1487 3605 1620 3659 Θεὸν
1646 3605 2065 3676 παρακέλευσις.

646 3760 919 3814 ΚΕΦΑΔΑ
928 3759 1042 3814 [ON
1095 3759 1176 3815 H'.

205 3918 440 3973 Aeimmt
464 3920 521 3973 δὲ
549 3918 666 3973 ἀπὸ
688 3917 800 3987 (29)
827 3916 936 3970 τῶν
962 3917 1353 3988 ἀνεπιγράφων
1377 3916 1474 3988 τὴν
1501 3916 1701 3982 αἰτίαν,

2385 3763 2612 3821 CAPUT
2657 3765 2798 3822 VIII.

1879 3916 2161 3988 Superest,
2199 3925 2258 3972 ut
2316 3920 2498 3990 quoad
2536 3921 2680 3978 vires
2713 3923 2912 3988 ferunt,
2941 3925 3212 3980 rationem
3253 3925 3381 3985 illo-

147 4007 209 4070 ὣς
233 4011 336 4063 ἐστι
378 4011 626 4076 δυνατὸν,
671 4009 1024 4078 κατανοῆσαι.
1071 4007 1152 4062 Τὰ
1191 4007 1248 4061 δὲ
1297 4009 1354 4062 ὲν
1413 4008 1490 4079 τῷ
1548 4008 1704 4079 μέρει

1810 4025 1925 4064 rum
1969 4009 2376 4080 disquiramus,
2434 4011 2528 4082 qui
2578 4013 2942 4086 inscriptione
2988 4025 3208 4082 carent;
3257 4033 3382 4088 qua;

147 4099 295 4171 τούτῳ
319 4103 444 4174 παρ’
469 4101 634 4173 ἡμῶν
667 4101 1048 4172 εὑρισκόμενα,
1077 4101 1136 4153 ἐν
1167 4102 1233 4171 τῇ
1273 4099 1562 4172 δοκιμασίᾳ
1589 4099 1699 4154 τῶν

1810 4113 1935 4154 vero
1957 4098 2060 4153 hac
2089 4099 2143 4153 in
2168 4108 2323 4170 parte
2347 4100 2644 4157 afferemus
2663 4145 2677 4165 ,
2703 4103 2916 4172 judicio
2941 4106 3206 4162 lectorum
3233 4123 3382 4164 com-

148 4193 550 4264 ἐντυγχανόντων
595 4193 924 4267 προκείσθω,
964 4194 998 4264 ἢ
1033 4193 1285 4259 δέξασθαι
1323 4193 1393 4247 τὰ
1430 4193 1697 4265 ἡμέτερα,

1810 4192 2111 4256 mittimus,
2159 4201 2217 4247 ut
2256 4193 2339 4248 vel
2386 4205 2576 4250 nostra
2621 4195 2856 4266 probent
2880 4206 2937 4253 et
2972 4201 3263 4271 recipiant,
3295 4201 3380 4257 vel

147 4284 176 4352 ἢ
212 4285 332 4355 πρὸς
375 4287 600 4358 μείζονα
643 4286 877 4357 θεωρίαν
929 4285 1222 4356 προσάγειν
1253 4286 1432 4340 αὐτῶν
1456 4287 1556 4358 τὴν
1585 4286 1699 4339 διά-

1810 4282 1871 4336 ad
1919 4284 2126 4351 majora
2174 4285 2535 4355 excogitanda
2581 4285 2915 4342 industriam
2958 4304 3113 4346 suam
3148 4306 3380 4347 conver-

149 4392 290 4430 νοιαν.
313 4378 524 4448 Ταύτην
551 4377 733 4431 τοίνυν
757 4377 855 4448 τὴν
885 4377 1144 4448 διαφορὰν
1171 4379 1229 4430 ἐν
1265 4379 1376 4439 τοῖς
1403 4377 1700 4449 ἀνεπιγρά-

1810 4381 1941 4428 tant.
1977 4373 2127 4428 lianc
2167 4390 2297 4446 ergo
2336 4377 2391 4430 in
2434 4378 2694 4447 psalmis,
2745 4378 3107 4450 inscriptione
3143 4385 3380 4439 carenti-

149 4478 248 4531 φοις
291 4469 709 4539 κατενοήσαμεν.
759 4466 883 4530 Τοῖς
933 4466 1032 4537 μὲν
1072 4465 1180 4537 γὰρ
1220 4465 1401 4520 αὐτῶν
1434 4468 1550 4521 ἀντ’
1587 4469 1702 4521 ἐπι-

1810 4465 1941 4529 bus,
1973 4466 2332 4522 differentiam
2379 4469 2722 4538 reperimus,
2759 4472 2886 4540 quia
2931 4473 3214 4531 nonnullis
3256 4475 3380 4532 loco

148 4556 338 4626 γραφῆς
355 4556 387 4626 ἢ
405 4557 515 4626 (30)
532 4556 641 4626 ψαλ
649 4555 848 4627 μῳδίας
863 4555 1070 4624 γίνεται
1093 4555 1322 4620 ἐπίνοια,
1338 4555 1424 4625 ἐφ’
1434 4550 1508 4609 ὧν
1522 4557 1700 4611 κοινὸν

1810 4559 2175 4629 inscriptionis
2203 4569 2288 4615 est
2314 4561 2432 4631 ipsa
2465 4562 2635 4618 totius
2667 4563 2863 4632 psalmi
2911 4566 3185 4621 sententia
3208 4610 3223 4633 ,
3255 4567 3380 4638 qui-

149 4647 227 4697 καὶ
255 4650 374 4717 παρ’
409 4648 684 4720 Ἑϐραίοις
725 4647 820 4701 καὶ
872 4647 1002 4719 παρ’
1025 4647 1178 4718 ἡμῖν,
1224 4647 1285 4700 τὸ
1329 4649 1402 4719 μὴ
1447 4644 1585 4702 εἶναι
1613 4649 1700 4704 άλ-

1810 4651 1905 4707 bus
1937 4659 1992 4706 et
2021 4650 2162 4721 apud
2198 4666 2334 4718 nos,
2377 4660 2431 4708 et
2463 4653 2605 4723 apud
2636 4651 2893 4710 Hebraeos
2933 4670 3227 4713 commune
3267 4667 3376 4723 est,

149 4735 231 4804 λην
253 4740 552 4812 ἐπιγραφὴν
593 4739 700 4794 τῶν
745 4739 1140 4810 ὑποκειμένων,
1170 4740 1221 4794 εί
1259 4739 1334 4811 μὴ
1375 4741 1576 4812 ταύτην
1609 4743 1702 4813 μό-

1810 4749 1862 4797 ut
1904 4742 2009 4796 alia
2042 4742 2396 4812 inscriptione
2423 4759 2546 4814 quae
2579 4754 2903 4814 sequuntur,
2934 4762 3045 4802 non
3072 4748 3379 4818 insigniau-

149 4843 231 4898 νην
257 4831 348 4902 τὴν
386 4836 496 4898 τοῖς
538 4836 724 4905 ῥητοῖς
764 4831 1166 4904 ἐμφαινομένην
1200 4832 1455 4888 διάνοιαν.
1494 4835 1619 4898 Τοῖς
1639 4834 1697 4889 δὲ

1810 4841 1920 4901 tur,
1979 4849 2146 4905 quam
2195 4835 2353 4906 ipso,
2409 4835 2503 4906 qui
2552 4837 2734 4893 verbis
2789 4838 2984 4908 psalmi
3049 4839 3371 4909 subjicitur,

149 4915 325 4983 λοιποῖς
362 4922 664 4993 ἐπιγραφαὶ
703 4921 803 4993 μέν
842 4923 978 4976 εἰσιν
1011 4922 1457 4992 ἐκκλησιαστικαί
1499 4941 1558 4977 τε
1601 4927 1696 4978 καὶ

1810 4940 1986 4981 sensu.
2029 4925 2168 4982 Aliis
2210 4933 2390 4982 autem
2438 4927 2792 4999 praefiguntur
2820 4930 3247 4999 inscriptiones,
3275 4933 3373 4988 sed

152 5013 400 5076 μυστικαὶ,
441 5014 537 5066 καὶ
587 5013 686 5083 τῆς
739 5013 878 5068 κατὰ
919 5012 981 5066 τδ
1036 5015 1330 5086 μυστήριον
1380 5014 1537 5087 ήμῶν
1580 5015 1696 5086 (51)

1810 5016 2185 5073 ecclesiasticae
2223 5026 2278 5074 et
2323 5022 2604 5091 mysticae,
2663 5021 3054 5094 mysteriique,
3109 5022 3255 5093 quod
3302 5023 3373 5078 ad

151 5097 399 5168 εὗσεϐείας
439 5105 793 5175 σημαντικαὶ,
827 5103 965 5159 ἀλλὰ
993 5107 1108 5170 τοῖς
1148 5105 1415 5177 Ἑϐραίοις
1442 5107 1544 5162 οὐκ
1567 5107 1693 5173 είσὶ,

1810 5115 2002 5163 nostra:
2060 5108 2280 5178 pietatis
2339 5109 2689 5182 disciplinam
2747 5111 3024 5183 pertinet,
3086 5109 3372 5185 significa-

337 5367 443 5447 δαὶ
464 5363 572 5447 τό,
587 5367 676 5425 ed.

2018 5377 2474 5447 νἘνευρίσκονται,
2505 5377 2591 5433 ed.

338 5437 482 5518 Ὦῖἴν
508 5439 625 5518 9d;
753 5509 769 5518 .

1870 5432 1984 5518 (gs)
2015 5446 2148 5518 ῖΑπό
2179 5432 2290 5501 ὶπη.
2318 5432 2525 5518 οιὶίιιιόι
2563 5447 2726 5505 codd.

209 5504 308 5592 l2?)
339 5507 684 5592 Ἁλληλούῖς»
705 5509 794 5568 θέο

1865 5504 1978 5592 (ἵνρὲ
2013 5517 2095 5592 ill.
2124 5518 2210 5592 9d-

207 5574 308 5642 (25)
329 5577 413 5641 Δὲ,
451 5574 562 5633 oin.
591 5581 678 5634 ed.

208 5643 308 5716 (26)
351 5648 614 5718 Ἀγαγεῖν,
639 5649 728 5704 ed.

210 5293 308 5362 t2!)
335 5296 475 5364 Τισί,
503 5300 594 5353 ed.

210 5363 308 5430 (22)
337 5367 443 5420 Καὶ
479 5369 564 5432 τό,
587 5367 676 5425 ed.

210 5432 290 5498 (23
338 5437 482 5501 Ὅτε,
508 5439 594 5495 ed.

210 5504 288 5567 (24
353 5507 684 5567 ’Δλληλούῖα.
705 5509 794 5567 ed.

1889 5301 1982 5366 27)
2015 5305 2150 5360 Τινά
2191 5321 2299 5362 om.
2341 5305 2428 5362 ed.

1889 5372 1981 5442 28)
2024 5377 2428 5447 Ἐνευρίσκοντα

1892 5443 1984 5512 29)
2015 5446 2148 5498 Ἀπό
2179 5462 2290 5501 om.
2318 5447 2426 5518 aliq

1865 5517 1882 5567 ί
1925 5514 1978 5567 Ol
2013 5517 2095 5567 'H.
2124 5518 2210 5567 ed.

1865 5517 1884 5582 (

1862 5584 1978 5654 (at)
2017 5587 2175 5657 Ἡμῖν
2224 5586 2311 5643 ed.
