3838 6224
430 234 538 291 51⁸5

1715 249 1775 304 s.
1815 245 2150 307 esseom]
2182 235 2482 314 stsem

2955 115 2962 120 .
2972 51 3022 132 ,λ’

2921 179 2968 197 <.Ι

2906 193 2963 242 ρ’ίί

3612 269 3708 326 516

430 351 628 414 trices,
658 367 752 408 sea
800 358 942 427 apud
986 358 1244 417 Hebraeos
1271 376 1381 418 non
1423 371 1582 427 sunt,
1619 367 2012 423 convenienter

430 443 676 478 uidnlinm
725 447 800 478 :ll:
849 449 900 478 ς..
951 449 1243 478 Πηιηυηιι,
1296 453 1558 478 -.μη-η---
1589 457 1738 478 :_--_
1785 473 1978 478 -,--,___

2136 373 2264 426 ιατὰ
2288 374 2390 478 τὴν
2419 329 2993 478 γεγενημένην
3035 356 3351 452 Εὐάγγελίῳ
3381 379 3504 435 κατ’
3542 381 3711 435 αὑτῶν

427 443 682 499 videlicet
723 447 802 508 illi
848 449 901 502 in
948 449 1246 524 Evangelio
1294 453 1561 512 adversus
1589 457 1741 527 ipsos
1781 473 2014 515 accusa-

425 535 564 590 tioni
598 555 610 590 :
643 557 662 589 ι
705 537 979 604 Quoniam
1011 545 1184 613 legem
1211 547 1480 612 tulerunt,
1527 557 1587 602 ut
1611 549 1658 603 si
1686 549 1813 620 quis
1838 553 2014 606 conli-

425 634 607 682 teatur
622 629 931 696 Christum,
951 645 1105 689 extra
1129 653 1462 709 synagogam
1494 639 1657 695 ﬁat".
1687 657 1706 692 ι
1729 640 2015 707 Quascun-

424 733 532 789 que
577 720 742 790 igitur
775 723 1166 795 inscriptiones
1187 729 1286 797 ipsi
1308 729 1809 784 animadverterunt
1831 733 2012 784 conti-

424 813 1100 884 neredemonstrationem
1123 817 1417 890 quamdam
1448 821 1690 890 mysterii
1714 821 2008 888 Dominici‘,

425 902 550 959 illas
595 906 978 976 repudiarunt.
1033 910 1153 976 Qua
1199 911 1269 965 de
1315 923 1481 964 causa
1533 921 1790 966 accurate
1844 912 2008 967 etiam

425 999 614 1063 verba,
649 1016 768 1070 qua;
799 1001 1016 1056 lectioni
1048 1001 1422 1072 inscriptionis
1451 1004 1841 1060 ecclesiastica:
1874 1012 2009 1076 precs

425 1091 532 1144 lixa
565 1102 720 1159 sunt,
766 1103 1020 1157 monent,
1072 1103 1128 1147 et
1169 1105 1360 1148 contra
1412 1096 1538 1151 illos
1568 1105 1794 1161 notant,
1829 1097 2014 1166 hujus-

424 1186 570 1238 modi
625 1186 866 1255 psalmos
919 1186 1064 1256 apud
1117 1184 1374 1242 Hebraeos
1429 1188 1886 1259 inscriptionibus
1919 1206 2011 1244 ca-

424 1291 564 1331 rere.
604 1276 760 1331 Hunc
792 1277 848 1331 in
886 1277 1108 1330 modum
1149 1278 1404 1346 exposito
1433 1276 1780 1334 Psalmorum
1809 1280 2009 1336 discri-

2123 463 2478 533 κατηγορίαν,
2504 487 2522 520 ι
2548 471 2669 524 Ὅτι
2895 469 3100 535 ἔθεντο,
3120 470 3186 522 Et
3227 485 3314 534 τις
3358 469 3711 540 ὁμολογήσειε

2122 553 2213 606 τὸν
2251 553 2508 626 Χριστὸν,
2539 552 2963 629 ἀποσυνάγωγος
2998 561 3242 632 γένηται.
3278 580 3298 614 ι
3331 561 3512 625 Ὅσας
3544 563 3711 616 τοίνυν

2121 646 2318 698 ἐκεῖνοι
2371 647 2478 700 τῶν
2526 641 2846 721 ἐπιγραφῶν
2897 653 3252 722 κατενόησαν,
3314 653 3548 720 ἔνδειξεν
3603 672 3715 707 τινα

2120 737 2395 808 περιέχειν
2435 740 2529 793 τοῦ
2574 743 2909 815 μυστηρίου,
2956 746 3161 808 ταύτας
3217 747 3278 799 οὐ
3325 747 3716 818 παρεδέξαντοι

2118 826 2210 880 Διὸ
2246 830 2342 881 καὶ
2381 835 2810 905 παρεσημήνατο
2858 835 2926 891 δι’
2972 837 3258 910 ἀκριϐείας
3307 840 3396 891 ἐπ’
3437 839 3624 892 αὐτῶν
3660 841 3720 892 τὸ

2117 917 2357 973 τοιοῦτον
2392 923 2424 974 ὁ
2465 923 2620 991 λόγος
2662 928 2728 997 τῇ
2769 927 3072 995 ἀναγνώσει
3112 929 3212 1000 τῆς
3251 931 3721 1001 ἐκκλησιαστικῆς

2117 1009 2428 1082 ἐπιγραφῆς
2473 1015 2785 1086 προστιθεὶς
2811 1018 2946 1089 (52),
2973 1020 3054 1073 ὅτι
3087 1021 3219 1091 παρ’
3251 1010 3531 1092 Ἐδραίοις
3572 1022 3723 1075 ἐστὶν

2119 1103 2512 1177 ἀνεπίγραφος.
2539 1107 2648 1180 Τῆς
2693 1111 2868 1164 τοίνυν
2897 1112 3214 1186 διαιρέσεως
3245 1114 3452 1191 ταύτης
3499 1117 3562 1170 ἐν
3607 1118 3725 1178 τοῖς

2117 1192 2511 1267 ἀνεπιγράφοις
2533 1202 2978 1274 προεκτεθείσης,
3011 1204 3202 1277 καιρὸς
3230 1205 3296 1259 ἂν
3324 1207 3410 1279 εἴη
3435 1206 3506 1261 δι’
3537 1206 3726 1262 αὐτῶν

2111 1284 2222 1338 τῶν
2255 1289 2434 1359 ρητῶν
2468 1289 2652 1348 δοῦναι
2682 1293 2760 1362 τῷ
2787 1293 2930 1366 λόγῳ
2956 1296 3056 1369 τὴν
3085 1298 3413 1370 μαρτυρίαν.

422 1372 588 1436 mine,
629 1373 722 1442 qui
757 1371 1116 1442 inscriptione
1141 1387 1250 1426 non
1285 1381 1687 1443 pra-notantur,
1722 1383 1943 1446 tempus
1972 1379 2190 1448 exigere
2226 1383 2463 1450 videtur,
2497 1396 2557 1441 ut
2587 1388 2639 1442 id
2671 1389 2818 1459 quod
2845 1391 3170 1457 asserimus,
3207 1392 3344 1463 ipsis
3372 1393 3724 1464 psalmorum

421 1465 604 1521 verbis
641 1465 1060 1520 conlirmemus.

494 1595 637 1667 Ergo
670 1597 882 1668 primus
919 1597 1163 1652 omnium
1200 1599 1445 1668 psalmus
1481 1599 1841 1671 inscriptione
1873 1610 2012 1674 opus

421 1705 529 1746 non
563 1689 786 1754 habuit;
826 1704 950 1743 nam
981 1691 1106 1760 quis
1130 1691 1202 1746 sit
1233 1692 1358 1747 finis
1404 1706 1625 1760 eorum,
1655 1708 1778 1764 qua
1817 1693 1872 1750 in
1918 1695 2013 1751 illo

421 1784 700 1849 dicuntur,
741 1782 1095 1838 manifestum
1149 1791 1234 1840 est
1279 1785 1598 1842 lectoribus.
1627 1784 1722 1841 Est
1777 1801 2013 1858 namque

420 1879 568 1933 velut
593 1875 930 1932 introductio
954 1876 1024 1932 ad
1057 1875 1460 1948 philosophiam
1487 1878 1850 1948 spiritualem,
1884 1888 2014 1934 sua-

420 1971 558 2028 dens
584 1981 643 2027 ut
676 1987 707 2026 a
741 1969 886 2026 malo
916 1970 1278 2036 recedamus,
1327 1973 1382 2025 et
1430 1971 1497 2025 ad
1532 1971 1735 2025 bonum
1784 1973 2012 2027 acceda-

419 2079 566 2128 mus,
596 2073 650 2120 et
673 2073 734 2118 ut
756 2075 857 2134 pro
880 2062 1090 2118 viribus
1117 2059 1185 2116 ad
1215 2061 1632 2118 similitudinem
1665 2062 1757 2118 Dei
1784 2071 2012 2118 conten;

421 2159 638 2216 damus.

491 2291 788 2364 Postquam
835 2273 1016 2348 autem
1066 2293 1122 2348 in
1173 2293 1294 2364 ipso
1347 2294 1705 2352 beatitudinis
1743 2295 2012 2366 principio

421 2386 616 2442 moniti
642 2400 858 2452 sumus,
890 2393 948 2439 ut
975 2386 1045 2440 ab
1073 2386 1353 2457 impietate
1393 2386 1763 2453 desistamus,
1795 2388 1924 2444 hinc
1953 2397 2013 2443 ut

419 2476 491 2530 ab
519 2490 583 2530 ea
614 2475 930 2540 liberemur,
954 2474 1158 2545 profert
1187 2475 1346 2532 nobis
1375 2476 1709 2548 insonatque
1738 2479 2011 2534 secundus

422 2567 665 2637 psalmus
694 2567 1070 2633 evangelicum
1102 2567 1449 2638 mysterium,
1468 2577 1529 2623 ut
1549 2570 1777 2640 proinde
1802 2571 2012 2642 primus

421 2660 665 2731 psalmus
692 2661 764 2716 sit
785 2660 1190 2730 quodammodo
1224 2660 1512 2732 inscriptio
1551 2664 1799 2719 secundi.
1831 2663 2007 2734 Expo-

419 2751 502 2805 nit
521 2750 666 2805 euim
691 2749 1032 2804 nativitatem
1060 2750 1367 2806 secundum
1389 2767 1610 2809 carnem
1632 2753 1774 2823 ejus,
1799 2755 1891 2824 qui
1923 2755 2014 2808 ho-

419 2843 511 2899 die
543 2849 760 2914 propter
790 2857 892 2898 nos
927 2850 1092 2899 natus
1131 2853 1216 2900 est
1245 2844 1394 2915 (nam
1426 2845 1562 2900 illud
1593 2865 1612 2898 ι
1641 2847 1804 2902 hodie
1829 2867 1847 2898 ι
1883 2864 2012 2919 pars

420 2935 685 3006 temporis
711 2935 954 3005 est),qui
991 2947 1208 3005 semper
1238 2951 1304 2990 ex
1335 2935 1528 3001 Patre,
1559 2946 1612 2994 et
1641 2939 1694 2993 in
1726 2937 1890 2996 Patre
1923 2939 2013 2994 Fi-

423 3029 531 3084 lius
569 3036 689 3094 est,
744 3037 799 3081 et
847 3026 1014 3083 Deus.
1067 3024 1353 3098 Simulque
1404 3030 1641 3099 explicat
1686 3047 1913 3101 regnum
1960 3041 2016 3086 et

421 3120 713 3185 imperium
752 3121 808 3174 in
843 3135 938 3174 eos
964 3120 1056 3189 qui
1095 3119 1198 3175 sub
1228 3119 1459 3190 imperio
1497 3131 1660 3176 antea
1692 3139 1800 3178 non
1829 3132 2012 3188 erant,

422 3213 518 3283 qui
555 3228 618 3266 ea
647 3211 716 3266 de
739 3226 942 3276 causa,
969 3211 1116 3281 quod
1147 3210 1258 3267 Deo
1285 3228 1393 3266 non
1425 3213 1719 3278 servirent,
1752 3217 2012 3285 gentibus

425 3304 951 3366 annumerabantur,
1003 3303 1090 3357 sui
1130 3302 1296 3374 juris)
1323 3314 1378 3359 et
1417 3305 1666 3376 exleges,
1701 3311 1783 3361 vel
1837 3310 2016 3376 potius

426 3397 620 3468 iniqui,
653 3412 720 3453 eo
745 3395 890 3466 quod
914 3395 1154 3450 divinam
1186 3395 1359 3465 legem
1403 3411 1516 3451 non
1553 3397 1887 3466 reciperent,
1919 3397 2016 3453 sed

420 3488 615 3561 iugum
657 3504 690 3543 a
743 3505 804 3546 se
845 3488 1147 3553 abiicerent
1181 3505 1194 3541 :
1224 3489 1417 3560 jugum
1465 3499 1646 3544 autem
1681 3498 1840 3545 vocat
1870 3505 2016 3560 pra:-

424 3592 663 3652 ceptum-

498 3716 596 3772 His
624 3725 803 3772 autem
833 3718 885 3772 in
922 3734 1152 3789 regnum
1179 3733 1419 3790 quoque,
1447 3719 1594 3790 quod
1635 3719 1899 3776 omnibus
1923 3734 2017 3773 su-

427 3809 731 3880 pereminet
752 3849 767 3872 ,
800 3811 1012 3878 ascitis,
1052 3810 1188 3865 ﬁunt
1220 3812 1297 3866 illi
1334 3813 1427 3882 qui
1457 3813 1588 3866 olim
1633 3812 1754 3867 sine
1785 3811 2018 3865 Domino

427 3901 707 3966 vivebant,
736 3901 982 3957 haeredes
1015 3901 1108 3957 Dei
1134 3916 1228 3970 per
1261 3903 1420 3958 [idem
1454 3905 1510 3957 in
1549 3903 1700 3957 illum
1731 3902 1825 3973 qui
1855 3902 2017 3957 hodie

425 3991 650 4060 genitus
695 4001 802 4055 est,
829 4002 886 4046 et
921 3994 1015 4064 qui
1040 4008 1136 4048 rex
1178 4009 1346 4064 super
1378 3995 1500 4049 illos
1527 3995 1866 4050 constitutus
1891 4001 1976 4049 est
1999 4036 2012 4060 ,

427 4083 521 4150 qui
550 4091 606 4137 et
627 4083 730 4154 ipsi
755 4085 930 4138 renati
960 4092 1013 4138 et
1036 4099 1194 4155 reges
1222 4084 1348 4138 facti
1376 4094 1526 4148 sunt,
1558 4086 1612 4139 in
1635 4085 1837 4154 quibus
1865 4085 2013 4153 virga

427 4169 638 4236 ferrea,
671 4171 777 4228 hoc
803 4185 922 4239 est,
954 4173 1316 4228 immutabilis
1346 4174 1436 4227 illa
1481 4175 1746 4243 potentia,
1784 4173 1834 4226 id
1867 4172 2012 4242 Quod

426 4272 694 4320 terrestre
719 4270 774 4319 et
816 4265 1023 4320 luteum
1057 4272 1176 4319 erat
1209 4274 1520 4326 conterens,
1554 4265 1610 4318 in
1638 4264 2009 4332 incorruptam

428 4364 682 4412 naturam
714 4371 812 4412 eos
845 4358 1151 4418 transtulit.
1180 4357 1452 4427 simulque
1478 4356 1688 4421 docuit,
1723 4357 1778 4410 in
1811 4355 2010 4410 ﬁducia
2046 4338 2089 4393 Ῐ)

425 4461 559 4518 erga
606 4448 772 4502 Deum
820 4446 1214 4503 beatitudinem
1267 4448 1430 4504 sitam
1478 4463 1622 4504 esse.
1665 4447 1807 4502 Cum
1845 4446 2012 4517 igitur

429 4540 567 4604 haec,
593 4555 759 4609 quam
789 4541 1041 4610 exposui,
1067 4540 1137 4595 sit
1166 4541 1362 4610 psalmi
1395 4540 1697 4603 sententia,
1737 4540 2012 4609 integrum

426 4637 516 4685 est
563 4630 790 4686 cuilibet
815 4669 831 4694 ,
861 4631 956 4702 qui
988 4631 1261 4695 voluerit,
1293 4648 1360 4686 ex
1399 4633 1538 4701 ipsis
1585 4631 1788 4686 divinis
1833 4630 2017 4684 verbis

430 4722 663 4792 probare
691 4723 1002 4793 opinionem
1032 4735 1086 4779 et
1118 4724 1557 4794 explanationem
1580 4734 1848 4786 nostram,
1882 4735 2015 4774 num

427 4829 495 4868 ea
527 4829 649 4884 qua:
677 4813 954 4880 diximus,
1003 4815 1265 4872 divinitus
1303 4816 1584 4884 inspiratis
1616 4814 1846 4869 vocibus
1877 4828 2016 4884 qua-

427 4907 610 4961 drent.
634 4906 851 4978 Reliqui
875 4908 1066 4977 psalmi
1092 4909 1544 4978 inscriptionibus
1566 4916 1839 4970 carentes,
1859 4907 2014 4977 juxta

427 5012 497 5052 ea
541 5013 664 5067 qua:
700 5013 867 5068 supra
898 4999 1258 5062 tradidimus,
1302 5000 1604 5071 Synagogze
1634 5000 1858 5070 quidem
1909 4999 2018 5054 lle-

433 5092 728 5156 hraeorum,
755 5107 862 5146 non
894 5093 1152 5148 Ecclesiae
1183 5092 1276 5146 Dei
1321 5094 1459 5149 tales
1490 5101 1642 5148 sunt.
1673 5093 1728 5148 In
1761 5093 2015 5148 omnibus

431 5183 577 5235 enim
614 5183 853 5253 reperire
878 5191 961 5239 est
991 5185 1404 5256 inscriptionem
1432 5185 1694 5256 aliquam,
1729 5201 1892 5257 quam
1918 5183 2014 5239 Ju-

505 5362 552 5396 "’
576 5363 734 5418 Joan.
766 5380 842 5429 ix,
881 5364 972 5418 22.

507 5541 621 5611 (52)
650 5541 992 5612 Προστεθείς.
1033 5542 1118 5596 ed.

506 5613 622 5678 (55)
654 5612 928 5682 Γέννησιν,
959 5613 1044 5666 ed.

507 5683 624 5754 (δι)
670 5682 758 5735 Ἑν
790 5697 898 5736 om.
930 5684 1016 5737 ed.

2203 1613 2260 1666 Ὀ
2313 1611 2753 1686 προτεταγμένος
2793 1613 2901 1671 τῶν
2953 1603 3089 1672 ὅλων
3132 1602 3348 1689 ψαλμδς
3399 1619 3726 1691 ὲτάγραἶιῆς

2117 1703 2216 1756 οὐκ
2251 1703 2463 1775 ἐδεήθη.
2494 1705 2729 1778 Φανερδς
2771 1707 2880 1778 γάρ
2928 1709 3040 1760 ἐστι
3088 1710 3202 1773 τοῖς
3246 1708 3724 1778 ἀναγινώσκουσιν

2116 1798 2145 1849 ὁ
2174 1795 2282 1848 τῶν
2314 1795 2620 1866 λεγομένων
2661 1799 2881 1863 σκοπὸς,
2921 1799 3002 1854 ὄτι
3048 1803 3413 1870 είσαγωγικὸς
3455 1802 3602 1872 πρὸς
3631 1820 3724 1871 φι-

2117 1883 2374 1956 λοσδφίαν
2402 1883 2573 1947 ἐστὶν.
2609 1889 2910 1961 ἀποστῆναι
2953 1890 3045 1945 τοῦ
3093 1890 3264 1946 κακοῦ
3300 1884 3719 1963 συμϐουλεύων,

2119 1977 2214 2028 καὶ
2241 1978 2299 2029 ὲν
2328 1975 2407 2048 τῷ
2435 1976 2626 2050 ἀγαθῷ
2664 1979 2941 2050 γενέσθαι,
2988 1983 3081 2038 καὶ
3125 1983 3446 2054 ὁμοιοῦσθαι
3479 1983 3564 2054 τῷ
3594 1985 3721 2055 θεῷ

2118 2065 2262 2121 κατά
2290 2067 2538 2139 δύναμιν.

2201 2274 2341 2348 an"
2372 2295 2562 2368 ἐπειδὴ
2599 2296 2662 2350 τδ
2711 2295 2788 2368 μὴ
2836 2295 2944 2352 δεῖν
2968 2293 3207 2362 ἀσεϐεῖν,
3235 2300 3294 2353 ὲν
3329 2299 3398 2372 τῇ
3441 2301 3590 2373 ἀρχῇ
3619 2303 3714 2356 τοῦ

2120 2388 2473 2460 μακαρισμοῦ
2521 2389 2854 2461 προετάχθη,
2891 2392 2920 2444 ὁ
2967 2392 3238 2462 δεύτερος,
3289 2393 3442 2458 ὅπως
3491 2396 3561 2448 ἂν
3609 2396 3714 2460 ἔξω

2116 2479 2218 2549 τῆς
2267 2481 2518 2545 ἀσεϐείας
2547 2481 2849 2552 γενώμεθα,
2891 2483 3203 2537 ὑποτίθεται
3250 2484 3313 2538 τὸ
3351 2487 3713 2556 ,εὐαγγελικὸν

2119 2572 2593 2641 προαναφωνήσας
2643 2573 2963 2644 μυστήριονῖ
2999 2574 3140 2628 ὥστε
3191 2577 3393 2648 τρόπον
3435 2578 3562 2633 τινὰ
3604 2581 3714 2632 ἑπι-

2119 2663 2334 2732 γραφὴν
2363 2661 2457 2716 τοῦ
2489 2663 2742 2736 δευτέρου
2772 2665 2988 2736 ψαλμοῦ
3028 2666 3121 2722 τὸν
3160 2669 3379 2740 πρῶτον
3417 2665 3592 2724 εἶναι·
3625 2670 3711 2722 15'-

2119 2759 2205 2820 γει
2225 2754 2446 2826 γὰρζτὴν
2461 2749 2548 2809 διὰ
2571 2755 2771 2826 σαρκὸς
2798 2758 2914 2810 ἐκεῖ
2940 2759 3151 2826 γένεσιν
3193 2761 3288 2814 τοῦ
3321 2746 3437 2833 (55)
3472 2763 3712 2834 σήμερον

2122 2846 2222 2916 μὲν
2250 2846 2602 2918 γεννηθέντος
2633 2849 2701 2902 δι’
2727 2850 2876 2919 ἡμᾶς
2920 2850 3134 2921 (χρόνου
3175 2851 3232 2904 δὲ
3273 2852 3439 2922 μέρος
3490 2855 3608 2906 ἐστὶ
3653 2853 3713 2906 τὸ

2125 2957 2142 2990 ι
2171 2941 2410 3012 σήμερον
2434 2934 2502 3012 ἰ),
2529 2941 2617 2994 ἀεὶ
2647 2941 2703 2995 δὲ
2737 2943 2803 3018 ἐκ
2835 2939 2930 2996 τοῦ
2965 2943 3178 3015 Πατρὸς
3207 2946 3302 2999 καὶ
3331 2947 3390 2998 ὲν
3419 2945 3500 3016 τῷ
3537 2947 3713 3018 Πατρὶ

2115 3029 2269 3093 ὄντος
2318 3030 2449 3084 Υίοῢ
2498 3031 2593 3084 καὶ
2649 3030 2806 3085 Θεοῦ.
2863 3033 2977 3103 Τήν
3025 3050 3083 3086 τε
3137 3034 3414 3103 βασιλείαν
3465 3040 3560 3092 ἐπὶ
3605 3042 3712 3095 τῶν

2117 3120 2508 3188 ἀϐασιλεύτων,
2552 3124 2602 3176 οἳ
2654 3123 2744 3177 διὰ
2793 3123 2855 3178 τὸ
2883 3123 2958 3195 μὴ
3004 3124 3278 3179 δουλεύειν
3311 3127 3452 3198 Θεῷ,
3506 3131 3566 3183 ἐν
3602 3132 3710 3201 (ΞΗ

2117 3210 2325 3265 ἔθνεσιν
2362 3207 2500 3284 ἦσαν
2527 3213 2933 3285 κατειλεγμένοι
2957 3232 2971 3245 ·
3019 3215 3308 3285 αὐτόνομοί
3352 3235 3502 3282 τινες
3538 3221 3710 3286 ὄντες,

2121 3302 2321 3372 μᾶλλον
2356 3303 2412 3357 δὲ
2459 3305 2670 3374 ἄνομοι,
2719 3306 2798 3377 τῷ
2844 3305 2936 3358 τὸν
2985 3305 3126 3358 θεῖον
3182 3305 3256 3376 μὴ
3300 3310 3712 3380 παραδέξασθαι

2117 3389 2301 3465 νόμον,
2331 3396 2445 3450 ἀλλ’
2480 3397 2780 3468 ἀπορῤίψαι
2812 3399 2905 3468 ἀφ’
2939 3400 3150 3454 ἑαυτῶν
3184 3401 3275 3456 τὸν
3313 3402 3502 3472 ζυγόν
3549 3403 3712 3473 ζυγὸν

2117 3488 2176 3542 δὲ
2204 3489 2352 3557 λέγει
2379 3489 2477 3560 τὴν
2500 3489 2742 3560 ἐντολήν.

2189 3718 2302 3788 Τῆς
2320 3719 2376 3771 δὲ
2402 3717 2495 3772 τοῦ
2518 3719 2720 3783 παντὸς
2735 3721 3138 3793 ὑπερκειμένης
3169 3721 3469 3792 βασιλείας,
3489 3728 3588 3780 καὶ
3619 3729 3713 3782 ἐπὶ

2118 3810 2327 3873 τούτοις
2366 3810 2648 3881 ἐλθούσης,
2675 3813 2724 3865 oi
2763 3812 2893 3865 ποτὲ
2918 3807 3224 3875 ἀδέσποτοι,
3269 3815 3409 3869 Θεοῦ
3447 3817 3712 3891 κληρονο-

2122 3903 2219 3972 μία
2251 3901 2361 3971 (55)
2381 3901 2620 3970 γίνονται
2649 3901 2738 3954 διὰ
2766 3905 2863 3972 τῆς
2891 3903 2970 3966 είς
2996 3903 3089 3956 τὸν
3115 3906 3712 3979 σήμερονγεννηθὲνεα

2119 3992 2385 4055 πίστεωςο
2416 3991 2615 4045 ττοῦτον
2658 3992 2819 4060 λέγω,
2857 3990 2949 4046 τὸν
2995 3995 3343 4050 καταστάντα
3371 3997 3598 4067 βασιλέα
3624 4004 3712 4056 ἐπ’

2118 4083 2297 4136 αὐτῶν
2316 4099 2329 4112 ο
2361 4085 2456 4137 καὶ
2485 4079 2640 4137 αὐτοὶ
2669 4083 3020 4152 γεννηθέντες
3065 4085 3160 4140 καὶ
3207 4086 3447 4158 βασιλεῖς
3478 4093 3712 4164 γενόμεο

2120 4191 2220 4229 νοι.
2257 4175 2372 4243 Ἐφ’
2399 4166 2474 4228 ὧν
2498 4174 2532 4245 ἠ
2558 4168 2754 4246 σιδηρὰ
2793 4175 3005 4246 ῥάϐδος,
3039 4179 3335 4244 τουτέστιν,
3372 4183 3407 4252 ἠ
3441 4183 3711 4254 ἄτρεπτος

2119 4265 2345 4336 δύναμις
2371 4266 2752 4338 περιθρύψασα
2770 4268 2831 4321 τδ
2859 4269 3044 4340 γήῖνόν
3061 4287 3121 4322 τε
3141 4270 3236 4324 καὶ
3257 4271 3601 4343 ὀστράκινον,
3630 4280 3711 4340 εἰς

2116 4358 2213 4430 τὴν
2229 4359 2501 4430 ἀκήρατον
2526 4357 2687 4427 φύσιν
2715 4360 3179 4430 μετεστοιχείωσε,
3197 4361 3412 4430 διδάξας
3439 4365 3521 4418 ὅτι
3550 4371 3711 4437 μόνον

2117 4450 2234 4503 ἐστὶ
2285 4450 2557 4521 μακάριον
2604 4449 2666 4502 τὸ
2707 4449 2793 4501 ἐπ’
2841 4449 2987 4521 αὐτῷ
3032 4449 3143 4517 (56)
3191 4453 3533 4510 πεποιθέναι.
3568 4457 3713 4511 Ταύ-

2116 4559 2216 4612 της
2241 4541 2299 4595 δὲ
2326 4541 2494 4612 οὔσης
2520 4540 2616 4594 τοῦ
2640 4541 2857 4610 ψαλμοῦ
2899 4543 2996 4612 τῆς
3034 4541 3292 4609 διανοίας,
3324 4546 3391 4616 ῆν
3419 4545 3712 4617 ὲξεθέμην,

2119 4634 2294 4701 ἔξεστι
2327 4633 2405 4704 τῷ
2444 4633 2755 4704 βουλομένῳ
2794 4633 2863 4686 δι’
2899 4633 3076 4688 αὐτῶν
3113 4634 3223 4689 τῶν
3253 4636 3416 4690 θείων
3448 4639 3714 4709 ῥημάτων

2119 4720 2410 4796 δοκιμάσαι
2447 4727 2546 4796 τὴν
2585 4725 2859 4798 ἡμετέραν
2891 4725 3177 4798 ὑπόληψιν,
3210 4728 3369 4801 εἴπερ
3407 4731 3714 4802 ἐφαρμόζει

2121 4818 2190 4871 τὰ
2228 4819 2356 4889 παρ’
2385 4817 2542 4888 ἡμῶν
2574 4819 2841 4890 εἰρημένα
2873 4823 2940 4892 τῇ
2972 4821 3316 4892 θεοπνεύστῳ
3350 4823 3546 4895 Γραφῇ
3574 4825 3709 4894 (57).

2121 4912 2184 4963 ΟΞ
2235 4909 2292 4963 δὲ
2342 4909 2518 4964 λοιποὶ
2553 4909 2661 4963 τῶν
2701 4913 3088 4984 ἀνεπιγράφων
3126 4914 3269 4967 κατὰ.
3308 4913 3400 4967 τὸν
3451 4932 3714 4986 προαπο-

2119 5000 2339 5055 δοθέντα
2384 5001 2540 5071 λόγον
2584 5002 2718 5072 ἡμῖν
2737 5045 2752 5068 ,
2799 5005 2864 5075 τῇ
2925 5007 3212 5076 συναγωγῇ
3266 5005 3374 5058 τῶν
3418 5005 3710 5079 Ἐϐραίων,

2119 5092 2182 5145 οὐ
2229 5094 2296 5162 τῇ
2351 5091 2447 5145 τοῦ
2493 5090 2628 5148 Θεοῦ
2688 5094 3024 5166 Ἐκκλησίᾳ,
3083 5093 3314 5149 τοιοῦτοί
3375 5098 3537 5151 εἰσιν.
3588 5099 3713 5152 Ἐπὶ

2120 5184 2338 5239 πάντων
2393 5184 2503 5257 γὰρ
2539 5183 2688 5240 ἔστιν
2724 5187 2904 5258 εὑρεῖν
2941 5204 3060 5240 τινα
3105 5187 3324 5251 πάντως
3369 5189 3708 5262 ἐπιγραφὴν,

2199 5538 2311 5607 (35)
2338 5539 2697 5659 Κληξονόμοι,
2724 5557 2774 5598 ρ(

2199 5607 2306 5659 156)
2339 5609 2448 5659 At):
2480 5627 2527 5659 ν.
2553 5611 2635 5659 ed.

2197 5607 2306 5670 (56)
2339 5607 2527 5670 Αὐτόν,
2553 5607 2635 5662 ed.

2198 5677 2307 5746 (57)
2336 5679 2511 5749 Φωνῇ,
2539 5680 2625 5734 ed.
