3838 6224
142 291 236 348 517

1534 283 1604 339 ΙΝ
1644 277 1986 337 PSALMOS.

3281 276 3385 334 518

142 413 200 484 ἢν
226 414 253 465 6
286 409 530 484 Ἐϐραῖος
571 409 630 461 οὐ
671 408 884 479 δέχεται
920 407 1010 462 διὰ
1045 409 1136 462 τὸν
1170 410 1270 481 τῆς
1299 408 1580 471 εὐσεόείας
1607 407 1698 460 λό-

1819 405 1956 460 lacus
1992 418 2101 458 non
2129 401 2322 471 recipit
2348 401 2418 456 ob
2449 401 2666 472 pictatis
2715 417 2836 473 quas
2873 401 2928 456 in
2958 415 3024 456 ea
3056 400 3187 455 latet
3217 401 3390 454 ratio-

141 519 246 571 γον,
275 503 362 554 καὶ
405 501 474 570 ἡν
515 498 619 552 ὑπὸ
661 500 916 563 ἀπιστίας
959 501 1020 552 οὐ
1068 499 1452 570 παρεδέξαντο.
1488 500 1608 552 Εἰσὶ
1645 499 1700 552 δὲ

141 595 186 648 οἱ
226 584 444 647 τοιοῦτοι
486 593 707 662 ψαλμοὶ,
750 592 826 656 ὼς
850 595 910 645 ἐν
937 592 1218 662 κεφαλαίῳ
1245 593 1343 664 μὲν
1381 593 1576 651 εἰπεῖν,
1612 591 1702 644 τὸν

143 686 354 756 ἀριθμὸν
380 685 472 737 δύο
503 685 596 737 καὶ
621 684 785 748 δέκα,
824 684 900 747 ὡς
925 684 972 736 δ’
1002 684 1116 750 (58)
1147 683 1213 736 ἂν
1245 684 1338 736 καὶ
1375 683 1700 752 ἀκριϐέστε-

146 793 226 847 ρον
247 775 308 826 τὰ
342 774 467 844 περὶ
496 773 674 826 αὐτῶν
699 773 971 844 ἐκτεθείη,
1021 775 1115 827 καὶ
1142 774 1240 846 τὴν
1272 775 1426 840 τάξιν
1450 776 1548 846 τῆς
1574 777 1702 828 ἀκο-

145 868 340 930 λουθίας
388 867 473 935 ἐφ’
517 867 731 934 ἑκάστῳ
783 866 1174 935 γνωρίσωμενο
1228 867 1256 918 6
1315 865 1566 936 δεύτερος
1610 866 1703 919 καὶ

143 958 460 1029 τριακοστὸς,
479 957 572 1008 καὶ
588 957 1016 1026 τεσσαρακοστὸς
1043 959 1136 1009 καὶ
1163 956 1433 1026 δεύτερος.
1459 957 1567 1010 Καὶ
1591 958 1702 1025 (59)

145 1053 225 1105 ἐπὶ
245 1051 440 1114 τούτοις
465 1053 494 1102 6
518 1049 934 1120 ἐϐδομηκοστὺς,
959 1045 1076 1102 εἶτα
1111 1049 1139 1100 6
1164 1051 1344 1120 τρίτος
1372 1052 1489 1120 μετ’
1520 1051 1702 1115 αὐτὸν,

146 1143 228 1194 καὶ
259 1142 389 1212 μετὰ
411 1141 631 1205 τούτους
662 1141 692 1192 6
734 1140 1134 1210 ἐννενηκοστός.
1176 1137 1308 1194 Εἶτα
1337 1141 1448 1211 (40)
1471 1143 1498 1193 6
1527 1141 1708 1193 δεύτε-

149 1253 246 1305 ρος,
277 1235 365 1286 καὶ
407 1231 640 1303 καθεξῆς
675 1234 782 1296 ἕως
817 1233 911 1286 τοῦ
959 1234 1140 1296 ἕκτου,
1189 1234 1282 1286 καὶ
1328 1234 1490 1287 πάλιν
1529 1235 1557 1286 6
1592 1234 1704 1303 (41)

146 1327 308 1394 ὄγδοος
350 1328 440 1380 καὶ
484 1327 792 1389 τελευταῖος
826 1329 883 1379 ἐν
926 1329 1036 1388 τοῖς
1079 1327 1471 1397 ἀνεπιγράφοις
1513 1325 1649 1396 (42),
1678 1327 1707 1378 ὁ

150 1419 410 1482 ἑκατοστάς
437 1437 496 1472 τε
524 1423 619 1473 καὶ
654 1420 854 1490 τρίτος.
899 1420 960 1472 Ἥ
992 1420 1090 1489 μὲν
1128 1415 1221 1472 οὖν
1251 1420 1403 1486 τάξις
1437 1419 1545 1472 τῶν
1577 1420 1708 1489 παρ’

159 1509 405 1580 Ἑϐραίοις
436 1511 829 1580 ἀνεπιγράφων
857 1510 1089 1581 ψαλμῶν
1113 1503 1272 1582 αὕτη.
1301 1512 1412 1583 Τὴν
1445 1511 1499 1564 δὲ
1529 1512 1709 1564 αἰτίαν

148 1601 229 1654 τοῦ
277 1600 348 1670 μὴ
393 1602 794 1672 παραδεχθῆναι
844 1604 973 1674 παρ’
1022 1603 1201 1656 αὐτῶν
1254 1605 1352 1667 τὰς
1397 1606 1712 1675 ἐπιγραφὰς

149 1692 344 1754 ταύτας.
373 1694 470 1744 οὐκ
514 1693 683 1763 ἄλλην
723 1688 878 1764 οἶμαί
923 1712 1047 1750 τινα
1097 1696 1249 1766 παρὰ
1282 1698 1382 1764 τὴν
1415 1699 1711 1768 εἰρημένην

149 1782 288 1839 εἶναι.
343 1784 550 1837 Μᾶλλον
593 1785 639 1838 δ’
682 1785 750 1837 ἂν
792 1787 922 1855 ἡμίν
963 1788 993 1838 6
1034 1788 1163 1857 περὶ
1198 1787 1402 1840 τούτων
1445 1778 1598 1856 λόγος
1635 1792 1713 1853 είς

150 1877 390 1941 ἀπόδειξιν
417 1872 578 1946 ἦλθεν
616 1868 751 1944 (43),
791 1879 839 1929 εί
877 1871 944 1930 δι’
971 1877 1168 1945 ὀλίγων
1208 1880 1360 1942 τινας
1387 1879 1494 1933 τῶν
1531 1883 1714 1934 ἀνεπι-

149 1970 349 2040 γράφων
379 1969 610 2041 ψαλμῶν
654 1970 714 2035 ἐξ
754 1970 1055 2043 ἐπιδρομῆς
1095 1969 1442 2044 θεωρήσομεν
1474 1972 1608 2043 (44),
1637 1973 1713 2038 ὡς

149 2061 206 2114 ἃν
241 2065 272 2133 ἡ
316 2062 616 2134 κατηγορία
661 2062 761 2134 τῆς
785 2062 896 2117 τῶν
927 2064 1196 2118 Ἰουδαίων
1226 2067 1616 2137 ἀγνωμοσύνης
1643 2067 1712 2121 δι’

149 2153 300 2224 αὐτῆς
328 2157 420 2224 τῆς
453 2154 569 2226 (43)
592 2154 702 2208 τῶν
723 2155 906 2226 ῥητῶν
938 2155 1168 2226 θεωρίας
1197 2155 1258 2210 τὸ
1288 2159 1477 2212 πιστὸν
1507 2158 1640 2228 ἔχοι.

223 2330 424 2405 ⁹ἐπειδὴ
458 2335 537 2406 τῷ
573 2336 632 2401 ἐξ
665 2337 911 2406 οὐρανῶν
959 2337 1050 2388 ἐπὶ
1082 2336 1178 2406 τὴν
1227 2337 1332 2406 γῆν
1371 2337 1580 2392 ἐλθόντι
1630 2357 1717 2393 κε-

151 2425 318 2479 λεύειὸ
341 2427 549 2496 ψαλμδς
587 2418 1006 2494 ἔπαγ’ἀλλεσθαι,
1040 2425 1231 2494 λέγων,
1271 2447 1290 2478 ι
1335 2427 1710 2495 Ἀγαλλιᾶσθε,

153 2512 325 2566 δίκαιοι
353 2513 410 2563 ὲν
440 2514 656 2584 Κυρίῳ,
705 2533 724 2564 ι
763 2513 838 2576 ὡς
859 2513 953 2566 τοῦ
985 2514 1186 2577 παντὸς
1207 2517 1512 2569 ἐπιστατῶν
1553 2518 1710 2588 (45⁸).

159 2605 238 2658 καὶ
262 2601 318 2668 ἐξ
346 2605 440 2658 οὐκ
466 2605 622 2668 ὄντος
649 2605 712 2658 τὸ
735 2607 841 2658 πᾶν
868 2608 947 2668 είς
971 2605 1032 2658 τδ
1062 2601 1198 2659 εἶναι
1229 2607 1591 2680 παραγαγὼν,
1621 2611 1715 2664 καὶ

163 2696 415 2767 συντηρῶν
442 2695 555 2767 (46)
601 2699 660 2750 ὲν
703 2696 783 2767 τῷ
831 2690 969 2749 εἶναι
1013 2697 1079 2749 τὰ
1124 2698 1333 2751 πάνταο
1373 2695 1433 2753 οἶ)
1463 2700 1524 2752 τὸ
1549 2699 1717 2771 πρόσ-

159 2805 321 2858 ταγμα
364 2788 516 2842 οὐσία
562 2788 794 2858 γίνεται,
835 2788 979 2858 Αὕτη
1015 2788 1124 2859 γὰρ
1173 2789 1280 2842 τῶν
1333 2790 1492 2846 θείων
1538 2793 1718 2864 ῥημά-

160 2896 249 2932 των
276 2883 306 2950 ή
337 2882 528 2944 ἔννοια,
555 2882 638 2934 ὅτι
679 2899 698 2932 ι
736 2879 908 2944 Αὐτὸς
935 2878 1055 2934 εἷπε
1081 2881 1172 2934 καὶ
1197 2884 1597 2955 ἐγεννήθησαν(
1607 2882 1715 2954 57),

161 2969 298 3035 αὐτὸς
322 2972 625 3025 ἐνετείλατο
663 2971 758 3024 καὶ
786 2971 1135 3043 ἐκτίσθησαν.
1183 2993 1205 3026 s
1247 2969 1412 3038 Οὗτος
1449 2975 1717 3046 μακάριον

1803 511 1963 558 nem,
2009 508 2174 564 quam
2224 500 2448 563 propter
2494 491 3020 563 inlldelitatemlipsi
3073 490 3385 560 repudiant.

1804 585 2130 656 Hujusmodi
2176 584 2372 655 psalmi
2419 585 2474 638 in
2526 585 2844 640 universum
2897 593 3028 640 sunt
3073 582 3387 649 duodecim,

1807 681 1825 738 ί
1841 688 1900 733 ut
1933 679 2246 734 summatim
2273 691 2564 732 numerum
2595 676 2798 740 dicam,
2831 692 2942 746 quo
2967 685 3021 731 et
3047 676 3388 738 accuratius,

1807 787 1929 841 quae
1974 771 2040 825 ad
2085 771 2333 841 singulos
2369 771 2666 840 pertinent,
2710 769 3073 839 explicentur,
3117 767 3392 837 simulque

1807 863 2110 932 cujuslibet
2151 863 2289 917 ordo
2331 871 2388 917 et
2420 861 2715 933 dispositio
2746 859 3093 929 innotescat)
3121 903 3136 926 ,
3170 875 3389 930 nempe,

1807 954 2121 1009 tricesimus
2152 952 2429 1008 secundus
2449 991 2464 1016 ,
2495 961 2548 1008 et
2578 951 3040 1022 quadragesimus
3085 951 3386 1007 secundus.

1808 1044 1940 1100 Post
1969 1047 2072 1100 hos
2101 1046 2541 1117 septuagesimus
2565 1088 2579 1110 ,
2628 1053 2683 1099 ct
2716 1045 2910 1100 tertius
2940 1044 3010 1100 ab
3037 1046 3166 1100 isto.
3191 1044 3390 1101 Postea

1808 1139 2199 1208 nonagesimus
2225 1179 2240 1204 ,
2295 1137 2493 1191 deinde
2530 1134 2807 1192 secundus
2850 1135 2919 1190 ab
2958 1135 3062 1190 hoc
3103 1151 3279 1205 usque
3321 1137 3391 1189 ad

1807 1236 2045 1284 sextum.
2093 1228 2307 1283 Rursus
2343 1240 2606 1293 octavus,
2634 1237 2689 1282 et
2717 1226 2941 1282 ultimus
2971 1227 3116 1282 inter
3140 1227 3264 1282 illos
3295 1229 3390 1298 qui

1809 1321 2167 1390 inscriptione
2200 1327 2412 1384 carent,
2449 1318 2786 1374 centesimus
2815 1318 3034 1373 tertius.
3071 1316 3197 1373 Haec
3223 1318 3393 1390 igitur

1809 1419 1895 1468 est
1921 1411 2095 1466 series
2118 1410 2478 1480 psalmorum,
2514 1409 2608 1480 qui
2639 1408 2784 1480 apud
2822 1407 3082 1464 Hebraeos
3107 1409 3276 1465 nullis
3307 1411 3405 1464 in—.

1812 1503 2212 1574 scriptionibus
2243 1501 2641 1572 insigniuntur.
2687 1501 2924 1555 Causam
2961 1517 3061 1555 cur
3095 1517 3204 1556 non
3245 1504 3392 1558 reci-

1811 1598 1966 1668 piant
2000 1597 2137 1653 istas
2169 1596 2564 1665 inscriptiones
2613 1593 2776 1648 aliam
2809 1609 2920 1648 non
2964 1593 3206 1651 arbitror
3234 1610 3389 1660 esse,

1812 1704 1977 1760 quam
2000 1703 2122 1744 eam
2151 1703 2274 1758 quae
2298 1701 2465 1756 supra
2483 1701 2513 1738 a
2545 1699 2632 1740 me
2659 1683 2896 1739 adducta
2927 1692 3032 1740 est.
3056 1683 3163 1739 Sed
3191 1685 3396 1740 clarior

1813 1789 1870 1838 et
1897 1781 2192 1838 dilucidior
2221 1780 2388 1850 hujus
2421 1779 2502 1833 rei
2537 1777 2940 1834 demonstratio
2968 1778 3096 1843 erit,
3125 1778 3174 1833 si
3202 1780 3397 1849 paucis

1815 1874 2082 1944 quosdam
2113 1873 2359 1944 psalmos
2409 1870 2792 1941 inscriptionis
2826 1878 3109 1942 expertes,
3148 1871 3306 1942 quasi
3339 1872 3392 1926 in

1817 1976 2142 2021 transcursu
2172 1965 2534 2034 inspiciamus
2553 2003 2568 2028 ,
2604 1973 2664 2018 ut
2698 1964 3057 2034 reprehensio
3081 1971 3137 2018 et
3168 1978 3398 2018 accusa-

1818 2061 1914 2123 tio,
1938 2073 2103 2130 quam
2141 2058 2197 2113 in
2246 2055 2487 2128 perﬁdos
2517 2063 2572 2112 et
2613 2055 2938 2126 insipientes
2974 2054 3195 2110 .ludaeos
3233 2054 3397 2110 insti-

1816 2153 2044 2216 tuimus,
2079 2167 2144 2206 ex
2179 2150 2296 2220 ipsa
2324 2149 2614 2204 verbm-um
2637 2156 2692 2204 et
2722 2150 3116 2203 sententiarum
3143 2148 3398 2205 conside-

1818 2244 2032 2295 ratione
2053 2242 2438 2306 couﬂrmetur,
2471 2237 2743 2308 iidemque
2767 2237 2875 2294 sibi
2907 2239 3192 2294 conciliet.

1891 2331 2140 2388 Venienti
2169 2333 2336 2403 igitur
2368 2347 2434 2388 ex
2475 2331 2616 2388 cmlo
2645 2330 2700 2386 in
2735 2338 2939 2384 terram
2960 2330 3119 2400 jubet
3147 2331 3398 2402 psalmus

1815 2427 2146 2496 applaudere
2162 2426 2250 2482 bis
2266 2425 2480 2481 verbis:
2505 2444 2521 2476 ι
2549 2423 2995 2495 Exsultate,.justi
3012 2424 3066 2479 in
3091 2423 3341 2485 Domino,
3374 2444 3392 2474 ι

1815 2526 1870 2570 et
1903 2518 2234 2587 applaudite,
2261 2525 2519 2588 tanquam
2552 2517 2928 2572 universitatis
2954 2516 3120 2586 hujus
3151 2515 3399 2572 modera-

1818 2609 1944 2671 tori,
1975 2610 2067 2678 qui
2097 2624 2160 2663 cx
2193 2608 2363 2662 nihilo
2389 2624 2552 2662 omne
2568 2607 2715 2678 quod
2731 2615 2838 2672 est,
2866 2608 2932 2662 ad
2958 2623 3081 2663 esse
3101 2606 3315 2672 eduxit,
3343 2621 3397 2662 et

1817 2699 2001 2754 omnia
2030 2699 2083 2753 in
2120 2714 2222 2754 suo
2242 2715 2367 2754 esse
2395 2708 2719 2764 conservat,
2748 2698 2909 2768 cujus
2957 2709 3288 2770 praceptum
3316 2705 3401 2754 est

1819 2806 2003 2846 rerum
2024 2791 2353 2846 substantia.
2389 2789 2513 2845 llaec
2529 2791 2673 2845 enim
2702 2792 2854 2846 notio
2872 2791 3166 2861 subjicitur
3197 2791 3402 2846 divinis

1820 2880 1929 2935 illis
1941 2881 2124 2935 verbis
2142 2899 2156 2935 :
2177 2899 2195 2932 ι
2221 2879 2342 2950 Ipse
2355 2879 2494 2934 dixit
2509 2888 2563 2934 et
2590 2880 2728 2934 facta
2750 2889 2900 2943 sunt,
2917 2881 3032 2949 ipse
3049 2879 3328 2935 mandavit
3348 2888 3402 2934 et

1819 2980 2006 3028 creata
2028 2981 2178 3026 sunt.
2215 2991 2234 3024 ι
2258 2971 2357 3026 llic
2389 2972 2604 3026 beatam
2627 2972 3011 3043 facitgcntem,
3036 2987 3159 3042 qua:
3182 2973 3404 3028 nomine

160 3064 287 3115 ποιεῖ
310 3063 366 3115 τὸ
408 3062 560 3126 ἔθνος
601 3062 662 3115 τὸ
690 3063 780 3114 ἐπὶ
809 3061 888 3134 τῷ
917 3063 1139 3134 ὀνόματι
1178 3064 1342 3118 αὑτοῦ
1390 3067 1713 3136 στηριζόμε-

1822 3067 1994 3136 ipsius
2027 3065 2238 3129 nititur,
2285 3080 2386 3119 nos
2420 3080 2517 3136 per
2554 3075 2769 3136 gentem
2815 3064 3153 3135 intelligens,
3195 3065 3400 3136 quibus

161 3172 255 3218 νον,
287 3157 428 3225 ἡμᾶς
460 3155 640 3223 λέγων
666 3155 728 3207 τὸ
771 3157 940 3220 ἔθνος,
972 3152 1054 3220 οίς
1079 3160 1112 3228 ὴ
1147 3158 1302 3220 ἐλπὶς
1322 3158 1422 3229 τῆς
1450 3161 1722 3230 σωτηρίας

161 3246 213 3299 τὸ
230 3247 384 3317 ὕνομα
407 3247 498 3302 τοῦ
527 3247 772 3318 Χριστοῦ
799 3250 969 3312 ἐστιν,
1053 3249 1530 3320 συνονομαζὸμεθα
1550 3252 1599 3303 οἱ
1624 3267 1722 3304 πε-

163 3341 503 3404 πιστευκότες.
545 3359 567 3392 ε
609 3342 730 3394 Ὀτι
762 3341 821 3404 ἐξ
852 3342 1081 3410 οὐρανοῦ
1119 3341 1416 3410 ἐπέϐλεψεν
1441 3344 1468 3394 ὁ
1497 3341 1720 3413 Κύριος,

163 3430 241 3484 τοῦ
275 3433 392 3484 ἰδεῖν
426 3434 638 3496 πάντας
679 3433 824 3495 υἱοὺς
856 3432 963 3484 τῶν
991 3432 1313 3503 ἀνθρώπων,
1352 3433 1416 3485 ἐκ
1461 3432 1556 3485 τοῦ
1587 3433 1726 3486 ἑτοί-

167 3539 251 3592 μου
289 3525 705 3595 κατοικητηρίου
753 3523 918 3576 αὐτοῦ
947 3523 1082 3594 (48).
1124 3543 1143 3574 ι
1182 3525 1620 3594 Κατοικητήριον
1666 3525 1724 3577 δὲ

165 3615 306 3667 αὑτοῦ
342 3616 560 3685 ἕτοιμον
598 3615 659 3668 τὸ
692 3613 779 3666 ἀεὶ
819 3613 900 3677 ὃν,
949 3615 1043 3667 τὸν
1077 3613 1295 3686 Πατέρα
1332 3616 1634 3686 ὠνόμασεν,
1663 3612 1723 3670 οὗ

165 3703 364 3760 τὸεῖναι
391 3707 476 3760 ἀεί
507 3708 683 3768 ἐστιν,
715 3707 816 3759 οὐκ
839 3705 902 3758 ἔκ
925 3723 1069 3768 τινος
1097 3706 1409 3776 γενόμενον,
1436 3708 1570 3762 ἀλλὰ
1599 3710 1724 3761 πάν-

167 3813 270 3850 τοτε
313 3799 558 3870 ἕτοιμον·
615 3799 711 3852 καὶ
765 3799 827 3850 οὐ
888 3797 1228 3868 ξενιζόμεθα,
1283 3799 1364 3851 ὅτι
1409 3799 1468 3864 ἐξ
1516 3801 1721 3853 ἐκείνου

169 3889 249 3942 τοῦ
275 3891 377 3961 (49)
399 3890 825 3961 κατοικητηρίου
853 3893 964 3953 τοῖς
993 3889 1101 3942 τῶν
1132 3889 1434 3961 ἀνθρώπων
1468 3891 1602 3954 υίοίς
1628 3909 1725 3946 κα-

170 3982 493 4050 ταμίγνυται,
527 3981 661 4044 Υἱὸς
710 3981 998 4054 ἀνθρώπου
1049 3981 1365 4051 γενόμενος,
1396 3981 1482 4035 διὰ
1529 3981 1590 4034 τὸ
1622 4000 1723 4036 πε-

171 4074 382 4133 πεῖσθαι,
409 4076 489 4127 ὃτι
524 4074 692 4136 αὐτός
722 4075 870 4126 ἐστιν
899 4091 917 4127 ι
941 4072 998 4125 '0
1035 4071 1246 4136 πλάσας
1282 4073 1593 4143 καταμόνας
1625 4073 1724 4138 τὰς

171 4165 366 4234 καρδίας
403 4165 563 4237 ἡμῶν
595 4165 730 4234 (50).
771 4185 788 4216 ι
829 4163 892 4218 Ei
919 4165 1026 4236 γὰρ
1064 4164 1274 4218 ἐκείνου
1321 4164 1544 4235 πλάσμα
1567 4168 1601 4236 ἡ
1627 4167 1722 4218 ἀν-

173 4254 388 4326 θρωπίνη
420 4257 604 4326 φύσις,
641 4257 694 4310 τί
732 4255 919 4311 καινὸν
954 4255 1018 4308 ὲκ
1052 4256 1146 4308 τοῦ
1185 4255 1483 4327 μυστηρίου
1518 4255 1725 4326 μανθά-

171 4361 344 4412 νομεν;
372 4347 491 4399 Ὀτι
509 4349 538 4400 ὁ
553 4345 831 4414 Δεσπότης
847 4343 950 4409 τῆς
975 4342 1190 4414 φύσεως
1211 4345 1291 4407 είς
1319 4344 1386 4398 τὰ
1407 4343 1513 4396 ἴδια
1536 4339 1718 4415 ἦλθεν

173 4433 269 4486 ἀλλ’
303 4436 348 4487 oi
387 4436 631 4507 Ἑϐραῖοι
665 4433 826 4488 αὑτὸν
858 4435 958 4486 οὐκ
1000 4433 1270 4497 ἐδέξαντο.
1311 4434 1404 4487 Διὸ
1449 4433 1659 4498 τούτοις
1689 4437 1723 4506 ἡ
1754 4425 1802 4485 D

173 4528 424 4598 επιγραφὴ
454 4528 555 4581 οὐκ
610 4525 779 4589 ἔστιν,
806 4525 928 4578 οὐδὲ
970 4526 998 4578 6
1035 4525 1186 4595 ἣλιος
1218 4525 1296 4595 τῷ
1325 4526 1400 4598 μὴ
1453 4525 1726 4596 βλέποντι.

175 4617 315 4670 Ὅθεν
335 4620 424 4674 τὸν
450 4619 594 4673 κατὰ
620 4618 799 4689 σάρκα
828 4617 923 4669 τοῦ
964 4618 1130 4688 νόμου
1154 4617 1375 4689 δρόμον,
1403 4618 1462 4670 ὂν
1507 4637 1525 4671 ι
1557 4618 1724 4690 ψευδῆ

175 4712 316 4765 ἵππον
348 4731 364 4762 t
395 4713 568 4781 λέγει,
607 4713 702 4766 καὶ
747 4712 861 4781 (51)
903 4713 1083 4764 πᾶσαν
1128 4711 1227 4780 τὴν
1267 4710 1571 4782 σωματώδη
1618 4711 1728 4764 τῶν

176 4804 378 4858 ἐντολῶν
403 4805 731 4875 κατανόησιν
763 4803 942 4874 (τοῦτο
973 4803 1020 4856 δ’
1050 4801 1116 4854 ἂν
1143 4803 1227 4871 εἴη
1256 4805 1284 4854 6
1315 4803 1522 4873 γίγας),
1550 4804 1726 4875 ἄχρη-

178 4912 282 4948 στον
315 4899 388 4961 είς
425 4896 701 4968 σωτηρίαν
764 4896 1044 4966 κρίνομεν·
1105 4894 1287 4959 καθὼς
1337 4894 1613 4949 διαϐάλλει
1657 4895 1728 4949 τὰ

237 5052 434 5108 “Psal.
468 5070 642 5115 xxxu,
685 5054 709 5104 ‘l
746 5069 866 5122 sqq.

239 5208 340 5277 ('58)
369 5210 421 5262 A'
442 5227 554 5265 om.
585 5212 674 5268 ed.

239 5278 341 5347 ('59)
365 5282 470 5333 Καί
503 5298 613 5336 om.
643 5283 732 5336 ed.

239 5349 340 5416 (40)
367 5350 468 5404 Καί
499 5351 624 5406 add.
657 5354 743 5408 ed.

239 5417 341 5485 (41)
377 5422 434 5472 Ὀ
452 5436 560 5475 om.
594 5423 684 5478 ed.

241 5488 342 5562 (42)
358 5491 732 5562 Ἐπιγράφοις,
758 5492 846 5548 ed.

261 5559 340 5624 45)
373 5559 570 5626 Ἔλθοι,
600 5559 686 5616 ed.

262 5628 342 5704 44)
363 5630 752 5704 βεωρήσωμεν,
786 5633 873 5687 ed.

261 5701 339 5762 ιδ)
360 5701 466 5770 Τῆς
486 5701 600 5758 om.
633 5701 714 5758 ea.

1825 3175 1950 3229 spes
1980 3160 2173 3214 salutis
2213 3158 2269 3212 in
2305 3161 2528 3213 nomine
2561 3157 2766 3211 Christi
2797 3157 2974 3227 posita
2996 3200 3011 3223 ,
3044 3158 3247 3226 quique
3277 3173 3404 3212 cum

1823 3250 2180 3313 credidimus,
2204 3265 2232 3303 a
2256 3248 2479 3305 Christo
2496 3264 2694 3304 nomen
2717 3249 3054 3317 accepimus.
3083 3267 3102 3301 ‹
3134 3247 3405 3316 Quoniam

1825 3344 1892 3399 de
1930 3344 2072 3397 cmlo
2116 3344 2357 3412 respexit
2393 3343 2660 3397 Dominus
2684 3380 2698 3403 ,
2730 3350 2792 3396 ut
2821 3341 3004 3395 videat
3042 3355 3237 3396 omnes
3268 3339 3408 3395 ﬁlios

1825 3436 2109 3490 hominum
2133 3475 2148 3499 ,
2176 3437 2240 3489 de
2277 3443 2585 3504 praeparato
2611 3430 2922 3486 habitaculo
2936 3429 3116 3485 suo".
3145 3449 3162 3481 ι
3191 3431 3410 3503 Praepa-

1825 3537 2005 3583 ratum
2035 3529 2157 3596 ejus
2199 3527 2604 3591 habitaculum,
2638 3525 2897 3594 quodque
2925 3539 3142 3594 semper
3165 3531 3282 3590 est,
3312 3523 3410 3577 Pa-

1827 3627 1964 3674 trem
1995 3619 2322 3689 appellavit',
2355 3619 2516 3686 cujus
2546 3632 2670 3673 esse
2691 3631 2906 3687 semper
2935 3624 3050 3682 est;
3079 3615 3283 3686 quippe
3311 3614 3407 3685 qui

1825 3729 1891 3767 cx
1935 3712 2083 3765 nullo
2125 3711 2194 3764 sit
2231 3710 2489 3781 genitus,
2529 3707 2625 3764 sed
2667 3723 2885 3777 semper
2919 3716 3290 3776 praeparatum
3322 3713 3410 3762 est

1827 3804 1930 3859 hoc
1955 3803 2349 3869 habitaculum;
2386 3817 2564 3872 neque
2597 3800 3007 3863 aberrabimus,
3038 3800 3089 3855 si
3117 3799 3412 3855 credamus

1825 3910 1950 3950 eum
1995 3910 2059 3949 ex
2106 3893 2204 3949 illo
2239 3904 2546 3964 prmparato
2587 3892 2906 3948 habitaculo
2949 3891 3412 3954 descendentem.

1829 3985 1954 4040 ﬁliis
2001 3985 2284 4041 hominum
2316 3992 2672 4056 aggregatum
2709 3999 2864 4045 esse.
2920 3984 3126 4037 factum
3170 3981 3412 4037 hominis

1773 4117 1788 4132 .
1825 4077 2046 4142 Filium,
2079 4093 2144 4131 eo
2177 4076 2322 4147 quod
2357 4077 2520 4132 nobis
2547 4083 2699 4131 certo
2731 4089 3053 4146 persuasum
3078 4074 3188 4136 sit,
3232 4073 3414 4144 ipsum

1825 4185 1948 4224 esse
1968 4172 2057 4238 qui
2081 4188 2098 4219 ‹
2135 4166 2292 4221 tinxit
2317 4165 2596 4237 sigillatim
2624 4165 2790 4221 corda
2821 4165 3087 4236 ipsorum.
3130 4181 3149 4217 ι
3185 4161 3243 4218 Si
3266 4163 3412 4219 enim

1824 4261 2000 4331 ipsius
2034 4261 2353 4330 ﬁgmentum
2385 4264 2472 4314 est
2510 4257 2752 4312 humana
2777 4269 2999 4323 natura,
3035 4254 3233 4313 merito
3261 4269 3416 4324 qua:-

1824 4362 1910 4407 rat
1937 4352 2081 4421 quis.
2128 4350 2271 4417 Quid
2301 4350 2432 4405 novi
2461 4348 2569 4404 hoc
2614 4348 2880 4420 mysterio
2911 4346 3237 4403 discamus?
3273 4346 3413 4402 Illud

1829 4445 2119 4506 videlicet,
2154 4441 2448 4497 Dominum
2481 4451 2695 4497 naturae
2735 4443 2789 4496 in
2822 4441 3045 4512 pr0pria
3077 4440 3322 4505 venisse.
3357 4448 3415 4494 et

1827 4535 1897 4589 ab
1922 4533 2164 4590 Hebrwis
2195 4542 2475 4605 receptum
2512 4549 2619 4588 non
2650 4548 2792 4588 esse.
2829 4532 3102 4600 Quocirca
3127 4531 3416 4602 inscriptio

1829 4627 1939 4681 illis
1972 4628 2158 4692 nulla,
2191 4638 2251 4682 ut
2295 4642 2399 4682 nec
2447 4627 2531 4681 sol
2579 4627 2688 4690 illi,
2731 4627 2824 4696 qui
2860 4627 2998 4680 nihil
3031 4625 3198 4680 videt.
3260 4623 3417 4680 Unde

1828 4729 2050 4769 cursum
2090 4716 2225 4786 legis
2260 4715 2563 4770 secundum
2594 4730 2819 4770 carnem
2847 4749 2864 4779 ,
2908 4729 3070 4784 quem
3111 4730 3131 4766 ι
3167 4713 3414 4768 fallacem

1827 4822 2028 4875 equum
2062 4826 2081 4859 ι
2109 4808 2378 4872 nominat,
2407 4818 2463 4864 et
2484 4823 2702 4864 omnem
2724 4807 2872 4862 illam
2898 4807 3242 4876 corporalem
3262 4821 3419 4860 mau-

1828 4897 2085 4953 datorum
2111 4899 2552 4970 intelligentiam,
2589 4913 2713 4970 qua:
2736 4897 2996 4954 fortassis
3021 4896 3186 4953 fuerit
3217 4897 3310 4953 ille
3329 4897 3414 4967 gi-

1926 5207 2040 5277 45⁸)
2078 5205 2506 5266 Ἐπιστατοῦντι.
2528 5204 2626 5277 ed.

1926 5209 2040 5277 45⁸)
2078 5209 2506 5266 Ἐπιστατοῦντι.
2536 5209 2626 5260 ed.

2042 5277 2426 5350 ῌαραγαγόντι
2455 5275 2551 5330 καὶ
2584 5273 2960 5348 συντηροῦντι,
2994 5272 3086 5329 ed.

2045 5347 2430 5418 Ἐγενήθησαν,
2445 5351 2547 5418 κού.

1903 5417 2016 5556 (48)
2040 5417 2360 5470 Αὐτοῦοηι.
2393 5417 2480 5470 ed.

1929 5488 2022 5554 49)
2060 5486 2312 5556 Ἑτοίμου
2342 5486 2470 5540 add.

1929 5488 2022 5554 49)
2060 5486 2312 5556 Ἑτοίμου
2342 5486 2470 5540 add.
2495 5486 2580 5541 ed.

1909 5556 2022 5626 (50)
2049 5556 2258 5611 Αὐτῶν.
2297 5557 2382 5610 ed.

1910 5625 2020 5700 (51)
2047 5628 2202 5681 Κατὰ
2224 5627 2445 5698 quidam
2474 5626 2636 5684 codd.
