3838 6224
367 208 473 264 519

1660 193 1722 250 S.
1753 188 2085 250 GREGORH
2120 187 2412 246 NYSSENI

3533 173 3647 234 $20

368 333 492 391 gas,
521 314 661 371 nihil
694 314 764 371 ad
790 314 1026 372 salutem
1060 311 1318 368 conferre
1337 310 1690 383 iudicamus;
1721 315 1885 380 prout
1911 313 1966 360 et

2090 307 2289 361 τοιαῦτα
2316 306 2345 358 ὁ
2367 303 2675 375 Ψαλμῳδδς
2702 303 2770 358 δι’
2799 301 3114 373 αἰνίγματος
3139 299 3336 369 λέγων·
3371 317 3389 349 ι
3425 297 3647 368 Veniat-‘3;

376 409 492 480 ipse
538 407 881 463 Psalmorum
930 405 1172 475 scriptor
1219 403 1353 457 talia
1388 403 1682 473 aenigmate
1717 399 1960 469 quodam

373 499 649 561 traducit,
685 514 813 552 cum
846 497 923 550 ait
964 515 977 550 :
1020 515 1038 547 ι
1077 494 1266 549 Fallax
1299 511 1479 564 equus
1505 493 1573 547 ad
1607 493 1876 555 salutem,
1913 498 1970 544 et

373 590 529 661 gigas
559 606 670 644 non
702 589 1005 644 salvabitur
1037 590 1091 642 in
1125 587 1477 642 multitudine
1515 585 1739 639 virtutis
1768 597 1903 638 sua.
1937 600 1961 634 ι

375 681 758 752 Respicientes
786 696 915 735 vero
941 685 996 735 in
1021 696 1146 734 eum
1165 722 1182 746 ,
1209 681 1304 749 qui
1345 680 1539 734 liberat
1565 693 1596 731 a
1638 685 1817 732 morte
1848 675 1970 730 ani-

377 790 496 829 mas
526 784 748 828 nostras
771 788 868 842 per
899 772 1181 826 cmlestem
1218 772 1425 834 cibum,
1465 767 1966 840 (quemadmodum

376 862 651 933 Propheta
695 862 831 916 dicit
873 879 889 916 :
925 881 944 913 ι
994 860 1151 915 Oculi
1199 860 1415 914 Domini
1444 875 1612 929 super
1661 865 1968 914 metuentes

382 970 530 1017 eum,
566 964 622 1008 et
655 953 708 1006 in
730 952 812 1008 eis
836 952 930 1022 qui
961 959 1186 1022 sperant
1215 967 1383 1020 super
1409 949 1797 1006 misericordia
1820 949 1964 1019 ejus,

378 1055 435 1098 ut
470 1044 666 1098 liberet
711 1058 741 1096 a
774 1051 950 1097 morte
984 1042 1200 1096 animas
1238 1057 1467 1105 eorum,
1507 1050 1562 1095 et
1614 1041 1725 1094 alat
1770 1056 1867 1095 eos
1909 1041 1963 1094 in

379 1137 522 1192 fame
543 1136 588 1207 ι)
621 1136 756 1190 illud
787 1134 1141 1205 proferimus,
1169 1153 1188 1184 ι
1213 1134 1409 1188 Anima
1446 1143 1635 1189 nostra
1655 1135 1966 1190 sustinebit

380 1230 693 1291 Dominum,
735 1228 827 1298 qui
874 1243 942 1282 ex
989 1228 1147 1282 caelis
1188 1243 1292 1282 nos
1313 1227 1734 1295 intuetur,ae.tt
1777 1227 1964 1289 :Fiat,

378 1319 628 1384 Domine,
666 1319 1050 1373 misericordia
1089 1327 1184 1372 tua
1230 1334 1399 1388 super
1437 1333 1562 1382 nos,
1610 1319 1970 1387 quemadmo-

379 1411 509 1466 dum
545 1411 887 1480 speravimus
921 1409 976 1462 in
1007 1418 1078 1464 te.
1124 1427 1144 1459 ›

450 1535 682 1605 Propter
721 1534 840 1588 haec
875 1533 1127 1597 repudiat
1159 1531 1386 1587 Judzeus
1428 1535 1625 1603 psalmi
1673 1534 1824 1590 illius
1883 1535 1970 1590 in—

2061 399 2234 463 -ϊππος
2279 401 2360 462 είς
2405 398 2700 469 σωτηρίαν,
2747 396 2844 450 καὶ
2898 395 3063 463 γίγας
3116 395 3177 447 ού
3225 392 3530 460 σωθήσεται
3579 395 3648 444 ἐν

2067 489 2263 560 πλήθει
2284 488 2466 558 ἰσχύος
2483 487 2670 541 αὐτοῦ.
2714 505 2734 538 ›
2753 485 3053 546 Βλέποντες
3075 484 3134 538 δὲ
3154 483 3246 536 ἐπὶ
3268 483 3360 537 τὸν
3379 482 3652 554 ῥυόμενον

2067 582 2130 634 ἐκ
2169 581 2400 634 θανάτου
2444 579 2543 643 τὰς
2569 579 2746 649 ψυχὰς
2770 577 2930 648 ἡμῶν
2974 576 3063 629 διὰ
3092 576 3191 644 τῆς
3230 574 3494 644 οὐρανίας
3520 588 3654 641 τρο-

2069 672 2175 742 φῆς
2207 670 2412 739 (καθώς
2440 670 2644 740 φησινδ
2677 669 2991 740 Προφήτης,
3027 666 3107 719 ὅτι
3135 665 3246 736 (5-2)
3279 683 3296 715 ι
3343 662 3657 732 Ὀφθαλμώ

2067 763 2276 833 Κυρίου
2303 763 2395 814 ἐπὶ
2425 763 2550 824 τοὺς
2579 759 2942 829 φοϐουμένους
2979 759 3160 821 αὑτὸν,
3197 758 3306 826 (55)
3335 757 3464 817 τοὺς
3493 754 3658 808 ἐλπί-

2066 854 2259 917 ζοντας
2287 854 2380 905 ἐπὶ
2408 852 2468 905 τὺ
2496 852 2641 913 ἕλεος
2675 848 2862 911 αὑτοῦ,
2890 847 3156 919 ῥύσασθαι
3183 850 3248 900 ἐκ
3281 845 3516 900 θανάτου
3548 841 3664 904 τὰς

2065 946 2245 1016 ψυχὰς
2276 944 2474 1005 αὑτῶν,
2504 943 2599 996 καὶ
2635 941 2924 1012 διαθρέψαι
2960 939 3158 1002 αὐτοὺς
3188 941 3245 992 ἐν
3278 937 3423 1008 λιμῷ
3447 938 3518 1002 ι),
3549 952 3668 1002 φα.-

2072 1040 2169 1109 μέν
2198 1040 2392 1098 ἐκεῖνο,
2420 1038 2501 1090 ὅτι
2534 1057 2551 1087 ι
2586 1035 2651 1089 Ἦ
2677 1035 2824 1105 ψυχὴ
2855 1034 3009 1105 ἡμῶν
3043 1029 3403 1102 ὑπομενεῖτῷ
3433 1028 3668 1099 Κυρίῳ,

2068 1133 2146 1203 τῷ
2174 1133 2232 1199 ἐξ
2251 1131 2494 1203 οὐρανῶν
2526 1131 2675 1201 ἡμᾶς
2693 1128 3063 1197 ἐπιϐλέψαντι.
3084 1143 3102 1176 ι
3119 1125 3336 1186 Καὶῶτι
3362 1142 3381 1173 ι
3410 1118 3668 1184 Γένοιτο,

2068 1225 2264 1298 Κύριε,
2302 1225 2364 1276 τὸ
2407 1223 2556 1287 ἔλεός
2602 1239 2698 1275 σου
2735 1221 2822 1290 ἐφ’
2853 1221 3022 1291 ἡμᾶς,
3063 1216 3313 1284 καθάπερ
3340 1213 3676 1284 ἠλπίσαμεν

2069 1319 2161 1372 ἐπὶ
2189 1318 2269 1373 σέ.
2301 1337 2323 1370 ο

2142 1538 2241 1592 Διὰ
2285 1537 2458 1590 ταῦτα
2506 1536 2604 1606 τὴν
2637 1531 2947 1605 ἐπιγραφὴν
2999 1529 3093 1584 τοῦ
3137 1528 3350 1599 ψαλμοῦ
3401 1524 3602 1579 τούτου
3637 1526 3677 1578 ὁ

381 1627 755 1696 scriptionem.
787 1622 1003 1678 Rursus
1037 1623 1109 1676 ob
1132 1623 1384 1676 eamdem
1417 1625 1688 1677 rationem
1725 1624 1972 1694 psalmus

2090 1632 2332 1704 Ἐϐραῖος
2356 1632 2418 1684 ού
2442 1630 2676 1700 δέχεται.
2701 1627 2871 1681 Πάλιν
2909 1625 3052 1679 κατὰ
3077 1624 3167 1677 τὸν
3193 1622 3356 1675 αὐτον
3395 1620 3609 1692 τρόπον
3639 1619 3680 1670 ὁ

379 1717 834 1788 quadragesimus
849 1714 1130 1770 secundus
1160 1715 1303 1784 apud
1327 1713 1586 1769 llebraros
1609 1715 1972 1786 inscriptione

386 1823 498 1862 non
531 1813 893 1876 praenotatur.
922 1801 1194 1864 Ostendit,
1222 1803 1484 1865 arbitror,
1520 1803 1639 1872 ipsa
1670 1805 1970 1858 verborum

382 1899 581 1970 psalmi
610 1896 803 1959 series,
835 1896 1080 1966 mysterii
1106 1895 1160 1948 in
1181 1895 1392 1962 psalmo
1418 1895 1522 1948 hoc
1546 1895 1826 1964 explicati,
1854 1886 1970 1957 eo's,

381 1994 477 2061 qui
513 1998 677 2045 secta:
709 1987 953 2043 Iudaica
983 1987 1187 2040 addicti
1224 1995 1384 2051 sunt,
1419 2002 1652 2056 capaces
1674 2004 1785 2041 non
1818 2004 1969 2050 esse,

383 2084 718 2138 Cobortatur
752 2094 989 2149 namque
1013 2120 1028 2144 ,
1066 2085 1126 2131 ut
1162 2087 1426 2132 renovata
1463 2079 1756 2147 juventute
1801 2080 1976 2132 intro-

385 2188 580 2228 camus
609 2171 678 2225 ad
713 2171 909 2224 altare.
942 2168 1048 2223 Sed
1078 2167 1326 2223 Judaeum
1357 2169 1505 2222 nulla
1539 2168 1702 2238 hujus
1733 2168 1808 2222 rei
1843 2183 1977 2221 cura

386 2265 581 2336 tangit.
607 2262 728 2316 Non
751 2263 898 2316 enim
923 2261 1181 2316 renovari
1211 2275 1334 2314 sese
1364 2260 1574 2329 patitur
1607 2259 1869 2330 mysterio
1900 2274 1983 2314 sa-

389 2359 519 2412 lutis
555 2372 653 2426 per
683 2369 985 2426 supernam
1017 2353 1518 2423 regenerationem.

459 2481 750 2552 Inscriptio
793 2479 989 2550 psalmi
1039 2478 1453 2548 septuagesimi,
1492 2493 1614 2546 qnze
1650 2478 1703 2530 in
1739 2476 1981 2533 editione

391 2575 652 2630 Ecclesia:
678 2575 758 2628 sic
796 2573 960 2626 habet
984 2589 997 2624 :
1027 2590 1045 2622 ι
1076 2570 1184 2624 Pro
1212 2569 1338 2624 ﬁliis
1359 2569 1629 2630 Jonadab,
1653 2579 1706 2622 et
1732 2571 1977 2639 priorum

389 2667 755 2737 captivorum,
778 2683 802 2714 θ
833 2665 902 2717 ab
937 2661 1178 2716 llebrazis
1199 2662 1423 2714 omnino
1454 2663 1726 2730 praeterita
1750 2667 1851 2715 est.
1877 2660 1981 2714 Cu-

385 2761 477 2830 jus
501 2773 666 2813 causa
693 2758 845 2812 clare
876 2756 1066 2824 liquet.
1096 2752 1230 2806 Nam
1266 2768 1391 2806 cum
1428 2754 1481 2806 in
1515 2753 1600 2808 bis
1629 2761 1738 2805 tam
1767 2753 1980 2822 perspi-

389 2866 492 2905 cua
529 2851 640 2905 sint
671 2849 739 2903 de
770 2847 1000 2901 Domino
1032 2854 1221 2900 nostro
1262 2845 1508 2905 oracula,
1541 2844 1858 2913 coarguitur
1883 2843 1981 2898 Ju—

2072 1719 2505 1792 τεσσαρακοστὸς
2551 1736 2610 1771 τε
2651 1717 2745 1771 καὶ
2788 1716 3038 1787 δεύτερος
3078 1716 3189 1776 τοῖς
3231 1711 3504 1783 Ἑϐραίοις
3545 1711 3682 1762 ἑπι-

2075 1813 2293 1882 γραφὴν
2314 1811 2414 1862 οὐκ
2440 1809 2573 1880 ἔχει,
2606 1807 2930 1869 δεικνῦντος,
2951 1800 3130 1876 οἶμαι,
3159 1803 3252 1856 τοῦ
3276 1802 3456 1870 λόγου,
3491 1801 3582 1852 ὅτι
3607 1798 3680 1852 τὶ

2075 1906 2133 1956 ἐν
2159 1905 2235 1974 τῷ
2254 1900 2454 1971 ψαλμῷ
2475 1899 2649 1970 τούτῳ
2676 1899 2970 1970 μυστήριον
2990 1899 3102 1961 τοῖς
3134 1894 3476 1966 Ἐϐραῗζουσι
3519 1891 3678 1945 κατά

2075 1997 2174 2066 τὴν
2202 1995 2410 2064 αἰρεσιν
2436 1990 2814 2062 ἁπαράδεκτον
2850 1983 2937 2060 ἦν.
2973 1985 3392 2040 Εἰσελεΰσεσθαι
3433 1983 3550 2053 γὰρ
3587 1983 3678 2043 εἰς

2076 2087 2138 2140 τὸ
2165 2086 2550 2154 θυσιαστήριον
2573 2081 2991 2150 ἐπαγγέλλεται,
3013 2079 3130 2142 νέος
3149 2078 3461 2146 γενόμενος.
3495 2073 3675 2127 Ἀλλὰ

2077 2178 2156 2248 τῷ
2197 2176 2433 2248 Ἑϐραίῳ
2456 2175 2613 2228 τοῦτο
2637 2175 2737 2227 οὐκ
2765 2174 2930 2226 ἐστιν.
2955 2174 3028 2225 Οὐ
3064 2172 3172 2243 γὰρ
3203 2170 3420 2240 δέχεται
3446 2166 3529 2237 τῷ
3559 2183 3676 2240 μυ-

2082 2271 2286 2342 στηρίῳ
2317 2272 2417 2338 τῆς
2445 2266 2716 2338 σωτηρίας
2740 2265 2830 2319 διὰ
2851 2265 2950 2336 τῆς
2977 2264 3180 2319 ἄνωθεν
3206 2263 3514 2332 γεννήσεως
3537 2260 3676 2314 ἀνα⁸

2083 2363 2270 2417 νεάσαι
2303 2360 2437 2428 (54).

2164 2489 2254 2541 Ἐν
2280 2489 2336 2542 δὲ
2365 2486 2444 2558 τῷ
2472 2485 2852 2557 ἑϐδομηκοστῷ
2876 2485 2975 2555 τῆς
3019 2480 3482 2554 ἐκκλησιαστικῆς
3512 2480 3672 2534 ἐκδό-

2085 2599 2222 2644 σεως
2255 2580 2566 2651 ἐπιγραφὴν
2593 2577 2846 2651 ἐχούσης,
2896 2595 2916 2628 ι
2959 2577 3132 2647 ’Υπὲρ
3171 2574 3281 2627 τῶν
3307 2573 3442 2626 υἰῶν
3486 2573 3670 2625 Ἰωνα-

2082 2671 2212 2742 δὰμ,
2265 2670 2360 2725 καὶ
2409 2670 2519 2723 τῶν
2570 2669 2802 2739 πρώτων
2845 2666 3412 2738 αἰχμαλωτισθέντων,
3457 2683 3478 2716 ι
3518 2664 3672 2735 παρὰ

2083 2769 2195 2828 τοῖς
2255 2763 2529 2835 Ἑϐραίοις
2577 2762 2734 2816 τοῦτο
2783 2761 3086 2830 σεσίγηται.
3145 2760 3207 2812 Ἦ
3256 2759 3314 2811 δὲ
3369 2758 3520 2812 αἰτία
3578 2774 3674 2808 σα-

2086 2859 2192 2930 φὴς
2222 2858 2356 2927 (55),
2388 2859 2470 2910 ὅτι
2510 2854 2890 2926 φανερωτέρας
2927 2854 3027 2924 τῆς
3060 2853 3141 2915 είς
3177 2852 3267 2905 τὸν
3297 2850 3506 2922 Κύριον
3532 2867 3673 2920 προ-

390 2945 631 2997 ilaorum
677 2939 902 3010 perﬁdia
937 2947 992 2993 et
1027 2935 1407 2995 incredulitas,
1450 2945 1637 3004 utpote
1675 2936 1770 3004 qui
1809 2935 1979 2988 nolint

2090 2947 2316 3017 φητείας
2345 2949 2402 3000 ἐν
2441 2945 2649 3008 τούτοις
2674 2945 2923 3016 οὖσης,ἡ
2973 2944 3199 2998 ἀπιστία
3249 2943 3359 2996 τῶν
3397 2941 3672 2996 Ἰουδαίων

391 3043 503 3086 tam
539 3029 890 3085 manifestam
933 3031 999 3083 de
1034 3027 1300 3097 mysterio
1332 3027 1436 3080 hoc
1481 3026 1790 3079 doctrinam
1837 3026 1982 3081 reci-

393 3138 540 3194 pere.
577 3121 1051 3188 Quemadmodum
1086 3121 1231 3175 enim
1265 3120 1343 3172 il1i
1374 3119 1468 3190 qui
1507 3120 1684 3174 oculis
1708 3120 1983 3184 laborant,

394 3214 479 3269 vel
499 3212 786 3268 aﬂ'ectione
808 3212 900 3265 illa
920 3218 1200 3274 tenentur,
1233 3225 1354 3279 qua:
1376 3224 1532 3278 aqua:
1555 3217 1734 3267 metus
1757 3209 1982 3275 dicitur,

396 3318 578 3374 neque
608 3303 808 3358 solaris
837 3301 978 3356 radii
1006 3301 1406 3362 accessionem,
1431 3315 1609 3369 neque
1631 3311 1985 3370 conspectum

396 3411 552 3468 aqua:
584 3397 820 3450 tolerare
847 3401 1101 3465 possunt,
1131 3392 1225 3448 sed
1254 3393 1504 3447 tremulis
1536 3394 1872 3462 superciliis,
1906 3394 1987 3448 illi

398 3488 618 3557 quidem
653 3485 794 3540 male
827 3484 1004 3539 aﬂ'ecti
1031 3484 1221 3538 oculos
1266 3498 1295 3536 a
1341 3483 1547 3551 radiis;
1588 3483 1666 3536 illi
1710 3499 1864 3547 vero,
1893 3487 1986 3554 qui

399 3594 598 3650 aquam
640 3585 926 3641 metuunt,
962 3577 1030 3630 ab
1080 3590 1235 3646 aqua:
1279 3576 1480 3630 intuitu
1531 3583 1833 3630 avertunt:
1871 3577 1987 3646 pari

401 3672 562 3726 modo
587 3680 642 3726 et
667 3668 980 3725 Iudaeorum
1007 3667 1328 3738 improbitas
1357 3667 1574 3724 silentio
1597 3670 1878 3723 veritatem
1904 3683 1990 3723 re-

399 3763 618 3836 probat,
649 3776 715 3817 eo
740 3761 887 3832 quod
909 3761 1105 3816 divina:
1125 3762 1532 3832 praedicationis
1553 3761 1784 3831 gloriam
1816 3761 1990 3816 conﬁ-

401 3857 503 3912 teri
534 3855 694 3910 nolit.
724 3853 877 3908 Licet
901 3868 1066 3924 porro
1094 3869 1158 3907 ex
1193 3853 1312 3924 ipsa
1343 3853 1538 3922 psalmi
1571 3854 1716 3908 serie
1746 3854 1987 3924 prophe-

401 3951 494 4005 tiae
529 3949 678 4005 illius
710 3963 910 4004 arcana
937 3962 1287 4020 cognoscere.
1326 3947 1465 4002 Dicit
1501 3949 1646 4003 enim
1689 3948 1744 4002 iu
1781 3949 1990 4017 psalmo

394 4041 834 4112 septuagesimo,
859 4039 1021 4110 cujus
1064 4040 1352 4109 inscriptio
1377 4047 1461 4094 est
1493 4057 1508 4094 :
1545 4056 1564 4090 ι
1604 4038 1678 4092 De
1714 4039 1990 4109 prioribus

402 4133 664 4204 captivis,
687 4139 988 4201 itanquam
1011 4145 1075 4186 ex
1094 4144 1328 4201 persona
1353 4129 1719 4200 captivorum,
1740 4145 1865 4184 cum
1885 4129 1989 4185 alia

405 4223 656 4296 quaedam
685 4222 1048 4293 supplicantis
1079 4220 1319 4275 orationi
1357 4228 1750 4285 consentanea,
1771 4231 1885 4276 tum
1927 4223 1992 4276 il-

2087 3042 2491 3110 κατηγορεῖται,
2519 3039 2595 3101 ὡς
2624 3035 2884 3102 δέξασθαι
2910 3035 3008 3105 τὴν
3037 3034 3277 3103 φανερὰν
3308 3032 3404 3086 τοῦ
3459 3049 3673 3103 μυστη-

2086 3133 2204 3203 ρίου
2227 3129 2574 3184 διδασκαλίαν
2603 3128 2679 3200 μὴ
2698 3125 3054 3196 δυνηθέντων.
3088 3126 3297 3196 Ὠσπερ
3329 3124 3444 3195 γὰρ
3476 3124 3527 3178 οί
3546 3126 3678 3191 τοὺς

2086 3222 2396 3292 ὀφθαλμοὺς
2433 3218 2735 3282 νοσοῦντες,
2767 3216 2800 3287 ἢ
2837 3216 2886 3268 οἱ
2927 3214 3040 3285 (56)
3075 3214 3152 3286 τῷ
3193 3214 3354 3271 πάθει
3380 3216 3487 3284 τῆς
3520 3215 3673 3286 ὑδρο.

2088 3314 2260 3385 φόϐης
2288 3310 2695 3384 περιπεσόντες,
2723 3307 2847 3362 οὔτε
2879 3309 2976 3378 τῆς
3000 3307 3216 3369 ἀκτῖνος
3242 3298 3389 3360 οὗτοι
3421 3305 3539 3374 (57)
3574 3304 3675 3374 τὴν

2087 3406 2415 3480 προσϐολὴν,
2469 3403 2592 3457 οὔτε
2630 3403 2726 3455 τοῦ
2778 3401 2970 3464 ὓδατος
3009 3401 3207 3454 ἐκεῖνοι
3259 3397 3360 3469 τὴν
3385 3397 3513 3467 ὄψιν
3560 3399 3678 3460 τοῖς

2086 3499 2384 3570 ὀφθαλμοῖς
2443 3495 2808 3566 ὑποφέρουσιν
2855 3492 2988 3563 (58),
3031 3491 3168 3546 ἀλλὰ
3225 3491 3500 3562 μεμυκόσι
3561 3491 3678 3552 τοῖς

2091 3587 2402 3660 βλεφάροις,
2432 3587 2482 3638 οἱ
2529 3583 2627 3654 μὲν
2661 3581 2925 3652 ἐμπαθεῖς
2953 3580 3022 3633 τὰ
3059 3580 3286 3652 δμματα
3325 3579 3425 3649 τῆς
3453 3581 3677 3643 ἀκτῖνος

2089 3679 2442 3751 χωρίζονται,
2492 3677 2542 3729 οἱ
2590 3675 2648 3727 δὲ
2707 3671 3124 3744 ὑδροφοϐοῦντες
3183 3672 3282 3743 τῆς
3331 3671 3428 3725 τοῦ
3481 3672 3679 3737 ὕδατος

2089 3768 2284 3836 ὂψεως.
2321 3765 2426 3817 Τὸν
2454 3764 2615 3817 αὑτὸν
2640 3761 2860 3834 τρόπον,
2892 3761 2984 3815 καί
3011 3763 3044 3832 ἡ
3067 3763 3176 3813 τῶν
3214 3761 3481 3814 Ἰουδαίων
3504 3762 3680 3818 κακία

2089 3858 2176 3912 διὰ
2213 3857 2274 3910 τὸ
2310 3856 2420 3926 (59)
2453 3855 2527 3926 μὴ
2561 3853 2735 3906 θέλειν
2768 3852 3046 3924 ὁμολογεῖν
3075 3851 3175 3923 τὴν
3202 3851 3367 3917 δόξαν
3403 3852 3500 3906 τοῦ
3528 3852 3678 3906 θείου

2091 3949 2464 4022 κηρύγματος,
2511 3944 2886 4016 ἀπαρὰδεκτον
2919 3948 3061 3997 ποιεῖ
3081 3945 3168 3999 διὰ
3207 3945 3305 4016 τῇς
3338 3945 3552 4014 πιωπῆς
3574 3946 3682 4016 τὴν

2090 4039 2366 4110 ἀλήθειαν.
2399 4038 2615 4104 Ἔξεστι
2649 4037 2707 4090 δὲ
2739 4036 2834 4089 καὶ
2874 4035 2940 4088 δι’
2984 4035 3153 4104 αὐτῆς
3198 4036 3296 4106 τῆς
3337 4036 3450 4104 (60)
3489 4036 3681 4106 ψαλμ-

2091 4131 2251 4202 ῳδίας
2272 4127 2567 4197 ἐπιγνῶναι
2585 4127 2653 4182 τὰ
2677 4128 2776 4199 τῆς
2799 4129 3137 4198 προφητείας
3167 4129 3486 4197 αἰνίγματα.
3511 4129 3681 4196 Λέγει

2092 4225 2198 4295 γὰρ
2241 4225 2297 4276 ἐν
2335 4221 2412 4291 τῷ
2439 4220 2842 4292 ἑϐδομηκοστῷ.
2876 4222 2934 4272 ἐν
3050 4240 3068 4272 t
3111 4222 3246 4292 Περί
3280 4221 3390 4275 τῶν
3439 4221 3680 4292 πρώτων

406 4315 536 4371 lud:
569 4332 588 4366 ι
614 4313 776 4384 Eripe
803 4327 889 4367 me
923 4311 990 4366 de
1027 4326 1188 4364 manu
1230 4311 1560 4382 peccatoris,
1583 4311 1650 4366 de
1673 4326 1835 4365 manu
1859 4328 1979 4366 con-

2097 4311 2636 4384 αἰχμαλωτισθέντων
2668 4331 2684 4362 ι
2731 4312 2880 4367 ἐστὶν
2909 4315 2941 4382 ὴ
2975 4313 3273 4383 ἐπιγραφὴ,
3301 4314 3373 4377 ὡς
3404 4315 3468 4366 ἐκ
3503 4331 3680 4384 προσ-

399 4418 493 4464 ira
511 4407 691 4478 legem
707 4403 929 4475 agentis
949 4411 1002 4460 et
1025 4403 1223 4473 iniqui.
1248 4423 1267 4456 ι
1293 4402 1511 4470 Quibus
1533 4404 1716 4459 verbis
1745 4404 1994 4476 designat

399 4501 587 4564 illum,
628 4500 720 4570 qui
752 4498 920 4552 vitam
946 4505 1197 4552 nostram
1231 4497 1286 4551 in
1326 4497 1701 4567 captivitatem
1767 4491 1991 4560 redegit.

410 4590 477 4645 Et
508 4590 868 4662 sequentibus
905 4589 1111 4653 verbis,
1160 4597 1284 4659 post
1329 4590 1533 4646 multas
1563 4588 1630 4644 ad
1656 4589 1993 4644 consolatio-

410 4698 536 4739 nem
584 4681 1025 4737 accommodatas
1079 4696 1270 4744 voces,
1307 4682 1540 4736 reditum
1580 4696 1647 4736 ex
1683 4680 1997 4751 captivitate

409 4774 695 4841 describit,
711 4788 834 4826 cum
857 4772 968 4825 ait:
995 4791 1013 4822 ι
1033 4770 1287 4837 Quantas
1305 4770 1745 4826 ostendisti'mihi
1768 4771 1991 4825 tribula-

409 4863 611 4924 tiones,
633 4862 837 4916 muitas
854 4868 908 4916 et
932 4861 1127 4923 malas,
1150 4867 1205 4915 et
1223 4875 1524 4916 conversus
1551 4860 1842 4914 viviﬁcasti
1871 4877 1955 4915 me
1972 4903 1988 4927 ,

411 4962 468 5010 et
483 4955 550 5008 de
567 4954 782 5024 abyssis
805 4960 964 5007 terrae
981 4952 1177 5006 iterum
1198 4951 1461 5006 reduxisti
1488 4967 1593 5016 me,
1613 4952 1990 5021 multiplicasti

416 5045 881 5116 magniﬁcentiam
915 5051 1064 5096 tuam
1096 5057 1260 5112 super
1291 5058 1396 5108 me,
1434 5052 1483 5098 et
1520 5059 1820 5099 conversus
1852 5061 1985 5099 con-

417 5136 623 5190 solatus
642 5148 702 5189 es
720 5148 825 5189 me.
847 5152 864 5185 ι
879 5134 1094 5190 Clarius
1116 5148 1245 5189 vero
1264 5150 1335 5190 ex
1361 5135 1538 5206 magni
1565 5135 1713 5190 Pauli
1744 5135 1991 5191 doctrina

488 5331 602 5399 (5'2)
639 5331 759 5386 Ὅτι
785 5348 894 5386 om.
921 5333 1009 5387 ed.

515 5404 601 5470 53)
637 5403 747 5455 Καί
783 5403 904 5457 add.
937 5405 1025 5458 ed.

632 5471 1191 5544 Ἀνανεῶσαιῳιίιιαῐη
1227 5472 1382 5529 codd.

515 5542 605 5610 55)
645 5543 820 5596 Ἔστιν
844 5543 969 5596 add.
991 5542 1084 5599 ed.

571 5614 604 5683 ἴ)
640 5613 702 5666 Οἱ
735 5628 844 5668 om.
870 5614 958 5670 ed.

2093 4404 2242 4457 ὡπου
2284 4403 2377 4457 τοῦ
2426 4402 2770 4473 αἰχμαλώτου
2807 4405 2835 4456 ὁ
2881 4404 3056 4472 λόγος,
3101 4405 3236 4458 ἄλλα
3280 4406 3341 4459 τέ
3386 4423 3507 4459 τινα
3537 4407 3680 4479 πρέ-

2095 4514 2264 4550 ποντα
2290 4498 2353 4566 τῇ
2375 4494 2466 4550 τοῦ
2493 4494 2666 4547 ἱκέτου
2698 4497 2867 4564 φωνῇ,
2891 4497 2985 4548 καὶ
3005 4496 3085 4549 ὅτι
3118 4516 3136 4547 ι
3158 4497 3348 4552 Ῥῦσαί
3373 4515 3442 4568 με
3466 4499 3533 4552 ἐκ
3565 4517 3685 4570 χει-

2099 4590 2185 4660 ρὸς
2201 4586 2544 4658 ἁμαρτωλοῦ,
2573 4588 2637 4639 ἐκ
2659 4587 2838 4658 χειρὸς
2853 4587 3291 4658 παρανομοῦντος
3311 4589 3404 4642 καὶ
3425 4589 3683 4643 ἀδικοῦν-

2093 4698 2203 4744 τος·
2229 4700 2249 4734 ι
2278 4678 2487 4741 τούτοις
2507 4681 2620 4742 τοῖς
2643 4678 2869 4748 ὀνόμασι
2892 4679 2982 4732 τὸν
3009 4680 3490 4751 αἰχμαλωτίσαντα
3517 4683 3683 4754 ἡμῶν

2095 4773 2192 4844 τὴν
2231 4770 2375 4841 ζωὴν
2404 4769 2810 4839 ἐνδεικνύμενος
2836 4769 2969 4840 (61).
2995 4772 3104 4823 Καὶ
3132 4773 3189 4824 ἐν
3221 4775 3334 4836 τοῖς
3364 4773 3683 4837 ὑπολοίποις

2099 4866 2235 4937 μετὰ
2266 4863 2464 4927 πολλὰς
2492 4864 2590 4926 τὰς
2624 4862 3036 4934 παρακλητικὰς
3081 4865 3295 4928 ἐκείνας
3325 4865 3530 4934 φωνὰς,
3579 4867 3683 4939 τὴν

2095 4961 2159 5011 ἐκ
2186 4958 2283 5028 τῆς
2316 4954 2685 5026 αἰχμαλωσίας
2711 4954 3006 5024 γενομένην
3045 4955 3302 5009 ἐπάνοδον
3323 4956 3683 5027 διασημαίνει

2093 5049 2170 5120 τῷ
2196 5049 2363 5118 λόγῳ·
2397 5041 2548 5116 ἐνρῖς
2569 5063 2751 5115 φησιν,
2783 5047 2862 5099 ὅτι
2892 5049 3091 5112 «Ὅσας
3109 5049 3312 5114 ἐδειξάς
3348 5068 3439 5121 μοι
3469 5051 3682 5121 θλίψεις

2100 5138 2299 5200 πολλὰς
2360 5136 2453 5188 καὶ
2511 5135 2707 5196 κακὰς.
2765 5135 2858 5187 καὶ
2918 5136 3246 5206 ἐπιστρέψας
3300 5136 3680 5210 ἐζωοποίησὰς

2175 5336 2288 5406 (57)
2323 5328 2479 5389 Οὗτοι
2504 5353 2613 5392 om.
2648 5337 2735 5391 ed.

2173 5407 2288 5476 (58)
2322 5407 2725 5478 r'frttouévoucw
2750 5409 2972 5478 quidam
2991 5409 3151 5466 codd.

2195 5478 2284 5541 59)
2315 5477 2444 5541 Τοῦ,
2473 5480 2561 5532 ed.

2195 5546 2286 5616 60)
2315 5548 2428 5616 Τῆς
2459 5563 2571 5602 om.
2601 5546 2690 5602 ed.

2175 5619 2286 5690 (61)
2311 5617 2776 5689 Ἐκδεικνύμενος,
2811 5617 2907 5676 ed.
