3838 6224
458 217 563 272 59.3

1688 212 1745 267 S.
1776 209 2102 267 GREGORII
2141 208 2433 264 NYSSENI

3621 214 3711 269 5⁵31

458 335 625 392 tendo
647 333 1009 397 habitationis
1026 343 1228 389 nostra:
1249 348 1582 399 eversorem,
1607 349 1803 388 rursus
1821 333 1872 387 id
1891 332 2036 402 quod

2156 329 2201 382 εδ
2251 329 2365 399 (69)
2417 330 2720 384 καταλῦσαι
2765 331 2855 385 τὸν
2914 332 3242 404 καθαιρέτην
3299 332 3397 403 τῆς
3449 331 3714 402 ἡμετέρας

459 429 579 485 solo
605 435 881 498 aequatum
911 436 1052 493 eral,
1075 444 1143 483 ex
1176 426 1547 482 fundamentis
1580 425 1853 482 restituit?
1877 427 2040 477 Ever-

457 535 551 576 sor
572 528 755 574 autem
782 526 973 574 noster
1003 534 1156 575 mors
1194 525 1334 583 erat,
1367 534 1530 588 quam
1565 524 1697 572 tunc
1730 516 2037 577 evacuavit,

457 608 680 679 quando
721 606 885 663 nobis
932 607 1153 677 quidem
1201 606 1548 677 requiescere
1573 647 1588 670 ,
1638 613 1692 658 et
1738 603 2038 659 Sabhatum

460 712 624 769 agere
653 697 964 763 videbatur,
997 711 1227 751 manens
1254 696 1309 750 in
1340 710 1450 766 quo
1493 703 1613 749 erat
1645 695 1805 756 loco.
1837 694 2039 748 immo-

460 789 609 845 bilis.
638 786 832 844 Mortis
853 802 984 843 vero
1005 787 1303 858 potentiam
1335 786 1650 851 debellavit,
1684 785 1868 856 seipso
1893 785 2038 840 viam

462 886 718 935 sternens
756 879 1015 934 omnibus
1061 879 1298 932 mortuis
1348 876 1416 931 ad
1471 877 1927 932 resurrectionem
1972 891 2041 929 ex

461 980 657 1028 morte.
684 971 792 1026 Sed
818 986 929 1025 non
955 971 1151 1040 recipit
1174 969 1397 1025 Sabbati
1422 969 1749 1040 mysterium
1775 967 2038 1023 inimicus

463 1065 650 1121 erucis
696 1064 926 1120 Christi.
967 1061 1314 1133 Quapropter
1359 1070 1417 1115 et
1455 1061 1569 1115 haec
1609 1060 1851 1115 laudatio
1895 1059 2040 1130 apud

461 1158 614 1228 Ipsos
646 1157 1007 1227 inscriptione
1036 1163 1218 1220 caret;
1245 1168 1354 1208 non
1379 1155 1525 1207 enim
1556 1153 1865 1208 concedunt
1895 1152 2042 1207 hunc

460 1257 587 1304 csse
621 1247 935 1308 Dominum,
969 1244 1060 1314 qui
1091 1259 1215 1299 cum
1243 1244 1480 1313 seipsum
1516 1242 1673 1298 nobis
1705 1240 2044 1297 conformas-

462 1349 579 1405 Set,
614 1347 973 1409 nostramque
1017 1336 1394 1392 confusionem
1450 1335 1503 1388 in
1541 1334 1714 1388 forma
1755 1334 1899 1389 servi
1952 1334 2041 1387 iu—

464 1431 708 1497 duisset,
740 1446 936 1486 rursus
963 1428 1231 1500 regnavit,
1265 1436 1319 1482 et
1353 1427 1632 1498 proprium
1658 1425 1912 1480 decorem
1951 1426 2040 1478 in-

464 1523 604 1585 duit,
636 1531 690 1577 et
720 1521 1020 1592 potentiam
1069 1519 1174 1573 sibi
1208 1516 1591 1572 circumdedit.
1632 1515 1881 1571 Potentia
1911 1530 2043 1569 vero

464 1621 521 1671 et
547 1614 711 1669 decor
754 1604 913 1676 Filii,
946 1610 1108 1665 Pater
1143 1620 1248 1665 est.
1302 1607 1401 1663 Hic
1452 1608 1775 1664 dissolutam
1820 1617 2045 1678 peccato

2141 423 2425 492 οἰκήσεως,
2454 421 2616 474 πάλιν
2637 423 2698 475 τδ
2727 423 3025 494 ἐρειπωθέν
3062 423 3125 488 ἐξ
3160 423 3412 493 ὑπαρχῆς
3438 421 3711 492 ᾠκοδόμη-

2144 530 2237 566 σεν
2276 534 2292 583 ;
2326 514 2458 569 Ὁδὲ
2482 514 2815 587 καθαιρὲτης
2851 514 3009 587 ἡμῶν
3035 516 3066 567 6
3116 515 3345 578 θάνατος
3371 510 3462 585 ἦν.
3495 514 3561 566 δν
3607 514 3715 567 τότε
3814 510 3815 577 ξ

2145 607 2515 677 κατήρτησεν,
2561 608 2650 659 ὅτε
2689 608 2827 677 ἡμῖν
2856 608 2953 677 μὲν
2984 606 3331 671 σαϐϐατίζειν
3364 604 3481 676 (70)
3532 605 3715 667 ἐδόκει,

2146 697 2323 767 μένων
2354 699 2416 751 ἐν
2449 691 2494 766 ᾧ
2531 694 2599 767 ἧν
2628 698 2780 768 τόπῳ
2821 699 3095 769 ἀκίνητος.
3132 699 3243 768 Τὴν
3275 698 3332 750 δὲ
3363 695 3460 750 τοῦ
3496 696 3726 751 θανάτοιν
3814 712 3815 769 γ

2143 787 2550 857 κατηγωνίζετο
2583 788 2836 855 δύναμιν,
2867 788 3123 841 ὁδοποιῶν
3163 788 3231 841 δι’
3268 787 3462 841 ἑαυτοῦ
3498 790 3618 850 τοῖς
3646 800 3727 840 τε·
3814 787 3815 857 ξ

2145 877 2342 932 θνεῶσι
2390 880 2525 932 πᾶσι
2570 879 2669 950 τὴν
2702 883 2767 932 ὲκ
2796 879 2891 932 τοῦ
2942 879 3175 933 θανάτου
3217 880 3541 933 ἀνάστασιν.
3596 877 3729 931 Ἀλλ’

2143 970 2206 1022 οὐ
2236 969 2454 1040 δέχεται
2483 970 2547 1023 τὸ
2574 971 2667 1024 τοῦ
2702 971 2982 1026 Σαϐϐάτω
3016 972 3313 1043 μυστήριον
3342 973 3373 1025 6
3414 970 3617 1042 ἐχθρὸς
3638 966 3735 1023 τοῦ

2145 1062 2383 1132 σταυροῦ
2415 1062 2514 1115 τοῦ
2545 1063 2803 1132 Χριστοῦ.
2853 1066 2946 1117 Διὸ
2994 1065 3087 1116 καὶ
3128 1057 3283 1127 οὗτός
3326 1065 3476 1117 ἐστιν
3503 1065 3536 1116 6
3587 1059 3739 1126 αἶνος

2143 1157 2277 1224 παρ’
2333 1156 2517 1218 αὐτοῖς
2562 1156 2957 1226 ἀνεπίγραφος.
3009 1156 3086 1210 Οὐ
3140 1157 3249 1228 γὰρ
3300 1156 3615 1209 συντίθεται
3651 1156 3735 1208 ὅτι

2143 1239 2298 1309 οὗτός
2332 1249 2481 1300 ἐστιν
2512 1250 2541 1301 ὁ
2578 1248 2803 1319 Κύριος.
2828 1247 2857 1299 δ
2882 1248 2994 1314 (7i)
3022 1247 3150 1301 καθ’
3174 1250 3324 1318 ἡμᾶς
3363 1248 3566 1302 ἑαυτδν
3603 1265 3736 1317 σκη-

2147 1335 2402 1405 ματίσας,
2444 1338 2541 1390 καὶ
2579 1339 2678 1407 τὴν
2719 1339 2994 1410 ἡμετέραν
3025 1339 3284 1410 αἰσχύνην
3328 1338 3741 1410 περιδαλλόμεε-

2145 1444 2232 1490 νος
2266 1427 2379 1498 (7‘2)
2410 1429 2468 1480 ἐν
2493 1432 2559 1500 τῇ
2594 1429 2689 1481 τοῦ
2729 1429 2917 1482 δούλου
2951 1433 3153 1501 μορφῇ,
3191 1431 3363 1483 πάλιν
3383 1429 3735 1492 ἐϐασίλευσε,

2145 1519 2239 1571 καὶ
2263 1521 2362 1588 τὴν
2393 1520 2531 1572 ἰδίαν
2558 1520 2893 1592 εὐπρέπειαν
2932 1521 3235 1583 ἐνεδύσατο,
3276 1523 3368 1575 καὶ
3395 1522 3497 1591 τὴν
3539 1522 3736 1574 ἑαυτοῦ

2146 1609 2505 1681 περιεϐάλετο
2528 1609 2778 1681 δύναμιν.
2820 1612 3058 1682 Δύναμις
3089 1611 3145 1665 δὲ
3172 1613 3267 1665 καὶ
3294 1611 3605 1680 εὐπρέπεια
3643 1598 3740 1665 τοὸ

465 1711 717 1759 ποιητοῖο
741 1703 939 1757 iterum
962 1699 1362 1760 corroboravit,
1389 1708 1447 1753 ut
1475 1715 1545 1754 ne
1568 1699 1804 1769 amplius
1827 1698 1895 1753 ad
1920 1714 2042 1768 pec-

2156 1700 2279 1753 Υἱοῦ
2311 1702 2339 1753 6
2370 1702 2578 1771 Πατήρ.
2611 1695 2782 1765 Οὗτος
2811 1701 3067 1755 λυθεῖσαν
3094 1702 3163 1755 δι’
3198 1702 3473 1772 ἁμαρτίας
3500 1701 3609 1770 τὴν
3639 1704 3737 1754 ἀν-

468 1803 649 1852 ealum
685 1793 1035 1849 delaberetur
1058 1832 1073 1858 ,
1109 1806 1289 1860 neque
1332 1790 1591 1860 procellis
1632 1789 1780 1852 illis,
1829 1804 1949 1860 qua
1984 1791 2042 1844 in

466 1892 695 1957 peccato
713 1885 1008 1951 exsistunt,
1040 1882 1375 1954 agitaretur;
1407 1880 1685 1952 multaque
1712 1881 1817 1936 alia
1845 1881 2046 1936 divinae

468 1980 657 2051 gratiae
690 1978 989 2043 beneficia,
1032 1985 1155 2031 eum
1194 1990 1292 2046 per
1333 1975 1623 2045 aenigmata
1658 1973 2040 2041 decantasset,

466 2073 665 2129 ﬂuvios
692 2072 958 2143 quosdam
988 2069 1146 2125 valde
1174 2078 1434 2124 sonantes
1470 2066 1681 2121 inducit
1706 2109 1720 2132 ,
1752 2065 2041 2136 Evangeli-

467 2180 584 2229 cas,
616 2172 676 2219 ut
708 2162 967 2227 arbitror,
1004 2176 1166 2216 voces
1188 2159 1505 2228 designans.
1539 2155 1605 2210 Et
1636 2156 1766 2225 quid
1792 2170 1930 2225 opus
1958 2164 2044 2212 est

469 2254 705 2325 singula,
739 2264 861 2323 quae
895 2252 949 2304 in
981 2248 1282 2319 psalmodia
1308 2248 1517 2317 scripta
1549 2253 1713 2310 sunt,
1747 2246 2040 2315 persequi;

468 2363 593 2402 cum
616 2346 763 2401 nulla
798 2346 870 2402 sit
903 2345 957 2398 in
999 2342 1202 2398 divinis
1231 2341 1397 2395 dictis
1431 2339 1730 2405 dubitatio,
1768 2340 1899 2411 quin
1928 2347 2043 2394 tota

469 2438 561 2491 itla
608 2435 905 2506 bymnodia
939 2435 994 2488 in
1036 2434 1189 2488 illum
1229 2438 1501 2499 competat
1525 2469 1539 2490 .
1575 2430 1668 2499 qui
1704 2428 1956 2484 ascendit
1990 2428 2048 2483 in

464 2527 814 2597 jubilatione,
837 2525 931 2595 qui
959 2523 1274 2578 testimonia
1302 2534 1403 2576 sua
1437 2518 1680 2589 legitima
1701 2518 2050 2573 confessione

471 2617 654 2672 firmat
679 2655 695 2681 ,
733 2616 829 2687 qui
871 2613 1307 2671 sanctiﬁcatione
1346 2609 1571 2679 spiritus
1617 2609 1895 2680 propriam
1946 2608 2048 2664 Ec-

468 2709 653 2765 clesiae
694 2707 916 2762 domum
960 2703 1222 2773 insignire
1255 2700 1584 2756 constituit?

2149 1790 2429 1863 θρωπίνην
2458 1791 2572 1862 (75)
2603 1792 2787 1861 φύσιν,
2835 1792 2998 1846 πάλιν
3032 1792 3270 1865 στερρὰν
3314 1792 3734 1864 ἀπειργάσατο·

2148 1884 2224 1948 ὡς
2256 1884 2452 1955 μηκέτι
2485 1885 2655 1954 αὐτὴν
2689 1884 2827 1954 πρὸς
2869 1885 3068 1939 κακίαν
3095 1884 3440 1955 ἀπωσθῆναι,
3474 1884 3619 1955 μηδὲ
3644 1884 3746 1937 τὸν

2148 1975 2208 2027 ὲν
2247 1975 2492 2046 ἁμαρτίᾳ
2546 1975 2800 2042 δέξασθαι
2847 1975 2960 2046 (74)
3002 1976 3184 2031 σάλον.
3238 1976 3355 2030 Καὶ
3401 1976 3580 2029 πολλὰ
3620 1974 3739 2045 (75)

2150 2067 2285 2122 ἄλλα
2325 2068 2393 2121 δι’
2418 2067 2758 2138 αἰνιγμάτων
2789 2068 3181 2140 ἀνευφημήσας
3211 2069 3311 2140 τὴν
3346 2068 3533 2139 χάριν,
3570 2085 3741 2121 ποτα-
3814 2067 3815 2127 ἶ

2152 2160 2286 2231 μούς
2329 2176 2486 2224 τινας
2527 2161 2739 2231 μεγάλα
2781 2160 3045 2230 ὴχοῦντας
3066 2160 3146 2232 τῷ
3192 2161 3338 2231 λόγῳ
3380 2161 3735 2232 προστίθησι,

2146 2250 2245 2315 τὰς
2274 2250 2384 2321 (76)
2443 2250 2552 2305 τῶν
2584 2251 2954 2320 Εὑαγγελίων,
2984 2253 3061 2316 ὡς
3101 2248 3276 2323 οἶμαι,
3307 2252 3482 2319 λέγων
3527 2253 3735 2321 φωνάς.

2148 2343 2260 2395 Καὶ
2287 2342 2460 2414 τίχρὴ
2476 2342 2545 2395 τὰ
2573 2343 2693 2396 καθ’
2711 2343 2940 2396 ἕκαστον
2966 2342 3215 2407 διεξιέναι
3241 2342 3350 2395 τῶν
3374 2345 3434 2396 ἐν
3466 2346 3534 2413 τῇ
3562 2344 3741 2413 ψαλμδ

2146 2434 2280 2505 ῳδίᾳ
2317 2434 2754 2505 γεγραμμένων,
2797 2435 3055 2505 οὐδεμιᾶς
3100 2434 3268 2504 οὔσης
3314 2437 3373 2489 ὲν
3414 2438 3531 2499 τοῖς
3574 2437 3737 2499 θείοις

2150 2526 2333 2595 ῥητοῖς
2360 2522 2690 2594 ἀμφιϐολίας
2733 2523 2830 2578 τοῦ
2864 2526 2945 2588 εἰς
2975 2525 3182 2577 ἐκεῖνον
3206 2524 3424 2594 βλέπειν
3470 2526 3572 2597 τὴν
3607 2527 3738 2596 ὑμνο

2147 2616 2333 2687 ῳδίαν,
2361 2615 2454 2668 τὸν
2480 2616 2757 2669 ἀναϐάντα
2780 2615 2913 2671 Θεὸν
2942 2618 2999 2668 ὲν
3020 2617 3343 2687 ἀλαλαγμῷ.
3369 2619 3467 2671 καὶ
3489 2619 3562 2671 τὰ
3597 2637 3739 2689 pap-

2146 2705 2307 2776 τύρια
2332 2705 2498 2759 αὐτοῦ
2527 2705 2614 2759 διὰ
2658 2708 2758 2777 τῆς
2787 2707 3000 2777 ἀγαθῆς
3026 2708 3319 2779 ὁμολογίας
3359 2709 3737 2771 πιστώσαντο,

470 2800 566 2854 καὶ
587 2799 648 2854 τὸ
666 2799 912 2869 ἁγίασμα
936 2794 1030 2851 τοῦ
1061 2794 1369 2864 πνεύματος
1389 2794 1469 2863 τῷ
1493 2792 1607 2863 ἰδίῳ
1628 2791 1762 2862 οἴκῳ
1789 2785 1888 2863 τῆς
1930 2788 2254 2866 Ἐκκλησίας
2287 2798 2570 2870 ἐμπρέψαι
2599 2801 3128 2871 παρασκευάσαντα;

546 2973 811 3033 Similiter
836 2974 1174 3044 nonagesimi
1196 2971 1342 3026 tertii
1365 2970 1777 3041 inscriptionem
1807 2970 2050 3025 eamdem

473 3071 545 3125 ob
569 3083 792 3125 causam
819 3065 1042 3121 Iudaeus
1069 3080 1178 3120 non
1212 3065 1425 3133 recipit,
1451 3078 1573 3133 qua:
1600 3062 1686 3116 his
1709 3062 1890 3115 verbis
1916 3076 2051 3115 con-

2240 2978 2513 3043 Ὡσαύτως
2544 2979 2771 3034 καὶτοῦ·
2809 2981 2996 3052 τρίτου
3045 2981 3183 3052 μετὰ
3222 2983 3313 3037 τὸν
3357 2985 3743 3055 ἐννενηκοστίν

2156 3070 2244 3125 διὰ
2274 3071 2374 3140 τὴν
2410 3071 2581 3144 αὐτὴν
2618 3072 2795 3127 αἰτίαν
2825 3075 2855 3127 6
2899 3074 3148 3145 Ἐϐραῖος
3184 3075 3284 3146 τὴν
3312 3077 3636 3148 ἐπιγραφὴν
3677 3080 3741 3131 οὗ

474 3168 633 3233 cepta
661 3169 766 3225 est,
807 3178 829 3210 ι
855 3157 1042 3213 Davidi
1072 3163 1273 3226 quarta
1296 3128 1519 3209 sabbati
1550 3155 1667 3209 sine
1696 3152 2045 3224 inscriptione

2156 3128 2553 3231 παραδέχεταιί
2587 3162 2700 3233 ἔχει
2735 3163 2795 3217 δὲ
2821 3166 2854 3233 ἡ
2884 3128 3028 3228 λέξις
3053 3128 3153 3234 τῆς

476 3252 622 3324 apud
655 3250 932 3307 Hebraeos.
975 3266 998 3302 ι

550 3477 821 3533 Caeterum
866 3474 1211 3546 mysterium,
1256 3466 1406 3542 quod
1439 3465 1493 3526 in
1541 3472 1644 3526 hoc
1676 3471 1888 3542 psalmo
1916 3486 2052 3525 con-

480 3570 711 3632 tinetur,
744 3565 1104 3622 ceconomiam
1151 3563 1424 3634 passionis
1455 3563 1711 3634 explicat.
1742 3562 1878 3616 Cum
1906 3563 2049 3616 enim

492 3659 759 3715 Dominus
794 3650 986 3726 quinta
1032 3647 1256 3708 Sabhati
1299 3668 1329 3706 a
1373 3644 1513 3707 Iuda
1559 3651 1809 3723 proditus
1862 3651 1953 3714 sit,
1996 3651 2051 3704 in

479 3767 567 3815 ea,
607 3766 730 3821 quae
769 3749 910 3803 hanc
960 3747 1103 3801 diem
1155 3744 1447 3808 antecedit,
1478 3744 1526 3796 is
1555 3743 1650 3814 qui
1686 3751 1858 3796 totum
1890 3757 2052 3796 mun-

479 3841 608 3895 dum
670 3840 851 3909 seipso
898 3832 1173 3898 redemit,
1231 3849 1262 3887 a
1306 3834 1584 3904 proditore
1647 3830 2053 3902 quodammodo

477 3932 731 3989 venditus
777 3939 912 3994 est;
976 3931 1057 3983 sic
1100 3930 1244 3983 enim
1299 3933 1355 3981 et
1421 3941 1450 3979 a
1510 3924 1774 3994 propheta
1816 3920 2050 3976 Ieremia

366 4060 388 4085 ρ
480 4024 682 4079 factum
726 4024 829 4076 hoc
859 4023 1197 4082 nmuinatur,
1231 4028 1357 4071 cum
1402 4007 1478 4069 ait
1514 4034 1526 4069 :
1566 4033 1584 4066 ι
1618 4008 1685 4067 Et
1719 4021 2053 4084 acceperunt

477 4114 702 4183 triginta
726 4120 1013 4181 argenteos
1038 4111 1270 4180 pretium
1302 4106 1591 4176 apprctiati
1616 4106 1684 4158 ".
1712 4124 1729 4155 ι
1764 4103 1839 4158 Eo
1869 4111 2051 4158 autem

480 4205 740 4265 consilio,
778 4213 837 4259 ut
871 4203 1003 4257 mihi
1055 4200 1378 4271 persuadeo,
1421 4198 1691 4257 venditur,
1729 4205 1789 4251 ut
1819 4211 1919 4252 nos
1948 4195 2052 4251 sub

480 4304 704 4365 peccato
733 4295 1001 4357 venditos,
1026 4309 1124 4348 sua
1157 4292 1466 4347 venditione
1491 4297 1657 4343 cluat.
1686 4286 2050 4361 Quamobrem

478 4387 786 4458 prtevidens
842 4386 1133 4455 Propheta,
1188 4383 1240 4437 id
1279 4382 1424 4452 quod
1482 4377 1727 4434 futurum
1774 4388 1915 4443 erat,
1969 4378 2050 4430 ira

2159 3271 2180 3305 ι
2218 3252 2309 3325 Τῷ
2340 3252 2524 3318 Δαυῒδ,
2562 3254 2781 3327 τετράδι
2829 3255 3142 3324 Σαϐϐἀτων,
3185 3257 3563 3330 ἀνεπίγραφος
3612 3262 3742 3330 παρ’

2165 3346 2460 3416 Ἑϐραίοις.
2498 3366 2517 3398 ι

2223 3481 2296 3533 Τὸ
2324 3481 2381 3534 δὲ
2414 3483 2474 3537 ἐν
2517 3478 2691 3555 τούτῳ
2725 3486 3042 3557 μυστήριον.
3074 3488 3173 3559 τὴν
3204 3488 3333 3560 περὶ
3365 3488 3428 3543 τὸ
3466 3489 3647 3554 πάθος
3669 3492 3747 3543 oi:-

2153 3573 2412 3642 κονομίαν
2445 3575 2827 3647 προαγορεύει.
2864 3577 2941 3648 Τῇ
2974 3578 3084 3649 γὰρ
3114 3578 3337 3650 πέμπτῃ
3385 3578 3482 3633 τοῦ
3524 3581 3747 3635 Σαϐϐἁο

2152 3678 2246 3714 του
2266 3662 2369 3731 τῆς
2392 3656 2683 3735 προδοσίας
2706 3667 2857 3737 παρὰ
2878 3667 2969 3721 τοῦ
3000 3668 3168 3723 ’ἰούδα
3186 3669 3346 3739 [(76⁸)
3363 3687 3564 3742 γεγενη
3575 3673 3748 3741 μέν-ξς

2152 3752 2212 3805 ἐν
2258 3755 2326 3824 τῇ
2374 3749 2481 3825 πρδ
2525 3755 2730 3826 ταύτης
2762 3748 2943 3828 ἡμέρᾳ
2981 3760 3010 3812 6
3053 3761 3231 3814 πάντα
3276 3761 3371 3815 τὸν
3411 3764 3628 3833 κόσμον
3679 3765 3748 3817 δέ’

2155 3839 2374 3914 ἑαυτοῦ]
2411 3842 2794 3915 λυτρούμενος,
2826 3836 2929 3898 ὑπὸ
2968 3846 3061 3900 τοῦ
3096 3849 3354 3918 προδότου
3387 3852 3597 3922 τρόπον
3626 3856 3750 3907 τινὰ

2153 3932 2442 3987 πωλεῖταιο
2471 3933 2615 3988 οὕτω
2658 3937 2892 4008 γὰρκαὶ
2939 3939 3090 4008 παρὰ
3125 3941 3227 4012 τῆς
3264 3945 3613 4014 προφητείας
3652 3948 3755 4000 Ἱε-

2156 4021 2347 4093 ρεμίου
2404 4023 2467 4077 τὸ
2520 4026 2741 4094 γεγονὸς
2792 4024 3156 4099 ὀνομάζεται·
3195 4051 3213 4082 ι
3264 4034 3374 4087 Καὶ
3425 4036 3629 4091 ἔλαϐον
3682 4042 3754 4091 τὰ

2152 4112 2446 4183 τριάκοντα
2473 4116 2708 4190 ἀργύρια
2742 4118 2842 4190 τὴν
2864 4123 3026 4193 τιμὴν
3051 4123 3146 4176 τοῦ
3168 4129 3566 4196 τετιμημένου.
3600 4150 3621 4182 ι
3651 4132 3754 4185 Δια

2151 4204 2314 4258 τοῦτο
2342 4206 2422 4269 δὲ,
2448 4203 2629 4278 οἶμαι,
2647 4211 2924 4276 πωλεῖται,
2957 4213 3045 4267 ἵνα
3072 4217 3136 4285 τῇ
3172 4216 3365 4270 ἑαυτοῦ
3387 4219 3597 4288 πράσει
3622 4224 3752 4284 τοὺς

2154 4293 2260 4346 ύπδ
2304 4295 2404 4366 τῆς
2446 4299 2721 4372 ἁμαρτίας
2768 4305 3155 4375 πεπραμένους
3194 4306 3529 4382 ἐξαγοράσῃ.
3583 4313 3755 4366 Ὅθεν

2155 4387 2387 4459 προϊδὼν
2418 4390 2446 4442 ὁ
2474 4384 2758 4465 Προφήτης
2795 4395 2855 4449 τδ
2885 4396 3161 4468 ἐσόμενον,
3193 4399 3351 4470 θυμῷ
3381 4419 3491 4455 τινι
3522 4407 3670 4474 πρὸς
3693 4402 3757 4458 τὸ

480 4479 715 4548 quadam
749 4479 804 4532 in
837 4477 1050 4533 facinus
1080 4475 1212 4530 illud
1243 4474 1574 4536 concitatur,
1621 4462 1790 4525 Detmt
1828 4470 2045 4525 ultionis

2156 4480 2442 4551 γενόμενον
2488 4462 2851 4555 διεγείρει-ται,
2896 4462 3025 4543 Θεδν
3067 4462 3396 4561 ἐκδικήσεων
3433 4462 3755 4565 (ιηἀἑτδν

479 4571 632 4624 illum
678 4571 949 4635 vocitans,
1006 4576 1061 4621 et
1110 4580 1168 4621 ut
1210 4566 1503 4625 exaltetur,
1554 4563 1648 4633 qui
1699 4570 1918 4632 propter
1952 4574 2053 4614 nos

480 4662 807 4716 humiliatus
840 4670 947 4723 est,
1001 4671 1381 4721 commoneas,
1413 4670 1525 4724 quo
1566 4653 1758 4709 reddat
1799 4651 2053 4721 superbis

454 4754 696 4822 'dignatn
746 4752 1181 4811 retributionem,
1213 4763 1281 4802 ne
1317 4748 1373 4800 in
1423 4761 1523 4799 sua
1574 4743 1783 4798 malitia
1813 4743 2053 4813 glorien-

476 4857 566 4899 tur
599 4852 921 4913 peccatores
964 4863 977 4896 :
1016 4842 1083 4895 ad
1133 4856 1274 4910 quos
1319 4839 1540 4897 clamat,
1581 4837 1778 4891 stultos
1823 4844 1876 4887 ct
1922 4835 2056 4890 insi-

477 4937 688 4993 pientes
727 4936 849 4989 illos
896 4935 1218 5004 appellans,
1274 4933 1368 5002 qui
1427 4932 1577 5000 ejus,
1624 4927 1720 4997 qui
1767 4927 2053 4998 apparuit,

548 5104 594 5135 "
639 5103 832 5158 Matth.
862 5121 1032 5167 xxv",
1065 5106 1125 5161 9.

550 5265 662 5334 (69)
695 5266 827 5326 Τοῦ,
852 5264 916 5319 ed
927 5308 940 5321 .
1128 5305 1134 5313 .

548 5334 662 5406 (70)
691 5335 1046 5406 Σωματίζειν,
1065 5334 1152 5389 ed.

548 5406 661 5469 (71)
695 5408 812 5470 Ὃς,
841 5406 927 5460 ed.

548 5476 659 5544 (72)
695 5476 1148 5548 Περιϐαλόμενος,
1189 5474 1278 5530 ed.

549 5548 662 5618 (773)
691 5544 1067 5618 ’Δνθρωπίνην
1094 5561 1203 5601 om.
1237 5544 1333 5601 ed.

550 5617 665 5689 (7d)
680 5615 967 5689 Δέχεσθαι,
995 5615 1087 5672 ed.

2156 4571 2458 4641 ὀνομάζων,
2501 4576 2594 4629 καὶ
2629 4578 2909 4649 ὑψωθῆναι
2937 4580 3027 4633 τὸν
3052 4582 3118 4634 δι’
3147 4584 3292 4653 ἡμᾶς
3331 4589 3761 4643 ταπεινωθέντα

2158 4664 2508 4733 παρακαλῶν,
2525 4669 2817 4722 ἀποδοῦναι
2830 4666 2939 4734 τοῖς
2951 4673 3318 4743 ὑπερηφάνοις
3334 4677 3431 4747 τὴν
3449 4681 3580 4732 κατ’
3594 4682 3762 4745 ἀξίαν

2158 4751 2440 4818 ἀντίδοσιν,
2472 4756 2548 4820 ὡς
2579 4760 2645 4811 ἂν
2683 4759 2756 4831 μὴ
2787 4761 3163 4832 ἐπικαυχοῖντο
3186 4766 3297 4837 (78)
3332 4769 3383 4819 οί
3424 4770 3762 4841 ἁμαρτωίωῐ

2156 4845 2222 4934 τῇ
2254 4844 2437 4918 κακίᾳ.
2469 4844 2615 4919 Πρὸς
2641 4851 2734 4914 οὓς
2760 4851 2878 4923 βοᾷ,
2904 4854 3145 4925 ἄφρονας
3168 4857 3365 4921 αὐτοὺς
3391 4860 3492 4913 καὶ
3530 4866 3764 4934 parmis;

2158 4927 2457 5003 ὀνομάζων,
2478 4939 2602 5002 τοὺς
2637 4934 2721 5011 μή
2737 4944 3213 5016 παραδεξαμένους
3239 4948 3339 5018 τὴν
3366 4948 3463 5003 τοῦ
3488 4927 3769 5021 ἀρθέντος

2230 5266 2345 5337 (ἵει
2377 5268 2444 5321 Δὲ
2475 5269 2600 5324 add.
2637 5273 2727 5326 ed.
2846 5328 2853 5337 ,

2233 5336 2344 5399 (ἷῦι
2367 5338 2476 5391 ’l‘a't:
2505 5354 2622 5393 om.
2647 5341 2733 5396 ed.

2232 5406 2370 5471 (76')
2412 5407 2579 5462 chis
2614 5412 2833 5465 inclusa
2866 5430 2973 5469 non
3007 5416 3168 5473 habet
3200 5419 3291 5474 ed.

2232 5476 2344 5548 (ῖῖ)
2372 5479 2757 5548 Ἐκδικήσεως,
2781 5484 2869 5537 ed.

2235 5545 2345 5619 (.18)
2377 5548 2434 5600 Ἐ
2442 5545 2830 5621 πικαυχῶνται,
2855 5555 2947 5610 ed.
