3838 6224
185 235 282 298 5Ξῦ

1571 233 1636 294 lN
1677 193 2015 296 PstLttos.

3317 225 3426 286 ςισ

181 355 422 424 θεότητα.
444 343 598 406 δειδιον
617 351 724 423 γάρ
739 353 852 405 ἐστι
865 350 960 405 τοῦ
979 353 1231 422 ἄφρονος,
1246 351 1322 416 ὡς
1348 353 1574 426 ἑτέρωθί
1586 371 1740 426 φησι,

1856 352 2186 406 divinitatem
2227 349 2562 404 inﬁciantur.
2609 343 2741 402 Nam
2791 347 3101 420 insipientis
3141 349 3426 420 proprium

183 445 240 498 τὸ
261 444 346 498 τὸν
387 443 516 496 ὄντα
539 443 670 496 Θεὸν
703 443 780 514 μὴ
813 438 952 498 εἶναι
991 443 1188 513 λέγειν.
1347 445 1404 499 δὲ
1435 445 1572 515 πρὸς
1619 448 1745 512 τοὺς

179 537 462 600 τοιούτους,
491 536 572 590 ὅτι
593 555 610 586 ι
641 535 858 602 Σύνετε,
884 537 1116 608 ἄφρονες
1135 538 1195 592 ὲν
1219 538 1298 610 τῷ
1313 539 1449 610 λαῷ,
1479 539 1598 606 καὶ,
1629 551 1746 610 μω-

187 631 286 700 ροὶ,
320 628 448 682 ποτὲ
471 629 796 699 φρονήσατε.
827 647 847 682 ι
883 629 980 694 Τίς
1011 629 1040 682 6
1069 631 1343 700 φυτεύσας
1368 633 1429 686 τὸ
1459 628 1587 696 οὖς;
1612 633 1696 698 τίς
1717 635 1746 686 6

188 721 384 782 πλάσας
421 719 514 772 τὸν
543 719 856 790 ὀφθαλμόν;
885 721 970 786 τίς
995 723 1024 774 6
1063 721 1335 777 παιδεύων
1369 723 1439 778 τὰ
1471 723 1634 796 ἐθνης
1661 715 1746 788 τίς

183 809 210 860 '6
235 806 512 876 γινώσκων
556 808 686 872 τοὺς
721 808 1104 880 διαλογισμοὺς
1135 811 1244 866 τῶν
1281 812 1620 886 ἁνθρὼπων;
1658 811 1748 868 διὰ

184 900 376 952 τούτων
403 899 514 972 γὰρ
526 895 680 970 οἴμαι
700 902 920 956 πάντων
951 903 1043 958 τὸν
1073 902 1362 976 Προφήτην
1393 904 1460 958 τὰ
1487 903 1630 958 κατὰ
1648 903 1748 968 τὰς

189 993 346 1056 ἰάσεις
385 992 606 1062 μηνύειν
639 993 914 1064 θαύματα,
943 995 1009 1048 δι’
1039 989 1116 1050 ὧν
1154 996 1426 1067 ὀφθαλμοί
1454 1015 1512 1052 τε
1541 996 1746 1052 ἐπλάσ-

189 1101 328 1136 σθντο
357 1083 444 1138 διὰ
465 1083 558 1137 τοῦ
598 1083 918 1155 πτύσματος
950 1088 1045 1140 καὶ
1077 1083 1176 1156 τῆς
1207 1086 1310 1158 γῆς
1335 1087 1748 1160 πηλουργούμε-

186 1192 258 1228 vos
282 1215 296 1239 ,
337 1175 428 1228 καὶ
458 1173 620 1228 ἀκοιύ⁸
661 1176 864 1247 τρόπον
903 1179 1024 1230 τινα
1071 1181 1186 1241 τοῖς
1228 1179 1612 1250 ἐστερημένοις
1651 1180 1750 1248 τῆς

185 1267 474 1338 atansum;
525 1267 735 1340 ταύτης
771 1267 858 1322 διὰ
891 1269 1002 1322 τῶν
1029 1269 1308 1324 δακτύλων
1347 1271 1746 1340 ὲνεφυτεύοντο.

185 1357 286 1410 Καὶ
325 1357 423 1410 ὅσα
453 1358 514 1410 ὲν
551 1357 632 1428 τῷ
679 1359 908 1430 κρυπτῷ
957 1359 1068 1414 τῶν
1115 1361 1404 1434 νοημάτων
1439 1361 1750 1427 ἐλάνθανεν,

185 1445 326 1518 παρὰ
345 1446 436 1500 τοῦ
463 1447 754 1518 βλέποντος
773 1449 876 1512 τὰς
895 1448 1224 1520 ἐνθυμήσεις
1250 1449 1428 1504 αὐτῶν
1459 1451 1748 1520 διελέγετο.

195 1538 400 1610 Ἐπειδὴ
431 1539 644 1604 τούτοις
674 1539 890 1610 ἐμϐοῶν
917 1542 1018 1594 οὐκ
1044 1541 1308 1613 ἠκούσθη,
1344 1543 1481 1612 πρὸς
1518 1543 1610 1597 τὸν
1637 1543 1750 1596 Κύ-

184 1637 288 1702 ριον
312 1631 736 1703 ὲπιστρέφειτὸν
763 1627 922 1703 λόγον
953 1634 1044 1688 καί
1075 1649 1260 1704 φησιν·
1290 1653 1308 1686 ι
1349 1635 1628 1708 Μακάριος
1654 1637 1750 1691 ἄν·

183 1725 410 1794 θρωπος,
439 1723 498 1778 ὃν
545 1725 612 1780 ἂν
645 1725 968 1798 παιδεύσῃς,
994 1727 1166 1798 Κύριε
1184 1765 1200 1790 ,
1229 1728 1324 1781 καὶ
1351 1729 1416 1782 ὲκ
1445 1727 1538 1782 τοῦ
1581 1729 1748 1800 νόμου

183 1827 270 1870 σου
291 1818 500 1890 διδάξῃς
529 1819 694 1874 αὐτόν
718 1837 736 1854 ι
767 1837 786 1870 ι
819 1815 897 1884 ὡς
926 1817 1019 1873 τοῦ
1047 1821 1217 1888 νόμου
1245 1820 1365 1875 καθ’
1396 1821 1586 1875 ἑαυτὸν
1607 1822 1752 1891 ὠφε-

181 1908 382 1972 λοῦντος
417 1909 592 1972 οὐδὲν,
627 1909 676 1964 εί
708 1911 782 1982 μή
812 1918 897 1974 τις
940 1907 1062 1965 θεία
1101 1911 1290 1984 διδαχὴ
1333 1911 1395 1966 τὸ
1425 1913 1746 1983 ἐγκείμενον

181 2001 318 2070 αὐτῷ
361 2003 660 2072 μυστήριον
715 2002 1065 2073 σαφηνίσειε·
1108 2001 1293 2067 καθὼς
1335 1999 1488 2058 εἶπεν
1515 2006 1545 2058 6
1587 2002 1752 2066 αὐτὸς

181 2087 321 2154 οὗτος
349 2093 658 2164 προφήτης,
685 2091 766 2145 ὅτι
795 2109 814 2142 ι
863 2092 1236 2162 Ἀωκάλυψον
1277 2094 1402 2158 τοὺς
1441 2093 1750 2164 ὀφθαλμούς

186 2189 296 2248 μου,
319 2180 412 2232 καὶ
429 2182 756 2250 κατανοήσω
775 2180 845 2234 τὰ
873 2179 1156 2251 θαυμάσια
1173 2183 1236 2236 ἐκ
1258 2183 1350 2236 τοῦ
1381 2184 1546 2254 νόμου
1575 2201 1690 2238 σου.
1726 2205 1745 2237 ι

184 2269 246 2318 Ἢ
295 2269 430 2336 τάχα
479 2269 772 2338 μακαρίζει
816 2269 908 2322 τὸν
967 2267 1028 2334 ἐξ
1068 2270 1240 2324 ἐθνῶν
1277 2271 1356 2342 τῷ
1391 2273 1750 2343 πνευματικῷ

183 2359 322 2426 νόμῳ
367 2358 690 2412 πιστεύοντα
711 2402 726 2423 ,
761 2359 820 2421 ὃς
853 2358 1140 2429 ἄνθρωπος
1170 2358 1246 2411 ῶν
1285 2361 1378 2412 τὸν
1415 2361 1520 2430 πρὸ
1557 2359 1746 2413 τούτου

183 2450 378 2521 χρόνον,
421 2451 712 2520 σαρκώδης
757 2467 814 2503 τε
855 2453 950 2504 καὶ
997 2451 1605 2522 συμπαραϐεὸλημένος
1636 2455 1751 2516 τοῖς

183 2546 438 2612 κτήνεσιν,
483 2545 544 2596 ἐν
585 2545 650 2613 τῇ
689 2543 970 2596 παιδεύσει
997 2543 1092 2596 τοῦ
1130 2543 1277 2596 θείου
1307 2544 1494 2614 νόμου,
1522 2543 1622 2616 τῆς
1651 2561 1752 2598 κα-

181 2635 340 2704 τάρας
365 2636 446 2697 εἰς
477 2635 734 2703 εὐλογίαν
779 2635 1140 2706 ἁναλυθείσης
1163 2677 1178 2698 ,
1209 2637 1477 2709 μακάριος
1517 2637 1749 2706 γίνεται.

183 2723 294 2776 Ὅτι
343 2724 492 2794 αὐτῷ
535 2725 636 2795 μὲν
673 2725 782 2780 ἀπὸ
835 2726 943 2779 τῶν
991 2727 1214 2799 ἡμερῶν
1254 2727 1362 2780 τῶν
1410 2729 1663 2800 πονηρῶν
1715 2731 1748 2801 ὴ

183 2815 307 2886 ὀργὴ
339 2816 662 2886 πραΰνεται,
693 2817 904 2870 ἐκείνου
945 2817 1004 2872 δὲ
1030 2821 1058 2872 6
1085 2819 1194 2888 (79)
1224 2817 1414 2890 βόθρος
1438 2819 1746 2891 ὀρύσσεται·

183 2903 292 2960 εἶτα
351 2909 550 2978 μικρὸν
609 2910 856 2974 ὑποϐὰς,
891 2910 984 2962 τὸν
1033 2909 1234 2965 σκοπὸν
1287 2911 1431 2980 λέγει
1467 2915 1566 2982 τῆς
1613 2913 1754 2966 κατὰ

1845 450 1954 507 εει,
2003 442 2152 512 quod
2199 441 2327 496 alibi
2378 441 2564 500 tradit,
2613 455 2928 494 asseverare
2959 455 3108 504 eum,
3156 440 3251 510 qui
3297 453 3430 494 vero

1847 532 1994 588 Deus
2035 541 2143 596 est,
2199 548 2306 586 non
2359 547 2519 598 esse;
2565 532 2767 602 quibus
2825 531 3057 602 proinde
3108 529 3424 586 acclamat:

1855 639 1878 676 ‹
1909 623 2216 695 lntelligite,
2271 625 2595 694 insipientes
2639 624 2694 678 in
2735 624 2958 694 pepulo,
3009 631 3084 688 et,
3120 622 3294 688 stulti,
3323 621 3428 676 alin

1850 717 2072 786 quando
2118 717 2312 786 sapite.
2351 735 2368 767 ι
2419 713 2555 780 Quis
2601 723 2706 780 est,
2753 715 2846 784 qui
2895 714 3162 784 plantavit
3203 713 3435 770 aurem?

1848 811 1973 878 quis
2018 809 2110 878 qui
2146 809 2300 862 ﬁnxit
2331 809 2551 862 uetulum
2577 807 2600 860 ’ἓ
2625 807 2750 877 quis
2779 807 2962 860 erudit
3007 805 3276 876 populos?
3302 807 3431 876 quis

1849 907 1957 954 est.
2007 899 2098 968 qni
2134 899 2420 968 cognoscit
2447 899 2808 968 cogitationes
2837 898 3162 952 hominum?
3193 896 3290 953 His
3317 912 3432 952 ont-

1853 989 2018 1044 nibus
2061 997 2193 1059 puto
2224 988 2546 1058 Propltetam
2575 987 2886 1058 significare
2932 986 3204 1042 mirabilia
3235 987 3290 1042 in
3335 1003 3432 1044 εει

1851 1079 2173 1134 nationibus
2209 1077 2540 1150 peragendis
2589 1087 2824 1150 patrata,
2874 1077 3095 1148 quando
3139 1077 3284 1132 oculi
3333 1089 3434 1148 per

1851 1179 2073 1242 sputum
2107 1179 2160 1225 et
2213 1179 2414 1224 terram
2467 1169 2590 1223 illiti
2629 1167 3071 1224 reformabantur
3102 1177 3157 1224 et
3201 1167 3430 1238 reﬁnge-

1851 1259 2072 1324 bantur,
2121 1259 2344 1330 quando
2394 1259 2620 1314 auditus
2649 1257 2834 1328 aliquo
2869 1259 3033 1314 modo
3073 1259 3140 1314 iis
3181 1257 3272 1329 qui
3325 1257 3431 1312 hoc

1853 1368 2018 1408 sensu
2065 1351 2262 1422 privati
2319 1358 2498 1416 erant,
2543 1365 2640 1420 per
2684 1350 2887 1422 digitos
2945 1351 3104 1422 quasi
3149 1349 3430 1405 inserebat-

1851 1453 1963 1508 tur,
1990 1453 2043 1498 et
2085 1443 2306 1514 quando
2330 1459 2392 1498 ea
2429 1457 2552 1514 qua:
2595 1443 2648 1498 in
2701 1443 2919 1498 occulto
2955 1443 3216 1506 latebant,
3259 1439 3432 1497 animi

1853 1551 2040 1600 sensa,
2073 1538 2142 1592 ab
2181 1551 2248 1591 eo
2275 1537 2368 1607 qui
2405 1537 2745 1608 singulormn
2774 1535 3136 1606 cogitationes
3177 1533 3344 1600 videt,
3375 1535 3432 1590 in

1854 1639 2104 1701 apertum
2127 1631 2340 1702 prolata
2369 1642 2518 1686 sunt.
2551 1634 2618 1686 At
2642 1647 2768 1686 cum
2805 1631 2890 1686 his
2925 1629 3238 1718 acclamans
3263 1645 3431 1686 exau-

1851 1723 2002 1778 ditus
2041 1739 2148 1778 non
2191 1731 2364 1788 esset,
2414 1723 2482 1778 ad
2531 1721 2818 1778 Dominum
2860 1737 3113 1777 sermone
3163 1737 3434 1780 converso

1853 1815 2072 1883 inquit:
2112 1835 2128 1866 ι
2170 1814 2392 1876 Beatus.
2429 1830 2592 1884 quem
2639 1823 2692 1868 tu
2742 1814 3036 1876 erudieris,
3098 1811 3346 1880 Domine,
3377 1818 3433 1869 et

1851 1905 1920 1961 de
1950 1907 2066 1976 lege
2100 1917 2192 1960 tua
2222 1907 2474 1962 docueris
2503 1915 2652 1969 eum,
2686 1924 2704 1957 ι
2741 1905 2898 1974 quasi
2933 1903 3016 1958 lex
3054 1919 3150 1974 per
3193 1919 3253 1960 se
3295 1905 3431 1960 nihil

1851 1997 2048 2068 prosit,
2083 1995 2190 2052 nisi
2221 1997 2404 2052 divina
2433 1997 2618 2066 aliqua
2646 1996 2920 2051 institutio
2951 1994 3198 2050 abditum
3223 1997 3276 2050 in
3309 1997 3432 2066 ipsa

1854 2103 2078 2144 sensum
2114 2089 2424 2144 nianifcstet
2461 2111 2472 2144 :
2509 2087 2968 2158 quemadmodum
3017 2088 3107 2142 hic
3140 2089 3256 2158 ipse
3301 2103 3430 2160 pro-

1854 2181 2016 2251 pheta
2049 2187 2283 2236 testatus
2321 2187 2435 2245 est,
2483 2200 2502 2231 ι
2535 2178 2754 2242 Revela,
2789 2199 2806 2232 ι
2844 2179 3120 2250 inquiens.
3175 2198 3192 2230 ι
3235 2179 3430 2234 oculos

1855 2285 2024 2332 meos.
2051 2284 2104 2326 et
2124 2271 2490 2326 considerabo
2514 2271 2786 2326 mirabilia
2808 2273 2876 2327 de
2898 2272 3014 2342 lege
3049 2281 3137 2325 tua
3169 2267 3236 2326 ⁸³.
3278 2289 3296 2321 ι
3331 2268 3432 2324 Vel

1855 2361 2110 2416 fortassis
2163 2361 2378 2414 beatum
2419 2359 2678 2430 prazdicat
2725 2359 2900 2420 illum.
2937 2361 3030 2430 qui
3080 2376 3144 2414 ex
3179 2359 3434 2430 gentibus

1852 2451 2123 2522 spirituali
2160 2452 2262 2522 legi
2290 2467 2578 2507 assensum
2627 2451 2850 2522 praebet.
2887 2453 2980 2522 qui
3025 2467 3148 2506 cum
3179 2460 3432 2506 anteacto

1853 2554 2102 2614 tempore
2149 2551 2299 2599 esset
2343 2545 2506 2599 homo
2549 2545 2702 2598 carni
2741 2543 3018 2608 addictus,
3061 2543 3435 2614 jumentisque

1853 2637 2092 2704 similis;
2145 2637 2200 2690 in
2249 2637 2594 2692 inStitulione
2623 2636 2759 2706 legis
2786 2635 3006 2702 divina},
3053 2637 3434 2692 exsecratione

1853 2727 1909 2781 in
1942 2727 2377 2782 benediCIionem
2401 2735 2756 2790 commutata,
2781 2728 2976 2783 beatus
2994 2727 3262 2796 eilicitur;
3295 2745 3433 2799 quo-

1855 2819 2000 2873 niam
2057 2818 2160 2887 ipsi
2203 2819 2420 2888 quidem
2463 2818 2544 2872 ira
2590 2833 2622 2870 a
2667 2817 2862 2873 diebus
2908 2819 3067 2872 malis
3110 2819 3432 2890 mitigatur;

1855 2910 2010 2965 alteri
2063 2925 2193 2964 vero
2233 2909 2385 2964 fovea
2429 2910 2652 2966 foditur.
2707 2905 2915 2965 Deinde
2965 2911 3246 2980 paululum
3305 2927 3430 2982 pro-

181 2999 264 3054 ":6v
284 2998 392 3068 (80)
406 2998 698 3067 ἄνθρωπον
713 2999 808 3052 τοῦ
831 3000 1034 3070 Κυρίου
1051 2998 1380 3071 οἰκονομίας.
1425 3019 1442 3052 ι
1477 3000 1538 3053 Εἰ
1569 3001 1642 3070 μὴ
1672 3001 1752 3054 ὄτι

1856 3019 2081 3074 gressus
2129 3005 2290 3057 linem
2342 3002 2586 3056 declarat
2629 3001 2954 3056 oeconomia:
3000 3002 3354 3058 humanitatis
3403 3020 3434 3056 τι

185 3089 375 3160 Κύριος
417 3089 689 3162 ἐϐοήθησέ
749 3107 838 3160 μοι
863 3131 878 3154 ,
915 3091 1066 3161 παρὰ
1119 3090 1290 3162 βραχὺ
1347 3091 1642 3163 παρῴκησε
1676 3089 1754 3160 τῷ

189 3181 282 3252 ᾅδῃ
311 3185 344 3252 ἡ
373 3182 518 3252 ψυχή
549 3199 676 3252 μου.
728 3201 745 3233 ι
793 3182 856 3234 Ἦ
895 3182 1004 3254 γὰρ
1039 3182 1260 3253 βοήθεια
1283 3183 1377 3236 τοῦ
1399 3182 1625 3254 Κυρίου,
1654 3182 1754 3235 οὐκ

185 3273 381 3342 ἀςῆκεν
401 3275 552 3344 ἡμᾶς
575 3273 670 3326 τοῦ
697 3273 827 3344 ᾆδον
859 3274 1154 3346 παροίκους
1175 3270 1338 3330 εἶναι.
1371 3275 1480 3328 Καὶ
1499 3277 1582 3330 ὅτι
1613 3273 1754 3328 κατὰ

185 3365 240 3416 τὸ
271 3364 468 3436 πλῆθος
503 3365 617 3418 τῶν
643 3368 708 3418 ὲκ
733 3365 838 3434 τῆς
867 3365 1145 3436 ἁμαρτίας
1179 3367 1401 3428 ὀδυνῶν,
1425 3365 1754 3440 ἁντίρῤοτεος

185 3455 386 3522 ἐγένετο
423 3457 561 3526 ἡμῖν
604 3459 638 3526 ἡ
675 3456 886 3528 ἰατρεία
918 3458 1070 3528 παρὰ
1103 3457 1196 3511 τοῦ
1237 3458 1676 3530 ἰατρεύοντοςδὲν

187 3563 233 3599 τι
259 3547 384 3618 (80‘)
420 3550 518 3603 καὶ
556 3547 743 3619 μεῖζον
767 3549 1074 3620 φιλοσοφεῖ,
1110 3551 1170 3604 τὸ
1206 3551 1281 3624 μὴ
1311 3550 1370 3616 eg
1411 3551 1583 3606 ἀϊδίου
1615 3547 1754 3606 εἶναι

186 3637 242 3690 τὸ
265 3639 426 3692 κακὸν
453 3639 819 3709 δογματίζων.
855 3641 994 3711 Φησὶ
1036 3641 1166 3712 γὰρ,
1203 3643 1283 3695 ὅτι
1321 3663 1337 3692 ε
1367 3641 1443 3696 Οὐ
1473 3659 1754 3716 συμπροσ-

189 3729 328 3784 ἐσταί
341 3747 420 3783 σοι
447 3729 642 3800 θρόνος
661 3731 912 3802 ἀνομίας,
937 3733 966 3784 6
993 3733 1250 3786 πλάσσων
1277 3733 1442 3787 κόπον
1471 3733 1564 3788 ἐπὶ
1590 3733 1755 3806 πρόσ-

189 3833 378 3890 ταγμα.
418 3841 434 3868 ι
467 3819 645 3874 Τοῦτο
690 3819 746 3874 δέ
775 3821 943 3882 ἐστιν,
965 3822 1047 3874 ὃτι
1073 3821 1148 3878 Οὐ
1178 3823 1560 3894 συνθεωρεῖταί
1606 3839 1690 3877 σοι
1722 3819 1756 3894 ἡ

189 3907 280 3977 τῆς
313 3910 510 3974 κακίας
547 3911 713 3982 ἀρχή.
761 3913 930 3982 Ἀρχὴ
959 3912 1070 3983 γὰρ
1093 3915 1121 3965 6
1153 3913 1362 3984 θρόνος,
1397 3916 1426 3967 6
1447 3913 1546 3985 τὴν
1576 3915 1758 3986 ἀμαρ-

190 3999 298 4052 τίαν
327 4001 526 4065 κτίζων
555 4001 646 4054 διὰ
673 4003 1112 4074 προστάγματος.
1149 4003 1228 4056 Δι’
1268 3997 1344 4058 ὧν
1369 4003 1430 4058 τὸ
1463 4004 1538 4076 μὴ
1580 4005 1640 4070 ἐξ
1673 3999 1759 4060 ἀϊ-

190 4087 292 4142 δίου
303 4091 396 4161 τὴν
420 4091 626 4144 κακίαν
655 4087 819 4154 εἶναι,
846 4095 980 4164 μηδὲ
1011 4097 1090 4158 είς
1119 4095 1206 4148 ἀεὶ
1228 4097 1562 4166 παραμένειν
1588 4097 1758 4167 αὐτὴν

193 4181 494 4248 ἐνεδείξατο.
525 4185 594 4236 '0
615 4184 724 4255 γὰρ
752 4185 828 4256 μὴ
859 4187 945 4238 ἀεὶ
973 4183 1060 4256 ἦν,
1091 4187 1208 4240 οὐδὲ
1235 4189 1315 4250 είς
1336 4189 1423 4241 ἀεὶ
1445 4189 1617 4244 ἔσται.
1647 4189 1759 4244 Καὶ

191 4271 276 4326 τὸν
314 4276 512 4346 τρόπον
559 4278 660 4346 τῆς
701 4276 795 4330 τοῦ
850 4278 1023 4331 κακοῦ
1073 4279 1406 4351 ἀναιρέσεως
1453 4279 1754 4352 διηγεῖται,

1859 3095 2090 3150 Domino
2121 3103 2391 3164 suscepta:
2425 3094 2510 3149 his
2535 3093 2718 3149 verbis
2757 3107 2770 3144 :
2805 3112 2822 3146 ι
2857 3089 2971 3148 Nisi
3007 3095 3136 3164 quia
3171 3089 3438 3164 Dominus

1855 3187 2082 3258 adjuvet
2137 3201 2246 3250 me,
2305 3185 2469 3256 paulo
2517 3185 2698 3240 ιιιίηιιε
2751 3185 2806 3240 ἱιι
2859 3185 3077 3241 inferno
3137 3186 3437 3242 habitasset

1858 3281 2038 3334 anima
2083 3293 2222 3333 mea.
2261 3298 2280 3331 ι
2323 3277 2600 3332 Auxilium
2643 3278 2786 3331 enim
2833 3276 3048 3333 Domini
3088 3295 3195 3334 non
3236 3280 3438 3350 permi-

1857 3373 1930 3427 sit
1965 3387 2070 3426 nos
2103 3371 2302 3428 inferni
2335 3365 2544 3426 incolas
2571 3383 2728 3436 esse;
2754 3370 3027 3441 simulque
3055 3371 3274 3437 asserit,
3304 3373 3439 3424 mul—

1859 3461 2079 3518 titudini
2116 3461 2390 3524 dolorum,
2415 3461 2506 3530 qui
2533 3475 2599 3515 ex
2626 3461 2868 3530 peccatis
2906 3465 3437 3529 nascuntur,a3qun-

1859 3555 1964 3609 lem
2027 3552 2354 3608 medicinam
2403 3567 2432 3605 a
2488 3551 2704 3605 medico
2749 3555 2993 3620 paratam
3039 3567 3180 3606 esse.
3233 3549 3334 3606 Uhi
3382 3557 3438 3606 et

1858 3643 2123 3714 grandius
2161 3639 2422 3711 quiddam
2453 3639 2656 3702 innuit,
2691 3656 2817 3694 cum
2848 3639 2996 3695 velut
3023 3637 3276 3712 dogmate
3299 3657 3436 3711 quo-

1859 3736 1984 3789 dam
2017 3733 2230 3798 statuit,
2260 3733 2464 3787 malum
2499 3747 2606 3786 non
2635 3743 2759 3788 esse
2786 3731 2855 3786 ab
2882 3741 3108 3787 αξιοι-πο.
3134 3731 3223 3786 Ait
3251 3732 3436 3788 enim:

1867 3847 1886 3878 ι
1924 3825 2043 3881 Non
2109 3826 2354 3881 adhaeret
2402 3825 2500 3880 tibi
2549 3823 2708 3879 sedes
2753 3823 3080 3894 iniquitatis,
3137 3824 3231 3894 qui
3278 3823 3440 3896 lingis

1861 3917 2102 3971 laborem
2157 3916 2212 3969 in
2257 3923 2550 3985 praecepto.
2590 3931 2610 3964 ι
2651 3911 2862 3968 Sensus
2899 3923 2986 3968 εει
3029 3931 3044 3968 :
3090 3911 3292 3968 Tecum
3329 3930 3440 3971 una

1861 4007 2198 4063 eonsitlerari
2259 4013 2314 4060 et
2375 4005 2593 4074 concipi
2645 4005 2836 4074 nequit
2893 4005 3024 4058 mali
3083 4004 3438 4076 principium.

1861 4099 2202 4168 Principium
2251 4097 2395 4152 enim
2449 4093 2774 4166 intelligitur
2828 4097 3048 4150 nomine
3104 4095 3270 4162 sedis,
3316 4111 3441 4167 qua!

1861 4200 2149 4262 peccatum
2203 4205 2300 4260 per
2347 4195 2678 4260 praeceptum
2711 4187 2892 4244 eliicit.
2925 4185 3137 4255 Quibus
3173 4189 3442 4254 ostendit,

1864 4289 2154 4354 peccatum
2201 4297 2377 4351 neque
2426 4281 2494 4336 ab
2543 4289 2748 4335 :eterno
2778 4293 2924 4344 esse,
2967 4296 3142 4350 neque
3180 4279 3234 4334 in
3279 4292 3438 4336 teter-

193 4366 244 4418 ἐν
263 4369 325 4436 τῇ
353 4367 462 4420 τῶν
503 4369 776 4422 Ἰουδαίων
808 4371 950 4422 κατὰ
979 4369 1074 4423 τοῦ
1105 4371 1310 4442 Κυρίου
1341 4369 1642 4445 μιαιῳονίᾳ,
1665 4373 1752 4426 τὸν

1865 4392 1997 4430 num
2029 4382 2531 4446 perseveraturum.
2564 4371 2722 4438 Quod
2743 4372 2889 4427 enim
2917 4386 3026 4426 non
3049 4387 3264 4444 semper
3297 4379 3444 4436 erat,

192 4457 482 4529 ἀφανισμὸν
527 4461 628 4528 τῆς
659 4462 856 4524 κακίας
882 4463 1288 4532 προαγορεύων.
1321 4465 1482 4532 Λέγει
1519 4467 1648 4537 γὰρ,
1675 4467 1756 4519 ὅτι

201 4569 216 4596 ι
239 4541 386 4601 Οὗτοι
412 4549 510 4618 μὲν
547 4546 866 4618 θηρεύουσιν
897 4553 988 4606 ἐπὶ
1015 4553 1190 4627 ψυχὴν
1225 4555 1461 4619 δικαίου,
1493 4555 1585 4610 καὶ
1619 4551 1757 4626 αἷμα

195 4637 354 4692 ἀθῶον
386 4641 904 4697 καταδικάσονται.»
937 4644 1103 4699 Τοῦτο
1127 4646 1184 4699 δὲ
1199 4644 1322 4715 ἐμοὶ
1362 4647 1629 4716 σωτήριον
1673 4645 1758 4712 γί-

194 4747 350 4786 νεται.
378 4733 439 4786 Ὀ
468 4735 580 4806 γὰρ
609 4736 1030 4800 καταδικασθεὶς
1060 4735 1138 4808 τῷ
1170 4736 1386 4809 θανάτῳ
1415 4739 1638 4810 Κύριος,
1673 4739 1759 4793 διὰ

195 4821 366 4876 τούτου
401 4825 612 4893 γίνεταί
647 4843 737 4896 μοι
765 4829 1073 4898 καταφυγή.
1131 4829 1240 4882 Καὶ
1276 4825 1430 4894 οὗτος
1459 4832 1488 4882 ὁ
1520 4831 1650 4894 Θεὸς
1679 4831 1759 4893 είς

201 4913 380 4982 βοηθὸν
403 4917 519 4987 (8|)
543 4917 759 4982 ἐλπίδος
781 4923 890 4983 τοῖς
909 4921 1297 4973 πεπιστευκόσι
1323 4923 1646 4975 καθίσταται
1663 4963 1676 4986 ,
1703 4921 1760 4986 ὃς

197 5007 464 5072 ἀποδιδοὺς
488 5011 550 5062 ἐν
575 5013 642 5080 τῇ
677 5011 864 5082 δικαία
895 5013 1076 5082 κρίσει
1107 5013 1170 5066 τὸ
1191 5013 1312 5066 κατ’
1335 5013 1494 5077 ἀξίαν
1523 5013 1759 5083 ἑκάστῳ,

199 5097 399 5164 ἀφανιεῖ
437 5101 536 5171 τὴν
583 5105 850 5174 πονηρίαν
883 5103 996 5157 τῶν
1037 5107 1456 5176 ἡμαρτηκότων,
1499 5107 1620 5177 οὐχὶ
1663 5107 1762 5176 τὴν

200 5195 366 5260 φύσιν.
385 5197 572 5263 Οὕτως
601 5200 772 5253 εἰπὼν
803 5204 868 5271 τῇ
899 5201 1060 5266 λέξει,
1091 5201 1634 5257 «Ὄτικαῖἀποὸὡσει
1668 5199 1764 5254 αύ-

267 5393 311 5425 ⁵³
347 5393 492 5450 i’sal.
530 5413 722 5464 emit,
749 5399 836 5452 lS.

269 5593 372 5664 ιῖεῆ
393 5595 616 5664 Ἐκείνῳ
641 5595 718 5654 δέ,
754 5593 842 5646 eti.

271 5663 374 5732 (80)
396 5664 498 5717 Τόν
521 5663 630 5720 mit.
665 5665 748 5718 cii.

1865 4469 1918 4523 id
1947 4482 2128 4539 neque
2157 4481 2371 4536 semper
2395 4465 2534 4528 erit;
2563 4463 2914 4534 modumque,
2939 4480 3050 4535 quo
3071 4465 3274 4520 malum
3305 4465 3440 4520 abo-

1866 4559 2031 4620 letur,
2078 4556 2348 4627 explicat;
2385 4556 2439 4608 in
2485 4549 2796 4608 Iudaeorum
2843 4551 3157 4624 parricidio,
3188 4553 3334 4625 quod
3383 4554 3446 4608 in

1869 4649 2159 4703 Dominum
2204 4645 2564 4709 admiserunt,
2611 4645 2822 4715 peccati
2863 4645 3210 4700 abolitionem
3246 4643 3442 4716 praedi-

1865 4757 2001 4796 cens
2048 4757 2061 4795 :
2111 4754 2236 4794 cum
2269 4737 2450 4808 inquit
2490 4751 2506 4790 :
2543 4753 2562 4787 t
2591 4735 2900 4807 Captabunt
2936 4737 2990 4791 in
3024 4735 3258 4790 animam
3281 4735 3446 4806 justi.

1866 4843 1920 4886 et
1947 4837 2266 4900 sanguinem
2299 4831 2643 4884 innocentem
2681 4829 3146 4884 condemnabunt.
3183 4847 3203 4880 ι
3238 4829 3308 4884 At
3337 4829 3441 4886 hoc

1867 4925 1999 4978 mihi
2039 4925 2096 4978 iit
2141 4923 2340 4978 salutis
2369 4936 2558 4976 causa.
2595 4919 2858 4976 Dominus
2894 4921 3038 4976 enim
3092 4929 3269 4982 morte
3293 4919 3442 4976 dam-

1867 5026 2052 5078 natus.
2079 5019 2180 5070 hoc
2204 5017 2322 5085 ipso
2346 5015 2618 5084 refugium
2647 5013 2776 5067 mihi
2799 5011 3032 5072 ciﬁcitur
3049 5020 3144 5080 ;et
3165 5013 3267 5068 iste
3297 5011 3446 5068 Deus

1867 5111 1921 5163 in
1982 5110 2312 5176 adjutorium
2371 5105 2486 5177 spei
2528 5102 2882 5160 credentibus
2933 5101 3306 5162 constituitur.
3346 5101 3442 5172 qui

1869 5203 1922 5254 in
1951 5201 2042 5254 illo
2077 5197 2229 5268 justo
2249 5196 2462 5266 judicio
2494 5195 2790 5267 unicuique
2815 5205 2913 5268 pro
2941 5191 3150 5250 meritis
3183 5189 3442 5258 reddens.

1938 5590 2071 5658 (30';
2111 5591 2205 5653 Ts,
2231 5591 2317 5644 ed.

1936 5661 2051 5730 (81)
2085 5659 2370 5731 Βοήθειαν,
2401 5663 2487 5718 ed.
