3838 6224
356 155 463 212 5ἳῖ

1607 148 1665 203 S.
1687 145 2017 204 GREGORII
2045 144 2346 204 NYSSENI

3519 150 3635 203 59.8

360 273 600 333 abolebit
626 282 684 329 et
734 273 792 329 in
834 274 1065 329 nihilum
1110 273 1321 344 rediget
1360 272 1626 328 malitiam
1677 278 1930 341 peccato-

2046 274 2148 336 τοῖς
2181 272 2386 344 Κύριος
2411 272 2515 345 τὴν
2550 272 2783 345 ἀνομίαν
2824 272 3027 334 αὐτῶν,
3064 273 3159 324 καὶ
3194 271 3335 324 κατά
3370 269 3472 341 τὴν
3508 271 3632 340 (8‘2)

359 380 502 426 rum,
538 379 662 425 non
717 372 1010 429 naturam;
1060 366 1140 418 sic
1194 364 1339 417 enim
1398 363 1468 416 ad
1519 362 1745 417 verbum
1807 361 1931 413 ait:

362 476 385 511 σ
420 456 688 523 Quoniam
715 455 903 511 reddet
929 456 1038 512 illis
1061 455 1324 511 Dominus
1345 454 1686 525 iniquitatem
1718 468 1933 516 eorum,

361 551 494 605 etin
517 550 725 609 malitia
750 565 939 604 eorum
973 548 1254 620 disperdet
1277 548 1400 603 illos
1431 548 1693 601 Dominus
1726 544 1889 599 Deus.
1910 562 1929 595 ι

360 639 573 705 Quibus
606 638 898 709 signiﬁcat,
951 653 1050 693 eos
1090 636 1183 709 qui
1226 652 1374 692 nunc
1419 646 1644 707 peccato
1689 636 1936 706 insigniti

361 738 491 788 sunt
530 737 586 785 et
615 730 963 801 conﬁgurati,
1015 731 1354 786 destructum
1402 729 1501 797 iri;
1559 744 1683 783 nam
1717 727 1938 798 quando

362 822 573 877 malitia
613 837 723 877 non
755 824 883 887 erit,
925 833 1036 876 tum
1087 838 1263 892 neque
1304 822 1350 876 is
1387 823 1481 892 qui
1527 822 1749 877 malitia:
1778 821 1938 891 quasi

364 913 595 969 formam
617 915 774 987 gerit,
793 914 996 981 durare
1022 916 1243 985 poterit.
1271 913 1490 969 Perdita
1513 915 1678 984 igitur
1706 914 1935 978 malitia,

362 1006 593 1076 ejusque
617 1008 788 1076 ﬁgura
821 1007 877 1060 in
911 1006 1061 1060 nullo
1083 1007 1299 1076 penitus
1325 1007 1605 1070 derelicta,
1640 1021 1831 1061 omnes
1859 1022 1939 1060 se-

361 1098 601 1153 cundum
632 1096 912 1152 Christum
945 1095 1326 1159 formabimur,
1360 1104 1415 1151 et
1445 1096 1501 1150 in
1539 1096 1796 1151 omnibus
1831 1112 1935 1149 una

361 1189 642 1260 cll'ulgebit
664 1188 861 1255 forma,
885 1202 1007 1258 qua:
1028 1187 1097 1241 ab
1126 1186 1282 1240 initio
1302 1195 1510 1241 natura:
1535 1198 1736 1243 nostrae
1760 1187 1934 1242 indita

362 1278 559 1334 fuerat.

998 1367 1229 1424 CAPUT
1266 1367 1357 1423 IX.

438 1544 571 1603 Post
600 1548 717 1601 haec
745 1548 811 1601 ad
844 1548 950 1601 alia
980 1550 1241 1618 procedit,
1270 1548 1517 1601 instituto
1544 1547 1756 1612 ordine,
1784 1546 1938 1600 nullo

360 1638 579 1693 musico
614 1639 978 1692 instrumento
1011 1646 1188 1700 utens,
1228 1638 1322 1695 sed
1365 1639 1581 1706 propria
1623 1652 1753 1691 voce
1801 1636 1937 1691 bene
1966 1627 2012 1684 Β

360 1738 649 1785 sonantem
718 1729 930 1783 laudem
984 1728 1092 1783 Deo
1144 1745 1434 1798 reponens.
1502 1727 1681 1798 lnquit
1726 1728 1869 1782 enim
1918 1745 1931 1781 :

369 1840 389 1872 ι
428 1819 575 1874 Laus
595 1821 793 1874 cantici
826 1820 930 1889 ipsi
958 1820 1125 1874 David
1155 1821 1203 1852 ”
1235 1840 1247 1875 :
1283 1840 1301 1871 ι
1337 1837 1457 1889 qua:
1484 1820 1768 1891 inscriptio
1792 1821 1936 1891 apud

365 1910 621 1966 Hebraeos
662 1926 769 1965 non
820 1914 1108 1982 reperitur.
1158 1911 1424 1968 Provocat
1462 1913 1609 1967 enim
1657 1912 1936 1969 auditores

367 2004 435 2057 ad
480 2005 922 2058 communionem
984 2005 1393 2065 exsultationis.
1434 2013 1489 2059 et
1540 2005 1609 2060 ad
1653 2006 1937 2076 jubilatio-

366 2110 489 2149 nem
538 2094 840 2149 victoribus
882 2106 1331 2150 consentaneam.
1372 2116 1389 2146 ι
1426 2096 1634 2161 Venite,
1669 2119 1688 2150 ι
1735 2098 1934 2168 inquit,

370 2185 759 2240 rexsultemus
806 2184 1057 2248 Domino,
1097 2186 1397 2255 jubilcmus
1436 2188 1544 2242 Deo
1583 2189 1808 2243 salutari
1839 2205 1938 2244 no-

366 2286 504 2333 stro.
548 2296 568 2330 ι
626 2278 740 2331 Sub
786 2276 947 2332 linem
998 2279 1300 2347 graviorem
1365 2287 1418 2334 et
1470 2281 1935 2337 vehementiorem

366 2370 661 2440 quamdam
679 2371 1154 2426 comminationem
1174 2383 1364 2426 contra
1383 2372 1697 2429 incredulos
1718 2376 1940 2444 subjun-

365 2463 467 2533 git,
496 2461 590 2533 qui
625 2475 884 2532 perverso
915 2470 1072 2516 erant
1110 2472 1348 2532 pectore,
1388 2464 1748 2535 quadraginta
1778 2468 1939 2523 annis

365 2552 818 2607 commorationis
861 2551 916 2606 in
962 2551 1221 2616 deserto,
1287 2555 1487 2624 quibus
1533 2555 1939 2613 benefactnrem

365 2646 677 2708 irritarunt,
707 2645 910 2714 quique
927 2653 1117 2713 postea
1167 2647 1406 2701 oblatam
1452 2664 1545 2717 per
1580 2646 1937 2719 Evangelium

367 2736 746 2790 remissionem
791 2745 1138 2804 peccatorum
1170 2746 1530 2806 respuerunt;
1566 2738 1768 2809 quibus
1800 2738 1933 2793 lice-

367 2826 463 2880 bat
508 2830 555 2900 (‹
571 2828 617 2882 si
651 2827 811 2883 hodie
839 2830 1029 2884 audire
1061 2832 1360 2886 voluissent
1386 2847 1574 2885 vocem
1601 2832 1744 2902 ejus,
1779 2851 1801 2884 ›
1842 2832 1939 2903 qui

368 2916 426 2969 in
461 2917 606 2971 hunc
654 2921 918 2989 temporis
964 2928 1167 2975 statum
1198 2922 1366 2984 venit,
1404 2931 1457 2976 et
1484 2938 1547 2976 ex
1605 2923 1938 2993 sempiterna

365 3007 460 3063 illa
504 3022 559 3063 et
612 3011 991 3065 anteszeculari
1025 3012 1424 3081 magniﬁcentia
1477 3013 1544 3067 ad
1579 3014 1935 3083 temporalem

365 3100 703 3155 nativitatem
735 3101 1039 3169 descendit)
1095 3104 1309 3172 aperire
1332 3103 1434 3157 sibi
1462 3104 1596 3171 ipsis
1627 3104 1935 3174 ingressum

366 3193 423 3248 in
455 3193 759 3263 requiem;'
786 3193 880 3248 sed
927 3208 1166 3248 errorem
1215 3203 1270 3247 et
1331 3194 1790 3260 incredulitatem,
1820 3204 1942 3248 tan-

362 3300 527 3355 quam
581 3284 751 3339 duees
791 3298 1006 3353 semper
1065 3285 1238 3339 secuti
1318 3293 1462 3348 sunt,
1510 3292 1622 3338 tam
1666 3286 1938 3355 prioribus

366 3391 529 3445 quam
579 3375 976 3445 posterioribus
1033 3375 1406 3445 temporibus;
1445 3387 1730 3446 propterea
1765 3392 1795 3430 a
1825 3376 1937 3432 Deo

368 3469 437 3522 ab
484 3467 735 3534 ingressu
775 3468 833 3521 in
876 3466 1024 3520 illam
1069 3467 1339 3538 requiem,
1379 3470 1543 3522 etiam
1576 3469 1941 3539 jurejurando

369 3558 714 3628 interposito,
745 3559 950 3613 exclusi
974 3567 1125 3613 sunt.
1155 3558 1441 3625 Quomodo
1474 3561 1617 3614 enim
1647 3561 1940 3616 introirent

366 3649 423 3704 in
473 3650 738 3720 requiem,
780 3650 872 3719 qui
923 3651 1166 3705 volentes
1209 3652 1548 3723 libentesque
1595 3667 1656 3707 se
1695 3667 1723 3706 a
1772 3653 1938 3708 bene-

366 3743 603 3799 dictione
626 3741 1036 3799 abalienarunt?

439 3922 497 3980 ld
516 3925 662 3995 quod
686 3926 828 3981 intra
850 3934 1085 3982 testatur
1110 3926 1352 3998 psalmus
1369 3928 1756 3998 nonagesimus
1774 3929 1941 3999 quin-

368 4026 477 4078 tus.
499 4024 554 4070 et
587 4016 704 4087 ipse
734 4015 975 4073 Hebraeis
1003 4018 1151 4072 nulla
1182 4018 1539 4089 inscriptione
1578 4028 1938 4089 praenotatus.

366 4106 536 4164 Nobis
570 4114 751 4163 autem
791 4116 876 4163 cst
921 4108 1163 4178 psalmus
1191 4109 1281 4183 ille
1314 4109 1590 4164 canticum
1622 4109 1734 4167 Deo
1755 4122 1940 4168 canta-

371 4206 486 4252 tum
520 4204 644 4269 post
668 4196 897 4252 reditum
925 4212 991 4251 ex
1019 4199 1350 4269 captivitate,
1372 4200 1591 4269 quando
1617 4202 1941 4258 reaedilicata

2036 364 2303 435 πονηρίαν
2324 364 2505 418 αὐτῶν
2529 365 2748 433 ἀφανιεῖ
2774 365 2971 427 αὐτοὺς
3004 362 3207 434 Κύριος
3225 365 3255 416 6
3275 363 3440 425 Θεός’
3480 382 3504 415 ο
3536 380 3636 431 ση-

2039 454 2245 524 μαίνων
2288 454 2377 508 διὰ
2427 455 2536 508 τῶν
2570 455 2895 527 εἰρημένων,
2929 455 3012 507 ὅτι
3038 456 3086 507 οἱ
3131 454 3227 507 νῦν
3274 456 3345 524 τῇ
3366 452 3635 523 ἁμαρτίᾳ

2039 547 2459 616 μεμορφωμένοι
2484 547 2966 617 ἀφανισθήσονται.
2995 545 3109 615 Τῆς
3156 545 3264 617 γὰρ
3293 545 3495 608 κακίας
3520 543 3633 595 οὐκ

2035 636 2239 708 οὔσης,
2290 638 2413 691 οὐδὲ
2458 640 2488 690 6
2544 637 2664 691 κατ’
2712 637 2881 707 αὐτὴν
2928 636 3361 708 μεμορφωμένος
3418 634 3628 688 ἔσται’

2037 728 2381 801 ἀπολομένης
2443 726 2535 783 οὖν
2582 730 2682 799 τῆς
2738 729 2959 793 κακίας,
3015 730 3112 782 καὶ
3167 731 3227 782 ὲν
3283 727 3471 799 μηδενὶ
3525 726 3639 781 τοῦ

2037 821 2278 876 τοιούτου
2329 821 2677 893 χαρακτῆρος
2721 818 3161 889 ὑπολειφθέντος.
3217 819 3421 881 πάντες
3472 817 3634 871 κατὰ

2036 914 2270 984 Χριστὸν
2305 912 2777 984 μορφωθήσονται,
2822 912 2918 964 καὶ
2951 912 3050 982 μία
3080 912 3245 964 πᾶσιν
3270 909 3627 981 ὲξαστράψει

2041 1005 2244 1077 μορφὴ,
2273 1007 2308 1078 ή
2344 1004 2405 1070 ἐξ
2433 1004 2607 1076 ἀρχῆς
2634 1004 2985 1075 ὲπιὸληθεῖσα
3013 1006 3079 1074 τῇ
3112 1003 3290 1072 φύσει.

2556 1365 2946 1423 ΚΕΦΔΛΑΙΟΝ
2972 1361 3057 1422 Θ’.

2107 1547 2261 1603 Μετὰ
2299 1546 2473 1601 ταῦτα
2515 1546 2727 1616 πρόεισι
2775 1543 2917 1597 κατά
2956 1544 3017 1596 τὸ
3061 1542 3375 1605 ἀκόλουθον,
3428 1543 3636 1614 μηδενὶ

2039 1638 2147 1693 τῶν
2178 1639 2452 1710 μουσικῶν
2478 1655 2753 1709 συγκεχρη
2764 1637 2921 1706 μένος
2945 1636 3213 1708 ὀργάνων,
3242 1634 3380 1688 ἀλλά
3406 1635 3497 1687 διὰ
3520 1634 3634 1704 τῆς

2040 1731 2173 1796 ἰδίας
2211 1731 2394 1800 φωνῆς
2419 1730 2509 1783 τὸν
2562 1729 2807 1799 εὔφημον
2836 1723 2984 1781 αἶνον
3015 1727 3105 1780 διὰ
3129 1727 3230 1796 τῆς
3260 1727 3405 1798 ᾠδῆς
3433 1728 3635 1781 ἀνατιο

2038 1820 2151 1883 θεὶς
2189 1819 2267 1890 τῷ
2314 1818 2453 1888 Θεῷ.
2488 1819 2627 1889 Φησὶ
2657 1819 2785 1889 γάρ·
2826 1836 2845 1868 ι
2880 1814 3037 1880 Αἶνος
3078 1816 3222 1887 ᾠδῆς
3267 1815 3346 1887 τῷ
3373 1817 3564 1870 Δαόἰδ.
3603 1835 3631 1868 θ

2037 1911 2150 1965 Καὶ
2188 1910 2326 1981 αὕτη
2373 1910 2429 1962 δὲ
2474 1913 2585 1973 τοῖς
2632 1909 2899 1981 Ἑϐραίοις
2943 1911 2977 1979 ὴ
3023 1907 3304 1978 ἐπιγραφὴ
3344 1908 3448 1960 οὐκ
3482 1908 3627 1960 ἐστι.

2039 2004 2396 2075 Προκαλεῖται
2425 2003 2534 2074 γὰρ
2555 2005 2681 2066 τοὺς
2713 2002 3010 2066 ἀκούοντας
3037 2003 3115 2064 εἰς
3142 2000 3427 2055 κοινωνίαν
3449 2000 3633 2069 ἀγαλά

2039 2094 2333 2164 λιάματος,
2361 2095 2458 2148 καὶ
2488 2096 2567 2157 εἰς
2598 2093 2916 2165 ἀλαλαγμὸν
2961 2093 3259 2155 ἐπινίκιον,
3292 2111 3313 2143 ι
3349 2092 3561 2155 Δεῦτε,
3601 2112 3627 2145 ι

2039 2181 2243 2253 λέγων,
2291 2204 2309 2235 ‹
2364 2183 2821 2253 ἀγαλλιασώμεθα
2867 2182 2946 2253 τῷ
2994 2183 3212 2252 Κυρίῳ*
3261 2181 3633 2250 ἀλαλαξωμεν

2038 2277 2117 2348 τῷ
2149 2277 2267 2347 Θεῷ
2290 2276 2367 2346 τῷ
2400 2277 2601 2346 σωτῆρι
2624 2275 2802 2346 ἡμῶν.
2849 2294 2866 2325 ι
2900 2273 3010 2327 Καί
3043 2291 3165 2326 τινα
3196 2272 3331 2344 πρὸς
3370 2272 3450 2343 τῷ
3476 2273 3627 2325 τέλει

2040 2370 2552 2441 καταφορικωτέραν
2608 2367 2834 2438 ἀπειλὴν
2890 2367 3031 2420 κατά
3080 2366 3189 2419 τῶν
3244 2365 3625 2420 ἀπιστούντων

2041 2460 2178 2532 ἔχει,
2207 2460 2316 2514 τῶν
2342 2459 2442 2533 τὴν
2470 2461 2640 2530 αὐτὴν
2679 2458 3107 2529 ἐπιδειξαμένων
3128 2458 3419 2513 κακόνοιαν
3439 2500 3457 2524 ,
3484 2458 3547 2512 ἐν
3564 2475 3625 2511 τε

2039 2555 2149 2616 τοῖς
2176 2552 2580 2623 τεσσαράκοντα
2613 2551 2757 2604 ἔτεσι
2782 2549 2881 2620 τῆς
2914 2552 2970 2605 ἐν
3000 2554 3065 2622 τῇ
3098 2551 3289 2622 ἐρήμῳ
3318 2549 3629 2619 διαγωγῆς,

2043 2646 2100 2698 ὲν
2134 2638 2215 2707 οἷς
2249 2643 2341 2696 τὸν
2389 2644 2684 2714 εὐεργέτην
2727 2641 3072 2713 παρώξυναν,
3119 2644 3214 2696 καὶ
3264 2642 3406 2711 μετὰ
3444 2642 3625 2696 ταῦτα

2042 2734 2142 2802 τὴν
2180 2730 2426 2785 δοθεῖσαν
2467 2734 2598 2803 ἡμῖν
2629 2732 2716 2785 διὰ
2746 2731 2842 2785 τοῦ
2889 2730 3225 2800 Εὐαγγελίου
3270 2731 3628 2784 κατάπαυσιν

2040 2826 2138 2896 τῆς
2170 2824 2442 2897 ἁμαρτίας
2473 2824 2547 2896 μὴ
2568 2824 2989 2895 προσδεχόμενοι
3013 2839 3027 2853 ⁸
3060 2817 3142 2886 οἷς
3172 2822 3299 2893 ἐξῆν
3330 2840 3348 2871 ι
3381 2823 3622 2893 σήμερον

2042 2917 2309 2971 ἀκούσασι
2350 2920 2449 2989 τῆς
2480 2916 2664 2987 φωνῆς
2692 2916 2785 2969 τοῦ
2838 2935 2856 2967 ι
2893 2916 2959 2969 δι’
2990 2916 3139 2986 ἡμᾶς
3171 2918 3251 2977 εἰς
3292 2915 3354 2967 τὸ
3382 2914 3628 2985 σήμερον

2044 3009 2409 3075 εἰσελθόντος,
2444 3010 2539 3062 καὶ
2571 3011 2637 3061 ἐκ
2660 3009 2760 3079 τῆς
2802 3007 3127 3079 προαιωνίου
3163 3023 3223 3059 τε
3410 3007 3506 3058 καὶ
3538 3008 3625 3058 di.-

2040 3101 2151 3154 δίου
2180 3099 2594 3170 μεγαλειότητος
2632 3102 2710 3163 εἰς
2737 3099 2988 3169 χρονικὴν
3012 3099 3229 3166 γένεσιν
3261 3099 3627 3163 καταϐάντος,

2041 3190 2250 3255 ἀνοῖξαι
2297 3191 2508 3252 ἑαυτοῖς
2546 3189 2644 3260 τὴν
2684 3189 2887 3241 εἴσοδον
2928 3190 3025 3259 τῆς
3054 3187 3435 3253 ἀναπαύσεως.
3480 3190 3621 3241 Ἀλλ’

2040 3284 2129 3337 ἀεὶ⁸
2170 3283 2271 3353 τὴν
2307 3281 2514 3351 πλάνην
2565 3282 2655 3334 καὶ
2702 3281 2800 3351 τὴν
2850 3282 3106 3335 ἀπιστίαν
3166 3281 3363 3354 ὁδηγὸν
3412 3282 3631 3336 ἑαυτῶν»

2042 3372 2491 3443 προϐαλλόμενοι,
2523 3370 2580 3424 ἕν
2616 3389 2673 3425 τε
2704 3375 2814 3435 τοῖς
2846 3372 3081 3442 πρώτοις
3110 3373 3208 3426 καὶ
3245 3375 3435 3439 ἐντοῖς
3475 3374 3625 3444 μετὰ

2038 3465 2215 3519 ταῦτα
2244 3465 2489 3536 χρόνοις,
2523 3465 2672 3536 ὅρκῳ
2711 3464 2812 3534 τῆς
2846 3465 3054 3518 εἰσόδου
3081 3467 3179 3535 τῆς
3206 3466 3286 3529 εἰς
3318 3466 3417 3537 τὴν
3447 3468 3623 3520 κατά-

2040 3573 2241 3610 παυσιν
2268 3556 2364 3610 τοῦ
2394 3555 2527 3609 Θεοῦ
2555 3554 3007 3627 ἀπεκλείσθησαν.
3040 3556 3165 3620 Πῶς
3186 3555 3295 3627 γὰρ
3334 3558 3401 3610 ἂν
3440 3558 3625 3610 εἰσέλ-

2043 3648 2186 3702 θοιεν
2220 3648 2300 3711 εἰς
2325 3649 2424 3717 τὴν
2466 3647 2829 3711 κατάπαυσιν,
2864 3649 2913 3701 οἰ
2952 3648 3214 3713 ἑκουσίως
3255 3649 3483 3712 ἑαυτοὺς
3519 3651 3621 3721 τῆς

2041 3740 2292 3811 εὐλογίας
2318 3739 2811 3812 ἀλλοτριώσαντες;

2113 3924 2269 3979 Οὕτω
2283 3925 2374 3978 καὶ
2388 3926 2417 3978 6
2434 3923 2544 3995 (84)
2565 3923 2702 3994 μετὰ
2724 3920 2945 3989 τούτους
2969 3927 2999 3978 6
3022 3926 3268 3997 πέμπτος
3290 3929 3387 3982 καὶ
3406 3932 3625 4001 ὲννενη-

2041 4016 2252 4091 κοστδς,
2285 4019 2396 4081 τοῖς
2421 4017 2519 4087 μὲν
2564 4016 2937 4089 Ἐϐραῖζουσιν
2970 4018 3338 4092 ἀνεπίγραφος
3369 4020 3627 4090 λέγεται·

2042 4112 2173 4182 ἡμῖν
2201 4110 2259 4162 δέ
2288 4110 2434 4163 ἐστιν
2464 4109 2576 4180 ᾠδὴ
2606 4109 2746 4178 μετά
2768 4109 2866 4180 τὴν
2905 4109 3167 4165 ἐπάνοδον
3194 4111 3292 4183 τὴν
3319 4114 3386 4165 ὲκ
3411 4114 3513 4181 τῆς
3532 4115 3625 4167 αἱ-

2041 4203 2359 4274 χμαλωσίας
2378 4200 2454 4273 τῷ
2475 4201 2594 4272 Θεῷ
2623 4201 2871 4273 ᾁσθεϊσα,
2900 4202 2990 4256 ὅτε
3022 4204 3417 4277 ἀνῳκοδομήθη
3445 4205 3627 4259 διαλυ-

366 4297 451 4344 cst
490 4288 758 4343 dissoluta
786 4298 997 4345 naturae
1029 4299 1231 4347 nostrae
1269 4290 1476 4347 fabrica
1507 4310 1522 4347 :
1556 4293 1636 4348 sic
1674 4295 1820 4349 enim
1855 4295 1937 4349 in-

2046 4297 2199 4351 θεῖσα
2227 4298 2261 4368 ἡ
2299 4296 2399 4367 τῆς
2436 4296 2650 4365 φύσεως
2683 4294 2848 4365 ἡμῶν
2883 4298 3218 4367 κατασκευή
3268 4296 3418 4351 οὕτω
3450 4299 3560 4369 γὰρ
3589 4301 3627 4371 ἡ

368 4380 594 4452 scriptio
636 4380 703 4434 ad
746 4381 971 4436 verbum
1000 4383 1163 4437 habet
1192 4400 1206 4437 :
1242 4403 1261 4435 ι
1296 4382 1442 4438 Laus
1470 4386 1691 4449 cantici,
1717 4387 1943 4456 quando

367 4465 563 4522 domus
593 4467 862 4523 mdilicata
886 4476 971 4524 est
992 4477 1116 4539 post
1154 4471 1547 4542 captivitatem,
1586 4474 1942 4545 inscriptione

369 4559 510 4630 apud
541 4556 797 4616 Hebraeos
833 4575 1049 4615 carens.
1076 4579 1095 4611 ι
1131 4560 1235 4626 Qui
1262 4561 1506 4630 psalmus
1528 4564 1710 4619 statim
1736 4573 1942 4637 myste-

369 4652 510 4703 rium
532 4648 668 4703 Novi
695 4649 1031 4706 Testamenti
1059 4653 1366 4717 annuntiat,
1394 4668 1517 4707 cum
1541 4656 1648 4709 ait:
1677 4674 1695 4706 ε
1717 4655 1941 4714 Cantate

370 4740 595 4795 Domino
608 4743 880 4796 canticum
894 4757 1113 4796 novum.
1127 4761 1146 4793 ι
1165 4742 1548 4801 Meritoautem
1564 4749 1753 4816 psalmi
1776 4750 1842 4803 hu
1845 4750 1936 4821 jus

368 4833 658 4902 inscriptio
681 4832 825 4903 apud
853 4830 1109 4887 Hebraeos
1132 4836 1422 4900 omittitur,
1453 4839 1581 4907 quia
1608 4848 1732 4907 post
1761 4840 1935 4895 Evan-

380 4924 585 4992 gelicas
618 4938 800 4989 voces,
837 4936 976 4994 quas
1006 4924 1162 4980 initio
1192 4927 1388 4996 psalmi
1428 4931 1705 4997 praemisit,
1743 4934 1808 4988 ad
1842 4950 1937 4992 eos

365 5015 458 5082 qui
488 5030 552 5068 ex
589 5015 843 5084 gentibus
868 5022 1016 5080 sunt,
1040 5018 1379 5073 convertitur
1402 5018 1687 5092 Prophetas
1720 5040 1933 5084 sermo:

374 5124 392 5155 ι
425 5105 625 5161 All‘erte
655 5103 908 5173 Domino,
944 5106 1137 5178 patriae
1162 5108 1443 5180 gentium;
1489 5111 1676 5171 all‘erte
1710 5114 1938 5176 Domino

434 5297 486 5329 "
512 5297 660 5355 Psal.
692 5313 819 5355 xctv
850 5317 972 5374 sqq.

443 5461 557 5532 (se)
583 5463 695 5534 Τήν
714 5478 824 5520 om.
855 5466 947 5523 ed.

437 5534 547 5605 (83)
572 5533 775 5589 Tc’om.
797 5535 886 5590 ed.

2044 4390 2142 4461 τῆς
2168 4391 2478 4459 ἐπιγραφῆς
2511 4387 2624 4458 ἔχει
2659 4386 2801 4452 λέξις
2822 4405 2835 4418 ·
2865 4407 2883 4438 ‹
2903 4384 3060 4452 Αἶνος
3088 4389 3249 4461 ᾠδῆς,
3279 4391 3371 4444 ὅτε
3409 4393 3438 4445 6
3477 4387 3625 4454 οἶκος

2044 4480 2365 4555 ᾠκοδομήθη
2393 4480 2530 4551 μετά
2554 4479 2652 4549 τὴν
2674 4480 3069 4549 αἰχμαλωσίαν,
3091 4480 3468 4552 ἀνεπίγραφος
3491 4482 3630 4553 παρ’

2057 4572 2344 4643 Ἑϐραίοις.
2375 4590 2391 4621 ι
2411 4569 2581 4633 Εὐθὺς
2597 4570 2652 4623 δὲ
2671 4564 2732 4622 τὸ
2754 4570 2855 4637 τῆς
2875 4571 3086 4641 Καινῆς
3109 4571 3384 4642 Διαθήκης
3414 4574 3628 4643 μυστή-

2048 4682 2168 4736 ριον
2209 4665 2267 4717 ὲν
2315 4663 2621 4734 προοιμίοις
2654 4665 2687 4733 ἡ
2724 4661 3015 4733 ψαλμῳδία
3055 4664 3495 4732 εὐαγγελίζεται,
3536 4665 3627 4718 λέ-

2044 4772 2236 4823 γουσα·
2278 4756 2512 4826 ιᾊσατε
2541 4752 2619 4823 τῷ
2647 4753 2838 4825 Κυρίῳ
2871 4750 3023 4825 ᾆσμα
3052 4754 3257 4811 καινόν.
3295 4775 3315 4808 ι
3382 4757 3627 4820 Εἰκότως

2044 4847 2100 4899 δὲ
2121 4848 2153 4917 ἡ
2175 4844 2452 4916 ἐπιγραφὴ
2467 4841 2559 4896 τοῦ
2581 4843 2798 4916 ψαλμοῦ
2810 4844 2997 4898 τούτου
3033 4846 3183 4916 παρά
3211 4848 3325 4910 τοῖς
3351 4847 3627 4919 Ἑϐραίοις

2047 4936 2350 5006 σεσίγηται,
2386 4936 2466 4989 ὅτι
2500 4937 2638 5006 μετά
2678 4936 2776 4999 τὰς
2819 4937 3183 5006 εὑαγγελικάς
3226 4940 3441 5009 φαεινὰς,
3468 4939 3535 5002 ἃς
3564 4942 3629 4994 ἰν

2046 5027 2355 5100 προοιμίοις
2385 5030 2483 5097 τῆς
2523 5026 2841 5098 ψαλμῳδίας
2873 5030 3166 5100 πεποίηται
3184 5070 3200 5096 ,
3249 5031 3390 5101 πρὸς
3414 5032 3543 5094 τοὺς
3562 5032 3631 5097 ἐξ

2046 5119 2214 5174 ἐθνῶν
2266 5117 2561 5189 ἐπιγράφει
2602 5119 2694 5175 τὸν
2732 5118 2891 5190 λόγον
2928 5121 2963 5192 ἡ
3011 5122 3326 5194 προφητεία
3366 5121 3627 5193 λέγουσι’

2117 5478 2235 5550 (84)
2260 5479 2320 5534 ’0
2348 5494 2463 5537 om.
2494 5480 2561 5538 ed
