3838 6224
145 455 244 514 529

1509 452 1580 506 ΙΝ
1611 452 1950 510 PSALMOS.

3289 459 3396 516 530

153 589 172 622 ι
213 564 490 632 Ἐνέγκατε
515 562 592 634 τῷ
619 561 830 634 Κυρίῳ,
855 563 912 617 αι
949 565 1180 636 πατριαὶ
1206 564 1316 618 τῶν
1341 563 1534 634 ἐθνῶν,
1561 565 1708 635 ἐνέγ-

1817 566 2050 638 gloriam
2085 573 2140 622 et
2175 564 2462 630 honorem,
2503 573 2558 620 et
2589 564 2814 619 adorate
2839 563 3128 620 Dominum
3163 567 3218 622 in
3256 585 3398 625 amo

149 679 268 716 κατε
283 659 356 730 τῷ
373 658 562 730 Κυρίῳ
579 657 734 724 δόξαν
756 659 852 712 καὶ
876 676 928 712 τι
935 659 1066 731 μὴν,
1089 661 1182 713 καὶ
1199 661 1618 732 προσκυνήσατε
1635 661 1714 732 τῷ

149 755 322 825 Κυρίῳ
343 757 400 806 ἐν
423 753 560 824 αύλῇ
585 753 717 822 ἁγίᾳ
761 751 928 804 αὐτοῦ
956 793 972 818 ,
1009 753 1124 825 (85)
1160 753 1254 806 καὶ
1299 753 1470 824 ἄρατε
1525 753 1714 818 Θυσίας

149 847 232 901 καὶ
263 843 638 914 εἰσπορεύεσθε
677 845 757 907 εἰς
785 843 884 907 τὰς
913 843 1083 908 αὐλὰς
1125 843 1312 898 αὐτοῦ.
1347 864 1364 895 ι
1407 847 1517 898 Καὶ
1553 848 1660 908 πᾶς
1683 847 1712 898 ὁ

145 935 328 1008 ἐφεξῆς
351 936 504 1004 λόγος
523 934 760 999 τοιοῦτός
785 937 921 998 ἐστι,
947 937 1048 1008 τὴν
1076 937 1168 988 ἐπὶ
1190 937 1256 988 τὰ
1279 937 1406 1007 ἔθνη
1433 938 1533 1006 τῆς
1555 937 1710 990 εὐλο-

148 1031 260 1097 γίας
277 1029 597 1099 μετάστασιν
627 1028 1038 1100 προαγορεύων.
1063 1049 1082 1079 ι
1107 1028 1340 1081 Εἴπατε»
1373 1029 1498 1100 γὰρ,
1521 1031 1708 1100 φησιν,

154 1141 170 1172 ι
205 1123 256 1174 ὲν
283 1123 390 1183 τοίς
420 1119 656 1184 ἔθνεσιν,
681 1121 764 1172 ὅτι
811 1120 1016 1192 Κύριος
1051 1121 1397 1173 ἐδασίλευσε’
1445 1141 1462 1172 ι
1498 1123 1590 1174 καὶ
1619 1122 1710 1174 λυ-

149 1213 314 1266 θεῖσαν
337 1213 438 1266 ὑπὸ
465 1213 662 1276 κακίας
693 1213 791 1282 τὴν
810 1214 1132 1284 οἰκουμένην
1155 1212 1534 1284 κατώρθωσεν,
1569 1213 1708 1267 ὥστε

149 1306 422 1364 ἀσάλευτον
449 1307 528 1368 εἰς
551 1305 612 1358 τὸ
639 1305 884 1376 διηνεκὲς
931 1306 1112 1374 μένειν
1131 1323 1144 1334 ⁸
1179 1307 1266 1374 ἐφ’
1298 1301 1379 1368 οἷς
1405 1306 1513 1378 (86)
1545 1325 1562 1356 ι
1601 1307 1706 1358 Εὑ-

150 1397 444 1466 φραίνονται
483 1398 534 1450 οἱ
573 1397 827 1468 οὐρανοὶ,
857 1398 952 1450 καὶ
991 1397 1286 1464 ἀγάλλεται
1335 1399 1484 1450 πᾶσα
1525 1401 1558 1468 ἡ
1597 1399 1666 1468 γῆ
1689 1435 1708 1462 ,

151 1488 494 1559 σαλευομένων
517 1488 630 1540 τῶν
651 1488 956 1542 θαλασσίων
983 1489 1190 1542 ὑδάτων
1209 1491 1306 1544 σὺν
1323 1490 1402 1560 τῷ
1431 1489 1546 1560 ἰδίῳ
1567 1490 1708 1560 πλη-

147 1579 360 1656 ρώματι.
392 1599 412 1630 ι
445 1581 522 1631 Δι’
551 1573 630 1634 ὧν
657 1579 938 1649 τροπικῶς
963 1580 1062 1650 τὴν
1091 1581 1339 1633 ἐναντίαν
1363 1581 1701 1634 ἐνδείκνυται

147 1670 373 1741 δύναμιν,
423 1671 838 1743 ταραττομένην
873 1689 936 1724 τε
993 1674 1086 1725 καὶ
1115 1672 1462 1726 ἀστατοῦσαν
1512 1673 1604 1725 ἐπὶ
1640 1675 1706 1744 τῇ

145 1761 368 1830 ἡμετέρα
395 1759 530 1830 ζωῇ,
571 1761 700 1813 ὅταν
741 1761 964 1832 οὐρανοὶ
1003 1761 1289 1830 γενώμεθα
1311 1761 1409 1832 τὴν
1434 1761 1590 1828 δόξαν
1613 1761 1706 1814 τοῦ

145 1849 266 1904 Θεοῦ
305 1851 685 1922 διηγούμενοι,
736 1852 768 1920 ἢ
809 1853 923 1922 (87)
969 1853 1039 1922 γῆ
1087 1853 1174 1906 διὰ
1217 1853 1318 1924 τῆς
1361 1853 1468 1908 τῶν
1497 1853 1707 1924 ἀρετῶν

145 1943 500 2013 καρποφορίας
532 1943 929 2016 εὐλογουμένη.
973 1965 990 1996 ι
1035 1946 1360 2016 Σαλευθήτω
1391 1967 1410 1998 ι
1449 1947 1580 2017 γὰρ,
1609 1965 1714 2018 φη-
1743 1934 1785 1990 Β

145 2031 240 2094 civ.
287 2055 304 2086 ι
333 2035 364 2102 ή
397 2031 670 2096 θάλασσα,
703 2033 882 2092 καὶτὸ
918 2033 1194 2106 πλήρωμα
1233 2035 1427 2104 αὐτῆς.
1469 2054 1492 2088 ι
1523 2037 1712 2106 Χαρή-

147 2123 313 2178 σεσθαι
345 2125 400 2178 δὲ
429 2125 498 2178 τὰ
533 2125 696 2178 πεδία
729 2125 898 2192 λέγει.
943 2125 1048 2178 Τὸν
1077 2127 1278 2195 ὁμαλὸν
1307 2129 1366 2180 ἐν
1393 2129 1558 2198 ἀρετῇ
1597 2128 1712 2196 βίον

145 2213 290 2269 πεδία
319 2214 510 2284 λέγων,
541 2209 604 2268 οὗ
639 2216 734 2268 καὶ
765 2218 794 2268 ό
849 2217 1075 2280 Ἡσαΐας
1119 2219 1178 2268 ἐν
1204 2221 1320 2280 τοῖς
1354 2218 1505 2281 ἰδίοις
1533 2219 1710 2286 λόγοις

145 2305 272 2375 ἄλλῳ
311 2307 582 2379 μέμνηται
611 2310 824 2379 τρόπῳ,
867 2308 1310 2379 ἀναπληροῦσθαι
1341 2309 1438 2380 μὲν
1465 2311 1710 2364 κελεύων

144 2398 231 2459 τὰς
259 2399 562 2469 φάραγγας,
589 2399 980 2454 καταστέλλειν
1014 2400 1070 2452 δὲ
1106 2401 1232 2464 τοὺς
1256 2401 1498 2470 βουνοὺς,
1531 2401 1710 2454 καὶτὰ

143 2489 250 2559 ὕρη.
289 2491 458 2561 Ὅπερ
495 2489 652 2542 οὐδὲν
683 2491 872 2559 ἕτερόν
905 2507 999 2560 μοι
1025 2489 1210 2554 δοκεῖ,
1241 2489 1273 2560 ἢ
1315 2491 1414 2554 τὰς
1448 2489 1710 2560 ἐλλείψεις

143 2595 194 2631 τε
215 2581 304 2632 καὶ
331 2581 714 2651 ὑπερπτώσεις
741 2583 848 2634 τῶν
879 2582 999 2634 κατ’
1027 2581 1228 2652 ἀρετὴν
1257 2582 1710 2652 ἐπιτηδευμάτων

147 2672 443 2742 θεραπεύειν
472 2673 821 2744 βουλόμενος,
853 2674 1026 2728 ταῦτα
1059 2674 1260 2742 λέγειν,
1295 2673 1440 2728 ὥστε
1470 2676 1608 2745 μήτε
1643 2675 1708 2726 δι’

145 2763 407 2832 ἐλλείψεως
435 2765 530 2818 τοῦ
578 2764 786 2834 ἀγαθοῦ
825 2767 916 2818 τὸν
947 2765 1048 2836 τῆς
1077 2767 1278 2836 ἀρετῆς
1315 2765 1470 2834 λόγον
1497 2765 1708 2818 κοιλαί-

145 2853 305 2908 νεσθαι
323 2871 338 2886 ⁸
367 2855 501 2925 μήτε
529 2855 842 2926 ἀνωμαλεῖν
864 2856 954 2910 διὰ
975 2855 1077 2926 τῆς
1109 2855 1529 2926 ὑπερπτώσεως.
1561 2875 1578 2903 ε
1599 2858 1710 2908 Χαι-

147 2947 348 3022 ρήσεται
367 2965 384 2996 ι
411 2947 542 3018 γὰρ,
585 2949 750 3018 φησὶν
770 2988 786 3012 ,
823 2965 846 2998 ι
869 2947 940 3000 τὰ
967 2946 1148 3012 πεδία,
1179 2948 1274 3002 καὶ
1297 2947 1474 3001 πάντα
1502 2947 1569 3000 τὰ
1598 2947 1708 3018 (88)

149 3039 198 3092 ἐν
223 3039 416 3103 αὐτοῖς.
449 3057 468 3091 ι

207 3217 604 3289 Παραπλησίως
629 3217 690 3270 δέ
724 3217 816 3268 καὶ
844 3218 872 3269 ὁ
905 3217 1201 3286 μετάύτὸν
1228 3217 1442 3286 ψαλμὸς
1471 3218 1530 3270 οὑ
1567 3235 1706 3288 παρ-

1819 667 2012 714 sancto
2037 657 2186 727 ejus;
2213 677 2234 710 ›
2267 667 2320 712 et
2345 663 2458 710 tota
2489 672 2610 727 qua:
2639 657 2891 728 sequitur
2919 660 3096 714 oratio
3123 661 3395 730 ejusmodi

1821 759 1930 814 est,
1968 757 2028 804 ut
2077 746 2480 804 benedictionis
2513 747 2580 800 ad
2620 757 2812 816 gemes
2859 749 3274 803 translationem
3309 751 3397 804 de-

1817 851 2088 898 monstret
2113 859 2127 896 :
2157 841 2335 912 inquit
2357 841 2503 894 enim
2537 855 2550 890 :
2586 857 2604 888 ι
2643 839 2814 894 Dicite
2851 840 2906 894 in
2935 843 3226 910 gentibus;
3256 842 3394 907 Quia

1813 933 2082 989 Dominus
2105 933 2374 1003 regnavit;
2401 951 2424 984 ι
2453 941 2733 1002 totamque
2769 947 2950 986 rerum
2981 933 3394 990 universitatem

1811 1027 1881 1080 ab
1915 1025 2266 1096 improbitate
2285 1023 2616 1080 destructam
2651 1026 2908 1091 restituit,
2943 1035 3004 1079 ut
3031 1027 3084 1080 in
3111 1035 3390 1097 posterum

1813 1129 2080 1190 perpetuo
2123 1118 2454 1174 inconcussa
2491 1117 2786 1180 consistat,
2834 1118 2902 1172 ob
2957 1134 3078 1187 quae
3134 1137 3152 1170 ι
3179 1118 3394 1174 Laztan-

1813 1222 1904 1265 tur
1939 1211 2088 1274 caeli,
2123 1219 2178 1264 et
2211 1211 2450 1266 exsultat
2495 1210 2676 1266 omnis
2712 1221 2878 1276 terra,
2908 1211 3196 1266 commons
3233 1211 3392 1280 aquis

1813 1304 1990 1358 maris
2029 1318 2152 1356 cum
2191 1317 2294 1356 sua
2339 1301 2702 1372 plenitudine.
2741 1319 2760 1354 ι
2797 1301 3008 1368 Quibus
3034 1303 3394 1358 translatione

1813 1396 2054 1465 quadam
2099 1395 2394 1460 sermonis,
2427 1393 2798 1450 adversariam
2847 1401 3174 1464 potestatem
3217 1395 3392 1466 signi-

1813 1489 1966 1552 ﬁcat,
2007 1487 2284 1542 turbatam
2321 1488 2532 1542 scilicet
2569 1496 2624 1542 et
2669 1489 2798 1544 loco.
2825 1497 3026 1542 motam
3067 1503 3234 1558 super
3277 1490 3406 1542 vita.

1813 1589 2024 1644 nostra,
2057 1580 2281 1651 quando
2303 1595 2406 1636 nos
2433 1581 2842 1650 quodammodo
2861 1582 2984 1638 cceli
3007 1581 3136 1636 facti
3159 1583 3408 1653 gloriam.

1811 1670 1910 1725 Dei
1941 1687 2287 1737 enarramus,
2323 1671 2418 1741 qui
2449 1684 2592 1726 terra
2633 1689 2826 1728 smnus
2857 1688 2952 1742 per
2979 1673 3246 1727 virtutum
3283 1673 3416 1728 ferb-

1809 1762 2071 1814 tilitatem
2105 1761 2378 1816 benedicti
2409 1779 2422 1814 :
2458 1761 2592 1816 dicit
2616 1763 2760 1816 enim
2793 1781 2807 1816 :
2867 1779 2888 1814 ι
2930 1760 3212 1816 Moveatur
3239 1777 3392 1818 mare

1813 1864 1870 1908 et
1899 1855 2184 1924 plenitudo
2205 1855 2344 1924 ejus.
2369 1874 2388 1906 ›
2415 1853 2613 1909 Lat-tari
2649 1871 2775 1909 vero
2803 1855 2880 1909 ait
2907 1873 2927 1906 ι
2956 1869 3213 1924 campos;
3239 1875 3258 1907 ι
3291 1871 3390 1925 per

1815 1961 2041 2016 campos
2063 1947 2386 2016 aequabilem
2431 1947 2580 2000 illam
2611 1948 2831 2000 virtutis
2863 1948 3007 2001 viam
3047 1949 3386 2019 signiﬁcans.

1813 2039 1985 2106 Cujus
2018 2049 2070 2092 et
2113 2038 2282 2092 Isaias
2328 2039 2444 2092 suis
2473 2038 2529 2090 in
2565 2037 2911 2092 sermonibus
2943 2038 3050 2092 alio
3083 2038 3246 2092 modo
3275 2053 3392 2093 me-

1813 2129 2004 2190 minit,
2065 2143 2188 2182 cum
2233 2127 2388 2196 jubet
2439 2129 2638 2198 repleri
2685 2128 2893 2194 valles,
2949 2136 3005 2182 et
3050 2127 3391 2197 complanari

1813 2219 1983 2272 colles
2013 2225 2066 2272 et
2111 2229 2326 2274 montes
2357 2219 2403 2250 ⁸³
2442 2237 2456 2272 :
2489 2218 2636 2288 quod
2659 2219 2793 2272 mihi
2831 2219 2984 2272 nullo
3024 2220 3131 2273 alio
3157 2220 3390 2274 consilio

1813 2307 2020 2362 dixisse
2067 2308 2301 2372 videtur,
2353 2323 2516 2378 quam
2571 2317 2630 2362 ut
2683 2310 3018 2375 ostenderet,
3061 2310 3118 2364 in
3171 2309 3392 2365 virtutis

1813 2398 1996 2450 studio
2027 2412 2318 2450 excessum
2363 2397 2766 2468 delectumque,
2809 2414 2904 2452 seu
2939 2399 3169 2454 nimium
3209 2409 3264 2456 et
3295 2417 3394 2471 pa-

1813 2505 1957 2552 rmn,
2005 2490 2300 2558 diligenter
2347 2489 2736 2544 attendendum
2797 2505 2940 2556 esse,
2983 2499 3042 2544 ut
3077 2507 3254 2562 neque
3293 2507 3390 2562 per

1813 2585 2088 2638 defectum
2120 2583 2270 2647 boni,
2301 2583 2522 2638 virtutis
2553 2583 2822 2639 rationem
2849 2585 3006 2653 quasi
3033 2600 3386 2651 excavemus,

1811 2683 1865 2728 et
1898 2676 2280 2730 exinaniamus
2311 2693 2322 2727 :
2369 2690 2547 2744 neque
2585 2675 2748 2728 etiam
2793 2691 2890 2744 per
2921 2691 3210 2731 excessum
3263 2676 3392 2731 red-

1811 2769 1942 2822 dere
1993 2768 2310 2837 inaequalem
2366 2781 2630 2820 conemur
2678 2785 2692 2820 :
2739 2767 2874 2821 dicit
2913 2769 3056 2822 enim
3103 2787 3116 2820 :
3169 2785 3188 2818 ι
3223 2767 3395 2822 Laeta-

1815 2861 2018 2914 buntur
2057 2861 2258 2930 campi,
2291 2867 2346 2915 et
2379 2860 2564 2914 omnia
2591 2875 2712 2930 qua:
2753 2861 2810 2914 in
2839 2859 2920 2916 eis
2965 2871 3112 2916 sunt.
3151 2881 3170 2912 ›

1883 3215 2148 3268 Similiter
2180 3221 2234 3266 et
2275 3213 2324 3266 is
2365 3213 2462 3282 qui
2493 3213 2742 3282 sequitur
2785 3213 3030 3284 psalmus
3077 3211 3126 3244 ⁵⁸
3173 3213 3242 3266 ab
3285 3210 3406 3270 He—

149 3283 320 3378 εδέχθη
367 3283 460 3380 τῇ,
485 3309 600 3364 τῶν
645 3283 919 3380 Ἐϐραίων.
943 3283 1254 3382 ἐπιγραφῇ,
1285 3283 1417 3362 διύτι
1459 3309 1528 3364 τὰ
1567 3283 1702 3380 ἠμέ-

1815 3306 1976 3360 bra-is
2009 3305 2332 3377 repudiatus
2383 3313 2486 3368 est,
2529 3319 2596 3359 eo
2625 3305 2769 3374 quod
2799 3313 3018 3360 nostras
3057 3319 3166 3370 res,
3211 3313 3392 3360 terrae-

148 3417 264 3471 τερα
305 3401 468 3469 λέγει,
511 3401 614 3455 καὶ
647 3401 746 3471 τῆς
779 3399 1054 3470 ἡμετέρας
1087 3402 1189 3470 γῆς
1226 3401 1325 3472 τὴν
1368 3401 1705 3454 κατάστασιν

149 3493 216 3564 τῷ
263 3493 398 3566 λόγῳ
431 3493 874 3564 εὐαγγελίζεται.
925 3493 1237 3563 Ἀνατίθησι
1282 3495 1390 3564 γὰρ
1429 3492 1509 3559 τῷ
1547 3491 1712 3546 Δαυῒδ

147 3587 232 3656 τὴν
259 3585 573 3658 ψαλμῳδίαν
623 3588 656 3656 ἡ
707 3587 1031 3656 ἐπιγραφὴ,
1065 3584 1241 3647 οὕτως
1285 3585 1506 3654 ἔχουσα*
1551 3603 1570 3634 ι
1617 3583 1708 3654 Τῷ

149 3679 306 3742 Δαυῖδ,
333 3679 490 3732 ὁπότε
591 3679 662 3746 γῆ
679 3676 843 3730 αὐτοῦ
875 3677 1203 3746 κατεστάθη.
1234 3695 1252 3727 ›
1281 3677 1354 3729 Τὸ
1373 3677 1430 3730 δὲ
1457 3696 1476 3727 ι
1499 3677 1662 3728 αὑτοῦ
1684 3697 1702 3726 ι

147 3770 384 3842 δηλονότι,
424 3775 486 3826 οὐ
541 3773 686 3844 πρὸς
717 3771 808 3824 τὸν
841 3769 1027 3834 Δαϐὶδ,
1073 3769 1210 3822 ἀλλὰ
1257 3771 1396 3840 πρὸς
1445 3770 1537 3824 τὸν
1577 3769 1708 3822 Θεὸν

149 3867 232 3936 τὴν
279 3869 550 3938 σημασίαν
605 3867 738 3938 ἔχει.
789 3869 854 3920 Ἡ
897 3867 1005 3937 γὰρ
1051 3865 1316 3936 πρότερον
1363 3865 1452 3917 διὰ
1507 3864 1708 3927 κακίας

151 3957 412 4011 ἀποστᾶσα
437 3959 530 4029 γῆ,
559 3957 657 4010 νῦν
687 3957 775 4011 διὰ
800 3958 899 4027 τῆς
922 3956 1272 4024 ἐπιγνώσεως
1301 3955 1396 4007 τοῦ
1421 3955 1560 4006 Θεοῦ
1583 3955 1706 4023 ἔσχε

149 4049 202 4100 τὸ
225 4051 493 4119 στάσιμον.
536 4051 731 4120 Ἡμεῖς
761 4049 816 4101 δὲ
843 4051 1045 4111 πάντες
1073 4048 1240 4117 ἐσμὲν
1267 4049 1300 4116 ἡ
1331 4048 1399 4117 γῆ
1423 4047 1518 4098 τοῦ
1547 4047 1705 4110 Θεοῦ,

149 4139 190 4188 οἱ
219 4139 468 4210 πρότερον
525 4142 586 4192 ἐν
627 4138 706 4208 τῷ
751 4139 942 4209 ἁγαθῷ
987 4139 1429 4207 ἁστατήσαντες,
1487 4137 1579 4188 καὶ
1619 4135 1708 4188 διὰ

149 4230 284 4284 τοῦτο
315 4234 370 4284 ἐν
395 4233 614 4304 κατάρα
662 4234 970 4302 γενόμενοι·
1001 4229 1139 4302 μετὰ
1167 4230 1324 4282 τοῦτο
1351 4229 1408 4282 δὲ
1451 4231 1550 4299 τῆς
1575 4246 1708 4281 κατ-

151 4321 270 4390 άρας
315 4319 708 4390 ἐξαιρεθέντες,
745 4322 840 4374 καὶ
861 4320 962 4389 τῆς
987 4321 1045 4372 ἐν
1069 4318 1148 4389 τῷ
1171 4317 1362 4387 ἀγαθῷ
1395 4317 1557 4370 πάλιν
1587 4320 1710 4370 ἐπι-

149 4413 374 4478 τυχόντες
397 4413 663 4475 στάσεως.
681 4413 790 4464 Καὶ
813 4411 970 4464 τοῦτο
1002 4411 1164 4474 εὐθὺς
1187 4413 1219 4480 ἡ
1245 4409 1388 4481 ἀρχὴ
1413 4409 1511 4480 τῆς
1525 4409 1708 4480 ψαλμ·

149 4501 290 4570 ῳδίας
313 4503 745 4573 εὐαγγελίζεται,
775 4503 856 4556 ὅτι
881 4520 900 4551 ι
923 4499 1014 4554 τοῦ
1038 4499 1240 4572 Κυρίου
1260 4500 1702 4571 βασιλεύσαντος,

149 4595 178 4662 ἡ
207 4597 268 4664 γῆ
295 4595 798 4667 εὐφραίνεταιδὪς
827 4593 895 4647 ἂν
929 4593 983 4646 εἴ
1011 4611 1094 4656 τις
1121 4593 1290 4660 λέγοι,
1323 4593 1405 4646 ὃτι
1432 4591 1527 4644 τοῦ
1557 4593 1706 4663 ἡλίου

1811 3415 1918 3466 que
1955 3409 2154 3450 nostra:
2188 3397 2636 3452 constitutionem
2673 3398 2944 3459 decantet,
2994 3405 3048 3450 et
3079 3397 3386 3451 annuntiet.

1812 3491 2106 3560 Inscriptio
2151 3493 2295 3546 enim
2325 3491 2684 3560 psalmodiam
2719 3491 2860 3544 hanc
2891 3491 2993 3558 ipsi
3037 3491 3202 3544 David
3235 3492 3394 3545 attri-

1813 3585 1952 3646 buit,
1988 3599 2108 3652 qua:
2135 3585 2216 3636 sic
2267 3599 2326 3638 se
2353 3583 2516 3636 habet
2545 3601 2558 3636 :
2591 3602 2610 3632 ι
2639 3583 2741 3652 Ipsi
2771 3583 2956 3646 David,
2998 3583 3218 3651 quando
3247 3594 3390 3636 terra

1809 3676 1932 3743 ejus
1969 3675 2221 3730 restituta
2267 3681 2371 3728 est.
2409 3693 2426 3724 ι
2465 3674 2598 3726 Illud
2653 3689 2800 3734 vero,
2861 3693 2878 3724 ι
2914 3675 3053 3742 ejus,
3087 3693 3110 3725 ›
3159 3689 3264 3726 non
3323 3675 3392 3726 ad

1815 3766 2012 3829 David,
2059 3765 2156 3819 sed
2209 3765 2276 3817 ad
2307 3765 2476 3818 Deum
2526 3763 2872 3822 referendum
2909 3771 3014 3819 est.
3065 3763 3199 3818 Nam
3221 3773 3389 3830 terra,

1813 3875 1934 3927 quae
1980 3867 2138 3912 antea
2189 3875 2286 3928 per
2331 3859 2592 3910 malitiam
2643 3858 2938 3922 defecerat,
2979 3873 3126 3911 nunc
3171 3873 3267 3928 per
3299 3855 3391 3911 Dei

1813 3951 2182 4019 cognitionem
2221 3950 2471 4004 stabilem
2507 3957 2710 4003 sortem
2739 3957 2792 4003 et
2827 3949 3200 4003 conditionem
3231 3957 3392 4003 nacta

1811 4053 1914 4097 est.
1954 4041 2064 4097 Nos
2101 4059 2232 4096 vero
2267 4057 2462 4096 omnes
2514 4041 2606 4096 Dei
2645 4050 2788 4094 terra
2841 4057 3052 4106 sumus,
3108 4043 3202 4112 qui
3239 4043 3414 4114 prius.

1813 4137 1866 4189 in
1919 4136 2061 4190 bono
2103 4136 2412 4200 instabiles,
2443 4143 2496 4188 et
2526 4143 2816 4205 propterea
2865 4136 2917 4188 in
2952 4135 3392 4190 maledictionem

1813 4227 2050 4296 conjecti
2101 4227 2336 4292 fuimus;
2399 4235 2588 4296 postea
2635 4243 2768 4282 vero
2815 4228 3200 4284 maledictione
3227 4229 3394 4282 soluti

1813 4334 2008 4374 rursus
2031 4327 2350 4373 constantes
2382 4327 2436 4373 et
2486 4319 2710 4374 stabiles
2739 4319 2790 4372 in
2821 4321 2962 4374 bono
2982 4319 3157 4374 effecti
3179 4334 3418 4382 sumus,._

1811 4419 1872 4464 et
1901 4411 2005 4463 hoc
2035 4412 2193 4463 initio
2232 4412 2414 4464 statim
2443 4413 2746 4480 psalmodia
2770 4413 2872 4466 ista
2899 4411 3209 4475 annuntiat,
3245 4413 3390 4480 quod

1819 4521 1838 4553 ‹
1878 4501 2109 4556 Domino
2151 4515 2414 4573 regnante
2447 4506 2683 4559 exsultet
2711 4513 2894 4559 terra:
2929 4526 2947 4558 ι
2970 4506 3128 4576 quasi
3155 4505 3280 4576 quis
3309 4506 3394 4560 di-

1815 4599 1927 4656 cat,
1974 4599 2034 4646 ut
2079 4593 2296 4646 lucente
2336 4593 2452 4648 sole
2479 4603 2624 4649 terra
2673 4597 3018 4662 illustratur,
3061 4596 3142 4650 sic
3188 4611 3396 4666 prteva-

151 4681 484 4758 λάμψαντοςὴ
521 4687 592 4756 γῆ
623 4685 918 4756 φωτίζεται
939 4701 953 4717 ·
985 4685 1158 4748 οὕτως
1189 4683 1592 4754 ἐπικρατούσης
1613 4683 1706 4735 τοῦ

1815 4685 1960 4738 lente
2017 4701 2186 4754 regno
2237 4683 2474 4748 Domini,
2516 4687 2740 4740 exsistit.
2769 4687 2824 4738 in
2860 4686 3019 4740 nobis
3072 4685 3390 4754 jucunditas

153 4779 330 4849 Κυρίου
361 4783 462 4854 τῇς
507 4781 807 4851 βασιλείας,
847 4780 906 4830 ἐν
939 4779 1072 4848 ἡμῖν
1116 4779 1266 4829 ἐστιν
1315 4778 1350 4847 ἡ
1401 4775 1710 4846 εὐφροσύνη

153 4871 232 4940 τῆς
267 4871 559 4941 βασιλείας.
600 4873 756 4942 Ἔχει
786 4872 843 4925 δὲ
884 4873 917 4941 ἡ
948 4870 1091 4936 λέξις
1123 4869 1316 4932 οὕτως’
1359 4889 1377 4920 ι
1423 4868 1480 4922 ’0
1507 4869 1708 4938 Κύριος

153 4960 470 5016 ἐϐασίλευσεν
491 5005 506 5028 ,
531 4961 886 5030 ἀγαλλιάσθω
919 4961 1031 5030 (89)
1093 4961 1128 5030 ἡ
1177 4961 1250 5030 γῆ
1275 4977 1286 4990 ·
1350 4959 1706 5031 ἐφρανθήτω-

155 5067 238 5104 σαν
261 5054 406 5124 νῆσοι
437 5054 652 5106 πολλαί.
667 5053 890 5117 »Καλῶς
915 5053 1014 5115 τὰς
1032 5052 1212 5123 ψυχὰς
1235 5051 1346 5106 τῶν
1372 5053 1429 5104 ἐν
1450 5054 1563 5116 τοῖς
1589 5069 1710 5106 πειο

155 5149 357 5214 ρασμοίς
395 5147 456 5199 τὸ
487 5146 702 5217 ἐδραῖὁν
743 5163 802 5198 τε
847 5146 940 5198 καὶ
969 5144 1304 5215 ἀμετάθετον
1335 5143 1710 5214 ἐπιδεικνυμέ-

151 5253 260 5304 νων,
279 5241 466 5312 νήσους
485 5241 786 5310 ὼνόμασεν,
805 5239 872 5303 ἃς
891 5239 1152 5294 πάντοθεν
1172 5239 1270 5310 μὲν
1287 5237 1643 5310 διαλαμϐάνει
1671 5241 1705 5310 ἠ

151 5325 235 5396 τῆς
268 5331 458 5395 κακίας
487 5331 656 5402 ἅλμη,
689 5331 750 5384 οὐ
795 5332 902 5402 μὴν
951 5331 1205 5384 τοσοῦτον
1247 5327 1426 5401 ἰσχύει
1469 5331 1707 5402 προσπί-

153 5431 353 5484 πτουσα,
369 5421 442 5484 ὡς
459 5423 555 5474 καὶ
573 5422 732 5478 σάλον
749 5421 870 5474 τινὰ
879 5421 957 5492 τῷ
969 5422 1150 5492 παγίψ
1161 5421 1259 5492 τῆς
1265 5421 1468 5492 ἀρετῆς
1477 5421 1710 5492 ἐμποιῆ-

153 5505 362 5564 σαιέἷτα
373 5511 460 5565 διὰ
476 5511 640 5581 μέσου
661 5511 864 5566 τούτων
885 5512 948 5570 τὸ
965 5511 1281 5585 ἀθεώρητον
1296 5512 1398 5582 τῆς
1423 5511 1571 5578 θείας
1591 5512 1708 5586 (90)

215 5643 258 5678 ⁵³
287 5647 386 5703 lsa.
431 5666 520 5714 ιι..
562 5651 616 5708 4.
689 5653 736 5686 ³⁸
763 5651 909 5707 Psal.
958 5667 1100 5706 xcvi.

215 5783 318 5852 (85)
339 5785 534 5852 ania
561 5791 726 5848 verba
752 5791 818 5846 ad
847 5791 1012 5846 αὐτοῦ
1041 5807 1151 5850 om.
1182 5793 1272 5852 ed.

349 5848 454 5920 Ἧς
481 5859 698 5928 quidam
728 5861 888 5919 codd.

218 5925 297 5992 (8'1
359 5926 446 5996 Ἦ,
473 5929 562 5986 ed.

218 5925 322 5996 (87)
359 5926 446 5996 Ἦ,
473 5925 562 5986 εΗ.

1813 4779 2008 4848 regni;
2049 4778 2212 4832 verba
2259 4794 2389 4833 vero
2433 4781 2514 4834 sic
2561 4796 2620 4834 se
2651 4780 2854 4834 habent
2887 4795 2900 4831 :
2951 4799 2970 4830 ι
3009 4778 3277 4832 Dominus
3311 4793 3394 4833 re-

1811 4871 2020 4940 gnavit,
2077 4871 2314 4925 exsultet
2357 4877 2527 4936 terra,
2575 4873 2826 4925 lmtentur
2875 4871 3090 4924 insula:-
3131 4870 3333 4922 multae.
3367 4885 3398 4919 ι

1811 4962 2044 5018 Pulchre
2089 4964 2323 5026 animas,
2376 4979 2498 5033 qua:
2547 4965 2672 5018 licet
2713 4963 3107 5019 tentationibus
3145 4964 3386 5030 agitat-at,

1817 5055 2172 5110 stabilitatem
2237 5063 2291 5109 et
2341 5055 2734 5110 ﬁrmitudinem
2779 5055 3035 5117 retinent,
3075 5071 3094 5104 ι
3127 5053 3380 5108 insulas»

1817 5148 2128 5218 appellavit,
2163 5162 2302 5216 quas
2344 5147 2588 5216 undique
2631 5147 2850 5216 quidem
2890 5144 3194 5202 circumdat
3239 5143 3393 5197 ntali-

1815 5242 1908 5294 tia‘.
1950 5240 2188 5310 salsugo,
2239 5239 2334 5294 sed
2375 5248 2587 5293 tantum
2623 5242 2834 5310 allapsu
2885 5257 2987 5295 suo
3035 5253 3142 5293 non
3191 5245 3400 5307 potest,

1823 5342 1884 5386 ut
1935 5341 2072 5388 aestu
2139 5332 2322 5402 aliquo
2366 5333 2585 5386 virtutis
2645 5331 3014 5388 constantiam
3077 5327 3390 5384 labefactet.

1815 5422 2024 5479 Deinde
2071 5437 2169 5492 per
2201 5439 2264 5476 ea
2299 5437 2420 5491 qua:
2452 5421 2747 5492 iuterjecit,
2783 5432 3036 5478 naturam
3081 5427 3236 5475 extra
3271 5431 3408 5471 omn.

1815 5518 1970 5574 nium
2009 5525 2290 5586 aspectum
2337 5515 2572 5586 positam
2609 5516 2770 5573 nubis
2799 5525 2852 5572 ct
2889 5511 3141 5586 caliginis
3181 5510 3398 5568 involut-

1881 5790 1994 5852 t88)
2028 5789 2110 5842 Τά
2129 5804 2239 5842 om.
2273 5789 2358 5842 ed.

1879 5861 1993 5928 (89)
2024 5859 2457 5926 Ἀγαλλιάσεται,
2495 5859 2580 5914 ed.

1882 5931 1993 6002 (90)
2019 5931 2180 5993 Θείας
2217 5944 2326 5986 om.
2352 5930 2440 5984 ed.
