3838 6224
172 336 274 394 533

1565 341 1633 396 IN
1659 336 1996 397 PSALMOS.

3312 336 3420 394 εδδ

169 453 252 507 διά
275 453 372 526 τῆς
401 454 634 524 νεφέλης
659 456 959 528 νοήσαντοςο
1001 477 1018 509 ι
1043 459 1175 514 Ἰδοὺ
1204 480 1223 512 ι
1259 459 1388 531 γάρ,
1411 461 1564 530 φησι,
1593 460 1735 514 «Κύ-
1765 512 1767 522 ,

1875 476 2061 517 arnem
2087 461 2249 518 nubis
2274 462 2495 518 nomine
2524 462 2813 533 signiﬁcet.
2843 460 3024 532 lnquit
3051 459 3197 516 enim
3223 478 3236 514 :
3274 478 3293 510 ι
3325 459 3425 514 Ec-

175 560 280 614 ριος
305 543 535 616 κάθηται
562 548 656 601 ἐπὶ
683 548 913 619 νεφέλης
935 549 1164 618 κούφης.
1189 569 1210 603 ι
1255 551 1364 604 Καὶ
1388 551 1515 614 τοὺς
1535 551 1736 622 ἑπομέ-

171 654 290 702 νους
310 638 462 710 αὐτῷ’
479 637 684 693 πάλινὸ
704 640 867 704 αὐτὸς
896 642 1178 712 προφήτης
1205 641 1461 712 ὀνομάζει
1484 640 1733 710 νεφέλας,

173 735 228 785 ἐν
252 726 330 794 οἷς
354 748 516 800 φησιν
537 748 552 762 ο
610 751 628 783 ι
649 733 803 796 Τίνες
848 733 980 795 οἶδε,
1009 733 1083 796 ὼς
1108 731 1346 802 νεφέλαι,
1385 733 1680 797 πέτανται;
1711 751 1730 784 ο

170 823 244 887 ὡς
265 821 349 875 διὰ
373 822 471 892 τῆς
495 822 606 876 τῶν
629 824 866 892 νεφελῶν
890 824 1231 894 ὁμωνυμίας,
1263 825 1325 878 τὸ
1353 824 1612 892 συγγενὲς
1637 825 1738 894 τῆς

176 912 260 967 τοῦ
291 914 488 984 Κυρίου
526 914 726 985 σαρκὸς
759 915 896 986 πρὸς
943 915 1041 986 τὴν
1070 915 1263 985 λοιπὴν
1305 914 1413 968 τῶν
1440 914 1740 983 ἀνθρώπων

176 1005 327 1073 φύσιν
367 1005 726 1070 ἐνδείξασθαι.
789 1006 933 1078 Πρὸς
977 1005 1164 1060 τοῦτον
1205 1002 1299 1060 οὗν
1340 1006 1430 1059 τὸν
1461 1006 1614 1070 Θεὸν,
1648 1007 1740 1060 τόν

178 1113 297 1148 ποτε
330 1096 426 1166 μὲν
465 1095 555 1150 διά
601 1096 864 1168 νεφέλης,
914 1095 1054 1167 μετά
1098 1095 1270 1150 ταῦτα
1307 1097 1364 1148 δέ
1413 1095 1504 1149 διὰ
1541 1097 1742 1168 σαρκὸς

176 1190 280 1250 τοῖς
317 1186 624 1260 ἀνθρώποις
661 1187 1007 1259 λαλήσαντα,
1065 1188 1200 1260 φησι
1239 1187 1443 1258 προῖὼν
1464 1189 1494 1240 ὁ
1543 1187 1740 1241 Δαυῖδ·

181 1300 203 1334 ‹
224 1279 381 1351 Κύριε
412 1281 442 1332 ὁ
482 1280 616 1344 Θεὸς
642 1279 823 1352 ἡμῶν,
859 1282 924 1335 σὺ
970 1282 1242 1352 ὲπήκουες
1276 1279 1477 1336 αὐτῶν.
1516 1286 1574 1339 Ὀ
1593 1281 1744 1347 Θεὸς,

183 1374 242 1426 σὺ
265 1373 502 1437 εὑῖλατος
536 1373 716 1442 ἐγίνου
743 1373 950 1438 αὐτοῖς,
979 1373 1074 1431 καὶ
1098 1371 1328 1427 ἐκδικῶν
1355 1370 1448 1423 ἐπὶ
1483 1369 1660 1426 πάντα
1676 1372 1746 1426 τά

182 1464 572 1536 ἐπιτηδεύματα
624 1465 826 1521 αὐτῶν.
865 1483 885 1517 ι

257 1557 386 1620 Ὦςδ*
402 1557 468 1611 ἀν
486 1558 561 1628 μή
577 1574 661 1620 τις
687 1557 826 1627 πρὸς
841 1557 942 1628 τὴν
963 1557 1279 1627 οἰκονομίαν
1301 1557 1515 1628 βλέπων
1545 1558 1624 1620 είς
1651 1572 1748 1610 τα-

184 1651 354 1712 πεινάς
374 1666 524 1712 τινας
546 1651 641 1703 καὶ
657 1649 1008 1722 ἀνθρωπίνας
1036 1649 1332 1718 ὑπολήψεις
1371 1650 1500 1720 περὶ
1516 1649 1578 1702 τὸ
1595 1648 1750 1701 Θεῖον

184 1741 626 1812 κατολισθήσειεν,
661 1741 864 1812 ταύτην
883 1741 977 1795 ἐπὶ
990 1741 1133 1795 τέλει
1155 1741 1256 1812 τῆς
1275 1741 1592 1812 ψαλμῳδίας
1616 1741 1753 1794 ἐπάν

1841 568 1905 609 ce
1929 552 2194 609 Dominus
2219 553 2374 610 sedet
2406 553 2464 608 in
2492 555 2640 609 nube
2665 552 2771 610 levi
2800 553 2867 608 ⁸⁸.
2911 572 2930 604 ι
2980 551 3197 622 Easque
3225 551 3319 622 qui
3356 553 3421 604 il-

1843 645 1956 699 lum
2001 651 2309 716 sequuntur
2363 661 2558 701 rursus
2594 644 2737 700 idem
2776 643 3044 714 propheta
3094 642 3270 697 nubes
3322 657 3422 694 no-

1845 737 2039 800 minat,
2070 751 2193 791 eum
2229 736 2344 792 ait:
2376 754 2395 788 ι
2433 736 2668 802 Quinam
2714 735 2828 802 isti,
2863 735 2958 805 qui
3008 742 3070 788 ut
3108 732 3283 788 nubes
3322 747 3423 785 vo-

1845 829 1963 887 lant
1995 829 2041 860 ⁸⁹
2076 827 2100 881 ?
2138 848 2158 882 ι
2192 826 2264 882 Ut
2309 843 2405 898 per
2443 827 2768 888 vocabulum
2822 825 2986 882 nubis
3039 824 3422 895 cognationem

1846 918 2143 973 Dominicaa
2171 918 2356 975 carnis
2378 932 2504 972 cum
2536 918 2747 987 reliqua
2778 917 3062 972 hominum
3093 922 3290 968 natura
3321 911 3421 966 de-

1850 1018 2139 1070 monstret.
2169 1009 2253 1064 Ad
2292 1009 2624 1081 huncigitur
2658 1009 2851 1070 Deum.
2893 1008 2987 1084 qui
3020 1007 3174 1078 prius
3202 1003 3421 1074 quidem

1849 1119 1946 1176 per
1972 1104 2193 1168 nubem,
2222 1111 2410 1173 postea
2438 1118 2568 1158 vero
2597 1117 2691 1175 per.
2711 1116 2932 1156 carnem
2959 1116 3082 1155 cum
3110 1098 3424 1164 hominibus

1852 1196 2072 1251 locutus
2115 1203 2220 1261 est,
2271 1195 2349 1250 ait
2387 1209 2687 1266 progressu
2720 1192 2986 1248 orationis
3014 1182 3222 1245 David:
3270 1209 3288 1241 ι
3321 1189 3427 1243 Do-

1852 1283 2000 1338 mine
2042 1283 2185 1339 Deus
2222 1291 2432 1346 noster,
2469 1293 2527 1337 tu
2558 1281 2888 1338 exaudiebas
2936 1295 3032 1336 eos
3089 1298 3102 1334 :
3156 1277 3318 1340 Deus,
3366 1286 3424 1330 tu

1853 1377 2122 1455 propitius
2153 1377 2303 1432 fuisti
2330 1375 2434 1441 eis,
2469 1384 2524 1430 et
2550 1375 2823 1435 ulciscens
2855 1373 2913 1428 in
2944 1387 3136 1428 omnes
3166 1371 3428 1426 adiuven-

1853 1467 2030 1521 tiones
2056 1481 2264 1521 eorum.
2298 1487 2316 1518 ι

1929 1557 1998 1614 Ut
2033 1559 2133 1614 nisi
2160 1559 2281 1630 quis
2307 1561 2360 1614 in
2393 1559 2756 1620 (economiam
2790 1559 3029 1614 divinam
3058 1563 3111 1611 et
3141 1555 3430 1626 dispensa-

1857 1650 2061 1706 tionem
2089 1653 2279 1706 oculos
2311 1662 2608 1717 convertat,
2635 1667 2758 1706 eum
2788 1664 3014 1706 necesse
3043 1648 3115 1705 sit
3146 1648 3200 1702 in
3239 1647 3432 1701 huma—

1859 1757 1959 1798 nas
1989 1742 2254 1812 quasdam
2283 1751 2337 1797 et
2365 1742 2616 1814 indignas
2659 1743 2726 1798 de
2757 1742 2866 1797 Deo
2898 1739 3255 1812 cogitationes
3297 1738 3432 1800 inci:

183 1851 261 1901 γει
285 1834 379 1904 τὴν
396 1833 600 1906 φωνὴν,
631 1835 767 1905 πρὸς
789 1835 934 1905 ἡμᾶς
947 1833 1154 1905 τρέψας
1175 1834 1265 1888 τὸν
1279 1834 1455 1903 λόγον’
1483 1853 1502 1885 ι
1524 1832 1753 1902 ’Υψοῦτε

1875 1836 2007 1902 lere,
2040 1837 2154 1894 haec
2175 1843 2353 1891 autem
2374 1834 2439 1890 ad
2459 1835 2617 1890 linem
2661 1835 2853 1906 psalmi
2883 1835 3052 1898 addit,
3084 1847 3334 1889 sermone
3365 1830 3434 1890 ad

185 1923 366 1996 Κύριον
391 1925 480 1979 τὸν
493 1927 630 1979 Θεὸν
647 1926 938 1996 ἡμῶν,καὶ
977 1928 1332 1996 προσκυνεῖτε
1369 1925 1447 1995 τῷ
1481 1923 1757 1996 ὑποποδίῳ

185 2016 282 2069 τῶν
294 2017 462 2070 ποδῶν
473 2016 760 2079 αὐτοῦ,ὃτι
778 2016 931 2084 ἅγιός
947 2017 1116 2070 ἐστιν.
1130 2034 1148 2067 ι
1173 2015 1285 2087 Τὴν
1308 2017 1365 2070 δέ
1388 2015 1624 2069 διάνοιαν
1651 2015 1757 2068 τῶν

185 2108 490 2179 εἰρημένων,
523 2107 733 2179 ταύτην
753 2104 892 2161 εἶναι
924 2106 1282 2178 ὑπονοοῦμεν,
1315 2108 1420 2174 ὅτι,
1445 2103 1516 2160 Ὦ
1547 2107 1757 2178 ἀνθρω-

185 2213 288 2261 ποι,
330 2199 636 2269 μεμήνυται
681 2198 780 2269 μὲν
812 2198 962 2268 ὑμῖν,
991 2196 1069 2261 ὡς
1111 2197 1334 2253 δυνατὸν
1378 2198 1638 2264 δέξασθαι
1659 2197 1759 2269 τὴν

186 2287 514 2358 ἀνθρωπίνην
547 2287 743 2358 ἀκοὴν,
769 2287 838 2341 τά
871 2287 992 2341 θεῖα
1027 2289 1322 2359 μυστήρια.
1368 2288 1558 2358 Ὑμεῖς
1587 2287 1646 2342 δὲ
1672 2287 1761 2341 διά

184 2379 374 2434 τούτων
416 2379 779 2450 ὀδηγηθέντες
827 2378 966 2450 πρὸς
1013 2380 1114 2449 τὴν
1161 2379 1363 2450 εὐσεὸἧ
1407 2379 1758 2448 θεογνωσίαν,

185 2471 300 2523 ὅσον
329 2473 494 2540 χωρεῖ
538 2470 697 2541 ὑμῶν
723 2471 752 2522 ὁ
781 2469 1064 2541 λογισμὸς,
1095 2471 1345 2526 τοσοῦτον
1367 2472 1460 2527 τοῦ
1489 2471 1629 2525 Θεοῦ
1658 2471 1760 2542 τὴν

188 2560 334 2625 δόξαν
359 2561 636 2630 ὑψῶσατε,
672 2561 890 2626 εἰδότες,
933 2563 1016 2616 ὅτι
1047 2563 1171 2616 ὅσον
1201 2563 1269 2616 ἂν
1297 2561 1576 2633 ὑπερταθῇ
1609 2561 1763 2632 ὑμῶν

190 2655 220 2722 ἡ
245 2653 462 2718 διάνοια,
507 2653 600 2707 καὶ
629 2656 810 2708 πᾶσαν
837 2653 1085 2727 παρέλθῃ
1128 2651 1336 2724 ὑψηλὴν
1367 2652 1666 2722 φαντασίαν
1704 2653 1763 2705 ἐν

192 2746 296 2806 ταῖς
319 2746 442 2815 περὶ
470 2745 610 2798 Θεοῦ
653 2744 975 2816 ὑπολήψεσι,
1007 2745 1068 2799 τό
1086 2761 1144 2796 τε
1179 2743 1241 2796 τὸ
1268 2744 1398 2814 παρ’
1430 2742 1584 2813 ὑμῶν
1611 2743 1762 2812 εὑρι-

191 2836 440 2904 σκόμενον
470 2838 568 2890 καὶ
603 2835 1098 2909 προσκυνούμενον,
1129 2836 1231 2889 οὒκ
1263 2835 1400 2906 αὐτὴ
1431 2837 1464 2904 ἡ
1491 2835 1766 2904 μεγαλειό-

194 2944 282 2996 της
320 2927 409 2980 τοῦ
455 2928 793 2999 ζητουμένου
842 2929 1010 2993 ἐστὶν,
1067 2927 1204 2982 ἀλλά
1247 2926 1309 2979 τὸ
1349 2925 1634 2979 ὑποπόδιον
1657 2925 1766 2978 τῶν

198 3019 356 3073 ποδῶν
392 3021 590 3075 αὐτοῦ’
638 3021 701 3074 τὸ
740 3021 1082 3091 ὑποϐεϐηκὸς
1125 3019 1214 3072 διά
1259 3019 1448 3073 τούτου
1483 3020 1576 3072 καὶ
1617 3021 1768 3072 κάτω

197 3109 428 3178 κείμενον
443 3111 544 3181 τῆς
574 3112 818 3174 διανοίας
841 3111 1023 3182 ἡμῶν,
1043 3111 1328 3183 συγκρίσει
1351 3109 1449 3181 τῆς
1475 3111 1766 3180 ἀνεφίκτου

201 3201 558 3273 καταλήψεως,
594 3203 991 3274 διερμηνεύων.

264 3371 389 3427 Εἶτα
439 3373 578 3444 μετά
633 3374 792 3426 τοῦτο
843 3373 945 3426 οὐκ
977 3372 1173 3440 ὀλίγων
1224 3373 1282 3424 ἐν
1323 3369 1402 3441 τῷ
1442 3369 1590 3442 μέσῳ
1629 3385 1770 3439 παρ-

199 3465 414 3518 εθέντων
455 3464 714 3536 ψαλμῶν,
743 3467 802 3520 ἐν
848 3463 1128 3534 ἑκατοστῷ
1159 3462 1350 3533 τρίτῳ,
1380 3461 1438 3514 ὃν
1484 3459 1774 3514 πολλοστὸν

203 3558 254 3610 ἐν
313 3559 420 3621 τοῖς
487 3559 626 3627 παρ’
706 3556 990 3628 Ἐϐραίους
1060 3553 1454 3626 ἀνεπιγράφοις
1531 3549 1729 3615 ἔδειξεν
1757 3590 1772 3611 ,

202 3650 478 3722 διαρρήδην
525 3649 774 3717 θεολογεῖ
817 3648 907 3702 τὸν
953 3647 1216 3718 μονογενῆ
1249 3645 1402 3707 Θεὸν,
1446 3641 1640 3713 ἐκείνῳ
1675 3642 1776 3710 τῆς

205 3740 290 3793 τοῦ
317 3741 512 3805 παντὸς
560 3740 874 3802 συστάσεως
921 3737 1194 3801 ἀνατιθεὶς
1231 3737 1332 3807 τὴν
1363 3735 1560 3790 αἰτίαν.
1617 3731 1778 3800 Λέγει

207 3831 304 3902 γὰρ
333 3833 420 3884 ἐπὶ
447 3832 548 3902 τῆς
583 3830 679 3885 τοῦ
706 3831 914 3901 κόσμου
942 3829 1191 3891 κτίσεως,
1217 3826 1312 3880 τοῦ
1343 3825 1506 3879 Δαϐιδ
1528 3823 1664 3876 ὄντα
1690 3824 1778 3877 τὸν

206 3921 400 3992 ψαλμὸν
442 3921 666 3985 τοῦτον,
708 3920 1080 3990 ἀνεπίγραφον
1123 3913 1264 3972 εἶναι
1314 3916 1444 3986 παρ’
1487 3915 1778 3984 Ἑϐραίοις.

211 4013 455 4082 Σημαίνει
491 4014 552 4066 δὲ
583 4012 646 4066 τὸ
673 4011 913 4074 ἐκείνους
941 4010 1034 4062 τὸν
1073 4008 1273 4062 σκοπὸν
1303 4007 1401 4077 τῆς
1447 4005 1782 4076 προφητείας

209 4102 396 4172 ταύτης
414 4103 488 4174 μὴ
507 4102 934 4175 παραδέχεσθαι.
965 4102 1118 4172 Ἔχει
1149 4099 1209 4153 δὲ
1229 4101 1261 4170 ή
1283 4097 1564 4168 ἐπιγραφὴ
1584 4095 1778 4159 οὕτως’

219 4214 236 4247 ι
263 4196 361 4250 Τοῦ
373 4196 534 4251 Δαϐιδ
549 4197 643 4249 ἐπὶ
659 4195 758 4265 τῆς
768 4193 862 4247 τοῦ
878 4193 1082 4264 κόσμου
1095 4191 1358 4262 γενέσεως
1377 4231 1392 4254 ,
1415 4189 1786 4260 ἀνεπίγραφος

217 4287 332 4356 παρ’
371 4286 665 4359 Ἑϐραίοις.
693 4304 713 4336 ι
741 4283 848 4338 Τοῦ
873 4284 930 4336 δὲ
947 4281 1172 4353 ψαλμοῦ,
1187 4280 1376 4337 τούτου
1403 4281 1502 4350 τὴν
1548 4279 1786 4332 διάνοιαν

217 4378 301 4434 ἐπὶ
329 4377 516 4449 καιροῦ
557 4375 925 4447 ἐκθησόμεθα.
948 4372 1063 4432 Νῦν
1099 4373 1159 4434 δὲ
1186 4374 1317 4443 ἡμῖν
1349 4370 1634 4442 ἐξαρκέσει
1666 4387 1789 4424 τοσ-

1858 1943 1961 1983 nos
1989 1941 2256 1982 converso
2280 1944 2294 1981 :
2325 1946 2357 1982 ι,
2377 1926 2624 1984 Exaltate
2651 1925 2939 1980 Dominum
2966 1924 3135 1980 Deum
3155 1931 3433 1985 nostrum,

1857 2025 1912 2073 et
1938 2017 2165 2072 adorate
2204 2017 2503 2071 scabellum
2548 2003 2745 2092 pedum
2783 2015 2936 2084 ejus,
2995 2013 3254 2084 quoniam
3297 2026 3432 2068 sau-

1859 2117 2006 2164 ctum
2036 2122 2138 2164 est.
2195 2127 2216 2161 ι
2253 2107 2484 2164 Sensum
2527 2108 2689 2177 hujus
2738 2107 2842 2162 loci
2873 2107 3020 2161 hunc
3066 2121 3188 2162 esse
3211 2104 3438 2161 arbitra:

1860 2216 2000 2267 mur,
2039 2200 2196 2271 quasi
2229 2199 2379 2255 dicat
2409 2219 2421 2255 :
2449 2197 2498 2255 Ο
2521 2199 2799 2262 mortales,
2831 2198 2985 2253 vobis
3016 2196 3236 2268 quidem
3263 2211 3438 2268 quan-

1861 2302 1976 2347 tum
2014 2293 2232 2348 auditus
2279 2293 2549 2346 humanus
2592 2291 2870 2362 percipere
2915 2297 3125 2359 potest,
3171 2285 3438 2358 patefacta

1861 2395 1990 2443 sunt
2025 2387 2210 2442 divina
2243 2387 2502 2458 mysteria
2550 2404 2565 2441 :
2598 2401 2714 2451 vos,
2733 2385 2818 2441 his
2847 2384 3005 2454 quasi
3047 2382 3115 2438 ad
3155 2382 3300 2458 piam
3343 2379 3439 2435 De:

1863 2476 2231 2548 cognitionem
2283 2461 2640 2541 manuducti,
2691 2482 2957 2545 quantum
3004 2472 3220 2527 animus
3257 2476 3440 2525 vester

1863 2567 2028 2635 capit,
2056 2574 2267 2619 tantum
2303 2566 2530 2643 gloriam
2560 2563 2656 2620 Dei
2697 2564 2960 2625 extollite,
2998 2561 3134 2617 certi
3162 2559 3307 2631 quod
3331 2573 3442 2630 quo

1865 2659 2032 2712 altius
2112 2659 2373 2727 cogitatio
2422 2665 2604 2712 vestra
2664 2671 2785 2711 sese
2831 2654 3077 2717 elevarit,
3125 2661 3179 2706 et
3224 2665 3441 2705 omnem

1865 2749 2214 2818 quantumvis
2258 2749 2529 2804 excelsam
2563 2747 3021 2803 existimationem
3055 2745 3122 2799 de
3146 2744 3444 2812 Deo-supe-

1867 2841 2090 2904 raverit,
2128 2850 2308 2894 tamen
2341 2841 2394 2894 id
2429 2839 2580 2908 quod
2606 2855 2636 2893 a
2669 2838 2824 2892 vobis
2859 2838 3134 2892 invenitur
3163 2844 3217 2890 et
3246 2835 3441 2890 adora-

1869 2938 1979 2995 tur,
2015 2945 2123 2984 non
2165 2932 2284 3000 ipsa
2332 2930 2476 2998 ejus,
2511 2929 2605 2998 qui
2635 2929 3005 2998 qumrebatur,
3041 2926 3443 2998 magniﬁcentia

1872 3033 1978 3088 est,
2017 3023 2110 3078 sed
2145 3021 2524 3076 tantummodo
2564 3021 2865 3076 scabellum
2917 3019 3114 3090 pedum
3145 3020 3301 3089 ejus:
3349 3034 3444 3087 per

1873 3114 1976 3167 hoc
2003 3112 2316 3182 signilicans
2336 3111 2534 3166 mentis
2553 3120 2606 3165 et
2625 3109 2973 3179 cogitationis
2993 3120 3190 3164 nostra:
3207 3109 3447 3164 submis-

1819 3195 1838 3217 ¹
1871 3205 2081 3260 sionem
2106 3212 2160 3258 et
2187 3203 2529 3264 tenuitatem,
2562 3203 2971 3272 comparatione
2996 3201 3141 3255 illius
3164 3201 3314 3254 nullo
3333 3207 3449 3253 stu-

1873 3295 1964 3350 dio
1995 3294 2352 3364 assequenda:
2381 3292 2912 3361 comprehensionis.

1941 3387 2137 3441 Postea
2175 3401 2284 3439 non
2320 3385 2507 3454 paucis
2545 3384 2765 3438 omissis
2798 3383 3019 3452 psalmis
3059 3382 3113 3434 in
3153 3378 3452 3434 centesimo

1876 3480 2062 3542 tertio,
2097 3492 2256 3546 quem
2290 3477 2453 3531 etiam
2486 3475 2650 3530 refert
2694 3475 2747 3527 in
2779 3489 2967 3528 eorum
3019 3486 3328 3536 numerum,
3360 3470 3453 3539 qui

1877 3573 2020 3644 apud
2060 3569 2312 3625 Hebraeos
2345 3565 2701 3635 inscriptione
2739 3563 3166 3627 carent,diserte
3200 3560 3469 3631 prazdicat.-

1879 3669 2166 3735 unigenam
2203 3663 2352 3714 illum
2377 3659 2565 3720 Deum,
2595 3658 2755 3727 eique
2790 3657 2952 3726 hujus
2985 3655 3225 3709 universi
3249 3651 3456 3708 conditi

1879 3771 2102 3812 causam
2127 3754 2386 3818 assignat.
2413 3750 2552 3804 Dicit
2571 3749 2716 3804 enim
2736 3749 2789 3802 in
2813 3746 2997 3801 mundi
3021 3745 3296 3801 creatione
3317 3743 3457 3813 psal-

1884 3864 2031 3902 mum
2063 3847 2210 3900 hunc
2253 3842 2473 3898 Davidis
2502 3857 2646 3904 esse,
2692 3851 2745 3894 et
2781 3839 3137 3908 inscriptione
3166 3835 3309 3906 apud
3356 3833 3456 3889 Ile-

1881 3940 2059 3995 braros
2089 3954 2197 3992 non
2218 3933 2528 4006 prtenolari.
2555 3932 2840 4004 Signiﬁcat
2869 3941 3051 3988 autem
3077 3931 3200 3984 illos
3233 3941 3460 3997 scopum

1883 4044 1938 4089 et
1967 4012 2305 4104 prepositum
2328 4029 2448 4098 ejus
2479 4027 2775 4098 prophetiae
2803 4040 2909 4079 non
2945 4025 3202 4094 recipere.
3223 4020 3316 4075 Sic
3336 4034 3460 4072 vtam

1885 4139 1947 4180 se
1974 4123 2138 4178 habet
2170 4119 2452 4188 inscriptio
2481 4136 2495 4172 :
2532 4135 2551 4168 ι
2590 4115 2765 4187 Ipsius
2787 4114 2977 4178 David,
3015 4115 3070 4169 in
3093 4111 3278 4168 mundi
3306 4125 3462 4164 crea-

1885 4216 2058 4280 tione,
2093 4209 2469 4280 inscriptionis
2501 4224 2694 4278 expers
2733 4207 2877 4278 apud
2912 4205 3188 4261 Hebrazos.
3233 4225 3250 4256 ι
3294 4201 3463 4272 llujut

1889 4303 2084 4376 psalmi
2137 4316 2360 4358 sensum
2397 4314 2498 4355 suo
2553 4301 2779 4353 locoet.
2817 4308 3060 4367 tempore
3108 4309 3462 4365 exponemus.

1890 4396 2047 4452 Nunc
2074 4395 2210 4452 satis
2237 4402 2321 4450 est
2361 4393 2462 4447 hoc
2489 4390 2789 4454 monuisse,
2819 4390 3065 4445 eamdem
3099 4401 3345 4450 causam,
3378 4385 3461 4440 in-

217 4467 359 4522 οῦτον
389 4471 586 4530 εἰπεῖν,
617 4469 699 4521 ὅτι
723 4469 757 4538 ἡ
790 4466 927 4537 αὑτὴ
957 4464 1126 4530 αἰτία,
1149 4466 1184 4534 ἡ
1213 4462 1357 4518 κατά
1403 4463 1502 4532 τὴν
1530 4461 1767 4516 ἀπιστίας

1893 4489 2292 4551 credulitatem,
2340 4485 2588 4555 inquam,
2626 4481 2938 4536 Judzeorum
2973 4479 3240 4547 ell‘ecisse,
3287 4485 3346 4531 ut
3383 4476 3462 4531 in-

220 4560 349 4628 λέγω
374 4561 480 4615 τῶν
516 4559 812 4623 Ἰουδαίων,
839 4559 934 4612 καὶ¹
958 4557 1150 4610 τούτου
1178 4556 1279 4628 τὴν
1306 4556 1618 4626 ἐπιγραφὴν
1646 4555 1798 4608 ἀπα-η.

224 4650 465 4720 ράδεκτον
493 4652 609 4713 τοῖς
644 4648 914 4720 Ἑϐραίοις
942 4647 1187 4717 ἐποίησε.

771 4757 1165 4811 ΚΕΦΛΔΔΙΟΝ
1203 4758 1258 4811 I'.

287 4851 400 4922 Χρὴ
421 4851 478 4905 δὲ
511 4850 648 4922 μηδὲ
665 4850 726 4902 τὸ
747 4849 1029 4919 διάψαλμα
1053 4847 1436 4918 παραδραμεῖν
1455 4845 1793 4919 ἀθεώρητον.

226 4942 338 5005 Tot;
353 4944 447 5014 μὲν
462 4940 555 4997 οῦν
573 4944 678 5014 πρὸ
692 4945 726 5014 η
735 4943 850 5013 μῶν
866 4939 1164 5012 μεταϐολὴν
1176 4938 1269 4991 τοῦ
1281 4941 1569 5010 νοήματος,
1589 4938 1622 5009 ἢ
1637 4955 1800 5008 προσο

225 5033 418 5106 ὡπου,ἢ
438 5035 784 5106 πράγματος,
817 5033 1102 5103 σημαίνειν
1124 5031 1380 5101 ἐνομίσθη
1404 5031 1468 5083 τὸ
1487 5029 1792 5100 διάψαλμαο

230 5126 376 5194 ἡμεῖς
396 5126 452 5178 δέ
480 5127 578 5190 τάς
598 5142 662 5178 τε
696 5122 804 5174 τῶν
826 5123 1081 5195 Πατέρων
1105 5121 1412 5192 ὑπολήψεις⁵
1438 5122 1540 5174 οὑκ
1565 5120 1799 5175 ἀποϐάλ-

231 5215 401 5284 λομεν,
417 5217 509 5270 καί
531 5235 582 5270 τι
610 5217 707 5270 καὶ
732 5215 865 5285 παρ’
894 5213 1103 5266 ἑαυτῶν
1126 5212 1397 5281 ἐννοῆσαι,
1421 5211 1556 5281 πρὸς
1582 5210 1680 5280 τὴν
1705 5209 1798 5263 τοῦ

235 5303 385 5373 ῥητοῦ
412 5305 598 5359 τούτου
627 5304 923 5375 σημασίαν,
953 5305 1014 5356 οὐ
1055 5303 1488 5372 κατοκνήσομεν.
1532 5301 1801 5372 Τοιαύτην

231 5389 318 5446 οὖν
331 5413 445 5448 τινα
454 5396 545 5449 τοῦ
557 5395 834 5466 διαψάλμα
843 5412 927 5458 τος
943 5392 1314 5463 κατελάϐομεν
1332 5392 1430 5463 τὴν
1443 5392 1702 5457 διάνοιαν,
1718 5393 1801 5446 ὅτι

237 5485 511 5557 προϊούσης
554 5488 694 5540 κατά
735 5487 796 5539 τὸ
833 5485 1122 5539 ἀκόλουθον
1148 5484 1250 5554 τῆς
1283 5483 1622 5555 ψαλμῳδίας,
1679 5485 1803 5555 ἥτις

298 5597 340 5628 ⁸⁸
369 5597 466 5653 lsa.
498 5615 608 5664 nx,
637 5599 690 5653 1.
763 5599 809 5630 δ’
841 5597 943 5653 lsa.
971 5611 1060 5664 ιιι,
1085 5598 1139 5653 8.

305 5736 410 5806 (9t)
443 5737 580 5809 Lege
611 5735 670 5790 S.
703 5735 922 5798 llieron,
953 5734 1125 5810 Epist.
1158 5734 1224 5792 ad
1259 5732 1596 5791 Marcellam.

1904 4581 2259 4652 scriptionem
2292 4579 2431 4632 hanc
2462 4593 2571 4631 non
2610 4574 2980 4627 admitterent.

2519 4723 2749 4781 CAPUT
2785 4721 2854 4777 Χ.

1938 4893 1945 4901 ,
1971 4840 2156 4914 Neque
2179 4841 2304 4910 quid
2339 4841 2411 4894 sit
2441 4840 2742 4910 diapsalma
2768 4837 3139 4892 indiscussum
3167 4835 3476 4906 relinquere

1901 4948 2134 5006 oportet.
2179 4936 2290 4989 Illis
2335 4934 2500 5005 igitur
2534 4933 2628 5002 qui
2671 4947 2778 4986 nos
2817 4939 3250 4992 antecesserunt,
3297 4929 3475 4984 visum

1903 5037 1988 5085 est
2047 5029 2347 5096 diapsahna
2394 5026 2704 5096 signilicare
2745 5023 2832 5078 vel
2879 5021 3240 5077 mutationem
3271 5020 3480 5091 cogita-

1907 5123 2070 5177 tionis
2103 5139 2197 5177 seu
2244 5122 2481 5187 consilii,
2524 5121 2607 5174 vel
2637 5116 2996 5189 personm,vel
3039 5115 3141 5170 rei.
3195 5112 3307 5168 Nos
3353 5128 3482 5166 vero

1907 5211 2127 5266 Patrum
2174 5210 2430 5280 opinione
2469 5225 2576 5264 non
2626 5207 2837 5278 abjecta
2890 5204 3026 5276 (94),
3063 5218 3173 5257 non
3203 5201 3475 5256 cunetahi-

1910 5319 2032 5357 mur
2061 5302 2264 5371 aliquid
2304 5301 2464 5356 etiam
2503 5317 2568 5355 ex
2601 5299 2757 5354 nobis
2789 5298 2857 5353 de
2886 5295 3138 5352 vocabuli
3182 5293 3350 5364 hujus
3403 5295 3476 5348 si-

1908 5392 2254 5464 gnilicatione
2299 5391 2630 5462 excogitare.
2683 5385 3006 5460 Hujusmodi
3041 5386 3207 5456 igitur
3246 5383 3479 5454 quadam

1909 5481 1978 5542 de
2003 5480 2364 5552 diapsalmate
2405 5479 2811 5538 existimatione
2853 5475 3048 5532 imbuti
3098 5490 3310 5539 sumus,
3359 5489 3486 5529 cum
