3838 6224
143 357 240 414 557

1539 361 1607 416 IN
1647 362 1986 420 PSALMOS.

3302 368 3408 424 558

142 473 206 528 τὰ
231 471 532 544 ὑψηλότερα
581 475 985 530 ἐπεκδιδάσκων
1037 481 1318 548 νοήματα.
1369 479 1464 532 καὶ
1519 481 1701 550 μεταξὲ

1823 483 2028 536 habere
2056 481 2148 552 qui
2187 479 2508 536 sublimiora
2543 478 2794 542 edoceat,
2829 494 3214 548 sermonisque
3244 480 3407 534 seriei

144 566 467 638 παρενείρων
507 571 575 640 τῇ
611 569 901 641 ἀκολουθίᾳ
952 572 1046 624 τοῦ
1097 571 1256 640 λόγου
1313 571 1425 624 τῶν
1469 573 1606 642 πρὸς
1653 572 1714 626 τὸ

144 659 372 728 κρεῖττον
417 657 730 729 δυναμένων
769 662 1064 730 ἀναγαγεῖν
1103 664 1202 733 τὴν
1225 663 1483 716 διάνοιαν.
1554 663 1619 716 'H
1659 663 1715 716 δὲ

141 749 218 802 διὰ
233 749 335 801 τῶν
361 769 380 800 ι
405 751 760 822 Ἀνασαθμῶν
790 774 808 804 ι
849 754 1148 818 τελείωσις,
1187 756 1280 808 καὶ
1309 750 1390 817 οἷς
1421 757 1712 826 προγραφή

141 841 246 893 ἐστι
281 839 340 894 τὺ
377 861 396 893 ε
436 843 786 915 ’Δλληλούῖα,
825 865 844 898 ι
883 847 980 899 ἆτε
1007 847 1072 918 δὴ
1113 847 1206 900 τοῦ
1249 848 1552 918 ἀκροτάτου
1605 848 1714 900 τῶν

142 935 264 1005 πρὸς
307 935 366 988 τὺ
417 937 622 1005 ἀγαθὸν
649 941 958 1010 νοουμένων
997 941 1372 1010 ἐπειλημμὲνη
1397 983 1410 1004 ,
1457 941 1714 1011 οὐδεμιᾶς

140 1028 442 1099 προσθήκης
465 1031 870 1102 ὲστὶν’ἐπιδεὴς,
892 1031 1028 1102 αὑτὴ
1051 1033 1106 1082 ὲν
1128 1033 1296 1102 ἑαυτῇ
1322 1011 1408 1084 διά
1427 1033 1606 1104 πάσης
1625 1051 1716 1086 κα-

145 1120 463 1188 τηρτισμένη
487 1120 588 1190 τῆς
605 1121 662 1174 ὲν
687 1121 766 1190 τῷ
784 1121 974 1192 ἀγαθῷ
993 1121 1330 1188 τελειώσεως
1348 1140 1362 1152 ⁸
1384 1125 1521 1194 ὅπερ
1537 1123 1600 1194 δὴ
1620 1127 1714 1178 καὶ

139 1210 168 1277 ἡ
185 1207 378 1262 διάνοια
397 1211 710 1282 ἐπιγραφῆς
724 1213 815 1266 ἐπὶ
831 1214 1034 1267 τούτων
1055 1213 1563 1285 μαρτύρεται,αἶνον
1579 1217 1711 1270 Θεοῦ

139 1300 192 1352 τὸ
223 1301 774 1371 ὑπερκείμενονῖᾶπαν
797 1305 1260 1376 κατονομάζουσα.
1291 1308 1502 1380 Ὥσπερ
1531 1310 1640 1380 γὰρ
1678 1312 1710 1381 ἡ

141 1391 266 1444 κατά
293 1391 390 1455 τὰς
410 1393 630 1462 ἡλικίας
669 1396 780 1450 τῶν
813 1399 1083 1468 σωμάτων
1125 1399 1405 1470 ἀναδρομὴ
1436 1402 1562 1472 ὅρον
1596 1402 1708 1472 ἔχει

139 1483 194 1534 τὸ
207 1483 296 1552 τῆς
315 1483 530 1552 φύσεως
549 1497 835 1558 στάσιμον,
855 1490 971 1560 μεθ’
992 1490 1129 1562 ὂτὴν
1155 1493 1246 1544 ἐπὶ
1263 1493 1324 1544 τὸ
1343 1491 1526 1563 μεῖζον
1551 1513 1714 1566 προσ-

139 1574 296 1646 θήκην
324 1577 382 1630 οὐ
417 1581 816 1650 παραδέχεται,
851 1582 964 1636 ἀλλ’
995 1585 1052 1636 ἐν
1086 1583 1264 1654 ἐαυτῷ
1295 1585 1539 1656 διαμένει
1573 1588 1710 1658 πρὸς

139 1667 298 1724 πάντα
333 1671 422 1722 τὸν
465 1673 766 1728 ὑπόλοιπον
817 1675 1036 1746 χρὸνον·
1069 1675 1247 1740 οὕτως
1295 1679 1414 1731 ἐστὶ
1471 1681 1562 1732 καὶ
1601 1681 1712 1734 τῶν

137 1759 280 1812 θείων
305 1761 653 1832 διδαγμάτων
679 1765 908 1836 αῠξησίς
937 1785 996 1820 τε
1029 1769 1121 1821 καὶ
1147 1771 1357 1836 στάσις,
1385 1771 1452 1824 δι’
1487 1764 1562 1824 ὧν
1584 1771 1710 1836 τούς

1823 583 1878 626 et
1910 572 2092 628 ordini
2121 572 2420 640 interjiciat
2447 587 2511 624 ea
2543 587 2662 640 qua:
2689 583 2926 626 mentem
2960 571 3028 630 ad
3053 572 3278 626 meliora
3305 573 3408 626 elc-

1822 681 1952 720 vare
1984 675 2036 720 et
2071 665 2379 720 subducere
2427 672 2684 734 possunt.
2735 663 2804 718 At
2836 679 2965 719 vero
3010 682 3032 716 ι
3068 663 3346 718 Graduum
3379 681 3402 714 ι

1821 756 2308 820 consunnnationi,
2343 763 2398 810 et
2445 756 2647 824 quibus
2693 774 2713 808 ι
2747 757 3001 820 Alleluia,
3041 775 3062 808 ι
3099 755 3408 826 praescribi~

1823 855 1934 910 tur,
1969 857 2230 918 tanquam
2281 848 2348 900 ad
2388 863 2664 901 summum
2705 849 2950 902 omnium
2993 847 3264 904 bonorum
3292 853 3412 902 cul-i

1823 957 1946 994 nien
1988 942 2100 1010 jam
2141 941 2468 1010 progressis,
2507 943 2660 998 nullo
2695 943 3070 998 additamento
3117 957 3254 1011 opus
3295 950 3404 1002 est,

1821 1033 1969 1086 velut
2007 1033 2060 1085 in
2095 1033 2426 1101 seipsisjam
2459 1035 2608 1088 ornni
2639 1035 2908 1088 bonorum
2949 1035 3107 1102 copia
3145 1033 3408 1104 perfectis

1821 1133 1873 1178 et
1897 1124 2166 1178 absolutis
2192 1143 2204 1178 :
2233 1126 2378 1194 quod
2412 1137 2464 1180 et
2495 1129 2608 1194 ipse
2633 1141 2832 1180 sensus
2856 1127 3250 1196 inscriptionis,
3283 1143 3406 1196 qua:

1823 1215 1908 1268 bis
1941 1215 2264 1284 praeligitur,
2299 1217 2520 1284 planum
2568 1215 2720 1282 facit,
2763 1233 2888 1270 eum
2933 1226 3106 1272 totum
3141 1217 3284 1288 quod
3317 1235 3406 1272 se-

1820 1306 2030 1375 quitur,
2065 1305 2280 1362 laudem
2323 1305 2415 1360 Dei
2451 1307 2716 1362 nominat.
2755 1307 3226 1374 Quemadmodum
3255 1312 3404 1364 enim

1819 1415 2110 1470 corporum
2149 1415 2246 1468 per
2279 1409 2469 1456 aetates
2507 1401 2908 1456 incrementum
2947 1403 3240 1456 terminum
3291 1411 3406 1458 sta-

1819 1491 1982 1546 bilem
2011 1507 2040 1545 a
2065 1499 2260 1546 natura
2287 1494 2654 1562 praestitutum
2681 1493 2866 1556 habet,
2895 1503 3020 1562 post
3046 1511 3207 1566 quem
3239 1495 3406 1564 majo—

1819 1582 1898 1636 ris
1925 1583 2204 1652 augmenti
2234 1597 2340 1638 non
2376 1592 2462 1638 est
2493 1583 2728 1652 amplius
2761 1599 2956 1653 capax,
2989 1586 3084 1640 sed
3111 1592 3225 1638 toto
3253 1585 3404 1638 inse~

1818 1676 2006 1744 quenti
2033 1683 2280 1744 tempore
2307 1675 2360 1728 in
2397 1675 2588 1730 eodem
2618 1683 2762 1731 statu
2799 1685 3002 1732 manet:
3037 1677 3116 1732 sic
3139 1678 3304 1732 etiam
3331 1677 3409 1730 di-

1822 1769 1964 1822 vina:
1987 1767 2254 1822 doctrina:
2284 1778 2338 1822 et
2383 1769 2748 1824 institutionis
2791 1769 3184 1824 incrementum
3227 1771 3404 1840 quod-

137 1869 188 1906 τε
214 1854 494 1922 νηπιὼδεις
523 1858 620 1910 καὶ
652 1859 860 1922 ἀτελεῖς
906 1861 1005 1929 τὴν
1033 1862 1272 1915 διάνοιαν
1297 1865 1416 1925 ταῖς
1439 1864 1701 1934 καταλλή-

1823 1859 1946 1914 dam
1987 1869 2074 1916 est
2106 1869 2160 1914 et
2191 1869 2390 1916 status.
2438 1859 2678 1918 Infantes
2723 1863 2868 1916 enim
2916 1863 3096 1918 adhuc
3137 1871 3190 1918 ct
3220 1865 3402 1918 animo

135 1942 236 2006 λοις
259 1950 480 2014 τροφαῖς
505 1947 894 2020 τιθηνουμένη,
945 1951 1034 2006 διὰ
1061 1953 1334 2022 γάλακτός
1363 1971 1420 2006 τε
1461 1957 1556 2008 καὶ
1597 1955 1708 2010 τῶν

135 2036 392 2104 τοιούτων,
419 2041 516 2093 καί
547 2043 627 2105 είς
672 2041 900 2113 αὔξησιν
931 2044 1076 2110 ἄγει,
1101 2047 1194 2098 καὶ
1220 2049 1330 2109 τοῖς
1363 2047 1462 2118 ἤδη
1481 2047 1709 2112 τελείοις

136 2132 222 2198 τὴν
245 2133 466 2203 στερεὰν
499 2135 789 2206 προτίθησι
809 2137 1112 2208 τράπεζαν.
1147 2141 1262 2202 τοῖς
1290 2139 1376 2194 διὰ
1397 2139 1505 2191 τῶν
1533 2139 1708 2194 ἄλλων

137 2223 450 2296 μαθημάτων
467 2245 762 2300 προγυμνα
771 2229 940 2282 σθεῖσι
957 2230 1024 2284 τά
1039 2231 1137 2302 τῆς
1155 2231 1331 2303 ψυχῆς
1357 2233 1706 2304 αἰσθητήρια.

193 2409 390 2464 Οὔκοῦν
407 2411 470 2465 τὺ
495 2410 754 2481 μηδαμοῦ
779 2413 967 2482 χρείαν
987 2413 1266 2479 γενέσθαι,
1292 2411 1434 2466 κατά
1459 2412 1520 2465 τὸ
1545 2412 1708 2482 ἔσχα-

133 2519 210 2556 τον
235 2501 440 2567 τμῆμα,
469 2503 570 2556 τοῦ
621 2505 678 2556 ἐν
727 2503 1062 2574 διαψάλματι
1113 2505 1223 2558 τῶν
1271 2504 1620 2576 ὑψηλοτέρων
1653 2521 1706 2558 τι

133 2593 396 2662 requiem:
411 2593 800 2664 ἐκδιδαχθῆναι
821 2595 912 2648 τὸν
940 2597 1226 2665 ὑποφήτην
1246 2595 1340 2650 τοῦ
1365 2596 1702 2665 Πνεύματος,

133 2685 282 2753 σαφὲς
305 2685 372 2738 ἀν
399 2687 486 2756 εἴη
513 2689 820 2758 τεκμήριον
853 2689 942 2740 τὸν
973 2689 1102 2758 περὶ
1131 2688 1321 2742 τούτου
1347 2689 1504 2756 λόγον
1535 2705 1704 2742 κατα-

132 2775 318 2846 νοῆσαι,
351 2777 664 2848 προσθέντα
689 2780 872 2831 ἐκεῖνα
901 2779 1000 2848 τῆς
1021 2778 1342 2847 ψαλμῳδίας
1369 2780 1438 2832 τά
1465 2779 1606 2850 μέρη
1635 2779 1704 2832 τὰ

129 2867 464 2938 διεσταλμένα
509 2869 594 2940 τῷ
631 2869 982 2940 διαψάλματι.
1037 2871 1124 2922 Ἐν
1155 2869 1232 2940 τῷ
1266 2869 1375 2940 γὰρ
1411 2871 1580 2940 τρίτῳ
1605 2871 1703 2940 τὴν

132 2961 402 3030 γενομένην
441 2963 507 3013 ὲκ
559 2961 658 3032 τῆς
691 2961 800 3014 τῶν
835 2961 1046 3032 ἐχθρῶν
1093 2963 1512 3023 ἐπαναστάσεως
1555 2960 1702 3031 αὑτῷ

133 3055 336 3121 συνοχὴν
359 3071 418 3106 τε
448 3054 546 3106 καὶ
582 3053 892 3124 ἀμηχανίαν
919 3052 1222 3125 προειπὼν,
1250 3049 1369 3104 εἶτα
1396 3051 1701 3114 διαστείλας

129 3143 180 3194 τι
205 3146 356 3214 μέρος
379 3145 456 3216 τῷ
482 3145 842 3216 διαῴἀλματι,
886 3147 984 3216 τὴν
1037 3147 1303 3215 σωτήριον
1333 3145 1549 3214 ἐκείνην
1581 3162 1700 3212 φω-

129 3237 212 3304 νὴν
258 3239 634 3309 ὲπιθαρσήσας
679 3237 758 3307 τῷ
795 3238 936 3290 κατά
968 3238 1030 3290 τὸ
1071 3237 1382 3308 ἀπόρρητον
1423 3235 1572 3306 αὐτῷ
1615 3237 1700 3288 ὲν-
1729 3211 1772 3268 C

129 3327 388 3397 ηχήσαντι,
421 3329 506 3382 ὅτι
553 3347 571 3378 ι
611 3329 682 3381 Σὺ
715 3329 790 3390 δὲ,
825 3328 1031 3398 Κύριε,
1061 3327 1412 3398 ἀντιλήπτωρ
1473 3345 1572 3395 μου
1627 3320 1696 3386 εἷ,

127 3423 236 3486 δόξα
281 3423 518 3491 μου,καὶ
570 3422 720 3491 ὑψῶν
757 3421 856 3491 τὴν
891 3421 1136 3489 κεφαλήν
1179 3435 1301 3488 μου·
1345 3439 1364 3468 ι
1425 3418 1588 3472 πάλιν
1641 3419 1698 3468 ἐν

127 3511 448 3583 διαλείμματι
477 3513 580 3584 τὴν
616 3511 882 3582 μελῳδίαν
925 3513 1188 3578 ποιήσας,
1234 3513 1372 3578 μετὰ
1411 3508 1508 3577 τὴν
1538 3509 1700 3578 εὐχά-

133 3621 290 3675 ριστον
321 3607 538 3674 ἐκείνην
583 3606 769 3673 φωνὴν
809 3603 875 3672 ἣν
919 3601 1211 3670 πεποίηται
1241 3600 1436 3665 λέγων·
1491 3619 1508 3648 ι
1542 3601 1697 3670 Φωνῇ

131 3716 216 3768 μου
241 3697 370 3768 πρὸς
403 3697 615 3768 Κύριον
663 3695 978 3765 ἐκέκραξα,
1025 3694 1119 3746 καὶ
1164 3692 1440 3762 ἐπήκουσέ
1495 3711 1596 3762 μοι)
1640 3693 1698 3760 ἐξ

127 3791 262 3861 ὅρους
289 3791 442 3859 ἁγίου
467 3787 661 3842 αὐτοῦ·
699 3807 716 3838 ι
752 3787 1062 3839 διδάσκεται
1091 3785 1170 3848 τίς
1205 3787 1322 3838 ἐστι
1372 3785 1470 3855 τῆς
1510 3785 1698 3854 κοινῆς

127 3883 218 3935 τῶν
253 3883 610 3953 ἀνθρωπίνων
656 3881 840 3934 κακῶν
871 3879 1182 3950 ἀμηχανίας
1229 3881 1262 3950 ἡ
1290 3879 1466 3940 λύσις.
1501 3881 1610 3932 Καὶ
1637 3879 1698 3932 τὸ

127 3974 248 4026 κατά
296 3973 356 4028 τὸ
401 3971 580 4034 πάθος
633 3971 728 4022 τοῦ
785 3970 990 4040 Κυρίου
1050 3969 1348 4040 μυστήριον
1399 3967 1695 4038 διδαχθεὶς,

127 4065 174 4116 ἐν
223 4067 282 4134 τῇ
353 4064 626 4134 γενομένῃ
684 4062 824 4114 κατά
883 4062 944 4114 τὸ
1008 4061 1202 4130 ἀθρόον
1269 4060 1536 4130 ἐλλάμψει
1603 4059 1696 4112 τοῦ

125 4155 436 4225 Πνεύματος,
469 4156 604 4208 αὐτὸ
631 4153 693 4206 τὸ
726 4153 1013 4222 πρόσωπον
1037 4152 1097 4204 τὸ
1115 4151 1443 4204 Δεσποτικον
1472 4151 1698 4204 ὑποδύε-

125 4265 219 4308 ται,
248 4251 332 4304 καί
361 4266 550 4318 φησιν·
585 4268 604 4299 ι
645 4247 786 4315 Ἐγὼ
827 4245 1127 4315 ἐκοιμήθην
1172 4245 1266 4298 καὶ
1307 4243 1532 4296 ὕπνωσα
1559 4262 1572 4274 ·
1603 4244 1692 4308 ἐξ-

123 4342 359 4412 ηγέρθην,
413 4345 498 4395 ὅτι
539 4339 744 4410 Κύριος
783 4335 1133 4404 ἀντιλήψεταί
1174 4351 1296 4403 μου.
1337 4353 1356 4384 ι
1413 4334 1456 4384 Τ
1459 4335 1486 4386 ὸ
1536 4334 1591 4386 δὲ
1631 4334 1698 4386 δι’

123 4435 380 4508 ἀκριϐείας
401 4433 720 4488 ἐκτίθεσθαι
745 4433 844 4502 τὴν
867 4432 1082 4498 ἑκάστῳ
1103 4429 1210 4480 τῶν
1233 4428 1496 4500 ῥημάτων
1522 4429 1700 4494 ἐγκει-

127 4523 276 4594 μένην
316 4525 581 4586 διάνοιαν,
625 4521 898 4591 παρέλκον
949 4519 1014 4572 ἂν
1047 4519 1154 4590 εἴη,
1206 4517 1302 4572 τοῦ
1349 4518 1510 4586 λόγου
1561 4517 1697 4586 πρὸς

124 4617 266 4686 ἔτερα
305 4617 656 4678 σπεύδοντος.
705 4615 826 4684 Χρὴ
861 4611 968 4684 γὰρ
1003 4611 1382 4666 πιστώσασθαι
1429 4610 1526 4680 τὴν
1560 4611 1695 4662 ἀπο-

125 4707 342 4762 δοθεῖσαν
361 4711 492 4781 περὶ
513 4707 610 4762 τοῦ
639 4707 1011 4777 διαψάλματος
1031 4705 1256 4766 ἔννοιαν,
1294 4705 1352 4770 ἐξ
1381 4703 1561 4756 αὐτῶν
1587 4703 1694 4756 τῶν

125 4803 503 4872 γεγραμμένων
539 4799 908 4862 συνιστῶντας
941 4800 1240 4866 τὸν-λόγον,
1283 4799 1376 4850 καὶ
1413 4799 1470 4849 ἐν
1505 4795 1582 4866 τῷ
1611 4813 1698 4848 τε-

125 4892 728 4964 τάρτῳξδιαψάλματιβϋ
745 4887 804 4946 οὗ
825 4891 888 4943 τὸ
907 4893 1020 4944 ἴσον
1042 4889 1403 4960 μανθάνομεν.
1420 4887 1573 4956 Πάσῃ
1589 4886 1696 4956 γάρ

125 4984 304 5052 τρόπον
331 4985 454 5038 τινὰ
487 4987 552 5054 τῇ
585 4983 898 5054 ἀνθρωπίνῃ
933 4982 1093 5051 φύσει
1115 4983 1245 5053 περὶ
1268 4981 1368 5050 τῆς
1391 4980 1499 5032 τῶν
1528 4997 1688 5032 σπου-

127 5073 412 5147 δαζομένων
449 5076 812 5148 ματαιότητος
841 5076 1037 5146 ἐμϐοᾷ,
1075 5073 1467 5144 βαρυκαρδίους
1495 5071 1690 5142 ὀνομάο

128 5163 356 5231 ζωπιτοίις
379 5170 530 5230 υἱοὺς
565 5168 674 5220 τῶν
703 5165 1030 5236 ἀνθρώπων,
1062 5159 1143 5228 οἷς
1180 5165 1240 5216 τὸ
1269 5163 1494 5234 μάταιόν
1515 5180 1574 5215 τε
1598 5161 1692 5214 καὶ

133 5260 478 5314 ἀνυπόστατον
506 5261 700 5330 ψεῦδος
731 5261 788 5311 ἐν
817 5260 1008 5328 ἀγάπῃ
1039 5257 1175 5310 ἐστί.
1203 5255 1372 5309 Πάλιν
1405 5257 1690 5326 ὲπηρεμή-

135 5351 622 5412 σας,ὑποδείκνυσιν
647 5351 822 5404 ὲντίνι
841 5350 1042 5419 ἐστὶνὴ
1071 5347 1314 5418 ἀλήθεια.
1348 5365 1366 5397 ι
1399 5347 1636 5414 Ἔγνωτε
1667 5363 1686 5396 ι

131 5445 245 5512 γὰρ,
271 5446 452 5514 φησὶν,
474 5463 492 5494 ι
527 5445 608 5498 ὅτι
639 5445 1032 5515 ὲθαυμάστωσε
1067 5441 1268 5512 Κύριος
1300 5441 1392 5493 τὸν
1423 5441 1568 5494 ὅσιον
1594 5439 1693 5491 αὑ-

129 5533 240 5586 τοῦ·
281 5555 298 5587 ι
329 5537 559 5600 δεικνὺς,
587 5531 763 5606 οἶμαι.
795 5535 882 5588 διὰ
911 5533 1006 5587 τοῦ
1035 5533 1182 5586 ὁσίου
1213 5532 1302 5584 τὸν
1337 5531 1566 5602 Κύριον,
1598 5547 1691 5583 κα-

133 5623 228 5690 θώς
255 5629 851 5698 φησικδΜωῦσῆςοιὌτι
870 5627 1077 5689 δίκαιος
1095 5625 1188 5678 καὶ
1219 5625 1364 5688 ὅσιος
1387 5622 1685 5694 ὁΚύριος.»

195 5801 258 5837 ⁸³⁹
293 5803 432 5861 Psal.
465 5819 544 5872 ιιι,
581 5807 604 5859 i
639 5821 790 5876 seqq.

1813 1951 2166 2020 imperfectos
2215 1969 2313 2024 per
2343 1954 2428 2008 lae
2467 1965 2522 2006 et
2565 1954 2790 2018 similia,
2841 1963 3104 2024 tanquam
3155 1971 3252 2024 per
3303 1955 3406 2008 ali-

1811 2053 1993 2098 menta
2023 2053 2420 2108 consentanea,
2456 2047 2520 2100 ad
2557 2047 2955 2102 incren‘ientum
2986 2045 3158 2108 ducit,
3193 2061 3258 2100 ac
3279 2061 3404 2116 per-

1810 2132 1970 2188 fectis
2009 2133 2240 2188 solidam
2269 2137 2498 2204 apponit
2537 2151 2808 2196 mensam,
2851 2137 2958 2190 illis
2989 2135 3262 2198 videlicet,
3305 2136 3400 2204 qui

1805 2223 1918 2294 jam
1945 2240 2142 2280 sensus
2171 2225 2294 2282 aliis
2334 2225 2644 2296 disciplina:
2677 2225 2972 2296 generibus
3011 2225 3216 2280 habent
3245 2241 3402 2280 exer-

1810 2316 2030 2371 citatos.

1879 2407 2047 2476 Igitur
2077 2407 2132 2462 in
2165 2407 2352 2462 ultima
2391 2409 2730 2478 psalmorum
2779 2409 3058 2473 sectione,
3101 2425 3240 2480 upus
3289 2425 3400 2464 non

1807 2517 1928 2556 esse
1962 2501 2351 2570 diapsalmate,
2403 2509 2462 2555 ut
2491 2501 2812 2558 sublimiora
2843 2517 3002 2557 sensa
3033 2518 3098 2557 ex
3142 2501 3261 2570 ejus
3293 2503 3398 2556 mi-

1807 2596 2032 2650 nisterio
2060 2603 2114 2649 ct
2140 2595 2377 2664 alloquio
2405 2595 2799 2663 percipiantur,
2833 2594 3056 2662 planum
3089 2593 3199 2656 fiet,
3234 2595 3278 2650 si
3306 2609 3398 2648 eas

1807 2699 1993 2758 partes
2035 2689 2376 2742 adducamus
2423 2701 2490 2740 ex
2539 2687 2802 2756 psalmis,
2863 2701 2984 2756 quae
3037 2687 3400 2756 diapsalmate

1806 2787 1932 2834 sunt
1985 2782 2322 2848 interrupta.
2371 2777 2432 2832 In
2479 2779 2641 2832 tertio
2671 2779 2816 2832 enim
2863 2778 3108 2847 psalmo,
3139 2793 3262 2832 cum
3311 2777 3402 2832 de-

1805 2879 2081 2926 cantasset
2131 2871 2480 2926 afﬂictionem
2527 2877 2580 2923 et
2619 2871 2966 2940 angustiam,
3011 2887 3132 2938 qua:
3171 2872 3272 2924 sibi
3331 2886 3396 2922 cx

1805 2963 2042 3018 hostium
2091 2963 2448 3030 impressione
2491 2969 2788 3024 evenerat,
2847 2977 2970 3014 mox
3039 2962 3398 3030 diapsalmate

1805 3067 2012 3126 partem
2059 3055 2203 3108 illam
2235 3055 2658 3122 interrumpens,
2690 3053 2986 3106 salutarem
3025 3051 3171 3104 illam
3205 3066 3394 3104 vocvm

1816 3145 2026 3208 edidit,
2067 3145 2456 3198 corroboratus
2499 3143 2749 3198 videlicet
2793 3142 2862 3196 ab
2909 3157 3004 3202 eo,
3054 3143 3146 3211 qui
3192 3142 3294 3194 sibi
3339 3143 3396 3194 in

1804 3240 2020 3293 occulto
2071 3235 2276 3306 aliquid
2311 3237 2610 3305 inspirarat
2648 3251 2662 3288 :
2693 3251 2713 3286 ι
2747 3235 2830 3288 Τιι
2860 3243 3041 3288 autem
3065 3273 3078 3296 ,
3131 3233 3392 3292 Domine.

1804 3338 2093 3399 susceptor
2117 3345 2272 3382 meus
2297 3345 2357 3382 es
2383 3365 2398 3390 ,
2419 3327 2592 3397 gloria
2632 3341 2749 3380 mea
2779 3367 2796 3392 ,
2847 3335 2902 3380 et
2945 3326 3192 3380 exultans
3231 3333 3396 3394 caput

1803 3435 1982 3472 meum
2007 3419 2090 3472 δυ’.
2115 3439 2132 3470 ι
2165 3418 2367 3474 Rursus
2385 3415 2662 3472 intervallo
2693 3417 3017 3486 interpositu
3045 3426 3168 3486 post
3205 3433 3394 3470 vocem

1803 3511 1948 3565 illam
2007 3513 2305 3581 gratiarum
2353 3510 2587 3564 actionis
2645 3510 2899 3578 plenam:
2978 3528 2996 3562 ι
3059 3507 3208 3562 Voce
3274 3523 3394 3562 mea

1803 3605 1870 3660 ad
1913 3603 2200 3658 Dominum
2261 3602 2528 3666 clamavi,
2576 3611 2630 3656 et
2665 3601 2947 3656 exaudivit
2993 3617 3079 3656 me
3119 3602 3186 3656 de
3214 3612 3396 3654 monte

1803 3705 1996 3752 sancto
2045 3711 2180 3762 suo;
2233 3715 2252 3748 ι
2295 3696 2491 3754 discit.
2520 3710 2772 3764 quaenam
2820 3695 2892 3750 sit
2937 3695 3074 3748 ratio
3127 3692 3394 3746 evadendi

1801 3804 1866 3846 ex
1919 3789 2308 3842 conmmnibus
2360 3788 2726 3842 ltulnanarum
2781 3787 3158 3840 calamitatum
3225 3803 3394 3854 angu-

1802 3878 1924 3934 stiis
1987 3889 2041 3934 et
2091 3879 2518 3944 afflictionibus;
2571 3879 2908 3948 cdoctusque
2951 3881 3224 3948 passionis
3287 3881 3394 3934 Du~

1801 3971 2018 4026 minica:
2043 3973 2361 4041 mysterium
2397 3971 2450 4024 in
2481 3987 2542 4026 ea
2577 3987 2698 4040 qua:
2731 3971 2836 4026 sibi
2865 3986 2929 4036 ex
2967 3971 3268 4039 improviso
3299 3988 3393 4026 re-

1801 4074 1958 4120 nerat
1993 4082 2023 4118 a
2057 4063 2260 4134 Spiritu
2302 4074 2492 4120 sancto
2521 4066 2904 4129 illustratione,
2951 4067 3123 4134 ipsam
3176 4065 3390 4120 Domini

1803 4172 2091 4226 personam
2123 4157 2318 4219 induit,
2351 4157 2404 4210 in
2441 4158 2556 4211 haec
2582 4159 2748 4212 verba
2774 4173 3140 4228 prorumpens
3175 4179 3187 4212 :
3227 4179 3244 4210 ε
3281 4158 3392 4227 Ego

1802 4247 2069 4310 dormivi,
2105 4255 2158 4300 et
2187 4257 2481 4316 soporatos
2519 4265 2662 4310 sum,
2699 4259 2752 4302 et
2785 4250 3096 4315 exsurrexi,
3124 4251 3252 4318 quia
3287 4251 3390 4304 Do-

1803 4340 1985 4392 minus
2015 4340 2260 4408 suscepit
2287 4356 2391 4394 me.
2435 4360 2454 4390 ι
2498 4337 2834 4394 Sententiam
2867 4350 3046 4394 autem
3069 4384 3083 4406 ,
3119 4357 3242 4412 qua:
3274 4344 3390 4398 sin-

1803 4429 1944 4498 gulis
1975 4429 2157 4484 verbis
2195 4429 2405 4492 subest,
2443 4430 2760 4484 accuratius
2793 4446 3092 4500 exponere,
3124 4447 3390 4500 superva-

1803 4536 2034 4574 caneum
2065 4519 2322 4574 fortassis
2346 4519 2530 4582 fuerit,
2559 4537 2682 4574 cum
2714 4523 2891 4574 oratio
2913 4521 2980 4574 ad
3003 4523 3110 4574 alia
3145 4522 3386 4578 festinet.

1801 4611 2188 4666 Confirmanda
2220 4613 2364 4666 enim
2391 4623 2476 4666 est
2507 4613 2886 4682 diapsalmatis
2915 4613 3065 4668 notio
3100 4630 3392 4684 argumen-

1803 4705 1876 4760 tis
1909 4720 1972 4758 ex
2007 4703 2142 4774 ipsis
2178 4704 2406 4773 psalmis
2439 4705 2664 4773 petitis;
2694 4706 2896 4760 etenim
2935 4705 3076 4760 idem
3109 4723 3175 4760 ex
3209 4710 3388 4776 quarti

1805 4795 1998 4866 psalmi
2026 4797 2379 4864 diapsalmate
2409 4813 2742 4867 cognosmrc
2766 4814 3081 4866 possumus.
3107 4801 3392 4854 Acclamat

1803 4903 2040 4956 namque
2069 4888 2166 4940 toti
2191 4888 2594 4956 quodammodo
2625 4889 2878 4944 humanae
2905 4892 3156 4945 societati
3189 4893 3259 4946 ob
3292 4908 3387 4946 va-

1801 4981 2028 5034 nitatem
2081 4995 2268 5035 earmn
2303 4997 2508 5042 rerum,
2539 4983 2738 5051 quibus
2767 4983 2927 5038 unice
2973 4987 3184 5046 studet,
3217 4986 3388 5039 filios-

1801 5088 1908 5140 que
1956 5072 2242 5126 hominum
2283 5075 2436 5142 gravi
2490 5075 2658 5128 corde
2693 5091 2992 5144 oppressos
3033 5079 3385 5144 pronuntiat;

1800 5165 2000 5234 quippe
2044 5165 2248 5234 quibus
2295 5181 2496 5218 vanum
2552 5174 2606 5219 et
2653 5183 2760 5219 non
2813 5168 3122 5222 subsistens
3163 5169 3386 5222 menda-

1801 5257 1946 5311 cium
1983 5271 2129 5310 θυι-αι
2165 5259 2236 5310 sit
2267 5267 2320 5312 et
2344 5259 2530 5326 cordi;
2566 5259 2874 5329 iterumque
2909 5260 3344 5329 intcrquiescens
3367 5303 3384 5328 ,

1799 5343 2145 5400 demonstrat
2189 5347 2246 5399 in
2299 5363 2538 5417 quonam
2594 5349 2664 5402 sit
2715 5349 2938 5404 veritas.
2991 5349 3132 5404 Dicit
3181 5351 3382 5406 enim:

1805 5454 1826 5488 ι
1883 5437 2091 5491 Scitote
2141 5439 2400 5507 quoniam
2445 5437 2760 5492 mirificavit
2809 5440 3075 5494 Dominus
3131 5450 3386 5494 sanctum

1800 5545 1984 5593 suum,
2021 5548 2041 5582 ι
2105 5529 2440 5600 significans,
2503 5539 2564 5584 ut
2615 5532 2874 5595 arbitror,
2909 5531 3096 5586 Sancti
3139 5533 3388 5597 nomine,

1802 5623 2133 5690 Dominum;
2175 5625 2637 5694 quemadmodum
2673 5633 2729 5680 et
2755 5625 2968 5688 Movses
3005 5625 3122 5683 ait:
3167 5645 3186 5678 ι
3237 5625 3388 5691 Quo-
