3838 6224
382 366 487 422 εδει

1653 368 1715 427 8.
1748 363 2077 423 ειιεσοῐιιι
2117 364 2414 423 NYSSENI

3542 370 3659 427 διο

384 486 529 539 niam
559 481 741 552 justus
781 491 837 537 et
867 490 1097 541 sanctus
1127 483 1416 541 Dominus.
1469 505 1488 537 ι
1537 485 1743 541 Deinde
1785 486 1966 540 consi-

2083 481 2206 540 Εἶτα
2241 486 2565 559 συμϐουλὴν.
2581 488 2969 559 καταθέμενος,
2995 489 3061 543 δι’
3091 486 3168 542 ὧν
3189 490 3253 544 ἄν
3275 507 3355 553 τις
3390 491 3447 543 ἐν
3474 490 3650 546 καθα-

382 577 516 633 lhtm
545 575 661 638 dat,
688 578 965 647 quomodo
993 579 1119 649 quis
1142 578 1305 633 vitam
1339 596 1496 635 suam
1529 595 1664 650 pure
1690 588 1744 635 et
1774 590 1968 636 sancte

382 671 690 743 transigat;
720 670 1006 743 judexque.
1042 681 1099 728 et
1137 675 1416 744 inspector
1448 673 1843 745 cogitationum
1883 673 1965 726 fa-

384 772 540 825 ctus,
574 763 648 818 ait
670 782 687 817 ι
729 782 749 816 ι
790 762 924 831 Quae
950 764 1138 821 dicitis
1168 765 1225 819 in
1258 764 1521 820 cordibus
1548 764 1784 829 vestris,
1818 772 1873 820 et
1906 764 1964 818 in

385 856 660 912 cubilibus
696 856 900 912 vestris
933 839 1403 927 compungimini;
1454 874 1473 908 ι
1523 863 1579 910 et
1620 870 1747 911 mox
1794 855 1863 910 ad
1895 859 1968 922 ﬁse

387 963 644 1004 reversus
694 948 947 1019 legalium
987 948 1334 1002 victimarum
1370 946 1724 1002 abolitionem
1753 954 1808 1002 et
1851 947 1969 1017 ipse

388 1041 632 1105 audivit,
664 1040 897 1110 aliisque
927 1038 1255 1095 audiendam
1299 1038 1669 1109 promulgavit
1717 1057 1733 1094 :
1783 1046 1970 1093 monet

387 1133 557 1199 ettim,
593 1139 743 1186 utne
773 1138 955 1201 speret
977 1130 1031 1184 in
1053 1129 1370 1184 animalium
1400 1130 1632 1184 rationis
1662 1131 1967 1199 expertium

389 1221 665 1286 aedibus,
710 1221 803 1277 ille
839 1220 933 1291 qui
969 1229 1090 1291 eget
1131 1220 1525 1275 emundatione
1565 1226 1624 1274 et
1659 1220 1972 1291 expiatione

392 1314 615 1378 mentis,
636 1313 734 1370 sed
766 1321 827 1368 ut
846 1319 1168 1383 cognoscat,
1189 1311 1392 1382 quibus
1413 1310 1703 1366 sacriﬁciis
1725 1311 1972 1380 placetur

392 1404 564 1461 Deus.
600 1405 814 1460 Idcirco
863 1404 1063 1475 inquit,
1104 1423 1123 1456 ι
1177 1402 1501 1459 Sacriﬁcate
1527 1402 1857 1458 sacriﬁcium
1884 1402 1971 1472 jn-

394 1497 593 1561 stitiaa,
629 1506 685 1552 et
717 1507 933 1567 sperate
963 1498 1018 1552 in
1048 1495 1303 1551 Domino.
1343 1516 1363 1549 ι
1410 1494 1505 1551 Sic
1542 1503 1599 1552 et
1634 1496 1693 1550 in
1739 1495 1973 1565 septimo

395 1590 609 1661 psalmo
628 1588 884 1660 praecedit
901 1587 1120 1659 quidem
1144 1587 1438 1642 collocutio
1457 1603 1580 1641 cum
1608 1586 1737 1653 Deo,
1755 1586 1974 1658 quando

395 1695 580 1735 coram
608 1680 758 1750 justo
797 1680 888 1736 illo
915 1678 1100 1751 judice
1129 1687 1361 1735 testatur
1392 1679 1656 1733 malitiam
1693 1679 1765 1735 ab
1793 1677 1977 1733 inimi-

395 1771 479 1827 cis
505 1786 612 1826 non
645 1771 936 1842 provenire
983 1770 1324 1826 retribuendi
1348 1779 1406 1825 et
1434 1770 1610 1825 vicem
1639 1767 1975 1841 rependendi

395 1878 601 1930 causa,
633 1862 730 1920 sed
777 1864 924 1935 ipsos
955 1864 1179 1920 malitiae
1225 1871 1280 1919 et
1314 1863 1686 1935 improbitatis
1724 1870 1979 1919 auctores

394 1969 520 2011 esse
540 1995 556 2021 ,
586 1969 755 2025 seque
793 1955 988 2012 eodem
1014 1955 1242 2013 sceleris
1275 1956 1396 2011 loco
1445 1955 1682 2021 habere,
1719 1964 1777 2012 et
1807 1954 1980 2010 malo-

396 2057 518 2098 rum
555 2052 834 2100 auctorem
864 2059 989 2102 esse
1007 2082 1024 2110 ,
1062 2044 1478 2115 aequalibusque
1505 2043 1668 2099 malis
1699 2052 1977 2099 auctorem

397 2136 624 2204 ulcisci;
660 2145 714 2192 et
743 2152 866 2193 cum
902 2137 1016 2192 haec
1047 2136 1314 2203 dixisset,
1358 2151 1554 2193 rursus
1587 2137 1839 2192 auditum
1886 2149 1981 2190 ac-

395 2228 708 2285 commodat
739 2228 821 2293 ei,
855 2229 950 2300 qui
979 2244 1238 2301 magnum
1267 2229 1489 2301 pietatis
1525 2229 1854 2301 mysterium
1882 2243 1981 2299 pa-

396 2319 585 2377 tefacit
603 2362 618 2385 ,
646 2336 743 2392 per
770 2321 916 2392 quod
947 2321 1008 2376 ﬁt
1038 2328 1232 2377 contra
1268 2337 1433 2379 veros
1462 2321 1649 2378 hostes
1677 2336 1710 2376 a
1746 2319 1981 2376 Domino

396 2413 645 2468 vindicta
685 2431 700 2469 :
731 2413 891 2469 aliter
926 2413 1078 2469 enim
1112 2413 1229 2469 ﬁeri
1266 2429 1377 2468 non
1403 2421 1605 2485 potest,
1637 2420 1699 2467 ut
1722 2412 1981 2469 adversa-

398 2506 495 2562 ria:
517 2506 808 2578 potestatis
840 2492 1165 2562 coerceatur
1202 2508 1287 2562 vis
1316 2514 1370 2562 et
1399 2506 1694 2571 acerbitas,
1734 2506 1842 2561 nisi
1874 2504 1981 2559 Do-

355 2668 363 2675 .
397 2597 582 2653 minus
630 2613 729 2669 pro
760 2599 921 2655 nobis
950 2609 1226 2671 resurgat.
1267 2597 1509 2655 Necesse
1546 2606 1731 2656 autem
1757 2607 1865 2666 est,
1918 2606 1980 2654 ιιι

397 2690 858 2745 resurrectionem
892 2705 1042 2747 mors
1077 2690 1370 2760 praecedat.
1403 2690 1507 2758 Qui
1534 2691 1702 2763 igitur
1734 2707 1981 2748 resurre-

400 2781 636 2836 ctionem
667 2779 885 2836 Domini
908 2781 1266 2853 signiﬁcavit,
1297 2782 1389 2838 ille
1418 2783 1584 2838 etiam
1610 2783 1981 2839 manifestavit

402 2872 456 2928 id
482 2872 626 2944 quod
662 2888 785 2929 eum
812 2875 1219 2930 resurrectione
1241 2874 1598 2946 coniunctum
1633 2883 1740 2943 est,
1775 2885 1980 2948 mystc-

400 2965 581 3029 rium,
615 2963 837 3036 inquam
863 3005 879 3029 ,
911 2965 1211 3035 passionis.
1242 2965 1515 3031 Quocirca
1548 2965 1659 3022 Deo
1686 2966 1880 3038 plenus
1909 2966 1980 3021 ob

402 3055 641 3125 Spiritus
662 3057 838 3113 sancti
861 3057 1350 3112 inhabitationem:
1384 3076 1403 3109 ι
1429 3057 1697 3126 Exsurge,
1728 3078 1747 3110 ›
1776 3058 1976 3128 inquit,

405 3164 425 3197 ι
455 3146 704 3212 Domine,
737 3147 793 3202 in
825 3147 906 3202 ira
940 3157 1054 3212 tua,
1077 3156 1132 3204 et
1155 3148 1400 3204 exaltare
1427 3149 1482 3203 in
1509 3150 1708 3205 ﬁnibus
1733 3150 1980 3205 inimico—
2008 3186 2053 3246 Ο

400 3254 523 3293 rum
563 3245 821 3305 tuorum;
859 3258 878 3290 ι
912 3238 1166 3295 indicans
1197 3240 1292 3295 irte
1330 3240 1554 3311 quidem
1579 3241 1864 3306 vocabulo,
1906 3240 1982 3296 fa-

401 3335 660 3390 cultatem
705 3333 1065 3401 retribuendi,
1102 3351 1211 3406 qua
1250 3336 1431 3406 justus
1469 3334 1635 3405 judex
1670 3336 1844 3403 valet;
1884 3350 1983 3405 per

402 3423 615 3494 reliqua
632 3433 809 3479 autem
833 3424 1179 3481 abolitionem
1204 3433 1259 3481 et
1283 3424 1556 3480 excidium
1581 3426 1821 3485 malitia}.
1845 3425 1980 3480 Nam

406 3523 614 3570 natura;
642 3514 774 3570 illud
806 3515 982 3571 solum
1013 3524 1098 3571 est
1131 3517 1438 3582 inimicum,
1466 3517 1612 3587 quod
1643 3518 1789 3572 bono
1812 3533 1984 3588 oppo-

404 3607 572 3663 situm
598 3608 957 3678 conspicitur,
979 3608 1126 3679 quod
1146 3617 1233 3664 est
1258 3610 1489 3676 malitia,
1520 3611 1681 3680 cujus
1707 3610 1831 3666 ﬁnis
1856 3611 1984 3666 abo-

402 3698 556 3763 litio,
607 3708 662 3754 et
711 3699 769 3754 in
818 3699 1055 3755 nihilum
1099 3700 1362 3757 reversio.
1415 3701 1521 3768 Qui
1570 3702 1737 3774 igitur
1788 3702 1979 3759 dixit:

411 3808 430 3842 ι
467 3789 724 3847 Exaltare
751 3791 807 3846 in
843 3791 1042 3847 ﬁnibus
1081 3792 1435 3850 inimicorum
1472 3804 1715 3858 tuorum,
1755 3816 1775 3848 ›
1812 3797 1860 3852 is
1886 3811 1985 3867 per

404 3880 509 3936 hoc
535 3881 683 3951 quod
702 3885 780 3937 ait
807 3883 1071 3938 malitiam
1100 3884 1449 3940 inimicorum
1480 3884 1688 3941 ﬁnitam
1719 3902 1863 3952 esse,
1897 3887 1984 3942 in-

404 3971 581 4037 dicat,
611 3987 722 4028 non
762 3973 997 4044 amplius
1042 3974 1279 4047 relinqui
1316 3977 1444 4032 vitae
1479 3987 1684 4033 nostrae
1714 3977 1783 4033 ad
1818 3979 1979 4032 mali-

404 4063 537 4118 tiam
593 4065 847 4121 reditum.
895 4065 1373 4133 Quemadmodum
1429 4070 1574 4124 eniut
1629 4070 1754 4127 ﬁnis
1806 4067 1982 4125 morbi

405 4156 617 4212 sanitas
643 4164 760 4221 est.
803 4166 859 4212 et
886 4158 1065 4212 somni
1098 4157 1221 4215 ﬁnis
1265 4160 1545 4230 evigilatio
1572 4160 1591 4230 (
1619 4176 1795 4231 neque
1835 4161 1982 4216 enim

403 4246 955 4318 dormiens,quandiu
987 4264 1183 4304 somno
1213 4260 1449 4315 tenetur,
1482 4253 1660 4307 somni
1688 4254 1846 4308 ﬁnem
1888 4253 1984 4307 ha-

404 4333 530 4401 bet,
566 4350 743 4406 neque
777 4334 942 4390 etiam
976 4344 1280 4407 aegrotans,
1314 4337 1444 4393 dum
1475 4353 1600 4392 cum
1634 4340 1822 4395 morbo
1850 4356 1983 4395 con-

404 4423 667 4489 ﬂictatur,
699 4424 755 4479 in
783 4425 888 4481 ﬁne
915 4425 1092 4482 morbi
1118 4437 1404 4495 versatur;
1433 4429 1528 4484 sed
1562 4429 1607 4485 si
1651 4446 1857 4501 aegrum
1890 4448 1981 4486 sa-

2075 578 2261 651 ρότητι
2290 581 2549 652 παρέλθοι
2579 581 2671 654 τὸν
2707 582 2837 652 βίον.
2880 584 3070 654 κριτής
3100 600 3160 636 τε
3194 584 3289 638 καὶ
3323 583 3652 653 ἐπιγνώμων

2073 671 2182 725 τῶν
2207 672 2306 743 τῆς
2330 673 2508 743 ψυχῆς
2531 652 3242 744 διανοημάτων-γενόμενος,
3264 675 3324 726 ἐν
3349 668 3433 738 οἷς
3464 652 3648 745 φησιν,

2073 764 2155 817 ὅτι
2189 782 2208 813 ι
2256 765 2326 817 ’Λ
2359 764 2547 833 λέγετε
2595 764 2652 817 ἐν
2700 768 2824 830 ταῖς
2864 766 3112 838 καρδίαις
3167 766 3343 836 ὑμῶν,
3390 767 3484 819 ἐπὶ
3531 768 3652 828 ταῖς

2075 852 2284 916 κοίταις
2308 853 2463 924 ὑμῶν
2489 853 2863 925 κατανύγητε·-
2888 876 2907 909 ι
2949 855 3109 911 πάλιν
3133 856 3268 926 πρὸς
3296 854 3492 908 ἐαυτὸν
3518 856 3654 907 ἁνα-

2076 947 2350 1017 χωρήσας,
2381 945 2479 1017 τὴν
2510 947 2790 1017 ἀναίρεσιν
2816 946 2915 1017 τῆς
2937 949 3168 1017 νομικῆς
3198 947 3523 1011 ζωοθυσίας,
3554 947 3654 998 αὑ⁴

2074 1038 2166 1101 τός
2195 1056 2253 1091 τε
2289 1038 2489 1108 ἤκουσε
2509 1078 2523 1097 ,
2551 1038 2646 1091 καὶ
2676 1038 2850 1109 ἐμϐοᾷ
2880 1041 2990 1102 τοῖς
3022 1038 3278 1091 ἀκούουσι
3300 1054 3318 1074 ε
3343 1037 3492 1106 λέγει
3521 1036 3653 1105 γὰρ,

2079 1132 2214 1201 μηδὲ
2244 1133 2301 1185 ἐν
2340 1134 2463 1195 ταῖς
2489 1132 2598 1184 τῶν
2631 1130 2846 1199 ἀλόγων
2875 1130 3028 1195 ζώων
3064 1130 3375 1194 ἐπελπίζειν
3416 1131 3659 1197 σφαγαῖς
3694 1164 3726 1179 ρ

2074 1223 2168 1276 τὸν
2192 1221 2286 1276 τοῦ
2317 1222 2552 1293 ψυχικοῦ
2580 1222 2878 1294 καθαρσίου
2904 1222 3177 1293 δεόμενον,
3215 1222 3329 1275 ἀλλ’
3356 1221 3669 1289 ἐπιγνῶναι

2079 1314 2261 1378 ποίαις
2283 1316 2311 1367 ὁ
2338 1314 2470 1378 Θεὸς
2504 1315 2879 1386 εὐαρεστεῖται
2901 1314 3134 1377 θυσίαις.
3165 1313 3264 1367 Διό·
3283 1330 3485 1384 φησιν-ν
3504 1331 3523 1362 ι
3549 1312 3659 1364 Θύ-

2080 1421 2210 1458 σατε
2231 1403 2423 1459 θυσίαν
2450 1403 2792 1473 δικαιοσύνης
2815 1448 2830 1471 ,
2858 1405 2951 1459 καὶ
2969 1404 3225 1458 ἐλπίσατε
3247 1405 3341 1459 ἐπὶ
3367 1404 3601 1475 Κύριον.
3631 1422 3653 1455 ι

2080 1496 2267 1561 Οὕτως
2289 1496 2541 1552 καὶκατὰ
2558 1497 2649 1551 τὸν
2674 1497 2902 1568 ἕϐδομον
2922 1496 3031 1550 τῶν
3053 1495 3303 1568 ψαλμῶν,
3327 1498 3664 1566 προηγεῖται

2083 1588 2184 1660 μὲν
2208 1589 2238 1642 ὁ
2264 1591 2363 1661 τῆς
2385 1586 2676 1655 ἐντεύξεως
2712 1589 2889 1658 λόγος,
2920 1590 2979 1642 ἐν
3006 1581 3052 1658 ᾧ
3070 1588 3491 1656 δικαιολογεῖται
3522 1586 3666 1658 πρὸς

2079 1679 2171 1734 τὸν
2199 1680 2407 1735 δίκαιον
2441 1679 2654 1751 κριτὴν,
2683 1681 2766 1735 ὅτι
2787 1680 2887 1734 οὐκ
2914 1679 2974 1743 ἐξ
3000 1679 3415 1744 ἀνταποδόσεως
3443 1679 3664 1746 γίνεται

2083 1772 2236 1845 παρὰ
2258 1772 2367 1827 τῶν
2405 1773 2614 1845 ἐχθρῶν
2638 1774 2672 1844 ἡ
2701 1773 2889 1837 κακία,
2922 1772 3037 1827 ἀλλ’
3065 1773 3262 1826 ἐκείνοι
3286 1772 3522 1844 ἀρχηγοὶ
3557 1771 3670 1841 τῆς

2008 1844 2054 1904 Β
2080 1844 2344 1937 πονηρίας
2367 1864 2628 1934 γίνονται·
2655 1865 2749 1917 καὶ
2776 1865 2860 1919 ὅτι
2890 1865 3003 1919 ίσον
3040 1865 3120 1928 είς
3153 1864 3430 1935 ἁμαρτίαν
3458 1861 3663 1926 οἴεται,

2080 1956 2176 2012 καὶ
2213 1955 2590 2027 προκατάρξαι
2625 1954 2845 2020 κακίας,
2888 1954 2985 2010 καί⁸
3014 1957 3130 2020 τοῖς
3175 1952 3313 2018 ῐσοις
3343 1952 3667 2024 ἀμύνασθαι

2078 2052 2170 2105 τὸν
2201 2050 2535 2121 ἀπάρχοντα.
2563 2050 2674 2103 Καὶ
2696 2048 2870 2104 ταῦτα
2906 2047 3096 2111 εἰπὼν,
3136 2048 3298 2102 πάλιν
3326 2048 3521 2118 ὑπέχει
3559 2047 3665 2118 τὴν

2079 2142 2249 2214 ἀκοὴν
2280 2142 2360 2213 τῷ
2394 2141 2456 2195 τὸ
2487 2141 2629 2212 μέγα
2660 2138 2981 2211 φανεροῦντι
3017 2140 3116 2210 τῆς
3144 2138 3429 2202 εὐσεϐείας
3451 2140 3666 2209 μυστήο

2083 2252 2222 2306 ριον,
2255 2234 2324 2289 δι’
2361 2226 2423 2288 οὗ
2468 2233 2676 2301 γίνεται
2723 2234 2758 2303 ἡ
2793 2231 2937 2286 κατά
2982 2232 3091 2285 τῶν
3127 2229 3396 2302 ἀληθινῶν
3447 2230 3681 2303 ἐχθρῶν-

2080 2325 2233 2398 παρὰ
2258 2323 2352 2379 τοῦ
2381 2323 2588 2396 Κυρίου
2617 2323 2914 2394 ἐκδίκησις.
2940 2323 3015 2377 Οὐ
3033 2321 3141 2393 γὰρ
3168 2319 3506 2385 smmum
3533 2319 3661 2373 καθ-

2080 2419 2365 2491 αιρεθῆναι
2408 2418 2518 2471 τῶν
2562 2417 2951 2487 ἀντικειμένων
2988 2415 3050 2469 τὸ
3079 2417 3285 2486 στῖφος,
3309 2414 3385 2485 μὴ
3417 2414 3514 2468 τοῦ
3548 2415 3664 2467 Κυ-

2082 2514 2199 2585 ρίου
2226 2513 2367 2584 ὑπέρ
2394 2514 2426 2582 ἡ
2436 2511 2553 2580 μῶν
2571 2511 2925 2573 ἀναστάντος⁶
2952 2511 3051 2579 τῆς
3094 2509 3152 2563 δὲ
3187 2508 3537 2573 ἀναστάσεως
3567 2509 3667 2563 θά-

2079 2621 2236 2658 νατον
2265 2603 2347 2657 δεῖ
2386 2602 2604 2667 πάντως
2636 2600 3076 2673 προηγήσασθαι.
3111 2600 3168 2655 '0
3187 2601 3368 2655 τοίνυν
3397 2600 3497 2673 τὴν
3523 2600 3661 2655 ἀνάο

2081 2712 2269 2749 στασιν
2292 2693 2387 2747 τοῦ
2417 2693 2623 2764 Κυρίου
2657 2692 2903 2763 μηνύσας
2924 2732 2939 2757 ,
2970 2692 3030 2746 τὸ
3063 2692 3408 2763 συνημμένον
3436 2694 3503 2762 τῇ
3531 2693 3665 2745 ἀνα-

2082 2768 2269 2840 στάσει
2300 2782 2814 2857 συμπαρεδήλωσεν,
2848 2783 2992 2852 λέγω
3019 2783 3084 2855 δὴ
3126 2783 3186 2837 τὸ
3232 2783 3374 2837 κατὰ
3400 2783 3464 2836 τὸ
3490 2784 3663 2841 πάθος

2084 2876 2404 2947 μυστήριον.
2446 2868 2521 2928 Ob
2554 2873 2714 2945 χάριν
2753 2871 3105 2943 θεοφορηθείς
3141 2873 3206 2926 ἐκ
3228 2873 3329 2943 τῆς
3361 2873 3458 2926 τοῦ
3485 2873 3660 2926 Πνεύ-

2084 2986 2251 3040 ματος
2273 2966 2368 3021 τοῦ
2390 2966 2546 3035 ἁγίου
2573 2962 3016 3035 ἐπισκηνώσεως,
3047 2981 3067 3016 ι
3106 2964 3414 3035 Ἀνάστηθι,
3450 2985 3470 3018 ι
3504 2969 3663 3035 φηιςῖ,

2087 3086 2105 3116 ι
2147 3062 2340 3133 Κύριε,
2372 3064 2429 3116 ἐν
2460 3062 2599 3133 ὀργῇ
2638 3078 2733 3113 σου
2761 3099 2776 3123 ,
2805 3059 3050 3131 secem
3084 3061 3144 3113 ἐν
3172 3062 3286 3123 τοῖς
3326 3060 3528 3131 πέρασι
3557 3061 3667 3113 τῶν

2085 3151 2295 3222 ἐχθρῶν
2317 3166 2410 3204 σου
2429 3165 2442 3177 ·
2474 3169 2493 3201 ι
2529 3148 2811 3219 σημαίνων
2832 3146 2921 3201 διὰ
2951 3147 3048 3218 μὲν
3067 3149 3163 3218 τῆς
3190 3147 3379 3218 ὀργῆς,
3410 3147 3511 3217 τὴν
3535 3147 3668 3201 ἀντ-

2084 3242 2413 3314 αποδοτικὴν
2445 3241 2677 3314 δύναμιν
2713 3240 2809 3295 τοῦ
2856 3239 3065 3294 δικαίου
3105 3237 3313 3310 κριτοῦ·
3358 3238 3448 3292 διὰ
3470 3239 3531 3291 δὲ
3556 3238 3669 3291 τῶν

2084 3333 2304 3406 ἐφεξῆς,
2334 3335 2425 3388 τὸν
2454 3334 2759 3406 ἀφανισμὸν
2788 3332 2890 3404 τῆς
2922 3331 3140 3395 κακίας.
3194 3330 3421 3403 Ἑχθρὸν
3458 3331 3571 3403 γάρ
3597 3332 3679 3401 τῇ

2086 3424 2245 3495 φύσει
2282 3425 2442 3496 μόνον
2470 3425 2531 3479 τὸ
2561 3426 2620 3491 ἐξ
2661 3424 2906 3480 ἐναντίου
2935 3422 3013 3494 τῷ
3051 3422 3241 3493 ἀγαθῷ
3266 3421 3668 3492 θεωρούμενον,

2083 3519 2220 3589 ὅπερ
2250 3517 2399 3571 ἐστὶν
2420 3516 2454 3588 ἡ
2486 3517 2675 3579 κακία,
2696 3511 2765 3588 ἦς
2789 3515 2851 3568 τὸ
2878 3516 3052 3587 πέρας
3076 3513 3382 3585 ἀφανισμός
3412 3514 3553 3576 ἐστι,
3576 3513 3676 3566 καὶ

2083 3613 2163 3675 είς
2198 3611 2260 3663 τὸ
2311 3611 2386 3682 μὴ
2430 3609 2491 3663 ὃν
2542 3610 2941 3682 μεταχώρησις.
3012 3609 3068 3661 Ὀ
3115 3607 3296 3661 τοίνυν
3342 3604 3539 3671 εἰπὼν,
3588 3605 3685 3658 ὅτι,

2089 3724 2108 3755 ι
2154 3701 2429 3773 ’Υψώθητι
2468 3703 2526 3754 ἐν
2556 3703 2670 3766 τοῖς
2700 3699 2898 3773 πέρασι
2928 3699 3037 3755 τῶν
3068 3697 3280 3769 ἐχθρῶν
3324 3714 3444 3760 σου,
3482 3716 3502 3749 ο
3537 3713 3677 3767 προι-

2087 3795 2281 3868 μηνύει
2307 3793 2395 3848 διὰ
2415 3794 2509 3848 τοῦ
2540 3793 2923 3867 περατωθῆναι
2952 3792 3058 3847 τῶν
3082 3788 3292 3863 ἐχθρῶν
3319 3789 3419 3860 τὴν
3446 3789 3674 3852 κακίαν,

2081 3888 2144 3942 τὸ
2180 3887 2378 3959 μηκέτι
2411 3885 2504 3940 τὸν
2541 3885 2619 3950 είς
2650 3887 2848 3941 κακίαν
2893 3884 3092 3958 δρόμον
3124 3887 3190 3954 τῇ
3223 3882 3336 3953 ζωῇ
3383 3880 3679 3934 ὑπολείπε-

2085 3982 2231 4036 σθαι.
2266 3981 2354 4044 Ὠς
2382 3979 2492 4050 γάρ
2524 3979 2694 4050 πέρας
2723 3978 2934 4049 νόσουή
2964 3976 3141 4046 ὑγεία,
3169 3975 3263 4029 καὶ
3293 3974 3479 4046 πέρας
3494 3974 3671 4027 ὕπνου

2084 4073 2118 4143 ἡ
2164 4073 2493 4143 ἐγρήγορσις
2530 4069 2739 4138 γίνεται
2788 4068 2946 4140 (οὔτε
2973 4068 3033 4121 δὲ
3063 4070 3092 4122 ό
3126 4065 3425 4129 καθεύδων,
3472 4064 3583 4129 ἕως
3617 4065 3692 4119 ἐν.

2083 4164 2160 4234 τῷ
2192 4162 2346 4235 ’ὑπνῳ
2391 4163 2530 4223 ἐστὶ.
2561 4161 2737 4233 πέρας
2767 4159 2861 4213 τοῦ
2900 4158 3072 4213 ὕπνου
3103 4159 3234 4229 ἔχει·
3261 4156 3389 4210 οὗτε
3421 4157 3453 4210 ό
3501 4155 3693 4212 νοσῶν.

2081 4256 2183 4328 τῆς
2222 4254 2409 4323 ὑγείας
2437 4254 2497 4307 ἐν
2530 4252 2729 4323 πέρατι
2754 4250 2906 4322 παρά
2933 4249 3028 4303 τοῦ
3057 4250 3499 4320 ἀρρωστήματος
3524 4247 3679 4317 γίνε-

2081 4362 2193 4398 ται·
2216 4342 2350 4398 ἀλλά
2372 4340 2760 4411 διαδεξαμένης
2791 4339 2882 4392 τὸν
2908 4337 3006 4409 μὲν
3032 4338 3319 4410 ἄρρωστον.
3333 4337 3438 4407 τῆς
3460 4335 3688 4403 ὑγείας·ι

2082 4435 2174 4487 τὸν
2200 4433 2257 4486 δέ
2283 4430 2614 4486 καθεύδοντα
2642 4430 2742 4499 τῆς
2769 4429 3180 4499 ἐγρηγόρσεως,
3211 4425 3444 4496 λέγομεν
3474 4426 3679 4489 αὐτοὺς

406 4514 552 4570 nitas
595 4515 869 4585 excipiat,
915 4515 1275 4574 dormientem
1329 4535 1459 4575 vero
1504 4522 1814 4592 evigilatio,
1847 4531 1977 4580 tunc

2083 4530 2139 4581 ἐν
2174 4527 2370 4598 πέρατι
2399 4521 2730 4593 γεγενῆσθαι
2750 4520 2841 4574 τοῦ
2869 4522 2927 4573 ἐν
2949 4514 2994 4589 ᾧ
3022 4520 3279 4591 ἑκάτερος
3306 4513 3377 4589 ἦν
3398 4556 3415 4580 ,
3442 4517 3540 4570 τὸν
3574 4517 3680 4587 μὲν

403 4605 642 4662 dicimus
688 4605 813 4663 illos
869 4607 1031 4664 ﬁnem
1080 4618 1364 4667 assecutos
1406 4612 1563 4681 ejus,
1599 4629 1708 4684 quo
1747 4622 1978 4686 uterque

405 4698 622 4752 illorum
653 4699 957 4766 tenebatur,
982 4700 1134 4757 illum
1167 4702 1385 4773 quidem
1411 4705 1617 4770 somni,
1651 4706 1796 4761 hunc
1822 4708 1980 4778 aegri-

404 4789 685 4860 tudinis);
721 4790 794 4845 ita
836 4799 891 4846 et
940 4792 995 4846 in
1040 4794 1318 4863 proposito
1367 4798 1722 4852 mutationem
1768 4809 1980 4853 naturae

406 4881 656 4938 humana:
679 4883 735 4937 in
768 4890 971 4938 statum
1007 4882 1222 4940 felicem
1247 4893 1302 4940 et
1332 4885 1571 4950 beatum,
1604 4889 1764 4943 ﬁnem
1797 4886 1981 4942 inimi—

405 4989 593 5027 corum
629 4974 938 5043 appellavit.
972 4973 1140 5030 Porro
1191 4992 1361 5031 unum
1400 4978 1663 5032 duntaxat
1699 4978 1978 5034 diversum

406 5062 477 5116 ab
502 5060 627 5116 aliis
654 5063 873 5118 modum
898 5061 1299 5133 diapsalmatis,
1325 5072 1440 5120 toto
1470 5064 1809 5122 Psalmorum
1841 5069 1982 5123 libro

404 5154 842 5218 observavimus,
888 5154 944 5207 in
972 5169 1084 5209 uno
1113 5155 1349 5223 quodam
1386 5172 1449 5212 ex
1495 5158 1721 5227 psalmis
1755 5160 1831 5227 ⁶⁰;
1871 5176 1980 5215 non

403 5246 550 5299 enim
579 5244 656 5298 ait
680 5244 1003 5315 simpliciter
1031 5265 1049 5297 ι
1082 5245 1409 5315 Diapsalma,
1448 5268 1466 5299 ι
1507 5251 1599 5304 sed
1635 5271 1649 5300 ι
1690 5252 1979 5307 Canticum

405 5335 817 5406 diapsalmatis,
849 5356 868 5389 ι
900 5350 956 5393 et
986 5337 1123 5394 forte
1144 5341 1322 5394 oratio
1353 5341 1560 5396 librarii
1586 5344 1744 5413 culpa
1766 5345 1981 5401 inversa

405 5434 512 5488 est,
543 5431 602 5478 ut
633 5423 923 5481 dicendum
957 5428 1140 5497 potius
1164 5429 1256 5495 sit,
1290 5448 1310 5482 ι
1347 5429 1562 5486 Cantici
1595 5432 1919 5504 diapsalma,
1956 5454 1976 5487 ι

406 5523 593 5572 etnon
627 5517 901 5572 canticum
934 5516 1334 5587 diapsalmatis.

476 5608 744 5668 Caeterum
766 5624 892 5667 cum
919 5618 1048 5668 ante
1075 5613 1267 5672 oculos
1289 5615 1494 5673 versari
1516 5616 1709 5675 debeat
1736 5617 1980 5674 divinum

478 5767 526 5801 ‘°
556 5765 698 5823 Psal.
731 5782 786 5835 ι,
811 5764 862 5822 Ι.

2084 4617 2177 4672 τοῦ
2216 4616 2407 4680 ὕπνου,
2439 4615 2531 4668 τὸν
2556 4614 2614 4667 δέ
2637 4615 2737 4684 τῆς
2768 4613 2924 4666 νόσου
2948 4613 2988 4678 )·
3022 4609 3164 4664 οὕτω
3191 4610 3286 4664 καὶ
3308 4607 3549 4663 ἐνταῦθα
3577 4608 3683 4680 τὴν

2085 4708 2167 4771 είς
2200 4705 2259 4759 τὸ
2288 4704 2556 4775 μακάριον
2584 4703 2683 4774 τῆς
2718 4700 3064 4773 ἀνθρωπίνης
3095 4698 3312 4768 φύσεως
3342 4697 3681 4769 μεταϐολὴν,

2086 4800 2262 4871 πέρας
2316 4798 2425 4852 τῶν
2476 4796 2688 4868 ἐχθρῶν
2741 4793 3151 4864 κατωνόμασεν.
3207 4786 3343 4843 Ἕνα
3391 4787 3450 4841 δέ
3513 4788 3685 4859 μόνον

2086 4889 2486 4962 ἐξηλλαγμένον
2514 4888 2715 4959 τρόπον
2737 4884 3109 4954 διαψάλματος
3132 4882 3191 4934 ἐν
3218 4879 3369 4952 πάσῃ
3397 4881 3465 4949 τῇ
3506 4878 3685 4948 βίδλῳ

2087 4983 2196 5038 τῶν
2230 4979 2476 5051 Ψαλμῶν
2528 4977 2671 5033 κατά
2704 4977 2795 5030 τὸν
2839 4976 3052 5033 ἔννατον
3093 4970 3308 5043 ψαλμὸν
3358 4972 3689 5043 παρετηρή-

2090 5091 2282 5142 σαμεν.
2333 5071 2408 5122 Οὐ
2464 5069 2573 5140 γὰρ
2627 5066 2836 5129 ἁπλῶς,
2870 5085 2888 5115 ‹
2927 5062 3238 5133 Διάψαλμα,
3272 5080 3291 5111 ι
3328 5062 3518 5130 φησὶν,
3560 5061 3685 5114 ἀλλ’

2093 5185 2112 5217 ι
2156 5163 2277 5235 ᾩδὴ
2314 5162 2706 5233 διαψάλματος.
2750 5178 2767 5209 ι
2822 5157 2974 5227 Τάχα
3010 5155 3109 5226 μὲν
3159 5150 3252 5209 οὖν
3300 5154 3687 5223 ἀνέστραπται

2088 5257 2230 5311 κατά
2260 5274 2312 5310 τι
2354 5254 2579 5325 σφάλμα
2603 5249 2873 5322 γραφικὺν
2906 5250 2936 5302 ὁ
2963 5248 3149 5317 λόγος,
3178 5245 3319 5298 ὥστε
3364 5244 3475 5298 δεῖν
3521 5244 3687 5312 λέγε-

2091 5346 2214 5400 σθαι
2262 5343 2482 5416 μᾶλλον,
2524 5360 2543 5393 ι
2566 5340 2719 5412 ’ῼδῆς
2747 5336 3047 5409 διάψαλμα,
3076 5354 3095 5389 ι
3129 5334 3224 5389 καὶ
3255 5334 3356 5388 οὐκ
3382 5332 3531 5405 ᾠδὴν
3564 5334 3687 5389 δια-

2088 5434 2390 5506 ψάλματος.

2163 5615 2312 5688 Πλὴν
2340 5613 2528 5686 ἐπειδὴ
2567 5610 2834 5686 προσήκει
2868 5608 2975 5683 πρὸ
3005 5606 3299 5680 ὀφθαλμῶν
3327 5606 3473 5678 ἔχειν
3539 5606 3608 5662 τὸ
3630 5608 3689 5665 ἐν
