3838 6224
394 195 497 251 5L7

1671 195 1730 250 S.
1763 193 2091 253 GREGORII
2135 194 2429 254 NYSbl‘NI

3579 196 3693 253 548

393 329 518 373 ctus
539 326 641 383 est,
670 330 907 387 eumque
937 330 1048 386 quo
1075 322 1274 370 unctus
1301 324 1419 381 est;
1451 315 1496 369 si
1523 315 1669 370 enim
1692 315 1775 368 vel
1806 330 1975 368 unum

2132 319 2341 390 ιόμεθα.
2381 322 2444 374 El
2472 319 2580 391 γάρ
2608 320 2666 373 ἐν
2688 336 2742 373 τι
2774 320 2976 374 τούτων
3000 320 3199 386 λείποι,
3216 319 3279 372 τὸ
3308 318 3405 373 τοῦ
3434 318 3693 391 Χριστοῦ

396 411 591 464 horum
626 407 804 471 desit,
838 408 1039 462 Christi
1073 422 1274 462 nomen
1323 422 1433 462 non
1484 406 1758 462 subsistit.
1813 406 1987 476 llujus

395 501 563 573 igitur
589 516 789 556 nomen
820 501 1044 571 quando
1074 501 1130 554 in
1158 500 1419 570 pharetra
1450 507 1642 555 nostra
1690 499 1988 563 enitatur,

394 595 499 650 hoc
524 602 611 649 est
629 637 645 660 ,
670 596 893 664 quando
920 595 977 669 in
1005 593 1190 647 anima
1218 599 1411 647 nostra
1436 603 1531 663 per
1555 591 1717 647 ﬁdem
1739 592 1989 648 exoritur

2084 411 2257 482 ὄνομα
2292 413 2390 482 οὐχ
2420 413 2732 482 ὑφίσταται.
2764 412 2936 466 Τοῦτο
2952 413 3132 466 τοίνυν
3160 411 3223 466 τὸ
3254 412 3431 483 ὄνομα
3461 412 3612 465 ὅταν
3636 410 3695 463 ἐν

2084 508 2149 578 τῇ
2178 506 2422 578 ἡμετέρᾳ
2446 503 2634 575 ὑψωθῇ
2675 503 2925 575 φαρέτρα
2946 518 2960 532 ·
2990 503 3139 557 τοῦτ’
3162 501 3334 566 ἐστιν,
3362 503 3499 556 ὅταν
3535 503 3605 555 ἐν
3628 503 3696 571 τῇ

2083 600 2229 670 ψυχῇ
2276 598 2436 668 ἡμῶν
2485 596 2573 651 διὰ
2605 595 2841 659 πίστεως
2869 595 3093 665 γένηται
3119 594 3415 666 (φαρέτρα
3438 593 3565 663 γὰρ
3595 590 3695 645 τοῦ

397 690 417 753 ί
440 699 563 737 nam
589 683 845 753 pharetra
872 681 1147 736 sermonis
1166 689 1253 736 cst
1268 681 1454 735 anima
1470 679 1510 751 ),
1542 688 1675 734 tunc
1694 679 1987 735 confestim

397 773 787 838 adversarius,
824 773 920 843 qui
956 782 1060 827 n‘os
1090 771 1402 841 insequitur
1431 779 1487 826 et
1521 771 1767 841 impetit,
1802 770 1989 825 interit

395 878 450 922 et
476 866 789 931 occumbit,
818 866 980 936 cujus
1010 864 1352 927 interitusin
1378 865 1525 936 ligno
1552 864 1779 920 accidit.
1806 864 1990 931 Quare

397 976 521 1014 cum
552 961 677 1029 quis
706 959 761 1013 in
805 969 1053 1028 tempore
1092 956 1230 1027 fugit
1274 956 1488 1011 hostem
1531 957 1661 1027 (qui
1692 973 1838 1012 unus
1868 957 1991 1026 qui-

398 1052 519 1105 dem
546 1058 629 1105 est
653 1058 848 1105 natura
867 1090 886 1118 ,
912 1049 1195 1120 multiplex
1223 1064 1353 1103 vero
1382 1047 1442 1102 lit
1463 1050 1736 1103 malorum
1766 1049 1989 1104 auxiliis

398 1153 452 1197 et
474 1142 745 1212 suppetiis
764 1159 778 1195 :
794 1143 924 1196 hinc
950 1139 1119 1196 illud:
1141 1158 1160 1190 ι
1185 1138 1455 1203 Quoniam
1488 1139 1835 1209 multipliéati
1860 1146 1991 1194 sunt

397 1236 491 1305 qui
518 1234 787 1288 tribulant
815 1248 923 1299 me,
945 1233 1101 1287 multi
1129 1234 1423 1303 insurgunt
1445 1232 1737 1286 adversum
1765 1238 1850 1287 me
1870 1231 1939 1297 “,
1964 1249 1983 1284 ι

397 1335 454 1382 et
478 1327 530 1381 id
559 1342 733 1396 genus
758 1326 864 1380 alia
883 1367 898 1391 ,
924 1340 1047 1395 qua:
1072 1325 1127 1379 iu
1153 1325 1363 1395 psalmo
1386 1324 1481 1379 illo
1501 1336 1627 1380 sese
1646 1339 1992 1394 consequun-

399 1417 543 1488 tur),
564 1429 693 1472 tunc
712 1417 772 1471 ﬁt
790 1419 945 1487 quasi
963 1418 1176 1471 initium
1197 1417 1471 1471 victoriae:
1500 1425 1608 1472 tem
1617 1417 1825 1489 petstiva
1841 1417 1989 1473 enim

2085 688 2245 757 λόγου
2258 688 2404 742 ἐστὶν
2421 689 2453 758 ἡ
2471 687 2665 758 ψυχὴ),
2683 686 2802 739 τότε
2817 686 3157 756 ἀναιρετικὸν
3171 687 3382 755 γίνεται
3399 685 3498 739 τοῦ
3518 687 3702 738 heav-

2087 778 2377 849 ισταμένου
2432 779 2565 849 ἡμῖν
2611 777 2706 831 καὶ
2741 775 3050 842 διώκοντος,
3093 768 3155 830 οὗ
3197 777 3226 830 ὁ
3275 773 3606 847 ἀφανισμὸς
3642 776 3704 828 ἐν

2085 870 2163 942 τῷ
2192 862 2353 942 ξύλῳ.
2385 871 2484 924 Διά
2517 868 2677 924 τοῦτο
2704 870 2841 940 μετὰ
2873 870 2934 923 τὺ
2963 872 3155 941 φυγεῖν
3188 870 3245 922 ἐν
3265 867 3346 940 τῷ
3376 866 3573 938 καιρῷ
3600 867 3704 919 τὸν

2087 963 2517 1033 ἐπανιστάμενον
2545 962 2625 1031 (ὃς
2671 955 2753 1025 εἷς
2787 961 2885 1032 μέν
2913 963 3031 1015 ἐστι
3063 963 3130 1032 τῇ
3172 960 3354 1029 φύσει,
3384 959 3614 1030 πλῆθος
3643 956 3707 1010 δὲ

2087 1053 2296 1122 γίνεται
2327 1055 2393 1123 τῇ
2424 1054 2567 1123 κακῇ
2598 1051 2935 1125 συμμαχίᾳ),
2954 1052 3047 1108 καὶ
3084 1051 3280 1114 εἰπεῖν,
3308 1049 3467 1102 «Ὅτι
3515 1048 3709 1118 ἐπλη-

2088 1141 2358 1210 θύνθησαν
2405 1144 2453 1196 οἱ
2484 1140 2756 1204 θλίϐοντές
2774 1158 2842 1211 με
2866 1180 2882 1205 ,
2933 1142 3032 1196 καὶ
3065 1139 3251 1194 πολλοὶ
3290 1139 3710 1194 ἐπανίστανται

2088 1237 2175 1290 ἐπ’
2217 1223 2339 1305 ἐμὲ,
2375 1255 2395 1287 ι
2426 1235 2523 1289 καὶ
2565 1236 2668 1288 ὅσα
2724 1235 2789 1288 ἐκ
2842 1232 2939 1288 τοῦ
2988 1232 3287 1287 ἀκολούθου
3318 1234 3353 1304 ἡ
3386 1229 3710 1302 ψαλμῳδία

2089 1327 2362 1397 περιέχειδ
2413 1324 2538 1379 τότε
2561 1324 2771 1394 γίνεται
2797 1327 2832 1396 ἡ
2863 1323 2958 1378 τοῦ
2988 1324 3147 1396 νικᾷν
3173 1322 3427 1395 ἀρχή.Ἥ
3457 1324 3583 1393 γὰρ
3611 1318 3712 1374 εὖο

2088 1422 2279 1489 καιρος
2343 1416 2452 1470 ἀπὺ
2505 1415 2614 1469 τῶν
2685 1414 3133 1486 ἐπανισταμένων
3169 1414 3338 1484 φυγὴ.
3379 1413 3484 1484 τῆς
3542 1412 3709 1466 κατά

402 1514 474 1568 ab
494 1512 746 1568 hostibus
776 1510 901 1581 fuga
929 1520 1097 1566 causa
1129 1510 1349 1565 exsistit
1369 1511 1613 1565 victoria:
1645 1511 1714 1565 ab
1736 1509 1992 1565 hostibus

2132 1510 2198 1562 ὢν
2227 1507 2438 1581 ἐχθρῶν
2464 1507 2621 1578 νίκης
2649 1508 2793 1561 αἰτία
2825 1508 3058 1577 γίνεται.
3092 1505 3192 1560 Διά
3219 1503 3377 1559 τοῦτο
3406 1507 3444 1576 ἡ
3479 1503 3711 1574 ἐφεξῆς

401 1609 716 1671 reportatze.
738 1599 1009 1664 Quocirca
1041 1599 1284 1668 psalmus
1314 1598 1409 1669 qui
1437 1599 1707 1667 sequitur,
1735 1598 1879 1652 hanc
1905 1598 1991 1651 in-

2132 1602 2398 1674 αλμῳδία,
2421 1621 2439 1652 ι
2469 1591 2564 1665 Εἰς
2580 1599 2640 1655 τὸ
2667 1598 2843 1663 τέλος,
2870 1618 2890 1650 ι
2906 1598 3006 1669 τὴν
3031 1596 3344 1670 ἐπιγραφὴν
3362 1595 3503 1667 ἔχει.
3520 1595 3712 1659 Τέλος

404 1690 759 1762 scriptionem
786 1690 981 1745 habet:
1006 1708 1025 1740 ι
1054 1690 1111 1743 1η
1145 1691 1307 1745 tinem
1334 1682 1436 1742 ⁸⁷.»
1464 1689 1620 1746 Finis
1648 1700 1832 1745 autem
1866 1703 1990 1744 om-

2132 1672 2378 1751 ἐπαντὺς
2426 1687 2633 1756 ἀγῶνος
2686 1690 2721 1759 ὴ
2772 1688 2896 1759 νίκη
2950 1685 3138 1741 ἐστίν·
3184 1683 3369 1749 καθὼς
3412 1684 3651 1752 φθάσας
3680 1674 3714 1737 ό

402 1786 490 1840 nis
523 1795 720 1855 pugna:
750 1792 834 1838 est
867 1782 1098 1837 victoria
1120 1822 1135 1844 ,
1167 1781 1630 1853 quemadmodum
1667 1797 1838 1851 supra
1862 1778 1978 1849 jam

2132 1782 2250 1851 όγος
2284 1773 2415 1853 ἡμῖν
2467 1785 2599 1852 περὶ
2628 1784 2833 1833 τούτων
2884 1776 3301 1850 ἐτεχνολόγησεν
3320 1795 3335 1809 ⁸
3368 1778 3466 1832 καὶ
3497 1776 3710 1847 ἐπειδὴ

404 1877 746 1932 ostendimus
766 1895 781 1943 ;
803 1888 1037 1945 cumque
1052 1874 1223 1931 semel
1239 1872 1583 1930 dulcedinem
1603 1874 1846 1930 victoria:
1864 1875 1989 1945 quis

2132 1891 2165 1927 ν
2196 1874 2343 1938 ἅπαξ
2374 1864 2467 1927 τοῦ
2498 1874 2654 1943 νικᾷν
2679 1872 2872 1945 γεύσῃ.
2903 1870 3194 1941 ἐπάλληλοι
3222 1870 3370 1924 νίκαι
3395 1867 3549 1924 κατά
3584 1868 3707 1922 τῶν

407 1968 739 2038 gustaverit,
782 1982 906 2021 mox
940 1966 1061 2021 alia:
1087 1968 1142 2021 et
1170 1965 1295 2021 alia:
1326 1966 1575 2020 victoriae
1625 1966 1694 2019 ab
1740 1966 1991 2023 hostibus

2132 1964 2306 2037 χηρῶν
2361 1962 2769 2035 κατορθοῦνται.
2790 1962 2876 2015 Ἑν
2908 1963 3019 2034 γὰρ
3062 1963 3129 2033 τῇ
3159 1960 3353 2034 πρώτῃ
3387 1948 3548 2031 νίκῃ,
3581 1958 3707 2011 τῶν

406 2057 642 2113 feliciter
670 2055 1004 2112 referuntur.
1053 2053 1111 2109 in
1143 2055 1318 2126 prima
1349 2055 1498 2109 enim
1530 2054 1791 2119 victoria,
1825 2054 1986 2108 dimi-

2136 2057 2239 2110 ατὰ
2291 2056 2383 2109 τὸν
2415 2054 2526 2126 βίον
2554 2048 2729 2127 ἡδέων
2761 2053 2900 2125 πρὸς
2931 2054 3001 2107 τὰ
3026 2056 3126 2124 τῆς
3155 2053 3338 2123 ψυχῆς
3360 2052 3552 2120 ἀγαθά
3613 2051 3704 2106 δι-

412 2149 661 2206 :antibus
694 2146 859 2218 hujus
893 2146 1014 2201 vitae
1040 2144 1484 2216 iucunditatibus
1518 2160 1643 2199 cum
1681 2146 1841 2201 bonis
1874 2146 1993 2200 aui-

2139 2147 2509 2219 μιλλωμένων,
2534 2149 2591 2200 ἐν
2625 2147 2708 2200 σοὶ
2728 2147 3029 2218 ἐκράτησεν
3072 2146 3172 2216 τῆς
3191 2132 3386 2214 ὑλικῆς
3405 2144 3641 2214 ἀπάτης
3666 2144 3705 2209 ἠ

409 2252 548 2305 mae,
581 2239 867 2310 praevaluit
896 2239 951 2293 in
983 2246 1070 2299 te,
1107 2246 1271 2307 atque
1314 2237 1450 2292 adeo
1493 2238 1705 2293 domuit
1744 2239 1992 2308 corporis

2132 2228 2236 2310 ςρὸς
2276 2239 2343 2291 τά
2400 2229 2634 2309 κρείττω
2678 2238 2839 2309 ῥοπή.
2871 2237 3192 2305 Καταγνοὺς
3214 2224 3323 2305 γὰρ
3349 2234 3462 2287 τῶν
3493 2233 3559 2285 τὸ
3591 2234 3702 2303 μά.-

408 2333 784 2403 deceptionem
842 2341 896 2386 et
945 2330 1219 2396 ludibria,
1277 2329 1564 2384 inclinatio
1618 2330 1685 2384 ad
1742 2331 1989 2385 meliora.

2132 2346 2250 2382 αιον
2273 2326 2599 2400 ζητούντων,
2634 2328 2727 2380 καὶ
2765 2325 3105 2395 ἀγαπώντων
3136 2325 3199 2377 τὸ
3230 2323 3451 2393 ψεῦδος.
3474 2321 3703 2392 auset»

410 2422 699 2480 Damnatis
753 2424 899 2479 enim
954 2423 1064 2477 illis
1118 2422 1213 2492 qui
1260 2430 1515 2492 quau-unt
1558 2422 1890 2485 vanitatem,
1939 2431 1993 2476 et

2133 2413 2198 2492 ἧς
2223 2422 2351 2492 περὶ
2374 2419 2443 2474 τὰ
2465 2419 2762 2491 φαινόμενα
2791 2418 3170 2490 προσπαθείας
3183 2418 3285 2489 τὴν
3305 2415 3415 2471 τῶν
3440 2416 3703 2487 ἀοράτων

411 2517 645 2588 diligunt
679 2514 1022 2570 mendacium
1043 2555 1059 2580 ,
1090 2514 1437 2569 commutasti
1469 2515 1776 2586 voluptates
1811 2530 1993 2569 rerum
2102 2514 2418 2584 ἐπιθυμίαν.

413 2623 536 2679 qua:
563 2608 668 2663 sub
696 2613 978 2677 aspectum
1009 2602 1249 2669 cadunt,
1295 2618 1421 2657 cum
1455 2601 1729 2660 desiderio
1773 2619 1957 2659 rerum
1978 2644 1993 2670 ,

415 2716 539 2772 qua:
569 2699 762 2754 oculos
792 2696 1080 2766 etl‘ugiuut.

487 2788 544 2843 lu
603 2784 854 2856 sequenti
904 2783 1179 2855 psalmo”
1213 2783 1318 2837 alia
1366 2783 1579 2838 ratione
1617 2784 1814 2838 vincis.
1859 2781 1996 2837 Cum

2187 2788 2275 2848 Ἐν
2296 2782 2373 2865 τῷ
2400 2780 2596 2863 ἐφεξῆς
2624 2792 2783 2847 ἄλλον
2808 2792 3011 2864 τρόπον
3033 2793 3210 2863 νικᾷςδ
3245 2784 3353 2845 Δύο
3384 2793 3499 2861 γὰρ
3514 2793 3692 2845 ὄντων

416 2882 562 2938 enim
594 2879 707 2934 duo
732 2879 843 2933 sint
872 2876 968 2947 qui
1011 2891 1111 2946 pro
1140 2874 1459 2930 haereditate
1504 2877 1755 2931 veritatis
1803 2883 1998 2930 mutuo

2132 2884 2213 2939 τῶν
2245 2885 2514 2958 ὑπὲρρτῆς
2564 2882 2821 2952 ἀληθείας
2872 2880 3236 2952 κληρονομίας
3276 2881 3701 2952 διαμαχομένων

416 2985 693 3046 pugnant;
750 2972 847 3028 illo
898 2971 1121 3043 quidem
1179 2970 1480 3041 objiciente
1531 2969 1725 3039 legem,
1785 2979 1837 3024 te
1868 2985 2000 3024 vero

2132 2978 2244 3050 πρὸς
2282 2976 2564 3045 ἀλλήλους,
2615 2974 2710 3028 καὶ
2748 2972 2843 3027 τοῦ
2872 2974 2972 3043 μὲν
3000 2971 3440 3044 προϐαλλομένου
3480 2973 3573 3025 τὸν
3612 2973 3694 3025 νό-

422 3068 614 3126 ﬁdem:
648 3067 834 3137 justus
888 3063 1215 3134 agonothcta
1269 3061 1393 3126 tibi,
1447 3061 1696 3133 neglecto
1744 3062 1861 3127 illo,
1902 3061 2003 3115 tri-

2132 3087 2228 3128 ιον,
2276 3069 2369 3121 τοῦ
2410 3067 2467 3121 δὲ
2513 3069 2612 3138 τὴν
2645 3065 2859 3118 πίστιν·
2906 3066 2935 3117 ό
2976 3063 3183 3128 δίκαιος
3220 3063 3571 3135 ἀγωνοθέτης
3614 3081 3700 3116 σοι

420 3159 544 3216 buit
570 3157 814 3213 victoria:
843 3155 1064 3227 praemia
1084 3194 1101 3218 ,
1130 3161 1190 3207 ut
1218 3153 1446 3224 proinde
1476 3168 1648 3224 purus
1678 3153 1874 3207 anima:
1898 3161 2005 3206 tuae

2132 3161 2318 3215 ῐίδωσιν
2364 3160 2484 3215 κατ’
2536 3157 2745 3211 ἐκείνου
2796 3157 2866 3210 τά
2902 3158 3215 3227 νικητήριαι
3245 3156 3409 3209 Ὥστε
3467 3173 3551 3210 σοι
3598 3159 3704 3226 τὴν

423 3259 604 3308 status
642 3250 717 3305 sit
738 3249 887 3305 velut
925 3256 1081 3303 ortus
1107 3246 1263 3311 solis.
1295 3247 1389 3317 Qui
1430 3245 1529 3301 tibi
1562 3261 1592 3300 a
1627 3241 1871 3300 tenebris
1908 3259 1997 3299 re-

2132 3252 2357 3324 ῑαθαράν
2380 3252 2479 3323 τῆς
2500 3252 2679 3322 ψυχῆς
2707 3250 3065 3315 κατάστασιν,
3085 3249 3347 3321 ἀνατολὴν
3366 3248 3524 3320 ἡλίου
3554 3250 3704 3318 γενέι

424 3342 642 3399 cedenti
670 3340 974 3397 diluculum
1006 3338 1217 3404 aderat,
1257 3334 1402 3409 quod
1437 3337 1681 3408 psalmus
1723 3354 1742 3388 ι
1769 3350 1930 3390 mane
1956 3354 2004 3400 ι,

2132 3344 2254 3406 τθαι,
2278 3343 2611 3414 ἀφεστηκότι
2639 3342 2735 3396 τοῦ
2760 3342 3004 3405 σκότους,
3028 3340 3119 3394 τὸν
3145 3339 3342 3413 δρθρον
3372 3340 3700 3409 ἐπάγοντος.

424 3435 708 3499 nominat;
745 3442 798 3487 et
825 3432 907 3487 sic
945 3431 1176 3487 victoria
1203 3446 1271 3485 ex
1296 3430 1524 3484 victoria
1558 3430 1779 3484 athletae
1816 3428 2002 3483 nasci-

2132 3431 2211 3489 ’ον
2247 3453 2265 3486 ι
2301 3435 2516 3506 πρωίαν
2553 3454 2571 3487 ι
2602 3433 2857 3505 ὀνομάζει
2907 3435 2941 3505 ἡ
2998 3433 3306 3504 ψαλμῳδία.
3368 3434 3482 3488 Καὶ
3529 3434 3706 3496 οὗτος

427 3537 541 3588 tur,
571 3539 788 3595 semper
809 3522 878 3578 ad
905 3521 958 3577 id
986 3520 1133 3592 quod
1160 3520 1340 3591 majus
1380 3530 1437 3575 et
1468 3520 1744 3577 illustrius
1796 3528 1882 3575 est
1921 3519 2006 3574 vi—

2132 3540 2253 3577 ,svtv
2278 3525 2365 3578 nisi.
2399 3524 2581 3596 εὑρεῖν
2609 3523 2766 3594 νίκην
2794 3525 2859 3576 ἐκ
2887 3523 3043 3593 νίκης
3063 3522 3144 3594 τῷ
3179 3523 3388 3596 ἀθλητῇ
3418 3541 3710 3595 προσγινο-

429 3619 619 3673 ctoria:
680 3614 945 3686 trophaeis
1002 3620 1058 3668 et
1116 3613 1459 3668 ornamentis
1498 3611 2005 3683 progredientibus.

2132 3616 2302 3683 ιένην,
2356 3614 2493 3685 πρὸς
2518 3613 2579 3666 τὸ
2611 3615 2795 3684 μεῖζον
2819 3612 3055 3667 πάντοτε
3098 3614 3194 3666 καὶ
3228 3616 3708 3685 περιφανέστερον

433 3709 647 3766 Rursus
696 3708 801 3762 alia
857 3708 1086 3762 victoria
1142 3705 1337 3761 ordine
1386 3705 1769 3775 consequitur,
1812 3719 1909 3775 per
1945 3719 2009 3758 ea

430 3817 554 3873 quae
584 3803 1001 3870 praecesserunt,
1017 3804 1191 3867 parta.
1217 3794 1352 3849 Nam
1383 3795 1478 3865 qui
1503 3794 1876 3849 [nereditatem
1913 3809 2012 3847 no-

432 3901 544 3947 tam
579 3892 728 3954 fecit,
749 3889 840 3944 ille
871 3887 1034 3943 etiam
1081 3906 1100 3939 ι
1127 3884 1347 3942 Octava:
1374 3886 1419 3920 ⁶⁹
1448 3906 1468 3939 ›
1502 3884 1773 3950 meminit,
1796 3898 1921 3955 qua:
1957 3894 2013 3940 et

2110 3706 2407 3779 προϊόντων
2439 3705 2550 3758 τῶν
2581 3708 2646 3759 ἐκ
2693 3706 2793 3776 τῆς
2834 3705 2994 3776 νίκης
3037 3706 3496 3777 κατορθωμάτων.
3535 3707 3708 3759 Πάλιν

2111 3800 2275 3871 ἐτέρα
2310 3796 2611 3867 διαδέχεται
2647 3795 2772 3866 νίκη
2820 3796 2962 3849 κατὰ
3014 3796 3074 3849 τὸ
3112 3796 3425 3859 ἀκόλουθον,
3454 3796 3549 3850 διὰ
3597 3799 3709 3850 τῶν

2113 3887 2587 3961 προδεικνυμένων
2619 3886 3052 3958 κατορθουμένη.
3084 3887 3146 3939 '0
3173 3888 3285 3958 γὰρ
3309 3887 3410 3958 τὴν
3440 3888 3709 3959 κληρονο-

436 3988 563 4041 nnis
591 3991 676 4040 est
700 3980 990 4053 prarsentis
1022 3980 1169 4046 vitae,
1208 3985 1265 4034 et
1296 3977 1630 4049 principium
1664 3977 1764 4031 aevi
1815 3976 2009 4031 futuri.

2132 3978 2247 4034 ιίαν
2269 3976 2562 4051 γνωρίσας,
2598 3978 2761 4042 αὐτὸς
2790 3978 2879 4031 καὶ
2904 3979 3002 4048 τῆς
3032 3998 3051 4030 ι
3072 3979 3294 4050 Ὀγδόης
3330 4000 3348 4032 ι
3385 3981 3667 4051 μέμνηται
3690 3999 3708 4013 ν

432 4074 726 4147 Proprium
767 4088 895 4129 vero
939 4089 960 4124 ι
986 4071 1206 4127 Octava
1232 4089 1252 4122 ι
1280 4077 1390 4133 est,
1443 4084 1550 4125 non
1590 4071 1829 4140 amplius
1881 4070 2009 4125 sub-

2132 4070 2235 4143 ίιτις
2283 4069 2456 4143 πέρας
2501 4087 2562 4124 τε
2606 4069 2701 4123 τοῦ
2750 4071 3046 4135 ἐνεστῶτος
3088 4072 3281 4142 χρόνου
3332 4074 3571 4140 γίνεται.
3612 4075 3709 4127 καὶ

435 4166 756 4222 ministrare
784 4163 853 4218 iis
878 4162 970 4233 qui
1001 4162 1056 4216 in
1082 4160 1202 4232 ipsa
1232 4160 1459 4231 degunt,
1485 4160 1852 4228 occasionem:
1880 4177 2008 4232 per-

2132 4163 2260 4234 ὶρχὴ
2288 4161 2382 4217 τοῦ
2412 4162 2695 4234 μέλλοντος
2718 4162 2935 4225 αἰῶνος.
2957 4163 3116 4217 Ἰδιον
3145 4164 3200 4217 δὲ
3228 4163 3326 4234 τῆς
3350 4183 3371 4216 «ιη
3403 4165 3655 4235 Ὀγδόης,
3682 4190 3705 4216 ι

436 4252 690 4324 petrandi
724 4251 866 4305 bona
901 4248 988 4304 vel
1011 4249 1177 4311 mala,
1205 4248 1299 4303 sed
1342 4261 1686 4318 quzecunque
1727 4249 1853 4319 quis
1893 4265 2009 4319 opo-

2132 4252 2179 4306 τὺ
2234 4252 2432 4323 μηκέτι
2478 4251 2667 4320 καιρὸν
2695 4252 2776 4315 είς
2813 4252 3168 4323 παρασκευὴν
3194 4251 3415 4321 ἀγαθῶν
3443 4253 3478 4325 ἦ
3516 4254 3708 4308 κακῶν

437 4356 561 4398 rum
592 4340 799 4397 semina
847 4338 937 4394 hic
986 4337 1275 4408 Sparserit,
1325 4335 1545 4389 illorum
1581 4336 1655 4391 ibi
1706 4336 2009 4407 manipulos

2132 4342 2377 4398 ἐνδιδόναι
2431 4344 2543 4407 τοῖς
2592 4344 2650 4395 ἐν
2695 4336 2831 4413 αὐτῇ
2884 4342 3216 4412 γινομένοις·
3252 4342 3366 4396 ἀλλ’
3409 4337 3487 4398 ὧν
3518 4344 3590 4399 ἄν
3624 4362 3709 4407 τις

443 4431 615 4501 capit.
660 4397 1038 4495 Quamobrem.
1090 4425 1180 4480 hic
1222 4397 1597 4494 pmnitentiam
1651 4441 1814 4496 agere
1860 4397 2009 4496 iubet

2132 4428 2301 4505 ἑαυτῷ
2346 4397 2753 4504 καταϐἀλληται
2802 4397 2909 4486 διὰ.
2939 4397 3048 4487 των
3080 4397 3253 4506 ἔργων
3290 4435 3358 4488 τὰ
3386 4397 3707 4507 σπέρματί

439 4520 610 4593 (quod
652 4521 706 4574 in
746 4518 961 4573 inferno
1004 4516 1317 4586 hujusmodi
1373 4517 1559 4572 studio
1589 4517 1726 4571 nihil
1783 4519 2009 4589 amplius

2132 4527 2325 4580 τούτων
2376 4520 2761 4595 ἀντιπαρέχειν
2808 4524 2880 4577 τὰ
2926 4524 3231 4596 δράγματα.
3288 4520 3365 4579 Ub
3410 4527 3576 4599 χάριν
3619 4531 3708 4583 ἐνε-

442 4613 547 4668 loci
586 4611 836 4666 relictum
869 4610 962 4679 sit)
1006 4624 1155 4670 eum,
1190 4609 1282 4678 qui
1319 4608 1559 4679 hisipsis
1595 4609 1844 4664 victoriis
1863 4625 2009 4664 exet"

2132 4618 2299 4672 ταῦοα
2351 4617 2593 4688 ἐνεργεῖν
2647 4614 2927 4686 νομοθετεῖ
2962 4616 3061 4685 τὴν
3091 4616 3375 4686 μετάνοιαν
3407 4618 3507 4686 (ὡς
3540 4620 3601 4671 ἐν
3632 4618 3710 4689 τῷ

440 4706 644 4760 citatus
689 4710 793 4757 est.
847 4699 1330 4755 Verumenimvero
1406 4702 1604 4756 iterum
1687 4703 1752 4756 ad
1807 4717 2009 4771 pugnas

2132 4708 2228 4780 ᾅδῃ
2249 4707 2347 4777 τῆς
2379 4705 2635 4776 τοιαύτης
2658 4706 2892 4776 σπουδῆς
2913 4707 3349 4778 ἀπρακτούσης),
3368 4711 3489 4772 sui;
3516 4710 3711 4771 αὑταῖς

444 4797 683 4855 deﬂectit
706 4795 906 4856 oratio,
974 4810 1167 4849 rursus
1196 4795 1351 4865 ungit
1402 4811 1501 4851 nos
1546 4795 1612 4850 ad
1659 4797 2009 4851 tentatiouum

2132 4800 2296 4863 νίκαις
2324 4797 2790 4867 ἐγγυμνασθέντα.
2816 4797 2982 4852 Πάλιν
3002 4798 3291 4868 ἀπαλείφει
3317 4798 3458 4870 πρὸς
3490 4801 3708 4872 ἐτέρους

448 4895 727 4949 incursus.
783 4886 929 4942 idem
966 4888 1110 4941 enim
1169 4888 1365 4952 hostis,
1422 4888 1661 4942 Ahsalon
1694 4887 1808 4951 ille,
1864 4887 2023 4956 quasi

447 5000 513 5040 ex
543 4983 704 5037 nobis
730 4988 977 5044 renatus,
1004 4978 1183 5032 denuo
1224 4979 1424 5033 bellum
1463 4995 1529 5033 ex
1579 4979 1736 5034 nobis
1782 4979 2026 5033 redinte-

449 5084 592 5147 grat,
642 5088 806 5144 quem
838 5070 1008 5127 caedis
1056 5081 1259 5127 nostra:
1295 5068 1556 5139 cupidum
1598 5068 1796 5125 avertit
1833 5078 2025 5124 nostra

451 5169 521 5223 de
548 5169 653 5222 hac
705 5181 766 5219 re
812 5164 1040 5235 provida
1088 5178 1220 5218 cura
1253 5171 1309 5218 ct
1354 5160 1695 5224 sollicitudo,
1731 5160 1815 5216 vel
1840 5161 2026 5232 potius

455 5256 767 5315 subsidium
802 5253 918 5309 Dei.
941 5252 1077 5308 Nam
1102 5268 1326 5309 causam
1348 5252 1429 5307 rei
1446 5250 1680 5306 feliciter
1703 5260 1870 5322 gestae
1899 5242 2028 5321 pro-

456 5356 580 5420 pter
617 5346 781 5400 verba
814 5343 1047 5400 Chusi"
1078 5343 1187 5399 Deo
1220 5344 1490 5413 assignat,
1528 5342 1690 5411 eique
1725 5347 1930 5413 gratias
1966 5357 2029 5396 a-

457 5440 558 5512 git.
614 5435 721 5491 Sed
772 5435 1025 5492 fortassis
1085 5435 1421 5505 superﬂuum
1487 5426 1659 5489 'fuerit
1711 5435 2031 5491 accuratius

459 5543 731 5602 exponere
763 5528 920 5589 velle,
979 5525 1255 5600 quomodo
1296 5524 1636 5594 Chusi,cum
1672 5525 1884 5581 amicus
1930 5526 2030 5581 Da-

529 5639 576 5670 “
605 5638 749 5696 Psal.
786 5654 866 5707 tu,
895 5637 952 5692 9..
1029 5638 1072 5671 "
1098 5636 1241 5695 Psal.
1271 5653 1348 5705 tv,
1376 5640 1428 5693 ί.
1503 5637 1549 5670 ⁸⁸
1578 5635 1722 5692 Psal.
1754 5638 1883 5701 v.1.
1964 5641 2008 5673 θ’
2039 5639 2187 5697 Psal.
2217 5657 2295 5709 vi,
2327 5642 2377 5696 1.

2121 4887 2338 4956 ἀγῶνας
2388 4888 2417 4940 ὁ
2461 4886 2619 4954 λόγος
2642 4900 2660 4918 ⁸
2709 4886 2872 4940 πάλιν
2905 4886 3117 4957 ἀλείφει
3153 4891 3219 4959 τῇ
3248 4888 3356 4941 τῶν
3383 4891 3713 4962 πειρασμῶν

2124 4976 2439 5049 προσϐολῇ.·
2483 4976 2541 5029 ’0
2600 4976 2762 5040 αὐτὸς
2808 4976 2920 5048 γάρ
2962 4976 3218 5048 πολέμιος
3267 4978 3299 5032 ὁ
3351 4979 3713 5049 Ἀϐεσσαλὼμ

2126 5068 2329 5132 ἐκεῖνος
2347 5060 2534 5138 ὥσπερ
2560 5066 2946 5137 ἀναγεννηθεὶς
2965 5065 3218 5138 ἐξήμῶν,
3244 5068 3408 5122 αὑτὸν
3435 5069 3530 5123 τὸν
3555 5071 3713 5125 πόλει·

2137 5177 2236 5231 μον
2261 5159 2355 5213 τὸν
2400 5157 2459 5224 ἐξ
2485 5157 2643 5229 ἡμῶν
2664 5156 3002 5229 ἐξαρτύεται,
3042 5159 3103 5212 ὃν
3138 5159 3437 5232 ἀποτρέπει
3465 5163 3713 5231 φονῶντα

2134 5256 2256 5310 καθ’
2286 5253 2442 5327 ἡμῶν
2472 5256 2507 5325 ἡ
2538 5255 2778 5327 ἡμετέρα
2805 5255 2935 5325 περὶ
2964 5253 3060 5308 τοῦ
3088 5255 3408 5327 πράγματος
3439 5259 3709 5320 εὐϐουλία.

2141 5347 2340 5419 μᾶλλον
2381 5346 2438 5400 δὲ
2495 5348 2530 5419 ἡ
2575 5346 2727 5418 παρά
2786 5345 2883 5399 τοῦ
2937 5343 3076 5400 Θεοῦ
3106 5348 3414 5419 συμμαχία.
3455 5349 3583 5405 Τῶν
3607 5353 3712 5422 γὰρ

2138 5439 2576 5511 κατορθωμάτων
2607 5438 2757 5509 αὐτῷ
2781 5438 3037 5510 χρηστῶν
3061 5438 3150 5493 διὰ
3176 5438 3288 5494 τῶν
3314 5440 3493 5509 λόγων
3518 5442 3710 5508 Χουσὶ,

2135 5528 2214 5600 τῷ
2242 5529 2362 5599 Θεῷ
2384 5530 2483 5600 τὴν
2503 5529 2682 5582 αἰτίαν
2708 5529 3003 5597 ἀνατιθεὶς,
3034 5530 3205 5603 ταύτῃ
3233 5531 3333 5603 τὴν
3360 5532 3712 5605 εὐχαριστίαν

2455 5639 2499 5671 ⁷⁸
2523 5638 2669 5694 Psal.
2705 5656 2804 5705 vn,
2836 5639 2890 5696 l.
