3838 6224
165 279 260 336 549

1527 257 1590 312 IN
1635 257 1972 314 PSALMOS.

161 389 460 460 πεποίηται.
503 385 762 458 Περιττδν
807 383 850 436 δ’
905 382 972 436 ἂν
1015 379 1102 450 εἴη
1133 379 1230 442 τὰς
1271 376 1515 449 ἱστορίας
1559 391 1642 428 σοι
1670 369 1736 424 δι’

1867 371 1986 423 idis
2045 375 2098 422 ct
2135 365 2309 420 ﬁdelis
2331 373 2499 430 esset,
2549 365 2800 433 interque
2841 359 3124 430 adjutores
3148 364 3202 412 et
3228 355 3424 412 defen-

161 483 430 558 ἀκριϐείας
448 479 756 534 ἐκτίθεσθαι
779 493 790 506 ·
825 475 946 539 πῶς
972 473 1162 536 πιστὸς
1180 474 1209 524 ὁ
1241 470 1402 524 Δαϐὶδ
1431 468 1508 522 ὢν
1539 470 1596 520 ὲν
1623 467 1736 528 τοῖς

163 578 538 637 ὑπασπισταῖς,
565 569 716 635 οὗτος
738 573 766 623 ὁ
795 569 965 622 Χουσὶ
987 568 1045 620 ἐν
1077 570 1189 627 τοῖς
1211 565 1385 634 φίλοις
1414 561 1508 615 τοῦ
1545 560 1736 612 ’Δῦεσ-

163 669 342 740 σαλὼμ
382 667 808 738 καταμίγνυται,
866 662 964 716 καὶ
1009 659 1380 728 πιθανώτερος
1421 655 1631 724 γίνεται
1662 651 1740 722 τῷ

163 763 398 832 τυράννῳ
417 761 514 830 τῆς
533 757 630 810 τοῦ
663 753 950 825 Ἀχιτόφελ
979 750 1308 822 συμϐουλῆς.
1343 749 1508 800 Ὅθεν
1541 745 1738 814 συνέϐη

165 856 348 910 τούτου
371 851 511 904 κατά
551 841 652 919 τὴν
678 847 966 916 εἰσήγησιν
987 844 1088 913 τῆς
1115 839 1343 910 γνώμης
1390 837 1740 908 κατακρατή-

169 964 366 1008 σαντος,
415 942 582 994 αὑτὸν
631 939 720 1007 ὑφ’
767 935 962 990 ἑαυτοῦ
1009 932 1434 1001 καταπνιγῆναι,
1482 931 1572 982 τὸν
1603 927 1743 980 κατά

169 1041 254 1094 τοῦ
295 1035 454 1090 Δαϐὶδ
498 1031 580 1102 τῷ
619 1027 974 1096 Ἀϐεσσαλὼμ
1021 1021 1518 1094 συμϐουλεύσαντα.
1561 1019 1744 1084 ’Ἄξιον

171 1133 209 1186 δ’
229 1134 290 1184 ἀν
309 1129 392 1196 εἴη
428 1125 802 1194 προσαγαγεῖν
829 1119 906 1188 τῷ
931 1120 1050 1171 κατ’
1077 1116 1278 1186 ἀρετὴν
1305 1115 1404 1184 βίῳ
1431 1113 1526 1166 καὶ
1547 1111 1616 1163 τά
1645 1111 1744 1180 τῆς

173 1220 396 1291 πυρίας
441 1216 764 1284 αἰνίγματα.
812 1209 938 1272 Πῶς
985 1210 1019 1278 ἡ
1066 1209 1315 1271 σώζουσα
1353 1205 1498 1274 ἡμᾶς
1525 1201 1740 1270 γνώμη,

173 1313 361 1382 ἀγχόνη
382 1310 594 1377 γίνεται
615 1303 708 1357 τοῦ
728 1301 1106 1370 ἀντικειμένου
1125 1316 1137 1328 -
1165 1300 1198 1368 ἡ
1217 1297 1274 1350 δὲ
1311 1296 1575 1366 σωτήριος
1606 1291 1746 1360 αὕτη

173 1405 370 1473 γνώμη,
402 1403 434 1471 ἡ
463 1401 563 1470 μὲν
592 1400 660 1468 τῇ
685 1394 918 1466 ἱστορία,
944 1395 980 1464 ἡ
1004 1392 1059 1444 δὲ
1076 1395 1141 1461 τῇ
1159 1389 1450 1459 ψαλμῳδίᾳ
1482 1386 1749 1455 ἐγγέγρα-

173 1514 312 1548 πται.
342 1495 498 1562 Ἡμῖν
522 1491 580 1542 δὲ
617 1486 816 1548 σκοπός
851 1487 968 1536 ἐστι
999 1482 1090 1535 τὸν
1115 1485 1172 1534 ἐν
1200 1479 1350 1546 τάξει
1385 1479 1494 1531 τῶν
1519 1475 1749 1546 ψαλμῶν

175 1587 349 1656 εἱρμὸν
403 1581 765 1650 κατανοῆσαι,
798 1577 864 1630 δι’
893 1568 954 1629 οὗ
987 1573 1064 1646 τῷ
1094 1571 1286 1642 ἀγαθῷ
1343 1567 1744 1644 προσαγόμεθα.

177 1677 366 1731 υύκοῦν
403 1675 502 1742 τὴν
545 1669 784 1724 ἐνταῦθα
835 1667 1064 1738 γνώμην
1118 1665 1218 1736 τὴν
1267 1661 1620 1732 ἀναιρετικὴν
1651 1657 1748 1712 τοῦ

179 1764 599 1826 ἐπιϐουλεύοντος
619 1763 752 1833 ἡμῖν
773 1762 1231 1827 κατανοήσωμεν.

241 1925 330 1986 Τίς
361 1918 450 1976 οὖν
483 1923 634 1974 ἐστιν
669 1917 840 1988 αὖτης
885 1914 946 1968 τὸ
991 1914 1104 1966 ἴσον
1137 1915 1218 1976 εἰς
1249 1911 1448 1966 κακίαν
1499 1907 1748 1980 ἡγεῖσθαι

179 2017 350 2086 ἄρχειν
395 2031 454 2066 τε
507 2011 722 2074 ἀδικίας
772 2009 866 2060 καὶ
913 1997 1217 2076 ἀμύνεσθαι
1268 1997 1358 2056 τὸν
1408 2001 1744 2070 ἀπάρξαντα.

181 2109 400 2177 Tigrim:
460 2103 572 2173 γὰρ
629 2101 808 2170 ἑαυτῷ
840 2098 1106 2168 ἐσχάτων,
1139 2093 1234 2148 καὶ
1273 2094 1374 2164 τῆς
1405 2087 1524 2146 καθ⁴
1555 2089 1748 2144 ἑαυτοῦ

179 2197 426 2268 τιμωρίας
471 2193 698 2266 ὁριστὴς
728 2191 960 2264 γίνεται,
1000 2191 1048 2242 εί
1079 2186 1330 2258 εὑρεθείη
1361 2181 1531 2238 κακοῦ
1559 2181 1620 2234 τὸ
1651 2198 1753 2234 κα-

181 2293 283 2352 κὸν,
330 2289 516 2357 ὥσπερ
564 2288 625 2339 ὲν
677 2275 1545 2354 συναλλάγματι,διαμείψας,καὶ
1603 2277 1752 2328 ἀντι-

179 2379 288 2440 δοὺς
332 2379 442 2438 τοῖς
491 2371 1048 2444 πῳπαρεσχημένοις
1089 2369 1116 2421 ὃ
1163 2368 1376 2421 ἔλαϐεν.
1426 2365 1536 2420 Καὶ
1581 2363 1753 2428 οὕτως

181 2469 310 2538 μετὰ
333 2469 455 2530 τοὺς
499 2466 726 2536 ἀγῶνας
771 2465 1030 2526 τούτους,
1083 2461 1246 2515 πάλιν
1285 2457 1510 2530 νικητὴς
1539 2457 1748 2510 ἀναδεί-

182 2577 374 2611 κνυται.
399 2557 723 2626 Διαδὲχεται
767 2555 876 2625 γὰρ
911 2551 1198 2622 ἐπιγραφὴ
1221 2592 1235 2614 ,
1281 2543 1344 2602 τὸ
1381 2567 1399 2598 ι
1449 2545 1621 2616 Ὑπὲρ
1646 2545 1754 2598 τῶν

181 2651 396 2719 ληνῶν,›
451 2647 892 2720 προδεικνύουσα
940 2643 1112 2707 τέλος.
1163 2642 1240 2694 Τὸ
1270 2641 1328 2694 δὲ
1374 2639 1484 2692 τῶν
1527 2637 1755 2706 ἀγώνων

183 2744 340 2805 τέλος,
364 2741 492 2810 νίκη
521 2740 694 2794 ἐστίν.
721 2737 890 2792 Πάλιν
907 2738 962 2790 δὲ
991 2735 1088 2806 τὴν
1125 2754 1144 2786 ι
1184 2734 1358 2804 ’Υπὲρ
1379 2733 1489 2785 τῶν
1517 2731 1694 2802 ληνῶν
1733 2749 1752 2780 ι

186 2837 378 2887 ἔννοιαν
429 2831 796 2896 ὲξαπλοῦσθαι
852 2829 930 2898 τῷ
985 2828 1159 2898 λόγῳ,
1227 2826 1480 2898 περιττὸν
1529 2823 1592 2877 ἂν
1639 2823 1756 2892 εἴη,

183 2925 370 2986 ἱκανῶς
411 2925 468 2974 ἐν
513 2926 631 2985 τοῖς
665 2921 808 2973 κατά
844 2920 934 2972 τὸν
977 2919 1106 2972 ἴδιον
1145 2917 1310 2970 τόπον
1367 2915 1760 2985 ὲξητασμὲνοις

189 3015 634 3086 προδηλωθεῖσαν.
685 3013 897 3083 ’Ὠσπερ
923 3011 980 3064 δὲ
1011 3009 1148 3080 μετά
1173 3011 1271 3080 τὴν
1304 3009 1528 3078 πρώτην
1569 3009 1632 3060 ἐκ
1665 3005 1759 3058 τοῦ

200 3105 538 3174 Ἀϐεσσαλὼμ
595 3102 775 3173 φυγὴν
815 3105 872 3155 ὲν
913 3101 994 3172 τῷ
1033 3100 1306 3171 διακρῖναι
1354 3099 1464 3152 τῶν
1495 3097 1764 3167 ἀληθινῶν

191 3205 327 3268 πραγ
336 3199 518 3268 μάτων
543 3195 646 3266 τὴν
665 3194 900 3264 ματαίαν
927 3191 1182 3265 σπουδὴν,
1201 3189 1448 3258 ἀξιοῦται
1463 3191 1560 3260 τῆς
1577 3190 1732 3259 νίκης
1749 3207 1762 3220 ·

191 3289 348 3352 οὕτως
373 3290 466 3342 καὶ
487 3287 586 3342 νῦν
619 3287 758 3357 μετά
779 3287 906 3348 τοὺς
932 3285 1152 3356 ὁμοίους
1178 3283 1417 3352 ἀγῶνας,
1446 3281 1524 3354 τῷ
1556 3303 1574 3334 ι
1597 3281 1766 3353 ’Υπὲρ

193 3383 290 3436 τῶν
338 3382 512 3454 ληνῶν
541 3403 562 3434 ι
619 3381 766 3450 λόγῳ
831 3378 1104 3450 συμμάχῳ
1148 3375 1284 3448 πρὸς
1331 3375 1424 3430 τὸν
1473 3375 1768 3429 ἀντίπαλον

193 3473 490 3542 χρώμενος,
523 3470 758 3541 νικητὴς
808 3469 1018 3538 γίνεται
1072 3467 1162 3520 διά
1195 3465 1290 3520 τοῦ
1337 3465 1636 3520 καταλῦσαι
1675 3464 1768 3518 τὸν

195 3562 373 3634 ἐχθρὸν
395 3563 512 3634 ἅμα
533 3561 630 3615 καὶ
664 3559 978 3630 ὲκδικητήν.
1016 3559 1111 3621 ’ος
1137 3557 1224 3611 διὰ
1272 3557 1430 3612 τοῦτο
1455 3557 1551 3610 καὶ
1577 3555 1770 3629 ἐχθρὸς

195 3657 280 3709 καὶ
306 3655 597 3726 ἐκδικητὴς
630 3651 991 3724 ὀνομάζεται,
1023 3651 1104 3704 ὅτι
1135 3651 1272 3704 αὖτά
1311 3649 1380 3702 τὰ
1413 3645 1550 3721 πρὸς
1587 3651 1772 3722 ἁμαρ·

197 3748 300 3802 τίαν
330 3749 494 3803 αὐτοῦ
529 3747 880 3816 δελεάσματα
901 3786 916 3808 ,
945 3743 1190 3815 τιμωρία
1214 3745 1326 3806 τοῖς
1354 3741 1770 3812 αἰσθανομένοις

197 3839 552 3912 ἡπικροτάτη
602 3839 756 3892 ἐστί·
797 3838 892 3891 καὶ
933 3835 1002 3888 δι’
1046 3830 1121 3888 ὧν
1169 3833 1458 3904 ἐφθκεται
1504 3833 1642 3904 πρὸς
1671 3831 1770 3904 τὴν

197 3935 280 3987 τοῦ
307 3933 471 3988 κακοῦ
515 3931 808 3987 κοινωνίαν
861 3931 918 3982 ὲν
958 3929 1142 4000 ἀπάτῃ
1169 3928 1261 3982 τὸν
1299 3927 1606 3998 ἄνθρωπον,
1639 3927 1772 3980 αὐτὸ

202 4027 358 4080 ἐκεῖνο
400 4027 462 4080 τὸ
501 4023 894 4096 χαλεπώτατον
939 4021 1038 4093 τῆς
1084 4020 1360 4092 τιμωρίας
1407 4013 1548 4083 εἶδός
1599 4019 1768 4072 ἐστιν.

202 4115 370 4180 οὕτως
401 4113 698 4188 ἑρμηνεύει
731 4113 828 4185 τὴν
860 4113 1100 4166 διάνοιαν
1133 4111 1338 4180 ταύτην
1365 4109 1393 4164 ὁ
1426 4107 1565 4173 θεῖος
1612 4109 1774 4166 Ἀπό-

206 4206 402 4270 στολος,
435 4204 646 4268 είπὼν,
706 4203 791 4256 ὅτι
841 4221 858 4252 ι
891 4201 1006 4272 Τὴν
1049 4199 1397 4272 ἀντιμισθίαν
1429 4201 1495 4271 ἣν
1527 4199 1635 4251 ἔδει
1673 4197 1774 4266 τῆς

205 4295 396 4366 πλάνης
461 4293 648 4350 αὐτῶν
705 4294 764 4346 ὲν
813 4293 1028 4354 ἑαυτοῖς
1073 4290 1576 4362 ἀπολαμϐάνοντες.
1621 4308 1638 4341 ι
1677 4288 1774 4352 Τίς

205 4389 300 4458 γὰρ
349 4390 410 4441 ἀν
457 4387 673 4456 γένοιτο
729 4383 870 4456 πρὸς
914 4384 1186 4455 τιμωρίαν
1225 4383 1360 4454 ἄλλη
1412 4381 1772 4453 χαλεπωτέρα

205 4479 400 4531 ἐπίνοια
426 4480 525 4548 τῆς
571 4476 716 4532 κατά
750 4477 848 4546 τὴν
878 4474 1269 4546 ἀσχημοσύνην
1309 4473 1671 4544 ἀκαθαρσίας,
1704 4473 1771 4544 ἢν

207 4567 256 4620 ἒν
291 4569 494 4628 ἑαυτοῖς
547 4564 984 4637 κατεργάζονται
1017 4567 1066 4617 οἱ
1104 4565 1203 4634 τῆς
1246 4565 1633 4634 ἀσχημοσύνης
1681 4565 1772 4632 ἐρ-

207 4661 388 4726 γάται;
420 4661 480 4712 Ὀ
499 4656 598 4712 οὖν
627 4657 935 4720 καταλύσας
958 4659 1015 4710 ὲν
1035 4655 1114 4725 τῷ
1137 4656 1251 4726 ἰδίῳ
1285 4655 1384 4726 βίῳ
1412 4655 1506 4708 τοῦ
1529 4655 1772 4708 τοιούτου

206 4753 294 4820 τὴν
331 4752 582 4822 δύναμιν,
615 4750 675 4814 ὃς
701 4751 1022 4820 τιμωρεῖται
1052 4749 1145 4801 τὸν
1182 4751 1240 4801 ὲν
1272 4747 1442 4818 κακίᾳ
1483 4747 1774 4818 γενόμενον

206 4841 264 4892 δι’
290 4843 446 4895 αὐτοῦ
481 4841 580 4895 τοῦ
635 4842 928 4911 μετασχεῖν
964 4839 1064 4908 τῆς
1099 4839 1329 4904 κακίας,
1373 4839 1476 4910 ὁρᾷ
1507 4839 1636 4902 τοὺς
1680 4839 1776 4892 ἁν-

209 4931 460 5002 θρώπους,
497 4933 596 4986 καὶ¹
637 4931 735 5004 τὴν
769 4931 880 4985 τῶν
910 4931 1158 5002 οὐρανῶν
1183 4931 1649 5002 ὑπερκαθημένην
1679 4947 1777 5001 με-

209 5023 630 5096 γαλοπρέπειαν,
660 5023 755 5077 καὶ
781 5023 843 5076 τὸ
869 5022 972 5092 τῆς
1000 5022 1214 5090 φύσεως
1236 5021 1458 5093 ἀξίωμα
1476 5062 1492 5088 ,
1521 5021 1684 5076 τίνων
1714 5039 1775 5074 τε

209 5113 352 5185 ἄρχει
391 5117 486 5170 καὶ
537 5115 652 5169 τίσι
702 5113 1110 5184 συντεταγμένη
1149 5113 1320 5168 ἐστίν.
1353 5112 1444 5184 Τῷ
1484 5113 1596 5186 γὰρ
1627 5112 1776 5185 αὐτῷ

211 5209 295 5259 καὶ
323 5209 410 5260 ἐπὶ
439 5209 550 5260 τῶν
584 5208 796 5276 ἀλόγων
821 5205 1170 5276 ἡγεμονεύει,
1217 5205 1311 5258 καὶ
1340 5207 1456 5268 τοῖς
1522 5201 1777 5272 ἀγγέλοις

215 5297 292 5351 διὰ
346 5301 682 5372 συγκρίσεως
747 5297 1130 5370 παρισουμένη
1187 5296 1382 5368 μικρὸν
1433 5294 1773 5351 ἐλαττοῦται.

215 5389 386 5444 Τοίνυν
429 5393 586 5460 λόγος
635 5393 782 5444 ἐστὶν
830 5390 898 5443 δι’
941 5384 1002 5445 οὗ
1055 5389 1265 5457 γίνεται
1305 5390 1346 5460 η’
1386 5387 1532 5443 κατά
1569 5389 1777 5442 τούτων

217 5481 378 5552 ἀρχὴ,
433 5485 529 5536 καὶ
570 5483 706 5554 πρὸς
764 5483 891 5545 τοὶς
949 5480 1216 5550 ἀγγέλους
1260 5480 1556 5544 οἰκείωσις.
1607 5479 1779 5534 Πάλιν

216 5569 472 5642 ἐκδέχεται
520 5573 674 5643 νίκης
725 5572 920 5644 ἐτέρας
969 5571 1201 5643 τρόπος,
1243 5571 1374 5626 ὅταν
1417 5571 1666 5644 ὑπερϐὰς
1710 5571 1780 5630 τᾶ

279 5771 322 5804 ’¹
361 5772 402 5826 ιι
441 5773 568 5846 Reg.
605 5791 696 5842 xv,
755 5773 826 5829 16
863 5783 987 5844 sqq.
1033 5773 1112 5850 _"
1153 5770 1321 5830 Rom.
1371 5787 1412 5842 ι,
1454 5771 1552 5826 27.

1792 3073 1834 3130 C

1839 479 2015 526 seres,
2045 461 2239 514 amicis
2271 458 2570 514 Absalonis
2595 455 2988 516 admisceatur,
3035 449 3267 520 ejusque
3289 464 3428 504 enn—

1841 552 2024 607 silium
2059 559 2294 620 tyranno
2315 546 2724 604 conducibilius
2742 546 2918 599 visum
2950 543 3042 602 sit.
3070 557 3234 612 quam
3259 541 3428 596 Achi-

1841 641 2134 712 tophelis“
2159 660 2172 692 :
2193 639 2338 694 unde
2363 636 2570 692 factum
2591 643 2699 696 est,
2725 642 2786 687 ut
2807 648 2932 686 cum
2961 631 3254 684 consilium
3282 628 3430 684 illius

1842 731 2244 806 praevaluisset,
2288 731 2335 785 is
2365 728 2460 799 qui
2486 737 2682 782 contra
2711 723 2968 780 Davidem
3007 721 3272 778 Absaloni
3297 736 3430 774 con-

1844 827 2032 882 silium
2093 822 2342 886 dederat,
2403 835 2432 874 a
2494 820 2680 888 seipso
2735 815 3066 886 praefocatus
3135 812 3430 868 interierit.

1845 912 2088 982 Equum
2117 925 2284 980 porro
2323 908 2490 962 fuerit
2539 906 2787 960 historiae
2815 905 2980 959 etiam
3035 902 3326 972 aenigmata
3377 910 3434 957 et

1845 1003 2136 1056 involucra
2175 999 2244 1054 ad
2273 998 2440 1052 vitam
2489 996 2680 1049 virtuti
2715 994 2989 1048 addictam
3035 989 3430 1046 illustrandum

1845 1095 2126 1158 adhibere,
2188 1091 2466 1162 quomodo
2520 1089 2776 1144 videlicet
2817 1103 2972 1142 mens
3025 1095 3080 1140 et
3147 1085 3432 1154 cogitatio.

1850 1201 1972 1258 quae
2005 1201 2110 1240 nos
2139 1193 2436 1240 conservat
2465 1217 2482 1250 ,
2515 1183 2743 1251 laqueus
2785 1178 3084 1234 adversarii
3125 1177 3244 1248 ﬁat;
3283 1177 3434 1231 salu-

1845 1281 2016 1342 taris,
2047 1279 2297 1348 inquam,
2325 1277 2416 1330 illa
2447 1291 2602 1330 mens
2641 1281 2696 1327 et
2736 1272 3026 1333 sententia,
3064 1285 3186 1340 qua:
3233 1269 3434 1338 partim

1853 1373 2116 1434 historiae,
2185 1375 2382 1442 partim
2440 1365 2762 1438 psalmotlim
2816 1363 3189 1418 monumentis
3245 1361 3436 1418 consi-

1852 1471 2020 1532 gnata
2051 1471 2158 1516 est.
2196 1459 2364 1514 Nobis
2387 1465 2572 1513 autem
2629 1455 2971 1526 propositum
3017 1463 3102 1510 est
3161 1455 3434 1509 rationem

1853 1553 2091 1614 ordinis,
2127 1551 2224 1622 qui
2277 1552 2332 1604 in
2361 1549 2590 1620 psalmis
2621 1557 2869 1616 apparet,
2921 1561 3032 1616 quo
3075 1545 3140 1599 ad
3179 1545 3440 1598 honesta-

1855 1653 1964 1700 tem
1995 1645 2276 1710 ducimur,
2308 1641 2669 1714 perserutari.
2699 1640 2870 1712 Igitur
2894 1640 2948 1694 in
2987 1637 3245 1709 praesenti
3289 1636 3436 1691 aliud

1779 1714 1823 1770 Β
1855 1736 2162 1806 intelligere
2213 1749 2324 1790 non
2385 1733 2671 1796 debemus,
2715 1745 2880 1800 quam
2935 1739 3174 1784 mentem
3230 1735 3286 1782 et
3313 1742 3441 1782 sen-

1855 1830 2084 1886 tentiam
2123 1829 2272 1883 illam
2303 1841 2428 1898 qua:
2461 1826 2842 1880 insidiatorem
2873 1834 3122 1878 nostrum
3151 1821 3440 1876 interimit.

1929 1921 2062 1989 Quae
2095 1921 2268 1992 igitur
2291 1919 2436 1976 ista?
2473 1918 2676 1972 Eodem
2707 1917 2829 1970 loco
2869 1921 3126 1985 reputare
3159 1923 3440 1968 auctorem

1857 2014 2194 2084 iniquitatis,
2259 2023 2314 2066 et
2353 2019 2638 2064 auctorem
2689 2008 2888 2062 ulcisci
2937 2007 3077 2061 velle
3106 2024 3119 2060 :
3153 2005 3272 2075 ipse
3291 2004 3442 2058 enim

1858 2121 1982 2162 sese
2016 2104 2277 2160 extremis
2309 2103 2490 2174 poenis
2537 2101 2844 2164 ulciscitur,
2908 2113 2964 2156 et
3029 2099 3298 2154 adversus
3355 2112 3444 2151 se-

1855 2191 2037 2266 ipsum
2072 2209 2290 2266 poenam
2343 2194 2446 2248 sibi
2488 2192 2737 2248 decernit
2781 2201 2836 2246 et
2859 2188 3070 2254 deﬁnit,
3117 2188 3162 2244 si
3198 2187 3345 2242 velut
3377 2201 3445 2241 ex

1859 2297 2047 2342 mutua
2086 2288 2336 2356 pactione
2365 2296 2419 2340 et
2451 2293 2742 2339 contractu
2779 2283 2980 2336 malum
3009 2282 3154 2336 malo
3184 2296 3446 2350 compen-

1861 2387 1969 2442 sat,
1993 2377 2174 2446 iisque
2206 2375 2411 2445 quibus
2446 2373 2677 2428 aﬂ‘ectus
2703 2381 2784 2426 est
2811 2371 3052 2440 injuriis,
3085 2371 3320 2440 injurias
3359 2385 3446 2424 re—

1861 2470 2069 2541 pendit.
2099 2467 2418 2537 Quarepost
2447 2465 2550 2520 ista
2583 2465 2884 2520 certamina
2915 2463 3300 2518 rursusvictor
3319 2475 3450 2528 pro-

1863 2560 2147 2614 nuntiatus
2167 2559 2258 2612 sit.
2277 2557 2536 2628 Sequitur
2554 2557 2700 2610 enim
2719 2553 3010 2624 inscriptio
3035 2571 3048 2608 :
3083 2570 3101 2602 ι
3125 2551 3232 2605 Pro
3255 2561 3447 2604 torcu-

1865 2649 2095 2712 laribus,
2127 2668 2144 2698 ι
2201 2664 2322 2719 quae
2402 2648 2562 2702 tinem
2613 2646 2976 2701 demonstrat.
3045 2643 3197 2698 Finis
3263 2652 3446 2697 autem

1865 2743 2230 2797 certaminum
2271 2741 2498 2794 victoria
2530 2747 2638 2795 est.
2687 2739 2757 2794 At
2793 2736 3132 2807 superﬂuum
3183 2736 3350 2792 fuerit
3383 2737 3451 2792 de

1867 2850 2036 2891 sensu
2095 2832 2496 2901 inscriptionis,
2561 2851 2580 2884 ι
2621 2829 2730 2884 Pro
2783 2829 3177 2889 torcularibus.
3205 2849 3226 2880 ι
3271 2827 3450 2884 fusius

1867 2925 2170 2996 disputare,
2203 2939 2326 2977 cum
2363 2922 2432 2976 de
2464 2937 2526 2976 ea
2555 2921 2666 2990 jam
2694 2921 2811 2976 suis
2845 2921 2980 2974 locis
3003 2920 3220 2974 abunde
3239 2920 3448 2974 dictum

1870 3015 1963 3071 sit.
1993 3013 2167 3068 Porro
2209 3010 2670 3082 quemadmodum
2713 3017 2839 3079 post
2881 3009 3112 3079 primatu
3146 3009 3216 3064 ab
3269 3009 3450 3064 Misa-

1869 3109 1994 3162 lone
2023 3107 2226 3176 fugam,
2282 3105 2411 3158 dtnn
2437 3119 2637 3156 vanum
2673 3103 2916 3158 studium
2965 3109 3019 3156 et
3055 3101 3271 3156 inanem
3317 3117 3453 3171 ope-

1869 3215 1987 3254 ram
2019 3213 2048 3252 a
2085 3196 2232 3252 veris
2259 3203 2316 3252 et
2359 3195 2520 3250 seriis
2545 3194 2777 3265 negotiis
2821 3203 2874 3249 et
2903 3193 3072 3248 rebus
3107 3193 3451 3256 internoscit,

1869 3293 2116 3346 victoria:
2143 3288 2486 3344 ornamentis
2523 3287 2850 3356 insignitum
2892 3285 2967 3340 ita
2995 3293 3052 3340 et
3081 3299 3230 3340 nune
3255 3284 3454 3340 simili-

1869 3384 1975 3440 bus
2005 3381 2218 3437 exactis
2251 3379 2470 3450 pugnis,
2508 3378 2758 3434 oratione
2797 3397 2818 3428 ο
2848 3375 2956 3430 Pro
2995 3375 3398 3441 torcularibus,
3431 3395 3450 3426 ι

1871 3475 2022 3528 velut
2051 3472 2417 3538 auxiliatrice,
2447 3471 2637 3525 contra
2665 3468 3044 3524 adversarium
3072 3483 3230 3532 usus,
3275 3468 3458 3522 victor

1871 3565 2074 3632 evadit,
2095 3579 2162 3619 eo
2181 3563 2332 3633 quod
2361 3562 2625 3618 deleverit
2661 3561 2876 3617 hostem
2908 3560 3073 3615 simul
3101 3569 3155 3615 et
3196 3575 3459 3630 persecu-

1873 3665 2070 3720 torem,
2100 3655 2192 3724 qui
2223 3653 2296 3709 oh
2317 3653 2370 3708 id
2395 3654 2564 3708 etiam
2588 3651 2768 3707 hostis
2823 3660 2877 3705 et
2907 3652 3051 3706 ultor
3111 3653 3452 3716 nominatur,

1872 3748 2002 3820 quia
2042 3747 2218 3818 ipsius
2245 3747 2314 3800 ad
2345 3753 2630 3816 peccatum
2661 3743 2933 3800 illecebrae
2976 3745 3336 3799 acerbissima
3362 3744 3460 3799 de-

1873 3839 2229 3913 gustantibus
2289 3845 2420 3894 sunt
2464 3851 2652 3909 poena,
2695 3845 2752 3892 et
2787 3851 2852 3892 ea
2899 3836 3098 3906 quibus
3135 3836 3202 3891 ad
3237 3837 3461 3892 malitia:

1873 3931 2315 3987 communionem
2349 3929 2598 3984 homines
2624 3927 2884 3997 deceptos
2915 3925 3182 3996 pertrahit
3199 3965 3219 3990 ,
3243 3927 3454 3997 gravis-

1874 4021 2003 4077 simi
2049 4019 2302 4092 supplicii
2335 4017 2571 4090 speciem
2615 4017 2839 4072 habent.
2871 4013 2986 4071 Hoc
3023 4016 3188 4069 modo
3235 4031 3459 4069 sensum

1875 4115 2023 4170 hunc
2075 4111 2301 4184 exponit
2351 4111 2572 4166 divinus
2621 4109 2941 4178 Apostolus.
2990 4121 3116 4162 cum
3169 4106 3280 4160 ait:
3315 4105 3466 4162 «Eos

1875 4221 2043 4278 quam
2075 4211 2358 4260 merentur
2403 4201 2708 4258 mercedem
2763 4198 2993 4260 erroris,
3047 4198 3108 4252 in
3152 4199 3463 4268 semetipsis

1876 4298 2128 4369 accipere
2146 4291 2214 4351 τ’.
2245 4315 2264 4348 ι
2306 4294 2446 4361 Quid
2469 4293 2612 4349 enim
2639 4292 2706 4347 ad
2742 4290 3074 4360 supplicium
3113 4293 3338 4360 gravius
3367 4307 3464 4344 eat-

1806 4417 1852 4472 ι)
1881 4389 2115 4458 cogitari
2144 4398 2326 4458 queat,
2353 4402 2516 4458 quam
2553 4385 2685 4440 illud
2719 4383 3080 4438 immunditia:
3127 4383 3466 4438 dehonesta-

1885 4491 2128 4536 mentum
2165 4483 2218 4534 et
2244 4477 2503 4540 dedecus,
2540 4475 2687 4546 quod
2730 4476 2785 4528 in
2821 4475 3018 4540 seipsis
3051 4474 3290 4529 eliiciunt
3339 4491 3466 4546 pro—

1883 4569 1968 4628 bri
1998 4579 2052 4626 et
2085 4571 2368 4624 dedecet-is
2402 4566 2728 4624 effectores?
2768 4566 2874 4632 Qui
2901 4582 3030 4637 ergo
3057 4567 3180 4620 vitm
3218 4583 3332 4622 suae
3379 4568 3466 4619 in-

1883 4665 2078 4718 stituto
2104 4663 2213 4716 vim
2239 4661 2366 4732 ejus
2391 4669 2637 4723 enervat,
2687 4661 2778 4730 qui
2813 4659 3034 4712 malitiae
3074 4658 3466 4712 communione

1883 4755 1988 4810 sibi
2023 4753 2378 4821 coniunctum
2404 4753 2506 4806 hac
2535 4752 2653 4822 ipsa
2692 4750 3108 4820 participatione
3140 4749 3318 4820 punit,
3375 4749 3466 4806 ille

1886 4847 1941 4896 et
1973 4839 2245 4903 homines,
2293 4847 2347 4894 et
2379 4839 2526 4893 illam
2567 4855 2688 4909 quae
2735 4853 2900 4908 super
2949 4838 3121 4893 caelos
3156 4851 3342 4893 evecta
3381 4848 3469 4894 est

1887 4931 2372 5002 magniﬁcentiam,
2399 4931 2830 5001 dignitatemque
2858 4939 3090 4994 naturae,
3131 4931 3330 5000 quibus
3365 4932 3470 4984 ἰηι-

1885 5031 2058 5094 peret,
2094 5033 2298 5078 etcum
2329 5023 2532 5092 quibus
2556 5022 2802 5093 ejusdem
2838 5023 2910 5076 sit
2929 5021 3126 5076 classis
3152 5029 3204 5076 et
3230 5020 3466 5086 ordinis,

1889 5115 2316 5185 contemplatur.
2354 5113 2556 5169 Eadem
2580 5115 2724 5170 enim
2777 5128 2931 5184 parte
2962 5121 3017 5168 et
3053 5113 3363 5168 dominium
3409 5113 3466 5167 iu

1885 5207 2050 5263 bruta
2085 5207 2269 5273 habet,
2299 5217 2354 5263 et
2391 5223 2516 5262 cum
2550 5207 2760 5278 angelis
2783 5206 3196 5276 comparatione
3231 5205 3469 5262 collatus

1883 5299 2167 5370 paululum
2194 5299 2301 5355 illis
2327 5299 2555 5355 inferior
2567 5300 2925 5370 conspicitur.
2959 5297 3118 5354 Ratio
3139 5299 3323 5370 itaque
3361 5309 3467 5358 est.

1882 5405 1993 5461 qua
2022 5399 2077 5446 et
2113 5391 2293 5446 brutis
2316 5391 2692 5446 animantibus
2737 5397 2958 5460 praeest,
3000 5398 3054 5445 et
3086 5405 3212 5444 cum
3258 5389 3474 5458 angelis

1884 5483 2298 5541 necessitudine
2341 5483 2582 5555 quadam
2644 5482 2920 5554 jungitur.
2965 5480 3184 5538 Rursus
3241 5482 3346 5536 alia
3386 5479 3472 5533 vi-

1885 5576 2074 5634 ctoria:
2101 5577 2316 5662 species
2342 5576 2610 5662 succedit,
2639 5575 2858 5649 quando
2885 5575 3002 5633 haec
3034 5591 3156 5647 qua
3174 5573 3277 5630 sub
3311 5587 3476 5642 aspe-
