3838 6224
347 195 444 250 553!
1616 197 1676 249 S.
1719 192 2049 250 GREGORII
2090 194 2388 249 NYSSENI

3540 191 3653 264 εδει

344 323 493 365 ctum
524 309 731 364 cadunt
771 325 1186 379 supergressus,
1242 311 1512 363 rationem
1560 310 1613 363 in
1647 325 1851 363 arcana
1890 318 1936 363 el

2052 310 2356 379 φαινόμενα
2405 311 2517 371 τοῖς
2571 308 2904 379 ἀπορρήτοις
2963 306 3279 379 ἐμϐατεύσῃ
3334 306 3414 377 τῷ

346 403 628 459 recondita
681 404 922 470 inseris;
972 402 1118 457 ﬁlius
1177 418 1307 457 vero
1356 404 1496 456 ratio
1544 412 1649 468 est,
1693 403 1940 471 satisque

341 496 456 566 jam
487 495 920 565 praecedentibus
944 495 1191 551 victoriis
1215 496 1554 550 exercitatus
1579 515 1598 547 ι
1629 511 1731 566 pro
1750 495 1943 550 occul—

343 587 422 641 tis
453 585 574 640 Filii
593 587 640 618 ⁷³
670 605 690 637 ι
717 586 927 659 psallis,
968 600 1067 654 per
1101 586 1417 641 continuam
1460 601 1868 655 consonamque
1888 592 1944 640 et

343 679 651 735 studiosam
672 678 1202 747 contemplationem
1250 696 1263 732 ε
1305 678 1614 748 iterumque
1658 676 1813 731 illum
1846 679 1939 746 qui

348 771 405 824 in
437 772 657 824 occulto
698 770 964 823 venandis
1011 774 1065 821 et
1098 767 1382 837 capiendis
1411 767 1570 822 nobis
1625 767 1939 831 insidiatur,

347 863 627 931 prodigas,
662 876 729 915 ne
755 875 860 930 qua
896 860 1133 929 amplius
1157 859 1297 913 hosti
1322 868 1515 912 contra
1538 872 1640 912 nos
1665 858 1940 928 gloriandi

343 954 691 1023 relinquatur
717 953 939 1006 occasio
965 970 979 1017 ',
1013 969 1033 1001 ι
1061 960 1120 1004 nt
1144 965 1251 1003 non
1285 957 1525 1020 apponat
1550 951 1695 1004 ultra
1729 952 1943 1021 magni-

351 1047 515 1099 ﬁcare
552 1060 610 1099 se
642 1045 807 1098 homo
835 1059 1001 1112 super
1035 1054 1257 1096 terram.
1292 1062 1310 1092 ι
1360 1041 1515 1096 Tunc
1566 1058 1633 1096 ex
1690 1043 1941 1109 victoria,

350 1153 471 1208 quae
494 1136 753 1206 deinceps
774 1137 872 1191 tibi
911 1135 1155 1194 obvenit,
1187 1134 1384 1202 majori
1435 1148 1563 1204 erga
1600 1134 1770 1189 Deum
1800 1150 1940 1191 con-

342 1240 503 1298 cepta
538 1227 732 1282 ﬁducia
755 1227 893 1282 dicis
932 1246 944 1281 :
989 1244 1011 1278 ‹
1045 1227 1103 1280 ln
1136 1225 1368 1280 Domino
1405 1226 1757 1295 conﬁdo";r
1784 1243 1942 1284 mox-

347 1339 486 1392 que,
532 1323 587 1376 in
612 1337 676 1376 ea
731 1336 852 1391 quae
893 1320 1145 1390 sequitur
1174 1318 1428 1381 victoria,
1493 1335 1692 1375 rursus
1738 1320 1944 1374 ineme—

346 1417 579 1471 moriam
612 1428 843 1469 revocas
879 1431 897 1462 ι
925 1411 1210 1481 Octavam;
1236 1430 1256 1463 ι
1288 1411 1343 1464 in
1373 1426 1482 1481 qua
1538 1429 1561 1462 ‹
1587 1412 1778 1482 lingua
1831 1426 1948 1465 ma-

341 1510 601 1581 gniloqua
647 1508 865 1576 penitus
919 1505 1254 1567 destruetur,
1284 1513 1339 1559 et
1423 1505 1567 1559 labia
1600 1505 1815 1570 dolosa,
1838 1525 1857 1557 ι
1889 1515 1943 1560 et

345 1603 525 1658 omnis
551 1608 742 1656 contra
763 1599 931 1653 Deum
964 1597 1180 1653 insania
1198 1597 1267 1651 ⁷⁸.
1300 1597 1791 1652 Conservabuntur
1809 1610 1942 1652 vero

2045 402 2173 465 Υἱὸς
2194 404 2250 455 δὲ
2271 405 2300 456 ό
2326 402 2484 471 λόγος
2504 442 2520 468 ,
2543 399 2653 455 κᾶν
2672 401 2874 464 ἱκανῶς
2896 402 2997 472 ἤδη
3019 402 3152 474 γένῃ
3176 404 3300 465 ταῖς
3327 401 3649 474 προλαϐοῦ-

2046 513 2168 559 σαις
2199 495 2379 558 νίκαις
2408 495 2830 564 ὲγγυμνασθεὶς.
2869 514 2887 545 ι
2911 495 3082 566 ’Υπὲρ
3116 493 3226 548 τῶν
3258 495 3519 567 κρυφίων
3549 494 3650 548 τοῦ

2044 589 2175 641 Υίοῦ
2215 608 2233 640 ι
2263 588 2507 658 ψάλλεις,
2539 589 2626 642 διὰ
2660 588 2758 659 τῆς
2785 588 3126 659 εὐαρμόστου
3156 605 3214 640 τε
3240 587 3335 640 καὶ
3359 586 3653 658 ἐμμελοῦς

2045 676 2301 746 θεωρίας.
2354 679 2463 730 Kal.
2516 678 2679 732 πάλιν
2728 678 2961 747 νικήσας
2993 676 3086 730 τὸν
3141 679 3200 728 ὲν
3236 678 3499 749 κρυφίοις
3556 680 3653 731 ὲν-

2044 770 2335 842 εδρεύοντα
2366 771 2489 823 καθ’
2512 770 2669 841 ἡμῶν
2701 770 2864 840 θῆρα,
2904 768 3046 821 ὥστε
3081 769 3280 839 μηκέτι
3312 768 3409 822 τοῦ
3435 767 3655 841 ἐχθροῦ

2041 863 2103 915 τὸ
2149 863 2271 915 καθ’
2296 863 2452 933 ήμῶν
2485 862 2746 933 καύχημα
2780 860 3198 931 περιλειφθῆναι
3236 865 3288 924 (ι
3325 862 3446 915 Ἵνα
3483 880 3505 912 ι
3534 863 3657 931 γὰρ

2050 972 2067 1004 ι
2111 955 2186 1024 μὴ
2217 955 2428 1027 προσθῇ
2457 955 2535 1009 ἔτι
2559 955 2653 1009 τοῦ
2696 954 3063 1025 μεγαλαυχεῖν
3095 953 3385 1024 ἄνθρωπος
3416 956 3511 1007 ἐπὶ
3540 954 3659 1024 τῆς

2043 1047 2148 1115 γῆς
2185 1067 2203 1098 ι
2229 1046 2246 1114 )
2270 1064 2282 1077 ·
2314 1049 2437 1100 τότε
2465 1047 2554 1101 διὰ
2596 1047 2696 1117 τῆς
2725 1050 2789 1101 ἐκ
2818 1047 2912 1100 τοῦ
2934 1046 3229 1100 ἀκολούθου
3272 1062 3370 1100 σου
3404 1060 3657 1116 προσγι-

2043 1138 2276 1207 νομένης
2308 1138 2499 1208 νίκης,
2533 1137 2875 1209 τελειοτέραν
2923 1137 3026 1207 τὴν
3073 1140 3153 1201 εἰς
3203 1137 3300 1191 τὸν
3350 1134 3489 1190 Θεὸν
3546 1150 3660 1188 πε-

2043 1230 2295 1299 ποίθησιν
2318 1230 2455 1301 ἔχων
2484 1231 2681 1299 λέγεις·
2723 1252 2741 1282 ‹
2796 1230 2921 1283 Ἐπὶ
2962 1230 3042 1300 τῷ
3072 1229 3264 1302 Κυρίῳ
3290 1227 3564 1282 πέποιθα.
3627 1246 3647 1278 ι

2055 1322 2144 1375 Ἐν
2171 1324 2234 1392 τῇ
2258 1323 2457 1394 ἐφεξῆς
2474 1323 2619 1395 νίκῃ,
2645 1323 2809 1376 πάλιν
2826 1322 2925 1393 τῆς
2946 1339 2966 1373 ‹
2991 1320 3242 1393 Ὀγδόηςι
3268 1322 3561 1394 μεμνήσῃ,
3589 1322 3657 1374 ὲν

2044 1410 2079 1489 ᾖ
2110 1416 2512 1487 ὲξολοθρεύεται
2544 1417 2642 1487 μὲν
2676 1418 2708 1488 ἡ
2743 1436 2761 1468 ι
2792 1414 3228 1487 μεγαλορρἡων
3255 1414 3508 1483 γλῶσσα,
3546 1414 3656 1466 καὶ

2042 1509 2113 1564 τὰ
2148 1509 2297 1581 χείλη
2331 1508 2399 1562 τὰ
2483 1509 2665 1572 δόλια,
2697 1529 2719 1560 ι
2744 1509 2840 1562 καὶ
2889 1511 2922 1580 ἡ
2971 1508 3116 1562 κατὰ
3142 1506 3236 1562 τοῦ
3265 1506 3407 1561 Θεοῦ
3442 1506 3652 1577 μανία·

2046 1599 2481 1670 φυλαχθησονται
2531 1602 2587 1653 δὲ
2634 1602 2741 1655 ἀπὸ
2789 1604 2886 1671 τῆς
2927 1602 3127 1669 γενεᾶς
3174 1598 3385 1669 ταύτης
3421 1600 3519 1652 καὶ
3561 1600 3653 1662 εἰς

345 1707 377 1746 a
404 1690 758 1762 generatione
794 1689 896 1742 hac
926 1688 979 1741 in
1016 1688 1308 1748 saeculum,
1345 1688 1441 1757 qui
1474 1686 1530 1739 in
1565 1686 1801 1741 circuitu
1835 1687 1936 1739 int-

2052 1694 2135 1747 τὸν
2159 1693 2351 1757 αἰῶνα,
2382 1695 2431 1746 οἱ
2466 1695 2539 1765 μὴ
2568 1696 2625 1746 ἐν
2653 1694 2838 1764 κύκλῳ
2862 1694 2962 1763 τῆς
2991 1691 3248 1756 ἀσεϐείας
3278 1709 3653 1764 συμπεριπα-

340 1784 566 1855 pietatis
600 1797 708 1835 non
739 1782 1041 1844 ambulant,
1092 1782 1185 1834 sed
1224 1787 1429 1833 rectam
1466 1780 1732 1834 insistunt
1769 1780 1935 1845 viam,

344 1890 508 1944 quam
554 1873 698 1927 Dens
742 1874 902 1927 nobis
944 1888 1138 1925 novam
1179 1874 1422 1941 przeivit,
1469 1874 1612 1926 viam
1657 1881 1934 1927 recentem

338 1978 400 2023 et
438 1969 734 2021 viventem.
762 1968 826 2019 Et
858 1965 992 2034 quid
1052 1978 1193 2034 opus
1242 1975 1326 2019 est
1375 1966 1595 2036 singula
1632 1966 1933 2037 explicare,

345 2074 471 2112 cum
534 2074 657 2127 quae
690 2058 956 2111 hactenus
1003 2057 1438 2113 introductionis
1487 2058 1647 2126 quasi
1683 2059 1806 2112 loco
1852 2059 1935 2112 al-

2046 1785 2297 1849 τοῦντες,
2337 1785 2475 1838 ἀλλὰ
2506 1787 2603 1856 τῆς
2635 1786 2852 1850 εὐθείας
2895 1787 3173 1856 ἐχόμενοι,
3201 1787 3266 1856 ἥν
3295 1786 3649 1839 ἐνεκαίνισεν

2044 1878 2177 1946 ἡμῖν
2203 1878 2230 1928 ὁ
2252 1876 2386 1939 Θεὸς
2442 1877 2560 1929 ὁδὸν
2596 1877 2906 1947 πρόσφατον
2932 1878 3029 1931 καὶ
3055 1877 3256 1942 ζῶσαν.
3302 1878 3418 1931 Καὶ
3447 1878 3506 1931 τί
3534 1881 3648 1949 χρὴ

2043 1964 2111 2017 τὰ
2157 1965 2277 2017 καθ’
2322 1964 2550 2018 ἕκαστον
2596 1964 2879 2031 διεξιέναι,
2931 1967 3137 2029 ἱκανῶς
3182 1983 3264 2019 σοι
3304 1966 3407 2037 τῆς
3443 1966 3643 2036 ἐφόδου

2042 2059 2245 2126 ταύτης
2292 2058 2393 2126 τὴν
2435 2058 2529 2110 ἐπὶ
2570 2059 2637 2110 τὰ
2689 2058 2920 2130 κρείττω
2974 2058 3198 2130 πρόοδον
3253 2059 3344 2112 διὰ
3385 2060 3500 2129 τῆς
3528 2059 3642 2112 τῶν

345 2153 454 2204 lata
484 2159 614 2204 sunt
649 2150 788 2204 satis
821 2164 1097 2218 superque
1158 2151 1254 2203 tibi
1301 2152 1599 2206 ostendant
1651 2153 1793 2203 viam
1826 2166 1934 2220 qua

346 2259 446 2313 per
498 2244 834 2313 psalmorum
889 2242 1136 2296 ordinem
1197 2251 1251 2297 et
1317 2245 1708 2311 inscriptiones
1750 2244 1815 2297 ad
1878 2245 1931 2298 id

346 2334 493 2404 quod
521 2335 722 2387 bonum
753 2340 1026 2385 etrectum
1052 2339 1136 2385 est
1153 2332 1488 2387 deduearis?
1512 2348 1621 2386 non
1650 2347 1841 2402 parum
1867 2332 1936 2386 ad

2041 2149 2275 2219 ψαλμῶν
2314 2148 2521 2214 τάξεώς
2563 2167 2622 2203 τε
2674 2154 2768 2204 καὶ
2798 2153 3110 2223 ἐπιγραφῆς
3145 2154 3644 2224 πρώεικνυοὺσηςς

2041 2243 2101 2294 οὐ
2141 2240 2350 2314 μικρῶς
2387 2243 2520 2314 ἡμῖν
2555 2245 2691 2314 πρὸς
2745 2246 2844 2317 τὴν
2885 2246 3139 2317 τοιαύτην
3172 2247 3635 2319 συμϐαλλομένης

2041 2333 2277 2387 διάνοιαν
2329 2335 2429 2405 τῆς
2489 2336 2888 2409 προϐληθείσης
2928 2343 3041 2403 τοῖς
3094 2338 3406 2412 ἔμπροσθεν
3456 2341 3640 2410 λόγοις

348 2427 492 2480 hanc
545 2426 711 2479 etiam
762 2424 1176 2492 intelligentiam
1224 2424 1567 2479 conducente
1604 2425 1717 2489 illa,
1771 2440 1935 2493 quam

352 2534 529 2590 supra
559 2516 946 2590 praemisimus,
979 2515 1405 2586 inscriptionum
1436 2513 1825 2585 explicatione.

921 2669 1151 2728 CAPUT
1220 2670 1341 2725 XII.

419 2781 598 2837 Finita
625 2783 802 2854 prima
837 2783 1083 2837 sectione
1133 2782 1485 2838 ascensionis
1538 2797 1634 2852 per
1668 2782 1936 2853 psalmos,

2042 2425 2152 2477 τῶν
2186 2427 2510 2499 ἐπιγραφῶν
2545 2430 2864 2502 ἑρμηνείας.

2534 2678 2933 2734 ΚΕΦᾹΛΑΙΟΝ
2970 2681 3070 2735 IB'.

2132 2788 2271 2841 Ἀλλ’
2299 2790 2381 2843 ὅτι
2418 2792 2789 2865 ωνεπεράνθη
2838 2794 2901 2847 τὸ
2931 2793 3150 2865 πρῶτον
3182 2795 3380 2865 τμῆμα
3413 2795 3521 2866 τῆς
3548 2796 3641 2850 διὰ

344 2890 545 2931 rursus
567 2874 989 2945 quadragesimo
1007 2874 1219 2944 psalmo
1259 2875 1554 2929 resumitur
1585 2874 1936 2928 beatitudinis

2052 2880 2155 2932 τῶν
2184 2881 2415 2951 ψαλμῶν
2445 2884 2786 2946 ἁναόἁσεως.
2819 2886 2877 2937 ὲν
2909 2885 2987 2955 τῷ
3019 2885 3445 2957 τεσσαρακοστῷ
3471 2887 3640 2939 πάλιν

349 2971 578 3025 mentio.
607 2968 782 3024 Aliter
823 2979 1004 3024 tamen
1035 2970 1092 3023 in
1135 2968 1291 3023 initio
1325 2967 1587 3023 deﬁnitur
1631 2968 1938 3037 beatitudo,

348 3069 453 3123 sub
484 3068 701 3122 initium
735 3069 882 3122 enim
909 3066 1033 3138 fuga
1055 3075 1110 3121 et
1147 3068 1363 3123 aversio
1412 3083 1442 3120 a
1480 3066 1626 3120 malo
1663 3067 1717 3120 in
1763 3067 1941 3121 beati-

351 3162 539 3215 tudine
573 3160 986 3214 numerabatur.
1020 3159 1090 3211 At
1121 3159 1212 3212 hic
1242 3159 1401 3212 beata
1440 3157 1772 3228 praedicatur
1806 3159 1934 3213 boni

341 3262 406 3310 et
448 3254 580 3308 recti
616 3251 878 3322 cognitio.
937 3250 1070 3304 Boni
1117 3265 1250 3305 vero
1310 3260 1533 3314 natura,
1582 3252 1671 3306 vel
1711 3251 1755 3306 si
1793 3251 1941 3321 quod

346 3345 711 3402 excellentius
741 3346 865 3410 hoc,
903 3343 987 3397 vel
1017 3356 1239 3405 nomen,
1267 3343 1355 3396 vel
1383 3344 1682 3412 cogitatum
1710 3344 1941 3411 reperiri

348 3447 556 3510 potest,
597 3435 735 3490 nihil
763 3434 1036 3497 estaliud,
1081 3448 1242 3501 quam
1273 3433 1589 3504 unigenitus
1612 3431 1708 3488 Dei
1744 3431 1940 3499 Filius,

351 3532 446 3602 qui
483 3546 606 3584 cum
643 3530 797 3585 dives
828 3538 994 3592 esset,
1046 3536 1270 3598 pmpter
1300 3541 1401 3582 nos
1453 3525 1637 3581 factus
1689 3537 1774 3581 est
1818 3542 1944 3597 ege-

352 3639 481 3678 nus.
509 3623 681 3690 Cujus
741 3622 795 3676 in
870 3637 1037 3676 carne
1097 3625 1399 3690 egestatem
1427 3617 1775 3690 Evangelicis
1802 3620 1943 3674 seri-

354 3717 464 3787 ptis
503 3716 662 3770 nobis
692 3714 1146 3775 demonstratam,
1188 3704 1367 3767 oratio
1399 3712 1500 3765 hoc
1520 3711 1639 3766 loco
1662 3712 1945 3782 praesigni-

357 3808 503 3871 licat,
531 3820 659 3861 cum
693 3806 914 3861 beatum
952 3804 1236 3873 praedicat,
1265 3805 1360 3873 qui
1389 3802 1577 3858 debita
1630 3804 1942 3874 intelligen-

349 3900 431 3953 tia
463 3905 839 3969 paupertatem
862 3896 1010 3949 illam
1036 3894 1340 3966 cognoscit,
1361 3895 1456 3964 qui
1487 3910 1695 3965 pauper
1721 3896 1940 3965 quidem

349 3999 475 4045 erat
496 3989 793 4044 secundum
836 3987 978 4042 servi
1011 3986 1262 4049 formam,
1299 3986 1625 4042 benedictus
1645 3995 1825 4042 autem
1856 4003 1943 4042 se-

358 4084 597 4137 cundum
629 4080 938 4135 divinitatis
967 4088 1243 4134 naturam.
1274 4080 1494 4150 Egenus
1526 4080 1676 4135 enim
1718 4087 1775 4136 et
1802 4096 1941 4151 pau-

360 4190 458 4241 per
514 4172 786 4243 principio
832 4172 997 4241 hujus
1037 4171 1357 4242 psalmodize
1395 4173 1748 4238 nominatur;
1787 4183 1841 4226 at
1887 4173 1940 4226 in

2044 2972 2078 3041 ή
2105 2971 2197 3022 τοῦ
2231 2974 2579 3044 μακαρισμοῦ
2605 2974 2944 3045 ἐπανάληψις
2971 2976 3209 3044 γίνεται,
3241 2977 3418 3041 ἄλλως
3434 2979 3537 3031 τοῦ
3560 2979 3642 3031 λό-

2043 3077 2140 3122 γου
2166 3062 2317 3139 παρα
2338 3062 2633 3135 τὴνάρχὴν
2651 3065 2972 3135 ὁριζομένου
2990 3067 3120 3136 ἡμῖν
3136 3067 3198 3119 τὸ
3228 3066 3527 3139 μακάριον.
3547 3070 3639 3122 Ἑν

2044 3152 2151 3222 γὰρ
2181 3155 2295 3215 τοῖς
2324 3152 2583 3224 πρώτοις,
2609 3154 2668 3207 τὸ
2704 3156 3006 3225 ἀποστῆναι
3031 3154 3125 3209 τοῦ
3159 3157 3329 3211 κακοῦ
3357 3160 3641 3231 μακάριον

2041 3239 2110 3315 ἦν
2131 3262 2143 3275 ·
2181 3244 2415 3299 ἐνταῦθα
2439 3246 2496 3298 δὲ
2518 3246 2577 3299 τὸ
2598 3248 2896 3315 ἐπιγνῶναι
2934 3247 2995 3301 τὸ
3017 3249 3223 3316 ἀγαθὸν
3245 3250 3638 3321 μακαρίζεται.

2056 3338 2117 3391 Ἦ
2150 3339 2207 3392 δὲ
2254 3339 2346 3393 τοῦ
2393 3337 2599 3408 ἀγαθοῦ
2646 3339 2841 3408 φύσις,
2888 3341 2921 3411 ἢ
2962 3341 3099 3394 εἴτι
3136 3343 3230 3395 καὶ
3273 3343 3416 3414 ὑπὲρ
3440 3344 3640 3397 τούτου

2042 3427 2266 3483 δυνατόν
2309 3431 2458 3482 ἐστιν
2491 3429 2736 3502 ἐξευρεῖν
2766 3432 2916 3502 ῥῆμα
2943 3431 2978 3499 ἢ
3009 3433 3209 3503 νόημα,
3239 3429 3394 3497 οὗτος
3418 3435 3446 3486 ό
3476 3452 3644 3505 povo-

2043 3522 2206 3590 γενής
2246 3521 2361 3574 ἐστι
2390 3519 2559 3585 Θεὸς,
2592 3521 2650 3584 ὃς
2681 3522 2748 3575 δι’
2797 3525 2944 3592 ἡμᾶς
2987 3522 3334 3594 ἐπτώχευσεν
3376 3525 3642 3591 πλούσιος

2044 3610 2141 3665 ὧν.
2176 3609 2250 3667 Οὐ
2294 3613 2395 3685 τὴν
2431 3617 2488 3667 ἐν
2522 3616 2686 3686 σαρκὶ
2718 3618 2990 3686 πτωχείαν
3025 3616 3124 3687 τὴν
3150 3618 3239 3672 διὰ
3269 3618 3370 3688 τῆς
3402 3620 3633 3688 εὐαγγεν

2042 3704 2201 3777 λικῆς
2237 3707 2480 3778 ἱστορίας
2519 3709 2651 3778 ἡμῖν
2702 3708 3099 3777 ὲπιδειχθείσαν
3143 3710 3375 3762 ἐνταῦθα
3415 3728 3612 3782 προμη

2044 3798 2159 3850 νύει
2192 3801 2220 3852 ὁ
2264 3799 2452 3867 λόγος,
2514 3799 2839 3871 μακαρίζων
2875 3801 2967 3853 τὸν
3028 3800 3165 3870 μετὰ
3216 3801 3488 3864 συνέσεως
3538 3804 3639 3874 τὴν

2045 3891 2318 3962 πτωχείαν
2351 3892 2567 3962 ἐκείνην
2590 3892 2959 3963 γνωρίσαντα.
2996 3895 3092 3956 Ὃς
3113 3894 3330 3963 πτωχὸς
3360 3894 3463 3963 μὲν
3492 3895 3646 3949 κατὰ.

2043 3982 2142 4054 τὴν
2175 3982 2269 4035 τοῦ
2300 3983 2488 4037 δούλου
2536 3985 2749 4055 μορφὴν
2771 4023 2785 4044 .
2821 3984 3112 4055 εὐλογητὸς
3145 3987 3200 4037 δὲ
3230 3985 3372 4039 κατὰ
3406 3987 3508 4057 τὴν
3536 3988 3642 4057 τῆς

1995 4082 1999 4085 ‘
2045 4074 2295 4144 θεότητος
2347 4074 2528 4144 φύσιν.
2580 4077 2799 4147 Πένητα·
2824 4077 2934 4149 γὰρ
2974 4077 3136 4131 αὐτὸν
3174 4079 3270 4130 καὶ
3315 4080 3536 4149 πτωχὸν
3580 4082 3642 4133 ὲν

2045 4166 2352 4236 προοιμίοις
2393 4167 2492 4237 τῆς
2524 4167 2838 4238 ψαλμῳδίας
2867 4169 3141 4239 ὀνομάσας
3167 4171 3195 4222 ό
3222 4168 3414 4239 λόγος,
3444 4171 3539 4223 ἐπὶ
3563 4171 3639 4240 τῷ

358 4268 466 4321 line
496 4264 759 4320 sectionis
780 4263 999 4317 additur
1028 4282 1041 4317 :
1073 4282 1093 4314 ι
1121 4261 1454 4319 Benedictus
1490 4264 1753 4319 Dominus
1788 4262 1932 4319 Deus

2052 4257 2190 4310 τέλει
2214 4258 2307 4311 τοῦ
2324 4259 2610 4328 τμήματός
2634 4277 2819 4330 φησιν·
2846 4280 2865 4311 ι
2897 4260 3196 4329 Εὐλογητὸς
3219 4260 3429 4333 Κύριος
3453 4263 3482 4314 ὀ
3502 4262 3639 4327 Θεὸς

361 4358 527 4412 Israel
556 4372 587 4410 a
626 4357 827 4410 saeculo
860 4354 915 4409 in
943 4357 1226 4419 saeculum,
1262 4355 1371 4423 ﬁat,
1395 4354 1505 4409 ﬁat.
1530 4372 1550 4406 ι
1579 4353 1679 4422 Qui
1704 4354 1864 4425 igitur
1886 4354 1942 4409 in
1980 4421 1990 4435 Ι

359 4452 503 4505 hanc
540 4448 883 4503 altitudinem
915 4447 1111 4510 evasit,
1141 4447 1231 4501 ille
1281 4448 1510 4501 alteram
1555 4448 1941 4503 ascensionem

361 4542 573 4612 incipit.
617 4539 755 4595 Nam
800 4540 996 4595 relicto
1025 4548 1180 4608 patre
1206 4538 1368 4603 Core,
1416 4540 1511 4609 qui
1552 4555 1650 4609 per
1674 4554 1944 4610 arrogan-

359 4635 493 4688 tiam
516 4631 885 4688 sacerdotium
922 4630 1026 4684 sibi
1061 4630 1372 4699 ursurpavit,
1406 4637 1461 4685 et
1498 4630 1570 4685 ob
1603 4630 1655 4684 id
1692 4630 1818 4701 igne
1846 4645 1946 4685 er-

358 4733 540 4789 ustus,
571 4731 626 4778 et
656 4723 724 4776 ab
744 4722 896 4775 hiatu
930 4722 1247 4791 absorptus,
1268 4728 1322 4775 et
1350 4722 1455 4776 sub
1478 4724 1680 4776 terram
1711 4729 1932 4792 propter

357 4815 565 4869 scelera
588 4812 807 4868 abditus
827 4820 913 4868 est
941 4813 1009 4877 ⁷⁸,
1030 4827 1159 4866 vero
1178 4823 1233 4866 et
1252 4812 1495 4882 legitimo
1513 4810 1660 4866 Patri
1683 4828 1742 4869 se
1764 4828 1857 4882 per
1878 4811 1941 4865 (ἰν

356 4904 482 4959 dem
510 4904 883 4974 adoptandum
907 4903 1224 4966 committit,
1269 4918 1377 4957 non
1430 4904 1679 4974 ignarus,
1733 4914 1941 4974 quanto

359 4997 679 5052 discrimine
730 4996 934 5050 distent
966 4994 1063 5050 Dei
1132 4992 1302 5049 ﬁlium
1353 4994 1490 5059 ﬁeri,
1548 5006 1603 5050 et
1641 4995 1809 5049 ﬁlium
1847 4996 1944 5050 de-

360 5089 593 5145 sertoris
613 5088 755 5145 Core
780 5087 1078 5142 nominari.
1105 5087 1352 5159 Adeptus
1404 5103 1535 5158 ergo
1565 5088 1726 5143 ﬁnem
1772 5088 1944 5143 victo-

360 5183 478 5245 riae,
529 5182 798 5252 simulque
850 5180 1165 5251 intelligens
1211 5188 1417 5250 quanta
1483 5181 1557 5236 sit
1601 5181 1745 5234 inter
1795 5180 1943 5234 hunc

362 5282 416 5329 et
435 5268 636 5329 rnatum
676 5274 827 5328 illum
881 5280 1093 5343 patrem
1130 5272 1459 5337 diﬂ'erentia,
1506 5281 1946 5343 consumptoque

366 5367 420 5421 in
457 5381 516 5422 se
542 5375 596 5421 et
633 5366 895 5421 devorato
926 5378 991 5418 eo
1024 5364 1175 5434 quod
1203 5362 1378 5418 ferum
1407 5371 1562 5420 estet
1587 5373 1941 5424 venenatum.

366 5470 520 5511 more
550 5468 860 5518 cervorum,
897 5454 1104 5524 quibus
1127 5455 1340 5525 reptilia
1373 5467 1699 5512 consumere
1732 5457 1817 5513 vis
1860 5457 1948 5511 in-

434 5653 483 5687 "
510 5652 654 5711 Psal.
694 5670 767 5722 Ix,
802 5654 854 5709 1.

2043 4346 2138 4401 τοῦ
2190 4348 2407 4421 Ἰσραὴλ
2437 4348 2545 4402 ἀπὸ
2564 4350 2658 4402 τοῦ
2683 4349 2883 4413 αἰῶνος
2938 4350 3033 4402 καὶ
3064 4352 3144 4413 εἰς
3169 4351 3260 4403 τὸν
3286 4351 3491 4410 αἰῶνα.
3533 4351 3631 4419 γὲο

2042 4458 2206 4506 νοιτο,
2237 4441 2461 4509 γένοιτο.
2504 4464 2521 4493 ι
2563 4443 2622 4495 '0
2653 4444 2832 4496 τοίνυν
2854 4444 2945 4498 ἐπὶ
2968 4442 3125 4496 τοῦτο
3152 4442 3368 4513 φθάσας
3389 4446 3453 4498 τὸ
3479 4444 3632 4513 ὕψος,

2045 4534 2239 4604 ἑτέρας
2265 4535 2585 4598 ἀναϐάσεως
2616 4536 2866 4607 ἄρχεται.
2899 4536 3229 4589 Καταλιπὼν
3256 4537 3368 4609 γὰρ
3404 4538 3497 4591 τὸν
3528 4555 3635 4590 πσ-

2044 4625 2178 4695 τέρα
2201 4625 2291 4678 τὸν
2327 4627 2506 4697 Κορὲ,
2553 4627 2646 4679 τὸν
2679 4627 2745 4680 δι’
2793 4626 3207 4698 ὐπερηφανείας
3245 4630 3636 4683 ἐπαναστάντα

2047 4717 2113 4786 τῇ
2145 4715 2433 4786 ἱερωσύνῃ,
2466 4719 2559 4770 καὶ
2586 4716 2676 4770 διὰ
2697 4716 2859 4771 τοῦτο
2882 4718 3343 4789 καταπρησθέντα
3367 4719 3449 4790 τῷ
3478 4723 3632 4791 πυρὶ,

2049 4807 2142 4859 καὶ
2191 4808 2613 4877 καταχωσθέντα
2662 4809 2741 4878 τῷ
2787 4812 3063 4881 χάσματι,
3109 4812 3203 4865 καὶ
3252 4812 3516 4882 ὑπόγειον
3575 4814 3634 4879 ἐξ

2051 4900 2325 4969 ἁμαρτίας
2351 4903 2645 4973 γενόμενον
2664 4943 2680 4967 ,
2715 4902 2794 4974 τῷ
2828 4902 3069 4975 ἀληθινῷ
3098 4900 3272 4975 Πατρὶ
3302 4905 3498 4957 ἑαυτὸν
3522 4908 3635 4959 εἰσ-

2051 4993 2197 5058 ποιεῖ
2222 4992 2311 5045 διὰ
2354 4996 2453 5065 τῆς
2479 4995 2735 5058 πίστεως.
2760 4997 2946 5059 Συνεὶς
2974 4998 3099 5051 ὅσον
3129 4998 3246 5050 ἐστὶ
3283 4998 3351 5052 τὸν
3377 4999 3636 5073 διάφορον

2050 5080 2185 5135 Θεοῦ
2235 5084 2426 5138 τέκνον
2474 5085 2762 5153 γενέσθαι,
2790 5087 2823 5158 ἢ
2858 5086 2950 5141 τοῦ
2984 5089 3294 5143 ἀποστατου
3328 5091 3476 5162 Κορὲ
3521 5093 3634 5145 υἱὸν

2046 5177 2427 5246 χρηματίζειν.
2475 5177 2665 5248 Τυχὼν
2710 5180 2889 5233 τοίνυν
2939 5170 3035 5235 τοῦ
3080 5181 3266 5246 τέλους
3306 5184 3408 5254 τῆς
3444 5185 3631 5256 νίκης.

2048 5271 2142 5324 καὶ
2182 5272 2341 5340 γνοὺς
2369 5273 2493 5325 ὅσον
2522 5273 2641 5327 ἐστὶ
2672 5272 2878 5343 μεταξὺ
2911 5274 3105 5329 τούτου
3136 5276 3230 5329 καὶ
3265 5276 3364 5329 τοῦ
3392 5279 3633 5348 πονηροῦ

2047 5365 2256 5436 πατρὸς
2290 5365 2352 5417 τὸ
2396 5365 2685 5435 διάφορον,
2719 5366 2998 5436 διαφαγὼν
3046 5385 3105 5421 τε
3152 5369 3249 5423 καὶ
3283 5369 3633 5436 ἐξαναλώσας

2048 5456 2107 5509 ἐν
2137 5454 2313 5524 ἑαυτῷ
2352 5458 2459 5511 πᾶν
2489 5456 2753 5531 θηριῶδες
2786 5458 2882 5512 καὶ
2922 5457 3126 5513 ιοόόλον
3158 5459 3336 5514 νόημα
3370 5458 3518 5515 κατὰ
3539 5458 3637 5531 τὴν

931 5654 979 5687 τι
1007 5653 1156 5713 psaL
1195 5670 1251 5722 χ,
1285 5653 1340 5708 2.
1419 5655 1465 5689 ⁷⁸
1499 5654 1645 5711 Psal.
1672 5670 1748 5722 xi,
1780 5654 1833 5724 2.
1915 5657 1960 5688 ⁷⁸
1989 5654 2154 5713 Nunt.
2184 5671 2296 5725 va,
2328 5658 2393 5712 17
2420 5672 2540 5741 sqq.
