3838 6224
150 329 240 387 555

1517 317 1578 371 IN
1620 315 1955 371 PSAthlOS.

3254 316 3361 371 εει

147 443 242 497 τῶν
283 437 486 507 ἐλάφων
529 436 721 506 φύσιν,
773 430 854 499 οἷς
897 435 1231 505 ἀφανιστικὴ
1284 433 1393 489 τῶν
1445 433 1693 504 ἑρπετῶν

1801 439 1917 485 nata
1948 431 2112 501 viget,
2150 431 2395 486 imitatur
2437 432 2529 488 siti
2556 447 2774 503 quoque
2813 446 3056 494 cervum,
3097 442 3152 489 ct
3176 433 3247 488 ad
3273 433 3345 491 di-

150 531 473 585 συνουσίωται
526 529 781 597 δύναμις,
848 531 1097 599 μιμεῖται
1150 528 1247 580 καὶ
1292 525 1371 595 τῷ
1420 524 1563 593 δίψει
1597 524 1687 578 τὸν

150 622 339 689 ἔλαφον,
370 618 461 672 καὶ
496 616 631 688 πρὸς
668 616 768 680 τὰς
809 618 959 681 θείας
989 615 1196 686 πηγὰς,
1226 615 1365 685 αὓτη
1404 614 1449 667 δ’
1498 614 1566 668 ἂν
1600 613 1685 683 εἴη

151 712 251 764 θεία
277 708 462 778 φύσις,
512 709 808 779 διψητικῶς
858 709 969 779 ἔχει
992 751 1008 773 ,
1034 710 1069 779 ἡ
1106 708 1207 778 μία
1233 724 1294 759 τε
1326 702 1460 760 οῦσα
1506 706 1598 759 καὶ
1630 706 1688 757 ὲν

150 802 302 873 τριάδι
351 800 709 870 θεωρουμένη.
773 818 792 851 ι
836 801 933 851 Ὃν
987 799 1187 869 τρόπον
1226 818 1247 851 ι
1295 798 1439 868 γὰρ,
1499 797 1686 867 φησὶν,

157 913 173 943 ι
207 890 436 944 ἐπιποθεῖ
469 892 496 943 6
548 890 745 959 ἔλαφος
784 890 879 943 ἐπὶ
933 889 1033 953 τάς
1082 889 1266 961 πηγὰς
1315 890 1425 943 τῶν
1459 889 1685 951 ὑδάτων,

152 982 298 1044 οὕτως
326 980 564 1034 ἐπιποθεῖ
590 984 623 1049 ἡ
651 981 798 1052 ψυχή
837 999 942 1052 μου
972 981 1109 1052 πρὸς
1149 981 1230 1046 σὲ,
1258 982 1287 1033 6
1323 978 1474 1043 Θεός.
1507 1000 1525 1030 ι
1556 978 1688 1035 Εἶτα

155 1074 519 1146 παραμυθεῖται
557 1075 655 1145 τὴν
682 1075 844 1143 δίψαν
887 1074 1249 1145 συνεχομένην
1274 1077 1343 1145 τῇ
1392 1073 1686 1145 ἐπιθυμίᾳ,

152 1169 229 1218 καὶ
270 1164 557 1218 σπεύδουσα
599 1165 693 1217 τοῦ
743 1164 1080 1236 ποθουμένου
1118 1170 1331 1235 τυχεῖν,
1369 1168 1463 1219 καὶ
1488 1168 1590 1236 τὴν
1628 1168 1686 1219 ὲν

152 1257 293 1326 ὀλίγῳ
316 1255 411 1323 τῆς
449 1254 561 1307 τῶν
590 1254 815 1323 ἀγαθῶν
846 1256 1133 1325 μετουσίας
1175 1256 1440 1327 ἀναϐολὴν
1469 1258 1529 1309 ὲν
1552 1274 1691 1325 συμ-

155 1350 274 1417 φορᾷ
311 1346 600 1416 ποιουμένη
647 1345 794 1414 λέγει
842 1346 987 1401 κατά
1030 1363 1089 1399 τε
1136 1345 1198 1400 τὺ
1235 1346 1417 1417 μέσον,
1464 1347 1558 1400 καὶ
1598 1346 1691 1399 ἐπὶ

152 1438 274 1489 τέλει
316 1439 409 1506 τῆς
451 1434 803 1506 ψαλμιγκῑίαςο
854 1455 873 1487 ι
922 1437 1038 1489 Ἵνα
1086 1436 1140 1489 τί
1194 1437 1492 1507 περίλυπος
1530 1432 1599 1501 εἴ,
1653 1438 1687 1507 ἡ

152 1528 274 1597 ψυχή
309 1545 432 1598 μου;
469 1547 487 1579 ι
545 1530 671 1592 καὶ,
705 1546 724 1580 ι
764 1529 1024 1582 Ἔλπισον
1077 1529 1171 1582 ἐπὶ
1214 1529 1307 1583 τὸν
1356 1529 1521 1581 Θεόν·
1559 1549 1577 1581 ι
1615 1529 1691 1592 ὡς

152 1619 339 1689 ἀληθῶς
381 1621 507 1690 ἡμῖν
553 1621 656 1691 τὴν
684 1620 895 1690 ἀγαθὴν
937 1622 1237 1676 ἀπόλαυσιν
1281 1622 1379 1690 τῆς
1417 1621 1565 1684 θείας
1604 1622 1692 1675 ὲλ-

153 1712 282 1775 πίδος
310 1712 677 1782 ἐγγυωμένης.
709 1715 820 1767 Καὶ
843 1712 1016 1777 οὕτως
1054 1715 1146 1766 ἑπί
1170 1714 1233 1767 τὸ
1269 1713 1394 1784 ἑξῆς
1420 1714 1687 1784 πρόεισιν,

1789 522 1949 577 vinos
1982 521 2182 585 fontes,
2222 537 2363 593 quos
2397 522 2647 592 equidem
2692 523 2869 592 ipsam
2910 524 3151 578 divinam
3193 535 3356 580 natu-

1789 624 1905 663 ram
1932 625 2057 665 esse
2099 610 2360 676 arbitror,
2395 611 2477 666 sic
2507 622 2745 667 aestuans
2777 612 2967 675 fertur,
3002 629 3123 683 quae
3161 622 3357 669 natura

1790 716 1899 754 una
1927 702 2145 771 quidem
2162 718 2390 757 numero
2410 713 2514 767 est,
2540 714 2594 758 et
2628 713 2806 759 tamen
2844 705 2899 759 in
2922 703 3189 760 Trinitate
3223 708 3358 760 sub-

1789 793 1959 848 sistit.
2021 793 2113 847 Ait
2144 794 2291 849 enim
2325 812 2339 848 :
2372 794 2880 861 «Quemadmodum
2915 796 3190 851 desiderat
3235 811 3357 851 cer-

1789 899 1891 939 vus
1921 884 1986 938 ad
2016 882 2194 939 fontes
2224 900 2511 955 aquarum,
2546 887 2623 939 ita
2676 884 2953 941 desiderat
3004 888 3186 940 anima
3237 903 3357 941 mea

1789 972 1856 1026 ad
1881 981 1955 1036 te,
1979 973 2123 1028 Deus
2146 975 2213 1027 ".
2247 994 2265 1027 ι
2300 973 2506 1029 Deinde
2538 976 2744 1030 solatur
2775 977 2924 1031 sitim
2945 977 3229 1047 cupiditati
3263 994 3358 1031 cn-

1788 1062 2052 1132 pulatam,
2115 1061 2492 1133 festinansque
2559 1066 2613 1119 id
2663 1066 2806 1134 quod
2854 1065 3200 1123 desiderabat
3233 1082 3359 1122 cou-

1790 1151 1965 1221 sequi,
2025 1160 2081 1206 et
2110 1153 2196 1207 vel
2242 1155 2491 1224 exiguam
2542 1155 2882 1222 dilationem,
2924 1173 3045 1226 qua:
3087 1157 3357 1214 bonorum

1788 1243 2006 1299 illorum
2044 1247 2488 1300 communionem
2529 1256 2796 1310 moratur,
2831 1249 2885 1302 in
2922 1250 3121 1304 damno
3146 1265 3355 1319 ponens

1789 1335 1865 1388 ait
1916 1336 2065 1391 circa
2112 1338 2373 1404 medium,
2430 1347 2486 1392 et
2533 1339 2638 1394 sub
2663 1340 2824 1394 linem
2864 1342 3060 1410 psalmi
3091 1360 3104 1396 :
3133 1361 3150 1393 ι
3176 1342 3357 1408 Quare

1788 1425 1965 1481 tristis
2000 1443 2083 1492 es,
2110 1429 2288 1481 anima
2318 1430 2481 1483 mea?
2511 1448 2530 1480 ι
2566 1428 2632 1481 Ει
2666 1449 2680 1484 :
2720 1449 2738 1480 ι
2765 1429 2933 1499 Spera
2954 1432 3009 1487 in
3040 1431 3169 1494 Deo,
3199 1440 3358 1488 itan-

1790 1533 1953 1587 quam
1998 1519 2251 1575 videlicet
2298 1536 2440 1576 verae
2478 1521 2680 1590 quietis
2716 1521 2953 1577 fructum
3011 1523 3193 1578 divina
3232 1542 3357 1594 spes

1789 1608 1950 1663 nobis
1984 1609 2325 1678 polliceatur.
2360 1608 2562 1679 Sicque
2592 1612 2658 1664 ad
2686 1612 2738 1666 id
2771 1613 2916 1682 quod
2953 1614 3204 1682 sequitur
3224 1629 3357 1684 pro-

1791 1700 1933 1753 cedit
1959 1701 2028 1764 ",
2062 1701 2153 1754 ubi
2186 1716 2280 1769 per
2312 1700 2554 1755 divinum
2583 1702 2758 1756 altare
2785 1704 2965 1758 denuo
2995 1705 3215 1773 juvenis
3247 1707 3359 1760 elli-

152 1806 198 1855 ἐν
288 1803 369 1855 διὰ
410 1803 503 1855 τοῦ
550 1802 696 1856 θείου
743 1803 1130 1874 θυσιαστηρίου
1180 1805 1387 1873 γίνεται
1416 1805 1562 1870 νέος·
1596 1805 1690 1857 καὶ

1801 1790 1957 1855 citur,
1993 1798 2047 1845 et
2076 1792 2131 1844 in
2159 1800 2420 1862 sequente
2447 1808 2640 1847 rursus
2675 1793 2796 1849 illos
2829 1795 2923 1863 qui
2958 1811 3131 1865 genus
3158 1811 3191 1851 a
3219 1796 3360 1853 Core

152 1894 269 1946 κατὰ
290 1894 346 1946 τὸ
375 1892 497 1964 ἑξῆς
543 1894 705 1948 πάλιν
735 1896 859 1958 τοὺς
890 1898 957 1948 ὲκ
986 1896 1080 1949 τοῦ
1109 1897 1254 1967 Κορὲ
1279 1897 1340 1950 τὸ
1373 1897 1527 1965 γένος
1556 1914 1689 1950 κατ-

153 1985 379 2052 άγοντας,
437 1986 664 2056 νικητάς
710 1988 1116 2057 ἀπεργάζεται·
1188 1987 1405 2051 δεικνὺς
1455 1988 1539 2041 δτι
1590 1988 1692 2041 ούκ

152 2077 384 2146 ἀμϐλύνει
426 2080 493 2148 τῇ
530 2078 816 2149 δυσγενείᾳ
854 2078 961 2132 τῶν
1015 2079 1298 2148 πατέρων,
1331 2080 1366 2151 ἡ
1410 2078 1564 2149 παρά
1612 2077 1692 2148 τῷ

149 2170 250 2240 θεῷ
276 2170 636 2242 εὐδοκίμησις.
678 2172 787 2223 Καὶ
818 2172 875 2222 ὲν
908 2173 973 2240 τῇ
1018 2170 1305 2241 ψαλμῳδίᾳ
1330 2169 1385 2223 δὲ
1416 2168 1586 2239 ταύτῃ
1615 2168 1693 2239 τῷ

149 2260 249 2329 θεῷ
264 2261 353 2330 τῆς
366 2262 470 2313 τῶν
493 2259 706 2331 ἐχθρῶν
733 2261 1106 2331 καθαιρέσεως
1124 2261 1342 2325 ἀναθεὶς
1366 2260 1465 2331 τὴν
1491 2261 1691 2327 αἰτίαν,

149 2350 198 2399 ἐν
228 2342 301 2410 οἷς
326 2365 503 2417 φησιν·
542 2368 562 2400 ι
597 2349 845 2411 Ἐσωσας
866 2350 976 2419 γὰρ
999 2349 1144 2419 ἡμᾶς
1173 2349 1237 2401 ὲκ
1262 2348 1372 2402 τῶν
1406 2348 1695 2402 θλιϐόντων

147 2440 289 2506 ἡμᾶς,
314 2436 548 2501 καὶτοὺς
576 2437 865 2506 μισοῦντας
888 2439 1032 2507 ἡμᾶς
1060 2438 1424 2509 κατῄσχυναςο
1457 2457 1477 2491 ι
1503 2437 1694 2508 μετέρ-

148 2545 279 2597 χεται
296 2531 369 2591 είς
399 2528 494 2599 τὴν
521 2528 618 2582 τοῦ
646 2528 931 2598 ἀγαπητοῦ
950 2528 1111 2601 ᾠδήν.
1142 2530 1234 2583 "lv‘
1265 2531 1314 2582 ut
1342 2530 1601 2601 πρότερον
1630 2531 1695 2582 ὲκ

149 2621 227 2674 τοῦ
251 2621 548 2675 ἁποστάτου
583 2621 898 2691 γενόμενοι,
935 2617 1055 2675 εἶτα
1082 2623 1300 2692 νικηταὶ
1334 2621 1429 2675 τοῦ
1454 2620 1696 2692 πονηροῦ

150 2714 505 2775 καταστάντες,
528 2712 617 2765 διά
650 2712 917 2776 συνέσεως
948 2714 1027 2776 είς
1055 2713 1115 2767 τὸ
1141 2715 1240 2783 τῆς
1262 2714 1419 2784 νίκης
1448 2713 1695 2781 φθάσωσι

150 2802 296 2865 τέλος.
328 2821 347 2854 ι
369 2802 459 2866 Εἰς
478 2804 541 2857 τὸ
559 2804 712 2868 τέλος
746 2823 764 2857 ι
780 2806 893 2877 γὰρ
911 2823 931 2856 ι
954 2806 1033 2868 είς
1065 2803 1275 2858 σύνεσιν
1290 2802 1400 2872 ᾠδὴ
1430 2801 1569 2872 ὑπὲρ
1600 2800 1696 2854 τοῦ

152 2894 433 2964 ἀγαπητοῦ.
464 2912 484 2944 ι
522 2889 665 2966 Ἑνῇ
700 2894 795 2945 καὶ
826 2893 1204 2962 διδασκόμεθα,
1228 2894 1313 2956 τίς
1343 2895 1441 2963 μέν
1470 2894 1616 2948 ἐστιν
1635 2884 1697 2946 οὗ

152 2983 174 3033 ὁ
199 2982 368 3053 θρόνος
389 2983 446 3049 ἐξ
482 2983 656 3036 ἀϊδίου
683 2985 964 3036 ἐπιστατεί
997 2981 1107 3035 τῶν
1140 2983 1329 3037 ὄντων.
1358 2982 1453 3047 Τίς
1475 2983 1531 3036 δὲ
1558 2999 1699 3053 παρ-

154 3073 283 3137 θένος
300 3090 356 3126 νυ
363 3074 742 3144 μφοστολεῖται
754 3074 901 3145 αὐτῷ
915 3074 1050 3144 πρὸς
1068 3073 1391 3144 συμϐίωσιν,
1411 3074 1510 3127 οὐκ
1526 3074 1697 3137 άλλως

154 3166 415 3236 ἀξιουμένη
438 3167 537 3237 τῆς
561 3167 727 3236 τιμῆς
750 3165 976 3238 ταύτης,
1006 3168 1055 3219 εί
1084 3166 1157 3238 μὴ
1181 3165 1274 3219 τοῦ
1298 3166 1502 3236 πατρὸς
1528 3165 1698 3234 αὐτῆς

154 3257 305 3329 λήθην
352 3257 531 3312 λάϐοι.
570 3258 683 3312 Καὶ
710 3257 915 3328 ταύτην
954 3258 1172 3321 ἀναθεὶς
1199 3258 1277 3329 τῷ
1312 3257 1579 3327 ἀγαπητῷ
1600 3257 1699 3326 τὴν

154 3348 294 3419 ᾠδὴν,
316 3348 473 3400 πάλιν
511 3346 780 3401 ἐπινίκιον
808 3347 949 3416 ὑπὲρ
969 3348 1077 3400 τῶν
1116 3348 1245 3402 υίῶν
1266 3348 1410 3419 Κορὲ
1428 3346 1696 3412 διέξεισιν,

154 3440 227 3491 διὰ
244 3440 342 3492 τῶν
383 3439 840 3509 ἀπορρητοτέρων
859 3437 1113 3507 προάγων
1125 3435 1223 3488 τὺν
1236 3436 1412 3504 λόγον.
1437 3456 1457 3489 ι
1488 3436 1658 3507 ’Υπὲρ
1678 3460 1696 3491 ι

156 3530 248 3599 γὰρ
276 3548 294 3581 ι
327 3530 433 3582 τῶν
458 3530 707 3601 κρυφίων
746 3549 764 3581 ι
800 3530 945 3581 ἐστὶν
973 3530 1007 3597 ἡ
1049 3529 1145 3598 τῆς
1171 3528 1489 3599 ψαλμῳδίας
1531 3530 1702 3595 ἐπαγ-

158 3622 308 3686 γελία.
354 3623 441 3676 Ἐν
486 3617 570 3683 οἷς
611 3640 630 3671 ι
666 3616 800 3691 ἦχον
840 3620 1077 3682 ὑδάτων,
1112 3621 1205 3673 καὶ
1248 3622 1458 3691 κίνησιν
1500 3620 1697 3683 ἐθνῶν,

158 3713 239 3765 καὶ
278 3713 533 3782 βασιλέων
574 3713 798 3781 κλῆσιν,
845 3712 941 3763 καὶ
990 3709 1148 3762 σάλον
1194 3710 1296 3779 γῆς
1330 3730 1348 3762 ι
1381 3706 1603 3760 διελθὼν
1625 3708 1702 3778 τῷ

157 3800 299 3874 λόγῳ,
320 3805 412 3857 καὶ
431 3822 450 3855 ι
478 3803 573 3856 τὸν
592 3802 799 3872 Κύριον
824 3800 1005 3869 πάσης
1038 3799 1315 3870 δυνάμεως
1342 3796 1458 3868 μεθ’
1488 3796 1643 3866 ἡμῶν
1678 3816 1698 3849 ›

160 3889 279 3946 εἶναι
306 3893 490 3947 είπών.

215 3987 282 4037 Δι’
312 3979 384 4038 ῶν
411 3984 670 4038 ἁπάντων
701 3981 799 4052 τὴν
840 3981 927 4034 διὰ
958 3987 1158 4051 σαρκὸς
1209 3976 1570 4048 προαγορεύει
1607 3976 1703 4032 τοῦ

159 4075 338 4144 Κυρίου
380 4074 704 4143 ἐμφάνειαν.
752 4072 877 4123 Ὅτι
916 4071 1039 4140 ῆχεῖ
1094 4069 1190 4139 μὲν
1220 4069 1253 4137 ἡ
1301 4067 1497 4135 φύσις,
1541 4083 1706 4137 μετα-

156 4166 308 4219 ϐαίνει
333 4184 390 4219 τε
434 4166 535 4220 καὶ⁵
568 4165 670 4235 ὅρη
698 4163 769 4217 τὰ
806 4162 981 4232 γεώδη
1006 4162 1101 4230 τῆς
1134 4160 1331 4222 κακίας
1361 4161 1703 4229 φρονήματα,

158 4258 363 4326 ἀκίνητα
404 4253 551 4310 εἶναι
598 4254 856 4309 δοκοῦντα
892 4256 1002 4315 τοίς
1040 4252 1209 4305 πάλαι
1252 4251 1346 4303 καὶ
1375 4248 1703 4319 άμετάθετα.

166 4347 284 4401 Ὀδὲ
309 4349 403 4417 τῆς
423 4344 767 4417 εὐφροσύνης
799 4344 1040 4413 ποταμὸς
1101 4342 1383 4413 εὐφραίνει
1429 4340 1521 4394 τοῦ
1569 4340 1704 4393 Θεοῦ

1795 1881 2015 1936 trahunt
2054 1883 2291 1939 victores
2332 1883 2529 1948 reddit,
2582 1884 2879 1940 ostendens
2922 1902 3032 1940 non
3075 1887 3360 1944 obscurari

1794 1973 2133 2042 ignobilitate
2170 1982 2387 2043 patrum
2427 1975 2797 2031 celebritatem
2826 1985 2882 2030 et
2904 1979 3157 2046 gloriam,
3191 1998 3357 2050 quam

1794 2066 1918 2134 quis
1964 2065 2108 2135 apud
2160 2066 2328 2121 Deum
2383 2068 2612 2131 obtinet,
2674 2067 2947 2138 simulque
2992 2071 3093 2124 hoc
3149 2073 3360 2141 psalmo

1794 2165 2197 2228 peremptorum
2227 2160 2465 2213 hostium
2499 2174 2719 2214 causam
2777 2160 2889 2214 Deo
2948 2162 3231 2219 ascribeus
3274 2164 3361 2219 liis

1796 2248 1974 2301 verbis
2008 2266 2019 2299 :
2056 2267 2075 2300 ι
2104 2247 2373 2303 Liberasti
2405 2251 2548 2304 enim
2584 2266 2686 2305 nos
2729 2251 2799 2306 de
2851 2251 3216 2323 aiﬂigentibus
3257 2271 3358 2309 nos

1792 2347 1847 2392 et
1870 2339 2115 2395 odientes
2165 2356 2265 2398 nos
2321 2342 2619 2397 confudisti
2638 2344 2704 2409 ⁷⁸,
2744 2364 2764 2396 ι
2809 2347 3005 2400 transit
3052 2346 3117 2400 ad
3178 2346 3359 2402 dilecti

1795 2431 2096 2493 canticum,
2142 2442 2203 2487 ut
2231 2434 2325 2503 qui
2359 2435 2512 2503 prius
2542 2434 2819 2492 desertore
2877 2444 3028 2506 patre
3084 2441 3359 2509 prognati.

1795 2520 1993 2577 deinde
2043 2523 2279 2579 victores
2332 2524 2509 2579 bostis
2548 2527 2769 2596 maligni
2825 2527 3001 2581 ellecti
3055 2537 3205 2593 sunt,
3263 2546 3362 2600 per

1797 2612 2129 2668 intellectum
2160 2615 2213 2668 in
2239 2614 2400 2669 finem
2424 2617 2666 2670 victoria:
2683 2618 3017 2687 perveniant.
3044 2637 3061 2670 ι
3090 2617 3147 2672 ln
3174 2619 3360 2685 tinem,

1796 2702 1865 2756 ad
1899 2704 2255 2768 intellectum,
2297 2706 2575 2761 canticum
2610 2722 2707 2776 pro
2735 2705 2937 2763 dilecto
2966 2708 3042 2776 ⁸ος
3069 2730 3087 2762 ι
3107 2711 3188 2765 sic
3215 2710 3361 2765 enim

1797 2792 2084 2865 inscriptio
2107 2796 2289 2850 habet.
2330 2798 2447 2863 Quo
2473 2798 2632 2851 docet
2662 2797 2829 2852 etiam
2852 2798 2976 2868 quis
3000 2800 3071 2854 sit
3101 2800 3359 2864 thronus.

1798 2884 1890 2953 qui
1917 2884 1983 2938 ab
2017 2893 2222 2941 aeterno
2255 2888 2420 2942 rebus
2452 2886 2725 2957 praesidet,
2766 2899 2821 2948 et
2851 2889 2920 2947 ad
2944 2904 3064 2959 quia
3105 2892 3258 2960 virgo
3293 2892 3362 2947 ad

1799 2975 2140 3031 consortium
2176 2978 2276 3047 ipsi
2304 2981 2459 3048 quasi
2494 2993 2696 3048 sponsa
2726 2988 3022 3047 quaeratur,
3066 2996 3173 3035 non
3203 2984 3362 3039 aliter

1801 3067 1904 3121 hoc
1933 3068 2137 3123 honore
2188 3068 2351 3140 digna
2381 3070 2487 3126 nisi
2526 3078 2733 3139 patrem
2778 3086 2937 3126 suum
2984 3073 3361 3140 obliviscatur,

1801 3158 2013 3228 hocque
2037 3158 2237 3214 dilecto
2284 3162 2558 3215 canticum
2616 3177 2949 3221 consecratis
2997 3175 3051 3220 et
3080 3167 3363 3231 dedicans.

1804 3265 1997 3306 rursus
2025 3251 2297 3320 epinicion
2332 3254 2488 3317 texit,
2519 3259 2573 3307 et
2596 3254 2913 3323 exsequitur
2930 3271 3028 3325 pro
3051 3256 3175 3312 ﬁliis
3201 3257 3361 3324 Core,

1802 3355 2054 3396 sermone
2087 3358 2184 3412 per
2214 3343 2553 3398 abstrusiora
2591 3344 2841 3398 instituto
2872 3365 2887 3402 :
2914 3356 2997 3402 est
3028 3349 3173 3402 enim
3208 3369 3225 3401 ι
3257 3349 3365 3405 Pro

1802 3434 2063 3488 arcanis:
2108 3434 2303 3504 psalmi
2353 3433 2518 3503 hujus
2569 3443 2950 3504 argumentum
3004 3447 3058 3493 et
3118 3455 3363 3506 summa;

1802 3524 1893 3577 ubi
1930 3544 1948 3574 ι
1980 3540 2172 3579 sonum
2206 3541 2497 3595 aquarum.
2529 3533 2584 3581 et
2610 3526 2973 3581 turbationem
3008 3530 3273 3598 gentium,
3310 3539 3365 3585 et

1800 3632 1989 3684 regum
2060 3620 2399 3673 vocationem
2446 3628 2766 3689 motumque
2821 3630 2978 3674 terra?
3016 3640 3035 3671 ι
3079 3622 3360 3684 describit.

1805 3720 1823 3751 ι
1852 3702 2250 3776 Dominumque
2267 3707 2444 3761 omnis
2467 3707 2687 3762 virtutis
2703 3705 2991 3765 nobiscum
3009 3727 3150 3779 esse,
3174 3736 3192 3766 ι
3217 3730 3368 3769 assc-

1806 3803 1974 3850 verat.

1874 3971 2081 4039 Quibus
2112 3972 2366 4026 omnibus
2421 3970 2630 4025 Domini
2656 3986 2752 4039 per
2793 3985 3015 4026 carnem
3048 3969 3369 4023 mamlesta-

1804 4068 2008 4122 tionem
2058 4064 2320 4135 praadicit,
2344 4065 2562 4134 quando
2606 4072 2803 4118 natura
2846 4061 3066 4132 quidem
3114 4070 3368 4120 resonat;

1805 4166 2088 4213 transeunt
2125 4172 2255 4210 vero
2305 4166 2356 4210 et
2390 4155 2798 4210 transferuntur
2846 4160 3079 4217 montes,
3112 4151 3213 4205 hoc
3265 4159 3370 4213 est.

1806 4258 1980 4304 terrea
2029 4263 2189 4303 sensa
2228 4255 2281 4301 ct
2318 4247 2572 4315 cogitata,
2600 4259 2721 4314 quae
2749 4244 2879 4296 olim
2906 4241 3233 4295 videbantur
3268 4240 3373 4292 ima

1805 4341 2026 4394 mobilia
2054 4348 2109 4394 et
2145 4340 2265 4394 loco
2287 4338 2478 4392 cedere
2525 4338 2728 4392 nescia.
2772 4334 2996 4388 Laetitiae
3069 4341 3246 4385 autem
3280 4330 3375 4386 llu-

158 4438 241 4506 τὴν
258 4438 422 4502 πόλιν,
445 4438 546 4490 καί
571 4436 632 4488 τὸ
657 4435 847 4488 ἑαυτοῦ
865 4436 1127 4506 σκήνωμα
1145 4434 1357 4501 ἁγιάζει
1380 4434 1409 4484 6
1425 4432 1698 4501 "mmoe

1808 4432 1932 4485 vius
1965 4430 2203 4485 laetiﬁcat
2234 4430 2509 4484 civitatem
2546 4426 2637 4481 Dei
2670 4432 2723 4479 et
2752 4423 3162 4479 tabernaculum
3212 4437 3371 4476 suum

158 4530 237 4581 καὶ
264 4530 357 4583 ὅσα
400 4530 498 4599 τῆς
543 4527 860 4590 ἀκολουθίας
900 4526 1080 4597 ἔχεται
1119 4525 1354 4596 ταύτης,
1389 4524 1455 4576 δι’
1482 4517 1557 4576 ὧν
1598 4525 1709 4585 τοῖς

158 4619 419 4689 αἰνίγμασι
433 4619 647 4682 τούτοις
666 4618 1026 4689 προαγορεύει
1050 4619 1078 4669 6
1092 4617 1245 4685 λόγος
1265 4616 1331 4669 τὰ
1346 4614 1570 4685 κρύφια.
1594 4615 1708 4668 Πά-

159 4708 229 4762 λιν
264 4713 345 4780 agn
391 4711 585 4781 ἑτέραν
642 4709 956 4779 μεταϐαίνει
1006 4709 1163 4777 νίκην
1197 4708 1227 4759 6
1248 4708 1430 4774 λόγος,
1534 4706 1712 4760 πάντα

161 4802 410 4872 ἐπικροτεί
450 4803 522 4855 τά
566 4802 693 4871 ἔθνη
735 4802 826 4855 καὶ
880 4800 1272 4867 ὲπαγάλλεται,
1304 4799 1435 4851 διότι
1476 4816 1495 4850 ι
1539 4797 1710 4867 ἀνέϐη

162 4892 183 4942 ὁ
206 4892 324 4955 Θεὸς
352 4896 408 4946 ὲν
434 4890 759 4961 ἀλαλαγμῷ.
795 4910 814 4943 ι
847 4890 1031 4959 Bassi];
1056 4890 1113 4942 δέ
1151 4906 1231 4943 σοι
1259 4889 1476 4951 πάντως
1502 4888 1647 4941 ἐστὶν
1683 4889 1712 4941 6

166 4986 243 5052 τῆς
282 4986 598 5047 ἀναϐάσεως
640 4984 826 5051 λόγος,
866 4981 953 5034 διὰ
984 4982 1081 5051 τῆς
1118 4982 1411 5051 ἑρμηνείας
1442 4980 1535 5033 τοῦ
1565 4979 1713 5033 Παύ-

161 5073 261 5140 λου,
304 5077 359 5140 ὃς
410 5094 597 5147 φησιν,
632 5094 651 5126 ι
690 5076 764 5146 μὴ
804 5069 942 5128 εἶναι
974 5073 1194 5128 δυνατὸν
1224 5073 1512 5142 ἀναϐῆναι,
1544 5074 1591 5124 εἰ
1637 5072 1712 5141 μὴ

163 5165 214 5217 τὸ
249 5166 545 5235 καταϐῆναι
584 5163 1061 5235 προκαθηγήσατο.
1110 5184 1129 5215 ι
1180 5165 1276 5223 Ὃς
1322 5162 1541 5231 ψάλλειν
1576 5165 1713 5231 μετὰ

166 5259 410 5320 συνέσεως
450 5260 659 5318 πάντας
703 5255 1064 5323 ὲγκελεύσας,
1108 5254 1423 5325 μεταϐαίνει
1464 5252 1543 5323 τῷ
1570 5253 1715 5322 λόγῳ

166 5347 282 5415 πρὸς
317 5348 652 5418 ὑψηλοτέραν
694 5347 1021 5400 κατάστασιν
1044 5387 1060 5412 ,
1105 5363 1123 5397 ι
1169 5347 1268 5417 τὴν
1315 5344 1571 5413 δευτέραν
1617 5342 1711 5396 τοῦ

166 5440 418 5494 Σαϐϐάτου
453 5461 472 5493 ι
502 5439 755 5493 ὑπόθεσιν
784 5438 885 5508 τῆς
910 5440 1051 5509 ᾠδῆς
1077 5439 1465 5510 ποιησάμενος.
1486 5434 1634 5506 Αὕτη
1656 5435 1712 5489 δὲ

166 5536 208 5585 εί
237 5533 326 5603 μὲν
362 5532 504 5587 κατὰ
529 5532 628 5603 τὴν
656 5530 877 5603 πρώτην
901 5533 1158 5587 σύστασιν
1183 5532 1459 5604 θεωροίη,
1484 5525 1711 5598 οὐρανοῦ

259 5650 298 5678 ⁷⁷
323 5647 465 5703 Psal.
500 5662 609 5707 xu,
636 5645 690 5699 Ξ.
797 5648 841 5679 ⁷⁸
859 5647 1004 5703 Psal.
1031 5665 1164 5717 XLII,
1188 5647 1242 5715 2,
1272 5647 1326 5709 5,
1384 5647 1433 5699 (5.

166 5720 207 5753 τ’
235 5718 372 5775 Psal.
411 5733 579 5781 nm,
614 5718 663 5770 1.

477 5814 742 5874 Panos.
774 5813 889 5873 Gn.
930 5810 1146 5871 XLIV.

1541 5645 1584 5673 τ’
1613 5641 1758 5696 Psal.
1798 5653 1949 5701 sun,
1995 5636 2027 5690 8
2060 5650 2179 5706 sqq.

1807 4523 2108 4578 sanctiﬁcat
2134 4521 2464 4585 Altissimus,
2498 4526 2552 4572 et
2574 4517 2678 4570 alia
2705 4531 2826 4587 quae
2872 4514 2939 4567 ad
2981 4514 3226 4568 eamdem
3259 4527 3374 4565 ora-

1803 4613 1970 4668 tionis
2000 4612 2193 4666 seriem
2234 4610 2523 4680 pertinent.
2554 4606 2749 4676 quibus
2804 4612 3063 4672 tanquan.
3120 4602 3349 4671 aenigma

1806 4707 1899 4769 tis,
1954 4712 2008 4759 et
2062 4702 2359 4758 involucris
2408 4714 2687 4755 nuﬂlllhua'
2737 4688 3107 4766 praedicuntur
3152 4707 3375 4747 arcana.

1809 4797 2019 4849 Rursus
2041 4794 2108 4848 ad
2134 4794 2291 4847 aliam
2310 4792 2591 4867 victoriam
2612 4805 2733 4846 sese
2765 4786 2998 4849 confert,
3027 4784 3117 4838 cui
3148 4786 3377 4854 applau-

1813 4889 1947 4942 dunt
1969 4901 2159 4941 omnes
2179 4893 2387 4955 gentes,
2418 4891 2472 4938 et
2493 4882 2654 4938 simul
2681 4882 2977 4941 exsultant,
2995 4881 3121 4952 quia
3150 4898 3168 4929 ι
3191 4893 3380 4931 ascen«

1817 4981 1897 5036 dit
1932 4978 2072 5032 Deus
2120 4978 2174 5029 in
2212 4975 2550 5046 jubilatione.
2601 4993 2619 5025 ι
2680 4973 2845 5028 Plana
2878 4988 3040 5042 porro
3072 4972 3171 5027 tibi
3221 4969 3383 5023 fuerit

1819 5067 2157 5124 ascensionis
2192 5065 2393 5120 mentio
2439 5080 2536 5134 per
2574 5064 2749 5134 ipsius
2803 5063 2955 5117 Pauli
2988 5059 3385 5132 interpretatio-

1818 5177 1965 5225 nem,
1996 5159 2088 5230 qui
2122 5159 2254 5213 dicit
2284 5175 2296 5210 :
2330 5177 2347 5209 σ
2384 5157 2501 5213 ﬁeri
2519 5173 2629 5211 non
2662 5172 2839 5225 posse,
2871 5166 2930 5210 ut
2952 5156 3076 5225 quis
3105 5152 3384 5210 ascendat.

1819 5252 1923 5310 nisi
1953 5248 2289 5321 praecesserit
2315 5248 2613 5303 descensus
2635 5248 2696 5300 ⁸¹.
2718 5266 2736 5297 ι
2760 5246 2884 5299 Haac
2905 5260 3028 5299 cum
3047 5246 3117 5299 ab
3134 5243 3387 5299 omnibus

1821 5342 2183 5410 intelligenter
2205 5346 2259 5393 et
2294 5337 2572 5406 sapienter
2632 5335 2909 5389 decantari
2958 5333 3238 5403 iussisset,
3264 5347 3388 5385 ora-

1819 5434 2022 5487 tionem
2048 5431 2113 5485 ad
2151 5428 2523 5486 sublimiorem
2563 5427 2851 5496 quemdam
2902 5435 3101 5479 statum
3129 5423 3387 5487 traducit,

1825 5542 1844 5575 ι
1897 5520 2147 5576 Secunda
2207 5516 2428 5572 Sabbati
2473 5516 2542 5581 δ’,
2596 5532 2616 5566 ι
2652 5529 2751 5584 pro
2810 5523 3130 5585 argumento
3189 5511 3391 5569 cantici

2288 5629 2332 5661 ⁸⁸
2367 5628 2512 5684 Psal.
2560 5642 2704 5692 χειν,
2747 5629 2798 5683 1.
2910 5629 2951 5660 ³¹
2989 5626 3186 5696 Ephes.
3222 5643 3296 5690 iv,
3331 5628 3388 5683 τι.

3038 5795 3112 5854 18
