3838 6224
418 325 525 384 555

1663 321 1717 378 S.
1751 320 2076 380 GBEGORII
2112 322 2402 381 NYSSENI

3561 325 3665 384 556

418 437 730 496 constituta.
754 434 886 502 Quae
913 434 956 490 si
981 433 1048 488 ad
1077 433 1302 504 primam
1335 449 1518 490 rerum
1555 436 1975 505 procreationen‘

2091 453 2148 489 τε
2180 440 2273 490 καὶ
2301 438 2676 510 στερεώματός
2717 441 2831 494 ὲστι
2866 440 3206 512 κατασκευὴ,
3233 442 3328 495 καὶ
3358 440 3469 494 τῶν
3497 444 3661 498 ἐπου-

418 530 704 592 rel'eralur.
742 529 872 582 nihil
894 535 977 582 est
1003 527 1172 587 aliud,
1204 543 1368 596 quam
1401 528 1526 583 caali
1555 535 1610 582 et
1658 528 1985 582 ﬁrmamenti

415 620 648 685 effectio,
681 619 1093 688 coslestiumque
1120 633 1384 688 aquarum
1413 619 1480 674 ab
1518 619 1676 689 aquis
1705 619 1983 675 terrestri-

416 711 518 764 bus
545 709 824 765 discretio.
861 705 956 762 Sin
984 716 1165 763 autem
1200 709 1267 764 ad
1301 708 1652 780 Evangelium
1695 709 1982 780 respicias,

416 815 542 856 vere
569 801 682 870 ipse
705 810 808 866 est,
832 801 922 870 qui
945 802 1142 855 coelum
1165 801 1321 856 nobis
1335 803 1596 858 condidit.
1621 802 1752 857 Nam
1782 806 1982 859 coelum

417 905 448 944 a
479 890 588 946 Deo
634 891 1033 944 ﬁrmamentum
1087 891 1409 959 appellatur.
1443 892 1643 947 Paulus
1677 901 1854 946 autem
1889 910 1986 963 per

417 979 815 1033 ﬁrmamentum
874 978 1008 1032 nihil
1041 979 1187 1033 aliud
1237 996 1398 1048 quam
1431 981 1588 1034 Iidem
1625 982 1676 1034 iu
1705 979 1982 1036 Christum

416 1069 687 1137 intelligit.
745 1069 896 1122 Tunc
928 1069 1072 1123 enim
1133 1071 1288 1124 nobis
1329 1085 1454 1124 vere
1487 1069 1787 1124 secundum
1820 1070 1982 1124 ﬁdem

414 1159 610 1214 caalum
635 1169 874 1212 creatum
899 1167 984 1213 est
1010 1160 1077 1222 ⁸³,
1109 1175 1232 1214 cum
1262 1159 1482 1214 Sabbati
1512 1161 1818 1215 obscuritas
1845 1175 1984 1232 prae-

417 1250 584 1313 teriit,
605 1247 844 1316 illudque
869 1249 1024 1302 ﬁdele
1037 1259 1086 1303 et
1105 1250 1435 1319 acceptabile
1451 1250 1648 1303 accidit
1667 1251 1980 1320 mysterium

413 1341 534 1411 ejus
559 1342 651 1411 qui
684 1340 1102 1410 prredestinatus
1151 1350 1234 1396 est
1276 1340 1448 1396 Filius
1497 1340 1592 1396 Dei
1653 1342 1708 1395 in
1759 1342 1980 1405 virtute,

413 1432 715 1488 secundum
751 1433 998 1502 spiritum
1029 1432 1508 1495 sanctiﬁcationis;
1530 1434 1869 1504 mysterium,
1905 1434 1983 1488 in-

413 1541 598 1596 quam,
623 1524 1039 1580 resurrectionis
1064 1541 1129 1579 ex
1152 1527 1383 1579 mortuis
1402 1523 1613 1578 Domini
1634 1527 1808 1580 nostri
1827 1526 1979 1587 Jesu,

413 1617 506 1686 qui
562 1631 686 1670 vere
719 1623 804 1670 est
834 1631 1060 1685 magnus
1100 1615 1244 1670 Deus
1271 1623 1325 1670 et
1371 1617 1662 1670 laudabilis
1703 1617 1900 1681 nimis;
1927 1626 1982 1671 et

413 1707 633 1771 similia,
671 1722 796 1776 quae
846 1714 962 1760 toto
1020 1707 1252 1762 decursu
1305 1709 1546 1776 psalmus
1599 1709 1690 1762 ille
1717 1709 1976 1762 continet.

2092 527 2286 596 ρανίων
2308 528 2514 582 ὑδάτων
2539 531 2644 582 ἀπὸ
2662 529 2770 583 τῶν
2794 531 3022 599 ἐγγείων
3043 531 3330 600 διάκρισις.
3355 532 3419 584 Εἰ
3441 533 3497 584 δὲ
3526 534 3661 602 πρὸς

2087 617 2148 670 τὸ
2182 618 2512 687 Εὑαγγέλιον
2556 620 2804 690 βλέποις,
2853 621 3067 692 ἀληθῶς
3109 621 3245 693 αὓτη
3295 624 3445 675 ἐστὶν
3480 625 3515 693 ἡ
3571 625 3662 678 τὸν

2087 705 2313 776 οὑρανὸν
2355 709 2484 778 ἡμῖν
2537 711 3012 764 κατασκευάσασα.
3067 711 3122 764 '0
3168 712 3276 782 γὰρ
3321 713 3558 782 οὐρανὸς
3606 715 3664 767 τὺ

2088 800 2374 870 στερέωμα
2415 801 2565 872 παρά
2599 802 2693 854 τοῦ
2733 803 2866 856 Θεοῦ
2895 805 3235 874 ὀνομάζεται.
3284 806 3342 860 '0
3362 808 3421 861 δὲ
3453 808 3666 871 Παῦλος

2086 893 2197 943 νοεῖ
2226 892 2325 961 τὴν
2357 895 2438 956 είς
2482 894 2572 946 τὸν
2603 894 2836 965 Χριστὸν
2878 898 3063 950 πίστιν
3086 899 3146 951 τὸ
3186 900 3496 970 στερέωμα.
3528 903 3664 954 Τότε

2085 979 2195 1050 γὰρ
2235 982 2364 1051 ἡμῖν
2410 982 2578 1046 ὅντως
2607 984 2748 1038 κατὰ
2787 986 2886 1056 τὴν
2928 987 3108 1039 πίστιν
3145 988 3373 1058 οὑρανὸς
3397 990 3666 1059 δημιουρ-

2085 1075 2288 1139 γεῖται,
2316 1073 2404 1126 ὅτε
2434 1075 2708 1145 παρῆλθεν
2733 1078 2766 1147 ἡ
2799 1077 2890 1130 τοῦ
2928 1078 3204 1133 Σαϐϐάτου
3240 1082 3548 1149 κατήφεια·
3571 1083 3667 1135 καὶ

2084 1163 2299 1229 ἐγένετο
2342 1165 2471 1234 ἡμῖν
2518 1167 2704 1219 πιστὸν
2749 1167 2811 1220 τὸ
2876 1171 3169 1240 μυστήριον
3211 1171 3304 1224 τοῦ
3345 1172 3668 1239 ὁρισθέντος

2081 1254 2214 1310 Υίοῦ
2245 1254 2379 1307 Θεοῦ
2419 1257 2478 1308 ὲν
2517 1256 2742 1326 δυνάμει
2787 1259 2928 1311 κατὰ
2971 1260 3186 1330 πνεῦμα
3227 1261 3579 1332 ἁγιωσύνης,
3609 1263 3669 1326 ἐξ

2083 1343 2429 1407 ἀναστάσεως
2456 1345 2660 1415 νεκρῶν
2699 1345 2873 1418 Ἰησοῦ
2898 1347 2990 1401 τοῦ
3017 1350 3218 1418 Κυρίου
3248 1352 3430 1422 ἡμῶν,
3457 1353 3522 1415 ὃς
3547 1356 3668 1405 ἐστι

2083 1433 2160 1504 τῷ
2188 1433 2298 1488 ὄντι
2339 1434 2513 1504 μέγας
2556 1434 2759 1505 Κύριος
2806 1437 2898 1490 καὶ
2936 1439 3145 1502 αἱνετδς
3185 1439 3409 1509 σφόδρα.
3446 1441 3565 1493 Καὶ
3598 1441 3669 1493 τὰ

2082 1522 2182 1574 ὅσα
2229 1521 2368 1576 κατά
2415 1522 2475 1575 τὸ
2534 1524 2822 1578 ἀκόλουθον
2865 1527 2894 1578 6
2935 1527 3150 1596 ψαλμὸς
3189 1530 3456 1599 περιέχει,
3507 1547 3527 1579 ι
3565 1528 3670 1600 τὴν

2083 1613 2232 1666 Θείαν
2259 1612 2410 1666 πόλιν
2434 1613 2679 1684 ἐκείνην,
2725 1635 2744 1666 ›
2780 1617 2848 1687 ἣν
2887 1636 2905 1666 ι
2947 1619 3040 1670 καὶ
3069 1618 3195 1689 ὅρος
3227 1619 3446 1690 εὑριζον
3490 1641 3510 1672 ι
3543 1621 3672 1674 ὀνο-

2087 1705 2274 1775 μάζει,
2321 1707 2415 1758 καὶ
2464 1707 2644 1776 πάσης
2683 1707 2788 1778 γῆς
2820 1709 3163 1780 ἀγαλλίαμα,
3213 1713 3307 1766 καὶ
3354 1713 3497 1766 Σιὼν
3537 1713 3669 1784 ὅρη.

413 1799 729 1869 Cujusmodi
759 1804 886 1852 sunt
920 1815 938 1849 ι
973 1796 1156 1851 divina
1188 1797 1404 1861 civitas,
1448 1818 1467 1850 ›
1501 1813 1662 1868 quam
1693 1807 1746 1853 et
1775 1815 1794 1849 ι
1829 1813 1975 1852 mon-

2095 1798 2209 1880 jEcp‘
2257 1794 2324 1869 ἦς
2373 1798 2606 1868 μάλιστα
2652 1800 2713 1852 τὸ
2761 1801 2976 1855 πάντων
3023 1803 3455 1875 παραδοξότατον
3514 1781 3668 1858 ἐκδι-

410 1898 519 1947 tem
559 1892 696 1947 bene
735 1890 1019 1944 fundatum
1061 1910 1079 1941 ι
1124 1892 1390 1954 nominat,
1433 1900 1486 1946 et
1510 1893 1777 1948 universae
1823 1900 1980 1946 terrae

408 1983 818 2046 exsultationes,
851 1993 905 2037 et
926 1991 1138 2038 montes
1178 1981 1331 2044 Sion,
1361 1983 1429 2038 de
1450 1997 1556 2052 qua
1582 1983 1715 2037 urbe
1747 1983 1980 2038 maxime

411 2075 728 2129 admirabile
760 2073 1020 2144 quiddam
1073 2073 1262 2138 tradit,
1296 2073 1439 2144 quod
1466 2088 1586 2143 quae
1617 2073 1744 2127 olim
1777 2092 1796 2126 ι
1837 2073 1979 2135 latus

410 2167 680 2236 aquilonis
740 2184 757 2216 ι
800 2172 941 2231 erat,
993 2179 1141 2218 nunc
1182 2165 1323 2220 facta
1381 2165 1452 2220 sit
1519 2183 1537 2215 ι
1603 2165 1799 2219 civitas
1834 2164 1978 2236 regis

410 2258 593 2328 magni
635 2276 647 2312 :
687 2277 706 2310 ι
736 2257 988 2327 quodque
1017 2273 1038 2306 ι
1076 2255 1218 2311 Deus
1247 2257 1302 2310 in
1352 2256 1603 2311 domibus
1633 2257 1751 2325 ejus
1775 2271 1979 2327 cogno-

409 2357 595 2402 scatur
641 2365 654 2400 :
693 2365 710 2398 ι
765 2346 1053 2402 manifeste
1099 2363 1195 2416 per
1230 2347 1344 2402 Ιιιεο
1375 2347 1629 2401 Ecclesiae
1653 2348 1979 2403 Christiana:

409 2450 606 2494 statum
635 2447 688 2494 et
709 2439 1027 2509 dignitatem
1059 2438 1375 2508 designans.
1407 2436 1540 2491 Nam
1569 2439 1806 2494 borealis
1848 2455 1977 2509 pars

408 2539 567 2585 terra:
585 2545 652 2584 ex
687 2531 796 2585 illis
818 2537 923 2592 est,
950 2545 1070 2599 qua:
1103 2529 1340 2585 nubibus
1379 2531 1656 2600 perpetuis
1691 2540 1974 2600 urgentur,

407 2629 460 2676 et
494 2619 717 2691 frigore,
750 2627 804 2675 et
833 2621 974 2691 gelu,
1006 2623 1123 2677 sine
1139 2621 1448 2690 splendore,
1472 2637 1776 2691 expersque
1797 2623 1979 2677 radio-

407 2727 528 2766 rum
551 2713 816 2768 solarium
844 2733 856 2768 :
887 2715 958 2769 ob
981 2713 1036 2767 id
1067 2715 1382 2769 adversaria
1436 2715 1526 2768 illa
1558 2724 1800 2784 potestas
1829 2718 1979 2786 aqui-

409 2803 548 2858 lonis
575 2805 792 2859 nomine
816 2803 1129 2860 denotatur.
1165 2803 1337 2875 Igitur
1373 2821 1494 2874 quae
1515 2806 1643 2859 olim
1674 2807 1741 2859 ad
1768 2809 1978 2877 aquilo-

405 2908 528 2946 nem
575 2894 872 2963 vergebat;
925 2895 1056 2960 imo,
1085 2910 1206 2966 qua:
1258 2897 1432 2966 ipsius
1472 2897 1613 2951 latus
1666 2905 1802 2962 erat,
1861 2899 1976 2953 haac

409 2985 670 3038 translata
714 3000 744 3038 a
801 2986 1142 3042 tenebricosa
1178 2999 1230 3041 et
1257 2988 1433 3057 algida
1483 2989 1610 3049 vita,
1661 2989 1854 3044 civitas
1883 2990 1976 3045 Dei

407 3076 500 3141 ﬁt,
544 3083 598 3130 et
653 3077 793 3147 regis
844 3076 1144 3141 habitatio,
1201 3078 1358 3147 cujus
1411 3079 1465 3132 in
1520 3079 1772 3134 domibus
1834 3081 1976 3136 Deus

407 3168 780 3237 cognoscitur.
860 3169 1057 3240 Βάρεις
1120 3179 1280 3224 vocat
1359 3171 1554 3225 mdium
1633 3173 1977 3228 circumscri-

409 3261 671 3330 ptionem,
699 3273 752 3316 ct
781 3261 948 3317 situm
997 3261 1172 3316 forma
1221 3270 1277 3316 et
1325 3263 1507 3332 specie
1555 3265 1974 3334 quadrangula:

408 3349 608 3420 quibus
638 3359 895 3421 tanquam
926 3353 1222 3408 involucris
1243 3353 1565 3422 quibusdam
1621 3355 1864 3409 insinuat
1897 3355 1980 3409 ﬁr-

406 3458 525 3497 mas
553 3450 608 3496 et
637 3445 881 3499 excelsas
911 3445 1169 3498 virtutum
1203 3452 1382 3500 turres
1403 3454 1455 3500 et
1475 3447 1825 3511 munitiones,
1859 3463 1980 3517 quae

407 3531 461 3585 in
492 3542 803 3586 sanctorum
846 3533 1120 3587 mentibus
1154 3533 1597 3602 conspiciuntur;
1635 3536 1792 3604 quasi
1849 3539 1978 3591 solis

405 3622 557 3677 hisee
588 3624 804 3678 vivendi
835 3626 1124 3694 generibus
1156 3624 1298 3680 Deus
1326 3636 1708 3695 cognoscatur:
1752 3625 1976 3696 Reliqua

407 3729 528 3782 quae
558 3725 861 3784 sequuntur
892 3731 1015 3770 cum
1070 3717 1343 3786 praedictis
1371 3725 1681 3772 consonant
1710 3736 1724 3773 :
1755 3734 1975 3789 congre-

404 3806 512 3875 gati
555 3822 788 3877 namque
832 3815 961 3862 sunt
1007 3809 1063 3862 in
1095 3810 1212 3878 ipsa
1256 3824 1408 3879 reges
1437 3817 1595 3863 terra:
1644 3825 1794 3864 :non
1831 3811 1975 3864 enim

405 3910 712 3960 servorum,
781 3898 877 3951 sed
923 3912 1110 3966 regum
1175 3905 1478 3952 conventus
1517 3897 1791 3952 civitatem
1825 3897 1974 3951 illam

404 3987 636 4050 habitat,
673 4007 691 4038 ι
728 3988 843 4057 qui,
889 4007 907 4040 ι
958 3989 1156 4058 inquit,
1217 4007 1236 4039 ι
1277 3989 1522 4044 videntes
1578 3991 1690 4043 haac
1725 3989 1978 4042 admirati

405 4087 552 4134 sunt.
607 4098 624 4129 ι
663 4079 1009 4149 Causamque
1057 4079 1434 4154 admirationis
1481 4079 1648 4133 addit.
1693 4077 1828 4132 Nam
1884 4079 1977 4147 qui

403 4172 556 4239 prius
610 4171 880 4224 civitatem
941 4171 1082 4224 hanc
1113 4170 1332 4240 indigne
1379 4171 1708 4236 incolebant,
1757 4172 1976 4241 quando

405 4270 528 4317 erat
566 4263 706 4318 latus
743 4263 1036 4332 aquilonis,
1096 4263 1173 4316 illi
1206 4283 1224 4314 ‹
1259 4263 1587 4324 conturbati,
1621 4271 1675 4317 et
1716 4263 1975 4318 commoti

405 4359 553 4417 sunt,
604 4361 658 4408 et
705 4361 908 4407 tremor
968 4354 1323 4423 apprehendit
1378 4367 1492 4407 eos.
1551 4373 1568 4404 ν
1605 4353 1714 4408 Nec
1773 4362 1976 4407 tremor

404 4453 634 4508 tantum,
661 4443 754 4498 sed
779 4452 832 4497 et
856 4444 1114 4499 molestiae
1141 4443 1343 4498 similes
1366 4443 1641 4497 doloribus
1671 4444 1976 4512 parturien-

403 4534 559 4588 tium.
593 4533 723 4598 Quae
767 4535 947 4588 omnia
1014 4535 1275 4588 adversus
1326 4534 1460 4588 istos
1501 4535 1747 4588 evenisse
1778 4533 1912 4588 dicit
1941 4549 1972 4587 a

405 4625 600 4694 spiritu
655 4626 957 4680 vehementi
1009 4627 1100 4696 qui
1138 4625 1396 4694 lugitivas
1434 4641 1599 4680 naves
1654 4624 1967 4695 confringit,

406 4733 525 4783 quae
553 4717 800 4786 improbo
835 4717 968 4772 mari
1000 4717 1161 4785 .iujus
1190 4717 1312 4770 vitm
1338 4716 1601 4770 innatant.
1633 4733 1651 4767 ι
1689 4717 1746 4769 In
1777 4715 1976 4785 spiritu

403 4805 706 4860 vehementi
721 4804 1398 4861 conteresnavesTharsis.
1413 4823 1431 4855 ›
1451 4803 1619 4858 Porro
1643 4804 1733 4858 cui
1755 4805 1900 4874 quod
1919 4804 1972 4858 iu

406 4897 778 4966 apostolorum
817 4897 966 4950 Actis
1002 4897 1273 4965 proditum
1297 4907 1399 4953 est.
1434 4897 1694 4950 memoria
1729 4912 1838 4949 non
1871 4911 1970 4950 ex-

403 4987 554 5047 cidit,
617 4987 706 5043 ille
735 5004 845 5041 non
878 4988 1091 5056 ignorat
1121 4989 1368 5056 spiritum
1402 4988 1549 5040 illum
1574 4987 1969 5049 vehementem,

404 5079 497 5146 qui
563 5077 843 5146 discipulis
906 5079 960 5132 in
1011 5079 1292 5132 cmnaculo
1343 5079 1684 5148 congregatis
1723 5078 1972 5146 cognitus

403 5178 489 5222 est
521 5167 568 5198 “
628 5187 640 5221 :
677 5169 879 5238 quique
907 5170 1243 5238 prophetiam
1291 5165 1443 5222 Jona:
1495 5177 1700 5223 attente
1748 5169 1898 5238 legit,
1927 5170 1972 5224 is

407 5261 690 5332 perspicue
712 5263 1050 5330 exploratum
1075 5261 1255 5325 habet,
1291 5275 1415 5314 eum
1441 5261 1531 5330 qui
1559 5274 1588 5312 a
1621 5258 1728 5312 Deo
1763 5259 1968 5325 deﬁcit,

402 5367 650 5423 quaerere
694 5368 884 5406 navem
926 5353 980 5405 in
1010 5351 1236 5408 Tharsis
1278 5359 1492 5406 euntem
1525 5351 1591 5403 ".
1618 5349 1822 5404 Deinde
1853 5365 1970 5404 ser-

402 5459 564 5497 mone
590 5445 746 5512 quasi
780 5445 832 5497 in
859 5444 994 5500 duas
1025 5460 1285 5514 personas
1335 5443 1648 5506 distributo,
1692 5443 1745 5496 in
1774 5444 1972 5511 priori-

403 5532 506 5588 bus
533 5532 749 5602 quidem
791 5549 1076 5604 personam
1125 5545 1176 5589 et
1209 5535 1451 5589 habitum
1480 5532 1599 5603 ejus
1643 5533 1838 5596 induit,
1878 5533 1970 5602 qui

467 5710 518 5746 ⁸³
542 5711 734 5767 Geues.
763 5730 799 5779 ι,
835 5713 886 5767 8.
965 5714 1008 5742 δ”
1045 5714 1162 5766 Act.
1196 5729 1253 5777 ιι,
1282 5713 1332 5764 ‘2.
1411 5711 1454 5742 ⁸⁵
1493 5709 1614 5763 Jou.
1665 5724 1702 5774 ι,
1726 5707 1758 5761 5
1788 5721 1914 5776 sqq.

2005 3131 2045 3186 C

2080 1892 2312 1960 ηγεῖται,
2345 1891 2426 1944 ὅτι
2449 1894 2482 1962 ἡ
2519 1893 2648 1945 ποτὲ
2675 1888 2807 1946 οὖσα
2835 1911 2854 1943 ε
2894 1894 3100 1966 πλευρά
3141 1895 3234 1948 τοῦ
3260 1896 3466 1967 βορρᾶ,
3506 1917 3526 1948 ι
3567 1898 3667 1950 νῦν

2080 1981 2272 2049 γέγονε
2317 2001 2336 2034 ‹
2390 1982 2544 2046 πόλις
2593 1983 2687 2036 τοῦ
2740 1984 3002 2054 βασιλέως
3033 1987 3127 2040 τοῦ
3178 1989 3439 2058 μεγάλου.
3486 2009 3507 2040 ι
3554 1991 3670 2043 Καὶ

2085 2093 2103 2124 ι
2137 2075 2165 2126 6
2192 2073 2324 2138 Θεὸς
2355 2071 2572 2138 ἐν’ταῖς
2613 2076 2832 2147 βάρεσιν
2875 2079 3046 2149 αὐτῆς
3090 2079 3452 2146 γινώσκεται·
3505 2100 3525 2132 ι
3567 2100 3667 2135 σα-

2079 2165 2192 2234 φῶς
2239 2166 2327 2219 διὰ
2375 2167 2579 2222 τούτων
2634 2169 2696 2221 τὺ
2754 2169 2895 2222 κατά
2932 2169 3030 2240 τὴν
3092 2171 3418 2242 Ἐκκλησίαν
3471 2172 3666 2241 θαῦμα

2081 2257 2301 2328 μηνύων
2360 2257 2436 2328 τῷ
2480 2259 2641 2329 λόγῳ.
2707 2260 2780 2312 Τὸ
2813 2260 2922 2332 γὰρ
2968 2262 3174 2333 βόρειον
3225 2263 3396 2334 κλίμα
3432 2265 3538 2334 τῆς
3559 2268 3666 2336 γῆς

2075 2347 2184 2400 τῶν
2232 2349 2708 2418 κατεσκιασμένων
2750 2367 2809 2402 τε
2858 2353 2952 2404 καὶ
3003 2353 3433 2424 κατεψυγμένων
3485 2358 3660 2422 ἐστὶν,

2077 2439 2327 2510 ἀλαμπὲς
2365 2441 2452 2493 ἀεὶ
2484 2441 2663 2510 μένον,
2709 2445 2803 2495 καὶ
2841 2444 2947 2495 τῶν
2984 2446 3225 2514 ἡλιακῶν
3246 2448 3484 2501 ἀκτίνων
3518 2451 3657 2517 ἀμέρ

2075 2547 2251 2600 τοχον.
2298 2526 2372 2585 Οὖ
2439 2533 2627 2604 χάριν,
2674 2537 2706 2605 ἠ
2770 2536 3113 2608 ἀντικειμένη
3165 2539 3395 2610 δύναμις
3450 2543 3508 2594 ὲν
3572 2544 3651 2611 τῷ

2075 2621 2296 2691 ὀνόματι
2335 2621 2429 2675 τοῦ
2475 2623 2684 2693 βορείου
2729 2625 3161 2697 διασημαίνεται.
3205 2630 3270 2682 Ἦ
3305 2632 3485 2684 τοίνυν
3513 2634 3655 2686 ένοι-

2076 2709 2247 2765 κοῦσά
2272 2728 2399 2764 ποτε
2437 2712 2514 2783 τῷ
2560 2713 2733 2785 βορρᾷ
2775 2717 2868 2768 καὶ
2893 2713 3026 2769 οὖσα
3054 2719 3217 2772 αὑτοῦ
3251 2720 3483 2792 πλευρὰ,
3516 2723 3652 2792 αῦτη

2079 2805 2493 2874 μεταταξαμένη
2526 2805 2634 2858 ἀπὸ
2665 2806 2759 2859 τοῦ
2804 2809 3073 2861 σκοτεινοῦ
3101 2827 3158 2862 τε
3183 2812 3275 2864 καὶ
3303 2814 3654 2884 κατεψυγμέ-

2075 2911 2166 2947 νου
2196 2895 2334 2964 βίου,
2365 2895 2498 2948 Θεοῦ
2543 2896 2695 2960 πόλις
2744 2899 2973 2966 γίνεται,
3019 2903 3111 2954 καὶ
3146 2901 3427 2972 βασιλείας
3455 2906 3654 2959 ἐνδιαί-

2076 3003 2247 3056 τημα.
2279 2981 2386 3050 Ἦς
2412 2988 2469 3040 ὲν
2494 2991 2614 3051 ταῖς
2641 2988 2859 3059 βάρεσιν
2877 2991 2906 3042 6
2931 2992 3062 3055 Θεὸς
3089 2993 3438 3061 γινώσκεται.
3461 2997 3656 3068 Βάρεις

2078 3078 2132 3130 δὲ
2164 3078 2330 3146 λέγει,
2361 3079 2460 3140 τὰς
2488 3079 2597 3133 τῶν
2625 3082 3064 3153 οἰκοδομημάτων
3109 3087 3459 3155 περιγραφάς
3484 3090 3541 3140 ὲν
3565 3107 3654 3142 τε·

2078 3166 2341 3238 τραγώνῳ
2375 3168 2453 3238 τῷ
2479 3171 2735 3239 σχήματι,
2754 3169 2818 3222 δι’
2842 3163 2916 3223 ὧν
2939 3170 3036 3234 τὰς
3060 3171 3298 3242 ἑδραίας,
3316 3174 3409 3226 καὶ
3444 3175 3654 3245 ὑψηλὰς

2078 3257 2184 3310 τῶν
2225 3258 2432 3328 ἀρετῶν
2487 3263 2864 3331 πυργοποιῖας,
2887 3261 2985 3325 τὰς
3033 3264 3090 3315 ὲν
3126 3267 3246 3326 ταῖς
3296 3265 3497 3335 ψυχαῖς
3545 3269 3653 3320 τῶν

2077 3350 2248 3417 ἁγίων
2306 3351 2704 3422 θεωρουμένας,
2742 3353 3041 3425 παραδηλοῖ
3069 3355 3136 3406 δι’
3186 3356 3506 3426 αἰνίγματος
3533 3399 3547 3420 ,
3579 3360 3655 3422 ὡς

2081 3441 2260 3510 μόνοις
2283 3445 2395 3505 τοῖς
2422 3444 2680 3506 τοιούτοις
2714 3444 2847 3513 βίοις
2890 3445 2984 3498 τοῦ
3022 3446 3158 3499 Θεοῦ
3207 3450 3616 3520 γινωσκομένου
3639 3471 3650 3480 ·

2078 3531 2171 3583 καὶ
2201 3530 2268 3583 τὰ
2316 3531 2511 3602 ἐφεξῆς
2540 3534 2748 3602 συνῳδά
2789 3538 2902 3598 τοῖς
2940 3537 3459 3606 προαποδεδομένοις
3483 3541 3651 3592 ἐστίν.

2079 3621 2426 3691 Συνήχθησαν
2456 3623 2563 3694 γὰρ
2583 3626 2640 3678 ὲν
2655 3625 2826 3699 ταύτῃ
2855 3628 2905 3679 oi
2931 3627 3169 3696 βασιλεῖς
3186 3630 3272 3680 ·οὑ
3299 3629 3410 3700 γὰρ
3436 3629 3656 3682 δουλευο

2078 3709 2263 3774 όντων,
2291 3713 2424 3766 ἀλλὰ
2445 3714 2828 3783 βασιλευόντων
2851 3718 3120 3789 συνδρομὴ
3141 3720 3237 3790 τὴν
3261 3720 3410 3773 Θείαν
3436 3722 3657 3791 ἐκείνην

2081 3802 2371 3867 συνοικίζει
2406 3805 2579 3860 πόλιν.
2621 3825 2639 3856 ι
2689 3807 2893 3870 Οἵτινες
2915 3848 2930 3871 ,
2961 3825 2979 3858 ι
3020 3808 3207 3878 φησὶν,
3237 3829 3254 3859 ι
3294 3809 3494 3874 ἰδόντες
3515 3853 3529 3872 ,
3563 3812 3655 3864 οῦ-

2077 3908 2184 3955 τως
2223 3892 2725 3964 ἐθαύμασανδΚαὶ
2746 3893 3044 3966 πὴναίτίαν
3079 3897 3346 3968 διηγεῖται
3377 3901 3468 3953 τοῦ
3520 3902 3655 3954 θαύ-

2082 4001 2267 4054 ματος,
2305 3985 2491 4055 ἐπειδὴ
2522 3986 2570 4037 οἱ
2603 3986 2861 4057 πρότερον
2882 3988 3258 4052 κατοικοῦντες
3298 3991 3534 4055 ἀναξίως
3556 3993 3655 4063 τὴν

2079 4077 2228 4128 πόλιν
2257 4077 2581 4147 ταύτην,ὄτε
2607 4071 2675 4147 ἦν
2709 4076 2914 4147 πλευρά
2932 4077 3026 4130 τοῦ
3055 4079 3247 4149 βορρᾶ.
3284 4099 3301 4130 ι
3341 4083 3655 4153 ἐταράχθης

2080 4184 2198 4229 σαν,
2218 4168 2311 4220 καὶ
2345 4167 2730 4239 ὲσαλεύθησαν,
2745 4169 2837 4221 καὶ
2875 4169 3074 4240 τρόμος
3100 4171 3394 4225 ἐπελάϐετο
3412 4175 3612 4228 αὑτῶν.
3631 4197 3650 4226 ι

2077 4259 2186 4310 Καὶ
2218 4260 2277 4312 οὑ
2330 4259 2488 4329 μόνον
2524 4259 2762 4330 τρόμος,
2795 4259 2928 4312 ἀλλά
2975 4262 3071 4314 καὶ
3123 4261 3272 4314 πόνοι
3325 4264 3652 4334 μιμούμενοι

2077 4349 2269 4410 ὠδῖνας
2313 4349 2618 4418 τικτούσης.
2672 4352 2852 4421 Ἀπερ
2879 4351 3054 4403 πάντα
3090 4354 3220 4420 φησὶ
3258 4354 3398 4406 κατά
3447 4357 3654 4408 τούτων

2009 4464 2051 4517 D
2079 4439 2405 4508 γεγενῆσθαι
2443 4440 2548 4492 ὑπὸ
2577 4439 2670 4493 τοῦ
2708 4441 2880 4511 βιαίου
2913 4443 3241 4512 πνεύματος,
3266 4444 3360 4497 τοῦ
3391 4446 3458 4499 τὰ
3491 4447 3652 4499 πλοῖα

2076 4531 2176 4599 τῆς
2208 4531 2538 4593 ἀποστασίας
2580 4532 2972 4603 συντρίϐοντος,
3001 4534 3066 4586 τὰ
3088 4534 3270 4596 κακῶς
3308 4539 3373 4605 τῇ
3407 4535 3654 4609 θαλάσσῃ

2077 4624 2170 4676 τοῦ
2213 4623 2326 4692 βίου
2361 4623 2771 4687 ἐπιπολάζοντα.
2796 4643 2814 4675 ι
2838 4625 2924 4677 Ἐν
2954 4626 3222 4695 πνεύματι
3252 4644 3270 4676 ι
3302 4627 3431 4698 γὰρ,
3461 4630 3651 4698 φησιν,

2085 4733 2104 4765 ι
2154 4713 2310 4784 βιαίῳ
2342 4714 2654 4785 συντρίψεις
2690 4718 2847 4768 πλοῖα
2892 4715 3142 4788 Θαρσεῖς.
3186 4737 3204 4770 ι
3245 4720 3304 4772 Ὀ
3327 4719 3384 4772 δὲ
3421 4720 3522 4788 τῆς
3544 4722 3654 4775 τῶν

2079 4806 2337 4874 Πράξεων
2372 4807 2607 4876 ἱστορίας
2635 4805 2731 4878 τὴν
2764 4809 2980 4880 μνήμην
3009 4809 3164 4878 ἔχων,
3183 4811 3281 4862 οὑκ
3324 4812 3511 4878 ἀγνοεί
3554 4813 3654 4882 τὴν

2083 4896 2263 4967 βιαίαν
2302 4897 2466 4968 πνοὴν
2491 4898 2590 4968 τὴν
2621 4899 2679 4951 ὲν
2707 4899 2784 4968 τῷ
2815 4899 3046 4969 ὑπερῴῳ
3073 4903 3184 4962 τοῖς
3216 4899 3480 4969 μαθηταῖς
3509 4918 3655 4968 γνωο

2081 4991 2372 5061 ρισθεῖσαν.
2414 4991 2522 5042 Καὶ
2549 4993 2578 5042 6
2601 4993 2667 5061 τῇ
2697 4991 3002 5060 προφητείᾳ
3035 4989 3128 5043 τοῦ
3163 4991 3315 5043 Ἰωνᾶ
3339 5008 3649 5062 προσεσχη-

2075 5081 2206 5145 κὼς,
2243 5082 2498 5149 γινώσκει
2532 5082 2765 5144 πάντως,
2799 5083 2878 5134 ὃτι
2910 5083 2939 5134 6
2967 5081 3059 5134 τοῦ
3093 5081 3229 5133 Θεοῦ
3273 5083 3518 5145 ἀποστὰς
3550 5083 3649 5154 ζη-

2074 5177 2158 5226 τεῖ
2179 5173 2356 5227 πλοῖον
2379 5174 2439 5226 τὸ
2469 5174 2560 5226 ἐπὶ
2588 5174 2819 5244 Θαρσεῖς
2849 5173 3275 5244 ναυτιλλόμενον.
3302 5169 3434 5226 Εἶτα
3458 5173 3653 5246 ὥσπερ

2075 5266 2166 5319 δύο
2220 5266 2525 5336 προσώποις
2577 5265 2948 5335 ὲπιμερισθεὶς
2997 5267 3024 5317 6
3057 5265 3231 5333 λόγος,
3258 5267 3315 5317 ὲν
3381 5267 3478 5335 μὲν
3536 5270 3653 5330 τοῖς

2079 5352 2438 5424 προλαϐοῦσιν
2460 5355 2520 5407 τὸ
2551 5352 2643 5407 τοῦ
2677 5353 3132 5424 προαγορεύοντος
3161 5353 3450 5406 ὑποδύεται
3479 5355 3655 5424 πρόσ-

2079 5459 2262 5507 ωπον,
2303 5446 2359 5496 ὲν
2396 5443 2450 5494 δὲ
2501 5447 2612 5506 τοῖς
2659 5442 2890 5511 ἑφεξῆς,
2933 5442 3032 5504 τὰς
3077 5439 3185 5491 τῶν
3232 5439 3653 5508 ὑποδεξαμένων

2078 5533 2168 5586 τὸν
2197 5533 2351 5602 λόγον
2376 5536 2556 5602 φωνὰς
2587 5532 2954 5603 ὑποκρίνεται.
2998 5533 3160 5601 Λέγει
3190 5531 3296 5602 γὰρ
3331 5531 3656 5603 συντιθέμεο
