3838 6224
83 392 165 445 5ὲῖ

1453 402 1518 456 IN
1558 400 1889 458 PSALMOS.

3194 406 3296 462 558

79 526 155 572 νος
182 511 240 579 τῇ
276 509 496 582 ἀληθείᾳ
541 511 646 565 τῶν
683 518 1121 586 προηγουμένων,
1149 518 1346 572 ὡσανεὶ
1389 521 1518 589 παρ’
1541 519 1613 572 ἄλ-

1737 519 1980 573 oratione
2028 518 2240 589 aliquos
2298 527 2555 590 tanquam
2601 520 2711 574 dux
2770 522 3068 582 antecedit;
3105 531 3295 592 postea

80 597 156 652 λου
177 599 309 662 τινὸς
331 601 398 654 τὰ
435 603 696 672 εἰρημένα
731 605 936 674 μαθὼν,
963 607 1065 669 ὅτι,
1093 626 1111 658 t
1154 608 1419 678 Καθάπερ
1454 609 1619 678 ἡκού-

82 707 265 759 σαμεν,
293 693 462 757 οὕτως
521 696 614 747 καὶ
665 695 865 767 ἴδομεν.
929 697 1015 749 Ἐν
1065 698 1218 751 πόλει
1260 699 1465 769 Κυρίου
1511 698 1619 751 τῶν

77 782 347 851 δυνάμεων,
387 786 445 837 ὲν
478 786 627 838 πόλει
653 788 745 840 τοῦ
775 788 908 840 Θεοῦ
935 789 1111 858 ἡμῶν.
1151 809 1169 841 ι
1201 789 1293 842 Διὸ
1325 790 1416 842 καὶ
1445 807 1620 860 παρα-

81 875 435 946 κελενομένους
482 879 729 950 ἀλλήλοις
768 881 1024 952 ἐποίησεν
1064 884 1190 945 τοὺς
1219 885 1276 936 ἐν
1304 883 1462 953 ἡδονῇ
1495 883 1620 935 θεα-

83 965 336 1032 σαμένους,
364 967 399 1020 ἃ
429 970 765 1042 ἠκούσαμεν.
843 971 907 1025 Ἦ
937 972 992 1026 δὲ
1023 969 1620 1043 παρακέλευσιςῆν,τὸ,

87 1080 101 1108 ι
133 1058 441 1113 Κυκλὼσατε
467 1058 606 1111 Σιὼν
645 1061 740 1112 καὶ⁴
762 1059 1085 1132 περιλάϐετε
1116 1059 1311 1130 αὑτήν,
1346 1064 1619 1132 Διηγήσα-

85 1145 159 1196 σθε
181 1149 232 1196 ἐν
253 1149 358 1208 τοῖς
388 1146 618 1215 πύργοις
643 1149 833 1218 αὐτῆς.
867 1149 1032 1202 Θέσθε
1078 1149 1178 1213 τὰς
1212 1151 1436 1222 καρδίας
1463 1153 1616 1222 ὑμῶν

85 1239 146 1298 εἰς
185 1238 270 1305 τὴν
292 1236 512 1308 δύναμιν
541 1240 730 1310 αὐτῆς,
763 1241 856 1293 καὶ
899 1241 1274 1295 καταδιὲλεσθε
1306 1243 1404 1306 τὰς
1431 1244 1617 1314 βάρεις

83 1327 222 1395 αὒτῆς
247 1344 259 1356 ·
295 1346 312 1377 ι
348 1329 438 1380 καὶ
473 1330 574 1382 ὅσα
620 1331 761 1384 κατὰ
791 1331 849 1383 τὸ
875 1332 1163 1388 ἀκόλουθον
1213 1337 1454 1406 περιέχει
1484 1339 1511 1391 ὁ
1537 1338 1618 1390 λό-

141 1690 277 1742 Μετὰ
323 1690 474 1745 τοῦτο
520 1693 579 1746 δὲ
624 1695 690 1747 δι’
724 1696 1014 1751 ἀκολούθου
1051 1700 1130 1762 είς
1172 1701 1351 1754 πᾶσαν
1386 1700 1484 1771 τὴν
1511 1705 1613 1773 γῆν

83 1777 295 1850 timeam;
326 1780 414 1832 τοῦ
453 1782 614 1850 λόγου
645 1785 705 1836 τὸ
745 1787 1024 1856 κήρυγμα,
1064 1789 1157 1841 καὶ
1192 1789 1381 1860 ὥσπερ
1409 1786 1477 1861 ἦν
1509 1792 1614 1864 πρὸ

84 1873 162 1939 τῆς
207 1872 496 1941 συγχύσεως
533 1877 640 1928 τῶν
686 1876 946 1945 γλωσσῶν
997 1879 1172 1949 χεῖλος
1215 1881 1272 1934 ἒν
1326 1883 1490 1937 πᾶσιν
1524 1887 1617 1938 κα)⁵
1650 1851 1690 1905 Β

87 1961 164 2026 μία
191 1965 323 2035 φωνή
362 1980 376 1994 °
402 1964 547 2019 οὓτω
580 1968 672 2020 καὶ
702 1968 796 2020 νῦν
846 1971 1024 2024 πάντα
1058 1972 1126 2024 τὰ
1159 1971 1284 2044 ἔθνη
1309 2013 1324 2037 ,
1358 1977 1451 2028 καὶ
1480 1979 1512 2047 ἡ
1543 1979 1619 2030 οί-

85 2053 284 2123 κουμένη
327 2056 470 2108 πᾶσα
519 2059 618 2109 καὶ
665 2059 866 2123 πάντες
911 2061 1184 2134 ἄνθρωποι
1231 2067 1330 2136 μία
1379 2069 1618 2136 γίνονται

83 2145 212 2217 ἀκοὴ,
245 2148 330 2200 καὶ
377 2151 575 2218 καρδία
610 2151 743 2219 μία,
778 2152 895 2215 ἐνὸς
944 2157 1055 2217 τοῖς
1095 2157 1257 2209 πᾶσιν
1300 2159 1619 2230 ἐνηχοῦντος

88 2236 162 2288 τοῦ
187 2237 345 2306 λόγου.
376 2240 563 2292 Πείσαν
597 2242 703 2312 γὰρ
747 2242 886 2296 κατὰ
910 2245 1106 2298 ταύτὸν
1137 2246 1234 2317 τὴν
1273 2249 1618 2322 ἀνθρωπίνην

85 2329 216 2395 φύσιν
242 2332 601 2402 ἐκκλησιάσας
618 2365 650 2399 ,ο
668 2336 764 2388 καὶ
804 2335 1027 2408 θέατρον
1056 2338 1114 2392 ἓν
1144 2340 1234 2393 τὸν
1263 2342 1465 2414 κόσμον
1499 2345 1618 2399 ὅλον

85 2419 230 2488 ἑαυτῷ
255 2424 604 2491 περιστήσας,
631 2427 781 2494 κοινῇ
815 2429 926 2489 τοῖς
953 2429 1118 2481 πᾶσιν
1141 2430 1315 2502 ἐμϐοᾷ
1330 2432 1420 2488 τὸν
1437 2434 1613 2504 λόγον·

90 2511 428 2579 «Ἀκούσατε,
467 2514 678 2582 λέγων,
727 2517 905 2570 πάντα
950 2520 1018 2572 τὰ
1068 2520 1217 2591 ἔθνη,
1266 2525 1614 2593 ἐνωτίσασθε,

87 2603 249 2666 πάντες
279 2606 323 2656 οἱ
357 2608 734 2671 κατοικοῦντες
765 2609 863 2679 τὴν
900 2612 1240 2684 οίκουμένην.
1274 2618 1341 2669 Οἵ
1363 2634 1421 2670 τε
1451 2636 1618 2689 γηγε-

86 2695 170 2753 νεῖς
204 2695 286 2745 καὶ
319 2696 420 2748 υἱοὶ
458 2697 569 2750 τῶν
617 2698 952 2770 ἀνθρώπων·
1002 2703 1095 2755 καὶ
1145 2706 1388 2761 πλουτῶν
1438 2726 1520 2772 τις
1559 2713 1617 2764 ὲν

87 2785 204 2852 ἡμῖν,
235 2784 329 2837 κᾶν
355 2788 645 2858 πενόμενος
668 2789 824 2862 τύχῃ.
855 2811 872 2842 ι
915 2793 1148 2858 Ταύταις
1179 2797 1286 2868 γὰρ
1314 2801 1434 2862 ταῖς
1469 2804 1616 2873 τρισὶ

91 2873 325 2941 συζυγίαις
371 2879 545 2930 πᾶσαν
574 2880 807 2946 γενικῶς
848 2882 1201 2953 διαλαμϐάνει
1228 2887 1325 2958 τὴν
1355 2891 1496 2945 κατὰ
1524 2892 1617 2946 τὸν

92 2960 177 3027 βίον
206 2963 299 3015 τῶν
335 2966 574 3035 οὐρανῶν
625 2969 903 3042 διαφοράν.
943 2975 1030 3026 Ἐν
1060 2978 1123 3045 τῇ
1153 2976 1342 3048 πρώτῃ
1367 2980 1614 3052 συζυγίᾳ,

90 3052 187 3123 ἔθνη
216 3055 348 3122 λέγει
373 3059 569 3122 πάντα,
601 3063 692 3114 καὶ¹
728 3064 854 3126 τοὺς
878 3066 1265 3132 κατοικοῦντας
1303 3070 1399 3142 τὴν
1438 3075 1616 3126 οίκου-

91 3144 251 3215 μένηνυ
279 3149 347 3211 ὡς
389 3154 498 3214 τοῖς
533 3153 633 3222 μὲν
676 3155 899 3224 ὀνόμασι
944 3157 1050 3210 τῶν
1082 3159 1277 3224 ἐθνῶν,
1308 3162 1407 3226 τὰς
1458 3182 1613 3235 περι-
1640 3187 1683 3244 C

91 3237 262 3302 γραφὰς
287 3240 385 3291 τῶν
408 3241 590 3295 τόπων
626 3245 986 3314 σημαίνεσθαι
1004 3263 1020 3278 ο
1036 3247 1113 3318 τῷ
1135 3249 1192 3302 δὲ
1221 3251 1420 3322 ἐφεξῆς
1448 3253 1609 3324 λόγῳ,

89 3328 189 3391 τοὺς
211 3330 305 3383 τῶν
351 3333 525 3388 τόπων
579 3337 886 3408 οἰκήτορας.
929 3341 968 3392 Γ
971 3345 1184 3412 ηγενείς
1209 3344 1266 3397 δὲ
1307 3347 1476 3399 εἰπὼν
1521 3350 1614 3402 καὶ

92 3413 342 3484 ἀνθρώπων
373 3422 539 3487 υἱοὺς,
572 3425 701 3488 τοὺς
731 3426 1028 3496 σαρκώδεις
1050 3448 1106 3483 τε
1140 3434 1232 3485 καὶ
1261 3438 1475 3504 χοῖκοὺς
1519 3440 1613 3492 καὶ

94 3502 405 3578 ὁλογωτέρους
434 3513 701 3585 διακρίνει
725 3519 832 3570 ἀπὸ
861 3520 968 3573 τῶν
1001 3523 1342 3594 σωζομένων,
1378 3532 1469 3582 καί
1493 3549 1612 3585 τινα

96 3597 138 3644 ὲν
159 3597 310 3661 αὐτοῖς
345 3607 666 3676 χαρακτῆρα
699 3609 797 3678 τῆς
839 3611 1185 3687 ἀνθρωπίνης
1224 3618 1438 3688 φύσεως
1465 3624 1614 3692 ἐχόν-

94 3702 191 3782 tm.
216 3693 356 3757 Ἰδιος
395 3697 450 3748 δὲ
489 3701 781 3772 χαρακτὴρ
813 3703 1172 3778 ἁνθρὼπου,ὴ
1216 3711 1353 3782 πρὸς
1387 3711 1449 3764 τὸ
1462 3711 1618 3766 Θεῖον

94 3781 316 3848 ὁμοίωσις.
361 3789 422 3841 Ἠ
447 3789 503 3842 δὲ
533 3790 678 3844 κατὰ
719 3794 908 3847 πενίαν
942 3814 1000 3849 τε
1035 3800 1129 3851 καὶ
1171 3781 1401 3854 πλοῦτον
1434 3803 1615 3856 ἀνισό-

97 3884 170 3938 της
193 3874 271 3925 τοῦ
297 3875 426 3944 βίου,
463 3880 523 3932 τὸ
552 3882 918 3948 γενικώτατὸν
945 3889 1091 3940 ἐστιν
1121 3892 1287 3944 αἴτιον
1311 3893 1409 3963 τῆς
1433 3895 1614 3948 ποικί-

95 3958 169 4028 λης
194 3981 240 4016 τε
264 3969 347 4020 καὶ
371 3969 682 4036 πολυειδῶς
707 3973 814 4026 τῶν
843 3977 900 4028 ἐν
925 3977 1231 4048 ἀνθρώποις
1271 3984 1614 4054 πραγμάτων

97 4050 368 4121 ἀνωμαλίας.
399 4061 492 4124 Τίς
541 4059 700 4127 οὗτος
737 4067 766 4118 ὁ
797 4067 854 4117 ὲν
899 4068 1136 4139 τοσούτῳ
1174 4073 1266 4125 καὶ
1311 4050 1613 4147 τηλικούτῳ

97 4141 384 4238 εκροατηρίῳ
418 4153 750 4225 δημηγορῶν
787 4173 800 4220 ;
829 4157 925 4221 Τίς
956 4159 1130 4226 ἄλλος,
1163 4163 1267 4234 ἥδ
1320 4141 1612 4238 μαρτυρῶν

95 4234 138 4284 ἐν
163 4239 300 4308 αὐτῷ,
336 4243 412 4296 ὅτι
452 4247 646 4314 σοφίαν
687 4248 908 4320 λαλήσει
954 4253 1047 4306 καὶ
1082 4255 1294 4310 σύνεσιν
1327 4274 1342 4323 ;
1375 4259 1526 4314 λαλεῖ
1555 4262 1610 4315 δὲ

97 4326 218 4392 αὐτὰ,
258 4333 282 4383 ό
317 4333 443 4403 ἔχων
469 4338 695 4409 Πνεῦμα
734 4341 925 4410 σοφίας
963 4361 1021 4396 τε
1057 4347 1150 4400 καὶ
1185 4349 1475 4417 συνέσεωςν
1513 4353 1610 4425 τὴν

100 4421 294 4492 μεγάλην
323 4427 517 4497 ταύτην
571 4430 750 4499 χάριν,
783 4433 882 4503 τὴν
914 4435 979 4488 ὲκ
1017 4440 1289 4509 προσοχῆς
1317 4445 1410 4496 καὶ
1453 4421 1610 4514 μελέ-

97 4523 172 4605 της
194 4517 625 4605 κατορθουμένην.
659 4523 731 4574 Οὐ
771 4524 876 4595 γὰρ
915 4527 1174 4598 πρότερον
1202 4528 1355 4587 εἶπεν
1376 4535 1609 4605 ἀνοίγειν

157 4603 318 4673 στόμα.
339 4611 458 4679 πρὶν
486 4612 771 4666 ὑποκλῖναι
795 4617 894 4685 τὴν
927 4617 1095 4689 ἀκοὴν
1116 4620 1192 4690 τῷ
1210 4599 1607 4694 παραϐάλλοντι

99 4683 204 4783 λόγῳ
223 4707 235 4720 ·
263 4713 279 4744 ι
306 4697 372 4749 Τὸ
411 4701 584 4770 στόμα
630 4720 753 4771 μου,
791 4721 809 4753 ι
839 4683 1022 4775 (ρησὶν,
1051 4683 1092 4759 vt
1130 4683 1351 4782 λαλήσει
1384 4716 1573 4783 σοφίαν
1593 4754 1607 4778 ,

100 4779 218 4850 καὶὴ
248 4787 423 4878 μελέτη
446 4791 541 4860 τῆς
571 4793 796 4863 καρδίας
827 4813 926 4865 μου
955 4798 1186 4856 σύνεσιν.
1225 4779 1261 4854 »⁷
1297 4805 1408 4859 Καὶ
1456 4779 1608 4878 πρῶ-

100 4882 209 4922 τονι
243 4872 391 4930 κλινῶ
418 4880 496 4942 είς
520 4884 837 4956 παραϐολὴν
873 4887 934 4940 τὸ
971 4883 1063 4954 οὖς
1118 4909 1248 4962 μου,
1287 4912 1306 4944 ι
1344 4897 1436 4948 καὶ
1485 4898 1605 4951 τότε

105 4977 118 5053 ι
146 4961 305 5053 ἀνοίξω
333 4968 389 5019 ὲν
433 4969 715 5044 ψαλτηρίῳ
747 4975 808 5028 τὸ
839 4961 1133 5052 πρόϐλημα
1167 5001 1287 5053 μου.
1337 5004 1356 5036 ι
1395 4987 1488 5050 Τίς
1515 4985 1607 5043 οὖν

101 5049 122 5115 1",
148 5051 348 5150 ξύνεσις,
371 5061 458 5113 καὶ
494 5063 545 5115 τί
576 5063 638 5115 τὸ
669 5067 990 5139 πρόϐλημα;
1155 5049 1314 5140 οἶδεν,
1353 5079 1536 5148 φησὶν,
1571 5083 1604 5150 ή

98 5140 167 5236 τοῦ
194 5143 306 5199 Θεοῦ
333 5151 496 5216 κτίσις
539 5159 780 5227 πονηρᾶς
809 5176 951 5224 τινος
983 5163 1194 5234 ἡμέρας
1240 5140 1600 5242 κατάσλίευῆνί

99 5242 152 5332 w‘;
169 5240 394 5333 μαρτυρεί
416 5244 511 5311 τῆς
534 5249 914 5315 κοσμογενείας
943 5250 1280 5320 ὁλόγος,ἀλλ’
1304 5259 1335 5327 ἡ
1364 5240 1604 5333 ἁμαρτία

97 5325 544 5424 τὴνά-γαλλιάσιμον
583 5338 812 5408 ἡμέραν,
837 5343 1001 5408 φόϐου
1040 5345 1137 5400 καὶ
1173 5325 1437 5419 τιμωρίας
1476 5325 1602 5424 ἦμέ-

212 5417 455 5515 ἐποίησεν,
486 5425 551 5495 ἢν
591 5427 718 5498 ἐξῆν
765 5432 839 5502 μὴ
880 5434 1190 5502 φοϐεῖσθαι,
1222 5417 1270 5492 εί
1432 5445 1460 5495 ὁ

98 5502 286 5604 πτέρναν
309 5512 456 5604 ημῶν
479 5516 749 5589 ἐπιτηρῶν
779 5522 919 5591 ὄφις,
956 5519 1001 5593 ᾧ
1030 5527 1201 5599 6νομά
1241 5502 1393 5586 tali“;
1419 5536 1450 5604 ἡ
1479 5502 1598 5589 ἀνθ’

101 5598 192 5655 Pis,
219 5598 376 5670 κύκλῳ
406 5605 500 5673 τὴν
537 5611 754 5679 πορείαν
781 5614 875 5668 τοῦ
911 5615 1027 5687 βίου
1064 5598 1338 5691 διέλαϐεν,
1373 5598 1452 5696 τῶ
1481 5627 1596 5699 ἰδίῳ

1641 4516 1685 4570 D

150 5761 188 5793 ³⁵
208 5767 327 5826 Psal.
365 5793 545 5845 XLVIII,
574 5783 606 5835 2
636 5799 754 5856 δοτι-

1723 625 1882 664 voces
1955 610 2401 680 subscquentium
2463 619 2834 680 repraesentat.
2897 611 3072 681 quuit
3124 615 3294 674 enim,

1721 700 2026 756 assentiens
2089 702 2298 755 veritati
2357 716 2545 756 eorum
2601 719 2719 771 qu:e
2772 703 3082 772 supradicta
3143 710 3293 763 sunt,

1721 793 1879 860 quasi
1935 793 2003 846 ab
2061 793 2166 846 alio
2210 793 2445 862 quodam
2505 809 2626 862 qua:
2678 794 2909 855 dixerat,
2973 793 3293 848 didicisset:

1725 899 1745 932 ‹
1781 882 2246 945 Quemadmodum
2287 882 2614 948 audivimus,
2656 884 2735 938 sic
2775 893 2829 938 et
2857 884 3113 948 vidimus,
3142 884 3197 938 in
3218 887 3299 938 ci-

1720 973 1888 1028 vitate
1926 972 2138 1028 Domini
2175 974 2473 1038 virtutum,
2513 975 2566 1029 in
2618 976 2837 1031 civitate
2886 976 2976 1030 Dei
3031 977 3226 1031 nostri.
3270 996 3290 1028 ι

1720 1064 1836 1130 Qua
1859 1066 1924 1120 de
1943 1081 2110 1120 causa
2145 1067 2449 1121 introduxit
2482 1068 2646 1121 etiam
2683 1076 2871 1121 mutuo
2903 1085 2961 1122 se
3002 1070 3296 1123 cohortan-

1718 1167 1822 1219 tes,
1853 1159 1994 1222 illos,
2029 1158 2120 1226 qui
2162 1173 2286 1211 cum
2337 1158 2698 1214 delectatione
2736 1161 3005 1223 viderant,
3045 1177 3164 1228 quae
3196 1176 3294 1214 au-

1719 1249 1950 1303 dierant.
1977 1249 2293 1303 Cohortatio
2316 1258 2492 1304 autem
2513 1250 2821 1320 hujusmodi
2856 1259 2939 1304 est
2967 1269 2980 1304 :
3003 1270 3020 1302 ‹
3046 1251 3294 1305 Circum-

1717 1339 1844 1394 date
1882 1339 2034 1401 Sion,
2069 1349 2123 1395 et
2157 1341 2584 1408 complectimini
2623 1358 2764 1406 eam,
2794 1352 3012 1397 narrate
3040 1345 3095 1397 in
3124 1343 3294 1396 turri-

1717 1429 2172 1500 busejus,ponite
2189 1431 2352 1484 corda
2380 1440 2558 1486 vestra
2578 1433 2629 1487 in
2647 1434 2850 1489 virtute
2879 1435 3018 1504 ejus,
3045 1444 3098 1489 et
3118 1437 3295 1491 distri-

1716 1522 1864 1577 buite
1892 1524 2086 1578 domus
2116 1523 2256 1593 ejus,
2285 1542 2302 1572 ι
2328 1531 2380 1576 et
2400 1532 2590 1579 caetera
2608 1526 2940 1596 quaaibidem
2968 1538 3290 1596 sequuntur.

1784 1701 1916 1758 Post
1959 1703 2076 1760 haec
2102 1706 2355 1762 diffundit
2388 1708 2826 1778 praedicationem
2850 1726 3005 1766 suam
3033 1712 3085 1765 in
3117 1719 3290 1765 totum

1717 1800 1984 1849 terrarum
2019 1797 2223 1863 orbem,
2263 1809 2315 1853 et
2369 1800 2824 1868 quemadmodum
2857 1811 2980 1857 ante
3015 1804 3294 1858 confusio-

1719 1900 1842 1939 nem
1871 1886 2178 1958 linguarum
2213 1891 2468 1945 omnibus
2505 1901 2623 1946 erat
2654 1908 2822 1946 unum
2863 1894 3066 1948 labium
3102 1905 3155 1950 et
3186 1912 3293 1949 una

1717 1990 1842 2041 vox,
1872 1977 1952 2032 sic
1972 1986 2027 2031 et
2068 1995 2215 2033 nunc
2257 1996 2448 2037 omnes
2501 1989 2716 2050 gentes,
2770 1993 2823 2038 et
2858 1991 3005 2040 totus
3038 1986 3210 2052 orbis,
3239 1996 3296 2040 et

1717 2082 1906 2122 omnes
1967 2068 2238 2135 homines,
2301 2073 2438 2125 ﬁunt
2497 2088 2642 2127 unus
2698 2075 2846 2128 velut
2911 2077 3177 2140 auditus,
3239 2087 3294 2131 et

1717 2173 1886 2211 unum
1917 2174 2030 2223 cor,
2089 2175 2195 2213 una
2228 2161 2475 2216 oratione
2505 2164 2782 2228 omnibus,
2805 2174 2858 2219 et
2885 2166 2953 2221 ad
2984 2182 3174 2222 omnes
3208 2168 3291 2221 in-

1718 2259 1969 2304 sonante.
2003 2249 2236 2304 Collecta
2289 2253 2433 2306 enim
2483 2270 2646 2308 unum
2712 2255 2768 2309 in
2816 2255 2994 2310 locum
3039 2266 3152 2311 tota
3191 2259 3290 2312 hu-

1717 2357 1876 2396 mana
1900 2342 2180 2406 societate,
2237 2359 2453 2412 unoque
2503 2346 2658 2414 quasi
2709 2347 2920 2401 theatro
2941 2363 3006 2402 ex
3037 2349 3290 2405 omnibus

1718 2440 1988 2485 terrarum
2028 2431 2140 2486 oris
2180 2440 2480 2493 exstructo,
2513 2435 2767 2490 omnibus
2822 2438 3026 2504 pariter
3078 2454 3289 2493 sermo-

1718 2537 1840 2577 nem
1905 2521 2055 2576 illum
2087 2522 2340 2577 intonat:
2377 2543 2394 2573 ‹
2428 2525 2624 2580 Audite
2652 2527 2795 2587 haec,
2833 2544 3022 2582 onmes
3074 2538 3288 2600 gentes,

1718 2615 1943 2669 auribus
1974 2614 2254 2684 percipite,
2289 2631 2478 2671 omnes
2517 2619 2607 2687 qui
2646 2619 2900 2674 habitatis
2934 2621 3143 2683 orbem,
3175 2623 3293 2691 qui-

1716 2723 1823 2777 que
1847 2708 2134 2777 terrigente
2153 2716 2207 2762 et
2231 2707 2320 2760 ﬁlii
2342 2705 2643 2772 hominum,
2661 2709 2823 2765 simul
2843 2711 2894 2765 in
2922 2729 3111 2776 unum,
3137 2712 3288 2769 dives

1715 2807 1772 2854 et
1808 2813 2011 2869 pauper
2044 2798 2110 2851 ⁸⁸.
2153 2818 2172 2850 ι
2209 2797 2304 2852 His
2331 2801 2478 2853 enim
2510 2800 2688 2854 tribus
2717 2802 3197 2872 conjugationibus
3231 2814 3290 2859 et

1716 2890 2001 2944 ordinibus
2039 2890 2340 2958 generatim
2368 2889 2681 2959 complexus
2737 2899 2822 2945 est
2861 2907 3076 2948 omnem
3108 2894 3288 2948 diver-

1718 2980 1956 3039 sitatem,
1987 2993 2106 3046 quae
2152 2977 2208 3031 in
2241 2978 2341 3032 hac
2371 2978 2481 3032 vita
2527 2979 2835 3032 mortalium
2879 2992 3120 3050 apparet.
3153 2982 3286 3037 Nam

1718 3074 1895 3142 primo
1924 3073 2112 3125 ordine
2145 3079 2298 3124 vocat
2342 3086 2532 3131 omnes
2565 3078 2774 3140 gentes,
2805 3073 3008 3141 quique
3039 3073 3288 3127 habitant

1719 3165 1924 3220 orbem.
1957 3169 2016 3214 ut
2053 3161 2294 3230 gentium
2328 3158 2544 3230 quidem
2581 3160 2800 3214 nomine
2832 3162 3289 3231 circumscriptio-

1720 3270 1840 3308 nem
1867 3254 2108 3307 locorum
2159 3250 2578 3320 signiﬁcaverit;
2615 3252 2964 3321 sequentibus
3011 3269 3138 3308 vero
3167 3268 3290 3308 ver-

1719 3348 1803 3401 bis
1862 3346 2103 3400 locorum
2145 3345 2370 3399 incolas.
2431 3343 2568 3396 Cum
2624 3352 2804 3398 autem
2871 3345 3174 3414 terrigenas
3232 3354 3289 3400 et

1718 3438 1855 3493 ﬁlios
1886 3437 2163 3490 hominum
2196 3435 2458 3500 nominat,
2524 3437 2760 3489 secernit
2813 3437 3062 3491 carnales
3087 3445 3141 3492 et
3172 3453 3291 3493 cor-

1717 3530 1896 3599 poreis
1940 3529 2102 3584 rebus
2142 3527 2405 3591 addictos,
2436 3534 2487 3581 et
2513 3542 2544 3580 a
2581 3529 2791 3582 ratione
2837 3529 3067 3583 alienam
3115 3531 3282 3586 vitam

1716 3622 1993 3690 degentes,
2035 3619 2104 3672 ab
2151 3619 2234 3672 his
2271 3619 2361 3686 qui
2401 3619 2699 3684 salvantur,
2734 3627 2789 3674 et
2844 3621 3077 3688 aliquem
3102 3623 3288 3678 chara-

1715 3723 1915 3766 cterem
1938 3719 2148 3764 natura:
2180 3710 2430 3763 humana:
2472 3711 2527 3764 in
2571 3726 2630 3766 se
2668 3713 2982 3766 continent:
3031 3716 3285 3784 proprius

1715 3820 1843 3860 vero
1877 3805 2114 3859 hominis
2138 3805 2422 3880 character
2442 3811 2527 3860 est
2571 3804 2872 3860 similitudo
2899 3821 3023 3860 cum
3064 3807 3192 3862 Deo.
3215 3810 3286 3863 At

1715 3895 2053 3964 inaequalitas
2080 3895 2226 3948 circa
2282 3901 2654 3963 paupertatem
2700 3905 2753 3949 et
2785 3896 3003 3952 divitias
3051 3900 3286 3956 maxime

1715 3987 1982 4060 generalis
2013 4002 2176 4042 causa
2207 3997 2289 4042 est
2313 3986 2477 4041 varia:
2539 3995 2593 4041 et
2639 3987 2988 4044 multiformis
3027 3990 3174 4046 illius
3203 3993 3283 4046 di-

1713 4079 2010 4141 versitatis,
2039 4093 2161 4148 qua:
2189 4079 2242 4132 in
2291 4077 2570 4133 hominum
2613 4079 2844 4147 negotiis
2890 4078 3168 4135 elucescit.
3218 4084 3283 4136 Et

1713 4175 1836 4245 quis
1856 4174 1979 4234 iste,
2017 4171 2108 4241 qui
2151 4172 2204 4224 in
2244 4172 2338 4224 tali
2385 4185 2449 4224 ac
2484 4178 2636 4224 tanto
2681 4171 2954 4226 auditorio
2996 4174 3284 4228 concinna-

1712 4265 1843 4319 tur?
1867 4263 1990 4333 quis
2023 4262 2182 4324 alius,
2215 4276 2375 4331 quam
2403 4260 2496 4331 qui
2547 4261 2600 4314 in
2635 4263 2817 4330 seipso
2845 4269 3079 4318 testatur
3111 4279 3170 4318 se
3199 4266 3281 4317 lo-

1713 4365 1966 4410 cuturum
1995 4353 2312 4422 sapientiam
2338 4361 2392 4407 et
2447 4350 2832 4420 prudentiam?
2855 4351 3118 4422 Loquitur
3149 4369 3281 4408 vero

1713 4450 1827 4503 ha-c
1858 4449 1965 4511 ille,
1997 4446 2086 4515 qui
2110 4443 2268 4498 habet
2285 4442 2547 4513 Spiritum
2569 4445 2846 4514 sapientia:
2865 4453 2919 4498 et
2947 4445 3275 4510 intellectus,

1713 4540 1964 4596 eximiam
1993 4538 2152 4592 istam
2196 4535 2444 4603 gratiam,
2474 4549 2594 4601 quae
2623 4549 2690 4589 ex
2719 4541 2921 4590 attenta
2937 4550 3067 4590 cura
3089 4543 3143 4589 et
3167 4552 3279 4592 me-

1709 4631 1969 4686 ditatione
1995 4627 2260 4697 provenit.
2295 4623 2411 4678 Non
2442 4625 2586 4679 enim
2618 4627 2770 4694 prius
2799 4626 2934 4679 dixit
2963 4642 3022 4682 se
3065 4627 3277 4696 aperire

1708 4741 1791 4790 os,
1825 4739 1989 4794 quam
2039 4719 2381 4776 inclinaverit
2411 4733 2594 4773 aurem
2652 4719 2718 4773 ad
2760 4735 3068 4774 sermonem
3106 4721 3273 4787 illius,

1711 4814 1804 4884 qui
1835 4813 1884 4866 ei
1924 4810 2246 4881 suggerebat
2277 4807 2481 4862 omnia.
2509 4805 2687 4876 lnquit
2708 4810 2850 4862 enim
2893 4826 2906 4862 :
2949 4829 2966 4860 ι
3001 4806 3075 4864 Os
3099 4825 3276 4864 meum

1709 4908 1961 4975 loquetur
2001 4900 2342 4976 sapientiam,
2399 4907 2454 4954 et
2485 4900 2765 4955 meditatio
2793 4901 2974 4956 cordis
3009 4903 3112 4957 mei
3143 4918 3274 4972 pru-

1707 4997 1968 5058 dentiam,
2003 5014 2022 5045 ι
2078 5009 2174 5048 seu
2206 4992 2578 5048 intellectum:
2612 4995 2955 5064 primumque
2988 5013 3006 5045 ι
3045 4994 3276 5049 inclina.-

1705 5087 1776 5140 bo
1818 5102 1868 5141 .n
1919 5085 2228 5154 parabolam
2275 5100 2461 5138 aurem
2497 5100 2693 5146 meam,
2729 5104 2746 5134 ι
2789 5094 2842 5138 et
2891 5093 3021 5144 tunc
3077 5103 3096 5136 ‹
3154 5100 3276 5154 ape-

1705 5178 1842 5231 riam
1893 5176 1946 5229 in
1988 5175 2241 5244 psalterio
2287 5175 2710 5243 pr0positionem
2742 5191 2934 5229 meam.
2971 5195 2989 5227 i
3025 5175 3275 5246 Quaeigi-

1706 5277 1795 5322 tur
1821 5277 1910 5336 est,
1932 5266 2034 5321 ista
2065 5264 2369 5334 prudentia,
2401 5266 2614 5335 etquod
2645 5268 2921 5336 problema
2947 5284 3050 5325 seu
3078 5285 3276 5340 propo-

1707 5354 1862 5413 sitio?
1910 5353 2028 5408 Nou
2079 5354 2232 5418 vidit,
2258 5354 2455 5422 inquit,
2481 5355 2572 5408 Dei
2603 5366 2850 5410 creatura
2882 5359 3008 5412 mali
3041 5361 3272 5429 alicujus

1705 5449 1808 5502 dici
1844 5447 2203 5510 eﬂ‘ectionem,
2247 5453 2309 5499 ut
2347 5454 2575 5501 testatur
2605 5450 2846 5504 narratio
2869 5451 3055 5505 mundi
3085 5468 3273 5507 recens

1702 5538 1930 5602 conditi,
1963 5535 2058 5592 sed
2111 5544 2394 5604 peccatum
2461 5537 2744 5594 laetabilem
2775 5541 2920 5596 illam
2944 5551 2998 5599 et
3057 5546 3269 5614 plenam

1698 5626 2081 5689 exsultationis
2110 5626 2253 5682 diem
2281 5626 2459 5683 eﬂecit
2491 5629 2648 5685 nobis
2678 5630 2818 5702 diem
2850 5633 3061 5690 timeris
3097 5641 3152 5690 et
3180 5632 3271 5705 ju-
