3838 6224
409 310 516 368 555

1653 305 1706 362 S.
1741 304 2066 362 GREGORII
2102 306 2392 364 NYSSENI

3547 307 3650 368 556

409 421 721 479 constituta.
745 418 877 486 Qua:
903 419 947 474 si
972 417 1039 472 ad
1068 417 1294 488 primam
1327 432 1508 474 rerum
1546 420 1967 489 procreationem

2081 437 2139 472 τε
2170 423 2264 473 καὶ
2291 421 2666 493 στερεώματός
2707 424 2821 476 ἐστι
2857 423 3198 494 κατασκευὴ,
3223 425 3318 478 καὶ
3348 420 3458 478 τῶν
3486 427 3644 481 iam

409 514 695 576 referatur.
733 513 863 566 nihil
885 518 968 566 est
994 511 1162 570 aliud.
1195 527 1358 580 quam
1393 512 1517 566 caeli
1546 519 1600 565 et
1648 512 1974 566 firmamenti

406 604 640 668 eﬂ'ectio,
673 603 1084 672 C(Blestiumque
1111 617 1374 672 aquarum
1403 603 1470 657 ab
1508 603 1666 673 aquis
1695 603 1974 658 terrestri-

407 695 510 748 bus
536 693 816 749 discretio.
853 690 947 746 Sin
968 692 1156 747 autem
1191 693 1259 746 ad
1291 692 1642 764 Evangelium
1685 693 1972 764 respicias,

407 799 533 840 vere
561 785 674 855 ipse
696 794 800 850 est,
824 785 913 854 qui
936 786 1134 838 ccelum
1157 785 1313 840 nobis
1325 786 1586 841 condidit.
1611 785 1743 841 Nam
1773 789 1972 843 ccelum

408 891 438 928 a
470 875 579 930 Deo
625 875 1025 928 firmamentum
1079 875 1400 943 appellatur.
1434 875 1634 930 Paulus
1667 884 1844 931 autem
1880 893 1976 946 per

408 963 807 1018 ﬁrmamentum
866 962 1000 1016 nihil
1033 963 1178 1017 aliud
1229 980 1389 1032 quam
1423 965 1580 1018 fidem
1616 966 1666 1017 in
1696 963 1972 1020 Christum

406 1054 678 1122 intelligit.
736 1054 888 1107 Tunc
920 1053 1064 1107 enim
1125 1055 1279 1108 nobis
1321 1069 1445 1107 vere
1478 1052 1778 1107 secundum
1812 1053 1973 1107 iidem

405 1145 601 1199 caelum
626 1154 866 1197 creatum
891 1152 975 1196 est
1003 1144 1069 1206 ⁸³,
1101 1159 1224 1197 cum
1253 1142 1473 1198 Sabbati
1504 1145 1810 1198 obscuritas
1836 1159 1974 1215 pra:-

408 1234 575 1298 teriit,
596 1233 836 1300 illudque
861 1232 1016 1286 fidele
1029 1242 1079 1287 et
1097 1234 1426 1302 acceptabile
1443 1234 1640 1287 accidit
1658 1235 1970 1303 mysterium

405 1327 525 1396 ejus
550 1326 643 1396 qui
675 1325 1094 1395 praedestinatus
1143 1333 1226 1380 est
1268 1323 1440 1380 Filius
1488 1324 1583 1379 Dei
1644 1325 1700 1379 in
1750 1326 1972 1388 virtute,

404 1417 706 1472 secundum
742 1417 990 1486 spiritum
1021 1416 1861 1487 sanctiﬁcationis;mysterium,
1896 1417 1975 1471 in-

404 1526 590 1581 quam,
614 1509 1031 1564 resurrectionis
1056 1525 1121 1563 ex
1144 1510 1376 1562 mortuis
1394 1507 1605 1562 Domini
1627 1510 1799 1563 nostri
1819 1509 1970 1570 Jesu,

404 1603 498 1672 qui
553 1617 678 1656 vere
711 1608 796 1655 est
826 1616 1052 1670 magnus
1092 1599 1235 1654 Deus
1263 1607 1317 1654 et
1363 1600 1654 1654 laudabilis
1695 1601 1891 1664 nimis;
1918 1609 1974 1654 et

405 1692 625 1756 similia,
663 1707 787 1762 quae
838 1699 954 1745 toto
1012 1691 1244 1746 decursu
1297 1693 1538 1760 psalmus
1592 1692 1682 1746 ille
1708 1693 1967 1745 continet.

2082 511 2277 580 ρανίων
2298 511 2504 564 ὑδάτων
2529 513 2635 565 ἀπὸ
2653 512 2760 565 τῶν
2785 514 3012 582 ἐγγείων
3032 515 3321 582 διάκρισις.
3345 515 3409 567 Et
3431 515 3486 568 δὲ
3515 517 3645 586 πρὸς

2076 601 2138 653 τὸ
2173 601 2502 670 Εὑαγγέλιον
2547 603 2795 673 βλέποις,
2844 605 3058 676 ἀληθῶς
3099 605 3236 676 αὕτη
3286 607 3435 658 ἐστὶν
3469 609 3504 677 ἡ
3557 608 3646 661 τὸν

2077 689 2304 760 οὐρανὸν
2345 692 2476 760 ἡμῖν
2528 693 3000 747 κατασκευάσασα.
3057 695 3114 748 '0
3159 696 3267 766 γὰρ
3314 696 3544 766 οὐρανὸς
3590 698 3648 750 τὸ

2078 783 2364 854 στερέωμα
2405 784 2556 856 παρά
2590 785 2684 838 τοῦ
2725 786 2858 840 Θεοῦ
2887 788 3227 858 ὀνομάζεται.
3275 789 3332 844 '0
3352 791 3411 844 δὲ
3443 791 3649 854 Παῦλος

2076 877 2187 925 νοεῖ
2217 875 2315 945 τὴν
2347 879 2428 939 εἰς
2471 877 2564 930 τὸν
2594 877 2827 948 Χριστὸν
2870 881 3052 933 πίστιν
3076 882 3137 934 τὸ
3177 883 3484 954 στερέωμα.
3517 886 3648 937 Τότε

2076 963 2186 1034 γὰρ
2225 965 2355 1034 ἡμῖν
2401 965 2569 1029 ὅντως
2598 967 2739 1021 κατά
2779 969 2877 1038 τὴν
2919 970 3098 1022 πίστιν
3136 971 3362 1041 οὑρανὸς
3386 973 3650 1043 δημιουρ-

2075 1058 2278 1123 γεῖται,
2307 1057 2394 1110 ὅτε
2425 1059 2700 1129 παρῆλθεν
2725 1061 2758 1130 ή
2791 1060 2881 1113 τοῦ
2919 1061 3196 1116 Σαϐϐάτου
3232 1065 3534 1133 κατήφεια·
3556 1066 3651 1118 καὶ

2075 1146 2290 1212 ἐγένετο
2332 1149 2462 1218 ἡμῖν
2508 1150 2695 1202 πιστὸν
2740 1151 2802 1203 τὸ
2867 1155 3161 1222 μυστήριον
3201 1154 3296 1206 τοῦ
3337 1155 3652 1222 ὁρισθέντος

2071 1237 2205 1293 Υίοῦ
2235 1237 2370 1291 Θεοῦ
2411 1240 2468 1292 ἐν
2508 1239 2732 1309 δυνάμει
2779 1241 2919 1294 κατά
2962 1243 3176 1314 πνεῦμα
3219 1245 3565 1315 ἁγιωσύνης,
3593 1246 3654 1310 ἐξ

2075 1327 2420 1390 ἀναστάσεως
2447 1329 2652 1398 νεκρῶν
2691 1329 2864 1400 Ἰησοῦ
2889 1330 2981 1383 τοῦ
3006 1333 3210 1401 Κυρίου
3239 1335 3419 1405 ἡμῶν,
3448 1336 3508 1398 ὃς
3534 1337 3651 1388 ἐστι

2073 1416 2151 1487 τῷ
2179 1416 2288 1470 ὄντι
2331 1417 2504 1486 μέγας
2547 1418 2750 1488 Κύριος
2797 1419 2890 1473 καὶ
2927 1421 3136 1484 αἰνετδς
3176 1423 3398 1492 σφόδρα.
3438 1424 3551 1476 Καὶ
3584 1424 3654 1476 τά

2073 1505 2174 1557 ὃσα
2220 1505 2360 1558 κατά
2406 1505 2466 1558 τὸ
2525 1507 2814 1561 ἀκόλουθον
2857 1510 2886 1560 6
2926 1509 3140 1580 ψαλμὸς
3181 1512 3447 1581 περιέχει,
3495 1531 3513 1562 ‹
3552 1511 3653 1583 τὴν

2074 1595 2224 1648 θείαν
2250 1595 2401 1649 πόλιν
2425 1597 2636 1668 ἐκείνην
2656 1640 2670 1662 ,
2717 1619 2735 1649 ι
2771 1601 2839 1670 ἢν
2879 1619 2896 1649 ι
2938 1603 3031 1653 καὶ
3060 1600 3186 1672 ὅρος
3218 1602 3436 1673 εὑριζον
3479 1624 3497 1656 ι
3529 1604 3656 1656 ὀνο.

2078 1688 2266 1757 μάζει,
2312 1690 2407 1741 καὶ
2455 1689 2636 1759 πάσης
2675 1690 2779 1761 γῆς
2811 1691 3155 1762 ἀγαλλίαμα,
3205 1696 3299 1749 καὶ
3345 1695 3486 1748 Σιὼν
3523 1697 3652 1767 ὅρη.

405 1784 720 1854 Cujusmodi
751 1789 878 1836 sunt
912 1800 930 1833 ι
965 1780 1148 1836 divina
1180 1781 1396 1846 civitas,
1440 1801 1459 1833 ι
1493 1797 1654 1851 quam
1685 1791 1738 1836 et
1767 1799 1786 1832 ι
1820 1796 1967 1835 mon-

2087 1781 2200 1863 ξΕφΓ
2248 1776 2316 1852 ἦς
2364 1781 2598 1850 μάλιστα
2644 1783 2705 1835 τὸ
2753 1784 2968 1838 πάντων
3013 1787 3446 1857 παραδοξότατον
3502 1764 3653 1841 ἐκδι-

402 1883 511 1932 tem
551 1877 688 1932 bene
726 1875 1011 1929 fundatum
1053 1894 1072 1925 ι
1115 1877 1382 1938 nominat,
1424 1884 1478 1930 et
1501 1877 1769 1931 universae
1814 1884 1972 1929 terra:

400 1953 810 2031 exsultationes,
843 1977 898 2022 et
917 1976 1130 2022 montes
1170 1966 1323 2028 Sion,
1354 1967 1421 2022 de
1442 1981 1548 2036 qua
1573 1966 1708 2020 urbe
1739 1967 1971 2021 maxime

403 2059 719 2114 admirabile
751 2057 1012 2129 quiddam
1065 2057 1255 2121 tradit,
1288 2057 1431 2127 quod
1458 2072 1578 2127 quae
1609 2057 1736 2112 olim
1769 2076 1788 2109 ι
1828 2057 1970 2118 latus

402 2151 672 2222 aquilonis
732 2169 750 2202 ι
792 2158 933 2216 erat,
985 2163 1133 2202 nunc
1174 2148 1315 2204 facta
1373 2149 1445 2204 sit
1511 2167 1529 2199 ι
1595 2149 1791 2214 civitas
1825 2147 1970 2219 regis

402 2243 585 2313 magni
627 2261 638 2296 :
679 2262 698 2294 ι
727 2242 980 2312 quodque
1009 2257 1030 2291 ι
1069 2240 1211 2296 Deus
1240 2241 1295 2295 in
1344 2240 1595 2295 domibus
1625 2241 1742 2309 ejus
1767 2256 1970 2310 cogno-

401 2343 587 2388 scatur
633 2350 646 2386 :
685 2350 702 2383 ι
757 2331 1045 2387 manifeste
1091 2347 1187 2400 per
1222 2331 1336 2386 haec
1367 2331 1622 2385 Ecclesia:
1645 2332 1970 2386 Christiana:

401 2435 598 2480 statum
627 2433 680 2479 et
701 2425 1020 2494 dignitatem
1051 2422 1368 2493 designans.
1399 2420 1532 2475 Nam
1561 2423 1798 2477 borealis
1839 2438 1969 2492 pars

400 2524 559 2570 terrae
578 2530 645 2570 ex
679 2516 788 2570 illis
811 2522 916 2577 est.
942 2530 1063 2584 qua:
1095 2513 1332 2569 nubibus
1371 2515 1648 2584 perpetuis
1684 2523 1965 2583 urgentur,

399 2614 453 2660 et
486 2604 709 2676 frigore,
742 2613 796 2660 et
825 2606 966 2676 gelu,
999 2607 1116 2662 sine
1132 2606 1441 2675 splendore,
1464 2621 1767 2675 expersque
1789 2607 1970 2661 radio-

399 2712 520 2750 rum
544 2697 808 2752 solarium
835 2717 848 2752 :
879 2699 950 2753 ob
973 2698 1029 2752 id
1060 2699 1374 2753 adversaria
1428 2699 1518 2752 illa
1549 2707 1791 2768 potestas
1820 2702 1971 2769 aqui-

401 2788 541 2842 lonis
568 2789 784 2843 nomine
808 2787 1121 2843 denotatur.
1158 2788 1330 2859 igitur
1365 2805 1486 2858 qua:
1507 2790 1634 2843 olim
1666 2790 1734 2843 ad
1760 2793 1970 2861 aquilo-

399 2892 521 2931 nem
568 2879 864 2947 vergebat;
917 2880 1048 2944 imo,
1078 2894 1200 2950 qua:
1250 2881 1424 2950 ipsius
1464 2881 1605 2935 latus
1658 2889 1794 2946 erat,
1853 2882 1968 2936 haec

401 2969 663 3023 translata
707 2985 737 3022 a
793 2971 1134 3026 tenebricosa
1171 2983 1223 3025 et
1250 2972 1425 3041 algida
1475 2973 1602 3032 vita,
1653 2973 1846 3028 civitas
1875 2974 1968 3028 Dei

400 3060 492 3126 ﬁt,
537 3069 590 3114 et
646 3061 785 3131 regis
836 3061 1137 3125 habitatio,
1194 3061 1350 3131 cujus
1403 3063 1458 3115 in
1513 3063 1764 3118 domibus
1825 3064 1968 3119 Deus

399 3152 772 3221 cognoscitur.
853 3152 1050 3224 Βάρεις
1113 3162 1274 3207 vocat
1351 3154 1547 3208 aedium
1625 3156 1969 3212 circumscri-

402 3245 664 3315 ptionem,
693 3256 746 3300 et
775 3246 941 3301 situm
990 3246 1164 3300 forma
1215 3254 1270 3298 et
1319 3247 1500 3314 specie
1547 3248 1967 3318 quadrangula:

401 3334 601 3404 quibus
631 3343 889 3405 tanquam
919 3336 1216 3392 involucris
1237 3336 1558 3406 quibusdam
1613 3339 1857 3392 insinuat
1890 3339 1972 3392 lir-

399 3443 518 3482 mas
547 3434 601 3481 et
629 3429 875 3483 excelsas
905 3428 1162 3483 virtutum
1195 3436 1374 3484 turres
1396 3437 1447 3483 et
1467 3431 1818 3494 munitiones,
1851 3447 1972 3500 quae

399 3516 454 3570 in
485 3525 796 3570 sanctorum
840 3518 1112 3572 mentibus
1147 3517 1590 3585 conspiciuntur;
1627 3519 1784 3588 quasi
1841 3521 1970 3575 solis

398 3607 550 3661 hisee
581 3608 797 3662 vivendi
828 3610 1116 3678 generibus
1150 3607 1290 3664 Deus
1319 3619 1700 3678 cognoscatur:
1745 3608 1969 3681 Reliqua

401 3713 522 3767 quae
551 3709 854 3768 sequuntur
885 3715 1008 3754 cum
1062 3700 1336 3770 praedictis
1364 3709 1672 3756 consonant
1703 3720 1716 3757 :
1748 3718 1967 3773 congre-

398 3791 504 3859 gati
548 3806 781 3861 namque
825 3799 954 3846 sunt
1000 3793 1056 3845 in
1088 3793 1206 3862 ipsa
1248 3809 1401 3863 reges
1429 3800 1588 3848 terrae
1636 3810 1786 3848 :non
1823 3795 1968 3849 enim

399 3894 706 3944 servorum,
775 3881 870 3935 sed
916 3896 1103 3950 regum
1169 3889 1470 3936 conventus
1509 3882 1783 3936 civitatem
1817 3881 1966 3935 illam

399 3971 630 4032 habitat,
667 3991 684 4022 ι
721 3972 836 4041 qui,
882 3991 901 4024 ι
951 3973 1150 4042 inquit.
1210 3991 1228 4022 ι
1269 3973 1515 4028 videntes
1571 3975 1682 4027 hac
1717 3973 1969 4026 admirati

399 4071 546 4118 sunt.
600 4082 618 4113 ι
657 4063 1003 4132 Causamque
1051 4063 1427 4118 admirationis
1474 4062 1642 4117 addit.
1686 4061 1820 4117 Nam
1876 4063 1969 4132 qui

396 4157 550 4223 prius
604 4155 874 4208 civitatem
934 4155 1076 4208 hanc
1107 4155 1324 4224 indigne
1372 4155 1701 4220 incolebant,
1750 4156 1969 4225 quando

400 4254 522 4301 erat
560 4247 699 4302 latus
737 4247 1029 4316 aquilonis,
1089 4247 1166 4300 illi
1199 4267 1218 4297 ‹
1251 4247 1581 4308 conturbati,
1614 4254 1668 4301 et
1709 4246 1968 4302 commoti

398 4344 547 4401 sunt,
597 4346 651 4391 et
699 4344 903 4391 tremor
962 4337 1316 4407 apprehendit
1371 4351 1485 4392 eos.
1544 4356 1561 4387 ι
1599 4336 1708 4392 Nec
1765 4345 1969 4391 tremor

2071 1875 2303 1942 ηγεῖται,
2338 1874 2418 1926 ὃτι
2441 1877 2474 1944 ἡ
2511 1876 2639 1928 ποτὲ
2667 1871 2799 1928 οῦσα
2829 1895 2846 1925 ε
2886 1876 3093 1948 πλευρά
3133 1878 3226 1930 τοῦ
3253 1879 3456 1950 βορρᾶ,
3495 1899 3513 1931 ι
3554 1881 3652 1933 νῦν

2071 1963 2265 2032 γέγονε
2309 1984 2328 2016 ι
2382 1965 2536 2028 πόλις
2585 1966 2679 2020 τοῦ
2733 1966 2995 2036 βασιλέως
3025 1969 3119 2022 τοῦ
3171 1971 3429 2040 μεγάλου.
3477 1991 3497 2023 ι
3541 1974 3655 2026 Καὶ

2077 2076 2095 2107 ι
2129 2058 2157 2108 6
2183 2055 2316 2119 Θεὸς
2347 2053 2563 2121 ἐν’ταῖς
2605 2058 2825 2131 βάρεσιν
2868 2061 3038 2131 αὑτῆς
3082 2061 3442 2128 γινώσκεται·
3495 2083 3515 2114 ι
3557 2083 3652 2117 σα-

2070 2148 2183 2217 φῶς
2231 2149 2319 2202 διά
2367 2149 2571 2203 τούτων
2626 2152 2688 2204 τὸ
2746 2152 2888 2204 κατά
2925 2152 3021 2223 τὴν
3084 2154 3408 2225 Ἐκκλησίαν
3463 2155 3651 2224 θαῦμα

2073 2240 2293 2311 μηνύων
2351 2241 2428 2311 τῷ
2471 2241 2634 2312 λόγῳ.
2700 2243 2772 2295 Τὸ
2805 2243 2915 2314 γὰρ
2961 2245 3168 2316 βόρειον
3217 2246 3388 2317 κλίμα
3422 2247 3527 2317 τῆς
3547 2250 3650 2318 γῆς

2067 2330 2176 2383 τῶν
2223 2333 2700 2401 κατεσκιασμένων
2742 2350 2802 2385 τε
2850 2335 2944 2387 καὶ
2995 2336 3423 2407 κατεψυγμένων
3477 2341 3645 2405 ἐστὶν,

2067 2422 2319 2492 ἀλαμπὲς
2357 2424 2445 2476 ἀεὶ
2477 2425 2656 2493 μένον,
2701 2428 2795 2478 καὶ
2833 2427 2940 2478 τῶν
2976 2428 3216 2497 ἡλιακῶν
3239 2431 3477 2484 ἀκτίνων
3512 2434 3643 2501 ἀμέσ

2066 2531 2244 2583 τοχον.
2290 2509 2364 2568 Οῦ
2432 2516 2620 2587 χάριν,
2666 2519 2698 2588 ἡ
2762 2518 3106 2592 ἀντικειμένη
3159 2521 3387 2593 δύναμις
3442 2526 3502 2577 ὲν
3563 2527 3637 2594 τῷ

2067 2604 2288 2674 ὀνόματι
2327 2605 2422 2658 τοῦ
2468 2606 2677 2677 βορείου
2721 2608 3154 2680 διασημαίνεται.
3197 2613 3263 2665 Ἠ
3296 2615 3478 2667 τοίνυν
3508 2617 3642 2669 tvo:-

2068 2693 2238 2748 κοῦσά
2264 2711 2392 2747 ποτε
2429 2696 2508 2766 τῷ
2553 2697 2726 2768 βορῤᾷ
2768 2700 2861 2751 καὶ
2885 2697 3018 2752 οὖσα
3047 2702 3208 2755 αὑτοῦ
3244 2703 3475 2775 πλευρὰ,
3509 2705 3640 2775 αῦτη

2071 2788 2485 2857 μεταταξαμένη
2518 2788 2627 2841 ἀπὸ
2657 2788 2751 2842 τοῦ
2796 2792 3066 2844 σκοτεινοῦ
3093 2809 3152 2844 τε
3176 2796 3268 2847 καὶ
3296 2797 3641 2866 κατεψυγμέ-

2067 2895 2158 2930 νου
2188 2878 2326 2948 βίου,
2357 2879 2491 2931 Θεοῦ
2535 2879 2687 2943 πόλις
2736 2882 2966 2949 γίνεται,
3012 2886 3104 2937 καὶ
3139 2884 3418 2955 βασιλείας
3445 2890 3642 2942 ἐνδιαί-

2068 2987 2134 3039 τη
2144 2987 2239 3039 μα.
2271 2964 2378 3033 ἾπΙς
2404 2971 2461 3024 ἐν
2486 2973 2608 3034 ταῖς
2633 2972 2852 3043 βάρεσιν
2869 2973 2899 3025 6
2923 2974 3055 3038 Θεὸς
3081 2976 3428 3043 γινώσκεται.
3450 2981 3644 3051 Βάρεις

2071 3061 2125 3114 δὲ
2155 3062 2322 3130 λέγει,
2354 3062 2453 3123 τὰς
2481 3063 2590 3116 τῶν
2617 3065 3056 3136 οἰκοδομημάτων
3101 3069 3449 3139 περιγραφάς
3477 3073 3535 3123 ἐν
3559 3090 3642 3124 τεο

2070 3149 2334 3221 τραγώνῳ
2367 3151 2445 3221 τῷ
2472 3154 2728 3222 σχήματι,
2747 3152 2811 3205 δι’
2835 3146 2909 3206 ὧν
2932 3153 3030 3216 τὰς
3053 3155 3402 3225 ὲδραίας,καὶ
3434 3158 3643 3228 ὑψηλὰς

2070 3241 2176 3293 τῶν
2217 3241 2425 3311 ἀρετῶν
2479 3245 2857 3314 πυργοποιΐας,
2880 3244 2978 3309 τὰς
3026 3247 3084 3298 ἐν
3119 3250 3239 3310 ταῖς
3289 3247 3489 3317 ψυχαῖς
3539 3251 3642 3302 τῶν

2070 3333 2241 3400 ἁγίων
2299 3334 2697 3406 θεωρουμένας,
2736 3336 3035 3408 παραδηλοῖ
3062 3338 3129 3390 δι’
3179 3339 3498 3410 αἰνίγματος
3525 3381 3540 3402 ,
3571 3342 3643 3404 ὡς

2074 3423 2253 3492 μόνοις
2276 3429 2388 3488 τοῖς
2415 3427 2673 3490 τοιούτοις
2708 3427 2841 3496 βίοις
2883 3429 2977 3481 τοῦ
3016 3430 3150 3482 Θεοῦ
3200 3432 3639 3502 γινωσκομένου·

2071 3514 2163 3566 καὶ
2193 3513 2261 3566 τὰ
2309 3513 2504 3586 ἐφεξῆς
2532 3517 2741 3586 συνῳδὰ
2783 3521 2895 3581 τοῖς
2933 3519 3449 3589 προαποδεδομένοις
3473 3523 3641 3573 ἐστίν.

2071 3604 2418 3674 Συνήχθησαν
2449 3606 2556 3678 γὰρ
2576 3609 2633 3661 ὲν
2648 3608 2819 3682 ταύτῃ
2849 3611 2898 3662 οἱ
2925 3609 3265 3679 βασιλεῖς-οὑ
3292 3611 3401 3682 γὰρ
3427 3612 3646 3664 δουλευ-

2070 3693 2255 3758 όντων,
2283 3696 2417 3749 ἀλλὰ
2438 3697 2821 3766 βασιλευόντων
2845 3701 3113 3772 συνδρομὴ
3133 3703 3229 3772 τὴν
3253 3703 3402 3756 θείαν
3426 3703 3646 3773 ἐκείνην

2074 3786 2364 3850 συνοικίζει
2399 3788 2572 3844 πόλιν,
2614 3809 2632 3841 ι
2682 3791 2886 3854 Οἴτινες
2908 3831 2923 3855 ,
2955 3808 2972 3840 ι
3013 3791 3200 3861 φησὶν,
3228 3811 3246 3841 ι
3286 3792 3484 3856 ἰδόντες
3506 3835 3520 3856 ,
3555 3794 3646 3846 οῦ-

2069 3892 2177 3939 τως
2215 3876 2588 3947 ἐθαύμασαν.»
2607 3877 2718 3931 Καὶ
2740 3877 2847 3949 πὴν
2861 3881 3038 3933 αἰτίαν
3072 3880 3338 3951 διηγεῖται
3367 3884 3458 3935 τοῦ
3511 3884 3646 3936 θαύ-

2075 3985 2260 4038 ματος,
2297 3969 2484 4039 ἐπειδὴ
2515 3969 2564 4021 οἱ
2595 3970 2854 4041 πρότερον
2875 3970 3250 4035 κατοικοῦντες
3290 3973 3525 4038 ἀναξίως

2072 4060 2220 4112 πόλιν
2250 4060 2469 4130 ταύτην,
2487 4062 2573 4113 ὅτε
2600 4056 2668 4131 ἦν
2702 4060 2907 4130 πλευρὰ
2925 4061 3018 4113 τοῦ
3047 4061 3240 4133 βορρᾶ.
3276 4082 3293 4112 ι
3333 4066 3647 4135 ἐταράχθη-

2073 4168 2191 4213 σαν,
2211 4152 2304 4203 καὶ
2338 4151 2723 4222 ὲσαλεύθησαν,
2739 4153 2831 4205 καὶ
2868 4152 3066 4224 τρόμος
3092 4154 3386 4207 ἐπελάϐετο
3403 4157 3600 4210 αὑτῶν.
3621 4179 3640 4208 ι

2069 4243 2178 4294 Καὶ
2211 4245 2270 4296 οὑ
2323 4243 2481 4313 μόνον
2518 4243 2755 4314 τρόμος,
2789 4242 2921 4296 ἀλλά
2967 4245 3063 4297 καὶ
3116 4245 3264 4296 πόνοι
3316 4246 3644 4316 μιμούμενοι

2069 4332 2262 4394 ὠδῖνας
2307 4333 2612 4403 τικτούσης.
2665 4335 2845 4404 Ἀπερ
2872 4334 3048 4386 πάντα
3081 4337 3213 4404 φησὶ
3249 4336 3388 4389 κατά
3438 4339 3646 4390 τούτων

398 4437 627 4491 tantum,
655 4427 748 4482 sed
773 4436 825 4481 et
850 4427 1108 4483 molestiae
1134 4427 1336 4482 similes
1359 4427 1634 4481 doloribus
1665 4427 1967 4495 parturien-

2072 4423 2398 4492 γεγενῆσθαι
2437 4424 2541 4477 ὑπὸ
2570 4422 2663 4477 τοῦ
2701 4424 2873 4494 βιαίου
2907 4426 3234 4495 πνεύματος,
3257 4426 3352 4479 τοῦ
3384 4429 3450 4480 τά
3480 4430 3643 4481 πλοῖα

297 4517 300 4520 ’
397 4518 552 4572 tium.
586 4517 717 4582 Quae
761 4518 941 4571 omnia
1008 4519 1268 4572 adversus
1318 4517 1454 4572 istos
1495 4518 1740 4571 evenisse
1771 4516 1904 4571 dicit
1934 4532 1965 4571 a

399 4609 594 4678 Spiritu
648 4610 950 4664 vehementi
1002 4611 1094 4679 qui
1131 4609 1389 4678 fugitivas
1427 4624 1593 4663 naves
1648 4608 1960 4678 confringit,

399 4716 518 4767 quae
547 4701 793 4770 improbo
828 4701 962 4756 mari
993 4701 1154 4769 nujus
1184 4701 1306 4754 vitae
1331 4700 1594 4753 innatant.
1627 4717 1646 4750 ‹
1683 4699 1739 4753 1η
1770 4699 1968 4769 spiritu

396 4789 700 4844 vehementi
715 4787 1391 4845 conteresnavesTharsis.
1406 4806 1424 4839 ›
1444 4787 1613 4841 Porro
1637 4787 1725 4841 cui
1749 4788 1893 4857 quod
1912 4788 1966 4841 in

399 4881 771 4950 apostolorum
810 4881 960 4934 Actis
996 4881 1265 4948 proditum
1291 4891 1392 4938 est.
1427 4880 1689 4933 memoria
1723 4895 1831 4933 non
1865 4895 1962 4933 ex-

397 4971 548 5032 cidit,
610 4971 700 5026 ille
729 4988 838 5025 non
870 4972 1085 5040 ignorat
1115 4972 1360 5038 spiritum
1396 4971 1543 5023 illum
1568 4969 1963 5033 vehementem,

398 5062 490 5130 qui
555 5061 837 5130 discipulis
900 5063 954 5116 in
1005 5063 1286 5116 caenaculo
1336 5062 1678 5131 congregatis
1717 5062 1966 5130 COgnitus

397 5161 482 5206 est
515 5152 562 5183 ⁸⁸
621 5172 634 5204 :
671 5153 873 5221 quique
899 5153 1237 5222 prophetiam
1284 5149 1437 5206 Jonas
1489 5159 1694 5206 attente
1742 5153 1892 5221 legit,
1921 5153 1966 5207 is

400 5245 684 5316 perspicue
706 5247 1043 5314 exploratum
1069 5245 1248 5311 habet,
1284 5259 1408 5299 eum
1435 5244 1524 5313 qui
1553 5258 1583 5295 a
1614 5241 1722 5296 Deo
1757 5242 1962 5307 deficit,

396 5351 644 5407 quarere
689 5352 877 5390 navem
920 5337 973 5389 in
1004 5335 1230 5392 Tharsis
1272 5343 1486 5391 euntem
1519 5334 1585 5387 ³⁵.
1611 5332 1816 5388 Deinde
1848 5349 1964 5387 ser-

396 5443 557 5482 mone
584 5429 741 5497 quasi
775 5428 826 5481 in
853 5428 988 5484 duas
1019 5444 1278 5498 personas
1328 5427 1643 5490 distributo,
1686 5427 1739 5479 in
1768 5427 1966 5494 priori-

397 5517 500 5571 bus
527 5517 743 5586 quidem
785 5533 1070 5586 personam
1118 5530 1169 5573 et
1203 5519 1445 5572 habitum
1473 5516 1593 5586 ejus
1637 5515 1832 5580 induit,
1872 5517 1964 5585 qui

461 5695 512 5730 ⁸³
536 5695 728 5750 Genes.
757 5713 793 5763 ι,
829 5697 880 5751 8.
959 5697 1002 5726 ⁸³
1038 5698 1155 5750 Act.
1190 5712 1246 5761 ιι,
1275 5696 1326 5746 9..
1404 5694 1447 5725 ⁸⁵
1487 5692 1608 5746 Jon.
1658 5708 1697 5757 ι,
1721 5691 1754 5745 5
1783 5705 1908 5760 sqq.

2069 4515 2170 4583 τῆς
2200 4515 2531 4577 ἁποστασίας
2573 4515 2964 4586 συντρίϐοντος,
2995 4516 3058 4569 τά
3080 4516 3262 4579 κακῶς
3299 4521 3364 4588 τῇ
3398 4517 3646 4591 θαλάσσῃ

2071 4607 2162 4660 τοῦ
2207 4607 2319 4676 βίου
2353 4607 2764 4671 ἐπιπολάζοντα.
2789 4627 2807 4658 ‹
2831 4609 2916 4660 Ἐν
2947 4609 3215 4678 πνεύματι
3245 4627 3263 4659 ι
3295 4609 3423 4680 γὰρ,
3453 4612 3644 4680 φησιν,

2078 4717 2098 4749 ‹
2147 4697 2303 4768 βιαίῳ
2335 4698 2646 4769 συντρίψεις
2683 4701 2840 4752 πλοῖα
2884 4699 3134 4770 Θαρσεῖς.
3178 4720 3196 4751 ι
3237 4702 3296 4754 ’0
3320 4702 3376 4754 δὲ
3413 4702 3513 4771 τῆς
3534 4704 3648 4757 τῶν

2073 4790 2331 4859 Πράξεων
2365 4790 2600 4861 ἱστορίας
2628 4789 2724 4862 τὴν
2757 4793 2973 4862 μνήμην
3001 4791 3274 4860 ἐχων,οὑκ
3317 4795 3503 4860 ἀγνοεῖ
3545 4795 3648 4865 τὴν

2077 4880 2256 4950 βιαίαν
2295 4881 2459 4951 πνοὴν
2484 4882 2583 4953 τὴν
2614 4881 2672 4935 ἐν
2700 4882 2776 4951 τῷ
2807 4881 3038 4951 ὑπερῴῳ
3066 4885 3177 4945 τοῖς
3208 4881 3473 4952 μαθηταῖς
3501 4900 3649 4950 γνω-

2074 4974 2365 5044 ρισθεῖσαν,
2406 4975 2515 5026 Καὶ
2542 4977 2570 5026 ὁ
2594 4977 2660 5044 τῇ
2689 4973 2994 5044 προφητείᾳ
3027 4972 3120 5025 τοῦ
3155 4974 3308 5026 Ἰωνᾶ
3332 4991 3643 5044 προσεσχη-

2069 5065 2200 5128 κὼς,
2236 5065 2491 5132 γινώσκει
2525 5066 2757 5128 πάντως,
2791 5066 2870 5118 ὅτι
2903 5066 2931 5117 6
2959 5064 3051 5117 τοῦ
3087 5064 3222 5116 Θεοῦ
3267 5067 3511 5127 ἀποστὰς
3543 5066 3642 5136 ζη-

2067 5160 2152 5210 τεῖ
2172 5157 2350 5210 πλοῖον
2373 5157 2432 5208 τὸ
2462 5157 2554 5209 ἐπὶ
2582 5157 2811 5227 Θαρσεῖς
2842 5156 3268 5226 ναυτιλλόμενον.
3295 5152 3428 5209 Εἶτα
3452 5156 3646 5228 ὥσπερ

2068 5249 2160 5302 δύο
2213 5248 2518 5320 προσώποις
2571 5248 2941 5319 ὲπιμερισθεὶς
2990 5250 3016 5301 ὁ
3050 5248 3224 5316 λόγος,
3251 5250 3308 5300 ἐν
3374 5248 3472 5317 μὲν
3530 5253 3646 5312 τοῖς

2073 5336 2432 5408 προλαϐοῦσιν
2454 5338 2513 5390 τὸ
2545 5335 2637 5390 τοῦ
2670 5337 3125 5407 προαγορεύοντος
3154 5335 3444 5388 ὑποδύεται
3475 5337 3648 5406 πρόσ-

2072 5443 2256 5491 ωπον,
2295 5429 2353 5479 ὲν
2390 5426 2445 5478 δὲ
2495 5429 2606 5489 τοῖς
2653 5425 2882 5493 ἐφεξῆς,
2926 5425 3025 5487 τὰς
3070 5423 3178 5474 τῶν
3225 5422 3647 5491 ὑποδεξαμένων

2071 5516 2162 5571 τὸν
2191 5517 2345 5586 λόγον
2370 5519 2550 5587 φωνὰς
2580 5515 2947 5586 ὑποκρίνεται.
2990 5516 3153 5583 Λέγει
3184 5514 3290 5585 γὰρ
3324 5513 3649 5586 συντιθέμεο
