3838 6224
90 411 171 463 5ὲῖ
1443 410 1509 465 ιΝ
1549 408 1622 464 PS

1729 409 1881 463 MOS.

3185 403 3286 458 558

87 545 161 589 νος
187 529 244 597 τῇ
278 525 491 597 ἀληθεία
533 524 638 578 τῶν
676 529 1113 598 προηγουμένων,
1141 528 1338 581 ὡσανεὶ
1382 529 1510 598 παρ’
1533 525 1622 580 άλ-

1729 525 1972 578 oratione
2021 523 2233 593 aliquos
2291 531 2548 593 tanquam
2593 521 2702 575 dux
2762 520 3060 580 antecedit;
3097 528 3286 590 postea

87 616 163 670 λου
183 615 312 678 τινὸς
333 616 398 670 τὰ
433 617 689 686 εἰρημένα
724 618 929 688 μαθὼν,
957 619 1058 680 ὅτι,
1086 637 1104 668 σ
1147 617 1412 686 Καθάπερ
1446 616 1612 686 ἡκού-

89 726 269 777 σειμεν,
295 708 459 772 οὕτως
515 710 607 761 καὶ
658 708 858 780 ῐδομεν.
922 709 1009 761 Ἐν
1059 709 1212 762 πόλει
1254 708 1459 779 Κυρίου
1504 707 1613 759 τῶν

86 800 349 868 δυνάμεων,
388 801 443 852 ἐν
475 801 622 852 πόλει
647 801 740 853 τοῦ
769 801 902 853 Θεοῦ
930 800 1105 871 ἡμῶν.
1145 819 1164 851 ι
1196 799 1288 852 Διὸ
1319 799 1410 852 καὶ
1439 815 1614 868 παρα-

89 893 435 964 κελευομένους
479 894 724 964 ἀλλήλοις
764 894 1019 964 ἐποίησεν
1059 895 1185 956 τοὺς
1214 895 1270 946 εν
1299 893 1458 962 ἠδονῇ
1490 892 1615 944 θεα-

91 984 340 1051 σαμένους,
366 983 400 1037 ἃ
429 985 762 1056 ἠκούσαμεν.
838 984 902 1038 Ἦ
932 985 987 1036 δὲ
1018 978 1616 1054 ωρακέλευσιςῆνηὸ,

94 1098 109 1126 ι
140 1074 441 1131 Κυκλώσατε
466 1073 602 1127 Σιὼν
640 1074 736 1127 καὶ
758 1071 1080 1144 περιλάϐετε
1111 1069 1307 1140 αὑτήν.
1343 1073 1614 1141 Διηγήσα-

95 1164 166 1214 σθε
188 1167 238 1214 εν
259 1167 361 1224 τοῖς
391 1162 614 1230 πύργοις
639 1163 828 1232 αὐτῆς.
863 1161 1030 1214 Θέσθε
1075 1161 1174 1223 τὰς
1207 1161 1432 1232 καρδίας
1460 1161 1613 1231 ὑμῶν

92 1256 155 1316 εἰς
191 1255 276 1323 τὴν
297 1253 511 1324 δύναμιν
539 1255 727 1324 αὐτῆς,
761 1254 854 1305 καὶ
897 1253 1272 1305 καταδιέλεσθε
1303 1252 1401 1314 τὰς
1429 1252 1614 1322 βάρεις

90 1345 229 1412 αὶτῆς
253 1361 264 1373 ·
301 1363 316 1394 ι
351 1345 439 1396 καὶ
473 1345 572 1397 ὅσα
618 1344 759 1397 κατὰ
788 1343 847 1396 τὸ
873 1344 1160 1398 ἀκόλουθον
1210 1346 1452 1416 περιέχει
1481 1347 1508 1398 6
1535 1345 1615 1398 λό-

91 1450 183 1500 ῖοςο

147 1707 282 1759 Μετὰ
327 1707 478 1760 τοῦτο
521 1707 578 1760 δὲ
624 1708 689 1761 δι’
724 1707 1014 1762 ἀκολούθου
1051 1710 1130 1772 είς
1172 1711 1352 1763 πᾶσαν
1385 1709 1485 1781 τὴν
1511 1712 1613 1780 γῆν

90 1795 300 1865 imponi
330 1795 418 1848 τού
455 1797 615 1864 λόγου
645 1798 706 1849 τὸ
745 1799 1024 1868 κήρυγμα,
1065 1799 1158 1852 καὶ
1193 1799 1382 1869 ὥσπερ
1410 1794 1479 1869 ἦν
1510 1800 1614 1872 πρὸ

89 1890 168 1956 τῆς
212 1887 498 1957 συγχύσεως
534 1891 640 1942 τῶν
687 1890 948 1957 γλωσσῶν
998 1890 1173 1961 χεῖλος
1217 1891 1274 1943 ἓν
1327 1893 1492 1944 πᾶσιν
1525 1895 1618 1945 καὶ

93 1979 171 2042 μία
197 1981 328 2049 φωνή
367 1996 380 2009 ·
407 1979 549 2033 οὕτω
580 1981 673 2033 καὶ
703 1981 798 2034 νῦν
848 1981 1027 2036 πάντα
1061 1982 1128 2035 τὰ
1161 1982 1286 2053 ἔθνη
1312 2023 1326 2046 ,
1360 1985 1452 2036 καὶ
1482 1987 1514 2055 ὴ
1545 1986 1620 2036 oi-

90 2069 290 2138 κουμένη
332 2071 474 2123 πᾶσα
522 2072 620 2123 καὶ
667 2071 868 2136 πάντες
914 2073 1188 2144 ἄνθρωποι
1234 2077 1332 2146 μία
1381 2077 1620 2145 γίνονται

89 2162 218 2231 ἀκοὴ,
251 2164 336 2215 καὶ
381 2164 578 2233 καρδία
613 2163 746 2233 μία,
782 2165 899 2227 ἑνὸς
947 2168 1059 2228 τοῖς
1098 2167 1261 2218 πᾶσιν
1303 2168 1622 2238 ὲνηχοῦντος

92 2252 166 2306 τοῦ
193 2253 351 2322 λόγου.
381 2255 566 2307 Πᾶσαν
600 2256 707 2325 γάρ
750 2254 890 2309 κατὰ
914 2255 1110 2309 ταύτὸν
1141 2256 1238 2328 τὴν
1277 2258 1621 2329 ἀνθρωπίνην

89 2346 222 2411 φύσιν
247 2347 603 2418 ἐκκλησιάσας
621 2377 652 2412 ,-
673 2349 768 2400 καὶ
809 2347 1032 2420 θέατρον
1061 2348 1118 2402 ἒν
1149 2350 1240 2403 τὸν
1269 2351 1468 2422 κόσμον
1503 2352 1622 2405 ὅλον

87 2435 234 2505 ἑαυτῷ
261 2439 607 2506 περιστήσας,
637 2439 786 2507 κοινῇ
819 2441 931 2501 τοῖς
959 2440 1123 2492 πᾶσιν
1146 2440 1320 2510 ἐμϐοᾷ
1335 2441 1426 2495 τὸν
1441 2442 1618 2512 λόγον·

94 2527 434 2594 «Ἀκούσατε,
472 2528 684 2596 λέγων,
732 2530 910 2582 πάντα
956 2530 1023 2584 τά
1074 2531 1223 2601 ἔθνη,
1272 2534 1620 2600 ἐνωτίσασθε,

90 2619 254 2682 πάντες
284 2622 327 2672 οἱ
362 2621 740 2684 κατοικοῦντες
772 2621 870 2692 τὴν
907 2623 1247 2694 οίκουμένην.
1281 2626 1346 2678 Οἳ
1369 2643 1427 2678 τε
1456 2644 1623 2697 γηγε-

88 2711 173 2770 νεῖς
208 2711 290 2761 καὶ
324 2711 425 2763 υἱοὶ
463 2711 573 2764 τῶν
623 2711 959 2783 ἀνθρώπων·
1009 2714 1102 2766 καὶ
1152 2715 1394 2770 πλουτῶν
1444 2733 1527 2781 τις
1565 2721 1624 2771 ὲν

90 2801 209 2869 ἡμῖν,
239 2800 335 2853 κᾶν
361 2803 652 2872 πενόμενος
676 2803 832 2874 τύχῃ.
863 2823 880 2854 ι
922 2804 1156 2868 Ταύταις
1186 2807 1294 2877 γὰρ
1321 2809 1442 2870 ταῖς
1476 2811 1623 2882 τρισὶ

93 2891 331 2958 συζυγίαις
375 2894 551 2946 πᾶσαν
580 2893 816 2960 γενικῶς
856 2893 1209 2964 διαλαμϐάνει
1235 2896 1333 2967 τὴν
1363 2899 1504 2952 κατὰ
1532 2900 1625 2953 τὸν

93 2978 181 3044 βίον
209 2980 304 3031 τῶν
341 2981 580 3051 οὐρανῶν
633 2983 912 3054 διαφοράν.
952 2985 1038 3038 Ἐν
1069 2988 1132 3055 τῇ
1161 2986 1350 3057 πρώτῃ
1376 2989 1622 3059 συζυγίᾳ,

92 3070 191 3140 ξῧνη
219 3071 353 3139 λέγει
379 3074 576 3136 πάντα,
607 3076 702 3127 καὶ
738 3076 863 3138 τοὺς
887 3077 1274 3142 κατοικοῦντας
1312 3079 1408 3151 τὴν
1447 3083 1626 3134 οἰκου-

1715 631 1876 670 voces
1948 615 2394 684 subsequentiuni
2455 619 2826 681 rcprzcsentat.
2889 611 3064 679 Inquit
3116 611 3287 670 enim,

1715 706 2020 761 assentiens
2083 705 2292 759 veritati
2351 718 2539 758 eorum
2595 719 2713 772 qu:e
2765 702 3075 770 supradicta
3135 706 3286 760 sunt,

1715 799 1874 867 quasi
1929 799 1998 852 ab
2056 797 2161 850 alio
2205 796 2439 864 quodam
2499 809 2620 864 qua:
2672 793 2903 854 dixerat,
2967 791 3287 846 didicisset:

1719 906 1739 938 ι
1776 887 2241 953 Quemadmodum
2283 884 2608 949 audivimus,
2650 885 2729 938 sic
2770 891 2824 938 ct
2851 883 3108 945 vidimus,
3137 881 3192 935 in
3213 884 3293 935 ci-

1716 979 1883 1034 vitate
1921 977 2134 1032 Domini
2170 977 2430 1032 virtutum
2455 1019 2468 1040 ,
2508 977 2562 1030 in
2613 977 2832 1032 civitate
2881 975 2971 1029 Dei
3026 975 3220 1028 nostri.
3265 993 3285 1025 ι

1715 1071 1831 1136 Qua
1855 1072 1920 1125 de
1939 1086 2106 1125 causa
2141 1070 2445 1124 introduxit
2478 1070 2642 1122 etiam
2679 1076 2867 1121 mutuo
2898 1083 2956 1120 se
2997 1067 3292 1120 cohortan-

1715 1173 1819 1226 tes,
1849 1164 1991 1228 illus,
2026 1162 2116 1231 qui
2159 1177 2282 1215 cum
2333 1161 2693 1214 delectatione
2733 1159 3002 1222 viderant,
3041 1174 3160 1227 qua:
3193 1173 3291 1211 au—

1715 1255 1948 1308 diei-ant.
1974 1252 2290 1308 Cohortatio
2313 1260 2489 1305 autem
2510 1251 2817 1321 hujusmodi
2852 1258 2937 1303 est
2963 1267 2976 1302 :
3000 1269 3017 1300 ι
3043 1249 3291 1303 Circum-

1715 1346 1841 1400 date
1878 1344 2032 1406 Sion,
2067 1352 2121 1399 et
2153 1343 2581 1411 complectimini
2619 1358 2762 1405 eam,
2792 1351 3010 1396 narrate
3038 1343 3092 1395 in
3122 1341 3291 1393 turri-

1715 1437 1818 1490 bus
1831 1435 2172 1505 ejus,ponite
2189 1433 2351 1488 corda
2378 1442 2557 1488 vestra
2577 1434 2628 1488 in
2645 1433 2847 1488 virtute
2878 1435 3016 1503 ejus,
3043 1442 3096 1487 ct
3115 1434 3293 1488 distri-

1715 1528 1862 1583 buite
1891 1529 2085 1583 domus
2115 1527 2256 1596 ejus,
2284 1545 2301 1575 ›
2327 1533 2379 1579 et
2399 1534 2590 1580 caetera
2607 1525 2939 1596 quaaibidem
2967 1535 3288 1594 sequuntur.

1784 1708 1916 1764 Post
1959 1709 2076 1764 haec
2102 1709 2356 1765 diffundit
2388 1710 2826 1780 praedicationem
2851 1725 3005 1765 suam
3032 1709 3085 1762 in
3117 1717 3289 1762 totum

1717 1807 1985 1854 terrarum
2020 1801 2224 1866 orbem,
2263 1812 2316 1856 et
2370 1801 2826 1870 quemadmodum
2857 1811 2981 1855 ante
3016 1801 3294 1854 confusio-

1720 1907 1843 1945 nem
1872 1892 2179 1963 linguarum
2215 1893 2470 1948 omnibus
2506 1901 2625 1946 erat
2655 1907 2824 1946 unum
2864 1893 3067 1946 labium
3103 1903 3157 1946 et
3187 1908 3294 1946 una

1718 1996 1844 2046 vox,
1873 1982 1953 2037 sic
1974 1990 2029 2035 et
2069 1998 2217 2036 nunc
2260 1999 2450 2038 omnes
2503 1989 2719 2052 gentes,
2772 1992 2825 2037 et
2860 1989 3007 2038 totus
3040 1983 3211 2048 orbis,
3241 1992 3298 2036 et

1719 2088 1908 2127 omnes
1969 2073 2240 2138 homines,
2304 2076 2441 2128 liunt
2500 2089 2644 2127 unus
2700 2075 2849 2128 velut
2914 2074 3179 2137 auditus,
3241 2084 3296 2126 et

1719 2179 1888 2217 unum
1919 2179 2033 2228 cor,
2093 2179 2198 2216 una
2231 2163 2479 2218 oratione
2508 2165 2785 2228 omnibus,
2808 2173 2862 2218 et
2889 2165 2957 2219 ad
2987 2180 3178 2219 omnes
3211 2164 3294 2217 in-

1721 2264 1973 2310 sonante.
2006 2254 2240 2308 Collecta
2293 2255 2437 2309 enim
2487 2271 2650 2308 unum
2716 2255 2771 2309 in
2820 2255 2998 2308 locum
3043 2263 3155 2308 tota
3195 2255 3294 2308 hu-

1721 2363 1881 2402 mana
1904 2347 2184 2410 societate,
2242 2360 2458 2415 unoque
2507 2347 2661 2416 quasi
2714 2345 2924 2400 theatro
2945 2362 3010 2400 ex
3041 2346 3294 2401 omnibus

1723 2445 1992 2490 terrarum
2033 2435 2145 2490 oris
2185 2442 2485 2494 exstructo.
2519 2435 2771 2490 omnibus
2827 2436 3030 2504 pariter
3082 2450 3294 2489 scrmo~

1723 2543 1846 2583 nem
1911 2527 2061 2580 illum
2093 2525 2346 2580 intonat:
2383 2545 2399 2576 ι
2434 2527 2630 2580 Audite
2657 2527 2801 2586 lucc,
2838 2542 3027 2580 onmes
3079 2535 3294 2597 gentes,

1723 2620 1950 2675 auribus
1980 2619 2260 2689 percipite,
2295 2633 2485 2673 omnes
2523 2619 2614 2688 qui
2653 2619 2906 2673 habitatis
2940 2619 3150 2680 orbem,
3182 2620 3299 2688 qui-

1723 2729 1830 2784 que
1854 2713 2142 2782 terrigena:
2160 2720 2214 2766 et
2237 2709 2328 2763 lilii
2348 2707 2830 2772 hominum,simul
2850 2710 2901 2764 in
2929 2727 3117 2772 unum,
3143 2709 3295 2766 dives

1723 2813 1778 2860 et
1815 2819 2019 2875 pauper
2051 2803 2118 2854 ⁸⁸.
2161 2821 2179 2854 ι
2217 2800 2312 2854 llis
2339 2802 2486 2855 enim
2517 2801 2696 2854 tribus
2724 2801 3204 2871 conjugationibus
3239 2811 3298 2856 et

1723 2895 2009 2950 ordinibus
2047 2893 2348 2962 generatim
2375 2891 2690 2961 complexus
2746 2898 2830 2945 est
2869 2906 3084 2946 omnem
3116 2892 3296 2946 diver-

1726 2986 1965 3044 sitatem.
1995 2997 2115 3051 quae
2161 2981 2216 3034 in
2250 2981 2350 3034 hac
2379 2980 2489 3034 vita
2535 2978 2844 3034 mortalium
2887 2989 3129 3049 apparet.
3162 2979 3296 3034 Nam

1728 3081 1904 3150 primo
1933 3077 2120 3130 ordine
2153 3081 2308 3127 vocat
2351 3088 2542 3132 omnes
2575 3079 2784 3141 gentes,
2814 3073 3018 3142 quique
3049 3071 3298 3124 habitant

92 3162 256 3231 μένην·
284 3165 353 3227 ὡς
395 3169 507 3228 τοῖς
543 3167 643 3236 μὲν
686 3168 909 3236 ὀνόμασι
953 3169 1060 3221 τῶν
1092 3169 1287 3234 ἐθνῶν,
1317 3172 1416 3235 τὰς
1468 3191 1622 3244 περι-

1728 3171 1934 3227 orbem,
1967 3175 2025 3219 ut
2063 3165 2304 3235 gentium
2337 3160 2554 3233 quidem
2591 3161 2811 3215 nomine
2843 3160 3300 3229 circumscriptio-

92 3254 267 3320 γραφάς
291 3256 392 3308 τῶν
415 3257 598 3310 τόπων
635 3258 996 3327 σημαίνεσθαι
1015 3275 1029 3289 ’
1046 3257 1124 3328 τῷ
1145 3259 1202 3312 δὲ
1232 3261 1430 3330 ἑφεξῆς
1459 3262 1620 3332 λόγῳ,

91 3346 192 3408 τοὺς
215 3346 310 3398 τῶν
358 3349 535 3402 τόπων
588 3351 898 3420 οἰκήτορας.
941 3353 1195 3423 Γηγενεῖς
1220 3354 1278 3407 δὲ
1319 3355 1487 3408 εἰπὼν
1532 3358 1625 3410 καὶ

91 3431 348 3501 ἀνθρώπων
380 3437 550 3501 υἱοὺς,
582 3439 712 3502 τοὺς
743 3439 1040 3508 σαρκώδεις
1061 3459 1118 3494 τε
1151 3444 1244 3495 καὶ
1273 3447 1487 3513 χοῖκοὺς
1531 3448 1625 3500 καὶ

95 3520 414 3594 ὀλογωτέρους
444 3529 713 3600 διακρίνει
738 3531 844 3583 ἀπὸ
872 3531 980 3584 τῶν
1013 3533 1353 3605 σωζομένων,
1391 3539 1481 3591 καί
1504 3557 1624 3592 τινα

95 3615 138 3662 ἐν
159 3615 316 3679 αὐτοῖς
353 3621 679 3690 χαρακτῆρα
711 3622 809 3691 τῆς
852 3623 1198 3697 ἀνθρωπίνης
1237 3628 1450 3697 φύσεως
1478 3631 1627 3700 ὲχόνο

92 3721 193 3758 των.
219 3710 364 3773 Ἰδιος
404 3712 460 3764 δὲ
501 3715 794 3785 χαρακτὴρ
826 3716 1186 3789 ἀνθρώπου,ή
1229 3721 1366 3791 πρὸς
1400 3719 1631 3773 τὸΘεῖον

92 3799 321 3868 ὁμοίωσις.
369 3805 432 3858 Ἡ
457 3805 514 3858 δὲ
545 3804 692 3858 κατὰ
732 3807 921 3860 πενίαν
955 3826 1014 3860 τε
1048 3810 1143 3862 καὶ
1186 3809 1415 3864 πλοῦτον
1448 3812 1629 3864 ἀνισό-

95 3904 171 3956 της
195 3892 276 3943 τοῦ
302 3892 435 3961 βίου,
473 3895 536 3946 τὸ
569 3895 932 3962 γενικώτατόν
959 3901 1105 3951 ἐστιν
1136 3902 1301 3954 αἴτιον
1325 3903 1423 3972 τῆς
1447 3903 1626 3956 ποικί-

93 3977 169 4047 λης
196 3999 243 4034 τε
268 3985 354 4036 καὶ
379 3985 697 4049 πολυειδοῦς
721 3987 828 4039 τῶν
857 3989 914 4040 ὲν
940 3988 1246 4059 ἀνθρώποις
1286 3993 1630 4064 πραγμάτων

95 4071 377 4140 ἀνωμαλίας.
408 4077 506 4139 Τίς
557 4073 715 4140 οὗτος
752 4079 780 4130 6
811 4079 868 4130 ὲν
913 4079 1152 4150 τοσούτῳ
1189 4083 1282 4135 καὶ
1326 4083 1628 4154 τηλικούτῳ

95 4161 393 4236 ἀκροατηρίῳ
429 4168 765 4239 δημηγορῶν
801 4186 815 4233 ;
843 4169 940 4232 Τίς
972 4170 1146 4236 ἄλλος,
1179 4173 1283 4244 ἢ,ὁ
1336 4176 1628 4246 μαρτυρῶν

94 4254 138 4304 ἐν
163 4257 306 4327 αὐτῷ,
344 4260 423 4312 ὅτι
465 4261 662 4329 σοφίαν
703 4261 925 4333 λαλήσει
969 4265 1064 4317 καὶ
1098 4265 1311 4319 σύνεσιν
1344 4284 1358 4333 ;
1392 4268 1542 4322 λαλεῖ
1571 4270 1627 4322 δὲ

95 4345 221 4410 αὐτὰ,
262 4351 288 4401 6
324 4350 456 4420 ἔχων
484 4351 712 4423 Πνεῦμα
751 4354 940 4423 σοφίας
979 4373 1038 4408 τε
1074 4357 1168 4411 καὶ
1203 4359 1492 4426 συνέσεως,
1529 4362 1628 4433 τὴν

98 4440 299 4510 μεγάλην
331 4443 534 4512 ταύτην
590 4444 768 4513 χάριν,
799 4445 899 4517 τὴν
931 4447 996 4499 ὲκ
1034 4450 1306 4520 προσοχῆς
1335 4454 1427 4506 καὶ
1471 4455 1629 4522 μελέε-

1730 3277 1850 3315 nem
1877 3260 2118 3312 locorum
2169 3253 2589 3324 signiﬁcaverit;
2625 3252 2974 3322 sequentibus
3022 3267 3150 3305 vero
3178 3265 3300 3305 ver-

1730 3355 1814 3408 bis
1872 3352 2114 3405 locorum
2155 3348 2382 3403 incolas.
2442 3345 2580 3399 Cum
2636 3353 2815 3399 autem
2882 3343 3186 3412 terrigenas
3244 3351 3300 3396 et

1730 3445 1866 3498 ﬁlios
1897 3443 2174 3495 hominum
2209 3439 2470 3502 nominat,
2537 3437 2772 3490 secernit
2825 3435 3074 3489 carnales
3098 3443 3152 3489 et
3184 3450 3303 3490 cor-

1728 3536 1908 3605 poreis
1952 3534 2114 3589 rebus
2154 3531 2418 3594 addictos,
2449 3536 2499 3584 et
2525 3543 2556 3582 a
2595 3529 2803 3582 ratione
2848 3529 3080 3582 alienam
3127 3528 3294 3583 vitam

1728 3628 2006 3696 degentes,
2049 3625 2117 3677 ab
2164 3622 2247 3675 his
2283 3622 2374 3690 qui
2414 3621 2712 3684 salvantur,
2747 3627 2802 3674 et
2857 3621 3090 3688 aliquem
3115 3621 3301 3676 chara-

1729 3729 1928 3772 cterem
1952 3723 2161 3769 natura:
2194 3713 2444 3766 humana:
2486 3713 2540 3766 in
2584 3727 2644 3767 se
2681 3713 2996 3766 continent:
3046 3714 3298 3782 proprius

1729 3826 1858 3866 vero
1891 3809 2128 3864 hominis
2153 3808 2436 3883 character
2456 3812 2542 3862 est
2587 3805 2886 3861 similitudo
2913 3820 3036 3860 cum
3078 3804 3206 3860 Deo.
3229 3806 3300 3860 At

1730 3900 2068 3970 inaequalitas
2095 3899 2241 3952 circa
2297 3903 2669 3966 paupertatem
2714 3905 2767 3949 et
2799 3895 3018 3950 divitias
3065 3896 3301 3952 maxime

1730 3993 1998 4067 generalis
2028 4005 2192 4046 causa
2222 3999 2304 4045 est
2329 3989 2492 4044 varia:
2555 3996 2608 4042 et
2654 3987 3004 4042 multiformis
3041 3988 3188 4044 illius
3218 3989 3298 4042 di-

1729 4084 2026 4146 versitatis,
2055 4097 2177 4152 quae
2205 4082 2259 4136 in
2307 4080 2586 4136 hominum
2629 4078 2860 4147 negotiis
2905 4077 3184 4132 elucescit.
3234 4081 3299 4132 Et

1730 4181 1853 4251 quis
1873 4179 1996 4240 iste,
2035 4175 2125 4246 qui
2168 4175 2222 4228 in
2261 4174 2355 4227 tali
2402 4187 2466 4226 ac
2501 4179 2654 4224 tanto
2697 4171 2970 4224 auditorio
3013 4171 3300 4224 conciona-

1730 4271 1860 4326 tur?
1884 4269 2007 4339 quis
2040 4267 2200 4327 alius,
2232 4278 2393 4334 quam
2420 4261 2513 4332 qui
2564 4261 2617 4314 in
2651 4263 2834 4330 seipso
2862 4268 3095 4316 testatur
3127 4277 3186 4316 se
3216 4263 3297 4313 lo-

1730 4371 1984 4416 cuturum
2013 4356 2329 4426 sapientiam
2356 4362 2410 4409 et
2465 4351 2848 4422 prudentiam?
2873 4349 3136 4420 Loquitur
3166 4366 3298 4405 vero

1731 4457 1845 4510 ha-c
1876 4455 1984 4517 ille,
2015 4451 2104 4520 qui
2128 4446 2286 4502 habet
2303 4445 2564 4516 Spiritum
2587 4444 2863 4514 sapientia:
2884 4451 2937 4498 et
2965 4443 3293 4506 intellectus,

95 4544 173 4598 της
197 4534 643 4605 κατορθουμένην.
677 4536 750 4588 Οὐ
788 4537 894 4607 γὰρ
933 4539 1192 4610 πρότερον
1221 4537 1373 4596 εἶπεν
1393 4545 1622 4612 ἀνοίγειν

1731 4547 1983 4603 eximiam
2011 4543 2172 4597 istam
2215 4538 2463 4606 gratiam,
2493 4551 2614 4602 quae
2641 4550 2708 4589 ex
2738 4541 2939 4590 attenta
2956 4548 3085 4588 cura
3107 4541 3162 4587 et
3185 4549 3297 4589 meo

97 4620 142 4670 τὸ
157 4623 326 4692 στόμα.
347 4627 472 4696 πρὶν
503 4626 790 4679 ὐποκλῖναι
813 4629 912 4698 τὴν
946 4629 1114 4701 ἀκοὴν
1134 4630 1211 4701 τῷ
1228 4633 1626 4704 παραϐάλλοντι

96 4705 207 4779 λόγῳ
226 4726 239 4740 °
268 4731 285 4763 ι
314 4715 383 4766 Τὸ
425 4717 604 4785 στόμα
649 4734 773 4786 μου,
810 4734 829 4766 ι
859 4718 1042 4788 φησιν,
1093 4739 1111 4770 ι
1149 4721 1371 4792 λαλήσει
1403 4725 1593 4792 σοφίαν
1612 4762 1628 4786 ,

95 4802 220 4871 κιὶὴ
252 4805 436 4877 μελέτη
461 4807 561 4876 τῆς
592 4807 817 4876 καρδίας
847 4825 946 4877 μου
975 4810 1206 4867 σύνεσιν.
1245 4831 1266 4865 ι
1317 4814 1428 4868 Καὶ
1476 4815 1628 4887 πρῶ-

97 4905 165 4940 τον
194 4909 211 4944 ι
247 4892 403 4949 κλινῶ
433 4897 514 4959 εἰς
539 4897 858 4969 παραϐολὴν
894 4900 955 4951 τὸ
991 4896 1084 4965 οὖς
1139 4919 1270 4972 μου,
1309 4921 1326 4954 ι
1365 4905 1458 4957 καὶ
1506 4907 1626 4959 τότε

101 5000 114 5028 ι
144 4984 312 5049 άνοίξω
342 4988 400 5037 ἐν
447 4987 736 5059 ψαλτηρίῳ
769 4989 829 5041 τὸ
861 4991 1154 5062 πρόϐλημά
1188 5011 1309 5062 μου.
1359 5013 1377 5045 ι
1416 4995 1509 5059 Τίς
1536 4993 1628 5051 οὖν

96 5072 120 5136 ἡ
153 5073 358 5141 σὸνεσις,
383 5080 475 5130 καὶ
513 5079 567 5130 τί
598 5079 660 5130 τὸ
691 5080 1012 5152 πρόὸλημα;
1037 5081 1151 5134 Οὐκ
1177 5081 1336 5149 οἶδεν,
1375 5088 1558 5158 φησὶνν
1593 5091 1626 5159 ἡ

92 5162 166 5212 τοῦ
195 5164 314 5218 Θεοῦ
342 5169 514 5233 κτίσις
561 5173 802 5242 πονηρᾶς
831 5189 974 5236 τινος
1005 5174 1218 5246 ἡμέρας
1264 5180 1623 5250 κατασκευὴν,

95 5248 151 5307 ὡς
168 5258 408 5326 μαρτυρεῖ
431 5261 532 5328 τῆς
557 5262 938 5330 κοσμογενείας
966 5263 1303 5331 όλόγος,ὰλλ’
1327 5268 1359 5336 ή
1389 5248 1627 5341 ἁμαρτία

91 5341 170 5410 τὴν
192 5346 567 5419 άγαλλιάσιμον
607 5353 836 5422 ἡμέραν,
861 5354 1025 5421 φόϐου
1064 5356 1162 5411 καὶ
1197 5361 1461 5429 τιμωρίας
1500 5363 1627 5432 me.

97 5449 175 5525 ριν
215 5437 473 5508 ἐποίησεν,
506 5441 575 5510 ῆν
615 5441 742 5511 ἐξῆν
789 5445 864 5514 μὴ
904 5445 1215 5514 φοϐεῖσθαι,
1247 5451 1294 5502 εἰ
1344 5451 1418 5525 μὴ
1457 5453 1486 5504 6
1527 5452 1624 5523 τὴν

91 5524 292 5593 πτέρναν
321 5529 474 5597 ἡμῶν
500 5531 774 5602 ἐπιτηρῶν
804 5535 945 5603 ὄφις,
981 5530 1026 5605 ᾧ
1055 5538 1226 5610 ὄνομά
1266 5524 1413 5594 ἐστιν
1445 5545 1476 5612 ὴ
1504 5544 1624 5596 άνο-

95 5612 193 5679 μία,
221 5618 390 5688 κύκλῳ
421 5621 523 5688 τὴν
561 5623 780 5693 πορείαν
807 5627 900 5681 τοῦ
938 5627 1052 5698 βίου
1089 5630 1364 5700 διέλαϐεν,
1400 5634 1478 5705 τῷ
1508 5635 1622 5707 ἰδίῳ

146 5785 187 5817 ⁸⁵
209 5788 336 5845 Psal.
377 5811 572 5859 vam,
599 5797 632 5849 2
663 5813 780 5869 sqq.

1728 4637 1988 4693 ditatioue
2014 4631 2280 4702 provenit.
2315 4625 2431 4681 Non
2461 4626 2606 4681 enim
2637 4627 2788 4695 prius
2818 4624 2954 4678 dixit
2983 4640 3041 4680 se
3083 4623 3296 4694 aperire

1727 4749 1812 4797 os,
1845 4744 2009 4800 quam
2059 4721 2401 4781 inclinaverit
2431 4735 2615 4774 aurem
2672 4719 2738 4773 ad
2780 4733 3088 4773 sermonem
3126 4718 3294 4784 illius,

1731 4820 1826 4891 qui
1855 4819 1905 4873 ei
1945 4814 2267 4886 suggerebat
2299 4810 2501 4864 omnia.
2529 4806 2708 4876 lnquit
2729 4809 2870 4861 enim
2914 4825 2926 4861 :
2969 4826 2987 4858 ι
3021 4804 3096 4861 Os
3120 4822 3296 4861 meum

1730 4915 1983 4981 loquetur
2023 4905 2364 4980 sapientiam,
2421 4909 2476 4956 et
2506 4901 2786 4954 meditatio
2815 4899 2994 4954 cordis
3029 4901 3132 4954 mei
3164 4915 3296 4969 pru-

1729 5003 1990 5063 dentiam,
2025 5019 2043 5050 ι
2100 5013 2196 5052 seu
2228 4995 2599 5049 intellectum:
2634 4995 2976 5064 primumque
3010 5011 3028 5043 ι
3067 4992 3298 5047 inclina»

1728 5095 1798 5148 bo
1840 5109 1891 5147 .n
1941 5088 2251 5159 parabolam
2299 5101 2483 5140 aurem
2519 5101 2715 5146 meam,
2752 5103 2768 5134 ι
2811 5092 2865 5137 et
2913 5091 3044 5142 tunc
3099 5100 3118 5134 ι
3177 5097 3300 5152 ape-

1728 5185 1865 5238 riam
1915 5183 1969 5235 in
2011 5178 2264 5249 psalterio
2310 5176 2733 5245 propositionem
2765 5189 2957 5228 meam.
2994 5193 3012 5225 »
3048 5173 3298 5244 Quaeigi-

1729 5285 1818 5328 tur
1844 5284 1932 5344 est.
1955 5273 2058 5326 ista
2089 5269 2392 5340 prudentia,
2424 5267 2638 5337 etquod
2668 5267 2945 5337 problema
2971 5282 3073 5324 seu
3101 5282 3300 5337 propo-

1730 5361 1886 5420 sitio?
1934 5359 2051 5414 Non
2103 5358 2256 5421 vidit,
2282 5357 2479 5425 inquit,
2504 5356 2596 5410 Dei
2627 5365 2874 5410 creatura
2906 5358 3031 5411 mali
3065 5358 3297 5427 alicujus

1729 5456 1832 5509 diei
1869 5452 2228 5514 eﬂ‘ectionem,
2272 5456 2333 5503 ut
2371 5457 2600 5504 testatur
2630 5449 2870 5504 narratio
2893 5449 3079 5503 mundi
3110 5465 3298 5504 recens

1728 5544 1956 5608 conditi,
1989 5541 2084 5597 sed
2135 5548 2418 5609 peccatum
2487 5540 2768 5595 laetabilem
2801 5541 2945 5596 illam
2969 5550 3023 5596 ct
3081 5543 3294 5612 plenam

1725 5631 2108 5695 exsultationis
2136 5630 2278 5686 diem
2306 5629 2484 5686 eﬂecit
2517 5630 2674 5685 nobis
2704 5630 2844 5701 diem
2875 5632 3086 5687 timeris
3122 5638 3177 5687 et
3205 5629 3297 5702 ju-
