3838 6224
470 401 573 456 559

1711 396 1767 449 S.
1811 393 2036 450 GREGU

2161 393 2455 449 NYSSENI
3619 386 3711 442 fit-10

471 516 620 583 dicii,
659 529 819 585 quam
849 521 1164 586 poteramus
1196 530 1304 569 non
1344 516 1614 578 timuisse,
1649 515 1756 568 nisi
1786 528 2034 583 serpens,

2144 511 2282 580 ὁλκῷ
2310 515 2428 574 ταῖς
2458 509 2730 572 ποικίλαις
2755 509 2862 562 τῶν
2883 508 3066 561 παθῶν
3093 511 3300 578 φολίσιν
3331 510 3577 582 φοϐερῶς
3605 511 3710 563 ἐπι·

469 608 563 678 qui
595 608 852 662 calcaneo
899 614 1090 680 nostro
1142 607 1454 673 insidiatur,
1506 608 1665 676 cujus
1707 621 1902 661 nomen
1932 604 2041 657 ini-

2148 600 2388 673 φρίσσων
2431 599 2767 669 πανταχόθεν
2811 600 2908 651 καὶ
2941 601 3361 671 τραχυνόμενος.

469 701 680 768 quitas,
740 699 987 767 undique
1041 699 1183 750 viam
1235 700 1358 752 vitae
1441 699 1601 753 nobis
1647 695 2092 764 circumsepisset
2128 691 2351 761 proprio
2387 706 2489 744 suo
2534 698 2713 744 rotatu
2769 699 2822 743 et
2865 705 3019 760 gyro,
3078 701 3133 744 et
3187 691 3351 746 variis
3407 694 3711 762 passionum

469 789 625 859 quasi
655 791 925 858 squamis,
953 789 1182 842 terribili
1212 796 1437 858 aspectu
1471 789 1713 859 undique
1733 785 2052 842 infrendens
2089 787 2144 836 et
2183 781 2588 836 inhorrescens.

540 884 745 938 Deinde
792 884 1001 952 psalmo
1058 885 1114 936 in
1171 884 1308 938 duas
1347 893 1533 952 partes
1589 884 1931 944 distributo,
1988 880 2044 932 in

473 979 646 1049 prima
696 978 914 1049 quidem
963 988 1117 1048 parte
1159 979 1451 1034 consilium
1509 979 1622 1043 dat,
1664 995 1733 1033 ne
1757 978 1822 1031 ad
1876 978 2043 1030 alium

472 1071 763 1140 quemdam
792 1071 1140 1127 liberatorem
1170 1072 1469 1141 respiciant
1494 1090 1507 1136 ;
1554 1087 1730 1140 neque
1755 1071 1900 1125 enim
1935 1069 2046 1122 fra-

473 1172 576 1226 ter,
602 1163 800 1232 inquit,
835 1163 1089 1222 redimet,
1124 1178 1223 1217 nec
1249 1163 1390 1216 alius
1431 1163 1704 1231 quispiam
1735 1159 2038 1221 hominum,

473 1255 566 1309 sed
601 1253 830 1323 quilibet
868 1268 969 1322 pro
1003 1252 1185 1322 seipso
1216 1252 1486 1316 exorabit,
1539 1252 1586 1306 si
1640 1269 1659 1301 ι
1681 1250 1891 1306 dederit
1932 1248 2042 1304 Deo

472 1345 860 1415 placatiouem,
890 1356 942 1400 et
965 1344 1201 1414 pretium
1234 1343 1620 1413 redemptionis
1648 1345 1842 1397 animae
1869 1358 2032 1398 suae.»

471 1437 628 1502 Quod
675 1435 897 1506 quidem
930 1435 1146 1490 consilii
1197 1435 1319 1488 loco
1371 1435 1437 1489 ad
1469 1435 1684 1488 illorum
1728 1435 2037 1504 superbiam

471 1525 876 1595 coarguendam
907 1524 1059 1590 dicit,
1094 1526 1185 1596 qui
1220 1523 1424 1579 frustra
1454 1539 1674 1594 operam
1702 1524 1759 1578 in
1790 1524 1892 1582 hac
1932 1526 2040 1577 vita

473 1626 825 1682 consumunt,
861 1618 1214 1686 studiumque
1244 1618 1299 1672 in
1339 1615 1698 1672 infructuosis
1736 1617 1901 1671 rebus
1941 1631 2037 1685 po—

471 1721 626 1766 nunt.
661 1711 833 1778 Quam
855 1711 1025 1766 variis
1051 1711 1330 1767 laboribus
1357 1727 1477 1766 sese
1504 1711 1734 1782 fatigant
1764 1711 2035 1773 homines,

471 1804 627 1872 quasi
657 1819 869 1872 semper
905 1804 1098 1857 victuri
1150 1811 1372 1870 essent;
1401 1819 1562 1876 quam
1600 1805 1787 1874 procul
1820 1805 1888 1858 ab
1932 1805 2040 1858 illis
2075 1841 2114 1892 Β

469 1897 731 1966 cegitatio
761 1895 1152 1964 corruptionis,
1183 1910 1303 1963 quae
1332 1903 1560 1950 mortem
1593 1896 1907 1958 comitatur,
1943 1897 2034 1966 qui

469 1986 713 2057 quoridie
757 1995 882 2040 ante
927 1987 1116 2040 oculos
1161 2001 1292 2040 suos
1330 1984 1514 2040 vident
1553 1986 1687 2041 alios
1717 1988 2032 2047 morientes,

469 2074 722 2144 quodque
751 2075 1116 2128 certissimum
1157 2081 1212 2129 et
1239 2075 1586 2130 verissimum
1616 2077 1861 2131 stultitiae
1881 2085 1933 2131 et
1964 2078 2038 2129 in-

470 2165 738 2234 sipientize
785 2175 1162 2234 argumentum
1214 2174 1319 2224 est.
1377 2165 1470 2235 qui
1519 2167 1771 2220 nesciunt
1803 2183 1863 2222 se
1913 2177 2036 2237 post

469 2257 611 2311 hanc
659 2255 823 2310 vitam
881 2257 1000 2311 aliis
1039 2257 1259 2313 divitias
1312 2257 1410 2311 has
1459 2259 1770 2322 relicturos,
1828 2261 2036 2331 seipsos

470 2356 651 2404 autem
692 2349 746 2401 in
799 2349 1065 2416 sepulcris
1124 2350 1179 2402 in
1221 2356 1540 2418 perpetuum
1587 2365 1892 2419 mansuros,
1943 2355 2035 2422 qui

470 2440 690 2494 nomina
739 2455 837 2495 sua
878 2456 975 2509 per
1013 2441 1176 2493 vitam
1218 2441 1600 2495 sublimiorem
1647 2442 1699 2494 in
1746 2445 1886 2498 caelo
1928 2461 2035 2498 non

470 2531 916 2601 descripserunt;
961 2531 1054 2586 sed
1087 2547 1210 2584 cum
1239 2533 1292 2584 in
1328 2541 1474 2586 terra
1519 2534 1631 2587 ﬁeri
1665 2534 1902 2589 celebres
1937 2551 2035 2590 cu-

471 2634 681 2694 perent,
711 2623 957 2679 fecerunt
984 2624 1195 2691 seipsos
1227 2623 1280 2676 in
1320 2625 1530 2680 caelesti
1559 2626 1648 2678 illa
1680 2625 1900 2681 civitate
1939 2627 2037 2680 ob-

471 2730 664 2771 scuros
692 2722 747 2770 et
775 2716 892 2770 sine
922 2715 1164 2768 nomine.
1207 2713 1412 2768 Horum
1451 2715 1692 2769 omnium
1733 2732 1898 2770 causa
1931 2727 2035 2780 est,

469 2803 613 2873 quod
645 2803 809 2858 homo
829 2803 1111 2872 pr0prium
1146 2817 1303 2856 suum
1329 2803 1589 2858 honorem
1618 2821 1725 2859 non
1751 2807 2032 2876 intelligat,

471 2895 563 2950 sed
593 2893 660 2947 ad
693 2893 880 2947 brutas
913 2893 1220 2962 voluptates
1269 2902 1461 2962 sponte
1505 2909 1604 2948 sua
1641 2911 1762 2951 sese
1795 2897 2032 2966 abjiciat,

469 2980 741 3036 obnoxius
770 2981 909 3050 gulae
949 2989 1002 3036 et
1033 2981 1226 3042 ventri,
1266 2983 1443 3051 iisque
1473 2999 1594 3054 quae
1623 2994 1864 3041 ventrem
1905 3002 2036 3041 con-

471 3079 795 3141 sequuntur,
831 3071 1110 3125 sordibus.
1145 3070 1270 3126 Haec
1301 3087 1428 3142 pars
1465 3082 1550 3129 est
1587 3075 1775 3145 primae
1809 3076 2036 3132 divisio-

472 3165 556 3219 nis
603 3162 763 3232 hujus
803 3163 1016 3232 psalmi.
1067 3161 1293 3232 Reliqua
1328 3180 1453 3233 pars
1491 3166 1558 3220 ad
1604 3168 1706 3219 alia
1741 3169 2030 3235 reprehen-
2062 3187 2102 3243 (ς

471 3257 682 3311 sionem
718 3263 773 3310 et
804 3255 1207 3311 accusationem
1239 3245 1466 3329 dirigit;
1501 3275 1804 3329 rursusque
1843 3261 2036 3316 iisdem

469 3348 652 3402 verbis
694 3348 1020 3402 terminatur
1061 3349 1271 3413 oratio;
1312 3349 1569 3405 videlicet
1618 3350 1722 3404 hoc
1758 3350 1918 3406 nobis
1953 3352 2039 3407 iu-

472 3439 654 3492 sinuat
691 3435 982 3506 Propheta,
1007 3438 1235 3506 primam
1273 3454 1496 3493 causam
1531 3441 1658 3494 mali
1686 3443 1739 3494 in
1772 3443 2034 3496 mundum

471 3527 707 3599 ingressi
737 3525 927 3592 fuisse,
954 3527 1098 3596 quod
1129 3526 1292 3581 homo
1319 3528 1494 3583 brutis
1522 3538 1576 3583 et
1608 3544 1636 3582 a
1667 3531 1880 3584 ratione
1906 3532 2039 3585 alie-

470 3622 558 3676 nis
587 3619 975 3690 cupiditatibus
1006 3617 1202 3673 similis
1231 3619 1302 3672 sit
1328 3617 1551 3674 eﬂ‘ectus
1575 3619 1867 3687 jumentis;
1911 3636 2035 3675 eum

469 3721 652 3766 autem
692 3717 884 3765 contra
927 3709 1127 3762 malum
1161 3709 1431 3764 medicina
1482 3718 1667 3778 parata
1703 3711 1860 3765 nobis
1891 3723 2038 3766 esset

471 3804 538 3858 ab
587 3817 673 3868 eo,
729 3800 821 3871 qui
867 3801 1170 3854 humanum
1228 3816 1398 3870 genus
1435 3801 1809 3857 misericordia
1856 3814 2038 3860 motus

468 3893 745 3960 visitavit;
794 3893 1070 3957 homines,
1117 3893 1331 3947 deserto
1365 3909 1560 3950 rursus
1599 3894 1742 3948 bono
1796 3905 2036 3963 pastore,

469 3989 632 4042 morti
667 3985 971 4056 pascendos
1021 4001 1079 4039 se
1107 3984 1350 4048 tradunt,
1404 4002 1512 4040 non
1553 3987 1620 4040 ad
1657 3987 1901 4042 coelestia
1936 4003 2034 4058 pa-

469 4079 620 4145 bula,
670 4075 765 4133 sed
812 4076 878 4130 ad
923 4075 1096 4131 infera
1133 4076 1434 4142 tendentes,
1472 4077 1669 4132 inferni
1717 4094 1847 4133 oves
1887 4079 2035 4134 facti.

470 4169 614 4223 Dicit
661 4169 835 4223 enim:
884 4167 1082 4220 «Sicut
1133 4182 1263 4223 oves
1315 4169 1367 4222 in
1422 4168 1632 4222 inferno
1681 4171 1840 4240 positi
1889 4181 2036 4235 sunt,

471 4277 617 4317 mors
638 4260 892 4330 depascet
921 4275 1070 4314 eos.»
1110 4260 1203 4314 Sic
1231 4261 1411 4314 denuo
1447 4278 1543 4330 per
1567 4271 1846 4331 peccatum
1875 4264 2037 4317 indu-

469 4352 614 4406 citur
649 4350 851 4404 oblivio
885 4349 1004 4417 ejus
1045 4348 1348 4418 dignitatis,
1382 4367 1504 4419 quae
1538 4353 1696 4404 nobis
1730 4352 1914 4405 divino
1945 4351 2040 4406 be-

470 4439 667 4494 neﬁcio
695 4438 908 4508 obtigit,
940 4445 992 4491 et
1017 4437 1084 4490 ad
1117 4438 1279 4491 vitam
1313 4441 1544 4494 rationis
1572 4448 1846 4509 expertem
1884 4442 2040 4494 incli-

2207 872 2351 929 Ἐἶτα
2383 876 2502 946 διχῆ
2537 875 2758 930 διελθὼν
2800 878 2981 930 πᾶσαν
3015 875 3112 948 τήν
3131 876 3485 948 ψαλμῳδίαν,
3522 881 3582 931 ὲν
3625 881 3716 949 μὲν

2145 966 2222 1036 τῷ
2247 967 2445 1039 πρώτῳ
2494 968 2682 1038 μέρει,
2730 967 3037 1040 συμϐουλὴν
3089 971 3470 1034 κατατίθεται,
3499 970 3598 1024 τοῦ
3648 977 3716 1041 μὴ

2145 1061 2282 1132 πρὸς
2312 1061 2468 1115 ἄλλον
2500 1061 2716 1132 βλέπειν
2751 1062 2872 1114 τινὰ
2917 1062 3197 1133 λυτρωτὴν
3229 1080 3242 1090 ⁸
3277 1063 3397 1117 οὔτε
3432 1065 3543 1135 γὰρ
3573 1065 3716 1119 ἀδελ-

2146 1152 2245 1221 φὸς
2271 1152 2578 1222 λυτροῦται,
2605 1153 2794 1223 φησὶν,
2828 1150 2949 1205 οὔτε
2979 1153 3134 1216 ἄλλος
3161 1171 3246 1217 τις
3269 1153 3576 1226 ἄνθρωπος,
3611 1156 3719 1209 ἀλλ’

2145 1242 2178 1313 ἢ
2209 1242 2370 1306 αὐτὸς
2397 1243 2623 1307 ἕκαστος
2659 1243 2850 1297 ἑαυτὸν
2889 1244 3232 1315 ἐξαιτήσεται
3252 1244 3378 1297 ’ὲάν
3404 1262 3471 1315 γε
3509 1267 3527 1297 ε
3565 1246 3720 1298 δώσει

2143 1334 2221 1404 τῷ
2245 1335 2365 1405 Θεῷ
2399 1335 2666 1404 ὲξίλασμα
2688 1335 2905 1398 ἑαυτοῦ,
2943 1337 3036 1389 καὶ
3071 1336 3170 1407 τὴν
3199 1337 3368 1407 τιμήν
3391 1339 3491 1406 τῆς
3513 1337 3721 1407 λυτρώ-

2145 1445 2281 1490 σεως
2327 1428 2429 1497 τῆς
2464 1428 2642 1499 ψυχῆς
2685 1429 2869 1482 αὐτοῦ.
2921 1447 2939 1480 ι
2999 1431 3064 1481 ὐ
3099 1428 3346 1498 βούλεται
3411 1431 3722 1499 συμϐουλὴν

2143 1519 2278 1588 πρὸς
2310 1519 2612 1590 ὑπεροψίαν
2636 1521 2745 1573 τῶν
2779 1521 2954 1591 μάτην
2991 1520 3436 1591 σπουδαζομένων
3470 1524 3723 1591 γενέσθαι

2142 1607 2241 1677 τὴν
2271 1609 2708 1680 σπουδαζομένην
2734 1613 2789 1662 ὲν
2811 1609 2889 1680 τῷ
2915 1611 3014 1680 βίῳ
3037 1612 3210 1684 τούτῳ
3230 1613 3369 1666 κατά
3397 1613 3460 1666 τὸ
3493 1613 3721 1684 μάταιον

2147 1697 2490 1751 ἀκολουθίαν.
2513 1699 2638 1763 Πῶς
2671 1702 2727 1752 ὲν
2763 1701 3011 1769 ἀνοήτοις
3031 1703 3275 1770 διάγουσι
3324 1706 3516 1767 κόποις
3540 1707 3594 1756 οἱ
3635 1706 3725 1758 ἄν-

2149 1785 2391 1857 θρωποι,
2423 1789 2498 1852 ὡς
2549 1792 2636 1843 ἀεὶ
2674 1789 2930 1861 ζήσεσθαι
2981 1794 3418 1864 προσδοκῶντες;
3460 1795 3586 1859 Πῶς
3628 1798 3725 1865 τὴν

2142 1879 2229 1932 διά
2254 1881 2346 1933 τοῦ
2374 1880 2604 1936 θανάτου
2631 1884 2976 1956 καταφθορὰν
3024 1887 3124 1938 οὐκ
3153 1887 3486 1952 ἐλπίζουσιν,
3508 1890 3560 1941 οξ
3597 1893 3723 1953 τοὺς

2144 1973 2249 2042 πρὸ
2269 1973 2446 2026 αὐτῶν
2485 1977 2924 2048 ἀποθνήσκοντας
2949 1979 3234 2050 βλέποντες
3268 1998 3282 2041 ;
3316 1981 3408 2033 καὶ
3432 1983 3516 2034 ὅτι
3550 1984 3720 2052 ἄφρο-

2143 2061 2232 2126 νές
2270 2064 2407 2116 εἰσιν
2438 2063 2513 2128 ὠς
2553 2066 2785 2136 ἀληθῶς,
2829 2071 2923 2122 καὶ
2961 2071 3214 2139 ἀνόητοι,
3247 2073 3295 2124 οἱ
3348 2073 3448 2125 οὐκ
3497 2073 3720 2137 εἰδότες.

2143 2155 2223 2206 ὅτι
2252 2155 2388 2224 μετά
2413 2156 2504 2210 τὸν
2527 2159 2650 2228 τῇδε
2675 2159 2786 2228 βίον
2815 2161 2991 2225 ἄλλοις
3019 2163 3401 2232 καταλείψουσι
3431 2166 3526 2218 τὸν
3561 2167 3722 2218 πλοῦ-

2142 2260 2232 2296 τον
2260 2245 2437 2299 αὐτῶν
2458 2265 2472 2277 ·
2499 2249 2652 2302 αὐτοὶ
2675 2251 2731 2302 δὲ
2758 2251 2949 2320 τάφοις
2979 2253 3058 2315 είς
3094 2253 3156 2306 τὸ
3179 2253 3422 2324 διηνεκὲς
3457 2260 3720 2326 παροική-

2146 2351 2349 2400 σουσιν,
2374 2338 2424 2388 οἱ
2450 2337 2518 2391 τά
2538 2341 2776 2410 ὀνόματα
2801 2342 2981 2395 αὐτῶν
3007 2345 3107 2395 οὐκ
3133 2345 3188 2397 ἔν
3217 2345 3468 2414 οὐρανοῖς
3497 2347 3587 2400 διὰ
3623 2349 3720 2417 τῆς

2144 2425 2477 2497 ὑψηλοτέρας
2507 2429 2649 2501 ζωῆς
2675 2432 3112 2505 ἀπο-γράψαντες,
3147 2435 3261 2488 ἀλλ’
3280 2437 3337 2489 ὲν
3366 2440 3430 2507 τῇ
3470 2441 3542 2509 γῇ
3572 2443 3719 2507 γενέ-

2146 2513 2266 2566 σθαι
2303 2516 2588 2588 ὀνομαστοὶ
2619 2520 2989 2590 ποθήσαντες,
3030 2526 3346 2595 ἀνωνύμους
3399 2527 3626 2592 ἑαυτοὺς
3662 2532 3718 2580 ὲν

2141 2608 2206 2676 τῇ
2242 2606 2353 2659 ἄνω
2377 2609 2526 2661 πόλει
2552 2611 2832 2682 ἐποίησαν.
2867 2613 3083 2667 Τούτων
3116 2615 3171 2669 δὲ
3195 2617 3423 2672 πάντων
3445 2619 3639 2680 αἴτιον,
3661 2620 3719 2671 τὸ

2147 2701 2220 2772 μὴ
2248 2702 2480 2754 συνιέναι
2501 2701 2592 2755 τὸν
2617 2703 2900 2773 ἄνθρωπον
2923 2706 3020 2776 τῆς
3052 2708 3184 2771 ἰδίας
3211 2710 3396 2780 τιμῆς,
3415 2711 3554 2765 ω.λά
3586 2711 3718 2780 πρὸς

2141 2792 2239 2855 τὰς
2269 2792 2564 2860 κτηνώδεις
2587 2793 2777 2865 ἡδονὰς
2812 2797 3073 2862 ἑκουσίως
3106 2803 3504 2872 κατασυρῆναι,
3537 2803 3715 2872 λαιμῷ

2143 2887 2238 2941 καὶ
2283 2887 2512 2958 γαστρὶ,
2545 2889 2639 2942 καὶ
2681 2889 2757 2959 τῷ
2793 2891 2930 2960 μετά
2972 2895 3211 2964 γαστέρα
3242 2895 3398 2966 ῥύπῳ
3431 2899 3715 2967 γενόμενον

2143 2979 2376 3033 ἔκδοτον.
2410 2980 2580 3034 Τοῦτο
2611 2982 2709 3049 τῆς
2742 2981 2963 3053 πρώτης
3005 2985 3322 3055 διαιρέσεως
3363 2987 3455 3041 τοῦ
3501 2989 3713 3059 ψαλμοῦ

2142 3069 2204 3122 τὸ
2235 3070 2417 3140 μέρος.
2445 3071 2517 3123 Τὸ
2535 3072 2590 3124 δὲ
2632 3071 2950 3142 λειπόμενον
2990 3076 3048 3128 ἐν
3086 3076 3266 3140 ἄλλοις
3299 3077 3411 3147 ἔχει
3451 3079 3550 3148 τὴν
3591 3096 3713 3131 κατ-

2141 3162 2387 3232 ηγορίαν.
2409 3163 2573 3216 Πάλιν
2607 3164 2662 3217 δὲ
2690 3167 2767 3227 εἰς
2792 3166 2851 3217 τὸ
2874 3168 3004 3220 αὐτὸ
3037 3169 3189 3239 ῥῆμα
3217 3170 3541 3239 περαιοῦται
3572 3173 3601 3224 δ
3627 3170 3712 3222 λόο

2139 3269 2251 3320 γος.
2285 3251 2454 3304 Ἰοῦτο
2475 3292 2488 3315 ,
2518 3248 2702 3322 οἶμαι,
2736 3254 3128 3326 φιλοσοφούσης
3175 3258 3308 3326 ἡμῖν
3363 3257 3465 3327 τῆς
3502 3273 3712 3328 προφη-

2137 3340 2305 3403 τείας,
2337 3341 2418 3393 ὄτι
2469 3341 2529 3394 τὸ
2563 3342 2774 3412 πρῶτον
2806 3344 2976 3396 αἴτιον
3012 3344 3111 3414 τῆς
3139 3345 3245 3398 τῶν
3269 3346 3457 3398 κακῶν
3480 3347 3712 3406 εἰσόδου.

2138 3431 2198 3485 τὸ
2240 3432 2692 3504 ἀποκτηνωθῆναι
2738 3435 2829 3487 τὸν
2864 3433 3145 3506 ἄνθρωπον
3174 3439 3286 3499 τοῖς
3315 3435 3716 3507 ζωωδεστέροις

2139 3526 2475 3594 παθήμασιν.
2512 3525 2813 3596 Γενομένης
2833 3526 2889 3578 δὲ
2917 3528 3046 3595 ἡμῖν
3080 3527 3144 3579 ὲκ
3178 3526 3400 3596 χάριτος
3429 3528 3534 3597 τῆς
3557 3526 3717 3597 θερα-

2141 3618 2300 3681 πείας
2348 3617 2442 3670 τοῦ
2495 3616 2734 3670 τοιούτου
2793 3617 2964 3670 κακοῦ
3007 3617 3092 3670 διὰ
3129 3617 3222 3670 τοῦ
3273 3619 3717 3689 ὲπισκεψαμένου

2138 3707 2406 3778 οίκτιρμῷ
2432 3707 2492 3759 τὸ
2518 3707 2872 3778 ἀνθρώπινον,
2919 3709 3078 3761 πάλιν
3133 3709 3362 3778 ἀφέντες
3391 3711 3485 3763 τὸν
3517 3711 3719 3779 ἀγαθὸν

2140 3802 2391 3872 ποιμένα,
2417 3800 2519 3854 ὑπὸ
2545 3799 2638 3854 τοῦ
2673 3801 2898 3855 θανάτου
2926 3800 3301 3871 ποιμαίνονται
3322 3818 3336 3832 ο
3367 3803 3430 3854 οὐ
3461 3804 3598 3874 πρὸς
3621 3804 3720 3874 τὴν

2138 3894 2407 3964 οὐράνιον,
2438 3893 2572 3946 ἀλλὰ
2601 3894 2731 3964 πρὸς
2760 3894 2855 3964 τὴν
2886 3897 2942 3946 ὲν
2975 3893 3101 3964 ᾅδου
3135 3894 3304 3964 νομὴν
3336 3896 3565 3958 ἑαυτοὺς
3601 3898 3721 3950 ὲπι-

2140 3986 2437 4052 κλίναντες,
2482 3987 2727 4058 πρόϐατα
2777 3988 2867 4040 τοῦ
2915 3987 3042 4058 ᾅδου
3083 3989 3383 4057 γενόμενοι.
3412 3990 3553 4060 Φησὶ
3584 3991 3717 4060 γὰρ,

2141 4081 2244 4143 ὅτι,
2277 4093 2296 4126 ι
2329 4077 2417 4141 Ὠς
2447 4078 2692 4150 πρόϐατα
2725 4082 2781 4133 ὲν
2817 4082 2915 4153 ᾄδῃ
2951 4081 3150 4143 ἔθεντο,
3189 4081 3419 4144 θάνατος
3459 4088 3725 4153 ποιμανεί

2141 4171 2351 4234 αὐτούς.
2383 4192 2400 4224 ι
2439 4173 2550 4224 Καὶ
2589 4173 2756 4236 οὕτως
2787 4177 2852 4227 ἐκ
2885 4174 3133 4243 δευτέρου
3179 4174 3387 4240 γίνεται
3421 4173 3586 4226 πάλιν
3634 4175 3723 4228 δια

2140 4265 2239 4334 τῆς
2278 4264 2548 4334 ἁμαρτίας
2581 4266 2613 4335 ή
2654 4265 2752 4334 τῆς
2784 4267 2947 4336 τιμῆς
2972 4267 3068 4336 τῆς
3105 4266 3244 4320 κατά
3275 4265 3432 4336 χάριν
3461 4268 3596 4336 ἡμῖν
3622 4284 3721 4334 γε·

2141 4355 2371 4424 νομένης
2398 4355 2740 4426 ἀναισθησία,
2766 4358 2858 4410 καὶ
2899 4357 3033 4426 πρὸς
3061 4357 3150 4409 τὸν
3185 4356 3376 4423 ἄλογον
3405 4355 3522 4425 βίον
3556 4373 3724 4410 κατα-

2142 4447 2302 4514 φορὰ.
2348 4447 2462 4498 Πᾶν
2508 4445 2615 4518 γὰρ
2653 4447 2711 4499 τὸ
2750 4447 2853 4511 ἔξω
2892 4447 2981 4500 τοῦ
3021 4446 3272 4516 ἀληθινοῦ
3300 4447 3457 4514 λόγου
3498 4447 3723 4516 γινόμε-

469 4533 620 4586 natio
649 4531 930 4585 exoritur:
961 4543 1123 4583 omne
1145 4529 1288 4582 enim
1313 4530 1468 4593 illud,
1501 4531 1645 4601 quod
1670 4541 1822 4586 extra
1853 4545 2035 4586 veram

2144 4553 2251 4599 νον,
2276 4536 2461 4603 ἀλογία
2495 4537 2656 4591 ἐστίν.
2695 4538 2851 4592 Ἴδιον
2878 4539 2934 4591 δὲ
2961 4538 3053 4591 τοῦ
3080 4539 3309 4610 κτήνους
3337 4538 3400 4592 τὸ
3429 4539 3625 4607 ἄλογόν
3661 4555 3723 4592 τε

470 4623 735 4677 rationem
759 4630 864 4682 est,
895 4623 1122 4676 rationis
1146 4623 1429 4677 destitutio
1451 4631 1565 4677 est:
1604 4623 1881 4694 proprium
1907 4639 2036 4679 vero

465 4715 696 4785 jumenti
726 4723 810 4770 est
843 4716 1054 4768 ratione
1085 4725 1138 4768 et
1173 4721 1350 4768 mente
1379 4729 1583 4767 carere.

1055 4803 1282 4858 CAPUT
1312 4802 1448 4858 Xlll.

543 4894 737 4950 Verum
793 4895 972 4949 omnia
1027 4910 1147 4965 qua:
1185 4898 1240 4948 in
1288 4894 1500 4963 psalmo
1551 4903 1698 4955 sunt,
1759 4894 2033 4963 sigillatim

467 4988 604 5042 velle
641 4989 921 5058 prosequi,
978 4995 1033 5045 et
1066 5001 1518 5053 commemorare,
1569 5003 2034 5055 supervacaneum

468 5076 652 5136 fuerit,
684 5091 806 5130 cum
841 5093 902 5131 ea
926 5093 1046 5148 quae
1075 5079 1277 5133 omissa
1305 5088 1450 5141 sunt,
1488 5078 1630 5131 facili
1664 5078 1847 5131 labore
1876 5093 1941 5131 ex
1969 5078 2036 5131 iis

468 5184 589 5236 qua?
623 5168 861 5224 diximus
902 5171 1114 5239 possint
1161 5170 1524 5234 innotescere,
1573 5178 1634 5222 ut
1661 5169 1891 5239 proinde
1925 5184 2032 5222 non

469 5259 701 5312 arbitrer
726 5261 1026 5328 orationem
1053 5261 1268 5330 longius
1303 5261 1725 5330 protrahendam
1753 5276 1895 5325 esse,
1930 5259 2033 5314 nisi

470 5352 608 5404 forte
642 5352 771 5406 illud
810 5353 1187 5407 tantummodo
1214 5355 1562 5423 repetendum
1596 5354 1665 5408 sit
1693 5371 1755 5408 ex
1787 5355 1875 5416 iis,
1915 5371 2034 5423 quae

462 5440 574 5507 jam
633 5457 797 5509 supra
844 5442 1118 5511 disputata
1175 5453 1324 5507 sunt,
1377 5461 1632 5515 magnum
1674 5443 1928 5499 Davidem
1979 5446 2032 5499 in

468 5529 764 5582 humanum
821 5547 991 5601 genus
1045 5541 1274 5601 utroque
1322 5533 1483 5586 modo
1534 5533 1835 5587 beneficum
1891 5549 2031 5596 esse,

470 5626 599 5668 tunc
648 5618 872 5682 scilicet,
923 5635 1046 5673 cum
1089 5623 1317 5675 salutem
1361 5632 1604 5677 nostram
1656 5640 1750 5693 per
1787 5625 2031 5694 symbola

469 5709 712 5776 quaedam
745 5709 992 5765 eil‘ormat
1023 5725 1073 5765 et
1104 5713 1412 5776 adumbrat,
1445 5724 1498 5768 et
1531 5723 1661 5767 tunc
1692 5730 1814 5767 cum
1855 5715 2031 5767 homi-

465 5801 628 5855 nibus
660 5802 874 5856 [inodum
911 5804 1240 5872 pmnitcntia:
1280 5804 1652 5860 demonstrat:
1695 5807 1782 5860 cui
1821 5805 2032 5876 egregie

2144 4625 2240 4677 καὶ
2283 4626 2523 4692 ἀνόητον.

2684 4808 3071 4861 ΚΕΦΑΑΔῘΟΝ
3105 4809 3198 4862 1Γ’.

2214 4893 2293 4947 Τὰ
2317 4894 2379 4946 δὲ
2417 4895 2536 4948 καθ’
2567 4896 2794 4948 ἕκαστον
2817 4898 2924 4950 τῶν
2967 4901 3023 4950 ὲν
3051 4902 3116 4969 τῇ
3149 4899 3430 4971 ψαλμῳδία
3464 4900 3535 4953 δι’
3564 4904 3727 4972 ἀκρι-

2143 4983 2295 5046 ϐείας
2323 4984 2414 5035 ἐπὶ
2442 4983 2637 5048 λέξεως
2660 4986 3013 5056 ἀναγράφειν,
3044 4990 3293 5060 περιττὸν
3335 4992 3399 5043 ἂν
3429 4993 3536 5062 εἴη,
3584 4994 3724 5047 πολ-

2143 5075 2238 5145 λῆς
2290 5075 2538 5138 εὐκολίας
2569 5074 2733 5146 οὔσης
2786 5076 2862 5146 τῷ
2913 5076 3218 5149 βουλομένῳ
3272 5079 3360 5132 διὰ
3411 5081 3520 5133 τῶν
3565 5085 3726 5153 εἰρη-

2146 5169 2320 5234 μένων
2387 5166 2482 5220 καὶ
2513 5165 2582 5219 τὰ
2635 5168 2940 5240 παρεθέντα
2991 5171 3345 5238 κατανοῆσαι.
3369 5170 3533 5224 Ὥστε
3564 5174 3726 5228 οὐδὲν

2141 5254 2292 5328 οἶμαι
2339 5258 2448 5311 δεῖν
2499 5260 2757 5329 μηκύνειν
2803 5261 2892 5313 διὰ
2950 5261 3268 5330 πολυλογίας
3314 5265 3403 5316 τὸν
3457 5265 3655 5332 λόγον·
3687 5269 3722 5338 ἢ

2140 5350 2293 5404 τοῦτο
2340 5351 2500 5420 μόνον
2545 5354 2837 5419 ἀναγκαῖόν
2895 5357 3041 5406 ἐστιν
3094 5357 3450 5409 ἐπαναλαϐεῖν
3495 5361 3560 5411 ἐκ
3611 5363 3722 5412 τῶν

2143 5440 2652 5511 προεξητασμένων,
2675 5445 2752 5496 ὅτι
2776 5444 3176 5516 δι’ἁμφοτέρων
3199 5448 3474 5517 εὐεργετεῖ
3502 5451 3603 5521 τὴν
3624 5455 3722 5504 ἀνε-

2141 5531 2416 5602 θρωπίνην
2439 5533 2599 5602 φύσιν
2636 5535 2664 5586 ὀ
2701 5535 2876 5603 μέγας
2920 5535 3104 5598 Δαϐὶδ,
3135 5536 3201 5589 δι’
3231 5530 3305 5589 ὧν
3346 5555 3402 5590 τε
3443 5544 3723 5607 προτυποί

2141 5622 2480 5690 συμϐολικῶς
2507 5623 2604 5693 τὴν
2641 5627 2914 5694 σωτηρίαν
2946 5625 3135 5696 ἡμῶν,
3168 5627 3259 5679 καὶ
3289 5627 3354 5679 δι’
3394 5622 3468 5681 ὧν
3504 5630 3721 5682 ὑποδεί-

2139 5730 2296 5766 κνυσι
2328 5715 2436 5775 τοῖς
2466 5714 2772 5785 ἀνθρώποις
2794 5716 2893 5786 τῆς
2923 5716 3202 5786 μετανοίας
3241 5717 3332 5768 τὸν
3359 5719 3581 5788 τρόπον,
3607 5716 3720 5771 οέιέν

2139 5822 2257 5858 τινα
2306 5805 2496 5877 τέχνην
2544 5809 2843 5863 ἐπιϐάλλων
2887 5802 3168 5880 τούτῳτῷ
3201 5810 3586 5881 κατορθιὴλατι
3625 5813 3717 5867 διὰ
