3838 6224
137 243 227 297 561

1544 250 1607 302 ιΝ
1649 249 1986 306 PSALMOS.

3281 240 3388 294 562

141 361 232 430 τῆς
265 361 645 432 πεντηκοστῆς
686 362 1018 434 ψαλμῳδίας,
1045 365 1111 417 δι’
1133 360 1200 437 ἦς
1234 366 1368 436 άλλη
1400 367 1522 435 νίκη
1571 364 1712 418 κατά

1828 366 1963 420 facto
1981 375 2034 419 et
2066 364 2322 420 laudabili
2356 364 2533 433 operi,
2568 362 2714 416 velut
2754 366 2925 415 artem
2957 358 3248 430 quamdam
3281 361 3384 416 atl-

149 453 226 506 τοῦ
252 452 549 506 ἀντιπάλου
583 455 714 524 ἡμῖν
739 456 1102 527 ὲτοιμάςεται.
1128 456 1200 509 Τὸ
1225 457 1335 528 γὰρ
1368 458 1568 511 εἰδέναι
1602 458 1713 510 τῶν

146 543 315 596 κακῶν
345 543 576 606 ἑαυτοὺς
606 545 970 616 ἐκκαθαίρειν,
999 551 1100 616 τῆς
1131 547 1411 617 διηνεκοῦς
1443 549 1587 601 κατά
1614 548 1708 602 τοῦ

146 634 325 706 ἐχθροῦ
346 635 504 702 νίκης
529 637 850 707 παρασκευὴ
879 637 1085 706 γίνεται
1114 641 1205 691 καὶ
1237 638 1510 703 ὑπόθεσις.
1541 641 1718 693 Ἀδια-

145 729 348 780 λείπτου
392 728 502 798 γάρ
555 729 685 798 ἡμῖν
721 728 887 800 οὔσης
918 731 976 782 ὲν
1013 730 1091 800 τῷ
1131 731 1230 800 βίῳ
1266 733 1366 802 τῆς
1400 732 1576 802 πάλης
1618 733 1717 800 τῆς

151 821 429 892 γενομένης
460 820 602 890 πρὸς
635 822 727 874 τὸν
752 823 1170 894 κοσμοκράτορα
1213 823 1306 876 τοῦ
1341 825 1563 887 σκότους
1592 824 1716 877 τού-

148 929 249 972 του,
280 914 372 964 καὶ
421 912 562 982 πρὸς
605 912 673 964 τά
711 913 1061 983 πνευματικά
1085 913 1185 983 τῆς
1221 916 1484 985 πονηρίας
1509 917 1567 968 ὲν
1604 918 1717 978 τοῖς

148 1001 476 1074 ἐπουρανίοις
515 1020 528 1033 ·
573 1003 758 1074 ἐπειδὴ
806 1002 866 1055 ἓν
915 1005 1073 1074 μόνον
1126 1005 1571 1074 ἀντιπάλαισμα,
1617 1007 1714 1058 καὶ

151 1097 272 1164 πρὸς
297 1096 478 1147 πᾶσαν
499 1095 856 1164 πειρατηρίου
883 1096 1184 1165 προσϐολὴν
1209 1095 1403 1168 ἔχομεν
1424 1099 1522 1169 τὴν
1553 1100 1716 1170 μετά-

151 1203 319 1248 νοιαν,
356 1188 384 1238 6
417 1184 581 1239 τοῦτο
614 1188 670 1238 ὲν
717 1187 896 1256 ἑαυτῷ
944 1188 1328 1260 κατορθώσας,
1371 1190 1462 1244 διὰ
1514 1193 1717 1255 παντὸς

153 1277 360 1348 νικητὴς
393 1278 609 1344 γίνεται
629 1277 724 1330 τοῦ
753 1280 839 1332 ἀεὶ
864 1280 1348 1350 προσπαλαίοντος.
1380 1283 1532 1336 Μετά
1559 1285 1716 1337 τοῦτο

153 1371 205 1424 δὲ
235 1370 372 1438 καὶὴ
405 1371 619 1441 ἱστορία
659 1373 718 1425 ἐν
746 1374 863 1436 ταῖς
889 1374 1224 1444 ἐπιγραφαῖς
1259 1375 1322 1426 τὸ
1359 1375 1716 1430 ἀνακόλουθον

155 1461 459 1531 ἐχει,ἀλλ’ὁ
507 1461 635 1525 νοῦς
669 1464 806 1533 πρὸς
846 1463 942 1533 τὴν
990 1464 1307 1518 ἀκολουθίαν
1363 1468 1713 1538 συνήρτηται.

156 1557 284 1611 Πολὺ
333 1555 436 1627 γάρ
487 1558 946 1627 μεταγενέστεροι]
985 1558 1044 1609 τὸ
1100 1559 1241 1611 κατά
1290 1558 1386 1628 τὴν
1435 1559 1716 1628 Βηρσαδεὲ

158 1647 242 1697 καὶ
272 1646 358 1698 τὸν
390 1647 596 1715 Οὐρίαν
639 1645 798 1715 ἔργον
817 1685 832 1711 ,
861 1645 956 1699 τοῦ
997 1647 1133 1699 κατά
1163 1649 1252 1700 τὴν
1290 1648 1580 1718 ἰδουμαῖον
1625 1649 1716 1702 τὸν

159 1737 300 1804 Δωήκ
344 1737 488 1787 ἐστιν
528 1736 593 1790 τὺ
624 1737 887 1808 διήγημα.
921 1737 1091 1790 Τοῦτο
1133 1739 1229 1808 μὲν
1274 1739 1382 1808 γὰρ
1427 1740 1484 1791 ὲν
1526 1740 1720 1809 ἀρχαῖς

158 1826 247 1895 τῆς
292 1826 381 1879 τοῦ
411 1827 586 1881 Σαοὺλ
610 1828 921 1898 τυραννίδος
951 1829 1186 1895 ἐγένετο,
1229 1830 1408 1883 ἐκεῖνο
1437 1830 1492 1883 δὲ
1528 1830 1720 1902 μικρὸν

161 1917 256 1988 πρὸ
281 1916 368 1969 τοῦ
394 1918 581 1980 τέλους
605 1919 708 1987 τῆς
730 1919 822 1971 τοῦ
850 1919 1012 1972 Δαὸὶδ
1036 1919 1310 1989 βασιλείας
1337 1921 1552 1991 συνέϐη.
1584 1921 1721 1973 Ἀλλ’

159 2009 214 2060 οὐ
258 2009 399 2076 μέλει
429 2007 509 2077 τῷ
556 2009 837 2080 Πνεύματι
877 2009 1019 2079 λόγῳ
1071 2011 1166 2080 τῆς
1213 2012 1468 2081 χρονικῆς
1508 2029 1566 2062 τε
1626 2012 1720 2064 καὶ

161 2099 400 2169 σαρκίνης
428 2099 539 2152 τῶν
567 2099 908 2171 πραγμάτων
941 2101 1164 2165 τάξεως.
1199 2101 1262 2153 Τί
1287 2101 1395 2170 γάρ
1427 2120 1496 2172 με
1529 2101 1720 2155 τοσοῦ-

160 2204 241 2240 τον
287 2187 519 2258 ὀνίνησιν
571 2189 633 2240 ἐν
687 2187 922 2258 πρώτοις
974 2189 1036 2242 τὸ
1088 2189 1227 2242 κατὰ
1275 2190 1367 2242 τὸν
1427 2191 1721 2261 Ἰδουμαῖον

163 2281 353 2350 μαθεῖν,
384 2281 479 2334 καὶ
510 2279 656 2351 μετὰ
699 2280 876 2336 ταῦτα
912 2282 974 2336 τὸ
1017 2283 1159 2338 κατά
1197 2283 1295 2356 τὴν
1324 2285 1603 2357 Βηρσαϐεέ
1646 2285 1723 2338 δι-

158 2371 399 2441 δαχθῆναι
437 2389 452 2436 ;

222 2463 308 2525 Τίς
331 2463 498 2535 ἀρετὴ
527 2463 618 2517 διὰ
642 2463 869 2527 τούτου;
898 2465 1027 2519 ποία
1058 2466 1195 2536 πρὸς
1220 2463 1286 2519 τὸ
1314 2469 1559 2536 κρεῖττον
1589 2466 1721 2519 ἀνά-

161 2549 330 2616 ϐασιςς
369 2552 453 2617 τίς
506 2553 650 2627 πρὸς
677 2553 776 2624 τὴν
810 2555 917 2607 τῶν
957 2555 1175 2625 ὑψηλῶν
1216 2556 1522 2628 ἐπιθυμιῶν
1572 2558 1721 2610 διδα-

164 2642 406 2710 σκαλίανς
455 2645 505 2696 εί
558 2645 618 2698 δὲ
669 2645 853 2716 μαθὼν
882 2647 950 2700 τά
989 2647 1047 2699 ὲν
1095 2648 1173 2717 τῷ
1215 2649 1564 2719 πεντηκοστῷ
1618 2668 1722 2720 μυ-

167 2733 362 2804 στήρια,
391 2734 489 2788 ὅσα
517 2735 665 2790 κατά
685 2736 747 2788 τὸ
779 2736 1070 2808 βαθύτερον
1096 2738 1338 2808 περιέχει
1369 2741 1398 2792 6
1421 2740 1596 2808 λόγος,
1629 2741 1723 2793 καὶ

169 2822 270 2890 μετ’
301 2824 503 2878 ἐκείνου
546 2827 610 2880 τὸ
646 2826 783 2895 πρὸς
815 2826 912 2896 τὴν
952 2827 1245 2881 κατάλυσιν
1292 2830 1385 2882 τοῦ
1430 2831 1720 2884 ἀντιπάλου

166 2913 297 2966 δοθὲν
374 2917 506 2987 ἡμῖν
570 2918 865 2987 φάρμακον
950 2919 1255 2991 διδαχθείην
1287 2963 1304 2985 ,
1371 2925 1428 2975 ὲν
1489 2922 1567 2993 τῷ
1624 2925 1721 2994 τῆς

1815 457 2019 527 ditper
2049 456 2315 526 psalmum
2354 453 2888 524 quinquagesimum,
2942 468 3051 520 quo
3078 451 3182 504 alia
3218 452 3388 507 victo-

1817 549 1899 601 ria
1950 557 2140 600 contra
2190 546 2562 601 adversarium
2609 545 2768 598 nobis
2818 551 3175 612 praeparatur.
3209 542 3388 600 Nosse

1815 640 1959 693 enim
1993 639 2229 707 seipsum
2278 651 2603 706 expurgare,
2649 635 2794 689 cedit
2829 635 2883 687 in
2931 636 3386 704 praeparationem

1817 741 1870 784 et
1915 731 2477 784 subministrationem
2515 736 2788 797 perpetuae
2834 725 3075 780 victoria:
3114 726 3182 780 ab
3229 727 3388 782 hoste

1817 821 2174 890 reportandae.
2226 819 2359 873 Nam
2411 835 2532 872 cum
2583 820 2635 872 in
2690 818 2794 872 hac
2831 818 2938 872 vita
2989 817 3387 873 indesinentem

1818 914 2019 967 luclam
2086 913 2366 982 suscipere
2416 911 2714 966 debeamus
2766 910 3035 966 adversus
3086 911 3386 980 principem

1819 1005 2166 1059 tenebrarum
2192 1003 2406 1067 harum,
2435 1011 2490 1058 et
2519 1003 2786 1058 adversus
2806 1003 3111 1072 spiritualia
3133 1003 3390 1073 nequitia).

1819 1096 1874 1150 in
1898 1095 2236 1159 coelestibus,
2280 1111 2514 1166 cumque
2564 1096 2779 1149 unicam
2831 1101 3040 1148 tantum
3097 1093 3389 1150 resistendi

1818 1187 2105 1250 rationem,
2129 1203 2322 1258 nempe
2345 1188 2744 1258 pmnitentiam,
2763 1195 2816 1241 et
2838 1189 3054 1258 quidem
3081 1188 3146 1242 ad
3169 1202 3388 1242 omnem

1819 1279 1991 1334 hostis
2039 1279 2344 1334 invadentis
2399 1279 2818 1349 impressionem
2867 1279 3187 1343 habeamus,
3241 1286 3391 1334 certe

1818 1371 1911 1438 qui
1938 1371 2029 1423 illa
2060 1378 2204 1424 recte
2230 1372 2426 1435 utitur,
2460 1372 2508 1424 is
2540 1369 2597 1424 lit
2621 1380 2918 1441 perpetuus
2945 1375 3116 1426 victor
3144 1374 3389 1442 perpetui

1819 1460 1992 1513 nostri
2033 1461 2352 1516 adversarii.
2395 1461 2666 1516 Caeterum
2718 1462 2966 1516 historia:
3001 1464 3056 1516 in
3091 1464 3178 1518 his
3224 1464 3388 1516 etiam

1820 1565 1938 1620 qua:
1964 1563 2287 1620 sequuntur,
2311 1553 2447 1608 ordo
2481 1569 2587 1607 non
2621 1563 2856 1618 constat,
2894 1556 2986 1609 sed
3017 1556 3168 1611 solus
3196 1571 3392 1611 sensus

1821 1648 1948 1710 apto
1996 1641 2190 1695 ordine
2240 1657 2521 1697 connexus
2553 1651 2606 1697 et
2661 1645 2960 1713 dispositus
2988 1653 3094 1699 est.
3153 1645 3287 1699 Nam
3337 1647 3390 1700 id

1821 1732 1968 1800 quod
2000 1748 2124 1786 cum
2163 1732 2466 1787 Bethsabee
2499 1743 2552 1788 et
2587 1734 2713 1790 Uria
2747 1735 2946 1790 accidit
2983 1737 3052 1802 ⁸⁷,
3091 1737 3252 1808 longe
3294 1753 3392 1808 po-

1821 1825 2023 1880 sterius
2053 1833 2155 1888 est,
2189 1839 2349 1893 quam
2392 1825 2522 1878 illud
2561 1826 2629 1882 de
2669 1826 2814 1897 Doeg
2843 1828 3096 1894 ldumaao,
3126 1829 3253 1899 quia
3290 1831 3392 1884 hoc

1821 1916 1978 1969 initio
2012 1916 2316 1985 tyrannidis
2359 1913 2541 1971 Saulis
2573 1917 2806 1984 accidit;
2866 1917 3000 1972 illud
3055 1919 3218 1988 paulo
3268 1928 3394 1972 ante

1824 2007 1983 2060 ﬁnem
2035 2006 2186 2074 regni
2237 2005 2404 2059 David
2427 2006 2506 2060 ⁸⁶ε
2562 2008 2654 2061 sed
2705 2009 3018 2076 temporalis
3056 2019 3110 2063 et
3155 2010 3393 2064 carnalis

1825 2112 2002 2151 rerum
2028 2096 2161 2150 ordo
2185 2096 2411 2166 Spiritui
2433 2107 2624 2152 sancto
2654 2113 2763 2152 non
2782 2108 2866 2153 est
2890 2114 3054 2153 curas.
3082 2099 3220 2166 Quid
3247 2102 3392 2154 enim

1823 2190 2072 2244 utilitatis
2115 2189 2242 2244 inde
2277 2188 2346 2243 ad
2396 2205 2482 2243 me
2535 2189 2758 2253 rediret,
2817 2191 2862 2246 si
2905 2191 3140 2260 primmn
3175 2193 3390 2262 quidem

1821 2287 2080 2340 edocerer
2108 2301 2190 2350 ea,
2222 2300 2342 2354 quae
2370 2298 2495 2338 cum
2527 2283 2760 2338 ldumaao
2798 2284 3169 2355 contigerunt,
3205 2293 3393 2354 postea

1820 2375 1934 2438 illa,
1960 2390 2081 2444 quae
2108 2389 2235 2429 cum
2262 2371 2598 2428 Bethsabee?

1891 2467 2023 2532 Quae
2062 2482 2158 2536 per
2185 2467 2302 2519 haec
2328 2466 2502 2520 virtus
2531 2465 2662 2518 mihi
2691 2466 3141 2536 compararetur?
3176 2481 3298 2534 quae
3327 2463 3394 2516 ad

1823 2559 2049 2611 meliora
2103 2555 2392 2611 ascensio?
2438 2570 2558 2624 qua:
2603 2555 2857 2610 doctrina
2905 2557 2972 2610 ad
3014 2556 3393 2612 sublimiorum

1823 2649 2220 2719 cupiditatem?
2280 2647 2327 2703 si
2392 2663 2520 2702 vero
2578 2647 2784 2703 discam
2839 2649 2895 2703 in
2942 2650 3396 2719 quinquagesimo

1823 2741 2035 2810 psalmo
2070 2741 2348 2811 mysteria,
2389 2756 2510 2810 quae
2529 2740 2583 2794 in
2607 2755 2672 2795 eo
2695 2741 2878 2796 abdita
2909 2741 3102 2805 latent,
3130 2748 3185 2794 et
3209 2746 3396 2809 postea

1824 2830 1893 2885 ad
1922 2833 2260 2889 eversionem
2286 2831 2584 2887 adversarii
2614 2830 2802 2886 datum
2839 2831 2998 2886 nobis
3027 2831 3397 2886 medicamen-

1825 2931 1940 2977 tum
1984 2923 2039 2976 in
2072 2924 2165 2976 illo
2207 2923 2540 2992 paenitentiae
2574 2938 2828 2978 sermone
2858 2923 3172 2993 intelligam,
3215 2929 3274 2976 ut
3303 2935 3398 2991 per

171 3007 433 3073 μετανοίας
473 3007 621 3078 λόγῳ
643 3050 658 3074 ,
714 3007 853 3061 ὥστε
892 3009 981 3063 διά
1009 3011 1200 3064 τούτου
1231 3030 1296 3082 με
1341 3013 1568 3066 πάντοτε
1598 3016 1719 3086 νίκῃ

1828 3014 1931 3066 hoc
1951 3027 2038 3066 me
2056 3026 2273 3081 semper
2298 3012 2537 3066 victoria:
2561 3021 2752 3066 contra
2773 3012 2984 3067 hostem
3010 3013 3394 3079 assuefaciam,

169 3099 225 3166 τῇ
254 3097 384 3151 κατά
409 3096 503 3150 τοῦ
540 3099 742 3170 ἐχθροῦ
772 3101 1140 3165 συνεθίζεσθαι
1173 3121 1232 3156 τε
1266 3105 1359 3156 καὶ
1391 3106 1726 3174 ἐγγυμνάζε-

172 3189 296 3254 σθαι,
329 3191 602 3261 σκόπησον
652 3192 800 3255 ὅπως
846 3194 1157 3262 προσϐαίνω
1182 3195 1320 3248 κατὰ
1351 3195 1409 3248 τὸ
1439 3196 1727 3251 ἀκόλουθον

171 3281 226 3348 τῇ
265 3280 451 3349 ἐφεῆς
495 3283 693 3346 ἀνόδῳ,
752 3284 906 3353 νίκην
959 3286 1024 3337 ἐκ
1069 3285 1225 3356 νίκης
1278 3288 1725 3358 μεταλαμϐάνων,

183 3371 568 3444 ’Δναγνώσομαι
616 3374 673 3427 δέ
706 3392 784 3428 σοι
824 3376 926 3445 τῆς
959 3377 1236 3448 ἱστορικῆς
1281 3379 1591 3449 ἐπιγραφῆς
1631 3380 1728 3451 τὴν

171 3461 463 3516 ἀκολουθίαν
491 3463 727 3535 ἔχουσαν
758 3464 929 3528 οὕτως
952 3481 966 3494 ·
1022 3483 1041 3515 t
1068 3468 1160 3530 Εἰς
1185 3467 1245 3519 τὸ
1273 3468 1426 3530 τέλος
1463 3469 1728 3534 συνέσεως

175 3552 240 3622 τῷ
263 3555 432 3620 Δαῖήδ,
461 3559 517 3608 ὲν
548 3555 630 3626 τῷ
661 3556 833 3610 ἐλθεῖν
868 3557 1027 3627 Δωὴκ
1046 3557 1136 3611 τὸν
1177 3559 1490 3631 Ἰδουμαῖον,
1516 3562 1609 3615 καὶ
1638 3565 1730 3615 άν-

175 3642 394 3709 αγγεῖλαι
421 3644 498 3714 τῷ
538 3646 735 3710 Σαοὺλ,
784 3649 878 3700 ml.
916 3650 1087 3702 εἰπεῖν
1131 3650 1298 3721 αὐτῷ,
1326 3647 1527 3705 Ἦλθεν
1568 3651 1730 3704 Δαδὶδ

177 3733 243 3795 τίς
270 3734 353 3786 τὸν
397 3731 548 3789 οἷκον
593 3736 898 3809 Ἀϐιμέλεχ.
940 3759 957 3790 ι
1014 3741 1091 3792 Δι’
1139 3736 1214 3794 ὧν
1256 3742 1597 3814 διδάσκομαι,
1648 3745 1728 3796 ὅτι

178 3824 313 3878 τοῦτο
338 3829 430 3896 μὲν
470 3831 554 3892 εἰς
597 3829 658 3881 τὸ
697 3829 849 3892 τέλος
875 3832 975 3895 τῆς
1003 3833 1157 3902 νίκης
1185 3835 1328 3902 ἄγει,
1360 3835 1486 3888 ὅταν
1518 3835 1730 3898 σύνεσις

181 3917 466 3988 καθηγεῖται
512 3920 612 3974 τοῦ
652 3921 766 3992 βίου
793 3964 806 3983 ,
853 3923 976 3976 καθ’
1014 3925 1305 3996 ὁμοιότητα
1344 3926 1437 3979 τοῦ
1492 3929 1728 3998 μεγάλου

181 4010 334 4064 Δαείδ,
376 4014 482 4067 Καὶ
538 4016 659 4067 τότε
690 4015 922 4085 μάλιστα
964 4015 1120 4069 λυπῶ
1169 4019 1260 4070 τὸν
1296 4019 1455 4090 Δωὴκ
1499 4021 1592 4074 τὸν
1629 4021 1730 4090 τῆς

182 4100 301 4168 ἒμῆς
347 4106 618 4177 σωτηρίας
661 4107 957 4177 τύραννον,
997 4111 1056 4162 ὲν
1105 4109 1183 4179 τῷ
1231 4112 1366 4181 οἴκῳ
1399 4111 1493 4165 τοῦ
1543 4114 1730 4184 ἱερέως

182 4192 458 4262 γενόμενος,
503 4198 601 4250 καὶ
625 4198 754 4251 ὅταν
784 4199 1022 4269 ἡμιόνων
1055 4200 1357 4272 ὑπηρέτης,
1405 4203 1600 4274 μηκέτι
1639 4223 1728 4276 μοι

185 4285 303 4335 κατὰ
341 4286 624 4355 πρόσωπον
657 4290 1066 4358 συμπλέκεσθαι
1094 4291 1320 4362 δύναμιν
1349 4293 1512 4364 ἔχων,
1553 4295 1730 4366 λάθρα

1827 3114 1881 3157 et
1908 3102 1961 3156 in
1984 3118 2048 3159 ea
2083 3117 2170 3156 me
2199 3118 2506 3164 exerceam,
2543 3103 2742 3156 mirum
2775 3103 2923 3157 dictu
2947 3112 3051 3166 est,
3078 3118 3238 3172 quam
3271 3112 3399 3172 apto

1828 3204 1882 3249 et
1903 3195 2264 3249 conveniente
2288 3195 2479 3249 ordine
2505 3194 2761 3249 accedam
2787 3195 2852 3249 ad
2878 3203 3194 3264 sequentem
3218 3210 3400 3249 ascen-

1828 3301 1973 3350 sum,
2013 3287 2298 3341 victoriam
2331 3302 2394 3340 ex
2426 3286 2653 3339 victoria
2693 3295 3001 3356 reportans.
3040 3285 3239 3356 Legam
3273 3301 3401 3340 vero

1831 3375 1926 3428 tibi
1971 3375 2144 3444 ipsam
2184 3374 2460 3429 historica:
2490 3374 2870 3444 inscriptionis
2907 3376 3128 3438 seriem,
3169 3391 3290 3445 quae
3320 3377 3402 3430 sic

1832 3466 2030 3519 habet:
2075 3464 2172 3518 tln
2218 3465 2378 3519 linem
2422 3466 2732 3521 intellectus
2765 3465 2954 3530 David,
3005 3467 3224 3536 quando
3255 3467 3403 3520 venit

1832 3555 1976 3625 Doeg
2002 3556 2288 3619 ldumaus,
2321 3563 2375 3610 et
2405 3556 2750 3609 annuntiavit
2777 3553 2924 3609 Sauli
2952 3563 3006 3610 et
3035 3556 3202 3610 dixit:
3243 3554 3403 3610 Venit

1831 3648 2000 3702 David
2055 3648 2110 3702 in
2163 3648 2384 3702 domum
2439 3647 2808 3702 Abimelech.)
2867 3648 3077 3714 Quibus
3116 3648 3400 3712 docemur,

1834 3749 1945 3793 tum
1967 3737 2034 3792 ad
2057 3738 2217 3793 ﬁnem
2246 3737 2488 3791 victoriae
2519 3739 2815 3806 perveniri,
2847 3738 3069 3807 quando
3092 3738 3402 3793 intellectus

1832 3831 1998 3887 vitam
2028 3831 2165 3902 regit
2188 3831 2487 3886 secundum
2513 3830 2927 3884 similitudinem
2955 3831 3134 3899 magni
3161 3831 3399 3890 Davidis,

1833 3933 2058 3993 tumque
2110 3923 2345 3977 maxime
2393 3922 2614 3977 tristitia
2661 3921 2795 3975 allici
2839 3921 2984 3992 Doeg
3029 3923 3225 3979 salutis
3273 3939 3405 3977 mea:

1832 4017 2069 4082 hostem,
2133 4016 2352 4086 quando
2398 4016 2452 4070 in
2510 4016 2672 4069 domo
2735 4015 3036 4071 sacerdotis
3080 4032 3290 4080 versor,
3350 4025 3404 4070 et

1833 4109 2050 4179 quando
2101 4110 2374 4162 mulorum
2431 4108 2666 4162 famulus
2708 4123 2818 4161 non
2845 4108 3078 4178 amplius
3118 4117 3304 4178 aperte
3353 4115 3408 4163 et

1835 4199 2011 4269 palam
2065 4213 2276 4253 mecum
2311 4198 2567 4267 congredi
2601 4198 2784 4261 audet,
2844 4198 2940 4254 sed
2968 4199 3184 4254 occulte
3210 4206 3406 4254 contra

1835 4305 1920 4345 me
1961 4289 2190 4345 insidias
2238 4290 2386 4352 texit,
2415 4289 2544 4345 dum
2575 4290 2782 4344 indicat
2826 4291 2874 4344 ei
2899 4291 2992 4360 qui
3023 4291 3225 4346 caedem
3274 4291 3409 4346 mihi

184 4375 286 4426 κατ’
323 4377 448 4446 ἐμοῦ
482 4381 581 4450 τὴν
610 4380 901 4452 ἐπιϐουλὴν
943 4382 1290 4453 ἐξαρτύεται,
1334 4385 1412 4456 τῷ
1443 4390 1562 4441 κατ’
1594 4388 1724 4457 ἐμοῦ

1832 4381 2195 4446 machinatur,
2218 4395 2392 4435 meam
2415 4381 2470 4435 in
2499 4380 2803 4435 sacerdotis
2826 4381 2989 4434 domo
3019 4382 3408 4435 commoratio-

185 4467 406 4533 φονῶντι,
452 4473 554 4538 τὴν
607 4473 760 4543 παρά
802 4473 880 4544 τῷ
940 4475 1076 4546 ἱερεῖ
1115 4475 1387 4549 διαγωγήν
1425 4497 1527 4549 μου
1569 4498 1732 4534 κατα-

188 4558 398 4626 μηνύων.
439 4563 608 4632 Δῆλον
638 4563 682 4616 δ’
708 4563 775 4617 ἂν
823 4565 907 4634 εἴη
947 4565 1089 4629 τίνες
1127 4569 1265 4621 εἰσὶν
1303 4570 1358 4622 αἱ
1394 4570 1624 4641 ἡμίονοι,
1657 4566 1733 4628 ὧν

186 4648 435 4705 ἐπιστατεῖ
463 4648 618 4718 οὗτος
641 4655 670 4706 6
710 4655 1024 4725 Ἰδουμαῖος,
1051 4660 1078 4710 6
1105 4659 1205 4728 τὴν
1243 4658 1433 4727 ἄγονον
1464 4662 1734 4730 βουκολῶν

188 4739 344 4806 φύσιν,
370 4745 423 4797 ὲν
519 4746 612 4798 τοῦ
654 4745 789 4799 Θεοῦ
825 4747 858 4816 ή
898 4747 1116 4816 εὐλογία
1149 4751 1310 4804 τόπον
1342 4753 1440 4822 οὐχ
1474 4746 1654 4824 εὗρεν,
1695 4755 1729 4824 ἥ

190 4847 327 4899 φησιν
354 4833 409 4899 ἐξ
449 4837 622 4906 ἀρχῆς
665 4838 757 4888 τὸν
785 4835 1103 4908 πληθυσμὸν
1135 4840 1405 4894 ὲντιθεῖσα
1441 4844 1505 4912 τῇ
1537 4843 1732 4907 κτίσει,

190 4919 274 4984 ὅτι,
310 4941 328 4975 t
355 4925 654 4990 Δύξάνεσθε
693 4927 786 4980 καὶ
813 4928 1172 4998 πληθύνεσθε.
1209 4949 1228 4982 ι
1266 4932 1340 4984 Ού
1374 4931 1482 5002 γάρ
1516 4935 1578 4985 ἐκ
1603 4932 1736 4985 Θεοῦ

192 5013 216 5062 ὁ
241 5016 536 5090 πληθυσμὸς
561 5024 627 5090 τῇ
659 5021 829 5092 κακίᾳ
853 5039 866 5051 ·
911 5022 986 5084 ὼς
1013 5022 1134 5075 οὐδὲ
1163 5023 1222 5089 ἐξ
1249 5024 1494 5095 ἀλλήλων
1520 5027 1669 5078 ἐστὶν
1703 5029 1735 5097 ἡ

193 5105 270 5158 τοῦ
295 5109 470 5176 γένους
489 5111 599 5164 τῶν
629 5113 866 5184 ἡμιόνων
899 5114 1137 5185 διαδοχὴ,
1163 5115 1276 5169 ἀλλ’
1308 5116 1396 5169 ἀεὶ
1428 5122 1742 5189 καινοτομεῖ

125 5239 136 5252 .
193 5194 244 5246 τδ
267 5197 448 5272 {Gravi}
492 5202 654 5271 φύσις
697 5202 758 5254 τὸ
791 5203 865 5274 μὴ
910 5203 970 5256 ὃν
1014 5207 1070 5256 ἐν
1111 5207 1176 5274 τῇ
1219 5207 1391 5259 κτίσει
1430 5207 1496 5259 δι’
1536 5210 1734 5278 ἑαυτῆς

198 5291 660 5370 παρασοφιςομένη,
685 5294 778 5345 καὶ
795 5296 1225 5364 παρεισάγουσα.
1252 5297 1417 5366 Δῆλον
1439 5299 1495 5350 δὲ
1520 5299 1736 5363 πάντως

197 5373 268 5459 διὰ
288 5377 382 5430 τῶν
408 5382 709 5451 εἰρημένων
745 5384 862 5436 ἐστὶ
893 5387 1028 5454 πρὸς
1074 5387 1196 5439 τίνα
1249 5389 1454 5442 σκοπὸν
1488 5389 1671 5459 βλέπει
1706 5393 1734 5443 6

198 5458 346 5532 λόγος.
379 5469 438 5521 Et
475 5471 580 5542 γὰρ
613 5472 789 5526 πάντα
834 5475 935 5528 ὅσα
981 5477 1235 5548 ἐποίησεν
1274 5481 1302 5531 6
1350 5464 1554 5551 Κύριος
1594 5482 1734 5536 καλά

258 5643 297 5674 ⁸⁷
327 5646 364 5700 ll
408 5648 532 5724 Reg.
566 5667 627 5718 ll,
674 5652 854 5723 isqq.
931 5655 976 5686 ⁸⁸
1007 5653 1024 5707 l
1050 5655 1182 5724 Reg.
1211 5672 1348 5722 xm,
1393 5658 1425 5712 9
1465 5675 1584 5730 sqq.

1838 4485 1983 4524 nem.
2032 4469 2226 4541 Liquet
2278 4486 2442 4540 porro
2473 4471 2695 4541 quinam
2729 4472 2839 4526 sint
2887 4472 3042 4538 muli,
3073 4473 3274 4541 quibus
3305 4473 3409 4528 iste

1835 4561 2104 4617 ldumaaus
2143 4570 2359 4634 praeest,
2416 4564 2508 4632 qui
2555 4564 2901 4616 infecundam:
2969 4565 3115 4617 illam
3158 4573 3408 4618 naturam

1838 4653 2039 4723 pascit,
2073 4653 2127 4706 in
2180 4669 2284 4723 qua
2329 4655 2510 4708 locum
2560 4669 2668 4706 non
2727 4653 2891 4707 habet
2939 4652 3035 4708 Dei
3074 4653 3408 4719 benedictio,

1839 4759 2001 4814 quam
2054 4745 2280 4813 protulit
2330 4744 2399 4798 ab
2445 4744 2624 4809 initio,
2677 4759 2800 4797 cum
2836 4753 3145 4798 creaturam
3198 4745 3251 4797 vi
3289 4761 3412 4799 sese

1837 4835 2233 4905 multiplicandi
2262 4835 2490 4888 donaret
2514 4835 2599 4888 his
2630 4835 2836 4888 verbis:
2878 4853 2896 4885 t
2918 4834 3164 4890 Crescite
3189 4844 3242 4890 et
3270 4836 3412 4889 mul-

1838 4926 2281 4997 ιίρΙῙριιιῐιίιιίεθ.›
2342 4923 2477 4979 Nam
2539 4925 2921 4995 multiplicatio
2974 4925 3195 4980 malitiae
3228 4940 3258 4979 a
3290 4924 3412 4997 peo

1836 5035 1945 5074 non
1985 5019 2366 5088 proficiscitur.
2404 5017 2589 5086 Itaque
2621 5032 2798 5085 neque
2834 5032 2899 5072 ex
2926 5033 2984 5072 se
3009 5027 3200 5070 mutuo
3235 4987 3413 5072 ιιιῖῗὶο-

1834 5128 1956 5165 rum
1991 5127 2162 5179 genus
2195 5111 2465 5174 nascitur,
2499 5109 2594 5164 sed
2625 5117 2820 5163 natura
2857 5123 3071 5178 semper
3106 5124 3246 5164 nova
3276 5123 3412 5178 qua-

1840 5207 1963 5260 dam
2006 5204 2214 5258 ratione
2257 5210 2580 5273 progenerat
2621 5203 2724 5255 hoc
2763 5202 2986 5261 animal,
3037 5200 3088 5254 id
3133 5200 3407 5261 videlicet,

1842 5297 1986 5368 quod
2018 5297 2071 5350 in
2103 5305 2298 5350 natura
2336 5311 2444 5349 non
2469 5303 2572 5356 est,
2607 5302 2799 5364 suopte
2823 5289 3040 5363 ingenio
3078 5292 3235 5363 quasi
3266 5307 3412 5346 com-

1843 5391 2142 5444 miniscens
2176 5397 2229 5443 et
2265 5388 2720 5458 superinducens.
2759 5384 2834 5439 Ex
2865 5385 3025 5440 dictis
3075 5393 3256 5440 autem
3291 5399 3412 5439 om-

1839 5483 1970 5537 nino
2023 5482 2370 5552 perspicuum
2435 5479 2694 5544 arbitror,
2745 5492 3010 5549 quorsum
3063 5477 3179 5532 haec
3228 5475 3412 5531 tendat

1699 5659 1744 5691 ”
1768 5659 1902 5715 Gen.
1942 5677 1979 5727 I,
2007 5660 2098 5712 ‘28.
