3838 6224
454 243 562 306 563

1724 257 1780 314 S.
1822 255 2148 314 GREGORII
2180 257 2471 315 NYSSENI

3595 256 3698 312 566

456 364 662 418 oratio:
713 361 762 417 si
809 349 952 418 enim
1002 364 1185 419 omnia
1232 380 1351 436 qua:
1385 364 1644 423 Dominus
1689 369 1836 432 fecit,
1883 370 2007 424 bon:

2125 370 2261 436 λίαν,
2304 375 2336 444 ἡ
2387 374 2442 426 δέ
2489 374 2710 444 ἡμίονος
2757 374 2862 441 ἔξω
2902 374 2997 428 τοῦ
3028 375 3328 445 καταλόγου
3370 377 3480 430 τῶν
3527 380 3588 431 ἐν
3633 384 3696 449 τῇ

451 453 610 507 valde
637 462 786 518 sunt,
832 456 1015 511 mulus
1060 473 1188 512 vero
1230 467 1382 513 extra
1427 474 1652 514 censum
1703 469 1757 514 et
1790 461 2022 515 classem

451 559 642 598 eorum
681 553 787 610 est,
822 562 945 616 qua:
985 550 1038 601 in
1071 551 1344 604 creatione
1387 559 1514 605 sunt
1537 551 1775 614 condita,
1810 552 2023 621 perspi-

451 652 616 690 cuum
649 653 782 692 sane
817 639 896 702 fit,
924 640 990 693 ad
1023 643 1280 694 malitiam
1316 643 1796 698 demonstrandam
1825 660 2021 698 nomen

451 728 556 782 hoc
580 743 610 780 a
634 743 789 783 sacra
821 730 1049 783 historia
1092 742 1408 802 usurpatum
1444 749 1585 788 esse.
1615 733 1802 805 Neque
1850 750 1878 788 a
1915 734 2022 788 Deo

450 819 620 887 igitur
665 820 1025 875 substantiam
1074 823 1254 890 habet,
1291 841 1468 894 neque
1497 843 1621 881 cum
1656 828 1714 882 fit
1757 844 1821 883 eo
1860 828 2022 883 modo

453 924 565 977 quo
616 908 694 973 fit,
737 910 941 964 sufficit
989 913 1106 981 ipse
1141 915 1242 968 sibi
1282 931 1376 984 per
1402 932 1554 971 suam
1610 919 2020 973 subsistentiam

452 1001 521 1055 ad
550 1002 629 1056 sui
660 1003 1155 1059 conservationem.
1185 1005 1648 1071 Quemadmodum
1673 1012 1815 1064 enim
1845 1011 2022 1063 mulo-

451 1108 572 1147 rum
602 1103 798 1148 natura
850 1098 1084 1166 seipsam
1123 1113 1220 1167 per
1267 1100 1501 1169 seipsam
1555 1116 1664 1155 non
1707 1111 2016 1164 conservat,

451 1181 534 1237 sic
558 1198 736 1252 neque
769 1185 971 1238 malitia
1011 1187 1246 1255 seipsam
1286 1191 1532 1245 durando
1565 1206 1891 1246 conservare
1923 1208 2018 1261 po-

451 1280 578 1326 test.
603 1272 709 1326 Sed
736 1285 999 1344 perpetuo
1015 1291 1078 1330 ex
1103 1278 1208 1332 alio
1231 1280 1484 1349 quopiam
1509 1282 1772 1347 exoritur,
1795 1284 2016 1353 quando

450 1363 541 1417 illa
574 1367 788 1421 excelsa
817 1375 872 1421 et
906 1369 1164 1424 volubilis
1200 1372 1397 1426 anima:
1427 1381 1628 1429 nostrai
1658 1391 1785 1445 pars
1819 1376 1885 1429 ad
1917 1392 2018 1430 cu-

450 1456 726 1520 piditatem
759 1466 989 1514 terrena:
1022 1468 1075 1515 et
1119 1463 1454 1520 irrationalis
1497 1467 1898 1535 conjunctionis
1923 1472 2018 1525 de-

452 1547 673 1602 labitur.
710 1549 852 1619 Ergo
897 1551 1199 1622 alienigena
1241 1554 1331 1609 ille
1373 1554 1539 1628 Doeg,
1577 1561 1803 1615 nuntius
1835 1561 2016 1620 Saulis

449 1647 640 1693 contra
672 1638 950 1705 Davidem,
989 1643 1265 1698 infecundi
1293 1649 1471 1718 gregis
1502 1651 1771 1706 mulorum
1805 1665 2010 1723 pastor,

445 1732 586 1787 alius
615 1748 722 1786 non
755 1742 860 1800 est,
893 1752 1054 1804 quam
1085 1739 1261 1794 malus
1295 1742 1539 1810 angelus,
1571 1745 1662 1812 qui
1707 1761 1802 1813 per
1835 1748 2014 1802 varias

447 1826 658 1894 peccati
714 1827 1051 1896 affectiones,
1106 1847 1279 1901 genus
1332 1833 1630 1889 humanum
1685 1838 1750 1891 ad
1809 1841 2016 1894 scelera

447 1919 738 1987 pertrahit,
768 1923 860 1989 qui
894 1924 1114 1992 quando
1145 1925 1340 1980 viderit
1369 1929 1602 1997 aliquem
1628 1945 1751 1985 esse
1777 1932 1830 1984 in
1854 1931 2017 1986 domo

444 2010 562 2063 veri
603 2012 928 2075 sacerdotis,
967 2029 1201 2086 eumque
1233 2018 1470 2072 stimulis
1505 2021 1777 2074 mulorum
1820 2038 2015 2091 percu-

445 2107 563 2155 tere
609 2104 934 2172 nequiverit,
982 2113 1112 2160 tunc
1161 2110 1378 2163 nuntiat
1424 2109 1480 2163 id
1527 2112 1756 2180 principi
1798 2114 2016 2168 malitiae

445 2193 678 2262 spiritus
726 2198 1006 2264 operantis
1053 2199 1106 2251 in
1145 2200 1268 2256 filiis
1318 2200 1650 2257 diffidentia.
1689 2203 1787 2259 Ille
1833 2215 2012 2260 autem

445 2285 574 2339 altis
623 2286 901 2343 radicibus
956 2290 1115 2356 actis,
1164 2298 1224 2345 ut
1268 2293 1408 2346 oliva
1444 2293 1722 2348 fructifera
1763 2298 1815 2350 in
1853 2299 2014 2352 domo

442 2370 680 2439 Domini,
721 2376 847 2431 illos
873 2385 1062 2431 contra
1094 2386 1388 2449 tyrannum
1423 2383 1662 2438 instituit
1709 2401 2010 2452 sermones,

375 2472 396 2494 ‘
444 2479 586 2532 quos
618 2465 672 2518 in
706 2467 919 2535 psalmo
945 2469 1276 2535 audivimus,
1306 2487 1430 2526 cum
1461 2475 1570 2528 ait:
1613 2494 1630 2525 ι
1651 2474 1788 2541 Quid
1821 2477 2013 2545 gloria-

445 2556 522 2609 ris
557 2557 612 2610 in
659 2558 890 2626 malitia,
940 2561 1033 2630 qui
1082 2571 1276 2631 potens
1310 2580 1370 2619 es
1399 2566 1454 2618 in
1492 2566 1811 2636 iniquitate?
1839 2569 2011 2638 Cujus

441 2645 627 2716 lingua
667 2656 773 2717 est,
825 2652 970 2705 sicut
1021 2655 1286 2708 novacula
1333 2665 1558 2720 acuta,»
1602 2660 1843 2727 spolians
1891 2676 2006 2723 eos,

441 2753 581 2808 quos
613 2741 876 2810 tetigerit,
921 2744 1126 2799 honore
1157 2755 1208 2799 et
1246 2747 1444 2803 decore
1487 2749 1740 2816 crinium,
1791 2753 2011 2807 abscin-

439 2828 686 2900 densque
717 2843 920 2901 septem
968 2835 1092 2889 illos
1121 2837 1443 2905 capillorum
1485 2855 1680 2902 nexus.
1722 2843 1775 2895 in
1809 2844 2008 2912 quibus

437 2924 619 2978 omnis
660 2927 837 2979 virtus
890 2927 1115 2981 residet.
1171 2929 1450 2999 lntelligis,
1513 2933 1726 3001 opinor,
1782 2949 1848 2988 ex
1887 2935 2008 3005 ipso

2100 460 2301 512 ’κτίσει
2326 463 2624 530 γεγονότων
2645 463 2810 528 ἐστὶν,
2833 463 2986 534 δῆλον
3007 464 3072 517 ἂν
3097 467 3204 536 εἴη,
3230 467 3310 519 ὅτι
3337 467 3474 538 πρὸς
3496 469 3698 530 κακίας

2127 551 2346 617 ἔνδειξιν
2386 553 2445 604 τὸ
2481 552 2650 624 ὄνομα
2677 557 2836 607 τοῦτο
2882 555 2986 607 ὑπὸ
3018 557 3115 626 τῆς
3156 558 3391 627 ἱστορίας
3431 559 3698 630 παρείλη-

2127 660 2274 696 πται.
2312 642 2447 695 Οὔτε
2478 646 2541 696 ἐκ
2570 644 2704 696 Θεοῦ
2731 642 2824 698 οὖν
2850 647 2947 717 τὴν
2970 646 3200 716 ὓπαρξιν
3226 649 3358 718 ἔχει,
3388 650 3511 702 οὒτε
3549 667 3702 716 γενο⁴

2128 735 2262 805 μένη
2293 734 2370 798 ὼς
2403 736 2610 802 γίνεται
2632 737 2843 807 διαρκεῖ
2874 742 2940 809 τῇ
2965 739 3257 792 ὑποστάσει
3291 741 3428 810 πρὸς
3449 742 3508 794 τὸ
3545 740 3700 792 [διον.

2137 827 2223 888 Ὠς
2282 827 2390 898 γὰρ
2448 829 2507 881 οὐ
2561 832 2812 898 συντηρεῖ
2871 830 2938 882 δι’
3003 833 3199 902 ἐαυτῆς
3249 833 3511 902 ἐαυτὴνή
3580 832 3696 884 τῶν

2126 919 2362 990 ἡμιόνων
2394 920 2586 990 φύσις,
2626 920 2796 984 οὕτως
2838 923 2958 975 οὐδὲ
2989 925 3022 992 ἡ
3071 925 3238 976 κακία
3276 925 3424 994 μένει
3459 924 3611 977 κατὰ
3641 923 3705 975 τὸ

2121 1012 2368 1082 διηνεκὲς
2399 1015 2535 1085 αὐτῇ
2582 1015 2983 1086 φυλασσομένη,
3031 1015 3166 1068 ἀλλὰ
3210 1017 3438 1069 πάντοτε
3484 1017 3706 1084 γίνεται

2123 1105 2214 1157 ὑπ’
2239 1104 2396 1158 ἄλλου
2422 1106 2848 1177 ζωογονουμένη,
2880 1109 3006 1161 ὅταν
3027 1107 3087 1159 τὸ
3108 1107 3346 1174 εύγενές,
3373 1109 3468 1159 καὶ
3489 1109 3706 1180 γαῦρον

2120 1197 2220 1267 τῆς
2255 1200 2312 1249 ἐν
2346 1201 2474 1269 ἡμῖν
2503 1199 2735 1268 φύσεως,
2785 1203 2877 1254 καὶ
2904 1203 3062 1271 ταχὺ,
3095 1203 3188 1254 καὶ
3225 1201 3524 1271 ὑψαύχενον
3559 1204 3708 1272 7:93);

2119 1287 2413 1358 ἐπιθυμίαν
2444 1290 2541 1358 τῆς
2568 1290 2801 1353 ἀνώδους
2828 1308 2887 1343 τε
2928 1291 3023 1344 καὶ
3053 1292 3248 1360 ἀλόγου
3277 1292 3540 1358 συζυγίας
3568 1310 3708 1344 κασ-

2119 1381 2399 1453 ολισθὴσῃ.
2448 1382 2505 1435 '0
2546 1382 2720 1436 τοίνυν
2757 1382 3047 1451 ἀλλόφυλος
3079 1385 3286 1445 ἐκεῖνος
3328 1383 3492 1454 Δωὴκ
3524 1387 3555 1435 ὁ
3605 1382 3708 1434 τοῦ

2119 1473 2292 1525 Σαοὺλ
2342 1473 2480 1526 κατὰ
2532 1473 2624 1526 τοῦ
2670 1474 2832 1526 Δαϐὶδ
2875 1474 3162 1544 γενόμενος
3210 1473 3476 1543 ἄγγελος,
3531 1477 3563 1526 ὁ
3605 1476 3708 1542 τῆς

2117 1567 2311 1634 ἀγόνου
2363 1568 2563 1638 ἀγέλης
2610 1568 2719 1621 τῶν
2766 1569 3002 1640 ἡμιόνων
3031 1571 3249 1638 νομεὺς,
3279 1570 3380 1620 οὐκ
3408 1568 3478 1621 ἂν
3506 1568 3708 1636 ἕτερος

2118 1659 2200 1728 εἴη
2238 1659 2386 1728 παρά
2410 1659 2500 1711 τὸν
2527 1659 2758 1729 πονηρὸν
2789 1657 3036 1726 άγγελον,
3056 1657 3145 1710 τὸν
3171 1657 3257 1709 διὰ
3284 1655 3393 1709 τῶν
3431 1656 3708 1707 mncika

2117 1752 2217 1820 τῆς
2272 1751 2544 1822 ἁμαρτίας
2590 1752 2928 1820 παθημάτων
2975 1750 3072 1820 τὴν
3121 1748 3467 1821 ἀνθρωπίνην
3515 1747 3709 1825 ψυχὴν

2119 1843 2255 1910 πρὸς
2284 1842 2344 1893 τὸ
2372 1841 2540 1894 κακὸν
2572 1841 2928 1911 ἐφελκόμενον
2949 1856 2962 1870 ⁸
3013 1841 3078 1892 ἵν’
3113 1841 3240 1892 ὅταν
3282 1841 3385 1912 ῖδῃ.
3419 1842 3506 1893 ὅτι
3533 1841 3594 1891 ἐν
3625 1838 3709 1907 τῷ

2117 1937 2249 2004 οἴκῳ
2295 1935 2390 1987 τοῦ
2423 1933 2680 2003 ἀληθινοῦ
2717 1934 2904 2003 ἱερέως
2942 1934 3122 1995 ἐστὶν,
3171 1931 3447 1986 ἀδυνατῶν
3493 1932 3706 2002 πλῆξαι

2117 2028 2279 2082 αὑτὸν
2314 2029 2424 2091 τοῖς
2471 2026 2580 2080 τῶν
2622 2026 2861 2097 ἡμιόνων
2902 2026 3260 2094 λακτίσμασιν
3284 2065 3300 2091 ,
3350 2026 3472 2077 τότε
3519 2043 3703 2078 κατα-

2119 2117 2311 2188 μηνύει
2346 2117 2480 2187 πρὸς
2507 2116 2600 2168 τὸν
2627 2117 2859 2186 ἄρχοντα
2889 2116 2988 2185 τῆς
3015 2115 3278 2185 πονηρίας
3313 2113 3408 2166 τοῦ
3444 2114 3703 2184 πνεύμα-

2113 2229 2204 2274 τος
2232 2209 2323 2263 τοῦ
2354 2207 2700 2280 ἐνεργοῦντος
2728 2210 2785 2260 ἐν
2811 2208 2924 2270 τοῖς
2969 2208 3105 2269 υἱοῖς
3145 2207 3244 2274 τῆς
3279 2205 3589 2268 ἀπειθείας.
3638 2206 3702 2258 '0

2113 2303 2169 2356 δὲ
2208 2303 2594 2374 ὲρῤιζωμένος,
2628 2301 2705 2364 ὡς
2742 2299 2895 2353 ἐλαία
2937 2298 3288 2370 κατάκαρπος
3332 2299 3392 2350 ὲν
3431 2297 3516 2367 τῷ
3559 2296 3698 2366 οἴκῳ

2112 2395 2206 2448 τοῦ
2232 2394 2387 2455 Θεοῦ,
2418 2395 2656 2456 ἐκείνους
2703 2396 2935 2446 ποιεῖται
2981 2393 3119 2446 κατὰ
3150 2391 3242 2445 τοῦ
3268 2391 3537 2460 τυράννου
3567 2391 3694 2451 τοὺς

2112 2487 2337 2554 λόγους,
2383 2487 2476 2549 οὓς
2522 2487 2581 2539 ἐν
2623 2489 2689 2556 τῇ
2743 2484 3028 2555 ψαλμῳδίᾳ
3074 2483 3421 2552 ἠκούσαμεν,
3471 2481 3695 2550 λέγων·

2119 2580 2213 2632 «Τί
2237 2580 2482 2650 ἐγκαυχᾷ
2511 2580 2568 2631 ὲν
2595 2578 2763 2649 κακίᾳ
2785 2579 2813 2630 ὁ
2835 2577 3058 2641 δυνατὸς
3088 2575 3336 2644 ἀνομίαν,
3364 2566 3427 2627 οὗ
3456 2575 3494 2644 ἡ
3524 2573 3693 2640 γλῶσ·

2115 2690 2182 2724 σα
2211 2673 2341 2726 ὡσεὶ
2373 2671 2533 2742 ξυρὸν
2574 2670 2935 2741 ἠκονημένον,
2976 2687 2994 2720 ι
3021 2663 3101 2732 οἷς
3134 2667 3199 2720 ἂν
3239 2665 3450 2736 ἐπαχθῇ
3485 2666 3692 2718 ἀποσυ-

2111 2766 2276 2820 λοῦσα
2305 2766 2411 2818 τῶν
2435 2764 2636 2835 τριχῶν
2659 2764 2759 2836 τὴν
2782 2762 3130 2832 εὐπρέπειαν,
3165 2761 3257 2812 καὶ
3282 2759 3381 2821 τὰς
3406 2758 3550 2810 ἐπ·τά
3580 2757 3692 2809 τῶν

2113 2858 2420 2928 βοστρύχων
2457 2855 2667 2927 σειρὰς,
2716 2855 2774 2906 ἐν
2820 2849 2908 2917 αἷς
2952 2855 3098 2905 ἐστιν
3146 2853 3179 2922 ή
3232 2850 3458 2918 δύναμις
3505 2847 3687 2918 ἡμῶν,

2111 2948 2506 3017 ἁποτέμνουσα.
2539 2946 2697 3008 Νοεῖς
2719 2945 2776 2997 δὲ
2803 2945 3021 3006 πάντως
3050 2946 3113 2996 ἐκ
3146 2943 3243 3012 τῆς
3271 2941 3564 3011 ἑϐδομάδος
3582 2942 3692 2993 τῶν

439 3015 752 3084 septenario
775 3031 1025 3082 numero,
1065 3018 1430 3086 spiritualium
1473 3022 1850 3077 cincinnorum
1880 3041 2005 3079 sen-

2113 3038 2491 3109 πνευματικῶν
2523 3036 2833 3108 βοστρύχων
2859 3039 2957 3106 τὴν
2979 3035 3203 3096 ἔννοιαν,
3235 3033 3418 3096 καθὼς
3453 3034 3690 3096 Ἡσαΐας

438 3119 582 3166 sum,
642 3113 802 3173 prout
850 3105 1102 3160 videlicet
1147 3107 1312 3162 Isaias
1358 3110 1727 3178 septiformem
1779 3116 2005 3183 spiritus

437 3196 666 3262 gratiam
702 3206 988 3251 enumerat
1010 3198 1082 3261 °°;
1118 3199 1320 3267 quibus
1349 3199 1628 3267 abscissis,
1668 3213 1725 3256 ut
1754 3205 2004 3260 Samsoni

413 3283 722 3346 accidit“,
762 3285 1009 3353 sequitur
1038 3288 1320 3340 oculorum
1360 3288 1614 3345 interitus
1653 3301 1707 3346 et
1750 3294 2002 3362 perditio,

431 3373 654 3443 jamque
702 3377 1015 3432 temulentis
1061 3389 1114 3433 et
1143 3379 1312 3436 ebriis
1345 3382 1668 3454 alienigenis
1706 3385 2002 3442 ludibrium

433 3466 691 3521 efficitur.

506 3558 753 3614 Posthaac
782 3560 1041 3617 describit
1067 3563 1209 3634 ejus,
1241 3565 1333 3635 qui
1364 3566 1416 3620 in
1450 3568 1652 3622 malitia
1677 3578 1871 3639 potens
1894 3581 2000 3638 est,

434 3659 594 3706 notas
649 3661 703 3706 et
760 3655 1122 3724 proprietates
1167 3675 1178 3710 :
1217 3659 1474 3726 quoniam
1523 3679 1541 3711 ι
1571 3660 1715 3716 Deus
1758 3664 2004 3718 destruet

434 3741 580 3794 hunc
612 3741 665 3796 in
694 3742 888 3798 linem:
924 3761 1071 3800 nunc
1107 3763 1235 3802 vero
1259 3751 1452 3804 evellet
1480 3759 1534 3804 et
1566 3754 1852 3822 emigrabit
1877 3772 2002 3810 eum

433 3847 464 3884 a
496 3833 677 3887 divino
707 3835 1072 3900 habitacula,»
1103 3845 1158 3893 et
1187 3840 1254 3895 de
1284 3850 1426 3895 terra
1451 3844 1747 3898 viventium
1784 3850 2004 3901 exscin-

433 3926 524 3979 det
554 3927 772 3981 malitiae
795 3929 946 3983 illius
963 3938 1016 3984 et
1052 3933 1370 3988 acerbitatis
1401 3935 1634 4001 radices,
1670 3947 1722 3992 et
1746 3939 1796 3993 id
1831 3955 2003 4010 genus

431 4016 564 4080 alia,
585 4033 703 4086 quae
739 4021 982 4088 psalmus
1021 4021 1112 4076 ille
1143 4031 1256 4076 toto
1287 4039 1386 4078 suo
1418 4025 1654 4082 decursu
1684 4032 2002 4100 complecti-

430 4120 540 4175 tur,
574 4113 638 4167 ad
668 4114 918 4169 eumdem
947 4114 1108 4171 finem
1140 4121 1478 4187 spectantia;
1518 4123 1718 4191 quibus
1747 4133 2002 4182 constan-

429 4203 504 4254 tia
536 4211 590 4256 et
639 4205 907 4258 stabilitas
948 4223 1136 4261 eorum
1192 4212 1492 4278 perficitur,
1542 4216 2000 4282 quemadmodum

428 4289 646 4350 divinus
694 4296 769 4349 ait
801 4297 1114 4366 Apostolus,
1157 4302 1249 4369 qui
1287 4302 1553 4358 «radicati
1597 4317 1726 4360 sunt
1771 4308 1826 4360 in
1874 4308 1996 4363 fide.

429 4386 540 4456 Ego
566 4388 730 4454 enim,
763 4390 955 4460 inquit,
986 4399 1246 4461 tanquam
1273 4395 1415 4448 oliva
1449 4396 1730 4453 fructifera
1753 4400 1806 4453 in
1836 4400 1998 4456 dumo
2028 4371 2074 4426 Β

428 4477 520 4532 Dei
554 4481 679 4543 mei,
720 4483 933 4551 speravi
968 4484 1023 4537 in
1056 4485 1431 4540 misericordia
1462 4487 1555 4543 Dei
1590 4490 1644 4544 in
1675 4493 1990 4555 sazculum,»

425 4580 479 4625 ct
505 4573 645 4627 ultra
687 4575 788 4629 hoc
830 4578 1087 4645 spatium,
1123 4579 1280 4648 cujus
1331 4597 1586 4637 mensura
1624 4592 1706 4637 est
1734 4585 1995 4650 infinitas,

425 4666 569 4734 quod
621 4677 777 4721 vocat
833 4671 1195 4725 tsaeculorum
1238 4675 1554 4728 saeculum.)
1609 4675 1891 4747 Simulque
1940 4695 1998 4734 sc

426 4755 537 4811 Deo
567 4772 852 4827 perpetuas
881 4763 1088 4831 gratias
1120 4775 1369 4818 acturum
1400 4768 1708 4834 pollicetur,
1735 4786 1856 4824 cum
1889 4774 1994 4827 ait:

429 4849 782 4905 «Confitebor
815 4853 912 4905 tibi
941 4855 991 4906 in
1025 4856 1281 4910 saeculum
1307 4871 1352 4908 ε»
1391 4868 1446 4912 tu
1478 4861 1623 4913 enim
1661 4861 1834 4917 fecisti
1863 4867 1993 4919 mihi

425 4941 588 5012 digna
623 4945 920 5011 gratiarum
962 4946 1197 5012 actione,
1240 4967 1257 4997 ι
1284 4957 1338 5001 et
1367 4954 1745 5017 exspectabo,»
1794 4956 1992 5028 inquit,

431 5049 670 5088 «nomen
719 5044 936 5089 tuumn
993 5037 1133 5091 bona
1171 5048 1254 5094 est
1306 5044 1451 5095 enim
1499 5043 1610 5098 hmc
1659 5053 1994 5116 exspectatio

423 5125 630 5180 sanctis
662 5127 791 5180 tuis.
831 5128 1300 5192 Quemadmodum
1336 5141 1516 5187 autem
1558 5136 1757 5193 diversi
1793 5143 1993 5198 coloris

424 5217 682 5283 splendor
711 5218 780 5272 ob
811 5219 1059 5273 tinctura:
1089 5222 1428 5288 varietatem,
1460 5227 1628 5283 variis
1658 5233 1814 5299 quasi
1847 5233 1994 5289 ﬂori-

419 5306 522 5360 hus
553 5307 843 5373 distincta,
875 5311 1075 5363 sensim
1104 5311 1170 5365 ad
1199 5312 1473 5368 diversum
1505 5321 1744 5374 colorem
1771 5329 1989 5394 transit,

421 5397 572 5466 ipsas
605 5413 768 5453 auras
798 5401 1043 5455 colorum
1084 5403 1388 5458 alternante
1417 5405 1626 5478 fulgore
1652 5414 1784 5470 scite
1819 5420 1994 5486 pictu-

423 5505 588 5546 rans:
648 5490 727 5544 sic
780 5500 834 5546 et
863 5493 1045 5548 videre
1093 5502 1174 5550 est
1223 5499 1415 5553 psalmi
1451 5499 1617 5571 hujus
1665 5523 1860 5566 sensus
1895 5529 1990 5568 ex-

487 5670 534 5703 "
567 5671 690 5729 lsai.
722 5690 795 5738 ιιι,
828 5675 880 5728 2.
960 5679 1000 5710 “
1033 5676 1208 5736 Judio.
1233 5696 1338 5747 1m,
1367 5681 1426 5737 Eii
1467 5700 1586 5756 sqq.

2107 3131 2204 3199 τὴν
2235 3130 2444 3199 ἑπταχῆ
2477 3130 2766 3199 γινομένην
2816 3127 2908 3181 τοῦ
2950 3127 3254 3195 πνεύματος
3284 3125 3442 3197 χάριν
3477 3126 3687 3196 ἀπηρι-

2109 3223 2354 3294 θμήσατο
2372 3239 2388 3255 θ
2419 3216 2493 3276 ὧν
2523 3221 2968 3291 ἀποτμηθέντων,
2993 3218 3173 3282 καθὼς
3205 3221 3296 3271 ἐπὶ
3325 3218 3419 3271 τοῦ
3443 3219 3689 3290 Σαμψὼν

2109 3315 2328 3383 συνέϐη,
2375 3315 2566 3367 ἕπεται
2613 3314 2720 3367 τῶν
2766 3312 3057 3382 ὀφθαλμῶν
3108 3314 3142 3382 ἡ
3179 3310 3440 3373 ἀπώλεια,
3486 3312 3583 3363 καὶ
3626 3311 3690 3363 τὸ

2107 3405 2458 3474 ἐπιγέλαστον
2492 3403 2629 3458 εἶναι
2661 3407 2771 3467 τοῖς
2796 3402 3129 3472 ἀλλοφύλοις,
3158 3403 3284 3455 ὃταν
3316 3401 3612 3472 μεθύωσιν.

2189 3586 2414 3655 Ἐπάγει
2446 3586 2503 3638 δέ
2537 3584 2675 3655 μετά
2705 3584 2766 3637 τὸ
2791 3585 2983 3646 εἰπεῖν,
3009 3583 3076 3636 δι’
3105 3576 3180 3637 ὧν
3207 3582 3589 3653 ὑπογράφεται
3614 3581 3688 3635 τὰ

2103 3679 2198 3733 τοῦ
2232 3682 2289 3732 ἐν
2315 3679 2480 3749 κακίᾳ
2510 3677 2734 3731 δυνατοῦ
2769 3677 3061 3747 ἱδιώματα·
3098 3677 3179 3728 ὅτι
3227 3695 3246 3727 ι
3276 3676 3306 3727 ὁ
3336 3674 3464 3738 Θεὸς
3491 3674 3691 3727 τοῦτον

2109 3773 2207 3843 μὲν
2237 3771 2557 3841 καθαιρήσει
2587 3772 2665 3833 είς
2694 3770 2844 3834 τέλος
2871 3786 2885 3799 ο
2935 3768 3075 3831 τέως
3103 3767 3159 3820 δέ
3205 3767 3300 3820 νῦν
3339 3766 3544 3818 ἐκτιλεί
3590 3766 3690 3818 καὶ

2108 3865 2502 3934 μεταναστήσει
2547 3862 2654 3916 ἀπὸ
2683 3861 2776 3914 τοῦ
2812 3860 2958 3913 θείου
2989 3858 3367 3930 σκηνώματος,
3401 3877 3419 3908 ι
3473 3857 3572 3910 καὶ
3621 3859 3691 3909 ἐκ

2105 3958 2202 4027 τῆς
2227 3956 2333 4008 τῶν
2361 3954 2575 4019 ζώντων
2603 3955 2705 4026 γῆς
2727 3952 2976 4024 ἀνορύξει
3007 3953 3075 4006 τὰ
3097 3953 3195 4022 τῆς
3224 3950 3486 4021 πονηρίας
3514 3948 3687 4002 αὑτοῦ

2106 4051 2200 4103 καὶ
2229 4049 2453 4118 πικρίας
2481 4045 2785 4118 ῥιζώματα,
2818 4046 2913 4097 καὶ
2941 4046 3041 4097 ὅσα
3067 4043 3274 4106 τούτοις
3307 4043 3448 4094 κατὰ
3472 4042 3535 4094 τὸ
3560 4041 3688 4094 ἀκό-

2103 4141 2286 4194 λουθον
2313 4140 2550 4211 περιέχει
2575 4140 2606 4208 ἡ
2635 4137 2940 4207 ψαλμῳδία,
2966 4137 3099 4207 πρὸς
3120 4137 3217 4205 τὴν
3242 4137 3412 4206 αὐτὴν
3441 4136 3689 4189 διάνοιαν

2104 4232 2366 4301 βλέποντα
2385 4247 2397 4258 ·
2439 4230 2505 4282 δι’
2535 4223 2610 4282 ὧν
2639 4227 2993 4297 κατορθοῦται
3024 4226 3085 4278 τὸ
3115 4226 3352 4295 βέϐαιον,
3384 4225 3572 4289 καθὼς
3603 4223 3685 4278 εἷ-

2103 4341 2203 4376 πεν
2249 4326 2277 4376 ὁ
2329 4323 2468 4384 θεῖος
2509 4320 2844 4382 Ἀπόστολος,
2876 4318 2982 4370 τῶν
3044 4337 3061 4368 ι
3089 4317 3473 4388 ἐῤῥιζωμένων
3520 4320 3581 4369 ἐν

2104 4414 2281 4467 πίστει
2300 4453 2314 4466 .
2357 4411 2494 4480 Ἐγὼ
2522 4411 2650 4482 γάρ,
2686 4431 2705 4462 ι
2725 4409 2908 4480 φησὶν,
2937 4429 2955 4458 ι
2976 4410 3104 4462 ὡσεὶ
3135 4409 3288 4462 ἐλαία
3324 4411 3683 4480 κατάκαρπος

2101 4508 2158 4559 ἐν
2191 4507 2268 4576 τῷ
2298 4507 2429 4576 οἴκῳ
2477 4506 2570 4558 τοῦ
2601 4506 2735 4559 Θεοῦ
2773 4523 2896 4575 μου,
2929 4505 3132 4574 ἤλπισα
3164 4504 3255 4555 ἐπὶ
3285 4503 3346 4555 τὸ
3389 4504 3538 4565 ἕλεος
3586 4504 3681 4556 τοῦ

2099 4599 2234 4652 Θεοῦ
2264 4601 2344 4661 εἰς
2376 4597 2466 4651 τὸν
2492 4596 2691 4658 αἰῶνα,
2718 4617 2737 4648 ι
2802 4595 2985 4651 καὶτὸ
3013 4595 3149 4664 ὑπὲρ
3191 4593 3348 4647 τοῦτο
3379 4594 3678 4663 διάστημα,

2100 4683 2160 4742 οὗ
2207 4691 2401 4760 μέτρον
2437 4689 2586 4741 ἐστὶν
2613 4690 2644 4758 ἡ
2673 4688 2915 4758 ἀπειρία,
2947 4688 3082 4759 ὅπερ
3131 4705 3150 4738 ι
3181 4686 3392 4740 αἰώνων
3420 4685 3682 4754 ὀνομάζει

2101 4782 2290 4834 αἰῶνα.
2327 4801 2345 4833 ι
2391 4781 2479 4834 Ἐν
2528 4779 2702 4849 τούτῳ
2745 4782 2838 4832 καὶ
2886 4779 2982 4850 τὴν
3032 4777 3382 4849 εὐχαριστίαν
3426 4778 3572 4830 κατὰ
3619 4777 3683 4829 τὸ

2102 4874 2272 4925 ἀΐδιον
2319 4872 2396 4941 τῷ
2437 4870 2556 4942 Θεῷ
2589 4872 2893 4942 προσοίσειν
2935 4869 3427 4937 κατεπαγγέλλεται
3460 4869 3638 4936 λέγων
3661 4886 3676 4897 ·

2107 4983 2126 5015 ι
2170 4962 2662 5034 Ἐξομολογήσομαί
2694 4980 2774 5015 σοι
2821 4965 2900 5026 είς
2931 4961 3020 5015 τὸν
3061 4963 3248 5014 αἰῶνα.
3284 4981 3302 5013 ι
3342 4961 3414 5013 Σὺ
3444 4962 3552 5032 γάρ
3588 4979 3680 5029 μοι

2100 5056 2168 5109 τά
2196 5057 2318 5122 ἄξια
2345 5057 2443 5126 τῆς
2471 5056 2817 5126 εὐχαριστίας
2841 5056 3119 5126 ἐποίησας.
3165 5074 3181 5104 ι
3203 5054 3311 5107 Καὶ
3343 5053 3625 5122 ὑπομενῶ,
3654 5072 3673 5104 ι

2103 5152 2255 5221 φησὶ,
2293 5151 2381 5202 «τὸ
2413 5150 2584 5220 ὄνομά
2611 5168 2724 5204 σου.
2757 5169 2775 5202 ›
2817 5149 3042 5217 Ἀγαθὸν
3067 5147 3174 5219 γάρ
3202 5150 3348 5200 ἐστιν
3371 5149 3402 5218 ὴ
3428 5146 3676 5217 ὑπομονὴ

2099 5245 2212 5306 τοῖς
2240 5243 2403 5305 ὁσίοις
2451 5260 2563 5295 σου.
2603 5243 2812 5312 ’Ὠσπερ
2847 5241 2903 5293 δὲ
2950 5243 2982 5311 ἡ
3031 5240 3388 5309 πολύχρωμος
3420 5237 3584 5306 ατγλη
3619 5240 3677 5290 ἐν

2100 5335 2339 5405 διαφόρῳ
2363 5334 2439 5404 τῷ
2468 5333 2567 5404 τῆς
2599 5334 2774 5403 βαφῆς
2798 5332 2946 5386 ἄνθει
2969 5330 3274 5404 ,λεληθότως
3301 5331 3436 5400 πρὸς
3466 5330 3528 5382 τὸ
3555 5332 3674 5382 ἐτε-

2102 5428 2327 5499 ρόχρουν
2354 5427 2685 5496 μεταϐαίνει,
2717 5423 3009 5496 προσφυῶς
3051 5424 3150 5486 τὰς
3179 5423 3351 5493 ἄκρας
3385 5421 3494 5474 τῶν
3526 5439 3676 5492 χρω-

2103 5521 2284 5590 μάτων
2309 5519 2483 5589 αὑγὰς
2513 5518 2770 5590 ἀλλήλαις
2799 5516 3240 5588 καταμιγνύουσα
3266 5533 3281 5547 ο
3322 5513 3496 5578 οὕτως
3530 5510 3680 5565 ἐστιν
