3838 6224
157 327 252 380 565

1543 332 1611 386 lN
1650 332 1979 390 PSALMOS.

3271 330 3377 386 566

165 449 278 502 ἰδεῖν
303 445 397 514 τῆς
427 441 735 512 ψαλμῳδίας
777 441 979 510 ταύτης
1024 442 1161 494 κατά
1189 442 1251 497 τὸ
1285 442 1452 515 ἀκρον
1479 443 1576 512 τὴν
1604 443 1697 495 τοῦ

1826 444 1960 498 remi
1992 443 2148 514 quasi
2174 444 2405 509 radium,
2440 442 2595 498 initio
2619 443 2898 512 sequentis
2931 444 3222 512 psalmi”,
3255 454 3380 499 tan-

164 541 409 609 νοήματος
437 537 645 596 ἀκτῖνα,
675 532 751 603 τῷ
773 533 1040 603 προοιμίῳ
1057 535 1156 604 τῆς
1175 534 1267 588 τοῦ
1296 539 1702 606 παρακειμένου

162 627 358 698 ψαλμοῦ
384 625 736 695 λαμπηδόνος,
764 625 832 676 δι’
861 625 1153 678 ἀκολούθου
1188 630 1666 698 προσμιγνυμένην
1686 646 1700 659 ο

162 722 285 772 ὥστε
325 717 595 770 λανθάνειν
635 715 693 767 τὸ
743 715 905 785 μέσον
952 716 1187 782 τούτων,
1236 717 1556 787 αὐτομάτως
1605 719 1706 787 τῆς

162 809 377 870 διανοίας
407 806 511 859 ἀπὸ
555 804 740 858 τούτου
787 804 924 875 πρὸς
975 805 1073 875 τὴν
1121 806 1484 876 ὑποκειμένην
1523 807 1704 877 ψαλμ-

162 901 307 969 ῳδίαν
338 895 772 966 καταμιχθείσης.
822 898 879 948 Ὀ
905 896 1013 966 γὰρ
1054 897 1127 958 ὡς
1167 897 1319 950 ἐλαία
1352 898 1706 966 κατάκαρπος

166 990 390 1061 ριζωθεὶς
416 989 473 1040 ἐν
493 988 570 1058 τῷ
595 989 726 1058 οἴκῳ
758 987 853 1041 τοῦ
880 988 1036 1051 Θεοῦ,
1071 990 1166 1042 καὶ
1198 990 1257 1042 τὸ
1290 991 1497 1058 ἐδρατόν
1526 1007 1584 1042 τε
1613 989 1705 1042 καὶ

165 1083 530 1152 ἀμετακίνητον
575 1078 666 1132 τοῦ
718 1080 860 1133 κατά
896 1079 993 1149 τὴν
1027 1082 1207 1134 πίστιν
1244 1082 1618 1152 στερεώματος
1648 1083 1706 1133 ἐν

166 1173 322 1244 ἐαυτῷ
349 1170 662 1241 βεϐαιώσας.
687 1172 781 1225 καὶ
802 1171 900 1240 τὴν
930 1172 1116 1225 ἐλπίδα
1145 1171 1238 1225 τοῦ
1267 1171 1409 1226 θείου
1440 1173 1618 1226 ἐλαίου
1640 1174 1706 1227 δι’

168 1264 484 1334 εὐχαριστίας
517 1267 582 1334 τῇ
611 1263 833 1336 ἀπειρίᾳ
866 1263 974 1316 τῶν
1007 1262 1216 1317 αἰώνων
1243 1267 1702 1336 συμπαρατείνας,

170 1356 307 1424 θυμῷ
332 1355 522 1424 χρῆται
555 1355 696 1408 κατὰ
739 1355 846 1408 τῶν
889 1357 1278 1425 ἀφραινόντων,
1311 1349 1386 1410 ὧν
1415 1359 1707 1427 κεφάλαιον

168 1447 252 1515 τῆς
277 1444 594 1516 ἀφροσύνης,
641 1445 700 1504 τὺ
724 1446 814 1499 τὸν
845 1446 1113 1517 ἀληθινῶς
1147 1448 1296 1513 ὄντα,
1331 1449 1421 1501 τὸν
1449 1451 1540 1502 ἐπὶ
1569 1450 1706 1503 πάν-

169 1551 281 1598 των,
307 1535 394 1586 καί
415 1536 470 1587 ἐν
497 1536 682 1601 ⁴πᾶσιν,
714 1535 898 1588 τοῦτον
935 1537 1007 1607 μὴ
1040 1532 1178 1590 εῖναι
1207 1538 1406 1607 λέγειν.
1440 1540 1707 1593 Τοιούτων

167 1624 281 1695 γὰρ,
325 1624 499 1694 φησὶν,
543 1626 640 1679 καὶ
671 1627 922 1680 τοιούτων
947 1629 1113 1683 ὄντων
1162 1629 1418 1701 (πρῶτον
1447 1629 1540 1683 τοῦ
1574 1631 1706 1684 Θεοῦ

171 1715 378 1767 δείκνυσι
411 1716 508 1784 τὴν
537 1717 679 1786 ὑπὲρ
707 1718 814 1770 τῶν
859 1719 1159 1789 ἀνθρώπων
1201 1721 1542 1792 προμήθειαν
1569 1738 1583 1752 ⁸
1623 1725 1707 1790 ἐφ’

169 1797 222 1855 οὗ
252 1804 305 1857 τὸ
327 1804 428 1857 τῶν
460 1804 690 1859 ἐλπίδων
719 1807 932 1876 βέϐαιον
959 1808 1130 1873 οὕτως
1167 1811 1500 1880 ἀμετάθετόν
1542 1813 1708 1878 ἐστιν,
1745 1779 1789 1839 Β

171 1897 236 1958 rb;
259 1897 328 1968 μὴ
356 1897 580 1968 κάμνειν
604 1902 670 1970 τῇ
703 1900 962 1970 ἀῖδιὸτητι
991 1902 1097 1955 τῶν
1141 1902 1371 1970 αἰώνων,
1415 1905 1506 1957 τὸν
1549 1906 1711 1959 πόθον

173 1990 658 2059 συνεκτεινόμενον),
685 1989 802 2052 πῶς
832 2011 848 2041 ι
892 1990 1041 2060 λέγει
1069 1994 1097 2044 ὁ
1126 1994 1314 2064 ἄφρων
1341 1999 1398 2048 ἐν
1425 2000 1488 2068 τῇ
1519 1998 1713 2070 καρδίᾳ

170 2076 348 2128 αὐτοῦ·
393 2079 506 2132 Οὐκ
555 2079 673 2133 ἐστι
725 2081 894 2146 Θεόςς
943 2082 1310 2155 διεφθάρησαν
1359 2089 1452 2139 κα)⁴
1496 2087 1713 2140 ἐϐδελύ-

171 2163 373 2234 χθησαν,
413 2186 431 2219 ι
482 2170 541 2222 ἐν
569 2173 686 2233 τοῖς
720 2170 974 2236 τοιούτοις
1015 2175 1116 2246 τῆς
1156 2175 1392 2240 διανοίας
1431 2179 1710 2249 ἐπιτηδεύ-

172 2267 339 2317 μασιν.

228 2343 393 2412 Φθορὰ
431 2345 540 2416 γάρ
589 2350 738 2401 ἐστιν
770 2351 844 2412 ὡς
877 2352 1092 2422 ἀληθῶς
1117 2396 1132 2421 ,
1187 2356 1280 2408 καὶ
1331 2357 1570 2422 διάλυσις
1621 2361 1713 2414 τοῦ

169 2435 489 2500 συνεστῶτος,
526 2439 558 2508 ή
597 2439 692 2492 τοῦ
717 2441 881 2504 ὄντως
912 2443 1062 2506 ὄντος
1096 2446 1424 2511 ἀπόπτωσις.
1462 2450 1584 2513 Πῶς
1609 2452 1716 2521 γὰρ

167 2526 222 2578 ἄν
249 2544 324 2590 τις
349 2531 403 2582 ἐν
429 2530 505 2600 τῷ
532 2527 674 2584 εἶναι
701 2533 807 2604 εἴη,
837 2536 911 2605 μὴ
938 2538 996 2588 ἐν
1024 2536 1101 2606 τῷ
1133 2537 1244 2592 ὄντι
1271 2539 1377 2606 ῶν;
1427 2541 1550 2604 Πῶς
1581 2542 1624 2594 δ’
1651 2543 1716 2597 ἄν

166 2639 237 2684 τις
259 2622 392 2691 μένοι
422 2627 479 2677 ἐν
498 2625 577 2694 τῷ
609 2625 741 2692 ὄντι,
769 2629 843 2697 μὴ
871 2630 1138 2684 πιστεύων
1166 2632 1245 2702 τῷ
1271 2632 1401 2697 ὄντι,
1429 2635 1510 2686 ὅτι
1542 2635 1714 2700 ἕστινς

178 2712 227 2764 ’0
262 2713 314 2766 δὲ
338 2715 546 2786 ἀληθῶς
593 2717 691 2780 ῶν,
723 2718 852 2782 Θεός
885 2722 1000 2772 ἐστι
1033 2723 1270 2787 πάντως,
1300 2724 1481 2788 καθὼς
1508 2726 1585 2797 τῷ
1618 2744 1717 2796 με-

167 2805 297 2877 γαλῳ
329 2809 572 2880 Μωσεῖή
605 2811 838 2864 όπτασέα
868 2814 967 2883 τῆς
1011 2814 1323 2882 θεοφανείας
1359 2819 1714 2889 μαρτύρεται.

178 2895 228 2946 '0
252 2894 336 2950 οὖν
362 2900 641 2954 ἐκϐάλλων
684 2902 783 2972 τῆς
829 2904 1022 2958 ἐαυτοῦ
1067 2904 1302 2970 διανοίας
1347 2908 1439 2962 τοῦ
1491 2911 1624 2964 Θεοῦ
1659 2912 1720 2965 τὸ

169 2983 306 3052 εἶναι,
332 2990 392 3042 ἐκ
415 2990 507 3044 τοῦ
537 2993 745 3045 ἐκεῖνον
780 2994 853 3066 μὴ
882 2990 1018 3049 εἶναι
1044 2995 1242 3066 λέγειν,
1272 3000 1464 3053 ἑαυτοῦ
1492 3002 1550 3054 τὸ
1579 2998 1718 3056 εἶναι

169 3078 464 3152 διέφθειρεν,
491 3083 598 3150 ἔξω
621 3083 712 3137 τοῦ
735 3085 886 3148 ὄντος
911 3088 1212 3157 γενόμενος.
1236 3090 1333 3143 Διά
1353 3091 1509 3144 τοῦτό
1532 3111 1714 3163 φησιν,

170 3171 364 3243 Ἐπειδὴ
387 3176 493 3228 ἀπὸ
518 3174 615 3228 τοῦ
645 3175 778 3230 Θεοῦ
801 3179 1096 3245 ἐξέκλιναν,
1119 3201 1136 3232 ι
1157 3183 1316 3246 εὐθὺς
1344 3184 1721 3256 ἠχρειώθησαν

170 3265 212 3315 οἰ
234 3265 439 3329 πάντες,
461 3288 479 3319 ι
527 3266 644 3322 οἷόν
681 3285 738 3320 τι
768 3270 962 3334 σκεῦος
987 3272 1309 3344 ἀπόϐλητον,
1341 3277 1722 3343 καταγνωσθὲν

170 3355 465 3425 ἀχρηστίαν.
512 3360 589 3412 Τὸ
636 3358 693 3411 δέ
738 3359 815 3430 τῷ
861 3361 1009 3431 καλῷ
1037 3363 1329 3436 ἄχρηστον,
1363 3367 1460 3436 τὴν
1496 3367 1632 3438 πρὸς
1663 3369 1723 3420 τὸ

170 3447 316 3500 κακὸν
342 3449 775 3521 ἐπιτηδειότητα,
817 3451 903 3504 διὰ
943 3453 1041 3523 τῆς
1072 3456 1208 3524 πρὸς
1247 3455 1308 3506 τὸ
1341 3460 1586 3526 κρεῖττον
1628 3460 1724 3510 ἀν-

170 3539 466 3606 αρμοστίας,
501 3541 692 3610 σαφῶς
723 3542 1100 3598 ἐπιδείκνυσιν.
1146 3547 1296 3598 Ἐπεὶ
1322 3543 1414 3601 οὖν
1441 3548 1528 3601 διὰ
1553 3547 1724 3600 ταῦτα

170 3629 406 3698 ὁΚύριος
457 3650 476 3682 ι
508 3633 579 3684 ἐκ
607 3633 698 3685 τοῦ
744 3634 972 3705 οὐρανοῦ
1020 3637 1112 3688 ἐπὶ
1157 3638 1282 3700 τοὺς
1315 3638 1464 3701 υἱοὺς
1497 3638 1603 3692 τῶν
1635 3641 1725 3692 ἀν-

173 3715 381 3786 θρώπων
416 3719 674 3791 διέκυψεν
698 3738 713 3752 ·
746 3741 765 3773 ι
818 3726 846 3776 ό
875 3724 931 3776 δὲ
965 3725 1202 3788 τοιοῦτος
1228 3727 1384 3794 λόγος
1417 3728 1514 3798 τὴν
1546 3730 1603 3781 ἐν
1629 3731 1721 3782 ἀν-

172 3807 386 3877 θρώποις
426 3813 522 3865 τοῦ
561 3815 768 3884 Κυρίου
798 3816 1240 3888 συναναστροφὴν
1276 3820 1600 3890 προμηνύει,
1637 3823 1723 3874 ὅτε

173 3904 269 3962 τοῖς
315 3905 856 3986 προκαθηγουμένοις
901 3907 1034 3976 πρὸς
1071 3908 1170 3977 τὴν
1201 3909 1459 3962 ἀπιστίαν
1505 3913 1616 3974 τοῖς
1649 3913 1723 3963 ίεε
1769 3928 1773 3934 '

177 3992 336 4060 ρεῦσίν
375 4012 432 4047 τε
466 3997 565 4048 καὶ
592 3996 902 4067 Φαρισαίοις
953 3997 1046 4049 καὶ
1093 3999 1532 4069 γραμματεῦσιν,
1581 4001 1726 4055 ἆπαν

174 4085 555 4158 ἐπηκολούθησε
589 4088 650 4142 τὸ
679 4090 916 4158 ὑπήκοον
941 4104 954 4118 °
1003 4091 1199 4142 ἐκεῖνοι
1227 4091 1334 4161 γὰρ
1366 4088 1504 4161 ἦσαν
1533 4093 1581 4144 oi
1617 4096 1727 4156 τοῖς

177 4175 493 4248 βλασφήμοις
520 4181 729 4234 ἑαυτῶν
759 4180 936 4234 ὀδοῦσι
965 4182 1055 4234 τὸν
1087 4180 1211 4235 λαὸν
1238 4185 1643 4254 σπαράσσοντές
1665 4202 1726 4238 τε

176 4271 256 4320 καὶ
295 4270 644 4334 διεσθίοντεςο
679 4273 768 4328 διὰ
791 4273 947 4326 τοῦτό
978 4292 1163 4345 φησιν,
1191 4277 1273 4329 ὅτι
1330 4295 1349 4327 ‹
1381 4278 1527 4329 Ἐκεῖ
1559 4278 1728 4347 φοϐη-

175 4357 406 4428 θήσονται
454 4362 642 4429 φόϐον,
676 4355 736 4415 οὗ
765 4364 864 4416 οὐκ
895 4359 962 4434 ἦν
987 4364 1180 4432 φόϐος,
1231 4367 1279 4417 oi
1324 4366 1592 4432 ἐσθίοντες
1637 4367 1726 4422 τὸν

175 4451 283 4504 λαόν
309 4472 405 4523 μου
437 4455 640 4525 βρώσει
673 4454 864 4525 ἄρτου,
891 4474 910 4508 ι
959 4456 1142 4526 ὅμοιον
1175 4456 1477 4527 πάσχοντες
1508 4457 1584 4529 τῷ
1622 4460 1727 4515 πά-

176 4543 246 4595 θει
274 4546 375 4598 τῶν
409 4546 866 4616 ὑδροφοϐούντων.
901 4542 995 4610 Οἷς
1021 4549 1072 4600 εί
1109 4567 1224 4612 πως
1267 4550 1518 4620 δυνηθείη
1549 4567 1728 4622 παρα-

176 4635 407 4707 δεχθῆναι
456 4640 515 4692 τὺ
549 4638 693 4709 ὕδωρ
717 4680 734 4705 ,
784 4641 1068 4710 ἰαματικὸν
1118 4641 1267 4693 ἐσται
1298 4641 1390 4693 τοῦ
1419 4641 1624 4705 πάθους
1652 4641 1729 4712 τῷ

178 4729 416 4798 κάμνοντι
450 4747 464 4758 ·
519 4730 658 4784 ἁλλά
718 4730 1009 4798 φοϐοῦνταί
1061 4750 1177 4795 πως
1226 4733 1288 4784 τὸ
1335 4733 1427 4785 ἐπὶ
1487 4735 1730 4805 σωτηρίᾳ

179 4823 539 4894 προκείμενον,
584 4823 678 4877 καὶ
701 4822 1105 4895 ἀλλοτριοῦντσι
1133 4824 1227 4877 τοῦ
1261 4823 1542 4888 σώζοντος,
1581 4826 1730 4896 φόϐῳ

177 4912 256 4965 τοῦ
285 4917 355 4986 μὴ
380 4915 675 4968 ἀπολέσθαι
705 4915 1197 4980 κατασκευάζοντες
1223 4917 1433 4979 ἑαυτοῖς
1457 4917 1556 4986 τὴν
1585 4917 1729 4970 ἀπώο

178 5002 327 5057 λειαν.
359 5006 544 5068 Οὕτως
579 5008 842 5070 κάκεῖνοι,
863 5007 963 5078 τῆς
984 5008 1166 5078 πηγῆς
1185 5009 1366 5070 αὐτοῖς
1409 5008 1686 5079 ἐκϐοώσης
1711 5027 1723 5039 ·

185 5111 201 5141 σ
225 5093 284 5144 Εἴ
311 5112 391 5158 τις
423 5095 574 5165 διψᾷ,
605 5095 847 5166 ἐρχέσθω
891 5095 1028 5165 πρὸς
1075 5095 1175 5165 μὲ,
1224 5098 1316 5150 καὶ
1359 5098 1576 5162 πινέτω,
1609 5118 1627 5148 ι
1659 5101 1725 5169 τῇ

179 5180 330 5256 λύσσῃ
355 5187 450 5256 τῆς
484 5189 740 5250 ἀπιστίας
784 5187 1310 5257 προκατειλημμένοι
1339 5189 1406 5241 τὰ
1428 5189 1525 5258 τῆς
1550 5189 1728 5260 ψυχῆς

181 5275 511 5348 αἰσθητήρια,
537 5276 828 5347 ἐφοϐοῦντο
868 5277 1053 5346 φόϐον,
1099 5274 1158 5333 οὗ
1200 5280 1297 5332 οὐκ
1327 5276 1394 5350 ἦν
1435 5281 1630 5348 φόϐος,
1667 5282 1728 5334 τὸ

183 5368 326 5420 ποτὸν
349 5369 444 5439 τῆς
471 5369 744 5440 σωτηρίας
772 5370 1254 5440 ἀποστρεφόμενοι,
1285 5371 1384 5423 οὐκ
1405 5372 1624 5438 εἰδότες,
1649 5374 1728 5425 ὅτι

182 5457 233 5508 ἐν
259 5461 411 5529 γενεᾷ
433 5460 652 5513 δικαίων
681 5463 709 5512 ό
733 5459 864 5523 Θεὸς
896 5460 1122 5528 γίνεται,
1153 5462 1182 5514 ό
1209 5461 1382 5524 διδοὺς
1407 5463 1471 5515 ἐκ
1504 5461 1639 5515 Σιὼν
1669 5463 1730 5515 τὸ

185 5551 428 5621 σωτήριον
455 5552 533 5622 τῷ
569 5551 802 5624 Ἰσραὴλ,
829 5554 923 5606 καὶ
955 5552 1052 5624 τὴν
1076 5553 1455 5624 αἰχμαλωσίαν
1476 5554 1569 5608 τοῦ
1599 5554 1729 5612 λαοῦ

254 5727 457 5791 "Psal.
487 5750 577 5790 LII.
651 5734 876 5790 "Joan.
918 5752 1014 5801 vn,
1045 5735 1134 5792 57.

1760 4455 2189 4518 Ddevorabant.
2244 4451 2320 4504 Ea
2369 4450 2436 4506 de
2493 4464 2660 4504 causa
2718 4449 2793 4502 ait

1806 551 1969 605 quam
2022 537 2261 590 lucerna?
2297 535 2685 605 consequentia
2727 535 2986 604 quadam,
3037 537 3274 591 allncere
3323 547 3379 591 ct

1805 628 2145 699 permisceri,
2204 637 2262 680 ut
2321 628 2578 691 medium,
2645 627 2792 696 quod
2844 628 3197 697 interjicitur,
3264 646 3376 684 non

1806 728 2085 789 appareat,
2128 727 2322 788 sponte
2365 734 2463 773 sua
2501 719 2683 772 animo
2710 717 2779 772 ab
2820 719 2922 772 hac
2971 719 3038 773 ad
3071 721 3373 789 subjectam

1807 809 2164 881 psalmodiam
2212 809 2513 864 delabente.
2547 807 2652 874 Qui
2693 811 2837 864 enim
2869 817 2928 862 ut
2956 810 3097 864 oliva
3130 811 3277 866 ferax
3318 814 3374 868 in

1806 901 1970 954 domo
2007 899 2219 953 Domini
2274 901 2482 954 radices
2524 899 2659 964 ﬁxit,
2699 904 2972 969 ﬁxumque
3022 902 3154 957 illud
3185 912 3240 958 et
3271 903 3400 964 im-,

1807 1000 2012 1044 motum
2052 989 2172 1043 ﬁdei
2206 990 2605 1043 ﬁrmamentum
2646 989 2750 1044 sibi
2782 992 3136 1058 comparavit,
3180 1001 3234 1047 et
3282 995 3374 1062 qui

1807 1096 1957 1150 spem
1992 1081 2161 1135 divini
2193 1082 2299 1135 olei
2337 1097 2432 1150 per
2458 1081 2756 1148 gratiarum
2787 1082 3055 1135 actionem
3088 1083 3154 1138 ad
3195 1085 3375 1138 inﬁni—

1808 1179 1972 1226 tatem
1998 1173 2320 1226 saeculorum
2351 1171 2618 1238 extendit,
2645 1173 2694 1227 is
2724 1172 3006 1227 iracundia
3033 1175 3086 1228 in
3111 1174 3375 1244 insipien-

1807 1272 1891 1320 tes
1920 1265 2243 1327 exardescit,
2279 1279 2510 1334 quorum
2543 1263 2867 1332 insipientiae
2897 1272 3062 1335 caput
3093 1275 3196 1331 est,
3225 1281 3376 1322 asse-

1807 1373 1929 1412 rere
1962 1373 2084 1411 eum
2114 1373 2220 1411 non
2249 1373 2391 1422 esse,
2423 1357 2516 1427 qui
2558 1372 2683 1412 vere
2705 1368 2808 1422 est,
2840 1367 2892 1413 et
2922 1374 3088 1428 super
3113 1375 3303 1414 omnes
3323 1370 3376 1414 et

1809 1448 1863 1503 in
1895 1449 2170 1503 omnibus.
2207 1447 2342 1503 Cum
2373 1449 2518 1504 enim
2553 1457 2632 1502 tot
2660 1459 2713 1503 et
2744 1450 2874 1504 talia
2905 1450 3036 1510 sint,
3081 1450 3280 1520 inquit,
3310 1467 3375 1506 ex

1808 1541 2005 1610 quibus
2032 1540 2123 1594 Dei
2155 1550 2348 1594 natura
2381 1541 2657 1611 colligitur
2689 1540 2954 1610 (primum
2995 1541 3086 1596 Dei
3117 1557 3245 1612 erga
3280 1542 3370 1595 ho-

1809 1632 1984 1685 mines
2024 1630 2361 1683 demonstrat
2407 1629 2822 1698 providentiam,
2881 1631 2967 1683 cui
3010 1630 3124 1698 spei
3176 1637 3378 1685 nostra:

1816 1723 2215 1777 ﬁrmamentum
2273 1720 2409 1775 adeo
2465 1720 2816 1775 immobiliter
2851 1720 3122 1784 innititur,
3162 1728 3223 1774 ut
3268 1735 3376 1774 non

1815 1814 2090 1883 fatigetur,
2141 1812 2360 1882 quando
2389 1810 2663 1866 desiderio
2704 1826 2807 1866 suo
2851 1819 3024 1864 totum
3060 1811 3379 1866 aeternitatis

1815 1907 2076 1961 ambitum
2133 1901 2539 1974 amplectitur),
2579 1902 2850 1972 quomodo
2887 1921 2906 1953 ι
2939 1901 3068 1957 dicit
3116 1902 3380 1973 insipiens

1815 2001 1871 2054 in
1901 1998 2064 2053 corde
2096 2012 2197 2052 suo
2226 2015 2239 2050 :
2273 1995 2390 2050 Non
2416 2002 2500 2050 est
2522 1995 2702 2052 Deus?
2721 1995 2959 2064 corrupti
2996 2001 3142 2060 sunt,
3177 2004 3231 2050 et
3259 1996 3384 2050 abo-

1816 2091 2103 2146 minabiles
2143 2089 2272 2144 facti
2307 2095 2490 2153 sunt,»
2541 2086 2597 2140 in
2642 2085 2842 2139 talibus
2894 2085 3240 2156 cogitationis
3270 2101 3383 2141 sua;

1815 2183 2036 2238 studiis.

1887 2360 2026 2416 Vere
2056 2358 2200 2414 enim
2242 2359 2362 2426 ejus
2402 2357 2547 2428 quod
2582 2355 2851 2420 subsistit,
2887 2355 3168 2424 corruptio
3214 2363 3267 2410 et
3301 2355 3383 2408 in-

1817 2452 2012 2508 teritus
2044 2461 2147 2518 est,
2181 2450 2431 2505 decidere
2469 2450 2536 2504 ab
2578 2464 2643 2504 eo
2676 2449 2769 2518 qui
2805 2463 2929 2502 vere
2968 2456 3072 2501 est.
3099 2446 3384 2512 Quomodo

1818 2545 1963 2600 enim
1996 2544 2121 2613 quis
2152 2557 2254 2596 suo
2285 2543 2341 2596 in
2371 2557 2495 2597 esse
2521 2541 2703 2606 duret,
2738 2540 2832 2610 qui
2857 2555 2966 2593 non
2999 2545 3081 2594 est
3114 2539 3166 2592 in
3192 2554 3257 2594 eo
3288 2540 3382 2607 qui

1817 2637 1943 2692 est?
2000 2634 2286 2701 Quomodo
2313 2636 2436 2705 quis
2467 2641 2685 2688 maneat
2728 2632 2781 2685 in
2821 2646 2886 2686 eo
2913 2631 3005 2701 qui
3039 2640 3144 2694 est,
3189 2632 3234 2686 si
3276 2646 3382 2684 non

1819 2726 2008 2783 credat
2032 2727 2083 2781 ei
2117 2726 2210 2795 qui
2249 2735 2352 2791 est,
2393 2725 2536 2795 quod
2569 2725 2677 2780 sit?
2702 2723 2804 2790 Qui
2827 2734 3008 2777 autem
3040 2738 3168 2777 vere
3205 2731 3310 2786 est,
3339 2723 3386 2777 is

1820 2818 2045 2874 omnino
2081 2817 2226 2872 Deus
2253 2824 2337 2872 est
2367 2835 2380 2870 :
2417 2816 2873 2885 quemadmodum
2905 2821 2958 2867 et
2992 2827 3186 2883 magno
3214 2812 3384 2884 Moysi

1820 2910 1959 2966 visio
1983 2909 2180 2963 divinae
2204 2909 2563 2978 apparitionis
2593 2914 2852 2962 testatum
2881 2905 3029 2960 fecit.
3070 2903 3174 2970 Qui
3214 2904 3380 2974 igitur

1821 3017 1887 3056 ex
1932 3015 2034 3056 suo
2070 3000 2251 3053 animo
2296 2999 2485 3068 abjicit
2530 3013 2653 3053 esse
2697 2996 2814 3062 Dei,
2856 2995 2904 3050 is
2949 2996 3054 3050 hoc
3091 2995 3211 3064 ipso
3240 2996 3385 3064 quod

1822 3091 1993 3147 Deum
2014 3105 2144 3159 esse
2179 3095 2364 3159 negat,
2401 3087 2677 3158 proprium
2719 3100 2878 3141 suum
2910 3099 3033 3139 esse
3063 3083 3384 3153 corrumpit,

1823 3185 2025 3254 quippe
2074 3181 2414 3237 abalienatus
2459 3182 2527 3234 ab
2571 3194 2637 3234 eo
2683 3177 2777 3247 qui
2819 3182 2904 3231 est
2939 3193 2951 3228 :
2983 3176 3053 3229 ob
3096 3174 3146 3228 id
3189 3174 3386 3234 innuit,

1823 3277 2118 3346 Postquam
2159 3289 2189 3327 a
2220 3272 2330 3329 Deo
2346 3271 2778 3336 declinaverunt,
2799 3268 3089 3337 derepente
3123 3284 3140 3317 ι
3173 3265 3392 3319 inutiles

1826 3366 1952 3420 facti
1995 3372 2125 3420 sunt
2152 3378 2366 3426 omnes,
2395 3382 2414 3415 ι
2460 3361 2608 3416 νείυι
2645 3374 2743 3414 vas
2771 3357 3046 3428 quoddam
3095 3355 3389 3425 abjectum,

1824 3457 2162 3526 cognitaque
2210 3451 2524 3508 inutilitatis
2563 3451 2677 3521 jam
2721 3449 3059 3502 damnatum.
3096 3445 3393 3515 Perspicue

1825 3557 2004 3603 autem
2049 3561 2231 3603 sermo
2263 3545 2352 3600 hic
2395 3545 2573 3607 docet,
2606 3542 2660 3595 id
2703 3541 2847 3611 quod
2880 3540 3026 3594 bono
3057 3546 3142 3595 est
3175 3539 3392 3602 inutile,

1825 3638 1960 3693 nihil
1994 3636 2142 3690 aliud
2173 3650 2294 3690 esse
2318 3649 2480 3705 quam
2503 3621 2864 3702 'aptitudinem
2893 3636 2947 3682 et
2975 3627 3392 3697 propensionem

1826 3729 1892 3783 ad
1938 3733 2245 3797 peccatum,
2283 3734 2499 3795 propter
2531 3719 3045 3784 inconvenientiam,
3085 3731 3248 3786 quam
3296 3716 3394 3770 ha-

1826 3822 1915 3875 bet
1945 3835 2068 3873 cum
2106 3834 2190 3884 eo,
2237 3817 2381 3887 quod
2414 3823 2498 3870 est
2533 3822 2742 3868 rectum
2775 3819 2830 3865 et
2859 3811 3171 3865 honestum.
3209 3807 3394 3863 Domi-

1826 3928 1932 3967 nus
1983 3912 2148 3982 igitur
2188 3915 2412 3979 propter
2457 3907 2572 3960 luec
2610 3923 2628 3956 ι
2668 3905 2735 3958 de
2766 3903 2907 3957 ccelo
2949 3901 3189 3971 respexit
3231 3915 3396 3970 super

1829 4005 1969 4059 ﬁlios
2001 4003 2301 4056 hominum.
2339 4018 2358 4051 ι
2391 3997 2523 4063 Quae
2547 3996 2710 4050 verba
2738 3994 2952 4048 Domini
2977 3993 3120 4048 inter
3149 3993 3398 4049 homines

1827 4092 2301 4148 conversationem
2359 4088 2643 4150 indicant,
2694 4085 2914 4155 quando
2963 4092 3267 4154 praeeuntes
3331 4085 3398 4138 ad

1828 4182 2270 4238 incredulitatem
2298 4176 2613 4234 sacerdotes
2645 4184 2699 4230 et
2720 4174 3047 4237 Phariszeos,
3078 4185 3128 4228 et
3153 4173 3399 4237 Scribas.

1829 4287 2018 4328 omnes
2074 4269 2278 4326 subditi
2334 4265 2507 4322 secuti
2556 4272 2684 4318 sunt
2719 4282 2731 4317 :
2764 4264 2842 4317 illi
2882 4265 3026 4318 enim
3081 4271 3259 4330 erant,
3305 4264 3398 4333 qui

1828 4363 2167 4434 blasphemis
2225 4359 2342 4416 suis
2390 4357 2648 4413 dentibus
2697 4356 2960 4426 pepulum
3017 4354 3302 4408 laniabant
3346 4364 3401 4409 et

2848 4467 2860 4502 :
2911 4466 2928 4497 ι
2966 4447 3401 4518 Trepidaverunt

1832 4549 2049 4611 timore,
2093 4545 2185 4599 ubi
2231 4559 2342 4598 non
2376 4550 2493 4597 erat
2533 4543 2720 4604 timor,
2756 4540 2848 4609 qui
2891 4539 3153 4593 devorant
3188 4538 3400 4608 plebem

1830 4648 2028 4704 meam,
2060 4647 2120 4692 ut
2141 4636 2323 4692 cibum
2349 4635 2529 4704 panis,
2564 4652 2582 4684 ι
2615 4633 2710 4701 qui
2743 4632 2882 4685 idem
2908 4630 3133 4684 morbus
3163 4637 3247 4684 est
3275 4644 3400 4692 cum

1829 4733 1962 4799 illis,
1999 4732 2089 4801 qui
2116 4745 2313 4800 aquam
2342 4735 2594 4782 metuunt
2629 4745 2642 4779 :
2678 4725 2771 4795 qni
2807 4725 2854 4779 si
2881 4738 2988 4793 quo
3017 4723 3178 4776 modo
3204 4736 3401 4791 aquam

1831 4825 2118 4879 admittere
2164 4827 2414 4892 possent,
2454 4819 2914 4873 medicamentum
2957 4816 3145 4889 utique
3185 4814 3400 4883 aliquod

1833 4930 1946 4970 suae
1972 4912 2313 4984 aegritudinis
2338 4911 2617 4972 haberent,
2650 4909 2744 4963 sed
2772 4916 3022 4962 metuunt
3051 4922 3114 4962 ea
3139 4908 3255 4977 ipsa
3282 4918 3404 4978 quae

1833 5006 1902 5064 ad
1939 5007 2172 5061 salutem
2206 5011 2335 5058 sunt
2367 5003 2670 5072 proposita,
2721 5009 2776 5054 et
2826 4999 3006 5053 alieno
3051 5007 3178 5053 sunt
3217 4998 3402 5050 animo

1834 5101 1903 5154 ab
1934 5113 2000 5153 eo
2026 5095 2171 5166 quod
2203 5103 2514 5156 conservat.
2573 5101 2830 5160 metuque
2856 5107 2924 5144 ne
2949 5097 3193 5160 pereant,
3233 5089 3404 5142 inter-

1835 5192 1969 5244 itum
2002 5189 2109 5246 sibi
2139 5195 2348 5242 creant.
2380 5184 2471 5238 Sic
2496 5191 2549 5238 et
2576 5184 2673 5250 illi,
2709 5184 2976 5236 clamante
2999 5181 3062 5233 ad
3089 5196 3184 5234 eos
3214 5179 3400 5232 fonte:

1841 5298 1860 5332 ι
1897 5279 1953 5334 Si
1985 5278 2110 5351 quis
2152 5278 2287 5344 sitit,
2329 5277 2512 5331 veniat
2556 5274 2623 5328 ad
2667 5289 2753 5327 me
2803 5279 2858 5326 et
2897 5271 3046 5325 bibat
3069 5270 3137 5333 9’,
3170 5287 3188 5320 ι
3221 5267 3406 5322 furore

1831 5370 2234 5427 incredulitatis
2268 5369 2324 5422 in
2349 5368 2546 5421 animae
2579 5363 2835 5436 potentiis
2868 5362 3256 5432 praeoccupati,
3292 5368 3405 5415 tre-

1832 5463 2091 5535 pidabant
2121 5461 2316 5515 timore
2340 5459 2432 5513 ubi
2465 5473 2574 5512 non
2605 5463 2724 5510 erat
2763 5455 2948 5517 timor,
2988 5464 3172 5522 potum
3207 5451 3402 5506 salutis

1835 5549 2135 5629 aspernati,
2156 5549 2465 5606 nescientes
2485 5548 2539 5603 in
2565 5544 3207 5619 generationejustorum
3229 5539 3400 5600 Deum
