3870 6220
457 303 560 363 567

1683 319 1739 374 S.
1783 319 2108 378 GREGORII
2145 323 2440 382 NYSSEN’I

3595 335 3702 391 568

447 439 593 489 esse,
627 429 723 498 qui
753 429 846 486 dat
891 447 957 487 ex
1010 431 1142 488 Sion
1176 433 1417 492 salutare
1455 436 1655 506 lsrael;
1701 443 1906 512 quique
1935 457 2022 497 ca-

2126 446 2312 506 αὐτοῦ.
2344 447 2454 500 ἀπὸ
2482 447 2573 501 τοῦ
2602 449 2852 520 πονηρῶς
2875 449 2961 504 διὰ
2997 451 3093 522 τῆς
3125 452 3394 524 ἁμαρτίας
3427 457 3577 524 ἡμᾶς
3606 459 3702 508 αῖ-

451 521 758 586 ptivitatem
799 523 974 592 plebis
1005 539 1138 587 suae.
1169 527 1237 580 ab
1267 544 1334 582 eo
1362 530 1455 598 qui
1485 545 1587 585 nos
1617 546 1711 600 per
1742 541 2022 601 peccatum

459 611 706 680 improbe
737 614 790 666 in
821 617 1140 672 servitutem
1179 620 1434 688 conjecit,
1471 637 1665 677 rursus
1691 624 1755 675 ad
1782 624 2023 694 seipsum

451 706 746 770 cuiiivertit,
774 707 995 775 quando
1038 724 1202 764 verus
1227 709 1466 766 Israelita
1502 721 1557 766 et
1595 714 1896 782 spiritualis
1933 715 2025 770 Ja-

451 795 556 847 τοι»
586 796 772 849 latitia
798 807 854 852 et
891 801 1262 855 exsultatione
1309 805 1567 872 repletur.
1612 804 1820 859 Sensus
1859 807 2024 877 igitur

451 886 679 952 psalmi,
733 898 999 959 quantum
1049 894 1266 962 quidem
1316 895 1644 964 investigare
1693 901 1876 967 potui,
1929 914 2024 968 per

453 975 571 1046 ipsa
612 979 805 1047 psalmi
835 983 1022 1047 verba,
1056 984 1102 1038 is
1133 995 1239 1047 est,
1279 1001 1438 1054 quem
1479 988 1614 1050 dixi,
1647 1003 1883 1059 cumque
1921 991 2024 1045 hoc

453 1083 622 1124 sensu
657 1073 914 1127 convenit
946 1075 1236 1142 inscriptio
1265 1078 1479 1147 psalmi.
1512 1077 1644 1132 Nam
1683 1083 1876 1150 psalmi
1903 1098 2026 1136 ora-

451 1160 657 1215 tionem
720 1178 845 1219 esse
895 1165 1190 1233 epinicium
1255 1176 1490 1224 testatur
1547 1172 1864 1242 inscriptio,
1930 1189 2025 1244 per

451 1248 682 1303 chorum
723 1252 780 1304 in
833 1252 1111 1307 intellectu
1171 1258 1559 1326 compositum.
1642 1279 1660 1310 ‹
1694 1260 1751 1314 In
1801 1265 1959 1316 linem
1999 1283 2018 1314 ι

451 1342 618 1406 enim,
647 1342 846 1412 inquit,
881 1363 903 1396 ‹
935 1361 1032 1415 pro
1058 1345 1310 1414 Maeleth,
1340 1367 1358 1400 ι
1391 1351 1537 1419 quod
1576 1371 1593 1400 ι
1625 1368 1719 1422 per
1741 1354 1965 1408 chorum
2001 1375 2020 1407 ι

452 1433 804 1504 interpretari
843 1437 988 1492 licet.
1023 1436 1129 1493 Pro
1172 1440 1265 1493 illo
1301 1458 1320 1492 ι
1355 1441 1410 1495 in
1442 1442 1627 1508 tinem,
1662 1463 1682 1496 ο
1733 1446 1822 1500 alii
1857 1447 2027 1501 inter-

454 1533 637 1596 pretes
673 1527 1028 1583 reddiderunt
1058 1549 1072 1584 :
1104 1547 1123 1580 ι
1160 1531 1475 1600 epinicium,
1509 1553 1528 1586 ι
1565 1534 1668 1590 hoc
1711 1546 1816 1603 est,
1854 1557 1873 1588 ‹
1905 1553 2026 1592 car-

450 1633 576 1672 men
605 1618 866 1673 victoriae.
898 1637 918 1671 ο

521 1709 737 1767 Rursus
793 1712 1045 1767 instituto
1100 1714 1294 1770 ordine
1337 1729 1534 1773 cursus
1587 1720 1853 1776 orationis
1897 1737 2028 1792 pro-

2125 537 2596 606 χμαλωτίσαντος,
2628 542 2789 595 πάλιν
2819 542 2954 613 πρὸς
2991 545 3181 598 ἑαυτὸν
3210 546 3574 616 ἐπιστρέφων,
3609 548 3701 598 ὅτε
3737 601 3740 607 ,

2124 628 2328 694 γίνεται
2374 631 2431 681 ἐν
2475 631 2779 703 εὐφροσύνῃ
2821 633 2914 685 καὶ
2963 635 3326 704 ἀγαλλιάματι
3369 638 3397 689 6
3444 637 3704 706 ἀληθινὸς

2124 719 2496 792 Ἰσραηλίτης,
2551 723 2644 776 καὶ
2679 727 3044 794 πνευματικὸς
3083 726 3297 782 Ἰακώϐ.
3356 728 3418 780 Ἦ
3471 731 3570 797 μὲν
3606 725 3705 781 οὖν

2122 809 2326 863 διάνοια
2351 813 2447 882 τῆς
2471 812 2808 883 ψαλμῳδίας,
2843 815 3022 879 καθὼς
3049 817 3256 882 ἔξεστιν
3288 819 3465 892 εὑρεῖν
3485 818 3575 871 διὰ
3607 821 3705 871 τὸν

2123 902 2380 969 προϊόντα
2408 903 2514 955 τῶν
2549 904 2743 968 λέξεων
2768 906 2866 975 τῆς
2887 906 3221 978 ψαλμῳδίας,
3254 909 3499 979 τοιαύτη.
3546 910 3613 961 Ἠ
3642 909 3706 962 δὲ

2124 994 2400 1064 ἐπιγραφὴ
2452 995 2545 1048 τοῦ
2572 997 2784 1068 ψαλμοῦ
2817 1000 3099 1069 συμϐαίνει
3130 1001 3264 1072 πρὸς
3305 1003 3403 1070 τὴν
3431 1002 3700 1055 διάνοιαν.

2135 1087 2426 1140 Ἐπινίκιον
2452 1087 2560 1159 γάρ
2582 1085 2719 1142 εἶναι
2741 1094 2832 1144 τὸν
2859 1091 3014 1160 λόγον
3039 1097 3138 1163 τῆς
3161 1095 3496 1164 ψαλμῳδίας,
3515 1098 3550 1166 ἡ
3576 1097 3704 1150 ἑπτ-

2123 1175 2308 1246 γραφὴ
2356 1179 2628 1247 σημαίνει,
2660 1179 2749 1232 διὰ
2789 1181 3005 1251 χορείας
3035 1184 3092 1234 ὲν
3132 1181 3344 1235 συνέσει
3371 1183 3658 1253 γινόμενον
3685 1201 3697 1212 '

2122 1291 2141 1326 ι
2173 1275 2266 1337 El;
2293 1272 2351 1326 τὸ
2374 1272 2527 1336 τέλος
2557 1291 2576 1325 ι
2603 1273 2734 1344 γὰρ,
2761 1275 2946 1346 φησὶν,
2975 1293 2994 1326 ι
3035 1275 3176 1346 ὑπὲρ
3200 1275 3438 1342 Μαελὲθ,
3468 1294 3486 1327 ι
3509 1276 3538 1328 ὃ
3567 1294 3589 1328 ι
3614 1275 3713 1330 διὰ

2123 1360 2345 1433 χορείας
2376 1379 2394 1412 ι
2430 1359 2814 1431 ἑρμηνεύεται.
2844 1362 2952 1415 Καὶ
2975 1363 3096 1416 ἀντὶ⁸
3123 1362 3216 1417 τοῦ
3241 1383 3258 1414 ι
3291 1364 3370 1427 είς
3391 1361 3454 1416 τὺ
3478 1362 3660 1430 τέλος,
3686 1387 3708 1416 ι

2115 1452 2292 1522 ἕτεροι
2331 1449 2447 1504 τῶν
2476 1451 2761 1522 ἑρμηνέων
2795 1471 2814 1504 ι
2845 1453 3111 1508 ἐπινίκιον
3150 1472 3170 1506 ι
3205 1452 3584 1509 ὲκδεδώκασιν.

2197 1723 2366 1776 Πάλιν
2394 1722 2482 1775 διὰ
2510 1724 2617 1777 τῶν
2665 1723 2969 1776 ἀκολούθων
3006 1722 3209 1792 προῖὼν
3234 1725 3261 1775 6
3285 1723 3460 1790 λόγος,
3497 1723 3705 1776 καταλ-

451 1815 711 1870 gressus,
755 1813 1124 1860 consentance
1180 1807 1602 1876 cogitationibus
1659 1827 1872 1877 eorum,
1933 1815 2022 1884 qui

2126 1815 2298 1886 λὴλως
2325 1817 2434 1880 τοῖς
2460 1815 2544 1867 διὰ
2567 1815 2668 1884 τῆς
2696 1814 2975 1886 προκοπῆς
3003 1814 3382 1884 εὑρισκόμενος
3431 1813 3711 1883 νοήμασιν

451 1892 764 1961 proﬁciunt,
795 1897 1172 1950 accommodat
1196 1898 1437 1954 historia:
1458 1903 1747 1972 aanigmata
1775 1914 1830 1958 et
1865 1904 2022 1959 invo-

451 1984 626 2050 lucra,
657 1989 877 2056 quando
933 1990 1069 2044 nihil
1116 1992 1384 2048 adversus
1434 2008 1536 2048 nos
1580 1992 1726 2064 Doeg
1771 1996 1860 2051 ille
1898 1997 2026 2051 ldu-

447 2095 620 2137 meus
674 2083 916 2148 molitur,
955 2083 1009 2138 in
1072 2087 1256 2154 seipse
1305 2086 1613 2157 ambiguam
1653 2087 1822 2151 illam,
1871 2097 1926 2144 et
1967 2091 2020 2143 in

449 2170 649 2240 duplici
676 2172 916 2226 conﬁnio
937 2174 1170 2242 positam
1195 2177 1467 2232 mulorum
1492 2187 1742 2233 naturam
1766 2195 2019 2250 pascens.

453 2259 664 2315 Dictum
714 2273 796 2316 est
850 2272 1031 2318 autem
1080 2274 1134 2320 et
1182 2281 1372 2336 supra,
1432 2277 1718 2338 peccatum
1766 2286 1863 2340 per
1917 2272 2022 2328 hoc

447 2353 652 2408 animal
686 2355 982 2425 signiﬁcari
1017 2378 1028 2414 :
1063 2359 1522 2428 quemadmodum
1558 2363 1704 2417 enim
1738 2372 2019 2433 peccatum

446 2443 664 2501 fructus
691 2455 777 2502 est
803 2448 933 2518 ligni
970 2448 1118 2505 illius
1145 2451 1201 2504 in
1233 2461 1526 2522 utrumque
1550 2455 1768 2523 penduli
1793 2463 1846 2510 et
1878 2457 2022 2511 anci-

446 2534 615 2602 pitis,
659 2535 807 2607 quod
849 2539 1053 2592 bonum
1097 2547 1152 2594 et
1189 2540 1392 2595 malum
1441 2545 1745 2612 appellatur
1776 2546 2019 2602 :bonum

447 2624 704 2691 quidem,
763 2627 908 2696 quod
959 2634 1104 2697 tegat
1167 2637 1450 2696 peccatum
1498 2632 1794 2702 voluptatis
1853 2651 2016 2700 esca,

444 2731 608 2783 quam
651 2717 898 2787 corporis
929 2718 1090 2772 amici
1121 2719 1244 2773 loco
1279 2720 1402 2774 boni
1429 2723 1774 2792 corripiunt;
1815 2727 2017 2781 malum

445 2823 597 2873 vero,
641 2809 768 2877 quia
799 2810 853 2864 in
900 2824 1144 2866 amarum
1189 2822 1346 2868 exeat
1376 2815 1558 2879 linem,
1592 2815 1738 2885 quod
1779 2833 1928 2872 nunc
1959 2825 2018 2872 ut

445 2899 646 2954 bonum
697 2909 754 2955 et
810 2904 1099 2971 pulchrum
1150 2914 1302 2960 tanto
1358 2907 1541 2961 studio
1589 2908 1854 2978 quaeritur
1889 2925 1901 2962 :
1939 2907 2016 2964 sic

443 2992 606 3045 etiam
636 2992 822 3048 videre
863 2995 989 3049 licet
1011 2997 1300 3068 utriusque
1337 3006 1567 3063 naturae,
1608 3001 1734 3069 equi
1761 2999 2017 3055 videlicet

444 3093 498 3138 et
539 3084 702 3148 asini,
743 3087 988 3155 symbola
1033 3096 1089 3142 et
1129 3097 1290 3144 notas
1337 3090 1392 3143 in
1440 3105 1527 3158 eo,
1568 3089 1637 3146 de
1665 3107 1776 3162 quo
1823 3092 2018 3163 loquor

447 3175 690 3240 animali,
742 3185 802 3230 ut
843 3179 1069 3246 perinde
1123 3178 1265 3234 idem
1315 3181 1496 3237 mulus
1540 3183 1612 3236 sit
1653 3192 1707 3237 et
1748 3199 1923 3253 equus
1968 3193 2024 3239 et

447 3265 661 3329 asinus,
692 3283 801 3321 non
844 3270 1063 3338 quidem
1098 3271 1314 3326 divisim
1359 3281 1670 3342 utrumque,
1701 3275 1793 3328 sed
1839 3275 2022 3337 simul,

448 3357 502 3410 in
540 3373 706 3412 unam
752 3359 959 3430 duplici
1006 3363 1326 3418 animalium
1359 3373 1554 3419 natura
1599 3365 1666 3419 ad
1702 3366 1827 3420 novi
1861 3367 2023 3436 hujus

449 3451 699 3506 animalis
767 3454 1216 3509 constitutionem
1289 3457 1575 3511 commista
1646 3465 1699 3512 et
1770 3459 2021 3514 confusa.

445 3538 679 3605 Quando
707 3541 875 3610 igitur
915 3544 1219 3614 alienigena
1261 3545 1374 3612 ille,
1419 3545 1486 3601 de
1519 3563 1629 3616 quo
1666 3547 1900 3618 agimus,
1941 3557 2026 3619 ty-

445 3648 623 3687 ranno
695 3642 942 3690 nostram
1015 3637 1159 3707 apud
1228 3639 1565 3694 sacerdotem
1639 3643 2026 3696 commoratio-

449 3741 571 3780 nem
617 3734 671 3782 et
702 3729 1176 3783 conversationem
1223 3730 1449 3792 indicat.
1484 3732 1683 3787 deinde
1731 3749 1833 3788 nos
1874 3749 2022 3797 eum,

447 3817 543 3884 qui
575 3816 630 3868 in
661 3816 870 3870 malitia
899 3818 1186 3888 gloriatur,
1219 3828 1273 3875 et
1316 3821 1371 3875 in
1402 3822 1692 3891 iniquitate
1724 3825 2021 3892 potentiam

421 3915 501 3986 _ct
525 3909 673 3962 vires
701 3923 832 3964 suas
863 3910 1118 3976 collocat,
1153 3912 1338 3966 divina
1368 3929 1470 3983 ope
1494 3916 1938 3984 superaverimus
1969 3923 2024 3970 et

449 4015 513 4054 ex
571 4000 947 4058 dominatione
995 4002 1492 4070 deturbaverimus,
1554 4004 1911 4075 funditusque
1956 4021 2024 4061 ex

451 4100 593 4146 terra
627 4094 924 4148 viventium
976 4097 1362 4160 evulserimus,
1409 4096 1538 4152 facti
1579 4097 1742 4163 oliva,
1776 4097 2024 4151 multitu-

448 4185 575 4240 dine
605 4183 881 4240 l‘ructuum
910 4186 1029 4242 laeta
1062 4197 1112 4242 et
1141 4199 1360 4252 onusta,
1388 4197 1442 4242 et
1471 4203 1566 4258 per
1589 4203 1740 4259 spem
1767 4189 1824 4242 in
1853 4187 2022 4243 Deum

445 4279 815 4342 corroborati,
863 4289 994 4333 tunc
1028 4280 1433 4336 celebrabimus
1474 4280 1531 4334 in
1565 4280 1782 4334 choreis
1826 4278 2021 4334 adver-

445 4387 543 4428 sus
591 4371 865 4428 devictum
905 4388 935 4427 a
970 4375 1131 4429 nobis
1177 4375 1387 4430 hostem
1436 4375 1692 4445 epinicia,
1735 4385 1864 4430 tunc
1911 4389 2020 4428 me-

2126 1906 2426 1978 ἐφαρμόζει
2451 1907 2520 1959 τὰ
2546 1907 2642 1976 τῆς
2671 1905 2908 1976 ἱστορίας
2935 1905 3248 1974 αίνίγματα,
3272 1905 3396 1956 ὅταν
3415 1902 3706 1972 ἄπρακτος

2124 2000 2349 2071 γένηται
2375 1998 2494 2052 καθ’
2526 1999 2684 2069 ἡμῶν
2707 2001 2734 2052 6
2764 1998 2921 2069 Δωὴκ
2948 2000 3152 2060 ἐκεῖνος
3181 2000 3208 2049 ὁ
3249 1997 3565 2066 Ἰδουμαῖος,
3601 1996 3706 2065 τὴν

2124 2092 2664 2162 ὲπαμφοτερίζουσαν
2693 2089 2801 2144 τῶν
2845 2090 3082 2160 ἡμιόνων
3126 2089 3286 2157 φύσιν
3317 2090 3372 2140 ἐν
3407 2087 3586 2156 ἐαυτῷ
3616 2104 3704 2138 νο-

2125 2182 2325 2253 μεύων.
2373 2181 2601 2254 Εἴρηται
2646 2180 2702 2233 δὲ
2742 2179 2899 2234 τοῦτο
2943 2180 3033 2233 καὶ
3079 2181 3136 2232 ὲν
3180 2179 3446 2248 φθάσασιν
3473 2219 3486 2241 ,
3535 2178 3617 2230 ὅτι
3664 2179 3698 2245 ἡ

2122 2273 2365 2343 ἁμαρτία
2395 2271 2484 2325 διὰ
2528 2271 2620 2323 τοῦ
2657 2270 2794 2335 ζώου
2827 2269 3016 2323 τούτου
3065 2269 3406 2339 σημαίνεται.
3470 2269 3560 2332 Ὧς
3591 2269 3704 2337 γὰρ

2121 2365 2262 2436 αὑτὴ
2298 2363 2822 2434 ἐπαμφοτερίζοντος
2851 2362 3063 2414 ἐκείνου
3105 2361 3199 2413 τοῦ
3228 2359 3383 2424 ξύλου
3411 2361 3528 2412 ἐστὶ
3562 2376 3699 2430 καρ⁴

2121 2457 2244 2519 πὸς,
2273 2455 2330 2508 ὃν
2364 2453 2527 2509 καλὸν
2563 2456 2655 2507 καὶ
2690 2453 2921 2523 πονηρὸν
2951 2451 3204 2522 ὀνομάζει
3240 2454 3268 2504 6
3295 2452 3472 2519 λόγος,
3508 2451 3699 2513 καλὸν,

2120 2549 2214 2602 καὶ
2240 2547 2328 2600 διὰ
2359 2547 2420 2599 τὸ
2449 2545 2786 2614 κεκαλύφθαι
2820 2544 2919 2613 τὴν
2951 2543 3225 2613 ἁμαρτίαν
3262 2540 3339 2612 τῷ
3369 2541 3470 2609 τῆς
3504 2541 3702 2610 ἡδονῆς

2117 2641 2444 2712 δελεάσματι
2471 2679 2485 2703 ,
2524 2639 2592 2710 ἡν
2621 2639 2741 2691 ἀντὶ
2784 2637 2948 2691 καλοῦ
3000 2637 3352 2708 μετέρχονται
3383 2636 3432 2687 οἱ
3466 2635 3562 2687 τοῦ
3599 2634 3704 2687 σώ-

2125 2725 2294 2804 ματος
2325 2732 2493 2801 φίλοι·
2521 2729 2755 2800 πονηρὸν
2789 2729 2843 2781 δὲ
2876 2728 3058 2790 πάλιν,
3088 2729 3168 2780 ὅτι
3195 2729 3273 2791 είς
3310 2727 3505 2797 πικρὸν
3540 2743 3706 2781 κατα.

2118 2826 2273 2896 λήγει
2301 2824 2494 2894 πέρας,
2523 2822 2584 2873 τὸ
2605 2821 2699 2874 νῦν
2731 2821 2805 2883 ὡς
2834 2819 2995 2874 καλὸν
3029 2819 3463 2889 σπουδαζόμενον
3481 2835 3492 2847 ·
3526 2819 3702 2880 οὕτως

2119 2918 2264 2971 ἔστιν
2301 2913 2565 2983 ἑκατέρας
2598 2911 2832 2981 φύσεως,
2865 2909 3034 2962 ἵππου
3061 2926 3118 2960 τε
3153 2911 3247 2962 καὶ
3271 2909 3412 2972 ὄνου,
3457 2907 3526 2960 τὰ
3567 2909 3705 2976 σύμ-

2117 3007 2248 3060 ϐολα
2293 3007 2420 3077 περὶ
2455 3004 2515 3057 τὸ
2550 3002 2903 3072 ὑποκείμενον
2933 3001 3070 3064 ζῶον
3103 3000 3230 3052 ἰδεῖν
3251 3015 3262 3028 ⁸
3310 3000 3386 3061 ὼς
3428 2995 3570 3050 εἶναι
3605 2999 3702 3067 τὴν

2047 3139 2090 3197 C
2121 3099 2341 3169 ἡμίονον
2379 3097 2439 3149 τὸ
2473 3096 2601 3149 αὐτὸ
2632 3096 2728 3148 καὶ
2763 3095 2929 3146 ἵππον
2984 3093 3076 3145 καὶ
3105 3093 3244 3154 ὄνον,
3273 3093 3332 3145 οὐ
3361 3090 3700 3197 διῃρημένως

2128 3191 2404 3260 ἑκάτερον,
2446 3188 2560 3242 ἀλλ’
2595 3189 2652 3239 ὲν
2683 3189 2761 3240 ἑνὶ
2793 3187 2858 3240 τὰ
2893 3188 3006 3248 δύο,
3042 3186 3138 3256 τῆς
3179 3185 3373 3254 διπλῆς
3404 3184 3514 3235 τῶν
3551 3182 3702 3247 ζώων

2125 3281 2339 3350 φύσεως
2383 3278 2519 3350 πρὸς
2554 3277 2652 3350 τὴν
2701 3278 2794 3330 τοῦ
2846 3277 2984 3342 ζώου
3033 3275 3374 3346 ἀπεργασίαν
3422 3291 3702 3344 κατακρα-

2125 3371 2332 3442 θείσης.
2377 3372 2547 3424 ὀταν
2581 3369 2760 3422 τοίνυν
2818 3369 3055 3439 μηνυτὴς
3087 3369 3309 3438 γένηται
3345 3366 3422 3436 τῷ
3455 3369 3701 3437 τυράννῳ

2123 3463 2220 3532 τῆς
2260 3461 2410 3531 παρά
2470 3458 2549 3530 τῷ
2605 3461 2740 3530 ἱερεῖ
2789 3457 3068 3527 διαγωγῆς
3115 3457 3268 3527 ἡμῶν
3322 3458 3351 3508 ό
3407 3453 3700 3522 ἀλλόφυλος

2124 3554 2352 3618 ἐκεῖνος,
2381 3554 2439 3606 ὃν
2473 3552 2796 3622 ὲνοήσαμεν.
2830 3545 2948 3602 εἶτα
2974 3551 3134 3617 ἡμεῖς
3169 3547 3256 3600 τὰ]
3286 3549 3342 3599 ὲν
3373 3547 3542 3617 κακίᾳ
3571 3563 3702 3599 καυ-

2124 3645 2406 3716 χώμενον,
2453 3645 2549 3696 καὶ
2587 3646 2645 3696 ὲν
2693 3642 2892 3712 ἀνομίᾳ.
2940 3641 3278 3710 κεκτημένον
3320 3637 3419 3706 τὴν
3447 3637 3698 3704 δύναμιν,

2123 3735 2211 3788 διὰ
2245 3735 2344 3806 τῆς
2392 3733 2539 3796 Θείας
2584 3731 2898 3803 συμμαχίας
2942 3729 3258 3799 καθέλωμεν
3307 3745 3366 3779 τε
3412 3727 3513 3794 τῆς
3542 3726 3700 3778 δυνα-

2126 3825 2328 3887 στείας,
2360 3823 2454 3876 καὶ
2484 3821 2851 3893 προθέλυμνον
2886 3817 3045 3871 αὑτὸν
3075 3820 3138 3870 ἐκ
3165 3815 3264 3885 τῆς
3301 3814 3404 3883 γῆς
3429 3813 3540 3865 τῶν
3570 3811 3700 3875 ζὼν-

2124 3933 2234 3969 των
2268 3911 2752 3986 ἀναρῤιζὼσωμεν,
2787 3909 2942 3962 ἐλαία
2967 3907 3245 3977 γενόμενοι
3275 3904 3354 3973 τῷ
3378 3901 3570 3973 πλήθει
3594 3899 3699 3952 τῶν

2125 4010 2351 4083 καρπῶν
2381 4005 2723 4077 ἀγαλλομένη
2759 4005 2852 4056 καὶ
2900 4001 3178 4072 βρίθουσα,
3221 3999 3315 4051 καὶ
3358 3997 3446 4049 διὰ
3493 3995 3594 4063 τῆς
3623 3994 3700 4054 είς

2124 4105 2256 4158 Θεὸν
2297 4100 2508 4163 ἐλπίδος
2560 4096 2963 4168 δυναμωθέντες
3023 4092 3373 4164 χορεύσωμεν
3420 4087 3564 4141 κατά
3606 4083 3697 4137 τοῦ

2123 4195 2450 4268 ἡττηθέντος
2487 4192 2554 4244 τὰ
2589 4190 2856 4242 ὲπινίκια’
2894 4187 3014 4240 τότε
3051 4184 3191 4238 κατά
3229 4183 3387 4250 λόγον
3415 4183 3528 4243 τοῖς
3559 4178 3697 4248 ὑψη-

2123 4287 2364 4358 λοτέροις
2429 4279 2829 4354 προσϐαίνομεν
2856 4320 2870 4344 ,
2924 4278 3094 4340 ὅντως
3153 4275 3294 4328 κατὰ
3349 4273 3447 4344 τὴν
3502 4272 3560 4322 ὲν
3623 4268 3698 4337 τῷ

2131 4379 2374 4448 Ἀσματι
2398 4374 2601 4444 φωνὴν,
2627 4391 2644 4424 ι
2673 4372 2774 4444 ὄρη
2789 4370 3155 4443 διαπηδῶντες
3182 4368 3276 4422 καὶ
3308 4366 3513 4436 βουνοῖς
3537 4361 3701 4432 ἐφαλ-

448 4466 558 4520 rito
584 4465 813 4535 gradum
846 4466 912 4521 ad
938 4467 1131 4521 altiora
1160 4466 1448 4541 faciemus,
1478 4482 1622 4533 vere,
1657 4475 1716 4521 ut
1747 4467 1803 4521 in
1830 4466 2018 4520 Canti-

2126 4469 2356 4540 λόμενοι.
2391 4487 2411 4521 υ

445 4557 526 4613 cis
557 4557 784 4622 dicitur,
825 4576 845 4611 ι
886 4559 1148 4615 salientes
1182 4560 1234 4614 in
1287 4560 1568 4616 montibus
1622 4568 1676 4616 et
1711 4560 2024 4616 transilien-

445 4656 528 4705 tes
557 4651 727 4706 colles
745 4650 813 4705 ".
853 4668 873 4701 ›

512 4741 780 4809 Quisnam
815 4743 980 4812 igitur
1010 4743 1113 4798 iste
1148 4760 1306 4799 mons
1338 4752 1442 4808 est,
1485 4745 1551 4800 ad
1584 4760 1748 4815 quem
1776 4760 1924 4799 nunc
1952 4760 2018 4800 ex
2066 4765 2069 4767 ·

440 4836 645 4905 prioris
705 4836 930 4899 montis,
981 4837 1140 4906 quasi
1183 4838 1522 4900 notionibus,
1565 4839 1798 4894 resultat
1838 4838 2021 4892 denuo

444 4929 555 4983 alia
581 4929 836 4992 victoria,
869 4936 923 4983 et
951 4929 1045 4981 alii
1069 4928 1256 4998 hymni
1289 4944 1455 4998 super
1478 4930 1705 4983 victoria
1736 4944 1833 4998 per
1858 4929 2020 4983 intel-

440 5020 720 5092 ligentiam
752 5019 941 5074 Davidi
965 5019 1245 5074 confecti?
1277 5019 1380 5084 Qui
1398 5021 1509 5090 jam
1545 5021 1745 5075 bellum
1777 5028 2016 5084 movent,

443 5127 553 5166 non
607 5120 738 5167 sunt
783 5111 1018 5180 amplius
1065 5110 1134 5164 de
1183 5125 1346 5182 grege
1389 5111 1683 5175 mulorum,
1726 5109 1823 5164 sed
1870 5110 2020 5163 natio

439 5199 832 5274 Ziphazorum,
901 5200 995 5270 qui
1049 5200 1332 5270 angustias
1378 5201 1582 5255 arentis
1632 5209 1687 5256 et
1744 5200 2021 5255 siticulosi

440 5294 709 5349 transitus
751 5291 1024 5354 obsident,
1057 5299 1111 5344 et
1154 5290 1378 5360 quando
1419 5298 1698 5360 nequeunt
1730 5290 2018 5360 prohibere

441 5390 692 5438 nostrum
723 5396 820 5452 per
849 5381 1134 5451 angustias
1175 5381 1297 5436 illas
1327 5382 1450 5445 iter,
1479 5382 1661 5436 tristes
1691 5384 1761 5436 ob
1787 5383 2018 5436 salutem

441 5483 714 5538 nostram,
753 5486 1158 5542 prosperosquc
1197 5486 1491 5527 successus
1541 5471 1800 5526 evadunt.
1836 5471 2020 5540 lnquit

442 5567 589 5619 enim
625 5584 638 5618 :
679 5581 697 5616 ι
730 5563 788 5618 ln
821 5564 982 5618 linem
1033 5564 1343 5620 intellectus
1373 5563 1426 5618 in
1468 5563 1804 5618 carminibus
1827 5562 2022 5627 David,

516 5746 560 5777 ’δ
607 5743 818 5798 Cantic.
870 5759 932 5805 ιι.
984 5747 1037 5797 8.

2195 4743 2260 4796 Τί
2286 4736 2378 4796 οῦν
2415 4741 2530 4792 ἐστι
2583 4737 2741 4791 τοῦτο
2779 4735 2842 4787 τὸ
2872 4733 2998 4804 ὅρος
3029 4733 3113 4800 ἐφ’
3149 4723 3224 4784 ὧν
3254 4727 3349 4782 νῦν
3381 4727 3408 4778 6
3445 4727 3604 4794 λόγος
3634 4726 3696 4778 ἐκ

2122 4835 2216 4888 τοῦ
2244 4830 2508 4903 προτέρου
2547 4828 2705 4900 ὅρους
2733 4825 2839 4879 τῶν
2883 4824 3169 4894 νοημάτων
3215 4818 3534 4890 μεθάλλεται
3567 4817 3694 4882 ἄλλη

2129 4925 2254 4994 νίκη
2294 4922 2483 4986 πάλιν,
2516 4921 2608 4973 καὶ
2643 4917 2790 4973 ἄλλοι
2838 4916 2932 4970 ἐπὶ
2982 4918 3048 4985 τῇ
3103 4913 3231 4984 νίκῃ
3265 4912 3421 4981 ὕμνοι
3447 4910 3534 4962 διὰ
3579 4927 3697 4962 συν-

2125 5017 2293 5076 έσεως
2330 5011 2406 5078 τῷ
2427 5011 2590 5063 Δαϐὶδ
2625 5006 3083 5078 κατορθούμενοι;
3114 5004 3162 5055 οἱ
3187 5003 3244 5055 δὲ
3270 5000 3545 5063 κινοῦντες
3577 5001 3697 5060 τοὺς

2125 5106 2342 5175 ἀγῶνάς
2379 5105 2516 5156 εἰσιν
2559 5101 2739 5154 οὐκέτι
2771 5097 3007 5170 ἡμιόνων
3041 5095 3210 5166 ἀγέλη
3231 5135 3246 5156 ,
3277 5093 3413 5148 ἀλλά
3447 5093 3696 5162 Ζηφαίων

2123 5199 2297 5261 ἔθνος.
2351 5198 2414 5248 Οἱ
2463 5196 2577 5256 τοῖς
2628 5190 2834 5251 στενοῖς
2873 5189 2972 5259 τῆς
3025 5185 3344 5256 αὐχμώδους
3398 5183 3696 5244 διαϐάσεως

2124 5288 2548 5360 προκαθήμενοι,
2587 5284 2715 5336 ὅταν
2743 5281 2981 5335 κωλύσαι
3009 5279 3109 5349 τὴν
3146 5276 3236 5331 διὰ
3273 5275 3368 5329 τοῦ
3399 5273 3586 5327 στενοῦ
3613 5291 3698 5326 πο-

2123 5383 2274 5454 ρείαν
2296 5379 2456 5451 ἡμῶν
2478 5377 2902 5444 ἀδυνατήσωσιν,
2937 5372 3026 5424 τὸν
3057 5369 3147 5422 ἐπὶ
3171 5372 3236 5438 τῇ
3270 5367 3514 5437 σωτηρία
3542 5365 3694 5436 ἡμῶν

2119 5474 2484 5544 λυπούμενον·
2517 5471 2639 5530 «Ei;
2663 5467 2722 5520 τὸ
2753 5467 2904 5527 τέλος
2932 5483 2950 5514 ι
2995 5462 3131 5533 γὰρ,
3165 5461 3348 5531 φησὶν,
3390 5477 3409 5509 ι
3435 5458 3693 5518 συνέσεως

2123 5569 2180 5622 ἐν
2205 5565 2390 5637 ὕμνοις
2418 5561 2496 5631 τῷ
2521 5559 2704 5613 Δασιδ.
2739 5561 2795 5610 έν
2824 5555 2901 5627 τῷ
2927 5553 3099 5607 ἐλθεῖν
3125 5552 3249 5614 τοὺς
3265 5549 3540 5620 Ζηφαίους
3561 5585 3576 5613 ,
3604 5544 3693 5600 καὶ
