3870 6220
266 269 374 325 569

1676 286 1743 340 IN
1785 286 1907 340 PSA
1920 285 2125 340 LMOS.

3411 287 3516 344 570

259 391 437 442 εἰπεῖν
461 389 539 458 τῷ
567 389 901 452 Σαοὺλ,Ίδοὺ
928 393 1094 447 Δαόὶδ
1126 394 1433 466 κέκρυπται
1463 396 1594 466 παρ’
1626 397 1776 466 ἡμῖν.
1806 413 1815 448 1

1937 407 2064 445 cum
2093 391 2371 446 venissent
2401 391 2626 461 Zipliaei,
2673 401 2728 448 et
2762 391 3038 448 dixissent
3061 392 3128 448 ad
3160 393 3293 450 Saul
3332 414 3345 450 :
3375 396 3516 452 Ecce

257 480 486 544 Πάντως
515 483 572 535 δὲ
609 485 637 535 6
675 482 773 553 τὴν
821 484 1062 555 ἱστορίαν
1089 486 1188 538 οὐκ
1213 486 1451 554 ἀγνοῶν,
1483 482 1623 540 οἶδεν
1652 486 1834 540 στενὸν

255 573 353 624 καὶ
374 573 637 644 αὐχμώδη
663 573 827 626 τόπον
855 577 913 628 ἐν
945 576 1024 646 τῷ
1047 576 1200 647 μέρει
1226 577 1401 648 τούτῳ
1427 577 1834 648 μνημονευόμε-

253 678 368 715 νον.
399 664 498 716 Διά
525 664 582 716 δὲ
612 663 714 734 τῆς
743 666 1194 738 ἀπεστενωμένης
1225 668 1397 721 διόδου
1423 710 1438 733 ,
1471 668 1569 738 τὴν
1601 668 1834 736 εὐαγγε-

253 750 416 822 λικὴν
450 755 547 824 τῆς
605 755 878 824 βασιλείας
905 756 1023 809 ὁδὸν
1075 759 1409 828 ἐνοήσαμεν,
1466 759 1532 830 ἢν
1565 758 1831 811 κωλύουσι

255 845 361 914 μὲν
380 848 429 899 oi
460 848 708 918 Ζηφαίοι,
733 848 878 902 τοῦτ’
904 848 1070 914 ἐστιν,
1101 851 1162 903 τὸ
1190 851 1485 920 ἀλλόφυλον
1511 851 1618 904 τῶν
1645 851 1832 920 δαιμό-

253 952 362 989 νων
391 937 572 1002 ἕθνος,
614 941 660 992 οἱ
686 939 955 1011 ὑπηρέται
978 941 1075 1012 τῆς
1107 942 1486 1013 ἀντικειμένης
1514 942 1794 1012 δυνάμεως
1812 958 1826 972 °

252 1029 602 1100 εὑρίσκουσιν
630 1031 685 1083 δὲ
717 1034 764 1084 οἱ
795 1033 966 1101 ὀλίγοι
997 1035 1044 1086 oi
1066 1035 1163 1104 τὴν
1196 1034 1453 1086 πλατεῖαν
1491 1032 1831 1103 ἀποστρεφό-

253 1138 427 1190 μενοι.
467 1123 619 1192 Ἔχει
650 1123 707 1176 δὲ
736 1124 768 1193 ή
817 1123 963 1190 λέξις
995 1125 1093 1195 τῆς
1142 1127 1378 1196 ἱστορίας
1421 1125 1592 1188 οὕτως
1614 1143 1628 1156 ·
1675 1143 1693 1176 t
1715 1127 1828 1179 Οὐκ

253 1212 370 1265 ἰδοὺ
419 1214 586 1267 Δαὸὶδ
622 1216 928 1284 κέκρυπται
960 1217 1020 1268 ἐν
1049 1219 1277 1286 Μασερά
1313 1220 1441 1286 παρ’
1471 1219 1600 1288 ἡμῖν
1627 1218 1684 1270 ἐν
1714 1220 1828 1280 τοῖς

253 1305 462 1364 στενοῖς
490 1305 549 1356 ἐν
575 1303 654 1374 τῷ
680 1303 880 1374 βουνῷ;
910 1325 927 1357 ι
978 1306 1192 1376 ἀληθῶς
1233 1306 1341 1376 γὰρ
1378 1308 1443 1376 τῇ
1473 1309 1630 1376 στενῇ
1655 1304 1824 1375 ταύτῃ

249 1394 300 1446 οἱ
331 1392 476 1446 κατά
528 1394 658 1446 Θεὸν
699 1395 898 1460 ζῶντες
933 1397 1452 1468 ἐναποκρύπτονται.
1481 1397 1732 1450 Δείκνυσι
1769 1397 1825 1450 δὲ

249 1485 458 1555 ταύτην
505 1487 632 1555 ἡμῖν
659 1486 757 1558 τὴν
804 1485 922 1542 ὁδὸν
943 1491 976 1559 ἡ
1010 1489 1183 1559 Καινὴ
1211 1488 1451 1560 Διαθήκη
1475 1529 1489 1552 ,
1516 1489 1583 1542 δι’
1613 1484 1681 1560 ἧς
1710 1489 1824 1544 ἐστι

250 1577 390 1646 πρὸς
410 1578 512 1647 τὴν
536 1579 846 1650 ἀκροτάτην
871 1579 967 1632 τοῦ
996 1579 1155 1650 ὅρους
1184 1581 1426 1652 κορυφὴν
1455 1580 1698 1634 ἀνελθεῖν
1719 1623 1733 1643 ,
1757 1583 1823 1652 ἢν

251 1667 442 1738 βουνὸν
469 1670 723 1739 ὀνομάζει
746 1673 774 1724 6
797 1670 954 1739 λόγος
976 1671 1073 1741 τῆς
1113 1671 1370 1742 ἱστορίας.
1405 1669 1573 1725 Ὅταν
1601 1667 1694 1725 οὖν
1722 1671 1822 1743 τὴν

1941 479 2112 535 David
2149 482 2509 538 absconditus
2540 492 2624 538 est
2659 483 2802 552 apud
2850 499 2952 538 nos
2977 484 3045 536 “.
3078 504 3096 536 ι
3131 483 3368 540 Omnino
3415 501 3516 540 au-

1940 580 2047 628 tem
2091 574 2138 629 is
2167 575 2259 643 qui
2290 574 2535 628 historiae
2574 575 2798 644 ignarus
2835 591 2942 628 non
2990 582 3094 639 est,
3143 576 3312 644 probe
3343 577 3508 639 videt,

1939 681 2036 736 per
2089 675 2378 736 angustum
2435 673 2490 719 et
2538 676 2778 721 arentem
2834 668 3036 731 locum,
3097 668 3258 736 cujus
3313 668 3402 722 hic
3450 668 3510 722 lit

1939 758 2168 820 mentio,
2222 765 2276 812 et
2321 773 2416 826 per
2468 758 2758 812 transitum
2816 757 2952 812 adeo
3010 758 3076 812 ad
3113 760 3505 829 penetrandum

1936 848 2229 910 diliicilem,
2279 847 2647 917 evangelicam
2686 847 2832 900 illaut
2865 849 3017 918 regni
3065 849 3306 903 caelestis
3341 848 3508 902 semi-

1937 946 2045 992 tam
2091 937 2497 1006 intelligendam
2545 952 2701 1000 esse,
2755 954 2861 1008 qua
2893 955 2993 994 nos
3029 941 3248 1009 quidem
3300 939 3502 1009 Ziphaei

1935 1031 2250 1101 prohibent,
2298 1031 2403 1084 hoc
2458 1037 2563 1092 est,
2613 1031 2916 1100 alienigena
2968 1032 3274 1086 daamonum
3329 1033 3500 1096 natio,

1934 1123 2173 1177 ministri
2205 1121 2534 1176 adversariae
2560 1124 2863 1192 potestatis.
2904 1121 3191 1179 lnveniunt
3220 1141 3348 1180 vero
3379 1141 3499 1180 eam

1933 1215 2092 1283 pauci
2140 1214 2237 1275 illi,
2280 1216 2372 1284 qui
2417 1217 2578 1268 latam
2614 1215 2755 1267 viam
2799 1223 3138 1270 aversantur.
3184 1214 3276 1270 Sic
3319 1225 3500 1272 autem

1933 1303 2178 1358 historia:
2222 1319 2342 1360 sese
2402 1305 2547 1358 illius
2603 1308 2844 1360 narratio
2892 1307 2959 1360 ad
3009 1309 3232 1361 verbum
3281 1308 3495 1363 habet:

1936 1410 1956 1444 ι
1984 1392 2176 1449 Nonne
2196 1410 2322 1450 ecce
2346 1394 2513 1449 David
2541 1397 2894 1452 absconditus
2927 1406 3011 1452 est
3039 1400 3093 1452 in
3120 1399 3330 1454 Masera
3353 1399 3497 1469 apud

1931 1499 2032 1539 nos
2065 1487 2118 1538 in
2157 1487 2445 1553 angustiis,
2477 1487 2530 1540 in
2566 1487 2742 1543 colle?
2771 1509 2790 1539 ι
2827 1504 2952 1544 vere
2991 1490 3137 1543 enim
3180 1491 3233 1543 in
3265 1501 3496 1560 augusta

1931 1573 2033 1630 hac
2071 1577 2157 1630 via
2208 1578 2641 1642 abscondunlur,
2691 1582 2782 1649 qui
2832 1583 2995 1634 vitam
3044 1581 3153 1636 Deo
3201 1592 3497 1636 consenta-

1929 1681 2087 1721 neam
2135 1669 2363 1724 ducunt.
2414 1668 2568 1725 Hanc
2613 1672 2755 1723 viam
2801 1673 3039 1728 ostendit
3086 1674 3245 1728 nobis
3285 1673 3496 1727 Novum

249 1759 448 1829 στενὴν
465 1760 680 1830 ἐκείνην
711 1761 828 1814 ὁδὸν
855 1761 1266 1831 ἀνεμποδίστως
1303 1761 1680 1832 παρέλθωμεν,
1715 1765 1815 1833 Ζη-

1925 1757 2356 1824 Testamentum,
2387 1763 2547 1830 cujus
2571 1764 2836 1818 beneﬁcio
2857 1763 2924 1817 ad
2953 1781 3267 1834 supremum
3293 1766 3496 1820 montis

246 1855 402 1920 φαῖοι
437 1851 516 1922 τῷ
542 1853 788 1923 τυράννῳ
824 1851 922 1923 τὴν
953 1853 1226 1923 σωτηρίαν
1254 1852 1409 1923 ἡμῶν
1443 1852 1822 1924 καταμηνύου-

249 1961 355 1997 σιν.
403 1945 592 2014 Ἡμεῖς
638 1945 696 1998 δὲ
742 1944 821 2013 τῷ
851 1944 1076 2014 ὀνόματι
1111 1945 1205 1998 τοῦ
1239 1945 1536 2007 σεσωκότος
1558 1983 1574 2008 ,
1604 1945 1700 2012 τὴν
1729 1944 1818 1996 δυσ

247 2037 504 2090 ναστείαν
526 2036 626 2105 τῆς
651 2038 731 2098 είς
754 2035 817 2088 τὸ
856 2035 1016 2088 καλὸν
1046 2036 1277 2105 κρίσεως
1311 2035 1464 2106 ἡμῶν
1501 2037 1822 2102 ἀνατίθεμεν

247 2127 522 2196 λέγοντες⁶
554 2147 570 2178 ι
593 2129 652 2182 '0
677 2128 830 2192 Θεὸς,
853 2130 912 2181 ἐν
939 2127 1014 2198 τῷ
1047 2128 1269 2197 ὀνόματί
1292 2145 1384 2180 σου
1410 2127 1583 2181 σῶσόν
1606 2146 1694 2198 με,
1726 2128 1820 2182 καὶ

243 2220 305 2271 ἐν
331 2222 398 2290 τῇ
429 2219 657 2290 δυνάμει
684 2236 776 2272 σου
809 2223 1013 2291 κρινεῖς
1043 2235 1164 2290 με.»
1199 2219 1270 2272 Τὸ
1292 2219 1401 2292 γάρ
1425 2219 1733 2290 γενόμενον,
1746 2220 1822 2285 ὼς

246 2311 716 2382 προσδοκώμενον,
746 2312 852 2364 ὑπὸ
878 2309 971 2365 τοῦ
997 2312 1154 2381 λόγου
1175 2313 1652 2382 διεσχημάτισται,
1681 2314 1820 2368 οὕτω

241 2402 344 2471 τῆς
375 2404 598 2475 Γραφῆς
618 2404 716 2472 τῆς
745 2404 884 2458 κατά
914 2405 1004 2456 τὸν
1031 2405 1220 2476 χρόνον
1241 2405 1525 2477 ἀκριϐείας
1552 2406 1822 2477 ὑπερορώ-

246 2511 368 2565 me.
403 2495 510 2547 Καὶ
539 2493 648 2565 γὰρ
683 2495 743 2548 τὸ
770 2495 1026 2565 ἐσόμενον
1053 2497 1086 2566 ἡ
1119 2498 1424 2567 προφητεία
1459 2497 1716 2560 πολλάκις
1743 2497 1818 2560 ῶς

245 2587 579 2658 παρῳχηκὸς
609 2586 906 2657 διηγήσατο
933 2627 947 2650 ,
979 2590 1072 2641 καὶ
1102 2589 1163 2642 τὸ
1202 2590 1450 2657 γεγονὸς,
1481 2589 1556 2652 ὼς
1593 2589 1820 2659 προσδο-

244 2679 617 2750 κώμενον.Ὢς
649 2680 742 2733 καὶ
770 2683 828 2734 ἐν
858 2679 1030 2752 ταύτῃ
1056 2685 1122 2752 τῇ
1143 2681 1429 2752 ψαλμῳδία
1461 2682 1603 2736 κατά
1629 2682 1687 2734 τὸ
1716 2680 1818 2732 πέ-

245 2789 347 2844 ρας
383 2771 537 2830 ίδείν,
577 2773 650 2824 Οὐ
677 2772 786 2844 γάρ
826 2769 1012 2837 εἶπεν,
1057 2775 1137 2828 ὅτι
1180 2793 1199 2824 ι
1223 2776 1281 2826 ἐν
1317 2776 1430 2837 τοῖς
1460 2774 1670 2846 ἐχθροῖς
1713 2791 1816 2844 μου

241 2862 510 2932 ἐπόψεται
532 2881 544 2893 '
572 2882 591 2914 ι
619 2863 734 2918 ἀλλ’
772 2884 791 2916 ι
817 2865 1026 2918 ἐπεῖδεν
1055 2867 1082 2918 6
1107 2865 1382 2934 ὀφθαλμός
1412 2883 1533 2936 μου,
1561 2885 1579 2917 ι
1622 2865 1692 2918 δι’
1739 2860 1815 2921 ὧν

241 2953 419 3007 ταῦτα
448 2954 821 3024 μανθάνομεν,
851 2957 932 3009 ὅτι
958 2955 1036 3026 τῷ
1071 2957 1190 3026 Θεῷ
1230 2955 1355 3008 οὔτε
1385 2975 1436 3008 τι
1467 2956 1811 3026 παρῴχηκεν,

242 3046 360 3098 ἀλλ’
395 3048 454 3099 ἐν
477 3046 555 3117 τῷ
591 3047 844 3100 ἐνεστῶτι
871 3049 940 3101 τά
973 3049 1151 3102 πάντα
1181 3049 1348 3103 ἐστίν.
1385 3049 1546 3101 Ὥστε
1589 3048 1690 3102 κᾶν
1718 3048 1812 3101 τοῦ

244 3137 635 3208 παρῳχηκότος
657 3179 673 3197 ,
704 3137 798 3190 καὶ
828 3137 922 3190 τοῦ
950 3137 1230 3208 μέλλοντος
1263 3139 1389 3208 περὶ
1422 3138 1518 3208 τῆς
1547 3137 1696 3200 θείας
1720 3137 1812 3190 δυ-

240 3228 461 3296 νάμεως
488 3227 722 3297 ἐμφασίν
748 3245 866 3280 τινα
887 3227 986 3299 ἔχῃ
1007 3227 1074 3280 τὰ
1100 3229 1318 3298 ῥήματα
1339 3270 1354 3288 ,
1393 3226 1489 3280 τοῦ
1521 3227 1814 3288 ἐνεστῶτος

238 3321 342 3372 οὐκ
370 3318 592 3386 ἐξῆλθεν
641 3320 675 3388 ή
707 3317 906 3371 ἔννοια.
933 3318 1094 3386 Λέγει
1116 3319 1292 3372 τοίνυν
1319 3318 1452 3389 πρὸς
1496 3317 1586 3372 τὸν
1623 3317 1754 3370 Θεὸν
1787 3321 1814 3371 6

238 3413 340 3480 τῆς
377 3409 696 3479 αὐχμώδους
727 3427 786 3462 τε
820 3410 914 3463 καὶ
949 3411 1137 3479 στενῆς
1165 3411 1391 3473 ἐπιϐὰς,
1423 3412 1516 3464 καὶ
1551 3409 1815 3478 φυγαδεύ-

241 3519 343 3565 σας
383 3503 445 3555 τὸ
476 3503 583 3554 τῶν
624 3503 877 3573 Ζηφαίων
917 3501 1302 3574 συγκρότημα,
1335 3503 1418 3556 ὅτι
1470 3501 1560 3556 Ἐν
1611 3503 1690 3573 τῷ
1736 3502 1813 3572 σῷ

237 3594 466 3664 ὀνόματι
489 3593 708 3660 γέγονεν
735 3595 864 3663 ἡμῖν
893 3595 926 3664 ή
950 3593 1212 3664 σωτηρία,
1245 3595 1338 3646 καὶ
1358 3586 1414 3645 ἐλι
1434 3597 1499 3664 τῇ
1528 3593 1813 3665 δυναστείᾳ

243 3702 336 3738 σου
397 3687 431 3755 ή
462 3687 518 3737 ἐν
537 3683 616 3754 τῷ
647 3683 798 3754 καλῷ
823 3685 1000 3754 κρίσις
1030 3685 1127 3753 τὴν
1156 3686 1308 3754 ἰσχὺν
1333 3683 1465 3754 ἔχει,
1496 3685 1586 3738 καὶ
1615 3687 1692 3748 είς
1724 3685 1812 3737 ἀεὶ

238 3777 417 3830 ταῦτα
439 3779 746 3847 γενήσεται.
775 3777 881 3829 Καὶ
913 3775 1302 3847 προσκαλεῖται
1329 3775 1468 3845 ὑπὲρ
1490 3774 1691 3827 τούτων
1714 3775 1810 3845 τὴν

241 3868 390 3922 θείαν
421 3869 586 3934 ἀκοὴν
601 3868 735 3938 πρὸς
747 3868 844 3938 τὴν
861 3867 960 3936 τῆς
978 3867 1319 3935 εὐχαριστίας
1339 3867 1617 3935 ἀκρόασιν,
1637 3867 1809 3934 λέγων

240 3961 347 4014 τῶν
373 3960 669 4031 ἀλλοτρίων
715 3959 813 4030 τὴν
850 3960 1212 4012 ἐπανάστασιν
1235 3999 1248 4022 ,
1275 3960 1368 4012 καὶ
1399 3959 1507 4011 τῶν
1549 3959 1607 4012 ἐν
1643 3960 1810 4030 κακία

240 4052 520 4122 κραταιῶν
599 4052 698 4122 τὴν
749 4054 850 4121 τῆς
901 4052 1078 4122 ψυχῆς
1124 4049 1286 4103 αὐτοῦ
1332 4049 1592 4120 ζήτησιν,
1633 4044 1708 4103 ὧν
1746 4053 1806 4104 οὐ

240 4143 567 4211 προηγεῖται
595 4141 756 4202 Θεὸς,
794 4141 906 4193 ἀλλ’
933 4142 960 4191 6
993 4143 1055 4193 ὲκ
1095 4140 1186 4193 τοῦ
1228 4139 1469 4192 ἐναντίου
1499 4137 1805 4208 νοούμενος.

240 4233 344 4284 Διά
374 4230 533 4283 τοῦτο
584 4227 693 4296 γάρ
725 4240 923 4294 φησιν·
965 4224 1194 4279 Ἐκεῖνοι
1237 4226 1336 4298 μὲν
1374 4248 1392 4280 ι
1430 4229 1490 4282 οὐ
1518 4229 1807 4299 προέθεντο

237 4323 333 4376 τὸν
356 4323 486 4374 Θεὸν
517 4319 742 4373 ἐνώπιον
771 4317 948 4371 αὐτῶν
969 4334 982 4348 ο
1005 4338 1022 4368 ι
1056 4319 1177 4386 ἐμοὶ
1202 4318 1257 4371 δὲ
1297 4321 1325 4372 ὁ
1364 4319 1495 4382 Θεὸς
1520 4318 1732 4390 βοηθεῖ,
1777 4323 1806 4374 6

237 4412 666 4483 ἐπαναστρέφων
703 4409 772 4462 τὰ
824 4409 969 4462 κακά
1008 4411 1121 4472 τοῖς
1166 4410 1264 4479 τῆς
1313 4410 1508 4473 κακίας
1533 4412 1802 4483 εὑρεταῖς,
1835 4437 1881 4494 D

237 4515 257 4546 ι
287 4498 384 4549 καὶ
408 4499 498 4554 διὰ
527 4502 626 4571 τῆς
637 4498 893 4568 ἀληθείας
907 4501 1244 4571 ἐξαφανίζων
1269 4522 1288 4554 ι
1308 4501 1475 4566 ἅπαν,
1493 4502 1618 4556 ὅσον
1657 4503 1804 4556 ἐστὶν

227 4592 334 4661 τῆς
370 4590 626 4661 ἀληθείας
656 4591 867 4662 ἐχθρὸν,
893 4592 986 4644 καὶ
1015 4593 1328 4660 ἀλλόφυλον.
1354 4592 1493 4661 Ἐγὼ
1511 4593 1590 4655 δὲ,
1617 4593 1801 4662 φησὶν,

227 4678 275 4750 ᾧ
304 4683 516 4752 ἐσώθην
541 4683 765 4754 ὀνόματι
789 4722 804 4745 ,
829 4684 1000 4754 τούτῳ
1026 4685 1405 4755 εὐχαριστήσω
1433 4726 1448 4749 ,
1481 4687 1562 4739 ὅτι
1603 4685 1804 4753 ἀγαθὸν

227 4776 263 4842 ὴ
292 4774 633 4844 εὐχαριστία.
662 4775 776 4843 Ἐφ’
797 4771 879 4838 οἷς
910 4773 1013 4838 ἔξω
1046 4792 1104 4827 τε
1125 4774 1233 4827 τῶν
1260 4775 1488 4844 θλίψεων
1515 4776 1800 4846 ἐγενόμην,

226 4866 325 4919 καὶ
358 4866 448 4918 τὸν
469 4865 778 4935 ἀφανισμὸν
826 4865 936 4917 τῶν
956 4865 1164 4936 ἐχθρῶν
1203 4867 1313 4928 τοῖς
1342 4866 1636 4935 ὀφθαλμοῖς
1667 4883 1800 4919 κατο

224 4956 452 5025 ἐνόησα.
494 4956 615 5009 Ἐπὶ
657 4954 814 5008 τοῦτο
838 4955 945 5025 γὰρ
972 4957 1002 5008 ὸ
1047 4956 1379 5025 προφητικὸς
1410 4955 1683 5025 ὀφθαλμὸς
1713 4957 1804 5008 εὑο

224 5045 552 5114 φραίνεται,
589 5045 714 5097 ὅταν
767 5045 964 5112 μηκέτι
1014 5045 1178 5114 μηδὲν
1224 5047 1286 5096 ἐκ
1325 5044 1415 5096 τοῦ
1446 5045 1688 5098 ἐναντίου
1739 5047 1805 5114 τῇ

222 5137 400 5205 ἀρετῇ
427 5137 746 5205 θεωρεῖται·
771 5135 870 5203 τῆς
893 5135 1002 5203 γὰρ
1040 5135 1233 5196 κακίας
1264 5136 1652 5205 ἑξαιρεθείης,
1686 5138 1806 5206 ἥτις

222 5225 366 5292 πρὸς
412 5225 508 5293 τὴν
542 5226 742 5294 ἀρετὴν
774 5227 852 5288 είς
901 5224 1096 5296 ἐχθροῦ
1141 5226 1292 5291 τάξιν
1339 5226 1802 5290 ἀντικαθίσταται,

220 5316 410 5367 οὐκέτι
440 5315 502 5367 τὸ
554 5315 660 5368 τῶν
700 5315 911 5386 ἐχθρῶν
945 5317 1396 5386 ὑπολειφθήσεται
1444 5318 1613 5386 ὄνομα
1635 5335 1647 5348 ·
1683 5319 1797 5382 πῶς

220 5407 336 5478 γάρ
357 5423 438 5470 τις
465 5406 656 5477 ἐχθρὸς
679 5407 757 5460 ἔτι
775 5397 1121 5478 κληθήσεται,
1140 5409 1333 5478 μηκέτι
1359 5410 1456 5479 τῆς
1477 5409 1674 5480 ἔχθρας
1693 5409 1796 5474 (tb-

297 5711 345 5742 "
373 5709 517 5765 Psai.
549 5727 668 5779 LIII,
696 5713 760 5780 1;
810 5713 830 5768 ι
862 5713 991 5784 Reg.
1028 5730 1180 5780 χλιιι,
1213 5719 1284 5773 19.

1925 1860 2187 1903 verticem
2227 1853 2513 1919 pervenire
2577 1868 2907 1922 possumus,
2949 1871 3112 1923 quem
3165 1855 3358 1909 collem
3407 1855 3494 1908 hi-

1925 1941 2108 1993 storiae
2151 1950 2438 1996 contextus
2493 1945 2760 1998 nominat.
2801 1946 3030 2010 Quando
3081 1947 3244 2016 igitur
3287 1947 3494 2015 absque

1923 2027 2312 2097 impedimento
2369 2042 2656 2101 angustam
2718 2035 2862 2086 illam
2913 2037 3056 2087 viam
3112 2037 3495 2105 pertransieri-

1923 2138 2066 2183 tuus,
2104 2122 2306 2192 Zipluni
2347 2125 2575 2178 salutem
2608 2135 2853 2179 nostram
2887 2135 2942 2180 et
2973 2128 3391 2196 prosperitatem
3425 2128 3492 2182 ad

1921 2221 2212 2284 tyrannum
2259 2214 2550 2282 deferunt;
2585 2231 2686 2272 nos
2729 2229 2909 2272 autem
2955 2218 3164 2272 nomini
3209 2219 3351 2288 ejus.
3395 2223 3490 2289 qui

1922 2321 2022 2358 nos
2053 2306 2301 2370 salvavit,
2341 2315 2660 2376 potestatem
2710 2316 2858 2363 recte
2907 2308 2974 2364 de
3020 2311 3178 2364 nobis
3205 2311 3486 2378 judicandi

1921 2395 2238 2459 deferimus,
2287 2397 2572 2454 dicentes;
2611 2417 2629 2450 ι
2672 2399 2834 2461 Deus,
2888 2399 2944 2454 in
2994 2402 3216 2456 nomine
3253 2410 3349 2454 tuo
3377 2403 3487 2455 sal-

1920 2503 2046 2541 vum
2097 2503 2182 2543 me
2224 2489 2330 2553 fac,
2381 2499 2438 2545 et
2486 2491 2540 2544 in
2589 2493 2790 2546 virtute
2833 2503 2922 2547 tua
2947 2493 3154 2564 judica.
3195 2513 3216 2546 ι
3269 2493 3402 2548 Nam
3433 2495 3486 2549 id

1919 2580 2063 2648 quod
2102 2580 2300 2634 factum
2346 2582 2458 2650 jam
2499 2592 2637 2646 erat,
2694 2587 2944 2640 oratione
2993 2590 3064 2640 ita
3114 2596 3485 2656 repraesentat,

1917 2672 2071 2740 quasi
2127 2674 2303 2727 adhuc
2347 2675 2589 2730 futurum
2637 2688 2803 2732 esset.
2832 2679 2924 2732 Sic
2965 2680 3112 2733 enim
3153 2683 3292 2735 solet
3339 2680 3486 2735 Scri-

1919 2771 2080 2831 ptura
2130 2776 2441 2821 accuratam
2488 2777 2749 2838 temporis
2794 2774 3062 2826 rationem
3113 2775 3270 2842 quasi
3321 2776 3490 2844 negli-

1917 2868 2062 2920 gere.
2109 2852 2241 2906 Nam
2287 2857 2464 2909 divina
2511 2861 2735 2912 oracula
2789 2860 2842 2914 id
2881 2863 3027 2931 quod
3083 2861 3327 2916 futurum
3374 2871 3482 2924 est,

1917 2958 2058 3014 smpe
2089 2957 2138 2998 ut
2175 2949 2509 3016 przetcritum
2544 2949 2808 3014 referunt,
2840 2958 2894 3006 et
2928 2951 2980 3005 id
3026 2953 3172 3022 quod
3199 2953 3310 3020 jam
3344 2968 3482 3022 prae-

1919 3038 2086 3098 teriit,
2118 3047 2175 3091 ut
2209 3038 2450 3093 futurum
2487 3058 2500 3094 :
2528 3042 2982 3109 quemadmodum
3013 3050 3068 3096 et
3103 3044 3154 3096 in
3188 3042 3292 3096 line
3318 3043 3482 3111 hujus

1917 3130 2108 3197 psalmi
2144 3131 2325 3185 videre
2372 3132 2536 3185 licet:
2569 3148 2676 3186 non
2707 3133 2851 3186 enim
2896 3133 3072 3186 dixit:
3111 3151 3130 3183 ι
3161 3131 3336 3202 Super
3376 3135 3482 3186 ini-

1915 3223 2088 3276 micos
2133 3237 2284 3276 meos
2333 3221 2631 3292 despiciet;
2663 3241 2681 3273 ι
2743 3223 2858 3285 sed,
2919 3242 2937 3274 ι
2985 3223 3235 3292 Despexit
3289 3225 3480 3278 oculus

1916 3329 2089 3367 meus.
2129 3334 2146 3366 ι
2191 3315 2398 3380 Quibus
2447 3317 2728 3374 docemur,
2779 3315 2886 3372 Deo
2926 3317 3060 3370 nihil
3104 3317 3344 3371 futurum
3388 3327 3482 3370 aut

1915 3409 2243 3475 praeteritum
2271 3423 2414 3469 esse,
2453 3409 2546 3463 sed
2576 3409 2756 3462 omnia
2798 3410 3084 3478 praesentia
3122 3408 3334 3463 adesse.
3371 3407 3478 3462 lta—

1913 3516 2018 3570 que
2056 3498 2171 3552 sive
2212 3496 2493 3566 praeteriti,
2531 3497 2646 3552 sive
2687 3496 2854 3550 futuri
2887 3498 2994 3550 vim
3035 3506 3089 3552 et
3119 3499 3480 3567 signiﬁcatio-

1914 3608 2037 3646 nem
2088 3590 2327 3645 habeant
2377 3589 2542 3644 verba
2585 3589 2654 3644 de
2698 3590 2884 3643 divina
2935 3597 3204 3658 potestate
3243 3592 3477 3655 prolata,

1913 3684 2126 3737 anirmts
2157 3692 2337 3735 tamen
2382 3680 2526 3734 haud
2559 3679 2838 3750 egreditur
2865 3689 3018 3734 extra
3059 3681 3342 3749 pratsentis
3374 3689 3484 3732 ter-

1912 3775 2108 3827 minos.
2153 3774 2243 3825 Ait
2274 3773 2435 3842 igitur
2474 3773 2540 3825 ad
2585 3770 2752 3825 Deum
2803 3771 2914 3832 ille.
2967 3772 3059 3840 qui
3094 3785 3189 3840 per
3232 3779 3476 3825 arentem

1909 3874 1964 3918 et
2003 3875 2288 3934 angustam
2331 3865 2579 3918 semitam
2634 3863 2829 3927 evasit,
2865 3861 3318 3934 Ziphzeorutnque
3355 3873 3476 3916 tur-

1908 3955 2030 4009 bam
2071 3965 2124 4009 et
2157 3956 2446 4010 coitionem
2499 3954 2709 4024 iugavit
2750 3971 2764 4008 :
2809 3954 2867 4008 ln
2913 3955 3134 4008 nomine
3177 3965 3272 4008 tuo
3325 3955 3479 4008 salus

1908 4047 2068 4101 nobis
2099 4047 2269 4110 venit,
2301 4055 2355 4100 et
2391 4047 2445 4100 in
2485 4047 2687 4101 virtute
2725 4055 2817 4100 tua
2843 4046 3112 4116 judicium
3145 4046 3215 4102 de
3249 4047 3392 4100 bono
3420 4055 3478 4100 et

1907 4148 2057 4191 recto
2087 4138 2254 4191 robur
2293 4138 2472 4203 habet,
2510 4137 2562 4192 id
2595 4137 2740 4207 quod
2772 4153 2984 4206 semper
3017 4138 3228 4192 eveniet
3257 4155 3270 4190 :
3301 4145 3350 4192 et
3380 4153 3479 4206 per

1909 4229 2010 4281 hoc
2045 4228 2273 4281 advocat
2303 4227 2392 4282 Dei
2423 4229 2570 4282 velut
2595 4243 2779 4291 aures,
2809 4236 2868 4281 ut
2894 4230 3194 4300 gratiarum
3229 4231 3477 4283 actiones

1906 4319 2148 4378 audiant.
2173 4334 2502 4373 enumerans
2521 4320 2797 4389 quomodo
2819 4320 2980 4374 alieni
3009 4321 3274 4375 adversus
3293 4321 3473 4388 ipsum

1907 4409 2327 4470 insurrexerint,
2375 4415 2429 4463 et
2480 4410 2756 4478 quomodo
2811 4409 2982 4464 l'ortes
3033 4417 3087 4464 et
3127 4417 3374 4479 potentes
3417 4410 3477 4463 in

1907 4502 2112 4556 malitia
2139 4499 2374 4554 animam
2408 4500 2527 4570 ejus
2558 4502 2929 4572 quaesiverint,
2961 4502 3158 4571 quibus
3195 4500 3336 4556 Deus
3365 4517 3471 4555 non

1906 4593 2057 4660 praeit
2104 4592 2239 4654 dux,
2290 4591 2387 4645 sed
2438 4594 2485 4648 is
2535 4594 2626 4662 qui
2666 4592 2776 4648 Deo
2813 4594 3127 4649 contrarius
3172 4602 3274 4648 est.
3307 4592 3390 4648 0b
3420 4592 3477 4647 id

1905 4681 2039 4734 dicit
2073 4699 2086 4735 :
2120 4680 2198 4734 Illi
2238 4700 2255 4732 ι
2289 4697 2396 4736 non
2440 4692 2844 4753 preposuerunt
2886 4683 3056 4738 Deum
3086 4691 3214 4738 ante
3241 4699 3474 4754 conspe-

1905 4782 2053 4828 ctum
2095 4790 2278 4838 suum,
2311 4794 2329 4824 ›
2367 4791 2451 4827 me
2490 4791 2620 4830 vero
2668 4775 2813 4830 Deus
2860 4777 3101 4845 adjuvat,
3149 4784 3480 4830 convertens

1907 4865 2046 4917 mala
2090 4864 2156 4917 ad
2192 4867 2340 4933 ipsos
2387 4866 2610 4921 malitia:
2648 4875 2905 4922 auctores
2940 4874 3056 4930 :et,
3093 4887 3110 4918 ι
3145 4867 3204 4921 in
3243 4868 3475 4921 veritate

1904 4970 2001 5008 sua
2030 4955 2305 5024 disperdet
2338 4977 2355 5006 ι
2389 4973 2550 5011 οωηε
2597 4959 2730 5012 illud
2759 4959 2902 5027 quod
2933 4959 3145 5013 veritati
3187 4959 3474 5012 inimicum

1903 5053 1987 5100 est
2023 5055 2076 5101 ει
2117 5057 2461 5101 extraneum.
2524 5045 2633 5116 Ego
2675 5055 2862 5101 autem
2908 5047 3136 5112 nomini,
3165 5047 3362 5115 inquit,
3415 5048 3470 5100 in

1901 5153 2010 5206 quo
2041 5139 2284 5193 salvatus
2308 5155 2450 5205 sum,
2475 5143 2679 5209 gratias
2707 5155 2885 5209 agam,
2911 5141 3168 5208 quoniam
3207 5141 3349 5194 bona
3384 5149 3470 5195 est

1903 5232 2200 5300 gratiarum
2255 5233 2419 5296 actin,
2483 5234 2608 5300 quia
2667 5248 2940 5286 :ernmnas
2985 5241 3040 5286 et
3089 5232 3472 5286 tribulationes

1903 5323 2073 5383 evasi,
2107 5324 2395 5390 oculisque
2439 5324 2574 5377 meis
2602 5323 2942 5376 inimicorum
2986 5338 3227 5376 meorum
3264 5323 3472 5391 disper-

1901 5411 2162 5466 ditionem
2199 5412 2328 5466 vidi.
2360 5411 2482 5464 Ideo
2505 5413 2648 5466 enim
2676 5411 2958 5481 Propheta:
2990 5412 3187 5466 oculus
3208 5413 3467 5475 exsultat,
