3870 6220
389 244 485 299 571

1591 253 1644 305 S.
1670 252 1994 306 GREGORII
2037 251 2330 307 NYSSENI

3532 257 3646 311 572

387 357 532 426 quod
594 358 733 414 nihil
797 363 1031 432 amplius
1094 367 1278 420 virtuti
1343 369 1654 436 Oppositum
1717 378 1952 421 cernat:

2085 385 2187 438 της,
2231 369 2295 438 ἢν
2330 368 2702 441 ἀπέκτεινενή
2736 371 2927 442 εἰρήνη
2948 408 2963 433 ,
2997 368 3176 433 καθώς
3211 386 3372 439 φησιν
3406 372 3434 422 ὁ
3469 370 3646 422 Ἀπό-

387 449 599 502 sublata
644 451 788 504 enim
827 455 1053 523 malitia,
1088 473 1210 526 quae
1245 458 1448 511 inimici
1491 459 1611 511 loco
1645 465 1698 510 et
1734 457 1952 510 nomine

2062 459 2243 522 στολος
2257 473 2270 520 ;

387 543 574 596 virtuti
609 544 949 606 adversatur.
987 565 1094 604 non
1163 553 1400 622 amplius
1470 553 1811 622 relinquetur
1870 553 2219 608 inimicorum
2275 570 2475 610 nomen
2544 563 2599 610 et
2649 558 2932 612 memoria.
2985 555 3268 622 Quomodo
3317 557 3460 610 enim
3511 557 3648 623 quis

389 636 643 692 inimicus
688 643 1070 710 appellaretur,
1122 662 1229 700 non
1308 649 1540 717 amplius
1618 649 1977 718 gliscentibus
2035 659 2090 704 et
2159 651 2463 706 virentibus
2508 649 2846 716 inimicitiis,
2899 667 3036 721 quas
3077 649 3351 704 interemit
3389 665 3528 719 pax,
3587 661 3646 704 ut

388 729 464 781 ait
503 731 831 800 Apostolus?

459 826 721 883 Caeterum
755 839 812 884 ut
845 846 964 902 apte
1011 845 1064 890 et
1113 838 1294 893 debito
1327 842 1518 896 ordine
1569 859 1782 906 sensus,
1819 857 1955 912 quos

391 917 654 976 hactenus
687 929 1062 995 exposuimus,
1095 933 1276 986 verbis
1314 936 1505 1001 psalmi
1537 939 1955 990 acrommoden-

393 1020 500 1076 tur,
536 1014 706 1082 ipsam
739 1018 803 1070 ad
840 1021 1061 1074 verbum
1100 1023 1231 1092 lege,
1267 1040 1387 1094 quae
1435 1027 1626 1080 ordine
1655 1036 1737 1082 est
1794 1030 1956 1098 quin-

393 1106 707 1171 quagesima
759 1111 940 1174 tertia,
1015 1115 1393 1181 psalmodiam,
1453 1119 1674 1186 quando
1725 1117 1958 1188 Ziphaais

395 1198 645 1264 superior
681 1198 925 1260 effectus.
957 1207 1466 1275 contemplatusque
1515 1209 1731 1262 malitiae
1780 1211 1961 1264 omni-

395 1287 614 1343 modum
658 1290 954 1353 interitum.
995 1311 1186 1351 rursus
1214 1299 1266 1352 in
1308 1299 1579 1353 intellectu
1610 1303 1828 1370 superni
1865 1317 1962 1355 au—

398 1379 514 1431 xilii
548 1383 901 1443 constitutus.
934 1383 1040 1439 Deo
1077 1386 1334 1457 hymnum
1389 1391 1704 1460 epinicium.
1753 1402 1804 1445 et
1836 1408 1962 1446 car-

398 1487 520 1523 men
549 1473 828 1529 victoriale
867 1476 1117 1532 decantat
1147 1501 1160 1534 :
1209 1483 1288 1535 sic
1351 1487 1493 1537 enim
1528 1485 1730 1539 habent
1767 1487 1964 1540 inscri-

396 1565 599 1631 ptionis
635 1567 795 1620 verba
823 1588 836 1622 :
885 1588 902 1620 ι
942 1569 996 1626 lu
1033 1572 1189 1628 linem
1217 1577 1267 1628 in
1295 1579 1630 1634 carminibus
1657 1581 1962 1635 intellectus

403 1653 588 1708 David.
635 1677 654 1710 ι
690 1656 861 1714 Porro
897 1663 1038 1718 sicut
1070 1666 1122 1719 in
1154 1670 1560 1733 certaminibus,
1585 1688 1705 1742 qua:
1735 1688 1964 1741 corpore

2143 840 2231 902 Ὠς
2253 839 2297 892 δ’
2323 839 2387 892 ἂν
2421 837 2723 900 ἀκολούθως
2751 839 3120 908 ὲφαρμοσθείη
3152 839 3220 891 τά
3254 839 3484 909 ρηθέντα
3521 841 3649 909 νοή-

2063 948 2205 1002 ματα
2234 934 2344 994 τοῖς
2373 932 2575 1000 ῥήμασι
2619 930 2717 998 τῆς
2744 930 3082 1001 ψαλμῳδίας,
3114 931 3283 1000 αὐτὴν
3317 932 3408 983 ἐπὶ
3437 931 3651 994 λέξεως

2061 1022 2331 1089 ἀνάγνωθι
2384 1021 2482 1091 τὴν
2527 1019 2865 1091 ψαλμῳδίαν,
2913 1023 3010 1092 τὴν
3047 1025 3105 1074 ὲν
3155 1021 3232 1090 τῷ
3287 1023 3650 1091 πεντηκοστῷ

2061 1113 2226 1182 τρίτῳ
2244 1113 2383 1164 κατὰ
2401 1111 2459 1164 τὸ
2481 1112 2769 1164 ἀκόλουθον
2788 1114 3140 1182 τεταγμένην.
3159 1115 3246 1166 ὅτε
3257 1113 3362 1165 τῶν
3381 1114 3650 1184 Ζηιραίων

2066 1201 2165 1270 ἤδη
2199 1201 2462 1270 κρείττων
2487 1201 2796 1270 γενόμενος,
2824 1199 3018 1253 ἐπιδὼν
3038 1201 3134 1270 τὴν
3159 1206 3257 1272 τῆς
3285 1204 3475 1264 κακίας
3502 1221 3654 1255 παν-

2066 1290 2349 1360 ωλεθρίαν,
2399 1291 2560 1344 πάλιν
2608 1293 2665 1343 ἐν
2702 1292 2911 1345 συνέσει
2955 1292 3056 1361 τῆς
3104 1294 3306 1346 ἄνωθεν
3367 1296 3651 1357 καταστὰς

2070 1380 2403 1449 συμμαχίας,
2441 1379 2607 1450 ῦμνον
2632 1382 2894 1452 προσάγει
2929 1383 3004 1452 τῷ
3025 1383 3145 1453 Θεῷ
3173 1385 3449 1438 ἐπινίκιον.
3483 1385 3652 1438 οὕτω

2069 1471 2177 1540 γὰρ
2205 1474 2233 1524 ό
2263 1473 2360 1542 τῆς
2394 1473 2706 1543 ἐπιγραφῆς
2745 1473 2982 1544 περιέχει
3021 1475 3174 1542 λόγος
3193 1493 3206 1506 -
3232 1495 3250 1526 ι
3284 1478 3375 1539 Εἰς
3398 1478 3456 1530 τὸ
3486 1479 3652 1541 τέλος

2069 1563 2125 1614 ὲν
2157 1562 2345 1632 ῦμνοις
2385 1565 2650 1627 συνέσεως
2674 1564 2750 1635 τῷ
2782 1566 2959 1619 Δαὸίδ.
2997 1587 3016 1619 ι
3044 1568 3253 1638 Ὥσπερ
3275 1569 3329 1620 δὲ
3355 1570 3492 1622 κατά
3513 1572 3652 1633 τοὺς

2073 1655 2412 1724 σωματικοῦς
2458 1655 2694 1722 ἀγῶνας,
2743 1658 2802 1709 οὐ
2855 1660 2964 1720 τοῖς
3013 1659 3196 1721 αὐτοῖς
3233 1662 3543 1725 ἀντιπάλοις
3597 1665 3650 1714 οἱ

399 1745 778 1821 perﬁciuntur,
800 1767 907 1805 non
937 1758 1362 1824 congrediuntur
1389 1763 1598 1830 pugiles
1624 1779 1744 1816 cum
1771 1764 1961 1819 iisdem

2085 1745 2292 1815 ιθληταὶ
2339 1747 2763 1817 παραμένουσιν,
2800 1742 2875 1801 ὧν
2904 1750 2969 1802 ἂν
3015 1752 3072 1803 ὲν
3118 1751 3326 1820 νεότητι
3368 1751 3507 1805 κατά
3540 1753 3649 1822 τὴν

401 1836 751 1905 adversariis,
783 1859 921 1911 quos
975 1844 1276 1914 iuventutis
1340 1859 1582 1920 tempore
1630 1854 1964 1915 det-icerant,

401 1928 495 1981 sed
524 1938 685 1983 aucto
715 1933 926 2000 robore,
965 1937 1280 2008 viribusque
1328 1945 1680 2010 confirmatis,
1732 1946 1968 2015 majores

401 2025 454 2070 et
493 2019 782 2076 validiores
813 2026 1189 2092 antagonistas
1222 2029 1322 2083 sibi
1354 2031 1694 2100 deposcunt;
1733 2034 1841 2090 illis
1874 2034 1971 2090 de-

401 2109 582 2173 victis,
653 2128 778 2166 cum
841 2117 1314 2173 excellentiorihus
1367 2122 1547 2178 adhuc
1603 2125 1655 2178 in
1693 2126 1970 2194 pulverem

401 2199 764 2268 descendunt,
790 2221 1006 2276 semper
1037 2209 1231 2263 virium
1273 2212 1608 2268 incremento
1641 2218 1972 2271 convenien-

403 2299 486 2346 ter
519 2308 642 2347 cum
678 2297 1089 2355 robustioribus
1149 2303 1478 2358 adversariis
1510 2320 1730 2360 manum
1778 2323 1972 2364 conse-

405 2393 588 2440 rentes
618 2404 630 2438 :
664 2389 780 2456 pari
818 2392 998 2458 modo,
1029 2393 1122 2462 qui
1155 2402 1283 2448 tota
1316 2398 1480 2452 tantis
1513 2397 1762 2453 hostibus
1802 2401 1973 2455 victo-

406 2479 516 2534 rias
543 2482 860 2549 reportavit,
893 2484 1216 2542 illustriores
1245 2487 1424 2542 adhuc
1460 2491 1719 2547 victorias
1763 2494 1831 2548 ab
1866 2495 1973 2550 illis

405 2569 593 2635 refert,
625 2587 952 2644 congressus
988 2592 1111 2630 cum
1165 2579 1578 2644 celebrioribus,
1642 2585 1974 2656 majorisque

407 2662 646 2717 nominis
673 2671 726 2717 et
762 2664 918 2720 fama:
965 2672 1345 2738 autagouistis,
1383 2680 1437 2726 et
1481 2675 1552 2729 ob
1588 2676 1638 2730 id
1675 2679 1974 2745 agonothe-

406 2759 517 2803 tam
550 2751 618 2805 ad
684 2755 1011 2809 audiendum
1074 2758 1324 2821 advocat,
1354 2777 1477 2814 cum
1529 2765 1640 2819 ait:
1677 2785 1694 2817 ι
1745 2769 1972 2831 Exaudi,

411 2837 573 2905 Deus,
605 2843 906 2897 orationem
940 2861 1137 2910 meam,
1170 2857 1222 2902 et
1262 2865 1330 2903 ne
1365 2850 1681 2920 despexeris
1713 2855 1975 2924 depreca-

413 2933 612 2986 tionem
645 2950 818 2991 meam
859 2936 946 2992 ":
990 2957 1008 2990 ι
1039 2951 1331 3011 rogatque,
1375 2952 1433 2998 ut
1469 2945 1534 2997 ad
1575 2963 1808 3017 pugnant
1853 2951 1975 3004 arti-

414 3039 560 3076 mnm
593 3024 874 3080 advertat:
911 3049 927 3080 ι
975 3029 1219 3096 Intende,
1258 3052 1276 3085 ι
1339 3035 1534 3106 inquit,
1577 3059 1594 3090 (
1633 3041 1763 3094 mihi
1795 3050 1848 3096 et
1883 3059 1975 3096 ex-

413 3117 536 3170 audi
574 3132 678 3182 me,
725 3137 744 3170 ι
773 3129 1149 3192 monstratque
1180 3129 1539 3182 certaminum
1577 3147 1798 3186 suorum
1833 3135 1978 3187 labo-

416 3222 525 3270 res,
566 3222 834 3264 enarrans
869 3213 1146 3266 tristitiam
1178 3225 1230 3269 et
1269 3220 1740 3276 conturbationem
1764 3263 1778 3285 ,
1810 3233 1862 3278 ct
1896 3241 1984 3278 vo-

416 3313 534 3350 eam
591 3299 830 3365 inimici,
893 3312 946 3356 et
1005 3305 1411 3362 tribulationem
1473 3315 1792 3380 peccatoris.
1853 3315 1984 3381 Quae

417 3390 600 3443 omnia
631 3393 869 3446 ostendit
893 3396 1207 3451 certaminis
1239 3400 1452 3466 praesidi
1484 3403 1626 3458 velut
1651 3407 1984 3474 palaestricas

417 3481 682 3551 quasdam
707 3484 966 3540 victorias
993 3486 1058 3540 ab
1095 3487 1428 3544 adversariis
1458 3493 1678 3559 relatas,
1701 3504 1754 3550 et
1776 3497 1843 3549 ad
1873 3498 1986 3553 haec

419 3572 582 3626 etiam
611 3575 1084 3631 conturbationem
1111 3579 1313 3640 cordis.
1334 3588 1387 3634 et
1404 3582 1746 3640 formidinem
1771 3590 1986 3657 mortis,

419 3677 473 3720 et
499 3668 772 3731 timorem,
799 3677 851 3722 et
879 3679 1191 3734 tremorem,
1221 3681 1274 3725 et
1314 3675 1566 3730 tenebras
1598 3679 1762 3731 vitam
1815 3681 1987 3750 ipsius

421 3757 661 3826 undique
689 3759 1000 3828 complexas
1027 3779 1041 3828 ;
1073 3763 1274 3831 quibus
1302 3767 1558 3822 omnibus
1611 3785 1779 3824 unum
1819 3773 1872 3827 id
1905 3791 1990 3829 re-

422 3847 586 3902 medii
614 3849 841 3911 invenit.
867 3865 974 3918 quo
1004 3867 1070 3906 ex
1095 3853 1260 3910 rebus
1288 3863 1396 3908 tam
1424 3858 1640 3913 alllictis
1667 3873 1986 3933 emergeret,

422 3951 482 3992 nt
509 3940 758 4008 pernices
792 3941 1057 3996 columba:
1085 3945 1200 3999 alas
1231 3958 1555 4013 assumeret,
1593 3961 1646 4005 et
1707 3954 1762 4007 in
1822 3955 1988 4010 altum

424 4045 545 4084 sese
578 4031 810 4094 tolleret,
857 4040 910 4086 et
957 4034 1010 4086 in
1070 4049 1136 4089 eo
1194 4035 1312 4090 loco
1370 4040 1609 4094 volatum
1674 4043 1896 4100 sisteret
1929 4063 1992 4102 ac

424 4120 858 4188 conquiesceret,
885 4124 1036 4192 quia
1077 4126 1236 4179 malis
1281 4129 1534 4184 omnibus
1579 4147 1829 4198 securus,
1868 4151 1992 4204 per-

425 4219 589 4280 petuo
617 4211 978 4267 divinioribus
1012 4213 1174 4269 rebus
1198 4217 1550 4274 circumﬂuit.
1584 4219 1766 4291 lnquit
1794 4227 1939 4279 enim
1975 4245 1990 4281 :

431 4321 450 4352 ι
494 4301 666 4356 Mansi
699 4302 753 4355 in
795 4304 1112 4368 solitudine,
1171 4325 1191 4358 ι
1245 4315 1304 4360 ut
1353 4310 1424 4363 ibi
1459 4327 1489 4364 a
1549 4315 1995 4382 pusillanimitate

2070 1835 2404 1906 παλαίστραν
2437 1838 2802 1906 κρατήσωσιν,
2844 1838 2958 1890 ἀλλ’
2984 1839 3306 1910 αὐξηθείσης
3336 1843 3515 1903 αὐτοῖς
3541 1843 3652 1911 τῆς

2068 1929 2366 1998 δυνάμεως,
2408 1930 2544 2000 πρὸς
2573 1930 2821 1999 μείζονάς
2852 1948 2910 1984 τε
2945 1933 3038 1984 καὶ
3095 1934 3472 2003 ἰσχυροτέρους
3512 1935 3650 1986 ἀντ-

2070 2021 2374 2088 αγωνιστὰς
2392 2020 2731 2085 ἀποδύονται,
2755 2021 2854 2075 κᾶν
2871 2022 3092 2075 ἐκείνων
3112 2025 3478 2093 κρατήσωσιν,
3504 2025 3652 2077 κατά

2070 2113 2178 2165 τῶν
2215 2112 2586 2183 ὑπερεχόντων
2621 2114 2941 2181 κονίζονται,
2981 2117 3210 2169 πάντοτε
3248 2119 3311 2187 τῇ
3359 2119 3649 2188 προσθήκῃ

2069 2208 2168 2276 τῆς
2206 2205 2484 2274 δυνάμεως
2531 2207 2877 2276 καταλλήλως
2912 2207 3044 2278 πρὸς
3082 2209 3206 2271 τοὺς
3245 2208 3652 2279 δυνατωτέρους

2071 2299 2178 2352 τῶν
2209 2299 2514 2352 ἀντιπάλων
2553 2299 2974 2370 ἀγωνιζόμενοι·
3017 2299 3164 2354 κατά
3205 2301 3294 2353 τὸν
3335 2301 3495 2353 αὑτὸν
3525 2301 3653 2370 τρό-

2072 2409 2192 2455 πον,
2225 2393 2319 2444 atati.
2339 2393 2367 2444 ὁ
2391 2391 2478 2444 διὰ
2505 2391 2771 2444 τοσούτων
2795 2395 2910 2455 ταῖς
2933 2391 3072 2445 κατά
3098 2391 3206 2444 τῶν
3239 2391 3445 2462 ἐχθρῶν
3468 2392 3650 2454 νίκαις

2073 2483 2486 2554 ἐγγυμνασθεὶς.
2522 2483 2922 2553 ὲπισημοτέρας
2953 2482 3051 2546 τὰς
3071 2483 3225 2546 νίκας
3249 2483 3455 2536 ἑαυτῶν
3479 2484 3646 2544 ποιεῖ,

2076 2575 2211 2646 πρὸς
2239 2576 2364 2637 τοὺς
2395 2575 2821 2645 ὲπισημοτέρους
2852 2590 2911 2626 τε
2960 2574 3052 2626 καὶ
3089 2574 3339 2642 μείζονας
3379 2573 3488 2625 τῶν
3520 2574 3654 2626 ἀντ-

2074 2666 2388 2733 αγωνιστῶν
2410 2666 2870 2735 συμπλεκόμενος.
2901 2665 3010 2716 Καὶ
3041 2663 3127 2716 διὰ
3141 2664 3296 2716 τοῦτο
3321 2663 3650 2734 προσκαλεῖ-

2073 2774 2163 2811 ται
2191 2757 2289 2828 τὴν
2316 2757 2484 2828 ἀκοὴν
2512 2756 2603 2809 τοῦ
2630 2756 2986 2824 ἀγωνοθέτου,
3014 2755 3212 2823 λέγων’
3237 2775 3255 2805 ι
3279 2755 3582 2818 Ἐνώτισον,
3609 2747 3655 2805 ὧ

2075 2849 2227 2915 Θεὸς,
2247 2851 2344 2919 τὴν
2371 2851 2679 2921 προσευχήν
2707 2866 2829 2918 μου,
2851 2849 2945 2901 καὶ
2971 2847 3044 2917 μὴ
3071 2847 3326 2917 ὑπερίδῃς
3347 2848 3440 2917 τὴν
3468 2846 3658 2914 δέησίν

2081 2959 2201 3013 μου.
2235 2960 2253 2992 ι
2293 2942 2403 2994 Καὶ
2445 2943 2728 3011 προσέχειν
2758 2940 2919 2993 αὑτοῦ
2953 2943 3018 3010 τῇ
3064 2938 3284 3007 ἀθλήσει
3323 2937 3656 3008 παρακαλεῖ,

2085 3058 2100 3084 ι
2136 3032 2373 3104 Πρόσχες
2415 3049 2524 3101 μοι,
2585 3051 2602 3084 ι
2652 3033 2848 3100 λέγων,
2891 3050 2909 3084 ι
2959 3033 3052 3086 καὶ
3101 3031 3415 3084 εἰσάκουσόν
3463 3045 3587 3098 μου.
3634 3047 3653 3078 ι

2083 3125 2190 3177 Καὶ
2211 3124 2551 3176 ὑποδείκνυσι
2579 3124 2666 3176 διὰ
2701 3124 2796 3176 τοῦ
2827 3123 2984 3190 λόγου
3021 3123 3128 3176 τῶν
3158 3121 3382 3190 ἀγώνων
3409 3123 3533 3182 τοὺς
3561 3120 3665 3172 πό-

2081 3234 2224 3280 νους,
2254 3215 2427 3286 λύπην
2494 3216 2587 3269 καὶ
2615 3215 2947 3285 ἀδολεσχίαν,
2999 3216 3092 3267 καὶ
3133 3213 3375 3284 ταραχὴν
3411 3211 3661 3282 καρδίας,

2084 3312 2176 3363 καὶ
2208 3311 2388 3378 φωνὴν
2423 3308 2638 3379 ἐχθροῦ,
2675 3310 2769 3362 καὶ
2801 3309 2977 3376 θλίψιν
3013 3306 3334 3378 ἀμαρτωλοῦ
3369 3304 3664 3374 διηγούμε-

2085 3417 2191 3463 νος,
2215 3395 2325 3453 οἷόν
2352 3417 2471 3452 τινα
2503 3401 2828 3472 κρατήματα
2861 3399 3226 3470 παλαιστρικά
3258 3397 3668 3466 καταγινόμενα

2086 3490 2234 3562 παρὰ
2261 3491 2367 3543 τῶν
2397 3491 2910 3560 ἀνταγωνιζομένων
2940 3489 3087 3560 αὑτῷ
3115 3490 3189 3559 τῷ
3215 3488 3524 3558 ἀγωνοθέτῃ
3551 3491 3672 3539 ἐπι-

2086 3578 2447 3648 δεικνύμενος.
2479 3573 2587 3632 Καὶ
2623 3579 2701 3631 ἔτι
2739 3579 2874 3649 πρὸς
2903 3578 3113 3641 τούτοις
3141 3577 3368 3648 καρδίας
3395 3577 3666 3646 ταραχὴν,

2088 3669 2180 3720 καὶ
2206 3668 2404 3720 δειλίαν
2438 3667 2688 3730 θανάτου,
2720 3669 2814 3720 καὶ
2847 3669 3028 3737 φόϐον,
3061 3669 3156 3721 καὶ
3194 3667 3415 3738 τρόμον.
3455 3668 3548 3719 καὶ
3575 3667 3669 3729 ζό-

2090 3777 2187 3829 φον
2228 3759 2323 3829 τὴν
2356 3757 2498 3830 ζωὴν
2546 3759 2709 3812 αὑτοῦ
2743 3761 2920 3812 πᾶσαν
2965 3758 3302 3822 διαλαϐόντα,
3332 3751 3406 3810 ὧν
3446 3758 3671 3810 πάντων

2094 3849 2219 3917 μίαν
2253 3847 2493 3899 ἐπίνοιαν
2540 3846 2736 3918 εὑρατο
2768 3848 2903 3918 πρὸς
2945 3847 3005 3900 τὸ
3034 3849 3279 3917 κρεῖττόν
3317 3865 3374 3899 τε
3406 3849 3498 3900 καὶ
3527 3847 3670 3899 ἀνώ-

2090 3957 2245 4011 τερον
2275 3940 2372 4008 τῆς
2397 3937 2662 4008 τοσαύτης
2685 3937 2912 4006 συνοχῆς
2938 3936 3216 4005 γενέσθαι,
3234 3937 3294 3989 τὸ
3323 3936 3670 4008 πτερωθῆναι

2093 4030 2253 4083 αὐτὸν
2292 4033 2404 4092 τοῖς
2440 4029 2540 4098 τῆς
2577 4029 2903 4098 περιστερᾶς
2945 4027 3302 4098 ὠκυπτέροις,
3333 4028 3425 4080 καὶ
3467 4027 3671 4097 μετάρ-

2094 4139 2206 4174 σιον
2234 4123 2520 4192 γενόμενον
2545 4123 2659 4174 ἐκεῖ
2689 4121 2894 4174 παῦσαι
2933 4122 3032 4192 τὴν
3063 4124 3258 4192 πτῆσιν
3282 4123 3338 4174 ὲν
3374 4122 3564 4192 ἐκείνῳ
3590 4122 3672 4192 τῷ

2093 4211 2260 4280 τόπῳ,
2289 4211 2346 4272 ὃς
2379 4209 2485 4262 τῶν
2515 4209 2699 4262 κακῶν
2725 4210 2940 4262 πάντων
2967 4208 3169 4278 ἔρημος
3198 4207 3292 4271 ὢν,
3328 4207 3495 4277 θαλής
3523 4209 3673 4259 ἐστιν

2093 4305 2206 4366 τοῖς
2249 4303 2558 4373 θειοτέροις.
2594 4320 2614 4351 ‹
2644 4298 2923 4362 Αὑλισθεὶς
2967 4318 2985 4350 ι
3035 4299 3166 4369 γάρ,
3215 4299 3398 4366 φησὶν,
3434 4318 3451 4349 ι
3491 4300 3550 4350 ἐν
3602 4300 3670 4369 τῇ

427 4395 655 4464 spiritus
688 4411 807 4464 quae
839 4397 889 4449 in
923 4405 1090 4462 terra,
1126 4407 1178 4452 et
1225 4415 1254 4452 a
1290 4403 1544 4469 procellis
1603 4411 1979 4474 tentationum,

2099 4396 2287 4465 ἐρήμῳ
2322 4413 2340 4444 ι
2371 4395 2477 4446 ἀπὸ
2501 4395 2600 4464 τῆς
2628 4396 2778 4446 κάτω
2803 4391 3166 4460 όλιγοψυχίας,
3190 4391 3282 4442 καὶ
3306 4391 3410 4442 ἀπὸ
3434 4391 3533 4460 τῆς
3562 4391 3673 4443 τῶν

429 4486 524 4541 Dei
549 4503 670 4557 0pc,
701 4504 968 4555 servarer,
993 4492 1083 4544 ubi
1111 4495 1388 4547 evanescit
1411 4497 1587 4551 omnis
1610 4501 1834 4553 malitia.
1863 4501 1996 4556 Nam

431 4582 789 4650 praecipitatio
847 4582 899 4635 in
942 4598 1110 4646 mare,
1145 4586 1492 4642 abolitionem
1545 4599 1598 4644 et
1633 4593 1997 4650 interitionem

431 4670 717 4736 signiﬁcat.
756 4669 892 4735 Quia
945 4687 1108 4725 omne
1155 4673 1306 4734 illud.
1367 4677 1510 4744 quod
1576 4678 1628 4730 in
1671 4680 1997 4748 profundum

429 4760 782 4829 demergitur,
847 4765 1144 4823 evanescit,
1186 4773 1239 4817 et
1267 4780 1334 4818 ex
1367 4778 1660 4835 conspectu
1716 4771 1998 4824 hominum

431 4851 670 4920 eripitur
695 4869 709 4917 ;
743 4853 1058 4906 submersio
1092 4853 1257 4922 igitur
1284 4864 1336 4909 et
1363 4859 1630 4925 pernicies
1658 4865 1885 4928 peccati,
1918 4869 2002 4916 est

431 4943 720 4997 dissolutio
761 4945 1138 4998 concretiunis
1169 4947 1400 5014 peccati.
1438 4947 1730 5018 Propterea
1763 4952 1915 5015 dicit,
1967 4967 1998 5006 a

432 5035 542 5089 Deo
576 5035 902 5104 prmeipitari
934 5036 1194 5089 malitiam
1224 5037 1278 5090 in
1318 5054 1486 5100 mare,
1519 5056 1640 5093 cutn
1677 5041 1874 5096 dividit
1902 5044 2003 5097 lin-

431 5142 567 5196 guas
617 5141 806 5180 eorum
855 5126 948 5194 qui
1009 5126 1062 5179 in
1121 5127 1267 5181 malo
1317 5128 1658 5198 conspirant.
1695 5132 1811 5186 Alia
1869 5134 1995 5188 item

433 5217 618 5271 omnia
645 5231 766 5287 quae
797 5217 850 5270 in
879 5218 1070 5272 ordine
1104 5219 1348 5287 psalmus
1387 5221 1650 5284 continet,
1691 5233 1749 5275 ut
1781 5234 1863 5277 est
1902 5225 1999 5278 de-

435 5309 659 5377 scriptio
692 5309 930 5362 civitatis
965 5310 1220 5364 babitatae
1251 5325 1280 5362 a
1313 5312 1470 5365 malis
1503 5321 1556 5366 et
1586 5315 1770 5383 pravis
1801 5317 1998 5371 studiis

436 5407 490 5452 et
518 5398 804 5465 institutis,
836 5399 1026 5455 eodem
1059 5403 1352 5470 pertinent.
1396 5401 1586 5458 Refert
1639 5406 1783 5459 enim
1826 5408 2000 5463 malos

441 5486 606 5556 hujus
627 5487 865 5545 civitatis
895 5491 1124 5559 incolas,
1155 5492 1498 5565 iniquitatem
1534 5496 1764 5563 scilicet,
1794 5507 1849 5554 et
1867 5513 1999 5553 con-

516 5644 570 5678 ’⁸
613 5647 756 5703 Psal.
799 5665 906 5714 Liv,
936 5651 989 5704 2.

2100 4483 2421 4554 πειρασμῶν
2459 4481 2789 4548 καταιγίδος,
2823 4482 2936 4532 ἐκεῖ
2988 4479 3376 4548 προσδέξασθαι
3416 4479 3508 4532 τοῦ
3537 4479 3673 4533 Θεοῦ

2099 4575 2194 4646 τὴν
2226 4574 2517 4646 σωτηρίαν,
2549 4575 2680 4627 ὅπου
2711 4572 3086 4643 ἀφανίζεταιὴ
3119 4573 3306 4625 κακία.
3347 4573 3402 4626 Ὀ
3431 4573 3540 4644 γάρ
3572 4592 3675 4628 κα-

2098 4668 2460 4738 ταποντισμὸς
2505 4668 2595 4720 τὸν
2624 4665 2926 4734 ἀφανισμὸν
2950 4666 3242 4735 ἑρμηνεύει
3266 4681 3279 4695 ’
3309 4664 3442 4717 διότι
3481 4669 3588 4720 πᾶν
3616 4669 3677 4719 τὸ

2101 4762 2158 4813 ὲν
2182 4760 2326 4830 βυθῷ
2356 4759 2595 4828 γεγονὸς,
2619 4755 2954 4826 ἀφανίζεται.
2982 4757 3254 4828 Βυθισμὸς
3281 4752 3375 4809 οῦν
3403 4760 3677 4828 ἁμαρτίας

2102 4853 2216 4904 ἐστὶ
2253 4852 2347 4904 καὶ
2375 4850 2637 4914 ἀπώλεια,
2672 4852 2704 4920 ἡ
2728 4848 2821 4902 τοῦ
2853 4849 3184 4912 συνεστῶτος
3207 4850 3304 4919 τῆς
3333 4851 3531 4914 κακίας
3558 4853 3679 4904 διά-

2102 4942 2272 5005 λυσις.
2305 4943 2402 4995 Διά
2451 4942 2607 4995 τοῦτό
2655 4959 2785 5012 φησι
2834 4940 3322 5004 καταποντίζεσθαι
3381 4944 3530 5013 παρά
3581 4946 3678 4999 τοῦ

2103 5035 2237 5088 Θεοῦ
2266 5035 2324 5088 τὸ
2369 5037 2535 5089 κακὸν
2580 5037 2638 5088 ὲν
2669 5034 2747 5105 τῷ
2788 5034 3249 5104 καταδιαιρεῖσθαι
3297 5035 3397 5098 τὰς
3431 5037 3681 5104 γλώσσας

2105 5127 2212 5179 τῶν
2241 5127 2334 5178 ἐπὶ
2367 5127 2520 5196 κακῷ
2566 5125 3033 5196 συμφρονούντων.
3068 5123 3170 5176 Καὶ
3211 5126 3310 5177 ὅσα
3353 5127 3550 5198 ἐφεξῆς
3585 5147 3682 5185 πει

2112 5219 2278 5290 ριέχει
2448 5218 2764 5288 ψαλμῳδίας
2780 5217 2980 5286 ταύτης
2997 5215 3227 5280 διάνοια,
3248 5217 3345 5288 τὴν
3359 5219 3457 5286 τῆς
3475 5221 3681 5286 πόλεως

2111 5311 2450 5381 ὑπογραφὴν,
2469 5311 2565 5379 τὴν
2585 5309 2687 5361 ὑπὸ
2699 5309 2805 5360 τῶν
2829 5306 3077 5376 πονηρῶν
3093 5309 3536 5378 ἐπιτηδευμάτων
3555 5328 3682 5364 συν-

2111 5403 2441 5474 ῳκισμένην,
2467 5401 2641 5453 πάντα
2661 5399 2796 5470 πρὸς
2822 5398 2880 5450 τὸ
2895 5397 3026 5450 αὑτὸ
3050 5396 3256 5463 βλέπει.
3272 5399 3429 5464 Λέγει
3455 5400 3562 5468 γὰρ
3588 5401 3684 5452 καὶ

2105 5493 2495 5566 ἀπαριθμεῖται
2531 5493 2656 5556 τοὺς
2679 5490 2881 5554 κακοὺς
2917 5490 3016 5560 τῆς
3044 5487 3250 5553 πόλεως
3279 5489 3483 5560 ταύτης
3528 5491 3681 5560 οἰκῄ-
