  <div class='ocr_page' id='page_1' title='image "/cluster/home/n/w/nwhite01/storage/ocr_20150623/44/nnc1.0037127462/298.png"; bbox 0 0 3870 6220; ppageno 0'>
   <div class='ocr_carea' id='block_1_1' title="bbox 289 201 2112 260">
    <p class='ocr_par' dir='ltr' id='par_1_1' title="bbox 289 201 2112 260">
     <span class='ocr_line' id='line_1_1' title="bbox 289 201 2112 260; baseline 0.003 -6"><span class='ocrx_word' id='word_1_1' title='bbox 289 201 364 256; x_wconf 78' lang='lat'><strong>73</strong></span> <span class='ocrx_word' id='word_1_2' title='bbox 1673 201 1736 256; x_wconf 80' lang='lat' dir='ltr'><strong>IN</strong></span> <span class='ocrx_word' id='word_1_3' title='bbox 1777 202 2112 260; x_wconf 81' lang='lat' dir='ltr'><strong>PSALMOS.</strong></span> 
     </span>
    </p>
   </div>
   <div class='ocr_carea' id='block_1_2' title="bbox 3408 193 3513 248">
    <p class='ocr_par' dir='ltr' id='par_1_2' title="bbox 3408 193 3513 248">
     <span class='ocr_line' id='line_1_2' title="bbox 3408 193 3513 248; baseline -0.019 -1"><span class='ocrx_word' id='word_1_4' title='bbox 3408 193 3513 248; x_wconf 71' lang='grc' dir='ltr'>δτι</span> 
     </span>
    </p>
   </div>
   <div class='ocr_carea' id='block_1_3' title="bbox 245 311 1832 392">
    <p class='ocr_par' dir='ltr' id='par_1_3' title="bbox 245 319 1832 392">
     <span class='ocr_line' id='line_1_3' title="bbox 245 319 1832 392; baseline -0.001 -16"><span class='ocrx_word' id='word_1_5' title='bbox 245 338 444 392; x_wconf 80' lang='grc' dir='ltr'>τορας,</span> <span class='ocrx_word' id='word_1_6' title='bbox 481 319 708 390; x_wconf 79' lang='grc' dir='ltr'><strong>ἀνομίαν</strong></span> <span class='ocrx_word' id='word_1_7' title='bbox 751 319 923 389; x_wconf 84' lang='grc' dir='ltr'>λέγων</span> <span class='ocrx_word' id='word_1_8' title='bbox 961 321 1054 374; x_wconf 77' lang='grc' dir='ltr'>καὶ</span> <span class='ocrx_word' id='word_1_9' title='bbox 1099 319 1402 388; x_wconf 78' lang='grc' dir='ltr'>ἀντιλογίαν</span> <span class='ocrx_word' id='word_1_10' title='bbox 1443 319 1504 374; x_wconf 87' lang='grc' dir='ltr'><strong>ἐν</strong></span> <span class='ocrx_word' id='word_1_11' title='bbox 1545 322 1614 391; x_wconf 85' lang='grc' dir='ltr'>τῇ</span> <span class='ocrx_word' id='word_1_12' title='bbox 1682 320 1832 375; x_wconf 87' lang='grc' dir='ltr'>πόλει</span> 
     </span>
    </p>
   </div>
   <div class='ocr_carea' id='block_1_4' title="bbox 1936 311 3511 392">
    <p class='ocr_par' dir='ltr' id='par_1_4' title="bbox 1941 311 3511 388">
     <span class='ocr_line' id='line_1_4' title="bbox 1941 311 3511 388; baseline -0.006 -14"><span class='ocrx_word' id='word_1_13' title='bbox 1941 319 2346 383; x_wconf 88' lang='lat' dir='ltr'><strong>tradictioncm,</strong></span> <span class='ocrx_word' id='word_1_14' title='bbox 2381 331 2502 388; x_wconf 65' lang='lat' dir='ltr'><strong>qua:</strong></span> <span class='ocrx_word' id='word_1_15' title='bbox 2536 323 2702 372; x_wconf 89' lang='lat' dir='ltr'><strong>noctu</strong></span> <span class='ocrx_word' id='word_1_16' title='bbox 2728 313 2968 370; x_wconf 77' lang='lat' dir='ltr'><strong>civitatis</strong></span> <span class='ocrx_word' id='word_1_17' title='bbox 3021 326 3208 368; x_wconf 86' lang='lat' dir='ltr'><strong>muros</strong></span> <span class='ocrx_word' id='word_1_18' title='bbox 3266 311 3511 368; x_wconf 76' lang='lat' dir='ltr'><strong>circnm-</strong></span> 
     </span>
    </p>
   </div>
   <div class='ocr_carea' id='block_1_5' title="bbox 246 409 1838 481">
    <p class='ocr_par' dir='ltr' id='par_1_5' title="bbox 246 409 1838 481">
     <span class='ocr_line' id='line_1_5' title="bbox 246 409 1838 481; baseline -0.001 -18"><span class='ocrx_word' id='word_1_19' title='bbox 246 411 344 466; x_wconf 82' lang='grc' dir='ltr'>διὰ</span> <span class='ocrx_word' id='word_1_20' title='bbox 383 411 572 474; x_wconf 77' lang='grc' dir='ltr'>νυκτὸς</span> <span class='ocrx_word' id='word_1_21' title='bbox 627 409 1030 480; x_wconf 84' lang='grc' dir='ltr'><strong>περιπολούσας</strong></span> <span class='ocrx_word' id='word_1_22' title='bbox 1072 411 1132 462; x_wconf 82' lang='grc' dir='ltr'>τὸ</span> <span class='ocrx_word' id='word_1_23' title='bbox 1164 413 1361 481; x_wconf 87' lang='grc' dir='ltr'>τεῖχος,</span> <span class='ocrx_word' id='word_1_24' title='bbox 1395 409 1490 464; x_wconf 73' lang='grc' dir='ltr'>καὶ</span> <span class='ocrx_word' id='word_1_25' title='bbox 1530 409 1690 464; x_wconf 89' lang='grc' dir='ltr'>πάλιν</span> <span class='ocrx_word' id='word_1_26' title='bbox 1717 411 1838 462; x_wconf 85' lang='grc' dir='ltr'>ἀνο-</span> 
     </span>
    </p>
   </div>
   <div class='ocr_carea' id='block_1_6' title="bbox 250 502 1836 575">
    <p class='ocr_par' dir='ltr' id='par_1_6' title="bbox 250 502 1836 575">
     <span class='ocr_line' id='line_1_6' title="bbox 250 502 1836 575; baseline -0.001 -19"><span class='ocrx_word' id='word_1_27' title='bbox 250 505 412 575; x_wconf 86' lang='grc' dir='ltr'>μίαν,</span> <span class='ocrx_word' id='word_1_28' title='bbox 445 504 540 556; x_wconf 76' lang='grc' dir='ltr'>καὶ</span> <span class='ocrx_word' id='word_1_29' title='bbox 566 503 756 564; x_wconf 84' lang='grc' dir='ltr'><strong>κόπον,</strong></span> <span class='ocrx_word' id='word_1_30' title='bbox 793 504 889 554; x_wconf 75' lang='grc' dir='ltr'><strong>καὶ</strong></span> <span class='ocrx_word' id='word_1_31' title='bbox 933 502 1145 555; x_wconf 76' lang='grc' dir='ltr'><strong>ἀδικίαν</strong></span> <span class='ocrx_word' id='word_1_32' title='bbox 1181 503 1624 573; x_wconf 80' lang='grc' dir='ltr'>ἀνατρεφομένας</span> <span class='ocrx_word' id='word_1_33' title='bbox 1663 502 1722 554; x_wconf 84' lang='grc' dir='ltr'><strong>ἐν</strong></span> <span class='ocrx_word' id='word_1_34' title='bbox 1758 502 1836 574; x_wconf 81' lang='grc' dir='ltr'><strong>τῷ</strong></span> 
     </span>
    </p>
   </div>
   <div class='ocr_carea' id='block_1_7' title="bbox 250 593 1834 666">
    <p class='ocr_par' dir='ltr' id='par_1_7' title="bbox 250 593 1834 666">
     <span class='ocr_line' id='line_1_7' title="bbox 250 593 1834 666; baseline -0.001 -18"><span class='ocrx_word' id='word_1_35' title='bbox 250 595 412 666; x_wconf 83' lang='grc' dir='ltr'><strong>μέσῳ</strong></span> <span class='ocrx_word' id='word_1_36' title='bbox 437 595 530 648; x_wconf 80' lang='grc' dir='ltr'><strong>τοῦ</strong></span> <span class='ocrx_word' id='word_1_37' title='bbox 563 595 766 656; x_wconf 81' lang='grc' dir='ltr'><strong>ἄστεος.</strong></span> <span class='ocrx_word' id='word_1_38' title='bbox 807 593 1054 646; x_wconf 88' lang='grc' dir='ltr'>Δείκνυσι</span> <span class='ocrx_word' id='word_1_39' title='bbox 1092 594 1149 646; x_wconf 87' lang='grc' dir='ltr'>δὲ</span> <span class='ocrx_word' id='word_1_40' title='bbox 1187 595 1281 648; x_wconf 79' lang='grc' dir='ltr'>καὶ</span> <span class='ocrx_word' id='word_1_41' title='bbox 1313 593 1404 648; x_wconf 84' lang='grc' dir='ltr'>τὸν</span> <span class='ocrx_word' id='word_1_42' title='bbox 1437 593 1604 647; x_wconf 85' lang='grc' dir='ltr'>κακὸν</span> <span class='ocrx_word' id='word_1_43' title='bbox 1643 594 1834 664; x_wconf 86' lang='grc' dir='ltr'>δῆμον,</span> 
     </span>
    </p>
   </div>
   <div class='ocr_carea' id='block_1_8' title="bbox 245 680 1835 754">
    <p class='ocr_par' dir='ltr' id='par_1_8' title="bbox 245 680 1835 754">
     <span class='ocr_line' id='line_1_8' title="bbox 245 680 1835 754; baseline 0.003 -20"><span class='ocrx_word' id='word_1_44' title='bbox 245 680 347 735; x_wconf 80' lang='grc' dir='ltr'>τὸν</span> <span class='ocrx_word' id='word_1_45' title='bbox 372 681 473 744; x_wconf 85' lang='grc' dir='ltr'><strong>τάς</strong></span> <span class='ocrx_word' id='word_1_46' title='bbox 497 681 756 744; x_wconf 78' lang='grc' dir='ltr'><strong>πλατείας</strong></span> <span class='ocrx_word' id='word_1_47' title='bbox 789 681 962 750; x_wconf 88' lang='grc' dir='ltr'>αὑτῆς</span> <span class='ocrx_word' id='word_1_48' title='bbox 999 681 1308 752; x_wconf 84' lang='grc' dir='ltr'>πληροῦντα</span> <span class='ocrx_word' id='word_1_49' title='bbox 1330 699 1343 713; x_wconf 90' lang='grc'><strong>·</strong></span> <span class='ocrx_word' id='word_1_50' title='bbox 1372 683 1652 754; x_wconf 76' lang='grc' dir='ltr'><strong>ὀνομάζων</strong></span> <span class='ocrx_word' id='word_1_51' title='bbox 1679 684 1835 738; x_wconf 87' lang='grc' dir='ltr'><strong>τόκον</strong></span> 
     </span>
    </p>
   </div>
   <div class='ocr_carea' id='block_1_9' title="bbox 247 772 1835 844">
    <p class='ocr_par' dir='ltr' id='par_1_9' title="bbox 247 772 1835 844">
     <span class='ocr_line' id='line_1_9' title="bbox 247 772 1835 844; baseline 0.002 -19"><span class='ocrx_word' id='word_1_52' title='bbox 247 772 352 826; x_wconf 77' lang='grc' dir='ltr'>καὶ</span> <span class='ocrx_word' id='word_1_53' title='bbox 395 773 584 825; x_wconf 84' lang='grc' dir='ltr'><strong>δόλον·</strong></span> <span class='ocrx_word' id='word_1_54' title='bbox 618 773 707 826; x_wconf 78' lang='grc' dir='ltr'><strong>καὶ</strong></span> <span class='ocrx_word' id='word_1_55' title='bbox 752 772 958 826; x_wconf 82' lang='grc' dir='ltr'>τούτων</span> <span class='ocrx_word' id='word_1_56' title='bbox 993 773 1102 825; x_wconf 83' lang='grc' dir='ltr'>τῶν</span> <span class='ocrx_word' id='word_1_57' title='bbox 1150 773 1456 844; x_wconf 74' lang='grc' dir='ltr'><strong>εἰρημένων</strong></span> <span class='ocrx_word' id='word_1_58' title='bbox 1509 775 1724 828; x_wconf 88' lang='grc' dir='ltr'>πάντων</span> <span class='ocrx_word' id='word_1_59' title='bbox 1775 775 1835 828; x_wconf 86' lang='grc' dir='ltr'>τὸ</span> 
     </span>
    </p>
   </div>
   <div class='ocr_carea' id='block_1_10' title="bbox 249 859 1834 936">
    <p class='ocr_par' dir='ltr' id='par_1_10' title="bbox 249 859 1834 936">
     <span class='ocr_line' id='line_1_10' title="bbox 249 859 1834 936; baseline 0.001 -20"><span class='ocrx_word' id='word_1_60' title='bbox 249 863 584 934; x_wconf 84' lang='grc' dir='ltr'>βαρύτατον,</span> <span class='ocrx_word' id='word_1_61' title='bbox 617 865 715 934; x_wconf 82' lang='grc' dir='ltr'>τὴν</span> <span class='ocrx_word' id='word_1_62' title='bbox 739 865 1026 934; x_wconf 82' lang='grc' dir='ltr'><strong>ὑπόκρισιν</strong></span> <span class='ocrx_word' id='word_1_63' title='bbox 1055 859 1195 918; x_wconf 82' lang='grc' dir='ltr'>εἶναι</span> <span class='ocrx_word' id='word_1_64' title='bbox 1231 865 1400 934; x_wconf 82' lang='grc' dir='ltr'><strong>λέγει,</strong></span> <span class='ocrx_word' id='word_1_65' title='bbox 1427 867 1460 936; x_wconf 90' lang='grc' dir='ltr'>ἢ</span> <span class='ocrx_word' id='word_1_66' title='bbox 1491 863 1552 918; x_wconf 84' lang='grc' dir='ltr'>τὸ</span> <span class='ocrx_word' id='word_1_67' title='bbox 1585 865 1834 935; x_wconf 76' lang='grc' dir='ltr'>ίσόψυχόν</span> 
     </span>
    </p>
   </div>
   <div class='ocr_carea' id='block_1_11' title="bbox 246 953 1834 1026">
    <p class='ocr_par' dir='ltr' id='par_1_11' title="bbox 246 953 1834 1026">
     <span class='ocr_line' id='line_1_11' title="bbox 246 953 1834 1026; baseline 0.003 -21"><span class='ocrx_word' id='word_1_68' title='bbox 246 971 316 1005; x_wconf 86' lang='grc' dir='ltr'><strong>τε</strong></span> <span class='ocrx_word' id='word_1_69' title='bbox 352 953 446 1006; x_wconf 81' lang='grc' dir='ltr'>καὶ</span> <span class='ocrx_word' id='word_1_70' title='bbox 476 953 814 1024; x_wconf 73' lang='grc' dir='ltr'><strong>ἀγαπητικὸν</strong></span> <span class='ocrx_word' id='word_1_71' title='bbox 858 954 1194 1025; x_wconf 82' lang='grc' dir='ltr'><strong>ὑποδυομένη</strong></span> <span class='ocrx_word' id='word_1_72' title='bbox 1239 957 1446 1026; x_wconf 89' lang='grc' dir='ltr'>σχῆμα,</span> <span class='ocrx_word' id='word_1_73' title='bbox 1479 955 1709 1026; x_wconf 85' lang='grc' dir='ltr'>κρύπτει</span> <span class='ocrx_word' id='word_1_74' title='bbox 1742 957 1834 1009; x_wconf 76' lang='grc' dir='ltr'>τὸν</span> 
     </span>
    </p>
   </div>
   <div class='ocr_carea' id='block_1_12' title="bbox 247 1045 1833 1118">
    <p class='ocr_par' dir='ltr' id='par_1_12' title="bbox 247 1045 1833 1118">
     <span class='ocr_line' id='line_1_12' title="bbox 247 1045 1833 1118; baseline 0.002 -20"><span class='ocrx_word' id='word_1_75' title='bbox 247 1045 406 1098; x_wconf 82' lang='grc' dir='ltr'>δόλον</span> <span class='ocrx_word' id='word_1_76' title='bbox 445 1047 524 1116; x_wconf 83' lang='grc' dir='ltr'>τῷ</span> <span class='ocrx_word' id='word_1_77' title='bbox 565 1046 785 1117; x_wconf 80' lang='grc' dir='ltr'>χρηστῷ</span> <span class='ocrx_word' id='word_1_78' title='bbox 818 1047 1262 1118; x_wconf 86' lang='grc' dir='ltr'>προκαλύμματι.</span> <span class='ocrx_word' id='word_1_79' title='bbox 1300 1048 1400 1100; x_wconf 84' lang='grc' dir='ltr'>Διά</span> <span class='ocrx_word' id='word_1_80' title='bbox 1451 1047 1610 1102; x_wconf 78' lang='grc' dir='ltr'>τοῦτο</span> <span class='ocrx_word' id='word_1_81' title='bbox 1653 1049 1833 1114; x_wconf 79' lang='grc' dir='ltr'>ἀξίους</span> 
     </span>
    </p>
   </div>
   <div class='ocr_carea' id='block_1_13' title="bbox 247 1138 1835 1211">
    <p class='ocr_par' dir='ltr' id='par_1_13' title="bbox 247 1138 1835 1211">
     <span class='ocr_line' id='line_1_13' title="bbox 247 1138 1835 1211; baseline 0.001 -19"><span class='ocrx_word' id='word_1_82' title='bbox 247 1139 364 1192; x_wconf 77' lang='grc' dir='ltr'>τῶν</span> <span class='ocrx_word' id='word_1_83' title='bbox 391 1138 648 1192; x_wconf 85' lang='grc' dir='ltr'>τοιούτων</span> <span class='ocrx_word' id='word_1_84' title='bbox 675 1138 898 1192; x_wconf 85' lang='grc' dir='ltr'>ἐνοίκων</span> <span class='ocrx_word' id='word_1_85' title='bbox 931 1141 960 1192; x_wconf 90' lang='lat'><strong>6</strong></span> <span class='ocrx_word' id='word_1_86' title='bbox 990 1139 1196 1204; x_wconf 86' lang='grc' dir='ltr'>δίκαιος</span> <span class='ocrx_word' id='word_1_87' title='bbox 1221 1141 1414 1211; x_wconf 83' lang='grc' dir='ltr'>κριτὴς</span> <span class='ocrx_word' id='word_1_88' title='bbox 1436 1143 1562 1204; x_wconf 81' lang='grc' dir='ltr'>τοὺς</span> <span class='ocrx_word' id='word_1_89' title='bbox 1585 1141 1835 1205; x_wconf 86' lang='grc' dir='ltr'>ἐποίκους</span> 
     </span>
    </p>
   </div>
   <div class='ocr_carea' id='block_1_14' title="bbox 249 1229 1830 1303">
    <p class='ocr_par' dir='ltr' id='par_1_14' title="bbox 249 1229 1830 1303">
     <span class='ocr_line' id='line_1_14' title="bbox 249 1229 1830 1303; baseline 0.003 -21"><span class='ocrx_word' id='word_1_90' title='bbox 249 1230 556 1298; x_wconf 75' lang='grc' dir='ltr'>ἐκπέμπει.</span> <span class='ocrx_word' id='word_1_91' title='bbox 589 1229 776 1282; x_wconf 85' lang='grc' dir='ltr'>Βούλει</span> <span class='ocrx_word' id='word_1_92' title='bbox 809 1229 998 1300; x_wconf 83' lang='grc' dir='ltr'>μαθεῖν</span> <span class='ocrx_word' id='word_1_93' title='bbox 1031 1231 1100 1284; x_wconf 87' lang='grc' dir='ltr'><strong>τά</strong></span> <span class='ocrx_word' id='word_1_94' title='bbox 1128 1231 1238 1286; x_wconf 86' lang='grc' dir='ltr'><strong>τῶν</strong></span> <span class='ocrx_word' id='word_1_95' title='bbox 1273 1232 1530 1286; x_wconf 85' lang='grc' dir='ltr'>ἐποικίων</span> <span class='ocrx_word' id='word_1_96' title='bbox 1562 1233 1830 1303; x_wconf 82' lang='grc' dir='ltr'>ὀνόματα;</span> 
     </span>
    </p>
   </div>
   <div class='ocr_carea' id='block_1_15' title="bbox 257 1320 1832 1390">
    <p class='ocr_par' dir='ltr' id='par_1_15' title="bbox 257 1320 1832 1390">
     <span class='ocr_line' id='line_1_15' title="bbox 257 1320 1832 1390; baseline 0.003 -18"><span class='ocrx_word' id='word_1_97' title='bbox 257 1339 278 1372; x_wconf 78' lang='grc' dir='ltr'>ι</span> <span class='ocrx_word' id='word_1_98' title='bbox 318 1321 578 1384; x_wconf 85' lang='grc' dir='ltr'>Ἐλθέτω,</span> <span class='ocrx_word' id='word_1_99' title='bbox 612 1339 630 1372; x_wconf 79' lang='grc' dir='ltr'><strong>ι</strong></span> <span class='ocrx_word' id='word_1_100' title='bbox 656 1322 841 1390; x_wconf 78' lang='grc' dir='ltr'>φησὶν,</span> <span class='ocrx_word' id='word_1_101' title='bbox 879 1339 896 1371; x_wconf 78' lang='grc' dir='ltr'><strong>ι</strong></span> <span class='ocrx_word' id='word_1_102' title='bbox 933 1320 1160 1385; x_wconf 88' lang='grc' dir='ltr'>θάνατος</span> <span class='ocrx_word' id='word_1_103' title='bbox 1186 1324 1272 1374; x_wconf 82' lang='grc' dir='ltr'><strong>ἐπ’</strong></span> <span class='ocrx_word' id='word_1_104' title='bbox 1293 1324 1512 1386; x_wconf 82' lang='grc' dir='ltr'>αὐτοὺς,</span> <span class='ocrx_word' id='word_1_105' title='bbox 1533 1323 1628 1377; x_wconf 72' lang='grc' dir='ltr'>καὶ</span> <span class='ocrx_word' id='word_1_106' title='bbox 1661 1341 1832 1377; x_wconf 86' lang='grc' dir='ltr'>κατα-</span> 
     </span>
    </p>
   </div>
   <div class='ocr_carea' id='block_1_16' title="bbox 251 1411 1834 1485">
    <p class='ocr_par' dir='ltr' id='par_1_16' title="bbox 251 1411 1834 1485">
     <span class='ocr_line' id='line_1_16' title="bbox 251 1411 1834 1485; baseline 0.003 -22"><span class='ocrx_word' id='word_1_107' title='bbox 251 1411 510 1481; x_wconf 77' lang='grc' dir='ltr'>ϐήτωσαν</span> <span class='ocrx_word' id='word_1_108' title='bbox 530 1412 610 1474; x_wconf 86' lang='grc' dir='ltr'><strong>εἰς</strong></span> <span class='ocrx_word' id='word_1_109' title='bbox 638 1411 766 1482; x_wconf 76' lang='grc' dir='ltr'>ᾅδου</span> <span class='ocrx_word' id='word_1_110' title='bbox 797 1411 1014 1475; x_wconf 77' lang='grc' dir='ltr'>ζῶντες.</span> <span class='ocrx_word' id='word_1_111' title='bbox 1049 1431 1067 1464; x_wconf 73' lang='grc' dir='ltr'><strong>ι</strong></span> <span class='ocrx_word' id='word_1_112' title='bbox 1093 1415 1203 1467; x_wconf 80' lang='grc' dir='ltr'><strong>Καὶ</strong></span> <span class='ocrx_word' id='word_1_113' title='bbox 1223 1414 1398 1467; x_wconf 89' lang='grc' dir='ltr'>πάντα</span> <span class='ocrx_word' id='word_1_114' title='bbox 1421 1415 1548 1485; x_wconf 64' lang='grc' dir='ltr'><strong>περὶ¹</strong></span> <span class='ocrx_word' id='word_1_115' title='bbox 1569 1415 1746 1468; x_wconf 76' lang='grc' dir='ltr'>αὐτῶν</span> <span class='ocrx_word' id='word_1_116' title='bbox 1765 1416 1834 1468; x_wconf 82' lang='grc' dir='ltr'><strong>τὰ</strong></span> 
     </span>
    </p>
   </div>
   <div class='ocr_carea' id='block_1_17' title="bbox 251 1499 1830 1575">
    <p class='ocr_par' dir='ltr' id='par_1_17' title="bbox 251 1499 1830 1575">
     <span class='ocr_line' id='line_1_17' title="bbox 251 1499 1830 1575; baseline 0.003 -21"><span class='ocrx_word' id='word_1_117' title='bbox 251 1501 559 1570; x_wconf 82' lang='grc' dir='ltr'>σκυθρωπά</span> <span class='ocrx_word' id='word_1_118' title='bbox 578 1501 665 1554; x_wconf 80' lang='grc' dir='ltr'><strong>διὰ</strong></span> <span class='ocrx_word' id='word_1_119' title='bbox 680 1499 773 1554; x_wconf 81' lang='grc' dir='ltr'><strong>τοῦ</strong></span> <span class='ocrx_word' id='word_1_120' title='bbox 803 1503 963 1570; x_wconf 81' lang='grc' dir='ltr'>λόγου</span> <span class='ocrx_word' id='word_1_121' title='bbox 990 1503 1337 1572; x_wconf 81' lang='grc' dir='ltr'>παραδείξας,</span> <span class='ocrx_word' id='word_1_122' title='bbox 1361 1505 1556 1572; x_wconf 80' lang='grc' dir='ltr'>ἐπάγει</span> <span class='ocrx_word' id='word_1_123' title='bbox 1579 1507 1678 1575; x_wconf 83' lang='grc' dir='ltr'>τὴν</span> <span class='ocrx_word' id='word_1_124' title='bbox 1699 1506 1830 1574; x_wconf 91' lang='grc' dir='ltr'>γλυ-</span> 
     </span>
    </p>
   </div>
   <div class='ocr_carea' id='block_1_18' title="bbox 1799 1647 1811 1666">
    <p class='ocr_par' dir='ltr' id='par_1_18' title="bbox 1799 1647 1811 1666">
     <span class='ocr_line' id='line_1_18' title="bbox 1799 1647 1811 1666; baseline 0 0"><span class='ocrx_word' id='word_1_125' title='bbox 1799 1647 1811 1666; x_wconf 73' lang='grc' dir='ltr'><strong>ι</strong></span> 
     </span>
    </p>
   </div>
   <div class='ocr_carea' id='block_1_19' title="bbox 249 1587 1831 1666">
    <p class='ocr_par' dir='ltr' id='par_1_19' title="bbox 249 1587 1831 1666">
     <span class='ocr_line' id='line_1_19' title="bbox 249 1587 1831 1666; baseline 0.001 -22"><span class='ocrx_word' id='word_1_126' title='bbox 249 1593 410 1644; x_wconf 87' lang='grc' dir='ltr'>κεῖαν</span> <span class='ocrx_word' id='word_1_127' title='bbox 425 1592 640 1661; x_wconf 84' lang='grc' dir='ltr'>ἐκείνην</span> <span class='ocrx_word' id='word_1_128' title='bbox 657 1592 860 1662; x_wconf 83' lang='grc' dir='ltr'>φωνὴν,</span> <span class='ocrx_word' id='word_1_129' title='bbox 886 1595 943 1645; x_wconf 84' lang='grc' dir='ltr'><strong>ἐν</strong></span> <span class='ocrx_word' id='word_1_130' title='bbox 974 1587 1118 1666; x_wconf 77' lang='grc' dir='ltr'>καὶ</span> <span class='ocrx_word' id='word_1_131' title='bbox 1137 1592 1384 1662; x_wconf 85' lang='grc' dir='ltr'>νενίκηκε</span> <span class='ocrx_word' id='word_1_132' title='bbox 1403 1595 1498 1664; x_wconf 79' lang='grc' dir='ltr'>τὴν</span> <span class='ocrx_word' id='word_1_133' title='bbox 1516 1595 1666 1648; x_wconf 86' lang='grc' dir='ltr'>πόλιν</span> <span class='ocrx_word' id='word_1_134' title='bbox 1683 1594 1831 1666; x_wconf 85' lang='grc' dir='ltr'>αὑτῷ</span> 
     </span>
    </p>
   </div>
   <div class='ocr_carea' id='block_1_20' title="bbox 1943 403 3512 478">
    <p class='ocr_par' dir='ltr' id='par_1_20' title="bbox 1943 403 3512 478">
     <span class='ocr_line' id='line_1_20' title="bbox 1943 403 3512 478; baseline -0.008 -11"><span class='ocrx_word' id='word_1_135' title='bbox 1943 419 2115 477; x_wconf 87' lang='lat' dir='ltr'><strong>eunt;</strong></span> <span class='ocrx_word' id='word_1_136' title='bbox 2155 425 2350 464; x_wconf 86' lang='lat' dir='ltr'><strong>rursus</strong></span> <span class='ocrx_word' id='word_1_137' title='bbox 2377 408 2743 478; x_wconf 77' lang='lat' dir='ltr'><strong>iniquitatem,</strong></span> <span class='ocrx_word' id='word_1_138' title='bbox 2788 413 2842 461; x_wconf 90' lang='lat' dir='ltr'><strong>et</strong></span> <span class='ocrx_word' id='word_1_139' title='bbox 2875 405 3139 468; x_wconf 90' lang='lat' dir='ltr'><strong>laborem,</strong></span> <span class='ocrx_word' id='word_1_140' title='bbox 3186 411 3244 462; x_wconf 90' lang='lat' dir='ltr'><strong>et</strong></span> <span class='ocrx_word' id='word_1_141' title='bbox 3295 403 3512 471; x_wconf 89' lang='lat' dir='ltr'><strong>injusti-</strong></span> 
     </span>
    </p>
   </div>
   <div class='ocr_carea' id='block_1_21' title="bbox 1943 494 3514 556">
    <p class='ocr_par' dir='ltr' id='par_1_21' title="bbox 1943 494 3514 556">
     <span class='ocr_line' id='line_1_21' title="bbox 1943 494 3514 556; baseline -0.007 0"><span class='ocrx_word' id='word_1_142' title='bbox 1943 503 2072 556; x_wconf 88' lang='lat' dir='ltr'><strong>tiam</strong></span> <span class='ocrx_word' id='word_1_143' title='bbox 2105 502 2399 556; x_wconf 89' lang='lat' dir='ltr'><strong>enutritam</strong></span> <span class='ocrx_word' id='word_1_144' title='bbox 2436 500 2490 554; x_wconf 88' lang='lat' dir='ltr'><strong>in</strong></span> <span class='ocrx_word' id='word_1_145' title='bbox 2519 499 2698 554; x_wconf 90' lang='lat' dir='ltr'><strong>medio</strong></span> <span class='ocrx_word' id='word_1_146' title='bbox 2727 497 3002 552; x_wconf 85' lang='lat' dir='ltr'><strong>civitatis:</strong></span> <span class='ocrx_word' id='word_1_147' title='bbox 3042 495 3280 550; x_wconf 87' lang='lat' dir='ltr'><strong>ostendit</strong></span> <span class='ocrx_word' id='word_1_148' title='bbox 3310 503 3364 547; x_wconf 88' lang='lat' dir='ltr'><strong>et</strong></span> <span class='ocrx_word' id='word_1_149' title='bbox 3409 494 3514 546; x_wconf 88' lang='lat' dir='ltr'><strong>im-</strong></span> 
     </span>
    </p>
   </div>
   <div class='ocr_carea' id='block_1_22' title="bbox 1942 585 3510 660">
    <p class='ocr_par' dir='ltr' id='par_1_22' title="bbox 1942 585 3510 660">
     <span class='ocr_line' id='line_1_22' title="bbox 1942 585 3510 660; baseline -0.005 -18"><span class='ocrx_word' id='word_1_150' title='bbox 1942 589 2174 660; x_wconf 88' lang='lat' dir='ltr'><strong>probum</strong></span> <span class='ocrx_word' id='word_1_151' title='bbox 2215 588 2476 658; x_wconf 85' lang='lat' dir='ltr'><strong>populum</strong></span> <span class='ocrx_word' id='word_1_152' title='bbox 2520 587 2612 656; x_wconf 90' lang='lat' dir='ltr'><strong>qui</strong></span> <span class='ocrx_word' id='word_1_153' title='bbox 2647 588 2855 657; x_wconf 83' lang='lat' dir='ltr'><strong>plateas</strong></span> <span class='ocrx_word' id='word_1_154' title='bbox 2891 585 3011 652; x_wconf 87' lang='lat' dir='ltr'><strong>ejus</strong></span> <span class='ocrx_word' id='word_1_155' title='bbox 3063 585 3318 652; x_wconf 84' lang='lat' dir='ltr'><strong>complet,</strong></span> <span class='ocrx_word' id='word_1_156' title='bbox 3348 597 3510 652; x_wconf 85' lang='lat' dir='ltr'><strong>quem</strong></span> 
     </span>
    </p>
   </div>
   <div class='ocr_carea' id='block_1_23' title="bbox 1943 676 3512 744">
    <p class='ocr_par' dir='ltr' id='par_1_23' title="bbox 1943 676 3512 744">
     <span class='ocr_line' id='line_1_23' title="bbox 1943 676 3512 744; baseline -0.007 -8"><span class='ocrx_word' id='word_1_157' title='bbox 1943 683 2193 736; x_wconf 90' lang='lat' dir='ltr'><strong>nominat</strong></span> <span class='ocrx_word' id='word_1_158' title='bbox 2219 693 2443 736; x_wconf 90' lang='lat' dir='ltr'><strong>usuram</strong></span> <span class='ocrx_word' id='word_1_159' title='bbox 2507 687 2564 734; x_wconf 90' lang='lat' dir='ltr'><strong>et</strong></span> <span class='ocrx_word' id='word_1_160' title='bbox 2619 678 2826 744; x_wconf 90' lang='lat' dir='ltr'><strong>dolum,</strong></span> <span class='ocrx_word' id='word_1_161' title='bbox 2859 695 2956 734; x_wconf 90' lang='lat' dir='ltr'><strong>seu</strong></span> <span class='ocrx_word' id='word_1_162' title='bbox 2983 676 3250 738; x_wconf 88' lang='lat' dir='ltr'><strong>fraudem,</strong></span> <span class='ocrx_word' id='word_1_163' title='bbox 3285 683 3339 730; x_wconf 91' lang='lat' dir='ltr'><strong>et</strong></span> <span class='ocrx_word' id='word_1_164' title='bbox 3391 688 3512 744; x_wconf 75' lang='lat' dir='ltr'><strong>qua:</strong></span> 
     </span>
    </p>
   </div>
   <div class='ocr_carea' id='block_1_24' title="bbox 1943 769 3513 842">
    <p class='ocr_par' dir='ltr' id='par_1_24' title="bbox 1943 769 3513 842">
     <span class='ocr_line' id='line_1_24' title="bbox 1943 769 3513 842; baseline -0.006 -14"><span class='ocrx_word' id='word_1_165' title='bbox 1943 775 2186 828; x_wconf 88' lang='lat' dir='ltr'><strong>omnium</strong></span> <span class='ocrx_word' id='word_1_166' title='bbox 2232 772 2558 842; x_wconf 75' lang='lat' dir='ltr'><strong>gravissima</strong></span> <span class='ocrx_word' id='word_1_167' title='bbox 2597 773 2768 842; x_wconf 87' lang='lat' dir='ltr'><strong>pestis</strong></span> <span class='ocrx_word' id='word_1_168' title='bbox 2821 779 2924 834; x_wconf 90' lang='lat' dir='ltr'><strong>est,</strong></span> <span class='ocrx_word' id='word_1_169' title='bbox 2987 769 3344 840; x_wconf 76' lang='lat' dir='ltr'><strong>hypocrisim,</strong></span> <span class='ocrx_word' id='word_1_170' title='bbox 3391 781 3513 836; x_wconf 76' lang='lat' dir='ltr'><strong>quae</strong></span> 
     </span>
    </p>
   </div>
   <div class='ocr_carea' id='block_1_25' title="bbox 1944 856 3509 918">
    <p class='ocr_par' dir='ltr' id='par_1_25' title="bbox 1944 856 3509 918">
     <span class='ocr_line' id='line_1_25' title="bbox 1944 856 3509 918; baseline -0.007 0"><span class='ocrx_word' id='word_1_171' title='bbox 1944 865 2111 918; x_wconf 89' lang='lat' dir='ltr'><strong>animi</strong></span> <span class='ocrx_word' id='word_1_172' title='bbox 2143 863 2562 918; x_wconf 87' lang='lat' dir='ltr'><strong>consensionem</strong></span> <span class='ocrx_word' id='word_1_173' title='bbox 2619 870 2672 916; x_wconf 92' lang='lat' dir='ltr'><strong>et</strong></span> <span class='ocrx_word' id='word_1_174' title='bbox 2703 860 3052 915; x_wconf 86' lang='lat' dir='ltr'><strong>dilectionem</strong></span> <span class='ocrx_word' id='word_1_175' title='bbox 3108 858 3295 912; x_wconf 90' lang='lat' dir='ltr'><strong>habitu</strong></span> <span class='ocrx_word' id='word_1_176' title='bbox 3334 856 3509 910; x_wconf 84' lang='lat' dir='ltr'><strong>simu-</strong></span> 
     </span>
    </p>
   </div>
   <div class='ocr_carea' id='block_1_26' title="bbox 1944 952 3510 1024">
    <p class='ocr_par' dir='ltr' id='par_1_26' title="bbox 1944 952 3510 1024">
     <span class='ocr_line' id='line_1_26' title="bbox 1944 952 3510 1024; baseline -0.008 -13"><span class='ocrx_word' id='word_1_177' title='bbox 1944 959 2085 1019; x_wconf 91' lang='lat' dir='ltr'><strong>lans,</strong></span> <span class='ocrx_word' id='word_1_178' title='bbox 2123 955 2366 1008; x_wconf 87' lang='lat' dir='ltr'><strong>fraudem</strong></span> <span class='ocrx_word' id='word_1_179' title='bbox 2396 954 2626 1024; x_wconf 86' lang='lat' dir='ltr'><strong>pulchro</strong></span> <span class='ocrx_word' id='word_1_180' title='bbox 2659 961 2970 1023; x_wconf 79' lang='lat' dir='ltr'><strong>legumento</strong></span> <span class='ocrx_word' id='word_1_181' title='bbox 3011 952 3188 1006; x_wconf 89' lang='lat' dir='ltr'><strong>velat:</strong></span> <span class='ocrx_word' id='word_1_182' title='bbox 3221 957 3510 1019; x_wconf 78' lang='lat' dir='ltr'><strong>prepterca</strong></span> 
     </span>
    </p>
   </div>
   <div class='ocr_carea' id='block_1_27' title="bbox 1943 1039 3513 1120">
    <p class='ocr_par' dir='ltr' id='par_1_27' title="bbox 1943 1039 3513 1120">
     <span class='ocr_line' id='line_1_27' title="bbox 1943 1039 3513 1120; baseline -0.008 -16"><span class='ocrx_word' id='word_1_183' title='bbox 1943 1050 2141 1120; x_wconf 76' lang='lat' dir='ltr'><strong>dignos</strong></span> <span class='ocrx_word' id='word_1_184' title='bbox 2163 1047 2476 1117; x_wconf 87' lang='lat' dir='ltr'><strong>hujusmodi</strong></span> <span class='ocrx_word' id='word_1_185' title='bbox 2509 1047 2704 1102; x_wconf 90' lang='lat' dir='ltr'><strong>incolis</strong></span> <span class='ocrx_word' id='word_1_186' title='bbox 2737 1046 2906 1099; x_wconf 87' lang='lat' dir='ltr'><strong>mittit</strong></span> <span class='ocrx_word' id='word_1_187' title='bbox 2932 1045 3117 1114; x_wconf 88' lang='lat' dir='ltr'><strong>justus</strong></span> <span class='ocrx_word' id='word_1_188' title='bbox 3153 1042 3318 1112; x_wconf 81' lang='lat' dir='ltr'><strong>judex</strong></span> <span class='ocrx_word' id='word_1_189' title='bbox 3357 1039 3513 1092; x_wconf 85' lang='lat' dir='ltr'><strong>adve-</strong></span> 
     </span>
    </p>
   </div>
   <div class='ocr_carea' id='block_1_28' title="bbox 1941 1138 3512 1208">
    <p class='ocr_par' dir='ltr' id='par_1_28' title="bbox 1941 1138 3512 1208">
     <span class='ocr_line' id='line_1_28' title="bbox 1941 1138 3512 1208; baseline -0.007 -12"><span class='ocrx_word' id='word_1_190' title='bbox 1941 1157 2060 1196; x_wconf 87' lang='lat' dir='ltr'><strong>nas.</strong></span> <span class='ocrx_word' id='word_1_191' title='bbox 2095 1138 2190 1194; x_wconf 82' lang='lat' dir='ltr'><strong>Vis</strong></span> <span class='ocrx_word' id='word_1_192' title='bbox 2222 1140 2364 1193; x_wconf 89' lang='lat' dir='ltr'><strong>scire</strong></span> <span class='ocrx_word' id='word_1_193' title='bbox 2391 1153 2640 1208; x_wconf 68' lang='lat' dir='ltr'><strong>quaenam</strong></span> <span class='ocrx_word' id='word_1_194' title='bbox 2680 1138 2792 1191; x_wconf 90' lang='lat' dir='ltr'><strong>sint</strong></span> <span class='ocrx_word' id='word_1_195' title='bbox 2834 1138 3025 1190; x_wconf 87' lang='lat' dir='ltr'><strong>horum</strong></span> <span class='ocrx_word' id='word_1_196' title='bbox 3056 1143 3386 1189; x_wconf 81' lang='lat' dir='ltr'><strong>advenarum</strong></span> <span class='ocrx_word' id='word_1_197' title='bbox 3415 1147 3512 1185; x_wconf 83' lang='lat' dir='ltr'><strong>no-</strong></span> 
     </span>
    </p>
   </div>
   <div class='ocr_carea' id='block_1_29' title="bbox 1941 1223 3509 1298">
    <p class='ocr_par' dir='ltr' id='par_1_29' title="bbox 1941 1223 3509 1298">
     <span class='ocr_line' id='line_1_29' title="bbox 1941 1223 3509 1298; baseline -0.007 -11"><span class='ocrx_word' id='word_1_198' title='bbox 1941 1233 2131 1287; x_wconf 88' lang='lat' dir='ltr'><strong>mina?</strong></span> <span class='ocrx_word' id='word_1_199' title='bbox 2157 1250 2176 1282; x_wconf 78' lang='grc' dir='ltr'><strong>ι</strong></span> <span class='ocrx_word' id='word_1_200' title='bbox 2223 1229 2414 1286; x_wconf 73' lang='lat' dir='ltr'><strong>Veniat</strong></span> <span class='ocrx_word' id='word_1_201' title='bbox 2447 1246 2595 1285; x_wconf 89' lang='lat' dir='ltr'><strong>mors</strong></span> <span class='ocrx_word' id='word_1_202' title='bbox 2628 1245 2793 1298; x_wconf 85' lang='lat' dir='ltr'><strong>super</strong></span> <span class='ocrx_word' id='word_1_203' title='bbox 2823 1229 2967 1288; x_wconf 87' lang='lat' dir='ltr'><strong>illos.</strong></span> <span class='ocrx_word' id='word_1_204' title='bbox 3007 1235 3063 1281; x_wconf 90' lang='lat' dir='ltr'><strong>et</strong></span> <span class='ocrx_word' id='word_1_205' title='bbox 3093 1225 3427 1280; x_wconf 82' lang='lat' dir='ltr'><strong>descendant</strong></span> <span class='ocrx_word' id='word_1_206' title='bbox 3455 1223 3509 1276; x_wconf 92' lang='lat' dir='ltr'><strong>in</strong></span> 
     </span>
    </p>
   </div>
   <div class='ocr_carea' id='block_1_30' title="bbox 1941 1320 3508 1390">
    <p class='ocr_par' dir='ltr' id='par_1_30' title="bbox 1941 1320 3508 1390">
     <span class='ocr_line' id='line_1_30' title="bbox 1941 1320 3508 1390; baseline -0.006 -12"><span class='ocrx_word' id='word_1_207' title='bbox 1941 1323 2216 1378; x_wconf 85' lang='lat' dir='ltr'><strong>infernum</strong></span> <span class='ocrx_word' id='word_1_208' title='bbox 2239 1323 2544 1378; x_wconf 66' lang='lat' dir='ltr'><strong>viventes.»</strong></span> <span class='ocrx_word' id='word_1_209' title='bbox 2561 1323 2810 1390; x_wconf 89' lang='lat' dir='ltr'><strong>Cumque</strong></span> <span class='ocrx_word' id='word_1_210' title='bbox 2831 1320 3012 1374; x_wconf 92' lang='lat' dir='ltr'><strong>omnia</strong></span> <span class='ocrx_word' id='word_1_211' title='bbox 3041 1320 3216 1374; x_wconf 88' lang='lat' dir='ltr'><strong>tristia</strong></span> <span class='ocrx_word' id='word_1_212' title='bbox 3243 1325 3298 1372; x_wconf 92' lang='lat' dir='ltr'><strong>et</strong></span> <span class='ocrx_word' id='word_1_213' title='bbox 3317 1331 3508 1386; x_wconf 86' lang='lat' dir='ltr'><strong>aspera</strong></span> 
     </span>
    </p>
   </div>
   <div class='ocr_carea' id='block_1_31' title="bbox 1941 1409 3507 1484">
    <p class='ocr_par' dir='ltr' id='par_1_31' title="bbox 1941 1409 3507 1484">
     <span class='ocr_line' id='line_1_31' title="bbox 1941 1409 3507 1484; baseline -0.006 -16"><span class='ocrx_word' id='word_1_214' title='bbox 1941 1415 2077 1484; x_wconf 91' lang='lat' dir='ltr'><strong>ipsis</strong></span> <span class='ocrx_word' id='word_1_215' title='bbox 2102 1421 2362 1469; x_wconf 81' lang='lat' dir='ltr'><strong>eventura</strong></span> <span class='ocrx_word' id='word_1_216' title='bbox 2393 1411 2846 1474; x_wconf 87' lang='lat' dir='ltr'><strong>demonstrasset,</strong></span> <span class='ocrx_word' id='word_1_217' title='bbox 2897 1411 3082 1465; x_wconf 87' lang='lat' dir='ltr'><strong>emisit</strong></span> <span class='ocrx_word' id='word_1_218' title='bbox 3115 1409 3328 1463; x_wconf 87' lang='lat' dir='ltr'><strong>dulcem</strong></span> <span class='ocrx_word' id='word_1_219' title='bbox 3363 1409 3507 1460; x_wconf 88' lang='lat' dir='ltr'><strong>illam</strong></span> 
     </span>
    </p>
   </div>
   <div class='ocr_carea' id='block_1_32' title="bbox 1939 1499 3510 1572">
    <p class='ocr_par' dir='ltr' id='par_1_32' title="bbox 1939 1499 3510 1572">
     <span class='ocr_line' id='line_1_32' title="bbox 1939 1499 3510 1572; baseline -0.006 -13"><span class='ocrx_word' id='word_1_220' title='bbox 1939 1521 2161 1570; x_wconf 88' lang='lat' dir='ltr'><strong>vocem,</strong></span> <span class='ocrx_word' id='word_1_221' title='bbox 2197 1520 2302 1572; x_wconf 91' lang='lat' dir='ltr'><strong>qua</strong></span> <span class='ocrx_word' id='word_1_222' title='bbox 2339 1511 2393 1559; x_wconf 93' lang='lat' dir='ltr'><strong>et</strong></span> <span class='ocrx_word' id='word_1_223' title='bbox 2430 1504 2703 1558; x_wconf 87' lang='lat' dir='ltr'><strong>civitatem</strong></span> <span class='ocrx_word' id='word_1_224' title='bbox 2733 1503 2882 1557; x_wconf 89' lang='lat' dir='ltr'><strong>illam</strong></span> <span class='ocrx_word' id='word_1_225' title='bbox 2915 1516 3038 1556; x_wconf 88' lang='lat' dir='ltr'><strong>cum</strong></span> <span class='ocrx_word' id='word_1_226' title='bbox 3079 1507 3194 1554; x_wconf 88' lang='lat' dir='ltr'><strong>tota</strong></span> <span class='ocrx_word' id='word_1_227' title='bbox 3235 1514 3333 1554; x_wconf 89' lang='lat' dir='ltr'><strong>sua</strong></span> <span class='ocrx_word' id='word_1_228' title='bbox 3371 1499 3510 1552; x_wconf 85' lang='lat' dir='ltr'><strong>mul-</strong></span> 
     </span>
    </p>
   </div>
   <div class='ocr_carea' id='block_1_33' title="bbox 1939 1589 3510 1678">
    <p class='ocr_par' dir='ltr' id='par_1_33' title="bbox 1939 1589 3510 1678">
     <span class='ocr_line' id='line_1_33' title="bbox 1939 1589 3510 1678; baseline -0.004 -28"><span class='ocrx_word' id='word_1_229' title='bbox 1939 1597 2171 1650; x_wconf 90' lang='lat' dir='ltr'><strong>titudine</strong></span> <span class='ocrx_word' id='word_1_230' title='bbox 2198 1596 2327 1650; x_wconf 80' lang='lat' dir='ltr'><strong>vicit</strong></span> <span class='ocrx_word' id='word_1_231' title='bbox 2358 1615 2368 1650; x_wconf 93' lang='lat'><strong>:</strong></span> <span class='ocrx_word' id='word_1_232' title='bbox 2405 1614 2424 1646; x_wconf 72' lang='grc' dir='ltr'><strong>ι</strong></span> <span class='ocrx_word' id='word_1_233' title='bbox 2463 1595 2572 1664; x_wconf 76' lang='lat' dir='ltr'><strong>Ego</strong></span> <span class='ocrx_word' id='word_1_234' title='bbox 2603 1601 2783 1678; x_wconf 83' lang='lat' dir='ltr'><strong>autem</strong></span> <span class='ocrx_word' id='word_1_235' title='bbox 2827 1595 2881 1648; x_wconf 91' lang='lat' dir='ltr'><strong>in</strong></span> <span class='ocrx_word' id='word_1_236' title='bbox 2921 1601 2974 1648; x_wconf 89' lang='lat' dir='ltr'><strong>te</strong></span> <span class='ocrx_word' id='word_1_237' title='bbox 3007 1593 3260 1664; x_wconf 86' lang='lat' dir='ltr'><strong>sperabo.</strong></span> <span class='ocrx_word' id='word_1_238' title='bbox 3297 1611 3316 1644; x_wconf 72' lang='grc' dir='ltr'><strong>ι</strong></span> <span class='ocrx_word' id='word_1_239' title='bbox 3371 1589 3510 1646; x_wconf 71' lang='grc' dir='ltr'>Τιιιυο</span> 
     </span>
    </p>
   </div>
   <div class='ocr_carea' id='block_1_34' title="bbox 249 1683 1832 1758">
    <p class='ocr_par' dir='ltr' id='par_1_34' title="bbox 249 1683 1832 1758">
     <span class='ocr_line' id='line_1_34' title="bbox 249 1683 1832 1758; baseline 0.003 -24"><span class='ocrx_word' id='word_1_240' title='bbox 249 1683 610 1754; x_wconf 74' lang='grc' dir='ltr'>πληρώματι,</span> <span class='ocrx_word' id='word_1_241' title='bbox 635 1684 844 1751; x_wconf 80' lang='grc' dir='ltr'>λέγων’</span> <span class='ocrx_word' id='word_1_242' title='bbox 864 1702 881 1734; x_wconf 87' lang='grc' dir='ltr'><strong>ι</strong></span> <span class='ocrx_word' id='word_1_243' title='bbox 931 1684 1072 1751; x_wconf 87' lang='grc' dir='ltr'><strong>Ἐγὼ</strong></span> <span class='ocrx_word' id='word_1_244' title='bbox 1107 1684 1163 1737; x_wconf 79' lang='grc' dir='ltr'>δὲ</span> <span class='ocrx_word' id='word_1_245' title='bbox 1197 1685 1367 1737; x_wconf 80' lang='grc' dir='ltr'>ἐλπιῶ</span> <span class='ocrx_word' id='word_1_246' title='bbox 1407 1686 1499 1738; x_wconf 74' lang='grc' dir='ltr'><strong>ἐπὶ</strong></span> <span class='ocrx_word' id='word_1_247' title='bbox 1533 1686 1612 1738; x_wconf 84' lang='grc' dir='ltr'>σέ.</span> <span class='ocrx_word' id='word_1_248' title='bbox 1645 1707 1662 1738; x_wconf 72' lang='grc' dir='ltr'><strong>ι</strong></span> <span class='ocrx_word' id='word_1_249' title='bbox 1691 1687 1832 1758; x_wconf 82' lang='grc' dir='ltr'><strong>Πλή-</strong></span> 
     </span>
    </p>
   </div>
   <div class='ocr_carea' id='block_1_35' title="bbox 1936 1683 3509 1758">
    <p class='ocr_par' dir='ltr' id='par_1_35' title="bbox 1937 1683 3509 1755">
     <span class='ocr_line' id='line_1_35' title="bbox 1937 1683 3509 1755; baseline -0.003 -14"><span class='ocrx_word' id='word_1_250' title='bbox 1937 1688 2058 1742; x_wconf 90' lang='lat' dir='ltr'><strong>bam</strong></span> <span class='ocrx_word' id='word_1_251' title='bbox 2113 1703 2242 1741; x_wconf 89' lang='lat' dir='ltr'><strong>vero</strong></span> <span class='ocrx_word' id='word_1_252' title='bbox 2296 1687 2534 1740; x_wconf 90' lang='lat' dir='ltr'><strong>civitatis</strong></span> <span class='ocrx_word' id='word_1_253' title='bbox 2597 1687 2846 1740; x_wconf 88' lang='lat' dir='ltr'><strong>nominat</strong></span> <span class='ocrx_word' id='word_1_254' title='bbox 2887 1686 3036 1738; x_wconf 87' lang='lat' dir='ltr'><strong>viros</strong></span> <span class='ocrx_word' id='word_1_255' title='bbox 3089 1683 3415 1755; x_wconf 78' lang='lat' dir='ltr'><strong>sanguinum</strong></span> <span class='ocrx_word' id='word_1_256' title='bbox 3456 1695 3509 1736; x_wconf 89' lang='lat' dir='ltr'><strong>ct</strong></span> 
     </span>
    </p>
   </div>
   <div class='ocr_carea' id='block_1_36' title="bbox 249 1775 1830 1848">
    <p class='ocr_par' dir='ltr' id='par_1_36' title="bbox 249 1775 1830 1848">
     <span class='ocr_line' id='line_1_36' title="bbox 249 1775 1830 1848; baseline 0.001 -20"><span class='ocrx_word' id='word_1_257' title='bbox 249 1793 420 1848; x_wconf 88' lang='grc' dir='ltr'>ρωμα</span> <span class='ocrx_word' id='word_1_258' title='bbox 454 1775 512 1828; x_wconf 77' lang='grc' dir='ltr'>δὲ</span> <span class='ocrx_word' id='word_1_259' title='bbox 543 1776 690 1844; x_wconf 85' lang='grc' dir='ltr'>λέγει</span> <span class='ocrx_word' id='word_1_260' title='bbox 717 1777 814 1847; x_wconf 86' lang='grc' dir='ltr'><strong>τῆς</strong></span> <span class='ocrx_word' id='word_1_261' title='bbox 843 1777 1046 1839; x_wconf 87' lang='grc' dir='ltr'>πόλεως</span> <span class='ocrx_word' id='word_1_262' title='bbox 1083 1777 1306 1847; x_wconf 87' lang='grc' dir='ltr'>ταύτης,</span> <span class='ocrx_word' id='word_1_263' title='bbox 1333 1777 1530 1847; x_wconf 82' lang='grc' dir='ltr'>ἄνδρας</span> <span class='ocrx_word' id='word_1_264' title='bbox 1559 1778 1830 1847; x_wconf 79' lang='grc' dir='ltr'>αἱμάτων,</span> 
     </span>
    </p>
   </div>
   <div class='ocr_carea' id='block_1_37' title="bbox 247 1863 1835 1940">
    <p class='ocr_par' dir='ltr' id='par_1_37' title="bbox 247 1863 1835 1940">
     <span class='ocr_line' id='line_1_37' title="bbox 247 1863 1835 1940; baseline 0.001 -21"><span class='ocrx_word' id='word_1_265' title='bbox 247 1866 350 1919; x_wconf 81' lang='grc' dir='ltr'>καὶ</span> <span class='ocrx_word' id='word_1_266' title='bbox 377 1865 699 1935; x_wconf 87' lang='grc' dir='ltr'>δολιότητος,</span> <span class='ocrx_word' id='word_1_267' title='bbox 725 1868 852 1929; x_wconf 82' lang='grc' dir='ltr'>τοὺς</span> <span class='ocrx_word' id='word_1_268' title='bbox 876 1866 1026 1920; x_wconf 77' lang='grc' dir='ltr'>οὐδὲν</span> <span class='ocrx_word' id='word_1_269' title='bbox 1049 1863 1183 1931; x_wconf 72' lang='grc' dir='ltr'>εἶδος</span> <span class='ocrx_word' id='word_1_270' title='bbox 1214 1869 1454 1938; x_wconf 81' lang='grc' dir='ltr'>πονηρᾶς</span> <span class='ocrx_word' id='word_1_271' title='bbox 1480 1868 1690 1939; x_wconf 79' lang='grc' dir='ltr'>ἡμέρας</span> <span class='ocrx_word' id='word_1_272' title='bbox 1714 1871 1835 1940; x_wconf 76' lang='grc' dir='ltr'>ἡμι-</span> 
     </span>
    </p>
   </div>
   <div class='ocr_carea' id='block_1_38' title="bbox 250 1958 1836 2031">
    <p class='ocr_par' dir='ltr' id='par_1_38' title="bbox 250 1958 1836 2031">
     <span class='ocr_line' id='line_1_38' title="bbox 250 1958 1836 2031; baseline 0.003 -21"><span class='ocrx_word' id='word_1_273' title='bbox 250 1958 533 2022; x_wconf 88' lang='grc' dir='ltr'>σεύοντας,</span> <span class='ocrx_word' id='word_1_274' title='bbox 563 1959 685 2013; x_wconf 87' lang='grc' dir='ltr'>οὑδὲ</span> <span class='ocrx_word' id='word_1_275' title='bbox 709 1959 874 2030; x_wconf 84' lang='grc' dir='ltr'>ἀτελῆ</span> <span class='ocrx_word' id='word_1_276' title='bbox 906 1960 1004 2030; x_wconf 81' lang='grc' dir='ltr'>τὴν</span> <span class='ocrx_word' id='word_1_277' title='bbox 1041 1961 1302 2030; x_wconf 86' lang='grc' dir='ltr'>πονηρίαν</span> <span class='ocrx_word' id='word_1_278' title='bbox 1334 1961 1836 2031; x_wconf 81' lang='grc' dir='ltr'>ἐπιδεικνυμένους,</span> 
     </span>
    </p>
   </div>
   <div class='ocr_carea' id='block_1_39' title="bbox 249 2046 1835 2122">
    <p class='ocr_par' dir='ltr' id='par_1_39' title="bbox 249 2046 1835 2122">
     <span class='ocr_line' id='line_1_39' title="bbox 249 2046 1835 2122; baseline 0.002 -21"><span class='ocrx_word' id='word_1_279' title='bbox 249 2049 372 2101; x_wconf 85' lang='grc' dir='ltr'>ἀλλ’</span> <span class='ocrx_word' id='word_1_280' title='bbox 442 2051 500 2102; x_wconf 89' lang='grc' dir='ltr'><strong>ἐν</strong></span> <span class='ocrx_word' id='word_1_281' title='bbox 535 2049 614 2119; x_wconf 84' lang='grc' dir='ltr'>τῷ</span> <span class='ocrx_word' id='word_1_282' title='bbox 645 2049 801 2120; x_wconf 79' lang='grc' dir='ltr'>κακῷ</span> <span class='ocrx_word' id='word_1_283' title='bbox 829 2051 890 2103; x_wconf 84' lang='grc' dir='ltr'>τὸ</span> <span class='ocrx_word' id='word_1_284' title='bbox 911 2051 1112 2104; x_wconf 87' lang='grc' dir='ltr'>τέλειον</span> <span class='ocrx_word' id='word_1_285' title='bbox 1143 2052 1382 2122; x_wconf 74' lang='grc' dir='ltr'>ἔχοντας,</span> <span class='ocrx_word' id='word_1_286' title='bbox 1409 2046 1482 2105; x_wconf 82' lang='grc' dir='ltr'><strong>ὧν</strong></span> <span class='ocrx_word' id='word_1_287' title='bbox 1505 2052 1720 2106; x_wconf 88' lang='grc' dir='ltr'>πάντων</span> <span class='ocrx_word' id='word_1_288' title='bbox 1757 2071 1835 2104; x_wconf 91' lang='grc' dir='ltr'>νι-</span> 
     </span>
    </p>
   </div>
   <div class='ocr_carea' id='block_1_40' title="bbox 249 2133 1833 2214">
    <p class='ocr_par' dir='ltr' id='par_1_40' title="bbox 249 2133 1833 2214">
     <span class='ocr_line' id='line_1_40' title="bbox 249 2133 1833 2214; baseline 0 -22"><span class='ocrx_word' id='word_1_289' title='bbox 249 2140 430 2210; x_wconf 80' lang='grc' dir='ltr'>κητὴς</span> <span class='ocrx_word' id='word_1_290' title='bbox 461 2139 670 2208; x_wconf 83' lang='grc' dir='ltr'>γίνεται</span> <span class='ocrx_word' id='word_1_291' title='bbox 707 2143 772 2212; x_wconf 83' lang='grc' dir='ltr'><strong>τῇ</strong></span> <span class='ocrx_word' id='word_1_292' title='bbox 813 2141 911 2211; x_wconf 80' lang='grc' dir='ltr'><strong>μιᾷ</strong></span> <span class='ocrx_word' id='word_1_293' title='bbox 934 2140 1106 2214; x_wconf 84' lang='grc' dir='ltr'>ταύτῃ</span> <span class='ocrx_word' id='word_1_294' title='bbox 1132 2143 1304 2212; x_wconf 83' lang='grc' dir='ltr'>φωνῇ,</span> <span class='ocrx_word' id='word_1_295' title='bbox 1339 2133 1399 2192; x_wconf 76' lang='grc' dir='ltr'>οὗ</span> <span class='ocrx_word' id='word_1_296' title='bbox 1441 2141 1540 2210; x_wconf 88' lang='grc' dir='ltr'>τὴν</span> <span class='ocrx_word' id='word_1_297' title='bbox 1577 2141 1712 2210; x_wconf 75' lang='grc' dir='ltr'>πρὸς</span> <span class='ocrx_word' id='word_1_298' title='bbox 1742 2141 1833 2194; x_wconf 79' lang='grc' dir='ltr'>τὸν</span> 
     </span>
    </p>
   </div>
   <div class='ocr_carea' id='block_1_41' title="bbox 247 2231 1834 2304">
    <p class='ocr_par' dir='ltr' id='par_1_41' title="bbox 247 2231 1834 2304">
     <span class='ocr_line' id='line_1_41' title="bbox 247 2231 1834 2304; baseline 0.001 -20"><span class='ocrx_word' id='word_1_299' title='bbox 247 2231 388 2284; x_wconf 79' lang='grc' dir='ltr'>Θεὸν</span> <span class='ocrx_word' id='word_1_300' title='bbox 421 2231 757 2304; x_wconf 84' lang='grc' dir='ltr'>καταμηνύει</span> <span class='ocrx_word' id='word_1_301' title='bbox 791 2232 1053 2298; x_wconf 84' lang='grc' dir='ltr'>διάθεσιν,</span> <span class='ocrx_word' id='word_1_302' title='bbox 1095 2233 1268 2300; x_wconf 83' lang='grc' dir='ltr'>λέγων</span> <span class='ocrx_word' id='word_1_303' title='bbox 1293 2249 1306 2261; x_wconf 93' lang='grc'><strong>·</strong></span> <span class='ocrx_word' id='word_1_304' title='bbox 1339 2251 1358 2283; x_wconf 85' lang='grc'><strong><em>‹</em></strong></span> <span class='ocrx_word' id='word_1_305' title='bbox 1409 2232 1550 2301; x_wconf 87' lang='grc' dir='ltr'>Ἐγὼ</span> <span class='ocrx_word' id='word_1_306' title='bbox 1577 2232 1634 2286; x_wconf 86' lang='grc' dir='ltr'>δὲ</span> <span class='ocrx_word' id='word_1_307' title='bbox 1663 2233 1834 2285; x_wconf 89' lang='grc' dir='ltr'>ἐλπιῶ</span> 
     </span>
    </p>
   </div>
   <div class='ocr_carea' id='block_1_42' title="bbox 247 2321 526 2376">
    <p class='ocr_par' dir='ltr' id='par_1_42' title="bbox 247 2321 526 2376">
     <span class='ocr_line' id='line_1_42' title="bbox 247 2321 526 2376; baseline -0.004 -1"><span class='ocrx_word' id='word_1_308' title='bbox 247 2321 347 2376; x_wconf 70' lang='grc' dir='ltr'>ἐπὶ</span> <span class='ocrx_word' id='word_1_309' title='bbox 381 2325 460 2376; x_wconf 81' lang='grc' dir='ltr'>σέ.</span> <span class='ocrx_word' id='word_1_310' title='bbox 506 2341 526 2374; x_wconf 74' lang='grc' dir='ltr'><strong>ι</strong></span> 
     </span>
    </p>
   </div>
   <div class='ocr_carea' id='block_1_43' title="bbox 773 2415 1308 2469">
    <p class='ocr_par' dir='ltr' id='par_1_43' title="bbox 773 2415 1308 2469">
     <span class='ocr_line' id='line_1_43' title="bbox 773 2415 1308 2469; baseline 0.002 -2"><span class='ocrx_word' id='word_1_311' title='bbox 773 2415 1172 2469; x_wconf 83' lang='grc' dir='ltr'><strong>ΚΕΦΑΛΑΙΟΝ</strong></span> <span class='ocrx_word' id='word_1_312' title='bbox 1211 2417 1308 2468; x_wconf 84' lang='grc' dir='ltr'><strong>1Δ’.</strong></span> 
     </span>
    </p>
   </div>
   <div class='ocr_carea' id='block_1_44' title="bbox 322 2501 1834 2576">
    <p class='ocr_par' dir='ltr' id='par_1_44' title="bbox 322 2501 1834 2576">
     <span class='ocr_line' id='line_1_44' title="bbox 322 2501 1834 2576; baseline 0.001 -22"><span class='ocrx_word' id='word_1_313' title='bbox 322 2501 546 2566; x_wconf 86' lang='grc' dir='ltr'>Τούτοις</span> <span class='ocrx_word' id='word_1_314' title='bbox 575 2502 816 2556; x_wconf 85' lang='grc' dir='ltr'>ἐπελθὼν</span> <span class='ocrx_word' id='word_1_315' title='bbox 852 2507 966 2567; x_wconf 85' lang='grc' dir='ltr'>τοῖς</span> <span class='ocrx_word' id='word_1_316' title='bbox 988 2506 1254 2576; x_wconf 88' lang='grc' dir='ltr'>νοήμασιν</span> <span class='ocrx_word' id='word_1_317' title='bbox 1289 2507 1318 2558; x_wconf 98' lang='lat'><strong>6</strong></span> <span class='ocrx_word' id='word_1_318' title='bbox 1341 2503 1646 2574; x_wconf 85' lang='grc' dir='ltr'>φιλόπονος,</span> <span class='ocrx_word' id='word_1_319' title='bbox 1674 2502 1834 2566; x_wconf 82' lang='grc' dir='ltr'>αὐτὸς</span> 
     </span>
    </p>
   </div>
   <div class='ocr_carea' id='block_1_45' title="bbox 247 2594 1830 2667">
    <p class='ocr_par' dir='ltr' id='par_1_45' title="bbox 247 2594 1830 2667">
     <span class='ocr_line' id='line_1_45' title="bbox 247 2594 1830 2667; baseline 0 -19"><span class='ocrx_word' id='word_1_320' title='bbox 247 2594 550 2662; x_wconf 80' lang='grc' dir='ltr'>ἀναγνώτω</span> <span class='ocrx_word' id='word_1_321' title='bbox 589 2596 658 2649; x_wconf 89' lang='grc' dir='ltr'><strong>τά</strong></span> <span class='ocrx_word' id='word_1_322' title='bbox 703 2596 1034 2650; x_wconf 86' lang='grc' dir='ltr'>θεόπνευστα</span> <span class='ocrx_word' id='word_1_323' title='bbox 1073 2597 1174 2667; x_wconf 87' lang='grc' dir='ltr'><strong>τῆς</strong></span> <span class='ocrx_word' id='word_1_324' title='bbox 1219 2595 1539 2666; x_wconf 75' lang='grc' dir='ltr'>ψαλμῳδίας</span> <span class='ocrx_word' id='word_1_325' title='bbox 1591 2596 1830 2667; x_wconf 79' lang='grc' dir='ltr'>ῥήματα,</span> 
     </span>
    </p>
   </div>
   <div class='ocr_carea' id='block_1_46' title="bbox 246 2688 1832 2763">
    <p class='ocr_par' dir='ltr' id='par_1_46' title="bbox 246 2688 1832 2763">
     <span class='ocr_line' id='line_1_46' title="bbox 246 2688 1832 2763; baseline 0.002 -23"><span class='ocrx_word' id='word_1_326' title='bbox 246 2688 326 2751; x_wconf 82' lang='grc' dir='ltr'>ὡς</span> <span class='ocrx_word' id='word_1_327' title='bbox 353 2689 420 2742; x_wconf 83' lang='grc' dir='ltr'>ἂν</span> <span class='ocrx_word' id='word_1_328' title='bbox 445 2689 520 2760; x_wconf 79' lang='grc' dir='ltr'>μὴ</span> <span class='ocrx_word' id='word_1_329' title='bbox 547 2690 612 2743; x_wconf 80' lang='grc' dir='ltr'><strong>δι’</strong></span> <span class='ocrx_word' id='word_1_330' title='bbox 641 2691 796 2762; x_wconf 79' lang='grc' dir='ltr'>ἡμῶν</span> <span class='ocrx_word' id='word_1_331' title='bbox 821 2691 974 2761; x_wconf 80' lang='grc' dir='ltr'>ὄχλος</span> <span class='ocrx_word' id='word_1_332' title='bbox 997 2693 1368 2763; x_wconf 81' lang='grc' dir='ltr'>ἐπεισαχθείη,</span> <span class='ocrx_word' id='word_1_333' title='bbox 1397 2691 1472 2762; x_wconf 83' lang='grc' dir='ltr'>τῷ</span> <span class='ocrx_word' id='word_1_334' title='bbox 1495 2692 1672 2744; x_wconf 88' lang='grc' dir='ltr'>πάντα</span> <span class='ocrx_word' id='word_1_335' title='bbox 1691 2691 1832 2744; x_wconf 86' lang='grc' dir='ltr'><strong>κατά</strong></span> 
     </span>
    </p>
   </div>
   <div class='ocr_carea' id='block_1_47' title="bbox 247 2777 1832 2854">
    <p class='ocr_par' dir='ltr' id='par_1_47' title="bbox 247 2777 1832 2854">
     <span class='ocr_line' id='line_1_47' title="bbox 247 2777 1832 2854; baseline 0.001 -24"><span class='ocrx_word' id='word_1_336' title='bbox 247 2777 398 2842; x_wconf 82' lang='grc' dir='ltr'>λέξιν</span> <span class='ocrx_word' id='word_1_337' title='bbox 454 2779 786 2850; x_wconf 87' lang='grc' dir='ltr'>ἐκτιθεμένῳ</span> <span class='ocrx_word' id='word_1_338' title='bbox 837 2783 929 2833; x_wconf 80' lang='grc' dir='ltr'>καὶ</span> <span class='ocrx_word' id='word_1_339' title='bbox 985 2781 1275 2851; x_wconf 85' lang='grc' dir='ltr'>μηκύνοντι</span> <span class='ocrx_word' id='word_1_340' title='bbox 1323 2783 1422 2854; x_wconf 84' lang='grc' dir='ltr'>τὴν</span> <span class='ocrx_word' id='word_1_341' title='bbox 1478 2784 1564 2850; x_wconf 77' lang='grc' dir='ltr'>ἐφ’</span> <span class='ocrx_word' id='word_1_342' title='bbox 1617 2783 1832 2852; x_wconf 85' lang='grc' dir='ltr'>ἑκάστῳ</span> 
     </span>
    </p>
   </div>
   <div class='ocr_carea' id='block_1_48' title="bbox 248 2872 1832 2946">
    <p class='ocr_par' dir='ltr' id='par_1_48' title="bbox 248 2872 1832 2946">
     <span class='ocr_line' id='line_1_48' title="bbox 248 2872 1832 2946; baseline 0.001 -22"><span class='ocrx_word' id='word_1_343' title='bbox 248 2873 486 2940; x_wconf 77' lang='grc' dir='ltr'>νοήματι</span> <span class='ocrx_word' id='word_1_344' title='bbox 535 2872 784 2942; x_wconf 83' lang='grc' dir='ltr'>Θεωρίαν.</span> <span class='ocrx_word' id='word_1_345' title='bbox 823 2875 1032 2946; x_wconf 86' lang='grc' dir='ltr'>’Ὠσπερ</span> <span class='ocrx_word' id='word_1_346' title='bbox 1065 2874 1122 2926; x_wconf 86' lang='grc' dir='ltr'>δὲ</span> <span class='ocrx_word' id='word_1_347' title='bbox 1169 2878 1218 2928; x_wconf 88' lang='grc' dir='ltr'>οί</span> <span class='ocrx_word' id='word_1_348' title='bbox 1268 2875 1365 2946; x_wconf 85' lang='grc' dir='ltr'>τὴν</span> <span class='ocrx_word' id='word_1_349' title='bbox 1408 2877 1660 2946; x_wconf 82' lang='grc' dir='ltr'>ἀνωφερῆ</span> <span class='ocrx_word' id='word_1_350' title='bbox 1737 2875 1832 2929; x_wconf 77' lang='grc' dir='ltr'>καὶ</span> 
     </span>
    </p>
   </div>
   <div class='ocr_carea' id='block_1_49' title="bbox 245 2961 1830 3038">
    <p class='ocr_par' dir='ltr' id='par_1_49' title="bbox 245 2961 1830 3038">
     <span class='ocr_line' id='line_1_49' title="bbox 245 2961 1830 3038; baseline 0.005 -25"><span class='ocrx_word' id='word_1_351' title='bbox 245 2961 615 3033; x_wconf 79' lang='grc' dir='ltr'>δυσπόρευτον</span> <span class='ocrx_word' id='word_1_352' title='bbox 667 2963 784 3016; x_wconf 85' lang='grc' dir='ltr'>ὁδὸν</span> <span class='ocrx_word' id='word_1_353' title='bbox 834 2965 1096 3030; x_wconf 83' lang='grc' dir='ltr'>ἀνιόντες,</span> <span class='ocrx_word' id='word_1_354' title='bbox 1141 2968 1269 3019; x_wconf 81' lang='grc' dir='ltr'>ὅταν</span> <span class='ocrx_word' id='word_1_355' title='bbox 1322 2969 1524 3037; x_wconf 77' lang='grc' dir='ltr'>μεταξὺ</span> <span class='ocrx_word' id='word_1_356' title='bbox 1564 2968 1830 3038; x_wconf 84' lang='grc' dir='ltr'>καθέδρας</span> 
     </span>
    </p>
   </div>
   <div class='ocr_carea' id='block_1_50' title="bbox 246 3053 1828 3122">
    <p class='ocr_par' dir='ltr' id='par_1_50' title="bbox 246 3053 1828 3122">
     <span class='ocr_line' id='line_1_50' title="bbox 246 3053 1828 3122; baseline 0.002 -18"><span class='ocrx_word' id='word_1_357' title='bbox 246 3053 396 3115; x_wconf 84' lang='grc' dir='ltr'>τινὸς</span> <span class='ocrx_word' id='word_1_358' title='bbox 428 3053 780 3122; x_wconf 82' lang='grc' dir='ltr'>ἐπιτυχόντες</span> <span class='ocrx_word' id='word_1_359' title='bbox 815 3054 876 3106; x_wconf 77' lang='grc' dir='ltr'>τὸ</span> <span class='ocrx_word' id='word_1_360' title='bbox 901 3053 1032 3108; x_wconf 88' lang='grc' dir='ltr'>πολύ</span> <span class='ocrx_word' id='word_1_361' title='bbox 1063 3073 1122 3108; x_wconf 88' lang='grc' dir='ltr'><strong>τε</strong></span> <span class='ocrx_word' id='word_1_362' title='bbox 1145 3055 1238 3109; x_wconf 73' lang='grc' dir='ltr'>καὶ</span> <span class='ocrx_word' id='word_1_363' title='bbox 1269 3057 1514 3108; x_wconf 83' lang='grc' dir='ltr'>σύντονον</span> <span class='ocrx_word' id='word_1_364' title='bbox 1535 3056 1627 3109; x_wconf 85' lang='grc' dir='ltr'><strong>τοῦ</strong></span> <span class='ocrx_word' id='word_1_365' title='bbox 1659 3057 1828 3108; x_wconf 82' lang='grc' dir='ltr'>κόπου</span> 
     </span>
    </p>
   </div>
   <div class='ocr_carea' id='block_1_51' title="bbox 249 3145 1830 3220">
    <p class='ocr_par' dir='ltr' id='par_1_51' title="bbox 249 3145 1830 3220">
     <span class='ocr_line' id='line_1_51' title="bbox 249 3145 1830 3220; baseline 0.003 -24"><span class='ocrx_word' id='word_1_366' title='bbox 249 3145 658 3220; x_wconf 84' lang='grc' dir='ltr'>ἀναπαύσωσιν,</span> <span class='ocrx_word' id='word_1_367' title='bbox 701 3146 860 3199; x_wconf 88' lang='grc' dir='ltr'>πάλιν</span> <span class='ocrx_word' id='word_1_368' title='bbox 891 3147 994 3217; x_wconf 85' lang='grc' dir='ltr'><strong>τῆς</strong></span> <span class='ocrx_word' id='word_1_369' title='bbox 1039 3147 1318 3217; x_wconf 86' lang='grc' dir='ltr'>δυνάμεως</span> <span class='ocrx_word' id='word_1_370' title='bbox 1352 3149 1534 3210; x_wconf 77' lang='grc' dir='ltr'>αὐτοῖς</span> <span class='ocrx_word' id='word_1_371' title='bbox 1580 3149 1830 3220; x_wconf 65' lang='grc' dir='ltr'>ἀναρρω-</span> 
     </span>
    </p>
   </div>
   <div class='ocr_carea' id='block_1_52' title="bbox 250 3217 1832 3310">
    <p class='ocr_par' dir='ltr' id='par_1_52' title="bbox 250 3217 1832 3310">
     <span class='ocr_line' id='line_1_52' title="bbox 250 3217 1832 3310; baseline 0.003 -22"><span class='ocrx_word' id='word_1_372' title='bbox 250 3235 496 3306; x_wconf 79' lang='grc' dir='ltr'>σθείσης,</span> <span class='ocrx_word' id='word_1_373' title='bbox 532 3217 669 3307; x_wconf 66' lang='grc' dir='ltr'>πρὸς</span> <span class='ocrx_word' id='word_1_374' title='bbox 696 3239 792 3310; x_wconf 79' lang='grc' dir='ltr'>τὴν</span> <span class='ocrx_word' id='word_1_375' title='bbox 817 3239 999 3291; x_wconf 83' lang='grc' dir='ltr'>ἄνοδον</span> <span class='ocrx_word' id='word_1_376' title='bbox 1025 3239 1133 3291; x_wconf 82' lang='grc' dir='ltr'><strong>τῶν</strong></span> <span class='ocrx_word' id='word_1_377' title='bbox 1163 3240 1573 3310; x_wconf 80' lang='grc' dir='ltr'>ὑπερκειμένων</span> <span class='ocrx_word' id='word_1_378' title='bbox 1610 3241 1832 3301; x_wconf 78' lang='grc' dir='ltr'>ἑαυτοὺς</span> 
     </span>
    </p>
   </div>
   <div class='ocr_carea' id='block_1_53' title="bbox 247 3329 1828 3402">
    <p class='ocr_par' dir='ltr' id='par_1_53' title="bbox 247 3329 1828 3402">
     <span class='ocr_line' id='line_1_53' title="bbox 247 3329 1828 3402; baseline 0.003 -22"><span class='ocrx_word' id='word_1_379' title='bbox 247 3329 690 3402; x_wconf 42' lang='grc' dir='ltr'>ἐπεγείρουσίνῇ</span> <span class='ocrx_word' id='word_1_380' title='bbox 719 3329 890 3392; x_wconf 76' lang='grc' dir='ltr'>οὕτως</span> <span class='ocrx_word' id='word_1_381' title='bbox 937 3329 1029 3383; x_wconf 79' lang='grc' dir='ltr'>καὶ</span> <span class='ocrx_word' id='word_1_382' title='bbox 1061 3331 1088 3383; x_wconf 90' lang='lat'><strong>6</strong></span> <span class='ocrx_word' id='word_1_383' title='bbox 1139 3330 1236 3400; x_wconf 87' lang='grc' dir='ltr'><strong>τῆς</strong></span> <span class='ocrx_word' id='word_1_384' title='bbox 1273 3333 1472 3401; x_wconf 83' lang='grc' dir='ltr'>ἀρετῆς</span> <span class='ocrx_word' id='word_1_385' title='bbox 1529 3331 1828 3400; x_wconf 85' lang='grc' dir='ltr'>όδοιπόρος,</span> 
     </span>
    </p>
   </div>
   <div class='ocr_carea' id='block_1_54' title="bbox 247 3413 1830 3490">
    <p class='ocr_par' dir='ltr' id='par_1_54' title="bbox 247 3413 1830 3490">
     <span class='ocr_line' id='line_1_54' title="bbox 247 3413 1830 3490; baseline 0.002 -18"><span class='ocrx_word' id='word_1_386' title='bbox 247 3413 312 3472; x_wconf 73' lang='grc' dir='ltr'>οὗ</span> <span class='ocrx_word' id='word_1_387' title='bbox 338 3420 407 3472; x_wconf 88' lang='grc' dir='ltr'><strong>τά</strong></span> <span class='ocrx_word' id='word_1_388' title='bbox 428 3419 741 3490; x_wconf 79' lang='grc' dir='ltr'>διαδήματα</span> <span class='ocrx_word' id='word_1_389' title='bbox 769 3424 913 3474; x_wconf 87' lang='grc' dir='ltr'>νῖκαι</span> <span class='ocrx_word' id='word_1_390' title='bbox 937 3421 1076 3474; x_wconf 87' lang='grc' dir='ltr'><strong>κατά</strong></span> <span class='ocrx_word' id='word_1_391' title='bbox 1099 3421 1208 3473; x_wconf 85' lang='grc' dir='ltr'>τῶν</span> <span class='ocrx_word' id='word_1_392' title='bbox 1233 3422 1542 3476; x_wconf 84' lang='grc' dir='ltr'>ἀντιπάλων</span> <span class='ocrx_word' id='word_1_393' title='bbox 1573 3423 1729 3487; x_wconf 80' lang='grc' dir='ltr'>εἰσὶν,</span> <span class='ocrx_word' id='word_1_394' title='bbox 1755 3424 1830 3487; x_wconf 85' lang='grc' dir='ltr'>ὼς</span> 
     </span>
    </p>
   </div>
   <div class='ocr_carea' id='block_1_55' title="bbox 248 3511 1831 3584">
    <p class='ocr_par' dir='ltr' id='par_1_55' title="bbox 248 3511 1831 3584">
     <span class='ocr_line' id='line_1_55' title="bbox 248 3511 1831 3584; baseline 0.003 -22"><span class='ocrx_word' id='word_1_395' title='bbox 248 3511 287 3580; x_wconf 78' lang='grc' dir='ltr'><strong>ἡ</strong></span> <span class='ocrx_word' id='word_1_396' title='bbox 319 3513 598 3582; x_wconf 75' lang='grc' dir='ltr'>ἐπιγραφὴ</span> <span class='ocrx_word' id='word_1_397' title='bbox 625 3511 718 3562; x_wconf 76' lang='grc' dir='ltr'><strong>τοῦ</strong></span> <span class='ocrx_word' id='word_1_398' title='bbox 752 3511 1114 3582; x_wconf 78' lang='grc' dir='ltr'>παρελθόντος</span> <span class='ocrx_word' id='word_1_399' title='bbox 1154 3511 1508 3582; x_wconf 84' lang='grc' dir='ltr'>μαρτύρεται,</span> <span class='ocrx_word' id='word_1_400' title='bbox 1537 3515 1602 3584; x_wconf 81' lang='grc' dir='ltr'>τῇ</span> <span class='ocrx_word' id='word_1_401' title='bbox 1635 3531 1831 3584; x_wconf 90' lang='grc' dir='ltr'>κατορ-</span> 
     </span>
    </p>
   </div>
   <div class='ocr_carea' id='block_1_56' title="bbox 251 3603 1832 3678">
    <p class='ocr_par' dir='ltr' id='par_1_56' title="bbox 251 3603 1832 3678">
     <span class='ocr_line' id='line_1_56' title="bbox 251 3603 1832 3678; baseline 0.001 -22"><span class='ocrx_word' id='word_1_402' title='bbox 251 3603 418 3656; x_wconf 62' lang='grc' dir='ltr'>θώσει</span> <span class='ocrx_word' id='word_1_403' title='bbox 450 3606 518 3673; x_wconf 84' lang='grc' dir='ltr'>τῇ</span> <span class='ocrx_word' id='word_1_404' title='bbox 545 3605 668 3675; x_wconf 85' lang='grc' dir='ltr'>νίκῃ</span> <span class='ocrx_word' id='word_1_405' title='bbox 695 3605 884 3656; x_wconf 85' lang='grc' dir='ltr'>ἐαυτὸν</span> <span class='ocrx_word' id='word_1_406' title='bbox 908 3603 1164 3666; x_wconf 87' lang='grc' dir='ltr'>τονώσας,</span> <span class='ocrx_word' id='word_1_407' title='bbox 1191 3605 1352 3658; x_wconf 81' lang='grc' dir='ltr'>πάλιν</span> <span class='ocrx_word' id='word_1_408' title='bbox 1378 3605 1513 3676; x_wconf 81' lang='grc' dir='ltr'>πρὸς</span> <span class='ocrx_word' id='word_1_409' title='bbox 1538 3606 1636 3676; x_wconf 84' lang='grc' dir='ltr'>τὴν</span> <span class='ocrx_word' id='word_1_410' title='bbox 1670 3607 1832 3678; x_wconf 77' lang='grc' dir='ltr'>ὑπερ-</span> 
     </span>
    </p>
   </div>
   <div class='ocr_carea' id='block_1_57' title="bbox 249 3697 1831 3770">
    <p class='ocr_par' dir='ltr' id='par_1_57' title="bbox 249 3697 1831 3770">
     <span class='ocr_line' id='line_1_57' title="bbox 249 3697 1831 3770; baseline 0.001 -21"><span class='ocrx_word' id='word_1_411' title='bbox 249 3697 519 3767; x_wconf 82' lang='grc' dir='ltr'>κειμένην</span> <span class='ocrx_word' id='word_1_412' title='bbox 552 3697 902 3750; x_wconf 83' lang='grc' dir='ltr'>συντείνεται.</span> <span class='ocrx_word' id='word_1_413' title='bbox 947 3697 1204 3770; x_wconf 81' lang='grc' dir='ltr'>Μεγάλης</span> <span class='ocrx_word' id='word_1_414' title='bbox 1232 3697 1340 3770; x_wconf 81' lang='grc' dir='ltr'><strong>γάρ</strong></span> <span class='ocrx_word' id='word_1_415' title='bbox 1370 3697 1538 3770; x_wconf 81' lang='grc' dir='ltr'>οὑσης</span> <span class='ocrx_word' id='word_1_416' title='bbox 1583 3699 1675 3750; x_wconf 81' lang='grc' dir='ltr'>καὶ</span> <span class='ocrx_word' id='word_1_417' title='bbox 1697 3699 1831 3752; x_wconf 88' lang='grc' dir='ltr'>ταύ-</span> 
     </span>
    </p>
   </div>
   <div class='ocr_carea' id='block_1_58' title="bbox 247 3783 1832 3860">
    <p class='ocr_par' dir='ltr' id='par_1_58' title="bbox 247 3783 1832 3860">
     <span class='ocr_line' id='line_1_58' title="bbox 247 3783 1832 3860; baseline 0.001 -21"><span class='ocrx_word' id='word_1_418' title='bbox 247 3803 350 3856; x_wconf 83' lang='grc' dir='ltr'><strong>της</strong></span> <span class='ocrx_word' id='word_1_419' title='bbox 373 3787 477 3856; x_wconf 88' lang='grc' dir='ltr'><strong>τῆς</strong></span> <span class='ocrx_word' id='word_1_420' title='bbox 503 3787 761 3854; x_wconf 88' lang='grc' dir='ltr'>ἀγωνίας,</span> <span class='ocrx_word' id='word_1_421' title='bbox 777 3783 843 3858; x_wconf 80' lang='grc' dir='ltr'>ἧς</span> <span class='ocrx_word' id='word_1_422' title='bbox 864 3788 922 3840; x_wconf 86' lang='grc' dir='ltr'><strong>ἐν</strong></span> <span class='ocrx_word' id='word_1_423' title='bbox 947 3787 1024 3858; x_wconf 80' lang='grc' dir='ltr'><strong>τῷ</strong></span> <span class='ocrx_word' id='word_1_424' title='bbox 1041 3806 1144 3858; x_wconf 83' lang='grc' dir='ltr'><strong>μνη</strong></span> <span class='ocrx_word' id='word_1_425' title='bbox 1153 3787 1464 3860; x_wconf 86' lang='grc' dir='ltr'>μονευθέντι</span> <span class='ocrx_word' id='word_1_426' title='bbox 1489 3789 1686 3860; x_wconf 82' lang='grc' dir='ltr'>ψαλμῷ</span> <span class='ocrx_word' id='word_1_427' title='bbox 1709 3807 1832 3842; x_wconf 85' lang='grc' dir='ltr'>κατ·</span> 
     </span>
    </p>
   </div>
   <div class='ocr_carea' id='block_1_59' title="bbox 251 3879 1826 3954">
    <p class='ocr_par' dir='ltr' id='par_1_59' title="bbox 251 3879 1826 3954">
     <span class='ocr_line' id='line_1_59' title="bbox 251 3879 1826 3954; baseline 0.002 -22"><span class='ocrx_word' id='word_1_428' title='bbox 251 3883 576 3954; x_wconf 85' lang='grc' dir='ltr'>εκράτησεν,</span> <span class='ocrx_word' id='word_1_429' title='bbox 621 3879 816 3949; x_wconf 86' lang='grc' dir='ltr'>λύπης,</span> <span class='ocrx_word' id='word_1_430' title='bbox 875 3881 968 3933; x_wconf 76' lang='grc' dir='ltr'>καὶ</span> <span class='ocrx_word' id='word_1_431' title='bbox 1021 3881 1370 3951; x_wconf 84' lang='grc' dir='ltr'>ἀδολεσχίας,</span> <span class='ocrx_word' id='word_1_432' title='bbox 1421 3882 1514 3934; x_wconf 79' lang='grc' dir='ltr'>καὶ</span> <span class='ocrx_word' id='word_1_433' title='bbox 1561 3881 1826 3954; x_wconf 83' lang='grc' dir='ltr'>ταραχῆς,</span> 
     </span>
    </p>
   </div>
   <div class='ocr_carea' id='block_1_60' title="bbox 248 3970 1827 4044">
    <p class='ocr_par' dir='ltr' id='par_1_60' title="bbox 248 3970 1827 4044">
     <span class='ocr_line' id='line_1_60' title="bbox 248 3970 1827 4044; baseline 0.001 -20"><span class='ocrx_word' id='word_1_434' title='bbox 248 3972 453 4042; x_wconf 77' lang='grc' dir='ltr'>ἔχθρας</span> <span class='ocrx_word' id='word_1_435' title='bbox 479 3987 538 4023; x_wconf 87' lang='grc' dir='ltr'><strong>τε</strong></span> <span class='ocrx_word' id='word_1_436' title='bbox 567 3971 660 4024; x_wconf 76' lang='grc' dir='ltr'>καὶ</span> <span class='ocrx_word' id='word_1_437' title='bbox 691 3970 862 4040; x_wconf 81' lang='grc' dir='ltr'>ἀκοῆς</span> <span class='ocrx_word' id='word_1_438' title='bbox 887 3987 898 3998; x_wconf 93' lang='grc'>·</span> <span class='ocrx_word' id='word_1_439' title='bbox 933 3970 1089 4024; x_wconf 81' lang='grc' dir='ltr'>τοῦτο</span> <span class='ocrx_word' id='word_1_440' title='bbox 1126 3972 1234 4042; x_wconf 85' lang='grc' dir='ltr'><strong>γάρ</strong></span> <span class='ocrx_word' id='word_1_441' title='bbox 1268 3975 1414 4026; x_wconf 91' lang='grc' dir='ltr'>ἐστιν</span> <span class='ocrx_word' id='word_1_442' title='bbox 1443 3974 1475 4043; x_wconf 87' lang='grc' dir='ltr'>ή</span> <span class='ocrx_word' id='word_1_443' title='bbox 1501 3973 1650 4044; x_wconf 82' lang='grc' dir='ltr'>φωνὴ</span> <span class='ocrx_word' id='word_1_444' title='bbox 1675 3975 1706 4043; x_wconf 86' lang='grc' dir='ltr'>ἡ</span> <span class='ocrx_word' id='word_1_445' title='bbox 1735 3973 1827 4025; x_wconf 81' lang='grc' dir='ltr'><strong>τοῦ</strong></span> 
     </span>
    </p>
   </div>
   <div class='ocr_carea' id='block_1_61' title="bbox 249 4063 1829 4134">
    <p class='ocr_par' dir='ltr' id='par_1_61' title="bbox 249 4063 1829 4134">
     <span class='ocr_line' id='line_1_61' title="bbox 249 4063 1829 4134; baseline 0 -18"><span class='ocrx_word' id='word_1_446' title='bbox 249 4063 447 4134; x_wconf 81' lang='grc' dir='ltr'>ἐχθροῦ</span> <span class='ocrx_word' id='word_1_447' title='bbox 469 4081 482 4093; x_wconf 92' lang='grc'>·</span> <span class='ocrx_word' id='word_1_448' title='bbox 505 4063 598 4116; x_wconf 76' lang='grc' dir='ltr'>καὶ</span> <span class='ocrx_word' id='word_1_449' title='bbox 619 4063 719 4133; x_wconf 87' lang='grc' dir='ltr'><strong>τῆς</strong></span> <span class='ocrx_word' id='word_1_450' title='bbox 741 4065 804 4116; x_wconf 90' lang='grc' dir='ltr'><strong>ἐκ</strong></span> <span class='ocrx_word' id='word_1_451' title='bbox 835 4063 942 4116; x_wconf 86' lang='grc' dir='ltr'><strong>τῶν</strong></span> <span class='ocrx_word' id='word_1_452' title='bbox 970 4063 1308 4134; x_wconf 79' lang='grc' dir='ltr'>ἁμαρτωλῶν</span> <span class='ocrx_word' id='word_1_453' title='bbox 1338 4065 1591 4134; x_wconf 81' lang='grc' dir='ltr'>θλίψεως,</span> <span class='ocrx_word' id='word_1_454' title='bbox 1619 4065 1829 4134; x_wconf 78' lang='grc' dir='ltr'>καὶτῆς</span> 
     </span>
    </p>
   </div>
   <div class='ocr_carea' id='block_1_62' title="bbox 247 4149 1828 4226">
    <p class='ocr_par' dir='ltr' id='par_1_62' title="bbox 247 4149 1828 4226">
     <span class='ocr_line' id='line_1_62' title="bbox 247 4149 1828 4226; baseline -0.001 -18"><span class='ocrx_word' id='word_1_455' title='bbox 247 4156 359 4208; x_wconf 80' lang='grc' dir='ltr'>τῶν</span> <span class='ocrx_word' id='word_1_456' title='bbox 407 4153 776 4224; x_wconf 87' lang='grc' dir='ltr'>ἐγκοτούντων</span> <span class='ocrx_word' id='word_1_457' title='bbox 821 4155 1008 4225; x_wconf 82' lang='grc' dir='ltr'>ὀργῆς,</span> <span class='ocrx_word' id='word_1_458' title='bbox 1051 4156 1116 4208; x_wconf 89' lang='grc' dir='ltr'><strong>δι’</strong></span> <span class='ocrx_word' id='word_1_459' title='bbox 1151 4149 1224 4208; x_wconf 81' lang='grc' dir='ltr'>ὧν</span> <span class='ocrx_word' id='word_1_460' title='bbox 1253 4156 1459 4224; x_wconf 81' lang='grc' dir='ltr'>γίνέται</span> <span class='ocrx_word' id='word_1_461' title='bbox 1509 4157 1721 4226; x_wconf 87' lang='grc' dir='ltr'>ταραχή</span> <span class='ocrx_word' id='word_1_462' title='bbox 1769 4173 1828 4206; x_wconf 92' lang='grc' dir='ltr'><strong>τε</strong></span> 
     </span>
    </p>
   </div>
   <div class='ocr_carea' id='block_1_63' title="bbox 247 4247 1830 4318">
    <p class='ocr_par' dir='ltr' id='par_1_63' title="bbox 247 4247 1830 4318">
     <span class='ocr_line' id='line_1_63' title="bbox 247 4247 1830 4318; baseline -0.002 -17"><span class='ocrx_word' id='word_1_463' title='bbox 247 4247 509 4313; x_wconf 85' lang='grc' dir='ltr'>διανοίας,</span> <span class='ocrx_word' id='word_1_464' title='bbox 528 4249 621 4300; x_wconf 77' lang='grc' dir='ltr'>καὶ</span> <span class='ocrx_word' id='word_1_465' title='bbox 635 4247 804 4300; x_wconf 86' lang='grc' dir='ltr'>δειλία</span> <span class='ocrx_word' id='word_1_466' title='bbox 820 4247 1068 4311; x_wconf 89' lang='grc' dir='ltr'>θανάτου,</span> <span class='ocrx_word' id='word_1_467' title='bbox 1085 4248 1178 4300; x_wconf 73' lang='grc' dir='ltr'>καὶ</span> <span class='ocrx_word' id='word_1_468' title='bbox 1191 4247 1372 4316; x_wconf 79' lang='grc' dir='ltr'>φόϐος,</span> <span class='ocrx_word' id='word_1_469' title='bbox 1387 4247 1478 4300; x_wconf 71' lang='grc' dir='ltr'>καὶ</span> <span class='ocrx_word' id='word_1_470' title='bbox 1496 4248 1714 4318; x_wconf 77' lang='grc' dir='ltr'>τρόμος,</span> <span class='ocrx_word' id='word_1_471' title='bbox 1737 4247 1830 4300; x_wconf 82' lang='grc' dir='ltr'>καὶ</span> 
     </span>
    </p>
   </div>
   <div class='ocr_carea' id='block_1_64' title="bbox 1933 1773 3508 1846">
    <p class='ocr_par' dir='ltr' id='par_1_64' title="bbox 1933 1773 3508 1846">
     <span class='ocr_line' id='line_1_64' title="bbox 1933 1773 3508 1846; baseline -0.004 -15"><span class='ocrx_word' id='word_1_472' title='bbox 1933 1776 2264 1842; x_wconf 85' lang='lat' dir='ltr'><strong>dolositatis,</strong></span> <span class='ocrx_word' id='word_1_473' title='bbox 2287 1776 2378 1846; x_wconf 88' lang='lat' dir='ltr'><strong>qui</strong></span> <span class='ocrx_word' id='word_1_474' title='bbox 2413 1776 2615 1829; x_wconf 89' lang='lat' dir='ltr'><strong>nullam</strong></span> <span class='ocrx_word' id='word_1_475' title='bbox 2646 1775 2882 1845; x_wconf 87' lang='lat' dir='ltr'><strong>speciem</strong></span> <span class='ocrx_word' id='word_1_476' title='bbox 2911 1775 3038 1828; x_wconf 89' lang='lat' dir='ltr'><strong>mali</strong></span> <span class='ocrx_word' id='word_1_477' title='bbox 3061 1773 3170 1828; x_wconf 91' lang='lat' dir='ltr'><strong>diei</strong></span> <span class='ocrx_word' id='word_1_478' title='bbox 3199 1773 3508 1838; x_wconf 90' lang='lat' dir='ltr'><strong>dimidiant,</strong></span> 
     </span>
    </p>
   </div>
   <div class='ocr_carea' id='block_1_65' title="bbox 1935 1866 3507 1940">
    <p class='ocr_par' dir='ltr' id='par_1_65' title="bbox 1935 1866 3507 1940">
     <span class='ocr_line' id='line_1_65' title="bbox 1935 1866 3507 1940; baseline -0.003 -17"><span class='ocrx_word' id='word_1_479' title='bbox 1935 1885 2112 1938; x_wconf 88' lang='lat' dir='ltr'><strong>neque</strong></span> <span class='ocrx_word' id='word_1_480' title='bbox 2163 1868 2534 1940; x_wconf 83' lang='lat' dir='ltr'><strong>imperfectam</strong></span> <span class='ocrx_word' id='word_1_481' title='bbox 2585 1869 2845 1921; x_wconf 83' lang='lat' dir='ltr'><strong>malitiam</strong></span> <span class='ocrx_word' id='word_1_482' title='bbox 2894 1883 3016 1922; x_wconf 90' lang='lat' dir='ltr'><strong>esse</strong></span> <span class='ocrx_word' id='word_1_483' title='bbox 3061 1867 3284 1930; x_wconf 90' lang='lat' dir='ltr'><strong>sinunt,</strong></span> <span class='ocrx_word' id='word_1_484' title='bbox 3315 1866 3410 1920; x_wconf 89' lang='lat' dir='ltr'><strong>sed</strong></span> <span class='ocrx_word' id='word_1_485' title='bbox 3455 1867 3507 1918; x_wconf 88' lang='lat' dir='ltr'><strong>in</strong></span> 
     </span>
    </p>
   </div>
   <div class='ocr_carea' id='block_1_66' title="bbox 1935 1958 3506 2026">
    <p class='ocr_par' dir='ltr' id='par_1_66' title="bbox 1935 1958 3506 2026">
     <span class='ocr_line' id='line_1_66' title="bbox 1935 1958 3506 2026; baseline -0.002 -15"><span class='ocrx_word' id='word_1_486' title='bbox 1935 1961 2143 2012; x_wconf 88' lang='lat' dir='ltr'><strong>malitia</strong></span> <span class='ocrx_word' id='word_1_487' title='bbox 2175 1973 2364 2013; x_wconf 88' lang='lat' dir='ltr'><strong>omnes</strong></span> <span class='ocrx_word' id='word_1_488' title='bbox 2397 1974 2656 2012; x_wconf 89' lang='lat' dir='ltr'><strong>numeros</strong></span> <span class='ocrx_word' id='word_1_489' title='bbox 2688 1958 2889 2012; x_wconf 85' lang='lat' dir='ltr'><strong>habent</strong></span> <span class='ocrx_word' id='word_1_490' title='bbox 2927 1977 2938 2010; x_wconf 96' lang='lat'><strong>:</strong></span> <span class='ocrx_word' id='word_1_491' title='bbox 2983 1973 3214 2026; x_wconf 88' lang='lat' dir='ltr'><strong>quorum</strong></span> <span class='ocrx_word' id='word_1_492' title='bbox 3263 1958 3506 2010; x_wconf 86' lang='lat' dir='ltr'><strong>omnium</strong></span> 
     </span>
    </p>
   </div>
   <div class='ocr_carea' id='block_1_67' title="bbox 1932 2045 3508 2118">
    <p class='ocr_par' dir='ltr' id='par_1_67' title="bbox 1932 2045 3508 2118">
     <span class='ocr_line' id='line_1_67' title="bbox 1932 2045 3508 2118; baseline -0.003 -16"><span class='ocrx_word' id='word_1_493' title='bbox 1932 2051 2107 2103; x_wconf 85' lang='lat' dir='ltr'><strong>victor</strong></span> <span class='ocrx_word' id='word_1_494' title='bbox 2143 2050 2199 2102; x_wconf 86' lang='lat' dir='ltr'><strong>fit</strong></span> <span class='ocrx_word' id='word_1_495' title='bbox 2225 2065 2334 2102; x_wconf 88' lang='lat' dir='ltr'><strong>una</strong></span> <span class='ocrx_word' id='word_1_496' title='bbox 2365 2049 2456 2102; x_wconf 91' lang='lat' dir='ltr'><strong>illa</strong></span> <span class='ocrx_word' id='word_1_497' title='bbox 2487 2063 2640 2112; x_wconf 80' lang='lat' dir='ltr'><strong>voce,</strong></span> <span class='ocrx_word' id='word_1_498' title='bbox 2675 2063 2781 2118; x_wconf 89' lang='lat' dir='ltr'><strong>qua</strong></span> <span class='ocrx_word' id='word_1_499' title='bbox 2815 2063 2970 2102; x_wconf 88' lang='lat' dir='ltr'><strong>suam</strong></span> <span class='ocrx_word' id='word_1_500' title='bbox 3011 2063 3136 2115; x_wconf 79' lang='lat' dir='ltr'><strong>erga</strong></span> <span class='ocrx_word' id='word_1_501' title='bbox 3171 2045 3338 2100; x_wconf 89' lang='lat' dir='ltr'><strong>Deum</strong></span> <span class='ocrx_word' id='word_1_502' title='bbox 3373 2045 3508 2098; x_wconf 52' lang='lat' dir='ltr'><strong>affe.</strong></span> 
     </span>
    </p>
   </div>
   <div class='ocr_carea' id='block_1_68' title="bbox 1933 2137 3507 2210">
    <p class='ocr_par' dir='ltr' id='par_1_68' title="bbox 1933 2137 3507 2210">
     <span class='ocr_line' id='line_1_68' title="bbox 1933 2137 3507 2210; baseline -0.003 -16"><span class='ocrx_word' id='word_1_503' title='bbox 1933 2141 2166 2194; x_wconf 87' lang='lat' dir='ltr'><strong>ctionem</strong></span> <span class='ocrx_word' id='word_1_504' title='bbox 2202 2139 2405 2210; x_wconf 87' lang='lat' dir='ltr'><strong>prodit,</strong></span> <span class='ocrx_word' id='word_1_505' title='bbox 2445 2154 2569 2194; x_wconf 91' lang='lat' dir='ltr'><strong>cum</strong></span> <span class='ocrx_word' id='word_1_506' title='bbox 2609 2137 2687 2192; x_wconf 88' lang='lat' dir='ltr'><strong>ait</strong></span> <span class='ocrx_word' id='word_1_507' title='bbox 2720 2155 2733 2192; x_wconf 91' lang='lat'><strong>:</strong></span> <span class='ocrx_word' id='word_1_508' title='bbox 2781 2155 2802 2190; x_wconf 71' lang='grc' dir='ltr'><strong>ι</strong></span> <span class='ocrx_word' id='word_1_509' title='bbox 2841 2137 2951 2208; x_wconf 74' lang='lat' dir='ltr'><strong>Ego</strong></span> <span class='ocrx_word' id='word_1_510' title='bbox 2987 2145 3168 2192; x_wconf 89' lang='lat' dir='ltr'><strong>autem</strong></span> <span class='ocrx_word' id='word_1_511' title='bbox 3210 2140 3266 2190; x_wconf 86' lang='lat' dir='ltr'><strong>in</strong></span> <span class='ocrx_word' id='word_1_512' title='bbox 3303 2147 3352 2192; x_wconf 89' lang='lat' dir='ltr'><strong>te</strong></span> <span class='ocrx_word' id='word_1_513' title='bbox 3387 2151 3507 2206; x_wconf 85' lang='lat' dir='ltr'><strong>spe-</strong></span> 
     </span>
    </p>
   </div>
   <div class='ocr_carea' id='block_1_69' title="bbox 1933 2232 2150 2286">
    <p class='ocr_par' dir='ltr' id='par_1_69' title="bbox 1933 2232 2150 2286">
     <span class='ocr_line' id='line_1_69' title="bbox 1933 2232 2150 2286; baseline -0.005 -2"><span class='ocrx_word' id='word_1_514' title='bbox 1933 2232 2087 2286; x_wconf 87' lang='lat' dir='ltr'><strong>rabo.</strong></span> <span class='ocrx_word' id='word_1_515' title='bbox 2129 2251 2150 2283; x_wconf 73' lang='grc' dir='ltr'><strong>ι</strong></span> 
     </span>
    </p>
   </div>
   <div class='ocr_carea' id='block_1_70' title="bbox 2453 2395 2926 2470">
    <p class='ocr_par' dir='ltr' id='par_1_70' title="bbox 2453 2395 2926 2470">
     <span class='ocr_line' id='line_1_70' title="bbox 2453 2395 2926 2470; baseline -0.011 1"><span class='ocrx_word' id='word_1_516' title='bbox 2453 2395 2470 2406; x_wconf 83' lang='grc'><strong>“</strong></span> <span class='ocrx_word' id='word_1_517' title='bbox 2526 2414 2756 2470; x_wconf 81' lang='lat' dir='ltr'><strong>CAPUT</strong></span> <span class='ocrx_word' id='word_1_518' title='bbox 2783 2413 2926 2468; x_wconf 82' lang='lat' dir='ltr'><strong>xw.</strong></span> 
     </span>
    </p>
   </div>
   <div class='ocr_carea' id='block_1_71' title="bbox 2003 2503 3506 2575">
    <p class='ocr_par' dir='ltr' id='par_1_71' title="bbox 2003 2503 3506 2575">
     <span class='ocr_line' id='line_1_71' title="bbox 2003 2503 3506 2575; baseline -0.003 -15"><span class='ocrx_word' id='word_1_519' title='bbox 2003 2505 2287 2562; x_wconf 71' lang='lat' dir='ltr'><strong>Prmdictis</strong></span> <span class='ocrx_word' id='word_1_520' title='bbox 2315 2507 2573 2562; x_wconf 87' lang='lat' dir='ltr'><strong>sensibus</strong></span> <span class='ocrx_word' id='word_1_521' title='bbox 2613 2507 2899 2567; x_wconf 84' lang='lat' dir='ltr'><strong>insistens,</strong></span> <span class='ocrx_word' id='word_1_522' title='bbox 2934 2505 3248 2575; x_wconf 88' lang='lat' dir='ltr'><strong>quicunque</strong></span> <span class='ocrx_word' id='word_1_523' title='bbox 3315 2503 3506 2556; x_wconf 88' lang='lat' dir='ltr'><strong>harum</strong></span> 
     </span>
    </p>
   </div>
   <div class='ocr_carea' id='block_1_72' title="bbox 1934 2595 3510 2669">
    <p class='ocr_par' dir='ltr' id='par_1_72' title="bbox 1934 2595 3510 2669">
     <span class='ocr_line' id='line_1_72' title="bbox 1934 2595 3510 2669; baseline -0.004 -16"><span class='ocrx_word' id='word_1_524' title='bbox 1934 2615 2116 2653; x_wconf 90' lang='lat' dir='ltr'><strong>rerum</strong></span> <span class='ocrx_word' id='word_1_525' title='bbox 2139 2600 2424 2655; x_wconf 88' lang='lat' dir='ltr'><strong>studiosus</strong></span> <span class='ocrx_word' id='word_1_526' title='bbox 2457 2608 2562 2662; x_wconf 89' lang='lat' dir='ltr'><strong>cst,</strong></span> <span class='ocrx_word' id='word_1_527' title='bbox 2611 2601 2728 2669; x_wconf 89' lang='lat' dir='ltr'><strong>ipse</strong></span> <span class='ocrx_word' id='word_1_528' title='bbox 2767 2615 2867 2653; x_wconf 87' lang='lat' dir='ltr'><strong>suo</strong></span> <span class='ocrx_word' id='word_1_529' title='bbox 2893 2598 3075 2653; x_wconf 85' lang='lat' dir='ltr'><strong>studio</strong></span> <span class='ocrx_word' id='word_1_530' title='bbox 3125 2597 3388 2651; x_wconf 90' lang='lat' dir='ltr'><strong>divinitus</strong></span> <span class='ocrx_word' id='word_1_531' title='bbox 3425 2595 3510 2648; x_wconf 88' lang='lat' dir='ltr'><strong>in-</strong></span> 
     </span>
    </p>
   </div>
   <div class='ocr_carea' id='block_1_73' title="bbox 1934 2691 3506 2762">
    <p class='ocr_par' dir='ltr' id='par_1_73' title="bbox 1934 2691 3506 2762">
     <span class='ocr_line' id='line_1_73' title="bbox 1934 2691 3506 2762; baseline -0.004 -16"><span class='ocrx_word' id='word_1_532' title='bbox 1934 2692 2138 2762; x_wconf 87' lang='lat' dir='ltr'><strong>spirata</strong></span> <span class='ocrx_word' id='word_1_533' title='bbox 2175 2693 2491 2760; x_wconf 67' lang='lat' dir='ltr'><strong>psalmodim</strong></span> <span class='ocrx_word' id='word_1_534' title='bbox 2527 2691 2690 2760; x_wconf 89' lang='lat' dir='ltr'><strong>hujus</strong></span> <span class='ocrx_word' id='word_1_535' title='bbox 2750 2691 2914 2744; x_wconf 89' lang='lat' dir='ltr'><strong>verba</strong></span> <span class='ocrx_word' id='word_1_536' title='bbox 2973 2697 3296 2760; x_wconf 82' lang='lat' dir='ltr'><strong>percurrat:</strong></span> <span class='ocrx_word' id='word_1_537' title='bbox 3359 2703 3428 2742; x_wconf 90' lang='lat' dir='ltr'><strong>ne</strong></span> <span class='ocrx_word' id='word_1_538' title='bbox 3477 2701 3506 2740; x_wconf 85' lang='lat' dir='ltr'><strong>a</strong></span> 
     </span>
    </p>
   </div>
   <div class='ocr_carea' id='block_1_74' title="bbox 1933 2779 3505 2852">
    <p class='ocr_par' dir='ltr' id='par_1_74' title="bbox 1933 2779 3505 2852">
     <span class='ocr_line' id='line_1_74' title="bbox 1933 2779 3505 2852; baseline -0.004 -15"><span class='ocrx_word' id='word_1_539' title='bbox 1933 2784 2093 2838; x_wconf 90' lang='lat' dir='ltr'><strong>nobis</strong></span> <span class='ocrx_word' id='word_1_540' title='bbox 2149 2783 2402 2837; x_wconf 79' lang='lat' dir='ltr'><strong>confusio</strong></span> <span class='ocrx_word' id='word_1_541' title='bbox 2445 2785 2628 2852; x_wconf 78' lang='lat' dir='ltr'><strong>potius</strong></span> <span class='ocrx_word' id='word_1_542' title='bbox 2673 2782 3080 2846; x_wconf 90' lang='lat' dir='ltr'><strong>introducatur,</strong></span> <span class='ocrx_word' id='word_1_543' title='bbox 3118 2781 3162 2835; x_wconf 90' lang='lat' dir='ltr'><strong>si</strong></span> <span class='ocrx_word' id='word_1_544' title='bbox 3222 2781 3403 2834; x_wconf 72' lang='lat' dir='ltr'><strong>omnia</strong></span> <span class='ocrx_word' id='word_1_545' title='bbox 3439 2779 3505 2832; x_wconf 86' lang='lat' dir='ltr'><strong>ad</strong></span> 
     </span>
    </p>
   </div>
   <div class='ocr_carea' id='block_1_75' title="bbox 1931 2872 3509 2944">
    <p class='ocr_par' dir='ltr' id='par_1_75' title="bbox 1931 2872 3509 2944">
     <span class='ocr_line' id='line_1_75' title="bbox 1931 2872 3509 2944; baseline -0.002 -16"><span class='ocrx_word' id='word_1_546' title='bbox 1931 2876 2159 2930; x_wconf 88' lang='lat' dir='ltr'><strong>verbum</strong></span> <span class='ocrx_word' id='word_1_547' title='bbox 2214 2889 2518 2944; x_wconf 79' lang='lat' dir='ltr'><strong>exponam,</strong></span> <span class='ocrx_word' id='word_1_548' title='bbox 2583 2874 3122 2944; x_wconf 86' lang='lat' dir='ltr'><strong>disputationemque</strong></span> <span class='ocrx_word' id='word_1_549' title='bbox 3183 2872 3240 2924; x_wconf 92' lang='lat' dir='ltr'><strong>in</strong></span> <span class='ocrx_word' id='word_1_550' title='bbox 3315 2872 3509 2940; x_wconf 83' lang='lat' dir='ltr'><strong>quovis</strong></span> 
     </span>
    </p>
   </div>
   <div class='ocr_carea' id='block_1_76' title="bbox 1935 2961 3505 3034">
    <p class='ocr_par' dir='ltr' id='par_1_76' title="bbox 1935 2961 3505 3034">
     <span class='ocr_line' id='line_1_76' title="bbox 1935 2961 3505 3034; baseline -0.004 -16"><span class='ocrx_word' id='word_1_551' title='bbox 1935 2979 2100 3018; x_wconf 89' lang='lat' dir='ltr'><strong>sensu</strong></span> <span class='ocrx_word' id='word_1_552' title='bbox 2137 2964 2354 3034; x_wconf 80' lang='lat' dir='ltr'><strong>longius</strong></span> <span class='ocrx_word' id='word_1_553' title='bbox 2410 2963 2745 3032; x_wconf 85' lang='lat' dir='ltr'><strong>protraham.</strong></span> <span class='ocrx_word' id='word_1_554' title='bbox 2803 2961 3272 3028; x_wconf 83' lang='lat' dir='ltr'><strong>Quemadmodum</strong></span> <span class='ocrx_word' id='word_1_555' title='bbox 3326 2971 3505 3015; x_wconf 88' lang='lat' dir='ltr'><strong>autem</strong></span> 
     </span>
    </p>
   </div>
   <div class='ocr_carea' id='block_1_77' title="bbox 1935 3053 3500 3125">
    <p class='ocr_par' dir='ltr' id='par_1_77' title="bbox 1935 3053 3500 3125">
     <span class='ocr_line' id='line_1_77' title="bbox 1935 3053 3500 3125; baseline -0.003 -15"><span class='ocrx_word' id='word_1_556' title='bbox 1935 3057 2035 3116; x_wconf 80' lang='lat' dir='ltr'><strong>illi,</strong></span> <span class='ocrx_word' id='word_1_557' title='bbox 2065 3055 2158 3125; x_wconf 87' lang='lat' dir='ltr'><strong>qui</strong></span> <span class='ocrx_word' id='word_1_558' title='bbox 2189 3055 2462 3110; x_wconf 76' lang='lat' dir='ltr'><strong>difficilem</strong></span> <span class='ocrx_word' id='word_1_559' title='bbox 2495 3067 2546 3111; x_wconf 91' lang='lat' dir='ltr'><strong>et</strong></span> <span class='ocrx_word' id='word_1_560' title='bbox 2591 3055 2922 3125; x_wconf 61' lang='lat' dir='ltr'><strong>praecipitem</strong></span> <span class='ocrx_word' id='word_1_561' title='bbox 2989 3055 3132 3108; x_wconf 79' lang='lat' dir='ltr'><strong>viam</strong></span> <span class='ocrx_word' id='word_1_562' title='bbox 3179 3053 3500 3116; x_wconf 58' lang='lat' dir='ltr'><strong>ascendunt,</strong></span> 
     </span>
    </p>
   </div>
   <div class='ocr_carea' id='block_1_78' title="bbox 1931 3147 3504 3218">
    <p class='ocr_par' dir='ltr' id='par_1_78' title="bbox 1931 3147 3504 3218">
     <span class='ocr_line' id='line_1_78' title="bbox 1931 3147 3504 3218; baseline -0.003 -14"><span class='ocrx_word' id='word_1_563' title='bbox 1931 3151 1974 3204; x_wconf 88' lang='lat' dir='ltr'><strong>si</strong></span> <span class='ocrx_word' id='word_1_564' title='bbox 2009 3151 2214 3204; x_wconf 90' lang='lat' dir='ltr'><strong>interea</strong></span> <span class='ocrx_word' id='word_1_565' title='bbox 2253 3151 2436 3204; x_wconf 86' lang='lat' dir='ltr'><strong>sedem</strong></span> <span class='ocrx_word' id='word_1_566' title='bbox 2465 3150 2700 3217; x_wconf 85' lang='lat' dir='ltr'><strong>aliquam</strong></span> <span class='ocrx_word' id='word_1_567' title='bbox 2753 3151 3046 3218; x_wconf 86' lang='lat' dir='ltr'><strong>reperiant,</strong></span> <span class='ocrx_word' id='word_1_568' title='bbox 3101 3147 3504 3202; x_wconf 84' lang='lat' dir='ltr'><strong>contentionem</strong></span> 
     </span>
    </p>
   </div>
   <div class='ocr_carea' id='block_1_79' title="bbox 1931 3239 3508 3309">
    <p class='ocr_par' dir='ltr' id='par_1_79' title="bbox 1931 3239 3508 3309">
     <span class='ocr_line' id='line_1_79' title="bbox 1931 3239 3508 3309; baseline -0.001 -15"><span class='ocrx_word' id='word_1_569' title='bbox 1931 3242 2080 3295; x_wconf 85' lang='lat' dir='ltr'><strong>illam</strong></span> <span class='ocrx_word' id='word_1_570' title='bbox 2125 3241 2327 3296; x_wconf 89' lang='lat' dir='ltr'><strong>laboris</strong></span> <span class='ocrx_word' id='word_1_571' title='bbox 2357 3242 2662 3305; x_wconf 87' lang='lat' dir='ltr'><strong>remittunt,</strong></span> <span class='ocrx_word' id='word_1_572' title='bbox 2701 3249 2760 3293; x_wconf 92' lang='lat' dir='ltr'><strong>ut</strong></span> <span class='ocrx_word' id='word_1_573' title='bbox 2788 3239 3086 3309; x_wconf 85' lang='lat' dir='ltr'><strong>resumptis</strong></span> <span class='ocrx_word' id='word_1_574' title='bbox 3144 3247 3196 3294; x_wconf 91' lang='lat' dir='ltr'><strong>et</strong></span> <span class='ocrx_word' id='word_1_575' title='bbox 3231 3239 3508 3307; x_wconf 86' lang='lat' dir='ltr'><strong>reparatis</strong></span> 
     </span>
    </p>
   </div>
   <div class='ocr_carea' id='block_1_80' title="bbox 1929 3333 3507 3404">
    <p class='ocr_par' dir='ltr' id='par_1_80' title="bbox 1929 3333 3507 3404">
     <span class='ocr_line' id='line_1_80' title="bbox 1929 3333 3507 3404; baseline -0.004 -16"><span class='ocrx_word' id='word_1_576' title='bbox 1929 3334 2140 3390; x_wconf 87' lang='lat' dir='ltr'><strong>viribus</strong></span> <span class='ocrx_word' id='word_1_577' title='bbox 2171 3335 2382 3404; x_wconf 90' lang='lat' dir='ltr'><strong>seipsos</strong></span> <span class='ocrx_word' id='word_1_578' title='bbox 2414 3333 2480 3386; x_wconf 92' lang='lat' dir='ltr'><strong>ad</strong></span> <span class='ocrx_word' id='word_1_579' title='bbox 2517 3333 2826 3403; x_wconf 88' lang='lat' dir='ltr'><strong>superanda</strong></span> <span class='ocrx_word' id='word_1_580' title='bbox 2863 3333 3097 3386; x_wconf 88' lang='lat' dir='ltr'><strong>celsiora</strong></span> <span class='ocrx_word' id='word_1_581' title='bbox 3142 3345 3262 3400; x_wconf 70' lang='lat' dir='ltr'><strong>qua:</strong></span> <span class='ocrx_word' id='word_1_582' title='bbox 3299 3337 3507 3384; x_wconf 71' lang='lat' dir='ltr'><strong>restant</strong></span> 
     </span>
    </p>
   </div>
   <div class='ocr_carea' id='block_1_81' title="bbox 1931 3423 3508 3497">
    <p class='ocr_par' dir='ltr' id='par_1_81' title="bbox 1931 3423 3508 3497">
     <span class='ocr_line' id='line_1_81' title="bbox 1931 3423 3508 3497; baseline -0.001 -19"><span class='ocrx_word' id='word_1_583' title='bbox 1931 3425 2147 3497; x_wconf 81' lang='lat' dir='ltr'><strong>fastigia</strong></span> <span class='ocrx_word' id='word_1_584' title='bbox 2179 3426 2420 3480; x_wconf 73' lang='lat' dir='ltr'><strong>excitent</strong></span> <span class='ocrx_word' id='word_1_585' title='bbox 2463 3443 2476 3480; x_wconf 91' lang='lat'><strong>:</strong></span> <span class='ocrx_word' id='word_1_586' title='bbox 2514 3424 2592 3479; x_wconf 92' lang='lat' dir='ltr'><strong>sic</strong></span> <span class='ocrx_word' id='word_1_587' title='bbox 2641 3433 2695 3479; x_wconf 91' lang='lat' dir='ltr'><strong>et</strong></span> <span class='ocrx_word' id='word_1_588' title='bbox 2747 3425 2962 3478; x_wconf 87' lang='lat' dir='ltr'><strong>virtutis</strong></span> <span class='ocrx_word' id='word_1_589' title='bbox 3021 3431 3282 3490; x_wconf 82' lang='lat' dir='ltr'><strong>sectator,</strong></span> <span class='ocrx_word' id='word_1_590' title='bbox 3345 3423 3508 3492; x_wconf 89' lang='lat' dir='ltr'><strong>cujus</strong></span> 
     </span>
    </p>
   </div>
   <div class='ocr_carea' id='block_1_82' title="bbox 1930 3515 3503 3578">
    <p class='ocr_par' dir='ltr' id='par_1_82' title="bbox 1930 3515 3503 3578">
     <span class='ocr_line' id='line_1_82' title="bbox 1930 3515 3503 3578; baseline -0.002 -7"><span class='ocrx_word' id='word_1_591' title='bbox 1930 3519 2284 3573; x_wconf 89' lang='lat' dir='ltr'><strong>ascensiones</strong></span> <span class='ocrx_word' id='word_1_592' title='bbox 2325 3523 2456 3570; x_wconf 92' lang='lat' dir='ltr'><strong>sunt</strong></span> <span class='ocrx_word' id='word_1_593' title='bbox 2485 3516 2727 3572; x_wconf 63' lang='lat' dir='ltr'><strong>victoriae</strong></span> <span class='ocrx_word' id='word_1_594' title='bbox 2761 3516 2828 3568; x_wconf 85' lang='lat' dir='ltr'><strong>ab</strong></span> <span class='ocrx_word' id='word_1_595' title='bbox 2889 3515 3220 3570; x_wconf 85' lang='lat' dir='ltr'><strong>adversariis</strong></span> <span class='ocrx_word' id='word_1_596' title='bbox 3285 3515 3503 3578; x_wconf 68' lang='lat' dir='ltr'><strong>relatae,</strong></span> 
     </span>
    </p>
   </div>
   <div class='ocr_carea' id='block_1_83' title="bbox 1929 3606 3508 3679">
    <p class='ocr_par' dir='ltr' id='par_1_83' title="bbox 1929 3606 3508 3679">
     <span class='ocr_line' id='line_1_83' title="bbox 1929 3606 3508 3679; baseline -0.005 -15"><span class='ocrx_word' id='word_1_597' title='bbox 1929 3607 2390 3679; x_wconf 88' lang='lat' dir='ltr'><strong>quemadmodum</strong></span> <span class='ocrx_word' id='word_1_598' title='bbox 2421 3607 2705 3677; x_wconf 85' lang='lat' dir='ltr'><strong>inscriptio</strong></span> <span class='ocrx_word' id='word_1_599' title='bbox 2731 3606 3086 3676; x_wconf 69' lang='lat' dir='ltr'><strong>praecedentis</strong></span> <span class='ocrx_word' id='word_1_600' title='bbox 3110 3606 3301 3674; x_wconf 82' lang='lat' dir='ltr'><strong>psalmi</strong></span> <span class='ocrx_word' id='word_1_601' title='bbox 3341 3615 3508 3659; x_wconf 86' lang='lat' dir='ltr'><strong>testa-</strong></span> 
     </span>
    </p>
   </div>
   <div class='ocr_carea' id='block_1_84' title="bbox 1931 3700 3508 3770">
    <p class='ocr_par' dir='ltr' id='par_1_84' title="bbox 1931 3700 3508 3770">
     <span class='ocr_line' id='line_1_84' title="bbox 1931 3700 3508 3770; baseline -0.003 -15"><span class='ocrx_word' id='word_1_602' title='bbox 1931 3709 2038 3766; x_wconf 89' lang='lat' dir='ltr'><strong>tur,</strong></span> <span class='ocrx_word' id='word_1_603' title='bbox 2071 3701 2364 3770; x_wconf 88' lang='lat' dir='ltr'><strong>adeptione</strong></span> <span class='ocrx_word' id='word_1_604' title='bbox 2403 3701 2651 3754; x_wconf 73' lang='lat' dir='ltr'><strong>victoria:</strong></span> <span class='ocrx_word' id='word_1_605' title='bbox 2706 3700 2947 3769; x_wconf 89' lang='lat' dir='ltr'><strong>seipsum</strong></span> <span class='ocrx_word' id='word_1_606' title='bbox 2988 3700 3348 3760; x_wconf 86' lang='lat' dir='ltr'><strong>confirmans,</strong></span> <span class='ocrx_word' id='word_1_607' title='bbox 3383 3713 3508 3752; x_wconf 86' lang='lat' dir='ltr'><strong>rur-</strong></span> 
     </span>
    </p>
   </div>
   <div class='ocr_carea' id='block_1_85' title="bbox 1932 3787 3506 3861">
    <p class='ocr_par' dir='ltr' id='par_1_85' title="bbox 1932 3787 3506 3861">
     <span class='ocr_line' id='line_1_85' title="bbox 1932 3787 3506 3861; baseline -0.004 -12"><span class='ocrx_word' id='word_1_608' title='bbox 1932 3809 2053 3849; x_wconf 89' lang='lat' dir='ltr'><strong>sum</strong></span> <span class='ocrx_word' id='word_1_609' title='bbox 2087 3793 2154 3846; x_wconf 90' lang='lat' dir='ltr'><strong>ad</strong></span> <span class='ocrx_word' id='word_1_610' title='bbox 2183 3792 2430 3847; x_wconf 90' lang='lat' dir='ltr'><strong>altiorem</strong></span> <span class='ocrx_word' id='word_1_611' title='bbox 2461 3799 2514 3846; x_wconf 92' lang='lat' dir='ltr'><strong>et</strong></span> <span class='ocrx_word' id='word_1_612' title='bbox 2547 3792 2948 3861; x_wconf 69' lang='lat' dir='ltr'><strong>prazclariorem</strong></span> <span class='ocrx_word' id='word_1_613' title='bbox 2971 3789 3294 3858; x_wconf 80' lang='lat' dir='ltr'><strong>accingitur.</strong></span> <span class='ocrx_word' id='word_1_614' title='bbox 3315 3787 3506 3858; x_wconf 79' lang='lat' dir='ltr'><strong>Magna</strong></span> 
     </span>
    </p>
   </div>
   <div class='ocr_carea' id='block_1_86' title="bbox 1930 3877 3504 3953">
    <p class='ocr_par' dir='ltr' id='par_1_86' title="bbox 1930 3877 3504 3953">
     <span class='ocr_line' id='line_1_86' title="bbox 1930 3877 3504 3953; baseline -0.004 -16"><span class='ocrx_word' id='word_1_615' title='bbox 1930 3882 2150 3953; x_wconf 89' lang='lat' dir='ltr'><strong>quidem</strong></span> <span class='ocrx_word' id='word_1_616' title='bbox 2181 3883 2328 3936; x_wconf 90' lang='lat' dir='ltr'><strong>lucta</strong></span> <span class='ocrx_word' id='word_1_617' title='bbox 2357 3883 2410 3935; x_wconf 91' lang='lat' dir='ltr'><strong>in</strong></span> <span class='ocrx_word' id='word_1_618' title='bbox 2441 3881 2770 3952; x_wconf 62' lang='lat' dir='ltr'><strong>praecedenti</strong></span> <span class='ocrx_word' id='word_1_619' title='bbox 2807 3881 3018 3950; x_wconf 89' lang='lat' dir='ltr'><strong>psalmo</strong></span> <span class='ocrx_word' id='word_1_620' title='bbox 3058 3877 3332 3948; x_wconf 86' lang='lat' dir='ltr'><strong>descripta</strong></span> <span class='ocrx_word' id='word_1_621' title='bbox 3381 3888 3464 3933; x_wconf 89' lang='lat' dir='ltr'><strong>est</strong></span> <span class='ocrx_word' id='word_1_622' title='bbox 3489 3919 3504 3940; x_wconf 93' lang='lat'><strong>,</strong></span> 
     </span>
    </p>
   </div>
   <div class='ocr_carea' id='block_1_87' title="bbox 1929 3971 3506 4044">
    <p class='ocr_par' dir='ltr' id='par_1_87' title="bbox 1929 3971 3506 4044">
     <span class='ocr_line' id='line_1_87' title="bbox 1929 3971 3506 4044; baseline -0.004 -15"><span class='ocrx_word' id='word_1_623' title='bbox 1929 3990 1996 4030; x_wconf 86' lang='lat' dir='ltr'><strong>ex</strong></span> <span class='ocrx_word' id='word_1_624' title='bbox 2031 3989 2138 4044; x_wconf 90' lang='lat' dir='ltr'><strong>qua</strong></span> <span class='ocrx_word' id='word_1_625' title='bbox 2165 3973 2342 4028; x_wconf 86' lang='lat' dir='ltr'><strong>victor</strong></span> <span class='ocrx_word' id='word_1_626' title='bbox 2375 3974 2506 4026; x_wconf 88' lang='lat' dir='ltr'><strong>abiit</strong></span> <span class='ocrx_word' id='word_1_627' title='bbox 2538 3991 2551 4026; x_wconf 90' lang='lat'><strong>:</strong></span> <span class='ocrx_word' id='word_1_628' title='bbox 2587 3973 2752 4036; x_wconf 86' lang='lat' dir='ltr'><strong>lucta,</strong></span> <span class='ocrx_word' id='word_1_629' title='bbox 2786 3973 3030 4041; x_wconf 86' lang='lat' dir='ltr'><strong>inquam,</strong></span> <span class='ocrx_word' id='word_1_630' title='bbox 3065 3971 3324 4032; x_wconf 79' lang='lat' dir='ltr'><strong>tristitiae,</strong></span> <span class='ocrx_word' id='word_1_631' title='bbox 3355 3983 3506 4024; x_wconf 85' lang='lat' dir='ltr'><strong>exer-</strong></span> 
     </span>
    </p>
   </div>
   <div class='ocr_carea' id='block_1_88' title="bbox 1931 4061 3504 4130">
    <p class='ocr_par' dir='ltr' id='par_1_88' title="bbox 1931 4061 3504 4130">
     <span class='ocr_line' id='line_1_88' title="bbox 1931 4061 3504 4130; baseline -0.005 -9"><span class='ocrx_word' id='word_1_632' title='bbox 1931 4065 2232 4130; x_wconf 90' lang='lat' dir='ltr'><strong>citationis,</strong></span> <span class='ocrx_word' id='word_1_633' title='bbox 2269 4065 2730 4128; x_wconf 85' lang='lat' dir='ltr'><strong>conturbationis,</strong></span> <span class='ocrx_word' id='word_1_634' title='bbox 2793 4063 3203 4118; x_wconf 89' lang='lat' dir='ltr'><strong>inimicitiarum</strong></span> <span class='ocrx_word' id='word_1_635' title='bbox 3264 4071 3319 4116; x_wconf 91' lang='lat' dir='ltr'><strong>ct</strong></span> <span class='ocrx_word' id='word_1_636' title='bbox 3351 4061 3504 4114; x_wconf 88' lang='lat' dir='ltr'><strong>audi-</strong></span> 
     </span>
    </p>
   </div>
   <div class='ocr_carea' id='block_1_89' title="bbox 1930 4153 3505 4224">
    <p class='ocr_par' dir='ltr' id='par_1_89' title="bbox 1930 4153 3505 4224">
     <span class='ocr_line' id='line_1_89' title="bbox 1930 4153 3505 4224; baseline -0.006 -12"><span class='ocrx_word' id='word_1_637' title='bbox 1930 4158 2136 4212; x_wconf 90' lang='lat' dir='ltr'><strong>tionis:</strong></span> <span class='ocrx_word' id='word_1_638' title='bbox 2167 4156 2247 4212; x_wconf 91' lang='lat' dir='ltr'><strong>sic</strong></span> <span class='ocrx_word' id='word_1_639' title='bbox 2269 4158 2414 4211; x_wconf 91' lang='lat' dir='ltr'><strong>enim</strong></span> <span class='ocrx_word' id='word_1_640' title='bbox 2465 4171 2654 4210; x_wconf 85' lang='lat' dir='ltr'><strong>vocem</strong></span> <span class='ocrx_word' id='word_1_641' title='bbox 2691 4155 2898 4208; x_wconf 89' lang='lat' dir='ltr'><strong>inimici</strong></span> <span class='ocrx_word' id='word_1_642' title='bbox 2933 4156 3303 4224; x_wconf 87' lang='lat' dir='ltr'><strong>interpretor:</strong></span> <span class='ocrx_word' id='word_1_643' title='bbox 3329 4160 3382 4207; x_wconf 86' lang='lat' dir='ltr'><strong>et</strong></span> <span class='ocrx_word' id='word_1_644' title='bbox 3407 4153 3505 4205; x_wconf 90' lang='lat' dir='ltr'><strong>tri-</strong></span> 
     </span>
    </p>
   </div>
   <div class='ocr_carea' id='block_1_90' title="bbox 1929 4244 3506 4319">
    <p class='ocr_par' dir='ltr' id='par_1_90' title="bbox 1929 4244 3506 4319">
     <span class='ocr_line' id='line_1_90' title="bbox 1929 4244 3506 4319; baseline -0.006 -14"><span class='ocrx_word' id='word_1_645' title='bbox 1929 4251 2230 4306; x_wconf 88' lang='lat' dir='ltr'><strong>bulationis</strong></span> <span class='ocrx_word' id='word_1_646' title='bbox 2267 4265 2296 4302; x_wconf 89' lang='lat' dir='ltr'><strong>a</strong></span> <span class='ocrx_word' id='word_1_647' title='bbox 2327 4249 2710 4319; x_wconf 88' lang='lat' dir='ltr'><strong>peccatoribus</strong></span> <span class='ocrx_word' id='word_1_648' title='bbox 2732 4246 3008 4317; x_wconf 60' lang='lat' dir='ltr'><strong>profectae,</strong></span> <span class='ocrx_word' id='word_1_649' title='bbox 3031 4257 3084 4301; x_wconf 91' lang='lat' dir='ltr'><strong>et</strong></span> <span class='ocrx_word' id='word_1_650' title='bbox 3105 4247 3200 4300; x_wconf 69' lang='lat' dir='ltr'><strong>irae</strong></span> <span class='ocrx_word' id='word_1_651' title='bbox 3229 4244 3506 4314; x_wconf 85' lang='lat' dir='ltr'><strong>indignan-</strong></span> 
     </span>
    </p>
   </div>
   <div class='ocr_carea' id='block_1_91' title="bbox 251 4335 1832 4420">
    <p class='ocr_par' dir='ltr' id='par_1_91' title="bbox 251 4339 1830 4404">
     <span class='ocr_line' id='line_1_91' title="bbox 251 4339 1830 4404; baseline -0.001 -10"><span class='ocrx_word' id='word_1_652' title='bbox 251 4342 479 4404; x_wconf 86' lang='grc' dir='ltr'>σκότος,</span> <span class='ocrx_word' id='word_1_653' title='bbox 516 4342 609 4394; x_wconf 75' lang='grc' dir='ltr'>καὶ</span> <span class='ocrx_word' id='word_1_654' title='bbox 645 4339 716 4393; x_wconf 86' lang='grc' dir='ltr'><strong>τά</strong></span> <span class='ocrx_word' id='word_1_655' title='bbox 754 4339 994 4393; x_wconf 84' lang='grc' dir='ltr'>τοιαῦτα.</span> <span class='ocrx_word' id='word_1_656' title='bbox 1031 4341 1090 4392; x_wconf 86' lang='grc' dir='ltr'>Ὁ</span> <span class='ocrx_word' id='word_1_657' title='bbox 1125 4341 1302 4394; x_wconf 87' lang='grc' dir='ltr'>τοίνυν</span> <span class='ocrx_word' id='word_1_658' title='bbox 1338 4339 1596 4393; x_wconf 87' lang='grc' dir='ltr'>τοιούτων</span> <span class='ocrx_word' id='word_1_659' title='bbox 1639 4357 1696 4392; x_wconf 87' lang='grc' dir='ltr'><strong>τε</strong></span> <span class='ocrx_word' id='word_1_660' title='bbox 1739 4342 1830 4394; x_wconf 75' lang='grc' dir='ltr'>καὶ</span> 
     </span>
    </p>
   </div>
   <div class='ocr_carea' id='block_1_92' title="bbox 1936 4335 3506 4420">
    <p class='ocr_par' dir='ltr' id='par_1_92' title="bbox 1936 4335 3506 4412">
     <span class='ocr_line' id='line_1_92' title="bbox 1936 4335 3506 4412; baseline -0.005 -16"><span class='ocrx_word' id='word_1_661' title='bbox 1936 4343 2092 4406; x_wconf 86' lang='lat' dir='ltr'><strong>tium,</strong></span> <span class='ocrx_word' id='word_1_662' title='bbox 2130 4342 2332 4412; x_wconf 91' lang='lat' dir='ltr'><strong>quibus</strong></span> <span class='ocrx_word' id='word_1_663' title='bbox 2385 4342 2735 4394; x_wconf 88' lang='lat' dir='ltr'><strong>concitantur</strong></span> <span class='ocrx_word' id='word_1_664' title='bbox 2769 4339 3004 4392; x_wconf 89' lang='lat' dir='ltr'><strong>turbatio</strong></span> <span class='ocrx_word' id='word_1_665' title='bbox 3037 4337 3242 4400; x_wconf 86' lang='lat' dir='ltr'><strong>cordis,</strong></span> <span class='ocrx_word' id='word_1_666' title='bbox 3289 4343 3346 4390; x_wconf 92' lang='lat' dir='ltr'><strong>et</strong></span> <span class='ocrx_word' id='word_1_667' title='bbox 3397 4335 3506 4388; x_wconf 90' lang='lat' dir='ltr'><strong>for-</strong></span> 
     </span>
    </p>
   </div>
   <div class='ocr_carea' id='block_1_93' title="bbox 249 4431 1830 4503">
    <p class='ocr_par' dir='ltr' id='par_1_93' title="bbox 249 4431 1830 4503">
     <span class='ocr_line' id='line_1_93' title="bbox 249 4431 1830 4503; baseline -0.001 -19"><span class='ocrx_word' id='word_1_668' title='bbox 249 4431 520 4485; x_wconf 86' lang='grc' dir='ltr'>τοσούτων</span> <span class='ocrx_word' id='word_1_669' title='bbox 555 4431 837 4503; x_wconf 86' lang='grc' dir='ltr'>ὑπερσχὼν</span> <span class='ocrx_word' id='word_1_670' title='bbox 862 4431 1188 4494; x_wconf 81' lang='grc' dir='ltr'>ἀντιπάλων,</span> <span class='ocrx_word' id='word_1_671' title='bbox 1222 4433 1280 4484; x_wconf 88' lang='grc' dir='ltr'><strong>ἐν</strong></span> <span class='ocrx_word' id='word_1_672' title='bbox 1317 4431 1394 4502; x_wconf 83' lang='grc' dir='ltr'>τῷ</span> <span class='ocrx_word' id='word_1_673' title='bbox 1421 4431 1602 4501; x_wconf 81' lang='grc' dir='ltr'>πτερῷ</span> <span class='ocrx_word' id='word_1_674' title='bbox 1629 4431 1726 4500; x_wconf 80' lang='grc' dir='ltr'><strong>τῆς</strong></span> <span class='ocrx_word' id='word_1_675' title='bbox 1755 4432 1830 4494; x_wconf 84' lang='grc' dir='ltr'>ὡς</span> 
     </span>
    </p>
   </div>
   <div class='ocr_carea' id='block_1_94' title="bbox 249 4518 1831 4591">
    <p class='ocr_par' dir='ltr' id='par_1_94' title="bbox 249 4518 1831 4591">
     <span class='ocr_line' id='line_1_94' title="bbox 249 4518 1831 4591; baseline -0.001 -17"><span class='ocrx_word' id='word_1_676' title='bbox 249 4521 584 4591; x_wconf 77' lang='grc' dir='ltr'>περιστερᾶς</span> <span class='ocrx_word' id='word_1_677' title='bbox 610 4521 960 4589; x_wconf 80' lang='grc' dir='ltr'>ἐπιφανείσης</span> <span class='ocrx_word' id='word_1_678' title='bbox 983 4518 1060 4590; x_wconf 85' lang='grc' dir='ltr'>τῷ</span> <span class='ocrx_word' id='word_1_679' title='bbox 1087 4520 1206 4590; x_wconf 80' lang='grc' dir='ltr'>βίῳ,</span> <span class='ocrx_word' id='word_1_680' title='bbox 1233 4519 1325 4572; x_wconf 78' lang='grc' dir='ltr'>καὶ</span> <span class='ocrx_word' id='word_1_681' title='bbox 1351 4521 1692 4590; x_wconf 81' lang='grc' dir='ltr'>μεταναστὰς</span> <span class='ocrx_word' id='word_1_682' title='bbox 1721 4520 1831 4572; x_wconf 82' lang='grc' dir='ltr'>ἀπὸ</span> 
     </span>
    </p>
   </div>
   <div class='ocr_carea' id='block_1_95' title="bbox 249 4609 1832 4682">
    <p class='ocr_par' dir='ltr' id='par_1_95' title="bbox 249 4609 1832 4682">
     <span class='ocr_line' id='line_1_95' title="bbox 249 4609 1832 4682; baseline -0.002 -17"><span class='ocrx_word' id='word_1_683' title='bbox 249 4613 362 4665; x_wconf 82' lang='grc' dir='ltr'><strong>τῶν</strong></span> <span class='ocrx_word' id='word_1_684' title='bbox 391 4611 449 4664; x_wconf 76' lang='grc' dir='ltr'><strong>ἐν</strong></span> <span class='ocrx_word' id='word_1_685' title='bbox 477 4614 542 4682; x_wconf 84' lang='grc' dir='ltr'>τῇ</span> <span class='ocrx_word' id='word_1_686' title='bbox 577 4611 746 4680; x_wconf 73' lang='grc' dir='ltr'>κακίᾳ</span> <span class='ocrx_word' id='word_1_687' title='bbox 778 4609 1206 4679; x_wconf 89' lang='grc' dir='ltr'>ὑλομανούντων,</span> <span class='ocrx_word' id='word_1_688' title='bbox 1246 4611 1337 4664; x_wconf 55' lang='grc' dir='ltr'><strong>ἐπὶ¹</strong></span> <span class='ocrx_word' id='word_1_689' title='bbox 1363 4611 1460 4680; x_wconf 85' lang='grc' dir='ltr'>τὴν</span> <span class='ocrx_word' id='word_1_690' title='bbox 1493 4611 1700 4682; x_wconf 75' lang='grc' dir='ltr'>ἔρημον</span> <span class='ocrx_word' id='word_1_691' title='bbox 1732 4611 1832 4682; x_wconf 89' lang='grc' dir='ltr'><strong>τῆς</strong></span> 
     </span>
    </p>
   </div>
   <div class='ocr_carea' id='block_1_96' title="bbox 251 4697 1832 4773">
    <p class='ocr_par' dir='ltr' id='par_1_96' title="bbox 251 4697 1832 4773">
     <span class='ocr_line' id='line_1_96' title="bbox 251 4697 1832 4773; baseline -0.003 -15"><span class='ocrx_word' id='word_1_692' title='bbox 251 4703 519 4773; x_wconf 78' lang='grc' dir='ltr'>πονηρίας</span> <span class='ocrx_word' id='word_1_693' title='bbox 547 4703 656 4755; x_wconf 80' lang='grc' dir='ltr'>τῶν</span> <span class='ocrx_word' id='word_1_694' title='bbox 682 4703 934 4768; x_wconf 76' lang='grc' dir='ltr'>ζιζανίων</span> <span class='ocrx_word' id='word_1_695' title='bbox 971 4701 1224 4773; x_wconf 77' lang='grc' dir='ltr'>βλάστης,</span> <span class='ocrx_word' id='word_1_696' title='bbox 1261 4703 1318 4755; x_wconf 83' lang='grc' dir='ltr'><strong>ἐν</strong></span> <span class='ocrx_word' id='word_1_697' title='bbox 1353 4697 1398 4770; x_wconf 78' lang='grc' dir='ltr'>ᾧ</span> <span class='ocrx_word' id='word_1_698' title='bbox 1434 4701 1642 4770; x_wconf 87' lang='grc' dir='ltr'>γίνεται</span> <span class='ocrx_word' id='word_1_699' title='bbox 1671 4705 1704 4773; x_wconf 84' lang='grc' dir='ltr'>ἡ</span> <span class='ocrx_word' id='word_1_700' title='bbox 1734 4721 1832 4755; x_wconf 86' lang='grc' dir='ltr'>κα-</span> 
     </span>
    </p>
   </div>
   <div class='ocr_carea' id='block_1_97' title="bbox 251 4791 1832 4864">
    <p class='ocr_par' dir='ltr' id='par_1_97' title="bbox 251 4791 1832 4864">
     <span class='ocr_line' id='line_1_97' title="bbox 251 4791 1832 4864; baseline -0.002 -15"><span class='ocrx_word' id='word_1_701' title='bbox 251 4795 542 4857; x_wconf 84' lang='grc' dir='ltr'>τάπαυσις,</span> <span class='ocrx_word' id='word_1_702' title='bbox 595 4791 673 4862; x_wconf 84' lang='grc' dir='ltr'>τῷ</span> <span class='ocrx_word' id='word_1_703' title='bbox 723 4795 876 4847; x_wconf 85' lang='grc' dir='ltr'>πόλιν</span> <span class='ocrx_word' id='word_1_704' title='bbox 921 4794 1050 4864; x_wconf 86' lang='grc' dir='ltr'>ὃλην</span> <span class='ocrx_word' id='word_1_705' title='bbox 1103 4793 1210 4846; x_wconf 84' lang='grc' dir='ltr'>τῶν</span> <span class='ocrx_word' id='word_1_706' title='bbox 1253 4793 1640 4864; x_wconf 86' lang='grc' dir='ltr'>ἀντικειμένων</span> <span class='ocrx_word' id='word_1_707' title='bbox 1685 4792 1832 4864; x_wconf 84' lang='grc' dir='ltr'><strong>αὑτῷ</strong></span> 
     </span>
    </p>
   </div>
   <div class='ocr_carea' id='block_1_98' title="bbox 251 4879 1830 4956">
    <p class='ocr_par' dir='ltr' id='par_1_98' title="bbox 251 4879 1830 4956">
     <span class='ocr_line' id='line_1_98' title="bbox 251 4879 1830 4956; baseline -0.001 -17"><span class='ocrx_word' id='word_1_708' title='bbox 251 4885 582 4956; x_wconf 81' lang='grc' dir='ltr'>πληρώματι</span> <span class='ocrx_word' id='word_1_709' title='bbox 621 4884 732 4938; x_wconf 87' lang='grc' dir='ltr'><strong>τῶν</strong></span> <span class='ocrx_word' id='word_1_710' title='bbox 761 4885 1122 4939; x_wconf 89' lang='grc' dir='ltr'>ἐποικούντων</span> <span class='ocrx_word' id='word_1_711' title='bbox 1161 4885 1396 4954; x_wconf 86' lang='grc' dir='ltr'>νικῆσαι,</span> <span class='ocrx_word' id='word_1_712' title='bbox 1427 4879 1495 4956; x_wconf 87' lang='grc' dir='ltr'>ἦς</span> <span class='ocrx_word' id='word_1_713' title='bbox 1528 4885 1830 4956; x_wconf 80' lang='grc' dir='ltr'>οἰκήτορες,</span> 
     </span>
    </p>
   </div>
   <div class='ocr_carea' id='block_1_99' title="bbox 253 4976 1834 5049">
    <p class='ocr_par' dir='ltr' id='par_1_99' title="bbox 253 4976 1834 5049">
     <span class='ocr_line' id='line_1_99' title="bbox 253 4976 1834 5049; baseline -0.003 -17"><span class='ocrx_word' id='word_1_714' title='bbox 253 4979 476 5049; x_wconf 85' lang='grc' dir='ltr'>ἀνομία,</span> <span class='ocrx_word' id='word_1_715' title='bbox 501 4977 596 5031; x_wconf 67' lang='grc' dir='ltr'>καὶ</span> <span class='ocrx_word' id='word_1_716' title='bbox 617 4977 802 5040; x_wconf 83' lang='grc' dir='ltr'>κόπος,</span> <span class='ocrx_word' id='word_1_717' title='bbox 825 4979 916 5030; x_wconf 77' lang='grc' dir='ltr'>καὶ</span> <span class='ocrx_word' id='word_1_718' title='bbox 945 4977 1241 5045; x_wconf 87' lang='grc' dir='ltr'>ἀντιλογία,</span> <span class='ocrx_word' id='word_1_719' title='bbox 1273 4977 1430 5040; x_wconf 90' lang='grc' dir='ltr'>τόκος</span> <span class='ocrx_word' id='word_1_720' title='bbox 1460 4993 1540 5040; x_wconf 88' lang='grc' dir='ltr'><strong>τε,</strong></span> <span class='ocrx_word' id='word_1_721' title='bbox 1563 4977 1656 5030; x_wconf 81' lang='grc' dir='ltr'><strong>καὶ</strong></span> <span class='ocrx_word' id='word_1_722' title='bbox 1685 4976 1834 5039; x_wconf 89' lang='grc' dir='ltr'>δόλος</span> 
     </span>
    </p>
   </div>
   <div class='ocr_carea' id='block_1_100' title="bbox 254 5067 1834 5140">
    <p class='ocr_par' dir='ltr' id='par_1_100' title="bbox 254 5067 1834 5140">
     <span class='ocr_line' id='line_1_100' title="bbox 254 5067 1834 5140; baseline -0.002 -17"><span class='ocrx_word' id='word_1_723' title='bbox 254 5073 350 5125; x_wconf 78' lang='grc' dir='ltr'>καὶ</span> <span class='ocrx_word' id='word_1_724' title='bbox 383 5071 632 5136; x_wconf 84' lang='grc' dir='ltr'>θάνατος,</span> <span class='ocrx_word' id='word_1_725' title='bbox 675 5070 768 5123; x_wconf 71' lang='grc' dir='ltr'>καὶ</span> <span class='ocrx_word' id='word_1_726' title='bbox 801 5069 946 5139; x_wconf 78' lang='grc' dir='ltr'>ζωῆς</span> <span class='ocrx_word' id='word_1_727' title='bbox 989 5071 1070 5132; x_wconf 79' lang='grc' dir='ltr'><strong>είς</strong></span> <span class='ocrx_word' id='word_1_728' title='bbox 1103 5069 1232 5140; x_wconf 73' lang='grc' dir='ltr'>ᾅδου</span> <span class='ocrx_word' id='word_1_729' title='bbox 1264 5068 1564 5132; x_wconf 80' lang='grc' dir='ltr'>κατάϐασις</span> <span class='ocrx_word' id='word_1_730' title='bbox 1587 5083 1601 5096; x_wconf 74' lang='grc' dir='ltr'><strong>ο</strong></span> <span class='ocrx_word' id='word_1_731' title='bbox 1652 5067 1834 5120; x_wconf 80' lang='grc' dir='ltr'>καὶτὸ</span> 
     </span>
    </p>
   </div>
   <div class='ocr_carea' id='block_1_101' title="bbox 256 5159 1832 5230">
    <p class='ocr_par' dir='ltr' id='par_1_101' title="bbox 256 5159 1832 5230">
     <span class='ocr_line' id='line_1_101' title="bbox 256 5159 1832 5230; baseline -0.002 -15"><span class='ocrx_word' id='word_1_732' title='bbox 256 5163 476 5215; x_wconf 84' lang='grc' dir='ltr'>πάντων</span> <span class='ocrx_word' id='word_1_733' title='bbox 525 5163 784 5214; x_wconf 88' lang='grc' dir='ltr'>κάκιστον</span> <span class='ocrx_word' id='word_1_734' title='bbox 837 5160 1010 5228; x_wconf 83' lang='grc' dir='ltr'>γένος,</span> <span class='ocrx_word' id='word_1_735' title='bbox 1068 5160 1176 5213; x_wconf 84' lang='grc' dir='ltr'>τῶν</span> <span class='ocrx_word' id='word_1_736' title='bbox 1226 5161 1313 5213; x_wconf 77' lang='grc' dir='ltr'>ἀεὶ</span> <span class='ocrx_word' id='word_1_737' title='bbox 1365 5159 1760 5213; x_wconf 88' lang='grc' dir='ltr'>κατοικούντων</span> <span class='ocrx_word' id='word_1_738' title='bbox 1798 5161 1832 5230; x_wconf 86' lang='grc' dir='ltr'><strong>ή</strong></span> 
     </span>
    </p>
   </div>
   <div class='ocr_carea' id='block_1_102' title="bbox 255 5252 1839 5324">
    <p class='ocr_par' dir='ltr' id='par_1_102' title="bbox 255 5252 1839 5324">
     <span class='ocr_line' id='line_1_102' title="bbox 255 5252 1839 5324; baseline -0.002 -18"><span class='ocrx_word' id='word_1_739' title='bbox 255 5255 566 5324; x_wconf 83' lang='grc' dir='ltr'>ὑπόκρισις,</span> <span class='ocrx_word' id='word_1_740' title='bbox 599 5255 633 5324; x_wconf 86' lang='grc' dir='ltr'><strong>ή</strong></span> <span class='ocrx_word' id='word_1_741' title='bbox 661 5257 728 5324; x_wconf 82' lang='grc' dir='ltr'>τῇ</span> <span class='ocrx_word' id='word_1_742' title='bbox 759 5253 978 5318; x_wconf 77' lang='grc' dir='ltr'>ἐνδείξει</span> <span class='ocrx_word' id='word_1_743' title='bbox 1015 5254 1113 5324; x_wconf 85' lang='grc' dir='ltr'><strong>τῆς</strong></span> <span class='ocrx_word' id='word_1_744' title='bbox 1140 5252 1443 5323; x_wconf 75' lang='grc' dir='ltr'>όμοψυχίας</span> <span class='ocrx_word' id='word_1_745' title='bbox 1483 5253 1582 5323; x_wconf 85' lang='grc' dir='ltr'>τὴν</span> <span class='ocrx_word' id='word_1_746' title='bbox 1620 5253 1839 5306; x_wconf 80' lang='grc' dir='ltr'>ἐπιϐου-</span> 
     </span>
    </p>
   </div>
   <div class='ocr_carea' id='block_1_103' title="bbox 255 5345 1837 5416">
    <p class='ocr_par' dir='ltr' id='par_1_103' title="bbox 255 5345 1837 5416">
     <span class='ocr_line' id='line_1_103' title="bbox 255 5345 1837 5416; baseline -0.001 -18"><span class='ocrx_word' id='word_1_747' title='bbox 255 5345 352 5415; x_wconf 74' lang='grc' dir='ltr'>λὴν</span> <span class='ocrx_word' id='word_1_748' title='bbox 379 5345 694 5415; x_wconf 81' lang='grc' dir='ltr'>ἐνεργοῦσα.</span> <span class='ocrx_word' id='word_1_749' title='bbox 721 5345 832 5409; x_wconf 70' lang='grc' dir='ltr'><strong>τΗς</strong></span> <span class='ocrx_word' id='word_1_750' title='bbox 860 5346 1123 5416; x_wconf 83' lang='grc' dir='ltr'>κρείττων</span> <span class='ocrx_word' id='word_1_751' title='bbox 1149 5347 1354 5414; x_wconf 89' lang='grc' dir='ltr'>γίνεται</span> <span class='ocrx_word' id='word_1_752' title='bbox 1383 5347 1412 5398; x_wconf 93' lang='lat'><strong>6</strong></span> <span class='ocrx_word' id='word_1_753' title='bbox 1448 5346 1610 5398; x_wconf 78' lang='grc' dir='ltr'>παντὶ</span> <span class='ocrx_word' id='word_1_754' title='bbox 1635 5345 1712 5416; x_wconf 86' lang='grc' dir='ltr'>τῷ</span> <span class='ocrx_word' id='word_1_755' title='bbox 1738 5345 1837 5412; x_wconf 79' lang='grc' dir='ltr'><strong>τῆς</strong></span> 
     </span>
    </p>
   </div>
   <div class='ocr_carea' id='block_1_104' title="bbox 260 5435 1836 5510">
    <p class='ocr_par' dir='ltr' id='par_1_104' title="bbox 260 5435 1836 5510">
     <span class='ocr_line' id='line_1_104' title="bbox 260 5435 1836 5510; baseline 0 -21"><span class='ocrx_word' id='word_1_756' title='bbox 260 5436 392 5499; x_wconf 87' lang='grc' dir='ltr'>ιδίας</span> <span class='ocrx_word' id='word_1_757' title='bbox 427 5435 572 5507; x_wconf 83' lang='grc' dir='ltr'>ζωῆς</span> <span class='ocrx_word' id='word_1_758' title='bbox 595 5439 773 5508; x_wconf 88' lang='grc' dir='ltr'>χρόνῳ</span> <span class='ocrx_word' id='word_1_759' title='bbox 798 5455 861 5491; x_wconf 87' lang='grc' dir='ltr'><strong>συ</strong></span> <span class='ocrx_word' id='word_1_760' title='bbox 870 5439 1250 5510; x_wconf 87' lang='grc' dir='ltr'>μπαρατείνων</span> <span class='ocrx_word' id='word_1_761' title='bbox 1279 5437 1376 5509; x_wconf 83' lang='grc' dir='ltr'>τὴν</span> <span class='ocrx_word' id='word_1_762' title='bbox 1399 5441 1477 5500; x_wconf 85' lang='grc' dir='ltr'><strong>είς</strong></span> <span class='ocrx_word' id='word_1_763' title='bbox 1491 5437 1552 5490; x_wconf 76' lang='grc' dir='ltr'>τὸ</span> <span class='ocrx_word' id='word_1_764' title='bbox 1568 5435 1720 5490; x_wconf 83' lang='grc' dir='ltr'>Θεϊον</span> <span class='ocrx_word' id='word_1_765' title='bbox 1746 5453 1836 5488; x_wconf 78' lang='grc' dir='ltr'>πε·</span> 
     </span>
    </p>
   </div>
   <div class='ocr_carea' id='block_1_105' title="bbox 221 5527 1834 5601">
    <p class='ocr_par' dir='ltr' id='par_1_105' title="bbox 221 5527 1834 5601">
     <span class='ocr_line' id='line_1_105' title="bbox 221 5527 1834 5601; baseline -0.001 -21"><span class='ocrx_word' id='word_1_766' title='bbox 221 5557 230 5573; x_wconf 78' lang='grc' dir='ltr'><strong>ι</strong></span> <span class='ocrx_word' id='word_1_767' title='bbox 259 5527 532 5596; x_wconf 81' lang='grc' dir='ltr'>ποίθησιν.</span> <span class='ocrx_word' id='word_1_768' title='bbox 567 5527 834 5599; x_wconf 86' lang='grc' dir='ltr'>Ἑσπέραν</span> <span class='ocrx_word' id='word_1_769' title='bbox 855 5530 963 5600; x_wconf 89' lang='grc' dir='ltr'><strong>γάρ</strong></span> <span class='ocrx_word' id='word_1_770' title='bbox 985 5530 1078 5582; x_wconf 78' lang='grc' dir='ltr'>καὶ</span> <span class='ocrx_word' id='word_1_771' title='bbox 1105 5531 1338 5601; x_wconf 85' lang='grc' dir='ltr'>πρωῖαν,</span> <span class='ocrx_word' id='word_1_772' title='bbox 1366 5529 1460 5581; x_wconf 76' lang='grc' dir='ltr'>καὶ</span> <span class='ocrx_word' id='word_1_773' title='bbox 1491 5527 1834 5598; x_wconf 78' lang='grc' dir='ltr'>μεσημϐρίαν</span> 
     </span>
    </p>
   </div>
   <div class='ocr_carea' id='block_1_106' title="bbox 259 5617 1836 5694">
    <p class='ocr_par' dir='ltr' id='par_1_106' title="bbox 259 5617 1836 5694">
     <span class='ocr_line' id='line_1_106' title="bbox 259 5617 1836 5694; baseline -0.003 -20"><span class='ocrx_word' id='word_1_774' title='bbox 259 5617 452 5683; x_wconf 72' lang='grc' dir='ltr'>εἰπὼν,</span> <span class='ocrx_word' id='word_1_775' title='bbox 482 5618 604 5672; x_wconf 83' lang='grc' dir='ltr'>ὅλον</span> <span class='ocrx_word' id='word_1_776' title='bbox 651 5621 1048 5692; x_wconf 75' lang='grc' dir='ltr'>περιλαμϐάνει</span> <span class='ocrx_word' id='word_1_777' title='bbox 1087 5621 1145 5674; x_wconf 84' lang='grc' dir='ltr'>τὸ</span> <span class='ocrx_word' id='word_1_778' title='bbox 1177 5621 1478 5694; x_wconf 78' lang='grc' dir='ltr'>ἡμερήσιον</span> <span class='ocrx_word' id='word_1_779' title='bbox 1534 5619 1748 5690; x_wconf 75' lang='grc' dir='ltr'>μέτρον,</span> <span class='ocrx_word' id='word_1_780' title='bbox 1777 5621 1836 5671; x_wconf 85' lang='grc' dir='ltr'><strong>ἐν</strong></span> 
     </span>
    </p>
   </div>
   <div class='ocr_carea' id='block_1_107' title="bbox 1933 4429 3504 4496">
    <p class='ocr_par' dir='ltr' id='par_1_107' title="bbox 1933 4429 3504 4496">
     <span class='ocr_line' id='line_1_107' title="bbox 1933 4429 3504 4496; baseline -0.005 -9"><span class='ocrx_word' id='word_1_781' title='bbox 1933 4435 2082 4487; x_wconf 89' lang='lat' dir='ltr'><strong>mido</strong></span> <span class='ocrx_word' id='word_1_782' title='bbox 2121 4433 2336 4496; x_wconf 89' lang='lat' dir='ltr'><strong>mortis,</strong></span> <span class='ocrx_word' id='word_1_783' title='bbox 2371 4442 2426 4487; x_wconf 90' lang='lat' dir='ltr'><strong>et</strong></span> <span class='ocrx_word' id='word_1_784' title='bbox 2475 4435 2658 4494; x_wconf 81' lang='lat' dir='ltr'><strong>timor,</strong></span> <span class='ocrx_word' id='word_1_785' title='bbox 2715 4441 2766 4485; x_wconf 92' lang='lat' dir='ltr'><strong>et</strong></span> <span class='ocrx_word' id='word_1_786' title='bbox 2798 4439 3024 4495; x_wconf 86' lang='lat' dir='ltr'><strong>tremor,</strong></span> <span class='ocrx_word' id='word_1_787' title='bbox 3060 4439 3110 4483; x_wconf 90' lang='lat' dir='ltr'><strong>et</strong></span> <span class='ocrx_word' id='word_1_788' title='bbox 3151 4429 3410 4489; x_wconf 70' lang='lat' dir='ltr'><strong>tenebrae,</strong></span> <span class='ocrx_word' id='word_1_789' title='bbox 3453 4437 3504 4481; x_wconf 87' lang='lat' dir='ltr'><strong>et</strong></span> 
     </span>
    </p>
   </div>
   <div class='ocr_carea' id='block_1_108' title="bbox 1905 4519 3506 4594">
    <p class='ocr_par' dir='ltr' id='par_1_108' title="bbox 1905 4519 3506 4594">
     <span class='ocr_line' id='line_1_108' title="bbox 1905 4519 3506 4594; baseline -0.001 -16"><span class='ocrx_word' id='word_1_790' title='bbox 1905 4519 2154 4578; x_wconf 8' lang='lat' dir='ltr'><strong>(similia.</strong></span> <span class='ocrx_word' id='word_1_791' title='bbox 2185 4523 2288 4589; x_wconf 86' lang='lat' dir='ltr'><strong>Qui</strong></span> <span class='ocrx_word' id='word_1_792' title='bbox 2319 4525 2485 4594; x_wconf 79' lang='lat' dir='ltr'><strong>igitur</strong></span> <span class='ocrx_word' id='word_1_793' title='bbox 2516 4531 2593 4575; x_wconf 89' lang='lat' dir='ltr'><strong>tot</strong></span> <span class='ocrx_word' id='word_1_794' title='bbox 2629 4539 2693 4576; x_wconf 91' lang='lat' dir='ltr'><strong>ac</strong></span> <span class='ocrx_word' id='word_1_795' title='bbox 2741 4531 2924 4576; x_wconf 86' lang='lat' dir='ltr'><strong>tantos</strong></span> <span class='ocrx_word' id='word_1_796' title='bbox 2973 4521 3250 4590; x_wconf 88' lang='lat' dir='ltr'><strong>superavit</strong></span> <span class='ocrx_word' id='word_1_797' title='bbox 3296 4519 3506 4576; x_wconf 86' lang='lat' dir='ltr'><strong>hostes.</strong></span> 
     </span>
    </p>
   </div>
   <div class='ocr_carea' id='block_1_109' title="bbox 1934 4613 3506 4684">
    <p class='ocr_par' dir='ltr' id='par_1_109' title="bbox 1934 4613 3506 4684">
     <span class='ocr_line' id='line_1_109' title="bbox 1934 4613 3506 4684; baseline -0.001 -17"><span class='ocrx_word' id='word_1_798' title='bbox 1934 4615 2130 4684; x_wconf 88' lang='lat' dir='ltr'><strong>pennis</strong></span> <span class='ocrx_word' id='word_1_799' title='bbox 2167 4616 2290 4684; x_wconf 89' lang='lat' dir='ltr'><strong>ejus</strong></span> <span class='ocrx_word' id='word_1_800' title='bbox 2321 4615 2642 4684; x_wconf 87' lang='lat' dir='ltr'><strong>assumptis,</strong></span> <span class='ocrx_word' id='word_1_801' title='bbox 2674 4615 2766 4684; x_wconf 89' lang='lat' dir='ltr'><strong>qui</strong></span> <span class='ocrx_word' id='word_1_802' title='bbox 2795 4615 2848 4668; x_wconf 90' lang='lat' dir='ltr'><strong>in</strong></span> <span class='ocrx_word' id='word_1_803' title='bbox 2873 4615 3056 4684; x_wconf 91' lang='lat' dir='ltr'><strong>specie</strong></span> <span class='ocrx_word' id='word_1_804' title='bbox 3088 4613 3356 4668; x_wconf 73' lang='lat' dir='ltr'><strong>columba:</strong></span> <span class='ocrx_word' id='word_1_805' title='bbox 3384 4613 3506 4665; x_wconf 74' lang='lat' dir='ltr'><strong>vita:</strong></span> 
     </span>
    </p>
   </div>
   <div class='ocr_carea' id='block_1_110' title="bbox 1933 4702 3506 4774">
    <p class='ocr_par' dir='ltr' id='par_1_110' title="bbox 1933 4702 3506 4774">
     <span class='ocr_line' id='line_1_110' title="bbox 1933 4702 3506 4774; baseline -0.003 -15"><span class='ocrx_word' id='word_1_806' title='bbox 1933 4716 2134 4759; x_wconf 80' lang='lat' dir='ltr'><strong>nostra:</strong></span> <span class='ocrx_word' id='word_1_807' title='bbox 2167 4707 2438 4774; x_wconf 87' lang='lat' dir='ltr'><strong>apparuit,</strong></span> <span class='ocrx_word' id='word_1_808' title='bbox 2476 4705 2522 4759; x_wconf 90' lang='lat' dir='ltr'><strong>is</strong></span> <span class='ocrx_word' id='word_1_809' title='bbox 2554 4705 2810 4760; x_wconf 89' lang='lat' dir='ltr'><strong>transfert</strong></span> <span class='ocrx_word' id='word_1_810' title='bbox 2843 4720 2966 4758; x_wconf 89' lang='lat' dir='ltr'><strong>sese</strong></span> <span class='ocrx_word' id='word_1_811' title='bbox 2986 4704 3056 4758; x_wconf 90' lang='lat' dir='ltr'><strong>ab</strong></span> <span class='ocrx_word' id='word_1_812' title='bbox 3085 4703 3154 4757; x_wconf 90' lang='lat' dir='ltr'><strong>iis</strong></span> <span class='ocrx_word' id='word_1_813' title='bbox 3203 4702 3296 4772; x_wconf 90' lang='lat' dir='ltr'><strong>qui</strong></span> <span class='ocrx_word' id='word_1_814' title='bbox 3348 4702 3506 4755; x_wconf 88' lang='lat' dir='ltr'><strong>mali-</strong></span> 
     </span>
    </p>
   </div>
   <div class='ocr_carea' id='block_1_111' title="bbox 1933 4794 3510 4856">
    <p class='ocr_par' dir='ltr' id='par_1_111' title="bbox 1933 4794 3510 4856">
     <span class='ocr_line' id='line_1_111' title="bbox 1933 4794 3510 4856; baseline -0.002 -7"><span class='ocrx_word' id='word_1_815' title='bbox 1933 4799 2023 4850; x_wconf 77' lang='lat' dir='ltr'><strong>tia:</strong></span> <span class='ocrx_word' id='word_1_816' title='bbox 2053 4795 2236 4850; x_wconf 90' lang='lat' dir='ltr'><strong>studio</strong></span> <span class='ocrx_word' id='word_1_817' title='bbox 2269 4796 2608 4856; x_wconf 89' lang='lat' dir='ltr'><strong>inserviunt,</strong></span> <span class='ocrx_word' id='word_1_818' title='bbox 2641 4797 2696 4848; x_wconf 94' lang='lat' dir='ltr'><strong>in</strong></span> <span class='ocrx_word' id='word_1_819' title='bbox 2739 4794 3092 4850; x_wconf 85' lang='lat' dir='ltr'><strong>solitudinem</strong></span> <span class='ocrx_word' id='word_1_820' title='bbox 3149 4807 3374 4846; x_wconf 86' lang='lat' dir='ltr'><strong>vacuam</strong></span> <span class='ocrx_word' id='word_1_821' title='bbox 3439 4794 3510 4846; x_wconf 85' lang='lat' dir='ltr'><strong>ab</strong></span> 
     </span>
    </p>
   </div>
   <div class='ocr_carea' id='block_1_112' title="bbox 1935 4884 3505 4956">
    <p class='ocr_par' dir='ltr' id='par_1_112' title="bbox 1935 4884 3505 4956">
     <span class='ocr_line' id='line_1_112' title="bbox 1935 4884 3505 4956; baseline -0.003 -15"><span class='ocrx_word' id='word_1_822' title='bbox 1935 4887 2082 4942; x_wconf 88' lang='lat' dir='ltr'><strong>onmi</strong></span> <span class='ocrx_word' id='word_1_823' title='bbox 2139 4887 2368 4952; x_wconf 89' lang='lat' dir='ltr'><strong>malitia,</strong></span> <span class='ocrx_word' id='word_1_824' title='bbox 2403 4893 2458 4939; x_wconf 89' lang='lat' dir='ltr'><strong>et</strong></span> <span class='ocrx_word' id='word_1_825' title='bbox 2497 4886 2806 4956; x_wconf 90' lang='lat' dir='ltr'><strong>pernicioso</strong></span> <span class='ocrx_word' id='word_1_826' title='bbox 2865 4885 3204 4938; x_wconf 86' lang='lat' dir='ltr'><strong>zizaniorum</strong></span> <span class='ocrx_word' id='word_1_827' title='bbox 3245 4884 3505 4954; x_wconf 70' lang='lat' dir='ltr'><strong>germine.</strong></span> 
     </span>
    </p>
   </div>
   <div class='ocr_carea' id='block_1_113' title="bbox 1944 4976 3508 5050">
    <p class='ocr_par' dir='ltr' id='par_1_113' title="bbox 1944 4976 3508 5050">
     <span class='ocr_line' id='line_1_113' title="bbox 1944 4976 3508 5050; baseline -0.004 -16"><span class='ocrx_word' id='word_1_828' title='bbox 1944 4981 2036 5034; x_wconf 89' lang='lat' dir='ltr'><strong>ubi</strong></span> <span class='ocrx_word' id='word_1_829' title='bbox 2081 4980 2298 5050; x_wconf 80' lang='lat' dir='ltr'><strong>requies</strong></span> <span class='ocrx_word' id='word_1_830' title='bbox 2334 4979 2660 5047; x_wconf 88' lang='lat' dir='ltr'><strong>acquiritur,</strong></span> <span class='ocrx_word' id='word_1_831' title='bbox 2697 4978 2908 5032; x_wconf 87' lang='lat' dir='ltr'><strong>devicta</strong></span> <span class='ocrx_word' id='word_1_832' title='bbox 2944 4978 3056 5046; x_wconf 89' lang='lat' dir='ltr'><strong>jam</strong></span> <span class='ocrx_word' id='word_1_833' title='bbox 3093 4985 3204 5030; x_wconf 90' lang='lat' dir='ltr'><strong>tota</strong></span> <span class='ocrx_word' id='word_1_834' title='bbox 3249 4976 3508 5030; x_wconf 84' lang='lat' dir='ltr'><strong>adversa-</strong></span> 
     </span>
    </p>
   </div>
   <div class='ocr_carea' id='block_1_114' title="bbox 1937 5069 3509 5134">
    <p class='ocr_par' dir='ltr' id='par_1_114' title="bbox 1937 5069 3509 5134">
     <span class='ocr_line' id='line_1_114' title="bbox 1937 5069 3509 5134; baseline -0.004 -8"><span class='ocrx_word' id='word_1_835' title='bbox 1937 5075 2143 5126; x_wconf 84' lang='lat' dir='ltr'><strong>riorum</strong></span> <span class='ocrx_word' id='word_1_836' title='bbox 2177 5071 2400 5126; x_wconf 90' lang='lat' dir='ltr'><strong>civitate</strong></span> <span class='ocrx_word' id='word_1_837' title='bbox 2439 5087 2564 5124; x_wconf 89' lang='lat' dir='ltr'><strong>cum</strong></span> <span class='ocrx_word' id='word_1_838' title='bbox 2597 5071 2744 5124; x_wconf 89' lang='lat' dir='ltr'><strong>omni</strong></span> <span class='ocrx_word' id='word_1_839' title='bbox 2780 5070 3080 5122; x_wconf 85' lang='lat' dir='ltr'><strong>incolarum</strong></span> <span class='ocrx_word' id='word_1_840' title='bbox 3113 5069 3297 5132; x_wconf 90' lang='lat' dir='ltr'><strong>turba,</strong></span> <span class='ocrx_word' id='word_1_841' title='bbox 3348 5070 3509 5134; x_wconf 88' lang='lat' dir='ltr'><strong>cujus</strong></span> 
     </span>
    </p>
   </div>
   <div class='ocr_carea' id='block_1_115' title="bbox 1937 5158 3506 5231">
    <p class='ocr_par' dir='ltr' id='par_1_115' title="bbox 1937 5158 3506 5231">
     <span class='ocr_line' id='line_1_115' title="bbox 1937 5158 3506 5231; baseline -0.006 -13"><span class='ocrx_word' id='word_1_842' title='bbox 1937 5164 2130 5218; x_wconf 67' lang='lat' dir='ltr'><strong>incola:</strong></span> <span class='ocrx_word' id='word_1_843' title='bbox 2195 5171 2324 5218; x_wconf 87' lang='lat' dir='ltr'><strong>sunt</strong></span> <span class='ocrx_word' id='word_1_844' title='bbox 2379 5163 2642 5231; x_wconf 79' lang='lat' dir='ltr'><strong>iniquitas</strong></span> <span class='ocrx_word' id='word_1_845' title='bbox 2685 5169 2738 5216; x_wconf 88' lang='lat' dir='ltr'><strong>et</strong></span> <span class='ocrx_word' id='word_1_846' title='bbox 2795 5161 2972 5222; x_wconf 85' lang='lat' dir='ltr'><strong>labor,</strong></span> <span class='ocrx_word' id='word_1_847' title='bbox 3019 5169 3074 5214; x_wconf 91' lang='lat' dir='ltr'><strong>et</strong></span> <span class='ocrx_word' id='word_1_848' title='bbox 3115 5158 3506 5215; x_wconf 87' lang='lat' dir='ltr'><strong>contradictio,</strong></span> 
     </span>
    </p>
   </div>
   <div class='ocr_carea' id='block_1_116' title="bbox 1939 5247 3511 5319">
    <p class='ocr_par' dir='ltr' id='par_1_116' title="bbox 1939 5247 3511 5319">
     <span class='ocr_line' id='line_1_116' title="bbox 1939 5247 3511 5319; baseline -0.004 -10"><span class='ocrx_word' id='word_1_849' title='bbox 1939 5271 2127 5319; x_wconf 89' lang='lat' dir='ltr'><strong>usura,</strong></span> <span class='ocrx_word' id='word_1_850' title='bbox 2152 5265 2205 5309; x_wconf 91' lang='lat' dir='ltr'><strong>et</strong></span> <span class='ocrx_word' id='word_1_851' title='bbox 2233 5253 2412 5316; x_wconf 87' lang='lat' dir='ltr'><strong>dolus,</strong></span> <span class='ocrx_word' id='word_1_852' title='bbox 2449 5263 2504 5308; x_wconf 91' lang='lat' dir='ltr'><strong>et</strong></span> <span class='ocrx_word' id='word_1_853' title='bbox 2531 5269 2702 5314; x_wconf 89' lang='lat' dir='ltr'><strong>mors,</strong></span> <span class='ocrx_word' id='word_1_854' title='bbox 2743 5259 2796 5306; x_wconf 89' lang='lat' dir='ltr'><strong>et</strong></span> <span class='ocrx_word' id='word_1_855' title='bbox 2829 5252 3132 5304; x_wconf 84' lang='lat' dir='ltr'><strong>viventium</strong></span> <span class='ocrx_word' id='word_1_856' title='bbox 3193 5249 3260 5302; x_wconf 88' lang='lat' dir='ltr'><strong>ad</strong></span> <span class='ocrx_word' id='word_1_857' title='bbox 3301 5247 3511 5302; x_wconf 78' lang='lat' dir='ltr'><strong>inferos</strong></span> 
     </span>
    </p>
   </div>
   <div class='ocr_carea' id='block_1_117' title="bbox 1936 5341 3510 5416">
    <p class='ocr_par' dir='ltr' id='par_1_117' title="bbox 1936 5341 3510 5416">
     <span class='ocr_line' id='line_1_117' title="bbox 1936 5341 3510 5416; baseline -0.006 -14"><span class='ocrx_word' id='word_1_858' title='bbox 1936 5348 2259 5412; x_wconf 88' lang='lat' dir='ltr'><strong>descensus,</strong></span> <span class='ocrx_word' id='word_1_859' title='bbox 2307 5344 2539 5416; x_wconf 89' lang='lat' dir='ltr'><strong>etquod</strong></span> <span class='ocrx_word' id='word_1_860' title='bbox 2579 5345 2822 5398; x_wconf 87' lang='lat' dir='ltr'><strong>omnium</strong></span> <span class='ocrx_word' id='word_1_861' title='bbox 2859 5345 3123 5396; x_wconf 88' lang='lat' dir='ltr'><strong>malorum</strong></span> <span class='ocrx_word' id='word_1_862' title='bbox 3163 5341 3510 5394; x_wconf 87' lang='lat' dir='ltr'><strong>teterrinmm</strong></span> 
     </span>
    </p>
   </div>
   <div class='ocr_carea' id='block_1_118' title="bbox 1935 5432 3509 5508">
    <p class='ocr_par' dir='ltr' id='par_1_118' title="bbox 1935 5432 3509 5508">
     <span class='ocr_line' id='line_1_118' title="bbox 1935 5432 3509 5508; baseline -0.005 -16"><span class='ocrx_word' id='word_1_863' title='bbox 1935 5453 2106 5508; x_wconf 75' lang='lat' dir='ltr'><strong>genus</strong></span> <span class='ocrx_word' id='word_1_864' title='bbox 2165 5445 2280 5501; x_wconf 87' lang='lat' dir='ltr'><strong>est,</strong></span> <span class='ocrx_word' id='word_1_865' title='bbox 2339 5435 2642 5490; x_wconf 89' lang='lat' dir='ltr'><strong>incolarum</strong></span> <span class='ocrx_word' id='word_1_866' title='bbox 2701 5444 2960 5504; x_wconf 86' lang='lat' dir='ltr'><strong>perpetua</strong></span> <span class='ocrx_word' id='word_1_867' title='bbox 2993 5432 3332 5505; x_wconf 79' lang='lat' dir='ltr'><strong>hypocrisis,</strong></span> <span class='ocrx_word' id='word_1_868' title='bbox 3387 5445 3509 5501; x_wconf 74' lang='lat' dir='ltr'><strong>qua:</strong></span> 
     </span>
    </p>
   </div>
   <div class='ocr_carea' id='block_1_119' title="bbox 1935 5523 3506 5599">
    <p class='ocr_par' dir='ltr' id='par_1_119' title="bbox 1935 5523 3506 5599">
     <span class='ocr_line' id='line_1_119' title="bbox 1935 5523 3506 5599; baseline -0.007 -14"><span class='ocrx_word' id='word_1_869' title='bbox 1935 5529 2112 5599; x_wconf 77' lang='lat' dir='ltr'><strong>specie</strong></span> <span class='ocrx_word' id='word_1_870' title='bbox 2148 5527 2460 5583; x_wconf 67' lang='lat' dir='ltr'><strong>concordiae</strong></span> <span class='ocrx_word' id='word_1_871' title='bbox 2483 5535 2538 5582; x_wconf 90' lang='lat' dir='ltr'><strong>et</strong></span> <span class='ocrx_word' id='word_1_872' title='bbox 2567 5525 2966 5588; x_wconf 86' lang='lat' dir='ltr'><strong>unanimitatis,</strong></span> <span class='ocrx_word' id='word_1_873' title='bbox 2996 5523 3230 5580; x_wconf 87' lang='lat' dir='ltr'><strong>insidias</strong></span> <span class='ocrx_word' id='word_1_874' title='bbox 3257 5523 3506 5586; x_wconf 84' lang='lat' dir='ltr'><strong>molitur,</strong></span> 
     </span>
    </p>
   </div>
   <div class='ocr_carea' id='block_1_120' title="bbox 1942 5615 3510 5692">
    <p class='ocr_par' dir='ltr' id='par_1_120' title="bbox 1942 5615 3510 5692">
     <span class='ocr_line' id='line_1_120' title="bbox 1942 5615 3510 5692; baseline -0.004 -16"><span class='ocrx_word' id='word_1_875' title='bbox 1942 5637 2050 5692; x_wconf 89' lang='lat' dir='ltr'><strong>qua</strong></span> <span class='ocrx_word' id='word_1_876' title='bbox 2083 5621 2336 5691; x_wconf 86' lang='lat' dir='ltr'><strong>superior</strong></span> <span class='ocrx_word' id='word_1_877' title='bbox 2365 5619 2545 5676; x_wconf 84' lang='lat' dir='ltr'><strong>evadit</strong></span> <span class='ocrx_word' id='word_1_878' title='bbox 2581 5619 2690 5684; x_wconf 86' lang='lat' dir='ltr'><strong>illc,</strong></span> <span class='ocrx_word' id='word_1_879' title='bbox 2729 5619 2818 5690; x_wconf 86' lang='lat' dir='ltr'><strong>qui</strong></span> <span class='ocrx_word' id='word_1_880' title='bbox 2853 5618 3020 5673; x_wconf 89' lang='lat' dir='ltr'><strong>totius</strong></span> <span class='ocrx_word' id='word_1_881' title='bbox 3077 5615 3202 5670; x_wconf 64' lang='lat' dir='ltr'><strong>vitae</strong></span> <span class='ocrx_word' id='word_1_882' title='bbox 3247 5631 3364 5670; x_wconf 78' lang='lat' dir='ltr'><strong>suae</strong></span> <span class='ocrx_word' id='word_1_883' title='bbox 3411 5623 3510 5669; x_wconf 81' lang='lat' dir='ltr'><strong>tte-</strong></span> 
     </span>
    </p>
   </div>
  </div>
