3870 6220
438 228 546 284 575

1680 244 1735 298 S.
1763 243 2090 298 GREGORII
2129 241 2424 298 NYSSMVI

3590 244 3699 298 576

438 367 599 404 cursu
632 367 782 419 spem
816 361 869 405 et
901 353 1156 408 ﬁduciam
1190 370 1259 410 ex
1292 356 1402 410 Deo
1445 373 1771 427 suspensam
1823 361 2004 415 habet.

2112 356 2152 430 ᾧ
2175 361 2347 416 ταῦτα
2370 363 2537 430 λέγει,
2557 353 2632 414 ὧν
2648 363 2676 415 ὁ
2696 361 2828 426 Θεὸς
2857 363 3148 417 ἐπακούειν
3165 362 3414 432 ἀνέχεται
3435 377 3447 389 ·
3468 360 3702 430 λυτρού-

437 442 730 512 Vesperam
767 447 911 499 enim
940 454 996 500 et
1036 463 1214 511 mne,
1259 458 1311 503 et
1347 451 1628 506 meridiem
1681 453 2004 516 nominans,

436 542 610 588 totum
639 535 895 590 diurnum
953 553 1175 593 cursum
1238 542 1674 610 comprehendit,
1739 559 1849 614 quo
1880 546 2007 598 talia

442 634 650 689 narrat,
683 641 803 695 qua:
835 627 978 682 Deus
1001 630 1261 683 exaudire
1311 632 1571 696 sustinet,
1627 633 1904 688 redimens
1953 636 2008 688 in

442 732 573 785 pace
604 718 770 770 vitam
806 719 872 769 ab
900 720 985 783 iis,
1023 722 1117 786 qui
1157 720 1259 788 ipsi
1297 737 1490 791 magno
1539 738 1768 776 numero
1814 739 2010 793 appro-

441 808 727 875 pinquant,
759 825 898 877 quos
940 831 958 860 ι
1006 813 1152 865 viros
1211 813 1536 881 sanguinum
1574 831 1592 864 ι
1655 815 1919 875 nominat,
1955 823 2010 869 et

445 917 462 948 ι
501 897 722 953 dolosos
753 909 807 953 et
837 901 890 954 in
921 903 1128 956 malitia
1159 910 1594 957 consummatos.
1633 921 1652 954 ι
1678 901 1814 956 Cum
1845 905 2010 973 igitur

441 988 637 1043 liducia
679 989 733 1043 in
774 989 939 1044 Deum
971 1000 1051 1044 tot
1085 1008 1147 1046 ac
1193 1000 1377 1047 tantos
1401 992 1593 1048 hostes
1647 993 2007 1059 debellasset,

442 1096 635 1135 rursus
663 1083 819 1150 quasi
845 1083 1106 1136 oblivioni
1144 1083 1422 1152 prioribus
1455 1083 1734 1138 laboribus
1770 1085 2007 1147 traditis,

442 1171 494 1223 in
521 1171 812 1226 validiores
847 1173 1298 1240 robustioresque
1327 1173 1705 1242 antagouistas
1749 1174 2006 1245 insurgit.

441 1262 580 1317 Vide
608 1263 774 1328 enim,
802 1280 942 1332 quos
975 1264 1078 1318 sibi
1116 1265 1333 1318 labores
1361 1280 1458 1334 per
1487 1268 1784 1318 certamina
1816 1282 2011 1335 propo-

441 1362 571 1408 nat:
611 1374 628 1406 ι
661 1355 766 1408 Pro
794 1355 1014 1424 populo,
1050 1375 1068 1405 ι
1092 1355 1354 1424 inquit",
1390 1375 1408 1406 ι
1445 1356 1592 1425 quia
1621 1359 1830 1412 sanctis
1855 1359 2011 1426 longe

442 1446 620 1500 factus
659 1455 763 1500 est.
799 1465 817 1497 ι
865 1446 1107 1516 Populus
1147 1449 1251 1501 iste
1278 1456 1364 1502 est
1416 1455 1528 1501 tota
1561 1448 1838 1502 hominum
1871 1449 2011 1502 mul-

439 1539 832 1606 titudo,qnam
875 1538 1146 1607 separatio
1194 1552 1223 1590 a
1265 1539 1468 1592 sanctis
1505 1537 1776 1592 mandatis
1805 1538 2010 1605 ingenti

439 1629 673 1698 quodam
703 1637 759 1683 et
796 1631 1008 1683 inﬁnito
1050 1630 1339 1683 intervallo
1365 1643 1395 1680 a
1431 1627 1542 1682 Deo
1571 1631 1826 1698 sejunxit.
1855 1628 2010 1684 Hunc

436 1735 569 1790 ergo
599 1721 854 1789 pepulum
889 1730 1110 1774 revocat
1137 1735 1231 1789 per
1262 1721 1546 1774 victoriam
1578 1721 1647 1774 ab
1692 1720 2009 1774 adversario

439 1813 685 1877 relatam,
718 1813 998 1881 proposita
1038 1815 1090 1866 in
1135 1814 1415 1882 prmmium
1468 1815 1830 1868 certaminum
1893 1814 2007 1884 ipsa

441 1903 777 1972 perditorum
809 1905 1005 1970 salute,
1033 1904 1193 1970 cuius
1220 1905 1394 1973 gratia
1423 1905 1474 1957 in
1508 1904 1764 1958 columna
1793 1919 2009 1973 quoque

436 1995 690 2049 inscribit
714 1997 1034 2064 praeclarum
1086 1996 1189 2049 hoc
1225 1994 1457 2055 facinus,
1495 1995 1770 2064 scriptura
1803 1994 2009 2048 indele-

439 2087 555 2150 bili,
593 2087 826 2141 durante
855 2087 908 2139 in
948 2101 1112 2141 omne
1158 2101 1331 2140 aevum
1368 2102 1548 2139 rerum
1583 2096 1856 2155 gestarum
1897 2103 2007 2140 nte-

438 2181 630 2232 moria.
665 2177 872 2249 Obtigit
903 2179 1069 2249 igitur
1103 2177 1292 2232 Davidi
1342 2179 1572 2232 victoria
1609 2179 1662 2232 in
1703 2179 1867 2244 tituli,
1908 2194 2007 2234 seu

435 2270 703 2324 columna:
756 2269 1131 2338 inscriptione,
1177 2288 1195 2320 ι
1253 2267 1504 2335 Quando,
1547 2288 1566 2321 ι
1615 2270 1814 2340 inquit,
1871 2289 1889 2321 ι
1927 2278 2007 2324 te-

438 2371 676 2418 nuerunt
713 2377 837 2417 eum
897 2361 1168 2430 Allopbyli
1210 2361 1264 2415 in
1315 2359 1473 2415 Getlt.
1523 2379 1541 2412 ι
1602 2360 1680 2416 Ne
1728 2376 1856 2415 vero
1905 2377 2006 2417 nos

438 2460 723 2524 prretereat
758 2467 958 2506 sensus
989 2453 1307 2520 subjectus,
1343 2461 1393 2504 et
1433 2452 1591 2520 quasi
1642 2453 1884 2508 intextus
1923 2453 2007 2507 hi-

435 2548 622 2601 storiae
649 2545 970 2605 involucris,
1009 2543 1156 2597 facto
1188 2543 1371 2598 verbis
1427 2545 1775 2614 compendio,
1816 2547 2004 2615 paucis

435 2637 874 2693 commemorabo
905 2636 1188 2690 historiam
1213 2635 1279 2686 “.
1314 2633 1518 2688 Invidia
1545 2635 1811 2692 adversus
1847 2637 2005 2690 Davi-

437 2729 559 2783 dem
597 2728 871 2782 invaserat
899 2729 1244 2798 tyrannicum
1279 2725 1496 2782 Saulem
1523 2729 1594 2782 ob
1625 2729 1903 2783 victoriam
1936 2729 2006 2784 de

437 2827 710 2891 prostrato
731 2817 944 2873 Goliatb
983 2827 1340 2888 reportatam,
1373 2820 1634 2889 quodque
1660 2821 1889 2875 victoria
1913 2822 2004 2875 illa

437 2928 533 2981 per
571 2913 789 2976 choros,
813 2912 1055 2964 onminm
1089 2911 1380 2980 applausu,
1411 2912 1798 2966 celebraretur.
1825 2912 2005 2977 Quare

2113 471 2272 526 μενος
2295 455 2382 509 διά
2407 456 2636 525 εἰρήνης
2658 454 2756 525 τὴν
2779 455 2923 526 ζωὴν
2953 456 3060 508 ἀπὸ
3086 456 3195 509 τῶν
3220 454 3364 508 οὕτω
3396 468 3702 524 προσεγγί-

2109 548 2311 613 ζόντων
2342 546 2493 617 αὐτῷ
2529 549 2586 600 ὲν
2619 547 2799 618 πολλῷ
2840 547 2918 619 τῷ
2954 550 3280 619 συστήματι,
3313 545 3408 609 οὓς
3438 565 3457 597 ι
3496 544 3703 614 ἄνδρας

2110 641 2359 711 αἱμάτων
2399 660 2418 694 ι
2451 640 2730 711 ὀνομάζει,
2759 641 2854 694 καὶ
2879 655 2909 692 ἰ
2951 640 3280 710 δολιότητος,
3312 639 3406 693 καὶ
3443 639 3501 690 ὲν
3531 635 3708 707 κακίᾳ

2107 733 2371 797 τελείους.
2398 751 2416 784 ι
2441 733 2726 786 Τοσούτων
2745 733 2922 785 τοίνυν
2936 732 3031 785 καὶ
3045 731 3299 785 τοιούτων
3315 730 3401 784 διὰ
3425 730 3519 782 τοῦ
3540 728 3699 780 ila-:2-

2109 817 2222 881 ζειν
2255 819 2348 871 ἐπὶ
2375 818 2466 870 τὸν
2495 818 2628 870 Θεὸν
2657 817 3094 886 κατακρατήσας,
3129 815 3311 879 πάλιν,
3334 813 3522 883 ὥσπερ
3560 811 3696 864 τινὰ

2109 909 2277 979 λήθην
2325 908 2435 961 τῶν
2484 908 2848 976 δεικνυμένων
2900 906 3263 977 ποιησάμενος
3320 904 3518 962 πόνων,
3569 904 3695 964 τοῖς

2112 998 2477 1069 ἰσχυροτέροις
2511 1015 2573 1051 τε
2601 999 2695 1051 καὶ
2720 997 2960 1068 μείζοσιν
2986 997 3094 1049 τῶν
3135 992 3546 1061 ἀνταγωνιστῶν
3597 992 3699 1042 ἐπ-

2107 1090 2398 1160 εγείρεται.
2445 1089 2574 1143 Ἰδοὺ
2606 1089 2713 1158 γάρ
2746 1083 2858 1141 οἷον
2885 1088 3043 1140 πόνον
3069 1084 3244 1155 ἑαυτῷ
3270 1083 3356 1137 διὰ
3401 1083 3510 1135 τῶν
3541 1078 3698 1148 ἀγώ-

2107 1196 2213 1230 νων
2244 1179 2627 1250 προστίθησιν·
2667 1197 2686 1229 ι
2718 1175 2896 1245 ’Υπὲρ
2912 1176 3003 1230 τοῦ
3043 1176 3200 1235 λαοῦ,
3245 1193 3262 1225 ι
3313 1174 3498 1243 φησὶν,
3531 1191 3550 1223 ι
3587 1169 3696 1224 τοῦ

2107 1270 2215 1323 ἀπὸ
2241 1270 2351 1322 τῶν
2381 1270 2549 1338 άγίων
2589 1268 3080 1340 μεμακρυμμένου.
3125 1285 3144 1318 ι
3193 1265 3250 1319 '0
3275 1265 3330 1318 δὲ
3357 1265 3482 1326 λαὸς
3504 1254 3693 1324 οὗτος,

2109 1359 2253 1412 ἆπαν
2296 1359 2441 1410 ἐστὶν
2484 1358 2543 1410 τὸ
2571 1357 2911 1428 ἀνθρώπινον
2958 1357 3251 1426 πλήρωμα,
3279 1357 3413 1425 ὅπερ
3441 1356 3467 1406 ὁ
3520 1369 3697 1424 χωρι-

2109 1447 2245 1516 σμὸς
2274 1446 2381 1500 τῶν
2417 1447 2586 1514 ἁγίων
2629 1445 2855 1500 ὲντολῶν
2888 1445 3064 1515 πολλῷ
3088 1462 3195 1497 τινι
3233 1445 3327 1498 καὶ
3364 1444 3577 1514 ἀπείρῳ
3609 1441 3696 1511 τῷ

2112 1540 2314 1608 μεταξὺ
2342 1539 2665 1609 διαστήματι
2690 1539 2784 1591 τοῦ
2805 1537 2940 1591 Θεοῦ
2963 1537 3298 1608 διετείχισεν.
3331 1536 3532 1588 Τοῦτον
3555 1537 3695 1588 ἁνα-

2109 1630 2353 1684 καλεῖται
2379 1630 2467 1683 διὰ
2503 1631 2602 1698 τῆς
2629 1631 2764 1700 πρὸς
2795 1631 2886 1683 τὸν
2923 1629 3210 1683 ἀντίπαλον
3251 1628 3426 1697 νίκης,
3452 1626 3695 1680 ἔπαθλον

2041 1701 2082 1754 Β
2110 1722 2218 1780 τῶν
2256 1719 2480 1790 ἀγώνων
2517 1721 2614 1791 τὴν
2650 1720 2757 1774 τῶν
2787 1721 3136 1774 ἀπολωλότων
3185 1719 3453 1788 σωτηρίαν
3502 1718 3695 1771 ποιού-

2114 1830 2290 1882 μενος,
2319 1805 2380 1864 οὗ
2419 1813 2575 1883 χάριν
2599 1812 2688 1864 καὶ
2717 1812 3146 1882 ὲνστηλιτεύεται
3183 1811 3240 1864 τὸ
3272 1811 3598 1881 κατόρθωμα
3631 1813 3692 1863 ὲν

2108 1900 2476 1970 ἀνεξαλείπτῳ
2522 1903 2705 1972 γραφῇ
2756 1901 3166 1971 διαιωνιζούσης
3219 1901 3327 1954 τῶν
3383 1903 3696 1969 γεγονότων

2108 1993 2207 2062 τῆς
2239 1993 2478 2062 μνήμης.
2510 1992 2722 2045 Γίνεται
2749 1989 2841 2046 οὖν
2870 1994 2903 2064 ἡ
2935 1992 3054 2063 νίκη
3084 1993 3162 2062 τῷ
3191 1992 3353 2045 Δαὸὶδ
3384 1995 3462 2055 είς
3495 1993 3693 2060 στηλο-

2109 2084 2368 2154 γραφίαν,
2405 2101 2424 2134 ι
2458 2082 2714 2150 Ὀπότε,›
2759 2085 2945 2155 φησὶν,
2985 2103 3004 2136 ι
3057 2085 3366 2156 ἐκράτησαν
3416 2085 3580 2136 αὑτὸν
3636 2087 3690 2138 οἱ

2122 2177 2428 2244 ’Λλλόφυλοι
2455 2177 2512 2228 ὲν
2540 2176 2662 2231 Γέθ.
2702 2196 2723 2229 ο
2769 2177 2857 2240 Ὠς
2885 2176 2930 2229 δ’
2965 2176 3030 2230 ἂν
3057 2177 3133 2247 μὴ
3174 2176 3506 2248 παραδράμῃ
3537 2179 3690 2248 ἡμᾶς

2107 2267 2141 2337 ἠ
2170 2265 2257 2320 διά
2283 2267 2392 2320 τῶν
2429 2269 2765 2338 αἰνιγμάτων
2792 2268 2892 2337 τῆς
2931 2267 3170 2339 ἱστορίας
3209 2268 3543 2338 ὑφαινομένη
3568 2268 3690 2320 διά-

2107 2378 2226 2415 νοια
2269 2362 2346 2432 τῷ
2391 2361 2550 2432 λόγῳ,
2595 2361 2902 2430 συντέμνων
2941 2359 3010 2411 δι’
3055 2359 3236 2427 ὀλίγου
3275 2359 3691 2428 ἐπιδραμοῦμαι

2107 2453 2206 2522 τὴν
2236 2453 2494 2523 ἱστορίαν.
2535 2451 2728 2515 Φθόνος
2760 2451 2973 2519 ὲνεφύει
3003 2451 3144 2504 κατά
3166 2450 3259 2503 τοῦ
3288 2450 3453 2502 Δαεὶδ
3480 2449 3559 2519 τῷ
3588 2467 3689 2501 τυ-

2110 2543 2343 2613 ραννικῷ
2375 2542 2548 2596 Σαοὺλ
2586 2543 2678 2596 ἐπὶ
2709 2545 2775 2613 τῇ
2809 2543 2934 2615 νίκῃ
2966 2542 3059 2595 τοῦ
3089 2540 3300 2606 Γολιάθ,
3334 2540 3392 2594 ὲν
3425 2543 3491 2610 τῇ
3517 2542 3690 2610 εὐφη-

2111 2635 2212 2705 μίᾳ,
2242 2634 2348 2689 τῶν
2394 2634 2482 2688 διὰ
2529 2634 2745 2705 χορείας
2793 2636 3233 2707 φαιδρυνομένων
3281 2636 3348 2702 τῇ
3397 2633 3556 2702 νίκῃ·
3591 2633 3690 2684 καὶ

2111 2727 2315 2791 πάσαις
2353 2728 2618 2791 ἐπινοίαις
2646 2728 2818 2798 λάθρα
2849 2745 2907 2781 τε
2945 2727 3037 2780 καὶ
3066 2728 3130 2780 ὲκ
3165 2724 3256 2778 τοῦ
3286 2723 3553 2795 προδήλου
3594 2722 3690 2774 τὸν

2109 2821 2228 2871 κατ’
2261 2819 2423 2872 αὑτοῦ
2451 2819 2609 2887 φόνον
2653 2820 2682 2872 ὁ
2717 2818 2890 2874 Σαοὺλ
2936 2817 3246 2888 ἐξηρτύετο.
3279 2815 3392 2868 Νῦν
3425 2815 3522 2884 μὲν
3552 2813 3689 2884 κρύ-

2111 2907 2241 2978 ϐδην
2268 2909 2367 2972 τὰς
2411 2909 2699 2972 ἐπιϐουλὰς
2746 2908 3093 2972 συσκευάξων
3116 2923 3130 2936 ο
3173 2903 3326 2968 αὖθις
3360 2905 3416 2957 δὲ
3467 2903 3554 2956 διὰ
3587 2901 3686 2955 τοῦ

440 3004 568 3056 Saul
607 3004 756 3056 omni
790 3002 994 3062 studio,
1042 3002 1180 3056 clam
1209 3011 1265 3056 et
1293 3003 1492 3071 palam,
1530 3003 1809 3057 interitum
1842 3005 1892 3058 ei
1923 3003 2006 3057 af-

2112 2999 2375 3070 προδήλου
2405 2999 2513 3052 τῶν
2551 3000 2731 3054 ὃπλων
2763 2999 3085 3068 ἁπτόμενος,
3126 2997 3218 3051 καὶ
3262 2994 3537 3064 συγκικῶν
3563 2996 3688 3047 κατ’

439 3094 582 3148 ferre
607 3095 1045 3157 machinabatur,
1075 3109 1219 3148 nunc
1251 3095 1469 3163 quidem
1509 3097 1724 3150 occulte
1777 3096 2006 3150 structis

439 3183 675 3243 insidiis,
709 3199 904 3238 rursus
949 3191 1134 3252 aperte
1168 3185 1336 3238 armis
1396 3184 1450 3237 in
1510 3184 1662 3237 illum
1713 3186 2003 3254 correptis,

435 3275 777 3343 subditisque
811 3283 1000 3327 contra
1041 3275 1190 3327 illum
1223 3275 1538 3330 concitatis.
1568 3277 1639 3329 At
1669 3292 1794 3330 cum
1836 3280 2006 3333 variis

436 3365 734 3432 multisque
764 3363 940 3418 modis
976 3363 1143 3418 David
1175 3379 1206 3417 a
1249 3365 1413 3419 Saule
1441 3367 1750 3435 exagitatus
1787 3377 1842 3423 et
1886 3376 2006 3424 ten-

440 3465 584 3509 tatus
610 3463 776 3518 esset,
819 3455 1038 3509 tandem
1090 3457 1158 3510 ad
1197 3456 1448 3512 Gethteos
1489 3459 1787 3527 profectus,
1839 3478 2004 3516 unam

433 3561 504 3600 ex
533 3546 844 3600 civitatibus
888 3547 1318 3615 alienigenarum
1367 3549 1659 3612 incolebat,
1719 3561 1912 3621 sponte
1957 3554 2007 3607 ei

439 3635 492 3688 id
517 3635 626 3688 illis
653 3635 1104 3702 concedentibus,
1133 3637 1187 3690 in
1216 3652 1322 3704 qua
1354 3653 1461 3691 una
1489 3653 1613 3692 cum
1647 3641 1814 3696 sociis
1843 3640 2007 3711 dege-

439 3727 552 3788 bat,
591 3728 804 3782 duabus
848 3727 1077 3796 junctus
1129 3729 1384 3799 legitimis
1439 3731 1724 3796 uxoribus,
1771 3748 2004 3801 quarunt

437 3815 657 3885 quidem
695 3818 784 3870 illa
817 3815 1078 3872 lsraelitis
1107 3826 1246 3881 erat,
1280 3820 1368 3872 illa
1397 3835 1526 3874 vero
1550 3823 1787 3891 potentis
1817 3824 2003 3894 cujus-

437 3909 561 3962 dam
590 3910 644 3962 in
679 3909 928 3964 Carmelo
957 3911 1159 3980 conjux
1227 3911 1426 3978 fuerat,
1466 3929 1577 3982 quo
1605 3925 1843 3982 mortuo,
1902 3917 2008 3971 Dav

437 4001 550 4054 vidi
581 4011 862 4070 nupserat.
902 4001 1028 4057 Haac
1058 4004 1302 4058 historiae
1331 4005 1502 4060 series
1529 4006 1794 4060 continet.

507 4093 662 4158 Quod
695 4095 856 4161 igitur
910 4096 1164 4150 detentus
1219 4105 1303 4150 est
1331 4097 1474 4165 apud
1533 4097 1888 4167 alienigenas,
1951 4099 2006 4152 id

438 4199 544 4237 non
574 4193 656 4237 est
692 4193 1033 4253 argumento,
1063 4186 1238 4255 ipsum
1287 4187 1357 4240 ab
1393 4188 1737 4254 improbitate
1765 4205 2004 4258 occupa-

441 4285 551 4328 tum
588 4285 642 4329 et
665 4276 941 4330 detentum
971 4277 1180 4341 fuisse;
1213 4293 1320 4332 non
1351 4279 1495 4331 enim
1538 4282 1644 4332 tale
1681 4281 1812 4349 quid
1859 4283 2005 4335 acci—

436 4365 656 4429 dil;sed
698 4365 904 4420 indicat
952 4368 1161 4435 plenam
1194 4369 1484 4437 quamdam
1537 4385 1722 4424 amore
1759 4371 2010 4425 humani-
2039 4377 2088 4436 ι)

435 4466 601 4512 tatem
635 4467 689 4513 et
715 4457 1078 4523 aﬂ'ectionem,
1111 4474 1218 4528 qua
1257 4460 1571 4529 alienigenze
1609 4477 1734 4515 eum
1764 4464 2004 4532 comple-

434 4550 748 4604 ctebant‘ur.
787 4548 920 4603 Nam
969 4567 1129 4619 quem
1176 4567 1240 4605 ex
1274 4552 1516 4620 paternis
1559 4552 1781 4607 sedibus
1833 4554 2009 4622 ejeoe-

439 4650 589 4704 rant,
623 4643 764 4695 hunc
793 4642 998 4695 Getbazi
1029 4643 1144 4696 suis
1174 4642 1228 4694 in
1266 4640 1486 4695 sedibus
1527 4643 1818 4698 collocant.
1865 4645 2007 4710 Quid

437 4733 599 4803 igitur
631 4733 734 4787 iste
767 4731 958 4792 David.
992 4732 1136 4785 ﬁlius
1157 4729 1333 4797 Jesse,
1363 4733 1524 4786 homo
1553 4748 1617 4786 ex
1650 4733 1966 4790 hominibus
1990 4773 2007 4799 ,

436 4822 572 4876 adeo
608 4822 840 4890 propriis
865 4821 1256 4876 certaminibus
1298 4820 1496 4884 eli'ecit,
1533 4829 1593 4874 ut
1621 4831 1789 4876 totam
1842 4837 2008 4880 natu-

435 4930 552 4967 ram
583 4915 892 4973 humanam,
947 4913 1379 4981 transgressione
1433 4913 1743 4968 divinorum
1780 4917 2005 4970 manda-

436 5015 638 5066 torum,
671 5020 699 5056 a
735 5003 843 5058 Deo
884 5003 1100 5072 longius
1153 5003 1426 5065 abactam,
1479 5019 1788 5070 revocasse,
1843 5008 2005 5078 eique

435 5096 576 5149 tituli
611 5111 705 5149 seu
739 5099 1005 5149 columnae
1035 5096 1314 5162 inscripta:
1342 5096 1627 5164 aenigmata
1685 5098 2002 5166 nuntiasse,

437 5185 720 5254 praedicari
756 5186 971 5255 possit?
1003 5184 1416 5256 [inscriptionem
1456 5201 1586 5239 vero
1623 5188 1910 5254 columnas,
1955 5192 2003 5246 si

434 5277 562 5346 quis
587 5277 854 5331 divinitus
885 5277 1206 5346 inspiratam
1255 5277 1598 5346 Scripturam
1627 5282 1892 5346 nominet,
1953 5285 2001 5339 is

437 5367 660 5422 minime
686 5368 1038 5423 aberraverit.
1075 5369 1157 5422 An
1200 5369 1341 5422 forte
1365 5385 1430 5423 ex
1463 5369 1579 5437 ipsa
1616 5371 1857 5428 historiae
1883 5390 2004 5430 nar-

437 5459 654 5513 ratione
697 5459 892 5529 liquet,
925 5461 1087 5516 talem
1128 5469 1451 5530 tantumque
1481 5463 1668 5524 fuisse,
1710 5466 1806 5535 qui
1851 5476 2003 5522 extra

543 5633 587 5664 ⁸⁷
622 5631 768 5688 Psal.
798 5650 885 5700 ιν,
931 5635 977 5690 1.
1053 5635 1146 5687 ’³1
1187 5635 1317 5706 lleg.
1353 5653 1462 5700 ut,
1515 5639 1599 5693 l2.

2115 3088 2278 3142 αὑτοῦ
2310 3089 2372 3142 τὸ
2396 3089 2651 3158 ὑπήκοον.
2681 3089 2888 3158 Πολλῆς
2914 3088 2972 3140 δὲ
2998 3086 3254 3148 πολλάκις
3284 3083 3690 3153 προσαχθείσης

2113 3182 2308 3252 πείρας
2349 3181 2501 3251 παρὰ
2535 3180 2629 3232 τοῦ
2669 3180 2839 3234 Σαοὺλ
2866 3179 2944 3250 τῷ
2988 3178 3171 3241 Δαὸὶδ,
3204 3177 3352 3239 τέλος
3393 3174 3546 3246 παρά
3573 3177 3690 3236 τοῖς

2113 3273 2357 3334 Γεθαίοις
2407 3273 2712 3342 γενόμενος,
2747 3272 2900 3325 πόλιν
2952 3271 3165 3341 ᾤκησεν
3214 3269 3336 3322 τῶν
3371 3267 3689 3334 ἀλλοφύλων

2117 3360 2266 3430 μίαν,
2305 3361 2565 3423 ἑκουσίως
2611 3361 3128 3431 παραχωρησάντων
3172 3357 3348 3428 αὐτῷ,
3385 3361 3445 3410 ὲν
3551 3356 3689 3426 μετά

2112 3453 2220 3507 τῶν
2247 3453 2626 3506 συνασπιστῶν
2650 3449 2738 3524 ἦν,
2765 3453 2856 3504 δύο
2884 3452 3134 3522 νομίμοις
3159 3451 3370 3520 γυναιξὶ
3396 3449 3687 3513 συνοικῶν,

2113 3537 2188 3596 ὧν
2221 3545 2254 3612 ἡ
2289 3544 2384 3613 μὲν
2410 3539 2477 3614 ἦν
2518 3543 2858 3613 ἰσραηλῖτις,
2891 3545 2925 3613 ἡ
2956 3543 3011 3596 δὲ
3040 3542 3147 3594 τῶν
3171 3541 3311 3595 κατά
3339 3543 3431 3594 τὸν
3463 3541 3690 3613 Κάρμι-

2113 3635 2202 3688 λόν
2230 3652 2374 3698 τινος
2417 3635 2840 3688 δυναστευόντων
2867 3635 3128 3705 γενομένη
3158 3632 3316 3704 γυνὴ,
3355 3632 3494 3703 μετά
3524 3633 3689 3685 θάνα-

2113 3743 2203 3779 τον
2232 3727 2438 3779 ἐκείνου
2484 3726 2562 3798 τῷ
2596 3726 2757 3780 Δαϐὶδ
2791 3728 3175 3797 συνοικήσασα.
3217 3724 3400 3778 Ταῦτα
3445 3725 3689 3794 περιέχει

2116 3819 2149 3888 ἡ
2176 3818 2401 3890 ἱστορία.

2183 4087 2256 4140 Τὸ
2285 4087 2464 4140 τοίνυν
2506 4087 2876 4158 κεκρατῆσθαι
2909 4087 3071 4141 αὐτὸν
3104 4089 3162 4139 ὲν
3195 4089 3306 4149 τοῖς
3345 4085 3688 4156 ἀλλοφύλοις,

2111 4181 2172 4232 οὐ
2206 4181 2303 4251 τὴν
2334 4181 2425 4232 ἐπὶ
2450 4179 2604 4249 κακῷ
2624 4180 2922 4249 γενομένην
2950 4178 3208 4248 σύλληψιν
3240 4178 3366 4247 περὶ
3392 4175 3559 4230 αὑτοῦ
3581 4176 3690 4230 δια-

2115 4272 2395 4342 σημαίνει·
2429 4273 2489 4324 οὐ
2537 4272 2643 4343 γὰρ
2678 4271 2850 4334 οὕτως
2879 4271 3127 4338 ἐγένετο’
3163 4269 3298 4322 ἀλλὰ
3332 4270 3429 4339 τὴν
3467 4270 3688 4338 ἀγαπη-

2112 4365 2268 4436 τικὴν
2295 4364 2685 4434 φιλοφροσύνην
2708 4381 2765 4415 τε
2795 4363 2890 4416 καὶ
2914 4362 3169 4419 διάθεσιν,
3205 4363 3307 4414 Τὸν
3335 4361 3442 4433 γὰρ
3482 4362 3548 4413 ἐκ
3589 4360 3688 4430 τῆς

2113 4454 2370 4526 πατρῴας
2415 4456 2518 4524 γῆς
2557 4455 2912 4524 ἐλαυνόμενον
2951 4455 3001 4505 oi
3049 4452 3260 4506 Γεθαῖοι
3314 4453 3445 4524 παρ’
3475 4453 3688 4514 ἑαυτοῖς

2114 4547 2531 4610 κατοικίζουσιν.
2561 4548 2624 4600 Τί
2669 4545 2760 4600 οὖν
2784 4547 2894 4618 ἀρα
2920 4541 3071 4609 οὗτος
3107 4549 3134 4600 ὁ
3161 4546 3253 4598 τοῦ
3294 4544 3463 4598 Ἰεσσὲ
3499 4547 3685 4608 Δαόὶδ,

2113 4645 2142 4694 ὁ
2174 4641 2233 4706 ἐξ
2263 4641 2561 4712 ἀνθρώπων
2587 4639 2890 4710 ἄνθρωπος,
2915 4637 3165 4691 τοσοῦτον
3192 4640 3303 4701 τοῖς
3333 4637 3480 4701 ἰδίοις
3508 4638 3688 4701 ἄθλοις

2117 4732 2498 4803 κατώρθωσεν,
2545 4731 2618 4794 ὡς
2651 4732 2830 4784 πᾶσαν
2871 4729 2971 4800 τὴν
3011 4728 3357 4800 ἀνθρωπίνην
3409 4729 3570 4796 φύσιν
3602 4731 3686 4783 διὰ

2112 4827 2210 4896 τῆς
2257 4825 2363 4878 τῶν
2397 4824 2565 4891 ἁγίων
2603 4821 2828 4876 ὲντολῶν
2879 4820 3243 4891 παραϐάσεως
3287 4821 3687 4891 μακρυνθεῖσαν

2115 4917 2221 4970 ἀπὸ
2249 4916 2343 4970 τοῦ
2366 4915 2520 4980 Θεοῦ,
2555 4915 2715 4968 πάλιν
2751 4913 3210 4978 ἀνακαλέσασθαι,
3248 4913 3488 4982 κάκείνῳ
3520 4914 3685 4982 μηνύ-

2119 5009 2302 5062 σαιτά
2334 5007 2433 5076 τῆς
2475 5006 2874 5077 στηλογραφίας
2909 5005 3235 5074 αἱνίγματα;
3282 5001 3685 5073 στηλογραφίαν

2115 5101 2173 5154 δέ
2200 5118 2284 5163 τις
2308 5101 2406 5169 τὴν
2439 5097 2790 5150 θεόπνευστον
2812 5093 3032 5166 Γραφὴν
3059 5094 3337 5162 ὀνομάζων
3365 5093 3464 5162 οὐχ
3503 5093 3684 5161 ἀμαρ-

2109 5195 2352 5264 τήσεται.
2385 5192 2454 5244 Ἢ
2503 5188 2656 5258 δῆλόν
2695 5189 2810 5239 ἐστι
2862 5186 2948 5238 διὰ
2989 5183 3088 5252 τῆς
3143 5185 3284 5236 κατὰ
3315 5183 3413 5253 τὴν
3445 5183 3684 5253 ἱστορίαν

2111 5283 2494 5354 συμφράσεως,
2535 5281 2615 5332 ὅτι
2641 5276 2889 5339 τοσοῦτός
2917 5278 3062 5328 ἐστιν
3094 5275 3122 5327 ὁ
3147 5274 3251 5337 ἔξω
3277 5274 3382 5325 τῶν
3413 5273 3512 5343 τῆς
3551 5274 3676 5325 Ἰου-

2109 5375 2263 5436 δαίας
2299 5374 2438 5442 ὅρων
2469 5371 2772 5440 γενόμενος,
2804 5367 2896 5420 καὶ
2936 5365 3086 5418 πόλιν
3125 5365 3188 5416 ὲν
3222 5363 3536 5431 ἀλλοφύλοις
3557 5364 3675 5416 ἑαυ-

2111 5467 2187 5538 τῷ
2228 5465 2554 5528 συνοικίσας,
2596 5463 2690 5515 καὶ
2727 5458 2896 5530 διπλῷ
2940 5456 3450 5526 συναναπαυόμενος
3496 5454 3675 5527 γάμῳ,
