3870 6220
187 319 321 374 577
1630 316 1694 370 IN
1731 316 2064 373 PSALMOS.
3390 314 3498 371 578

187 441 314 510 τὴν
357 439 465 511 μὲν
488 437 584 494 τοῦ
625 436 1020 510 Ἰσραηλιτικοῦ
1047 437 1256 506 γένους,
1285 435 1385 507 τὴν
1421 435 1479 489 δὲ
1509 435 1573 488 ἐκ
1599 435 1706 488 τῶν
1738 435 1807 489 ἀλ

1926 435 2130 490 ,ιυίίιεαι
2153 435 2286 490 ﬁnes
2338 435 2531 506 pulsus
2558 444 2701 501 erat,
2735 437 2938 508 quique
2966 437 3110 493 inter
3156 437 3490 507 alienigenas

189 531 477 596 λοφύλων
524 529 604 600 τῷ
641 530 869 600 θαλάμῳ
910 527 1369 600 παραδεξάμενος.
1406 527 1572 578 Ὥστε
1613 526 1663 578 εί
1709 526 1807 598 χρὴ

1923 528 2123 580 iterum
2151 526 2333 581 sedem
2367 527 2508 591 ﬁxit,
2529 526 2734 596 duplici
2762 543 2858 597 per
2879 528 3284 588 matrimonium
3302 527 3488 596 juncta

191 620 308 674 τὸν
367 621 505 692 περὶ
558 620 748 674 τούτου
797 621 954 688 λόγον
1005 617 1344 690 τρανὼτερον
1400 616 1807 688 ἀπογυμνῶσαι,

1922 634 2113 682 uxore,
2148 619 2319 673 altera
2355 619 2572 687 quidem
2607 617 2892 674 Israelitici
2923 620 3160 689 generis,
3216 621 3390 674 altera
3420 636 3487 672 ex

197 706 384 775 οὗτος
417 711 625 775 ἐκεῖνός
653 713 800 764 ἐστιν
847 713 876 764 6
902 711 1129 781 νικητής
1162 727 1222 764 τε
1261 707 1394 778 ὁμοῦ
1430 708 1525 760 καὶ
1561 709 1811 778 νυμφίος.

201 803 296 856 Δι’
326 797 413 856 ὧν
444 805 543 874 μὲν
588 803 693 873 γὰρ
725 802 1135 871 κατηγωνίσατο
1169 801 1260 853 τὸν
1304 799 1364 852 τὸ
1403 799 1603 870 κράτος
1627 799 1816 868 ἔχοντα

202 896 314 950 τοῦ
349 897 614 960 θανάτου,
644 896 673 948 6
695 894 917 956 δυνατὸς
946 896 1004 946 ἐν
1033 892 1275 962 πολέμῳ,
1309 889 1402 944 τὸν
1434 890 1662 962 ἄπειρον
1693 889 1816 942 τοῦ-

203 1005 310 1040 τον
340 987 496 1046 λαὸν,
536 985 626 1038 τὸν
655 988 713 1038 ἐν
741 984 817 1053 τῷ
840 983 940 1055 ᾅδῃ
969 981 1359 1052 κρατούμενον,
1393 983 1471 1042 είς
1503 979 1813 1050 ἐλευθερίαν

205 1077 490 1144 ἐξείλετο.
523 1075 629 1129 Τοῦ
672 1077 727 1129 δὲ
777 1075 1109 1147 Ἰσραηλίτου
1150 1072 1278 1126 λαοῦ
1312 1071 1492 1142 φθόνῳ
1524 1072 1617 1124 καὶ
1655 1071 1813 1142 ζηλο-

204 1170 402 1242 τυπίᾳ
432 1170 569 1240 πρὸς
600 1168 691 1220 τὸν
730 1169 850 1221 κατ’
885 1167 1050 1221 αὐτοῦ
1091 1166 1248 1235 φόνον
1284 1166 1647 1236 ὁρμήσαντος,
1678 1183 1812 1236 κρασ

203 1265 405 1312 τείται
435 1260 500 1312 δι’
521 1259 734 1321 εὐνοίας
759 1258 910 1330 παρὰ
938 1257 1046 1312 τῶν
1074 1256 1406 1326 ἀλλοφύλων,
1435 1257 1529 1310 καὶ
1560 1257 1714 1310 πόλιν
1753 1258 1812 1309 ἐν

207 1354 418 1414 αὐτοῖς
455 1351 793 1420 συνίστησιν,
827 1349 925 1421 τὴν
964 1349 1292 1419 Ἐκκλησίαν
1336 1348 1500 1416 λέγω,
1530 1348 1588 1399 ἐν
1678 1365 1812 1419 κρα-

204 1446 375 1499 τύνει
429 1445 526 1515 τὴν
571 1443 764 1497 ἐαυτοῦ
818 1443 1112 1514 βασιλείαν,
1137 1445 1165 1496 6
1208 1441 1379 1496 εἰπὼν
1412 1444 1526 1505 τοῖς
1575 1442 1678 1494 ὑπὸ
1716 1441 1810 1494 τοῦ

207 1539 405 1594 Σαοὺλ
430 1539 804 1607 τεταγμένοις,
832 1538 936 1596 ὅτι,
965 1555 981 1586 ι
1007 1535 1330 1606 Ἀρθήσεται
1357 1534 1450 1601 ἀφ’
1475 1533 1626 1603 ὑμῶν
1653 1536 1685 1602 ή
1717 1535 1811 1601 βα-

209 1630 430 1695 σιλεία,
464 1632 558 1683 καὶ
596 1629 879 1699 δοθήσεται
913 1627 1055 1680 ἔθνει
1104 1624 1341 1678 ποιοῦντι
1395 1625 1519 1687 τοὺς
1570 1625 1812 1694 καρποὺς

207 1721 420 1789 αὐτῆς.
449 1740 467 1771 ι
493 1720 581 1772 Ἐν
601 1717 773 1789 ταύτῃ
799 1717 968 1780 πόλει,
999 1717 1112 1768 ἐστὶ
1142 1715 1239 1785 μέν
1255 1732 1305 1766 τι
1331 1715 1424 1766 καὶ
1447 1714 1541 1782 τῆς
1559 1711 1814 1781 Ἰσραηλι-

1922 710 2242 780 alienigenis
2274 711 2327 764 in
2360 710 2659 764 thalamum
2710 710 3019 764 advocata?
3055 709 3240 779 Itaque
3285 711 3332 765 si
3365 725 3491 765 ora-

1920 804 2126 856 tionem
2156 803 2222 858 de
2255 804 2340 859 his
2374 803 2592 872 planius
2617 812 2671 856 et
2695 799 3006 856 diSIinctius
3043 804 3326 857 instituere
3355 804 3489 857 veli-

1921 910 2067 956 mus,
2109 894 2198 948 hic
2227 894 2480 949 videlicet
2513 895 2603 948 ille
2636 902 2719 949 est
2749 895 2924 946 victor
2953 895 3113 949 simul
3147 902 3201 947 et
3229 909 3485 962 sponsus,

1920 987 2013 1056 qui
2056 995 2251 1056 potens
2281 986 2336 1039 in
2369 987 2531 1050 bello,
2570 986 2897 1055 validosque
2949 986 3159 1039 viribus
3219 985 3488 1040 debellato

1919 1077 2034 1141 illo,
2068 1077 2160 1146 qui
2194 1077 2382 1132 mortis
2413 1080 2708 1147 potentiam
2756 1079 3089 1147 possidebat,
3139 1078 3485 1131 innumerum

1919 1168 2071 1222 illum
2114 1169 2367 1238 populum
2410 1185 2570 1239 quem
2608 1170 2770 1223 inferi
2804 1170 3078 1233 tenebant,
3105 1169 3156 1221 in
3183 1168 3483 1222 libertatein

1919 1259 2192 1313 asseruit:
2252 1273 2376 1312 cum
2434 1269 2615 1312 autem
2652 1261 2886 1328 populus
2925 1258 3251 1313 Israeliticus
3285 1257 3485 1310 invidia

1917 1359 1970 1403 et
1998 1351 2342 1404 aemulatione
2378 1349 2643 1404 incitatus
2679 1359 2845 1415 esset,
2885 1350 3146 1416 recipitur
3176 1363 3365 1416 magna
3393 1348 3488 1402 be-

1919 1441 2232 1493 nevolentia
2278 1441 2346 1494 ab
2382 1441 2722 1509 alienigenis,
2755 1450 2808 1494 et
2831 1441 3106 1493 civitatem
3168 1439 3311 1508 apud
3363 1439 3487 1492 illos

1918 1530 2126 1594 condit,
2163 1530 2482 1590 Ecclesiam,
2511 1535 2765 1600 inquam,
2793 1531 2854 1584 in
2901 1545 3006 1599 qua
3065 1539 3210 1583 tenet
3259 1544 3483 1597 regnum

1916 1629 1972 1675 et
2012 1622 2300 1690 imperium
2333 1638 2491 1678 suum
2532 1624 2625 1677 ille
2698 1622 2792 1692 qui
2829 1622 3064 1677 subditis
3097 1621 3280 1674 Saulis
3306 1620 3436 1672 dixit
3467 1639 3481 1674 :

1924 1727 1944 1761 ι
1974 1710 2269 1766 Auferetur
2295 1725 2326 1765 a
2371 1713 2528 1767 vobis
2561 1725 2812 1781 regnum,
2866 1718 2922 1768 et
2950 1709 3169 1763 dabitur
3200 1709 3346 1778 genti
3406 1707 3486 1761 fe-

206 1813 389 1882 τικῆς
422 1811 716 1879 εὐγενείας,
752 1808 892 1862 κατά
929 1808 1033 1877 τὴν
1074 1807 1415 1878 προφητικὴν
1445 1803 1807 1874 ἀναφώνησιν,

1914 1802 2054 1856 renti
2082 1800 2292 1856 fructus
2319 1802 2437 1869 ejus
2459 1802 2526 1856 ”.
2557 1819 2578 1854 ι
2606 1802 2666 1858 1η
2695 1804 2799 1858 ista
2819 1803 3043 1858 civitate
3077 1799 3282 1870 aliquid
3317 1799 3481 1854 etiam

207 1899 246 1966 ἦ
281 1914 478 1968 φησιν,
511 1898 591 1950 ὃτι
624 1915 643 1945 ι
673 1897 766 1948 Ἐν
792 1895 1110 1966 ἐκκλησίαις
1137 1895 1406 1962 εὐλογεῖτε
1427 1893 1517 1945 τὸν
1542 1894 1673 1945 Θεὸν
1707 1892 1812 1945 Κύ-

214 2005 342 2057 ριον
397 1989 463 2040 ἐκ
500 1987 690 2058 πηγῶν
735 1985 971 2056 Ἰσραήλ.
1012 2003 1032 2038 ι
1069 1987 1132 2039 Ol
1158 1985 1267 2057 γὰρ
1315 1985 1682 2056 κατάρξαντες
1715 1984 1808 2038 τοῦ

211 2075 391 2142 λόγου
421 2077 517 2146 τῆς
550 2076 802 2138 πίστεως,
837 2077 886 2128 οί
929 2076 1165 2146 κήρυκες
1209 2076 1307 2145 τῆς
1335 2075 1612 2144 ἀληθείας,
1653 2075 1700 2127 οἱ
1725 2073 1812 2126 θε-

219 2167 498 2236 μελιωταὶ
516 2170 614 2238 τῆς
642 2167 986 2237 Ἐκκλησίας,
1017 2168 1064 2218 οί
1099 2167 1357 2237 μαθηταὶ,
1377 2167 1537 2234 λέγω,
1558 2167 1652 2219 καὶ
1682 2166 1811 2219 ἀπό-

217 2259 430 2323 στολοι,
469 2261 533 2312 ἐκ
562 2259 752 2329 πηγῶν
783 2256 922 2331 ἦσαν
965 2259 1058 2312 τοῦ
1104 2261 1338 2331 Ἰσραήλ.
1374 2279 1392 2311 ι
1433 2263 1747 2330 Ἄρχοντες,
1784 2279 1803 2311 ι

215 2351 417 2418 φησὶν,
440 2368 458 2400 ι
480 2348 669 2415 Ἰούδα,
695 2351 962 2420 ἡγεμόνες
987 2351 1484 2423 αὐτῶν.¹Ἀρχοντες
1505 2350 1806 2416 Ζαϐουλὼν,

217 2434 492 2504 ἄρχοντες
521 2436 856 2507 Νεφθαλείμ.
892 2457 912 2489 ι
942 2438 1040 2492 Διά
1073 2440 1315 2509 σημείων
1356 2440 1516 2494 τινῶν
1547 2441 1638 2492 καὶ
1672 2457 1810 2510 συμ-

219 2526 408 2579 ϐόλων
451 2529 815 2598 προσημαίνει
846 2531 878 2599 ή
912 2532 1215 2601 προφητεία
1253 2532 1324 2584 τὰ
1349 2531 1442 2584 τοῦ
1475 2533 1665 2601 γένους
1699 2532 1809 2584 τῶν

225 2619 496 2690 μαθητῶν
529 2619 811 2690 ἰδιώματα.
829 2622 916 2674 Ἐν
936 2617 1017 2686 οἷς
1039 2625 1153 2676 ἐστι
1183 2624 1278 2676 καὶ
1303 2625 1332 2677 6
1356 2623 1619 2695 νεώτερος
1644 2642 1660 2672 r
1688 2625 1810 2677 Βεν·

223 2712 387 2781 ιαμὶν
437 2711 526 2764 διὰ
559 2713 659 2781 τῆς
688 2712 997 2776 ἐκστάσεως
1029 2731 1047 2764 ι
1079 2714 1388 2778 παιδευθεὶς
1413 2715 1480 2768 τὰ
1511 2714 1806 2786 μυστήρια,

223 2805 324 2855 καὶ
375 2804 439 2856 ἐκ
476 2804 786 2874 σπέρματος
839 2805 1110 2875 Ἀϐραὰμ,
1157 2805 1256 2859 καὶ
1307 2806 1479 2877 φυλῆς
1528 2807 1804 2877 Βενιαμὶν,

222 2895 440 2959 Παῦλος
465 2895 495 2946 6
525 2894 667 2959 θεῖος
695 2896 1010 2960 ἀπόστολος.

1917 1891 2229 1947 Israeliticae
2254 1894 2501 1947 civitatis
2533 1893 2776 1962 reperire
2818 1893 2965 1955 licet,
2997 1892 3154 1961 juxta
3204 1889 3484 1960 propheti-

1915 1999 2036 2037 cam
2079 1984 2225 2038 illam
2254 2000 2465 2050 vocem,
2495 2002 2617 2055 qua:
2644 1986 2719 2039 ait
2761 2004 2774 2040 :
2815 2003 2834 2037 ι
2872 1983 2928 2038 In
2967 1983 3214 2039 ecclesiis
3261 1981 3484 2036 benedi-

1915 2076 2022 2129 cite
2044 2074 2214 2131 Deum
2249 2075 2536 2131 Dominum
2566 2078 2634 2132 de
2664 2077 2906 2132 fontibus
2929 2077 3094 2132 Israel
3116 2076 3167 2140 ις
3193 2097 3211 2127 ι
3241 2091 3367 2130 nam
3388 2075 3482 2144 qui

1915 2167 2072 2222 initio
2111 2167 2232 2222 ﬁdei
2269 2169 2576 2223 doctrinam
2613 2169 2976 2234 tradiderunt,
3011 2183 3290 2238 praecones
3341 2167 3479 2221 veri-

1917 2261 2068 2323 tatis,
2126 2259 2384 2316 Ecclesia:
2417 2261 2756 2321 l'nndatorcs.
2809 2262 3091 2330 discipuli.
3132 2260 3386 2329 inquam,
3423 2267 3478 2313 et

1917 2351 2170 2421 apostoli,
2201 2351 2602 2406 descenderunt
2631 2367 2695 2406 ex
2754 2351 2997 2405 fontibus
3041 2350 3227 2406 Israel.
3267 2368 3286 2400 ι
3325 2347 3482 2402 Prin-

1915 2443 2084 2509 cipes,
2118 2461 2135 2493 ι
2173 2443 2373 2512 inquit,
2416 2463 2434 2494 ι
2466 2442 2629 2506 Juda,
2666 2445 2942 2514 principes
2965 2458 3175 2502 eorum.
3206 2441 3482 2513 principes

1916 2533 2181 2601 Zabulon,
2208 2544 2263 2589 et
2301 2536 2576 2605 principes
2613 2535 2980 2605 Nephtbalim.
3018 2557 3035 2588 ι
3065 2534 3168 2591 Ubi
3203 2551 3299 2606 per
3325 2536 3478 2605 signa
3546 2597 3554 2604 .

1914 2625 2160 2695 quaedam
2193 2635 2247 2680 et
2277 2627 2519 2696 symbola
2552 2627 2823 2696 Propheta
2867 2629 3197 2689 vaticinans,
3239 2627 3478 2696 generis,

1916 2732 1982 2770 ex
2019 2733 2128 2786 quo
2159 2719 2263 2772 orti
2323 2727 2481 2772 erant
2543 2719 2822 2789 discipuli,
2863 2720 3226 2788 proprietates
3258 2717 3484 2772 demon-

1916 2816 2073 2864 strat.
2107 2809 2250 2863 Inter
2289 2824 2426 2878 quos
2475 2810 2746 2878 reperitur
2809 2809 2994 2862 itidem
3041 2807 3483 2862 adolescentulus

1915 2901 2008 2955 ille
2058 2921 2078 2952 ‹
2145 2901 2449 2970 Benjamin,
2512 2901 2568 2954 in
2603 2901 2807 2954 mentis
2853 2915 3082 2954 excessu
3145 2917 3164 2950 ι
3225 2897 3483 2967 mysteria

1913 2993 2184 3056 edoctus;
2215 3007 2279 3046 ex
2335 2993 2546 3046 semine
2597 2991 2897 3059 Abraham,
2959 2990 3108 3046 tribu
3160 2987 3481 3058 Benjamin,

1914 3082 2118 3138 Paulus
2146 3084 2362 3137 divinus
2386 3083 2475 3138 ille
2502 3085 2806 3152 apostolus.

297 3162 470 3233 Πλὴν,
503 3163 551 3214 εί
579 3161 672 3215 καὶ
696 3163 760 3232 τῇ
813 3160 1158 3232 Ἰσραηλίτιδι
1187 3167 1456 3218 συνοικεῖν
1485 3167 1514 3219 6
1553 3166 1807 3237 βασιλεὺς

1981 3175 2249 3228 Caeterum
2285 3173 2412 3226 licet
2447 3187 2570 3226 cum
2605 3170 2908 3225 Israelitica
2941 3183 3162 3240 quoque
3196 3183 3286 3223 rex
3323 3167 3481 3221 habi-

225 3257 548 3326 ἱστορεῖται,
576 3254 688 3306 ἀλλ’
715 3257 996 3323 ἀγαπᾶται
1029 3255 1212 3309 πλεῖον
1245 3258 1278 3325 ή
1319 3256 1591 3326 Ἀϐιγαία,
1685 3277 1808 3312 συν-

223 3347 363 3417 ῴκει
398 3348 463 3399 τὺ
508 3347 772 3418 πρότερον
823 3349 850 3400 6
888 3348 1206 3418 Καρμήλιος
1237 3348 1460 3413 Νάϐαλ,
1512 3351 1541 3403 6
1591 3352 1808 3415 κυνικὸς

228 3442 483 3510 ἐπίκλην,
517 3441 545 3492 6
577 3441 780 3509 τραχὺς
813 3441 1017 3502 ἐκεῖνος
1045 3440 1140 3492 καὶ
1167 3439 1364 3510 ὄρειος,
1397 3444 1425 3494 6
1458 3442 1526 3495 τὰ
1560 3443 1808 3512 πρόϐατα

230 3532 454 3602 κείρων.
478 3526 550 3584 Οὗ
569 3529 974 3599 διαφθαρέντος,
1002 3533 1238 3583 συνοικεῖ
1256 3531 1332 3601 τῷ
1355 3531 1564 3600 βασιλεῖ
1589 3536 1622 3602 ή
1645 3535 1804 3605 γυνὴ,

231 3623 326 3676 καὶ
367 3622 632 3690 βασιλέων
669 3621 876 3688 γίνεται
914 3621 1115 3691 μήτηρ.
1161 3621 1226 3674 Ἦ
1267 3622 1364 3692 μὲν
1401 3618 1493 3676 οῦν
1527 3625 1806 3698 ἐπιγραφὴ

233 3717 330 3785 τῆς
367 3714 691 3785 ψαλμῳδίας
775 3713 1012 3768 τοσαῦτα
1068 3713 1312 3787 περιέχει
1360 3717 1670 3787 μυστήρια,
1708 3719 1809 3790 τὴν

235 3809 373 3877 ὑπὲρ
415 3806 509 3859 τοῦ
559 3806 689 3861 λαοῦ
735 3805 831 3859 τοῦ
881 3805 1283 3876 μακρυνθέντος
1330 3808 1437 3860 ἀπὸ
1498 3809 1597 3864 τῶν
1641 3812 1809 3878 ἁγίων

235 3899 593 3969 σημαίνουσα,
631 3899 724 3951 καὶ
763 3897 863 3969 τήν
898 3899 989 3949 ἐπὶ
1020 3900 1131 3960 τοῖς
1172 3897 1592 3968 κατορθώμασιν
1666 3903 1806 3973 ὑπὲρ

233 3991 341 4043 τῶν
370 3990 681 4058 ἀλλοφύλων
711 3990 932 4060 στήλην,
961 3991 1081 4060 ἥτις
1109 3989 1196 4043 διὰ
1223 3990 1331 4042 τῶν
1358 3992 1415 4044 ἐν
1447 3993 1580 4063 αὐτῇ
1623 4010 1807 4064 γραμο

239 4080 445 4149 μάτων,
491 4082 601 4142 τοῖς
643 4079 744 4150 μὲν
793 4079 901 4132 ἀπὸ
932 4079 1031 4149 τῆς
1077 4079 1332 4143 ἀπιστίας
1371 4079 1480 4134 τῶν
1521 4082 1806 4146 Ἰουδαίων,

235 4170 437 4233 ἴνειδος
481 4171 741 4241 ἕστηκεν,
788 4173 901 4234 τοῖς
942 4170 998 4224 δὲ
1042 4170 1130 4224 διά
1179 4173 1414 4236 πίστεως
1460 4173 1803 4243 σωζομένοις,

235 4263 424 4331 ὁδηγία
453 4262 588 4332 πρὸς
626 4261 688 4314 τὺ
722 4261 924 4328 ἀγαθὸν
959 4262 1053 4314 καὶ
1091 4261 1413 4332 ὑπόδειγμα.
1448 4264 1596 4316 Αύτά
1626 4263 1681 4318 δὲ
1710 4265 1808 4334 τῆς

240 4354 550 4424 ψαλμῳδίας
573 4355 644 4406 τά
674 4355 891 4424 ῥήματα
924 4352 1123 4423 μᾶλλόν
1154 4369 1268 4418 πως
1290 4355 1436 4407 δοκεῖ
1460 4355 1520 4408 ού
1553 4357 1805 4410 τοσοῦτον

242 4447 374 4516 πρὸς
400 4445 492 4497 τὸν
519 4445 856 4512 ἀναφανέντα
883 4444 1105 4513 βασιλέα
1135 4443 1370 4513 βλέπειν,
1394 4445 1516 4498 ὅσον
1543 4446 1679 4514 πρὸς
1706 4445 1804 4498 αύ-

240 4537 327 4589 τὸν
354 4535 442 4587 τὸν
473 4535 638 4587 Δαϐὶδ
669 4535 760 4587 τὸν
790 4534 931 4587 κατὰ
970 4534 1070 4604 τῆς
1111 4535 1308 4598 κακίας
1339 4536 1665 4605 ἀγωνιστὴν,
1709 4537 1804 4589 καὶ

239 4627 333 4695 τῆς
360 4626 560 4694 ἀρετῆς
585 4625 840 4694 ἐργάτην.
879 4625 992 4677 Ούκ
1024 4623 1088 4676 ἂν
1119 4624 1175 4676 δέ
1202 4641 1284 4687 τις
1313 4626 1536 4696 ἀπᾴδειν
1569 4627 1711 4678 είποι
1737 4625 1807 4678 τά

241 4717 334 4786 τῆς
370 4714 685 4784 ψαλμῳδίας
715 4715 964 4784 νοήματα
986 4752 1001 4775 ,
1047 4713 1182 4783 πρὸς
1221 4713 1288 4766 τὰ
1323 4715 1422 4784 τῆς
1458 4714 1682 4784 Γραφῆς
1722 4716 1808 4766 αἱ·

242 4811 492 4878 νίγματα.
554 4809 610 4861 '0
658 4807 765 4878 γὰρ
813 4807 949 4877 πρὸς
987 4807 1086 4877 τὴν
1133 4807 1406 4874 θεολογίαν
1439 4807 1672 4876 ἀληθῶς,
1709 4808 1806 4861 καὶ

243 4902 356 4956 καθ’
385 4900 442 4953 ὃν
471 4899 551 4952 δεῖ
573 4899 770 4971 τρόπον
801 4897 1032 4967 βλέπων,
1065 4898 1352 4968 σύμφωνον
1374 4898 1644 4962 ἀποδείξει
1667 4899 1806 4954 πάνυ

244 5010 343 5055 τως
373 4992 462 5044 τὸν
507 4991 619 5060 βίον
644 4994 710 5062 τῇ
741 4991 941 5045 πίστει.
975 4991 1144 5043 Τοῦτο
1183 4990 1240 5043 δὲ
1268 4992 1368 5043 οὐκ
1398 4991 1600 5053 ἄλλως,
1644 4993 1692 5043 εί
1729 4992 1806 5062 μὴ

245 5083 336 5153 τῆς
383 5082 648 5152 σαρκικῆς
700 5080 1114 5143 ἐπαναστάσεως
1163 5080 1249 5133 διά
1299 5080 1409 5133 τῶν
1457 5079 1558 5148 τῆς
1603 5080 1804 5149 ἀρετῆς

246 5173 674 5244 ἐπιτηδευμάτων
697 5173 1128 5243 καταπεσούσης.
1164 5173 1386 5243 Ἀρετῆς
1406 5173 1462 5226 δὲ
1489 5174 1803 5240 κεφάλαιον,

248 5268 278 5336 ἡ
323 5266 408 5316 τοῦ
452 5264 586 5317 Θεοῦ
641 5265 958 5334 συμμαχία,
986 5260 1052 5335 ἦς
1087 5263 1328 5329 ἀξιοῦται
1371 5265 1399 5315 ὁ
1449 5264 1590 5317 θεῖον
1627 5265 1805 5317 ἔλαιον

249 5355 412 5426 ἐαυτῷ
438 5356 529 5408 διὰ
557 5357 652 5425 τῆς
695 5354 840 5424 ζωῆς
883 5355 1269 5424 οἰκειούμενος.
1307 5356 1515 5424 Ὥσπερ
1558 5355 1614 5407 δέ
1647 5353 1806 5418 εἴτις

247 5447 432 5519 λῃστοῦ
496 5464 637 5509 τινος
689 5447 1006 5509 ἐπελθόντος
1051 5447 1083 5517 ἢ
1143 5446 1499 5515 ἀνδροφόνου,
1557 5445 1699 5499 κατά
1744 5447 1808 5499 τὸ

250 5539 448 5610 ἀθρόον,
472 5537 781 5591 ἐπικαλοῖτο
799 5537 908 5590 τῶν
932 5537 1100 5606 φίλων
1126 5537 1276 5599 τινὰς
1299 5541 1377 5600 εἰς
1405 5536 1680 5606 βοήθειαν,
1705 5540 1805 5592 οὐκ

314 5718 357 5750 ’θ
400 5715 582 5770 )latth.
625 5732 735 5782 xxi,
775 5715 864 5771 45.
943 5716 958 5746 ¹
996 5714 1140 5770 Psal.
1173 5730 1339 5778 Lxm,
1391 5713 1483 5769 27.

1909 3273 2031 3320 tare
2083 3275 2568 3327 commemoretur,
2625 3273 2864 3317 attamen
2926 3262 3207 3316 ardentius
3267 3267 3484 3314 amatur

1908 3358 2148 3426 Abigail,
2203 3372 2367 3426 quam
2408 3356 2562 3424 prius
2595 3368 2819 3408 uxorem
2857 3353 3124 3408 habuerat
3174 3350 3482 3406 Carmelius

1911 3450 2000 3503 ille
2023 3448 2217 3511 Nabal,
2245 3449 2486 3518 Cynicus
2512 3446 2952 3516 cognominatus,
2987 3459 3147 3513 asper
3178 3443 3290 3506 ille,
3322 3457 3482 3495 mon-

1909 3541 2057 3595 tibus
2080 3549 2357 3601 assuetus,
2385 3539 2612 3594 tondere
2639 3539 2838 3593 solitus
2863 3553 3013 3592 oves.
3045 3538 3166 3602 Quo
3196 3537 3479 3597 defuncto,

1906 3634 2156 3703 jungitur
2213 3635 2304 3688 illa
2370 3634 2570 3687 mulier
2627 3634 2832 3702 nuptiis
2883 3631 3050 3700 regis,
3107 3631 3274 3700 ﬁtque
3309 3639 3480 3684 mater

1908 3739 2120 3794 regum.
2185 3723 2357 3793 Igitur
2421 3723 2714 3792 inscriptio
2772 3721 2969 3792 psalmi
3040 3721 3170 3774 talia
3232 3719 3480 3774 continet

1911 3815 2191 3886 mysteria,
2225 3815 2475 3868 indicans
2505 3813 2758 3868 videlicet
2790 3815 3008 3866 titulum
3033 3828 3128 3866 seu
3165 3813 3476 3865 columnam

1911 3923 2009 3976 pro
2039 3908 2244 3976 populo
2284 3922 2312 3959 a
2349 3907 2558 3961 sanctis
2591 3907 2866 3976 elongato,
2908 3913 2961 3958 et
2993 3904 3209 3973 egregia
3256 3903 3346 3956 illa
3380 3919 3479 3973 pro

1907 3997 2234 4066 alienigenis
2265 3997 2509 4050 facinora
2537 4015 2551 4062 ;
2589 4014 2711 4067 quae
2745 4013 2838 4066 per
2869 3998 3077 4051 litteras
3125 3997 3228 4051 sibi
3283 3997 3480 4050 inscri-

1907 4095 2050 4156 ptas,
2081 4087 2284 4142 Iudaeis
2312 4089 2531 4157 quidem
2578 4089 2648 4143 ob
2675 4087 2952 4157 perﬁdiam
3014 4087 3066 4141 in
3124 4087 3474 4156 Opprohrium

1907 4189 2092 4234 erecta
2127 4188 2250 4235 est:
2285 4181 2392 4236 illis
2423 4195 2573 4239 vero.
2607 4180 2698 4249 qui
2736 4195 2830 4250 per
2863 4178 3022 4234 ﬁdem
3082 4181 3383 4242 salvantur,
3421 4179 3476 4232 in

1907 4272 2102 4327 ducem
2149 4281 2206 4327 et
2253 4274 2558 4343 exemplum
2594 4272 2663 4327 ad
2692 4288 2910 4326 omnem
2959 4272 3318 4326 honestatem.
3357 4272 3477 4340 Ipsa

1909 4375 2088 4419 autem
2139 4363 2335 4434 psalmi
2372 4364 2536 4418 verba
2596 4379 2704 4416 non
2753 4370 2861 4415 tam
2912 4363 3189 4430 respicere
3224 4361 3477 4416 videntur

1907 4466 2087 4524 regem
2137 4454 2314 4516 illum,
2348 4453 2443 4522 qui
2500 4469 2623 4508 sese
2671 4453 2831 4507 nobis
2861 4467 2892 4506 e
2941 4453 3080 4506 caelo
3136 4451 3477 4506 descendens

1908 4546 2192 4616 patefecit,
2225 4561 2390 4616 quam
2429 4545 2607 4614 ipsum
2662 4544 2942 4603 Davidem,
2978 4543 3158 4596 omnis
3214 4542 3480 4611 improbi-

1908 4635 2038 4688 tatis
2071 4633 2485 4698 debellatorem,
2523 4633 2849 4702 virtutisque
2902 4640 3252 4686 sectatorem.
3287 4630 3474 4700 Neque

1908 4737 2038 4776 vero
2079 4722 2276 4775 dixerit
2332 4721 2454 4790 quis
2485 4720 2810 4774 sententiam
2864 4718 3058 4788 psalmi
3091 4732 3120 4769 a
3178 4717 3476 4786 Scriptum

1907 4814 2212 4884 aenigmatis
2247 4813 2609 4881 obscurisque
2654 4810 2910 4866 setis-ibus
2945 4810 3279 4876 discrepare.
3339 4805 3474 4859 Nam

1908 4905 2002 4974 qui
2037 4919 2162 4959 vere
2217 4911 2272 4957 et
2322 4919 2390 4957 eo
2437 4918 2544 4971 quo
2605 4903 2762 4957 decet
2797 4900 2981 4961 modo,
3009 4900 3076 4952 ad
3125 4897 3472 4966 theologiam,

1909 5011 2205 5064 rerumque
2245 4997 2551 5049 ccelestium
2577 4994 2942 5064 cognitionem
2967 4992 3158 5046 oculos
3179 4991 3472 5051 convertit,

1911 5087 2005 5141 ille
2025 5088 2192 5140 vitam
2219 5101 2345 5141 cum
2379 5087 2481 5139 ﬁde
2510 5085 2856 5139 conformat:
2882 5083 3024 5151 quod
3058 5081 3217 5135 aliter
3249 5096 3358 5134 non
3395 5082 3470 5137 ﬁt.

1911 5196 2076 5249 quam
2111 5181 2155 5233 si
2189 5180 2440 5233 carnales
2481 5178 2848 5248 appetitiones
2901 5175 3086 5229 studio
3131 5174 3392 5227 virtutum
3425 5184 3478 5226 et

1911 5269 2300 5324 exercitatione
2345 5270 2796 5337 comprimantur,
2833 5273 2888 5320 et
2916 5266 3259 5319 edomentur.
3292 5262 3470 5330 Caput

1910 5373 2042 5412 vero
2063 5358 2287 5413 virtutis
2326 5367 2409 5412 est
2442 5357 2532 5412 Dei
2564 5356 2868 5412 subsidium
2913 5364 2969 5408 et
3013 5354 3298 5416 auxilium,
3328 5350 3472 5420 quod

1911 5450 1960 5503 ei
1997 5449 2248 5518 obtingit,
2279 5449 2372 5517 qui
2419 5448 2657 5502 divinam
2702 5445 3136 5501 misericordiam
3185 5459 3282 5513 per
3310 5443 3474 5496 vitam

1912 5539 2016 5595 sibi
2047 5541 2325 5594 conciliat.
2356 5537 2824 5604 Quemadmodum
2855 5547 3035 5592 autem
3064 5536 3274 5590 latrone
3297 5543 3350 5589 ct
3379 5535 3476 5588 bo-
