3870 6220
357 293 462 349 579

1589 294 1646 348 S.
1676 291 2000 347 GREGORII
2019 291 2316 350 NYSSENI

3499 295 3609 350 580

354 416 552 472 micida
576 415 828 485 quopiam
855 427 922 467 ex
953 412 1254 482 improviso
1275 411 1537 475 irruente,
1559 416 1777 466 invocat
1797 414 1918 481 quis

2026 412 2203 482 ἀρκῶν
2231 413 2407 483 ἐαυτῷ
2439 413 2573 485 πρὸς
2601 415 2698 485 τὴν
2728 413 2834 468 τῶν
2865 415 3124 470 κινδύνων
3157 417 3470 488 ἀποφυγήν
3507 417 3604 469 οὖα

354 507 584 569 amicos,
619 514 676 559 ut
703 503 985 574 suppetias
1021 503 1223 568 ferant,
1257 518 1366 558 non
1406 513 1700 560 contentus
1741 505 1926 573 seipso

352 600 420 654 ad
471 598 700 669 periculi
755 598 904 652 illius
935 597 1116 666 fugam
1149 610 1162 646 :
1192 597 1267 650 ita
1301 604 1356 651 et
1409 597 1498 651 hic
1538 597 1592 650 in
1626 597 1927 650 certamine

352 692 733 755 constitutus,
799 698 1024 760 propter
1091 689 1507 758 impressionem
1573 689 1641 741 ab
1704 687 1926 741 homine

354 788 576 847 factam,
610 785 908 853 (hominem
957 783 1275 841 nominans,
1320 790 1531 834 naturae
1569 788 1772 834 nostrae
1803 795 1925 848 per-

352 876 694 930 turbationes
741 887 794 930 et
824 875 1141 929 affectiones
1189 874 1398 928 indicat
1443 888 1574 927 voce
1615 871 1922 939 collectiva)

351 969 569 1022 invocat
622 983 922 1037 supernum
963 966 1252 1030 auxilium,
1308 965 1622 1020 conculcari
1682 981 1802 1019 sese
1855 964 1923 1018 ab

351 1061 573 1114 inimico
603 1061 815 1121 dicens,
847 1059 1174 1129 fatigarique
1203 1068 1257 1112 et
1277 1058 1553 1121 tribulari,
1585 1071 1764 1128 pugna
1791 1071 1925 1109 con-

350 1153 532 1205 tinuos
564 1151 680 1205 dies
715 1151 966 1203 durante.

421 1241 604 1310 Neque
634 1241 779 1293 enim
820 1255 984 1292 unum
1017 1239 1284 1292 duntaxat
1315 1238 1693 1293 adversarium
1734 1255 1920 1294 secum

347 1332 673 1399 confligendi
710 1346 877 1384 causa
911 1331 1193 1399 congredi,
1249 1331 1342 1385 sed
1382 1332 1603 1384 unicum
1643 1331 1920 1385 hominem

352 1426 522 1476 instar
549 1421 913 1474 multitudinis
943 1421 1183 1474 hostium
1213 1436 1358 1474 esse.
1381 1421 1471 1473 Ait
1491 1421 1674 1474 enim:
1712 1439 1730 1471 ι
1771 1420 1920 1474 Con-

347 1515 702 1567 culcavcrnnt
733 1527 819 1565 me
874 1511 1083 1564 inimici
1137 1511 1243 1564 mei
1280 1518 1394 1564 tota
1426 1511 1536 1571 die,
1578 1528 1597 1561 ι
1634 1510 1823 1565 missis
1853 1511 1920 1564 ab

347 1609 455 1660 alto
475 1605 693 1676 jaculis,
717 1619 782 1658 eo
808 1604 951 1673 quod
978 1604 1286 1672 superiores
1309 1606 1420 1658 sint
1447 1619 1552 1668 me,
1571 1602 1665 1671 qui
1697 1603 1921 1656 concul-

346 1713 460 1751 cor.
485 1696 668 1765 Neque
693 1697 742 1748 id
769 1695 913 1764 quod
945 1694 1168 1757 accidit,
1191 1695 1257 1749 de
1280 1695 1368 1748 die
1395 1694 1450 1747 fit
1474 1704 1526 1749 et
1549 1695 1670 1748 luce
1694 1695 1871 1763 palam
1903 1712 1915 1747 :

346 1804 452 1842 non
484 1789 627 1842 enim
683 1787 1012 1849 timuissem,
1064 1786 1108 1840 si
1141 1787 1320 1856 palam
1359 1801 1572 1839 mecum
1631 1787 1916 1855 congressi

347 1894 552 1936 cSScnt.
608 1879 689 1933 οι)
750 1880 800 1932 id
857 1879 1051 1933 addit:
1117 1897 1135 1929 ‹
1180 1877 1252 1932 De
1291 1877 1379 1932 die
1434 1893 1544 1931 non
1604 1878 1850 1940 timebo;
1890 1895 1910 1930 ι

347 1970 512 2023 tacite
544 1970 834 2022 insinuans
869 1968 921 2021 in
959 1958 1199 2022 teneb'ris
1247 1982 1306 2022 se
1345 1967 1411 2021 ab
1448 1967 1700 2021 hostibus
1734 1975 1917 2022 exter-

345 2062 547 2125 retieri,
587 2071 639 2114 et
672 2059 964 2113 formidine
1017 2058 1257 2127 percelli.
1300 2056 1404 2111 Sed
1463 2058 1586 2111 talis
1619 2058 1763 2111 diem
1802 2059 1918 2128 ipse

345 2154 451 2209 sibi
502 2159 777 2223 procreat,
834 2150 1112 2219 sperando
1163 2157 1218 2203 In
1270 2149 1466 2213 lucem,
1520 2163 1626 2218 qua
1679 2151 1917 2204 tenebrae

345 2244 705 2314 (lispellantur
734 2261 746 2295 :
789 2259 807 2291 ι
849 2239 924 2295 De
953 2239 1043 2295 die
1077 2256 1185 2294 non
1219 2241 1447 2306 timebo,
1481 2255 1582 2310 ego
1616 2256 1744 2294 vero
1776 2242 1829 2294 in
1864 2250 1918 2296 te

345 2336 598 2406 sperabo.
640 2353 658 2385 ι
693 2332 854 2386 Forte
884 2343 1064 2387 autem
1108 2335 1435 2387 sententiam
1469 2347 1679 2396 eorum,
1712 2347 1832 2401 qua:
1860 2332 1915 2386 in

349 2428 450 2481 hoc
488 2427 700 2496 psalmo
731 2425 935 2495 scripta
965 2433 1118 2488 sunt,
1148 2425 1325 2492 magis
1352 2432 1698 2492 assequetur,
1723 2424 1814 2492 qui
1848 2422 1917 2476 ad

349 2518 728 2587 inscriptionis
757 2517 984 2586 aenigma
1010 2531 1132 2570 sese
1157 2524 1438 2570 convertet
1463 2532 1476 2580 ;
1505 2514 1744 2584 quandiu
1769 2515 1914 2568 enim

345 2610 584 2662 humana
625 2609 773 2661 natio
805 2623 834 2660 a
865 2607 1072 2662 sanctis
1103 2607 1311 2675 angelis
1357 2609 1516 2675 longe
1548 2606 1741 2659 dissita
1775 2613 1912 2671 erat,

341 2699 775 2752 conculcabatur
848 2698 917 2750 ab
991 2696 1476 2750 immoderatarum
1567 2695 1913 2748 alfectionum

344 2793 562 2848 natura,
592 2785 1003 2855 angebaturque
1041 2792 1096 2838 et
1129 2783 1533 2853 defatigabatur
1573 2799 1765 2854 pugna:
1796 2799 1914 2853 per-

342 2877 606 2947 petuitate
639 2891 702 2931 ex
735 2876 898 2931 editis
937 2884 992 2930 et
1022 2876 1399 2945 superioribus
1436 2875 1572 2930 locis
1608 2875 1867 2943 impedita
1897 2892 1910 2927 :

342 2978 634 3038 propterea
687 2978 855 3022 noctu
918 2969 1156 3023 maxime
1203 2968 1640 3037 pertimescebat.
1685 2967 1914 3033 Quando

343 3068 525 3113 autem
567 3059 805 3129 speravit
858 3059 912 3112 in
948 3058 1080 3122 Deo,
1142 3075 1240 3130 spe
1279 3061 1371 3112 illa
1425 3061 1478 3114 in
1535 3060 1691 3114 vanis
1751 3060 1914 3114 rebus

341 3151 543 3221 posita,
574 3151 722 3205 velut
759 3151 1000 3220 pondere
1046 3151 1308 3221 quodam,
1365 3151 1620 3219 abjecta;
1676 3159 1805 3204 tunc
1859 3150 1916 3206 in

347 3241 536 3296 laudes
572 3243 779 3312 pr0prii
812 3243 1083 3297 sermonis
1103 3245 1285 3312 erupit
1339 3244 1432 3314 qui
1467 3243 1602 3298 nihil
1632 3243 1776 3297 aliud
1811 3251 1914 3306 est,

343 3349 508 3403 quam
539 3332 816 3388 confessio
847 3334 991 3389 fidei.
1026 3334 1117 3387 Ait
1145 3337 1290 3390 enim
1327 3354 1339 3389 :
1381 3355 1399 3387 ι
1443 3335 1502 3389 in
1541 3334 1650 3388 Deo
1681 3333 1918 3388 laudabo

291 3471 297 3480 .
347 3441 632 3482 sermones
685 3443 856 3482 meos.
896 3445 914 3479 ι
955 3425 1059 3482 Sed
1099 3428 1196 3482 hos
1251 3444 1406 3484 meos
1441 3443 1724 3484 sermones
1758 3427 1919 3481 laude

345 3519 542 3587 dignos
578 3527 940 3572 exsecrantur
972 3518 1176 3572 inimici
1214 3519 1342 3584 mei,
1379 3519 1472 3589 qui
1518 3534 1733 3572 onmem
1767 3518 1919 3586 cogi-

347 3612 611 3664 tationem
648 3625 802 3665 suam
853 3625 919 3664 eo
970 3618 1321 3674 convertunt,
1360 3618 1418 3663 ut
1473 3610 1602 3663 mihi
1657 3618 1919 3673 noceant,

346 3701 703 3771 occultasque
730 3709 783 3756 et
811 3702 1163 3757 absconditas
1198 3702 1452 3767 insidias,
1473 3703 1602 3756 dum
1632 3718 1754 3756 cum
1784 3703 1920 3773 ipsis

348 3790 555 3851 habito.
587 3799 841 3857 struant;
879 3793 971 3860 qui
1017 3806 1170 3845 suam
1207 3801 1378 3847 artem
1417 3791 1752 3857 factitantes,
1811 3809 1918 3847 non

347 3890 568 3936 cessant
617 3883 912 3937 observare
961 3883 1281 3937 calcaneum
1340 3900 1558 3937 meum:
1621 3883 1722 3936 hoc
1774 3883 1920 3936 enim

349 3986 490 4042 opus
528 3979 611 4026 est
635 3973 776 4041 ejus,
799 3973 893 4042 qui
926 3974 994 4029 ab
1027 3973 1184 4027 initio
1216 3973 1492 4027 homicida
1523 3971 1628 4026 fuit
1653 3973 1704 4038 ’,
1730 3972 1922 4026 obser-

347 4079 474 4118 vare
527 4065 843 4117 calcaneum
902 4064 1213 4127 hominis';
1252 4071 1306 4116 at
1367 4065 1509 4118 enim
1562 4062 1691 4116 licet
1745 4062 1920 4116 hostis

353 4156 642 4224 impressio
694 4154 876 4224 gravis
935 4156 1024 4218 sit,
1064 4155 1361 4223 repelletur
1407 4163 1588 4208 tamen
1657 4153 1920 4208 beneﬁcio

350 4247 537 4301 auxilii
576 4247 654 4299 tui
683 4264 694 4298 :
730 4259 854 4300 nam
883 4246 1055 4315 gratis
1090 4246 1402 4299 hominibus
1435 4245 1584 4299 salus
1615 4253 1721 4300 ate
1749 4247 1918 4311 venit,

350 4351 459 4389 non
487 4351 551 4390 ex
579 4336 837 4404 operibus
870 4335 1115 4404 iustitiae,
1169 4334 1261 4388 sed
1291 4350 1355 4388 ex
1407 4334 1523 4389 sola
1577 4343 1671 4388 tua
1700 4337 1872 4405 gratia
1903 4355 1914 4389 :

2025 521 2103 556 τω
2149 506 2242 557 καὶ
2285 504 2519 559 ἐνταῦθα
2568 505 2857 575 ἐναγώνιος
2910 508 3006 572 ὢν,
3048 509 3137 562 διὰ
3189 510 3290 579 τῆς
3336 509 3471 580 πρὸς
3506 510 3608 562 τὸν

2025 594 2310 662 ἄνθρωπον
2341 597 2664 666 συμπλοκῆς
2687 600 2704 668 (
2724 598 3008 669 ἄνθρωπον
3032 599 3089 651 δέ
3117 598 3312 668 λέγων,
3343 603 3408 670 τῇ
3441 617 3607 666 περι-

2025 685 2262 756 ληπτικῇ
2303 690 2451 757 φωνῇ
2504 687 2573 740 τὰ
2621 689 2719 759 τῆς
2765 689 2977 756 φύσεως
3021 690 3350 742 ἐνδείκνυται
3395 689 3548 758 πάθη
3586 692 3604 757 )

2026 779 2368 831 ἐπικαλεῖται
2401 779 2498 850 τὴν
2538 781 2742 834 ἄνωθεν
2775 780 3047 851 βοήθειαν,
3093 781 3379 834 πατεῖσθαι
3420 780 3605 848 λέγων

2025 869 2176 936 παρὰ
2195 870 2288 922 τοῦ
2311 870 2691 939 πολεμοῦντος,
2724 873 2819 924 καὶ
2844 870 2921 942 τῷ
2948 889 3091 942 πανη
3100 889 3165 942 με
3172 871 3273 943 ρίῳ
3295 873 3392 942 τῆς
3413 871 3608 941 μάχης

2022 964 2384 1034 ἀπαγορεύειν
2413 981 2471 1018 τε
2505 965 2596 1017 καὶ
2624 964 2983 1019 ἐκθλίϐεσθαι.

2092 1236 2238 1307 Μηδέ
2281 1236 2390 1309 γὰρ
2443 1236 2602 1306 μόνον
2649 1236 2935 1306 τυγχάνειν
2966 1238 3057 1290 τὸν
3103 1237 3189 1290 διὰ
3219 1237 3326 1290 τῶν
3367 1237 3604 1306 ἀγώνων

2021 1332 2169 1400 αὐτῷ
2206 1331 2674 1400 συμπλεκόμενον,
2714 1330 2848 1384 ἀλλά
2884 1331 3052 1400 δῆμον
3098 1329 3304 1400 ἐχθρῶν
3335 1327 3469 1382 εἶναι
3501 1331 3604 1382 τὸν

2021 1423 2115 1474 ἕνα
2145 1421 2446 1492 ἄνθρωπον.
2477 1439 2493 1470 ι
2528 1420 2929 1491 Κατεπάτησαν
2953 1419 3060 1490 γάρ
3092 1437 3181 1490 με,
3219 1439 3238 1471 ι
3271 1421 3455 1489 φησιν,
3491 1437 3512 1470 ι
3549 1421 3603 1471 οξ

2021 1513 2206 1584 ἐχθροί
2239 1530 2338 1583 μου
2369 1513 2497 1583 ὃλην
2525 1512 2622 1583 τὴν
2654 1511 2866 1582 ἡμέραν
2903 1530 2921 1563 ι
2956 1513 3064 1564 ἀπὸ
3096 1511 3260 1581 ὕψους
3289 1512 3602 1580 βάλλοντες,

2021 1605 2106 1658 διὰ
2128 1603 2222 1657 τοῦ
2248 1603 2498 1672 γενέσθαι
2528 1602 2622 1656 τοῦ
2651 1602 2984 1672 πατουμένου
3017 1601 3322 1672 ὑπέρτεροι.
3356 1603 3465 1653 Καὶ
3493 1602 3604 1654 οὐκ

2023 1699 2080 1750 ἐν
2116 1696 2297 1767 ἡμέρᾳ
2330 1696 2497 1759 ἐστὶν,
2531 1695 2649 1747 οὐδὲ
2685 1697 2742 1748 ἐν
2773 1694 2912 1762 φωτὶ
2955 1693 3016 1745 τὸ
3047 1693 3358 1763 γινόμενον,
3387 1693 3446 1745 οὑ
3483 1693 3603 1761 γάρ

2024 1785 2090 1839 ἂν
2138 1784 2408 1856 ἐφοϐήθην
2452 1784 2560 1836 ἀπὸ
2599 1783 2692 1836 τοῦ
2745 1782 2920 1850 φωτὸς
2969 1781 3438 1851 συμμαχούμενος.
3493 1783 3603 1833 Διὰ

2024 1875 2180 1927 τοῦτό
2236 1893 2397 1945 φησιν
2421 1892 2436 1906 ·
2472 1894 2490 1926 ι
2539 1874 2780 1945 Ἡμέρας
2817 1873 2876 1925 οὐ
2914 1871 3306 1944 φοϐηθήσομαι.
3345 1891 3362 1923 ι
3407 1871 3604 1941 Δηλῶν

2025 1965 2166 2020 κατά
2195 1966 2255 2019 τὸ
2291 1965 2664 2035 σιωπώμενον,
2693 1965 2752 2016 τὸ
2778 1964 2866 2018 διὰ
2891 1964 2984 2017 τοῦ
3019 1965 3239 2026 σκότους
3269 1962 3414 2032 αὐτῷ
3440 1964 3603 2035 παρά

2023 2056 2132 2108 τῶν
2161 2053 2371 2125 ἐχθρῶν
2402 2053 2493 2107 τὸν
2525 2053 2687 2122 φόϐον
2718 2054 3037 2122 ἐπάγεσθαι.
3082 2052 3219 2106 Ἀλλ’
3245 2054 3421 2124 ἐαυτῷ
3459 2057 3601 2125 ἡμέ-

2027 2164 2125 2217 ραν
2162 2149 2190 2198 ὀ
2227 2144 2462 2208 τοιοῦτος
2499 2147 2660 2208 ποιεῖ,
2699 2143 2785 2198 διὰ
2820 2140 2914 2197 τοῦ
2952 2143 3189 2208 ἐλπίζειν
3231 2147 3321 2197 ἐπὶ
3358 2145 3418 2198 τὸ
3454 2147 3595 2213 φῶς,

2021 2238 2087 2290 δι’
2113 2232 2172 2291 οὗ
2204 2237 2264 2289 τὸ
2297 2237 2485 2300 σκότος
2515 2219 2910 2305 ἐξαιρανίζεται.
2949 2255 2968 2286 ι
3005 2236 3245 2306 Ἡμέρας
3267 2237 3325 2288 ού
3357 2237 3600 2306 9067161}-

2025 2347 2207 2400 σομαι·
2242 2329 2352 2397 ἐγὼ
2383 2329 2439 2381 δὲ
2469 2329 2638 2381 ἐλπιῶ
2661 2329 2752 2381 ἐπὶ
2781 2329 2864 2381 σέ.
2894 2347 2912 2380 ι
2940 2328 3091 2399 Τάχα
3117 2329 3174 2381 δὲ
3197 2329 3261 2382 ἄν
3290 2346 3373 2392 τις
3393 2330 3599 2397 μᾶλλον

2022 2422 2299 2474 καθίκοιτο
2346 2418 2447 2488 τῆς
2497 2418 2607 2470 τῶν
2656 2416 3053 2487 γεγραμμένων
3090 2417 3346 2481 διανοίας,
3385 2417 3445 2468 τὸ
3493 2416 3600 2485 τῆς

2022 2509 2331 2583 ἐπιγραφῆς
2361 2511 2588 2578 αἴνιγμα
2630 2506 2860 2578 βλέπων.
2893 2507 3035 2569 Ἕως
3065 2507 3173 2576 γὰρ
3204 2503 3272 2578 ἦν
3297 2509 3325 2560 ὁ
3353 2507 3461 2559 τῶν
3496 2507 3600 2559 ἀν-

2023 2603 2252 2674 θρώπων
2287 2602 2414 2664 λαὸς
2457 2600 2563 2653 τῶν
2603 2599 2772 2667 ἁγίων
2809 2598 3053 2667 ἀγγέλων
3104 2597 3596 2670 μεμακρυμμένος,

2023 2696 2116 2748 καὶ
2145 2696 2400 2747 ἐπατεῖτο
2425 2692 2528 2744 ὑπὸ
2556 2691 2663 2744 τῶν
2689 2690 3026 2760 παθημάτων
3051 2689 3150 2759 τῆς
3176 2689 3410 2758 φύσεως,
3437 2691 3492 2743 ἐν
3512 2689 3597 2758 τῷ

2019 2788 2231 2858 διαρκεῖ
2253 2785 2348 2837 τοῦ
2376 2783 2611 2853 πολέμου
2639 2780 2997 2852 ἀπαγορεύων
3023 2782 3117 2834 καὶ
3147 2781 3555 2852 συνθλιϐόμενος
3577 2823 3593 2844 ,

2021 2881 2115 2933 καὶ
2146 2879 2211 2931 ἐκ
2239 2877 2345 2930 τῶν
2391 2873 2803 2945 ὑπερκειμένων
2837 2872 3180 2942 βαλλόμενος.
3221 2875 3314 2926 καὶ
3349 2875 3404 2924 ἐν
3436 2873 3599 2927 νυκτὶ

2021 2969 2111 3022 τὸν
2145 2967 2307 3038 φόϐον
2346 2965 2519 3036 ἔχων·
2553 2965 2640 3017 ὅτε
2669 2964 2727 3016 δὲ
2765 2963 2990 3034 ἠλπισεν
3031 2963 3123 3015 ἐπὶ
3167 2963 3258 3015 τὸν
3297 2963 3462 3025 Θεὸν,
3493 2963 3598 3034 τὴν

2025 3063 2151 3132 περὶ
2175 3063 2242 3112 τὰ
2267 3059 2470 3129 μάταια
2498 3057 2924 3126 πεπλανημένην
2949 3053 3156 3117 ἐλπίδα,
3186 3051 3296 3107 οἷον
3320 3055 3379 3106 τὸ
3409 3055 3596 3124 ἄχθος,

2021 3151 2470 3221 ἀποσεισάμενος,
2493 3149 2614 3201 τότε
2634 3147 2894 3218 ἐπῄνεσεν
2918 3149 3043 3210 τοὺς
3063 3147 3255 3200 ἐαυτοῦ
3282 3147 3490 3215 λόγους,
3520 3147 3603 3200 οῖ-

2019 3245 2161 3308 τινές
2189 3246 2324 3296 εἰσιν
2355 3245 2386 3312 ἡ
2416 3241 2674 3312 ὁμολογία
2697 3239 2796 3308 τῆς
2825 3239 3078 3302 πίστεως.
3113 3259 3132 3291 ι
3175 3239 3297 3291 Ἐπὶ
3316 3239 3394 3308 τῷ
3418 3239 3534 3308 Θεῷ
3570 3257 3594 3291 ι

2020 3336 2148 3407 γὰρ,
2176 3335 2358 3404 φησὶν,
2389 3352 2406 3383 ι
2432 3334 2706 3386 ἐπαινέσω
2725 3330 2848 3394 τοὺς
2871 3330 3060 3398 λόγους
3073 3347 3204 3401 ιμου.
3235 3348 3252 3382 ι
3291 3331 3450 3383 Ἀλλά
3472 3330 3601 3383 τού-

2018 3443 2165 3489 τους,
2208 3425 2401 3495 φησιν,
2434 3425 2558 3488 τοὺς
2593 3421 2906 3484 ἐπαινετοὺς
2936 3421 3146 3489 λόγους,
3182 3423 3230 3474 οἱ
3262 3422 3444 3492 ἐχθροί
3491 3440 3598 3491 μου

2024 3519 2422 3590 βδελύσσονται,
2440 3520 2567 3581 τοὺς
2587 3519 2703 3570 κατ’
2725 3516 2858 3586 ἐμοῦ
2886 3515 3178 3586 λογισμοὺς
3207 3519 3285 3579 εἰς
3317 3517 3485 3570 κακὸν
3507 3518 3598 3569 εὑ-

2023 3612 2316 3682 ρίσκοντες,
2354 3612 2448 3662 καὶ
2473 3608 2837 3663 λανθάνουσαν
2878 3609 2972 3660 καὶ
3010 3607 3398 3679 κεκρυμμένην
3428 3608 3486 3660 ἐν
3515 3607 3602 3677 τῷ

2024 3703 2305 3772 παροικεῖν
2336 3699 2434 3770 τὴν
2475 3699 2762 3772 ἐπιϐουλὴν
2789 3699 3253 3763 διασκευάζοντες.
3284 3699 3346 3751 Οἳ
3374 3699 3434 3750 τὸ
3464 3699 3600 3752 [διον

2022 3793 2228 3846 ἐαυτῶν
2257 3793 2591 3862 ἐπιτήδευμα
2625 3790 2938 3855 ποιοῦντες,
2968 3792 3028 3843 οὐ
3075 3790 3334 3843 παύονται
3371 3791 3458 3843 ἀεί
3493 3807 3599 3859 μου

2021 3885 2120 3956 τὴν
2163 3885 2400 3956 πτέρναν
2447 3884 2923 3953 ἐπιφυλάσσοντες.
2962 3882 3131 3936 Τοῦτο
3174 3881 3282 3951 γὰρ
3317 3882 3376 3948 ἐξ
3423 3883 3601 3951 ἀρχῆς

2023 3976 2467 4048 ἀνθρωποκτόνου
2497 3975 2557 4028 τὸ
2581 3975 2761 4046 ἔργον,
2793 3974 2854 4027 τὸ
2882 3975 3158 4044 ἐπιτηρεῖν
3185 3974 3278 4027 τοῦ
3305 3972 3598 4045 ἀνθρώπου

2022 4068 2120 4139 τὴν
2154 4068 2410 4138 πτέρναν.
2475 4067 2613 4119 Ἀλλ’
2657 4069 2705 4118 εί
2747 4066 2840 4119 καὶ
2875 4067 3066 4135 βαρεῖα
3099 4065 3208 4119 τῶν
3241 4065 3513 4136 πολεμίων
3561 4068 3597 4138 ἡ

2024 4159 2320 4231 προσϐολὴ,
2349 4159 2437 4212 διά
2464 4159 2564 4228 τῆς
2593 4157 2907 4229 συμμαχίας
2936 4157 3035 4224 τῆς
3066 4157 3165 4226 σῆς
3188 4156 3595 4226 άπωθήσονταιο

2023 4253 2222 4320 προῖκα
2257 4251 2366 4311 τοῖς
2399 4247 2706 4319 ἀνθρώποις
2735 4247 2886 4318 παρὰ
2919 4247 3012 4301 σοῦ
3045 4248 3333 4319 γινομένης
3359 4251 3456 4318 τῆς
3489 4267 3596 4302 σω-

2021 4341 2233 4412 τηρίας.
2279 4340 2392 4392 Οὐκ
2429 4338 2489 4402 ἐξ
2527 4338 2700 4409 ἔργων
2731 4337 2838 4390 τῶν
2875 4340 2938 4390 ἐκ
2983 4338 3349 4408 δικαιοσύνης,
3386 4340 3502 4392 ἀλλ’
3530 4341 3599 4394 ἐκ

354 4440 374 4474 ι
414 4420 520 4475 Pro
542 4423 713 4475 nihilo
741 4423 883 4476 enim
911 4424 1094 4477 salvos
1122 4421 1289 4477 facies
1312 4424 1456 4476 illos.
1492 4442 1510 4473 ›
1538 4421 1676 4476 Tota
1708 4434 1913 4486 autem.

2026 4433 2193 4501 μόνης
2225 4431 2320 4500 τῆς
2350 4429 2450 4499 σῆς
2473 4431 2711 4499 χάριτος.
2737 4445 2755 4478 ι
2783 4428 2949 4498 ’Υπὲρ
2977 4428 3085 4499 γὰρ
3111 4428 3201 4482 τοῦ
3234 4430 3458 4500 μηδενὸς
3488 4430 3597 4483 σώ-

349 4531 471 4584 quae
500 4514 770 4582 sequitur,
821 4515 1013 4583 psalmi
1059 4514 1250 4576 series,
1303 4515 1704 4569 revocationem
1731 4523 1785 4570 et
1835 4517 1920 4570 in-

351 4607 741 4663 staurationem
774 4605 995 4658 humani
1023 4605 1239 4674 generis
1263 4606 1542 4675 explanat.
1567 4607 1726 4674 cujus
1754 4621 1920 4677 caput

352 4709 454 4762 est,
482 4698 708 4751 victoria
739 4697 806 4750 ab
833 4696 1152 4751 adversario
1183 4698 1350 4751 relata
1374 4739 1387 4762 ,
1423 4697 1730 4764 indelebile,
1763 4701 1919 4768 quasi

352 4791 406 4844 in
438 4792 691 4844 columna
742 4791 1018 4858 quapiam,
1057 4789 1254 4842 divinae
1301 4804 1430 4858 erga
1485 4790 1735 4846 homines
1773 4793 1923 4846 beni-

352 4883 577 4952 gnitatis
632 4888 1070 4944 monumentum,
1121 4881 1268 4933 omni
1333 4891 1600 4936 creatura
1657 4891 1918 4950 tanquam

356 4972 582 5024 materia
614 4970 873 5024 laudandi
907 4969 1021 5030 Dei.
1052 4979 1106 5024 et
1136 4971 1451 5026 celebrandi
1485 4974 1848 5042 prepositum.

425 5062 636 5116 Idcirco
669 5062 937 5116 extremis
978 5062 1142 5131 hujus
1195 5063 1395 5132 psalmi
1429 5065 1610 5118 verbis
1644 5066 1722 5120 sic
1752 5066 1920 5131 canit,

353 5149 422 5204 ad
474 5153 617 5207 hanc
665 5153 811 5206 \elut
873 5152 1182 5205 columnam
1242 5153 1583 5221 respiciens:
1626 5172 1645 5204 ι
1691 5156 1749 5207 in
1814 5155 1923 5209 lleo

355 5241 591 5296 laudabo
627 5245 878 5309 verbum,
911 5244 965 5297 in
1017 5242 1245 5298 Domino
1302 5245 1539 5299 laudabo
1589 5262 1922 5310 sermonem,

357 5335 410 5387 in
438 5333 545 5387 Deo
568 5337 778 5404 speravi
804 5354 817 5389 :
841 5354 858 5386 ι
883 5343 1103 5405 propter
1129 5351 1291 5405 quem
1317 5351 1424 5390 non
1448 5339 1682 5407 amplius
1705 5338 1928 5392 incessit

351 5438 440 5476 me
470 5424 701 5476 formido
729 5423 934 5477 carnis.
963 5441 980 5472 ι
1006 5421 1142 5476 Etin
1173 5439 1282 5488 me,
1315 5444 1332 5475 ι
1361 5424 1560 5492 inquit,
1591 5444 1610 5476 ‹
1635 5433 1781 5491 vota,
1813 5442 1934 5497 qua

353 5513 576 5567 reddam
603 5530 696 5584 per
722 5516 1086 5579 laudationes,
1120 5517 1379 5584 quoniam
1417 5517 1660 5574 liberasti
1691 5519 1932 5574 animam

423 5693 445 5722 ³
487 5690 642 5744 Joan.
688 5708 800 5757 vm,
832 5692 918 5745 Η.
998 5693 1016 5722 ³
1047 5691 1179 5746 Gen.
1217 5710 1296 5758 ιιι,
1342 5694 1405 5748 13

2027 4537 2140 4582 σεις
2163 4518 2377 4582 αὐτούς.
2417 4537 2436 4568 ι
2473 4519 2583 4571 Καὶ
2623 4519 2773 4572 πᾶσα
2814 4518 3044 4589 καθεξῆς
3083 4521 3114 4589 ἡ
3159 4520 3258 4590 τῆς
3283 4521 3600 4591 ψαλμῳδίας

2026 4610 2344 4676 ἀκολουθία,
2377 4609 2474 4680 τὴν
2513 4608 2809 4677 ἀνάκλησιν
2849 4609 2947 4678 τῆς
2988 4609 3334 4682 ἀνθρωπίνης
3381 4613 3600 4681 φύσεως

2027 4701 2338 4772 ἐρμηνεύει.
2372 4695 2480 4763 Ἧς
2515 4699 2828 4767 κεφάλαιον,
2858 4701 2960 4767 τῆς
2993 4702 3134 4755 κα.τά
3171 4703 3263 4756 τοῦ
3301 4703 3598 4758 ἀντιπάλου

2026 4793 2182 4864 νίκης
2228 4792 2375 4844 ἐστὶν
2423 4790 2839 4858 ἀνεξάλειπτον,
2886 4791 3071 4862 ὥσπερ
3113 4793 3311 4864 στήλης
3356 4795 3456 4864 τῆς
3501 4797 3597 4850 τοῦ

2025 4883 2160 4937 Θεοῦ
2188 4882 2594 4952 φιλανθρωπίας
2618 4883 2975 4953 μνημόσυνον,
3003 4887 3152 4956 πάσῃ
3171 4888 3237 4956 τῇ
3265 4887 3439 4940 κτίσει
3463 4889 3601 4959 πρὸς

2025 4974 2280 5028 ὑπόθεσιν
2317 4973 2619 5041 δοξολογίας
2651 4973 3028 5044 προκείμενον.

2093 5065 2184 5118 Διό
2230 5082 2362 5135 φησι
2408 5067 2520 5127 τοῖς
2552 5062 2878 5124 τελευταίοις
2919 5064 3018 5132 τῆς
3061 5064 3408 5135 ψαλμῳδίας,
3461 5069 3601 5139 πρὸς

2023 5155 2227 5224 ταύτην
2257 5155 2354 5225 τὴν
2389 5155 2589 5225 στήλην
2636 5153 2868 5224 βλέπων,
2917 5173 2936 5204 ι
2971 5156 3098 5208 Ἐπὶ
3137 5155 3215 5225 τῷ
3241 5157 3358 5225 Θεῷ
3400 5159 3600 5212 αἰνέσω

2029 5247 2198 5317 ῥῆμα,
2236 5246 2334 5298 ἐπὶ
2360 5243 2438 5314 τῷ
2472 5244 2660 5313 Κυρίῳ
2699 5244 2895 5296 αἰνέσω
2923 5243 3101 5311 λόγον,
3130 5247 3223 5298 ἐπὶ
3251 5247 3328 5318 τῷ
3353 5249 3470 5319 Θεῷ
3501 5251 3600 5320 ηλ-

2029 5354 2182 5391 πισα.
2220 5355 2239 5388 ι
2275 5335 2350 5388 Δι’
2381 5336 2440 5388 ὂν
2469 5335 2561 5388 τὸν
2593 5334 2693 5402 τῆς
2725 5333 2924 5404 σαρκὸς
2948 5335 3110 5403 φόϐον
3143 5338 3327 5391 οὐκέτι
3363 5340 3598 5396 δέδοικα.

2033 5447 2051 5478 ι
2091 5428 2200 5482 Καὶ
2233 5429 2290 5479 ἐν
2336 5427 2478 5495 ἐμοὶ,
2521 5444 2539 5477 ι
2595 5424 2779 5494 φησὶν,
2832 5443 2847 5474 ι
2896 5425 3073 5495 εὐχαὶ,
3123 5427 3198 5492 ἃς
3237 5430 3504 5485 ἀποδώσω
3535 5435 3603 5486 δι’

2033 5520 2309 5584 αἰνέσεως.
2346 5519 2463 5572 ’Ὁτι
2495 5513 2710 5586 ἐρῤύσω
2745 5512 2841 5584 τὴν
2888 5513 3063 5588 ψυχήν
3095 5537 3198 5602 μου
3241 5524 3308 5577 ἐκ
3349 5522 3602 5590 θανάτου,
