3870 6220
139 294 247 349 581

1559 294 1625 348 IN
1657 294 1989 350 PSALMOS.

3291 295 3395 350 58?.

137 410 244 463 καὶ
282 409 410 472 τοὺς
454 411 619 474 πόδας
667 427 767 482 μου
806 412 912 465 ἀπὸ
944 411 1322 482 ὀλισθήματος.
1363 431 1382 463 ι
1431 410 1727 481 Ὀλίσθημα

1831 424 2006 463 meam
2034 423 2097 464 ex
2127 407 2368 474 inferno,
2391 416 2446 464 et
2467 407 2632 476 pedes
2655 423 2803 463 meos
2827 407 2894 464 de
2923 408 3100 477 lapsu:
3131 426 3150 460 ι
3177 408 3390 478 lapsum

137 501 200 554 δὲ
234 501 407 569 λέγει,
440 501 538 572 τὴν
582 503 937 572 παρατροπὴν
967 503 1066 573 τῆς
1096 503 1182 555 διὰ
1209 502 1316 555 τῶν
1349 502 1575 555 ἐντολῶν
1623 519 1722 554 πο-

141 594 325 663 ρείας,
364 595 456 661 ἀφ’
492 589 560 666 ἧς
584 594 644 646 τὸ
681 595 880 664 πτῶμα
918 595 1151 662 ἐγένετο.
1192 593 1602 662 Ἐλευθερωθεὶς
1631 591 1724 646 οὖν

136 684 242 738 τοῦ
295 685 526 738 θανάτου
548 724 562 747 ,
604 687 696 738 καὶ
725 686 1050 758 ἀνορθωθεὶς
1082 689 1145 738 ἐκ
1186 686 1280 738 τοῦ
1311 685 1630 756 πτώματος.
1662 687 1726 738 ἐκ

139 777 450 847 προσώπου
480 779 685 846 γίνεται
723 779 817 831 τοῦ
855 779 1011 841 Θεοῦ,
1039 772 1099 831 οὗ
1131 778 1191 831 τὸ
1235 777 1446 848 πρῶτον
1473 777 1581 828 τῶν
1622 777 1725 828 ὑπὸ

139 869 250 938 τῆς
275 870 495 937 ἐντολῆς
522 871 1012 940 ἀπηγορευομένων
1038 870 1320 940 ἐμφαγὼν,
1355 869 1720 937 ἀπεφύτησεν,

139 965 214 1032 τῇ
250 964 382 1031 σκιᾷ
422 963 520 1032 τῆς
550 966 718 1032 συκῆς
764 963 953 1016 ἐαυτὸν
993 965 1082 1015 ὑπ’
1127 963 1384 1033 αἰσχύνης
1423 961 1718 1031 ἐγκρύψας.

157 1053 478 1107 Ἀπολαϐὼν
509 1050 600 1106 οὖν
629 1055 789 1107 πάλιν
815 1057 910 1124 τὴν
939 1056 1271 1125 παρρησίαν,
1297 1054 1725 1107 ἀποκαθίσταται

142 1143 228 1212 τῷ
254 1144 396 1211 φωτὶ
416 1144 493 1214 τῷ
519 1144 702 1207 ζῶντι.
734 1163 752 1195 ι
790 1146 1156 1216 Εύαρεστήσω
1183 1166 1201 1198 ι
1231 1145 1361 1215 γὰρ,
1387 1145 1539 1214 φησὶ,
1569 1164 1586 1196 ι
1625 1147 1729 1196 Ku-

149 1233 255 1304 ρίῳ
285 1235 345 1285 ἐν
373 1237 511 1302 φωτὶ
532 1233 768 1299 ζώντων,
801 1255 819 1287 ι
856 1237 976 1290 ὃθεν
1007 1239 1284 1306 καταρχὰς
1311 1236 1397 1289 διὰ
1423 1237 1522 1304 τῆς
1546 1237 1728 1308 ἀμαρ-

143 1325 273 1387 τίας
305 1325 641 1396 ἀπεξενώθη.
688 1329 796 1382 Kal.
834 1329 962 1400 περὶ
994 1330 1092 1398 μὲν
1131 1328 1336 1382 τούτων
1366 1329 1620 1382 τοσαῦτα.
1652 1330 1725 1381 Ού

145 1414 262 1484 γὰρ
299 1411 453 1485 οἶμαι
484 1417 592 1470 δεῖν
618 1418 686 1470 τὰ
733 1419 853 1472 καθ’
894 1419 1124 1472 ἕκαστον
1172 1417 1594 1488 φιλοπονώτερον
1637 1418 1726 1482 ἐξ-

147 1507 417 1570 ετάζοντα
440 1549 454 1570 ,
483 1510 561 1571 εἰς
591 1510 854 1579 ἀμετρίαν
895 1510 1242 1580 παρατείνειν
1273 1509 1363 1563 τὸν
1387 1509 1564 1577 λόγον.
1595 1509 1728 1563 Πολ-

145 1597 261 1649 λῶν
290 1599 348 1652 δέ
380 1599 546 1651 όντων
576 1601 632 1651 ἐν
655 1603 772 1663 ταῖς
801 1602 972 1671 ἱεραῖς
999 1600 1292 1670 ὑμνῳδίαις
1316 1601 1422 1653 τῶν
1449 1601 1728 1654 ἐπινικίων

141 1691 406 1760 ψαλμῶν,
436 1691 530 1754 οὓς
554 1693 588 1762 ἡ
620 1691 898 1766 ἐπιγραφὴ
932 1711 950 1744 ‹
979 1689 1073 1744 τοῦ
1105 1691 1292 1755 τέλους
1328 1711 1346 1743 ι
1374 1691 1731 1755 ἐνδείκνυται,

1825 509 1986 554 vocat
2004 501 2408 556 aberrationem
2434 517 2464 556 ο
2489 504 2576 555 via
2603 503 3004 566 mandatorum,
3033 516 3154 572 quae
3177 503 3390 555 ruinam

1826 593 2027 645 attulit.
2083 591 2370 646 Liberatus
2427 594 2594 664 igitur
2647 609 2676 646 a
2728 601 2922 656 morte.
2958 601 3012 648 et
3061 602 3278 648 erectus
3323 609 3392 647 ex

1825 695 1978 745 casu,
2001 695 2029 732 a
2060 690 2212 750 parte
2239 680 2330 735 Dei
2355 690 2484 748 stat,
2510 698 2540 736 a
2565 699 2672 751 quo
2701 684 2931 752 primum
2955 685 3198 738 omnium
3233 685 3392 754 quasi

1826 774 2262 840 transplantatus
2288 772 2482 840 fuerat,
2500 789 2622 826 cum
2646 789 2766 827 sese
2790 775 2857 828 iis
2882 774 3248 844 ingurgitavit,
3273 791 3393 844 qua:

1825 864 2070 916 divinum
2133 866 2451 918 mandatum
2505 866 2882 936 prohibuerat,
2951 870 3234 922 occultans
3270 883 3392 924 sese

1828 970 1936 1022 prae
1977 953 2183 1023 pudore
2209 956 2314 1010 sub
2346 957 2537 1010 umbra
2573 958 2728 1011 ﬁcus.
2769 956 3004 1026 Recepta
3032 974 3159 1028 ergo
3198 975 3391 1014 rursus

1828 1045 2098 1109 libertate,
2130 1046 2334 1099 viventi
2389 1047 2582 1100 lumini
2615 1048 2941 1100 restituitur.
3002 1047 3180 1118 lnquit
3205 1053 3346 1104 enim
3373 1070 3388 1105 :

1832 1155 1849 1186 ‹
1887 1135 2119 1189 Plaeebo
2153 1136 2383 1190 Domino
2408 1139 2462 1191 in
2497 1139 2703 1191 lumine
2733 1140 3050 1201 viventium,
3095 1160 3112 1191 ι
3154 1144 3297 1196 unde
3324 1148 3394 1198 ab

1827 1225 1984 1278 initio
2023 1241 2118 1295 per
2151 1235 2437 1297 peccatum
2471 1239 2795 1284 recesserat.
2831 1229 2898 1282 Et
2944 1231 3010 1284 de
3061 1231 3146 1286 his
3173 1233 3392 1301 quidem

1827 1318 1928 1372 ista
1960 1337 1971 1370 :
2008 1334 2120 1372 non
2149 1319 2292 1372 enim
2330 1321 2568 1375 arbitror
2597 1336 2736 1388 opus
2771 1337 2894 1377 esse
2929 1325 3143 1390 singula
3181 1327 3390 1380 studio-

1826 1410 1941 1464 sius
2000 1412 2277 1479 persequi,
2331 1427 2400 1466 ne
2456 1412 2685 1465 nimium
2733 1423 2948 1468 crescat
3004 1417 3201 1470 oratio.
3254 1418 3390 1470 (lum

1827 1510 2008 1555 autem
2041 1503 2095 1555 in
2127 1503 2328 1557 divinis
2361 1504 2482 1559 istis
2523 1506 2738 1574 hymnis
2772 1507 2924 1558 multi
2958 1507 3064 1560 sint
3114 1509 3304 1576 psalmi
3335 1509 3388 1562 iu

1825 1593 2133 1657 victoriam,
2158 1611 2298 1664 quos
2319 1596 2657 1652 demonstrat
2679 1599 2993 1669 inscriptio:
3022 1618 3041 1650 c
3072 1600 3128 1653 In
3155 1601 3338 1666 linem;
3367 1621 3385 1652 ι

1828 1691 1882 1736 et
1907 1697 2031 1736 eum
2087 1685 2141 1737 in
2195 1685 2282 1740 his
2331 1687 2498 1740 variis
2550 1687 2724 1741 modis
2768 1689 2994 1742 victoria
3027 1689 3096 1743 ab
3147 1690 3392 1744 hosribus

141 1783 243 1835 καὶ
265 1782 626 1854 πολυτρόπως
638 1783 738 1854 τῆς
760 1785 900 1836 κατὰ
917 1783 1024 1836 τῶν
1045 1783 1355 1837 ἀντιπάλων
1370 1784 1526 1855 νίκης
1543 1785 1599 1836 ἐν
1613 1781 1727 1836 τού-

1831 1783 2105 1842 reportata
2127 1778 2360 1844 spectari
2381 1778 2574 1846 possit,
2602 1780 2876 1848 pr0priain
2901 1791 3077 1834 tamen
3102 1781 3390 1850 quamdam

140 1891 261 1936 τοις
285 1874 691 1942 θεωρουμένης,
728 1875 856 1928 ἴδιόν
881 1893 1001 1928 τινα
1025 1874 1183 1943 λόγον
1213 1875 1388 1930 ἔοικεν
1417 1873 1562 1945 ἔχειν
1591 1877 1624 1945 ή
1649 1873 1737 1928 διὰ

147 1958 261 2010 τῶν
292 1961 392 2027 τῆς
423 1961 658 2030 ἱστορίας
684 1963 1019 2032 αἰνιγμάτων
1045 1967 1413 2036 σημαινομὲνη
1442 1968 1580 2020 κατὰ
1605 1967 1731 2030 τοὺς

149 2050 633 2118 προσπαλαίοντας
664 2053 808 2122 νίκη.
851 2053 1064 2122 Ταύτης
1095 2055 1238 2123 λέγω
1270 2057 1368 2124 τῆς
1402 2055 1660 2126 ἱστορίας,

149 2139 220 2190 τά
251 2141 381 2209 περὶ
411 2140 504 2192 τοῦ
539 2142 708 2194 Σαοὺλ
730 2143 1079 2216 διεξέρχεταιο
1113 2146 1170 2197 ἐν
1201 2140 1278 2208 οἷς
1305 2148 1337 2216 ἡ
1368 2145 1476 2198 τῶν
1501 2146 1730 2216 ψαλμῶν

148 2231 306 2295 τάξις
335 2232 436 2283 οὐκ
463 2234 526 2284 ἐκ
554 2236 651 2303 τῆς
689 2234 1009 2298 ἀκολουθίας
1045 2235 1153 2289 τῶν
1189 2237 1471 2307 ἱστορικῶν
1501 2238 1729 2308 συνέστη

151 2325 529 2391 πραγμάτων,
572 2324 706 2378 ἀλλά
743 2329 854 2389 τοῖς
902 2327 1041 2380 κατά
1089 2328 1370 2398 προκοπὴν
1420 2328 1488 2381 δι’
1531 2330 1730 2400 ἀρετῆς

148 2415 552 2484 τελειουμένοις
597 2416 1030 2487 ἐπηκολούθησεν
1055 2435 1068 2448 ·
1107 2418 1336 2472 ἕκαστον
1373 2418 1483 2472 τῶν
1527 2420 1584 2471 ἐν
1619 2422 1732 2481 τοῖς

152 2503 448 2573 πράγμασι
499 2503 868 2575 δηλουμένων,
909 2507 990 2568 είς
1038 2506 1260 2571 ἔνδειξιν
1294 2507 1393 2575 τῆς
1441 2506 1583 2559 κατά
1632 2506 1730 2575 τὴν

152 2585 358 2655 ἀρετὴν
393 2585 672 2655 αὐξήσεως
698 2587 1043 2658 καταλλήλως
1070 2591 1379 2660 ἁρμόσασα,
1413 2591 1506 2642 καὶ
1539 2590 1730 2660 πρῶτα

153 2678 249 2728 καὶ
284 2677 566 2730 τελευταῖα
592 2678 731 2730 κατά
757 2679 847 2730 τὸν
875 2677 1029 2747 λόγον
1054 2680 1152 2750 τῆς
1182 2681 1380 2752 ἀρετῆς
1401 2681 1467 2732 δι’
1505 2681 1730 2735 ἀκολού-

155 2768 248 2820 θου
291 2769 578 2838 ταχθῆναι,
615 2772 708 2823 καὶ
755 2771 829 2842 μὴ
864 2775 931 2841 τῇ
962 2771 1118 2844 ύλικῇ
1160 2774 1413 2843 συντυχίᾳ
1440 2774 1546 2826 τῶν
1587 2790 1729 2843 πρα-

155 2861 384 2930 γμάτων
414 2862 696 2916 δουλεῦσαι
729 2866 824 2935 τὴν
852 2867 1026 2933 τάξιν.
1057 2868 1158 2921 Διά
1198 2866 1354 2920 τοῦτο
1385 2868 1521 2938 μετὰ
1563 2868 1730 2922 πολλά

156 2952 520 3022 ἑρμηνεύεται
560 2955 592 3024 ἡ
625 2957 730 3025 πρὸ
764 2956 972 3010 πολλῶν
999 2958 1341 3029 πραγμάτων
1392 2960 1730 3030 γεγενημένη

156 3043 295 3095 κατά
325 3042 388 3095 τὸ
419 3045 678 3114 σπήλαιον
715 3047 984 3120 συνδρομὴ
1017 3048 1110 3101 τοῦ
1140 3066 1199 3101 τε
1235 3049 1426 3113 Σαοὺλ,
1461 3049 1554 3102 τοῦ
1594 3053 1730 3120 πρὸς

155 3135 246 3186 τὸν
283 3134 445 3202 φόνον
482 3134 764 3200 διώκοντος
787 3180 802 3203 ,
839 3140 932 3191 καὶ
984 3138 1078 3192 τοῦ
1113 3139 1277 3193 Δαϐὶδ
1315 3140 1409 3193 τοῦ
1438 3142 1527 3193 τὸν
1571 3143 1729 3211 φόνον

157 3223 522 3287 ἐκκλίναντος.
576 3227 664 3278 Ἐν
690 3221 734 3293 ᾧ
761 3228 894 3298 πρὸς
922 3229 982 3281 τὸ
1011 3230 1252 3282 ἐναντίον
1290 3221 1599 3303 ἀνεστράφη
1637 3232 1729 3286 τοῦ

157 3315 320 3382 φόνου
362 3315 396 3384 ἡ
447 3315 682 3381 ἐξουσία,
720 3319 793 3380 ὡς
839 3321 931 3375 τὸν
979 3322 1071 3374 ἐπὶ
1119 3322 1334 3393 θανάτῳ
1381 3325 1727 3395 διωκόμενον,

155 3405 345 3458 τοῦτον
375 3407 664 3474 ἐφεστάναι
693 3412 758 3480 τῇ
793 3411 886 3464 τοῦ
920 3413 1187 3480 φονῶντος
1221 3419 1424 3487 σφαγῇ,
1458 3418 1549 3470 καὶ
1575 3417 1726 3482 ἐξου-

157 3497 278 3550 σίαν
319 3499 518 3569 σχόντα
556 3501 653 3570 τὴν
697 3503 837 3556 κατά
870 3503 963 3557 τοῦ
1003 3505 1261 3576 πολεμίου
1302 3510 1570 3580 τιμωρίαν
1602 3511 1728 3580 στῆ-

158 3605 269 3651 σαι,
313 3590 408 3642 καὶ
449 3591 588 3659 μετά
631 3595 732 3661 τῆς
771 3593 1013 3657 ἐξουσίας
1049 3596 1148 3666 τὴν
1176 3597 1424 3668 δύναμιν,
1472 3601 1592 3652 ἀντὶ
1635 3601 1726 3653 τοῦ

155 3680 418 3751 πολεμίου
451 3682 540 3736 τὸν
579 3684 768 3736 ἐαυτοῦ
801 3685 969 3754 θυμὸν
1002 3688 1058 3740 ἐν
1091 3687 1269 3758 ἐαυτῷ
1309 3690 1723 3746 ἀποκτείναντα.

224 3867 307 3919 Τὰ
345 3865 444 3936 μὲν
473 3862 563 3920 οὖν
605 3870 702 3936 τῆς
751 3869 990 3938 ἱστορίας
1025 3871 1158 3923 πᾶσι
1212 3870 1474 3942 πρόδηλον
1513 3874 1729 3938 πάντως

151 3959 325 4018 ἐστὶν,
383 3952 464 4020 οἷς
502 3958 601 4011 οὐκ
655 3961 710 4012 ἐν
755 3961 1018 4031 παρέργῳ
1064 3961 1131 4014 τὰ
1179 3962 1296 4015 θεῖα
1351 3965 1724 4028 σπουδάζεται,

163 4047 322 4118 Ἐροῦ
333 4065 432 4117 μεν
463 4047 519 4100 δὲ
549 4048 636 4100 διὰ
669 4049 929 4120 βραχέων,
961 4051 1035 4114 ὡς
1060 4052 1124 4104 ἂν
1154 4045 1264 4104 οἷόν
1291 4069 1349 4105 τε
1441 4055 1728 4125 συντεμόν-

148 4158 244 4202 τες
277 4142 336 4192 ἐν
375 4139 537 4206 ὀλίγῳ
581 4141 642 4192 τὸ
679 4142 807 4210 περὶ
835 4141 1022 4194 τούτου
1061 4143 1325 4214 διήγημα.
1366 4147 1609 4216 Ἔρημός
1645 4165 1726 4211 τις

148 4227 218 4301 ἦν
250 4232 416 4294 τόπος
445 4230 584 4283 κατά
611 4231 709 4301 τὴν
745 4231 1020 4295 Ἰουδαίαν,
1049 4235 1106 4285 ἐν
1137 4219 1181 4300 ᾧ
1207 4233 1531 4304 διωκόμενος
1561 4237 1589 4287 ὁ
1620 4239 1726 4288 Δα-

150 4322 238 4372 σιδ
265 4321 372 4372 ὑπὸ
406 4321 715 4389 ἀμηχανίας
749 4320 1016 4390 ηὐλίζετο.
1066 4323 1153 4374 Ἐν
1179 4322 1352 4393 τούτῳ
1379 4324 1434 4376 τὶ
1465 4325 1725 4395 σπήλαιον

1833 1865 2098 1918 rationem
2131 1865 2332 1921 habere
2361 1868 2579 1922 videtur
2631 1870 2857 1924 victoria
2903 1873 2992 1924 illa
3021 1874 3088 1925 ab
3145 1873 3394 1928 hostibus

1831 1956 2019 2019 relata,
2036 1974 2158 2025 quae
2180 1975 2273 2027 per
2291 1961 2533 2016 historiae
2551 1963 2817 2016 velamina
2838 1965 2998 2018 nobis
3019 1965 3389 2029 signiﬁcatur:

1832 2047 1977 2099 illam
2009 2049 2132 2100 dico
2166 2049 2474 2116 historiam,
2504 2069 2608 2122 qua
2640 2057 2959 2123 exsequitur
2985 2072 3047 2110 ea
3102 2073 3222 2125 quae
3267 2074 3391 2113 cum

1833 2134 1996 2192 Saule
2030 2140 2370 2209 occiderunt,
2403 2143 2456 2196 in
2488 2145 2688 2212 quibus
2738 2148 3068 2214 psalmorum
3119 2149 3252 2202 ordo
3286 2165 3392 2203 non

1831 2239 2047 2282 constat
2077 2246 2141 2283 ex
2187 2245 2368 2284 rerum
2425 2243 2699 2301 gestarum
2748 2237 2891 2290 serie
2928 2245 2981 2290 et
3035 2239 3246 2299 ordine,
3300 2239 3392 2292 sed

1832 2318 2099 2388 profectui
2131 2337 2344 2384 eorum,
2383 2326 2473 2393 qui
2505 2329 2708 2380 virtute
2754 2327 3130 2396 perﬁciuntur,
3175 2344 3395 2383 accom-

1832 2410 2105 2466 modatur.
2131 2411 2424 2478 Quodlibet
2444 2415 2588 2468 enim
2616 2433 2805 2472 eorum
2838 2435 2956 2487 quae
2986 2435 3081 2488 per
3102 2436 3188 2475 res
3211 2429 3390 2491 gestas

1833 2502 2208 2570 insinuantur,
2237 2507 2302 2560 ad
2330 2508 2816 2563 demonstrandum
2850 2513 2902 2565 in
2935 2513 3230 2568 virtutibus
3266 2531 3394 2583 pro-

1834 2593 2038 2648 fcctum
2086 2599 2474 2653 convenienter
2527 2609 2699 2668 aptat,
2735 2610 2792 2654 ut
2846 2603 3072 2670 proinde
3118 2605 3290 2673 prima
3343 2617 3396 2659 et

1833 2691 2107 2752 postrema
2139 2686 2439 2740 secundum
2467 2687 2686 2741 virtutis
2724 2689 2990 2744 rationem
3033 2701 3089 2746 et
3138 2695 3394 2761 praescri-

1832 2774 2069 2842 ptionem
2113 2775 2216 2829 sibi
2250 2784 2440 2829 mutuo
2465 2792 2709 2831 connexa
2744 2780 2892 2844 sint;
2952 2797 3124 2850 neque
3171 2799 3396 2838 necesse

1833 2865 2000 2920 fuerit
2053 2868 2298 2922 ordinem
2366 2870 2632 2923 materiali
2705 2873 2862 2939 quasi
2934 2888 3112 2927 rerum
3177 2876 3394 2930 eventui

1832 2957 2052 3012 servire.
2087 2959 2216 3022 Quae
2245 2974 2412 3013 causa
2447 2968 2550 3023 est,
2585 2973 2684 3013 cur
2712 2969 2835 3029 post
2868 2963 3036 3015 multa
3070 2963 3173 3016 alia
3197 2979 3394 3018 recen-

1834 3059 2016 3102 seatur
2058 3049 2109 3101 id
2157 3047 2303 3117 quod
2360 3051 2534 3102 multo
2591 3059 2716 3104 ante
2769 3061 3063 3118 evenerat,
3121 3055 3396 3122 quomodo

1833 3137 2040 3194 scilicet
2069 3137 2198 3192 Saul
2221 3146 2273 3192 et
2308 3137 2474 3193 David
2501 3140 2554 3193 in
2581 3141 2843 3208 spelunca
2867 3144 3244 3207 convenerint,
3270 3161 3393 3199 cum

1834 3229 1964 3284 Saul
1998 3229 2251 3284 Davidem
2281 3232 2347 3285 ad
2381 3241 2608 3286 mortem
2647 3241 2934 3301 quaereret.
2980 3242 3033 3287 et
3079 3232 3243 3289 David
3277 3237 3395 3290 exi-

1831 3321 1964 3373 tium
1994 3321 2222 3389 fugeret.
2253 3321 2372 3388 Quo
2404 3337 2535 3377 easu
2563 3323 2616 3376 in
2667 3326 3006 3378 contrarium
3032 3327 3204 3380 evasit
3227 3329 3392 3382 cazdis

1830 3414 2104 3479 violentia,
2137 3430 2260 3467 cum
2295 3417 2362 3479 is,
2421 3415 2512 3484 qui
2574 3415 2641 3469 ad
2672 3417 2873 3470 caedem
2919 3419 3281 3487 qurerebatur,
3337 3423 3391 3473 in

1831 3512 2099 3571 potestate
2120 3519 2218 3557 sua
2245 3519 2366 3557 eum
2394 3504 2636 3567 haberet.
2668 3507 2758 3574 qui
2785 3509 3102 3575 sanguinem
3130 3510 3390 3576 Spirabat,

1831 3595 2008 3646 oblata
2040 3595 2088 3649 ei
2119 3595 2379 3649 facultate
2436 3597 2768 3665 supplicium
2807 3598 2857 3650 in
2893 3599 3097 3652 hostem
3125 3601 3390 3664 vertendi,

1828 3685 2184 3754 ejusdemque
2232 3689 2526 3755 potentiam
2577 3688 3009 3756 comprimendi:
3061 3690 3155 3743 sed
3214 3703 3393 3746 tamen

1831 3774 1951 3828 loco
1985 3775 2160 3828 hostis
2196 3776 2470 3829 interemit
2505 3777 2557 3828 in
2591 3777 2772 3846 seipso
2807 3793 2959 3830 suam
2993 3778 3148 3832 iram.

1898 3865 2029 3930 Quae
2082 3866 2249 3934 igitur
2305 3868 2371 3919 ad
2423 3867 2711 3920 historiam
2778 3871 3084 3936 pertinent,
3138 3871 3392 3926 omnibus

1828 3969 1954 4010 nota
1990 3968 2135 4021 sunt,
2175 3959 2265 4026 qui
2298 3974 2402 4010 non
2433 3959 2608 4012 obiter
2639 3967 2847 4012 lautum
2876 3977 3053 4014 rerum
3082 3961 3390 4016 divinarum

1829 4048 2008 4102 studio
2038 4056 2254 4102 vacant.
2285 4047 2747 4103 Percensebimus
2773 4052 3130 4106 nihilominus
3158 4069 3244 4116 ea,
3279 4061 3392 4106 tota

1828 4142 2140 4191 narratione
2171 4156 2333 4208 quam
2372 4141 2486 4193 lieri
2514 4149 2692 4208 potest
2750 4143 3098 4210 paucissimis
3141 4159 3392 4213 compre-

1829 4229 2020 4284 hensa.
2055 4229 2314 4285 Desertus
2337 4241 2452 4284 erat»
2478 4233 2633 4285 locus
2662 4233 2713 4284 in
2743 4231 2950 4295 Judzca,
2983 4233 3036 4286 in
3062 4249 3171 4302 quo
3202 4233 3391 4300 David,

1827 4335 1950 4374 cum
1981 4321 2049 4375 ab
2084 4321 2336 4376 hostibus
2360 4323 2476 4377 suis
2505 4323 2897 4391 cxagitaretur,
2923 4341 3030 4393 pra:
3051 4327 3231 4394 inepia
3262 4343 3394 4380 con-

151 4412 469 4482 εύρύχωρον
494 4407 580 4481 ἦν,
613 4411 680 4463 δι’
713 4413 830 4475 ἐνὸς
862 4412 1081 4483 στομίου
1111 4415 1237 4475 τοὺς
1267 4415 1325 4466 ἐν
1361 4414 1509 4484 αὐτῷ
1554 4433 1722 4470 κατα-

1830 4413 1934 4466 silii
1960 4414 2272 4468 oberrabat.
2302 4415 2362 4469 In
2389 4415 2491 4468 hoc
2523 4416 2630 4469 late
2660 4425 2853 4484 patens
2895 4418 3154 4485 spelunca
3185 4419 3394 4473 viseba-

150 4503 448 4573 δυομένους
483 4503 938 4572 παραδεχόμενον.
984 4503 1089 4556 Τοῦ
1116 4503 1172 4555 δέ
1199 4504 1368 4558 Σαοὺλ
1401 4506 1728 4575 ἀναζητοῦν-

151 4614 242 4658 τος
289 4596 384 4648 τὸν
419 4595 612 4656 Δα6ὶδ,
653 4598 746 4648 καὶ
781 4599 1122 4667 πανστρατιᾷ
1165 4598 1585 4668 διερευνωμένου
1631 4599 1728 4669 τὴν

153 4686 381 4755 ἔρημον,
413 4685 846 4752 καταφεύγουσιν
881 4685 972 4737 ὑπ’
1003 4685 1247 4755 ἀνάγκης
1288 4687 1448 4750 αὑτός
1485 4705 1540 4740 τε
1569 4690 1596 4740 ὁ
1626 4690 1729 4738 Δα-

154 4778 256 4840 σιδ,
289 4775 386 4828 καὶ
413 4777 462 4827 οξ
494 4776 610 4844 μετ’
634 4776 861 4839 ἐκείνου,
899 4775 1002 4828 ὑπὸ
1031 4776 1092 4828 τὸ
1119 4778 1396 4847 σπήλαιον.
1437 4779 1641 4831 Ὄντων
1671 4778 1728 4830 δὲ

153 4869 250 4938 ἤδη
284 4866 494 4920 τούτων
533 4868 588 4920 ἐν
624 4866 704 4937 τῷ
739 4867 1014 4937 σπηλαίῳ,
1057 4868 1186 4921 εῐσω
1224 4869 1429 4936 γίνεται
1471 4868 1565 4921 τοῦ
1610 4886 1728 4922 στο-

157 4957 277 5026 μίου
307 4956 404 5009 καὶ
432 4958 462 5008 ό
488 4957 658 5010 Σαοὺλ
692 4957 806 5026 μετ’
831 4958 1088 5020 ἐκείνους,
1118 4959 1202 5025 ἐφ’
1289 4975 1344 5010 τε
1379 4959 1512 5028 πρός
1537 4977 1588 5010 τι
1617 4958 1726 5010 τῶν

155 5048 469 5115 ἀναγκαίων
492 5047 1032 5118 παρασκευάσασθαι,
1058 5048 1265 5113 ἀγνοῶν
1287 5049 1384 5116 τὴν
1409 5048 1727 5116 αὐτομάτως

157 5139 442 5207 συμϐᾶσαν
494 5137 633 5190 κατὰ
677 5138 780 5204 τῆς
834 5138 1104 5208 σωτηρίας
1157 5137 1320 5190 αὐτοῦ
1372 5140 1721 5208 στρατηγίαν.

165 5229 251 5289 Ὠς
277 5224 372 5279 οὖν
397 5228 480 5294 ἐφ’
508 5227 702 5279 ἐαυτοῦ
725 5223 814 5296 ἦν,
845 5229 938 5280 καὶ
959 5227 1056 5297 τὴν
1076 5227 1319 5280 διπλοΐδα
1345 5229 1723 5298 περιελόμενος

157 5321 283 5388 παρ’
309 5317 500 5370 ἐαυτὸν
529 5334 629 5370 που
664 5317 920 5371 κατέθετο
939 5357 953 5379 ,
981 5317 1296 5388 καταφανὴς
1323 5316 1398 5370 ῶν
1420 5317 1509 5370 διὰ
1536 5317 1637 5386 τῆς
1661 5321 1726 5370 ἐκ

157 5410 244 5462 τοῦ
288 5409 510 5478 στομίου
545 5409 750 5477 αὐγῆς,
780 5413 892 5472 τοῖς
924 5409 1068 5461 ἔνδον
1110 5409 1610 5479 ὑποκρυπτομὲνοις
1646 5409 1724 5478 τῷ

159 5498 321 5567 ζόφον
345 5501 456 5561 τοῖς
487 5499 584 5568 μὲν
613 5499 790 5562 ἄλλοις
817 5495 882 5570 ἦν
909 5500 1099 5568 γνώμη
1132 5500 1297 5550 πᾶσιν
1327 5502 1437 5560 τοῖς
1470 5498 1606 5568 μετά
1630 5500 1723 5551 τοῦ

157 5587 316 5642 Δαΰὶδ
352 5589 670 5659 ἐπιδραμεῖν
707 5589 784 5658 τῷ
811 5588 1007 5659 ἐχθρῷ,
1045 5592 1136 5641 καὶ
1174 5587 1482 5657 ἀμύνασθαι
1513 5588 1602 5640 τὸν
1635 5590 1725 5641 ἐπὶ

158 5678 212 5733 τὸ
240 5679 498 5748 φονεῦσαι
541 5681 997 5750 παραγενόμενον,
1035 5681 1110 5744 ὡς
1137 5679 1230 5732 τοῦ
1263 5677 1398 5732 Θεοῦ
1434 5677 1724 5741 δεδωκότος

1830 4511 1938 4570 tur,
1971 4520 2080 4559 uno
2109 4505 2259 4558 aditu
2292 4505 2726 4576 ingredientibus
2780 4515 2984 4576 aperta.
3021 4508 3182 4562 Saule
3211 4517 3390 4563 autem

1820 4591 2076 4646 Davidem
2105 4609 2401 4662 quaerente,
2427 4604 2650 4666 totoque
2682 4612 2786 4652 suo
2821 4612 2947 4652 cum
2983 4605 3227 4654 exercitu
3264 4600 3398 4654 soli-

1819 4683 2062 4736 tudinem
2099 4686 2494 4753 pei-luslrante,
2525 4688 2856 4758 confugiunt
2886 4692 3217 4745 necessitate
3241 4707 3395 4744 com-

1817 4775 1964 4845 pulsi
1997 4775 2190 4841 David,
2216 4789 2268 4832 et
2295 4780 2534 4848 quicum
2557 4795 2645 4844 eo,
2672 4780 2726 4834 in
2759 4781 3099 4852 speluncam.
3124 4782 3260 4836 Cum
3280 4782 3393 4852 jam

1815 4867 2070 4922 essentin
2087 4869 2374 4938 spelunca,
2404 4871 2710 4941 ingreditur
2731 4880 2853 4942 post
2873 4873 2997 4927 illos
3020 4884 3074 4928 et
3099 4873 3217 4944 ipse
3235 4875 3387 4933 Saul,

1819 4959 2026 5026 utquid
2049 4976 2230 5014 rerum
2263 4965 2702 5018 necessariarum
2731 4974 2936 5034 ageret,
2967 4965 3230 5035 ignorans
3251 4965 3398 5020 illam
3430 5022 3436 5029 ,

1827 5057 1945 5109 qua:
1975 5042 2198 5096 fortuito
2231 5055 2418 5096 contra
2447 5061 2600 5098 suam
2634 5047 2858 5100 salutem
2891 5060 3244 5112 convenerat,
3275 5066 3389 5102 nia-

1827 5146 1975 5184 num.
2012 5131 2153 5201 Ergo
2189 5147 2312 5184 cum
2350 5134 2500 5187 solus
2527 5142 2691 5198 esset,
2717 5137 3202 5206 complicatamque
3226 5139 3388 5192 tuui-

1825 5236 1943 5275 cam
1965 5221 2120 5289 juxta
2146 5237 2203 5277 se
2227 5223 2424 5276 alicubi
2446 5224 2806 5292 deposuisset,
2836 5227 3154 5282 manifestus
3179 5238 3231 5282 et
3256 5244 3387 5282 con-

1825 5313 2068 5382 spicuus,
2099 5314 2169 5367 ob
2197 5314 2536 5382 splendorem
2577 5332 2674 5385 per
2708 5318 2909 5371 ostium
2954 5319 3226 5388 spelunca:
3259 5322 3388 5375 sub-

1823 5413 2038 5458 euntem
2075 5403 2200 5467 illis,
2231 5421 2366 5473 quos
2403 5405 2547 5460 intus
2576 5407 2810 5462 tenebrae
2853 5409 3194 5470 occulebant,
3221 5411 3386 5464 sociis

1824 5494 2038 5561 quidem
2071 5492 2288 5549 Davidis
2328 5497 2541 5552 animus
2570 5509 2681 5551 erat
2713 5500 2920 5553 irruere
2960 5499 3012 5552 in
3048 5499 3279 5564 hostem,
3305 5500 3389 5552 ul-

1823 5585 2064 5653 ciscique
2091 5599 2237 5647 eum,
2268 5587 2359 5654 qui
2393 5587 2554 5641 credis
2579 5588 2868 5642 inferenda:
2889 5604 3052 5643 causa
3075 5587 3386 5655 advenerat,

1824 5679 1979 5748 quasi
2011 5679 2266 5733 nimirum
2296 5680 2408 5747 ipse
2441 5679 2581 5736 Deus
2619 5681 2672 5734 in
2707 5698 2899 5738 manus
2939 5682 3250 5740 tradidisset
3290 5683 3386 5736 ho-
