3870 6220
449 320 551 375 5'95

1679 321 1735 376 S.
1766 319 1806 374 υ
1819 318 2097 374 ιιΕοΟιιιι
2131 319 2422 376 NYSSENI

3607 325 3715 380 584

449 447 586 490 stam
619 434 686 489 iis
711 435 802 502 qui
834 435 898 488 ad
942 435 1142 491 aedem
1182 438 1587 506 quaerebantur.
1622 442 1688 494 At
1718 439 1884 495 David
1917 442 2025 494 ho—

2129 445 2241 506 τοῖς
2267 444 2359 496 ἐπὶ
2384 442 2600 514 θανάτῳ
2639 444 2984 516 διωκομένοις
3015 443 3105 499 τὸν
3142 444 3335 516 ἐχθρὸν
3377 445 3707 516 ὑποχείριον.

455 543 573 580 rum
607 528 866 596 impetum
903 530 1250 596 compressit,
1283 531 1543 600 injustam
1577 547 1704 587 esse
1726 543 1880 587 ratus
1909 533 2026 587 illo-

449 633 572 673 rum
606 618 659 671 in
701 633 884 688 regem
928 620 1406 675 machinationem.
1451 622 1657 675 Stricto
1697 624 1883 693 itaque
1912 623 2026 692 gla-

452 709 550 764 dio
582 709 890 762 clanculum
924 727 956 762 a
1006 717 1158 780 tergo
1211 709 1362 765 Sauli
1403 713 1608 773 astitit,
1654 729 1776 766 cum
1813 714 2026 768 nemine

447 802 673 856 conscio
704 816 828 854 eum
877 801 1132 856 invadere
1168 811 1385 872 posset,
1423 804 1662 858 tenebrze
1695 805 1838 857 enim
1882 805 2023 857 antri

447 892 624 945 oculis
665 891 852 945 offusae
916 891 1173 944 arcebant
1211 907 1400 946 eorum
1430 933 1444 955 ,
1479 909 1600 962 qua:
1637 894 1854 958 fiebant,
1891 909 2024 947 con-

448 995 692 1049 specmm
751 990 806 1034 et
862 980 1391 1037 manifestationem.
1444 983 1578 1037 Cum
1629 985 1796 1052 igitur
1835 984 2020 1037 liceret

446 1086 557 1122 uno
594 1071 727 1134 ictu,
761 1069 942 1124 medio
971 1070 1156 1134 dorso,
1190 1087 1286 1138 per
1328 1073 1506 1141 ipsum
1542 1087 1638 1126 cor
1667 1074 1902 1140 gladium
1942 1083 2024 1126 to-

359 1205 362 1210 .
445 1169 562 1212 tum
597 1160 836 1229 adigere,
878 1174 1075 1227 corpus
1109 1161 1327 1230 quidem
1370 1160 1551 1217 Saulis
1603 1179 1778 1233 neque
1815 1164 2020 1233 tetigit,

446 1264 626 1315 neque
665 1255 890 1320 tangere
927 1250 1151 1302 omnino
1190 1250 1377 1303 voluit.

520 1338 774 1394 Praecidit
812 1347 992 1393 autem
1029 1341 1252 1394 silenter
1285 1341 1464 1410 gladio
1491 1357 1643 1397 oram
1681 1343 2019 1414 chlamydis,

450 1443 508 1484 ut
541 1433 592 1484 in
625 1442 898 1499 posterum
931 1433 1009 1484 vel
1039 1431 1282 1502 chlamys
1310 1434 1466 1488 testis
1493 1444 1640 1489 esset
1670 1449 1783 1489 sua:
1811 1438 1863 1487 in
1893 1434 2024 1488 Sau-

451 1523 552 1575 lem
591 1521 983 1585 humanitatis,
1034 1523 1330 1576 omendens
1378 1522 1496 1591 ipsa
1542 1522 1771 1578 ﬁmbriae
1812 1524 2021 1576 abscis-

452 1616 604 1669 sione
638 1622 998 1684 potestatem,
1033 1628 1195 1682 quam
1240 1612 1509 1666 habuerat
1554 1613 1608 1666 in
1650 1628 1854 1683 corpus
1880 1613 2020 1681 ejus.

451 1707 662 1772 Quibus
693 1704 1043 1759 manifestum
1089 1705 1302 1766 evasit,
1344 1719 1508 1772 quam
1553 1703 1798 1774 insignes
1845 1705 2024 1774 profe-

2143 531 2203 588 '0
2231 534 2287 587 δέ
2315 535 2478 588 Δαϐὶδ
2502 535 2712 598 τούτοις
2745 536 2843 605 μὲν
2870 536 3069 589 ἀπεῖπε
3097 534 3199 606 τὴν
3223 535 3415 606 ὁρμὴν.
3452 535 3714 604 ἀθέμιτον

2130 625 2320 695 κρίνας
2359 625 2458 696 τὴν
2496 626 2637 679 κατά
2679 627 2774 679 τοῦ
2815 626 3084 696 ’βασιλέως
3124 626 3298 680 αὐτῶν
3347 626 3710 696 ἐπιχείρησιν.

2127 715 2426 784 Γυμνώσας
2465 716 2523 769 δέ
2569 717 2670 785 τῆς
2721 717 2893 787 θήκης
2935 717 2996 769 τὸ
3041 715 3211 785 ξίφος,
3265 717 3359 769 καὶ
3408 715 3715 786 λεληθότως

2126 807 2411 876 παραστὰς
2453 806 2532 876 τῷ
2568 807 2740 860 Σαοὺλ
2772 806 2998 858 κατόπιν
3017 846 3031 869 ,
3057 807 3370 878 ἀμάρτυρον
3400 807 3538 876 ἔχων
3589 815 3713 858 κατ’

2125 896 2290 948 αὑτοῦ
2329 898 2427 968 τὴν
2465 898 2806 968 ἐγχείρησιν·
2842 897 2870 948 6
2905 897 3014 968 γὰρ
3049 897 3108 949 ἐν
3151 896 3228 966 τῷ
3265 897 3514 964 σπηλαίῳ
3545 894 3714 960 ζόςσς

2127 986 2484 1057 ἐπικρύπτων
2517 988 2616 1058 τὴν
2659 987 2780 1056 bii/tv
2827 991 3107 1058 περιεῖργε
3139 987 3248 1040 τῶν
3278 986 3576 1054 γινομένων
3621 984 3717 1036 τὸν

2125 1077 2363 1148 ἔλεγχον.
2419 1079 2724 1148 Δυνάμενος
2771 1079 2950 1132 τοίνυν
3008 1081 3107 1149 μιᾷ
3163 1079 3345 1148 πληγῇ
3400 1076 3541 1128 κατά
3601 1076 3716 1128 τῶν

2127 1169 2478 1239 μεταφρένων
2503 1168 2590 1221 διὰ
2622 1170 2720 1238 τῆς
2748 1170 2974 1242 καρδίας
3002 1170 3121 1223 ὅλον
3147 1169 3393 1222 διελάσαι
3423 1168 3486 1220 τὸ
3517 1167 3712 1235 ξίφος,

2121 1259 2215 1312 τοῦ
2247 1259 2345 1328 μὲν
2375 1259 2624 1330 σώματος
2653 1263 2825 1315 Σαοὺλ
2853 1262 2972 1316 οὗτε
2998 1261 3195 1331 ἥψατο,
3227 1259 3350 1311 οὔτε
3376 1259 3706 1328 ἐμέλλησεν.

2206 1352 2522 1422 Ἀποτέμνει
2554 1353 2611 1405 δὲ
2661 1353 2739 1422 τῷ
2765 1353 2908 1422 ξίφει
2949 1353 3127 1407 λαθὼν
3152 1354 3356 1404 ἐκεῖνον
3393 1351 3452 1404 τὸ
3481 1351 3582 1420 τῆς
3631 1351 3715 1402 δι·-

2123 1442 2333 1507 πλοῖδος
2361 1443 2673 1515 πτερύγιον,
2708 1445 2783 1509 ὼς
2823 1446 2890 1499 ἂν
2935 1446 3302 1516 μαρτυρήσειε
3351 1443 3490 1513 μετά
3530 1440 3714 1494 ταῦτα

2121 1533 2223 1602 τῆς
2252 1537 2331 1597 εἰς
2372 1535 2461 1588 τὸν
2502 1535 2674 1589 Σαοὺλ
2719 1535 3130 1607 φιλανθρωπίας
3171 1535 3204 1606 ἠ
3251 1533 3455 1604 χλανὶς,
3479 1533 3582 1602 τῆς
3611 1532 3710 1584 τοῦ

2123 1626 2418 1697 πτερυγίου
2443 1627 2612 1696 τομῆς
2644 1627 2745 1696 τῆς
2786 1627 2926 1680 κατά
2959 1626 3054 1680 τοῦ
3093 1625 3342 1694 σώματος
3373 1623 3536 1678 αὑτοῦ
3565 1623 3713 1694 πλη-

2124 1719 2226 1788 γῆς
2251 1720 2349 1787 τὴν
2374 1717 2620 1782 ἐξουσίαν
2640 1718 2978 1772 δεικνύουσα.
3005 1719 3084 1770 Δι’
3102 1712 3169 1788 ἧς
3197 1715 3414 1785 ἐγένετο
3443 1713 3712 1784 φανερὸν,

447 1811 571 1852 Cttls
605 1797 771 1850 David
821 1797 874 1849 in
912 1795 1327 1865 longanimitate
1374 1804 1429 1848 et
1477 1796 1902 1848 mansuetudine
1947 1796 2025 1849 fe-

2129 1785 2274 1870 δπως
2345 1809 2507 1862 Δαϐ“ιδ
2529 1809 2627 1878 τὴν
2651 1809 3033 1880 μακροθυμίαν
3059 1785 3432 1870 ἐπεπαίδευτο,
3461 1807 3522 1868 δς
3549 1807 3710 1872 ﬁgo;

447 1892 583 1944 cerit
603 1933 617 1955 ,
647 1889 740 1958 qui
776 1903 936 1941 manu
971 1888 1176 1941 nudum
1208 1887 1446 1954 gladium
1477 1895 1671 1941 tenens
1694 1927 1707 1946 ,
1737 1888 2022 1956 supposito

448 1981 630 2034 manui
663 1980 730 2032 ad
765 1981 931 2033 ictum
961 1980 1082 2048 ipso
1113 1977 1290 2033 hostis
1317 1992 1548 2046 corpore
1569 2018 1585 2042 ,
1623 1994 1749 2031 cum
1780 1988 2022 2047 potestas

448 2071 753 2126 trucidandi
789 2085 912 2123 eum
949 2077 1298 2138 suppeteret,
1339 2078 1597 2135 superato
1627 2083 1722 2136 per
1754 2070 2021 2122 rationem

448 2163 649 2232 impetu
686 2161 780 2214 ira:
803 2201 818 2224 ,
849 2168 902 2215 et
936 2160 1124 2214 divino
1158 2161 1353 2214 timore
1389 2159 1735 2212 interimendi
1768 2159 2025 2212 facultate

447 2267 791 2322 compressa,
822 2267 931 2306 non
960 2252 1137 2306 solum
1171 2252 1250 2303 ira
1289 2265 1388 2304 sua
1427 2251 1625 2304 fortior
1658 2252 1901 2314 exstitit,
1928 2251 2022 2306 sed

447 2355 501 2400 et
538 2347 872 2414 armigerum
901 2356 1060 2398 suum
1090 2359 1202 2412 iam
1236 2351 1484 2396 ruentem
1529 2343 1582 2396 in
1617 2342 1799 2397 Saulis
1843 2343 2024 2412 perni-

447 2434 584 2488 ciem
639 2433 920 2495 cohibuit,
976 2431 1317 2486 mcmorabili
1369 2433 1462 2487 illa
1505 2447 1641 2487 voce
1673 2433 1859 2488 edita:
1896 2453 1913 2482 ι
1947 2433 2025 2487 Ne

446 2541 772 2593 corrumpas
803 2525 1068 2577 christum
1106 2523 1340 2576 Domini.
1381 2541 1397 2573 ι
1441 2521 1565 2576 Exit
1605 2539 1738 2593 ergo
1781 2523 1910 2578 Saul
1956 2541 2022 2577 ex

446 2618 703 2686 spelunca
739 2617 960 2685 ignarus
991 2614 1234 2668 omnium
1267 2628 1388 2682 qua:
1420 2612 1770 2674 acciderant,
1802 2614 2026 2667 indutus

444 2709 641 2764 accisae
658 2724 766 2762 ora:
791 2706 1098 2778 chlamyde.
1120 2709 1188 2759 At
1215 2705 1377 2760 David
1405 2722 1542 2775 pone
1558 2708 1806 2762 eumdem
1834 2707 2027 2762 subse-

445 2817 621 2871 quens
643 2842 657 2865 ,
691 2815 816 2854 cum
845 2814 908 2852 ea
939 2814 1046 2868 qua
1073 2808 1304 2866 poterat
1322 2800 1649 2862 securitate,
1681 2808 1734 2854 et
1759 2809 2026 2869 occupato

446 2895 583 2948 colle
605 2933 618 2954 ,
654 2895 746 2963 qui
791 2891 1112 2946 imminebat
1160 2892 1472 2961 speluncae,
1519 2907 1675 2946 oram
1709 2894 2023 2948 vestimenti

444 2991 676 3038 extensa
705 2997 868 3036 manu
909 2983 1254 3036 monstravit.
1291 2981 1414 3035 llaec
1451 2990 1630 3036 autem
1686 2984 1821 3036 nihil
1875 2985 2022 3038 aliud

443 3083 594 3138 erat,
624 3091 785 3145 quam
821 3075 1120 3142 trophazunt
1159 3073 1504 3126 incruentum
1540 3085 1732 3128 contra
1765 3075 2024 3130 adversa-

446 3167 560 3220 rios
601 3170 890 3228 erectum;
935 3177 987 3216 et
1042 3163 1358 3216 acclamaus
1407 3161 1560 3216 Sauli
1615 3179 1806 3231 magna
1858 3181 2024 3227 voce,

449 3274 644 3312 novam
680 3257 821 3309 hanc
854 3264 907 3308 et
941 3253 1359 3318 admirabilem,
1394 3254 1486 3310 sed
1521 3257 1774 3310 eximiam
1809 3256 2026 3310 fortitu-

446 3351 594 3405 dinis
627 3358 680 3402 ct
709 3347 1056 3403 strcunitatis
1087 3346 1326 3413 explicat
1360 3347 1598 3415 speciem
1624 3387 1637 3408 ,
1663 3363 1825 3416 quam
1862 3363 2026 3400 cruor

449 3459 558 3497 non
592 3441 924 3503 fmdaverat,
956 3456 1064 3510 qua
1100 3447 1153 3492 et
1192 3437 1530 3493 fortissimus
1560 3440 1708 3509 pugil
1745 3439 1911 3502 vicit,
1945 3441 2027 3492 vi—

447 3544 681 3603 ctusque
709 3540 959 3588 servatus
991 3542 1076 3587 est
1116 3533 1428 3586 incolumis.
1462 3529 1582 3585 Non
1613 3531 1760 3586 enim
1798 3531 1852 3584 in
1893 3547 2024 3586 casu

446 3637 502 3682 et
533 3629 756 3682 interitu
797 3627 972 3681 hostis
1007 3635 1116 3680 tam
1168 3626 1490 3694 prteclarum
1545 3624 1764 3680 Davidis
1814 3623 2026 3679 facinus

447 3722 730 3784 consistit,
767 3720 860 3774 sed
891 3720 943 3773 in
981 3719 1083 3772 hoc
1117 3718 1462 3786 potissimum
1502 3717 1630 3771 facti
1663 3719 1812 3772 illius
1843 3718 2024 3772 excel-

448 3812 614 3869 lentia
651 3821 705 3865 et
733 3811 1048 3880 magnitudo
1085 3809 1261 3878 posita
1293 3817 1410 3874 est,
1451 3808 1597 3876 quod
1645 3808 2025 3862 adversarium

450 3920 516 3959 ex
545 3904 787 3974 periculo
823 3902 1066 3972 eripuit;
1098 3901 1187 3954 cui
1223 3911 1435 3954 tantum
1471 3900 1682 3953 tiducize
1717 3901 1892 3953 inerat
1916 3937 1930 3960 ,
1970 3905 2028 3951 ut

450 4008 604 4049 suam
632 3993 860 4046 salutem
889 3991 988 4044 niti
1018 3991 1187 4044 nollet
1215 4005 1416 4045 occasu
1445 3999 1499 4043 et
1529 3991 1750 4043 interitu
1780 3989 2028 4041 adversa-

448 4085 688 4145 riorum,
722 4080 819 4137 sed
850 4081 1017 4135 salvis
1042 4081 1291 4150 vivisque
1324 4081 1738 4134 insidiatoribus
1769 4079 2027 4146 sperabat

449 4191 510 4230 se
544 4176 659 4228 fore
691 4187 946 4228 securum
972 4211 984 4232 .
1015 4173 1174 4241 quasi
1207 4187 1365 4226 neuio
1394 4181 1574 4233 esset,
1604 4172 1695 4240 qui
1728 4170 2024 4240 quidquam

448 4264 712 4318 molestiae
751 4262 1000 4316 inferret.
1038 4261 1300 4327 Quamvis
1335 4264 1434 4316 hac
1467 4263 1696 4316 historia
1730 4262 1912 4332 potius
1943 4261 2027 4314 di-

451 4357 611 4410 vinus
643 4370 824 4410 sermo
850 4356 1050 4409 docere
1079 4356 1206 4410 velit
1271 4371 1394 4410 eum
1426 4355 1517 4422 qui
1545 4355 1746 4408 virtute
1771 4355 2023 4419 excellit,

2129 1900 2268 1970 ἓχων
2297 1901 2354 1952 ἐν
2385 1902 2452 1970 τῇ
2500 1899 2728 1972 παλάμῃ
2770 1899 3004 1970 γυμνὸν,
3061 1899 3421 1968 ὑποκειμένου
3449 1899 3513 1966 τῇ
3558 1896 3711 1966 χειρὶ

2129 1992 2222 2045 τοῦ
2263 1993 2518 2061 πολεμίου
2553 1990 2832 2061 σώματος,
2878 1993 2935 2044 ἐν
2967 1991 3185 2062 ἐξουσίᾳ
3222 1989 3315 2043 τοῦ
3348 1989 3556 2042 ἀνελεῖν
3597 1989 3708 2041 ὐπ-

2131 2081 2332 2151 άρχων,
2369 2082 2596 2149 νικήσας
2638 2081 2732 2134 καὶ
2765 2079 2844 2151 τῷ
2864 2079 3110 2150 λογισμῷ
3144 2079 3234 2132 τὸν
3264 2077 3449 2148 θυμὸν,
3487 2078 3581 2130 καὶ
3624 2077 3710 2146 τῷ

2131 2172 2259 2242 θείῳ
2292 2173 2440 2243 φόϐῳ
2474 2172 2570 2242 τὴν
2595 2174 2692 2242 τῆς
2731 2173 2944 2243 πληγῆς
2973 2171 3250 2236 ἐξουσίαν,
3290 2171 3350 2224 οὐ
3380 2170 3538 2239 μόνον
3571 2169 3703 2222 ίδίου

2131 2262 2302 2332 θυμοῦ
2341 2264 2603 2335 κρείττων
2634 2264 2883 2332 ἐγένετο,
2921 2263 3055 2317 ἀλλὰ
3106 2263 3200 2315 καὶ
3242 2262 3332 2316 τὸν
3357 2261 3704 2330 ὑπασπιστὴν

2130 2353 2267 2423 πρὸς
2311 2352 2400 2405 τὸν
2443 2352 2536 2405 τοῦ
2563 2353 2735 2406 Σαοὺλ
2775 2355 2933 2422 φόνον
2981 2353 3304 2422 ὁρμήσαντα
3355 2350 3708 2404 κατέστειλεν

2130 2443 2310 2514 ἐκείνῃ
2349 2443 2575 2513 ἀοιδίμῳ
2619 2447 2791 2515 φωνῇ,
2821 2443 2990 2498 εἰπὼν
3027 2444 3161 2514 πρὸς
3196 2444 3353 2496 αὐτόν
3375 2459 3390 2474 ·
3429 2441 3559 2513 «Μὴ
3589 2443 3706 2495 δια-

2131 2531 2358 2603 φθείρῃς
2402 2532 2495 2585 τὸν
2545 2533 2764 2602 χριστὸν
2806 2534 3031 2604 Κυρίου.
3075 2553 3096 2585 ι
3174 2533 3500 2603 Προέρχεται
3539 2529 3636 2586 οὗν
3675 2535 3706 2585 ὁ

2131 2623 2304 2675 Σαοὺλ
2332 2624 2396 2674 ἐκ
2425 2622 2520 2676 τοῦ
2552 2623 2815 2694 σπηλαίου
2851 2623 3132 2692 γινώσκων
3160 2623 3267 2675 τῶν
3301 2625 3602 2690 γεγονότων
3621 2625 3705 2677 ού·

2129 2715 2216 2768 δέν
2245 2715 2339 2765 καὶ
2372 2714 2842 2784 περικεκομμένον
2875 2713 3184 2784 περιϐαλὼν
3225 2713 3402 2784 ἐαυτῷ
3437 2715 3496 2766 τὸ
3524 2714 3706 2784 χλανί-

2129 2806 2257 2858 διον.
2313 2807 2372 2857 '0
2423 2805 2479 2857 δὲ
2520 2805 2700 2870 Δαϐὶδ,
2751 2803 3079 2869 συνεξελθὼν
3111 2806 3259 2876 αὐτῷ
3303 2806 3530 2859 κατόπιν
3563 2807 3708 2874 μετά

2129 2898 2228 2966 τῆς
2261 2897 2381 2949 καθ’
2421 2895 2614 2949 ἐαυτὸν
2658 2897 2976 2964 ἀσφαλείας,
3007 2898 3100 2948 καὶ
3143 2897 3570 2967 προκαταλαϐὼν
3612 2899 3709 2950 τὸν

2132 2990 2522 3060 ὑπερκείμενον
2560 2989 2651 3041 τοῦ
2702 2989 2963 3059 σπηλαίου
3001 2988 3291 3058 γεώλοφον,
3323 2989 3594 3060 προτείνει
3635 2992 3708 3061 τῇ

2130 3080 2272 3150 χειρὶ
2287 3079 2595 3149 πτερύγιον.
2625 3079 2796 3132 Τοῦτο
2810 3080 2865 3131 δέ
2893 3080 3044 3132 οὐδὲν
3067 3080 3254 3151 ἕτερον
3272 3075 3360 3150 ἦν,
3387 3081 3419 3150 ἢ
3443 3082 3708 3151 τρόπαιον

2129 3169 2270 3223 κατὰ
2296 3170 2402 3223 τῶν
2434 3169 2741 3223 ἀντιπάλων
2779 3172 3134 3240 ἀναίμακτον.
3176 3170 3286 3224 Καὶ
3318 3171 3596 3241 ἐμϐοήσας
3625 3170 3708 3241 τῷ

2127 3260 2299 3314 Σαοὺλ
2331 3260 2539 3331 μεγάλῃ
2568 3263 2742 3330 φωνῇ,
2770 3261 2868 3330 τὴν
2897 3260 3087 3331 καινὴν
3119 3261 3321 3330 ταύτην
3359 3263 3453 3314 καὶ
3491 3261 3589 3314 θαυ
3600 3279 3707 3330 μα-

2129 3352 2259 3422 στὴν
2303 3351 2582 3422 ἀριστείαν
2623 3351 2974 3420 ἐκδιηγεῖται,
3020 3352 3086 3420 ἢν
3116 3351 3311 3421 λύθρος
3344 3352 3577 3420 αἵματος
3604 3353 3708 3404 οὐκ

2127 3441 2367 3511 ἐμίανεν,
2477 3443 2570 3494 καὶ
2596 3442 2624 3494 6
2670 3442 2924 3511 ἀριστεὺς
2967 3442 3236 3512 ἐνίκησεν,
3273 3442 3365 3494 καὶ
3392 3444 3420 3494 6
3450 3442 3711 3511 ἡττηθεὶς

2129 3531 2508 3602 περισώζεται.
2543 3534 2615 3584 υὺ
2647 3533 2752 3604 γὰρ
2773 3531 2852 3601 τῷ
2876 3531 3128 3602 πτώματι
3150 3532 3243 3585 τοῦ
3270 3532 3530 3602 πολεμίου
3566 3550 3711 3604 μαρ-

2127 3623 2372 3693 τυρεῖται
2401 3621 2494 3674 τοῦ
2515 3622 2678 3675 Δαϐὶδ
2695 3625 2728 3692 ἡ
2760 3623 3010 3692 ἀριστεία
3030 3639 3044 3654 ο
3075 3623 3187 3675 ἀλλ’
3213 3623 3270 3674 ἐν
3293 3622 3372 3692 τῷ
3391 3625 3708 3694 περισώσα-

2130 3711 2252 3765 σθαι
2284 3711 2378 3765 τοῦ
2412 3712 2659 3764 κινδύνου
2693 3713 2788 3765 τὸν
2814 3712 3203 3783 ἀντικείμενον,
3230 3716 3584 3785 φανερωτέρα
3618 3717 3709 3784 γί-

2128 3822 2273 3858 νεται
2299 3805 2390 3857 καὶ
2417 3804 2656 3876 ὑπεροχὴ
2683 3806 2782 3874 τῆς
2814 3806 3117 3876 δυνάμεως,
3143 3799 3188 3874 ᾧ
3225 3807 3475 3860 τοσοῦτον
3510 3809 3709 3878 περιῆν

2125 3895 2224 3964 τῆς
2255 3896 2652 3966 πεποιθήσεως,
2696 3897 2775 3967 μὴ
2810 3901 2876 3969 τῇ
2907 3899 3152 3970 ἀπωλείᾳ
3181 3899 3288 3951 τῶν
3314 3900 3710 3970 ἀντιτεταγμέ-

2126 4002 2232 4039 νων
2264 3987 2540 4040 πιστεύειν
2561 3989 2658 4058 τὴν
2682 3990 2875 4044 ἐαυτοῦ
2903 3991 3194 4061 σωτηρίαν,
3214 3990 3348 4044 ἀλλὰ
3365 3992 3458 4044 καὶ
3491 3993 3709 4062 περιόνο

2125 4094 2232 4129 των
2269 4076 2377 4130 τῶν
2426 4079 2902 4147 ἐπιϐουλευόντων,
2932 4081 3010 4143 ὡς
3044 4081 3256 4145 ούδενδς
3283 4081 3601 4146 λυποῦντος.
3647 4083 3708 4136 τὺ

2127 4169 2368 4238 ἀσφαλὲς
2397 4168 2562 4239 ἔχειν.
2590 4170 2808 4224 Μᾶλλον
2831 4171 2886 4223 δέ
2915 4171 3072 4224 τοῦτο
3095 4171 3184 4225 διὰ
3203 4173 3302 4243 τῆς
3324 4175 3561 4244 ἱστορίας
3587 4192 3714 4227 παι⁴

2125 4259 2268 4312 δεύει
2304 4263 2332 4314 6
2371 4261 2548 4327 λόγος,
2581 4261 2662 4314 ὅτι
2703 4263 2732 4315 6
2766 4264 2886 4314 κατ’
2921 4263 3124 4334 ἀρετὴν
3153 4265 3422 4334 προέχων,
3469 4265 3532 4316 οὐ
3563 4267 3708 4319 κατὰ

2124 4352 2232 4405 τῶν
2273 4353 2592 4422 ὁμοφύλων,
2639 4353 2774 4406 ἀλλά
2817 4354 2960 4409 κατά
3007 4354 3117 4408 τῶν
3145 4354 3333 4408 παθῶν
3371 4356 3704 4427 ἀνδρίζεται.

450 4460 558 4500 non
589 4454 780 4498 contra
819 4445 941 4500 illos
972 4449 1062 4514 qui
1099 4445 1344 4514 ejusdem
1382 4461 1566 4499 secum
1602 4453 1730 4498 sunt
1764 4448 1941 4514 gentis
1971 4452 2024 4496 et

2141 4443 2467 4514 Ἀναιρεῖται
2492 4441 2584 4498 οὖν
2603 4445 2689 4498 διὰ
2709 4446 2811 4514 τῆς
2827 4446 3082 4517 τοιαύτης
3109 4447 3204 4500 τοῦ
3226 4448 3388 4501 Δασὶδ
3427 4447 3711 4517 ἀριστείας

449 4537 640 4604 stirpis
659 4576 673 4596 ,
709 4536 802 4590 sed
831 4544 1024 4588 contra
1056 4537 1446 4588 immoderatas
1475 4535 1794 4590 affectiones
1826 4535 2022 4589 fortem

447 4637 504 4681 et
536 4636 819 4682 strenuum
853 4643 998 4681 esse.
1043 4625 1380 4680 Interimitur
1413 4642 1543 4696 ergo
1593 4643 1685 4696 per
1715 4627 1817 4680 hoc
1859 4641 2025 4693 gene-

451 4718 798 4771 rosissimum
829 4715 1050 4770 Davidis
1083 4715 1296 4771 facinus
1327 4718 1380 4770 in
1417 4719 1665 4786 utrisque
1701 4718 1985 4770 iracundia
2009 4755 2024 4778 ,

448 4811 579 4866 dum
620 4811 710 4863 ille
747 4808 966 4878 quidem
1009 4809 1220 4862 ratione
1258 4809 1537 4877 proprium
1573 4810 1835 4879 impetum
1869 4810 2027 4863 cohi-

450 4903 570 4956 buit
592 4943 607 4966 ,
643 4903 890 4968 iramque
921 4899 988 4953 ad
1021 4900 1316 4953 vindictam
1350 4909 1632 4964 ruentem,
1665 4901 2025 4970 compressit;

451 4995 581 5047 Saul
611 5008 738 5046 vero
771 4993 842 5045 ob
874 4993 1266 5045 humanitatem
1289 5033 1301 5052 ,
1330 5006 1493 5060 quam
1521 5001 1779 5060 expertus
1811 4991 1986 5044 fuerat
2011 5030 2027 5055 ,

449 5086 711 5139 malitiam
741 5092 793 5138 et
821 5084 1222 5151 improbitatem
1254 5083 1518 5137 adversus
1546 5081 1802 5136 Davidem
1834 5083 2031 5136 exstir-

450 5179 616 5247 pavit.
671 5175 864 5242 Qualia
909 5175 1053 5228 enini
1099 5173 1338 5242 posthaec
1385 5173 1450 5226 ad
1505 5173 1765 5226 victorem
1815 5173 2030 5227 locutus

452 5271 556 5331 sit,
587 5269 763 5322 oculis
796 5281 905 5336 pra‘.
933 5264 1142 5336 pudore
1170 5279 1359 5318 eorum
1385 5305 1399 5328 ,
1433 5280 1552 5332 qua:
1585 5271 1850 5327 tentarat,
1881 5263 2028 5315 humi

452 5359 683 5422 deﬁxis,
720 5369 772 5412 et
806 5357 1083 5426 quomodo
1139 5356 1391 5410 lamentis
1439 5363 1492 5408 et
1540 5354 1798 5423 lacrymis
1853 5363 2032 5408 mente

454 5461 772 5520 conceptam
811 5465 839 5502 a
875 5451 1080 5502 malitia
1099 5450 1437 5503 aversionem
1463 5454 1696 5500 testatus
1733 5445 1930 5507 fuerit,
1964 5460 2030 5498 ex

457 5540 686 5594 historia
718 5542 834 5610 ipsa
869 5541 1082 5594 discere
1117 5539 1262 5592 licet.
1301 5540 1695 5608 Argumentum
1731 5551 1861 5606 ergo
1893 5535 2031 5589 sexti

457 5639 512 5686 et
540 5632 976 5701 quinquagesimi
1033 5629 1228 5699 psalmi
1281 5629 1426 5683 istud
1479 5636 1593 5691 est,
1651 5637 1911 5697 quantum
1965 5643 2030 5680 ex

463 5723 576 5794 ipsa
603 5738 780 5777 rerum
806 5730 1080 5792 gestarum
1108 5721 1421 5775 narratione
1449 5727 1684 5776 constat.
1716 5717 2030 5789 Inscriptio-

2127 4534 2157 4586 6
2188 4535 2246 4586 ἐν
2278 4535 2606 4605 ἀμφοτέροις
2650 4535 2820 4605 θυμός
2843 4551 2857 4566 ο
2900 4534 2993 4588 τοῦ
3046 4536 3145 4606 μὲν
3191 4536 3279 4589 διὰ
3315 4537 3410 4589 τοῦ
3441 4537 3707 4608 λογισμοῦ

2126 4625 2224 4695 τὴν
2257 4625 2391 4678 ίδίαν
2433 4625 2646 4686 ἑλόντος
2690 4626 2884 4697 ὀργὴν,
2923 4629 3016 4679 καὶ
3065 4628 3162 4698 τὴν
3208 4628 3510 4698 ἀμυντικὴν
3535 4628 3712 4700 ὀργὴν

2129 4715 2670 4778 κατασκευάσαντος·
2715 4715 2811 4768 τοῦ
2838 4715 2894 4767 δέ
2925 4717 3096 4770 Σαοὺλ
3141 4716 3230 4770 διὰ
3276 4718 3371 4786 τῆς
3405 4719 3711 4788 γενομένης

2129 4805 2276 4876 αὐτῷ
2306 4806 2712 4876 φιλανθρωπίας
2738 4810 2837 4879 τὴν
2857 4809 2996 4862 κατὰ
3025 4808 3118 4861 τοῦ
3147 4809 3308 4862 Δαϐὶδ
3345 4813 3544 4864 κακίαν
3565 4813 3709 4866 ἀποο

2129 4897 2517 4968 νεκρώσαντος.
2555 4893 2656 4951 Οία
2688 4899 2796 4970 γὰρ
2829 4901 2965 4969 μετά
2987 4900 3159 4953 ταῦτα
3188 4902 3324 4969 πρὸς
3361 4901 3451 4956 τὸν
3483 4905 3712 4974 νικητὴν

2131 4988 2558 5056 ἀποφθέγγεται,
2583 4990 2672 5041 ὑπ’
2693 4991 2954 5060 αἰσχύνης
2973 4990 3083 5043 τῶν
3106 4992 3528 5062 τετολμημένων
3550 5011 3717 5046 καταο

2129 5079 2402 5148 δυόμενος,
2456 5081 2550 5132 καὶ
2597 5079 2796 5151 θρήνῳ,
2850 5083 2943 5135 καὶ⁸
2981 5082 3210 5152 δάκρυσι
3258 5083 3356 5152 τὴν
3406 5083 3717 5138 ἐνδιάθετον

2131 5170 2296 5222 αὑτοῦ
2318 5171 2415 5240 τῆς
2448 5171 2646 5232 κακίας
2663 5173 3014 5244 ἀποστροφὴν
3045 5173 3472 5244 ἐνδεικνύμενος,
3503 5175 3717 5241 ἔξεστιν

2132 5261 2190 5325 ἐξ
2220 5262 2388 5331 αὐτῆς
2433 5263 2672 5334 ἱστορίας
2719 5264 2926 5333 μαθεῖν.
2991 5265 3056 5317 Ἡ
3087 5265 3187 5331 μὲν
3215 5262 3307 5319 οὖν
3329 5267 3588 5328 ὑπόθεσις
3615 5268 3715 5336 τῆς

2132 5351 2297 5421 ἕκτης
2324 5353 2418 5406 καὶ
2453 5355 2823 5424 πεντηκοστῆς
2854 5354 3193 5426 ψαλμῳδίας,
3221 5357 3344 5409 ὅσον
3371 5358 3437 5409 ἐκ
3464 5357 3574 5409 τῶν
3611 5358 3717 5408 ὑπὸ

2132 5445 2232 5513 τῆς
2276 5444 2517 5514 ἱστορίας
2568 5443 2939 5514 δηλουμένων,
2982 5445 3208 5518 τοιαύτη
3253 5447 3422 5499 ἐστίνι
3474 5448 3625 5499 Λύτά
3657 5447 3716 5500 δὲ

2133 5535 2232 5603 τῆς
2259 5535 2570 5606 ἐπιγραφῆς
2594 5537 2660 5589 τὰ
2683 5539 2922 5608 ῥήματα,
2941 5537 3009 5590 δι’
3036 5531 3112 5592 ὧν
3139 5540 3173 5608 ἡ
3200 5539 3342 5592 κατὰ
3362 5538 3425 5590 τὸ
3449 5537 3716 5606 σπήλαιον

2137 5629 2393 5695 συντυχία
2420 5625 2693 5695 δηλοῦται,
2739 5627 2927 5680 τοῦτον
2974 5628 3084 5698 ἔχει
3112 5631 3204 5682 τὸν
3235 5629 3485 5701 τρόπονί
3528 5630 3626 5692 Εἰς
3654 5629 3716 5683 τὺ

2133 5717 2283 5781 τέλος
2339 5718 2411 5788 μὴ
2459 5717 2793 5791 διαφθείρῃς,
2845 5719 2925 5790 τῷ
2966 5719 3129 5773 Δαϐὶδ
3161 5723 3240 5784 εἰς
3286 5720 3710 5791 στηλογραφίαν,
