3870 6220
169 310 275 365 585

1583 314 1650 371 IN
1681 316 2022 376 PSALMOS.

3320 310 3425 369 586

169 424 229 476 ὲν
256 423 334 493 τῷ
362 424 524 477 αὐτὸν
554 425 968 499 ἀποδιδράσκειν
1007 432 1116 509 ἀπὸ
1144 434 1433 503 προσώπου
1460 433 1632 489 Σαοὺλ
1664 437 1744 500 είς

1849 437 1932 491 nis
1961 444 2140 493 autem
2170 437 2366 501 verba,
2401 434 2602 509 quibus
2630 450 2933 491 concursus
2969 434 3057 491 ille
3083 434 3138 489 in
3164 433 3421 505 spelunca

166 514 229 567 τὸ
268 516 553 574 σπήλαιον.
588 536 608 570 ι
674 520 761 582 Ὦς
794 522 841 574 δ’
892 523 959 576 ἂν
998 526 1365 596 έφαρμοσθείη
1410 528 1519 589 τοῖς
1560 528 1753 596 ἐπιγε-

166 607 514 675 γραμμένοις
556 608 623 661 τὰ
659 610 760 681 τῆς
806 612 1124 683 ψαλμῳδίας
1167 616 1431 685 νοήματα,
1464 616 1654 687 καιρὸς
1684 616 1752 671 ἀν

170 694 260 764 εἴη
294 696 362 749 δι’
391 696 584 766 ὀλίγων
613 701 708 753 καὶ
746 702 846 771 τὴν
894 705 952 756 έν
994 703 1202 767 τούτοις
1230 704 1459 774 θεωρίαν
1492 708 1753 778 κατανοῆ-

168 803 292 853 σαι,
311 790 787 859 προδιεξελθόντας
800 792 871 846 τὰ
897 793 1229 849 θεόπνευστα
1262 798 1500 867 ῥήματα.
1528 815 1546 848 ι
1571 799 1752 870 Ἐλέη-

166 880 262 932 σόν
299 898 392 949 με,
425 884 454 934 ὁ
498 882 652 947 Θεὸς,
680 884 899 955 ἐλέησόν
942 902 1029 955 με,
1074 887 1155 940 ὅτι
1197 888 1289 940 ἐπὶ
1328 890 1408 941 σοὶ
1434 890 1689 943 πέποιθεν
1716 894 1750 961 ἡ

162 974 313 1043 ψυχή
354 993 477 1046 μου,
513 975 608 1028 καὶ
638 977 697 1028 ἐν
718 980 786 1048 τῇ
821 980 947 1049 σκιᾷ
985 979 1093 1031 τῶν
1117 979 1406 1051 πτερύγων
1436 999 1531 1035 σου
1559 982 1748 1048 ἐλπιῶ,

164 1066 271 1127 ἕως
294 1061 357 1120 οὗ
392 1066 638 1138 παρέλθῃ
665 1070 698 1138 ή
732 1070 950 1141 ἀνομία.
980 1090 1001 1123 ι
1041 1072 1153 1140 Τῆς
1184 1073 1264 1134 είς
1289 1071 1379 1125 τὸν
1406 1071 1540 1125 Θεὸν
1568 1090 1752 1127 πεποι-

160 1165 379 1236 θήσεως
397 1164 427 1215 ὁ
442 1164 740 1234 Ψαλμιθώὸς
759 1170 854 1219 καὶ
885 1164 984 1233 τῆς
1016 1163 1236 1231 βεϐαίας
1257 1166 1337 1228 είς
1361 1165 1521 1217 αὑτὸν
1542 1165 1752 1230 ἐλπίδος

164 1248 258 1301 τὸν
281 1248 426 1302 θεῖον
456 1248 603 1302 ἔλεον
642 1250 980 1319 ἀντιδοθῆναι
1015 1252 1354 1324 παρακαλεῖ,
1398 1271 1417 1304 ι
1440 1254 1584 1318 Ἕως
1612 1249 1694 1318 οὗ,
1724 1274 1743 1307 ι

165 1341 356 1409 φησὶν,
393 1360 411 1392 ι
434 1344 467 1412 ὴ
498 1342 697 1413 ἀνομία
726 1342 991 1415 παρέλθῃ.
1022 1362 1042 1396 ι
1085 1345 1175 1408 Ὧς
1202 1344 1246 1396 δ’
1280 1344 1347 1398 ἀν
1374 1344 1750 1418 φανερώτερον

163 1432 298 1501 ἡμῖν
332 1432 395 1485 τὸ
420 1433 597 1503 νόημα
635 1433 843 1502 γένοιτο
861 1476 877 1501 ,
926 1436 1125 1489 οὑτωσὶ
1158 1437 1249 1490 τὸν
1293 1436 1450 1505 λόγον
1486 1436 1752 1507 διαληψώ-

165 1524 336 1593 μεθα⁶
380 1525 643 1591 Ἀστατός
684 1528 801 1580 ἐστι
843 1528 938 1581 καὶ
972 1528 1240 1600 παροδικὴ
1278 1530 1378 1601 τῆς
1412 1530 1687 1601 ἁμαρτίας
1712 1532 1746 1602 ή

166 1615 333 1684 φύσις
357 1658 371 1681 ,
404 1616 526 1670 οὔτε
558 1617 698 1670 κατά
724 1620 788 1671 τὸ
820 1617 1034 1689 πρῶτον
1066 1622 1447 1675 συνυποστᾶσα
1472 1623 1538 1693 τῇ
1576 1620 1748 1674 κτίσει

162 1709 319 1777 παρά
357 1709 452 1762 τοῦ
504 1710 568 1762 τὸ
599 1712 711 1763 πᾶν
751 1712 1200 1782 ὑποστησαμένου
1240 1713 1334 1767 καὶ
1368 1712 1747 1778 ούσιώσαντος,

160 1773 289 1853 οὔτε
325 1800 462 1869 πρὸς
494 1801 555 1853 τὸ
586 1802 830 1868 διηνεκὲς
865 1773 977 1866 τοῖς
1013 1773 1132 1857 ούσι
1168 1804 1614 1873 συνδιαμένουσα.
1666 1773 1747 1858 Td:
1780 1773 1821 1829 Β

164 1892 269 1961 μὲν
296 1893 406 1962 γὰρ
442 1894 507 1945 ὲκ
529 1892 621 1945 τοῦ
651 1893 802 1957 ὄντος
820 1890 969 1959 ὄντα,
1001 1894 1094 1949 καὶ
1123 1897 1181 1949 ὲν
1212 1894 1289 1965 τῷ
1322 1890 1461 1949 εἶναι
1481 1896 1569 1950 διά
1607 1915 1744 1952 παν-

159 1983 255 2046 τὸς
282 1984 530 2055 διαμένει
549 2002 563 2015 ·
598 1987 646 2039 εί
687 1986 743 2038 δέ
775 2001 831 2038 τι
864 1983 970 2051 ἔξω
996 1987 1093 2041 τοῦ
1118 1988 1271 2051 ὄντος
1297 1988 1465 2049 ἐστὶν,
1504 1980 1565 2041 οὗ
1589 1989 1745 2042 οὐσία

157 2074 262 2126 οὐκ
287 2075 348 2126 ὲν
374 2073 452 2144 τῷ
480 2070 638 2137 εἶναι,
660 2076 774 2129 ἀλλ’
805 2078 863 2130 έν
893 2075 972 2147 τῷ
998 2076 1201 2145 ἀγαθὸν
1239 2076 1313 2147 μὴ
1337 2073 1476 2131 εἶναι
1503 2076 1601 2148 τὴν
1622 2078 1746 2132 ὑπό-

160 2182 358 2219 στασιν
388 2166 524 2236 εχει,
549 2166 708 2220 τοῦτό
730 2168 876 2221 ἐστιν
898 2168 927 2220 ό
951 2167 1316 2238 ὲπιδωμάτιος
1341 2168 1556 2238 χόρτος,
1592 2169 1751 2240 ἀρρι-

158 2258 255 2322 ζός
279 2275 389 2325 τις,
410 2259 507 2312 καὶ
537 2260 814 2332 ἄσπαρτος
844 2261 940 2314 καὶ
962 2260 1242 2332 ἀνήροτος,
1275 2260 1377 2313 κᾶν
1402 2260 1540 2331 πρὸς
1559 2260 1620 2313 τὸ
1639 2276 1751 2313 πα-

160 2352 259 2422 ρὸν
295 2352 555 2425 διοχλήσῃ
603 2355 670 2423 τῇ
708 2352 1067 2424 ἀνυποστάτῳ
1120 2354 1325 2426 βλάστῃ
1343 2390 1358 2414 ,
1408 2355 1520 2416 τοῖς
1566 2352 1749 2424 μέντοι

157 2444 468 2513 καθήκουσι
494 2444 728 2516 χρόνοις,
765 2448 825 2499 ὲν
850 2448 923 2517 τῇ
949 2444 1045 2499 τοῦ
1077 2446 1278 2509 παντὸς
1304 2444 1439 2515 πρὸς
1464 2444 1527 2498 τὸ
1548 2444 1751 2513 ἀγαθὸν

158 2536 636 2603 ἀποκαταστάσει,
692 2537 1026 2608 παρέρχεται
1052 2554 1113 2590 τε
1157 2538 1252 2591 καὶ
1276 2536 1595 2605 ἀφανίζεται
1615 2574 1630 2599 ,
1676 2536 1751 2601 ὡς

162 2627 335 2697 μηδὲν
363 2628 509 2697 ἴχνος
531 2628 626 2681 τοῦ
647 2627 743 2681 νῦν
780 2629 1201 2692 ἐπιπολάζοντος
1226 2628 1361 2698 ἡμῖν
1386 2626 1556 2681 κακοῦ
1602 2629 1660 2680 έν
1682 2630 1747 2699 τῇ

160 2716 281 2769 κατ’
314 2717 509 2770 ἐλπίδα
536 2717 869 2789 προκειμένῃ
909 2716 1021 2788 ζωῇ
1073 2714 1484 2771 ἀπολείπεσθαι.
1530 2732 1554 2765 r
1580 2716 1699 2769 Ἔτι
1725 2735 1745 2769 ι

157 2807 270 2878 γὰρ
303 2825 324 2857 ι
370 2807 575 2875 ὀλίγον,
605 2827 624 2859 ι
666 2808 863 2879 φησὶν,
914 2828 932 2860 ι
957 2808 1051 2861 καὶ
1075 2809 1136 2863 οὺ
1167 2808 1242 2879 μὴ
1271 2807 1488 2881 ὑπάρξῃ
1519 2809 1549 2861 ό
1568 2809 1751 2879 ἀμαρ-

160 2899 368 2963 τωλδς,
409 2901 505 2953 καὶ
553 2900 810 2971 ζητήσεις
859 2900 951 2954 τὸν
979 2900 1143 2954 τόπον
1181 2899 1370 2963 αὐτοῦ,
1420 2900 1515 2953 καὶ
1561 2900 1623 2952 οὐ
1671 2899 1746 2970 μὴ

162 2991 383 3063 εὑρεθῇ.
417 3011 438 3045 ι

1853 528 2180 593 declaratur,
2222 530 2304 586 sic
2333 544 2393 586 se
2420 529 2623 584 habent
2651 547 2665 584 :
2698 547 2717 580 ι
2750 528 2805 583 In
2854 528 3014 584 tinem
3038 570 3053 593 ,
3097 541 3168 582 ne
3212 525 3421 595 disper.

1852 606 1991 685 das,
2015 619 2203 675 Davidi
2239 620 2293 675 in
2326 620 2471 675 tituli
2506 619 2919 691 inscriptionem
2942 660 2960 686 ,
2992 634 3117 675 cum
3150 618 3359 689 fugeret
3392 631 3424 670 ι

1854 709 1993 767 facie
2020 712 2147 767 Saul
2179 712 2233 766 in
2269 713 2606 782 speluncam.
2637 730 2655 764 ι
2682 710 2754 767 Ut
2794 727 2927 768 vero
2970 712 3257 781 inscriptio
3297 722 3422 765 cum

1852 804 2121 857 sententia
2170 803 2361 873 psalmi
2404 804 2676 860 cohaereat
2717 812 2773 859 et
2815 804 3156 868 consentiat,
3208 812 3424 872 tempus

1852 895 2129 965 postulare
2153 895 2390 962 videtur,
2437 901 2494 950 ut
2541 896 2732 964 paucis
2764 910 3012 965 quaenam
3046 896 3227 949 verbis
3257 894 3423 962 hujus

1852 987 2047 1057 psalmi
2083 988 2352 1043 sententia
2386 986 2737 1056 subjiciatur,
2767 987 3176 1044 consideremus
3200 1027 3213 1047 .
3243 988 3423 1056 ipsas-

1852 1092 1959 1148 que
1990 1075 2255 1133 divinitus
2287 1077 2583 1148 inspiratas
2628 1093 2792 1133 voces
2825 1079 3180 1149 explicemus.
3210 1097 3230 1129 ι
3262 1075 3425 1131 Mise-

1850 1183 1973 1226 rere
2004 1169 2147 1234 mei,
2183 1166 2358 1233 Deus,
2397 1172 2657 1227 miserere
2689 1171 2825 1237 mei,
2859 1171 2987 1241 quia
3022 1170 3077 1224 in
3111 1178 3165 1225 tc
3197 1167 3424 1224 conﬁdit

1853 1260 2034 1317 anima
2067 1277 2187 1317 mea
2215 1280 2230 1330 ;
2261 1271 2316 1319 et
2346 1266 2402 1317 In
2432 1263 2625 1318 umbra
2660 1263 2868 1318 alarum
2903 1270 3119 1317 tuarum
3152 1260 3418 1332 sperabo,

1851 1352 2025 1408 donec
2046 1358 2291 1409 transeat
2306 1353 2586 1423 iniquitas.
2602 1353 2856 1425 iPropter
2868 1352 3119 1408 ﬁduciam
3138 1353 3192 1407 in
3219 1350 3417 1415 Deum,

1850 1450 1905 1496 et
1938 1442 2009 1497 ob
2042 1442 2250 1497 firmam
2280 1443 2335 1498 in
2365 1444 2542 1514 ipsum
2578 1458 2730 1514 spem
2750 1486 2767 1511 ,
2814 1444 2964 1512 cupit
2998 1442 3100 1498 sibi
3130 1440 3419 1497 Psalmista

1851 1532 2091 1587 divinam
2131 1533 2566 1589 misericordiam
2601 1534 2801 1603 tribui,
2831 1554 2850 1586 ι
2885 1534 3058 1589 donec
3084 1537 3327 1586 transeat
3350 1571 3364 1592 .
3396 1550 3414 1583 ι

1851 1625 2063 1695 inquit,
2084 1642 2104 1676 ι
2128 1626 2412 1695 iniquitas.
2441 1645 2458 1678 ι
2480 1625 2551 1681 Ut
2580 1636 2758 1681 autem
2788 1627 2999 1695 planior
3028 1626 3188 1680 nobis
3222 1638 3419 1679 sensm;

1853 1714 1943 1767 ilat
1966 1755 1981 1778 ,
2022 1714 2149 1770 inde
2181 1716 2447 1772 orationis
2490 1715 2774 1772 exordium
2804 1731 3107 1772 sumemus:
3143 1713 3419 1770 Instabilis

1849 1810 1934 1858 est
1961 1811 2016 1858 et
2050 1805 2362 1861 transitoria
2398 1806 2606 1876 peccati
2646 1815 2876 1871 natura,
2910 1820 3086 1875 neque
3119 1804 3174 1859 in
3210 1802 3420 1874 princi-

1849 1895 1940 1965 pio
1986 1910 2112 1950 cum
2142 1904 2395 1952 creatura
2427 1906 2610 1953 creata
2648 1906 2702 1952 et
2742 1897 2964 1952 fundata
2999 1896 3069 1950 ab
3101 1909 3168 1950 eo
3196 1895 3290 1965 qui
3329 1908 3420 1948 res

1849 2002 2040 2043 omnes
2066 1988 2407 2058 procreavit,
2431 1995 2486 2044 et
2506 1989 2760 2045 essentiis
2786 1989 2902 2044 suis
2923 1988 3210 2051 instruxit;
3244 2001 3421 2055 neque

1848 2078 1907 2134 in
1937 2078 2293 2150 longinquum
2327 2086 2542 2150 tempus
2574 2094 2703 2135 eum
2732 2079 2898 2134 rebus
2930 2085 3232 2149 permanet.
3282 2075 3418 2131 Nam

1845 2180 1969 2234 quae
2014 2173 2144 2220 sunt
2184 2167 2241 2222 in
2278 2180 2343 2221 eo
2389 2166 2534 2237 quod
2578 2175 2699 2233 cst,
2744 2183 2961 2238 semper
3001 2168 3164 2223 etiam
3212 2167 3268 2221 in
3315 2182 3419 2222 suo

1845 2270 1969 2313 esse
1998 2265 2365 2327 perseverant.
2414 2257 2570 2324 Quod
2614 2260 2659 2314 si
2697 2259 2826 2329 quid
2871 2269 2956 2315 cst
3002 2267 3158 2315 extra
3188 2258 3244 2313 id
3272 2259 3418 2329 quod

1846 2355 1961 2411 est,
1996 2346 2155 2416 cujus
2185 2348 2326 2402 ratio
2354 2362 2461 2402 non
2514 2348 2569 2402 in
2611 2362 2765 2414 esse,
2815 2349 2909 2404 sed
2954 2349 3009 2403 in
3057 2364 3167 2404 non
3215 2348 3417 2405 bonum

1846 2453 1971 2495 esse
1998 2439 2295 2496 consistit:
2327 2440 2431 2496 hoc
2469 2455 2530 2496 se
2559 2440 2722 2497 habet
2790 2449 2852 2496 ut
2894 2455 3116 2511 grmen
3165 2440 3221 2496 in
3257 2441 3420 2495 tectis

1848 2531 2137 2587 domorum
2160 2532 2312 2588 nasci
2336 2542 2688 2597 consuetam,
2714 2533 2835 2589 sine
2857 2533 3040 2588 radice
3059 2574 3074 2600 ,
3104 2548 3213 2588 non
3240 2542 3417 2590 satum

1847 2634 1901 2681 et
1930 2625 2232 2689 inaratum,
2263 2626 2478 2683 etiamsi
2514 2625 2579 2679 ad
2615 2626 2778 2682 breve
2806 2634 3021 2697 tempus
3052 2626 3296 2697 germine
3324 2626 3419 2680 illo

1848 2715 2016 2771 nullis
2047 2714 2417 2773 fundamentis
2459 2716 2697 2772 subnisa
2737 2717 3013 2783 exsultet;
3057 2724 3296 2773 attamen
3335 2716 3419 2769 ru-

1847 2808 1990 2864 turis
2021 2807 2393 2878 temporibus.
2446 2806 2502 2861 in
2550 2806 2897 2865 restitutione
2944 2818 3129 2862 rerum
3173 2804 3417 2861 omnium

1850 2901 1905 2956 in
1940 2902 2211 2972 integrum
2235 2940 2251 2964 ,
2286 2901 2481 2955 transit
2505 2907 2560 2957 et
2586 2900 2866 2957 evanescit
2890 2919 2905 2968 ;
2935 2906 2996 2955 ut
3025 2912 3097 2955 ne
3127 2898 3416 2970 vestigium

1770 2972 1816 3034 ο
1845 2992 2067 3063 quidem
2116 2992 2282 3058 mali,
2324 2990 2473 3062 quod
2520 3008 2667 3048 nunc
2700 2994 2756 3047 in
2800 2991 2962 3048 nobis
3015 2989 3313 3057 redundat,
3363 2991 3417 3044 in

160 3087 272 3138 vita
324 3085 421 3139 illa
474 3084 591 3156 spei
648 3092 851 3142 nostrae
899 3084 1178 3156 proposita
1227 3096 1611 3139 remansurum
1662 3084 1753 3138 sit.
1800 3102 1820 3137 ι
1850 3083 2043 3139 Adhuc
2069 3084 2583 3157 pusillum,iinquit
2604 3126 2618 3149 ,
2642 3104 2661 3138 ι
2694 3094 2748 3141 et
2781 3096 2889 3139 non
2924 3084 3026 3139 erit
3062 3090 3335 3148 peccator,
3362 3094 3418 3137 et

160 3192 377 3247 quaeres
411 3177 599 3232 locum
633 3176 781 3247 ejus.
820 3184 873 3233 et
905 3192 1015 3232 non
1044 3176 1293 3232 invenies
1324 3177 1368 3230 ⁸.
1405 3196 1424 3228 ι

228 3269 519 3339 Φιλοσοφεῐ
564 3270 749 3323 τοίνυν
787 3270 847 3321 ὲν
883 3268 1187 3339 προοιμίοις
1234 3269 1335 3338 τῆς
1369 3268 1686 3338 ψαλμῳδίας
1715 3271 1745 3321 ό

158 3362 320 3429 λόγος
358 3363 417 3414 ὲν
458 3360 682 3431 ὑψηλοῖς
717 3360 946 3431 δόγμασι
991 3358 1325 3429 φυσιολογῶν
1372 3360 1472 3428 τὴν
1523 3360 1740 3413 κακίαν.

158 3452 415 3508 Διδάσκει
436 3452 567 3523 γάρ,
594 3452 678 3505 ὃτι
709 3452 899 3523 μέχρις
925 3450 1133 3505 ἐκείνου
1158 3452 1258 3522 τῆς
1280 3451 1375 3505 τοῦ
1402 3451 1585 3515 ἐλέους
1616 3469 1747 3522 συμ-

162 3545 369 3616 μαχίας
406 3544 657 3615 δεόμεθα,
709 3543 816 3606 ἓως
858 3544 925 3597 ἀν
966 3542 1211 3615 παρέλθῃ
1244 3543 1335 3596 τὸν
1383 3543 1494 3613 βίον
1521 3542 1678 3613 ἡμῶν
1708 3545 1742 3614 ἡ

158 3636 349 3700 κακῶς
380 3634 460 3705 τῷ
485 3635 583 3705 βίῳ
614 3634 998 3704 ὲπιδημήσασα
1022 3634 1238 3700 ἀνομία.
1267 3630 1378 3705 Τὴν
1398 3633 1456 3688 δὲ
1485 3634 1743 3703 τοιαύτην

154 3731 294 3799 ἡμῖν
324 3727 644 3798 συμμαχίαν
677 3725 961 3797 χαρίζεται
987 3726 1050 3780 το
1080 3727 1396 3780 πεποιθέναι
1424 3729 1490 3797 τῇ
1517 3726 1743 3796 δυνάμει

156 3820 257 3873 τοῦ
291 3819 730 3889 συμμαχοῦντος,
771 3818 867 3871 καὶ
906 3819 972 3888 τῇ
1018 3819 1147 3888 σκιᾷ
1190 3817 1298 3871 τῶν
1334 3816 1617 3887 πτερύγων
1647 3816 1742 3870 τοῦ

152 3910 297 3965 οεοῦ
326 3912 765 3977 καθοπλίζεσθαι.
812 3912 979 3966 Σκιάν
1012 3912 1069 3967 δὲ
1109 3912 1265 3966 θείων
1306 3911 1593 3983 πτερύγων
1624 3912 1745 3965 ἀντὶ

156 4002 460 4073 περιϐολῆς
484 4006 620 4075 ἡμῖν
644 4004 957 4075 γινομένην,
990 4003 1091 4068 τὰς
1120 4003 1320 4074 ἀρετάς
1342 4021 1427 4067 ⁴τις
1453 4002 1610 4067 νοῶν,
1643 4003 1743 4073 οὐχ

154 4095 563 4164 ἁμαρτήσεται.
598 4095 738 4149 Αὐτὸ
791 4096 891 4165 μὲν
930 4090 1049 4166 ’γὰρ
1077 4094 1138 4149 τδ
1165 4094 1320 4148 Θεῖον
1354 4094 1383 4148 ὅ
1426 4094 1479 4147 τί
1512 4111 1640 4148 ποτε
1672 4096 1738 4165 τῇ

154 4182 321 4251 φύσει
370 4185 548 4247 ἐστὶν,
600 4184 889 4254 ἀνέφικτον
941 4184 1090 4256 μένει
1123 4186 1188 4257 τῇ
1234 4185 1549 4258 ἀνθρωπίνῃ
1580 4184 1740 4252 φύσει

152 4277 259 4332 καὶ
287 4276 550 4347 ἄληπτον,
598 4276 710 4330 ἀνω
761 4294 863 4330 που
895 4277 1036 4331 κατά
1059 4277 1119 4331 ea
1160 4278 1439 4348 ἄφραστον
1474 4276 1566 4330 τοῦ
1595 4276 1743 4345 λογι-

156 4367 302 4438 σμοῦ
346 4367 455 4420 τῶν
498 4366 801 4438 ἀνθρώπων
841 4369 1298 4440 ὑπερπετόμενον.
1340 4366 1637 4438 Χαρακτὴρ
1684 4365 1743 4420 δέ

151 4476 246 4521 τις
273 4460 375 4528 τῆς
402 4459 683 4528 ἀφράστου
711 4458 927 4529 φύσεως
959 4459 1049 4514 διὰ
1074 4459 1176 4528 τῆς
1205 4459 1313 4512 τῶν
1344 4458 1553 4530 ἀρετῶν
1588 4476 1741 4511 σκια-
1775 4496 1820 4551 D

150 4551 404 4621 γραφίας
432 4554 545 4615 τοῖς
577 4551 713 4622 πρὸς
744 4552 911 4623 αὐτὴν
931 4550 1130 4623 ὁρῶσιν
1150 4550 1444 4619 ἐγγίνεται,
1468 4550 1544 4614 ὡς
1565 4551 1743 4603 πᾶσαν

159 4644 383 4713 σοφίαν,
434 4647 533 4700 καὶ
583 4646 868 4716 φρόνησιν,
927 4644 1021 4698 καὶ
1070 4643 1402 4713 ἐπιστήμην,
1436 4642 1534 4695 καὶ
1565 4642 1745 4695 πᾶσαν

156 4736 351 4806 ἔφοδον
379 4736 480 4805 τῆς
527 4734 945 4805 καταληπτικῆς·
979 4732 1242 4797 ἐπινοίας,
1272 4731 1372 4784 οὐκ
1406 4730 1575 4794 αὑτὰς
1606 4726 1745 4783 εἶναι

154 4827 259 4889 τὰς
283 4825 441 4887 θείας
466 4826 775 4896 πτέρυγας,
811 4824 947 4877 ἀλλὰ
992 4823 1093 4894 τὴν
1119 4822 1229 4875 τῶν
1273 4821 1432 4875 θείων
1458 4821 1744 4892 πτερύγων

155 4918 341 4972 σκιάν.
370 4917 599 4986 Μεγάλη
628 4916 685 4970 δὲ
735 4918 866 4987 ἡμῖν
912 4915 1051 4986 αὕτη
1081 4914 1229 4967 ἐστὶν
1271 4914 1306 4984 ἡ
1337 4913 1621 4984 εὐεργεσία
1651 4911 1745 4966 κώ.

156 5008 312 5062 σκιά.
367 5008 811 5078 ιεΚεκράξομαιι
856 5006 986 5079 γὰρ,
1028 5006 1212 5077 φησὶν,
1265 5024 1284 5057 ι
1311 5004 1448 5076 πρὸς
1473 5004 1564 5056 τὸν
1587 5002 1741 5067 Θεὸν,

151 5101 253 5152 τόν
282 5099 531 5167 ὕψιστον,
572 5100 666 5152 τὸν
689 5099 821 5152 Θεὸν
866 5097 1303 5169 εύεργετήσαντά
1338 5114 1426 5167 με,
1459 5114 1477 5147 ι
1521 5094 1609 5148 διά
1643 5094 1745 5162 τῆς

154 5192 323 5253 σκιᾶς
355 5189 579 5259 ταύτης,
610 5190 677 5260 ἢν
708 5189 767 5255 ἐξ
796 5189 963 5259 ὕψους
996 5189 1309 5242 ἀπέστειλεν
1331 5187 1410 5259 τῷ
1438 5186 1587 5241 κάτω
1622 5183 1740 5255 βίῳ.

156 5283 414 5337 Ἐσωσέν
444 5300 512 5352 με
537 5282 625 5336 διά
654 5282 748 5335 τοῦ
768 5282 1184 5344 ὲπισκιάσαντος
1207 5283 1266 5335 ὲν
1290 5283 1355 5352 τῇ
1372 5279 1570 5350 νεφέλῃ
1591 5276 1746 5331 πνεύ-

156 5390 354 5444 ματος,
383 5374 626 5438 καὶτοὺς
660 5375 717 5427 ὲν
743 5376 865 5436 ταῖς
896 5372 1192 5443 προτέραις
1212 5371 1550 5441 ψαλμῳδίαις
1572 5386 1744 5424 κατα-

151 5464 534 5533 πατήσαντας,
552 5463 648 5518 νῦν
669 5465 749 5527 είς
773 5465 873 5534 τὴν
902 5464 1011 5516 τῶν
1033 5462 1441 5532 ὀνειδιζομένων
1468 5462 1745 5530 ἀντιπερι-

151 5556 369 5627 ήγαγεν
408 5556 581 5623 τάξιν.
623 5576 643 5610 ι
665 5555 1072 5621 Ἑξαπέστειλεν
1116 5554 1223 5627 γὰρ
1260 5556 1290 5611 ό
1318 5554 1453 5618 Θεὸς
1490 5552 1552 5609 τὸ
1597 5552 1745 5616 ἕλεος

236 5737 264 5765 ⁸
296 5733 448 5789 Psal.
479 5750 667 5798 xxxvr,
707 5734 796 5792 10.

479 5828 749 5889 Pam.
791 5826 905 5887 Gn.
953 5822 1175 5884 XLIV.

1920 3268 1979 3323 in
2015 3268 2203 3324 arduis
2232 3268 2403 3340 igitur
2428 3268 2807 3338 dogmatibus,
2843 3268 3003 3340 quasi
3025 3266 3417 3339 philosoyhau,

1847 3361 1948 3426 de,
1993 3362 2151 3416 initio
2181 3361 2378 3431 psalmi
2408 3368 2658 3416 versatur
2693 3362 2905 3425 oratio,
2952 3360 3278 3431 malitiaeque
3324 3376 3419 3414 na-

1844 3458 2024 3507 turam
2073 3452 2354 3508 describit.
2406 3450 2573 3507 Docet
2610 3452 2754 3507 enim
2802 3466 2904 3508 nos
2938 3465 3181 3521 conisque
3220 3450 3419 3509 divina:

1847 3544 2240 3601 misericordiae
2294 3543 2501 3599 auxilio
2548 3544 2831 3614 indigere,
2875 3542 3054 3614 quoad
3098 3543 3265 3597 vitam
3312 3557 3417 3597 no.-

1848 3641 2017 3689 stram
2059 3643 2399 3704 pertranseat
2428 3634 2729 3704 iniquitas,
2759 3648 2881 3704 quae
2918 3647 3015 3704 per
3058 3633 3201 3689 hanc
3247 3633 3414 3688 vitam

1843 3734 2074 3797 vagatur
2124 3734 2179 3782 et
2222 3727 2462 3782 oberrat.
2516 3725 2629 3781 lioc
2672 3741 2804 3782 vero
2849 3726 3113 3781 auxilium
3158 3726 3413 3781 conciliat

1845 3818 2004 3874 nobis
2039 3818 2237 3873 ﬁducia
2261 3834 2391 3891 erga
2420 3818 2529 3874 vim
2558 3827 2612 3874 et
2635 3819 2934 3890 potentiam
2959 3818 3102 3889 ejus,
3128 3819 3220 3888 qui
3251 3818 3413 3875 nobis

1844 3921 2002 3978 opem
2050 3908 2192 3963 ferre
2232 3908 2411 3976 solet;
2451 3915 2507 3965 et
2552 3908 2599 3964 si
2628 3908 2823 3963 umbra
2865 3909 3077 3964 alarum
3109 3908 3209 3964 Dei
3239 3923 3417 3963 arme-

1846 4013 1990 4054 mur.
2017 3997 2123 4054 Per
2150 4000 2400 4054 umbram
2434 3999 2645 4053 alarum
2669 3997 2800 4062 Dei,
2827 4015 2948 4069 qua:
2973 3999 3262 4057 velamenti
3294 4000 3416 4055 loco

1845 4089 2007 4144 nobis
2038 4097 2156 4154 est,
2187 4089 2236 4146 si
2266 4090 2389 4161 quis
2415 4091 2645 4146 virtutes
2672 4090 2972 4161 inteiligat;
3004 4091 3229 4147 minime
3252 4091 3415 4147 aber-

1847 4181 2073 4237 raverit.
2106 4180 2282 4247 Quale
2311 4181 2455 4236 enim
2487 4182 2788 4237 secundum
2827 4197 2987 4238 suam
3040 4194 3291 4237 naturam
3344 4182 3417 4235 sit

1847 4273 2026 4343 ipsum
2079 4271 2322 4327 divinum
2374 4286 2609 4337 numen,
2661 4272 2897 4327 humana
2945 4279 3142 4327 natura
3194 4270 3414 4341 assequi

1847 4372 1903 4420 et
1948 4361 2407 4432 comprehendere
2446 4363 2667 4433 nequit,
2711 4378 2835 4418 eum
2882 4363 3140 4419 ineﬂ'abili
3178 4363 3413 4433 quodam

1849 4454 2012 4510 modo
2037 4468 2256 4510 omnem
2284 4456 2578 4509 humanam
2610 4455 2994 4525 cogitationem
3028 4455 3412 4518 transcendat,

1846 4552 1903 4601 et
1932 4546 2089 4616 quasi
2118 4546 2453 4615 supervolet.
2506 4547 2576 4600 At
2614 4546 2787 4616 ﬁgura
2831 4547 3079 4617 qumdam
3131 4550 3416 4607 inenarra-

1846 4639 1974 4695 bilis
2014 4638 2162 4694 illius
2207 4645 2449 4702 naturae,
2498 4652 2597 4707 per
2639 4639 2981 4693 umbratilem
3025 4639 3288 4696 virtutum
3320 4642 3416 4699 de-

1845 4732 2203 4802 scriptionem
2259 4730 2475 4786 exsistit
2541 4730 2596 4784 in
2643 4730 2712 4785 iis
2760 4731 2853 4799 qui
2906 4730 3096 4788 oculos
3147 4732 3214 4788 ad
3265 4734 3413 4791 illam

1847 4831 2211 4887 convertunt,
2242 4830 2302 4877 ut
2355 4822 2582 4892 proinde
2628 4823 2809 4878 omnis
2863 4824 2954 4876 illa
3005 4825 3310 4894 sapientia,
3361 4838 3416 4883 et

1848 4918 2075 4973 scientia
2099 4956 2113 4975 .
2161 4923 2215 4971 et
2252 4916 2432 4970 omnis
2472 4926 2764 4985 apparatus
2808 4917 2980 4986 partis
3020 4918 3173 4986 ejus,
3210 4936 3329 4990 qua:
3360 4922 3412 4975 in

1842 5007 2282 5078 apprehensione
2315 5007 2599 5073 consistit,
2646 5007 2871 5062 minimc
2914 5008 3024 5063 sint
3055 5008 3185 5079 ipsre
3219 5010 3415 5066 divinae

1844 5097 1979 5161 alae,
2011 5096 2106 5151 sed
2142 5095 2450 5151 divinarum
2485 5096 2694 5149 alarum
2741 5096 2987 5165 quaedam
3037 5100 3250 5154 umbra.
3301 5099 3417 5153 Ma-

1844 5204 2009 5259 gnum
2039 5202 2171 5242 vero
2196 5188 2311 5241 haec
2340 5187 2458 5256 ipsa
2490 5187 2683 5242 umbra
2713 5187 3035 5242 beneﬁcium
3068 5199 3152 5244 est
3175 5230 3190 5253 ,
3224 5190 3412 5247 nobis-

1843 5291 1950 5348 que
1979 5290 2009 5330 a
2042 5275 2154 5331 Deo
2177 5276 2436 5333 collatum
2465 5294 2478 5330 :
2503 5276 2819 5343 «Clamabo,
2851 5296 2870 5329 ι
2896 5278 3091 5346 inquit,
3117 5279 3214 5332 «ad
3243 5276 3410 5334 Deum

1844 5367 2168 5423 altissimum
2190 5408 2205 5433 ,
2256 5366 2422 5422 Deum
2468 5366 2562 5437 qui
2602 5366 2870 5424 benefecit
2899 5368 3072 5431 mihi;
3106 5387 3126 5420 ι
3158 5383 3255 5438 per
3293 5386 3415 5424 um-

1843 5460 1994 5514 bram
2030 5460 2202 5524 hanc,
2233 5474 2396 5529 quam
2431 5474 2496 5512 ex
2533 5460 2644 5514 alto
2672 5459 2801 5515 huic
2830 5460 2954 5515 vitae
2985 5459 3207 5516 caduca:
3239 5459 3416 5517 demi-

1847 5547 1938 5613 sit,
1984 5548 2220 5605 servavit
2250 5554 2303 5603 ct
2336 5547 2588 5603 liberavit
2624 5562 2711 5604 me
2738 5562 2903 5619 opera
2937 5549 3197 5619 spiritus,
3231 5549 3326 5618 qui
3358 5548 3411 5605 in

3102 5816 3177 5882 19
