3870 6220
466 321 569 378 587

1731 311 1788 365 S.
1831 308 2161 368 GREGORII
2195 308 2484 365 NYSSENI

3621 301 3724 353 588

470 438 616 494 lltlllt'.
644 428 1023 484 umbraculum
1049 425 1280 497 prmbuit
1301 462 1318 490 ,
1344 431 1398 478 et
1431 437 1525 478 eos
1555 420 1651 492 qui
1681 436 1766 475 me
1794 421 2042 490 superio-

2158 423 2310 476 ιύτοῦ
2361 423 2454 477 καὶ
2501 419 2597 490 τὴν
2645 417 2902 487 ἀλήθειαν
2936 417 3136 483 αὑτοῦ,
3183 418 3277 472 καὶ
3323 419 3593 490 ἐρρύσατο
3629 423 3727 488 τὴν

470 540 485 577 ι
517 526 620 579 bus
664 519 891 591 psalmis
929 517 1318 573 conculcarant
1340 556 1354 579 ,
1387 514 1536 569 dedit
1570 515 1626 567 in
1655 511 2046 583 opprobrium,

465 621 521 666 ct
554 611 764 682 pudore
792 608 991 664 affecit.
1022 625 1040 659 ι
1071 606 1218 662 Misit
1253 606 1397 661 enim
1443 603 1586 660 Deus
1616 601 2048 659 misericordiam

467 716 658 767 suam,
709 709 765 756 et
816 700 1101 755 veritatem
1157 713 1346 759 suam,
1394 703 1449 752 et
1508 693 1764 750 liberavit
1812 694 2051 747 animam

465 806 646 848 meam
696 791 765 847 de
812 789 994 846 medio
1049 790 1374 842 catulorum.
1407 805 1426 839 ι
1456 783 1598 841 Vere
1628 784 1792 838 catuli
1830 783 2053 837 fuerunt

473 882 610 936 mihi
670 884 822 951 prius
873 887 1126 950 peccata,
1178 877 1264 932 vel
1311 876 1476 931 catuli
1530 876 1784 940 leonum,
1817 875 1912 944 qui
1965 888 2053 929 me

469 970 710 1026 terriﬁco
746 970 840 1024 illo
878 968 1029 1022 hiatu
1063 974 1119 1021 et
1146 965 1410 1037 unguium
1457 965 1804 1019 acuminibus
1846 963 2052 1018 dilace-

469 1065 666 1121 rabant
691 1103 704 1117 .
734 1061 830 1116 sed
878 1067 1148 1114 venerunt
1191 1057 1549 1112 auxiliatores
1596 1055 1967 1112 misericordia
1999 1063 2053 1110 et

469 1156 697 1210 veritas.
741 1151 978 1206 Pulchra
1026 1149 1384 1221 coniunctio;
1420 1164 1595 1219 neque
1627 1149 1772 1204 enim
1815 1149 1932 1204 sine
1966 1149 2054 1217 ju-

469 1247 614 1301 dicio
639 1243 1022 1299 misericordia
1052 1250 1170 1306 est,
1216 1256 1394 1312 neque
1435 1242 1638 1296 veritas
1683 1241 1804 1297 sine
1838 1241 2054 1295 miseri-

471 1338 659 1393 cordia
685 1354 698 1390 :
737 1337 1043 1404 harumque
1072 1333 1318 1389 subsidio
1347 1332 1623 1387 liberabor
1654 1347 1685 1386 a
1717 1332 1971 1387 convictu
1999 1339 2053 1386 et

472 1429 877 1486 consuetudine
906 1427 1238 1482 catulorum.
1273 1426 1395 1480 Istae
1429 1425 1615 1480 bestia:
1644 1432 1805 1489 sunt,
1838 1423 2067 1493 inquit,-

475 1543 494 1575 ι
520 1523 616 1575 lilii
647 1521 928 1576 hominum
952 1559 967 1586 ,
996 1539 1014 1572 ι
1042 1534 1276 1589 quorum
1297 1537 1315 1570 ι
1340 1517 1532 1572 dentes
1558 1531 1708 1570 arma
1737 1523 1792 1570 et
1819 1515 2050 1585 sagittae,

469 1623 524 1669 et
554 1615 738 1685 lingua
764 1629 950 1668 eorum
978 1612 1192 1682 gladius
1217 1619 1432 1666 acutus.
1461 1630 1478 1663 ι
1500 1608 1620 1664 Non
1649 1609 1816 1664 habet
1845 1617 2055 1663 natura;

470 1716 676 1762 nostrae
718 1705 924 1760 fabrica
971 1705 1097 1759 talia
1144 1703 1422 1767 membra,
1478 1701 1759 1756 hominum
1803 1700 1885 1753 ori
1934 1699 2054 1753 loco

2148 514 2327 585 ψυχήν
2358 531 2458 583 μου
2501 513 2564 565 ἐκ
2615 513 2781 583 μέσου
2827 510 3102 580 σκύμνων.
3135 527 3154 561 ι
3204 510 3440 580 Σκύμνοι
3469 510 3527 562 δὲ
3557 510 3726 571 ὅντως

2152 622 2240 675 μοι
2273 601 2412 674 ἦσαν
2439 605 2496 656 αἱ
2552 601 2816 672 ἁμαρτίαι
2863 601 2924 653 τὸ
2975 601 3272 673 πρότερον,
3332 601 3450 670 ἦτοι
3496 600 3726 671 σκύμνοι

2149 696 2398 760 λεόντων,
2443 694 2493 747 οἳ
2542 693 2619 764 τῷ
2650 693 2867 764 φοϐερῷ
2899 693 3160 763 χάσματι,
3203 694 3298 746 καὶ
3327 695 3448 756 ταῖς
3478 694 3586 746 τῶν
3613 695 3729 746 ὀνύο

2148 806 2258 860 χων
2281 789 2485 858 ἀκμαῖς
2509 787 2978 855 κατεσπάρασσον.
3010 785 3148 838 Ἀλλ’
3170 782 3333 857 ἦλθον
3352 788 3401 839 οί
3427 786 3728 856 σύμμαχοι,

2149 881 2178 932 ὁ
2205 879 2349 942 ἔλεός
2375 896 2434 932 τε
2461 878 2554 932 καὶ
2577 880 2610 949 ἡ
2637 877 2882 948 ἀλήθεια,
2918 879 2951 948 ἡ
2983 877 3122 947 καλὴ
3154 876 3401 945 συζυγία.
3444 876 3584 930 Οῦτε
3621 877 3733 946 γὰρ

2149 970 2370 1042 ἄκριτος
2413 972 2442 1024 ὁ
2475 969 2658 1033 ἔλεος,
2710 967 2834 1021 οὐτε
2870 968 3092 1038 ἀνελεὴς
3130 971 3163 1038 ἠ
3205 969 3450 1038 ἀλήθεια.
3502 969 3617 1022 Καὶ
3644 968 3732 1020 διὰ

2149 1061 2353 1116 τούτων
2387 1059 2776 1131 ἐλευθεροῦμαι
2805 1059 2908 1130 τῆς
2936 1061 3073 1130 μετὰ
3103 1058 3210 1113 τῶν
3242 1060 3492 1129 σκύμνων
3523 1060 3735 1114 τούτων

2149 1153 2443 1222 διαγωγῆς.
2483 1151 2562 1204 Τὰ
2585 1151 2642 1204 δέ
2675 1151 2839 1221 θηρία
2865 1149 3056 1212 ταῦτα,
3084 1149 3269 1221 φησίν,
3311 1169 3328 1202 ι
3376 1151 3481 1203 υίοὶ
3512 1151 3734 1221 ἀνθρώ-

2150 1262 2268 1298 πων
2296 1263 2314 1295 ι
2346 1244 2502 1308 εἰσὶν,
2555 1230 2677 1298 ὧν.ι
2711 1243 2761 1294 οἱ
2803 1241 3012 1304 ὀδόντες
3060 1242 3198 1295 ὅπλα
3234 1242 3327 1296 καὶ
3359 1241 3512 1312 βέλη,
3561 1242 3664 1295 καὶ
3697 1243 3734 1312 ἡ

2149 1335 2370 1403 γλῶσσα
2399 1334 2577 1388 αὐτῶν
2611 1335 2854 1405 μάχαιρα
2885 1333 3052 1400 ὀξεῖα.
3081 1352 3098 1383 ι
3139 1333 3252 1386 Οὐκ
3274 1328 3466 1402 οἷδενή
3495 1334 3595 1402 τῆς
3627 1332 3734 1402 φύ-

2125 1439 2288 1486 σεως
2313 1422 2471 1493 ἡμῶν
2504 1422 2816 1492 κατασκευὴ
2863 1420 2932 1474 τά
2965 1421 3197 1490 αἰσθητά
3246 1420 3377 1491 μέλη
3418 1420 3592 1474 ταῦτα
3618 1423 3734 1482 τοῖς

2151 1514 2509 1585 ἀνθρωπίνοις
2546 1514 2804 1584 στόμασιν
2843 1515 2964 1568 ἀντὶ
3005 1512 3235 1566 ὀδόντων
3263 1511 3579 1581 ἐγκείμενα,
3611 1511 3732 1565 ἀλλ’

2151 1607 2229 1660 ὅτ’
2251 1606 2316 1660 ἀν
2345 1624 2428 1670 τις
2459 1608 2699 1679 όμοιωθῇ
2727 1609 2862 1678 πρὸς
2899 1607 2960 1660 τὸ
2991 1605 3182 1670 πάθος,
3203 1605 3295 1658 καὶ
3323 1604 3732 1676 μεταμορφωθῇ

2154 1697 2292 1768 πρὸς
2325 1700 2424 1770 τὴν
2467 1699 2863 1770 ἐπικρατοῦσαν
2893 1698 3114 1761 κακίαν,
3152 1697 3420 1760 ἀπολέσας
3447 1699 3548 1768 τὴν
3585 1698 3736 1751 κατά

471 1798 718 1852 dentium
771 1796 976 1860 indita,
1029 1794 1124 1851 sed
1177 1809 1301 1848 cum
1348 1792 1472 1864 quis
1516 1791 1714 1846 similis
1747 1792 1836 1857 tit,
1871 1790 2050 1859 quoad

2158 1789 2318 1860 φύσιν
2371 1792 2618 1862 μορφὴν,
2673 1791 2859 1864 θηρίον
2904 1792 3131 1860 γίνεται.
3174 1790 3272 1843 Διά
3311 1789 3468 1844 τοῦτο
3497 1790 3737 1843 λεόντων

471 1887 822 1949 aﬂectiones,
867 1894 920 1942 et
962 1884 1387 1938 transformatus
1431 1881 1598 1937 fuerit
1642 1881 1694 1936 in
1744 1881 2044 1946 malitiam,

471 1980 752 2050 deperdita
794 1977 1027 2032 naturali
1074 1975 1286 2038 forma,
1343 1974 1516 2030 bestia
1553 1972 1784 2028 etiicitur
1825 1987 1840 2024 :
1881 1972 1952 2026 ob
1994 1971 2049 2025 id

2157 1881 2412 1952 μνησθεὶς
2426 1883 2552 1946 τοὺς
2573 1885 2720 1946 υίοὺς
2745 1883 2854 1936 τῶν
2876 1883 2972 1936 ἀνθ
2982 1884 3176 1954 ρώπων
3191 1883 3491 1953 ὠνόμασεν,
3513 1874 3560 1950 ᾧ
3585 1882 3737 1936 ὁδόν-

2157 1989 2244 2036 τες
2274 1975 2367 2026 καὶ
2396 1973 2638 2042 γλῶσσα,
2666 1974 2734 2028 τὰ
2758 1975 2852 2028 τοῦ
2882 1975 3117 2046 πολέμου
3139 1977 3366 2047 ὄργανα.

471 2074 745 2130 mentione
774 2071 988 2125 leonum
1019 2067 1184 2133 facta,
1214 2067 1353 2121 ﬁlios
1380 2065 1660 2120 hominum
1699 2066 1979 2130 nominat,
2021 2065 2221 2135 quibus
2250 2066 2440 2122 dentes
2470 2075 2526 2121 et
2553 2067 2732 2138 lingua
2764 2075 2896 2122 sunt
2931 2069 3055 2123 belli
3089 2070 3476 2124 instrumenta.

540 2162 645 2228 Qui
681 2162 848 2232 igitur
874 2161 1204 2231 cogitatione
1234 2166 1444 2212 tantum
1483 2159 1806 2213 sublevatus
1835 2165 1940 2222 est,
1979 2165 2042 2212 ut

473 2255 577 2310 sub
626 2254 816 2307 umbra
875 2253 1085 2305 alarum
1133 2252 1442 2306 divinarum
1494 2250 1737 2315 habitet,
1791 2261 1958 2320 utque
2011 2265 2043 2304 a

472 2354 620 2400 terra
654 2345 709 2398 in
751 2342 1031 2398 cmlestem
1069 2351 1269 2396 sortem
1301 2351 1617 2398 assumatur
1663 2339 1818 2411 (dicit
1859 2341 2040 2396 enim:

477 2457 498 2490 ι
543 2436 691 2491 Misit
720 2435 788 2490 de
819 2434 980 2496 cmlo,
1017 2440 1072 2488 et
1111 2433 1360 2486 liberavit
1392 2449 1478 2489 me
1513 2433 1580 2504 ι),
1600 2432 1648 2487 is
1669 2447 1778 2487 non
1824 2432 2047 2501 respicit

469 2529 708 2599 amplius
744 2527 811 2581 ad
860 2534 1106 2589 terrena,
1151 2525 1247 2579 sed
1285 2525 1335 2580 ei
1365 2540 1485 2594 quae
1526 2534 1609 2580 est
1647 2527 1703 2579 in
1733 2525 2048 2580 cmlestibus

468 2622 658 2692 gloria:
679 2620 864 2676 studet
892 2660 906 2673 .
943 2637 962 2670 ί
989 2618 1293 2681 [Ix-altare,»
1324 2617 1596 2686 inquiens,
1625 2637 1641 2670 ι
1675 2633 1839 2687 super
1859 2616 2046 2676 caelos.

475 2712 640 2779 Deus,
675 2720 731 2768 et
765 2727 929 2782 super
972 2725 1190 2765 omnem
1220 2720 1418 2765 terram
1451 2710 1624 2780 gloria
1669 2718 1785 2775 tua;
1830 2728 1848 2761 ι
1893 2723 2054 2764 enar-

474 2818 715 2874 ransque
768 2802 1013 2858 hostium
1079 2801 1487 2872 impressiones,
1550 2801 1682 2870 ipsis
1733 2801 1848 2856 suis
1895 2801 2055 2856 malis

473 2910 572 2951 eos
600 2892 905 2963 circumagi
944 2893 1098 2958 dicit,
1147 2902 1204 2948 et
1226 2893 1374 2948 velut
1421 2893 1476 2946 in
1512 2889 1720 2946 foveam
1755 2891 2050 2956 decidere;

477 2987 552 3042 ait
580 2999 855 3056 namque:
895 3003 914 3036 ι
947 2983 1224 3054 Laqueum
1266 2991 1596 3054 paraverunt
1626 2984 1855 3054 pedibus
1895 2989 2052 3051 meis,

2233 2159 2292 2211 '0
2322 2154 2415 2212 οὖν
2448 2159 2700 2215 τοσοῦτον
2735 2161 3060 2233 ὑπεραρθεὶς
3091 2162 3189 2232 τὴν
3228 2162 3484 2224 διάνοιαν,
3516 2160 3593 2223 ὡς
3625 2159 3739 2214 ὑπὸ

2149 2251 2250 2320 τὴν
2281 2251 2438 2304 σκιὰν
2471 2251 2579 2305 τῶν
2609 2251 2767 2305 θείων
2802 2253 3088 2324 πτερύγων
3112 2253 3452 2318 αὐλίζεσθαι,
3495 2255 3589 2307 καὶ
3625 2253 3735 2308 ἀπὺ

2151 2343 2251 2414 τῆς
2277 2343 2381 2412 γῆς
2397 2345 2476 2407 εἰς
2502 2343 2598 2414 τὴν
2625 2345 2875 2416 οὐράνιον
2893 2342 3042 2416 λῆξιν
3064 2344 3435 2416 ἀναληφθῆναι
3457 2346 3504 2408 (ι
3536 2345 3739 2410 Ἐξαπ·

2156 2435 2396 2489 έστειλεν
2431 2455 2450 2488 ι
2510 2437 2650 2508 γὰρ,
2687 2439 2879 2507 φησὶν,
2937 2456 2956 2490 ι
2984 2437 3043 2502 ἐξ
3085 2436 3343 2506 οὐρανοῦ,
3389 2439 3484 2491 καὶ
3530 2437 3737 2490 ἐσωσέν

2159 2546 2224 2599 με
2265 2524 2528 2592 »),οὐκέτι
2565 2529 2700 2600 πρὸς
2739 2531 2807 2583 τὰ
2835 2533 3084 2602 περίγεια
3121 2531 3327 2596 Βλέπει,
3361 2529 3498 2582 ἀλλά
3533 2529 3632 2605 τὴν
3679 2532 3739 2581 ἐν

2155 2625 2266 2684 τοῖς
2288 2623 2628 2693 ἐπουρανίοις
2658 2623 2812 2690 δόξαν
2848 2625 3288 2695 περιεργάζεται,
3331 2642 3349 2674 ι
3383 2622 3681 2693 Ὺψώθητι,
3711 2640 3733 2674 ι

2153 2709 2378 2778 λέγων,ι
2399 2712 2492 2766 ἐπὶ
2515 2714 2640 2775 τοὺς
2670 2711 2951 2782 οὐρανοὺς,
2974 2716 3002 2767 ό
3020 2713 3171 2777 Θεὸς.
3190 2714 3280 2766 καὶ
3313 2713 3404 2765 ἐπὶ
3430 2714 3612 2766 πᾶσαν
3636 2712 3739 2782 τὴν

2153 2805 2256 2875 γῆν
2294 2806 2326 2874 ἡ
2353 2803 2481 2869 δόξα
2527 2821 2642 2858 σου.
2675 2823 2692 2855 ι
2742 2804 2854 2858 Καὶ
2881 2805 3237 2875 διηγούμενος
3264 2803 3362 2868 τὰς
3389 2804 3499 2856 τῶν
3526 2803 3740 2874 ἐχθρῶν

2154 2893 2480 2962 προσϐολὰς,
2509 2893 2737 2956 ἐκείνοις
2766 2894 2928 2961 φησὶν
2957 2895 3137 2958 αὐτοῖς
3165 2897 3278 2957 τοῖς
3304 2893 3512 2947 ἑαυτῶν
3545 2893 3741 2954 κακοῖς

2155 2983 2610 3057 περιστρέφεσθαι
2664 2988 2776 3048 τοῖς
2828 2984 3040 3056 βόθροις
3087 2986 3542 3047 καταπίπτοντας.
3596 2987 3741 3054 Φησὶ

475 3091 533 3136 et
563 3082 1002 3136 incurvaverunt
1037 3079 1274 3133 animam
1306 3094 1504 3144 meam,
1537 3077 1792 3133 foderunt
1822 3085 1946 3130 ante
1981 3077 2051 3130 fa-

2158 3075 2280 3147 γὰρ,
2303 3076 2385 3129 ὅτι
2407 3093 2427 3128 ι
2461 3075 2671 3145 Παγίδα
2697 3075 2997 3147 ἡτοίμασαν
3026 3079 3140 3140 τοῖς
3172 3077 3297 3129 ποσί
3323 3094 3446 3147 μου,
3482 3077 3578 3130 καὶ⁸
3606 3093 3741 3129 κατ-

477 3173 618 3226 ciem
669 3186 844 3226 meam
880 3169 1114 3236 foveam,
1159 3176 1214 3224 et
1250 3167 1562 3223 inciderunt
1607 3168 1662 3221 in
1703 3181 1846 3222 eam.
1881 3185 1899 3216 δ
1939 3164 2054 3235 Ipse

476 3277 609 3318 vero
653 3278 714 3318 se
743 3270 993 3332 paratum
1034 3262 1112 3315 ait
1161 3259 1420 3315 laudibus
1467 3259 1780 3314 celebrandi
1812 3258 2052 3312 divinam

478 3354 729 3423 gloriam.
765 3351 941 3418 Quam
978 3351 1173 3407 beatus
1206 3351 1316 3416 ille,
1371 3351 1442 3406 ob
1488 3357 1694 3404 tantam
1725 3359 1934 3404 natura:
1971 3348 2053 3401 in-

479 3442 721 3512 genitam
758 3441 1099 3507 felicitatem,
1128 3441 1217 3494 cui
1252 3454 1352 3494 cor
1380 3439 1450 3494 ad
1479 3438 1876 3493 decantandam
1916 3438 2056 3492 divi-

481 3547 606 3587 nam
639 3532 871 3603 gloriam
905 3540 1270 3603 prazparatum
1303 3532 1715 3602 est,~recipiens
1745 3531 1886 3584 intra
1916 3546 1975 3584 se
2000 3529 2054 3584 id

481 3625 627 3695 quod
673 3626 794 3695 capi
845 3624 1055 3695 nequit.
1104 3623 1426 3694 Expeditum
1478 3632 1658 3680 autem
1709 3631 1762 3677 et
1806 3630 2056 3693 paratum

481 3733 604 3772 sese
634 3716 934 3779 allirmans,
969 3731 1078 3771 non
1113 3715 1294 3770 dill‘ert
1321 3715 1480 3770 odam
1505 3731 1600 3772 seu
1635 3716 1929 3778 canticum,
1959 3714 2053 3770 sed

483 3808 722 3862 animata
763 3808 852 3861 illa
899 3823 1020 3877 qum
1050 3807 1284 3862 habebat
1321 3808 1684 3862 instrumenta
1718 3807 1784 3861 ad
1815 3807 2056 3862 celebra-

484 3899 649 3954 tionis
677 3899 1038 3955 ministerium
1076 3897 1330 3959 advocat,
1363 3916 1382 3950 ι
1412 3897 1678 3968 Exsurge,
1715 3917 1734 3949 ι
1779 3899 2054 3968 inquiens,

489 4011 508 4042 ι
541 3990 856 4060 psalterium
881 4001 936 4046 et
965 3991 1198 4059 cithara,
1229 4009 1248 4043 ι
1279 3989 1333 4045 id
1362 3991 1506 4060 quod
1532 3991 1764 4060 duplicis
1793 3990 2052 4053 hominis,

483 4083 605 4151 ejus
633 4083 727 4152 qui
763 4082 998 4144 videtur,
1027 4089 1082 4137 et
1104 4083 1198 4154 qui
1231 4083 1420 4138 oculos
1452 4082 1610 4152 fugit,
1642 4082 1981 4137 harmoniam
2003 4090 2058 4137 et

483 4181 812 4228 concentum
855 4173 1071 4229 divinas
1117 4173 1376 4230 eﬂ'erendi
1419 4176 1628 4240 laudes,
1678 4175 1903 4239 indicat,
1938 4175 2059 4230 obe—

485 4265 752 4335 diuntque
779 4266 996 4319 vocanti
1041 4281 1265 4337 organa.
1298 4265 1534 4336 Tempus
1567 4281 1698 4321 vero
1743 4266 2055 4334 hujusmodi

484 4356 726 4410 musices
763 4353 1064 4409 diluculum
1105 4363 1227 4420 est;
1257 4371 1434 4425 nequc
1459 4356 1603 4410 enim
1639 4355 1726 4411 his
1773 4356 1863 4426 qui
1892 4371 2054 4425 opera

2155 3167 2407 3239 έκαμψαν
2437 3167 2536 3238 τὴν
2555 3167 2732 3238 ψυχήν
2765 3167 3152 3239 μουκὯρυξαν
3172 3169 3278 3238 πρὸ
3303 3166 3601 3240 προσώπου
3635 3186 3739 3239 μου

2157 3257 2366 3328 βόθρον,
2391 3257 2485 3311 καὶ
2510 3257 2766 3312 ἐνέπεσον
2793 3259 2874 3321 είς
2903 3258 3084 3312 αὐτόν.
3113 3277 3130 3310 ι
3159 3259 3330 3323 Αὐτὸς
3356 3259 3414 3312 δὲ
3441 3261 3499 3312 ἐν
3534 3261 3742 3331 ἑτοίμῳ

2155 3344 2293 3404 εἷναί
2321 3365 2484 3420 φησιν
2515 3348 2608 3403 τοῦ
2641 3349 2741 3422 τὴν
2773 3348 2920 3404 θείαν
2949 3349 3104 3415 δόξαν
3128 3350 3192 3403 δι’
3220 3349 3501 3422 εὐφημίας
3527 3352 3739 3422 ὑμνεῖν.

2166 3439 2252 3502 Ὦς
2276 3439 2543 3509 μακάριος
2572 3440 2672 3510 τῆς
2697 3440 2965 3510 τοσαύτης
2997 3443 3362 3512 μεγαλοφυῖας
3404 3444 3637 3506 ἐκεῖνος,
3681 3437 3742 3496 οὐ

2153 3532 2187 3602 ἡ
2223 3531 2419 3599 καρδία
2451 3531 2586 3602 πρὸς
2611 3531 2886 3601 εὐφημίαν
2907 3533 3004 3602 τῆς
3032 3531 3180 3595 θείας
3203 3532 3364 3602 δόξης
3387 3533 3739 3604 ἡτοίμασται,

2155 3622 2411 3692 χωροῦσα
2440 3624 2498 3674 ἐν
2541 3623 2702 3692 ἑαυτῇ
2732 3623 2792 3676 τὸ
2829 3623 3115 3694 ἀχώρητον
3140 3637 3156 3651 ⁶
3191 3624 3462 3694 εὐτρεπής
3502 3641 3564 3676 τε
3601 3620 3741 3676 εἶναι

2155 3714 2327 3782 λέγων
2373 3717 2465 3768 καὶ
2516 3716 2752 3784 ἕτοιμος,
2798 3715 2891 3767 καὶ
2920 3716 3019 3768 οὐκ
3051 3715 3413 3768 ἀναϐάλλεται
3442 3713 3544 3785 τὴν
3570 3715 3738 3783 ᾠδὴν,

2156 3807 2292 3861 ἀλλὰ
2325 3807 2712 3878 προσκαλεῖται
2751 3807 2817 3860 τά
2850 3806 3033 3870 ζῶντα
3061 3806 3224 3860 αὑτοῦ
3251 3807 3457 3876 ὄργανα
3478 3808 3742 3877 ὀνομαστὶ

2157 3897 2290 3968 πρὸς
2311 3897 2409 3966 τὴν
2444 3899 2542 3968 τῆς
2574 3895 2844 3965 ὑμνῳδίας
2870 3894 3172 3966 ὑπηρεσίαν
3206 3895 3407 3960 καλῶν,
3432 3914 3452 3948 ι
3485 3895 3741 3967 Ἐξεγέρ-

2157 3987 2300 4059 θητι,
2341 4007 2359 4040 ι
2389 3988 2580 4056 λέγων,
2616 4007 2634 4038 ι
2665 3986 2959 4057 ψαλτήριον
3001 3987 3094 4039 καὶ
3120 3987 3339 4059 κιθάρα.
3369 4006 3388 4039 ι
3434 3987 3619 4056 Ὅπερ
3647 3985 3743 4039 τοῦ
3826 4053 3831 4056 Δ

2159 4078 2345 4133 διπλοῦ
2368 4077 2656 4148 ἀνθρώπου
2680 4077 2772 4130 τοῦ
2793 4075 3115 4145 φαινομένου
3136 4093 3195 4129 τε
3219 4077 3312 4128 καὶ
3331 4076 3742 4147 κεκρυμμένου,

2155 4170 2255 4239 τὴν
2285 4169 2602 4239 ἐναρμόνιον
2643 4167 2908 4237 συνῳδίαν
2940 4167 3076 4239 πρὸς
3120 4168 3220 4236 τὴν
3252 4167 3402 4220 θείαν
3429 4167 3744 4235 δοξολογίαν

2159 4261 2512 4324 ἐνδείκνυται,
2564 4260 2658 4312 καὶ
2700 4260 2963 4314 ὑπακούει
3007 4260 3085 4330 τῷ
3114 4259 3366 4314 καλοῦντι
3413 4259 3483 4312 τὰ
3511 4259 3739 4330 ὄργανα.

2173 4353 2232 4405 '0
2268 4352 2325 4404 δὲ
2371 4351 2560 4422 καιρὸς
2593 4351 2693 4421 τῆς
2724 4351 2978 4422 τοιαύτης
3026 4353 3288 4423 μουσικῆς
3325 4351 3521 4422 ὄρθρος
3572 4353 3742 4403 ἐστίν.

484 4448 836 4503 tenebrarum
886 4463 994 4502 non
1023 4449 1311 4518 abjiciuut,
1340 4423 1510 4519 gloria
1540 4447 1631 4503 Dei
1659 4423 2052 4504 exsuscita—tur.

2163 4441 2295 4495 Οὑδέ
2325 4440 2433 4512 γὰρ
2464 4439 2571 4494 τῶν
2624 4442 2698 4512 μὴ
2727 4442 3075 4512 ἀποθεμένων
3121 4443 3189 4496 τὰ
3222 4443 3358 4513 ἔργα
3397 4441 3489 4493 τοῦ
3521 4442 3744 4503 σκότους

492 4556 512 4589 ‹
556 4537 860 4610 Exsurgam
899 4557 919 4590 ι
977 4538 1143 4610 igitur
1193 4557 1212 4590 ‹
1247 4539 1511 4604 diluculo,
1561 4559 1580 4592 ι
1611 4541 1808 4594 clamat
1857 4541 2058 4609 psalte-

487 4630 629 4683 rium
661 4637 716 4683 et
746 4629 958 4683 cithara
999 4629 1065 4684 ad
1097 4638 1408 4691 vocantem,
1457 4631 1646 4700 sicque
1686 4633 1974 4701 pollicetur
1998 4647 2058 4686 se

488 4717 601 4771 Deo
635 4718 933 4786 gratiarum
967 4717 1234 4772 actionem
1263 4719 1690 4788 persoluturum,
1734 4735 1896 4789 quam
1925 4735 2059 4774 con-

485 4809 781 4864 fessionem
822 4809 1069 4862 nominat
1095 4810 1421 4878 completam
1465 4809 1519 4862 in
1554 4810 1769 4879 populis
1801 4817 1856 4864 et
1886 4811 2059 4879 genti.

486 4900 613 4954 bus.
643 4898 911 4953 Dividitur
935 4901 1078 4955 enim
1103 4901 1256 4969 juxta
1285 4901 1396 4955 duo
1429 4902 1544 4956 haec
1583 4903 1803 4956 nomina
1836 4903 2060 4972 aequali-

489 4998 574 5041 ter
603 4990 776 5058 gratia
831 4988 954 5043 ﬁdei
995 4990 1060 5044 ad
1110 4991 1338 5060 populos
1388 4999 1443 5045 et
1481 5000 1694 5062 gentes.
1743 4991 1864 5047 Non
1913 4993 2058 5046 enim

487 5079 801 5136 Judmorum
835 5081 1011 5134 solum
1049 5080 1212 5145 Deus,
1249 5081 1343 5136 sed
1375 5089 1429 5135 et
1467 5085 1732 5152 gentium,
1756 5099 1882 5137 cum
1919 5097 2061 5137 unus

491 5171 564 5224 sit
601 5189 621 5222 ‹
669 5169 834 5229 Deus.
879 5171 970 5241 qui
994 5171 1268 5240 justiﬁcat
1305 5172 1780 5228 circumcisionem
1826 5189 1889 5227 ex
1932 5173 2059 5233 ﬁde.

492 5264 817 5333 praeputium
849 5278 948 5332 per
983 5262 1144 5319 fidem
1175 5265 1216 5318 '.
1260 5284 1279 5316 ι
1331 5263 1624 5335 Propterea
1666 5265 1821 5335 quasi
1855 5264 2062 5334 duplici

493 5356 643 5408 t'onte
685 5353 882 5408 divinae
925 5353 1324 5411 benedictionis
1357 5371 1522 5425 super
1560 5363 1824 5426 utrosque
1865 5355 2059 5418 effuso,

492 5455 549 5499 et
572 5454 725 5515 parte
773 5446 994 5516 quidem
1035 5447 1091 5502 in
1141 5448 1364 5516 populo,
1409 5458 1560 5517 parte
1608 5462 1740 5502 vero
1782 5447 1836 5500 in
1871 5453 2062 5516 gentes

494 5533 714 5596 diﬂ'usa,
749 5551 848 5605 pro
873 5543 1104 5607 utraque
1131 5538 1482 5608 propheticus
1509 5553 1692 5595 sermo
1713 5539 1921 5609 gratias
1951 5539 2062 5609 agit

573 5710 594 5743 '
631 5707 788 5763 Rom.
825 5727 906 5773 ιιι,
950 5713 1038 5766 30.

2163 4535 2197 4604 ἡ
2225 4532 2350 4598 δόξα
2378 4531 2470 4584 τοῦ
2499 4531 2632 4585 Θεοῦ
2663 4534 3006 4604 διεγείρεται.
3033 4553 3050 4585 ‹
3095 4533 3557 4603 Ἐξεγερθήσομαι
3596 4551 3614 4583 ι
3653 4529 3746 4586 οὑν

2170 4644 2187 4675 ι
2201 4627 2257 4677 ἐν
2286 4623 2364 4693 τῷ
2383 4623 2588 4695 ὄρθρῳ,
2611 4643 2628 4674 ›
2657 4625 2789 4694 φησὶ
2825 4624 2962 4696 πρὸς
2981 4624 3072 4676 τὸν
3086 4623 3358 4677 καλοῦντα
3371 4623 3433 4676 τὸ
3444 4622 3745 4694 ψαλτήριόν

2163 4733 2224 4768 τε
2242 4717 2337 4768 καὶ
2364 4718 2396 4785 ἡ
2434 4715 2657 4787 κιθάρα.
2687 4716 2796 4768 Καὶ
2819 4715 2990 4779 οὕτως
3021 4715 3412 4786 ἐπαγγέλλεται
3436 4715 3745 4786 πληρώσειν

2164 4805 2242 4876 τῷ
2269 4805 2388 4874 Θεῷ
2416 4805 2514 4876 τὴν
2537 4805 2908 4876 εὐχαριστίαν,
2957 4807 3022 4876 ἣν
3057 4805 3446 4876 ἐξομολόγησιν
3487 4805 3660 4872 λέγει,
3689 4808 3747 4858 ἐν

2165 4896 2310 4959 λαοῖς
2345 4895 2727 4967 πληρουμένην
2763 4897 2858 4950 καὶ
2894 4895 3090 4951 ἔθνεσι.
3132 4897 3430 4969 Μερίζεται
3469 4895 3581 4966 γὰρ
3610 4896 3748 4967 πρὸς

2163 4989 2232 5042 τὰ
2259 4987 2352 5040 δύο
2375 4987 2548 5040 ταῦτα
2587 4987 2826 5058 ὀνόματα
2855 4989 2998 5042 κατά
3036 4987 3094 5041 τὸ
3129 4989 3242 5040 ῐσον
3272 4989 3306 5058 ἡ
3336 4986 3495 5057 χάρις
3514 4985 3614 5054 τῆς
3655 4987 3746 5039 πί-

2168 5096 2354 5142 στεως,
2382 5079 2518 5148 πρός
2547 5094 2606 5129 τε
2641 5078 2764 5142 τοὺς
2791 5077 2951 5142 λαοὺς
2977 5078 3071 5132 καὶ
3094 5079 3164 5132 τὰ
3198 5078 3345 5146 ἔθνη.
3371 5076 3446 5129 Οὐ
3467 5075 3579 5147 γὰρ
3613 5077 3748 5129 ’1ου-

2166 5168 2328 5221 δαίων
2351 5169 2378 5220 ὁ
2405 5166 2536 5228 Θεὸς
2565 5167 2742 5236 μόνον,
2779 5167 2912 5220 ἀλλά
2947 5166 3041 5219 καὶ
3071 5165 3259 5218 ἐθνῶν.
3303 5159 3568 5228 Ἐπείπερ
3581 5151 3691 5220 εἷς(
3715 5159 3742 5209 ὁ

2167 5259 2296 5322 Θεὸς
2318 5299 2332 5322 ,
2377 5258 2434 5322 ὃς
2471 5257 2748 5312 δικαιώσει
2793 5261 3092 5329 περιτομὴν
3126 5259 3190 5310 ἐκ
3220 5257 3477 5319 πίστεως,
3511 5256 3747 5326 ἀκροϐυο

2171 5351 2323 5405 στίαν
2349 5349 2438 5404 διὰ
2475 5349 2574 5420 τῆς
2627 5351 3033 5414 πίστεως.»Διά
3075 5349 3232 5402 τοῦτο
3274 5349 3530 5419 καθάπερ
3558 5347 3745 5401 διπλοῦ

2167 5463 2309 5509 τινος
2335 5444 2600 5517 ῥεύματος
2624 5446 2722 5514 τῆς
2748 5445 2897 5506 θείας
2919 5443 3162 5510 εὐλογίας
3183 5441 3743 5512 ἐπ’ἀμφωχυθείσης,

2170 5535 2247 5605 πῆ
2285 5535 2384 5606 μὲν
2435 5535 2526 5588 ἐπὶ
2557 5536 2683 5598 τοὺς
2710 5534 2892 5599 λαοὺς,
2926 5535 3000 5604 πῆ
3039 5534 3094 5586 δὲ
3131 5534 3268 5604 πρὸς
3296 5533 3368 5587 τὰ
3395 5533 3527 5603 ἔθνη
3545 5531 3739 5606 διιιρεο
