3870 6220
148 272 256 328 889

1571 275 1636 329 IN
1672 273 2011 331 PSALMOS.

3313 280 3420 337 590

147 391 358 461 θεία-ης.
395 392 534 462 ὐτὲρ
567 393 893 464 ἀμφοτέρων
921 397 953 466 η
993 396 1297 466 προφητεία
1327 395 1402 466 τῷ
1436 395 1555 465 Θεῳ
1577 413 1720 467 προσ

1842 394 1972 458 Deo,
2021 395 2148 466 quia
2196 401 2422 465 peccato
2452 393 2504 448 in
2558 393 2832 448 infinitum
2887 394 3140 460 adaucto,
3193 413 3392 468 supera

142 480 271 549 ἀγει
301 481 404 552 τὴν
447 478 820 553 εὐχαριστίαν,
842 485 924 538 ὅτι
953 485 1054 554 τῆς
1093 485 1364 556 ἀμαρτίας
1407 486 1486 548 εἰς
1509 485 1735 556 ἄπειρον

140 574 501 646 αὐξηθείσης,
535 575 791 647 ὑπερέχει
813 579 872 630 ἐν
906 569 986 648 τῷ
1030 576 1143 647 ἰδίῳ
1174 576 1392 648 μεγέθει
1421 579 1451 630 ὁ
1479 576 1573 630 τοῦ
1596 576 1733 631 Θεοῦ

139 667 315 731 ἔλεος,
353 667 447 722 καὶ
483 668 649 722 αὐτοῦ
687 668 782 723 τοῦ
816 669 1064 740 οὐρανίου
1098 669 1265 739 ὕψους
1294 669 1552 741 ὑπεράνω
1583 668 1735 738 γενό-

142 777 329 830 μενος.
389 778 408 810 ι
430 760 589 829 Μέγα
611 780 630 814 ι
665 760 796 834 γὰρ,
832 762 1016 833 φησὶν,
1065 782 1083 814 ι
1124 762 1310 815 ἐπάνω
1346 763 1451 815 τῶν
1489 761 1732 832 οὐρανῶν

137 853 201 906 τὸ
227 852 382 917 ἔλεός
411 871 525 907 σου.
550 873 569 906 ι
613 853 692 907 Τά
717 855 936 926 ῥήματα
971 855 1073 926 τῆς
1114 855 1256 927 ὑπὲρ
1283 854 1489 908 τούτων
1525 853 1734 919 δοξολο-

138 945 267 1013 γίας
286 941 444 1018 οἶμαι
466 947 566 1012 τὰς
585 948 900 1012 τελευταίας
914 943 1052 1001 εἶναι
1073 950 1172 1020 τῆς
1189 947 1509 1018 ψαλμῳδίας
1526 947 1732 1012 φωνὰς,

138 1031 199 1089 ὲν
231 1032 317 1101 οἷς
351 1055 516 1108 φησιν
535 1056 550 1070 ο
602 1059 621 1091 ι
657 1039 934 1110 ’Υψώθητι
963 1041 1056 1092 ἐπὶ
1080 1041 1206 1102 τοὺς
1234 1039 1560 1110 οὐρανοῦς,ὁ
1578 1037 1732 1104 Θεὸς,

139 1128 234 1182 καὶ
263 1130 360 1183 ἐπὶ
398 1132 579 1186 πᾶσαν
597 1131 696 1204 τὴν
723 1133 825 1202 γῆν
847 1134 880 1203 ἡ
907 1132 1034 1198 δόξα
1065 1149 1179 1186 σου.
1209 1151 1227 1184 ι
1258 1133 1422 1185 Ὅσον
1447 1130 1556 1202 γὰρ
1581 1130 1733 1182 πλεο-

138 1221 292 1287 νάζει
324 1225 468 1278 κατά
492 1225 596 1295 γῆν
623 1227 656 1296 ἠ
685 1224 780 1278 τοῦ
805 1224 942 1279 Θεοῦ
963 1225 1237 1292 δοξολογία
1265 1226 1298 1294 ἡ
1325 1223 1414 1276 διά
1433 1222 1542 1276 τῶν
1570 1220 1731 1285 σωζο-

140 1314 323 1384 μένων
342 1315 408 1368 ὲκ
424 1316 662 1380 πίστεως
679 1315 1049 1388 ὲπαυξομένη,
1063 1315 1315 1370 τοσοῦτον
1333 1316 1389 1369 αἱ
1407 1314 1731 1384 ὐποκόσμιοι

138 1405 401 1477 δυνάμεις
455 1409 550 1462 ἐπὶ
583 1412 650 1481 τῇ
697 1409 944 1481 σωτηρίᾳ
981 1409 1142 1480 ἡμῶν
1174 1406 1604 1478 ἀγαλλιώμεναι,
1638 1404 1732 1458 τὸν

137 1497 274 1554 Θεὸν
303 1499 606 1570 ἀνυμνοῦσί
632 1518 691 1554 τε
713 1502 806 1554 καὶ
828 1500 1224 1570 δοξολογοῦσιν,
1243 1498 1424 1563 καθώς
1450 1514 1613 1568 φησιν
1638 1495 1732 1548 ἐπὶ

1839 495 2018 540 tamen
2060 487 2278 557 propria
2327 499 2427 540 sua
2471 486 2844 556 magnitudine
2885 487 3072 541 divina
3107 489 3427 545 misericor-

1838 577 1947 642 dia,
1964 579 2082 648 ipsa
2106 579 2271 634 etiam
2291 578 2499 634 coelesti
2527 577 2816 633 altitudine
2836 579 2998 633 altior
3015 577 3231 646 eli‘ecta;
3251 583 3384 637 verb
3401 603 3426 634 ;.

1837 676 2020 722 autem
2072 667 2406 723 laudationis
2438 683 2537 738 pro
2570 667 2656 722 his
2699 667 2983 731 institutae,
3018 668 3257 724 arbitror
3285 671 3422 724 ulti-

1837 775 1957 815 mas
1981 775 2106 815 esse
2135 770 2298 815 voces
2327 760 2546 830 psalmi,
2591 775 2716 813 cum
2747 760 2825 813 ait
2859 776 2874 813 :
2911 779 2929 811 ι
2967 758 3224 815 Exaltare
3250 775 3415 830 super

1836 852 2026 918 caelos,
2059 849 2225 918 Deus,
2253 859 2308 906 et
2337 866 2502 921 super
2537 865 2754 906 onmem
2788 857 2988 906 terram
3031 851 3202 920 gloria
3237 861 3349 907 tua.
3391 872 3410 905 ι

1834 944 2108 1009 Quantum
2152 946 2299 999 enim
2332 945 2386 998 in
2433 943 2596 999 terris
2643 943 2887 998 abundat
2935 942 3028 997 Dei
3065 943 3412 1014 glorificatio,

1833 1043 2043 1090 tantum
2078 1030 2310 1091 virtutes
2343 1036 2450 1090 illae
2495 1049 2662 1106 supra
2704 1035 2968 1089 mundum
3011 1046 3214 1090 evectae
3251 1051 3417 1108 super

1833 1129 2010 1184 salute
2065 1136 2258 1184 nostra
2305 1130 2666 1192 exsultantes,
2700 1124 2870 1183 Deum
2897 1127 3308 1194 concelebrant,
3358 1139 3415 1186 et

1836 1219 2167 1290 gloriﬁcaut,
2198 1225 2362 1291 prout
2394 1221 2460 1275 ad
2492 1231 2741 1291 pastores
2776 1220 2910 1276 dicit
2934 1221 3175 1276 caelestis
3204 1225 3416 1278 exerci-

1836 1318 1946 1374 tus,
1978 1309 2198 1381 quando
2253 1310 2431 1382 angeli
2462 1313 2718 1368 viderunt
2751 1328 2964 1384 pacem,
3000 1329 3123 1384 quae
3158 1298 3418 1370 vitae'no-

1838 1411 1965 1458 straa
1995 1403 2050 1456 in
2081 1403 2398 1460 hominibus
2441 1405 2598 1459 bona
2630 1405 2933 1461 voluntatis
2967 1406 3167 1470 illuxit,
3215 1407 3419 1464 decan-

1839 1502 2139 1566 taruntque
2166 1514 2178 1550 :
2215 1513 2235 1546 ι
2273 1495 2460 1551 Gloria
2488 1497 2543 1550 in
2568 1497 2806 1552 excelsis
2827 1497 2938 1554 Deo
2961 1499 3004 1554 ⁸.
3044 1518 3066 1553 ι

136 1591 248 1645 τῶν
288 1593 566 1663 ποιμένων
607 1595 640 1664 ή
674 1594 994 1665 ἐπουράνιος
1029 1592 1277 1664 στρατιὰ,
1307 1593 1398 1645 ὅτε
1431 1592 1538 1646 ἴδον
1568 1591 1618 1643 οἱ
1657 1585 1878 1656 ἄγγελοι
1921 1586 2015 1640 ἐπὶ
2053 1587 2154 1658 γῆς
2186 1586 2283 1657 τὴν
2323 1589 2549 1660 εἰρήνην
2580 1590 2681 1660 τὴν
2711 1589 2853 1661 ὑπὲρ
2889 1589 2992 1662 τῆς
3023 1591 3081 1644 ὲν
3106 1590 3418 1663 ἀνθρώποις

135 1684 387 1749 εὐδοκίας
411 1685 492 1756 τῷ
521 1685 622 1757 βίῳ
645 1686 802 1758 ἡμῶν
834 1688 1212 1756 ἐπιφανεῖσαν,
1239 1687 1321 1740 ὃτι
1355 1706 1373 1739 ι
1400 1686 1540 1752 Δόξα
1569 1686 1628 1737 ὲν
1643 1680 1888 1751 ὑψίστοις
1913 1679 2052 1750 Θεῷ.
2087 1697 2110 1732 ι

657 1781 1059 1835 ΚΕΦΔΛΑῘΟΝ
1104 1782 1206 1835 1Ε’.

206 1869 417 1924 Τούτου
438 1871 496 1926 δὲ
518 1870 614 1926 τοῦ
640 1871 807 1942 ὕψους
829 1876 928 1944 τῆς
948 1873 1268 1946 ψαλμῳδίας
1295 1874 1329 1944 ἡ
1357 1871 1728 1944 ὑπερκειμένη

131 1964 358 2037 διαδοχὴ
387 1964 641 2018 τοσοῦτον
673 1966 767 2018 ἐπὶ
787 1965 846 2019 τὸ
869 1966 1282 2036 μεγαλειότερον
1305 1963 1575 2036 διαφέρει,
1604 1965 1727 2017 ὅσον

133 2055 195 2120 ἐξ
219 2055 406 2110 αὐτῶν
443 2054 560 2108 ἔστι
590 2055 698 2109 τῶν
727 2056 1128 2128 γεγραμμένων
1159 2057 1371 2128 μαθεῖν.
1401 2056 1512 2109 Καὶ
1538 2055 1726 2127 ῶσπερ

131 2148 194 2200 ὲν
219 2149 348 2210 τοῖς
379 2144 669 2217 δρομεῦσιν
690 2147 718 2200 ό
738 2147 830 2201 τὸν
860 2147 1087 2218 νικητὴν
1110 2147 1218 2200 τῶν
1244 2146 1417 2202 ἄλλων
1446 2147 1727 2219 παραδρα-

133 2237 278 2309 μὼν,
313 2239 540 2309 μείζονα
569 2238 664 2293 τοῦ
701 2239 968 2314 προτέρου
997 2240 1096 2312 τὴν
1124 2238 1281 2304 δόξαν
1303 2241 1506 2311 ἡρατυ,
1539 2239 1724 2311 κρείτ-

128 2348 243 2384 των
303 2331 634 2402 ὲπιδειχθεὶς
658 2333 752 2387 τοῦ
796 2333 1224 2405 προτρέχοντοςο
1275 2332 1450 2397 οῦτως
1488 2333 1721 2404 ἔοικενὴ

131 2423 341 2494 ἑϐδόμη
369 2442 431 2477 τε
471 2427 566 2479 καὶ
599 2427 942 2498 πεντηκοστὴ
969 2425 1258 2497 ψαλμῳδία
1279 2465 1294 2490 ,
1328 2426 1573 2497 μεγάλης
1600 2427 1722 2479 ὲπι-

129 2512 445 2586 δειχθείσης
483 2517 602 2568 κατ’
634 2515 842 2569 ἔννοιαν
891 2515 991 2586 τῆς
1021 2514 1492 2588 προδιηνυσμένης
1519 2557 1533 2582 ,
1567 2517 1724 2586 νικᾷν

130 2609 304 2679 αὐτὴν
329 2611 398 2679 τῇ
430 2609 773 2680 μεγαλοφυΐᾳ
818 2611 929 2672 τοῖς
974 2607 1124 2673 ίδίοις
1171 2609 1472 2680 νοήμασινο
1507 2605 1584 2672 ὡς
1612 2608 1724 2682 γὰρ

130 2701 322 2773 ὲκείνη
349 2703 493 2757 κατά
525 2702 635 2756 τῶν
681 2702 859 2756 ἀλλων
909 2697 1021 2774 εἶχε
1068 2702 1140 2756 τὰ
1189 2706 1482 2775 νικητήρια
1506 2744 1520 2768 ,
1549 2700 1724 2767 οὕτως

131 2792 273 2864 αῦτη
293 2793 398 2864 τῆς
429 2794 806 2865 ὑπερεχούσης
825 2794 936 2847 τῶν
961 2793 1138 2848 ἄλλων
1167 2793 1229 2847 τὸ
1258 2794 1418 2849 πλέον
1448 2794 1562 2865 ἔχει
1583 2811 1600 2827 θ
1626 2795 1722 2847 καὶ

128 2882 307 2954 ταύτῃ
329 2883 438 2952 γὰρ
461 2886 730 2954 μαρτυρεῖ
757 2881 855 2954 τὴν
876 2883 1034 2954 νίκην
1066 2886 1100 2956 ἡ
1123 2903 1140 2935 ι
1161 2885 1256 2946 Εἰς
1278 2883 1340 2937 τὸ
1370 2883 1521 2947 τέλος
1541 2902 1560 2934 ι
1597 2884 1720 2937 ὲπι-

131 2976 346 3046 γραφή.
391 2975 530 3027 Ἀλλ’
559 2974 704 3030 ἔοικε
741 2975 818 3048 μὴ
848 2973 1099 3030 τοσοῦτον
1132 2976 1232 3048 τὴν
1263 2975 1373 3028 τῶν
1411 2975 1720 3031 ἀντιπάλων

130 3061 323 3136 ἧτταν,
361 3065 498 3120 ἀλλά
529 3067 622 3120 τὸν
641 3069 700 3121 ὲν
726 3069 838 3132 τοῖς
864 3068 1090 3136 ἀγαθοῖς
1107 3068 1450 3139 πλεονασμὸν
1477 3069 1570 3122 ἐπὶ
1597 3067 1721 3123 ταύ-

128 3176 227 3230 της
254 3159 359 3228 τῆς
392 3155 549 3230 νίκης
579 3159 607 3212 ό
633 3159 791 3228 λόγος
830 3158 1317 3231 διαμαρτύρεσθαι.
1356 3159 1508 3229 Ἔχει
1537 3159 1595 3212 δὲ
1619 3159 1718 3228 τῆς

129 3246 446 3318 ἐπιγραφῆς
475 3245 648 3312 οὕτως
670 3249 705 3320 ἠ
727 3247 874 3316 λέξις
893 3263 908 3279 ⁸
939 3267 958 3301 ι
987 3250 1084 3314 Et;
1105 3249 1167 3303 τὸ
1185 3250 1364 3315 τέλος,
1396 3249 1470 3321 μὴ
1484 3248 1720 3320 διαφθεί-

131 3354 248 3412 ρῐιςς
267 3337 349 3409 τῷ
376 3337 539 3392 Δαθιδ
567 3341 648 3402 εἰς
666 3339 1097 3412 στηλογραφίαν.
1129 3359 1147 3392 ι
1181 3341 1420 3405 Ποσάκις
1440 3339 1582 3411 ὁτῆς
1613 3356 1718 3410 μα-

127 3431 438 3504 κροθυμίας
457 3432 767 3504 ἀγωνιστὴς
793 3433 886 3486 ὲπὶ
911 3432 990 3504 τῷ
1012 3432 1261 3503 στεφάνῳ
1285 3432 1384 3503 τῆς
1412 3431 1568 3503 νίκης
1594 3431 1720 3485 ταύ-

121 3543 226 3596 της
253 3525 351 3578 ὐπ’
393 3525 559 3578 αὐτοῦ
605 3524 699 3578 τοῦ
732 3525 1070 3593 ἀγωνοθέτου
1109 3524 1586 3598 ἀνακηρύσσεται;
1623 3525 1718 3579 κα)⁸

121 3614 292 3670 αὐτοῦ
324 3615 468 3686 τάχα
504 3613 598 3670 τοῦ
625 3617 939 3688 Πνεύματος
970 3616 1062 3672 τοῦ
1115 3618 1269 3688 ἀγίου
1314 3617 1703 3689 θαυμαστικῶς

122 3708 223 3777 τὴν
279 3707 470 3779 φωνὴν
514 3707 718 3780 ταύτην
766 3708 1030 3773 πολλάκις
1077 3707 1589 3780 ἀναλαμϐάνοντος,
1640 3709 1718 3773 ὼς

120 3797 416 3868 κρείττονα
466 3793 630 3852 οὖσαν
662 3799 762 3870 τῆς
805 3799 915 3853 τῶν
941 3798 1244 3874 ἀνθρώπων
1280 3800 1590 3871 δυνάμεως,
1621 3801 1717 3853 καὶ

118 3890 232 3943 τῶν
270 3890 374 3960 τῆς
403 3889 617 3959 φύσεως
645 3892 786 3963 ὅρων
815 3892 1352 3964 ὐπερεκπίπτουσαν.
1389 3894 1574 3964 Μόνης
1606 3892 1714 3964 γάρ

118 3983 221 4053 τῆς
250 3984 548 4052 ἀσωμάτου
579 4001 641 4036 τε
673 3985 768 4037 καὶ
810 3984 976 4038 ἀΰλου
1011 3985 1226 4054 φύσεως
1265 3984 1326 4038 τὸ
1370 3971 1613 4038 τοιοῦτον
1645 3979 1714 4055 ἦν

118 4077 299 4130 εἰπεῖν
319 4117 336 4140 ,
371 4072 441 4149 ἧς
472 4077 624 4131 οὐδὲν
665 4078 838 4141 πάθος
882 4077 993 4131 τῶν
1025 4078 1377 4149 ἀνθρωπίνων
1404 4077 1714 4150 προσάπτε-

116 4184 235 4222 ται.
267 4167 592 4239 Ἀνθρωπος
617 4168 675 4222 δέ
707 4187 791 4233 τις
818 4168 892 4223 ὢν
927 4170 1021 4224 κα)⁴
1068 4169 1239 4241 θυμὸν
1284 4167 1714 4239 συνουσιωμένον

117 4258 263 4328 ἔχων
288 4260 359 4329 τῇ
382 4257 542 4327 φύσει
563 4298 577 4323 ,
597 4259 822 4330 πάσχων
843 4277 904 4312 τε
931 4260 1116 4322 κακῶς
1145 4259 1297 4330 παρὰ
1320 4258 1413 4312 τοῦ
1445 4257 1714 4329 μηδεμίαν

119 4349 225 4419 μὲν
254 4348 539 4418 εἰληφότος
585 4352 666 4415 είς
700 4351 764 4404 τὸ
815 4352 985 4406 κακὸν
1039 4351 1328 4423 ἀφορμὴν,
1371 4351 1582 4405 πολλῶν
1622 4355 1714 4407 καὶ

2427 1771 2658 1828 CAPUT
2698 1769 2814 1828 XV.

1902 1858 2079 1931 Hujus
2111 1875 2242 1917 vero
2279 1862 2496 1932 psalmi,
2533 1864 2626 1934 qui
2676 1863 2948 1934 sequitur,
2989 1864 3260 1924 celsitudo
3294 1873 3416 1923 tan-

1831 1961 1946 2008 tum
1989 1954 2398 2025 magnificentia
2447 1955 2687 2026 priorem
2738 1966 2980 2026 superat,
3037 1967 3305 2029 quantum
3348 1973 3412 2015 ex

1829 2045 1967 2115 ipsis
1991 2060 2114 2116 qua:
2132 2047 2454 2102 scribuntur
2481 2043 2666 2102 verbis
2687 2046 2945 2119 colligere
2975 2051 3124 2116 licet,
3148 2059 3203 2107 et
3231 2069 3418 2123 quem-

1827 2139 2122 2195 admodum
2176 2140 2322 2195 inter
2370 2155 2652 2205 cursores,
2709 2141 2803 2212 qui
2847 2143 3112 2200 victorem
3177 2147 3412 2201 aliorum

1826 2233 2101 2288 currendo
2141 2232 2294 2298 vicit,
2326 2233 2621 2291 clariorem
2669 2250 2834 2307 quam
2865 2239 3017 2310 prior
3049 2241 3280 2309 gloriam
3321 2258 3410 2296 re-

1825 2326 1973 2391 tulit,
2021 2327 2217 2382 melior
2252 2327 2478 2384 ell‘ectus
2527 2343 2593 2384 eo
2631 2330 2725 2400 qui
2778 2336 3214 2398 praecucurrerat
3256 2351 3270 2386 :
3333 2329 3413 2388 sic

1823 2420 2042 2475 videtur
2071 2422 2335 2490 septimus
2367 2428 2420 2476 et
2442 2422 2933 2493 quinquagesimus
2961 2424 3208 2492 psalmus
3238 2425 3412 2480 multo

1824 2512 2021 2581 majori
2054 2512 2418 2575 incremento,
2452 2514 2632 2582 quoad
2670 2514 3023 2579 sententiam,
3051 2513 3409 2584 magnificen-

1824 2605 1898 2658 tia
1930 2606 2137 2675 proprii
2174 2621 2373 2662 sensus
2404 2606 2803 2676 praecedentem
2830 2621 3091 2676 superare
3118 2624 3130 2660 :
3173 2617 3234 2661 ut
3259 2609 3408 2662 enim

1823 2694 1916 2750 ille
1946 2694 2069 2749 aliis
2106 2694 2342 2764 palmam
2379 2694 2684 2764 praeripuit,
2726 2695 2807 2750 sic
2838 2696 2941 2751 iste
2980 2695 3103 2765 plus
3137 2696 3303 2751 habet
3340 2698 3410 2753 de

1821 2803 1910 2850 eo,
1959 2803 2070 2859 quo
2102 2789 2320 2844 caeteris
2354 2789 2652 2856 antecellit,
2692 2789 2854 2860 eique
2906 2790 3279 2846 testimonium
3321 2791 3407 2845 vi-

1821 2881 2009 2936 ctoriae
2037 2881 2239 2951 prmbet
2265 2881 2382 2952 ipsa
2417 2881 2706 2952 inscriptio
2732 2901 2746 2938 :
2777 2902 2795 2934 ι
2824 2881 2881 2936 In
2914 2881 3099 2938 linem.
3138 2903 3158 2935 ι
3195 2881 3302 2940 Sed
3331 2879 3408 2940 vi-

1821 2974 1982 3029 detur
2021 2973 2202 3028 oratio
2235 2989 2344 3028 non
2387 2984 2495 3029 tam
2526 2973 2970 3030 adversariorum
3012 2973 3406 3040 devictionem,

1822 3080 1986 3136 quam
2017 3065 2411 3120 abundantiam
2443 3065 2733 3131 bonorum,
2781 3081 2900 3135 qua:
2937 3079 3002 3120 ex
3037 3065 3143 3120 hac
3172 3067 3403 3122 victoria

1821 3154 2201 3229 consequitur,
2241 3159 2540 3213 contestari
2589 3176 2603 3212 :
2655 3157 2738 3213 sic
2787 3172 2918 3212 vero
2969 3154 3037 3212 ad
3077 3158 3304 3213 verbum
3344 3174 3406 3216 se

1821 3250 2024 3306 habent
2067 3249 2448 3320 inscriptionis
2482 3248 2688 3305 verba:
2733 3269 2751 3300 ‹
2803 3245 2863 3302 ln
2915 3247 3123 3304 linem:
3169 3249 3253 3304 Ne
3285 3249 3404 3306 dis—

1823 3341 2040 3411 perdas,
2093 3341 2262 3395 David
2301 3341 2358 3396 in
2411 3341 2551 3396 tituli
2601 3341 3039 3411 inscriptionem.
3099 3359 3118 3394 ι
3171 3339 3404 3408 Quoties

1821 3434 2256 3503 longanimitatis
2286 3435 2388 3490 iste
2425 3433 2594 3505 pugil,
2632 3435 2702 3489 ob
2733 3445 3002 3489 coronam
3037 3433 3202 3504 hujus
3231 3435 3406 3490 victo-

1819 3527 1949 3587 riae,
2009 3543 2040 3580 a
2101 3527 2284 3597 seipsa
2335 3535 2594 3597 tauquam
2647 3525 2979 3598 agonotheta
3035 3529 3407 3599 praedicatur?

1819 3620 1940 3689 ipso
1992 3617 2246 3674 fortassis
2294 3617 2501 3688 Spiritu
2565 3627 2759 3673 sancto
2808 3618 3135 3674 mirabiliter
3201 3621 3404 3692 saepius

1817 3724 2006 3764 vocem
2042 3708 2182 3762 hanc
2213 3707 2466 3772 iterante,
2502 3709 2660 3779 quasi
2697 3707 3050 3779 praestantior
3093 3711 3163 3765 sit
3203 3713 3406 3770 virtute

1820 3801 2059 3855 humana
2086 3808 2141 3856 et
2179 3815 2346 3870 supra
2380 3810 2589 3855 naturae
2621 3801 2756 3856 fines
2789 3809 2977 3856 evecta
3007 3823 3018 3856 :
3053 3803 3226 3859 solius
3253 3805 3405 3862 enim

1819 3892 2159 3963 incorporeas
2203 3899 2258 3946 et
2304 3891 2684 3947 immaterialis
2733 3899 2945 3947 naturae
2995 3891 3100 3948 hoc
3157 3901 3276 3948 erat
3319 3895 3405 3948 dl-

1817 3999 1968 4048 cere,
2001 3998 2164 4054 quam
2210 3983 2358 4037 nulla
2391 3983 2757 4037 humanarum
2801 3982 3152 4038 aﬂ‘ectionum
3202 3987 3399 4056 tangit.

1816 4075 2053 4131 Protulit
2083 4085 2265 4132 tamen
2305 4077 2446 4130 hanc
2489 4090 2681 4130 vocem
2715 4076 2901 4142 homo,
2933 4077 3025 4148 qui
3069 4078 3205 4131 iram
3240 4093 3272 4133 a
3302 4093 3404 4134 na-

1817 4182 1939 4228 tura
1963 4186 2077 4226 suae
2098 4169 2422 4226 substantia:
2453 4167 2698 4223 innatam
2731 4164 2915 4234 habet,
2946 4166 3040 4240 qui
3067 4169 3237 4224 multa
3257 4172 3403 4226 mala

1816 4263 2222 4336 perpetiebatur
2256 4261 2325 4315 ab
2353 4276 2417 4315 eo
2446 4259 2536 4315 cui
2567 4257 2776 4314 nullam
2807 4259 2939 4314 mali
2972 4257 3283 4330 cujuspiam
3314 4259 3404 4315 in-

1817 4353 2024 4412 ferendi
2075 4353 2425 4408 occasionem
2473 4350 2738 4405 dederat:
2765 4351 2876 4405 imo
2918 4349 2990 4406 ab
3029 4366 3094 4406 eo
3141 4352 3196 4406 in
3235 4368 3400 4421 quem

117 4440 383 4510 μεγάλων
409 4441 630 4509 ἀγαθῶν
659 4443 968 4514 ἠξιωμένου
987 4484 1002 4507 ,
1033 4445 1176 4515 ὐπέρ
1207 4463 1265 4499 τε
1293 4447 1393 4517 τῆς
1420 4448 1583 4519 κενῆς
1613 4450 1710 4518 ἀρ-

1823 4447 1989 4501 multa
2018 4453 2072 4500 et
2105 4444 2340 4512 insignia
2373 4437 2637 4497 beneficia
2675 4441 3016 4509 contulerat;
3048 4446 3139 4512 qui
3178 4450 3402 4513 prOpter

116 4531 221 4602 χῆς
249 4533 347 4584 καὶ
372 4533 513 4604 ὑπὲρ
538 4533 646 4586 τῶν
670 4536 751 4598 εἰς
775 4535 938 4589 αὐτὸν
960 4537 1164 4589 ἐκεῖνον
1189 4539 1590 4608 γεγενημένων,
1620 4535 1711 4593 οῦς

115 4639 210 4685 τος
242 4623 588 4695 μετανάστης
622 4623 712 4678 ὐπ’
747 4625 912 4678 αὐτοῦ
948 4625 1044 4679 τοῦ
1077 4630 1174 4699 τῆς
1207 4628 1452 4693 εὐποιίας
1482 4647 1711 4702 τετυχη-

115 4711 279 4775 κότος
333 4712 428 4764 καὶ
458 4713 633 4782 φυγὰς
664 4713 874 4781 γίνεται
903 4713 1002 4782 τῆς
1029 4714 1235 4777 οἰκείας
1273 4713 1458 4778 ἑστίας
1487 4717 1580 4769 ἐπὶ
1616 4715 1714 4769 θα-

113 4804 267 4875 νάτῳ
301 4803 460 4876 παρὰ
485 4804 578 4858 τοῦ
607 4801 666 4859 εὖ
700 4805 1033 4869 πεπονθότος
1063 4806 1538 4877 συνελαυνόμενος.
1581 4807 1710 4860 Ἀλ-

113 4896 237 4951 λοτε
263 4896 428 4952 ἄλλον
455 4897 560 4950 ὐπὸ
585 4896 895 4968 ἀμηχανίας
923 4897 1096 4952 ἐπιὼν
1120 4899 1284 4953 τόπον
1306 4901 1534 4970 ἐρήμοις
1556 4901 1712 4952 ἐναυ-

113 4989 402 5061 λιζόμενος
423 5030 438 5053 ,
467 4988 798 5060 ἀκρωρείαις
837 4989 1196 5063 προσφεύγων
1215 5029 1231 5054 ,
1260 4989 1573 5060 ἀλλοφύλων
1607 4991 1712 5044 ίκέ-

113 5098 219 5154 της
275 5082 602 5152 γενόμενος,
649 5084 708 5134 ὲν
742 5081 920 5153 ἐνδείᾳ
956 5083 1067 5136 τῶν
1094 5081 1408 5150 ἀναγκαίων
1459 5097 1708 5136 κακοπα-

114 5174 246 5237 θῶν,
281 5173 550 5248 ῦπαιθρος
581 5174 651 5227 τά
680 5174 850 5227 πολλά
875 5175 1271 5246 διακαρτερῶν,
1291 5175 1550 5239 πολλάκις
1575 5176 1706 5248 παρ’

112 5266 284 5319 αὐτοῦ
308 5266 402 5318 τὸν
448 5266 608 5336 μέχρι
639 5266 872 5320 θανάτου
900 5267 1144 5321 κίνδυνον
1173 5263 1414 5330 ὐποστάς
1438 5307 1452 5332 ,
1479 5266 1575 5319 νῦν
1608 5267 1708 5336 μὲν

111 5360 377 5430 αὐτόχειρ
405 5358 494 5412 διὰ
525 5361 621 5430 τῆς
653 5359 850 5431 λόγχης
882 5360 1017 5429 πρὸς
1056 5361 1146 5413 τὸν
1170 5362 1290 5414 κατ’
1334 5361 1500 5414 αὐτοῦ
1549 5356 1706 5430 φόνον

108 5453 464 5523 ὁρμήσαντος
481 5468 495 5481 ·
512 5452 677 5506 πάλιν
702 5453 760 5506 δὲ
790 5455 881 5506 τὸν
911 5449 1078 5518 οἷκον,
1107 5454 1166 5509 ἐν
1194 5449 1238 5520 ᾧ
1258 5455 1463 5525 διῆγεν,
1487 5454 1573 5506 διὰ
1599 5455 1707 5507 τῶν

109 5542 435 5615 δορυφόρων
464 5543 837 5609 διαλαϐόντος,
863 5546 937 5611 ὡς
964 5544 1031 5600 ἂν
1055 5545 1131 5617 μὴ
1154 5545 1312 5614 φύγοι
1343 5546 1426 5600 τὸν
1453 5545 1698 5601 θάνατον.

149 5720 169 5750 ⁸
217 5716 353 5772 Luc.
392 5735 451 5772 lt.
486 5716 573 5775 M.

1809 4544 1976 4598 inane
2003 4538 2288 4602 imperium
2309 4575 2324 4599 ,
2347 4542 2400 4588 et
2424 4534 2497 4588 ob
2521 4533 2612 4587 illa
2640 4533 2780 4602 ipsa,
2802 4549 2924 4604 quae
2952 4531 3100 4588 illius
3123 4535 3296 4603 gratia
3322 4535 3401 4590 fe-

1810 4639 1984 4695 cerat,
2016 4627 2174 4684 exsul
2199 4625 2432 4682 eflicitur
2464 4627 2534 4680 ab
2571 4625 2663 4680 illo
2694 4627 2812 4695 ipso
2836 4627 2928 4692 qui
2957 4624 3236 4682 beneficiis
3269 4628 3400 4682 alie-

1811 4733 1934 4778 ctus
1978 4721 2191 4781 fuerat;
2236 4717 2610 4787 profugusque
2643 4717 2720 4780 fit,
2761 4714 2980 4786 propria
3013 4717 3204 4780 domo,
3236 4718 3305 4772 ab
3331 4734 3398 4774 eo

1811 4815 1878 4869 de
1931 4825 2042 4882 quo
2091 4809 2230 4863 bene
2284 4809 2513 4861 meritus
2565 4816 2705 4868 erat,
2758 4805 2991 4875 electus,
3039 4806 3176 4862 alias
3228 4807 3396 4861 alium

1817 4919 1930 4976 pra:
1973 4897 2361 4970 desperatione
2395 4897 2575 4951 locum
2623 4904 2835 4968 petens,
2880 4898 2934 4951 in
2965 4898 3263 4953 solitudine
3302 4899 3399 4953 de-

1810 5012 1964 5067 gens,
2020 4995 2076 5048 in
2125 4991 2393 5046 montium
2443 4989 2677 5044 vertices
2722 5005 2783 5044 se
2824 4991 3118 5060 recipiens,
3165 4991 3397 5060 supplex

1809 5084 2134 5156 alienigenis
2201 5078 2411 5144 factus,
2445 5082 2629 5152 inopia
2693 5095 2880 5136 rerum
2953 5081 3396 5136 necessariarum

1808 5179 2063 5244 amictus,
2100 5177 2203 5232 sub
2227 5174 2320 5231 dio
2347 5175 2670 5246 plerumque
2703 5190 2890 5245 agens,
2917 5189 3060 5244 saepe
3090 5174 3392 5245 periculum

1806 5272 2004 5328 mortis
2031 5272 2100 5326 ab
2125 5270 2344 5340 ingrato
2362 5273 2608 5322 creatum
2635 5268 2848 5333 adiens,
2877 5269 2969 5338 qui
2999 5281 3147 5321 nunc
3171 5263 3391 5336 quidem

1815 5380 1915 5421 sua
1947 5379 2136 5428 manu,
2168 5362 2324 5417 hasta
2355 5368 2592 5430 arrepta,
2631 5361 2833 5415 caedem
2868 5361 2944 5414 illi
2977 5362 3226 5426 intentat,
3265 5374 3391 5413 rur-

1815 5471 2022 5528 susque
2052 5455 2274 5509 domum
2311 5452 2364 5506 in
2394 5467 2500 5521 qua
2537 5451 2788 5519 degebat,
2835 5452 3167 5506 satellitibus
3199 5449 3388 5518 stipat,

1815 5559 1886 5601 uc
1917 5554 2144 5601 mortem
2180 5543 2440 5612 cll‘ugcrct
2468 5560 2479 5594 :
2513 5542 2606 5610 qui
2653 5541 2850 5596 deinde
2891 5532 3379 5606 solliciteinquirit.
