3870 6220
485 310 584 365 £91

1756 309 1815 363 S.
1855 302 2187 363 GREGOBII
2215 303 2509 361 NYSSE'NI

3643 310 3759 366 593

487 435 579 491 ubi
619 435 860 488 locorum
894 442 1229 497 versaretur,
1272 432 1364 488 ubi
1407 431 1588 488 cibum
1625 432 1970 502 sumpsisset,
2012 437 2066 482 et

2171 423 2300 482 Εἶτα
2326 430 2601 500 πανταχοῦ
2635 431 3214 504 πολυπραγμονοῦντος
3235 473 3247 494 ,
3283 435 3341 486 ἐν
3371 429 3454 496 οἷς
3496 433 3757 506 ηὐλίζετο

486 526 629 600 apud
661 541 800 598 quos
835 533 1040 596 ageret,
1079 533 1134 581 et
1161 526 1228 580 ad
1259 540 1399 596 quos
1433 523 1789 594 confugisset,
1815 530 1868 578 et
1917 532 2066 590 post-

485 634 649 690 quam
683 617 766 672 bis
813 616 916 687 ipsi
959 617 1141 672 oblata
1189 623 1275 672 est
1321 615 1442 685 ejus
1481 611 1766 669 occidendi
1804 618 2068 682 opportu-

483 713 652 776 nitas,
693 717 825 764 tuuc
854 707 1073 777 quidem
1117 723 1242 765 cum
1283 706 1337 760 in
1367 707 1625 776 spelunca
1673 719 1739 758 ex
1774 701 2069 773 improviso

487 802 618 859 Saul
654 804 709 857 in
743 816 939 856 manus
971 799 1192 856 Davidis
1229 797 1535 861 incidisset,
1566 810 1763 850 rursus
1800 794 1857 848 in
1887 792 2071 848 taber-

485 897 719 960 naculo,
773 895 994 966 quando
1049 906 1243 947 somno
1297 891 1544 962 sepultus
1589 888 1836 959 jacebat;
1902 884 2067 939 David

487 1003 618 1046 vero
645 987 938 1043 dormienti
967 985 1163 1048 astitit,
1205 983 1427 1054 quando
1454 997 1670 1036 omnem
1706 979 1903 1034 licebat
1930 978 2066 1032 iram

487 1084 545 1138 in
583 1082 731 1140 caede
777 1080 863 1139 sui
903 1078 1273 1151 persecutoris
1326 1084 1686 1140 exsaturare;
1731 1087 1908 1142 neque
1953 1071 2069 1142 ipse

485 1191 684 1231 manus
720 1175 770 1230 ei
804 1173 1006 1236 attulit,
1048 1179 1101 1228 et
1127 1171 1204 1226 illi
1233 1170 1326 1242 qui
1385 1169 1454 1223 ad
1500 1168 1701 1224 caedem
1752 1165 2065 1227 festinabat,

487 1267 642 1331 illud,
682 1285 700 1318 ι
741 1265 820 1320 Ne
865 1261 1174 1334 disperdas,
1205 1280 1224 1314 ι
1263 1260 1434 1326 dixit;
1476 1258 1588 1314 Deo
1617 1258 1778 1328 digna
1815 1264 1901 1312 est
1935 1271 2064 1318 vox,

487 1376 609 1432 quae
636 1356 877 1413 hominis
901 1354 1182 1410 interitum
1211 1362 1378 1409 vetat.

556 1541 828 1608 Quocirca
857 1537 1324 1610 quemadmodum
1354 1536 1456 1602 illi,
1485 1535 1578 1606 qui
1615 1533 1944 1588 illustriores
1968 1545 2067 1585 no-

487 1641 572 1688 tas
610 1633 667 1686 in
718 1629 991 1701 lapidibus
1034 1629 1397 1697 exsculpunt,
1435 1627 1490 1680 in
1527 1623 1856 1696 profundum
1905 1622 2066 1676 caela-

485 1738 607 1782 tura
644 1723 892 1779 incidunt
935 1722 1332 1776 elementorum
1374 1719 1741 1774 characteres.
1787 1714 1929 1784 stylo
1969 1727 2064 1768 sae-

485 1818 612 1887 pius
649 1815 840 1871 formis
881 1813 1142 1880 inducto;
1187 1812 1268 1868 sic
1301 1817 1561 1882 perpetua
1595 1806 1918 1878 repetitione
1949 1805 2066 1875 Spi-

485 1910 628 1964 ritus
668 1915 916 1970 sanctus,
967 1906 1268 1976 planiorem
1308 1911 1362 1957 et
1402 1899 1862 1961 manifestiorem,
1906 1899 2064 1968 quasi

485 2001 539 2056 in
568 2001 821 2055 columna
847 1997 1125 2053 memoriae
1148 2003 1371 2061 nostrae,
1407 1992 1753 2064 magnificam
1782 1991 1941 2045 istam
1968 2003 2065 2044 vo-

484 2109 602 2147 cem
647 2091 858 2148 ellicere
899 2098 1152 2154 conatur,
1197 2097 1256 2141 ut
1299 2087 1448 2142 clare
1493 2092 1548 2140 et
1581 2085 1700 2140 sine
1743 2082 2067 2138 confusione

487 2184 818 2252 scripturam
867 2181 1010 2234 hanc
1044 2179 1202 2234 nobis
1243 2177 1596 2248 insculptam,
1637 2183 1881 2243 tempore
1915 2173 2064 2227 cala-

488 2274 738 2326 mitatum
787 2277 842 2325 et
887 2269 1360 2340 perturbationum
1406 2267 1651 2337 legamus
1699 2282 1714 2320 :
1760 2265 1863 2318 hoc
1918 2264 2065 2318 enim

489 2373 740 2420 sanctum
777 2360 1043 2433 Spiritum
1079 2361 1373 2416 consilium
1418 2365 1670 2428 spectare
1697 2355 1959 2419 arbitror,
2005 2361 2066 2408 ut

490 2457 747 2527 praeclare
779 2453 923 2508 facta
969 2461 1289 2508 sanctorum
1338 2451 1583 2504 virorum
1625 2450 1736 2504 sint
1779 2449 1834 2502 in
1883 2462 2066 2503 exem-

489 2550 659 2618 plum,
687 2554 742 2602 et
771 2546 929 2618 quasi
957 2544 1216 2600 ducatum
1244 2541 1539 2614 posteriori
1561 2541 1705 2603 vitae,
1737 2539 1805 2594 ad
1835 2538 2063 2594 similem

487 2639 858 2710 praestantiam
888 2635 1195 2690 imitatione
1221 2650 1332 2690 nos.
1350 2633 1636 2688 invitante.
1667 2630 1896 2698 Quando
1918 2629 2062 2685 enim

487 2732 556 2786 ad
584 2733 728 2801 ejus,
761 2730 856 2800 qui
893 2744 994 2784 nos
1030 2729 1111 2782 ira
1163 2727 1606 2788 inflatnmaverit,
1649 2725 1912 2779 ultionem
1954 2724 2068 2778 ani-

489 2837 612 2876 mus
637 2827 920 2885 exaestuat,
951 2827 1004 2874 et
1026 2819 1380 2874 excandescit
1406 2818 1583 2872 iratus
1605 2817 1828 2888 sanguis
1857 2817 2065 2871 circum

488 2913 810 2984 praecordia,
859 2913 916 2966 in
959 2912 1112 2965 illutn
1140 2911 1233 2981 qui
1278 2925 1380 2965 nos
1415 2909 1665 2964 molestia
1694 2906 1894 2974 affecit,
1936 2916 2068 2962 tunc

489 3007 555 3062 ad
599 3007 740 3060 hanc
767 3004 1104 3066 columnam,
1133 3016 1298 3072 quam
1345 3000 1589 3072 Spiritus
1619 3007 1850 3055 sanctus
1877 2998 2066 3054 Davidi

2169 523 2264 575 καὶ
2285 519 2366 586 οἷς
2393 523 2719 594 κατέφαγεν,
2748 524 2900 595 παρὰ
2915 525 3067 588 τίνας
3090 525 3198 593 εἴη,
3219 525 3311 578 καὶ
3334 525 3470 595 πρὸς
3493 526 3590 590 οὓς
3619 546 3756 594 μετ-

2169 613 2440 668 ανίστατο.
2507 615 2617 667 Kal.
2669 614 2854 684 ἐπειδὴ
2902 613 2983 676 δὶς
3029 613 3176 685 αὐτῷ
3222 615 3551 686 συνέδραμεν
3584 616 3618 685 ή
3651 617 3756 669 τοῦ

2170 703 2488 756 ἀποκτεῖναι
2515 703 2606 756 τὸν
2631 703 2822 773 ἐχθρὸν
2856 704 3128 774 εὐκαιρία,
3161 705 3255 758 νῦν
3280 705 3379 774 μὲν
3407 708 3464 759 ἐν
3495 705 3578 777 τῷ
3609 722 3761 778 σπη-

2168 792 2305 862 λαίῳ
2333 794 2654 861 άπροόπτως
2685 794 2779 847 τοῦ
2809 796 2982 848 Σαοὺλ
3022 799 3143 859 ταῖς
3168 796 3260 850 τοῦ
3289 796 3452 850 Δαθὶδ
3481 799 3764 868 ἐμπεσόν-

2169 902 2257 948 τος
2281 885 2492 956 χερσίν·
2525 886 2686 939 πάλιν
2715 887 2772 939 δέ
2801 887 2941 940 κατά
2965 886 3061 957 τὴν
3102 889 3326 959 σκηνὴν,
3362 890 3450 943 ὅτε
3478 891 3506 941 ό
3538 891 3644 960 μὲν
3673 891 3764 961 τῷ

2170 976 2322 1048 ῦπνῳ
2355 978 2589 1049 πάρετος
2616 975 2704 1049 ἦν,
2735 980 2764 1030 ὁ
2801 979 2857 1032 δὲ
2883 979 3046 1032 Δαόὶδ
3071 982 3382 1052 ἐφειστήκει
3409 981 3765 1048 καθεύδοντι,

2167 1068 2255 1123 ὅτε
2285 1071 2464 1124 πᾶσαν
2494 1069 2620 1140 ἐξῆν
2648 1069 2794 1140 αὐτῷ
2817 1069 2913 1141 τὴν
2944 1071 3113 1141 ὀργὴν
3139 1073 3195 1122 ἐν
3219 1070 3296 1140 τῷ
3329 1072 3474 1143 φόνῳ
3504 1061 3601 1126 τόῦ
3628 1074 3770 1126 διώ.

2169 1179 2355 1226 κοντος
2405 1163 2566 1216 αὐτὸν
2611 1163 3004 1234 ἀποπληρῶσαι
3027 1181 3041 1193 ⁸
3083 1163 3208 1217 οὐτε
3256 1165 3416 1227 αὐτὸς
3455 1165 3553 1235 τὴν
3589 1169 3769 1236 χεῖρα

2169 1255 2466 1325 ἐπήγαγεν,
2523 1257 2614 1308 καὶ
2670 1253 2746 1325 τῷ
2795 1254 2930 1324 πρὸς
2976 1254 3074 1325 τὴν
3119 1256 3396 1326 ἀναίρεσιν
3436 1256 3764 1322 σπεύδοντι,

2173 1363 2193 1394 ‹
2229 1344 2320 1415 Μὴ
2356 1345 2700 1419 διαφθείρῃς,
2723 1364 2742 1395 ι
2772 1344 2936 1413 λέγει.
2976 1345 3111 1399 Θεοῦ
3138 1364 3222 1410 τις
3252 1347 3509 1419 ἄντικρύς
3540 1348 3700 1401 ἐστιν
3724 1350 3767 1421 ἡ

2167 1431 2337 1502 φωνὴ,
2363 1432 2460 1503 τὴν
2494 1434 2698 1504 φθοράν
2730 1436 2822 1489 ἐπὶ
2845 1434 2938 1489 τοῦ
2968 1435 3256 1506 ἀνθρώπου
3280 1435 3587 1492 κωλύουσα.

2235 1523 2334 1576 Διὰ
2362 1522 2518 1577 τοῦτο
2542 1526 2791 1597 καθάπερ
2813 1528 2862 1582 οί
2889 1528 3265 1600 ἐπισημότερα
3293 1527 3575 1594 ποιοῦντες
3593 1529 3666 1584 τά
3699 1531 3770 1584 ἐν

2163 1618 2278 1678 τοῖς
2331 1614 2498 1678 λίθοις
2552 1617 2915 1688 χαράγματα,
2962 1621 3042 1682 είς
3097 1617 3259 1689 βάθος
3310 1620 3633 1690 ἐντέμνουσι
3682 1624 3766 1692 τῇ

2165 1707 2341 1780 γλυφῇ
2389 1711 2498 1764 τῶν
2549 1711 2825 1780 στοιχείων
2871 1712 2998 1775 τοὺς
3049 1713 3435 1785 χαρακτῆρας,
3484 1713 3769 1780 πολλάκις

2166 1801 2462 1870 ἐπάγοντες
2499 1802 2598 1875 τὴν
2639 1803 2878 1874 γραφίδα
2907 1805 3021 1868 τοῖς
3053 1804 3277 1875 τύποιςζ·
3314 1805 3487 1871 οὕτως
3525 1806 3618 1860 διὰ
3647 1808 3769 1878 τῆς

2169 1893 2423 1964 συνεχοῦς
2454 1895 2845 1968 ἐπαναλήψεως
2863 1936 2878 1960 ,
2910 1897 2972 1950 τὸ
2997 1895 3222 1970 Πνεῦμα
3259 1897 3320 1951 τὸ
3347 1898 3503 1967 ἅγιον
3532 1898 3767 1968 τρανῶς

2166 2005 2320 2059 τερον
2347 1989 2439 2042 καὶ
2466 1989 2685 2060 εὔδηλον
2713 1991 2772 2044 ἐν
2790 1993 2855 2062 τῇ
2883 1989 3053 2064 στήλῃ
3084 1993 3184 2063 τῆς
3211 1993 3432 2063 μνήμης
3459 1992 3623 2065 ήμῶν
3646 1993 3766 2065 τὴν

2171 2081 2411 2152 μεγάλην
2439 2081 2642 2150 ταύτην
2690 2082 2849 2155 ῥῆσιν
2894 2082 3148 2150 γενέσθαι
3192 2083 3602 2154 παρασκευάζει
3626 2101 3642 2114 ·
3669 2087 3764 2149 ὡς

2168 2171 2233 2224 ἂν
2252 2171 2448 2242 τρανόν
2464 2189 2524 2225 τε
2544 2174 2639 2227 καὶ
2657 2172 2959 2244 ἅσύγχυτον
2977 2175 3412 2246 ἐντετυπωμένον
3433 2178 3564 2247 ήμῖν
3584 2177 3762 2232 τοῦτο

2165 2264 2226 2316 τὸ
2253 2265 2484 2334 γράμμα
2507 2305 2522 2329 ,
2553 2267 2612 2318 ἐν
2649 2265 2728 2337 τῷ
2760 2265 2939 2338 καιρῷ
2967 2266 3076 2321 τῶν
3103 2267 3440 2339 παθημάτων
3471 2270 3758 2339 ἀναγινώ⁹

2168 2371 2369 2410 σκοιτο.
2396 2357 2538 2426 Πρὸς
2563 2356 2722 2411 τοῦτο
2743 2358 2853 2430 γάρ
2879 2355 3034 2429 οἶμαι
3060 2360 3160 2432 τὴν
3191 2362 3284 2414 τοῦ
3314 2362 3466 2430 ἁγίου
3492 2362 3759 2433 Πνεῦμα-

2165 2467 2257 2513 τος
2281 2451 2590 2520 οἰκονομίαν
2617 2454 2772 2524 όρᾷν,
2797 2452 2937 2506 ὥστε
2962 2452 3031 2507 τὰ
3062 2453 3399 2525 προλαϐόντα
3428 2455 3538 2508 τῶν
3573 2457 3758 2524 ἁγίων

2167 2543 2376 2611 ἀνδρῶν
2410 2543 2810 2615 κατορθώματα
2835 2587 2849 2609 ,
2887 2547 2966 2610 εἰς
3023 2547 3245 2617 ὁδηγίαν
3288 2549 3609 2620 προκεῖσθαι
3669 2551 3756 2621 τῷ

2172 2634 2309 2701 μετά
2344 2635 2517 2688 ταῦτα
2552 2634 2652 2706 βίῳ
2677 2678 2690 2700 ,
2717 2638 2852 2708 πρὸς
2883 2638 2944 2690 τὸ
2978 2637 3090 2690 ἴσον
3117 2655 3176 2691 τε
3208 2640 3299 2691 καὶ
3325 2641 3508 2710 ὅμοιον
3537 2641 3752 2709 ἀγαθὸν

2170 2725 2517 2798 προαγούσης
2535 2729 2683 2798 ἡμᾶς
2707 2731 2812 2800 τῆς
2840 2730 3143 2799 μιμήσεως.
3166 2731 3362 2785 Ὅτ³ἂν
3379 2731 3485 2803 γὰρ
3498 2732 3748 2804 διοιδήσῃ

2168 2815 2307 2886 πρὸς
2338 2817 2438 2886 τὴν
2489 2816 2583 2870 τοῦ
2639 2816 3030 2886 παροξύνοντος
3075 2821 3288 2890 ἄμυναν
3321 2824 3354 2892 ή
3412 2822 3551 2891 ψυχὴ
3578 2863 3595 2887 ,
3649 2823 3754 2876 καὶ

2169 2905 2302 2978 ζ’ἐσῃ
2329 2907 2406 2978 τῷ
2441 2907 2594 2980 θυμῷ
2637 2909 2697 2961 τὸ
2728 2910 3073 2982 περικάρδιον
3105 2906 3243 2982 αἷμα
3288 2913 3428 2966 κατά
3450 2913 3543 2966 τοῦ
3591 2914 3753 2966 λελυ-

2169 3000 2406 3071 πηκότος
2432 3039 2446 3063 ,
2473 3001 2594 3054 τότε
2632 3002 2769 3072 πρὸς
2799 3003 3004 3073 ταύτην
3030 3020 3113 3066 τις
3159 3005 3466 3073 ἀναϐλέψας
3484 3005 3582 3076 τὴν
3620 3009 3752 3076 στή-

487 3100 681 3160 erexit,
735 3093 1056 3165 respiciens,
1108 3098 1164 3147 et
1213 3091 1379 3146 verba
1425 3091 1480 3144 in
1535 3091 1625 3144 illa
1673 3090 1900 3161 scripta,
1947 3104 2066 3161 quae

2174 3092 2294 3162 λην,
2325 3094 2391 3165 ἣν
2427 3094 2488 3147 τὸ
2525 3094 2678 3163 ἅγιον
2709 3094 2933 3166 Πνεῦμα
2955 3096 3034 3166 τῷ
3057 3096 3221 3150 Δαὸὶδ
3246 3098 3584 3168 άνεστήσατο
3604 3137 3619 3160 ,
3653 3099 3753 3151 καὶ

491 3187 660 3242 David
705 3202 805 3257 pro
847 3187 933 3240 sui
981 3181 1352 3239 interfectoris
1396 3182 1774 3237 incolumitate
1817 3182 2064 3253 protulit,

492 3282 775 3352 relegens,
830 3275 1214 3348 tranquillabit
1273 3275 1500 3330 omnino
1557 3274 1853 3328 tumultum
1914 3274 2067 3328 illum

489 3373 908 3447 cogitationum,
953 3385 1075 3442 qua!
1124 3371 1180 3424 in
1230 3368 1417 3422 animo
1459 3368 1830 3433 exstiterunt;
1875 3376 2068 3438 pacata

489 3466 637 3521 omni
663 3462 1094 3535 perturbatione,
1128 3459 1403 3515 desiderio
1440 3459 1768 3514 imitationis
1804 3467 1912 3512 tam
1942 3458 2070 3514 insi-

491 3557 678 3629 gnium
729 3553 1057 3608 facinorum.
1095 3551 1266 3605 Porro
1311 3551 1744 3623 magnitudinem
1789 3549 2069 3621 profectus

488 3649 611 3718 ejus
645 3647 739 3716 qui
778 3659 943 3716 super
979 3644 1143 3713 hujus
1181 3643 1375 3713 psalmi
1419 3641 1649 3714 gradum
1699 3641 1968 3704 ascendit.
2001 3658 2066 3696 ex

490 3738 626 3808 ipsis
654 3733 841 3790 itidem
883 3733 1084 3804 psalmi
1119 3732 1303 3787 verbis
1353 3731 1666 3802 perspicere
1711 3732 1859 3794 licet,
1895 3746 2071 3800 quan-

489 3837 604 3881 Iunt
647 3826 901 3882 videlicet
940 3825 1314 3895 magnitudine
1370 3831 1425 3878 et
1452 3823 1768 3879 excelsitate
1821 3822 2071 3892 superio-

487 3937 600 3978 rem
649 3926 941 3990 exsuperet
981 3938 994 3972 :
1029 3933 1138 3972 non
1167 3917 1312 3970 enim
1359 3917 1597 3987 amplius
1629 3932 1688 3971 se
1717 3917 1785 3969 ah
1829 3915 2070 3970 inimicis

493 4011 814 4068 conculcari
863 4011 1244 4082 conqueritur,
1295 4026 1471 4080 neque
1529 4009 1964 4064 misericordiam
2013 4008 2068 4061 in

489 4104 798 4160 subsidium
831 4101 1086 4166 advocat,
1123 4102 1218 4158 sed
1263 4103 1320 4156 in
1365 4103 1534 4156 altum
1581 4111 1825 4166 evectus,
1861 4101 2010 4155 velut
2037 4114 2068 4153 e

491 4195 716 4266 specula
766 4193 1005 4265 quadam
1049 4195 1291 4257 excelsa,
1339 4194 1427 4248 his
1478 4194 1570 4264 qui
1622 4192 1764 4247 infra
1815 4195 1870 4245 in
1902 4191 2068 4261 hujus

491 4289 747 4343 humanae
779 4288 903 4342 vita:
934 4286 1169 4341 vallibus
1199 4286 1426 4356 degunt,
1462 4283 1913 4354 reprehensionis
1950 4299 2069 4336 mo—

2169 3186 2267 3257 τὴν
2295 3187 2352 3238 ἐν
2381 3185 2530 3257 αὐτῷ
2575 3187 2759 3258 φωνὴν
2798 3188 3064 3257 ἀναγνοὺς
3091 3227 3104 3252 ,
3124 3189 3191 3259 ἢν
3231 3191 3259 3242 ό
3292 3188 3454 3242 Δασιδ
3479 3190 3626 3260 ὑπὲρ
3653 3190 3754 3242 τοῦ

2169 3278 2438 3347 φονῶντος
2487 3278 2786 3348 ἐφθέγξατο
2818 3296 2832 3310 ·
2868 3281 3254 3354 καταστορέσει
3301 3282 3520 3346 πάντως
3549 3283 3654 3353 τὴν
3693 3286 3756 3335 ἐν

2167 3373 2234 3441 τῇ
2255 3370 2398 3442 ψυχῇ
2418 3372 2525 3424 τῶν
2546 3371 2822 3443 λογισμῶν
2843 3375 3105 3446 ταραχὴν,
3131 3374 3278 3445 πόθῳ
3296 3377 3396 3446 τῆς
3413 3376 3522 3427 τῶν
3543 3376 3755 3447 ὁμοίων

2172 3464 2454 3534 μιμήσεως
2487 3464 2890 3534 καταπραΰνων
2942 3465 3002 3516 τὸ
3048 3464 3238 3529 πάθος.
3281 3467 3520 3538 Πάρεστι
3575 3467 3636 3520 δὲ
3691 3469 3758 3522 τὸ

2172 3552 2398 3624 μέγεθος
2426 3551 2520 3604 τοῦ
2548 3551 2636 3605 διὰ
2657 3556 2938 3623 προκοπῆς
2965 3554 3056 3607 ἐπὶ
3078 3553 3169 3607 τὸν
3201 3553 3409 3626 βαθμὸν
3435 3559 3535 3626 τῆς
3562 3555 3758 3626 ψαλμσξ-

2171 3642 2334 3713 ῳδίας
2383 3641 2584 3712 ταύτης
2632 3643 3065 3712 ἀναϐεϐηκότος,
3099 3646 3193 3698 καὶ
3247 3646 3314 3700 δι’
3381 3646 3562 3699 αὐτῶν
3611 3665 3754 3700 κατ-

2172 3734 2298 3786 ιδεῖν
2325 3733 2433 3787 τῶν
2461 3733 2560 3804 τῆς
2572 3733 2889 3805 ψαλμῳδίας
2919 3738 3197 3807 ῥημάτων,
3226 3738 3350 3790 ὅσον
3375 3739 3472 3791 τοῦ
3497 3758 3759 3810 παρῳχηο

2169 3825 2324 3888 κότος
2353 3826 2616 3896 μεγέθους
2647 3830 3102 3899 ὐπερανέστησεν.
3141 3830 3337 3882 Οὐκέτι
3374 3831 3485 3903 γάρ
3516 3832 3647 3885 οὔτε
3689 3834 3758 3884 τὸ

2168 3917 2456 3970 πατεῖσθαι
2487 3917 2637 3989 παρὰ
2666 3919 2774 3970 τῶν
2801 3918 3011 3990 ἐχθρῶν
3038 3920 3298 3984 αἰτιᾶται,
3326 3919 3450 3973 οὔτε
3480 3922 3572 3974 τὸν
3599 3923 3759 3975 ἔλεον

2168 4011 2246 4072 εἰς
2277 4010 2589 4080 συμμαχίαν
2612 4009 2920 4078 ἐφέλκεται,
2949 4011 3062 4064 ἀλλ’
3086 4013 3198 4066 ἄνω
3217 4013 3535 4084 γενόμενος,
3557 4014 3759 4087 ῶσπερ

2168 4101 2231 4153 ἐκ
2264 4118 2407 4164 τινος
2436 4101 2647 4172 ὑψηλῆς
2679 4104 2911 4166 σκοπιᾶς
2934 4144 2949 4166 ,
2979 4105 3094 4166 τοῖς
3127 4104 3278 4158 κάτω
3303 4105 3444 4160 κατά
3483 4106 3552 4160 τά
3595 4109 3761 4162 κοῖλα.

2166 4195 2266 4263 τῆς
2309 4191 2404 4244 τοῦ
2455 4191 2570 4262 βίου
2626 4192 2734 4247 τῶν
2789 4193 3093 4267 ἀνθρώπων
3147 4196 3426 4267 ὑπωρείας
3471 4199 3760 4268 διάγουσιν

2168 4284 2495 4353 ἐλεγκτικῶς
2520 4284 2692 4356 ἐμϐοᾷ
2720 4286 2892 4339 ταῦτα
2919 4285 3114 4355 λέγων’
3137 4283 3210 4340 Ὦ
3247 4287 3546 4360 ἄνθρωποι,
3571 4309 3623 4343 τι
3654 4292 3760 4345 λα-

488 4381 558 4435 do
601 4380 706 4436 ista
747 4380 960 4433 intonat
992 4397 1004 4436 :
1037 4377 1223 4433 licus!
1260 4378 1540 4442 mortales,
1575 4376 1706 4446 quid
1744 4374 2066 4445 loquimini?

2171 4375 2309 4428 λεῖτε
2340 4376 2431 4428 καὶ
2471 4377 2737 4446 πράττετε
2764 4394 2778 4441 ;
2818 4373 2927 4448 ἆρα
2961 4377 3272 4450 δικαιοσύνη
3307 4380 3424 4434 ἐστὶ
3457 4381 3520 4435 τὸ
3558 4381 3762 4436 λαλού-

488 4471 621 4543 quid
655 4471 881 4525 facitis?
918 4485 1048 4524 num
1073 4469 1306 4538 justitia:
1337 4477 1606 4522 consonat
1641 4469 1692 4522 id
1715 4468 1860 4538 quod
1893 4467 2066 4538 loqui-

2181 4485 2373 4540 μενον;
2415 4468 2523 4540 ἄρα
2565 4469 2632 4522 δι’
2682 4469 2975 4540 εὐθύτητος
3022 4472 3124 4543 τὴν
3173 4473 3357 4544 κρίσιν
3407 4473 3757 4542 προσάγετε;

488 4563 662 4618 mini?
689 4579 819 4618 num
844 4570 1053 4618 rectum
1076 4561 1343 4632 judicium
1379 4561 1699 4616 instituitis?
1719 4561 1881 4629 Atqui
1909 4561 2068 4616 video

488 4663 672 4710 vestra
705 4653 872 4708 corda
915 4653 969 4706 in
1022 4659 1169 4706 terra
1203 4666 1348 4710 esse,
1395 4651 1686 4721 omnisque
1737 4651 1965 4722 agitatio
2014 4661 2069 4707 et

490 4746 660 4801 motio
691 4745 876 4800 cordis
914 4759 1054 4813 opus
1085 4752 1190 4805 est,
1223 4759 1330 4798 non
1368 4744 1658 4814 cogitatio;
1697 4744 1861 4800 simul
1903 4755 2067 4818 atque

489 4838 692 4892 malum
736 4844 934 4892 vestra:
985 4835 1154 4888 menti
1207 4836 1472 4899 occurrit,
1525 4837 1882 4906 conjungitur
1926 4852 2066 4907 opus

487 4946 612 4984 cum
665 4927 1128 4999 cogitationibus,
1177 4943 1390 4981 summa
1445 4929 1727 4982 celeritate
1777 4944 2062 4985 manuum.

486 5027 613 5082 llaec
648 5037 715 5077 ex
746 5021 960 5091 psalmo
993 5019 1261 5075 claritatis
1293 5035 1460 5074 causa
1493 5021 1655 5077 latius
1684 5021 1933 5074 nonnihil
1965 5036 2064 5075 ex-

489 5119 712 5186 planare
739 5115 910 5169 volui.
948 5111 1130 5169 Verba
1163 5113 1243 5166 sic
1276 5129 1335 5167 se
1377 5113 1618 5168 habent:
1663 5131 1682 5165 ι
1719 5112 1776 5166 Si
1804 5129 1934 5167 vere
1959 5113 2066 5166 uti-

485 5222 593 5276 que
615 5206 889 5276 justitiam
921 5204 1240 5274 loquimini,
1268 5210 1418 5258 recte
1447 5203 1712 5272 judicate,
1757 5202 1850 5257 filii
1894 5204 2066 5258 homi-

486 5307 640 5351 num.
677 5295 893 5350 Etenim
938 5296 997 5351 in
1041 5295 1206 5350 corde
1259 5294 1576 5364 iniquitates
1618 5294 1961 5363 operamini;
2007 5293 2063 5347 in

486 5397 635 5444 terra
668 5389 916 5458 justitias
947 5403 1144 5440 manus
1171 5395 1368 5440 vestra:
1407 5387 1761 5441 concinnant.
1801 5405 1820 5437 ›
1861 5385 2065 5439 Deinde

485 5480 782 5548 deplorans
818 5495 913 5534 eos
940 5479 1031 5548 Qui
1056 5493 1085 5530 a
1116 5478 1293 5532 salute
1337 5477 1676 5543 exciderant,
1701 5476 1816 5531 hate
1843 5477 2068 5547 subjun-

493 5563 606 5632 git:
644 5588 663 5622 ‹
712 5571 944 5625 Alienati
973 5579 1100 5624 sunt
1131 5578 1448 5639 peccatores
1477 5584 1506 5622 a
1537 5570 1715 5623 vulva.
1757 5589 1774 5619 ι

564 5751 689 5807 llaec
750 5753 1103 5817 intellexeris,
1173 5755 1216 5807 si
1269 5753 1536 5822 inquiras,
1590 5738 1838 5822 quit-nam
1886 5755 2056 5822 prima

2170 4560 2279 4612 Kal.
2312 4559 2418 4630 μὴν
2459 4557 2569 4628 ὁρῶ
2593 4560 2676 4613 ὅτι
2728 4563 2787 4613 ἐν
2836 4563 2905 4632 γῇ
2943 4561 3043 4631 μὲν
3070 4562 3222 4632 ὑμῶν
3250 4565 3389 4617 εἰσιν
3419 4567 3476 4618 αἱ
3505 4565 3756 4635 καρδίαι,

2169 4652 2265 4704 καὶ⁹
2316 4652 2426 4704 πᾶν
2481 4651 2768 4726 ἐγκάρδιον
2819 4652 3060 4722 κίνημα,
3121 4653 3280 4724 ἔργον
3333 4654 3452 4708 ἐστὶ
3507 4657 3605 4709 καὶ
3631 4659 3762 4728 οὐχὶ

2168 4745 2366 4815 νόημα.
2399 4743 2574 4808 Εὐθὺς
2597 4746 2706 4816 γὰρ
2732 4744 2869 4816 όμοῦ
2896 4746 2974 4817 τῷ
3008 4747 3269 4817 συστῆναι
3298 4747 3359 4801 τὸ
3386 4750 3560 4803 κακὸν
3602 4753 3664 4804 ἐν
3688 4755 3759 4824 τῇ

2168 4835 2407 4906 διανοίᾳ,
2439 4835 2813 4905 συμπλέκεται
2840 4837 2901 4888 τὸ
2944 4836 3106 4907 ἔργον
3141 4836 3229 4890 διά
3261 4837 3370 4891 τῶν
3401 4837 3604 4909 χειρῶν
3641 4845 3762 4907 τοῖς

2168 4928 2456 4998 νοήμασιν.
2487 4927 2674 4981 Ταῦτα
2701 4927 2998 4998 σαφηνείας
3029 4931 3192 5001 χάριν
3213 4970 3228 4995 ,
3273 4931 3468 5001 μικρόν
3494 4948 3547 4984 τι
3575 4949 3764 5001 παρα-

2171 5021 2385 5089 φράσας
2439 5022 2538 5090 τῆς
2588 5019 2866 5091 ψαλμικῆς
2918 5020 3159 5088 λέξεως,
3218 5022 3482 5094 ἐξεθέμην
3531 5025 3762 5095 ῥήματα

2171 5113 2360 5182 ἔχοντα
2396 5111 2590 5175 οὕτως·
2621 5133 2640 5163 ι
2661 5113 2723 5166 Εἰ
2753 5113 2970 5182 ἀληθῶς
2999 5115 3108 5186 ἄρα
3135 5114 3482 5186 δικαιοσύνην
3514 5115 3760 5179 λαλεῖτε,

2171 5203 2385 5267 εὐθείας
2415 5205 2650 5275 κρίνετε,
2667 5205 2889 5258 υἱοὶτῶν
2913 5205 3237 5277 ἀνθρώπων.
3263 5207 3368 5260 Καὶ
3402 5206 3511 5276 γάρ
3533 5210 3594 5260 ἐν
3619 5225 3762 5280 καρ-

2170 5297 2258 5367 δία
2297 5297 2526 5367 ἀνομίαν
2577 5297 2872 5366 ἐργάζεσθε
2911 5300 2970 5350 ἐν
2996 5301 3060 5369 τῇ
3092 5302 3198 5371 γῇ,
3227 5300 3439 5353 ἀδικίαν
3488 5301 3546 5352 αί
3575 5305 3761 5371 χεῖρες

2173 5386 2325 5455 ὐμῶν
2352 5387 2774 5458 συμπλέκουσιν.
2805 5409 2822 5440 ι
2856 5384 2988 5443 Εἶτα
3016 5390 3212 5458 ἐπάγει
3247 5391 3579 5460 σχετλιάζων
3616 5392 3758 5460 ὑπὲρ

2171 5477 2279 5531 τῶν
2327 5480 2426 5550 τῆς
2473 5480 2748 5551 σωτηρίας
2788 5481 3222 5536 ἐκπεπτωκότων
3273 5483 3372 5545 τὰς
3409 5483 3550 5550 μετὰ
3582 5482 3756 5536 ταῦτα

2173 5571 2376 5640 φωνάς,
2397 5591 2414 5623 ι
2453 5571 3019 5644 ’Δπηλλοτριώθησαν,
3040 5592 3058 5624 ι
3091 5573 3284 5641 λέγων,
3324 5593 3340 5624 ι
3365 5575 3415 5627 of
3438 5575 3756 5645 ἁμαρτωλοὶ

2170 5661 2278 5716 ἀπὸ
2301 5663 2512 5733 μήτρας
2531 5701 2545 5725 ,
2575 5663 2666 5715 καὶ
2701 5663 2808 5715 ἀπὸ
2837 5665 2934 5734 τῆς
2965 5663 3202 5735 γαστρὸς
3224 5663 3632 5734 ἐπλανήθησαν.
3661 5685 3678 5716 ι

2266 5755 2452 5825 Γνοίης
2479 5755 2524 5808 δ’
2555 5755 2618 5809 ἂν
2648 5756 2708 5808 τὸ
2735 5756 3026 5826 λεγόμενον
3065 5758 3327 5824 ἐξετάσας
3353 5759 3437 5822 τίς
3479 5763 3512 5829 ἡ
3560 5759 3750 5831 πρώτη
