3870 6220
166 339 276 396 595

1571 351 1640 409 IN
1674 351 2013 416 PSALMOS.

3323 375 3431 432 σοι

159 461 272 530 τῆς
297 457 647 530 ἀνθρωπίνης
667 461 982 530 συστάσεως
1005 466 1208 540 μήτρα,
1235 471 1330 525 καὶ
1354 470 1440 535 τίς
1479 471 1692 544 γαστὴρ
1717 474 1750 543 ἡ

1866 476 2108 531 humanae
2133 479 2550 549 compositionis
2577 483 2736 554 quasi
2767 483 2963 540 matrix
2999 486 3184 556 fuerit,
3220 499 3274 548 et
3303 496 3428 563 quis

161 551 556 622 κυοφορήσασα
582 553 643 606 τὸ
686 554 1013 627 ἀθρώπινον.
1045 555 1210 633 Οῐμαι
1236 562 1345 634 γὰρ
1380 564 1454 636 μὴ
1482 565 1650 637 ἄλλην
1678 561 1756 619 εἷ-

163 657 255 693 ναι
282 641 435 728 παρὰ
455 643 557 713 τὴν
583 643 677 697 τοῦ
707 643 844 699 Θεοῦ
866 648 1276 722 φιλανθρωπίαν
1302 654 1396 707 καὶ
1421 655 1753 728 ἁγαθότητα,

160 729 263 799 ἀφ’
282 725 353 802 ἦς
380 730 734 804 ὲπλάσθημέν
761 751 822 788 τε
871 738 964 790 καὶ
1007 739 1397 813 ἐγεννήθημεν.
1433 741 1600 799 Εἶπεν
1623 725 1753 818 γάρ’

169 840 188 871 ι
204 821 536 893 Ποιήσωμεν
559 823 848 896 ἄνθρωπον
874 830 994 881 κατ’
1014 831 1198 885 εἰκόνα
1221 833 1608 906 ἡμετέραν,κα“ι
1633 837 1757 891 καθ’

164 912 450 982 ὁμοίωσιν,
471 929 494 965 ι
511 913 762 981 όπλάσας
774 921 1088 990 καταμόνας
1118 922 1218 987 τὰς
1249 925 1475 997 καρδίας
1543 931 1743 985 αὐτῶν.

99 1067 103 1070 _
167 1004 282 1058 Kal
305 1003 469 1058 πάλιν
501 1007 668 1078 φησίν
686 1023 701 1040 ⁸
737 1029 757 1062 ι
776 1010 930 1076 Υίοὺς
960 1014 1223 1085 ἐγέννησα
1252 1019 1344 1071 καὶ
1374 1019 1584 1090 liti/tetra,
1604 1013 1759 1078 αὐτοὶ

168 1093 227 1146 δέ
266 1111 337 1165 με
388 1095 683 1167 ἠθέτησαν.
713 1112 733 1152 ι
770 1102 880 1156 Kal
921 1106 1120 1174 μυρίας
1148 1106 1265 1162 εστὶ
1290 1112 1543 1178 τοιαύτας
1577 1116 1759 1184 φωνὰς

169 1185 236 1239 ὲκ
275 1187 380 1258 τῆς
426 1188 587 1258 ἁγίας
618 1190 842 1265 Γραφῆς
868 1195 1262 1262 ἀναλέξασθαι,
1295 1201 1362 1254 δι’
1394 1197 1470 1257 ὧν
1501 1206 1759 1274 ἐπιγινώ-

173 1293 386 1342 σκεται,
420 1279 562 1351 τίςή
590 1282 847 1338 πλάσασα
873 1287 1022 1357 ἡμᾶς
1045 1292 1259 1363 γαστὴρ
1278 1331 1293 1355 ,
1321 1294 1415 1346 καὶ
1448 1294 1529 1358 τίς
1559 1299 1591 1368 ἡ
1631 1300 1762 1369 «μή-

168 1385 277 1459 τηρ
310 1370 345 1440 ὴ
395 1371 474 1459 εἰς
503 1373 618 1441 φῶς
645 1379 1034 1446 προαγαγοῦσα
1066 1382 1154 1436 διὰ
1198 1383 1519 1456 γεννήσεως.
1555 1405 1574 1439 ι
1616 1389 1761 1459 Πρὸς

167 1458 348 1513 ταῦτα
374 1457 467 1514 οὖν
499 1462 714 1532 βλέπων
737 1469 767 1520 ό
795 1469 1124 1539 σχετλιάζων
1151 1475 1244 1527 ἐπὶ
1274 1477 1341 1548 τῇ
1381 1478 1625 1551 ἀπωλείᾳ
1651 1457 1760 1533 τῶν

167 1551 591 1623 ἀφεστηκότων,
626 1557 910 1628 ὀδύρεται·
938 1561 1134 1633 θρῆνος
1172 1565 1279 1637 γὰρ
1325 1568 1583 1642 ἄντικρύς
1615 1573 1760 1625 ἐστιν

169 1644 204 1713 ἡ
238 1645 418 1715 φωνὴν
450 1647 518 1699 δι’
548 1644 617 1720 ἧς
652 1652 781 1714 τοὺς
808 1653 1171 1724 ἁμαρτωλοὺς
1207 1658 1547 1731 ὀλοφύρεται.
1583 1680 1603 1713 ι
1637 1655 1762 1725 Πῶς

167 1734 618 1808 ⁴ὴλλο-ιτριιίλθησαν
641 1741 692 1793 oi
721 1743 1037 1815 ἁμαρτωλοὶ
1060 1747 1167 1800 ἀπὸ
1189 1754 1431 1820 μήτρας;
1471 1772 1488 1803 ι
1515 1752 1631 1817 πῶς
1652 1752 1760 1807 ἀπὸ

1856 574 2069 632 venter,
2095 569 2189 638 qui
2233 570 2535 629 humanum
2584 591 2758 646 genus
2796 579 3016 647 tulerit;
3056 597 3233 652 neque
3281 587 3426 638 enim

1856 658 2022 713 alium
2055 676 2180 717 esse
2229 663 2471 722 arbitror
2524 676 2720 738 praeter
2754 671 3140 742 benignitatem
3186 687 3239 731 et
3272 677 3432 732 boni-

1854 758 2021 806 tatem
2049 751 2170 817 Dei,
2221 770 2252 810 a
2283 772 2392 826 qua
2437 758 2551 813 ﬁcti
2602 769 2655 814 et
2717 765 2970 832 prognati
3014 780 3206 821 sumus
3285 766 3432 822 Dixit

1855 844 2039 914 enim;
2095 861 2114 898 ι
2140 844 2430 904 Faciamus
2459 849 2739 908 hominem
2781 855 3086 911 secundum
3111 859 3429 929 'imaginem

1855 943 1910 990 et
1963 935 2380 995 similitudinem
2439 946 2778 1011 nostram",i‘
2819 949 2911 1018 qui
2960 931 3117 1004 ﬁnxit
3150 953 3428 1021 sigillatim

1854 1029 2020 1084 corda
2054 1045 2269 1086 eorum.
2355 1033 2571 1093 Rursus
2599 1040 2674 1093 ait
2708 1060 2720 1093 .-
2760 1039 2968 1096 «Filios
3005 1045 3168 1112 genui
3200 1053 3254 1098 et
3283 1044 3432 1098 exal-

1856 1120 1989 1178 tavi,
2040 1118 2147 1189 ipsi
2191 1136 2320 1176 vero
2371 1137 2458 1178 me
2507 1113 2921 1195 spreverunt“?
2944 1139 2997 1185 et
3029 1131 3240 1186 inﬁnita
3265 1132 3432 1202 hujus

1857 1209 2073 1279 generis
2099 1227 2166 1267 ex
2189 1213 2362 1269 sacris
2387 1213 2606 1272 Litteris
2636 1219 2890 1290 colligere
2907 1222 3051 1287 licet,
3079 1223 3283 1293 quibus
3317 1237 3433 1278 ma-

1859 1299 2120 1356 nifestum
2151 1301 2437 1368 reddatur,
2462 1307 2717 1377 quisnam
2750 1311 2822 1364 sit
2847 1319 3036 1366 Venter
3067 1315 3159 1383 qui
3200 1330 3302 1368 nos
3331 1314 3435 1368 ﬁn-

1861 1391 2444 1463 xit,etquae«matrix,
2482 1411 2603 1467 qua:
2634 1399 2692 1453 in
2738 1400 2917 1455 lucem
2972 1417 3071 1458 nos
3118 1405 3436 1475 generando

1861 1479 2088 1541 edidit.»
2109 1481 2408 1555 Htecigitur
2438 1488 2796 1546 considerans
2821 1492 2932 1556 ille,
2961 1494 3054 1564 qui
3076 1495 3147 1549 ob
3178 1495 3439 1566 perditio-

1863 1584 1984 1624 nem
2015 1570 2301 1628 hominum
2346 1591 2377 1630 a
2404 1576 2514 1634 Deo
2570 1578 2994 1636 desciscentium
3049 1584 3216 1655 luget,
3261 1587 3316 1640 in
3366 1587 3438 1640 la-

1870 1670 2056 1716 menta
2085 1666 2368 1736 erumpit;
2399 1684 2524 1724 nam
2559 1671 2969 1730 lamentationis
2998 1677 3176 1732 instar
3220 1685 3301 1733 est
3332 1695 3436 1733 vos

1865 1752 1978 1817 illa,
2013 1769 2120 1825 qua
2149 1765 2465 1826 peccatores
2505 1761 2754 1832 deplorat
2792 1781 2808 1818 :
2838 1783 2857 1816 ‹
2883 1769 3170 1832 Quomodo
3214 1770 3434 1824 alienati

166 1828 271 1898 τῆς
292 1829 530 1899 γαστρὸς
559 1831 962 1922 ἐπλανήθησαν,
981 1836 1040 1889 τὸ
1069 1838 1125 1892 δὲ
1146 1838 1342 1909 ψεῦδος
1371 1842 1479 1914 πρὸ
1507 1844 1606 1915 τῆς
1627 1845 1758 1915 ἀλη-

1866 1853 1993 1899 sunt
2009 1851 2329 1915 peccatores
2355 1865 2385 1904 a
2419 1843 2645 1902 vulva’?
2666 1855 2978 1922 aquomodo
3008 1859 3076 1912 ab
3112 1868 3268 1914 utero
3285 1876 3438 1915 erra-

168 1917 328 1982 θείας
359 1923 722 1993 τιμήσαντες,
750 1920 826 1981 ὧν
853 1929 882 1981 ὁ
919 1929 1091 2000 θυμὸς
1135 1933 1272 2003 πρὸς
1307 1934 1396 1988 τὸν
1421 1937 1628 2008 πατέρα
1666 1937 1759 1991 τοῦ

165 2009 403 2078 ψεύδους
452 2015 546 2069 τὸν
600 2017 816 2088 πρῶτον
861 2020 973 2092 ἔχει
1020 2023 1118 2094 τὴν
1168 2027 1483 2098 ὁμοιότητας
1543 2048 1562 2080 ι
1617 2030 1763 2084 Ὡσεὶ

167 2105 456 2168 ἀσπίδος.»
491 2110 673 2179 φησὶν,
711 2129 731 2162 ι
751 2115 940 2185 κωφῆς
965 2117 1059 2168 καὶ
1086 2115 1320 2188 βυούσης
1344 2119 1411 2173 τὰ
1428 2114 1544 2174 ὦτα
1570 2123 1758 2191 αὐτῆς,

166 2197 296 2266 ἥτις
362 2197 462 2251 οὐκ
502 2201 883 2257 εἰσακούσεται
928 2208 1112 2278 φωνὴν
1153 2209 1492 2280 ἐπᾳδόντων,
1537 2231 1760 2286 φαρμα-

167 2287 270 2338 κοῦ
323 2303 384 2341 τε
436 2294 902 2364 φαρμακευομὲνη
933 2297 1085 2366 παρὰ
1133 2300 1320 2368 σοφοῦ.
1353 2319 1371 2352 ι
1412 2301 1627 2374 Ταύτην
1654 2303 1762 2377 γὰρ

167 2377 352 2433 ὲνίδον
381 2378 473 2432 τοῦ
516 2381 706 2454 θηρίου
744 2384 842 2456 τὴν
889 2387 1051 2455 φύσιν
1079 2391 1128 2443 οί
1171 2393 1301 2462 περὶ
1345 2393 1520 2448 ταῦτα
1573 2397 1759 2466 σοφοί’

166 2471 258 2523 ὅτι
312 2470 488 2542 θυμὸν
537 2472 1034 2548 διαπιμπραμένη,
1095 2483 1402 2553 ἀποκρατεῖ
1449 2486 1512 2540 τὸ
1547 2488 1764 2561 πνεῦμα

166 2565 242 2634 τῇ
274 2563 554 2634 φάρυγγι,
599 2569 694 2622 καὶ
734 2568 797 2622 οὐ
845 2573 1129 2643 προΐεται,
1185 2577 1356 2631 ἀσκοῦ
1391 2578 1546 2652 δίκην
1578 2584 1644 2654 τῇ
1669 2582 1762 2636 τοῦ

169 2654 491 2726 πνεύματος
539 2658 597 2710 ὲν
628 2659 896 2732 ἀπολήψει
936 2665 1404 2736 περιοιδαίνουσα,
1463 2670 1539 2734 ὡς
1587 2671 1763 2726 πάντα

169 2746 263 2797 ἐπ’
310 2746 484 2818 αὐτῆς
532 2749 682 2822 ἀργὰ
734 2753 917 2823 μένειν
968 2757 1064 2810 καὶ
1095 2757 1385 2829 ἄπρακτα,
1428 2762 1528 2816 ὅσα
1561 2764 1764 2838 θηρίων

170 2836 453 2913 θέλγητρα
480 2840 569 2896 διά
619 2858 764 2907 τινος
801 2849 1036 2919 φυσικῆς
1081 2851 1433 2917 ἀντιπαθείας
1469 2836 1764 2929 παρὰήτῶν

169 2929 247 2981 τὰ
279 2929 505 2984 τοιαῦτα
533 2932 714 3002 σοφῶν
741 2935 1028 3010 ἐξηυρέθη.
1055 2939 1221 2994 Νοείν
1239 2942 1296 2995 δὲ
1325 2942 1506 2999 δίδωσι
1531 2946 1619 3001 διὰ
1643 2949 1765 3002 τού-

169 3037 308 3087 των,
340 3022 422 3076 ὅτι
454 3025 685 3096 ἀνήκοος
723 3028 873 3098 μένει
900 3029 1009 3084 τῶν
1051 3032 1110 3086 ὲν
1134 3035 1305 3107 κακίᾳ
1338 3040 1764 3111 κεκρατημένων

169 3115 210 3185 ἡ
234 3115 456 3186 καρδία,
483 3121 582 3189 τῆς
603 3120 754 3192 παρὰ
784 3122 893 3176 τῶν
927 3124 1257 3182 διδασκάλων
1286 3132 1636 3205 ὲπαγομένης
1667 3136 1764 3189 αὐ-

169 3208 291 3268 τοῖς
340 3205 656 3275 θεραπείας.
682 3191 800 3264 Καὶ
835 3214 985 3267 πᾶσα
1017 3215 1074 3269 δὲ
1100 3219 1132 3288 ἡ
1167 3219 1266 3290 τῆς
1289 3191 1763 3293 ψαλμωδίαςνάκο-
1790 3191 1832 3250 C

171 3297 371 3384 λουθία
390 3297 480 3351 διὰ
508 3298 709 3372 θρήνου
737 3306 1008 3375 προῆκται
1034 3307 1114 3378 τῷ
1145 3312 1213 3380 τῇ
1244 3312 1489 3384 ἀπωλείᾳ
1521 3314 1629 3369 τῶν
1659 3317 1766 3370 δειε-

171 3383 351 3438 λαίων
397 3387 827 3455 ὲπιστενάζοντι.
858 3395 1253 3466 Προαναφωνεί
1287 3399 1395 3472 γὰρ
1437 3383 1558 3457 κατ’
1588 3405 1768 3460 αὐτῶν

171 3477 244 3530 τὸ
278 3477 561 3549 ἐσόμενον,
595 3479 769 3550 λέγων
793 3499 809 3514 ·
855 3501 875 3536 ι
899 3485 956 3539 Ὁ
991 3486 1124 3552 Θεὸς
1163 3493 1442 3563 συντρίψει
1470 3496 1597 3558 τοὺς
1622 3497 1770 3551 ὀδόν-

171 3583 281 3631 τας
307 3569 490 3622 αὐτῶν
516 3573 576 3624 ἐν
614 3572 692 3644 τῷ
725 3575 952 3646 στόματι
981 3578 1182 3634 αὐτῶν.
1207 3601 1225 3632 ι
1269 3583 1465 3649 Ποίους
1502 3587 1720 3653 ὀδόντας
1748 3629 1765 3658 ,

170 3660 210 3725 ἢ
253 3659 457 3732 δηλαδὴ
493 3663 621 3727 τοὺς
670 3665 769 3736 τῆς
804 3669 1090 3741 παρακοῆς
1137 3673 1429 3747 βρωτῆρας
1451 3716 1466 3741 ,
1506 3681 1632 3744 τοὺς
1659 3682 1767 3734 τῶν

172 3749 386 3842 ηδονῶν
412 3754 510 3823 τῆς
553 3755 792 3826 γαστρὸς
829 3757 1112 3830 ὑπηρέτας
1143 3762 1281 3833 (οὓς
1326 3765 1465 3818 ὅπλα
1493 3769 1588 3820 καὶ¹
1637 3769 1764 3842 βιλη

170 3840 269 3894 διὰ
305 3841 407 3912 τῆς
434 3842 813 3918 προλασούσης
861 3848 1177 3922 ψαλμῳδίας
1209 3853 1492 3926 ὠνόμασεν
1519 3860 1560 3927 ),
1589 3858 1654 3911 δι’
1692 3840 1768 3914 ὧν

172 3933 281 4002 τῆς
314 3932 574 4003 ἀληθείας
596 3935 752 4005 λόγος
775 3941 1326 4012 κατασπαράττεται;
1359 3963 1376 3996 ι
1397 3946 1507 4000 Kal
1538 3948 1636 4013 τὰς
1667 3949 1768 4020 μύ-

171 4023 280 4088 λας
311 4025 424 4078 τῶν
468 4026 766 4092 λεόντων,ι
801 4031 967 4101 φησὶ,
1011 4050 1030 4082 ι
1060 4033 1389 4090 συνέθλασεν
1421 4039 1451 4091 ὁ
1484 4040 1708 4112 Κύριος.
1743 4062 1761 4093 ι

173 4117 379 4188 Γνοίης
420 4118 465 4171 δ’
509 4118 576 4172 ἂν
602 4119 753 4184 τίνας
782 4121 1034 4193 ὠνόμασε
1068 4123 1319 4191 λέοντας,
1352 4129 1400 4181 εί
1439 4130 1630 4200 μάθοις
1661 4132 1769 4186 τῶν

173 4209 392 4282 θηρίων
421 4208 624 4267 τούτων
656 4213 727 4267 τὰ
770 4213 1056 4286 ἰδιώματα.
1074 4217 1309 4285 Λέγουσι
1339 4221 1448 4292 γὰρ
1469 4217 1605 4276 εἶναι
1643 4227 1770 4290 τοὺς

1863 1945 2080 2000 verunt,
2122 1938 2583 2010 mendaciumque
2623 1944 2839 1999 veritati
2869 1949 3265 2017 praetulerunt,
3300 1967 3440 2021 quo-

1863 2039 1982 2078 rum
2014 2025 2168 2082 furor
2189 2045 2312 2084 cum
2347 2031 2525 2100 primo
2543 2034 2815 2091 mendacii
2838 2049 2993 2108 patre
3014 2040 3437 2099 similitudinem

1863 2115 2094 2172 habet-TN
2120 2117 2402 2192 Tanquam
2424 2126 2654 2196 aspidis,
2689 2147 2708 2180 ι
2741 2129 2940 2200 inquit,
2964 2151 2984 2183 ι
3010 2133 3192 2189 surda:
3212 2144 3266 2190 et
3285 2135 3440 2190 obtuo

1862 2211 2042 2266 rantis
2085 2225 2247 2269 aures
2287 2230 2438 2278 suas,
2470 2233 2591 2288 quae
2621 2236 2731 2276 non
2762 2224 3017 2280 exaudiet
3041 2240 3227 2281 vocem
3258 2227 3440 2281 incan-

1862 2304 2096 2358 tantium
2161 2313 2216 2361 et
2281 2309 2511 2365 veneﬁci
2563 2314 2900 2370 incantantis
2941 2319 3294 2387 sapienter“
3343 2319 3439 2373 tali

1862 2396 2008 2450 enim
2043 2406 2238 2452 natura
2274 2401 2560 2471 praeditam
2600 2404 2757 2459 aiunt
2785 2406 2928 2462 hanc
2961 2408 3193 2463 bestiam
3229 2408 3307 2463 illi
3345 2410 3438 2479 qui

1863 2484 1951 2542 bis
1979 2497 2208 2545 vacant:
2262 2489 2346 2544 ira
2400 2500 2624 2564 turgens
2671 2500 2726 2548 et
2768 2495 3122 2552 inardescens
3178 2495 3433 2552 faucibus

1864 2577 2120 2647 Spiritum
2159 2583 2494 2653 comprimit,
2545 2600 2723 2656 neque
2771 2588 3009 2653 emittit;
3052 2589 3190 2643 utris
3240 2590 3437 2656 instar,

1864 2671 1936 2726 ob
1977 2673 2204 2744 Spiritus
2242 2678 2628 2748 receptionem,
2703 2680 3097 2748 intumescens,
3125 2697 3235 2753 quo
3264 2683 3340 2749 ﬁt,
3379 2692 3438 2737 ut

1863 2764 2048 2817 omnia
2070 2763 2367 2821 inelllcacia
2398 2776 2452 2823 et
2495 2769 2712 2824 inutilia
2776 2774 2906 2837 sint,
2960 2787 3308 2843 quaecunque
3348 2789 3441 2828 sa-

1865 2853 2080 2923 pientes
2130 2856 2199 2911 ad
2256 2858 2622 2915 demulcenda
2675 2870 2728 2917 et
2773 2862 3086 2918 delinienda
3117 2864 3442 2934 huiusmodi

1867 2945 2122 3000 animalia
2170 2950 2510 3020 excogitant.
2565 2951 2852 3024 Signiﬁcat
2897 2955 2986 3011 his
3049 2971 3145 3010 cor
3196 2957 3438 3020 illorum,

1866 3037 2022 3106 quia
2045 3041 2285 3107 peccatis
2331 3044 2589 3112 occupati
2628 3053 2778 3110 sunt,
2824 3061 3003 3116 neque
3032 3047 3102 3102 ad
3148 3057 3310 3104 aures
3347 3048 3444 3102 ad-

1867 3127 2085 3184 mittere
2113 3128 2442 3184 medicinam
2490 3132 2662 3198 illam,
2709 3149 2833 3205 quae
2877 3135 3069 3205 ipsisa
3117 3135 3442 3192 doctoribus

1867 3223 1921 3271 et
1974 3220 2254 3290 magistris
2285 3219 2594 3278 adhibetur.
2642 3225 2777 3280 Tota
2831 3233 2963 3281 vero
3019 3227 3215 3297 psalmi
3266 3228 3439 3284 series

1865 3306 2254 3367 lamentatione
2277 3313 2607 3377 contexitur,
2636 3313 2766 3370 dum
2798 3316 3122 3371 miserorum
3147 3317 3434 3373 interitum

1866 3401 2134 3472 deploret,
2164 3413 2360 3460 contra
2399 3421 2542 3476 quos
2582 3406 2636 3461 id
2681 3408 2846 3462 etiam
2874 3407 3023 3479 quod
3056 3407 3304 3463 futurum
3331 3414 3439 3475 est,

1867 3492 2127 3548 inclamat
2176 3513 2192 3551 :
2250 3497 2457 3562 «Deus,
2490 3515 2510 3549 ι
2558 3497 2833 3568 inquiens,
2890 3515 2908 3549 ι
2936 3505 3186 3555 conteret
3252 3499 3446 3556 dentes

1867 3600 2057 3641 eorum
2098 3587 2155 3641 in
2184 3601 2279 3643 ore
2338 3589 2606 3658 ipsorum.
2636 3608 2655 3640 ι
2713 3588 2916 3655 Quales
2962 3590 3196 3645 dentes?
3219 3605 3288 3644 an
3323 3606 3444 3654 eos,

1873 3677 1968 3747 qui
2002 3678 2428 3735 inobedientiam
2466 3681 2755 3744 mandunt,
2788 3682 3075 3738 ministros
3101 3683 3446 3754 voluptatum

1866 3771 2100 3836 ventris,
2139 3786 2281 3842 quos
2315 3786 2467 3826 arma
2498 3782 2553 3828 et
2582 3775 2812 3844 sagittas
2847 3774 3186 3844 praecedente
3232 3776 3447 3844 psalmo

1868 3865 2200 3930 nominarat,
2255 3865 2462 3937 quibus
2519 3866 2769 3922 veritatis
2828 3882 3015 3922 sermo
3075 3867 3450 3938 discerpitur?

1874 3976 1893 4010 ι
1915 3956 1982 4011 Ει
2009 3959 2180 4014 molas
2210 3959 2427 4015 leonum
2458 3979 2504 4026 ι,
2534 3960 2733 4030 inquit,
2773 3979 2792 4011 ι
2813 3961 3075 4016 contrivit
3101 3960 3367 4016 Dominus
3392 3980 3446 4016 ,ι

1868 4049 2016 4116 Quos
2049 4069 2067 4103 ι
2099 4053 2321 4107 leones:
2359 4054 2742 4115 nominaverit,
2769 4053 3065 4125 intelliges,
3102 4055 3149 4109 si
3179 4070 3302 4124 qua:
3334 4054 3447 4109 leo-

1875 4158 2006 4196 num
2047 4143 2158 4197 sint
2192 4144 2553 4215 proprietates
2579 4145 2784 4200 discas.
2832 4144 3003 4198 Aiunt
3039 4145 3226 4200 leones
3275 4145 3452 4199 oculis

1877 4247 1999 4287 esse
2023 4232 2296 4294 distortis,
2327 4233 2646 4290 carnivoros
2665 4242 2862 4289 natura
2880 4243 2933 4289 et
2949 4235 3156 4291 amicos
3173 4234 3447 4305 sanguini.

172 4298 437 4368 λέοντας,
472 4301 886 4375 ὲνδιαστρόφους
931 4306 1188 4379 τὸόμμα
1209 4348 1226 4374 ,
1269 4303 1345 4364 ὧν
1374 4313 1766 4389 σαρκοϐόροςή
1811 4321 2004 4390 φύσις,
2039 4323 2134 4376 καὶ
2158 4322 2236 4394 τῷ
2273 4325 2463 4394 αἵματι
2498 4325 2647 4395 φίλη.

155 4423 160 4425 -
255 4389 420 4457 Οἶδας
445 4393 503 4448 δὲ
523 4394 741 4459 πάντως
762 4397 824 4450 τὸ
850 4397 1077 4470 αίνιγμα
1102 4399 1206 4472 τῆξ
1229 4402 1338 4458 τῶν
1361 4405 1627 4476 ὀμμάτων
1650 4410 1764 4463 δια⁸

1941 4415 2157 4482 Cernis,
2190 4389 2405 4486 opinor,
2465 4389 2746 4487 quid‘sibi
2802 4418 2934 4472 velit
2973 4417 3203 4488 aenigma
3233 4416 3300 4473 de
3331 4416 3452 4473 dis-

175 4489 459 4557 στροφῆς,
490 4488 598 4541 τῶν
629 4490 702 4560 μὴ
736 4491 872 4562 πρὸς
909 4492 972 4544 τὸ
999 4493 1130 4548 εὐθὺ
1164 4494 1470 4565 βλεπόντων
1494 4540 1510 4564 ,
1545 4502 1640 4555 καὶ
1673 4507 1773 4574 τῆς

171 4579 381 4648 ἀηδίας
402 4579 496 4632 τοῦ
527 4581 804 4652 ἄσθματος
823 4625 837 4646 ,
872 4583 982 4637 τῶν
1011 4587 1091 4649 είς
1124 4587 1470 4660 βλασφημίαν
1498 4595 1774 4664 κεχρημέι-

171 4689 289 4725 νων
316 4670 398 4741 τῷ
420 4673 668 4743 στόματι,
686 4675 781 4727 καὶ
801 4675 890 4730 διὰ
911 4677 1070 4731 τοῦτο
1094 4682 1370 4749 συγγενῶς
1383 4683 1618 4754 ἑχόντων
1639 4688 1773 4761 πρὸς

171 4767 282 4836 τὴν
304 4767 408 4836 τῆς
437 4767 713 4837 ἁμαρτίας
750 4769 1032 4825 δυσωδίαν.
1067 4773 1177 4826 Καὶ
1198 4775 1301 4828 ὅσα
1321 4779 1522 4831 νοεῖται
1556 4779 1645 4833 διὰ
1678 4781 1772 4834 τοῦ

171 4859 492 4928 ἄσθματος,
516 4860 598 4912 ὅτι
641 4860 776 4932 σὰρξ
821 4863 914 4916 καὶ
942 4858 1104 4934 αἷμα,
1156 4865 1294 4936 ὅπερ
1323 4868 1555 4936 μάλιστα
1585 4871 1772 4942 τρέφει

170 4951 290 5003 τῶν
318 4950 552 5007 λεόντων
573 4953 675 5025 τὴν
697 4953 878 5021 φύσιν,
913 4956 1085 5009 ταῦτα
1105 4959 1186 5020 είς
1204 4957 1300 5011 τοῦ
1323 4960 1458 5013 Θεοῦ
1495 4961 1772 5031 βασιλείαν

173 5043 488 5112 summa.
535 5045 627 5099 Ἐν
673 5045 782 5119 γὰρ
813 5046 892 5118 τῷ
923 5049 1100 5119 καιρῷ
1129 5052 1229 5120 τῆς
1253 5051 1360 5104 τῶν
1390 5053 1557 5120 ἀξίων
1582 5059 1767 5126 τιμῆς’

180 5157 202 5190 ι
236 5132 428 5202 Οὗτοι,
459 5155 479 5188 ι
533 5138 729 5208 φησὶν,
781 5139 1352 5211 ιὲξουδενωθὴσονται,
1378 5162 1397 5196 ι
1449 5148 1515 5217 τῇ
1552 5147 1770 5218 ὰστάτῳ

174 5229 347 5300 φύσει
372 5227 481 5282 τῶν
511 5229 714 5283 ὑλικῶν
757 5232 1102 5302 πραγμάτων
1135 5229 1216 5297 οἷς
1252 5237 1766 5309 προσῳκειώθησαν,

175 5322 326 5376 κατὰ
360 5320 454 5373 τὸν
482 5320 594 5390 βίον
629 5325 1112 5393 ωγκαταρέοντες.
1139 5343 1157 5376 ι
1180 5315 1726 5399 Ἐξουδενωθήσονται
1747 5349 1765 5380 ι

177 5416 326 5486 γὰρ,
373 5415 539 5484 φησιν
567 5453 583 5480 ,
639 5434 658 5465 ‹
687 5415 763 5478 ὡς
811 5415 954 5488 ὕδωρ
989 5417 1459 5490 διαπορευόμενον.
1498 5440 1515 5471 ι
1565 5422 1624 5474 '0
1664 5423 1772 5494 γὰρ

176 5504 424 5578 πονηρὸς
455 5505 598 5559 κατὰ
625 5506 734 5558 τῶν
760 5506 948 5576 ψυχῶν
984 5510 1143 5579 ἡμῶν
1170 5511 1422 5580 τοξότης,
1457 5513 1484 5562 ὁ
1507 5511 1575 5563 τὰ
1603 5527 1774 5564 πεπυ-

180 5599 411 5671 ρωμὲνα
455 5598 582 5669 βέλη
628 5601 730 5669 τῆς
780 5600 1052 5671 ἁμαρτίας
1095 5602 1237 5656 κατὰ
1281 5605 1381 5674 τῆς
1423 5603 1768 5676 ἀνθρωπίνης

255 5777 276 5806 τ
304 5776 442 5833 Gen.
483 5791 522 5844 ι,
548 5778 640 5833 26.
717 5780 740 5810 "
771 5778 915 5836 Psal.
950 5797 1122 5846 xxx”,
1155 5780 1237 5838 ἐξ,
1309 5783 1330 5814 ⁹
1357 5779 1458 5836 lsa.
1489 5797 1550 5847 ιι,
1596 5783 1648 5836 ί.

1872 4509 2030 4564 tortis
2077 4509 2254 4563 oculis
2289 4525 2518 4573 eorum,
2571 4511 2664 4580 qui
2709 4521 2858 4565 recta
2896 4510 3099 4565 intueri
3148 4519 3449 4580 nequeunt,

1869 4599 2109 4668 quidque
2161 4599 2267 4654 sibi
2315 4600 2442 4653 velit
2497 4601 2866 4670 graveolentia
2911 4601 3191 4656 anhelitus
3233 4617 3452 4666 eorum,

1872 4691 1965 4760 qui
1996 4705 2092 4744 ore
2124 4705 2226 4745 suo
2255 4690 2324 4744 ad
2369 4692 2741 4762 blasphemiae
2777 4700 3005 4746 utuntur
3039 4699 3094 4747 et
3128 4693 3199 4746 ob
3237 4692 3290 4746 id
3325 4707 3451 4747 cum

1873 4783 2082 4852 peccati
2134 4782 2305 4838 fetore
2361 4785 2742 4855 cognationem
2789 4785 3090 4854 quamdam
3133 4783 3356 4848 habent,
3393 4793 3454 4838 ut

1878 4883 2196 4942 praeteream
2266 4874 2393 4938 alia,
2457 4890 2580 4946 quae
2654 4874 2860 4930 halitus
2922 4875 3145 4929 nomine
3223 4875 3456 4945 intelligi

1876 4957 2105 5033 queunt,
2151 4965 2278 5034 quia
2311 4979 2442 5019 caro
2478 4975 2533 5020 et
2555 4966 2804 5032 sanguis,
2848 4966 3050 5036 quibus
3101 4971 3296 5019 natura
3343 4964 3456 5020 leo-

1877 5072 2008 5110 num
2038 5058 2272 5114 maxime
2305 5058 2491 5122 alitur,
2534 5059 2719 5128 inepta
2765 5065 2896 5114 sunt
2927 5057 2995 5112 ad
3041 5056 3139 5112 Dei
3193 5072 3456 5127 regnum:

1875 5161 1943 5202 eo
1979 5148 2124 5202 enim
2157 5156 2423 5218 tempore,
2456 5165 2567 5219 quo
2598 5149 2738 5217 justi
2767 5148 3010 5202 debitum
3036 5149 3299 5202 honorem
3330 5163 3458 5202 con-

1877 5247 2200 5308 sequentur,
2237 5258 2258 5291 ι
2286 5241 2400 5304 isti,
2421 5259 2442 5293 I
2485 5241 2684 5311 inquit,
2710 5260 2728 5291 ι
2761 5241 2826 5295 ad
2849 5240 3081 5294 nihilum
3104 5241 3454 5307 devenientﬁ

1879 5331 2180 5387 deﬁuentes
2209 5333 2373 5388 simul
2404 5349 2529 5388 cum
2564 5333 2806 5388 instabili
2844 5349 3027 5388 rerum
3081 5333 3450 5387 materialium

1883 5432 2100 5488 natura,
2121 5425 2320 5495 quibus
2359 5440 2418 5480 se
2453 5426 2506 5478 in
2550 5427 2650 5480 ista
2688 5428 2799 5478 vita
2832 5425 3053 5494 penitus
3094 5423 3446 5490 addixeram,

1880 5524 1936 5570 et
1969 5516 2175 5571 similes
2213 5516 2523 5572 eﬂecerant.
2559 5536 2576 5567 ι
2602 5517 2678 5571 Ad
2717 5517 2946 5571 nihilum
2977 5517 3285 5576 devenient,
3317 5533 3337 5565 ι
3372 5515 3460 5569 ἰη-

1882 5607 2019 5678 quit,
2046 5627 2065 5660 ι
2092 5609 2236 5664 sicut
2268 5625 2409 5679 aqua
2446 5609 2744 5665 decurrens
2774 5628 2792 5679 ;
2820 5629 2838 5662 ι
2873 5609 3143 5664 scelestus
3175 5609 3320 5662 enim
3374 5605 3470 5658 illc-
