3870 6220
461 331 563 387 Ιἱ95

1696 324 1749 378 S.
1791 323 2114 379 GllEGOltll
2155 323 2442 380 NYSSENI
2549 377 2556 382 .

3611 331 3714 386 596

455 444 747 513 jaculator,
804 445 896 512 qui
937 442 1151 495 animas
1213 449 1430 495 nostras
1467 441 1589 496 telis
1631 443 1745 497 suis
1788 442 2018 505 infestat,

2133 440 2372 495 εὐθύνων
2402 441 2548 511 ζωῆς
2566 479 2580 502 ,
2609 441 2670 493 οὒ
2717 440 2950 495 παύεται
2975 442 3096 495 κατ’
3125 437 3305 494 αὐτῶν
3334 436 3716 508 τοξαζόμενος,

457 538 660 607 quique
693 534 862 606 ignita
889 533 996 588 tela
1033 532 1241 604 peccati
1288 540 1479 586 contra
1515 532 1812 586 humanum
1855 547 2026 602 genus

456 627 662 698 dirigit,
698 641 806 680 non
838 623 991 695 prius
1023 623 1238 678 absistit
1272 623 1341 676 ab
1369 622 1437 677 iis
1474 621 1821 692 impetendis.
1861 635 2023 689 quam

456 721 672 775 illorum
712 717 858 772 vires
918 715 1212 772 enervarit.
1276 733 1294 766 ι
1325 713 1572 768 lntendet
1622 715 1767 768 enim
1837 727 2024 766 arcum

454 827 636 874 suum.
669 811 841 866 donec
869 808 1242 874 inlirmentur;
1279 827 1296 860 ι
1332 815 1386 862 et
1420 807 1573 870 ﬁunt,
1619 815 1677 859 ut
1706 821 1830 861 cera
1856 805 2026 875 lique-

453 919 636 966 scens,
672 901 739 956 ad
765 917 980 957 omnem
1012 900 1240 954 formam
1277 898 1758 968 improbitatisque
1792 897 2020 969 ﬁguram

451 994 666 1050 faciles.
702 993 800 1050 His
848 991 999 1047 addit
1035 991 1412 1046 lamentabiles
1465 991 1584 1045 illas
1627 989 1890 1045 adversus
1933 990 2026 1042 mi-

451 1099 606 1140 seros
637 1098 802 1138 voces
832 1103 846 1137 :
895 1102 913 1134 ι
941 1081 1317 1152 Supercecidit
1352 1081 1493 1152 ignis
1516 1095 1573 1136 et
1606 1096 1714 1135 non
1769 1079 2026 1134 viderunt

451 1179 642 1236 80lem.
683 1195 702 1228 ι
750 1175 994 1231 Declarat
1027 1176 1221 1230 horum
1255 1174 1580 1230 sententiam
1626 1175 1767 1228 alius
1803 1172 2023 1243 quidam

450 1269 831 1338 interpretum,
902 1267 997 1336 qui
1051 1266 1489 1336 intempestivum
1547 1265 1700 1318 illum
1743 1264 1812 1319 ab
1864 1272 2025 1316 utero

451 1362 685 1430 lapsum,
735 1367 896 1414 vocat
944 1359 1214 1414 abortum.
1269 1357 1365 1412 llis
1400 1359 1546 1413 enim
1588 1357 1768 1412 verbis
1817 1357 2019 1410 utitur:

457 1469 475 1502 ι
497 1448 757 1511 Abortus,
785 1469 802 1500 ν
836 1448 1033 1518 inquit,
1069 1467 1086 1500 ι
1116 1448 1360 1503 mulieris
1415 1463 1524 1502 non
1547 1447 1750 1502 videbit
1780 1448 1970 1502 solem.
2001 1467 2019 1498 ι

453 1540 589 1594 Cum
625 1539 790 1610 igitur
813 1539 969 1592 initio
999 1540 1194 1609 psalmi
1241 1537 1513 1594 dixisset:
1551 1556 1570 1588 ι
1601 1539 1836 1592 Alienati
1895 1549 2024 1594 sunt

450 1640 767 1702 pi-ccatores
803 1647 833 1686 a
869 1631 1060 1695 vulva,
1095 1639 1148 1686 et
1175 1634 1242 1685 ab
1279 1637 1432 1685 utero
1465 1639 1808 1695 erraverunt,
1838 1651 1856 1683 ι
1880 1648 2026 1686 nune

448 1725 640 1778 eodem
676 1739 842 1780 sensu
870 1724 1114 1795 adjungit
1141 1724 1222 1790 τὸ,
1249 1723 1637 1795 ἡμϐλώθησαν,
1681 1743 1699 1775 ‹
1733 1740 1829 1794 per
1860 1725 2024 1779 abor—

451 1821 564 1868 tum
593 1814 753 1884 ejecti
783 1825 930 1870 sunt.
969 1834 988 1866 ›
1037 1813 1271 1872 Causam
1320 1830 1449 1871 vero
1500 1815 1664 1885 hujus
1717 1815 1846 1870 mali
1890 1817 2022 1870 dicit

448 1919 574 1961 esse
616 1906 1025 1962 similitudinem
1060 1921 1222 1976 quam
1259 1923 1382 1962 eum
1419 1909 1764 1976 serpentibus
1800 1907 2020 1964 habent.

448 1997 626 2062 Quare
650 1997 883 2054 similem
945 2000 1250 2054 orationem
1305 2014 1596 2069 usurpans,
1656 2000 1735 2053 ait
1775 2015 1871 2054 eos
1899 2016 2024 2056 esse

449 2089 800 2161 imperfectos
827 2091 881 2144 in
909 2092 1120 2147 ratione
1148 2101 1378 2158 naturae,
1405 2103 1460 2149 et
1484 2093 1762 2148 abortivos
1794 2110 1888 2164 per
1907 2110 2022 2148 ma-

448 2180 620 2234 litiani
646 2183 909 2247 redditos,
960 2184 1325 2255 delapsosque
1391 2195 1443 2240 et
1501 2185 1773 2243 excidisse
1819 2187 1888 2240 ab
1928 2188 2020 2242 illa

446 2285 608 2340 quam
650 2286 818 2341 supra
847 2271 1088 2329 diximus
1127 2273 1373 2338 matrice,
1423 2273 1640 2345 sibique
1683 2275 1862 2346 ignem
1894 2277 2022 2332 ell‘e-

445 2369 564 2415 ctos
591 2376 735 2429 esse,
766 2362 837 2417 ob
870 2362 1090 2420 carnale
1117 2371 1169 2416 et
1194 2363 1432 2418 materia:
1466 2363 1778 2420 immersum
1806 2365 2019 2421 vivendi

448 2452 777 2520 institutum,
838 2453 1007 2524 hujus
1043 2456 1216 2527 gratia
1267 2455 1456 2511 oculos
1488 2457 1554 2512 ad
1595 2459 1767 2514 solem
1801 2474 1908 2513 non
1941 2461 2017 2515 le-

445 2561 624 2602 vasse.
654 2543 800 2607 Solis
829 2547 1050 2602 nomine
1078 2546 1353 2618 signiﬁcat
1391 2564 1572 2604 veram
1610 2549 1758 2604 illam
1815 2551 2014 2615 lucem,

442 2651 610 2710 quam
639 2633 994 2708 imperfectus
1036 2635 1128 2692 ille
1156 2634 1471 2691 Judazorum
1515 2637 1658 2692 fetus
1714 2644 1769 2692 et
1817 2653 2018 2693 conce-

441 2739 568 2803 ptus
602 2727 829 2784 minime
859 2729 1127 2786 sustinuit
1164 2729 1369 2784 videre.
1397 2727 1677 2786 Consonat
1726 2745 1888 2801 porro
1935 2746 2021 2785 se-

440 2836 617 2897 quens
672 2819 852 2882 oratio
879 2837 1005 2876 cum
1053 2822 1433 2892 prtecedente;
1495 2838 1620 2877 nam
1650 2824 1795 2893 quod
1853 2841 2019 2894 supra

441 2913 746 2978 nominavit
781 2932 800 2968 ι
826 2915 1070 2985 aspidem
1105 2915 1352 2980 surdam,
1381 2935 1401 2968 ι
1442 2915 1544 2972 hoc
1599 2931 1748 2970 nunc
1783 2917 2020 2986 appellat

441 3005 657 3076 spinam
689 3021 797 3062 non
821 3007 1216 3077 intelligentem
1243 3025 1256 3061 :
1287 3023 1411 3061 nam
1440 3023 1507 3063 ex
1541 3009 1730 3063 auditu
1768 3011 2018 3064 nascitur

442 3097 828 3170 intelligentia,
900 3098 1108 3170 quique
1150 3099 1488 3154 auditionem
1543 3110 1655 3154 nan
1699 3102 1912 3172 recipit,
1971 3104 2017 3158 is

442 3189 605 3255 simul
668 3190 835 3246 etiam
911 3206 1038 3244 cum
1109 3192 1394 3247 auditione
1461 3193 1874 3264 intelligentiam
1932 3213 2021 3252 re-

437 3279 579 3354 jieit.

513 3362 783 3428 Quocirca
819 3371 964 3428 sicut
1016 3373 1110 3430 ubi
1176 3376 1419 3446 generali
1470 3380 1745 3448 serpentis
1798 3379 2022 3435 nomine

436 3463 640 3544 posito,
660 3463 728 3519 ad
762 3465 1125 3536 duxitpostea
1160 3469 1398 3537 speciem
1437 3470 1601 3538 hujus
1644 3473 1923 3537 animalis,
1966 3483 2021 3527 et

440 3556 666 3626 quidem
687 3558 861 3624 illam,
915 3575 1037 3629 quae
1066 3559 1123 3614 in
1157 3576 1222 3616 eo
1252 3577 1450 3632 genere
1471 3573 1556 3619 est
1588 3566 1834 3620 omnium
1886 3582 2018 3636 per—

443 3650 835 3715 niciosissima,
874 3654 1121 3723 aspidem
1154 3655 1383 3720 scilicet,
1422 3657 1498 3710 ita
1530 3667 1585 3712 et
1607 3658 1693 3713 hic
1719 3661 2018 3729 generatim

443 3744 615 3813 spina:
649 3744 920 3800 vocabulo
958 3749 1160 3816 posito,
1214 3747 1372 3804 aﬂ'ert
1409 3749 1672 3820 deinceps
1722 3768 1841 3806 eam
1890 3768 2019 3822 spe-

441 3836 604 3900 ciem,
643 3852 764 3906 qua:
799 3838 942 3899 inter
973 3839 1163 3908 spinas
1186 3841 1430 3896 omnium
1470 3851 1556 3898 est
1602 3845 2016 3910 molestissima,

441 3942 637 3998 nempe
697 3929 1010 3998 rhamnum,
1054 3931 1216 4001 cujus
1249 3942 1425 3988 acuta:
1476 3942 1606 3989 sunt
1640 3937 1919 4006 cuspides,
1968 3949 2020 3990 et

441 4021 718 4086 continua:
749 4021 1132 4092 prominentia:
1163 4026 1229 4079 ad
1262 4027 1571 4081 nocendum
1597 4029 2020 4098 propinquanti-

441 4113 546 4178 bus
577 4125 734 4182 aptat,
762 4114 1038 4186 plagpzeque
1071 4116 1286 4170 inﬂicta:
1305 4132 1613 4172 venenosae.
1630 4116 2018 4174 Verumtamen

439 4204 599 4272 spina
629 4205 821 4267 eratis,
850 4205 945 4268 ait,
977 4213 1032 4260 et
1067 4205 1121 4259 in
1156 4205 1356 4276 spinis,
1391 4206 1680 4272 rhamnus,
1704 4215 1763 4261 ut
1784 4206 2020 4277 proinde

437 4295 736 4350 videamini
767 4297 971 4352 vivere.
999 4296 1116 4352 Non
1155 4301 1300 4353 enim
1345 4316 1471 4354 vere
1503 4301 1658 4363 vivit,
1706 4300 1800 4370 qui
1832 4315 2018 4354 veram

436 4390 607 4460 vitam
641 4404 749 4444 non
785 4390 969 4445 habet.
996 4389 1080 4446 lra
1125 4392 1440 4455 absorbebit
1478 4409 1575 4449 vos
1609 4411 1623 4448 :
1655 4401 1710 4448 et
1751 4393 2018 4464 quemad-

2127 530 2232 594 ἕως
2254 531 2433 584 αὐτῶν
2459 531 2770 603 ὲκνευρώσῃ
2799 533 2898 603 τὴν
2922 531 3176 602 δύναμιν.
3218 551 3236 583 ι
3261 531 3498 584 Ἐντενεῖ
3531 531 3664 602 γάρ,
3689 551 3711 580 ι

2129 623 2291 692 φησὶν
2313 664 2326 684 ,
2361 641 2379 674 ι
2408 623 2468 675 τὸ
2496 623 2650 688 τόξον
2675 623 2860 689 αὐτοῦ,
2889 626 2992 688 ἕως
3021 619 3083 678 οῦ
3109 623 3515 692 ἀσθενήσουσιν.
3546 642 3566 671 ι
3611 622 3723 673 Καὶ

2136 713 2375 780 γίνονται
2404 715 2574 784 κηρὸς
2597 715 2914 786 τηκόμενος,
2954 715 3090 786 πρὸς
3123 716 3228 766 πᾶν
3251 709 3388 776 εἶδος
3431 711 3526 764 τοῦ
3575 711 3725 764 κατὰ

2125 804 2226 873 τήν
2249 805 2522 876 ἁμαρτίαν
2545 810 2890 878 χαρακτῆρος
2910 807 3146 870 εὐκόλως
3179 803 3581 875 μορφούμενος·
3620 806 3722 855 καὶ

2127 896 2332 959 τούτοις
2362 897 2442 950 ἐτι
2479 898 2799 968 προστίθησι
2827 900 2926 962 τάς
2967 898 3254 970 ὀδυρτικάς
3304 897 3520 958 ὲκείνας
3571 895 3726 949 κατὰ

2127 987 2235 1039 τῶν
2257 987 2502 1042 δειλαίων
2523 988 2754 1056 φωνάς,‹
2776 987 3013 1042 Ἔπεσεν
3043 989 3171 1060 πῦρ,
3195 1008 3212 1039 ι
3243 989 3463 1055 λέγων,‹
3488 989 3588 1041 καὶ
3615 989 3726 1040 οὐκ

2128 1078 2234 1132 ἴδον
2257 1080 2348 1132 τὸν
2373 1079 2570 1150 ἥλιον.»
2591 1081 2880 1151 Σαφηνίζει
2907 1081 2962 1134 δὲ
2983 1081 3076 1134 τοῦ
3106 1079 3267 1150 ῥητοῦ
3288 1079 3478 1132 τούτου
3502 1077 3606 1149 τὴν
3626 1077 3722 1130 ἐν-

2125 1188 2276 1225 νοιαν
2293 1172 2476 1242 ἕτερος
2496 1173 2605 1226 τῶν
2629 1175 2933 1244 ἑρμηνέων.
2957 1173 3054 1244 τὴν
3087 1172 3236 1241 παρὰ
3263 1173 3455 1243 καιρὸν
3483 1171 3726 1240 γενομὲ-

2126 1281 2225 1334 νην
2249 1264 2356 1316 ἀπὸ
2383 1267 2482 1335 τῆς
2518 1266 2728 1336 μήτρας
2771 1265 3048 1335 ὀλίσθησιν
3093 1264 3185 1316 τοῦ
3219 1263 3587 1334 ἀμϐλὼματος
3627 1265 3729 1333 ἐρ-

2129 1356 2402 1427 μηνεύσας
2432 1357 2639 1418 τούτοις
2685 1359 2798 1419 τοῖς
2835 1359 3106 1427 ῥήμασιν·
3143 1374 3161 1406 ι
3200 1356 3520 1426 Ἔκτρωμα,
3551 1373 3572 1404 ι
3607 1371 3725 1424 φη-

2128 1449 2232 1512 σὶν,
2273 1467 2291 1500 ι
2333 1450 2590 1513 γυναικὸς
2627 1449 2724 1520 οὐχ
2742 1448 3242 1520 ὁραματισθήσεται
3270 1447 3440 1517 ἥλιον.
3483 1466 3502 1498 ι
3549 1446 3722 1499 Ἐπεὶ

2125 1541 2301 1593 τοίνυν
2332 1542 2480 1612 παρὰ
2509 1542 2607 1612 τὴν
2643 1541 2816 1612 ἀρχὴν
2854 1540 2955 1609 τῆς
3004 1538 3316 1610 ψαλμῳδίας
3363 1537 3564 1606 φησιν,
3631 1538 3726 1591 ὅτι

2133 1652 2152 1685 ι
2194 1633 2734 1705 Ἀπηλλοτριώθησαν
2765 1635 2814 1686 οί
2838 1633 3152 1704 ἁμαρτωλοὶ
3173 1632 3278 1685 ἀπὸ
3308 1633 3540 1703 μήτρας,
3618 1632 3728 1683 καὶ

2127 1724 2234 1778 ἀπὸ
2286 1724 2522 1796 γαστρὸς
2577 1724 2990 1796 ἐπλανήθησαν,
3049 1743 3068 1778 ι
3121 1727 3257 1796 ὅπερ
3324 1725 3521 1778 ταύτόν
3593 1727 3727 1778 ἐστι

2129 1815 2206 1886 τῷ
2231 1814 2597 1886 ἠμϐλώθησαν
2617 1860 2628 1880 ,
2663 1814 2834 1869 αἴτιον
2861 1815 2918 1868 δὲ
2959 1814 3052 1868 τοῦ
3081 1815 3319 1869 τοιούτου
3367 1815 3575 1877 πάθους
3611 1813 3726 1867 αὐ-

2129 1907 2237 1959 τῶν
2285 1906 2432 1976 λέγει
2481 1906 2577 1978 τὴν
2623 1907 2762 1980 πρὸς
2803 1907 2895 1960 τὸν
2944 1909 3066 1978 ὅφιν
3113 1925 3173 1961 τε
3221 1909 3315 1962 καὶ
3357 1909 3458 1978 τὴν
3504 1906 3730 1961 ἀσπίδα

2129 1999 2408 2068 ὁμοίωσιν,
2425 1999 2514 2053 διά
2541 1999 2701 2053 τοῦτο
2729 2001 2824 2054 καὶ
2855 1999 2950 2055 νῦν
2970 2000 3060 2053 τὸν
3087 2000 3201 2053 ἴσον
3235 1994 3594 2054 ἐπαναλαϐὼν
3620 1999 3724 2051 λό-

2129 2107 2245 2158 γον,
2285 2091 2437 2161 φησὶ,
2469 2091 2551 2145 ὅτι
2591 2092 2799 2157 ἀτελεῖς
2840 2093 2899 2148 ἐν
2941 2091 3020 2164 τῷ
3057 2091 3201 2162 λόγῳ
3233 2093 3330 2162 τῆς
3363 2091 3580 2160 φύσεως
3619 2091 3726 2144 καὶ

2129 2185 2522 2256 ἀμϐλωθρίδιοι
2562 2185 2652 2241 διὰ
2681 2187 2878 2250 κακίας
2906 2187 3214 2256 γενόμενοι,
3249 2184 3721 2256 ὲξωλίσθησάν.τε

2129 2278 2222 2328 καὶ
2273 2275 2471 2330 ἔπεσαν
2519 2277 2676 2331 αὐτοὶ
2715 2277 2824 2331 ἀπὸ
2853 2277 2954 2348 τῆς
2987 2278 3271 2348 νοηθείσης
3320 2279 3451 2346 ἡμῖν
3493 2276 3721 2347 ἐκείνης

2130 2369 2364 2441 μήτρας,
2399 2367 2510 2441 πῦρ
2543 2369 2662 2422 καθ’
2699 2367 2906 2422 ἑαυτῶν
2935 2369 3235 2440 γενόμενοι,
3266 2369 3352 2424 διὰ
3390 2370 3490 2439 τῆς
3518 2367 3721 2437 ὑλικῆς

2127 2460 2533 2532 προαιρέσεως·
2589 2454 2649 2514 οὗ
2683 2460 2842 2532 χάριν
2908 2462 3008 2513 οὐκ
3062 2460 3360 2530 ἀνέϐλεψαν
3429 2460 3565 2531 πρὸς
3625 2458 3722 2511 τδν

2127 2552 2295 2622 ἥλιον.
2342 2551 2702 2606 Ἐνδείκνυται
2723 2551 2780 2604 δὲ
2815 2553 2879 2605 ἐκ
2897 2550 2989 2605 τοῦ
3020 2552 3173 2624 ήλίου
3203 2551 3266 2604 τὸ
3293 2551 3548 2622 ἀληθινὸν
3573 2550 3718 2619 φῶς,

2129 2645 2264 2716 πρὸς
2315 2645 2344 2697 ὃ
2398 2645 2433 2715 ή
2483 2644 2914 2716 ἀτελεσφόρητος
2955 2645 3064 2698 τῶν
3110 2644 3381 2698 Ἰουδαίων
3429 2644 3560 2714 γονὴ
3616 2642 3718 2695 οὐκ

2126 2735 2438 2805 ἀνέϐλεψεν.
2490 2737 2601 2790 Καὶ
2645 2737 2674 2788 ὀ
2730 2737 2927 2805 ἐφεξῆς
2971 2736 3129 2805 λόγος
3178 2737 3406 2808 ἁρμόζει
3456 2735 3600 2788 κατὰ
3655 2733 3718 2786 τὸ

2127 2827 2416 2881 ἀκόλουθον
2450 2825 2526 2898 τῷ
2556 2828 2870 2900 προάγοντι.
2904 2828 2969 2879 ⁸0
3001 2827 3110 2897 γάρ
3145 2828 3261 2880 ἐκεῖ
3293 2826 3480 2896 κωφὴν
3510 2825 3716 2878 ἀσπίδα

2125 2917 2426 2989 ὠνόμασεν,
2454 2918 2613 2972 τοῦτο
2644 2917 2739 2972 νῦν
2785 2917 3123 2989 μεταϐαλὼν,
3171 2917 3427 2971 ἀσύνετον
3468 2915 3715 2970 ἄκανθαν

2125 3011 2272 3078 λέγει
2291 3027 2306 3042 ο
2348 3013 2413 3064 ἐκ
2433 3009 2541 3082 γάρ
2577 3009 2673 3063 τοῦ
2709 3009 2941 3064 ἀκοῦσαι
2971 3009 3031 3062 τὸ
3057 3011 3300 3063 συνιέναι
3330 3011 3539 3078 γίνεται
3565 3025 3580 3038 θ
3609 3011 3639 3062 ό
3659 3009 3718 3062 δέ

2123 3102 2219 3171 τὴν
2245 3101 2413 3174 ἀκοὴν
2441 3103 2502 3155 οὐ
2535 3101 2847 3173 δεξάμενος,
2882 3102 3273 3156 συναποϐάλλει
3309 3103 3529 3166 πάντως
3561 3102 3708 3173 μετὰ

2123 3195 2220 3265 τῆς
2254 3194 2424 3264 ἀκοῆς
2457 3195 2553 3248 καὶ
2583 3195 2684 3266 τὴν
2719 3195 2954 3248 σύνεσιν.

2193 3373 2293 3427 Διά
2323 3373 2480 3427 τοῦτο
2508 3374 2695 3444 ὥσπερ
2725 3377 2842 3427 ἐκεῖ
2875 3376 2974 3444 μὲν
3002 3375 3364 3448 γενικώτερον
3398 3377 3716 3446 μνημονεύ-

2126 3483 2224 3528 σας
2260 3465 2352 3518 τοῦ
2383 3467 2524 3519 κατά
2552 3465 2641 3517 τὸν
2658 3467 2782 3534 ὅφιν
2811 3465 3094 3536 ὀνόματος,
3131 3467 3324 3534 ἐπάγει
3357 3466 3422 3519 τὸ
3445 3461 3587 3529 εἶδος
3616 3464 3715 3519 τοῦ

2123 3558 2313 3628 θηρίου
2339 3560 2401 3610 τὸ
2427 3558 2484 3611 ἐν
2505 3557 2582 3627 τῷ
2607 3557 2752 3625 γένει
2782 3557 3130 3626 πικρότατον,
3155 3557 3253 3629 τὴν
3278 3558 3483 3611 ἀσπίδα
3501 3558 3680 3625 λέγων
3696 3571 3713 3588 ⁸

2121 3649 2264 3702 οῦτω
2297 3649 2390 3702 καὶ
2422 3648 2667 3705 ἐνταῦθα.
2694 3642 2804 3700 οἷον
2831 3651 2888 3701 ἐν
2919 3649 3066 3712 γένει
3101 3651 3207 3702 τινὶ
3234 3649 3294 3702 τὸ
3327 3649 3430 3719 τῆς
3465 3650 3716 3721 ἀκάνθης

2121 3742 2294 3812 ὄνομα
2316 3739 2740 3812 προεκθέμενος,
2779 3739 2976 3808 ἐπάγει
3007 3741 3068 3794 τὸ
3099 3741 3480 3813 χαλεπώτερον
3509 3743 3568 3796 ἐν
3591 3745 3717 3807 ταῖς

2121 3833 2382 3897 ἀκάνθαις
2442 3828 2599 3896 εἶδος,
2654 3833 2752 3906 τὴν
2783 3835 2987 3905 ῥάμνον
3016 3833 3207 3898 εἰπὼν,
3253 3830 3322 3906 ἦς
3379 3833 3552 3898 ὀξεῖαι
3615 3837 3718 3905 μὲν

2123 3927 2230 4000 [αἱ]
2253 3928 2449 3998 ἀκμαὶ,
2469 3931 2711 4000 συνεχεῖς
2742 3929 2798 3982 δὲ
2823 3931 2878 3982 αἱ
2902 3929 3184 4000 προϐολαὶ,
3213 3928 3507 3998 βλαπτικαὶ
3524 3929 3582 3984 δὲ
3606 3930 3718 3982 τῶν

2121 4019 2589 4090 προσεγγιζόντων
2610 4021 2703 4075 καὶ
2731 4021 2902 4085 ίώδεις
2933 4024 2988 4074 αἱ
3019 4021 3247 4094 ἀμυχαί.
3285 4021 3431 4092 Πλὴν
3454 4021 3594 4074 ἀλλά
3619 4024 3718 4074 καὶ

2121 4111 2330 4166 ἄκανθα
2353 4108 2472 4182 ἦτε,
2507 4113 2690 4185 φησὶν,
2725 4113 2833 4168 κᾶν
2883 4117 2941 4166 ἐν
2985 4115 3247 4174 ἀκάνθαις
3293 4115 3326 4184 ή
3357 4114 3585 4185 ῥάμνος,
3638 4114 3717 4178 ὡς

2119 4203 2200 4257 ἔτι
2233 4203 2440 4256 οἴεσθαι
2475 4200 2610 4278 ζῆν’
2647 4205 2707 4257 οὐ
2743 4204 2853 4276 γάρ
2902 4205 3119 4275 άληθῶς
3161 4206 3251 4277 ζῇ,
3283 4205 3382 4276 τὴν
3413 4205 3590 4277 ἀληθῆ
3639 4205 3717 4276 μὴ

2119 4294 2258 4365 ἔχων
2304 4294 2470 4364 ζωήν.
2515 4297 2580 4347 Ἦ
2611 4297 2748 4367 ὀργὴ
2803 4297 3128 4350 καταπίεται
3172 4299 3344 4368 ὑμᾶς·
3379 4297 3474 4351 καὶ
3521 4297 3718 4369 ὥσπερ

2117 4387 2228 4440 τῶν
2259 4385 2597 4460 ἁμαρτωλῶν
2631 4390 2665 4458 ή
2696 4388 2809 4461 ζωὴ
2884 4390 2986 4444 οὐκ
3021 4389 3086 4442 ἂν
3133 4388 3348 4460 άληθῶς
3380 4389 3528 4442 ἐστιν
3563 4390 3592 4440 ὅ
3626 4389 3719 4442 λέ-

438 4484 660 4538 modum
719 4483 832 4537 vita
887 4493 1234 4552 peccatorum
1265 4501 1372 4539 non
1424 4500 1552 4540 vere
1597 4493 1701 4549 est,
1742 4485 1888 4556 quod
1928 4486 2014 4540 di-

2125 4494 2294 4546 γεται,
2339 4476 2454 4530 ἀλλ’
2500 4475 2824 4548 ὀνομάζεται
2865 4480 3024 4550 μόνον
3063 4478 3146 4549 (τὸ
3173 4478 3284 4550 γάρ
3312 4481 3412 4550 τῆς
3445 4478 3716 4550 ἀληθινῆς

438 4574 605 4640 citur,
659 4573 755 4638 sed
797 4574 1178 4641 tantummodo
1225 4575 1350 4630 talis
1378 4576 1584 4630 dicitur
1631 4577 1780 4646 (nam
1822 4590 1944 4645 quae
1985 4590 2016 4629 a

436 4681 569 4721 vera
596 4667 708 4721 vita
732 4666 983 4736 sejuncta
1007 4675 1113 4731 est,
1151 4668 1242 4721 illa
1273 4667 1460 4738 utique
1495 4683 1635 4724 verae
1669 4669 1791 4722 vita:
1813 4684 2015 4723 nomen

437 4774 548 4825 non
583 4760 871 4824 meretur),
903 4760 984 4813 sic
1017 4767 1072 4814 et
1105 4759 1158 4812 in
1178 4758 1285 4814 Deo
1319 4761 1399 4813 ira
1426 4760 1598 4814 nihilo
1620 4763 1793 4830 magis
1815 4764 2012 4826 iraest,

439 4850 569 4904 licet
597 4865 626 4902 a
661 4851 1044 4921 peccatoribus
1067 4850 1190 4904 talis
1216 4859 1268 4904 et
1293 4851 1579 4914 habeatur,
1603 4859 1657 4906 et
1677 4853 2010 4908 nominetur.

437 4941 557 4998 Non
591 4949 677 4997 est
704 4943 807 5006 ira,
835 4940 931 4996 sed
970 4959 990 4993 ι
1017 4942 1160 4996 sicut
1192 4942 1294 5006 ira,
1317 4963 1336 4994 ι
1374 4945 1680 5012 appellatur
1698 4945 2010 5009 retributio,

439 5050 607 5105 quam
637 5032 784 5089 Deus
808 5032 1079 5102 rependit,
1111 5042 1273 5102 prout
1302 5032 1400 5101 jus,
1435 5034 1624 5104 fasque
1652 5034 1840 5106 exigit.
1897 5034 2013 5091 Hoc

436 5126 606 5196 igitur
653 5129 741 5180 est
790 5123 925 5177 illud
956 5141 969 5176 :
1005 5140 1024 5174 ι
1051 5120 1207 5176 Sicut
1277 5123 1562 5188 viventes;
1595 5143 1613 5174 ι
1676 5132 1732 5178 et
1767 5140 1780 5177 :
1813 5142 1831 5175 ι
1859 5121 2013 5178 Sicut

433 5217 488 5287 in
535 5221 614 5274 ira
645 5217 962 5281 absorbebit
984 5232 1104 5282 vos,
1131 5235 1152 5268 ο
1187 5218 1281 5286 qui
1311 5218 1365 5271 in
1395 5233 1521 5273 vera
1565 5219 1674 5273 vita
1710 5235 1817 5274 non
1848 5221 2006 5285 estis,

433 5315 552 5383 ipse
578 5323 761 5367 tamen
801 5325 929 5366 vere
978 5310 1154 5366 iratus
1209 5326 1317 5364 non
1363 5321 1467 5365 est.
1525 5309 1730 5368 Deinde
1779 5314 2008 5369 subdit:

435 5423 457 5468 ε
505 5402 803 5458 laetabitur
835 5401 1022 5471 justus
1061 5417 1215 5456 cum-
1244 5401 1438 5457 viderit
1490 5403 1806 5466 vindictam,
1831 5423 1851 5456 ι
1901 5421 2010 5459 non

431 5493 579 5564 quod
603 5500 825 5564 propter
843 5493 1086 5563 perditos
1104 5492 1358 5564 gaudeat,
1378 5493 1473 5550 sed
1497 5495 1644 5565 quod
1663 5510 1730 5552 ex
1757 5497 2010 5567 opposito

433 5598 525 5644 res
566 5597 699 5638 suas
737 5597 862 5637 cum
897 5583 1064 5638 rebus
1110 5583 1326 5637 illorum
1362 5599 1719 5654 componens.
1765 5593 1896 5642 tunc
1923 5603 2009 5646 se,-

443 5671 624 5739 ipsum
657 5673 876 5729 beatum
909 5675 1308 5746 praedicaturus
1342 5677 1434 5741 sit,
1467 5677 1536 5732 ob
1566 5689 1714 5732 recta
1753 5680 2004 5745 consilia,

451 5761 650 5847 quibus
672 5763 870 5840 effecit,
903 5782 972 5824 ne
1004 5782 1147 5842 unus
1180 5784 1250 5843 ex“
1297 5769 1511 5825 illorum
1554 5788 1780 5846 numero
1831 5774 2009 5856 ﬁeret,

2124 4568 2270 4639 ζωῆς
2315 4567 2712 4638 διεζευγμένον,
2747 4569 2861 4641 ζωὴ
2882 4571 2982 4624 οὐκ
3009 4569 3178 4641 ἐστιν)
3205 4588 3221 4602 ·
3257 4571 3431 4635 οὕτως
3469 4572 3567 4625 καὶ
3621 4576 3716 4626 ἐπὶ

2121 4661 2214 4714 τοῦ
2257 4659 2392 4714 Θεοῦ
2445 4663 2478 4731 ή
2535 4659 2695 4732 ὀργὴ,
2720 4661 2824 4715 κᾶν
2870 4665 2984 4727 τοῖς
3031 4662 3372 4735 ἁμαρτωλοῖς
3396 4663 3555 4717 τοῦτο
3619 4666 3717 4718 καὶ

2123 4754 2370 4824 φαίνεται
2423 4753 2517 4806 καὶ
2551 4754 2680 4824 παρ’
2714 4753 2893 4807 αὐτῶν
2929 4754 3277 4826 ὀνομάζεται,
3314 4755 3467 4809 οὐδὲν
3503 4755 3713 4826 μᾶλλόν

2123 4849 2268 4899 ἐστιν
2308 4844 2464 4917 ὀργὴ,
2510 4845 2627 4900 ἀλλ’
2665 4861 2690 4899 ε
2738 4846 2813 4910 ὡς
2847 4846 2984 4917 ὀργὴ
3045 4863 3066 4898 ›
3103 4847 3218 4910 τοῖς
3247 4845 3391 4899 οὕτω
3432 4847 3531 4918 τὴν
3567 4848 3717 4900 κατὰ

2119 4940 2181 4992 τὸ
2223 4938 2430 4993 δίκαιον
2475 4938 2570 4993 τοῦ
2621 4937 2760 4991 Θεοῦ
2799 4937 3202 5011 ἀντιδιδομένην
3236 4938 3470 5009 ἀμοιϐὴν
3505 4940 3712 5009 ονομα·

2123 5032 2296 5097 ζουσι.
2323 5032 2494 5084 Τοῦτο
2540 5025 2632 5084 οῦν
2679 5032 2828 5083 ἐστιν
2859 5031 2940 5096 τὸ,
2978 5049 2997 5082 ι
3047 5029 3194 5084 Ὧσεὶ
3233 5031 3462 5095 ζῶντας.
3500 5051 3520 5082 ι
3573 5033 3713 5098 Καὶ,

2126 5143 2147 5178 ι
2193 5125 2281 5188 Ὦς
2336 5128 2394 5178 ἐν
2438 5125 2575 5196 ὀργῇ
2623 5123 2949 5178 καταπίεται
2993 5125 3158 5194 ὑμᾶς,
3197 5147 3216 5175 ι
3247 5125 3349 5177 οὐκ
3378 5126 3436 5177 ἐν
3473 5125 3710 5196 ἀληθινῇ

2120 5218 2234 5290 ζωῇ
2278 5219 2458 5283 ὄντας,
2490 5216 2613 5270 οὔτε
2658 5215 2875 5288 άληθῶς
2901 5216 3108 5279 ἐκεῖνος
3137 5216 3197 5269 ἐν
3227 5216 3364 5290 ὀργῇ
3392 5215 3714 5288 θεωρούμει

2121 5329 2232 5376 νος.
2293 5307 2431 5366 Εἶτά
2494 5327 2680 5382 φησιν’
2723 5329 2742 5362 ι
2797 5309 3250 5381 Εὐφρανθήσεται
3289 5311 3499 5372 δίκαιος
3528 5312 3608 5363 ὅτ’
3647 5312 3712 5363 ἂν

2118 5404 2203 5474 ιδῃ
2231 5402 2526 5474 ἐκδίκησιν.
2571 5421 2590 5455 ι
2629 5401 2739 5471 Οὐχ
2772 5399 2849 5464 ὼς
2891 5401 3193 5474 ἐπικαίρων
3234 5405 3347 5465 τοῖς
3392 5401 3710 5471 amicae-

2116 5513 2248 5561 νοις,
2294 5494 2409 5549 ἀλλ’
2454 5493 2530 5558 ὼς
2579 5495 2645 5547 ἐκ
2692 5493 3038 5564 παραλλήλου
3085 5491 3153 5545 τά
3196 5492 3393 5547 ἑαυτοῦ
3444 5494 3584 5562 πρὸς
3640 5495 3711 5546 τὰ

2116 5587 2341 5642 ἐκείνων
2374 5585 2668 5654 ἀνατιθεὶς,
2712 5586 2833 5640 τότε
2887 5587 3182 5658 μακαρίσει
3235 5585 3428 5638 ἑαυτὸν
3459 5587 3560 5656 τῆς
3611 5588 3707 5640 εὑ-

2117 5681 2354 5747 ϐουλίας,
2401 5682 2484 5734 ὅτι
2515 5680 2590 5753 μὴ
2623 5682 2682 5734 ἐν
2716 5680 2944 5744 ἐκείνοις
2990 5681 3230 5748 ἐγένετο,
3259 5682 3318 5733 ἐν
3359 5675 3442 5742 οἷς
3466 5681 3572 5750 ὁρᾷ
3595 5681 3707 5733 τῶν

2119 5773 2455 5855 ἀμαρτωλῶν
2487 5774 2586 5846 τὴν
2633 5773 2928 5845 ἐκδίκησιν.
2979 5773 3088 5858 Τὴν
3119 5772 3228 5845 γὰρ
3269 5773 3383 5829 τῶν
3414 5772 3562 5826 ἰδίων
3589 5789 3706 5854 χει,-
