3870 6220
197 332 301 386 3.97

1606 327 1670 381 IN
1715 327 2053 385 PSALMOS.

3348 331 3454 391 sua

201 457 314 527 ρῶν
344 452 712 524 καθαρότητα,
743 454 812 524 τῇ
841 452 978 524 πρὸς
1000 452 1062 506 τὸ
1086 451 1281 524 λύθρον
1302 450 1408 507 τῶν
1438 451 1777 524 ἁμαρτωλῶν
1807 487 1817 516 Α

1920 468 1935 504 l
1969 450 2170 521 quibus
2198 451 2315 522 ipse
2356 459 2701 520 peccatorum
2737 451 3036 507 vindictam
3065 452 3458 521 conspicatur;

199 544 573 610 ἀντεξετάσει,
606 543 804 614 μᾶλλον
838 541 1150 611 κατόψεται.
1190 561 1208 594 ε
1259 544 1462 614 Χεῖρας
1513 543 1699 607 αὐτοῦ,
1756 563 1774 596 ι

1924 541 2228 612 ropriarum
2261 542 2405 595 enim
2433 556 2691 596 manuum
2726 545 3024 612 puritatem
3057 543 3230 613 magis
3252 558 3458 614 cogno~

201 641 392 708 φησὶν,
439 655 458 689 ι
507 637 717 706 νίψεται
768 636 827 689 ἐν
869 636 949 706 τῷ
995 636 1186 707 αἵματι
1221 634 1315 688 τοῦ
1369 635 1712 706 άμαρτωλοῢ.
1758 654 1776 687 ι

202 728 443 798 Οἴδαμεν
468 727 544 793 δὲ,
577 728 658 780 ὅτι
689 727 792 779 οὐκ
833 725 994 778 άλλου
1025 725 1170 786 τινὸς
1195 724 1353 794 χάριν
1381 723 1699 794 νιπτόμεθα,
1747 723 1782 793 ἢ

207 821 298 874 ἵνα
342 819 422 890 τῷ
464 818 615 871 ὕδατι
655 817 747 871 τὸν
803 816 974 888 ῥύπον
1022 815 1492 886 ἀποκλυσώμεθασ
1523 817 1552 869 ὁ
1591 816 1649 869 δὲ
1689 815 1784 868 τοῦ

206 909 442 980 αἵματος
462 907 734 978 μολυσμὸς
753 907 852 960 οὐκ
871 904 1234 972 ἀποκαθαίρει
1259 904 1349 957 τὸν
1367 905 1787 976 προϋπάρχοντα

209 1001 406 1072 ῥύπον,
438 999 554 1053 ἀλλ’
587 998 750 1061 αὐτὸς
790 998 998 1066 γίνεται
1032 995 1223 1066 ῥύπος.
1271 995 1482 1050 Ούκοῦν
1511 995 1700 1066 ὥσπερ
1727 997 1788 1049 τὸ

207 1092 406 1144 λευκὸν
436 1089 634 1161 χρῶμα
675 1091 742 1159 τῇ
780 1087 1200 1157 άντιπαραθέσει
1249 1085 1342 1140 τοῦ
1372 1088 1601 1158 αἵματος
1632 1088 1791 1158 ἐκδη-

209 1183 431 1254 λότερον
463 1183 690 1250 γίνεται,
726 1179 898 1243 οὕτως
928 1179 1020 1234 καὶ
1048 1181 1082 1249 ὴ
1113 1178 1219 1231 τῶν
1239 1178 1437 1250 χειρῶν
1458 1176 1553 1230 τοῦ
1580 1177 1789 1232 δικαίου

212 1275 550 1346 καθαρότης,
575 1273 665 1326 διά
685 1274 786 1343 τῆς
827 1271 923 1326 τοῦ
957 1271 1197 1324 ἐναντίου
1242 1270 1599 1342 συγκρίσεως,
1647 1269 1790 1340 λαμ-

215 1370 463 1440 προτέρα
503 1365 844 1420 καθίσταται.
887 1365 960 1418 Τὸ
992 1364 1102 1435 γὰρ
1128 1363 1224 1418 νῦν
1263 1363 1677 1434 ἀπιστούμενον,
1711 1364 1792 1416 ὅτι

213 1460 302 1523 τίς
351 1461 465 1512 ἐστι
509 1459 622 1519 τοῖς
665 1457 755 1511 διὰ
799 1456 906 1509 τῶν
941 1455 1043 1525 τῆς
1073 1454 1275 1527 ἀρετῆς
1317 1455 1493 1508 πόνων
1533 1455 1795 1519 ἑκουσίως

213 1549 633 1619 κακοπαθήσασι
663 1547 921 1619 μετουσία
951 1545 1045 1599 τοῦ
1079 1546 1404 1618 κρείττονος.
1435 1545 1556 1598 τότε
1581 1545 1669 1598 διὰ
1696 1545 1795 1614 τῆς

155 1695 166 1702 ,
215 1639 416 1710 πείρας
449 1637 926 1708 φανερωθήσεται·
973 1637 1002 1689 ὁ
1037 1635 1148 1706 γάρ
1195 1635 1366 1688 ταῦτα
1399 1633 1611 1703 βλέπων
1655 1634 1791 1704 ἐρεῖ,

1885 643 2020 698 seet,
2072 633 2118 689 si
2145 647 2264 687 eam
2309 648 2433 687 cum
2490 633 2802 703 iniquorum
2841 635 3096 689 sordibus
3147 643 3458 704 componat.

1891 741 1910 774 ι
1936 725 2152 790 Manus,
2184 742 2202 775 ι
2241 724 2440 794 inquit,
2467 743 2487 776 ι
2526 741 2655 781 suas
2685 726 2889 781 lavabit
2933 727 2986 779 in
3027 726 3294 796 sanguine
3332 741 3463 796 pec-

1887 815 2116 870 catoris.
2148 835 2167 868 »
2199 815 2395 870 Νοιυω
2447 823 2552 880 est,
2609 833 2710 874 nos
2754 835 2866 873 non
2919 820 3028 874 alio
3083 819 3190 873 ﬁne
3262 834 3465 872 manus

1888 908 2131 970 abluere,
2197 923 2361 978 quam
2397 917 2457 962 ut
2497 909 2688 966 sordes
2731 927 2828 981 per
2877 927 3073 982 aquam
3137 912 3463 976 abluamus;

1889 1008 1943 1052 at
1969 999 2255 1067 sanguinis
2289 1002 2538 1070 aspcrsio
2570 1018 2679 1057 non
2734 1003 3000 1058 emundat
3039 1004 3308 1071 maculas,
3344 1017 3467 1072 qua:

1889 1090 2042 1159 prius
2064 1089 2302 1152 inerant.
2334 1106 2458 1146 cum
2495 1094 2613 1164 ipse
2639 1095 2864 1164 sanguis
2893 1094 2964 1149 sit
2995 1093 3244 1164 quaedam
3268 1100 3464 1148 conta-

1891 1184 2144 1239 minatio.
2183 1184 2454 1251 Quocirca
2489 1188 2948 1257 quemadmodum
2997 1189 3150 1242 color
3177 1187 3334 1241 albus
3374 1201 3464 1256 op-

1891 1277 2104 1345 positus
2149 1279 2400 1349 sanguini
2451 1281 2788 1349 splendidior
2832 1289 3078 1351 apparet,
3128 1281 3212 1336 sic
3262 1287 3318 1335 et
3347 1295 3466 1333 ma-

1892 1383 2060 1421 nuum
2087 1369 2221 1438 justi
2242 1372 2536 1428 mundities
2570 1373 2908 1443 splendidior
2935 1372 3152 1428 exsistit
3177 1371 3467 1428 collatione

1895 1465 1948 1510 et
2005 1457 2442 1530 juxtapositione
2475 1463 2759 1518 contrarii.
2793 1463 2928 1517 Nam
2958 1463 3105 1534 quod
3145 1478 3291 1516 nunc
3315 1478 3456 1533 aegre

1895 1549 2168 1616 creditur,
2221 1567 2342 1609 esse
2388 1554 2639 1610 videlicet
2672 1555 2780 1611 illis
2811 1556 2904 1625 qui
2946 1570 3043 1624 per
3085 1553 3308 1608 virtutis
3347 1563 3470 1607 stu-

1895 1642 2045 1696 dium
2111 1645 2314 1700 multos
2367 1645 2582 1702 labores
2652 1647 2955 1710 exantlant,
3026 1643 3468 1700 communionem

213 1731 302 1783 ὅτι
331 1725 421 1800 ἦν,
453 1729 528 1792 ὡς
567 1728 763 1794 ἔοικεν,
781 1727 859 1798 τῷ
886 1726 1078 1798 δικαίῳ
1107 1727 1319 1797 καρπὸς
1351 1725 1710 1796 ἀποκείμενος
1740 1727 1796 1776 ὲν

1920 1733 2194 1802 luamdam
2244 1738 2650 1793 excellentioris
2701 1737 2990 1807 cujusdam
3037 1737 3186 1802 boni,
3237 1735 3292 1790 id
3342 1745 3474 1788 tunc

214 1825 286 1893 τῇ
321 1821 507 1892 δικαίᾳ
551 1820 644 1876 τοῦ
693 1819 829 1874 Θεοῦ
868 1819 1069 1892 κρίσει.
1115 1820 1278 1890 Ὁρᾷς
1316 1819 1435 1882 οἵας
1475 1817 1802 1887 ἐπιϐέϐηκεν

1925 1840 2024 1894 pso
2057 1828 2433 1896 experimento
2467 1828 2818 1884 manifestum
2855 1829 2977 1894 ﬁet;
3036 1829 3129 1900 qui
3175 1827 3319 1883 enim
3349 1826 3474 1880 haec

213 1913 532 1984 ἀκρωρείας
575 1913 605 1965 ό
650 1911 837 1980 λόγος;
867 1912 991 1964 ὅσον
1019 1910 1309 1982 ὑπεραίρει
1345 1908 1456 1964 τῶν
1481 1908 1797 1981 προδεικνυ-

1920 1913 2123 1981 viderit,
2168 1917 2214 1970 is
2243 1918 2390 1972 dicet
2424 1934 2566 1984 esse,
2617 1927 2676 1972 ut
2700 1919 2877 1986 decet,
2920 1920 3070 1988 justo
3097 1917 3340 1972 fructum
3381 1933 3472 1971 re-

221 2003 407 2074 μένων
438 2004 496 2056 έν
519 2004 631 2066 τοῖς
657 2001 906 2072 Ψαλμοῖς
937 2002 998 2054 τὸ
1028 2001 1289 2072 μέγεθος;

1920 2007 2145 2073 positum
2170 2009 2224 2062 in
2259 2009 2413 2079 justo
2451 2010 2542 2066 Dei
2590 2011 2820 2081 judicio.
2857 2010 3019 2066 Vides
3052 2011 3106 2064 in
3140 2024 3302 2080 quam
3347 2007 3474 2061 alti-

216 2095 471 2150 tudinem
535 2093 841 2152 ascenderit
905 2094 1104 2160 oratio,
1167 2101 1437 2164 quantum
1502 2091 1736 2150 excedat
1773 2091 2159 2155 celsitudinem
2207 2117 2422 2168 eorum,
2485 2120 2607 2174 qua:
2637 2105 2692 2158 in
2748 2103 3184 2175 praecedentibus
3251 2095 3478 2165 psalmis

219 2200 460 2250 tractata
496 2192 665 2248 sunt?

736 2282 1134 2338 ΚΕΦΛΛΔΙΟΝ
1171 2286 1292 2352 ις’.

2467 2282 2700 2339 CAPUT
2738 2281 2874 2340 XVI.

311 2375 449 2429 Ἀλλ’
479 2374 601 2428 οὐδὲ
629 2369 783 2439 οὗτος
813 2377 938 2448 ὅρος
981 2376 1081 2446 τῆς
1125 2379 1204 2442 είς
1233 2377 1297 2430 τὸ
1325 2376 1461 2446 ὕψος
1487 2375 1803 2438 ἀναϐάσεως

1973 2370 2173 2427 Verum
2223 2389 2399 2443 neque
2443 2375 2534 2430 hic
2590 2377 2862 2431 terminus
2901 2375 3246 2430 ascensionis
3294 2375 3477 2448 ﬁgitur

214 2470 338 2532 τοῖς
383 2467 450 2522 δι’
484 2468 685 2538 ἀρετῆς
731 2467 1099 2538 προκόπτουσι
1141 2468 1367 2536 γίνεται.
1410 2469 1470 2521 '0
1511 2466 1620 2537 γὰρ
1665 2466 1804 2536 μετὰ

1924 2463 2034 2528 llis,
2088 2465 2181 2533 qui
2217 2481 2314 2534 per
2337 2466 2594 2521 virtutem
2654 2466 2971 2536 proﬁciunt.
3015 2466 3156 2519 Nam
3200 2465 3471 2536 psalmus,

215 2558 417 2614 τοῦτον
443 2563 510 2628 τῇ
537 2560 828 2631 ἀκολουθίᾳ
851 2561 954 2632 τῆς
977 2558 1204 2626 τάξεως,
1235 2562 1374 2633 ὑπὲρ
1402 2561 1589 2615 τοῦτον
1615 2561 1709 2614 καὶ¹
1737 2563 1802 2630 τῇ

1920 2555 1995 2623 μιί
2029 2556 2220 2610 ordine
2247 2559 2514 2626 sequitur,
2538 2557 2685 2612 hunc
2717 2573 2980 2627 superare
3018 2558 3238 2612 videtur
3257 2557 3473 2626 magni-

222 2648 572 2720 μεγαλοφυῖᾳ
620 2650 720 2719 τῆς
770 2647 1002 2720 θεωρίας
1056 2649 1390 2719 εὑρίσκεται.
1444 2649 1614 2704 Πάλιν
1657 2649 1714 2703 δὲ
1769 2652 1802 2720 ἡ

1920 2647 2100 2703 tudine
2135 2649 2450 2703 abditorum
2483 2665 2746 2704 sensuum
2783 2669 2796 2704 :
2830 2650 2925 2705 ubi
2957 2664 3154 2704 rursus
3187 2646 3480 2715 inscriptio

220 2739 513 2810 ἐπιγραφὴ
563 2738 1020 2811 ἀνακηρύσσουσα
1072 2739 1165 2793 τὸν
1231 2741 1588 2813 στεφανίτην·
1644 2741 1806 2795 πάλιν

1920 2739 2178 2794 victorem
2213 2755 2418 2794 corona
2461 2741 2782 2811 insignitum
2816 2740 3080 2812 praedicat
3119 2757 3132 2792 :
3166 2753 3361 2792 rursus
3387 2752 3483 2791 co-

221 2831 318 2885 ὲπ’
347 2830 526 2885 αὐτῶν
555 2829 723 2901 στήλη
748 2829 810 2882 τὸ
842 2830 982 2900 ὑπὲρ
1016 2830 1302 2903 ἄνθρωπον
1331 2828 1468 2887 εἶναι
1498 2835 1598 2906 τήν
1623 2834 1807 2888 τοιαύ-

1920 2832 2101 2884 lumna
2123 2839 2360 2885 testatur
2393 2847 2558 2902 supra
2581 2833 2876 2885 humanam
2925 2831 3242 2884 facultatem
3286 2829 3482 2899 hujus-

219 2941 332 2995 την
361 2923 518 2994 νίκην
549 2922 903 2994 μαρτύρεται.
946 2942 966 2975 ι
1001 2925 1097 2988 El;
1129 2925 1190 2978 τὸ
1232 2926 1384 2990 τέλος
1418 2946 1437 2978 ι
1479 2926 1613 2997 γὰρ,
1651 2929 1805 2997 φησὶ,

1920 2921 2058 2975 modi
2083 2923 2370 2976 victoriam
2398 2938 2541 2978 esse.
2562 2923 2652 2976 Ait
2677 2925 2822 2978 enim
2859 2943 2872 2977 :
2905 2943 2923 2974 ‹
2965 2922 3023 2977 In
3055 2923 3238 2986 ﬁnem,
3271 2939 3340 2976 ne
3371 2921 3485 2978 dis-

233 3034 260 3069 σ
309 3015 386 3088 μὴ
413 3015 751 3089 διαφθείρῃς.
789 3035 810 3068 ι
845 3016 1074 3087 Εἴρηται
1106 3017 1386 3083 πολλάκις,
1417 3021 1497 3074 ὅτι
1527 3021 1652 3092 νίκη
1695 3021 1810 3074 ἐστὶ

1920 3015 2192 3084 perdas“.
2216 3034 2235 3067 ι
2277 3017 2432 3086 Saepe
2467 3017 2672 3070 dictum
2711 3023 2815 3079 est,
2851 3036 2870 3068 ι
2903 3017 3024 3072 ﬁnis
3057 3035 3076 3069 ι
3120 3015 3484 3086 signiﬁcatum

224 3109 329 3161 τοῦ
369 3107 556 3171 τέλους
596 3107 656 3160 τὸ
691 3106 1109 3178 σημαινόμενον,
1156 3111 1252 3165 καὶ
1296 3111 1448 3165 οὐδὲν
1495 3114 1603 3184 χρὴ
1651 3113 1809 3167 πάλιν

1920 3123 2037 3163 esse
2069 3108 2390 3174 victoriam;
2427 3124 2604 3178 neque
2630 3125 2769 3179 opus
2796 3118 2879 3164 est
2906 3109 3086 3164 denuo
3111 3107 3390 3178 explicare
3429 3105 3486 3159 id

228 3199 633 3271 ἐφερμηνεύειν
661 3197 740 3269 τῷ
776 3199 920 3272 λόγῳ
956 3201 1017 3254 τὸ
1043 3202 1402 3274 ἐγνωσμένον.
1443 3205 1516 3257 Τὸ
1545 3205 1624 3269 δὲ,
1664 3223 1683 3257 ι
1722 3205 1813 3277 Μὴ

1920 3201 2061 3271 quod
2107 3203 2220 3272 jam
2268 3203 2458 3272 liquet.
2516 3202 2650 3256 Illud
2704 3217 2874 3270 vero,
2916 3221 2933 3254 ι
2971 3201 3048 3257 Ne
3095 3199 3408 3272 disperdas,
3467 3223 3499 3257 λ

225 3293 580 3366 διαφθείρῃς,
615 3313 635 3345 ι
667 3295 700 3364 ἡ
729 3293 1108 3366 φιλάνθρωπος
1133 3294 1272 3368 αὕτη
1314 3296 1486 3367 φωνὴ,
1513 3297 1608 3350 καὶ
1635 3299 1816 3351 πᾶσαν

238 3382 622 3454 μακροθυμίας
655 3383 961 3455 ὑπερϐολὴν
1003 3385 1298 3456 παριοῦσα,
1343 3387 1586 3457 μείζονος
1636 3389 1819 3442 ἐπιϐέ-

235 3474 411 3545 ϐηκεν
435 3475 494 3528 ἐν
519 3474 599 3544 τῷ
623 3475 771 3541 τόπῳ
800 3475 974 3546 τούτῳ
1016 3477 1116 3548 τῆς
1158 3477 1413 3541 διανοίας.
1447 3479 1543 3542 Τίς
1573 3479 1682 3550 γὰρ
1720 3482 1820 3534 οὑκ

233 3560 416 3627 οἶδεν,
481 3564 563 3618 ὅτι
627 3566 915 3638 πρόχειρος
975 3567 1074 3638 μὲν
1122 3569 1202 3632 εἰς
1253 3569 1497 3624 εὐποιίαν
1557 3571 1674 3624 ἐστὶ
1727 3573 1822 3626 καὶ

236 3657 352 3711 τῶν
387 3657 750 3728 ἐπιτυχόντων
780 3659 1008 3723 ἕκαστος
1052 3659 1144 3712 ἐπὶ
1186 3661 1296 3715 τῶν
1324 3661 1589 3733 μηδεμίαν
1630 3680 1822 3734 προεν-

237 3749 574 3821 δειξαμένων
611 3751 850 3804 κακίαν⁸
889 3751 1150 3815 πολλάκις
1196 3753 1252 3806 δὲ
1293 3755 1388 3808 καὶ
1437 3758 1638 3826 μικρᾶς
1677 3773 1824 3821 τινος

239 3842 426 3912 λύπης
475 3843 1013 3915 προσγεγενημένης,
1070 3847 1099 3898 ό
1152 3845 1250 3915 μὲν
1302 3846 1823 3919 μεγαλοψυχότερος,

239 3934 448 4004 ἤνεγκε
497 3933 596 4004 τὴν
648 3933 742 3986 ἐπὶ
795 3936 908 3997 τοῖς
961 3938 1176 4006 μικροῖς
1233 3937 1444 4008 ἀηδίαν,
1497 3942 1592 3992 καὶ
1644 3941 1702 3992 ἐν
1747 3939 1826 4010 τῷ

242 4024 424 4095 καιρῷ
453 4025 553 4095 τῆς
578 4025 824 4089 εὐποιίας
849 4025 950 4081 οὐκ
981 4028 1273 4100 ἀπετράπη
1299 4030 1456 4084 τοῦτο
1481 4031 1702 4102 ποιῆσαι
1728 4049 1822 4085 κα-

244 4117 380 4181 λῶς,
419 4117 510 4169 τὸν
542 4116 636 4170 ἐπὶ
668 4117 911 4189 μετρίοις
949 4118 1296 4192 λυπήσανταο
1342 4124 1371 4175 ὁ
1416 4123 1472 4176 δὲ
1521 4127 1830 4195 μικροφυὴς

243 4208 349 4281 τὴν
374 4208 633 4274 διάνοιαν,
669 4208 778 4263 κᾶν
817 4208 990 4280 βραχύ
1015 4228 1068 4264 τι
1105 4211 1168 4265 τὸ
1195 4213 1493 4284 παροξύνον
1520 4215 1677 4287 τύχῃ,
1721 4219 1828 4270 πᾶ-

249 4315 354 4354 σαν
393 4298 687 4370 ἐπαφίησιν
711 4301 862 4372 αὐτῷ
903 4301 999 4372 τὴν
1027 4303 1328 4375 ἀμυντικὴν
1358 4305 1608 4377 δύναμιν,
1638 4307 1829 4380 καιροῦ

246 4407 400 4453 τινος
435 4393 514 4454 είς
542 4391 862 4446 κακοποιίαν
899 4392 1214 4462 λαϐόμενος.
1248 4395 1457 4451 Οὐκοῦν
1489 4397 1589 4451 οὐκ
1627 4399 1740 4452 ἴσον
1769 4400 1831 4452 τὸ

248 4482 463 4552 θαῦμα,
492 4481 596 4535 κᾶν
621 4483 807 4553 ὅμοιον
850 4483 910 4536 τὸ
934 4485 1282 4556 εὐεργέτημα
1306 4485 1466 4560 τύχῃ,
1510 4488 1601 4541 ἐπί
1636 4506 1696 4541 τε
1737 4490 1831 4543 τοῦ

252 4573 429 4645 μηδὲν
475 4574 911 4644 προπεπονθότος
941 4575 1131 4642 κακὸν,
1174 4577 1269 4630 καὶ
1298 4578 1391 4630 ἐπὶ
1417 4577 1510 4632 τοῦ
1566 4580 1832 4645 εὐποιίαις

249 4665 630 4736 ἀμειψαμένου
676 4666 766 4720 τὸν
808 4666 1252 4738 προλυπήσαντα.
1287 4668 1488 4723 Τούτου
1527 4671 1708 4742 χάριν,
1758 4673 1834 4736 ὡς

249 4757 320 4811 ἂν
374 4757 607 4827 μάλιστα
653 4757 716 4811 τὸ
759 4758 1103 4828 ἀπαράθετόν
1152 4777 1213 4812 τε
1254 4762 1349 4815 καὶ
1396 4761 1671 4832 ἀζήλωτον
1713 4766 1835 4817 ἐπιο

247 4847 496 4919 δειχθείη
537 4849 638 4919 τῆς
678 4849 774 4903 τοῦ
817 4851 980 4904 Δαϐὶδ
1015 4851 1416 4922 μακροθυμίας,
1471 4856 1594 4926 ἥτις
1638 4857 1832 4927 αὐτὴν,

252 4940 462 5012 μικροῦ
509 4940 640 5004 δεῖν,
693 4945 939 5012 μιμεῖται
982 4943 1082 5014 τῆς
1127 4942 1277 5008 θείας
1313 4945 1527 5012 φύσεως
1562 4947 1661 5012 τὴν
1690 4950 1838 5003 ἀπά-

254 5035 436 5098 θειαν,
472 5033 802 5103 παρατίθησι
823 5033 920 5104 τὴν
972 5035 1214 5106 πονηρὰν
1255 5036 1473 5108 ἐκείνην
1524 5037 1620 5091 τοῦ
1667 5041 1840 5094 Σαοὺλ

259 5125 489 5197 μανίαν.
521 5126 752 5198 Είρηται
779 5127 912 5198 γὰρ,
951 5128 1138 5195 φησὶν,
1170 5128 1250 5200 τῷ
1295 5129 1461 5183 Δαϐὶδ
1491 5133 1525 5203 ἡ
1554 5132 1648 5186 τοῦ
1693 5153 1711 5185 ι
1745 5136 1835 5206 Μὴ

253 5217 583 5288 διαφθείρῃς
615 5238 635 5270 ι
675 5217 846 5290 φωνὴ,
877 5219 946 5289 ἢν
981 5222 1047 5291 τῇ
1094 5222 1280 5294 μνήμῃ
1309 5221 1416 5276 τῶν
1443 5223 1840 5296 ἐπιγενομένων

257 5309 651 5382 ἐνστηλιτεύῃ,
696 5311 795 5381 οὐχ
847 5312 936 5364 ὅτε
977 5311 1204 5381 φιλικῶς
1240 5313 1376 5384 πρὸς
1425 5315 1587 5368 αὐτὸν
1627 5313 1769 5388 εἶχεν
1810 5319 1839 5370 ὁ

256 5402 526 5472 τύραννος
546 5441 564 5464 ,
612 5403 726 5455 ἀλλ’
755 5403 857 5474 ήδη
905 5405 1284 5475 γεγενημένων
1333 5407 1576 5474 ἐκείνων,
1622 5409 1712 5462 ὅτε
1736 5413 1842 5464 άπ-

259 5494 505 5549 έστειλεν
533 5495 706 5549 Σαοὺλ
733 5498 814 5559 εἰς
864 5497 955 5550 τὸν
985 5494 1130 5550 οἶκον
1181 5497 1344 5552 αὑτοῦ
1393 5499 1486 5552 τοῦ
1538 5501 1840 5557 θανατῶσαι

261 5585 452 5642 αὐτόν.
473 5586 697 5651 Πάντως
723 5587 780 5641 δέ
805 5588 906 5642 οὐκ
924 5590 1158 5658 ἀγνοεῖς,
1190 5593 1218 5644 ό
1246 5591 1568 5665 φιλομαθὴς,
1596 5595 1658 5648 τὸ
1677 5596 1839 5666 μέρος

384 5767 426 5800 ⁸⁸
449 5765 595 5823 Psal.
639 5784 795 5836 tvm,
841 5770 925 5826 ll.
997 5769 1036 5802 ¹¹
1071 5767 1240 5838 llicg.
1271 5787 1383 5835 xIx,
1423 5771 1509 5827 ll.

1863 4438 1909 4494 D

1919 3294 2096 3347 amica
2129 3295 2219 3348 illa
2250 3294 2572 3364 etjucunda
2605 3310 2711 3348 vox
2745 3304 2849 3357 est,
2905 3285 3120 3348 omnem
3161 3289 3492 3364 longanimi-

1920 3390 2046 3441 tatis
2094 3395 2148 3441 et
2209 3389 2486 3457 patientia:
2538 3387 2924 3442 excellentiam
2982 3400 3357 3457 supergressa,
3401 3383 3492 3437 cui

1923 3479 2098 3549 major
2129 3479 2378 3549 quaedam
2407 3490 2460 3534 et
2493 3480 2808 3548 praeclarior
2831 3480 2935 3533 hoc
2967 3480 3020 3532 in
3048 3480 3169 3533 loco
3192 3476 3490 3546 subjicitur

1921 3573 2095 3627 notio.
2116 3572 2252 3639 Quis
2270 3573 2413 3626 enim
2445 3572 2658 3642 ignorat
2674 3571 2996 3642 quemlibet,
3023 3571 3189 3624 etiam
3218 3584 3283 3623 ex
3304 3567 3492 3636 vulgo.

1925 3680 2153 3736 pronum
2179 3680 2303 3720 esse
2326 3663 2393 3718 ad
2423 3663 2686 3719 beneﬁcia
2713 3663 3046 3718 conferenda
3069 3662 3199 3724 illis,
3229 3675 3260 3714 a
3291 3660 3518 3730 quibus.

1926 3757 2064 3812 nihil
2110 3757 2428 3812 nocumenti
2486 3757 2735 3826 accepit;
2792 3771 2936 3824 saepe
2992 3768 3124 3808 vero
3154 3753 3239 3807 vel
3294 3751 3497 3820 exigua

1926 3850 2228 3905 oll'ensione
2275 3857 2330 3904 et
2387 3849 2636 3904 molestia
2661 3848 3003 3917 interposita,
3051 3848 3098 3900 is
3135 3842 3357 3914 quidem
3396 3841 3494 3913 qui

1928 3943 2112 3996 animo
2137 3940 2484 3995 constantior
2509 3947 2614 4005 est,
2644 3939 2920 3994 moderate
2954 3936 3060 3992 fert
3094 3937 3351 4005 exiguam
3391 3932 3498 3987 ali-

1928 4051 2091 4105 quam
2131 4033 2460 4096 molestiam,
2489 4040 2544 4088 et
2569 4043 2813 4102 tempore
2849 4028 3228 4085 benefaciendi
3270 4025 3524 4081 minime-

1931 4126 2272 4188 intermittit,
2297 4140 2407 4195 quo
2440 4125 2622 4179 minus
2648 4123 2921 4194 benignus
2955 4123 3028 4176 sit
3058 4121 3111 4175 in
3139 4137 3290 4186 eum,
3337 4133 3366 4172 a
3391 4131 3524 4188 quo.

1931 4215 2183 4271 nonnihil
2210 4213 2471 4268 molestiae
2502 4213 2716 4282 accepit
2755 4229 2770 4266 :
2803 4219 2858 4264 at
2891 4213 2986 4281 qui
3025 4213 3209 4265 animo
3241 4220 3326 4265 est
3355 4207 3504 4275 abie-

1932 4317 2020 4362 cto
2050 4315 2104 4362 et
2126 4306 2344 4372 humili,
2372 4305 2501 4360 licet
2531 4305 2830 4368 modicum,
2879 4304 3026 4373 quod
3063 4304 3264 4365 irritat,
3311 4300 3502 4363 fuerit,

1934 4411 2126 4452 omnes
2153 4395 2324 4448 furori
2359 4397 2425 4447 ad
2455 4393 2828 4448 ulciscendum
2864 4393 3106 4448 habenas
3135 4395 3301 4456 laxat,
3325 4391 3522 4445 oblata.

1939 4488 2065 4542 mali
2095 4486 2427 4556 rependendi
2453 4485 2878 4556 opportunitate.
2895 4484 3166 4550 Quocirca
3191 4498 3300 4537 non
3325 4495 3508 4550 aequa,-

1938 4579 2008 4634 lis
2039 4577 2353 4641 admiratio,
2398 4591 2576 4646 neque
2611 4593 2705 4646 per
2743 4577 3091 4632 benefactum
3136 4573 3518 4644 reputabitur,

1938 4679 2191 4740 respectu
2220 4670 2342 4740 ejus
2371 4670 2464 4739 qui
2495 4669 2630 4723 nihil
2654 4669 2851 4724 hostile
2872 4675 3031 4722 antea
3047 4681 3266 4737 passus,
3286 4674 3340 4719 et
3357 4679 3508 4724 com:

1938 4765 2225 4834 paratione
2247 4761 2368 4832 ejus
2399 4761 2493 4831 qui
2527 4761 2668 4815 male
2695 4761 2764 4815 de
2800 4775 2861 4815 se
2905 4760 3159 4816 meritum
3206 4754 3510 4811 benefactis

1940 4862 2278 4909 remunerat.
2312 4851 2491 4922 Hujus
2538 4851 2732 4922 gratia,
2765 4860 2825 4904 ut
2884 4849 3120 4903 maxime
3168 4849 3512 4914 incompara-

1937 4947 2103 5002 bilem
2131 4953 2186 5001 et
2223 4944 2608 5000 inimitabilem
2644 4942 2867 4996 Davidis
2902 4939 3228 5012 patientiam
3257 4943 3310 4992 et
3341 4935 3512 4989 animi

1939 5038 2373 5094 moderationem
2399 5037 2673 5100 ostendat,
2734 5050 2855 5105 quae
2906 5047 3099 5103 parum
3148 5031 3325 5093 abest,
3377 5029 3514 5098 quin

1941 5135 2122 5204 ipsum
2158 5133 2356 5187 divina:
2403 5139 2636 5194 natura',
2689 5126 2869 5181 omnis
2913 5122 3189 5192 passionis
3237 5130 3513 5189 expertem

1942 5233 2143 5281 statum
2188 5225 2466 5288 imitetur,
2493 5221 2566 5276 ob
2588 5219 2780 5274 oculos
2825 5218 2978 5286 ponit
3019 5213 3322 5281 improbam
3363 5211 3514 5264 illam

1952 5320 2140 5375 Saulis
2187 5316 2516 5373 insaniam“
2556 5355 2569 5368 .
2605 5313 2756 5366 Dicta
2783 5317 2868 5365 est
2898 5307 3068 5371 enim,
3093 5304 3294 5373 inquit,
3344 5317 3375 5355 a
3409 5299 3517 5352 Da-

1947 5409 2078 5465 vide
2124 5408 2216 5461 illa
2264 5422 2367 5460 vox
2407 5423 2470 5458 ει
2497 5402 2575 5458 Ne
2620 5399 2939 5470 disperdas;
2967 5416 2986 5448 ι
3032 5409 3194 5465 quam
3240 5391 3519 5446 memoria

1947 5498 2291 5573 posteritatis
2323 5494 2640 5563 insculpsit,
2705 5505 2814 5544 non
2842 5486 3064 5558 quando
3107 5499 3233 5540 eam
3279 5484 3517 5539 benevo-

1948 5592 2117 5652 lentia
2162 5587 2600 5661 prosequebatur
2653 5593 2944 5656 tyrannus,
2992 5579 3086 5635 sed
3135 5576 3350 5632 sublata
3404 5573 3530 5641 jam
