3870 6220
367 218 472 280 999

1637 231 1694 288 S.
1738 231 2063 288 Glll-IGORII
2101 226 2395 290 NYSSENI

3526 226 3636 282 600

364 340 518 396 omni
568 340 834 406 amicitia,
887 351 1174 413 postquam
1235 347 1382 402 misit
1440 346 1570 402 Saul
1611 349 1666 403 in
1717 347 1940 403 domum

2070 349 2144 421 ’ἧς
2189 349 2450 421 ἱστορίας,
2483 347 2544 402 τὸ
2569 345 2675 402 ὑπὸ
2703 345 2803 418 τῆς
2837 347 3151 420 ἑπιγραφῆς
3199 347 3632 420 σημαινόμενον.

364 435 509 500 ejus,
544 440 605 486 ut
639 433 1060 489 interficeretur.
1117 435 1354 492 Omnino
1393 446 1575 493 autem
1609 437 1795 509 ignota
1844 437 1940 492 tibi

368 539 477 580 non
508 532 618 589 est,
645 525 900 596 quisquis
947 527 1197 584 discendi
1249 531 1486 600 cupidus
1540 547 1619 594 es,
1671 547 1801 602 pars
1850 531 1942 586 illa

368 617 635 678 historiae,
667 633 788 690 quae
818 620 886 674 ab
919 619 1281 693 inscriptione
1307 624 1645 691 insinuatur,
1667 624 1946 695 quomodo

372 718 662 784 postquam
715 712 849 768 Saul
905 729 934 768 a
971 714 1116 770 malo
1151 715 1351 788 spiritu
1413 726 1690 788 arreptus,
1741 714 1947 771 Davide

367 799 618 860 Psalterii
654 811 821 860 cantu
859 805 1229 863 turbationem
1286 823 1353 862 ex
1392 807 1592 864 alleclu
1624 806 1720 861 illo
1741 814 1943 871 ortam,

367 896 617 961 scdante,
650 898 895 954 lanceam
925 899 1087 970 juxta
1119 916 1180 956 se
1213 899 1352 956 forte
1385 899 1646 971 positam,
1679 899 1737 954 in
1773 899 1942 955 bene.

367 980 635 1043 factorem
669 1003 830 1043 suum
867 990 1116 1057 vibrarit,
1153 990 1361 1045 directa
1405 989 1461 1044 in
1493 990 1648 1046 illum
1689 987 1946 1060 cuspide,

368 1091 494 1132 cum
520 1079 610 1134 ille
639 1093 821 1136 autem
871 1081 1056 1136 divina
1097 1096 1200 1154 ope
1244 1089 1503 1139 conatum
1554 1082 1707 1137 illum
1745 1082 1950 1137 evitas-

369 1176 474 1232 set,
498 1171 768 1240 profunde
827 1172 880 1228 in
934 1189 1150 1229 murum
1209 1175 1482 1246 impactus
1538 1183 1623 1230 est
1667 1172 1950 1230 mucronis

378 1260 637 1332 impetus,
659 1263 754 1318 illo
793 1264 847 1318 in
874 1266 1125 1338 proprias
1157 1265 1302 1322 aedes
1327 1267 1672 1339 dilfugiente.
1705 1280 1833 1320 cum
1864 1280 1951 1320 re-

375 1351 459 1421 gis
487 1350 626 1404 iram
657 1362 934 1422 sperasset
949 1369 1045 1424 per
1063 1354 1448 1424 paenitentiam
1468 1355 1820 1430 immutatum
1851 1354 1946 1408 iri.

443 1439 514 1496 At
555 1459 677 1499 cum
706 1445 837 1500 Saul
868 1447 1109 1518 undique
1137 1449 1359 1504 domum
1397 1448 1619 1506 Davidis
1645 1450 1953 1505 circumde-

373 1532 568 1598 disset,
627 1535 1068 1608 satellitibusque
1124 1546 1180 1592 et
1235 1538 1524 1594 lictoribus
1573 1539 1774 1595 caadem
1829 1538 1952 1609 ejus

2045 442 2161 506 πῶς
2192 441 2380 513 ἐπειδὴ
2417 441 2654 510 κατέστη
2681 439 2759 508 τῷ
2804 440 2977 496 Σαοὺλ
3021 443 3054 512 ἠ
3101 443 3166 498 ἐκ
3206 442 3301 496 τοῦ
3344 442 3633 511 δαιμονίου

2045 532 2355 604 πνεύματος
2383 532 2630 602 πτόησις,
2658 531 2752 585 τοῦ
2783 531 2943 600 ἁγίου
2975 533 3140 590 Δαδὶδ
3178 533 3268 587 διὰ
3294 533 3390 586 τοῦ
3417 533 3634 603 ψαλτη-

2047 623 2166 696 ρίου
2219 623 2317 695 τὴν
2364 626 2429 677 ἐκ
2473 622 2568 677 τοῦ
2618 621 2825 686 πάθους
2872 624 3120 696 ταραχὴν
3168 624 3634 684 κατευνάσιντος,

2048 715 2410 788 παρεστῶσαν
2438 714 2615 784 ἐαυτῷ
2639 714 2736 785 τὴν
2781 713 2980 786 λόγχην
3025 715 3201 787 εὑρὼν
3237 715 3266 766 ό
3317 712 3491 769 Σαοὺλ
3547 710 3640 783 τῷ

2047 810 2312 882 εὐεργέτῃ
2347 808 2542 864 ἐαυτοῦ
2567 806 2881 880 ἐπαφίησιν,
2915 808 3144 871 εὐθύνας
3181 807 3298 862 κατ’
3329 805 3492 860 αὐτοῦ
3528 805 3640 877 τὴν

2047 902 2290 973 αἰχμήν·
2325 902 2420 956 τοῦ
2461 901 2521 956 δὲ
2573 901 2715 956 κατὰ
2755 901 2906 955 θείαν
2943 899 3259 972 συμμαχίαν
3322 902 3421 970 τῆς
3465 897 3641 968 βολῆς

2048 987 2241 1049 ἑαυτὸν
2272 989 2733 1066 ύπεκστήσαντος,
2765 993 2846 1064 τῷ
2871 988 3038 1064 τοίχῳ
3071 992 3158 1046 διὰ
3198 991 3394 1061 βάθους
3439 989 3640 1061 ἐμποιή-⁵

2048 1103 2243 1156 γνυται
2276 1084 2310 1158 η
2349 1085 2451 1156 τῆς
2491 1087 2695 1157 αἰχμῆς
2724 1085 3022 1158 προσϐολή.
3067 1081 3392 1154 Ἔξὲδραμεν
3430 1083 3488 1135 δέ
3517 1082 3644 1135 τῶν

2052 1177 2338 1249 βασιλείων
2383 1181 2444 1234 ἐν
2487 1177 2566 1250 τῷ
2615 1178 2730 1250 ἰδίῳ
2777 1177 2932 1250 οἴκῳ,
2987 1175 3493 1248 μεταϐληθήσεσθαι
3533 1171 3644 1227 τοῦ

2053 1269 2318 1342 βασιλέως
2348 1265 2442 1325 τὸν
2469 1270 2640 1342 θυμδν
2669 1270 2757 1325 διὰ
2790 1269 3079 1342 μετανοίας
3114 1267 3360 1332 ἐλπίσας.

2123 1453 2232 1509 Τοῦ
2264 1453 2322 1507 δὲ
2352 1453 2524 1508 Σαοὺλ
2553 1451 2886 1525 δορυφόρους
2913 1453 2974 1506 ἐν
3023 1451 3208 1522 κύκλῳ
3251 1452 3319 1522 τῇ
3357 1449 3507 1521 οἰκία
3535 1446 3645 1502 τοῦ

2054 1541 2218 1601 Δαόὶδ
2266 1548 2723 1618 περιστήσαντος,
2769 1543 2864 1599 καὶ
2905 1544 3124 1615 δημίοις
3163 1538 3253 1598 τόν
3297 1543 3414 1596 κατ’
3461 1538 3648 1594 αὐτοῦ

374 1625 721 1694 imperasset,
745 1629 834 1685 vix
871 1646 969 1703 per
1002 1629 1295 1688 fenestram
1323 1632 1590 1703 dejiciens
1623 1634 1864 1704 seipsum
1895 1631 1952 1686 in

2070 1639 2215 1708 ρόνον
2243 1637 2638 1709 ἐντειλάμενος,
2672 1637 2825 1708 μόλις
2856 1635 2944 1690 διὰ
2986 1634 3198 1706 θυρίδος
3219 1628 3364 1697 τινὸς
3389 1630 3650 1686 κατασα-

375 1716 682 1790 subjectum
713 1700 917 1790 locum,
947 1724 1254 1796 fallensque
1290 1700 1621 1793 custodiam,
1644 1700 1950 1796 periculum

2070 1700 2163 1782 ίὼν
2187 1727 2379 1786 ἐαυτὸν
2422 1700 2503 1793 είς
2526 1700 2886 1800 τὸ-ύπαιθρον
2929 1700 3196 1782 διαλαθὼν
3230 1726 3329 1798 τὴν
3366 1723 3645 1797 φρουρὰν,

375 1813 572 1879 evasit,
623 1811 860 1884 indeque
907 1815 1189 1886 digressus
1223 1815 1386 1872 modo
1415 1818 1565 1872 hunc
1594 1816 1756 1872 modo
1799 1816 1951 1872 illum

2070 1821 2164 1886 ίξω
2195 1821 2304 1878 τῶν
2345 1817 2605 1876 κινδύνων
2629 1819 2865 1891 κατέστη
2885 1831 2900 1850 ⁶
2932 1818 3029 1874 καὶ
3063 1816 3403 1888 μεταναστὰς
3445 1815 3650 1870 ἄλλοτε

375 1905 561 1961 locum
601 1907 843 1981 petebat,
889 1907 1157 1964 oberrans
1187 1920 1300 1978 pra:
1333 1907 1552 1964 consilii
1588 1906 1771 1977 inopia
1811 1906 1955 1961 inter

375 2005 539 2054 notos
572 2006 626 2054 et
651 1997 976 2067 familiares,
1023 1999 1355 2070 tandemque
1399 1997 1778 2070 deprehensus
1810 2004 1896 2053 est
1923 2011 1955 2052 a

378 2086 578 2158 Saule;
622 2105 749 2145 cum
789 2091 984 2146 collem
1021 2098 1138 2166 toto
1175 2093 1421 2148 exercitu
1460 2090 1952 2154 circumvallasset,

376 2173 436 2240 in
466 2198 629 2254 quem
656 2197 782 2239 cum
815 2184 933 2240 suis
963 2182 1135 2239 David
1165 2198 1226 2240 se
1251 2189 1554 2253 receperat,
1584 2196 1820 2252 cumque
1846 2195 1950 2235 nox

377 2276 698 2333 dilationem
742 2276 809 2332 ad
847 2275 1130 2331 interitum
1169 2275 1414 2332 dedisset
1453 2274 1766 2346 (distulerat
1809 2275 1955 2330 enim

379 2363 516 2422 Saul
546 2382 737 2426 necem
765 2361 909 2440 ejus,
939 2381 1103 2440 quem
1126 2369 1563 2440 persequebatur
1586 2367 1644 2424 in
1674 2374 1956 2441 posterum

379 2458 573 2530 diem),
606 2459 917 2532 ingreditur
951 2459 1256 2516 tentorium
1288 2459 1466 2516 hostis
1496 2461 1606 2525 sui,
1636 2473 1799 2530 quem
1831 2471 1956 2513 cum

380 2562 577 2604 somno
627 2548 866 2620 sopitum
908 2550 965 2604 in
1003 2549 1146 2605 lecto
1187 2549 1428 2622 quodam
1479 2549 1956 2620 deprehendisset,

382 2655 492 2695 non
521 2639 697 2694 solum
729 2639 1003 2695 continuit
1048 2641 1327 2711 propriam
1374 2653 1620 2704 manum,
1661 2654 1958 2712 properan-

382 2734 491 2788 tem
529 2731 804 2798 fortassis,
841 2741 901 2789 ut
946 2733 1042 2790 ira
1094 2732 1403 2804 indulgeret
1443 2741 1499 2789 et
1539 2733 1957 2804 obsequeretur,

381 2824 480 2881 sed
509 2835 560 2881 et
585 2826 915 2896 armigerum
941 2825 1170 2898 jamjam
1224 2826 1290 2882 ad
1317 2825 1705 2882 trucidandum
1742 2825 1961 2882 Saulem

386 2917 737 2975 festinantem
779 2921 801 2992 (
830 2938 848 2969 ι
882 2917 1195 2976 Percutiam
1241 2933 1388 2986 eum,
1424 2938 1442 2972 ι
1496 2919 1697 2991 inquit,
1735 2939 1754 2972 ι
1786 2927 1840 2974 et
1873 2935 1964 2976 se-

382 3009 564 3065 cunda
585 3011 704 3066 vice
727 3025 864 3081 opus
897 3025 1006 3064 non
1035 3009 1139 3065 erit
1174 3029 1193 3062 ι
1222 3008 1241 3081 )
1272 3009 1494 3066 abducit
1521 3010 1589 3065 ab
1615 3009 1709 3064 illo
1733 3009 1960 3080 impetu,

387 3101 599 3172 adjecta
635 3102 838 3174 insigni
879 3102 970 3156 illa
1000 3111 1054 3156 et
1083 3101 1284 3171 ubique
1315 3101 1610 3156 decantata
1630 3116 1766 3156 voce
1793 3121 1806 3156 :
1836 3119 1854 3152 ι
1884 3099 1964 3155 Ne

388 3191 675 3262 disperdas
704 3208 853 3260 eum,
893 3211 911 3245 ι
943 3195 1038 3264 qui
1087 3208 1189 3249 nos
1218 3192 1537 3263 disperdere
1563 3199 1718 3246 tanto
1763 3199 1966 3246 conatu

386 3288 634 3345 molitur.
667 3286 855 3358 Neque
885 3288 992 3344 hoc
1041 3289 1217 3344 solum
1261 3287 1364 3342 hac
1409 3287 1462 3339 in
1499 3300 1560 3342 re
1605 3284 1968 3341 admiratione

387 3378 615 3450 dignum
646 3386 754 3444 est,
785 3378 932 3450 quod
953 3379 1121 3434 vitam
1161 3379 1428 3450 largiatur
1453 3378 1526 3442 ei,
1557 3377 1652 3448 qui
1693 3377 1827 3431 nihil
1857 3391 1969 3430 non

390 3481 583 3526 contra
616 3471 782 3526 vitam
821 3472 998 3543 ipsius
1025 3471 1464 3534 machinabatur,
1501 3471 1597 3527 sed
1623 3471 1766 3540 quod
1798 3469 1970 3525 David

389 3552 500 3636 iam
541 3575 744 3620 unctus
793 3567 849 3620 in
895 3580 1102 3637 regem,
1141 3574 1197 3620 et
1225 3565 1396 3635 probe
1429 3579 1656 3636 gnarus,
1701 3580 1764 3620 se
1811 3565 1972 3620 aliter

392 3658 677 3728 dignitatis
731 3659 896 3727 hujus
936 3668 1245 3730 compotem
1302 3657 1420 3712 fieri
1476 3671 1586 3711 non
1638 3671 1822 3728 posse,
1863 3655 1972 3711 nisi

396 3747 528 3802 Saul
575 3763 606 3802 e
654 3747 836 3802 medio
880 3748 1202 3813 tolleretur;
1244 3746 1418 3800 satius
1463 3753 1646 3802 tamen
1686 3744 1970 3814 judicarit,

394 3839 661 3910 patientia
712 3847 768 3895 et
801 3841 1057 3911 aequitate
1104 3853 1230 3895 cum
1270 3837 1495 3908 privata:
1527 3837 1651 3892 vita:
1695 3837 1973 3892 laboribus

394 3930 720 3996 conflictari,
756 3947 921 4003 quam
970 3929 1183 4001 expleta
1223 3929 1278 3984 in
1324 3929 1701 3986 adversarium
1747 3928 1851 3991 ira,
1887 3943 1976 3983 ree

398 4019 518 4091 gate
558 4021 756 4074 solium
797 4021 1187 4077 conscendere.
1240 4019 1514 4086 Quocirca
1559 4019 1976 4075 humanissima)

397 4112 476 4166 illi
531 4111 891 4167 commotioni
952 4112 1202 4183 adjungit
1255 4112 1440 4168 illud:
1477 4128 1497 4164 ι
1533 4110 1769 4178 Quando
1826 4110 1978 4165 misit

403 4199 534 4256 Saul
575 4201 633 4256 in
677 4202 897 4257 domum
935 4201 1124 4270 David,
1152 4210 1214 4258 ut
1262 4203 1597 4258 interﬁceret
1625 4217 1772 4268 eum,
1815 4221 1835 4255 ι
1867 4217 1978 4256 non

397 4293 543 4348 enim
565 4303 700 4350 tunc
730 4295 836 4350 hoc
863 4293 1072 4349 dictum
1099 4303 1203 4361 est,
1233 4308 1359 4349 cum
1387 4295 1503 4350 haec
1531 4301 1852 4356 evenerunt,
1879 4293 1976 4348 sed

2059 1912 2217 1966 ἄλλον
2265 1913 2536 1984 ἐπήρχετο
2573 1911 2760 1978 τόπον,
2791 1910 2896 1965 ὑπὸ
2925 1911 3237 1982 ἀμηχανίας
3282 1910 3394 1971 τοῖς
3437 1906 3649 1975 ἠθάσιν

2061 2001 2365 2072 ἀνθρώποις
2398 2001 2861 2073 ἐπιπλανώμενος.
2894 2003 3007 2056 Καὶ
3036 2001 3210 2063 οὕτως
3237 1999 3295 2052 δὲ
3323 1995 3648 2067 κατελήφθη

2062 2094 2166 2147 ὑπὸ
2193 2092 2286 2146 τοῦ
2311 2091 2482 2146 Σαοὺλ
2518 2093 2859 2164 πανστρατιᾷ
2901 2089 3282 2152 κυκλώσαντος
3312 2088 3404 2142 τὸν
3436 2085 3646 2156 γεώλο-

2063 2202 2182 2255 φον,
2217 2187 2275 2238 ἐν
2301 2177 2347 2253 ᾧ
2379 2183 2515 2253 μετὰ
2550 2182 2660 2237 τῶν
2687 2185 2815 2254 περὶ
2843 2182 3010 2236 αὑτὸν
3033 2182 3063 2234 ό
3087 2180 3250 2234 Δασὶδ
3282 2176 3646 2250 προσφεύγει,

2063 2278 2157 2332 καὶ
2200 2276 2394 2340 νυκτὸς
2427 2273 2692 2347 ἀναϐολὴν
2725 2275 2864 2347 πρὸς
2893 2274 2984 2328 τὸν
3024 2273 3254 2327 θάνατον
3276 2269 3425 2341 αὐτῷ
3467 2284 3654 2339 παρα*

2065 2369 2334 2440 σχομένης
2361 2368 2680 2441 (ὑπερέθετο
2706 2367 2815 2438 γὰρ
2835 2369 2865 2422 ό
2883 2365 3057 2422 Σαοὺλ
3088 2365 3183 2420 ἐπὶ
3207 2364 3299 2418 τὸν
3322 2361 3519 2434 δρθρον
3544 2361 3653 2430 τὴν

2062 2462 2157 2515 τοῦ
2203 2459 2534 2533 διωκομένου
2577 2460 2813 2529 σφαγὴν)
2863 2459 3150 2528 ἐφίσταται
3205 2458 3274 2527 τῇ
3327 2456 3500 2524 σκηνῇ
3547 2449 3654 2505 τοῦ

2066 2553 2347 2625 πολεμίου,
2382 2553 2478 2616 καὶ
2515 2550 2839 2607 καταλαϐὼν
2871 2551 2965 2605 ἐπί
2991 2564 3136 2612 τινος
3165 2548 3328 2618 εὐνῆς
3356 2544 3656 2614 λελυμένον

2064 2643 2144 2716 τῷ
2177 2643 2348 2716 ὕπνῳ,
2378 2644 2442 2698 οὐ
2470 2643 2628 2715 μόνον
2652 2642 2750 2714 τὴν
2786 2642 2922 2698 ίδίαν
2948 2641 3180 2710 ἐπέσχεν
3205 2641 3362 2710 χεῖρα
3386 2634 3656 2689 σπεύδου-

2069 2755 2168 2792 σαν
2210 2739 2340 2801 ἴσως
2392 2736 2472 2808 τῷ
2515 2735 2674 2806 θυμῷ
2718 2733 3068 2806 χαρίσασθαι,
3098 2731 3235 2786 ἀλλὰ
3273 2730 3368 2784 καὶ
3403 2729 3496 2782 τὸν
3544 2727 3657 2778 ὑπο

2068 2830 2340 2903 ασπιστὴν
2362 2831 2463 2902 ἤδη
2497 2828 2642 2884 κατὰ
2669 2829 2763 2883 τοῦ
2791 2827 2967 2884 Σαοὺλ
2995 2827 3132 2898 πρὸς
3153 2825 3252 2896 τὴν
3293 2821 3509 2893 σφαγὴν
3529 2821 3661 2873 ἐπι-

2069 2923 2320 2994 κύψαντα
2368 2923 2418 2995 (‹
2469 2922 2703 2988 Πατάξω
2733 2942 2753 2977 ο
2793 2923 2926 2994 γὰρ,
2969 2919 3155 2992 φησὶν,
3202 2936 3222 2972 ι
3257 2917 3350 2970 καὶ
3378 2917 3442 2969 ού
3469 2914 3662 2968 δευτε-

1994 3063 2035 3120 C
2072 3013 2233 3086 ρώσω
2280 3016 2330 3088 ι)
2369 3013 2575 3084 ἀπάγει
2615 3010 2715 3120 τῆς
2759 3015 2955 3120 ὁρμῇς,
2981 3016 3048 3084 τῇ
3096 3010 3305 3120 μεγαλη
3342 3007 3517 3120 ταύτῃ
3561 3005 3663 3120 καὶ

2072 3106 2304 3177 ἀοιδίμῳ
2333 3109 2508 3178 φωνῇ,
2546 3125 2565 3160 ι
2606 3101 2702 3178 Μὴ
2742 3104 3082 3178 διαφθείρης,
3122 3122 3142 3156 ι
3175 3101 3367 3167 εἰπὼν,
3393 3100 3490 3154 τὸν
3517 3098 3665 3167 πρὸς

2070 3198 2171 3271 τὴν
2201 3197 2324 3252 καθ’
2349 3197 2506 3269 ἡμῶν
2545 3197 2842 3270 διαφθορὰν
2885 3195 3260 3266 ἐπειγόμενον.
3311 3193 3387 3244 Οὐ
3413 3189 3578 3244 τοῦτο
3601 3185 3664 3243 δέ

2075 3287 2235 3362 μόνον
2292 3291 2441 3344 ἐστὶν
2481 3290 2540 3343 τὸ
2589 3285 2897 3359 θαυμαστὸν
2948 3291 3007 3342 ἐν
3058 3285 3137 3356 τῷ
3192 3285 3518 3356 πράγματι,
3575 3281 3665 3334 ὅτι

2073 3380 2217 3452 ζωὴν
2254 3379 2536 3452 χαρίζεται
2574 3379 2652 3448 τῷ
2697 3378 2836 3434 κατὰ
2884 3378 2985 3448 τῆς
3029 3377 3176 3448 ζωῆς
3219 3373 3386 3428 αὑτοῦ
3439 3373 3667 3427 ἅπαντα

2073 3474 2394 3546 πράσσοντι,
2442 3471 2559 3528 ἀλλ’
2587 3474 2669 3528 ὅτι
2704 3469 2840 3545 πρὸς
2869 3471 3146 3542 βασιλείαν
3170 3468 3413 3542 χρισθεὶς
3438 3468 3468 3519 ό
3497 3464 3667 3518 Δαὸὶδ

2074 3568 2172 3622 καὶ
2191 3565 2370 3632 εἰδὼς,
2397 3565 2474 3638 μὴ
2503 3564 2618 3637 [ἂν]
2639 3565 2814 3628 ἄλλως
2836 3565 3126 3634 μετασχεῖν
3145 3556 3239 3616 τοῦ
3257 3558 3591 3629 ἀξιώματος,
3615 3554 3668 3606 εἰ

2078 3659 2155 3731 μὴ
2183 3660 2249 3712 ἐκ
2275 3659 2450 3712 ποδῶν
2480 3655 2692 3726 γένοιτο
2716 3654 2745 3708 ό
2773 3653 2947 3710 Σαούλ
2971 3671 2987 3688 ο
3035 3655 3281 3724 κρεῖττον
3311 3651 3532 3720 ἔκρινεν
3574 3644 3670 3698 διὰ

2073 3751 2176 3821 τῆς
2215 3749 2598 3822 μακροθυμίας
2629 3746 2962 3803 κακοπαθεῖν
3010 3748 3068 3800 ἐν
3115 3744 3355 3813 ίδιωτικῇ
3403 3738 3669 3792 ταπεινόο

2076 3854 2220 3913 τητι,
2253 3841 2286 3912 ἢ
2312 3840 2482 3910 θυμὸν
2514 3838 2658 3893 κατὰ
2683 3836 2778 3891 τοῦ
2816 3834 3182 3906 λελυπηκότος
3207 3830 3513 3900 ἐκπλήσας»
3541 3827 3670 3879 ἐπι-

2079 3933 2238 4003 ϐῆναι
2267 3932 2368 4003 τῆς
2418 3927 2714 4003 βασιλείας.
2763 3929 2864 3984 Διὰ
2907 3927 3070 3982 τοῦτο
3115 3920 3564 3995 συμπεριγράφει

2078 4001 2176 4095 τῆς
2204 4001 2614 4092 φιλάνθρωπίας
2635 4019 2806 4089 φωνῇ,
2839 4015 2923 4082 τὸ,
2943 4034 2960 4065 ι
2983 4015 3113 4068 Ὅτε
3141 4007 3458 4065 ἀπέστειλεν
3489 4001 3670 4095 Σαούλ

2079 4094 2159 4180 εἰς
2189 4115 2281 4168 τὸν
2311 4108 2460 4166 οἷκον
2495 4110 2680 4174 Δαϐιδ,
2713 4109 2802 4164 τοῦ
2835 4105 3141 4162 θανατῶσαι
3175 4098 3357 4158 αὐτόν.
3387 4117 3408 4150 ι
3449 4096 3524 4151 Οὐ
3554 4094 3672 4164 γὰρ

2080 4209 2205 4262 τότε
2244 4204 2470 4278 ἐρρέθη,
2517 4205 2606 4257 ὅτε
2646 4201 2818 4256 ταῦτα
2874 4199 3109 4269 ἐγένετο,
3149 4192 3287 4249 ἀλλὰ
3331 4185 3599 4262 προφέρει
3616 4185 3674 4278 λό

2081 4274 2338 4370 λόγος
2367 4274 2464 4369 τὴν
2498 4294 2593 4350 τοῦ
2629 4295 2905 4365 θαύματος
2936 4289 3205 4352 ἐπίτασιν,
3248 4287 3331 4341 ὅτι
3373 4280 3548 4337 ταῦτα
3587 4274 3672 4332 εἷ-

399 4387 638 4454 additur,
678 4395 737 4442 ut
775 4396 990 4444 crescat
1025 4388 1337 4453 admiratio,
1371 4388 1517 4459 quod
1549 4387 1665 4443 haec
1693 4387 1893 4442 dixerit
1926 4387 1964 4442 is

2087 4407 2208 4460 πεν,
2234 4395 2264 4447 ὁ
2293 4395 2476 4446 ἐκεῖνα
2509 4385 2717 4445 παθών.
2754 4385 3014 4458 Περιττδν
3041 4381 3100 4436 δὲ
3139 4375 3294 4450 οἶμαι
3336 4375 3432 4467 νύν
3458 4389 3673 4467 παρενέ-

399 4481 495 4552 qui
535 4480 666 4536 talia
697 4494 762 4536 ac
793 4489 944 4536 tanta
991 4497 1188 4552 passus
1228 4480 1428 4537 fuerat.
1461 4478 1813 4550 Superﬂuum
1849 4493 1977 4534 vero

400 4573 662 4640 arbitror,
705 4587 828 4627 cum
882 4572 951 4628 ad
997 4573 1102 4627 alia
1143 4571 1420 4635 festinem,
1485 4585 1778 4640 exponere,
1817 4569 1979 4640 quid-

399 4678 527 4719 nam
564 4665 656 4730 sit,
697 4663 844 4732 quod
885 4664 942 4717 in
983 4663 1084 4718 hac
1118 4663 1345 4718 historia
1389 4661 1677 4732 quaeritur,
1703 4661 1979 4732 quomodo

399 4769 526 4813 cum
558 4757 775 4812 dicatur
816 4754 946 4812 Saul
980 4755 1326 4826 percussisse
1354 4756 1544 4810 lancea
1581 4753 1861 4817 Davidem,
1899 4752 1982 4807 hi-

401 4850 574 4906 storia
629 4849 798 4904 addat
850 4849 904 4902 in
954 4849 1220 4918 parietem
1277 4847 1488 4903 hastam
1551 4846 1787 4903 delatam
1831 4861 1976 4909 esse,

401 4943 661 5000 Davidem
707 4951 892 4998 autem
939 4951 1220 4997 servatum
1254 4939 1552 5012 :quodque
1590 4941 1645 4993 in
1687 4940 1829 4994 lecto
1866 4940 1982 5009 ipse

399 5043 655 5107 repertus
707 5051 819 5090 non
867 5030 1056 5098 fuerit,
1089 5033 1186 5090 sed
1232 5033 1356 5088 loco
1400 5033 1521 5102 ejus
1563 5031 1890 5101 cenomphia
1928 5039 1982 5085 ct

402 5131 670 5202 imagines
701 5128 950 5199 quaedam
992 5125 1335 5192 umbratiles,
1380 5132 1435 5177 et
1469 5124 1638 5194 hepar
1666 5137 1979 5193 caprarum,

405 5239 558 5278 ntere
609 5231 744 5277 tunc
797 5228 1021 5290 recepto
1068 5219 1135 5275 ad
1191 5217 1542 5274 evertendam
1590 5223 1858 5276 mortem,
1923 5221 1983 5268 ut

404 5314 658 5371 infirmus
695 5329 725 5368 a
767 5314 907 5369 lecto
956 5313 1308 5375 liberaretur,
1353 5309 1526 5365 vestis
1572 5324 1702 5364 vero
1747 5307 1983 5362 mortuis

406 5403 783 5476 superimponi
807 5405 968 5459 solita
988 5403 1218 5474 grabato
1239 5401 1803 5472 superimponeretur,
1819 5396 1983 5451 simul

409 5508 530 5550 cum
563 5497 760 5568 hepate
801 5511 1116 5566 caprarum.
1165 5494 1512 5548 Manifestum
1544 5499 1629 5546 est
1679 5501 1857 5544 autem
1889 5489 1980 5551 iis,

409 5587 502 5646 qui
539 5589 898 5645 studiosiores
937 5596 1068 5646 sunt
1098 5587 1324 5650 laboris,
1359 5593 1529 5640 totam
1572 5584 1714 5638 hanc
1745 5583 1982 5652 prophe-

415 5677 566 5748 tiam,
599 5678 890 5736 historiam
939 5696 1063 5736 esse
1107 5694 1323 5743 eorum,
1365 5691 1486 5749 quae
1523 5673 1751 5730 Domino
1795 5681 1985 5729 nostro

2082 4489 2252 4546 θεῖναι
2299 4485 2378 4556 τῷ
2419 4483 2563 4553 λόγῳ
2593 4477 2732 4551 πρὸς
2769 4479 2937 4547 ἕτερα
2984 4472 3288 4532 σπεύδοντι,
3334 4465 3388 4520 τί
3422 4466 3483 4520 τὸ
3511 4466 3668 4556 ὲνᾷτῇ

2081 4576 2295 4647 ἱστορίᾳ
2345 4554 2711 4644 ζητούμενον,
2757 4567 2876 4631 πῶς
2919 4564 3162 4626 εἰπόντος
3202 4559 3298 4613 τοῦ
3345 4557 3534 4647 λόγου,
3579 4554 3670 4607 ὅτι

2081 4646 2319 4736 ἐπάταξε
2353 4664 2525 4721 Σαοὺλ
2552 4656 2641 4717 τὸν
2679 4660 2843 4716 Δαδιδ
2881 4661 2948 4729 τῇ
2992 4656 3185 4726 λόγχῃ.
3225 4651 3424 4719 ἐπάγει
3462 4649 3498 4716 ἡ
3526 4646 3672 4698 ιστο-

2085 4765 2196 4836 ρία,
2237 4765 2320 4818 ὅτι
2353 4759 2494 4815 κατὰ
2540 4757 2722 4827 τοίχου
2766 4750 2899 4825 ἦλθε
3048 4749 3203 4819 δόρυ,
3245 4746 3275 4798 ὁ
3305 4743 3362 4797 δέ
3395 4739 3566 4836 dubii
3587 4738 3670 4836 διο

2081 4829 2295 4923 Amen-
2335 4853 2430 4906 και
2473 4851 2554 4904 ὅτι
2581 4848 2674 4900 ἐπὶ
2696 4846 2796 4915 τῆς
2817 4833 3005 4912 κλίνης
3038 4839 3135 4894 τοῦ
3161 4836 3326 4892 Δαδιδ
3365 4831 3528 4893 αὐτὸς
3564 4829 3670 4923 μὲν

2081 4946 2180 5016 ούχ
2214 4916 2556 5014 εύρίσκεται,
2602 4937 2718 4992 ἀλλ’
2753 4936 2867 4990 ἀντ’
2911 4932 3120 4987 ἐκείνου
3155 4923 3585 5016 κενοτάφια-και
3601 4916 3669 4992 ἦα

2082 5011 2196 5105 παρ
2229 5011 2421 5100 αέγῶν,
2462 5031 2599 5098 ὅπερ
2641 5029 2751 5089 τοῖς
2793 5025 2914 5078 τότε
2960 5023 3039 5084 είς
3070 5011 3665 5105 ἀποτροπιασμὸν-θα-

2081 5101 2263 5189 νάτου,
2301 5123 2362 5176 ἐκ
2399 5137 2542 5185 τινος
2571 5117 2879 5189 συνηθείας,
2907 5109 2969 5168 τὸ
2992 5110 3235 5166 τοιοῦτον
3263 5107 3493 5175 ἐγίνετο,
3521 5101 3667 5156 ὥστε

2081 5217 2172 5271 τὸν
2214 5216 2496 5288 ἄρρωστον
2531 5209 2898 5279 ὑπεξάγεσθαι
2941 5205 3044 5278 μέν
3083 5207 3184 5273 τῆς
3226 5200 3434 5269 κλίνης,
3461 5194 3561 5267 τὴν

2081 5311 2194 5372 τοῖς
2213 5285 2529 5377 τεθνηκόσιν
2565 5299 2995 5371 ἐπιϐαλλομένην
3029 5295 3223 5366 στολὴν
3253 5289 3554 5346 ἐπιτιθέναι
3584 5285 3666 5357 τῷ

2080 5393 2508 5467 κραὸϐάτῳ,καἰ
2548 5387 2702 5465 ἧπαρ
2745 5389 2934 5459 αἰγῶν.
2972 5387 3140 5458 Δῆλον
3173 5385 3283 5454 γὰρ
3323 5382 3388 5436 ἂν
3423 5379 3511 5450 εἴη
3551 5378 3664 5440 τοῖς

2083 5488 2533 5561 φιλοπνωτέροις
2556 5525 2572 5551 ,
2641 5485 2724 5538 ὅτι
2812 5479 3116 5553 προφητεία
3175 5475 3274 5546 τῆς
3349 5473 3494 5528 κατὰ
3529 5560 3536 5561 7
3571 5468 3664 5522 τὸν

2083 5560 2288 5652 Κύριον
2329 5577 2645 5648 οἰκονομίας
2699 5576 2847 5629 ἐστὶν
2891 5576 2924 5644 ἡ
2965 5571 3196 5643 ἱστορία.
3227 5568 3492 5639 Δαίμονες
3521 5560 3664 5635 ἦσαν

2085 5674 2142 5726 ὲν
2181 5671 2353 5728 Σαοὺλ
2382 5669 2460 5742 τῷ
2487 5669 2734 5744 τυράννῳ
2753 5685 2767 5700 ·
2813 5665 3035 5727 τούτους
3060 5661 3352 5718 ἀπελαύνει
3380 5660 3411 5712 ὁ
3448 5659 3527 5720 εἰς
3563 5655 3660 5726 βαι
