3870 6220
201 314 299 383 6m

1609 301 1673 356 IN
1708 297 2044 355 PSALMOS.

3355 278 3455 331 6M

199 433 414 487 οιλείαν
438 428 704 502 χρισθεὶς,
834 428 934 499 τῆς
956 422 1187 498 κιθάρας
1211 422 1428 497 ὀργάνῳ
1466 419 1584 474 κατ’
1603 415 1780 471 αὐτῶν

1890 416 2203 468 evenerunt.
2231 406 2452 465 Saulem
2484 411 2778 476 tyrannum
2804 399 3080 455 daemones
3103 408 3453 466 occuparant,

150 602 167 614 .
196 525 505 596 ἐνεργήσας
541 524 640 595 τὴν
681 521 943 591 πτόησιν·
965 521 995 573 6
1026 518 1083 575 δὲ
1118 514 1484 586 καταληφθεὶς
1522 511 1628 564 ὑπὸ
1669 509 1779 563 τῶν

201 618 479 672 συνόντων
502 614 652 686 αὑτῷ
676 613 971 685 δαιμόνων,
1004 610 1269 666 πατάσσει
1300 610 1365 679 τῇ
1386 605 1557 678 λόγχη
1579 602 1669 656 τὸν
1694 598 1783 653 διὰ

198 712 304 781 τῆς
337 708 569 778 κιθάρας
594 704 694 776 τὴν
726 703 870 758 κατὰ
909 702 1018 756 τῶν
1057 696 1329 772 δαιμόνων
1363 697 1515 767 ἰσχὺν
1543 690 1782 756 ὲνδειξά-
1822 750 1827 756 ι

205 800 391 871 μένον,
411 797 524 852 ἀλλ’
544 799 573 850 6
585 798 763 866 τοῖχος
775 794 990 865 δέχεται
1005 793 1129 846 ἀντὶ
1143 790 1235 846 τοῦ
1252 789 1416 844 Δαὸὶδ
1429 787 1528 860 τὴν
1542 785 1779 857 πληγήνο

199 895 231 944 ὁ
267 891 330 945 δὲ
379 888 725 955 διασώζεται.

271 1072 430 1128 Μετὰ
462 1066 633 1125 ταῦτα
678 1069 707 1122 6
770 1065 1174 1129 ἐπιϐουλευθεὶς
1246 1060 1400 1134 παρὰ
1459 1059 1553 1114 τοῦ
1609 1057 1784 1113 Σαοὺλ

201 1168 449 1238 ζητεῖται
520 1163 612 1217 ἐπὶ
677 1161 777 1230 τῆς
836 1159 1057 1230 κλίνης,
1123 1156 1219 1211 καὶ
1280 1156 1309 1209 6
1370 1153 1470 1225 μὲν
1536 1152 1635 1223 οὐχ
1695 1152 1785 1205 εὖ·-

202 1260 490 1331 ρίσκεται·
574 1255 870 1322 κενοτάφια
927 1249 985 1304 δὲ
1060 1249 1176 1302 ἀντ’
1254 1246 1463 1300 ἐκείνου
1515 1245 1549 1314 ὴ
1627 1242 1783 1314 κλίνη

201 1346 352 1422 ἔχει,
394 1350 487 1402 καὶ
528 1341 682 1421 ἦπαρ
727 1344 921 1414 αἰγῶν.
969 1340 1183 1411 Φανερὰ
1216 1339 1274 1393 δὲ
1317 1338 1533 1400 πάντως
1567 1334 1713 1389 ἐστὶν
1748 1334 1783 1405 ὴ

198 1444 413 1498 διάνοια
434 1440 791 1509 αἰνιγμάτων,
819 1434 1032 1505 καὶτῆς
1061 1431 1301 1503 ἱστορίας
1332 1427 1624 1483 ἀκολουθία
1647 1425 1784 1498 πρὸς

196 1537 252 1591 τί
289 1535 495 1606 βλέπει.
542 1532 665 1585 Ὅτι
703 1530 802 1601 μὲν
848 1526 937 1583 διὰ
968 1524 1062 1579 τοῦ
1106 1523 1272 1579 Δαϐιδ
1311 1521 1340 1575 6
1380 1523 1445 1575 ὲκ
1493 1519 1587 1573 τοῦ
1619 1518 1783 1572 Δαόὶδ

197 1627 575 1700 προμηνύεται
593 1663 612 1691 ,
635 1624 727 1678 τὸν
749 1622 808 1677 δὲ
832 1619 1064 1691 Χριστὸν
1085 1620 1113 1672 6
1133 1615 1375 1690 χρισθεὶς
1394 1611 1780 1683 διασημαίνει·

198 1722 296 1774 καὶ
333 1720 417 1773 ὅτι
465 1720 500 1791 ἡ
530 1715 764 1786 κιθάρα,
796 1714 857 1766 τὸ
888 1707 1224 1783 ἀνθρώπινόν
1251 1708 1397 1759 ἐστιν
1427 1704 1657 1775 όργανον
1683 1717 1698 1731 ο
1744 1701 1778 1771 ἠ

194 1810 257 1866 δὲ
286 1815 354 1865 ὲκ
387 1808 591 1881 ταύτης
630 1808 766 1879 ᾠδὴ,
799 1808 828 1860 6
866 1806 952 1858 διὰ
989 1802 1084 1857 τοῦ
1122 1796 1497 1873 σαρκωθέντος
1529 1812 1781 1866 φανερω-

196 1905 318 1967 Osi;
366 1904 500 1974 ἡμῖν
544 1901 730 1970 λόγος,
780 1893 843 1954 οὗ
888 1896 1048 1968 εργον
1085 1894 1232 1947 ἐστὶν
1278 1888 1539 1960 ἀφανίσαι
1575 1888 1675 1957 τὴν
1718 1888 1783 1939 ὲκ

123 2019 127 2021 ‘
194 1999 474 2070 δαιμόνων
503 1994 863 2068 παραφορὰν,
910 1991 999 2044 ἵνα
1039 1986 1238 2060 μηκέτι
1277 1978 1412 2037 ὦσιν
1443 1982 1491 2035 οἱ
1535 1978 1647 2032 θεοὶ
1673 1976 1783 2031 τῶν

194 2092 374 2146 ὲθνῶν
425 2091 493 2147 τά
527 2088 798 2157 δαιμόνια.
862 2082 1003 2137 Ἀλλ’
1040 2082 1071 2134 6
1107 2076 1359 2150 βασιλεὺς
1405 2075 1610 2133 ἐκεῖνος
1647 2071 1676 2123 6
1725 2070 1785 2121 ὲν

196 2183 385 2254 ἑαυτῷ
420 2182 547 2245 τοὺς
598 2180 858 2249 δαίμονας
908 2176 1065 2246 ἔχων,
1115 2169 1192 2226 ὅτ’
1236 2168 1301 2223 ἂν
1349 2164 1679 2237 ὑποχωρήσῃ
1716 2158 1786 2214 τά

196 2274 495 2346 πνεύματα
533 2275 599 2342 τῇ
627 2271 736 2342 ᾠδῇ
757 2312 771 2334 ,
807 2267 964 2323 τοῦτο
995 2266 1224 2335 ὄργανον
1275 2262 1367 2313 ἐπὶ
1404 2256 1578 2327 τούτῳ
1612 2255 1787 2324 ἁρμο-

194 2342 441 2438 σάμενον
475 2364 743 2418 πατάσσει
770 2358 849 2429 τῷ
879 2357 1064 2429 δόρατι
1094 2353 1176 2426 (τὸ
1198 2352 1255 2405 δὲ
1283 2350 1411 2421 δόρυ
1431 2388 1446 2413 ,
1471 2346 1627 2412 ξύλον
1662 2342 1780 2397 ἐστὶ

193 2433 413 2529 σιδήρῳ
438 2450 934 2521 καθωπλισμένον),
962 2445 1100 2500 ἀλλὰ
1127 2444 1343 2514 δέχεται
1372 2440 1487 2492 ἀντ’
1516 2434 1723 2490 ἐκείνου
1756 2433 1786 2486 6

191 2527 380 2618 16316;
415 2546 479 2599 τὸ
513 2544 661 2614 δόρυ.
693 2538 884 2611 Τοίχον
908 2540 967 2593 δὲ
1006 2536 1256 2607 νοοῦμεν,
1282 2532 1381 2603 τὴν
1411 2530 1606 2599 γηῖνην
1637 2527 1785 2578 οἰκο-

191 2612 395 2710 δομην,
428 2638 493 2691 δι’
636 2634 698 2688 τὸ
732 2632 894 2701 σῶμα
938 2624 1453 2696 καταμανθάνομεν,
1495 2616 1624 2685 περὶ
1653 2613 1681 2667 ὃ
1723 2612 1785 2666 τὸ

189 2706 363 2798 ξύλον
392 2706 661 2799 βλέπομεν
694 2722 790 2777 τοῦ
832 2718 1067 2791 σταυροῦ
1098 2718 1190 2771 καὶ
1228 2715 1321 2768 τὸν
1359 2711 1598 2782 σίδηρον.
1639 2708 1696 2761 ’0
1728 2706 1785 2759 δὲ

147 2806 157 2815 ’
193 2797 370 2877 Δαδὶδ
395 2797 624 2881 -έκεῖνος
656 2818 686 2869 ό
734 2812 953 2885 χριστός
990 2827 1049 2863 τε
1091 2810 1187 2863 καὶ
1230 2804 1517 2877 βασιλεὺς,
1549 2799 1653 2865 ἔξω
1687 2797 1783 2853 τοῦ

191 2913 411 2973 πάθους
443 2908 610 2965 ἐστίν.
671 2906 737 2961 Ἡ
764 2903 874 2976 γὰρ
918 2901 1109 2971 θεότης
1140 2900 1198 2951 ὲν
1225 2895 1304 2966 τῷ
1331 2892 1549 2965 σταυρῷ
1588 2909 1648 2945 τε
1690 2889 1785 2943 καὶ

189 3008 313 3068 ⁸τοῖς
351 3004 500 3074 ἥλοις
525 3000 589 3056 ού
617 2998 847 3067 γίνεται.
883 2993 1097 3063 Μελχὸλ
1131 2991 1189 3044 δὲ
1216 2987 1567 3050 ἀκούσαντες,
1591 2983 1690 3055 τὴν
1720 2984 1784 3036 ἐκ

1881 505 1983 559 hos
2018 501 2269 575 profligat
2322 505 2525 553 unctus
2570 496 2625 550 in
2680 507 2933 565 regnum,
2964 492 3335 547 instrumento
3378 492 3454 543 ci-

1880 597 2053 650 tharaa
2082 594 2305 649 incussa
2342 590 2453 646 illis
2488 586 2814 653 formidine;
2850 592 2906 638 at
2943 584 3034 639 ille
3062 598 3092 637 a
3118 580 3456 637 daemonibus

1882 686 1987 742 sibi
2038 683 2405 741 familiaribus
2445 680 2743 745 distentus,
2780 679 2971 731 lancea
3012 675 3249 747 percutit
3279 674 3456 738 illum,

1880 777 1975 846 qui
2000 776 2112 830 vim
2157 788 2313 831 suam
2347 779 2540 827 contra
2577 768 2854 824 daemones
2884 782 2981 836 per.
3014 765 3279 820 citharam
3308 776 3448 833 pate-

1882 871 2153 937 faciebat;
2188 869 2285 925 sed
2311 882 2528 931 murus,
2561 865 2684 920 loco
2722 862 2966 927 Davidis,
3010 862 3181 916 ictum
3223 861 3455 930 recipit;

1883 962 1973 1017 ille
1999 962 2287 1016 incolumis
2317 958 2517 1016 evadit.

1952 1044 2205 1105 Posthac
2251 1048 2484 1104 insidias
2531 1060 2561 1100 a
2612 1043 2778 1100 Saule
2816 1058 3037 1115 passus,
3088 1041 3352 1112 quaeritur
3401 1040 3456 1095 in

1884 1140 2027 1198 lecto
2067 1161 2081 1196 :
2120 1148 2176 1195 at
2208 1155 2319 1195 non
2355 1137 2664 1209 reperitur;
2698 1135 2994 1191 simulacra
3042 1149 3174 1189 vero
3208 1133 3456 1203 quaedam

1883 1237 2002 1291 vice
2039 1235 2186 1291 illius
2247 1233 2428 1288 lectus
2481 1229 2749 1293 continet,
2803 1233 2859 1283 et
2918 1227 3089 1296 hepar
3143 1241 3457 1295 caprarum.

1882 1324 2177 1397 Perspicue
2217 1331 2398 1379 autem
2440 1322 2633 1392 liquet,
2664 1334 2927 1390 quorsum
2966 1318 3163 1372 horum
3198 1317 3461 1387 aanigma-

1883 1423 1999 1470 tum
2038 1413 2420 1483 intelligentia,
2465 1420 2519 1465 et
2548 1410 2719 1465 totius
2750 1408 2993 1463 historiae
3028 1407 3200 1462 series
3244 1406 3455 1467 tendat,

1882 1506 2132 1561 videlicet
2178 1520 2275 1575 per
2324 1501 2580 1557 Davident
2626 1498 2969 1570 significatur
3007 1499 3054 1553 is
3108 1498 3202 1567 qui
3251 1504 3337 1551 est
3388 1512 3458 1551 ex

1883 1598 2108 1665 Davide,
2145 1605 2200 1652 et
2245 1595 2550 1658 Christum,
2595 1592 2702 1647 hoc
2742 1599 2849 1655 est,
2882 1598 3106 1645 unctum
3147 1588 3460 1659 pradigurat

1889 1700 2127 1755 unctus;
2202 1697 2257 1742 at
2308 1687 2575 1741 citharam
2637 1698 2762 1739 esse
2818 1682 3114 1736 humanam
3169 1687 3457 1746 naturam,

1812 1761 1856 1817 Β
1887 1784 2034 1839 velut
2065 1781 2491 1837 instrumentum
2518 1775 2813 1847 quoddam.
2846 1772 3022 1842 Hujus
3050 1780 3349 1826 concentus
3376 1780 3461 1825 est

1883 1874 2134 1931 doctrina
2163 1888 2260 1943 per
2289 1886 2438 1936 eum,
2467 1868 2560 1939 qui
2588 1868 2910 1922 incarnatus
2945 1872 3053 1929 est,
3087 1862 3249 1918 nobis
3280 1861 3459 1915 mani-

1884 1966 2107 2031 festata;
2141 1963 2304 2033 cujus
2337 1962 2487 2024 linis,
2516 1959 2737 2015 abolere
2768 1972 3011 2022 omnem,
3046 1971 3169 2026 quae
3200 1970 3229 2008 a
3251 1954 3458 2008 daemo-

1885 2058 2048 2113 nibus
2081 2056 2391 2111 concitatur
2416 2051 2796 2122 agitationem,
2832 2065 2899 2104 ne
2948 2048 3185 2118 amplius
3215 2045 3289 2100 dii
3328 2060 3458 2116 gen-

1885 2149 2021 2202 tium
2063 2146 2172 2203 sint
2205 2145 2517 2210 daemonia;
2551 2142 2647 2198 sed
2682 2157 2777 2196 rex
2801 2140 2914 2205 ille,
2945 2140 3038 2209 qui
3070 2154 3100 2192 a
3124 2137 3464 2193 damonibus

1887 2248 2137 2310 arreptus
2173 2244 2278 2300 est,
2325 2252 2447 2291 cum
2500 2234 2730 2305 spiritus
2760 2232 2836 2286 illi
2890 2230 3185 2286 concentui
3236 2228 3458 2291 cedunt,

1886 2346 2151 2400 organum
2180 2330 2288 2383 hoc
2309 2327 2562 2398 iugandis
2592 2324 2933 2381 daemonibus
2963 2320 3460 2383 accommodatum,

1886 2420 2320 2492 percutitlancea
2344 2436 2358 2485 ;
2389 2419 2579 2472 lancea
2603 2422 2783 2470 autem
2805 2415 3012 2484 lignum
3028 2419 3113 2466 est
3131 2411 3464 2465 ferroarma-

1888 2522 2028 2581 tum,
2048 2512 2142 2569 sed
2166 2511 2369 2582 excipit
2400 2510 2548 2564 illius
2571 2509 2690 2561 loco
2718 2520 2908 2560 murus
2926 2504 3201 2564 lanceam;
3229 2515 3323 2569 per
3342 2514 3463 2552 mu-

1887 2620 2008 2659 rum
2028 2593 3116 2673 intelligimusterrenamaadiﬁeationem,
3133 2603 3240 2659 qua
3257 2602 3462 2657 corpus

1887 2698 2046 2754 nobis
2084 2696 2352 2757 innuitur,
2395 2694 2544 2747 circa
2576 2689 2723 2760 quod
2758 2687 3007 2741 videmus
3034 2683 3241 2753 lignum
3276 2681 3461 2736 crucis

1886 2802 1941 2849 et
1977 2792 2205 2847 ferrum.
2243 2790 2309 2843 At
2340 2787 2509 2841 David
2555 2786 2647 2839 ille
2686 2800 2714 2837 a
2750 2780 2981 2836 Domino
3016 2785 3214 2832 unctus
3250 2782 3304 2829 et
3341 2790 3459 2840 rex,

1888 2898 1918 2937 a
1962 2883 2219 2953 passione
2266 2880 2427 2948 longe
2476 2876 2653 2940 abest,
2698 2870 2959 2927 divinitas
2989 2866 3136 2920 enim
3195 2875 3360 2916 cruce
3407 2866 3462 2913 et

1889 2974 2062 3030 clavis
2101 2988 2212 3028 non
2246 2970 2502 3041 adigitur.
2535 2961 2708 3021 Porro
2739 2977 2863 3018 cum
2900 2958 3156 3014 audimus
3187 2951 3457 3009 Melchol:

203 3045 311 3068 *νιν
357 3045 498 3074 ’νη-ν
528 3045 584 3056 ν-
629 3045 846 3067 ο--τη-ν-
884 3045 936 3049 -νί
1003 3045 1035 3063 ,κ
1527 3045 1564 3050 ,.
1648 3045 1659 3055 ,

188 3095 295 3149 τοῦ
327 3091 503 3148 Σαοὺλ
538 3089 855 3159 γινομένην,
947 3082 1111 3137 Δασὶδ
1144 3077 1524 3148 ἐκοινώνησεν,
1553 3076 1614 3129 οὐ
1644 3074 1781 3139 ξενι-

1890 3084 2009 3139 quae
2033 3083 2099 3123 ex
2132 3064 2297 3120 Saule
2322 3058 2607 3132 progenita
2646 3062 2787 3120 erat,
2817 3066 2981 3124 quam
3015 3047 3184 3102 David
3218 3045 3463 3113 despon-

2180 3158 2183 3159 ν
2542 3150 2555 3159 .
2795 3154 2805 3159 _
2878 3145 2893 3159 .
3274 3137 3364 3159 η,
3405 3133 3457 3159 ελ,

192 3186 447 3258 ἰώμεθα,
482 3183 620 3253 πρὸς
643 3180 706 3233 τὸ
725 3175 1017 3232 ἀκόλουθον
1053 3173 1366 3245 βλέποντες.
1403 3167 1637 3237 Οἴδαμεν
1674 3164 1783 3237 γὰρ

190 3256 297 3333 δτι*
320 3278 352 3329 ὁ
380 3274 512 3337 Θεὸς
550 3272 780 3326 θάνατον
810 3269 910 3322 οὐκ
939 3267 1217 3336 ἐποίησεν,
1266 3260 1402 3315 ἀλλὰ
1446 3257 1627 3333 πατὴρ
1664 3256 1782 3325 ὲγέο

190 3388 327 3426 vero
355 3368 450 3425 τοῦ
484 3366 716 3434 θανάτου
762 3365 791 3417 6
827 3363 925 3431 τῆς
955 3358 1155 3421 κακίας
1186 3353 1464 3426 βασιλεὺς,
1515 3354 1545 3405 6
1592 3348 1783 3404 ἑαυτὸν

192 3465 301 3532 τῆς
331 3461 476 3530 ζωῆς
506 3460 794 3528 στερήσας.
838 3454 1022 3523 Φθόνῳ
1047 3451 1157 3521 γὰρ
1202 3446 1446 3503 διαϐόλου
1496 3445 1524 3496 6
1552 3443 1783 3506 θάνατος

192 3554 486 3624 εἰσῆλθεν·
529 3549 844 3605 ὲὸασίλευσε
883 3545 940 3599 δὲ
984 3547 1013 3598 6
1053 3543 1282 3605 θάνατος
1326 3539 1434 3592 ἀπὸ
1479 3537 1651 3607 Ἀδὰμ
1687 3535 1782 3589 καὶ

192 3652 304 3713 ἕως
336 3646 432 3701 τοῦ
475 3645 662 3715 νόμου.
697 3642 772 3695 Οὐ
823 3638 1070 3710 βούλεται
1116 3634 1311 3706 μηκέτι
1366 3629 1671 3701 βασιλεύειν
1722 3629 1781 3680 ὲν

191 3744 336 3813 ἡμῖν
374 3741 403 3793 6
460 3734 785 3797 ’Λπόστολος
838 3734 897 3785 ὲν
944 3729 1021 3799 τῷ
1076 3726 1257 3796 θνητῷ
1310 3723 1470 3795 ἡμῶν
1538 3721 1784 3791 σώματι..

210 3811 271 3890 Ὅ
303 3830 397 3887 οὖν
428 3828 571 3901 ὑπὲρ
608 3827 811 3890 παντὸς
842 3823 937 3877 τοῦ
971 3822 1201 3879 θανάτου
1230 3817 1594 3887 γευσάμενος,
1624 3814 1682 3867 ὲν
1705 3811 1782 3883 τῷ

194 3928 336 3996 οἴκῳ
376 3923 476 3992 τῆς
525 3920 630 3973 ὑπὸ
664 3917 766 3980 λτοῦ
803 3914 1085 3984 νοηθέντος
1142 3912 1276 3981 ἡμῖν
1331 3907 1504 3961 Σαοὺλ
1535 3904 1780 3973 γίνεται,

428 4013 485 4065 δὲ
527 4012 663 4081 αὐτῇ
718 4004 951 4076 Μελχόλ.
997 4001 1105 4056 Τοῦ
1156 4000 1214 4053 δὲ
1263 3997 1529 4068 ὀνόματος
1588 3992 1782 4047 τούτου

195 4113 263 4164 τὸ
291 4107 693 4180 σημαινόμενον
728 4100 1003 4172 βασιλείας
1040 4097 1208 4159 ἐστὶν,
1243 4093 1333 4147 διὰ
1357 4088 1417 4145 τὺ
1455 4087 1616 4162 μέχρι
1660 4087 1783 4141 τότε

201 4200 516 4273 βασιλεύειν
555 4198 656 4266 τὴν
692 4191 966 4265 ἁμαρτίαν
1012 4189 1114 4258 τῆς
1144 4181 1380 4257 φύσεως.
1425 4180 1688 4236 Ἐνταῦθα
1728 4180 1786 4233 δὲ

198 4265 522 4361 γενόμενος,
548 4265 711 4348 αὐτὸς
744 4282 841 4354 μὲν
870 4279 958 4334 διὰ
997 4276 1210 4347 θυρίδος
1236 4271 1537 4343 ἐξέρχεται.
1571 4265 1787 4339 Σημαί-

201 4357 291 4437 νει
326 4357 385 4436 δὲ
412 4384 447 4453 ἠ
478 4380 635 4451 θυρὶς
656 4418 671 4441 ,
712 4376 812 4446 τὴν
844 4373 938 4427 ἐπὶ
962 4369 1022 4425 τὸ
1054 4368 1173 4437 φῶς
1219 4366 1381 4419 πάλιν
1409 4360 1666 4416 ἐπάνοδον
1691 4357 1785 4412 τοῦ

201 4475 402 4532 ἅαυτδν
435 4430 636 4539 τοῖςιὲν
658 4430 846 4525 ’σκότει
896 4467 991 4521 καὶ
1022 4430 1151 4535 σκιᾷ
1187 4461 1419 4515 θανάτου
1458 4454 1783 4526 καθημένοις

1892 4439 2134 4497 tenebris
2163 4445 2217 4492 et
2249 4434 2443 4489 umbra
2476 4430 2669 4485 mortis
2688 4443 2720 4481 ο

201 4570 509 4635 δείξαντος.
547 4565 629 4618 Τά
672 4563 729 4616 δὲ
775 4561 1074 4628 κενοτάφια
1114 4551 1279 4608 αὐτοῦ
1328 4550 1419 4603 ἐπὶ
1455 4548 1555 4618 τῆς
1600 4546 1789 4614 κλίνης

202 4662 430 4734 ὁρᾶται.
458 4658 598 4729 Φησὶ
644 4655 739 4726 γὰρ
770 4653 866 4707 καὶ
893 4654 923 4705 6
951 4647 1181 4718 ἄγγελος
1206 4646 1321 4708 τοῖς
1347 4644 1405 4695 ὲν
1433 4639 1512 4710 τῷ
1548 4638 1791 4710 μνήματι

205 4727 439 4828 ζητοῦσι
487 4727 577 4805 τὸν
626 4749 857 4822 Κύριονο
897 4766 916 4797 ι
950 4745 1015 4796 Τί
1047 4740 1260 4813 ζητεῖτε
1295 4737 1387 4791 τὸν
1433 4734 1612 4798 ζῶντα
1647 4727 1789 4801 μετὰ

205 4822 321 4903 τιῖιν
350 4846 589 4915 νεκρῶνς
622 4843 722 4895 οὐκ
753 4839 899 4892 ἐστιν
927 4829 1054 4896 ὦδε,
1081 4831 1312 4903 ηγέρθη.
1342 4828 1449 4880 Ἴδε
1478 4828 1506 4879 6
1529 4823 1693 4885 τόπος
1736 4822 1795 4874 ἐν

204 4934 253 5009 ᾧ
278 4914 481 4995 ἔκειτο.
520 4956 543 4990 ι
573 4931 676 4989 Τὸν
698 4932 890 5000 τάφον,
914 4931 971 4981 ὲν
995 4921 1040 4993 ᾧ
1066 4924 1264 4994 ἐτάφη,
1292 4922 1401 4975 ἴδον
1428 4919 1476 4972 οἱ
1506 4914 1794 4987 ζητοῦντες

206 5008 304 5088 τὸν
353 5030 581 5102 Κύριον,
617 5025 772 5080 κενὸν
804 5020 898 5076 τοῦ
943 5017 1277 5090 ζητουμένου
1324 5015 1594 5083 σώματος.
1640 5008 1796 5063 Μόνα

208 5126 269 5180 66
300 5119 373 5195 ἦν
402 5098 462 5175 ὲν
491 5117 641 5188 αὖτῷ
665 5115 737 5169 τὰ
766 5113 1014 5180 ἐντάφια.
1047 5108 1257 5163 Οὐκοῦν
1302 5104 1550 5174 νοοῦμεν,
1583 5102 1664 5154 ὅτι
1696 5098 1795 5169 τὴν

210 5192 515 5271 ἀνάστασιν
547 5209 643 5264 τοῦ
682 5205 889 5278 Κυρίου
923 5204 1175 5276 σημαίνει
1220 5199 1315 5271 τὴν
1354 5198 1447 5251 ἐπὶ
1482 5193 1578 5248 τοῦ
1621 5192 1793 5262 τάφου

210 5308 284 5361 τὰ
314 5306 411 5358 ἐπὶ
441 5305 545 5374 τῆς
564 5300 752 5372 κλίνης
774 5298 870 5352 τοῦ
900 5296 1065 5350 Δαὸὶδ
1096 5291 1412 5360 κενοτάφια,
1443 5288 1510 5342 δι’
1542 5279 1618 5340 ὧν
1650 5284 1796 5353 γίνε-

210 5416 307 5453 ται
338 5399 367 5451 6
400 5393 653 5468 ἀληθινὸς
678 5394 773 5448 τοῦ
802 5390 1032 5446 θανάτου
1060 5386 1218 5459 ἡμῶν
1249 5378 1719 5454 ἀποτροπιασμὸς.

285 5560 399 5617 Τοῦ
440 5559 499 5613 δὲ
544 5556 841 5630 τρωθέντος
871 5552 1048 5624 τοίχου
1070 5590 1085 5615 ,
1133 5549 1192 5604 ὃν
1242 5547 1363 5601 ἀντὶ
1402 5543 1495 5597 τοῦ
1543 5540 1793 5613 σώματος

295 5744 341 5776 "
371 5742 530 5798 Rom.
562 5756 615 5807 v,
647 5737 732 5793 Η.
850 5737 892 5770 ι’
918 5734 1077 5789 Rom.
1115 5746 1189 5796 vl,
1226 5729 1309 5785 12.

1886 3133 2002 3219 sam
2036 3158 2308 3221 habebat;
2352 3169 2422 3208 ne
2448 3150 2739 3206 turbentur
2759 3154 2813 3201 et
2846 3143 3242 3203 abalienemur,
3272 3137 3368 3192 sed
3405 3133 3458 3188 id

1883 3253 2029 3325 quod
2085 3250 2334 3319 sequitur
2392 3243 2797 3314 respiciamus:
2831 3237 3040 3292 scimus
3081 3232 3226 3286 enim
3272 3243 3303 3282 a
3352 3225 3465 3279 Deo

1885 3353 2114 3400 mortem
2148 3355 2260 3396 non
2289 3353 2413 3394 esse
2446 3334 2671 3395 factam,
2701 3329 2796 3385 sed
2833 3326 3030 3382 mortis
3060 3338 3257 3394 parens
3290 3318 3467 3373 exsti-

1885 3438 1950 3491 tit
2004 3451 2099 3491 rex
2126 3433 2219 3487 ille
2252 3428 2495 3492 malitias,
2531 3424 2626 3497 qui
2658 3423 2900 3491 seipsum
2938 3416 3046 3470 vita
3078 3412 3345 3485 privavit;
3383 3411 3468 3463 in-

1881 3528 2030 3584 vidia
2068 3525 2213 3581 enim
2255 3520 2459 3577 diaboli
2500 3530 2651 3572 mors
2684 3511 2913 3568 intravit
2946 3527 2960 3563 :
2994 3506 3246 3578 regnavit
3285 3512 3465 3556 autem

1884 3636 2034 3676 mors
2069 3619 2136 3671 ab
2157 3616 2327 3670 Adam
2353 3625 2533 3681 usque
2561 3608 2628 3662 ad
2660 3607 2833 3675 legem
2856 3602 2923 3667 ",
2955 3615 3119 3670 quam
3150 3595 3386 3665 amplius
3412 3594 3467 3646 in

1882 3709 2101 3766 mortali
2141 3714 2333 3760 nostro
2362 3713 2595 3770 corpore
2640 3708 2877 3765 regnare
2924 3704 3035 3744 non
3075 3686 3194 3741 vult
3226 3684 3469 3753 Aposto«

1884 3805 1969 3859 lus
1994 3802 2057 3855 ¹³.
2089 3799 2139 3854 Is
2168 3797 2353 3868 igitur,
2384 3792 2478 3863 qui
2512 3804 2611 3860 pro
2642 3786 2902 3842 omnibus
2933 3787 3165 3836 mortem
3197 3776 3469 3860 gustavit,

1882 3903 2131 3950 versatur
2172 3890 2228 3943 in
2277 3887 2440 3942 domo
2478 3883 2621 3953 ejus,
2663 3894 2828 3950 quam
2876 3876 2923 3932 is
2961 3874 3056 3944 qui
3117 3884 3214 3942 per
3249 3868 3471 3923 Saulem

1883 3987 2110 4056 mystice
2157 3980 2499 4052 significatur
2533 3971 2847 4046 progenuit,
2891 3967 3053 4038 cujus
3102 3979 3302 4019 nomen
3337 3960 3470 4015 Mel—

1883 4077 2031 4139 chol,
2070 4074 2176 4128 hoc
2213 4077 2322 4134 est,
2376 4081 2628 4138 regnum,
2669 4061 2816 4133 quod
2865 4074 2931 4115 eo
2979 4070 3155 4125 usque
3188 4060 3469 4125 peccatum

1885 4177 2097 4224 natura:
2129 4162 2437 4234 imperarit.
2473 4157 2573 4212 Hie
2602 4157 2769 4228 igitur
2800 4152 3155 4212 constitutus,
3184 4148 3315 4229 ipse
3344 4143 3472 4214 qui-

1888 4260 2011 4314 dem
2048 4270 2145 4328 per
2188 4222 2485 4309 fenestram
2523 4222 2656 4304 exit:
2692 4244 2978 4316 Signiﬁcat
3008 4222 3191 4296 autem
3226 4238 3469 4293 fenestra

1892 4351 2126 4406 reditum
2158 4347 2213 4401 in
2248 4346 2424 4399 lucem
2454 4341 2598 4411 ejus,
2640 4339 2736 4409 qui
2790 4336 3030 4405 seipsum
3067 4330 3383 4388 sedentibus
3414 4330 3470 4382 in

2726 4425 3005 4482 stenderat
3031 4441 3044 4475 :
3078 4417 3473 4486 atcenotaphia

1893 4544 1948 4592 et
1986 4531 2284 4589 simulacra
2314 4523 2737 4594 conspiciuntur
2786 4517 2841 4572 in
2892 4517 3013 4586 ejus
3050 4514 3211 4568 lecto.
3251 4508 3385 4563 Nam
3418 4515 3473 4562 et

1895 4625 2125 4695 angelus
2170 4616 2552 4692 quaerentibus
2596 4613 2890 4667 Dominum
2943 4611 2997 4662 in
3051 4606 3304 4677 sepulcro
3358 4603 3472 4660 ait:

1902 4738 1920 4770 ι
1955 4716 2095 4785 Quid
2130 4712 2375 4784 quaeritis
2405 4708 2677 4763 viventem
2721 4718 2846 4758 cum
2903 4698 3174 4754 mortuis?
3232 4711 3341 4751 non
3390 4699 3477 4748 est

1898 4783 2015 4873 hic;
2060 4783 2305 4859 surrexit
2345 4818 2360 4854 :
2413 4812 2544 4854 ecce
2590 4794 2748 4849 locus
2806 4792 2859 4845 in
2914 4804 3023 4858 quo
3076 4786 3293 4856 jacebat
3322 4783 3410 4837 ’δε
3450 4800 3469 4835 ι

1901 4913 2029 4956 εεεε
2091 4896 2428 4967 sepulcrum,
2470 4891 2525 4944 in
2580 4903 2690 4959 quo
2734 4885 2983 4954 sepultus
3012 4888 3151 4937 erat.
3185 4876 3474 4941 Viderunt,

1899 4992 1991 5061 qui
2043 4986 2359 5057 quaerebant
2418 4980 2754 5050 sepulcrum,
2809 4973 2905 5029 sed
2956 4984 3188 5026 vacuum
3249 4980 3480 5035 corpore

1900 5056 2046 5153 quod
2062 5056 2389 5150 quaerebant
2421 5092 2435 5128 :
2462 5073 2577 5127 sola
2600 5074 2780 5123 autem
2811 5062 3137 5135 sepulcralia
3160 5056 3479 5113 linteamina

1902 5148 2315 5244 comparebant.
2372 5161 2735 5232 lntelligimus
2780 5157 2947 5227 igitur
2995 5152 3275 5208 funebrem
3325 5148 3477 5202 illum

1903 5269 1958 5323 in
1994 5268 2133 5320 lecto
2165 5261 2385 5315 Davidis
2409 5262 2754 5327 apparatum,
2780 5246 3091 5320 significare
3121 5240 3483 5299 resurrectio-

1904 5373 2026 5413 nem
2061 5370 2125 5410 ex
2168 5350 2423 5420 sepulcro
2451 5366 2466 5415 ;
2495 5345 2697 5417 quibus
2728 5357 2854 5397 vere
2882 5352 3029 5394 mors
3055 5351 3086 5389 a
3125 5332 3286 5389 nobis
3317 5342 3477 5384 aver-

1901 5450 2037 5505 titur
2059 5452 2112 5499 et
2144 5442 2380 5512 fugatur.

1973 5535 2143 5594 Venio
2190 5533 2256 5589 ad
2298 5532 2646 5587 vulneratum
2696 5533 2979 5599 parietem,
3012 5533 3171 5591 quem
3217 5528 3316 5586 pro
3356 5524 3482 5568 cor-

1427 5726 1470 5759 "
1497 5723 1663 5779 Marc.
1704 5737 1815 5809 am,
1845 5720 1893 5774 6.
