3870 6220
426 307 534 361 605

1691 315 1748 368 S.
1778 314 2108 371 GREGORII
2165 313 2452 372 NYSSENI

3581 319 3696 375 601

430 441 559 494 pore
607 427 925 496 accipimus,
968 431 1221 500 quamvis
1263 433 1548 505 sanguinis
1589 446 1889 506 expertem,
1929 455 1998 495 ne

2110 441 2418 511 ίνοήσαμεν,
2451 433 2590 511 αἷμα
2617 439 2692 512 μὴ
2730 439 2965 510 ἔχοντος,
2997 442 3073 506 ὡς
3097 443 3164 496 ἂν
3189 442 3263 515 μὴ
3293 443 3400 516 ἀρα
3433 445 3692 518 λειφθείη

433 519 483 570 id
514 516 659 589 quod
694 518 930 572 maxime
960 519 1027 573 ad
1062 524 1384 592 mysterium
1413 534 1782 595 Opportunum
1811 537 1914 595 est,
1950 537 2007 585 et

427 625 537 676 quo
586 609 855 678 redempti
891 626 1119 674 sumus,
1163 616 1528 684 sanguinem,
1561 617 1818 688 inquam,
1866 635 2006 690 prae-

429 706 726 759 tereamus,
765 698 854 752 hic
888 700 943 753 in
988 701 1098 755 illis
1138 702 1273 772 ipsis
1307 707 1655 776 cenotaphiis
1686 709 2001 778 reperitur:

427 792 604 843 solum
652 791 796 843 enim
845 791 1018 862 hepar
1070 793 1215 847 inter
1267 797 1510 851 membra
1551 799 1835 867 sanguinis
1880 801 2004 856 fons

427 889 513 934 est
544 887 599 934 et
638 879 877 945 oiIicina,
921 882 1042 938 sine
1073 899 1181 953 quo
1228 883 1343 939 ﬁeri
1375 888 1585 956 nequit,
1616 895 1676 942 ut
1721 891 2004 959 sanguinis

427 980 626 1027 natura
668 974 956 1028 subsistat.
993 973 1050 1028 Si
1087 975 1252 1046 igitur
1289 992 1354 1031 ex
1398 977 1593 1048 hepate
1620 981 1842 1050 sanguis
1873 996 2004 1051 pro-

425 1064 569 1128 ﬂuit,
618 1065 786 1134 liepar
819 1076 998 1120 autem
1053 1068 1196 1122 inter
1228 1070 1556 1139 cenotaphia
1604 1071 1899 1139 reperitur,
1948 1073 2006 1126 lit

430 1165 488 1208 ut
515 1171 693 1225 neque
748 1158 976 1225 sanguis
1010 1158 1152 1214 desit
1183 1159 1254 1224 ei,
1290 1175 1412 1230 qua:
1463 1163 1777 1216 mortalium
1816 1163 2003 1235 generi

428 1247 672 1310 obvenit,
705 1248 902 1303 mortis
937 1247 1342 1319 proﬂigationi;
1394 1260 1449 1305 at
1492 1253 1706 1322 species
1751 1255 2003 1310 animalis

428 1337 612 1406 bnjus,
656 1338 815 1406 cujus
867 1339 1037 1409 hepar
1085 1344 1400 1412 appositum
1456 1345 1578 1411 fuit,
1631 1345 1887 1415 deputata
1920 1353 2005 1401 est

431 1429 835 1500 propitiatoriis
869 1435 1160 1490 sacriﬁciis
1187 1453 1284 1506 pro
1319 1439 1560 1508 peccatis
1586 1439 1648 1492 ".
1681 1437 1865 1510 Neque
1900 1441 2004 1494 hoc

429 1522 628 1584 solum,
658 1523 752 1577 sed
783 1539 851 1578 ex
877 1525 1070 1580 eodem
1111 1543 1309 1598 genere
1353 1531 1419 1584 ad
1460 1530 1672 1586 Pascha
1713 1533 2001 1587 celebran-

429 1611 586 1678 dum,
621 1615 824 1670 animal
853 1618 1127 1686 quoddam
1165 1621 1436 1690 seligitur,
1480 1623 1735 1693 idemque
1777 1624 2001 1689 animal,

432 1703 510 1756 ait
550 1702 751 1768 Moses,
787 1708 1103 1764 auferendis
1133 1711 1319 1781 populi
1365 1714 1604 1782 peccatis
1639 1713 2000 1778 destinatum,

430 1797 638 1866 duplici
677 1799 882 1854 actioni
932 1803 1104 1858 servit
1137 1822 1151 1858 :
1187 1805 1402 1860 duobus
1453 1807 1598 1861 enim
1643 1806 1819 1862 hircis
1850 1814 2004 1862 sorte

428 1890 752 1959 propositis,
805 1893 944 1949 alter
991 1892 1102 1948 Deo
1135 1897 1505 1963 sacrificatur,
1557 1899 1698 1952 alter
1727 1912 1835 1952 una
1879 1912 2004 1951 cum

429 1986 654 2048 peccato
699 1980 755 2033 in
800 1981 1150 2038 solitudinem
1184 1984 1480 2040 dimittitur
1506 1987 1574 2042 ¹⁶.
1614 1986 1843 2058 Propter
1888 1986 2006 2042 hazc

427 2069 596 2138 igitur
629 2071 812 2124 omnia
855 2080 1009 2126 tanta
1052 2088 1118 2128 ac
1151 2075 1302 2141 talia,
1337 2076 1504 2145 hujus
1543 2077 1797 2131 animalis
1835 2076 2006 2146 hepar

430 2161 692 2231 sanguini
731 2163 1092 2233 signiﬁcando
1133 2178 1473 2238 assumptum
1509 2176 1613 2234 est,
1651 2183 1760 2238 quo
1791 2168 1860 2223 ab
1896 2167 2005 2222 illis

429 2253 525 2322 qui
556 2253 790 2310 letaliter
819 2256 1263 2327 inlirmahantur,
1314 2276 1464 2316 mors
1493 2261 1721 2331 depulsa
1768 2261 1873 2314 fuit
1905 2276 2007 2331 per

428 2345 897 2400 resurrectionem
934 2345 1151 2403 Domini
1182 2350 1378 2414 nostri,
1412 2365 1578 2420 quam
1613 2351 2004 2420 cenotaphium

429 2437 724 2505 signiﬁcat.
754 2436 860 2492 Sed
890 2444 1110 2509 tempus
1135 2446 1241 2503 est,
1275 2449 1408 2495 utet
1441 2441 1768 2496 sententiam
1803 2442 2005 2512 psalmi

427 2529 668 2584 breviter
703 2546 1112 2601 percurramus.
1161 2532 1243 2588 sic
1278 2548 1401 2589 sese
1445 2532 1757 2588 habentem.
1805 2531 2007 2588 Dividit

427 2615 700 2686 Propheta
768 2620 1104 2688 orationem;
1161 2636 1286 2675 nam
1337 2623 1508 2677 altera
1569 2638 1668 2692 pro
1724 2622 1884 2679 nobis
1935 2623 2006 2678 ad

429 2708 597 2762 lleuzn
642 2709 952 2765 instituitur
980 2715 1256 2767 connnuni
1288 2716 1534 2768 omnium
1564 2715 1880 2768 mortalium
1913 2730 2008 2770 no-

428 2801 604 2867 mine;
635 2803 809 2856 altera
849 2803 916 2856 ad
943 2819 1044 2859 nos
1077 2804 1338 2875 dirigitur
1376 2821 1442 2861 ex
1475 2821 1712 2876 persona
1735 2807 1879 2876 ejus,
1911 2805 2006 2876 qui

428 2905 527 2958 pro
573 2893 734 2946 nobis
767 2893 954 2948 varios
1000 2894 1282 2950 cruciatus
1311 2896 1502 2950 subiit.
1537 2897 1670 2962 Quae
1715 2911 1847 2967 ergo
1900 2911 2005 2967 pro

431 2982 609 3047 nobis,
655 2983 770 3038 haec
817 2995 992 3040 sunt:
1033 3004 1052 3036 ‹
1083 2984 1247 3055 Eripe
1276 3003 1364 3042 me
1408 2987 1476 3043 de
1527 2989 1791 3049 inimicis,
1845 2998 1900 3042 et
1938 2989 2007 3043 ab

2103 531 2166 584 rb
2189 531 2549 604 καιριώτατον
2577 532 2683 586 τῶν
2713 535 2793 597 εἰς
2824 533 2885 586 rb
2916 536 3212 606 μυστήριον
3251 537 3581 608 νοουμένων,
3611 538 3692 593 δι’

2104 615 2165 676 οῦ
2192 623 2467 696 ἐλυτρώθη
2477 641 2595 694 μεν,
2627 623 2687 677 rb
2711 619 2852 696 αἷμα
2876 623 3040 692 λέγω,
3063 625 3220 680 τοῦτο
3243 629 3425 698 ῥητοῖς
3454 645 3693 682 κενοτα-

2104 715 2249 784 φίοις
2281 716 2592 787 εὑρίσκεται
2620 733 2634 747 ο
2696 718 2856 788 μόνον
2891 717 2997 790 γὰρ
3029 721 3088 772 ἐν
3119 721 3232 782 τοῖς
3263 721 3593 791 σπλάγχνοις
3622 723 3695 775 rb

2101 803 2256 880 ἧπαρ
2309 808 2540 878 αἵματός
2584 809 2700 861 ἐστι
2739 810 2888 880 πηγή
2937 827 2997 862 τε
3047 810 3142 864 καὶ
3194 813 3579 883 ἐργαστήριον,
3619 806 3693 866 οὗ

2104 902 2272 975 χωρὶς
2303 899 2564 954 ἀδύνατόν
2596 901 2711 952 ἐστι
2747 900 3006 971 συστῆναι
3051 901 3149 972 τὴν
3185 902 3345 972 φύσιν
3377 902 3470 956 τοῦ
3507 904 3697 974 αἵμα-

2103 1009 2215 1056 τος.
2245 992 2309 1044 Εί
2337 985 2429 1044 οῦν
2459 991 2524 1043 ἐκ
2554 989 2647 1043 τοῦ
2681 990 2888 1061 ἥπατος
2925 992 2988 1044 rb
3017 986 3177 1063 αἷμα,
3206 994 3266 1046 ἐν
3293 993 3352 1046 δὲ
3381 997 3492 1056 τοῖς
3519 1012 3695 1048 κενο-

2105 1081 2315 1151 ταφίοις
2347 1080 2406 1134 rb
2456 1077 2609 1154 ἧπαρ
2628 1120 2643 1145 ,
2673 1082 2795 1135 οὑδέ
2823 1083 2882 1135 rb
2911 1077 3050 1154 αἷμα
3076 1082 3253 1136 λείπει
3284 1083 3362 1154 τῷ
3395 1085 3695 1154 γενομένῳ

2103 1174 2173 1243 τῆ
2203 1172 2363 1242 φύσει
2391 1171 2499 1226 τῶν
2526 1172 2829 1244 ἀνθρώπων
2851 1174 3282 1246 ἀποτροπιασμῷ
3302 1174 3394 1228 τοῦ
3419 1175 3688 1230 θανάτου⁸

2103 1264 2164 1316 rb
2201 1264 2257 1317 δέ
2299 1263 2462 1332 γένος
2501 1263 2596 1318 τοῦ
2631 1262 2770 1328 ξώου
2796 1264 3006 1331 τούτου,
3043 1260 3105 1320 οὗ
3142 1267 3204 1318 rb
3235 1262 3387 1339 ἧπαρ
3440 1267 3691 1338 ἐλήφθη,

2103 1358 2226 1420 ταῖς
2267 1356 2574 1420 ἱλεωτικαῖς
2609 1357 2751 1428 ὑπὲρ
2776 1357 2885 1412 τῶν
2917 1358 3203 1430 ἁμαρτιῶν
3229 1358 3438 1423 θυσίαις
3477 1362 3693 1414 ἀποτε-

2103 1443 2369 1514 ταγμένον
2399 1444 2567 1497 ἐστίν.
2604 1445 2679 1498 Οὐ
2712 1445 2870 1516 μόνον
2900 1445 2957 1498 δέ
2981 1445 3160 1511 τοῦτο,
3195 1445 3330 1499 ἀλλά
3364 1448 3456 1499 καὶ
3486 1448 3551 1500 ἐκ
3582 1448 3694 1500 τοῦ

2104 1530 2266 1586 αὑτοῦ
2313 1533 2503 1600 γένους
2551 1534 2647 1585 καὶ
2693 1535 2773 1596 είς
2807 1534 2868 1587 rb
2919 1534 3107 1604 πάσχα
3152 1535 3641 1606 παραλαμϐάνεται
3667 1553 3688 1565 ·

2105 1622 2199 1674 καὶ
2230 1622 2649 1692 ἀποπεμπτικὸν
2684 1623 2784 1692 τῆς
2815 1622 2910 1677 τοῦ
2953 1623 3082 1676 λαοῦ
3115 1624 3389 1694 ἁμαρτίας
3434 1627 3498 1677 rb
3534 1625 3695 1689 ζῶον

2103 1712 2261 1766 τοῦτό
2287 1731 2419 1783 φησι
2452 1716 2562 1766 δεῖν
2585 1716 2612 1766 ό
2643 1713 2882 1783 Μωῦσῆς
2913 1714 3180 1767 ποιεῖσθαι
3202 1732 3214 1743 ·
3248 1716 3337 1768 ὅτε
3373 1716 3451 1779 εἰς
3479 1714 3695 1784 διπλῆν

2033 1783 2076 1840 Β
2105 1803 2388 1875 ἐνέργειαν
2426 1803 2727 1874 μερίζεται.
2761 1805 2871 1857 Καὶ
2895 1803 2988 1857 δύο
3021 1804 3394 1874 προτεθέντων
3422 1783 3693 1876 χιμάρων

2106 1893 2170 1944 ἐκ
2209 1890 2658 1962 διακληρώσεως,
2710 1891 2773 1944 rb
2807 1890 2904 1962 μὲν
2954 1890 3269 1944 ἀνατίθεται
3299 1890 3378 1961 τῷ
3429 1891 3549 1960 Θεῷ
3569 1931 3586 1954 ,
3617 1892 3694 1944 τὸ

2105 1982 2162 2036 δὲ
2220 1985 2285 2054 τῇ
2335 1984 2580 2055 ἁμαρτίᾳ
2616 1983 2957 2053 ἐκπέμπεται
3031 1983 3125 2036 ἐπὶ
3168 1981 3266 2053 τὴν
3316 1982 3540 2054 ἔρημον.
3578 1983 3689 2036 Διὰ

2107 2074 2282 2128 πάντα
2307 2071 2399 2130 οῦν
2419 2074 2592 2130 ταῦτα
2615 2076 2709 2128 καὶ
2735 2075 2804 2129 τά
2830 2074 3073 2137 τοιαῦτα,
3104 2073 3297 2127 τούτου
3325 2073 3420 2126 τοῦ
3449 2072 3589 2138 Cum
3617 2073 3690 2127 rb

2104 2163 2256 2240 ἧπαρ
2286 2168 2366 2230 είς
2398 2169 2497 2240 τὴν
2526 2165 2620 2220 τοῦ
2663 2167 2890 2238 αἵματος
2935 2167 3164 2234 ἔνδειξιν
3230 2164 3576 2237 παρελήφθη,
3611 2165 3689 2218 δι’

2105 2254 2166 2313 οῦ
2210 2259 2318 2313 τῶν
2351 2258 2713 2323 ἐπιθανατίως
2754 2260 3121 2331 νενοσηκότων
3173 2259 3203 2311 ό
3230 2257 3686 2329 ἀποτροπιασμὸς

2103 2349 2198 2405 τοῦ
2233 2350 2463 2404 θανάτου
2497 2349 2733 2418 ἐγένετο,
2756 2349 2843 2403 διὰ
2870 2351 2969 2421 τῆς
2996 2352 3060 2404 ἐκ
3090 2351 3303 2418 νεκρῶν
3329 2349 3686 2413 ἀναστάσεως

2103 2439 2200 2494 τοῦ
2229 2441 2434 2512 Κυρίου
2456 2441 2635 2511 ήμῶν,
2663 2440 2732 2512 ἢν
2759 2441 3014 2512 σημαίνει
3038 2442 3100 2494 rb
3131 2441 3465 2509 κενοτάφιον.
3519 2439 3688 2493 Ἀλλά

2105 2531 2295 2604 καιρὸς
2314 2529 2380 2584 ἂν
2406 2529 2515 2600 εἴη,
2541 2531 2634 2582 καὶ
2662 2530 2755 2583 τὸν
2785 2531 2844 2584 ἐν
2873 2532 2940 2602 τῇ
2967 2530 3260 2602 ψαλμῳδίᾳ
3277 2529 3402 2584 νοῦν
3422 2529 3515 2582 διὰ
3547 2529 3690 2600 βρα-

2105 2621 2245 2692 χέων
2274 2620 2614 2693 ἐπιδραμεῖν,
2646 2619 2836 2691 έχοντα
2863 2621 3055 2684 οὕτως’
3085 2622 3312 2691 Μερίζει
3330 2621 3422 2674 τὸν
3456 2621 3618 2686 λόγον
3646 2623 3682 2692 ἡ

2107 2713 2437 2784 προφητεία.
2494 2713 2552 2764 'U
2587 2712 2686 2783 μὲν
2723 2713 2832 2784 γὰρ
2871 2713 3011 2784 ὑπὲρ
3047 2712 3201 2782 ἡμῶν
3240 2713 3378 2783 πρὸς
3411 2713 3504 2766 τὸν
3547 2713 3723 2787 Θεὸν.

2105 2802 2342 2872 γίνεται,
2381 2805 2445 2855 ἐκ
2476 2801 2568 2855 τοῦ
2611 2802 2793 2855 κοινοῦ
2833 2803 2934 2873 τῆς
2976 2802 3191 2870 φύσεως
3229 2803 3684 2875 προσαγομένης·

2105 2893 2135 2945 ὁ
2162 2892 2218 2946 δέ
2250 2893 2383 2963 πρὸς
2414 2894 2562 2964 ἡμᾶς
2595 2893 2659 2944 ἐκ
2700 2892 2794 2946 τοῦ
2825 2891 2965 2963 ὑπὲρ
2997 2891 3156 2962 ἡμῶν
3189 2891 3601 2961 ἀναδεξαμένου
3625 2892 3692 2944 rb

2108 2982 2296 3046 πάθος.
2334 2983 2414 3036 Τὰ
2447 2985 2545 3053 μὲν
2582 2981 2674 3036 οὖν
2703 2983 2843 3054 ὑπὲρ
2871 2981 3052 3053 ἡμῶν,
3099 2983 3217 3035 ἐστὶ
3261 2980 3456 3036 ταῦτα’
3493 3001 3512 3034 ι
3559 2981 3687 3048 Ἐξ-

430 3075 846 3145 insurgentibus
896 3077 950 3131 in
987 3093 1074 3132 me
1103 3078 1274 3134 libera
1315 3094 1422 3145 me,
1457 3088 1512 3134 et
1553 3080 1618 3136 de
1650 3083 2006 3150 operantibus

2110 3074 2230 3127 ελοῦ
2265 3092 2352 3146 με,
2382 3093 2399 3126 ι
2436 3075 2660 3143 λέγων,‹
2695 3077 2761 3128 ἐκ
2775 3074 2883 3128 τῶν
2913 3072 3122 3146 ἐχθρῶν
3139 3073 3479 3144 μου,όΘεὸς.
3510 3074 3606 3128 καὶ
3622 3075 3692 3127 ἐκ

432 3167 806 3235 iniquitatem,
846 3177 900 3223 et
941 3169 1009 3224 de
1037 3169 1171 3224 viris
1209 3171 1565 3240 sanguinum,
1597 3173 1690 3237 qui
1741 3182 2008 3242 ceperunt

431 3253 669 3306 animam
707 3270 905 3317 meam,
939 3274 958 3306 ι
990 3263 1046 3310 et
1092 3257 1186 3324 qui
1234 3257 1288 3310 in
1330 3272 1418 3313 me
1456 3257 1671 3313 fortiter
1705 3261 2006 3325 irruerunt,

432 3345 570 3398 nihil
611 3346 740 3399 mali
783 3361 813 3400 a
860 3346 1024 3402 nobis
1075 3349 1253 3418 passi;
1298 3365 1476 3420 neque
1520 3350 1666 3405 enim
1704 3352 2007 3422 quidquam

433 3435 490 3490 in
523 3436 649 3491 illos
673 3436 894 3500 admisi,
927 3453 1106 3508 neque
1137 3437 1402 3508 iniquitas
1432 3439 1544 3494 ulla
1579 3455 1610 3494 a
1648 3455 1735 3496 me
1768 3442 2010 3512 profecta

430 3537 536 3594 est,
585 3544 707 3599 quae
755 3529 810 3584 in
859 3528 1117 3584 damnum
1167 3531 1407 3586 hostium
1457 3547 1704 3588 meorum
1740 3543 2006 3605 vergeret,

433 3635 541 3691 qua
566 3629 773 3684 tamen,
807 3623 968 3690 quasi
1007 3621 1191 3678 allecti
1226 3630 1436 3687 essent,
1477 3625 1847 3679 concitantur.
1882 3624 2011 3680 Sine

433 3715 722 3784 iniquitate
789 3716 951 3770 nobis
1018 3716 1228 3787 primus
1281 3731 1481 3770 cursus
1549 3717 1837 3772 institutus
1906 3725 2011 3771 est.

449 3803 556 3863 Sed
596 3809 751 3875 vide,
822 3809 1029 3880 inquit,
1095 3809 1319 3876 omnia,
1378 3825 1503 3882 quae
1555 3817 1612 3863 et
1646 3810 1827 3879 qualia
1880 3810 2009 3865 sint.

434 3898 573 3954 Vide
615 3907 672 3956 et
705 3901 949 3967 intende,
1011 3910 1070 3955 ut
1119 3917 1204 3955 me
1238 3900 1524 3966 defendas,
1579 3917 1759 3970 neque
1793 3901 2014 3957 differas

433 4008 532 4062 per
583 3993 982 4048 humanitatem
1037 4003 1295 4052 expetere
1344 3993 1606 4047 ultionem
1661 3997 1730 4049 ab
1781 3994 1870 4049 his
1917 3995 2012 4066 qui

433 4085 783 4156 delinquunt.
820 4103 840 4136 ι
874 4082 996 4139 Non
1021 4085 1361 4149 miserearis,
1395 4103 1414 4137 ι
1442 4084 1645 4155 inquit,
1685 4103 1704 4137 ι
1735 4086 2011 4151 omnibus,

436 4173 527 4244 qui
557 4184 856 4244 operantur
897 4174 1266 4244 iniquitatem.
1297 4193 1316 4227 ι

507 4265 712 4322 Deinde
734 4266 996 4322 transfert
1029 4281 1334 4322 sermonem
1370 4266 1436 4321 ad
1475 4265 1848 4321 sublimiorem
1880 4279 2010 4336 per-

435 4372 649 4422 sonam,
677 4355 916 4427 dicitque
939 4357 1097 4428 quasi
1131 4358 1249 4412 loco
1281 4357 1400 4427 ejus
1428 4359 1519 4428 qui
1557 4372 1748 4428 preces
1783 4357 2013 4412 exaudi-

2107 3166 2216 3219 τῶν
2249 3166 2694 3236 ἐπανισταμένων
2739 3167 2825 3219 ἐπ’
2873 3167 2971 3236 ἐμὲ
3004 3163 3280 3236 λύτρωσαί
3323 3183 3416 3236 με.
3463 3166 3580 3219 Καὶ
3620 3168 3689 3219 ἐκ

2106 3258 2216 3312 τῶν
2241 3257 2620 3330 ἐργαζομένων
2653 3257 2749 3328 τὴν
2789 3257 3036 3328 ἀνομίαν,
3068 3258 3164 3310 καὶ
3194 3256 3254 3320 ἐξ
3281 3256 3492 3328 ἀνδρῶν
3514 3257 3694 3327 αἱμάυ

2107 3367 2236 3414 των,
2270 3351 2318 3403 οἳ
2353 3349 2653 3420 ἐθήρευσαν
2698 3351 2796 3422 τὴν
2830 3351 3009 3420 ψυχήν
3048 3367 3174 3420 μου,
3219 3367 3241 3402 ι
3291 3350 3388 3403 καὶ
3429 3348 3696 3402 ἐπέθεντο

2113 3442 2377 3513 ἰσχυρῶς,
2399 3443 2550 3496 οὐδὲν
2578 3446 2708 3514 παρ’
2736 3443 2894 3514 ἡμῶν
2919 3442 3359 3514 προπεπονθότες
3387 3442 3578 3496 κακόν.
3609 3443 3692 3496 Οὐ

2109 3535 2218 3606 γὰρ
2233 3532 2476 3604 ἤμαρτόν
2487 3551 2538 3586 τι
2551 3536 2670 3588 κατ’
2688 3535 2930 3598 ἐκείνων,
2949 3534 3068 3587 οὑδέ
3082 3537 3228 3587 ἐστιν
3244 3535 3442 3604 ανομία
3458 3551 3542 3598 τις
3551 3537 3696 3604 παρ’

2109 3625 2268 3696 ὴμῶν
2298 3626 2388 3678 ἐπὶ
2416 3625 2590 3698 βλάϐῃ
2614 3625 2722 3679 τῶν
2753 3626 2962 3696 ἐχθρῶν
2989 3625 3344 3696 ἐνεργηθεῖσα
3363 3665 3378 3689 ,
3409 3625 3496 3695 ἐφ’
3593 3628 3698 3681 καὶ.

2111 3715 2524 3787 παροξύνονται.
2565 3718 2726 3769 Ἀνευ
2755 3717 2983 3786 ἀνομίας
3006 3711 3073 3788 ἦν
3101 3719 3232 3787 ἡμῖν
3259 3718 3288 3770 ὁ
3322 3718 3539 3787 πρῶτος
3566 3717 3698 3789 δρό-

2117 3819 2234 3872 μος.
2290 3802 2428 3856 Ἀλλ’
2455 3803 2562 3857 ἰδοὺ
2588 3804 2656 3856 τὰ
2686 3804 2883 3868 πάντα,
2915 3806 3100 3875 φησὶν,
3149 3797 3241 3858 οἶά
3269 3806 3405 3858 ἐστι.
3441 3806 3549 3860 Ἴδε
3594 3808 3696 3861 καὶ

2113 3896 2350 3967 πρόσχες
2402 3895 2497 3949 τοῦ
2541 3897 2960 3966 ἐπισκέψασθαι.
3030 3899 3138 3951 Καὶ
3187 3897 3260 3968 μὴ
3309 3897 3549 3970 ἁνασάλῃ
3601 3899 3699 3953 διὰ

2113 3987 2518 4057 φιλανθρωπίας
2551 3986 2692 4041 κατὰ
2726 3987 2836 4042 τῶν
2879 3988 3422 4060 πεπλημμεληκιὴων
3465 3991 3698 4058 ἐκδίκηο

2114 4097 2218 4132 σιν.
2251 4098 2270 4130 ι
2313 4079 2405 4148 Μὴ
2431 4080 2827 4152 οἰκτειρήσῃς,›
2864 4079 3009 4150 γὰρ,
3041 4080 3228 4151 φησὶν,
3265 4099 3283 4131 ι
3319 4081 3528 4144 πάντας
3554 4079 3706 4143 τοὺς

2112 4171 2510 4241 ἐργαζομένους
2532 4171 2630 4240 τὴν
2655 4171 2901 4241 ἀνομίαν.
2943 4191 2962 4224 ι

2183 4260 2315 4316 Εἶτα
2347 4262 2676 4333 μετάγειτδν
2693 4263 2849 4332 λόγον
2864 4263 2956 4317 ἐπὶ
2978 4263 3036 4317 τὺ
3057 4263 3454 4334 ὑπερκείμενον
3477 4264 3700 4335 πρόσω-

2115 4372 2233 4418 πον,
2251 4355 2343 4407 καί
2365 4371 2528 4425 φησιν
2548 4356 2622 4418 ὼς
2655 4358 2718 4408 ἐκ
2739 4355 3026 4426 προσώπου
3045 4356 3138 4409 τοῦ
3151 4357 3244 4426 τῆς
3259 4355 3426 4426 εὐχῆς
3453 4354 3698 4410 ἐπακοῦ-

436 4447 592 4512 verit,
621 4447 757 4502 istos
784 4447 967 4502 hostes
990 4447 1058 4501 ad
1076 4462 1354 4518 vesperam
1382 4463 1704 4502 conversum
1729 4448 1818 4502 iri.
1854 4447 2008 4514 Quod

2117 4464 2324 4513 σαντος,
2342 4448 2423 4500 ὅτι
2437 4440 2582 4500 οῦτοι
2597 4449 2646 4500 οἱ
2663 4447 2846 4518 ἐχθροὶ
2860 4451 2938 4512 εἰς
2961 4447 3060 4518 τὴν
3075 4448 3311 4518 ἑσπέραν
3327 4448 3538 4501 ἐαυτῶν
3569 4449 3701 4500 ἐπι-

434 4538 568 4594 nihil
602 4537 750 4593 aliud
781 4547 884 4602 est,
919 4553 1082 4608 quam
1134 4538 1282 4608 ipsos
1327 4538 1383 4592 in
1424 4539 1678 4594 tenebras
1715 4539 2010 4595 exteriores

435 4634 720 4705 expulsum
755 4633 817 4687 iri
843 4650 856 4686 :
888 4648 1014 4686 nam
1040 4647 1263 4704 vespera
1290 4633 1540 4703 caliginis
1570 4633 1896 4704 principium
1925 4641 2011 4687 est

434 4733 490 4781 et
523 4725 777 4796 genitrix.
814 4743 831 4776 ι
856 4725 919 4777 Et
943 4723 1136 4778 famem
1173 4725 1443 4795 patientur
1468 4731 1527 4777 ut
1555 4740 1771 4779 canes.»
1800 4723 2010 4791 Quibus

436 4816 583 4870 enim
619 4815 812 4870 salutis
841 4815 1096 4868 viaticum
1130 4830 1237 4868 non
1274 4815 1530 4885 suppetit,
1568 4816 1668 4870 hos
1700 4814 2011 4870 necessario

438 4913 805 4975 consequetur
833 4921 899 4960 ex
925 4905 1066 4960 fame
1090 4906 1314 4974 penuria
1349 4907 1635 4960 bonorum.
1667 4905 1759 4960 Sic
1786 4906 2013 4960 esurivit

439 5001 496 5057 in
527 4999 743 5054 inferno
769 4997 921 5053 dives
947 4996 1132 5051 divino
1160 4995 1453 5052 destitutus
1483 5011 1627 5061 rore,
1673 5004 1728 5051 et
1771 4996 1899 5065 quia
1949 4997 2018 5050 ab

439 5093 525 5147 bis
566 5092 725 5147 bonis
760 5091 1060 5161 imparatus
1105 5094 1242 5149 erat,
1276 5087 1397 5142 ideo
1422 5088 1654 5144 ﬂammis
1687 5088 1795 5143 illis
1825 5103 2019 5142 exure-

440 5182 672 5240 batur".
695 5180 802 5238 Sed
821 5191 875 5237 et
894 5199 912 5232 ‹
937 5179 1248 5234 circuibunt
1286 5178 1582 5243 civitatem,
1603 5197 1622 5230 ι
1665 5179 1861 5246 inquit.
1915 5179 2015 5234 Cui

440 5274 604 5328 talem
626 5273 927 5340 subjectam
957 5270 1284 5326 sententiam
1314 5268 1572 5323 arbitror.
1610 5269 1745 5324 Cum
1774 5284 1937 5324 omne
1966 5270 2019 5324 id

441 5363 588 5432 quod
613 5361 977 5432 abjiciendum
1005 5369 1061 5417 et
1091 5360 1284 5415 inutile
1305 5367 1391 5416 est
1413 5359 1480 5414 ad
1509 5359 1808 5415 viventium
1835 5377 2019 5425 usum,

443 5453 694 5521 ejiciatur
734 5459 890 5508 extra
924 5451 1222 5516 civitatem,
1262 5451 1377 5506 sive
1401 5450 1636 5506 cadaver
1685 5449 1869 5517 fuerit,
1905 5455 2021 5506 sive

443 5541 574 5611 quid
596 5543 740 5598 aliud
762 5550 1103 5613 corruptum,
1135 5543 1251 5598 sive
1280 5541 1598 5613 graveolens
1613 5556 1854 5609 ccenum,
1871 5543 2019 5599 circa

519 5719 737 5778 “Num.
770 5739 860 5790 vn,
895 5723 956 5778 l0
985 5731 1166 5795 sqq.et
1189 5723 1314 5779 alibi
1341 5725 1567 5796 passim.

1681 5722 1723 5757 “
1748 5722 1920 5784 Levii.
1942 5741 2050 5790 xw,
2082 5725 2142 5780 l3
2173 5741 2291 5798 sqq.

2119 4537 2640 4608 στρέψουσιν.”οπερ
2650 4537 2937 4593 οὐδὲνάλλο
2951 4539 3156 4608 ἐστὶνὴ
3168 4540 3247 4592 ὅτι
3259 4541 3340 4602 είς
3354 4540 3415 4592 rb
3431 4538 3701 4610 ἐξώτερον

2119 4628 2306 4691 σκότος
2327 4627 2829 4700 συνελασθήσονται.
2861 4628 3047 4699 Ἠγὰρ
3068 4629 3275 4701 ἑσπέρα
3294 4631 3518 4694 σκότους
3547 4633 3672 4700 γίνε
3687 4663 3702 4670 —

2115 4737 2204 4772 ται
2225 4720 2366 4791 ἀρχή
2385 4736 2445 4771 τε
2459 4719 2550 4772 καὶ
2573 4720 2772 4790 μήτηρ.
2801 4720 2939 4771 «Καὶ
2960 4718 3284 4789 λιμώξουσιν
3300 4719 3374 4782 ὡς
3389 4721 3558 4778 κύων.
3571 4717 3704 4786 »Οἷς

2131 4809 2225 4878 γὰρ
2251 4809 2351 4861 οὐκ
2375 4808 2492 4861 ἐστι
2516 4809 2786 4879 σωτηρίας
2809 4809 3040 4877 ἐφόδιον,
3069 4809 3129 4874 ἐξ
3157 4808 3402 4878 ἀνάγκης
3432 4813 3466 4877 ἡ
3505 4810 3572 4862 ἐκ
3603 4810 3700 4862 τοῦ

2117 4897 2276 4967 λιμοῦ
2313 4898 2424 4951 τῶν
2460 4898 2681 4966 ἀγαθῶν
2713 4898 3143 4969 ἐπακολουθήσει
3187 4899 3558 4970 ταλαιπωρία.
3599 4899 3704 4952 Οὖ-

2117 5009 2223 5054 τως
2253 4991 2513 5061 ἐλίμωξεν
2537 4992 2593 5044 ἐν
2612 4990 2688 5061 τῷ
2713 4990 2816 5063 ᾇδῃ
2841 4994 2868 5045 ὁ
2891 4990 3166 5057 πλούσιος,
3193 4992 3293 5061 τῆς
3315 4989 3467 5053 θείας
3496 4990 3699 5061 δρόσου

2120 5083 2215 5155 ἕρη
2227 5102 2322 5154 μος
2346 5083 2441 5137 ῶν·
2468 5085 2560 5136 καὶ
2574 5083 2662 5137 διὰ
2675 5083 2736 5135 rb
2752 5083 3136 5154 ἀπαράσκευον
3153 5082 3246 5135 τοῦ
3265 5083 3512 5136 τοιούτου
3534 5075 3701 5144 εἶναι,

2119 5179 2186 5246 τῇ
2249 5177 2405 5245 φλογὶ
2457 5175 2838 5243 κατεφλέγετο.
2894 5174 3053 5227 Ἀλλά
3101 5175 3198 5228 καὶ
3257 5192 3276 5226 ι
3332 5173 3700 5227 Κυκλώσουσι

2118 5267 2297 5328 πόλιν,
2323 5285 2339 5315 ι
2376 5265 2556 5335 φησίν.
2596 5266 2773 5335 Ὀπερ
2795 5263 3035 5316 τοιοῦτόν
3073 5264 3162 5334 μοί
3191 5280 3314 5318 τινα
3329 5261 3454 5316 νοῦν
3488 5263 3700 5333 ὑποση-

2121 5359 2334 5429 μαίνειν
2369 5359 2539 5411 δοκεῖ.
2596 5356 2814 5427 Ἐπειδὴ
2864 5358 2974 5409 πᾶν
3009 5356 3070 5409 τὸ
3098 5356 3318 5428 ἀχρείὀν
3344 5372 3404 5408 τε
3432 5356 3530 5408 καὶ
3562 5355 3694 5407 dard-

2117 5449 2328 5519 ϐλητον,
2379 5450 2456 5512 ώς
2498 5449 2636 5519 πρὸς
2673 5448 2772 5518 τὴν
2808 5446 2917 5499 τῶν
2962 5445 3178 5510 ζώντων
3208 5446 3426 5516 χρῆσιν,
3468 5443 3578 5507 ἔξω
3613 5445 3696 5513 ῥί-

2116 5557 2308 5594 πτεται
2345 5541 2441 5610 τῆς
2467 5539 2691 5604 πόλεως,
2743 5541 2855 5593 εἴτε
2887 5537 3078 5609 νεκρὸν
3108 5537 3204 5590 καὶ
3237 5535 3546 5606 διεφθορὸς,
3591 5534 3702 5595 εἴτε

2410 5724 2447 5754 ¹⁷
2479 5721 2610 5779 Luc.
2647 5736 2758 5786 xvi,
2788 5720 2883 5779 2L
