3870 6220
239 325 354 384 605
1605 326 1669 381 IN
1705 325 1828 378 PSA

1931 323 2044 379 .OS.
3385 303 3489 355 me

237 447 482 519 δυσώδης
515 465 596 513 τις
633 450 866 521 κόπροςο
897 450 1028 521 περὶ
1053 449 1090 505 ἃ
1113 448 1218 503 ὑπὸ
1239 450 1338 519 τῆς
1363 446 1456 503 τοῦ
1489 445 1651 515 λιμοῦ
1682 441 1813 497 ἀνά-

1931 453 2035 510 ιυω
2077 451 2187 508 pm
2233 433 2394 489 famis
2433 427 2822 502 magnitudine,
2865 437 3034 481 canes
3069 425 3366 490 occupatos
3398 417 3487 472 iu-

238 558 384 610 γκης
429 542 477 594 οί
523 541 680 606 κύνες
705 510 1110 612 ὲξευρίσκόνται
1137 579 1154 605 ,
1206 510 1305 610 τῷ·
1317 537 1474 610 ῥύπῳ
1507 510 1586 606 τῷ
1617 537 1683 588 ὲκ
1713 535 1816 604 τῆς

1931 529 2102 585 venire
2124 526 2270 592 licet,
2307 531 2588 580 versantes
2615 522 2670 575 in
2695 516 2950 575 sordibus
2975 519 3127 569 extra
3152 510 3340 566 urbem
3371 524 3491 561 eve-

240 604 452 694 πέλεως
477 604 857 701 ἐκϐαλλομένω
884 604 1329 701 ὲμὸιοτεύοντεςί
1370 604 1460 681 διά
1487 604 1680 682 τοῦτου
1704 621 1813 676 τῶν

1931 621 1974 674 ui
2007 618 2218 684 solitis;
2241 624 2531 685 propterea
2553 626 2740 666 eorum
2763 609 2855 679 qui
2886 621 3010 661 cum
3042 604 3280 664 virtute,
3305 609 3358 653 et
3392 615 3488 654 eo-

237 725 300 775 ὲν
332 725 500 796 ἀρετῇ
539 724 633 778 καὶ
667 724 836 796 κακίᾳ
866 722 1084 789 ζώντων
1120 721 1219 793 τὴν
1255 719 1518 791 διαφορὰν
1546 718 1816 772 διδάσκων

237 817 268 866 ὁ
304 816 496 884 λόγος,
529 819 588 870 ὲν
635 816 714 886 τῷ
748 819 848 887 τῆς
884 816 1093 879 πόλεως
1133 813 1476 886 διασημαίνει
1509 810 1811 878 αἰνίγματιο

238 907 406 961 πόλιν
434 908 623 976 λέγων.
656 908 754 977 τὴν
789 909 894 961 ὑπὸ
929 909 1032 978 τῆς
1061 908 1263 978 ἀρετῆς
1292 902 1699 975 συνῳκισμένην
1727 899 1816 952 εὐ-

240 1003 430 1071 πρεπῆ
464 1017 524 1052 τε
563 1001 657 1053 καὶ
691 999 994 1054 εὑδιάθετον
1038 999 1313 1052 πολιτείαν
1336 1014 1350 1028 ·
1383 996 1452 1050 τὰ
1492 995 1550 1047 δὲ
1586 993 1690 1057 ἔξω
1713 993 1816 1062 τῆς

239 1089 486 1153 πόλεως,
512 1090 609 1160 τὴν
642 1093 707 1144 ὲκ
737 1090 832 1144 τοῦ
869 1089 1112 1143 ἐναντίου
1150 1083 1682 1160 παραθεωρουμένην
1711 1098 1813 1134 κα-

239 1174 370 1226 κίαν
398 1175 568 1244 δηλοῖ,
607 1177 665 1228 ὲν
771 1177 920 1229 πᾶσα
953 1176 993 1246 ὴ
1013 1174 1108 1228 τοῦ
1139 1173 1482 1244 ἀστειοτέρου
1523 1169 1638 1240 βίου
1674 1169 1814 1221 ἀποο

239 1267 373 1338 ϐολή
403 1267 486 1329 τίς
506 1269 651 1320 ἐστιν
679 1266 919 1339 δυσώδης
949 1266 1210 1338 ἁμαρτία,
1241 1267 1276 1336 ἢ
1306 1265 1369 1317 ἐκ
1388 1281 1447 1316 τε
1468 1262 1568 1334 τῆς
1601 1259 1818 1332 σήψεως

237 1356 352 1409 τῶν
381 1357 666 1427 σωμάτων,
700 1358 793 1410 καὶ
821 1359 886 1410 ὲκ
912 1358 1008 1427 τῆς
1038 1358 1288 1428 ρυπαρᾶς
1317 1354 1524 1426 κόπρου
1560 1368 1832 1406 συνιστα-.

245 1447 387 1517 μένη
418 1448 750 1518 εὑρίσκεται.
801 1445 1011 1501 Οὐκοῦν
1040 1447 1141 1517 τῆς
1189 1447 1287 1517 μὲν
1335 1445 1545 1509 πόλεως
1578 1443 1818 1514 οἰκήτωρ

241 1539 396 1593 ἐστὶν
417 1579 432 1604 ,
466 1540 528 1592 τὸ
567 1540 713 1609 μέγα
741 1541 836 1592 καὶ
874 1537 1053 1609 τίμιον
1085 1538 1298 1609 χρῆμα,
1339 1541 1366 1592 ὁ
1409 1538 1578 1600 ὅντως
1610 1534 1820 1606 ἄνθρω-

241 1647 369 1694 πος,
401 1631 496 1686 καὶ
545 1631 637 1683 τὸν
677 1631 737 1697 ἐξ
777 1630 951 1701 ἀρχῆς
991 1629 1351 1701 ἐπιϐληθέντα
1379 1627 1704 1700 χαρακτῆρα
1747 1628 1814 1698 τῇ

241 1721 405 1790 φύσει
436 1719 522 1773 διὰ
553 1719 645 1773 τοῦ
683 1720 796 1789 βίου
849 1718 1278 1790 μεμορφωμένον
1310 1718 1466 1789 ἔχων.
1509 1718 1566 1771 '0
1593 1716 1650 1770 δὲ
1690 1716 1819 1787 περὶ

1913 728 2037 768 rum
2085 711 2178 781 qui
2226 709 2281 763 in
2323 705 2626 763 sceleribus
2661 703 2870 764 vivunt,
2912 696 3208 753 discrimen
3246 692 3490 747 indicare

1914 805 2104 857 volens
2126 802 2324 864 oratio,
2363 799 2418 852 id
2449 795 2686 852 civitatis
2707 794 2993 862 amigmate
3024 785 3326 857 significat;
3356 781 3490 836 civi-

1915 903 2079 949 tatem
2110 893 2254 947 enim
2282 889 2528 946 nominat
2559 887 2705 940 illam
2743 882 2955 937 vivendi
2988 880 3274 939 rationem,
3306 887 3426 943 qua;
3458 887 3489 924 a

1914 986 2116 1040 virtute
2142 983 2298 1054 quasi
2318 980 2596 1044 incolitur,
2623 983 2678 1032 et
2720 975 2788 1028 ad
2811 986 3026 1028 onmem
3070 967 3372 1025 decentiam
3403 979 3491 1018 re-

1916 1083 2172 1144 ctumque
2199 1073 2444 1128 ordinem
2474 1067 2869 1123 conformatur.
2904 1065 2972 1116 At
3004 1076 3124 1130 qua:
3153 1067 3308 1114 extra
3356 1055 3492 1112 civi-

1908 1174 2083 1221 tatem
2119 1173 2266 1227 sunt,
2300 1161 2614 1233 significant
2637 1159 2942 1228 oppositam
2984 1152 3170 1208 virtuti
3204 1149 3490 1213 malitiam,

1913 1259 1972 1313 in
2008 1273 2114 1327 qua
2147 1254 2389 1310 invenire
2424 1259 2509 1308 est
2544 1263 2761 1306 omnem
2808 1242 3224 1317 graveolentiam
3253 1238 3488 1310 peccati,

1917 1347 2076 1418 quasi
2106 1343 2418 1400 urbanioris
2450 1340 2575 1396 vitae
2604 1337 3008 1400 retrimentum,
3056 1333 3171 1388 sive
3207 1347 3272 1387 ex
3306 1340 3493 1400 putre-

1917 1438 2045 1494 dine
2073 1451 2388 1508 corporum,
2413 1435 2527 1489 sive
2556 1448 2623 1488 ex
2665 1427 2948 1485 immundo
2993 1440 3152 1481 emno
3204 1421 3490 1478 confletur.

1918 1529 2188 1596 Quocirca
2202 1525 2440 1580 civitatis
2468 1521 2645 1578 incola
2659 1517 2916 1574 eximium
2935 1513 3190 1586 quiddam
3215 1517 3299 1566 est
3317 1518 3372 1564 et
3399 1524 3493 1563 ve-

1918 1619 2246 1684 nerandum,
2282 1631 2408 1671 vere
2442 1615 2628 1675 homo,
2683 1623 2938 1678 eumque,
2990 1619 3152 1676 quem
3209 1602 3279 1657 ab
3338 1600 3496 1654 initio

1918 1717 2128 1765 naturae
2173 1708 2498 1776 impressum
2535 1699 2744 1770 accepit
2779 1697 3174 1759 characterem,
3218 1691 3336 1762 ipsa
3382 1687 3494 1743 vita

238 1781 314 1864 τά
343 1811 446 1875 ἔξω
472 1812 570 1882 τῆς
599 1781 807 1874 πόλεως
839 1781 1499 1880 ἀναστρεφόμενοςίκύων
1528 1807 1694 1870 ἐστὶν,
1725 1781 1818 1861 καὶ

1931 1819 2016 1858 sua
2045 1815 2363 1871 expressum
2396 1792 2813 1851 circumferens.
2880 1788 2951 1842 At
3002 1785 3096 1857 qui
3151 1797 3273 1840 sese
3324 1781 3380 1836 in
3426 1781 3496 1836 iis

240 1904 345 1956 οὐκ
375 1901 682 1973 ἄνθρωπος,
721 1901 861 1954 ὥστε
906 1901 1140 1974 φανερὸν
1168 1895 1308 1954 εἶναι
1338 1898 1522 1962 παντὶ,
1565 1897 1683 1962 πῶς
1714 1897 1820 1969 χρὴ

240 1993 544 2064 διακρίνειν
590 1994 716 2056 τοὺς
745 1992 911 2055 κύνας
944 1992 1052 2046 ἀπὸ
1078 1991 1188 2045 τῶν
1235 1991 1376 2046 κατά
1403 1989 1564 2060 φύσιν
1592 1987 1821 2060 ’ἀνθρώ-

241 2102 385 2147 πων,
419 2085 520 2139 οὐκ
555 2087 624 2139 ὲκ
655 2083 750 2137 τοῦ
807 2086 1084 2157 σχήματος
1125 2083 1268 2153 λέγω
1293 2084 1392 2153 τῆς
1424 2083 1519 2136 τοῦ
1568 2081 1821 2152 σώματος

241 2175 608 2243 διαπλάσεως,
643 2175 758 2229 ἀλλ’
789 2177 853 2230 ὲκ
876 2177 973 2248 τῆς
999 2176 1140 2230 κατά
1166 2177 1259 2230 τὸν
1298 2175 1410 2246 βίον
1439 2175 1721 2244 διαφορᾶς.
1764 2173 1822 2226 '0

241 2267 356 2339 γὰρ
392 2268 492 2338 τῆς
541 2267 801 2340 ἐναρέτου
851 2268 1056 2331 πόλεως
1119 2267 1359 2331 ἐνοικος,
1410 2266 1627 2338 ἀληθῶς
1673 2267 1822 2318 ἐστιν

243 2361 538 2432 ἄνθρωπος
558 2375 570 2389 ·
607 2362 655 2414 εί
681 2359 739 2415 δέ
767 2377 851 2424 τις
881 2359 1012 2429 περὶ
1049 2359 1146 2429 τὴν
1183 2355 1393 2428 δυσώδη
1437 2354 1754 2419 ἀκολασίαν,
1786 2353 1820 2423 ἢ

241 2453 346 2524 τὴν
374 2452 854 2524 περιττωματικὴν
895 2450 1226 2515 πλεονεξίαν,
1266 2449 1334 2520 ἣν
1377 2449 1582 2520 κυρίως
1626 2447 1692 2501 ἀν
1721 2463 1802 2509 τις

244 2542 538 2612 ὀνομάσειε
583 2542 808 2613 κόπρον,
838 2539 872 2611 ἢ
912 2538 1136 2609 περὶτὰ
1174 2537 1310 2592 άλλα
1339 2537 1440 2607 τῆς
1475 2535 1674 2599 κακίας
1710 2534 1824 2604 εἴδη

243 2633 348 2705 τὴν
376 2633 610 2703 σπουδὴν
638 2631 772 2702 ἔχοι,
797 2630 901 2697 ἔξω
918 2629 1014 2683 τοῦ
1039 2629 1238 2682 κύκλου
1259 2628 1359 2699 τῆς
1382 2626 1588 2690 πόλεως
1609 2624 1825 2694 ἐκείνης

245 2721 602 2793 πλανώμενος
645 2739 705 2775 τε
737 2721 831 2775 καὶ
864 2719 1198 2791 περιέρπων,
1237 2718 1338 2790 βοᾷ
1372 2717 1491 2772 καθ’
1531 2714 1726 2770 ἑαυτοῦ
1765 2714 1828 2767 τὸ

249 2816 410 2869 κύων
439 2811 577 2868 εἶναι
604 2854 620 2879 ,
671 2812 1149 2885 μεταπλασθείσης
1175 2810 1285 2864 ἀπὸ
1311 2810 1412 2878 τῆς
1454 2811 1534 2872 είς
1574 2807 1665 2860 τὸν
1697 2805 1828 2859 Θεὸν

245 2907 601 2977 ὁμοιότητος,
649 2904 744 2958 ἐπὶ
789 2904 851 2957 τὸ
895 2903 1133 2966 κυνῶδες
1164 2902 1265 2972 τῆς
1313 2900 1548 2970 φύσεως.
1581 2900 1743 2960 Νοεῖς
1773 2897 1828 2950 δὲ

247 3000 470 3062 πάντως
495 2997 584 3052 διὰ
613 2998 720 3050 τῶν
747 2994 922 3050 κυνῶν
950 2995 1041 3048 τὸν
1069 2994 1363 3066 ἀρχέγονον
1393 2992 1549 3057 κύνα,
1582 2991 1672 3044 τὸν
1700 3007 1831 3061 σαρ-

246 3087 479 3160 κοϐόρον
531 3105 592 3142 τε
637 3088 734 3143 καὶ
789 3084 1235 3158 ἀνθρωποκτόνον
1254 3125 1270 3151 ,
1334 3081 1515 3146 καθώς
1581 3097 1745 3150 φησιν
1793 3079 1826 3147 ή

248 3181 468 3253 Γραφή.
543 3211 546 3220 ι

323 3380 436 3433 Καὶ
473 3376 544 3430 τὰ
585 3375 784 3446 ἐφεξῆς
815 3373 908 3429 τοῦ
935 3372 1147 3445 ψαλμοῦ
1175 3371 1466 3443 διαγράφει
1492 3371 1592 3440 τὴν
1620 3367 1829 3440 κυνώδη

251 3469 423 3541 ζωήν.
473 3469 620 3522 Ἀντὶ
661 3468 769 3538 γὰρ
795 3467 893 3538 τῆς
921 3467 1130 3536 ὑλακῆς
1159 3465 1396 3535 φθόγγον
1426 3462 1549 3516 τινὰ
1593 3461 1683 3516 διὰ
1713 3462 1834 3514 στό-

255 3578 428 3632 ματος
452 3560 629 3613 αὐτῶν
662 3559 913 3627 γενέσθαι
955 3559 1124 3626 λέγει,
1155 3559 1250 3610 καὶ
1277 3555 1398 3609 ἀντὶ
1439 3553 1546 3607 τῶν
1580 3553 1824 3606 κυνοδόν-

249 3671 363 3706 των
409 3651 680 3724 ῥομφαίαν
736 3653 848 3714 τοῖς
895 3649 1128 3721 χείλεσιν
1178 3645 1591 3716 ὐποκεκρύφθαι
1647 3645 1830 3714 φησὶν,

249 3745 398 3800 οὕτω
428 3746 601 3812 λέγων
629 3746 738 3807 τοῖς
768 3744 1027 3814 ῥήμασιν’
1067 3761 1085 3792 ι
1141 3741 1272 3794 Ἰδοὺ
1302 3735 1733 3807 ἀποφθέγξονται
1776 3737 1834 3788 ὲν

250 3838 334 3907 τῷ
383 3837 612 3906 στόματι
665 3835 865 3900 αὐτῶν,
912 3835 1009 3888 καὶ
1056 3833 1296 3905 ῥομφαία
1342 3834 1401 3884 ὲν
1435 3833 1548 3893 τοῖς
1599 3829 1834 3900 χείλεσιν

250 3927 454 3983 αὐτῶν.
495 3947 514 3978 ι
577 3925 738 3980 Ἀλλά
771 3925 841 3978 τὰ
879 3924 1086 3995 φοϐερά
1118 3924 1291 3977 ταῦτα
1329 3925 1441 3986 τοῖς
1487 3922 1578 3975 τὸν
1610 3921 1743 3974 Θεὸν
1775 3923 1835 3974 ἐν

251 4022 470 4082 ἑαυτοῖς
501 4018 681 4088 ἔχουσι
701 4017 874 4086 γέλως
905 4017 1072 4072 ἐστίν.
1097 4035 1115 4068 ι
1140 4017 1211 4068 Σὺ
1238 4034 1256 4065 ι
1283 4014 1412 4086 γὰρ,
1447 4013 1629 4084 φησιν,
1673 4032 1692 4064 ι
1723 4013 1837 4066 Κύ-

253 4128 410 4183 ριος,
437 4110 709 4182 ὲκγελάσῃ
744 4109 962 4172 αὐτούς·
987 4108 1098 4176 ἐγὼ
1126 4107 1185 4161 δὲ
1223 4107 1285 4160 τὸ
1317 4106 1516 4177 κράτος
1558 4121 1658 4176 μου
1700 4104 1836 4174 πρὸς

253 4201 318 4256 σὲ
347 4199 586 4270 φυλάξω.
627 4218 644 4250 ι
682 4200 792 4252 Καὶ
819 4199 933 4268 μετ’
963 4197 1118 4265 ὀλίγα
1146 4195 1448 4267 προμηνῦει
1476 4194 1574 4266 τὴν
1603 4192 1836 4265 ὁρισθεῖ-

254 4309 360 4346 σαν
392 4293 498 4345 ὑπὸ
529 4291 623 4345 τοῦ
670 4290 806 4344 Θεοῦ
837 4290 930 4343 ἐπὶ
971 4289 1066 4342 τοῦ
1099 4287 1230 4340 ἰδίου
1269 4287 1590 4356 πλάσματος
1629 4286 1837 4338 οἰκονο-

255 4383 409 4456 μίαν.
436 4384 572 4453 Φησὶ
599 4383 709 4454 γάρ
728 4399 741 4412 ·
773 4383 864 4451 Μὴ
896 4379 1218 4451 ἀποκτείνῃς
1261 4379 1479 4443 αὐτοὺς,
1512 4377 1649 4430 ἀλλὰ
1676 4377 1838 4430 κατά-

1923 1911 2043 1966 qua:
2068 1901 2220 1948 extra
2250 1891 2523 1947 civitatem
2554 1894 2702 1951 sunt,
2743 1889 2995 1952 occupat,
3049 1877 3340 1941 cauisest,
3388 1886 3495 1927 nou

1920 1989 2104 2052 homo,
2137 1993 2196 2040 ut
2223 1981 2451 2054 proinde
2479 1977 2736 2038 omnibus
2766 1975 2986 2044 planum
3027 1971 3119 2034 sit,
3142 1983 3248 2039 qua
3287 1964 3498 2020 ratione

1919 2080 2231 2136 discernere
2258 2061 2508 2147 oporteat
2538 2085 2724 2132 canes,
2754 2067 2823 2121 ab
2853 2065 2961 2119 illis
2989 2061 3102 2132 qui.
3127 2067 3321 2114 natura
3367 2062 3498 2110 sunt

1920 2171 2202 2227 homines:
2239 2183 2350 2223 non
2379 2165 2525 2221 enim
2553 2162 2846 2218 discrimen
2880 2156 2984 2210 hoc
3011 2169 3072 2208 ex
3105 2150 3281 2206 eflicta
3303 2161 3499 2217 corpo-

1921 2265 1998 2321 ris
2021 2263 2194 2319 forma
2223 2259 2513 2332 petendum
2538 2253 2757 2320 est,sed
2781 2268 2849 2307 ex
2863 2245 3167 2306 differentia
3184 2242 3304 2298 vitae
3331 2254 3495 2311 quam

1921 2355 2129 2409 vivunt.
2156 2331 2290 2406 Nam
2313 2349 2405 2420 qui
2439 2346 2674 2403 civitatis
2699 2344 2899 2398 virtute
2926 2337 3167 2411 praedita:
3217 2331 3496 2388 inhabita-

1922 2457 2010 2505 tor
2038 2455 2144 2512 est,
2176 2448 2266 2502 ille
2297 2460 2424 2501 vere
2454 2443 2620 2498 homo
2653 2449 2754 2496 est.
2783 2435 2938 2503 Quod
2968 2434 3013 2489 si
3042 2430 3166 2502 quis
3203 2429 3350 2484 circa
3376 2423 3502 2480 feti-

1923 2544 2046 2598 dam
2079 2538 2574 2608 intemperantiam,
2615 2539 2708 2587 aut
2741 2530 2890 2584 circa
2919 2523 3248 2595 superlluam
3279 2515 3498 2588 cupidi-

1924 2640 2111 2694 tatem,
2141 2605 2303 2699 quam
2332 2626 2456 2696 quis
2491 2621 2708 2694 proprie
2753 2613 3116 2673 nominaverit
3143 2624 3384 2676 omnum,
3413 2605 3500 2661 vel

1926 2725 1981 2778 in
1999 2721 2122 2777 aliis
2137 2717 2501 2791 improbitatis
2527 2711 2819 2787 generibus
2835 2707 3077 2764 studium
3095 2714 3150 2760 et
3175 2699 3498 2757 industriam

1925 2817 2174 2880 collocat,
2202 2790 2355 2868 extra
2378 2809 2640 2865 ambitum
2671 2802 2909 2861 civitatis
2943 2799 3091 2855 illius
3135 2796 3423 2853 oberrans,
3453 2790 3504 2846 is

1926 2909 1994 2963 de
2019 2907 2204 2976 seipse
2226 2904 2373 2958 clara
2405 2915 2536 2956 voce
2557 2906 2807 2959 testatur,
2833 2910 2892 2949 se
2930 2905 3120 2947 canem
3146 2902 3288 2949 esse,
3321 2893 3504 2940 trans-

1929 2999 2157 3054 formata
2199 2996 2312 3058 illa,
2355 3007 2519 3064 quam
2558 3005 2683 3046 cum
2711 2988 2823 3044 Deo
2850 2984 3104 3046 habebat,
3153 2976 3508 3037 similitudine

1932 3092 1987 3144 in
2021 3088 2272 3143 caninam
2297 3094 2567 3139 naturam.
2595 3080 2705 3136 Nec
2719 3075 2982 3148 est,quod
3015 3087 3113 3146 per
3142 3085 3308 3127 canes
3334 3067 3500 3122 alium

1862 3169 1904 3224 ε
1941 3180 2230 3250 intelligas,
2279 3191 2441 3247 quam
2465 3173 2780 3244 primaevum
2814 3169 2964 3223 illum
2994 3178 3217 3225 canem,
3253 3157 3506 3215 carnivo-

1933 3287 2052 3327 rum
2086 3247 2140 3325 et
2165 3267 2513 3329 homicidam,
2541 3272 2600 3319 ut
2636 3261 2918 3331 Scriptura
2951 3247 3270 3328 loquitur“.

2003 3360 2232 3431 Reliqua
2257 3357 2441 3413 itidem
2467 3353 2660 3424 psalmi
2692 3350 3010 3407 describunt
3035 3345 3286 3401 caninam
3315 3341 3506 3395 vitam.

1934 3451 2068 3507 Nam
2094 3452 2215 3506 loco
2241 3449 2476 3502 latratus
2501 3459 2696 3499 sonum
2726 3440 3013 3513 quemdam
3052 3453 3120 3493 ex
3159 3449 3254 3490 ore
3288 3433 3506 3487 illorum

1933 3542 2170 3614 prodire,
2198 3547 2252 3596 et
2279 3541 2401 3594 loco
2454 3536 2697 3592 dentium
2749 3533 3070 3587 caninorum
3121 3524 3359 3598 gladium
3407 3522 3514 3578 sub

1933 3634 2092 3689 labiis
2117 3646 2304 3688 eorum
2328 3627 2705 3685 absconditum
2727 3624 2881 3679 dicit.
2911 3621 3002 3677 Sic
3024 3619 3167 3674 enim
3193 3615 3358 3672 verba
3387 3627 3510 3668 sese

1936 3727 2174 3781 habent:
2213 3722 2386 3777 «Ecce
2411 3722 2701 3790 loquentur
2734 3717 2788 3770 in
2811 3731 2905 3771 ore
2933 3729 3054 3778 suo,
3107 3721 3161 3766 et
3190 3707 3404 3780 gladius
3455 3704 3510 3758 in

1936 3819 2094 3873 labiis
2121 3831 2362 3870 eorum.»
2392 3811 2497 3867 Sed
2528 3809 2762 3865 terrilica
2797 3807 2911 3862 haec
2936 3804 3082 3859 risus
3105 3807 3232 3857 sunt
3262 3797 3391 3859 illis,
3415 3795 3510 3862 qui

1936 3909 2103 3966 Deum
2138 3921 2320 3963 secum
2353 3904 2586 3968 habent;
2633 3901 2708 3954 ait
2733 3900 2918 3953 enim:
2973 3913 2989 3946 I
3011 3893 3077 3947 Et
3110 3901 3198 3959 tu,
3247 3888 3509 3947 Domine,

1935 4000 2208 4057 deridebis
2237 4009 2492 4064 eos;ego
2524 4007 2655 4047 vero
2682 3987 3057 4045 fortitudinem
3109 3997 3284 4038 meam
3332 3977 3400 4033 ad
3458 3987 3511 4032 te

1936 4092 2300 4149 custodiam.»
2341 4089 2405 4141 Et
2435 4095 2559 4157 post
2591 4098 2763 4154 pauca
2798 4076 3183 4152 prmsignilicat
3232 4071 3508 4129 definitam

1936 4201 1967 4240 a
2000 4183 2112 4239 Deo
2139 4196 2305 4252 super
2328 4194 2430 4236 suo
2449 4177 2707 4248 ﬁgmento
2737 4171 3098 4228 (nconomiam
3125 4175 3180 4222 et
3201 4161 3513 4235 dispositio-

1937 4292 2097 4342 nem;
2131 4274 2262 4330 dicit
2296 4274 2440 4328 enim
2466 4289 2480 4324 :
2527 4268 2606 4323 Ne
2628 4266 2848 4322 occidas
2879 4278 2996 4329 eos,
3018 4260 3110 4318 sed
3138 4257 3360 4314 detrahe
3391 4254 3514 4308 illos

1937 4369 2007 4423 ab
2034 4364 2320 4420 altitudine
2344 4361 2565 4416 malitia:
2593 4359 2649 4413 in
2681 4355 3000 4426 atquabilem
3032 4359 3086 4406 et
3115 4350 3330 4421 planam
3358 4346 3506 4399 illam

251 4434 396 4542 ;aye
430 4434 627 4533 αὐτοὺς
661 4434 768 4523 ἀπὸ
790 4434 884 4522 τοῦ
914 4467 1080 4538 ὕψους
1107 4434 1422 4538 τηςτκακίας
1438 4434 1524 4530 εἰς
1548 4466 1610 4518 τὸ
1641 4465 1828 4518 ἐπίπε-

1939 4455 2153 4512 vivendi
2193 4454 2491 4514 rationem,
2535 4464 2657 4520 qua:
2697 4445 2997 4503 secundum
3047 4440 3215 4494 Deum
3261 4434 3508 4492 institui-

2244 4547 2257 4554 '
2354 4553 2357 4554 ν
2418 4542 2455 4554 “’“
2537 4543 2547 4554 ¹
2846 4551 2901 4554 ~-
2959 4535 3044 4554 Ell-
3096 4531 3372 4554 Α-..-ιιιιηη
3460 4534 3508 4554 Δ.

251 4531 358 4616 δόν-
375 4578 438 4614 τε
474 4563 576 4614 καὶ
610 4531 819 4631 *ὁμαλὸν
860 4531 1126 4630 τῆς-κατὰ
1152 4531 1286 4610 Θεὸν
1320 4557 1612 4620 πολιτείας.
1658 4556 1828 4626 Ὅπερ

1942 4559 2076 4605 tur:
2114 4547 2258 4617 quod
2313 4553 2368 4600 et
2417 4542 2621 4596 Paulus
2676 4551 2907 4608 magnus
2959 4535 3049 4587 ille
3094 4531 3406 4603 apostolus,
3458 4534 3514 4581 et

252 4653 320 4721 δὴ
357 4651 452 4704 καὶ
498 4651 708 4714 Παῦλος
741 4653 769 4702 ὁ
800 4649 1006 4721 μέγας,
1041 4648 1135 4700 καὶ
1183 4648 1210 4699 ὁ
1239 4648 1546 4711 Βαπτιστὴς
1583 4645 1836 4715 Ἰωάννης

251 4741 539 4810 ἐποίησεν.
609 4742 696 4793 Ἐν
750 4739 948 4809 Παύλῳ
1001 4738 1120 4808 μὲν,
1163 4736 1591 4808 καθαιρουμένου
1639 4734 1838 4798 παντὸς

255 4831 578 4901 ὑψώματος,
617 4831 712 4884 τοῦ
750 4830 890 4884 κατὰ
933 4830 1031 4900 τῆς
1064 4829 1212 4892 θείας
1257 4828 1509 4897 γνώσεως
1537 4825 1836 4897 ἐπαιρομέ-

215 4965 222 4968 .
253 4939 351 4974 νου
377 4939 391 4952 ·
428 4920 533 4973 ὑπὸ
552 4921 609 4974 δὲ
649 4920 917 4983 Ἰωάννου,
946 4918 1088 4972 κατά
1104 4919 1201 4989 τὴν
1227 4917 1560 4989 προφητείαν
1593 4916 1837 4978 Ἡσαΐου,

255 5012 465 5074 παντὸς
499 5013 687 5081 δρους,
733 5012 827 5064 καὶ⁵
860 5011 1052 5081 βουνοῦ
1092 5010 1228 5080 πρὸς
1266 5010 1325 5063 τὸ
1370 5009 1625 5062 ταπεινὸν
1674 5025 1844 5062 κατα-

257 5103 574 5174 σπωμένου.
593 5105 670 5156 Δι’
697 5096 772 5156 ὧν
801 5102 1164 5172 μανθάνομεν,
1188 5101 1268 5154 ὅτι
1294 5101 1404 5152 τῶν
1429 5101 1524 5170 μὲν
1548 5099 1846 5171 ἀνθρώπων

255 5193 572 5262 ἀφανισμὸς
594 5193 694 5244 οὐκ
722 5192 893 5255 ἔσται,
930 5191 1017 5243 ἴνα
1051 5193 1124 5262 μὴ
1147 5191 1206 5242 τὸ
1225 5191 1363 5244 θεῖον
1386 5190 1544 5261 ἔργον
1574 5189 1844 5260 άχρειωθῇ

256 5285 342 5354 τῷ
370 5284 708 5354 ἀνυπάρκτῳ
736 5282 1150 5352 ἀφανιζόμενον.
1201 5281 1340 5334 Ἀλλ’
1362 5283 1475 5335 ἀντ’
1498 5282 1676 5334 αὐτῶν
1709 5282 1846 5333 ἀπο-

258 5376 439 5430 λείται
472 5376 505 5444 ἡ
534 5375 798 5446 ἁμαρτία,
851 5375 944 5426 καὶ
982 5375 1062 5435 είς
1104 5372 1163 5424 τὸ
1203 5374 1278 5444 μὴ
1329 5372 1389 5426 ὃν
1434 5379 1836 5444 περιστήσεται.

264 5486 288 5522 ε
331 5466 604 5538 ’Δμαρτία
641 5486 658 5515 ι
695 5467 825 5537 γὰρ,
859 5465 1044 5534 φησὶν,
1087 5485 1104 5514 ι
1143 5463 1408 5534 στόματος
1429 5465 1608 5518 αὐτῶν
1638 5465 1730 5518 καὶ
1758 5465 1841 5517 λό-

260 5571 362 5626 γος
392 5555 620 5626 χειλέων
642 5553 842 5608 αὐτῶν.
884 5573 903 5605 ι
940 5554 1050 5606 Καὶ
1075 5553 1441 5624 ὑπερηφανία,
1481 5554 1575 5608 καὶ
1597 5554 1728 5625 ἀρὰ,
1756 5551 1850 5608 καὶ

380 5735 426 5780 ιο
448 5733 600 5800 “an.
636 5749 747 5795 \‘lil,
785 5733 871 5804 Η.
989 5730 1086 5798 "ll.
1127 5731 1251 5788 εον·
1297 5748 1355 5799 κα
1387 5730 1445 5794 5‘

1958 4615 2197 4696 Joannes
2228 4635 2468 4705 Baptista
2501 4632 2783 4686 fecerunt:
2819 4624 3022 4679 Paulus
3050 4620 3265 4690 quidem
3297 4617 3390 4688 qui
3419 4615 3516 4670 de-

1945 4727 2369 4784 struxitomnem
2399 4721 2740 4776 altitudinem
2771 4715 3119 4770 extollentem
3159 4725 3218 4766 se
3249 4709 3517 4763 adversus

1946 4819 2229 4876 scientiam
2259 4817 2353 4871 Dei
2371 4817 2446 4880 ";
2475 4812 2712 4867 Joannes
2733 4822 2863 4863 vero
2887 4803 3182 4860 secundum
3209 4799 3361 4853 Isaia:
3383 4812 3512 4867 pro-

1948 4914 2227 4986 phetiam,
2280 4923 2472 4962 omnes
2520 4912 2735 4960 montes
2783 4909 2836 4954 et
2889 4897 3057 4952 colles
3111 4889 3417 4946 huuiiliavit
3462 4897 3517 4944 et

1943 4981 2334 5073 complanavit.
2377 4995 2455 5050 Ex
2486 4995 2688 5066 quibus
2753 4987 3106 5057 intelligimus
3145 4983 3386 5052 ipsorum
3417 4981 3514 5032 ho-

1944 5096 2150 5149 minum
2200 5106 2308 5146 non
2359 5089 2474 5143 fore
2526 5085 2917 5145 abolitionem,
2969 5093 3034 5130 ne
3076 5075 3317 5128 divinum
3376 5086 3516 5142 opus

1945 5188 2138 5241 inutile
2185 5183 2468 5245 reddatur,
2506 5180 2552 5235 si
2589 5175 2799 5232 recidat
2845 5175 2897 5225 in
2953 5168 3212 5230 nihilum,
3257 5164 3350 5219 sed
3395 5163 3516 5216 loco

1945 5281 2188 5349 ipsorum
2222 5274 2422 5344 peribit
2452 5275 2733 5342 peccatum
2757 5306 2770 5328 ,
2799 5272 2854 5319 et
2888 5263 2940 5315 in
2974 5257 3200 5314 nihilum
3231 5263 3519 5310 converte-

1950 5381 2037 5425 tur
2064 5389 2077 5424 :
2115 5387 2134 5420 ι
2164 5367 2428 5422 Delictum
2477 5363 2589 5416 oris
2634 5373 2821 5414 eorum
2844 5394 2858 5416 ,
2888 5374 2906 5406 ι
2939 5351 3151 5420 inquit,
3183 5367 3200 5399 ι
3229 5356 3282 5402 et
3335 5359 3518 5401 sermo

1949 5462 2218 5516 labiorum
2267 5460 2509 5528 ipsorum
2559 5461 2644 5508 est
2674 5471 2691 5503 ι
2725 5445 3017 5518 supurbia,
3074 5438 3413 5502 exsecratio,
3462 5443 3518 5487 et

1946 5552 2291 5624 mendacium
2310 5589 2328 5618 ι
2354 5549 2452 5611 tiu
2499 5547 2582 5611 ira,
2612 5535 3101 5607 consummationis
3131 5548 3242 5598 non
3268 5531 3447 5588 erunt.
3494 5537 3518 5576 ι
