  <div class='ocr_page' id='page_1' title='image "/cluster/home/n/w/nwhite01/storage/ocr_20150623/44/nnc1.0037127462/315.png"; bbox 0 0 3870 6220; ppageno 0'>
   <div class='ocr_carea' id='block_1_1' title="bbox 407 285 510 337">
    <p class='ocr_par' dir='ltr' id='par_1_1' title="bbox 407 285 510 337">
     <span class='ocr_line' id='line_1_1' title="bbox 407 285 510 337; baseline 0.01 -1"><span class='ocrx_word' id='word_1_1' title='bbox 407 285 510 337; x_wconf 74' lang='grc'><strong>607</strong></span> 
     </span>
    </p>
   </div>
   <div class='ocr_carea' id='block_1_2' title="bbox 1653 303 2404 365">
    <p class='ocr_par' dir='ltr' id='par_1_2' title="bbox 1653 303 2404 365">
     <span class='ocr_line' id='line_1_2' title="bbox 1653 303 2404 365; baseline 0.009 -8"><span class='ocrx_word' id='word_1_2' title='bbox 1653 303 1710 358; x_wconf 88' lang='lat' dir='ltr'><strong>S.</strong></span> <span class='ocrx_word' id='word_1_3' title='bbox 1747 305 2074 361; x_wconf 77' lang='lat' dir='ltr'><strong>GREGORII</strong></span> <span class='ocrx_word' id='word_1_4' title='bbox 2112 304 2404 365; x_wconf 82' lang='lat' dir='ltr'><strong>NYSSENI</strong></span> 
     </span>
    </p>
   </div>
   <div class='ocr_carea' id='block_1_3' title="bbox 3563 311 3661 363">
    <p class='ocr_par' dir='ltr' id='par_1_3' title="bbox 3563 311 3661 363">
     <span class='ocr_line' id='line_1_3' title="bbox 3563 311 3661 363; baseline 0 0"><span class='ocrx_word' id='word_1_5' title='bbox 3563 311 3661 363; x_wconf 63' lang='lat'><strong>608</strong></span> 
     </span>
    </p>
   </div>
   <div class='ocr_carea' id='block_1_4' title="bbox 405 400 1968 496">
    <p class='ocr_par' dir='ltr' id='par_1_4' title="bbox 405 400 1968 482">
     <span class='ocr_line' id='line_1_4' title="bbox 405 400 1968 482; baseline 0.013 -32"><span class='ocrx_word' id='word_1_6' title='bbox 405 400 539 463; x_wconf 71' lang='lat' dir='ltr'><strong>Quae</strong></span> <span class='ocrx_word' id='word_1_7' title='bbox 566 412 691 454; x_wconf 87' lang='lat' dir='ltr'><strong>cum</strong></span> <span class='ocrx_word' id='word_1_8' title='bbox 724 401 959 471; x_wconf 75' lang='lat' dir='ltr'><strong>amplius</strong></span> <span class='ocrx_word' id='word_1_9' title='bbox 988 418 1098 458; x_wconf 85' lang='lat' dir='ltr'><strong>non</strong></span> <span class='ocrx_word' id='word_1_10' title='bbox 1129 404 1333 463; x_wconf 83' lang='lat' dir='ltr'><strong>fuerint</strong></span> <span class='ocrx_word' id='word_1_11' title='bbox 1358 426 1371 462; x_wconf 90' lang='lat'><strong>:</strong></span> <span class='ocrx_word' id='word_1_12' title='bbox 1400 427 1418 461; x_wconf 77' lang='grc' dir='ltr'><strong>ι</strong></span> <span class='ocrx_word' id='word_1_13' title='bbox 1437 409 1787 482; x_wconf 75' lang='lat' dir='ltr'><strong>Cognoscent</strong></span> <span class='ocrx_word' id='word_1_14' title='bbox 1810 457 1826 482; x_wconf 92' lang='lat'><strong>,</strong></span> <span class='ocrx_word' id='word_1_15' title='bbox 1853 436 1873 468; x_wconf 71' lang='grc' dir='ltr'><strong>ο</strong></span> <span class='ocrx_word' id='word_1_16' title='bbox 1898 419 1968 471; x_wconf 88' lang='lat' dir='ltr'><strong>iu-</strong></span> 
     </span>
    </p>
   </div>
   <div class='ocr_carea' id='block_1_5' title="bbox 2075 400 3659 496">
    <p class='ocr_par' dir='ltr' id='par_1_5' title="bbox 2081 417 3659 496">
     <span class='ocr_line' id='line_1_5' title="bbox 2081 417 3659 496; baseline 0.004 -25"><span class='ocrx_word' id='word_1_17' title='bbox 2081 417 2294 486; x_wconf 81' lang='grc' dir='ltr'>ψεῦδος,</span> <span class='ocrx_word' id='word_1_18' title='bbox 2325 437 2343 471; x_wconf 82' lang='grc' dir='ltr'><strong>ι</strong></span> <span class='ocrx_word' id='word_1_19' title='bbox 2368 421 2429 473; x_wconf 80' lang='grc' dir='ltr'>ὲν</span> <span class='ocrx_word' id='word_1_20' title='bbox 2452 422 2516 492; x_wconf 69' lang='grc' dir='ltr'><strong>τῇ</strong></span> <span class='ocrx_word' id='word_1_21' title='bbox 2539 420 2676 494; x_wconf 74' lang='grc' dir='ltr'>ὀργῇ</span> <span class='ocrx_word' id='word_1_22' title='bbox 2693 423 2793 494; x_wconf 72' lang='grc' dir='ltr'>τῆς</span> <span class='ocrx_word' id='word_1_23' title='bbox 2807 422 3116 488; x_wconf 75' lang='grc' dir='ltr'><strong>συντελείας</strong></span> <span class='ocrx_word' id='word_1_24' title='bbox 3128 422 3226 495; x_wconf 81' lang='grc' dir='ltr'><strong>οὐχ</strong></span> <span class='ocrx_word' id='word_1_25' title='bbox 3242 423 3603 496; x_wconf 78' lang='grc' dir='ltr'>ὑπάρξουσιν-</span> <span class='ocrx_word' id='word_1_26' title='bbox 3641 444 3659 472; x_wconf 74' lang='grc' dir='ltr'><strong>ι</strong></span> 
     </span>
    </p>
   </div>
   <div class='ocr_carea' id='block_1_6' title="bbox 402 491 1974 569">
    <p class='ocr_par' dir='ltr' id='par_1_6' title="bbox 402 491 1974 569">
     <span class='ocr_line' id='line_1_6' title="bbox 402 491 1974 569; baseline 0.013 -27"><span class='ocrx_word' id='word_1_27' title='bbox 402 491 556 561; x_wconf 91' lang='lat' dir='ltr'><strong>quit,</strong></span> <span class='ocrx_word' id='word_1_28' title='bbox 582 509 603 543; x_wconf 78' lang='grc' dir='ltr'><strong>ι</strong></span> <span class='ocrx_word' id='word_1_29' title='bbox 629 493 758 563; x_wconf 82' lang='lat' dir='ltr'><strong>quia</strong></span> <span class='ocrx_word' id='word_1_30' title='bbox 812 493 956 551; x_wconf 91' lang='lat' dir='ltr'><strong>Deus</strong></span> <span class='ocrx_word' id='word_1_31' title='bbox 1000 496 1377 555; x_wconf 70' lang='lat' dir='ltr'><strong>dominabitur</strong></span> <span class='ocrx_word' id='word_1_32' title='bbox 1420 501 1624 569; x_wconf 83' lang='lat' dir='ltr'><strong>Jacob,</strong></span> <span class='ocrx_word' id='word_1_33' title='bbox 1679 515 1734 562; x_wconf 90' lang='lat' dir='ltr'><strong>et</strong></span> <span class='ocrx_word' id='word_1_34' title='bbox 1781 507 1974 563; x_wconf 73' lang='lat' dir='ltr'><strong>(inium</strong></span> 
     </span>
    </p>
   </div>
   <div class='ocr_carea' id='block_1_7' title="bbox 405 586 1976 664">
    <p class='ocr_par' dir='ltr' id='par_1_7' title="bbox 405 586 1976 664">
     <span class='ocr_line' id='line_1_7' title="bbox 405 586 1976 664; baseline 0.013 -29"><span class='ocrx_word' id='word_1_35' title='bbox 405 590 570 638; x_wconf 64' lang='lat' dir='ltr'><strong>terra</strong></span> <span class='ocrx_word' id='word_1_36' title='bbox 590 626 606 651; x_wconf 93' lang='lat'><strong>,</strong></span> <span class='ocrx_word' id='word_1_37' title='bbox 634 603 656 637; x_wconf 72' lang='grc' dir='ltr'><strong>ι</strong></span> <span class='ocrx_word' id='word_1_38' title='bbox 677 586 828 641; x_wconf 86' lang='lat' dir='ltr'><strong>nulla</strong></span> <span class='ocrx_word' id='word_1_39' title='bbox 861 589 1016 645; x_wconf 86' lang='lat' dir='ltr'><strong>enim</strong></span> <span class='ocrx_word' id='word_1_40' title='bbox 1047 605 1284 661; x_wconf 72' lang='lat' dir='ltr'><strong>usquam</strong></span> <span class='ocrx_word' id='word_1_41' title='bbox 1321 594 1516 649; x_wconf 86' lang='lat' dir='ltr'><strong>relicta</strong></span> <span class='ocrx_word' id='word_1_42' title='bbox 1546 597 1760 652; x_wconf 82' lang='lat' dir='ltr'><strong>malitia</strong></span> <span class='ocrx_word' id='word_1_43' title='bbox 1782 638 1799 664; x_wconf 95' lang='lat'><strong>,</strong></span> <span class='ocrx_word' id='word_1_44' title='bbox 1855 615 1976 655; x_wconf 81' lang='lat' dir='ltr'><strong>om-</strong></span> 
     </span>
    </p>
   </div>
   <div class='ocr_carea' id='block_1_8' title="bbox 401 675 1976 762">
    <p class='ocr_par' dir='ltr' id='par_1_8' title="bbox 401 675 1976 762">
     <span class='ocr_line' id='line_1_8' title="bbox 401 675 1976 762; baseline 0.013 -35"><span class='ocrx_word' id='word_1_45' title='bbox 401 675 554 729; x_wconf 87' lang='lat' dir='ltr'><strong>nium</strong></span> <span class='ocrx_word' id='word_1_46' title='bbox 612 678 804 732; x_wconf 68' lang='lat' dir='ltr'><strong>[inium</strong></span> <span class='ocrx_word' id='word_1_47' title='bbox 851 691 1030 736; x_wconf 91' lang='lat' dir='ltr'><strong>rector</strong></span> <span class='ocrx_word' id='word_1_48' title='bbox 1073 681 1338 741; x_wconf 83' lang='lat' dir='ltr'><strong>Dominus</strong></span> <span class='ocrx_word' id='word_1_49' title='bbox 1389 687 1526 754; x_wconf 91' lang='lat' dir='ltr'><strong>erit,</strong></span> <span class='ocrx_word' id='word_1_50' title='bbox 1574 704 1700 744; x_wconf 90' lang='lat' dir='ltr'><strong>cum</strong></span> <span class='ocrx_word' id='word_1_51' title='bbox 1737 705 1803 746; x_wconf 92' lang='lat' dir='ltr'><strong>ea</strong></span> <span class='ocrx_word' id='word_1_52' title='bbox 1849 708 1976 762; x_wconf 72' lang='lat' dir='ltr'><strong>qua</strong></span> 
     </span>
    </p>
   </div>
   <div class='ocr_carea' id='block_1_9' title="bbox 401 769 1968 846">
    <p class='ocr_par' dir='ltr' id='par_1_9' title="bbox 401 769 1968 846">
     <span class='ocr_line' id='line_1_9' title="bbox 401 769 1968 846; baseline 0.013 -28"><span class='ocrx_word' id='word_1_53' title='bbox 401 781 549 820; x_wconf 84' lang='lat' dir='ltr'><strong>nunc</strong></span> <span class='ocrx_word' id='word_1_54' title='bbox 583 769 771 826; x_wconf 84' lang='lat' dir='ltr'><strong>multis</strong></span> <span class='ocrx_word' id='word_1_55' title='bbox 813 770 1047 842; x_wconf 85' lang='lat' dir='ltr'><strong>imperat</strong></span> <span class='ocrx_word' id='word_1_56' title='bbox 1092 773 1389 846; x_wconf 80' lang='lat' dir='ltr'><strong>iniquitas,</strong></span> <span class='ocrx_word' id='word_1_57' title='bbox 1414 777 1484 833; x_wconf 90' lang='lat' dir='ltr'><strong>de</strong></span> <span class='ocrx_word' id='word_1_58' title='bbox 1517 781 1697 836; x_wconf 85' lang='lat' dir='ltr'><strong>medio</strong></span> <span class='ocrx_word' id='word_1_59' title='bbox 1725 782 1968 839; x_wconf 86' lang='lat' dir='ltr'><strong>tolletur.</strong></span> 
     </span>
    </p>
   </div>
   <div class='ocr_carea' id='block_1_10' title="bbox 400 855 1972 948">
    <p class='ocr_par' dir='ltr' id='par_1_10' title="bbox 400 855 1972 948">
     <span class='ocr_line' id='line_1_10' title="bbox 400 855 1972 948; baseline 0.013 -38"><span class='ocrx_word' id='word_1_60' title='bbox 400 855 607 914; x_wconf 85' lang='lat' dir='ltr'><strong>Deinde</strong></span> <span class='ocrx_word' id='word_1_61' title='bbox 635 875 832 918; x_wconf 84' lang='lat' dir='ltr'><strong>rursus</strong></span> <span class='ocrx_word' id='word_1_62' title='bbox 865 878 1176 922; x_wconf 76' lang='lat' dir='ltr'><strong>sermonem</strong></span> <span class='ocrx_word' id='word_1_63' title='bbox 1207 869 1404 940; x_wconf 84' lang='lat' dir='ltr'><strong>repetit</strong></span> <span class='ocrx_word' id='word_1_64' title='bbox 1433 870 1501 926; x_wconf 91' lang='lat' dir='ltr'><strong>de</strong></span> <span class='ocrx_word' id='word_1_65' title='bbox 1528 872 1762 929; x_wconf 81' lang='lat' dir='ltr'><strong>canibus</strong></span> <span class='ocrx_word' id='word_1_66' title='bbox 1783 875 1852 931; x_wconf 90' lang='lat' dir='ltr'><strong>iis</strong></span> <span class='ocrx_word' id='word_1_67' title='bbox 1875 875 1972 948; x_wconf 87' lang='lat' dir='ltr'><strong>qui</strong></span> 
     </span>
    </p>
   </div>
   <div class='ocr_carea' id='block_1_11' title="bbox 405 949 1972 1032">
    <p class='ocr_par' dir='ltr' id='par_1_11' title="bbox 405 949 1972 1032">
     <span class='ocr_line' id='line_1_11' title="bbox 405 949 1972 1032; baseline 0.015 -31"><span class='ocrx_word' id='word_1_68' title='bbox 405 967 424 999; x_wconf 74' lang='grc' dir='ltr'><strong>ε</strong></span> <span class='ocrx_word' id='word_1_69' title='bbox 451 949 518 1004; x_wconf 90' lang='lat' dir='ltr'><strong>ad</strong></span> <span class='ocrx_word' id='word_1_70' title='bbox 545 966 830 1023; x_wconf 78' lang='lat' dir='ltr'><strong>vesperam</strong></span> <span class='ocrx_word' id='word_1_71' title='bbox 855 965 1260 1024; x_wconf 84' lang='lat' dir='ltr'><strong>convertentur,</strong></span> <span class='ocrx_word' id='word_1_72' title='bbox 1288 979 1308 1012; x_wconf 76' lang='grc' dir='ltr'><strong>ι</strong></span> <span class='ocrx_word' id='word_1_73' title='bbox 1327 961 1531 1032; x_wconf 85' lang='lat' dir='ltr'><strong>quique</strong></span> <span class='ocrx_word' id='word_1_74' title='bbox 1551 965 1798 1020; x_wconf 89' lang='lat' dir='ltr'><strong>esurient</strong></span> <span class='ocrx_word' id='word_1_75' title='bbox 1821 981 1972 1025; x_wconf 87' lang='lat' dir='ltr'><strong>more</strong></span> 
     </span>
    </p>
   </div>
   <div class='ocr_carea' id='block_1_12' title="bbox 399 1045 1972 1119">
    <p class='ocr_par' dir='ltr' id='par_1_12' title="bbox 399 1045 1972 1119">
     <span class='ocr_line' id='line_1_12' title="bbox 399 1045 1972 1119; baseline 0.013 -26"><span class='ocrx_word' id='word_1_76' title='bbox 399 1055 598 1096; x_wconf 90' lang='lat' dir='ltr'><strong>canum</strong></span> <span class='ocrx_word' id='word_1_77' title='bbox 621 1083 635 1108; x_wconf 92' lang='lat'><strong>,</strong></span> <span class='ocrx_word' id='word_1_78' title='bbox 663 1045 1049 1119; x_wconf 68' lang='lat' dir='ltr'><strong>civitatemque</strong></span> <span class='ocrx_word' id='word_1_79' title='bbox 1086 1051 1435 1118; x_wconf 89' lang='lat' dir='ltr'><strong>circuibunt;</strong></span> <span class='ocrx_word' id='word_1_80' title='bbox 1485 1057 1838 1112; x_wconf 75' lang='lat' dir='ltr'><strong>manifestum</strong></span> <span class='ocrx_word' id='word_1_81' title='bbox 1881 1075 1972 1114; x_wconf 89' lang='lat' dir='ltr'><strong>ar-</strong></span> 
     </span>
    </p>
   </div>
   <div class='ocr_carea' id='block_1_13' title="bbox 399 1131 1972 1207">
    <p class='ocr_par' dir='ltr' id='par_1_13' title="bbox 399 1131 1972 1207">
     <span class='ocr_line' id='line_1_13' title="bbox 399 1131 1972 1207; baseline 0.011 -22"><span class='ocrx_word' id='word_1_82' title='bbox 399 1131 575 1187; x_wconf 85' lang='lat' dir='ltr'><strong>bitror</strong></span> <span class='ocrx_word' id='word_1_83' title='bbox 605 1148 672 1190; x_wconf 76' lang='lat' dir='ltr'><strong>ex</strong></span> <span class='ocrx_word' id='word_1_84' title='bbox 701 1135 805 1192; x_wconf 85' lang='lat' dir='ltr'><strong>hac</strong></span> <span class='ocrx_word' id='word_1_85' title='bbox 831 1139 1103 1195; x_wconf 76' lang='lat' dir='ltr'><strong>sermonis</strong></span> <span class='ocrx_word' id='word_1_86' title='bbox 1136 1140 1424 1198; x_wconf 85' lang='lat' dir='ltr'><strong>iteratione</strong></span> <span class='ocrx_word' id='word_1_87' title='bbox 1445 1181 1462 1207; x_wconf 93' lang='lat'><strong>,</strong></span> <span class='ocrx_word' id='word_1_88' title='bbox 1509 1143 1762 1201; x_wconf 90' lang='lat' dir='ltr'><strong>homines</strong></span> <span class='ocrx_word' id='word_1_89' title='bbox 1801 1146 1857 1201; x_wconf 91' lang='lat' dir='ltr'><strong>in</strong></span> <span class='ocrx_word' id='word_1_90' title='bbox 1891 1148 1972 1201; x_wconf 85' lang='lat' dir='ltr'><strong>al-</strong></span> 
     </span>
    </p>
   </div>
   <div class='ocr_carea' id='block_1_14' title="bbox 397 1229 1965 1305">
    <p class='ocr_par' dir='ltr' id='par_1_14' title="bbox 397 1229 1965 1305">
     <span class='ocr_line' id='line_1_14' title="bbox 397 1229 1965 1305; baseline 0.01 -27"><span class='ocrx_word' id='word_1_91' title='bbox 397 1232 645 1291; x_wconf 77' lang='lat' dir='ltr'><strong>terutro,</strong></span> <span class='ocrx_word' id='word_1_92' title='bbox 677 1241 775 1284; x_wconf 84' lang='lat' dir='ltr'><strong>seu</strong></span> <span class='ocrx_word' id='word_1_93' title='bbox 820 1229 994 1296; x_wconf 84' lang='lat' dir='ltr'><strong>bono,</strong></span> <span class='ocrx_word' id='word_1_94' title='bbox 1042 1246 1140 1286; x_wconf 84' lang='lat' dir='ltr'><strong>seu</strong></span> <span class='ocrx_word' id='word_1_95' title='bbox 1178 1233 1353 1297; x_wconf 86' lang='lat' dir='ltr'><strong>malo,</strong></span> <span class='ocrx_word' id='word_1_96' title='bbox 1385 1234 1442 1288; x_wconf 90' lang='lat' dir='ltr'><strong>in</strong></span> <span class='ocrx_word' id='word_1_97' title='bbox 1471 1251 1580 1305; x_wconf 93' lang='lat' dir='ltr'><strong>quo</strong></span> <span class='ocrx_word' id='word_1_98' title='bbox 1608 1251 1758 1292; x_wconf 88' lang='lat' dir='ltr'><strong>nunc</strong></span> <span class='ocrx_word' id='word_1_99' title='bbox 1799 1246 1965 1302; x_wconf 86' lang='lat' dir='ltr'><strong>sunt,</strong></span> 
     </span>
    </p>
   </div>
   <div class='ocr_carea' id='block_1_15' title="bbox 398 1311 1969 1392">
    <p class='ocr_par' dir='ltr' id='par_1_15' title="bbox 398 1311 1969 1392">
     <span class='ocr_line' id='line_1_15' title="bbox 398 1311 1969 1392; baseline 0.011 -27"><span class='ocrx_word' id='word_1_100' title='bbox 398 1311 518 1368; x_wconf 78' lang='lat' dir='ltr'><strong>fore</strong></span> <span class='ocrx_word' id='word_1_101' title='bbox 565 1314 756 1370; x_wconf 81' lang='lat' dir='ltr'><strong>itidem</strong></span> <span class='ocrx_word' id='word_1_102' title='bbox 802 1326 927 1386; x_wconf 87' lang='lat' dir='ltr'><strong>post</strong></span> <span class='ocrx_word' id='word_1_103' title='bbox 972 1319 1114 1374; x_wconf 84' lang='lat' dir='ltr'><strong>hanc</strong></span> <span class='ocrx_word' id='word_1_104' title='bbox 1154 1321 1362 1376; x_wconf 77' lang='lat' dir='ltr'><strong>vitam:</strong></span> <span class='ocrx_word' id='word_1_105' title='bbox 1395 1323 1488 1392; x_wconf 89' lang='lat' dir='ltr'><strong>qui</strong></span> <span class='ocrx_word' id='word_1_106' title='bbox 1523 1324 1669 1380; x_wconf 88' lang='lat' dir='ltr'><strong>enim</strong></span> <span class='ocrx_word' id='word_1_107' title='bbox 1715 1341 1863 1382; x_wconf 88' lang='lat' dir='ltr'><strong>nunc</strong></span> <span class='ocrx_word' id='word_1_108' title='bbox 1911 1329 1969 1383; x_wconf 78' lang='lat' dir='ltr'><strong>in</strong></span> 
     </span>
    </p>
   </div>
   <div class='ocr_carea' id='block_1_16' title="bbox 396 1403 1969 1486">
    <p class='ocr_par' dir='ltr' id='par_1_16' title="bbox 396 1403 1969 1486">
     <span class='ocr_line' id='line_1_16' title="bbox 396 1403 1969 1486; baseline 0.011 -29"><span class='ocrx_word' id='word_1_109' title='bbox 396 1403 712 1474; x_wconf 80' lang='lat' dir='ltr'><strong>impietate,</strong></span> <span class='ocrx_word' id='word_1_110' title='bbox 740 1411 900 1478; x_wconf 85' lang='lat' dir='ltr'><strong>quasi</strong></span> <span class='ocrx_word' id='word_1_111' title='bbox 927 1410 981 1464; x_wconf 91' lang='lat' dir='ltr'><strong>in</strong></span> <span class='ocrx_word' id='word_1_112' title='bbox 1011 1411 1244 1467; x_wconf 89' lang='lat' dir='ltr'><strong>circuitu</strong></span> <span class='ocrx_word' id='word_1_113' title='bbox 1275 1413 1551 1479; x_wconf 84' lang='lat' dir='ltr'><strong>ambulat,</strong></span> <span class='ocrx_word' id='word_1_114' title='bbox 1591 1431 1767 1486; x_wconf 82' lang='lat' dir='ltr'><strong>neque</strong></span> <span class='ocrx_word' id='word_1_115' title='bbox 1791 1418 1848 1473; x_wconf 87' lang='lat' dir='ltr'><strong>in</strong></span> <span class='ocrx_word' id='word_1_116' title='bbox 1877 1419 1969 1474; x_wconf 88' lang='lat' dir='ltr'><strong>illa</strong></span> 
     </span>
    </p>
   </div>
   <div class='ocr_carea' id='block_1_17' title="bbox 395 1495 1969 1581">
    <p class='ocr_par' dir='ltr' id='par_1_17' title="bbox 395 1495 1969 1581">
     <span class='ocr_line' id='line_1_17' title="bbox 395 1495 1969 1581; baseline 0.011 -32"><span class='ocrx_word' id='word_1_117' title='bbox 395 1495 619 1551; x_wconf 82' lang='lat' dir='ltr'><strong>civitate</strong></span> <span class='ocrx_word' id='word_1_118' title='bbox 641 1498 786 1568; x_wconf 74' lang='lat' dir='ltr'><strong>degit</strong></span> <span class='ocrx_word' id='word_1_119' title='bbox 805 1541 820 1566; x_wconf 96' lang='lat'><strong>,</strong></span> <span class='ocrx_word' id='word_1_120' title='bbox 840 1516 1017 1572; x_wconf 87' lang='lat' dir='ltr'><strong>neque</strong></span> <span class='ocrx_word' id='word_1_121' title='bbox 1039 1502 1338 1558; x_wconf 87' lang='lat' dir='ltr'><strong>humanum</strong></span> <span class='ocrx_word' id='word_1_122' title='bbox 1363 1506 1738 1563; x_wconf 85' lang='lat' dir='ltr'><strong>characterem</strong></span> <span class='ocrx_word' id='word_1_123' title='bbox 1763 1509 1817 1564; x_wconf 89' lang='lat' dir='ltr'><strong>in</strong></span> <span class='ocrx_word' id='word_1_124' title='bbox 1851 1527 1969 1581; x_wconf 86' lang='lat' dir='ltr'><strong>pro-</strong></span> 
     </span>
    </p>
   </div>
   <div class='ocr_carea' id='block_1_18' title="bbox 394 1587 1970 1670">
    <p class='ocr_par' dir='ltr' id='par_1_18' title="bbox 394 1587 1970 1670">
     <span class='ocr_line' id='line_1_18' title="bbox 394 1587 1970 1670; baseline 0.012 -31"><span class='ocrx_word' id='word_1_125' title='bbox 394 1587 512 1657; x_wconf 86' lang='lat' dir='ltr'><strong>pria</strong></span> <span class='ocrx_word' id='word_1_126' title='bbox 545 1589 651 1643; x_wconf 87' lang='lat' dir='ltr'><strong>vita</strong></span> <span class='ocrx_word' id='word_1_127' title='bbox 684 1593 956 1661; x_wconf 81' lang='lat' dir='ltr'><strong>custodit,</strong></span> <span class='ocrx_word' id='word_1_128' title='bbox 993 1595 1089 1650; x_wconf 85' lang='lat' dir='ltr'><strong>sed</strong></span> <span class='ocrx_word' id='word_1_129' title='bbox 1120 1595 1402 1664; x_wconf 75' lang='lat' dir='ltr'><strong>cﬂeratur,</strong></span> <span class='ocrx_word' id='word_1_130' title='bbox 1431 1601 1699 1670; x_wconf 84' lang='lat' dir='ltr'><strong>canisque</strong></span> <span class='ocrx_word' id='word_1_131' title='bbox 1732 1601 1970 1658; x_wconf 83' lang='lat' dir='ltr'><strong>eilicitur</strong></span> 
     </span>
    </p>
   </div>
   <div class='ocr_carea' id='block_1_19' title="bbox 393 1681 1969 1764">
    <p class='ocr_par' dir='ltr' id='par_1_19' title="bbox 393 1681 1969 1764">
     <span class='ocr_line' id='line_1_19' title="bbox 393 1681 1969 1764; baseline 0.01 -30"><span class='ocrx_word' id='word_1_132' title='bbox 393 1681 674 1738; x_wconf 86' lang='lat' dir='ltr'><strong>voluntate</strong></span> <span class='ocrx_word' id='word_1_133' title='bbox 702 1693 756 1739; x_wconf 88' lang='lat' dir='ltr'><strong>et</strong></span> <span class='ocrx_word' id='word_1_134' title='bbox 785 1689 1065 1757; x_wconf 87' lang='lat' dir='ltr'><strong>proposito</strong></span> <span class='ocrx_word' id='word_1_135' title='bbox 1090 1705 1106 1755; x_wconf 89' lang='lat'><strong>;</strong></span> <span class='ocrx_word' id='word_1_136' title='bbox 1142 1689 1190 1744; x_wconf 92' lang='lat' dir='ltr'><strong>is</strong></span> <span class='ocrx_word' id='word_1_137' title='bbox 1219 1697 1276 1745; x_wconf 90' lang='lat' dir='ltr'><strong>et</strong></span> <span class='ocrx_word' id='word_1_138' title='bbox 1305 1705 1455 1747; x_wconf 85' lang='lat' dir='ltr'><strong>nunc</strong></span> <span class='ocrx_word' id='word_1_139' title='bbox 1490 1707 1521 1746; x_wconf 89' lang='lat' dir='ltr'><strong>a</strong></span> <span class='ocrx_word' id='word_1_140' title='bbox 1561 1708 1798 1764; x_wconf 88' lang='lat' dir='ltr'><strong>superna</strong></span> <span class='ocrx_word' id='word_1_141' title='bbox 1833 1696 1969 1751; x_wconf 87' lang='lat' dir='ltr'><strong>civi-</strong></span> 
     </span>
    </p>
   </div>
   <div class='ocr_carea' id='block_1_20' title="bbox 2078 500 3663 588">
    <p class='ocr_par' dir='ltr' id='par_1_20' title="bbox 2078 500 3663 588">
     <span class='ocr_line' id='line_1_20' title="bbox 2078 500 3663 588; baseline 0.005 -26"><span class='ocrx_word' id='word_1_142' title='bbox 2078 500 2178 563; x_wconf 79' lang='grc' dir='ltr'>Ὧν</span> <span class='ocrx_word' id='word_1_143' title='bbox 2209 511 2408 580; x_wconf 80' lang='grc' dir='ltr'><strong>μηκέτι</strong></span> <span class='ocrx_word' id='word_1_144' title='bbox 2438 511 2660 578; x_wconf 52' lang='lat' dir='ltr'><strong>bimum:</strong></span> <span class='ocrx_word' id='word_1_145' title='bbox 2690 515 3049 581; x_wconf 75' lang='grc' dir='ltr'>Γνώσονται,ι</span> <span class='ocrx_word' id='word_1_146' title='bbox 3076 519 3264 588; x_wconf 79' lang='grc' dir='ltr'>φησὶν,</span> <span class='ocrx_word' id='word_1_147' title='bbox 3298 536 3316 569; x_wconf 79' lang='grc' dir='ltr'><strong>ι</strong></span> <span class='ocrx_word' id='word_1_148' title='bbox 3349 518 3430 571; x_wconf 84' lang='grc' dir='ltr'>ὅτι</span> <span class='ocrx_word' id='word_1_149' title='bbox 3456 519 3485 570; x_wconf 84' lang='grc' dir='ltr'><strong>ό</strong></span> <span class='ocrx_word' id='word_1_150' title='bbox 3518 517 3663 582; x_wconf 79' lang='grc' dir='ltr'>θεὸς</span> 
     </span>
    </p>
   </div>
   <div class='ocr_carea' id='block_1_21' title="bbox 2073 603 3664 696">
    <p class='ocr_par' dir='ltr' id='par_1_21' title="bbox 2073 603 3664 696">
     <span class='ocr_line' id='line_1_21' title="bbox 2073 603 3664 696; baseline 0.012 -37"><span class='ocrx_word' id='word_1_151' title='bbox 2073 603 2324 696; x_wconf 54' lang='lat' dir='ltr'><strong>arma;</strong></span> <span class='ocrx_word' id='word_1_152' title='bbox 2340 607 2448 696; x_wconf 84' lang='grc' dir='ltr'><strong>τοῦ</strong></span> <span class='ocrx_word' id='word_1_153' title='bbox 2473 609 2689 676; x_wconf 76' lang='grc' dir='ltr'>Ἰακὼϐ,</span> <span class='ocrx_word' id='word_1_154' title='bbox 2709 613 2926 667; x_wconf 73' lang='grc' dir='ltr'>καὶτῶν</span> <span class='ocrx_word' id='word_1_155' title='bbox 2943 614 3196 683; x_wconf 74' lang='grc' dir='ltr'>περάτων</span> <span class='ocrx_word' id='word_1_156' title='bbox 3220 615 3320 687; x_wconf 84' lang='grc' dir='ltr'>τῆς</span> <span class='ocrx_word' id='word_1_157' title='bbox 3338 619 3460 688; x_wconf 74' lang='grc' dir='ltr'><strong>τῆς.</strong></span> <span class='ocrx_word' id='word_1_158' title='bbox 3487 640 3508 674; x_wconf 73' lang='grc' dir='ltr'><strong>ι</strong></span> <span class='ocrx_word' id='word_1_159' title='bbox 3535 619 3664 696; x_wconf 68' lang='lat' dir='ltr'><strong>Mq-</strong></span> 
     </span>
    </p>
   </div>
   <div class='ocr_carea' id='block_1_22' title="bbox 2073 695 3666 774">
    <p class='ocr_par' dir='ltr' id='par_1_22' title="bbox 2073 695 3666 774">
     <span class='ocr_line' id='line_1_22' title="bbox 2073 695 3666 774; baseline 0.01 -25"><span class='ocrx_word' id='word_1_160' title='bbox 2073 695 2262 766; x_wconf 84' lang='grc' dir='ltr'>δαμῶς</span> <span class='ocrx_word' id='word_1_161' title='bbox 2288 695 2399 770; x_wconf 83' lang='grc' dir='ltr'><strong>γὰρ</strong></span> <span class='ocrx_word' id='word_1_162' title='bbox 2433 699 2852 774; x_wconf 71' lang='grc' dir='ltr'><strong>ὑπολειφθείσης</strong></span> <span class='ocrx_word' id='word_1_163' title='bbox 2889 703 3108 770; x_wconf 81' lang='grc' dir='ltr'>κακίας,</span> <span class='ocrx_word' id='word_1_164' title='bbox 3127 705 3346 772; x_wconf 77' lang='grc' dir='ltr'>πάντως</span> <span class='ocrx_word' id='word_1_165' title='bbox 3370 707 3523 764; x_wconf 78' lang='grc' dir='ltr'>ἔσται</span> <span class='ocrx_word' id='word_1_166' title='bbox 3547 713 3666 765; x_wconf 82' lang='grc' dir='ltr'><strong>τῶν</strong></span> 
     </span>
    </p>
   </div>
   <div class='ocr_carea' id='block_1_23' title="bbox 2070 789 3663 870">
    <p class='ocr_par' dir='ltr' id='par_1_23' title="bbox 2070 789 3663 870">
     <span class='ocr_line' id='line_1_23' title="bbox 2070 789 3663 870; baseline 0.008 -29"><span class='ocrx_word' id='word_1_167' title='bbox 2070 789 2326 859; x_wconf 81' lang='grc' dir='ltr'><strong>περάτων</strong></span> <span class='ocrx_word' id='word_1_168' title='bbox 2337 791 2600 864; x_wconf 72' lang='grc' dir='ltr'><strong>δεσπότης</strong></span> <span class='ocrx_word' id='word_1_169' title='bbox 2613 793 2645 845; x_wconf 76' lang='grc' dir='ltr'>ὁ</span> <span class='ocrx_word' id='word_1_170' title='bbox 2660 792 2881 864; x_wconf 77' lang='grc' dir='ltr'>Κύριος,</span> <span class='ocrx_word' id='word_1_171' title='bbox 2905 793 3004 864; x_wconf 78' lang='grc' dir='ltr'>τῆς</span> <span class='ocrx_word' id='word_1_172' title='bbox 3024 793 3121 848; x_wconf 69' lang='grc' dir='ltr'><strong>νῦν</strong></span> <span class='ocrx_word' id='word_1_173' title='bbox 3139 794 3530 870; x_wconf 75' lang='grc' dir='ltr'><strong>βασιλευούσης</strong></span> <span class='ocrx_word' id='word_1_174' title='bbox 3543 802 3663 853; x_wconf 82' lang='grc' dir='ltr'><strong>τῶν</strong></span> 
     </span>
    </p>
   </div>
   <div class='ocr_carea' id='block_1_24' title="bbox 2072 882 3665 961">
    <p class='ocr_par' dir='ltr' id='par_1_24' title="bbox 2072 882 3665 961">
     <span class='ocr_line' id='line_1_24' title="bbox 2072 882 3665 961; baseline 0.004 -25"><span class='ocrx_word' id='word_1_175' title='bbox 2072 882 2282 938; x_wconf 80' lang='grc' dir='ltr'>πολλῶν</span> <span class='ocrx_word' id='word_1_176' title='bbox 2298 884 2572 956; x_wconf 82' lang='grc' dir='ltr'>ἁμαρτίας</span> <span class='ocrx_word' id='word_1_177' title='bbox 2592 884 2656 938; x_wconf 80' lang='grc' dir='ltr'>ὲκ</span> <span class='ocrx_word' id='word_1_178' title='bbox 2677 883 2855 938; x_wconf 82' lang='grc' dir='ltr'>ποδῶν</span> <span class='ocrx_word' id='word_1_179' title='bbox 2869 883 3323 958; x_wconf 71' lang='grc' dir='ltr'>γενομένης.Εἶτα</span> <span class='ocrx_word' id='word_1_180' title='bbox 3346 887 3665 961; x_wconf 77' lang='grc' dir='ltr'>πάλιν[τὸν]</span> 
     </span>
    </p>
   </div>
   <div class='ocr_carea' id='block_1_25' title="bbox 2071 973 3662 1054">
    <p class='ocr_par' dir='ltr' id='par_1_25' title="bbox 2071 973 3662 1054">
     <span class='ocr_line' id='line_1_25' title="bbox 2071 973 3662 1054; baseline 0.005 -26"><span class='ocrx_word' id='word_1_181' title='bbox 2071 975 2235 1029; x_wconf 70' lang='grc' dir='ltr'>αὑτὸν</span> <span class='ocrx_word' id='word_1_182' title='bbox 2257 974 2701 1046; x_wconf 65' lang='grc' dir='ltr'>ἐπαναλαμϐάνει</span> <span class='ocrx_word' id='word_1_183' title='bbox 2733 974 3037 1054; x_wconf 43' lang='grc' dir='ltr'>λόγονοπερὶ</span> <span class='ocrx_word' id='word_1_184' title='bbox 3046 973 3192 1031; x_wconf 77' lang='grc' dir='ltr'>τῶν(</span> <span class='ocrx_word' id='word_1_185' title='bbox 3212 978 3662 1048; x_wconf 63' lang='grc' dir='ltr'>ἂπιστρεθόντων</span> 
     </span>
    </p>
   </div>
   <div class='ocr_carea' id='block_1_26' title="bbox 2071 1061 3661 1144">
    <p class='ocr_par' dir='ltr' id='par_1_26' title="bbox 2071 1061 3661 1144">
     <span class='ocr_line' id='line_1_26' title="bbox 2071 1061 3661 1144; baseline 0.008 -30"><span class='ocrx_word' id='word_1_186' title='bbox 2071 1061 2154 1126; x_wconf 82' lang='grc' dir='ltr'><strong>είς</strong></span> <span class='ocrx_word' id='word_1_187' title='bbox 2163 1061 2422 1136; x_wconf 71' lang='grc' dir='ltr'>ἑσπέραν,</span> <span class='ocrx_word' id='word_1_188' title='bbox 2433 1081 2454 1116; x_wconf 82' lang='grc'><strong>›</strong></span> <span class='ocrx_word' id='word_1_189' title='bbox 2467 1061 3031 1134; x_wconf 74' lang='grc' dir='ltr'>καὶλιμιεητόννωνὼς</span> <span class='ocrx_word' id='word_1_190' title='bbox 3043 1066 3242 1133; x_wconf 80' lang='grc' dir='ltr'><strong>κυνῶν,</strong></span> <span class='ocrx_word' id='word_1_191' title='bbox 3261 1070 3356 1122; x_wconf 75' lang='grc' dir='ltr'>καὶ</span> <span class='ocrx_word' id='word_1_192' title='bbox 3373 1074 3430 1126; x_wconf 80' lang='grc' dir='ltr'>ὲν</span> <span class='ocrx_word' id='word_1_193' title='bbox 3459 1073 3661 1144; x_wconf 81' lang='grc' dir='ltr'><strong>κύκλῳ</strong></span> 
     </span>
    </p>
   </div>
   <div class='ocr_carea' id='block_1_27' title="bbox 2071 1155 3660 1234">
    <p class='ocr_par' dir='ltr' id='par_1_27' title="bbox 2071 1155 3660 1234">
     <span class='ocr_line' id='line_1_27' title="bbox 2071 1155 3660 1234; baseline 0.007 -26"><span class='ocrx_word' id='word_1_194' title='bbox 2071 1157 2510 1228; x_wconf 79' lang='grc' dir='ltr'>περιερχομένων</span> <span class='ocrx_word' id='word_1_195' title='bbox 2534 1157 2634 1228; x_wconf 83' lang='grc' dir='ltr'>τὴν</span> <span class='ocrx_word' id='word_1_196' title='bbox 2659 1155 2814 1210; x_wconf 87' lang='grc' dir='ltr'>πόλιν</span> <span class='ocrx_word' id='word_1_197' title='bbox 2832 1172 2848 1187; x_wconf 80' lang='grc'><strong>’</strong></span> <span class='ocrx_word' id='word_1_198' title='bbox 2878 1155 3073 1229; x_wconf 86' lang='grc' dir='ltr'>δηλῶν,</span> <span class='ocrx_word' id='word_1_199' title='bbox 3107 1156 3280 1232; x_wconf 77' lang='grc' dir='ltr'>οἶμαι,</span> <span class='ocrx_word' id='word_1_200' title='bbox 3300 1163 3388 1216; x_wconf 82' lang='grc' dir='ltr'><strong>διὰ</strong></span> <span class='ocrx_word' id='word_1_201' title='bbox 3417 1162 3515 1234; x_wconf 84' lang='grc' dir='ltr'>τῆς</span> <span class='ocrx_word' id='word_1_202' title='bbox 3551 1164 3660 1218; x_wconf 80' lang='grc' dir='ltr'>τοῦ</span> 
     </span>
    </p>
   </div>
   <div class='ocr_carea' id='block_1_28' title="bbox 2068 1247 3659 1328">
    <p class='ocr_par' dir='ltr' id='par_1_28' title="bbox 2068 1247 3659 1328">
     <span class='ocr_line' id='line_1_28' title="bbox 2068 1247 3659 1328; baseline 0.005 -27"><span class='ocrx_word' id='word_1_203' title='bbox 2068 1247 2232 1318; x_wconf 79' lang='grc' dir='ltr'>λόγου</span> <span class='ocrx_word' id='word_1_204' title='bbox 2265 1248 2674 1321; x_wconf 80' lang='grc' dir='ltr'>ὲπαναλήψεως,</span> <span class='ocrx_word' id='word_1_205' title='bbox 2706 1250 2789 1303; x_wconf 82' lang='grc' dir='ltr'>ὃτι</span> <span class='ocrx_word' id='word_1_206' title='bbox 2821 1249 2944 1304; x_wconf 86' lang='grc' dir='ltr'>καθ’</span> <span class='ocrx_word' id='word_1_207' title='bbox 2972 1253 3233 1325; x_wconf 79' lang='grc' dir='ltr'>ἑκάτερον</span> <span class='ocrx_word' id='word_1_208' title='bbox 3269 1255 3320 1308; x_wconf 75' lang='lat' dir='ltr'><strong>oi</strong></span> <span class='ocrx_word' id='word_1_209' title='bbox 3367 1255 3659 1328; x_wconf 76' lang='grc' dir='ltr'>ἄνθρωποι</span> 
     </span>
    </p>
   </div>
   <div class='ocr_carea' id='block_1_29' title="bbox 2045 1341 3662 1416">
    <p class='ocr_par' dir='ltr' id='par_1_29' title="bbox 2045 1341 3662 1416">
     <span class='ocr_line' id='line_1_29' title="bbox 2045 1341 3662 1416; baseline 0.004 -20"><span class='ocrx_word' id='word_1_210' title='bbox 2045 1341 2214 1396; x_wconf 72' lang='lat' dir='ltr'><strong>.xa&#39;td</strong></span> <span class='ocrx_word' id='word_1_211' title='bbox 2241 1357 2303 1394; x_wconf 76' lang='grc' dir='ltr'><strong>τε</strong></span> <span class='ocrx_word' id='word_1_212' title='bbox 2330 1342 2392 1395; x_wconf 83' lang='grc' dir='ltr'>τὸ</span> <span class='ocrx_word' id='word_1_213' title='bbox 2429 1342 2662 1414; x_wconf 78' lang='grc' dir='ltr'>πονηρὸν</span> <span class='ocrx_word' id='word_1_214' title='bbox 2699 1345 2795 1396; x_wconf 77' lang='grc' dir='ltr'>καὶ</span> <span class='ocrx_word' id='word_1_215' title='bbox 2846 1343 2909 1396; x_wconf 85' lang='grc' dir='ltr'>τὸ</span> <span class='ocrx_word' id='word_1_216' title='bbox 2937 1346 3205 1416; x_wconf 80' lang='grc' dir='ltr'>κρεῖττον,</span> <span class='ocrx_word' id='word_1_217' title='bbox 3233 1348 3293 1400; x_wconf 70' lang='grc' dir='ltr'>ἐν</span> <span class='ocrx_word' id='word_1_218' title='bbox 3327 1341 3410 1410; x_wconf 76' lang='grc' dir='ltr'>οἷς</span> <span class='ocrx_word' id='word_1_219' title='bbox 3453 1348 3516 1402; x_wconf 75' lang='grc' dir='ltr'>ἂν</span> <span class='ocrx_word' id='word_1_220' title='bbox 3552 1349 3662 1402; x_wconf 72' lang='grc' dir='ltr'>νῦν</span> 
     </span>
    </p>
   </div>
   <div class='ocr_carea' id='block_1_30' title="bbox 2067 1433 3656 1508">
    <p class='ocr_par' dir='ltr' id='par_1_30' title="bbox 2067 1433 3656 1508">
     <span class='ocr_line' id='line_1_30' title="bbox 2067 1433 3656 1508; baseline 0.005 -23"><span class='ocrx_word' id='word_1_221' title='bbox 2067 1433 2352 1502; x_wconf 71' lang='grc' dir='ltr'>γένωνται,</span> <span class='ocrx_word' id='word_1_222' title='bbox 2387 1435 2446 1486; x_wconf 72' lang='grc' dir='ltr'><strong>εν</strong></span> <span class='ocrx_word' id='word_1_223' title='bbox 2471 1435 2582 1496; x_wconf 80' lang='grc' dir='ltr'>τοῖς</span> <span class='ocrx_word' id='word_1_224' title='bbox 2608 1435 2792 1498; x_wconf 82' lang='grc' dir='ltr'>αὐτοῖς</span> <span class='ocrx_word' id='word_1_225' title='bbox 2823 1435 2920 1488; x_wconf 75' lang='grc' dir='ltr'>καὶ</span> <span class='ocrx_word' id='word_1_226' title='bbox 2941 1437 3079 1506; x_wconf 82' lang='grc' dir='ltr'>μετὰ</span> <span class='ocrx_word' id='word_1_227' title='bbox 3099 1436 3272 1491; x_wconf 83' lang='grc' dir='ltr'>ταῦτα</span> <span class='ocrx_word' id='word_1_228' title='bbox 3299 1440 3656 1508; x_wconf 74' lang='grc' dir='ltr'>γενήσονται.</span> 
     </span>
    </p>
   </div>
   <div class='ocr_carea' id='block_1_31' title="bbox 2081 1521 3661 1599">
    <p class='ocr_par' dir='ltr' id='par_1_31' title="bbox 2081 1521 3661 1599">
     <span class='ocr_line' id='line_1_31' title="bbox 2081 1521 3661 1599; baseline 0.004 -24"><span class='ocrx_word' id='word_1_229' title='bbox 2081 1521 2140 1575; x_wconf 91' lang='lat'><strong>&#39;0</strong></span> <span class='ocrx_word' id='word_1_230' title='bbox 2159 1524 2268 1594; x_wconf 70' lang='grc' dir='ltr'><strong>γὰρ</strong></span> <span class='ocrx_word' id='word_1_231' title='bbox 2297 1523 2392 1576; x_wconf 81' lang='grc' dir='ltr'><strong>νῦν</strong></span> <span class='ocrx_word' id='word_1_232' title='bbox 2411 1523 2477 1576; x_wconf 81' lang='grc' dir='ltr'><strong>δι’</strong></span> <span class='ocrx_word' id='word_1_233' title='bbox 2505 1524 2758 1587; x_wconf 78' lang='grc' dir='ltr'>ἀσεϐείας</span> <span class='ocrx_word' id='word_1_234' title='bbox 2784 1523 2968 1595; x_wconf 81' lang='grc' dir='ltr'>κύκλῳ</span> <span class='ocrx_word' id='word_1_235' title='bbox 2992 1527 3332 1597; x_wconf 82' lang='grc' dir='ltr'>περιπατῶν,</span> <span class='ocrx_word' id='word_1_236' title='bbox 3364 1529 3436 1599; x_wconf 80' lang='grc' dir='ltr'>μὴ</span> <span class='ocrx_word' id='word_1_237' title='bbox 3460 1529 3661 1599; x_wconf 72' lang='grc' dir='ltr'>ἐμϐιο-</span> 
     </span>
    </p>
   </div>
   <div class='ocr_carea' id='block_1_32' title="bbox 2066 1607 3657 1683">
    <p class='ocr_par' dir='ltr' id='par_1_32' title="bbox 2066 1607 3657 1683">
     <span class='ocr_line' id='line_1_32' title="bbox 2066 1607 3657 1683; baseline 0.002 -23"><span class='ocrx_word' id='word_1_238' title='bbox 2066 1608 2240 1661; x_wconf 82' lang='grc' dir='ltr'>τεύων</span> <span class='ocrx_word' id='word_1_239' title='bbox 2269 1611 2335 1679; x_wconf 79' lang='grc' dir='ltr'><strong>τῇ</strong></span> <span class='ocrx_word' id='word_1_240' title='bbox 2383 1607 2565 1671; x_wconf 83' lang='grc' dir='ltr'>πόλει.</span> <span class='ocrx_word' id='word_1_241' title='bbox 2606 1609 2740 1679; x_wconf 76' lang='grc' dir='ltr'>μηδὲ</span> <span class='ocrx_word' id='word_1_242' title='bbox 2775 1609 2869 1662; x_wconf 81' lang='grc' dir='ltr'>τὸν</span> <span class='ocrx_word' id='word_1_243' title='bbox 2899 1609 3240 1683; x_wconf 80' lang='grc' dir='ltr'>ἀνθρώπινον</span> <span class='ocrx_word' id='word_1_244' title='bbox 3269 1613 3360 1665; x_wconf 78' lang='grc' dir='ltr'><strong>ἐπὶ</strong></span> <span class='ocrx_word' id='word_1_245' title='bbox 3386 1613 3479 1666; x_wconf 77' lang='grc' dir='ltr'><strong>τοῦ</strong></span> <span class='ocrx_word' id='word_1_246' title='bbox 3509 1613 3657 1668; x_wconf 75' lang='grc' dir='ltr'>ἰδία-ι</span> 
     </span>
    </p>
   </div>
   <div class='ocr_carea' id='block_1_33' title="bbox 2071 1699 3660 1772">
    <p class='ocr_par' dir='ltr' id='par_1_33' title="bbox 2071 1699 3660 1772">
     <span class='ocr_line' id='line_1_33' title="bbox 2071 1699 3660 1772; baseline 0.003 -20"><span class='ocrx_word' id='word_1_247' title='bbox 2071 1699 2186 1768; x_wconf 84' lang='grc' dir='ltr'>βίου</span> <span class='ocrx_word' id='word_1_248' title='bbox 2212 1701 2535 1772; x_wconf 76' lang='grc' dir='ltr'><strong>χαρακτῆρα</strong></span> <span class='ocrx_word' id='word_1_249' title='bbox 2555 1699 2866 1769; x_wconf 78' lang='grc' dir='ltr'>φυλάσσων,</span> <span class='ocrx_word' id='word_1_250' title='bbox 2893 1700 3028 1754; x_wconf 84' lang='grc' dir='ltr'><strong>ἀλλὰ</strong></span> <span class='ocrx_word' id='word_1_251' title='bbox 3060 1701 3525 1772; x_wconf 79' lang='grc' dir='ltr'>ἀποθηριούμενος</span> <span class='ocrx_word' id='word_1_252' title='bbox 3559 1703 3660 1756; x_wconf 71' lang='grc' dir='ltr'><strong>διὰ</strong></span> 
     </span>
    </p>
   </div>
   <div class='ocr_carea' id='block_1_34' title="bbox 394 1760 1968 1867">
    <p class='ocr_par' dir='ltr' id='par_1_34' title="bbox 394 1776 1965 1854">
     <span class='ocr_line' id='line_1_34' title="bbox 394 1776 1965 1854; baseline 0.01 -27"><span class='ocrx_word' id='word_1_253' title='bbox 394 1782 507 1828; x_wconf 87' lang='lat' dir='ltr'><strong>tate</strong></span> <span class='ocrx_word' id='word_1_254' title='bbox 533 1776 794 1832; x_wconf 81' lang='lat' dir='ltr'><strong>excidens</strong></span> <span class='ocrx_word' id='word_1_255' title='bbox 817 1817 830 1842; x_wconf 94' lang='lat'><strong>,</strong></span> <span class='ocrx_word' id='word_1_256' title='bbox 863 1781 1106 1834; x_wconf 88' lang='lat' dir='ltr'><strong>omnium</strong></span> <span class='ocrx_word' id='word_1_257' title='bbox 1143 1781 1413 1837; x_wconf 90' lang='lat' dir='ltr'><strong>bonorum</strong></span> <span class='ocrx_word' id='word_1_258' title='bbox 1448 1786 1675 1854; x_wconf 89' lang='lat' dir='ltr'><strong>penuria</strong></span> <span class='ocrx_word' id='word_1_259' title='bbox 1727 1796 1780 1841; x_wconf 89' lang='lat' dir='ltr'><strong>et</strong></span> <span class='ocrx_word' id='word_1_260' title='bbox 1824 1787 1965 1843; x_wconf 78' lang='lat' dir='ltr'><strong>fame</strong></span> 
     </span>
    </p>
   </div>
   <div class='ocr_carea' id='block_1_35' title="bbox 2075 1760 3656 1867">
    <p class='ocr_par' dir='ltr' id='par_1_35' title="bbox 2075 1760 3656 1867">
     <span class='ocr_line' id='line_1_35' title="bbox 2075 1760 3656 1867; baseline 0.001 -19"><span class='ocrx_word' id='word_1_261' title='bbox 2075 1760 2166 1866; x_wconf 69' lang='grc' dir='ltr'>τῆς</span> <span class='ocrx_word' id='word_1_262' title='bbox 2189 1760 2581 1867; x_wconf 65' lang='grc' dir='ltr'>προαιρέσεως,</span> <span class='ocrx_word' id='word_1_263' title='bbox 2613 1796 2708 1849; x_wconf 74' lang='grc' dir='ltr'>καὶ</span> <span class='ocrx_word' id='word_1_264' title='bbox 2725 1794 2872 1848; x_wconf 85' lang='grc' dir='ltr'><strong>κύων</strong></span> <span class='ocrx_word' id='word_1_265' title='bbox 2899 1794 3210 1865; x_wconf 86' lang='grc' dir='ltr'>γενόμενος,</span> <span class='ocrx_word' id='word_1_266' title='bbox 3227 1789 3382 1859; x_wconf 75' lang='grc' dir='ltr'>οὗτος</span> <span class='ocrx_word' id='word_1_267' title='bbox 3401 1797 3493 1849; x_wconf 71' lang='grc' dir='ltr'>καὶ</span> <span class='ocrx_word' id='word_1_268' title='bbox 3517 1798 3656 1850; x_wconf 72' lang='grc' dir='ltr'>τότε</span> 
     </span>
    </p>
   </div>
   <div class='ocr_carea' id='block_1_36' title="bbox 393 1868 1967 1951">
    <p class='ocr_par' dir='ltr' id='par_1_36' title="bbox 393 1868 1967 1951">
     <span class='ocr_line' id='line_1_36' title="bbox 393 1868 1967 1951; baseline 0.01 -32"><span class='ocrx_word' id='word_1_269' title='bbox 393 1868 672 1936; x_wconf 85' lang='lat' dir='ltr'><strong>punietur.</strong></span> <span class='ocrx_word' id='word_1_270' title='bbox 701 1871 773 1922; x_wconf 85' lang='lat' dir='ltr'><strong>At</strong></span> <span class='ocrx_word' id='word_1_271' title='bbox 806 1871 900 1940; x_wconf 88' lang='lat' dir='ltr'><strong>qui</strong></span> <span class='ocrx_word' id='word_1_272' title='bbox 929 1873 1208 1929; x_wconf 88' lang='lat' dir='ltr'><strong>contraria</strong></span> <span class='ocrx_word' id='word_1_273' title='bbox 1239 1875 1411 1930; x_wconf 87' lang='lat' dir='ltr'><strong>vincit</strong></span> <span class='ocrx_word' id='word_1_274' title='bbox 1432 1916 1447 1939; x_wconf 90' lang='lat'><strong>,</strong></span> <span class='ocrx_word' id='word_1_275' title='bbox 1485 1879 1838 1950; x_wconf 83' lang='lat' dir='ltr'><strong>proceditque</strong></span> <span class='ocrx_word' id='word_1_276' title='bbox 1867 1879 1884 1951; x_wconf 93' lang='lat'><strong>(</strong></span> <span class='ocrx_word' id='word_1_277' title='bbox 1908 1890 1967 1934; x_wconf 92' lang='lat' dir='ltr'><strong>ut</strong></span> 
     </span>
    </p>
   </div>
   <div class='ocr_carea' id='block_1_37' title="bbox 394 1959 1968 2038">
    <p class='ocr_par' dir='ltr' id='par_1_37' title="bbox 394 1959 1968 2038">
     <span class='ocr_line' id='line_1_37' title="bbox 394 1959 1968 2038; baseline 0.011 -27"><span class='ocrx_word' id='word_1_278' title='bbox 394 1959 522 2012; x_wconf 87' lang='lat' dir='ltr'><strong>alibi</strong></span> <span class='ocrx_word' id='word_1_279' title='bbox 593 1959 882 2020; x_wconf 84' lang='lat' dir='ltr'><strong>Psalmista</strong></span> <span class='ocrx_word' id='word_1_280' title='bbox 928 1964 1247 2038; x_wconf 89' lang='lat' dir='ltr'><strong>loquitur),</strong></span> <span class='ocrx_word' id='word_1_281' title='bbox 1283 1968 1395 2026; x_wconf 70' lang='lat' dir='ltr'><strong>«de</strong></span> <span class='ocrx_word' id='word_1_282' title='bbox 1442 1971 1644 2026; x_wconf 86' lang='lat' dir='ltr'><strong>virtute</strong></span> <span class='ocrx_word' id='word_1_283' title='bbox 1689 1973 1744 2027; x_wconf 91' lang='lat' dir='ltr'><strong>in</strong></span> <span class='ocrx_word' id='word_1_284' title='bbox 1795 1974 1968 2028; x_wconf 88' lang='lat' dir='ltr'><strong>virtu-</strong></span> 
     </span>
    </p>
   </div>
   <div class='ocr_carea' id='block_1_38' title="bbox 391 2053 1969 2132">
    <p class='ocr_par' dir='ltr' id='par_1_38' title="bbox 391 2053 1969 2132">
     <span class='ocr_line' id='line_1_38' title="bbox 391 2053 1969 2132; baseline 0.009 -28"><span class='ocrx_word' id='word_1_285' title='bbox 391 2057 502 2106; x_wconf 86' lang='lat' dir='ltr'><strong>tem</strong></span> <span class='ocrx_word' id='word_1_286' title='bbox 525 2053 588 2119; x_wconf 83' lang='grc'><strong>²⁹,</strong></span> <span class='ocrx_word' id='word_1_287' title='bbox 604 2072 624 2108; x_wconf 73' lang='grc' dir='ltr'><strong>ι</strong></span> <span class='ocrx_word' id='word_1_288' title='bbox 648 2055 1041 2128; x_wconf 83' lang='lat' dir='ltr'><strong>victoriamque</strong></span> <span class='ocrx_word' id='word_1_289' title='bbox 1059 2059 1220 2116; x_wconf 87' lang='lat' dir='ltr'><strong>aliam</strong></span> <span class='ocrx_word' id='word_1_290' title='bbox 1250 2062 1355 2116; x_wconf 87' lang='lat' dir='ltr'><strong>alia</strong></span> <span class='ocrx_word' id='word_1_291' title='bbox 1384 2069 1677 2132; x_wconf 83' lang='lat' dir='ltr'><strong>permutat,</strong></span> <span class='ocrx_word' id='word_1_292' title='bbox 1702 2064 1772 2128; x_wconf 89' lang='lat' dir='ltr'><strong>is,</strong></span> <span class='ocrx_word' id='word_1_293' title='bbox 1796 2063 1969 2120; x_wconf 73' lang='lat' dir='ltr'><strong>«Can-</strong></span> 
     </span>
    </p>
   </div>
   <div class='ocr_carea' id='block_1_39' title="bbox 392 2145 1966 2218">
    <p class='ocr_par' dir='ltr' id='par_1_39' title="bbox 392 2145 1966 2218">
     <span class='ocr_line' id='line_1_39' title="bbox 392 2145 1966 2218; baseline 0.009 -20"><span class='ocrx_word' id='word_1_294' title='bbox 392 2145 557 2210; x_wconf 87' lang='lat' dir='ltr'><strong>tabo,</strong></span> <span class='ocrx_word' id='word_1_295' title='bbox 590 2167 608 2197; x_wconf 80' lang='grc' dir='ltr'><strong>ι</strong></span> <span class='ocrx_word' id='word_1_296' title='bbox 637 2148 744 2214; x_wconf 89' lang='lat' dir='ltr'><strong>ait,</strong></span> <span class='ocrx_word' id='word_1_297' title='bbox 771 2167 791 2202; x_wconf 74' lang='grc' dir='ltr'><strong>ι</strong></span> <span class='ocrx_word' id='word_1_298' title='bbox 823 2149 1130 2208; x_wconf 84' lang='lat' dir='ltr'><strong>fortitudini</strong></span> <span class='ocrx_word' id='word_1_299' title='bbox 1165 2162 1310 2218; x_wconf 65' lang='lat' dir='ltr'><strong>tum;</strong></span> <span class='ocrx_word' id='word_1_300' title='bbox 1347 2157 1636 2212; x_wconf 80' lang='lat' dir='ltr'><strong>exsultabo</strong></span> <span class='ocrx_word' id='word_1_301' title='bbox 1664 2172 1824 2212; x_wconf 87' lang='lat' dir='ltr'><strong>mane</strong></span> <span class='ocrx_word' id='word_1_302' title='bbox 1857 2159 1966 2212; x_wconf 84' lang='lat' dir='ltr'><strong>mi-</strong></span> 
     </span>
    </p>
   </div>
   <div class='ocr_carea' id='block_1_40' title="bbox 389 2239 1968 2319">
    <p class='ocr_par' dir='ltr' id='par_1_40' title="bbox 389 2239 1968 2319">
     <span class='ocr_line' id='line_1_40' title="bbox 389 2239 1968 2319; baseline 0.006 -24"><span class='ocrx_word' id='word_1_303' title='bbox 389 2239 748 2297; x_wconf 77' lang='lat' dir='ltr'><strong>sericordiam</strong></span> <span class='ocrx_word' id='word_1_304' title='bbox 779 2251 960 2313; x_wconf 89' lang='lat' dir='ltr'><strong>tuam,</strong></span> <span class='ocrx_word' id='word_1_305' title='bbox 992 2264 1012 2300; x_wconf 75' lang='grc' dir='ltr'><strong>ι</strong></span> <span class='ocrx_word' id='word_1_306' title='bbox 1041 2247 1302 2317; x_wconf 87' lang='lat' dir='ltr'><strong>quoniam</strong></span> <span class='ocrx_word' id='word_1_307' title='bbox 1343 2248 1524 2306; x_wconf 78' lang='lat' dir='ltr'><strong>factus</strong></span> <span class='ocrx_word' id='word_1_308' title='bbox 1555 2265 1616 2305; x_wconf 89' lang='lat' dir='ltr'><strong>es</strong></span> <span class='ocrx_word' id='word_1_309' title='bbox 1661 2250 1886 2319; x_wconf 88' lang='lat' dir='ltr'><strong>adjutor</strong></span> <span class='ocrx_word' id='word_1_310' title='bbox 1913 2259 1968 2306; x_wconf 90' lang='lat' dir='ltr'><strong>et</strong></span> 
     </span>
    </p>
   </div>
   <div class='ocr_carea' id='block_1_41' title="bbox 391 2329 1969 2412">
    <p class='ocr_par' dir='ltr' id='par_1_41' title="bbox 391 2329 1969 2412">
     <span class='ocr_line' id='line_1_41' title="bbox 391 2329 1969 2412; baseline 0.01 -29"><span class='ocrx_word' id='word_1_311' title='bbox 391 2329 660 2403; x_wconf 73' lang='lat' dir='ltr'><strong>refugium</strong></span> <span class='ocrx_word' id='word_1_312' title='bbox 689 2349 867 2390; x_wconf 88' lang='lat' dir='ltr'><strong>meum</strong></span> <span class='ocrx_word' id='word_1_313' title='bbox 887 2377 902 2401; x_wconf 92' lang='lat'><strong>,</strong></span> <span class='ocrx_word' id='word_1_314' title='bbox 935 2346 989 2393; x_wconf 91' lang='lat' dir='ltr'><strong>et</strong></span> <span class='ocrx_word' id='word_1_315' title='bbox 1015 2345 1068 2394; x_wconf 90' lang='lat' dir='ltr'><strong>te</strong></span> <span class='ocrx_word' id='word_1_316' title='bbox 1094 2338 1250 2396; x_wconf 87' lang='lat' dir='ltr'><strong>decet</strong></span> <span class='ocrx_word' id='word_1_317' title='bbox 1280 2341 1451 2412; x_wconf 67' lang='lat' dir='ltr'><strong>gloria</strong></span> <span class='ocrx_word' id='word_1_318' title='bbox 1477 2341 1535 2396; x_wconf 90' lang='lat' dir='ltr'><strong>in</strong></span> <span class='ocrx_word' id='word_1_319' title='bbox 1565 2343 1764 2399; x_wconf 60' lang='lat' dir='ltr'><strong>saecula</strong></span> <span class='ocrx_word' id='word_1_320' title='bbox 1794 2357 1969 2398; x_wconf 80' lang='lat' dir='ltr'><strong>saecu-</strong></span> 
     </span>
    </p>
   </div>
   <div class='ocr_carea' id='block_1_42' title="bbox 391 2421 816 2480">
    <p class='ocr_par' dir='ltr' id='par_1_42' title="bbox 391 2421 816 2480">
     <span class='ocr_line' id='line_1_42' title="bbox 391 2421 816 2480; baseline 0.009 -4"><span class='ocrx_word' id='word_1_321' title='bbox 391 2421 590 2480; x_wconf 85' lang='lat' dir='ltr'><strong>lorum.</strong></span> <span class='ocrx_word' id='word_1_322' title='bbox 622 2426 816 2480; x_wconf 82' lang='lat' dir='ltr'><strong>Amen.</strong></span> 
     </span>
    </p>
   </div>
   <div class='ocr_carea' id='block_1_43' title="bbox 463 2581 1046 2650">
    <p class='ocr_par' dir='ltr' id='par_1_43' title="bbox 463 2581 1046 2650">
     <span class='ocr_line' id='line_1_43' title="bbox 463 2581 1046 2650; baseline 0.005 -15"><span class='ocrx_word' id='word_1_323' title='bbox 463 2581 510 2613; x_wconf 79' lang='grc'><strong><em>³⁹</em></strong></span> <span class='ocrx_word' id='word_1_324' title='bbox 539 2581 684 2638; x_wconf 84' lang='lat' dir='ltr'><strong>Psal.</strong></span> <span class='ocrx_word' id='word_1_325' title='bbox 717 2599 924 2640; x_wconf 75' lang='lat' dir='ltr'><strong>unm</strong></span> <span class='ocrx_word' id='word_1_326' title='bbox 944 2624 961 2650; x_wconf 90' lang='lat'><strong>,</strong></span> <span class='ocrx_word' id='word_1_327' title='bbox 992 2584 1046 2640; x_wconf 85' lang='lat'><strong>8.</strong></span> 
     </span>
    </p>
   </div>
   <div class='ocr_carea' id='block_1_44' title="bbox 2068 1885 3658 1958">
    <p class='ocr_par' dir='ltr' id='par_1_44' title="bbox 2068 1885 3658 1958">
     <span class='ocr_line' id='line_1_44' title="bbox 2068 1885 3658 1958; baseline 0.001 -17"><span class='ocrx_word' id='word_1_328' title='bbox 2068 1889 2172 1958; x_wconf 81' lang='grc' dir='ltr'>τῆς</span> <span class='ocrx_word' id='word_1_329' title='bbox 2201 1888 2314 1943; x_wconf 69' lang='grc' dir='ltr'>ἄνω</span> <span class='ocrx_word' id='word_1_330' title='bbox 2343 1889 2553 1953; x_wconf 84' lang='grc' dir='ltr'>πόλεως</span> <span class='ocrx_word' id='word_1_331' title='bbox 2590 1885 2863 1953; x_wconf 68' lang='grc' dir='ltr'>εκπεσὼν,</span> <span class='ocrx_word' id='word_1_332' title='bbox 2899 1889 2958 1941; x_wconf 73' lang='grc' dir='ltr'>ἐν</span> <span class='ocrx_word' id='word_1_333' title='bbox 2983 1886 3129 1958; x_wconf 81' lang='grc' dir='ltr'>λιμῷ</span> <span class='ocrx_word' id='word_1_334' title='bbox 3155 1887 3266 1940; x_wconf 87' lang='grc' dir='ltr'><strong>τῶν</strong></span> <span class='ocrx_word' id='word_1_335' title='bbox 3295 1886 3515 1956; x_wconf 82' lang='grc' dir='ltr'>ἀγαθῶν</span> <span class='ocrx_word' id='word_1_336' title='bbox 3552 1905 3658 1942; x_wconf 74' lang='grc' dir='ltr'>κο-</span> 
     </span>
    </p>
   </div>
   <div class='ocr_carea' id='block_1_45' title="bbox 2071 1974 3659 2049">
    <p class='ocr_par' dir='ltr' id='par_1_45' title="bbox 2071 1974 3659 2049">
     <span class='ocr_line' id='line_1_45' title="bbox 2071 1974 3659 2049; baseline 0 -18"><span class='ocrx_word' id='word_1_337' title='bbox 2071 1977 2418 2049; x_wconf 73' lang='grc' dir='ltr'>λαοθήσεται.</span> <span class='ocrx_word' id='word_1_338' title='bbox 2463 1977 2520 2032; x_wconf 88' lang='lat' dir='ltr'><strong>&#39;U</strong></span> <span class='ocrx_word' id='word_1_339' title='bbox 2539 1978 2596 2031; x_wconf 69' lang='grc' dir='ltr'>δὲ</span> <span class='ocrx_word' id='word_1_340' title='bbox 2621 1978 2847 2049; x_wconf 79' lang='grc' dir='ltr'>νικητὴς</span> <span class='ocrx_word' id='word_1_341' title='bbox 2875 1974 2982 2030; x_wconf 85' lang='grc' dir='ltr'><strong>τῶν</strong></span> <span class='ocrx_word' id='word_1_342' title='bbox 3009 1978 3270 2031; x_wconf 72' lang='grc' dir='ltr'>ἐναντίων</span> <span class='ocrx_word' id='word_1_343' title='bbox 3313 1979 3408 2032; x_wconf 67' lang='grc' dir='ltr'>καὶ</span> <span class='ocrx_word' id='word_1_344' title='bbox 3441 1978 3659 2049; x_wconf 83' lang='grc' dir='ltr'>προῖὼν</span> 
     </span>
    </p>
   </div>
   <div class='ocr_carea' id='block_1_46' title="bbox 2074 2067 3655 2139">
    <p class='ocr_par' dir='ltr' id='par_1_46' title="bbox 2074 2067 3655 2139">
     <span class='ocr_line' id='line_1_46' title="bbox 2074 2067 3655 2139; baseline -0.001 -17"><span class='ocrx_word' id='word_1_345' title='bbox 2074 2071 2094 2139; x_wconf 93' lang='grc'><strong>(</strong></span> <span class='ocrx_word' id='word_1_346' title='bbox 2109 2069 2291 2132; x_wconf 84' lang='grc' dir='ltr'>καθώς</span> <span class='ocrx_word' id='word_1_347' title='bbox 2323 2085 2492 2137; x_wconf 78' lang='grc' dir='ltr'>φησιν</span> <span class='ocrx_word' id='word_1_348' title='bbox 2525 2068 2754 2139; x_wconf 77' lang='grc' dir='ltr'>ἑτέρωθί</span> <span class='ocrx_word' id='word_1_349' title='bbox 2805 2085 2910 2120; x_wconf 85' lang='grc' dir='ltr'><strong>που</strong></span> <span class='ocrx_word' id='word_1_350' title='bbox 2938 2068 2967 2120; x_wconf 85' lang='grc' dir='ltr'>ὁ</span> <span class='ocrx_word' id='word_1_351' title='bbox 2997 2067 3334 2138; x_wconf 79' lang='grc' dir='ltr'>Ψαλμῳδδς)</span> <span class='ocrx_word' id='word_1_352' title='bbox 3353 2086 3371 2117; x_wconf 73' lang='grc' dir='ltr'><strong>ι</strong></span> <span class='ocrx_word' id='word_1_353' title='bbox 3399 2067 3465 2118; x_wconf 74' lang='grc' dir='ltr'>ὲκ</span> <span class='ocrx_word' id='word_1_354' title='bbox 3486 2068 3655 2121; x_wconf 82' lang='grc' dir='ltr'>δυνά-</span> 
     </span>
    </p>
   </div>
   <div class='ocr_carea' id='block_1_47' title="bbox 2077 2152 3658 2231">
    <p class='ocr_par' dir='ltr' id='par_1_47' title="bbox 2077 2152 3658 2231">
     <span class='ocr_line' id='line_1_47' title="bbox 2077 2152 3658 2231; baseline -0.002 -18"><span class='ocrx_word' id='word_1_355' title='bbox 2077 2176 2222 2230; x_wconf 87' lang='grc' dir='ltr'>μεως</span> <span class='ocrx_word' id='word_1_356' title='bbox 2250 2160 2331 2223; x_wconf 82' lang='grc' dir='ltr'><strong>είς</strong></span> <span class='ocrx_word' id='word_1_357' title='bbox 2365 2152 2616 2230; x_wconf 77' lang='grc' dir='ltr'>δύναμιν,</span> <span class='ocrx_word' id='word_1_358' title='bbox 2638 2162 2764 2215; x_wconf 74' lang='grc' dir='ltr'>»καὶ</span> <span class='ocrx_word' id='word_1_359' title='bbox 2783 2159 2934 2229; x_wconf 80' lang='grc' dir='ltr'>νίκην</span> <span class='ocrx_word' id='word_1_360' title='bbox 2965 2158 3397 2229; x_wconf 75' lang='grc' dir='ltr'>διαμειόόμενος,</span> <span class='ocrx_word' id='word_1_361' title='bbox 3437 2177 3456 2210; x_wconf 77' lang='grc' dir='ltr'><strong>ι</strong></span> <span class='ocrx_word' id='word_1_362' title='bbox 3489 2159 3658 2231; x_wconf 75' lang='grc' dir='ltr'><strong>’ᾼσο-</strong></span> 
     </span>
    </p>
   </div>
   <div class='ocr_carea' id='block_1_48' title="bbox 2077 2249 3653 2322">
    <p class='ocr_par' dir='ltr' id='par_1_48' title="bbox 2077 2249 3653 2322">
     <span class='ocr_line' id='line_1_48' title="bbox 2077 2249 3653 2322; baseline 0.001 -19"><span class='ocrx_word' id='word_1_363' title='bbox 2077 2267 2196 2322; x_wconf 85' lang='grc' dir='ltr'>μαι,</span> <span class='ocrx_word' id='word_1_364' title='bbox 2225 2269 2243 2302; x_wconf 73' lang='grc' dir='ltr'><strong>ι</strong></span> <span class='ocrx_word' id='word_1_365' title='bbox 2278 2250 2447 2320; x_wconf 81' lang='grc' dir='ltr'>λέγει,</span> <span class='ocrx_word' id='word_1_366' title='bbox 2483 2268 2504 2301; x_wconf 79' lang='grc' dir='ltr'><strong>ι</strong></span> <span class='ocrx_word' id='word_1_367' title='bbox 2543 2253 2610 2321; x_wconf 78' lang='grc' dir='ltr'>τῇ</span> <span class='ocrx_word' id='word_1_368' title='bbox 2639 2250 2867 2321; x_wconf 77' lang='grc' dir='ltr'>δυνάμει</span> <span class='ocrx_word' id='word_1_369' title='bbox 2897 2267 3014 2314; x_wconf 90' lang='grc' dir='ltr'>σου,</span> <span class='ocrx_word' id='word_1_370' title='bbox 3042 2255 3139 2304; x_wconf 83' lang='grc' dir='ltr'>καὶ</span> <span class='ocrx_word' id='word_1_371' title='bbox 3159 2250 3560 2321; x_wconf 81' lang='grc' dir='ltr'>ὰγαλλιάσομαι</span> <span class='ocrx_word' id='word_1_372' title='bbox 3589 2249 3653 2304; x_wconf 74' lang='grc' dir='ltr'>τὸ</span> 
     </span>
    </p>
   </div>
   <div class='ocr_carea' id='block_1_49' title="bbox 2073 2343 3652 2414">
    <p class='ocr_par' dir='ltr' id='par_1_49' title="bbox 2073 2343 3652 2414">
     <span class='ocr_line' id='line_1_49' title="bbox 2073 2343 3652 2414; baseline 0 -18"><span class='ocrx_word' id='word_1_373' title='bbox 2073 2343 2218 2414; x_wconf 77' lang='grc' dir='ltr'>πρωῒ</span> <span class='ocrx_word' id='word_1_374' title='bbox 2265 2343 2328 2396; x_wconf 78' lang='grc' dir='ltr'>τὸ</span> <span class='ocrx_word' id='word_1_375' title='bbox 2377 2343 2525 2405; x_wconf 66' lang='grc' dir='ltr'>ἔλεός</span> <span class='ocrx_word' id='word_1_376' title='bbox 2572 2360 2681 2398; x_wconf 89' lang='grc' dir='ltr'>σου.</span> <span class='ocrx_word' id='word_1_377' title='bbox 2746 2363 2768 2394; x_wconf 73' lang='grc' dir='ltr'><strong>ι</strong></span> <span class='ocrx_word' id='word_1_378' title='bbox 2816 2344 2938 2397; x_wconf 82' lang='grc' dir='ltr'>Ὅτι</span> <span class='ocrx_word' id='word_1_379' title='bbox 2986 2343 3252 2414; x_wconf 81' lang='grc' dir='ltr'>ὲγενήθης</span> <span class='ocrx_word' id='word_1_380' title='bbox 3297 2343 3652 2413; x_wconf 74' lang='grc' dir='ltr'>ὰντιλήπτωρ</span> 
     </span>
    </p>
   </div>
   <div class='ocr_carea' id='block_1_50' title="bbox 2076 2435 3652 2507">
    <p class='ocr_par' dir='ltr' id='par_1_50' title="bbox 2076 2435 3652 2507">
     <span class='ocr_line' id='line_1_50' title="bbox 2076 2435 3652 2507; baseline 0.001 -20"><span class='ocrx_word' id='word_1_381' title='bbox 2076 2451 2200 2506; x_wconf 83' lang='grc' dir='ltr'>μου,</span> <span class='ocrx_word' id='word_1_382' title='bbox 2233 2436 2328 2488; x_wconf 78' lang='grc' dir='ltr'>καὶ</span> <span class='ocrx_word' id='word_1_383' title='bbox 2359 2437 2648 2506; x_wconf 82' lang='grc' dir='ltr'>καταφυγή</span> <span class='ocrx_word' id='word_1_384' title='bbox 2696 2452 2798 2506; x_wconf 90' lang='grc' dir='ltr'><strong>μου</strong></span> <span class='ocrx_word' id='word_1_385' title='bbox 2820 2475 2836 2499; x_wconf 92' lang='grc'><strong>,</strong></span> <span class='ocrx_word' id='word_1_386' title='bbox 2868 2435 2960 2488; x_wconf 82' lang='grc' dir='ltr'><strong>καί</strong></span> <span class='ocrx_word' id='word_1_387' title='bbox 2993 2452 3073 2488; x_wconf 76' lang='grc' dir='ltr'><strong>σοι</strong></span> <span class='ocrx_word' id='word_1_388' title='bbox 3103 2435 3304 2507; x_wconf 77' lang='grc' dir='ltr'>πρέπει</span> <span class='ocrx_word' id='word_1_389' title='bbox 3333 2439 3366 2505; x_wconf 83' lang='grc' dir='ltr'>ὴ</span> <span class='ocrx_word' id='word_1_390' title='bbox 3404 2435 3532 2500; x_wconf 76' lang='grc' dir='ltr'>δόξα</span> <span class='ocrx_word' id='word_1_391' title='bbox 3566 2435 3652 2496; x_wconf 72' lang='grc' dir='ltr'>εις</span> 
     </span>
    </p>
   </div>
   <div class='ocr_carea' id='block_1_51' title="bbox 2069 2524 3055 2598">
    <p class='ocr_par' dir='ltr' id='par_1_51' title="bbox 2069 2524 3055 2598">
     <span class='ocr_line' id='line_1_51' title="bbox 2069 2524 3055 2598; baseline 0.001 -20"><span class='ocrx_word' id='word_1_392' title='bbox 2069 2525 2198 2590; x_wconf 77' lang='grc' dir='ltr'>τοὺς</span> <span class='ocrx_word' id='word_1_393' title='bbox 2230 2524 2430 2589; x_wconf 83' lang='grc' dir='ltr'>αίῶνας</span> <span class='ocrx_word' id='word_1_394' title='bbox 2456 2525 2562 2579; x_wconf 86' lang='grc' dir='ltr'><strong>τῶν</strong></span> <span class='ocrx_word' id='word_1_395' title='bbox 2593 2524 2823 2582; x_wconf 71' lang='grc' dir='ltr'>αἰώνων.</span> <span class='ocrx_word' id='word_1_396' title='bbox 2865 2526 3055 2598; x_wconf 81' lang='grc' dir='ltr'>Ἀμήν.</span> 
     </span>
    </p>
   </div>
   <div class='ocr_carea' id='block_1_52' title="bbox 889 2851 3160 2952">
    <p class='ocr_par' dir='ltr' id='par_1_52' title="bbox 889 2851 3160 2952">
     <span class='ocr_line' id='line_1_52' title="bbox 889 2851 3160 2952; baseline 0.006 -14"><span class='ocrx_word' id='word_1_397' title='bbox 889 2851 1118 2940; x_wconf 87' lang='grc' dir='ltr'>ΤΟΥ</span> <span class='ocrx_word' id='word_1_398' title='bbox 1185 2852 1564 2943; x_wconf 85' lang='grc' dir='ltr'>ΑΥΤΟΥ</span> <span class='ocrx_word' id='word_1_399' title='bbox 1636 2857 1810 2944; x_wconf 92' lang='grc' dir='ltr'><strong>ΕΙΣ</strong></span> <span class='ocrx_word' id='word_1_400' title='bbox 1881 2859 2108 2944; x_wconf 90' lang='lat' dir='ltr'><strong>TON</strong></span> <span class='ocrx_word' id='word_1_401' title='bbox 2179 2860 2557 2945; x_wconf 89' lang='grc' dir='ltr'><strong>ΕΚΤΟΝ</strong></span> <span class='ocrx_word' id='word_1_402' title='bbox 2632 2858 3112 2947; x_wconf 85' lang='grc' dir='ltr'><strong>ΨΑΛΜΟΝ</strong></span> <span class='ocrx_word' id='word_1_403' title='bbox 3139 2923 3160 2952; x_wconf 68' lang='grc' dir='ltr'><strong>ν</strong></span> 
     </span>
    </p>
   </div>
   <div class='ocr_carea' id='block_1_53' title="bbox 1667 3037 2368 3093">
    <p class='ocr_par' dir='ltr' id='par_1_53' title="bbox 1667 3037 2368 3093">
     <span class='ocr_line' id='line_1_53' title="bbox 1667 3037 2368 3093; baseline 0.004 -3"><span class='ocrx_word' id='word_1_404' title='bbox 1667 3037 1849 3091; x_wconf 77' lang='grc' dir='ltr'><strong>ΠΕΡΙ</strong></span> <span class='ocrx_word' id='word_1_405' title='bbox 1887 3039 2025 3091; x_wconf 84' lang='grc' dir='ltr'><strong>ΤΗΣ</strong></span> <span class='ocrx_word' id='word_1_406' title='bbox 2064 3037 2200 3090; x_wconf 87' lang='grc' dir='ltr'><strong>ΟΓΔ</strong></span> <span class='ocrx_word' id='word_1_407' title='bbox 2209 3040 2368 3093; x_wconf 86' lang='grc' dir='ltr'><strong>ΟΗΣ.</strong></span> 
     </span>
    </p>
   </div>
   <div class='ocr_carea' id='block_1_54' title="bbox 978 3343 3040 3471">
    <p class='ocr_par' dir='ltr' id='par_1_54' title="bbox 978 3343 3040 3471">
     <span class='ocr_line' id='line_1_54' title="bbox 978 3343 3040 3471; baseline 0.003 -40"><span class='ocrx_word' id='word_1_408' title='bbox 978 3343 1517 3435; x_wconf 87' lang='lat' dir='ltr'><strong>EJUSDEM</strong></span> <span class='ocrx_word' id='word_1_409' title='bbox 1599 3347 1724 3438; x_wconf 82' lang='grc' dir='ltr'><strong>ΙΝ</strong></span> <span class='ocrx_word' id='word_1_410' title='bbox 1827 3349 2314 3442; x_wconf 85' lang='lat' dir='ltr'><strong>SEXTUM</strong></span> <span class='ocrx_word' id='word_1_411' title='bbox 2430 3349 3040 3471; x_wconf 80' lang='lat' dir='ltr'><strong>PSALMUM,</strong></span> 
     </span>
    </p>
   </div>
   <div class='ocr_carea' id='block_1_55' title="bbox 1771 3538 2264 3602">
    <p class='ocr_par' dir='ltr' id='par_1_55' title="bbox 1771 3538 2264 3602">
     <span class='ocr_line' id='line_1_55' title="bbox 1771 3538 2264 3602; baseline 0.002 -2"><span class='ocrx_word' id='word_1_412' title='bbox 1771 3538 1888 3600; x_wconf 85' lang='lat' dir='ltr'><strong>DE</strong></span> <span class='ocrx_word' id='word_1_413' title='bbox 1919 3538 2264 3602; x_wconf 78' lang='lat' dir='ltr'><strong>OCTAVA.</strong></span> 
     </span>
    </p>
   </div>
   <div class='ocr_carea' id='block_1_56' title="bbox 1626 3689 2401 3756">
    <p class='ocr_par' dir='ltr' id='par_1_56' title="bbox 1626 3689 2401 3756">
     <span class='ocr_line' id='line_1_56' title="bbox 1626 3689 2401 3756; baseline 0.004 -16"><span class='ocrx_word' id='word_1_414' title='bbox 1626 3689 1891 3742; x_wconf 81' lang='lat' dir='ltr'><strong>Laurentio</strong></span> <span class='ocrx_word' id='word_1_415' title='bbox 1917 3691 2084 3742; x_wconf 83' lang='lat' dir='ltr'><strong>Sil‘ano</strong></span> <span class='ocrx_word' id='word_1_416' title='bbox 2106 3696 2401 3756; x_wconf 85' lang='lat' dir='ltr'><strong>interprete.</strong></span> 
     </span>
    </p>
   </div>
   <div class='ocr_carea' id='block_1_57' title="bbox 465 3987 1964 4058">
    <p class='ocr_par' dir='ltr' id='par_1_57' title="bbox 465 3987 1964 4058">
     <span class='ocr_line' id='line_1_57' title="bbox 465 3987 1964 4058; baseline -0.002 -13"><span class='ocrx_word' id='word_1_417' title='bbox 465 3987 571 4058; x_wconf 81' lang='lat' dir='ltr'><strong>Qui</strong></span> <span class='ocrx_word' id='word_1_418' title='bbox 624 3987 925 4044; x_wconf 83' lang='lat' dir='ltr'><strong>secundum</strong></span> <span class='ocrx_word' id='word_1_419' title='bbox 979 3987 1352 4057; x_wconf 87' lang='lat' dir='ltr'><strong>propheticam</strong></span> <span class='ocrx_word' id='word_1_420' title='bbox 1402 3987 1838 4044; x_wconf 79' lang='lat' dir='ltr'><strong>benedictionem</strong></span> <span class='ocrx_word' id='word_1_421' title='bbox 1896 4003 1964 4044; x_wconf 76' lang='lat' dir='ltr'><strong>ex</strong></span> 
     </span>
    </p>
   </div>
   <div class='ocr_carea' id='block_1_58' title="bbox 2009 3861 2079 3878">
    <p class='ocr_par' dir='ltr' id='par_1_58' title="bbox 2009 3861 2079 3878">
     <span class='ocr_line' id='line_1_58' title="bbox 2009 3861 2079 3878; baseline -0.029 0"><span class='ocrx_word' id='word_1_422' title='bbox 2009 3861 2079 3878; x_wconf 48' lang='grc' dir='ltr'>μ</span> 
     </span>
    </p>
   </div>
   <div class='ocr_carea' id='block_1_59' title="bbox 2143 3991 3660 4069">
    <p class='ocr_par' dir='ltr' id='par_1_59' title="bbox 2143 3991 3660 4069">
     <span class='ocr_line' id='line_1_59' title="bbox 2143 3991 3660 4069; baseline 0.007 -24"><span class='ocrx_word' id='word_1_423' title='bbox 2143 3995 2206 4046; x_wconf 86' lang='grc' dir='ltr'><strong>Οἱ</strong></span> <span class='ocrx_word' id='word_1_424' title='bbox 2256 3993 2322 4046; x_wconf 70' lang='grc' dir='ltr'>ὲκ</span> <span class='ocrx_word' id='word_1_425' title='bbox 2366 3991 2650 4064; x_wconf 81' lang='grc' dir='ltr'>δυνάμεως</span> <span class='ocrx_word' id='word_1_426' title='bbox 2693 3996 2773 4059; x_wconf 81' lang='grc' dir='ltr'><strong>είς</strong></span> <span class='ocrx_word' id='word_1_427' title='bbox 2812 3994 3043 4066; x_wconf 83' lang='grc' dir='ltr'>δύναμιν</span> <span class='ocrx_word' id='word_1_428' title='bbox 3095 3997 3474 4069; x_wconf 79' lang='grc' dir='ltr'>πορευόμενοι,</span> <span class='ocrx_word' id='word_1_429' title='bbox 3510 4001 3660 4055; x_wconf 77' lang='grc' dir='ltr'>κατὰ</span> 
     </span>
    </p>
   </div>
   <div class='ocr_carea' id='block_1_60' title="bbox 393 4069 1968 4156">
    <p class='ocr_par' dir='ltr' id='par_1_60' title="bbox 393 4080 1966 4151">
     <span class='ocr_line' id='line_1_60' title="bbox 393 4080 1966 4151; baseline -0.002 -11"><span class='ocrx_word' id='word_1_430' title='bbox 393 4085 602 4140; x_wconf 78' lang='lat' dir='ltr'><strong>virtute</strong></span> <span class='ocrx_word' id='word_1_431' title='bbox 630 4081 687 4138; x_wconf 90' lang='lat' dir='ltr'><strong>in</strong></span> <span class='ocrx_word' id='word_1_432' title='bbox 716 4083 977 4137; x_wconf 81' lang='lat' dir='ltr'><strong>virtutem</strong></span> <span class='ocrx_word' id='word_1_433' title='bbox 1005 4080 1450 4150; x_wconf 79' lang='lat' dir='ltr'><strong>progrediuntur,</strong></span> <span class='ocrx_word' id='word_1_434' title='bbox 1479 4090 1644 4150; x_wconf 84' lang='lat' dir='ltr'><strong>atque</strong></span> <span class='ocrx_word' id='word_1_435' title='bbox 1672 4081 1966 4151; x_wconf 60' lang='lat' dir='ltr'><strong>praeclaros</strong></span> 
     </span>
    </p>
   </div>
   <div class='ocr_carea' id='block_1_61' title="bbox 2075 4069 3658 4156">
    <p class='ocr_par' dir='ltr' id='par_1_61' title="bbox 2075 4082 3658 4156">
     <span class='ocr_line' id='line_1_61' title="bbox 2075 4082 3658 4156; baseline 0.006 -20"><span class='ocrx_word' id='word_1_436' title='bbox 2075 4082 2171 4154; x_wconf 84' lang='grc' dir='ltr'>τὴν</span> <span class='ocrx_word' id='word_1_437' title='bbox 2199 4085 2544 4156; x_wconf 82' lang='grc' dir='ltr'>προφητικὴν</span> <span class='ocrx_word' id='word_1_438' title='bbox 2575 4085 2844 4154; x_wconf 80' lang='grc' dir='ltr'>εὐλογίαν,</span> <span class='ocrx_word' id='word_1_439' title='bbox 2892 4087 2986 4140; x_wconf 81' lang='grc' dir='ltr'>καὶ</span> <span class='ocrx_word' id='word_1_440' title='bbox 3018 4087 3116 4152; x_wconf 79' lang='grc' dir='ltr'>τὰς</span> <span class='ocrx_word' id='word_1_441' title='bbox 3159 4087 3326 4153; x_wconf 81' lang='grc' dir='ltr'>καλὰς</span> <span class='ocrx_word' id='word_1_442' title='bbox 3357 4091 3658 4156; x_wconf 72' lang='grc' dir='ltr'>ἀναϐάσεις</span> 
     </span>
    </p>
   </div>
   <div class='ocr_carea' id='block_1_62' title="bbox 395 4174 1968 4246">
    <p class='ocr_par' dir='ltr' id='par_1_62' title="bbox 395 4174 1968 4246">
     <span class='ocr_line' id='line_1_62' title="bbox 395 4174 1968 4246; baseline -0.001 -12"><span class='ocrx_word' id='word_1_443' title='bbox 395 4176 660 4234; x_wconf 73' lang='lat' dir='ltr'><strong>ascensus</strong></span> <span class='ocrx_word' id='word_1_444' title='bbox 711 4176 768 4231; x_wconf 90' lang='lat' dir='ltr'><strong>in</strong></span> <span class='ocrx_word' id='word_1_445' title='bbox 802 4174 1064 4231; x_wconf 88' lang='lat' dir='ltr'><strong>cordibus</strong></span> <span class='ocrx_word' id='word_1_446' title='bbox 1107 4175 1222 4230; x_wconf 86' lang='lat' dir='ltr'><strong>suis</strong></span> <span class='ocrx_word' id='word_1_447' title='bbox 1263 4175 1562 4246; x_wconf 87' lang='lat' dir='ltr'><strong>disponunt</strong></span> <span class='ocrx_word' id='word_1_448' title='bbox 1587 4177 1656 4244; x_wconf 82' lang='grc'><strong>⁸⁸,</strong></span> <span class='ocrx_word' id='word_1_449' title='bbox 1709 4192 1832 4232; x_wconf 92' lang='lat' dir='ltr'><strong>cum</strong></span> <span class='ocrx_word' id='word_1_450' title='bbox 1870 4177 1968 4232; x_wconf 87' lang='lat' dir='ltr'><strong>ali-</strong></span> 
     </span>
    </p>
   </div>
   <div class='ocr_carea' id='block_1_63' title="bbox 395 4268 1966 4341">
    <p class='ocr_par' dir='ltr' id='par_1_63' title="bbox 395 4268 1966 4341">
     <span class='ocr_line' id='line_1_63' title="bbox 395 4268 1966 4341; baseline 0.001 -18"><span class='ocrx_word' id='word_1_451' title='bbox 395 4285 559 4341; x_wconf 89' lang='lat' dir='ltr'><strong>quem</strong></span> <span class='ocrx_word' id='word_1_452' title='bbox 589 4269 792 4324; x_wconf 91' lang='lat' dir='ltr'><strong>bonum</strong></span> <span class='ocrx_word' id='word_1_453' title='bbox 824 4268 1161 4322; x_wconf 88' lang='lat' dir='ltr'><strong>intellectum</strong></span> <span class='ocrx_word' id='word_1_454' title='bbox 1191 4268 1669 4338; x_wconf 86' lang='lat' dir='ltr'><strong>apprehenderint,</strong></span> <span class='ocrx_word' id='word_1_455' title='bbox 1716 4282 1814 4339; x_wconf 90' lang='lat' dir='ltr'><strong>per</strong></span> <span class='ocrx_word' id='word_1_456' title='bbox 1840 4284 1966 4325; x_wconf 92' lang='lat' dir='ltr'><strong>eum</strong></span> 
     </span>
    </p>
   </div>
   <div class='ocr_carea' id='block_1_64' title="bbox 397 4361 1963 4430">
    <p class='ocr_par' dir='ltr' id='par_1_64' title="bbox 397 4361 1963 4430">
     <span class='ocr_line' id='line_1_64' title="bbox 397 4361 1963 4430; baseline 0.001 -14"><span class='ocrx_word' id='word_1_457' title='bbox 397 4362 466 4417; x_wconf 87' lang='lat' dir='ltr'><strong>ad</strong></span> <span class='ocrx_word' id='word_1_458' title='bbox 504 4361 881 4417; x_wconf 89' lang='lat' dir='ltr'><strong>sublimiorem</strong></span> <span class='ocrx_word' id='word_1_459' title='bbox 913 4361 1244 4415; x_wconf 89' lang='lat' dir='ltr'><strong>intellectum</strong></span> <span class='ocrx_word' id='word_1_460' title='bbox 1277 4361 1434 4430; x_wconf 86' lang='lat' dir='ltr'><strong>quasi</strong></span> <span class='ocrx_word' id='word_1_461' title='bbox 1465 4376 1632 4416; x_wconf 91' lang='lat' dir='ltr'><strong>manu</strong></span> <span class='ocrx_word' id='word_1_462' title='bbox 1655 4362 1963 4429; x_wconf 89' lang='lat' dir='ltr'><strong>ducuntur;</strong></span> 
     </span>
    </p>
   </div>
   <div class='ocr_carea' id='block_1_65' title="bbox 397 4452 1966 4526">
    <p class='ocr_par' dir='ltr' id='par_1_65' title="bbox 397 4452 1966 4526">
     <span class='ocr_line' id='line_1_65' title="bbox 397 4452 1966 4526; baseline 0.002 -18"><span class='ocrx_word' id='word_1_463' title='bbox 397 4470 495 4526; x_wconf 92' lang='lat' dir='ltr'><strong>per</strong></span> <span class='ocrx_word' id='word_1_464' title='bbox 520 4468 684 4525; x_wconf 89' lang='lat' dir='ltr'><strong>quem</strong></span> <span class='ocrx_word' id='word_1_465' title='bbox 735 4453 930 4507; x_wconf 73' lang='lat' dir='ltr'><strong>anima:</strong></span> <span class='ocrx_word' id='word_1_466' title='bbox 977 4452 1266 4508; x_wconf 81' lang='lat' dir='ltr'><strong>coniicitur</strong></span> <span class='ocrx_word' id='word_1_467' title='bbox 1296 4467 1560 4509; x_wconf 85' lang='lat' dir='ltr'><strong>ascensus</strong></span> <span class='ocrx_word' id='word_1_468' title='bbox 1597 4455 1653 4508; x_wconf 91' lang='lat' dir='ltr'><strong>in</strong></span> <span class='ocrx_word' id='word_1_469' title='bbox 1695 4455 1966 4524; x_wconf 87' lang='lat' dir='ltr'><strong>sublime;</strong></span> 
     </span>
    </p>
   </div>
   <div class='ocr_carea' id='block_1_66' title="bbox 397 4545 1969 4618">
    <p class='ocr_par' dir='ltr' id='par_1_66' title="bbox 397 4545 1969 4618">
     <span class='ocr_line' id='line_1_66' title="bbox 397 4545 1969 4618; baseline 0.001 -17"><span class='ocrx_word' id='word_1_470' title='bbox 397 4557 562 4618; x_wconf 87' lang='lat' dir='ltr'><strong>atque</strong></span> <span class='ocrx_word' id='word_1_471' title='bbox 596 4547 671 4600; x_wconf 88' lang='lat' dir='ltr'><strong>ita</strong></span> <span class='ocrx_word' id='word_1_472' title='bbox 695 4546 789 4616; x_wconf 87' lang='lat' dir='ltr'><strong>qui</strong></span> <span class='ocrx_word' id='word_1_473' title='bbox 820 4559 1035 4614; x_wconf 88' lang='lat' dir='ltr'><strong>semper</strong></span> <span class='ocrx_word' id='word_1_474' title='bbox 1060 4545 1126 4597; x_wconf 89' lang='lat' dir='ltr'><strong>ad</strong></span> <span class='ocrx_word' id='word_1_475' title='bbox 1149 4559 1212 4598; x_wconf 92' lang='lat' dir='ltr'><strong>ea</strong></span> <span class='ocrx_word' id='word_1_476' title='bbox 1235 4559 1358 4614; x_wconf 65' lang='lat' dir='ltr'><strong>quae</strong></span> <span class='ocrx_word' id='word_1_477' title='bbox 1392 4553 1520 4598; x_wconf 89' lang='lat' dir='ltr'><strong>sunt</strong></span> <span class='ocrx_word' id='word_1_478' title='bbox 1550 4545 1756 4615; x_wconf 86' lang='lat' dir='ltr'><strong>priora,</strong></span> <span class='ocrx_word' id='word_1_479' title='bbox 1789 4561 1848 4603; x_wconf 90' lang='lat' dir='ltr'><strong>se</strong></span> <span class='ocrx_word' id='word_1_480' title='bbox 1873 4562 1969 4602; x_wconf 77' lang='lat' dir='ltr'><strong>ex-</strong></span> 
     </span>
    </p>
   </div>
   <div class='ocr_carea' id='block_1_67' title="bbox 396 4635 1964 4706">
    <p class='ocr_par' dir='ltr' id='par_1_67' title="bbox 396 4635 1964 4706">
     <span class='ocr_line' id='line_1_67' title="bbox 396 4635 1964 4706; baseline -0.002 -12"><span class='ocrx_word' id='word_1_481' title='bbox 396 4638 571 4694; x_wconf 86' lang='lat' dir='ltr'><strong>tendit</strong></span> <span class='ocrx_word' id='word_1_482' title='bbox 592 4639 659 4704; x_wconf 85' lang='lat'><strong>&quot;,</strong></span> <span class='ocrx_word' id='word_1_483' title='bbox 719 4651 998 4706; x_wconf 85' lang='lat' dir='ltr'><strong>nunquam</strong></span> <span class='ocrx_word' id='word_1_484' title='bbox 1049 4651 1077 4689; x_wconf 91' lang='lat' dir='ltr'><strong>a</strong></span> <span class='ocrx_word' id='word_1_485' title='bbox 1132 4635 1274 4691; x_wconf 92' lang='lat' dir='ltr'><strong>bona</strong></span> <span class='ocrx_word' id='word_1_486' title='bbox 1330 4637 1654 4692; x_wconf 87' lang='lat' dir='ltr'><strong>ascensione</strong></span> <span class='ocrx_word' id='word_1_487' title='bbox 1704 4638 1964 4703; x_wconf 84' lang='lat' dir='ltr'><strong>cessabit,</strong></span> 
     </span>
    </p>
   </div>
   <div class='ocr_carea' id='block_1_68' title="bbox 396 4728 1966 4801">
    <p class='ocr_par' dir='ltr' id='par_1_68' title="bbox 396 4728 1966 4801">
     <span class='ocr_line' id='line_1_68' title="bbox 396 4728 1966 4801; baseline -0.001 -14"><span class='ocrx_word' id='word_1_488' title='bbox 396 4732 524 4787; x_wconf 89' lang='lat' dir='ltr'><strong>dum</strong></span> <span class='ocrx_word' id='word_1_489' title='bbox 557 4744 777 4800; x_wconf 88' lang='lat' dir='ltr'><strong>semper</strong></span> <span class='ocrx_word' id='word_1_490' title='bbox 813 4745 908 4799; x_wconf 90' lang='lat' dir='ltr'><strong>per</strong></span> <span class='ocrx_word' id='word_1_491' title='bbox 936 4729 1242 4784; x_wconf 87' lang='lat' dir='ltr'><strong>intellectus</strong></span> <span class='ocrx_word' id='word_1_492' title='bbox 1284 4729 1568 4793; x_wconf 91' lang='lat' dir='ltr'><strong>sublimes,</strong></span> <span class='ocrx_word' id='word_1_493' title='bbox 1602 4728 1671 4783; x_wconf 86' lang='lat' dir='ltr'><strong>ad</strong></span> <span class='ocrx_word' id='word_1_494' title='bbox 1697 4744 1966 4801; x_wconf 87' lang='lat' dir='ltr'><strong>superno-</strong></span> 
     </span>
    </p>
   </div>
   <div class='ocr_carea' id='block_1_69' title="bbox 397 4820 1962 4892">
    <p class='ocr_par' dir='ltr' id='par_1_69' title="bbox 397 4820 1962 4892">
     <span class='ocr_line' id='line_1_69' title="bbox 397 4820 1962 4892; baseline 0.001 -14"><span class='ocrx_word' id='word_1_495' title='bbox 397 4839 518 4878; x_wconf 89' lang='lat' dir='ltr'><strong>rum</strong></span> <span class='ocrx_word' id='word_1_496' title='bbox 545 4823 765 4878; x_wconf 85' lang='lat' dir='ltr'><strong>ducitur</strong></span> <span class='ocrx_word' id='word_1_497' title='bbox 785 4820 1298 4892; x_wconf 86' lang='lat' dir='ltr'><strong>contemplationem</strong></span> <span class='ocrx_word' id='word_1_498' title='bbox 1327 4832 1381 4876; x_wconf 87' lang='lat' dir='ltr'><strong>et</strong></span> <span class='ocrx_word' id='word_1_499' title='bbox 1411 4821 1962 4879; x_wconf 79' lang='lat' dir='ltr'><strong>animadversionem.</strong></span> 
     </span>
    </p>
   </div>
   <div class='ocr_carea' id='block_1_70' title="bbox 398 4914 1965 4984">
    <p class='ocr_par' dir='ltr' id='par_1_70' title="bbox 398 4914 1965 4984">
     <span class='ocr_line' id='line_1_70' title="bbox 398 4914 1965 4984; baseline 0.001 -15"><span class='ocrx_word' id='word_1_500' title='bbox 398 4915 524 4970; x_wconf 82' lang='lat' dir='ltr'><strong>llaec</strong></span> <span class='ocrx_word' id='word_1_501' title='bbox 563 4915 698 4978; x_wconf 80' lang='lat' dir='ltr'><strong>dixi,</strong></span> <span class='ocrx_word' id='word_1_502' title='bbox 749 4914 968 4976; x_wconf 79' lang='lat' dir='ltr'><strong>fratres.</strong></span> <span class='ocrx_word' id='word_1_503' title='bbox 1021 4914 1087 4968; x_wconf 87' lang='lat' dir='ltr'><strong>ad</strong></span> <span class='ocrx_word' id='word_1_504' title='bbox 1135 4929 1252 4978; x_wconf 93' lang='lat' dir='ltr'><strong>vos,</strong></span> <span class='ocrx_word' id='word_1_505' title='bbox 1284 4923 1437 4969; x_wconf 81' lang='lat' dir='ltr'><strong>sexto</strong></span> <span class='ocrx_word' id='word_1_506' title='bbox 1481 4915 1690 4984; x_wconf 89' lang='lat' dir='ltr'><strong>psalmo</strong></span> <span class='ocrx_word' id='word_1_507' title='bbox 1730 4924 1965 4972; x_wconf 91' lang='lat' dir='ltr'><strong>mentem</strong></span> 
     </span>
    </p>
   </div>
   <div class='ocr_carea' id='block_1_71' title="bbox 397 5006 1966 5078">
    <p class='ocr_par' dir='ltr' id='par_1_71' title="bbox 397 5006 1966 5078">
     <span class='ocr_line' id='line_1_71' title="bbox 397 5006 1966 5078; baseline -0.001 -14"><span class='ocrx_word' id='word_1_508' title='bbox 397 5009 686 5072; x_wconf 77' lang='lat' dir='ltr'><strong>adhibens,</strong></span> <span class='ocrx_word' id='word_1_509' title='bbox 743 5016 798 5062; x_wconf 85' lang='lat' dir='ltr'><strong>et</strong></span> <span class='ocrx_word' id='word_1_510' title='bbox 843 5009 1208 5062; x_wconf 88' lang='lat' dir='ltr'><strong>necessariam</strong></span> <span class='ocrx_word' id='word_1_511' title='bbox 1257 5006 1468 5062; x_wconf 85' lang='lat' dir='ltr'><strong>ordinis</strong></span> <span class='ocrx_word' id='word_1_512' title='bbox 1518 5009 1966 5078; x_wconf 88' lang='lat' dir='ltr'><strong>consequentiam</strong></span> 
     </span>
    </p>
   </div>
   <div class='ocr_carea' id='block_1_72' title="bbox 396 5100 1966 5171">
    <p class='ocr_par' dir='ltr' id='par_1_72' title="bbox 396 5100 1966 5171">
     <span class='ocr_line' id='line_1_72' title="bbox 396 5100 1966 5171; baseline -0.001 -14"><span class='ocrx_word' id='word_1_513' title='bbox 396 5118 649 5167; x_wconf 83' lang='lat' dir='ltr'><strong>cernens,</strong></span> <span class='ocrx_word' id='word_1_514' title='bbox 682 5100 1141 5171; x_wconf 79' lang='lat' dir='ltr'><strong>quemadmodum</strong></span> <span class='ocrx_word' id='word_1_515' title='bbox 1167 5108 1290 5168; x_wconf 85' lang='lat' dir='ltr'><strong>post</strong></span> <span class='ocrx_word' id='word_1_516' title='bbox 1309 5115 1428 5154; x_wconf 91' lang='lat' dir='ltr'><strong>eam</strong></span> <span class='ocrx_word' id='word_1_517' title='bbox 1453 5117 1575 5170; x_wconf 69' lang='lat' dir='ltr'><strong>quae</strong></span> <span class='ocrx_word' id='word_1_518' title='bbox 1597 5101 1966 5157; x_wconf 67' lang='lat' dir='ltr'><strong>hmreditatem</strong></span> 
     </span>
    </p>
   </div>
   <div class='ocr_carea' id='block_1_73' title="bbox 396 5190 1965 5266">
    <p class='ocr_par' dir='ltr' id='par_1_73' title="bbox 396 5190 1965 5266">
     <span class='ocr_line' id='line_1_73' title="bbox 396 5190 1965 5266; baseline -0.003 -17"><span class='ocrx_word' id='word_1_519' title='bbox 396 5195 774 5266; x_wconf 74' lang='lat' dir='ltr'><strong>consequitur,</strong></span> <span class='ocrx_word' id='word_1_520' title='bbox 828 5192 897 5248; x_wconf 90' lang='lat' dir='ltr'><strong>de</strong></span> <span class='ocrx_word' id='word_1_521' title='bbox 939 5190 1141 5246; x_wconf 88' lang='lat' dir='ltr'><strong>Octava</strong></span> <span class='ocrx_word' id='word_1_522' title='bbox 1175 5191 1330 5245; x_wconf 90' lang='lat' dir='ltr'><strong>nobis</strong></span> <span class='ocrx_word' id='word_1_523' title='bbox 1365 5207 1546 5246; x_wconf 87' lang='lat' dir='ltr'><strong>sermo</strong></span> <span class='ocrx_word' id='word_1_524' title='bbox 1583 5192 1833 5261; x_wconf 84' lang='lat' dir='ltr'><strong>adjectus</strong></span> <span class='ocrx_word' id='word_1_525' title='bbox 1868 5193 1965 5247; x_wconf 88' lang='lat' dir='ltr'><strong>sit.</strong></span> 
     </span>
    </p>
   </div>
   <div class='ocr_carea' id='block_1_74' title="bbox 397 5281 1964 5355">
    <p class='ocr_par' dir='ltr' id='par_1_74' title="bbox 397 5281 1964 5355">
     <span class='ocr_line' id='line_1_74' title="bbox 397 5281 1964 5355; baseline -0.004 -13"><span class='ocrx_word' id='word_1_526' title='bbox 397 5288 634 5342; x_wconf 83' lang='lat' dir='ltr'><strong>Prorsus</strong></span> <span class='ocrx_word' id='word_1_527' title='bbox 665 5293 845 5339; x_wconf 88' lang='lat' dir='ltr'><strong>autem</strong></span> <span class='ocrx_word' id='word_1_528' title='bbox 877 5283 1194 5355; x_wconf 88' lang='lat' dir='ltr'><strong>mysterium</strong></span> <span class='ocrx_word' id='word_1_529' title='bbox 1218 5281 1434 5336; x_wconf 78' lang='lat' dir='ltr'><strong>Octava:</strong></span> <span class='ocrx_word' id='word_1_530' title='bbox 1456 5282 1502 5313; x_wconf 82' lang='lat'><strong>&quot;</strong></span> <span class='ocrx_word' id='word_1_531' title='bbox 1535 5299 1642 5336; x_wconf 89' lang='lat' dir='ltr'><strong>non</strong></span> <span class='ocrx_word' id='word_1_532' title='bbox 1677 5283 1964 5353; x_wconf 80' lang='lat' dir='ltr'><strong>ignoratis.</strong></span> 
     </span>
    </p>
   </div>
   <div class='ocr_carea' id='block_1_75' title="bbox 2073 4175 3659 4251">
    <p class='ocr_par' dir='ltr' id='par_1_75' title="bbox 2073 4175 3659 4251">
     <span class='ocr_line' id='line_1_75' title="bbox 2073 4175 3659 4251; baseline 0.006 -24"><span class='ocrx_word' id='word_1_533' title='bbox 2073 4175 2133 4228; x_wconf 81' lang='grc' dir='ltr'>ὲν</span> <span class='ocrx_word' id='word_1_534' title='bbox 2177 4177 2296 4239; x_wconf 87' lang='grc' dir='ltr'>ταῖς</span> <span class='ocrx_word' id='word_1_535' title='bbox 2335 4177 2544 4230; x_wconf 71' lang='grc' dir='ltr'>ἑαυτῶν</span> <span class='ocrx_word' id='word_1_536' title='bbox 2586 4177 2836 4249; x_wconf 80' lang='grc' dir='ltr'>καρδίαις</span> <span class='ocrx_word' id='word_1_537' title='bbox 2882 4178 3261 4251; x_wconf 80' lang='grc' dir='ltr'>διατιθέμενοι,</span> <span class='ocrx_word' id='word_1_538' title='bbox 3296 4181 3372 4234; x_wconf 78' lang='grc' dir='ltr'><strong>ὅτ’</strong></span> <span class='ocrx_word' id='word_1_539' title='bbox 3401 4183 3466 4236; x_wconf 84' lang='grc' dir='ltr'>ἄν</span> <span class='ocrx_word' id='word_1_540' title='bbox 3508 4197 3659 4246; x_wconf 78' lang='grc' dir='ltr'>τινος</span> 
     </span>
    </p>
   </div>
   <div class='ocr_carea' id='block_1_76' title="bbox 2075 4269 3657 4344">
    <p class='ocr_par' dir='ltr' id='par_1_76' title="bbox 2075 4269 3657 4344">
     <span class='ocr_line' id='line_1_76' title="bbox 2075 4269 3657 4344; baseline 0.004 -23"><span class='ocrx_word' id='word_1_541' title='bbox 2075 4269 2283 4337; x_wconf 80' lang='grc' dir='ltr'>ἀγαθοῦ</span> <span class='ocrx_word' id='word_1_542' title='bbox 2339 4271 2611 4341; x_wconf 80' lang='grc' dir='ltr'>νοήματος</span> <span class='ocrx_word' id='word_1_543' title='bbox 2662 4270 2962 4342; x_wconf 75' lang='grc' dir='ltr'>δράξωνται</span> <span class='ocrx_word' id='word_1_544' title='bbox 2981 4311 2997 4338; x_wconf 91' lang='grc'><strong>,</strong></span> <span class='ocrx_word' id='word_1_545' title='bbox 3059 4273 3524 4344; x_wconf 83' lang='grc' dir='ltr'>χειραγωγοῦνται</span> <span class='ocrx_word' id='word_1_546' title='bbox 3585 4276 3657 4328; x_wconf 82' lang='grc' dir='ltr'>δι’</span> 
     </span>
    </p>
   </div>
   <div class='ocr_carea' id='block_1_77' title="bbox 2077 4355 3655 4436">
    <p class='ocr_par' dir='ltr' id='par_1_77' title="bbox 2077 4355 3655 4436">
     <span class='ocr_line' id='line_1_77' title="bbox 2077 4355 3655 4436; baseline 0.004 -25"><span class='ocrx_word' id='word_1_547' title='bbox 2077 4360 2286 4412; x_wconf 77' lang='grc' dir='ltr'>ἐκείνου</span> <span class='ocrx_word' id='word_1_548' title='bbox 2335 4360 2470 4430; x_wconf 77' lang='grc' dir='ltr'>πρὸς</span> <span class='ocrx_word' id='word_1_549' title='bbox 2520 4360 2850 4433; x_wconf 78' lang='grc' dir='ltr'>ὑψηλότερον</span> <span class='ocrx_word' id='word_1_550' title='bbox 2887 4364 3066 4434; x_wconf 84' lang='grc' dir='ltr'>νόημα</span> <span class='ocrx_word' id='word_1_551' title='bbox 3113 4365 3180 4417; x_wconf 80' lang='grc' dir='ltr'>δι’</span> <span class='ocrx_word' id='word_1_552' title='bbox 3226 4355 3288 4416; x_wconf 79' lang='grc' dir='ltr'><strong>οὗ</strong></span> <span class='ocrx_word' id='word_1_553' title='bbox 3337 4365 3542 4432; x_wconf 86' lang='grc' dir='ltr'>γίνεται</span> <span class='ocrx_word' id='word_1_554' title='bbox 3583 4369 3655 4436; x_wconf 81' lang='grc' dir='ltr'>τῇ</span> 
     </span>
    </p>
   </div>
   <div class='ocr_carea' id='block_1_78' title="bbox 2073 4449 3659 4523">
    <p class='ocr_par' dir='ltr' id='par_1_78' title="bbox 2073 4449 3659 4523">
     <span class='ocr_line' id='line_1_78' title="bbox 2073 4449 3659 4523; baseline 0.005 -21"><span class='ocrx_word' id='word_1_555' title='bbox 2073 4453 2218 4523; x_wconf 77' lang='grc' dir='ltr'>ψυχῇ</span> <span class='ocrx_word' id='word_1_556' title='bbox 2269 4453 2303 4522; x_wconf 82' lang='grc' dir='ltr'>ἡ</span> <span class='ocrx_word' id='word_1_557' title='bbox 2349 4451 2443 4504; x_wconf 69' lang='grc' dir='ltr'><strong>ἐπὶ</strong></span> <span class='ocrx_word' id='word_1_558' title='bbox 2488 4449 2550 4504; x_wconf 78' lang='grc' dir='ltr'><strong>τὸ</strong></span> <span class='ocrx_word' id='word_1_559' title='bbox 2605 4452 2739 4522; x_wconf 79' lang='grc' dir='ltr'>ὕψος</span> <span class='ocrx_word' id='word_1_560' title='bbox 2783 4454 3069 4518; x_wconf 75' lang='grc' dir='ltr'>ἀνάϐασις.</span> <span class='ocrx_word' id='word_1_561' title='bbox 3117 4456 3228 4508; x_wconf 73' lang='grc' dir='ltr'><strong>Καὶ</strong></span> <span class='ocrx_word' id='word_1_562' title='bbox 3266 4455 3438 4518; x_wconf 76' lang='grc' dir='ltr'>οὕτως</span> <span class='ocrx_word' id='word_1_563' title='bbox 3487 4457 3517 4508; x_wconf 85' lang='grc' dir='ltr'><strong>ὁ</strong></span> <span class='ocrx_word' id='word_1_564' title='bbox 3562 4457 3659 4510; x_wconf 78' lang='grc' dir='ltr'>ἀεὶ</span> 
     </span>
    </p>
   </div>
   <div class='ocr_carea' id='block_1_79' title="bbox 2073 4545 3659 4618">
    <p class='ocr_par' dir='ltr' id='par_1_79' title="bbox 2073 4545 3659 4618">
     <span class='ocr_line' id='line_1_79' title="bbox 2073 4545 3659 4618; baseline 0.003 -19"><span class='ocrx_word' id='word_1_565' title='bbox 2073 4549 2187 4610; x_wconf 82' lang='grc' dir='ltr'>τοῖς</span> <span class='ocrx_word' id='word_1_566' title='bbox 2225 4545 2536 4618; x_wconf 77' lang='grc' dir='ltr'>ἔμπροσθεν</span> <span class='ocrx_word' id='word_1_567' title='bbox 2581 4546 3058 4618; x_wconf 79' lang='grc' dir='ltr'>ἐπεκτεινόμενος,</span> <span class='ocrx_word' id='word_1_568' title='bbox 3094 4548 3346 4601; x_wconf 81' lang='grc' dir='ltr'>οὐδέποτε</span> <span class='ocrx_word' id='word_1_569' title='bbox 3371 4547 3472 4615; x_wconf 84' lang='grc' dir='ltr'>τῆς</span> <span class='ocrx_word' id='word_1_570' title='bbox 3509 4551 3659 4618; x_wconf 79' lang='grc' dir='ltr'>ἀγα-</span> 
     </span>
    </p>
   </div>
   <div class='ocr_carea' id='block_1_80' title="bbox 2074 4634 3659 4709">
    <p class='ocr_par' dir='ltr' id='par_1_80' title="bbox 2074 4634 3659 4709">
     <span class='ocr_line' id='line_1_80' title="bbox 2074 4634 3659 4709; baseline 0.003 -20"><span class='ocrx_word' id='word_1_571' title='bbox 2074 4637 2174 4706; x_wconf 81' lang='grc' dir='ltr'>θῆς</span> <span class='ocrx_word' id='word_1_572' title='bbox 2215 4636 2404 4689; x_wconf 78' lang='grc' dir='ltr'>ἀνόδου</span> <span class='ocrx_word' id='word_1_573' title='bbox 2447 4634 2715 4689; x_wconf 81' lang='grc' dir='ltr'>παύσεται</span> <span class='ocrx_word' id='word_1_574' title='bbox 2737 4673 2752 4699; x_wconf 88' lang='grc'><strong>,</strong></span> <span class='ocrx_word' id='word_1_575' title='bbox 2787 4636 2875 4688; x_wconf 76' lang='grc' dir='ltr'><strong>ἀεὶ</strong></span> <span class='ocrx_word' id='word_1_576' title='bbox 2925 4635 3016 4689; x_wconf 81' lang='grc' dir='ltr'>διὰ</span> <span class='ocrx_word' id='word_1_577' title='bbox 3042 4635 3151 4688; x_wconf 90' lang='grc' dir='ltr'><strong>τῶν</strong></span> <span class='ocrx_word' id='word_1_578' title='bbox 3183 4636 3402 4709; x_wconf 77' lang='grc' dir='ltr'>ὑψηλῶν</span> <span class='ocrx_word' id='word_1_579' title='bbox 3445 4640 3659 4708; x_wconf 73' lang='grc' dir='ltr'>νοημά-</span> 
     </span>
    </p>
   </div>
   <div class='ocr_carea' id='block_1_81' title="bbox 2071 4725 3661 4799">
    <p class='ocr_par' dir='ltr' id='par_1_81' title="bbox 2071 4725 3661 4799">
     <span class='ocr_line' id='line_1_81' title="bbox 2071 4725 3661 4799; baseline 0.003 -22"><span class='ocrx_word' id='word_1_580' title='bbox 2071 4741 2180 4778; x_wconf 86' lang='grc' dir='ltr'><strong>των</strong></span> <span class='ocrx_word' id='word_1_581' title='bbox 2225 4725 2365 4794; x_wconf 78' lang='grc' dir='ltr'>πρὸς</span> <span class='ocrx_word' id='word_1_582' title='bbox 2408 4726 2508 4794; x_wconf 78' lang='grc' dir='ltr'>τὴν</span> <span class='ocrx_word' id='word_1_583' title='bbox 2553 4725 2662 4778; x_wconf 87' lang='grc' dir='ltr'><strong>τῶν</strong></span> <span class='ocrx_word' id='word_1_584' title='bbox 2692 4725 3107 4797; x_wconf 67' lang='grc' dir='ltr'>ὑπερκειμένων</span> <span class='ocrx_word' id='word_1_585' title='bbox 3155 4727 3484 4797; x_wconf 84' lang='grc' dir='ltr'>κατανόησιν</span> <span class='ocrx_word' id='word_1_586' title='bbox 3527 4729 3661 4799; x_wconf 74' lang='grc' dir='ltr'>ὁδη-</span> 
     </span>
    </p>
   </div>
   <div class='ocr_carea' id='block_1_82' title="bbox 2072 4813 3662 4889">
    <p class='ocr_par' dir='ltr' id='par_1_82' title="bbox 2072 4813 3662 4889">
     <span class='ocr_line' id='line_1_82' title="bbox 2072 4813 3662 4889; baseline 0.003 -19"><span class='ocrx_word' id='word_1_587' title='bbox 2072 4817 2357 4887; x_wconf 86' lang='grc' dir='ltr'>γούμενος.</span> <span class='ocrx_word' id='word_1_588' title='bbox 2390 4817 2576 4870; x_wconf 78' lang='grc' dir='ltr'>Ταῦτα</span> <span class='ocrx_word' id='word_1_589' title='bbox 2603 4813 2776 4882; x_wconf 75' lang='grc' dir='ltr'>εἶπον,</span> <span class='ocrx_word' id='word_1_590' title='bbox 2819 4817 3072 4887; x_wconf 78' lang='grc' dir='ltr'>ἀδελφοὶ,</span> <span class='ocrx_word' id='word_1_591' title='bbox 3096 4817 3175 4887; x_wconf 81' lang='grc' dir='ltr'><strong>τῷ</strong></span> <span class='ocrx_word' id='word_1_592' title='bbox 3205 4819 3350 4889; x_wconf 77' lang='grc' dir='ltr'>ἕκτῳ</span> <span class='ocrx_word' id='word_1_593' title='bbox 3376 4818 3487 4873; x_wconf 88' lang='grc' dir='ltr'><strong>τῶν</strong></span> <span class='ocrx_word' id='word_1_594' title='bbox 3519 4820 3662 4888; x_wconf 78' lang='grc' dir='ltr'>ψαλο</span> 
     </span>
    </p>
   </div>
   <div class='ocr_carea' id='block_1_83' title="bbox 2075 4908 3659 4980">
    <p class='ocr_par' dir='ltr' id='par_1_83' title="bbox 2075 4908 3659 4980">
     <span class='ocr_line' id='line_1_83' title="bbox 2075 4908 3659 4980; baseline 0.003 -19"><span class='ocrx_word' id='word_1_595' title='bbox 2075 4908 2192 4980; x_wconf 82' lang='grc' dir='ltr'><strong>μῶν</strong></span> <span class='ocrx_word' id='word_1_596' title='bbox 2217 4909 2495 4980; x_wconf 84' lang='grc' dir='ltr'>προσέχων</span> <span class='ocrx_word' id='word_1_597' title='bbox 2532 4908 2629 4979; x_wconf 78' lang='grc' dir='ltr'>τὴν</span> <span class='ocrx_word' id='word_1_598' title='bbox 2671 4908 2927 4973; x_wconf 83' lang='grc' dir='ltr'>διάνοιαν,</span> <span class='ocrx_word' id='word_1_599' title='bbox 2977 4911 3070 4963; x_wconf 79' lang='grc' dir='ltr'>καὶ</span> <span class='ocrx_word' id='word_1_600' title='bbox 3118 4909 3329 4980; x_wconf 79' lang='grc' dir='ltr'>βλέπων</span> <span class='ocrx_word' id='word_1_601' title='bbox 3371 4911 3471 4980; x_wconf 79' lang='grc' dir='ltr'>τὴν</span> <span class='ocrx_word' id='word_1_602' title='bbox 3518 4913 3659 4966; x_wconf 58' lang='grc' dir='ltr'>ἀνα-</span> 
     </span>
    </p>
   </div>
   <div class='ocr_carea' id='block_1_84' title="bbox 2072 4999 3661 5074">
    <p class='ocr_par' dir='ltr' id='par_1_84' title="bbox 2072 4999 3661 5074">
     <span class='ocr_line' id='line_1_84' title="bbox 2072 4999 3661 5074; baseline 0.003 -21"><span class='ocrx_word' id='word_1_603' title='bbox 2072 5001 2270 5070; x_wconf 82' lang='grc' dir='ltr'>γκαίαν</span> <span class='ocrx_word' id='word_1_604' title='bbox 2298 5001 2396 5071; x_wconf 84' lang='grc' dir='ltr'>τῆς</span> <span class='ocrx_word' id='word_1_605' title='bbox 2425 4999 2630 5065; x_wconf 78' lang='grc' dir='ltr'>τάξεως</span> <span class='ocrx_word' id='word_1_606' title='bbox 2649 5000 2990 5066; x_wconf 79' lang='grc' dir='ltr'>ἀκολουθίαν,</span> <span class='ocrx_word' id='word_1_607' title='bbox 3021 5002 3139 5064; x_wconf 86' lang='grc' dir='ltr'><strong>πῶς</strong></span> <span class='ocrx_word' id='word_1_608' title='bbox 3189 5001 3328 5071; x_wconf 82' lang='grc' dir='ltr'>μετὰ</span> <span class='ocrx_word' id='word_1_609' title='bbox 3365 5003 3466 5072; x_wconf 86' lang='grc' dir='ltr'><strong>τὴν</strong></span> <span class='ocrx_word' id='word_1_610' title='bbox 3497 5004 3661 5074; x_wconf 75' lang='grc' dir='ltr'>Κλη-</span> 
     </span>
    </p>
   </div>
   <div class='ocr_carea' id='block_1_85' title="bbox 2075 5091 3660 5165">
    <p class='ocr_par' dir='ltr' id='par_1_85' title="bbox 2075 5091 3660 5165">
     <span class='ocr_line' id='line_1_85' title="bbox 2075 5091 3660 5165; baseline 0.002 -19"><span class='ocrx_word' id='word_1_611' title='bbox 2075 5093 2402 5165; x_wconf 80' lang='grc' dir='ltr'>ρονομοῦσαν</span> <span class='ocrx_word' id='word_1_612' title='bbox 2423 5095 2450 5145; x_wconf 86' lang='grc' dir='ltr'>ὁ</span> <span class='ocrx_word' id='word_1_613' title='bbox 2471 5091 2717 5163; x_wconf 78' lang='grc' dir='ltr'>περὶτῆς</span> <span class='ocrx_word' id='word_1_614' title='bbox 2743 5093 2964 5163; x_wconf 82' lang='grc' dir='ltr'>Ὀγδόης</span> <span class='ocrx_word' id='word_1_615' title='bbox 2988 5095 3119 5163; x_wconf 81' lang='grc' dir='ltr'>ἡμῖν</span> <span class='ocrx_word' id='word_1_616' title='bbox 3144 5094 3445 5165; x_wconf 77' lang='grc' dir='ltr'>προσετέθη</span> <span class='ocrx_word' id='word_1_617' title='bbox 3471 5094 3660 5163; x_wconf 82' lang='grc' dir='ltr'>λόγος.</span> 
     </span>
    </p>
   </div>
   <div class='ocr_carea' id='block_1_86' title="bbox 2075 5184 3657 5257">
    <p class='ocr_par' dir='ltr' id='par_1_86' title="bbox 2075 5184 3657 5257">
     <span class='ocr_line' id='line_1_86' title="bbox 2075 5184 3657 5257; baseline 0 -19"><span class='ocrx_word' id='word_1_618' title='bbox 2075 5185 2296 5246; x_wconf 82' lang='grc' dir='ltr'>Πάντως</span> <span class='ocrx_word' id='word_1_619' title='bbox 2317 5184 2374 5236; x_wconf 81' lang='grc' dir='ltr'>δὲ</span> <span class='ocrx_word' id='word_1_620' title='bbox 2398 5185 2498 5237; x_wconf 83' lang='grc' dir='ltr'><strong>οὑκ</strong></span> <span class='ocrx_word' id='word_1_621' title='bbox 2513 5185 2758 5252; x_wconf 79' lang='grc' dir='ltr'>ἀγνοεῖτε</span> <span class='ocrx_word' id='word_1_622' title='bbox 2773 5185 2948 5255; x_wconf 78' lang='grc' dir='ltr'>τὸτῆς</span> <span class='ocrx_word' id='word_1_623' title='bbox 2985 5185 3206 5254; x_wconf 86' lang='grc' dir='ltr'>Ὀγδόης</span> <span class='ocrx_word' id='word_1_624' title='bbox 3231 5188 3550 5257; x_wconf 81' lang='grc' dir='ltr'>μυστήριον.</span> <span class='ocrx_word' id='word_1_625' title='bbox 3577 5190 3657 5242; x_wconf 82' lang='grc' dir='ltr'><strong>οὐ</strong></span> 
     </span>
    </p>
   </div>
   <div class='ocr_carea' id='block_1_87' title="bbox 2073 5275 3657 5348">
    <p class='ocr_par' dir='ltr' id='par_1_87' title="bbox 2073 5275 3657 5348">
     <span class='ocr_line' id='line_1_87' title="bbox 2073 5275 3657 5348; baseline 0.003 -20"><span class='ocrx_word' id='word_1_626' title='bbox 2073 5276 2181 5348; x_wconf 83' lang='grc' dir='ltr'><strong>γὰρ</strong></span> <span class='ocrx_word' id='word_1_627' title='bbox 2223 5275 2286 5346; x_wconf 83' lang='grc' dir='ltr'>δὴ</span> <span class='ocrx_word' id='word_1_628' title='bbox 2325 5277 2460 5347; x_wconf 81' lang='grc' dir='ltr'>πρὸς</span> <span class='ocrx_word' id='word_1_629' title='bbox 2500 5276 2798 5339; x_wconf 85' lang='grc' dir='ltr'>Ἰουδαῖκὰς</span> <span class='ocrx_word' id='word_1_630' title='bbox 2827 5276 3122 5347; x_wconf 81' lang='grc' dir='ltr'>ὑπολήψεις</span> <span class='ocrx_word' id='word_1_631' title='bbox 3153 5277 3298 5341; x_wconf 73' lang='grc' dir='ltr'>εἰκός</span> <span class='ocrx_word' id='word_1_632' title='bbox 3346 5279 3498 5331; x_wconf 80' lang='grc' dir='ltr'>ἐστιν</span> <span class='ocrx_word' id='word_1_633' title='bbox 3522 5279 3657 5333; x_wconf 60' lang='grc' dir='ltr'>ὑπο,</span> 
     </span>
    </p>
   </div>
   <div class='ocr_carea' id='block_1_88' title="bbox 397 5366 1968 5447">
    <p class='ocr_par' dir='ltr' id='par_1_88' title="bbox 397 5373 1964 5447">
     <span class='ocr_line' id='line_1_88' title="bbox 397 5373 1964 5447; baseline -0.003 -16"><span class='ocrx_word' id='word_1_634' title='bbox 397 5377 516 5431; x_wconf 79' lang='lat' dir='ltr'><strong>Non</strong></span> <span class='ocrx_word' id='word_1_635' title='bbox 550 5377 696 5432; x_wconf 89' lang='lat' dir='ltr'><strong>enim</strong></span> <span class='ocrx_word' id='word_1_636' title='bbox 729 5377 914 5447; x_wconf 87' lang='lat' dir='ltr'><strong>utique</strong></span> <span class='ocrx_word' id='word_1_637' title='bbox 941 5373 1197 5430; x_wconf 86' lang='lat' dir='ltr'><strong>convenit</strong></span> <span class='ocrx_word' id='word_1_638' title='bbox 1227 5373 1612 5428; x_wconf 89' lang='lat' dir='ltr'><strong>nonnullorum</strong></span> <span class='ocrx_word' id='word_1_639' title='bbox 1636 5381 1870 5428; x_wconf 89' lang='lat' dir='ltr'><strong>mentem</strong></span> <span class='ocrx_word' id='word_1_640' title='bbox 1897 5374 1964 5427; x_wconf 82' lang='lat' dir='ltr'><strong>ad</strong></span> 
     </span>
    </p>
   </div>
   <div class='ocr_carea' id='block_1_89' title="bbox 2075 5366 3658 5447">
    <p class='ocr_par' dir='ltr' id='par_1_89' title="bbox 2079 5367 3658 5441">
     <span class='ocr_line' id='line_1_89' title="bbox 2079 5367 3658 5441; baseline 0.004 -21"><span class='ocrx_word' id='word_1_641' title='bbox 2079 5368 2336 5440; x_wconf 82' lang='grc' dir='ltr'>φέρεσθαί</span> <span class='ocrx_word' id='word_1_642' title='bbox 2377 5384 2536 5420; x_wconf 86' lang='grc' dir='ltr'>τινων</span> <span class='ocrx_word' id='word_1_643' title='bbox 2571 5367 2667 5428; x_wconf 84' lang='grc' dir='ltr'><strong>τὴν</strong></span> <span class='ocrx_word' id='word_1_644' title='bbox 2710 5367 2968 5422; x_wconf 59' lang='grc' dir='ltr'>διάνοιαν</span> <span class='ocrx_word' id='word_1_645' title='bbox 3006 5369 3056 5421; x_wconf 78' lang='grc' dir='ltr'>οἳ</span> <span class='ocrx_word' id='word_1_646' title='bbox 3095 5370 3224 5426; x_wconf 79' lang='grc' dir='ltr'>περὶ</span> <span class='ocrx_word' id='word_1_647' title='bbox 3250 5369 3318 5422; x_wconf 70' lang='grc' dir='ltr'>τὰ</span> <span class='ocrx_word' id='word_1_648' title='bbox 3360 5369 3658 5441; x_wconf 59' lang='grc' dir='ltr'>ἀπήμονα</span> 
     </span>
    </p>
   </div>
   <div class='ocr_carea' id='block_1_90' title="bbox 392 5461 1969 5533">
    <p class='ocr_par' dir='ltr' id='par_1_90' title="bbox 392 5461 1969 5533">
     <span class='ocr_line' id='line_1_90' title="bbox 392 5461 1969 5533; baseline -0.001 -14"><span class='ocrx_word' id='word_1_649' title='bbox 392 5463 708 5522; x_wconf 65' lang='lat' dir='ltr'><strong>Iudaeorum</strong></span> <span class='ocrx_word' id='word_1_650' title='bbox 752 5463 1032 5519; x_wconf 88' lang='lat' dir='ltr'><strong>labascere</strong></span> <span class='ocrx_word' id='word_1_651' title='bbox 1059 5472 1112 5517; x_wconf 90' lang='lat' dir='ltr'><strong>et</strong></span> <span class='ocrx_word' id='word_1_652' title='bbox 1151 5461 1266 5532; x_wconf 88' lang='lat' dir='ltr'><strong>rapi</strong></span> <span class='ocrx_word' id='word_1_653' title='bbox 1300 5462 1614 5533; x_wconf 88' lang='lat' dir='ltr'><strong>opiniones,</strong></span> <span class='ocrx_word' id='word_1_654' title='bbox 1649 5465 1742 5532; x_wconf 91' lang='lat' dir='ltr'><strong>qui</strong></span> <span class='ocrx_word' id='word_1_655' title='bbox 1777 5464 1846 5518; x_wconf 91' lang='lat' dir='ltr'><strong>ad</strong></span> <span class='ocrx_word' id='word_1_656' title='bbox 1880 5464 1969 5518; x_wconf 91' lang='lat' dir='ltr'><strong>in-</strong></span> 
     </span>
    </p>
   </div>
   <div class='ocr_carea' id='block_1_91' title="bbox 396 5552 1972 5625">
    <p class='ocr_par' dir='ltr' id='par_1_91' title="bbox 396 5552 1972 5625">
     <span class='ocr_line' id='line_1_91' title="bbox 396 5552 1972 5625; baseline 0 -17"><span class='ocrx_word' id='word_1_657' title='bbox 396 5568 630 5611; x_wconf 62' lang='lat' dir='ltr'><strong>ieceras</strong></span> <span class='ocrx_word' id='word_1_658' title='bbox 681 5557 929 5625; x_wconf 86' lang='lat' dir='ltr'><strong>corporis</strong></span> <span class='ocrx_word' id='word_1_659' title='bbox 979 5553 1156 5610; x_wconf 85' lang='lat' dir='ltr'><strong>nostri</strong></span> <span class='ocrx_word' id='word_1_660' title='bbox 1210 5561 1418 5625; x_wconf 88' lang='lat' dir='ltr'><strong>partes,</strong></span> <span class='ocrx_word' id='word_1_661' title='bbox 1475 5554 1724 5624; x_wconf 81' lang='lat' dir='ltr'><strong>mysterii</strong></span> <span class='ocrx_word' id='word_1_662' title='bbox 1754 5552 1972 5609; x_wconf 81' lang='lat' dir='ltr'><strong>Octavae</strong></span> 
     </span>
    </p>
   </div>
   <div class='ocr_carea' id='block_1_92' title="bbox 511 5719 1763 5793">
    <p class='ocr_par' dir='ltr' id='par_1_92' title="bbox 511 5719 1763 5793">
     <span class='ocr_line' id='line_1_92' title="bbox 511 5719 1763 5793; baseline 0.001 -17"><span class='ocrx_word' id='word_1_663' title='bbox 511 5720 554 5750; x_wconf 79' lang='lat'>&quot;‘</span> <span class='ocrx_word' id='word_1_664' title='bbox 588 5719 727 5778; x_wconf 81' lang='lat' dir='ltr'><strong>Psal.</strong></span> <span class='ocrx_word' id='word_1_665' title='bbox 753 5738 980 5786; x_wconf 71' lang='grc' dir='ltr'>ιιιιιιι,</span> <span class='ocrx_word' id='word_1_666' title='bbox 1017 5723 1129 5777; x_wconf 79' lang='grc'><strong>6-8.</strong></span> <span class='ocrx_word' id='word_1_667' title='bbox 1243 5724 1287 5754; x_wconf 79' lang='grc'><strong>³³</strong></span> <span class='ocrx_word' id='word_1_668' title='bbox 1314 5721 1548 5793; x_wconf 83' lang='lat' dir='ltr'><strong>Philipp.</strong></span> <span class='ocrx_word' id='word_1_669' title='bbox 1569 5737 1649 5790; x_wconf 82' lang='lat' dir='ltr'><strong>In,</strong></span> <span class='ocrx_word' id='word_1_670' title='bbox 1677 5723 1763 5777; x_wconf 79' lang='lat' dir='ltr'><strong>l5.</strong></span> 
     </span>
    </p>
   </div>
   <div class='ocr_carea' id='block_1_93' title="bbox 2075 5457 3661 5532">
    <p class='ocr_par' dir='ltr' id='par_1_93' title="bbox 2075 5457 3661 5532">
     <span class='ocr_line' id='line_1_93' title="bbox 2075 5457 3661 5532; baseline 0.003 -21"><span class='ocrx_word' id='word_1_671' title='bbox 2075 5461 2170 5511; x_wconf 80' lang='grc' dir='ltr'>τοῦ</span> <span class='ocrx_word' id='word_1_672' title='bbox 2203 5457 2452 5528; x_wconf 84' lang='grc' dir='ltr'>σώματος</span> <span class='ocrx_word' id='word_1_673' title='bbox 2470 5458 2621 5528; x_wconf 75' lang='grc' dir='ltr'>ἡμῶν</span> <span class='ocrx_word' id='word_1_674' title='bbox 2652 5458 2718 5511; x_wconf 79' lang='grc' dir='ltr'>τὸ</span> <span class='ocrx_word' id='word_1_675' title='bbox 2738 5459 3079 5530; x_wconf 80' lang='grc' dir='ltr'>μεγαλοφυὲς</span> <span class='ocrx_word' id='word_1_676' title='bbox 3103 5460 3198 5513; x_wconf 81' lang='grc' dir='ltr'>τοῦ</span> <span class='ocrx_word' id='word_1_677' title='bbox 3225 5462 3528 5531; x_wconf 70' lang='grc' dir='ltr'>μυστηρίου</span> <span class='ocrx_word' id='word_1_678' title='bbox 3553 5463 3661 5532; x_wconf 81' lang='grc' dir='ltr'>τῆς</span> 
     </span>
    </p>
   </div>
   <div class='ocr_carea' id='block_1_94' title="bbox 2092 5543 3660 5624">
    <p class='ocr_par' dir='ltr' id='par_1_94' title="bbox 2092 5543 3660 5624">
     <span class='ocr_line' id='line_1_94' title="bbox 2092 5543 3660 5624; baseline 0 -21"><span class='ocrx_word' id='word_1_679' title='bbox 2092 5543 2318 5620; x_wconf 76' lang='grc' dir='ltr'>Ὀγδόης</span> <span class='ocrx_word' id='word_1_680' title='bbox 2344 5548 2703 5619; x_wconf 73' lang='grc' dir='ltr'>κατάγοντες,</span> <span class='ocrx_word' id='word_1_681' title='bbox 2743 5552 2835 5605; x_wconf 84' lang='grc' dir='ltr'><strong>τὸν</strong></span> <span class='ocrx_word' id='word_1_682' title='bbox 2861 5551 2961 5623; x_wconf 81' lang='grc' dir='ltr'>τῆς</span> <span class='ocrx_word' id='word_1_683' title='bbox 2989 5552 3292 5624; x_wconf 80' lang='grc' dir='ltr'>περιτομῆς</span> <span class='ocrx_word' id='word_1_684' title='bbox 3320 5551 3510 5623; x_wconf 79' lang='grc' dir='ltr'>νόμον,</span> <span class='ocrx_word' id='word_1_685' title='bbox 3562 5551 3660 5605; x_wconf 71' lang='grc' dir='ltr'>καὶ</span> 
     </span>
    </p>
   </div>
   <div class='ocr_carea' id='block_1_95' title="bbox 1876 5720 2267 5783">
    <p class='ocr_par' dir='ltr' id='par_1_95' title="bbox 1876 5720 2267 5783">
     <span class='ocr_line' id='line_1_95' title="bbox 1876 5720 2267 5783; baseline -0.01 -7"><span class='ocrx_word' id='word_1_686' title='bbox 1876 5720 2087 5777; x_wconf 72' lang='lat' dir='ltr'><strong>&quot;Paul.</strong></span> <span class='ocrx_word' id='word_1_687' title='bbox 2128 5738 2179 5783; x_wconf 88' lang='lat' dir='ltr'><strong>v,</strong></span> <span class='ocrx_word' id='word_1_688' title='bbox 2225 5724 2267 5773; x_wconf 90' lang='grc' dir='ltr'>ι.</span> 
     </span>
    </p>
   </div>
  </div>
