3870 6220
181 303 288 354 είί⁸9

1612 309 1679 365 ΙΝ
1713 308 2054 365 PSALMOS.

3354 317 3461 373 610

179 418 242 469 το
274 418 419 490 μετά
443 418 543 490 τὴν
588 420 806 494 λοχείαν
861 422 1181 496 καθάρσιον,
1214 425 1309 480 καὶ
1349 425 1419 480 τὰ
1440 426 1669 481 τοιαῦτα
1688 427 1779 480 λέ-

1898 425 2260 483 ncellentiam
2313 422 2676 490 deducentcs,
2737 423 3181 481 circumcisiouis
3236 436 3291 481 et
3342 440 3466 500 post

182 527 340 579 γουσι
361 512 441 582 τῷ
466 514 688 585 ἀριθμῷ
712 519 813 587 τῆς
848 517 1069 587 Ὀγδόης
1086 519 1553 589 καταμηνύεσθαι.
1588 520 1777 589 Ἡμεῖς

182 603 241 656 δὲ
270 608 425 675 παρά
452 606 549 660 τοῦ
587 608 825 676 μεγάλου
855 608 1070 663 Παύλου
1109 610 1400 679 μαθόντες,
1437 613 1519 665 ὅτι
1562 614 1591 665 ὀ
1616 612 1779 682 νόμος

187 699 561 769 πνευματικός
594 702 733 764 ἐστι,
774 701 879 755 κᾶν
905 705 964 757 ὲν
1003 707 1117 767 τοῖς
1150 703 1566 775 μνημονευθεῐσι
1594 704 1780 773 νόμοις

185 793 215 845 ὁ
243 791 478 863 ἀριθμὸς
504 787 661 856 οὗτος
702 793 1035 865 ἐμφέρηται,
1086 794 1393 866 νομοθετῶν
1431 796 1527 849 καὶ
1558 795 1636 866 τῷ
1678 794 1781 865 ἄῤ-

189 884 305 955 ρενι
334 884 435 955 τὴν
481 886 807 957 περιτομὴν,
844 887 941 940 καὶ
968 890 1034 958 τῇ
1080 888 1302 956 γυναικὶ
1346 887 1444 959 τὴν
1474 888 1567 940 ἐπὶ
1612 886 1783 939 καθα-

191 974 389 1046 ρισμοῦ
437 975 630 1031 θυσίαν
654 993 667 1006 ·
715 975 842 1030 οῦτε
872 977 1253 1047 ἀποϐάλλομεν
1290 978 1382 1032 τὸν
1423 978 1608 1048 νόμον,
1655 974 1781 1029 οῦτε

188 1066 462 1131 ταπεινῶς
499 1067 832 1139 ἑκδεχόμεθα
852 1108 867 1133 ,
902 1069 1104 1133 εἰδότες
1130 1108 1146 1135 ,
1179 1071 1262 1124 ὅτι
1285 1069 1502 1140 ἀληθῶς
1528 1072 1593 1141 τῇ
1620 1068 1781 1141 ὀγδόῃ

191 1157 400 1225 γίνεται
427 1159 460 1229 ή
486 1158 1026 1232 άληθινὴξπεριτομὴ,
1047 1160 1138 1215 διὰ
1168 1162 1268 1232 τῆς
1297 1160 1558 1232 πετρίνης
1587 1161 1785 1231 μαχαί-

193 1266 294 1321 ρας
316 1251 709 1321 ἐνεργουμένη.
735 1252 898 1316 Νοετς
924 1252 983 1321 δὲ
1004 1252 1223 1316 πάντως
1246 1253 1336 1307 διὰ
1360 1253 1459 1325 τῆς
1478 1252 1785 1323 τεμνούσης

190 1343 249 1395 τὸ
276 1343 591 1414 ἀκάθαρτον
624 1345 851 1415 πέτρας,
894 1345 1065 1417 αὐτὴν
1087 1347 1188 1419 τὴν
1226 1346 1435 1418 πέτραν
1481 1346 1604 1416 ἥτις
1634 1346 1785 1398 ἐστὶν

190 1436 217 1485 ὁ
252 1432 491 1504 Χριστὸς
511 1475 526 1499 ,
556 1437 835 1505 τουτέστι,
877 1438 980 1509 τῆς
1010 1438 1270 1510 ἀληθείας
1298 1442 1327 1492 ὁ
1361 1439 1539 1507 λόγος’
1568 1438 1663 1492 καὶ
1702 1438 1784 1491 ὅτι

191 1523 316 1576 τότε
364 1524 600 1579 παύεται
642 1528 675 1596 ἠ
725 1528 955 1598 ρυπῶσα
992 1528 1100 1582 τῶν
1141 1527 1234 1583 τοῦ
1291 1528 1408 1599 βίου
1445 1526 1787 1599 πραγμάτων

194 1616 387 1685 ῥύσις,
453 1619 554 1687 τῆς
599 1618 949 1691 ἀνθρωπίνης
1006 1620 1150 1690 ζωῆς
1207 1620 1790 1692 μεταστοιχειωθείσης

192 1708 334 1778 πρὸς
394 1710 454 1762 τὸ
514 1710 808 1783 θειότερον.
874 1713 963 1775 Ὠς
1006 1712 1051 1766 δ’
1086 1712 1151 1767 ἂν
1194 1714 1331 1766 πᾶσι
1379 1714 1591 1782 γένοιτο
1629 1713 1788 1783 δῆλον

1880 518 2233 590 puerperium
2274 516 2675 587 puriﬁcationis
2734 516 2928 587 legem,
2991 533 3054 571 ac
3108 519 3231 571 talia
3270 518 3465 575 dicunt

1882 624 2113 664 numero
2151 607 2370 663 Octava:
2420 605 2742 677 signiﬁcari.
2778 604 2892 661 Nos
2943 596 3126 660 autem
3179 621 3209 658 a
3265 620 3468 676 magno

1882 700 2053 755 Paulo
2098 700 2268 767 docti,
2314 699 2461 769 quod
2495 700 2580 753 lex
2609 697 2913 769 spiritualis
2943 698 3015 753 sit
3036 699 3103 764 ἰ,
3145 697 3375 754 etiamsi
3411 700 3469 755 in

1883 793 2200 847 memoratis
2247 791 2459 862 legibus
2485 790 2578 845 hic
2618 804 2885 846 numerus
2914 791 3286 855 contineatur,
3328 807 3470 861 pra:-

1885 885 2136 939 scribens
2190 891 2246 939 et
2294 882 2544 937 masculo
2574 880 3083 945 circumcisionem,
3142 890 3196 937 et
3251 884 3469 938 mulieri

1886 974 2285 1046 puriﬁcationis
2345 974 2566 1029 nomine
2618 973 2950 1028 sacriﬁcium
3000 982 3056 1029 et
3108 975 3469 1040 oblationem,

1887 1082 2067 1137 neque
2096 1066 2292 1120 humili
2320 1074 2483 1135 atque
2508 1065 2720 1136 abjecta
2749 1073 2933 1121 mente
2956 1081 3077 1121 eam
3102 1066 3471 1132 admittimus,

1888 1161 2127 1215 scientes
2160 1158 2307 1229 quod
2360 1158 2554 1229 procul
2610 1158 2779 1213 dubio
2817 1167 3014 1213 octavo
3061 1157 3149 1213 die
3197 1175 3325 1214 vera
3362 1161 3475 1214 cir-

1888 1251 2152 1307 cumcisio
2203 1251 2317 1314 ﬁat,
2348 1266 2469 1321 quae
2501 1265 2601 1321 per
2637 1250 2912 1322 lapideum
2946 1249 3184 1305 cultrum
3238 1251 3475 1306 admini-

1888 1352 2117 1400 stratur.
2155 1344 2418 1413 lntelligis
2451 1351 2634 1398 autem
2676 1359 2905 1415 prorsus
2951 1358 3051 1413 per
3106 1343 3340 1414 lapidem
3379 1344 3477 1416 qui

1890 1436 2165 1506 impurum
2218 1444 2271 1491 et
2323 1436 2666 1491 immundum
2703 1435 2926 1500 scindit,
2981 1436 3161 1506 ipsum
3212 1436 3474 1506 lapidem,

1891 1529 1985 1597 qui
2020 1533 2103 1584 est
2132 1526 2388 1581 Christus
2411 1527 2479 1591 ”,
2510 1528 2615 1581 hoc
2654 1534 2738 1581 est
2762 1526 3008 1581 veritatis
3035 1541 3238 1589 sermo,
3259 1528 3473 1598 etquod

1896 1630 2028 1674 tunc
2083 1620 2323 1674 humana
2357 1620 2468 1673 vita
2526 1619 2594 1673 ad
2642 1620 2967 1674 diviniorem
2998 1629 3052 1674 et
3101 1620 3477 1690 augustiorem

1894 1711 2125 1768 formam
2152 1710 2425 1776 traducta,
2454 1710 2676 1765 ﬁnietur
2701 1711 2957 1767 sordidus
2987 1715 3327 1783 negotiorum
3353 1713 3482 1767 vitae

188 1796 253 1848 τὸ
291 1797 351 1851 ὲν
397 1798 509 1859 τοῖς
554 1798 817 1862 τοιούτοις
854 1798 1181 1869 νοούμενον,
1229 1800 1582 1872 σαφέστερον,
1641 1801 1790 1864 ὅπως

1898 1804 2099 1857 lluxus.
2146 1800 2217 1856 Ut
2260 1809 2439 1855 autem
2481 1801 2736 1855 omnibus
2770 1776 3124 1857 manifestum
3164 1802 3282 1869 fiat,
3332 1803 3485 1873 quod

189 1885 257 1938 ἂν
294 1880 409 1952 οἷός
441 1905 500 1942 τε
526 1887 572 1943 ῶ
590 1928 607 1952 ,
632 1890 722 1944 τὸν
748 1890 905 1959 λόγον
932 1891 1259 1962 ἐκθήσομαι.
1303 1893 1363 1947 '0
1394 1891 1491 1947 τοῦ
1529 1892 1644 1963 βίου
1674 1891 1795 1946 τού-

190 1994 287 2029 του
336 1979 530 2048 χρόνος
576 1980 635 2031 ὲν
684 1983 751 2053 τῇ
810 1981 1008 2055 πρώτῃ
1054 1984 1391 2056 δημιουργίᾳ
1430 1985 1531 2055 τῆς
1559 1984 1793 2049 κτίσεως

188 2068 281 2123 διὰ
312 2072 443 2140 μιᾶς
481 2071 772 2143 ἑϐδομάδος
799 2073 1024 2144 ἡμερῶν
1054 2074 1469 2147 συνεπληρώθη·
1504 2075 1705 2146 ἤρξατό
1731 2093 1792 2129 τε

186 2160 303 2231 γάρ
339 2161 449 2215 ἀπὸ
484 2162 585 2232 τῆς
635 2163 859 2235 πρώτης
902 2166 936 2236 ἠ
980 2164 1090 2219 τῶν
1118 2165 1287 2221 ὄντων
1317 2168 1663 2239 δημιουργία,
1696 2168 1793 2224 καὶ

186 2256 255 2324 τῇ
290 2254 499 2327 ἑϐδόμῃ
519 2256 890 2327 συγκατέληξε
906 2258 968 2312 τὸ
993 2260 1173 2331 πέρας
1200 2260 1301 2329 τῆς
1325 2263 1605 2323 κτίσεως.‹
1640 2260 1799 2328 Ἑγέ-

188 2365 347 2401 νετοι
371 2348 479 2419 γὰρ
506 2368 524 2399 ι
550 2350 736 2422 ἡμέρα
760 2352 911 2421 μία.»
938 2354 1199 2422 φησὶν,ὲν
1268 2353 1339 2406 τά
1351 2353 1546 2425 πρῶτα
1560 2353 1796 2423 ἐγένετο·

189 2440 291 2493 καὶ
316 2438 492 2502 οὕτως
523 2441 581 2493 ὲν
605 2444 672 2511 τῇ
698 2441 933 2514 δευτέρᾳ
954 2442 1024 2496 τὰ
1053 2444 1284 2515 δεύτερα
1305 2484 1321 2508 ,
1345 2445 1440 2499 καὶ
1484 2444 1796 2510 ἀκολούθως

187 2533 301 2595 ἓως
344 2534 454 2586 τῶν
487 2533 546 2601 ἒξ
576 2535 813 2589 ἅπαντα.
877 2538 942 2591 Ἦ
988 2537 1044 2590 δὲ
1079 2538 1280 2609 ἑϐδόμη
1328 2538 1503 2610 πέρας
1524 2539 1793 2609 γενομένη

184 2625 294 2694 τῆς
319 2626 576 2689 κτίσεως,
613 2628 672 2681 ὲν
700 2627 867 2700 ἑαυτῇ
900 2629 1243 2702 περιέγραψε
1275 2630 1366 2685 τὸν
1394 2647 1800 2703 συμπαρεκτει-

187 2717 424 2787 νόμενον
453 2721 518 2789 τῇ
552 2723 866 2792 κατασκευῇ
894 2720 990 2774 τοῦ
1022 2722 1231 2793 κόσμου
1258 2722 1470 2793 χρόνον.

1898 1909 1997 1964 per
2026 1892 2156 1947 talia
2198 1892 2533 1963 intelligatur
2557 1935 2571 1958 ,
2602 1907 2716 1946 rem
2748 1890 2818 1947 de
2850 1908 2959 1963 qua
2987 1893 3185 1964 agitur,
3219 1908 3320 1963 pro
3346 1893 3489 1948 viri—

1898 1987 2002 2042 bus
2034 1986 2278 2056 apertius
2302 1999 2594 2054 exponam.
2620 1982 2795 2054 Hujus
2825 1983 2955 2039 vitaa
2977 1993 3192 2056 tempus
3218 1986 3273 2041 in
3303 1986 3483 2057 prima

1900 2080 1992 2133 illa
2034 2078 2381 2133 institutione
2426 2084 2693 2131 creaturae
2737 2091 2835 2147 per
2865 2091 3032 2131 unam
3064 2077 3276 2133 dierum
3309 2080 3482 2149 septi-

1900 2184 2119 2223 manam
2146 2169 2478 2239 completum
2514 2174 2620 2225 est.
2659 2168 2795 2223 Nam
2824 2177 2879 2223 et
2910 2183 2941 2223 a
2974 2170 3062 2224 die
3084 2170 3259 2240 prima
3293 2185 3480 2225 rerum

1900 2260 2284 2313 universarum
2352 2256 2632 2327 opiﬁcium
2693 2257 3011 2312 institutum
3069 2263 3175 2322 est,
3237 2265 3293 2313 et
3352 2271 3481 2311 cum

1901 2347 2135 2417 septima
2168 2346 2292 2401 linis
2320 2347 2621 2401 creatiouis
2652 2345 2756 2401 fuit
2778 2347 2844 2400 ³⁸.
2886 2345 3126 2402 «Factus
3154 2356 3239 2403 est
3259 2366 3279 2400 ι
3312 2346 3481 2411 enim,

1902 2441 2103 2511 inquit,
2136 2459 2154 2491 ι
2176 2440 2295 2495 dies
2322 2455 2519 2503 unus,»
2551 2439 2606 2493 in
2631 2454 2741 2510 quo
2764 2440 2939 2510 prima
2968 2439 3110 2495 facta
3138 2448 3297 2497 sunt:
3322 2452 3489 2511 atque

1902 2536 1979 2591 ita
2020 2537 2076 2590 in
2135 2533 2400 2601 secundo,
2461 2534 2740 2590 secunda:
2791 2548 2855 2589 ac
2893 2534 3153 2604 deinceps
3198 2540 3376 2605 usque
3416 2535 3486 2589 ad

1903 2635 2142 2691 sextum,
2180 2627 2459 2683 universa.
2497 2625 2778 2698 Septimus
2825 2636 3006 2683 autem
3051 2643 3176 2682 cum
3214 2628 3489 2684 terminus

1903 2716 2200 2773 creationis
2225 2717 2557 2783 exstitisset,
2590 2717 2648 2772 in
2678 2731 2738 2773 se
2765 2716 3209 2788 circumscripsit
3244 2726 3489 2789 tempus.

188 2814 347 2883 quod
400 2814 621 2870 interim
670 2815 801 2872 dum
862 2817 1106 2874 mundus
1155 2828 1462 2884 crearetur,
1513 2818 1944 2888 transigebatur.

279 2905 372 2968 Ὠς
425 2906 605 2958 τοίνυν
637 2904 762 2960 οὔτε
792 2906 1022 2979 οὐρανὸς
1050 2908 1110 2975 ἐξ
1137 2908 1345 2962 ἐκείνου
1390 2910 1633 2979 γέγονεν,
1668 2907 1793 2963 οὔτε

188 3014 244 3052 τι
275 2998 466 3069 ἕτερον
506 2998 614 3049 τῶν
648 2997 743 3051 τοῦ
784 2999 992 3070 κόσμου
1030 3000 1213 3073 μερῶν
1247 3002 1554 3074 προσετέθη
1586 3005 1701 3066 τοῖς
1735 3001 1795 3067 ἐξ

1973 2901 2045 2959 Ut
2071 2902 2243 2974 igitur
2287 2918 2468 2974 neque
2497 2904 2699 2958 caelum
2734 2920 2801 2959 ex
2836 2903 2934 2958 illo
2960 2914 3206 2974 tempore
3259 2904 3489 2972 factum,

1904 3009 2083 3065 neque
2130 2992 2322 3047 mundi
2373 2994 2556 3063 aliqua
2592 3009 2721 3064 pars
2759 2994 2827 3049 iis
2860 3008 2985 3064 quae
3026 2995 3096 3049 ab
3133 2994 3291 3050 initio
3343 2996 3490 3051 facta

190 3089 377 3160 ἀιιχῆς
426 3089 728 3158 γεγονόσιψ
772 3092 888 3144 ἀλλ’
946 3087 1218 3164 ἔστηνὲφ’
1269 3095 1472 3164 ἑαυτῆς
1524 3096 1558 3165 ἡ
1593 3094 1790 3160 κτίσις,

1905 3094 2053 3149 sunt,
2085 3084 2299 3153 adjecta
2325 3091 2430 3150 est,
2463 3084 2559 3140 sed
2596 3086 2841 3141 constitit
2876 3086 2933 3140 in
2963 3086 3143 3155 scipsa
3170 3086 3373 3141 nullius
3403 3087 3494 3141 in-

192 3182 511 3254 ἀπροσδεὴς
540 3182 634 3234 καὶ
664 3182 935 3252 άμείωτος
966 3185 1024 3238 ὲν
1046 3186 1159 3249 τοῖς
1192 3184 1413 3257 μέτροις
1445 3186 1649 3257 ἑαυτῆς
1679 3186 1795 3240 δια-

198 3274 441 3345 μείνασα
462 3290 473 3302 ’
504 3273 678 3336 οὕτως
702 3273 826 3328 οὔτε
853 3277 1045 3347 χρόνος
1077 3278 1233 3341 ἄλλος
1266 3279 1372 3332 ὑπὸ
1401 3279 1492 3333 τὸν
1523 3282 1588 3350 τῇ
1620 3298 1797 3352 παρα-

195 3368 373 3437 σκευῇ
423 3364 518 3417 τοῦ
563 3365 772 3435 κόσμου
821 3368 1307 3439 συναναδειχθὲντα
1356 3370 1606 3439 ἐγένετο·
1666 3370 1799 3425 ἀλλά

194 3456 545 3529 περιωρίσθη
596 3460 661 3527 τῇ
702 3458 958 3529 ἑϐδομάδι
1004 3459 1111 3515 τῶν
1163 3461 1383 3533 ἡμερῶν
1418 3462 1573 3533 ἠτοῦ
1606 3464 1797 3534 χρόνου

197 3548 387 3618 φύσις.
443 3547 554 3600 Καὶ
601 3548 791 3601 τούτου
832 3549 994 3620 χάριν
1041 3552 1121 3603 ὅτ’
1160 3552 1227 3604 ἂν
1275 3552 1637 3625 ὲκμετρῶμεν
1678 3555 1801 3616 ταῖς

198 3643 444 3715 ἡμέραις
480 3644 572 3697 τὸν
601 3645 814 3716 χρόνον,
851 3645 961 3698 ἀπὸ
989 3646 1087 3713 τῆς
1126 3647 1261 3715 μιᾶς
1284 3646 1577 3716 ἀρχόμενοι
1609 3646 1704 3698 καὶ
1732 3646 1797 3715 τῇ

200 3736 416 3809 ἑϐδόμῃ
460 3736 551 3789 τὸν
598 3722 831 3808 ἀριθμὸν
871 3738 1310 3800 κατακλείοντες·
1353 3738 1516 3791 πάλιν
1567 3738 1660 3790 ἐπὶ
1702 3735 1801 3807 τὴν

205 3829 341 3899 μίαν
369 3826 790 3899 ἀναποδίζομεν,
826 3828 917 3883 ἀεὶ
945 3828 1036 3881 διὰ
1065 3828 1160 3881 τοῦ
1189 3828 1392 3882 κύκλου
1430 3829 1539 3883 τῶν
1574 3828 1803 3900 ἑϐδομά-

200 3923 314 3975 δων
359 3922 799 3993 ἀναμετροῦντες
850 3922 973 3975 ὅλον
1019 3922 1081 3974 τὸ
1130 3921 1225 3975 τοῦ
1266 3922 1459 3993 χρόνου
1501 3923 1797 3993 διάστημαο

200 4013 315 4075 ῑως
351 4012 418 4065 ἂν
453 4012 834 4083 παρελθόντων
876 4012 985 4065 τῶν
1011 4012 1368 4083 κινουμένων,
1398 4014 1493 4066 καὶ
1521 4012 1806 4083 παυσαμὲ-

201 4124 305 4175 νης
333 4105 465 4158 ποτὲ
486 4105 586 4173 τῆς
612 4104 845 4174 ροὠδους
869 4106 1158 4173 κινήσεως,
1189 4105 1371 4170 καθώς
1402 4123 1565 4177 φησιν
1582 4108 1611 4159 ό
1645 4105 1806 4158 Ἀπό-

1900 3192 2067 3247 super
2118 3177 2195 3231 rei
2249 3191 2421 3246 egena
2470 3175 2962 3249 diminutionisque
3009 3194 3207 3249 expers
3256 3181 3313 3234 in
3375 3180 3496 3237 suis

1900 3269 2080 3324 modis
2128 3283 2455 3338 permanens
2482 3279 2735 3324 creatura
2772 3288 2786 3323 :
2839 3270 2913 3324 ita
2948 3286 3125 3341 neque
3152 3279 3367 3342 tempus
3398 3288 3495 3328 ex-

1904 3360 2041 3414 stitit
2074 3360 2245 3412 ullum
2285 3360 2433 3413 aliud
2483 3368 2684 3430 praeter
2710 3360 2786 3425 id,
2824 3361 2971 3431 quod
2999 3377 3105 3417 una
3150 3377 3274 3416 cum
3321 3360 3496 3417 fabri-

1903 3454 2120 3506 catione
2156 3451 2347 3505 mundi
2386 3453 2733 3522 designatum
2765 3462 2869 3517 est,
2922 3453 3018 3509 sed
3066 3454 3279 3509 dierum
3319 3456 3491 3526 septi-

1903 3560 2067 3599 mana
2121 3546 2384 3615 temporis
2428 3555 2625 3599 natura
2667 3544 2891 3601 deﬁnita
2929 3554 3033 3602 est.
3076 3547 3253 3618 Atque
3288 3549 3391 3603 hac
3425 3551 3497 3604 de

1901 3648 2091 3700 causa,
2134 3649 2260 3689 cum
2304 3633 2499 3689 diebus
2530 3642 2748 3706 tempus
2790 3638 3068 3700 metimur,
3100 3639 3168 3692 ab
3209 3654 3321 3693 uno
3355 3640 3495 3695 inci-

1904 3726 2120 3795 pientes
2154 3734 2209 3781 ct
2252 3727 2487 3796 septimo
2514 3743 2803 3782 numerum
2836 3730 3253 3794 concludentes,
3298 3747 3497 3788 rursus

1906 3817 1973 3870 ad
2011 3834 2182 3872 unum
2216 3819 2579 3889 regredimur,
2611 3837 2707 3891 per
2740 3822 3004 3876 ambitum
3035 3823 3492 3893 septimanarum,

1907 3926 2125 3980 semper
2156 3920 2331 3967 totum
2361 3913 2628 3983 temporis
2651 3914 2889 3983 spatium
2914 3916 3289 3981 remetientes,
3317 3915 3495 3973 donec

1905 4002 2198 4071 praeteritis
2228 4004 2297 4059 iis
2324 4020 2446 4074 quae
2472 4012 2784 4069 moventur,
2817 4004 3072 4077 ﬂuxoque
3109 4014 3283 4074 motu,
3320 4015 3376 4062 ut
3408 4009 3499 4063 in-

1908 4095 2027 4164 quit
2065 4095 2361 4166 Apostolus
2382 4099 2450 4162 ",
2480 4098 2783 4168 aliquando
2827 4107 3103 4163 cessante,
3134 4101 3387 4156 venerint
3406 4116 3493 4164 ea,

204 4197 421 4261 στολος,
456 4195 586 4271 ἔλθῃ
614 4197 682 4250 τά
715 4197 910 4268 μηκέτι
936 4198 1289 4268 σαλευόμενα,
1313 4192 1388 4251 ὧν
1412 4197 1683 4268 μεταϐολὴ
1710 4197 1806 4250 κα)⁸

202 4287 497 4350 ἀλλοίωσις
548 4286 732 4339 οὐκέτι
768 4286 1002 4341 ἅπτεται
1023 4326 1043 4351 ,
1093 4289 1155 4341 ὲν
1186 4290 1298 4350 τοῖς
1329 4288 1514 4351 αὐτοῖς
1544 4285 1790 4350 ὡσαύτως

1907 4282 2169 4353 deinceps
2197 4284 2451 4339 alteratio
2480 4286 2823 4355 mutatioque
2864 4300 2973 4339 non
3006 4286 3244 4355 amplius
3277 4287 3497 4357 attingit

206 4380 298 4431 del.
328 4377 465 4448 πρὸς
492 4378 619 4440 τοὺς
639 4377 838 4446 ἐφεξῆς
864 4376 1067 4442 αἰῶνας
1090 4377 1449 4450 διαμενούσης
1471 4379 1685 4448 ἐκείνης
1707 4378 1790 4447 τῆς

1908 4375 1965 4430 in
1987 4377 2215 4441 eisdem,
2252 4378 2444 4433 eodem
2469 4378 2636 4433 modo
2664 4393 2880 4448 semper
2911 4378 2965 4432 in
2989 4378 3272 4449 sequentia
3299 4379 3496 4434 saecula

204 4470 471 4533 κτίσεως,
506 4471 564 4523 ὲν
673 4469 883 4537 γίνεται
928 4472 962 4541 ἡ
1000 4469 1229 4541 ἀληθινὴ
1264 4469 1537 4542 περιτομὴ
1572 4471 1672 4540 τῆς
1708 4470 1790 4523 ἀν-

1913 4480 2168 4525 manente
2200 4472 2289 4526 illa
2318 4480 2594 4539 creatura,
2622 4473 2677 4527 in
2706 4486 2813 4543 qua
2842 4487 2972 4527 vera
3005 4471 3257 4526 humana:
3291 4481 3499 4526 natura:

206 4559 502 4633 0min;
519 4558 733 4625 φύσεως
763 4561 822 4611 ὲν
848 4562 915 4629 τῇ
936 4559 1038 4629 τῆς
1066 4559 1387 4630 σωματικῆς
1413 4558 1560 4630 ζωῆς
1592 4575 1790 4630 περιαι-

1913 4562 2265 4616 circumcisio
2315 4579 2413 4632 per
2464 4563 2868 4635 ademptionem
2908 4563 3033 4617 vita:
3066 4564 3391 4633 corporalis.
3444 4570 3501 4619 et

207 4655 385 4728 ρέσει,
412 4653 509 4707 καὶ
529 4652 592 4705 τὸ
612 4650 866 4721 ἀληθινὸν
886 4650 1183 4724 καθάρσιον
1204 4650 1297 4704 τοῦ
1317 4650 1572 4721 ἀληθινοῦ
1606 4650 1790 4722 ῥύπου,

1910 4670 2039 4709 vera
2070 4654 2380 4724 puriﬁcatio
2407 4670 2662 4711 verarum
2686 4657 2930 4713 sordium
2960 4656 3036 4712 ﬁt.
3078 4656 3282 4712 Sordes
3314 4664 3498 4711 autem

218 4747 428 4809 Ῥύπας
458 4746 515 4800 δὲ
546 4743 833 4817 ἀνθρώπου
865 4746 900 4815 ἡ
933 4744 1197 4816 ἁμαρτία,
1236 4745 1272 4815 ἠ
1303 4744 1790 4814 συναποτικτομὲντ

1913 4746 2154 4802 hominis
2184 4758 2479 4817 peccatum
2506 4757 2611 4812 est,
2644 4748 2789 4819 quod
2819 4765 2935 4804 una
2959 4764 3084 4803 cum
3118 4749 3360 4803 humana
3377 4748 3500 4804 edi—

1909 4202 2032 4257 quae
2088 4204 2200 4243 non
2259 4190 2500 4260 amplius
2550 4189 2840 4254 ﬂuctuant,
2898 4198 2954 4245 et
2998 4193 3304 4262 agitantur;
3375 4208 3498 4262 qua

213 4844 277 4911 τῇ
316 4836 637 4910 ἀνθρωπίνῃ
660 4835 822 4905 φύσει
857 4835 960 4903 (ὅτι
998 4852 1017 4886 ι
1044 4835 1102 4887 ὲν
1126 4834 1422 4905 ἁμαρτίαις
1450 4835 1711 4907 ὲκίσσησέ
1736 4854 1790 4905 με

1909 4848 2003 4895 tur
2024 4849 2241 4906 natura,
2266 4842 2524 4911 quoniam
2558 4861 2577 4893 ο
2598 4843 2655 4896 in
2682 4842 2922 4912 peccatis
2945 4842 3198 4912 concepit
3219 4857 3307 4896 me
3326 4850 3506 4897 mater

211 4935 253 5005 ἡ
278 4933 468 5003 μήτηρ
499 4946 597 5000 μου
633 4947 653 4981 ι
673 4928 715 4993 ),
749 4929 815 4997 ἢν
846 4929 875 4981 ὀ
898 4927 989 4981 τὸν
1019 4926 1364 4999 καθαρισμὸν
1387 4927 1496 4980 τῶν
1521 4926 1790 4999 ἁμαρτιῶι

1910 4948 2029 4987 mea
2054 4933 2128 4987 ’λι
2152 4952 2171 4985 ο
2210 4934 2359 5003 quod
2389 4946 2675 5004 peccatum
2705 4935 2753 4989 is
2779 4934 2871 5004 qui
2905 4933 3347 5003 purificationem
3369 4948 3505 5003 pec-

209 5021 379 5093 ήμῶν
436 5018 830 5089 ποιησάμενος,
882 5018 1007 5070 τότε
1058 5017 1139 5079 εἰς
1188 5017 1249 5070 τὸ
1296 5018 1405 5073 πᾶν
1463 5018 1790 5088 ἐκκαθαίρει.

1903 5030 2152 5078 catorum
2178 5034 2495 5078 nostrorum
2518 5023 2777 5090 confecit,
2814 5033 2945 5079 tunc
2972 5026 3026 5079 in
3062 5025 3379 5079 universum
3405 5039 3501 5079 ex-

214 5114 588 5184 ἐξαναλίσκων
625 5114 689 5166 ὲκ
724 5110 823 5181 τῆς
851 5109 959 5163 τῶν
983 5108 1150 5162 ὄντων
1185 5107 1401 5177 φύσεως
1430 5110 1537 5161 πᾶν
1563 5109 1685 5162 ὅσον
1717 5110 1790 5162 αἱ·

1904 5122 2121 5183 purgat,
2158 5115 2456 5170 absumens
2477 5130 2542 5169 ac
2568 5117 2768 5171 tollens
2794 5133 2862 5171 ex
2892 5131 3077 5171 rerum
3101 5125 3300 5169 natura
3333 5115 3496 5185 quid-

219 5206 471 5281 ματῶδές
498 5222 558 5258 τε
595 5205 691 5259 καὶ
730 5201 975 5273 ῥυπαρὸν
1003 5202 1099 5255 καὶ
1142 5201 1495 5273 ἀκρόϐυστον.
1526 5200 1636 5254 Καὶ
1663 5199 1790 5254 οὖτα

1909 5204 2039 5274 quid
2090 5205 2172 5259 vel
2212 5216 2498 5260 cruentum
2547 5209 2629 5260 vel
2664 5208 2943 5261 sordidum
2976 5209 3058 5262 vel
3106 5206 3497 5277 praeputiosum

216 5299 492 5375 δεχόμεθα
514 5298 606 5351 τὸν
628 5297 757 5367 περὶ⁵
786 5296 889 5366 τῆς
920 5294 1144 5365 Ὀγδόης
1158 5296 1446 5365 νόμον,τδν
1475 5294 1790 5365 καθαίροντό

1908 5304 2014 5351 est.
2068 5296 2246 5367 Atque
2297 5299 2371 5352 ita
2407 5299 2715 5367 accipimus
2755 5299 2930 5368 legem
2987 5299 3056 5354 de
3091 5297 3336 5353 Octava:
3378 5312 3503 5369 qua:

218 5410 281 5446 τε
327 5392 426 5446 καὶ
455 5388 877 5460 οπεριτέμνοντα⁸
921 5386 1055 5439 διότι
1089 5385 1181 5438 τοῦ
1210 5386 1566 5457 ἑϐδοματικοῦ
1606 5404 1790 5441 παυσα

1918 5389 2009 5443 lex
2041 5399 2233 5459 purget
2282 5392 2489 5460 pariter
2520 5400 2575 5445 et
2616 5389 2996 5454 circumcidat,
3038 5397 3323 5460 propterea
3354 5388 3502 5458 quod

222 5484 388 5553 μένου
433 5480 659 5551 χρόνου,
711 5480 1036 5549 ἐνστήσεται
1091 5479 1273 5551 ἡμέρα
1318 5480 1477 5551 ὀγδόη
1533 5478 1671 5551 μετά
1710 5480 1790 5550 τὴε

1919 5484 2313 5553 septimanario
2343 5491 2589 5555 tempore
2622 5483 2797 5550 ﬁnito,
2838 5493 2960 5554 post
3009 5483 3299 5553 septimum
3332 5482 3507 5537 insta—

224 5571 484 5641 ἑϐδόμην·
512 5572 673 5644 ὀγδόη
705 5572 804 5645 μὲν
830 5573 1098 5644 λεγομένη
1120 5612 1140 5640 ,
1166 5573 1250 5626 ὅτι
1284 5573 1422 5644 μετά
1450 5572 1548 5644 τὴν
1574 5572 1790 5645 ὲϐδόμητ

1918 5574 2139 5631 bitdies
2178 5582 2445 5642 octavus;
2477 5576 2569 5645 qui
2600 5583 2832 5632 octavus
2861 5575 3082 5647 quidem
3116 5573 3341 5641 dicitur,
3369 5574 3503 5645 quia

295 5730 346 5770 ιδ
374 5728 654 5798 Bonum,
684 5730 772 5787 M.
883 5731 928 5764 "
960 5730 1120 5789 [Ωον.
1157 5746 1213 5797 x,
1244 5729 1298 5783 ό.
1374 5730 1423 5763 ⁸⁸
1453 5728 1588 5786 Gen.
1615 5744 1655 5800 ι,
1690 5728 1743 5787 5.

1899 5730 2078 5788 lCor.
2109 5745 2204 5796 vn,
2242 5729 2333 5783 5|.
2411 5730 2455 5761 "
2486 5726 2632 5784 Psal.
2658 5745 2711 5795 ι,
2736 5730 2789 5783 7.
