3870 6220
364 281 458 332 :ill
1571 287 1627 339 S.
1683 285 2008 344 GREGORII
2049 291 2342 350 NYSSENI

3519 292 3636 348 612

363 405 486 466 post
515 400 812 472 septimum
835 400 1085 467 exsistit;
1111 401 1322 457 numeri
1353 415 1481 456 vero
1507 403 1938 460 vicissitudinem

2043 412 2273 480 γίνεται,
2305 411 2485 467 οὐκέτι
2510 413 2564 467 δέ
2588 413 2686 485 τὴν
2711 412 2804 467 τοῦ
2837 411 3071 485 ἀριθμοῦ
3101 409 3350 482 διαδοχὴν
3381 411 3469 479 ἐφ’
3498 411 3634 463 ἐαυ-

365 493 421 548 in
460 509 582 549 sese
617 509 727 548 non
761 493 996 564 amplius
1046 494 1304 548 admittit.
1339 491 1494 549 Unus
1527 495 1671 549 enim
1713 496 1768 550 in
1819 512 1945 568 per-

366 595 588 658 petuum
617 588 766 642 nulla
791 603 1030 644 unquam
1068 596 1338 642 nocturna
1371 589 1606 659 caligine
1638 590 1944 661 diremptus

363 687 670 748 permanet.
719 678 874 735 Alius
917 679 1062 734 enim
1102 693 1227 733 eum
1259 678 1431 734 efﬁcit
1475 681 1589 747 sol;
1629 679 1722 750 qui
1760 697 1942 736 veram

363 787 467 826 suo
490 772 700 842 fulgore
731 773 906 826 lucem
936 773 1068 836 edit.
1099 774 1190 842 qui
1215 780 1570 844 posteaquam
1594 774 1753 830 nobis
1775 775 1945 830 semel

367 863 626 927 illuxerit,
678 874 736 919 ut
789 865 972 935 inquit
1001 867 1386 936 Apostolus”,
1439 867 1696 936 deinceps
1742 881 1944 922 occasu

363 969 474 1006 non
504 955 837 1016 occultatur,
875 953 971 1010 scd
1000 956 1185 1009 omnia
1219 956 1605 1010 illuminatrice
1630 957 1679 1010 vi
1701 973 1801 1011 sua
1829 972 1947 1010 am-

363 1043 554 1113 plexus
595 1052 919 1115 perpetuum
958 1046 1165 1115 pariter
1199 1061 1262 1099 ac
1299 1045 1701 1100 vicissitudinis
1747 1061 1945 1116 expers

363 1135 546 1189 lumen
576 1135 758 1206 dignis
790 1135 1093 1206 ingenerat.
1131 1135 1295 1190 etiam
1340 1137 1508 1204 ipsus.
1552 1137 1644 1205 qui
1678 1137 1823 1192 illius
1859 1137 1945 1190 lu-

363 1223 529 1278 minis
553 1224 850 1294 participes
879 1222 1104 1291 fuerint,
1133 1225 1271 1280 alios
1288 1225 1433 1278 soles
1449 1226 1728 1282 efficiens:
1754 1242 1945 1296 quem-

361 1317 657 1374 admodum
702 1319 758 1373 in
790 1319 1086 1390 Evangelia
1133 1318 1326 1377 Sermo
1371 1321 1536 1378 dicit:
1578 1343 1596 1374 ‹
1623 1323 1780 1380 Tunc
1805 1324 1943 1394 justi

361 1408 646 1480 fulgebunt
695 1419 754 1464 ut
793 1411 875 1468 sol
898 1411 962 1465 '°.
978 1431 996 1462 ι

431 1504 702 1571 Quoniam
727 1507 892 1577 igitur
934 1508 988 1562 in
1021 1508 1293 1580 superiori
1330 1509 1539 1580 psalmo
1579 1525 1677 1580 pro
1709 1525 1793 1577 ea,
1825 1527 1946 1581 qua:

360 1595 735 1651 hatreditatem
757 1599 924 1668 capit,
939 1614 1245 1654 sermonem
1270 1599 1426 1654 fecit:
1453 1601 1740 1656 lucreditas
1762 1609 1944 1656 autem

360 1690 417 1744 in
432 1687 637 1745 Octava
653 1689 834 1762 dignis
849 1692 1087 1762 reposita
1106 1703 1270 1763 atque
1291 1693 1570 1749 recondita
1584 1705 1666 1750 est
1685 1713 1698 1749 :
1718 1706 1879 1766 atque
1892 1697 1945 1751 in

358 1777 1194 1854 hacjustumquoquejudicium
1205 1780 1321 1851 Dei,
1336 1785 1631 1855 unicuique
1644 1786 1717 1851 id,
1735 1803 1844 1857 quo
1859 1788 1943 1841 di-

358 1889 502 1944 gnus
527 1873 710 1938 fuerit,
733 1875 979 1932 tribuens
1010 1885 1296 1932 exercetur
1317 1896 1331 1934 :
1354 1887 1500 1932 recte
1521 1877 1790 1948 Pr0pheta
1821 1896 1943 1934 cum

361 1967 646 2022 mentione
668 1967 908 2032 Octavae,
929 1969 996 2024 dc
1012 1970 1328 2038 paenitentia
1351 1971 1512 2025 simul
1535 1971 1713 2025 intulit
1735 1987 1945 2027 sermo-

355 2073 504 2114 nem.
535 2059 671 2125 Quis
693 2061 839 2116 enim
866 2061 1330 2132 terribilisiudicii
1360 2062 1565 2120 Christi
1599 2064 1942 2123 recordatus.

355 2164 466 2205 non
504 2152 690 2206 statim
733 2153 786 2207 in
811 2154 1150 2208 conscientia
1181 2170 1280 2210 sua
1310 2157 1469 2225 quasi
1507 2157 1850 2223 convellitur,
1879 2173 1944 2212 ac

354 2251 566 2300 terrore
602 2252 656 2300 et
677 2261 879 2317 angore
905 2263 1014 2302 non
1041 2249 1480 2320 constringitur?
1509 2258 1673 2320 atque
1700 2252 1862 2306 etiam
1896 2250 1941 2308 si

354 2337 482 2392 vita:
519 2339 716 2394 melius
761 2355 924 2410 quam
955 2340 1198 2396 deterius
1230 2350 1366 2396 acta:
1399 2343 1502 2397 sibi
1533 2344 1796 2398 conscius
1836 2345 1938 2399 sit:

355 2435 597 2483 attamen
631 2429 700 2483 ad
725 2441 974 2484 exactam
1007 2432 1346 2501 diligentiam
1378 2443 1430 2488 et
1485 2434 1716 2505 rigorem
1751 2435 1941 2506 judicii

359 2520 684 2590 respiciens,
718 2521 773 2576 in
807 2537 919 2591 quo
950 2524 1190 2578 minima:
1233 2540 1454 2596 quoque
1483 2527 1658 2598 culpa:
1688 2527 1742 2582 in
1789 2543 1940 2600 qua:-

357 2610 590 2665 stionem
620 2611 992 2676 adducuntur,
1041 2627 1103 2668 ac
1131 2629 1362 2684 prorsus
1387 2618 1798 2686 exspectatione
1829 2627 1940 2672 ter-

358 2702 607 2756 ribilium
641 2718 927 2772 poenarum
956 2705 1346 2776 perhorrescit,
1397 2708 1656 2778 ignorans
1687 2711 1940 2779 quisnam

355 2793 462 2849 sibi
511 2793 703 2862 judicii
739 2795 922 2850 exitus
959 2804 1014 2852 et
1048 2805 1281 2853 eventus
1318 2798 1538 2854 futurus
1589 2800 1680 2854 sit.
1726 2800 1938 2856 Idcirco

353 2885 512 2956 quasi
564 2886 620 2940 in
663 2887 841 2944 oculis
876 2887 1089 2944 habens
1112 2890 1380 2946 terribilia
1416 2892 1706 2962 supplicia,
1735 2893 1938 2964 gehen-

356 2993 482 3033 nam
511 2979 655 3033 illam
679 2987 735 3035 et
759 2981 1109 3036 tenebrosum
1139 2983 1341 3054 ignem,
1364 2994 1414 3040 et
1440 2985 1792 3040 conscientia:
1812 3001 1935 3041 ver-

355 3085 500 3126 mem
541 3085 820 3141 nunquam
853 3073 1213 3128 emorientem
1235 3074 1278 3106 ³³
1330 3075 1424 3145 qui
1460 3077 1696 3130 animam
1725 3091 1939 3146 semper
1966 3107 2007 3163 ο

355 3163 568 3234 pudore
604 3163 846 3236 sugillat,
911 3178 977 3219 ac
1023 3165 1404 3221 recordatione
1435 3168 1578 3222 male
1629 3175 1764 3222 acta:
1813 3169 1940 3222 vita:

356 3255 638 3312 cruciatus
663 3263 894 3312 renovat
925 3267 1090 3328 atque
1114 3257 1488 3328 redintegrat:
1526 3257 1636 3313 Deo
1662 3259 1773 3328 jam
1809 3275 1940 3329 sup-

359 3349 482 3418 plex
508 3350 587 3414 llt,
613 3362 779 3403 orans
809 3349 960 3404 ne-in
989 3348 1084 3402 illo
1106 3347 1292 3402 furore
1322 3347 1571 3402 tradatur
1594 3349 1659 3404 ad
1684 3350 1941 3418 quaestio-

358 3455 484 3494 nem
532 3446 588 3494 et
620 3438 913 3508 judicium,
969 3455 1074 3496 neu
1110 3455 1206 3509 per
1257 3440 1403 3494 illam
1435 3441 1571 3494 iram
1620 3440 1942 3496 adhibeatur

356 3532 463 3588 sibi
517 3532 804 3602 castigatio
844 3544 1064 3602 propter
1108 3531 1309 3588 delicta
1332 3534 1376 3565 "
1422 3536 1585 3604 (nam
1637 3533 1707 3588 ab
1745 3534 1811 3589 iis
1845 3532 1940 3604 qui

356 3625 556 3678 acerba
604 3624 966 3694 castigatione
998 3624 1260 3681 terribilis
1313 3625 1462 3680 illius
1517 3626 1768 3696 supplicii
1806 3640 1942 3680 con-

356 3716 598 3772 demnati
647 3725 796 3780 sunt,
848 3716 1052 3773 furoris
1090 3733 1214 3773 esse
1261 3733 1401 3788 opus
1451 3725 1506 3773 et
1545 3719 1640 3774 ira:
1673 3718 1939 3788 judicium

354 3806 493 3862 illud
522 3807 912 3879 existimatur).
955 3809 1132 3878 Atque
1166 3807 1373 3865 idcirco
1422 3812 1580 3880 quasi
1617 3811 1730 3882 jam
1761 3812 1814 3866 in
1841 3813 1941 3866 do-

355 3897 567 3954 loribus
616 3909 778 3970 atque
828 3900 1167 3956 cruciatibus
1217 3902 1580 3968 constitutus,
1635 3905 1936 3960 dolentium

351 4005 518 4046 voces
549 3992 816 4056 imitatur,
869 3993 1072 4062 quibus
1119 3993 1274 4049 furor
1319 4009 1442 4051 esse
1497 3995 1710 4052 videtur
1734 4005 1788 4052 et
1832 3997 1934 4062 ira,

353 4084 620 4156 quidquid
670 4084 738 4138 ad
797 4083 1135 4153 puniendum
1191 4085 1392 4156 impios
1445 4085 1755 4142 adhibetur.
1798 4086 1939 4141 Dicit

353 4179 559 4250 igitur:
603 4175 718 4231 Non
745 4185 1004 4246 exspecto
1037 4177 1213 4234 donec
1249 4194 1311 4234 ex
1347 4180 1439 4234 illo
1480 4181 1663 4236 furore
1691 4197 1787 4251 per
1819 4192 1933 4237 ter-

350 4270 536 4324 ribilia
559 4267 769 4338 flagella
789 4267 857 4322 de
877 4282 962 4322 me
982 4270 1322 4324 occultorum
1350 4270 1679 4325 delictorum
1700 4273 1935 4342 quaestio

351 4361 638 4425 habeatur,
695 4361 790 4415 sed
822 4376 1146 4431 praeoccupo
1193 4362 1526 4417 revelatione
1571 4369 1734 4433 atque
1769 4379 1936 4434 spon-

2042 505 2141 576 τῆς
2171 505 2456 576 δεχομένη.
2491 508 2604 560 Μία
2647 507 2754 578 γὰρ
2794 509 2873 571 είς
2907 507 2968 560 τὸ
3001 507 3244 577 διηνεκὲς
3285 505 3635 575 παραμένει,

2043 596 2300 649 οὐδέποτε
2343 597 2642 668 νυκτερινῷ
2687 597 3038 668 διαιρουμένη
3081 597 3250 666 ζόφῳ,
3292 594 3483 658 Ἄλλος
3518 594 3639 664 γὰρ

2044 687 2213 755 αὐτὴν
2238 691 2382 741 ποιεί
2411 690 2439 741 6
2474 688 2644 759 ἥλιος,
2673 691 2702 742 6
2735 689 2796 742 τὸ
2829 689 3082 761 ἀληθινὸν
3113 688 3228 757 φῶς
3260 688 3637 758 ἀπολάμπων·

2043 780 2103 844 ὃς
2132 781 2350 834 ἐπειδάν
2380 781 2523 847 am:
2557 783 2791 854 ἐπιφανῇ
2823 783 2978 853 ἡμῖν,
2999 779 3181 844 καθώς
3206 797 3370 850 φησιν
3399 781 3427 832 6
3467 778 3642 830 Ἀπό-

2047 871 2248 934 στολος.
2280 871 2462 925 ούκέτι
2489 875 2546 924 ἐν
2575 872 2803 943 δυσμαῖς
2834 872 3157 944 κρύπτεται,
3185 870 3320 924 ἀλλά
3352 870 3531 923 πάντα
3565 871 3640 938 τῇ

2044 967 2344 1035 φωτιστικῇ
2364 964 2553 1018 ἐαυτοῦ
2570 965 2794 1036 δυνάμει
2810 983 2875 1018 πε
2882 961 3558 1036 ριπτυξάμενος,διηνεκές
3575 976 3645 1011 τε

2045 1057 2140 1111 καὶ
2171 1057 2448 1128 ἀδιάδοχον
2477 1059 2590 1120 τοῖς
2620 1058 2790 1122 ἀξίοις
2817 1057 2876 1110 τὸ
2904 1057 3019 1126 φῶς
3044 1057 3281 1127 ἐμποιεῖ·
3312 1056 3403 1108 καὶ
3431 1054 3646 1114 αὐτοὺς

2044 1151 2171 1212 τοὺς
2203 1149 2527 1220 μετέχοντας
2571 1150 2666 1202 τοῦ
2702 1149 2876 1218 φωτὸς
2929 1149 3139 1201 ἐκείνου
3162 1189 3178 1212 ,
3211 1147 3402 1210 ἄλλους
3444 1146 3640 1209 ἡλίους

2045 1241 2512 1314 ἀπεργαζόμενος,
2549 1241 2730 1306 καθώς
2759 1259 2921 1312 φησιν
2943 1243 3002 1293 ἐν
3028 1240 3106 1310 τῷ
3128 1239 3446 1308 Εὑαγγελίῳ
3470 1237 3498 1286 6
3521 1237 3636 1288 Λό-

2045 1349 2162 1402 γος,
2197 1335 2280 1387 ὅτι
2322 1353 2340 1386 t
2379 1334 2514 1388 Τότε
2541 1337 2590 1387 οί
2623 1334 2820 1388 δίκαιοι
2850 1333 3154 1403 λάμψουσιν
3183 1331 3259 1395 ὼς
3282 1331 3311 1383 6
3333 1329 3500 1400 ἥλιος.
3535 1347 3554 1380 ι

2128 1510 2279 1563 Ἐπεὶ
2306 1506 2398 1563 οὖν
2429 1509 2570 1580 ὑπὲρ
2604 1510 2701 1580 τῆς
2739 1509 3196 1580 Κληρονομούσης
3221 1509 3280 1560 ἐν
3319 1507 3398 1577 τῷ
3425 1506 3637 1579 προλα-

2047 1601 2193 1654 ϐόντι
2230 1600 2429 1671 ψαλμῷ
2467 1601 2557 1654 τὸν
2585 1601 2742 1669 λόγον
2775 1601 3099 1670 πεποίηται,
3139 1602 3172 1670 ἠ
3205 1599 3264 1653 δὲ
3292 1599 3636 1670 κληρονομία

2049 1697 2108 1748 ἐν
2135 1698 2202 1764 τῇ
2250 1693 2437 1764 Ὀγδόῃ
2475 1697 2588 1757 τοῖς
2620 1693 2790 1758 ἀξίοις
2815 1693 3124 1758 ἀπόκειται,
3158 1693 3217 1745 ἐν
3241 1691 3414 1764 ταύτῃ
3440 1691 3497 1745 δὲ
3535 1693 3639 1744 καὶ

1982 1765 2020 1818 Β
2047 1789 2080 1858 ή
2112 1786 2292 1839 δικαία
2329 1785 2422 1838 τοῦ
2469 1785 2603 1838 Θεοῦ
2637 1785 2844 1853 γίνεται
2873 1786 3091 1854 κρίσις,
3145 1783 3361 1853 ἑκάστῳ
3403 1783 3465 1836 τὸ
3504 1785 3637 1836 κατ’

2047 1875 2206 1941 ἀξίαν
2263 1875 2520 1946 νέμουσα’
2579 1875 2761 1939 καλῶς
2815 1875 2844 1928 6
2887 1875 3180 1946 Προφήτης
3227 1876 3292 1944 τῇ
3345 1874 3471 1943 περὶ
3525 1873 3638 1944 τῆς

2060 1964 2284 2035 Ὀγδόης
2357 1965 2550 2037 μνήμῃ
2587 1963 2678 2017 τὸν
2743 1963 2873 2034 περὶ
2923 1963 3211 2035 μετανοίας
3264 1965 3634 2032 συνεισήγαγε

2046 2055 2221 2124 λόγον.
2264 2055 2360 2118 Τίς
2402 2053 2510 2126 γὰρ
2543 2053 2640 2124 τῆς
2692 2055 2928 2124 φοϐερᾶς
2975 2055 3068 2107 τοῦ
3114 2053 3352 2124 Χριστοῦ
3393 2053 3635 2124 κρίσεως

2049 2150 2269 2218 μνήμην
2307 2145 2506 2209 λαϐὼν,
2541 2146 2640 2198 οὐκ
2673 2145 2834 2210 εὐθὺς
2859 2147 2919 2197 ἐν
2962 2145 3042 2217 τῷ
3091 2146 3352 2199 συνειδότι
3381 2145 3462 2216 τῷ
3510 2145 3636 2217 ἰδίῳ

2047 2240 2419 2311 σπαράσσεται
2444 2278 2459 2303 ,
2490 2240 2583 2293 καὶ
2616 2239 2766 2309 φόϐῳ
2807 2241 2902 2293 καὶ
2938 2241 3130 2310 ἀγνοίᾳ
3174 2241 3454 2309 συνέχεται
3477 2256 3494 2303 ;
3521 2241 3633 2290 κᾶν

2046 2335 2182 2404 πρὸς
2205 2333 2268 2386 τὸ
2309 2335 2554 2402 κρεῖττον
2595 2332 2774 2402 ἐαυτῷ
2805 2332 3162 2400 συνεγνωκὼς
3185 2331 3323 2402 τύχῃ
3350 2331 3442 2383 τὸν
3474 2331 3629 2401 βίον,

2043 2425 2157 2478 ἀλλ’
2192 2419 2283 2478 οὖν
2315 2423 2452 2496 πρὸς
2479 2423 2577 2494 τὴν
2603 2423 2885 2494 ἀκρίϐειαν
2910 2424 3012 2492 τῆς
3041 2423 3272 2494 κρίσεως
3307 2423 3541 2492 βλέπων,
3570 2427 3633 2478 ἐν

2043 2510 2077 2588 ᾗ
2116 2516 2211 2569 καὶ
2245 2516 2313 2568 τὰ
2343 2515 2646 2568 λεπτότατα
2682 2514 2790 2567 τῶν
2837 2517 3244 2587 παροραμάτων
3273 2518 3350 2579 εἰς
3381 2517 3633 2581 ἐξέτασιν

2042 2614 2252 2680 ἄγεται’
2291 2613 2678 2665 καταπτοεῖται
2707 2612 2924 2676 πάντως
2948 2615 3015 2684 τῇ
3044 2613 3154 2665 τῶν
3180 2613 3428 2684 φοϐερῶν
3454 2632 3632 2684 προσ-

2041 2705 2214 2775 δοκίᾳ,
2243 2705 2339 2757 οὐκ
2365 2703 2518 2767 εἰδὼς
2546 2705 2625 2766 είς
2660 2705 2689 2756 ὃ
2719 2722 2773 2757 τι
2803 2704 2952 2774 αὺτῷ
2982 2704 3044 2757 τὸ
3069 2706 3167 2775 τῆς
3195 2706 3430 2776 κρίσεως
3461 2722 3634 2758 κατα-

2041 2797 2193 2868 λήξει
2219 2798 2412 2869 πέρας.
2443 2796 2644 2850 Τούτου
2673 2798 2832 2868 χάριν
2855 2797 2931 2859 ὼς
2951 2800 3008 2850 ἐν
3029 2797 3326 2868 ὀφθαλμοῖς
3351 2797 3532 2850 λαϐὼν
3562 2797 3634 2851 τά

2041 2886 2247 2958 φοϐερά
2280 2886 2632 2958 κολαστήρια,
2666 2886 2764 2957 τὴν
2789 2887 3012 2956 γέενναν
3044 2889 3258 2960 ἐκείνην
3285 2889 3377 2940 καὶ
3410 2889 3469 2940 τὸ
3501 2905 3634 2940 σκο-

2038 2979 2212 3032 τεινὸν
2260 2977 2404 3050 πῦρ,
2451 2978 2669 3031 καὶτὸν
2707 2978 3065 3050 ἀτελεύτητον
3115 2979 3214 3050 τῆς
3269 2981 3630 3050 συνειδήσεως

2043 3069 2300 3140 σκώληκα
2321 3111 2336 3134 ,
2379 3070 2468 3124 τὸν
2493 3072 2581 3125 ἀεὶ
2610 3071 2865 3142 μυζῶντα
2894 3071 2993 3142 τὴν
3021 3071 3199 3142 ψυχὴν
3230 3072 3297 3125 δι’
3331 3073 3630 3143 αἰσχύνης,

2042 3163 2134 3215 καὶ
2160 3165 2226 3232 τῇ
2260 3163 2448 3232 μνήμῃ
2471 3162 2583 3216 τῶν
2610 3161 2795 3225 κακῶς
2827 3162 3174 3234 βεϐιωμένων
3204 3164 3304 3227 τὰς
3327 3165 3634 3234 ἀλγηδόνας

2042 3255 2474 3319 ἁνακαινίζονται
2501 3255 2600 3326 ήδη
2633 3255 2725 3308 τοῦ
2753 3254 2889 3308 Θεοῦ
2943 3257 3126 3328 ἱκέτης
3157 3257 3365 3324 γίνεται
3387 3298 3400 3318 ,
3437 3259 3636 3328 δεόμε-

2039 3366 2150 3412 νος,
2192 3347 2266 3418 μὴ
2307 3347 2384 3418 τῷ
2437 3346 2594 3417 θυμῷ
2645 3347 2837 3418 ἐκείνῳ
2879 3349 3250 3419 παραδοθῆναι
3290 3351 3426 3420 πρὸς
3476 3350 3634 3418 ἔλεγ-

2040 3457 2156 3509 χον,
2192 3440 2328 3509 μήτε
2353 3438 2440 3491 διά
2462 3441 2560 3510 τῆς
2585 3437 2756 3510 ὀργῆς
2779 3439 2994 3510 ἐκείνης
3017 3439 3318 3510 ἐπαχθῆναι
3350 3442 3498 3511 αὐτῷ
3526 3443 3634 3510 τὴν

2042 3529 2182 3599 ὺπέρ
2210 3523 2285 3582 ὧν
2321 3529 2710 3601 ἐπλημμέλησε
2753 3530 3052 3586 παίδευσιν.
3089 3531 3214 3594 Τοῖς
3247 3532 3358 3603 γάρ
3401 3533 3633 3585 καταδι-

2040 3621 2288 3674 κασθείσι
2332 3625 2399 3692 τῇ
2449 3622 2623 3692 πικρᾷ
2666 3620 2946 3676 παιδεύσει
2987 3621 3089 3692 τῆς
3127 3622 3365 3694 φοϐερᾶς
3409 3625 3634 3693 ἐκείνης

2040 3715 2334 3777 κολάσεως,
2380 3713 2553 3784 θυμοῦ
2603 3714 2762 3784 ἔργον
2806 3714 3089 3784 νομίζεται
3121 3715 3214 3768 xal
3241 3716 3411 3786 ὀργῆς
3445 3717 3480 3786 ή
3513 3716 3636 3771 διά-

2041 3822 2240 3877 κρισις.
2273 3806 2384 3860 Καὶ
2411 3805 2498 3858 διὰ
2519 3805 2676 3858 τοῦτο
2696 3845 2712 3866 ,
2759 3805 2834 3869 ὡς
2879 3809 2937 3858 ἐν
2963 3809 3077 3870 τοῖς
3115 3806 3383 3874 ἀλγεινοῖς
3411 3809 3515 3878 ἤδη
3539 3825 3635 3876 γι·-

2039 3897 2290 3966 νόμενος,
2333 3894 2434 3956 τὰς
2469 3896 2578 3948 τῶν
2610 3895 2962 3966 όδυνωμένων
3005 3897 3189 3964 φωνὰς
3229 3899 3631 3969 ὑποκρίνεται,

2037 3986 2118 4051 οἷς
2148 3987 2317 4058 θυμὸς
2359 3984 2499 4041 εἶναι
2534 3989 2682 4042 δοκεῖ
2712 3990 2805 4042 καὶ
2846 3990 2984 4061 ὀργὴ
3023 3990 3085 4044 τὸ
3116 3991 3208 4044 ἐπὶ
3248 3993 3493 4064 τιμωρίᾳ
3518 3994 3634 4045 τῶν

2039 4079 2250 4132 ἀσεϐῶν
2279 4080 2640 4150 ἐπαγόμενον.
2678 4082 2839 4149 Λέγει
2863 4083 3064 4148 τοίνυν,
3099 4085 3182 4137 ὅτι
3218 4083 3336 4138 Ούκ
3369 4087 3635 4156 ἀναμένω

2038 4174 2102 4225 ἐκ
2131 4173 2224 4226 τοῦ
2257 4172 2429 4244 θυμοῦ
2453 4175 2660 4227 ἐκείνου
2694 4173 2780 4227 διὰ
2807 4175 2915 4228 τῶν
2943 4177 3190 4248 φοϐερῶν
3217 4181 3500 4248 μαστίγων
3532 4197 3634 4247 γε-

2038 4265 2222 4319 νέσθαι
2251 4282 2337 4335 μοι
2361 4265 2468 4318 τῶν
2500 4267 2896 4337 κεκρυμμένων
2925 4268 3016 4322 τὸν
3046 4269 3290 4340 ἔλεγχον·
3321 4270 3458 4325 ἀλλά
3489 4289 3633 4344 1:90-

2037 4356 2298 4426 λαμϐάνω
2330 4361 2396 4428 τῇ
2425 4357 2775 4430 ἐξαγορεύσει
2823 4359 2924 4430 τὴν
2955 4361 3021 4412 ἐκ
3055 4361 3156 4431 τῆς
3189 4365 3361 4433 ὀργῆς
3406 4364 3634 4436 ἐκείνης

350 4467 510 4510 tanea
543 4452 893 4509 confessione
923 4456 1303 4510 necessitatem
1330 4469 1398 4510 ex
1425 4454 1517 4508 illa
1553 4454 1633 4508 ira
1670 4455 1798 4509 mihi
1831 4455 1928 4508 im-

2043 4445 2302 4520 ἀνάγκην.
2355 4449 2533 4520 Ὅπερ
2590 4451 2622 4520 ἡ
2672 4449 2831 4520 όδύνη
2886 4452 2979 4503 ἐπὶ
3016 4450 3125 4504 τῶν
3173 4455 3633 4524 μαστιγουμένων

350 4543 880 4618 ponendam.'Qu0d
909 4546 1188 4600 cruciatus
1220 4545 1350 4600 facit
1385 4548 1438 4600 in
1483 4547 1590 4602 illis
1618 4547 1712 4616 qui
1737 4547 1930 4602 verbe-

349 4646 566 4702 rantur,
593 4638 780 4693 invitis
805 4638 886 4693 eis
907 4637 1124 4693 occulta
1151 4638 1360 4692 scelera
1387 4639 1675 4694 manifesta
1699 4639 1928 4703 faciens,

351 4732 406 4787 id
430 4747 461 4786 a
509 4748 570 4787 se
601 4732 722 4802 ipso
752 4732 988 4787 liberum
1038 4731 1328 4786 arbitrium
1358 4731 1506 4797 facit,
1560 4735 1798 4802 seipsum
1836 4749 1931 4802 per

350 4825 729 4896 paenitentiam
759 4832 814 4880 et
841 4823 1125 4895 ﬂagellans
1151 4831 1205 4879 et
1239 4826 1494 4894 puniens,
1530 4827 1930 4896 publicansque

349 4923 512 4980 atque
538 4911 829 4982 divulgans
853 4913 908 4966 in
936 4913 1171 4968 occultis
1197 4913 1583 4969 absconditum
1615 4925 1924 4986 peccatum.

345 5003 485 5058 Cum
519 5003 750 5059 dixisset
786 5005 974 5075 igitur,
1019 5023 1039 5057 ι
1061 5003 1248 5076 Neque
1291 5007 1344 5060 iu
1376 5005 1562 5063 furore
1603 5017 1698 5063 tuo
1727 5025 1930 5079 arguas

347 5109 456 5158 me,
510 5111 689 5165 neque
738 5094 796 5150 in
838 5095 920 5150 ira
959 5104 1055 5150 tua
1089 5099 1328 5168 castiges
1382 5115 1521 5167 me,»
1563 5112 1933 5172 congruenter

347 5185 607 5256 deinceps
633 5187 882 5258 confugit
923 5187 990 5242 ad
1047 5188 1504 5256 misericordiam,
1560 5208 1670 5246 non
1708 5201 1818 5248 tam
1874 5193 1928 5248 in

349 5278 580 5334 liberam
609 5281 944 5336 voluntatem
983 5288 1040 5335 et
1068 5281 1381 5344 arbitrium.
1414 5300 1578 5356 quam
1613 5287 1668 5340 in
1698 5285 1930 5340 inﬁrmi-

348 5370 496 5424 enim
543 5379 754 5425 natura:
790 5385 1014 5427 causam
1054 5371 1182 5426 mali
1213 5371 1526 5430 conferens.
1579 5373 1637 5428 lu
1670 5375 1818 5431 vitiis
1847 5391 1934 5431 me

351 5465 562 5526 natum,
615 5461 815 5532 inquit,
866 5463 1246 5520 misericordia
1294 5480 1461 5532 cura;
1515 5481 1582 5521 ex
1619 5465 1935 5523 infirmitate

351 5546 500 5602 enim
539 5549 708 5608 incidi
739 5553 795 5610 in
835 5553 1107 5610 morbum.
1143 5553 1400 5621 Quanam
1433 5565 1615 5614 autem
1641 5557 1934 5614 infirmitas

422 5719 468 5752 "
495 5719 537 5776 ll
563 5723 689 5781 Cor.
721 5741 796 5790 tv.
820 5727 871 5783 ι.
949 5729 993 5762 ⁸⁸
1020 5729 1209 5787 Matth.
1234 5748 1351 5797 xm,
1376 5732 1462 5788 ιδ.

2039 4544 2201 4604 ποιεῖ,
2223 4541 2465 4595 ἀκόντων
2493 4541 2672 4595 αὐτῶν
2698 4542 2764 4595 τά
2786 4543 3003 4612 κρυπτά
3029 4543 3127 4610 τῆς
3156 4545 3384 4614 ἀνομίας
3401 4547 3630 4617 ἐμφανῆ

2039 4633 2288 4688 ποιοῦσα·
2318 4633 2476 4686 τοῦτο
2502 4636 2646 4686 ποιεῖ
2677 4634 2770 4703 ἀφ’
2817 4634 3017 4704 ἐαυτῆς
3045 4637 3077 4704 ἡ
3125 4636 3464 4706 προαίρεσις,
3497 4639 3634 4690 ἐαυ-

2037 4724 2135 4796 τὴν
2163 4723 2252 4776 διὰ
2284 4724 2384 4794 τῆς
2409 4723 2696 4794 μετανοίας
2726 4725 3061 4795 μαστίζουσά
3083 4743 3142 4779 τε
3170 4727 3262 4780 καὶ
3295 4727 3630 4796 κολάζουσα,

2035 4819 2130 4871 καὶ
2148 4817 2542 4888 δημοσιεύουσα
2566 4817 2667 4888 τὴν
2702 4817 3124 4887 κεκαλυμμένην
3151 4820 3209 4870 ἐν
3235 4821 3349 4882 τοῖς
3376 4837 3548 4890 κεκρυ
3558 4839 3633 4890 μ-

2037 4910 2217 4979 μένοις
2252 4907 2546 4979 ἀμαρτίαν.
2578 4908 2762 4961 Εἰπὼν
2793 4908 2991 4972 τοίνυν,
3023 4910 3106 4962 ὅτι
3148 4927 3166 4960 ι
3191 4910 3346 4980 Μήτε
3364 4911 3442 4980 τῷ
3465 4911 3634 4983 θυμῷ

2037 5017 2129 5053 σου
2180 4998 2404 5071 ἐλέγξῃς
2433 5017 2522 5068 με,
2562 5001 2702 5070 μήτε
2734 5003 2802 5072 τῇ
2830 5000 2969 5072 ὀργῃ
3019 5019 3112 5053 σου
3144 5001 3441 5075 παιδεύσῃς
3473 5020 3566 5074 με,
3604 5025 3624 5056 ι

2034 5091 2344 5155 ἀκολούθως
2381 5091 2719 5160 καταφεύγει
2747 5094 2840 5146 ἐπὶ
2861 5094 2954 5146 τὸν
2981 5094 3150 5158 ἔλεον,
3173 5097 3234 5148 ού
3259 5096 3517 5150 τοσοῦτον
3544 5103 3632 5161 εἰς

2039 5183 2378 5256 προαίρεσιν,
2421 5183 2544 5236 ὅσον
2581 5184 2662 5246 εἰς
2701 5183 2987 5238 ἀσθένειαν
3031 5185 3280 5254 φύσεως,
3313 5187 3406 5240 τοῦ
3447 5189 3630 5242 κακοῦ

2035 5277 2134 5347 τὴν
2159 5277 2335 5329 αἰτίαν
2359 5275 2597 5344 ἀνάγων·
2645 5275 2732 5328 Ἑν
2769 5279 2958 5339 κακοῖς
2986 5279 3266 5345 γεγονότα,
3291 5279 3425 5349 ἐλέῳ
3458 5279 3632 5350 θερά-

2033 5385 2254 5422 πευσονο
2293 5369 2353 5433 ἐξ
2372 5368 2654 5431 ἀσθενείας
2686 5368 2794 5439 γὰρ
2813 5364 2976 5440 ἦλθον
3002 5370 3097 5421 ἐπὶ
3119 5371 3179 5422 τὸ
3211 5371 3402 5434 πάθος.
3431 5372 3530 5434 Τίς
3564 5372 3628 5426 δὲ

2035 5462 2068 5531 ἡ
2107 5460 2396 5522 ἀσθένεια;
2439 5458 2788 5530 Ἑξηρθρὼθη
2817 5459 2886 5512 τὰ
2930 5460 3063 5513 ὀστᾶ
3111 5477 3235 5530 μου,
3271 5464 3364 5514 καὶ
3397 5461 3624 5533 διελύθη

2034 5553 2144 5606 ἀπὸ
2165 5551 2266 5622 τῆς
2290 5553 2405 5623 μετ’
2431 5550 2674 5624 ἀλλήλων
2700 5552 2983 5624 ἁρμονίας.
3029 5555 3193 5610 Ὀστᾶ
3211 5554 3267 5606 δὲ
3291 5554 3462 5621 λέγει,
3492 5556 3626 5618 τὼς

1543 5734 1583 5766 ³⁸
1628 5734 1820 5790 Matth.
1856 5750 1972 5800 viu,
1995 5733 2062 5788 l2
2089 5751 2104 5802 ;
2132 5731 2301 5790 Marc.
2336 5732 2524 5806 inde,
2556 5732 2644 5787 ιδ.
2725 5731 2767 5763 ³·
2799 5729 2944 5784 Psal.
2969 5743 3046 5796 vl,
3079 5727 3116 5783 2
3155 5744 3276 5800 sqq.
