3870 6220
202 271 309 322 613
1617 269 1684 326 IN
1713 268 2052 324 PSALMOS.
3365 272 3468 326 (3H

202 405 490 458 σιυφρονας
520 389 836 461 λογισμοὺς,
875 391 1003 456 τοὺς
1047 392 1145 465 τὴν
1183 389 1362 463 ψυχὴν
1405 387 1729 460 διερείδοντα

1936 385 2015 440 st?
2068 383 2213 437 Loco
2253 388 2398 438 mota
2445 391 2572 439 sunt
2612 397 2740 440 ossa
2791 397 2934 448 mea,
2991 390 3154 454 atque
3203 399 3231 438 a
3278 397 3464 440 littttuu

205 499 224 530 ι
252 475 434 532 Ἰασαί
459 492 549 550 με,
577 480 772 550 Κύριε,
802 482 881 534 ὅτι
905 481 1179 553 ἐταράχθη
1209 481 1277 534 τά
1303 480 1437 532 ὀστᾶ
1470 495 1591 548 μου.
1621 496 1640 528 ι
1675 477 1733 532 Κι

1939 478 2346 548 invenientique
2385 477 2527 533 inter
2558 493 2680 533 sese
2705 492 2965 548 compage
2995 477 3282 534 dissoluta.
3327 478 3467 534 Ossa

199 569 498 644 ιρμηνεύει
527 571 621 626 τοῦ
653 573 812 641 λόγου
842 573 902 626 τὸ
925 573 1172 645 αἴνιγμα,
1207 572 1273 626 δι’
1299 565 1373 625 ὧν
1403 572 1650 640 ἐπήγαγε
1677 585 1727 620 τε

1905 581 2070 627 iutem
2106 569 2245 624 dicit
2267 585 2432 626 sanas
2454 577 2509 626 et
2541 578 2855 624 constantes
2896 570 3253 641 cogitationes
3287 580 3341 626 et
3378 589 3433 624 ra

200 667 540 739 εἰρημένοις,
566 669 649 722 ὅτι
679 687 698 722 ι
731 670 796 722 Ἠ
818 671 964 740 ψυχή
993 687 1094 740 μου
1121 667 1394 739 ἐταράχθη
1429 663 1684 735 σφόδρα.)
1724 665 1728 682 ¹

1937 663 2268 718 ocinationes
2301 663 2535 716 animam
2569 661 2974 718 continuantes.
2999 682 3018 714 ι
3042 663 3186 718 Sana
3219 681 3328 730 me,
3361 663 3465 717 Do-

199 754 296 814 οὗν
324 761 602 833 ἀναϐάλλῃ
622 802 636 825 ,
663 763 846 832 φησὶν,
878 762 1011 832 πρὸς
1031 761 1129 831 τὴν
1155 757 1317 824 ἴασιν,
1351 760 1414 812 σὺ
1444 757 1614 828 Κύριε
1638 773 1652 820 ;
1684 755 1727 808 Et

1937 755 2053 816 line,
2081 755 2340 824 quoniam
2380 769 2504 808 ossa
2533 768 2652 808 mea
2679 754 2894 808 turbata
2922 762 3074 809 sunt.
3099 773 3118 807 ι
3156 756 3333 826 Atque
3384 758 3465 810 in-

201 851 341 904 πότε
383 852 484 904 οὑκ
514 853 741 918 ἐπάγεις
776 851 868 903 τὸν
897 851 1074 917 έλεον;
1105 851 1200 919 οὐχ
1232 851 1361 920 ὁρᾷς
1389 847 1489 918 τῆς
1517 847 1729 918 ἀνθρωπ

1936 853 2223 915 :rpretatur
2251 849 2522 902 sermonis
2551 846 2895 901 involucrum
2920 864 3015 918 per
3039 862 3123 912 ea,
3159 865 3280 918 quae
3303 849 3464 905 dictis

199 961 302 1016 νης
338 943 483 1014 ζωῆς
528 945 588 998 τὸ
617 943 938 1015 ὠκύμορον;
973 942 1218 1014 Πρόλαϐε
1243 945 1311 1012 τῇ
1347 942 1647 1012 ἐπιστροφῇ
1689 940 1727 990 τί

1931 937 2186 1006 ubjungit,
2208 937 2483 1000 videlicet,
2507 954 2527 988 ι
2547 937 2737 991 Anima
2765 955 2880 994 mea
2905 943 3120 995 turbata
3144 953 3227 997 cst
3250 943 3422 997 valde.
3440 963 3459 995 ι

198 1037 382 1107 ψυχῆς
411 1053 512 1107 μου
532 1035 594 1089 τό
615 1037 910 1104 ἀναγκαῖον
948 1037 1048 1105 τῆς
1069 1035 1212 1105 ζωῆς
1233 1033 1410 1104 ἠμῶνο
1439 1034 1512 1104 μή
1543 1049 1670 1085 ποτε
1691 1050 1726 1084 τη

1938 1031 2028 1083 uid
2056 1031 2222 1100 igitur
2241 1029 2452 1092 diﬂ'ers,
2480 1031 2680 1101 inquit,
2712 1034 3055 1089 sanationem
3085 1041 3166 1092 tu.
3200 1033 3466 1090 Domine?

200 1127 434 1182 θανάτου
456 1127 805 1191 ἐπιλαϐόντος
827 1129 970 1199 ἀργῇ
1002 1128 1150 1179 πᾶσα
1186 1126 1322 1197 πρὸς
1350 1124 1647 1196 θεραπείαν
1669 1128 1728 1178 ἐπ

1937 1138 2174 1192 eousque
2205 1123 2419 1178 tandem
2457 1125 2892 1180 misericordiam
2925 1143 3034 1181 non
3085 1127 3465 1184 adhibes?an-

197 1237 339 1274 νοια.
375 1220 570 1272 Οὐκέτι
603 1219 711 1290 γὰρ
745 1219 894 1273 ἔσται
925 1221 983 1272 ἐν
1012 1218 1088 1290 τῷ
1122 1220 1334 1288 θανάτῳ
1359 1221 1387 1272 ὁ
1415 1217 1502 1271 διὰ
1523 1219 1620 1289 τῆς
1653 1235 1721 1288 μν

1933 1229 1997 1268 on
2045 1215 2199 1270 vides
2232 1230 2394 1286 quam
2426 1216 2607 1272 brevis
2651 1219 2773 1283 aevi,
2827 1233 2989 1289 quam
3033 1219 3331 1288 praecipitis
3364 1219 3461 1272 fati

201 1329 314 1382 μης
344 1311 438 1364 τοῦ
474 1311 608 1364 Θεοῦ
645 1309 980 1382 θεραπεῦσαι
1017 1311 1311 1381 δυνάμενος
1337 1311 1437 1380 τὴν
1479 1313 1545 1363 ἐκ
1586 1310 1729 1363 κακί‹

1945 1313 1996 1357 ta
2029 1305 2266 1358 humana
2301 1306 2412 1360 sit?
2462 1321 2780 1377 praeoccupa
2824 1309 3059 1362 animam
3115 1324 3290 1364 meam
3330 1325 3464 1364 con-

197 1397 354 1468 αὐτῷ
398 1399 692 1469 γενομένην
733 1399 908 1453 νόσον.
943 1399 1086 1452 Διότι
1132 1400 1225 1452 ἐπὶ
1275 1403 1379 1470 γῆς
1425 1399 1525 1469 μὲν
1573 1400 1724 1470 ίσχὺν

1937 1396 2150 1450 erte'ndo
2195 1397 2320 1452 vita:
2361 1407 2562 1451 nosme
2608 1400 3014 1464 necessitatem,
3065 1415 3135 1454 ne
3163 1415 3286 1454 cum
3316 1415 3465 1454 mors

197 1491 585 1562 ἐξομολόγησις
625 1491 760 1561 ἔχει·
799 1493 858 1544 ἐν
906 1492 1071 1562 δὲτῷ
1111 1491 1247 1562 ᾄδῃ,
1288 1491 1445 1544 τοῦτο
1477 1491 1576 1544 οὐκ
1618 1489 1725 1543 ἐστι

1935 1489 2106 1544 tndem
2143 1506 2245 1545 nos
2270 1490 2552 1553 invaserit,
2583 1493 2764 1546 omnis
2791 1492 2858 1546 ad
2894 1492 3199 1546 curandum
3243 1493 3463 1562 excogi-

198 1580 334 1635 Εἷτα
379 1583 454 1646 ὡς
495 1583 739 1646 εἰπόντος
784 1583 929 1647 τινός
950 1599 966 1616 ο
1001 1583 1128 1647 Πῶς
1160 1583 1344 1646 καλεῖς
1369 1584 1463 1636 ἐπὶ
1493 1581 1726 1653 θεραπείι

1937 1589 2001 1633 ita
2031 1581 2171 1636 ratio
2203 1581 2410 1636 nullius
2448 1597 2582 1636 usus
2608 1583 2702 1637 sit.
2758 1577 2875 1636 Non
2914 1583 3058 1637 enim
3098 1583 3330 1654 amplius
3361 1585 3465 1637 erit

195 1675 310 1728 τῶν
336 1675 828 1747 πλημμελημάτων
853 1676 945 1730 τὸν
971 1676 1151 1742 ἐλεον;
1183 1676 1320 1746 ποίῳ
1343 1674 1532 1746 τρόπῳ
1556 1675 1616 1728 τὸ
1631 1674 1723 1726 Θεῖ

1937 1688 1943 1722 ι
1974 1678 2170 1736 morte,
2202 1672 2296 1740 qui
2323 1671 2574 1726 morbum
2604 1687 2669 1726 ex
2699 1671 3002 1727 vitiositate
3032 1679 3195 1742 atque
3225 1673 3465 1742 nequitia

197 1767 562 1837 ἱλεωσάμενος
581 1785 596 1834 ;
615 1767 755 1821 οὕτω
773 1769 956 1838 φησὶν,
983 1769 1066 1822 ὅτι
1089 1786 1108 1819 ι
1143 1769 1439 1821 Ἑκοπίασα
1465 1769 1522 1822 ἐν
1545 1767 1621 1838 τῷ
1656 1785 1725 1820 στι

1939 1764 1990 1818 bi
2009 1772 2356 1837 contractum
2378 1781 2472 1828 per
2491 1766 2923 1820 recordationem
2943 1765 3040 1820 Dei
3057 1782 3250 1821 curare
3270 1769 3463 1836 possit,

194 1858 394 1928 ναγμῷ
419 1876 540 1929 μου,
572 1860 666 1912 καὶ
702 1860 953 1914 ἐκπλυνῶ
976 1859 1074 1932 τὴν
1099 1859 1158 1927 ἐξ
1186 1861 1460 1931 ἁμαρτίας
1491 1861 1722 1932 στρωμνέ

1933 1857 2142 1910 ueniam
2172 1856 2228 1910 in
2259 1865 2403 1912 terra
2427 1857 2646 1927 quidem
2672 1857 2952 1913 confessio
2996 1859 3144 1914 vires
3171 1859 3368 1914 habet:
3409 1861 3461 1912 in

203 1947 275 2019 ιῷ
308 1949 418 2003 τῶν
444 1949 696 2022 δακρύων
721 1950 892 2004 ὕδατι.
917 1973 937 2007 ι

1944 1948 2097 2003 ferno
2151 1958 2327 2003 autem
2376 1965 2487 2004 non
2538 1950 2748 2006 itidem.
2801 1949 3008 2005 Deinde
3060 1951 3216 2021 quasi
3265 1951 3464 2022 aliquis

194 2043 458 2098 dixisset:
496 2042 781 2109 Quomodo
803 2041 1066 2097 curandis
1101 2041 1322 2098 delictis
1347 2041 1779 2097 misericordiam
1817 2039 2121 2108 imploras?
2153 2054 2258 2108 qua
2301 2040 2514 2093 ratione
2556 2055 2756 2095 numen
2804 2039 3049 2094 divinum
3080 2041 3352 2111 placasti?
3388 2043 3464 2097 ita

192 2123 351 2200 dicit,
389 2155 408 2187 ι
430 2135 698 2192 Laborav-i
744 2139 796 2191 in
827 2138 1030 2208 gemitu
1060 2153 1205 2205 meo,
1232 2145 1287 2194 et
1310 2139 1678 2210 lacrymarum
1720 2135 1942 2190 ﬂumine
1983 2135 2166 2189 eluam
2206 2151 2270 2189 ex
2299 2145 2524 2204 peccato
2555 2144 2894 2191 constratum
2925 2136 3122 2190 lectum
3147 2136 3212 2190 ⁸³.
3255 2155 3275 2188 ι

263 2232 366 2286 Διά
393 2233 445 2285 τί
462 2232 665 2298 ταῦτα;
687 2233 809 2286 ’Ὁτι
840 2237 896 2287 ἐν
925 2233 1110 2306 θυμῷ,
1128 2237 1310 2306 φησιν,
1330 2237 1358 2288 ό
1375 2235 1652 2306 ὀφθαλμός
1675 2252 1776 2306 μου

1951 2231 2077 2286 Haec
2111 2228 2510 2302 quamobrem?
2539 2228 2806 2295 Quoniam
2845 2233 2901 2286 in
2934 2233 3118 2288 furore
3148 2241 3204 2287 et
3243 2235 3462 2288 iracun-

191 2323 494 2395 ἐταράχθη,
535 2327 629 2378 καὶ
656 2325 744 2379 διά
785 2326 943 2379 τοῦτο
992 2328 1221 2392 παλαιός
1253 2346 1336 2390 τις
1375 2329 1469 2382 καὶ
1513 2330 1719 2400 ἐῤῥυτιί

1933 2338 1992 2389 a,
2021 2323 2220 2394 inquit,
2253 2323 2506 2378 turbatus
2532 2331 2616 2378 est
2640 2323 2834 2378 oculus
2864 2339 3039 2388 meus,
3058 2317 3227 2394 atque
3255 2323 3461 2379 idcirco

190 2414 486 2484 ἐγενόμην,
519 2413 613 2466 τοῦ
661 2414 834 2486 θυμοῦ
879 2416 971 2469 τοῦ
1007 2417 1157 2486 παρά
1187 2416 1298 2470 τῶν
1328 2417 1536 2489 ἐχθρῶν
1575 2435 1662 2488 μοι
1691 2418 1715 2469 ὲ

1933 2423 2134 2471 :tnstus
2165 2415 2387 2486 quidam
2430 2428 2492 2468 ac
2521 2414 2800 2469 marcidus
2857 2414 3038 2472 factus
3065 2431 3209 2479 sum,
3260 2417 3461 2488 quippe

115 2543 120 2547 -
190 2505 491 2576 γενομένου
531 2509 598 2576 τῇ
635 2506 780 2578 ψυχῇ
808 2506 906 2578 τὴν
956 2509 1223 2578 σηπεδόνα
1255 2510 1600 2578 ποιήσαντος.
1637 2510 1643 2561 l

1934 2523 2011 2560 lli]
2043 2507 2218 2573 furor,
2243 2515 2298 2562 et
2330 2505 2618 2560 iracundia
2669 2519 2765 2575 per
2799 2505 3056 2560 inimicos
3091 2508 3145 2561 in
3181 2523 3268 2562 me
3297 2523 3462 2580 gene-

191 2596 367 2666 θυμὸς
416 2597 575 2666 μόνος
626 2597 876 2651 τοσοῦτον
928 2599 1147 2667 ἐμποιεῖ
1183 2599 1348 2668 φόϐον
1392 2599 1471 2670 τῷ
1513 2601 1580 2654 δι’
1610 2600 1719 2653 αὐτα

1928 2607 2006 2652 ata
2051 2600 2287 2653 animam
2323 2599 2612 2670 putredine
2651 2597 2902 2652 infecerit
2933 2607 3096 2668 atque
3123 2601 3456 2668 corruperit.

192 2689 672 2760 πλημμελήσαντι,
710 2690 862 2761 πόσῳ
905 2690 1103 2760 μᾶλλον
1150 2691 1299 2754 εἰκός
1341 2691 1490 2745 ἐστιν
1534 2694 1591 2744 ἐν
1637 2693 1720 2746 ἀπε

1927 2691 2040 2754 :uod
2076 2693 2122 2746 si
2155 2691 2312 2744 furor
2344 2698 2399 2744 et
2429 2688 2714 2743 iracundia
2774 2689 2890 2744 sola
2947 2697 3158 2744 tantum
3193 2695 3455 2745 terrorem

190 2777 395 2843 γνώσει
419 2778 668 2846 γενέσθαι
697 2780 794 2850 τῆς
828 2780 1106 2851 σωζούσης
1146 2781 1381 2846 ἐλπίδοςυ
1410 2783 1536 2847 τοὺς
1569 2782 1644 2854 μὴ
1677 2801 1718 2854 μ

1939 2822 1954 2848 ,
1984 2785 2078 2852 qui
2113 2797 2210 2852 per
2238 2797 2358 2837 eam
2387 2781 2700 2852 deliquerit,
2738 2781 2963 2845 incutit,
3025 2789 3234 2851 quanto
3286 2785 3463 2852 magis

189 2888 282 2923 vov
303 2870 374 2923 τά
395 2872 460 2924 ἐκ
481 2871 570 2924 τοῦ
597 2871 766 2942 θυμοῦ
791 2873 937 2944 πάθη
969 2873 1045 2944 τῷ
1069 2874 1182 2945 ἰδίῳ
1213 2875 1313 2946 βίῳ
1338 2877 1712 2944 συνεγνωκότα

1932 2873 2186 2929 erisimile
2239 2880 2324 2928 est
2372 2873 2605 2926 salutem
2637 2871 3027 2941 desperaturos
3056 2886 3180 2926 esse
3215 2885 3332 2934 eos,
3364 2871 3460 2941 qui

188 2962 330 3015 ἀλλά
376 2963 470 3016 καὶ
518 2964 618 3016 ὅσα
667 2963 929 3034 ἐπιθυμία
971 2966 1284 3036 ἐργάζεται,
1329 2968 1422 3021 καὶ
1474 2967 1716 3035 πλεονεξί

1928 2978 1993 3017 οη
2027 2963 2190 3018 modo
2218 2979 2314 3034 per
2343 2961 2682 3016 iracundiam
2725 2963 2778 3015 in
2841 2962 2952 3015 vita
2997 2963 3420 3017 commissorum
3441 3005 3456 3026 .

195 3054 292 3104 καὶ
319 3051 508 3121 τῦφος,
539 3055 633 3107 καὶ
661 3054 962 3125 φιλοτιμία,
1006 3057 1102 3109 καὶ
1141 3057 1356 3126 φθόνος,
1389 3059 1482 3112 καὶ
1521 3061 1550 3111 ὁ
1592 3059 1723 3112 λοιπὲ

1931 3071 2071 3110 arum
2095 3055 2260 3110 etiam
2277 3069 2488 3116 eorum,
2513 3069 2634 3125 quae
2654 3053 2950 3123 cupiditas,
2976 3069 3098 3124 quae
3123 3054 3274 3109 fraus
3293 3063 3459 3124 atque

188 3142 362 3212 ἐσμὸς
394 3118 502 3196 τῶν
531 3118 886 3213 ἀνθρωπίνων
912 3118 1097 3201 κακῶν
1117 3167 1132 3213 ;
1154 3118 1271 3202 ’Διά
1303 3118 1459 3202 τοῦτο
1484 3149 1617 3221 πρὸς
1651 3168 1716 3204 το

1929 3147 2134 3210 varitia,
2173 3162 2294 3218 qua:
2326 3118 2544 3209 fastus,
2589 3118 3010 3216 quae-ambitio,
3047 3162 3168 3216 qua;
3229 3118 3457 3210 invidia.

187 3234 566 3296 παντοδαποὺς
601 3235 823 3306 ἐχθροὺς
846 3237 1193 3310 ἀποστρέψας
1220 3239 1312 3292 τὸν
1340 3239 1519 3308 λόγον,
1555 3259 1573 3292 ι
1617 3241 1715 3292 ‘An:

1925 3257 2003 3296 uae
2035 3242 2306 3311 reliquum
2342 3239 2708 3294 humanorum
2732 3239 2990 3293 vitiorum
3018 3246 3291 3309 perpetrat
3321 3253 3453 3294 exa-

199 3341 419 3395 στητε,›
449 3324 634 3395 φησὶν,
661 3345 678 3376 ι
721 3328 813 3380 ἀπ’
837 3327 994 3397 ἐμοῦ,
1019 3329 1217 3390 πάντες
1237 3331 1285 3382 οἱ
1306 3329 1659 3402 ἐργαζόμενοι
1676 3329 1727 3384 τ¹1

1929 3349 2030 3396 ιοη,
2075 3339 2430 3403 peccatorum
2487 3331 2591 3385 sibi
2649 3329 2859 3384 conscii
2917 3331 3091 3385 sunt?
3125 3329 3334 3384 Idcirco
3389 3329 3457 3383 ad

187 3413 445 3484 ἀνομίαν.
491 3433 510 3466 ›
544 3416 796 3470 Δείκνυσι
835 3417 892 3470 δὲ
923 3417 1002 3488 τῷ
1035 3419 1234 3489 ἐφεξῆς
1261 3420 1404 3492 λόγῳ
1432 3421 1530 3490 τὴν
1566 3421 1715 3488 ἀγαθ⁴

1925 3426 2014 3480 arii
2041 3425 2258 3496 generis
2279 3423 2535 3478 inimicos
2553 3435 2750 3477 averso
2773 3435 3028 3476 sermone
3045 3437 3088 3472 ιι
3115 3420 3409 3482 Discedite,
3433 3439 3453 3472 ι

187 3506 385 3558 ἐλπίδα
416 3505 509 3559 τοῦ
551 3507 616 3559 ἐκ
649 3507 932 3577 μετανοίας
966 3511 1396 3580 προσγινομένου
1421 3512 1553 3581 ἡμῖν
1581 3528 1712 3564 κατο

1924 3515 2078 3585 ιιιιιίι,
2099 3534 2118 3566 ‹
2153 3529 2183 3566 a
2202 3527 2309 3580 me,
2339 3527 2534 3567 omnes
2549 3511 2642 3582 qui
2663 3510 2964 3581 operamini
2991 3509 3410 3580 iniquitatem“.
3433 3527 3452 3562 ο

186 3597 465 3667 θώματος.
488 3597 663 3662 Εὐθὺς
685 3599 794 3668 γάρ
813 3599 949 3668 όμοῦ
975 3617 1032 3652 τε
1055 3603 1180 3664 τοὺς
1205 3601 1344 3673 ὑπὲρ
1367 3604 1466 3672 τῆς
1489 3602 1714 3671 μετανοίι

1928 3606 2130 3660 stendit
2178 3613 2357 3659 autem
2409 3603 2659 3674 proxime
2715 3601 2966 3668 sequenti
3031 3615 3196 3656 versu
3257 3601 3456 3655 bonam

183 3690 266 3759 τῷ
287 3689 411 3760 Θεῷ
432 3691 751 3762 προσήγαγε
775 3691 987 3759 λόγους.
1013 3694 1106 3745 καὶ
1131 3694 1210 3756 είς
1233 3693 1582 3764 συναίσθησιν
1607 3692 1711 3745 ἐλθι

1931 3716 2030 3754 iem
2061 3713 2356 3755 successus
2388 3695 2640 3767 prosperi
2669 3693 2832 3748 nobis
2861 3709 2928 3748 ex
2969 3693 3293 3764 paenitentia
3330 3708 3459 3764 pro-

185 3783 286 3852 τῆς
315 3781 410 3835 τοῦ
441 3781 574 3834 Θεοῦ
623 3782 749 3852 περὶ
795 3784 958 3836 αὐτὸν
991 3785 1295 3854 εὐμενείας,
1341 3784 1650 3856 δημοσιεύει
1679 3802 1713 3837 τ

1931 3791 2172 3846 :nientis.
2211 3787 2408 3842 Statim
2443 3787 2588 3842 enim
2622 3784 2786 3838 simul
2825 3791 2988 3853 atque
3017 3782 3183 3837 verba
3217 3781 3328 3838 Deo
3359 3799 3459 3854 pro

189 3873 372 3943 χάριν,
401 3874 495 3924 καὶ
522 3875 588 3943 τῇ
605 3873 783 3944 δωρεᾷ
800 3873 1185 3941 ἐπαγάλλεται,
1217 3875 1418 3944 λέγων’
1444 3877 1709 3948 (Είσήκου

1927 3883 2202 3937 :enitentia
2230 3881 2452 3946 obtulit,
2478 3893 2604 3932 cum
2641 3875 3076 3931 benevolentiam
3103 3873 3200 3929 Dei
3233 3889 3455 3946 erga,se

187 3963 397 4035 Κύριος
428 3963 528 4034 τῆς
577 3964 759 4034 φωνῆς
805 3965 904 4034 τῆς
953 3965 1186 4035 δεήσεως
1229 3983 1330 4035 μου
1369 3981 1382 3994 ⁸
1431 3966 1632 4038 Κύριος
1677 3986 1715 4022 τ

1930 3977 2074 4039 ειιεὶι,
2115 3985 2227 4028 tum
2263 3973 2494 4044 gratiam
2530 3971 2777 4040 divulgat
2817 3984 2883 4023 ac
2941 3966 3224 4038 pradicat,
3279 3975 3333 4021 et
3385 3969 3458 4023 ob

188 4055 505 4125 προσευχήν
560 4072 662 4124 μου
709 4055 1087 4125 προσεδέξατο.
1135 4075 1153 4107 ι
1193 4056 1280 4119 Ὠς
1334 4056 1401 4109 ἂν
1450 4052 1543 4110 οῦν
1589 4059 1668 4120 εἰς
1713 4082 1716 4092 ι

1929 4081 2082 4120 )num
2109 4066 2214 4121 sibi
2246 4065 2423 4136 placet
2459 4072 2624 4135 atque
2656 4064 2892 4126 laetatur,
2928 4062 3161 4117 dicens:
3204 4079 3224 4113 ι
3274 4061 3457 4118 Exau-

187 4147 436 4216 διηνεκὲς
469 4146 618 4218 αὐτῷ
647 4147 706 4200 τὸ
749 4146 950 4215 ἀγαθὸν
989 4147 1312 4218 παραμένοι,
1346 4149 1408 4201 τδ
1455 4149 1518 4202 ἐκ
1546 4149 1646 4218 τῆς
1675 4167 1715 4220 μ

1937 4159 2013 4212 vit
2047 4156 2313 4212 Dominus
2371 4171 2556 4210 vocem
2622 4155 3024 4226 deprecationis
3085 4169 3269 4210 meae:
3335 4154 3458 4209 Do-

193 4237 418 4298 τανοίας
450 4236 596 4306 αὐτῷ
627 4237 1076 4308 προσγενόμενον,
1107 4239 1202 4292 καὶ
1233 4239 1308 4309 μὴ
1325 4240 1580 4310 δευτέρας
1614 4241 1721 4294 πάλ

1934 4252 2059 4306 inus
2133 4249 2441 4304 orationem
2524 4262 2700 4303 meam
2796 4247 3060 4317 suscepit.
3106 4245 3216 4300 iUt
3287 4247 3455 4316 igitur

189 4327 484 4397 μετανοίας
528 4327 715 4398 χρείαν
759 4331 788 4381 ό
820 4327 933 4396 βίος
963 4328 1157 4381 λάϐοι·
1194 4329 1609 4401 ἀποστραφῆναι
1647 4332 1717 4384 τοὶ

1926 4363 1931 4396 ι
1974 4351 2296 4412 perpetuum
2337 4339 2481 4410 apud
2539 4355 2597 4395 se
2627 4347 2844 4393 maneat
2899 4337 2951 4392 id
2991 4339 3138 4408 quod
3169 4355 3234 4394 ex
3279 4341 3454 4409 paeni-

184 4417 419 4490 ἐχθροὺς
463 4419 627 4472 αὑτοῦ
671 4419 846 4472 δεῖται
883 4420 950 4472 δι’
984 4421 1245 4492 αἰσχύνης
1285 4423 1712 4494 μαστιγουμένου

1926 4433 2047 4486 :ntia
2084 4433 2288 4487 bonum
2323 4431 2428 4501 ipsi
2461 4430 2714 4489 accessit,
2747 4444 2812 4482 ac
2844 4429 2953 4483 vita
2987 4444 3096 4483 non
3125 4430 3295 4484 altera
3330 4445 3454 4485 rure

197 4513 258 4563 ὐ
285 4510 396 4579 γὰρ
421 4509 728 4582 αἰσχυνθεὶς
759 4512 851 4564 ἐπὶ
877 4513 942 4582 τῇ
963 4510 1056 4564 τοῦ
1084 4511 1255 4565 κακοῦ
1285 4514 1614 4585 ἐγχειρήσει,
1647 4532 1722 4566 πα

1925 4539 1974 4578 is
2012 4521 2331 4592 paenitentia
2368 4537 2506 4592 Opus
2542 4521 2760 4586 liabeat,
2789 4526 2934 4584 orat,
2988 4552 2997 4560 -
3035 4527 3095 4573 ut
3125 4519 3331 4574 inimici
3366 4521 3453 4574 sui

183 4599 424 4670 δαγωγῷ
448 4601 584 4671 πρὸς
615 4601 678 4654 τὸ
710 4600 904 4671 μηκέτι
932 4603 1041 4664 τοῖς
1076 4602 1257 4666 αὐτοῖς
1290 4603 1668 4675 συνενεχθῆναι
1701 4621 1711 4637 ⁸

1920 4615 2089 4669 udore
2117 4614 2368 4684 castigati
2397 4621 2739 4668 avertantur.
2776 4610 2910 4664 Nam
2952 4611 3045 4680 qui
3095 4611 3168 4664 ob
3204 4611 3257 4664 id
3305 4610 3448 4680 quod

187 4691 427 4763 αἰσχύνῃ
457 4691 772 4762 χρώμενος,
817 4693 916 4764 τῆς
961 4693 1069 4745 τῶν
1118 4694 1318 4764 ὁμοίων
1350 4693 1542 4762 πείρας
1574 4697 1652 4757 εἰς
1678 4697 1715 4747 τί

1919 4707 2081 4760 talum
2137 4705 2317 4762 facere
2357 4721 2526 4760 ausus
2576 4704 2666 4765 sit.
2724 4702 2966 4762 erubuit,
3022 4702 3234 4771 pudore
3290 4705 3447 4771 quasi

184 4785 390 4854 ἐφεξῆς
414 4785 606 4854 χρόνον
631 4783 907 4852 ἀφέξεται.
933 4785 1079 4854 Αὕτη
1103 4786 1204 4854 τῆς
1226 4785 1435 4856 ἀγαθῆς
1454 4787 1712 4840 ἀναϐάσει

1923 4795 2226 4851 ioderatore
2253 4805 2416 4852 utens
2451 4795 2518 4850 ad
2549 4797 2672 4858 hoc,
2705 4811 2774 4850 ne
2799 4793 3036 4863 amplius
3058 4792 3248 4848 iisdem
3290 4794 3451 4850 malis

184 4875 220 4942 ἡ
247 4872 566 4927 ἀκολουθία.
630 4873 690 4927 '0
720 4873 978 4946 τέταρτος
1021 4873 1232 4944 ψαλμὸς
1262 4875 1324 4928 τὸ
1364 4875 1524 4929 άῡλον
1567 4876 1712 4944 ἀγαθε

1919 4889 2245 4952 iinﬂictetur,
2294 4905 2324 4943 a
2377 4889 2677 4944 tentatione
2735 4885 2997 4942 similium
3058 4883 3114 4938 in
3170 4893 3447 4954 posterum

183 4965 296 5018 ἀπὸ
330 4963 426 5016 τοῦ
473 4964 790 5034 σωματικοῦ
835 4965 929 5020 καὶ
979 4966 1415 5037 σαρκωδεστέρου
1462 4967 1711 5038 διέκρινεκ

1915 4981 2192 5036 bstinebit.
2221 4979 2346 5035 llaec
2371 4980 2525 5034 bonae
2549 4978 2896 5035 ascensionis
2919 4976 3317 5045 consequentia
3340 4983 3443 5030 est.

183 5053 292 5117 δέ,
318 5053 414 5106 τοῦ
436 5055 678 5107 τοιούτου
705 5055 909 5124 ἀγαθοῦ
943 5056 1040 5129 τὴν
1063 5057 1424 5129 κληρονομίαν
1455 5057 1711 5128 ἐπηύξατι

1917 5081 2117 5136 τιιιιηιιε
2140 5073 2385 5143 psalmus
2421 5071 2779 5126 immateriale
2811 5070 3312 5138 incorporeunique
3347 5066 3445 5119 bo-

181 5151 347 5213 ἐκτος
397 5150 490 5204 τὸν
543 5152 731 5221 καιρὸν
777 5152 876 5222 τῆς
920 5153 1286 5224 κληρονομίας
1334 5153 1579 5220 ὑπέδειξε
1607 5193 1622 5217 ,
1668 5155 1709 5207 τε

1917 5176 2006 5215 um
2054 5175 2082 5214 a
2134 5173 2399 5230 corporeo
2459 5175 2771 5230 carneoque
2826 5159 3132 5222 discrevit;
3195 5155 3443 5227 quintus.

184 5242 418 5311 ὐγδόης
436 5241 713 5312 μνησθείς·
727 5245 760 5313 ὴ
773 5241 986 5312 Ὀγδόη,
999 5243 1089 5297 τὸν
1101 5244 1197 5314 τῆς
1209 5244 1442 5316 κρίσεως
1456 5244 1618 5314 ἐφανέ
1627 5262 1712 5317 pun

1917 5249 2144 5315 iusmodi
2185 5250 2310 5303 boni
2359 5249 2737 5304 haereditatem
2792 5256 3048 5320 precatus
3076 5255 3202 5312 est;
3257 5252 3445 5301 sextus

184 5334 356 5403 φόϐον
375 5351 389 5364 ’
422 5335 456 5404 ἡ
488 5333 690 5403 κρίσις,
724 5337 834 5397 τοῖς
862 5335 984 5387 καθ’
1018 5337 1163 5405 ἡμᾶς
1193 5336 1538 5406 ἁμαρτωλοῖς
1563 5336 1712 5408 προλ‹

1919 5351 2094 5396 ποιοινιε
2129 5343 2270 5396 facta
2306 5342 2605 5406 mentione,
2637 5348 2855 5412 tempus
2883 5337 3217 5395 hzereditatis
3257 5346 3447 5392 osten-

183 5424 302 5477 ϐεἶν
331 5425 397 5493 τῇ
433 5421 692 5493 μετανοίᾳ
735 5423 801 5474 τά
841 5423 1046 5494 φοϐερά
1075 5425 1508 5480 συνεϐούλευσεν.
1550 5422 1701 5491 Εἶτα,

1915 5435 1996 5500 it;
2027 5434 2228 5490 Octava
2262 5435 2456 5504 judicii
2491 5445 2755 5490 terrorem
2815 5443 2943 5488 ante
2986 5433 3177 5488 oculos
3236 5432 3439 5500 posuit;

182 5515 472 5582 μετάνοια,
499 5514 534 5584 ἡ
565 5513 706 5567 κατά
744 5513 900 5582 λόγον
937 5513 1014 5585 τῷ
1043 5514 1161 5584 Θεῷ
1195 5517 1588 5590 ποοσαχθεῖσα,
1619 5519 1680 5573 τὸ
1707 5539 1710 5567 l

1905 5526 2141 5582 udicium
2167 5541 2268 5582 nos
2305 5532 2626 5597 peccatores
2675 5523 2982 5588 admonuit,
3022 5529 3083 5576 ut
3115 5508 3433 5587 ρωηῐῑεηῑῑιι

254 5690 301 5724 ⁸⁵
329 5691 480 5750 Psal.
516 5707 588 5754 τι,
632 5694 681 5746 7.
770 5693 811 5724 “
837 5693 1028 5749 Matth.
1058 5709 1152 5760 vn,
1182 5694 1270 5749 25.
