3870 6220
383 285 489 340 615

1604 280 1662 336 S.
1700 277 2029 335 GllEGOﬂll
2056 278 2344 336 NYSSENI

3555 282 3668 338 6l6

383 397 655 456 terribilia
704 395 1146 468 praeveniamus;
1217 393 1414 450 deinde
1451 394 1781 465 paenitentia
1844 401 2021 456 cum}

2074 398 2244 469 αὐτῆς
2270 397 2402 468 ἡμῖν
2429 397 2706 468 γινόμενον
2732 394 2920 469 κέρδος
2945 397 3354 468 εὐηγγελίσατο,
3387 399 3625 455 εἰποῦσα
3642 441 3666 467 ,

384 493 599 548 ratione
626 489 740 545 Deo
788 489 999 554 oblata,
1059 489 1298 554 lucrum,
1353 489 1504 558 quod
1559 503 1625 543 ex
1675 503 1738 544 ea
1798 488 1973 560 magis

387 585 547 641 nobis
582 584 877 656 contingit,
911 583 1278 648 denuntiavit,
1310 597 1435 638 cum
1473 581 1650 637 dixit:
1679 600 1699 634 ι
1729 581 1972 636 Exaudi-

385 680 463 732 vii.
497 676 762 732 Dominus
795 691 987 733 vocem
1028 691 1154 732 cum
1184 675 1446 746 lacrymis
1474 689 1534 730 se
1568 673 1637 728 ad
1674 689 1798 728 eum
1837 688 1974 729 con-

383 769 667 824 vertentis.
712 787 732 822 ι
771 767 892 836 Quo
926 767 1073 822 facto
1106 775 1165 822 ut
1200 767 1402 822 bonum
1437 765 1573 820 illud
1600 766 1657 820 in
1693 773 1970 837 posterum

385 861 546 917 nobis
600 860 1038 916 illabefactatum
1075 873 1141 913 ac
1197 858 1398 914 stabile
1455 865 1795 929 permaneat,
1852 867 1974 914 orat

385 951 681 1022 Propheta,
712 960 772 1006 ut
803 952 1152 1006 inimicorum
1191 965 1455 1007 sensuum
1486 957 1651 1021 atque
1685 949 1972 1021 cogitatio-

383 1060 518 1100 num
547 1059 646 1114 per
675 1043 939 1114 pudorem
1001 1042 1229 1098 abolitio
1290 1044 1598 1114 contingat.
1655 1041 1774 1096 Non
1825 1042 1970 1098 enim

387 1137 494 1191 alia
524 1137 740 1191 ratione
780 1135 1038 1190 inimicus
1068 1133 1269 1205 aliquis
1297 1143 1353 1190 et
1381 1134 1606 1206 iniquus
1635 1135 1802 1191 animi
1835 1151 1972 1191 con-

386 1235 584 1295 ceptus
608 1242 672 1282 ac
700 1241 898 1282 sensus
933 1226 1210 1296 exstingui
1251 1232 1456 1296 potest,
1492 1226 1598 1281 nisi
1633 1225 1812 1297 pudor
1849 1225 1972 1296 ejus

387 1318 746 1373 abolitionem
777 1317 1113 1373 intrinsecus
1143 1314 1408 1373 ell‘ecerit.
1439 1317 1632 1374 Hiatus
1660 1319 1808 1376 enim
1864 1319 1973 1374 alte

388 1411 690 1484 depressus
744 1417 912 1480 atque
945 1411 1222 1465 contritus
1253 1411 1432 1482 pudor
1492 1411 1562 1466 ob
1595 1411 1763 1466 vitam
1829 1412 1971 1467 male

387 1513 568 1560 actam
599 1503 838 1567 exsistit,
878 1503 946 1559 ab
1003 1503 1227 1560 homine
1266 1511 1550 1573 peccatum
1601 1504 1771 1560 veluti
1811 1520 1970 1560 muro

385 1614 485 1669 per
523 1614 645 1652 sese
676 1597 942 1653 dirimens
977 1604 1143 1668 atque
1171 1597 1510 1654 discludens.
1563 1595 1822 1653 Dicamus
1854 1596 1970 1668 igi-

385 1699 497 1756 tur,
531 1711 550 1742 ‹
583 1690 927 1746 Erubescant
951 1700 1006 1746 et
1035 1698 1383 1746 revertantur
1403 1691 1754 1746 vehementer
1776 1705 1968 1745 omnes

385 1784 592 1839 inimici
624 1785 750 1838 mei.
793 1804 812 1837 ι
877 1782 1089 1838 Inimici
1121 1794 1325 1848 autem,
1362 1782 1618 1838 videlicet
1674 1782 1963 1838 domestici

384 1873 530 1941 ejus,
568 1874 663 1944 qui
697 1889 762 1928 ex
795 1873 964 1929 corde
995 1875 1299 1945 procedunt
1348 1882 1402 1929 et
1455 1874 1747 1944 inquinant
1790 1873 1968 1928 homi-

385 1982 532 2032 tem,
564 1965 766 2036 quibus
798 1966 1050 2021 celeriter
1073 1982 1197 2020 cum
1230 1966 1439 2036 pudore
1468 1967 1700 2032 aversis,
1733 1967 1968 2036 excipiet

2077 491 2164 543 ὅτι
2197 491 2530 560 «Εἰσήκουσε
2559 491 2764 562 Κύριος
2789 491 2888 561 τῆς
2905 492 3087 563 φωνῆς
3116 492 3210 546 τοῦ
3244 493 3380 563 μετὰ
3404 493 3671 562 δακρύων

2075 579 2215 650 πρὸς
2241 579 2404 634 αὑτὸν
2422 576 2977 650 ἐπιστρέφοντος.»οὗ
2997 582 3310 653 γενομένου,
3329 582 3404 646 ὡς
3429 580 3497 636 ἃν
3523 585 3672 655 πρὸς

2072 674 2166 727 τὸν
2199 673 2396 746 ἑφεξῆς
2422 675 2612 745 χρόνον
2638 675 3027 748 ἀμετάπτωτον
3059 678 3192 748 ἡμῖν
3217 676 3279 731 τδ
3305 675 3510 745 ἀγαθὸν
3554 693 3676 729 παν·-

2077 763 2338 834 ραμένοι,
2372 764 2464 818 τὸν
2509 765 2817 836 ἀφανισμὸν
2846 765 2955 819 τῶν
3001 766 3212 839 ἐχθρῶν
3257 766 3550 837 νοημάτων
3589 764 3672 818 δι’

2073 853 2335 926 αἰσχύνης
2362 857 2613 925 γενέσθαι
2663 857 2973 928 παρακαλεῖ
3015 861 3043 910 ὁ
3074 860 3383 929 Προφήτης.
3435 858 3512 910 Οὔ
3547 857 3676 928 γὰρ

2073 945 2223 999 ἐστιν
2251 946 2424 1011 ἄλλως
2451 947 2646 1018 ἐχθρόν
2668 965 2720 1000 τι
2746 947 2838 1001 καὶ
2859 947 3171 1018 παράνομον
3191 946 3370 1018 νόημα
3393 947 3679 1000 κατασϐε-

2075 1037 2290 1110 σθῆναι,
2341 1040 2418 1110 μὴ
2446 1041 2707 1111 αἰσχύνης
2739 1038 2904 1092 αὐτοῦ
2939 1039 3030 1092 τὸν
3058 1038 3364 1109 ἀφανισμὸν
3393 1036 3676 1109 ἐμποιοῦ-

2075 1148 2196 1203 σης.
2235 1132 2437 1202 Χάσμα
2469 1132 2578 1202 γὰρ
2620 1134 2826 1201 γίνεται
2875 1132 2964 1186 διὰ
2997 1130 3192 1202 βάθους
3235 1130 3674 1201 ὲστηριγμένον,

2073 1224 2107 1295 ή
2150 1225 2244 1278 ἐπὶ
2275 1228 2386 1287 τοῖς
2417 1225 2601 1288 κακῶς
2635 1225 2987 1296 βεόιωμένοις
3027 1221 3291 1295 αἰσχύνη,
3337 1223 3406 1277 δι’
3451 1223 3679 1294 ἑαυτῆς

2070 1316 2166 1370 τοῦ
2209 1315 2498 1387 ἀνθρώπου
2546 1317 2646 1389 τὴν
2692 1317 2966 1389 ἁμαρτίαν
3015 1313 3450 1386 ἀποτειχίζουσα.
3497 1313 3679 1366 Εἴπω

2072 1404 2164 1463 οὖν
2189 1449 2205 1474 ,
2239 1410 2321 1463 ὅτι
2360 1429 2378 1463 t
2414 1409 2843 1481 Αἰσχυνθείησαν
2874 1412 2966 1464 καὶ
3008 1409 3404 1480 ὲντραπείησαν
3445 1406 3679 1478 σφόδρα

2072 1502 2273 1568 πάντες
2299 1503 2349 1556 οἰ
2372 1503 2556 1575 ἐχθροί
2585 1521 2743 1574 μου.»
2765 1503 2979 1574 Ἐχθροί
3007 1502 3064 1555 δὲ
3081 1501 3328 1572 δηλονότι
3352 1501 3399 1553 οἰ
3415 1498 3678 1553 οἰκιακοὶ

2070 1594 2260 1660 αὑτοῦ,
2291 1596 2339 1650 οἰ
2391 1597 2454 1649 ὲκ
2480 1597 2579 1667 τῆς
2627 1595 2852 1666 καρδίας
2894 1593 3336 1667 ἐκπορευόμενοι,
3383 1590 3474 1645 καὶ
3533 1607 3673 1642 κοι-

2071 1685 2286 1751 νοῦντες
2307 1687 2395 1740 τὸν
2423 1686 2708 1758 ἄνθρωπον
2731 1704 2745 1718 °
2779 1679 2852 1740 ὧν
2877 1685 3165 1756 διατάχους
3192 1681 3673 1752 ἀποστραφέντων

2075 1781 2194 1851 μετ’
2228 1781 2509 1852 αἰσχύνης,
2536 1779 2837 1846 διαδέξεται
2865 1781 3013 1852 ἡμᾶς
3033 1781 3067 1849 ἡ
3100 1776 3253 1841 ἐλπὶς
3284 1776 3382 1845 τῆς
3405 1773 3588 1844 δόξης,
3620 1773 3671 1840 ἢ

2071 1873 2150 1936 εἰς
2182 1872 2446 1944 αἰσχύνην
2477 1873 2553 1946 μὴ
2579 1874 2958 1944 καταλήγουσα
2979 1912 2994 1935 ,
3040 1871 3222 1942 χάριτι
3264 1865 3358 1921 τοῦ
3401 1864 3613 1936 Κυρίου
3642 1877 3667 1894 ⁶

2071 1957 2117 2032 ᾧ
2149 1965 2182 2036 η
2213 1964 2339 2029 δόξα
2370 1966 2451 2029 εἰς
2484 1967 2609 2029 τοὺς
2637 1966 2862 2028 αἰῶνας.
2907 1965 3099 2036 Ἀμήν.

385 2071 487 2110 nos
516 2069 642 2125 spes
664 2055 870 2126 gloriae,
899 2070 1021 2126 quae
1049 2070 1159 2111 non
1180 2055 1384 2111 desinit
1407 2057 1459 2111 in
1489 2056 1776 2126 pudorem,
1797 2057 1974 2127 gratia
2002 2054 2244 2122 Domini,
2272 2056 2361 2111 cui
2393 2056 2570 2128 gloria
2599 2057 2655 2112 in
2693 2057 2892 2113 secula
2920 2057 3269 2124 saeculorum,
3300 2058 3492 2114 Amen.

399 2248 3636 2280 Μ

1767 2400 1906 2453 ΤοΥ
1935 2400 2026 2452 EN
2055 2400 2282 2453 ΑΓΙΟΙΣ

1258 2589 2122 2707 ΓΡΗΓΟΡΙΟΥ
2184 2591 2766 2708 ΝΥΣΣΗΣ

1639 2855 2023 2910 ΕΞἮΓΗΣΙΣ
2061 2857 2394 2910 ΑΚΡῙΒΗΣ

731 3046 903 3134 ΕΙΣ
973 3045 1199 3132 TON
1271 2986 2138 3130 ΕΚΚΑΗΣΙΑΣΤΗΝ
2214 3043 2442 3130 ΤΟΥ
2513 3042 3294 3138 ΣΑΛΟΜΩΝΤΟΣ.

1230 3419 1358 3534 S.
1434 3419 2106 3536 GREGORII
2199 3421 2814 3538 NYSSENI

1601 3644 1881 3702 ACCURA
1892 3645 1979 3701 ΤΑ
2022 3645 2439 3708 EXPOSITIO

917 3816 1058 3908 IN
1148 3815 2166 3909 ECCLESIASTEN
2270 3819 3121 3920 SALOMONIS.

1603 4031 1851 4084 Gentiano
1873 4033 2096 4084 Herveto
2114 4037 2411 4100 interprete.

973 4420 1257 4477 HOMILIA
1300 4421 1344 4477 ῐ.

2673 4430 2916 4484 ΟΜῘΛῘΑ
2953 4433 3033 4487 A'.

402 4516 570 4570 Verba
617 4513 955 4570 Ecclesiastes
991 4515 1095 4584 ﬁlii
1119 4514 1326 4598 .Dauid,
1362 4516 1498 4586 regis
1543 4514 1720 4570 Israel
1765 4498 1963 4569 Hiero-
1990 4495 2021 4553 ί

2081 4514 2334 4584 Ῥήματα
2378 4517 3039 4598 Ἑριξλησμστοῦηυιοῦ
3093 4523 3286 4598 dubia.
3337 4525 3652 4598 ,βασιλέως

1049 4585 1289 4654 solymis.

469 4677 692 4732 Vanitas
711 4677 1026 4740 ounitatum,
1061 4679 1243 4731 omnia
1271 4677 1498 4738 vanitas,
1525 4675 1666 4729 dixit
1692 4674 1964 4730 Ecclesia-

381 4779 516 4826 εἰει.
557 4771 610 4825 5.
646 4769 788 4836 Quid
817 4779 1050 4838 superest
1077 4768 1275 4824 homini
1318 4770 1374 4822 in
1423 4769 1563 4822 omni
1593 4768 1784 4822 labore
1825 4785 1920 4822 suo
1942 4806 1960 4831 ,

380 4880 492 4932 quo
524 4863 731 4916 laborat
756 4861 850 4915 sub
874 4862 1031 4917 sole?
1063 4862 1116 4916 4..
1148 4859 1427 4915 Generatio
1464 4861 1677 4924 transit,
1722 4869 1771 4914 et
1805 4876 1962 4928 gene-

385 4956 531 5009 ratio
551 4954 800 5008 advertit:
837 4964 982 5008 terra
1015 4963 1189 5007 autem
1220 4954 1278 5006 in
1299 4962 1556 5008 (sternunt
1592 4959 1717 5005 stat.
1753 4951 1807 5006 5.
1841 4949 1964 5005 Ori-

387 5057 480 5102 tur
507 5048 588 5101 sol
621 5056 670 5102 et
695 5047 908 5108 occidit,
935 5057 984 5100 et
1017 5044 1088 5099 ad
1123 5045 1299 5099 locum
1350 5061 1507 5098 suum
1557 5045 1806 5097 trahitur.
1843 5041 1965 5112 Ipse

387 5140 463 5193 ibi
497 5141 670 5194 oriens
703 5140 846 5193 vadit
870 5137 941 5191 ad
966 5150 1229 5200 austrum,
1254 5146 1308 5190 et
1340 5146 1502 5207 gyrat-
1525 5135 1594 5189 ad
1637 5137 1960 5204 aquilonem.

2461 4589 2709 4657 Ἰσραὴλ
2752 4591 2820 4644 ἐν
2859 4593 3265 4664 Ἰερουσαλήμ.

2138 4680 2475 4748 Ματαιότης
2505 4682 2934 4750 ματαιοτήτων,
2968 4685 3041 4739 τὰ
3075 4685 3270 4740 πάντα
3298 4691 3648 4759 ματαιότης,

2068 4765 2237 4824 εἶπεν
2279 4773 2312 4824 ὁ
2353 4773 2849 4840 Ἑκκλησιαστής.
2901 4773 3000 4841 Τίς
3050 4778 3365 4844 περισσεία
3413 4777 3495 4844 τῷ
3537 4780 3652 4834 ἁν-

2070 4861 2277 4931 θρώπφ
2304 4864 2373 4918 ἐν
2403 4865 2581 4919 παντὶ
2602 4867 2805 4934 μόχθῳ
2835 4867 3040 4931 αὑτοῦ,
3075 4861 3126 4934 ᾧ
3147 4870 3364 4940 μοχθεῒ
3395 4871 3515 4925 ὑπὸ
3543 4873 3656 4926 τὸν

2069 4953 2280 5022 ἤλιον;
2328 4958 2518 5010 Γενεὰ
2571 4959 2903 5025 πορεύεται,
2948 4961 3123 5028 γενεὰ
3168 4961 3421 5031 ἔρχεται,
3463 4963 3564 5016 καὶ
3613 4964 3652 5034 ἠ

2068 5045 2143 5116 γῆ
2197 5049 2286 5113 εἰς
2335 5048 2444 5100 τὸν
2493 5047 2680 5101 αἰῶνα
2739 5048 3017 5113 ἕστηκεν.
3071 5051 3180 5104 Καὶ
3244 5052 3560 5107 ἀνατέλλει
3618 5061 3655 5110 ό

2068 5138 2265 5204 ἥλιος,
2303 5139 2401 5193 καὶ
2443 5142 2528 5205 εὶς
2561 5139 2670 5193 τὸν
2697 5141 2887 5193 τόπον
2924 5141 3108 5195 αὑτοῦ
3136 5141 3323 5196 ἕλκει.
3368 5143 3654 5198 Ἀνατέλ-

385 5234 441 5285 6.
472 5230 733 5286 Lustrans
764 5234 1009 5285 universa
1054 5231 1217 5300 pergit
1250 5230 1492 5298 spiritus,
1541 5238 1591 5284 et
1641 5230 1696 5283 in
1731 5231 1960 5283 circulos

2073 5233 2192 5284 λων
2219 5232 2400 5297 αὐτὸς
2423 5230 2565 5298 ἐκεῖ,
2618 5232 2928 5300 πορεύεται
2968 5236 3118 5300 πρὸς
3165 5236 3365 5301 νότον,
3414 5237 3511 5289 καὶ
3542 5253 3653 5290 κυ-

389 5337 514 5374 suos
545 5323 825 5375 revertitur
849 5321 1088 5391 spiritus.
1120 5320 1172 5372 7.
1201 5318 1393 5374 Omnes
1447 5329 1704 5372 torrentes
1756 5320 1962 5372 intrant

2068 5322 2212 5376 κλοῖ
2242 5323 2390 5390 πρὸς
2407 5321 2657 5391 βοῤῥᾶν.
2691 5324 2971 5378 Κυκλοῦν
2999 5326 3310 5392 πορεύεται
3356 5326 3422 5378 τὸ
3462 5326 3652 5380 πνεῦ-

388 5412 445 5475 in
478 5427 643 5471 mare.
675 5420 723 5465 et
746 5427 895 5466 mare
926 5427 1031 5464 non
1057 5419 1135 5464 est
1165 5410 1438 5478 repletum.
1480 5407 1564 5458 Ad
1599 5408 1772 5461 locum
1824 5408 1962 5461 unde

2073 5430 2167 5482 μα,
2191 5415 2285 5468 καί
2314 5413 2412 5466 ἐπὶ
2441 5415 2704 5480 κύκλους
2723 5415 2909 5470 αὑτοῦ
2929 5415 3269 5485 ἐπιστρέφει
3298 5418 3363 5471 τὸ
3389 5418 3648 5487 πνεῦμα.

387 5511 579 5556 exeunt
611 5503 836 5572 flumina
888 5510 1237 5566 revertuntur,
1303 5512 1356 5553 ut
1405 5501 1596 5552 iterum
1652 5507 1860 5552 exeant.
1903 5497 1958 5553 8.

394 5594 588 5650 Omnes
621 5612 882 5649 sermones
913 5595 1188 5660 laboriosi,
1221 5611 1323 5648 non
1351 5592 1540 5662 poterit
1578 5591 1655 5644 vir
1675 5607 1761 5645 eos
1798 5591 1957 5661 loqui.

394 5683 518 5741 Non
547 5687 880 5742 saturabitur
925 5688 1112 5742 oculus
1158 5687 1295 5751 visu,
1331 5702 1421 5739 nec
1453 5685 1602 5738 auris
1640 5683 1828 5738 auditu
1859 5684 1962 5736 im-

392 5777 639 5836 ulebitur.
670 5779 724 5836 9.
755 5777 896 5844 Quid
921 5787 999 5834 est
1047 5777 1186 5840 quod
1209 5777 1355 5848 fuit?
1387 5775 1570 5846 Ipsum
1606 5777 1746 5848 quod
1802 5777 1953 5847 futu-

2068 5503 2300 5570 Πάντες
2327 5508 2379 5558 oi
2407 5505 2710 5573 χειμαρῤοι
2751 5507 3103 5573 πορεύονται
3149 5509 3234 5574 εἰς
3277 5506 3392 5576 τὴν
3419 5511 3652 5563 θάλασ-

2067 5610 2219 5661 σαν,
2264 5597 2365 5650 καὶ
2404 5597 2444 5664 ἠ
2492 5595 2777 5650 θάλασσα
2823 5599 2935 5651 οὐκ
2985 5596 3158 5651 ἐστιν
3200 5597 3647 5668 ἐμπιπλαμένη.

2067 5688 2173 5753 Εἰς
2199 5686 2305 5740 τὸν
2327 5687 2516 5742 τόπον
2541 5684 2614 5744 οὗ
2662 5691 2713 5744 οὶ
2754 5688 3059 5760 χείμαρῤοι
3103 5690 3478 5757 πορεύονται,
3525 5691 3656 5746 ἐκεῖ

2063 5778 2234 5833 αὐτοὶ
2271 5779 2702 5850 ἐπιστρέφουσι
2745 5779 2854 5836 τοῦ
2905 5777 3290 5850 πορευθῆναι.
3327 5781 3562 5849 Πάντες
3594 5786 3650 5840 οι
