3870 6220
159 337 272 392 617

1286 337 1351 392 ΙΝ
1389 335 1924 394 ECCLESIASTEN.
1969 337 2251 396 llO-M'ILIA
2287 340 2326 396 1.

3315 345 3420 404 618

157 456 337 522 λόγοι
377 453 640 524 ἔγκριτον,
686 454 757 507 οὐ
803 453 1129 520 δυνήσεται
1173 454 1326 524 ἀνὴρ
1363 457 1470 511 τοῦ
1514 455 1726 510 λαλεῖν

1851 471 1969 509 rum
1999 469 2094 510 εει.
2126 458 2267 522 Quid
2291 466 2368 513 est
2401 457 2769 530 quod'factum
2799 463 2924 517 est?
2954 460 3136 528 Ipsum
3174 463 3312 532 quod
3341 465 3425 531 [a-

161 547 276 600 Καὶ
301 549 412 600 οὐκ
439 546 930 615 ἐμπλησθήσεται
977 547 1284 615 ὀφθαλμὸς
1309 547 1412 602 τοῦ
1445 545 1612 615 ὁρᾷν,
1647 549 1743 601 καὶ

157 641 238 690 οὺ
267 638 722 707 πληρωθήσεται
753 633 862 704 οὖς
890 637 1008 692 ἀπὸ
1037 637 1399 706 ἀκροάσεως.
1446 639 1508 692 Τί
1547 638 1614 690 τὸ
1651 655 1746 706 τε·

158 731 382 797 γονός;
407 729 552 782 αὐτὸ
577 731 644 782 τὸ
669 731 1152 798 τενηθησόμενον
1170 745 1183 760 ·
1215 729 1314 782 καὶ
1337 728 1394 782 τί
1417 727 1483 782 τὸ
1513 743 1749 796 πεποιη-

153 820 386 888 μένον;
427 820 574 874 αὐτὸ
619 820 688 873 τὸ
739 822 1248 889 ποιηθησόμενον,
1309 820 1416 873 Kal
1455 821 1566 873 οὐκ
1613 819 1745 873 ἔστι

157 905 289 962 πᾶν
317 909 668 978 πρόσφατον
692 909 810 964 ὑπὸ
860 910 968 964 τὸν
1009 909 1187 978 ἥλιον
1225 909 1294 975 ὃς
1333 909 1596 976 λαλήσει
1643 911 1743 964 καὶ

151 998 312 1067 ἐρεῖ·
343 989 494 1054 Ἰδοὺ
544 1002 722 1055 τοῦτο
771 1001 1016 1068 καινὸν,
1036 1001 1154 1070 ἤδη
1204 1001 1452 1069 γέγονεν
1504 1003 1574 1054 ἐν
1619 1001 1745 1068 τοῖς

1847 549 2090 603 ciendum
2117 561 2215 605 est.
2252 553 2339 606 10.
2371 551 2534 611 ,Νίίιίι
2559 562 2636 607 εει
2663 553 2757 607 sub
2789 556 2896 608 sole
2945 571 3142 609 recens.
3179 553 3288 610 Nec
3339 564 3422 610 est

1845 642 1938 710 qui
1980 643 2230 712 loquatur
2255 653 2304 697 et
2329 645 2498 711 possit
2527 645 2701 700 dicere
2750 649 2816 701 de
2854 665 2908 701 re
2939 649 3187 718 qualibet,
3211 647 3316 704 Hoc
3340 658 3420 706 est

1847 748 2046 789 recens.
2093 733 2224 788 Ecce
2262 737 2400 790 enim
2429 735 2524 791 hoc
2552 754 2726 792 recens
2743 739 2862 807 jam
2892 740 3093 810 factum
3121 751 3198 794 est
3227 743 3282 795 in
3319 759 3419 796 sre—

1847 823 1982 879 culis
2007 829 2128 895 qua:
2153 828 2370 896 fuerunt
2399 839 2522 884 ante
2565 832 2798 886 7103.11.
2863 833 2984 888 Non
3031 843 3109 887 est
3161 837 3419 890 memoria

1847 915 2034 984 primis
2056 927 2106 971 et
2131 919 2204 972 iis
2225 921 2315 990 qui
2348 921 2560 990 fuerunt
2588 923 2782 976 ultimi.
2815 922 2937 978 Non
2967 927 3066 980 erit
3107 943 3288 988 eorum
3337 945 3418 982 re-

1850 1008 2088 1062 cordatio
2109 1025 2226 1064 cum
2267 1013 2334 1066 iis
2359 1013 2448 1082 qui
2486 1013 2654 1082 futuri
2677 1026 2798 1069 sunt
2824 1017 2879 1068 in
2909 1018 3210 1073 novissimo.

157 1088 332 1145 αὶῶσι
360 1091 486 1157 τοῖς
509 1093 847 1162 γενομένοις
883 1095 1222 1162 ἔμπροσθεν
1247 1093 1442 1162 ἡμῶν·
1474 1096 1586 1148 οὐκ
1623 1094 1754 1148 ἔστι
1782 1097 1989 1167 μνήμη
2031 1101 2154 1168 τοῖς
2179 1104 2448 1171 πρώτοις,
2477 1106 2580 1159 καί
2623 1124 2687 1176 γε
2719 1107 2841 1174 τοῖς
2869 1109 3145 1178 ἐσχάτοις
3185 1112 3420 1181 γενομέ-

149 1199 317 1248 νοις·
344 1187 454 1236 οὐκ
483 1183 652 1237 ἔσται
674 1183 872 1238 αὐτῶν
892 1184 1098 1254 μνήμη
1129 1185 1278 1254 μετὰ
1299 1185 1417 1240 τῶν
1451 1187 1790 1256 γενομένων
1819 1191 1905 1255 εἰς
1931 1192 2044 1260 τὴν
2075 1194 2360 1264 ἐσχάτην.

227 1279 523 1349 Πρόκειται
583 1280 714 1349 ἡμῖν
770 1280 799 1331 ὁ
847 1279 1276 1351 Ἐκκλητιαστὴς
1338 1283 1417 1344 εἰς
1480 1283 1744 1355 ἐξήγησιν

145 1362 272 1422 ἴσον
312 1369 449 1440 ἔχων
488 1369 568 1440 τῷ
609 1370 828 1440 μεγέθει
861 1371 959 1442 τῆς
997 1371 1260 1439 ὡφελείας
1295 1373 1386 1426 τὸν
1437 1375 1596 1428 πόνον
1639 1375 1741 1445 τῆς

145 1463 404 1534 θεωρίας.
437 1463 557 1516 Τῶν
595 1463 704 1534 γὰρ
745 1463 1124 1533 παροιμιακῶν
1157 1465 1442 1536 νοημάτων
1471 1467 1572 1537 ἥδη
1601 1484 1738 1538 προ-

145 1552 545 1621 γυμνασάντων
571 1553 660 1606 τὸν
695 1552 839 1616 νοῦν,
875 1546 950 1606 ὧν
976 1555 1026 1607 οἱ
1061 1557 1323 1609 σκοτεινοὶ
1365 1557 1512 1626 λόγοι
1553 1561 1646 1611 καὶ
1681 1561 1738 1612 αἱ

1911 1284 2079 1344 Nobis
2123 1291 2479 1360 exponendas
2533 1295 2851 1365 propositus
2893 1305 2978 1354 est
3026 1297 3415 1368 Ecclesiastes,

1838 1377 1934 1448 qui
1985 1383 2349 1452 magnitudini
2398 1386 2654 1442 utilitatis
2723 1388 2884 1444 habet
2947 1405 3134 1460 parem
3173 1393 3413 1450 laborem

1837 1473 2338 1542 contemplationis.
2367 1475 2500 1530 Nam
2526 1492 2649 1531 cum
2678 1495 2842 1535 sensa
2867 1482 3278 1550 proverbiornm
3301 1485 3414 1555 jam

1837 1571 2074 1618 mentem
2109 1565 2264 1634 prius
2309 1570 2678 1638 exercuerim,
2715 1588 2950 1642 quorum
2988 1573 3236 1634 obscurae
3287 1587 3417 1634 sunt

143 1645 318 1714 σοφαὶ
341 1647 526 1716 ῥήσεις
559 1645 652 1698 καὶ
685 1646 752 1700 τὰ
778 1647 1098 1718 αἰνίγματα,
1131 1648 1226 1700 καὶ
1266 1651 1322 1701 αἱ
1355 1650 1597 1704 ποικίλαι
1629 1650 1728 1704 τῶν

1840 1654 2108 1720 rationes,
2137 1663 2191 1710 et
2223 1656 2367 1712 dicta
2411 1662 2682 1730 sapientia
2711 1673 2768 1717 et
2816 1665 3137 1736 aenigmata,
3169 1675 3222 1722 et
3274 1669 3414 1723 varii

139 1736 324 1803 λόγων
369 1736 726 1807 ἀναστροφαὶ,
775 1737 956 1802 καθὼς
1010 1739 1254 1810 περιέχει
1295 1740 1357 1793 τὸ
1398 1741 1490 1795 τοῦ
1532 1741 1737 1812 βιϐλίου

143 1827 361 1881 ἐκείνου
389 1828 690 1898 προοίμιον,
717 1830 838 1882 τότε
868 1832 980 1894 τοῖς
1010 1831 1146 1903 πρὸς
1187 1833 1256 1884 τὰ
1290 1832 1599 1906 τελειότερα
1628 1835 1738 1889 τῶν

145 1917 496 1988 μαθημάτων
532 1917 866 1988 αὐξηθείσιν,
895 1921 987 1973 ἐπὶ
1023 1923 1228 1993 ταύτην
1255 1923 1355 1992 τὴν
1390 1923 1609 1994 Γραφὴν
1638 1925 1737 1993 τὴν

133 2009 360 2079 ὑψηλὴν
381 2007 554 2073 οὕτως
587 2012 682 2064 καὶ
719 2010 1092 2080 θεόπνευστον,
1119 2015 1152 2085 ἡ
1189 2015 1373 2078 ἄνοδος
1405 2017 1634 2084 γίνεται.
1675 2019 1735 2072 El

127 2099 302 2170 οὖνὴ
336 2103 604 2174 παροιμία
641 2105 735 2156 καὶ
785 2106 817 2175 ἠ
865 2105 1064 2177 μελέτη
1111 2109 1143 2178 ἡ
1195 2108 1332 2179 πρὸς
1379 2107 1550 2162 ταῦτα
1589 2111 1734 2181 ἡμᾶς

139 2195 510 2267 ἑτοιμάζουσα
555 2195 624 2249 τὰ
657 2197 979 2268 μαθήματα,
1011 2198 1182 2263 οὕτως
1220 2201 1474 2265 ἐπίπονός
1504 2202 1585 2266 τίς
1621 2206 1734 2256 ἐστι

137 2289 240 2340 καὶ
283 2287 680 2360 δυσθεώρητος,
741 2290 906 2342 πόσον
962 2291 1068 2362 χρὴ
1109 2293 1269 2348 πόνον
1311 2293 1493 2358 αὐτοῖς
1542 2297 1733 2368 ὲνορᾷν

141 2380 258 2440 τοῖς
297 2377 520 2448 ὑψηλοῖς
551 2379 760 2442 τούτοις
801 2383 1058 2450 νοήμασι,
1089 2387 1201 2446 τοῖς
1229 2384 1324 2438 νῦν
1355 2388 1734 2458 προκειμένοις

133 2471 226 2533 εἰς
265 2470 496 2542 θεωρίαν
539 2473 710 2542 ἡμῖν;
746 2473 958 2545 Ὠσπερ
1003 2475 1110 2545 γὰρ
1170 2478 1218 2528 οἱ
1279 2479 1338 2530 ὲν
1390 2479 1731 2551 παιδοτρίϐου

133 2559 543 2632 παλαιστρικ-ὴν
577 2562 997 2634 ἐκπονήσαντες,
1035 2565 1172 2636 πρὸς
1219 2567 1468 2636 μείζονας
1503 2569 1732 2638 ἱδρῶτας

124 2649 239 2702 καὶ
272 2651 468 2712 πόνους
496 2653 554 2704 ὲν
580 2655 690 2715 τοῖς
723 2652 900 2720 ἀγῶσι
928 2657 1038 2720 τοῖς
1071 2659 1357 2726 γυμνικοῖς
1388 2660 1728 2713 ἀποδύονται·

131 2739 288 2794 οὕτω
320 2759 412 2813 μοι
437 2743 582 2797 δοκεῖ
612 2744 808 2815 μελέτη
841 2763 925 2809 τις
952 2741 1092 2800 εἶναι
1121 2750 1154 2818 ἡ
1184 2750 1556 2822 παροιμιώδης
1588 2752 1732 2805 διδαο

131 2835 364 2900 σκαλία,
403 2837 537 2908 πρὸς
569 2839 696 2902 τοὺς
749 2840 1234 2910 ἐκκλησιαστικοὺς
1279 2843 1492 2910 ἀγῶνας
1546 2847 1732 2900 παιδο-

129 2929 408 2999 τρισοῦσα
445 2930 542 2994 τὰς
585 2931 760 3002 ψυχὰς
800 2933 956 3004 ήμῶν
1006 2934 1098 2986 καὶ
1150 2935 1627 3006 προμαλάσσουσα.
1669 2939 1730 2992 Εἰ

1841 1745 2128 1800 verborum
2165 1747 2358 1817 ﬂexus,
2417 1753 2560 1808 sicut
2609 1754 2734 1809 libri
2783 1757 2930 1814 illius
2960 1760 3203 1814 continet
3232 1775 3414 1830 prom-

1839 1835 2032 1900 mium,
2068 1845 2200 1893 tunc
2229 1840 2319 1904 iis,
2349 1841 2552 1910 quibus
2583 1845 2649 1897 ad
2712 1844 3064 1914 perfectiores
3095 1845 3413 1916 disciplinas

1841 1921 1983 1980 facta
2042 1925 2206 1982 fuerit
2244 1933 2512 1998 accessio,
2548 1939 2604 1986 et
2621 1931 2689 1988 ad
2711 1933 2852 1990 hanc
2888 1934 3254 2008 Seripturam,
3291 1953 3414 2008 qua:

1837 2032 1966 2073 vere
2021 2031 2105 2074 est
2147 2023 2364 2078 excelsa
2425 2033 2480 2080 et
2535 2025 2802 2083 divinitus
2846 2028 3133 2099 inspirata,
3194 2031 3413 2086 exsistit

1837 2119 2124 2163 ascensus.
2159 2111 2216 2164 Si
2250 2127 2382 2183 ergo
2414 2117 2785 2184 proverbium,
2825 2127 2880 2172 et
2905 2135 3027 2188 quae
3060 2135 3162 2175 nos
3202 2120 3270 2174 ad
3311 2121 3411 2177 has

1837 2197 2160 2270 disciplinas
2189 2217 2456 2275 praeparat
2480 2209 2784 2276 meditatio,
2817 2222 2902 2268 est
2941 2213 3078 2268 adeo
3135 2213 3410 2270 laboriosa

1835 2297 1890 2342 et
1929 2295 2303 2364 contemplatu
2369 2297 2623 2364 diﬂicilis,
2691 2311 2954 2372 quantum
3007 2305 3408 2376 inspiciendum

1836 2387 1920 2436 est
1955 2382 2138 2440 inesse
2171 2387 2411 2443 laborem
2465 2391 2521 2446 in
2561 2392 2646 2448 bis
2671 2395 2999 2452 sublimibus
3047 2397 3255 2462 sensis,
3287 2413 3410 2468 qua:

1837 2488 1982 2528 nunc
2009 2480 2423 2548 contemplanda
2487 2484 2646 2540 nobis
2709 2495 2837 2541 sunt
2894 2490 3217 2557 proposita?
3254 2487 3406 2556 Quo-

1835 2566 1998 2620 modo
2019 2569 2166 2628 enim
2194 2573 2285 2640 qui
2316 2575 2456 2642 apud
2485 2576 2838 2644 pzedotribam
2868 2581 2921 2632 in
2953 2580 3254 2648 palaestrica
3287 2591 3407 2636 arte

1835 2654 2244 2726 laboraverunt,
2305 2663 2370 2716 ad
2429 2665 2664 2734 majores
2719 2668 2948 2724 sudores
2991 2678 3044 2726 et
3084 2671 3300 2730 labores
3349 2673 3405 2728 in

1834 2749 2228 2806 certaminibus
2261 2755 2528 2823 gymnicis
2567 2771 2626 2811 se
2681 2767 2932 2814 exuunt:
2982 2761 3054 2814 ita
3088 2763 3405 2832 proverbio-

1834 2853 1954 2891 rum
1988 2839 2238 2895 doctrina
2267 2843 2398 2896 mihi
2427 2845 2640 2900 videtur
2661 2862 2784 2904 esse
2816 2849 3062 2919 quaedam
3093 2851 3402 2924 meditatio,

1833 2939 2056 2988 nostros
2085 2934 2298 2990 animos
2345 2948 2603 3008 tanquam
2661 2955 2862 3010 pueros
2905 2943 2974 2996 ad
3027 2946 3404 3008 ecclesiastica

125 3017 236 3074 οὖν
278 3023 312 3091 ἡ
370 3020 565 3093 μελέτη
614 3025 751 3093 μετά
791 3023 1058 3076 τοσούτων
1097 3025 1334 3094 ἱδρώτων
1371 3027 1728 3098 κατορθοῦται

1837 3025 2138 3078 certamina
2185 3041 2448 3083 exercens
2496 3037 2550 3083 et
2601 3033 2986 3100 praentolliens.
3019 3034 3076 3090 Si
3111 3051 3242 3106 ergo
3273 3054 3402 3094 cum

129 3114 238 3168 καὶ
284 3113 482 3178 πόνων,
513 3115 566 3166 τί
599 3116 704 3186 χρὴ
737 3115 865 3186 περὶ
907 3115 1084 3169 αὐτῶν
1118 3116 1226 3169 τῶν
1259 3117 1486 3185 ἀγώνων
1515 3119 1732 3188 λογίσα-

131 3205 311 3270 σθαι;
347 3207 504 3259 Ἤτοι
536 3208 694 3259 ποίαν
726 3224 808 3272 τις
854 3208 1155 3280 ὑπερϐολὴν
1199 3212 1474 3281 ἐννοήσας,
1519 3213 1618 3266 οὒκ
1664 3213 1728 3266 ἂν

131 3299 518 3369 παραστήσειε
543 3299 664 3352 κατ’
681 3298 837 3364 ἀξίαν
859 3299 936 3370 τῷ
968 3300 1129 3370 λόγῳ,
1161 3301 1360 3366 πόσους
1388 3303 1728 3358 ὑποδείκνυσι

131 3391 340 3453 πόνους
367 3391 428 3442 τὸ
465 3391 562 3460 τῆς
603 3391 825 3462 Γραφῆς
859 3391 1059 3463 ταύτης
1093 3393 1304 3446 στάδιον
1329 3397 1438 3458 τοῖς
1470 3395 1730 3462 ἀγωνιζο-

137 3481 331 3552 μένοις
352 3481 490 3551 πρὸς
516 3481 614 3551 τὴν
642 3479 746 3533 τῶν
768 3481 974 3552 νοητῶν
997 3481 1296 3549 ἀσφάλειαν
1319 3481 1406 3536 διὰ
1442 3484 1540 3554 τῆς
1565 3483 1729 3554 ἀθλη-

131 3572 300 3641 τικῆς
333 3570 645 3640 ἐμπειρίας,
683 3569 758 3634 ὡς
804 3570 878 3640 μὴ
927 3571 984 3624 ὲν
1027 3569 1279 3640 πτώματι
1317 3571 1486 3637 δεῖξαι
1518 3575 1606 3626 τὸν
1641 3574 1727 3627 λό-

133 3681 258 3732 γον,
313 3662 424 3714 ἀλλ’
467 3664 525 3714 ὲν
564 3661 714 3734 πάσῃ
765 3663 1033 3731 νοήματος
1077 3663 1360 3734 συμπλοκῇ
1397 3665 1577 3735 ὄρθιον
1614 3666 1728 3718 δια-

135 3753 318 3806 σῶσαι
347 3751 436 3805 διὰ
466 3752 566 3820 τῆς
611 3752 866 3823 ἀληθείας
894 3752 984 3805 τὸν
1011 3752 1156 3806 νοῦν.
1207 3754 1354 3824 Πλὴν
1392 3755 1506 3807 ἀλλ’
1539 3756 1723 3825 ἐπειδὴ

133 3844 424 3898 καὶτοῦτο
459 3845 569 3896 τῶν
610 3845 943 3898 δεσποτικῶν
979 3847 1453 3918 παραγγελμάτων
1505 3850 1638 3910 ἐστὶ,
1667 3850 1726 3902 τὸ

127 3937 249 3989 δεῖν
283 3937 510 4006 ὲρευνᾷν
534 3935 629 3999 τὰς
657 3937 898 4007 Γραφάς,
928 3938 1141 4010 ἀνάγκη
1175 3941 1343 4000 πᾶσα,
1368 3939 1470 3993 κᾶν
1497 3940 1724 3996 κατόπιν

133 4029 240 4098 τῆς
265 4028 523 4098 ἀληθείας
559 4031 588 4082 ὸ
613 4029 876 4099 ἡμέτερος
903 4031 1164 4102 ἐρευνηθῇ
1189 4032 1312 4096 νοῦς
1341 4031 1434 4085 τοῦ
1463 4033 1724 4103 μεγέθους

133 4120 250 4174 τῶν
284 4121 574 4190 νοημάτων
609 4121 711 4174 οὐκ
752 4121 1157 4190 ὲφικνούμενος,
1205 4123 1352 4193 ὅμως
1399 4123 1486 4178 διὰ
1529 4126 1590 4178 τὸ
1647 4125 1722 4196 μὴ

129 4215 319 4269 δοκεῖν
341 4215 587 4284 παρορᾷν
613 4213 710 4284 τὴν
731 4213 950 4284 ἐντολὴν
971 4213 1064 4266 τοῦ
1092 4215 1320 4286 Κυρίου,
1345 4215 1432 4268 διὰ
1458 4217 1555 4286 τῆς
1582 4217 1724 4270 κατὰ

131 4305 370 4374 δύναμιν
415 4303 544 4375 περὶ
583 4305 672 4360 τὸν
712 4305 868 4374 λόγον
910 4306 1144 4376 σπουδῆς
1174 4307 1530 4376 κατορθῶσαι.
1577 4309 1720 4361 Οὐκ-

131 4395 232 4449 οῦν
269 4395 652 4466 ὲρευνήσωμεν
675 4395 774 4467 τὴν
806 4397 1171 4468 προκειμένην
1210 4397 1427 4470 Γραφὴν
1463 4398 1537 4462 ὡς
1563 4399 1719 4454 δυνά-

135 4489 304 4559 μεθα.
348 4489 570 4552 Πάντως
603 4489 710 4558 γὰρ
745 4491 774 4542 ὁ
804 4490 893 4544 τοῦ
929 4493 1152 4561 ὲρευνᾷν
1185 4491 1282 4560 τὴν
1315 4490 1532 4561 ἐντολὴν
1555 4491 1712 4544 δεδω-

129 4577 271 4641 κὼς,
305 4579 398 4631 καὶ
430 4576 528 4648 τὴν
559 4578 693 4648 πρὸς
728 4579 858 4632 αὐτὸ
889 4579 1046 4632 τοῦτο
1081 4579 1308 4650 δύναμιν
1337 4578 1513 4644 δώσει,
1536 4581 1718 4644 καθὼς

133 4669 480 4739 γέγραπται·
513 4667 597 4721 ὅτι
628 4687 646 4720 ι
682 4667 884 4738 Κύριος
913 4667 1074 4722 δώσει
1107 4667 1257 4738 ῥῆμα
1283 4669 1393 4730 τοῖς
1434 4669 1715 4737 εὐαγγελι-

133 4760 392 4832 ζομένοις
419 4758 644 4830 δυνάμει
667 4759 854 4831 πολλῇ.
897 4778 915 4810 ι

207 5031 320 5083 Καὶ
348 5028 564 5098 πρῶτόν
589 5045 652 5097 γε
684 5031 816 5100 ἡμῖν
843 5031 876 5099 ὴ
912 5029 1190 5100 ἐπιγραφὴ
1221 5028 1312 5082 τοῦ
1353 5029 1556 5100 βιϐλίου
1584 5049 1714 5103 προ-

131 5123 346 5192 τεθήτω
385 5124 464 5183 ei;
499 5121 752 5191 θεωρίαν.
791 5121 942 5174 Κατὰ
983 5123 1158 5174 πᾶσαν
1203 5123 1526 5192 Ἐκκλησίαν
1554 5123 1712 5178 Μωῦ-

133 5216 232 5284 σῆς
255 5215 352 5266 καὶ
383 5215 414 5266 ὁ
437 5215 598 5282 νόμος
622 5213 1069 5282 ἀναγινώσκεται.
1098 5214 1147 5265 οί
1193 5214 1487 5283 προφῆται,
1515 5215 1547 5284 ἡ
1577 5215 1712 5282 ψαλ-

133 5303 333 5374 μῳδία,
355 5303 568 5372 ἱστορία
600 5305 770 5364 πᾶσα,
801 5301 893 5356 καὶ
925 5301 980 5354 εἴ
1001 5319 1052 5354 τι
1093 5303 1345 5371 Ἀρχαίας
1383 5320 1441 5354 τε
1485 5305 1576 5356 καὶ
1609 5305 1710 5374 τῆς

133 5394 342 5462 Καινῆς
381 5392 654 5464 Διαθήκης
699 5395 836 5457 ἐστὶ,
883 5395 1058 5446 πάντα
1097 5395 1188 5446 ἐπὶ
1237 5393 1346 5445 τῶν
1382 5394 1714 5467 Ἐκκλησιῶν

133 5483 586 5552 καταγγέλλεται.
627 5485 752 5547 Πῶς
789 5481 881 5539 οὖν
926 5485 1081 5538 τοῦτο
1125 5485 1283 5555 μόνον
1313 5485 1405 5536 καὶ
1437 5485 1712 5556 ἐξαίρετον

139 5581 196 5647 ιῃ
245 5575 522 5646 ἐπιγραφῇ
565 5575 656 5628 τοῦ
690 5575 1108 5646 Ἐκκλησιαστοῦ
1163 5574 1594 5641 καλλωπίζεται;
1641 5579 1705 5630 Τί

205 5755 252 5788 ³³
285 5754 448 5810 Joan.
485 5769 538 5816 ν,
573 5753 662 5810 59.
741 5755 787 5788 ³⁸
814 5757 954 5811 Psal.
983 5771 1152 5822 vau,
1181 5759 1266 5813 12.

461 5845 732 5909 Ριτιιοι.
767 5849 880 5908 (in.
922 5849 1123 5910 XLIV.

1834 3115 2004 3170 tantis
2036 3117 2336 3174 sudoribus
2391 3130 2444 3174 et
2501 3121 2783 3180 laboribus
2819 3125 2878 3178 lit
2931 3125 3046 3181 haec
3099 3130 3400 3194 meditatio,

1831 3207 1958 3273 quid
2020 3209 2442 3265 existimandum
2501 3222 2587 3270 est
2640 3214 2709 3270 de
2771 3215 2906 3286 ipsis
2959 3221 3402 3278 certaminibus?

1831 3296 2195 3362 Quantumvis
2225 3315 2372 3360 certe
2415 3307 2592 3377 magni
2628 3309 2938 3378 cogitantur
2985 3318 3039 3368 et
3097 3314 3397 3382 immodici,

1832 3390 2010 3446 verbis
2047 3409 2144 3461 pro
2169 3393 2432 3464 dignitate
2471 3413 2631 3452 nemo
2660 3401 2881 3472 assequi
2919 3411 3118 3472 potest,
3163 3415 3400 3476 quantos

1829 3482 2084 3536 ostendat
2118 3483 2332 3541 labores
2367 3487 2531 3556 hujus
2577 3490 2874 3562 Scriptum
2934 3497 3175 3556 stadium
3206 3500 3276 3558 iis
3305 3502 3400 3572 qui

1829 3572 2143 3637 decertant,
2179 3585 2235 3630 ut
2277 3594 2373 3647 per
2413 3581 2726 3638 athleticam
2793 3588 3186 3656 experientiam
3214 3608 3400 3648 rerum

1829 3678 1948 3732 quae
1981 3666 2185 3721 cadunt
2215 3669 2319 3724 sub
2355 3671 2791 3740 intelligentiam,
2828 3685 2998 3734 tutam
3033 3691 3400 3750 assequamur

1827 3757 2102 3821 notitiam,
2141 3775 2317 3829 neque
2340 3761 2622 3818 cadentem
2655 3768 2948 3822 ostendant
2980 3771 3268 3832 rationem.
3300 3777 3398 3832 sed

1827 3849 1882 3902 in
1913 3850 2058 3903 omni
2094 3867 2380 3906 sensorum
2404 3857 2746 3913 connexione
2768 3855 2864 3928 per
2884 3863 3164 3919 veritatem
3192 3875 3396 3928 rectam

1827 3952 2151 3996 conservent
2178 3945 2616 4016 intelligentiam.
2679 3953 2948 4012 Caeterum
2999 3962 3258 4028 quoniam
3309 3971 3397 4020 est

1827 4031 1930 4086 hoc
1987 4048 2206 4104 quoque
2262 4036 2508 4093 divinum
2567 4053 2918 4114 praeceptum,
2979 4057 3039 4104 ut
3085 4059 3397 4112 scrutemur

1827 4121 2140 4194 Scripturas
2162 4127 2228 4190 ³⁵,
2259 4144 2488 4186 necesse
2514 4140 2597 4188 est
2631 4138 2876 4200 omnino,
2907 4145 2967 4192 ut
3005 4141 3049 4195 si
3085 4149 3207 4212 post
3247 4145 3396 4200 veri-

1824 4223 1988 4269 tatem
2015 4219 2298 4276 ambulans
2331 4237 2486 4279 mens
2531 4233 2721 4280 nostra
2771 4228 2990 4286 inventa
3043 4231 3228 4300 fuerit,
3281 4253 3394 4294 non

1826 4321 2127 4378 assequens
2165 4329 2450 4370 sensorum
2492 4318 2947 4388 magnitudinem,
2993 4339 3063 4380 ne
3109 4327 3396 4386 videamur

1823 4405 2004 4454 tamen
2033 4401 2243 4459 Domini
2273 4417 2600 4477 praeceptum
2632 4410 2935 4482 despicere,
2969 4431 3068 4485 pro
3107 4419 3315 4476 viribus
3337 4424 3395 4480 in

1823 4489 2010 4544 divino
2048 4509 2300 4550 sermone
2330 4499 2566 4554 studium
2598 4513 2859 4570 ponentes
2881 4516 3072 4562 nostro
3103 4509 3395 4580 fungamur

1822 4581 2016 4638 ollicio.
2055 4581 2379 4644 Scrutemur
2423 4605 2577 4660 ergo,
2616 4601 2672 4646 ut
2700 4610 3020 4663 possumus,
3054 4603 3393 4671 prepositalll

1823 4673 2182 4744 Scripturam.
2219 4679 2320 4746 Qui
2353 4684 2499 4737 enim
2537 4687 2818 4742 scrutandi
2847 4689 2995 4750 dedit
3027 4702 3389 4764 praeceptum.

1822 4765 1885 4818 ad
1921 4766 2024 4821 hoc
2057 4771 2217 4824 etiam
2257 4775 2480 4830 omnino
2535 4776 2686 4832 dabit
2719 4781 2886 4844 vires,
2945 4783 3092 4838 sicut
3125 4787 3389 4855 scriptum

1819 4865 1904 4912 est
1950 4875 1963 4912 :
2012 4877 2031 4910 ι
2095 4859 2361 4920 Dominus
2409 4864 2560 4921 dabit
2616 4869 2839 4924 verbum
2887 4873 3390 4944 evangelizanlibus

1819 4946 2020 5003 virtute
2048 4952 2216 5006 multa
2245 4953 2310 5005 ³⁸.
2362 4972 2382 5005 ι

1891 5037 1968 5093 Ac
2035 5041 2270 5110 primum
2343 5046 2561 5116 quidem
2630 5049 2788 5106 nobis
2839 5061 3179 5122 proponatur
3249 5068 3388 5108 con-

1821 5129 2112 5186 sideranda
2195 5135 2316 5190 libri
2397 5139 2702 5210 inscriptio.
2785 5141 2846 5198 In
2919 5145 3066 5200 omni
3139 5145 3389 5208 Ecclesia

1818 5218 2031 5292 Moyses
2067 5232 2120 5278 et
2150 5223 2232 5278 lex
2265 5227 2479 5297 legitur,
2511 5231 2786 5301 prepbetaz
2805 5275 2820 5298 ,
2847 5235 3180 5304 psalmodia,
3209 5237 3388 5292 omnis

1819 5313 2070 5378 historia,
2097 5325 2151 5370 et
2176 5318 2220 5372 si
2247 5320 2377 5390 quid
2408 5329 2490 5376 est
2519 5321 2732 5382 Veteris
2762 5335 2816 5381 et
2841 5325 2979 5382 Novi
3011 5327 3346 5384 Testamenti
3367 5369 3385 5393 ,

1819 5405 2217 5463 annuntiantur
2241 5411 2422 5464 omnia
2447 5412 2500 5465 in
2525 5412 2806 5474 Ecclesiis.
2825 5416 3110 5484 Quomodo
3131 5433 3259 5488 ergo
3281 5419 3388 5476 hoc

1819 5496 1995 5549 solum
2020 5506 2075 5550 et
2093 5500 2355 5556 eximium
2379 5502 2736 5576 inscriptione
2759 5517 2990 5566 ornatur
3009 5508 3386 5566 Ecclesiaste?

1823 5585 1961 5650 Quid
1997 5604 2125 5660 ergo
2151 5600 2234 5646 est
2267 5595 2412 5650 ouod
2441 5611 2540 5652 nos
2569 5597 2638 5654 de
2665 5599 2752 5654 his
2783 5601 3205 5658 existimamus?
3228 5599 3385 5668 Quod

2998 5869 3078 5929 20
