3870 6220
490 300 596 354 619

1717 295 1776 349 S.
1815 293 2141 350 GRECOBII
2179 295 2474 354 NYSSENI
3640 296 3733 349 613

489 420 613 474 aliis
636 415 856 488 quidem
898 416 1156 471 omnibus
1199 413 1530 484 Scripturis,
1579 414 1936 482 ltlsltll‘llSqtle
1983 427 2046 466 ac

2163 411 2242 468 ὤν
2286 418 2435 469 ἐστιν
2481 416 2511 468 ὃ
2560 415 2687 487 περὶ
2723 415 2928 468 τούτων
2953 417 3115 484 ἡμεῖς
3165 413 3592 484 ὐπειλήφαμεν;
3627 415 3732 466 Ὅτι

386 547 390 551 -
486 506 787 578 prophetiis
806 545 820 568 ,
846 505 912 560 ad
940 506 1186 576 quaedam
1219 505 1321 559 alia
1356 521 1477 575 qua:
1505 504 1760 559 Ecclesia:
1792 519 1900 556 non
1929 512 2057 557 sunt

486 599 645 654 valde
678 598 870 662 utilia,
911 612 1112 667 scopus
1144 597 1487 666 proponitur.
1541 595 1681 662 Quid
1725 595 1868 651 enim
1913 609 2058 648 cura:

482 700 572 747 est
619 689 876 744 Ecclesiae
917 697 1110 744 exacte
1155 697 1208 744 et
1241 696 1497 744 accurate
1545 688 1762 743 discere
1793 688 2055 742 bellorum

485 780 858 842 calamitates,
891 786 985 832 aut
1009 779 1232 849 quinam
1265 777 1485 834 fuerunt
1510 779 1752 849 gentium
1781 777 2057 848 principes

487 880 542 925 et
572 871 788 925 urbium
817 867 1135 925 conditores
1154 908 1168 933 ,
1203 876 1257 923 et
1287 869 1515 937 quinam
1546 885 1576 922 a
1605 867 1932 939 quibusdam
1958 866 2057 922 cle-

487 963 640 1019 ducti
671 969 797 1018 sunt
830 961 885 1015 in
918 961 1167 1016 colonias
1187 1000 1202 1024 ,
1233 967 1286 1015 et
1314 976 1562 1030 quamam
1601 973 1765 1030 regna
1799 958 2058 1030 deinceps

485 1065 621 1110 sunt
661 1055 974 1118 exoritura,
1011 1064 1064 1108 et
1097 1068 1435 1124 quaecunque
1470 1052 1816 1106 matrimonia
1853 1051 2058 1106 libero-

485 1161 716 1216 rumque
751 1146 1163 1216 procreationes
1196 1152 1326 1200 sunt
1361 1144 1671 1198 litterarum
1705 1143 2058 1198 monimentis

485 1239 773 1310 diligenter
808 1237 1066 1291 mandata
1088 1277 1102 1300 ,
1139 1246 1193 1291 et
1223 1249 1567 1306 quaecunque
1607 1235 1793 1289 doceri
1825 1244 2058 1304 possunt

486 1329 542 1382 in
572 1327 814 1398 qualibet
843 1325 1166 1397 Scriptura;
1196 1327 1328 1397 quid
1362 1327 1428 1381 ad
1456 1342 1681 1397 sc0pum
1708 1327 1925 1396 pietatis
1956 1325 2056 1379 Ec-

486 1417 664 1472 clesiae
709 1430 1037 1486 magnOpere
1083 1416 1459 1470 contulerint?
1500 1414 1675 1484 Hujus
1717 1423 1896 1470 autem
1932 1414 2057 1468 lil.ri

485 1508 734 1564 doctrina
781 1508 848 1560 ad
879 1507 1051 1560 solam
1101 1507 1532 1562 ecclesiasticam
1582 1507 2054 1562 conversationem

479 1599 752 1671 pertinet,
787 1605 849 1652 ut
878 1613 999 1668 qua:
1028 1613 1090 1652 ea
1122 1598 1355 1668 explicet
1384 1614 1479 1666 per
1507 1613 1629 1666 qum
1660 1599 1786 1668 quis
1819 1605 1968 1651 recte
2003 1604 2056 1652 et

487 1706 552 1746 ex
582 1691 784 1744 virtute
817 1690 982 1744 vitam
1028 1691 1298 1744 instituat.
1352 1689 1554 1743 Eorum
1601 1691 1742 1742 enim
1798 1705 1920 1759 quae
1969 1689 2058 1744 hic

488 1781 744 1836 dicuntur
771 1791 855 1836 est
885 1795 1119 1850 scopus,
1178 1791 1412 1836 mentem
1466 1795 1632 1850 supra
1681 1795 1900 1835 sensum
1952 1781 2060 1835 eri-
2089 1765 2131 1819 Β

481 1889 614 1946 gere
634 1915 648 1940 ,
690 1881 744 1929 et
777 1880 836 1928 ut
867 1872 1114 1942 quiescat
1139 1871 1384 1935 efficere,
1419 1870 1624 1925 relictis
1654 1871 1910 1928 omnibus
1938 1886 2060 1942 quae

487 1980 685 2038 magna
717 1973 770 2022 et
801 1966 1060 2036 praeclara
1091 1964 1344 2019 videntur
1391 1965 1446 2018 in
1495 1965 1690 2028 rebus,
1730 1963 1796 2018 ad
1841 1979 1905 2020 ea
1939 1981 2060 2034 quae

487 2072 682 2114 sensus
715 2054 1131 2127 comprehensio
1167 2056 1392 2110 minime
1440 2063 1617 2125 potest
1663 2056 1920 2126 assequi,
1968 2071 2061 2112 as-

491 2165 750 2220 surgere,
804 2157 859 2204 et
908 2149 1123 2203 illorum
1171 2149 1345 2203 teneri
1398 2147 1672 2203 desiderio
1705 2164 1826 2219 quae
1863 2163 2060 2204 sensus

490 2257 600 2296 non
647 2242 885 2312 attingit.
931 2237 1098 2295 Forte
1146 2247 1330 2294 autem
1379 2248 1434 2293 et
1467 2239 1532 2292 ad
1564 2239 1758 2293 ducem
1800 2237 2062 2294 Ecclesiae

486 2333 736 2388 intuetur
767 2331 1072 2401 inscriptio.
1109 2327 1286 2387 Verus
1332 2331 1477 2384 enim
1522 2330 1919 2395 Ecclesiastes,
1963 2331 2060 2401 qui

491 2424 740 2493 dispersa
778 2422 834 2476 in
865 2437 1035 2476 unum
1068 2431 1268 2476 emtum
1298 2420 1540 2490 colligit,
1576 2428 1632 2475 et
1663 2435 1760 2476 eos
1793 2423 1887 2491 qui
1920 2423 2062 2476 mul-

488 2516 726 2571 tifariam
764 2513 930 2569 variis
961 2512 1174 2568 seducti
1211 2521 1340 2568 sunt
1365 2511 1650 2567 erroribus
1684 2511 1737 2566 in
1767 2528 1936 2566 unum
1969 2528 2062 2568 co-

490 2605 572 2676 git
608 2612 967 2664 conventum,
1007 2600 1261 2670 quisnam
1307 2600 1448 2655 alius
1495 2599 1656 2654 fuerit
1701 2618 1864 2671 quam
1899 2619 2062 2659 verus

490 2709 586 2750 rex
617 2689 1000 2756 lsrael,Filius
1030 2689 1153 2752 Dei,
1202 2687 1289 2742 cui
1373 2689 1512 2742 dixit
1553 2688 1895 2746 Natltauael:
1929 2711 1948 2744 ι
1981 2691 2060 2746 Tu

493 2798 553 2841 es
596 2780 769 2838 Filius
803 2779 894 2835 Dei
923 2799 935 2834 :
985 2790 1042 2834 tu
1097 2795 1157 2834 es
1195 2795 1286 2833 rex
1320 2779 1487 2834 Israel
1520 2781 1561 2812 ³⁷
1589 2783 1612 2835 7
1643 2801 1661 2833 ι
1697 2782 1752 2836 Si
1788 2799 1918 2853 ergo
1949 2784 2062 2838 haec

491 2880 624 2928 sunt
672 2870 838 2926 verba
883 2869 1028 2939 regis
1073 2869 1277 2934 Israel,
1326 2868 1465 2924 idem
1501 2871 1664 2924 etiam
1712 2881 1938 2926 vocatur
1969 2873 2062 2927 Dei

495 2959 683 3025 Filius,
709 2958 851 3014 sicut
884 2959 1018 3012 dicit
1049 2957 1400 3028 Evangelinm
1431 2977 1444 3012 :
1478 2976 1606 3031 ergo
1656 2961 1794 3017 idem
1846 2979 2064 3034 quoque

2155 511 2274 571 ταῖς
2323 509 2419 578 μὲν
2464 508 2649 571 ἄλλαις
2692 508 2893 570 πάσαις
2933 509 3188 578 Γραφαῖς.
3220 508 3483 577 ἱστορίαις
3535 523 3601 558 τε
3653 507 3733 560 καὶ

2156 601 2531 670 προφητείαις,
2561 602 2654 654 καὶ
2696 601 2831 668 πρὸς
2875 600 3007 654 ἄλλα
3054 602 3176 654 τινὰ
3211 600 3318 653 τῶν
3360 600 3436 670 μὴ
3482 601 3641 653 πάνυ
3676 603 3733 669 τῇ

2167 691 2499 762 Ἐκκκλησίᾳ
2524 692 2804 764 χρησίμων
2833 693 2861 744 6
2885 693 3085 755 σκοπὸς
3117 692 3321 762 βλέπει.
3348 691 3415 745 Τί
3444 692 3564 762 γάρ
3595 691 3737 762 μέλει

2155 786 2220 854 τῇ
2264 783 2555 854 Ἐκκλησία
2598 783 2695 846 τὰς
2735 783 2838 836 τῶν
2873 783 3122 853 πολέμων
3165 782 3448 854 συμφορὰς
3477 782 3553 834 δι’
3587 785 3738 852 ἀκρι-

2157 873 2306 936 ϐείας
2349 874 2556 942 μαθεῖν,
2613 874 2646 943 ἢ
2693 872 2837 936 τίνες
2875 871 3042 925 ἐθνῶν
3079 871 3334 942 ἄρχοντες
3377 872 3474 924 καὶ
3524 870 3738 922 πόλεων

2157 965 2442 1033 γεγόνασιν
2478 963 2734 1028 οἰκισταὶ,
2764 963 2857 1017 καὶ
2896 963 3037 1026 τίνες
3073 964 3232 1016 τίνων
3258 963 3493 1023 ἄποικοι,
3522 961 3559 1030 ἢ
3593 963 3738 1013 ποῖαι

2159 1056 2425 1125 βασιλεῖαι
2472 1056 2610 1109 κατὰ
2653 1054 2746 1108 τὸν
2795 1054 2989 1125 ἑφεξῆς
3039 1055 3228 1124 χρόνον
3273 1053 3738 1123 διαφανήσονται,

2159 1143 2252 1196 καὶ
2277 1143 2390 1196 ὅσοι
2412 1143 2580 1213 γάμοι
2621 1142 2716 1196 καὶ
2757 1141 3090 1195 παιδοποιῖαι
3121 1141 3184 1193 δι’
3213 1140 3530 1211 ἐπιμελείας
3566 1142 3738 1208 ὲμνηο

2162 1235 2518 1306 μονεύθησαν,
2577 1236 2668 1288 καὶ
2724 1233 2900 1286 πάντα
2947 1233 3015 1286 τὰ
3058 1233 3300 1294 τοιαῦτα,
3345 1233 3447 1286 ὅσα
3493 1232 3742 1299 ἑκάστης

2158 1327 2273 1380 ἐστὶ
2319 1326 2627 1396 διδαχθῆναι
2666 1325 2905 1396 Γραφῆς,
2959 1327 3010 1380 τί
3051 1325 3118 1379 ἂν
3168 1325 3416 1378 τοσοῦτον
3459 1325 3608 1396 πρὸς
3653 1325 3748 1376 τὸν

2159 1418 2355 1470 σκοπόν
2385 1418 2481 1487 τῆς
2520 1419 2798 1480 εὐσεϐείας
2826 1421 2890 1489 τῇ
2933 1418 3226 1488 Ἐκκλησία
3268 1417 3748 1484 συναγωνίσαιτο;

2170 1508 2232 1560 Ἦ
2262 1509 2317 1560 δὲ
2355 1507 2446 1561 τοῦ
2477 1508 2682 1578 βιϐλίου
2710 1507 2895 1560 τούτου
2933 1507 3246 1562 διδασκαλία
3282 1507 3414 1578 πρὸς
3442 1507 3617 1577 μόνην
3641 1506 3745 1576 τὴν

2157 1600 2611 1672 ὲκκλησιαστικὴν
2650 1599 2922 1653 πολιτείαν
2952 1599 3155 1670 βλέπει,
3196 1599 3261 1651 δι’
3291 1591 3364 1651 ὧν
3401 1597 3469 1650 ἂν
3508 1597 3606 1650 τὸν
3649 1599 3746 1650 ὲν-

2158 1692 2347 1762 άρετόν
2387 1707 2464 1756 τις
2507 1691 2867 1764 κατορθώσειε
2906 1690 3222 1762 βίον,ταῦτα
3260 1689 3638 1760 ὑφηγουμένη.
3681 1686 3754 1741 Ὀ

2161 1783 2268 1854 γάρ
2300 1784 2498 1848 σκοπὸς
2537 1784 2646 1836 τῶν
2684 1783 2917 1838 ἐνταῦθα
2961 1782 3264 1852 λεγομένων
3299 1782 3435 1844 ἐστὶ,
3469 1779 3532 1832 τὸ
3565 1780 3750 1850 ὑπερ-

2161 1873 2332 1930 θεῖναι
2368 1876 2456 1928 τὸν
2497 1875 2620 1929 νοῦν
2667 1876 2764 1946 τῆς
2815 1874 3136 1945 αἰσθήσεως,
3185 1873 3278 1926 καὶ
3317 1871 3520 1925 παῦσαι
3567 1889 3752 1925 κατα-

2159 1965 2383 2020 λιπόντα
2406 1967 2512 2019 πᾶν
2532 1967 2722 2037 ὅτιπέρ
2743 1967 2859 2018 ἐστι
2893 1966 3031 2036 μέγα
3058 1983 3116 2018 τε
3146 1965 3238 2018 καὶ
3264 1963 3512 2034 λαμπρὸν
3538 1964 3597 2015 ὲν
3624 1964 3750 2026 τοῖς

2159 2055 2278 2112 οὖσι
2310 2059 2662 2128 φαινόμενον
2716 2057 2852 2129 πρὸς
2903 2057 2970 2110 τὰ
3019 2058 3278 2124 ἀνέφικτα
3324 2058 3390 2126 τῇ
3440 2055 3747 2126 αἰσθητικῇ

2160 2147 2460 2218 καταλήψει
2504 2147 2590 2200 διὰ
2638 2148 2735 2217 τῆς
2767 2147 2944 2217 ψυχῆς
2975 2145 3303 2216 ὖπερκύψαι,
3338 2145 3606 2198 κάκείνων
3633 2145 3745 2214 τὴν

2161 2238 2451 2309 ἐπιθυμίαν
2502 2235 2705 2299 λαϐεῖν,
2751 2228 2826 2289 ὧν
2879 2237 2976 2289 οὑκ
3029 2237 3324 2304 ἐφικνεῖται
3369 2236 3400 2304 ἡ
3457 2233 3738 2304 αἴσθησις.

2161 2333 2310 2402 Τάχα
2341 2331 2397 2384 δὲ
2431 2331 2521 2383 καὶ
2547 2329 2679 2400 πρὸς
2711 2329 2802 2382 τὸν
2835 2329 3186 2400 καθηγεμόνα
3212 2331 3310 2398 τῆς
3349 2327 3674 2396 Ἐκκλησίας
3703 2329 3742 2397 ἡ

2160 2421 2438 2493 ἐπιγραφὴ
2468 2420 2674 2491 βλέπει.
2715 2421 2770 2474 'U
2794 2421 2902 2492 γάρ
2943 2419 3192 2490 ἀληθινὸς
3225 2419 3676 2490 Ἐκκλησιαστὴς,
3709 2421 3747 2472 6

2159 2514 2228 2568 τὰ
2267 2513 2671 2586 ἐσκορπισμένα
2716 2512 3036 2582 συναγαγὼν
3084 2514 3163 2577 εἰς
3203 2511 3260 2565 ἓν
3301 2511 3595 2584 πλήρωμα,
3640 2512 3741 2565 καῖ

2161 2609 2286 2671 τοὺς
2345 2606 2586 2676 πολλαχῆ
2635 2606 2772 2658 κατά
2825 2605 2921 2668 τὰς
2967 2603 3213 2668 ποικίλας
3255 2604 3468 2668 ἀπάτας
3510 2604 3740 2656 πεπλα-

2163 2701 2428 2771 νημένους
2481 2701 2560 2762 εἰς
2604 2698 2700 2751 ἕνα
2755 2696 3007 2766 σύλλογον
3061 2695 3473 2766 ἐκκλησιάζων,
3523 2696 3610 2760 τίς
3670 2695 3742 2748 ἂν

2162 2793 2316 2854 ἄλλος
2349 2791 2452 2862 εῐη.
2499 2791 2546 2844 εἰ
2595 2790 2668 2861 μὴ
2705 2790 2734 2842 ὁ
2781 2788 3030 2860 ἀληθινὸς
3074 2788 3326 2858 βασιλεὺς
3361 2787 3454 2840 τοῦ
3496 2788 3736 2858 Ἰσραὴλ,

2164 2887 2192 2936 6
2222 2877 2343 2947 Υἱὸς
2390 2881 2485 2936 τοῦ
2535 2881 2691 2946 Θεοῦ,
2741 2882 2876 2953 πρὸς
2931 2881 2990 2934 ὅν
3040 2877 3190 2934 εἶπεν
3237 2883 3266 2934 6
3306 2880 3620 2950 Ναθαναὴλ,
3654 2882 3740 2932 ὅτι

2168 2995 2186 3026 ι
2229 2975 2300 3028 Σὺ
2350 2969 2401 3027 εἰ
2447 2977 2476 3028 6
2530 2974 2656 3038 Υἱὸς
2696 2973 2787 3027 τοῦ
2849 2973 3015 3026 Θεοῦ’
3058 2975 3122 3028 σὺ
3179 2969 3231 3025 εἰ
3281 2974 3311 3025 6
3355 2972 3606 3042 βασιλεὺς
3643 2973 3740 3024 τοῦ

493 3061 719 3105 vocatur
752 3049 1133 3106 Ecclesiastes.
1182 3050 1440 3106 Fortasse
1493 3060 1671 3106 autem
1719 3070 1824 3108 non
1875 3056 1972 3112 abs
2005 3072 2061 3111 re

2179 3065 2428 3137 Ἰσραήλ;
2465 3084 2482 3116 ι
2517 3065 2580 3118 Εἰ
2625 3060 2718 3118 οὖν
2757 3065 2825 3118 τά
2864 3066 3084 3136 ῥήματα
3124 3063 3295 3118 ταῦτα
3343 3063 3437 3116 τοῦ
3475 3064 3740 3132 βασιλέως

495 3143 562 3197 ad
600 3143 746 3196 hunc
778 3157 1002 3197 sensum
1051 3142 1422 3213 inscriptionis
1460 3143 1749 3200 referimus
1789 3146 2061 3218 significa-

2165 3159 2281 3211 ἐστὶ
2324 3157 2417 3210 τοῦ
2460 3157 2692 3228 Ἰσραὴλ,
2736 3159 2764 3210 6
2809 3157 2863 3209 δὲ
2917 3157 3077 3219 αὐτὸς
3122 3149 3274 3218 οὗτος
3319 3157 3411 3208 καὶ
3457 3155 3594 3208 Θεοῦ
3618 3151 3742 3217 Υἱός

497 3235 695 3288 tionem
718 3276 732 3298 ,
763 3245 822 3288 ut
861 3248 956 3304 per
996 3233 1048 3287 id
1089 3234 1400 3299 discamus,
1429 3235 1572 3304 quod
1603 3237 1670 3290 ad
1695 3253 1818 3291 eum
1844 3239 1938 3309 qui
1965 3239 2061 3296 Ec-

2163 3249 2301 3307 ὲστι.
2331 3246 2512 3309 καθὼς
2551 3248 2698 3316 λέγει
2744 3247 2803 3300 τὸ
2846 3247 3208 3316 Εὐαγγέλιονο
3242 3247 3348 3316 ἀρα
3387 3247 3481 3297 καὶ
3511 3247 3539 3296 6
3579 3243 3744 3306 αὐτὸς

494 3323 719 3379 clcsiam
748 3323 866 3376 ﬁxit
895 3338 993 3392 per
1024 3322 1373 3394 Evangeliunt
1397 3365 1411 3386 ,
1445 3325 1635 3379 horum
1667 3329 1952 3382 verborum
1985 3331 2061 3386 vis

2176 3340 2604 3410 Ἐκκλησιαστὴς
2657 3339 2999 3409 ὀνομάζεται.
3055 3340 3204 3408 Τάχα
3249 3339 3306 3390 δὲ
3351 3337 3446 3390 οὐκ
3494 3336 3601 3400 ἔξω
3647 3337 3743 3389 τοῦ

495 3415 782 3484 referatur.
815 3433 833 3465 ι
857 3412 1032 3468 Verba
1065 3434 1084 3466 ι
1109 3417 1285 3480 enim,
1316 3416 1526 3484 inquit,
1555 3437 1573 3468 ι
1602 3416 1945 3474 Ecclesiaste:
1973 3421 2061 3474 ﬁlii

2167 3430 2372 3492 εἰκότος
2406 3431 2485 3493 εἰς
2516 3429 2720 3500 ταύτην
2757 3430 2853 3500 τὴν
2897 3429 3132 3482 διάνοιαν
3158 3429 3256 3498 τὴν
3295 3429 3394 3498 τῆς
3428 3429 3748 3498 ὲπιγραςξῆς

495 3503 685 3559 David.
719 3525 737 3556 ι
763 3505 840 3558 Ita
868 3504 1030 3558 eti-am
1068 3503 1349 3560 Matthwus
1383 3505 1436 3559 in
1471 3507 1738 3576 principio
1783 3510 2061 3582 Evangelii

2167 3517 2506 3586 ἀναφέρομεν
2547 3518 2842 3586 σημασίαν,
2887 3518 2973 3570 ἵνα
3016 3517 3105 3570 διὰ
3142 3517 3297 3570 τοῦτο
3343 3518 3626 3587 μάθωμεν,
3661 3519 3750 3571 ὅτι

496 3596 675 3665 ipsum
706 3595 951 3648 nominat
979 3593 1149 3648 filium
1194 3595 1362 3650 David
1391 3637 1406 3661 ,
1439 3596 1630 3654 dicens
1674 3598 1987 3657 Dominum.

2166 3609 2245 3670 είς
2289 3608 2449 3661 αὑτὸν
2497 3609 2585 3662 τὸν
2629 3609 2714 3662 διὰ
2759 3610 2852 3662 τοῦ
2907 3610 3238 3678 Εὑαγγελίου
3284 3610 3382 3679 τὴν
3416 3611 3748 3679 Ἐκκλησίαν

495 3685 826 3758 πηξάμενον,
865 3687 900 3756 ἠ
944 3685 1052 3738 τῶν
1091 3687 1347 3756 ῥημάτων
1388 3689 1592 3744 τούτων
1623 3691 1948 3763 ἀναφέρεται
1976 3693 2249 3768 δύναμις.ι
2271 3701 2510 3771 Ῥήματα
2525 3701 2676 3772 ηάρ,
2703 3701 2888 3772 φησὶν,
2907 3717 2924 3748 ι
2945 3701 3366 3772 Ἐχκλησιαστοῠ
3392 3699 3747 3754 υἰοῦΔπϐίδ.)

497 3776 653 3834 Οὕτω
679 3777 736 3831 δὲ
765 3777 924 3830 αὑτὸν
951 3778 1041 3830 καὶ
1069 3778 1340 3839 Ματθαῖος
1366 3781 1424 3835 ὲν
1453 3782 1644 3852 ἀρχαῖς
1681 3785 1774 3838 τοῦ
1812 3783 2140 3855 Εὑαγγελίου
2173 3792 2547 3860 κατονομάζει,
2585 3791 2696 3844 υἱὸν
2727 3793 2909 3854 Δαϐὶδ,
2940 3792 3112 3861 λέγων
3141 3794 3231 3846 τὸν
3270 3793 3496 3864 Κύριον.

573 3890 592 3924 ι
623 3870 848 3926 Yanitas
890 3872 1189 3926 vanitatum
1209 3912 1222 3934 ,
1255 3892 1273 3925 ι
1301 3873 1435 3930 dicit
1486 3876 1869 3944 Ecclesiastes,
1897 3898 1916 3931 ι
1943 3897 2061 3936 om~

2244 3907 2260 3937 ι
2287 3887 2596 3956 Ματαιότης
2621 3888 3013 3956 ματαιοτήτων,
3041 3906 3057 3937 ι
3075 3881 3224 3938 εἶπεν
3241 3889 3268 3939 6
3292 3886 3754 3958 Ἐκκλησιαστὴς,

497 3966 590 4022 nia
619 3965 852 4019 vanitas.
886 3982 905 4016 ι
929 3963 1140 4018 Vanum
1176 3965 1500 4038 intelligitur
1546 3970 1693 4039 quod
1732 3987 1840 4027 non
1888 3984 2061 4042 potest

2173 3996 2192 4028 ι
2215 3978 2282 4030 τὰ
2304 3976 2478 4030 πάντα
2505 3977 2816 4046 ματαιότης.
2833 3995 2850 4027 ι
2869 3977 3110 4030 Μάταιον
3128 3978 3325 4028 νοεῖται
3351 3976 3411 4028 τὸ
3434 3976 3752 4030 ἀνυπόσταο

499 4059 828 4122 consistere,
857 4057 1000 4127 quod
1033 4057 1086 4110 in
1117 4059 1232 4112 sola
1263 4059 1550 4114 verborum
1584 4063 1886 4131 prolatione
1908 4081 2061 4121 suam

2165 4086 2278 4132 τον,
2315 4067 2344 4120 ὃ
2392 4069 2450 4121 ὲν
2497 4069 2634 4139 μόνῃ
2676 4071 2742 4138 τῇ
2785 4066 2876 4120 τοῦ
2925 4069 3168 4138 ῥήματος
3216 4070 3466 4139 προφορᾷ
3502 4068 3565 4120 τὸ
3607 4064 3758 4122 εἶναι

500 4147 662 4203 habet
682 4146 974 4202 essentiam
1001 4163 1016 4211 ;
1049 4160 1135 4200 res
1163 4154 1344 4201 autem
1370 4164 1491 4219 quae
1519 4151 1819 4216 consistat,
1853 4170 1960 4208 non
1991 4156 2061 4210 si-

2169 4158 2304 4230 ἔχει·
2334 4160 2563 4230 πρᾶγμα
2585 4160 2642 4212 δὲ
2662 4158 2891 4226 ὑφεστδς
2911 4161 2979 4229 τῇ
3009 4158 3100 4211 τοῦ
3130 4159 3390 4228 ὀνόματος
3411 4161 3657 4231 σημασίᾳ
3686 4163 3758 4214 οὐ

499 4238 615 4292 mul
663 4243 888 4306 apparet
933 4251 1055 4290 cum
1109 4237 1346 4292 nominis
1395 4238 1826 4308 significatione,
1861 4244 1954 4297 scd
1984 4251 2061 4298 est

2171 4269 2291 4304 συνε
2301 4252 2607 4322 μφαίνεται,
2626 4250 2737 4304 ἀλλ’
2761 4250 2873 4303 ἐστι
2895 4268 2976 4314 τις
2993 4250 3162 4319 ψόφος
3181 4250 3346 4320 ἀργὸς
3365 4251 3458 4303 καὶ
3478 4251 3753 4316 διάκενος,

499 4329 714 4386 Otiosus
741 4327 960 4398 quidam
987 4335 1040 4380 et
1072 4328 1250 4383 inanis
1280 4345 1449 4385 sonus
1469 4369 1483 4394 ,
1513 4333 1606 4401 qui
1635 4333 1737 4387 sub
1769 4336 1949 4402 specie
1976 4337 2061 4390 ali-

2169 4345 2225 4396 ὲν
2247 4345 2483 4414 σχήματι
2511 4341 2704 4406 λέξεώς
2732 4359 2896 4405 τινος,
2920 4341 3008 4394 διὰ
3035 4340 3310 4394 συλλαϐῶν
3345 4343 3756 4412 προφερόμενος

500 4420 662 4490 cujus
693 4418 950 4473 dictionis
997 4425 1200 4472 temere
1245 4419 1517 4488 profertur
1558 4439 1654 4492 per
1696 4425 1960 4496 syllabas,
2009 4428 2061 4482 in

2167 4435 2312 4503 εἰκῇ,
2356 4433 2708 4504 προσπίπτων
2740 4435 2805 4502 τῇ
2848 4433 2984 4502 ἀκοῇ
3031 4432 3197 4504 χωρὶς
3240 4433 3532 4502 σημασίας,
3562 4430 3652 4486 οἷα
3685 4435 3756 4506 δὴ

503 4525 666 4566 aures
715 4510 1000 4564 incurrens
1051 4509 1258 4578 absque
1313 4511 1748 4581 significatione,
1787 4515 1929 4570 sicut
1970 4532 2061 4586 per

2169 4526 2450 4589 παίζοντές
2473 4542 2616 4588 τινες
2643 4521 3134 4594 ὀνοματοποιΟὗσιν,
3157 4517 3230 4577 ὧν
3262 4525 3320 4577 τὸ
3349 4525 3758 4595 σημαινόμενον

503 4603 688 4658 ‘udum
721 4599 968 4654 nonnulli
1000 4599 1207 4669 fingunt
1237 4602 1459 4656 nomina
1484 4643 1499 4667 ,
1531 4619 1651 4673 quae
1681 4606 1817 4659 nihil
1849 4608 2061 4676 signiti-

2167 4616 2311 4668 ἐστιν
2351 4615 2520 4669 οὐδέν.
2559 4617 2653 4668 Ἕν
2694 4617 2790 4686 μὲν
2838 4614 2994 4668 τοῦτο
3035 4609 3170 4678 εἶδος
3217 4614 3316 4684 τῆς
3366 4616 3756 4686 ματαιότητος.

499 4701 646 4750 cant.
678 4691 791 4746 Hoc
820 4699 904 4746 est
924 4704 1054 4760 ergo
1090 4706 1255 4743 unum
1284 4706 1456 4761 genus
1481 4694 1759 4750 vanitatis.
1785 4695 1950 4749 Aliud
1974 4710 2061 4750 au-

2169 4705 2336 4776 Ἄλλη
2368 4707 2424 4759 δὲ
2457 4707 2751 4777 ματαιότης
2782 4705 2996 4775 λέγεται
3029 4707 3136 4758 τῶν
3177 4707 3318 4760 κατά
3353 4724 3474 4760 τινα
3511 4707 3759 4778 σπουδὴν

500 4795 610 4843 tem
634 4784 838 4840 dicitur
880 4783 1124 4845 vanitas,
1166 4797 1357 4837 eorum
1399 4800 1630 4854 quorum
1676 4786 1860 4842 nullus
1896 4804 2061 4853 usus,

2173 4797 2307 4866 πρὸς
2353 4797 2539 4850 οὐδένα
2596 4797 2793 4850 σκοπὸν
2832 4797 3128 4866 γινομένων
3161 4797 3193 4867 ἠ
3229 4797 3518 4867 ἀχρηστία,
3567 4797 3644 4860 ὠς
3684 4798 3760 4850 τά

389 4931 394 4933 _
500 4892 622 4946 quae
662 4889 860 4946 magno
887 4873 1072 4928 studio
1099 4883 1154 4928 et
1185 4879 1535 4932 contentione
1579 4878 1721 4933 facta
1765 4893 1892 4934 sunt
1919 4883 2069 4935 nullo

501 4984 671 5040 scopo
714 4967 1038 5039 proposito:
1079 4968 1261 5035 qualia
1303 4978 1431 5023 sunt
1480 4987 1774 5041 puerorum
1817 4975 1871 5028 in
1903 4991 2069 5029 arena

501 5062 727 5118 aediﬁcia
749 5101 762 5125 ,
799 5075 920 5130 quae
949 5061 1005 5112 lit
1034 5059 1296 5116 adversus
1330 5063 1516 5118 stellas
1556 5066 1850 5134 jaculatio,
1885 5079 2071 5123 vento-

501 5170 623 5209 rum
655 5152 870 5208 venatio
891 5189 905 5212 ,
929 5151 1170 5207 cursoris
1201 5153 1462 5209 adversus
1493 5171 1646 5210 suam
1675 5159 1921 5214 umbram
1947 5175 2070 5215 con-

501 5243 759 5304 certatio,
813 5239 1034 5310 quando
1068 5245 1348 5298 contendit
1393 5247 1662 5316 quispiam
1711 5249 1918 5305 umbrae
1956 5267 2068 5305 suae

503 5337 763 5392 verticem
797 5331 1093 5389 ascendere
1113 5369 1128 5395 ,
1153 5341 1208 5386 et
1231 5335 1276 5388 si
1312 5337 1443 5405 quid
1467 5338 1730 5406 ejusmodi
1761 5341 2067 5397 invenimus

504 5429 561 5485 in
606 5428 675 5482 iis
715 5441 837 5496 quae
865 5425 1009 5479 facta
1039 5435 1170 5478 sunt
1203 5435 1437 5493 temere,
1474 5445 1594 5500 quae
1629 5433 1846 5502 quidem
1883 5435 2066 5488 omnia

503 5519 760 5574 vanitatis
791 5516 956 5571 verbo
985 5511 1369 5584 subjiciuntur.
1391 5518 1489 5579 Est
1513 5531 1692 5583 autem
1719 5525 1821 5581 hoc
1849 5542 2066 5596 quoaue

575 5691 623 5730 α
646 5692 802 5757 Joan.
838 5714 876 5765 ι,
909 5700 1001 5758 49.

2171 4887 2280 4940 τῶν
2313 4890 2368 4940 ὲν
2397 4889 2608 4959 ψάμμῳ
2637 4889 2864 4942 παιδίων
2913 4888 3336 4958 οἰκοδομήματα,
3379 4889 3471 4941 καὶ
3520 4891 3554 4959 ἠ
3610 4891 3760 4942 κατὰ

2173 4979 2278 5030 τῶν
2309 4980 2518 5050 ἄστρων
2549 4980 2747 5043 τοξεία,
2783 4982 2877 5032 καὶ
2915 4982 2947 5050 ἡ
2977 4981 3084 5032 τῶν
3129 4981 3345 5050 ἀνέμων
3393 4980 3556 5050 θήρα,
3590 4981 3690 5034 καὶ
3723 4983 3764 5051 ἡ

2175 5071 2309 5141 πρὸς
2351 5071 2447 5140 τὴν
2477 5071 2609 5123 ἰδίαν
2641 5071 2798 5124 σκιὰν
2825 5071 2919 5124 τοῦ
2952 5071 3192 5142 δρομέως
3220 5072 3449 5141 ἅμιλλα,
3473 5072 3564 5124 ὅτε
3599 5073 3758 5141 φιλο-

2176 5162 2326 5229 νεικῇ
2365 5177 2447 5222 τις
2481 5161 2572 5212 τοῦ
2604 5161 2934 5230 σκιάσματος
2969 5161 3068 5231 τῆς
3101 5161 3342 5232 κορυφῆς
3359 5161 3641 5232 ὲπιϐἦναι,
3662 5166 3764 5216 καὶ

2177 5249 2302 5301 εἴτι
2342 5249 2577 5301 τοιοῦτον
2626 5251 2810 5319 ἕτερον
2854 5252 2913 5302 ἐν
2951 5253 3062 5313 τοῖς
3101 5253 3224 5322 είκῇ
3259 5251 3571 5321 γενομένοις
3613 5252 3761 5323 εὑρί-

2177 5355 2396 5409 σκομεν,
2433 5340 2574 5409 ἅπερ
2605 5340 2780 5392 πάντα
2827 5339 2902 5411 τῷ
2944 5340 3041 5410 τῆς
3083 5341 3438 5410 ματαιότητος
3480 5341 3765 5408 ὑπάγεται

2177 5433 2399 5503 ῥήματι.
2429 5431 2583 5482 Ἔστι
2631 5431 2688 5482 δὲ
2746 5431 3001 5495 πολλάκις
3044 5432 3263 5486 κάκεῖνο
3313 5431 3542 5500 μάταιον
3584 5435 3643 5484 ἐν
3689 5436 3758 5502 τῇ

2178 5521 2434 5594 συνηθείᾳ
2496 5521 2820 5593 λεγόμενον,
2873 5525 2999 5579 ὅταν
3052 5526 3190 5595 πρός
3248 5541 3376 5580 τινα
3420 5525 3630 5580 σκοπόν
3660 5540 3760 5596 ,τις
