3870 6220
231 359 330 420 62!

1319 364 1388 423 lN
1434 357 1964 423 ECCLESIASTEN.
2007 357 2282 425 HOMlLlA
2325 361 2366 422 1.

3368 359 3479 426 ϐἱί

231 481 398 555 ὀρῶν,
449 481 543 534 καὶ
593 481 669 544 ὥς
713 500 764 536 τι
811 475 1082 546 λυσιτελὲς
1118 481 1223 534 τῶν
1258 481 1628 553 προκειμένων
1667 479 1806 534 κατά

1918 495 2052 550 saepe
2086 481 2320 550 positum
2362 481 2418 534 in
2452 477 2876 541 consuetudine.
2909 485 2966 534 ut
2998 494 3197 534 vanum
3241 478 3476 550 dicatur,

234 575 474 644 σπουδὴν
504 573 724 644 μετιὼν,
753 575 958 628 ἕκαστα
987 574 1219 646 πράττῃ,
1251 570 1371 626 εἶτά
1393 589 1536 636 τινος
1566 571 1804 624 ἐναντίου

234 665 623 735 γεγενημένου,
654 664 732 727 είς
751 663 1005 734 ἀνόνητον
1032 663 1290 736 περιέλθῃ
1317 666 1347 715 ὁ
1375 663 1553 726 πόνος,
1575 657 1666 714 καὶ
1688 661 1806 713 τότε

233 755 329 808 καὶ
363 757 456 807 ἐπὶ
491 751 677 826 μηδενὶ
713 751 1094 826 κατορθώματι
1124 755 1221 825 τὴν
1256 753 1486 824 σπουδὴν
1519 751 1808 822 προχωρῆ-

235 864 328 900 σαι
376 845 455 916 τῷ
511 845 710 916 ῥήματι
760 845 853 900 τοῦ
905 846 1133 918 ματαίου
1182 845 1609 916 διασημαίνεται.
1648 841 1806 909 Λέγει

231 940 346 1008 γὰρ
377 940 468 991 ἐπὶ
510 938 618 990 τῶν
669 939 922 992 τοιούτων
969 937 1002 1010 ἡ
1051 938 1308 1009 συνήθεια
1353 935 1434 1006 τὸ,
1469 933 1658 1005 Μάτην
1687 936 1808 988 ἐκο-

231 1029 428 1092 πίασα,
479 1031 571 1082 καὶ
622 1029 798 1100 μάτην
839 1030 1135 1098 ὲπήλπισα,
1180 1030 1274 1083 καὶ
1311 1031 1403 1082 ἐπὶ
1441 1025 1652 1099 ματαίῳ
1684 1029 1808 1090 τοὺς

231 1119 464 1181 πολλοὺς
515 1120 752 1189 ὑπέστην
801 1120 1099 1188 καμάτους.
1148 1119 1258 1172 Καὶ
1309 1115 1394 1171 ἴνα
1455 1113 1530 1188 μὴ
1575 1117 1643 1170 τὰ
1687 1113 1806 1169 καθ’

229 1209 462 1263 ἕκαστον
487 1210 788 1280 διεξίωμεν,
822 1213 906 1279 ἐφ’
937 1206 1016 1276 οἷς
1043 1211 1103 1264 τὸ
1135 1210 1304 1281 ὄνομα
1331 1210 1430 1280 τῆς
1453 1208 1808 1280 ματαιότητος

233 1303 439 1372 κυρίως
490 1302 726 1370 λέγεται,
781 1304 838 1356 ὲν
891 1303 1055 1373 ὀλίγῳ
1105 1301 1203 1373 τὴν
1240 1298 1444 1354 ἔννοιαν
1487 1301 1584 1370 τῆς
1627 1299 1809 1370 φωνῆς

231 1395 436 1464 ταύτης
487 1393 932 1466 περιληψώμεθα.
993 1393 1306 1462 Ματαιότης
1357 1392 1522 1456 ἐστὶν,
1577 1391 1609 1462 ἢ
1660 1385 1810 1461 ῥῆμα

231 1485 568 1554 ἀδιανόητον,
596 1485 627 1554 ἢ
661 1487 892 1555 πρᾶγμα
934 1486 1210 1556 ἀνόνητον,
1240 1479 1273 1554 ἢ
1307 1481 1467 1552 βουλὴ
1504 1481 1807 1534 ἀνυπόστα-

229 1592 345 1639 τος,
385 1575 418 1646 ἢ
459 1575 662 1646 σπουδὴ
711 1577 877 1646 πέρας
924 1575 1018 1627 οὐκ
1049 1573 1328 1644 ἕχουσα,ἢ
1369 1571 1593 1626 καθόλου
1621 1571 1680 1624 τὸ
1714 1571 1808 1623 ἐπὶ

231 1667 400 1721 vtam).
425 1667 786 1720 λυσιτελοῦντι
814 1667 1178 1736 ἀνύπαρκτον.
1215 1667 1276 1718 Εἰ
1310 1665 1372 1736 δὴ
1401 1665 1645 1734 νενόηται
1680 1660 1808 1732 ἡμῖν

229 1757 329 1812 τοῦ
364 1758 592 1829 ματαίου
616 1761 649 1830 ὴ
679 1757 874 1822 ἔννοια,
901 1757 1209 1822 ἐξεταστέον
1236 1757 1300 1810 ἀν
1342 1756 1449 1827 εἴη,
1479 1755 1531 1807 τί
1565 1753 1809 1825 βούλεται

1911 571 2130 641 quando
2160 571 2428 644 quispiam
2464 569 2531 624 ad
2566 583 2788 640 scopum
2819 569 3055 640 aliquem
3088 570 3393 641 aspiciens,
3423 581 3480 628 et

1912 669 2173 730 tanquam
2213 661 2346 713 utile
2378 657 2655 729 quidpiam
2690 675 2756 714 ex
2788 660 2855 716 iis
2888 675 3010 730 qua:
3042 671 3170 716 sunt
3200 655 3477 730 proposita

1910 753 2089 806 studio
2115 751 2419 807 vehementi
2451 765 2811 821 persequens,
2847 749 2958 822 agit
2989 752 3202 821 singula
3231 770 3246 818 ;
3281 751 3482 807 deinde

1909 859 2032 898 cum
2065 844 2270 914 aliquid
2302 837 2634 896 contrarium
2665 837 2940 907 evenerit,
2972 839 3130 898 labor
3157 837 3322 899 fuerit
3351 838 3482 899 irrio

1913 946 2030 990 tus:
2051 944 2106 990 et
2124 943 2254 990 tunc
2274 929 2418 1004 quod
2443 950 2506 990 ex
2528 949 2592 990 eo
2607 949 2804 1006 magno
2823 935 3010 991 labore
3032 936 3168 990 nihil
3193 941 3339 992 recte
3362 945 3486 993 ευοα

1910 1025 2174 1090 cesserit,
2207 1026 2310 1080 hoc
2343 1027 2466 1082 vani
2503 1027 2668 1082 verbo
2702 1027 3062 1098 signiﬁcatur.
3100 1019 3176 1084 De
3217 1020 3286 1083 iis
3333 1021 3482 1082 enim

1909 1131 2030 1187 quae
2061 1120 2188 1172 sunt
2216 1117 2482 1186 ejusmodi
2517 1119 2654 1173 solet
2687 1113 2798 1174 dici
2828 1139 2839 1173 :
2873 1116 2937 1174 In
2967 1135 3166 1174 vanum
3198 1111 3442 1174 laboravi
3461 1151 3481 1184 ς

1909 1205 1963 1262 in
2007 1222 2204 1262 vanum
2240 1209 2485 1278 speravi,
2544 1210 2599 1262 et
2648 1209 2703 1263 in
2762 1224 2962 1265 vanum
3015 1206 3215 1267 mullos
3266 1212 3486 1269 labores

1909 1299 2071 1355 subii.
2103 1293 2168 1354 Et
2195 1317 2263 1356 ne
2289 1302 2499 1372 singula
2521 1317 2931 1373 persequamur,
2961 1304 3018 1358 in
3045 1299 3243 1376 quibus
3269 1299 3483 1361 vanitaa

1909 1391 1981 1447 tis
2012 1409 2206 1448 nomen
2238 1396 2516 1464 proprium
2549 1396 2770 1460 dicitur,
2797 1402 2986 1467 paucis
3001 1391 3164 1470 hujus
3177 1401 3328 1455 vocis
3350 1409 3482 1456 sena

1910 1496 2028 1535 sum
2059 1477 2605 1552 comprehendamus.
2632 1475 2855 1540 Vanitas
2875 1494 2961 1541 est
2981 1487 3065 1540 vel
3091 1487 3312 1542 verbum
3334 1479 3484 1558 quod

1909 1583 2016 1622 non
2047 1566 2192 1624 cadit
2217 1572 2320 1626 sub
2350 1573 2736 1642 cogitationem
2782 1580 2836 1628 et
2887 1573 3302 1647 intelligentiam
3326 1619 3342 1642 ,
3397 1577 3482 1633 Vel

1909 1675 1998 1716 res
2027 1661 2235 1717 inutilis
2256 1702 2270 1725 ,
2305 1664 2388 1717 vel
2435 1665 2722 1719 consilium
2753 1666 2898 1736 quod
2929 1682 3036 1721 non
3067 1677 3242 1738 potest
3270 1669 3484 1724 consis‘

1909 1757 2059 1816 tere,
2096 1753 2182 1807 vel
2211 1751 2452 1808 studium
2481 1755 2625 1825 quod
2657 1769 2764 1810 non
2795 1757 3038 1826 pervenit
3067 1758 3132 1813 ad
3163 1757 3324 1812 ﬁnem
3348 1798 3363 1821 ,
3396 1753 3483 1812 vel

231 1850 269 1918 ή
325 1847 620 1918 ματαιότης
641 1829 644 1830 ν
667 1846 776 1900 τῶν
836 1848 1226 1918 ματαιοτήτων.
1275 1845 1430 1914 Τάχα
1482 1841 1526 1896 δ’
1573 1841 1639 1896 ἂν
1684 1843 1814 1912 ἡμῖν

1918 1845 1976 1894 ut
2003 1842 2058 1894 in
2088 1856 2303 1897 summa
2328 1841 2506 1898 dicam
2528 1885 2543 1907 ,
2573 1841 2626 1899 id
2655 1840 2800 1916 quod
2832 1847 2886 1900 in
2917 1848 3110 1918 quavis
3136 1865 3194 1904 re
3224 1844 3340 1904 utili
3371 1861 3484 1904 non

231 1938 654 2010 γνωριμώτερον
681 1939 742 1991 τὸ
785 1937 1113 2008 ζητούμενον
1161 1939 1336 2007 νόημα
1381 1935 1607 2004 γένοιτο,
1641 1935 1690 1986 εἰ
1716 1934 1815 2004 τὴν

231 2030 512 2100 γραφικὴν
552 2027 837 2099 συνήθειαν
869 2029 962 2080 ἐπὶ
988 2027 1095 2081 τῶν
1139 2027 1274 2098 πρὸς
1311 2026 1370 2079 τὸ
1399 2027 1642 2095 κρεῖττον
1670 2041 1818 2077 νοου-

237 2121 450 2190 μένων,
479 2115 952 2188 συνεξετάσαιμεν.
996 2117 1059 2168 Ἡ
1108 2115 1215 2169 τῶν
1256 2114 1567 2183 ἀναγκαίων
1613 2123 1672 2165 τε
1722 2111 1818 2165 καὶ

238 2209 626 2280 συμφερόντων
649 2208 866 2279 πρᾶξις,
915 2207 1073 2278 ἔργον
1121 2205 1274 2277 παρά
1314 2205 1412 2276 τῆς
1449 2203 1674 2275 Γραφῆς
1703 2204 1814 2256 ὀνο-

237 2303 503 2373 μάζεται·
553 2301 690 2355 ἀλλά
735 2301 801 2354 τὰ
845 2300 1239 2371 ὑπερϐαίνοντα
1289 2297 1396 2350 τῶν
1448 2295 1816 2365 σπουδαζομέ-

234 2411 366 2456 νων,
391 2393 489 2446 ὅσα
522 2395 602 2455 είς
631 2393 796 2464 αὐτὴν
830 2393 929 2463 ὁρᾷ
959 2393 1057 2462 τὴν
1086 2387 1180 2444 τοῦ
1203 2389 1338 2444 Θεοῦ
1378 2389 1650 2457 λατρείαν,
1681 2388 1816 2458 ἔργα

234 2486 416 2555 ἔργων
446 2484 684 2553 λέγεται,
721 2479 904 2546 καθὼς
949 2486 982 2554 ἡ
1030 2483 1240 2554 ἱστορία
1286 2482 1453 2552 δηλοῖ.
1489 2479 1814 2543 δεικνῦντος,

234 2573 415 2648 οἶμαι,
443 2576 536 2629 τοῦ
569 2577 748 2644 λόγου,
791 2577 877 2630 διά
921 2593 1064 2638 τινος
1104 2574 1392 2642 ἀναλογίας
1437 2574 1568 2643 ἡμῖν
1617 2574 1681 2625 ἐκ
1722 2571 1816 2624 τοῦ

235 2667 404 2741 ἔργου
430 2668 535 2721 τῶν
563 2667 760 2738 ἔργων,
794 2663 846 2720 τί
875 2669 936 2720 τὺ
975 2669 1032 2718 ὲν
1075 2669 1186 2729 τοῖς
1226 2662 1672 2736 σπουδαζομένοις
1702 2664 1818 2716 ἐστὶ

236 2759 652 2832 προτιμότερον.
697 2757 792 2811 Ὃν
831 2759 940 2830 γὰρ
969 2755 1150 2828 ἐπέχει
1187 2756 1342 2824 λόγον
1376 2755 1512 2828 πρὸς
1556 2756 1654 2826 τὴν
1691 2753 1814 2808 καθ-

235 2851 364 2904 όλου
398 2849 593 2920 ἀργίαν
637 2850 671 2918 ἡ
710 2850 834 2918 περὶ
879 2850 946 2900 τὰ
989 2845 1125 2918 ἔργα
1171 2841 1391 2916 σπουδὴ,
1426 2839 1662 2897 τοιοῦτον
1706 2843 1818 2913 ἔχει

236 2941 398 3010 λόγον
427 2940 562 3010 πρὸς
585 2939 656 2992 τὰ
694 2939 856 2991 λοιπά
889 2939 1022 3008 ἔργα
1060 2939 1092 3007 ἡ
1133 2937 1266 3008 πρὸς
1289 2937 1357 2990 τὰ
1387 2933 1689 3005 ὑψηλότερα
1725 2935 1819 2988 καὶ

240 3032 611 3104 προτιμότερα
638 3031 744 3082 τῶν
772 3029 1216 3098 σπουδαζομένων
1249 3025 1514 3100 ἐνέργεια.
1545 3023 1700 3078 Οὕτω
1725 3027 1818 3078 καὶ

1919 1940 2101 2002 potest
2130 1935 2453 1990 consistere.
2501 1939 2674 2007 Atque
2711 1937 2756 1992 si
2786 1938 2901 2007 jam
2943 1933 3163 2010 quidem
3207 1933 3484 1997 intellexia

1917 2037 2038 2077 mus
2068 2025 2316 2092 quisnam
2359 2027 2429 2082 sit
2477 2030 2603 2082 vani
2655 2044 2881 2097 sensus,
2935 2032 3352 2088 examinandum
3400 2041 3486 2090 εει

1917 2114 2044 2183 quid
2080 2115 2186 2170 sibi
2216 2117 2348 2171 velit
2377 2117 2591 2174 vanitas
2627 2115 2948 2177 vanitatum.
2993 2117 3258 2190 Quisnam
3297 2127 3481 2181 autem

1917 2207 1984 2258 sit
2041 2207 2133 2276 qui
2181 2209 2444 2276 quaeritur
2489 2225 2723 2276 sensus,
2769 2211 2934 2267 fuerit
2973 2214 3132 2270 nobis
3169 2217 3386 2284 notius,
3433 2214 3482 2273 si

1919 2295 2216 2367 Scriptura:
2259 2301 2704 2358 consuetudinem
2754 2307 3129 2365 examinemus
3182 2305 3236 2363 in
3266 2310 3332 2366 iis
3359 2323 3486 2382 quae

1917 2389 2292 2460 intelliguntur
2323 2406 2446 2448 esse
2479 2393 2702 2449 meliora
2735 2409 2799 2452 ac
2832 2399 3231 2467 praestantiora.
3279 2395 3480 2457 Eorum

1916 2495 2036 2548 qua
2087 2490 2214 2534 sunt
2252 2483 2560 2537 necessaria
2593 2493 2648 2539 et
2708 2486 2858 2540 utilia
2903 2489 3069 2552 actio,
3121 2503 3259 2560 opus
3301 2493 3484 2548 ndmi-

1917 2579 2078 2623 natur
2133 2587 2160 2624 a
2221 2571 2534 2642 Scriptura;
2585 2576 2678 2630 sed
2723 2591 2910 2631 eorum
2965 2580 3018 2632 in
3066 2589 3187 2650 qua:
3240 2583 3481 2638 studium

1917 2663 2218 2728 confertur,
2245 2682 2584 2737 quaecunque
2615 2665 2916 2736 excellunt,
2963 2683 3017 2728 et
3066 2689 3186 2743 quae
3233 2679 3484 2747 spectant

1918 2755 1985 2809 ad
2017 2757 2194 2826 ipsum
2231 2753 2322 2812 Dei
2354 2759 2560 2813 cultum
2580 2800 2596 2826 ,
2627 2759 2882 2815 dicuntur
2910 2777 3073 2833 opera
3115 2779 3338 2835 Operum
3360 2809 3375 2833 ,
3407 2771 3483 2826 sia

1917 2853 2010 2900 cut
2039 2849 2277 2903 declarat
2309 2849 2592 2920 Scriptura
2614 2891 2629 2916 ,
2660 2849 2982 2912 ostendente
3001 2899 3016 2923 ,
3069 2863 3128 2912 ut
3179 2865 3310 2930 puto
3331 2903 3348 2928 ,
3378 2861 3484 2918 hac

1918 2937 2187 3002 dictione,
2221 2957 2315 3009 per
2341 2943 2629 3012 quamdam
2661 2945 2995 3018 analogiam,
3040 2963 3106 3005 ex
3145 2966 3309 3020 opere
3346 2965 3480 3024 ope-

1919 3045 2074 3094 rum,
2102 3031 2358 3100 quidnam
2395 3034 2465 3088 sit
2502 3037 3008 3104 praestantissimum
3040 3055 3106 3096 ex
3157 3039 3222 3098 iis
3264 3044 3318 3098 in
3361 3055 3485 3115 qua!

237 3129 398 3198 ἅγιόν
437 3146 490 3181 τι
521 3127 670 3198 παρά
703 3129 770 3196 τῇ
803 3125 990 3198 Γραφῇ
1036 3123 1278 3192 λέγεται·
1319 3122 1412 3176 καὶ
1455 3121 1616 3174 πάλιν
1662 3119 1814 3188 ἆγιον

1920 3123 2160 3176 studium
2191 3124 2488 3180 confertur.
2533 3123 2668 3180 Nam
2714 3139 2878 3198 quam
2925 3131 3087 3186 habet
3115 3135 3380 3190 rationem
3413 3135 3484 3192 ad

237 3220 432 3289 ἁγίων,
462 3220 536 3282 ὡς
577 3221 676 3287 ἴσῳ
721 3219 799 3286 τῷ
829 3217 1013 3288 μέτρῳ
1063 3215 1156 3268 τοῦ
1177 3227 1231 3263 τε
1257 3213 1317 3278 ἐξ
1358 3213 1512 3280 ἁγίου
1559 3213 1620 3266 τὸ
1662 3213 1812 3281 ἀγιον

239 3311 525 3384 ὑπερέχων
570 3311 626 3362 ὲν
673 3307 944 3378 ἀγιότητι⁸
1003 3307 1096 3361 καὶ
1144 3303 1330 3358 τούτου
1373 3305 1554 3364 πάλιν,
1601 3305 1661 3356 τὸ
1706 3304 1813 3356 τῶν

239 3405 413 3474 ἁγίων
452 3405 628 3472 ἅγιον,
670 3401 730 3454 τὸ
777 3398 895 3454 καθ’
943 3392 1230 3468 ὑπέρθεσιν
1281 3397 1338 3447 ἐν
1385 3393 1638 3465 ἁγιασμῷ
1683 3395 1815 3448 θεω-

241 3497 340 3568 ρού
349 3513 508 3566 μενον
515 3537 528 3549 .

1919 3215 2089 3268 otium
2113 3215 2168 3270 in
2193 3232 2387 3285 genere
2407 3217 2459 3272 id
2483 3219 2626 3288 quod
2649 3221 2704 3274 in
2726 3229 2890 3291 opera
2912 3223 3188 3280 confertur
3207 3221 3444 3283 studium
3464 3264 3483 3294 ,

1922 3306 2164 3360 eamdem
2195 3307 2358 3363 habet
2385 3311 2649 3366 rationem
2681 3309 2745 3366 ad
2773 3309 2878 3368 alia
2907 3327 3070 3384 opera
3099 3327 3219 3387 quae
3248 3319 3304 3374 in
3331 3317 3484 3376 altis-

1924 3395 2077 3450 simis
2107 3409 2156 3450 el
2202 3401 2669 3468 praestantissimis
2700 3418 2922 3470 eorum,
2968 3400 3026 3462 in
3074 3424 3195 3479 quze
3240 3413 3484 3469 studium

1924 3486 2221 3549 confertur.
2253 3491 2476 3560 ponitur
2501 3493 2761 3561 operatio.
2800 3493 2878 3548 lta
2909 3497 3072 3552 etiam
3107 3509 3357 3560 sanctum
3383 3505 3484 3560 ali-

239 3589 376 3658 quid
423 3589 624 3644 dicitur
667 3589 720 3642 in
769 3585 1054 3654 Scriptura
1079 3625 1096 3652 ,
1137 3592 1190 3638 et
1231 3593 1424 3638 rursus
1468 3590 1717 3637 sanctum
1776 3589 2126 3648 sanctorum,
2175 3579 2312 3638 adeo
2360 3591 2420 3639 ut
2453 3585 2570 3655 pari
2603 3599 2856 3642 mensura
2885 3597 2940 3644 et
2982 3597 3232 3646 sanctum
3263 3601 3488 3666 superet

242 3685 531 3752 profanum
573 3685 625 3737 in
655 3683 964 3745 sanctitate,
1022 3685 1075 3734 et
1106 3679 1210 3735 hoc
1271 3689 1464 3732 rursus
1492 3683 1738 3733 sanctum
1770 3683 2084 3731 sanctorum
2105 3717 2121 3743 ,
2151 3675 2296 3747 quod
2327 3693 2537 3734 summe
2567 3687 2622 3734 et
2663 3691 2760 3750 per
2787 3683 3261 3754 exsuperationem
3295 3691 3481 3745 consi-

241 3779 468 3831 deratur
495 3775 550 3828 in
582 3775 1034 3830 sanctiﬁcatione.

317 3869 494 3938 Ὅπερ
527 3859 620 3920 οὖν
663 3868 754 3920 ἐπὶ
784 3866 878 3921 τοῦ
912 3869 1218 3939 κρείττονος
1251 3859 1602 3937 ἐδιδάχθημεν
1633 3863 1809 3934 λόγου,

237 3959 341 4028 τῆς
373 3959 652 4030 γραφικῆς
688 3957 974 4028 συνηθείας
1004 3958 1082 4029 τῷ
1112 3957 1336 4028 τοιούτῳ
1379 3957 1507 4010 εἴδει
1550 3953 1648 4026 τὴν
1694 3951 1815 4009 ἐπί-

238 4067 402 4103 τασιν
419 4049 514 4102 τοῦ
545 4049 904 4120 ὑποκειμένου
936 4049 1204 4120 νοήματος
1239 4045 1626 4122 σημαινούσης,
1660 4047 1816 4101 τοῦτο

239 4141 341 4195 καὶ
366 4141 462 4194 ἐπὶ
489 4139 588 4211 τῆς
615 4141 721 4194 τῶν
747 4141 1122 4212 ματαιοτήτων
1156 4143 1512 4212 ματαιότητος
1549 4139 1813 4202 νοοῦντες,

241 4233 300 4285 οὺ
343 4229 748 4302 σφαλησόμεθα.
778 4233 937 4301 Λέγει
969 4233 1075 4304 γὰρ
1102 4229 1199 4303 οὐχ
1229 4233 1411 4297 ἁπλῶς
1441 4225 1579 4286 εἶναι
1615 4227 1818 4303 μάταια

245 4331 306 4377 ὲν
343 4327 456 4386 τοῖς
493 4319 610 4377 οὖσι
651 4325 970 4396 φαινόμενα,
1001 4323 1134 4378 ἀλλά
1169 4325 1308 4379 κατά
1354 4319 1643 4395 ὑπέρθεσίν
1698 4337 1818 4376 τινα

240 4417 345 4484 τῆς
384 4415 526 4469 κατὰ
573 4417 634 4468 τὸ
684 4418 911 4485 μάταιον
952 4418 1226 4488 σημασίας
1260 4413 1398 4470 εἶναι
1431 4411 1685 4470 τοιαῦτα’
1741 4415 1815 4478 ὡς

241 4507 300 4558 εἰ
329 4523 412 4568 τις
451 4505 596 4572 λέγοι
631 4507 724 4558 τοῦ
755 4507 948 4578 νεκροῦ
984 4508 1322 4579 νεκρότερον,
1359 4509 1450 4561 καὶ
1487 4506 1580 4560 τοῦ
1613 4506 1817 4580 ἀψύχου

1991 3857 2142 3929 Quod
2171 3877 2300 3933 ergo
2332 3858 2623 3918 didicimus
2655 3865 2707 3918 in
2743 3880 2802 3920 re
2853 3865 3077 3924 meliore
3115 3884 3178 3924 ac
3217 3878 3481 3942 praestan-

1917 3955 2063 4018 tiori,
2097 3949 2392 4024 Scripturae
2431 3956 2825 4012 consuetudine
2863 3955 3206 4029 signiﬁcante
3255 3963 3358 4020 hac
3397 3981 3482 4020 ra-

1917 4047 2066 4100 tione
2104 4045 2460 4101 intentionem
2510 4046 2586 4101 rei
2633 4061 2754 4116 quze
2798 4045 3155 4120 intelligitur:
3189 4053 3291 4110 hoc
3315 4056 3481 4112 etiam

1917 4137 1972 4189 in
1999 4138 2298 4188 vanitatum
2331 4131 2568 4191 vanitate
2598 4136 2979 4208 intelligentes,
3011 4141 3231 4198 minime
3262 4144 3482 4201 aberra-

1920 4221 2117 4278 bimus.
2155 4223 2290 4277 Dicit
2333 4225 2478 4279 enim
2519 4241 2624 4278 non
2669 4227 2919 4282 absolute
2946 4239 3070 4286 esse
3096 4247 3234 4288 vana
3267 4250 3390 4304 quas
3421 4237 3480 4290 in

1918 4315 2085 4370 rebus
2131 4323 2432 4386 apparent,
2476 4313 2569 4371 sed
2622 4333 2684 4371 ea
2717 4333 2841 4374 esse
2886 4311 3155 4389 ejusmodi
3197 4323 3253 4378 in
3299 4323 3482 4395 aliqua

1919 4410 2334 4478 exsuperatinne
2380 4411 2502 4464 vani
2557 4409 3014 4480 signiﬁcationis:
3069 4410 3292 4484 perinde
3336 4432 3400 4472 ac
3432 4414 3484 4473 si

1920 4500 2042 4569 quis
2071 4499 2214 4554 dicat
2246 4509 2459 4554 mortuo
2485 4501 2658 4570 magis
2686 4510 2983 4566 mortuum,
3017 4511 3072 4558 et
3101 4505 3343 4560 inanimo
3367 4523 3485 4562 ma»

241 4597 612 4666 άψυχότερον·
661 4597 754 4649 καί
801 4615 882 4651 τοι
919 4595 951 4668 ἡ
993 4599 1316 4670 συγκριτικὴ
1361 4599 1605 4660 ἐπίτασις
1636 4597 1814 4668 χώραν

1922 4585 2004 4658 gis
2070 4588 2409 4642 inanimum:
2455 4589 2670 4644 etiamsi
2713 4587 3080 4662 comparativa
3127 4593 3357 4650 intentio
3404 4597 3482 4652 lo-

243 4689 342 4741 é-le.
372 4689 480 4741 τῶν
507 4687 762 4741 τοιούτων
791 4687 890 4742 ούκ
920 4689 1050 4759 ἔχει,
1083 4687 1198 4743 ἀλλ*
1228 4692 1376 4760 ὅμως
1404 4691 1620 4758 λέγεται
1647 4687 1819 4760 τούτῳ

243 4775 327 4848 τῷ
353 4779 580 4848 ῥήματι.
611 4779 748 4848 πρὸς
779 4779 878 4849 τὴν
905 4781 1004 4850 τῆς
1038 4781 1341 4852 ὑπερϐολῆς
1372 4781 1462 4834 τοῦ
1494 4775 1818 4852 δηλουμένου

243 4872 569 4940 σαφήνειαν.
589 4871 794 4942 Ὥσπερ
812 4869 903 4925 οὖν
921 4873 1118 4927 ἐστιτὰ
1141 4869 1276 4944 ἔργα
1303 4867 1410 4926 τῶν
1433 4869 1629 4945 ἔργων,
1645 4874 1736 4926 καὶ
1753 4869 1820 4928 τὰ

243 4961 384 5030 ἆγια
412 4963 522 5016 τῶν
550 4963 722 5032 ἁγίων
753 4957 1036 5035 νοούμενα,
1064 4959 1139 5018 ὧν
1175 4967 1207 5037 ἡ
1239 4961 1565 5036 ύπερθετικὴ
1602 4965 1734 5035 πρὸς
1760 4961 1820 5017 τὸ

243 5057 494 5124 κρεῖττον
527 5053 748 5118 ἔνδειξις
776 5055 1136 5125 ἑρμηνεύεται
1161 5073 1174 5086 ·
1201 5055 1344 5108 οὕτω
1381 5055 1472 5108 καὶ
1499 5057 1532 5124 ἡ
1568 5056 1675 5108 τῶν
1717 5073 1820 5124 μα-

243 5145 549 5214 ταιοτήτων
577 5147 894 5216 ματαιότης,
926 5143 983 5199 τὸ
998 5148 1362 5217 ἀνυπέρθετον
1384 5147 1621 5200 δείκνυσι
1647 5150 1743 5218 τῆς
1763 5149 1821 5200 ἐν

243 5237 328 5306 τῷ
351 5239 566 5308 ματαίῳ
591 5235 914 5310 ὑπερϐολῆς.
943 5239 1054 5293 Καὶ
1079 5240 1266 5311 μηδεὶς
1295 5235 1555 5293 ὑπολάϐοι
1586 5256 1822 5310 κατηγο-

243 5331 374 5402 ρίαν
397 5325 538 5384 εἶναι
557 5332 653 5401 τῆς
670 5325 901 5394 κτίσεως
913 5331 982 5383 τά
999 5331 1265 5402 λεγόμενα
1284 5349 1296 5362 ’
1319 5333 1414 5386 καὶ
1428 5332 1536 5403 γὰρ
1551 5332 1616 5385 ἂν
1633 5333 1712 5395 είς
1731 5327 1821 5384 τὸν

245 5421 592 5490 πεποιηκότα
637 5421 814 5474 πάντα
850 5421 1112 5475 διαϐαίνοι
1152 5423 1212 5475 τὺ
1236 5422 1509 5492 ἔγκλημα,
1541 5424 1590 5475 εί
1617 5421 1822 5474 τούτων

244 5515 384 5584 ἡμῖν
416 5509 744 5584 δημιουργὸς
769 5515 1092 5586 ἀναφανείη,
1133 5517 1162 5567 ὁ
1191 5515 1599 5584 συστησάμενος
1633 5513 1691 5579 ἐξ
1719 5507 1818 5566 οὖκ

245 5605 419 5659 ὄντων
449 5606 518 5657 τὰ
561 5605 757 5670 πάντα,
788 5605 945 5674 εἴπερ
982 5606 1339 5676 ματαιότητος
1387 5599 1470 5674 εἵη
1505 5603 1574 5656 τά
1621 5605 1815 5658 πάντα.

260 5694 402 5747 Ἀλλ’
433 5694 621 5764 ἐπειδὴ
657 5695 820 5763 διπλῆ
845 5695 942 5764 μέν
967 5697 1113 5748 ἐστιν
1145 5696 1180 5764 ἡ
1207 5693 1301 5747 τοῦ
1333 5693 1619 5765 ἀνθρώπου
1652 5711 1820 5748 κατα-

253 5786 444 5854 σκευὴ,
473 5784 652 5854 ψυχῆς
682 5785 890 5857 σώματι
927 5784 1331 5856 συνδραμούσης
1351 5801 1363 5814 ·
1410 5785 1730 5857 μεμέρισται
1763 5785 1818 5838 δὲ

1921 4695 2047 4734 cum
2093 4693 2200 4734 non
2231 4679 2393 4735 habet
2424 4673 2478 4733 in
2521 4679 2588 4734 iis
2622 4695 2742 4748 quae
2793 4689 2921 4737 sunt
2963 4679 3268 4751 ejusmodi;
3309 4691 3364 4742 et
3402 4693 3490 4742 ta-

1921 4787 2043 4829 men
2075 4773 2179 4827 hoc
2203 4774 2366 4827 verbo
2387 4769 2588 4827 dicitur
2609 4773 2674 4827 ad
2702 4774 3082 4830 declarandam
3109 4780 3485 4848 exsuperatio-

1922 4881 2048 4920 nem
2091 4863 2213 4934 ejus
2242 4866 2386 4935 quod
2424 4865 2786 4935 signiﬁcatur.
2815 4865 3102 4932 Quomodo
3129 4884 3261 4940 ergo
3290 4868 3490 4926 intelli«

1919 4959 2098 5028 gimus
2134 4973 2298 5028 opera
2331 4972 2580 5027 operum,
2630 4964 2686 5012 et
2733 4968 2922 5013 sancta
2966 4967 3304 5028 sanctorum,
3347 4979 3486 5034 quo.

1922 5061 2042 5105 rum
2076 5052 2378 5120 eXplicatur
2406 5051 2750 5117 exsuperatio
2771 5051 2824 5104 in
2853 5065 2918 5104 eo
2948 5052 3094 5121 quod
3122 5056 3208 5108 est
3249 5053 3484 5111 melius:

1923 5143 1996 5196 ita
2027 5141 2190 5196 etiam
2220 5141 2434 5196 vanitas
2460 5142 2760 5195 vanitatum
2785 5143 3022 5196 ostendit
3066 5142 3488 5213 insuperabilem

1925 5234 1980 5288 in
2016 5233 2259 5288 vanitate
2289 5233 2786 5300 essuperationem.
2812 5227 2999 5303 Neque
3031 5249 3162 5289 vero
3209 5236 3490 5292 existimet

1923 5325 2194 5399 quispiam
2237 5343 2300 5382 ea
2350 5336 2472 5397 quae
2518 5327 2807 5391 dicuntur,
2847 5333 3111 5383 creatura!
3161 5343 3284 5384 esse
3322 5344 3488 5383 accu-

1925 5421 2214 5473 sationem.
2259 5409 2464 5473 Revera
2503 5417 2650 5472 enim
2683 5419 2736 5471 in
2769 5432 2891 5472 eum
2920 5417 3015 5488 qui
3052 5419 3256 5474 creavit
3279 5418 3486 5483 omnia.

1923 5506 2180 5566 transiret
2202 5509 2536 5574 criminatio,
2567 5505 2612 5563 si
2643 5523 2831 5564 eorum
2866 5505 3023 5564 nobis
3051 5505 3337 5566 exsisteret
3365 5509 3486 5579 opi-

1922 5597 2031 5663 fex.
2068 5597 2162 5670 qui
2193 5615 2259 5654 ex
2301 5595 2370 5654 iis
2407 5613 2530 5668 qua:
2558 5611 2668 5652 non
2709 5605 2866 5658 erant
2907 5598 3154 5655 condidit
3195 5598 3400 5658 omnia.
3436 5595 3488 5653 sl

1924 5693 2141 5763 quidem
2184 5699 2370 5747 essent
2402 5689 2586 5745 omnia
2611 5690 2886 5745 vanitatis.
2934 5690 3039 5746 Sed
3087 5691 3340 5761 quoniam
3381 5691 3486 5745 du-

1926 5787 2046 5856 plex
2079 5793 2163 5842 est
2207 5783 2445 5840 hominis
2484 5782 2844 5852 constructio,
2883 5799 3006 5838 cum
3042 5785 3220 5838 anima
3252 5795 3492 5839 concur-
