3870 6220
382 292 490 350 625
1505 347 1508 350 ,
1583 281 1638 335 S.
1672 273 2000 333 GllEGURll
2040 271 2331 330 NYSSENI
3523 257 3636 314 6‘24

384 426 470 470 rat
508 427 632 468 cum
665 423 913 480 corpore,
957 406 1342 462 convenienter
1381 409 1560 456 autem
1607 399 1825 465 utrique
1855 408 1948 446 eo-

2078 391 2398 464 ιαταλλήλως
2441 393 2683 464 ἑκατέρῳ
2717 390 2826 445 τῶν
2855 391 2914 444 ἐν
2942 389 3076 459 ἡμῖν
3105 380 3498 453 θεωρουμένων
3536 375 3634 431 καὶ

387 522 506 561 rum
550 518 672 574 quae
711 503 763 557 in
805 501 965 556 nobis
1007 497 1446 559 considerantur,
1481 489 1827 561 dispertitum
1868 491 1953 539 est

2078 485 2150 554 τῆς
2177 484 2322 554 ζωῆς
2355 481 2512 550 εἶδος.
2546 485 2712 556 Ἀλλη
2743 483 2850 554 γὰρ
2878 481 3074 551 ψυχῆς,
3103 479 3200 530 καὶ
3238 475 3400 544 ἐτέρα
3437 470 3636 539 σώμα-

389 600 511 653 vitae
539 611 748 666 genus:
793 594 897 648 alia
921 591 1066 647 enim
1095 597 1179 645 est
1217 589 1432 650 animae,
1463 584 1568 638 alia
1617 583 1725 636 vita
1759 592 1954 646 corpo-

2078 579 2143 642 ’ός
2175 580 2291 632 ἐστι
2325 579 2477 650 ζωή·
2512 579 2546 649 ἡ
2599 579 2695 648 μὲν
2729 575 2857 646 γὰρ.
2890 573 3055 645 θνητὴ
3107 571 3198 624 καὶ
3243 567 3513 636 ἐπίκηρος
3535 579 3551 593 '
3601 563 3637 631 ή

390 691 467 746 ris
493 707 506 743 :
536 703 662 743 nam
694 687 808 740 haec
839 683 1058 754 quidem
1081 689 1167 738 est
1193 678 1460 740 mortalis,
1497 683 1551 730 et
1579 675 1632 728 in
1672 686 1789 727 eam
1811 668 1956 724 cadit

2078 672 2129 733 ῐέ,
2161 671 2377 743 ἀπαθὴς
2403 672 2497 726 καὶ
2523 672 2817 742 ἀκήρατος
2847 667 2940 722 καὶ
2970 666 3109 731 αὕτη
3144 665 3240 733 μὲν
3268 663 3348 721 είς
3370 660 3437 713 τὸ
3457 655 3639 727 παρὸν

389 783 643 840 interitus
678 799 692 835 :
732 779 822 832 illa
863 785 1043 834 autem
1083 771 1402 844 impatibilis
1446 776 1502 823 et
1538 767 1713 820 aliena
1754 763 1823 817 ab
1882 761 1958 814 in-

2078 763 2243 817 ιλέπει
2273 763 2452 834 μόνον,
2484 763 2581 833 τῆς
2602 763 2658 816 δὲ
2687 763 2715 814 6
2744 761 2941 824 σκοπὸς
2970 761 3048 822 είς
3083 756 3143 810 τὸ
3167 754 3412 826 διηνεκὲς
3450 765 3639 822 παρα-

390 877 592 933 teritu.
627 880 681 929 et
721 871 836 925 haec
865 868 1083 938 quidem
1117 841 1314 933 aspicit
1348 868 1558 915 tantum
1601 854 1744 926 quod
1781 853 1955 915 adest,

2078 857 2308 909 τείνεται.
2358 855 2506 908 Ἐπεὶ
2537 852 2630 907 οὖν
2653 852 2818 924 πολλὴ
2857 849 3091 921 διαφορά
3120 847 3216 901 τοῦ
3252 842 3447 917 θνητοῦ
3494 841 3642 915 πρὸς

390 979 444 1026 ει
470 965 618 1038 quod
648 933 898 1035 praesens
928 968 1012 1015 est
1037 977 1052 1025 ;
1087 957 1233 1011 illius
1257 963 1438 1008 autem
1465 964 1664 1018 scopus
1690 945 1862 1002 tendit
1889 944 1958 999 ad

2078 947 2116 1000 τὺ
2167 947 2451 1010 ἀθάνατον,
2489 946 2582 999 καὶ
2618 945 2714 998 τοῦ
2763 942 3098 1014 προσκαίρου
3145 937 3283 1009 πρὸς
3327 935 3388 989 τδ
3437 933 3641 997 ἀΐδιον,

391 1026 770 1114 aeternitatem.
807 1051 1076 1119 Quoniam
1106 1061 1235 1117 ergo
1267 1045 1497 1099 multum
1529 1039 1708 1096 dill'ert
1736 1039 1961 1092 immor-

2078 1041 2195 1112 τρὸς
2221 1039 2378 1093 τοῦτο
2408 1039 2561 1112 φέρει
2589 1038 2682 1092 τοῦ
2725 1032 3144 1107 Ἐκκλησιαστού
3178 1035 3211 1102 ὴ
3255 1029 3428 1100 φωνὴ,
3453 1027 3517 1081 τὸ
3560 1026 3641 1097 μὴ

392 1151 501 1206 tale
531 1164 561 1203 a
600 1145 838 1208 mortali,
881 1152 936 1198 et
973 1148 1232 1196 aeternum
1265 1152 1294 1191 a
1322 1133 1623 1205 temporali,
1649 1131 1757 1184 huc
1789 1127 1962 1183 tendit

2078 1133 2168 1185 isi’v
2199 1129 2336 1202 πρὸς
2363 1131 2460 1200 τὴν
2494 1129 2755 1201 αίσθητὴν
2799 1128 3000 1198 ταύτην
3044 1125 3260 1196 βλέπειν
3289 1123 3434 1193 ζωήν
3455 1137 3468 1148 ⁶
3512 1122 3645 1190 ἥτις

391 1257 495 1296 vox
538 1238 903 1298 Ecclesiaste,
955 1247 1064 1287 non
1112 1236 1365 1300 oportere
1412 1226 1478 1279 ad
1526 1224 1667 1278 hanc
1706 1221 1961 1277 sensilem

2078 1224 2460 1292 ςυγκρινομένη
2496 1223 2631 1293 πρὸς
2653 1222 2752 1292 τὴν
2783 1222 2950 1282 ὅντως
2985 1217 3149 1288 ζωὴν,
3181 1213 3530 1285 ἀνύπαρκτός
3556 1227 3646 1273 τις

395 1331 601 1390 intueri
630 1331 798 1384 vitam
824 1345 838 1381 :
865 1340 984 1397 qua:
1014 1323 1059 1378 si
1099 1319 1414 1376 conferatur
1436 1330 1562 1369 cum
1597 1328 1659 1368 ea
1687 1325 1809 1381 quae
1837 1323 1963 1365 vere

2078 1314 2156 1367 ιαὶ
2185 1315 2552 1377 ἀνυπόστατός
2584 1315 2752 1370 ἐστιν.
2802 1310 2941 1364 Ἀλλ’
2982 1308 3152 1363 ούδέν
3178 1303 3340 1380 ἦττον
3375 1305 3523 1358 εῐποι
3557 1320 3649 1367 τις

395 1433 482 1482 εει
511 1423 646 1488 vita,
678 1435 786 1475 non
817 1426 921 1484 εει,
962 1429 1062 1470 nec
1095 1419 1272 1484 potest
1299 1408 1618 1464 consistere.
1653 1402 1758 1458 Sed
1792 1401 1966 1455 nihilo

2078 1404 2129 1458 iv
2159 1405 2232 1476 μὴ
2263 1405 2366 1471 ἐξω
2394 1407 2492 1476 τῆς
2518 1403 2612 1458 τοῦ
2640 1403 2970 1474 δημιουργοῦ
3009 1401 3343 1473 κατηγορίας
3379 1399 3476 1453 καὶ
3508 1397 3650 1451 τοῦ-

399 1518 578 1575 εεεὶυε
623 1513 823 1569 dixerit
871 1508 1145 1581 quispiam
1191 1507 1297 1558 hoc
1326 1514 1546 1572 quoque
1595 1497 1802 1551 dictum
1845 1507 1966 1548 esse

2078 1514 2154 1551 ιον
2196 1493 2337 1550 εἶναι
2368 1497 2459 1550 τὸν
2496 1497 2672 1565 λόγον,
2747 1503 2879 1558 διότι
2927 1496 3056 1567 παρ’
3084 1493 3249 1548 αὑτοῦ
3284 1494 3376 1546 καὶ
3410 1495 3444 1562 ή
3487 1490 3650 1562 ψυχὴ

391 1625 510 1665 non
543 1607 680 1662 citra
705 1601 970 1659 creatoris
1009 1595 1470 1655 criminationem,
1504 1590 1722 1661 quando
1747 1585 1965 1657 quidem

2078 1591 2160 1643 ml.
2183 1590 2244 1643 τὸ
2274 1589 2450 1660 σῶμα.
2501 1589 2588 1652 Ὠς
2612 1590 2713 1660 είή
2745 1587 2832 1642 δια
2860 1588 3060 1659 σαρκὸς
3089 1588 3476 1656 κατηγορεῖται
3501 1586 3651 1652 ζωὴ,

384 1702 469 1757 ab
496 1716 561 1757 eo
587 1707 672 1755 est
700 1697 886 1753 anima
917 1701 973 1748 et
1001 1705 1224 1760 corpus.
1247 1685 1382 1740 Nam
1406 1686 1452 1740 si
1478 1697 1600 1754 quae
1628 1695 1723 1751 per
1745 1692 1964 1734 carnem

2078 1681 2269 1752 σαρκὸς
2305 1681 2361 1734 δὲ
2395 1680 2622 1752 ποιητὴς
2645 1683 2673 1734 6
2703 1679 2855 1746 Θεὸς,
2901 1680 2980 1743 είς
3011 1680 3218 1732 ἐκεῖνον
3241 1677 3563 1746 ἀναγκαίως
3608 1677 3652 1746 ἡ

399 1795 579 1864 agitur
611 1791 742 1853 vita,
796 1790 1110 1848 accusatur,
1154 1779 1339 1834 carnis
1384 1783 1566 1830 autem
1616 1777 1834 1826 creator
1883 1775 1966 1823 est

2078 1774 2287 1846 τοιαύτη
2321 1773 2526 1845 μέμψις
2552 1774 2650 1844 τὴν
2678 1771 2954 1842 ἀναφορὰν
2989 1770 3125 1841 ἔχοι.

401 1863 565 1942 Dens.
616 1883 672 1936 in
723 1880 876 1934 illum
921 1871 1236 1930 necessario
1282 1867 1561 1922 confertur
1616 1863 1733 1917 ha3c
1781 1874 1969 1930 repre-

401 1976 614 2033 hensio.

472 2067 580 2123 Sed
619 2065 735 2119 hmc
785 2059 1003 2132 quidem
1061 2055 1206 2110 dicet
1251 2050 1475 2106 omnino
1523 2046 1816 2118 quiSpiam,
1874 2042 1967 2113 qui

392 2159 641 2217 'nondum
685 2160 769 2209 est
798 2161 951 2206 extra
989 2159 1228 2203 carnem.
1267 2157 1441 2211 neque
1485 2139 1552 2194 ad
1595 2135 1968 2193 sublimiorem

401 2253 567 2306 vitam
611 2247 901 2315 diligenter
949 2250 1003 2295 et
1045 2242 1301 2292 accurate
1339 2232 1572 2303 aspexit.
1607 2231 1737 2304 Nam
1781 2227 1872 2297 qui
1914 2227 1967 2280 in

406 2343 608 2400 divinis
631 2348 716 2396 est
739 2337 988 2393 eruditus
1015 2329 1314 2401 mysteriis,
1344 2342 1454 2381 non
1477 2325 1689 2395 ignorat
1720 2321 1966 2385 omnino,

402 2435 547 2508 quod
577 2429 892 2488 hominibus
934 2424 1154 2496 quidem
1193 2418 1526 2475 conveniens
1567 2422 1621 2470 et
1668 2411 1968 2469 secundum

401 2502 656 2583 naturam
703 2528 788 2577 est
816 2521 948 2580 vita,
985 2530 1105 2586 qua:
1132 2511 1331 2569 divinae
1362 2516 1445 2565 est
1473 2515 1682 2563 natura:
1724 2502 1922 2558 similis
1952 2517 1967 2554 :

403 2621 513 2673 vita
564 2623 746 2670 autem
791 2609 1029 2671 sensilis,
1084 2620 1205 2674 qua:
1242 2617 1339 2674 per
1368 2613 1626 2656 sensuum
1658 2595 1970 2650 traducitur

400 2707 799 2782 operationem,
831 2701 896 2756 ad
924 2702 1026 2753 hoc
1054 2698 1180 2752 data
1205 2704 1288 2749 est
1309 2700 1536 2753 naturae,
1559 2697 1618 2743 ut
1642 2702 1829 2743 eorum
1851 2699 1972 2756 qua:

405 2776 508 2857 sub
535 2806 812 2869 aspectum
857 2792 1063 2848 cadunt
1109 2785 1370 2857 cognitio,
1426 2783 1537 2837 dux
1568 2781 1640 2836 sit
1680 2779 1875 2834 anime
1905 2776 1972 2830 ad

404 2891 652 2948 notitiam
688 2899 879 2941 eorum
931 2897 1051 2952 qua:
1093 2894 1203 2933 non
1253 2883 1383 2932 sunt
1423 2870 1796 2943 aspectabilia,
1831 2883 1971 2937 quo-

404 2985 568 3040 modo
605 2981 739 3036 dicit
773 2973 1055 3046 Sapientia
1075 2972 1146 3021 '3:
1168 2989 1186 3021 ι
1213 2969 1289 3022 Ex
1328 2964 1702 3036 magnitudine
1729 2961 1970 3032 pulchri—

2152 2049 2310 2104 Ἀλλά
2335 2047 2504 2103 ταῦτα
2532 2047 2630 2118 μέν
2657 2048 2770 2118 ἐρεῖ
2795 2047 3011 2109 πάντως
3054 2048 3082 2100 ὁ
3111 2047 3184 2116 μή
3210 2063 3295 2100 πω
3313 2044 3414 2115 τῆς
3437 2045 3654 2116 σαρκὸς

2068 2143 2173 2210 ἔξω
2205 2141 2512 2212 γενόμενος,
2542 2139 2676 2209 μηδέ
2725 2138 2967 2208 ἀκριϐῶς
3001 2138 3136 2210 πρὸς
3171 2139 3268 2209 τὴν
3300 2138 3652 2208 ὑψηλοτέραν

2067 2231 2336 2302 διακύψας
2379 2230 2543 2302 ζωήν.
2595 2231 2746 2283 Ἐπεὶ
2783 2230 2812 2282 ὅ
2847 2248 2909 2298 γε
2953 2229 3380 2300 πεπαιδευμένος
3418 2229 3487 2282 τά
3520 2229 3650 2282 θεῖα

2071 2327 2366 2396 μυστήρια,
2415 2325 2517 2376 οὐκ
2563 2324 2748 2391 ἀγνοεῖ
2794 2323 3029 2386 πάντως,
3059 2322 3140 2375 ὅτι
3171 2322 3346 2375 οἰκεία
3389 2321 3488 2392 μὲν
3548 2322 3652 2376 καὶ

2069 2419 2208 2471 κατά
2254 2416 2413 2486 φύσιν
2440 2418 2551 2478 τοῖς
2583 2413 2887 2485 ἀνθρώποις
2918 2412 3065 2466 ἐστὶν
3090 2414 3122 2482 ή
3161 2411 3272 2483 ζωὴ
3300 2415 3333 2482 ὴ
3374 2412 3513 2483 πρὸς
3541 2414 3649 2482 τὴν

2070 2507 2222 2560 Θείαν
2260 2507 2419 2576 φύσιν
2460 2504 2784 2576 ὠμοιωμένη
2810 2522 2822 2533 ·
2873 2504 2906 2572 ἡ
2950 2503 3007 2556 δὲ
3050 2502 3339 2574 αἰσθητικὴ
3383 2503 3517 2575 ζωὴ,
3557 2504 3653 2558 διὰ

2068 2598 2168 2668 τῆς
2217 2597 2325 2651 τῶν
2376 2596 2742 2666 αἰσθητηρίων
2793 2595 3070 2666 ἐνεργείας
3119 2594 3509 2666 διεξαγομένη,
3553 2597 3652 2649 ἐπὶ

2071 2690 2244 2760 τούτῳ
2293 2689 2452 2758 φύσει
2503 2688 2730 2749 δέδοται,
2786 2689 2870 2756 ἐφ’
2916 2681 2960 2755 ᾧ
3001 2687 3099 2758 τὴν
3144 2688 3252 2741 τῶν
3301 2688 3654 2758 φαινομένων

2071 2783 2270 2852 γνῶσιν
2306 2781 2498 2852 ὁδηγὸν
2547 2779 2799 2848 γενέσθαι
2843 2780 2942 2849 τῆς
2989 2779 3168 2849 ψυχῆς
3217 2778 3355 2850 πρὸς
3401 2779 3500 2850 τὴν
3533 2780 3652 2834 τῶν

2070 2875 2314 2942 ἀοράτων
2340 2873 2631 2940 ἐπίγνωσιν
2651 2887 2663 2899 ·
2691 2868 2873 2934 καθώς
2904 2887 3065 2940 φησιν
3092 2873 3124 2940 ἠ
3151 2867 3338 2937 Σοφία.
3365 2890 3384 2923 ι
3428 2871 3525 2923 Ἐκ
3551 2889 3658 2941 με-

2071 2966 2264 3034 γὲθους
2309 2963 2568 3030 καλλονῆς
2601 2963 2932 3032 κτισμάτων,
2977 2962 3255 3029 ἀναλόγως
3293 2961 3384 3014 τὸν
3428 2963 3656 3014 πάντων

405 3072 612 3129 tudinis
670 3075 1048 3122 creaturarum
1109 3075 1205 3130 per
1254 3055 1668 3128 proportionem
1723 3051 1968 3120 conspici

2078 3055 2447 3126 γενεσιουργδν
2477 3053 2832 3124 καθορᾶσθαι.
2849 3069 2868 3103 ›
2886 3051 2950 3104 Ἦ
2976 3049 3032 3102 δὲ
3055 3052 3369 3124 ἀνθρωπίνη
3397 3053 3658 3118 ἀϐουλία,

406 3163 648 3218 omnium
678 3158 1002 3230 genitorem,
1026 3161 1080 3208 et
1108 3158 1434 3205 creatorem.
1465 3165 1483 3197 ι
1513 3144 1762 3198 Humana
1793 3151 1972 3196 autem

408 3253 624 3311 consilii
656 3257 890 3319 egestas,
923 3261 1031 3299 non
1057 3259 1151 3313 per
1179 3257 1262 3305 ea,
1291 3254 1410 3309 quae
1441 3237 1801 3306 aspiciuntur,
1830 3233 1978 3288 videt

408 3360 532 3401 eum
571 3343 664 3412 qui
706 3341 936 3394 habetur
980 3337 1034 3389 in
1074 3332 1453 3389 admiratione,
1495 3330 1588 3382 sed
1626 3326 1770 3397 quod
1804 3325 1974 3386 videt,

407 3434 731 3490 admiratur.
773 3429 1042 3495 Quoniam
1083 3439 1212 3493 ergo
1245 3429 1328 3476 est
1372 3419 1725 3488 temporaria,
1759 3425 1812 3470 et
1853 3429 1976 3484 quae

406 3541 534 3581 mox
564 3524 770 3587 interit,
796 3534 1053 3575 sensuum
1089 3515 1356 3584 operatio,
1385 3526 1480 3581 per
1511 3511 1796 3565 sublimem
1836 3507 1975 3560 hanc

405 3632 596 3672 vocem
620 3615 727 3668 hoc
755 3611 1043 3670 discimus,
1079 3607 1220 3677 quod
1261 3605 1350 3674 qui
1389 3603 1455 3656 ad
1486 3603 1599 3656 haec
1635 3601 1850 3670 aspicit,
1887 3599 1975 3653 ni-

407 3711 486 3764 hil
510 3707 726 3778 aspicit.
771 3704 872 3769 Qui
906 3712 1084 3756 autem
1118 3716 1213 3770 per
1257 3699 1370 3751 haec
1399 3695 1690 3750 deducitur
1725 3693 1790 3746 ad
1830 3693 1972 3757 ejus,

408 3798 552 3869 quod
591 3805 694 3856 est,
726 3792 1164 3862 intelligentiam,
1190 3797 1242 3843 et
1269 3804 1361 3858 per
1390 3803 1454 3842 ea
1501 3802 1621 3856 qme
1664 3793 1978 3853 praetercur-

407 3898 557 3955 runt,
595 3886 848 3942 stabilem
875 3882 1130 3950 intelligit
1184 3891 1465 3944 naturam,
1505 3885 1558 3933 et
1589 3884 1770 3931 mente
1806 3874 1976 3943 agitat

407 3982 463 4037 id
489 3980 632 4052 quod
664 3991 879 4046 semper
908 3973 1160 4030 similiter
1203 3980 1256 4024 et
1289 3971 1477 4026 eodem
1508 3969 1668 4022 modo
1702 3983 1760 4022 se
1793 3965 1974 4027 habet,

411 4074 554 4127 videt
588 4079 641 4124 et
688 4068 831 4137 quod
864 4080 990 4120 vere
1020 4072 1103 4117 est
1127 4063 1350 4121 bonum.
1388 4070 1441 4115 et
1478 4058 1622 4129 quod
1650 4057 1814 4120 videt,
1855 4067 1978 4123 pos-

409 4166 572 4226 sidet,
613 4161 813 4217 ctenim
858 4157 1140 4228 possessio
1183 4155 1311 4209 boni
1361 4154 1525 4222 hujus
1565 4147 1972 4217 contemplatio.

415 4277 434 4309 ι
471 4253 610 4321 Quid
647 4251 792 4307 enim
835 4256 1083 4320 superest
1117 4246 1345 4307 homini,
1389 4264 1407 4296 ι
1444 4243 1640 4312 inquit,
1675 4259 1692 4291 ι
1742 4241 1795 4293 in
1827 4237 1974 4291 omni

407 4342 596 4402 labore
639 4357 750 4412 quo
803 4340 1015 4394 laborat
1060 4338 1163 4392 sub
1193 4335 1368 4390 coelo?
1413 4354 1432 4384 ›
1469 4333 1601 4398 Qua:
1641 4332 1694 4384 in
1748 4342 1977 4396 corpore

2075 3149 2135 3202 οὐ
2169 3147 2229 3200 τὸ
2263 3146 2350 3200 διά
2383 3145 2493 3198 τῶν
2523 3144 2859 3214 φαινομένων
2901 3143 3314 3213 θαυμαζόμενον
3346 3138 3506 3204 εἶδεν,
3535 3144 3659 3197 ἀλλ’

2072 3240 2101 3294 ὃ
2144 3233 2282 3292 εἶδεν
2335 3236 2663 3306 ἐθαύμασεν.
2731 3235 2880 3288 Ἐπεὶ
2922 3230 3014 3288 οὖν
3069 3235 3402 3306 πρόσκαιρός
3449 3251 3507 3287 τε
3557 3237 3658 3288 καὶ

2073 3329 2360 3400 ὠκύμορος
2391 3329 2423 3398 ὴ
2451 3327 2560 3380 τῶν
2593 3327 2962 3397 αἰσθητηρίων
2993 3325 3262 3397 ἐνέργεια,
3317 3326 3474 3379 τοῦτο
3508 3345 3658 3395 μαν-

2075 3418 2307 3489 θάνομεν
2349 3418 2437 3471 διά
2482 3418 2580 3487 τῆς
2614 3415 2821 3486 ὑψηλῆς
2853 3416 3057 3484 ταύτης
3089 3416 3290 3486 φωνῆς,
3323 3417 3404 3469 ὅτι
3449 3420 3478 3470 6
3511 3420 3665 3490 πρὶς-

2073 3508 2242 3562 ταῦτα
2271 3508 2500 3578 βλέπων,
2535 3507 2720 3577 βλέπει
2749 3505 2918 3559 οὐδέν.
2964 3507 3022 3559 'O
3065 3507 3119 3559 δέ
3159 3506 3248 3560 διὰ
3274 3506 3479 3560 τούτων
3512 3510 3660 3579 πρὸς

2075 3602 2170 3670 τὴν
2199 3600 2292 3652 τοῦ
2322 3600 2471 3662 ὄντος
2500 3598 2825 3668 κατανόησιν
2865 3597 3244 3668 ὀδηγούμενος,
3288 3598 3383 3650 καὶ
3425 3598 3514 3652 διὰ
3544 3601 3663 3652 τῶν

2076 3693 2526 3766 παρατρεχόντων
2551 3692 2650 3762 τὴν
2677 3691 2936 3760 στάσιμον
2965 3688 3126 3757 φύσιν
3158 3690 3525 3760 κατανοήσας,
3557 3691 3659 3743 καὶ

2074 3787 2167 3839 τοῦ
2197 3787 2284 3839 ἀεὶ
2315 3784 2572 3846 ὡσαύτως
2603 3783 2817 3853 ἔχοντος
2847 3783 2902 3834 ἐν
2931 3780 3179 3853 περινοίᾳ
3207 3782 3519 3852 γενόμενος,
3544 3779 3660 3836 εἷδέ

2074 3897 2132 3933 τε
2167 3880 2227 3931 τὸ
2253 3879 2418 3940 ὄντως
2446 3876 2504 3929 ὃν
2530 3874 2748 3943 ἀγαθὸν,
2778 3873 2870 3925 καὶ
2897 3871 2925 3924 ὅ
2957 3867 3095 3924 εἶδεν
3123 3872 3396 3943 ἐκτήσατο
3415 3887 3430 3902 ⁸
3457 3871 3669 3942 κτῆσις

2077 3973 2183 4043 γάρ
2227 3973 2341 4024 ἐστι
2366 3967 2459 4021 τοῦ
2489 3965 2691 4036 ἀγαθοῦ
2721 3965 2906 4018 τούτου
2945 3965 2978 4035 ὴ
3014 3963 3236 4034 εἷδησις.
3266 3983 3284 4015 ι
3320 3963 3417 4026 Τίς
3457 3983 3477 4014 ι
3515 3965 3655 4033 γὰρ,

2079 4065 2229 4134 φησὶ,
2276 4081 2293 4112 ι
2341 4061 2628 4131 περισσεία
2672 4055 2750 4126 τῷ
2802 4044 3108 4126 ἀνθρώπῳ,
3145 4056 3203 4105 ἐν
3253 4055 3417 4107 παντὶ
3467 4054 3664 4126 μόχθῳ

2078 4154 2241 4210 αὑτοῦ
2277 4147 2320 4221 ᾧ
2351 4151 2541 4224 μοχθεί
2573 4150 2677 4202 ὑπὸ
2702 4149 2793 4200 τὸν
2825 4147 3013 4218 ἦλιον;
3049 4166 3067 4198 ι
3107 4147 3220 4217 Τὴν
3247 4147 3306 4198 ὲν
3332 4147 3410 4217 τῷ
3438 4146 3666 4217 σώματι

2080 4243 2222 4314 ζωὴν
2252 4241 2663 4314 προσηγόρευσε
2689 4237 2908 4310 μόχθον,
2933 4238 3027 4289 ἐπὶ
3054 4237 3240 4308 μηδενὶ⁸
3266 4237 3667 4308 κατορθώματι

2081 4335 2266 4405 κέρδος
2298 4329 2881 4400 σπουδαζόμενον.ιΤίς
2913 4327 3022 4398 γάρ
3048 4324 3354 4399 περισσεία,
3386 4327 3543 4398 φησὶ,
3581 4328 3667 4398 τῷ

409 4438 591 4507 agitur
637 4433 764 4499 vita,
815 4429 1110 4500 appellavit
1159 4425 1425 4487 laborem,
1479 4423 1572 4492 qui
1625 4421 1774 4474 nullo
1826 4423 1973 4471 recte

2079 4423 2718 4496 ἀνθρώπῳςιτουτέστι,
2768 4419 2821 4471 τί
2872 4417 3209 4489 περιγίνεται
3260 4419 3327 4488 τῇ
3374 4416 3520 4488 ψυχῇ
3572 4419 3668 4472 διὰ

409 4527 554 4582 facto
596 4525 811 4578 lucrum
838 4521 1051 4591 quazrit.
1087 4537 1106 4569 ι
1153 4516 1293 4583 Quid
1337 4515 1482 4570 enim
1529 4518 1799 4582 superest,
1835 4528 1856 4559 ι
1889 4508 1976 4561 in-

409 4620 546 4690 quit,
601 4635 621 4668 ι
654 4614 908 4670 homini?
940 4632 958 4663 ›
996 4612 1100 4666 hoc
1141 4616 1245 4669 est.
1281 4607 1408 4678 quid
1457 4605 1594 4660 redit
1637 4603 1704 4657 ad
1740 4603 1975 4655 animam

408 4725 508 4783 per
537 4710 779 4764 laborem
803 4705 895 4774 qui
925 4719 1022 4773 pro
1053 4702 1198 4754 victu
1226 4699 1543 4769 suscipitur,
1574 4697 1640 4751 iis
1663 4695 1755 4766 qui
1785 4694 1978 4748 vivunt

410 4808 726 4873 spectantes
765 4797 821 4852 id
855 4795 997 4866 quod
1030 4792 1284 4848 videtur?
1310 4789 1367 4844 In
1398 4804 1633 4859 quonam
1677 4797 1761 4842 est
1795 4793 1974 4839 autem

407 4895 559 4949 vita?
599 4890 871 4957 Quidnam
915 4903 978 4943 ex
1033 4886 1099 4940 iis
1148 4899 1268 4953 quae
1312 4883 1414 4937 sub
1449 4890 1725 4950 aspectum
1775 4877 1978 4931 cadunt

407 4985 590 5051 bonis,
626 4983 770 5037 idem
812 4977 1030 5034 manet?
1069 4976 1162 5031 Sol
1206 4991 1363 5032 suum
1410 4975 1618 5044 peragit
1657 4971 1974 5032 circuitum,

405 5075 654 5131 vicissim
695 5069 1053 5140 resplendcns
1082 5077 1136 5122 et
1168 5068 1519 5126 obscuratus,
1569 5071 1622 5117 et
1648 5064 1977 5132 illuminans

409 5167 502 5237 qui
537 5179 705 5235 super
735 5178 836 5217 nos
863 5169 946 5217 est
985 5174 1187 5226 aerem,
1223 5172 1346 5212 cum
1382 5171 1441 5212 se
1464 5157 1628 5212 terris
1653 5154 1974 5220 ostenderit,

407 5265 462 5312 et
487 5255 742 5309 tenebras
776 5267 872 5322 per
903 5265 1158 5306 occasum
1185 5247 1486 5301 attrahens.
1520 5245 1640 5299 Stat
1663 5255 1841 5301 autem
1866 5253 1976 5299 ter-

410 5359 494 5408 ra,
522 5353 575 5398 et
598 5345 652 5397 in
682 5341 862 5398 stabili
892 5347 1074 5394 manet
1105 5336 1432 5401 immobilis;
1455 5342 1509 5390 et
1537 5336 1679 5403 quod
1707 5343 1833 5396 stat,
1868 5348 1973 5388 non

411 5440 683 5496 movetur,
715 5439 769 5486 et
797 5441 908 5484 n‘on
935 5436 1042 5485 stat
1080 5426 1224 5495 quod
1252 5433 1520 5480 movetur.
1545 5424 1740 5479 Omnia
1786 5439 1880 5494 per
1918 5439 1979 5479 se

415 5521 647 5574 inomni
691 5521 976 5576 intervallo
1015 5519 1299 5589 temporis,
1340 5517 1476 5572 nihil
1519 5532 1643 5572 esse
1675 5513 1975 5572 ostendun-

488 5692 531 5723 “
554 5692 685 5762 Sap.
707 5707 830 5759 xui,
867 5693 956 5749 15.

2078 4515 2171 4570 τοῦ
2202 4512 2454 4585 βιωτικοῦ
2478 4510 2676 4582 μόχθου
2708 4511 2819 4570 τοῖς
2851 4508 2987 4579 πρὸς
3018 4507 3078 4559 τὸ
3107 4506 3431 4576 φαινόμενον
3454 4507 3666 4572 com;

2093 4610 2180 4661 Ἐν
2212 4605 2401 4659 τίνιδέ
2436 4603 2531 4657 καὶ
2564 4602 2709 4654 ἐστιν
2741 4602 2774 4670 ἡ
2808 4596 2952 4668 ζωής
2987 4598 3052 4650 Τί
3079 4598 3228 4668 μένει
3263 4597 3369 4648 τῶν
3404 4599 3670 4667 φαινομέ-

2079 4717 2185 4752 νων
2207 4697 2386 4751 καλῶν
2413 4697 2471 4747 ἐν
2491 4691 2779 4762 ταυτότητι
2826 4689 3016 4751 Ἥλιος
3035 4687 3384 4758 περιέρχεται
3405 4686 3499 4739 τὸν
3527 4687 3671 4739 ίδιον

2079 4791 2274 4860 δρόμον
2323 4786 2551 4855 λάμπων
2581 4780 2682 4835 ἀνά
2716 4779 2879 4850 μέρος
2919 4778 3012 4832 καὶ
3058 4777 3460 4846 σκοτιζόμενος,
3492 4777 3669 4844 φωτί-

2082 4879 2190 4945 ζων
2241 4878 2332 4932 τὸν
2387 4873 2778 4946 ὑπερκείμενον
2809 4872 2942 4940 ἡμῖν
2992 4868 3151 4939 ἀέρα,
3196 4869 3324 4920 ὅταν
3379 4866 3523 4935 ὑπὲρ
3556 4866 3670 4936 γῆς

2082 4968 2271 5023 ἑαυτὸν
2307 4965 2472 5035 δείξῃ,
2507 4962 2601 5014 καὶ
2641 4960 2830 5020 σκότος
2853 4957 2939 5010 διὰ
2970 4955 3080 5008 τῶν
3112 4953 3332 5024 δυσμῶν
3358 4953 3670 5023 ἐφελκόμε-

2081 5077 2188 5123 νος.
2222 5059 2458 5124 Ἐστηκε
2484 5053 2541 5106 δέ
2569 5055 2604 5122 ἡ
2629 5051 2720 5119 γῆ,
2752 5049 2846 5101 καὶ
2877 5048 3023 5117 μένει
3053 5047 3109 5097 ἐν
3135 5044 3215 5113 τῷ
3247 5043 3430 5113 παγίῳ
3462 5043 3669 5114 dxi-’1‘-

2079 5167 2191 5213 τος,
2225 5148 2319 5201 καὶ
2349 5145 2410 5198 τὸ
2453 5143 2606 5205 ἐστὸς
2653 5142 2714 5193 οὑ
2761 5141 3009 5202 κινεῖται,
3047 5136 3141 5189 καὶ
3184 5136 3284 5206 οὑχ
3330 5137 3548 5188 ἵσταται
3603 5137 3674 5189 τὸ

2082 5240 2413 5309 κινούμενον.
2457 5235 2643 5287 Πάντα
2680 5231 2745 5283 δι’
2780 5230 2955 5283 αὑτῶν
3001 5229 3059 5280 ἐν
3094 5227 3257 5278 παντὶ
3301 5224 3380 5296 τῷ
3419 5226 3667 5297 χρονικῷ

2081 5333 2403 5399 διαστήματι
2451 5323 2719 5378 δείκνυται
2771 5322 2889 5373 κατ’
2924 5318 3096 5381 οὐδὲν,
3142 5317 3228 5370 διὰ
3268 5318 3366 5386 τῆς
3407 5316 3554 5388 πρὸς
3599 5318 3668 5371 τδ

2083 5421 2392 5489 καινότερον
2444 5410 2742 5485 μεταῦολῆς
2786 5408 3204 5478 ἀλλασσόμενον.
3274 5407 3492 5477 Δοχεῖόν
3543 5410 3669 5461 ἐστι

2082 5512 2192 5567 τῶν
2219 5506 2551 5579 πανταχόθεν
2581 5502 2915 5574 συρρεόντων
2950 5500 3156 5553 ὑδάτων
3191 5503 3224 5569 ἡ
3257 5499 3528 5566 θάλασσα,
3566 5499 3672 5554 καὶ
