3870 6220
233 359 347 416 6‘25

1338 380 1406 437 IN
1445 383 1979 440 ECCLESIASTEN.
2023 385 2307 442 IIOMILIA
2344 387 2385 444 1.

3381 393 3488 450 628

227 476 359 531 οὕτε
389 480 689 577 ἡρύρῤοια
721 483 897 557 λὴγει,
925 487 1047 542 οὔτε
1082 495 1113 563 ἡ
1150 493 1392 550 θάλασσα
1433 498 1672 566 αὔξεται.
1717 499 1794 563 Τίς

1917 511 2024 568 tur,
2068 511 2126 558 ut
2155 520 2275 574 quae
2297 511 2577 558 mutantur
2613 520 2707 574 per
2731 520 2848 560 eam
2877 522 2998 577 qua:
3025 507 3084 561 tit
3115 507 3182 561 ad
3213 509 3487 566 recentius

230 571 496 664 5—6X07tb;
528 575 622 626 τοῦ
669 577 867 648 δρόμου
922 585 1037 647 τοῖς
1089 583 1274 641 ὕδασιν
1315 591 1400 642 ἀεὶ
1445 592 1712 664 πληροῦσι
1751 597 1811 648 τὸ

231 661 644 755 πληρούμενον;
695 668 817 723 Ἐπὶ
860 673 964 726 τίνι
1007 675 1218 746 δέχεται
1264 681 1364 744 τάς
1403 661 1661 755 ἐπιρροάς
1703 687 1810 738 τῶν

230 754 446 849 ὑδάτων
557 757 824 828 θάλασσα,
864 765 1100 840 ἀναυξὴς
1142 769 1230 825 διά
1255 774 1354 845 τῆς
1385 754 1700 849 προσθήκης
1729 781 1810 845 εἰς

230 844 324 896 ἀεὶ
350 844 683 918 διαμένουσα
702 868 718 912 ;

303 1114 491 1169 Ταῦτα
520 1117 686 1188 λέγει,
721 1121 809 1176 ἵνα
852 1123 910 1189 ἐξ
951 1127 1129 1182 αὐτῶν
1159 1130 1267 1182 τῶν
1305 1135 1603 1206 στοιχείων,
1642 1138 1700 1192 ἐν
1726 1139 1807 1206 οἷς

227 1206 384 1258 ἐστιν
418 1208 450 1278 ἡ
487 1207 598 1280 ζωὴ
636 1211 744 1264 τῶν
790 1213 1113 1284 ἀνθρώπων,
1164 1225 1579 1298 προερμηνεύσῃ
1613 1229 1720 1282 τῶν
1750 1233 1807 1284 ἐν

226 1301 365 1368 ἡμῖν
402 1302 846 1390 σπουδαζομένων
874 1309 935 1360 τὸ
964 1310 1348 1367 ἀνυπόστατον.
1384 1316 1446 1368 Εἰ
1479 1318 1588 1390 γάρ
1619 1323 1647 1373 6
1675 1339 1804 1374 συν-

225 1393 560 1461 τεταγμένος
593 1386 748 1458 οὗτος
779 1396 873 1450 τοῦ
915 1399 1068 1470 ἡλίου
1107 1402 1306 1474 δρόμος
1343 1406 1467 1477 ὅρον
1510 1386 1610 1463 οὑκ
1650 1411 1762 1481 ἔχει
1788 1430 1800 1442 ·

225 1483 356 1578 οςτῖε
399 1486 567 1578 ﬂave
605 1488 770 1560 μέρος
817 1493 994 1560 φωτός
1043 1512 1102 1547 τε
1148 1497 1243 1550 καὶ
1288 1501 1513 1566 σκότους
1565 1504 1802 1578 διαδοχὴ,

227 1574 421 1628 στάσιν
451 1576 749 1647 ἐκδέχεται,
778 1582 812 1652 ἥ
837 1599 896 1635 τε
932 1584 1000 1654 γῆ
1027 1589 1526 1664 καταδεδικασμένη
1556 1595 1654 1668 τὴν
1677 1574 1805 1651 στά-

225 1683 340 1725 σιν.
391 1669 541 1739 μένει
576 1674 633 1724 ἐν
678 1673 756 1744 τῷ
805 1679 988 1748 παγίῳ
1016 1681 1289 1752 ἀκίνητος,
1335 1687 1572 1758 ἀνήνυτα
1603 1691 1658 1744 δὲ
1709 1710 1804 1762 p.0-

220 1757 450 1828 χθοῦσιν
487 1763 536 1814 oi
569 1767 824 1836 ποταμοὶ,
856 1772 920 1838 τῇ
970 1771 1234 1844 ἀπλήστῳ
1262 1757 1431 1843 φύσει
1466 1778 1563 1849 τῆς
1605 1780 1804 1834 θαλάσ-

1916 596 2292 649 mutationem.
2325 595 2468 650 Mare
2501 604 2584 650 est
2614 599 3015 667 receptaculum
3052 613 3340 669 aquarum,
3366 617 3486 672 quae

1917 684 2156 755 undique
2182 685 2499 739 conﬂuunt:
2533 694 2588 740 et
2615 703 2801 758 neque
2829 688 3033 744 desinit
3053 689 3361 758 conﬂuxus,
3391 710 3486 750 ne-

1915 791 2021 846 que
2064 792 2215 832 mare
2254 785 2501 849 augetur.
2535 777 2668 844 Quis
2708 795 2974 850 aquarum
3007 797 3209 838 cursus
3242 792 3328 840 est
3361 800 3486 841 sco-

1914 884 2038 938 pus,
2070 885 2190 939 qua:
2222 885 2438 940 semper
2461 871 2672 941 replent
2696 872 2748 926 id
2789 873 2934 942 quod
2962 874 3257 945 impletur?
3291 875 3486 942 Quam-

1914 960 2102 1015 obrem
2145 975 2412 1031 aquarum
2446 961 2626 1018 ﬂuxus
2677 965 2911 1035 suspicit
2944 981 3117 1031 mare,
3167 984 3264 1040 per
3299 983 3485 1024 acces-

1915 1053 2126 1108 sionem
2164 1055 2375 1109 nullum
2405 1055 2683 1126 accipiens
2713 1067 3061 1128 augmentum
3081 1060 3106 1112 ?

1986 1143 2109 1198 Haac
2139 1144 2296 1208 dicit,
2327 1152 2386 1199 ut
2429 1161 2497 1199 ex
2527 1146 2661 1216 ipsis
2691 1148 2998 1212 elementis,
3033 1149 3089 1204 in
3128 1152 3329 1222 quibus
3361 1169 3484 1208 con-

1914 1238 2060 1292 sistit
2106 1238 2216 1292 vita
2258 1237 2562 1303 hominum,
2613 1238 3000 1308 interpretetur
3045 1259 3209 1312 quam
3261 1245 3484 1302 minime

1912 1331 2212 1384 consistant
2242 1345 2306 1384 ea
2331 1346 2453 1399 quae
2479 1331 2624 1385 inter
2651 1346 2752 1387 nos
2780 1347 2980 1404 magno
3013 1336 3194 1390 studio
3227 1346 3490 1408 appetun.

1911 1429 2019 1475 tur.
2055 1420 2111 1474 Si
2145 1421 2292 1476 enim
2317 1421 2409 1476 hic
2433 1422 2771 1478 constitutus
2798 1423 2932 1480 solis
2961 1439 3156 1481 cursus
3187 1443 3295 1482 non
3323 1429 3482 1485 habet

1911 1513 2240 1577 terminum;
2286 1529 2462 1584 neque
2494 1513 2657 1578 lucis,
2684 1522 2739 1569 et
2761 1515 3110 1570 tenebrarum
3142 1534 3262 1588 quae
3302 1520 3360 1575 ﬁt
3403 1523 3483 1574 vi-

1910 1605 2094 1661 cissim
2145 1607 2447 1670 successio,
2488 1614 2690 1661 statum
2741 1608 2960 1678 accipit,
2997 1617 3054 1664 et
3082 1617 3228 1665 terra
3265 1627 3386 1682 quae
3426 1620 3483 1666 ut

1912 1706 2019 1752 stet
2057 1708 2142 1752 est
2183 1698 2566 1760 condemnata,
2610 1707 2794 1753 manet
2840 1699 2896 1754 in
2934 1701 3114 1756 stabili
3163 1703 3480 1768 immobilis,

1913 1788 2115 1844 frustra
2148 1798 2326 1844 autem
2378 1790 2628 1845 laborant
2657 1790 2827 1857 ﬂuvii,
2854 1799 2913 1846 ut
2941 1793 3035 1863 qui
3071 1795 3140 1848 ab
3184 1794 3482 1850 insatiabili

224 1865 332 1921 σης
366 1851 780 1925 δαπανώμενοι·
819 1860 996 1930 μάτην
1043 1863 1099 1915 δέ
1127 1865 1226 1929 τὰς
1277 1869 1541 1939 ἐπιῤῥοάς
1591 1872 1794 1943 δέχεται

1906 1880 2074 1933 maris
2123 1891 2320 1934 natura
2371 1890 2800 1947 consumantur,
2861 1884 3230 1956 nequidquam
3293 1893 3476 1940 autem

223 1942 337 1994 τῶν
371 1944 577 1998 ὑδάτων
618 1948 650 2019 ἡ
693 1947 955 2012 Θάλασσα,
994 1955 1074 2017 εἰς
1100 1956 1250 2009 οὐδὲν
1281 1958 1442 2013 πλέον
1479 1942 1800 2034 ὑπολαμϐά-

222 2052 394 2088 νουσα
412 2038 521 2100 τοίς
543 2038 762 2105 κόλποις
782 2043 841 2095 τὸ
861 2043 1150 2110 διαπαντὸς
1171 2049 1516 2121 εἰσχεόμενον
1533 2071 1544 2082 ·
1565 2057 1612 2108 εί
1628 2057 1802 2112 ταῦτα

223 2129 285 2179 ἐν
321 2127 532 2192 τούτοις
562 2131 731 2197 ἐστὶν,
765 2136 822 2186 ἐν
847 2135 953 2187 τίνι
990 2137 1137 2200 εἰκὸς
1164 2137 1226 2191 τὸ
1255 2140 1591 2211 ἀνθρώπινον
1637 2141 1796 2211 εἶναι,

219 2217 251 2270 ὃ
298 2220 357 2270 ἐν
399 2220 609 2283 τούτοις
657 2222 752 2294 τὴν
782 2225 926 2295 ζωὴν
961 2226 1095 2298 ἔχει,
1144 2230 1240 2284 καὶ
1285 2232 1338 2285 τί
1375 2231 1712 2305 ξενιζόμεθα,
1751 2239 1800 2290 εἰ

220 2310 387 2378 γενεὰ
415 2311 702 2384 πορεύεται
724 2317 817 2368 καὶ
840 2318 1000 2385 ’γενεά
1024 2319 1264 2391 ἔρχεται,
1292 2321 1384 2376 καὶ
1411 2325 1510 2378 οὑκ
1534 2327 1800 2382 ἐπιλείπει

219 2402 324 2473 τὴν
369 2403 530 2472 φύσιν
574 2397 728 2468 οὗτος
758 2409 785 2460 6
824 2408 1038 2480 δρόμος,
1091 2414 1188 2484 τῆς
1233 2415 1580 2488 ἐπεισιούσης
1607 2421 1801 2487 γενεᾶς

217 2495 333 2548 τῶν
381 2496 706 2568 ἀνθρώπων,
760 2501 821 2554 τό
856 2520 917 2555 τε
950 2506 1299 2575 προεισελθὸν
1343 2507 1670 2581 ἐξωθούσης,
1706 2514 1800 2566 καὶ

218 2585 329 2638 ὑπὸ
360 2587 453 2639 τοῦ
502 2588 832 2655 ἐπεισιόντος
879 2594 1292 2668 ἐξωθουμένηςς
1341 2599 1406 2651 Τί
1457 2596 1549 2652 οὖν
1580 2605 1676 2672 βοᾷ
1711 2603 1800 2657 διὰ

217 2676 428 2729 τούτων
459 2681 523 2749 τῇ
571 2679 868 2754 Ἐκκλησία
915 2685 944 2736 6
991 2685 1182 2754 λόγος;
1229 2691 1345 2757 ὅτι,
1387 2683 1462 2738 Ὦ
1499 2692 1795 2762 ἄνθρωποι,

217 2771 302 2830 είς
328 2768 389 2822 τὸ
421 2773 525 2824 πᾶν
549 2773 969 2840 ἀποϐλέποντες,
991 2778 1088 2850 τὴν
1117 2781 1326 2834 ἐαυτων
1357 2783 1516 2852 φύσιν
1545 2788 1794 2858 νοήσατε.

222 2863 294 2912 Ἀ
326 2864 454 2933 περὶ
491 2865 581 2917 τὸν
615 2865 846 2936 οὐρανὸν
881 2868 976 2921 καὶ
1010 2870 1109 2942 τὴν
1145 2872 1250 2943 γῆν
1280 2872 1519 2942 βλέπεις,
1548 2875 1584 2930 ἃ
1620 2879 1678 2932 ἐν
1719 2880 1797 2952 τῷ

214 2949 360 3022 ἡλίῳ
388 2953 650 3025 καθορᾷς,
684 2955 720 3009 ἃ
744 2957 801 3009 ἐν
826 2959 891 3028 τῇ
919 2957 1162 3033 θαλάσσῃ
1186 2965 1487 3030 κατανοεῖς,
1519 2966 1692 3020 ταῦτά
1717 2949 1798 3023 σοι

216 3043 317 3094 καὶ
358 3043 457 3114 τὴν
509 3044 605 3116 σὴν
661 3046 821 3115 φύσιν
875 3049 1246 3120 ἐρμηνευέτω.
1305 3053 1461 3108 Ἔστι
1507 3056 1617 3128 γὰρ
1675 3061 1796 3114 καθ’

216 3134 512 3206 ὁμοιότητα
556 3136 649 3190 τοῦ
679 3139 830 3208 ἡλίου
864 3141 958 3194 καὶ
991 3142 1090 3212 τῆς
1122 3143 1336 3210 φύσεως
1367 3147 1526 3217 ἡμῶν
1561 3150 1792 3225 ἀνατολὴ

213 3242 277 3277 τε
317 3227 413 3279 καὶ
440 3227 590 3292 δύσις
610 3243 625 3258 ο
665 3230 764 3300 μία
793 3231 911 3296 ὁδὸς
932 3236 1043 3297 τοῖς
1071 3237 1259 3301 πᾶσιν,
1312 3235 1393 3302 εἷς
1419 3241 1447 3293 6
1475 3239 1672 3306 κύκλος
1696 3244 1794 3315 τῆς

215 3317 312 3370 τοῦ
342 3317 456 3387 βίου
508 3321 751 3391 πορείας.
787 3322 955 3377 Ὅταν
995 3324 1084 3378 διὰ
1111 3328 1377 3394 γενέσεως
1407 3332 1792 3406 ἀνατείλωμεν,

215 3410 383 3464 πάλιν
430 3412 511 3475 εἰς
560 3413 623 3466 τὸ
674 3417 934 3484 συγγενὲς
961 3419 1159 3490 χωρίον
1205 3421 1363 3492 ἡμῶν
1396 3425 1792 3498 καθελκόμεθα.

214 3502 330 3574 Τῆς
369 3503 481 3576 γὰρ
527 3502 876 3579 ζωῆςιὴμῶν
927 3511 1259 3584 ἐπιδυείσης,
1311 3515 1567 3585 ὑπόγειον
1607 3520 1702 3572 καὶ
1734 3522 1796 3575 τὺ

212 3594 484 3683 ἡμέτερον
534 3595 739 3664 γίνεται
789 3600 1015 3670 φέγγος,
1067 3604 1194 3657 ὃταν
1241 3608 1274 3677 ἡ
1314 3608 1671 3683 ἀντιληπτικὴ
1699 3614 1794 3668 τοῦ

212 3679 395 3752 φωτδς
419 3686 578 3757 ἡμῶν
608 3688 859 3760 αἴσθησις
891 3693 1136 3762 γίνεται·
1164 3697 1380 3762 πάντως
1405 3699 1461 3752 δὲ
1554 3702 1622 3772 Υῆ
1658 3679 1795 3774 ίπρδς

209 3773 274 3826 τὸ
293 3775 555 3843 συγγενὲς
571 3776 880 3843 ἀναλύεται,
894 3781 986 3834 καὶ
1001 3775 1153 3846 οὗτος
1178 3783 1376 3848 κύκλος
1395 3785 1512 3838 ἐστὶ
1533 3773 1794 3858 διηνεκῶς

209 3865 272 3918 ἐν
331 3867 444 3930 τοῖς
497 3868 683 3932 αὑτοῖς
737 3870 1101 3942 ἑλισσόμενος.
1150 3874 1419 3948 Καθάπερ
1475 3877 1568 3930 ἐπὶ⁹
1615 3878 1790 3950 ἡλίου,

209 3959 400 4030 φησιν,
430 3959 459 4010 ὁ
491 3959 712 4031 δρόμος,
737 3962 818 4016 ὅτι
848 3964 1151 4018 ἀνατέλλων
1177 3966 1275 4037 μὲν
1301 3968 1440 4021 κατά
1469 3969 1530 4021 τὸ
1565 3970 1676 4024 ἄνω
1696 3971 1790 4042 τῆς

207 4051 319 4121 γῆς
359 4051 530 4122 μέρος
559 4055 672 4117 τοῖς
716 4055 912 4118 νοτίοις
936 4055 1241 4119 ἐνδιοδεύει,
1275 4059 1526 4126 ὑπόγειος
1557 4059 1614 4112 δὲ
1651 4062 1793 4115 κατὰ

207 4145 274 4198 τὸ
318 4145 696 4216 ἀντικείμενον
738 4145 800 4199 τὸ
834 4146 1080 4218 βόρῤειον
1113 4148 1408 4218 ὑπέρχεται
1463 4151 1659 4222 μέρος’
1699 4153 1792 4206 καὶ

205 4235 399 4290 τοῦτον
453 4238 545 4290 τὸν
600 4237 801 4308 τρόπον
847 4239 927 4300 εἰς
975 4238 1061 4291 ἀεὶ
1105 4241 1433 4311 περιοδεύων
1485 4244 1672 4296 κυκλοῖ
1699 4245 1791 4298 τὸν

206 4325 407 4380 ἐαυτοῦ
439 4326 662 4399 δρόμον,
707 4329 798 4382 καὶ
846 4329 1008 4382 πάλιν
1048 4330 1370 4384 ἀνακυκλῶν
1419 4333 1794 4405 περιέρχεται*

203 4419 418 4473 Κυκλοῖ
449 4421 579 4490 γάρ,
625 4421 779 4490 φησὶ,
809 4421 1026 4474 κυκλῶν
1051 4436 1066 4452 ο
1092 4421 1234 4476 οὕτω
1277 4424 1455 4477 τοίνυν
1489 4426 1582 4478 καὶ
1610 4427 1670 4479 τὸ
1698 4428 1788 4480 σὸν

1904 1986 2168 2040 aquarum
2201 1970 2380 2027 ﬂuxus
2402 1988 2552 2029 mare
2573 1974 2805 2044 suscipit
2835 1973 2888 2028 in
2917 1976 3099 2030 sinum
3124 1991 3307 2040 suum,
3331 1978 3480 2031 nulla

1902 2061 2044 2114 facta
2083 2063 2209 2117 inde
2255 2064 2594 2130 accessione,
2638 2066 2950 2136 suscipiens
2997 2067 3052 2122 id
3083 2070 3228 2138 quod
3263 2087 3481 2140 semper

1902 2152 2244 2210 infunditur:
2283 2155 2326 2208 si
2356 2155 2470 2209 haec
2510 2157 2584 2210 ita
2633 2172 2692 2212 se
2725 2157 2961 2218 habent.
3021 2161 3479 2230 quemadmodum

1901 2243 2173 2298 hominem
2213 2261 2271 2301 se
2304 2246 2508 2302 habere
2550 2256 2636 2303 est
2682 2256 3133 2314 consentaneum,
3171 2253 3264 2321 qui
3317 2251 3373 2306 in
3408 2253 3478 2308 iis

1900 2335 2060 2388 etiam
2102 2334 2268 2390 vitam
2312 2336 2494 2400 habet,
2543 2345 2596 2390 et
2627 2354 2727 2393 cur
2754 2340 2915 2394 nobis
2958 2339 3174 2395 videtur
3211 2344 3472 2407 alienum,

1901 2426 1948 2480 si
1997 2429 2274 2498 generatio
2310 2431 2530 2495 transit,
2582 2433 2957 2502 etgeneratio
3006 2433 3248 2499 advenit,
3298 2451 3480 2506 neque

1899 2527 2150 2572 naturam
2180 2520 2384 2576 deserit
2423 2522 2512 2576 hic
2545 2537 2764 2587 cursus,
2797 2525 3146 2593 generatione
3184 2527 3467 2580 hominum

1901 2625 2022 2678 qua:
2057 2609 2381 2682 ingreditur,
2421 2620 2534 2666 tum
2584 2615 2637 2668 id
2667 2615 2812 2684 quod
2855 2617 3008 2685 prius
3041 2627 3121 2672 est
3165 2617 3474 2688 ingressum

1898 2702 2240 2769 extrudente,
2271 2713 2326 2760 et
2348 2716 2569 2760 extrusa
2599 2707 2669 2762 ab
2696 2723 2761 2763 eo
2790 2709 2935 2778 quod
2967 2710 3307 2780 ingreditur?
3335 2713 3475 2778 Quid

1898 2807 2026 2863 ergo
2058 2809 2156 2862 per
2197 2794 2314 2849 haec
2353 2794 2610 2852 Ecclesiae
2648 2799 2849 2852 clamat
2891 2799 3106 2853 oratio?
3145 2799 3190 2854 Ο
3223 2800 3493 2857 homines

1899 2883 1990 2951 qui
2025 2883 2438 2940 universitatem
2478 2889 2748 2958 aspicitis,
2782 2899 3022 2946 vestram
3050 2890 3293 2962 ipsorum
3325 2902 3480 2946 natu-

1898 2990 2014 3031 ram
2042 2967 2344 3048 intelligite.
2367 2980 2497 3044 Quae
2519 2982 2572 3034 in
2592 2982 2730 3037 ccelo
2750 2991 2804 3037 et
2824 2983 2877 3036 in
2893 2989 3038 3037 terra
3061 2983 3392 3055 cernis,quaa
3419 2986 3473 3038 in

1900 3067 2015 3122 sole
2043 3069 2265 3138 aspicis,
2302 3086 2423 3140 quae
2460 3072 2513 3125 in
2548 3074 2687 3130 mari
2717 3075 3057 3138 consideras,
3088 3090 3150 3130 ea
3178 3075 3343 3129 etiam
3373 3075 3483 3130 tibi-

1900 3165 2047 3211 tuam
2075 3159 2500 3230 interpretentur
2522 3171 2796 3218 naturam.
2823 3164 2919 3219 Est
2954 3165 3100 3219 enim
3136 3165 3204 3219 ad
3237 3167 3368 3222 solis
3392 3167 3481 3222 si-

1896 3250 2257 3308 militudinem
2279 3262 2480 3309 nostra:
2505 3272 2721 3325 quoque
2744 3264 2951 3311 natura:
2971 3266 3124 3313 ortus
3143 3269 3198 3312 et
3216 3273 3468 3315 occasus.

1896 3339 2014 3396 Una
2039 3351 2125 3398 est
2153 3345 2408 3401 omnibus
2436 3347 2546 3411 via,
2571 3362 2712 3400 unus
2746 3347 3027 3416 ingressus
3056 3350 3180 3404 vitae
3209 3350 3468 3406 circulus.

1895 3433 2125 3500 Quando
2175 3451 2275 3505 per
2335 3438 2733 3506 generationem
2785 3439 2892 3492 orti
2967 3438 3272 3504 fuerimus,
3328 3457 3487 3495 rur—

1894 3539 1990 3580 sus
2044 3525 2109 3578 ad
2148 3537 2440 3596 cognatum
2488 3528 2645 3583 nobis
2690 3529 2868 3583 locum
2915 3528 3278 3586 detrahimur.
3330 3531 3464 3587 Nam

1895 3628 2019 3666 cum
2051 3629 2212 3684 passa
2244 3615 2408 3671 fuerit
2436 3631 2693 3672 occasum
2721 3618 2830 3672 vita
2877 3627 3087 3684 nostra,
3131 3621 3234 3676 sub
3269 3629 3468 3675 terram

1894 3706 1986 3760 lux
2010 3705 2174 3761 etiam
2223 3715 2413 3762 nostra
2451 3709 2758 3774 descendit,
2790 3711 3012 3780 quando
3056 3711 3234 3766 lucem
3279 3720 3470 3766 noster

1894 3812 2092 3853 sensus
2125 3797 2519 3867 apprehendit:
2554 3799 2778 3853 omnino
2816 3808 2997 3854 autem
3033 3800 3086 3853 in
3128 3799 3180 3854 id
3211 3801 3356 3870 quod
3383 3810 3469 3856 est

1893 3895 2188 3958 cognatum
2210 3896 2354 3942 terra
2388 3889 2701 3954 resolvitur,
2727 3897 2783 3944 et
2813 3889 2902 3944 hic
2928 3891 3174 3946 circulus
3203 3898 3492 3962 perpetuo.

1893 3978 1948 4033 in
1980 3977 2175 4034 iisdem
2212 3981 2624 4052 circumagitur.
2653 3981 2936 4046 Quomodo
2974 3988 3079 4047 est,
3119 3983 3320 4054 inquit,
3348 3999 3468 4038 cur-

1891 4086 1986 4125 sus
2015 4069 2172 4132 solis,
2218 4079 2277 4123 ut
2310 4071 2401 4140 qui
2432 4072 2620 4126 Oriens
2667 4071 2721 4124 in
2753 4073 3023 4141 superiori
3072 4085 3227 4143 parte
3277 4082 3461 4140 terrae,

1892 4159 1947 4213 in
1967 4159 2196 4214 australi
2221 4163 2443 4230 regione
2463 4159 2798 4230 ingreditur;
2817 4162 3036 4231 quando
3056 4171 3236 4218 autem
3258 4172 3342 4219 est
3360 4166 3466 4222 sub

1892 4258 2062 4312 terra,
2091 4264 2211 4304 eam
2241 4241 2362 4319 qua:
2390 4264 2458 4304 ex
2493 4249 2725 4305 adverso
2763 4251 2870 4305 sita
2902 4258 3008 4315 est,
3043 4267 3241 4323 nempe
3266 4254 3480 4311 boreae-

1890 4341 2019 4403 lem.
2063 4342 2212 4397 subit
2252 4350 2486 4412 partem,
2519 4351 2574 4397 et
2619 4342 2723 4397 hoc
2755 4344 2920 4399 modo
2958 4360 3175 4415 semper
3215 4356 3460 4414 vertens,

1890 4450 2049 4489 suum
2075 4434 2129 4487 in
2153 4433 2342 4488 orbem
2374 4433 2584 4503 peragit
2605 4448 2847 4498 cursum,
2878 4443 2934 4488 et
2960 4449 3157 4491 rursus
3187 4436 3241 4489 in
3273 4438 3461 4493 orbem

203 4509 502 4580 πορεύεται
551 4509 768 4580 πνεῦμα
802 4511 931 4580 (ἀπὸ
980 4512 1181 4583 μέρους
1226 4513 1372 4567 ἀπαν
1407 4514 1688 4587 ὀνομάζων
1726 4520 1785 4571 τὸ

1900 4532 2169 4580 revertens
2199 4525 2396 4580 circuit
2417 4523 2631 4595 :Gyrat,
2663 4524 2860 4594 inquit,
2889 4525 2945 4578 in
2968 4525 3188 4580 orbem:
3225 4527 3302 4582 sic
3330 4543 3464 4599 ergo

202 4600 550 4672 ἀνθρώπινον
591 4604 829 4674 πνεῦμα)
863 4604 961 4674 τὴν
999 4605 1285 4673 ἐγκύκλιον
1311 4607 1517 4681 ταύτην
1549 4610 1636 4663 διὰ
1674 4611 1787 4664 τῶν

199 4693 410 4764 ὁμοίων
439 4691 760 4765 περιτρέχον
787 4695 1474 4774 φοράν.‹Πορεύεταιιγάρ,
1505 4703 1685 4778 qn]le
1725 4704 1788 4757 τὸ

202 4785 464 4858 πνεῦμα,
521 4789 616 4842 καὶ
675 4789 769 4842 ἐπὶ
823 4787 1056 4852 κύκλους
1120 4789 1286 4843 αὑτοῦ
1354 4792 1671 4862 ἐπιστρέφει
1726 4794 1788 4846 τὸ

200 4879 476 4956 πνεῦμα.»
496 4879 554 4932 ὐ
573 4877 629 4931 δέ
657 4879 827 4934 ταῦτα
867 4883 1205 4951 κατανοήσας
1229 4883 1329 4936 οὑκ
1356 4883 1423 4936 ἂν
1455 4884 1626 4956 μικρά
1651 4885 1786 4955 πρὸς

197 4973 294 5026 τὸν
323 4950 519 5026 ἐαυτοῦ
549 4972 663 5042 βίον
692 4972 1022 5044 ὠφεληθείη.
1050 4950 1115 5026 Τί
1140 4950 1517 5048 λαμπρότερον
1549 4950 1642 5030 τοῦ
1674 4950 1786 5046 (pw-

197 5065 329 5128 τός;
380 5064 449 5116 Τί
489 5064 600 5118 τῶν
645 5064 879 5119 ἀκτίνων
931 5065 1340 5138 φανερώτερον;
1391 5068 1507 5122 ἀλλ’
1540 5069 1690 5140 ὅμως
1736 5072 1785 5123 εἱ

199 5155 309 5207 ὑπὸ
335 5155 440 5224 γῆν
485 5157 514 5209 6
554 5155 704 5226 ἥλιος
749 5155 900 5228 ἔλθῃ,
928 5155 1228 5228 κρύπτεται
1257 5159 1318 5211 τὺ
1361 5159 1583 5229 φέγγος,
1616 5161 1709 5214 καὶ
1746 5163 1779 5232 ἠ

197 5247 363 5310 ἀκτὶς
390 5246 737 5314 ἀφανίζεται.

269 5339 418 5412 Πρὸς
439 5339 610 5394 ταῦτά
636 5357 723 5404 τις
751 5339 983 5410 βλέπων,
1008 5341 1447 5413 σωφρονέστερον
1467 5342 1560 5395 τὸν
1585 5343 1782 5398 ἐαυτοῦ

196 5430 562 5503 παρερχέσθω
585 5430 718 5501 βίον,
753 5431 1110 5503 καταφρονῶν
1133 5431 1233 5503 τῆς
1265 5424 1368 5486 ὧδε
1391 5433 1748 5502 περιφανείας
1767 5451 1781 5464 ·

197 5521 392 5594 μαθὼν
440 5523 509 5576 ἐκ
551 5521 661 5576 τῶν
695 5523 1008 5596 ὁρωμένων,
1057 5525 1139 5578 ὅτι
1183 5525 1244 5577 οὐ
1289 5524 1501 5595 διαρκεῖ
1544 5524 1683 5596 πρὸς
1723 5526 1785 5579 τὸ

193 5613 446 5686 διηνεκὲς
493 5613 558 5667 τὸ
609 5613 915 5684 ἐπίσημον
964 5613 1100 5669 ἀλλά
1135 5615 1490 5686 ἀγχίστροφοί
1535 5617 1674 5669 εἰσιν
1721 5617 1779 5670 αἱ

192 5708 307 5773 τῶν
344 5707 604 5762 ἐναντίων
631 5707 905 5778 διαδοχαὶο
941 5708 1094 5779 μένει
1116 5707 1174 5762 δὲ
1217 5709 1368 5764 οὐδὲν
1397 5711 1476 5772 εἰς
1511 5709 1574 5762 τὸ
1603 5709 1780 5762 τοιοῦ-

193 5816 311 5864 τον,
338 5793 453 5855 οἷον
482 5799 543 5854 ἐν
569 5798 647 5872 τῷ
672 5799 900 5871 παρόντι
935 5801 1101 5868 ἐστὶν,
1137 5800 1198 5853 οὑ
1231 5800 1438 5873 νεότης,
1472 5801 1530 5855 ού
1558 5801 1776 5869 κάλλος,

1888 4624 2016 4672 tuus
2042 4632 2262 4687 quoque
2296 4615 2598 4686 ingreditur
2632 4619 2858 4686 spiritus
2885 4619 2938 4688 (a
2977 4626 3131 4687 parte
3159 4626 3331 4673 totum
3363 4636 3461 4674 no-

1887 4707 2102 4760 minans
2137 4706 2390 4775 spiritum
2428 4706 2689 4776 hominis)
2725 4707 2872 4761 hunc
2918 4708 2976 4761 in
3014 4709 3204 4762 orbem
3250 4717 3458 4764 motum

1886 4813 1984 4867 per
2014 4797 2216 4852 similia
2246 4813 2531 4868 peragens.
2559 4817 2577 4848 ι
2610 4797 2796 4869 Pergit
2839 4792 3034 4860 renim,
3067 4799 3266 4870 inquit,
3305 4819 3324 4851 ι
3353 4802 3459 4872 spi-

1885 4888 2046 4953 ritus,
2074 4895 2128 4941 et
2167 4887 2235 4942 ad
2275 4888 2514 4942 circulos
2553 4903 2686 4944 suos
2733 4887 3048 4942 revertitur.
3085 4906 3106 4939 ›
3142 4887 3247 4954 Qui
3275 4897 3454 4944 autem

1888 4978 2000 5031 haec
2050 4977 2503 5043 consideraverit,
2558 4977 2626 5032 ad
2679 4992 2834 5031 suam
2864 4977 3030 5032 vitam
3071 4991 3183 5032 non
3231 4993 3455 5048 parvam

1887 5069 2100 5138 accepit
2127 5068 2443 5123 utilitatem.
2477 5068 2620 5134 Quid
2651 5076 2734 5123 est
2763 5069 2884 5122 luce
2914 5069 3290 5138 splendidius?
3314 5069 3455 5136 Quid

1885 5161 2057 5218 radiis
2089 5163 2332 5217 clarius?
2359 5170 2413 5216 et
2444 5175 2622 5216 tamen
2652 5163 2696 5216 si
2721 5161 2802 5216 sol
2830 5161 2933 5214 sub
2964 5169 3109 5215 terra
3137 5162 3322 5227 fuerit,
3362 5163 3454 5217 lux

1884 5253 2264 5316 absconditur,
2295 5261 2350 5307 et
2379 5269 2487 5307 non
2518 5262 2744 5324 apparet
2772 5253 2982 5306 radius.
3468 5291 3494 5326 ,.

1953 5345 2035 5400 Ad
2083 5345 2197 5400 hac
2228 5345 2501 5416 aspiciens
2537 5335 2841 5400 modestius
2887 5352 3039 5398 tuam
3077 5342 3334 5397 traduces
3366 5343 3452 5396 vi-

1880 5446 2016 5504 tam,
2040 5437 2131 5510 qui
2162 5436 2251 5491 hic
2281 5444 2387 5502 est,
2427 5438 2772 5507 splendorem
2811 5435 3142 5506 despiciens,
3178 5441 3238 5488 ut
3263 5432 3357 5502 qui
3385 5447 3453 5486 ex

1883 5529 1954 5583 iis
2013 5544 2135 5597 quae
2180 5527 2460 5593 videntur,
2505 5528 2788 5594 didiceris,
2839 5523 2986 5598 quod
3030 5541 3142 5580 non
3190 5533 3451 5594 perpetuo

1884 5619 2046 5675 durat
2063 5619 2115 5674 id
2147 5619 2293 5689 quod
2314 5627 2399 5674 est
2428 5620 2636 5674 clarum
2653 5627 2707 5674 et
2732 5615 3068 5682 illustre,sed
3086 5613 3320 5669 subinde
3335 5627 3452 5667 mu-

1885 5712 2079 5767 tabiles
2095 5720 2224 5766 sunt
2242 5699 2643 5766 contrariorum
2665 5711 3080 5766 successiones:
3107 5705 3242 5761 nihil
3265 5712 3450 5759 autem

1887 5812 2069 5859 manet
2117 5803 2227 5859 tale
2256 5802 2415 5873 quale
2446 5811 2531 5859 est
2563 5803 2617 5857 in
2667 5801 2974 5872 praesentia,
3025 5813 3134 5854 non
3163 5795 3462 5869 juventus,
