3870 6220
409 312 518 377 627

1612 323 1670 380 S.
1709 325 2033 382 GREGORII
2075 327 2365 384 NYSSENI

3551 329 3665 385 628

411 441 522 487 non
563 426 936 497 pulchritudo,
987 445 1097 484 non
1141 439 1474 501 potestatum
1508 444 1560 489 et
1604 437 1975 493 dominatnum

2089 443 2186 512 οὐχ
2213 445 2325 513 ὴὲκ
2350 442 2456 496 τῶν
2471 441 2804 496 δυναστειῶν
2821 441 3163 512 περιφάνεια.
3197 443 3307 497 Καὶ
3332 442 3504 500 ταῦτα
3530 444 3663 512 μὲν,

411 518 658 571 claritas.
686 517 750 574 Et
780 519 893 574 haec
919 521 1140 591 quidem
1167 523 1235 577 iis
1257 525 1457 595 quibus
1484 528 1536 580 in
1560 529 1668 580 vita
1700 544 1820 584 sors
1846 531 1984 584 obti-

412 608 490 679 git
521 624 804 684 prospera.
832 611 1046 678 Quibus
1077 622 1259 672 autem
1295 617 1508 671 videtur
1541 619 1832 685 laboriosa,
1864 639 1985 692 qua

410 715 479 762 ex
505 703 708 761 virtute
737 704 918 774 agitur
946 705 1078 770 vita,
1110 707 1177 764 iis
1219 716 1375 764 terra:
1401 711 1647 781 exemplo
1679 714 1747 768 ad
1779 730 1839 769 ea
1865 730 1986 785 qua:

409 799 542 850 sunt
598 795 785 862 gravia
832 792 1049 850 fortiter
1103 795 1359 862 ferenda,
1434 802 1724 856 erudiatur
1781 805 1982 859 anima.

415 901 437 940 ι
468 881 640 940 Terra
667 892 778 941 stat
808 886 862 940 in
887 896 1173 948 aeternum.
1215 907 1234 941 ι
1271 889 1411 960 Quid
1442 900 1530 946 est
1572 893 1674 948 hac
1717 895 1985 951 immobili

409 973 671 1034 firmitate
699 991 764 1032 ac
793 978 1094 1039 stabilitate
1122 981 1482 1043 laboriosius?
1509 993 1562 1039 et
1604 993 1782 1046 tamen
1811 1004 1984 1060 usque

411 1063 468 1122 in
495 1072 759 1125 aeternum
794 1069 1107 1126 extenditur
1135 1069 1254 1140 ejus
1293 1073 1612 1132 statiOItibi
1637 1083 1817 1131 autem
1861 1093 1984 1148 per-

407 1153 666 1224 exiguum
694 1163 781 1210 est
817 1167 1034 1232 tempus
1065 1160 1405 1214 certaminis.
1439 1159 1517 1216 Ne
1545 1163 1621 1219 sis
1663 1165 1836 1236 magis
1865 1167 1983 1221 ina.

407 1243 593 1306 nimus
617 1261 780 1326 quam
811 1256 976 1307 terra.
1012 1247 1090 1304 Ne
1118 1252 1195 1306 sis
1229 1251 1296 1307 iis
1335 1267 1456 1327 quae
1483 1269 1646 1309 sensu
1678 1266 1867 1311 carent
1897 1257 1982 1313 in-

408 1337 716 1408 sipientior,
752 1341 845 1416 qui
879 1356 939 1397 es
963 1342 1193 1401 rationis
1227 1345 1522 1416 particeps,
1553 1355 1605 1402 et
1631 1349 1724 1422 qui
1773 1350 1982 1408 ratione

408 1428 577 1482 vitam
614 1433 760 1504 regis
787 1439 842 1485 et
873 1431 1228 1491 administras
1261 1454 1274 1489 :
1316 1435 1410 1490 sed
1443 1453 1462 1486 ι
1496 1451 1676 1501 mane,
1708 1458 1726 1493 ι
1764 1449 1821 1492 ut
1848 1439 1982 1495 dicit

407 1519 726 1590 Apostolus,
763 1539 783 1574 ι
824 1523 881 1576 in
925 1523 994 1579 iis
1023 1541 1145 1596 qua:
1171 1525 1435 1590 didicisti,
1479 1537 1532 1582 et
1568 1543 1690 1598 qua:
1723 1538 1851 1586 sunt
1881 1531 1980 1586 tibi

409 1613 620 1668 credita
641 1614 708 1679 ”,
751 1634 770 1666 ι
823 1616 878 1676 in
909 1625 1055 1676 statu
1089 1618 1245 1674 ﬁrmo
1271 1626 1324 1672 et
1373 1619 1659 1676 immobili.
1699 1621 1833 1681 Nam
1876 1624 1981 1678 hoc

409 1720 628 1780 quoque
669 1715 754 1761 est
785 1707 839 1761 in
883 1708 1086 1763 divinis
1120 1711 1445 1784 praeceptis:
1485 1731 1503 1763 ι
1539 1711 1725 1768 Estote
1753 1715 1979 1772 stabiles

2083 538 2196 598 τοῖς
2241 537 2299 588 ὲν
2350 535 2611 607 εὐκληρίᾳ
2655 537 2760 587 τινὶ
2809 534 3002 598 ζῶσιν
3045 535 3189 598 ὅσοις
3231 535 3288 591 δὲ
3337 536 3602 598 ἐπίπονος
3637 538 3667 588 6

2084 625 2222 701 πρὸς
2267 625 2465 697 ἀρετὴν
2510 625 2656 677 δοκεῖ
2701 623 2832 693 βίος,
2875 622 2950 692 τῷ
2995 624 3094 692 τῆς
3142 626 3245 694 γῆς
3293 624 3668 694 ὑπώείγματι

2082 717 2221 787 πρὸς
2255 717 2316 772 τὸ
2363 718 2715 788 ἐγκαρτερεῖν
2747 717 2858 778 τοῖς
2885 714 3096 778 δεινοῖς,
3125 717 3158 785 ἡ
3195 714 3340 785 ψυχὴ
3374 715 3667 786 παιδοτρι-

2083 805 2329 861 6είσθω.ι
2352 803 2413 859 Ἡ
2433 805 2505 875 γῆ
2531 807 2609 868 είς
2633 805 2722 859 τὸν
2745 805 2912 858 αίῶνα
2933 805 3213 876 ἕστηκεν.»
3231 805 3295 857 Τί
3325 805 3672 878 μοχθηρότεο

2085 913 2180 967 ρον
2235 898 2337 968 τῆς
2389 898 2650 968 ἀκινήτου
2693 897 2896 967 ταύτης
2948 897 3304 968 παγιότητος;
3361 898 3456 951 xal.
3502 899 3672 968 ὅμως

2085 990 2470 1061 παρατείνεται
2511 989 2701 1060 μέχρις
2727 989 2921 1052 αἰῶνος
2951 992 2985 1060 ὴ
3025 989 3231 1053 στάσις.
3271 989 3360 1041 Σοὶ
3384 989 3441 1042 δὲ
3472 989 3670 1057 ὀλίγος

2081 1083 2110 1134 ό
2145 1082 2245 1154 τῆς
2283 1081 2562 1153 ἀθλήσεως
2590 1081 2796 1156 χρόνος.
2830 1081 2921 1152 Μὴ
2959 1081 3110 1150 γίνου
3141 1081 3237 1151 τῆς
3262 1081 3366 1150 γῆς
3391 1080 3673 1151 ἀψυχότε-

2086 1185 2208 1246 ρος’
2256 1171 2330 1242 μὴ
2377 1169 2528 1238 γίνου
2575 1169 2683 1224 τῶν
2716 1170 3055 1241 ἀναισθήτων
3099 1171 3467 1241 ἀνοητότερος,
3501 1175 3527 1224 ό
3564 1171 3671 1225 λο-

2080 1261 2277 1332 γισμὸν
2318 1260 2547 1335 εἰληχὼς
2585 1261 2682 1314 καὶ
2709 1261 2851 1334 λόγῳ
2884 1262 3019 1331 πρὸς
3046 1261 3142 1332 τὴν
3172 1262 3318 1332 ζωὴν
3349 1262 3674 1333 διοικοῦμεν

2080 1369 2199 1416 νος·
2229 1349 2364 1405 ἀλλὰ
2395 1370 2414 1401 ι
2454 1352 2601 1422 μένε,
2646 1371 2664 1404 ι
2698 1351 2878 1416 καθώς
2910 1369 3072 1421 φησιν
3094 1355 3123 1405 ό
3165 1353 3500 1418 Ἀπόστολος,
3537 1374 3559 1405 ι
3605 1356 3673 1411 ὲν

2080 1437 2162 1508 οἷς
2204 1443 2405 1516 ἔμαθες
2436 1444 2530 1498 καὶ
2560 1443 2893 1515 ἐπιστώθης,
2941 1445 2998 1496 ὲν
3031 1444 3221 1517 ἐδραίςι
3249 1445 3341 1498 καὶ
3389 1447 3672 1515 ἀμετακιο

2080 1537 2227 1606 νήτῳ
2262 1537 2326 1607 τῇ
2359 1535 2563 1594 στάσει.
2606 1555 2624 1587 ι
2675 1536 2827 1589 Ἐπεὶ
2863 1537 2956 1589 καὶ
2987 1535 3144 1594 τοῦτο
3177 1536 3282 1592 τῶν
3327 1537 3482 1590 θείων
3509 1555 3671 1608 παρ-

2081 1626 2442 1697 αγγελμάτων
2491 1627 2628 1690 ἐστὶ,
2673 1626 2754 1691 τὸ,
2796 1645 2814 1678 ι
2863 1629 3099 1699 Ἐδραῖοι
3145 1631 3238 1687 καὶ
3263 1631 3669 1700 ἀμετακίνητοι

2081 1716 2315 1786 γίνεσθε.
2368 1736 2386 1769 ι
2438 1718 2720 1784 Ἀσειστος
2753 1717 2810 1771 έν
2857 1735 2938 1770 σοι
2983 1719 3189 1787 μενέτω
3233 1722 3266 1790 ἡ
3307 1720 3664 1790 σωφροσύνη.

409 1808 464 1858 et
494 1800 802 1858 immobiles
825 1801 889 1855 “.
928 1820 946 1852 ι
984 1799 1040 1854 1η
1067 1810 1120 1857 te
1151 1805 1476 1858 inconcussa
1510 1811 1764 1858 maneant
1789 1811 1975 1874 tempe-

2085 1811 2258 1878 παγία
2299 1813 2332 1882 ἡ
2380 1810 2585 1876 πίστις,
2619 1810 3017 1881 ἀμετάθετοςὴ
3063 1811 3272 1880 ἀγάπη,
3305 1813 3562 1883 ἀκίνητος
3627 1817 3665 1883 ὴ

411 1893 608 1958 rantia,
639 1891 798 1955 firma
839 1892 993 1956 fides,
1047 1893 1407 1954 immutabilis
1456 1895 1722 1958 Charitas,
1766 1898 1979 1952 stabilis

408 1992 465 2040 et
495 1985 788 2041 immobilis
815 1986 869 2041 in
906 1986 1052 2040 omni
1087 1985 1230 2040 bono
1258 1987 1445 2050 statio,
1487 1987 1631 2042 sicut
1663 1999 1717 2043 et
1753 2005 1872 2061 quae
1897 2000 1997 2047 est.

408 2076 466 2138 in
491 2085 560 2144 te,
591 2085 740 2130 terra
773 2085 883 2132 stat
912 2077 967 2131 in
993 2085 1278 2135 aeternum.
1305 2079 1361 2134 Si
1384 2079 1509 2158 quis
1537 2088 1717 2136 autem
1748 2065 1994 2137 avaritia'

406 2167 668 2228 laborans
692 2169 942 2246 pluribus
966 2169 1176 2226 divitiis
1204 2171 1399 2237 inhiat,
1425 2180 1479 2226 et
1506 2173 1671 2227 veluti
1703 2173 1987 2243 quoddam.

406 2273 558 2314 mare
594 2259 913 2316 immensam
961 2261 1259 2320 extendens
1311 2263 1662 2334 cupiditatem
1691 2303 1707 2328 ,
1741 2264 1979 2338 undique

409 2355 759 2418 afﬂuentibus
806 2355 977 2412 lucris
1014 2373 1124 2412 non
1169 2365 1348 2429 potest
1389 2358 1597 2423 satiari,
1641 2359 1687 2416 is
1732 2359 1798 2414 ad
1827 2375 1978 2415 mare

405 2447 549 2525 quod
582 2456 666 2502 est
693 2446 805 2510 hic,
838 2448 1136 2518 aspiciens,
1166 2449 1416 2503 morbum
1447 2456 1620 2503 curet.
1650 2447 1771 2521 Quo
1815 2449 1977 2503 modo

405 2539 549 2593 enim
579 2537 712 2596 illud
745 2537 799 2592 in
833 2537 1327 2599 innumerabilibus
1357 2554 1620 2613 aquarum
1661 2537 1976 2594 influxioni-

405 2631 510 2687 bus
559 2644 720 2685 suum
775 2643 884 2683 non
935 2631 1337 2703 transgreditur
1389 2631 1631 2696 modum,
1676 2630 1772 2686 sed
1825 2634 1992 2703 aeque"

402 2722 620 2799 plenum
649 2736 864 2792 semper
892 2731 1156 2787 remanet,
1185 2723 1412 2793 perinde
1453 2733 1616 2792 atque
1640 2723 1685 2779 si
1725 2738 1790 2777 ex
1819 2722 1976 2799 aquis

402 2813 550 2874 nulla
579 2813 672 2866 fiat
702 2816 948 2871 accessio
977 2835 989 2869 :
1026 2817 1097 2870 ita
1142 2816 1302 2870 etiam
1339 2815 1574 2870 humana
1604 2822 1798 2868 natura
1822 2814 1876 2867 in
1908 2813 1989 2868 iis'

401 2919 524 2973 quae
562 2905 764 2960 adsunt
797 2907 1072 2971 fruendis,
1113 2907 1229 2961 suis
1277 2905 1517 2966 modulis
1557 2904 1970 2973 comprehensa,

399 3009 503 3070 per
534 3004 895 3072 proventuum
923 3012 986 3052 ac
1026 2997 1374 3068 vectigalium
1410 2994 1834 3057 multitudinem,
1863 3008 1974 3054 non

400 3093 583 3165 potest
647 3087 810 3149 simul
846 3088 1072 3145 dilatare
1106 3088 1320 3142 avidam
1373 3096 1565 3159 praeter
1609 3095 1819 3142 naturae
1855 3079 1972 3141 m'o-

400 3175 529 3234 dum
587 3177 805 3230 fruendi
850 3178 1230 3248 cupiditatem,
1281 3177 1374 3232 sed
1409 3184 1591 3230 cessat
1642 3175 1858 3248 quidem
1917 3176 1972 3230 id

399 3267 544 3338 quod
585 3266 801 3338 influit;
834 3269 918 3324 vis
943 3279 1125 3323 autem
1159 3268 1374 3322 fruendi
1406 3277 1652 3322 servatur
1676 3267 1728 3320 in
1753 3267 1975 3341 proprio

400 3359 656 3420 termino.
694 3358 752 3414 Si
782 3375 914 3430 ergo
949 3360 1003 3413 in
1038 3359 1273 3414 fruendo
1311 3374 1417 3412 non
1452 3366 1628 3429 potest
1662 3356 1973 3416 redundare

400 3449 560 3520 copia
597 3458 792 3521 praeter
841 3459 1053 3508 natura:
1085 3451 1305 3507 modum
1361 3464 1461 3504 cur
1499 3449 1847 3519 vectigalium
1887 3457 1971 3502 at-

399 3543 673 3603 trahimus
704 3542 965 3610 influxus,
1010 3558 1110 3614 pro
1151 3543 1219 3597 iis
1258 3558 1379 3616 qtun
1417 3542 1799 3611 ingrediuntur
1834 3557 1974 3595 nun-

402 3649 568 3704 quam
600 3634 760 3690 equsi
800 3636 865 3690 ad
902 3635 1354 3696 benefaciendum
1395 3634 1554 3687 aliis?
1583 3633 1848 3700 Quoniam
1884 3649 1974 3686 an-

399 3735 512 3788 tem
545 3728 939 3786 convenienter
985 3742 1013 3779 a
1049 3727 1209 3781 nobis
1243 3727 1381 3780 datae
1412 3727 1670 3780 vanitatis
1699 3725 1969 3779 deﬁnitio-

402 3818 480 3881 ni,
511 3825 596 3873 est
627 3818 713 3878 vel
741 3818 966 3873 verbum
995 3819 1208 3880 inutile,
1238 3818 1322 3878 vel
1355 3833 1442 3870 res
1483 3817 1691 3870 inutilis
1721 3816 1787 3869 ad
1821 3816 1971 3869 vani-

399 3917 567 3967 tatem
600 3909 853 3985 pertinet,
886 3927 950 3965 ex
978 3925 1044 3965 eo
1075 3911 1301 3980 pulchre
1327 3925 1486 3963 suum
1521 3909 1723 3963 librum
1757 3907 1966 3975 incipit.

399 3998 474 4060 Ut
510 4015 689 4069 neque
715 4001 1013 4071 quidquam
1049 4001 1205 4055 exiis
1237 4016 1357 4074 qua:
1400 4000 1555 4059 fiunt,
1601 4013 1778 4067 neque
1811 3995 1972 4065 quid-

396 4081 564 4162 quam
610 4108 677 4153 ex
724 4093 793 4148 iis
828 4109 949 4162 quae
979 4093 1258 4155 dicuntur,
1297 4093 1341 4148 si
1385 4091 1715 4163 aspiciemus
1747 4089 1812 4142 ad
1847 4104 1971 4143 eum

397 4183 494 4253 qui
527 4183 620 4240 hic
643 4185 970 4258 proponitur
1009 4200 1258 4253 scopum,
1302 4192 1562 4252 tanquam
1605 4179 1748 4249 quod
1785 4178 1970 4240 consi-

396 4283 528 4350 stat,
585 4284 923 4345 reputemus.
979 4274 1113 4336 Nam
1163 4289 1324 4336 omne
1370 4271 1610 4334 studium
1662 4269 1968 4335 hominum,

394 4364 546 4436 quod
578 4376 835 4421 versatur
879 4366 934 4427 in
969 4365 1037 4420 iis
1077 4380 1198 4434 qua:
1241 4361 1306 4416 ad
1344 4363 1508 4415 vitam
1550 4361 1845 4429 pertinent,
1887 4368 1972 4413 est

2079 1901 2138 1953 ὲν
2170 1902 2330 1954 παντὶ
2362 1901 2512 1971 καλῷ
2559 1903 2768 1967 στάσις,
2813 1903 2889 1970 ὠς
2933 1903 3000 1955 ἂν
3044 1903 3199 1972 καὶὴ
3243 1902 3298 1954 ἕν
3345 1919 3424 1955 σοι
3457 1904 3524 1972 γῆ
3573 1906 3666 1967 είς

2079 1993 2170 2048 τὸν
2212 1991 2383 2046 αἰῶνα
2429 1994 2688 2064 εἱστήκει.
2746 1992 2809 2053 Εἰ
2855 1993 2913 2046 δέ
2961 2010 3046 2057 τις
3093 1993 3333 2066 κεχῃνὼς
3371 1995 3502 2062 πρὸς
3547 1997 3664 2065 τὴν

2078 2083 2407 2153 πλεονεξίαν,
2455 2084 2549 2140 καὶ
2591 2083 2844 2153 καθάπερ
2884 2088 3005 2137 τινά
3049 2084 3322 2144 θάλασσαν
3361 2084 3456 2156 τὴν
3503 2087 3658 2155 ἀμε-

2077 2175 2231 2247 τρίαν
2258 2176 2358 2244 τῆς
2409 2176 2700 2247 ἐπιθυμίας
2730 2177 3005 2242 ἀπλώσας,
3045 2177 3181 2248 πρὸς
3209 2177 3276 2229 τά
3314 2176 3655 2246 πανταχόθεν

2076 2265 2356 2336 είσρέοντα
2404 2266 2567 2338 κέρδη
2610 2269 2900 2338 ἀπλήστως
2949 2269 3083 2339 ἔχοι,
3161 2263 3316 2333 οὗτος
3367 2268 3498 2340 πρὸς
3543 2269 3648 2339 τὴν

2075 2359 2242 2420 ὅντως
2283 2357 2556 2412 θάλασσαν
2607 2359 2849 2428 βλέπων,
2900 2360 3280 2431 θεραπευέσθω
3324 2360 3422 2431 τὴν
3469 2360 3648 2414 νόσον.

2054 2483 2067 2494 -
2088 2449 2175 2512 Ὠς
2202 2449 2307 2520 γάρ
2338 2450 2519 2521 ἐκείνη
2563 2449 2624 2504 τό
2667 2453 2864 2521 ἑαυτῆς
2894 2452 2954 2504 οὐ
2986 2452 3323 2523 παρέρχεται
3365 2452 3564 2523 μέτρον
3592 2454 3652 2504 ἐν

2075 2542 2194 2603 ταῖς
2249 2541 2469 2611 μυρίαις
2523 2539 2630 2593 τῶν
2680 2541 2888 2595 ὑδάτων
2943 2543 3250 2612 ἐπιρροαῖς,
3301 2541 3415 2594 ἀλλ’
3455 2542 3512 2593 ἑν
3570 2540 3652 2613 τῷ

2077 2631 2176 2702 ἴσῳ
2227 2630 2469 2703 διαμένει
2517 2631 2868 2704 πληρώματι,
2904 2632 3154 2703 καθάπερ
3201 2628 3456 2702 οὐδεμιᾶς
3505 2633 3650 2704 αὐτῇ

2076 2722 2136 2792 ἐξ
2178 2722 2384 2777 ὑδάτων
2434 2724 2726 2796 γινομένης
2775 2723 3126 2796 προσθήκης’
3175 2726 3316 2777 κατὰ
3356 2723 3446 2775 τὸν
3483 2723 3650 2776 αὐτόν

2075 2815 2272 2884 τρόπον
2307 2816 2398 2874 καὶ
2434 2816 2467 2885 ἡ
2507 2814 2820 2891 ἀνθρωπίνη
2865 2815 3027 2884 φύσις
3057 2815 3206 2879 ίδίοις
3248 2815 3464 2887 μέτροις
3493 2818 3552 2868 ὲν
3581 2819 3648 2887 τῇ

2076 2902 2371 2957 ἀπολαύσει
2393 2903 2500 2956 τῶν
2528 2904 2837 2973 προσόντων
2863 2904 3241 2976 διειλημμένη,
3271 2905 3651 2974 συμπλατῦναι

2075 2993 2152 3062 τῷ
2180 2993 2370 3064 πλήθει
2398 2993 2510 3050 τῶν
2543 2994 2817 3066 προσόδων
2842 2995 2939 3066 τὴν
2975 2995 3384 3064 ἀπολαυστικὴν
3411 2994 3652 3069 λαιμάρ-

2079 3102 2189 3154 γως
2230 3087 2290 3138 οὐ
2338 3085 2579 3150 δύναται,
2611 3087 2747 3140 ἀλλά
2782 3087 2843 3140 τὸ
2874 3089 2971 3157 μὲν
3005 3088 3213 3158 εἰσρέον
3247 3087 3501 3148 παύεται,
3531 3090 3566 3156 ἡ
3595 3089 3652 3141 δὲ

2036 3177 2041 3193 ⁹
2075 3178 2174 3248 τῆς
2207 3177 2557 3250 ἀπολαύσεως
2601 3178 2828 3249 δύναμις
2862 3182 2917 3232 ἐν
2967 3179 3044 3250 τῷ
3074 3181 3188 3249 ἰδίῳ
3227 3180 3339 3250 ὅρῳ
3379 3180 3654 3249 φυλάσσεο

2072 3285 2182 3320 ται.
2216 3268 2277 3320 Εἰ
2309 3263 2402 3320 οὗν
2426 3271 2460 3338 ἡ
2493 3268 2790 3331 ἀπόλαυσις
2821 3267 3111 3325 πλεονάσαι
3153 3272 3213 3320 ού
3244 3268 3466 3320 δύναται
3498 3266 3654 3337 παρά

2071 3358 2132 3410 τὸ
2183 3358 2377 3433 μέτρον
2425 3358 2525 3427 τῆς
2569 3359 2804 3427 φύσεως,
2856 3361 2934 3421 εἰς
2969 3359 3021 3410 τί
3063 3357 3161 3422 τάς
3207 3356 3315 3410 τῶν
3369 3356 3653 3432 προσόδων

2074 3452 2331 3521 ὲπιρροἀς
2358 3450 2715 3520 ὲφελκόμεθα,
2753 3450 3005 3504 οὐδεποτε
3039 3450 3174 3520 πρὸς
3197 3449 3444 3503 εὐποιΐαν
3475 3447 3654 3502 ἄλλων

2075 3544 2216 3614 ὑπὲρ
2260 3543 2368 3595 τῶν
2418 3543 2764 3596 ἐπεισιόντων
2829 3543 3252 3614 ὑπερχεόμενοι;
3321 3539 3543 3611 Ἐπειδὴ
3594 3541 3654 3596 δὲ

2073 3634 2213 3687 κατά
2247 3634 2338 3691 τὸν
2367 3634 2696 3688 ἀποδοθέντα
2729 3637 2861 3705 ἡμῖν
2885 3634 2985 3704 τῆς
3023 3634 3380 3704 ματαιότητος
3410 3631 3592 3700 λόγον,
3618 3631 3653 3702 ἢ

2071 3725 2132 3776 τὸ
2169 3725 2428 3793 ἀνόνητον
2453 3725 2622 3794 ῥῆμα,
2655 3724 2688 3794 ἢ
2718 3725 2779 3776 τὸ
2812 3724 3069 3793 ἀνόνητον
3098 3724 3328 3793 πρᾶγμα
3358 3721 3655 3792 ματαιότη-

2072 3834 2159 3880 τος
2221 3818 2386 3880 ἐστὶν,
2431 3815 2611 3880 καλῶς
2663 3816 2873 3869 ἐκεῖθεν
2929 3817 3024 3869 τοῦ
3065 3816 3224 3883 λόγου
3267 3816 3514 3886 ἄρχεται.
3565 3815 3655 3878 Ὦς

2071 3903 2137 3958 ἂν
2168 3908 2303 3976 μήτε
2333 3923 2385 3960 τι
2422 3907 2531 3958 τῶν
2567 3906 2885 3976 γινομένων,
2925 3907 3062 3976 μήτε
3091 3924 3143 3960 τι
3179 3904 3288 3958 τῶν
3317 3904 3652 3973 λεγομένων,

2072 3995 2126 4050 εἴ
2146 4016 2228 4061 τις
2274 3996 2409 4068 πρὸς
2453 3999 2543 4052 τὸν
2577 3993 2678 4052 ὧδε
2714 3998 2900 4068 βλέπει
2933 3998 3154 4060 σκοπὸν,
3188 3997 3263 4066 ὡς
3295 3997 3523 4064 ύφεστὸς
3565 3997 3653 4050 λο-

2073 4089 2374 4160 γισώμεθα.
2427 4091 2584 4142 Πᾶσα
2628 4089 2736 4160 γάρ
2791 4088 3092 4159 ἀνθρώπων
3139 4088 3364 4158 σπουδὴ,
3412 4088 3551 4160 πρός
3599 4107 3654 4142 τι

2071 4180 2179 4236 τῶν
2221 4182 2350 4255 περὶ
2392 4181 2483 4234 τὸν
2524 4181 2637 4250 βίον
2693 4180 3085 4251 ἀσχολουμένη,
3135 4178 3342 4249 νηπίων
3389 4180 3655 4251 ἄντικρύς

2072 4271 2279 4325 ἐστιτὰ
2309 4273 2400 4326 ἐπὶ
2431 4272 2655 4343 ψάμμον
2683 4271 2997 4343 ἀθύρματα,
3034 4267 3116 4334 οἷς
3145 4274 3178 4341 ἠ
3212 4271 3320 4323 τῶν
3349 4271 3655 4340 γινομένων

2073 4365 2365 4428 ἀπόλαυσις
2384 4368 2450 4437 τῇ
2481 4366 2608 4436 περὶ
2637 4364 2706 4426 τά
2725 4366 2982 4435 γινόμενα
3018 4364 3222 4437 σπουδῇ
3256 4362 3650 4433 συναπέληξεν.

393 4460 559 4530 plane
588 4473 888 4532 puerorum
919 4457 1082 4516 ludus
1114 4457 1166 4518 in
1203 4468 1392 4515 arena,
1427 4453 1482 4506 in
1518 4466 1626 4522 quo
1658 4465 1779 4521 quae
1806 4465 1869 4505 ex
1900 4448 1969 4502 iis

2076 4458 2224 4527 ’Ἅμα
2263 4457 2322 4510 τὲ
2368 4459 2476 4529 γὰρ
2525 4457 2618 4510 τοῦ
2674 4460 2856 4510 πονεῖν
2888 4457 3186 4519 ἐπαύσατο,
3228 4458 3322 4512 καὶ
3355 4457 3388 4530 ἡ
3420 4454 3654 4524 ψάμμος

395 4564 522 4621 qua:
569 4549 707 4604 fiunt
755 4551 972 4620 capitur
1010 4547 1334 4609 oblectatio,
1387 4544 1547 4599 simul
1597 4542 1798 4598 desinit
1837 4557 1962 4596 cum

394 4640 580 4701 studio
607 4642 752 4712 quod
784 4642 1004 4711 ponitur
1034 4641 1085 4693 in
1119 4640 1188 4694 iis
1214 4654 1335 4707 quae
1370 4637 1509 4690 facta
1542 4643 1689 4690 sunt.
1721 4633 1857 4688 Nam
1889 4635 1963 4689 si-

2071 4546 2207 4617 πρὸς
2233 4546 2400 4616 αὐτὴν
2431 4549 2725 4617 συρῤυεῖσα
2748 4546 2904 4599 οὐδὲν
2931 4546 3073 4618 ἴχνος
3105 4544 3215 4598 τῶν
3253 4542 3656 4612 πεπονημένων

2073 4639 2412 4692 ὑπελείπετο.

398 4735 515 4797 mul
544 4742 708 4804 atque
751 4747 780 4786 a
821 4733 1011 4790 labore
1046 4737 1318 4793 cessatum
1353 4737 1458 4794 est,
1493 4727 1657 4782 simul
1693 4741 1862 4783 arena
1928 4727 2168 4799 collapsa
2237 4729 2446 4783 nullum
2494 4729 2757 4798 relinquit
2789 4729 3080 4800 vestigium
3143 4743 3330 4786 eorum
3370 4741 3493 4796 quae
3531 4724 3654 4782 fuev

398 4833 526 4888 rant
551 4824 864 4886 elaborata..

473 4918 588 4978 Hoc
613 4928 698 4980 est
726 4918 966 4972 humana
990 4917 1123 4986 vita,
1167 4931 1330 4973 arena
1365 4922 1451 4970 est
1496 4914 1746 4980 ambitio,
1799 4930 1965 4977 arena

396 5020 482 5069 est
504 5007 778 5081 potentia,
807 5021 975 5062 arena
1007 5006 1209 5062 divitiae
1229 5045 1243 5070 ,
1280 5019 1448 5064 arena
1483 5013 1566 5060 est
1591 5003 1857 5074 quidquid
1883 5013 1968 5058 est

394 5119 460 5164 ex
489 5101 556 5159 iis
577 5099 780 5172 quibus
812 5111 1011 5168 magno
1051 5097 1234 5159 studio
1283 5113 1380 5167 per
1439 5110 1661 5153 carnem
1705 5094 1962 5162 fruimur,

389 5197 447 5256 in
477 5194 699 5265 quibus,
728 5197 790 5245 ut
823 5205 944 5259 quae
971 5189 1193 5244 minime
1215 5189 1432 5245 valeant
1464 5188 1792 5251 consistere,
1819 5202 1962 5244 vane

389 5285 708 5347 laborantes
743 5280 1022 5342 infantiles
1053 5281 1270 5343 animae,
1298 5287 1354 5334 et
1390 5280 1446 5337 in
1497 5293 1830 5350 unoquoque
1866 5294 1962 5334 eo-

391 5389 514 5429 rum
548 5375 750 5432 multos
779 5373 998 5427 labores
1031 5373 1352 5438 tolerantes,
1392 5371 1438 5425 si
1467 5372 1644 5430 solum
1675 5385 1857 5426 arena:
1877 5372 1964 5430 lo-

392 5481 519 5524 cum
553 5467 895 5536 reliquerint.
928 5481 1047 5536 quae
1070 5465 1127 5518 in
1153 5479 1338 5529 carne,
1361 5463 1608 5532 inquam,
1633 5463 1960 5533 transigitur

393 5556 529 5620 vita,
587 5565 719 5615 tunc
750 5566 1046 5628 agnoscent
1080 5571 1246 5628 quam
1294 5555 1350 5616 in
1389 5555 1493 5618 hac
1532 5569 1590 5610 re
1627 5568 1827 5617 vanum
1862 5569 1961 5631 po-

467 5731 510 5770 ”
540 5728 840 5796 "Timotb.
873 5749 954 5802 tu,
990 5729 1077 5794 14.
1152 5733 1196 5765 ⁸⁸
1226 5730 1386 5790 lCor.
1417 5748 1504 5800 xv,
1531 5731 1616 5792 58.

2136 4909 2304 4967 Τοῦτό
2331 4911 2478 4964 ἐστιν
2519 4910 2547 4962 ὁ
2585 4908 2920 4980 ἀνθρώπινος
2953 4909 3087 4981 βίος,
3123 4909 3348 4982 ψάμμος
3377 4912 3410 4981 ἠ
3439 4911 3656 4979 φιλοτι-

2071 5003 2195 5072 μία,
2223 5001 2444 5071 ψάμμος
2487 5002 2518 5072 ή
2552 5000 2856 5066 δυναστεία,
2898 4999 3122 5069 ψάμμος
3148 5002 3176 5053 ό
3215 5001 3461 5064 πλοῦτος,
3495 5002 3656 5074 ψάμ-

2072 5111 2168 5165 μος
2207 5093 2436 5148 ἕκαστον
2481 5093 2592 5145 τῶν
2621 5091 2763 5146 κατὰ
2793 5091 3029 5162 σπουδὴν
3050 5091 3138 5144 διὰ
3177 5095 3376 5164 σαρκὸς
3404 5095 3654 5149 ἀπολαυ-

2066 5185 2307 5254 ομένων,
2355 5188 2413 5238 ὲν
2443 5183 2524 5250 οἷς
2561 5185 2657 5239 νῦν
2688 5186 2743 5238 αἱ
2775 5185 3064 5256 νηπιώδεις
3091 5185 3263 5256 ψυχαὶ
3293 5190 3404 5252 τοῖς
3447 5189 3658 5241 ἀνυπο-

2072 5277 2286 5340 στάτοις
2313 5278 2808 5348 ὲκματαιάζουσαι,
2856 5279 2950 5332 καὶ
2984 5278 3211 5344 πολλοὺς
3245 5282 3371 5350 περὶ
3414 5281 3657 5334 ἕκαστον

2069 5370 2273 5424 τούτων
2305 5370 2670 5440 ὑπομένουσαι
2710 5371 2928 5435 πόνους,
2965 5373 3011 5424 εἰ
3046 5372 3206 5443 μόνον
3241 5373 3564 5426 ἀπολίποιεν
3593 5374 3659 5425 τὸ

2067 5461 2165 5531 τῆς
2194 5460 2418 5532 ψάμμου
2452 5461 2670 5532 χωρίον,
2711 5461 2810 5532 τὴν
2853 5464 2910 5514 ὲν
2941 5462 3104 5534 σαρκὶ
3147 5462 3293 5530 λέγω
3323 5462 3494 5532 ζωὴν,
3527 5463 3656 5516 τότε

2066 5552 2124 5607 τὸ
2153 5551 2379 5625 μάταιον
2404 5552 2500 5624 τῆς
2526 5546 2624 5606 ὧδε
2655 5551 2934 5629 διατριϐῆς
2965 5553 3378 5623 ὲπιγνώσονται.
3421 5553 3514 5626 Τῷ
3545 5555 3659 5626 γάρ
