3870 6220
192 299 304 359 629
1292 312 1356 365 IN
1379 313 1918 377 ECCLESlASTEN.
1961 321 2247 379 HOMILI‘A
2287 325 2329 379 1.
3336 333 3447 387 σαι

194 417 368 487 ὑλικῷ
401 417 501 489 βίῳ
528 413 676 485 καὶὴ
712 417 1013 488 ἀπόλαυσις
1042 432 1432 498 συνατέμεινεν
1452 449 1466 462 ο
1515 433 1761 501 ἐφέλκον-

1876 441 2088 494 suerint
2136 442 2399 497 studium.
2452 443 2586 500 Nam
2637 461 2762 502 cum
2815 449 2925 503 vita
2975 450 3236 505 materiali
3278 448 3448 507 simul

192 526 283 563 ται
313 509 368 562 δὲ
400 511 520 580 μεθ’
547 512 756 565 ἑαυτῶν
796 515 948 568 οὐδὲν
979 518 1061 570 ὅτι
1096 519 1170 588 μὴ
1211 523 1310 592 τὴν
1341 525 1645 594 συνείδησιν
1673 526 1769 596 μόο

190 617 310 670 νην.
343 600 412 653 Ὅ
441 617 532 672 μοι
555 601 702 655 δοκεῖ
725 605 820 657 καὶ
847 607 875 657 6
900 605 1074 674 μέγας
1109 608 1552 683 Ἐκκλησιαστὴς,
1581 613 1767 687 ὥσπερ

190 693 294 763 ἤδη
324 693 535 748 τούτων
577 694 683 762 ἔξω
713 697 1026 768 γενόμενος,
1065 701 1160 754 καὶ
1190 707 1372 774 γυμνῇ
1399 707 1466 775 τῇ
1495 706 1641 777 ψυχῇ
1668 707 1767 777 τῆς

188 786 360 838 ἀΰλου
388 782 538 857 ζωῆς
563 787 924 852 ἐπιϐατεύων,
959 790 1144 844 ἐκεῖνα
1168 789 1338 859 εἶπεν,
1382 793 1419 848 ἂ
1458 797 1604 860 είκός
1637 815 1765 851 ποτε

190 879 289 932 καὶ
311 880 465 950 ἡμᾶς
496 882 688 945 εἰπεῖν,
731 880 860 934 ὅταν
903 881 1008 947 ἔξω
1044 883 1140 938 τοῦ
1166 886 1432 956 παραλίου
1465 890 1657 943 τούτου
1681 891 1767 943 τό-

189 988 296 1024 που
329 971 638 1043 γενώμεθα,
675 975 802 1046 περὶ
831 973 891 1028 ὃν
930 976 964 1046 ἡ
992 976 1218 1047 ψάμμος
1260 981 1427 1044 ἐστὶν,
1472 983 1505 1051 ή
1532 982 1635 1035 ὑπὸ
1667 983 1768 1053 τῆς

184 1064 285 1118 τοῦ
334 1065 451 1134 βίου
499 1065 774 1138 θαλάσσης
802 1069 1182 1141 ἐκπτυομένη,
1232 1073 1326 1125 καὶ
1359 1075 1576 1128 πάντων
1605 1092 1767 1145 χωρι-

187 1157 409 1227 σθῶμεν
461 1158 572 1212 τῶν
623 1161 1104 1230 περικτυπούντων
1155 1165 1302 1234 ἡμᾶς
1353 1165 1448 1218 καὶ
1493 1167 1767 1236 καταϐομ-

185 1249 431 1304 ϐούντων
457 1252 737 1322 κυμάτων,
758 1254 824 1306 ὲκ
849 1254 947 1324 τῆς
981 1255 1266 1328 νοηθείσης
1291 1256 1566 1329 Θαλάσσης
1599 1259 1766 1329 μόνην

184 1343 291 1414 τὴν
319 1344 542 1414 μνήμην
566 1344 675 1397 τῶν
703 1339 804 1398 ὧδε
841 1347 1282 1402 σπουδασθέντων
1322 1350 1649 1419 ἐπαγόμενοι
1681 1349 1767 1402 λέ-

183 1448 358 1502 γομεν
390 1433 485 1500 τὸ,
537 1453 556 1486 ι
583 1436 897 1508 Ματαιότης
931 1440 1326 1511 ματαιοτήτων,
1370 1441 1465 1494 καὶ
1493 1439 1564 1493 τὰ
1590 1441 1767 1496 πάντα

186 1523 527 1594 ματαιότης,
574 1525 668 1578 καὶ
722 1522 871 1589 οῦτις
931 1525 1222 1598 περισσεία
1277 1527 1356 1598 τῷ
1402 1527 1675 1599 ἀνθρώπῳ

186 1615 387 1686 μοχθεῖ
427 1617 532 1670 ὑπὸ
563 1617 654 1671 τὸν
685 1618 855 1689 ἥλιον.
904 1638 922 1671 ι
981 1619 1167 1684 Οὕτως
1199 1619 1328 1693 γὰρ,
1379 1623 1520 1676 κατά
1563 1639 1630 1692 γε
1673 1624 1764 1676 τὸν

181 1707 321 1776 ἐμὸν
349 1708 533 1777 λόγον,
579 1710 762 1783 πάσης
790 1713 907 1765 ἐστὶ
945 1711 1124 1783 ψυχῆς
1165 1707 1321 1778 οὗτος
1350 1717 1379 1766 6
1408 1714 1594 1785 λόγος,
1637 1716 1763 1769 ὅταν

1870 541 2052 585 manet
2080 532 2387 600 delectatio,
2420 552 2604 591 secum
2643 547 2822 593 autem
2859 540 2995 594 nihil
3031 543 3257 595 trahunt
3297 558 3440 612 pra:-

1869 629 1952 675 ter
1983 624 2152 678 solam
2198 627 2612 682 conscientiam.
2650 628 3013 694 Quamobrem
3060 632 3193 686 mihi
3227 633 3448 688 videtur

1870 726 2105 784 magnus
2137 713 2526 784 Ecclesiastes,
2573 727 2631 772 ut
2665 720 2758 790 qui
2785 721 2900 791 jam
2935 733 3086 777 extra
3136 723 3250 777 haec
3271 733 3440 788 esset,

1867 811 1922 858 et
1960 805 2106 859 nuda
2143 821 2208 862 ac
2260 817 2514 878 separata
2567 810 2748 865 anima
2802 813 2856 866 in
2909 814 3019 868 vita
3067 816 3308 869 materia:
3345 831 3442 868 ex-

1869 902 2019 962 perte
2048 896 2334 963 insideret,
2372 899 2463 953 illa
2493 901 2700 956 dixisse
2731 918 2852 972 quae
2877 919 2979 959 nos
3007 919 3225 975 quoque
3262 905 3441 959 dictu-

1868 1002 1958 1041 ros
1985 997 2072 1043 est
2100 998 2552 1057 consentaneum,
2585 995 2804 1064 quando
2829 996 3092 1051 fuerimus
3113 1007 3266 1052 extra
3289 998 3436 1053 hunc

1870 1082 2047 1135 locum
2088 1084 2440 1147 maritimum,
2472 1085 2528 1139 in
2573 1102 2684 1156 quo
2718 1096 2805 1142 est
2839 1101 3025 1151 arena,
3071 1103 3192 1158 quae
3223 1105 3252 1142 a
3296 1090 3448 1142 mari

1868 1173 2036 1242 hujus
2063 1173 2186 1227 vita:
2208 1175 2512 1244 exspuitur,
2557 1183 2612 1230 et
2641 1177 2880 1247 separati
2913 1176 3180 1232 fuerimus
3212 1180 3279 1232 ab
3317 1193 3436 1232 om-

1866 1267 2030 1321 nibus
2061 1265 2315 1323 lluctibus
2347 1268 2439 1336 qui
2464 1283 2566 1323 nos
2581 1269 3055 1324 circumsonantet
3086 1271 3428 1325 circumstre‘

1865 1367 2022 1428 punt,
2055 1374 2124 1414 ex
2151 1358 2288 1413 mari
2308 1358 2455 1429 quod
2491 1359 2580 1414 hic
2627 1361 3001 1431 intelligimus,
3050 1361 3219 1416 solam
3255 1378 3436 1433 repor‘

1867 1458 2043 1505 tantes
2076 1452 2397 1506 memoriam
2422 1466 2610 1507 eorum
2641 1452 2696 1506 in
2739 1468 2860 1522 quae
2899 1454 3142 1508 studium
3183 1463 3446 1510 nostrum.

1866 1543 2221 1609 contulimus,
2270 1543 2503 1599 dicimus
2565 1563 2579 1598 :
2645 1543 2922 1600 «Vanitas
2981 1546 3303 1610 vanitatum,
3384 1557 3441 1602 et

1865 1633 2048 1687 omnia
2078 1634 2315 1688 vanitas.
2363 1632 2550 1704 Neque
2589 1635 2887 1706 quidquam
2937 1647 3188 1706 superest
3230 1637 3440 1690 homini

1865 1742 1933 1782 ex
1967 1728 2116 1781 omni
2162 1727 2349 1781 labore
2393 1729 2486 1798 qui
2535 1737 2618 1782 est
2651 1727 2756 1782 sub
2804 1727 2941 1782 sole.
2971 1747 2990 1778 »
3023 1725 3229 1782 Revera
3262 1727 3431 1788 enim,

181 1799 541 1889 γυμνωθεῖσα
568 1800 678 1854 τῶν
703 1803 831 1873 τῇδε
866 1804 1002 1874 πρὸς
1029 1804 1119 1858 τὸν
1145 1804 1496 1874 ἐλπιζόμενον
1527 1823 1761 1876 μετοικι-

1867 1825 1923 1872 υι
1982 1833 2083 1888 ego
2134 1818 2354 1888 quidem
2393 1819 2600 1889 judico,
2646 1819 2890 1888 cujusvis
2933 1819 3127 1872 animae
3181 1827 3265 1873 est
3319 1818 3436 1873 haec

184 1889 292 1959 σθῇ
327 1888 462 1959 βίον.
508 1892 632 1944 Εἴτε
677 1893 786 1964 γάρ
816 1910 871 1946 τι
901 1893 1009 1947 τῶν
1042 1895 1388 1967 ὑψηλοτέρων
1433 1899 1491 1950 ὲν
1541 1901 1607 1968 τῇ
1648 1898 1759 1969 ζωῇ

184 1979 363 2053 ταύτῃ
403 1982 752 2053 κατώρθωσε,
801 1988 1098 2056 κατηγορεῖ
1140 1984 1329 2038 τούτου
1375 1989 1434 2041 ὲν
1483 1981 1527 2054 ᾧ
1568 1985 1657 2059 ἦν,
1695 1991 1760 2060 τῇ

182 2073 328 2144 πρὸς
371 2074 433 2126 τὸ
471 2074 689 2146 εὑρεθὲν
735 2078 1054 2149 συγκρίσει,
1089 2078 1149 2131 τὸ
1179 2079 1446 2152 παρελθόν
1472 2097 1524 2133 τι
1565 2081 1763 2150 ἀτιμά-

183 2165 379 2229 Causa,
402 2165 511 2219 εἶτε
531 2167 628 2219 καὶ
651 2167 982 2238 προσπαθῶς
1001 2170 1132 2240 περὶ
1156 2171 1255 2240 τὴν
1282 2169 1414 2240 ὓλην
1435 2170 1758 2236 διατεθεῖσα,

183 2257 288 2310 [aut
321 2257 390 2311 τὰ
417 2259 819 2330 ἀπροσδόκητα,
846 2262 940 2316 καὶ
972 2264 1038 2334 τῇ
1073 2264 1239 2334 πείρᾳ
1269 2264 1431 2334 μάθοι
1461 2265 1569 2317 τῶν
1598 2282 1763 2317 σπου-

180 2348 490 2403 δασθέντων
537 2351 667 2422 περὶ
713 2353 803 2406 τὸν
853 2351 966 2423 βίον
1007 2354 1144 2424 αὐτῇ
1194 2353 1255 2407 τὸ
1299 2355 1552 2425 ἀνόνητον
1580 2372 1593 2384 ·
1643 2355 1762 2408 τότε

181 2439 461 2512 θρηνοῦσα
507 2443 608 2514 τὴν
659 2444 842 2516 φωνὴν
886 2443 1091 2514 ταύτην
1154 2446 1467 2517 προοίσεται
1493 2486 1508 2510 ,
1563 2443 1652 2500 οἷα
1697 2447 1761 2518 δὴ

183 2532 450 2604 ποιοῦμεν
479 2534 545 2588 ὲκ
588 2535 951 2606 μεταμελείας
974 2538 1024 2589 οί
1053 2536 1349 2608 ἅνθρωποι,
1381 2538 1481 2602 τάς
1510 2539 1763 2603 ἀϐουλίας

184 2627 398 2680 ἑαυτῶν
426 2628 485 2681 ὲν
521 2631 632 2692 τοῖς
663 2628 988 2700 ὀλοφυρμοῖς
1017 2628 1380 2700 διηγούμενοι,
1407 2627 1763 2691 τὸ,‹Ματαιό-

180 2735 286 2788 της
340 2720 712 2790 ματαιοτήτων
737 2720 898 2780 ,ικαὶ
941 2719 1012 2774 τὰ
1052 2719 1365 2792 λειπόμενα.
1425 2739 1442 2772 t
1473 2722 1682 2786 Πάντες
1711 2725 1760 2775 οί

183 2811 354 2879 λόγοι,
379 2830 400 2866 υ
432 2811 618 2881 φησὶν,
654 2831 674 2864 t
696 2811 941 2881 ἔγκοποι,
977 2814 1072 2868 καὶ
1100 2814 1160 2868 οὐ
1189 2815 1473 2886 δυνήσεται
1503 2814 1641 2887 ἀνὴρ
1666 2815 1759 2869 τοῦ

182 2900 384 2953 λαλεῖν.
417 2919 436 2952 ι
480 2901 591 2954 Καὶ
622 2899 749 2972 μὴν,
779 2902 932 2956 οὐδὲν
960 2903 1024 2956 ὲκ
1051 2903 1145 2956 τοῦ
1167 2903 1454 2975 προχείρου
1483 2905 1761 2975 νομίζεται

180 2993 280 3046 τοῦ
317 2991 495 3047 λαλεῖν
519 2991 904 3066 εὐκολώτερον.
937 2995 1035 3058 Τίς
1065 2995 1176 3066 γάρ
1208 2997 1324 3049 ἐστι
1355 2996 1522 3060 κόπος
1555 2996 1634 3067 τῷ
1666 2996 1762 3050 λα-

182 3083 367 3138 λοῦντι
408 3086 437 3138 ὅ
468 3102 552 3148 τις
581 3084 857 3156 βούλεται;
900 3086 1076 3158 ’Υγρὰ
1104 3090 1138 3159 ἡ
1169 3087 1388 3157 γλῶσσα
1415 3087 1509 3141 καὶ
1537 3087 1761 3159 εὔστρο-

182 3192 309 3245 φοςν
337 3178 432 3230 καὶ
462 3153 598 3248 πρὸξ
633 3177 827 3248 ὅτιπερ
863 3153 1034 3230 ἐθέλοι
1069 3153 1330 3250 ῥημάτων
1371 3174 1510 3242 εἶδος
1550 3153 1762 3241 ἀπόνως
1787 3153 1830 3212 c

183 3269 386 3341 ἑαυτὴν
415 3269 828 3340 σχηματίζουσα
851 3286 867 3302 ·
914 3269 1189 3334 ἀκώλυτος
1217 3273 1252 3342 ή
1293 3271 1425 3342 ὁλκὴ
1450 3269 1544 3324 τοῦ
1575 3270 1760 3343 ἀερίου

182 3359 514 3432 πνεύματος.
532 3354 576 3430 ᾧ
592 3361 1008 3433 συγκεχρημένη
1027 3365 1153 3427 τοὺς
1169 3363 1435 3433 φθόγγους
1449 3363 1759 3436 ἐργάζεταιο

183 3453 393 3516 ἄλυπος
418 3455 538 3518 ταῖς
593 3457 845 3526 παρειαῖς
869 3457 903 3523 ἡ
945 3455 1236 3526 ὑπουργία,
1272 3457 1367 3510 καὶ
1392 3459 1505 3519 τοῖς
1530 3455 1761 3526 χείλεσιν

182 3547 305 3614 ἅμα
334 3545 368 3614 ἡ
401 3545 536 3614 πρὸς
565 3544 664 3617 τὴν
680 3545 988 3617 ὲκφώνησιν
1008 3545 1102 3599 τοῦ
1135 3546 1424 3617 λεγομένου
1450 3548 1756 3619 συνέργεια.

181 3637 322 3690 Τίνα
358 3632 453 3690 οὖν
493 3638 656 3709 ἐνορᾷ
721 3638 801 3710 τῷ
849 3638 993 3710 λόγῳ
1029 3638 1121 3693 τὸν
1154 3639 1350 3705 κόπον;
1399 3639 1472 3693 Οὐ
1513 3641 1622 3711 γὰρ
1657 3641 1760 3711 γῆν

183 3732 540 3796 σκάπτοντες,
567 3730 601 3802 ἢ
631 3731 835 3803 πέτρας
862 3731 1266 3796 ἀνακυλίοντες,
1291 3731 1324 3802 ἢ
1351 3732 1444 3785 ἐπὶ
1470 3732 1577 3786 τῶν
1595 3733 1763 3804 ὤμων

183 3821 638 3893 ἀχθοφοροῦντες,
672 3822 707 3893 ἢ
739 3821 868 3876 ἄλλο
898 3841 951 3876 τι
981 3823 1094 3876 τῶν
1123 3823 1395 3877 ἐπιπόνων
1427 3825 1759 3895 κατεργαζό-

186 3929 360 3984 μενοι,
407 3912 500 3966 τὸν
548 3912 705 3982 λόγον
747 3912 1114 3985 διεξοδεύομεν
1138 3931 1153 3943 ·
1209 3914 1345 3968 ἀλλά
1388 3916 1449 3968 τὺ
1480 3917 1676 3971 συστὰν
1702 3919 1760 3971 ὲν

180 4008 316 4077 ἡμῖν
343 4004 523 4076 νόημα
553 4005 641 4058 διὰ
683 4005 868 4074 φωνῆς
913 4004 1273 4073 ἐκκαλυφθὲν,
1320 4005 1476 4075 λόγος
1522 4007 1758 4076 ἐγένετο.

193 4097 335 4150 ‘AD.’
360 4097 547 4170 ἐπειδὴ
573 4100 602 4150 6
628 4096 865 4160 τοιοῦτος
893 4097 1049 4166 λόγος
1075 4097 1243 4152 κόπον
1261 4098 1360 4152 οὐκ
1381 4098 1512 4169 ἔχει,
1543 4100 1761 4171 νοητέον

181 4188 251 4244 ἂν
279 4189 366 4260 εἴη
397 4189 540 4252 τίνες
581 4191 631 4242 οἱ
674 4187 974 4250 κοπιῶντες
1016 4187 1192 4258 λόγοι,
1242 4182 1323 4253 οἷς
1373 4189 1435 4242 οὐ
1475 4189 1761 4261 δυνήσεται

180 4284 325 4355 ἀνὴρ
364 4282 461 4336 τοῦ
494 4282 692 4336 λαλεῖν.
725 4301 744 4334 t
778 4283 842 4336 Οἱ
865 4282 1242 4355 πρεσϐύτεροι,
1278 4301 1296 4334 ι
1324 4284 1476 4354 φησὶ,
1519 4303 1537 4335 ι
1565 4282 1760 4354 διπλῆς

179 4375 350 4445 τιμῆς
377 4373 768 4440 ἀξιούσθωσαν,
801 4374 1034 4444 μάλιστα
1060 4377 1110 4427 οἱ
1134 4375 1435 4439 κοπιῶντες
1465 4377 1522 4428 ὲν
1546 4375 1709 4445 λόγῳ.
1735 4393 1753 4427 ι

1863 1913 2059 1977 oratio,
2083 1914 2303 1984 quando
2330 1915 2398 1970 iis
2421 1931 2542 1984 qua:
2569 1915 2660 1970 hic
2691 1923 2818 1969 sunt
2847 1915 3100 1985 spoliata,
3151 1915 3218 1969 ad
3260 1914 3448 1967 vitam-

1863 2020 1986 2074 quaa
2013 2015 2265 2076 speratur
2303 2006 2639 2076 migraverit.
2671 2005 2806 2060 Nam
2841 2009 2955 2061 sive
2985 2005 3119 2076 quid
3145 2013 3290 2060 recte
3307 2020 3433 2075 ges-

1864 2097 1935 2152 sit
1955 2113 2020 2152 ex
2053 2099 2121 2153 iis
2147 2115 2268 2170 qua:
2302 2100 2355 2153 in
2387 2099 2489 2153 hac
2518 2099 2628 2152 vita
2658 2107 2787 2154 sunt
2809 2099 3151 2160 sublimiora,
3176 2097 3230 2151 id
3264 2112 3439 2151 accu-

1863 2198 1948 2245 sat
1977 2191 2029 2244 in
2063 2206 2174 2261 quo
2197 2199 2338 2254 erat,
2380 2191 2425 2246 si
2448 2189 2762 2243 conferatur
2795 2179 2918 2244 cum
2949 2204 3014 2244 eo
3053 2189 3197 2258 quod
3225 2197 3308 2243 est
3343 2189 3430 2242 in-

1863 2281 2429 2350 ventum,despicatui
2473 2280 2680 2335 habens
2714 2280 2765 2334 id
2795 2279 2939 2348 quod
2973 2280 3250 2349 praeteriit.
3306 2278 3440 2335 Sive

1863 2369 2026 2423 etiam
2063 2387 2186 2424 cum
2215 2371 2374 2426 valde
2399 2369 2588 2424 affecta
2630 2369 2794 2425 fuerit
2821 2370 2874 2423 in
2907 2370 3212 2434 materiam,
3237 2370 3436 2424 viderit

1863 2475 1925 2515 ea
1952 2475 2072 2528 qua:
2102 2471 2404 2516 evenerunt
2447 2471 2645 2532 praeter
2670 2461 3157 2531 eXspectationem,
3190 2470 3242 2514 et
3270 2477 3431 2530 expe-

1862 2553 2057 2607 rientia
2086 2553 2360 2617 didicerit,
2392 2563 2595 2624 quanta
2644 2553 2714 2609 sit
2750 2553 2978 2608 stultitia
3023 2553 3078 2606 in
3125 2554 3190 2607 iis
3231 2554 3283 2606 in
3310 2567 3433 2623 qua:

1864 2646 2104 2701 studium
2138 2645 2420 2702 confertur
2469 2647 2525 2700 in
2556 2646 2658 2700 hac
2688 2645 2798 2699 vita
2832 2664 2844 2699 :
2878 2654 3009 2700 tunc
3061 2645 3263 2715 lugens
3291 2645 3434 2700 hanc

1862 2737 2071 2794 emittet
2123 2753 2334 2801 vocem,
2386 2738 2570 2809 qualia
2623 2753 2724 2793 nos
2769 2738 3018 2793 homines
3065 2735 3320 2799 facimus,
3361 2753 3435 2792 ex

1861 2830 2182 2900 poenitentia
2212 2832 2378 2886 stulta
2411 2839 2598 2886 nostra
2620 2829 2853 2886 consilia
2879 2829 2934 2883 in
2966 2827 3169 2883 nostris
3195 2842 3435 2882 narran-

1863 2928 1947 2976 tes
1970 2921 2288 2991 eiulatibus,
2313 2931 2368 2978 et
2395 2924 2636 2979 dicentes
2671 2941 2684 2976 :
2717 2940 2736 2974 ι
2767 2922 2998 2977 Vanitas
3048 2921 3372 2987 vanitatum,
3406 2941 3424 2972 ι

1862 3020 1916 3068 et
1937 3027 1999 3067 ea
2038 3029 2160 3084 quae
2197 3021 2524 3084 sequuntur.
2574 3033 2592 3066 ι
2620 3011 2842 3078 Omnes,
2869 3032 2887 3064 ι
2920 3013 3117 3082 inquit,
3174 3032 3193 3064 ‹
3218 3029 3430 3068 sermo-

1862 3118 1962 3160 nes
1993 3113 2124 3160 sunt
2147 3104 2428 3169 laboriosi,
2457 3113 2512 3159 et
2546 3118 2655 3159 non
2707 3104 2911 3174 poterit
2952 3104 3038 3158 vir
3087 3118 3183 3159 eos
3207 3103 3374 3174 loqui.
3407 3124 3456 3157 »ψ

1861 3194 2025 3266 Atqui
2071 3209 2174 3250 nec
2220 3196 2274 3249 in
2317 3203 2571 3266 promptu
2593 3203 2848 3250 censetur
2876 3193 3170 3264 quidquam
3215 3193 3432 3247 facilius

1863 3302 2028 3358 quam
2058 3287 2230 3358 loqui.
2263 3287 2398 3354 Quis
2421 3295 2508 3344 est
2535 3288 2680 3344 enim
2728 3287 2884 3342 labor
2912 3287 2962 3342 ei
2991 3286 3085 3356 qui
3124 3285 3288 3356 quod‘
3315 3286 3432 3340 vult

1864 3379 2150 3450 loquitur?
2181 3379 2393 3451 Lingua
2429 3387 2514 3436 est
2546 3379 2794 3443 humida,
2827 3387 2880 3432 et
2905 3378 3274 3442 versatilis,et
3290 3379 3430 3431 citra

1861 3471 2102 3527 laborem
2159 3487 2218 3527 se
2252 3471 2463 3542 fingens
2508 3471 2576 3526 ad
2614 3470 2984 3540 quodcunque
3013 3485 3187 3540 genus
3231 3468 3429 3522 verbo-

1861 3578 1982 3617 rum
2019 3581 2031 3618 ;
2074 3564 2214 3620 citra
2258 3563 2711 3634 impedimentum
2770 3570 2855 3618 est
2892 3563 3147 3617 attractio
3197 3561 3430 3631 spiritus

1861 3657 2030 3720 aerii,
2080 3673 2191 3727 quo
2251 3665 2416 3712 utens
2465 3670 2634 3712 sonos
2691 3654 2854 3710 eﬂicit
2889 3675 2902 3710 :
2937 3656 3076 3711 citra
3125 3655 3429 3709 molestiam

1862 3763 2014 3818 genae
2045 3757 2173 3804 sunt
2203 3748 2250 3801 ei
2282 3747 2622 3802 administrat
2659 3756 2712 3802 et
2737 3747 2886 3802 labra
2922 3747 3085 3802 simul
3140 3760 3297 3815 opem
3345 3743 3429 3798 fe-

1861 3848 1991 3893 runt
2044 3839 2109 3894 ad
2167 3854 2301 3894 voce
2349 3839 2751 3893 enuntiandum
2796 3839 2849 3893 id
2905 3837 3052 3908 quod
3098 3837 3320 3891 dicitur.
3369 3834 3428 3888 In

1862 3944 2114 3984 sermone
2153 3944 2286 3999 ergo
2320 3944 2614 3998 quemnam
2643 3930 2788 3984 videt
2820 3928 3100 3983 laborem?
3133 3926 3252 3982 Non
3282 3927 3431 3981 enim

1861 4031 2065 4077 terram
2093 4021 2384 4086 fodientes,
2421 4028 2517 4075 aut
2553 4028 2739 4092 petras
2764 4022 3066 4084 volventes,
3098 4028 3194 4074 aut
3223 4020 3279 4073 in
3317 4019 3432 4072 hu-

1863 4115 2032 4170 meris
2060 4127 2230 4169 onera
2282 4111 2545 4179 ferentes,
2594 4121 2690 4168 aut
2722 4113 2906 4183 aliquo
2942 4113 3052 4167 alio
3099 4112 3287 4166 labore
3329 4124 3430 4165 nos

1861 4214 2180 4264 exercentes
2219 4221 2530 4263 sermonem
2577 4207 3032 4274 transmittimus,
3090 4205 3186 4260 sed
3221 4219 3342 4276 qua:
3375 4205 3431 4258 in

1862 4300 2023 4355 nobis
2055 4298 2318 4354 consistit
2343 4299 2641 4368 conceptio
2677 4299 2878 4355 mentis
2913 4313 3012 4368 per
3035 4313 3240 4354 vocem
3275 4311 3431 4351 reve-

1864 4390 1996 4455 lata,
2031 4404 2138 4444 vox
2175 4389 2417 4453 exsistit,
2447 4390 2543 4445 sed
2579 4391 2840 4461 quoniam
2877 4390 2968 4446 hic
2994 4403 3177 4446 sermo
3216 4389 3430 4443 nullum

179 4465 596 4537 Πρεσϐύτερος,
642 4465 783 4520 κατὰ
835 4467 936 4538 τὴν
993 4466 1322 4536 συνήθειαν,
1368 4468 1398 4520 6
1447 4465 1614 4528 ἐκϐὰς
1659 4465 1759 4536 τὴν

1863 4480 2031 4535 habet
2060 4479 2324 4544 laborem,
2372 4481 2726 4552 cogitandum
2773 4487 2857 4536 est
2889 4483 3114 4551 quinam
3167 4480 3277 4534 sint
3312 4494 3430 4535 ser-

177 4557 419 4612 ἄτακτον
445 4557 660 4629 ⁴ἠλικίαν
687 4559 782 4612 καὶ
815 4560 874 4612 ὲν
901 4560 1078 4630 γηρεᾷ
1115 4558 1443 4612 καταστάσει
1471 4558 1760 4627 γενόμενος

177 4648 424 4716 λέγεται,
463 4648 540 4712 ὡς
568 4647 624 4701 εἴ
649 4649 715 4717 γέ
745 4667 828 4714 τις
861 4649 1118 4722 ἀστατοίη
1160 4649 1240 4721 τῷ
1278 4649 1544 4721 λογισμῷ,
1577 4651 1670 4703 καὶ
1700 4649 1760 4702 ὲν

176 4738 383 4811 ἀταξίᾳ
412 4740 503 4794 τὸν
544 4740 656 4811 βίον
685 4741 819 4813 ἔχοι,
849 4741 1003 4796 οὔπω
1032 4742 1400 4814 πρεσϐύτερος
1434 4744 1465 4794 6
1495 4741 1756 4804 τοιοῦτος,

179 4834 286 4906 κᾷν
313 4837 374 4888 ὲν
403 4834 566 4907 πολιᾷ
592 4834 746 4906 τύχοι
773 4835 1117 4907 φαινόμενος,
1149 4834 1262 4890 ἀλλ’
1292 4835 1373 4889 ἔτι
1412 4836 1571 4906 ἀνήρ.
1617 4833 1760 4886 06x-

177 4926 276 4980 οῦν
308 4928 357 4979 οἱ
384 4925 532 4994 λόγοι
561 4926 617 4980 οἵ
642 4943 708 4995 γε
739 4925 956 4999 ἀληθῶς
991 4927 1162 4996 λόγοι,
1195 4928 1246 4980 oi
1287 4925 1425 4998 πρὸς
1468 4925 1530 4979 τὸ
1571 4924 1760 4994 ψυχῶ-

179 5018 343 5088 φελές
359 5035 422 5071 τε
444 5017 537 5072 καὶ
558 5019 826 5090 χρήσιμον
850 5019 957 5073 τῶν
978 5019 1278 5091 ἀνθρώπων
1299 5018 1590 5088 γινόμενοι,
1614 5009 1759 5070 οὗτοι

180 5111 414 5182 πλήρεις
451 5109 689 5182 ἱδρώτων
715 5110 822 5164 εἰσὶ
845 5111 939 5165 καὶ
967 5112 1164 5178 πόνων,
1197 5113 1292 5164 καί⁵
1324 5111 1490 5165 πολὺν
1523 5109 1759 5178 ἐπάγον-

177 5220 272 5258 ται
299 5203 490 5270 κόπον,
525 5204 612 5258 ῖνα
640 5202 902 5272 γένωνται
932 5203 1101 5272 λόγοι.
1159 5220 1179 5253 ι
1217 5202 1320 5256 Τὸν
1347 5204 1454 5273 γὰρ
1484 5201 1759 5257 κοπιῶντα

178 5295 432 5365 γεωργὸν
495 5295 577 5349 δεῖ
638 5295 856 5366 πρῶτον
909 5295 1003 5349 τὸν
1063 5293 1275 5365 καρπὸν
1296 5290 1750 5362 ἀπολαμϐάνειν,›

181 5387 353 5458 φησιν
382 5389 413 5441 6
437 5386 546 5440 τῶν
573 5386 829 5441 τοιούτων
874 5386 1045 5457 λόγων
1091 5385 1366 5458 τεχνίτης,
1413 5385 1489 5448 ὡς
1531 5384 1648 5438 δέον
1685 5385 1760 5456 μὴ

184 5480 339 5554 ῥῆμα
365 5477 610 5535 νοεῖσθαι
638 5479 731 5535 τὸν
761 5479 919 5551 λόγον
937 5520 953 5548 ,
1001 5477 1138 5536 ἀλλὰ
1177 5478 1277 5551 τὴν
1323 5478 1382 5533 ἐν
1412 5465 1538 5540 τοῖς
1579 5473 1760 5547 ἔργοις

258 5768 304 5800 ⁸⁸
333 5767 359 5822 ι
395 5765 638 5824 Timoth.
663 5780 720 5835 ν,
756 5764 845 5825 Π.

1860 4583 2050 4623 mones
2074 4569 2407 4636 laborantes,
2426 4584 2535 4639 quo
2550 4585 2576 4624 s
2599 4569 2686 4624 vir
2702 4569 2850 4639 loqui
2872 4583 2981 4622 non
3004 4566 3224 4637 poterit.
3247 4583 3276 4618 t~
3295 4564 3428 4618 Pre-

1861 4657 2127 4729 sbyteri,»
2175 4656 2373 4727 inquit,
2430 4657 2679 4727 «duplici
2717 4657 2924 4712 honore
2969 4655 3125 4726 digni
3186 4654 3430 4709 habean-

1859 4755 1972 4811 tur,
2001 4745 2238 4801 maxime
2263 4747 2360 4817 qui
2385 4745 2638 4800 laborant
2672 4744 2728 4799 in
2769 4759 3024 4802 sermone
3040 4745 3106 4796 ⁸⁸.
3137 4761 3154 4794 ι
3187 4742 3424 4813 Presby-

1860 4845 1963 4902 ter,
1996 4836 2151 4892 idest
2181 4839 2386 4900 senior,
2419 4837 2527 4893 dici
2557 4839 2716 4904 solet,
2761 4837 2854 4908 qui
2893 4833 3218 4891 insolentem
3252 4842 3305 4889 et
3347 4835 3430 4887 in.

1861 4928 2170 4985 ordinatam
2201 4930 2444 4984 excessit
2473 4939 2713 4992 aetatem,
2747 4939 2803 4984 et
2835 4929 2926 4996 qui
2962 4929 3029 4983 ad
3046 4928 3274 4984 senilem
3308 4935 3425 4983 sta-

1859 5030 1976 5077 tum
2008 5025 2274 5093 pervenit.
2305 5021 2424 5090 Quo
2452 5024 2518 5077 fit.
2548 5032 2608 5076 ut
2654 5025 2698 5078 si
2734 5023 2859 5093 quis
2894 5021 2967 5076 sit
3019 5028 3200 5075 mente
3253 5019 3428 5075 insta-

1858 5113 2008 5178 bilis,
2054 5121 2108 5167 et
2135 5113 2304 5166 vitam
2355 5121 2479 5182 agat
2525 5112 2915 5175 inordinatam,
2966 5109 3013 5165 is
3053 5109 3295 5163 nondum
3342 5117 3430 5163 est

1858 5205 2166 5276 presbyter,
2195 5206 2411 5260 etiamsi
2444 5206 2697 5260 videatur
2733 5204 2937 5258 habere
2965 5216 3157 5264 canos,
3193 5199 3291 5257 sed
3329 5201 3427 5256 ad-

1858 5297 1970 5352 huc
1994 5295 2081 5350 vir
2110 5303 2218 5350 est.
2253 5295 2546 5352 Sermones
2580 5309 2710 5366 ergo
2752 5293 2834 5348 illi
2860 5292 2952 5363 qui
2983 5306 3110 5346 vere
3143 5297 3273 5346 sunt
3315 5305 3429 5345 ser-

1861 5401 2075 5452 mones,
2102 5386 2195 5457 qui
2247 5386 2471 5442 liuntad
2511 5387 2815 5441 animarum
2839 5385 3222 5451 utilitatem,et
3249 5381 3427 5436 homi-

1864 5479 2039 5536 nibus
2062 5487 2192 5536 sunt
2223 5477 2617 5544 conducibiles,
2656 5477 2692 5533 ii
2723 5476 2868 5548 pleni
2901 5481 3030 5533 sunt
3053 5473 3348 5532 sudoribus
3370 5481 3432 5530 οε
