3870 6220
250 229 358 286 εδδ

1351 234 1419 291 ΙΝ
1457 233 1986 292 ECCLESIASTEN.
2029 233 2314 292 HOMILIA
2354 235 2395 291 l.

3389 238 3500 294 65l-

254 345 622 415 πεποιημένον
642 363 657 410 ;
687 367 706 398 ι
727 348 892 412 Αὐτὸ,
913 369 931 400 ι
949 359 1107 420 φησὶ,
1126 369 1144 402 ι
1169 351 1228 404 τὸ
1255 352 1698 422 ποιηθησόμενον.
1722 373 1740 404 ι
1769 354 1822 405 Τι

1936 361 2054 419 est;
2085 353 2292 423 etquid
2329 363 2414 406 est
2462 349 2607 421 quod
2645 349 2853 405 factum
2898 349 3024 404 est?
3062 346 3369 418 ldipsum,»
3418 362 3508 402 in-

251 433 348 488 οὖν
375 435 623 506 βούλεται
645 440 705 492 τὺ
725 439 901 512 ἐρώτη
911 458 1014 511 μα;
1048 443 1136 508 Ἐξ
1165 443 1486 507 ἀκολουθίας
1515 444 1673 514 ήμῶν
1693 444 1831 514 πρὸς

254 527 420 580 αὑτὸν
463 529 555 599 ἀφ’
598 523 676 583 ὧν
709 533 1108 604 μεμαθήκαμεν
1132 574 1148 599 ,
1199 535 1574 589 ἀντιτιθέντων
1616 538 1711 590 καὶ
1745 537 1832 590 λει-

253 619 464 686 γόντων
487 637 502 650 ·
531 620 596 676 Εἰ
636 623 811 678 ταῦτα
853 627 1029 680 πάντα
1063 628 1380 698 ματαιότης,
1424 629 1664 698 δηλονότι
1706 629 1830 683 οὔτε

251 709 482 778 γέγονεν
525 711 584 765 ἐν
630 731 682 767 τι
721 713 924 768 τούτων
952 714 989 769 ἃ
1015 717 1112 786 οὐχ
1143 717 1436 788 ὑφέστηκε.
1478 718 1552 772 Τὸ
1579 718 1687 790 γὰρ
1723 720 1828 790 μά-

251 817 408 855 ταιον
439 804 656 869 πάντως
695 806 1060 877 ἀνύπαρκτον.
1116 810 1189 862 Τὸ
1231 809 1288 864 δὲ
1331 810 1696 882 ἀνύπαρκτον,
1731 812 1830 866 οὐκ

251 893 323 947 ἂν
362 910 448 958 τις
479 896 538 948 ἐν
581 898 695 960 τοῖς
719 900 964 966 γεγονόσι
995 901 1284 969 λογίσαιτο.
1325 904 1388 957 El
1425 903 1488 974 δὴ
1530 903 1701 957 ταῦτα
1731 907 1830 958 οὐκ

252 985 426 1048 ἐστιν,
476 989 596 1042 εἰπὲ
627 989 679 1042 τί
719 992 834 1044 ἐστι
872 992 934 1046 τὸ
965 994 1273 1063 γενόμενον,
1303 995 1336 1065 ἢ
1370 999 1428 1048 ἐν
1461 996 1538 1066 τῷ
1565 992 1701 1050 εἶναι
1732 997 1830 1066 μέ-

253 1093 356 1130 νει.
399 1078 668 1150 Σύντομος
697 1077 793 1134 οὖν
823 1082 972 1152 αὐτῷ
1017 1083 1150 1154 πρὸς
1197 1085 1257 1137 τὸ
1301 1087 1574 1156 ἐρωτηθὲν
1616 1089 1649 1156 ἡ
1694 1087 1830 1140 ἀπό·

251 1183 440 1237 κρισις
462 1186 476 1200 ο
499 1165 690 1224 Βούλει
715 1171 914 1240 γνῶναι
941 1173 993 1225 τί
1022 1175 1134 1225 ἐστι
1162 1173 1222 1226 τὸ
1247 1175 1566 1246 γενόμενονς
1616 1178 1828 1246 Νόησον

249 1261 308 1313 τί
335 1263 452 1315 ἐστι
478 1261 539 1315 τὸ
561 1263 836 1334 ἐσόμενον,
868 1265 962 1318 καὶ
1003 1265 1282 1336 ἐπιγνώσῃ
1324 1266 1352 1319 ὃ
1397 1266 1610 1336 γέγονε.
1660 1267 1828 1320 Τοῦτο

249 1352 314 1405 δέ
343 1356 458 1407 ἐστι
485 1354 567 1421 τὸ,
588 1356 799 1426 Νόησόν
829 1375 938 1428 μοι,
965 1351 1011 1412 ὦ
1033 1358 1306 1431 ἄνθρωπε,
1329 1356 1442 1422 οἷος
1485 1361 1691 1432 γενήσῃ
1738 1360 1826 1414 διὰ

249 1446 357 1516 τῆς
385 1447 584 1517 ἀρετῆς
614 1449 804 1503 ἑαυτὸν
849 1449 1090 1520 ὑψώσας,
1123 1453 1172 1505 εί
1215 1453 1354 1505 κατὰ
1388 1452 1565 1505 πάντα
1599 1454 1686 1505 διὰ
1719 1454 1827 1506 τῶν

250 1536 478 1604 ἀγαθῶν
505 1543 868 1610 χαρακτήρων
895 1543 993 1612 τὴν
1021 1543 1198 1613 ψυχὴν
1233 1543 1596 1615 μορφωθείης,
1632 1546 1680 1596 εἰ
1723 1544 1828 1608 ἕξω

250 1629 436 1696 γένοιο
465 1631 571 1683 τῶν
599 1633 696 1700 τῆς
723 1634 921 1698 κακίας
952 1635 1200 1706 κηλίδων,
1231 1638 1280 1690 εἰ
1309 1637 1486 1690 πάντα
1518 1635 1688 1708 ῥύπον
1721 1636 1826 1690 τῶν

1932 448 2072 515 quit,
2109 466 2128 496 ι
2155 447 2302 516 quod
2344 445 2658 498 faciendum
2689 451 2793 498 est.
2817 461 2837 494 ι
2882 441 3026 509 Quid
3064 455 3196 510 ergo
3229 441 3337 495 sibi
3390 439 3506 494 vult

1933 538 2048 592 haec
2078 536 2474 607 interrogatio?
2502 535 2639 590 Cum
2663 549 2765 590 nos
2798 549 2865 589 ex
2905 533 3303 602 consequentia
3342 546 3409 586 ex
3435 531 3505 585 iis

1929 647 2052 700 qua:
2097 631 2396 685 didicimus
2438 629 2488 683 ei
2541 627 2912 698 objiceremus
2955 634 3012 682 et
3060 619 3499 679 diceremus:Si

1928 723 2044 777 haec
2065 723 2248 776 omnia
2276 729 2406 775 sunt
2426 721 2662 782 vanitas,
2681 720 3028 790 perspicuum
3051 725 3135 772 est
3163 715 3308 786 quod
3325 730 3503 784 neque

1928 814 2032 868 fuit
2062 813 2360 883 quidquam
2406 828 2473 867 ex
2519 813 2587 867 iis
2618 826 2740 880 qua:
2792 825 2900 864 non
2942 811 3332 864 constiterunt.
3365 806 3501 862 Nam

1928 907 2074 972 quod
2109 921 2308 958 vanum
2355 912 2462 968 est,
2509 904 2734 958 omnino
2789 918 2899 956 non
2948 909 3130 971 potest
3170 900 3500 954 consistere.

1929 993 2084 1058 Quod
2116 1003 2300 1045 autem
2349 1008 2454 1046 non
2521 1001 2698 1062 potest
2737 990 3064 1054 consistere,
3125 1005 3286 1044 nemo
3334 989 3388 1042 in
3433 990 3502 1042 iis

1927 1101 2051 1154 qua:
2076 1085 2295 1138 luerunt
2328 1085 2687 1152 reputaverit.
2719 1085 2815 1137 Sin
2851 1091 3034 1138 autem
3063 1084 3178 1137 haec
3207 1097 3318 1137 non
3349 1091 3499 1142 sunt,

1928 1178 2016 1230 dic
2045 1176 2178 1247 quid
2215 1178 2287 1232 sit
2315 1179 2458 1246 quod
2485 1177 2606 1238 fuit,
2639 1185 2735 1230 aut
2782 1174 3241 1246 quemadmodum
3283 1183 3502 1230 maneat

1928 1269 1982 1323 in
2013 1270 2278 1324 essentia.
2306 1270 2386 1322 Ad
2419 1279 2668 1338 rogatum
2695 1283 2824 1337 ergo
2857 1268 3042 1322 brevis
3066 1273 3152 1320 est
3186 1265 3235 1320 ei
3268 1281 3500 1334 respon-

1928 1361 2013 1414 sio
2051 1357 2184 1415 :Vis
2205 1361 2347 1414 scire
2370 1359 2501 1429 quid
2541 1361 2613 1414 sit
2662 1360 2808 1428 quod
2843 1358 2965 1420 fuit,
3015 1358 3196 1428 cogita
3240 1357 3372 1426 quid
3423 1359 3500 1411 sit

1926 1451 2070 1520 quod
2101 1459 2187 1505 est
2209 1450 2480 1514 futurum,
2512 1459 2566 1505 et
2597 1464 2900 1520 cognosces
2935 1448 2988 1501 id
3019 1447 3168 1518 quod
3211 1446 3334 1501 fuit.
3389 1444 3502 1500 Hoc

1927 1551 2107 1598 autem
2137 1549 2222 1598 est
2261 1561 2274 1596 :
2307 1541 2518 1612 Cogita,
2548 1557 2580 1594 ο
2611 1545 2794 1604 homo,
2825 1541 3006 1610 qualis
3037 1540 3260 1595 futurus
3283 1539 3496 1609 sis.qui

1928 1643 1980 1687 te
2010 1647 2107 1705 per
2137 1635 2394 1688 virtutem
2421 1635 2476 1687 in
2512 1634 2681 1686 altum
2719 1633 2988 1696 extulisti,
3052 1632 3099 1686 si
3145 1633 3199 1685 in
3241 1631 3501 1685 omnibus

251 1722 458 1775 ὑλικῶν
481 1723 840 1795 μολυσμάτων
858 1727 958 1797 τῆς
978 1729 1170 1783 ἑαυτοῦ
1198 1730 1411 1797 φύσεως
1440 1731 1822 1794 άποκλύσειας,

1929 1725 2167 1778 animam
2223 1725 2550 1779 formaveris
2614 1723 2774 1778 bonis
2829 1721 3266 1785 characteribus,
3327 1721 3374 1774 si
3433 1720 3503 1774 ab

248 1813 305 1866 τί
353 1817 556 1886 γενήσῃ
601 1816 692 1870 διὰ
722 1814 830 1870 τῶν
858 1817 1112 1872 τοιούτων
1148 1821 1616 1888 καλλωπιζόμενος
1641 1860 1655 1882 ,
1708 1822 1826 1873 οἵαν

250 1906 468 1977 σεαυτῷ
521 1909 836 1980 περιθήσεις
902 1913 1142 1982 μορφήν.
1203 1912 1329 1965 Ἐὰν
1377 1914 1533 1965 τοῦτο
1584 1913 1826 1984 λογισμῷ

248 1999 612 2071 κατανοήσῃς,
635 1999 914 2070 ἐδιδάχθης
939 2001 1000 2054 τὸ
1025 2003 1083 2054 ἐν
1111 2005 1223 2065 τοῖς
1251 2003 1489 2072 πρώτοις
1513 2005 1822 2074 γενόμενον,

246 2089 312 2142 τὸ
340 2090 458 2143 κατ’
491 2091 674 2144 εἰκόνα
714 2092 847 2145 Θεοῦ
883 2095 972 2146 καὶ
1001 2091 1278 2163 ὁμοίωσιν,
1330 2096 1438 2148 Καὶ
1484 2095 1586 2148 ποῦ
1635 2097 1729 2149 νῦν
1767 2101 1823 2150 ἐ-

245 2181 400 2234 κεῖνό
431 2183 599 2246 ἐστιν,
625 2181 733 2253 ἐρῶ
777 2182 912 2252 πρὸς
931 2183 1106 2237 ταῦτα
1133 2185 1469 2247 διδάσκοντα,
1505 2187 1534 2239 ὃ
1577 2201 1706 2239 ποτε
1735 2188 1826 2256 γέ-

244 2285 375 2336 γονε
403 2307 420 2331 ,
465 2271 563 2323 καὶ
607 2273 687 2334 είς
734 2271 956 2340 ὕστερον
1003 2270 1156 2338 αὖθις
1190 2275 1487 2340 ἐλπίζεται,
1521 2277 1613 2331 νῦν
1640 2279 1696 2330 δέ
1727 2279 1826 2333 οὐκ

243 2359 432 2426 ἔστινς
495 2361 634 2413 ⁹Δλλ’
677 2361 1028 2433 ἀποκρίνεται
1060 2366 1278 2428 πάντως
1324 2365 1414 2418 τὸν
1462 2367 1624 2419 αὐτὸν
1668 2366 1824 2433 λόγον

244 2451 385 2522 ἡμῖν
411 2452 440 2504 ό
465 2451 533 2504 τὰ
561 2452 737 2522 ὑψηλὰ
768 2453 1054 2520 παιδεύων,
1081 2455 1161 2506 ὅτι
1190 2455 1276 2508 διὰ
1303 2456 1461 2510 τοῦτο
1489 2457 1556 2510 τά
1582 2458 1825 2528 παρόντα

250 2543 550 2614 ματαιότης
575 2544 908 2614 ὠνόμασται,
943 2545 1076 2599 διότι
1103 2549 1286 2600 ἐκεῖνα
1329 2551 1386 2600 ἐν
1417 2551 1530 2611 τοῖς
1559 2550 1824 2620 παροῦσιν

244 2635 352 2687 οὐκ
397 2635 532 2688 ἐστι.
583 2636 693 2689 Καὶ
735 2635 808 2701 τί,
842 2639 1009 2707 φησὶ,
1049 2639 1110 2691 τὸ
1143 2639 1540 2708 πεποιημένονς
1583 2641 1725 2694 Αὐτὸ
1764 2642 1825 2694 τὸ

246 2726 696 2797 ποιηθησόμενον.
751 2729 958 2799 Μηδεὶς
998 2731 1108 2783 τῶν
1147 2732 1454 2786 ἀκουόντων
1503 2734 1824 2803 πολυλογίαν

246 2811 489 2881 ἡγείσθω
525 2813 618 2866 καὶ
640 2816 883 2889 ,ματαίαν
913 2817 1038 2870 τινὰ
1085 2821 1344 2890 ῥημάτων
1374 2822 1731 2892 ἐπανάληψιν,
1765 2825 1824 2876 ἐν

244 2905 317 2972 τῇ
363 2903 594 2976 διαφορᾷ
645 2906 740 2959 τοῦ
791 2909 1075 2976 γεγονότος
1125 2911 1220 2964 καὶ
1279 2911 1374 2964 τοῦ
1432 2915 1820 2983 πεποιημένου.

245 2997 500 3050 Δείκνυσι
528 2999 636 3070 γὰρ
664 3001 730 3053 δι’
761 3001 1021 3075 ἐκατέρου
1055 3003 1162 3058 τῶν
1188 3006 1450 3076 ῥημάτων
1476 3009 1504 3060 ὁ
1529 3006 1681 3075 λόγος
1723 3011 1823 3079 τὴν

245 3087 348 3156 τῆς
396 3087 573 3159 ψυχῆς
623 3089 761 3159 πρὸς
814 3092 912 3162 τὴν
956 3093 1136 3162 σάρκα
1180 3095 1464 3166 διαφοράν.
1517 3097 1741 3164 Γέγονεν
1789 3101 1822 3168 ή

243 3177 418 3248 ψυχὴ,
441 3179 536 3233 καὶ
559 3181 622 3234 τὸ
647 3181 805 3251 σῶμα
825 3184 1135 3254 πεποίηται.
1167 3187 1284 3238 Οὐκ
1310 3187 1494 3258 ἐπειδὴ
1515 3187 1642 3241 ἄλλο
1660 3207 1711 3242 τι
1732 3192 1824 3242 καὶ

243 3267 377 3321 ἄλλο
408 3269 659 3338 σημαίνει
702 3273 808 3325 τῶν
843 3275 1104 3344 ῥημάτων
1135 3276 1168 3344 ἡ
1211 3274 1446 3345 ἔμφασις
1494 3281 1560 3350 τῇ
1593 3279 1822 3351 διαφορᾷ

241 3360 420 3430 ταύτῃ
447 3362 709 3433 κέχρηται
741 3363 849 3416 τῶν
884 3367 1144 3436 ῥημάτων
1180 3369 1266 3437 ἐφ’
1301 3369 1559 3442 ἐκατέρου
1587 3372 1696 3424 τῶν
1722 3389 1818 3442 ση·

247 3454 590 3523 μαινομένων
629 3458 660 3508 ὁ
693 3455 848 3525 λόγος
872 3475 885 3486 ·
929 3458 1043 3510 ἀλλ’
1075 3459 1159 3512 ἵνα
1208 3478 1289 3514 σοι
1326 3461 1403 3532 δῷ
1433 3464 1501 3516 τὰ
1539 3465 1822 3536 πρόσφορα

245 3546 378 3615 περὶ
409 3545 670 3618 ἐκατέρου
699 3547 1028 3615 λογίζεσθαι,
1055 3553 1229 3605 ἐκεῖνο
1250 3555 1370 3607 κατ’
1399 3555 1574 3626 ἀρχὰς
1603 3557 1822 3624 γέγονεν

241 3639 278 3705 η
313 3635 481 3707 ψυχὴ,
505 3637 533 3690 ὃ
554 3640 634 3702 είς
663 3638 887 3712 ὕστερον
916 3643 1326 3714 ωθαρισθεῖσα,
1358 3648 1520 3702 πάλιν
1547 3649 1824 3720 ἀναφανή-

245 3743 425 3780 σεται.
489 3729 693 3783 Ἐκεῖνο
740 3734 1035 3803 πεποίηται
1077 3739 1196 3799 ταῖς
1242 3739 1399 3808 χερσὶ
1443 3739 1537 3792 τοῦ
1581 3740 1716 3794 Θεοῦ
1761 3742 1821 3795 τὸ

245 3816 410 3886 σῶμα
440 3817 827 3890 πλαττόμενον,
867 3824 896 3875 ὃ
926 3824 1089 3891 δείξει
1124 3830 1235 3890 τοῖς
1269 3827 1570 3898 καθήκουσι
1609 3831 1819 3900 χρόνοις

241 3910 380 3966 αὐτὸ
397 3912 432 3980 ἠ
465 3911 778 3976 ἀνάστασις.
821 3916 1032 3969 Ὁποῖον
1057 3921 1164 3988 γὰρ
1189 3919 1277 3972 ἀεὶ
1303 3923 1441 3989 μετὰ
1462 3921 1560 3993 τήν
1587 3924 1821 3976 ἀνάσταο

243 4016 334 4054 σιν
363 4001 516 4065 ἴδοις,
536 4001 776 4056 τοιοῦτον
800 4006 1018 4070 πάντως
1047 4010 1194 4080 παρὰ
1217 4009 1313 4081 τὴν
1338 4010 1560 4082 πρώτην
1589 4014 1820 4085 πεποίη-

240 4109 356 4147 ται.
418 4095 552 4148 οὐδὲ
602 4096 711 4166 γὰρ
756 4092 888 4149 ἄλλο
934 4099 986 4151 τί
1031 4103 1178 4154 ἐστιν
1220 4104 1254 4171 ή
1303 4104 1618 4168 ἀνάστασις,
1665 4105 1820 4177 εἰμὴ

242 4185 466 4250 πάντως
495 4189 528 4256 ἡ
559 4187 639 4250 είς
665 4187 726 4240 τὸ
752 4190 973 4260 ἀρχαῖον
1001 4192 1463 4258 ἀποκατάστασις.

313 4461 408 4514 Διὸ
433 4461 644 4526 τούτοις
673 4463 870 4532 ἐπάγει
913 4466 1007 4517 καὶ
1048 4466 1110 4519 τὸ
1153 4467 1446 4544 ἀκόλουθον
1476 4470 1686 4539 λέγων,
1738 4471 1818 4526 ὅτι

238 4551 348 4616 ἔξω
371 4551 468 4604 τοῦ
495 4553 720 4623 ἀρχαίου
752 4555 899 4607 ἐστὶν
927 4553 1098 4608 οὐδέν.
1152 4575 1170 4608 ι
1197 4558 1310 4612 Οὐκ
1341 4558 1457 4611 ἔστι
1483 4559 1636 4630 map,
1663 4565 1816 4631 φησι,

248 4644 396 4696 (πᾶν
411 4641 723 4712 πρόσφατον
738 4641 944 4698 suum
981 4645 1160 4716 ἥλιον·
1208 4666 1227 4698 ι
1279 4648 1354 4712 ὡς
1395 4648 1462 4703 ἂν
1501 4651 1551 4702 εί
1594 4650 1774 4718 ἔλεγεν
1797 4699 1809 4718 ,

237 4733 325 4784 ὃτι
349 4732 401 4783 εί
433 4733 510 4801 μὴ
547 4732 687 4784 κατὰ
725 4732 787 4785 τὸ
814 4733 1038 4803 ἀρχαῖόν
1067 4737 1248 4801 ἐστιν,
1291 4737 1445 4791 οὐδέν
1481 4740 1629 4792 ἐστιν
1661 4740 1816 4804 ὅλως,

237 4822 384 4876 ἀλλὰ
426 4821 726 4892 νομίζεται.
779 4825 854 4876 Οὐ
884 4824 993 4895 γάρ
1019 4826 1167 4891 ἐστι,
1212 4827 1377 4897 φησι,
1421 4829 1730 4898 πρόσφατόν
1766 4847 1818 4882 τι

240 4913 352 4969 ὑπὸ
375 4915 469 4970 τὸν
496 4916 665 4986 ἥλιον,
695 4915 836 4972 ὥστε
876 4917 1106 4989 λαλῆσαί
1142 4936 1264 4973 τινα
1304 4921 1397 4974 καὶ
1437 4921 1606 4988 δεῖξαί
1632 4939 1687 4974 τι
1709 4922 1818 4974 τῶν

239 5007 673 5078 ἐπιγινομένων,
723 5009 806 5062 ὃτι
849 5009 1032 5063 καινόν
1081 5011 1197 5065 ἐστι
1242 5011 1398 5065 τοῦτο
1446 5014 1540 5066 καὶ
1583 5011 1661 5083 τῷ
1705 5013 1817 5067 ὄντι

238 5097 572 5168 ὑφέστηκεν.
624 5098 774 5170 Δῦτη
806 5099 916 5154 τῶν
960 5101 1266 5172 είρημένων
1310 5103 1457 5156 ἐστὶν
1503 5104 1536 5174 ἡ
1585 5103 1813 5159 διάνοια.

250 5192 319 5244 Ἦ
344 5191 404 5244 δὲ
429 5191 571 5256 λέξις
595 5192 782 5246 τοῦτον
809 5193 920 5264 ἔχει
941 5194 1033 5248 τὸν
1059 5196 1255 5266 τρόπον
1277 5195 1412 5249 ’Καὶ
1437 5197 1538 5249 οὐκ
1561 5195 1678 5249 ἐστι
1709 5198 1817 5252 πᾶν

241 5286 560 5354 πρόσφατον
597 5280 702 5338 ὑπὸ
731 5285 820 5339 τὸν
847 5287 997 5356 ἥλιον
1040 5285 1100 5350 ὃς
1133 5287 1354 5358 λαλήσει
1405 5288 1499 5340 καὶ
1541 5287 1676 5358 ἐρεῖ,
1712 5287 1816 5340 Ἴδε

243 5377 409 5430 τοῦτο
436 5379 622 5432 καινόν
649 5380 787 5434 ἐστι.
812 5380 922 5433 Καὶ
948 5378 1346 5447 ἐπαγωνίζεται
1372 5382 1486 5442 τοῖς
1511 5380 1818 5449 εἰρημένοις

241 5468 335 5524 διὰ
367 5469 479 5523 τῶν
509 5470 703 5540 ἐφεξῆς
730 5471 901 5538 λέγων
920 5487 934 5501 ⁶
981 5489 1000 5520 ι
1025 5467 1094 5522 Ei
1118 5487 1170 5522 τι
1198 5459 1436 5538 άληθῶς,
1473 5470 1625 5539 φησι,
1661 5468 1817 5536 γέγοο

237 5577 354 5624 νεν,
387 5562 562 5616 ἐκεῖνό
589 5565 758 5626 ἐστιν,
793 5564 824 5616 ὃ
857 5564 915 5616 ἐν
950 5564 1062 5624 τοῖς
1106 5561 1295 5614 αἰῶσιν
1327 5562 1544 5629 ἐγένετο
1572 5563 1678 5622 τοῖς
1713 5560 1816 5630 πρό

239 5651 420 5722 ἡμῶν.
458 5672 476 5704 ι
534 5653 748 5724 Ταύτην
787 5655 895 5726 γὰρ
931 5653 1261 5709 ἐνδείκνυται
1293 5653 1388 5726 τὴν
1417 5653 1653 5707 διάνοιαν
1681 5652 1816 5707 αὐτὰ

1925 1818 2181 1872 omnibus
2218 1817 2334 1870 vitii
2365 1815 2606 1871 maculis
2636 1815 2808 1870 fueris
2843 1822 3104 1880 remotus,
3166 1814 3212 1868 si
3248 1815 3502 1867 materia-

1928 1909 2058 1962 lium
2098 1909 2634 1977 iuquinamentorum
2677 1907 2868 1961 sordes
2899 1920 2930 1958 a
2969 1912 3064 1960 tua
3115 1912 3312 1958 natura
3346 1904 3500 1960 elue-

1925 2002 2003 2054 ris
2023 2041 2038 2066 ,
2069 2001 2224 2070 quid,
2248 1999 2492 2070 inquam,
2530 1998 2754 2054 futurus
2787 1999 2918 2061 eris,
2947 1997 2992 2052 si
3025 1997 3103 2051 sis
3127 1998 3208 2051 sic
3239 2005 3493 2055 ornatus.

1924 2103 1978 2146 et
2011 2093 2158 2162 quali
2215 2101 2270 2146 te
2320 2090 2498 2145 forma
2545 2105 2608 2146 es
2658 2089 2972 2144 induturus.
3014 2088 3071 2143 Si
3122 2088 3236 2141 hate
3282 2087 3496 2141 ratione

1925 2185 2431 2254 comprehenderis,
2465 2182 2708 2238 didicisti
2737 2183 2869 2253 quid
2917 2183 2990 2238 sit
3021 2183 3072 2236 id
3109 2180 3256 2250 quod
3299 2179 3404 2234 fuit
3433 2180 3489 2234 in

1925 2273 2140 2340 primis,
2181 2287 2373 2341 nempe
2395 2272 2541 2341 quod
2575 2271 2678 2325 fuit
2709 2271 2776 2324 ad
2807 2269 2899 2326 Dei
2936 2271 3224 2341 imaginem
3247 2277 3302 2323 et
3327 2269 3486 2324 simi-

1923 2366 2230 2421 litudinem.
2260 2365 2324 2419 Et
2354 2366 2446 2420 ubi
2482 2379 2629 2420 nunc
2654 2364 2788 2419 illud
2825 2371 2910 2419 est
2933 2365 3133 2433 (dicam
3172 2363 3222 2418 ei
3253 2363 3343 2432 qui
3387 2362 3500 2416 haec

1923 2459 2104 2526 docet)
2137 2459 2280 2528 quod
2308 2457 2413 2511 fuit
2459 2456 2776 2526 aliquando,
2817 2463 2871 2510 et
2903 2456 2956 2510 in
2982 2463 3262 2524 posterum
3304 2469 3498 2508 rursus

1923 2559 2203 2620 speratur,
2237 2563 2383 2604 nunc
2409 2557 2591 2603 autem
2626 2563 2736 2602 non
2760 2545 3060 2602 est?ldem
3108 2557 3290 2600 autem
3337 2546 3498 2599 nobis

1923 2640 2239 2710 respondet,
2269 2640 2363 2709 qui
2396 2657 2498 2696 nos
2526 2639 2684 2694 docet
2715 2639 3010 2694 sublimia:
3045 2637 3190 2708 quod
3210 2645 3498 2706 pr0pterea

1923 2733 2216 2802 praesentia
2257 2732 2542 2786 nominata
2588 2739 2719 2787 sunt
2757 2731 3001 2793 vanitas,
3044 2729 3190 2800 quod
3237 2730 3328 2783 illa
3389 2743 3498 2780 non

1925 2833 2053 2880 sunt
2084 2825 2225 2878 inter
2262 2826 2581 2894 praesentia.
2631 2823 2697 2877 Et
2725 2823 2856 2893 quid
2880 2831 2964 2879 est
2993 2821 3139 2892 quod
3169 2821 3369 2875 factum
3391 2816 3502 2874 est?

1927 2918 2104 2986 Ipsum
2141 2917 2285 2984 quod
2335 2915 2647 2970 iaciendum
2690 2923 2794 2971 εει.
2853 2913 3024 2969 Nemo
3061 2929 3125 2968 ex
3170 2912 3239 2967 iis
3269 2912 3360 2981 qui
3400 2927 3499 2966 au-

1925 3006 2103 3070 diunt,
2130 3007 2548 3061 existimetesse
2577 3019 3036 3076 supervacaneam
3053 3010 3108 3057 et
3134 3003 3350 3056 inanem
3377 3016 3500 3055 ver-

1927 3099 2120 3152 borum
2156 3099 2534 3167 repetitionem
2587 3098 2643 3152 in
2678 3095 2988 3151 differentia
3037 3096 3157 3163 ejus
3207 3092 3354 3164 quod
3399 3093 3500 3146 fuit

1927 3197 1980 3243 et
2008 3189 2153 3258 quod
2201 3190 2405 3243 factum
2451 3196 2558 3244 est.
2589 3187 2695 3242 Per
2739 3197 3034 3257 utrumque
3070 3187 3216 3240 enim
3271 3185 3498 3240 verbum

1925 3279 2167 3333 ostendit
2195 3278 2374 3332 oratio
2401 3277 2598 3332 animae
2647 3289 2676 3329 a
2731 3291 2900 3330 carne
2943 3273 3330 3329 did‘erentiam.
3372 3269 3502 3324 Fuit

1927 3386 2022 3425 seu
2054 3383 2173 3424 orta
2199 3379 2284 3425 est
2308 3371 2515 3434 anima,
2545 3375 2598 3422 et
2629 3383 2830 3437 corpus
2855 3367 3058 3420 factum
3085 3375 3189 3420 est.
3212 3362 3330 3418 Non
3360 3377 3500 3429 quo-

1926 3461 2074 3513 niam
2101 3459 2248 3513 aliud
2287 3467 2340 3513 et
2374 3458 2522 3513 aliud
2558 3457 2834 3528 significat
2880 3455 3172 3510 verborum
3215 3454 3501 3522 emphasis

1923 3551 2026 3605 hac
2051 3553 2337 3606 verborum
2369 3552 2536 3604 utitur
2569 3548 2870 3603 dill‘erentia
2924 3548 2978 3600 in
3019 3551 3251 3616 utroque
3280 3545 3495 3615 signiﬁ-

1925 3654 2071 3708 cato,
2103 3643 2198 3697 sed
2226 3651 2279 3696 et
2312 3643 2409 3696 tibi
2447 3641 2710 3696 concedat
2739 3655 2802 3694 ea
2841 3655 2963 3708 quae
3008 3651 3248 3708 congrua
3277 3644 3406 3691 sunt
3433 3636 3502 3690 de

1905 3743 2158 3802 .utroque
2191 3733 2499 3798 aestimare;
2560 3733 2614 3784 in
2666 3729 2938 3800 principio
2969 3727 3100 3782 illud
3147 3727 3250 3779 fuit
3293 3725 3498 3788 anima,

1924 3824 2066 3894 quod
2100 3824 2368 3893 posterius
2400 3830 2626 3893 purgata
2657 3836 2850 3875 rursus
2899 3818 3200 3888 apparebit.
3245 3815 3380 3871 illud
3419 3814 3502 3870 fa-

1926 3922 2073 3968 ctum
2103 3919 2188 3966 est
2217 3912 2307 3966 Dei
2337 3913 2608 3973 manibus,
2646 3910 2790 3980 quod
2822 3917 2877 3963 et
2925 3908 3110 3962 licium
3150 3913 3237 3962 est
3274 3920 3497 3974 corpus,

1925 4006 2072 4077 quod
2107 4006 2282 4075 ipsum
2343 4005 2794 4060 convenientibus
2850 4001 3189 4071 temporibus
3246 3997 3500 4055 ostendet

1926 4099 2280 4154 resurrectio.
2321 4095 2491 4163 Quale
2533 4097 2679 4152 enim
2716 4109 2933 4164 semper
2982 4093 3190 4148 videris
3235 4099 3360 4162 post
3409 4105 3496 4145 re-

1928 4191 2345 4250 surrectionem,
2383 4189 2492 4243 tale
2529 4191 2751 4242 omnino
2799 4187 2974 4256 primo
3004 4185 3205 4240 factum
3246 4193 3352 4240 est.
3387 4181 3496 4237 Ne-

1895 4299 2034 4352 ,que
2057 4283 2200 4337 enim
2230 4288 2314 4336 est
2346 4279 2549 4350 aliquid
2576 4280 2722 4334 aliud
2753 4277 3113 4339 resurrectio,
3146 4276 3254 4330 nisi
3281 4290 3402 4346 qua:
3431 4275 3490 4329 lit

1922 4374 2143 4430 omnino
2177 4373 2230 4427 in
2261 4373 2551 4443 pristinum
2578 4380 2778 4428 statum
2813 4371 3108 4428 restitutio.

1991 4465 2352 4532 Quamobrem
2385 4464 2473 4519 his
2515 4464 2704 4533 adjicit
2738 4462 2792 4517 id
2827 4462 2974 4532 quod
3002 4467 3087 4516 est
3116 4473 3493 4528 consequens,

1920 4557 2133 4619 dicens,
2163 4555 2296 4609 nihil
2324 4569 2448 4610 esse
2471 4561 2626 4609 extra
2656 4553 2708 4608 id
2735 4552 2880 4623 quod
2904 4559 2990 4606 est
3017 4551 3086 4603 ab
3116 4550 3292 4603 initio.
3331 4565 3350 4598 ι
3391 4545 3488 4600 Ni-

1921 4649 1997 4702 hil
2037 4656 2123 4704 est
2150 4661 2172 4696 ι
2191 4637 2359 4716 enim,
2410 4647 2608 4716 inquit,
2634 4665 2652 4696 ‹
2682 4659 2876 4700 recens
2903 4643 3006 4696 sub
3025 4641 3138 4696 sole
3169 4657 3182 4694 :
3222 4659 3241 4691 ι
3270 4637 3494 4708 perinde

1920 4757 1986 4796 ac
2012 4741 2060 4798 si
2089 4741 2322 4796 diceret:
2357 4738 2472 4795 Nisi
2495 4739 2567 4794 sit
2594 4748 2652 4793 ut
2687 4738 2790 4792 fuit
2819 4735 3123 4805 antiquitus
3149 4743 3203 4786 et
3221 4732 3290 4786 ab
3315 4730 3494 4790 initio,

1919 4830 2053 4883 nihil
2083 4837 2170 4884 est
2204 4829 2448 4893 omnino,
2491 4827 2586 4882 sed
2615 4826 2980 4880 existimatur.
3010 4820 3154 4876 Nihil
3204 4827 3291 4875 est
3320 4817 3491 4879 enim,

1920 4920 2120 4989 inquit,
2153 4933 2350 4974 recens
2379 4918 2483 4972 sub
2517 4918 2653 4980 sole,
2692 4927 2750 4970 ut
2778 4915 2979 4984 aliquis
3014 4911 3188 4982 possit
3236 4909 3407 4978 loqui,
3440 4917 3496 4962 et

1919 5015 2206 5066 ostendere
2237 5009 2445 5079 aliquid
2475 5009 2630 5064 exiis
2662 5022 2782 5078 qua:
2812 5012 2937 5076 post
2970 5004 3127 5066 ﬁunt,
3157 5002 3260 5055 hoc
3288 5015 3492 5054 novum

1917 5120 2042 5161 esse
2089 5114 2143 5160 et
2195 5117 2384 5159 revera
2445 5101 2770 5156 consistere.
2818 5097 2920 5152 llic
2947 5101 3032 5150 est
3066 5107 3261 5149 sensus
3298 5105 3492 5145 eorum

1917 5209 2039 5266 quae
2069 5195 2215 5251 dicta
2255 5207 2408 5250 sunt.
2444 5191 2559 5246 Hoc
2604 5191 2766 5266 modo
2794 5197 2976 5244 autem
3024 5201 3086 5241 se
3112 5185 3278 5240 habet
3307 5184 3502 5241 dictio:

1917 5287 2061 5342 Nihil
2079 5297 2164 5343 est
2175 5287 2277 5342 sub
2292 5287 2407 5342 sole
2434 5299 2646 5345 recens,
2659 5297 2761 5337 nec
2775 5279 2962 5349 estqui
2980 5279 3236 5346 loquatur
3248 5283 3303 5332 et
3325 5277 3499 5346 possit

1917 5379 2120 5442 dicere,
2141 5377 2279 5432 Ecce
2298 5377 2401 5430 hoc
2421 5383 2506 5429 est
2527 5387 2736 5428 recens.
2753 5369 2822 5426 lis
2839 5377 3016 5423 autem
3037 5382 3158 5437 quae
3173 5367 3318 5421 dicta
3342 5373 3492 5427 sunt,

1919 5486 2014 5540 per
2042 5485 2106 5524 ea
2138 5483 2258 5539 qua:
2285 5466 2546 5536 deinceps
2575 5470 2902 5534 sequuntur,
2940 5460 3142 5514 addere
3181 5455 3490 5514 contendit.

1919 5563 2148 5617 dicens:
2186 5580 2204 5611 ι
2239 5558 2472 5629 Siquid,
2512 5575 2533 5610 ι
2577 5557 2773 5627 inquit,
2812 5574 2832 5608 ι
2880 5569 3006 5609 vere
3040 5552 3162 5617 fuit,
3223 5549 3359 5605 illud
3406 5555 3494 5604 est

1928 5653 2070 5725 quod
2136 5650 2236 5705 fuit
2287 5649 2340 5704 in
2406 5649 2622 5705 smculis
2675 5663 2797 5719 quis
2857 5647 3080 5702 fuerunt
3129 5651 3252 5698 ante
3309 5654 3412 5696 nos
3463 5656 3485 5693 ι
