3870 6220
441 269 559 326 635·

1669 278 1726 332 S.
1769 275 2095 333 GREGORII
2129 275 2420 336 NYSSENI

3577 295 3682 352 656

443 383 603 440 Hunc
628 385 772 440 enim
796 403 1016 444 sensum
1047 393 1346 448 ostendunt
1368 396 1484 465 ipsa
1505 396 1800 467 Scriptura:
1823 400 2006 465 verba,

2112 405 2181 459 τὰ
2211 407 2434 477 ῥήματα
2469 409 2566 480 τῆς
2601 411 2843 483 Γραφῆς,
2872 411 3040 478 οὕτως
3068 414 3279 485 ἔχοντα,
3299 419 3440 488 Ἤδη
3456 413 3684 482 γέγονεν

443 495 565 549 quae
597 481 680 536 sic
713 481 915 537 habent
943 503 955 537 :
979 483 1100 541 lam
1155 488 1355 542 factum
1394 497 1479 544 est
1514 491 1569 545 in
1626 492 1842 546 saeculis
1892 507 2014 562 qua:

445 570 672 624 fuerunt
707 582 832 626 ante
860 588 982 629 nos.
1011 574 1070 630 Si
1101 585 1280 632 autem
1308 592 1498 632 eorum
1529 594 1648 646 qua:
1681 578 1824 633 facta
1853 590 2010 646 sttnt,

442 661 654 714 exstitit
675 661 900 728 oblivio,
925 663 1063 717 nihil
1090 666 1325 722 mireris.
1357 665 1491 720 Nam
1542 675 1598 722 et
1623 682 1686 722 ea
1719 685 1839 738 qua:
1869 685 2015 723 nunc

445 757 594 817 sunt,
652 753 1080 821 comprehendet
1127 755 1351 810 oblivio.
1389 755 1622 822 Quando
1652 759 1798 812 enim
1831 760 1898 814 ad
1934 762 2014 813 vi-

443 844 582 898 tium
605 858 870 900 conversa
903 855 988 900 est
1013 855 1228 908 natura,
1261 848 1527 902 bonorum
1558 851 1716 906 nobis
1739 851 2015 922 subrepsit

443 935 674 990 oblivio:
707 939 925 1006 quando
945 946 1126 992 autem
1145 938 1212 993 ad
1237 942 1437 995 malum
1457 942 1801 1007 redierimus,
1822 961 2014 1002 rursus

444 1027 648 1081 malum
675 1037 887 1099 tegetur
909 1030 1202 1086 oblivione.
1236 1030 1393 1087 Hunc
1417 1038 1560 1089 enim
1592 1044 1723 1105 puto
1739 1051 1861 1092 esse
1889 1053 2014 1093 seu-

443 1132 564 1172 sum
585 1119 635 1171 in
665 1119 734 1174 iis
764 1135 884 1190 quae
899 1120 1041 1174 dicta
1070 1129 1219 1187 sunt,
1238 1123 1328 1178 ubi
1347 1123 1633 1186 dicit,Non
1651 1135 1735 1181 est
1753 1130 2012 1183 memoria

444 1203 660 1272 primis,
686 1221 739 1266 et
771 1206 989 1276 quidem
1010 1210 1327 1266 novissimis
1349 1226 1472 1264 cum
1494 1212 1635 1268 facta
1659 1213 1882 1282 fuerint,
1903 1233 2013 1274 non

442 1294 546 1348 crit
580 1297 859 1350 memoria.
892 1297 1059 1364 Quasi
1101 1301 1342 1357 diceret:
1377 1305 1577 1358 Eorum
1605 1321 1726 1375 quae
1755 1309 2013 1381 deinceps

441 1393 758 1450 evenerunt,
778 1397 900 1457 post
915 1405 1032 1443 eam
1053 1407 1173 1460 quae
1188 1393 1425 1449 abinitio
1444 1394 1546 1450 fuit
1561 1395 1896 1464 felicitatem,
1917 1416 2014 1470 per

442 1491 564 1544 qua
587 1477 638 1532 in
671 1478 829 1533 malis
848 1480 948 1534 fuit
977 1497 1150 1552 genus
1172 1483 1494 1550 humanum,
1527 1487 1786 1543 delebunt
1810 1505 2011 1546 memo-

442 1567 578 1621 n'am
594 1583 657 1622 ea
671 1583 790 1637 quae
803 1575 1093 1640 postremis
1111 1576 1238 1629 olim
1258 1578 1387 1631 [ient
1402 1580 1759 1648 temporibus.
1776 1580 1893 1636 Non
1909 1585 2014 1638 erit

440 1655 586 1708 enim
615 1671 802 1711 eorum
853 1663 1115 1716 memoria
1143 1679 1268 1718 cum
1318 1665 1387 1720 iis
1415 1666 1518 1736 qui
1567 1667 1736 1722 futuri
1792 1679 1920 1726 sunt
1959 1673 2012 1727 in

442 1747 760 1806 novissimo.
790 1749 905 1806 lloc
934 1762 1057 1810 est:
1092 1756 1316 1812 ultimus
1349 1766 1527 1814 status
1559 1761 1786 1817 omnino
1808 1763 2008 1819 delebit
2039 1753 2079 1806 Β

444 1846 655 1892 natum
681 1842 950 1897 malorum
994 1849 1337 1915 memoriam,
1370 1850 1426 1904 iu
1456 1851 1677 1908 Christo
1702 1853 1865 1920 Jesu,
1920 1858 2008 1912 cui

437 1929 613 1999 gloria
650 1940 703 1986 et
732 1935 972 2002 potentia
1001 1937 1055 1991 in
1095 1941 1293 1994 saecula
1322 1942 1665 1997 saeculorum.

512 2021 706 2077 Amen.

1030 2140 1318 2198 HOMILIA
1355 2144 1419 2198 ll.

513 2242 534 2276 ι
580 2223 712 2296 Ego,
752 2245 772 2279 ι
804 2227 1000 2298 inquit.
1036 2250 1054 2282 ι
1085 2229 1466 2289 Ecclesiastes.
1511 2254 1529 2287 ο
1577 2235 1877 2291 Didicimus
1910 2252 2008 2292 au-

439 2322 548 2370 tem
577 2318 833 2387 quisnam
861 2320 934 2376 sit
965 2320 1350 2391 Ecclesiastes,
1379 2327 1478 2396 qui
1508 2343 1628 2396 quae
1668 2337 1796 2383 sunt
1846 2330 2008 2384 aher-

438 2409 620 2463 rantia
673 2417 728 2465 et
757 2410 1043 2480 dispersa,
1085 2414 1140 2468 in
1192 2430 1364 2470 unum
1426 2418 1654 2488 colligit,
1717 2432 1772 2473 et
1825 2421 2007 2475 omnia

440 2515 606 2553 unum
640 2516 856 2572 gregem
887 2502 1071 2570 ellicit,
1118 2513 1177 2558 ut
1208 2506 1344 2561 nihil
1379 2507 1451 2562 sit
1483 2510 1629 2578 quod
1662 2525 1772 2566 non
1825 2512 2010 2566 audiat

437 2588 721 2658 pulchram
789 2591 1026 2660 pastoris
1088 2607 1304 2659 vocem,
1343 2611 1464 2666 quae
1507 2598 1751 2653 vivilicat
1801 2603 2005 2656 omnia.

443 2697 461 2728 ε
508 2677 682 2735 Verba
715 2681 881 2747 enim,
921 2701 941 2734 ι
970 2683 1166 2754 inquit,
1199 2704 1219 2738 ι
1249 2702 1373 2756 qua:
1403 2704 1504 2759 ego
1532 2690 1748 2758 loquor,
1782 2692 2008 2761 spiritus

436 2774 568 2822 sunt
605 2776 660 2824 et
691 2770 800 2826 vita
825 2770 892 2826 “.
929 2792 949 2825 ι
984 2773 1035 2830 ls
1061 2776 1302 2846 seipsum
1336 2780 1580 2834 nominat
1610 2779 2005 2849 Ecclesiasten,

437 2869 498 2915 ut
526 2860 820 2928 medicum,
843 2872 898 2918 et
918 2864 1105 2930 vitam,
1129 2876 1184 2922 et
1213 2871 1700 2936 resurrectionem,
1729 2882 1784 2928 et
1805 2874 2005 2940 lucem,

437 2957 494 3006 et
526 2951 688 3017 viam,
717 2960 772 3008 et
803 2954 1032 3021 ostium,
1066 2969 1120 3012 et
1147 2960 1456 3024 veritatem,
1485 2970 1539 3016 et
1569 2963 1754 3018 omnia
1785 2967 2006 3020 nomina

2115 497 2172 549 ἐν
2198 500 2311 562 τοίς
2349 500 2508 554 αἰῶσι
2551 505 2662 567 τοίς
2693 507 2970 573 γεγονόσιν
3011 507 3120 560 ἀπὸ
3163 506 3470 577 ἔμπροσθεν
3498 506 3678 576 ήμῶν.

2114 587 2178 641 Εἰ
2221 589 2279 642 δὲ
2319 591 2660 664 ἐπεκράτησε
2707 595 2842 667 λήθη
2881 598 2988 650 τῶν
3031 599 3354 668 γενομένων,
3389 597 3680 670 θαυμάσῃς

2118 681 2284 750 μηδέν
2309 698 2322 712 ο
2371 684 2462 736 καὶ
2496 683 2603 755 γὰρ
2625 685 2692 738 τὰ
2723 686 2816 739 νῦν
2841 687 2989 750 ὄντα,
3022 687 3158 758 λήθῃ
3185 687 3677 759 καταληφθήσεται.

2116 770 2246 823 Ὅτε
2277 772 2382 842 γὰρ
2415 775 2492 836 εἰς
2521 777 2716 830 κακίαν
2742 779 2774 848 ή
2803 778 2962 845 φύσις
2989 779 3206 850 ἔρρεψε,
3236 779 3372 848 λήθη
3397 778 3508 831 τῶν
3544 781 3682 844 ἀγα-

2115 859 2222 912 θῶν
2263 861 2558 932 ἐγενόμεθα
2584 881 2596 894 '
2644 867 2770 918 ὅταν
2797 867 2854 921 δὲ
2896 869 3120 939 γένηται
3159 871 3296 941 πρὸς
3341 871 3402 922 τὸ
3449 870 3676 951 ἀγαθὸν,

2117 947 2272 1014 αὖθις
2306 954 2436 1023 ήμίν
2469 957 2501 1025 ή
2540 957 2813 1021 ἀνάλυσις,
2844 959 3003 1014 πάλιν
3033 961 3094 1014 τὸ
3118 961 3284 1014 κακὸν
3308 959 3444 1031 λήθῃ
3475 947 3684 1029 συγκα-

2114 1043 2465 1115 λυφθήσεται.
2504 1049 2718 1120 Ταύτην
2748 1051 2856 1122 γὰρ
2886 1048 3036 1122 οἶμαι
3077 1055 3182 1122 τὴν
3215 1053 3453 1106 διάνοιαν
3483 1054 3544 1105 ἐν
3571 1056 3685 1114 τοῖς

2113 1135 2419 1206 εἰρημένοις
2463 1133 2620 1199 εἶναι.
2675 1136 2731 1188 ἐν
2796 1139 2878 1206 οἷς
2929 1158 3111 1213 φησιν,
3141 1143 3253 1196 Οὐκ
3296 1144 3409 1197 ἐστι
3467 1145 3685 1214 μνήμη.

2112 1227 2224 1288 τοῖς
2274 1225 2509 1296 πρώτοις
2549 1227 2642 1280 καί
2681 1245 2744 1296 γε
2799 1233 2911 1293 τοῖς
2939 1233 3187 1302 ἐσχάτοις
3226 1232 3538 1302 γενομένοις
3585 1232 3688 1284 οὐκ

2113 1315 2264 1370 ἔσται
2319 1319 2504 1389 μνήμη
2527 1357 2542 1382 ,
2586 1319 2661 1383 ὡς
2693 1321 2760 1373 ἂν
2789 1323 2838 1374 εἰ
2872 1322 3054 1390 ἐλεγεν
3083 1340 3097 1353 ο
3137 1323 3256 1378 Τῶν
3285 1322 3688 1392 ἐπιγινομένων

2116 1408 2256 1478 μετὰ
2276 1409 2374 1480 τὴν
2394 1410 2452 1476 ἐξ
2479 1412 2650 1482 ἀρχῆς
2674 1413 2984 1484 εὐκληρίαν,
3007 1415 3077 1468 δι’
3102 1407 3176 1468 ὧν
3196 1416 3254 1467 ἐν
3279 1417 3466 1476 κακοῖς
3489 1414 3688 1481 γέγονε

2113 1499 2173 1552 τὸ
2205 1499 2558 1570 ἀνθρώπινον,
2593 1503 2861 1574 ἐξαλείψει
2895 1506 2992 1576 τήν
3023 1506 3242 1576 μνήμην
3269 1505 3338 1558 τὰ
3375 1505 3544 1559 πάλαι
3570 1506 3688 1567 τοῖς

2113 1589 2361 1659 ἐσχάτοις
2408 1593 2778 1663 ἐπιγινόμενα.
2815 1596 2930 1649 Οὐκ
2968 1596 3120 1650 ἔσται
3144 1596 3252 1666 γὰρ
3281 1597 3460 1650 αὐτῶν
3492 1598 3687 1667 μνήμη

2119 1680 2256 1749 μετὰ
2298 1682 2406 1735 τῶν
2439 1685 2741 1754 γενομένων
2769 1689 2849 1750 εἰς
2888 1688 2986 1758 τὴν
3018 1689 3255 1759 ἐσχάτην
3280 1705 3293 1718 ’
3335 1688 3684 1758 τουτέστιν,ἡ

2109 1772 2308 1842 ἐσχάτη
2335 1775 2664 1839 κατάστασις
2713 1778 3018 1848 ἀφανισμὸν
3051 1779 3286 1849 παντελῆ
3316 1779 3413 1849 τῆς
3437 1779 3549 1832 τῶν
3578 1797 3689 1832 κα-

2110 1863 2223 1916 κῶν
2249 1866 2467 1935 μνήμης
2497 1867 2719 1936 ἐποίησε
2748 1869 2847 1938 τῆς
2875 1869 3107 1938 φύσεως,
3134 1872 3192 1922 ἐν
3225 1870 3444 1949 Χριστῶ
3477 1871 3684 1940 Ἰησοῦ,

2107 1947 2154 2021 ᾧ
2183 1957 2215 2024 ή
2243 1954 2369 2020 δόξα
2393 1959 2484 2010 καὶ
2511 1958 2571 2011 τὸ
2599 1961 2796 2030 κράτος
2820 1963 2900 2023 εἰς
2927 1962 3052 2024 τοὺς
3080 1961 3278 2025 αἰῶνας
3298 1947 3406 2014 τῶν
3433 1960 3678 2023 αἰώνων,

2125 2047 2321 2116 Ἀμήν.

2703 2141 2941 2196 ΟΜῐΔῐΑ
2982 2145 3054 2198 B'.

2186 2247 2204 2280 ‹
2243 2229 2404 2298 Ἐγὼ,
2431 2249 2449 2282 ι
2467 2233 2650 2301 φησὶν,
2670 2251 2689 2283 ι
2713 2235 2741 2286 ὁ
2767 2235 3215 2305 Ἐκκλησιαστής.
3238 2254 3258 2287 ι
3277 2233 3681 2304 Ἐμάθομενδὲν

2109 2318 2191 2382 τίς
2223 2321 2252 2373 ό
2290 2319 2739 2394 Ἐκκλησιαστὴς,
2769 2327 2799 2378 ό
2828 2325 2897 2379 τὰ
2929 2325 3317 2396 πεπλανημένα
3354 2343 3413 2378 τε
3442 2328 3542 2378 καὶ
3571 2324 3680 2378 διε-

2110 2413 2484 2485 σκορπισμένα
2512 2417 2829 2486 συναγαγὼν
2852 2421 2932 2482 εἰς
2967 2421 3046 2482 ἓν,
3077 2419 3168 2473 καὶ
3201 2419 3368 2473 ποιῶν
3398 2420 3468 2474 τὰ
3501 2422 3682 2475 πάντα

2111 2503 2239 2574 μίαν
2269 2506 2524 2578 ποίμνην,
2559 2509 2646 2562 ἴνα
2683 2510 2848 2580 μηδὲν
2894 2511 3122 2581 ἀνήκων
3230 2513 3328 2582 τῆς
3370 2513 3544 2584 καλῆς
3588 2513 3678 2566 τοῦ

2109 2597 2362 2667 ποιμένος
2409 2601 2594 2672 φωνῆς
2638 2601 2739 2672 τῆς
2780 2602 2848 2656 τά
2881 2604 3059 2658 πάντα
3104 2603 3494 2676 ζωοποιούοης.
3551 2624 3571 2656 ι
3602 2606 3680 2658 Τά

2107 2688 2216 2758 γὰρ
2239 2690 2477 2760 ῥήματα,
2501 2709 2522 2745 ι
2542 2693 2725 2761 φησὶν,
2745 2702 2764 2738 ι
2781 2692 2943 2762 ἃέγὼ
2975 2694 3140 2757 λαλῶ,
3177 2695 3392 2765 πνεῦμά
3418 2698 3557 2759 ἐστι,
3587 2697 3680 2749 καὶ

2108 2780 2221 2852 ζωή
2255 2783 2422 2839 ἐστιν.
2454 2802 2473 2835 ι
2522 2779 2689 2848 Οὗτος
2715 2783 2968 2856 ὀνομάζει
2997 2787 3186 2841 ἑαυτὸν
3228 2787 3676 2858 Ἐκκλησιαστὴν,

2105 2873 2182 2937 ὼς
2216 2873 2418 2945 ἰατρὸν,
2459 2876 2553 2929 καὶ
2592 2875 2756 2948 ζωήν,
2796 2878 2890 2931 καὶ
2935 2879 3249 2944 ἀνάστασιν,
3268 2881 3381 2949 ,καὶ
3407 2880 3546 2948 φῶς,
3586 2883 3680 2934 κα)⁵

2105 2961 2244 3027 ὁδὸν,
2278 2962 2447 3033 θύραν
2489 2981 2579 3026 τε,
2622 2965 2716 3019 καὶ
2761 2967 3049 3038 ἀλήθειαν,
3099 2969 3191 3022 καὶ
3242 2970 3415 3022 πάντα
3467 2968 3536 3022 τὰ
3582 2969 3678 3038 τῆς

437 3042 802 3100 humanitatis
828 3052 884 3101 et
909 3046 1298 3107 benevolentiae
1319 3053 1373 3107 in
1418 3056 1686 3111 homines.
1722 3055 2006 3122 Quomodo

2112 3053 2517 3126 φιλανθρωπίας
2546 3055 2805 3126 ὀνόματα.
2855 3058 3067 3129 ’Ὥσπερ
3094 3055 3186 3112 οὖν
3229 3057 3321 3113 τοῦ
3360 3059 3462 3130 μὲν
3497 3059 3678 3129 ἰατροῦ

436 3147 568 3203 ergo
604 3132 800 3190 medici
849 3137 1072 3208 quidem
1118 3157 1220 3196 vox
1258 3145 1513 3198 convenit
1569 3146 2000 3216 aegrotantibus:

437 3221 677 3279 Verbum
712 3235 894 3282 autem
951 3229 1074 3284 vita;
1135 3231 1189 3286 in
1222 3236 1454 3290 mortuis
1511 3245 1598 3291 est
1651 3235 1864 3301 elllcax,
1908 3238 2003 3308 qui

435 3317 658 3385 quando
696 3318 975 3374 audierint
1006 3336 1193 3376 vocem
1218 3322 1336 3379 Filii
1377 3327 1637 3391 hominis,
1674 3329 1728 3383 in
1775 3329 2003 3399 pristina

436 3408 770 3464 mortalitate
799 3425 907 3464 non
936 3412 1169 3482 amplius
1194 3427 1476 3473 remanent
1500 3437 1515 3486 ;
1540 3420 1636 3489 qui
1667 3430 1847 3475 autem
1875 3430 2004 3477 sunt

437 3498 494 3553 in
531 3501 793 3570 sepulcris
819 3513 1070 3572 quaerunt
1099 3521 1284 3562 vocem
1312 3511 1752 3575 resurrectionis,
1785 3521 1839 3568 et
1866 3515 2003 3569 lucis

436 3591 583 3646 ratio
616 3575 873 3647 convenit
905 3595 972 3650 iis
1023 3596 1115 3666 qui
1174 3609 1304 3652 sunt
1340 3600 1641 3665 obscurati,
1703 3610 1759 3658 et
1793 3605 1876 3658 via
1919 3613 2004 3661 est

435 3681 585 3738 laevis
623 3698 688 3738 ac
716 3683 874 3754 plana
906 3685 974 3742 iis
1002 3687 1094 3756 qui
1129 3687 1538 3755 aberraverunt,
1597 3701 1650 3747 et
1685 3695 1888 3749 ostium
1928 3697 1996 3750 iis

435 3771 638 3840 quibus
667 3787 808 3842 opus
839 3781 945 3837 est,
977 3782 1033 3828 ut
1059 3777 1299 3832 intrent:
1338 3779 1410 3833 ita
1446 3779 1805 3838 Ecclesiastes
1826 3785 2004 3839 omni-

439 3877 509 3916 no
538 3862 760 3917 disserit
787 3879 911 3918 cum
948 3865 1016 3920 iis
1043 3867 1135 3936 qui
1166 3877 1292 3922 sunt
1320 3869 1373 3924 in
1407 3870 1671 3928 Ecclesia.
1700 3872 1812 3929 Nos
1836 3876 2003 3945 igitur

437 3953 735 4022 alloquitur
757 3953 1135 4013 Ecclesiastes.
1175 3957 1477 4016 Audiamus
1523 3964 1706 4035 itaque
1754 3981 1855 4022 nos
1883 3968 2003 4037 ejus

437 4043 624 4109 verba,
673 4045 767 4114 qui
837 4061 1030 4102 sumus
1087 4048 1348 4107 Ecclesia.
1400 4053 1554 4108 Sicut
1605 4057 1749 4110 enim
1803 4059 2004 4115 chorus

439 4135 636 4204 aspicit
668 4137 737 4191 ad
767 4139 1137 4209 coryphaeum,
1180 4159 1374 4216 nempe
1413 4161 1572 4201 suum
1607 4148 1913 4216 ductorem,
1949 4163 2004 4209 et

437 4235 618 4281 nautae
646 4225 712 4281 ad
745 4228 1189 4299 gubernatorem,
1229 4243 1283 4289 et
1314 4235 1461 4292 acies
1495 4237 1562 4292 ad
1597 4240 1999 4310 imperatorem,

436 4317 511 4371 ita
535 4317 797 4386 etiamZad
826 4319 1083 4377 Ecclesiae
1119 4324 1310 4381 ducem
1369 4328 1426 4390 ii,
1457 4328 1551 4398 qui
1586 4339 1715 4385 sunt
1755 4331 1808 4386 in
1857 4343 2000 4389 cmtu

2111 3146 2144 3214 ή
2175 3146 2326 3217 φωνὴ
2359 3146 2492 3218 πρὸς
2519 3148 2647 3210 τοὺς
2669 3147 3030 3214 ἀσθενοῦντας
3049 3150 3264 3214 οἰκείως
3288 3149 3419 3221 ἔχει,
3446 3152 3475 3203 ὁ
3503 3150 3561 3202 δὲ
3581 3151 3681 3220 τῆς

2111 3235 2258 3306 ζωῆς
2289 3237 2460 3306 Λόγος
2491 3239 2582 3293 ἐπὶ
2612 3239 2719 3293 τῶν
2763 3240 2971 3313 νεκρῶν
3001 3241 3220 3312 ἐνεργὸς
3275 3241 3486 3310 γίνεται
3504 3284 3520 3306 ,
3571 3242 3684 3296 τῶν

2109 3327 2238 3380 ὅταν
2285 3328 2555 3382 ἀκούσωσι
2583 3329 2684 3399 τῆς
2715 3330 2898 3400 φωνῆς
2928 3331 3022 3385 τοῦ
3058 3331 3184 3385 Υἰοῦ
3225 3331 3320 3385 τοῦ
3363 3332 3678 3403 ἀνθρώπου,

2114 3420 2308 3489 μηκέτι
2333 3422 2768 3491 ἐναπομενόντων
2797 3425 2861 3493 τῇ
2891 3423 3091 3494 ἀρχαίᾳ
3118 3423 3399 3495 νεκρὸτητι
3418 3440 3434 3455 ο
3467 3425 3517 3477 οἰ
3542 3425 3599 3477 δὲ
3623 3427 3685 3478 ἐν

2111 3509 2356 3580 χώμασιν
2399 3511 2570 3575 ὄντες,
2613 3511 2711 3582 τὴν
2753 3513 2935 3586 φωνήν
2963 3515 3064 3583 τῆς
3095 3515 3440 3579 ἀναστάσεως
3483 3515 3682 3585 ἐπιζηέ

2109 3602 2259 3654 τοῦσι
2281 3640 2296 3662 ,
2347 3604 2442 3656 καὶ
2495 3602 2525 3654 ὁ
2572 3602 2666 3656 τοῦ
2710 3603 2887 3672 φωτὸς
2928 3605 3082 3673 λόγος
3121 3608 3229 3669 τοῖς
3273 3608 3683 3678 ἐσκοτισμένοις

2108 3693 2432 3764 ἀρμόδιος,ή
2453 3710 2513 3745 τε
2557 3693 2676 3757 ὁδὸς
2712 3697 2824 3757 τοῖς
2865 3695 3296 3768 πεπλανημένοις
3343 3697 3484 3761 λεία,
3519 3700 3615 3751 καὶ
3647 3701 3681 3768 ή

2110 3781 2248 3854 θύρα
2277 3785 2388 3846 τοῖς
2419 3783 2514 3836 τοῦ
2559 3785 2819 3838 εἰσελθεῖν
2844 3786 3146 3858 δεομένοιςο
3179 3788 3319 3841 οὕτω
3358 3789 3452 3842 καὶ
3478 3792 3506 3842 ὁ
3553 3791 3682 3842 Ἑκ-

2110 3874 2442 3946 κλησιαστὴς
2468 3879 2580 3938 τοῖς
2621 3876 3039 3948 ἐκκλησιάζουσι
3081 3878 3383 3946 διαλέγεται
3438 3880 3682 3942 πάντως.

2109 3963 2316 4017 Οὐκοῦν
2363 3965 2499 4036 πρὸς
2527 3967 2674 4036 ἡμᾶς
2705 3967 2857 4020 λαλεί
2896 3968 2925 4020 ό
2966 3967 3391 4039 Ἐκκλησιαστής
3419 3986 3434 4000 ο
3482 3970 3583 4022 καὶ
3618 3969 3684 4040 δὴ

2109 4057 2428 4127 ἀκούσωμεν
2453 4057 2561 4111 τῶν
2593 4058 2764 4126 λόγων
2785 4059 2948 4113 αὑτοῦ
2975 4062 3137 4130 ἡμεῖς
3159 4061 3192 4130 ή
3235 4061 3550 4130 Ἐκκλησία.
3594 4062 3685 4126 Ὦς

2109 4147 2216 4218 γὰρ
2241 4149 2269 4200 ὁ
2301 4148 2398 4218 μὲν
2416 4148 2572 4219 χορὸς
2601 4149 2736 4220 πρὸς
2762 4149 2853 4202 τὸν
2878 4153 3169 4220 κορυφαῖον
3195 4152 3315 4221 ὁρᾷ,
3349 4152 3484 4222 πρὸς
3506 4151 3567 4204 δὲ
3588 4153 3684 4205 τὸν

2109 4238 2447 4310 κυϐερνήτην
2487 4241 2536 4293 οἰ
2576 4239 2805 4304 ναῦται,
2854 4242 2946 4293 καὶ
2989 4241 3126 4312 πρὸς
3167 4243 3257 4294 τὸν
3300 4244 3606 4313 στρατηγὸν
3647 4247 3684 4315 ή

2109 4329 2432 4399 παράταξις,
2459 4328 2608 4384 οὕτω
2625 4331 2718 4384 καὶ
2748 4331 2883 4401 πρὸς
2907 4331 2996 4383 τὸν
3031 4331 3378 4403 καθηγεμόνα
3405 4333 3507 4402 τῆς
3558 4334 3686 4387 Ἐκ-

437 4408 716 4466 Ecclesiae.
751 4409 889 4477 Quid
923 4429 1056 4485 ergo
1087 4415 1222 4470 dicit
1253 4417 1664 4476 Ecclesiastes?
1702 4442 1722 4475 ι
1759 4422 1873 4494 Ego
1905 4425 2006 4482 Ec-

2112 4419 2357 4490 κλησίας,
2387 4420 2437 4473 οἱ
2469 4421 2528 4474 ἐν
2553 4419 2632 4490 τῷ
2659 4420 2984 4491 πληρώματι
3014 4421 3166 4486 ὅντες
3195 4422 3295 4492 τῆς
3327 4423 3680 4492 Ἐκκλησίας.

436 4501 719 4558 clesiastes
764 4503 840 4558 fui
875 4520 971 4560 rex
1003 4506 1164 4561 Israel
1229 4509 1282 4563 in
1347 4508 1669 4569 Jerusalem.
1719 4534 1736 4566 ι
1775 4515 2004 4582 Quando

437 4591 694 4647 hoc?An
747 4608 861 4649 non
917 4597 1144 4652 omnino
1177 4600 1396 4669 quando
1435 4601 1536 4656 fuit
1569 4605 1638 4660 ab
1685 4606 1821 4674 ipsis
1913 4623 2002 4664 rex

437 4683 774 4740 constitutus
823 4701 988 4755 super
1051 4686 1182 4743 Sion
1245 4699 1480 4746 montem
1536 4702 1785 4748 sanctum
1847 4697 2002 4766 ejus,

438 4772 747 4841 praedicans
779 4783 1108 4847 prmeeptum
1141 4777 1507 4836 Domini?Cui
1555 4782 1692 4839 dixit
1720 4785 2003 4855 Dominus,

442 4880 461 4913 ι
480 4860 652 4919 Filius
677 4880 831 4920 meus
846 4881 906 4922 es
930 4872 1009 4932 tu,
1033 4883 1133 4938 ego
1156 4868 1318 4924 hodie
1336 4872 1496 4940 genui
1519 4882 1570 4928 te
1583 4874 1649 4934 ιη
1673 4895 1691 4927 ι
1710 4892 1833 4932 eum
1859 4881 2005 4935 enim

435 4954 530 5022 qui
567 4962 654 5010 est
683 4965 898 5010 creator
931 4956 1196 5024 universi,
1231 4968 1285 5013 et
1313 4967 1467 5030 pater
1495 4965 1817 5020 saeculorum
1869 4969 2006 5023 dixit

437 5061 498 5100 se
527 5046 686 5102 hodie
712 5049 987 5118 genuisse,
1023 5057 1084 5105 ut
1113 5065 1211 5120 per
1241 5051 1346 5107 hoc
1378 5054 1523 5123 quod
1583 5059 1811 5128 tempori
1837 5075 2004 5130 gene-

439 5137 690 5204 rationis,
731 5155 929 5196 nomen
963 5142 1264 5212 temporale
1303 5143 1711 5214 adjecerit,non
1743 5165 1861 5205 eam
1886 5167 2006 5222 quae

438 5226 542 5281 fuit
572 5237 698 5285 ante
723 5231 920 5287 sa-cula
954 5235 1270 5300 essentiam,
1313 5237 1406 5292 sed
1439 5251 1558 5292 eam
1611 5256 1732 5319 quae
1792 5244 1894 5298 fuit
1945 5246 2003 5300 in

439 5323 684 5386 tempore
718 5320 787 5374 ad
813 5321 1096 5376 hominum
1129 5325 1380 5391 salutem,
1403 5340 1498 5395 per
1527 5341 1746 5385 carnem
1777 5346 2004 5403 genera-

437 5406 642 5464 tionem
700 5412 925 5468 verbum
957 5414 1270 5470 ostenderit.

547 5671 596 5708 “
613 5671 769 5731 Joan.
791 5691 864 5743 v1,
889 5675 980 5732 63.
1059 5674 1104 5710 “
1125 5675 1271 5734 Psal.
1306 5694 1365 5744 ιι,
1399 5679 1433 5734 6
1463 5695 1590 5748 sqq.

2107 4509 2172 4564 Τί
2211 4505 2307 4563 οὖν
2353 4510 2516 4581 φησὶν
2557 4513 2587 4564 ὁ
2636 4512 3102 4584 Ἐκκλησιαστής;
3167 4531 3187 4564 ι
3226 4513 3367 4583 Ἐγὼ
3409 4517 3686 4586 ἐγενόμην

2111 4601 2362 4671 βασιλεὺς
2396 4603 2488 4656 ἐπὶ
2520 4595 2817 4673 Ἰσραὴλίέν
2858 4604 3236 4676 Ἰερουσαλήμ.
3263 4626 3282 4658 ι
3322 4608 3458 4661 Πότε
3479 4608 3684 4673 toﬁ-to;

2113 4695 2184 4746 Ἢ
2212 4694 2428 4758 πάντως
2456 4694 2544 4747 ὅτε
2575 4695 2912 4766 κατεστάθην
2946 4696 3194 4766 βασιλεὺς
3223 4697 3313 4750 ὑπ’
3349 4697 3537 4760 αὐτοῦ,
3591 4701 3688 4752 ἐπὶ

2108 4783 2247 4838 Σιὼν
2271 4783 2396 4856 ὅρος
2423 4784 2484 4838 τὸ
2511 4783 2663 4853 ἅγιον
2691 4786 2875 4849 αὐτοῦ,
2907 4786 3239 4856 διαγγέλλων
3261 4788 3324 4841 τὺ
3349 4789 3688 4860 πρόσταγμα

2109 4875 2344 4946 Κυρίου;
2371 4874 2513 4946 Πρὸς
2561 4876 2619 4928 ὃν
2665 4872 2819 4930 εἶπεν
2845 4879 2872 4930 ὁ
2900 4877 3122 4946 Κύριος,
3156 4879 3240 4932 ὅτι
3290 4898 3309 4930 ι
3337 4879 3465 4942 Υίός
3492 4896 3604 4949 μου
3636 4875 3692 4934 ετ

2107 4967 2195 5028 σὺ,
2233 4983 2253 5017 ι
2287 4965 2381 5018 κα)⁵
2428 4965 2510 5018 ὅτι
2563 4983 2580 5016 ι
2604 4967 2848 5037 Σήμερον
2890 4969 3196 5039 γεγέννηκά
3240 4985 3324 5022 σε’
3357 4988 3378 5022 ι
3432 4969 3522 5022 τὸν
3573 4969 3687 5042 γὰρ

2106 5058 2333 5130 ποιητὴν
2352 5057 2446 5111 τοῦ
2471 5060 2687 5124 παντὸς,
2713 5062 2803 5115 τὸν
2821 5062 2929 5115 τῶν
2950 5060 3158 5117 αἰώνων
3183 5063 3416 5134 πατέρα,
3441 5063 3688 5134 σήμερον

2105 5147 2225 5204 εἷπε
2253 5151 2662 5221 γεγεννηκέναι,
2699 5153 2788 5208 ἵνα
2815 5154 2900 5207 διὰ
2927 5154 3020 5208 τοῦ
3054 5155 3384 5226 παραθεῖναι
3411 5153 3472 5207 τὸ
3499 5173 3687 5226 χρονι-

2108 5244 2201 5299 κὸν
2233 5242 2401 5313 όνομα
2426 5241 2502 5312 τῷ
2527 5243 2704 5314 καιρῷ
2731 5245 2830 5314 τῆς
2855 5245 3178 5315 γεννήσεως,
3207 5246 3284 5317 μὴ
3319 5245 3416 5316 τὴν
3442 5246 3686 5316 προαιώ-

2109 5350 2218 5387 νιον
2245 5332 2499 5404 ὕπαρξιν,
2544 5333 2678 5388 ἀλλά
2709 5335 2805 5405 τὴν
2851 5337 2909 5388 ἐν
2940 5336 3114 5406 χρόνῳ
3158 5335 3250 5388 ἐπὶ
3283 5335 3529 5408 σωτηρίᾳ
3575 5335 3688 5390 τῶν

2108 5423 2414 5496 ἀνθρώπων
2525 5426 2613 5481 διὰ
2680 5427 2877 5497 σαρκὸς
2935 5427 3187 5498 γέννησιν
3256 5429 3592 5502 παραστήσῃ
3656 5427 3690 5482 6

2112 5509 2284 5581 λόγος.
