3870 6220
199 253 315 311 63-7

1302 260 1369 316 ιΝ
1406 256 1941 318 ECCLESIASTEN.
1971 252 2246 312 HOMILIA
2291 251 2356 306 ll.

3361 253 3468 312 638

281 364 472 419 Ταῦτα
497 360 590 420 οὖν
623 370 652 421 ὁ
681 368 928 439 ἀληθινὸς
971 371 1397 445 Ἑκκλησιαστὴς
1426 375 1780 445 διεξέρχεται,

1959 369 2084 425 llaec
2111 383 2239 440 ergo
2261 365 2608 437 persequitur
2631 380 2792 422 verus
2815 365 3199 433 Ecclesiastes,
3231 369 3464 435 docens.

197 453 498 520 διδάσκων,
528 455 702 528 οἶμαι,
748 460 810 513 τὸ
845 460 988 530 μέγα
1032 463 1131 534 τῆς
1161 465 1440 530 εὐσεϐείας
1471 467 1786 538 μυστήριον,

199 544 334 597 ὅτου
355 546 514 616 χάριν
536 548 595 600 ἐν
622 550 784 619 σαρκὶ
803 550 832 601 ὁ
851 548 983 612 Θεὸς
1010 553 1350 626 ἐφανερώθη.
1391 575 1410 606 ι
1427 556 1640 609 Ἕδωκα
1656 555 1785 625 γὰρ,

203 635 365 705 φησὶ,
399 636 498 706 τὴν
531 638 759 709 καρδίαν
794 657 894 709 μου
926 641 1021 694 τοῦ
1051 644 1350 715 ἐκζητῆσαι
1375 647 1470 700 καὶ
1501 646 1594 700 τοῦ
1623 663 1789 700 κατα-

171 775 174 778 .
205 727 516 796 σκέψασθαι
544 730 603 781 ἐν
631 731 794 802 σοφίᾳ
816 734 946 803 περὶ
975 733 1191 788 πάντων
1217 736 1324 789 τῶν
1354 739 1660 808 γενομένων
1681 737 1788 791 ὑπὸ

204 817 300 872 τὸν
345 820 591 891 οὐρανόν.
625 841 644 873 ι
695 822 842 896 Αὕτη
894 826 928 897 ἡ
981 825 1129 879 αίτία
1178 827 1270 880 τοῦ
1325 829 1658 901 ἐπιδημῆσαι
1701 831 1788 884 διὰ

206 911 414 980 σαρκὸς
460 914 573 977 τοῖς
619 913 926 986 ἀνθρώποις
956 916 1047 970 τὸν
1075 916 1278 989 Κύριον
1303 961 1320 986 ,
1375 920 1436 973 τὸ
1476 919 1658 973 δοῦναι
1688 920 1788 992 τὴν

203 1002 440 1071 καρδίαν
466 1002 634 1057 αὐτοῦ
667 1008 746 1069 εἰς
773 1005 836 1059 τὸ
865 1009 1264 1078 ἐπισκέψασθαι
1292 1012 1348 1063 ἐν
1372 1013 1438 1082 τῇ
1467 1011 1628 1082 σοφίᾳ
1657 1012 1786 1064 ἐαυ-

201 1091 301 1144 τοῦ
338 1093 602 1164 περὶτῶν
645 1097 750 1150 ὑπὸ
776 1097 869 1150 τὸν
913 1100 1144 1170 οὐρανὸν
1191 1101 1516 1172 γενομένων.
1570 1104 1649 1156 Τὰ
1677 1103 1786 1174 γὰρ

203 1183 353 1254 ὑπὲρ
375 1184 468 1238 τὸν
500 1187 727 1256 οὐρανὸν
752 1189 854 1242 οὐκ
878 1189 1048 1245 ἐδεῖτο
1073 1189 1167 1244 τοῦ
1199 1192 1682 1263 ἐπισκεπτομένου,
1710 1194 1786 1258 ώς

199 1274 330 1327 οὐδέ
376 1273 470 1328 τοῦ
505 1277 844 1347 ἰατρεύοντος
884 1279 946 1333 τὸ
983 1281 1058 1352 μὴ
1096 1284 1162 1351 τῇ
1207 1281 1349 1352 νόσῳ
1378 1283 1782 1354 κρατούμενον⁸

201 1366 332 1417 ἐπεὶ
363 1363 458 1420 06v
487 1369 616 1438 περὶ
642 1369 747 1439 γῆν
779 1369 848 1423 τὰ
883 1373 1048 1426 κακά.
1095 1373 1168 1425 Τὸ
1195 1372 1306 1443 γὰρ
1337 1374 1660 1445 ἐρπυστικὺν
1690 1378 1786 1428 καὶ

201 1447 384 1524 βίαιον
417 1456 604 1529 θηρίον
641 1461 670 1512 ὁ
718 1459 842 1530 ὄφις
888 1461 981 1515 ἐπὶ
1023 1462 1102 1533 τῷ
1153 1463 1340 1534 στήθει
1371 1464 1466 1516 καὶ
1495 1467 1562 1536 τῇ
1608 1466 1785 1536 κοιλία

201 1546 528 1617 συρόμενος,
572 1548 770 1621 βρῶμα
817 1555 1050 1606 ποιεῖται
1075 1552 1175 1622 τὴν
1204 1553 1327 1623 γῆν,
1360 1554 1512 1607 οὐδὲν
1543 1553 1650 1606 τῶν
1691 1555 1784 1607 οὐ·

202 1637 410 1706 ρανίων
437 1639 770 1710 σιτούμενος,
797 1641 910 1695 ἀλλ’
939 1645 998 1696 ἐν
1018 1643 1094 1714 τῷ
1120 1644 1442 1714 πατουμένῳ
1467 1644 1782 1716 συρόμενος,

199 1727 348 1797 πρὸς
374 1729 436 1781 τὸ
468 1730 809 1802 πατούμενον
851 1733 940 1786 ἀεὶ
971 1733 1180 1804 βλέπει,
1206 1735 1391 1805 τηρῶν
1419 1736 1518 1806 τὴν
1550 1737 1786 1808 πτέρναν
1817 1728 1858 1783 Β

197 1818 302 1888 τῆς
338 1819 684 1893 ἀνθρωπίνης
727 1824 973 1896 πορείας,
1007 1826 1098 1878 καὶ
1130 1825 1221 1878 τὸν
1251 1825 1329 1879 ἱὸν
1369 1827 1533 1891 ἐνιεὶς
1558 1829 1786 1892 ἐκείνοις

197 1911 318 1971 τοῖς
337 1909 437 1980 τὴν
457 1911 706 1975 ἐξουσίαν
731 1913 826 1965 τοῦ
851 1917 1042 1967 πατεῖν
1062 1914 1246 1969 ἐπάνω
1265 1915 1441 1986 ὄφεων
1465 1918 1781 1974 ἀπολέσασι.

197 2002 304 2054 Διὰ
352 2003 509 2056 τοῦτο
541 2003 711 2057 ἔδωκε
741 2006 840 2075 τὴν
865 2006 1092 2077 καρδίαν
1129 2007 1294 2062 αὐτοῦ
1347 2009 1647 2080 ἐκζητῆσαι
1693 2011 1786 2064 καὶ

198 2093 656 2165 κατασκέψασθαι
688 2097 818 2170 περὶ
850 2097 1072 2151 πάντων
1099 2099 1208 2154 τῶν
1232 2101 1538 2170 γενομένων
1569 2101 1674 2155 ὑπὸ
1693 2103 1785 2156 τὸν

195 2187 454 2258 οὐρανόν.
515 2189 603 2242 Ἐν
633 2189 743 2261 γὰρ
773 2191 886 2254 τοῖς
915 2193 1172 2264 ὑπεράνω
1209 2192 1316 2246 τῶν
1358 2194 1601 2263 οὐρανῶν
1648 2196 1783 2248 ἀτα-

194 2281 469 2334 πείνωτον
501 2281 685 2351 βλέπει
718 2283 816 2354 τὴν
848 2283 998 2338 θείαν
1046 2283 1521 2356 μεγαλοπρέπειαν
1569 2288 1600 2340 ὁ
1645 2288 1786 2359 Προ-

195 2372 383 2442 φήτης
428 2371 600 2440 λέγων
626 2411 642 2437 ,
697 2373 1069 2447 ὅτιιἜπήρθη
1114 2377 1148 2446 ἡ
1204 2375 1644 2447 μεγαλοπρέπειά
1689 2394 1782 2431 σου

195 2463 464 2534 ὑπεράνω
510 2464 619 2519 τῶν
666 2465 909 2537 οὐρανῶν
945 2484 958 2498 ·
979 2468 1203 2540 »ἐπειδὴ
1237 2469 1330 2522 καὶ
1374 2468 1434 2523 τὸ
1462 2471 1785 2541 ἐπουράνιον

200 2555 374 2625 μέρος
413 2556 502 2611 διὰ
529 2559 627 2629 τῆς
655 2559 852 2623 κακίας
887 2561 1247 2634 ἐταπεινώθη.
1302 2561 1460 2616 υύτω
1481 2563 1594 2634 γάρ
1620 2580 1784 2635 φησιν

193 2651 225 2700 ὁ
262 2648 590 2720 Ψαλμῳδὸς,
620 2651 702 2704 ὅτι
731 2649 819 2704 διὰ
849 2652 947 2712 τὰς
973 2653 1248 2724 ἁμαρτίας
1277 2655 1457 2708 αὐτῶν
1485 2657 1783 2711 ἐταπεινώ-

195 2737 398 2808 θησαν.
433 2738 604 2794 Τοῦτο
629 2737 792 2812 ἦλθεν
830 2743 858 2794 ὁ
899 2743 1333 2817 Ἐκκλησιαστὴς
1361 2746 1780 2817 ἐπισκέψασθαι,

194 2830 249 2882 τί
283 2829 512 2898 γέγονεν
546 2833 650 2886 ὐπὸ
672 2834 764 2886 τὸν
790 2834 1036 2906 οὐρανὸν,
1065 2835 1095 2888 ὃ
1131 2836 1206 2907 μὴ
1237 2837 1500 2908 πρότερον
1531 2833 1598 2908 ἦν
1617 2857 1634 2872 ο
1665 2840 1783 2904 πῶς

192 2920 510 2992 είσῆλθεν’ή
542 2925 837 2994 ματαιότης
857 2964 873 2990 ,
924 2925 1040 2989 πῶς
1073 2925 1417 2998 ἐπεκράτησε
1446 2928 1506 2981 τὸ
1538 2927 1783 3001 ἀνύπαρ-

1892 471 1951 516 υι
1989 461 2247 526 arbitror,
2306 475 2562 528 magnum
2610 459 2830 528 pietatis
2891 463 3236 532 mysterium.
3271 479 3463 533 nempe

1889 567 2130 623 quanam
2163 552 2231 606 de
2255 565 2423 605 causa
2478 549 2621 606 Deus
2658 552 2711 605 in
2743 567 2910 608 carne
2949 553 3023 608 sit
3055 553 3458 612 manifestatus.

1895 663 1914 695 ‹
1963 643 2116 707 Dedi,
2160 664 2178 695 ι
2220 643 2419 713 inquit,
2475 662 2493 694 ι
2554 657 2650 697 cor
2700 659 2879 698 meum
2934 654 2994 698 ut
3049 659 3348 714 quaererem
3407 657 3461 703 et

1889 737 2276 806 investigarem
2306 737 2362 790 in
2393 736 2663 804 sapientia
2706 737 2776 791 de
2828 737 3088 793 omnibus
3141 754 3263 808 qua:
3317 739 3460 794 facta

1888 835 2017 883 sunt
2036 827 2144 881 sub
2174 827 2308 882 sole.
2356 844 2374 878 ι
2437 825 2562 881 Haec
2597 833 2685 882 est
2744 841 2911 883 causa
2945 841 3048 881 cur
3085 827 3350 884 Dominus
3404 831 3460 884 in

1887 932 2055 973 carne
2080 917 2148 972 ad
2184 917 2434 972 homines
2463 916 2768 983 advenerit,
2808 926 2863 972 et
2909 918 3051 972 inter
3081 933 3178 972 eos
3234 919 3307 974 sit
3337 935 3460 975 ver-

1887 1017 2062 1075 satus,
2086 1023 2282 1080 nempe
2311 1016 2372 1063 ut
2405 1009 2562 1064 daret
2589 1023 2688 1063 cor
2717 1023 2875 1064 suum
2899 1009 2968 1063 ad
2997 1010 3457 1065 considerandmn

1887 1101 1941 1155 in
1971 1099 2236 1168 sapientia
2268 1114 2389 1163 sua,
2428 1099 2497 1154 de
2527 1099 2786 1155 omnibus
2811 1115 2932 1169 quae
2988 1099 3131 1153 facta
3193 1109 3320 1154 sunt
3355 1101 3458 1156 sub

1887 1191 2048 1246 cmlo.
2074 1189 2207 1244 Nam
2238 1205 2361 1260 quae
2389 1198 2518 1246 sunt
2555 1206 2722 1261 super
2746 1191 2969 1254 coelum,
2999 1206 3110 1245 non
3135 1205 3271 1260 opus
3293 1191 3458 1246 habe-

1886 1281 2020 1336 bant
2046 1282 2233 1352 aliquo
2267 1281 2362 1352 qui
2399 1281 2723 1352 inquireret,
2760 1298 2938 1352 neque
2969 1297 3034 1338 eo
3080 1284 3174 1353 qui
3211 1284 3457 1338 medere—

1885 1381 1978 1428 tur
2011 1374 2062 1428 id
2089 1373 2234 1443 quod
2263 1374 2453 1427 morbo
2486 1389 2594 1427 non
2643 1373 2950 1428 laborabat.
3009 1373 3274 1439 Quoniam
3327 1390 3460 1445 ergo

1887 1464 1943 1518 in
1978 1471 2126 1518 terra
2152 1470 2282 1529 sunt
2313 1463 2455 1516 mala
2483 1480 2497 1529 ;
2538 1463 2752 1532 reptilis
2773 1463 2918 1516 enim
2941 1471 2995 1517 ct
3021 1463 3256 1518 violenta
3284 1464 3458 1519 bestia

1887 1572 2149 1626 serpens,
2190 1573 2312 1626 quae
2359 1555 2603 1626 rependo
2655 1555 2904 1626 graditur
2937 1571 3103 1626 supra
3163 1564 3356 1626 pectus
3405 1565 3462 1612 et

1833 1677 1844 1690 -
1886 1657 2152 1706 ventrem.
2185 1657 2388 1703 terram
2417 1647 2678 1711 comedit,
2725 1656 2779 1702 et
2809 1648 2958 1701 nulla
2991 1663 3050 1702 re
3110 1662 3337 1702 vescens
3390 1664 3458 1703 ex

1887 1740 2204 1795 coalest-ibus
2230 1740 2300 1805 "',
2339 1739 2436 1796 sed
2464 1746 2687 1809 reptans
2725 1739 2779 1792 in
2816 1755 2882 1793 eo
2909 1738 3052 1810 quod
3086 1741 3350 1803 calcatur,
3391 1741 3459 1794 ad

1888 1833 1940 1887 id
1972 1847 2187 1902 semper
2218 1832 2417 1902 aspicit
2451 1832 2598 1901 quod
2638 1832 2909 1893 calcatur,
2946 1830 3245 1886 observans
3277 1831 3461 1885 calca--

1887 1939 2048 1978 neum
2077 1939 2299 1995 gressus
2348 1923 2610 1987 hominis,
2673 1938 2943 1978 venenum
3001 1923 3301 1978 immittens
3351 1924 3459 1979 illis

1885 2015 1978 2083 qui
2009 2017 2319 2070 amiserunt
2345 2022 2668 2084 potestatem
2691 2015 2938 2069 calcandi
2967 2029 3131 2084 super
3152 2024 3458 2084 serpentes;

1885 2116 2170 2177 propterea
2201 2106 2351 2162 dedit
2385 2121 2484 2162 cor
2513 2122 2673 2163 suum
2698 2107 2765 2161 ad
2798 2105 3187 2176 inquirendum
3235 2116 3288 2162 et
3326 2123 3461 2161 con—

1887 2195 2242 2250 siderandum
2271 2196 2340 2251 de
2374 2196 2633 2251 omnibus
2665 2211 2790 2265 qua:
2813 2195 2958 2250 facta
2986 2203 3116 2251 sunt
3154 2197 3259 2252 sub
3295 2197 3459 2252 caelo.

1885 2291 1944 2346 In
1982 2290 2052 2346 iis
2080 2290 2226 2345 enim
2255 2305 2378 2360 quae
2417 2298 2547 2344 sunt
2577 2305 2743 2360 supra
2774 2290 2968 2352 caelos,
3013 2290 3240 2344 minime
3271 2291 3459 2360 depri-

1885 2374 2138 2429 mendam
2193 2373 2433 2428 divinam
2483 2374 2632 2429 videt
2672 2374 3132 2444 magniﬁcentiam
3184 2373 3460 2445 Propheta

1885 2465 2074 2522 dicens
2102 2481 2122 2518 :
2153 2484 2172 2517 ‹
2210 2465 2427 2521 Elevata
2450 2473 2536 2521 est
2565 2466 2972 2537 magniﬁcentia
2999 2465 3120 2535 ejus
3153 2481 3318 2536 supra
3344 2481 3460 2520 coe-

1884 2556 2045 2613 los“.
2091 2575 2110 2607 ι
2140 2555 2601 2626 Quandoquidem
2631 2571 2697 2610 ea
2724 2571 2851 2624 pars
2889 2572 3010 2626 quae
3034 2565 3119 2611 est
3139 2557 3244 2612 sub
3277 2557 3456 2620 caelis.

1883 2648 2142 2718 depressa
2171 2658 2226 2704 et
2281 2648 2494 2719 abjecta
2531 2647 2635 2702 fuit
2667 2663 2765 2718 per
2819 2649 3031 2703 vitium.
3065 2649 3160 2704 Sic
3205 2650 3349 2704 enim
3383 2649 3460 2703 ait

1883 2739 2616 2812 Psalmographus,Propter
2632 2751 2857 2811 peccata
2881 2759 2982 2798 sua
3005 2743 3276 2797 humiliati
3307 2750 3458 2799 sunt.

1883 2833 1966 2888 Ad
1997 2833 2102 2887 hoc
2131 2831 2592 2888 considerandum
2636 2834 2788 2888 venit
2820 2832 3206 2898 Ecclesiastes,
3264 2849 3460 2906 nempe

1883 2922 2142 2993 quidnam
2175 2922 2376 2977 factum
2407 2923 2477 2978 sit
2509 2925 2612 2980 sub
2641 2928 2806 2988 caelo,
2836 2925 2981 2996 quod
3003 2926 3154 2996 prius
3181 2942 3288 2980 non
3316 2935 3458 2990 erat,

192 3027 350 3077 κτον,
383 3013 470 3077 τίς
498 3014 531 3084 ἡ
559 3014 846 3068 δυναστεία
891 3017 988 3070 τοῦ
1043 3018 1117 3088 μὴ
1167 3018 1522 3090 ὑπάρχοντος.
1569 3020 1643 3073 Τὸ
1671 3021 1780 3091 γὰρ

1888 3015 2340 3085 quemadmodum
2380 3015 2625 3086 ingressa
2671 3019 2743 3072 sit
2793 3019 3046 3073 vanitas:
3103 3016 3462 3088 quemadmo-

1894 3105 2013 3124 μμ
2049 3103 2099 3124 υ
2148 3105 2283 3124 ---Α
2327 3120 2430 3124 _-__
2603 3107 2647 3124 .7
2855 3109 2887 3124 .-
3062 3122 3091 3124 ,_
3194 3123 3219 3124 η

193 3104 371 3158 κακὸν
419 3107 807 3173 ἀνυπόστατον,
838 3110 920 3162 ὅτι
959 3112 1025 3164 ἐκ
1073 3110 1167 3164 τοῦ
1216 3111 1292 3182 μὴ
1338 3110 1490 3175 ὄντος
1521 3112 1618 3184 τὴν
1649 3115 1784 3167 ὑπό-

195 3211 392 3249 στασιν
417 3195 530 3267 ἔχει
547 3215 560 3229 ο
589 3199 651 3252 τὸ
673 3199 728 3252 δέ
753 3203 817 3253 ἐκ
840 3201 934 3253 τοῦ
957 3202 1108 3266 ὄντος
1140 3203 1216 3275 μὴ
1244 3203 1326 3267 ὃν,
1353 3203 1477 3258 οὐδέ
1504 3206 1619 3258 ἐστι
1654 3207 1784 3259 πάν-

190 3309 306 3355 τως
340 3293 482 3347 κατὰ
505 3293 605 3362 τὴν
637 3293 772 3347 ἰδίαν
795 3295 955 3364 φύσιν
977 3312 994 3329 ο
1022 3296 1135 3351 ἀλλ’
1165 3297 1314 3368 ὅμως
1337 3298 1445 3352 τῶν
1465 3302 1532 3371 τῇ
1560 3300 1782 3370 ματαιό-

191 3400 322 3452 τητι
348 3382 722 3453 ὀμοιωθέντων
756 3388 1048 3457 ἐπικρατεῖ
1082 3387 1404 3458 ματαιότης.

1887 3105 2018 3160 dum
2049 3103 2102 3158 id
2139 3105 2286 3175 quod
2327 3120 2434 3159 non
2470 3114 2557 3161 est
2603 3107 2915 3176 invaluerit,
2973 3122 3228 3179 quaenam
3270 3108 3344 3163 sit
3378 3106 3460 3162 vis

1887 3199 2008 3267 ejus
2042 3197 2190 3266 quod
2218 3211 2330 3252 non
2359 3205 2445 3253 est
2469 3216 2483 3252 :
2523 3199 2724 3254 malum
2747 3200 2892 3254 enim
2921 3215 3031 3254 non
3057 3209 3236 3270 potest
3271 3199 3461 3254 consi-

1888 3303 2052 3356 stere,
2071 3305 2196 3345 cum
2219 3305 2285 3345 ex
2311 3305 2379 3345 eo
2401 3291 2548 3360 quod
2573 3305 2683 3346 non
2711 3299 2815 3354 est,
2832 3292 3028 3347 habeat
3054 3292 3418 3347 substantiam
3442 3310 3455 3346 :

1889 3385 2030 3458 quod
2059 3392 2242 3439 autem
2278 3398 2386 3438 non
2416 3391 2502 3440 est
2552 3399 2619 3438 ex
2652 3399 2718 3438 eo
2783 3383 2932 3454 quod
2963 3393 3068 3450 est,
3113 3401 3180 3439 ne
3233 3384 3459 3438 omnino

153 3495 155 3497 ί
191 3474 420 3544 quidem
456 3483 542 3531 est
578 3477 878 3532 secundum
911 3492 1068 3533 suam
1098 3487 1394 3546 naturam;
1420 3487 1476 3535 et
1507 3493 1688 3536 tamen
1718 3480 1774 3536 in
1805 3495 1869 3536 ea
1897 3493 2020 3550 qua:
2059 3483 2192 3532 sunt
2221 3476 2454 3531 vanitati
2484 3477 2813 3542 assimilata,
2892 3477 3236 3533 dominatum
3308 3479 3454 3533 obti-

194 3573 294 3622 net
325 3566 560 3620 vanitas.

264 3657 477 3712 *Ηλθεν
501 3654 596 3711 οὖν
636 3656 935 3728 ἐκζητῆσαι
965 3658 1031 3727 τῇ
1064 3654 1256 3710 ἐαυτοῦ
1285 3656 1448 3728 σοφίᾳ
1475 3657 1528 3708 τί
1559 3657 1781 3726 γέγονεν

193 3752 305 3806 ὐπὸ
334 3751 428 3804 τὸν
454 3751 628 3819 ἥλιον,
658 3750 742 3812 τίς
771 3751 805 3819 ἡ
835 3749 1094 3818 σύγχυσις
1126 3749 1234 3802 τῶν
1262 3749 1388 3820 τῇδε
1418 3749 1779 3822 πραγμάτων,

193 3843 317 3907 πῶς
340 3841 611 3913 ἐδουλώθη
635 3841 697 3894 τὸ
715 3841 774 3894 ὃν
791 3841 867 3910 τῷ
891 3841 965 3912 μὴ
987 3840 1128 3894 ὄντι·
1165 3841 1280 3904 πῶς
1305 3841 1616 3896 δυναστεύει
1639 3841 1782 3895 κατὰ

189 3935 290 3989 τοῦ
341 3934 494 3996 ὄντος
539 3932 602 3985 τὸ
655 3933 1043 3985 ἀνυπόστατον.
1108 3949 1126 3982 ι
1155 3931 1266 3985 Καὶ
1304 3928 1442 3985 οἶδεν
1489 3933 1570 3985 ὅτι
1620 3949 1778 4000 περι-

193 4027 450 4098 σπασμὸν
481 4024 715 4095 πονηρὸν
758 4023 956 4076 ἔδωκεν
1005 4024 1035 4075 ὁ
1073 4023 1206 4086 Θεὸς
1240 4024 1352 4086 τοῖς
1394 4024 1528 4086 υἱοῖς
1569 4022 1781 4094 ἀνθρώ·

193 4136 340 4184 πων,
371 4117 465 4170 τοῦ
505 4115 876 4184 περισπᾶσθαι
907 4118 964 4168 ἐν
993 4115 1164 4185 αὐτῷ.
1206 4133 1224 4166 t
1273 4114 1445 4167 Τοῦτο
1473 4115 1551 4177 δὲ,
1582 4115 1678 4184 οὐχ
1706 4114 1782 4177 ώς

191 4215 261 4267 ἄν
287 4229 374 4274 τις
409 4211 473 4262 ἐκ
499 4208 594 4261 τοῦ
633 4208 924 4278 προχείρου
955 4208 1190 4278 νοήσειε,
1223 4207 1444 4270 εὐσεϐές
1485 4209 1632 4260 ἐστιν
1669 4207 1779 4260 ofs-

194 4304 346 4365 σθαι,
369 4303 452 4355 ὅτι
465 4301 626 4363 αὐτὸς
656 4299 853 4352 ἔδωκεν
868 4301 896 4352 ὁ
915 4297 1046 4361 Θεὸς
1064 4298 1155 4350 τὸν
1173 4297 1406 4368 πονηρὸν
1422 4298 1536 4360 τοῖς
1558 4297 1655 4350 ἀνθ
1663 4295 1775 4366 ρώ-

356 4391 772 4461 περισπασμόν·
822 4385 859 4461 ἦ
898 4390 1007 4460 γὰρ
1033 4390 1099 4444 ἂν
1133 4392 1212 4453 εἰς
1240 4392 1446 4443 ἐκεῖνον
1483 4391 1516 4461 ἡ
1547 4390 1654 4444 τῶν
1683 4409 1782 4444 κα-

1987 3655 2148 3712 Venit
2192 3673 2324 3728 ergo
2379 3658 2447 3712 ad
2477 3658 2864 3729 inquirendum
2907 3675 3003 3730 per
3037 3676 3191 3716 suam
3225 3664 3444 3732 sapien-

1881 3749 2044 3815 tiam,
2096 3749 2354 3817 quidnam
2423 3749 2628 3806 factum
2681 3751 2754 3806 sit
2812 3751 2918 3806 sub
2981 3753 3132 3807 sole:
3199 3769 3449 3822 quaenam

1881 3855 2063 3894 rerum
2088 3855 2209 3910 quae
2233 3840 2324 3894 hic
2364 3849 2514 3906 sunt,
2551 3841 2623 3895 sit
2667 3840 2940 3908 confusio,
2991 3842 3454 3912 quemadmodum

1880 3932 1933 3988 id
1962 3932 2105 4003 quod
2128 3940 2212 3987 est
2236 3932 2488 3988 eﬂ'ectum
2520 3933 2590 3990 sit
2623 3949 2844 3989 servum
2872 3933 2992 4001 ejus
3017 3934 3164 4004 quod
3197 3950 3304 3990 non
3343 3943 3451 4000 εει,

1883 4025 2347 4094 quemadmodum
2386 4025 2443 4080 in
2479 4026 2530 4080 id
2571 4026 2716 4096 quod
2745 4033 2852 4090 est,
2874 4025 3216 4080 dominatum
3243 4027 3456 4083 obtinet

1884 4118 1934 4171 id
1975 4118 2121 4187 quod
2155 4135 2264 4172 non
2295 4126 2476 4189 potest
2505 4119 2829 4174 consistere.
2863 4136 2881 4169 ι
2924 4117 2990 4172 Ει
3023 4121 3281 4190 cognovit
3309 4118 3456 4189 quod

1884 4210 2082 4263 malam
2138 4211 2553 4266 distractionem
2600 4210 2749 4264 dedit
2797 4209 2938 4264 Deus
2977 4211 3104 4266 ﬁliis
3146 4211 3454 4276 hominum,

1884 4307 1944 4352 ut
1974 4299 2418 4356 distraherentur
2447 4300 2503 4354 in
2529 4315 2614 4355 ea.
2661 4318 2680 4351 ι
2716 4299 2832 4354 Hoc
2856 4309 3038 4355 autem
3083 4317 3192 4355 non
3240 4309 3299 4355 ut
3339 4303 3459 4356 cui-

1883 4405 2046 4461 quam
2076 4392 2131 4445 in
2173 4398 2431 4460 promptu
2469 4389 2634 4445 fuerit
2660 4392 2924 4460 cogitare,
2952 4393 3098 4461 pium
3129 4400 3213 4447 est
3244 4402 3456 4462 putare,

198 4471 314 4540 κῶίδ
358 4485 512 4539 αἰτία
560 4480 975 4552 ἐπαναφέροιτο.
1036 4481 1097 4533 '0
1123 4481 1230 4551 γὰρ
1267 4481 1334 4551 τῇ
1369 4479 1526 4549 φύσει
1556 4481 1778 4550 ἀγαθὸς,

1888 4482 2034 4552 quod
2085 4484 2203 4552 ipse
2228 4479 2374 4537 Deus
2407 4481 2617 4537 dederit
2651 4484 2851 4536 malam
2902 4482 3218 4537 hominibus
3261 4483 3459 4538 distra-

195 4579 293 4632 καὶ
323 4576 548 4646 ἀγαθῶν
574 4574 789 4636 πάντως
819 4573 1148 4644 παρεκτικὸς
1186 4572 1393 4641 γίνεται
1418 4591 1432 4605 ο
1479 4573 1618 4627 διότι
1670 4577 1779 4628 πᾶν

200 4671 419 4743 δένδρον
459 4668 622 4722 καλὸν
656 4667 902 4738 καρποὺς
945 4665 1143 4727 καλοὺς
1175 4667 1350 4730 ποιεῖ,
1399 4666 1494 4718 καὶ
1519 4663 1640 4716 οὐτε
1673 4664 1780 4720 ἀπὸ

204 4761 459 4819 ἀκανθῶν
489 4759 754 4831 σταφυλὴ,
785 4758 906 4812 οὐτε
941 4757 1001 4823 ἐξ
1029 4759 1272 4830 ἀμπέλου
1302 4757 1512 4812 ἄκανθα
1543 4757 1736 4828 φύεται
1761 4775 1775 4790 -

205 4857 235 4912 ὃ
276 4853 371 4910 οὖν
413 4857 479 4927 τῇ
512 4851 670 4924 φύσει
709 4852 931 4922 ἀγαθὸν,
975 4853 1075 4906 οὐκ
1114 4853 1181 4906 ἄν
1216 4869 1269 4904 τι
1309 4850 1544 4924 πονηρὸν
1571 4853 1636 4905 ἐκ
1671 4851 1780 4906 τῶν

127 4959 136 4969 '
203 4949 497 5019 θησαυρῶν
530 4944 695 5000 αὐτοῦ
729 4944 1154 5015 προχειρίσαιτο.
1191 4943 1326 4998 Οὐδὲ
1373 4944 1481 5016 γὰρ
1519 4945 1548 4996 ὁ
1576 4944 1782 5012 ἀγαθὸς

204 5039 490 5112 ἅνθρωπος
524 5040 588 5091 ἐκ
615 5036 708 5090 τοῦ
743 5035 1179 5107 περισσεύματος
1221 5036 1322 5106 τῆς
1368 5037 1593 5108 καρδίας
1638 5035 1784 5089 κακὰ

205 5133 380 5196 λαλεῖ,
409 5130 545 5184 ἀλλὰ
575 5129 885 5200 κατάλληλα
912 5132 976 5200 τῇ
1007 5129 1200 5182 ἐαυτοῦ
1244 5129 1538 5198 φθέγγεται
1580 5131 1739 5197 φύσει
1763 5147 1777 5160 ’

204 5226 360 5296 πόσῳ
381 5219 476 5277 οὖν
502 5223 702 5293 μᾶλλον
733 5225 766 5294 ή
812 5223 918 5276 τῶν
949 5221 1167 5291 ἀγαθῶν
1197 5222 1346 5291 πηγὴ
1371 5223 1470 5274 οὐκ
1497 5223 1563 5276 ἄν
1588 5239 1638 5274 τι
1672 5223 1782 5275 τῶν

204 5316 464 5395 πονηρῶν
497 5317 561 5369 ἐκ
588 5316 684 5386 τῆς
717 5315 852 5377 ἰδίας
879 5313 1092 5382 φύσεως
1134 5314 1389 5384 προχέοι;
1435 5313 1595 5366 Ἀλλὰ
1628 5313 1783 5367 τοῦτο

205 5410 349 5463 νοεῖν
390 5407 702 5460 ὑποτίθεται
734 5409 768 5478 ὴ
799 5405 1158 5474 εὐσεϐεστέρα
1185 5404 1415 5469 διάνοια,
1451 5406 1532 5458 ὅτι
1558 5404 1620 5462 τὸ
1647 5407 1783 5474 ἀγα-

208 5498 302 5554 θὸν
333 5499 429 5552 τοῦ
460 5499 596 5552 Θεοῦ
632 5500 794 5570 δόμα.
845 5496 1013 5551 Τοῦτο
1060 5496 1117 5549 δέ
1159 5497 1326 5564 ἐστιν,
1369 5501 1400 5569 ἡ
1441 5497 1786 5563 αὐτεξούσιος

1888 4573 2148 4629 ctionem.
2180 4572 2273 4628 Sic
2295 4573 2443 4628 enim
2481 4573 2745 4628 malorum
2780 4588 2946 4628 causa
2978 4574 3032 4628 in
3061 4574 3211 4627 illum
3244 4573 3460 4628 conter-

1888 4672 2062 4719 retur.
2089 4664 2244 4725 Nam,
2277 4665 2372 4734 qui
2418 4675 2503 4720 est
2533 4674 2727 4720 natura
2784 4665 2983 4726 bonus,
3037 4664 3180 4719 bona
3239 4679 3460 4735 quoque

1889 4757 2092 4828 praebet
2115 4757 2360 4822 omnino,
2389 4759 2648 4826 quoniam
2675 4758 2856 4814 omnis
2889 4757 3058 4812 arbor
3083 4757 3250 4821 bona,
3283 4757 3458 4812 bonos

1891 4848 2104 4906 fructus
2131 4848 2280 4914 facit,
2308 4859 2361 4904 et
2392 4864 2569 4918 neque
2595 4863 2660 4903 ex
2694 4848 2870 4917 spinis
2899 4863 3021 4912 uva,
3053 4863 3230 4916 neque
3259 4863 3326 4903 ex
3354 4849 3461 4904 vite

1891 4944 2049 5015 Spina
2075 4943 2324 4998 nascitur
2346 4942 2412 4997 ‘7.
2437 4940 2595 5006 Quod
2617 4956 2748 5011 ergo
2767 4955 2866 4996 sua
2896 4948 2980 4996 est
3004 4947 3200 4994 natura
3230 4939 3455 5005 bonum,

1889 5052 1957 5091 ex
1988 5036 2105 5092 suis
2159 5034 2441 5091 thesauris
2489 5035 2693 5087 malum
2732 5048 2840 5086 non
2874 5033 3215 5102 produxerit.
3270 5029 3460 5101 Neque

1888 5131 2034 5186 enim
2069 5130 2247 5185 bonus
2273 5129 2437 5183 homo
2485 5143 2556 5182 ex
2603 5126 2940 5182 abundantia
2970 5126 3152 5181 cordis
3189 5125 3330 5179 mala
3382 5125 3458 5180 Io-

1889 5223 2078 5293 quitur
2101 5222 2168 5285 ⁸⁸,
2195 5221 2287 5276 sed
2325 5235 2388 5276 ea
2447 5220 2690 5289 loquitur
2724 5233 2846 5288 qua:
2898 5226 3028 5272 sunt
3083 5231 3197 5271 suae
3245 5223 3458 5271 natura:

1889 5314 2310 5370 convenientia:
2357 5321 2566 5382 quanto
2620 5326 2750 5380 ergo
2785 5309 2959 5380 magis
3005 5308 3130 5364 fons
3186 5309 3455 5364 bonorum

1891 5406 2026 5460 nihil
2054 5406 2181 5458 mali
2212 5421 2279 5460 ex
2317 5419 2416 5458 sua
2447 5411 2643 5458 natura
2675 5400 3030 5472 profuderit?
3055 5401 3152 5456 sed
3185 5401 3287 5454 hoc
3321 5415 3455 5471 prae-

1893 5497 1980 5552 bet
2013 5496 2451 5566 intelligendum,
2480 5496 2573 5565 qui
2602 5503 2686 5550 est
2718 5494 2895 5564 magis
2925 5494 3047 5565 pius
3072 5508 3287 5558 sensus,
3311 5491 3455 5568 quod

281 5673 489 5749 “gen.
515 5690 595 5740 ιιι,
630 5675 708 5733 14.
790 5673 1124 5742 δεΡεςιΙτνι,
1155 5675 1233 5730 17.
1314 5677 1355 5708 ⁸⁷
1392 5674 1581 5734 .‘ilattlt.
1610 5691 1702 5743 vn,
1737 5675 1782 5733 1(

1899 5674 1939 5707 ’⁸⁸
1972 5673 2156 5732 Matth.
2182 5691 2280 5741 ιιι,
2315 5674 2382 5730 54
2407 5692 2419 5742 ;
2445 5672 2574 5733 Luc.
2617 5691 2688 5742 rt,
2727 5675 2815 5736 45.
