3870 6220
491 244 597 302 659

491 448 726 516 arbitrii,
758 452 876 522 qui,
906 453 1034 509 dum
1063 461 1314 523 eo‘abusi
1345 477 1474 520 sunt
1496 469 1772 533 homines,
1805 488 2066 543 peccans,

493 539 600 593 fuit
639 540 693 594 in
728 543 1046 604 hominibus
1071 550 1500 611 instrumentum
1530 561 1597 614 ad
1622 539 1929 631 peccatum.
1966 568 2070 623 Bo-

492 643 622 684 num
659 648 804 689 enim
838 644 921 691 est
973 647 1170 697 natura
1218 653 1273 699 et
1319 649 1571 704 servituti
1602 668 1712 708 non
1766 656 2068 714 obnoxium

493 719 726 779 liberum
787 730 1101 790 arbitrium.
1156 735 1313 802 Quod
1369 748 1554 796 autem
1607 756 1693 801 est
1741 752 2068 807 necessitati

493 812 833 884 subiectum,”
858 821 913 875 in
947 823 1106 881 bonis
1142 844 1300 883 nemo
1345 837 1758 906 numeraverit;
1821 840 1917 895 sed
1948 842 2067 912 ipsa

490 904 662 963 libera
688 913 889 969 mentis
920 919 1204 986 appetitio,
1232 936 1360 976 cum
1391 924 1532 980 citra
1558 904 1863 1000 disciplina:
1894 904 2067 991 casti-

491 1000 773 1069 sationem
814 1006 880 1060 ad
912 1008 1223 1079 eligendum
1256 1014 1447 1070 vitium
1488 1017 1826 1091 deduxisset,
1876 1027 2067 1085 effecta

489 1097 575 1144 est
599 1090 796 1149 animae
823 1100 1073 1164 tentatio,
1105 1118 1226 1172 quae
1255 1119 1287 1158 a
1334 1108 1500 1165 rebus
1533 1116 1769 1172 excelsis
1891 1121 2066 1177 bono-

489 1179 663 1236 rilicis
683 1189 948 1244 convulsa
976 1199 1064 1247 est
1106 1196 1172 1249 ad
1214 1198 1382 1255 animi
1411 1213 1615 1271 motus,
1641 1210 1738 1278 qui
1775 1212 2070 1271 vehemen-

493 1281 578 1327 ter
603 1279 928 1344 perturbant
951 1290 1006 1336 et
1034 1284 1297 1343 alliciunt.
1331 1289 1448 1348 Hoc
1475 1305 1560 1351 est
1593 1302 1739 1369 quod
1791 1304 2067 1374 signiﬁcat

488 1363 628 1421 illud
658 1385 677 1419 ι
711 1369 882 1425 dedit.
921 1392 941 1426 ι
980 1374 1096 1432 Non
1134 1383 1282 1450 quod
1335 1385 1451 1457 ipse
1498 1363 1700 1447 malum
1732 1363 1872 1451 vita;
1889 1397 2067 1455 homi-

451 1471 624 1512 tnum
674 1459 953 1533 indiderit,
1006 1470 1101 1524 sed
1135 1474 1282 1543 quod
1323 1476 1483 1537 bonis
1529 1497 1653 1552 quae
1686 1500 1716 1540 a
1773 1486 1880 1543 Deo
1937 1492 2065 1548 data

489 1557 645 1614 sunt,
677 1551 843 1609 homo
873 1571 1094 1630 propter
1127 1565 1368 1637 in0piam
1405 1551 1646 1640 consilii,
1679 1594 1817 1639 usus
1845 1582 1919 1637 sit
1945 1591 2067 1638 tan-

1728 267 1787 323 s.
1828 268 2159 330 GREGOHII
2199 263 2486 335 mssast

488 357 694 411 bimum
724 367 808 414 est
834 359 1039 418 don-um
1078 364 1195 422 Dei.
1228 367 1342 426 Hoc
1369 383 1551 430 autem
1583 387 1668 434 est
1703 389 1887 437 motus
1913 385 2067 440 liberi
2097 395 2144 453 Α
2171 390 2384 462 κίνησις
2414 395 2448 466 ἢ

2495 400 2560 469 τῇ
2591 382 3001 476 διημᾶρτημένῃ
3046 405 3155 459 τῶν
3199 382 3503 481 ἀνθρωπων
3545 417 3732 486 κρήσει

2169 481 2398 553 ὄργανον
2424 489 2504 552 εἰς
2530 491 2802 563 ἁμαρτίαν
2831 497 3062 563 ἐγένετο.
3105 501 3330 567 Ἀγαθὸν
3356 504 3462 576 γὰρ

2166 572 2227 625 τὸ
2273 575 2612 641 αὐτεξούσιον
2658 584 2754 636 καὶ
2790 586 3104 655 ἀδούλωτον,
3144 592 3206 644 τὸ
3240 592 3296 645 δὲ

2167 663 2454 733 ἀνάγκαις,
2494 672 2594 724 οὐκ
2641 673 2707 727 ἄν
2741 693 2826 739 τις
2853 679 2910 731 ἐν
2940 680 3164 746 ἀγαθοῖς
3194 663 3588 756 ἀριθμήσειενί
3622 689 3733 742 ἀλλ’

2167 755 2202 825 ἠ
2230 757 2575 826 αὐτεξούσιος
2608 763 2746 836 αὕτη
2771 768 2871 837 τῆς
2903 770 3143 837 διανοίας
3171 776 3314 848 ὁρμὴ
3343 755 3729 850 ἀὲαιδαῖωτή⁴·

2166 862 2273 910 τως
2302 850 2440 920 πρὸς
2463 853 2563 924 τὴν
2596 857 2806 927 αἵρεσιν
2831 861 2931 931 τῆς
2973 864 3169 928 κακίας
3200 868 3573 939 ἀπορρυεῖσα,
3618 891 3736 925 πει-

2168 940 2375 1008 ρασμὸς
2399 942 2500 1013 τῆς
2528 944 2707 1017 ψυχῆς
2732 950 2947 1016 ἐγένετο
2968 993 2987 1019 ,
3032 956 3142 1010 ἀπὸ
3171 958 3278 1011 τῶν
3306 961 3529 1032 ὑψηλῶν
3552 981 3613 1017 τε
3642 967 3738 1019 καὶ

2165 1031 2379 1100 τιμίων,
2412 1034 2548 1106 πρὸς
2576 1038 2674 1101 τὰς
2699 1041 2965 1110 ἐμπαθεῖς
2989 1046 3086 1117 τῆς
3114 1048 3327 1117 φύσεως
3362 1031 3609 1123 κινήσεις
3640 1074 3738 1108 κα.-

2163 1122 2588 1198 τασπασθείσης.
2614 1129 2782 1184 Τοῦτό
2806 1135 2951 1188 ἐστιν
2975 1136 3005 1189 6
3024 1139 3277 1207 σημαίνει
3297 1142 3357 1195 τὸ
3391 1161 3412 1194 ε
3449 1144 3678 1205 ἔδωκεν.
3714 1168 3734 1201 ι

2163 1212 2261 1283 οὐχ
2289 1215 2372 1268 ὅτι
2399 1218 2561 1281 αὐτὸς
2586 1219 2646 1273 τὸ
2676 1224 2847 1281 κακὸν,
2884 1230 2949 1297 τῇ
3000 1229 3108 1280 τῶν
3146 1231 3445 1302 ἀνθρώπων
3487 1234 3605 1306 ζωῇ
3654 1240 3735 1289 ἐν·

2163 1308 2438 1377 εποίησεν,
2474 1310 2590 1363 ἀλλ’
2615 1315 2698 1366 ὅτι
2742 1318 2856 1378 τοῖς
2893 1320 3045 1389 παρά
3077 1321 3212 1374 Θεοῦ
3242 1323 3470 1377 δοθεῖσιν
3509 1327 3740 1394 ἀγαθοῖς

2163 1398 2193 1450 6
2214 1398 2495 1470 ἄνθρωπος
2518 1404 2621 1457 ὑπὸ
2643 1405 2894 1471 ἀϐουλίας
2912 1412 3095 1465 κακῶν
3116 1414 3418 1484 ὑπηρεσίαν
3440 1419 3737 1488 ἐχρήσατο.

2165 1487 2400 1559 Σύνηθες
2423 1493 2481 1545 δέ
2508 1494 2624 1547 ἐστι
2652 1500 2717 1567 τῇ
2747 1498 2880 1570 ἁγίᾳ.
2913 1502 3098 1572 Γραφῇ
3124 1505 3193 1557 τὰ
3219 1506 3442 1561 τοιαῦτα
3612 1527 3741 1581 νοη-

2167 1582 2351 1651 μάτων
2395 1588 2515 1649 ταῖς
2563 1589 2838 1655 τοιαύταις
2868 1592 3212 1663 ἐξαγγέλλειν
3252 1603 3456 1666 φωναῖς
3486 1619 3501 1631 ”
3552 1603 3631 1664 ὡς
3655 1605 3740 1668 τὸ,

487 1656 653 1710 quam
676 1646 942 1703 malorum
966 1652 1338 1715 adminiculis.
1356 1659 1655 1720 Consuevit
1671 1679 1853 1726 autem
1875 1687 2049 1731 sancta

491 1730 774 1760 ulna—1..--
808 1745 844 1760 ,Α
870 1741 942 1760 ιη-
988 1759 996 1760 ,
1225 1749 1240 1760 .
1305 1751 1315 1760 .
1504 1754 1535 1760 -_

2168 1646 2532 1745 iﬂapéc'iwxs'v
2562 1681 2758 1746 αὐτοὺς
2784 1646 2988 1751 δ’Θξδέ
3010 1646 3100 1750 εἰς
3126 1646 3549 1760 πάθηῐάτιμίαςο
3571 1714 3591 1746 ι
3619 1700 3739 1760 καὶ,

491 1730 777 1804 Scriptura
808 1741 948 1797 tales
980 1759 1179 1802 sensus
1225 1749 1541 1821 huiusmodi
1579 1762 1872 1819 enuntiare
1921 1768 2049 1822 voci

491 1822 591 1859 Ιιιια
670 1837 724 1859 nl
758 1830 862 1859 In...
953 1854 967 1859 -
1033 1836 1279 1859 'I'L.-J!J!.
1468 1849 1503 1859 ,ι
1673 1853 1684 1859 -
1914 1858 1921 1859 ,

2170 1784 2190 1817 ι
2217 1730 2455 1823 Ἔδωκεν
2472 1730 2667 1836 αὐτοὺς
2680 1730 2760 1839 εἰς
2774 1730 3029 1848 ἀδόκιμῒον
3049 1730 3193 1844 νοῦν,
3216 1800 3236 1831 ι
3255 1730 3346 1836 καὶ
3361 1730 3742 1859 ιτΕῖκλήρυνε

488 1822 615 1892 bus,
670 1837 728 1882 ιιι
758 1830 885 1897 hoc,
948 1854 967 1886 ι
1033 1836 1285 1896 Tradidit
1339 1859 1436 1900 eos
1467 1849 1611 1906 Deus
1671 1853 1727 1907 in
1779 1858 2064 1924 passiones

487 1914 888 1986 ignominiae".
932 1945 953 1979 ι
990 1927 1074 1996 Et,
1102 1950 1122 1982 ι
1156 1931 1314 1989 Dedit
1346 1951 1442 1993 eos
1476 1939 1618 1998 Deus
1661 1944 1717 1999 in
1773 1914 2062 2016 reprobum

483 2015 802 2069 sensum“.
844 2037 864 2071 ι
898 2018 983 2083 Ει.
1027 2042 1046 2076 ι
1089 2026 1375 2084 induravit
1407 2046 1506 2088 cor
1556 2015 1963 2110 Pharaonis“;
2005 2053 2063 2100 et

483 2100 646 2168 illud,
685 2124 704 2156 ι
744 2109 1025 2170 Aberrare
1059 2132 1162 2174 nos
1204 2117 1385 2177 fecisti
1413 2138 1444 2177 a
1490 2127 1578 2180 via
1620 2137 1734 2193 tua,
1791 2100 2059 2199 indurasti

483 2192 653 2250 corda
688 2207 899 2266 nostra,
930 2214 987 2259 ut
1017 2213 1070 2261 te
1097 2223 1205 2264 non
1230 2212 1486 2269 timerent
1507 2217 1575 2271 δ’.
1608 2238 1627 2269 ι
1656 2192 1737 2285 Et,
1772 2242 1792 2273 ‹
1822 2224 2060 2282 Abduxit

481 2294 580 2351 eos
606 2282 661 2338 in
692 2285 861 2354 invio,
888 2301 941 2345 et
969 2309 1075 2348 non
1112 2296 1167 2350 in
1198 2299 1281 2353 via
1306 2300 1375 2349 ⁵⁸.
1433 2322 1453 2353 ι
1484 2304 1575 2371 Ει,
1614 2326 1634 2358 ι
1678 2282 1949 2380 Decepisti
1973 2330 2060 2371 me

478 2378 537 2426 et
567 2372 826 2447 deceptus
859 2396 979 2436 sum
1004 2386 1053 2417 δ’
1078 2405 1091 2440 :
1136 2407 1156 2438 ι
1186 2397 1241 2444 et
1267 2406 1613 2465 quaecunque
1639 2410 1769 2454 sunt
1815 2372 2060 2470 eiusmo-

480 2461 642 2523 di.in
680 2470 882 2539 quibus
909 2486 1140 2535 exactus
1190 2496 1392 2540 sensus
1428 2461 1537 2542 non
1586 2461 2063 2550 ostendit'bomi-

483 2570 617 2612 num
653 2561 937 2634 quidpiam
968 2582 998 2623 a
1026 2567 1138 2625 Deo
1174 2576 1459 2633 exstitisse
1480 2579 1538 2633 in
1562 2579 1799 2638 humana
1828 2596 2054 2645 natura:

479 2647 576 2703 sed
614 2661 939 2719 potestatem
968 2672 1197 2719 accusat
1233 2676 1288 2721 et
1315 2667 1660 2739 libertatem,
1697 2690 1821 2746 quae
1852 2679 2055 2736 bonum

475 2739 699 2807 quidem
730 2753 837 2811 est,
870 2757 923 2803 et
951 2748 1045 2806 Dei
1080 2753 1284 2811 donum
1323 2770 1534 2819 natura
1574 2739 1805 2824 datum:
1852 2771 2056 2826 malum

473 3107 713 3164 vanitas.
744 3130 763 3164 ι
804 3112 924 3170 Non
954 3127 1076 3173 erat
1104 3122 1252 3178 enim
1283 3126 1378 3195 qui
1413 3128 1758 3200 intelligeret,
1792 3150 1902 3190 non
1935 3147 2054 3192 erat

474 3195 569 3263 qui
610 3195 778 3254 Deum
824 3206 1129 3274 requireret
1147 3211 1237 3269 5':
1285 3232 1307 3268 ι
1361 3195 1803 3289 ςυιιηάοᾷιιίᾱειῃ
1864 3238 2053 3282 omnes

471 3285 909 3361 declinaverunt,
955 3299 1120 3355 simul
1168 3285 1392 3363 inutiles
1482 3285 1615 3364 facti
1678 3321 1831 3368 sunt.
1910 3313 2049 3369 Pro-

469 3385 657 3447 pterea
690 3396 816 3437 cum
850 3386 1122 3453 dixisset:
1152 3414 1169 3446 ι
1212 3394 1355 3454 Ecce
1385 3401 1567 3455 omnia
1600 3405 1834 3470 vanitas,
1862 3425 1881 3458 ι
1925 3410 2051 3464 sub-

466 3468 649 3538 iunxit
678 3489 925 3543 causam,
979 3499 1174 3556 nempe
1218 3490 1365 3559 quod
1397 3490 1541 3548 Deus
1582 3510 1693 3551 non
1732 3505 1819 3552 est
1875 3513 2047 3557 causa

467 3560 690 3631 borum,
746 3569 844 3624 sed
884 3568 1138 3632 humanae
1182 3581 1537 3649 appetitionis
1584 3585 1755 3642 libera
1805 3588 2038 3655 electio,

466 3666 635 3722 quam
659 3661 877 3715 vocavit
918 3665 1197 3734 spiritum.
1235 3667 1398 3728 Hunc
1437 3681 1621 3729 autem
1657 3688 1883 3734 accusat
1928 3681 2042 3751 spi-

2163 1859 2262 1930 τὴν
2296 1862 2523 1932 καρδίαν
2548 1865 2745 1937 Φαραώ
2777 1884 2791 1898 ·
2810 1868 2935 1922 »καὶ
2976 1871 3056 1933 τὸ,
3087 1891 3106 1923 ι
3137 1872 3202 1924 Τί
3228 1874 3538 1947 ὲπλάνησας
3562 1881 3737 1950 ἡμᾶς,

2163 1951 2356 2022 Κύριε,
2387 1955 2494 2007 ἀπὸ
2519 1958 2617 2026 τῆς
2658 1957 2777 2012 ὁδοῦ
2816 1975 2929 2024 σου,
2975 1962 3314 2035 ὲσκλήρυνας
3358 1969 3459 2032 τὰς
3507 1973 3739 2043 καρδίας

2161 2043 2194 2113 ἡ
2203 2042 2318 2111 μῶν
2336 2044 2430 2097 τοῦ
2454 2045 2530 2116 μὴ
2547 2048 2827 2113 φοϐεῖσθαί
2857 2064 2973 2116 σες»
2990 2053 3103 2117 καὶ,
3127 2074 3146 2106 ι
3186 2057 3516 2131 Ἐπλάνησεν
3537 2042 3737 2130 «6:06;

2161 2133 2220 2187 ἐν
2252 2135 2438 2206 ἀϐάτῳ
2468 2139 2561 2190 καὶ
2578 2139 2677 2209 ούχ
2698 2140 2820 2211 ὀδῷ·
2840 2162 2861 2194 ι
2887 2145 3028 2207 xum
3053 2147 3367 2218 Ὴπάτησάς
3387 2170 3456 2222 με
3476 2155 3575 2207 καὶ
3595 2158 3721 2226 hara-

2160 2223 2332 2295 τήθην
2360 2242 2375 2258 ο
2398 2229 2521 2281 »καὶ
2559 2229 2660 2283 ὅσα
2690 2232 2900 2298 τούτοις
2930 2237 3079 2290 ἐστὶν
3109 2240 3419 2311 ὁμότροπα,
3468 2248 3556 2314 ἐφ’
3699 2251 3736 2320 ἡ

2160 2317 2393 2389 ἀκριϐὴς
2442 2319 2648 2375 διάνοια
2694 2325 2755 2377 ού
2802 2326 2861 2379 τὸ
2892 2329 3043 2399 παρά
3077 2331 3170 2384 τοῦ
3220 2333 3354 2388 Θεοῦ
3397 2351 3452 2390 τι
3497 2339 3611 2392 τῶν
3637 2317 3725 2394 ἀνέ

2161 2405 2394 2477 θρὼπων
2423 2412 2736 2479 ἐγγενέσθαι
2769 2418 2835 2486 τῇ
2873 2416 3186 2492 ἀνθρωπίνῃ
3217 2425 3500 2496 συνίστησι
3537 2429 3727 2498 enim“

2158 2498 2295 2554 ἀλλὰ
2322 2508 2615 2575 κατηγορεῖ
2637 2508 2737 2576 τῆς
2766 2509 3038 2576 ἔξουσίας,
3067 2515 3100 2584 ἢ
3133 2516 3341 2584 ἀγαθὸν
3365 2521 3467 2589 μέν
3493 2523 3616 2576 ἐστι
3643 2527 3728 2578 καὶ

2158 2590 2293 2645 Θεοῦ
2320 2593 2491 2663 δῶρον
2513 2596 2792 2668 δεδομένον
2836 2605 2903 2673 τῇ
2930 2603 3090 2671 φύσει
3124 2623 3142 2639 ⁶
3192 2609 3384 2679 γέγονε
3405 2612 3484 2677 δὲ,
3514 2615 3611 2668 διὰ
3635 2618 3727 2685 τῆς

2158 2679 2296 2751 πρὸς
2320 2681 2383 2736 τὸ
2415 2686 2655 2740 ἐναντίον
2686 2689 2857 2759 ῥοπῆς
2888 2693 3073 2747 κακόν.
3114 2692 3271 2750 Εῐδεν
3299 2695 3399 2753 οὖν
3432 2704 3462 2756 6
3502 2679 3730 2774 Ἑκκληξ

2158 2773 2381 2844 σιαστὴς
2429 2776 2720 2847 σύμπαντα
2759 2782 2827 2835 τά
2876 2788 3222 2858 πεποιημένα
3267 2792 3327 2844 ὲν
3369 2793 3450 2864 τῷ
3487 2795 3599 2848 ὑπὸ
3640 2773 3725 2849 sos

2156 2863 2304 2935 ἥλιον
2339 2865 2469 2937 βίῳ,
2494 2870 2574 2922 ὅτι
2600 2872 2777 2926 πάντα
2806 2870 2874 2946 ἦν
2909 2879 3225 2952 ματαιότης.
3263 2900 3284 2935 v
3319 2863 3437 2938 Ούκ
3464 2881 3536 2956 ἦν
3562 2889 3674 2958 γάρ
3699 2889 3725 2940 6

2157 2957 2371 3022 ωνιῶν,
2400 2959 2500 3012 οὐκ
2523 2954 2589 3031 ἦν
2618 2963 2647 3015 6
2674 2963 2922 3033 ἐκζητῶν
2957 2966 3046 3019 τὸν
3076 2968 3210 3022 Θεόν
3228 2987 3244 3003 ·
3266 2989 3287 3023 ι
3308 2954 3499 3044 ἐπειδῆ
3528 2954 3725 3040 πάντες

2155 3047 2449 3115 ἐξέκλιναν,
2493 3050 2609 3121 ἅμα
2638 3053 3043 3126 ὴχρειώθησαν.
3085 3059 3185 3113 Διά
3221 3060 3378 3116 τοῦτο
3418 3063 3616 3130 εἰπὼν,
3645 3068 3724 3120 ὅτι

2165 3157 2183 3188 ι
2206 3133 2308 3193 Καὶ
2343 3139 2451 3195 ίδοὺ
2478 3144 2547 3197 τά
2591 3146 2771 3201 πάντα
2802 3150 3120 3223 ματαιότης,
3161 3171 3182 3205 ι
3229 3152 3332 3225 τὴν
3363 3157 3551 3210 αἰτίαν
3593 3160 3721 3230 ἐπήν

2153 3245 2343 3298 γαγεν,
2374 3232 2456 3287 ὅτι
2483 3235 2580 3306 οὑχ
2621 3238 2651 3290 6
2689 3238 2821 3305 Θεὸς
2848 3240 3052 3296 τούτων
3080 3244 3269 3311 αῐτιος,
3309 3247 3449 3301 ἀλλά
3475 3251 3508 3319 η
3537 3252 3706 3321 προαί

2155 3336 2304 3389 ρεσις
2329 3323 2427 3391 τῆς
2459 3325 2804 3402 ἀνθρωπίνης
2831 3330 3028 3405 ὁρμῆς,
3057 3335 3125 3405 ἢν
3162 3336 3380 3407 πνεῦμα
3417 3340 3721 3411 ὠνόμασεν.

2152 3410 2462 3484 Κατηγορεῖ
2489 3416 2546 3469 δὲ
2566 3418 2753 3474 τούτου
2782 3421 2877 3475 τοῦ
2904 3424 3233 3495 πνεύματος,
3260 3429 3359 3499 οὐχ
3376 3430 3459 3484 ὅτι
3485 3433 3722 3487 τοιοῦτον

2152 3498 2212 3566 ἐξ
2255 3503 2428 3596 ᾇρχῆς
2479 3503 2598 3580 ἦν·
2670 3512 2707 3585 ἦ
2743 3512 2851 3586 γὰρ
2900 3514 2967 3569 ἂν
3022 3517 3127 3583 ἔξω
3176 3498 3510 3592 κατητορίας
3565 3519 3722 3596 ἦννεδ

2148 3595 2389 3652 τοιοῦτον
2422 3601 2661 3669 ἐγένετο·
2680 3606 2794 3661 ἀλλ’
2818 3608 2901 3663 ὅτι
2932 3610 3261 3685 διαστραφὲν
3286 3595 3605 3689 ἐιῇρμόσθη
3631 3619 3725 3673 τοῦ

2147 3688 2375 3759 κόσμου.

466 3746 656 3816 ritum,
685 3766 795 3807 non
824 3757 970 3825 quod
1015 3760 1139 3816 talis
1163 3772 1310 3820 esset
1355 3766 1424 3820 ab
1469 3767 1663 3825 initio:
1719 3771 1854 3827 nulli
1884 3746 2031 3830 enim
2068 3746 2290 3838 crimini
2324 3786 2519 3843 fuisset
2547 3788 2743 3856 amnis,
2766 3792 2813 3848 si
2840 3792 2968 3849 talis
2998 3803 3162 3851 natus
3188 3806 3373 3862 esset;
3416 3800 3513 3854 sed
3576 3800 3725 3870 quod

466 3849 756 3870 unum“,
791 3847 853 3870 ,.,
883 3862 1101 3870 ,μ-,ηη
1149 3861 1194 3870 ,κ
1246 3855 1281 3870 --
1510 3860 1539 3870 ι

464 3849 759 3908 perversus
788 3847 857 3901 ab
879 3861 1205 3909 ornamento
1230 3855 1569 3916 discesserit.

540 4051 561 4085 ι
606 4032 958 4106 Perversum,
991 4060 1011 4094 ι
1050 4042 1248 4116 inquit,
1279 4067 1299 4100 ι
1328 4065 1438 4106 non
1460 4055 1659 4121 poterit
1676 4063 1932 4116 exornari
1960 4081 1973 4116 :
2006 4081 2026 4115 ι

462 4125 571 4183 hoc
603 4138 709 4196 est,
734 4146 1055 4202 perversum
1084 4155 1196 4195 non
1222 4140 1388 4198 fuerit
1410 4148 1746 4206 conveniens
1766 4162 2034 4212 creaturae

461 4234 493 4272 a
525 4219 636 4276 Deo
682 4234 980 4284 exornata.
1039 4228 1327 4296 Quomodo
1373 4238 1518 4293 enim
1567 4241 1787 4307 artifex,
1823 4247 1917 4316 qui
1967 4264 2030 4303 ex

459 4313 747 4381 proposito
768 4315 977 4386 aliquid
1002 4321 1107 4375 sibi
1134 4320 1460 4390 fabricatur,
1484 4332 1673 4402 regula
1700 4344 1755 4390 et
1780 4313 1871 4393 ﬁlo
1896 4338 2036 4393 diri-

461 4400 544 4471 git
579 4412 766 4472 partes
798 4423 921 4477 qua:
952 4413 1290 4469 concludunt
1338 4420 1486 4474 vasis
1539 4400 1905 4497 eﬂ‘ectionem,
1938 4445 2035 4499 per

461 4494 818 4552 artificiosam
852 4499 921 4555 ad
969 4517 1030 4558 se
1080 4504 1313 4562 invicem
1350 4509 1749 4574 habitudinem.
1792 4518 1848 4574 Si
1890 4494 2032 4592 quid

460 4596 642 4640 autem
680 4603 748 4643 ex
775 4589 864 4647 bis
919 4592 986 4647 ad
1018 4593 1169 4650 filum
1199 4614 1310 4654 non
1360 4602 1434 4657 sit
1463 4603 1759 4675 directum,
1810 4589 2033 4681 perver-

458 4675 668 4732 sionem
699 4683 926 4738 omnino
951 4701 1062 4741 non
1100 4691 1358 4761 suscipit,
1403 4710 1526 4765 quae
1551 4707 1699 4754 recta
1729 4675 1850 4757 erat
1877 4718 2030 4760 com-

453 4779 596 4838 pago
614 4776 670 4824 et
682 4768 947 4839 iunctura
972 4793 988 4842 ;
1016 4778 1113 4833 sed
1134 4778 1189 4834 id
1221 4796 1441 4853 quoque
1461 4786 1531 4840 ad
1551 4786 1702 4844 ﬁlum
1724 4792 2030 4852 deducatur

451 4866 693 4928 oportet,
719 4870 781 4917 ut
818 4873 1029 4922 rectum
1062 4867 1177 4936 liat,
1212 4872 1260 4927 si
1296 4873 1538 4932 futurum
1571 4889 1656 4936 est
1688 4889 1749 4935 ut
1778 4899 1902 4939 eum
1933 4902 2024 4952 eo,

450 4951 601 5020 quod
644 4962 857 5011 rectum
913 4966 1038 5025 est,
1099 4961 1489 5036 coniungatur.
1546 4968 1623 5025 lta
1674 4974 1840 5029 etiam
1894 4951 2027 5034 dicit

450 5039 845 5115 Ecclesiastes,
871 5052 1020 5121 quod
1049 5069 1173 5123 quae
1199 5069 1230 5109 a
1247 5057 1385 5113 vitio
1411 5075 1668 5129 perversa
1690 5075 1776 5120 est
1803 5075 2027 5135 natura,

450 5149 564 5191 non
611 5146 795 5209 potest
825 5142 1012 5200 inesse
1037 5154 1311 5205 creatura;
1357 5165 1388 5205 ε
1420 5163 1571 5209 recta
1615 5158 1830 5214 ratione
1862 5176 2028 5217 exor-

450 5236 616 5286 nata.
653 5249 674 5283 ι
716 5229 785 5286 Et
811 5233 1087 5303 delectus,
1121 5258 1143 5293 ι
1181 5239 1390 5312 inquit,
1426 5264 1446 5298 ‹
1484 5260 1596 5303 non
1624 5259 1809 5319 potest
1830 5266 2025 5309 nume-

450 5323 586 5378 rari.
647 5343 667 5374 I
725 5323 970 5385 Deﬁcere
1028 5332 1205 5404 accipi
1269 5351 1370 5406 pro
1439 5353 1602 5410 egere
1625 5383 1642 5407 ,
1699 5359 1804 5401 nos
1858 5345 2022 5403 docet

450 5416 794 5473 consuetudo
852 5416 1197 5494 Scriptum;
1232 5426 1406 5500 idque
1450 5446 1519 5487 ex
1569 5436 1760 5494 multis
1795 5439 2021 5509 probari

521 5613 566 5685 ξ’
595 5616 753 5674 Rom.
770 5636 809 5685 ι,
830 5620 922 5675 26.
997 5623 1043 5657 '°
1069 5625 1200 5685 ibid.
1221 5628 1312 5685 28,

458 5634 953 5707 su;.f‘.°W°'s§P-_
997 5634 1043 5657 ’ν
1069 5634 1312 5685 ibid-28.
1388 5635 1432 5667 ἰ
1465 5634 1633 5693 Exod.
1671 5656 1742 5707 IV,
1774 5640 1863 5698 2|.

516 5683 661 5743 Psal.
689 5706 782 5745 xm
799 5683 816 5755 ⁷,
847 5692 902 5756 2,
921 5692 976 5747 3.

1977 5646 2021 5680 ⁸³
2038 5644 2141 5705 lsa.
2168 5660 2321 5712 inn,
2352 5643 2437 5700 17.

2133 4086 2141 4100 π
2204 4075 2224 4109 t
2246 4059 2685 4130 Διεστραμμένον
2709 4079 2730 4111 ι
2764 4061 2893 4133 γὰρ,
2930 4062 3116 4133 φησὶν,
3154 4081 3176 4116 ι
3201 4062 3263 4117 ού
3282 4062 3574 4135 δυνήσεται
3596 4068 3723 4122 ἐπι-

2130 4149 2504 4222 κοσμηθῆναι·
2533 4169 2552 4203 ι
2580 4152 2876 4218 τουτέστιν,
2901 4154 3006 4231 οὐκ
3023 4153 3093 4208 ἂν
3118 4154 3330 4224 γένοιτο
3352 4157 3419 4227 τῇ
3445 4158 3601 4229 παρά
3621 4161 3723 4215 τοῦ

2129 4241 2265 4295 Θεοῦ
2274 4241 2614 4314 κοσμηθείσῃ
2624 4243 2797 4298 κτίσει
2810 4245 3007 4298 οἰκεῖον
3024 4245 3086 4299 τὸ
3096 4245 3725 4325 ένδιάστροφον.Ὦσπερ

2131 4336 2240 4409 γὰρ
2253 4340 2281 4392 6
2293 4337 2544 4408 τεχνίτης
2557 4338 2587 4390 6
2600 4337 2743 4392 κατά
2755 4338 3011 4411 πρόθεσίν
3020 4358 3073 4394 τι
3086 4342 3263 4414 ἑαυτῷ
3275 4344 3721 4415 τεκταινόμενος,

2065 4469 2108 4525 D
2134 4427 2318 4482 κανόνι
2351 4426 2445 4481 καὶ
2476 4427 2704 4498 σπάρτῳ
2729 4426 2994 4525 διευθύνει
3019 4429 3089 4482 τὰ
3120 4429 3263 4525 μέρη
3308 4431 3379 4484 τά
3398 4430 3516 4525 ,τὴν

2134 4520 2332 4589 γασίαν
2377 4519 2471 4573 τοῦ
2505 4519 2731 4584 σκεύους
2756 4520 2847 4574 διὰ
2880 4521 2984 4589 τῆς
3015 4522 3271 4593 τεχνικῆς
3317 4523 3454 4595 πρὸς
3507 4523 3722 4594 ἄλληλα

2135 4608 2373 4679 σχέσεως
2407 4608 2849 4680 σνμπεραίνοντα
2879 4631 2893 4645 ·
2926 4613 2974 4664 εἰ
3007 4609 3066 4664 δέ
3108 4628 3164 4665 τι
3193 4610 3398 4666 τούτων
3443 4613 3521 4683 μὴ
3573 4617 3722 4668 κατὰ

2130 4700 2231 4770 τὴν
2276 4700 2525 4773 σπάρτην
2565 4699 2928 4770 διευθυνθείη.
2971 4702 3034 4754 οὐ
3083 4704 3446 4773 παραδέχεται
3493 4704 3727 4771 πάντως

2126 4791 2229 4861 τὴν
2255 4791 2588 4864 διαστροφὴν
2631 4795 2665 4864 ὴ
2714 4791 2877 4863 εύθὴς
2904 4793 3166 4865 ἁρμονία,
3192 4794 3330 4848 ἀλλά
3355 4796 3461 4869 χρὴ
3490 4798 3723 4851 κάκεῖνο

2130 4884 2441 4956 ὑπαχθῆναι
2489 4887 2558 4956 τῇ
2596 4886 2817 4957 σπάρτῃ
2843 4885 2939 4939 καὶ
2980 4884 3112 4940 εὐθὺ
3138 4886 3415 4954 γενέσθαι,
3443 4890 3494 4941 εί
3526 4889 3722 4959 μέλλοι

2126 4976 2207 5048 τῷ
2249 4977 2400 5030 εὐθεῖ
2432 4976 2868 5049 συναρμόζεσθαι
2887 4995 2901 5009 -
2947 4976 3094 5031 οὕτω
3125 4979 3290 5049 φησὶν
3318 4981 3348 5033 6
3382 4978 3741 5052 Ἐκκλησια..

2128 5069 2280 5142 στὴς,
2312 5070 2396 5124 ὅτι
2418 5070 2454 5140 ἡ
2493 5071 2645 5142 παρά
2672 5068 2774 5138 τῆς
2802 5068 3002 5133 κακίας
3027 5068 3420 5141 διαστραφεῖσα
3449 5069 3616 5138 φύσις
3641 5077 3719 5145 τῇ

2127 5162 2521 5234 κεκοσμημένη
2542 5161 2648 5215 ὑπὸ
2677 5160 2774 5215 τοῦ
2801 5159 2962 5234 ὀρθοῦ
2991 5162 3153 5231 λόγου
3179 5162 3355 5216 κτίσει
3382 5162 3720 5232 ἐγγενέσθαι

2126 5256 2189 5309 οὐ
2226 5254 2485 5319 δύναται,
2523 5272 2545 5306 ‹
2585 5253 2697 5307 Καὶ
2728 5252 3036 5325 ὑστέρημα,
3091 5272 3111 5306 ι
3149 5254 3337 5325 φησὶν,
3376 5271 3399 5305 ι
3436 5254 3503 5308 οὐ
3549 5255 3719 5330 δυνή-

2129 5362 2281 5400 σεται
2312 5345 2702 5418 ἀριθμηθῆναι.
2759 5362 2780 5397 ι
2828 5343 3201 5415 Ὑστερεῖοθαι
3232 5345 3296 5399 τὸ
3324 5344 3636 5413 λείπεσθαι,
3682 5351 3723 5421 ἡ

2127 5438 2373 5511 γραφικὴ
2426 5437 2684 5509 συνήθεια
2746 5438 2888 5491 νοεῖν
2940 5435 3181 5492 διδάσκει
3202 5456 3215 5469 ο
3278 5440 3373 5493 καὶ
3428 5436 3596 5494 τοῦτο
3648 5441 3721 5495 ὲκ

2552 5640 2757 5699 "Psal.
2785 5656 2893 5707 ενι,
2919 5641 3008 5699 40.
3122 5643 3167 5675 ⁸⁸
3190 5641 3390 5700 lcrem.
3421 5659 3510 5711 xx,
3548 5645 3647 5702 10.
