3870 6220
127 313 231 369 διε
1233 309 1301 364 ΙΝ
1341 300 1876 366 ECCLESIASTEN.
1902 303 2193 364 HOMILIA
2225 307 2290 364 ll.
3281 307 3386 372 δι’

126 429 349 485 πολλῶν
391 423 510 484 ἔστι
547 426 944 484 πιστώσασθαι.
991 431 1048 483 Ὀ
1079 429 1188 501 γὰρ
1228 431 1287 482 ἐν
1329 430 1491 483 παντὶ
1523 432 1614 483 καὶ
1656 430 1698 480 ἐπ

1816 435 2016 495 potest.
2049 428 2152 495 Qui
2185 430 2332 484 enim
2366 428 2572 499 ubique
2601 434 2654 484 et
2685 428 2828 483 inter
2857 444 3050 486 omnes
3073 429 3389 490 celebratur

126 523 270 577 πᾶσι
303 521 651 592 μεμνημένος
683 523 915 588 Παῦλος,
963 517 1070 575 οἶδε
1111 523 1206 574 καὶ
1232 521 1575 591 ὑστερεῖσθαι
1618 519 1698 572 καῖ

1814 517 2042 583 Paulus,
2096 522 2203 577 scit
2237 529 2294 576 et
2343 521 2579 577 deficere
2631 529 2688 576 et
2738 523 3024 579 abundare
3049 523 3116 577 '°.
3171 523 3239 579 Et
3289 527 3387 597 qui

127 613 516 683 περισσεύεινο
567 613 664 668 καὶ
695 613 724 666 6
769 613 854 666 διά
896 615 995 682 τῆς
1028 614 1267 676 ἀσωτίας
1303 614 1402 684 τὴν
1439 611 1698 682 πατρικὴκ

1814 613 2042 684 prodige
2064 612 2304 668 vivendo
2325 623 2590 684 paternas
2617 613 2910 670 facultates
2943 629 3373 688 consumpserat

125 705 452 776 δαπανήσας
492 705 702 766 οὑσίαν,
749 705 911 774 λιμοῦ
951 707 1336 775 κατασχόντος,
1384 703 1586 775 ἤρξατο
1615 701 1709 756 τοῦ

126 794 510 865 ὑστερεῖσθαι·
542 795 638 848 καὶ
671 796 798 864 περὶ
847 795 950 848 τῶν
975 796 1146 864 ἀγίων
1173 797 1202 848 6
1236 795 1446 858 Παῦλος
1477 795 1707 861 διεξιὼν,

123 887 201 941 τά
215 904 277 944 τε
293 887 426 941 ἄλλα
458 889 591 956 φησὶ
621 888 749 955 περὶ
781 887 958 940 αὑτῶν
1006 890 1064 941 ὲν
1100 883 1182 952 οἷς
1228 887 1603 943 ἐκακοπάθουν
1631 886 1709 956 τῷ

131 978 345 1048 σώματι
364 978 484 1042 ,καὶ
511 977 669 1032 τοῦτο
696 979 1070 1049 προστίθησιν,
1097 981 1178 1033 ὅτι
1209 979 1709 1052 ὑστερούμενοικαὶ

123 1070 459 1140 θλιϐόμενοι.
495 1071 705 1123 Οὐκοῦν
756 1071 848 1124 καὶ
880 1071 1114 1125 ἐνταῦθα
1161 1071 1448 1142 ὑστέρημα
1492 1075 1520 1126 6
1553 1071 1708 1140 λόγος

125 1161 324 1223 εἰπὼν,
357 1161 420 1214 τὸ
459 1161 642 1215 λεῖπον
680 1162 766 1215 διὰ
806 1162 906 1232 τῆς
943 1163 1129 1232 φωνῆς
1179 1164 1512 1231 ἐνεδείξατο·
1545 1162 1608 1216 τὸ
1649 1165 1706 1217 δὲ

125 1251 316 1305 λεῖπον
345 1251 662 1323 ἐναρίθμιον
689 1255 800 1315 τοῖς
821 1249 941 1306 οὖσι
965 1253 1215 1321 γενέσθαι
1239 1255 1299 1307 οὑ
1327 1253 1576 1307 δύναται.
1597 1255 1707 1308 Καὶ

124 1343 240 1413 γὰρ
271 1344 321 1396 οί
364 1343 619 1413 μαθηταὶ,
676 1341 780 1405 ἓως
822 1343 920 1412 μὲν
955 1342 1156 1406 πάντες
1185 1339 1323 1415 ἦσαν
1366 1346 1426 1396 ἐν
1467 1342 1544 1413 τῷ
1592 1344 1706 1413 ίδίῳ

123 1433 835 1503 πληρώματι,δυοκαίδεκα
871 1429 1012 1503 ἦσαν
1043 1435 1134 1488 τὸν
1175 1435 1439 1506 ἀριθμόν’
1482 1436 1604 1488 ἐπεὶ
1649 1434 1707 1489 δὲ

120 1528 379 1582 ἀπώλετο
406 1529 434 1580 6
467 1528 580 1590 υίὸς
612 1527 710 1597 τῆς
740 1526 1035 1590 ἀπωλείας,
1070 1527 1374 1599 ἐκολοόώθη
1404 1531 1432 1582 6
1453 1527 1703 1600 ἀριθμὸς,

124 1621 206 1690 τῷ
243 1625 317 1690 μή
355 1620 804 1692 συναριθμεῖσθαι
840 1623 954 1683 τοῖς
995 1618 1114 1673 οὖσι
1154 1621 1216 1672 τὸ
1262 1620 1480 1673 λεῖπον·
1515 1620 1706 1673 ἕνδεκα

122 1712 238 1781 γὰρ
277 1712 415 1783 μετά
454 1713 545 1766 τὸν
585 1712 785 1765 Ἰούδαν
815 1712 910 1766 καὶ
937 1708 1079 1782 ἦσαν
1115 1712 1209 1765 καὶ
1235 1711 1596 1781 ὠνομάζοντο.
1631 1711 1704 1765 Τὸ

121 1800 220 1858 οὖν
266 1805 573 1875 ὑστέρημα,
623 1805 806 1874 φησὶν,
841 1804 902 1857 οὑ
939 1803 1227 1874 δυνήσεται
1266 1803 1360 1856 τοῦ
1393 1803 1704 1876 ἀριθμηθῆ-

121 1916 236 1952 ναι.
281 1898 346 1950 Τί
375 1897 532 1950 τοῦτο
563 1897 816 1968 σημαίνει
855 1896 941 1949 διὰ
967 1895 1062 1950 τοῦ
1096 1895 1294 1962 λόγου;
1327 1895 1447 1948 Ὅτι
1475 1891 1543 1966 ἦν
1573 1911 1704 1948 ποτε

123 1990 221 2042 καὶ
251 1989 315 2042 τὸ
344 1989 464 2042 καθ’
494 1990 644 2059 ἡμᾶς
680 1988 756 2058 τῷ
805 1988 967 2040 παντὶ
1012 1987 1326 2057 ἐναρίθμιον
1347 2005 1359 2016 ·
1395 1986 1706 2039 συνετελοῦ-

124 2097 229 2148 μεν
276 2081 387 2151 γάρ
433 2081 527 2133 καὶ
565 2083 725 2150 ἡμεῖς
763 2083 842 2142 είς
868 2080 967 2149 τὴν
997 2079 1146 2148 ἱεράν
1171 2080 1280 2131 τῶν
1309 2079 1540 2146 λογικῶν
1570 2096 1703 2150 προ-

119 2174 307 2226 ϐάτων
357 2173 706 2226 ἐκατοντάδα.
767 2171 987 2242 Ἐπειδὴ
1036 2171 1094 2223 δὲ
1135 2170 1549 2241 ἀπεϐουκολὴθη
1603 2171 1704 2241 τῆς

115 2266 306 2336 ὀρείου
355 2265 631 2334 διαγωγῆς
657 2264 716 2316 τὸ
760 2263 817 2315 ἒν
849 2263 1138 2333 πρόϐατον,
1174 2264 1207 2333 ἡ
1242 2263 1487 2333 ἡμετέρα
1519 2262 1700 2330 φύσις,

115 2359 208 2412 διὰ
238 2357 440 2420 κακίας
470 2357 607 2427 πρὸς
656 2355 746 2408 τὸν
776 2353 1035 2424 ἀλμῶντα
1058 2353 1248 2407 τοῦτον
1286 2355 1379 2407 καὶ
1421 2355 1702 2426 αὐχμηρδν

116 2449 289 2502 τόπον
320 2446 785 2509 κατασπασθεῖσα,
833 2445 1015 2500 οὐκέτι
1056 2445 1084 2496 6
1131 2445 1293 2509 αὐτὸς
1337 2446 1566 2516 ἀριθμὸς
1609 2449 1703 2501 ἐπὶ

116 2541 215 2594 τοῦ
250 2539 504 2609 ποιμνίου
537 2538 645 2590 τῶν
679 2538 932 2590 ἀπλανῶν
966 2538 1382 2608 μνημονεύεται,
1415 2540 1532 2592 ἀλλ’
1582 2537 1702 2591 ἐνε-

113 2631 353 2700 νήκοντα
370 2630 465 2682 καὶ
476 2628 630 2682 ἐννέα
674 2628 1134 2696 κατονομάζονται
1152 2645 1164 2656 ·
1204 2627 1267 2680 τὸ
1315 2627 1424 2698 γὰρ
1473 2628 1700 2698 μάταιον

115 2720 226 2784 ἔξω
260 2719 356 2772 τοῦ
385 2716 617 2787 ἀριθμοῦ
644 2717 756 2770 τῶν
787 2718 1113 2786 ὑφεστώτων
1144 2717 1512 2786 γίνεταιςδιότι
1543 2718 1698 2772 ὑστέ-

119 2827 276 2880 ρημα
321 2809 387 2861 οὑ
434 2811 720 2880 δυνήσεται
763 2810 857 2863 τοῦ
915 2809 1307 2881 ἀριθμηθῆναι.
1357 2806 1560 2863 τΗλθεν
1605 2806 1698 2864 οὖν

117 2899 355 2969 ζητῆσαι
400 2900 496 2951 καὶ
525 2898 695 2952 σῶσαι
721 2899 782 2951 τὺ
817 2899 1114 2962 ἀπολωλὸς,
1153 2901 1246 2953 καὶ
1276 2899 1368 2952 ἐπὶ
1396 2899 1504 2953 τῶν
1530 2899 1698 2965 ῶμων

113 2990 408 3043 ἀναλαϐὼν
431 2992 877 3060 ἀποκαταστῆσαι
904 2993 1016 3054 τοῖς
1047 2987 1164 3044 οὖσι
1191 2991 1253 3044 τὸ
1280 2994 1344 3062 τῇ
1375 2993 1696 3062 ματαιότητι

1811 719 1937 758 cum
1990 719 2116 758 eum
2172 705 2348 760 fames
2403 705 2715 770 invasisset,
2747 707 2917 776 coepit
2963 707 3195 763 deficere
3220 709 3284 762 ".
3320 709 3386 764 Et

1811 797 1880 850 de
1911 797 2120 852 sanctis
2150 811 2446 852 recensens
2467 795 2695 859 Paulus,
2717 797 2857 852 inter
2876 806 3104 854 caeteras
3133 802 3384 868 corporis

1811 884 2132 942 aﬂlictiones
2165 903 2308 956 quas
2357 887 2508 957 passi
2541 898 2721 946 erant.
2773 887 2916 941 hanc
2957 903 3180 957 quoque
3207 889 3382 956 addit,

1808 978 2127 1033 deﬁcientes
2173 989 2229 1033 et
2261 978 2442 1033 atllicti
2469 979 2535 1034 ⁸⁸.
2571 981 2716 1047 Ergo
2763 980 2851 1033 hic
2885 997 3106 1050 quoque
3152 984 3381 1038 verbum

1807 1086 1932 1124 cum
1965 1071 2199 1126 dixisset
2251 1071 2555 1135 defectum,
2592 1087 2687 1142 per
2725 1087 2914 1127 vocem
2963 1073 3016 1126 id
3050 1075 3196 1144 quod
3228 1075 3384 1130 deest

1808 1165 2067 1218 ostendit.
2123 1163 2280 1229 Quod
2321 1172 2504 1219 autem
2568 1165 2744 1230 deest,
2799 1165 2946 1220 inter
2977 1180 3039 1218 ea
3092 1181 3215 1236 quae
3252 1174 3383 1221 sunt

1807 1271 1917 1308 non
1972 1262 2152 1324 potest
2207 1256 2508 1310 numerari.
2567 1254 2782 1310 Etenim
2830 1256 3111 1327 discipuli,
3161 1258 3382 1327 quando

1809 1345 2019 1415 integer
2045 1355 2163 1402 erat
2191 1363 2382 1401 eorum
2409 1355 2608 1411 cmtus,
2634 1355 2793 1402 erant
2817 1363 3046 1402 numero
3065 1349 3379 1404 duodecim.

1806 1435 2104 1508 Postquam
2134 1449 2317 1493 autem
2367 1439 2532 1509 periit
2578 1438 2723 1493 filius
2761 1439 3111 1509 perditionis,
3149 1456 3380 1495 mancus

1807 1529 1908 1585 fuit
1943 1546 2131 1585 eorum
2181 1546 2468 1593 numerus,
2521 1530 2668 1600 quod
2722 1531 2774 1584 id
2825 1531 2971 1601 quod
3012 1531 3219 1591 deerat.
3271 1547 3380 1587 non

1806 1622 2310 1676 connumerabatur
2336 1622 2478 1676 inter
2497 1637 2594 1676 eos
2620 1622 2712 1690 qui
2742 1630 2919 1676 erant.
2951 1621 3211 1678 Undecim
3237 1625 3380 1678 enim

1808 1721 1933 1783 post
1975 1711 2173 1767 .ludam
2225 1721 2280 1769 et
2317 1721 2476 1768 erant
2507 1721 2563 1768 et
2610 1715 3065 1769 nominabantur.
3124 1714 3383 1770 Defectus

1806 1819 1964 1876 ergo,
1997 1806 2199 1874 inquit.
2229 1820 2340 1858 non
2375 1805 2580 1874 poterit
2617 1805 2920 1860 numerari.
2957 1803 3100 1871 Quid
3130 1821 3260 1875 ergo
3287 1821 3384 1874 per

1807 1894 1912 1948 hoc
1941 1894 2338 1964 significatur?
2365 1893 2597 1949 Fuimus
2625 1903 2680 1948 et
2710 1910 2812 1949 nos
2833 1911 3055 1966 quoque
3079 1896 3381 1966 aliquando

1806 1987 1860 2040 in
1922 2001 2155 2040 numero
2206 1986 2637 2042 universorum:
2690 1986 3074 2042 referehamur
3126 1989 3274 2042 enim
3324 1987 3380 2043 in

1805 2076 2108 2144 catalogum
2162 2077 2346 2131 ovium
2381 2079 2598 2132 ratione
2630 2079 2978 2147 praeditarum
3014 2080 3156 2134 sacri
3190 2088 3380 2134 cente-

1803 2166 1966 2220 narii.
1998 2165 2294 2237 Postquam
2329 2179 2510 2222 autem
2560 2183 2590 2220 a
2621 2171 2900 2223 montanis
2949 2169 3174 2238 pascuis
3217 2171 3380 2223 aber-

1802 2256 1945 2310 ravit
1975 2257 2094 2311 ovis
2125 2274 2253 2324 una,
2292 2273 2504 2326 nempe,
2558 2268 2742 2312 nostra
2775 2272 2993 2320 natura.
3039 2275 3138 2329 per
3179 2261 3380 2315 vitium

1803 2346 1870 2399 ad
1906 2347 2053 2400 hunc
2089 2348 2302 2401 aridum
2333 2355 2388 2402 et
2415 2349 2684 2401 incultum
2715 2350 2896 2403 locum
2926 2349 3228 2414 abstracta,
3264 2365 3378 2405 non

1803 2439 2041 2507 amplius
2090 2449 2560 2493 commemoratur
2612 2440 2753 2493 idem
2799 2455 3062 2495 numerus
3115 2441 3170 2494 in
3217 2456 3380 2510 grege

1801 2543 1991 2582 earum
2022 2545 2144 2598 quae
2174 2543 2282 2582 non
2308 2530 2656 2592 aberrarunt,
2687 2529 2782 2585 sed
2811 2531 3167 2584 nominantur
3197 2546 3376 2585 nona-

1801 2619 1952 2688 ginta
1981 2629 2037 2675 et
2069 2635 2264 2676 novem
2294 2639 2308 2674 :
2343 2635 2468 2673 nam
2515 2636 2716 2674 vanum
2749 2628 2832 2675 est
2882 2631 3039 2675 extra
3085 2637 3374 2677 numerum

1799 2707 1919 2778 ejus
1957 2709 2100 2778 quod
2132 2710 2390 2764 consistit
2418 2727 2432 2776 ;
2462 2710 2723 2778 quoniam
2755 2708 3002 2764 defectus
3033 2725 3142 2764 non
3175 2711 3378 2780 poterit

1801 2802 2098 2856 numerari.
2130 2800 2292 2856 Venit
2313 2817 2444 2872 ergo
2477 2803 2541 2855 ad
2574 2803 2930 2871 quaerendum
2962 2811 3015 2855 ct
3042 2804 3374 2858 servandum

1799 2892 1947 2962 quod
1983 2893 2245 2962 perierat,
2278 2902 2331 2947 et
2364 2903 2708 2963 assumptum
2744 2895 2797 2947 in
2850 2894 3136 2958 humeros,
3158 2895 3226 2950 iis
3253 2910 3378 2964 qua:

1799 2992 1929 3038 sunt
1983 2984 2386 3039 restituendum
2439 2984 2490 3039 id
2553 2984 2697 3053 quod
2754 2985 2967 3050 peribat
3019 2986 3073 3039 in
3134 2989 3374 3041 vanitate

113 3081 230 3134 τῶν
274 3081 638 3151 ἀνυπάρκτων
683 3080 1136 3151 ἐναπολλύμενον,
1183 3082 1269 3134 ἵνα
1308 3081 1470 3134 πάλιν
1512 3083 1697 3153 ἄρτιος

1802 3090 1990 3130 eorum
2025 3090 2148 3145 quae
2177 3091 2286 3128 non
2317 3082 2468 3140 sunt,
2501 3083 2560 3128 ut
2591 3090 2786 3129 rursus
2836 3075 2987 3130 fieret
3032 3076 3243 3145 integer
3276 3075 3375 3131 Dei

113 3174 346 3244 γένηται
371 3176 400 3226 6
422 3173 520 3244 τῆς
549 3174 780 3237 κτίσεως
806 3173 900 3228 τοῦ
927 3173 1063 3226 Θεοῦ
1103 3173 1356 3245 ἀριθμὸς,
1387 3173 1698 3228 ἀποσωθέν-

113 3282 210 3330 τος
240 3265 340 3318 τοῦ
375 3266 713 3328 ἀπολωλότος
749 3269 860 3330 τοῖς
896 3266 970 3338 μὴ
999 3266 1411 3337 ἀπολλυμένοις.

187 3357 290 3419 Τίς
329 3353 423 3410 οὖν
470 3359 502 3427 ἡ
547 3356 643 3410 τοῦ
695 3357 1057 3428 πλανηθέντος
1097 3358 1372 3420 ἐπάνοδος.
1433 3358 1526 3412 καὶ
1558 3357 1641 3420 τίς
1670 3360 1696 3410 6

112 3448 320 3518 τρόπος
345 3448 442 3518 τῆς
485 3447 592 3501 ἀπὸ
636 3449 745 3500 τῶν
771 3450 954 3501 κακῶν
989 3449 1122 3520 πρὸς
1151 3449 1212 3502 τὸ
1255 3448 1459 3516 ἀγαθὸν
1498 3448 1696 3501 ἀναλύ-

118 3557 280 3602 σεως,
310 3541 370 3590 ἐν
397 3541 509 3600 τοίς
538 3539 737 3609 ἐφεξῆς
769 3539 1150 3610 διδασκόμεθα.
1209 3541 1265 3593 Ὀ
1291 3540 1397 3612 γὰρ
1431 3559 1696 3612 πεπειρα-

118 3633 283 3700 μένος
323 3631 463 3685 κατά
491 3631 667 3686 πάντα
721 3633 846 3686 καθ’
875 3635 1165 3704 ὁμοιότητα
1199 3636 1365 3706 χωρὶς
1400 3635 1693 3706 ἁμαρτίας,

115 3725 182 3775 ἐκ
225 3722 338 3774 τῶν
369 3723 654 3793 ἡμετέρων
701 3725 836 3793 ἡμῖν
862 3723 1232 3790 διαλέγεται·ό
1273 3724 1372 3786 τὰς
1412 3725 1697 3788 ἀσθενείας

115 3814 278 3883 ἡμῶν
321 3815 629 3875 ἀναλαϐὼν,
661 3815 728 3867 δι’
781 3814 962 3868 αὐτῶν
1006 3813 1114 3867 τῶι
1161 3813 1553 3882 ἀσθενημάτων
1597 3815 1696 3884 τῆς

116 3907 354 3972 φύσεως,
386 3907 485 3976 τὴν
519 3906 626 3971 ἔξω
657 3908 855 3970 κακίας
889 3907 1006 3960 ὁδὸν
1039 3906 1403 3960 ὑποδείκνυσι.
1442 3907 1555 3959 Νῦν
1589 3911 1696 3975 γάρ

120 4017 210 4067 μοι
256 3999 450 4069 νόησον
496 4002 596 4068 τὴν
639 3997 844 4067 Σοφίαν
891 3998 950 4063 ἐξ
1001 3996 1166 4050 αὑτοῦ
1201 3997 1297 4050 τοῦ
1345 3997 1486 4049 κατὰ
1519 3998 1696 4068 σάρκα

116 4089 463 4159 Σολομῶντος
509 4088 852 4157 διαλέγεσθαι
869 4086 1246 4156 ’διαλέγεσθαι
1263 4086 1524 4150 δὲταῦτα,
1538 4087 1603 4140 δι’
1621 4081 1696 4141 ὧν

119 4181 356 4249 μάλιστα
373 4182 510 4251 πρὸς
535 4181 832 4250 ὑπεροψίαν
858 4179 1260 4250 ὁδηγηθείημεν
1281 4178 1390 4230 τῶν
1409 4178 1560 4250 παρά
1585 4181 1697 4241 τοῖς

113 4272 426 4344 ἀνθρώποις
443 4273 910 4342 σπουδαζομένων.
929 4273 1002 4325 Οὑ
1018 4271 1126 4342 γὰρ
1141 4271 1262 4324 καθ’
1278 4271 1570 4340 ὁμοιότητα
1588 4269 1695 4322 τῶν

112 4363 350 4427 πολλῶν,
400 4359 482 4428 οἷς
513 4365 611 4417 οὑκ
652 4365 768 4417 ἐστι
812 4364 932 4417 κατ’
964 4361 1212 4428 ἐξουσίαν
1241 4362 1302 4414 τὸ
1334 4360 1692 4431 καταθύμιόν,

1798 3176 2064 3221 creaturae
2110 3182 2392 3222 numerus.
2427 3174 2757 3221 conservato
2815 3181 2880 3220 eo
2937 3165 3080 3236 quod
3119 3169 3374 3237 perierat,

1799 3257 1871 3312 iis
1893 3274 2016 3326 qua?
2055 3273 2162 3311 non
2195 3265 2444 3326 pereunt.

1872 3349 2141 3415 Quisnam
2171 3364 2302 3417 ergo
2335 3349 2406 3403 sit
2440 3347 2649 3402 reditus
2675 3345 2795 3415 ejus
2825 3345 2972 3416 quod
2999 3347 3375 3412 aberraret-at,

1797 3447 1849 3495 et
1865 3440 2122 3509 quisnam
2149 3439 2222 3494 sit
2249 3439 2446 3492 modus
2464 3453 2495 3491 a
2518 3438 2678 3492 malis
2699 3439 2764 3492 ad
2800 3439 3000 3492 bonum
3019 3439 3374 3505 reversionis,

1797 3531 2059 3601 deinceps
2112 3531 2401 3584 docemur.
2453 3529 2555 3594 Qui
2588 3530 2732 3582 enim
2766 3545 2864 3598 per
2910 3529 3096 3584 omnia
3131 3537 3379 3586 tentatus

1796 3626 1881 3673 est
1911 3617 1978 3672 ad
2025 3616 2442 3672 similitudinem
2495 3617 2703 3685 absque
2758 3625 3008 3685 peccato,
3049 3633 3114 3671 ex
3171 3619 3377 3673 nostris

1799 3711 2085 3766 nobiscum
2119 3710 2363 3765 disserit.
2399 3709 2503 3774 Qui
2537 3717 2758 3763 nostras
2791 3710 3094 3778 assumpsit
3125 3708 3377 3763 imbecil-

1799 3799 2004 3859 litates,
2030 3813 2127 3867 per
2157 3801 2307 3867 ipsas
2333 3806 2546 3851 natura;
2575 3797 2942 3860 infirmitates,
2963 3795 3206 3851 ostendit
3227 3795 3378 3849 viam

1797 3904 1918 3960 qua:
1945 3896 2030 3943 est
2057 3895 2211 3942 extra
2237 3889 2454 3941 vitium.
2489 3886 2646 3939 Nunc
2677 3902 2808 3956 ergo
2836 3885 2922 3940 fac
2953 3886 3224 3956 intelligas
3258 3886 3378 3940 dis-

1799 3996 1984 4038 serere
1999 3981 2339 4051 Sapientiam
2365 3995 2430 4035 ex
2461 3981 2580 4049 ipso
2606 3978 2920 4045 Salomone,
2946 3979 3038 4048 qui
3069 3987 3151 4032 est
3180 3995 3381 4034 secuti--

1797 4073 1926 4128 dum
1954 4087 2212 4128 carnem:
2245 4088 2308 4127 ea
2337 4081 2516 4126 autem
2551 4071 2844 4132 disserere,
2876 4087 2971 4140 per
2992 4086 3121 4138 quas
3141 4072 3382 4126 maxime

1797 4163 2136 4216 deducamur
2193 4164 2260 4216 ad
2306 4178 2368 4217 ea
2421 4162 2842 4223 contemnenda.
2893 4178 3128 4232 quorum
3193 4165 3384 4219 studio

1798 4262 2054 4308 tenentur
2094 4253 2364 4308 homines.
2401 4253 2518 4307 Non
2564 4265 2648 4308 est
2686 4254 2831 4309 enim
2865 4255 2985 4322 ejus
3014 4254 3192 4310 oratio
3224 4256 3380 4310 simi-

1798 4345 1866 4400 lis
1914 4346 2148 4400 oratioui
2203 4346 2525 4407 multorum,
2572 4345 2666 4414 qui
2714 4345 2768 4398 in
2818 4354 3086 4413 potestate
3134 4359 3234 4400 sua
3268 4361 3381 4399 non

113 4457 208 4507 καὶ
239 4458 271 4508 6
319 4457 454 4525 παρ’
497 4454 658 4508 αὐτοῦ
691 4455 896 4521 γίνεται
936 4455 1088 4522 λόγος
1112 4470 1126 4484 ⁸
1167 4455 1243 4516 ὡς
1274 4453 1363 4506 διὰ
1397 4453 1589 4506 τούτου
1633 4452 1694 4505 τὸ

1802 4435 2006 4491 habent
2052 4437 2106 4490 id
2151 4435 2296 4505 quod
2354 4435 2502 4490 Iubet
2558 4446 2614 4490 et
2655 4443 2738 4490 est
2777 4436 2858 4490 eis
2900 4437 3090 4502 cordi;
3150 4437 3292 4491 adeo
3322 4446 3380 4490 ut

111 4545 500 4610 ἀναξιόπιστον
528 4547 639 4617 ἔχει
673 4546 993 4616 κατηγορῶν
1024 4547 1250 4599 ἐκείνων
1281 4539 1356 4598 ῶν
1393 4547 1456 4598 οὑ
1501 4545 1694 4598 πεπεί-

114 4656 302 4709 ραται.
346 4639 538 4707 Ἡμεῖς
579 4636 686 4706 γὰρ
715 4638 774 4690 οὑ
803 4640 870 4706 τῇ
902 4636 1108 4689 ἐαυτῶν
1138 4637 1304 4707 πείρᾳ
1349 4637 1526 4690 πάντα
1559 4654 1693 4705 μαν-

109 4730 386 4800 θάνομενο
441 4727 578 4782 ἀλλά
634 4728 724 4781 διά
788 4729 962 4797 μόνων
1011 4727 1120 4780 τῶν
1173 4727 1450 4798 λογισμῶν
1507 4730 1691 4780 ἐκεῖνα

109 4820 477 4889 γινώσκομεν,
520 4812 596 4874 ὧν
643 4819 742 4888 τὴν
788 4816 1192 4888 ἀπολαυστικὴν
1239 4818 1348 4870 τῶν
1393 4819 1564 4887 ἡδέων
1594 4818 1694 4889 τὴν

109 4914 314 4981 πεῖραν
347 4912 383 4980 ἡ
413 4911 574 4963 πενία
621 4909 843 4964 κωλύει.
889 4911 1008 4964 Κάν
1039 4928 1144 4963 τινι
1182 4910 1516 4981 προσάγεται
1552 4927 1692 4980 συμ-

108 5001 278 5071 6ουλὴ
329 5003 464 5071 παρ’
513 5001 689 5071 ἡμῶν,
720 5001 784 5053 τὸ
829 5003 959 5070 παρ’
987 5000 1138 5054 οὑδέν
1180 5001 1432 5069 ἡγεῖσθαι
1475 5001 1584 5052 δεῖν
1624 4999 1693 5052 τά

111 5093 215 5145 ὑπὸ
255 5091 372 5144 τῶν
403 5091 704 5161 ἀνθρώπων
747 5091 1053 5161 τιμώμενα,
1099 5091 1389 5162 πρόχειρος
1423 5092 1456 5160 ἡ
1508 5106 1690 5159 παρα-

109 5183 300 5254 γραφὴ
344 5182 440 5236 τοῦ
490 5181 798 5245 ἀκούοντος,
830 5182 889 5235 τὸ
919 5181 1007 5235 διά
1029 5181 1189 5235 τοῦτο
1218 5183 1366 5251 ἡμᾶς
1401 5182 1691 5250 ἀτιμάζειν

114 5276 321 5338 ἐκεῖνα,
336 5276 421 5327 ὅτι
441 5274 516 5344 μὴ
530 5275 597 5343 τῇ
611 5274 777 5344 πείρα
792 5275 857 5344 τῇ
875 5275 934 5326 ἐν
949 5275 1130 5337 αὐτοῖς
1146 5273 1540 5344 ἐγνωρίσαμεν.
1568 5273 1691 5326 Ἐπὶ

112 5364 168 5417 δὲ
187 5363 287 5417 τοῦ
314 5361 492 5417 ταῦτα
511 5363 646 5432 ἡμῖν
679 5361 1084 5431 διαλεγομένου,
1105 5363 1266 5431 ἀργεῖ
1294 5361 1443 5412 πᾶσα
1466 5359 1692 5428 τοιαύτη

108 5455 460 5527 ἀντίρρησις.
488 5453 739 5524 Σολομὼν
767 5454 874 5522 γάρ
906 5453 1052 5506 ἐστιν
1079 5453 1108 5504 6
1136 5452 1310 5505 ταῦτα
1336 5452 1510 5518 λέγων
1529 5468 1542 5481 ⁸
1580 5453 1608 5504 ὁ
1634 5451 1691 5503 δὲ

111 5547 367 5619 Σολομὼν
427 5541 582 5610 οὗτος
629 5547 810 5616 τρίτος
861 5542 930 5617 ἦν
981 5545 1038 5599 ἐν
1093 5545 1205 5608 τοῖς
1263 5542 1538 5615 βασιλεῦσι
1595 5542 1691 5595 τοῦ

215 5727 267 5760 ⁸⁸
299 5724 539 5795 Philipp.
578 5725 765 5790 ιν,12.
875 5725 918 5756 ³⁷
941 5723 1072 5779 Luc.
1113 5739 1199 5790 xv,
1231 5723 1322 5779 24.

1799 4537 2085 4599 propterea
2114 4525 2217 4584 fide
2241 4531 2314 4583 sit
2342 4530 2624 4599 indignus,
2659 4539 2716 4583 ut
2747 4529 2838 4599 qui
2870 4530 2956 4582 illa
2982 4538 3223 4594 accuset,
3257 4547 3381 4601 quae

1798 4637 1907 4676 non
1933 4629 2017 4676 est
2039 4629 2321 4690 expertus.
2353 4620 2464 4676 Nos
2493 4621 2638 4674 enim
2676 4636 2780 4676 non
2816 4622 3149 4691 experientia
3186 4631 3377 4677 nostra

1798 4713 1983 4768 omnia
2040 4711 2337 4776 discimus,
2398 4711 2492 4766 sed
2544 4727 2642 4780 per
2677 4713 2821 4767 solas
2876 4713 3236 4782 cogitationes
3283 4715 3377 4768 illa

1797 4804 2016 4860 demum
2036 4803 2444 4871 cognoscimus,
2473 4818 2708 4872 quorum
2741 4804 3032 4859 suavitatis
3058 4815 3112 4858 et
3136 4805 3381 4860 delecta-

1793 4895 1963 4949 tionis
2019 4893 2355 4963 experientia
2410 4909 2478 4949 ne
2539 4894 2789 4948 fruamur
2847 4902 2995 4948 vetat
3055 4905 3376 4965 paupertas.

1795 4986 1951 5052 Quod
1982 4985 2028 5040 si
2063 5001 2164 5041 nos
2201 4986 2366 5040 alicui
2406 4989 2785 5050 consulamus,
2837 4997 2899 5042 ut
2931 4987 3085 5041 nihili
3115 4988 3282 5042 faciat
3312 5005 3378 5044 ca

1792 5095 1917 5149 quae
1949 5079 2018 5134 ab
2052 5079 2369 5133 hominibus
2397 5079 2666 5132 habentur
2687 5080 2742 5134 in
2774 5080 3002 5142 honore,
3031 5080 3084 5133 in
3118 5089 3376 5149 promptu

1795 5181 1881 5227 est
1907 5171 1979 5234 ei,
2028 5174 2119 5240 qui
2155 5171 2268 5224 haec
2296 5170 2468 5234 audit,
2504 5171 2866 5241 praescriptio,
2898 5171 3044 5240 quod
3089 5179 3378 5240 propterea

1799 5281 1904 5320 nos
1935 5264 2026 5318 illa
2057 5263 2448 5332 despiciamus,
2483 5263 2631 5332 quod
2663 5279 2725 5318 ea
2768 5263 2927 5318 nobis
2962 5273 3090 5318 nota
3119 5280 3225 5318 nou
3266 5264 3377 5318 sint

1798 5357 2157 5428 experientia.
2212 5355 2268 5409 In
2311 5371 2378 5410 eo
2425 5363 2604 5410 autem
2635 5355 2729 5425 qui
2783 5355 2894 5410 haec
2930 5356 3092 5410 nobis
3126 5356 3372 5420 disserit,

1798 5457 1978 5506 cessat
2011 5448 2200 5504 omnis.
2243 5447 2508 5514 ejusmodi
2548 5445 2937 5502 contradictio.
2969 5446 3063 5502 Est
3096 5448 3240 5502 enim
3274 5447 3374 5500 Sa-

1800 5544 1983 5596 lomon
2023 5542 2116 5612 qui
2163 5542 2278 5596 huic
2307 5539 2461 5596 dicit.
2502 5538 2604 5598 Hic
2639 5547 2820 5596 autem
2863 5537 3116 5611 Salomon
3147 5548 3229 5596 est
3261 5546 3376 5595 ter-

1438 5723 1483 5756 "
1499 5720 1662 5777 Hebr.
1689 5735 1750 5787 ll,
1793 5719 1884 5777 ⁸57.
