3870 6220
473 285 579 341 645

1717 283 1776 339 8.
1819 281 2148 339 GREGORII
2191 282 2232 336 N
2245 284 2485 340 YSSENI

3639 291 3739 346 ϐω

473 404 587 456 tius
613 401 667 454 in
693 398 915 469 regibus
946 397 1133 458 Israel.
1173 406 1296 468 post
1324 399 1479 453 illttm
1513 397 1758 462 Saulem,
1795 405 1852 452 et
1888 398 2058 452 David

2182 401 2409 470 Ἰσραὴλ,
2443 403 2581 471 μετὰ
2620 402 2712 455 τὸν
2759 405 2928 458 Σαοὺλ
2962 408 3186 468 ἐκεῖνον,
3213 407 3309 459 καὶ
3343 404 3438 458 τὸν
3468 405 3628 473 παρὰ
3653 406 3740 458 τοῦ

473 491 569 561 qui
605 505 635 543 a
686 489 796 544 Deo
827 488 929 543 fuit
970 490 1203 544 electus.
1247 489 1297 544 Is
1323 504 1447 542 cum
1488 503 1518 541 a
1560 497 1716 557 patre
1761 488 2062 558 accepth

475 584 792 654 imperium,
830 589 884 636 et
907 581 1021 651 jam
1056 582 1111 636 in
1144 581 1462 636 dominatus
1493 580 1758 636 crevisset
1784 580 2061 650 magnitu-

476 677 761 742 dine,'rex
797 675 1150 730 renuntiatur
1207 673 1507 730 lsraelitis:
1560 674 1653 744 qui
1683 689 1795 728 non
1828 671 1972 727 bello
2007 680 2062 726 et

477 767 684 839 preliis
746 765 1006 836 populum
1057 764 1161 820 sibi
1213 765 1524 834 subjectum
1581 773 1786 828 terens,
1848 763 1947 819 sed
2006 763 2060 818 in

479 870 694 914 summa
726 863 993 926 potestate
1025 865 1078 909 et
1102 868 1238 924 pace
1270 855 1436 908 vitam
1482 868 1669 926 agens,
1705 869 1815 909 non
1839 868 2059 924 operam

479 947 715 1018 ponebat
745 947 800 1000 in
850 946 918 1002 iis
966 961 1088 1016 quae
1123 961 1231 1000 non
1281 945 1518 1000 habebat
1549 946 1926 1016 acquirendis,
1963 946 2060 1001 sed

480 1047 542 1093 ut
593 1039 872 1093 frueretur
911 1037 980 1092 iis
1025 1037 1230 1107 quibus
1279 1037 1631 1105 abundabat;
1692 1046 1884 1110 utpote
1913 1037 2062 1108 quod

482 1134 619 1188 nihil
655 1133 899 1188 obstaret
939 1131 1242 1202 quominus
1272 1148 1332 1188 se
1361 1132 1663 1188 oblectaret
1689 1133 1759 1189 iis
1802 1147 1926 1203 quae
1955 1132 2061 1188 sibi

480 1233 668 1280 essent
699 1222 875 1277 cordi.
911 1221 1045 1276 Nam
1082 1239 1207 1278 cum
1253 1223 1553 1294 cupiditate
1595 1224 1760 1280 simul
1801 1223 2063 1280 extende-

481 1315 646 1369 batur
675 1314 854 1383 copia,
885 1322 939 1369 et
978 1315 1042 1367 ad
1071 1314 1360 1368 fruendum
1395 1315 1626 1370 liberum
1652 1326 1706 1371 et
1737 1315 1920 1370 laxum
1943 1321 2063 1370 erat

483 1409 679 1468 otium,
710 1422 834 1460 cum
868 1406 1005 1460 nihil
1043 1405 1186 1474 quod
1221 1405 1410 1468 nollet,
1447 1405 1571 1475 ejus
1616 1406 2059 1475 interrumperet,

484 1500 540 1552 in
579 1498 645 1552 iis
685 1512 806 1566 quae
842 1497 1086 1565 jucunda
1137 1505 1317 1560 erant,
1373 1497 1498 1552 vitae
1543 1496 1967 1558 traductionem,
2009 1503 2064 1550 et

484 1591 691 1660 alioqui
720 1606 844 1644 cum
888 1600 1034 1644 esset
1081 1591 1325 1660 sapiens,
1374 1598 1429 1645 et
1470 1590 1707 1659 alicujus
1737 1605 1804 1644 ex
1839 1590 1906 1644 iis
1940 1603 2063 1658 qua:

485 1683 554 1737 ad
601 1685 934 1752 voluptatem
963 1683 1236 1750 pertinent
1285 1683 1356 1736 ob
1399 1682 1600 1752 ingenii
1633 1696 1862 1736 acumen
1910 1681 2063 1735 inve-

486 1774 670 1830 niendi
694 1784 840 1829 esset
870 1790 1090 1844 gnarus,
1114 1775 1252 1828 di\it
1280 1790 1338 1829 se
1367 1773 1482 1829 haec
1503 1781 1557 1829 et
1577 1774 1691 1829 haec
1712 1774 2058 1843 excogitasse

486 1885 554 1926 ex
593 1871 682 1934 iis,
721 1871 774 1924 in
824 1885 947 1939 quae
979 1868 1194 1922 fruendi
1233 1883 1399 1922 causa
1447 1866 1729 1922 confertur
1774 1865 2055 1921 studium:

487 1977 614 2018 cum
645 1972 826 2016 autem
865 1962 1050 2015 omnia
1087 1960 1327 2024 iecisset,
1360 1975 1482 2030 qua!
1510 1960 1758 2014 oratione
1803 1959 2060 2028 deinceps

489 2055 851 2118 enumerarit.
906 2055 1044 2109 dixit
1095 2069 1154 2108 se
1216 2055 1332 2123 ipsa
1388 2053 1649 2108 didicisse
1705 2051 2060 2122 experientia,

489 2145 635 2212 quod
669 2145 921 2208 istorum,
953 2145 1007 2197 in
1041 2144 1242 2213 quibus
1269 2143 1492 2212 ponitur
1522 2142 1783 2205 studium,
1821 2142 1946 2197 linis
1981 2150 2066 2197 est

489 2236 725 2289 vanitas.
771 2233 925 2288 Ilunc
971 2242 1152 2287 autem
1183 2233 1432 2286 ordinem
1474 2231 1725 2285 adhibuit
1781 2231 1836 2286 in
1874 2247 2069 2286 narra-

490 2327 664 2388 tione,
699 2327 842 2394 quod
883 2325 1116 2394 primum
1156 2323 1376 2394 quidem
1420 2323 1473 2376 in
1508 2323 1702 2392 primis
1734 2324 2070 2392 temporibus

490 2419 618 2470 vita:
657 2434 768 2472 siue
797 2417 1094 2472 eruditioni
1123 2416 1422 2476 vacaverit,
1453 2429 1555 2470 nec
1589 2430 1656 2469 ex
1690 2415 1958 2484 ejusmodi
1993 2418 2070 2467 la-

491 2508 720 2563 boribus
745 2508 986 2562 emollita
1015 2506 1126 2560 sint
1167 2507 1365 2562 studia.
1415 2505 1658 2576 Spiritus
1687 2514 1867 2560 autem
1899 2507 2072 2560 libera

493 2615 628 2654 usus
672 2601 744 2654 sit
788 2599 1078 2660 electione,
1112 2599 1218 2654 hoc
1249 2607 1334 2654 est
1364 2607 1574 2653 natura:
1600 2597 1958 2668 appetitione.
2006 2597 2072 2651 ad

493 2693 896 2748 incrementum
920 2691 1272 2762 cognitionis,
1305 2691 1520 2746 etiamsi
1554 2705 1678 2744 cum
1711 2691 1896 2745 labore
1926 2699 2076 2745 recte

493 2783 814 2840 succederet
845 2780 896 2836 id
941 2782 1103 2850 cujus
1148 2783 1331 2837 studio
1377 2783 1693 2849 tenebatur;
1728 2796 1963 2851 cumque
1995 2779 2076 2836 sic

493 2876 760 2930 crevisset
791 2875 1080 2944 sapientia,
1113 2888 1222 2927 non
1257 2873 1468 2928 ratione
1507 2875 1912 2936 considerasse,
1955 2887 2078 2942 qua:

495 2965 551 3020 in
603 2966 769 3020 animi
817 2965 1325 3034 perturbationibus
1374 2973 1647 3026 versatur,
1675 2974 1729 3020 et
1762 2973 1846 3020 est
1881 2979 2078 3035 expers

2163 492 2370 560 Κυρίου
2410 492 2784 564 ἐξειλεγμένον
2818 497 3000 553 Δαϐίδ.
3030 494 3200 560 οὗτος
3242 497 3342 566 τὴν
3372 497 3551 569 ἀρχὴν
3591 499 3741 566 παρὰ

2161 582 2255 635 τοῦ
2295 585 2500 654 πατρὸς
2558 585 2933 656 ἐκδεξάμενος,
2966 591 3060 642 καὶ
3093 587 3350 654 αὐξηθεὶς
3395 592 3472 651 εἱς
3515 589 3745 658 μέγεθος

2161 675 2263 744 ⁴ἤδη
2290 678 2405 739 τοῖς
2446 677 2806 748 Ἰσραηλίταις
2854 679 2954 747 τῆς
2999 680 3321 744 δυναστείας
3361 681 3748 734 ἀναδείκνυται

2164 766 2416 836 βασιλεύς
2436 785 2449 797 ·
2479 769 2539 832 ὃς
2554 769 2738 824 οὐκέτι
2753 771 2841 824 διὰ
2865 771 3104 841 πολέμου
3127 773 3222 825 καὶ
3250 772 3432 842 μάχης
3456 771 3676 842 τρίϐων
3694 773 3753 823 τὸ

2163 859 2496 930 ὑποχείριον,
2526 859 2662 913 ἀλλὰ
2693 861 2833 914 κατά
2863 863 3042 914 πᾶσαν
3072 860 3320 926 ἐξουσίαν
3346 865 3412 933 τῇ
3439 862 3645 935 εἰρήνῃ
3667 862 3757 929 ἐμ-

2162 949 2440 1013 ειοτεύων,
2455 950 2616 1022 ἔργον
2631 953 2867 1004 ἐποιείτο
2882 953 2944 1005 οὐ
2968 953 3068 1021 τὴν
3085 953 3277 1022 κτῆσιν
3293 953 3401 1006 τῶν
3427 953 3504 1023 μὴ
3521 953 3761 1023 προσόν-

2162 1057 2290 1101 των,
2322 1039 2455 1094 ἀλλά
2477 1043 2574 1111 τὴν
2600 1041 2898 1095 ἀπόλαυσιν
2925 1041 3032 1094 τῶν
3062 1043 3360 1114 περιόντων
3379 1060 3394 1074 ο
3428 1043 3510 1105 ὡς
3537 1044 3762 1104 οὐδενὸς

2162 1129 2310 1201 αύτῷ
2340 1131 2474 1202 πρὸς
2505 1132 2678 1185 οὐδενὶ
2709 1132 2816 1185 τῶν
2847 1132 3199 1204 καταθυμίων
3225 1134 3372 1198 ὄντος
3403 1134 3761 1204 κωλύματος.

2166 1224 2240 1276 Ἥ
2276 1241 2336 1277 τε
2370 1223 2478 1295 γὰρ
2519 1224 2804 1296 περιουσία
2848 1224 2946 1295 τῆς
2991 1224 3285 1294 ἐπιθυμίας
3333 1225 3763 1290 συνεξετείνετο,

2163 1318 2258 1370 καὶ
2285 1319 2317 1387 ή
2356 1317 2518 1388 σχολὴ
2561 1318 2695 1389 πρὸς
2727 1318 2826 1388 τὴν
2861 1319 3162 1372 ἀπόλαυσιν
3199 1319 3386 1383 ἄνετος
3420 1315 3511 1390 ἦν,
3540 1319 3767 1383 οὐδενὸς

2161 1404 2272 1457 τῶν
2313 1405 2626 1476 ἀὸουλὴτων
2669 1407 2768 1477 τὴν
2812 1409 2869 1461 ἐν
2917 1407 3030 1471 τοῖς
3079 1408 3434 1478 καταθυμίοις
3470 1409 3768 1479 διαγωγὴν

2164 1497 2548 1558 ἐπικόπτοντος
2567 1514 2582 1529 ο
2608 1498 2677 1552 τὰ
2704 1499 2761 1552 δὲ
2799 1498 2934 1553 ἄλλα
2970 1501 3132 1569 σοφὸς
3165 1500 3259 1564 ὢν,
3291 1500 3381 1553 καὶ
3412 1501 3685 1570 ἐφευρεῖν
3717 1517 3769 1552 τι

2163 1589 2270 1642 τῶν
2295 1589 2416 1642 καθ’
2449 1589 2642 1660 ἡδονὴν
2674 1591 2777 1644 ὑπὸ
2797 1591 3066 1652 συνέσεως
3104 1591 3306 1654 ἱκανὸς.
3329 1587 3449 1643 εἷπε
3477 1591 3552 1642 τὰ
3570 1591 3677 1643 καὶ
3703 1592 3770 1642 τὰ

2163 1681 2271 1734 τῶν
2295 1682 2430 1751 πρὸς
2453 1682 2750 1736 ἀπόλαυσιν
2772 1683 3217 1753 σπουδαζομένων
3237 1682 3545 1751 ἐπινοῆσαι,
3577 1682 3766 1735 πάντα

2168 1775 2416 1844 ποιήσας,
2455 1774 2556 1828 ὅσα
2585 1775 2822 1844 καθεξῆς
2860 1775 2936 1846 τῷ
2982 1775 3125 1845 λόγῳ
3172 1775 3643 1847 ἀπηριθμήσατο,
3702 1775 3774 1827 δι’

2167 1863 2338 1933 αὐτῆς
2378 1859 2498 1916 εἷπε
2540 1865 2918 1935 μεμαθηκέναι
2964 1866 3065 1935 τῆς
3113 1867 3329 1937 πείρας,
3368 1867 3452 1919 ὃτι
3487 1865 3549 1918 ἓν
3584 1866 3770 1937 πέρας

2169 1957 2286 2008 ἐστὶ
2337 1955 2446 2008 τῶν
2493 1957 2550 2008 ἐν
2598 1956 2809 2021 τούτοις
2861 1957 3309 2028 σπουδαζομένων
3347 1959 3381 2028 ἡ
3432 1957 3767 2027 ματαιάτης.

2169 2049 2334 2115 Τάξιν
2353 2049 2411 2102 δὲ
2435 2049 2688 2121 τοιαύτην
2715 2050 2952 2122 ἐπέθηκε
2985 2051 3064 2122 τῷ
3085 2052 3404 2122 διηγήματι.
3433 2053 3514 2114 ὼς
3543 2050 3771 2122 πρῶτον

2173 2144 2292 2214 μὲν,
2332 2143 2390 2195 ἐν
2439 2141 2675 2214 πρώτοις
2715 2141 2928 2212 χρόνοις
2960 2145 3059 2212 τῆς
3104 2141 3294 2196 ἐαυτοῦ
3325 2141 3491 2211 ζωῆς,
3529 2146 3598 2214 τῇ
3639 2160 3770 2196 παι-

2169 2235 2346 2288 δεύσει
2374 2235 2555 2289 δοῦναι
2583 2234 2797 2306 σχολὴν,
2833 2236 2928 2289 καὶ
2963 2235 3038 2306 μὴ
3079 2234 3636 2306 καταμαλακισθῆναι
3666 2236 3767 2296 τὰς

2172 2328 2236 2380 ἐκ
2274 2327 2382 2381 τῶν
2413 2327 2667 2380 τοιούτων
2709 2327 2886 2380 πόνων
2930 2327 3199 2390 σπουδάς·
3238 2327 3551 2397 χρήσασθαι
3594 2325 3656 2378 δέ
3699 2329 3764 2394 τῇ

2175 2419 2493 2491 προαιρέσει
2543 2419 2637 2473 τοῦ
2684 2418 3009 2489 πνεύματος.
3061 2419 3303 2472 τουτέστι
3348 2422 3417 2489 τῇ
3463 2419 3615 2489 ὁρμῇ
3668 2419 3767 2486 τῆς

2176 2511 2408 2578 φύσεως,
2438 2512 2516 2574 εἰς
2549 2509 2864 2582 προσθήκην
2893 2510 3166 2578 γνώσεως,
3201 2513 3248 2563 εἰ
3283 2511 3377 2564 καὶ
3417 2510 3560 2579 μετά
3587 2510 3767 2563 πόνων

2177 2600 2519 2671 κατωρθοῦτο
2551 2601 2610 2654 τὸ
2644 2601 3073 2672 σπουδαζόμενον
3092 2619 3106 2632 ·
3169 2603 3262 2656 καὶ⁵
3290 2603 3464 2664 οὓτως
3508 2601 3767 2671 αὐξηθεὶς

2176 2693 2263 2746 διὰ
2294 2693 2485 2762 σοφίας
2520 2691 2596 2763 μὴ
2623 2691 2765 2761 λόγῳ
2790 2693 3236 2762 κατασκέψασθαι
3267 2693 3366 2764 τὴν
3412 2694 3642 2762 ἐμπαθῆ
3675 2695 3767 2745 καὶ

2178 2785 2368 2854 ἄλογον
2400 2784 2529 2855 περὶ
2571 2785 2668 2846 τὰς
2716 2785 3031 2854 σωματικὰς
3061 2785 3389 2850 ἀπολαύσεις
3418 2787 3531 2838 τῶν
3553 2785 3768 2856 ἀνθρώ-

2181 2894 2297 2929 πων
2321 2875 2536 2945 ἀπάτην
2561 2891 2572 2904 '
2601 2874 2736 2928 ἀλλὰ
2766 2875 2862 2928 καὶ
2892 2877 2960 2929 δι’
2986 2876 3159 2944 αὐτῆς
3179 2877 3278 2944 τῆς
3305 2877 3503 2947 πείρας
3535 2877 3767 2930 ἑκάστου

2180 2967 2287 3018 τῶν
2340 2963 2791 3031 σπουδαζομένων
2831 2966 3123 3032 ἐπιγνῶναι
3174 2965 3234 3018 τὸ
3288 2967 3541 3035 μάταιον.
3585 2967 3646 3020 '0
3675 2966 3768 3034 μὲν

496 3057 751 3120 rationis,
778 3057 910 3112 etin
939 3057 1105 3111 rebus
1123 3057 1408 3125 corporeis
1429 3056 1701 3116 consistit,
1723 3056 2074 3127 voluptatem,

2184 3058 2385 3120 σκοπὸς
2424 3055 2532 3109 τῶν
2576 3053 2979 3125 ἐξητασμένων,
3013 3050 3169 3118 οὗτός
3206 3059 3352 3109 ἐστι’
3390 3057 3592 3127 καιρὸς
3634 3058 3680 3110 δ’
3706 3057 3768 3110 ἂν

495 3162 620 3203 esse
635 3146 916 3201 hominum
941 3144 1339 3214 deceptionem,
1361 3144 1454 3200 sed
1481 3155 1533 3199 et
1558 3161 1656 3215 per
1679 3146 1853 3216 ipsam
1878 3159 2074 3215 cogno-

2183 3148 2270 3218 εῑη
2297 3149 2390 3201 καὶ
2415 3146 2585 3215 αὐτὴν
2623 3147 2966 3218 παραθέσθαι
2999 3146 3235 3216 καθεξῆς
3277 3149 3422 3202 κατά
3451 3149 3516 3202 τὸ
3547 3149 3770 3203 ἀκόλου-

495 3241 645 3294 visse
697 3238 1119 3308 experientiam,
1172 3238 1467 3292 vanitatem
1527 3252 1719 3292 eorum
1775 3237 1830 3292 in
1875 3237 2077 3307 quibus

2185 3237 2276 3294 θον
2303 3239 2412 3292 τῶν
2442 3237 2841 3308 γεγραμμένων
2868 3237 2969 3308 τὴν
2995 3238 3087 3291 ἐπὶ
3120 3237 3316 3302 λέξεως
3348 3238 3614 3310 θεωρίαν.

496 3331 721 3400 ponitur
776 3329 1040 3385 studium.
1099 3329 1276 3397 Atque
1331 3328 1420 3381 hic
1473 3337 1553 3382 est
1601 3327 1836 3406 ‘uidem
1914 3343 2114 3400 scopus
2147 3344 2338 3386 eorum
2390 3343 2513 3398 qua:
2561 3334 2690 3382 sunt
2744 3326 3074 3382 examinata.
3133 3326 3371 3396 Tempus
3428 3339 3618 3383 autem
3694 3340 3772 3384 est

496 3424 684 3490 etiam,
738 3438 1012 3494 exponere
1076 3422 1618 3492 contemplationem,
1669 3422 1948 3492 sequendo
2006 3424 2073 3478 ad
2113 3427 2338 3479 verbum
2378 3423 2556 3493 ipsum
2588 3437 2777 3477 eorum
2809 3436 2932 3490 quae
2963 3422 3168 3492 scripta
3236 3431 3364 3478 sum
3424 3433 3769 3484 contextum.

575 3534 592 3566 ι
630 3515 870 3570 Locutus
896 3530 1016 3569 sum
1043 3529 1143 3585 ego
1184 3516 1240 3568 in
1298 3515 1462 3568 corde
1523 3530 1644 3568 meo
1697 3523 1758 3568 ut
1791 3515 2071 3570 dicerem:

502 3607 639 3660 Ecce
675 3606 1056 3676 magniﬁcatus
1087 3621 1208 3660 sum
1241 3620 1359 3675 ego.
1406 3623 1423 3655 ι
1457 3602 1727 3670 Quoniam
1763 3606 1873 3659 vidi
1909 3606 1962 3659 in
1991 3620 2077 3660 me

498 3711 619 3751 eam
655 3711 776 3766 quae
803 3703 887 3749 est
911 3710 980 3748 ex
1020 3701 1295 3765 potestate
1335 3692 1791 3762 magnitudinem,
1820 3701 1875 3747 et
1923 3693 2076 3762 regni

502 3788 848 3858 splendorem
881 3801 1218 3842 accrescere.
1259 3783 1364 3840 Sed
1400 3799 1511 3853 pra!
1557 3784 1644 3839 his
1673 3783 1931 3838 omnibus
1957 3797 2076 3836 ma-

504 3881 632 3933 ximi
667 3879 767 3934 feci
803 3879 1208 3948 possessionem
1238 3877 1543 3947 sapientiae,
1569 3892 1692 3945 qua:
1717 3890 1825 3930 non
1852 3876 1956 3930 alia
1990 3891 2081 3930 ra-

503 3972 657 4025 tione
685 3971 893 4040 acquiri
926 3977 1130 4040 potest.
1176 3984 1339 4039 quam
1377 3968 1658 4022 laboribus
1680 3977 1734 4022 et
1761 3967 2076 4024 sudoribus.

505 4063 799 4132 Propterea
851 4075 977 4116 cum
1019 4060 1298 4116 dixisset:
1367 4079 1386 4110 ι
1426 4059 1537 4130 Ego
1573 4060 1788 4114 locutus
1843 4075 1964 4114 sum
2024 4061 2077 4114 in

505 4155 673 4209 corde
729 4169 850 4208 meo
894 4161 954 4206 nt
1009 4153 1292 4208 dicerem:
1325 4150 1464 4206 Ecce
1527 4150 1907 4220 magnificatus
1957 4167 2079 4204 sum

506 4263 628 4317 ego,
669 4266 686 4298 ι
724 4246 1029 4316 subjunxit,
1071 4265 1088 4296 ι
1127 4243 1436 4310 Quinetiam
1470 4241 1644 4310 adjeci
1677 4242 2025 4311 sapientiam.
2060 4259 2079 4292 ι

510 4338 645 4392 Nam
676 4353 798 4407 qua:
832 4337 966 4391 mihi
1009 4351 1117 4390 non
1169 4335 1401 4406 quaesita
1437 4333 1672 4388 accessit
1716 4334 2006 4402 potestatis
2031 4340 2086 4387 et

508 4430 824 4484 dominatus
854 4426 1285 4498 magnitudinem
1333 4426 1459 4478 auxi
1517 4425 1839 4480 accessione
1869 4424 2087 4492 sapien-
2123 4463 2163 4517 Β

515 4523 778 4580 tiaa,cum
821 4518 924 4570 hoc
972 4517 1114 4586 apud
1146 4531 1233 4569 me
1283 4514 1569 4577 dixissem,
1629 4515 1773 4584 quod
1832 4531 1928 4584 per
1987 4515 2088 4567 hoc

512 4617 731 4680 oportet
761 4609 994 4663 evadere
1037 4607 1289 4676 superior
1325 4606 1392 4660 iis
1421 4605 1516 4676 qui
1558 4622 1644 4661 me
1688 4612 2090 4675 praecesserunt

513 4699 779 4768 regibus,
823 4705 878 4751 et
931 4711 1027 4751 eos
1075 4695 1399 4750 antecellere
1459 4695 1748 4765 sapientia.
1814 4713 1832 4746 ι
1903 4694 2088 4762 Adjeci

513 4792 682 4853 etiim,
719 4809 738 4841 ι
770 4790 964 4858 inquit,
994 4807 1012 4838 ι
1048 4787 1370 4858 sapientiam
1399 4787 1453 4840 in
1477 4787 1734 4841 omnibus
1755 4787 1848 4856 qui
1873 4785 2093 4840 fuerunt

515 4889 642 4936 ante
671 4897 756 4936 me
786 4881 840 4934 in
874 4878 1240 4942 Hierusalem,
1269 4888 1322 4932 et
1357 4877 1592 4948 cogitavi
1627 4877 2092 4948 quemadmodum

518 4977 634 5031 haec
663 4975 878 5030 ﬁerent.
917 4993 935 5025 ι
967 4973 1102 5040 Quis
1127 4973 1272 5028 enim
1305 4974 1503 5038 nescit,
1530 4973 1676 5042 quod
1717 4972 1969 5026 consistit
2005 4985 2093 5026 sa-

520 5071 720 5140 pientia
745 5069 814 5122 iis
850 5066 944 5137 qui
974 5080 1196 5135 operam
1233 5075 1289 5120 et
1323 5065 1563 5120 studium
1612 5064 1844 5120 libentes
1884 5070 2094 5133 ponunt

518 5165 572 5217 in
619 5162 954 5231 cogitatione
1001 5171 1190 5212 eorum
1213 5171 1335 5225 quae
1361 5157 1431 5211 ab
1467 5157 1590 5210 aliis
1632 5155 1786 5226 prius
1815 5163 1946 5210 sunt
1982 5153 2094 5209 ela-

522 5248 753 5304 borata?
782 5267 798 5298 ‹
831 5246 896 5300 Ει
919 5245 1061 5308 ideo,
1094 5263 1114 5297 ι
1142 5245 1318 5314 inquit
1337 5263 1386 5304 ,ι
1414 5260 1511 5300 cor
1535 5259 1712 5300 meum
1743 5244 1874 5298 vidit
1901 5244 2091 5306 multa,

523 5357 714 5411 nempe
758 5339 1085 5409 sapientiam
1132 5347 1186 5392 et
1223 5336 1610 5407 cognitionem,
1665 5355 1684 5387 ι
1730 5345 1918 5406 utpote
1947 5335 2091 5406 quod

521 5448 629 5485 non
648 5449 779 5487 casu
820 5431 1033 5501 acquiri
1060 5430 1234 5500 possit
1269 5443 1458 5485 eorum
1495 5429 1753 5500 cognitio.
1802 5426 1908 5482 Sed
1955 5441 2092 5498 quo-

525 5527 692 5588 niam,
733 5524 934 5593 inquit,
979 5522 1104 5577 dedi
1137 5536 1234 5577 cor
1260 5537 1437 5576 meum
1480 5529 1540 5575 ut
1581 5535 1964 5591 cognoscerem
2009 5534 2098 5573 sa-

528 5615 784 5681 pientiam
823 5625 874 5671 et
921 5614 1324 5685 cognitionem,
1374 5620 1431 5667 ut
1469 5615 1707 5682 quinon
1735 5612 1824 5664 illa
1873 5608 2099 5664 didicis-

530 5718 662 5768 sem,
690 5706 793 5760 nisi
817 5707 970 5762 labor
998 5715 1051 5762 et
1075 5706 1355 5762 meditatio
1378 5705 1650 5776 praecessis
1665 5715 1746 5760 set
1785 5717 1974 5757 eorum
1997 5716 2092 5756 co-

2258 3535 2277 3564 ‹
2319 3516 2584 3583 Ἐλάλησα
2631 3513 2742 3582 ἐγὼ
2787 3516 2844 3565 ἐν
2897 3515 2964 3583 τῇ
3021 3513 3216 3584 καρδίᾳ
3259 3531 3359 3582 μου
3406 3514 3505 3567 τοῦ
3562 3515 3772 3584 λέγειν·

2194 3609 2324 3661 Ἰδοὺ
2359 3605 2894 3676 ἐμεγαλύνθηνέγὼ.
2953 3625 2972 3656 ι
3017 3606 3232 3676 Ἐπειδὴ
3296 3606 3407 3677 γὰρ
3469 3604 3616 3662 εἶδον
3670 3611 3777 3679 ἐγὼ

2183 3700 2311 3770 περὶ
2340 3698 2573 3768 ἐμαυτὸν
2598 3699 2659 3750 τὸ
2703 3701 2764 3750 ἐκ
2799 3697 2900 3767 τῆς
2936 3697 3250 3760 δυναστείας
3278 3697 3530 3768 μέγεθος,
3566 3705 3662 3754 καὶ
3691 3703 3778 3754 τὸν

2183 3789 2345 3855 ὄγκον
2375 3785 2474 3856 τῆς
2507 3785 2782 3854 βασιλείας
2810 3786 3019 3856 ἀθρόως
3051 3786 3465 3856 ἐπιγενόμενον·
3497 3787 3642 3842 ἀλλὰ
3677 3793 3783 3859 πρὸ

2185 3881 2410 3945 τούτων,
2439 3881 2501 3933 τὸ
2529 3880 2628 3949 τῆς
2657 3878 2848 3948 σοφίας
2890 3878 3074 3948 κτῆμα
3111 3879 3238 3950 περὶ
3278 3879 3482 3942 παντὸς
3511 3882 3781 3950 ἐποίησά-

2191 3991 2317 4044 μην,
2351 3972 2417 4043 ἣν
2437 3972 2538 4026 οὐκ
2581 3972 2696 4025 ἐστι
2747 3971 2969 4024 δυνατὸν
2999 3970 3190 4033 ἄλλως,
3223 3972 3271 4024 εἰ
3307 3971 3380 4041 μὴ
3418 3971 3563 4040 μετὰ
3602 3974 3784 4025 πόνων

2187 4066 2282 4120 καὶ
2311 4063 2549 4136 ἱδρώτων
2578 4063 2901 4134 κτήσασθαι.
2933 4062 3030 4115 Διά
3058 4061 3214 4114 τοῦτο
3241 4060 3408 4114 εἰπών
3429 4079 3444 4091 ο
3473 4064 3561 4116 ὅτι
3586 4082 3603 4114 ι
3629 4064 3787 4116 Ἐλά-

2187 4158 2326 4227 λησα
2359 4155 2470 4224 ἐγὼ
2513 4159 2570 4208 ὲν
2596 4159 2662 4226 τῇ
2690 4155 2887 4226 καρδία
2923 4168 3023 4224 μου
3054 4153 3148 4206 τοῦ
3186 4153 3365 4221 λέγειν
3383 4169 3395 4182 ·
3421 4155 3555 4210 Ἰδοὺ
3574 4157 3785 4225 ἐμεγαι

2188 4245 2385 4316 λύνθην
2412 4244 2540 4314 ἐγὼ,
2571 4263 2588 4294 ι
2617 4245 2862 4313 ἐπήγαγε
2886 4241 3078 4300 καὶτὸ.
3107 4262 3125 4292 ι
3157 4240 3482 4312 Προσέθηκα
3512 4244 3735 4311 σοφίαν.
3762 4266 3778 4293 ι

2189 4339 2292 4392 Τὸν
2319 4337 2428 4406 γὰρ
2456 4335 2597 4389 κατὰ
2628 4335 2688 4388 τὸ
2721 4333 3024 4403 αὐτόματόν
3067 4350 3155 4403 μοι
3200 4333 3638 4403 προσγενόμενον
3683 4337 3785 4404 τῆς

2190 4428 2507 4490 δυναστείας
2538 4428 2702 4495 ὃγκον
2727 4425 2940 4497 ηὖξησα
2977 4428 3040 4496 τῇ
3077 4428 3176 4495 τῆς
3215 4425 3405 4492 σοφίας
3449 4426 3750 4498 προσθήκῃ

2190 4519 2362 4572 ταῦτα
2420 4520 2539 4570 κατ’
2589 4516 2822 4586 ἐμαυτὸν
2869 4514 3056 4574 εἰπὼν,
3108 4515 3190 4566 ὅτι
3241 4513 3346 4583 χρὴ
3399 4512 3646 4582 μάλιστα
3699 4516 3787 4567 διὰ

2190 4610 2346 4664 τοῦτο
2393 4609 2500 4661 τῶν
2533 4607 2941 4679 προγεγονότων
2982 4605 3245 4675 βασιλέων
3281 4603 3563 4675 δειχθῆναι
3611 4606 3786 4674 ὑπέρ-

2191 4718 2364 4771 τερον,
2396 4700 2490 4753 καὶ
2532 4701 2588 4752 ἐν
2619 4699 2780 4769 σοφίᾳ
2821 4697 2883 4750 τὸ
2933 4697 3094 4750 πλέον
3128 4696 3292 4766 ἔχειν.
3336 4715 3355 4745 ι
3390 4696 3728 4766 Προσέθηκα
3766 4717 3784 4747 ι

2193 4793 2321 4863 γὰρ,
2365 4791 2518 4862 φησὶ,
2553 4810 2571 4842 ι
2609 4791 2800 4859 σοφίαν
2848 4791 2906 4842 ἐν
2959 4790 3093 4840 πᾶσι
3141 4790 3254 4850 τοῖς
3306 4786 3626 4857 γενομένοις
3687 4788 3790 4858 ἐμ-

2195 4883 2428 4954 προσθέν
2457 4901 2557 4954 μου
2598 4885 2655 4935 ἐν
2690 4881 3064 4953 Ἰερουσαλὴμ,
3091 4881 3184 4935 καὶ
3219 4880 3366 4942 ὅπως
3397 4879 3463 4932 ἂν
3491 4879 3676 4933 ταῦτα
3699 4881 3791 4949 γέ-

2199 4991 2340 5028 νοιτο
2385 4973 2707 5042 κατενόησα.
2759 4993 2776 5024 ι
2822 4973 2918 5036 Τίς
2961 4974 3072 5043 γὰρ
3120 4971 3222 5025 οὐκ
3268 4967 3428 5033 οἶδεν,
3476 4970 3560 5022 ὄτι
3612 4972 3675 5023 ἐν
3723 4975 3789 5042 τῇ

2198 5062 2396 5131 γνώσει
2432 5061 2541 5114 τῶν
2580 5061 2785 5132 ἑτέροις
2821 5059 3320 5131 προπεπονημένων
3344 5059 3733 5130 φιλοπονοῦσιν
3755 5064 3788 5130 ἡ

2200 5153 2358 5220 σοφία
2407 5152 2751 5216 συνίσταται;
2787 5168 2806 5199 ι
2845 5151 2957 5212 Διὸ,
3011 5169 3032 5202 ι
3092 5149 3374 5220 φησὶν,«ή
3427 5148 3628 5218 καρδία
3691 5165 3791 5220 μου

2200 5241 2306 5297 εἶδε
2336 5242 2526 5307 πολλὰ,
2564 5243 2755 5311 σοφίαν
2799 5243 2891 5295 καὶ
2914 5241 3136 5310 γνῶσιν,
3174 5259 3195 5294 ι
3238 5240 3300 5293 οὐ
3338 5240 3481 5294 κατὰ
3521 5241 3587 5294 τδ
3626 5243 3790 5296 αὐτό-

2206 5350 2371 5403 ματον
2395 5333 2602 5402 ἀκμητί
2637 5349 2695 5384 τε
2723 5332 2821 5399 τῆς
2853 5331 2963 5384 τῶν
2996 5330 3255 5384 τοιούτων
3281 5328 3536 5398 γ·κὶ›σεως·
3565 5333 3791 5399 ἐγγενοο

2207 5427 2394 5494 μένης.
2431 5423 2568 5476 Ἀλλ’
2605 5423 2814 5494 ἐπειδὴ,
2847 5423 3034 5493 φησὶν,
3056 5422 3234 5476 ἔδωκα
3273 5423 3371 5493 τὴν
3413 5421 3651 5492 καρδίαν
3695 5442 3790 5492 μου

2202 5516 2295 5571 τοῦ
2341 5515 2543 5584 γνῶναι
2589 5515 2779 5584 σοφίαν
2826 5515 2921 5567 καὶ
2961 5515 3182 5582 γνῶσιν,
3221 5514 3307 5586 ὡς,
3344 5513 3448 5566 οὐκ
3495 5511 3565 5566 ἂν
3606 5514 3791 5584 μαθὼν

2203 5610 2406 5668 ἐκεῖνα.
2438 5610 2486 5660 εἰ
2517 5607 2592 5677 μὴ
2615 5607 2774 5669 πόνος
2812 5622 2869 5660 τε
2917 5605 3011 5659 καὶ
3049 5604 3246 5674 μελέτη
3280 5621 3379 5674 της
3415 5603 3682 5670 γνώσεως
3705 5605 3790 5657 αύ-

2204 5701 2310 5753 τῶν
2357 5697 2738 5770 καθηγήσατο·
2773 5718 2790 5748 ι
2836 5696 2996 5749 Ἀλλά
3038 5697 3132 5751 καὶ
3183 5695 3523 5760 παραϐολὰς,
3580 5716 3598 5747 ι
3641 5697 3788 5764 φησὶ.
