  <div class='ocr_page' id='page_1' title='image "/cluster/home/n/w/nwhite01/storage/ocr_20150623/44/nnc1.0037127462/334.png"; bbox 0 0 3870 6220; ppageno 0'>
   <div class='ocr_carea' id='block_1_1' title="bbox 171 325 281 381">
    <p class='ocr_par' dir='ltr' id='par_1_1' title="bbox 171 325 281 381">
     <span class='ocr_line' id='line_1_1' title="bbox 171 325 281 381; baseline 0 0"><span class='ocrx_word' id='word_1_1' title='bbox 171 325 281 381; x_wconf 76' lang='grc'><strong>645</strong></span> 
     </span>
    </p>
   </div>
   <div class='ocr_carea' id='block_1_2' title="bbox 1249 307 2318 373">
    <p class='ocr_par' dir='ltr' id='par_1_2' title="bbox 1249 307 2318 373">
     <span class='ocr_line' id='line_1_2' title="bbox 1249 307 2318 373; baseline -0.003 -1"><span class='ocrx_word' id='word_1_2' title='bbox 1249 317 1316 372; x_wconf 84' lang='grc' dir='ltr'><strong>ΙΝ</strong></span> <span class='ocrx_word' id='word_1_3' title='bbox 1352 313 1890 373; x_wconf 81' lang='lat' dir='ltr'><strong>ECCLESIASTEN.</strong></span> <span class='ocrx_word' id='word_1_4' title='bbox 1932 312 2217 370; x_wconf 70' lang='lat' dir='ltr'><strong>llOMlLlA</strong></span> <span class='ocrx_word' id='word_1_5' title='bbox 2257 307 2318 369; x_wconf 87' lang='lat' dir='ltr'><strong>ll.</strong></span> 
     </span>
    </p>
   </div>
   <div class='ocr_carea' id='block_1_3' title="bbox 3333 313 3440 370">
    <p class='ocr_par' dir='ltr' id='par_1_3' title="bbox 3333 313 3440 370">
     <span class='ocr_line' id='line_1_3' title="bbox 3333 313 3440 370; baseline 0 0"><span class='ocrx_word' id='word_1_6' title='bbox 3333 313 3440 370; x_wconf 74' lang='grc' dir='ltr'><strong>σιθ</strong></span> 
     </span>
    </p>
   </div>
   <div class='ocr_carea' id='block_1_4' title="bbox 175 421 1765 506">
    <p class='ocr_par' dir='ltr' id='par_1_4' title="bbox 175 427 1763 506">
     <span class='ocr_line' id='line_1_4' title="bbox 175 427 1763 506; baseline -0.007 -16"><span class='ocrx_word' id='word_1_7' title='bbox 175 458 196 489; x_wconf 69' lang='grc' dir='ltr'><strong>ε</strong></span> <span class='ocrx_word' id='word_1_8' title='bbox 239 437 334 490; x_wconf 81' lang='grc' dir='ltr'><strong>καὶ</strong></span> <span class='ocrx_word' id='word_1_9' title='bbox 377 436 686 506; x_wconf 76' lang='grc' dir='ltr'><strong>ἐπιστήμην</strong></span> <span class='ocrx_word' id='word_1_10' title='bbox 729 434 932 502; x_wconf 81' lang='grc' dir='ltr'><strong>ἐγνων·</strong></span> <span class='ocrx_word' id='word_1_11' title='bbox 975 453 992 484; x_wconf 81' lang='grc' dir='ltr'><strong>ι</strong></span> <span class='ocrx_word' id='word_1_12' title='bbox 1027 431 1290 496; x_wconf 77' lang='grc' dir='ltr'><strong>τουτέστι,</strong></span> <span class='ocrx_word' id='word_1_13' title='bbox 1321 430 1418 502; x_wconf 84' lang='grc' dir='ltr'><strong>τὴν</strong></span> <span class='ocrx_word' id='word_1_14' title='bbox 1465 429 1525 496; x_wconf 79' lang='grc' dir='ltr'><strong>ἐξ</strong></span> <span class='ocrx_word' id='word_1_15' title='bbox 1573 427 1763 482; x_wconf 84' lang='grc' dir='ltr'><strong>ἀναλο-</strong></span> 
     </span>
    </p>
   </div>
   <div class='ocr_carea' id='block_1_5' title="bbox 1872 421 3440 506">
    <p class='ocr_par' dir='ltr' id='par_1_5' title="bbox 1872 421 3440 495">
     <span class='ocr_line' id='line_1_5' title="bbox 1872 421 3440 495; baseline 0.002 -16"><span class='ocrx_word' id='word_1_16' title='bbox 1872 425 2189 495; x_wconf 84' lang='lat' dir='ltr'><strong>gnitionem.</strong></span> <span class='ocrx_word' id='word_1_17' title='bbox 2221 443 2238 476; x_wconf 81' lang='grc' dir='ltr'><strong>ι</strong></span> <span class='ocrx_word' id='word_1_18' title='bbox 2271 424 2380 480; x_wconf 89' lang='lat' dir='ltr'><strong>Sed</strong></span> <span class='ocrx_word' id='word_1_19' title='bbox 2407 432 2462 478; x_wconf 89' lang='lat' dir='ltr'><strong>et</strong></span> <span class='ocrx_word' id='word_1_20' title='bbox 2488 422 2797 494; x_wconf 77' lang='lat' dir='ltr'><strong>parabolas,</strong></span> <span class='ocrx_word' id='word_1_21' title='bbox 2847 441 2864 474; x_wconf 78' lang='grc' dir='ltr'><strong>ι</strong></span> <span class='ocrx_word' id='word_1_22' title='bbox 2895 421 3096 494; x_wconf 93' lang='lat' dir='ltr'><strong>inquit,</strong></span> <span class='ocrx_word' id='word_1_23' title='bbox 3129 444 3150 477; x_wconf 74' lang='grc' dir='ltr'><strong>ι</strong></span> <span class='ocrx_word' id='word_1_24' title='bbox 3179 435 3231 481; x_wconf 91' lang='grc' dir='ltr'><strong>ει</strong></span> <span class='ocrx_word' id='word_1_25' title='bbox 3257 428 3440 482; x_wconf 79' lang='lat' dir='ltr'><strong>scicn~</strong></span> 
     </span>
    </p>
   </div>
   <div class='ocr_carea' id='block_1_6' title="bbox 169 519 1760 598">
    <p class='ocr_par' dir='ltr' id='par_1_6' title="bbox 169 519 1760 598">
     <span class='ocr_line' id='line_1_6' title="bbox 169 519 1760 598; baseline -0.004 -17"><span class='ocrx_word' id='word_1_26' title='bbox 169 528 300 598; x_wconf 83' lang='grc' dir='ltr'><strong>γίας</strong></span> <span class='ocrx_word' id='word_1_27' title='bbox 323 528 622 598; x_wconf 81' lang='grc' dir='ltr'><strong>γενομένην</strong></span> <span class='ocrx_word' id='word_1_28' title='bbox 652 526 746 580; x_wconf 89' lang='grc' dir='ltr'><strong>τοῦ</strong></span> <span class='ocrx_word' id='word_1_29' title='bbox 780 526 1176 596; x_wconf 80' lang='grc' dir='ltr'><strong>ὑπερκειμένου</strong></span> <span class='ocrx_word' id='word_1_30' title='bbox 1205 522 1528 594; x_wconf 84' lang='grc' dir='ltr'><strong>κατάληψιν,</strong></span> <span class='ocrx_word' id='word_1_31' title='bbox 1551 521 1638 574; x_wconf 79' lang='grc' dir='ltr'><strong>διὰ</strong></span> <span class='ocrx_word' id='word_1_32' title='bbox 1663 519 1760 588; x_wconf 82' lang='grc' dir='ltr'><strong>τῆς</strong></span> 
     </span>
    </p>
   </div>
   <div class='ocr_carea' id='block_1_7' title="bbox 171 610 1760 691">
    <p class='ocr_par' dir='ltr' id='par_1_7' title="bbox 171 610 1760 691">
     <span class='ocr_line' id='line_1_7' title="bbox 171 610 1760 691; baseline -0.007 -17"><span class='ocrx_word' id='word_1_33' title='bbox 171 621 533 691; x_wconf 80' lang='grc' dir='ltr'><strong>παραθέσεως</strong></span> <span class='ocrx_word' id='word_1_34' title='bbox 559 619 668 671; x_wconf 82' lang='grc' dir='ltr'><strong>τῶν</strong></span> <span class='ocrx_word' id='word_1_35' title='bbox 696 616 1136 687; x_wconf 76' lang='grc' dir='ltr'><strong>παρακειμένων.</strong></span> <span class='ocrx_word' id='word_1_36' title='bbox 1165 616 1276 668; x_wconf 75' lang='grc' dir='ltr'><strong>Καὶ</strong></span> <span class='ocrx_word' id='word_1_37' title='bbox 1311 612 1483 666; x_wconf 87' lang='grc' dir='ltr'><strong>ταῦτα</strong></span> <span class='ocrx_word' id='word_1_38' title='bbox 1511 610 1760 682; x_wconf 90' lang='grc' dir='ltr'><strong>μεμαθη-</strong></span> 
     </span>
    </p>
   </div>
   <div class='ocr_carea' id='block_1_8' title="bbox 173 704 1762 782">
    <p class='ocr_par' dir='ltr' id='par_1_8' title="bbox 173 704 1762 782">
     <span class='ocr_line' id='line_1_8' title="bbox 173 704 1762 782; baseline -0.007 -16"><span class='ocrx_word' id='word_1_39' title='bbox 173 713 330 766; x_wconf 79' lang='grc' dir='ltr'><strong>κέναι</strong></span> <span class='ocrx_word' id='word_1_40' title='bbox 357 713 535 780; x_wconf 85' lang='grc' dir='ltr'><strong>λέγει’</strong></span> <span class='ocrx_word' id='word_1_41' title='bbox 576 709 894 782; x_wconf 81' lang='grc' dir='ltr'><strong>Παραὸολὰς</strong></span> <span class='ocrx_word' id='word_1_42' title='bbox 939 708 1068 779; x_wconf 87' lang='grc' dir='ltr'><strong>γὰρ,</strong></span> <span class='ocrx_word' id='word_1_43' title='bbox 1113 707 1265 777; x_wconf 77' lang='grc' dir='ltr'><strong>φησὶ,</strong></span> <span class='ocrx_word' id='word_1_44' title='bbox 1311 706 1406 760; x_wconf 78' lang='grc' dir='ltr'><strong>καὶ</strong></span> <span class='ocrx_word' id='word_1_45' title='bbox 1452 704 1762 774; x_wconf 76' lang='grc' dir='ltr'><strong>ἐπιστήμην</strong></span> 
     </span>
    </p>
   </div>
   <div class='ocr_carea' id='block_1_9' title="bbox 85 793 1763 872">
    <p class='ocr_par' dir='ltr' id='par_1_9' title="bbox 85 793 1763 872">
     <span class='ocr_line' id='line_1_9' title="bbox 85 793 1763 872; baseline -0.007 -16"><span class='ocrx_word' id='word_1_46' title='bbox 85 815 93 823; x_wconf 90' lang='grc'>·</span> <span class='ocrx_word' id='word_1_47' title='bbox 173 804 367 871; x_wconf 81' lang='grc' dir='ltr'><strong>ἐγνων.</strong></span> <span class='ocrx_word' id='word_1_48' title='bbox 405 801 671 872; x_wconf 78' lang='grc' dir='ltr'><strong>Καθάπερ</strong></span> <span class='ocrx_word' id='word_1_49' title='bbox 697 801 964 853; x_wconf 86' lang='grc' dir='ltr'><strong>διδάσκων</strong></span> <span class='ocrx_word' id='word_1_50' title='bbox 994 799 1086 852; x_wconf 78' lang='grc' dir='ltr'><strong>καὶ</strong></span> <span class='ocrx_word' id='word_1_51' title='bbox 1113 801 1170 851; x_wconf 80' lang='grc' dir='ltr'><strong>ἐν</strong></span> <span class='ocrx_word' id='word_1_52' title='bbox 1193 797 1271 869; x_wconf 85' lang='grc' dir='ltr'>τῷ</span> <span class='ocrx_word' id='word_1_53' title='bbox 1298 795 1611 864; x_wconf 82' lang='grc' dir='ltr'><strong>Εύαγγελίῳ</strong></span> <span class='ocrx_word' id='word_1_54' title='bbox 1637 793 1763 855; x_wconf 74' lang='grc' dir='ltr'><strong>τοὺς</strong></span> 
     </span>
    </p>
   </div>
   <div class='ocr_carea' id='block_1_10' title="bbox 175 884 1762 964">
    <p class='ocr_par' dir='ltr' id='par_1_10' title="bbox 175 884 1762 964">
     <span class='ocr_line' id='line_1_10' title="bbox 175 884 1762 964; baseline -0.008 -16"><span class='ocrx_word' id='word_1_55' title='bbox 175 895 562 964; x_wconf 79' lang='grc' dir='ltr'><strong>ἀκροωμένους</strong></span> <span class='ocrx_word' id='word_1_56' title='bbox 585 895 614 946; x_wconf 86' lang='grc' dir='ltr'><strong>ό</strong></span> <span class='ocrx_word' id='word_1_57' title='bbox 649 892 868 963; x_wconf 80' lang='grc' dir='ltr'><strong>Κύριος,</strong></span> <span class='ocrx_word' id='word_1_58' title='bbox 898 891 989 944; x_wconf 80' lang='grc' dir='ltr'><strong>τὸν</strong></span> <span class='ocrx_word' id='word_1_59' title='bbox 1021 889 1149 960; x_wconf 77' lang='grc' dir='ltr'><strong>περὶ</strong></span> <span class='ocrx_word' id='word_1_60' title='bbox 1173 889 1272 958; x_wconf 80' lang='grc' dir='ltr'><strong>τῆς</strong></span> <span class='ocrx_word' id='word_1_61' title='bbox 1308 886 1590 958; x_wconf 82' lang='grc' dir='ltr'><strong>βασιλείας</strong></span> <span class='ocrx_word' id='word_1_62' title='bbox 1607 884 1762 949; x_wconf 86' lang='grc' dir='ltr'><strong>λόγον</strong></span> 
     </span>
    </p>
   </div>
   <div class='ocr_carea' id='block_1_11' title="bbox 179 977 1759 1054">
    <p class='ocr_par' dir='ltr' id='par_1_11' title="bbox 179 977 1759 1054">
     <span class='ocr_line' id='line_1_11' title="bbox 179 977 1759 1054; baseline -0.008 -14"><span class='ocrx_word' id='word_1_63' title='bbox 179 989 274 1040; x_wconf 84' lang='grc' dir='ltr'><strong>ὐπ’</strong></span> <span class='ocrx_word' id='word_1_64' title='bbox 307 986 430 1054; x_wconf 76' lang='grc' dir='ltr'><strong>ὄψιν</strong></span> <span class='ocrx_word' id='word_1_65' title='bbox 462 985 607 1052; x_wconf 79' lang='grc' dir='ltr'><strong>ἄγει,</strong></span> <span class='ocrx_word' id='word_1_66' title='bbox 635 985 668 1054; x_wconf 79' lang='grc' dir='ltr'><strong>ἢ</strong></span> <span class='ocrx_word' id='word_1_67' title='bbox 703 984 1067 1054; x_wconf 77' lang='grc' dir='ltr'><strong>μαργαρίτην,</strong></span> <span class='ocrx_word' id='word_1_68' title='bbox 1101 981 1134 1050; x_wconf 84' lang='grc' dir='ltr'>ἢ</span> <span class='ocrx_word' id='word_1_69' title='bbox 1175 978 1468 1051; x_wconf 85' lang='grc' dir='ltr'><strong>θησαυρὸν,</strong></span> <span class='ocrx_word' id='word_1_70' title='bbox 1498 977 1532 1046; x_wconf 82' lang='grc' dir='ltr'><strong>ἢ</strong></span> <span class='ocrx_word' id='word_1_71' title='bbox 1563 977 1759 1046; x_wconf 84' lang='grc' dir='ltr'><strong>γάμον,</strong></span> 
     </span>
    </p>
   </div>
   <div class='ocr_carea' id='block_1_12' title="bbox 178 1069 1759 1147">
    <p class='ocr_par' dir='ltr' id='par_1_12' title="bbox 178 1069 1759 1147">
     <span class='ocr_line' id='line_1_12' title="bbox 178 1069 1759 1147; baseline -0.007 -16"><span class='ocrx_word' id='word_1_72' title='bbox 178 1079 215 1146; x_wconf 80' lang='grc' dir='ltr'><strong>ἢ</strong></span> <span class='ocrx_word' id='word_1_73' title='bbox 248 1078 467 1140; x_wconf 78' lang='grc' dir='ltr'><strong>κόκκον,</strong></span> <span class='ocrx_word' id='word_1_74' title='bbox 497 1077 531 1145; x_wconf 78' lang='grc' dir='ltr'>ἢ</span> <span class='ocrx_word' id='word_1_75' title='bbox 560 1075 754 1147; x_wconf 80' lang='grc' dir='ltr'><strong>ζύμην,</strong></span> <span class='ocrx_word' id='word_1_76' title='bbox 783 1076 816 1145; x_wconf 71' lang='grc' dir='ltr'><strong>ἡ</strong></span> <span class='ocrx_word' id='word_1_77' title='bbox 849 1092 902 1128; x_wconf 89' lang='grc' dir='ltr'><strong>τι</strong></span> <span class='ocrx_word' id='word_1_78' title='bbox 927 1073 1034 1128; x_wconf 83' lang='grc' dir='ltr'><strong>τῶν</strong></span> <span class='ocrx_word' id='word_1_79' title='bbox 1065 1071 1318 1126; x_wconf 74' lang='grc' dir='ltr'><strong>τοιούτων</strong></span> <span class='ocrx_word' id='word_1_80' title='bbox 1342 1069 1759 1141; x_wconf 82' lang='grc' dir='ltr'><strong>διηγησάμενος,</strong></span> 
     </span>
    </p>
   </div>
   <div class='ocr_carea' id='block_1_13' title="bbox 176 1161 1763 1236">
    <p class='ocr_par' dir='ltr' id='par_1_13' title="bbox 176 1161 1763 1236">
     <span class='ocr_line' id='line_1_13' title="bbox 176 1161 1763 1236; baseline -0.004 -16"><span class='ocrx_word' id='word_1_81' title='bbox 176 1169 240 1220; x_wconf 87' lang='grc' dir='ltr'><strong>οὐ</strong></span> <span class='ocrx_word' id='word_1_82' title='bbox 281 1167 457 1220; x_wconf 86' lang='grc' dir='ltr'><strong>ταῦτα</strong></span> <span class='ocrx_word' id='word_1_83' title='bbox 487 1167 659 1235; x_wconf 82' lang='grc' dir='ltr'><strong>λέγων</strong></span> <span class='ocrx_word' id='word_1_84' title='bbox 696 1162 834 1220; x_wconf 80' lang='grc' dir='ltr'><strong>εἶναι</strong></span> <span class='ocrx_word' id='word_1_85' title='bbox 869 1167 971 1236; x_wconf 86' lang='grc' dir='ltr'><strong>τὴν</strong></span> <span class='ocrx_word' id='word_1_86' title='bbox 1007 1163 1316 1235; x_wconf 86' lang='grc' dir='ltr'><strong>βασιλείαν·</strong></span> <span class='ocrx_word' id='word_1_87' title='bbox 1357 1163 1494 1217; x_wconf 81' lang='grc' dir='ltr'><strong>ἀλλὰ</strong></span> <span class='ocrx_word' id='word_1_88' title='bbox 1537 1162 1625 1216; x_wconf 85' lang='grc' dir='ltr'><strong>διὰ</strong></span> <span class='ocrx_word' id='word_1_89' title='bbox 1662 1161 1763 1232; x_wconf 79' lang='grc' dir='ltr'><strong>τῆς</strong></span> 
     </span>
    </p>
   </div>
   <div class='ocr_carea' id='block_1_14' title="bbox 179 1253 1761 1330">
    <p class='ocr_par' dir='ltr' id='par_1_14' title="bbox 179 1253 1761 1330">
     <span class='ocr_line' id='line_1_14' title="bbox 179 1253 1761 1330; baseline -0.003 -19"><span class='ocrx_word' id='word_1_90' title='bbox 179 1259 494 1330; x_wconf 81' lang='grc' dir='ltr'><strong>ὁμοιώσεως</strong></span> <span class='ocrx_word' id='word_1_91' title='bbox 533 1258 641 1314; x_wconf 85' lang='grc' dir='ltr'><strong>τῶν</strong></span> <span class='ocrx_word' id='word_1_92' title='bbox 684 1261 742 1311; x_wconf 81' lang='grc' dir='ltr'><strong>ἐν</strong></span> <span class='ocrx_word' id='word_1_93' title='bbox 783 1257 991 1320; x_wconf 82' lang='grc' dir='ltr'><strong>τούτοις</strong></span> <span class='ocrx_word' id='word_1_94' title='bbox 1041 1255 1478 1326; x_wconf 80' lang='grc' dir='ltr'><strong>σημαινομένων,</strong></span> <span class='ocrx_word' id='word_1_95' title='bbox 1528 1253 1761 1321; x_wconf 81' lang='grc' dir='ltr'><strong>ἐναυγά-</strong></span> 
     </span>
    </p>
   </div>
   <div class='ocr_carea' id='block_1_15' title="bbox 181 1346 1762 1421">
    <p class='ocr_par' dir='ltr' id='par_1_15' title="bbox 181 1346 1762 1421">
     <span class='ocr_line' id='line_1_15' title="bbox 181 1346 1762 1421; baseline -0.002 -18"><span class='ocrx_word' id='word_1_96' title='bbox 181 1352 368 1421; x_wconf 89' lang='grc' dir='ltr'><strong>σματά</strong></span> <span class='ocrx_word' id='word_1_97' title='bbox 393 1368 514 1404; x_wconf 90' lang='grc' dir='ltr'><strong>τινα</strong></span> <span class='ocrx_word' id='word_1_98' title='bbox 546 1353 642 1404; x_wconf 75' lang='grc' dir='ltr'><strong>καὶ</strong></span> <span class='ocrx_word' id='word_1_99' title='bbox 675 1350 968 1420; x_wconf 89' lang='grc' dir='ltr'><strong>αἰνίγματα</strong></span> <span class='ocrx_word' id='word_1_100' title='bbox 993 1349 1100 1403; x_wconf 81' lang='grc' dir='ltr'><strong>τῶν</strong></span> <span class='ocrx_word' id='word_1_101' title='bbox 1131 1348 1274 1420; x_wconf 84' lang='grc' dir='ltr'><strong>ὑπὲρ</strong></span> <span class='ocrx_word' id='word_1_102' title='bbox 1298 1346 1600 1416; x_wconf 72' lang='grc' dir='ltr'><strong>κατάληψιν</strong></span> <span class='ocrx_word' id='word_1_103' title='bbox 1621 1363 1762 1416; x_wconf 66' lang='grc' dir='ltr'><strong>πραι</strong></span> 
     </span>
    </p>
   </div>
   <div class='ocr_carea' id='block_1_16' title="bbox 176 1437 1758 1511">
    <p class='ocr_par' dir='ltr' id='par_1_16' title="bbox 176 1437 1758 1511">
     <span class='ocr_line' id='line_1_16' title="bbox 176 1437 1758 1511; baseline -0.003 -17"><span class='ocrx_word' id='word_1_104' title='bbox 176 1442 406 1510; x_wconf 85' lang='grc' dir='ltr'><strong>γμάτων</strong></span> <span class='ocrx_word' id='word_1_105' title='bbox 468 1441 850 1511; x_wconf 77' lang='grc' dir='ltr'><strong>παραϐολικῶς</strong></span> <span class='ocrx_word' id='word_1_106' title='bbox 895 1443 1008 1503; x_wconf 82' lang='grc' dir='ltr'><strong>τοῖς</strong></span> <span class='ocrx_word' id='word_1_107' title='bbox 1069 1439 1359 1494; x_wconf 86' lang='grc' dir='ltr'><strong>ἀκούουσιν</strong></span> <span class='ocrx_word' id='word_1_108' title='bbox 1403 1437 1758 1492; x_wconf 82' lang='grc' dir='ltr'><strong>ὑποδεικνύει.</strong></span> 
     </span>
    </p>
   </div>
   <div class='ocr_carea' id='block_1_17' title="bbox 182 1528 1763 1602">
    <p class='ocr_par' dir='ltr' id='par_1_17' title="bbox 182 1528 1763 1602">
     <span class='ocr_line' id='line_1_17' title="bbox 182 1528 1763 1602; baseline -0.001 -21"><span class='ocrx_word' id='word_1_109' title='bbox 182 1551 201 1581; x_wconf 75' lang='grc' dir='ltr'><strong>ι</strong></span> <span class='ocrx_word' id='word_1_110' title='bbox 241 1533 348 1584; x_wconf 69' lang='grc' dir='ltr'><strong>ἰοὶαὶ</strong></span> <span class='ocrx_word' id='word_1_111' title='bbox 385 1533 465 1594; x_wconf 76' lang='grc' dir='ltr'><strong>εἰς</strong></span> <span class='ocrx_word' id='word_1_112' title='bbox 497 1529 657 1584; x_wconf 83' lang='grc' dir='ltr'><strong>τοῦτό</strong></span> <span class='ocrx_word' id='word_1_113' title='bbox 687 1548 777 1601; x_wconf 91' lang='grc' dir='ltr'><strong>μοι</strong></span> <span class='ocrx_word' id='word_1_114' title='bbox 805 1529 1014 1598; x_wconf 81' lang='grc' dir='ltr'><strong>γέγονε,</strong></span> <span class='ocrx_word' id='word_1_115' title='bbox 1050 1549 1069 1581; x_wconf 79' lang='grc' dir='ltr'><strong>ι</strong></span> <span class='ocrx_word' id='word_1_116' title='bbox 1101 1531 1285 1602; x_wconf 83' lang='grc' dir='ltr'><strong>φησίν,</strong></span> <span class='ocrx_word' id='word_1_117' title='bbox 1323 1547 1341 1580; x_wconf 79' lang='grc' dir='ltr'><strong>ι</strong></span> <span class='ocrx_word' id='word_1_118' title='bbox 1378 1531 1412 1600; x_wconf 84' lang='grc' dir='ltr'><strong>ἡ</strong></span> <span class='ocrx_word' id='word_1_119' title='bbox 1444 1528 1763 1600; x_wconf 88' lang='grc' dir='ltr'><strong>προαίρεσις</strong></span> 
     </span>
    </p>
   </div>
   <div class='ocr_carea' id='block_1_18' title="bbox 171 1619 1763 1694">
    <p class='ocr_par' dir='ltr' id='par_1_18' title="bbox 171 1619 1763 1694">
     <span class='ocr_line' id='line_1_18' title="bbox 171 1619 1763 1694; baseline -0.003 -19"><span class='ocrx_word' id='word_1_120' title='bbox 171 1622 267 1675; x_wconf 85' lang='grc' dir='ltr'><strong>τοῦ</strong></span> <span class='ocrx_word' id='word_1_121' title='bbox 297 1625 625 1694; x_wconf 86' lang='grc' dir='ltr'><strong>πνεύματος,</strong></span> <span class='ocrx_word' id='word_1_122' title='bbox 655 1622 714 1675; x_wconf 78' lang='grc' dir='ltr'><strong>τὸ</strong></span> <span class='ocrx_word' id='word_1_123' title='bbox 734 1621 987 1690; x_wconf 77' lang='grc' dir='ltr'><strong>γενέσθαι</strong></span> <span class='ocrx_word' id='word_1_124' title='bbox 1023 1638 1112 1691; x_wconf 92' lang='grc' dir='ltr'><strong>μοι</strong></span> <span class='ocrx_word' id='word_1_125' title='bbox 1153 1620 1352 1691; x_wconf 84' lang='grc' dir='ltr'><strong>πλῆθος</strong></span> <span class='ocrx_word' id='word_1_126' title='bbox 1395 1620 1584 1689; x_wconf 79' lang='grc' dir='ltr'><strong>σοφίας</strong></span> <span class='ocrx_word' id='word_1_127' title='bbox 1608 1638 1657 1684; x_wconf 79' lang='grc' dir='ltr'><strong>,ι</strong></span> <span class='ocrx_word' id='word_1_128' title='bbox 1687 1619 1763 1682; x_wconf 80' lang='grc' dir='ltr'><strong>ὡς</strong></span> 
     </span>
    </p>
   </div>
   <div class='ocr_carea' id='block_1_19' title="bbox 172 1711 1762 1783">
    <p class='ocr_par' dir='ltr' id='par_1_19' title="bbox 172 1711 1762 1783">
     <span class='ocr_line' id='line_1_19' title="bbox 172 1711 1762 1783; baseline -0.002 -17"><span class='ocrx_word' id='word_1_129' title='bbox 172 1714 241 1766; x_wconf 82' lang='grc' dir='ltr'><strong>ἂν</strong></span> <span class='ocrx_word' id='word_1_130' title='bbox 270 1714 356 1766; x_wconf 67' lang='grc' dir='ltr'><strong>διὰ</strong></span> <span class='ocrx_word' id='word_1_131' title='bbox 387 1713 483 1766; x_wconf 89' lang='grc' dir='ltr'><strong>τοῦ</strong></span> <span class='ocrx_word' id='word_1_132' title='bbox 526 1712 781 1781; x_wconf 75' lang='grc' dir='ltr'><strong>γενέσθαι</strong></span> <span class='ocrx_word' id='word_1_133' title='bbox 817 1711 1000 1780; x_wconf 83' lang='grc' dir='ltr'><strong>σοφὸς,</strong></span> <span class='ocrx_word' id='word_1_134' title='bbox 1033 1713 1106 1783; x_wconf 82' lang='grc' dir='ltr'><strong>μὴ</strong></span> <span class='ocrx_word' id='word_1_135' title='bbox 1138 1712 1495 1782; x_wconf 88' lang='grc' dir='ltr'><strong>διαμάρτοιμι</strong></span> <span class='ocrx_word' id='word_1_136' title='bbox 1526 1714 1624 1782; x_wconf 86' lang='grc' dir='ltr'><strong>τῆς</strong></span> <span class='ocrx_word' id='word_1_137' title='bbox 1655 1712 1762 1764; x_wconf 81' lang='grc' dir='ltr'><strong>τῶν</strong></span> 
     </span>
    </p>
   </div>
   <div class='ocr_carea' id='block_1_20' title="bbox 1870 514 3418 590">
    <p class='ocr_par' dir='ltr' id='par_1_20' title="bbox 1870 514 3418 590">
     <span class='ocr_line' id='line_1_20' title="bbox 1870 514 3418 590; baseline 0.003 -22"><span class='ocrx_word' id='word_1_138' title='bbox 1870 517 2002 569; x_wconf 90' lang='lat' dir='ltr'><strong>tiam</strong></span> <span class='ocrx_word' id='word_1_139' title='bbox 2029 517 2177 582; x_wconf 90' lang='lat' dir='ltr'><strong>novi,</strong></span> <span class='ocrx_word' id='word_1_140' title='bbox 2202 538 2221 568; x_wconf 73' lang='grc' dir='ltr'><strong>ι</strong></span> <span class='ocrx_word' id='word_1_141' title='bbox 2257 518 2361 570; x_wconf 91' lang='lat' dir='ltr'><strong>hoc</strong></span> <span class='ocrx_word' id='word_1_142' title='bbox 2381 525 2489 580; x_wconf 89' lang='lat' dir='ltr'><strong>est,</strong></span> <span class='ocrx_word' id='word_1_143' title='bbox 2520 531 2640 571; x_wconf 89' lang='lat' dir='ltr'><strong>eam</strong></span> <span class='ocrx_word' id='word_1_144' title='bbox 2669 532 2790 586; x_wconf 71' lang='lat' dir='ltr'><strong>qua:</strong></span> <span class='ocrx_word' id='word_1_145' title='bbox 2815 514 2958 570; x_wconf 80' lang='lat' dir='ltr'><strong>facta</strong></span> <span class='ocrx_word' id='word_1_146' title='bbox 2979 527 3145 572; x_wconf 75' lang='lat' dir='ltr'><strong>estex</strong></span> <span class='ocrx_word' id='word_1_147' title='bbox 3167 517 3418 590; x_wconf 79' lang='lat' dir='ltr'><strong>analogia</strong></span> 
     </span>
    </p>
   </div>
   <div class='ocr_carea' id='block_1_21' title="bbox 1867 608 3444 681">
    <p class='ocr_par' dir='ltr' id='par_1_21' title="bbox 1867 608 3444 681">
     <span class='ocr_line' id='line_1_21' title="bbox 1867 608 3444 681; baseline 0.003 -20"><span class='ocrx_word' id='word_1_148' title='bbox 1867 609 1989 676; x_wconf 83' lang='lat' dir='ltr'><strong>ejus</strong></span> <span class='ocrx_word' id='word_1_149' title='bbox 2019 609 2162 678; x_wconf 89' lang='lat' dir='ltr'><strong>quod</strong></span> <span class='ocrx_word' id='word_1_150' title='bbox 2194 619 2277 663; x_wconf 89' lang='lat' dir='ltr'><strong>est</strong></span> <span class='ocrx_word' id='word_1_151' title='bbox 2312 608 2566 678; x_wconf 85' lang='lat' dir='ltr'><strong>superius</strong></span> <span class='ocrx_word' id='word_1_152' title='bbox 2593 611 3158 678; x_wconf 85' lang='lat' dir='ltr'><strong>comprehensionem,</strong></span> <span class='ocrx_word' id='word_1_153' title='bbox 3212 625 3310 681; x_wconf 88' lang='lat' dir='ltr'><strong>per</strong></span> <span class='ocrx_word' id='word_1_154' title='bbox 3347 627 3444 666; x_wconf 49' lang='lat' dir='ltr'><strong>eo.</strong></span> 
     </span>
    </p>
   </div>
   <div class='ocr_carea' id='block_1_22' title="bbox 1869 700 3443 770">
    <p class='ocr_par' dir='ltr' id='par_1_22' title="bbox 1869 700 3443 770">
     <span class='ocr_line' id='line_1_22' title="bbox 1869 700 3443 770; baseline 0.004 -18"><span class='ocrx_word' id='word_1_155' title='bbox 1869 713 1991 752; x_wconf 89' lang='lat' dir='ltr'><strong>rum</strong></span> <span class='ocrx_word' id='word_1_156' title='bbox 2040 714 2162 769; x_wconf 70' lang='lat' dir='ltr'><strong>quae</strong></span> <span class='ocrx_word' id='word_1_157' title='bbox 2209 700 2365 768; x_wconf 75' lang='lat' dir='ltr'><strong>juxta</strong></span> <span class='ocrx_word' id='word_1_158' title='bbox 2420 711 2549 755; x_wconf 89' lang='lat' dir='ltr'><strong>sunt</strong></span> <span class='ocrx_word' id='word_1_159' title='bbox 2607 703 2782 770; x_wconf 89' lang='lat' dir='ltr'><strong>posita</strong></span> <span class='ocrx_word' id='word_1_160' title='bbox 2828 702 3313 770; x_wconf 90' lang='lat' dir='ltr'><strong>comparationem.</strong></span> <span class='ocrx_word' id='word_1_161' title='bbox 3367 703 3443 759; x_wconf 87' lang='lat' dir='ltr'><strong>Ea</strong></span> 
     </span>
    </p>
   </div>
   <div class='ocr_carea' id='block_1_23' title="bbox 1870 790 3442 866">
    <p class='ocr_par' dir='ltr' id='par_1_23' title="bbox 1870 790 3442 866">
     <span class='ocr_line' id='line_1_23' title="bbox 1870 790 3442 866; baseline 0.005 -24"><span class='ocrx_word' id='word_1_162' title='bbox 1870 805 2088 860; x_wconf 88' lang='lat' dir='ltr'><strong>quoque</strong></span> <span class='ocrx_word' id='word_1_163' title='bbox 2118 807 2176 846; x_wconf 90' lang='lat' dir='ltr'><strong>se</strong></span> <span class='ocrx_word' id='word_1_164' title='bbox 2198 791 2330 845; x_wconf 90' lang='lat' dir='ltr'><strong>dicit</strong></span> <span class='ocrx_word' id='word_1_165' title='bbox 2354 790 2651 847; x_wconf 86' lang='lat' dir='ltr'><strong>didicisse:</strong></span> <span class='ocrx_word' id='word_1_166' title='bbox 2688 791 2987 848; x_wconf 82' lang='lat' dir='ltr'><strong>Parabolas</strong></span> <span class='ocrx_word' id='word_1_167' title='bbox 3028 795 3196 860; x_wconf 91' lang='lat' dir='ltr'><strong>enim,</strong></span> <span class='ocrx_word' id='word_1_168' title='bbox 3243 795 3442 866; x_wconf 88' lang='lat' dir='ltr'><strong>inquit,</strong></span> 
     </span>
    </p>
   </div>
   <div class='ocr_carea' id='block_1_24' title="bbox 1868 881 3446 955">
    <p class='ocr_par' dir='ltr' id='par_1_24' title="bbox 1868 881 3446 955">
     <span class='ocr_line' id='line_1_24' title="bbox 1868 881 3446 955; baseline 0.002 -19"><span class='ocrx_word' id='word_1_169' title='bbox 1868 893 1920 936; x_wconf 81' lang='lat' dir='ltr'><strong>et</strong></span> <span class='ocrx_word' id='word_1_170' title='bbox 1945 881 2230 936; x_wconf 72' lang='lat' dir='ltr'><strong>scientiam</strong></span> <span class='ocrx_word' id='word_1_171' title='bbox 2260 882 2409 936; x_wconf 88' lang='lat' dir='ltr'><strong>novi.</strong></span> <span class='ocrx_word' id='word_1_172' title='bbox 2438 881 2721 948; x_wconf 85' lang='lat' dir='ltr'><strong>Quomodo</strong></span> <span class='ocrx_word' id='word_1_173' title='bbox 2749 885 2893 937; x_wconf 83' lang='lat' dir='ltr'><strong>enim</strong></span> <span class='ocrx_word' id='word_1_174' title='bbox 2928 883 2982 938; x_wconf 93' lang='lat' dir='ltr'><strong>in</strong></span> <span class='ocrx_word' id='word_1_175' title='bbox 3011 882 3308 955; x_wconf 87' lang='lat' dir='ltr'><strong>Evangelio</strong></span> <span class='ocrx_word' id='word_1_176' title='bbox 3339 884 3446 938; x_wconf 86' lang='lat' dir='ltr'><strong>Do-</strong></span> 
     </span>
    </p>
   </div>
   <div class='ocr_carea' id='block_1_25' title="bbox 1870 973 3446 1046">
    <p class='ocr_par' dir='ltr' id='par_1_25' title="bbox 1870 973 3446 1046">
     <span class='ocr_line' id='line_1_25' title="bbox 1870 973 3446 1046; baseline 0.005 -21"><span class='ocrx_word' id='word_1_177' title='bbox 1870 973 2054 1027; x_wconf 87' lang='lat' dir='ltr'><strong>minus</strong></span> <span class='ocrx_word' id='word_1_178' title='bbox 2075 973 2282 1028; x_wconf 83' lang='lat' dir='ltr'><strong>docens</strong></span> <span class='ocrx_word' id='word_1_179' title='bbox 2315 973 2614 1036; x_wconf 87' lang='lat' dir='ltr'><strong>auditores,</strong></span> <span class='ocrx_word' id='word_1_180' title='bbox 2643 975 2870 1044; x_wconf 89' lang='lat' dir='ltr'><strong>subjicit</strong></span> <span class='ocrx_word' id='word_1_181' title='bbox 2915 976 3090 1031; x_wconf 87' lang='lat' dir='ltr'><strong>oculis</strong></span> <span class='ocrx_word' id='word_1_182' title='bbox 3117 976 3170 1030; x_wconf 89' lang='lat' dir='ltr'><strong>id</strong></span> <span class='ocrx_word' id='word_1_183' title='bbox 3197 977 3342 1046; x_wconf 83' lang='lat' dir='ltr'><strong>quod</strong></span> <span class='ocrx_word' id='word_1_184' title='bbox 3375 977 3446 1033; x_wconf 88' lang='lat' dir='ltr'><strong>de</strong></span> 
     </span>
    </p>
   </div>
   <div class='ocr_carea' id='block_1_26' title="bbox 1869 1064 3446 1140">
    <p class='ocr_par' dir='ltr' id='par_1_26' title="bbox 1869 1064 3446 1140">
     <span class='ocr_line' id='line_1_26' title="bbox 1869 1064 3446 1140; baseline 0.004 -22"><span class='ocrx_word' id='word_1_185' title='bbox 1869 1079 2040 1134; x_wconf 84' lang='lat' dir='ltr'><strong>regno</strong></span> <span class='ocrx_word' id='word_1_186' title='bbox 2072 1064 2227 1127; x_wconf 90' lang='lat' dir='ltr'><strong>dicit,</strong></span> <span class='ocrx_word' id='word_1_187' title='bbox 2271 1065 2357 1120; x_wconf 84' lang='lat' dir='ltr'><strong>vel</strong></span> <span class='ocrx_word' id='word_1_188' title='bbox 2383 1067 2760 1136; x_wconf 71' lang='lat' dir='ltr'><strong>margaritam,</strong></span> <span class='ocrx_word' id='word_1_189' title='bbox 2806 1067 2890 1121; x_wconf 82' lang='lat' dir='ltr'><strong>vel</strong></span> <span class='ocrx_word' id='word_1_190' title='bbox 2924 1067 3163 1138; x_wconf 83' lang='lat' dir='ltr'><strong>nuptias,</strong></span> <span class='ocrx_word' id='word_1_191' title='bbox 3197 1069 3280 1128; x_wconf 90' lang='lat' dir='ltr'><strong>vel</strong></span> <span class='ocrx_word' id='word_1_192' title='bbox 3322 1084 3446 1140; x_wconf 74' lang='lat' dir='ltr'><strong>gra-</strong></span> 
     </span>
    </p>
   </div>
   <div class='ocr_carea' id='block_1_27' title="bbox 1871 1154 3445 1232">
    <p class='ocr_par' dir='ltr' id='par_1_27' title="bbox 1871 1154 3445 1232">
     <span class='ocr_line' id='line_1_27' title="bbox 1871 1154 3445 1232; baseline 0.003 -22"><span class='ocrx_word' id='word_1_193' title='bbox 1871 1170 2022 1220; x_wconf 87' lang='lat' dir='ltr'><strong>num,</strong></span> <span class='ocrx_word' id='word_1_194' title='bbox 2055 1156 2140 1210; x_wconf 85' lang='lat' dir='ltr'><strong>vel</strong></span> <span class='ocrx_word' id='word_1_195' title='bbox 2176 1154 2524 1220; x_wconf 76' lang='lat' dir='ltr'><strong>fermentum,</strong></span> <span class='ocrx_word' id='word_1_196' title='bbox 2567 1157 2651 1212; x_wconf 85' lang='lat' dir='ltr'><strong>vel</strong></span> <span class='ocrx_word' id='word_1_197' title='bbox 2695 1157 2899 1227; x_wconf 89' lang='lat' dir='ltr'><strong>aliquid</strong></span> <span class='ocrx_word' id='word_1_198' title='bbox 2935 1158 3206 1228; x_wconf 81' lang='lat' dir='ltr'><strong>ejusmodi</strong></span> <span class='ocrx_word' id='word_1_199' title='bbox 3264 1160 3318 1214; x_wconf 91' lang='lat' dir='ltr'><strong>id</strong></span> <span class='ocrx_word' id='word_1_200' title='bbox 3349 1175 3445 1232; x_wconf 59' lang='lat' dir='ltr'><strong>ap.</strong></span> 
     </span>
    </p>
   </div>
   <div class='ocr_carea' id='block_1_28' title="bbox 1872 1247 3447 1323">
    <p class='ocr_par' dir='ltr' id='par_1_28' title="bbox 1872 1247 3447 1323">
     <span class='ocr_line' id='line_1_28' title="bbox 1872 1247 3447 1323; baseline 0.004 -23"><span class='ocrx_word' id='word_1_201' title='bbox 1872 1247 2169 1318; x_wconf 81' lang='lat' dir='ltr'><strong>pellans”,</strong></span> <span class='ocrx_word' id='word_1_202' title='bbox 2207 1262 2317 1301; x_wconf 91' lang='lat' dir='ltr'><strong>non</strong></span> <span class='ocrx_word' id='word_1_203' title='bbox 2352 1248 2465 1302; x_wconf 67' lang='lat' dir='ltr'><strong>haec</strong></span> <span class='ocrx_word' id='word_1_204' title='bbox 2505 1249 2696 1303; x_wconf 89' lang='lat' dir='ltr'><strong>dicens</strong></span> <span class='ocrx_word' id='word_1_205' title='bbox 2751 1265 2875 1304; x_wconf 87' lang='lat' dir='ltr'><strong>esse</strong></span> <span class='ocrx_word' id='word_1_206' title='bbox 2919 1265 3144 1320; x_wconf 88' lang='lat' dir='ltr'><strong>regnum</strong></span> <span class='ocrx_word' id='word_1_207' title='bbox 3173 1270 3187 1305; x_wconf 90' lang='lat'><strong>:</strong></span> <span class='ocrx_word' id='word_1_208' title='bbox 3223 1252 3317 1306; x_wconf 90' lang='lat' dir='ltr'><strong>sed</strong></span> <span class='ocrx_word' id='word_1_209' title='bbox 3348 1267 3447 1323; x_wconf 90' lang='lat' dir='ltr'><strong>per</strong></span> 
     </span>
    </p>
   </div>
   <div class='ocr_carea' id='block_1_29' title="bbox 1870 1340 3444 1414">
    <p class='ocr_par' dir='ltr' id='par_1_29' title="bbox 1870 1340 3444 1414">
     <span class='ocr_line' id='line_1_29' title="bbox 1870 1340 3444 1414; baseline 0.003 -19"><span class='ocrx_word' id='word_1_210' title='bbox 1870 1340 2286 1395; x_wconf 89' lang='lat' dir='ltr'><strong>similitudinem</strong></span> <span class='ocrx_word' id='word_1_211' title='bbox 2321 1356 2511 1394; x_wconf 85' lang='lat' dir='ltr'><strong>eorum</strong></span> <span class='ocrx_word' id='word_1_212' title='bbox 2544 1357 2666 1412; x_wconf 69' lang='lat' dir='ltr'><strong>quae</strong></span> <span class='ocrx_word' id='word_1_213' title='bbox 2703 1343 2759 1396; x_wconf 92' lang='lat' dir='ltr'><strong>in</strong></span> <span class='ocrx_word' id='word_1_214' title='bbox 2787 1342 2854 1397; x_wconf 92' lang='lat' dir='ltr'><strong>iis</strong></span> <span class='ocrx_word' id='word_1_215' title='bbox 2899 1343 3296 1414; x_wconf 81' lang='lat' dir='ltr'><strong>signiﬁcantur,</strong></span> <span class='ocrx_word' id='word_1_216' title='bbox 3346 1345 3444 1400; x_wconf 79' lang='lat' dir='ltr'><strong>de-</strong></span> 
     </span>
    </p>
   </div>
   <div class='ocr_carea' id='block_1_30' title="bbox 1869 1431 3444 1504">
    <p class='ocr_par' dir='ltr' id='par_1_30' title="bbox 1869 1431 3444 1504">
     <span class='ocr_line' id='line_1_30' title="bbox 1869 1431 3444 1504; baseline 0.005 -20"><span class='ocrx_word' id='word_1_217' title='bbox 1869 1433 2201 1487; x_wconf 86' lang='lat' dir='ltr'><strong>clarationes</strong></span> <span class='ocrx_word' id='word_1_218' title='bbox 2222 1431 2487 1502; x_wconf 82' lang='lat' dir='ltr'><strong>quasdam</strong></span> <span class='ocrx_word' id='word_1_219' title='bbox 2511 1441 2564 1488; x_wconf 90' lang='lat' dir='ltr'><strong>et</strong></span> <span class='ocrx_word' id='word_1_220' title='bbox 2595 1435 2790 1488; x_wconf 90' lang='lat' dir='ltr'><strong>tacitas</strong></span> <span class='ocrx_word' id='word_1_221' title='bbox 2806 1435 3233 1504; x_wconf 82' lang='lat' dir='ltr'><strong>signiﬁcationes</strong></span> <span class='ocrx_word' id='word_1_222' title='bbox 3262 1453 3444 1492; x_wconf 91' lang='lat' dir='ltr'><strong>rerum</strong></span> 
     </span>
    </p>
   </div>
   <div class='ocr_carea' id='block_1_31' title="bbox 1871 1526 3447 1596">
    <p class='ocr_par' dir='ltr' id='par_1_31' title="bbox 1871 1526 3447 1596">
     <span class='ocr_line' id='line_1_31' title="bbox 1871 1526 3447 1596; baseline 0.006 -22"><span class='ocrx_word' id='word_1_223' title='bbox 1871 1538 1992 1592; x_wconf 64' lang='lat' dir='ltr'><strong>qua:</strong></span> <span class='ocrx_word' id='word_1_224' title='bbox 2013 1534 2257 1578; x_wconf 90' lang='lat' dir='ltr'><strong>nostram</strong></span> <span class='ocrx_word' id='word_1_225' title='bbox 2282 1535 2544 1594; x_wconf 89' lang='lat' dir='ltr'><strong>superant</strong></span> <span class='ocrx_word' id='word_1_226' title='bbox 2567 1526 3113 1595; x_wconf 81' lang='lat' dir='ltr'><strong>comprehensionem</strong></span> <span class='ocrx_word' id='word_1_227' title='bbox 3139 1529 3447 1596; x_wconf 79' lang='lat' dir='ltr'><strong>parabolice</strong></span> 
     </span>
    </p>
   </div>
   <div class='ocr_carea' id='block_1_32' title="bbox 1869 1614 3447 1687">
    <p class='ocr_par' dir='ltr' id='par_1_32' title="bbox 1869 1614 3447 1687">
     <span class='ocr_line' id='line_1_32' title="bbox 1869 1614 3447 1687; baseline 0.006 -21"><span class='ocrx_word' id='word_1_228' title='bbox 1869 1614 2164 1670; x_wconf 87' lang='lat' dir='ltr'><strong>ostendens</strong></span> <span class='ocrx_word' id='word_1_229' title='bbox 2185 1615 2553 1670; x_wconf 86' lang='lat' dir='ltr'><strong>auditoribus.</strong></span> <span class='ocrx_word' id='word_1_230' title='bbox 2591 1635 2608 1667; x_wconf 83' lang='grc' dir='ltr'><strong>ι</strong></span> <span class='ocrx_word' id='word_1_231' title='bbox 2645 1615 2710 1669; x_wconf 89' lang='grc' dir='ltr'><strong>Ει</strong></span> <span class='ocrx_word' id='word_1_232' title='bbox 2733 1616 2799 1670; x_wconf 86' lang='lat' dir='ltr'><strong>ad</strong></span> <span class='ocrx_word' id='word_1_233' title='bbox 2833 1617 2955 1680; x_wconf 86' lang='lat' dir='ltr'><strong>hoc,</strong></span> <span class='ocrx_word' id='word_1_234' title='bbox 2986 1637 3008 1669; x_wconf 74' lang='grc' dir='ltr'><strong>ι</strong></span> <span class='ocrx_word' id='word_1_235' title='bbox 3034 1619 3231 1687; x_wconf 86' lang='lat' dir='ltr'><strong>inquit,</strong></span> <span class='ocrx_word' id='word_1_236' title='bbox 3261 1639 3280 1671; x_wconf 79' lang='grc' dir='ltr'><strong>ι</strong></span> <span class='ocrx_word' id='word_1_237' title='bbox 3313 1620 3447 1677; x_wconf 86' lang='lat' dir='ltr'><strong>mihi</strong></span> 
     </span>
    </p>
   </div>
   <div class='ocr_carea' id='block_1_33' title="bbox 1873 1702 3448 1779">
    <p class='ocr_par' dir='ltr' id='par_1_33' title="bbox 1873 1702 3448 1779">
     <span class='ocr_line' id='line_1_33' title="bbox 1873 1702 3448 1779; baseline 0.006 -24"><span class='ocrx_word' id='word_1_238' title='bbox 1873 1702 1973 1756; x_wconf 81' lang='lat' dir='ltr'><strong>fuit</strong></span> <span class='ocrx_word' id='word_1_239' title='bbox 2008 1703 2158 1772; x_wconf 88' lang='lat' dir='ltr'><strong>optio</strong></span> <span class='ocrx_word' id='word_1_240' title='bbox 2189 1704 2437 1773; x_wconf 89' lang='lat' dir='ltr'><strong>spiritus,</strong></span> <span class='ocrx_word' id='word_1_241' title='bbox 2473 1712 2532 1758; x_wconf 91' lang='lat' dir='ltr'><strong>ut</strong></span> <span class='ocrx_word' id='word_1_242' title='bbox 2565 1713 2710 1760; x_wconf 82' lang='lat' dir='ltr'><strong>esset</strong></span> <span class='ocrx_word' id='word_1_243' title='bbox 2739 1706 2872 1758; x_wconf 91' lang='lat' dir='ltr'><strong>mihi</strong></span> <span class='ocrx_word' id='word_1_244' title='bbox 2901 1707 3196 1762; x_wconf 88' lang='lat' dir='ltr'><strong>multitudo</strong></span> <span class='ocrx_word' id='word_1_245' title='bbox 3225 1710 3448 1779; x_wconf 90' lang='lat' dir='ltr'><strong>sapien-</strong></span> 
     </span>
    </p>
   </div>
   <div class='ocr_carea' id='block_1_34' title="bbox 177 1789 1765 1875">
    <p class='ocr_par' dir='ltr' id='par_1_34' title="bbox 177 1803 1765 1875">
     <span class='ocr_line' id='line_1_34' title="bbox 177 1803 1765 1875; baseline -0.001 -17"><span class='ocrx_word' id='word_1_246' title='bbox 177 1804 346 1858; x_wconf 77' lang='grc' dir='ltr'><strong>όντων</strong></span> <span class='ocrx_word' id='word_1_247' title='bbox 389 1805 664 1874; x_wconf 84' lang='grc' dir='ltr'><strong>γνώσεως,</strong></span> <span class='ocrx_word' id='word_1_248' title='bbox 700 1805 834 1875; x_wconf 82' lang='grc' dir='ltr'><strong>μηδὲ</strong></span> <span class='ocrx_word' id='word_1_249' title='bbox 871 1803 1027 1866; x_wconf 81' lang='grc' dir='ltr'><strong>ἐκτὸς</strong></span> <span class='ocrx_word' id='word_1_250' title='bbox 1068 1805 1327 1875; x_wconf 84' lang='grc' dir='ltr'><strong>γενοίμην</strong></span> <span class='ocrx_word' id='word_1_251' title='bbox 1360 1805 1461 1874; x_wconf 80' lang='grc' dir='ltr'><strong>τῆς</strong></span> <span class='ocrx_word' id='word_1_252' title='bbox 1492 1803 1585 1857; x_wconf 86' lang='grc' dir='ltr'><strong>τοῦ</strong></span> <span class='ocrx_word' id='word_1_253' title='bbox 1618 1803 1765 1856; x_wconf 88' lang='grc' dir='ltr'><strong>λυσι-</strong></span> 
     </span>
    </p>
   </div>
   <div class='ocr_carea' id='block_1_35' title="bbox 1872 1789 3445 1875">
    <p class='ocr_par' dir='ltr' id='par_1_35' title="bbox 1872 1797 3445 1869">
     <span class='ocr_line' id='line_1_35' title="bbox 1872 1797 3445 1869; baseline 0.004 -19"><span class='ocrx_word' id='word_1_254' title='bbox 1872 1797 1974 1861; x_wconf 67' lang='lat' dir='ltr'><strong>tiae,</strong></span> <span class='ocrx_word' id='word_1_255' title='bbox 2009 1816 2027 1847; x_wconf 81' lang='grc' dir='ltr'><strong>ι</strong></span> <span class='ocrx_word' id='word_1_256' title='bbox 2063 1805 2122 1851; x_wconf 83' lang='grc' dir='ltr'><strong>ιιι</strong></span> <span class='ocrx_word' id='word_1_257' title='bbox 2149 1805 2437 1867; x_wconf 86' lang='lat' dir='ltr'><strong>propterea</strong></span> <span class='ocrx_word' id='word_1_258' title='bbox 2463 1798 2606 1868; x_wconf 90' lang='lat' dir='ltr'><strong>quod</strong></span> <span class='ocrx_word' id='word_1_259' title='bbox 2641 1813 2821 1853; x_wconf 89' lang='lat' dir='ltr'><strong>essem</strong></span> <span class='ocrx_word' id='word_1_260' title='bbox 2857 1799 3099 1869; x_wconf 80' lang='lat' dir='ltr'><strong>sapiens,</strong></span> <span class='ocrx_word' id='word_1_261' title='bbox 3134 1801 3206 1854; x_wconf 87' lang='lat' dir='ltr'><strong>ab</strong></span> <span class='ocrx_word' id='word_1_262' title='bbox 3253 1817 3445 1856; x_wconf 89' lang='lat' dir='ltr'><strong>eorum</strong></span> 
     </span>
    </p>
   </div>
   <div class='ocr_carea' id='block_1_36' title="bbox 173 1895 1762 1969">
    <p class='ocr_par' dir='ltr' id='par_1_36' title="bbox 173 1895 1762 1969">
     <span class='ocr_line' id='line_1_36' title="bbox 173 1895 1762 1969; baseline 0 -21"><span class='ocrx_word' id='word_1_263' title='bbox 173 1897 456 1962; x_wconf 81' lang='grc' dir='ltr'><strong>τελοῦντος</strong></span> <span class='ocrx_word' id='word_1_264' title='bbox 491 1899 783 1969; x_wconf 82' lang='grc' dir='ltr'><strong>εὑρέσεως.</strong></span> <span class='ocrx_word' id='word_1_265' title='bbox 825 1898 920 1951; x_wconf 91' lang='grc' dir='ltr'><strong>Ἐκ</strong></span> <span class='ocrx_word' id='word_1_266' title='bbox 949 1898 1059 1969; x_wconf 84' lang='grc' dir='ltr'><strong>γὰρ</strong></span> <span class='ocrx_word' id='word_1_267' title='bbox 1101 1897 1291 1964; x_wconf 80' lang='grc' dir='ltr'><strong>σοφίας</strong></span> <span class='ocrx_word' id='word_1_268' title='bbox 1322 1898 1355 1966; x_wconf 79' lang='grc' dir='ltr'><strong>ἡ</strong></span> <span class='ocrx_word' id='word_1_269' title='bbox 1389 1895 1590 1966; x_wconf 86' lang='grc' dir='ltr'><strong>γνῶσις</strong></span> <span class='ocrx_word' id='word_1_270' title='bbox 1635 1913 1762 1949; x_wconf 90' lang='grc' dir='ltr'><strong>συν-</strong></span> 
     </span>
    </p>
   </div>
   <div class='ocr_carea' id='block_1_37' title="bbox 173 1986 1763 2058">
    <p class='ocr_par' dir='ltr' id='par_1_37' title="bbox 173 1986 1763 2058">
     <span class='ocr_line' id='line_1_37' title="bbox 173 1986 1763 2058; baseline -0.001 -18"><span class='ocrx_word' id='word_1_271' title='bbox 173 1988 424 2042; x_wconf 87' lang='grc' dir='ltr'><strong>ίσταται·</strong></span> <span class='ocrx_word' id='word_1_272' title='bbox 474 1991 508 2058; x_wconf 82' lang='grc' dir='ltr'><strong>ἡ</strong></span> <span class='ocrx_word' id='word_1_273' title='bbox 549 1989 608 2042; x_wconf 88' lang='grc' dir='ltr'><strong>δὲ</strong></span> <span class='ocrx_word' id='word_1_274' title='bbox 642 1987 863 2056; x_wconf 84' lang='grc' dir='ltr'><strong>γνῶσις,</strong></span> <span class='ocrx_word' id='word_1_275' title='bbox 899 1987 1268 2058; x_wconf 81' lang='grc' dir='ltr'><strong>εὐκολωτέραν</strong></span> <span class='ocrx_word' id='word_1_276' title='bbox 1302 1989 1433 2058; x_wconf 79' lang='grc' dir='ltr'><strong>ἡμῖν</strong></span> <span class='ocrx_word' id='word_1_277' title='bbox 1479 1989 1623 2039; x_wconf 84' lang='grc' dir='ltr'><strong>ποιεῖ</strong></span> <span class='ocrx_word' id='word_1_278' title='bbox 1663 1986 1763 2057; x_wconf 82' lang='grc' dir='ltr'><strong>τὴν</strong></span> 
     </span>
    </p>
   </div>
   <div class='ocr_carea' id='block_1_38' title="bbox 166 2077 1762 2149">
    <p class='ocr_par' dir='ltr' id='par_1_38' title="bbox 166 2077 1762 2149">
     <span class='ocr_line' id='line_1_38' title="bbox 166 2077 1762 2149; baseline 0 -19"><span class='ocrx_word' id='word_1_279' title='bbox 166 2077 266 2131; x_wconf 87' lang='grc' dir='ltr'><strong>τοῦ</strong></span> <span class='ocrx_word' id='word_1_280' title='bbox 294 2079 652 2149; x_wconf 82' lang='grc' dir='ltr'><strong>προσέχοντος</strong></span> <span class='ocrx_word' id='word_1_281' title='bbox 695 2079 897 2149; x_wconf 87' lang='grc' dir='ltr'><strong>κρίσιν.</strong></span> <span class='ocrx_word' id='word_1_282' title='bbox 946 2077 1117 2131; x_wconf 80' lang='grc' dir='ltr'><strong>Τοῦτο</strong></span> <span class='ocrx_word' id='word_1_283' title='bbox 1157 2077 1215 2130; x_wconf 85' lang='grc' dir='ltr'><strong>δὲ</strong></span> <span class='ocrx_word' id='word_1_284' title='bbox 1261 2077 1364 2130; x_wconf 84' lang='grc' dir='ltr'><strong>οῦκ</strong></span> <span class='ocrx_word' id='word_1_285' title='bbox 1402 2077 1612 2147; x_wconf 80' lang='grc' dir='ltr'><strong>ἀκμητὶ</strong></span> <span class='ocrx_word' id='word_1_286' title='bbox 1650 2079 1762 2140; x_wconf 86' lang='grc' dir='ltr'><strong>τοῖς</strong></span> 
     </span>
    </p>
   </div>
   <div class='ocr_carea' id='block_1_39' title="bbox 170 2167 1762 2239">
    <p class='ocr_par' dir='ltr' id='par_1_39' title="bbox 170 2167 1762 2239">
     <span class='ocr_line' id='line_1_39' title="bbox 170 2167 1762 2239; baseline -0.001 -18"><span class='ocrx_word' id='word_1_287' title='bbox 170 2169 532 2231; x_wconf 77' lang='grc' dir='ltr'><strong>σπουδάζουσι</strong></span> <span class='ocrx_word' id='word_1_288' title='bbox 568 2168 961 2239; x_wconf 83' lang='grc' dir='ltr'><strong>παραγίνεσθαι</strong></span> <span class='ocrx_word' id='word_1_289' title='bbox 995 2168 1258 2237; x_wconf 83' lang='grc' dir='ltr'><strong>πέφυκεν,</strong></span> <span class='ocrx_word' id='word_1_290' title='bbox 1284 2167 1398 2222; x_wconf 78' lang='grc' dir='ltr'><strong>ἀλλ’</strong></span> <span class='ocrx_word' id='word_1_291' title='bbox 1439 2171 1468 2221; x_wconf 83' lang='grc' dir='ltr'>ὀ</span> <span class='ocrx_word' id='word_1_292' title='bbox 1505 2167 1762 2238; x_wconf 73' lang='grc' dir='ltr'><strong>προσθεὶς</strong></span> 
     </span>
    </p>
   </div>
   <div class='ocr_carea' id='block_1_40' title="bbox 167 2259 1762 2331">
    <p class='ocr_par' dir='ltr' id='par_1_40' title="bbox 167 2259 1762 2331">
     <span class='ocr_line' id='line_1_40' title="bbox 167 2259 1762 2331; baseline 0 -19"><span class='ocrx_word' id='word_1_293' title='bbox 167 2259 352 2329; x_wconf 76' lang='grc' dir='ltr'><strong>ἐαυτῷ</strong></span> <span class='ocrx_word' id='word_1_294' title='bbox 386 2259 586 2327; x_wconf 82' lang='grc' dir='ltr'><strong>γνῶσιν</strong></span> <span class='ocrx_word' id='word_1_295' title='bbox 631 2260 985 2316; x_wconf 84' lang='grc' dir='ltr'><strong>συνεπιτείνει</strong></span> <span class='ocrx_word' id='word_1_296' title='bbox 1034 2261 1251 2324; x_wconf 88' lang='grc' dir='ltr'><strong>πάντως</strong></span> <span class='ocrx_word' id='word_1_297' title='bbox 1291 2263 1357 2331; x_wconf 77' lang='grc' dir='ltr'><strong>τῇ</strong></span> <span class='ocrx_word' id='word_1_298' title='bbox 1402 2259 1634 2330; x_wconf 79' lang='grc' dir='ltr'><strong>μαθήσει</strong></span> <span class='ocrx_word' id='word_1_299' title='bbox 1671 2259 1762 2312; x_wconf 80' lang='grc' dir='ltr'><strong>τὸν</strong></span> 
     </span>
    </p>
   </div>
   <div class='ocr_carea' id='block_1_41' title="bbox 169 2350 1762 2422">
    <p class='ocr_par' dir='ltr' id='par_1_41' title="bbox 169 2350 1762 2422">
     <span class='ocr_line' id='line_1_41' title="bbox 169 2350 1762 2422; baseline -0.001 -18"><span class='ocrx_word' id='word_1_300' title='bbox 169 2350 356 2404; x_wconf 84' lang='grc' dir='ltr'><strong>πόνον.</strong></span> <span class='ocrx_word' id='word_1_301' title='bbox 390 2351 483 2403; x_wconf 84' lang='grc' dir='ltr'><strong>Διὸ</strong></span> <span class='ocrx_word' id='word_1_302' title='bbox 513 2352 696 2422; x_wconf 72' lang='grc' dir='ltr'><strong>φησιν,</strong></span> <span class='ocrx_word' id='word_1_303' title='bbox 730 2371 748 2402; x_wconf 82' lang='grc' dir='ltr'><strong>ι</strong></span> <span class='ocrx_word' id='word_1_304' title='bbox 784 2352 843 2406; x_wconf 82' lang='lat'><strong>&#39;0</strong></span> <span class='ocrx_word' id='word_1_305' title='bbox 872 2352 1128 2422; x_wconf 77' lang='grc' dir='ltr'><strong>προσθεὶς</strong></span> <span class='ocrx_word' id='word_1_306' title='bbox 1157 2350 1376 2421; x_wconf 84' lang='grc' dir='ltr'><strong>γνῶσιν,</strong></span> <span class='ocrx_word' id='word_1_307' title='bbox 1410 2350 1762 2421; x_wconf 87' lang='grc' dir='ltr'><strong>προστίθησιν</strong></span> 
     </span>
    </p>
   </div>
   <div class='ocr_carea' id='block_1_42' title="bbox 168 2440 1763 2512">
    <p class='ocr_par' dir='ltr' id='par_1_42' title="bbox 168 2440 1763 2512">
     <span class='ocr_line' id='line_1_42' title="bbox 168 2440 1763 2512; baseline 0 -19"><span class='ocrx_word' id='word_1_308' title='bbox 168 2440 420 2510; x_wconf 70' lang='grc' dir='ltr'><strong>ἃλγημαξ</strong></span> <span class='ocrx_word' id='word_1_309' title='bbox 457 2459 477 2490; x_wconf 75' lang='grc' dir='ltr'><strong>ι</strong></span> <span class='ocrx_word' id='word_1_310' title='bbox 510 2441 619 2494; x_wconf 78' lang='grc' dir='ltr'><strong>Καὶ</strong></span> <span class='ocrx_word' id='word_1_311' title='bbox 654 2442 893 2506; x_wconf 84' lang='grc' dir='ltr'><strong>τοιοῦτος</strong></span> <span class='ocrx_word' id='word_1_312' title='bbox 920 2441 1178 2512; x_wconf 88' lang='grc' dir='ltr'><strong>γεγονὼς,</strong></span> <span class='ocrx_word' id='word_1_313' title='bbox 1207 2442 1330 2495; x_wconf 84' lang='grc' dir='ltr'><strong>τότε</strong></span> <span class='ocrx_word' id='word_1_314' title='bbox 1355 2441 1462 2494; x_wconf 84' lang='grc' dir='ltr'><strong>τῶν</strong></span> <span class='ocrx_word' id='word_1_315' title='bbox 1489 2440 1661 2512; x_wconf 80' lang='grc' dir='ltr'><strong>ἡδέων</strong></span> <span class='ocrx_word' id='word_1_316' title='bbox 1687 2441 1763 2504; x_wconf 83' lang='grc' dir='ltr'><strong>ὡς</strong></span> 
     </span>
    </p>
   </div>
   <div class='ocr_carea' id='block_1_43' title="bbox 174 2531 924 2602">
    <p class='ocr_par' dir='ltr' id='par_1_43' title="bbox 174 2531 924 2602">
     <span class='ocr_line' id='line_1_43' title="bbox 174 2531 924 2602; baseline 0.004 -18"><span class='ocrx_word' id='word_1_317' title='bbox 174 2531 437 2602; x_wconf 87' lang='grc' dir='ltr'><strong>ματαίων</strong></span> <span class='ocrx_word' id='word_1_318' title='bbox 467 2531 924 2602; x_wconf 77' lang='grc' dir='ltr'><strong>καταψηφίζεται.</strong></span> 
     </span>
    </p>
   </div>
   <div class='ocr_carea' id='block_1_44' title="bbox 243 2801 1761 2878">
    <p class='ocr_par' dir='ltr' id='par_1_44' title="bbox 243 2801 1761 2878">
     <span class='ocr_line' id='line_1_44' title="bbox 243 2801 1761 2878; baseline 0.001 -20"><span class='ocrx_word' id='word_1_319' title='bbox 243 2803 414 2873; x_wconf 70' lang='grc' dir='ltr'><strong>Λέγει</strong></span> <span class='ocrx_word' id='word_1_320' title='bbox 466 2803 599 2877; x_wconf 87' lang='grc' dir='ltr'><strong>γὰρ,</strong></span> <span class='ocrx_word' id='word_1_321' title='bbox 647 2805 732 2858; x_wconf 82' lang='grc' dir='ltr'><strong>ὅτι</strong></span> <span class='ocrx_word' id='word_1_322' title='bbox 772 2824 792 2857; x_wconf 78' lang='grc' dir='ltr'><strong>ι</strong></span> <span class='ocrx_word' id='word_1_323' title='bbox 830 2801 976 2858; x_wconf 82' lang='grc' dir='ltr'><strong>Εἶπα</strong></span> <span class='ocrx_word' id='word_1_324' title='bbox 1029 2805 1141 2876; x_wconf 88' lang='grc' dir='ltr'><strong>ἐγὼ</strong></span> <span class='ocrx_word' id='word_1_325' title='bbox 1188 2806 1247 2859; x_wconf 85' lang='grc' dir='ltr'><strong>ἐν</strong></span> <span class='ocrx_word' id='word_1_326' title='bbox 1277 2807 1345 2878; x_wconf 80' lang='grc' dir='ltr'><strong>τῇ</strong></span> <span class='ocrx_word' id='word_1_327' title='bbox 1387 2806 1583 2877; x_wconf 73' lang='grc' dir='ltr'><strong>καρδίᾳ</strong></span> <span class='ocrx_word' id='word_1_328' title='bbox 1639 2823 1761 2876; x_wconf 88' lang='grc' dir='ltr'><strong>μου,</strong></span> 
     </span>
    </p>
   </div>
   <div class='ocr_carea' id='block_1_45' title="bbox 171 2897 1768 2972">
    <p class='ocr_par' dir='ltr' id='par_1_45' title="bbox 171 2897 1768 2972">
     <span class='ocr_line' id='line_1_45' title="bbox 171 2897 1768 2972; baseline 0.002 -21"><span class='ocrx_word' id='word_1_329' title='bbox 171 2897 353 2968; x_wconf 85' lang='grc' dir='ltr'><strong>Δεῦρο</strong></span> <span class='ocrx_word' id='word_1_330' title='bbox 383 2897 474 2969; x_wconf 86' lang='grc' dir='ltr'><strong>δὴ,</strong></span> <span class='ocrx_word' id='word_1_331' title='bbox 506 2897 752 2968; x_wconf 84' lang='grc' dir='ltr'><strong>πειράσω</strong></span> <span class='ocrx_word' id='word_1_332' title='bbox 778 2914 838 2950; x_wconf 87' lang='grc' dir='ltr'><strong>σε</strong></span> <span class='ocrx_word' id='word_1_333' title='bbox 859 2899 917 2951; x_wconf 85' lang='grc' dir='ltr'><strong>ἐν</strong></span> <span class='ocrx_word' id='word_1_334' title='bbox 942 2899 1271 2972; x_wconf 83' lang='grc' dir='ltr'><strong>εὐφροσύνῃ,</strong></span> <span class='ocrx_word' id='word_1_335' title='bbox 1297 2901 1391 2954; x_wconf 77' lang='grc' dir='ltr'><strong>καὶ</strong></span> <span class='ocrx_word' id='word_1_336' title='bbox 1421 2899 1526 2954; x_wconf 84' lang='grc' dir='ltr'><strong>ίδοὺ</strong></span> <span class='ocrx_word' id='word_1_337' title='bbox 1556 2902 1612 2954; x_wconf 83' lang='grc' dir='ltr'><strong>ὲν</strong></span> <span class='ocrx_word' id='word_1_338' title='bbox 1633 2901 1768 2969; x_wconf 80' lang='grc' dir='ltr'><strong>ἀγα-</strong></span> 
     </span>
    </p>
   </div>
   <div class='ocr_carea' id='block_1_46' title="bbox 1867 1891 3445 1962">
    <p class='ocr_par' dir='ltr' id='par_1_46' title="bbox 1867 1891 3445 1962">
     <span class='ocr_line' id='line_1_46' title="bbox 1867 1891 3445 1962; baseline 0.004 -19"><span class='ocrx_word' id='word_1_339' title='bbox 1867 1904 1990 1958; x_wconf 70' lang='grc' dir='ltr'><strong>ιιιιιε</strong></span> <span class='ocrx_word' id='word_1_340' title='bbox 2018 1897 2148 1944; x_wconf 85' lang='grc' dir='ltr'><strong>ειιιιι</strong></span> <span class='ocrx_word' id='word_1_341' title='bbox 2169 1891 2482 1962; x_wconf 87' lang='lat' dir='ltr'><strong>cognitione</strong></span> <span class='ocrx_word' id='word_1_342' title='bbox 2508 1891 2731 1946; x_wconf 84' lang='lat' dir='ltr'><strong>minime</strong></span> <span class='ocrx_word' id='word_1_343' title='bbox 2753 1892 3094 1955; x_wconf 88' lang='lat' dir='ltr'><strong>aberrarem,</strong></span> <span class='ocrx_word' id='word_1_344' title='bbox 3137 1908 3236 1948; x_wconf 90' lang='lat' dir='ltr'><strong>nec</strong></span> <span class='ocrx_word' id='word_1_345' title='bbox 3265 1909 3445 1950; x_wconf 87' lang='lat' dir='ltr'><strong>essent</strong></span> 
     </span>
    </p>
   </div>
   <div class='ocr_carea' id='block_1_47' title="bbox 1867 1985 3444 2055">
    <p class='ocr_par' dir='ltr' id='par_1_47' title="bbox 1867 1985 3444 2055">
     <span class='ocr_line' id='line_1_47' title="bbox 1867 1985 3444 2055; baseline -0.001 -14"><span class='ocrx_word' id='word_1_346' title='bbox 1867 1991 2110 2041; x_wconf 90' lang='lat' dir='ltr'><strong>remotus</strong></span> <span class='ocrx_word' id='word_1_347' title='bbox 2138 1985 2210 2040; x_wconf 84' lang='lat' dir='ltr'><strong>ab</strong></span> <span class='ocrx_word' id='word_1_348' title='bbox 2237 1985 2552 2040; x_wconf 88' lang='lat' dir='ltr'><strong>inventione</strong></span> <span class='ocrx_word' id='word_1_349' title='bbox 2580 1985 2706 2054; x_wconf 89' lang='lat' dir='ltr'><strong>ejus</strong></span> <span class='ocrx_word' id='word_1_350' title='bbox 2744 1985 2890 2055; x_wconf 89' lang='lat' dir='ltr'><strong>quod</strong></span> <span class='ocrx_word' id='word_1_351' title='bbox 2933 1993 3018 2040; x_wconf 82' lang='lat' dir='ltr'><strong>est</strong></span> <span class='ocrx_word' id='word_1_352' title='bbox 3079 1985 3444 2042; x_wconf 85' lang='lat' dir='ltr'><strong>conducibile.</strong></span> 
     </span>
    </p>
   </div>
   <div class='ocr_carea' id='block_1_48' title="bbox 1868 2075 3444 2147">
    <p class='ocr_par' dir='ltr' id='par_1_48' title="bbox 1868 2075 3444 2147">
     <span class='ocr_line' id='line_1_48' title="bbox 1868 2075 3444 2147; baseline 0 -17"><span class='ocrx_word' id='word_1_353' title='bbox 1868 2075 1944 2130; x_wconf 82' lang='lat' dir='ltr'><strong>Ex</strong></span> <span class='ocrx_word' id='word_1_354' title='bbox 1973 2077 2242 2145; x_wconf 88' lang='lat' dir='ltr'><strong>sapientia</strong></span> <span class='ocrx_word' id='word_1_355' title='bbox 2271 2076 2417 2131; x_wconf 89' lang='lat' dir='ltr'><strong>enim</strong></span> <span class='ocrx_word' id='word_1_356' title='bbox 2440 2083 2658 2130; x_wconf 89' lang='lat' dir='ltr'><strong>constat</strong></span> <span class='ocrx_word' id='word_1_357' title='bbox 2686 2077 2949 2146; x_wconf 82' lang='lat' dir='ltr'><strong>cognitio.</strong></span> <span class='ocrx_word' id='word_1_358' title='bbox 2982 2075 3236 2147; x_wconf 87' lang='lat' dir='ltr'><strong>Cognitio</strong></span> <span class='ocrx_word' id='word_1_359' title='bbox 3259 2084 3444 2130; x_wconf 88' lang='lat' dir='ltr'><strong>autem</strong></span> 
     </span>
    </p>
   </div>
   <div class='ocr_carea' id='block_1_49' title="bbox 1868 2165 3445 2238">
    <p class='ocr_par' dir='ltr' id='par_1_49' title="bbox 1868 2165 3445 2238">
     <span class='ocr_line' id='line_1_49' title="bbox 1868 2165 3445 2238; baseline -0.003 -14"><span class='ocrx_word' id='word_1_360' title='bbox 1868 2167 2028 2224; x_wconf 79' lang='lat' dir='ltr'><strong>eilicit</strong></span> <span class='ocrx_word' id='word_1_361' title='bbox 2048 2167 2168 2236; x_wconf 83' lang='lat' dir='ltr'><strong>ejus</strong></span> <span class='ocrx_word' id='word_1_362' title='bbox 2199 2169 2294 2238; x_wconf 91' lang='lat' dir='ltr'><strong>qui</strong></span> <span class='ocrx_word' id='word_1_363' title='bbox 2323 2167 2555 2224; x_wconf 89' lang='lat' dir='ltr'><strong>attendit</strong></span> <span class='ocrx_word' id='word_1_364' title='bbox 2576 2168 2789 2223; x_wconf 80' lang='lat' dir='ltr'><strong>facilius</strong></span> <span class='ocrx_word' id='word_1_365' title='bbox 2807 2166 3100 2236; x_wconf 84' lang='lat' dir='ltr'><strong>judicium.</strong></span> <span class='ocrx_word' id='word_1_366' title='bbox 3128 2165 3243 2220; x_wconf 80' lang='lat' dir='ltr'><strong>Hoc</strong></span> <span class='ocrx_word' id='word_1_367' title='bbox 3265 2178 3445 2222; x_wconf 90' lang='lat' dir='ltr'><strong>autem</strong></span> 
     </span>
    </p>
   </div>
   <div class='ocr_carea' id='block_1_50' title="bbox 1867 2259 3450 2327">
    <p class='ocr_par' dir='ltr' id='par_1_50' title="bbox 1867 2259 3450 2327">
     <span class='ocr_line' id='line_1_50' title="bbox 1867 2259 3450 2327; baseline -0.003 -13"><span class='ocrx_word' id='word_1_368' title='bbox 1867 2274 1977 2314; x_wconf 83' lang='lat' dir='ltr'><strong>non</strong></span> <span class='ocrx_word' id='word_1_369' title='bbox 2009 2260 2148 2312; x_wconf 87' lang='lat' dir='ltr'><strong>citra</strong></span> <span class='ocrx_word' id='word_1_370' title='bbox 2183 2259 2428 2314; x_wconf 87' lang='lat' dir='ltr'><strong>laborem</strong></span> <span class='ocrx_word' id='word_1_371' title='bbox 2482 2259 2748 2314; x_wconf 89' lang='lat' dir='ltr'><strong>accedere</strong></span> <span class='ocrx_word' id='word_1_372' title='bbox 2794 2267 2987 2327; x_wconf 85' lang='lat' dir='ltr'><strong>suapte</strong></span> <span class='ocrx_word' id='word_1_373' title='bbox 3025 2264 3222 2310; x_wconf 83' lang='lat' dir='ltr'><strong>natura</strong></span> <span class='ocrx_word' id='word_1_374' title='bbox 3269 2265 3450 2325; x_wconf 83' lang='lat' dir='ltr'><strong>potest</strong></span> 
     </span>
    </p>
   </div>
   <div class='ocr_carea' id='block_1_51' title="bbox 1870 2349 3446 2420">
    <p class='ocr_par' dir='ltr' id='par_1_51' title="bbox 1870 2349 3446 2420">
     <span class='ocr_line' id='line_1_51' title="bbox 1870 2349 3446 2420; baseline -0.002 -15"><span class='ocrx_word' id='word_1_375' title='bbox 1870 2353 1938 2406; x_wconf 90' lang='lat' dir='ltr'><strong>iis</strong></span> <span class='ocrx_word' id='word_1_376' title='bbox 1963 2351 2057 2420; x_wconf 91' lang='lat' dir='ltr'><strong>qui</strong></span> <span class='ocrx_word' id='word_1_377' title='bbox 2085 2351 2313 2407; x_wconf 87' lang='lat' dir='ltr'><strong>student</strong></span> <span class='ocrx_word' id='word_1_378' title='bbox 2339 2369 2354 2416; x_wconf 91' lang='lat'><strong>;</strong></span> <span class='ocrx_word' id='word_1_379' title='bbox 2378 2351 2473 2406; x_wconf 90' lang='lat' dir='ltr'><strong>sed</strong></span> <span class='ocrx_word' id='word_1_380' title='bbox 2522 2351 2616 2420; x_wconf 88' lang='lat' dir='ltr'><strong>qui</strong></span> <span class='ocrx_word' id='word_1_381' title='bbox 2654 2349 2865 2404; x_wconf 87' lang='lat' dir='ltr'><strong>addidit</strong></span> <span class='ocrx_word' id='word_1_382' title='bbox 2914 2349 3018 2404; x_wconf 85' lang='lat' dir='ltr'><strong>sibi</strong></span> <span class='ocrx_word' id='word_1_383' title='bbox 3053 2349 3446 2419; x_wconf 88' lang='lat' dir='ltr'><strong>cognitionem,</strong></span> 
     </span>
    </p>
   </div>
   <div class='ocr_carea' id='block_1_52' title="bbox 1869 2439 3455 2510">
    <p class='ocr_par' dir='ltr' id='par_1_52' title="bbox 1869 2439 3455 2510">
     <span class='ocr_line' id='line_1_52' title="bbox 1869 2439 3455 2510; baseline -0.001 -14"><span class='ocrx_word' id='word_1_384' title='bbox 1869 2443 2033 2496; x_wconf 86' lang='lat' dir='ltr'><strong>simul</strong></span> <span class='ocrx_word' id='word_1_385' title='bbox 2084 2442 2247 2496; x_wconf 90' lang='lat' dir='ltr'><strong>etiam</strong></span> <span class='ocrx_word' id='word_1_386' title='bbox 2277 2455 2402 2494; x_wconf 91' lang='lat' dir='ltr'><strong>cum</strong></span> <span class='ocrx_word' id='word_1_387' title='bbox 2438 2439 2730 2510; x_wconf 80' lang='lat' dir='ltr'><strong>disciplina</strong></span> <span class='ocrx_word' id='word_1_388' title='bbox 2757 2439 2981 2493; x_wconf 86' lang='lat' dir='ltr'><strong>omnino</strong></span> <span class='ocrx_word' id='word_1_389' title='bbox 3029 2439 3262 2494; x_wconf 88' lang='lat' dir='ltr'><strong>intendit</strong></span> <span class='ocrx_word' id='word_1_390' title='bbox 3307 2439 3455 2494; x_wconf 84' lang='lat' dir='ltr'><strong>labo-</strong></span> 
     </span>
    </p>
   </div>
   <div class='ocr_carea' id='block_1_53' title="bbox 1865 2529 3450 2601">
    <p class='ocr_par' dir='ltr' id='par_1_53' title="bbox 1865 2529 3450 2601">
     <span class='ocr_line' id='line_1_53' title="bbox 1865 2529 3450 2601; baseline -0.002 -14"><span class='ocrx_word' id='word_1_391' title='bbox 1865 2549 2002 2587; x_wconf 85' lang='lat' dir='ltr'><strong>rem.</strong></span> <span class='ocrx_word' id='word_1_392' title='bbox 2029 2531 2173 2588; x_wconf 92' lang='lat' dir='ltr'><strong>Dicit</strong></span> <span class='ocrx_word' id='word_1_393' title='bbox 2201 2533 2456 2601; x_wconf 71' lang='lat' dir='ltr'><strong>itaqueu</strong></span> <span class='ocrx_word' id='word_1_394' title='bbox 2491 2530 2595 2597; x_wconf 84' lang='lat' dir='ltr'><strong>Qui</strong></span> <span class='ocrx_word' id='word_1_395' title='bbox 2636 2530 2844 2585; x_wconf 91' lang='lat' dir='ltr'><strong>addidit</strong></span> <span class='ocrx_word' id='word_1_396' title='bbox 2867 2531 3262 2601; x_wconf 82' lang='lat' dir='ltr'><strong>cognitionem,</strong></span> <span class='ocrx_word' id='word_1_397' title='bbox 3299 2529 3450 2585; x_wconf 89' lang='lat' dir='ltr'><strong>addit</strong></span> 
     </span>
    </p>
   </div>
   <div class='ocr_carea' id='block_1_54' title="bbox 1868 2621 3450 2693">
    <p class='ocr_par' dir='ltr' id='par_1_54' title="bbox 1868 2621 3450 2693">
     <span class='ocr_line' id='line_1_54' title="bbox 1868 2621 3450 2693; baseline -0.002 -15"><span class='ocrx_word' id='word_1_398' title='bbox 1868 2624 2141 2680; x_wconf 91' lang='lat' dir='ltr'><strong>dolorem.</strong></span> <span class='ocrx_word' id='word_1_399' title='bbox 2173 2643 2193 2676; x_wconf 73' lang='grc' dir='ltr'><strong>ι</strong></span> <span class='ocrx_word' id='word_1_400' title='bbox 2241 2621 2382 2678; x_wconf 87' lang='lat' dir='ltr'><strong>Cum</strong></span> <span class='ocrx_word' id='word_1_401' title='bbox 2430 2623 2558 2678; x_wconf 89' lang='lat' dir='ltr'><strong>talis</strong></span> <span class='ocrx_word' id='word_1_402' title='bbox 2586 2623 2847 2687; x_wconf 88' lang='lat' dir='ltr'><strong>evaserit,</strong></span> <span class='ocrx_word' id='word_1_403' title='bbox 2881 2630 3012 2678; x_wconf 89' lang='lat' dir='ltr'><strong>tunc</strong></span> <span class='ocrx_word' id='word_1_404' title='bbox 3040 2623 3291 2693; x_wconf 82' lang='lat' dir='ltr'><strong>jucunda</strong></span> <span class='ocrx_word' id='word_1_405' title='bbox 3326 2630 3450 2676; x_wconf 83' lang='lat' dir='ltr'><strong>tan—</strong></span> 
     </span>
    </p>
   </div>
   <div class='ocr_carea' id='block_1_55' title="bbox 1867 2713 2586 2786">
    <p class='ocr_par' dir='ltr' id='par_1_55' title="bbox 1867 2713 2586 2786">
     <span class='ocr_line' id='line_1_55' title="bbox 1867 2713 2586 2786; baseline -0.004 -15"><span class='ocrx_word' id='word_1_406' title='bbox 1867 2731 2031 2786; x_wconf 88' lang='lat' dir='ltr'><strong>quam</strong></span> <span class='ocrx_word' id='word_1_407' title='bbox 2071 2729 2212 2772; x_wconf 85' lang='lat' dir='ltr'><strong>vana</strong></span> <span class='ocrx_word' id='word_1_408' title='bbox 2231 2713 2586 2770; x_wconf 87' lang='lat' dir='ltr'><strong>condemnat.</strong></span> 
     </span>
    </p>
   </div>
   <div class='ocr_carea' id='block_1_56' title="bbox 1941 2802 3452 2877">
    <p class='ocr_par' dir='ltr' id='par_1_56' title="bbox 1941 2802 3452 2877">
     <span class='ocr_line' id='line_1_56' title="bbox 1941 2802 3452 2877; baseline 0.001 -18"><span class='ocrx_word' id='word_1_409' title='bbox 1941 2805 2086 2862; x_wconf 88' lang='lat' dir='ltr'><strong>Dicit</strong></span> <span class='ocrx_word' id='word_1_410' title='bbox 2116 2806 2286 2869; x_wconf 89' lang='lat' dir='ltr'><strong>enim,</strong></span> <span class='ocrx_word' id='word_1_411' title='bbox 2325 2825 2344 2857; x_wconf 78' lang='grc' dir='ltr'><strong>ι</strong></span> <span class='ocrx_word' id='word_1_412' title='bbox 2385 2804 2507 2858; x_wconf 80' lang='lat' dir='ltr'><strong>Dixi</strong></span> <span class='ocrx_word' id='word_1_413' title='bbox 2535 2805 2588 2858; x_wconf 91' lang='lat' dir='ltr'><strong>in</strong></span> <span class='ocrx_word' id='word_1_414' title='bbox 2614 2802 2783 2859; x_wconf 87' lang='lat' dir='ltr'><strong>corde</strong></span> <span class='ocrx_word' id='word_1_415' title='bbox 2813 2818 2955 2869; x_wconf 90' lang='lat' dir='ltr'><strong>meo,</strong></span> <span class='ocrx_word' id='word_1_416' title='bbox 2984 2808 3096 2877; x_wconf 77' lang='lat' dir='ltr'><strong>Age</strong></span> <span class='ocrx_word' id='word_1_417' title='bbox 3125 2804 3351 2860; x_wconf 78' lang='lat' dir='ltr'><strong>tentabe</strong></span> <span class='ocrx_word' id='word_1_418' title='bbox 3396 2813 3452 2860; x_wconf 81' lang='lat' dir='ltr'><strong>te</strong></span> 
     </span>
    </p>
   </div>
   <div class='ocr_carea' id='block_1_57' title="bbox 1875 2893 3454 2964">
    <p class='ocr_par' dir='ltr' id='par_1_57' title="bbox 1875 2893 3454 2964">
     <span class='ocr_line' id='line_1_57' title="bbox 1875 2893 3454 2964; baseline -0.003 -11"><span class='ocrx_word' id='word_1_419' title='bbox 1875 2899 1929 2953; x_wconf 94' lang='lat' dir='ltr'><strong>in</strong></span> <span class='ocrx_word' id='word_1_420' title='bbox 1954 2899 2158 2959; x_wconf 60' lang='lat' dir='ltr'><strong>latitia,</strong></span> <span class='ocrx_word' id='word_1_421' title='bbox 2196 2905 2250 2953; x_wconf 90' lang='lat' dir='ltr'><strong>et</strong></span> <span class='ocrx_word' id='word_1_422' title='bbox 2278 2911 2410 2952; x_wconf 90' lang='lat' dir='ltr'><strong>ecce</strong></span> <span class='ocrx_word' id='word_1_423' title='bbox 2442 2898 2497 2950; x_wconf 90' lang='lat' dir='ltr'><strong>in</strong></span> <span class='ocrx_word' id='word_1_424' title='bbox 2534 2895 2715 2950; x_wconf 91' lang='lat' dir='ltr'><strong>bonis.</strong></span> <span class='ocrx_word' id='word_1_425' title='bbox 2759 2893 2824 2949; x_wconf 87' lang='lat' dir='ltr'><strong>Et</strong></span> <span class='ocrx_word' id='word_1_426' title='bbox 2858 2895 2960 2950; x_wconf 89' lang='lat' dir='ltr'><strong>hoc</strong></span> <span class='ocrx_word' id='word_1_427' title='bbox 2992 2910 3208 2964; x_wconf 87' lang='lat' dir='ltr'><strong>quoque</strong></span> <span class='ocrx_word' id='word_1_428' title='bbox 3241 2905 3328 2950; x_wconf 87' lang='lat' dir='ltr'><strong>est</strong></span> <span class='ocrx_word' id='word_1_429' title='bbox 3357 2911 3454 2948; x_wconf 85' lang='lat' dir='ltr'><strong>va-</strong></span> 
     </span>
    </p>
   </div>
   <div class='ocr_carea' id='block_1_58' title="bbox 171 2984 1765 3061">
    <p class='ocr_par' dir='ltr' id='par_1_58' title="bbox 171 2989 1765 3061">
     <span class='ocr_line' id='line_1_58' title="bbox 171 2989 1765 3061; baseline 0.001 -18"><span class='ocrx_word' id='word_1_430' title='bbox 171 2989 314 3052; x_wconf 76' lang='grc' dir='ltr'><strong>θοῖς.</strong></span> <span class='ocrx_word' id='word_1_431' title='bbox 355 2989 467 3042; x_wconf 76' lang='grc' dir='ltr'><strong>Καί</strong></span> <span class='ocrx_word' id='word_1_432' title='bbox 504 3005 567 3057; x_wconf 91' lang='grc' dir='ltr'><strong>γε</strong></span> <span class='ocrx_word' id='word_1_433' title='bbox 609 2989 768 3042; x_wconf 88' lang='grc' dir='ltr'><strong>τοῦτο</strong></span> <span class='ocrx_word' id='word_1_434' title='bbox 800 2990 1115 3061; x_wconf 81' lang='grc' dir='ltr'><strong>ματαιότης.</strong></span> <span class='ocrx_word' id='word_1_435' title='bbox 1160 3010 1178 3042; x_wconf 76' lang='grc' dir='ltr'><strong>ι</strong></span> <span class='ocrx_word' id='word_1_436' title='bbox 1211 2989 1291 3044; x_wconf 84' lang='grc' dir='ltr'><strong>Οὐ</strong></span> <span class='ocrx_word' id='word_1_437' title='bbox 1314 2990 1422 3061; x_wconf 84' lang='grc' dir='ltr'><strong>γὰρ</strong></span> <span class='ocrx_word' id='word_1_438' title='bbox 1444 2990 1606 3054; x_wconf 75' lang='grc' dir='ltr'><strong>εὐθὺς</strong></span> <span class='ocrx_word' id='word_1_439' title='bbox 1637 2991 1765 3044; x_wconf 81' lang='grc' dir='ltr'><strong>ἐδω-</strong></span> 
     </span>
    </p>
   </div>
   <div class='ocr_carea' id='block_1_59' title="bbox 1872 2984 3452 3061">
    <p class='ocr_par' dir='ltr' id='par_1_59' title="bbox 1873 2984 3452 3061">
     <span class='ocr_line' id='line_1_59' title="bbox 1873 2984 3452 3061; baseline -0.004 -15"><span class='ocrx_word' id='word_1_440' title='bbox 1873 2992 2017 3047; x_wconf 87' lang='lat' dir='ltr'><strong>nitas</strong></span> <span class='ocrx_word' id='word_1_441' title='bbox 2043 2991 2062 3061; x_wconf 95' lang='lat'>(</span> <span class='ocrx_word' id='word_1_442' title='bbox 2088 2988 2221 3061; x_wconf 85' lang='lat' dir='ltr'><strong>Cap.</strong></span> <span class='ocrx_word' id='word_1_443' title='bbox 2257 3005 2320 3053; x_wconf 88' lang='grc' dir='ltr'><strong>ιι,</strong></span> <span class='ocrx_word' id='word_1_444' title='bbox 2358 2988 2383 3041; x_wconf 81' lang='grc'><strong>1</strong></span> <span class='ocrx_word' id='word_1_445' title='bbox 2415 2985 2580 3057; x_wconf 90' lang='lat' dir='ltr'><strong>sqq.)</strong></span> <span class='ocrx_word' id='word_1_446' title='bbox 2619 3005 2638 3038; x_wconf 75' lang='grc' dir='ltr'><strong>ι</strong></span> <span class='ocrx_word' id='word_1_447' title='bbox 2665 2984 2783 3039; x_wconf 84' lang='lat' dir='ltr'><strong>Non</strong></span> <span class='ocrx_word' id='word_1_448' title='bbox 2818 2985 2964 3040; x_wconf 90' lang='lat' dir='ltr'><strong>enim</strong></span> <span class='ocrx_word' id='word_1_449' title='bbox 2993 3001 3051 3040; x_wconf 89' lang='lat' dir='ltr'><strong>se</strong></span> <span class='ocrx_word' id='word_1_450' title='bbox 3084 2986 3267 3041; x_wconf 87' lang='lat' dir='ltr'><strong>statim</strong></span> <span class='ocrx_word' id='word_1_451' title='bbox 3301 2987 3452 3042; x_wconf 88' lang='lat' dir='ltr'><strong>dedit</strong></span> 
     </span>
    </p>
   </div>
   <div class='ocr_carea' id='block_1_60' title="bbox 172 3050 1765 3152">
    <p class='ocr_par' dir='ltr' id='par_1_60' title="bbox 172 3050 1765 3152">
     <span class='ocr_line' id='line_1_60' title="bbox 172 3050 1765 3152; baseline -0.001 -17"><span class='ocrx_word' id='word_1_452' title='bbox 172 3050 288 3135; x_wconf 32' lang='lat' dir='ltr'><strong>nev-</strong></span> <span class='ocrx_word' id='word_1_453' title='bbox 326 3050 527 3133; x_wconf 39' lang='grc' dir='ltr'><strong>ἑαυτὸν.</strong></span> <span class='ocrx_word' id='word_1_454' title='bbox 564 3081 632 3151; x_wconf 80' lang='grc' dir='ltr'><strong>τῇ</strong></span> <span class='ocrx_word' id='word_1_455' title='bbox 679 3050 903 3151; x_wconf 76' lang='grc' dir='ltr'><strong>τοιαύτῃ</strong></span> <span class='ocrx_word' id='word_1_456' title='bbox 946 3050 1132 3152; x_wconf 67' lang='grc' dir='ltr'><strong>πείρα,</strong></span> <span class='ocrx_word' id='word_1_457' title='bbox 1183 3080 1304 3134; x_wconf 80' lang='grc' dir='ltr'><strong>οὐδὲ</strong></span> <span class='ocrx_word' id='word_1_458' title='bbox 1326 3050 1336 3060; x_wconf 42' lang='grc' dir='ltr'><strong>Ι</strong></span> <span class='ocrx_word' id='word_1_459' title='bbox 1357 3050 1616 3148; x_wconf 70' lang='grc' dir='ltr'><strong>ἄγευστος</strong></span> <span class='ocrx_word' id='word_1_460' title='bbox 1677 3081 1765 3136; x_wconf 86' lang='grc' dir='ltr'><strong>τοῦ</strong></span> 
     </span>
    </p>
   </div>
   <div class='ocr_carea' id='block_1_61' title="bbox 1872 3050 3453 3152">
    <p class='ocr_par' dir='ltr' id='par_1_61' title="bbox 1876 3050 3453 3152">
     <span class='ocr_line' id='line_1_61' title="bbox 1876 3050 3453 3152; baseline -0.003 -13"><span class='ocrx_word' id='word_1_461' title='bbox 1876 3085 1957 3139; x_wconf 87' lang='lat' dir='ltr'><strong>illi</strong></span> <span class='ocrx_word' id='word_1_462' title='bbox 1983 3050 2354 3152; x_wconf 68' lang='lat' dir='ltr'><strong>experientiae,</strong></span> <span class='ocrx_word' id='word_1_463' title='bbox 2379 3094 2556 3150; x_wconf 88' lang='lat' dir='ltr'><strong>neque</strong></span> <span class='ocrx_word' id='word_1_464' title='bbox 2580 3093 2688 3132; x_wconf 91' lang='lat' dir='ltr'><strong>non</strong></span> <span class='ocrx_word' id='word_1_465' title='bbox 2715 3084 2931 3150; x_wconf 88' lang='lat' dir='ltr'><strong>gustata</strong></span> <span class='ocrx_word' id='word_1_466' title='bbox 2960 3078 3248 3133; x_wconf 89' lang='lat' dir='ltr'><strong>austeriori</strong></span> <span class='ocrx_word' id='word_1_467' title='bbox 3284 3087 3339 3134; x_wconf 92' lang='lat' dir='ltr'><strong>et</strong></span> <span class='ocrx_word' id='word_1_468' title='bbox 3364 3094 3453 3134; x_wconf 87' lang='lat' dir='ltr'><strong>se-</strong></span> 
     </span>
    </p>
   </div>
   <div class='ocr_carea' id='block_1_62' title="bbox 169 3169 1769 3242">
    <p class='ocr_par' dir='ltr' id='par_1_62' title="bbox 169 3169 1769 3242">
     <span class='ocr_line' id='line_1_62' title="bbox 169 3169 1769 3242; baseline 0.001 -19"><span class='ocrx_word' id='word_1_469' title='bbox 169 3169 614 3240; x_wconf 79' lang='grc' dir='ltr'><strong>κατεσκληκότος</strong></span> <span class='ocrx_word' id='word_1_470' title='bbox 671 3186 732 3222; x_wconf 88' lang='grc' dir='ltr'><strong>τε</strong></span> <span class='ocrx_word' id='word_1_471' title='bbox 779 3170 874 3223; x_wconf 74' lang='grc' dir='ltr'><strong>καὶ</strong></span> <span class='ocrx_word' id='word_1_472' title='bbox 926 3169 1249 3241; x_wconf 82' lang='grc' dir='ltr'><strong>σεμνοτέρου</strong></span> <span class='ocrx_word' id='word_1_473' title='bbox 1313 3169 1448 3240; x_wconf 87' lang='grc' dir='ltr'><strong>βίου,</strong></span> <span class='ocrx_word' id='word_1_474' title='bbox 1491 3170 1626 3242; x_wconf 81' lang='grc' dir='ltr'><strong>πρὸς</strong></span> <span class='ocrx_word' id='word_1_475' title='bbox 1670 3171 1769 3242; x_wconf 84' lang='grc' dir='ltr'><strong>τὴν</strong></span> 
     </span>
    </p>
   </div>
   <div class='ocr_carea' id='block_1_63' title="bbox 166 3257 1770 3330">
    <p class='ocr_par' dir='ltr' id='par_1_63' title="bbox 166 3257 1770 3330">
     <span class='ocr_line' id='line_1_63' title="bbox 166 3257 1770 3330; baseline 0 -18"><span class='ocrx_word' id='word_1_476' title='bbox 166 3261 290 3312; x_wconf 86' lang='grc' dir='ltr'><strong>τῶν</strong></span> <span class='ocrx_word' id='word_1_477' title='bbox 329 3258 499 3328; x_wconf 82' lang='grc' dir='ltr'><strong>ἡδέων</strong></span> <span class='ocrx_word' id='word_1_478' title='bbox 548 3258 836 3328; x_wconf 84' lang='grc' dir='ltr'><strong>μετουσίαν</strong></span> <span class='ocrx_word' id='word_1_479' title='bbox 895 3257 1251 3312; x_wconf 87' lang='grc' dir='ltr'><strong>κατὼλισθεν·</strong></span> <span class='ocrx_word' id='word_1_480' title='bbox 1285 3258 1402 3312; x_wconf 84' lang='grc' dir='ltr'><strong>ἀλλ’</strong></span> <span class='ocrx_word' id='word_1_481' title='bbox 1449 3259 1770 3330; x_wconf 75' lang='grc' dir='ltr'><strong>ἐνασκηθεὶς</strong></span> 
     </span>
    </p>
   </div>
   <div class='ocr_carea' id='block_1_64' title="bbox 167 3347 1770 3420">
    <p class='ocr_par' dir='ltr' id='par_1_64' title="bbox 167 3347 1770 3420">
     <span class='ocr_line' id='line_1_64' title="bbox 167 3347 1770 3420; baseline 0.002 -20"><span class='ocrx_word' id='word_1_482' title='bbox 167 3348 442 3412; x_wconf 81' lang='grc' dir='ltr'><strong>ἐκείνοις,</strong></span> <span class='ocrx_word' id='word_1_483' title='bbox 488 3349 581 3401; x_wconf 73' lang='grc' dir='ltr'><strong>καὶ</strong></span> <span class='ocrx_word' id='word_1_484' title='bbox 631 3347 1093 3420; x_wconf 84' lang='grc' dir='ltr'><strong>προκατορθώσας</strong></span> <span class='ocrx_word' id='word_1_485' title='bbox 1151 3348 1230 3418; x_wconf 87' lang='grc' dir='ltr'><strong>τῷ</strong></span> <span class='ocrx_word' id='word_1_486' title='bbox 1269 3348 1390 3420; x_wconf 74' lang='grc' dir='ltr'><strong>ἤθει</strong></span> <span class='ocrx_word' id='word_1_487' title='bbox 1441 3349 1504 3402; x_wconf 86' lang='grc' dir='ltr'><strong>τὸ</strong></span> <span class='ocrx_word' id='word_1_488' title='bbox 1550 3351 1770 3420; x_wconf 83' lang='grc' dir='ltr'><strong>ἅμειδὲς</strong></span> 
     </span>
    </p>
   </div>
   <div class='ocr_carea' id='block_1_65' title="bbox 169 3432 1770 3511">
    <p class='ocr_par' dir='ltr' id='par_1_65' title="bbox 169 3432 1770 3511">
     <span class='ocr_line' id='line_1_65' title="bbox 169 3432 1770 3511; baseline 0.001 -19"><span class='ocrx_word' id='word_1_489' title='bbox 169 3440 277 3492; x_wconf 78' lang='grc' dir='ltr'><strong>καὶ</strong></span> <span class='ocrx_word' id='word_1_490' title='bbox 314 3438 632 3501; x_wconf 80' lang='grc' dir='ltr'><strong>άνένδωτον,</strong></span> <span class='ocrx_word' id='word_1_491' title='bbox 665 3438 732 3490; x_wconf 88' lang='grc' dir='ltr'><strong>δι’</strong></span> <span class='ocrx_word' id='word_1_492' title='bbox 759 3432 834 3492; x_wconf 83' lang='grc' dir='ltr'><strong>ὧν</strong></span> <span class='ocrx_word' id='word_1_493' title='bbox 861 3439 1094 3509; x_wconf 79' lang='grc' dir='ltr'><strong>μάλιστα</strong></span> <span class='ocrx_word' id='word_1_494' title='bbox 1122 3439 1192 3492; x_wconf 85' lang='grc' dir='ltr'><strong>τὰ</strong></span> <span class='ocrx_word' id='word_1_495' title='bbox 1228 3440 1328 3510; x_wconf 85' lang='grc' dir='ltr'><strong>τῆς</strong></span> <span class='ocrx_word' id='word_1_496' title='bbox 1370 3439 1560 3509; x_wconf 85' lang='grc' dir='ltr'><strong>σοφίας</strong></span> <span class='ocrx_word' id='word_1_497' title='bbox 1595 3440 1770 3511; x_wconf 79' lang='grc' dir='ltr'><strong>μαθή-</strong></span> 
     </span>
    </p>
   </div>
   <div class='ocr_carea' id='block_1_66' title="bbox 172 3529 1770 3603">
    <p class='ocr_par' dir='ltr' id='par_1_66' title="bbox 172 3529 1770 3603">
     <span class='ocr_line' id='line_1_66' title="bbox 172 3529 1770 3603; baseline 0.003 -21"><span class='ocrx_word' id='word_1_498' title='bbox 172 3547 330 3600; x_wconf 85' lang='grc' dir='ltr'><strong>ματα</strong></span> <span class='ocrx_word' id='word_1_499' title='bbox 353 3533 464 3594; x_wconf 82' lang='grc' dir='ltr'><strong>τοῖς</strong></span> <span class='ocrx_word' id='word_1_500' title='bbox 495 3529 854 3592; x_wconf 79' lang='grc' dir='ltr'><strong>σπουδάζουσι</strong></span> <span class='ocrx_word' id='word_1_501' title='bbox 881 3532 1087 3599; x_wconf 88' lang='grc' dir='ltr'><strong>γίνεται</strong></span> <span class='ocrx_word' id='word_1_502' title='bbox 1109 3548 1122 3561; x_wconf 77' lang='grc'><strong><em>⁸</em></strong></span> <span class='ocrx_word' id='word_1_503' title='bbox 1149 3531 1271 3584; x_wconf 88' lang='grc' dir='ltr'><strong>τότε</strong></span> <span class='ocrx_word' id='word_1_504' title='bbox 1296 3531 1514 3602; x_wconf 85' lang='grc' dir='ltr'><strong>καθίησι</strong></span> <span class='ocrx_word' id='word_1_505' title='bbox 1543 3533 1680 3603; x_wconf 88' lang='grc' dir='ltr'><strong>πρὸς</strong></span> <span class='ocrx_word' id='word_1_506' title='bbox 1700 3533 1770 3586; x_wconf 79' lang='grc' dir='ltr'><strong>τὰ</strong></span> 
     </span>
    </p>
   </div>
   <div class='ocr_carea' id='block_1_67' title="bbox 169 3621 1768 3693">
    <p class='ocr_par' dir='ltr' id='par_1_67' title="bbox 169 3621 1768 3693">
     <span class='ocr_line' id='line_1_67' title="bbox 169 3621 1768 3693; baseline 0.001 -18"><span class='ocrx_word' id='word_1_507' title='bbox 169 3625 239 3693; x_wconf 82' lang='grc' dir='ltr'><strong>τῇ</strong></span> <span class='ocrx_word' id='word_1_508' title='bbox 278 3621 533 3690; x_wconf 76' lang='grc' dir='ltr'><strong>αἰσθήσει</strong></span> <span class='ocrx_word' id='word_1_509' title='bbox 555 3621 764 3692; x_wconf 87' lang='grc' dir='ltr'><strong>τερπνά</strong></span> <span class='ocrx_word' id='word_1_510' title='bbox 792 3622 1140 3692; x_wconf 71' lang='grc' dir='ltr'><strong>νομιζόμενα,</strong></span> <span class='ocrx_word' id='word_1_511' title='bbox 1158 3623 1218 3675; x_wconf 88' lang='grc' dir='ltr'><strong>οὐ</strong></span> <span class='ocrx_word' id='word_1_512' title='bbox 1246 3622 1406 3676; x_wconf 87' lang='grc' dir='ltr'><strong>πάθει</strong></span> <span class='ocrx_word' id='word_1_513' title='bbox 1434 3623 1569 3693; x_wconf 85' lang='grc' dir='ltr'><strong>πρὸς</strong></span> <span class='ocrx_word' id='word_1_514' title='bbox 1595 3622 1768 3677; x_wconf 90' lang='grc' dir='ltr'><strong>ταῦτα</strong></span> 
     </span>
    </p>
   </div>
   <div class='ocr_carea' id='block_1_68' title="bbox 172 3712 1770 3786">
    <p class='ocr_par' dir='ltr' id='par_1_68' title="bbox 172 3712 1770 3786">
     <span class='ocr_line' id='line_1_68' title="bbox 172 3712 1770 3786; baseline 0.003 -20"><span class='ocrx_word' id='word_1_515' title='bbox 172 3712 578 3776; x_wconf 75' lang='grc' dir='ltr'><strong>καθελκυσθεὶς</strong></span> <span class='ocrx_word' id='word_1_516' title='bbox 599 3755 614 3777; x_wconf 94' lang='grc'><strong>,</strong></span> <span class='ocrx_word' id='word_1_517' title='bbox 644 3713 780 3766; x_wconf 77' lang='grc' dir='ltr'><strong>ἀλλὰ</strong></span> <span class='ocrx_word' id='word_1_518' title='bbox 820 3714 916 3766; x_wconf 86' lang='grc' dir='ltr'><strong>τοῦ</strong></span> <span class='ocrx_word' id='word_1_519' title='bbox 953 3715 1356 3784; x_wconf 74' lang='grc' dir='ltr'><strong>ἐπισκέψασθαι</strong></span> <span class='ocrx_word' id='word_1_520' title='bbox 1389 3723 1568 3786; x_wconf 83' lang='grc' dir='ltr'><strong>χάριν,</strong></span> <span class='ocrx_word' id='word_1_521' title='bbox 1605 3717 1658 3768; x_wconf 77' lang='grc' dir='ltr'><strong>εί</strong></span> <span class='ocrx_word' id='word_1_522' title='bbox 1685 3735 1770 3781; x_wconf 86' lang='grc' dir='ltr'><strong>τις</strong></span> 
     </span>
    </p>
   </div>
   <div class='ocr_carea' id='block_1_69' title="bbox 173 3804 1772 3876">
    <p class='ocr_par' dir='ltr' id='par_1_69' title="bbox 173 3804 1772 3876">
     <span class='ocr_line' id='line_1_69' title="bbox 173 3804 1772 3876; baseline 0.001 -18"><span class='ocrx_word' id='word_1_523' title='bbox 173 3805 432 3858; x_wconf 82' lang='grc' dir='ltr'><strong>συντελεῖ</strong></span> <span class='ocrx_word' id='word_1_524' title='bbox 465 3805 604 3876; x_wconf 85' lang='grc' dir='ltr'><strong>πρὸς</strong></span> <span class='ocrx_word' id='word_1_525' title='bbox 643 3804 742 3875; x_wconf 84' lang='grc' dir='ltr'><strong>τὴν</strong></span> <span class='ocrx_word' id='word_1_526' title='bbox 783 3804 876 3857; x_wconf 90' lang='grc' dir='ltr'><strong>τοῦ</strong></span> <span class='ocrx_word' id='word_1_527' title='bbox 925 3805 1195 3874; x_wconf 87' lang='grc' dir='ltr'><strong>ἀληθινῶς</strong></span> <span class='ocrx_word' id='word_1_528' title='bbox 1240 3806 1442 3874; x_wconf 85' lang='grc' dir='ltr'><strong>γνῶσιν</strong></span> <span class='ocrx_word' id='word_1_529' title='bbox 1474 3807 1680 3875; x_wconf 82' lang='grc' dir='ltr'><strong>ἀγαθοῦ</strong></span> <span class='ocrx_word' id='word_1_530' title='bbox 1711 3809 1772 3861; x_wconf 87' lang='grc' dir='ltr'><strong>ἐν</strong></span> 
     </span>
    </p>
   </div>
   <div class='ocr_carea' id='block_1_70' title="bbox 170 3895 1770 3970">
    <p class='ocr_par' dir='ltr' id='par_1_70' title="bbox 170 3895 1770 3970">
     <span class='ocr_line' id='line_1_70' title="bbox 170 3895 1770 3970; baseline 0.003 -21"><span class='ocrx_word' id='word_1_531' title='bbox 170 3896 397 3959; x_wconf 79' lang='grc' dir='ltr'><strong>τούτοις</strong></span> <span class='ocrx_word' id='word_1_532' title='bbox 430 3896 698 3966; x_wconf 80' lang='grc' dir='ltr'><strong>γενομένη</strong></span> <span class='ocrx_word' id='word_1_533' title='bbox 734 3897 768 3966; x_wconf 81' lang='grc' dir='ltr'><strong>ἡ</strong></span> <span class='ocrx_word' id='word_1_534' title='bbox 797 3896 1069 3966; x_wconf 76' lang='grc' dir='ltr'><strong>αἴσθησις.</strong></span> <span class='ocrx_word' id='word_1_535' title='bbox 1111 3897 1261 3949; x_wconf 77' lang='grc' dir='ltr'><strong>Ἐπεὶ</strong></span> <span class='ocrx_word' id='word_1_536' title='bbox 1287 3895 1408 3950; x_wconf 89' lang='grc' dir='ltr'><strong>τότε</strong></span> <span class='ocrx_word' id='word_1_537' title='bbox 1442 3898 1561 3951; x_wconf 86' lang='grc' dir='ltr'><strong>κατ’</strong></span> <span class='ocrx_word' id='word_1_538' title='bbox 1595 3899 1770 3970; x_wconf 85' lang='grc' dir='ltr'><strong>ἀρχὰς</strong></span> 
     </span>
    </p>
   </div>
   <div class='ocr_carea' id='block_1_71' title="bbox 171 3986 1769 4062">
    <p class='ocr_par' dir='ltr' id='par_1_71' title="bbox 171 3986 1769 4062">
     <span class='ocr_line' id='line_1_71' title="bbox 171 3986 1769 4062; baseline 0.003 -24"><span class='ocrx_word' id='word_1_539' title='bbox 171 3986 378 4056; x_wconf 82' lang='grc' dir='ltr'><strong>ἐχθρὸν</strong></span> <span class='ocrx_word' id='word_1_540' title='bbox 412 3986 607 4039; x_wconf 86' lang='grc' dir='ltr'><strong>ἐαυτοῦ</strong></span> <span class='ocrx_word' id='word_1_541' title='bbox 635 3989 783 4038; x_wconf 82' lang='grc' dir='ltr'><strong>ποιεῖ</strong></span> <span class='ocrx_word' id='word_1_542' title='bbox 821 3987 916 4039; x_wconf 76' lang='grc' dir='ltr'><strong>καὶ</strong></span> <span class='ocrx_word' id='word_1_543' title='bbox 948 3986 1040 4038; x_wconf 83' lang='grc' dir='ltr'><strong>τὸν</strong></span> <span class='ocrx_word' id='word_1_544' title='bbox 1068 3986 1302 4053; x_wconf 82' lang='grc' dir='ltr'><strong>γέλωτα,</strong></span> <span class='ocrx_word' id='word_1_545' title='bbox 1336 3989 1430 4041; x_wconf 84' lang='grc' dir='ltr'><strong>καὶ</strong></span> <span class='ocrx_word' id='word_1_546' title='bbox 1463 3990 1769 4062; x_wconf 77' lang='grc' dir='ltr'><strong>περιφορὰν</strong></span> 
     </span>
    </p>
   </div>
   <div class='ocr_carea' id='block_1_72' title="bbox 171 4073 1767 4154">
    <p class='ocr_par' dir='ltr' id='par_1_72' title="bbox 171 4073 1767 4154">
     <span class='ocr_line' id='line_1_72' title="bbox 171 4073 1767 4154; baseline 0.004 -23"><span class='ocrx_word' id='word_1_547' title='bbox 171 4077 440 4147; x_wconf 77' lang='grc' dir='ltr'><strong>ὀνομάζει</strong></span> <span class='ocrx_word' id='word_1_548' title='bbox 468 4079 530 4129; x_wconf 80' lang='grc' dir='ltr'><strong>τὸ</strong></span> <span class='ocrx_word' id='word_1_549' title='bbox 563 4078 732 4141; x_wconf 81' lang='grc' dir='ltr'><strong>πάθος</strong></span> <span class='ocrx_word' id='word_1_550' title='bbox 754 4118 767 4140; x_wconf 91' lang='grc'><strong>,</strong></span> <span class='ocrx_word' id='word_1_551' title='bbox 798 4081 935 4147; x_wconf 80' lang='grc' dir='ltr'><strong>ὅπερ</strong></span> <span class='ocrx_word' id='word_1_552' title='bbox 963 4073 1077 4130; x_wconf 80' lang='grc' dir='ltr'><strong>ἶσόν</strong></span> <span class='ocrx_word' id='word_1_553' title='bbox 1112 4081 1228 4131; x_wconf 85' lang='grc' dir='ltr'><strong>ἐστι</strong></span> <span class='ocrx_word' id='word_1_554' title='bbox 1261 4079 1404 4132; x_wconf 79' lang='grc' dir='ltr'><strong>κατὰ</strong></span> <span class='ocrx_word' id='word_1_555' title='bbox 1435 4081 1670 4136; x_wconf 88' lang='grc' dir='ltr'><strong>διάνοιαν</strong></span> <span class='ocrx_word' id='word_1_556' title='bbox 1701 4086 1767 4154; x_wconf 82' lang='grc' dir='ltr'><strong>τῇ</strong></span> 
     </span>
    </p>
   </div>
   <div class='ocr_carea' id='block_1_73' title="bbox 172 4168 1769 4242">
    <p class='ocr_par' dir='ltr' id='par_1_73' title="bbox 172 4168 1769 4242">
     <span class='ocr_line' id='line_1_73' title="bbox 172 4168 1769 4242; baseline -0.004 -20"><span class='ocrx_word' id='word_1_557' title='bbox 172 4169 484 4238; x_wconf 77' lang='grc' dir='ltr'><strong>παραφορᾷ</strong></span> <span class='ocrx_word' id='word_1_558' title='bbox 515 4185 573 4222; x_wconf 87' lang='grc' dir='ltr'><strong>τε</strong></span> <span class='ocrx_word' id='word_1_559' title='bbox 601 4169 694 4220; x_wconf 77' lang='grc' dir='ltr'><strong>καὶ</strong></span> <span class='ocrx_word' id='word_1_560' title='bbox 732 4168 1025 4240; x_wconf 81' lang='grc' dir='ltr'><strong>παρανοίᾳ.</strong></span> <span class='ocrx_word' id='word_1_561' title='bbox 1065 4169 1130 4220; x_wconf 81' lang='grc' dir='ltr'><strong>Εἴ</strong></span> <span class='ocrx_word' id='word_1_562' title='bbox 1167 4187 1215 4222; x_wconf 87' lang='grc' dir='ltr'><strong>τι</strong></span> <span class='ocrx_word' id='word_1_563' title='bbox 1247 4171 1356 4242; x_wconf 83' lang='grc' dir='ltr'><strong>γὰρ</strong></span> <span class='ocrx_word' id='word_1_564' title='bbox 1383 4171 1512 4226; x_wconf 81' lang='grc' dir='ltr'><strong>ἄλλο</strong></span> <span class='ocrx_word' id='word_1_565' title='bbox 1536 4190 1620 4237; x_wconf 91' lang='grc' dir='ltr'><strong>τις</strong></span> <span class='ocrx_word' id='word_1_566' title='bbox 1649 4177 1769 4226; x_wconf 82' lang='grc' dir='ltr'><strong>ὀνο-</strong></span> 
     </span>
    </p>
   </div>
   <div class='ocr_carea' id='block_1_74' title="bbox 177 4260 1767 4337">
    <p class='ocr_par' dir='ltr' id='par_1_74' title="bbox 177 4260 1767 4337">
     <span class='ocr_line' id='line_1_74' title="bbox 177 4260 1767 4337; baseline 0.007 -28"><span class='ocrx_word' id='word_1_567' title='bbox 177 4261 384 4330; x_wconf 81' lang='grc' dir='ltr'><strong>μάσειε</strong></span> <span class='ocrx_word' id='word_1_568' title='bbox 410 4260 614 4328; x_wconf 81' lang='grc' dir='ltr'><strong>κυρίως</strong></span> <span class='ocrx_word' id='word_1_569' title='bbox 650 4260 744 4312; x_wconf 84' lang='grc' dir='ltr'><strong>τὸν</strong></span> <span class='ocrx_word' id='word_1_570' title='bbox 771 4261 1009 4329; x_wconf 80' lang='grc' dir='ltr'><strong>γέλωτα,</strong></span> <span class='ocrx_word' id='word_1_571' title='bbox 1044 4262 1076 4314; x_wconf 87' lang='grc' dir='ltr'><strong>ὂ</strong></span> <span class='ocrx_word' id='word_1_572' title='bbox 1107 4267 1244 4332; x_wconf 83' lang='grc' dir='ltr'><strong>μήτε</strong></span> <span class='ocrx_word' id='word_1_573' title='bbox 1279 4263 1435 4332; x_wconf 87' lang='grc' dir='ltr'><strong>λόγος</strong></span> <span class='ocrx_word' id='word_1_574' title='bbox 1459 4267 1598 4329; x_wconf 76' lang='grc' dir='ltr'><strong>ἐστὶ,</strong></span> <span class='ocrx_word' id='word_1_575' title='bbox 1630 4269 1767 4337; x_wconf 80' lang='grc' dir='ltr'><strong>μήτε</strong></span> 
     </span>
    </p>
   </div>
   <div class='ocr_carea' id='block_1_75' title="bbox 171 4347 1767 4420">
    <p class='ocr_par' dir='ltr' id='par_1_75' title="bbox 171 4347 1767 4420">
     <span class='ocr_line' id='line_1_75' title="bbox 171 4347 1767 4420; baseline 0.002 -18"><span class='ocrx_word' id='word_1_576' title='bbox 171 4350 345 4420; x_wconf 73' lang='grc' dir='ltr'><strong>ἔργον</strong></span> <span class='ocrx_word' id='word_1_577' title='bbox 378 4347 469 4401; x_wconf 76' lang='grc' dir='ltr'><strong>ἐπε</strong></span> <span class='ocrx_word' id='word_1_578' title='bbox 515 4366 620 4400; x_wconf 88' lang='grc' dir='ltr'><strong>τινι</strong></span> <span class='ocrx_word' id='word_1_579' title='bbox 672 4348 860 4418; x_wconf 78' lang='grc' dir='ltr'><strong>σκοπῷ</strong></span> <span class='ocrx_word' id='word_1_580' title='bbox 908 4349 1368 4419; x_wconf 78' lang='grc' dir='ltr'><strong>κατορθούμενον.</strong></span> <span class='ocrx_word' id='word_1_581' title='bbox 1420 4352 1675 4416; x_wconf 73' lang='grc' dir='ltr'><strong>Διάλυσις</strong></span> <span class='ocrx_word' id='word_1_582' title='bbox 1713 4353 1767 4405; x_wconf 84' lang='grc' dir='ltr'><strong>δὲ</strong></span> 
     </span>
    </p>
   </div>
   <div class='ocr_carea' id='block_1_76' title="bbox 174 4439 1761 4514">
    <p class='ocr_par' dir='ltr' id='par_1_76' title="bbox 174 4439 1761 4514">
     <span class='ocr_line' id='line_1_76' title="bbox 174 4439 1761 4514; baseline 0.003 -21"><span class='ocrx_word' id='word_1_583' title='bbox 174 4439 276 4494; x_wconf 65' lang='grc' dir='ltr'><strong>σῖ(</strong></span> <span class='ocrx_word' id='word_1_584' title='bbox 287 4455 458 4508; x_wconf 87' lang='grc' dir='ltr'><strong>ματος</strong></span> <span class='ocrx_word' id='word_1_585' title='bbox 481 4439 735 4509; x_wconf 81' lang='grc' dir='ltr'><strong>ἀπρεπὴς</strong></span> <span class='ocrx_word' id='word_1_586' title='bbox 753 4481 767 4502; x_wconf 89' lang='grc'><strong>,</strong></span> <span class='ocrx_word' id='word_1_587' title='bbox 805 4439 900 4493; x_wconf 78' lang='grc' dir='ltr'><strong>καὶ</strong></span> <span class='ocrx_word' id='word_1_588' title='bbox 925 4441 1234 4512; x_wconf 85' lang='grc' dir='ltr'><strong>πνεύματος</strong></span> <span class='ocrx_word' id='word_1_589' title='bbox 1257 4443 1464 4507; x_wconf 88' lang='grc' dir='ltr'><strong>κλόνος,</strong></span> <span class='ocrx_word' id='word_1_590' title='bbox 1512 4444 1606 4496; x_wconf 75' lang='grc' dir='ltr'><strong>καὶ</strong></span> <span class='ocrx_word' id='word_1_591' title='bbox 1632 4444 1761 4514; x_wconf 75' lang='grc' dir='ltr'><strong>βραο</strong></span> 
     </span>
    </p>
   </div>
   <div class='ocr_carea' id='block_1_77' title="bbox 177 4528 1765 4604">
    <p class='ocr_par' dir='ltr' id='par_1_77' title="bbox 177 4528 1765 4604">
     <span class='ocr_line' id='line_1_77' title="bbox 177 4528 1765 4604; baseline 0.004 -22"><span class='ocrx_word' id='word_1_592' title='bbox 177 4529 323 4600; x_wconf 74' lang='grc' dir='ltr'><strong>σμὸς</strong></span> <span class='ocrx_word' id='word_1_593' title='bbox 355 4529 480 4581; x_wconf 80' lang='grc' dir='ltr'><strong>ὅλου</strong></span> <span class='ocrx_word' id='word_1_594' title='bbox 518 4528 614 4581; x_wconf 91' lang='grc' dir='ltr'><strong>τοῦ</strong></span> <span class='ocrx_word' id='word_1_595' title='bbox 646 4529 928 4599; x_wconf 85' lang='grc' dir='ltr'><strong>σώματος,</strong></span> <span class='ocrx_word' id='word_1_596' title='bbox 966 4533 1059 4583; x_wconf 71' lang='grc' dir='ltr'><strong>καὶ</strong></span> <span class='ocrx_word' id='word_1_597' title='bbox 1093 4532 1344 4603; x_wconf 85' lang='grc' dir='ltr'><strong>διαστολὴ</strong></span> <span class='ocrx_word' id='word_1_598' title='bbox 1376 4534 1639 4604; x_wconf 83' lang='grc' dir='ltr'><strong>παρειῶν,</strong></span> <span class='ocrx_word' id='word_1_599' title='bbox 1673 4535 1765 4588; x_wconf 74' lang='grc' dir='ltr'><strong>καὶ</strong></span> 
     </span>
    </p>
   </div>
   <div class='ocr_carea' id='block_1_78' title="bbox 172 4619 1767 4698">
    <p class='ocr_par' dir='ltr' id='par_1_78' title="bbox 172 4619 1767 4698">
     <span class='ocr_line' id='line_1_78' title="bbox 172 4619 1767 4698; baseline 0.005 -26"><span class='ocrx_word' id='word_1_600' title='bbox 172 4619 468 4689; x_wconf 81' lang='grc' dir='ltr'><strong>γύμνωσις</strong></span> <span class='ocrx_word' id='word_1_601' title='bbox 504 4620 731 4673; x_wconf 84' lang='grc' dir='ltr'><strong>ὀδόντων</strong></span> <span class='ocrx_word' id='word_1_602' title='bbox 759 4639 816 4674; x_wconf 90' lang='grc' dir='ltr'><strong>τε</strong></span> <span class='ocrx_word' id='word_1_603' title='bbox 853 4623 946 4674; x_wconf 76' lang='grc' dir='ltr'><strong>καὶ</strong></span> <span class='ocrx_word' id='word_1_604' title='bbox 977 4622 1170 4683; x_wconf 73' lang='grc' dir='ltr'><strong>οὔλων,</strong></span> <span class='ocrx_word' id='word_1_605' title='bbox 1204 4627 1299 4678; x_wconf 78' lang='grc' dir='ltr'><strong>καὶ</strong></span> <span class='ocrx_word' id='word_1_606' title='bbox 1334 4625 1586 4696; x_wconf 82' lang='grc' dir='ltr'><strong>ὑπερώας</strong></span> <span class='ocrx_word' id='word_1_607' title='bbox 1606 4629 1767 4698; x_wconf 82' lang='grc' dir='ltr'><strong>αύχέ-</strong></span> 
     </span>
    </p>
   </div>
   <div class='ocr_carea' id='block_1_79' title="bbox 176 4710 1769 4789">
    <p class='ocr_par' dir='ltr' id='par_1_79' title="bbox 176 4710 1769 4789">
     <span class='ocr_line' id='line_1_79' title="bbox 176 4710 1769 4789; baseline 0.005 -26"><span class='ocrx_word' id='word_1_608' title='bbox 176 4728 271 4774; x_wconf 83' lang='grc' dir='ltr'><strong>νος</strong></span> <span class='ocrx_word' id='word_1_609' title='bbox 303 4727 363 4763; x_wconf 92' lang='grc' dir='ltr'><strong>τε</strong></span> <span class='ocrx_word' id='word_1_610' title='bbox 391 4710 668 4781; x_wconf 71' lang='grc' dir='ltr'><strong>λυγισμοὶ,</strong></span> <span class='ocrx_word' id='word_1_611' title='bbox 697 4714 790 4765; x_wconf 81' lang='grc' dir='ltr'><strong>καὶ</strong></span> <span class='ocrx_word' id='word_1_612' title='bbox 822 4713 1006 4783; x_wconf 83' lang='grc' dir='ltr'><strong>φωνῆς</strong></span> <span class='ocrx_word' id='word_1_613' title='bbox 1035 4715 1347 4786; x_wconf 82' lang='grc' dir='ltr'><strong>παράλογος</strong></span> <span class='ocrx_word' id='word_1_614' title='bbox 1371 4717 1586 4789; x_wconf 79' lang='grc' dir='ltr'><strong>θρύψις.</strong></span> <span class='ocrx_word' id='word_1_615' title='bbox 1616 4737 1739 4772; x_wconf 85' lang='grc' dir='ltr'><strong>συνε</strong></span> <span class='ocrx_word' id='word_1_616' title='bbox 1758 4749 1769 4758; x_wconf 83' lang='lat'><strong>-</strong></span> 
     </span>
    </p>
   </div>
   <div class='ocr_carea' id='block_1_80' title="bbox 175 4801 1768 4875">
    <p class='ocr_par' dir='ltr' id='par_1_80' title="bbox 175 4801 1768 4875">
     <span class='ocr_line' id='line_1_80' title="bbox 175 4801 1768 4875; baseline 0.007 -22"><span class='ocrx_word' id='word_1_617' title='bbox 175 4801 563 4872; x_wconf 80' lang='grc' dir='ltr'><strong>πικοπτομένη</strong></span> <span class='ocrx_word' id='word_1_618' title='bbox 614 4804 680 4872; x_wconf 82' lang='grc' dir='ltr'><strong>τῇ</strong></span> <span class='ocrx_word' id='word_1_619' title='bbox 717 4802 909 4855; x_wconf 83' lang='grc' dir='ltr'><strong>κλάσει</strong></span> <span class='ocrx_word' id='word_1_620' title='bbox 952 4803 1045 4856; x_wconf 93' lang='grc' dir='ltr'><strong>τοῦ</strong></span> <span class='ocrx_word' id='word_1_621' title='bbox 1081 4806 1391 4875; x_wconf 88' lang='grc' dir='ltr'><strong>πνεύματος</strong></span> <span class='ocrx_word' id='word_1_622' title='bbox 1414 4850 1426 4870; x_wconf 83' lang='grc'><strong>,</strong></span> <span class='ocrx_word' id='word_1_623' title='bbox 1453 4811 1506 4862; x_wconf 87' lang='grc' dir='ltr'><strong>τί</strong></span> <span class='ocrx_word' id='word_1_624' title='bbox 1541 4809 1608 4863; x_wconf 85' lang='grc' dir='ltr'><strong>ἂν</strong></span> <span class='ocrx_word' id='word_1_625' title='bbox 1639 4810 1768 4864; x_wconf 77' lang='grc' dir='ltr'><strong>ἄλλο</strong></span> 
     </span>
    </p>
   </div>
   <div class='ocr_carea' id='block_1_81' title="bbox 175 4891 1764 4970">
    <p class='ocr_par' dir='ltr' id='par_1_81' title="bbox 175 4891 1764 4970">
     <span class='ocr_line' id='line_1_81' title="bbox 175 4891 1764 4970; baseline 0.006 -27"><span class='ocrx_word' id='word_1_626' title='bbox 175 4893 267 4961; x_wconf 79' lang='grc' dir='ltr'><strong>εῐη</strong></span> <span class='ocrx_word' id='word_1_627' title='bbox 308 4891 494 4954; x_wconf 88' lang='grc' dir='ltr'><strong>τοῦτο,</strong></span> <span class='ocrx_word' id='word_1_628' title='bbox 550 4891 724 4961; x_wconf 79' lang='grc' dir='ltr'><strong>φησὶ.</strong></span> <span class='ocrx_word' id='word_1_629' title='bbox 755 4895 845 4946; x_wconf 80' lang='grc' dir='ltr'><strong>καὶ</strong></span> <span class='ocrx_word' id='word_1_630' title='bbox 887 4894 948 4946; x_wconf 84' lang='grc' dir='ltr'><strong>ού</strong></span> <span class='ocrx_word' id='word_1_631' title='bbox 1002 4896 1306 4965; x_wconf 83' lang='grc' dir='ltr'><strong>παράνοια;</strong></span> <span class='ocrx_word' id='word_1_632' title='bbox 1407 4901 1508 4956; x_wconf 85' lang='grc' dir='ltr'>Διό</span> <span class='ocrx_word' id='word_1_633' title='bbox 1611 4917 1764 4970; x_wconf 85' lang='grc' dir='ltr'><strong>φησι,</strong></span> 
     </span>
    </p>
   </div>
   <div class='ocr_carea' id='block_1_82' title="bbox 182 4979 1769 5062">
    <p class='ocr_par' dir='ltr' id='par_1_82' title="bbox 182 4979 1769 5062">
     <span class='ocr_line' id='line_1_82' title="bbox 182 4979 1769 5062; baseline 0.006 -28"><span class='ocrx_word' id='word_1_634' title='bbox 182 5003 200 5034; x_wconf 83' lang='grc' dir='ltr'><strong>ι</strong></span> <span class='ocrx_word' id='word_1_635' title='bbox 238 4984 335 5054; x_wconf 83' lang='grc' dir='ltr'><strong>Τῷ</strong></span> <span class='ocrx_word' id='word_1_636' title='bbox 369 4984 571 5052; x_wconf 83' lang='grc' dir='ltr'><strong>γέλωτι</strong></span> <span class='ocrx_word' id='word_1_637' title='bbox 618 4979 746 5036; x_wconf 80' lang='grc' dir='ltr'><strong>εἶπα</strong></span> <span class='ocrx_word' id='word_1_638' title='bbox 769 4987 1120 5056; x_wconf 82' lang='grc' dir='ltr'><strong>παραφορὰν,</strong></span> <span class='ocrx_word' id='word_1_639' title='bbox 1164 5006 1181 5038; x_wconf 81' lang='grc' dir='ltr'><strong>ι</strong></span> <span class='ocrx_word' id='word_1_640' title='bbox 1216 4989 1290 5050; x_wconf 80' lang='grc' dir='ltr'><strong>ὡς</strong></span> <span class='ocrx_word' id='word_1_641' title='bbox 1337 4988 1403 5042; x_wconf 85' lang='grc' dir='ltr'><strong>ἂν</strong></span> <span class='ocrx_word' id='word_1_642' title='bbox 1429 4990 1476 5041; x_wconf 83' lang='grc' dir='ltr'><strong>εί</strong></span> <span class='ocrx_word' id='word_1_643' title='bbox 1512 4990 1664 5060; x_wconf 79' lang='grc' dir='ltr'><strong>ἔλεγε</strong></span> <span class='ocrx_word' id='word_1_644' title='bbox 1691 4991 1769 5062; x_wconf 81' lang='grc' dir='ltr'><strong>τῷ</strong></span> 
     </span>
    </p>
   </div>
   <div class='ocr_carea' id='block_1_83' title="bbox 175 5071 1768 5147">
    <p class='ocr_par' dir='ltr' id='par_1_83' title="bbox 175 5071 1768 5147">
     <span class='ocr_line' id='line_1_83' title="bbox 175 5071 1768 5147; baseline 0.006 -21"><span class='ocrx_word' id='word_1_645' title='bbox 175 5071 621 5142; x_wconf 74' lang='grc' dir='ltr'><strong>γέλωτι,Μαίνῃ</strong></span> <span class='ocrx_word' id='word_1_646' title='bbox 648 5076 742 5126; x_wconf 80' lang='grc' dir='ltr'><strong>καὶ</strong></span> <span class='ocrx_word' id='word_1_647' title='bbox 781 5076 1198 5147; x_wconf 77' lang='grc' dir='ltr'><strong>παρεξεστηκας</strong></span> <span class='ocrx_word' id='word_1_648' title='bbox 1233 5079 1326 5131; x_wconf 79' lang='grc' dir='ltr'><strong>καὶ</strong></span> <span class='ocrx_word' id='word_1_649' title='bbox 1356 5081 1457 5132; x_wconf 88' lang='grc' dir='ltr'><strong>οὑκ</strong></span> <span class='ocrx_word' id='word_1_650' title='bbox 1491 5083 1644 5145; x_wconf 81' lang='grc' dir='ltr'><strong>ἐντὸς</strong></span> <span class='ocrx_word' id='word_1_651' title='bbox 1674 5083 1768 5136; x_wconf 88' lang='grc' dir='ltr'><strong>τοῦ</strong></span> 
     </span>
    </p>
   </div>
   <div class='ocr_carea' id='block_1_84' title="bbox 177 5167 1772 5242">
    <p class='ocr_par' dir='ltr' id='par_1_84' title="bbox 177 5167 1772 5242">
     <span class='ocr_line' id='line_1_84' title="bbox 177 5167 1772 5242; baseline 0.005 -21"><span class='ocrx_word' id='word_1_652' title='bbox 177 5167 532 5230; x_wconf 85' lang='grc' dir='ltr'><strong>καθεστῶτος</strong></span> <span class='ocrx_word' id='word_1_653' title='bbox 569 5167 758 5237; x_wconf 83' lang='grc' dir='ltr'><strong>μένεις</strong></span> <span class='ocrx_word' id='word_1_654' title='bbox 780 5208 795 5232; x_wconf 93' lang='grc'><strong>,</strong></span> <span class='ocrx_word' id='word_1_655' title='bbox 842 5169 1104 5231; x_wconf 78' lang='grc' dir='ltr'><strong>ἑκουσίως</strong></span> <span class='ocrx_word' id='word_1_656' title='bbox 1135 5171 1482 5242; x_wconf 74' lang='grc' dir='ltr'><strong>ἀσχημονῶν,</strong></span> <span class='ocrx_word' id='word_1_657' title='bbox 1525 5176 1618 5228; x_wconf 76' lang='grc' dir='ltr'><strong>καὶ</strong></span> <span class='ocrx_word' id='word_1_658' title='bbox 1647 5175 1772 5229; x_wconf 86' lang='grc' dir='ltr'><strong>δια-</strong></span> 
     </span>
    </p>
   </div>
   <div class='ocr_carea' id='block_1_85' title="bbox 179 5255 1768 5337">
    <p class='ocr_par' dir='ltr' id='par_1_85' title="bbox 179 5255 1768 5337">
     <span class='ocr_line' id='line_1_85' title="bbox 179 5255 1768 5337; baseline 0.004 -25"><span class='ocrx_word' id='word_1_659' title='bbox 179 5260 443 5329; x_wconf 78' lang='grc' dir='ltr'><strong>στρέφων</strong></span> <span class='ocrx_word' id='word_1_660' title='bbox 473 5261 531 5309; x_wconf 92' lang='grc' dir='ltr'><strong>ἐν</strong></span> <span class='ocrx_word' id='word_1_661' title='bbox 565 5257 643 5328; x_wconf 83' lang='grc' dir='ltr'><strong>τῷ</strong></span> <span class='ocrx_word' id='word_1_662' title='bbox 690 5258 854 5312; x_wconf 85' lang='grc' dir='ltr'><strong>πάθει</strong></span> <span class='ocrx_word' id='word_1_663' title='bbox 885 5259 946 5311; x_wconf 84' lang='grc' dir='ltr'><strong>τὸ</strong></span> <span class='ocrx_word' id='word_1_664' title='bbox 974 5255 1136 5323; x_wconf 85' lang='grc' dir='ltr'><strong>εἶδος,</strong></span> <span class='ocrx_word' id='word_1_665' title='bbox 1171 5264 1258 5314; x_wconf 83' lang='grc' dir='ltr'><strong>ἐπ’</strong></span> <span class='ocrx_word' id='word_1_666' title='bbox 1303 5263 1484 5315; x_wconf 77' lang='grc' dir='ltr'><strong>οὐδενὶ</strong></span> <span class='ocrx_word' id='word_1_667' title='bbox 1512 5266 1768 5337; x_wconf 81' lang='grc' dir='ltr'><strong>χρησίμῳ</strong></span> 
     </span>
    </p>
   </div>
   <div class='ocr_carea' id='block_1_86' title="bbox 174 5349 1768 5428">
    <p class='ocr_par' dir='ltr' id='par_1_86' title="bbox 174 5349 1768 5428">
     <span class='ocr_line' id='line_1_86' title="bbox 174 5349 1768 5428; baseline 0.003 -21"><span class='ocrx_word' id='word_1_668' title='bbox 174 5356 284 5424; x_wconf 78' lang='grc' dir='ltr'><strong>τὴν</strong></span> <span class='ocrx_word' id='word_1_669' title='bbox 296 5351 634 5421; x_wconf 84' lang='grc' dir='ltr'><strong>διαστροφὴν</strong></span> <span class='ocrx_word' id='word_1_670' title='bbox 653 5351 1040 5422; x_wconf 80' lang='grc' dir='ltr'><strong>ἐργαζόμενος.</strong></span> <span class='ocrx_word' id='word_1_671' title='bbox 1070 5371 1088 5404; x_wconf 84' lang='grc' dir='ltr'><strong>ι</strong></span> <span class='ocrx_word' id='word_1_672' title='bbox 1116 5349 1280 5409; x_wconf 76' lang='grc' dir='ltr'><strong>Εἶπον</strong></span> <span class='ocrx_word' id='word_1_673' title='bbox 1301 5354 1358 5407; x_wconf 87' lang='grc' dir='ltr'><strong>δὲ</strong></span> <span class='ocrx_word' id='word_1_674' title='bbox 1379 5357 1472 5408; x_wconf 81' lang='grc' dir='ltr'><strong>καὶ</strong></span> <span class='ocrx_word' id='word_1_675' title='bbox 1491 5360 1554 5427; x_wconf 74' lang='grc' dir='ltr'><strong>τῇ</strong></span> <span class='ocrx_word' id='word_1_676' title='bbox 1573 5358 1768 5428; x_wconf 80' lang='grc' dir='ltr'><strong>εὐφρο-</strong></span> 
     </span>
    </p>
   </div>
   <div class='ocr_carea' id='block_1_87' title="bbox 179 5443 1762 5521">
    <p class='ocr_par' dir='ltr' id='par_1_87' title="bbox 179 5443 1762 5521">
     <span class='ocr_line' id='line_1_87' title="bbox 179 5443 1762 5521; baseline 0.004 -25"><span class='ocrx_word' id='word_1_677' title='bbox 179 5445 322 5516; x_wconf 81' lang='grc' dir='ltr'><strong>σύνῃ</strong></span> <span class='ocrx_word' id='word_1_678' title='bbox 350 5462 364 5475; x_wconf 79' lang='grc' dir='ltr'><strong>ο</strong></span> <span class='ocrx_word' id='word_1_679' title='bbox 399 5443 464 5496; x_wconf 90' lang='grc' dir='ltr'><strong>Τί</strong></span> <span class='ocrx_word' id='word_1_680' title='bbox 495 5443 656 5497; x_wconf 86' lang='grc' dir='ltr'><strong>τοῦτο</strong></span> <span class='ocrx_word' id='word_1_681' title='bbox 682 5448 894 5508; x_wconf 71' lang='grc' dir='ltr'><strong>ποιεῖςς</strong></span> <span class='ocrx_word' id='word_1_682' title='bbox 929 5461 952 5504; x_wconf 65' lang='lat' dir='ltr'><strong>D,</strong></span> <span class='ocrx_word' id='word_1_683' title='bbox 987 5447 1125 5518; x_wconf 86' lang='grc' dir='ltr'><strong>ὅπερ</strong></span> <span class='ocrx_word' id='word_1_684' title='bbox 1162 5443 1280 5500; x_wconf 80' lang='grc' dir='ltr'><strong>ἶσόν</strong></span> <span class='ocrx_word' id='word_1_685' title='bbox 1310 5451 1425 5501; x_wconf 87' lang='grc' dir='ltr'><strong>ἐστι</strong></span> <span class='ocrx_word' id='word_1_686' title='bbox 1454 5449 1531 5520; x_wconf 84' lang='grc' dir='ltr'><strong>τῷ</strong></span> <span class='ocrx_word' id='word_1_687' title='bbox 1563 5450 1762 5521; x_wconf 84' lang='grc' dir='ltr'><strong>λέγειν,</strong></span> 
     </span>
    </p>
   </div>
   <div class='ocr_carea' id='block_1_88' title="bbox 175 5524 1759 5610">
    <p class='ocr_par' dir='ltr' id='par_1_88' title="bbox 175 5524 1759 5610">
     <span class='ocr_line' id='line_1_88' title="bbox 175 5524 1759 5610; baseline 0.007 -22"><span class='ocrx_word' id='word_1_688' title='bbox 175 5539 266 5591; x_wconf 77' lang='grc' dir='ltr'><strong>ὅτι</strong></span> <span class='ocrx_word' id='word_1_689' title='bbox 291 5534 434 5606; x_wconf 81' lang='grc' dir='ltr'><strong>Πρὸς</strong></span> <span class='ocrx_word' id='word_1_690' title='bbox 474 5534 574 5600; x_wconf 74' lang='grc' dir='ltr'><strong>τὴν</strong></span> <span class='ocrx_word' id='word_1_691' title='bbox 608 5524 799 5605; x_wconf 73' lang='grc' dir='ltr'><strong>ἡδονῆν</strong></span> <span class='ocrx_word' id='word_1_692' title='bbox 830 5537 1222 5604; x_wconf 82' lang='grc' dir='ltr'><strong>ἀντιστατικῶς</strong></span> <span class='ocrx_word' id='word_1_693' title='bbox 1254 5540 1411 5610; x_wconf 78' lang='grc' dir='ltr'><strong>ἔσχον</strong></span> <span class='ocrx_word' id='word_1_694' title='bbox 1440 5541 1759 5599; x_wconf 84' lang='grc' dir='ltr'><strong>ὑποπτεύων</strong></span> 
     </span>
    </p>
   </div>
   <div class='ocr_carea' id='block_1_89' title="bbox 293 5713 928 5788">
    <p class='ocr_par' dir='ltr' id='par_1_89' title="bbox 293 5713 928 5788">
     <span class='ocr_line' id='line_1_89' title="bbox 293 5713 928 5788; baseline 0.069 -44"><span class='ocrx_word' id='word_1_695' title='bbox 293 5715 342 5755; x_wconf 69' lang='grc' dir='ltr'><strong><em>υ</em></strong></span> <span class='ocrx_word' id='word_1_696' title='bbox 365 5713 558 5788; x_wconf 52' lang='grc' dir='ltr'><strong>κείω,</strong></span> <span class='ocrx_word' id='word_1_697' title='bbox 592 5729 710 5783; x_wconf 47' lang='lat' dir='ltr'><strong>aut,</strong></span> <span class='ocrx_word' id='word_1_698' title='bbox 741 5715 774 5769; x_wconf 83' lang='lat'><strong>5</strong></span> <span class='ocrx_word' id='word_1_699' title='bbox 807 5731 928 5787; x_wconf 69' lang='grc' dir='ltr'><strong>ειίιο</strong></span> 
     </span>
    </p>
   </div>
   <div class='ocr_carea' id='block_1_90' title="bbox 1875 3167 3452 3241">
    <p class='ocr_par' dir='ltr' id='par_1_90' title="bbox 1875 3167 3452 3241">
     <span class='ocr_line' id='line_1_90' title="bbox 1875 3167 3452 3241; baseline -0.003 -13"><span class='ocrx_word' id='word_1_700' title='bbox 1875 3173 2074 3228; x_wconf 90' lang='lat' dir='ltr'><strong>veriori</strong></span> <span class='ocrx_word' id='word_1_701' title='bbox 2111 3173 2244 3236; x_wconf 88' lang='lat' dir='ltr'><strong>vita,</strong></span> <span class='ocrx_word' id='word_1_702' title='bbox 2273 3170 2535 3241; x_wconf 89' lang='lat' dir='ltr'><strong>delapsus</strong></span> <span class='ocrx_word' id='word_1_703' title='bbox 2587 3177 2672 3224; x_wconf 87' lang='lat' dir='ltr'><strong>est</strong></span> <span class='ocrx_word' id='word_1_704' title='bbox 2702 3167 2769 3222; x_wconf 87' lang='lat' dir='ltr'><strong>ad</strong></span> <span class='ocrx_word' id='word_1_705' title='bbox 2799 3167 3168 3237; x_wconf 88' lang='lat' dir='ltr'><strong>jucundorum</strong></span> <span class='ocrx_word' id='word_1_706' title='bbox 3227 3170 3452 3238; x_wconf 87' lang='lat' dir='ltr'><strong>partici-</strong></span> 
     </span>
    </p>
   </div>
   <div class='ocr_carea' id='block_1_91' title="bbox 1873 3257 3455 3332">
    <p class='ocr_par' dir='ltr' id='par_1_91' title="bbox 1873 3257 3455 3332">
     <span class='ocr_line' id='line_1_91' title="bbox 1873 3257 3455 3332; baseline -0.002 -16"><span class='ocrx_word' id='word_1_707' title='bbox 1873 3263 2150 3332; x_wconf 89' lang='lat' dir='ltr'><strong>pationem</strong></span> <span class='ocrx_word' id='word_1_708' title='bbox 2179 3281 2194 3316; x_wconf 92' lang='lat'><strong>:</strong></span> <span class='ocrx_word' id='word_1_709' title='bbox 2219 3260 2317 3318; x_wconf 91' lang='lat' dir='ltr'><strong>sed</strong></span> <span class='ocrx_word' id='word_1_710' title='bbox 2357 3275 2481 3316; x_wconf 91' lang='lat' dir='ltr'><strong>cum</strong></span> <span class='ocrx_word' id='word_1_711' title='bbox 2507 3260 2563 3314; x_wconf 91' lang='lat' dir='ltr'><strong>in</strong></span> <span class='ocrx_word' id='word_1_712' title='bbox 2605 3259 2714 3314; x_wconf 88' lang='lat' dir='ltr'><strong>illis</strong></span> <span class='ocrx_word' id='word_1_713' title='bbox 2764 3257 3099 3312; x_wconf 78' lang='lat' dir='ltr'><strong>exercitatus</strong></span> <span class='ocrx_word' id='word_1_714' title='bbox 3155 3257 3371 3322; x_wconf 80' lang='lat' dir='ltr'><strong>fuisset,</strong></span> <span class='ocrx_word' id='word_1_715' title='bbox 3398 3267 3455 3314; x_wconf 87' lang='lat' dir='ltr'><strong>et</strong></span> 
     </span>
    </p>
   </div>
   <div class='ocr_carea' id='block_1_92' title="bbox 1873 3349 3453 3423">
    <p class='ocr_par' dir='ltr' id='par_1_92' title="bbox 1873 3349 3453 3423">
     <span class='ocr_line' id='line_1_92' title="bbox 1873 3349 3453 3423; baseline -0.001 -17"><span class='ocrx_word' id='word_1_716' title='bbox 1873 3354 2027 3423; x_wconf 89' lang='lat' dir='ltr'><strong>prius</strong></span> <span class='ocrx_word' id='word_1_717' title='bbox 2063 3368 2123 3408; x_wconf 88' lang='lat' dir='ltr'><strong>se</strong></span> <span class='ocrx_word' id='word_1_718' title='bbox 2161 3352 2230 3405; x_wconf 83' lang='lat' dir='ltr'><strong>iis</strong></span> <span class='ocrx_word' id='word_1_719' title='bbox 2287 3351 2574 3420; x_wconf 71' lang='lat' dir='ltr'><strong>praeditum</strong></span> <span class='ocrx_word' id='word_1_720' title='bbox 2617 3349 2868 3404; x_wconf 87' lang='lat' dir='ltr'><strong>moribus</strong></span> <span class='ocrx_word' id='word_1_721' title='bbox 2922 3349 3284 3414; x_wconf 78' lang='lat' dir='ltr'><strong>exhibuisset,</strong></span> <span class='ocrx_word' id='word_1_722' title='bbox 3321 3359 3380 3404; x_wconf 92' lang='lat' dir='ltr'><strong>ut</strong></span> <span class='ocrx_word' id='word_1_723' title='bbox 3420 3365 3453 3404; x_wconf 88' lang='lat' dir='ltr'><strong>a</strong></span> 
     </span>
    </p>
   </div>
   <div class='ocr_carea' id='block_1_93' title="bbox 1871 3441 3452 3512">
    <p class='ocr_par' dir='ltr' id='par_1_93' title="bbox 1871 3441 3452 3512">
     <span class='ocr_line' id='line_1_93' title="bbox 1871 3441 3452 3512; baseline -0.003 -14"><span class='ocrx_word' id='word_1_724' title='bbox 1871 3445 1988 3500; x_wconf 89' lang='lat' dir='ltr'><strong>risu</strong></span> <span class='ocrx_word' id='word_1_725' title='bbox 2023 3445 2256 3506; x_wconf 87' lang='lat' dir='ltr'><strong>alienus,</strong></span> <span class='ocrx_word' id='word_1_726' title='bbox 2285 3443 2470 3512; x_wconf 83' lang='lat' dir='ltr'><strong>gravis</strong></span> <span class='ocrx_word' id='word_1_727' title='bbox 2510 3449 2566 3496; x_wconf 89' lang='lat' dir='ltr'><strong>et</strong></span> <span class='ocrx_word' id='word_1_728' title='bbox 2591 3447 2854 3496; x_wconf 82' lang='lat' dir='ltr'><strong>constans</strong></span> <span class='ocrx_word' id='word_1_729' title='bbox 2878 3448 3047 3504; x_wconf 84' lang='lat' dir='ltr'><strong>esset,</strong></span> <span class='ocrx_word' id='word_1_730' title='bbox 3081 3457 3190 3511; x_wconf 89' lang='lat' dir='ltr'><strong>qua</strong></span> <span class='ocrx_word' id='word_1_731' title='bbox 3234 3441 3452 3496; x_wconf 88' lang='lat' dir='ltr'><strong>ratione</strong></span> 
     </span>
    </p>
   </div>
   <div class='ocr_carea' id='block_1_94' title="bbox 1872 3535 3454 3606">
    <p class='ocr_par' dir='ltr' id='par_1_94' title="bbox 1872 3535 3454 3606">
     <span class='ocr_line' id='line_1_94' title="bbox 1872 3535 3454 3606; baseline -0.003 -14"><span class='ocrx_word' id='word_1_732' title='bbox 1872 3554 1901 3592; x_wconf 91' lang='lat' dir='ltr'><strong>a</strong></span> <span class='ocrx_word' id='word_1_733' title='bbox 1926 3537 2188 3592; x_wconf 83' lang='lat' dir='ltr'><strong>studiosis</strong></span> <span class='ocrx_word' id='word_1_734' title='bbox 2211 3537 2445 3591; x_wconf 78' lang='lat' dir='ltr'><strong>maxime</strong></span> <span class='ocrx_word' id='word_1_735' title='bbox 2476 3545 2868 3606; x_wconf 86' lang='lat' dir='ltr'><strong>comparantur</strong></span> <span class='ocrx_word' id='word_1_736' title='bbox 2897 3535 3204 3604; x_wconf 77' lang='lat' dir='ltr'><strong>disciplinae</strong></span> <span class='ocrx_word' id='word_1_737' title='bbox 3227 3536 3454 3605; x_wconf 89' lang='lat' dir='ltr'><strong>sapien-</strong></span> 
     </span>
    </p>
   </div>
   <div class='ocr_carea' id='block_1_95' title="bbox 1872 3624 3455 3695">
    <p class='ocr_par' dir='ltr' id='par_1_95' title="bbox 1872 3624 3455 3695">
     <span class='ocr_line' id='line_1_95' title="bbox 1872 3624 3455 3695; baseline -0.003 -12"><span class='ocrx_word' id='word_1_738' title='bbox 1872 3631 1983 3692; x_wconf 70' lang='lat' dir='ltr'><strong>tiae,</strong></span> <span class='ocrx_word' id='word_1_739' title='bbox 2018 3639 2151 3684; x_wconf 91' lang='lat' dir='ltr'><strong>tunc</strong></span> <span class='ocrx_word' id='word_1_740' title='bbox 2202 3643 2261 3683; x_wconf 87' lang='lat' dir='ltr'><strong>se</strong></span> <span class='ocrx_word' id='word_1_741' title='bbox 2287 3626 2518 3682; x_wconf 89' lang='lat' dir='ltr'><strong>remittit</strong></span> <span class='ocrx_word' id='word_1_742' title='bbox 2547 3624 2616 3679; x_wconf 88' lang='lat' dir='ltr'><strong>ad</strong></span> <span class='ocrx_word' id='word_1_743' title='bbox 2672 3640 2742 3680; x_wconf 86' lang='lat' dir='ltr'><strong>ea</strong></span> <span class='ocrx_word' id='word_1_744' title='bbox 2773 3641 2896 3695; x_wconf 68' lang='lat' dir='ltr'><strong>qua:</strong></span> <span class='ocrx_word' id='word_1_745' title='bbox 2934 3625 3122 3680; x_wconf 89' lang='lat' dir='ltr'><strong>sensui</strong></span> <span class='ocrx_word' id='word_1_746' title='bbox 3157 3634 3455 3679; x_wconf 74' lang='lat' dir='ltr'><strong>censentur</strong></span> 
     </span>
    </p>
   </div>
   <div class='ocr_carea' id='block_1_96' title="bbox 1871 3714 3452 3791">
    <p class='ocr_par' dir='ltr' id='par_1_96' title="bbox 1871 3714 3452 3791">
     <span class='ocr_line' id='line_1_96' title="bbox 1871 3714 3452 3791; baseline -0.008 -14"><span class='ocrx_word' id='word_1_747' title='bbox 1871 3738 1993 3777; x_wconf 87' lang='lat' dir='ltr'><strong>esse</strong></span> <span class='ocrx_word' id='word_1_748' title='bbox 2021 3721 2267 3791; x_wconf 79' lang='lat' dir='ltr'><strong>jucunda</strong></span> <span class='ocrx_word' id='word_1_749' title='bbox 2291 3734 2356 3773; x_wconf 90' lang='lat' dir='ltr'><strong>ac</strong></span> <span class='ocrx_word' id='word_1_750' title='bbox 2381 3717 2758 3772; x_wconf 86' lang='lat' dir='ltr'><strong>delectabilia:</strong></span> <span class='ocrx_word' id='word_1_751' title='bbox 2789 3730 2896 3770; x_wconf 89' lang='lat' dir='ltr'><strong>non</strong></span> <span class='ocrx_word' id='word_1_752' title='bbox 2928 3716 3094 3769; x_wconf 84' lang='lat' dir='ltr'><strong>animi</strong></span> <span class='ocrx_word' id='word_1_753' title='bbox 3127 3714 3196 3768; x_wconf 91' lang='lat' dir='ltr'><strong>ad</strong></span> <span class='ocrx_word' id='word_1_754' title='bbox 3219 3718 3330 3769; x_wconf 70' lang='lat' dir='ltr'><strong>haec</strong></span> <span class='ocrx_word' id='word_1_755' title='bbox 3365 3723 3452 3766; x_wconf 88' lang='lat' dir='ltr'><strong>at-</strong></span> 
     </span>
    </p>
   </div>
   <div class='ocr_carea' id='block_1_97' title="bbox 1872 3805 3454 3881">
    <p class='ocr_par' dir='ltr' id='par_1_97' title="bbox 1872 3805 3454 3881">
     <span class='ocr_line' id='line_1_97' title="bbox 1872 3805 3454 3881; baseline -0.004 -15"><span class='ocrx_word' id='word_1_756' title='bbox 1872 3823 2086 3868; x_wconf 87' lang='lat' dir='ltr'><strong>tractus</strong></span> <span class='ocrx_word' id='word_1_757' title='bbox 2133 3811 2567 3881; x_wconf 89' lang='lat' dir='ltr'><strong>perturbatione,</strong></span> <span class='ocrx_word' id='word_1_758' title='bbox 2599 3807 2694 3863; x_wconf 89' lang='lat' dir='ltr'><strong>sed</strong></span> <span class='ocrx_word' id='word_1_759' title='bbox 2744 3815 2805 3860; x_wconf 91' lang='lat' dir='ltr'><strong>ut</strong></span> <span class='ocrx_word' id='word_1_760' title='bbox 2830 3807 3226 3871; x_wconf 89' lang='lat' dir='ltr'><strong>consideraret,</strong></span> <span class='ocrx_word' id='word_1_761' title='bbox 3279 3820 3347 3871; x_wconf 71' lang='lat' dir='ltr'><strong>an</strong></span> <span class='ocrx_word' id='word_1_762' title='bbox 3383 3805 3454 3859; x_wconf 81' lang='lat' dir='ltr'><strong>ad</strong></span> 
     </span>
    </p>
   </div>
   <div class='ocr_carea' id='block_1_98' title="bbox 1872 3896 3458 3972">
    <p class='ocr_par' dir='ltr' id='par_1_98' title="bbox 1872 3896 3458 3972">
     <span class='ocr_line' id='line_1_98' title="bbox 1872 3896 3458 3972; baseline -0.005 -15"><span class='ocrx_word' id='word_1_763' title='bbox 1872 3905 1988 3960; x_wconf 85' lang='lat' dir='ltr'><strong>veri</strong></span> <span class='ocrx_word' id='word_1_764' title='bbox 2015 3904 2142 3958; x_wconf 87' lang='lat' dir='ltr'><strong>boni</strong></span> <span class='ocrx_word' id='word_1_765' title='bbox 2173 3903 2546 3972; x_wconf 84' lang='lat' dir='ltr'><strong>cognitionem</strong></span> <span class='ocrx_word' id='word_1_766' title='bbox 2589 3898 2796 3969; x_wconf 89' lang='lat' dir='ltr'><strong>aliquid</strong></span> <span class='ocrx_word' id='word_1_767' title='bbox 2847 3896 3098 3953; x_wconf 79' lang='lat' dir='ltr'><strong>conferat</strong></span> <span class='ocrx_word' id='word_1_768' title='bbox 3129 3912 3328 3952; x_wconf 88' lang='lat' dir='ltr'><strong>sensus</strong></span> <span class='ocrx_word' id='word_1_769' title='bbox 3358 3897 3458 3966; x_wconf 72' lang='lat' dir='ltr'><strong>qui</strong></span> 
     </span>
    </p>
   </div>
   <div class='ocr_carea' id='block_1_99' title="bbox 1874 3989 3458 4052">
    <p class='ocr_par' dir='ltr' id='par_1_99' title="bbox 1874 3989 3458 4052">
     <span class='ocr_line' id='line_1_99' title="bbox 1874 3989 3458 4052; baseline -0.007 0"><span class='ocrx_word' id='word_1_770' title='bbox 1874 3999 1927 4052; x_wconf 92' lang='lat' dir='ltr'><strong>in</strong></span> <span class='ocrx_word' id='word_1_771' title='bbox 1955 3999 2035 4051; x_wconf 78' lang='lat' dir='ltr'><strong>eis</strong></span> <span class='ocrx_word' id='word_1_772' title='bbox 2065 3997 2233 4050; x_wconf 83' lang='lat' dir='ltr'><strong>fuerit</strong></span> <span class='ocrx_word' id='word_1_773' title='bbox 2257 3996 2603 4048; x_wconf 84' lang='lat' dir='ltr'><strong>immoratus.</strong></span> <span class='ocrx_word' id='word_1_774' title='bbox 2621 3991 2777 4045; x_wconf 88' lang='lat' dir='ltr'><strong>Tunc</strong></span> <span class='ocrx_word' id='word_1_775' title='bbox 2797 3991 2943 4045; x_wconf 89' lang='lat' dir='ltr'><strong>enim</strong></span> <span class='ocrx_word' id='word_1_776' title='bbox 2966 3999 3020 4044; x_wconf 89' lang='lat' dir='ltr'><strong>et</strong></span> <span class='ocrx_word' id='word_1_777' title='bbox 3043 3989 3112 4044; x_wconf 88' lang='lat' dir='ltr'><strong>ab</strong></span> <span class='ocrx_word' id='word_1_778' title='bbox 3139 3989 3295 4042; x_wconf 91' lang='lat' dir='ltr'><strong>initio</strong></span> <span class='ocrx_word' id='word_1_779' title='bbox 3317 3991 3458 4044; x_wconf 79' lang='lat' dir='ltr'><strong>risui</strong></span> 
     </span>
    </p>
   </div>
   <div class='ocr_carea' id='block_1_100' title="bbox 1872 4081 3457 4148">
    <p class='ocr_par' dir='ltr' id='par_1_100' title="bbox 1872 4081 3457 4148">
     <span class='ocr_line' id='line_1_100' title="bbox 1872 4081 3457 4148; baseline -0.006 -4"><span class='ocrx_word' id='word_1_780' title='bbox 1872 4090 2161 4144; x_wconf 75' lang='lat' dir='ltr'><strong>denuntiat</strong></span> <span class='ocrx_word' id='word_1_781' title='bbox 2204 4085 2547 4148; x_wconf 88' lang='lat' dir='ltr'><strong>inimicitias,</strong></span> <span class='ocrx_word' id='word_1_782' title='bbox 2578 4092 2632 4138; x_wconf 89' lang='lat' dir='ltr'><strong>et</strong></span> <span class='ocrx_word' id='word_1_783' title='bbox 2662 4083 2832 4137; x_wconf 89' lang='lat' dir='ltr'><strong>animi</strong></span> <span class='ocrx_word' id='word_1_784' title='bbox 2865 4093 3071 4135; x_wconf 92' lang='lat' dir='ltr'><strong>motum</strong></span> <span class='ocrx_word' id='word_1_785' title='bbox 3106 4081 3256 4134; x_wconf 91' lang='lat' dir='ltr'><strong>illum</strong></span> <span class='ocrx_word' id='word_1_786' title='bbox 3294 4091 3457 4134; x_wconf 70' lang='lat' dir='ltr'><strong>vocat</strong></span> 
     </span>
    </p>
   </div>
   <div class='ocr_carea' id='block_1_101' title="bbox 1871 4168 3452 4243">
    <p class='ocr_par' dir='ltr' id='par_1_101' title="bbox 1871 4168 3452 4243">
     <span class='ocr_line' id='line_1_101' title="bbox 1871 4168 3452 4243; baseline -0.009 -7"><span class='ocrx_word' id='word_1_787' title='bbox 1871 4178 2372 4237; x_wconf 90' lang='lat' dir='ltr'><strong>circumlationem,</strong></span> <span class='ocrx_word' id='word_1_788' title='bbox 2403 4173 2549 4243; x_wconf 90' lang='lat' dir='ltr'><strong>quod</strong></span> <span class='ocrx_word' id='word_1_789' title='bbox 2571 4173 2792 4242; x_wconf 88' lang='lat' dir='ltr'><strong>quidem</strong></span> <span class='ocrx_word' id='word_1_790' title='bbox 2825 4185 2991 4225; x_wconf 80' lang='lat' dir='ltr'><strong>sensu</strong></span> <span class='ocrx_word' id='word_1_791' title='bbox 3025 4168 3168 4223; x_wconf 88' lang='lat' dir='ltr'><strong>idem</strong></span> <span class='ocrx_word' id='word_1_792' title='bbox 3199 4176 3285 4222; x_wconf 87' lang='lat' dir='ltr'><strong>est</strong></span> <span class='ocrx_word' id='word_1_793' title='bbox 3307 4169 3452 4237; x_wconf 88' lang='lat' dir='ltr'><strong>quod</strong></span> 
     </span>
    </p>
   </div>
   <div class='ocr_carea' id='block_1_102' title="bbox 1871 4260 3450 4333">
    <p class='ocr_par' dir='ltr' id='par_1_102' title="bbox 1871 4260 3450 4333">
     <span class='ocr_line' id='line_1_102' title="bbox 1871 4260 3450 4333; baseline -0.011 -4"><span class='ocrx_word' id='word_1_794' title='bbox 1871 4273 2122 4328; x_wconf 87' lang='lat' dir='ltr'><strong>delirium</strong></span> <span class='ocrx_word' id='word_1_795' title='bbox 2146 4277 2198 4324; x_wconf 81' lang='lat' dir='ltr'><strong>et</strong></span> <span class='ocrx_word' id='word_1_796' title='bbox 2223 4267 2464 4322; x_wconf 85' lang='lat' dir='ltr'><strong>amentia</strong></span> <span class='ocrx_word' id='word_1_797' title='bbox 2488 4264 2564 4319; x_wconf 89' lang='lat' dir='ltr'><strong>:si</strong></span> <span class='ocrx_word' id='word_1_798' title='bbox 2603 4263 2736 4333; x_wconf 87' lang='lat' dir='ltr'><strong>quid</strong></span> <span class='ocrx_word' id='word_1_799' title='bbox 2784 4262 2928 4316; x_wconf 89' lang='lat' dir='ltr'><strong>enim</strong></span> <span class='ocrx_word' id='word_1_800' title='bbox 2980 4260 3137 4314; x_wconf 44' lang='lat' dir='ltr'><strong>aliud:</strong></span> <span class='ocrx_word' id='word_1_801' title='bbox 3177 4260 3450 4329; x_wconf 84' lang='lat' dir='ltr'><strong>quispiam</strong></span> 
     </span>
    </p>
   </div>
   <div class='ocr_carea' id='block_1_103' title="bbox 1874 4353 3448 4434">
    <p class='ocr_par' dir='ltr' id='par_1_103' title="bbox 1874 4353 3448 4434">
     <span class='ocr_line' id='line_1_103' title="bbox 1874 4353 3448 4434; baseline -0.009 -16"><span class='ocrx_word' id='word_1_802' title='bbox 1874 4363 2092 4434; x_wconf 90' lang='lat' dir='ltr'><strong>proprie</strong></span> <span class='ocrx_word' id='word_1_803' title='bbox 2117 4361 2288 4414; x_wconf 89' lang='lat' dir='ltr'><strong>risum</strong></span> <span class='ocrx_word' id='word_1_804' title='bbox 2312 4357 2684 4427; x_wconf 82' lang='lat' dir='ltr'><strong>appellaverit,</strong></span> <span class='ocrx_word' id='word_1_805' title='bbox 2703 4355 2753 4407; x_wconf 88' lang='lat' dir='ltr'><strong>id</strong></span> <span class='ocrx_word' id='word_1_806' title='bbox 2779 4353 2924 4423; x_wconf 89' lang='lat' dir='ltr'><strong>quod</strong></span> <span class='ocrx_word' id='word_1_807' title='bbox 2953 4367 3129 4422; x_wconf 81' lang='lat' dir='ltr'><strong>neque</strong></span> <span class='ocrx_word' id='word_1_808' title='bbox 3150 4359 3234 4406; x_wconf 87' lang='lat' dir='ltr'><strong>est</strong></span> <span class='ocrx_word' id='word_1_809' title='bbox 3252 4354 3448 4412; x_wconf 82' lang='lat' dir='ltr'><strong>oratio,</strong></span> 
     </span>
    </p>
   </div>
   <div class='ocr_carea' id='block_1_104' title="bbox 1877 4445 3449 4523">
    <p class='ocr_par' dir='ltr' id='par_1_104' title="bbox 1877 4445 3449 4523">
     <span class='ocr_line' id='line_1_104' title="bbox 1877 4445 3449 4523; baseline -0.009 -14"><span class='ocrx_word' id='word_1_810' title='bbox 1877 4468 2055 4523; x_wconf 87' lang='lat' dir='ltr'><strong>neque</strong></span> <span class='ocrx_word' id='word_1_811' title='bbox 2087 4451 2290 4504; x_wconf 80' lang='lat' dir='ltr'><strong>factum</strong></span> <span class='ocrx_word' id='word_1_812' title='bbox 2317 4455 2470 4502; x_wconf 88' lang='lat' dir='ltr'><strong>certo</strong></span> <span class='ocrx_word' id='word_1_813' title='bbox 2503 4461 2675 4516; x_wconf 78' lang='lat' dir='ltr'><strong>scapo</strong></span> <span class='ocrx_word' id='word_1_814' title='bbox 2703 4455 2768 4499; x_wconf 26' lang='lat' dir='ltr'><strong>et.</strong></span> <span class='ocrx_word' id='word_1_815' title='bbox 2800 4445 3081 4514; x_wconf 88' lang='lat' dir='ltr'><strong>proposito</strong></span> <span class='ocrx_word' id='word_1_816' title='bbox 3113 4455 3449 4514; x_wconf 84' lang='lat' dir='ltr'><strong>susceptum.</strong></span> 
     </span>
    </p>
   </div>
   <div class='ocr_carea' id='block_1_105' title="bbox 1874 4535 3452 4604">
    <p class='ocr_par' dir='ltr' id='par_1_105' title="bbox 1874 4535 3452 4604">
     <span class='ocr_line' id='line_1_105' title="bbox 1874 4535 3452 4604; baseline -0.01 -6"><span class='ocrx_word' id='word_1_817' title='bbox 1874 4543 2002 4598; x_wconf 90' lang='lat' dir='ltr'><strong>Oris</strong></span> <span class='ocrx_word' id='word_1_818' title='bbox 2021 4549 2205 4596; x_wconf 85' lang='lat' dir='ltr'><strong>autem</strong></span> <span class='ocrx_word' id='word_1_819' title='bbox 2243 4537 2502 4594; x_wconf 90' lang='lat' dir='ltr'><strong>indecora</strong></span> <span class='ocrx_word' id='word_1_820' title='bbox 2530 4535 2800 4601; x_wconf 90' lang='lat' dir='ltr'><strong>dilatatio,</strong></span> <span class='ocrx_word' id='word_1_821' title='bbox 2835 4542 3150 4603; x_wconf 89' lang='lat' dir='ltr'><strong>tremorque</strong></span> <span class='ocrx_word' id='word_1_822' title='bbox 3199 4535 3452 4604; x_wconf 79' lang='lat' dir='ltr'><strong>spiritus.</strong></span> 
     </span>
    </p>
   </div>
   <div class='ocr_carea' id='block_1_106' title="bbox 1874 4611 3448 4702">
    <p class='ocr_par' dir='ltr' id='par_1_106' title="bbox 1874 4611 3448 4702">
     <span class='ocr_line' id='line_1_106' title="bbox 1874 4611 3448 4702; baseline -0.009 -12"><span class='ocrx_word' id='word_1_823' title='bbox 1874 4644 1929 4690; x_wconf 93' lang='lat' dir='ltr'><strong>et</strong></span> <span class='ocrx_word' id='word_1_824' title='bbox 1964 4635 2136 4688; x_wconf 91' lang='lat' dir='ltr'><strong>totius</strong></span> <span class='ocrx_word' id='word_1_825' title='bbox 2164 4631 2412 4702; x_wconf 89' lang='lat' dir='ltr'><strong>corporis</strong></span> <span class='ocrx_word' id='word_1_826' title='bbox 2435 4630 2749 4693; x_wconf 90' lang='lat' dir='ltr'><strong>concussio,</strong></span> <span class='ocrx_word' id='word_1_827' title='bbox 2781 4635 2834 4681; x_wconf 90' lang='lat' dir='ltr'><strong>et</strong></span> <span class='ocrx_word' id='word_1_828' title='bbox 2875 4641 3138 4694; x_wconf 86' lang='lat' dir='ltr'><strong>genarum</strong></span> <span class='ocrx_word' id='word_1_829' title='bbox 3183 4611 3448 4688; x_wconf 80' lang='lat' dir='ltr'><strong>diductio,</strong></span> 
     </span>
    </p>
   </div>
   <div class='ocr_carea' id='block_1_107' title="bbox 1879 4708 3451 4796">
    <p class='ocr_par' dir='ltr' id='par_1_107' title="bbox 1879 4708 3451 4796">
     <span class='ocr_line' id='line_1_107' title="bbox 1879 4708 3451 4796; baseline -0.008 -14"><span class='ocrx_word' id='word_1_830' title='bbox 1879 4727 2242 4796; x_wconf 89' lang='lat' dir='ltr'><strong>dentiumque</strong></span> <span class='ocrx_word' id='word_1_831' title='bbox 2275 4731 2329 4779; x_wconf 85' lang='lat' dir='ltr'><strong>et</strong></span> <span class='ocrx_word' id='word_1_832' title='bbox 2349 4723 2694 4795; x_wconf 86' lang='lat' dir='ltr'><strong>gingivarum</strong></span> <span class='ocrx_word' id='word_1_833' title='bbox 2736 4729 2790 4774; x_wconf 89' lang='lat' dir='ltr'><strong>et</strong></span> <span class='ocrx_word' id='word_1_834' title='bbox 2831 4719 2994 4789; x_wconf 90' lang='lat' dir='ltr'><strong>palati</strong></span> <span class='ocrx_word' id='word_1_835' title='bbox 3022 4718 3252 4787; x_wconf 91' lang='lat' dir='ltr'><strong>apertio,</strong></span> <span class='ocrx_word' id='word_1_836' title='bbox 3293 4708 3451 4770; x_wconf 74' lang='lat' dir='ltr'><strong>colli-</strong></span> 
     </span>
    </p>
   </div>
   <div class='ocr_carea' id='block_1_108' title="bbox 1874 4805 3449 4883">
    <p class='ocr_par' dir='ltr' id='par_1_108' title="bbox 1874 4805 3449 4883">
     <span class='ocr_line' id='line_1_108' title="bbox 1874 4805 3449 4883; baseline -0.005 -17"><span class='ocrx_word' id='word_1_837' title='bbox 1874 4828 1982 4883; x_wconf 93' lang='lat' dir='ltr'><strong>que</strong></span> <span class='ocrx_word' id='word_1_838' title='bbox 2011 4812 2313 4875; x_wconf 89' lang='lat' dir='ltr'><strong>contorsio,</strong></span> <span class='ocrx_word' id='word_1_839' title='bbox 2362 4811 2623 4879; x_wconf 80' lang='lat' dir='ltr'><strong>vocisque</strong></span> <span class='ocrx_word' id='word_1_840' title='bbox 2655 4815 2852 4878; x_wconf 65' lang='lat' dir='ltr'><strong>praeter</strong></span> <span class='ocrx_word' id='word_1_841' title='bbox 2899 4808 3170 4862; x_wconf 79' lang='lat' dir='ltr'><strong>rationem</strong></span> <span class='ocrx_word' id='word_1_842' title='bbox 3231 4805 3449 4870; x_wconf 84' lang='lat' dir='ltr'><strong>l&#39;ractio,</strong></span> 
     </span>
    </p>
   </div>
   <div class='ocr_carea' id='block_1_109' title="bbox 1875 4899 3459 4974">
    <p class='ocr_par' dir='ltr' id='par_1_109' title="bbox 1875 4899 3459 4974">
     <span class='ocr_line' id='line_1_109' title="bbox 1875 4899 3459 4974; baseline -0.003 -16"><span class='ocrx_word' id='word_1_843' title='bbox 1875 4919 2002 4974; x_wconf 67' lang='lat' dir='ltr'><strong>qua:</strong></span> <span class='ocrx_word' id='word_1_844' title='bbox 2021 4903 2185 4958; x_wconf 90' lang='lat' dir='ltr'><strong>simul</strong></span> <span class='ocrx_word' id='word_1_845' title='bbox 2215 4918 2340 4957; x_wconf 91' lang='lat' dir='ltr'><strong>cum</strong></span> <span class='ocrx_word' id='word_1_846' title='bbox 2367 4902 2636 4956; x_wconf 80' lang='lat' dir='ltr'><strong>l&#39;ractione</strong></span> <span class='ocrx_word' id='word_1_847' title='bbox 2662 4899 2890 4970; x_wconf 85' lang='lat' dir='ltr'><strong>spiritus</strong></span> <span class='ocrx_word' id='word_1_848' title='bbox 2910 4900 3293 4961; x_wconf 86' lang='lat' dir='ltr'><strong>intersecatur,</strong></span> <span class='ocrx_word' id='word_1_849' title='bbox 3320 4899 3459 4968; x_wconf 66' lang='lat' dir='ltr'><strong>quid</strong></span> 
     </span>
    </p>
   </div>
   <div class='ocr_carea' id='block_1_110' title="bbox 1876 4990 3446 5064">
    <p class='ocr_par' dir='ltr' id='par_1_110' title="bbox 1876 4990 3446 5064">
     <span class='ocr_line' id='line_1_110' title="bbox 1876 4990 3446 5064; baseline -0.004 -15"><span class='ocrx_word' id='word_1_850' title='bbox 1876 4997 1980 5051; x_wconf 79' lang='lat' dir='ltr'><strong>hoc</strong></span> <span class='ocrx_word' id='word_1_851' title='bbox 2007 4995 2155 5049; x_wconf 90' lang='lat' dir='ltr'><strong>aliud</strong></span> <span class='ocrx_word' id='word_1_852' title='bbox 2181 4993 2342 5048; x_wconf 81' lang='lat' dir='ltr'><strong>fuerit</strong></span> <span class='ocrx_word' id='word_1_853' title='bbox 2367 5009 2530 5064; x_wconf 91' lang='lat' dir='ltr'><strong>quam</strong></span> <span class='ocrx_word' id='word_1_854' title='bbox 2551 4994 2791 5046; x_wconf 85' lang='lat' dir='ltr'><strong>amentia</strong></span> <span class='ocrx_word' id='word_1_855' title='bbox 2814 4991 2836 5045; x_wconf 89' lang='lat'><strong>?</strong></span> <span class='ocrx_word' id='word_1_856' title='bbox 2859 4990 2919 5044; x_wconf 90' lang='lat' dir='ltr'><strong>Et</strong></span> <span class='ocrx_word' id='word_1_857' title='bbox 2950 4990 3096 5054; x_wconf 88' lang='lat' dir='ltr'><strong>ideo,</strong></span> <span class='ocrx_word' id='word_1_858' title='bbox 3126 5008 3145 5042; x_wconf 82' lang='grc' dir='ltr'><strong>ι</strong></span> <span class='ocrx_word' id='word_1_859' title='bbox 3176 4990 3241 5044; x_wconf 85' lang='grc' dir='ltr'><strong>Ει</strong></span> <span class='ocrx_word' id='word_1_860' title='bbox 3262 4992 3396 5050; x_wconf 86' lang='lat' dir='ltr'><strong>dixi,</strong></span> <span class='ocrx_word' id='word_1_861' title='bbox 3427 5011 3446 5042; x_wconf 75' lang='grc' dir='ltr'><strong>ι</strong></span> 
     </span>
    </p>
   </div>
   <div class='ocr_carea' id='block_1_111' title="bbox 1876 5081 3453 5157">
    <p class='ocr_par' dir='ltr' id='par_1_111' title="bbox 1876 5081 3453 5157">
     <span class='ocr_line' id='line_1_111' title="bbox 1876 5081 3453 5157; baseline -0.004 -16"><span class='ocrx_word' id='word_1_862' title='bbox 1876 5089 2077 5157; x_wconf 90' lang='lat' dir='ltr'><strong>inquit,</strong></span> <span class='ocrx_word' id='word_1_863' title='bbox 2115 5104 2134 5137; x_wconf 79' lang='grc' dir='ltr'><strong>ι</strong></span> <span class='ocrx_word' id='word_1_864' title='bbox 2173 5085 2308 5139; x_wconf 89' lang='lat' dir='ltr'><strong>risui</strong></span> <span class='ocrx_word' id='word_1_865' title='bbox 2348 5084 2683 5139; x_wconf 89' lang='lat' dir='ltr'><strong>amentiam:</strong></span> <span class='ocrx_word' id='word_1_866' title='bbox 2735 5102 2753 5132; x_wconf 73' lang='grc' dir='ltr'><strong>ι</strong></span> <span class='ocrx_word' id='word_1_867' title='bbox 2796 5081 3020 5151; x_wconf 91' lang='lat' dir='ltr'><strong>perinde</strong></span> <span class='ocrx_word' id='word_1_868' title='bbox 3045 5096 3110 5137; x_wconf 86' lang='lat' dir='ltr'><strong>ac</strong></span> <span class='ocrx_word' id='word_1_869' title='bbox 3166 5083 3212 5137; x_wconf 88' lang='lat' dir='ltr'><strong>si</strong></span> <span class='ocrx_word' id='word_1_870' title='bbox 3243 5081 3453 5136; x_wconf 87' lang='lat' dir='ltr'><strong>diceret</strong></span> 
     </span>
    </p>
   </div>
   <div class='ocr_carea' id='block_1_112' title="bbox 1878 5174 3458 5243">
    <p class='ocr_par' dir='ltr' id='par_1_112' title="bbox 1878 5174 3458 5243">
     <span class='ocr_line' id='line_1_112' title="bbox 1878 5174 3458 5243; baseline -0.003 -11"><span class='ocrx_word' id='word_1_871' title='bbox 1878 5181 2032 5242; x_wconf 78' lang='lat' dir='ltr'><strong>risui,</strong></span> <span class='ocrx_word' id='word_1_872' title='bbox 2066 5181 2304 5236; x_wconf 76' lang='lat' dir='ltr'><strong>insanus</strong></span> <span class='ocrx_word' id='word_1_873' title='bbox 2329 5191 2402 5232; x_wconf 78' lang='lat' dir='ltr'><strong>es.</strong></span> <span class='ocrx_word' id='word_1_874' title='bbox 2432 5184 2488 5230; x_wconf 87' lang='lat' dir='ltr'><strong>et</strong></span> <span class='ocrx_word' id='word_1_875' title='bbox 2525 5185 2720 5229; x_wconf 65' lang='lat' dir='ltr'><strong>emota:</strong></span> <span class='ocrx_word' id='word_1_876' title='bbox 2751 5174 2973 5237; x_wconf 87' lang='lat' dir='ltr'><strong>mentis,</strong></span> <span class='ocrx_word' id='word_1_877' title='bbox 3026 5188 3205 5243; x_wconf 87' lang='lat' dir='ltr'><strong>neque</strong></span> <span class='ocrx_word' id='word_1_878' title='bbox 3262 5188 3458 5228; x_wconf 88' lang='lat' dir='ltr'><strong>manes-</strong></span> 
     </span>
    </p>
   </div>
   <div class='ocr_carea' id='block_1_113' title="bbox 1876 5265 3462 5334">
    <p class='ocr_par' dir='ltr' id='par_1_113' title="bbox 1876 5265 3462 5334">
     <span class='ocr_line' id='line_1_113' title="bbox 1876 5265 3462 5334; baseline -0.003 -11"><span class='ocrx_word' id='word_1_879' title='bbox 1876 5271 2022 5324; x_wconf 86' lang='lat' dir='ltr'><strong>intra</strong></span> <span class='ocrx_word' id='word_1_880' title='bbox 2057 5269 2381 5323; x_wconf 72' lang='lat' dir='ltr'><strong>constantia:</strong></span> <span class='ocrx_word' id='word_1_881' title='bbox 2426 5265 2584 5331; x_wconf 76' lang='lat' dir='ltr'><strong>flues,</strong></span> <span class='ocrx_word' id='word_1_882' title='bbox 2623 5275 2682 5318; x_wconf 91' lang='lat' dir='ltr'><strong>ut</strong></span> <span class='ocrx_word' id='word_1_883' title='bbox 2725 5267 2817 5334; x_wconf 87' lang='lat' dir='ltr'><strong>qui</strong></span> <span class='ocrx_word' id='word_1_884' title='bbox 2873 5273 3069 5333; x_wconf 89' lang='lat' dir='ltr'><strong>sponte</strong></span> <span class='ocrx_word' id='word_1_885' title='bbox 3111 5265 3370 5320; x_wconf 90' lang='lat' dir='ltr'><strong>indecore</strong></span> <span class='ocrx_word' id='word_1_886' title='bbox 3403 5275 3462 5319; x_wconf 81' lang='lat' dir='ltr'><strong>te</strong></span> 
     </span>
    </p>
   </div>
   <div class='ocr_carea' id='block_1_114' title="bbox 1874 5355 3457 5432">
    <p class='ocr_par' dir='ltr' id='par_1_114' title="bbox 1874 5355 3457 5432">
     <span class='ocr_line' id='line_1_114' title="bbox 1874 5355 3457 5432; baseline -0.004 -17"><span class='ocrx_word' id='word_1_887' title='bbox 1874 5376 2056 5432; x_wconf 83' lang='lat' dir='ltr'><strong>geras,</strong></span> <span class='ocrx_word' id='word_1_888' title='bbox 2085 5369 2138 5416; x_wconf 90' lang='lat' dir='ltr'><strong>et</strong></span> <span class='ocrx_word' id='word_1_889' title='bbox 2169 5361 2228 5414; x_wconf 83' lang='lat' dir='ltr'><strong>in</strong></span> <span class='ocrx_word' id='word_1_890' title='bbox 2260 5368 2410 5412; x_wconf 90' lang='lat' dir='ltr'><strong>motu</strong></span> <span class='ocrx_word' id='word_1_891' title='bbox 2447 5355 2616 5410; x_wconf 89' lang='lat' dir='ltr'><strong>animi</strong></span> <span class='ocrx_word' id='word_1_892' title='bbox 2663 5355 2896 5408; x_wconf 81' lang='lat' dir='ltr'><strong>formam</strong></span> <span class='ocrx_word' id='word_1_893' title='bbox 2928 5365 3231 5424; x_wconf 89' lang='lat' dir='ltr'><strong>pervertas.</strong></span> <span class='ocrx_word' id='word_1_894' title='bbox 3287 5355 3457 5423; x_wconf 76' lang='lat' dir='ltr'><strong>idque</strong></span> 
     </span>
    </p>
   </div>
   <div class='ocr_carea' id='block_1_115' title="bbox 1875 5447 3456 5526">
    <p class='ocr_par' dir='ltr' id='par_1_115' title="bbox 1875 5447 3456 5526">
     <span class='ocr_line' id='line_1_115' title="bbox 1875 5447 3456 5526; baseline -0.006 -17"><span class='ocrx_word' id='word_1_895' title='bbox 1875 5463 2094 5526; x_wconf 84' lang='lat' dir='ltr'><strong>propter</strong></span> <span class='ocrx_word' id='word_1_896' title='bbox 2121 5453 2327 5508; x_wconf 88' lang='lat' dir='ltr'><strong>nullam</strong></span> <span class='ocrx_word' id='word_1_897' title='bbox 2356 5451 2673 5507; x_wconf 85' lang='lat' dir='ltr'><strong>utilitatem.</strong></span> <span class='ocrx_word' id='word_1_898' title='bbox 2704 5467 2728 5499; x_wconf 69' lang='grc' dir='ltr'><strong>ιτ</strong></span> <span class='ocrx_word' id='word_1_899' title='bbox 2753 5447 2874 5502; x_wconf 82' lang='lat' dir='ltr'><strong>Dixi</strong></span> <span class='ocrx_word' id='word_1_900' title='bbox 2895 5449 3058 5504; x_wconf 85' lang='lat' dir='ltr'><strong>etiam</strong></span> <span class='ocrx_word' id='word_1_901' title='bbox 3081 5447 3279 5502; x_wconf 61' lang='lat' dir='ltr'><strong>laetitia:</strong></span> <span class='ocrx_word' id='word_1_902' title='bbox 3303 5465 3316 5500; x_wconf 91' lang='lat'><strong>:</strong></span> <span class='ocrx_word' id='word_1_903' title='bbox 3341 5447 3456 5501; x_wconf 82' lang='lat' dir='ltr'><strong>Cur</strong></span> 
     </span>
    </p>
   </div>
   <div class='ocr_carea' id='block_1_116' title="bbox 1871 5535 3456 5610">
    <p class='ocr_par' dir='ltr' id='par_1_116' title="bbox 1871 5535 3456 5610">
     <span class='ocr_line' id='line_1_116' title="bbox 1871 5535 3456 5610; baseline -0.004 -12"><span class='ocrx_word' id='word_1_904' title='bbox 1871 5545 1975 5599; x_wconf 88' lang='lat' dir='ltr'><strong>hoc</strong></span> <span class='ocrx_word' id='word_1_905' title='bbox 2001 5544 2138 5598; x_wconf 81' lang='lat' dir='ltr'><strong>lacis</strong></span> <span class='ocrx_word' id='word_1_906' title='bbox 2158 5544 2194 5599; x_wconf 66' lang='grc' dir='ltr'><strong>ἲ,</strong></span> <span class='ocrx_word' id='word_1_907' title='bbox 2217 5561 2234 5594; x_wconf 79' lang='grc' dir='ltr'><strong>ι</strong></span> <span class='ocrx_word' id='word_1_908' title='bbox 2273 5539 2428 5607; x_wconf 74' lang='lat' dir='ltr'><strong>Quod</strong></span> <span class='ocrx_word' id='word_1_909' title='bbox 2447 5538 2675 5610; x_wconf 87' lang='lat' dir='ltr'><strong>perinde</strong></span> <span class='ocrx_word' id='word_1_910' title='bbox 2705 5547 2791 5594; x_wconf 91' lang='lat' dir='ltr'><strong>est</strong></span> <span class='ocrx_word' id='word_1_911' title='bbox 2817 5554 2880 5593; x_wconf 86' lang='lat' dir='ltr'><strong>ac</strong></span> <span class='ocrx_word' id='word_1_912' title='bbox 2906 5539 2951 5594; x_wconf 89' lang='lat' dir='ltr'><strong>si</strong></span> <span class='ocrx_word' id='word_1_913' title='bbox 2980 5535 3456 5609; x_wconf 77' lang='lat' dir='ltr'><strong>dicas,Vo|uptati</strong></span> 
     </span>
    </p>
   </div>
  </div>
