3870 6220
438 299 540 354 647

1666 299 1726 352 S.
1768 296 2101 353 GREGORII
2141 295 2431 354 NYSFE‘NI

3593 295 3698 355 ϐψθ

438 415 636 474 restiti.
677 424 987 483 suspectam
1025 416 1233 472 habens
1258 417 1378 486 ejus
1405 416 2018 487 appropinquationem,

2124 417 2296 489 αὐτῆς
2319 419 2414 472 τὸν
2449 415 2876 487 προσεγγισμδν,
2930 415 3092 468 οἱονεὶ
3137 413 3369 468 κλέπτου
3412 414 3562 477 τινὸς
3601 415 3693 470 λάε

437 505 667 577 perinde
697 515 861 576 atque
900 509 944 561 si
975 507 1062 562 l'ur
1099 509 1373 578 quispiam
1409 509 1724 563 clanculum
1765 509 2018 578 ingrede-

438 605 593 652 retur
614 600 809 653 animae
838 602 1162 669 penetralia.
1200 602 1489 672 Nunquam
1518 601 1742 672 permisi
1785 612 1845 655 ut
1866 617 1927 655 ea
1960 602 2015 656 in

437 700 675 744 mentem
709 691 1048 746 dominatum
1083 693 1378 748 obtineret.
1420 691 1477 747 Si
1523 693 1672 748 enim
1705 694 1881 748 solum
1917 709 2014 747 co-

439 783 751 850 gnovissem
791 784 1149 852 voluptatem,
1175 795 1437 855 tanquam
1483 784 1651 840 feram
1685 785 1924 854 aliquam
1950 787 2016 838 ad

437 887 592 925 meos
621 887 820 928 sensus
858 873 1142 942 adrepere,
1171 873 1220 927 ei
1269 874 1451 928 statim
1490 873 1809 928 resistebam
1843 882 1896 926 et
1923 873 2017 926 ad-

437 963 724 1026 versabar,
763 964 954 1018 dicens
985 965 1111 1017 huic
1133 964 1316 1019 servili
1344 973 1399 1019 et
1422 964 1650 1019 rationis
1674 963 1885 1034 experti
1926 963 2018 1017 la:-

440 1056 576 1109 titiae
603 1075 616 1109 :
644 1056 785 1121 Quid
811 1055 984 1111 facis?
1006 1056 1134 1126 quid
1165 1064 1374 1111 naturaI
1395 1057 1655 1112 virtutem
1691 1056 2017 1112 ell‘eminas?

437 1161 540 1200 cur
565 1148 731 1200 animi
753 1149 920 1201 robur
954 1149 1169 1204 emollis
1186 1149 1211 1201 ?
1238 1164 1337 1202 cur
1360 1150 1555 1203 animm.
1581 1151 1725 1204 vires
1750 1151 2018 1204 enervas?

441 1253 540 1290 cur
569 1237 731 1294 all'ers
768 1239 1046 1294 interitum
1088 1241 1336 1295 rationi?
1368 1257 1470 1295 cur
1507 1255 1768 1311 purarum
1803 1242 2015 1311 cogita-

444 1327 654 1379 tionum
703 1331 1016 1384 serenitatis
1063 1332 1284 1399 puritati
1331 1331 1567 1402 caligine
1617 1340 1710 1386 tua
1767 1333 2016 1388 immittis

440 1419 739 1471 tenebras?

518 1509 652 1562 Cum
678 1510 811 1567 haec.
843 1510 1040 1580 inquit,
1065 1519 1116 1564 et
1145 1528 1266 1580 qua:
1291 1522 1420 1566 sunt
1446 1512 1714 1582 ejusmodi
1742 1513 2016 1578 fecissem,

448 1621 468 1652 ε
489 1602 842 1656 Consideravi
873 1617 941 1655 an
971 1618 1068 1656 cor
1100 1619 1522 1658 meum'carnem
1552 1621 1729 1659 meam
1759 1615 2018 1677 tanquam

446 1696 636 1747 vinum
693 1694 998 1749 traheret.)
1061 1694 1176 1748 lloc
1231 1704 1333 1761 est,
1389 1698 1844 1766 quemadmodum
1885 1714 2017 1753 cura

438 1801 632 1840 eorum
659 1801 781 1855 quae
807 1787 1009 1841 cadunt
1033 1788 1134 1842 sub
1163 1787 1601 1858 intelligentiam,
1627 1791 1869 1845 motibus
1897 1806 2022 1845 car-

445 1879 532 1932 nis
569 1887 715 1932 esset
745 1880 1036 1947 potentior.
1071 1888 1126 1932 ut
1157 1890 1352 1934 natura
1387 1896 1415 1934 a
1443 1883 1620 1950 seipsa
1651 1898 1758 1937 non
1789 1883 2021 1939 disside-

443 1974 547 2031 ret,
580 1982 704 2020 cum
729 1968 832 2021 alia
860 1969 1079 2037 quidem
1106 1985 1261 2025 mens
1295 1980 1593 2040 appeteret,
1621 1974 1685 2027 ad
1711 1975 1814 2028 alia
1840 1985 2018 2030 autem

439 2073 574 2112 caro
615 2058 890 2113 traheret:
947 2061 1040 2113 sed
1072 2068 1130 2111 ut
1167 2061 1524 2132 intelligentia
1563 2067 1799 2134 praeditae
1825 2068 2021 2121 animat

447 2159 648 2227 nostrze
697 2152 837 2219 parti
875 2151 1218 2206 obedientem
1264 2163 1318 2208 et
1369 2156 1715 2227 subjugatam
1770 2159 2021 2214 redderet

443 2225 633 2295 Carnis
667 2251 867 2296 nostra:
897 2243 1176 2311 spiritum,
1211 2259 1276 2298 eo
1303 2248 1444 2314 quod
1466 2257 1549 2302 est
1580 2249 1760 2304 minus
1790 2259 2021 2306 attracto

444 2342 502 2387 et
552 2335 810 2388 devorato
859 2336 913 2390 in
965 2351 1032 2390 eo
1064 2337 1208 2406 quod
1258 2339 1498 2392 abundat
1538 2356 1552 2392 :
1600 2344 1876 2410 quomodo
1917 2360 2018 2398 usu

447 2426 594 2479 venit
631 2426 684 2479 in
726 2427 794 2480 iis
827 2427 918 2493 qui
953 2428 1164 2481 sitiunt.
1196 2428 1310 2484 Non
1352 2431 1495 2484 enim
1537 2433 1720 2486 vinum
1756 2445 1935 2488 manet
1966 2436 2018 2489 in

446 2520 640 2580 calice,
689 2521 732 2575 si
776 2521 979 2574 sitienti
1018 2522 1099 2573 ori
1130 2521 1406 2575 admotum
1439 2523 1624 2585 fuerit,
1661 2525 1752 2578 sed
1784 2525 2024 2579 traduci-

447 2616 540 2664 tur
572 2612 636 2665 ad
663 2626 788 2664 eum
817 2612 907 2681 qui
933 2612 1090 2674 bibit,
1111 2621 1164 2666 et
1194 2614 1542 2682 perspicuum
1571 2624 1656 2670 est
1685 2616 1735 2670 id
1755 2631 1944 2688 magna
1969 2620 2021 2672 vi

450 2702 784 2758 intrinsecus
843 2705 1063 2757 attrahi.
1117 2705 1271 2770 Quod
1318 2721 1440 2758 cum
1476 2705 1678 2761 factum
1725 2707 1847 2773 l'uil,
1880 2711 2020 2765 citra

445 2809 688 2849 errorem
721 2805 776 2850 et
807 2796 976 2849 ullum
1028 2797 1497 2866 impedimentum,
1549 2801 1758 2854 munita
1794 2800 1896 2855 l'uit
1935 2805 2023 2856 via

449 2886 516 2939 ad
554 2885 837 2941 scientiam
879 2901 1066 2941 eorum
1108 2904 1227 2957 qum
1279 2899 1431 2943 sunt.
1473 2890 1618 2943 «Cor
1650 2908 1900 2954 meum,»
1941 2894 2022 2947 in-

443 2977 584 3046 quit.
618 2996 636 3027 ι
657 2977 880 3032 deduxit
908 2994 992 3031 me
1027 2981 1077 3032 in
1109 2980 1433 3048 sapientia,»
1469 2998 1566 3051 per
1590 2998 1752 3051 quam
1784 2984 2021 3040 insultus

2119 511 2322 580 θραίως
2351 509 2503 572 ἐντὸς
2528 505 2940 578 παραδυομένου
2967 505 3074 558 τῶν
3097 506 3195 576 τῆς
3215 505 3398 576 ,ψυχῆς
3429 506 3692 575 ταμιείων.

2119 603 2230 653 Οὐκ
2254 601 2444 668 ἀφῆκά
2477 617 2605 652 ποτε
2657 598 3073 669 κατακρατῆσαι
3097 597 3196 665 τῆς
3222 597 3467 660 διανοίας
3503 598 3692 669 αὐτήν.

2120 694 2179 745 ΕΞ
2207 693 2316 761 γὰρ
2350 693 2522 759 ἔγνων
2561 691 2720 760 μόνον
2765 692 2863 758 τὴν
2891 689 3082 760 ἡδονὴν
3127 685 3240 743 οἷόν
3269 706 3322 740 τι
3367 689 3560 760 θηρίον
3599 690 3695 752 τὰς

2117 785 2399 854 αἰσθήσεις
2433 801 2533 854 μου
2559 782 2985 852 περιέρπουσαν,
3015 781 3180 842 εὐθὺς
3209 780 3599 850 άντεμαχόμην
3629 779 3700 832 τά

2118 877 2254 946 πρὸς
2283 877 2451 944 αὐτὴν
2495 877 2589 929 καὶ¹
2622 875 2958 933 ἀντέϐαινον,
2987 871 3048 926 Τί
3073 873 3248 928 ταῦτα
3282 876 3486 937 ποιείς;
3523 874 3700 941 λέγων

2118 967 2252 1036 πρὸς
2268 967 2366 1037 τὴν
2386 965 2764 1038 ἀνδραποδώδη
2789 965 2990 1035 ταύτην
3005 965 3100 1017 καὶ
3113 964 3306 1032 ἄλογον
3327 964 3665 1034 εὐφροσύνην
3680 981 3696 994 ο

2116 1061 2169 1113 τί
2207 1059 2520 1130 ὲκθηλύνεις
2551 1059 2612 1112 τὸ
2639 1059 2905 1130 ἀνδρῶδες
2931 1059 3030 1128 τῆς
3078 1058 3291 1125 φύσεως
3316 1073 3330 1121 ;
3360 1057 3415 1110 τί
3445 1075 3701 1126 καταμαο

2117 1151 2338 1213 λάσσεις
2372 1151 2471 1220 τῆς
2503 1151 2741 1212 διανοίας
2769 1149 2830 1202 τὸ
2860 1149 3138 1213 σύντονονς
3167 1149 3220 1201 τί
3241 1147 3574 1218 ὲκνευρίζεις
3606 1148 3701 1200 τὸν

2116 1243 2217 1313 τῆς
2251 1244 2428 1314 ψυχῆς
2468 1243 2654 1306 τόνον;
2688 1243 2742 1294 τί
2788 1241 3112 1311 διαλυμαίνῃ
3149 1243 3263 1302 τοῖς
3290 1240 3608 1310 λογισμοίςς
3645 1239 3702 1291 τί

2121 1355 2214 1407 μοι
2244 1337 2304 1390 τὸ
2338 1337 2578 1408 καθαρὸν
2607 1337 2706 1404 τῆς
2736 1336 2844 1388 τῶν
2873 1334 3129 1406 καθαρῶν
3157 1334 3445 1404 νοημάτων
3475 1333 3703 1404 αἰθρίας

2118 1428 2184 1496 τῇ
2222 1426 2352 1494 παρ’
2379 1427 2578 1495 ἑαυτῆς
2607 1425 2808 1497 ὁμίχλῃ
2843 1424 3005 1492 ζόφον
3035 1425 3319 1492 suarm-ds;

2189 1516 2394 1575 Ταῦτα,
2429 1517 2582 1586 φησὶ,
2615 1518 2708 1570 καὶ
2740 1515 2965 1569 τοιαῦτα
2993 1517 3246 1587 ποιήσας,
3277 1535 3294 1567 ι
3343 1513 3704 1584 Ἰίέσκεψάμην

2120 1609 2168 1660 εί
2197 1609 2230 1676 ὴ
2270 1606 2468 1677 καρδία
2500 1624 2602 1676 μου
2638 1605 2855 1659 ἑλκύσει
2888 1607 2964 1668 ὼς
2991 1601 3134 1658 οἶνον
3166 1605 3268 1676 τὴν
3297 1604 3476 1674 σάρκα
3507 1621 3634 1674 μου.
3677 1623 3698 1655 ι

2121 1697 2408 1750 Τουτὲστιν
2427 1737 2441 1758 ,
2472 1699 2620 1760 ὅπως
2655 1696 3087 1768 ὲπικρατεστέρα
3116 1696 3326 1764 γένοιτο
3356 1697 3388 1767 ή
3419 1697 3529 1749 τῶν
3566 1713 3703 1766 νοη-

2120 1791 2228 1844 τῶν
2256 1790 2544 1861 ἐπιμέλεια
2583 1789 2691 1843 τῶν
2718 1790 2818 1860 τῆς
2849 1789 3050 1859 σαρκὸς
3075 1787 3410 1858 κινημάτων,
3441 1787 3583 1841 ὥστε
3619 1787 3706 1858 μὴ

2123 1881 2430 1946 στασιάζειν
2474 1881 2612 1952 πρὸς
2658 1882 2857 1952 ἑαυτὴν
2904 1881 3006 1951 τῆν
3049 1881 3248 1949 φύσιν·
3281 1880 3415 1935 ἀλλα
3451 1880 3552 1950 μὲν
3595 1881 3706 1949 τῆς

2119 1974 2356 2037 διανοίας
2393 1974 2838 2045 προαιρουμένης
2859 2014 2872 2037 ,
2920 1973 3056 2043 πρὸς
3084 1974 3246 2041 ἔτερα
3277 1973 3332 2025 δὲ
3365 1971 3467 2040 τῆς
3494 1971 3706 2042 σαρκὸς

2120 2064 2474 2137 ὲφελκούσηςυ
2503 2066 2615 2116 ἀλλ’
2639 2065 2713 2128 ὼς
2736 2065 3063 2128 καταπειθὲς
3085 2065 3178 2117 καὶ
3203 2065 3512 2135 ὑποχείριον
3536 2063 3700 2132 ποιῆ-

2123 2173 2212 2210 σαι
2251 2157 2328 2226 τῷ
2354 2155 2530 2226 νοητῷ
2569 2159 2667 2225 τῆς
2694 2155 2871 2226 ψυχῆς
2910 2157 3065 2228 μέρει
3094 2157 3156 2209 τὸ
3179 2156 3279 2224 τῆς
3305 2156 3508 2226 σαρκὸς
3541 2155 3704 2224 ἡμῶν

2122 2250 2380 2319 φρόνημα
2401 2289 2416 2312 ,
2451 2247 2804 2311 έλκυσθέντος
2849 2250 2942 2302 καὶ
2977 2249 3378 2311 καταποθέντος
3415 2247 3511 2300 τοῦ
3541 2248 3702 2300 ἐλατ-

2119 2341 2383 2410 τουμένου
2414 2343 2470 2394 ὲν
2504 2339 2581 2409 τῷ
2608 2340 2987 2404 πλεονάζοντι,
3027 2341 3086 2392 ὃν
3126 2341 3323 2410 τρόπον
3359 2341 3454 2392 ἐπὶ
3482 2339 3595 2392 τῶν
3622 2339 3703 2390 διο

2119 2432 2341 2500 ψὼντων
2374 2433 2601 2499 γίνεται.
2637 2433 2713 2484 Οὐ
2751 2433 2859 2502 γάρ
2892 2432 3216 2502 ἐναπομένει
3255 2434 3284 2485 ό
3322 2427 3466 2493 οἶνος
3497 2433 3566 2501 τῇ
3599 2429 3702 2482 κὺ-

2120 2525 2252 2586 λικι,
2278 2523 2391 2590 είγε
2419 2523 2496 2593 τῷ
2523 2522 2744 2591 διψῶντι
2777 2524 3005 2591 στόματι
3033 2522 3365 2594 προσαχθείη
3389 2561 3403 2578 .
3437 2521 3578 2574 ἀλλὰ
3607 2537 3699 2590 μευ

2123 2613 2370 2666 θίσταται
2409 2615 2544 2682 πρὸς
2590 2613 2680 2665 τὸν
2728 2614 2986 2675 πίνοντα,
3032 2615 3128 2666 καὶ
3169 2613 3436 2685 διαφανὴς
3484 2614 3694 2681 γίνεται

2125 2703 2264 2773 μετά
2306 2702 2542 2772 σπουδῆς
2579 2703 2673 2754 ἐπὶ
2721 2703 2782 2755 τὸ
2818 2703 2968 2766 ἐντὸς
3013 2702 3406 2772 εἰσελκὸμενος.
3441 2696 3518 2755 Οὗ
3555 2720 3699 2770 γενο-

2125 2794 2310 2863 μένου,
2340 2791 2588 2862 ἀπλανής
2619 2809 2709 2862 μοι
2737 2794 2830 2846 καὶ
2861 2792 3250 2862 ἀνεμπόδιστος
3277 2792 3497 2861 ἐγένετο
3527 2796 3562 2864 ἠ
3586 2795 3699 2865 ὁδη-

2122 2886 2213 2953 γία
2279 2887 2414 2956 πρὸς
2453 2887 2551 2956 τῆν
2592 2887 2904 2956 ἐπιστήμην
2935 2888 3044 2940 τῶν
3089 2887 3277 2940 ὄντων.
3319 2907 3338 2940 ε
3393 2888 3458 2942 Ἠ
3500 2888 3698 2958 καρδία

2128 2993 2250 3046 μου,
2295 2999 2311 3027 ο
2359 2979 2543 3045 φησιν,
2589 2997 2605 3028 ι
2643 2977 2894 3049 ὼδήγησέ
2928 2996 2995 3047 με
3025 2981 3084 3032 ὲν
3123 2978 3314 3048 σοφίᾳ,
3357 2997 3376 3032 ι
3411 2979 3478 3032 δι’
3509 2975 3583 3050 ἧς
3611 2998 3700 3033 κα-

449 3067 787 3135 voluptatum
822 3069 1080 3136 repressi,
1113 3079 1276 3139 atque
1307 3071 1583 3125 institutio
1616 3072 1716 3126 l'uit
1745 3075 1798 3128 in
1828 3089 2017 3138 causa,

2124 3068 2432 3138 τεκράτησα
2454 3069 2551 3139 τῆς
2573 3071 2989 3132 ἐπαναστάσεως
3015 3071 3125 3123 τῶν
3145 3070 3368 3139 ἡδονῶν,
3392 3071 3490 3124 καὶ
3510 3070 3699 3139 γέγονέ

443 3161 512 3207 ut
566 3155 906 3208 dominatum
965 3157 1016 3209 in
1077 3159 1316 3213 laetitiam
1367 3161 1692 3218 obtinerem.
1733 3163 1824 3218 Sic
1874 3167 2017 3219 enim

443 3242 711 3298 dictionis
738 3245 982 3298 continet
1016 3250 1428 3316 consequentia.
1477 3249 1529 3303 ld
1560 3261 1740 3306 autem
1775 3253 1935 3322 cujus
1967 3254 2019 3308 in

452 3335 763 3404 cognitione
791 3328 1025 3390 maximo
1050 3339 1334 3392 tenebatur
1354 3341 1556 3405 studio,
1579 3352 1696 3396 erat
1717 3354 1775 3397 ut
1799 3344 1851 3398 in
1874 3347 2021 3401 nulla

451 3441 514 3481 re
542 3441 679 3481 vana
734 3428 844 3481 vita
883 3438 1028 3482 esset
1074 3440 1364 3500 occupata,
1421 3433 1515 3486 sed
1571 3433 1838 3490 inveniret
1891 3437 2022 3490 illud

451 3517 679 3578 bonum,
728 3516 872 3584 quod
926 3531 1049 3570 cum
1105 3519 1376 3588 quispiam
1431 3531 1515 3576 est
1554 3535 1858 3587 assecutus,
1915 3541 2020 3580 non

447 3608 671 3662 aberrat
709 3621 738 3660 a
775 3607 983 3676 judicio
1033 3609 1153 3678 ejus
1192 3613 1336 3680 quod
1377 3622 1462 3667 est
1483 3615 1844 3679 conducibile,
1876 3618 2022 3685 quod

447 3708 538 3752 est
586 3707 904 3767 perpetuum
957 3710 1154 3766 etnon
1207 3704 1619 3772 temporarium,
1659 3715 1714 3760 et
1763 3708 1818 3761 in
1855 3709 2020 3761 vitam

452 3789 766 3845 universam
798 3792 1128 3855 extenditur,
1169 3802 1230 3847 ut
1255 3797 1398 3865 quod
1450 3799 1514 3851 ad
1549 3799 1752 3853 bonum
1783 3801 1855 3855 sit
1899 3816 2024 3871 spes

455 3881 604 3934 omni
634 3883 804 3941 aetati.
831 3891 885 3937 et
916 3885 1104 3951 primae
1135 3895 1189 3939 et
1220 3887 1429 3948 mediaz,
1462 3897 1515 3943 et
1547 3891 1765 3955 ultimae,
1798 3902 1851 3947 et
1874 3895 2024 3947 omni

455 3983 684 4023 numero
738 3969 973 4023 dierum.
1019 3989 1037 4020 ι
1064 3971 1300 4037 Donec,»
1341 3975 1536 4044 inquit,
1579 3979 1804 4032 «videro
1865 3982 2026 4048 quale

451 4058 525 4112 sit
560 4059 760 4112 bonum
807 4059 935 4113 liliis
975 4061 1281 4126 hominum,
1328 4067 1472 4134 quod
1506 4067 1705 4122 facient
1739 4071 1842 4124 sub
1887 4072 2021 4128 sole.

454 4151 922 4207 numero'dierum
955 4152 1080 4208 vita:
1111 4170 1242 4208 sua.
1270 4173 1288 4205 ι
1326 4154 1399 4208 Ea
1430 4158 1572 4212 enim
1616 4160 1668 4212 in
1697 4161 1896 4229 quibus
1933 4179 2024 4229 per

455 4256 672 4295 carnem
708 4243 946 4297 studium
983 4247 1262 4315 ponimus,
1293 4248 1504 4303 etiamsi
1537 4253 1771 4306 maxime
1801 4268 2022 4308 sensum

2126 3177 2215 3229 μοι
2248 3163 2279 3230 ὴ
2322 3161 2602 3225 παίδευσις
2631 3163 2778 3215 αίτία
2811 3163 2905 3216 τοῦ
2941 3164 3214 3236 κρατῆσαι
3248 3165 3696 3234 ἐπὶ-εὐφροσύνῃ.

2119 3252 2276 3306 Οὕτω
2310 3254 2418 3322 γὰρ
2450 3256 2694 3325 περιέχει
2728 3257 2761 3325 ἡ
2808 3256 3099 3309 ἀκολουθία
3140 3256 3240 3325 τῆς
3277 3256 3497 3320 λέξεως.
3539 3257 3619 3309 Τὸ
3650 3256 3700 3309 δέ

2127 3359 2213 3411 μοι
2244 3344 2474 3412 μάλιστα
2503 3346 2642 3397 κατά
2681 3347 2779 3415 τὴν
2816 3347 3016 3413 γνῶσιν
3061 3347 3496 3416 σπουδαζόμενον
3526 3343 3620 3418 ἦν,
3649 3347 3703 3398 τὸ

2123 3434 2214 3484 ἐπὶ
2251 3435 2440 3504 μηδενὶ
2469 3437 2684 3506 ματαίῳ
2713 3437 2812 3506 τὴν
2846 3437 2990 3508 ζωὴν
3028 3438 3347 3508 άσχολῆσαι.
3380 3439 3498 3492 ἀλλ’
3526 3441 3703 3509 εὑρεῖν

2123 3517 2298 3578 ἐκεῖνο
2335 3527 2394 3578 τὸ
2433 3527 2668 3594 ἀγαθὸν,
2712 3522 2773 3580 οὗ
2818 3545 2902 3591 τις
2941 3528 3214 3598 ἐπιτυχὼν
3256 3531 3353 3599 οὐχ
3397 3531 3703 3602 ἁμαρτάνει

2123 3614 2224 3682 τῆς
2245 3613 2337 3666 τοῦ
2377 3616 2754 3690 συμφέροντος
2785 3618 3040 3688 κρίσεως,
3073 3619 3350 3690 ὃδιαρκές
3377 3621 3439 3672 τὲ
3468 3623 3584 3673 ἐστι
3613 3621 3705 3673 καὶ

2123 3708 2184 3758 οὔ
2221 3708 2574 3779 πρόσκαιρον,
2607 3711 2700 3761 καὶ
2733 3711 2880 3781 πάσῃ
2909 3714 2974 3780 τῇ
3009 3711 3120 3781 ζωῇ
3163 3713 3575 3781 παρατείνεται,
3613 3715 3703 3766 ἐλο

2125 3798 2218 3859 πὶς
2253 3801 2332 3860 εἰς
2366 3799 2568 3866 ἀγαθὸν
2619 3801 2765 3871 πάσῃ
2797 3800 2985 3871 ἡλικίᾳ
3037 3803 3338 3871 γινόμενον,
3371 3805 3466 3856 καὶ
3507 3806 3705 3875 πρώτῃ

2126 3892 2220 3944 καὶ
2253 3892 2391 3962 μέσῃ
2416 3933 2430 3953 ,
2461 3893 2554 3945 καὶ
2576 3893 2881 3963 τελευταίᾳ,
2913 3895 3005 3946 καὶ
3037 3896 3198 3948 παντὶ
3227 3895 3304 3965 τῷ
3333 3896 3445 3948 τῶν
3473 3898 3701 3969 ἡμερῶν

2125 3983 2365 4054 ἀριθμῷ.
2406 4004 2424 4035 ‹
2461 3986 2604 4048 Ἕως
2642 3979 2702 4039 οὗ
2731 3986 2840 4057 γάρ
2871 3986 2984 4048 ἴδω,
3016 3989 3170 4056 φησὶ,
3220 3991 3372 4041 ποῖον
3412 3989 3474 4042 τὸ
3501 3990 3707 4056 ἀγαθδν

2124 4079 2236 4137 τοῖς
2263 4077 2397 4139 υἱοῖς
2419 4076 2527 4128 τῶν
2546 4077 2867 4146 ἀνθρώπων,
2895 4077 2923 4129 ὃ
2953 4079 3264 4148 ποιήσουσιν
3285 4079 3392 4132 ὑπὸ
3418 4080 3510 4132 τὸν
3530 4081 3706 4150 ῆλιον,

2127 4165 2360 4235 ἀριθμὸν
2392 4167 2614 4236 ἡμερῶν
2655 4168 2798 4237 ζωῆς
2835 4169 3030 4222 αὐτῶν.
3073 4189 3090 4220 ι
3130 4170 3210 4222 Τά
3245 4171 3353 4239 γὰρ
3385 4171 3472 4223 διὰ
3499 4171 3709 4242 σαρκὸς

2128 4256 2578 4326 σπουδαζόμενα,
2630 4258 2733 4311 κᾶν
2766 4259 2845 4311 ὅτι
2881 4259 3116 4329 μάλιστα
3153 4261 3287 4332 πρὸς
3313 4262 3375 4314 τὸ
3419 4262 3596 4332 παρὸν
3623 4262 3709 4314 δε-

455 4333 705 4386 inescant
737 4335 790 4388 in
817 4339 1128 4404 praesentia,
1158 4339 1357 4394 habent
1381 4341 1434 4394 in
1463 4352 1740 4396 momento
1759 4344 1904 4412 quod
1926 4360 2020 4398 nos

2127 4349 2295 4421 λεάζῃ
2318 4351 2416 4420 τὴν
2449 4351 2723 4421 αἴσθησιν,
2758 4353 2814 4403 ὲν
2843 4352 3043 4423 ἀκαρεῖ
3059 4354 3117 4405 τὸ
3145 4355 3434 4424 εὐφραῖνον
3455 4354 3592 4424 ἔχει.
3630 4355 3707 4408 Οὔ

457 4423 637 4477 lmtitia
689 4424 907 4479 alliciat.
949 4426 1083 4481 Nam
1137 4440 1360 4499 prapter
1405 4432 1610 4484 nullum
1659 4448 1846 4486 eorum
1902 4450 2020 4502 qua:

2129 4445 2233 4510 γὰρ
2266 4445 2411 4497 ἔστιν
2445 4445 2531 4496 ἐπ’
2579 4444 2756 4497 οὐδενὶ
2785 4444 2890 4496 τῶν
2934 4447 2991 4498 ἐν
3029 4445 3106 4515 τῷ
3139 4447 3348 4516 σώματι
3377 4447 3706 4516 γινομένων,

452 4517 592 4570 ﬁunt
624 4518 677 4570 in
713 4531 962 4586 corpore,
991 4519 1114 4571 licet
1142 4530 1400 4588 perpetuo
1426 4522 1700 4588 voluptate
1726 4521 1890 4585 allici,
1925 4523 2019 4576 sed

452 4608 674 4662 bibendi
710 4610 958 4677 voluptas
983 4611 1145 4665 simul
1176 4610 1380 4666 desinit
1409 4628 1532 4665 cum
1561 4613 1832 4672 satietate.
1877 4621 1930 4666 et
1966 4614 2019 4667 in

455 4699 791 4752 comedendu
816 4700 1063 4754 similiter
1085 4702 1350 4754 saturatio
1376 4703 1674 4766 exstinguit
1699 4705 2020 4771 appetitum,

453 4800 507 4840 et
561 4791 604 4843 si
642 4792 786 4859 quod
817 4799 900 4845 est
953 4792 1098 4845 aliud
1134 4792 1487 4855 desiderium,
1537 4794 1588 4848 id
1635 4794 1825 4848 eodem
1859 4796 2022 4850 modo

448 4878 726 4934 ﬂaccescit
762 4896 858 4949 per
883 4882 1354 4950 participationem
1394 4884 1514 4949 ejus
1553 4882 1697 4952 quod
1725 4882 1830 4936 fuit
1876 4885 2024 4938 desio

447 4974 728 5035 deratum,
777 4981 832 5028 et
865 4975 911 5027 si
953 4989 1146 5028 rursus
1176 4975 1471 5035 exstiterit,
1507 4990 1699 5029 rursus
1729 4974 2021 5032 ﬂaccescit.

451 5063 596 5118 Nihil
631 5073 810 5120 autem
842 5064 1006 5119 durat
1058 5067 1113 5118 in
1159 5076 1475 5135 perpetuum
1523 5083 1590 5120 ex
1632 5067 1699 5119 iis
1729 5082 1848 5133 qua:
1896 5076 2024 5121 sunt

445 5158 693 5226 jucunda
723 5159 932 5222 sensui,
969 5174 1142 5227 neque
1171 5159 1424 5213 similiter
1454 5165 1507 5211 et
1551 5158 1741 5211 eodem
1775 5159 1936 5211 modo
1964 5174 2024 5212 se

455 5249 742 5304 habet.llis
757 5250 1122 5320 acceditquod
1137 5248 1280 5303 aliud
1292 5260 1374 5303 est
1389 5250 1588 5302 bonum
1611 5248 2022 5310 inlantize,aliud

451 5339 857 5403 adolescentiae,
903 5342 1048 5394 aliud
1081 5341 1130 5394 ei
1163 5339 1256 5412 qui
1305 5347 1390 5394 est
1429 5340 1604 5393 artatis
1645 5339 2022 5406 provectioris,

455 5431 600 5487 aliud
623 5434 672 5486 ei
701 5435 792 5503 qui
811 5433 996 5488 ﬂorem
1014 5435 1190 5488 aetatis
1206 5434 1403 5502 exegit,
1429 5440 1483 5486 et
1499 5431 1645 5484 aliud
1665 5432 1781 5485 seni
1805 5447 2021 5497 rursus,

455 5523 667 5591 quijam
679 5525 1084 5594 estdecrepitus
1097 5534 1152 5580 et
1165 5525 1322 5593 plane
1333 5522 1808 5593 silicernium.Ego
1823 5534 2021 5587 autem,

459 5615 653 5683 inquit,
695 5618 1001 5686 quaerebam
1043 5619 1243 5670 bonum
1291 5614 1447 5679 illud,
1485 5613 1632 5684 quod
1662 5623 1748 5668 est
1779 5630 1845 5668 ex
1871 5631 2024 5685 aequo

458 5704 659 5760 bonum
679 5711 826 5763 omni
857 5711 1000 5764 aetati
1026 5717 1079 5765 et
1108 5709 1254 5764 omni
1285 5710 1514 5777 tempori
1540 5707 1694 5771 vitae;
1725 5707 1883 5776 cujus
1915 5724 2022 5763 non

2127 4527 2209 4578 δια
2219 4527 2366 4596 ρκῶς
2401 4529 2632 4598 ἡσθῆναι
2659 4546 2673 4560 ⁸
2710 4531 2823 4583 ἀλλ’
2855 4532 2887 4600 ἡ
2915 4529 3009 4582 τοῦ
3039 4533 3216 4584 πίνειν
3250 4531 3432 4602 ἡδονὴ,
3464 4549 3708 4586 συναποο

2127 4619 2280 4689 λήγει
2343 4619 2418 4690 τῷ
2465 4619 2638 4691 κόρῳ·
2676 4622 2771 4675 καὶ
2805 4623 2898 4674 ἐπὶ
2944 4623 3038 4676 τοῦ
3087 4623 3287 4677 ἐσθίειν
3320 4625 3626 4690 ὡσαύτως,
3677 4628 3709 4698 σι

2127 4711 2410 4782 πλησμονὴ
2442 4711 2540 4782 τὴν
2575 4713 2754 4781 ὄρεξιν
2788 4713 3001 4776 ἔσϐεσε,
3031 4715 3126 4768 καὶ
3164 4715 3216 4767 εί
3243 4733 3328 4778 τις
3355 4716 3485 4786 ἄλλη
3516 4717 3711 4770 ἐπιθυ-

2133 4803 2251 4872 μία,
2293 4803 2434 4856 κατὰ
2462 4803 2551 4855 τὸν
2583 4805 2746 4856 αὐτὸν
2775 4806 2976 4876 τρόπον
3006 4809 3071 4875 τῇ
3102 4805 3194 4858 τοῦ
3223 4807 3566 4876 ἐπιθυμητοῦ
3612 4825 3712 4878 μευ

2128 4896 2314 4965 τουσίᾳ
2349 4912 2476 4948 κατε
2489 4897 2739 4966 μαράνθη
2761 4939 2774 4960 ,
2814 4897 2919 4950 κᾶν
2951 4897 3112 4950 πάλιν
3134 4898 3376 4966 γένηται,
3404 4899 3568 4952 πάλιν
3603 4919 3712 4970 μα-

2130 4987 2392 5058 ραίνεται,
2431 4988 2656 5057 Διαρκεῖ
2699 4986 2754 5038 δὲ
2795 4987 2948 5040 οὐδὲν
2977 4989 3056 5050 είς
3086 4988 3172 5040 ἀεὶ
3216 4986 3324 5040 τῶν
3351 4990 3418 5058 τῇ
3452 4990 3712 5060 αἰσθήσει

2127 5080 2391 5150 τερπνῶν,
2421 5081 2540 5133 οὐδὲ
2569 5081 2831 5144 ὡσαύτως
2858 5081 2991 5151 ἔχει.
3035 5083 3143 5134 Καὶ
3179 5081 3257 5134 ἔτι
3291 5081 3430 5152 πρὸς
3467 5085 3708 5146 τούτοις,

2128 5171 2255 5226 ἄλλο
2278 5173 2342 5241 τῇ
2374 5172 2656 5241 νηπιότητι
2689 5171 2906 5238 ἀγαθὸν,
2937 5173 3030 5226 καὶ
3051 5173 3236 5240 ἕτερον
3265 5175 3330 5243 τῇ
3355 5173 3456 5241 τῆς
3487 5173 3712 5242 ἡλικίας

2128 5264 2313 5332 ἀκμῇ,
2350 5265 2443 5316 καὶ
2482 5262 2610 5317 ἄλλο
2645 5263 2722 5332 τῷ
2770 5265 3230 5334 παρακμάσαντι,
3280 5267 3375 5316 καὶ
3406 5265 3601 5333 ἕτερον
3650 5267 3713 5318 τδ

2129 5356 2260 5424 παρ’
2289 5353 2524 5422 ἡλικίαν,
2554 5356 2649 5408 καὶ
2675 5355 2751 5424 τῷ
2778 5356 2994 5427 γέροντι
3019 5357 3179 5409 πάλιν
3209 5357 3354 5418 ἄλλο,
3379 5357 3455 5427 τῷ
3486 5361 3571 5420 εἰς
3606 5361 3712 5429 γῆν

2130 5445 2230 5514 ἤδη
2261 5445 2456 5514 ῥέοντι.
2496 5445 2638 5512 Ἐγὼ
2665 5446 2721 5498 δὲ
2743 5486 2757 5510 ,
2796 5448 2979 5514 φησὶν,
3015 5446 3240 5516 ἐζήτουν
3267 5447 3444 5500 ἐκεῖνο
3475 5448 3540 5500 τὸ
3573 5451 3713 5502 ἀναι-

2129 5534 2220 5587 θὸν
2241 5575 2254 5597 ,
2299 5534 2327 5586 ὃ
2356 5535 2504 5606 πάσῃ
2539 5535 2723 5607 ἡλικίᾳ
2769 5539 2865 5590 καὶ
2901 5539 3060 5590 παντὶ
3093 5538 3172 5608 τῷ
3205 5539 3378 5608 χρόνῳ
3417 5538 3517 5607 τῆς
3566 5539 3714 5606 ζωῆς

2131 5624 2323 5692 ἐπίσης
2354 5624 2557 5691 ἀγαθόν
2596 5627 2743 5681 ἐστιν
2769 5645 2780 5656 ·
2811 5619 2872 5678 οὗ
2926 5627 3087 5697 κόρος
3117 5628 3216 5679 οὐκ
3250 5627 3532 5690 ἐλπίζεται
3554 5667 3568 5688 ,
3617 5627 3712 5680 καὶ

2135 5709 2420 5783 πλησμονὴ
2445 5714 2543 5784 οὐχ
2577 5713 2916 5786 εὑρίσκεται·
2954 5716 3088 5770 ἀλλά
3113 5717 3614 5788 συμπαρατείνεται
3645 5719 3710 5785 τῇ
