3870 6220
164 293 282 351 διε)

1251 289 1317 345 IN
1356 289 1895 354 ECCLESIAS‘I‘EN.
1931 285 2219 351 HOMILIA
2255 284 2342 340 III.

3316 285 3423 346 σεο

164 412 432 483 μετουσίᾳ
457 413 494 483 ἡ
529 411 732 483 ὄρεξις,
776 394 871 470 καλ
913 409 1250 481 συνακμάζει
1293 414 1359 483 τῇ
1391 410 1688 468 ἀπολαύσει
1717 412 1747 464 ό

1856 418 2101 484 speratur
2123 404 2370 464 satietas,
2403 411 2455 456 et
2481 415 2586 456 non
2618 402 2896 464 invenitur
2924 402 3295 460 exsaturatio:
3326 403 3423 461 sed

162 504 354 567 πόθος,
381 503 473 557 καὶ
506 507 570 575 τῇ
599 503 693 556 τοῦ
727 503 1066 574 ἐπιθυμητοῦ
1095 501 1284 574 ἡλικία
1317 503 1377 560 οὐ
1409 500 1753 574 περιγράφε-

161 612 279 651 ται.
339 596 476 656 Ἀλλ’
507 596 618 665 ὅσῳ
654 595 855 665 μᾶλλον
882 596 1123 667 ἐντρυφᾷ
1150 596 1227 665 τῷ
1259 594 1482 666 ἀγαθῷ,
1512 593 1753 664 τοσούτῳ

163 689 332 742 πλέον
387 690 420 756 ἡ
455 687 726 758 ἐπιθυμία
770 690 839 758 τῇ
884 689 1063 758 τρυφῇ
1107 686 1529 751 συνεκτείνεται,
1576 686 1671 739 καὶ
1717 686 1751 756 ή

161 777 349 849 τρυφὴ
375 781 441 847 τῇ
476 777 744 848 ἐπιθυμίᾳ
780 776 1180 841 συνεκκαίεται,
1211 777 1303 830 καὶ
1332 775 1472 836 κατά
1505 775 1613 828 πᾶν
1639 773 1754 834 διά-

167 891 356 942 στημα
385 874 486 942 τῆς
511 873 656 944 ζωῆς
683 874 770 926 ἀεὶ
791 873 956 928 καλὸν
999 875 1110 937 τοῖς
1134 872 1380 945 μετιοῦσι
1397 873 1628 941 γίνεται,
1663 871 1750 928 οὐ·

160 965 256 1019 ὁὲν
290 966 368 1036 τῷ
397 967 616 1036 ἀστάτῳ
647 965 755 1020 τῶν
789 965 1015 1036 ἡλικιῶν
1041 983 1102 1018 τε
1140 965 1238 1022 καὶ
1263 964 1373 1017 τῶν
1396 964 1606 1035 χρόνων
1633 980 1753 1024 συν-

162 1055 585 1126 αλλοιούμενον,
627 1055 656 1108 ὃ
690 1055 782 1115 καὶ
841 1055 1030 1125 μύοντι
1065 1055 1162 1109 καὶ
1215 1053 1569 1110 ἀναδλέποντι
1604 1093 1618 1117 ,
1663 1052 1753 1106 εύ-

165 1148 469 1218 ημεροῦντί
493 1165 552 1201 τε
583 1147 677 1208 καὶ
693 1146 1049 1219 λυπουμένῳ,
1079 1145 1455 1218 νυκτερεύοντι
1487 1148 1584 1200 καὶ
1616 1147 1754 1217 ἡμε-

169 1241 414 1312 ρεύοντι,
465 1243 558 1295 καὶ
591 1242 758 1294 πᾶσιν
802 1239 1140 1304 ἁπαξαπλῶς
1180 1241 1293 1302 τοῖς
1334 1239 1474 1293 κατά
1520 1238 1612 1292 τὸν
1641 1237 1752 1308 βίον

167 1335 376 1403 ἀγαθόν
416 1337 595 1388 ἐστιν·
651 1333 756 1386 ὑπὸ
793 1332 904 1386 τῶν
956 1331 1362 1401 περιπατικῶς
1391 1348 1498 1384 τινι
1548 1347 1753 1401 συμ-πι-

169 1426 437 1489 πτόντων,
473 1423 598 1478 οὔτε
625 1441 681 1477 τι
711 1425 913 1494 χεῖρον,
941 1421 1067 1481 οὗτε
1094 1440 1147 1476 τι
1169 1424 1415 1494 κρεῖττον
1439 1421 1750 1491 γενόμενον,

165 1515 295 1571 οὒτε
351 1515 764 1586 ἐλαττούμενον,
793 1514 916 1568 οὔτε
962 1513 1346 1585 αὐξανόμενον.
1394 1511 1564 1566 Τοῦτό
1610 1513 1750 1576 ἐστι,

168 1612 318 1666 κατά
343 1626 408 1678 γε
447 1609 539 1662 τὸν
583 1609 719 1679 ἐμὸν
764 1608 943 1677 λόγον,
971 1607 1034 1660 τὸ
1071 1606 1240 1670 ὅντως
1270 1605 1330 1658 ὃν
1360 1603 1584 1673 ἀγαθὸν,
1617 1604 1753 1674 ὅπερ

187 1702 318 1754 ἰδεῖν
363 1705 391 1756 6
417 1699 670 1770 Σολομὼν
716 1699 921 1770 ἐζήτει,
950 1698 978 1750 ὃ
1004 1697 1222 1752 ἐποίουν
1248 1699 1294 1750 οἱ
1325 1696 1609 1767 ἄνθρωποι
1649 1693 1755 1748 ὑπὸ

1857 500 2018 556 simul
2063 513 2186 553 cum
2219 495 2631 567 participatione
2682 493 2996 556 extenditur
3023 495 3318 563 appetitus,
3369 501 3426 558 et

1854 589 2018 646 simul
2048 603 2174 650 cum
2205 585 2482 654 voluptate
2513 599 2621 653 qua
2655 583 2860 650 ﬁnitur,
2891 585 3034 653 viget
3067 583 3422 646 desiderium,

1853 689 1907 732 et
1957 679 2077 748 ejus
2127 675 2218 747 qui
2266 673 2538 729 desiderat
2577 682 2735 728 aetate
2769 689 2877 728 non
2927 673 3422 734 circumscribitur.

1856 771 1962 826 Sed
2010 786 2120 840 quo
2157 769 2368 837 majore
2419 767 2694 835 voluptate
2750 766 3051 836 percipitur
3095 765 3320 831 bonum,
3359 782 3427 824 eo

1856 862 2027 932 magis
2055 860 2386 916 desiderium
2415 859 2578 914 simul
2613 859 2925 914 extenditur
2955 874 3077 912 cum
3109 859 3342 922 deliciis,
3372 865 3428 918 et

1853 969 1978 1007 cum
2019 952 2296 1007 desiderio
2333 950 2498 1008 simul
2535 951 2911 1006 accenduntur
2945 950 3174 1012 delieim,
3227 959 3280 1010 et
3311 957 3427 1014 toto

1853 1045 1976 1100 vita:
2007 1053 2246 1114 tempore
2268 1058 2481 1114 semper
2518 1053 2600 1097 est
2637 1041 2837 1097 bonum
2868 1042 2934 1102 iis
2967 1043 3059 1112 qui
3090 1043 3267 1112 ipsum
3298 1059 3426 1113 per-

1855 1145 2178 1202 sequuntur,
2209 1135 2432 1194 minime
2459 1142 2728 1190 mutatum
2758 1151 2882 1190 cum
2914 1136 3268 1198 instabilitate
3295 1144 3428 1194 aeta-

1856 1237 1969 1286 tum
2002 1236 2056 1284 et
2079 1240 2409 1297 temporum,
2441 1226 2586 1298 quod
2609 1227 2811 1282 bonum
2851 1236 2934 1284 est
2960 1236 3014 1282 et
3035 1227 3346 1282 conniventi
3374 1236 3429 1282 et

1855 1320 2162 1392 aspicienti,
2204 1318 2363 1388 eique
2395 1319 2484 1372 cui
2529 1334 2616 1373 res
2671 1326 2800 1372 sunt
2834 1318 3106 1384 secundas,
3154 1328 3209 1378 et
3253 1316 3304 1372 ei
3337 1316 3428 1380 cui

1855 1412 2117 1476 adversae,
2166 1411 2324 1480 eique
2372 1410 2464 1480 qui
2505 1421 2808 1481 pernoctat,
2850 1421 2904 1468 et
2948 1410 2997 1466 ei
3045 1409 3139 1481 qui
3187 1409 3426 1468 interdiu

1855 1506 1986 1574 agit,
2021 1513 2072 1560 et
2101 1506 2379 1566 omnibus.
2431 1517 2485 1559 ut
2515 1505 2682 1562 semel
2714 1504 2912 1568 dicam,
2947 1506 3041 1574 qui
3079 1511 3208 1560 sunt
3240 1503 3294 1558 in
3329 1504 3431 1556 hac

1856 1597 1987 1658 vita.
2019 1595 2205 1667 Neque
2239 1600 2307 1656 ab
2339 1601 2538 1660 ulloex
2564 1598 2631 1652 iis
2661 1612 2784 1666 quae
2818 1611 2943 1650 cum
2980 1595 3162 1665 aliqua
3205 1594 3428 1654 calami-

1857 1697 1966 1752 tate
1997 1689 2276 1755 accidunt,
2312 1691 2556 1749 deterius
2593 1692 2654 1752 ﬁt
2683 1697 2777 1748 aut
2805 1688 3024 1750 melius,
3053 1702 3229 1756 neque
3259 1700 3430 1757 ἕωθεν

165 1794 262 1848 τὸν
303 1793 454 1864 ἥλιον
478 1760 630 1876 ,κατὰ
657 1760 834 1846 πάντα
859 1760 951 1845 τόν
975 1791 1204 1862 ἀριθμὸν
1241 1790 1342 1860 τῆς
1363 1760 1511 1860 {te-ﬁ;
1535 1787 1713 1844 αὐτῶν
1733 1804 1748 1818 ⁸

1856 1787 1945 1834 tur
1971 1796 2072 1838 nec
2101 1783 2388 1840 minuitur.
2425 1781 2537 1840 Hoc
2561 1791 2665 1846 est,
2691 1787 2752 1835 ut
2778 1795 2899 1836 mea
2929 1777 3150 1849 quidem
3178 1781 3282 1833 fert
3308 1778 3428 1846 epi-

162 1884 308 1956 ὃπερ
334 1883 488 1937 οὐδὲν
516 1883 703 1954 ἓτερον
728 1877 870 1936 εἷναί
909 1899 997 1953 μοι
1037 1881 1290 1950 φαίνεται
1310 1921 1326 1946 ,
1363 1881 1396 1951 ἢ
1425 1880 1486 1934 τὸ
1526 1880 1630 1950 τῆς
1661 1880 1754 1934 πί-

167 1990 344 2036 στεως
370 1972 553 2043 ἔργον,
581 1967 648 2043 ἦς
674 1973 709 2042 ἡ
735 1971 1006 2042 ἐνέργεια,
1031 1972 1182 2042 κοινή
1207 1987 1268 2023 τε
1290 1969 1454 2024 πᾶσίν
1488 1970 1656 2034 ἐστιν,
1683 1970 1748 2024 ἐκ

171 2061 264 2115 τοῦ
293 2061 560 2132 όμοτίμου
598 2063 712 2124 τοῖς
747 2059 960 2113 θέλουσι
1000 2061 1337 2130 προκειμένη
1369 2060 1464 2114 καὶ
1495 2057 1752 2119 παντοδύ-

166 2170 362 2224 ναμος,
388 2154 483 2207 καὶ
511 2151 750 2223 διαρκῶς
773 2155 838 2223 τῇ
865 2151 976 2224 ζωῇ
1005 2151 1414 2223 παραμένουσα.
1439 2150 1610 2205 Τοῦτό
1633 2151 1750 2203 ἐστι

169 2245 235 2298 τὸ
282 2243 485 2312 ἀγαθὸν
517 2243 700 2314 ἔργον,
729 2242 758 2296 ὃ
800 2243 895 2297 καὶ
937 2244 994 2294 ἐν
1029 2243 1159 2312 ἡμῖν
1189 2241 1416 2310 γένοιτο,
1448 2243 1506 2294 ἐν
1531 2239 1754 2313 Χριστῷ

183 2335 365 2406 Ἰησοῦ
400 2334 479 2402 τῷ
523 2333 712 2404 Κυρίῳ
743 2332 922 2404 ἡμῶν,
961 2325 1006 2400 ᾧ
1040 2334 1074 2402 ἡ
1107 2331 1234 2398 δόξα
1263 2333 1346 2396 εἰς
1384 2331 1510 2396 τοὺς
1551 2331 1754 2396 αἰῶνας

158 2423 270 2474 τῶν
302 2424 536 2478 αἰώνων.
584 2423 643 2482 ’Δ
650 2423 777 2494 μήν.

1855 1875 1969 1935 nio,
1999 1875 2145 1944 quod
2173 1891 2300 1932 vere
2329 1883 2415 1932 est
2451 1875 2679 1937 bonum.
2720 1872 2865 1943 quod
2891 1871 3110 1941 quidem
3149 1869 3428 1941 quierebat

1855 1963 2043 2018 videre
2068 1963 2348 2027 Solomon,
2386 1963 2535 2034 quod
2575 1963 2848 2017 faciebant
2880 1961 3127 2022 homines
3155 1960 3260 2022 sub
3289 1960 3426 2026 sole,

1852 2056 2010 2124 juxta
2058 2070 2276 2114 onmem
2306 2070 2595 2112 numerum
2634 2056 2756 2110 vita:
2806 2069 2956 2110 sum:
3013 2051 3156 2123 quod
3207 2051 3426 2121 quidem

1858 2146 2075 2201 videtur
2103 2147 2236 2202 mihi
2260 2147 2395 2202 nihil
2425 2163 2546 2202 esse
2575 2146 2721 2201 aliud
2745 2161 2908 2216 quam
2931 2159 3067 2216 opus
3095 2144 3235 2208 ﬁdei,
3272 2145 3431 2214 cujus

1859 2237 2103 2306 Operatio
2128 2247 2212 2291 est
2235 2245 2288 2292 et
2309 2238 2618 2292 communis
2647 2237 2923 2300 ouinibus,
2955 2252 3020 2292 ex
3047 2251 3204 2304 aequo
3233 2251 3431 2306 propo—

1858 2327 1962 2382 sita
1999 2329 2327 2392 volentibus,
2372 2337 2428 2384 et
2465 2330 2834 2400 omnipotens,
2889 2340 2945 2386 et
2981 2329 3036 2384 in
3067 2331 3176 2391 vita
3227 2330 3432 2400 jugiter

1846 2437 2200 2496 permanens.
2224 2420 2340 2477 Hoc
2365 2428 2452 2477 est
2491 2421 2693 2477 bonum
2721 2421 2857 2476 illud
2878 2437 3039 2494 opus,
3078 2422 3226 2494 quod
3263 2421 3432 2485 etiam

161 2517 254 2573 ﬁat
293 2517 348 2570 in
401 2516 583 2579 nobis,
625 2518 681 2571 in
713 2516 937 2572 Christo
968 2513 1100 2572 Jesu
1144 2514 1380 2574 Domino
1405 2527 1623 2582 nostro,
1653 2517 1745 2576 cui
1772 2519 1949 2586 gloria
1983 2519 2037 2572 in
2065 2517 2266 2582 secula
2285 2517 2637 2580 saeculorum.
2668 2515 2864 2578 Amen.

775 2604 1019 2656 UMIAIA
1069 2602 1143 2656 I".

235 2701 303 2753 Τί
334 2699 474 2770 μετά
494 2699 652 2752 τοῦτο
674 2699 821 2768 ἡμᾶς
840 2699 872 2768 ἡ
897 2696 1326 2767 ἐκκλησιαστικὴ
1353 2695 1552 2760 διδάξει
1572 2697 1746 2766 φωνὴ,

165 2788 360 2859 καιρὸς
420 2787 486 2848 ἂν
551 2787 636 2858 εἰη
685 2785 1156 2856 διερευνήσασθαι.
1223 2787 1636 2858 Μεμαθήκαμεν
1691 2789 1748 2842 ἐν

2421 2606 2710 2662 ΗΟΜΙΜΑ
2769 2607 2857 2660 ιιι.

1926 2694 2195 2762 Quidnam
2241 2710 2428 2768 postea
2471 2700 2544 2754 sit
2582 2713 2683 2752 nos
2725 2699 2984 2754 edoctura
3025 2714 3132 2752 vox
3168 2697 3428 2754 ecclesia—

1855 2788 2013 2852 stica,
2047 2802 2258 2862 tempus
2291 2801 2376 2847 est
2415 2791 2776 2862 perscrutari.
2806 2789 3107 2850 Didicimus
3139 2789 3192 2844 in
3236 2791 3429 2860 primis

165 2878 409 2948 πρώτοις
439 2878 479 2941 ἂ
509 2877 934 2949 μεμαθήκαμεν,
971 2877 1052 2936 ὅτι
1084 2878 1113 2930 ό
1157 2877 1336 2936 πᾶσαν
1375 2875 1749 2946 ἐκκλησιάζων

1856 2895 1916 2936 ea
1939 2895 2061 2950 quae
2085 2881 2397 2945 didicimus,
2427 2880 2573 2951 quod
2607 2882 2699 2950 qui
2729 2896 2944 2942 omnem
2973 2891 3265 2952 congregat
3286 2897 3431 2936 crea-

167 2973 268 3041 τὴν
301 2971 478 3024 κτίσιν
503 3012 517 3034 ,
553 2970 647 3023 καὶ
692 2969 760 3022 τὰ
795 2967 1113 3022 ἀπολωλότα
1150 2966 1348 3038 ζητῶν,
1395 2969 1488 3021 καὶ
1531 2967 1599 3021 τά
1653 2984 1750 3020 πει

166 3063 493 3134 πλανημένα
528 3060 897 3132 συναθροίζων
936 3061 1016 3122 εἰς
1043 3059 1124 3123 ἒν,
1166 3056 1318 3123 οὗτος
1361 3060 1750 3113 ἐπισκέπτεται

165 3151 258 3203 τὸν
287 3151 531 3216 ἐπίγειον
563 3149 698 3219 βίον.
742 3149 1012 3216 Ἐπίγειον
1040 3149 1149 3219 γάρ
1171 3151 1288 3202 ἐστι
1316 3150 1375 3202 τὸ
1401 3150 1747 3220 ὑπουράνιον,

162 3243 308 3313 ὅπερ
335 3243 364 3294 ὁ
394 3242 549 3308 λόγος
577 3240 639 3293 τὸ
667 3240 770 3292 ὑπὸ
802 3240 894 3292 τὸν
923 3241 1152 3312 οὐρανὸν
1178 3240 1434 3311 ὀνομάζει
1453 3281 1469 3304 ,
1501 3243 1559 3295 ἐν
1652 3259 1753 3294 κα-

165 3333 498 3403 τακρατεῖὴ
539 3333 722 3402 ἀπάτη
775 3333 867 3385 καὶ
919 3333 981 3386 τὸ
1020 3331 1391 3404 ἀνύπαρκτον.
1457 3334 1543 3386 Ἐν
1587 3333 1642 3386 δὲ
1683 3335 1749 3404 τῇ

163 3425 396 3495 δευτέρα
426 3423 828 3494 μεμαθήκαμεν
861 3422 1122 3496 ἐξηγήσει
1152 3426 1210 3478 τὸ
1238 3427 1304 3479 ἐκ
1334 3427 1624 3496 προσώπου
1657 3425 1751 3478 τοῦ

164 3516 518 3586 Σολομῶντος
544 3517 794 3584 γενέσθαι
817 3517 915 3588 τὴν
939 3518 1273 3588 κατηγορίαν
1299 3518 1398 3586 τῆς
1427 3519 1753 3571 ἀπολαυστι-

164 3608 272 3678 κῆς
297 3625 357 3660 τε
401 3609 495 3660 καὶ
522 3607 805 3676 ἐμπαθοῦς
833 3607 1146 3673 διαθέσεως,
1177 3607 1252 3671 ὼς
1283 3608 1348 3661 ἂν
1380 3609 1508 3679 ἡμῖν
1540 3608 1754 3672 ἀξιόπι-

170 3715 295 3760 στος
333 3698 609 3768 γένοιτοή
657 3699 766 3750 τῶν
819 3698 1074 3752 τοιούτων
1123 3697 1411 3767 ἀθέτησις,
1465 3699 1560 3752 τοῦ
1609 3699 1752 3753 κατά

167 3794 352 3848 πᾶσαν
390 3791 638 3856 ἐξουσίαν
671 3791 732 3843 τὸ
769 3791 905 3862 πρὸς
934 3790 1126 3862 ἡδονὴν
1158 3793 1238 3854 εἰς
1275 3792 1573 3846 ἀπόλαυσιν
1602 3791 1753 3861 ἕχον-

166 3903 284 3950 τος,
323 3887 423 3940 καὶ
470 3885 650 3940 πάντα
687 3884 756 3938 τὰ
793 3883 1051 3940 δοκοῦντα
1091 3883 1240 3955 πᾳρά
1291 3887 1401 3949 τοῖς
1444 3884 1754 3956 ἀνθρώποις

169 3977 573 4040 σπουδάζεσθαι
625 3978 742 4033 ἀντ’
788 3977 1002 4040 οὐδενὸς
1041 3977 1409 4040 διαπτύοντος.
1467 3977 1531 4029 Τί
1572 3977 1753 4030 τοίνυν

165 4072 312 4124 κατά
346 4069 406 4122 τὸ
433 4068 725 4124 ἀκόλουθον
757 4069 849 4121 ἐπὶ
879 4067 972 4120 τοῦ
1003 4066 1270 4138 παρόντος
1304 4069 1370 4120 ἐκ
1396 4067 1580 4139 τρίτου
1614 4082 1751 4135 μαν-

169 4161 438 4230 θάνομενς
479 4160 507 4212 ὃ
545 4159 761 4212 πάντων
794 4159 1028 4230 μάλιστα
1057 4154 1210 4229 οἶμαι
1245 4157 1575 4228 κατάλληλον
1611 4154 1750 4211 εἷναι

1856 2981 2055 3033 turam,
2103 2979 2156 3026 et
2213 2974 2408 3041 quaerit
2461 2986 2524 3025 ea
2574 2986 2695 3040 quae
2730 2971 3026 3040 perierant,
3059 2979 3114 3032 et
3165 2972 3218 3028 in
3259 2987 3427 3028 unum

1852 3063 1999 3133 cogit
2021 3079 2084 3118 ea
2109 3080 2231 3132 qua:
2260 3064 2669 3128 aberraverant,
2701 3063 2748 3124 is
2775 3063 3090 3124 considerat
3115 3064 3278 3120 vitam
3307 3079 3430 3133 quze

1854 3163 1939 3207 est
1969 3169 2134 3223 super
2177 3163 2399 3212 terram.
2433 3153 2715 3208 Terrestre
2749 3155 2893 3209 enim
2925 3162 3011 3216 est
3061 3155 3115 3210 id
3151 3156 3296 3225 quod
3343 3164 3431 3212 est

1855 3245 2043 3300 subter
2062 3246 2253 3312 caelos,
2288 3246 2434 3315 quod
2461 3245 2682 3316 quidem
2717 3246 2806 3306 hic
2837 3245 2977 3300 liber
3014 3255 3171 3301 vocat
3200 3247 3250 3302 id
3284 3248 3430 3315 quod

1853 3343 1938 3394 est
1967 3335 2071 3398 suh
2095 3336 2255 3398 cmlo,
2284 3336 2338 3390 in
2363 3351 2472 3406 quo
2493 3336 2808 3397 dominatur
2828 3337 3098 3406 deceptio,
3128 3347 3182 3392 et
3204 3337 3255 3392 id
3283 3338 3429 3407 (μιυά

1855 3441 1964 3479 non
1989 3435 2165 3496 potest
2185 3429 2505 3483 consistere.
2537 3429 2595 3488 In
2616 3429 2961 3498 expositione
2983 3439 3163 3486 autem
3189 3431 3432 3490 secunda

1854 3517 2170 3584 didicimus,
2198 3535 2266 3574 ex
2295 3535 2531 3589 persona
2554 3519 2888 3587 Solomonis,
2918 3533 3234 3578 accusatum
3259 3521 3433 3580 fuisse

1855 3614 1979 3664 vitae
2035 3611 2370 3677 institutum,
2420 3610 2566 3681 quod
2622 3626 2682 3666 se
2731 3611 2878 3672 dedit
2928 3612 3322 3684 voluptatibus,
3375 3620 3433 3666 et

1856 3699 2021 3754 animi
2067 3699 2594 3769 perturbationibus,
2649 3708 2709 3762 ut
2752 3718 2848 3760 eas
2888 3717 3012 3760 esse
3057 3701 3434 3771 aspernandas

1858 3790 2074 3848 facilius
2127 3791 2285 3846 nobis
2333 3792 2810 3861 persuaderemus,
2865 3792 3012 3862 quod
3061 3793 3156 3863 qui
3209 3793 3431 3849 fruendi

1857 3881 2226 3950 voluptatibus
2243 3898 2512 3938 summam
2535 3883 2788 3942 habuerit
2803 3893 3152 3954 potestatem,
3171 3898 3430 3956 tanquam

1856 3974 2010 4028 nihili
2041 3979 2311 4045 respuerit
2338 3977 2524 4030 omnia
2553 3991 2676 4046 quae
2703 3979 3012 4036 vehementi
3044 3980 3228 4038 studio
3255 3981 3434 4036 homi-

1857 4081 1954 4120 nes
1983 4074 2409 4136 persequuntur.
2439 4065 2582 4133 Quid
2605 4081 2736 4138 ergo
2766 4066 3026 4136 deinceps
3055 4067 3110 4131 in
3137 4070 3430 4138 praesentia

1856 4157 2018 4211 tertio
2066 4158 2187 4212 loco
2223 4159 2528 4216 discimus?
2563 4157 2618 4220 Id
2652 4158 2800 4228 quod
2856 4160 3092 4220 maxime
3139 4161 3434 4224 convenire

166 4254 283 4314 τοῖς
315 4248 740 4317 ἐκκλησιάζουσι
783 4248 1045 4318 μάθημα,
1073 4247 1218 4316 λέγω
1260 4248 1318 4302 δέ
1350 4249 1450 4318 τὴν
1479 4248 1607 4319 περὶ
1643 4246 1752 4300 τῶν

1856 4249 2094 4303 arbitror
2125 4259 2184 4303 ut
2207 4249 2450 4304 discatur
2481 4250 2549 4304 ab
2582 4250 2646 4303 iis
2679 4250 2773 4318 qui
2798 4250 3131 4314 conveniunt
3161 4251 3216 4306 in
3243 4252 3432 4308 Eccleo

169 4341 252 4411 μὴ
280 4340 423 4392 κατά
452 4340 608 4407 λόγον
636 4339 1019 4410 γεγενημένων
1053 4338 1439 4409 ἐξομολόγησιν
1461 4380 1476 4404 ,
1503 4339 1538 4407 ἢ
1567 4339 1628 4392 τὸ
1655 4339 1752 4408 τῆς

167 4434 438 4504 αἰσχύνης
481 4435 702 4503 ἐμποιεῖ
728 4434 792 4503 τῇ
838 4433 984 4503 ψυχῇ
1023 4432 1216 4496 πάθος,
1249 4433 1336 4488 διὰ
1364 4433 1464 4502 τῆς
1491 4433 1598 4485 τῶν
1629 4432 1755 4485 ἁτόο

169 4545 290 4584 πων
319 4524 747 4595 ἐξαγορεύσεως.
785 4524 970 4578 Ἔοικε
1001 4524 1109 4593 γὰρ
1149 4523 1291 4594 μέγα
1316 4542 1367 4578 τι
1399 4525 1492 4578 καὶ
1539 4523 1754 4595 ἰσχυρὸν

168 4615 310 4686 πρὸς
351 4615 452 4685 τήν
485 4615 584 4684 τῆς
629 4613 906 4684 ἁμαρτίας
938 4614 1258 4684 ἀποφυγὴν,
1291 4614 1452 4686 ὅπλον
1501 4609 1674 4676 εἶναι,
1719 4615 1752 4683 ἡ

166 4683 574 4775 ἐναποκεῖιμένη
605 4708 718 4768 τοῖς
748 4683 1055 4775 ἀνθρώποις
1091 4683 1276 4768 αἰδὼς,
1316 4683 1395 4769 είς
1433 4705 1563 4762 αὐτὸ
1597 4705 1754 4758 τοῦτο

166 4794 324 4867 οἶμαι
371 4796 525 4867 παρὰ
562 4795 655 4848 τοῦ
701 4796 837 4850 Θεοῦ
889 4795 1193 4858 ἐντεθεῖσα,
1224 4796 1300 4859 ὡς
1332 4796 1397 4850 ἂν
1438 4799 1571 4866 ἡμῖν
1615 4796 1754 4854 ἀπο-

169 4887 383 4958 στροφὴ
428 4886 537 4940 τῶν
579 4887 840 4958 χειρόνων
885 4888 920 4958 ἡ
953 4887 1176 4957 τοιαύτη
1209 4887 1310 4957 τῆς
1337 4888 1512 4958 ψυχῆς
1547 4887 1754 4956 γένοιτο

163 4980 430 5043 διάθεσις.
464 4979 754 5047 Συγγενῶς
786 4979 841 5032 δὲ
871 4978 985 5050 ἔχει
1016 4978 1154 5048 πρὸς
1182 4977 1386 5048 ἄλληλα
1421 4979 1512 5038 καὶ
1538 4979 1754 5041 οἰκείως

167 5071 291 5122 τότε
319 5068 461 5124 κατὰ
493 5069 594 5136 τὴν
632 5067 765 5122 αἰδὼ
793 5068 889 5121 καὶ
922 5067 982 5119 τὺ
1016 5068 1134 5120 κατ’
1169 5066 1431 5138 αἰσχύνην
1468 5067 1658 5130 πάθος,
1686 5067 1752 5121 δι’

167 5153 242 5212 ὧν
268 5161 598 5229 ἀμφοτέρων
623 5159 656 5227 ἡ
680 5157 927 5228 ἁμαρτία
960 5155 1248 5218 κωλύεται,
1280 5157 1436 5228 εἴπερ
1465 5157 1638 5210 ἐθέλοι
1672 5173 1754 5220 τις

169 5253 311 5322 πρὸς
336 5250 498 5302 τοῦτο
532 5248 842 5322 χρήσασθαι
870 5250 936 5318 τῇ
969 5247 1192 5318 τοιαύτῃ
1231 5249 1330 5316 τῆς
1357 5248 1536 5318 ψυχῆς
1574 5247 1755 5302 διαθέ-

170 5361 272 5398 σει.
314 5341 535 5395 Μᾶλλον
563 5340 671 5410 γὰρ
711 5339 804 5394 τοῦ
841 5339 1007 5408 φόϐου
1049 5339 1309 5402 πολλάκις
1349 5341 1382 5410 ἡ
1425 5339 1588 5404 αἰδὼς
1623 5341 1754 5412 πρὸς

170 5439 270 5506 τὴν
295 5433 588 5503 ἀποφυγὴν
614 5433 724 5486 τῶν
750 5433 972 5486 ἀτόπων
997 5430 1466 5502 ἐπαιδαγώγησεν”
1495 5431 1632 5490 ἀλλά
1661 5434 1755 5485 καὶ

173 5529 202 5596 ἡ
238 5526 475 5597 αἰσχύνη
521 5522 962 5579 ἐπακολουθοῦσα
992 5525 1104 5587 τοῖς
1156 5523 1400 5591 ἐλέγχοις
1439 5521 1532 5575 τοῦ
1567 5523 1748 5593 πλημ-

171 5619 526 5691 μελήματος,
558 5618 714 5686 ἱκανὴ
748 5615 815 5668 δι’
842 5616 1042 5684 ἑαυτῆς
1071 5616 1404 5685 σωφρονίσαι
1444 5615 1534 5667 τὸν
1572 5617 1751 5687 ἀμαρ-

171 5714 412 5768 τάνοντα
443 5709 580 5780 πρὸς
603 5710 665 5762 τὸ
695 5709 771 5779 μὴ
816 5707 976 5764 πάλιν
1018 5709 1079 5759 ἐν
1105 5710 1214 5769 τοῖς
1257 5708 1464 5776 ὁμοίοις
1483 5706 1750 5772 γενέσθαι.

169 5805 281 5858 Καὶ
321 5805 492 5858 ἐςτιν.
534 5799 608 5863 ὡς
647 5798 712 5852 ἄν
743 5817 826 5862 τις
851 5799 961 5869 ὅρῳ
993 5797 1092 5867 τὴν
1129 5795 1390 5868 διαφορὰν
1421 5795 1598 5849 αὐτῶν
1627 5796 1756 5849 ὑπο-

489 5895 765 5959 P.tru0L.
791 5898 910 5960 Gn.
949 5897 1171 5962 XLIV.

1856 4346 1959 4405 sia,
1993 4343 2183 4398 dicens
2207 4343 2608 4396 confessionem
2634 4343 2702 4396 de
2732 4342 2820 4403 iis,
2847 4358 2970 4412 quae
2997 4358 3106 4398 non
3133 4343 3274 4398 facta
3302 4357 3432 4401 sunt

1856 4431 2246 4485 convenienter
2267 4430 2487 4490 rationi,
2511 4445 2632 4500 quae
2661 4429 2944 4500 ingenerat
2961 4432 3156 4486 animae
3184 4431 3432 4488 aﬂ‘ectiu-

1857 4537 1979 4574 nem
2029 4521 2274 4590 pudoris,
2319 4534 2415 4588 per
2451 4519 2884 4573 enuntiationem
2927 4535 3116 4575 eorum
3148 4538 3271 4590 quae
3303 4532 3434 4578 sunt

1857 4611 2118 4674 absurda.
2155 4609 2384 4665 Videtur
2417 4610 2562 4665 enim
2594 4610 2770 4680 pudor
2799 4627 2921 4666 esse
2947 4611 3124 4674 valida
3157 4622 3210 4668 et
3239 4621 3434 4684 potens

1857 4687 2135 4754 armatura
2167 4699 2235 4754 ad
2267 4698 2573 4770 etl'ugieuda
2603 4708 2847 4770 peccata,
2899 4701 3073 4772 pudor
3100 4703 3192 4769 qui
3221 4711 3306 4762 est
3347 4704 3433 4758 in-

1857 4795 1998 4848 situs
2030 4793 2084 4846 in
2119 4791 2465 4857 hominibus;
2516 4792 2609 4862 qui
2647 4793 2792 4859 ideo,
2826 4801 2886 4847 ut
2911 4803 3065 4862 puto,
3094 4804 3180 4850 est
3209 4795 3370 4852 nobis
3398 4811 3432 4848 a

1851 4885 1968 4940 Deo
2001 4884 2229 4947 inditus,
2275 4891 2335 4935 ut
2364 4883 2634 4954 ejusmodi
2683 4885 2852 4944 animi
2895 4884 3112 4942 ati'ectio
3143 4886 3218 4942 sit
3267 4887 3432 4942 nobis

1857 4964 2073 5036 aversio
2103 4991 2134 5030 a
2168 4977 2558 5032 deterioribus.
2614 4979 2765 5032 Inter
2807 4993 2867 5033 se
2917 4984 3099 5033 autem
3141 4980 3430 5046 cognatio-

1856 5089 1982 5128 nem
2031 5071 2323 5141 quamdam
2355 5079 2409 5127 et
2441 5072 2876 5130 convenientiam
2909 5072 3114 5127 habent
3160 5073 3340 5142 pudor
3375 5085 3434 5129 et

1857 5164 2076 5219 aﬂectio
2099 5179 2221 5232 quae
2242 5179 2309 5228 ex
2341 5162 2673 5218 verecundia
2707 5165 2974 5227 oboritur,
3007 5178 3105 5234 per
3133 5178 3256 5232 quae
3281 5171 3435 5220 utra-

1856 5269 1966 5324 que.
1997 5253 2317 5322 prohibetur
2363 5263 2669 5321 peccatum,
2705 5255 2752 5307 si
2787 5252 2913 5321 quis
2944 5253 3074 5306 velit
3111 5253 3176 5306 ad
3209 5253 3310 5306 hoc
3352 5254 3430 5307 uti

1860 5344 1952 5406 tali
1981 5345 2176 5400 animae
2205 5342 2509 5398 aﬂ'ectione.
2547 5341 2730 5396 Pudor
2758 5343 2904 5402 enim
2957 5345 3134 5415 magis
3165 5359 3328 5411 quant
3363 5345 3434 5398 ti-

1859 5448 1978 5488 mor
2014 5448 2158 5502 δεῖρε
2187 5432 2368 5487 erudit
2391 5432 2460 5487 ad
2491 5448 2656 5502 prava
2687 5433 2966 5504 fugienda.
3023 5434 3128 5492 Sed
3157 5444 3212 5489 et
3253 5435 3434 5504 pudor

1858 5539 2096 5593 sequens
2125 5523 2308 5576 delicti
2347 5523 2846 5592 reprehensionem,
2898 5539 2994 5594 per
3027 5539 3085 5579 se
3128 5526 3328 5579 suﬂicit
3361 5524 3431 5580 ad

1857 5613 2239 5685 castigandum
2269 5629 2392 5670 eum
2429 5615 2520 5684 qui
2559 5624 2772 5685 peccat,
2811 5631 2880 5670 ne
2921 5633 3116 5674 rursus
3149 5619 3204 5673 in
3231 5617 3432 5676 similia

1852 5711 2080 5769 incidat.
2125 5706 2221 5764 Est
2264 5720 2466 5766 autem.
2513 5719 2571 5765 ut
2604 5726 2794 5766 eorum
2845 5709 3206 5770 diﬂ'ereutiam
3237 5709 3432 5764 delini-

1851 5803 2002 5857 tione
2024 5799 2301 5856 describat
2325 5798 2618 5869 quispiam,
2644 5797 2974 5854 verecundia
2995 5797 3215 5867 quidem
3242 5798 3420 5851 inten-

3019 5892 3092 5954 9.1
