3870 6220
464 279 558 340 65!

475 429 572 469 sus
589 413 786 483 pudor,
817 417 1009 466 contra
1029 418 1210 468 autem
1240 411 1417 483 pudor
1437 412 1666 468 remissa
1687 411 2038 468 verecundia.

475 503 798 560 Ostenditur
839 511 1020 559 autem
1073 520 1172 574 per
1204 505 1444 559 colorem
1494 505 1586 575 qui
1637 513 1723 560 est
1763 506 1816 558 in
1857 505 2037 569 vultu,

475 596 643 651 animi
685 603 932 650 motuum
969 595 1276 651 differentia
1307 605 1360 651 et
1390 598 1726 651 communio.
1772 595 1906 650 Nam
1937 613 2040 668 pu-

475 685 578 738 dor
595 683 814 754 quidem
850 685 1048 738 rubore
1079 692 1291 737 tantum
1329 684 1688 754 signiﬁcatur,
1721 685 1883 739 simul
1917 700 2040 739 cuni

475 776 656 830 anima
687 772 880 830 affecto
910 775 1071 827 etiam
1101 787 1330 842 corpore
1381 773 1616 826 naturali
1646 772 1880 842 quadam
1913 771 2043 826 all'e-

475 867 680 930 ctione,
733 881 856 920 cum
896 865 1046 920 calor
1087 864 1183 934 qui
1217 872 1302 918 est
1338 863 1486 918 circa
1537 879 1632 918 cor
1673 863 1946 918 ebullierit
1972 863 2040 918 ad

474 959 660 1013 Vultus
694 956 1056 1028 superﬁciem.
1084 954 1187 1021 Qui
1209 964 1294 1011 est
1317 965 1498 1010 autem
1527 955 1754 1011 affectus
1779 971 2042 1010 verecun-

476 1051 566 1105 dia
605 1059 826 1121 pmpter
870 1049 1054 1105 delicti
1085 1048 1606 1112 manifestationem,
1665 1049 1723 1103 ﬁt
1752 1049 1952 1103 lividus
1988 1058 2042 1103 et

478 1142 769 1206 subruber,
825 1141 971 1212 quod
1027 1149 1207 1196 metus
1271 1141 1431 1196 bilem
1483 1144 1682 1196 rubore
1737 1141 2036 1196 miscuerit;

478 1234 757 1304 Ejusmodi
791 1249 922 1303 ergo
945 1230 1160 1287 affectio
1189 1231 1468 1288 suffecerit
1498 1231 1585 1296 iis,
1621 1231 1714 1302 qui
1743 1231 1921 1289 scelus
1940 1230 2042 1284 ali-

477 1325 624 1396 quod
657 1324 812 1396 prius
842 1325 1200 1388 admiserunt,
1249 1337 1316 1377 ne
1364 1323 1418 1377 in
1455 1323 1639 1393 aliquo
1673 1322 1907 1393 amplius
1960 1321 2042 1375 la-

477 1417 681 1472 bantur
701 1431 768 1472 ex
801 1415 869 1471 iis
898 1415 966 1470 de
997 1414 1197 1485 quibus
1225 1414 1392 1484 pudet
1419 1428 1514 1469 eos
1545 1413 1716 1469 fuisse
1736 1414 2039 1468 convictos.

1677 278 1736 334 S.
1774 277 2101 338 GREGORII
2137 279 2434 339 NYSSENI

3598 295 3713 351 65!

2147 421 2428 491 γράψειεν,
2470 421 2697 493 αἰσχύνη
2731 433 2826 493 μέν
2869 423 3232 495 ἐπιτεταμένη
3254 422 3443 488 αἰδὼς⁶
3471 421 3639 486 αἰδὼς
3665 425 3722 478 ἃ

2145 514 2208 567 τὸ
2247 513 2482 584 ἔμπαλιν
2517 515 2778 586 ὑφειμένη
2828 515 3074 586 αἰσχύνη.
3111 517 3396 569 Δείκνυται
3426 513 3483 568 δέ
3514 514 3611 566 καί
3645 510 3724 580 τῷ

2148 604 2290 658 κατὰ
2323 605 2615 676 πρόσωπον
2649 606 2898 677 χρώματι
2926 607 3086 676 ἡτῶν
3105 607 3291 662 παθίὑν
3305 606 3535 676 διαφορά
3553 608 3634 676 (α)
3664 624 3722 659 τε

2148 698 2242 749 καί
2279 698 2550 751 κοινωνία.
2597 699 2662 751 Ἠ
2713 699 2810 768 μὲν
2855 697 2963 770 γάρ
3014 698 3177 760 αἰδὼς
3217 697 3521 768 ἐρυθήματι
3573 699 3727 768 μόνῳ

2148 790 2586 861 ἐπισημαίνεται,
2624 791 3001 860 συμπαθόντος
3039 807 3156 854 πως
3181 793 3248 861 τῇ
3291 790 3434 860 ψυχῇ
3472 788 3570 842 τοῦ
3616 789 3728 840 σώ-

2150 896 2318 949 ματος
2343 881 2484 934 κατά
2511 897 2632 933 τινα
2659 882 2894 950 φυσικὴν
2921 881 3179 943 διάθεσιν,
3211 882 3306 933 καὶ
3329 881 3420 932 τοῦ
3450 896 3730 951 περικαρ-

2150 970 2262 1024 δίου
2299 971 2502 1043 θερμοῦ
2536 972 2671 1044 πρὸς
2700 973 2800 1044 τὴν
2839 973 3156 1041 ἐπιφάνειαν
3181 973 3280 1042 τῆς
3318 971 3491 1040 ὅψεως
3523 970 3731 1033 ἀναζέ-

2149 1081 2340 1128 σαντος
2363 1081 2377 1094 ·
2414 1067 2442 1118 ό
2465 1065 2522 1118 δὲ
2547 1064 2855 1134 αἰσχυνθεὶς
2882 1065 2974 1117 ἐπὶ
2998 1067 3064 1136 τῇ
3096 1063 3397 1135 φανερώσει
3418 1063 3512 1116 τοῦ
3538 1064 3652 1133 πλη
3662 1079 3734 1133 μ-

2151 1155 2458 1226 μελήματος
2492 1156 2733 1219 πελιδνὸς
2768 1157 2973 1224 γίνεται
3003 1157 3098 1209 καὶ
3141 1155 3468 1227 ὑπέρυθρος,
3496 1154 3596 1207 τοῦ
3627 1155 3735 1224 ςρό⁹

2147 1245 2243 1298 σου
2263 1245 2360 1316 τὴν
2379 1246 2542 1316 χολὴν
2562 1247 2640 1317 τῷ
2657 1247 2959 1318 ἐρυθήματι
2979 1247 3251 1316 μίξαντος.
3275 1247 3346 1298 Τὸ
3361 1243 3454 1299 οὖν
3474 1245 3736 1300 τοιοῦτον

2148 1336 2340 1400 πάθος,
2383 1337 2564 1392 ἰκανὸν
2611 1337 2677 1391 ἂν
2713 1339 2922 1407 γένοιτο
2953 1341 3064 1402 τοῖς
3111 1338 3571 1409 προειλημμένοις
3615 1337 3732 1392 τινὶ

2145 1428 2254 1480 τῶν
2286 1428 2501 1481 ἀτόπων
2545 1431 2625 1492 εἰς
2659 1429 2721 1482 τὸ
2756 1429 2950 1499 μηκέτι
2985 1429 3042 1483 ἐν
3075 1428 3282 1491 τούτοις
3327 1428 3605 1496 γενέσθαι,
3646 1423 3734 1481 ὧν

481 1505 540 1560 Si
575 1507 690 1560 haec
715 1514 895 1560 autem
929 1505 1002 1558 ita
1030 1521 1090 1560 se
1116 1504 1335 1568 habent,
1377 1513 1432 1557 et
1467 1517 1587 1558 eam
1615 1517 1776 1573 quam
1813 1517 1910 1572 par
1942 1501 2042 1556 fuit

2154 1519 2215 1572 ἂν
2245 1520 2334 1574 τὸν
2374 1520 2592 1592 ἔλεγχον
2621 1523 2678 1575 ἐν
2707 1521 2937 1595 αἰσχύνῃ
2963 1522 3314 1592 ποιήσωνται.
3350 1522 3412 1574 Εἰ
3449 1521 3516 1592 δὴ
3545 1521 3734 1574 ταῦτα

481 1595 826 1653 aﬂectionem
852 1597 1077 1652 verbum
1107 1595 1368 1665 conjecit,
1420 1605 1480 1649 ut
1512 1603 1638 1664 pote
1667 1594 1812 1664 quod
1849 1594 1916 1648 ad
1950 1608 2044 1648 ca-

2154 1611 2319 1674 οὗτως
2343 1613 2476 1682 ἔχοι,
2505 1613 2597 1666 καὶ
2621 1613 2828 1675 δέοντος
2859 1615 2886 1665 ὁ
2913 1594 3070 1679 λόγος
3097 1611 3191 1665 τοῦ
3222 1611 3427 1674 πάθους
3451 1629 3734 1665 κατεστο-

477 1687 653 1744 venda
679 1697 895 1758 peccata
925 1695 1119 1740 natura
1149 1689 1219 1740 sit
1254 1685 1496 1756 ingenita
1515 1685 1781 1755 ejusmodi
1805 1684 2041 1751 aﬁectio,

481 1779 773 1834 honestum
805 1785 889 1832 est
931 1777 1246 1832 existimare
1297 1791 1420 1832 esse
1471 1776 1752 1846 preprium
1787 1775 2045 1831 Ecclesia:

479 1868 888 1935 documentum,
936 1883 997 1922 se
1033 1883 1128 1937 per
1178 1875 1526 1938 peccatorum
1557 1867 1958 1923 confessionem
1991 1875 2046 1921 et

479 1961 908 2016 enuntiationem
936 1969 1082 2014 recte
1099 1977 1307 2030 gerere.
1330 1959 1433 2016 Per
1452 1961 1558 2014 hoc
1575 1961 1720 2015 enim
1743 1961 1868 2015 licet
1889 1975 2042 2014 suam

480 2055 715 2107 animam
756 2067 969 2107 armare
995 2053 1163 2106 armis
1202 2051 1447 2122 pudoris.
1476 2051 1596 2118 Quo
1626 2051 1787 2106 modo
1813 2053 1958 2105 enim
1996 2049 2044 2105 si

479 2148 605 2218 quis
633 2146 703 2201 ob
729 2144 1138 2200 immoderatam
1166 2145 1464 2216 ingluviem
1489 2145 1753 2216 quosdam
1785 2147 2045 2202 humores

479 2246 746 2294 coococtu
780 2237 1032 2292 difﬁciles
1071 2238 1125 2291 in
1164 2252 1224 2292 se
1260 2237 1562 2308 collegerit,
1593 2248 1649 2293 et
1680 2238 1874 2294 deinde
1919 2255 2044 2294 cum

479 2330 910 2387 inﬂammatione
952 2329 1242 2390 laboraret,
1292 2344 1492 2400 corpus
1541 2331 1782 2386 sectione
1819 2339 1873 2386 et
1911 2347 2046 2385 cau-

478 2426 620 2478 terio
649 2431 898 2476 curatum
930 2419 1112 2485 fuerit,
1145 2421 1395 2474 morbum
1434 2422 1601 2476 veluti
1622 2423 1912 2492 quemdam
1942 2439 2047 2492 pa:-

478 2515 751 2587 dagogum
803 2512 965 2567 habet
1002 2511 1068 2566 ad
1099 2513 1393 2568 cavendam
1431 2513 1484 2566 in
1539 2522 1814 2576 posterum
1851 2514 2046 2569 intem-

481 2608 803 2680 perantiam,
837 2613 896 2658 ut
915 2605 1008 2675 qui
1031 2604 1260 2660 cauterii
1289 2605 1602 2660 cicatricem
1629 2606 1811 2660 videat
1840 2607 1894 2660 in
1925 2622 2047 2660 cor-

479 2711 632 2768 pore.
659 2695 734 2748 Ita
757 2695 848 2765 qui
873 2708 970 2764 per
988 2695 1326 2748 occultorum
1351 2695 1778 2750 enuntiationem
1806 2696 2044 2766 seipsum

475 2787 650 2842 veluti
686 2785 1042 2856 prosepserit.
1075 2785 1394 2839 memoriam
1437 2785 1685 2847 affectus,
1709 2803 1869 2857 quem
1902 2803 2048 2843 vere-

2146 1705 2382 1774 χάσατο,
2428 1703 2503 1766 ὡς
2544 1703 2636 1755 ἐπὶ
2672 1702 2883 1773 φυλακῇ
2936 1702 3042 1754 τῶν
3086 1702 3573 1772 πλημμελημάτων
3621 1702 3734 1772 τῆς

2146 1793 2397 1863 τοιαύτης
2440 1791 2732 1854 διαθέσεως
2783 1790 3139 1861 ἐγγινομένης
3189 1794 3256 1862 τῇ
3305 1790 3501 1858 φύσει,
3551 1790 3738 1843 καλόν

2145 1885 2292 1936 ἐστιν
2336 1883 2463 1936 ἰδιον
2500 1882 2726 1954 μάθημα
2773 1883 2871 1953 τῆς
2926 1881 3250 1952 Ἐκκλησίας
3286 1882 3596 1953 ἡγήσασθαι
3667 1884 3738 1935 τὸ

2144 1973 2234 2027 διὰ
2259 1974 2358 2044 τῆς
2381 1972 2784 2044 ἐξαγορεύσεως
2808 1973 2916 2026 τῶν
2937 1972 3488 2043 πεπλημμελημένων
3515 1973 3733 2043 κατόρ⁴

2146 2065 2335 2136 θωμα·
2393 2066 2506 2118 ἔστι
2546 2066 2655 2136 γὰρ
2697 2065 2785 2118 διὰ
2826 2065 3016 2131 τοῦτο,
3051 2068 3148 2135 τὴν
3181 2065 3375 2119 ἐαυτοῦ
3413 2066 3594 2136 ψυχὴν
3647 2067 3731 2136 τῷ

2145 2159 2243 2227 τῆς
2291 2156 2550 2227 αἰσχύνης
2586 2157 2736 2227 ὅπλῳ
2782 2157 3304 2226 κατασφαλίσασθαι.
3359 2160 3574 2230 Ὠσπερ
3611 2160 3731 2229 γὰρ

2147 2250 2309 2314 εἴτις
2336 2253 2398 2304 ἐκ
2426 2249 2761 2321 λαιμαργίας
2795 2250 3034 2322 ἀμέτρου
3065 2251 3412 2315 δυσπέπτους
3436 2253 3591 2314 τινὰς
3626 2270 3732 2320 χυ-

2150 2343 2283 2413 μοὺς
2319 2343 2377 2395 ἐν
2411 2343 2560 2412 αὐτῷ
2590 2341 2901 2413 συναγάγῃ,
2931 2337 3051 2394 εἶτα
3092 2344 3150 2396 ἐν
3175 2342 3452 2414 φλεγμονῇ
3488 2344 3729 2412 γενομέ-

2146 2451 2238 2486 νου
2283 2433 2378 2486 τοῦ
2427 2433 2680 2503 σώματος
2725 2437 2864 2505 τομῇ
2902 2436 2996 2488 καὶ
3035 2435 3304 2505 καυστῆρι
3360 2434 3732 2505 θεραπευθεὶς

2144 2527 2244 2596 τὴν
2281 2527 2453 2582 νόσον.
2483 2527 2732 2599 καθάπερ
2768 2527 2891 2581 τινὰ
2921 2527 3264 2596 παιδαγωγὸν
3292 2528 3430 2598 πρὸς
3454 2527 3555 2599 τὴν
3587 2530 3728 2581 ἀτα-

2149 2614 2268 2679 ξίαν
2296 2615 2409 2685 ἔχοι
2434 2614 2526 2668 τοῦ
2555 2615 2749 2686 ἐφεξῆς
2783 2615 2898 2686 βίου
2917 2658 2931 2682 ,
2961 2617 3059 2688 τὴν
3101 2617 3262 2688 οὐλὴν
3289 2617 3383 2670 τοῦ
3415 2619 3726 2689 καυστῆρος

2147 2706 2240 2759 ἐπὶ
2277 2705 2370 2758 τοῦ
2403 2705 2650 2776 σώματος
2681 2707 2910 2777 βλέπων·
2952 2707 3123 2770 οὕτως
3152 2710 3179 2760 ό
3203 2708 3555 2780 στηλιτεύσας
3593 2711 3725 2762 ἐαυ-

2146 2796 2237 2849 τδν
2257 2795 2346 2849 διά
2371 2795 2472 2865 τῆς
2493 2796 2600 2848 τῶν
2629 2797 2871 2868 κρυφίων
2902 2796 3337 2866 ἐξαγορεύσεως,
3365 2800 3468 2868 τὴν
3499 2803 3724 2872 μνήμην

487 2879 682 2933 cundia
722 2876 911 2940 movit,
947 2875 1112 2930 habet
1144 2891 1242 2946 pro
1271 2877 1566 2947 paedagogo
1604 2877 1671 2931 ad
1700 2878 1864 2932 vitam
1891 2877 2045 2932 dein~

2154 2884 2243 2937 τοῦ
2277 2885 2396 2938 κατ’
2431 2884 2690 2956 αἰσχύνην
2729 2885 2933 2951 πάθους
2966 2887 3102 2960 πρὸς
3137 2886 3229 2941 τὸν
3273 2889 3399 2959 ἑξῆς
3442 2891 3724 2960 παιδαγω-

482 2983 610 3041 ceps
641 2969 923 3040 agendam.

555 3057 682 3112 Haec
713 3067 842 3113 sunt
873 3072 994 3128 quae
1016 3056 1182 3112 discit
1203 3055 1448 3112 Ecclesia
1467 3070 1564 3127 per
1596 3055 1738 3111 hanc
1763 3069 1886 3126 quae
1921 3069 2068 3110 nunc

493 3148 636 3202 facta
661 3157 744 3203 est
768 3147 1083 3212 lectionem,
1107 3161 1295 3202 eorum
1323 3162 1446 3216 qua:
1476 3147 1678 3216 scripta
1717 3158 1844 3202 sunt
1872 3146 1927 3200 in
1958 3146 2067 3201 Ec-

485 3239 760 3294 clesiaste.
795 3238 936 3293 Dicit
975 3240 1121 3293 enim
1151 3239 1320 3292 libera
1355 3253 1506 3302 voce,
1537 3239 1668 3293 illud
1712 3239 1764 3293 in
1793 3239 2069 3309 publicum

488 3328 799 3398 proferens,
826 3337 880 3383 et
911 3328 965 3382 in
989 3327 1234 3382 omnium
1267 3330 1546 3385 hominum
1570 3337 1867 3398 conspectu
1900 3326 2068 3382 veluti

485 3420 803 3490 quamdam,
841 3420 896 3474 in
919 3434 1028 3490 qua
1066 3421 1334 3490 scriptum
1366 3429 1452 3474 est
1491 3420 1718 3489 aliquid,
1749 3421 2063 3474 columnam

487 3518 740 3567 statuens
769 3526 959 3566 eorum
987 3527 1109 3582 quae
1145 3512 1215 3566 ab
1249 3512 1367 3583 ipso
1405 3511 1548 3566 facta
1578 3521 1708 3567 sunt
1738 3511 2070 3566 enuntiatio-

490 3620 638 3668 nem,
665 3619 789 3674 quae
812 3604 1082 3674 ejusmodi
1103 3613 1252 3671 sunt,
1280 3613 1419 3660 utea
1439 3605 1650 3660 nescire
1669 3614 1722 3660 et
1747 3605 1964 3660 silentio
1988 3613 2070 3658 te-

487 3709 614 3765 gere
641 3709 806 3765 quam
843 3695 1026 3750 dicere
1047 3696 1120 3751 sit
1143 3695 1457 3766 gloriosius.
1502 3697 1658 3750 Anne
1683 3706 1862 3752 autem
1902 3696 2068 3760 dicat,

486 3803 614 3841 cum
637 3802 701 3841 ea
727 3802 917 3842 revera
947 3786 1190 3852 fecisset,
1213 3803 1281 3842 an
1323 3787 1536 3859 ﬁngens
1572 3798 1794 3860 pr0pter
1821 3800 2068 3845 nostram

489 3880 800 3944 utilitatem,
825 3889 882 3934 ut
903 3889 1309 3951 consequenter
1329 3879 1396 3933 ad
1441 3897 1668 3951 scapum
1700 3881 2072 3936 deducatora-

487 3973 716 4036 tionem,
742 3986 850 4026 non
870 3986 1096 4042 possum
1120 3987 1368 4028 asserere
1395 3988 1484 4027 :ea
1498 3981 1648 4028 certe
1661 3972 1818 4043 dicit,
1833 3989 1955 4044 qua:
1975 3973 2069 4042 qui

488 4065 750 4118 viitutem
776 4064 880 4118 sibi
906 4065 1183 4136 proponit,
1211 4081 1322 4120 non
1345 4065 1596 4120 lubenter
1625 4066 1941 4121 adsciverit.
1961 4064 2069 4119 Sed

2149 2973 2243 3042 γδν
2269 2973 2471 3027 τίθεται
2499 2973 2630 3042 βίον.

2229 3057 2413 3111 Ταῦτα
2438 3057 2615 3110 τοίνυν
2638 3057 2805 3120 ἐστὶν,
2826 3056 2863 3112 ἃ
2887 3056 2977 3111 διὰ
3001 3058 3100 3128 τῆς
3122 3056 3218 3111 νῦν
3243 3057 3609 3128 ἀναγνώσεως
3625 3060 3734 3113 τῶν

2157 3151 2217 3205 ἐν
2283 3149 2363 3220 τῷ
2417 3151 2812 3220 Ἐκκλησιαστῇ
2872 3151 3276 3221 γεγραμμένων
3338 3152 3370 3221 ἡ
3436 3153 3732 3222 Ἐκκλησία

2159 3239 2489 3294 παιδεύεται.
2517 3239 2678 3306 Λέγει
2728 3239 2838 3308 γάρ
2872 3239 3132 3311 ἐλευθέρᾳ
3194 3244 3344 3310 φωνῇ
3393 3241 3734 3312 δημοσιεύων

2159 3331 2354 3394 ἐκεῖνο,
2391 3328 2486 3382 καὶ
2513 3329 2606 3380 ἐπὶ
2619 3328 2834 3380 πάντων
2855 3327 3159 3399 ἀνθρώπων
3190 3329 3441 3400 καθάπερ
3462 3332 3587 3384 τινὰ
3619 3333 3734 3400 στή-

2158 3421 2260 3492 λην
2285 3422 2560 3492 ἔγγραφον
2603 3419 2876 3484 ἀνατιθεὶς
2909 3420 3007 3489 τὴν
3047 3421 3157 3474 τῶν
3185 3424 3574 3493 γεγενημένων
3607 3426 3733 3495 παρ’

2159 3513 2323 3568 αὐτοῦ
2351 3513 2722 3583 ὲξαγόρευσιν,
2757 3512 2793 3565 ἃ
2825 3511 3050 3567 τοιαῦτά
3079 3516 3244 3574 ἐστιν,
3282 3513 3357 3577 ὡς
3383 3515 3483 3584 τὴν
3513 3517 3736 3577 ἄγνοιαν

2158 3605 2335 3661 αὐτῶν
2373 3607 2466 3658 καὶ
2496 3605 2593 3675 τὴν
2611 3604 2820 3676 σιωπὴν
2851 3599 2990 3658 εἰναι
3023 3605 3118 3659 τοῦ
3163 3607 3322 3674 λόγου
3364 3608 3733 3679 ἐνδοξοτέραν.

2157 3698 2320 3766 Λέγει
2341 3697 2478 3759 δὲ,εἰ
2513 3695 2612 3766 μὲν
2639 3696 2852 3766 ἀληθῶς
2885 3698 3202 3767 πεποιηκὼς
3229 3694 3284 3769 ᾖ,
3312 3698 3485 3752 ταῦτα
3525 3701 3618 3754 διὰ
3640 3701 3735 3771 τὴν

2159 3790 2431 3862 ἡμετέραν
2451 3789 2715 3856 ὠφέλειαν
2746 3788 3140 3860 πλασσόμενος,
3171 3791 3255 3859 ἐφ’
3280 3783 3326 3857 ᾧ
3349 3808 3408 3843 τε
3429 3791 3497 3844 δι’
3512 3791 3736 3845 ἀκολού-

2159 3879 2253 3933 θου
2281 3878 2370 3931 τὸν
2394 3877 2547 3945 λόγον
2573 3878 2708 3948 πρὸς
2738 3878 2829 3932 τὸν
2867 3879 3068 3932 σκοπὸν
3099 3880 3444 3951 διαπερᾶναι,
3484 3882 3592 3936 οὐκ
3633 3883 3737 3953 ἔχω

2157 3969 2316 4024 τοῦτο
2339 3969 2454 4040 μετ’
2477 3969 2760 4039 ἀκριϐείας
2787 3972 2958 4023 εἰπεῖν
2975 3987 2989 4002 ε
3016 3969 3162 4038 λέγει
3184 3971 3230 4024 δ’
3261 3968 3354 4025 οὗν
3384 3973 3540 4044 ὅμως
3567 3975 3735 4028 ταῦτα

2159 4055 2240 4122 οἷς
2301 4059 2401 4111 οὐκ
2451 4057 2518 4111 ἂν
2545 4058 2575 4110 ό
2607 4058 2744 4129 πρὸς
2796 4059 2998 4130 ἀρετὴν
3036 4059 3250 4129 βλέπων
3305 4063 3577 4126 ἑκουσίως
3616 4081 3738 4116 συνο

487 4171 556 4210 an
580 4165 732 4211 certo
747 4156 985 4212 consilio
1012 4173 1134 4226 quae
1159 4174 1267 4211 non
1294 4157 1436 4212 facta
1471 4165 1602 4213 sunt
1639 4167 1897 4227 tanquam
1925 4156 2054 4212 facta

2165 4149 2432 4219 ενεχθείη.
2459 4147 2597 4201 Ἀλλ’
2621 4149 2728 4202 εἴτε
2753 4150 3065 4220 οἰκονομίας
3089 4152 3250 4223 χάριν
3265 4153 3333 4206 τὰ
3348 4154 3424 4224 μὴ
3446 4157 3734 4225 γενόμενα.

490 4247 840 4317 prosequitur
868 4256 924 4302 et
958 4249 1325 4319 reprehendit,
1349 4249 1523 4320 utqui
1547 4264 1611 4304 ea
1631 4250 1705 4304 sit
1733 4259 1991 4318 expertus
2011 4260 2054 4303 ul

2161 4240 2235 4303 ὼς
2261 4239 2517 4308 γεγονότα
2561 4238 2800 4304 διέξεισι,
2853 4241 2946 4293 καὶ
2999 4246 3296 4312 κατηγορεί
3340 4243 3418 4306 ὠς
3475 4244 3541 4298 ἐν
3579 4245 3738 4316 πίρᾳ

488 4343 639 4412 prius
666 4355 829 4410 quam
864 4353 1052 4394 eorum
1089 4339 1356 4394 faciamus
1383 4340 1710 4410 periculum,
1739 4354 1927 4394 eorum
1949 4355 2071 4410 qua:

488 4429 967 4498 reprehenduntur
979 4430 1213 4485 vitemus
1231 4429 1592 4495 desiderium,
1613 4444 1683 4484 an
1698 4429 1887 4486 volens
1903 4431 1970 4485 ad
1986 4432 2070 4487 his

489 4521 782 4576 fruendum
806 4537 867 4576 se
889 4521 1194 4584 demiserit,
1218 4528 1278 4574 ut
1309 4521 1474 4576 etiam
1501 4536 1596 4592 per
1628 4536 1720 4576 res
1763 4521 2073 4578 contrarias

470 4635 474 4642 ι
490 4630 622 4669 suos
642 4629 842 4669 sensus
861 4621 1162 4679 exerceret,
1184 4615 1346 4668 liceat
1362 4614 1568 4668 volenti
1594 4629 1756 4684 quam
1773 4615 1903 4670 velit
1924 4615 1992 4670 de
2006 4630 2072 4670 ea

489 4722 552 4762 re
583 4707 762 4761 facere
787 4706 1183 4775 conjecturam.
1215 4705 1273 4760 Si
1303 4706 1427 4776 quis
1452 4715 1638 4760 autem
1662 4707 1811 4760 dicat
1837 4722 1961 4761 eum
1994 4720 2076 4760 re-

488 4813 619 4853 vera
645 4812 834 4852 eorum
859 4813 982 4868 qua:
1001 4797 1251 4866 jucunda
1269 4807 1398 4854 sunt
1423 4796 1622 4853 fecisse
1643 4795 1973 4866 periculum,
1993 4793 2075 4850 sic

491 4891 892 4948 existimamus.
943 4888 1062 4954 Quo
1098 4884 1261 4940 modo
1301 4885 1444 4939 enim
1497 4882 1591 4952 qui
1632 4884 1799 4935 maris
1836 4880 2061 4950 profun-

491 4985 622 5038 dum
656 4983 913 5044 subeunt,
943 4988 997 5033 et
1028 4979 1082 5032 in
1118 4975 1287 5030 fundo
1318 4974 1486 5028 maris
1513 4978 1783 5042 quierunt,
1814 4985 1880 5023 an
1921 4967 2061 5022 forte

493 5077 735 5146 aliquam
771 5073 1018 5128 invenire
1049 5073 1259 5141 possint
1308 5067 1682 5137 margaritam,
1729 5073 1823 5118 aut
1853 5063 2060 5132 aliquid

490 5167 639 5221 aliud
690 5165 835 5236 quod
878 5163 1122 5219 nascitur
1160 5162 1214 5215 in
1267 5158 1559 5230 profundo,
1609 5156 1808 5226 quibus
1855 5154 2058 5208 nullam

491 5257 710 5326 quidem
757 5257 1088 5325 voluptatem
1137 5251 1292 5306 alIert
1329 5265 1450 5320 quae
1484 5249 1585 5303 sub
1624 5262 1762 5318 aqua
1805 5254 1890 5300 est
1927 5245 2062 5297 allii-

489 5351 620 5413 ctio,
659 5350 753 5404 sed
799 5363 926 5418 spes
977 5345 1114 5401 lucri
1151 5343 1351 5406 effecit,
1407 5349 1467 5395 ut
1524 5356 1584 5395 se
1632 5341 1684 5393 in
1727 5336 2058 5407 profundum

492 5442 872 5507 immergerent
903 5457 917 5494 :
949 5439 1023 5494 ita
1059 5439 1107 5492 si
1154 5437 1210 5491 in
1245 5436 1331 5490 his
1363 5440 1612 5488 versatus
1655 5439 1739 5486 est
1772 5429 2054 5493 Solomon,

2159 4329 2465 4399 γενόμενος,
2493 4329 2579 4384 ἵνα
2603 4331 2762 4400 ἡμεῖς
2809 4329 2916 4401 πρὸ
2955 4332 3054 4402 τῆς
3083 4334 3277 4402 πείρας
3310 4332 3414 4405 τὴν
3455 4334 3568 4388 τῶν
3611 4353 3737 4389 κατ-

2159 4417 2512 4488 ηγορημένων
2538 4415 2830 4488 ἐπιθυμίαν
2855 4418 3212 4491 ἐκκλίνωμεν,
3246 4421 3357 4474 εἴτε
3373 4422 3469 4475 καὶ
3497 4423 3736 4495 καθῆκεν

2161 4507 2349 4560 ἐαυτὸν
2369 4507 2630 4570 ἑκουσίως
2664 4507 2799 4577 πρὸς
2845 4509 2944 4578 τὴν
2973 4509 3084 4563 τῶν
3127 4513 3384 4566 τοιούτων
3409 4515 3732 4582 ἀπόλαυσιν,

2159 4597 2300 4651 ὥστε
2347 4598 2440 4651 καὶ
2486 4597 2555 4678 τά
2615 4599 2944 4670 αἰσθητήρια
2985 4601 3179 4655 ἐαυτοῦ
3226 4603 3314 4658 διά
3349 4607 3461 4659 τῶν
3481 4608 3736 4662 ἐναντίων

2160 4687 2455 4758 γυμνάσαι,
2508 4687 2816 4756 προκείσθω
2855 4693 2973 4744 κατ’
3020 4692 3270 4757 ἐξουσίαν
3298 4696 3374 4767 τῷ
3404 4697 3735 4771 βουλομένῳ,

2162 4780 2245 4847 ἐφ’
2264 4779 2398 4850 ὅπερ
2419 4777 2484 4832 ἂν
2503 4778 2662 4850 ἐθέλῃ
2683 4780 2773 4832 τὸν
2796 4784 3098 4854 στοχασμὸν
3121 4786 3292 4853 ἄγειν.
3319 4789 3381 4840 Εἰ
3415 4789 3473 4842 δέ
3490 4807 3578 4856 τις
3598 4793 3739 4862 λέγοι

2159 4869 2238 4942 τῷ
2269 4870 2382 4924 δντι
2422 4871 2743 4942 γεγενῆσθαι
2787 4875 2847 4926 ἐν
2875 4877 2939 4945 τῇ
2973 4875 3082 4930 τῶν
3118 4877 3292 4948 ἡδέων
3348 4881 3536 4953 πείρᾳ,
3571 4883 3740 4947 οὔτως

2162 4963 2636 5034 ὑπολαμϐάνομεν.
2683 4965 2954 5037 Καθάπερ
2974 4969 3084 5038 γάρ
3123 4970 3173 5021 οἰ
3205 4971 3298 5024 ἐπὶ
3331 4972 3427 5024 τὸν
3452 4974 3617 5043 βυθὸν
3647 4978 3740 5046 τῆς

2163 5058 2432 5126 θαλάττης
2460 5055 2729 5127 δυόμενοι,
2777 5060 2871 5112 καὶ
2901 5059 3283 5132 διερευνῶντες
3312 5067 3372 5117 ἐν
3395 5065 3473 5136 τῷ
3506 5069 3740 5139 πυθμένι

2161 5147 2253 5201 τοῦ
2306 5147 2514 5212 ὓδατος,
2561 5148 2612 5200 εἴ
2657 5148 2757 5200 πού
2816 5167 2936 5202 τινα
2991 5154 3337 5226 μαργαρίτην
3375 5156 3661 5230 εὖροιεν,ἡ
3691 5177 3739 5210 τι

2161 5239 2287 5294 ἄλλο
2303 5237 2541 5292 τοιοῦτον
2560 5238 2667 5292 τῶν
2689 5242 2746 5292 ὲν
2775 5240 2920 5312 βυθῷ
2937 5245 3291 5315 τικτομένων,
3322 5242 3401 5311 οἷς
3432 5250 3629 5324 ἡδονὴν
3647 5251 3738 5322 μὲν

2161 5331 2416 5402 οὐδεμίαν
2442 5335 2474 5402 ἡ
2509 5333 2613 5386 ὑπὸ
2661 5334 2724 5387 τδ
2766 5335 2908 5408 ὕδωρ
2936 5339 3282 5413 ταλαιπωρία
3308 5345 3488 5414 φέρει,
3510 5351 3546 5418 ἡ
3572 5348 3628 5401 δὲ
3648 5347 3737 5401 τοῦ

2163 5424 2384 5495 κέρδους
2408 5423 2563 5488 ἐλπὶς
2587 5424 2799 5496 βυθίους
2831 5429 3090 5501 ἐποίησεν
3113 5448 3128 5462 ⁶
3157 5432 3332 5498 οὕτως
3375 5439 3424 5491 εἰ
3457 5437 3678 5507 γέγονεν
3711 5440 3742 5489 ὁ

559 5576 635 5639 (a)
679 5573 858 5628 Locus
900 5589 966 5626 ex
1026 5587 1183 5631 mss.,
1227 5570 1309 5624 sic
1339 5570 1680 5640 supplendos
1709 5589 1722 5625 :
1755 5573 1847 5640 ύφ.
1889 5572 1942 5624 ά.
1971 5572 2054 5624 Μᾶ

2154 5589 2185 5620 ην
2213 5570 2269 5622 δὲ
2301 5569 2633 5640 κυριώτερον
2663 5569 2729 5622 ἄν
2755 5586 2840 5633 τις
2866 5568 3148 5623 καθίκοιτο
3181 5568 3284 5639 τῆς
3310 5570 3422 5640 τῶν
3457 5570 3740 5639 ὀνομάτων

483 5637 774 5710 ἐμφάσεως
820 5642 1008 5712 εἰπὼν,
1052 5640 1311 5712 αἰσχύνην
1342 5637 1647 5712 λμὲνμείναι
1671 5641 1781 5712 τὴν
1804 5637 1954 5712 ’μετὰ
1983 5641 2196 5712 ηπρὰξιν
2223 5640 2331 5692 τῶν
2362 5637 2826 5712 κατεγνωσμένων
2851 5637 3250 5712 ἐπιγινομένην
3276 5639 3459 5712 ναξδὼ,
3501 5637 3635 5694 αἰδὼ

483 5707 716 5784 κατὰτὸ
739 5711 1094 5784 ἀντίστροφον
1262 5707 1368 5778 πρὸ
1389 5709 1499 5784 τοῦ
1555 5707 1898 5784 γενέσθᾳι’τι
1937 5707 2058 5784 τῷν
2085 5707 2548 5784 κατεγνωσμένων
2590 5707 2852 5782 αἰσχύνην
2879 5707 3050 5784 δι”ἡς
3150 5707 3304 5782 ἁρμὴ
3337 5712 3447 5766 τῶν
3480 5710 3743 5783 ἀπρεπῶν

485 5779 874 5834 ἀνακόπτεται.
903 5779 1083 5833 Δείκν.
1118 5779 1266 5834 δὲ....
1304 5780 1491 5835 παθῶν
1523 5779 1730 5836 τούτων
1752 5781 1986 5852 διαφορά
2016 5798 2071 5836 κ.
2093 5799 2145 5836 τ.
2176 5781 2224 5834 λ.
2263 5780 2419 5836 Enn.
