3870 6220
181 311 293 366 0‘55

1247 300 1324 365 'N
1363 294 1892 364 ECCLESIASTEN.
1932 306 2213 364 HOMILIA
2250 306 2331 363 Ill.

3322 307 3428 365 6N

179 422 433 493 Σολομὼν
478 423 537 476 ὲν
587 422 815 487 τούτοις,
866 423 1084 487 πάντως
1122 419 1311 495 ὥσπερ
1354 440 1439 487 τις
1474 422 1582 476 τῶν
1619 419 1756 474 κατὰ

1863 422 2081 477 omnino
2115 435 2171 478 ut
2214 423 2486 494 quispiam
2520 438 2585 478 ex
2636 423 2704 479 iis
2745 423 2839 494 qui
2889 438 3160 495 purpuras
3199 424 3254 479 in
3291 429 3427 481 mari

178 516 454 569 θάλατταν
500 514 973 588 πορφυρευόντων,
1032 514 1222 567 ἑαυτὸν
1269 513 1437 567 ἔδωκε
1485 516 1552 584 τῇ
1581 513 1757 582 τρυφῇ

177 607 509 681 ὑποϐρύχιον
531 624 545 637 °
590 607 689 660 οὐκ
720 608 806 675 ἐφ’
826 600 931 674 ᾧτε
958 605 1404 676 καταπλησθῆναι
1430 604 1531 675 τῆς
1562 604 1758 657 θαλατ-

175 700 300 762 τίας
338 699 538 769 ἆλμης,
593 698 772 768 ἅλμην
808 698 867 752 δὲ
914 698 1055 766 λέγω
1090 698 1190 767 τὴν
1218 696 1410 767 ἡδονήν
1433 713 1447 729 ·
1491 695 1627 749 ἀλλὰ
1663 694 1758 748 τοῦ

175 789 413 861 ζητῆσαι
444 791 498 842 τί
530 792 596 859 τῇ
628 789 839 859 διανοίᾳ
869 790 1137 859 χρήσιμον
1162 791 1219 842 ὲν
1244 788 1322 858 τῷ
1346 787 1570 857 τοιούτῳ
1592 785 1755 857 βυθῷ.

174 885 464 955 Χρήδσιμον
489 883 535 935 δ’
565 883 629 937 ἂν
678 882 764 953 εἴη
798 882 884 936 διὰ
916 882 1023 935 τῶν
1069 880 1325 934 τοιούτων
1351 880 1755 952 εὑρισκόμενον,

177 975 321 1028 κατά
359 992 423 1042 γε
448 975 537 1028 τὸν
566 975 699 1044 ὲμὸν
723 973 1097 1045 στοχασμὸν,ἢ
1128 974 1190 1026 τὸ
1219 972 1368 1043 ἁμϐλ
1380 972 1501 1026 ῦναι
1538 971 1636 1035 τὰς
1662 970 1755 1023 τοῦ

176 1067 432 1137 σώματος
481 1067 676 1138 ὁρμάς,
734 1067 824 1119 διὰ
857 1066 950 1119 τοῦ
982 1067 1257 1136 προθεῖναι
1290 1068 1413 1119 κατ’
1456 1064 1704 1129 ἐξουσίαν
1728 1062 1757 1115 ὃ

176 1159 449 1229 βούλεται.
506 1158 649 1230 Πρὸς
695 1158 803 1227 γὰρ
854 1158 915 1211 τὸ
944 1158 1287 1228 κωλυόμενον
1324 1156 1758 1227 φιλονεικοτέρας

174 1253 263 1305 ἀεὶ
290 1251 392 1314 τὰς
426 1252 666 1322 κινήσεις
712 1253 745 1321 ἡ
789 1250 950 1320 φύσις
980 1250 1111 1321 ἔχει.
1144 1251 1300 1303 Ἤτοι
1327 1250 1421 1303 τοῦ
1445 1249 1754 1316 ἀξιοπίστου

174 1343 359 1415 χάριν,
423 1343 481 1397 ὲν
530 1342 739 1406 τούτοις
759 1342 972 1411 γίνεται
1013 1344 1043 1395 ό
1080 1341 1423 1404 διδάσκαλος,
1450 1340 1526 1405 ὡς
1559 1344 1754 1412 μηκέτι

172 1437 287 1497 τοῖς
310 1432 620 1504 ἀνθρώποις
641 1433 919 1486 ἀσπαστὸν
947 1432 1269 1503 νομισθῆναι
1308 1433 1370 1486 τὸ
1412 1449 1757 1504 καταπεφρο-

172 1526 408 1596 νημένον
440 1527 670 1595 πρᾶγμα
693 1524 797 1577 ὑπὸ
830 1524 923 1577 τοῦ
951 1524 1039 1576 διά
1062 1525 1160 1593 τῆς
1203 1524 1396 1595 πείρας
1423 1523 1755 1594 διδαχθέντος

171 1620 233 1671 τὺ
290 1617 539 1689 μάταιον.
591 1617 699 1670 Ka't
750 1617 857 1689 γάρ
909 1617 1004 1669 καὶ
1052 1618 1176 1678 τοὺς
1234 1615 1450 1686 ἰατρούς
1489 1632 1650 1683 φασιν
1697 1616 1756 1668 ὲν

172 1710 374 1779 ἐκείνῳ
429 1708 731 1780 κατορθοῦν
764 1708 863 1778 τὴν
910 1707 1125 1778 τέχνην,
1157 1704 1217 1761 οὗ
1262 1709 1328 1762 ἂν
1357 1707 1446 1760 διὰ
1472 1707 1579 1761 τῶν
1611 1708 1754 1760 ἰδίων

173 1802 448 1873 σωμάτων
493 1801 555 1855 τὸ
598 1796 738 1864 εἶδος
788 1801 887 1871 τῆς
925 1801 1233 1872 ἀρρωστίας
1288 1799 1615 1869 γνωρίσωσι,
1661 1799 1755 1852 καὶ

170 1893 573 1965 άσφαλέστεροι
605 1892 715 1946 τῶν
728 1892 984 1946 τοιούτων
1005 1892 1240 1961 γίνονται
1264 1892 1328 1945 σύ
1337 1892 1557 1962 μδουλοί
1580 1909 1636 1944 τε
1659 1892 1754 1945 καὶ

171 1985 531 2057 θεραπευταὶ,
552 1978 627 2039 ὧν
654 1985 743 2038 διὰ
769 1985 864 2038 τοῦ
895 1985 1405 2056 προθεραπευθῆναι
1430 1985 1527 2057 τὴν
1556 1985 1754 2053 γνῶσιν

169 2074 317 2148 εἰχον
335 2094 349 2108 ο
378 2079 487 2147 ὅσῳ
506 2076 583 2148 τῷ
608 2076 723 2148 ἰδίῳ
756 2075 919 2131 πάθει
953 2077 1435 2147 προεδιδάχθησαν.

249 2171 482 2240 Ἴδωμεν
501 2170 679 2223 τοίνυν
698 2169 750 2222 τί
776 2168 926 2237 λέγει
960 2169 1287 2222 πεπονθέναι
1307 2169 1384 2240 τῷ
1415 2168 1537 2223 καθ’
1565 2169 1753 2222 ἑαυτὸν

170 2261 293 2333 βίῳ,
318 2264 350 2315 ό
382 2261 473 2314 τὸν
504 2262 773 2333 ἡμέτερον
800 2261 1067 2331 ίατρεύων
1102 2261 1236 2331 βίον.
1274 2281 1291 2313 ι
1338 2262 1698 2333 Ἐμεγάλυνα,
1728 2281 1747 2313 ι

168 2355 330 2425 φησι,
370 2372 387 2404 ι
422 2352 637 2423 ποίημά
668 2369 793 2422 μου,
840 2350 1166 2423 ᾠκοδόμησα
1205 2351 1404 2416 οἴκους.
1446 2373 1463 2404 ι
1491 2353 1665 2415 Εὐθὺς
1690 2354 1754 2406 ὲκ

168 2440 517 2513 κατηγορίας
566 2442 595 2493 ὁ
644 2440 800 2510 λόγος
850 2440 1099 2512 ἄρχεται.
1134 2442 1208 2495 Ού
1267 2443 1377 2513 γάρ
1402 2442 1462 2495 τὸ
1488 2442 1583 2496 τοῦ
1619 2442 1752 2496 Θεοῦ

166 2532 390 2604 ποίημά
416 2549 601 2601 φησιν,
636 2532 773 2603 ὅπερ
792 2532 909 2602 εἰμὶ
961 2533 1093 2600 ἐγὼ,
1124 2533 1258 2587 ἀλλὰ
1290 2534 1351 2587 τὸ
1388 2534 1520 2604 ἐμὸν
1553 2535 1753 2605 ἐμεγά-

165 2624 329 2678 λυνα.
376 2624 539 2695 Ἐμὸν
568 2624 780 2695 ποίημα
812 2624 968 2677 οὐδέν
996 2626 1142 2678 ἐστιν
1173 2626 1319 2689 ἄλλο,
1346 2626 1379 2696 ἢ
1413 2628 1549 2698 ὅπερ
1572 2630 1638 2697 τῇ
1665 2628 1752 2681 αξ-

168 2714 365 2784 σθήσει
398 2715 498 2784 τὴν
517 2714 707 2784 ἡδονὴν
758 2714 931 2783 φέρει.
969 2715 1127 2766 Ἔστι
1168 2715 1224 2768 δὲ
1259 2714 1417 2767 τοῦτο
1437 2715 1496 2768 τὸ
1522 2716 1751 2785 ποίημα,

165 2806 250 2877 τῷ
278 2808 379 2877 μὲν
412 2806 613 2876 γενικῷ
640 2805 783 2876 λόγῳ
809 2806 889 2871 ἓν,
912 2810 978 2878 τῇ
1001 2807 1059 2860 δὲ
1092 2806 1230 2860 κατὰ
1255 2806 1449 2859 λεπτὸν
1473 2806 1752 2878 διαιρέσει,

163 2903 252 2963 είς
285 2900 459 2952 πολλὰ
504 2902 623 2963 ταῖς
654 2899 752 2970 τῆς
778 2900 991 2970 τρυφῆς
1032 2899 1243 2970 χρείαις
1280 2898 1754 2967 καταναγκάζεται

168 2992 517 3066 μερίζεσθαι.
536 2991 640 3045 Τὸν
671 2991 781 3062 γὰρ
804 2990 951 3057 ἂπαξ
1000 2990 1153 3054 ὲντὸς
1174 2990 1273 3059 τῆς
1302 2990 1434 3061 ῦλης
1463 2990 1556 3044 τοῦ
1592 2990 1753 3060 βυθοῦ

162 3087 487 3156 γινόμενον,
553 3083 767 3153 ἀνάγκη
827 3084 975 3136 πᾶσα
1022 3082 1326 3152 πανταχόσε
1354 3082 1444 3136 τὸν
1480 3082 1755 3153 ὀφθαλμὸν
1782 3124 1828 3185 C

160 3177 481 3249 περιάγειν,
505 3174 627 3229 ὅθεν
648 3174 713 3228 ἂν
796 3173 1018 3227 δυνατὸν
1047 3174 1236 3245 ἡδονὴν
1265 3176 1552 3244 ἐκφυῆναι.
1569 3175 1755 3229 Καθά-

163 3293 282 3346 περ
320 3274 430 3345 γὰρ
460 3276 524 3326 ἐκ
553 3273 680 3343 μιᾶς
716 3272 896 3342 πηγῆς
928 3271 1167 3341 πολλαχῆ
1198 3270 1287 3324 διὰ
1326 3271 1578 3342 σωλήνων
1608 3272 1757 3342 ὀχετ-

169 3370 401 3439 ηγεῖται
438 3366 498 3418 τὸ
532 3363 697 3435 ῦδωρ,
757 3364 854 3416 καὶ
890 3363 1043 3416 οὐδὲν
1081 3358 1242 3433 ἦττον
1296 3362 1328 3433 ἦ
1358 3363 1418 3416 τὸ
1453 3362 1595 3433 ὕδωρ
1619 3364 1755 3427 ἐστὶ,

163 3459 231 3512 τὸ
262 3461 327 3510 ἐκ
353 3457 450 3528 τῆς
478 3456 658 3527 πηγῆς
689 3453 1065 3526 μεριζόμενον,
1109 3454 1211 3508 κᾶν
1262 3455 1320 3507 ἐν
1356 3454 1569 3525 μυρίοις
1595 3472 1758 3527 κρου-

166 3553 283 3612 νοῖς
322 3549 476 3619 τύχοι
536 3547 689 3619 ῥέον·
727 3545 872 3599 οὕτω
917 3546 1014 3616 μία
1048 3548 1113 3615 τῇ
1154 3545 1315 3614 φύσει
1350 3541 1485 3599 οὖσα
1515 3549 1547 3615 ἡ
1576 3547 1758 3618 ἡδονὴ,

165 3642 350 3703 ἄλλως
383 3639 476 3693 καὶ
504 3637 678 3700 ἄλλως
710 3638 768 3690 ὲν
800 3639 921 3699 ταῖς
950 3636 1059 3688 τῶν
1097 3637 1542 3707 ἐπιτηδευμάτων
1568 3638 1759 3707 διαφο-

170 3735 298 3803 ραῖς
324 3729 632 3785 ὑπονοοῦσα
660 3729 772 3800 ῥέει
803 3727 1103 3797 πανταχοῦ,
1137 3732 1256 3792 ταῖς
1280 3729 1373 3782 τοῦ
1409 3729 1523 3800 βίου
1551 3732 1761 3801 χρείαις

167 3827 378 3893 ἑαυτὴν
418 3822 833 3889 συνεισάγουσα.
864 3816 989 3873 Οἷον
1012 3822 1041 3873 ὁ
1072 3819 1183 3890 βίος
1210 3821 1514 3888 ἀναγκαίαν
1537 3822 1759 3892 ἐποίησε

165 3919 237 3988 τῇ
272 3916 433 3985 φύσει
486 3914 586 3985 τὴν
618 3915 829 3984 οἴκησιν
851 3930 864 3945 ·
898 3911 1288 3983 ἀσθενέστερον
1314 3911 1422 3984 γὰρ
1453 3913 1667 3983 πέφυκε
1698 3914 1761 3965 τὸ

166 4004 539 4076 ἀνθρώπινον,
559 4003 749 4075 ῆῶστε
774 4002 874 4064 τάς
900 4003 963 4053 ὲκ
990 4000 1085 4053 τοῦ
1104 4001 1340 4066 θάλπους
1360 4019 1419 4055 τε
1445 4004 1537 4056 καὶ
1562 4002 1760 4074 κρύους

167 4097 492 4169 ἀνωμαλίας
531 4097 736 4165 φέρειν.
767 4094 946 4164 Μέχρι
979 4093 1171 4147 τούτου
1217 4096 1246 4147 ὁ
1297 4090 1443 4157 οἶκος
1481 4093 1593 4162 ἔχει
1624 4095 1759 4163 πρὸς

166 4197 273 4266 τὴν
307 4193 455 4262 ζωὴν
475 4192 535 4245 τὸ
562 4190 854 4261 ὠφέλιμον,
892 4188 1029 4242 ἀλλὰ
1060 4189 1122 4242 τὸ
1138 4187 1427 4259 παρελθεῖν
1448 4189 1573 4251 τοὺς
1601 4189 1757 4259 ὅρους

166 4287 275 4358 τῆς
300 4284 494 4355 χρείας
523 4284 557 4353 η
584 4281 745 4352 ἡδονὴ
774 4280 865 4332 τὸν
898 4279 1183 4349 ἄνθρωπον
1213 4278 1489 4332 ἐϐιάσατο.
1526 4280 1616 4342 Ὠς
1650 4280 1759 4349 γάρ

165 4380 296 4450 ούχὶ
324 4377 539 4447 σώματι
581 4375 642 4428 τὸ
664 4373 921 4444 χρειῶδες
951 4371 1211 4443 πορίζων,
1251 4372 1385 4425 ἀλλὰ
1414 4374 1525 4436 τοῖς
1562 4372 1759 4441 ὀφθαλ-

1860 525 2149 580 venantur,
2203 517 2443 587 seipsum
2499 516 2767 572 immersit
2817 517 2871 571 in
2911 517 3318 574 deliciasznon
3370 529 3431 573 ut

1862 608 2073 662 marina
2123 607 2438 677 impleretur
2485 609 2763 679 salsugine
2813 627 2827 664 :
2871 609 3202 679 salsuginem
3248 618 3429 664 autem

1860 700 1983 755 dico
2016 700 2378 770 voluptatem:
2402 700 2497 757 sed
2529 709 2589 755 ut
2620 708 2887 771 quaereret
2917 701 3046 771 quid
3086 702 3143 756 in
3173 702 3276 762 hoc
3306 690 3431 771 pro-

1862 790 2033 845 fundo
2055 792 2239 845 animo
2271 791 2345 846 sit
2377 792 2528 846 utile.
2556 790 2700 847 Utile
2734 801 2912 848 autem
2943 801 3027 849 est
3068 794 3212 863 quod
3243 809 3340 864 per
3367 808 3430 847 ea

1860 879 2178 945 invenitur,
2240 890 2299 935 ut
2350 896 2471 936 mea
2511 883 2730 951 quidem
2785 890 2871 938 est
2916 882 3236 951 conjectura
3268 919 3284 946 ,
3338 892 3433 937 aut

1860 974 2150 1029 retundere
2182 974 2427 1044 corporis
2457 974 2840 1044 appetitiones,
2884 983 3172 1045 propterea
3202 974 3347 1045 quod
3379 977 3429 1029 ei

1858 1068 2118 1135 objicitur
2170 1067 2224 1121 id
2266 1068 2411 1138 quod
2468 1067 2742 1122 desiderat
2785 1085 2800 1122 :
2845 1068 2915 1122 ad
2965 1068 3019 1123 id
3080 1068 3223 1123 enim
3282 1069 3428 1138 quod

1857 1168 2075 1215 vetatur
2102 1175 2316 1229 semper
2341 1159 2774 1215 vehementiores
2808 1169 2987 1215 motus
3012 1160 3175 1215 habet
3208 1170 3434 1215 natura:

1858 1260 1951 1306 aut
1983 1260 2042 1305 ut
2080 1253 2151 1308 sit
2180 1252 2283 1308 ﬁde
2316 1253 2513 1322 dignus
2545 1253 2599 1306 in
2631 1252 2717 1307 his
2758 1260 3009 1308 versatur
3039 1255 3318 1323 magister,
3359 1267 3429 1306 ne

1857 1345 2091 1414 amplius
2128 1343 2196 1397 ab
2223 1343 2537 1399 hominibus
2576 1353 2865 1400 censeatur
2906 1344 3204 1411 expetenda
3250 1360 3336 1399 res
3364 1359 3429 1398 ea

1857 1453 1978 1507 quae
2027 1438 2095 1492 ab
2154 1452 2220 1493 eo
2264 1437 2365 1492 fuit
2402 1447 2731 1508 contempta,
2776 1439 2872 1509 qui
2922 1438 3254 1509 experientia
3296 1438 3431 1491 dicit

1856 1544 2019 1600 quam
2049 1530 2121 1585 sit
2150 1543 2308 1586 vana.
2356 1529 2487 1585 Nam
2519 1531 2759 1587 medicos
2782 1546 2999 1601 quoque
3031 1532 3212 1585 ferunt
3252 1530 3341 1584 illa
3375 1532 3428 1584 in

1856 1639 1916 1677 re
1940 1638 1997 1678 se
2029 1623 2233 1691 Optime
2270 1638 2334 1678 ex
2366 1631 2482 1676 arte
2515 1638 2725 1693 gerere,
2764 1623 2923 1693 cujus
2956 1623 3133 1677 morbi
3168 1638 3339 1693 genus
3376 1623 3428 1676 in

1859 1715 1977 1770 suis
2008 1722 2381 1785 cognoverunt
2433 1715 2754 1786 corporibus
2787 1714 2895 1770 :de
2941 1714 3119 1784 iisque
3161 1713 3333 1769 tutius
3378 1724 3432 1768 ct

1860 1806 1993 1860 dant
2042 1806 2330 1862 consilium
2381 1815 2436 1860 et
2483 1805 2552 1861 iis
2610 1805 2913 1869 medentur,
2949 1820 3181 1876 quorum
3231 1805 3432 1859 habent

1861 1898 2111 1952 notitiam
2147 1906 2469 1968 :propterea
2512 1897 2656 1967 quod
2698 1899 2799 1968 ipsi
2833 1900 2987 1968 prius
3027 1899 3179 1953 fuere
3225 1896 3426 1961 curati,

1859 1989 2303 2059 quandoquidem
2330 2004 2395 2044 ex
2426 2004 2491 2045 eo
2512 1990 2657 2061 quod
2686 1990 2788 2061 ipsi
2821 1990 2967 2060 passi
3003 1999 3132 2046 sunt
3158 1990 3311 2061 prius
3346 1990 3433 2044 di-

1859 2082 2127 2137 diceruut.

1930 2170 2224 2227 Videamus
2254 2185 2384 2241 ergo
2413 2170 2670 2239 quidnam
2709 2171 2762 2225 in
2787 2185 2886 2225 sua
2917 2170 3027 2223 vita
3059 2184 3280 2239 passum
3311 2184 3432 2225 esse

1860 2261 1994 2316 dicit
2031 2262 2079 2317 is
2113 2262 2205 2332 qui
2239 2269 2443 2317 nostrae
2481 2262 2605 2316 vitae
2647 2261 2916 2317 medetur.
2955 2280 2972 2312 ιι
3005 2259 3368 2330 Magniﬁcavi,
3408 2279 3427 2311 ι

1860 2354 2064 2425 inquit,
2106 2372 2127 2407 ι
2174 2369 2314 2424 opus
2366 2369 2569 2419 meum,
2620 2352 2885 2408 aediﬁcavi
2934 2352 3146 2407 domos.
3183 2371 3200 2402 ι
3245 2350 3434 2407 Oratio

1861 2446 2046 2500 statim
2082 2444 2276 2515 incipit
2311 2458 2341 2498 a
2374 2443 2819 2514 reprehensione.
2852 2441 2972 2496 Non
3001 2443 3145 2496 enim
3174 2441 3306 2496 dicit
3337 2440 3429 2497 Dei

1860 2552 2018 2606 opus,
2049 2538 2194 2607 quod
2225 2552 2345 2593 sum
2376 2552 2496 2607 ego,
2532 2536 2627 2592 sed
2654 2551 2832 2591 meum
2866 2534 3229 2605 magniﬁcavi.
3256 2534 3429 2588 Meum

1859 2646 2000 2701 opus
2032 2629 2169 2684 nihil
2204 2636 2290 2684 est
2318 2628 2489 2695 aliud,
2535 2643 2698 2699 quam
2746 2628 2892 2698 quod
2928 2625 3084 2681 aﬂ‘ert
3115 2625 3303 2679 sensui
3346 2640 3436 2679 vo-

1864 2723 2147 2792 luptatem.
2204 2720 2302 2777 Est
2356 2728 2536 2774 autem
2587 2718 2693 2773 hoc
2728 2732 2868 2787 opus
2918 2716 3157 2787 generali
3211 2715 3430 2785 quidem

1862 2816 2073 2870 ratione
2105 2830 2273 2868 unum
2305 2833 2319 2867 :
2350 2812 2533 2868 subtili
2572 2821 2752 2866 autem
2793 2811 2847 2864 in
2893 2808 3105 2863 minuta
3137 2807 3431 2870 divisione,

1862 2909 1916 2962 in
1953 2908 2121 2960 multa
2145 2907 2212 2961 ad
2248 2904 2508 2961 utendum
2534 2902 2746 2958 deliciis
2770 2916 2995 2957 necesse
3020 2907 3106 2956 est
3136 2909 3196 2953 ut
3219 2899 3436 2968 disper-

1864 3001 2050 3054 tiatur.
2080 2999 2216 3054 Nam
2238 2997 2331 3068 qui
2362 2994 2526 3052 semel
2554 2992 2795 3048 materiae
2817 2990 3149 3061 profundum
3181 2989 3431 3049 subierit.

1862 3090 2089 3143 omnino
2143 3102 2368 3143 necesse
2414 3092 2498 3141 est
2544 3093 2603 3138 ut
2650 3084 2703 3136 in
2746 3096 2939 3136 omnes
2987 3088 3170 3150 partes
3212 3080 3432 3133 oculum

1858 3184 2213 3251 circumagat,
2264 3179 2408 3233 unde
2461 3176 2577 3231 fieri
2620 3175 2794 3245 possit
2832 3180 2893 3227 ut
2937 3182 3229 3227 enascatur
3276 3173 3434 3225 volu—

1859 3284 2003 3346 ptas.
2039 3271 2325 3340 Quomodo
2365 3270 2509 3325 enim
2541 3283 2606 3323 ex
2639 3282 2747 3322 uno
2793 3263 2942 3321 fonte
2973 3266 3031 3320 in
3078 3265 3277 3319 multas
3309 3276 3436 3333 par-

1860 3374 1944 3419 tes
1993 3381 2092 3435 per
2137 3362 2357 3418 canales
2401 3374 2542 3431 aqua
2588 3359 2898 3424 deducitur,
2947 3364 3004 3412 et
3062 3356 3231 3410 nihilo
3271 3370 3435 3409 secus

1860 3472 1971 3509 non
2015 3462 2101 3511 est
2138 3453 2284 3509 aliud
2315 3466 2476 3521 quam
2519 3465 2682 3520 aqua,
2715 3449 2770 3503 id
2817 3448 2962 3519 quod
3011 3464 3079 3504 ex
3119 3447 3241 3517 ipso
3288 3447 3435 3500 fonte

1862 3548 2210 3617 dispertitur,
2265 3545 2481 3601 etiamsi
2538 3542 2669 3597 ﬂuat
2711 3543 2763 3596 iu
2822 3540 3073 3613 plurimis
3117 3540 3267 3595 tubis
3308 3557 3319 3593 :
3363 3539 3434 3592 ita

1860 3642 2111 3710 voluptas
2157 3654 2284 3693 eum
2337 3637 2409 3693 sit
2464 3651 2593 3699 una,
2652 3634 2813 3688 aliter
2862 3643 2916 3688 et
2958 3633 3116 3688 aliter
3161 3632 3218 3685 in
3268 3631 3437 3684 variis

1861 3734 2139 3787 transiens
2178 3729 2398 3791 studiis,
2452 3727 2571 3782 ﬂuit
2619 3726 2673 3780 in
2712 3741 2902 3781 omnes
2944 3734 3147 3795 partes,
3199 3738 3324 3778 cum
3368 3724 3437 3777 iis

1860 3839 1983 3894 qua:
2017 3830 2147 3877 sunt
2175 3821 2243 3876 ad
2286 3835 2446 3875 usum
2474 3820 2597 3873 vitae
2628 3817 2941 3873 necessaria
2971 3833 3031 3873 se
3069 3817 3433 3886 coniungens.

1863 3915 1953 3977 Ut,
1985 3910 2220 3983 exempli
2266 3925 2456 3973 causa,
2497 3909 2607 3962 vita
2656 3905 2788 3961 facit
2832 3914 3137 3973 ut_natur:e
3169 3905 3436 3961 habitatio

1861 4005 1933 4059 sit
1981 4000 2289 4057 necessaria
2320 4019 2333 4054 ε
2367 4010 2452 4054 est
2482 3999 2630 4053 enim
2672 3998 2837 4051 homo
2885 3996 3229 4059 imbecillior,
3273 4011 3436 4065 quam

1862 4103 1920 4146 ut
1944 4092 2147 4147 caloris
2179 4100 2233 4146 et
2264 4091 2484 4162 frigoris
2508 4089 2646 4145 ferat
2675 4090 3092 4160 inaequalitates.
3123 4088 3241 4143 Huc
3266 4104 3439 4158 usque

1858 4184 1927 4238 ad
1971 4183 2271 4253 degendam
2299 4183 2464 4238 vitam
2503 4192 2588 4237 est
2620 4181 2817 4237 domus
2846 4182 3017 4245 utilis,
3058 4181 3152 4236 sed
3184 4181 3439 4250 voluptas

1858 4279 2006 4349 cogit
2044 4276 2316 4331 hominem
2350 4274 2629 4345 praeterire
2662 4274 2799 4328 lines
2832 4288 2989 4329 usus.
3032 4272 3262 4327 Perinde
3289 4273 3438 4327 enim

1870 4384 1935 4423 ac
1984 4370 2029 4422 si
2088 4381 2195 4421 non
2241 4371 2510 4435 quareret
2550 4361 2697 4434 quod
2742 4370 2826 4418 est
2888 4362 3014 4416 usui
3058 4361 3297 4431 corpori,
3340 4361 3435 4415 sed

170 4476 299 4545 μοῖς
331 4466 664 4539 ἐπιτηδεύων
696 4465 913 4535 τέρψεις
942 4465 1036 4519 καὶ
1067 4464 1478 4535 ἐντρυφήματα,
1509 4464 1756 4518 λυπεῖται

1874 4461 2048 4515 oculis
2090 4464 2409 4525 procuraret
2441 4455 2860 4511 oblectationem
2893 4462 2947 4509 et
2977 4454 3220 4517 delicias,
3246 4452 3439 4507 dolore

168 4562 387 4635 σχεδὸν,
429 4560 511 4612 ὅτι
569 4557 642 4629 μὴ
669 4557 759 4609 τὸν
789 4555 1015 4625 οὐρανὸν
1040 4555 1201 4607 αύτὺν
1254 4556 1508 4626 ἐποίησεν
1542 4556 1757 4628 ὑπωρό-

165 4675 318 4726 φιον,
354 4652 489 4723 μηδὲ
513 4650 612 4714 τὰς
647 4649 740 4703 τοῦ
774 4648 927 4719 ἡλίου
955 4650 1177 4711 ἀκτῖνας
1206 4647 1317 4718 ἔχει
1344 4647 1422 4718 τῷ
1451 4648 1630 4719 ὀρόφῳ
1663 4649 1758 4701 καὶ

166 4751 348 4810 αὐτάς
376 4741 822 4813 ὲντεκτήνασθαι.
856 4740 947 4793 Διὸ
975 4739 1232 4793 πλατύνει
1264 4739 1361 4809 μὲν
1382 4738 1757 4809 ἁπανταχόθεν

164 4843 270 4901 τὰς
297 4839 409 4892 τῶν
441 4832 983 4903 κατασκευασμάτων
1004 4831 1370 4902 περιγραφάς,
1399 4830 1497 4901 τὴν
1515 4831 1615 4899 τῆς
1638 4848 1759 4883 συν-

165 4928 386 4987 οικείας
417 4922 710 4996 περιϐολὴν
751 4920 827 4984 ὡς
878 4920 1203 4991 οἰκουμένην
1230 4918 1353 4972 τινὰ
1382 4919 1548 4989 άλλην
1579 4918 1759 4989 ἑαυτῷ

164 5018 395 5082 κτίζων.
429 5016 724 5069 Ἀνατείνει
753 5014 811 5066 δὲ
844 5015 924 5076 εἰς
955 5013 1035 5065 ὅτι
1060 5013 1318 5083 μήκιστον
1342 5010 1475 5081 ὕψος
1502 5013 1627 5075 τοὺς
1646 5012 1757 5064 τοί-

164 5109 599 5185 χους·ποικίλλει
611 5107 668 5161 δὲ
679 5110 798 5170 ταῖς
815 5106 958 5159 ἔνδον
973 5105 1080 5158 τῶν
1094 5105 1409 5175 οἰκημάτων
1425 5104 1754 5168 διασκευαῖς.

176 5205 286 5258 Ἐκ
324 5199 600 5255 Λακώνων
655 5199 713 5251 δὲ
744 5198 840 5251 καὶ
891 5198 1171 5267 Θεσσαλῆς
1215 5198 1310 5251 καὶ
1362 5198 1426 5249 ὲκ
1468 5196 1757 5267 Καρύστου

162 5294 321 5357 λίθος
352 5290 757 5346 άναπτύσσεται
775 5332 789 5353 ,
823 5290 918 5342 καὶ
938 5289 1026 5341 διὰ
1051 5289 1271 5359 σιδήρου
1298 5291 1377 5352 εἰς
1404 5289 1585 5342 πλάκα
1612 5290 1681 5343 τά
1698 5307 1757 5343 τε

162 5386 393 5456 Νειλῷα
426 5382 665 5456 μέταλλα
703 5381 799 5434 καὶ
836 5381 906 5434 τὰ
937 5380 1039 5450 τῆς
1070 5381 1367 5451 Νουμιδίας
1387 5381 1756 5451 ἀναζητεῖται,

163 5478 268 5534 καί
318 5493 423 5529 που
478 5474 573 5526 καλ⁵
614 5474 648 5543 ἡ
694 5472 905 5542 Φρυγία
956 5471 1127 5542 πέτρα
1181 5473 1299 5534 ταῖς
1338 5472 1591 5534 σπουδαῖς
1629 5470 1760 5524 ταύ-

159 5585 292 5631 ταις
337 5560 800 5635 συμπαρελήφθη.
836 5562 869 5629 ἡ
910 5561 973 5631 τῇ
1011 5559 1293 5629 λευκότητι
1326 5556 1420 5612 τοῦ
1469 5559 1757 5629 μαρμάρου

162 5663 273 5733 τὴν
295 5657 588 5730 πορφυρᾶν
612 5654 788 5726 βαφὴν
820 5653 958 5724 πρὸς
979 5653 1039 5705 τὸ
1062 5670 1124 5705 συ
1133 5651 1274 5723 μϋάν
1294 5650 1756 5721 κατασπείρουσα,

159 5754 355 5827 τρυφὴ
380 5752 593 5823 γίνεται
616 5752 732 5816 τοῖς
759 5747 1089 5821 λιχνοτέροις
1107 5746 1339 5819 ὄμμασι,
1365 5743 1618 5814 πολυειδῆ
1635 5760 1756 5799 τινα

1867 4553 2259 4626 propemodum
2304 4551 2559 4611 adicitur,
2614 4548 2760 4618 quod
2799 4548 2998 4602 coalum
3040 4548 3096 4600 in
3140 4561 3242 4601 suo
3293 4554 3440 4601 tecto

1866 4662 1974 4701 non
2020 4645 2246 4707 fecerit,
2294 4658 2395 4698 nec
2445 4642 2593 4710 ipsos
2643 4640 2775 4696 solis
2820 4638 3003 4693 radios
3046 4638 3099 4691 in
3151 4652 3218 4691 ee
3268 4637 3442 4706 possit

1866 4738 2145 4794 fabricari.
2177 4735 2540 4803 Quamobrem
2569 4733 2810 4802 undique
2836 4730 3055 4801 quidem
3087 4731 3275 4783 dilatat
3307 4729 3439 4783 tudi-

1865 4833 2111 4887 ﬁciorum
2151 4828 2623 4897 circumscriptam
2668 4824 3096 4893 amplitudinem,
3144 4830 3199 4876 et
3239 4822 3437 4876 aedium

1866 4925 2153 4984 ambitum,
2202 4930 2460 4990 tauquam
2519 4919 2753 4988 aliquem
2811 4916 2974 4969 alium
3035 4915 3221 4968 orbem
3278 4923 3438 4967 terra:

1868 5016 1972 5072 sibi
2005 5021 2353 5068 construens.
2397 5010 2649 5064 Extendit
2683 5018 2859 5061 autem
2896 5007 3131 5075 parietes
3166 5007 3219 5060 in
3264 5008 3439 5058 maxi-

1866 5123 2007 5161 mam
2055 5104 2472 5175 longitudinem.
2502 5100 2690 5155 Variat
2721 5110 2899 5154 autem
2945 5097 3282 5153 internarum
3328 5096 3439 5148 ha—

1867 5197 2193 5252 bitationum
2237 5191 2723 5252 exstructionibus,
2772 5189 3112 5242 internorum
3155 5185 3440 5242 habitacu-

1869 5284 2043 5338 lorum
2082 5280 2368 5351 apparatui
2414 5287 2657 5333 mutuam
2688 5292 2755 5331 ex
2794 5290 2853 5330 se
2878 5282 2933 5329 et
2983 5289 3078 5345 per
3106 5289 3165 5328 se
3201 5273 3340 5326 inter
3378 5287 3438 5326 se

1868 5373 2117 5445 praebens
2137 5372 2474 5427 varietatem.
2499 5368 2702 5425 Deinde
2724 5366 3167 5421 Lacedzemonius
3189 5372 3244 5420 et
3270 5362 3439 5418 Thes-

1870 5468 2019 5522 salus
2073 5472 2127 5520 et
2179 5464 2442 5534 Carystus
2496 5462 2635 5534 lapis
2685 5460 3011 5531 explicatur,
3071 5466 3127 5511 ει
3172 5456 3314 5510 ferro
3368 5454 3436 5508 ad

1868 5555 2296 5612 incrustationes
2331 5553 2537 5609 Niliaca
2585 5560 2639 5607 et
2679 5550 2965 5606 Numidica
3014 5548 3229 5604 metalla
3281 5559 3438 5615 qua-

1868 5657 2066 5703 runtur
2096 5665 2108 5699 :
2136 5648 2436 5717 quinetiam
2465 5646 2654 5701 iisdem
2682 5645 2768 5699 his
2792 5642 2988 5699 studiis
3028 5639 3258 5709 Phrygia
3288 5644 3439 5707 petra

1869 5741 2032 5797 simul
2088 5739 2409 5805 assumitur,
2456 5754 2578 5807 quae
2629 5736 2917 5793 marmoris
2960 5731 3183 5789 candori
3234 5742 3439 5799 purpu-
