3870 6220
437 302 544 359 655

1629 303 1688 360 S.
1729 297 2056 360 GREGORII
2091 303 2383 362 NYSSENI

3575 307 3682 360 (if-8

441 432 615 480 reum,
652 414 746 470 ubi
795 414 1016 479 accidit,
1056 415 1306 471 inserens
1335 414 1594 480 colorem,
1633 415 1823 472 avidos
1861 416 2007 471 oble-

2109 421 2204 473 καὶ
2229 422 2736 495 πολυσχημάτιστον
2759 424 2858 497 τὴν
2887 423 3132 496 διάχυσιν
3162 425 3256 480 τοῦ
3297 401 3588 497 χρώματος
3619 430 3679 484 ἐν

437 517 554 564 etat
577 507 792 570 oculos,
843 505 1036 561 multis
1063 506 1256 561 formis
1302 505 1599 577 figurisque
1633 507 1915 576 praeditam
1953 507 2008 561 in

429 602 565 656 -a|bo
591 599 892 669 depingens
937 598 1139 654 coloris
1165 598 1543 654 suffusionem.
1573 601 1745 665 Quam
1779 600 2009 654 multum

443 695 498 747 in
544 691 659 745 bare
703 688 984 744 confertur
1016 689 1301 745 studium?
1343 690 1486 756 Quot
1532 702 1659 745 sunt
1705 692 1906 762 figurae,
1955 698 2011 746 et

437 797 600 852 quam
631 781 800 838 multa
831 781 1083 841 artiﬁcia,
1108 796 1233 835 cum
1257 781 1348 835 alii
1373 782 1591 850 quidem
1617 797 1756 852 aqua
1781 790 1835 836 et
1864 782 2009 836 ferro

437 870 696 925 materias
763 882 951 926 secent
1001 887 1015 924 :
1059 871 1152 926 alii
1211 887 1343 925 vero
1410 871 1693 926 hominum
1756 872 2009 928 manibus

436 962 857 1033 noctudiuque
905 963 1270 1019 laborantium
1314 965 1552 1021 efﬁciant
1584 965 2010 1024 dissectionem?

435 1051 546 1108 Nec
591 1054 706 1109 haec
741 1053 984 1124 quidem-
1012 1054 1287 1111 sufﬁciunt
1331 1057 1398 1112 iis
1437 1058 1530 1127 qui
1581 1058 1637 1112 in
1675 1072 1874 1112 vanum
1918 1071 2009 1110 or.

436 1153 624 1200 natum
669 1145 910 1201 laborem
967 1146 1311 1201 conferunt:
1357 1149 1450 1204 sed
1500 1155 1556 1204 et
1616 1149 1742 1204 vitri
1796 1147 2008 1219 puritas

433 1235 660 1290 venenis
689 1235 1004 1305 inquinatur
1033 1245 1086 1292 et
1124 1237 1271 1291 varie
1301 1237 1550 1306 tingitur,
1597 1247 1657 1294 ut
1689 1239 1756 1294 ad
1795 1239 2010 1309 excogi-

436 1332 562 1378 tatae
613 1325 949 1380 inventionis
994 1326 1178 1380 luxum
1223 1335 1278 1382 et
1309 1326 1536 1384 delicias
1581 1343 1650 1384 ex
1695 1342 1761 1384 eo
1791 1343 2008 1398 quoque

435 1416 640 1486 aliquid
683 1417 1034 1487 adjungatur.
1071 1417 1356 1483 Quomodo
1405 1428 1586 1474 autem
1629 1413 1843 1474 narrari
1881 1435 2009 1490 pos-

433 1517 556 1563 sent
583 1515 853 1563 tectorum
886 1524 1050 1579 opera
1081 1524 1509 1580 supervacanea,
1546 1511 1601 1564 in
1629 1512 1828 1582 quibus
1863 1512 2008 1581 ligna

433 1615 556 1669 qua:
607 1599 744 1654 fiunt
797 1615 865 1654 ex
907 1599 1109 1662 cedris,
1168 1601 1304 1655 artis
1343 1600 1648 1658 subtilitate
1691 1599 1767 1656 it‘a
1814 1615 2008 1657 rursus

433 1699 850 1753 convertuntur,
907 1699 968 1748 ut
1015 1698 1279 1760 putentur
1325 1692 1551 1750 arbores
1603 1706 1672 1748 ex
1731 1692 2007 1746 caelaturis

2108 511 2187 582 τῷ
2208 512 2384 584 λευκῷ
2414 513 2846 587 ζωγραφήσασα.
2879 517 3102 571 Ὀπόσαι
3126 518 3254 588 περὶ
3279 517 3487 571 τούτων
3511 535 3680 572 σπου-

2109 603 2227 670 δαῖς
2257 605 2396 659 πόσα
2435 606 2504 660 τὰ
2535 610 2818 678 σχήματας
2852 608 2995 662 πόσα
3024 608 3092 662 τὰ
3126 611 3530 680 μηχανήματα;
3565 611 3680 664 τῶν
3777 640 3800 656 ι

2112 695 2211 765 μὲν
2243 695 2395 750 ὕδατι
2431 697 2525 751 καὶ
2559 698 2777 769 σιδήρῳ·
2797 699 3154 770 διαπριόντων
3185 702 3284 764 τὰς
3311 699 3462 765 ὔλας,
3499 701 3678 756 ἄλλων

2108 787 2164 841 δὲ
2206 787 2294 841 διὰ
2329 788 2525 860 χειρῶν
2557 789 2937 862 ἀνθρωπίνων,
2978 791 3147 846 νύκτα
3189 793 3282 845 καὶ
3321 795 3535 865 ἡμέραν
3575 811 3678 847 πο-

2108 878 2340 934 νούντων
2388 880 2499 935 τῶν
2563 881 3046 954 κατεργαζομένων
3093 882 3191 954 τὴν
3219 882 3517 956 έκπρησινς
3566 886 3683 942 Καὶ

2108 971 2230 1024 οὐδὲ
2279 970 2450 1026 ταῦτα
2486 973 2686 1044 ἢρκεσε
2728 975 2840 1038 τοις
2877 973 3098 1028 πονοῦσι
3146 976 3274 1047 περὶ
3304 976 3395 1029 τὸν
3446 977 3680 1046 μάταιον

2107 1061 2310 1133 κόσμον
2329 1080 2343 1094 ·
2376 1061 2510 1117 ἀλλὰ
2543 1065 2639 1119 καὶ
2664 1063 2727 1118 τὸ
2752 1065 2992 1136 καθαρὸν
3021 1064 3124 1136 τῆς
3157 1066 3314 1120 ὑέλου
3343 1065 3430 1120 διὰ
3454 1068 3682 1138 φαρμάο

2109 1169 2220 1206 κων
2253 1155 2333 1218 εἰς
2363 1154 2541 1225 βαφὰς
2587 1156 2838 1220 ποικίλας
2867 1157 3332 1227 καταμολύνεται,
3365 1158 3440 1220 ὡς
3479 1159 3547 1212 ἂν
3582 1155 3683 1211 καὶ

2108 1244 2262 1316 παρὰ
2298 1246 2500 1316 ταύτης
2541 1264 2592 1300 τι
2626 1247 2919 1319 συναχθείη
2950 1252 3015 1320 τῇ
3045 1249 3156 1303 τῶν
3184 1251 3470 1320 νοημάτων
3499 1249 3678 1321 χλιδῇ.

2107 1335 2233 1399 Πῶς
2272 1337 2318 1390 δ’
2349 1337 2414 1391 ἄν
2457 1354 2543 1401 τις
2589 1339 2731 1392 είποι
2783 1339 2882 1403 τὰς
2932 1340 3041 1395 τῶν
3070 1341 3286 1412 ὀρόφων
3330 1341 3682 1412 περιεργίας,

2108 1429 2193 1496 ἐφ’
2214 1419 2289 1486 ὧν
2319 1428 2382 1480 τὰ
2412 1427 2542 1493 ξύλα
2559 1431 2624 1482 ὲκ
2654 1429 2844 1502 κέδρου
2870 1430 3130 1500 γινόμενα
3154 1431 3316 1484 πάλιν
3341 1431 3683 1500 ἐπαναστρέ-

2109 1539 2276 1592 φοντα
2323 1521 2413 1575 διὰ
2455 1522 2563 1576 τῶν
2615 1523 2959 1592 σοφισμάτων
2989 1523 3090 1593 τῆς
3132 1522 3328 1593 τέχνης
3365 1521 3558 1593 δένδρα
3590 1539 3683 1576 νο·

2112 1614 2408 1684 μιζόμενα,
2442 1614 2666 1678 κλάδους
2695 1615 2790 1668 καὶ
2827 1614 2998 1684 φύλλα
3036 1614 3131 1668 καὶ
3175 1614 3421 1684 καρποὺς
3465 1615 3525 1666 ὲν
3553 1615 3683 1673 ταῖς

2107 1702 2361 1772 γλυφίσιν
2378 1703 2666 1770 ὲκφύοντα.
2697 1702 2893 1756 Σιωπῶ
2913 1703 3004 1757 τὸν
3021 1704 3220 1776 χρυσὸν
3235 1705 3327 1757 τὸν
3347 1706 3426 1766 εἰς
3447 1703 3684 1766 λεπτοὺς

432 1800 638 1847 ramos,
681 1784 807 1838 folia
845 1791 899 1839 et
924 1782 1136 1839 fructus
1168 1783 1555 1854 producentes.
1590 1782 1768 1840 Taceo
1811 1798 2004 1840 aurum

2109 1795 2203 1848 καὶ
2249 1794 2508 1864 ἀερώδεις
2567 1795 2770 1865 ὑμένας
2808 1795 3228 1865 διατεινόμενον,
3269 1796 3366 1848 καὶ
3401 1790 3684 1863 πανταχοῦ

432 1877 580 1948 quod
631 1877 688 1931 in
719 1892 908 1932 aereas
962 1876 1310 1932 membranas
1349 1875 1677 1940 dissecatur,
1731 1883 1789 1933 et
1833 1875 1889 1932 in
1935 1875 2006 1932 iis

432 1969 635 2038 ubique
659 1967 912 2032 illinitur,
947 1975 1008 2022 ut
1038 1967 1227 2022 avidos
1265 1968 1461 2023 oculos
1489 1967 1544 2026 in
1570 1981 1630 2025 se
1655 1972 2001 2024 convertant.

433 2058 584 2114 Ebur
627 2067 807 2114 autem
848 2057 996 2128 quod
1063 2059 1358 2113 asciseitur
1405 2058 1475 2114 ad
1517 2059 1916 2114 vestibulorum
1951 2067 2006 2118 et

431 2152 695 2206 atriorum
726 2149 1032 2221 superfluos
1062 2160 1308 2215 ornatus,
1343 2157 1398 2206 et
1435 2150 1580 2220 quod
1617 2165 1810 2205 eorum
1847 2151 2005 2205 caela-

432 2243 574 2297 turis
607 2240 838 2296 illinitur
867 2257 1087 2304 aurum,
1133 2253 1227 2297 aut
1265 2244 1412 2313 quod
1442 2242 1616 2296 clavis
1649 2241 1884 2312 alligitur
1917 2256 2007 2296 ar-

431 2342 675 2403 gentum,
723 2343 778 2388 et
822 2348 942 2403 qua:
983 2343 1112 2388 sunt
1147 2333 1441 2403 ejusmodi,
1473 2334 1598 2405 quis
1628 2334 1864 2390 dixerit?
1905 2333 2004 2387 do:-

432 2439 646 2480 morum
692 2426 1024 2495 pavimenta,
1055 2442 1174 2496 qua:
1213 2427 1380 2482 variis
1421 2427 1772 2496 resplendent
1807 2426 2007 2480 colori-

432 2516 568 2572 bus?
605 2525 664 2570 ut
697 2517 862 2570 etiam
901 2532 1090 2571 eorum
1124 2517 1291 2586 pedes.
1320 2518 1375 2572 in
1427 2518 1718 2587 splendore
1761 2516 2003 2588 lapidum

432 2608 730 2671 luxurient,
783 2615 839 2663 et
887 2607 944 2662 in
987 2609 1256 2676 ejusmodi
1311 2610 1630 2669 domorum,
1655 2609 2007 2666 multitudine

432 2703 598 2758 nimis
661 2702 1006 2756 ambitiosam
1070 2703 1559 2772 magniﬁcentiam,
1612 2719 1846 2763 auarum
1897 2719 2004 2758 non

430 2796 554 2849 vitae
595 2809 730 2849 usus
777 2793 1144 2848 necessariam
1193 2794 1326 2848 facit
1383 2795 1871 2861 constructionem,
1907 2793 2004 2852 sed

431 2885 706 2956 cupiditas
740 2900 837 2954 per
873 2900 935 2940 ea
973 2899 1094 2953 quae
1132 2894 1260 2939 sunt
1309 2886 1524 2940 inutilia
1570 2899 1882 2956 progressa,
1921 2899 2007 2939 ea-

430 2993 552 3031 rum
577 2977 784 3032 invenit
815 2976 1303 3046 importunitatem.
1336 2975 1469 3031 Nam
1496 2992 1560 3031 ex
1589 2976 1844 3034 domibus
1869 2975 2005 3032 alias

431 3068 649 3138 quidem
685 3074 899 3137 oportet
946 3081 1071 3122 esse
1106 3077 1325 3137 paratas
1359 3067 1426 3121 ad
1466 3083 1710 3132 cursum,
1754 3067 1890 3122 alias
1937 3067 2005 3122 ad

2104 1884 2312 1951 τούτοις
2328 1887 2628 1959 ὲπιχρωννύ
2638 1904 2796 1958 μενον
2825 1888 2900 1950 ὡς
2913 1888 2977 1941 ἂν
2998 1888 3096 1957 τὴν
3113 1887 3350 1956 λιχνείαν
3368 1885 3479 1938 τῶν
3502 1885 3687 1955 ὀμμά-

2103 1993 2212 2030 των
2245 1977 2380 2048 πρὸς
2410 1979 2600 2032 ἑαυτὸν
2633 1977 2970 2048 ὲπιστρέφοι.
3007 1975 3118 2048 Τὴν
3147 1977 3205 2030 δὲ
3231 1976 3339 2029 τῶν
3367 1975 3682 2043 ἐλεφάντων

2104 2068 2384 2140 εἰσφορὰν,
2437 2071 2516 2132 εἰς
2545 2069 2638 2122 τὸν
2666 2069 2956 2141 περίεργον
2989 2068 3370 2136 καλλωπισμὸν
3420 2066 3527 2120 τῶν
3562 2068 3682 2120 εἰσ-

2103 2158 2274 2223 όδων,
2326 2159 2418 2212 τόν
2451 2176 2511 2212 τε
2561 2159 2917 2229 ἀλειφόμενον
2954 2161 3073 2223 ταῖς
3123 2158 3343 2226 γλυφίσι
3387 2157 3593 2210 τούτων
3645 2156 3682 2228 ἢ

2104 2252 2323 2323 χρυσὸν,
2363 2252 2397 2324 ἧ
2430 2251 2522 2306 τὸν
2542 2251 2630 2306 διὰ
2653 2251 2760 2304 τῶν
2781 2251 2925 2322 ἦλων
2955 2249 3384 2322 ἔγκροτούμενον
3411 2249 3682 2320 ἄργυρον,

2105 2343 2199 2394 καὶ
2236 2342 2414 2397 πάντα
2445 2341 2516 2395 τὰ
2539 2342 2765 2396 τοιαῦτα
2801 2341 2856 2396 τί
2887 2343 2954 2398 ἂν
2999 2359 3084 2405 τις
3120 2341 3299 2410 Mysi;
3342 2342 3376 2412 ἢ
3405 2341 3474 2394 τὰ
3503 2342 3685 2412 ἐδάφει

2104 2433 2214 2484 τῶν
2265 2433 2448 2487 οίκιῶν
2493 2435 2615 2496 ταῖς
2655 2433 2930 2498 ποικίλαις
2959 2432 3067 2486 τῶν
3111 2433 3272 2486 λίθων
3300 2433 3498 2504 βαφαῖς
3544 2433 3686 2487 Om.-

2105 2523 2386 2594 λάμποντα
2406 2565 2420 2587 ,
2451 2523 2527 2587 ὡς
2552 2523 2619 2577 ἂν
2646 2523 2740 2577 καὶ
2769 2525 2818 2578 οἱ
2850 2523 3010 2587 πόδες
3037 2524 3215 2577 αὐτῶν
3241 2524 3340 2594 τῆς
3370 2525 3548 2594 αὐγῆς
3572 2525 3689 2578 τῶν

2106 2615 2270 2670 λίθων
2290 2615 2701 2687 κατατρυφῶσι,
2729 2617 2828 2687 τήν
2860 2633 2920 2669 τε
2947 2616 3086 2670 κατὰ
3111 2615 3175 2669 τὸ
3208 2615 3413 2685 πλῆθος
3441 2617 3551 2670 τῶν
3571 2635 3687 2670 τοι·

2105 2705 2276 2760 ούτων
2303 2705 2467 2759 οἴκων
2501 2707 2829 2776 φιλοτιμίαν,
2871 2700 2949 2761 ὧν
2990 2707 3170 2779 οὐχὶή
3212 2707 3370 2778 χρεία
3403 2708 3506 2776 τῆς
3536 2709 3685 2778 ζωῆς

2105 2796 2203 2867 τὴν
2242 2797 2583 2869 κατασκευὴν
2620 2798 2924 2867 ἀναγκαίαν
2973 2801 3138 2861 ποιεί,
3180 2800 3296 2853 ἀλλ’
3331 2802 3364 2871 ἡ
3412 2801 3689 2872 ἐπιθυμία

2105 2883 2193 2938 διὰ
2229 2883 2338 2938 τῶν
2376 2886 2615 2957 ἀνοήτων
2646 2888 2911 2958 προϊοῦσα
2950 2888 3190 2961 εὑρίσκει
3239 2891 3520 2961 ἀκαιρίαν.
3561 2893 3687 2962 Χρὴ

2106 2975 2214 3044 γὰρ
2240 2975 2348 3030 τῶν
2373 2978 2535 3031 οἴκων
2559 2978 2685 3039 τοὺς
2715 2979 2811 3048 μὲν
2832 2979 3066 3051 δρόμους
3093 2974 3255 3043 εἶναι,
3287 2982 3414 3040 τοὺς
3436 2981 3496 3034 δὲ
3523 3000 3690 3054 περιε-

2108 3068 2340 3134 πάτους⁶,
2371 3071 2498 3133 τοὺς
2531 3070 2631 3140 μὲν
2670 3072 2958 3135 εἰσοδίους,
2998 3074 3125 3138 τοὺς
3154 3073 3213 3128 δὲ
3271 3075 3687 3144 προεισοδίους,

430 3157 913 3222 deambulandum,
953 3157 1092 3212 alias
1133 3157 1200 3212 ad
1247 3157 1579 3228 ingressum,
1624 3157 1760 3216 alias
1798 3155 1864 3209 ad
1911 3171 2004 3211 ve-

2109 3158 2297 3223 ἇλλους
2327 3161 2665 3224 ὲπιπυλίους.
2715 3163 2791 3215 Οὐ
2836 3162 2944 3233 γὰρ
2999 3163 3192 3233 ἀρκεῖν
3239 3163 3504 3233 ἡγοῦνται
3543 3165 3691 3235 πρὸς

431 3249 714 3314 stibulum,
761 3249 899 3303 alias
939 3263 1062 3318 quae
1107 3247 1280 3318 portis
1325 3248 1439 3304 sint
1485 3248 1776 3316 impositae.
1818 3245 2008 3316 Neque

432 3341 576 3394 enim
620 3340 754 3395 satis
792 3355 916 3395 esse
960 3347 1156 3410 putant
1193 3338 1262 3393 ad
1297 3338 1496 3395 fastum
1537 3350 1724 3410 portas
1757 3349 1812 3398 et
1843 3340 2008 3395 vcsti-

431 3432 581 3500 bnla,
626 3440 680 3486 et
715 3432 953 3502 amplum
1003 3431 1147 3502 quod
1192 3440 1277 3488 est
1327 3431 1469 3486 intra
1511 3440 1698 3503 portas
1747 3431 2006 3500 spatiu,

431 3520 540 3576 nisi
592 3519 1026 3590 ingredientibus
1065 3519 1335 3588 ejusmodi
1374 3519 1505 3590 quid
1550 3521 1703 3590 prius
1731 3527 2009 3586 occurrat,

431 3608 578 3681 quod
601 3610 786 3665 statim
831 3609 1230 3680 ingredientem
1284 3609 1521 3666 videndo
1564 3610 1737 3680 possit
1769 3609 2011 3681 stupefa-

435 3715 582 3756 cere.
635 3700 735 3756 His
778 3699 1048 3760 accedunt
1097 3701 1335 3767 lavacra,
1393 3716 1514 3770 qua:
1555 3717 1715 3758 usum
1751 3702 2011 3777 praebent

433 3792 596 3850 simul
643 3806 769 3846 cum
812 3791 1248 3862 magnificentia.
1295 3792 1351 3846 in
1397 3791 1626 3853 fontium
1675 3792 2008 3848 abundantia

430 3885 566 3939 totis
607 3882 787 3938 fluviis
832 3882 1138 3953 irrigantia,
1191 3891 1247 3938 et
1295 3898 1416 3952 qua:
1465 3891 1593 3938 ante
1629 3896 1692 3940 ea
1733 3883 1838 3938 sita
1880 3891 2009 3940 sunt

432 3974 735 4044 gymnasia,
779 3987 952 4042 eaque
1004 3973 1177 4026 variis
1224 3972 1592 4030 marmoribus
1638 3971 1918 4041 splendide
1951 3978 2009 4026 et

432 4065 635 4120 eff-abre
677 4064 746 4119 ad
789 4074 1044 4118 ornatum
1087 4072 1423 4130 constructa,
1474 4072 1530 4119 et
1577 4065 1818 4133 undique
1859 4066 2007 4122 circa

431 4160 576 4214 aedes
600 4159 846 4226 porticus
875 4156 1202 4224 Numidicis,
1239 4158 1571 4216 Thessalicis
1607 4167 1702 4214 aut
1731 4158 2006 4229 Egineti-

432 4251 514 4304 cis
565 4249 766 4304 innixae
804 4249 1099 4312 columnis.
1158 4257 1212 4307 et
1252 4264 1329 4304 as
1379 4249 1434 4304 in
1473 4249 1694 4314 statuis,
1756 4249 1904 4318 quod
1950 4249 2008 4307 in

435 4343 582 4397 mille
613 4343 824 4413 species
845 4341 1139 4412 efﬁngitur,
1175 4357 1370 4410 nempe
1400 4342 1456 4395 in
1511 4341 1876 4411 quodcunque
1906 4357 2007 4396 cu—

433 4434 568 4488 riosi
597 4444 651 4488 et
673 4434 1067 4503 supervacanei
1096 4432 1278 4502 operis
1305 4431 1634 4490 desiderium
1678 4432 1856 4487 fundit
1886 4447 2004 4488 ma—

2110 3250 2320 3320 κόμπον
2346 3250 2446 3312 τὰς
2483 3249 2656 3314 πύλας
2686 3251 2780 3304 καὶ
2809 3250 2877 3306 τὰ
2909 3252 3239 3323 προπύλαια,
3277 3253 3373 3307 καὶ
3403 3254 3506 3324 τὴν
3535 3254 3689 3318 ἐντὸς

2108 3339 2216 3392 τῶν
2241 3338 2423 3393 πυλῶν
2449 3339 2821 3412 εὐρυχωρίαν,
2852 3341 2901 3392 εἰ
2943 3342 3015 3411 μή
3042 3360 3096 3395 τι
3121 3341 3362 3396 τοιοῦτον
3389 3360 3693 3413 προεντυγε

2107 3430 2257 3498 χάνει
2310 3433 2424 3492 τοῖς
2482 3427 2769 3493 εἰσιοῦσιν,
2824 3423 2936 3482 οἷον
2973 3431 3133 3492 εὐθὺς
3182 3431 3530 3500 καταπλῆξαι
3591 3432 3692 3486 τοῦ

2107 3517 2383 3588 ὁρωμένου
2412 3517 2508 3572 τὸν
2533 3518 2933 3589 εἰσερχόμενον.
2968 3521 3190 3592 Λουτρὰ
3210 3539 3271 3578 τε
3311 3523 3448 3594 πρὸς
3472 3523 3692 3590 τούτοις

2109 3609 2488 3679 συμπαριόντα
2509 3611 2575 3680 τῇ
2606 3609 2886 3680 φιλοτιμίᾳ
2915 3609 3014 3681 τὴν
3039 3612 3238 3683 χρῆσιν
3256 3617 3525 3685 ποταμοῖς
3545 3617 3694 3684 ὅλοις

2107 3699 2166 3751 ὲν
2213 3702 2278 3770 τῇ
2321 3700 2430 3754 τῶν
2475 3701 2719 3771 κρουνῶν
2759 3701 3010 3774 δαψιλείᾳ
3051 3705 3545 3778 κατακλυζόμενα,
3590 3711 3693 3770 καὶ

2105 3791 2310 3844 τούτων
2347 3794 2619 3865 προόεϐλη
2629 3795 2764 3866 μένα
2791 3797 3068 3867 γυμνάσια
3090 3837 3105 3862 ,
3149 3801 3240 3854 καὶ
3268 3800 3442 3861 ταῦτα
3486 3820 3690 3874 περισο

2081 3879 2216 3944 ,σῶς
2259 3880 2346 3934 διὰ
2398 3883 2656 3938 ποικίλων
2704 3886 3015 3956 μαρμάρων
3059 3887 3141 3951 είς
3187 3888 3396 3959 κόσμον
3447 3891 3694 3964 ἐξησκηη

2111 3971 2278 4042 μένα,
2301 3973 2452 4028 στοαί
2471 3990 2528 4026 τε
2561 3975 2898 4046 πανταχόθεν
2950 3979 3078 4049 περὶ
3107 3979 3204 4050 τὴν
3246 3981 3458 4052 οἴκησιν
3481 3984 3694 4054 Νουμι-

2107 4059 2272 4124 δίοις,
2320 4061 2694 4130 ἢΘεσσαλοίς,
2733 4065 2768 4136 ἢ
2802 4067 3102 4133 Δίγινίταις
3149 4069 3360 4133 στύλοις
3399 4073 3690 4143 ὑπερεῶ

2111 4169 2297 4222 μεναι,
2319 4157 2424 4210 ὅτε
2455 4154 2513 4206 ἐν
2545 4157 2659 4218 τοῖς
2709 4156 2955 4226 ἀνδριᾶσι
3005 4158 3209 4229 χαλκὸς
3255 4159 3360 4227 ὢν,
3397 4164 3478 4226 είς
3515 4165 3689 4235 μυρία

2106 4242 2219 4313 εἴδη
2252 4244 2660 4313 σχηματίζοι-το,
2691 4247 2827 4317 πρὸς
2857 4248 2952 4301 ὅτι
2986 4250 3020 4320 ἡ
3049 4249 3317 4321 ἐπιθυμία
3336 4253 3438 4324 τῆς
3465 4271 3692 4325 περιερ-

2106 4334 2259 4403 γείας
2279 4334 2391 4406 χέει
2411 4337 2510 4406 τὴν
2541 4336 2693 4408 ὓλην,
2724 4339 2792 4392 τά
2813 4356 2871 4392 τε
2901 4341 2968 4392 ἐκ
2993 4341 3101 4396 τῶν
3133 4345 3442 4416 μαρμάρων
3466 4347 3687 4413 εἴδωλα,

2107 4426 2203 4480 καὶ
2255 4427 2355 4490 τὰς
2409 4428 2503 4482 ἐπὶ
2552 4428 2661 4483 τῶν
2701 4430 2948 4486 πινάκων
2994 4435 3338 4506 ἐπιγραφὰς,
3373 4437 3442 4490 δι’
3474 4433 3553 4492 ὧν
3591 4441 3692 4493 καὶ

433 4524 651 4588 teriam,
679 4531 734 4579 et
777 4540 900 4594 quae
929 4525 986 4580 in
1027 4522 1231 4578 tabulis
1260 4524 1506 4592 picturae,
1554 4538 1648 4592 per
1672 4537 1811 4593 quas
1841 4524 2006 4584 etiam

2112 4519 2223 4580 τοῖς
2267 4517 2562 4588 ὀφθαλμοῖς
2611 4521 3062 4593 ἐκπορνεύουσιν,
3109 4526 3538 4600 ἁπογυμνούσης
3586 4531 3692 4600 τῆς

433 4612 777 4684 fornicamur
821 4615 1018 4678 oculis.
1064 4624 1181 4672 arte
1212 4615 1487 4684 aperiente
1521 4629 1617 4684 per
1651 4614 2008 4670 imitationem

433 4721 498 4760 ea
526 4721 648 4775 qua:
675 4707 846 4775 aspici
887 4714 1186 4776 nequeunt.
1214 4714 1270 4760 et
1306 4718 1646 4773 quaecunque
1676 4703 1803 4760 licet
1828 4703 2011 4758 videre

436 4799 492 4850 in
528 4797 596 4851 iis
627 4811 748 4866 quae
787 4803 915 4850 sunt
941 4793 1214 4864 ejusmodi
1263 4793 1468 4848 all‘abre
1500 4792 1642 4852 facta
1671 4792 1738 4852 ad
1772 4792 2010 4850 admira-

431 4889 639 4943 tionem
678 4895 732 4943 et
759 4887 1247 4958 pulchritudinem.

508 4979 793 5046 Quomodo
826 4993 1044 5049 possem
1091 4977 1372 5045 sigillatim
1427 4975 1608 5031 verbis
1645 4975 1897 5044 persequi
1942 4988 2007 5034 ea

437 5073 493 5124 in
523 5083 648 5139 quae
679 5067 920 5124 studium
956 5066 1101 5136 quod
1125 5065 1429 5132 confertur,
1456 5073 1541 5120 est
1569 5064 1924 5134 reprehensio
1953 5069 2007 5118 et

436 5161 774 5218 insimulatio
830 5160 1170 5231 negligentiae
1229 5159 1284 5214 in
1331 5159 1401 5214 iis
1437 5175 1560 5229 quae
1605 5164 1735 5214 sunt
1789 5155 2009 5228 priora?

434 5254 558 5319 Quo
585 5253 730 5308 enim
762 5253 938 5319 major
975 5250 1139 5306 fuerit
1171 5259 1228 5305 et
1274 5250 1627 5308 multitudine
1666 5258 1721 5302 et
1766 5247 2008 5304 materia:

437 5353 661 5413 sumptu
714 5342 1116 5413 magnificentia
1171 5343 1226 5395 in
1291 5342 1489 5400 aedium
1547 5339 1875 5401 structuris,
1938 5355 2005 5394 eo

437 5435 614 5504 magis
647 5435 896 5504 arguitur
927 5435 1236 5494 inornatam
1271 5449 1394 5490 esse
1425 5432 1686 5491 animam.
1729 5429 1831 5498 Qui
1861 5432 2004 5485 enim

443 5523 511 5578 ad
565 5527 804 5596 seipsum
854 5526 1073 5594 aspicit,
1133 5536 1187 5580 et
1230 5526 1620 5580 habitationem
1670 5538 1797 5578 vere
1849 5537 2004 5576 suam

443 5625 695 5683 exornat,
739 5623 800 5670 ut
831 5617 1124 5688 aliquando
1153 5615 1314 5671 etiam
1360 5615 1527 5671 Deum
1570 5613 1808 5682 excipiat
1854 5612 2010 5665 babi-

443 5713 665 5774 tantem,
716 5712 764 5766 is
793 5712 955 5768 aliam
997 5712 1158 5768 habet
1191 5712 1582 5778 materiamex
1613 5723 1720 5780 qua
1763 5707 1857 5763 tali
1905 5706 2006 5760 ha-

2109 4607 2304 4679 τέχνης
2337 4611 2446 4667 ἀπὸ
2487 4614 2773 4686 μιμήσεως
2819 4613 2888 4667 τὰ
2920 4614 3159 4682 ἀθέατα,
3210 4618 3305 4671 καὶ
3332 4621 3436 4673 ὅσα
3473 4623 3535 4676 ὲν
3575 4625 3690 4687 τοῖς

2109 4698 2372 4763 τοιούτοις
2415 4700 2565 4758 ἔστιν
2596 4702 2726 4758 ίδεῖν
2752 4705 2831 4768 εἰς
2856 4704 3119 4776 ἔκπληξίν
3165 4724 3225 4764 τε
3256 4710 3351 4764 καὶ
3378 4709 3531 4782 ὤραν
3563 4713 3689 4766 ἑπι-

2108 4788 2444 4860 τεχνώμενα.

2181 4973 2308 5037 Πῶς
2341 4973 2407 5029 ἄν
2444 4992 2528 5039 τις
2577 4976 2648 5030 τὰ
2690 4979 2812 5032 καθ’
2841 4980 3071 5034 ἕκαστον
3102 4981 3359 5048 διεξέλθοι
3386 4983 3467 5054 τῷ
3509 4986 3687 5058 λόγῳ,

2112 5065 2172 5119 ὲν
2201 5061 2284 5129 οἷς
2323 5068 2356 5138 ἡ
2385 5067 2586 5139 σπουδὴ
2615 5072 2918 5144 κατηγορία
2947 5074 3042 5126 καὶ
3085 5073 3305 5146 ἔλεγχος
3334 5079 3433 5147 τῆς
3462 5080 3594 5148 περὶ
3623 5081 3695 5134 τὰ

2113 5157 2356 5229 πρότερα
2409 5160 2678 5230 ραθυμίας
2730 5163 2908 5229 ὲστίν;
2943 5165 3093 5234 Ὅσῳ
3145 5166 3254 5237 γὰρ
3290 5167 3356 5222 ἃν
3411 5167 3695 5244 πλεονάσῃ

2111 5248 2205 5345 τῷ.
2232 5249 2427 5322 πλήθει
2475 5251 2568 5309 καὶ
2610 5254 2676 5324 τῇ
2719 5253 2844 5324 περὶ
2885 5255 2984 5318 τὰς
3017 5255 3147 5318 ὔλας
3175 5257 3456 5331 φιλοτιμίᾳ
3500 5261 3604 5338 τὴν
3631 5264 3698 5318 ἂν

2111 5341 2225 5405 τοῖς
2261 5341 2829 5414 κατασκευαζομένοις
2877 5345 3113 5412 σπουδὴν
3133 5386 3147 5410 ,
3196 5347 3438 5420 τοσούτῳ
3485 5352 3696 5421 μᾶλλον

2109 5434 2321 5504 ἐλέγχει
2361 5433 2421 5486 τὸ
2447 5437 2544 5504 τῆς
2589 5434 2769 5504 ψυχῆς
2816 5434 3248 5493 ἀκαλλώπιστον.
3298 5439 3358 5492 '0
3393 5441 3504 5512 γὰρ
3555 5444 3694 5514 πρὸς

2109 5526 2300 5582 ἑαυτὸν
2327 5525 2560 5596 βλέπων,
2603 5528 2696 5579 καὶ
2732 5527 2833 5597 τὴν
2861 5527 2997 5580 ἰδίαν
3034 5527 3202 5591 ὅντως
3229 5531 3447 5602 οἴκησιν
3482 5534 3697 5590 καλλω-

2111 5616 2312 5682 πίζων,
2345 5616 2483 5670 ὥστε
2532 5617 2664 5670 ποτὲ
2715 5618 2810 5672 καὶ
2859 5617 2950 5671 τὸν
2978 5618 3111 5675 Θεὸν
3153 5623 3368 5680 ἐνοικον
3401 5626 3690 5692 δέξασθαι,

2111 5705 2276 5770 ἄλλας
2329 5707 2439 5776 ἔχει
2490 5705 2586 5769 τὰς
2622 5705 2752 5772 ὕλας
2798 5707 2857 5772 ἐξ
2901 5701 2976 5765 ὧν
3022 5710 3084 5764 τὸ
3128 5712 3324 5778 κάλλος
3366 5719 3424 5787 τῇ
3464 5718 3692 5788 τοιαύτῃ
