3870 6220
201 274 310 328 637

1260 282 1328 338 IN
1370 282 1902 341 suamsuam
1934 285 2215 342 norum
2251 287 2337 343 ut.
2450 249 2455 254 Δ

3346 296 3452 355 658

196 389 411 460 οἰκήσει
451 389 879 462 σῡπρανίζεται.
920 389 1051 449 Οἶδα
1090 394 1206 464 ἐγὼ
1236 399 1439 469 χρυσὸν
1467 402 1580 464 τοῖς
1610 400 1780 455 τοιού-

1883 401 2135 459 bitationi
2164 406 2422 461 conciliat
2455 408 2939 478 pulchritudinem.
2982 412 3118 470 Novi
3165 416 3310 470 enim
3348 432 3451 487 ego

194 499 311 544 τοις
341 481 520 552 ἔργοις
550 484 933 554 ὲνστίλϐοντα,
975 488 1066 541 τὸν
1096 489 1161 541 ἐκ
1193 491 1291 560 τῆς
1322 492 1545 564 Γραφῆς
1575 493 1782 563 νοημά-

184 587 306 623 των
359 572 857 653 μεταλλευόμενον·
910 573 1029 630 οἶδα
1077 578 1314 650 ἄργυρον
1362 581 1429 634 τὰ
1480 583 1595 636 θεῖα
1628 582 1781 653 λόγια

186 660 270 727 ¹τὰ
293 663 668 733 πεπυρωμένα
687 706 702 727 ,
733 648 807 719 ὧν
841 648 1143 738 ἀστράπτει
1170 672 1203 740 ἡ
1226 648 1536 742 λαμπηδὼν
1568 673 1653 728 διά
1682 648 1783 745 τῆς

184 752 459 822 ἀληθείας
488 754 871 826 ὲκλάμπουσα.
901 758 1082 813 Λίθων
1113 760 1171 813 δὲ
1209 764 1468 817 ποικίλων
1496 764 1689 833 αὐγάς,
1721 765 1780 832 ἐξ

196 838 276 896 ὢν
301 845 357 897 οῖ
374 862 435 897 τε
477 849 646 917 τοῖχοι
691 849 786 902 τοῦ
817 849 1056 903 τοιούτου
1092 851 1221 905 ναοῦ
1259 854 1734 925 κατακοσμοῦνται
1762 896 1777 922 ,

186 939 296 1009 ,καὶ
336 940 437 1008 τῆς
482 946 826 1015 κατασκευῆς
870 945 937 999 τά
989 946 1160 1017 ἐδάφη
1216 949 1315 1012 τὰς
1374 949 1624 1014 ποικίλας
1671 952 1779 1005 τῶν

187 1030 415 1099 ¹ἀρετῶν
456 1032 722 1099 διαθέσεις
763 1038 996 1108 νοήσας,
1030 1040 1129 1092 οὐκ
1162 1039 1227 1093 ἂν
1266 1042 1535 1114 ἁμάρτοις
1575 1043 1671 1097 τοῦ
1710 1047 1778 1116 τῇ

184 1121 351 1196 ¹οἰκίᾳ
393 1124 694 1195 πρέποντος
742 1128 965 1200 κόσμου.
1013 1133 1440 1204 Κατεστορέσθω
1481 1139 1545 1207 τῇ
1575 1138 1779 1208 ἐγκρα-

197 1213 319 1284 τείᾳ
367 1215 425 1268 τὸ
456 1215 668 1286 ἔδαφος,
718 1220 785 1272 δι’
816 1215 886 1293 ἧς
918 1224 952 1293 ἡ
994 1224 1093 1294 τῆς
1130 1226 1326 1297 γηῒνης
1363 1228 1601 1292 διανοίας
1634 1229 1780 1293 κόνις

198 1305 261 1358 οὐ
291 1306 564 1379 διοχλήσει
593 1310 684 1363 τὸν
711 1312 1088 1384 διαιτώμενον.
1128 1317 1189 1370 Ἢ
1217 1318 1326 1371 τῶν
1355 1321 1601 1392 οὐρανῶν
1623 1321 1779 1386 ἐλπὶς

180 1392 483 1465 ,ὡραῖζέτω
532 1396 626 1451 τὸν
669 1399 899 1470 ὄροφον,
933 1404 1069 1475 πρὸς
1096 1407 1161 1477 ἢν
1194 1408 1512 1464 ἀναϐλέπων
1548 1411 1641 1483 -τῷ
1680 1414 1779 1484 τῆς

197 1484 383 1556 ψυχῆς
405 1487 701 1561 ὀφθαλμῷ,
730 1494 831 1547 οὐκ
862 1495 1101 1562 εἰδώλοις
1133 1499 1360 1565 κάλλους
1390 1502 1479 1555 διά
1507 1503 1779 1574 γλυφίδων

199 1581 695 1650 μεμορφωμένοις,
743 1587 859 1641 ἀλλ’
892 1590 1025 1643 αὐτὸ
1068 1591 1189 1660 ὄψει
1219 1594 1277 1646 τὸ
1305 1595 1614 1666 ἀρχέτυπον
1651 1598 1782 1653 κάλ-

172 1720 178 1724 .
196 1668 311 1763 λος,
332 1671 394 1724 οὐ
426 1675 608 1746 χρυσῷ
628 1694 731 1730 τινι
754 1680 846 1731 καὶ
861 1680 1083 1754 ἀργύρῳ
1102 1684 1494 1756 διηνθισμένον,
1513 1688 1628 1742 ἀλλ’
1644 1691 1779 1763 ὅπερ

1882 510 2077 552 aurum
2124 498 2271 568 quod
2320 501 2633 570 resplendet
2690 504 2745 557 in
2793 505 3109 575 hujusmodi
3157 508 3446 577 operibus,

1881 588 2027 657 quod
2062 591 2277 657 quidem
2306 608 2373 648 ex
2408 590 2698 666 Scripturaa
2733 597 2989 654 sensibus
3017 597 3288 657 ell‘oditur.
3312 599 3449 656 Novi

1881 692 2164 751 argentum
2211 684 2396 739 divina
2441 685 2657 755 eloquia
2710 688 2833 760 igne
2892 698 3156 759 purgata,
3218 706 3446 761 quorum

1882 770 2052 843 fulget
2099 776 2358 844 splendor
2403 778 2645 834 emicans
2682 795 2778 849 per
2815 782 3118 837 veritatem.
3159 782 3447 838 Variorum

1881 873 2062 918 autem
2113 866 2353 936 lapidum
2399 868 2740 936 splendores,
2800 874 3005 942 quibus
3052 875 3217 945 hujus
3263 877 3448 946 templi

1881 962 2148 1015 ornantur
2186 959 2441 1027 parietes,
2490 969 2545 1015 et
2594 962 2959 1032 pavimentum
3005 966 3240 1033 aedilicii,
3279 968 3450 1023 virtu-

1879 1051 1994 1099 tum
2039 1047 2221 1103 varias
2272 1048 2582 1121 intelligens
2631 1052 2968 1119 eﬂ'ectiones,
3010 1071 3122 1111 non
3171 1057 3450 1113 aberrabis

1880 1137 1949 1192 ab
1990 1148 2312 1195 ornamento
2354 1143 2498 1211 quod
2536 1143 2758 1199 domum
2797 1145 2974 1200 decet.
3024 1147 3313 1203 Sternatur
3354 1164 3448 1206 son-

1881 1228 1992 1282 lum
2027 1231 2393 1299 continentia,
2430 1250 2528 1305 per
2556 1252 2722 1306 quam
2771 1239 2955 1307 pulvis
2978 1250 3207 1296 terrente
3249 1243 3449 1300 mentis

1879 1335 1989 1375 non
2019 1321 2208 1378 aﬂeret
2234 1325 2620 1383 molestiamei
2659 1330 2752 1399 qui
2783 1330 3071 1386 inhabitat.
3113 1331 3248 1402 Spes
3276 1336 3447 1390 celo-

1879 1428 2000 1466 rum
2064 1424 2264 1470 tectum
2321 1416 2591 1483 illustret,
2633 1420 2701 1475 ad
2754 1436 2917 1492 quam
2976 1424 3202 1481 intuens
3256 1426 3451 1483 anima

1880 1506 2062 1570 oculo,
2109 1522 2217 1562 non
2252 1509 2676 1579 pulchritudinis
2708 1514 3005 1570 simulacra
3034 1516 3176 1571 calo
3212 1524 3267 1571 et
3307 1519 3450 1573 scal-

1882 1598 2026 1667 pello
2057 1598 2313 1667 formata,
2338 1601 2435 1656 sed
2468 1602 2680 1659 videbis
2706 1605 2883 1675 ipsum
2909 1607 3184 1677 exemplar
3208 1609 3451 1678 pulchri-

1882 1689 2091 1747 tudinis
2124 1706 2233 1746 non
2278 1707 2414 1746 auro
2459 1702 2516 1747 et
2549 1702 2778 1763 argento
2817 1695 3013 1750 illitum
3061 1704 3116 1751 et
3149 1697 3447 1760 excultum,

174 1759 344 1860 ,ὑπερ
364 1765 583 1860 χρυσίον
611 1768 705 1820 καὶ
729 1768 873 1825 λίθον
904 1773 1082 1845 τίμιόν
1110 1778 1225 1829 ἐστι
1259 1778 1445 1835 πολύν.
1481 1782 1544 1833 El
1584 1782 1641 1834 δὲ
1674 1759 1778 1855 χρὴ

1881 1781 1975 1837 sed
2010 1782 2156 1852 quod
2188 1792 2272 1839 est
2324 1786 2483 1856 longe
2524 1759 2688 1856 super
2733 1802 2929 1842 aurum
2970 1796 3025 1844 et
3063 1797 3343 1860 argentum
3394 1759 3450 1844 et

197 1851 297 1903 καὶ
319 1853 385 1904 ἐκ
410 1853 654 1924 πλαγίων
677 1859 880 1933 κόσμον
908 1864 1220 1937 ὑπογράψαι
1250 1868 1327 1940 τῷ
1360 1870 1502 1943 λόγῳ
1519 1912 1534 1937 ,
1563 1851 1722 1927 ἔνθεν.

196 1944 478 2015 ἁφθαρσία
501 1951 594 2002 καὶ
609 1953 643 2023 ἡ
667 1953 903 2009 ἀπάθεια
922 1957 1302 2016 διαπλακούτω
1333 1964 1423 2017 τὸν
1450 1963 1595 2020 οἷκον
1614 1984 1627 1997 ·
1645 1944 1782 2022 ἐκείζ

196 2035 287 2133 θεν
358 2039 670 2133 δικαιοσύνη
682 2047 781 2112 καὶε
791 2047 850 2101 τὸ
864 2050 1129 2122 ἀόργητον
1146 2057 1416 2126 κοσμείτω
1429 2058 1527 2129 τὴν
1547 2061 1778 2133 οίκησιν.

196 2128 347 2224 Καθῖ
367 2131 550 2224 ἕτερον
569 2134 735 2207 μέρος
752 2140 785 2208 ἡ
816 2144 1281 2217 ταπεινοφροσύνη
1308 2147 1402 2201 καὶ
1421 2128 1493 2202 tbi
1512 2128 1781 2224 μακρόθυε

197 2237 305 2289 μον
326 2221 701 2295 διαλαμπέτω,
718 2230 810 2282 καὶ
845 2233 965 2285 κατ’
990 2234 1117 2288 ἄλλο
1139 2236 1321 2303 πάλιν,
1340 2240 1373 2311 ἡ
1410 2221 1535 2310 περὶ
1554 2243 1613 2294 τὸ
1631 2221 1780 2299 Belo»)

194 2312 483 2368 εὐσέϐεια⁸
525 2319 702 2373 πάντα
721 2322 778 2374 δὲ
807 2324 978 2378 ταῦτα
1007 2329 1035 2380 ό
1070 2329 1231 2393 καλὸς
1257 2331 1502 2403 τεχνίτης
1533 2335 1564 2405 ἡ
1591 2335 1777 2411 ἀγάπη

194 2403 436 2497 εὐθέτως
461 2410 595 2479 πρὸς
617 2411 822 2484 ἄλληλα
848 2419 1250 2488 συναρμοζέτω.
1272 2422 1389 2476 Κᾶν
1409 2403 1647 2497 λουτρῶν
1663 2403 1781 2482 Em;

192 2496 400 2568 θυμῇς,
432 2500 528 2554 ἐὰν
559 2502 738 2577 θέλῃς,
774 2506 917 2577 ἔχεις
951 2511 1043 2563 καὶ
1072 2510 1293 2583 λουτρὸν
1325 2496 1669 2581 κατοικίδιον,
1688 2521 1779 2574 καὶ

193 2591 464 2656 κρουνοὺς
496 2592 752 2681 ίδίουςδι’
783 2592 857 2651 ὦν
901 2600 1017 2653 ἔστι
1062 2603 1159 2666 τάς
1202 2604 1423 2676 κηλίδας
1471 2609 1571 2680 τῆς
1602 2611 1780 2681 ψυχῆς

167 2681 603 2751 ἀπονίψασθαι,
637 2674 681 2756 ᾧ
707 2690 972 2762 ἐκέχρητο
1008 2695 1101 2747 καὶ
1136 2697 1166 2749 ό
1203 2674 1375 2767 μέγας
1412 2674 1781 2767 Δαϐλδί

192 2771 373 2826 νύκτα
402 2777 680 2849 ἐντρυφῶν
704 2780 783 2851 τῷ
804 2784 1030 2856 τοιούτῳ
1064 2786 1291 2860 λουτρῷ.
1332 2792 1563 2858 Στύλους
1596 2795 1654 2848 δὲ
1682 2796 1780 2868 τὴν

191 2865 298 2935 τῆς
325 2867 504 2937 ψυχῆς
537 2871 697 2925 στοάν
731 2875 1136 2947 ὑπερείδοντας,
1161 2881 1236 2953 μὴ
1265 2883 1530 2953 Φρυγίους
1557 2865 1778 2958 τινάςξῆ

192 2960 541 3030 πορφυρίτας
594 2969 977 3037 περιεργάζου,
1011 2972 1144 3027 ἀλλὰ
1185 2974 1246 3028 τδ
1288 2977 1347 3029 ὲν
1381 2979 1541 3032 παντὶ
1592 2980 1780 3051 ἀγαθῷ

195 3051 469 3121 στάσιμόν
502 3070 561 3105 τε
598 3057 690 3107 καὶ
716 3058 1114 3134 ἀμετακίνητον
1139 3065 1248 3118 τῶν
1286 3066 1486 3121 ύλικῶν
1518 3069 1661 3123 ἔστω
1695 3088 1778 3125 σοι

190 3120 407 3195 τούτων
449 3120 918 3219 καλλωπισμάτων
965 3120 1666 3229 ὡλυτψδτψυωειὲῴᾖ
1805 3120 1852 3182 c

192 3235 542 3299 παντοδαπὰ,
576 3238 609 3309 ἢ
638 3240 696 3292 ἐν
724 3245 963 3312 γραφαῖς
1000 3245 1033 3317 ἢ
1062 3247 1120 3299 ὲν
1149 3248 1478 3320 πλάσμασιν,
1512 3253 1613 3306 ὅσα
1644 3255 1781 3325 πρὸς

194 3326 441 3397 μίμησιν
495 3329 595 3400 τῆς
637 3331 894 3404 ἀληθείας
935 3336 1002 3389 δι’
1051 3339 1265 3410 ἀπάτης
1307 3344 1693 3414 ἐπιτεχνῶνται
1731 3349 1780 3400 oi

192 3418 507 3489 ἄνθρωποι,
542 3424 577 3493 ἡ
622 3425 846 3497 τοιαύτη
879 3429 941 3482 οὐ
995 3432 1347 3503 καταδέχεται
1400 3437 1632 3508 οἴκησις,
1661 3434 1780 3513 ἐνῇ

194 3512 361 3581 γέμει
395 3514 479 3605 τὰ
512 3516 627 3605 ¹τῆς
668 3518 927 3586 ἀληθείας
971 3524 1282 3594 ἀγάλματα.
1327 3528 1571 3599 Δρόμους
1597 3530 1655 3583 δὲ
1686 3533 1781 3584 καὶ

195 3603 540 3672 περιπάτους
565 3607 869 3679 ἐπιθυμῶν,
890 3611 987 3682 τὴν
1021 3614 1080 3666 ὲν
1100 3617 1218 3677 ταῖς
1248 3616 1486 3682 ἐντολαῖς
1531 3617 1673 3688 ἔχεις
1708 3619 1783 3673 δι-

1883 1874 2116 1945 lapidem
2156 1877 2478 1946 pretiosum.
2529 1877 2685 1944 Quod
2730 1880 2777 1935 si
2822 1879 2987 1934 etiam
3031 1894 3099 1935 ex
3134 1887 3449 1937 transverso

1882 1968 1954 2022 sit
1994 1968 2179 2024 verbis
2213 1969 2615 2026 describendus
2649 1980 2900 2036 ornatus,
2951 1972 3078 2028 hinc
3110 1973 3449 2043 incorruptio

1878 2068 1934 2113 et
1966 2059 2341 2130 impatibilitas
2378 2061 2600 2116 domum
2626 2063 2932 2129 incrustet;
2963 2064 3115 2119 illinc
3150 2064 3364 2134 justitia
3394 2075 3450 2121 et

1880 2150 1977 2204 ira:
2021 2166 2130 2205 non
2177 2166 2299 2208 esse
2348 2153 2643 2209 obnoxium
2699 2163 2857 2211 ornet
2904 2155 3322 2211 habitationem.
3366 2155 3443 2212 Ex

1879 2242 2050 2298 altera
2084 2254 2244 2314 parte
2296 2245 2646 2315 resplendeat
2697 2246 2986 2302 humilitas
3018 2254 3074 2301 et
3122 2247 3343 2312 lenitas,
3390 2254 3449 2304 et

1880 2349 2076 2389 rursus
2106 2350 2174 2388 ex
2210 2335 2316 2389 alia
2350 2336 2407 2390 in
2450 2334 2621 2393 Deum
2658 2337 2858 2407 pietas.
2888 2335 3015 2391 [lato
3049 2344 3233 2391 autem
3263 2338 3447 2393 omnia

1881 2424 2181 2495 praeclarus
2226 2426 2448 2491 artifex,
2495 2443 2693 2497 nempe
2727 2427 2994 2492 charitas,
3041 2436 3168 2498 apte
3201 2428 3349 2484 inter
3388 2444 3448 2485 se

1879 2520 2198 2590 conjungat.
2258 2514 2410 2582 Quod
2444 2516 2486 2571 si
2512 2518 2718 2573 lavacra
2742 2521 3035 2583 desideres,
3058 2533 3113 2578 et
3140 2524 3283 2578 domi
3318 2524 3446 2578 velis

1883 2609 2082 2665 habere
2121 2611 2411 2672 lavacrum,
2436 2616 2493 2661 et
2514 2612 2755 2680 proprios
2783 2612 2963 2668 fontes
2996 2612 3286 2674 salientes,
3324 2614 3448 2683 qui-

1878 2697 1986 2754 bus
2031 2698 2230 2753 animae
2274 2700 2503 2754 maculat
2527 2701 2742 2769 possint
2778 2700 2915 2767 elui,
2967 2700 3021 2755 id
3049 2710 3207 2773 potes
3244 2704 3449 2761 habere

1879 2807 1991 2863 quo
2023 2806 2159 2847 usus
2187 2797 2273 2847 est
2306 2805 2541 2862 magnus
2586 2791 2781 2854 David,
2818 2800 2989 2848 noctu
3019 2793 3076 2847 in
3122 2808 3191 2849 eo
3222 2796 3447 2852 lavacro

1881 2899 1943 2939 se
1991 2883 2303 2939 oblectans.
2336 2881 2635 2938 Columnas
2666 2893 2851 2940 autem
2891 2900 3014 2956 quae
3046 2887 3243 2942 anima:
3277 2888 3446 2956 porti-

1880 2990 2007 3029 cum
2056 2975 2359 3039 sustinent,
2409 2990 2521 3029 non
2561 2973 2850 3047 Phrygias,
2901 2983 2996 3029 aut
3033 2975 3439 3049 porphyreticas

1882 3083 2144 3138 procura,
2200 3067 2296 3122 sed
2356 3065 2631 3122 stabilitas
2678 3075 2733 3121 et
2787 3066 3150 3122 immobilitas
3191 3066 3246 3121 in
3297 3069 3448 3123 omni

1882 3161 2027 3215 bono
2076 3160 2149 3214 sit
2202 3159 2364 3228 longe
2418 3158 2843 3228 pretiosiorrhis
2885 3158 3227 3214 ornamentis
3284 3169 3455 3215 mate-

1880 3250 2057 3306 riatis.
2109 3248 2284 3304 Omne
2334 3263 2508 3319 genus
2556 3258 2737 3304 autem
2791 3249 3109 3313 simulacra,
3165 3264 3261 3305 seu
3311 3250 3448 3318 picta

1881 3359 1978 3398 seu
2005 3343 2148 3404 ﬁcta,
2181 3356 2304 3411 quae
2345 3342 2413 3395 ad
2449 3340 2817 3394 imitationem
2863 3340 3113 3394 veritatis
3156 3338 3441 3396 artiﬁciose

1885 3433 2129 3489 fallendo
2182 3432 2434 3487 homines
2472 3430 2843 3493 fabricantur,
2889 3445 3001 3484 non
3048 3429 3294 3483 admittit
3340 3431 3453 3484 hate

1883 3522 2179 3586 habitatio,
2211 3522 2267 3575 in
2298 3536 2407 3592 qua
2437 3526 2568 3575 sunt
2597 3519 2771 3589 plenae
2795 3518 3060 3588 imagines
3085 3518 3356 3573 veritatis.
3392 3522 3446 3576 Si

1880 3630 2105 3671 cursum
2145 3624 2326 3670 autem
2357 3620 2412 3669 et
2443 3610 2942 3668 deambulationem
2976 3609 3285 3673 desideras,
3326 3622 3453 3663 ver-

196 3696 450 3765 ἀγωγήν.
474 3695 630 3749 Οὕτω
649 3699 757 3768 γάρ
777 3716 940 3769 φησιν
963 3703 997 3771 ἡ
1020 3702 1212 3771 Σοφία,
1230 3704 1314 3756 Ἐν
1338 3705 1476 3769 ὁδοῖς
1516 3707 1790 3762 δικαιοσύ-

195 3802 299 3854 νης
322 3788 635 3854 περιπατῶ,
666 3790 759 3841 καὶ
780 3788 884 3842 άνά
915 3791 1078 3861 μέσον
1108 3794 1241 3847 ὁδῶν
1261 3795 1628 3869 δικαιώματος
1660 3803 1793 3856 ἀνα-

195 3876 538 3945 στρέφομαι.
566 3877 654 3940 Ὡς
676 3878 839 3931 καλόν
859 3881 1007 3934 ἐστιν
1030 3882 1089 3935 ἐν
1104 3881 1314 3947 τούτοις
1329 3885 1685 3943 διακινείσθαι
1700 3890 1793 3944 καὶ

192 3968 663 4037 διαγυμνάζεσθαι
702 3971 797 4043 τὴν
832 3972 1030 4044 ψυχὴν,
1064 3976 1157 4029 καὶ
1204 3976 1480 4034 διελθόντα
1517 3983 1581 4052 τῇ
1626 3985 1780 4055 κινή-

195 4072 281 4109 σει
320 4056 414 4109 τὺν
459 4058 560 4127 τῆς
594 4060 813 4131 ἐντολῆς
845 4062 1031 4128 τόπον,
1054 4063 1146 4116 ἐπὶ
1187 4064 1247 4117 τὸ
1287 4066 1418 4120 αὐτὸ
1458 4069 1621 4124 πάλιν
1651 4073 1780 4125 ἁνα-

1882 4090 2009 4129 cum
2061 4081 2213 4128 motu
2254 4070 2581 4141 pervaserit,
2647 4068 2840 4123 eodem
2889 4067 3094 4123 reverti
3140 4066 3295 4120 :hoc
3345 4076 3454 4131 est,

193 4149 460 4218 στρέφειν
489 4166 501 4180 ’
530 4152 795 4215 τουτέστι,
824 4150 1187 4223 πληρώσαντα
1210 4157 1309 4229 τὴν
1334 4160 1441 4212 τῶν
1490 4162 1780 4227 σπουδαζο-

1883 4173 1943 4221 ut
1970 4180 2095 4221 cum
2128 4163 2436 4232 impleverit
2472 4161 2790 4216 mandatum
2823 4174 3014 4214 eorum
3050 4159 3106 4213 in
3140 4173 3263 4227 quze
3291 4171 3452 4212 suum

194 4240 382 4310 μένων
410 4239 559 4309 αὐτῷ
585 4242 823 4313 ἐντολὴν,
859 4244 1021 4297 πάλιν
1055 4245 1193 4316 πρὸς
1214 4248 1305 4301 τὸν
1333 4249 1580 4322 δεύτερόν
1603 4271 1662 4306 τε
1689 4256 1780 4307 καὶ

1881 4256 2096 4313 confert
2127 4254 2389 4318 studium,
2426 4251 2674 4308 secundo
2708 4265 2903 4305 rursus
2950 4260 3004 4302 et
3043 4250 3205 4303 tertio
3234 4248 3456 4303 excola-

191 4332 382 4402 τρίτον
426 4332 460 4401 ἠ
492 4330 584 4384 τοῦ
616 4332 779 4403 ἤθους
806 4336 1143 4408 κατόρθωσις
1187 4340 1283 4392 καὶ
1313 4342 1347 4411 ἡ
1398 4343 1779 4417 εὐσχημοσύνη

1883 4358 1975 4402 tur
2023 4362 2238 4401 morum
2287 4345 2536 4416 probitas
2590 4352 2645 4399 et
2686 4344 2814 4397 vita:
2856 4342 3140 4396 honestas.
3190 4339 3296 4407 Qui
3347 4340 3455 4395 hoc

190 4423 291 4476 τοῦ
326 4423 444 4492 βίου
474 4425 879 4491 καλλωπιζέτω.
914 4422 972 4482 Ὅ
990 4430 1177 4485 τοῦτον
1199 4433 1289 4486 τὸν
1308 4434 1507 4505 τρόπον
1533 4434 1778 4500 ὲξασκῶν

1882 4439 2045 4496 modo
2069 4439 2138 4493 ad
2172 4437 2638 4509 pulchritudinem
2676 4451 2837 4491 suum
2875 4443 3106 4490 exornat
3138 4432 3453 4499 aedilicium,

1882 3707 1995 3763 sari
2022 3715 2077 3762 te
2104 3715 2326 3776 oportet
2353 3708 2408 3760 in
2438 3704 2746 3775 praeceptis.
2784 3704 2876 3759 Sic
2898 3704 3044 3759 enim
3069 3701 3205 3757 dicit
3226 3700 3453 3770 Sapien-

1884 3801 1985 3862 tia,
2012 3798 2074 3853 In
2111 3798 2218 3853 viis
2261 3798 2493 3867 justitiae
2547 3796 2792 3861 ambulo,
2832 3802 2887 3849 et
2930 3808 3123 3849 versor
3181 3793 3236 3846 in
3271 3790 3453 3846 medio

1880 3893 2097 3947 viarum
2133 3888 2568 3960 justiﬁcationis.
2601 3886 2777 3952 Quam
2822 3885 3117 3956 pulchrum
3141 3891 3228 3940 est
3277 3884 3333 3937 in
3367 3883 3454 3938 his

1884 3982 2081 4055 agitari
2130 3990 2185 4036 et
2218 3981 2464 4035 exerceri
2503 3978 2767 4041 animam,
2800 3987 2854 4031 et
2887 3992 3012 4031 cum
3064 3976 3321 4045 praecepti
3373 3976 3456 4029 lo-

159 4585 163 4588 ν
192 4517 277 4578 είς
301 4514 499 4578 κάλλος
532 4514 591 4568 τὸ
619 4517 955 4588 οἰκοδόμημα
985 4521 1046 4574 τὸ
1078 4522 1292 4587 ἑαυτοῦ,
1335 4526 1508 4595 μικρά
1538 4531 1779 4598 φροντιεῖ

189 4607 297 4675 τῆς
324 4608 521 4677 γηῖνης
542 4606 693 4675 ὖλης,
714 4610 814 4664 οὐκ
836 4612 1111 4684 ἐνοχλήσει
1141 4616 1421 4683 μετάλλοις
1442 4618 1541 4671 οὐκ
1585 4618 1777 4673 Ἰνδικά

193 4698 431 4769 περάσει
474 4694 704 4771 πελάγη,
738 4702 824 4755 ἶνα
850 4703 918 4756 τά
962 4704 1067 4757 τῶν
1110 4704 1411 4774 ἐλεφάντων
1448 4708 1583 4762 ὀστᾶ
1606 4711 1776 4778 ἐμπο-

184 4789 486 4862 ρεύσηται,
515 4790 577 4843 οὐ
608 4792 862 4862 τεχνιτῶν
887 4798 1231 4867 περιεργείας
1262 4799 1614 4869 μισθώσεται,
1640 4796 1715 4856 ὧν
1742 4805 1774 4873 ἡ

189 4884 363 4952 τέχνη
409 4884 829 4955 προσαπτομένη
863 4889 928 4957 τῇ
977 4886 1079 4961 ὕλῃ
1104 4905 1118 4919 ⁸
1157 4889 1270 4942 ἀλλ’
1296 4890 1504 4944 οἴκοθεν
1548 4893 1775 4962 ἔχειτὸν

193 4973 433 5026 πλοῦτον
461 4973 552 5025 τὸν
582 4976 703 5037 ταῖς
728 4976 1001 5040 τοιαύταις
1039 4983 1402 5045 κατασκευαῖς
1441 4985 1779 5054 χορηγοῦντα

190 5066 297 5129 τὰς
330 5065 484 5129 ὕλας.

270 5158 396 5219 Τοῖς
423 5158 519 5227 μὲν
538 5159 647 5230 γὰρ
663 5161 1033 5233 εὐνουστέροις
1049 5162 1156 5216 τῶν
1182 5164 1410 5229 παίδων,
1445 5167 1597 5220 ἐλέου
1626 5167 1775 5233 ἄξιον

188 5249 461 5318 ἐνομίσθη
488 5250 549 5302 τὸ
590 5253 996 5323 ἀσχημάτιστον
1026 5271 1041 5286 ·
1077 5255 1152 5326 τῷ
1183 5256 1239 5309 δὲ
1271 5258 1558 5330 ἀτασθάλῳ
1583 5277 1644 5312 τε
1684 5263 1777 5315 καὶ

188 5336 527 5411 ἀπαιδεύτῳ,
559 5343 792 5410 γέλωτος
836 5346 1175 5417 ἀφορμὴ,τὸ
1222 5349 1321 5418 τῆς
1357 5350 1526 5420 μέθης
1570 5352 1780 5420 γίνεται

186 5432 401 5503 θέαμα.
420 5432 595 5488 Πολύν
619 5433 674 5487 δὲ
703 5452 770 5487 πε
779 5437 1094 5507 ριλαμσάνει
1122 5440 1458 5510 παθημάτων
1482 5443 1780 5512 κατάλογον

187 5526 227 5594 ἡ
266 5525 367 5595 τῆς
401 5522 510 5575 τῶν
560 5525 897 5594 ἀμπελώνων
942 5528 1164 5597 φυτείας
1196 5530 1598 5602 ἐξομολόγησις.
1635 5534 1778 5588 Ὅσα

264 5700 315 5732 ⁸⁸
357 5695 495 5752 Gen.
530 5714 608 5764 ix,
641 5698 712 5751 2:!
740 5715 857 5770 sqq.

1885 4548 2079 4604 parum
2136 4530 2353 4585 curabit
2416 4540 2693 4585 terrenam
2754 4526 3078 4590 materiam,
3141 4540 3253 4577 non
3302 4523 3456 4578 dabit

1885 4639 2108 4695 operam
2141 4621 2417 4677 fodiendis
2457 4619 2718 4683 metallis,
2748 4632 2860 4671 non
2903 4616 3091 4670 Indica
3114 4614 3454 4668 transmittet

1883 4716 2085 4782 maria,
2122 4723 2185 4767 ut
2215 4723 2365 4768 emat
2394 4727 2524 4767 ossa
2553 4712 2990 4780 elephantorum.
3023 4723 3129 4762 non
3156 4705 3452 4759 artiﬁcium

1883 4820 2359 4877 supervacaneum
2418 4811 2474 4858 et
2521 4802 2803 4856 curiosum
2856 4799 3127 4853 conducet
3175 4796 3451 4861 laborem,

1882 4914 2121 4970 quorum
2151 4913 2243 4953 ars
2268 4903 2353 4951 est
2382 4895 2640 4964 adjuncta
2673 4892 2917 4946 materiai
2942 4907 2957 4942 :
2991 4888 3085 4945 sed
3115 4888 3260 4942 domi
3284 4887 3453 4942 habet

1881 5007 2036 5062 opes,
2085 5004 2210 5060 quas
2242 4986 2560 5056 hujusniodi
2590 4984 2891 5040 structuris
2936 4980 3289 5051 suppeditant
3329 4994 3450 5032 ma-

1939 5097 2094 5137 nam.

1880 5092 2094 5139 teriam.

1953 5171 2071 5226 Filii
2111 5171 2256 5225 enim
2294 5170 2387 5239 qui
2427 5176 2583 5222 erant
2613 5166 2777 5235 paulo
2810 5160 3302 5222 benevolentiores,
3342 5158 3447 5212 mi-

1884 5262 2183 5319 sericordia
2214 5262 2436 5331 dignum
2471 5266 2825 5323 censuerunt,
2858 5255 3003 5325 quod
3032 5268 3090 5309 se
3119 5263 3332 5323 gereret
3361 5252 3446 5327 in-

1886 5355 2084 5409 decore
2104 5353 2150 5385 ⁶⁰
2179 5371 2195 5416 ;
2228 5352 2429 5407 stultus
2460 5358 2639 5403 autem
2669 5355 2724 5402 et
2763 5346 3006 5401 insolens
3034 5358 3101 5397 ex
3137 5341 3450 5411 spectaculo

1887 5442 2170 5498 ebrietatis
2221 5440 2457 5511 sumpsit
2519 5437 2867 5493 occasionem
2921 5434 3089 5488 risus.
3192 5430 3446 5499 Magnum

1884 5544 2065 5603 autem
2090 5532 2435 5590 allectionum
2474 5529 2781 5600 catalogum
2818 5520 3230 5596 comprehendit
3264 5518 3448 5581 vinea-
