3870 6220
437 289 544 348 σεο

1634 284 1694 343 S.
1741 284 2064 343 GBEGORII
2101 277 2388 337 NYSSENI

3589 267 3692 326 ϐω

438 416 561 455 rum
609 398 962 470 plantationis
1011 400 1306 456 confessio.
1361 399 1492 467 Qua.-
1523 402 1668 458 enim
1711 410 1768 458 et
1817 401 2007 472 quales

2120 397 2217 469 γὰρ
2244 397 2339 450 καί⁵
2370 391 2458 450 οἷα
2492 395 2608 446 ἐστι
2657 391 2725 446 τά
2753 391 2853 445 τοῦ
2896 388 3038 443 οῐνου
3082 386 3488 458 ἀποτελούμενα
3521 387 3687 457 πάθη,

442 499 571 545 sunt
599 505 720 559 qua:
747 505 777 542 a
804 491 930 544 vino
959 491 1096 544 ﬁunt
1127 490 1460 556 affectiones,
1491 507 1586 548 eas
1615 507 1804 548 omnes
1834 492 2011 545 oratio

445 587 712 649 potestate
739 581 1138 650 complectitur.
1177 582 1312 648 Quis
1344 582 1490 637 enim
1530 597 1597 637 ex
1623 583 1881 638 omnibus
1916 599 2013 636 ne-

444 671 568 731 scit,
601 671 744 740 quod
774 672 984 738 vinum,
1032 673 1252 742 quando
1313 673 1670 729 immoderate
1733 683 2010 742 sumptum

443 761 657 815 excedit
688 777 869 828 usum,
917 773 1002 818 est
1042 763 1216 818 fomes
1265 763 1718 835 intemperantia,
1756 766 2011 834 suppedi-

445 861 524 907 tat
555 854 877 922 voluptates,
905 863 990 909 est
1041 856 1312 924 pernicies
1359 856 1686 928 juventutis,
1747 857 2011 927 probrum

451 944 777 1011 senectutis,
808 945 1047 1002 dedecus
1100 948 1413 1013 mulierum,
1471 948 1701 1004 insaniae
1756 949 2012 1018 pharma-

443 1050 591 1098 cum,
622 1035 925 1092 insolentiae
951 1048 1006 1092 et
1033 1039 1347 1108 petulantia:
1375 1040 1660 1102 viaticum,
1697 1039 1892 1093 animat
1921 1055 2015 1091 ve-

441 1142 668 1191 nenum,
708 1128 906 1184 mentis
938 1129 1216 1197 interitus,
1245 1132 1470 1188 virtutis
1501 1130 1800 1186 alienatio?
1825 1129 1899 1183 Ex
1922 1130 2016 1184 illo

442 1228 529 1275 est
565 1220 712 1276 risus
743 1221 950 1292 absque
973 1223 1082 1277 ulla
1111 1225 1422 1291 occasione,
1461 1225 1641 1279 luctus
1669 1224 1791 1278 sine
1819 1239 2010 1288 causa,

445 1321 761 1382 spontanee
809 1314 1098 1385 lacrymaa,
1151 1331 1274 1386 quae
1330 1317 1643 1372 consistere
1671 1331 1780 1371 non
1838 1324 2016 1386 potest

438 1403 726 1472 iactantia,
750 1403 806 1459 in
837 1406 1124 1462 mendacio
1154 1407 1511 1477 impudentia,
1541 1422 1731 1462 eorum
1764 1423 1885 1478 quae
1913 1409 2017 1461 mi-

446 1495 592 1551 nime
627 1511 750 1552 esse
807 1499 1020 1566 possint
1069 1498 1435 1563 desiderium,
1486 1515 1612 1570 spes
1664 1515 1852 1555 eorum
1894 1515 2016 1570 qua:

447 1596 722 1657 nequeunt
770 1591 880 1644 ulla
926 1589 1039 1646 ﬁeri
1091 1592 1324 1654 ratione,
1368 1591 1530 1646 minae
1576 1591 1741 1647 nimis
1773 1591 2014 1657 tumidas,

447 1689 628 1735 metus
683 1696 881 1751 expers
948 1682 1202 1750 rationis,
1259 1684 1481 1739 minime
1541 1684 1745 1740 sentire
1798 1699 1862 1739 ea
1895 1698 2016 1754 qua:

2113 490 2292 544 πάντα
2318 491 2385 559 τῇ
2423 487 2648 556 δυνάμει
2676 483 2917 553 περιέχει
2941 485 2970 536 6
2996 481 3173 550 λόγος.
3207 480 3304 542 Τίς
3335 479 3446 550 γὰρ
3464 479 3564 532 οὐκ
3585 474 3687 532 οἶδε

2112 583 2220 636 τῶν
2254 583 2493 644 πάντων,
2524 579 2606 631 ὅτι
2652 571 2814 639 οἶνος,
2842 577 2970 629 ὅταν
2997 571 3198 644 παρῄει
3227 576 3294 644 τῇ
3324 571 3562 644 ἀμετρίᾳ
3593 572 3689 644 τὴν

2111 674 2321 745 χρείαν,
2349 671 2642 732 ἀκολασίας
2667 669 2815 721 ἐστὶν
2837 667 3192 736 ὑπέκκαυμα,
3211 663 3416 736 ἡδονῶν
3439 664 3687 735 χορηγία,

2112 765 2362 835 νεότητος
2393 762 2561 832 λύμη,
2600 761 2786 831 γήρως
2837 758 3192 830 ἀσχημοσύνη
3214 801 3228 822 ,
3260 755 3536 826 γυναικῶν
3577 757 3691 809 ἀτι-

2117 859 2233 929 μία,
2291 855 2487 926 μανίας
2544 854 2856 924 φάρμακον,
2906 849 3193 922 παροινίας
3241 849 3486 918 ἑφόδιον,
3514 847 3689 918 ψυχῆς

2111 949 2456 1019 δηλητήριον,
2480 944 2718 1008 διανοίας
2762 944 3046 1015 νέκρωσις,
3077 943 3277 1014 ἀρετῆς
3307 940 3688 1011 ἀλλοτρίωσιςς

2125 1040 2364 1094 Ἐκεῖθεν
2383 1041 2412 1092 6
2428 1039 2832 1110 ἀπροφάσιστος
2853 1037 3044 1105 γέλως,
3062 1037 3091 1088 6
3108 1035 3238 1090 ἀνευ
3272 1035 3451 1097 αἰτίας
3473 1033 3689 1108 θρῆνος,

2116 1134 2179 1187 τὸ
2233 1132 2536 1204 αὐτόματον
2565 1131 2797 1200 δάκρυον
2817 1172 2832 1196 ,
2859 1131 2894 1200 ὴ
2936 1127 3302 1191 ἀνυπόστατος
3335 1126 3690 1198 μεγαλαυχία,

2115 1226 2149 1294 ὴ
2181 1225 2272 1277 ἐπὶ
2299 1222 2376 1294 τῷ
2420 1222 2604 1294 ψεύδει
2652 1219 3034 1290 ἀναισχυντία,
3077 1221 3110 1290 ἡ
3161 1219 3268 1272 τῶν
3324 1219 3687 1292 ἀνυπάρκτων

2116 1311 2403 1381 ἐπιθυμία,
2426 1313 2460 1382 ὴ
2488 1310 2595 1364 τῶν
2626 1309 2924 1380 ἀμηχάνων
2954 1307 3131 1372 ἐλπὶς,
3151 1309 3185 1378 ὴ
3218 1307 3523 1379 ὑπέρογκος
3544 1307 3696 1361 ἀπει-

2115 1404 2203 1475 λὴ,
2235 1405 2264 1457 6
2301 1401 2494 1470 ἀλογος
2523 1401 2708 1472 φόϐος,
2741 1403 2775 1472 ἡ
2808 1401 2915 1453 τῶν
2964 1399 3105 1453 κατὰ
3161 1399 3415 1472 ἀλήθειαν
3449 1399 3696 1472 φοϐερῶν

2116 1493 2458 1565 ἀναισθησία,
2493 1495 2527 1564 ἡ
2565 1493 2803 1555 ἀναίτιος
2850 1491 3077 1560 ὑποψία,
3111 1493 3144 1562 ἡ
3174 1492 3481 1562 παράλογος
3505 1492 3695 1561 φιλαν-

2117 1585 2356 1658 θρωπία,
2383 1586 2420 1657 ἡ
2462 1584 2571 1638 τῶν
2604 1583 2880 1638 ἀδυνάτων
2931 1581 3231 1652 ἐπαγγελία
3259 1600 3272 1614 ο
3310 1584 3396 1636 ἵνα
3429 1583 3697 1655 παρῶμεν

2115 1678 2184 1731 τά
2209 1675 2364 1740 ἀλλα,
2397 1676 2485 1728 τὸν
2513 1676 2735 1747 ἀπρεπῆ
2764 1673 3070 1744 νυσταγμὸν
3090 1715 3106 1740 ,
3137 1673 3234 1744 τὴν
3266 1674 3503 1745 πάρετον
3532 1691 3704 1745 καρη⁴

446 1779 577 1825 sunt
607 1788 730 1827 vere
761 1773 1148 1840 formidabilis,
1182 1775 1428 1842 suspicio
1469 1775 1783 1840 temeraria,
1817 1775 2013 1830 huma-

2120 1768 2334 1840 ϐαρίαν,
2361 1766 2458 1838 τὴν
2478 1769 2542 1820 ὲκ
2569 1770 2668 1838 τῆς
2697 1766 2937 1838 ἀμέτρου
2962 1764 3256 1838 πληθώρας
3282 1766 3699 1838 ἀσχημοσύνην,

448 1863 592 1920 nitas
636 1866 838 1920 rationi
897 1884 1243 1938 nequaquam
1293 1875 1685 1932 consentanea,
1722 1867 2016 1937 promissio

444 1970 632 2010 eorum
656 1973 776 2027 quas
800 1959 914 2013 ﬁeri
945 1967 1256 2029 nequeunt:
1290 1967 1348 2013 ut
1372 1960 1478 2012 alia
1507 1959 2014 2028 praetermittamus,

444 2048 766 2104 indecoram
818 2050 1304 2114 dormitationem,
1344 2049 1670 2106 dissolutam
1729 2049 2015 2120 crapulam

445 2150 612 2209 caput
673 2149 1019 2212 gravantem,
1074 2156 1140 2196 ex
1198 2140 1493 2196 immodica
1542 2141 1844 2211 repletioue
1896 2151 2015 2196 tur-

446 2231 768 2303 pitudinem,
795 2232 1208 2288 dissolutionem
1239 2231 1622 2294 articulorum,
1646 2231 1771 2286 colli
1795 2240 2017 2287 contor-

443 2324 680 2389 sionem,
734 2322 881 2394 quod
945 2337 1006 2378 se
1037 2337 1148 2377 non
1212 2329 1394 2393 potest
1449 2322 1686 2392 amplius
1742 2324 2017 2378 sustinere

445 2429 613 2483 super
653 2415 930 2478 humeros,
956 2413 1068 2468 vini
1101 2413 1331 2468 humore
1356 2412 1484 2468 colli
1525 2413 1880 2483 Iigamentum
1925 2429 2015 2469 re-

446 2503 861 2570 solvenle.Quid
879 2503 1155 2571 nefarium
1175 2503 1508 2575 perpetravit
1539 2503 1805 2576 ﬂagitium
1837 2506 2017 2561 coitus

443 2611 569 2650 eum
606 2595 758 2649 lilia?
783 2594 925 2660 Quid
962 2595 1018 2649 in
1062 2596 1130 2650 iis
1158 2611 1281 2665 quae
1324 2595 1526 2650 ﬂebant
1551 2594 1656 2651 Lot
1694 2597 1833 2652 laesit
1867 2613 2017 2654 men-

442 2697 552 2740 tem
577 2688 644 2747 “.
681 2693 738 2740 ut
771 2686 864 2757 qui
913 2696 968 2742 et
1013 2685 1278 2757 ﬂagitium
1339 2689 1754 2758 perpetraverit,
1787 2697 1843 2745 et
1869 2689 2017 2761 quod

446 2779 775 2848 perpetravit
805 2779 1140 2850 ignoraverit
1175 2779 1201 2832 ?
1246 2778 1386 2845 Quid
1418 2780 1652 2836 alienam
1691 2782 1908 2836 illorum
1950 2783 2034 2856 li-V

445 2870 642 2924 Iiorum
678 2870 1098 2941 appellationem
1134 2870 1422 2925 innovavit
1453 2879 1716 2941 tanquam
1763 2871 1818 2926 in
1847 2873 2018 2943 aenig-

443 2963 628 3018 mate?
661 2962 951 3028 Quomodo
985 2962 1238 3018 scelerati
1275 2969 1467 3033 partus
1508 2970 1736 3028 matres,
1793 2961 2018 3018 fuerunt

444 3068 664 3109 sorores
690 3069 918 3108 suorum
948 3053 1228 3109 ﬁliorum“!
1259 3052 1549 3119 Quomodo
1613 3053 1710 3107 lilii
1765 3055 2014 3129 eumdem

445 3145 608 3199 simul
650 3143 924 3199 habebant
951 3152 1006 3198 et
1038 3151 1250 3214 patrem
1270 3112 1331 3199 et
1359 3144 1564 3198 avum?
1589 3143 1730 3210 Quid
1755 3153 1841 3200 est
1870 3121 2015 3216 quod
2042 3112 2086 3171 θ

444 3234 698 3290 confudit
729 3244 982 3291 naturam
1005 3237 1060 3291 in
1083 3234 1295 3292 nefario
1319 3237 1568 3292 scelere?
1588 3237 1672 3292 An
1692 3251 1803 3292 non
1827 3238 2015 3292 vinum

445 3326 594 3395 quod
625 3326 846 3381 modum
874 3326 1136 3390 excessit,
1163 3325 1306 3380 banc
1330 3327 1418 3379 cui
1457 3325 1592 3382 ﬁdes
1619 3343 1729 3382 non
1758 3327 2015 3394 habetur,

446 3418 656 3473 invexit
703 3418 1078 3488 tragmdiam?
1108 3418 1225 3474 Non
1280 3419 1520 3476 ebrietas
1573 3419 1821 3476 historiae
1852 3422 2016 3476 talem

445 3509 671 3564 annexlt
727 3508 988 3575 fabulam,
1036 3525 1160 3580 quae
1194 3525 1297 3566 suo
1328 3525 1559 3566 excessu
1627 3527 1788 3566 veras
1849 3513 2016 3568 etiam

446 3605 670 3667 superat
700 3597 959 3652 fabulas?
1001 3595 1172 3652 Suum
1200 3598 1373 3663 enim,
1413 3599 1613 3669 inquit,
1659 3607 1872 3670 patrem
1918 3616 2018 3671 po-

447 3697 636 3743 tarunt
661 3689 806 3744 vino.
843 3687 906 3744 Et
930 3689 1012 3744 sic
1042 3697 1222 3745 mente
1263 3691 1311 3746 ei
1357 3690 1484 3746 vino
1538 3691 1851 3759 deturbata,
1897 3702 2018 3747 tan-

444 3797 609 3853 quam
637 3780 730 3852 qui
763 3781 939 3852 magia
1008 3781 1190 3852 aliqua
1231 3790 1380 3838 esset
1437 3782 1809 3847 dementatus,
1875 3784 2018 3839 hanc

446 3871 648 3927 mundo
677 3873 936 3942 tragicam
969 3873 1190 3942 reliquit
1220 3874 1622 3938 narrationem,
1657 3882 1719 3929 ut
1743 3874 1833 3930 cui
1862 3881 2006 3929 tem-

444 3979 577 4034 pore
606 3965 898 4035 perpetrati
925 3962 1114 4032 flagitii
1141 3964 1213 4020 ab
1239 3965 1507 4022 ebrietate
1538 3964 1687 4020 furto
1725 3966 2018 4037 subreptus

444 4056 609 4111 fuerit
641 4071 861 4111 sensus.
893 4054 938 4110 0
967 4071 1130 4126 quam
1165 4057 1308 4113 male
1336 4057 1596 4114 mulieres
1626 4058 1759 4125 illae,
1792 4074 1857 4115 ex
1884 4074 2018 4114 con-

443 4148 630 4204 ditivis
665 4146 1072 4203 Sodomitarum
1099 4150 1260 4214 cibis,
1291 4163 1478 4204 secum
1516 4150 1706 4204 vinum
1733 4152 2012 4207 tulerunt!

443 4239 490 4296 0
523 4255 688 4311 quam
719 4241 922 4295 malum
968 4242 1227 4296 amicitia:
1273 4242 1508 4298 indicem
1540 4251 1727 4313 potum
1774 4259 1841 4298 ex
1874 4245 2019 4298 malo

444 4342 656 4388 cratere
707 4333 845 4402 patri
895 4347 999 4386 suo
1056 4332 1386 4388 infuderunt
1417 4335 1431 4387 l
1468 4333 1644 4400 Quam
1705 4334 1865 4404 longe
1897 4344 2018 4390 erat

445 4427 644 4481 melius
676 4439 800 4480 cum
828 4424 1085 4480 omnibus
1127 4425 1260 4480 illud
1317 4440 1538 4496 quoque
1569 4426 1757 4480 vinum
1793 4426 2018 4482 interire

447 4515 723 4581 Sodomis,
782 4518 1106 4588 priusquam
1157 4517 1318 4571 talem
1379 4517 1749 4587 suppeditaret
1809 4528 2017 4589 tragoe-

444 4611 588 4666 diam
614 4612 628 4664 ἰ
667 4611 801 4666 Cum
833 4611 944 4666 sint
965 4619 1146 4664 autem
1174 4610 1495 4679 huiusmodi
1524 4611 1797 4680 exempla,
1826 4620 1880 4667 et
1905 4620 2015 4667 tam

448 4705 616 4758 multa
647 4705 788 4757 mala
819 4702 1064 4774 quotidie
1107 4701 1163 4756 in
1195 4701 1304 4755 vita
1334 4716 1400 4756 ex
1446 4702 1575 4756 vino
1605 4702 1880 4765 oriantur,
1919 4703 2020 4758 hoc

2118 1861 2218 1931 τὴν
2245 1860 2352 1913 τῶν
2393 1859 2610 1930 ἀρθρων
2663 1859 2816 1912 λύσιν
2844 1900 2860 1923 ,
2891 1859 2982 1912 τὸν
3018 1859 3282 1930 λυγισμδν
3320 1860 3412 1914 τοῦ
3454 1859 3698 1930 αὐχένος,

2119 1953 2302 2008 οὐκέτι
2335 1953 2524 2006 ἑαυτὸν
2557 1952 2651 2005 ἐπὶ
2690 1951 2796 2004 τῶν
2823 1949 2988 2023 ῶμων
3025 1952 3332 2023 ἀνέχοντος,
3363 1951 3463 2021 τῆς
3493 1953 3558 2003 ἐκ
3605 1950 3700 2003 τοῦ

2119 2053 2262 2106 οἴνου
2289 2049 2587 2122 ὑγρότητος
2615 2048 2706 2101 τὸν
2735 2047 3026 2118 σύνδεσμον
3062 2046 3155 2100 τοῦ
3183 2045 3409 2117 αύχένος
3436 2044 3702 2100 ύπολυού-

2121 2161 2246 2216 σης,
2283 2144 2348 2197 Τί
2387 2145 2447 2197 τὸ
2475 2141 2790 2212 παράνομον
2817 2141 2950 2210 ἀγος
2988 2139 3086 2210 τῆς
3131 2135 3559 2209 θυγατρομιξίας
3588 2137 3701 2207 εἰρ⁴

2119 2238 2325 2306 γάσατο
2347 2252 2362 2300 ;
2386 2236 2438 2288 τί
2467 2236 2568 2306 τὴν
2601 2234 2838 2288 διάνοιαν
2865 2233 2958 2286 τοῦ
2975 2231 3098 2286 Λὼτ
3127 2231 3234 2284 ἀπὸ
3265 2228 3375 2282 τῶν
3401 2227 3701 2299 γινομένων

2120 2325 2504 2394 ὲξέκλεψεν,ὂς
2549 2324 2644 2378 καὶ
2682 2324 2743 2377 τὸ
2790 2323 2918 2391 ἄγος
2967 2322 3252 2394 ἐτόλμησε,
3299 2320 3392 2375 καὶ
3434 2320 3702 2390 ἠγνόησεν

2119 2420 2256 2488 ὅπερ
2284 2418 2610 2488 ἐτόλμησεν;
2637 2416 2720 2479 τίς
2761 2414 2952 2485 ῶσπερ
2983 2415 3041 2466 ὲν
3095 2412 3378 2484 αἰνίγματι
3411 2411 3511 2482 τὴν
3549 2411 3702 2464 ἀλλό-

2118 2527 2275 2564 κοτον
2304 2510 2411 2562 τῶν
2443 2509 2650 2562 τέκνων
2683 2508 2906 2562 ἐκείνων
2953 2506 3323 2578 προσηγορίαν
3348 2504 3703 2574 ἐκαινοτόμηο

2122 2618 2243 2668 σεν;
2271 2602 2390 2664 πῶς
2414 2601 2471 2654 αἰ
2495 2600 2586 2654 τοῦ
2614 2600 2839 2668 ἐναγοῦς
2877 2601 3037 2653 τόκου
3069 2597 3304 2670 μητέρες
3333 2595 3565 2664 ἀδελφαὶ
3592 2596 3702 2648 τῶν

2124 2688 2270 2742 ἰδίων
2289 2687 2494 2742 τέκνων
2529 2688 2780 2756 ἐγένοντο
2796 2705 2810 2753 ;
2828 2688 2942 2751 πῶς
2965 2689 3014 2740 οἰ
3041 2687 3227 2749 παῖδες
3253 2686 3344 2739 τὸν
3364 2685 3527 2738 αὑτὸν
3547 2685 3709 2754 ἔσχον

2123 2777 2332 2848 πατέρα
2352 2795 2411 2830 τε
2427 2777 2562 2848 όμοῦ
2581 2777 2676 2831 καὶ
2708 2779 3028 2850 προπάτορα
3044 2778 3191 2843 ;τίςό
3207 2777 3438 2847 συγχέας
3457 2779 3516 2828 ὲν
3534 2793 3706 2848 παρα-

2127 2867 2292 2938 νομία
2319 2869 2419 2938 τὴν
2467 2868 2668 2936 φύσιν;
2715 2869 2817 2922 οὐκ
2863 2863 3004 2932 οἶνος
3077 2867 3244 2932 ἐκϐὰς
3281 2869 3351 2920 τά
3394 2867 3574 2938 μέτρα
3605 2869 3707 2937 τὴν

2119 2957 2524 3028 ἀπιστουμένην
2551 2959 2754 3032 ταύτην
2771 2960 3080 3031 τραγῳδίαν
3105 2961 3456 3030 εἰσήνεγκεν;
3479 2960 3543 3012 οὐ
3566 2959 3710 3030 μέθη

2117 3048 2208 3102 τὸν
2240 3049 2480 3104 τοιοῦτον
2521 3051 2686 3122 μύθον
2718 3052 2815 3122 τῆς
2838 3051 3076 3122 ἱστορίας
3108 3051 3452 3116 συνέπλεξεν,
3483 3051 3549 3115 ὃς
3586 3053 3707 3113 ταῖς

2119 3140 2442 3212 ὑπερϐολαῖς
2463 3145 2556 3195 καὶ
2573 3145 2699 3207 τοὺς
2721 3142 2889 3206 ὅντως
2914 3142 3116 3215 μύθους
3137 3143 3472 3214 παρέρχεται
3490 3160 3506 3206 ;
3544 3144 3706 3197 Ἐπϐ-

2117 3249 2271 3284 τισαν
2297 3231 2425 3302 γὰρ.
2457 3235 2638 3304 φησὶν,
2653 3231 2792 3287 οἶνον
2808 3234 2899 3288 τὸν
2927 3233 3131 3288 ἑαυτῶν
3152 3233 3362 3305 πατέρα
3385 3253 3400 3264 ·
3420 3236 3517 3287 καὶ
3535 3234 3712 3298 οὕτως

2118 3324 2266 3394 αὐτῷ
2311 3326 2407 3396 τῆς
2441 3327 2678 3391 διανοίας
2707 3327 3034 3398 ὲξωσθείσης
3067 3327 3172 3380 ἀπὸ
3195 3327 3291 3380 τοῦ
3343 3330 3515 3390 οἴνου,
3547 3331 3716 3383 καθὰ-

2117 3431 2225 3487 περ
2263 3418 2436 3489 μαγία
2471 3419 2578 3470 τινί
2617 3418 2980 3488 κατεχόμενος
3016 3417 3078 3470 τὸ
3119 3418 3382 3489 τραγικὸν
3428 3419 3590 3472 τοῦτο
3627 3419 3708 3472 δι-

2117 3511 2310 3582 ήγημα
2331 3510 2410 3581 τῷ
2444 3510 2542 3581 βίῳ
2571 3511 3263 3581 κατέλιπεν,ὲκκλαπείσης
3297 3511 3452 3580 παρά
3486 3512 3580 3564 τὸν
3613 3511 3713 3564 τοῦ

2116 3603 2281 3670 ἀγους
2313 3602 2504 3674 καιρὸν
2547 3601 2652 3655 ὑπὸ
2691 3603 2790 3673 τῆς
2843 3602 3011 3673 μέθης
3041 3601 3186 3673 αύτῷ
3214 3606 3312 3675 τῆς
3361 3603 3701 3674 αίσθήσεως.

2123 3696 2187 3748 Ὢ
2225 3693 2411 3758 κακῶς
2461 3694 2571 3747 τῶν
2627 3696 2990 3766 Σοδομιτικῶν
3037 3695 3316 3750 ἀποθέτων
3357 3697 3415 3747 αἱ
3446 3699 3711 3763 γυναῖκας

2117 3789 2324 3842 ἐκεῖναι
2355 3785 2473 3856 μεθ’
2498 3786 2706 3841 ἑαυτῶν
2728 3787 2818 3841 τὸν
2843 3783 2983 3841 οῐνον
3005 3787 3370 3859 ὲκκομίσασαι
3397 3788 3410 3840 !
3439 3785 3486 3839 ὣ
3527 3789 3712 3856 κακὴν

2119 3881 2438 3950 φιλοτησίαν
2467 3881 2532 3934 ὲκ
2563 3882 2800 3952 πονηροῦ
2849 3886 3126 3955 κρατῆρος
3157 3882 3233 3952 τῷ
3269 3883 3444 3955 πατρί
3497 3899 3712 3953 παρεγ-

2119 3973 2310 4042 χέασαι
2332 3974 2344 4025 ἰ
2371 3974 2458 4036 Ὠς
2478 3971 2612 4025 πολύ
2637 3989 2694 4025 τε
2719 3973 2938 4042 ἄμεινον
2951 3970 3017 4044 ἦν
3043 3973 3181 4046 μετά
3212 3975 3428 4028 πάντων
3450 3975 3712 4029 κάκεῖνον

2117 4065 2208 4119 τὸν
2227 4060 2368 4119 οἶνον
2382 4066 2441 4118 ὲν
2460 4066 2713 4138 Σοδόμοις
2732 4065 3164 4138 καταφθαρῆναι,
3181 4067 3309 4138 πρὶν
3322 4065 3425 4136 τῆς
3443 4066 3712 4135 τοιαύτης

2116 4155 2426 4228 τραγῳδίας
2480 4157 2714 4229 χορηγὸν
2761 4157 3050 4224 γενέσθαιί
3087 4157 3198 4210 Καὶ
3245 4157 3503 4211 τοιούτων
3537 4158 3712 4210 ὅντων

2119 4249 2530 4321 ὑποδειγμάτων
2549 4250 2642 4304 καὶ
2668 4249 2934 4304 τοσούτων
2961 4250 3080 4304 καθ’
3095 4249 3330 4321 ἑκάστην
3357 4250 3578 4321 ἡμέραν
3599 4249 3712 4302 τῶν

2118 4340 2183 4393 ἐκ
2225 4341 2318 4393 τοῦ
2355 4342 2500 4394 οἴνου
2538 4340 2726 4395 κακῶν
2759 4341 2838 4412 τῷ
2867 4341 2986 4413 βίῳ,
3023 4342 3305 4398 καὶτοῦτο
3340 4341 3710 4413 πεποιηκέναι

2053 4468 2096 4523 D
2125 4431 2362 4523 cpqclvhb
2406 4431 2846 4503 ἀνεπαισχύντως
2897 4432 2986 4486 διὰ
3028 4436 3128 4505 τῆς
3181 4432 3591 4504 ὲξαγορεύσεως
3641 4432 3713 4484 cf:

2123 4521 2320 4578 ἑαυτοῦ
2347 4524 2700 4594 στηλιτεύων,
2731 4525 2792 4578 τὸ
2837 4525 2914 4597 μὴ
2957 4526 3119 4596 μόνον
3147 4526 3226 4596 τῷ
3251 4527 3364 4580 ὄντι
3401 4525 3713 4596 κεχρῆσθαι

2123 4615 2270 4684 οἴνῳ,
2298 4613 2412 4668 ἀλλ’
2453 4617 2601 4679 ὅπως
2641 4615 2708 4669 ἂν
2743 4616 2836 4670 καὶ
2863 4616 3204 4670 πλεονάσειεν
3240 4618 3276 4688 ἡ
3320 4615 3412 4669 τοῦ
3463 4615 3713 4670 τοιούτου

2127 4707 2406 4775 κτήματος
2425 4706 2655 4778 χορηγία
2690 4707 3074 4778 προνοηθῆναι.

446 4811 660 4867 quoque
689 4795 978 4867 impudens
1012 4793 1104 4848 ille
1131 4795 1213 4849 sic
1241 4793 1376 4848 dicit
1403 4793 1620 4860 fecisse,
1645 4793 1885 4863 seipsum
1912 4811 2008 4850 sua
2080 4797 2374 4852 traducens
2417 4800 2687 4865 oratione,
2735 4806 2798 4853 ut
2843 4815 2954 4854 non
3014 4799 3192 4854 solum
3237 4814 3373 4854 usus
3454 4799 3530 4852 sit
3583 4797 3716 4851 vino

444 4890 589 4961 quod
619 4897 758 4952 erat,
791 4887 888 4944 sed
919 4887 1084 4943 etiam
1111 4885 1410 4958 providerit
1436 4897 1494 4941 ut
1519 4887 1638 4956 ejus
1661 4897 1810 4942 esset
1836 4887 2189 4942 abundantia.

523 5002 542 5035 ι
588 4980 842 5036 Plantavi
893 4981 1061 5040 enim,
1120 4997 1139 5030 ι
1201 4978 1404 5050 inquit,
1462 4997 1481 5030 ι
1538 4979 1673 5034 mihi
1735 4979 1943 5044 vineta,
1996 4997 2014 5031 ι

446 5075 648 5146 quibus
681 5089 821 5144 npus
853 5089 960 5127 non
993 5071 1286 5137 habebam,
1317 5086 1446 5126 cum
1491 5071 1611 5142 ipse
1641 5071 1772 5127 vitis
1823 5071 2020 5127 fertilis

445 5183 646 5231 essem,
679 5167 808 5220 vitis
847 5164 1176 5235 spiritualis,
1211 5163 1412 5218 ﬂorens
1456 5173 1782 5233 comataque
1827 5173 1882 5218 et
1915 5180 2017 5235 pa-

446 5263 584 5325 tula,
618 5260 744 5313 vita:
775 5258 946 5313 ramis
976 5264 1033 5312 et
1063 5255 1316 5310 caritatis
1368 5255 1643 5326 pampinis
1691 5255 2017 5326 complicata

446 5360 502 5405 et
533 5357 812 5412 contexta,
845 5363 971 5402 cum
1010 5348 1079 5403 iis
1116 5348 1210 5417 qui
1249 5356 1379 5403 sunt
1419 5347 1524 5401 mei
1557 5346 1798 5417 generis,
1838 5357 1892 5402 et
1919 5363 2019 5417 pro

450 5439 598 5496 foliis
628 5455 841 5494 morum
888 5440 1178 5496 honestate
1225 5446 1463 5500 comata,
1495 5438 1764 5508 dulceque
1814 5448 1870 5493 et
1901 5455 2016 5494 ma-

447 5540 630 5588 turum
656 5533 874 5589 botrnm
902 5534 1128 5588 virtutis
1157 5531 1446 5589 enutriens
1468 5531 1533 5584 ⁵⁸.
1555 5530 1656 5597 Qui
1677 5532 1793 5589 hac
1829 5533 1883 5588 in
1911 5548 2012 5588 sua

519 5709 572 5744 “
608 5710 748 5765 Gen;
789 5727 908 5777 xix,
936 5712 1006 5766 30
1043 5727 1166 5782 sqq.
1245 5714 1289 5745 “
1323 5711 1499 5767 Eceli.
1529 5729 1621 5780 ιι,
1649 5713 1744 5768 ‘20.

2207 5001 2226 5034 ι
2268 4983 2561 5054 Ἑφύτευσα
2581 4983 2688 5054 γάρ
2716 4998 2828 5052 μοι,
2850 5000 2869 5033 ι
2902 4985 3085 5053 φησὶν,
3133 4999 3152 5032 ι
3204 4979 3538 5053 ἀμπελῶνας
3575 4997 3596 5030 ι
3635 4976 3717 5038 ὧν

2125 5073 2225 5127 οὐκ
2251 5071 2319 5128 ἂν
2364 5074 2637 5147 δεηθείην,
2675 5077 2704 5130 6
2730 5075 2891 5140 αὐτὸς
2927 5074 3173 5146 ἄμπελος
3215 5073 3522 5145 εύθηνοῦσα
3554 5074 3716 5142 γενόο

2128 5184 2307 5237 μενος,
2337 5167 2578 5239 ἄμπελος
2597 5169 2960 5240 πνευματικὴ,
2983 5169 3218 5240 εύθαλής
3241 5185 3303 5222 τε
3341 5167 3435 5221 καὶ
3457 5167 3714 5237 ἀμφιλα-

2126 5257 2251 5329 φὴς,
2305 5261 2421 5322 τοῖς
2461 5259 2556 5313 τοῦ
2600 5260 2713 5330 βίου
2759 5259 2975 5321 κλάδοις
3021 5259 3116 5312 καὶ
3162 5259 3283 5320 ταῖς
3329 5258 3714 5328 ἀγαπητικαίς

2124 5349 2260 5414 ’ἑλιξι
2291 5349 2690 5422 διαπλεκομένη
2736 5350 2874 5420 πρὸς
2911 5351 2971 5402 τὸ
2998 5348 3270 5419 ὁμόφυλον
3291 5364 3306 5378 ⁸
3342 5348 3438 5400 καὶ
3468 5347 3713 5418 κομῶσα

2125 5441 2246 5512 μὲν,
2297 5442 2420 5495 ἀντὶ
2478 5442 2690 5512 φύλλων
2728 5445 2796 5512 τῇ
2853 5440 3239 5514 εὐσχημοσύνῃ
3288 5438 3400 5492 τῶν
3459 5439 3713 5510 τρόπων,

2121 5531 2250 5595 tiva
2274 5531 2333 5585 δὲ
2361 5531 2457 5586 καὶ
2484 5532 2734 5603 πέπηρον
2755 5531 2855 5603 τῆς
2902 5532 3102 5603 ἀρετῆς
3123 5530 3318 5602 βότρυν
3334 5529 3716 5602 ὲκτρέςωσα.
