3870 6220
217 221 323 277 881

1299 220 1365 275 IN
1408 215 1938 276 ECCLESIASTE’N.
1977 216 2257 274 HOMILIA
2299 215 2387 273 Ill.

3361 204 3469 265 662

234 332 300 384 Ὀ
326 331 502 385 ταῦτα
534 333 593 383 ὲν
630 333 695 401 τῇ
744 330 847 402 ἰδίᾳ
883 328 1268 398 καταφυτεύων
1298 329 1465 401 ψυχῇ,
1506 330 1599 383 καὶ
1624 345 1799 397 γεωρ-

1905 327 2114 396 plantat
2147 328 2353 391 anima,
2387 332 2440 381 et
2476 325 2612 381 colit
2661 324 2847 380 vinum
2881 321 3029 391 quod
3058 335 3154 375 cor
3210 318 3463 385 laetificat,

220 422 342 490 γῶν
367 419 509 475 οἶνον
541 422 630 474 τὸν
655 422 752 492 τὴν
780 421 1006 492 καρδίαν
1032 421 1411 491 εὐφραίνοντα,
1440 424 1534 481 καὶ
1567 418 1800 492 ἐργαζό-

224 528 395 580 μενος
420 512 517 581 τὴν
547 511 741 564 ἑαυτοῦ
781 512 883 581 γῆν
912 513 1052 565 κατά
1089 513 1186 583 τὴν
1215 512 1555 583 παροιμιώδη
1597 509 1801 580 φωνὴν,

222 603 307 665 ὼς
331 605 360 655 ὀ
382 602 480 672 τῆς
506 603 757 673 τοιαύτης
777 603 1050 673 γεωργίας
1078 603 1301 656 ἀπαιτεῖ
1322 603 1485 673 νόμος
1506 644 1519 668 ,
1543 598 1653 655 οἷόν
1697 616 1803 670 περ

222 694 501 747 εἰσκαλῶν
544 696 655 757 τοῖς
705 694 983 765 λογισμοῖς
1021 693 1112 746 τὸν
1145 694 1279 763 βίον,
1313 694 1405 747 καὶ
1436 694 1504 746 τά
1541 692 1671 746 νόθα
1696 690 1805 745 τῶν

225 786 673 855 παραφυομένων
723 788 846 849 ταῖς
900 784 1009 839 τῶν
1052 784 1263 855 ἀρετῶν
1303 785 1479 855 ῥίζαις
1523 783 1803 845 ὲκτίλλων,

226 877 484 946 ἐπάρδων
516 879 627 938 τοῖς
660 877 944 947 μαθήμασι
985 875 1083 946 τήν
1116 875 1315 946 ψυχὴν,
1346 876 1440 928 καὶ
1468 877 1535 945 τῇ
1563 874 1807 946 δρεπάνῃ

224 966 326 1018 τοῦ
362 964 610 1037 κριτικοῢ
654 968 811 1035 λόγου
843 968 1187 1038 περικόπτων
1214 969 1313 1038 τὴν
1341 967 1421 1029 εἰς
1461 965 1530 1018 τὰ
1576 964 1807 1036 περιττά

227 1056 328 1107 καὶ
355 1056 590 1125 ἀνόνητα
624 1055 719 1126 τῆς
750 1055 988 1118 διανοίας
1026 1054 1230 1126 φοράν·
1263 1054 1593 1125 μακαριστὸς
1621 1053 1687 1106 ἂν
1719 1053 1803 1123 εἴη

225 1146 331 1212 τῆς
393 1145 661 1216 γεωργίας
691 1139 863 1211 οὗτος,
915 1145 993 1216 τῷ
1039 1146 1139 1218 τῆς
1190 1146 1380 1215 σοφίας
1428 1146 1663 1217 κρατῆρι
1716 1144 1805 1196 τὸν

224 1237 430 1290 ἑαυτοῦ
494 1239 690 1308 βότρυν
740 1238 1022 1293 ὲκθλίὸων.
1096 1239 1235 1291 Ἀλλ’
1286 1239 1345 1290 ού
1401 1236 1655 1306 γινώσκει
1708 1237 1806 1307 τὴν

224 1328 487 1399 τοιαύτην
504 1332 853 1398 φυτουργίαν,
882 1331 1018 1399 πρὸς
1038 1330 1133 1401 τὴν
1160 1332 1262 1400 γῆν
1288 1329 1481 1396 λέγων,
1502 1330 1595 1381 καὶ
1615 1327 1683 1381 τὰ
1707 1328 1808 1380 αύ-

224 1412 331 1485 τῆς
365 1416 761 1487 ἀσπαζόμενος.
793 1418 1122 1489 Προστίθησι
1140 1420 1247 1489 γὰρ
1265 1418 1474 1481 τούτοις
1496 1417 1565 1471 τὰ
1582 1420 1690 1471 τῶν
1708 1419 1807 1488 κή-

224 1522 349 1559 πων
385 1524 441 1559 τε
464 1508 555 1559 καὶ
578 1509 918 1579 παραδείσων
936 1508 1027 1562 τοῦ
1052 1509 1279 1562 πλούτου
1291 1508 1802 1579 ἐγκαλλωπίσματα.

223 1597 327 1659 Τίς
357 1599 513 1669 χρεία
542 1599 883 1667 παραδείσων
906 1599 1114 1653 πολλῶν
1140 1599 1218 1670 τῷ
1245 1599 1382 1669 πρὸς
1408 1599 1499 1651 τὸν
1514 1599 1611 1653 ἕνα
1636 1599 1807 1670 παράο

217 1688 406 1742 δεισον
427 1688 678 1759 βλέποντι
703 1708 716 1755 ;
739 1691 823 1753 τίς
851 1690 907 1743 δέ
939 1693 1081 1761 μοιή
1114 1692 1177 1744 ὲκ
1207 1692 1383 1761 κήπου
1408 1690 1591 1761 ὄνησις
1618 1690 1712 1743 τοῦ
1736 1690 1805 1743 τά

223 1780 435 1848 λάχανα
464 1780 688 1848 φύοντος
713 1782 813 1852 τὴν
840 1781 947 1834 τῶν
973 1781 1343 1835 ἀσθενούντων
1375 1783 1581 1852 τροφήν
1603 1798 1617 1847 ;
1655 1781 1718 1834 Ei
1745 1784 1803 1834 ὲν

221 1866 305 1935 τῷ
332 1867 646 1939 παραδείσῳ
680 1870 849 1940 ήμην,
884 1870 984 1922 οὐκ
1012 1871 1078 1924 ἂν
1114 1872 1194 1935 είς
1228 1870 1436 1923 πολλῶν
1465 1872 1803 1943 παραδείσων

222 1956 527 2027 ἐπιθυμίαν
560 1958 868 2030 διεχεόμην.
906 1961 969 2014 Ei
1000 1963 1057 2015 ὲν
1082 1962 1242 2032 ὑγεία
1268 1962 1369 2031 τὴν
1395 1962 1572 2032 ψυχὴν
1593 1962 1800 2032 διῆγον,

220 2048 305 2111 ὡς
331 2048 591 2103 δύνασθαι
620 2052 717 2121 τῆς
748 2053 1125 2124 στερεωτέρας
1158 2053 1408 2123 μετέχειν
1432 2054 1642 2124 τροφῆς
1660 2095 1675 2118 ,
1705 2056 1804 2108 οὐκ

226 2139 294 2192 ἂν
322 2142 378 2192 ἐν
408 2143 517 2203 τοῖς
546 2141 797 2212 λαχάνοις
826 2144 1262 2215 ὲπησχολούμην,
1289 2144 1544 2214 κηπεύων
1583 2146 1805 2217 ἐμαυτῷ

224 2230 327 2283 τὴν
370 2231 703 2302 κατάλληλον
744 2236 807 2304 τῇ
853 2234 1107 2306 ἀσθενείᾳ
1151 2237 1377 2307 τροφήν.
1443 2234 1581 2290 Ἀλλ’
1616 2238 1802 2309 ἐπειδὴ

224 2324 377 2389 ἅπαξ
417 2324 729 2394 συνεισῆλθε
775 2325 954 2397 τρυφὴ
986 2330 1052 2399 τῇ
1092 2328 1282 2399 χρείᾳ,
1318 2328 1560 2400 παρῆλθε
1585 2328 1641 2380 δὲ
1680 2330 1804 2392 τοὺς

224 2414 388 2484 ὅρους
427 2416 599 2485 αὐτῆς
635 2418 667 2485 ή
717 2417 1012 2488 ἐπιθυμία,
1061 2419 1199 2489 μετά
1236 2421 1334 2491 τὴν
1381 2422 1438 2473 ὲν
1483 2424 1596 2484 τοῖς
1634 2421 1804 2484 οῖκοις

228 2504 598 2569 πολυτέλειαν,
648 2506 742 2559 καὶ
786 2506 884 2578 τὴν
928 2509 1245 2579 ὑπωροφίαν
1283 2511 1390 2564 τῶν
1437 2512 1680 2581 ματαίων
1711 2512 1804 2565 δα-

226 2593 429 2664 πάνην,
477 2597 598 2649 τότε
636 2597 726 2650 καὶ
764 2597 863 2667 τὴν
900 2597 1164 2669 ὕπαιθρον
1198 2601 1505 2672 ἐπιτηδεύει
1549 2604 1797 2675 τρυφήν·

227 2685 324 2736 καὶ
353 2688 418 2756 τῇ
451 2686 543 2738 τοῦ
575 2687 735 2758 ἀέρος
765 2687 926 2757 φύσει
957 2689 1092 2761 πρὸς
1123 2690 1222 2762 τὴν
1252 2690 1359 2744 τῶν
1386 2692 1585 2763 ἡδονῶν
1610 2694 1802 2747 ἐπιθυ-

226 2775 362 2845 μίαν
404 2778 787 2849 συγκέχρηται.
838 2781 1040 2852 Δένδρα
1082 2783 1191 2853 γὰρ
1218 2785 1364 2853 αὐτῷ
1401 2785 1489 2838 διὰ
1528 2788 1802 2857 γεωργίας

226 2864 600 2933 ἐπιτηδεύεται
628 2867 853 2938 ἀειθαλῆ
870 2888 928 2923 τε
953 2872 1046 2923 καὶ
1061 2871 1246 2936 δασέα,
1271 2874 1364 2926 καὶ
1376 2875 1496 2927 ἀντὶ
1512 2876 1708 2946 ὀρόφου
1725 2878 1803 2950 τῷ

217 2956 349 3026 ἁέρι
374 2958 647 3029 γινόμενα·
664 2960 748 3013 ἵνα
764 2962 853 3014 καὶ
867 2962 1128 3033 ὕπαιθρος
1148 2963 1222 3017 ὢν
1244 2967 1301 3018 ὲν
1312 2966 1442 3037 οἴκῳ
1453 2969 1690 3037 τρυφῶν,
1712 2974 1803 3025 καὶ

225 3047 596 3111 παντοδαπαῖς
614 3051 772 3114 πόαις
795 3051 882 3105 διὰ
906 3052 1003 3123 τῆς
1040 3053 1148 3106 τῶν
1168 3056 1515 3124 κηπευόντων
1545 3058 1741 3130 τέχνης
1765 3064 1798 3133 ή

221 3139 519 3207 ἐπιφάνεια
542 3141 643 3211 τῆς
686 3142 790 3212 γῆς
819 3144 1176 3213 ἀμφιέννυται
1201 3163 1213 3175 ·
1255 3146 1331 3211 ὡς
1367 3148 1436 3201 τὰ
1467 3152 1800 3222 πανταχόθεν

220 3228 361 3298 ἡδέα
392 3228 570 3281 πάντα
607 3229 685 3299 τῷ
724 3232 985 3303 ὀφθαλμῷ
1024 3235 1403 3307 προσπίπτειν,
1441 3242 1527 3309 ἐφ’
1558 3243 1692 3314 ὅπερ
1734 3245 1800 3297 ἂν

221 3314 543 3393 περιαγάγῃ
567 3322 625 3374 τὸ
651 3321 889 3394 βλέμμα,
914 3326 1008 3378 καὶ
1038 3327 1328 3393 διαπαντὸς
1353 3332 1411 3384 ὲν
1436 3336 1549 3396 τοῖς
1575 3337 1801 3391 καταθυ-

219 3412 372 3479 μίοις
400 3407 563 3479 εἶναι,
598 3416 692 3468 καὶ
724 3415 944 3486 βλέπειν
974 3418 1031 3469 ὲν
1056 3420 1258 3491 ἑκάστῃ
1292 3421 1383 3474 τοῦ
1407 3423 1557 3488 ἔτους
1594 3426 1711 3500 ὥρᾳ
1740 3431 1801 3483 τὸ

224 3501 371 3572 ὑπὲρ
393 3503 491 3572 τήν
517 3504 688 3574 ὥραν,
723 3508 861 3560 πόαν
894 3510 951 3560 ὲν
976 3510 1226 3579 χειμῶνι,
1256 3514 1509 3586 καὶάνθη
1552 3519 1796 3591 πρόωρα,

220 3594 317 3645 καὶ
338 3594 436 3663 τὴν
448 3596 943 3669 ἀναδενδρουμένην
965 3601 1225 3671 ἄμπελον,
1254 3604 1351 3675 τὴν
1375 3609 1484 3670 τοῖς
1500 3608 1799 3681 ἀλλοτρίοις

225 3686 445 3749 κλάδοις
494 3690 622 3752 τοὺς
655 3690 817 3755 ίδίους
846 3692 1314 3758 ὲνδιαπλέκουσαν,
1349 3696 1443 3749 καὶ
1475 3697 1573 3763 τὰς
1593 3699 1799 3771 γλαφυ-

217 3775 324 3844 ρὰς
357 3774 450 3827 τοῦ
490 3778 679 3830 κισσοῦ
721 3780 859 3851 πρὸς
894 3780 964 3833 τά
992 3781 1183 3853 δένδρα
1228 3788 1583 3860 περιπλοκὰς,
1610 3791 1710 3846 ὅσα
1737 3810 1797 3845 τε

220 3866 406 3929 αὐτοῖς
435 3869 663 3936 καρπῶν
696 3870 808 3940 εἴδη
828 3910 842 3932 ,
876 3871 933 3938 ἐξ
977 3874 1305 3943 ἑτερογενῶν
1334 3877 1582 3951 ἀλλήλοις
1605 3884 1797 3951 μιγνύ-

226 3974 365 4025 μενα
396 3958 492 4029 τὴν
518 3960 677 4028 φύσιν
721 3961 1001 4031 βιάζεται,
1035 3964 1114 4035 τῷ
1140 3966 1269 4020 εῖδει
1294 3985 1352 4021 τε
1383 3973 1476 4023 καὶ
1518 3976 1584 4043 τῇ
1611 3974 1795 4042 γεύσει

218 4048 284 4100 τὸ
310 4049 748 4123 ἐπαμφοτερίζον
769 4054 1217 4126 ἐπισημαίνοντα,
1246 4060 1321 4123 ὡς
1348 4061 1631 4134 ἀμφότερα
1660 4062 1795 4119 εἶναι

219 4138 421 4205 δοκεῖν,
460 4140 601 4213 ἆπερ
627 4142 694 4195 ἄν
726 4145 790 4196 ὲκ
832 4145 933 4215 τῆς
963 4147 1070 4199 τῶν
1103 4150 1410 4219 ὲτεροφυῶν
1445 4156 1798 4225 συγκράσεως

222 4228 452 4296 γίνεται.
485 4231 670 4284 Πάντα
693 4231 866 4285 ταῦτα
900 4236 994 4288 καὶ
1026 4235 1080 4287 εἴ
1113 4254 1167 4290 τι
1191 4239 1317 4293 ἄλλο
1354 4241 1573 4312 ἐξεῦρεν
1598 4245 1655 4297 ὲν
1686 4249 1798 4309 τοῖς

1903 426 1958 473 et
1982 434 2133 473 suam
2156 424 2416 488 operatur
2432 424 2632 471 terram
2652 416 2779 476 “,ut
2809 414 3013 467 dicitur
3041 412 3094 465 in
3136 408 3465 471 Proverbiis,

1906 510 2048 564 sicut
2114 510 2197 563 lcx
2280 508 2447 577 exigit
2500 508 2619 577 ejus
2672 505 3038 577 agriculturae,
3090 510 3277 571 utpote
3324 504 3469 555 recte

1904 599 2121 654 vivendi
2184 598 2494 654 institutum
2559 596 2867 651 rationibus
2924 601 2978 648 et
3042 589 3467 661 cogitationibus

1904 704 2161 751 evocans,
2190 696 2243 743 et
2272 686 2579 741 adulterina
2628 687 2887 748 evellcns,
2922 697 3042 753 quae
3091 681 3469 736 adnascuntur

1905 779 2168 832 virtutum
2210 775 2510 838 radicibus,
2546 775 2782 828 animam
2842 770 3148 841 disciplinis
3204 768 3464 838 irrigans,

1906 878 1959 924 et
1981 870 2185 938 judicis
2209 869 2451 939 partibus
2472 866 2747 938 iungentis
2766 865 2993 919 rationis
3011 862 3150 917 falce
3172 868 3465 931 amputans

1908 961 2168 1031 impetum
2197 959 2545 1030 cogitationis
2573 958 2782 1012 ruentis
2832 957 2900 1010 ad
2929 970 2992 1010 ea
3037 969 3156 1024 quae
3194 962 3323 1009 sunt
3372 968 3467 1007 suo

1908 1050 2112 1122 perflua
2143 1058 2197 1106 et
2226 1050 2439 1105 inutilia
2469 1067 2483 1103 :
2518 1048 2714 1103 beatus
2758 1047 2828 1102 ob
2862 1045 3252 1116 agriculturam
3300 1041 3467 1097 fuerit

1906 1144 1997 1199 hic
2025 1142 2442 1208 existimandus,
2468 1150 2528 1195 ut
2555 1141 2647 1211 qui
2679 1141 2736 1195 in
2766 1149 2978 1194 cratere
2999 1138 3282 1208 sapientiae
3304 1137 3467 1189 vitem

1908 1249 2061 1289 suam
2090 1233 2380 1304 exprimat.
2417 1231 2525 1287 Sed
2555 1234 2696 1285 hanc
2741 1231 3021 1301 plantandi
3053 1230 3320 1283 rationem
3353 1240 3464 1281 non

1908 1326 2057 1379 novit
2081 1326 2128 1380 is
2154 1325 2245 1395 qui
2275 1325 2470 1394 aspicit
2495 1324 2564 1378 ad
2594 1336 2816 1385 terram,
2849 1330 2903 1377 et
2934 1337 3053 1392 quae
3085 1328 3211 1376 sunt
3242 1328 3464 1375 terrena

1908 1416 2273 1486 amplectitur.
2310 1415 2407 1473 His
2439 1418 2584 1474 enim
2614 1414 2765 1470 addit
2791 1414 3076 1467 hortorum
3108 1420 3161 1466 et
3192 1410 3469 1481 pomario-

1908 1520 2050 1572 rum,
2086 1506 2399 1560 divitiarum
2431 1506 2761 1576 exquisitam
2793 1514 2847 1559 et
2876 1502 3183 1558 aﬂ‘ectatam
3219 1501 3466 1570 pulchri-

1909 1596 2175 1651 tudinem.
2226 1595 2370 1663 Quid
2426 1598 2613 1651 multis
2647 1612 2784 1666 opus
2818 1604 2904 1650 est
2950 1594 3126 1648 hortis
3163 1593 3214 1647 ei
3259 1594 3351 1662 qui
3399 1593 3467 1647 ad

1837 1661 1877 1716 Β
1907 1701 2072 1741 unum
2108 1661 2348 1741 intuetur
2386 1661 2700 1757 paradisum
2724 1689 2749 1741 ’ί
2791 1687 3050 1752 Quaenam
3103 1661 3290 1740 autem
3333 1685 3468 1738 mihi

1904 1784 1989 1831 est
2036 1791 2101 1831 ex
2133 1777 2293 1832 horto
2347 1779 2579 1843 utilitas,
2636 1780 2729 1848 qui
2770 1779 3023 1847 producit
3078 1778 3224 1832 olera
3260 1778 3352 1846 qui
3385 1783 3469 1831 est

1907 1867 2066 1923 cibus
2098 1868 2437 1923 infirmorum
2458 1870 2483 1922 ?
2514 1867 2570 1924 Si
2603 1884 2779 1924 essem
2830 1871 2887 1923 in
2921 1868 3197 1940 paradiso,
3241 1883 3348 1921 non
3397 1868 3466 1922 ad

1904 1959 2199 2014 multorum
2238 1959 2522 2014 hortorum
2554 1960 2895 2016 diii‘underer
2921 1960 3277 2015 desiderium.
3319 1958 3377 2013 Si
3410 1959 3467 2014 in

1906 2050 2139 2105 sanitate
2169 2065 2287 2105 mea
2322 2051 2399 2104 ita
2443 2052 2664 2122 degeret
2699 2051 2902 2117 anima,
2957 2059 3019 2106 ut
3048 2051 3325 2107 solidioris
3358 2050 3467 2107 cibi

1905 2146 2090 2210 posset
2122 2154 2244 2195 esse
2273 2143 2566 2210 particeps.
2610 2157 2720 2196 non
2760 2156 3061 2212 occuparer
3098 2142 3155 2195 in
3202 2140 3465 2207 oleribus,

1905 2229 2122 2284 hortum
2155 2231 2385 2286 colendo
2431 2232 2562 2285 mihi
2595 2248 2903 2302 procurans
2939 2234 3120 2287 cibum
3170 2234 3263 2303 qui
3315 2233 3467 2287 inﬁr-

1905 2321 2080 2374 mitati
2111 2324 2418 2377 conveniat.
2458 2322 2563 2378 Sed
2598 2331 2883 2395 postquam
2934 2324 3103 2381 semel
3130 2324 3295 2379 simul
3342 2339 3465 2379 cum

1904 2428 2006 2468 usu
2038 2414 2299 2483 ingressa:
2322 2410 2453 2470 sunt
2477 2416 2708 2482 deliciae,
2729 2433 2861 2473 suos
2883 2427 3063 2472 autem
3095 2418 3230 2473 lines
3252 2418 3466 2472 transiit

1904 2503 2197 2573 cupiditas,
2249 2514 2376 2574 post
2403 2521 2522 2560 eam
2559 2522 2680 2575 quae
2729 2508 2785 2562 in
2837 2509 3049 2565 aedibus
3091 2510 3332 2564 adhibita
3368 2510 3468 2563 fuit

1905 2583 2398 2665 magniﬁcentiam,
2423 2597 2479 2651 in
2517 2597 2791 2668 tectisque
2849 2608 2905 2654 et
2936 2600 3290 2669 laquearibus
3338 2616 3468 2671 pro-

1905 2687 2084 2742 fusum
2116 2697 2171 2743 et
2200 2688 2553 2743 temerarium
2594 2697 2871 2759 sumptum
2907 2706 2922 2744 :
2967 2699 3099 2745 tunc
3130 2696 3291 2745 etiam
3332 2692 3466 2747 sub-

1903 2778 2074 2833 diales
2118 2786 2338 2832 exercet
2389 2774 2655 2834 delicias:
2708 2787 2762 2833 et
2795 2780 2938 2836 aeris
2983 2788 3177 2835 natura
3203 2784 3375 2835 utitur
3399 2782 3465 2835 ad

1905 2869 2213 2925 satiandum
2249 2871 2589 2940 voluptatum
2629 2872 2981 2928 desiderium.
3018 2872 3123 2929 Per
3159 2875 3464 2944 agricultu—

1831 2998 1874 3054 C
1907 2977 2023 3015 ram
2053 2961 2197 3015 enim
2236 2961 2502 3031 providet,
2541 2970 2599 3015 ut
2654 2963 2766 3018 sint
2796 2964 2899 3018 sibi
2932 2963 3115 3019 densae
3162 2973 3216 3019 et
3251 2980 3466 3035 semper

1905 3053 2320 3109 frondescentes
2366 3062 2416 3108 et
2465 3056 2839 3124 germinantes
2884 3057 3131 3124 arbores,
3178 3073 3300 3128 quae
3352 3059 3466 3113 aeri

1901 3150 2031 3204 tecti
2068 3148 2241 3203 vicem
2279 3148 2553 3218 praebeant
2585 3167 2599 3203 :
2637 3149 2883 3202 utetiam
2914 3165 3037 3205 cum
3089 3151 3162 3204 sit
3194 3150 3297 3205 sub
3351 3149 3464 3215 dio,

1900 3250 2163 3310 tanquam
2195 3241 2249 3293 in
2299 3239 2465 3293 domo
2511 3240 2743 3294 delicate
2793 3240 2956 3294 vitam
3011 3250 3152 3311 agat,
3202 3249 3258 3295 et
3306 3256 3467 3296 omne

1899 3349 2072 3404 genus
2121 3331 2344 3394 herbis,
2402 3346 2497 3401 per
2546 3332 2963 3386 hortulanorum
3019 3341 3191 3387 artem
3231 3332 3465 3387 vestitur

1899 3433 2059 3478 terrae
2084 3420 2400 3491 superﬁcies
2428 3438 2443 3473 :
2474 3410 2609 3476 adeo
2650 3429 2707 3474 ut
2742 3421 2889 3475 omni
2918 3437 2983 3475 ex
3017 3430 3172 3490 parte
3218 3421 3465 3490 jucunda

1899 3514 2083 3568 omnia
2136 3513 2190 3566 in
2226 3512 2446 3567 oculum
2484 3513 2793 3576 incurrant,
2831 3528 3161 3583 quocunque
3213 3514 3465 3567 obtutum

1900 3602 2271 3668 circumferat,
2305 3613 2359 3660 et
2389 3621 2609 3676 semper
2647 3613 2899 3661 versetur
2925 3606 2980 3659 in
3020 3606 3461 3670 delectabilibus,

1898 3704 1953 3751 et
1986 3696 2231 3767 quolibet
2264 3699 2395 3750 anni
2429 3706 2671 3766 tempore
2716 3698 2898 3753 videat
2949 3700 3095 3767 quod
3138 3706 3222 3753 est
3274 3708 3467 3768 praeter

1899 3790 2025 3843 anni
2065 3797 2299 3857 tempus,
2328 3789 2549 3843 herbam
2577 3789 2632 3843 in
2669 3789 2866 3855 hieme,
2896 3798 2951 3845 et
2974 3790 3137 3845 ﬂores
3182 3792 3273 3860 qui
3302 3807 3464 3846 suum

1901 3891 2116 3951 tempus
2149 3880 2490 3950 prmveniunt
2517 3920 2531 3944 ,
2565 3887 2621 3934 et
2666 3880 2831 3934 vitem
2888 3881 2947 3936 in
2989 3882 3215 3937 arbores
3268 3896 3464 3936 ascen-

1898 3975 2140 4039 dentem,
2172 3988 2291 4043 quae
2325 3972 2519 4027 alienis
2553 3972 2719 4027 ramis
2754 3988 2885 4027 suos
2921 3973 3183 4043 implicat,
3215 3982 3269 4028 et
3297 3973 3463 4028 hede-

1899 4080 1971 4119 ra!
1994 4064 2268 4134 elegantes
2298 4078 2422 4116 cum
2447 4063 2739 4118 arboribus
2767 4063 3077 4133 amplexus,
3104 4072 3158 4119 et
3197 4080 3464 4134 quaecun-

1898 4173 2005 4227 que
2057 4156 2269 4225 species
2329 4154 2605 4209 fructuum
2658 4169 2723 4208 ex
2771 4154 2842 4209 iis
2902 4169 3025 4224 qua:
3072 4164 3200 4209 sunt
3258 4156 3463 4211 diversi

1898 4248 2114 4319 generis
2145 4246 2248 4301 sibi
2284 4246 2518 4299 invicem
2574 4244 2769 4308 mistaa,
2804 4245 2912 4298 vim
2970 4245 3204 4300 alierum
3234 4257 3461 4312 naturae,

224 4323 414 4387 φυτοῖς
443 4323 475 4390 ή
503 4321 665 4390 τέχνη
697 4322 1002 4395 βιασαμένη
1029 4326 1127 4397 τὴν
1154 4329 1336 4397 φύσιν,
1367 4332 1402 4386 ἃ
1438 4335 1469 4403 ἠ
1509 4336 1665 4405 χρεία
1696 4337 1795 4407 μὲν

1901 4352 1954 4396 et
1990 4344 2215 4408 aspectu
2250 4345 2305 4391 et
2339 4346 2499 4405 gustu
2541 4335 2593 4389 id
2628 4337 2773 4405 quod
2809 4344 2893 4391 est
2930 4339 3218 4407 utriusque
3256 4338 3465 4409 signifi-

222 4412 325 4479 τῆς
360 4410 503 4481 ζωῆς
531 4415 631 4466 οὐκ
660 4415 945 4486 ἐζήτησεν,
980 4421 1227 4490 ἐπιζητεῖ
1260 4423 1372 4493 δὲή
1410 4426 1797 4499 ἀπαιδαγωγή-

221 4520 315 4565 τος
346 4503 640 4575 ἐπιθυμίαο
675 4507 847 4560 ταῦτα
882 4511 940 4561 ὲν
966 4512 1031 4581 τῇ
1068 4511 1176 4564 τῶν
1203 4514 1392 4583 κήπων
1413 4517 1505 4569 καὶ
1534 4519 1793 4589 παραδεί-

229 4612 335 4646 σων
368 4596 674 4668 φιλοτεχνίᾳ
716 4600 1040 4670 γεγενῆσθαι
1067 4605 1095 4655 ὀ
1124 4603 1193 4657 τὰ
1221 4606 1411 4659 ἑαυτοῦ
1456 4609 1794 4682 ἐξαγορεύων

223 4685 391 4774 λέγει.
409 4686 468 4738 Ὀ
496 4686 605 4758 γὰρ
630 4687 820 4754 εἰπὼν,
846 4692 927 4743 ὅτι
960 4712 979 4742 ι
1020 4694 1317 4763 Ἐφύτευσα
1347 4700 1452 4754 πᾶν
1477 4698 1629 4763 ξύλον
1652 4720 1795 4774 καρ-

226 4773 354 4833 ποῦ,
399 4793 416 4825 ι
447 4778 513 4845 τῇ
558 4776 921 4850 περιληπτικῇ
952 4781 1122 4853 ταύτῃ
1170 4788 1319 4855 φωνῇ
1348 4787 1408 4837 τὸ
1444 4788 1607 4859 μηδὲν
1637 4791 1793 4843 εκλε-

224 4865 469 4918 λοιπέναι
495 4867 602 4919 τῶν
629 4869 882 4923 τοιούτων
914 4874 1328 4939 συνενεδείξατο.
1364 4873 1495 4930 Εἶτα
1525 4881 1663 4948 μετά
1698 4883 1795 4953 τὴν

223 4957 433 5027 τροφὴν
460 4959 560 5029 τὴν
589 4958 851 5032 ὕπαιθρόν
877 4980 937 5015 τε
957 4964 1051 5017 καὶ
1071 4966 1397 5038 ὑπωρόφιον,
1423 4970 1544 5023 οὐδὲ
1563 4971 1623 5023 τὸ
1652 4971 1795 5044 ὕδωρ

226 5052 516 5115 ἀσυντελὲς
552 5054 688 5123 πρὸς
732 5055 829 5127 τήν
865 5058 975 5111 τῶν
1013 5058 1212 5130 ἡδονῶν
1249 5064 1507 5134 είσφοράν
1544 5067 1795 5120 καταλεί-

228 5161 387 5196 πεται
408 5184 424 5206 ,
465 5145 539 5209 ὼς
583 5146 702 5200 δέον
732 5151 896 5201 πᾶσιν
932 5152 1202 5223 ὲντρυφᾷν
1233 5158 1343 5217 τοῖς
1378 5159 1661 5227 στοιχείοις
1681 5176 1692 5187 ·
1725 5163 1791 5231 τῇ

225 5239 296 5304 γῇ
327 5236 412 5289 διὰ
456 5237 565 5291 τῶν
611 5241 861 5306 οἰκείων,
890 5244 967 5314 τῷ
1008 5244 1130 5314 ἀέρι
1169 5246 1255 5299 διὰ
1295 5247 1402 5299 τῶν
1431 5249 1680 5319 δένδρων,
1711 5252 1794 5321 τῷ

226 5325 379 5380 ὕδατι
414 5328 502 5382 διά
534 5330 633 5400 τῆς
672 5338 1048 5405 χειροποιήτου
1089 5336 1380 5409 θαλάσσης.
1418 5341 1531 5393 Ἵνα
1563 5343 1669 5412 γὰρ
1699 5345 1792 5397 καὶ

223 5416 320 5471 τοῦ
348 5416 538 5481 ὓδατος
566 5420 686 5490 ὄψις
720 5424 955 5498 ἐφηδύνῃ
979 5428 1087 5483 τῶν
1114 5428 1405 5500 ὀφθαλμῶν
1428 5433 1526 5502 τὴν
1550 5433 1785 5506 ἀπάτην,

298 5600 350 5634 ⁸⁸
388 5602 537 5659 Eccl.
568 5619 664 5671 xx,
696 5604 785 5660 '50.

1895 4437 2106 4490 cantes,
2141 4433 2202 4479 ut
2224 4425 2386 4478 ambo
2414 4438 2539 4479 esse
2572 4425 2861 4480 videantur
2894 4440 3016 4495 qua:
3047 4426 3184 4479 ﬁunt
3227 4444 3293 4481 ex
3333 4442 3465 4480 con—

1894 4518 2294 4590 temperatione
2319 4531 2510 4571 eorum
2542 4532 2662 4586 qua:
2697 4525 2825 4571 sunt
2852 4517 3053 4571 diversi
3078 4522 3312 4587 generis.
3338 4519 3463 4574 Haec

1893 4612 2102 4673 omnia,
2138 4616 2192 4663 et
2222 4608 2269 4664 si
2300 4593 2429 4675 quid
2459 4605 2610 4660 aliud
2652 4608 2706 4660 in
2740 4608 2941 4677 plantis
2971 4607 3178 4663 invenit
3208 4624 3300 4665 ars
3349 4609 3458 4663 vim

1895 4702 2126 4756 aﬁerens
2181 4709 2391 4753 natura:
2435 4715 2448 4751 :
2498 4712 2617 4765 quae
2681 4697 2899 4766 quidem
2966 4700 3090 4752 vita:
3150 4714 3283 4755 usus
3348 4714 3459 4754 non

1896 4791 2151 4862 requirit,
2186 4787 2415 4858 requirit
2450 4794 2629 4840 autem
2658 4786 2933 4857 cupiditas
2963 4804 3085 4857 quae
3116 4790 3373 4859 castigari
3403 4798 3459 4845 et

1896 4884 2140 4940 coerceri
2201 4897 2310 4935 non
2378 4887 2601 4950 potest;
2663 4880 2777 4934 haec
2835 4881 2890 4934 in
2945 4880 3119 4937 hortis
3166 4882 3459 4938 artiﬁciose

1895 4977 2142 5033 colendis
2175 4974 2315 5030 facta
2356 4989 2479 5028 esse
2510 4973 2643 5026 dicit
2670 4972 2716 5026 is
2744 4974 2837 5043 qui
2867 4988 2965 5029 sua
3010 4975 3281 5029 enuntiat.
3320 4973 3459 5028 Nam

1894 5071 1989 5141 qui
2026 5068 2182 5131 dixit,
2221 5084 2240 5115 ‹
2274 5064 2521 5118 Plantavi
2555 5080 2714 5118 omne
2752 5065 2955 5133 lignum
2989 5063 3332 5119 fructiferum
3365 5083 3379 5119 :
3428 5083 3448 5117 ι

1896 5162 1999 5215 hac
2039 5173 2171 5212 voce
2205 5170 2326 5226 quae
2374 5156 2542 5208 multa
2575 5155 2980 5224 complectitur,
3037 5156 3279 5210 ostendit
3319 5155 3459 5210 nihil

1893 5267 2084 5308 eorum
2118 5249 2378 5304 defuisse.
2414 5245 2616 5301 Deinde
2646 5253 2768 5315 post
2816 5246 3095 5302 subdiales
3130 5246 3377 5311 delicias,
3403 5255 3460 5302 et

1897 5359 2019 5414 quae
2065 5351 2192 5397 sunt
2233 5339 2335 5394 sub
2375 5344 2541 5399 tecto,
2584 5353 2651 5391 ne
2684 5351 2825 5406 aqua
2874 5337 3091 5407 quidem
3131 5339 3457 5409 relinquitur

1896 5433 2107 5490 inutilis
2163 5430 2232 5486 ad
2288 5429 2588 5499 voluptates
2634 5427 3013 5492 conferendas,
3057 5437 3243 5501 utpote
3307 5428 3454 5502 quod
