3870 6220
459 263 564 320 665

1687 274 1745 332 S.
1779 273 2106 332 GREGORH
2142 269 2437 334 NYSSENI

3595 281 3700 339 651

455 380 705 448 oporteat
735 379 789 434 in
821 381 1079 438 omnibus
1104 384 1388 442 elementis
1418 403 1478 444 se
1505 391 1724 460 explere
1753 390 1964 451 deliciis
2002 415 2015 450 :

2121 397 2282 466 λίμνη
2301 397 2362 449 τὸ
2381 396 2575 465 ἔδαφος
2601 396 2828 465 γίνεται,
2851 395 3113 451 κυκλόθεν
3129 413 3194 450 πε
3204 396 3698 467 ριοικοδομηθέντος

457 469 512 522 in
544 477 686 523 terra
722 485 817 539 per
847 487 907 526 ea
946 488 1067 542 qum
1094 485 1220 529 sunt
1253 479 1302 531 ei
1343 481 1750 543 convenientia.
1800 485 1853 538 in
1897 501 2022 539 aere

457 575 555 630 per
583 561 829 628 arbores,
876 563 930 618 in
970 580 1110 635 aqua
1144 581 1240 636 per
1272 584 1423 624 mare
1473 586 1638 626 manu
1699 573 1921 629 factum.
1954 573 2024 630 Ut

457 652 602 706 enim
656 668 810 722 aqua:
868 668 1120 726 aspectus
1185 660 1442 729 deceptos
1497 663 1732 718 oblectet
1791 667 2021 732 oculos,

457 743 634 798 solum
675 746 732 799 fit
781 747 956 811 lacus,
993 766 1132 820 aqua
1180 753 1235 808 in
1268 755 1456 808 Orbem
1503 756 2021 813 circumtediticata:

459 842 595 888 utet
626 846 847 894 natatus
893 842 1226 911 voluptatem
1281 845 1472 900 afferat
1553 847 1621 902 iis
1669 849 1763 917 qui
1795 864 2024 920 corpora

455 926 766 982 exhilarant
799 948 811 982 :
845 939 898 985 et
927 931 1170 990 deﬂuens
1206 935 1400 991 hortos
1435 937 1627 992 reddat
1657 937 2021 1006 ﬂorentiores,

457 1027 517 1072 ut
541 1035 662 1089 quae
689 1024 834 1076 omni
861 1039 929 1078 ex
966 1035 1119 1095 parte
1155 1028 1518 1084 distribuatur
1541 1030 1609 1084 ad
1643 1048 1802 1086 usum
1833 1048 2021 1088 eorum

455 1127 581 1182 quae
635 1114 958 1186 irrigantur.
1023 1137 1042 1169 ι
1084 1117 1209 1174 Feci
1257 1121 1426 1184 enim,
1488 1140 1507 1173 ι
1563 1121 1762 1192 inquit,
1818 1143 1837 1176 ι
1890 1125 2022 1178 ιηίΙιὶ

453 1204 697 1274 piscinas
736 1221 1024 1276 aquarum,
1058 1217 1115 1262 ut
1150 1209 1217 1264 iis
1246 1211 1463 1280 irrigem
1501 1213 1700 1267 saltum
1727 1213 1871 1283 ligna
1898 1231 2024 1286 ger-

457 1294 808 1350 minantem.»
836 1296 936 1351 Hie
949 1306 1065 1352 erat
1087 1299 1217 1353 mihi
1245 1297 1366 1355 fons
1390 1301 1754 1372 horti,nempe
1774 1303 2022 1358 doctrina

460 1387 744 1450 virtutum,
777 1404 872 1458 per
915 1405 1074 1458 quam
1139 1391 1336 1446 animae
1385 1392 1606 1448 siccitas
1659 1395 2021 1461 irrorabatur,

459 1480 788 1548 contemptis
812 1481 970 1550 aquis
994 1484 1250 1546 terrenis,
1279 1498 1510 1553 quarum
1549 1499 1682 1540 usus
1707 1494 1759 1540 et
1789 1486 2024 1542 delecta-

454 1567 531 1622 tio
583 1582 666 1625 est
714 1579 1090 1642 temporanea,
1152 1573 1296 1630 fluxa
1352 1583 1532 1630 autem
1593 1587 1649 1631 et
1705 1577 2022 1635 transitoria

2123 487 2216 540 τοῦ
2271 482 2459 552 ὕδατος
2485 504 2498 519 ο
2539 489 2614 551 ὼς
2642 489 2708 542 ἂν
2757 489 2850 542 καὶ
2900 484 3101 559 ήνῆξις
3151 488 3345 559 ἡδονὴν
3387 489 3543 559 φέροι
3587 488 3698 548 τοῖς

2124 580 2570 651 φαιδρυνομὲνοις
2602 580 2668 633 τὰ
2699 579 2956 651 σώματα·
2987 581 3084 634 καὶ
3126 581 3188 634 τὸ
3211 579 3502 652 ἀπορρέον,
3539 577 3699 630 εὑθα-

2123 670 2410 743 λεστέρους
2449 673 2806 744 παραδείσους
2851 669 3249 737 κατασκευάζοι
3286 668 3535 742 πανταχῇ
3562 670 3701 740 πρὸς

2123 764 2221 826 τὰς
2237 764 2417 836 χρείας
2436 763 2541 817 τῶν
2557 764 2871 836 ἅρδομένων
2884 766 3363 835 κατασχιζόμενον.
3376 783 3396 814 ‹
3435 761 3700 830 Ἐποίησα

2123 855 2230 927 γάρ
2261 873 2370 924 μοι,
2413 874 2432 908 ι
2463 858 2612 926 φησὶ,
2661 876 2678 908 ι
2719 855 3107 928 κολυμϐήθρας
3137 857 3365 918 ὑδάτων,
3396 853 3491 908 τοῦ
3546 853 3700 906 πατί-

2125 959 2214 997 σαι
2245 945 2339 998 ἀπ’
2361 928 2546 998 aii-cev
2565 945 2766 1016 δρυμὸν
2793 946 3038 1016 βλαστῶν
3065 945 3136 999 τὰ
3168 945 3317 1010 ξύλα.
3355 963 3376 996 ›
3426 943 3489 996 Ἦ
3523 942 3581 994 δέ
3611 959 3699 1012 μοι

2123 1029 2190 1106 ἦν
2220 1037 2253 1106 ή
2279 1035 2372 1088 τοῦ
2421 1037 2749 1108 παραδείσου
2801 1038 2985 1108 πηγή·
3015 1036 3313 1099 τουτέστιν,
3357 1037 3390 1105 ἡ
3419 1033 3527 1086 τῶν
3564 1034 3699 1102 ἀρε-

2122 1125 2230 1180 τῶν
2263 1125 2576 1199 διδασκαλίᾳ
2598 1169 2612 1191 ,
2657 1129 2724 1182 δι’
2755 1125 2824 1200 ἦς
2852 1129 2882 1180 ὁ
2911 1129 3008 1198 τῆς
3041 1128 3222 1199 ψυχῆς
3247 1127 3454 1197 αὐχμὸς
3490 1124 3701 1195 ἑδροσί-

2122 1209 2277 1283 ζετο,
2305 1219 2575 1290 ὑπεριδὼν
2613 1217 2722 1272 τῶν
2754 1219 2959 1290 γηΐνων
2998 1219 3227 1284 ὑδάτων,
3263 1212 3336 1272 ὧν
3367 1217 3702 1288 πρόσκαιρος

2126 1307 2225 1379 μὲν
2253 1309 2287 1380 ή
2313 1310 2627 1376 ἀπόλαυσις,
2661 1311 2927 1382 παροδικὴ
2955 1309 3012 1362 δὲ
3037 1312 3072 1380 ﬂ
3097 1309 3278 1379 φύσις.
3299 1307 3510 1362 Οὑκοῦν
3541 1303 3701 1376 ἀμει-

2123 1419 2211 1456 νον
2241 1399 2306 1457 ἃν
2339 1403 2423 1474 εῐη
2446 1402 2547 1473 τῆς
2574 1404 2724 1468 Θείας
2753 1405 2958 1476 πηγῆς,
2987 1404 3056 1456 δι’
3084 1397 3152 1474 ἦς
3175 1404 3232 1457 αἱ
3255 1402 3447 1473 ἀρεταὶ
3467 1400 3567 1469 τῆς
3593 1399 3700 1469 ψυ-

2123 1489 2226 1563 χῆς
2267 1493 2558 1562 ἐκφύονται
2611 1495 2703 1547 καὶ
2755 1494 3038 1566 ἄρδονται,
3083 1493 3341 1566 βραχεῖαν
3390 1492 3702 1559 ἀπόρροιαν

2124 1581 2339 1648 ἑαυτοῖς
2368 1583 2720 1655 όχετηγῆσαι,
2747 1584 2822 1648 ὡς
2850 1585 2917 1638 ἂν
2941 1585 3000 1638 τὸ
3023 1584 3134 1638 τῶν
3162 1583 3382 1652 ἀγαθῶν
3413 1581 3701 1648 ἐπιτηδευ-

455 1668 670 1742 natura.
739 1661 882 1716 Nihil
924 1680 1054 1735 ergo
1121 1665 1284 1721 fuerit
1342 1669 1536 1723 melius
1588 1684 1750 1738 quam
1796 1685 1828 1725 e
1875 1669 2016 1727 fonte

2127 1675 2314 1746 μάτων
2341 1675 2501 1741 άλσος
2550 1678 2608 1728 ὲν
2644 1679 2763 1740 ταῖς
2805 1677 3001 1748 ψυχαῖς
3034 1681 3066 1748 ἡ
3078 1678 3191 1747 μῶν
3225 1676 3437 1736 ϐάλλοι,
3474 1674 3563 1726 διὰ
3602 1671 3700 1724 τοῦ

453 1750 662 1816 divino,
697 1769 791 1822 per
823 1771 984 1824 quem
1023 1757 1219 1811 animre
1251 1758 1478 1813 virtutes
1526 1761 1779 1813 oriuntur
1812 1768 1864 1815 et
1897 1761 2016 1816 irri-

2132 1765 2337 1839 κυρίου
2357 1768 2517 1838 ἡμῶν
2562 1768 2736 1838 Ἰησοῦ
2778 1746 3106 1841 Χριστοῦ,
3133 1771 3165 1839 ἡ
3191 1767 3316 1834 δόξα
3347 1767 3441 1821 καὶ
3469 1765 3530 1818 τδ
3564 1763 3702 1835 κρά-

463 1853 680 1912 gantur,
715 1847 929 1901 brevem
954 1849 1187 1919 aliquem
1218 1849 1422 1904 flitxum
1443 1850 1709 1914 derivare,
1741 1863 1801 1906 ut
1826 1869 2020 1909 nemus

2129 1875 2218 1920 τος
2247 1859 2325 1920 είς
2345 1858 2470 1921 τοὺς
2497 1853 2696 1924 αἰῶνας
2717 1859 2825 1913 τῶν
2850 1860 3081 1913 αἰώνων.
3133 1859 3329 1929 Ἀμήν.

465 1941 731 1994 bonorum
759 1940 1060 1995 studiorum
1098 1948 1155 1996 et
1213 1958 1438 2010 operum
1503 1944 1556 1997 in
1586 1944 1794 1999 nostris
1823 1947 2088 2015 germinet
2128 1949 2345 2004 animis.
2379 1949 2482 2005 Per
2517 1949 2806 2006 Dominum
2844 1957 3092 2006 nostrum
3126 1949 3312 2004 .lesum
3361 1947 3644 2003 Christum
3679 1987 3697 2012 ,

460 2033 551 2089 cui
583 2034 752 2103 gloria
791 2035 845 2089 in
881 2036 1076 2090 saecula
1108 2037 1452 2091 saeculorum.
1479 2039 1672 2092 Amen.

1034 2169 1322 2225 HOMILIA
1357 2171 1446 2227 IV.

525 2306 706 2363 Locus
734 2308 1101 2365 confessionis
1128 2310 1431 2366 orationem
1464 2310 1626 2367 nobis
1667 2310 1845 2366 adhuc
1884 2311 2023 2367 deti-

452 2408 565 2454 net.
601 2399 702 2466 Qui
735 2402 878 2454 enim
910 2417 1009 2456 sua
1045 2413 1252 2469 narrat,
1283 2404 1468 2458 omnia
1499 2403 1612 2458 fere
1641 2405 2017 2475 persequitur,

453 2507 551 2562 per
567 2508 686 2562 qua:
716 2493 878 2562 hujus
909 2494 1032 2548 vitm
1054 2510 1232 2549 rerum
1261 2496 1471 2549 vanitas
1496 2496 1827 2566 agnoscitur.
1863 2497 2021 2552 Nunc

453 2592 630 2637 autem
664 2584 828 2638 veluti
861 2585 1154 2654 quamdam
1195 2586 1456 2653 majorem
1503 2587 1678 2656 tangit
1725 2589 2022 2658 reprelien-

452 2677 684 2738 sionem,
712 2692 906 2746 nempe
938 2686 991 2732 et
1023 2692 1146 2745 qua
1172 2678 1241 2732 ab
1273 2678 1390 2747 ipso
1430 2677 1574 2732 facta
1615 2689 1762 2744 sunt,
1799 2696 1863 2735 ex
1897 2679 2022 2750 qui-

447 2767 552 2822 bus
585 2777 876 2822 accusatur
919 2769 1112 2823 vitium
1157 2770 1448 2839 superbire.
1499 2769 1640 2836 Quid
1675 2772 1820 2825 enim
1856 2773 1911 2826 in
1951 2772 2020 2828 iis

450 2872 570 2926 quae
603 2867 731 2913 sunt
752 2871 1089 2924 enumerata,
1117 2870 1325 2916 tantum
1359 2861 1490 2916 facit
1520 2861 1586 2916 ad
1615 2861 1841 2926 fastum,
1872 2879 2021 2919 nem-

452 2963 520 3018 pe
550 2949 747 3005 domus
778 2959 1120 3021 sumptuosa,
1149 2963 1201 3007 et
1237 2953 1529 3008 multitudo
1565 2954 1864 3020 vinearum,
1896 2956 2018 3009 hor-

451 3049 744 3111 torumque
774 3052 829 3097 et
856 3059 1122 3113 aquarum
1163 3045 1534 3114 pulchritudo,
1572 3034 2015 3117 piscin'arurnque

449 3134 811 3196 constructio,
844 3143 897 3188 et
921 3135 1203 3189 hortorum
1236 3137 1559 3206 amplitudo,
1585 3148 1847 3208 quantum
1870 3141 2014 3210 quod

449 3223 541 3292 qui
567 3231 652 3277 est
683 3223 867 3289 homo,
901 3225 1142 3295 seipsum
1175 3227 1453 3281 existimat
1494 3229 1774 3284 dominum
1829 3245 2018 3286 eorum

448 3315 540 3385 qui
573 3324 702 3370 sunt
747 3315 988 3380 ejusdem
1030 3317 1189 3385 cujus
1231 3318 1348 3385 ipse
1385 3327 1469 3374 est
1515 3321 1770 3390 generis?
1837 3341 1855 3373 ι
1886 3321 2020 3377 Pos-

449 3406 564 3461 eedi
588 3407 757 3473 enim,
797 3426 815 3458 ι
855 3407 1055 3475 inquit,
1084 3425 1104 3459 ι
1140 3424 1330 3465 servos
1357 3417 1410 3464 et
1437 3413 1687 3473 ancillas,
1713 3422 1767 3467 et
1799 3411 2019 3468 fuerunt

449 3497 582 3550 inihi
614 3513 812 3554 verme.
842 3519 859 3549 ι
902 3497 1066 3556 Vides
1083 3509 1352 3556 tumorem
1378 3504 1721 3572 arrogantiae.
1758 3503 1884 3559 Haec
1915 3519 2017 3560 vox

448 3598 633 3658 aperte
668 3590 1194 3659 insurgitadversus
1231 3590 1422 3646 Deum.
1465 3590 1658 3646 Omnia
1697 3594 1843 3648 enim
1899 3609 2017 3649 ser-

449 3683 564 3736 vire
594 3683 665 3743 ei.
701 3698 821 3752 quae
846 3693 930 3737 est
955 3699 1119 3754 supra
1154 3686 1359 3748 omnia,
1409 3685 1688 3753 potestati,
1741 3685 2016 3740 audiimus

447 3787 480 3826 a
507 3773 811 3842 prephetia.
845 3772 948 3839 Qui
979 3783 1163 3828 autem
1199 3790 1359 3829 suum
1395 3774 1526 3828 facit
1555 3775 1607 3828 id
1644 3776 1784 3845 quod
1817 3792 1845 3828 a
1906 3775 2016 3830 Deo

447 3861 780 3932 possidetur,
811 3871 866 3916 et
909 3878 1013 3918 suo
1060 3865 1245 3934 generi
1275 3881 1394 3920 eam
1441 3866 1633 3919 tribuit
1668 3874 2009 3936 potestatem,

446 3960 508 4005 ut
548 3967 608 4006 se
638 3962 789 4021 putet
819 3953 1100 4008 dominum
1139 3955 1378 4010 virorum
1409 3965 1463 4010 et
1523 3957 1832 4020 mulierum,
1882 3957 2014 4027 quid

448 4045 598 4100 aliud
629 4062 790 4116 quam
829 4056 1079 4102 naturam
1110 4057 1332 4118 superat
1352 4049 1623 4119 superbia.
1652 4050 1743 4119 qui
1773 4051 2014 4121 seipsum

446 4138 644 4207 aspicit
674 4146 933 4208 tanquam
967 4140 1170 4208 aliquid
1198 4141 1345 4194 aliud
1377 4142 1445 4195 ab
1478 4141 1544 4194 iis
1572 4144 1664 4211 qui
1709 4152 1836 4195 sunt
1883 4143 2016 4197 sub-

439 4229 618 4299 jecti?
656 4248 674 4281 ι
739 4229 961 4284 Possedi
1008 4247 1198 4286 servos
1253 4239 1308 4286 et
1368 4233 1621 4288 ancillas.
1658 4253 1677 4284 ι
1729 4233 2013 4288 llominem

443 4321 779 4375 condemnas
805 4323 1103 4387 servitutis,
1140 4323 1300 4391 cujus
1325 4332 1410 4377 est
1443 4325 1632 4387 libera,
1662 4333 1717 4378 et
1743 4327 1826 4380 sui
1869 4325 2012 4395 juris

2736 2178 2979 2234 ΟΜῘΛΙΔ
3007 2183 3081 2232 Δθ.

2193 2305 2317 2373 Ἐτι
2337 2311 2470 2388 ἡμῖν
2497 2318 2524 2369 ὑ
2549 2316 2647 2388 τῆς
2671 2315 3109 2386 ὲξομολογήσεως
3133 2313 3298 2374 τόπος
3326 2306 3700 2380 παρακατέχει

2118 2408 2214 2464 τδν
2237 2409 2410 2478 λόγον.
2437 2409 2619 2462 Πάντα
2647 2408 2755 2479 γὰρ
2786 2403 2968 2476 σχεδδν
2998 2405 3330 2475 διεξέρχεται
3351 2403 3380 2454 ὁ
3405 2400 3473 2452 τά
3506 2396 3701 2451 ἑαυτοῦ

2122 2503 2498 2574 διηγούμενος,
2541 2502 2608 2555 δι’
2638 2495 2712 2556 ὧν
2741 2501 2848 2553 τῶν
2889 2500 3034 2553 κατὰ
3062 2499 3154 2553 τὸν
3199 2497 3310 2567 βίον
3335 2495 3528 2548 τοῦτον
3557 2506 3699 2563 πρα-

2120 2595 2347 2666 γμάτων
2382 2597 2415 2666 ή
2465 2595 2765 2665 ματαιότης
2807 2592 3151 2663 γνωρίζεται.
3205 2589 3318 2642 Νῦν
3355 2587 3414 2639 δὲ
3447 2585 3702 2653 καθάπερ

2125 2685 2366 2758 μείζονός
2412 2699 2556 2748 τινος
2604 2684 2940 2756 κατηγορίας
2989 2684 3218 2736 ἅπτεται
3259 2679 3369 2732 τῶν
3404 2677 3550 2747 αὑτῷ
3603 2694 3698 2728 7:2-

2119 2778 2470 2850 πραγμένων,
2506 2779 2565 2842 ἐξ
2594 2771 2668 2831 ὧν
2701 2777 2761 2830 τὸ
2787 2777 2928 2830 κατὰ
2951 2774 3048 2845 τὴν
3078 2772 3456 2844 ὑπερηφανίαν
3481 2768 3699 2824 διαϐάλ-

2117 2867 2267 2923 λεται
2319 2861 2512 2932 πάθος.
2571 2863 2636 2922 Τί
2683 2867 2792 2939 γὰρ
2842 2865 3093 2919 τοσοῦτον
3139 2866 3216 2928 είς
3261 2864 3428 2931 τύφου
3481 2865 3540 2915 ἐν
3587 2862 3699 2922 τοῖς

2119 2959 2598 3031 ἀπηριθμημένοις
2628 2959 2796 3021 ἐστὶν,
2832 2953 2979 3021 οἶκος
3018 2955 3332 3024 πολυτελὴς,
3368 2954 3463 3006 καὶ
3495 2950 3701 3020 πλῆθος

2045 3077 2090 3138 C
2120 3049 2398 3120 ἀμπέλων,
2439 3051 2534 3104 καὶ
2567 3052 2600 3122 ἡ
2636 3052 2692 3103 ὲν
2724 3050 2921 3117 κήποις
2955 3043 3072 3119 ὥρα
3115 3047 3210 3099 καὶ
3244 3045 3352 3098 τῶν
3388 3043 3622 3103 ὑδάτων,
3662 3041 3697 3112 ἤ

2119 3157 2180 3194 τε
2208 3140 2347 3194 κατὰ
2381 3141 2480 3204 τὰς
2518 3139 2902 3212 κολυμϐήθρας
2933 3137 3211 3200 σύστασις,
3235 3136 3331 3188 καὶ
3362 3137 3396 3204 ἡ
3428 3136 3486 3186 έν
3516 3147 3697 3199 παρα·

2115 3225 2310 3294 δείσαις
2345 3226 2606 3296 διάλυσις,
2643 3231 2764 3283 ὅσον
2802 3229 2862 3282 τὸ
2909 3225 3196 3299 ἄνθρωπον
3222 3227 3349 3279 ὄντα
3372 3265 3385 3286 ,
3428 3223 3700 3293 δεσπότην

2119 3321 2306 3375 ἑαυτὸν
2329 3313 2438 3374 τῶν
2465 3322 2755 3392 ὁμοφύλων
2783 3321 3026 3386 οἴεσθαις
3061 3339 3079 3370 ι
3130 3311 3481 3388 Ἐκτησάμην
3512 3334 3530 3365 ι
3566 3314 3700 3385 γάρ,

2118 3412 2277 3482 φησὶ,
2320 3431 2340 3463 ι
2377 3409 2594 3476 δούλους
2627 3412 2722 3465 καὶ
2761 3408 3074 3473 παιδίσκας,
3106 3409 3199 3462 καὶ
3237 3408 3536 3473 οἰκογενεῖς
3574 3405 3700 3472 ἐγέ-

2116 3499 2266 3554 νοντό
2298 3517 2407 3571 μοι.
2463 3519 2482 3552 ι
2542 3500 2702 3572 Ὁρᾷς
2733 3501 2825 3554 τὸν
2866 3499 3030 3568 δγκον
3061 3498 3160 3566 τῆς
3191 3493 3540 3558 ἀλαζονείας·
3577 3492 3702 3562 Θεῷ

2117 3589 2375 3660 ἄντικρυς
2412 3590 2446 3658 ἡ
2492 3588 2711 3660 τοιαύτη
2758 3588 2908 3658 φωνὴ
2964 3584 3388 3656 ἁντεπαίρεται·
3433 3582 3503 3634 τά
3561 3582 3702 3649 σύμ-

2115 3696 2291 3733 παντα
2343 3679 2450 3750 γὰρ
2499 3678 2660 3732 δοῦλα
2717 3673 2854 3732 εἶναι
2904 3677 3004 3748 τῆς
3036 3678 3252 3729 πάντων
3291 3672 3700 3744 ὑπερκειμένης

2115 3770 2394 3835 ἐξουσίας,
2433 3771 2582 3842 παρὰ
2611 3770 2711 3840 τῆς
2743 3767 3078 3840 προφητείας
3121 3766 3459 3835 ἠκούσαμεν.
3509 3764 3568 3816 '0
3599 3758 3701 3816 οὖν

2114 3861 2300 3932 κτῆμα
2339 3863 2531 3914 ἑαυτοῦ
2573 3862 2633 3915 τὸ
2666 3861 2760 3915 τοῦ
2791 3861 2927 3914 Θεοῦ
2965 3860 3153 3928 κτῆμα
3187 3857 3544 3928 ποιούμενος,
3575 3857 3698 3907 ἐπι-

2117 3955 2351 4027 μερίζων
2381 3971 2439 4008 τε
2465 3953 2543 4024 τῷ
2574 3955 2721 4022 γένει
2765 3955 2864 4023 τὴν
2897 3951 3248 4014 δυναστείαν,
3277 3949 3352 4013 ὼς
3393 3949 3605 4019 ἀνδρῶν
3635 3965 3697 4000 τε

2114 4044 2208 4099 καὶ
2253 4045 2527 4113 γυναικῶν
2571 4045 2758 4116 κύριον
2810 4044 2997 4099 ἑαυτὸν
3041 4042 3282 4104 οἴεσθαι,
3331 4039 3386 4093 τί
3422 4039 3551 4092 ἄλλο
3597 4039 3698 4092 καὶ

2113 4137 2236 4207 οὑχὶ
2280 4135 2542 4190 διαϐαίνει
2576 4135 2642 4208 τῇ
2688 4133 3032 4201 ὑπερηφανίᾳ
3073 4134 3170 4203 τὴν
3216 4132 3414 4202 φύσιν,
3458 4130 3588 4184 ἄλλο
3641 4147 3695 4185 τι

2115 4228 2305 4282 ἑαυτὸν
2340 4229 2493 4300 παρὰ
2519 4229 2644 4282 τοὺς
2666 4224 2996 4299 ἀρχομένους
3026 4224 3272 4292 βλέπων;
3299 4243 3318 4276 ι
3339 4224 3696 4293 Ἑκτησάμην

2113 4319 2329 4385 δούλους
2355 4320 2448 4374 καὶ
2473 4316 2747 4373 παιδίσκα.
2767 4331 2786 4366 ›
2812 4313 3031 4384 Δουλεία
3072 4315 3455 4378 καταδικάζεις
3479 4315 3573 4367 τὸν
3599 4316 3694 4367 ἄν·

442 4419 661 4474 natura,
699 4418 752 4464 et
794 4411 962 4479 legem
1001 4411 1108 4465 fers
1142 4411 1405 4466 adversus
1467 4411 1658 4475 Deum,
1709 4416 2009 4468 naturalem

2119 4411 2328 4484 θρωπον
2347 4455 2361 4477 ,
2385 4405 2446 4465 οὗ
2473 4403 2784 4479 ὲλευθέραή
2834 4409 2997 4477 φύσις
3031 4409 3127 4462 καὶ
3172 4406 3518 4472 αὑτεξούσιος
3538 4447 3552 4470 ,
3597 4407 3697 4463 καὶ

443 4501 563 4571 ejus
589 4501 759 4570 legem
791 4512 1060 4557 evertens.
1091 4501 1224 4555 Eum
1263 4505 1408 4557 enim
1439 4505 1530 4572 qui
1563 4503 1686 4559 ideo
1722 4505 1897 4561 factus
1927 4513 2013 4560 est

446 4602 506 4648 ut
538 4603 684 4648 esset
717 4603 878 4648 terra:
936 4594 1218 4657 dominus,
1267 4603 1320 4649 et
1381 4612 1542 4665 quem
1603 4603 1663 4650 ut
1721 4598 2012 4667 imperaret

444 4686 736 4739 constituit
781 4685 1032 4747 Creator,
1087 4700 1208 4737 eum
1272 4685 1482 4754 subigis
1535 4686 1666 4756 jugo
1707 4689 2008 4752 servitutis,

443 4785 706 4846 tanquam
736 4777 923 4831 divino
961 4788 1232 4847 praecepto
1278 4778 1539 4834 resistens
1571 4789 1627 4834 et
1673 4795 2006 4852 repugnans.

444 4869 734 4925 Oblitusne
759 4887 822 4925 cs
855 4872 1079 4939 quinam
1123 4879 1254 4925 sunt
1284 4872 1502 4925 termini
1535 4883 1641 4925 tua:
1680 4874 2006 4942 potestatis;

443 4977 638 5030 nempe
666 4961 810 5028 quod
855 4962 961 5014 huc
995 4977 1166 5029 usque
1211 4969 1365 5014 tuum
1402 4961 1686 5016 definitum
1731 4965 1803 5018 sit
1838 4965 2010 5031 impe—

441 5053 616 5118 rium,
681 5063 739 5105 ut
800 5053 992 5122 praesis
1055 5052 1234 5106 brutis
1287 5052 1698 5107 animantibus?
1738 5052 2010 5123 lmpereut

439 5144 614 5208 enim,
645 5144 845 5213 inquit,
881 5144 1196 5198 volucribus
1235 5151 1288 5197 et
1322 5144 1564 5212 piscibus
1602 5152 1657 5199 et
1701 5146 2010 5216 quadrupe-

439 5237 621 5292 dibus.
659 5236 944 5302 Quomodo
971 5236 1243 5305 praeterita
1273 5251 1393 5304 qua:
1414 5244 1518 5288 tua:
1550 5238 1736 5290 manui
1761 5239 2008 5304 subjecta

439 5335 526 5383 est
579 5329 862 5390 servitute,
920 5326 1183 5380 adversus
1219 5328 1392 5394 ipsam
1442 5327 1666 5379 liberam
1727 5329 2008 5383 extolleris

441 5425 715 5481 naturam,
749 5418 802 5470 in
837 5414 1248 5484 quadrupedum
1287 5415 1369 5468 vel
1399 5414 1560 5467 etiam
1597 5415 2006 5483 (insectorum)

442 5507 671 5575 pedibus
708 5507 1012 5560 carentium
1049 5519 1334 5558 numerum
1369 5502 1609 5557 referens
1649 5505 1704 5556 id
1731 5505 1873 5574 quod
1922 5514 2010 5560 cst

440 5597 684 5663 ejusdem
713 5596 972 5666 generis?
996 5616 1011 5646 ι
1049 5596 1243 5650 0.unia
1272 5599 1552 5666 subjecisti
1589 5595 1812 5659 homini,
1839 5615 1856 5648 ι
1895 5599 2009 5653 cla-

442 5696 556 5742 mat
584 5689 863 5759 Scriptura
904 5706 999 5760 per
1030 5691 1392 5760 prophetiam,
1422 5701 1474 5747 et
1524 5693 1578 5749 in
1619 5692 1869 5748 eumdem
1920 5709 2007 5749 re-

2078 4561 2080 4567 .
2112 4502 2542 4572 ἀντινομοθετεῖς
2565 4500 2644 4571 τῷ
2669 4501 2805 4571 Θεῷ,
2838 4500 3165 4572 ἀνατρέπων
3190 4497 3352 4552 αὑτοῦ
3382 4498 3472 4550 τὸν
3505 4500 3595 4549 ἐπὶ
3627 4501 3694 4567 τῇ

2114 4596 2272 4666 φύσει
2303 4595 2484 4666 νόμον.
2515 4595 2620 4648 Τὸν
2647 4593 2756 4665 γὰρ
2787 4594 2879 4646 ἐπὶ
2908 4592 3082 4662 τούτῳ
3105 4591 3416 4660 γενόμενον,
3443 4589 3534 4658 ἐφ’
3637 4606 3697 4641 τε

2112 4686 2299 4757 κύριον
2325 4682 2463 4739 εἶναι
2488 4685 2584 4756 τῆς
2607 4684 2730 4754 γῆς,
2761 4685 2855 4737 καὶ
2881 4687 2956 4747 είς
2982 4684 3155 4752 ἀρχὴν
3181 4681 3518 4750 τεταγμένον
3545 4682 3699 4750 παρὰ

2112 4777 2203 4831 τοῦ
2225 4777 2546 4839 πλάσαντος,
2567 4775 2755 4828 τοῦτον
2777 4776 3004 4843 ὑπάγεις
3027 4773 3104 4844 τῷ
3127 4777 3226 4843 τῆς
3248 4772 3496 4834 δουλείας
3520 4770 3694 4840 ζυγῷ,

2112 4866 2300 4939 ὥσπερ
2329 4867 2646 4921 ἀντιϐαίνων
2683 4882 2743 4918 τε
2783 4866 2876 4918 καὶ
2921 4863 3225 4934 μαχόμενος
3259 4861 3337 4932 τῷ
3366 4861 3498 4932 θείῳ
3528 4877 3698 4930 προσ-

2111 4961 2372 5030 τάγματι.
2434 4958 2775 5027 Ἐπιλέλησαι
2815 4957 2923 5009 τῶν
2968 4957 3065 5026 τῆς
3107 4955 3352 5019 ἐξουσίας
3397 4955 3575 5025 ὅρων,
3612 4956 3696 5007 ὅτι

2115 5071 2196 5106 σοι
2241 5051 2400 5122 μέχρι
2432 5052 2529 5120 τῆς
2555 5049 2661 5102 τῶν
2689 5049 2898 5118 ἀλόγων
2945 5047 3262 5110 ἐπιστασίας
3295 5049 3329 5117 ἡ
3359 5048 3503 5120 ἀρχὴ
3537 5065 3698 5118 περι-

2111 5144 2355 5214 ώρισται.
2385 5143 2722 5214 Ἀρχέτωσαν
2739 5143 2868 5212 γὰρ,
2893 5143 3044 5213 φησὶ,
3065 5141 3344 5206 πετεινῶν,
3365 5143 3460 5195 καὶ
3488 5141 3692 5213 ἰχθύων

2113 5236 2205 5289 καὶ
2234 5233 2599 5306 τετραπόδων.
2648 5234 2772 5296 Πῶς
2804 5232 3087 5304 παρελθὼν
3119 5233 3216 5304 τὴν
3254 5233 3568 5304 ὑποχείριόν
3609 5249 3694 5286 σοι

2111 5326 2350 5380 δουλείαν
2395 5326 2510 5378 κατ’
2553 5323 2723 5393 αὐτῆς
2759 5324 2959 5395 ὲπαίρῃ
2998 5325 3095 5395 τῆς
3137 5325 3426 5395 ἐλευθέρας
3471 5324 3695 5394 φύσεως

2115 5418 2252 5490 μετὰ
2277 5419 2384 5471 τῶν
2409 5417 2753 5488 τετραπόδων
2785 5417 2817 5486 ἢ
2849 5419 2940 5469 καὶ
2967 5415 3075 5468 τῶν
3104 5417 3319 5469 ἁπόδων
3345 5416 3603 5487 ἀριθμῶν
3632 5415 3695 5468 τὸ

2111 5509 2410 5580 ὀμόφυλον;
2455 5527 2472 5558 ι
2498 5508 2677 5562 Πάντα
2706 5505 2974 5570 ὑπέταξας
2993 5504 3069 5575 τῷ
3093 5502 3381 5575 ἀνθρώπῳ,
3409 5526 3427 5557 ι
3466 5506 3568 5577 βοᾷ
3603 5505 3695 5562 διὰ

2112 5601 2212 5670 τῆς
2245 5598 2578 5670 προφητείας
2612 5599 2640 5650 ὁ
2676 5597 2881 5666 Λόγος,
2912 5598 3004 5650 καὶ
3039 5596 3143 5648 ὑπὸ
3185 5596 3420 5667 ἀριθμὸν
3453 5597 3578 5662 ἄγει
3622 5602 3696 5647 τά

2113 5691 2398 5763 ὑποχείρια
2428 5689 2504 5760 τῷ
2534 5690 2699 5761 λόγῳ,
2737 5706 2756 5738 ι
2779 5689 2965 5761 κτήνη,
2992 5687 3083 5742 καὶ
3103 5685 3229 5761 βόας
3252 5691 3344 5743 καὶ
3365 5685 3634 5759 πρόΰατα,
3663 5709 3681 5739 ι
