3870 6220
259 233 366 290 €85

1315 241 1386 296 IN
1425 242 1964 307 ECCLESIASTEN.
2001 251 2283 310 HOMILIA
2324 254 2413 312 IV.

3405 267 3510 323 666

254 353 349 460 1.1-};
381 357 446 408 ἐκ
481 355 598 460 τῶν
615 361 826 460 κτηνίύν
859 379 941 418 σοι
975 369 1262 436 γεγόνασιν
1303 375 1609 447 ᾶνθρωποι;
1641 379 1732 450 Μὴ
1776 397 1807 434 α

1942 385 2046 440 fert
2071 403 2356 442 numerum
2391 402 2513 456 qua:
2546 387 2747 441 rationi
2795 393 2925 443 sunt
2953 387 3196 459 subjecta
3230 409 3249 442 ι
3292 405 3510 460 pecora,

254 445 380 517 βόες
426 463 507 500 σοι
543 449 646 520 τὴν
693 449 1039 528 ἀνθρωπίνην
1071 465 1234 533 γονὴν
1277 465 1678 535 ἐτεκνώσαντο;
1722 471 1837 524 Μία

251 542 366 610 γὰρ
407 541 618 596 δουλεία
639 545 748 598 τῶν
775 547 1079 619 ἀνθρώπων
1108 555 1176 607 τὰ
1203 556 1393 626 ἄλογα.
1439 559 1838 626 Ἐξανατέλλων

251 651 364 724 γὰρ
405 655 596 727 χόρτον
627 661 740 723 τοῖς
776 663 1050 732 κτήνεσιν,
1085 669 1182 721 καὶ
1206 669 1370 741 χλόην
1396 674 1460 743 τῇ
1488 673 1700 744 δουλεία
1726 672 1836 728 τῶν

248 745 577 836 ἀνθρώπων.
609 749 682 802 Σὺ
717 751 774 805 δὲ
797 751 895 822 τήν
931 755 1091 824 φύσιν
1114 758 1358 826 δουλείας
1386 762 1481 815 καὶ
1517 763 1834 836 κυριότητος

251 835 466 906 σχίσας,
497 840 665 912 αὐτὴν
693 841 856 914 ἑαυτῇ
886 845 1179 913 δουλεύειν,
1208 852 1303 903 καὶ
1325 853 1524 924 ἑαυτῆς
1557 856 1832 924 κυριεύειν

247 929 536 1000 ἐποίησας.
611 954 630 988 ι
655 933 998 1009 Ἑκτησάμην
1019 941 1123 1012 γάρ
1141 942 1354 1010 δούλους
1377 947 1467 1000 καὶ
1488 947 1788 1014 παιδίσκας.
1802 970 1822 1003 ι

245 1015 436 1088 Ποίας,
471 1023 592 1076 εἰπέ
633 1043 743 1096 μοι,
786 1019 988 1098 τιμῆς;
1035 1029 1096 1082 Τί
1127 1027 1283 1104 εὗρες
1326 1036 1384 1088 ὲν
1433 1039 1544 1098 τοῖς
1577 1033 1695 1089 οὖσι
1729 1037 1830 1106 τῆς

245 1113 465 1180 φύσεως
502 1115 708 1186 ταύτης
741 1119 1019 1187 amat-5m;
1057 1123 1230 1176 Πόσου
1267 1124 1540 1195 κέρματος
1583 1126 1835 1198 ἐτιμήσω

242 1204 339 1257 τὸν
369 1205 560 1274 λόγον;
585 1209 776 1272 Πόσοις
802 1210 1006 1276 ὀϐολοῖς
1037 1213 1134 1285 τὴν
1161 1217 1344 1270 εἰκόνα
1362 1215 1454 1269 τοῦ
1484 1217 1620 1271 Θεοῦ
1664 1221 1820 1274 ἀντε-

163 1309 166 1312 ’
239 1298 588 1370 στάθμησας;
618 1300 800 1355 Πόσων
845 1305 1130 1374 στατήρων
1171 1307 1270 1378 τὴν
1304 1307 1633 1362 θεόπλαστον
1657 1310 1824 1378 φύσιν

240 1384 703 1457 ἀπενεπώλησας;
735 1386 904 1449 Εἶπεν
930 1395 957 1447 ό
979 1394 1128 1463 Θεὸς,
1156 1417 1174 1450 ι
1195 1399 1515 1471 Ποιήσωμεν
1537 1399 1823 1472 ἄνθρωπον

240 1480 366 1530 κατ’
399 1479 582 1532 εἰκόνα
612 1481 882 1554 ἡμετέραν
900 1485 994 1540 καὶ
1016 1486 1287 1556 ὁμοίωσιν.
1312 1509 1332 1542 ο
1354 1489 1457 1544 Τὸν
1483 1492 1605 1546 καθ’
1636 1493 1819 1563 ὁμοιό-

235 1581 382 1634 τητα
408 1567 501 1620 τοῦ
529 1569 663 1653 Θεοῦ
687 1571 838 1636 ὄντα,
862 1575 956 1628 καὶ
985 1575 1166 1647 πάσης
1195 1577 1429 1650 ἄρχοντα
1455 1581 1552 1653 τῆς
1574 1581 1697 1652 γῆς,
1726 1585 1819 1636 καὶ

233 1655 459 1742 Ιπάντων
499 1649 606 1712 τῶν
651 1663 744 1714 ἐπὶ
786 1663 886 1734 τῆς
935 1665 1040 1737 γῆς
1083 1665 1180 1739 τὴν
1231 1649 1479 1735 ἐξουσίαν
1508 1649 1676 1742 ⁷πάρά
1721 1673 1816 1726 τοῦ

1939 477 2108 534 boves
2137 489 2191 534 et
2224 495 2352 534 oves
2377 479 2441 536 “.
2483 499 2501 532 ›
2531 477 2670 533 Num
2699 495 2762 534 ex
2797 483 3082 549 pecoribus
3111 483 3210 536 tibi
3247 483 3356 536 nati
3385 492 3513 538 sunt

1937 570 2237 624 homines?
2266 569 2405 625 Num
2446 571 2542 625 tibi
2581 571 2744 626 boves
2803 572 3097 626 humanam
3153 585 3512 643 procrearnnt

1937 660 2229 716 sobolem?
2263 663 2382 717 Una
2413 663 2558 717 enim
2589 662 2875 715 hominum
2907 664 3142 717 servitus
3166 673 3294 718 sunt
3323 666 3511 722 bestiae

1935 762 2190 821 expertes
2215 751 2446 806 rationis
2469 751 2534 805 ".
2563 750 2878 808 Producens
2903 755 3045 807 enim
3085 754 3268 808 fenum
3293 757 3508 826 jmnen-

1939 841 2032 906 tis,
2066 853 2123 896 et
2167 842 2388 896 herbam
2421 843 2670 897 servituti
2703 844 3008 898 hominum.
3044 843 3124 899 Tu
3159 858 3339 902 autem
3390 865 3508 904 ser-

1929 931 2123 988 vitutis
2162 941 2217 988 et
2263 932 2495 988 dominii
2535 933 2710 988 scissa
2761 941 2978 998 natura,
3038 937 3212 1005 ipsam
3263 938 3368 992 sibi
3403 939 3507 1008 ipsi

1931 1025 2163 1086 servire,
2201 1033 2256 1080 et
2289 1025 2344 1078 in
2375 1025 2612 1095 seipsam
2642 1025 2984 1080 dominatum
3020 1029 3273 1083 obtinere
3301 1027 3501 1086 fecisti.

1935 1134 1953 1166 ι
1990 1115 2216 1172 Possedi
2256 1117 2400 1172 enim
2465 1132 2657 1172 servos
2711 1125 2766 1170 et
2806 1118 3056 1172 ancillas.
3104 1138 3122 1170 ι
3190 1118 3328 1185 Quo,
3389 1121 3502 1185 dic,

1925 1223 2136 1277 quaeso,
2163 1210 2338 1277 pretio
2374 1211 2706 1279 comparasti
2731 1211 2754 1263 ?
2779 1209 2919 1276 Quid
2943 1211 2997 1264 in
3030 1211 3194 1266 rebus
3226 1214 3500 1280 invenisti,

1925 1299 2072 1368 quod
2116 1299 2280 1368 hujus
2311 1307 2526 1354 natura:
2558 1293 2733 1370 pretio
2759 1302 3114 1373 re5ponderet
3141 1304 3157 1356 ?
3185 1302 3328 1369 Quot
3349 1321 3502 1358 num-

1926 1391 2030 1444 mis
2047 1390 2328 1444 aastimasti
2360 1391 2666 1445 rationem?
2690 1391 2832 1458 Quot
2849 1393 3042 1448 obolos
3067 1395 3373 1464 expendisti
3400 1411 3500 1465 pro

1924 1479 2018 1535 Dei
2070 1479 2350 1550 imagine?
2403 1479 2547 1546 Quot
2613 1481 2909 1537 stateribus
2938 1483 3119 1538 emisti
3151 1501 3271 1553 quae
3323 1501 3352 1538 a
3387 1485 3499 1541 Deo

1918 1569 2061 1626 facta
2097 1571 2198 1626 fuit
2238 1573 2537 1626 naturam?
2574 1571 2720 1626 Dixit
2750 1573 2916 1638 Deus,
2955 1593 2973 1625 ι
3011 1573 3499 1632 Faeiamushomi-

1920 1681 2044 1719 nem
2070 1665 2136 1718 ad
2157 1666 2446 1734 imaginem
2471 1673 2524 1719 et
2544 1665 2960 1721 similitudinem
2975 1677 3220 1721 nostram
3236 1670 3300 1722 ⁸⁸.
3315 1689 3334 1720 ι
3358 1671 3494 1723 Eum

233 1733 374 1797 Θεοῦ
416 1733 860 1822 κληρωσάμενον,
890 1756 976 1818 τίς
995 1733 1034 1810 ⁷ό
1061 1733 1431 1828 ἀπεμπωλὼν,
1465 1733 1620 1828 εἰπὲ,
1658 1763 1739 1829 τίς
1789 1767 1807 1818 c'

1920 1757 2010 1826 qui
2043 1758 2107 1810 ad
2131 1755 2226 1812 Dei
2262 1733 2440 1813 factus
2491 1765 2574 1813 est
2606 1759 3050 1824 similitudinem,
3110 1768 3163 1814 et
3194 1761 3288 1830 qui
3369 1763 3497 1815 uni-

233 1829 575 1904 ὡνούμενος;
615 1841 792 1895 Μόνου
821 1844 956 1898 Θεοῦ
987 1847 1048 1898 τὸ
1068 1848 1358 1920 δυνηθῆναι
1378 1852 1537 1906 τοῦτο
1561 1871 1574 1885 ·
1616 1855 1816 1924 μᾶλλον

231 1923 294 1977 δὲ
336 1929 457 1980 οὐδὲ
495 1931 660 1984 αὑτοῦ
700 1935 882 2004 σχεδὸν
910 1939 1003 1990 τοῦ
1039 1939 1194 1993 Θεοῦ.
1233 1962 1249 1991 ι
1277 1923 1692 2015 Ἀμεταμέλητα
1709 1947 1816 2018 γὰρ

233 2018 425 2085 αὑτοῦ,
440 2039 460 2072 ι
484 2025 635 2093 φησί,
660 2043 680 2074 ‹
702 2026 771 2078 τὰ
793 2029 1126 2100 χαρίσματα.
1144 2052 1161 2083 ι
1187 2035 1300 2086 ()ύκ
1331 2034 1398 2088 ἂν
1417 2031 1508 2089 οὖν
1528 2040 1555 2090 6
1574 2037 1704 2100 Θεὸς
1719 2039 1815 2110 τὴν

231 2128 402 2199 φύσιν
424 2133 902 2204 καταδουλώσειεν,
929 2140 988 2203 ὃς
1005 2157 1066 2208 γε
1094 2143 1188 2194 καὶ
1208 2143 1546 2217 αὐθαιρέτως
1574 2148 1720 2218 ἡμᾶς
1747 2151 1812 2220 τῇ

223 2222 484 2310 ᾗμαρτίᾳ
504 2225 867 2310 δουλωθέντας
893 2231 974 2294 εἰς
1002 2231 1316 2305 ἐλευθερίαν
1339 2237 1718 2294 ἀνεκαλέσατο.
1752 2241 1814 2292 Et

222 2307 290 2360 δὲ
316 2312 345 2363 6
381 2311 514 2374 Θεὸς
543 2307 606 2367 ού
633 2315 810 2369 δουλοῖ
853 2317 1160 2392 ἐλεύθερον,
1189 2323 1274 2387 τίς
1304 2327 1334 2378 6
1373 2327 1680 2398 ύπερτιθεὶς
1718 2329 1814 2382 τοῦ

221 2400 366 2455 Θεοῦ
400 2403 498 2474 τὴν
522 2406 686 2458 αὑτοῦ
716 2408 1072 2478 δυναστείαν;
1103 2413 1228 2478 Πῶς
1257 2415 1313 2468 δὲ
1347 2418 1440 2470 καὶ
1469 2420 1812 2490 πραθήσεται

220 2492 252 2544 ό
285 2491 470 2562 ἄρχων
503 2495 680 2568 πάσης
717 2499 818 2569 τῆς
849 2501 958 2570 γῆς
1001 2504 1096 2556 καὶ
1138 2505 1244 2558 τῶν
1275 2507 1534 2576 ἐπιγείων
1564 2512 1810 2580 πάντων;

234 2579 480 2652 Ἀνάγκη
522 2585 630 2656 γὰρ
679 2589 828 2640 πᾶσα
874 2591 970 2642 καὶ
1010 2591 1071 2644 τὸ
1101 2591 1291 2663 κτῆμα
1335 2595 1428 2648 τοῦ
1459 2579 1810 2670 πωλουμένου

221 2672 692 2728 συναποδίδοσθαι.
755 2677 931 2731 Πόσου
992 2679 1100 2734 τῶν
1155 2683 1260 2736 ὑπὸ
1318 2686 1501 2738 πᾶσαν
1550 2687 1648 2758 τὴν
1705 2690 1810 2760 γῆν

217 2762 604 2832 τιμησόμεθα;
649 2767 712 2820 Εἰ
751 2767 808 2820 δὲ
845 2767 1019 2824 ταῦτα
1048 2773 1326 2844 ἀτίμητα,
1366 2778 1394 2829 6
1425 2777 1565 2849 ὑπὲρ
1613 2779 1808 2844 ταῦτα,

215 2851 384 2914 ποίας
413 2853 560 2918 ἄξιος
591 2855 776 2925 τιμῆς,
807 2859 928 2912 εἰπέ
963 2877 1088 2930 μοι;
1125 2861 1246 2915 Κᾶν
1287 2862 1378 2917 τὸν
1423 2865 1659 2936 κόσμον,
1690 2869 1808 2922 ὅλον

213 2941 416 3013 εἴπῃς,
444 2945 562 2998 οὐδὲ
586 2945 762 3012 οὕτως
795 2942 953 3022 εὗρες
978 2941 1084 3024 τὴν
1107 2955 1242 3026 πρὸς
1275 2955 1431 3023 ἀξίαν
1451 2960 1638 3030 τιμήν.
1670 2961 1805 3013 Οὐδὲ

1919 1867 2090 1906 versae
2107 1858 2265 1905 terra:
2301 1851 2622 1920 imperat,et
2647 1853 2739 1921 qui
2771 1853 3016 1907 omnium
3043 1869 3164 1923 qua
3183 1867 3494 1926 suntsupra

1919 1950 2118 1995 terram
2151 1950 2474 2012 potestatem
2495 1959 2523 1998 a
2549 1945 2656 1999 Deo
2677 1956 2760 2000 est
2777 1946 3132 2014 adeptus,dic
3155 1949 3281 2016 quis
3298 1950 3493 2018 estqui

1918 2033 2137 2097 vendat,
2169 2036 2294 2105 quis
2331 2037 2422 2105 qui
2453 2037 2650 2090 emat?
2679 2037 2866 2094 Solius
2903 2037 2996 2094 Dei
3028 2049 3112 2095 est
3151 2040 3253 2095 hoc
3283 2057 3447 2111 posse
3475 2059 3492 2098 :

1917 2127 2026 2180 imo
2055 2142 2183 2180 vero
2217 2143 2284 2181 ne
2315 2129 2492 2196 ipsius
2514 2129 2736 2198 quidem
2767 2143 2869 2197 est,
2897 2147 3064 2203 prope
3086 2133 3340 2201 dixerim,
3375 2134 3488 2192 Dei.

1920 2231 1938 2264 ι
1979 2211 2108 2268 Sine
2125 2219 2446 2284 poenitentia
2475 2219 2645 2285 enim,
2671 2219 2887 2289 »ἰιιίιυίι
2918 2261 2934 2285 ,
2991 2230 3119 2276 sunt
3176 2238 3195 2271 ι
3223 2223 3338 2291 ejus
3388 2225 3486 2280 do-

1915 2305 2080 2359 na."’i
2103 2299 2216 2360 Non
2231 2319 2356 2376 ergo
2375 2307 2514 2364 Deus
2529 2319 2772 2366 naturam
2791 2313 3048 2383 redegerit
3063 2317 3113 2369 in
3147 2313 3490 2374 servitutem.

1913 2397 2006 2467 qui
2059 2397 2228 2452 etiam
2263 2414 2360 2452 sua
2396 2410 2591 2470 sponte
2644 2417 2747 2455 nos
2801 2404 3010 2472 peccati
3047 2405 3298 2459 servituti
3335 2404 3491 2458 addi-

1913 2496 2053 2550 ctos,
2105 2490 2342 2543 asseruit
2403 2491 2457 2544 in
2495 2491 2826 2547 libertatem.
2891 2491 2948 2546 Si
3003 2502 3184 2548 autem
3243 2493 3387 2550 Deus
3437 2496 3488 2549 id

1913 2581 2055 2648 quod
2083 2587 2167 2634 est
2201 2581 2434 2636 liberum
2467 2599 2576 2636 non
2621 2567 2817 2653 redigit
2858 2585 2914 2638 in
2947 2586 3267 2640 servitutem
3295 2605 3311 2651 ',
3365 2587 3492 2656 quis

1911 2680 1995 2725 est
2023 2673 2114 2740 qui
2143 2669 2232 2725 Dei
2265 2674 2524 2742 potestati
2560 2673 2781 2744 praefert
2806 2675 3008 2730 suam?
3057 2675 3345 2742 Quomodo
3391 2692 3492 2732 au-

1911 2769 2017 2815 tem
2039 2762 2309 2817 vendelur
2337 2765 2428 2833 qui
2464 2773 2661 2834 praeest
2683 2767 2950 2821 universa:
2976 2777 3135 2823 terra:
3158 2777 3209 2822 et
3236 2769 3493 2824 omnibus

1911 2869 2031 2922 quae
2054 2863 2182 2908 sunt
2211 2870 2375 2924 supra
2422 2865 2624 2909 terram
2649 2855 2672 2909 ’ἰ
2701 2855 2941 2911 Omnino
2971 2859 3118 2912 enim
3153 2875 3378 2914 necesse
3405 2868 3492 2914 est

1909 2946 2074 3000 etiam
2100 2948 2262 3000 simul
2296 2949 2456 3002 vendi
2487 2947 2777 3004 facultates
2801 2951 2922 3020 ejus
2969 2951 3062 3020 qui
3117 2951 3488 3005 venumlatur.

213 3035 334 3106 γὰρ
366 3035 487 3088 ὅλον
527 3033 650 3090 εἶπε
681 3041 772 3094 τὸν
797 3043 1004 3113 κόσμον
1047 3047 1074 3098 ὁ
1120 3045 1276 3110 εἰδὼς
1312 3048 1411 3118 τὴν
1456 3050 1804 3121 ἀνθρωπίνην

1912 3035 2112 3102 Quanti
2145 3038 2542 3094 aestimabimus
2573 3055 2636 3093 ea
2679 3055 2802 3110 qua:
2861 3049 2993 3096 sunt
3041 3051 3206 3108 snper
3267 3057 3484 3095 onmem

213 3122 386 3192 φύσιν
419 3127 663 3198 ἀκριϐῶς
698 3133 958 3202 τιμᾶσθαι
987 3135 1134 3200 ἄξιον
1171 3131 1313 3190 εἶναι
1358 3139 1457 3208 τῆς
1497 3139 1678 3212 ψυχῆς
1707 3142 1802 3196 τοῦ

211 3213 514 3286 ἀνθρώπου
534 3220 909 3296 ἀντάλλαγμα.
941 3225 1260 3298 Ἀνθρωπος
1287 3229 1466 3284 τοίνυν
1489 3231 1618 3286 ὅταν
1647 3233 1804 3297 ὤνιος

209 3303 278 3379 ᾗ,
301 3308 458 3362 οὐδὲν
491 3310 676 3382 ἕτερον
709 3313 742 3384 ἢ
771 3316 800 3366 6
829 3315 930 3386 τῆς
957 3317 1062 3388 γῆς
1107 3319 1294 3390 κύριος
1339 3321 1430 3374 ἐπὶ
1462 3322 1524 3375 τὸ
1555 3324 1806 3396 πωλητή-

212 3415 338 3470 ριον
379 3400 594 3470 ἄγεται.
625 3405 837 3460 Οὐκοῦν
869 3411 1488 3482 συναποκηρυχθήσεται
1526 3416 1674 3487 αὐτῷ
1705 3417 1804 3489 δη-

209 3488 350 3560 λαδὴ
397 3493 492 3544 καὶ
521 3494 554 3565 ἡ
587 3495 905 3567 ὑπάρχουω
952 3499 1148 3564 κτίσις.
1186 3501 1335 3574 Αὕτη
1381 3504 1438 3558 δέ
1480 3507 1595 3560 ἐστι
1633 3508 1704 3578 γῆ
1743 3488 1804 3560 τε

210 3582 312 3635 καὶ
341 3581 588 3637 θάλασσα
615 3587 711 3640 καὶ
745 3587 920 3658 νῆσοι,
953 3591 1046 3644 καὶ
1074 3591 1144 3645 τὰ
1172 3593 1228 3645 ἐν
1256 3594 1468 3660 τούτοις
1502 3597 1698 3652 πάντα.
1737 3598 1802 3650 Τί

207 3668 310 3726 οὖν
335 3674 706 3746 καταθήσεται
743 3679 1084 3752 ὠνούμενος;
1128 3683 1192 3737 Τί
1218 3684 1274 3738 δὲ
1301 3686 1530 3757 λήψεται
1556 3689 1802 3743 ἀποδιδό-

213 3779 404 3833 μενος,
429 3765 684 3820 τοσούτου
713 3771 994 3840 κτήματος
1022 3773 1288 3844 ἑπομένου
1308 3774 1402 3828 τοῦ
1431 3777 1804 3848 συναλλάγμα-

209 3870 348 3920 τος;
381 3855 517 3909 ἀλλὰ
543 3857 604 3909 τὸ
639 3857 810 3929 βραχὺ
844 3859 1122 3930 βιϐλίδιον,
1163 3864 1256 3917 καὶ
1291 3867 1324 3936 ή
1369 3865 1800 3939 ὲγγεγραμμένη

211 3945 492 4018 συνθήκη,
519 3951 616 4002 καὶ
657 3953 690 4022 ή
721 3951 829 4004 τῶν
864 3952 1064 4007 ὀϐολῶν
1097 3955 1502 4027 ἀπαρίθμησις,
1532 3958 1798 4032 δεσπότην

211 4054 277 4091 σε
310 4039 412 4110 τῆς
441 4042 648 4104 εἰκόνος
683 4043 774 4096 τοῦ
814 4045 948 4098 Θεοῦ
984 4043 1124 4102 εἶναί
1161 4065 1222 4101 σε
1263 4049 1562 4121 ἠπάτησεν.
1601 4053 1663 4104 Ὢ
1697 4055 1796 4124 τῆς

206 4128 420 4192 ἀνοίας.
445 4131 510 4184 Εἰ
537 4132 594 4185 δὲ
619 4133 876 4189 ἀπόλοιτο
907 4135 968 4188 τὸ
1007 4137 1354 4208 συμϐόλαιον,
1388 4141 1436 4192 εἰ
1468 4139 1525 4192 δὲ
1559 4141 1664 4195 ὑπὸ
1701 4159 1795 4212 σηο

205 4221 322 4275 τῶν
362 4224 686 4296 διαφθαρείη
734 4227 804 4279 τὰ
839 4228 1168 4299 γράμματα,
1217 4231 1264 4283 εί
1309 4231 1367 4284 δὲ
1403 4229 1596 4296 ὕδατός
1635 4233 1798 4286 ποθεν

207 4315 648 4384 παρεμπεσοῦσα
702 4319 852 4388 ῥανὶς
903 4319 1258 4390 ἐξαλείψειεν,
1314 4321 1420 4376 ποῦ
1471 4340 1554 4377 σοι
1595 4324 1664 4376 τὰ
1700 4325 1797 4396 τῆς

1912 3135 2112 3180 terram
2135 3128 2158 3180 ἰ
2181 3125 2334 3192 Quod
2372 3128 2416 3182 si
2441 3143 2502 3182 ea
2541 3137 2668 3182 sunt
2699 3130 3119 3196 inaestimabilia,
3151 3131 3340 3200 quanti
3371 3147 3490 3200 pre-

1910 3216 1970 3268 tii
2003 3223 2088 3271 est
2124 3217 2169 3271 is
2223 3217 2316 3286 qui
2374 3225 2460 3271 est
2489 3233 2656 3288 super
2691 3218 2806 3272 haec
2836 3220 3042 3283 omnia,
3097 3219 3207 3281 dic,
3259 3215 3490 3286 quaaso?

1909 3307 2135 3363 Etiamsi
2168 3308 2376 3364 dixeris
2401 3319 2572 3362 totum
2601 3309 2886 3374 mundum,
2924 3326 2991 3365 ne
3017 3311 3225 3379 justum
3263 3311 3484 3379 quidem

1906 3400 2140 3468 pretium
2173 3400 2400 3454 dixeris.
2433 3399 2535 3466 Qui
2568 3401 2716 3454 enim
2769 3401 3061 3454 humanam
3120 3403 3272 3454 novit
3321 3410 3482 3454 natu-

1907 3505 2047 3555 ram,
2084 3505 2184 3545 nec
2211 3497 2384 3545 totum
2417 3493 2639 3562 quidem
2692 3491 2958 3546 mundum
3001 3492 3142 3546 dixit
3192 3509 3315 3548 esse
3349 3493 3490 3548 satis

1898 3580 2108 3644 justum
2135 3583 2392 3652 pretium,
2420 3583 2566 3653 quod
2599 3582 2768 3639 detur
2817 3599 2920 3654 pro
2975 3586 3157 3638 anima
3217 3585 3480 3640 hominis.

1907 3671 2077 3726 llomo
2125 3689 2257 3744 ergo
2296 3677 2516 3744 quando
2565 3673 2732 3729 fuerit
2789 3677 3021 3739 venalis,
3079 3677 3214 3730 nihil
3247 3678 3392 3731 aliud
3427 3679 3480 3732 in

1903 3762 2083 3816 forum
2138 3761 2364 3817 ducitur
2390 3779 2554 3834 quam
2587 3773 2748 3818 terra:
2803 3765 3078 3821 dominus.
3123 3763 3299 3820 Simul
3352 3781 3486 3837 ergo

1903 3867 2028 3908 cum
2080 3865 2147 3908 eo
2238 3855 2454 3911 scilicet
2491 3856 2859 3911 venundanda
2907 3859 3381 3927 proclamabitur,
3427 3867 3486 3914 et

1905 3961 2026 4016 quae
2079 3953 2165 4000 est
2212 3955 2486 4002 creatura.
2547 3945 2622 4000 Ea
2653 3957 2834 4002 autem
2856 3958 2940 4004 est
2983 3959 3036 4004 et
3059 3959 3206 4004 terra
3238 3962 3293 4005 et
3335 3965 3484 4006 mare

1903 4045 1958 4092 et
1997 4038 2208 4104 insulae,
2240 4047 2294 4093 et
2338 4053 2461 4109 quae
2501 4039 2556 4092 in
2595 4039 2676 4096 his
2711 4051 2840 4096 sunt
2897 4043 3102 4098 omnia.
3159 4041 3303 4109 Quid
3353 4060 3483 4114 ergo

1904 4131 2077 4186 solvet
2104 4131 2197 4202 qui
2231 4131 2408 4187 emit?
2437 4131 2578 4198 Quid
2605 4143 2789 4188 autem
2852 4136 3085 4205 accipiet
3141 4137 3235 4206 qui
3271 4138 3480 4202 vendit,

1902 4241 2026 4279 eum
2059 4235 2402 4280 contractum
2445 4237 2594 4281 tanta
2626 4239 3000 4299 consequatur
3033 4232 3346 4302 possessio?
3373 4233 3480 4288 Sed

1903 4333 2104 4388 parvus
2135 4317 2372 4373 libellus.
2413 4327 2468 4372 et
2505 4321 2710 4389 scripta
2735 4323 3048 4387 conventio,
3099 4332 3152 4376 et
3193 4324 3480 4378 obolorum

205 4403 456 4468 δουλείας
477 4404 736 4476 ὲνέχυρα;
765 4407 874 4460 Ποῦ
905 4425 986 4462 σοι
1010 4409 1078 4462 τὰ
1098 4411 1199 4480 τῆς
1222 4410 1538 4480 δεσποτείας
1569 4415 1756 4486 ἐφόδια
1777 4434 1792 4482 ;

1911 4409 2250 4463 enumeratio
2281 4417 2336 4465 te
2383 4409 2599 4475 fefellit,
2633 4420 2690 4466 ιιι
2747 4419 2800 4467 te
2845 4424 3000 4480 putes
3047 4413 3327 4469 dominum
3383 4415 3474 4470 Det'

205 4497 380 4550 Οὐδὲν
411 4498 522 4570 γὰρ
562 4500 675 4570 ὁρῶ
708 4501 870 4553 πλέον
909 4503 1060 4572 παρᾶ
1101 4503 1193 4556 τὸν
1235 4505 1547 4577 ὑποχείριον
1587 4508 1653 4561 ἐκ
1697 4508 1792 4561 τοῦ

205 4590 473 4661 ὀνόματός
512 4608 596 4644 σοι
625 4593 1052 4664 προσγινόμενον
1078 4634 1094 4661 ,
1129 4595 1264 4666 πλὴν
1292 4595 1385 4649 τοῦ
1413 4598 1696 4669 ὀνόματος.
1729 4600 1794 4652 Τί

213 4684 318 4754 τὰρ
349 4685 417 4753 τῇ
452 4686 518 4754 σῇ
546 4683 706 4752 φύσει
740 4686 772 4756 ἡ
813 4687 1030 4752 ἐξουσία
1063 4688 1441 4758 προσέθηκεν;
1475 4691 1550 4744 Οὐ
1581 4692 1794 4762 χρόνον,

203 4777 264 4829 ού
293 4777 710 4846 προτερήματα’
746 4778 811 4829 ἐκ
834 4777 944 4830 τῶν
975 4777 1152 4831 αὐτῶν
1175 4795 1256 4830 σοι
1281 4779 1314 4848 ή
1347 4780 1581 4846 γένεσις,
1611 4783 1794 4851 όμοιό·

203 4883 404 4940 τροπος
447 4869 482 4938 ἡ
525 4868 668 4938 ζωὴ,
719 4867 862 4922 κατὰ
902 4869 964 4922 τὸ
994 4863 1110 4921 ῖσον
1153 4869 1439 4940 ἐπικρατεί
1477 4873 1552 4925 τά
1592 4889 1651 4924 τε
1693 4873 1791 4945 τῆς

202 4959 386 5030 ψυχῆς
427 4961 524 5012 καὶ
563 4959 632 5012 τὰ
676 4961 770 5013 τοῦ
807 4959 1056 5030 σώματος
1091 4960 1264 5030 πάθη,
1309 4961 1402 5013 σοῦ
1453 4979 1512 5014 τε
1559 4961 1654 5014 τοῦ
1692 4981 1786 5016 κυ-

205 5053 481 5124 ριεύοντος
525 5053 620 5105 καὶ
644 5053 850 5106 ἐκείνου
872 5052 968 5105 τοῦ
988 5053 1392 5123 ὑπεζευγμένου
1413 5057 1478 5125 τῇ
1504 5055 1786 5125 κυριότητι

202 5147 388 5200 ὀδύναι
422 5147 517 5199 καὶ
545 5145 823 5217 εὑθυμίαι,
859 5145 1188 5216 εὐφροσύναι
1223 5147 1317 5197 καὶ
1344 5144 1631 5215 ἁδημονίαι
1651 5187 1666 5210 ,
1693 5145 1785 5198 λύ-

201 5257 304 5294 παι
343 5238 438 5292 καὶ
464 5237 676 5310 ἡδοναὶ,
711 5237 870 5308 θυμοὶ
900 5237 994 5290 καὶ
1024 5235 1198 5304 φόϐοι,
1231 5235 1376 5289 νόσοι
1409 5237 1502 5289 καὶ
1536 5237 1777 5290 θάνατοι.

201 5333 294 5403 Μή
333 5347 418 5394 τις
448 5333 506 5384 ὲν
532 5331 740 5393 τούτοις
773 5329 1005 5400 διαφορᾶ
1050 5327 1185 5397 πρὸς
1225 5327 1323 5380 τὸν
1341 5327 1524 5380 δοῦλον
1559 5328 1635 5398 τῷ
1684 5347 1780 5382 κυ-

205 5420 462 5492 ριεύοντι;
496 5422 570 5474 Οὐ
591 5421 681 5474 τὸν
702 5419 864 5473 αὐτὸν
885 5418 1135 5471 ἓλκουσιν
1157 5419 1300 5490 ἀέρα
1329 5419 1416 5471 διὰ
1445 5419 1537 5471 τοῦ
1570 5419 1782 5490 ἄσθμα-

200 5523 326 5577 τοςς
356 5511 472 5582 Οὐχ
495 5509 754 5574 ὡσαύτως
781 5509 950 5582 ὁρῶσι
986 5508 1078 5562 τὸν
1114 5509 1298 5579 ἥλιον;
1329 5510 1440 5580 Οὐχ
1474 5510 1676 5579 ὁμοίως
1711 5513 1778 5581 τῇ

273 5692 326 5728 ⁸⁸
359 5695 505 5753 Psal.
537 5710 654 5762 vni,
678 5696 730 5752 8.
809 5699 852 5733 ”
891 5698 1037 5758 Psal.
1079 5716 1195 5769 cui,
1235 5700 1314 5756 M.
1394 5654 1440 5734 δέ
1476 5701 1609 5758 Gen.
1645 5717 1684 5767 I,
1731 5699 1822 5757 26.

1903 4501 2180 4572 imaginis.
2208 4501 2252 4556 Ο
2278 4504 2575 4556 amentiam
2604 4505 2616 4556 !
2656 4503 2762 4558 Sed
2795 4505 2840 4559 si
2885 4511 3072 4574 pereat
3125 4512 3477 4569 contractus,

1901 4593 1946 4646 si
1978 4609 2008 4646 a
2040 4594 2198 4646 tineis
2234 4609 2475 4647 corrosae
2505 4593 2712 4648 fuerint
2748 4595 2965 4658 litterae,
2999 4603 3094 4650 aut
3135 4598 3180 4652 si
3225 4597 3480 4651 alicunde

1899 4683 2148 4739 incidens
2198 4700 2353 4754 aquze
2395 4694 2546 4754 gutta
2591 4687 2892 4751 deleverit,
2957 4687 3180 4742 ubinam
3217 4689 3314 4742 tibi
3350 4695 3481 4744 sunt

1897 4775 2213 4830 dominatus
2244 4785 2586 4846 argumenta,
2621 4793 2742 4846 qme
2776 4779 3014 4847 probant
3045 4788 3098 4832 te
3136 4795 3257 4834 esse
3296 4779 3476 4833 domi-

1897 4881 2025 4918 num
2052 4866 2088 4918 ἰι
2107 4863 2186 4919 Ex
2208 4881 2274 4920 eo
2308 4868 2454 4920 enim
2479 4868 2572 4936 qui
2603 4875 2687 4921 est
2714 4869 2817 4922 sub
2838 4883 3004 4922 manu
3027 4877 3137 4936 tua,
3165 4869 3298 4922 nihil
3326 4869 3474 4922 aliud

1897 4957 1992 5011 tibi
2025 4957 2182 5012 video
2213 4959 2472 5012 accedere
2501 4967 2700 5028 praeter
2741 4975 2960 5014 nomen.
3003 4959 3144 5026 Quid
3176 4961 3321 5015 enim
3375 4975 3474 5029 po-

1893 5057 2064 5103 testas
2095 5059 2186 5102 tua
2233 5049 2434 5118 adjecit
2467 5049 2719 5104 naturae?
2770 5069 2877 5104 non
2917 5063 3155 5121 tempus,
3217 5067 3324 5104 non
3363 5054 3473 5104 ulla

1895 5141 2195 5211 privilegia.
2239 5141 2314 5195 Ex
2351 5141 2543 5196 iisdem
2573 5144 2670 5197 tibi
2711 5153 2796 5196 est
2841 5151 3019 5206 ortus,
3069 5143 3260 5197 eodem
3308 5143 3474 5196 modo

1893 5251 1920 5286 ιι
1954 5234 2106 5289 vobis
2145 5235 2253 5288 vita
2284 5233 2521 5304 degitur,
2549 5251 2614 5289 ex
2649 5251 2810 5305 aequo
2841 5235 3194 5288 dominantur
3220 5235 3385 5288 anin'ti
3417 5247 3476 5289 et

1891 5325 2139 5393 corporis
2181 5321 2521 5388 affectiones,
2561 5325 2616 5378 in
2653 5333 2706 5379 te
2750 5325 2842 5393 qui
2891 5341 2949 5379 es
2984 5325 3240 5380 dominus
3311 5333 3366 5379 et
3410 5325 3467 5378 in

1893 5419 2045 5470 illum
2078 5417 2168 5486 qui
2193 5423 2277 5470 est
2306 5417 2590 5484 subjectus
2612 5429 2704 5471 tuo
2735 5417 3003 5480 dominio,
3027 5433 3230 5472 mmror
3260 5426 3313 5471 et
3347 5418 3468 5470 ani-

1889 5511 1962 5565 mi
1999 5509 2276 5570 alacritas,
2315 5510 2502 5564 laetitia
2534 5520 2588 5566 et
2627 5509 2877 5577 tristitia,
2910 5509 3068 5566 dolor
3099 5519 3148 5564 et
3185 5497 3466 5581 voluptas,

1900 5701 1942 5734 ⁸⁷
1985 5701 2135 5757 Rom.
2199 5717 2274 5768 χι,
2315 5699 2408 5758 29.
