3870 6220
396 217 498 272 687
1633 224 1689 280 S.
1730 225 1963 282 GREGO

2101 225 2394 281 NYSSENI
3540 228 3649 284 668

399 331 484 385 ira
519 339 574 388 et
601 339 804 396 metus,
839 332 1064 389 morbus
1084 339 1140 388 et
1169 348 1334 388 mors.
1366 333 1535 389 Estne
1561 335 1614 390 in
1643 338 1728 392 his
1761 339 1968 408 aliquod

2078 341 2176 410 τῆς
2209 341 2413 409 τροφῆς
2447 340 2730 412 προσθήκῃ
2787 342 3106 413 συντηροῦσι
3150 343 3250 414 τὴν
3285 342 3479 411 victv;
3532 345 3648 414 οὐχ

395 423 691 478 discrimen
724 424 863 478 inter
897 441 1117 479 servum
1155 435 1210 478 et
1269 424 1596 480 dominum?
1637 429 1833 482 Annon
1872 446 1968 498 per

399 515 696 568 anhelitum
729 515 979 569 eumdem
1025 517 1252 569 trahunt
1280 519 1506 572 aerem?
1535 518 1652 572 Non
1712 521 1969 575 similiter

399 607 569 659 solem
603 605 924 659 intuentur?
955 604 1071 659 Non
1101 607 1287 660 eadem
1330 607 1605 661 nutriendi
1662 608 1970 677 adjectioue

400 713 554 750 snam
582 707 910 750 conservant
940 705 1192 750 naturam
1218 697 1241 749 ?
1270 695 1387 752 Non
1429 709 1515 752 est
1559 699 1748 753 eadem
1796 701 1970 754 visceo

400 800 520 838 rum
557 787 938 839 constructio?
969 787 1164 839 Annon
1204 787 1365 840 ambo
1398 798 1523 841 sunt
1560 800 1682 857 post
1741 800 1966 842 mortem

403 893 544 930 unus
577 877 797 945 pulvis?
842 876 958 930 Non
1003 893 1170 931 unum
1215 887 1299 932 est
1328 879 1648 948 judicium?
1701 879 1819 934 Non
1881 890 1967 935 est

400 983 690 1022 commune
738 984 984 1037 regnum,
1036 981 1090 1022 et
1134 969 1378 1038 gehenna
1418 971 1781 1026 communis?
1844 969 1951 1036 Qui

400 1059 625 1125 aequalis
665 1075 724 1113 cs
753 1059 806 1112 in
837 1059 1112 1122 omnibus,
1158 1061 1210 1113 in
1266 1077 1396 1128 quo,
1434 1077 1642 1129 quaeso.
1706 1061 1960 1130 superior

402 1147 592 1213 fueris,
621 1161 677 1202 ut
705 1167 828 1203 cum
854 1152 931 1205 sis
959 1152 1139 1215 homo,
1167 1153 1448 1206 dominum
1473 1152 1711 1207 hominis
1735 1152 1966 1220 teipsum

403 1249 560 1308 putes
586 1245 607 1292 '.'
633 1261 649 1290 ι
684 1239 748 1293 ΕΙ.
779 1242 1016 1310 possedi,
1055 1262 1072 1293 ι
1107 1243 1305 1311 inquit,
1330 1261 1348 1291 ι
1379 1258 1565 1297 servos
1588 1251 1642 1297 et
1667 1242 1915 1304 ancillas,
1943 1259 1961 1292 ι

400 1339 659 1401 tanquam
703 1348 991 1401 caprarum
1033 1335 1244 1404 aliquos
1302 1344 1356 1390 et
1415 1351 1702 1406 porcorum
1754 1351 1965 1405 greges.

400 1418 534 1490 Nam
561 1438 682 1474 cum
719 1423 968 1485 dixisset,
1005 1442 1024 1475 ι
1079 1421 1304 1478 Possedi
1335 1441 1523 1479 servos
1567 1434 1620 1480 et
1648 1425 1897 1488 ancillas,
1941 1443 1961 1474 ι

2071 432 2128 484 αἱ
2155 433 2313 484 αὑταὶ
2347 431 2454 484 τῶν
2492 432 2812 502 σπλάγχνων
2845 434 3214 499 κατασκευαίς
3246 435 3321 488 Ού
3363 435 3462 504 μία
3495 435 3646 498 κόνις

2071 523 2120 574 oi
2147 521 2239 576 δύο
2269 523 2405 593 μετά
2436 525 2528 577 τὸν
2561 524 2823 590 θάνατονς
2854 527 2987 595 Οὐχὶ
3019 526 3077 577 ἓν
3116 526 3175 578 τὸ
3212 529 3528 597 κριτήριονς
3571 527 3644 580 Οὐ

2074 612 2227 681 κοινὴ
2267 613 2530 683 βασιλεία,
2577 617 2670 668 καὶ
2719 616 2910 684 γέεννα
2953 617 3139 686 κοινῆς
3194 617 3252 670 ὐ
3291 620 3350 670 ἐν
3400 621 3540 672 πᾶσι
3587 619 3646 672 τὸ

2073 699 2188 755 ἴσον
2216 703 2373 773 ἔχων,
2406 705 2462 756 ἐν
2484 705 2591 757 τίνι
2618 705 2679 758 τὸ
2710 706 2870 759 πλέον
2899 706 3062 777 ἔχεις,
3092 706 3232 769 εἰπὲ,
3261 707 3400 760 ὥστε
3431 707 3646 779 ἀνθρω-

2073 809 2172 845 πον
2210 793 2335 846 ὄντα
2362 793 2626 864 δεσπότην
2655 796 2936 867 ἀνθρώπου
2972 797 3160 850 ἑαυτὸν
3195 798 3434 863 οἵεσθαι;
3471 818 3490 850 ι
3532 801 3645 854 Καὶ

2071 884 2422 956 ἐκτησάμην,
2476 903 2495 936 ι
2538 885 2747 954 λέγεις,
2796 907 2813 937 ι
2859 887 3076 951 δούλους
3125 890 3217 942 καὶ
3251 889 3564 953 παιδίσκας.
3617 910 3637 943 ι

2069 972 2237 1027 Ὠσπε
2247 991 2276 1045 ρ
2296 975 2538 1028 αἰπόλιόν
2564 993 2638 1039 τι,
2659 977 2692 1046 ἢ
2722 979 3011 1031 συοϐόσιον.
3036 978 3219 1032 Εἰπὼν
3245 979 3352 1050 γὰρ
3370 981 3453 1033 ὅτι
3509 998 3530 1030 ‹
3555 979 3642 1033 Ἐ-

2072 1062 2348 1130 κτησάμεν
2363 1064 2571 1130 δούλους
2586 1071 2674 1124 καὶ
2699 1071 3005 1135 παιδίσκας,
3031 1091 3048 1123 ι
3077 1070 3382 1140 προσέθηκε
3431 1070 3531 1140 τὴν
3583 1074 3641 1124 ἐν

2071 1155 2184 1215 τοῖς
2219 1154 2486 1225 ποιμνίοις
2519 1157 2613 1208 καὶ
2643 1157 2938 1226 βουκολίοις
2974 1161 3453 1231 προγεγενημένην
3481 1161 3643 1214 εὐθυ-

2075 1243 2203 1313 μίαν
2239 1244 2406 1315 αὐτῷ.
2441 1265 2459 1296 ι
2506 1248 2611 1300 Καὶ
2637 1249 2828 1319 κτῆσις
2872 1269 2891 1301 ι
2925 1251 3057 1322 γὰρ,
3103 1253 3258 1324 φησὶ,
3295 1271 3314 1304 ι
3361 1252 3643 1322 βουκολίου

2071 1334 2164 1386 καὶ
2190 1337 2435 1404 ποιμνίου
2464 1337 2675 1404 ἐγένετό
2706 1355 2794 1408 μοι
2825 1339 3014 1411 πολλὴ,
3047 1362 3066 1395 ι
3094 1343 3169 1406 ὡς
3193 1345 3250 1394 ἐν
3275 1345 3341 1411 τῇ
3368 1343 3456 1412 ίσῃ
3487 1339 3642 1406 τάξει

2072 1423 2278 1475 τούτων
2303 1440 2362 1476 τε
2389 1424 2657 1478 κάκείνων
2683 1426 3102 1498 ὑπεζευγμένων
3131 1433 3194 1500 τῇ
3224 1429 3460 1499 ἐξουσίᾳ.

400 1513 600 1580 adjecit
629 1521 830 1582 quanta
861 1515 960 1568 sibi
1030 1516 1183 1584 prius
1217 1515 1408 1571 fuisset
1443 1520 1782 1589 prosperitas
1821 1519 1877 1571 in
1904 1515 2078 1570 bobus
2107 1523 2161 1568 et
2220 1517 2434 1570 ovibus.
2514 1535 2532 1568 ι
2583 1517 2646 1571 Et
2695 1524 2886 1580 multa.
2932 1539 2952 1572 υ
2998 1523 3196 1592 inquit,
3268 1541 3287 1574 ι
3345 1525 3482 1580 mihi
3535 1525 3644 1581 fuit

400 1605 680 1672 possessio
714 1604 870 1657 homn
903 1615 958 1658 et
998 1607 1212 1670 ovium,
1247 1626 1266 1658 ι
1301 1616 1488 1678 utpote
1538 1608 1684 1680 quod
1743 1610 1798 1664 in
1846 1608 1963 1678 pari
2003 1606 2196 1660 ordine
2225 1609 2510 1674 potestatis
2541 1619 2595 1665 et
2619 1611 2735 1666 haec
2760 1620 2815 1666 et
2849 1613 2940 1666 illa
2968 1614 3217 1679 subjecta
3250 1627 3454 1672 essent.

473 1695 676 1750 Deinde
714 1705 835 1766 post
860 1696 972 1751 haec
1014 1699 1081 1752 ad
1118 1699 1325 1769 majora
1359 1711 1584 1771 peccata
1620 1702 1963 1773 progreditur

2135 1694 2267 1752 Εἶτα
2298 1701 2390 1752 ἐπὶ
2414 1701 2618 1765 τούτοις
2653 1701 2757 1773 ὁδῷ
2805 1704 3048 1776 πρόεισιν
3071 1707 3163 1758 ἐπὶ
3206 1707 3274 1760 τά
3319 1709 3488 1777 μείζω
3531 1709 3646 1763 τῶν

398 1785 910 1855 ejasenuntiatio,ct
924 1791 1025 1845 sibi
1043 1791 1224 1846 inesse
1243 1793 1571 1849 vociferatur
1589 1797 1831 1848 onmium
1850 1810 1963 1848 ma-

400 1877 575 1930 lorum
613 1879 872 1944 radicem,
903 1895 1094 1950 nempe
1115 1883 1420 1938 avaritiam.
1454 1881 1545 1938 Sic
1581 1883 1724 1937 enim
1751 1883 1884 1938 dicit
1908 1886 1962 1938 in

401 1975 661 2021 contextu
698 1968 994 2022 dictionis:
1037 1990 1055 2020 ι
1087 1970 1292 2042 Collegi
1331 1973 1463 2027 mihi
1505 1982 1560 2029 et
1592 1985 1872 2043 argentum
1910 1984 1965 2030 et

399 2073 613 2112 aurum.
648 2078 666 2111 ι
696 2060 832 2125 Quid
859 2063 1002 2114 enim
1029 2065 1214 2117 nocuit
1241 2081 1435 2118 aurum
1473 2075 1614 2120 terra
1638 2067 1958 2130 immistum,

397 2155 452 2201 et
485 2148 536 2201 in
577 2150 684 2204 illis
712 2150 940 2204 ellusum
973 2152 1129 2216 locis,
1160 2153 1212 2206 in
1245 2154 1444 2223 quibus
1491 2171 1519 2208 a
1551 2155 1806 2211 Creatore
1853 2173 1963 2227 po-

400 2240 564 2292 situm
616 2241 718 2294 fuit
765 2242 832 2295 ab
881 2242 1086 2296 initio?
1124 2241 1394 2309 Quidnam
1429 2246 1525 2301 tibi
1555 2249 1676 2317 plus
1711 2249 1962 2305 utilitatis

397 2330 592 2386 afferre
617 2331 742 2386 fecit
770 2349 949 2388 rerum
974 2333 1155 2404 Opifex
1177 2352 1340 2406 quam
1368 2336 1580 2394 fructus
1603 2341 1796 2394 terrae?
1821 2340 1958 2395 Num

397 2423 495 2476 tibi
547 2425 692 2477 solos
755 2425 1011 2480 arborum
1065 2427 1278 2483 fructus
1308 2438 1361 2484 et
1392 2433 1601 2485 semina
1655 2431 1845 2484 tribuit
1892 2433 1962 2487 ad

398 2520 796 2573 nutrimentum
821 2523 843 2574 ?
870 2523 981 2575 Cur
1010 2521 1149 2576 datae
1176 2524 1464 2592 potestatis
1493 2525 1758 2580 terminos
1782 2533 1962 2580 trans-

398 2611 688 2679 grederis?
723 2613 827 2666 Aut
857 2615 1085 2669 ostende
1112 2615 1226 2669 haec
1260 2631 1478 2686 quoque
1506 2615 1602 2669 tibi
1633 2632 1895 2671 concessa
1931 2632 1961 2671 a

395 2701 652 2757 Creatore
709 2712 766 2757 ut
792 2702 988 2766 fodias,
1021 2714 1074 2759 et
1099 2704 1316 2758 metalla
1349 2704 1634 2770 scruteris,
1671 2711 1722 2758 et
1743 2719 1804 2758 ea
1839 2704 1962 2772 igne

399 2794 614 2859 fundas,
643 2804 697 2849 et
729 2811 1030 2868 congreges
1065 2812 1184 2867 qua:
1214 2811 1322 2850 non
1360 2797 1609 2867 sparsisti
1640 2815 1656 2864 ;
1697 2806 1790 2851 aut
1847 2797 1963 2852 haec

398 2886 632 2942 fortasse
665 2886 796 2940 nulli
820 2902 943 2942 esse
976 2888 1191 2942 crimini
1232 2887 1411 2942 atlinia
1449 2890 1574 2960 quis
1616 2889 1962 2944 existimave-

398 2977 487 3040 rit,
529 2976 609 3031 sic
645 2976 740 3030 tibi
788 2979 1076 3047 pecuniam
1117 2993 1452 3048 congregare
1491 2995 1556 3033 ex
1589 2979 1822 3035 metallis
1854 2993 1963 3035 ter-

2063 1790 2474 1861 ἁμαρτημάτων
2519 1795 2551 1864 ἡ
2593 1793 2974 1864 ἐξαγόρευσιςο
3017 1796 3113 1867 βοᾷ
3145 1797 3253 1868 γὰρ
3285 1799 3404 1852 καθ’
3445 1802 3645 1856 ἑαυτοῦ

2061 1878 2159 1947 τὴν
2190 1879 2406 1933 πάντων
2450 1880 2559 1935 τῶν
2612 1885 2796 1938 κακῶν
2823 1886 2998 1956 ῥίζαν,
3038 1888 3160 1957 ἥτις
3196 1889 3342 1941 ἐστὶν
3374 1890 3406 1960 ἡ
3445 1891 3644 1963 φιλαρ-

2062 1971 2244 2041 γυρία.
2273 1973 2380 2025 Καί
2410 1991 2572 2044 φησιν
2605 1977 2696 2030 ἐπὶ
2726 1976 2924 2042 λέξεως
2949 1977 3142 2042 οὕτως’
3174 1999 3192 2032 ι
3213 1981 3519 2052 Συνήγαγόν
3553 2001 3645 2053 μοι

2062 2067 2150 2121 καί
2178 2084 2240 2136 γε
2269 2066 2526 2137 ἀργύριον
2555 2067 2646 2120 καί
2675 2086 2734 2137 γε
2768 2069 3004 2139 χρυσίον.
3030 2089 3048 2121 ι
3080 2070 3146 2122 Τί
3171 2070 3279 2142 γάρ
3306 2071 3544 2142 ἐλύπησε
3575 2078 3644 2145 τῇ

2061 2165 2129 2232 γῇ
2168 2163 2644 2232 καταμεμιγμένον
2698 2161 2760 2214 τὸ
2805 2162 3046 2232 χρυσίον,
3093 2165 3364 2227 κάκείνοις
3411 2167 3645 2235 ἐκκεχυ-

2065 2254 2221 2324 μένον
2265 2255 2375 2316 τοῖς
2412 2254 2617 2316 τόποις,
2650 2250 2731 2315 οἷς
2768 2253 2826 2319 ἐξ
2867 2254 3045 2324 ἀρχῆς
3083 2254 3298 2326 ἐνετέθη
3347 2257 3499 2327 παρά
3546 2259 3645 2311 τοῦ

2061 2345 2376 2408 κτίσαντος;
2430 2345 2495 2396 Τί
2551 2343 2766 2416 ὀφειλήν
2815 2361 2896 2396 σοι
2948 2345 3108 2398 πλέον
3158 2348 3286 2417 περὶ
3334 2349 3462 2410 τοὺς
3507 2365 3647 2416 καρ-

2062 2439 2195 2500 ποὺς
2229 2436 2328 2507 τῆς
2360 2437 2461 2505 γῆς
2502 2437 2529 2488 ὁ
2575 2436 2980 2507 δημιουργήσας
3035 2439 3325 2506 ἐποίησεν;
3374 2441 3451 2492 Οὐ
3508 2441 3646 2510 μόνα

2065 2543 2146 2577 σοι
2214 2525 2285 2578 τὰ
2355 2526 2625 2597 ἀκρόδρυα
2698 2528 2792 2580 καὶ
2846 2529 2914 2581 τά
2987 2528 3276 2599 σπέρματα
3342 2531 3479 2603 πρὸς
3542 2531 3647 2601 τὴν

2062 2615 2264 2686 τροφὴν
2322 2615 2747 2685 ἀπεκλήρωσεν·
2827 2615 2912 2670 διὰ
2965 2617 3018 2670 τί
3083 2620 3330 2691 παρέρχῃ
3387 2621 3484 2691 τῆς
3540 2622 3648 2687 ἐξ-

2063 2706 2247 2770 ουσίας
2302 2707 2423 2769 τοὺς
2470 2707 2663 2776 ὃρους;
2701 2708 2770 2759 Ἦ
2801 2707 2971 2774 δεῖξόν
3022 2725 3105 2762 σοι
3153 2710 3246 2763 καὶ
3286 2710 3460 2764 ταῦτα
3513 2729 3647 2779 συγ-

2065 2795 2426 2866 κεχωρημένα
2463 2795 2614 2866 παρὰ
2650 2795 2746 2849 τοῦ
2781 2797 3093 2862 κτίσαντος,
3126 2798 3264 2852 ὥστε
3297 2800 3647 2870 μεταλλεύειν

2063 2900 2121 2936 τε
2153 2887 2246 2938 καὶ
2275 2885 2615 2956 άνορύσσειν,
2661 2887 2754 2938 καὶ
2791 2887 2923 2957 πυρὶ
2965 2890 3362 2959 καταχωνεύειν
3406 2892 3469 2943 τὸ
3515 2894 3649 2946 ὑπο-

2066 2976 2334 3045 κείμενον,
2370 2976 2460 3028 καὶ
2510 2977 2760 3045 συνάγειν
2806 2977 2980 3032 ταῦτα
3016 2978 3053 3032 ἃ.
3087 2979 3161 3051 μὴ
3210 2981 3575 3050 ἐσκόρπισαξ·
3610 2984 3644 3054 ἢ

400 3069 516 3122 rte?
549 3068 642 3123 sed
672 3070 929 3138 quoniam
958 3069 1176 3126 additur
1204 3071 1439 3125 orationi
1472 3089 1656 3141 regum
1689 3081 1743 3127 et
1787 3075 1965 3144 regio-

2071 3040 2236 3120 ταύτα
2285 3067 2382 3137 μὲν
2425 3067 2551 3130 ῐσως
2591 3040 2742 3121 οὐδὲν
2781 3068 3029 3139 ἔγκλημά
3053 3040 3307 3133 τιςΙεῐναι
3339 3040 3649 3143 λογίσηται,

399 3176 526 3214 num
555 3161 763 3230 capias,
809 3176 962 3216 mens
991 3162 1356 3231 congregandi
1407 3178 1514 3216 non
1555 3171 1734 3232 potest
1775 3181 1895 3220 esse
1936 3181 1966 3220 a

398 3253 557 3322 culpa
591 3254 868 3308 immunis.
893 3251 1175 3324 Tanquam
1216 3255 1360 3308 enim
1399 3255 1558 3323 regia:
1609 3256 1770 3310 liceat
1816 3267 1966 3326 pote-

399 3343 526 3397 stati
556 3359 622 3396 ετ
673 3343 986 3412 regionibus
1035 3358 1365 3414 congregare
1419 3345 1632 3414 copiam
1677 3347 1964 3416 pecunia}:

402 3436 685 3506 vectigalia
735 3436 943 3490 scilicet
971 3435 1271 3503 imponere,
1306 3435 1548 3492 decimas
1601 3439 1834 3508 exigere,
1870 3454 1965 3509 pec

400 3529 617 3582 cuniam
657 3526 938 3590 conferre,
985 3544 1081 3581 eos
1134 3527 1231 3598 qui
1289 3528 1410 3597 ejus
1449 3527 1678 3598 imperio
1738 3531 1969 3600 subjecti

401 3628 551 3677 sunt.
588 3633 800 3688 cogere,
835 3618 916 3672 sic
950 3617 1084 3672 dicit
1114 3634 1174 3674 se
1207 3633 1400 3673 aurum
1428 3626 1482 3674 et
1519 3627 1804 3689 argentum
1839 3638 1970 3676 con-

401 3725 676 3779 gregasse.
705 3709 972 3762 Czeterum
1009 3725 1104 3763 seu
1135 3709 1238 3773 sic,
1275 3725 1370 3765 seu
1401 3710 1558 3764 aliter
1580 3726 1639 3766 se
1667 3711 1798 3766 dicit
1833 3729 1967 3767 con-

401 3816 680 3871 gregasse,
707 3801 957 3854 lubenter
980 3801 1175 3854 scirem
1211 3801 1340 3870 quid
1391 3803 1743 3857 emolumenti
1775 3802 1967 3858 redibit

400 3895 467 3946 ad
499 3909 622 3948 eum
659 3895 748 3962 qui
780 3893 920 3948 hanc
960 3901 1257 3962 congregat
1314 3893 1622 3947 materiam.
1674 3891 1970 3964 Fingamus

400 3999 520 4037 eam
552 3999 659 4038 non
689 3998 785 4050 per
826 3984 1028 4036 minam
1072 3991 1166 4036 aut
1213 3983 1530 4037 drachmam
1563 3991 1656 4038 aut
1707 3984 1969 4038 talentum

402 4075 589 4129 venire
617 4075 682 4128 ad
710 4089 806 4128 eos
849 4075 938 4144 qui
974 4082 1103 4128 sunt
1136 4075 1321 4144 cupidi
1353 4077 1622 4144 pecunia},
1659 4076 1753 4132 sed
1776 4077 1858 4132 eis
1893 4077 1971 4131 si-

403 4166 516 4220 mul
547 4175 769 4234 repente
795 4163 978 4218 omnia
1011 4163 1154 4218 facta
1185 4180 1309 4220 esse
1346 4180 1533 4228 aurea,
1565 4172 1797 4229 terram,
1847 4181 1971 4221 are-

405 4272 552 4317 nam,
590 4264 820 4320 montes,
849 4270 1091 4324 campos,
1115 4256 1311 4322 saltus,
1343 4271 1611 4324 ponamus
1652 4258 1833 4311 omnia
1890 4273 1973 4313 re-

407 4356 568 4419 pente
594 4350 645 4401 in
677 4363 796 4400 eam
831 4355 1037 4402 mutata
1063 4345 1232 4401 fuisse
1253 4346 1556 4411 materiam,
1582 4347 1709 4416 quid
1742 4363 1836 4417 per
1858 4348 1972 4404 haec

403 4450 531 4494 vita:
573 4438 796 4494 accedet
841 4438 908 4492 ad
950 4437 1392 4493 beatitudinem?
1425 4438 1481 4492 Si
1530 4438 1662 4492 illud
1721 4439 1867 4494 videt
1919 4442 1974 4494 in

405 4533 665 4586 universo
693 4530 838 4601 quod
870 4546 1018 4584 nunc
1047 4533 1220 4584 cernit
1246 4529 1298 4582 in
1323 4529 1542 4599 exiguo,
1568 4530 1698 4598 quid
1721 4545 1783 4585 ex
1809 4532 1976 4585 animi

405 4623 588 4689 honis,
616 4623 744 4693 quid
788 4639 854 4676 ex
885 4622 952 4678 iis
982 4636 1216 4691 quorum
1251 4621 1433 4675 studio
1463 4621 1715 4675 ducimur
1757 4631 1978 4692 propter

406 4731 628 4784 corpus,
665 4731 730 4769 ex
783 4715 873 4768 illa
909 4723 1057 4767 tanta
1109 4713 1324 4768 eveniet
1365 4713 1569 4782 copia?
1603 4713 1679 4767 Ex
1727 4729 1792 4769 eo
1822 4725 1979 4769 estne

408 4807 520 4860 ulla
549 4822 696 4876 spes,
730 4806 905 4875 utqui
941 4806 1074 4860 vivit
1102 4813 1308 4859 tantam
1345 4803 1556 4860 habens
1583 4807 1691 4859 vim
1737 4807 1877 4870 auri,
1907 4809 1979 4862 sit

409 4897 651 4968 Sapiens,
687 4897 1026 4967 ingeniosus,
1060 4897 1536 4966 contemplativus,
1582 4898 1811 4952 scientia
1844 4915 1980 4968 pra:-

408 4990 577 5051 ilitus,
637 4987 746 5043 Deo
777 4989 997 5050 charus,
1035 4989 1336 5051 modestus,
1391 5005 1592 5057 purus,
1637 4990 1977 5059 impatibilis,

410 5079 705 5150 cujuslibet
729 5078 874 5148 quod
910 5079 975 5133 ad
1012 5080 1206 5133 vitium
1239 5082 1463 5135 attrahit
1489 5097 1690 5150 expers
1726 5091 1782 5136 et
1821 5084 1981 5138 mini-

413 5188 500 5226 me
539 5170 752 5243 capax?
809 5174 893 5224 An
945 5172 1048 5225 hoc
1099 5170 1316 5240 quidem
1374 5172 1618 5234 minime,
1677 5172 1772 5227 sed
1813 5183 1870 5228 ut
1909 5177 1982 5230 sit

414 5274 607 5336 potens
639 5278 890 5333 corpore,
921 5270 975 5316 et
1007 5271 1066 5316 ut
1092 5262 1258 5315 vitam
1287 5261 1546 5317 extendat
1575 5262 1630 5316 in
1667 5264 1835 5317 multa
1875 5280 1981 5319 sze-

413 5356 560 5414 cula,
602 5355 756 5409 senio
780 5369 890 5408 non
919 5351 1224 5414 conlectus,
1258 5359 1314 5405 et
1361 5351 1552 5406 morbo
1593 5353 1817 5408 minime
1849 5353 1979 5408 atl‘eo

417 5456 560 5506 ctus,
597 5444 842 5512 nullique
873 5443 1172 5497 calamitati
1203 5443 1496 5509 obnoxius,
1525 5451 1581 5496 et
1627 5443 1810 5496 omnia
1841 5458 1982 5512 quo-

417 5550 539 5588 rum
574 5535 758 5588 studio
809 5549 872 5588 ac
918 5535 1194 5589 desiderio
1243 5535 1295 5589 in
1331 5535 1443 5588 vita
1478 5535 1704 5589 cliarius
1729 5542 1983 5588 tenentur

416 5621 712 5683 homines?
757 5625 862 5681 Sed
922 5643 1082 5682 nemo
1134 5635 1218 5683 est
1277 5627 1411 5683 adeo
1476 5627 1741 5694 stolidus,
1808 5641 1983 5696 neque

2067 3159 2127 3211 τὸ
2163 3158 2304 3212 οὕτω
2341 3158 2552 3228 σεαυτῷ
2582 3160 2830 3228 συνάγειν
2867 3161 2930 3214 ἐκ
2957 3160 3064 3222 τῶν
3097 3160 3197 3231 τῆς
3238 3163 3343 3232 γῆς
3371 3165 3651 3233 μετάλλων

2066 3249 2135 3302 τὰ
2177 3250 2470 3320 χρήματα;
2518 3249 2632 3302 ἀλλ’
2677 3250 2862 3322 ἐπειδὴ
2901 3254 3217 3321 πρόσκειται
3261 3253 3341 3324 τῷ
3372 3254 3535 3326 λόγῳ,
3563 3257 3650 3309 ὃτι

2069 3343 2526 3412 περιουσιασμοὺς
2551 3343 2812 3413 βασιλέων
2835 3345 2929 3397 καὶ
2957 3344 3063 3397 τῶν
3090 3345 3489 3417 χωρῶν,οὑκέτι
3512 3349 3654 3418 πρὸς

2069 3433 2128 3486 τὸ
2152 3433 2437 3486 ἀνεύθυνον
2477 3436 2510 3504 ἡ
2553 3433 2647 3486 τοῦ
2687 3438 3007 3504 συναγαγεῖν
3042 3437 3247 3490 διάνοια
3275 3438 3520 3508 φέρεται.
3561 3440 3654 3504 Ὧς

2069 3523 2175 3595 γὰρ
2205 3524 2322 3588 ἐξὸν
2349 3527 2414 3595 τῇ
2449 3524 2697 3596 βασιλικῇ
2735 3526 3024 3596 δυναστεία
3062 3528 3126 3579 ἐκ
3163 3527 3272 3580 τῶν
3311 3531 3506 3600 χωρῶν
3554 3531 3655 3584 τὸν

2070 3614 2488 3684 περιουσιασμὸν
2547 3616 2654 3668 τῶν
2714 3616 3011 3686 χρημάτων
3071 3619 3351 3686 συνάγειν·
3405 3619 3653 3690 δηλονότι

2070 3705 2267 3775 φόρους
2336 3703 2677 3769 ἐπιϐάλλειν,
2729 3706 2958 3770 δεκάτας
3023 3710 3442 3780 εἰσπράττεσθαι
3470 3753 3486 3773 ,
3540 3716 3657 3766 εἰσ-

2070 3795 2256 3862 φέρειν
2300 3795 2580 3864 χρήματα,
2611 3795 2736 3858 τοὺς
2783 3796 3123 3866 ὑποχειρίους
3175 3800 3611 3868 καταναγκάζειν
3637 3843 3653 3866 ,

2069 3885 2241 3949 οὕτως
2272 3885 2629 3956 συνειλοχέναι
2669 3887 2802 3957 φησὶ
2822 3888 2882 3942 τό
2908 3905 2966 3942 τε
3004 3890 3222 3959 χρυσίον
3261 3892 3358 3944 καὶ
3391 3891 3452 3944 τὸ
3479 3893 3657 3962 ἀργύ-

2072 3997 2206 4051 ριον.
2239 3980 2386 4050 Πλὴν
2423 3979 2594 4043 οὕτως
2629 3980 2738 4033 εἴτε
2771 3981 2989 4052 ἑτέρως,
3040 3981 3209 4052 ἡδέως
3247 3984 3312 4036 ἂν
3340 3984 3568 4055 μάθοιμι
3599 3988 3657 4040 τί

2073 4070 2232 4125 πλέον
2263 4070 2415 4124 ἔσται
2459 4071 2536 4141 τῷ
2577 4071 2677 4135 τὰς
2718 4071 2971 4135 τοιαύτας
3003 4072 3134 4135 ὔλας
3159 4075 3464 4140 συνάγοντι.
3499 4076 3660 4130 A566-

2073 4161 2184 4214 σθω
2232 4161 2352 4214 καθ’
2397 4161 2672 4223 ὑπόθεσιν,
2722 4161 2796 4233 μὴ
2846 4162 2987 4215 κατά
3033 4163 3255 4234 μνᾶν,ῆ
3308 4163 3578 4236 δραχμὴν,
3619 4168 3654 4237 ἢ

2071 4255 2326 4308 τάλαντον
2381 4257 2491 4318 τοῖς
2545 4255 3006 4324 φιλοχρηματοῦσι
3069 4256 3490 4325 προσγίνεσθαι,
3538 4259 3658 4311 ἀλλ’

2073 4346 2280 4416 ἁθρόως
2311 4347 2494 4410 αὐτοῖς
2536 4346 2990 4416 ἀποχρυσωθῆναι
3040 4347 3108 4400 τὰ
3146 4349 3340 4410 πάντα,
3383 4350 3484 4419 τὴν
3528 4351 3655 4420 γῆν,

2077 4437 2174 4508 τὴν
2216 4437 2462 4507 ψάμμον,
2503 4437 2571 4490 τά
2619 4437 2740 4508 ὅρη,
2783 4437 2852 4490 τά
2896 4437 3074 4502 πεδία,
3121 4440 3220 4502 τὰς
3247 4441 3443 4504 νάπας,
3475 4443 3660 4495 πάντα

2078 4527 2364 4597 ύποθῶμεν
2385 4528 2520 4598 πρὸς
2542 4528 2743 4596 ταύτην
2765 4529 2905 4582 κατὰ
2922 4529 2983 4582 τὺ
3002 4529 3195 4599 ἀθρόον
3219 4531 3661 4600 μεταϐεϐλῆσθαι

2077 4620 2176 4689 τὴν
2222 4617 2373 4688 ὕλην,
2409 4618 2462 4670 τί
2505 4617 2642 4688 πρὸς
2677 4617 3019 4688 εὐδαιμονίαν
3051 4619 3139 4672 διά
3171 4620 3374 4673 τούτων
3403 4621 3662 4674 ἐπιδώσει

2077 4714 2106 4765 ὁ
2149 4711 2294 4781 βίος;
2336 4709 2398 4762 El
2444 4711 2619 4762 ἐκεῖνο
2663 4710 2720 4761 ἐν
2753 4711 2913 4762 παντὶ
2954 4709 3139 4779 βλέπει
3185 4710 3214 4762 ὃ
3258 4709 3352 4764 νῦν
3387 4712 3444 4762 ἐν
3493 4712 3663 4780 ὀλίγῳ

2079 4805 2199 4874 ὁρᾷ,
2225 4803 2276 4855 τί
2309 4801 2415 4854 τῶν
2466 4801 2564 4870 τῆς
2607 4801 2785 4871 ψυχῆς
2816 4801 3055 4871 ἀγαθῶν,
3081 4805 3136 4857 τί
3168 4803 3276 4856 τῶν
3311 4804 3454 4857 κατά
3498 4803 3663 4873 σῶμα

2082 4890 2544 4962 σπουδαζομένων,
2572 4889 2661 4943 διὰ
2703 4891 2801 4960 τῆς
2848 4891 3102 4964 τοιαύτης
3146 4893 3459 4963 περιουσίας
3498 4894 3664 4962 γενή-

2083 5002 2271 5050 σεται;
2307 4985 2412 5057 ἄρα
2433 5001 2517 5047 τις
2563 4984 2716 5046 ἐλπὶς
2751 4983 2903 5038 ἔσται
2946 4983 3035 5038 διὰ
3060 4984 3271 5050 τούτου,
3320 4985 3381 5038 τὸ
3417 4985 3477 5036 ἐν
3535 5000 3665 5036 τοσ-

2081 5077 2222 5148 ούτῳ
2252 5076 2431 5139 ζῶντα
2463 5074 2646 5146 χρυσῷ
2685 5074 2935 5143 γενέσθαι
2987 5075 3168 5145 σοφὸν,
3207 5077 3483 5146 ἀγχίνουν,
3525 5076 3667 5128 θεω-

2087 5167 2322 5239 ρητικὸν,
2356 5167 2707 5237 ἐπιστήμονα,
2741 5167 2892 5236 φίλον
2920 5166 3059 5237 Θεῷ,
3100 5168 3366 5237 σώφρονα,
3393 5168 3660 5239 καθαρὸν,

2083 5257 2501 5328 ἁπαθῆ,παντὸς
2520 5257 2612 5310 τοῦ
2635 5257 2771 5328 πρὸς
2797 5257 2990 5310 κακίαν
3019 5258 3373 5320 καθέλκοντος
3397 5259 3577 5328 ἀμιγῆ
3601 5275 3662 5310 τε

2085 5350 2177 5402 καὶ
2205 5348 2610 5418 ἀπαράδεκτον;
2647 5347 2680 5417 ἢ
2730 5346 2886 5399 τοῦτο
2909 5347 3007 5417 μὲν
3064 5346 3206 5417 οὐχὶ,
3250 5347 3472 5400 δυνατὸν
3496 5348 3556 5401 δὲ
3584 5347 3666 5417 τῷ

2085 5441 2318 5511 σώματι,
2353 5441 2445 5493 καὶ
2473 5441 2552 5502 είς
2590 5437 2788 5501 πολλὰς
2827 5439 2962 5491 ἐτῶν
3001 5439 3357 5502 ἑκατοντάδας
3385 5438 3486 5508 τὴν
3515 5439 3666 5508 ζωὴν

2084 5531 2492 5602 παρατείνοντα,
2525 5532 2718 5601 ἀγήρω
2739 5530 2833 5582 καὶ
2872 5530 3061 5584 ἄνοσον
3104 5530 3197 5584 καὶ⁵
3239 5529 3494 5598 ἀπήμονα
3510 5566 3526 5588 ,
3568 5527 3665 5578 καὶ

2087 5625 2262 5680 πάντα
2293 5625 2391 5679 ὅσα
2417 5624 2542 5695 περὶ
2566 5622 2656 5678 τὸν
2684 5625 2743 5677 ἐν
2773 5621 2935 5694 σαρκὶ
2961 5621 3074 5693 βίον
3099 5618 3488 5686 amomum;
3523 5613 3666 5672 Ἀλλ’

3823 299 3834 458 l

3823 521 3833 609 Ι

3825 663 3834 744 l
