3870 6220
184 290 300 347 669

1248 294 1317 351 IN
1357 294 1896 354 ECCLESIASTEN.
1933 297 2216 354 HOMILIA
2252 299 2344 353 IV.
3334 299 3443 355 670

183 406 368 472 οὐδεὶς
407 406 551 462 οὕτω
599 408 846 481 μάταιος,
889 408 1010 462 οὐδὲ
1038 411 1134 480 τῆς
1197 409 1412 480 φύσεως
1451 412 1550 482 τῆς
1592 411 1774 482 κοινῆς

1889 414 2184 468 :ommunis
2211 420 2418 468 naturae
2441 413 2576 468 adeo
2603 414 2911 484 imperitus,
2944 425 3005 470 ut
3025 415 3139 470 haec
3166 415 3444 473 existimet

188 497 626 564 ἀνεπίσκεπτος,
673 501 748 564 ὼς
804 501 979 555 ταῦτα
1037 502 1253 572 νομίσαι
1302 506 1416 566 τοῖς
1468 503 1773 573 ἀνθρώποις

189 589 604 661 προσ-γίνεσθαι,
632 592 788 662 εἰπερ
817 593 897 655 εἰς
936 591 1136 662 πλῆθος
1176 592 1404 660 ἄφθονον
1441 594 1473 662 ἡ
1502 593 1609 645 τῶν
1640 609 1774 663 χρη-

194 679 387 750 μάτων
416 679 514 750 ὖλη
539 681 658 732 κατ’
691 681 938 746 ἐξουσίαν
976 683 1110 734 πᾶσι
1151 683 1451 753 προχέοιτο.
1497 681 1650 735 Ἐπεὶ
1680 682 1775 735 καὶ

192 768 293 822 νῦν
328 769 470 822 ἔστιν
510 770 635 824 ἰδεῖν
670 771 894 838 πολλοὺς
931 773 1040 827 τῶν
1071 773 1212 828 κατά
1233 773 1329 845 τὴν
1359 772 1612 845 τοιαύτην
1643 790 1776 844 προ-

191 858 430 928 εχόντων
461 859 773 930 περιουσίαν
813 861 1030 932 ἐλεεινῷ
1080 860 1289 931 σώματι
1338 862 1565 926 ζῶντας,
1609 858 1690 925 οἷς
1725 862 1774 914 εἰ

195 949 278 1019 μὴ
305 949 524 1018 παρῶεν
547 953 594 1003 oi
618 950 1026 1023 θεραπεύοντες,
1066 952 1140 1022 μὴ
1181 951 1309 1006 ἄνευ
1354 953 1531 1006 αὐτῶν
1560 954 1776 1016 ἱκανοὺς

194 1034 341 1091 εἶναι
372 1039 506 1110 πρὸς
543 1041 642 1110 τὴν
691 1041 854 1111 ζωήν.
887 1043 949 1096 El
981 1039 1074 1096 οῦν
1114 1043 1148 1113 ὴ
1193 1042 1314 1096 καθ’
1354 1042 1608 1095 ὑπόθεσιν
1643 1043 1778 1112 ἡμῖν

193 1130 294 1182 τοῦ
345 1131 566 1200 χρυσίου
618 1135 900 1203 περιουσία
943 1133 1266 1205 προτεθεῖσα
1317 1133 1396 1205 τῷ
1441 1133 1603 1205 λόγῳ,
1651 1132 1775 1187 οὔτε

197 1219 473 1292 σώματος,
496 1221 618 1276 οὔτε
641 1224 819 1294 ψυχῆς
847 1243 899 1279 τι
925 1226 1113 1297 κέρδος
1139 1226 1412 1293 ὑπέδειξεν
1431 1245 1445 1258 ο
1475 1227 1608 1280 πολὺ
1641 1226 1777 1297 μᾶλ-

195 1310 291 1365 λον
307 1313 368 1365 τὸ
387 1315 444 1366 ἐν
462 1313 627 1386 ὀλίγῳ
644 1315 986 1388 δεικνύμενον
1006 1318 1275 1390 ἄχρηστον
1294 1321 1374 1384 είς
1392 1319 1655 1390 ὠφέλειαν
1669 1320 1776 1375 τῶν

194 1400 432 1471 ἐχόντων
459 1403 755 1474 ἐλέγχεται,
794 1407 866 1460 Ἣ
891 1407 945 1460 τί
977 1408 1084 1478 γὰρ
1113 1407 1179 1462 ἂν
1211 1407 1421 1477 γένοιτο
1457 1409 1585 1478 παρ’
1606 1408 1778 1479 αὐτῆς

193 1496 300 1566 τῆς
330 1497 462 1567 ὕλης
493 1498 571 1569 τῷ
608 1497 807 1569 ἔχοντι,
843 1500 878 1572 ἥ
909 1501 1046 1572 μήτε
1074 1500 1282 1569 γεύσει,
1322 1503 1458 1572 μήτε
1489 1501 1775 1572 ὀσφρήσει,

198 1588 345 1656 μήτε
362 1591 428 1658 τῇ
457 1589 592 1660 ἀκοῇ
621 1590 841 1661 ἐνεργὸν
871 1591 1100 1659 γίνεται,
1129 1593 1162 1663 ἢ
1192 1593 1332 1645 κατά
1355 1592 1454 1664 τὴν
1481 1592 1624 1663 ἁφὴν
1650 1595 1778 1662 ὁμο-

192 1679 378 1749 τίμως
407 1681 544 1752 πρὸς
571 1684 682 1735 πᾶν
715 1684 776 1736 τὸ
803 1684 1094 1737 ἀντίτυπον
1129 1685 1274 1756 ἔχει;
1317 1684 1392 1756 μὴ
1424 1686 1530 1757 γάρ
1561 1701 1650 1754 μοι
1677 1685 1777 1755 τὴν

195 1773 267 1825 ἐκ
295 1774 738 1844 συναλλάγματος
766 1777 1131 1848 ποριζομένην
1156 1777 1362 1849 τροφὴν
1391 1776 1424 1846 ἢ
1466 1775 1775 1848 περιϐολὴν,

195 1862 280 1931 τῷ
305 1863 493 1934 χρυσῷ
526 1865 862 1936 προστιθέτω
889 1884 992 1931 τις.
1029 1868 1086 1920 '0
1109 1867 1218 1938 γάρ
1239 1868 1450 1938 χρυσίῳ
1476 1868 1566 1920 τὸν
1591 1869 1775 1938 ἄρτον,

195 1951 235 2022 ἢ
271 1951 334 2004 τὸ
367 1954 580 2024 ἱμάτιον
618 1954 1006 2027 ἀλλαξάμενος,
1032 1956 1126 2010 τοῦ
1169 1959 1444 2028 ἀχρήστου
1473 1957 1534 2010 τὸ
1567 1959 1780 2028 ἐπωφε-

197 2043 294 2106 λές
321 2044 663 2115 διημείψατο,
696 2048 790 2101 καὶ
818 2048 906 2119 ζῇ,
937 2049 1140 2121 τροφὴν
1179 2048 1357 2120 ἐαυτῷ
1383 2050 1475 2103 τὸν
1503 2050 1687 2122 ἄρτον,
1716 2051 1777 2104 ού

193 2134 294 2186 τὸν
319 2135 516 2205 χρυσὸν
555 2139 942 2210 ποιησάμενος.
980 2139 1042 2194 '0
1064 2141 1121 2193 δὲ
1148 2141 1245 2212 τὴν
1278 2140 1414 2210 ὓλην
1452 2141 1654 2212 ταύτην
1692 2140 1780 2194 διὰ

194 2226 312 2277 τῶν
339 2227 594 2280 τοιούτων
623 2229 1081 2300 συναλλαγμάτων
1106 2232 1285 2303 ἐαυτῷ
1316 2232 1656 2302 συναγαγὼν,
1698 2235 1778 2297 εἰς

195 2316 256 2368 τί
277 2317 388 2370 τῶν
411 2319 707 2390 χρημάτων
731 2321 1004 2386 ἀπώνατο,
1031 2324 1116 2386 τίς
1139 2340 1202 2390 συ
1211 2323 1416 2394 μϐουλὴ
1441 2324 1529 2378 διὰ
1550 2325 1777 2390 τούτων,

197 2406 290 2470 τίς
348 2408 668 2463 διδασκαλία
730 2413 1106 2483 πραγμάτων,
1159 2415 1288 2467 ποία
1341 2415 1436 2468 τοῦ
1498 2416 1780 2486 μέλλοντος

199 2499 540 2571 πρόρρησις;
569 2502 667 2566 Τίς
695 2502 831 2573 πρὸς
853 2503 956 2566 τὰς
982 2503 1077 2557 τοῦ
1109 2504 1356 2576 σώματος
1383 2506 1570 2570 ὀδύνας
1602 2525 1781 2579 παρα-

203 2592 406 2660 μυθίαν
444 2591 634 2663 ἐσχεν;
680 2595 1006 2666 ἠρίθμησεν,
1038 2596 1294 2661 ἀπέθετο,
1340 2597 1597 2668 σφραγίδι
1647 2616 1782 2652 κατ-

199 2685 538 2754 εσημήνατο,
573 2685 818 2755 αἰτηθεὶς
867 2687 1160 2758 ἠρνήσατο,
1202 2687 1526 2758 ἀπιστηθεὶς
1559 2689 1652 2741 καὶ
1681 2691 1783 2741 ἐπ-

199 2771 446 2842 ώμοσεν.
491 2767 664 2838 Οὗτος
694 2776 724 2827 ό
749 2777 1114 2848 μακαρισμὸς,
1143 2777 1303 2830 τοῦτο
1328 2779 1428 2849 τῆς
1465 2779 1699 2850 σπουδῆς
1723 2780 1784 2832 τὸ

202 2864 405 2935 πέρας,
445 2865 582 2938 αὕτη
613 2868 647 2938 ἡ
681 2866 1000 2931 ἀπόλαυσις,
1054 2869 1215 2940 μέχρι
1243 2868 1434 2921 τούτου
1465 2871 1498 2940 ή
1534 2870 1786 2940 εὐδαιμο-

202 2955 322 3016 νία,
352 2954 432 3020 τὸ,
465 2954 594 3026 ῦλην
614 2959 678 3026 τῇ
710 2956 964 3028 ἐπιορκία
986 2959 1332 3030 πορίσασθαι.
1371 2959 1510 3012 Ἀλλ’
1534 2959 1785 3031 ε’ύχρουν,

204 3050 368 3118 φησὶ,
398 3047 492 3101 τοῦ
536 3050 759 3120 χρυσίου
802 3050 864 3102 τὸ
896 3046 1055 3114 εἶδος.
1089 3051 1181 3122 Μὴ
1219 3053 1314 3105 καὶ¹
1353 3051 1450 3106 τοῦ
1485 3053 1654 3124 πυρὸς
1697 3055 1787 3106 εύ-

203 3139 549 3211 χροὼντερον;
593 3142 685 3213 Μὴ
724 3143 832 3196 τῶν
871 3143 1089 3214 ἄστρων
1127 3145 1648 3216 περικαλλέστερον;
1694 3146 1787 3217 Μὴ

201 3232 319 3284 ’τῶν
345 3232 579 3287 ἀκτίνων
601 3233 694 3286 τοῦ
726 3235 878 3305 ἡλίου
912 3237 1257 3306 φανὼτερον;
1287 3237 1382 3300 Τίς
1415 3238 1444 3288 ὁ
1474 3237 1698 3290 κωλύων
1729 3255 1788 3291 σε

202 3322 310 3391 τῆς
341 3321 694 3386 ἀπολαύσεως
719 3324 944 3394 ταύτης,
976 3322 1118 3378 ὥστε
1155 3341 1237 3378 σοι
1264 3326 1510 3396 ἀνάγκην
1539 3321 1676 3380 εἶναι
1701 3327 1790 3380 διά

203 3414 311 3484 τῆς
355 3414 608 3484 εύχροίας
643 3415 736 3468 τοῦ
786 3418 990 3489 χρυσοῦ
1034 3417 1104 3471 τὰ
1153 3419 1250 3488 τῆς
1297 3419 1490 3489 ἡδονῆς
1541 3419 1790 3490 πορίζειν

204 3508 332 3568 ταῖς
362 3505 578 3574 δψεσινς
620 3507 780 3560 Ἀλλά
819 3509 1122 3574 σϐέννυται,
1172 3510 1326 3579 φησι,
1360 3510 1420 3562 τὸ
1464 3509 1596 3581 πῦρ,
1638 3511 1733 3563 καὶ
1764 3513 1794 3564 ό

204 3597 366 3666 ⁴ἣλιος
394 3597 601 3663 δύεται,
623 3601 717 3653 καὶ
742 3601 803 3653 οὐ
832 3601 1042 3671 διαρκεῖ
1063 3602 1161 3671 τῆς
1185 3600 1526 3672 λαμπηδόνος
1551 3603 1583 3670 ἡ
1610 3602 1791 3670 χάρις.

209 3690 322 3742 Τοῦ
362 3689 420 3742 δὲ
449 3690 652 3762 χρυσοῦ
683 3691 786 3754 τίς,
813 3693 932 3745 εἰπέ
964 3709 1076 3763 μοι,
1099 3693 1187 3746 διά
1205 3692 1299 3746 τοῦ
1329 3693 1558 3755 σκότους
1583 3693 1796 3764 παραλ-

207 3780 356 3852 λαγὴ
379 3782 517 3853 πρὸς
545 3783 636 3837 τὸν
662 3783 943 3852 μό).ιὸδον;
987 3784 1125 3837 Ἀλλ’
1153 3785 1252 3838 ούκ
1279 3783 1367 3848 ἂν,
1393 3786 1578 3856 φησιν,
1611 3785 1675 3837 ἐκ
1700 3785 1793 3838 τοῦ

209 3873 407 3943 πυρὸς,
433 3874 468 3943 ἢ
496 3872 605 3926 τῶν
649 3874 865 3945 ἄστρων
893 3875 1107 3943 γένοιτο
1137 3876 1269 3945 ἡμῖν
1307 3874 1476 3946 δέρρα
1515 3877 1609 3928 καὶ
1641 3892 1796 3946 περι-

207 3965 385 4032 δέξια,
439 3966 536 4020 καὶ
583 3967 813 4037 πόρπαι,
863 3967 958 4020 καὶ
996 3967 1184 4031 ζῶναι,
1238 3969 1334 4020 καὶ
1381 3968 1663 4038 μανιάκαι,
1704 3970 1797 4022 καὶ

211 4059 493 4124 στέφανοι,
548 4058 644 4111 καὶ
690 4059 761 4112 τά
802 4058 1062 4112 τοιαῦτα·
1107 4059 1136 4111 ὁ
1181 4058 1238 4111 δέ
1274 4058 1473 4130 χρυσὸς
1515 4059 1690 4113 ταῦτά
1735 4077 1796 4114 τε

210 4151 380 4211 ποιεῖ,
393 4147 617 4202 καὶεῐτι
639 4148 766 4201 ἄλλο
786 4148 920 4218 πρὸς
935 4148 1138 4218 κόσμον
1159 4147 1560 4220 ἐπιτηδεύεται.
1580 4150 1795 4218 Ἥγαγε

211 4241 358 4312 πρὸς
390 4241 450 4294 τὸ
476 4241 769 4310 κεφάλαιον
795 4241 893 4311 τῆς
920 4242 1274 4311 ματαιότητος
1331 4241 1570 4313 σπουδὴν
1594 4244 1629 4312 ἡ
1659 4259 1790 4294 συν-

211 4332 418 4404 ηγορία
457 4333 556 4404 τῆς
590 4331 744 4404 ὕλης.
789 4332 932 4386 Αύτδ
965 4333 1074 4404 γὰρ
1115 4333 1273 4386 τοῦτο
1320 4333 1458 4402 πρὸς
1483 4334 1681 4396 αὐτοὺς
1721 4334 1797 4387 εἴ·

1874 504 2064 562 adesse
2092 507 2424 568 hominibus,
2452 507 2496 561 si
2534 507 2590 561 in
2621 511 2830 562 summa
2865 509 3023 578 copia
3050 509 3295 578 pecuniae
3324 526 3441 564 ma-

1875 599 2012 651 teria
2044 597 2211 652 libere
2248 597 2504 653 omnibus
2537 597 2922 666 proluudatur.
2957 597 3089 653 Nam
3125 615 3274 653 nunc
3304 616 3446 670 quo-

1875 703 1982 757 que
2012 687 2132 743 licet
2157 686 2344 742 videre
2386 687 2590 742 mullos
2612 704 2677 742 ex
2704 689 2789 753 iis,
2815 690 2906 759 qui
2944 689 3213 758 ejusmodi
3252 702 3447 760 praeter

1875 786 2104 834 caeteros
2123 778 2406 834 abundant
2436 778 2815 842 facultatibus,
2859 782 3040 836 vivere
3075 796 3308 850 corpore
3340 785 3448 838 mi-

1876 867 2120 934 serabili,
2145 868 2344 937 quibus
2385 869 2493 924 nisi
2544 869 2797 924 adessent
2847 871 2938 940 qui
3001 886 3095 926 eos
3154 881 3446 937 curarent,

1876 959 2081 1028 absque
2113 959 2182 1013 iis
2209 975 2316 1014 non
2356 969 2581 1030 possent
2619 962 2818 1016 vivere.
2855 961 2911 1015 Si
2962 978 3094 1032 ergo
3122 979 3242 1033 qua:
3287 964 3449 1022 nobis

1876 1067 1941 1107 ex
1975 1053 2260 1123 hypothesi
2297 1055 2578 1124 proposita
2617 1063 2703 1109 est
2749 1054 2804 1108 in
2837 1055 3068 1110 dicendo
3109 1056 3230 1110 auri
3267 1057 3448 1126 copia,

1876 1145 2054 1212 neque
2087 1146 2327 1214 corpori,
2361 1161 2540 1215 neque
2577 1146 2772 1201 animm
2821 1146 2990 1200 ullum
3032 1146 3187 1200 all‘ert
3236 1147 3448 1202 lucrum

1875 1243 1970 1289 aut
2017 1236 2398 1292 commodum:
2443 1237 2614 1292 multo
2655 1237 2829 1308 magis
2862 1238 2982 1307 ejus
3036 1238 3309 1293 modicum
3344 1254 3452 1293 ar-

1877 1329 2062 1398 guitur
2099 1345 2224 1385 esse
2253 1330 2468 1392 inutile,
2523 1340 2582 1384 ut
2616 1329 2876 1401 prodesse
2923 1331 3097 1400 possit
3145 1331 3213 1386 iis
3265 1332 3358 1402 qui
3392 1331 3448 1386 id

1877 1422 2102 1477 habent.
2140 1422 2279 1490 Quid
2304 1425 2447 1479 enim
2484 1439 2547 1478 ex
2591 1424 2691 1478 hac
2719 1424 2948 1479 materia
2980 1423 3158 1479 redire
3185 1434 3362 1493 potest
3381 1424 3449 1478 ad

1876 1529 2002 1569 eum
2035 1515 2129 1584 qui
2165 1517 2335 1589 ipsam
2376 1515 2560 1581 habet,
2597 1532 2718 1585 qitae
2765 1532 2944 1585 neque
2969 1517 3026 1571 in
3071 1526 3316 1586 gustum,
3357 1531 3452 1572 ne-

1877 1621 1986 1677 que
2015 1608 2071 1661 in
2099 1606 2411 1667 odoratum,
2451 1624 2628 1678 neque
2661 1609 2712 1662 in
2749 1609 2994 1663 auditum
3020 1609 3225 1678 aliquid
3263 1624 3454 1678 opera-

1880 1706 1991 1760 tur,
2017 1715 2140 1768 quae
2164 1700 2329 1755 etiam
2365 1701 2419 1753 in
2451 1701 2682 1769 quodvis
2705 1701 2850 1770 quod
2873 1701 3082 1755 resistit
3109 1700 3360 1755 similiter
3392 1716 3453 1756 se

1886 1785 2068 1849 habet,
2093 1774 2236 1856 quod
2268 1787 2333 1841 ad
2358 1795 2563 1842 tactum
2593 1789 2834 1844 attinet?
2876 1788 3010 1842 Nam
3041 1791 3186 1860 quod
3215 1805 3282 1844 ex
3319 1805 3456 1844 con~-

1885 1885 2060 1932 tractu
2110 1890 2335 1948 paratur
2396 1879 2716 1935 alimentum
2771 1889 2865 1934 aut
2897 1881 3300 1950 vestimentum,
3321 1897 3456 1936 auro

1885 1985 2046 2025 nemo
2076 1972 2337 2026 ascribat.
2389 1973 2493 2038 Qui
2532 1974 2677 2027 enim
2710 1988 2846 2028 auro
2895 1989 3087 2044 panem
3120 1983 3214 2028 aut
3248 1979 3453 2029 vestem

1885 2062 2232 2132 permutavit,
2262 2071 2320 2117 ut
2343 2065 2510 2127 vivat,
2557 2065 2706 2120 dedit
2741 2065 2873 2119 utile
2910 2081 3009 2135 pro
3043 2067 3243 2131 inutili,
3279 2067 3457 2136 utqui

1887 2167 2227 2222 panem,non
2267 2170 2461 2210 aurum
2497 2171 2596 2225 pro
2643 2157 2980 2211 nutrimento
3027 2157 3134 2212 sibi
3171 2159 3456 2214 asciverit.

1886 2242 1988 2308 Qui
2021 2249 2201 2298 autem
2233 2259 2329 2313 per
2353 2245 2622 2313 ejusmodi
2664 2256 2981 2302 contractus
3018 2246 3159 2301 hanc
3191 2248 3294 2302 sibi
3343 2247 3460 2302 colo

1885 2335 2015 2404 legit
2039 2339 2342 2398 materiam,
2373 2337 2438 2390 ad
2470 2353 2765 2408 quamnam
2801 2354 2917 2393 rem
2963 2355 3027 2394 ea
3074 2341 3266 2402 utitur,
3312 2340 3462 2410 quod

1886 2427 2178 2482 consilium
2228 2443 2293 2482 ex
2329 2428 2476 2492 istis,
2517 2444 2639 2498 qua:
2677 2427 3003 2483 documenta
3043 2429 3287 2500 depromi
3334 2447 3464 2500 pos-

1889 2525 2017 2572 sunt
2049 2517 2116 2570 ad
2149 2533 2239 2572 res
2271 2518 2571 2588 gerendas,
2611 2533 2872 2588 quaenam
2910 2517 3081 2573 futuri
3140 2520 3465 2589 prmlictio?

1888 2608 2023 2676 Quis
2063 2625 2128 2664 ex
2154 2625 2217 2664 ea
2245 2611 2512 2666 adversus
2549 2609 2769 2665 dolores
2819 2611 3070 2680 corporis
3099 2612 3288 2667 habuit
3329 2613 3465 2667 sola-

1889 2702 2026 2754 tium
2047 2701 2070 2754 ?
2090 2699 2426 2764 Numeravit,
2459 2700 2730 2770 reposuit,
2767 2699 2946 2770 sigillo
2978 2701 3306 2772 obsignavit,
3337 2719 3464 2757 cum

1891 2791 1960 2845 ab
1989 2805 2054 2845 eo
2083 2798 2374 2860 peteretur,
2407 2789 2643 2859 negavit.
2667 2799 2723 2843 et
2750 2803 2876 2842 cum
2905 2789 2955 2842 ei
2985 2789 3116 2845 lides
3155 2806 3264 2844 non
3294 2791 3464 2845 habe-

1891 2888 2064 2947 retur,
2090 2881 2254 2935 etiam
2288 2880 2571 2949 pejeravit.
2627 2878 2750 2934 llaec
2782 2886 2867 2935 est
2899 2881 3204 2947 beatitudo,
3254 2881 3344 2936 hic
3379 2889 3466 2938 est

1894 2971 2017 3026 linis
2047 2971 2168 3040 ejus
2201 2971 2346 3040 quod
2391 2971 2443 3023 in
2476 2984 2538 3023 ea
2592 2969 2814 3039 ponitur
2857 2970 3044 3037 studii,
3090 2971 3180 3026 hic
3229 2971 3463 3034 fructus,

1893 3063 2000 3117 huc
2029 3077 2204 3132 usque
2239 3060 2486 3132 procedit
2518 3059 2771 3124 felicitas,
2803 3067 2861 3114 ut
2893 3061 3179 3116 materiam
3227 3062 3468 3132 praebeat

1892 3153 2155 3224 perjurio.
2198 3153 2269 3206 At
2314 3152 2529 3222 pulchri
2557 3152 2786 3214 coloris,
2827 3152 3028 3222 inquit,
3073 3161 3156 3207 est
3183 3154 3302 3208 auri
3339 3169 3456 3224 spe-

1891 3247 2024 3300 cies.
2065 3244 2200 3297 Num
2225 3252 2310 3298 est
2331 3244 2495 3298 etiam
2522 3244 2724 3297 coloris
2747 3244 3076 3311 pulchrioris
3103 3261 3264 3314 quam
3293 3246 3470 3316 ignis?

1891 3334 2034 3389 Num
2069 3335 2244 3390 stellis
2269 3341 2354 3389 est
2381 3333 2724 3403 speciosior?
2752 3331 2892 3386 Num
2920 3332 3092 3389 radiis
3115 3334 3248 3388 solis
3286 3336 3469 3403 splen-

1892 3427 2114 3483 didior?
2149 3424 2285 3491 Quis
2309 3433 2393 3480 est
2429 3425 2520 3494 qui
2553 3434 2700 3479 vetat
2740 3439 2851 3495 quo
2891 3424 3072 3478 minus
3111 3424 3196 3479 his
3243 3424 3466 3488 fruaris,

1896 3526 1956 3571 ut
1987 3516 2085 3572 tibi
2119 3530 2348 3571 necesse
2389 3515 2462 3569 sit
2493 3530 2591 3584 per
2625 3515 2746 3568 auri
2796 3514 3032 3584 speciem
3069 3514 3245 3570 oculis
3275 3530 3471 3584 parare

1893 3610 2274 3680 voluptatem?
2300 3608 2368 3660 At
2399 3607 2564 3676 ignis,
2610 3606 2811 3675 inquit,
2856 3606 3250 3676 exstinguitur,
3282 3614 3336 3662 et
3387 3608 3471 3661 sol

1894 3700 2113 3764 occidit,
2161 3714 2263 3754 nec
2300 3698 2562 3769 perennis
2597 3698 2764 3752 decor
2793 3697 2915 3767 ejus
2963 3697 3294 3766 splendoris.
3327 3698 3470 3763 Quid

1895 3799 2100 3854 autem,
2153 3788 2262 3854 die,
2326 3804 2534 3858 quaeso,
2594 3795 2841 3857 tempore
2888 3787 3238 3842 tenebrarum
3290 3787 3474 3843 dill‘ert

1896 3896 2090 3936 aurum
2119 3895 2149 3934 a
2178 3881 2447 3951 plumbo?
2478 3881 2547 3932 At
2570 3894 2637 3934 ex
2667 3879 2813 3949 igne,
2845 3879 3046 3948 inquit,
3077 3880 3160 3934 vel
3193 3895 3262 3934 ex
3294 3879 3472 3934 stellis

1897 3973 2012 4027 lleri
2043 3987 2154 4026 non
2187 3979 2417 4040 possunt
2455 3970 2616 4024 nobis
2649 3969 2896 4033 monilia,
2931 3985 3104 4033 zonae,
3129 3979 3378 4039 torques,
3418 3979 3476 4025 et

1896 4078 2136 4125 coronae,
2167 4071 2221 4116 et
2258 4077 2383 4131 quat
2415 4067 2544 4115 sunt
2567 4058 2840 4128 ejusmodi
2867 4077 2880 4114 :
2917 4074 3113 4113 aurum
3144 4069 3326 4114 autem
3360 4061 3476 4116 haec

1897 4151 2083 4215 ellieit,
2122 4160 2176 4206 et
2198 4152 2244 4205 si
2275 4148 2417 4218 quid
2441 4155 2668 4218 paratur
2692 4147 2759 4202 ad
2781 4156 3056 4203 ornatum.
3083 4147 3162 4200 Ad
3195 4163 3470 4202 summum

1897 4242 2140 4298 studium
2175 4239 2434 4294 vanitatis
2455 4238 2682 4293 deduxit
2704 4237 2822 4292 auri
2854 4238 3120 4292 defensio.
3154 4237 3267 4293 Hoc
3295 4240 3475 4307 ipsum

1896 4335 2040 4391 enim
2069 4333 2148 4388 eis
2183 4332 2411 4387 dixerim
2445 4329 2750 4397 :Quidnam
2801 4330 2904 4385 sibi
2952 4332 3064 4384 vult
3109 4339 3164 4386 et
3199 4331 3342 4400 quod
3390 4335 3476 4385 est

212 4440 381 4493 ποιμι
406 4423 494 4477 ἀν·
535 4425 680 4478 ’Δντὶ
700 4424 866 4479 τίνων
900 4423 1190 4490 σπουδάζει
1219 4427 1249 4478 ὁ
1276 4424 1466 4497 χρυσῷ
1491 4424 1590 4496 τὴν
1619 4426 1786 4496 κόμηι

1902 4425 2023 4494 ejus
2045 4423 2307 4488 studium,
2339 4422 2432 4491 qui
2461 4431 2617 4476 curat
2659 4431 2719 4475 ut
2764 4437 2899 4476 auro
2932 4437 3087 4475 coma
3148 4423 3336 4488 niteat,
3381 4431 3477 4476 aut

210 4515 606 4586 περιανθίζων,
657 4516 691 4588 ἢ
727 4517 835 4570 τῶν
877 4515 1031 4570 ὢτων
1060 4517 1309 4582 ἐξάπτων
1351 4517 1422 4572 τά
1451 4519 1796 4589 περικοσμή-

215 4623 390 4677 ματα,
424 4605 460 4677 ἢ
493 4607 592 4678 τὴν
632 4607 795 4679 δέρην
835 4609 1174 4680 περιϐάλλων
1204 4611 1315 4672 τοῖς
1347 4609 1793 4680 περιτραχηλίοις

212 4698 494 4770 χλιδῶσιν,
529 4699 562 4769 ἢ
598 4701 658 4751 ἐν
688 4699 832 4770 ἄλλῳ
858 4702 968 4753 τινὶ
997 4700 1176 4770 φέρων
1213 4700 1366 4771 μέρει
1412 4695 1504 4753 τοῦ
1545 4699 1796 4770 σώματος

210 4791 417 4863 χρυσὸν
445 4789 855 4862 προδείκνυσιν;
887 4791 1167 4864 Ὄπουπερ
1196 4791 1262 4844 ἂν
1299 4791 1450 4862 τύχοι
1496 4792 1797 4863 προϐεϐλη-

215 4884 381 4954 μένος
407 4881 502 4935 τοῦ
530 4881 798 4952 σώματος,
837 4883 988 4937 οὐδὲν
1013 4885 1176 4949 αὐτὸς
1205 4884 1339 4956 πρὸς
1371 4886 1471 4954 τὴν
1498 4886 1671 4956 αὐγὴν
1701 4883 1794 4938 τοῦ

212 4973 442 5045 χρυσίου
476 4973 1014 5045 μεταμορφούμενοςο
1064 4976 1123 5028 '0
1153 4976 1262 5046 γὰρ
1302 4976 1437 5047 πρὸς
1479 4979 1571 5030 τὸν
1601 4994 1796 5048 χρυσο-

212 5063 492 5134 φοροῦντα
539 5063 774 5134 βλέπων,
802 5064 895 5118 τὸν
929 5065 1027 5136 μὲν
1061 5066 1260 5136 χρυσὸν
1287 5066 1459 5130 οὕτως
1485 5069 1606 5139 ὁρᾷ,
1638 5068 1713 5131 ὡς
1747 5069 1796 5120 εί

211 5157 372 5226 τύχοι
415 5157 510 5210 καὶ
558 5158 616 5209 ἐν
659 5159 770 5221 τοῖς
808 5158 1132 5230 πρατηρίοις
1176 5158 1570 5229 προκείμενοςο
1616 5160 1709 5212 τὸν
1739 5158 1796 5210 δὲ

214 5245 490 5314 φοροῦντα
515 5239 626 5310 οἶός
652 5263 714 5298 τε
747 5246 956 5315 πέφυκε
987 5247 1224 5301 τοιοῦτον
1252 5247 1460 5318 βλέπει.
1494 5248 1614 5302 Κᾶν
1642 5249 1798 5318 εύερ·

213 5338 314 5406 γές
343 5354 403 5389 τε
443 5338 538 5391 καὶ
562 5338 855 5408 διάγλυφον
882 5335 916 5411 ᾖ
946 5339 1007 5392 τὸ
1035 5340 1279 5410 χρυσίον,
1314 5340 1417 5394 κᾶν
1445 5339 1541 5404 τὰς
1569 5340 1797 5411 χλοεράς

214 5430 254 5501 ἢ
308 5433 610 5501 πυραυγεῖς
661 5432 901 5502 ψηφίδας
939 5434 998 5486 ἐν
1049 5433 1226 5504 ἐαυτῷ
1279 5433 1589 5504 περιείργῃ,
1644 5434 1799 5488 οὐδὲν

219 5520 424 5589 μᾶλλον
465 5519 718 5590 αἴσθησίν
762 5538 884 5574 τινα
935 5521 1042 5575 τῶν
1097 5522 1584 5594 παρακειμένωνὴ
1635 5522 1798 5590 φύσις

220 5611 471 5680 ἐδέξατοο
525 5612 641 5666 ἀλλ’
691 5615 744 5668 εί
782 5631 844 5667 τε
873 5613 1020 5686 λώϐη
1065 5633 1149 5678 τις
1178 5614 1263 5687 εἴη
1312 5615 1443 5686 περὶ
1485 5615 1582 5678 τὰς
1621 5614 1795 5684 ὄψεις,

219 5705 340 5762 εἴτε
367 5721 423 5760 τι
453 5705 630 5760 λείποι
673 5706 778 5760 τῶν
807 5705 946 5761 κατά
977 5706 1156 5775 φύσιν,
1189 5707 1224 5777 ἢ
1265 5705 1543 5777 ὀφθαλμοῦ
1574 5707 1798 5778 ἐκρυέν-

1899 4517 1991 4586 qui
2023 4515 2253 4569 auribus
2273 4514 2530 4583 appendit
2554 4521 2903 4576 ornamenta,
2931 4521 3025 4566 aut
3051 4517 3142 4582 qui
3176 4513 3474 4567 lnxurianti

1900 4615 2094 4676 torque
2121 4605 2322 4659 collum
2346 4604 2675 4669 circumdat,
2696 4611 2791 4657 aut
2822 4619 2880 4659 se
2916 4603 2967 4656 in
2996 4603 3178 4673 aliqua
3200 4603 3307 4656 alia
3323 4613 3475 4673 parte

1898 4697 2145 4764 corporis
2175 4710 2371 4749 aurum
2402 4694 2583 4748 ferens
2615 4692 2882 4749 ostendit?
2934 4693 3260 4764 Ubicunque
3287 4694 3338 4748 id
3363 4693 3477 4749 l‘ue-

1899 4789 1971 4842 rit
1991 4789 2155 4842 sitnm
2181 4787 2236 4840 in
2268 4799 2520 4855 corpore,
2556 4786 2672 4855 ipse
2692 4787 2760 4840 ab
2784 4786 2903 4840 auri
2940 4785 3230 4856 splendore
3251 4786 3475 4841 minime

1897 4879 2342 4935 transformatur.
2383 4877 2488 4943 Qui
2515 4877 2663 4932 enim
2701 4877 2951 4932 intuetur
2991 4893 3114 4932 eum
3149 4877 3243 4948 qui
3275 4893 3470 4932 aurum

1897 4979 2094 5043 gestat,
2119 4985 2311 5025 revera
2341 4971 2561 5039 quidem
2613 4984 2807 5024 aurum
2852 4970 3022 5034 videt,
3071 4970 3293 5039 perinde
3325 4985 3389 5024 ac
3423 4970 3472 5025 si

1899 5067 1973 5122 sit
2002 5063 2348 5135 propositum
2376 5061 2566 5114 venale
2593 5079 2606 5114 :
2637 5076 2760 5114 enm
2815 5070 2995 5114 autem
3024 5062 3117 5130 qui
3148 5061 3200 5114 id
3251 5070 3424 5131 gestat
3450 5100 3467 5123 ,

1899 5158 2059 5212 talem
2088 5156 2266 5225 qualis
2311 5163 2396 5208 est
2453 5160 2647 5206 natura
2687 5153 2907 5220 aspicit.
2958 5150 3188 5207 Etiamsi
3243 5152 3474 5222 pulchre

1897 5249 2234 5305 elaboratum
2261 5253 2316 5301 et
2343 5247 2592 5300 caelatum
2629 5245 2701 5298 sit
2737 5259 2927 5298 aurum
2954 5287 2968 5307 ,
3002 5243 3216 5298 etiamsi
3261 5243 3467 5300 virides

1898 5349 1994 5396 aut
2025 5341 2168 5411 ignis
2193 5339 2368 5393 instar
2391 5336 2690 5390 candentes
2719 5350 2962 5406 gemmas
2991 5334 3044 5387 in
3074 5348 3134 5388 se
3168 5334 3469 5398 contineat,

1899 5433 2070 5488 nihilo
2112 5432 2283 5501 magis
2323 5429 2534 5498 accepit
2567 5437 2766 5482 natura
2817 5441 3039 5481 sensum
3089 5439 3281 5478 eorum
3347 5439 3472 5494 quae

1900 5532 2030 5579 sunt
2067 5521 2315 5590 adjecta:
2355 5518 2450 5574 sed
2480 5519 2596 5573 sive
2622 5517 2816 5571 morbo
2843 5517 3029 5585 aliquo
3054 5515 3264 5570 laborat
3288 5515 3470 5581 visus,

1901 5617 2014 5671 sive
2037 5613 2238 5684 aliquid
2263 5612 2444 5666 delieit
2462 5626 2649 5666 eorum
2674 5626 2796 5680 qua:
2822 5618 2950 5664 sunt
2973 5609 3274 5665 secundum
3298 5617 3464 5662 uatu-

1903 5722 2040 5772 I'urn,
2072 5714 2256 5776 utpote
2283 5703 2428 5776 quod
2461 5703 2546 5758 vel
2569 5703 2772 5759 oculus
2796 5701 3088 5767 emuxerit,
3122 5701 3204 5756 vel
3240 5715 3378 5773 gena
3406 5699 3477 5755 in
