3870 6220
430 269 532 327 671

1626 283 1684 339 S.
1727 281 2053 340 GREGORII
2092 281 2385 338 NYSSENI

3592 283 3710 338 672

428 391 690 445 cicatrice
725 392 955 464 turpiter
977 405 1168 451 cavata
1201 397 1388 465 fuerit,
1419 409 1604 456 manet
1634 404 1919 472 turpitudo
1951 406 1985 459 il

2108 422 2219 468 τος,
2255 407 2287 474 ἢ
2321 403 2553 474 παρειᾶς
2586 400 2839 474 εἰδεχθῶς
2861 403 2920 456 ὲν
2951 403 3080 476 ούλῇ
3109 401 3502 471 κοιλανθείσης,
3539 402 3707 472 μένει

428 496 496 536 eo
521 484 666 552 quod
699 498 948 554 apparet,
991 491 1109 545 auri
1152 490 1362 560 fulgore
1403 492 1629 549 minime
1663 495 1958 550 obscurata
1989 517 2003 552 :

427 582 485 629 et
510 575 558 629 si
587 590 788 646 corpus
810 577 1000 635 dolore
1028 583 1215 652 aliquo
1241 583 1408 639 fuerit
1425 585 1703 655 allectum,
1737 589 2005 643 laboranti

431 664 568 717 nihil
599 667 780 721 solatii
812 668 971 723 affert
997 674 1116 725 auri
1153 674 1384 728 materia

499 869 658 936 Quod
701 887 832 941 ergo
872 888 1049 942 neque
1088 873 1154 927 ad
1197 877 1695 944 pulchritudinem,
1724 891 1902 950 neque
1937 881 2002 933 ad

431 963 628 1017 bonum
660 966 914 1030 corporis
951 966 1332 1022 habitudinem
1357 1010 1372 1035 ,
1411 983 1590 1041 neque
1630 972 1699 1026 ad
1741 974 2005 1029 levandos

428 1055 648 1110 dolores
669 1096 684 1119 ,
721 1059 787 1114 iis
813 1059 902 1127 qui
938 1059 1058 1127 ejus
1089 1061 1272 1114 studio
1303 1071 1579 1130 tenentur,
1611 1065 1768 1120 affert
1795 1068 2004 1136 aliquid

430 1147 562 1199 utile
583 1186 598 1210 ,
629 1161 730 1201 cur
757 1157 912 1203 tanto
939 1153 1124 1206 studio
1152 1154 1420 1222 qua-ritur
1445 1173 1459 1222 ;
1489 1167 1542 1209 et
1571 1158 1845 1227 quomodo
1875 1167 2004 1214 sunt

428 1236 612 1293 aﬂ'ecti
653 1241 688 1294 ii
722 1256 958 1310 quorum
995 1259 1094 1298 cor
1123 1246 1177 1299 in
1213 1247 1314 1300 hac
1349 1250 1693 1306 contabescit
1737 1253 2001 1317 materia,

427 1347 555 1385 cum
591 1334 646 1387 in
681 1336 802 1389 auri
840 1340 1190 1406 possessione
1224 1341 1341 1410 ipsa
1366 1356 1462 1398 eos
1495 1349 1693 1413 arguat
1719 1347 2005 1399 conscien-

425 1421 503 1474 tia
528 1461 543 1486 ,
583 1425 730 1493 quod
770 1441 837 1480 ex
871 1443 934 1481 ea
970 1429 1076 1483 sibi
1114 1433 1436 1498 promittant
1475 1447 1734 1504 magnum
1775 1435 1998 1504 aliquod

425 1516 906 1573 emolumentum?
936 1522 994 1574 Si
1025 1525 1149 1590 quis
1179 1540 1311 1594 ergo
1350 1541 1446 1580 eos
1482 1535 1637 1597 roget
1658 1567 1673 1590 ,
1713 1535 1770 1580 ut
1800 1567 1814 1589 ,
1859 1529 1902 1583 si
1945 1529 1999 1582 in

423 1605 562 1658 illud
592 1606 761 1662 velint
795 1623 952 1663 suam
985 1615 1186 1667 mutari
1216 1627 1503 1681 naturam,
1535 1630 1591 1672 et
1624 1619 1676 1673 id
1710 1617 1823 1673 fieri
1853 1620 1998 1689 quod

425 1705 712 1768 tantopere
756 1711 1057 1772 expetunt,
1105 1716 1161 1762 et
1207 1711 1260 1762 in
1309 1718 1464 1764 tanto
1511 1712 1710 1767 habent
1758 1714 1996 1776 honore,

425 1793 616 1855 petant
655 1805 774 1846 eam
817 1797 1208 1862 mutationem,
1257 1811 1312 1855 ut
1347 1817 1412 1855 ex
1451 1803 1765 1859 hominibus
1806 1807 1859 1860 in
1894 1821 1993 1859 an-

420 1891 542 1932 rum
581 1888 832 1937 transeat
863 1900 1054 1941 eorum
1096 1898 1292 1943 natura
1317 1932 1332 1957 ,
1372 1901 1426 1947 et
1463 1909 1570 1948 non
1612 1899 1721 1951 sint
1759 1899 1992 1966 amplius

421 1970 634 2027 ratione
666 1983 720 2030 et
758 1977 1115 2048 intelligentia
1153 1983 1401 2052 praediti,
1435 1993 1489 2040 et
1521 1987 1587 2041 ad
1624 1989 1792 2042 vitam
1832 1999 1992 2045 uten-

420 2071 504 2117 tes
533 2066 811 2132 sensibus,
845 2069 939 2123 sed
970 2073 1191 2140 pallidi,
1219 2087 1438 2145 graves,
1473 2090 1524 2133 et
1551 2090 1685 2136 vo¢e
1711 2092 1988 2148 carentes,

420 2154 761 2226 inanimique
793 2169 847 2213 et
873 2161 1188 2230 insensiles,
1221 2183 1343 2236 qtue
1366 2179 1452 2224 est
1478 2173 1598 2225 auri
1625 2181 1854 2241 natura;
1883 2191 1989 2230 non

414 2245 674 2301 existimo
727 2250 782 2304 id
836 2267 960 2308 esse
997 2255 1312 2322 electuros,
1359 2277 1461 2316 nec
1499 2278 1595 2318 eos
1635 2267 1856 2335 quidem
1896 2269 1991 2338 qui

415 2339 816 2395 contabescunt
853 2346 1167 2402 vehementi
1203 2353 1324 2406 auri
1359 2353 1660 2410 desiderio.
1697 2358 1753 2412 Si
1788 2375 1920 2430 ergo
1955 2361 1991 2415 ii

415 2428 511 2496 qni
543 2440 673 2485 sunt
705 2449 852 2490 sanae
885 2442 1086 2495 mentis
1120 2453 1479 2500 exsecrantur
1513 2457 1568 2502 et
1600 2428 1993 2507 abominantur

416 2517 620 2576 habere
675 2528 1041 2596 proprietates
1091 2533 1351 2592 inanimae
1405 2542 1680 2606 materiae,
1738 2559 1989 2614 quaenam

415 2621 722 2668 esteorum
766 2628 979 2676 ratione
1010 2624 1172 2693 ptime
1206 2643 1403 2685 carens
1438 2631 1491 2686 in
1530 2633 1598 2688 iis
1636 2637 1991 2705 acquirendis

413 2701 628 2760 insania
648 2748 664 2773 ,
689 2724 922 2778 quorum
955 2712 1077 2770 finis
1105 2725 1190 2772 est
1214 2721 1460 2786 vanitas,
1492 2733 1551 2778 ut
1579 2733 1632 2780 et
1655 2729 1833 2783 caules
1859 2744 1988 2799 pro-

412 2801 600 2863 pterea
634 2798 847 2866 facere,
884 2811 938 2858 et
969 2805 1321 2864 latrocinium
1356 2829 1614 2871 exercere
1646 2819 1883 2874 audeant
1913 2823 1988 2888 ii,

411 2887 506 2954 qui
546 2892 792 2956 pecuniae
833 2893 1028 2950 insana
1070 2899 1326 2958 laborant
1365 2907 1518 2961 rabie
1544 2908 1569 2960 ?
1603 2907 1714 2964 Nec
1753 2913 1857 2966 hoc
1897 2930 1990 2966 so-

411 2976 523 3031 lum
546 3019 560 3042 ,
594 2983 688 3036 sed
714 2986 878 3040 etiam
908 2988 1215 3058 improbum
1249 2994 1454 3052 fenoris
1487 2999 1768 3056 inventum
1794 3045 1808 3067 ,
1841 3006 1986 3072 quod

409 3071 504 3138 qui
541 3072 689 3127 aliud
723 3079 1076 3136 latrocinium
1111 3094 1165 3139 et
1195 3088 1548 3154 parricidium
1580 3071 1984 3160 nominaverit,
2013 3107 2056 3163 C

409 3176 518 3216 non
544 3167 732 3233 procul
754 3170 822 3223 ab
838 3186 903 3225 eo
922 3173 1068 3242 quod
1089 3174 1269 3241 decet,
1290 3179 1647 3237 aberraverit.
1670 3185 1813 3251 Quid
1839 3189 1982 3242 enim

407 3252 573 3308 refert
602 3272 668 3310 an
692 3260 1004 3316 clanculum
1036 3267 1307 3334 perfossis
1330 3274 1501 3328 muris
1530 3277 1804 3345 praedonis
1837 3296 1986 3337 more

409 3347 588 3400 aliena
623 3348 856 3412 habeas.
879 3363 933 3409 et
960 3363 1346 3430 praetereuntis
1372 3365 1519 3420 caede
1556 3377 1607 3422 te
1639 3384 1828 3424 eorum
1862 3388 1985 3442 quae

407 3434 649 3492 habebat
683 3440 966 3500 dominum
1002 3452 1314 3508 constituas
1345 3473 1357 3508 :
1392 3471 1460 3510 an
1491 3456 1701 3516 fenoris
1737 3467 1984 3520 necessi-

407 3531 522 3583 tate
560 3536 818 3604 acquiras
854 3554 916 3594 ea
957 3557 1082 3611 qua:
1115 3546 1183 3598 ad
1218 3553 1270 3599 te
1304 3562 1411 3600 non
1442 3551 1759 3617 pertinent?
1789 3553 1834 3609 Ο
1865 3573 1985 3611 ma-

406 3619 516 3674 lum
551 3627 894 3695 vocabulum,
928 3631 1087 3688 fenus
1118 3633 1175 3688 fit
1206 3652 1406 3692 nomen
1436 3639 1745 3698 latrocinii!
1771 3660 1804 3700 ο
1827 3662 1982 3702 acer-

406 3712 506 3768 bas
545 3719 766 3787 nuptias
799 3722 812 3774 ι
853 3736 888 3777 ο
925 3725 1230 3796 improbam
1271 3730 1716 3800 conjunctionem
1749 3783 1762 3801 ,
1816 3756 1981 3810 quam

402 3813 599 3861 natura
658 3813 878 3879 quidem
935 3832 1042 3872 non
1097 3823 1391 3889 cognovit,
1457 3841 1748 3883 avarorum
1800 3843 1980 3888 autem

402 3897 630 3954 morbus
672 3901 814 3957 inter
853 3908 1092 3962 inanima
1136 3911 1451 3968 innovavit!
1479 3915 1522 3970 Ο
1553 3934 1748 3988 graves
1777 3931 1831 3978 et
1867 3941 1982 3978 mo-

403 3989 574 4045 lestos
601 4005 904 4065 conceptus
924 4037 939 4062 ,
965 4015 1029 4054 ex
1056 4004 1260 4071 quibus
1288 4005 1558 4073 ejusmodi
1588 4011 1730 4067 fetus
1757 4014 1982 4086 (nempe

405 4078 597 4149 fenus)
624 4089 933 4147 enascitur!
961 4089 1316 4151 Solummodo
1347 4099 1399 4152 in
1431 4099 1595 4156 rebus
1619 4140 1634 4164 ,
1661 4078 1783 4172 quae
1815 4078 1976 4171 sunt,

399 4171 742 4230 discernitur
769 4181 1074 4236 animatum
1105 4200 1202 4254 per
1231 4187 1528 4246 discrimen
1564 4212 1729 4252 sexus
1762 4215 1981 4255 mascu-

397 4262 499 4318 lini
531 4277 586 4320 et
621 4267 894 4326 feminini.
927 4273 1021 4330 Eis
1054 4276 1193 4331 dixit
1229 4277 1372 4336 Deus
1405 4293 1660 4353 creator,
1688 4307 1706 4338 ‹
1735 4289 1981 4348 Crescite

395 4365 452 4409 et
495 4359 938 4428 multiplicamini
975 4367 1020 4398 ⁸⁸
1050 4387 1062 4422 :
1087 4387 1106 4420 ι
1133 4376 1190 4422 ιιι
1230 4387 1328 4441 per
1359 4385 1601 4431 mutuam
1640 4395 1706 4434 ex
1744 4398 1802 4436 se
1835 4384 1979 4439 inter

394 4464 455 4502 se
508 4453 918 4520 generationem
982 4471 1317 4530 augerentur
1364 4473 1418 4519 et
1475 4470 1977 4540 multiplicarentur

394 4558 518 4610 qua:
541 4543 842 4614 gignuntur
867 4551 1189 4609 animantia.
1217 4557 1350 4610 Auri
1381 4567 1560 4614 autem
1591 4562 1754 4628 fetus,
1780 4582 1976 4638 nempe

397 4635 557 4690 funus
580 4677 592 4697 ,
629 4655 695 4692 ex
732 4655 970 4708 quonam
1008 4647 1268 4701 consistit
1305 4653 1704 4709 matrimonio?
1737 4673 1800 4712 ex
1836 4676 1974 4730 qna-

395 4742 522 4779 nam
556 4730 838 4797 perficitur
866 4739 1272 4806 conceptione?
1299 4740 1566 4799 Caeterum
1601 4763 1666 4802 ex
1696 4747 1971 4820 Propheta

393 4818 559 4874 didici
602 4837 723 4890 qua;
781 4825 852 4878 sit
891 4826 1053 4897 hujus
1093 4831 1234 4886 l'etus
1272 4838 1578 4906 conceptio.
1602 4860 1618 4890 ‹
1652 4818 1821 4898 Ecce
1849 4863 1970 4917 par.

397 4911 555 4964 turiit
608 4913 971 4984 injustitiam,
1023 4923 1277 4992 concepit
1329 4926 1608 4995 laborem,
1657 4945 1710 4987 et
1758 4911 1970 5006 peperit

393 5002 741 5073 iniquitatem
779 5011 848 5064 θ’.
880 5030 898 5060 ι
928 5010 1027 5067 llic
1058 5025 1142 5070 est
1178 5017 1268 5071 ille
1303 5030 1531 5089 partus,
1570 5041 1732 5094 quem
1759 5002 1970 5099 partu-

393 5094 488 5146 riit
519 5096 740 5163 quidem
771 5103 1000 5157 avaritia
1021 5145 1034 5166 ,
1069 5109 1208 5174 parit
1239 5120 1418 5166 autem
1453 5115 1750 5183 iniquitas,
1781 5094 1837 5176 et
1870 5125 1971 5179 ob-

391 5187 710 5242 stetricatur
766 5193 1164 5252 inhumanitas.
1218 5199 1321 5265 Qui
1367 5207 1514 5259 enim
1569 5224 1782 5280 semper
1829 5216 1971 5269 celat

388 5297 554 5347 opes.
584 5293 639 5337 et
674 5283 894 5350 jnratus
934 5288 1165 5344 allirmat
1204 5308 1265 5347 se
1303 5309 1414 5348 non
1455 5296 1684 5362 habere,
1722 5318 1844 5357 cum
1883 5309 1967 5360 vi~

391 5373 533 5426 derit
563 5391 810 5442 pressum
840 5381 1200 5449 necessitate,
1229 5393 1362 5440 tunc
1390 5389 1511 5456 ejus
1536 5407 1799 5449 crumena
1831 5413 1967 5466 pra:-

392 5479 570 5544 gnans
614 5470 884 5534 cernitur,
933 5483 1063 5526 tunc
1118 5475 1254 5530 lucri
1310 5478 1589 5536 desiderio
1638 5488 1965 5544 sceleratum

394 5539 631 5621 parturit
672 5557 876 5627 fetum,
917 5570 972 5616 et
1010 5579 1161 5632 spem
1205 5565 1410 5623 fenoris
1453 5574 1655 5629 misero
1690 5580 1962 5645 ostendit,

471 5725 517 5757 “’
557 5727 690 5786 Gen.
728 5749 766 5802 ι,
800 5738 892 5793 22.
971 5742 1014 5773 ⁸⁸
1054 5741 1195 5798 Psal.
1231 5761 1324 5811 ιἰι,
1351 5746 1435 5800 lb‘.

2107 498 2168 550 τὸ
2200 491 2385 564 αἶσχος
2419 496 2474 546 ὲν
2501 494 2579 563 τῷ
2611 496 2936 566 φαινομένῳ,
2969 497 3134 568 μηδὲν
3160 499 3225 566 τῇ
3253 497 3396 565 αὐγῇ
3429 493 3527 548 τοῦ
3564 513 3707 565 χρυ*-

2110 587 2226 639 σίου
2279 582 2730 653 ἐπισκοτούμενον
2753 600 2766 614 ·
2822 583 2923 639 κᾶν
2969 586 3211 655 ὲπαλγὴς
3241 584 3317 638 ὢν
3358 584 3435 654 τῷ
3470 583 3702 654 σώματι

2106 677 2279 746 τύχοι,
2316 674 2570 745 οὐδεμίαν
2626 677 2871 746 ἐπήγαγε
2917 677 3268 749 παραμυθίαν
3312 677 3390 746 τῷ
3431 677 3700 730 πονοῦντι

2107 768 2141 819 ἡ
2171 765 2292 819 ὐλτι.

2130 783 2140 806 ι
2171 781 2233 817 UA
2281 807 2292 818 .

2130 811 2142 836 ⁸
2180 781 2372 909 Ὀηοῦν
2405 857 2539 926 μήτε
2581 856 2716 926 πρὸς
2745 857 2957 922 κάλλος,
2992 858 3129 928 μήτε
3170 859 3305 929 πρὸς
3332 861 3553 925 εὐεξίαν
3587 860 3704 914 σώ-

2111 959 2296 1014 ματος,
2343 945 2478 1016 μήτε
2520 949 2656 1018 πρὸς
2693 947 2791 1019 τὴν
2836 948 2944 1000 τῶν
2971 949 3305 1018 ἀλγημάτων
3331 950 3705 1020 παραμυθίαν

2108 1036 2263 1106 φέρει
2310 1047 2364 1088 τι
2406 1037 2673 1108 χρήσιμον
2721 1040 2834 1101 τοῖς
2884 1037 3294 1106 σπουδάζουσιν,
3351 1041 3488 1108 ὑπὲρ
3543 1039 3708 1102 τίνος

2107 1125 2498 1192 σπουδΚεταιι
2550 1129 2643 1181 καὶ
2694 1127 2776 1188 τίς
2829 1129 2861 1198 ἡ
2912 1127 3150 1191 διάθεσις
3195 1128 3308 1181 τῶν
3371 1133 3436 1199 τῇ
3479 1129 3708 1200 καρδίᾳ

2106 1217 2550 1289 προστετηκότων
2588 1219 2654 1288 τῇ
2690 1218 2809 1291 ὕλῃ,
2861 1220 2990 1272 ὅταν
3037 1221 3096 1272 ὲν
3145 1218 3224 1290 τῷ
3275 1221 3537 1274 συνειδότι
3594 1221 3708 1291 τῆς

2103 1306 2357 1378 τοιαύτης
2389 1311 2632 1379 κτήσεως
2664 1310 2899 1380 τύχωσιν
2928 1310 3099 1375 ὄντες,
3141 1309 3215 1374 ὥς
3243 1327 3295 1363 τι
3333 1311 3489 1365 πλέον
3532 1310 3709 1381 ἔχονκ-

2103 1413 2192 1460 τες
2220 1399 2429 1463 ἑαυτοῖς
2479 1401 2904 1469 ὲπαγάλλονται;
2947 1403 3069 1468 'Ap’
3098 1402 3154 1455 εἴ
3189 1419 3273 1465 τις
3304 1403 3495 1466 αὐτοὺς
3550 1406 3710 1474 ἐρω-

2102 1487 2338 1557 τήσειεν,
2388 1489 2437 1541 εί
2489 1489 2732 1560 δέχονται
2769 1491 2952 1553 αὐτοῖς
2987 1490 3314 1562 ἀμειφθῆναι
3336 1492 3464 1562 πρὸς
3501 1494 3709 1547 ἐκεῖνο

2101 1578 2198 1650 τὴν
2232 1579 2413 1648 φύσιν,
2444 1583 2537 1634 καὶ
2569 1583 2821 1650 γενέσθαι
2867 1581 3040 1646 τοῦτο,
3072 1583 3102 1635 ὃ
3150 1586 3216 1654 τῇ
3261 1585 3490 1656 τοσαύτῃ
3547 1589 3707 1656 παρ’

2102 1667 2283 1722 αὐτῶν
2330 1670 2568 1724 διαθέσει
2614 1673 2925 1742 τετίμηται,
2973 1673 3177 1726 ἕλοιντο
3223 1673 3290 1728 ἂν
3322 1673 3419 1744 τὴν
3449 1673 3708 1744 μεταϐο-

2032 1739 2074 1807 Β
2101 1759 2218 1831 λὴν,
2252 1760 2392 1814 ὥστε
2425 1761 2484 1826 ἐξ
2509 1739 2811 1834 ἀνθρώπων
2857 1764 2992 1836 πρὸς
3015 1765 3108 1818 τὸν
3134 1767 3330 1835 χρυσὸν
3361 1739 3547 1828 αὐτοῖς
3585 1782 3704 1834 μοι

2098 1852 2326 1923 ταϐἦναι
2353 1855 2452 1924 τὴν
2487 1853 2667 1922 φύσιν,
2697 1855 2792 1907 καὶ
2825 1855 3102 1926 δειχθῆναι
3137 1857 3336 1926 μηκέτι
3369 1857 3592 1924 λογικοί
3636 1876 3700 1911 τε·

2100 1945 2194 1998 καὶ
2243 1945 2603 2016 διανοητικοὶ,
2656 1947 2752 2000 καὶ
2801 1950 2914 2008 τοῖς
2965 1949 3336 2020 αἰσθητηρίοις
3391 1951 3536 2020 πρὸς
3587 1952 3704 2021 τὴν

2099 2033 2244 2104 ζωὴν
2301 2036 2652 2106 κεχρημένοι,
2704 2036 2819 2090 ἀλλ’
2879 2038 3047 2110 ὠχροί
3098 2055 3160 2092 τε
3208 2040 3302 2092 κα)⁵
3347 2039 3534 2111 βαρεῖς
3587 2046 3702 2096 καὶ

2098 2123 2336 2189 ἄναυδοι,
2377 2125 2572 2196 ἅψυχοί
2603 2144 2661 2179 τε
2690 2129 2782 2180 καὶ
2811 2129 3146 2199 ἀναίσθητοι,
3177 2131 3317 2200 οἵαή
3346 2129 3440 2183 τοῦ
3470 2133 3697 2201 χρυσοῦ

2099 2216 2258 2285 φύσις
2298 2218 2468 2283 ἐστὶν,
2497 2219 2596 2270 οὐκ
2632 2218 2697 2272 ἂν
2728 2215 2879 2285 οἶμαι
2911 2220 3084 2274 ταῦτα
3126 2221 3360 2284 ἑλέσθαι,
3399 2221 3522 2275 οὐδὲ
3552 2225 3696 2288 τοὺς

2101 2305 2302 2377 σφόδρα
2341 2306 2427 2358 διὰ
2463 2306 2565 2376 τῆς
2607 2308 2902 2378 ἐπιθυμίας
2933 2311 3328 2380 συντετηκότας
3357 2314 3422 2381 τῇ
3456 2310 3584 2384 ὕλῃ.
3618 2315 3693 2366 Εἰ

2097 2394 2189 2451 οὖν
2217 2401 2274 2451 ὲν
2304 2398 2520 2469 κατάρᾳ
2545 2401 2656 2462 τοῖς
2685 2395 2742 2453 εὖ
2777 2399 3063 2470 φρονοῦσιν
3091 2401 3191 2472 ἠδη
3219 2404 3354 2465 ἐστὶ,
3388 2404 3450 2456 τὸ
3477 2405 3537 2456 ὲν
3569 2410 3692 2470 τοξ

2102 2487 2352 2558 ίδιὼμασι
2383 2489 2481 2559 τῆς
2503 2488 2710 2558 ἀψύχου
2741 2488 2873 2558 ὕλης
2902 2489 3175 2558 γενέσθαι,
3205 2491 3287 2554 τίς
3317 2492 3510 2559 ἄλογος
3551 2496 3690 2566 περὶ

2096 2580 2194 2650 τὴν
2233 2579 2427 2649 κτῆσιν
2460 2579 2666 2632 τούτων
2707 2580 2893 2649 μανία.
2923 2574 2999 2634 ὧν
3027 2582 3086 2634 τὸ
3115 2583 3266 2645 τέλος
3308 2584 3343 2652 ἡ
3381 2588 3688 2656 ματαιότης

2098 2672 2264 2737 ἐστὶν,
2292 2671 2366 2734 ὼς
2389 2671 2482 2724 καὶ
2513 2672 2690 2740 φόνων
2717 2671 2804 2724 διὰ
2830 2671 2990 2725 τοῦτο
3015 2673 3110 2724 καὶ
3139 2673 3392 2746 λῃστείας
3419 2677 3686 2728 κατατολ-

2100 2763 2268 2832 μῆσαι
2298 2763 2422 2826 τοὺς
2454 2761 2965 2834 προλελυσσηκότας
2995 2766 3109 2826 τοῖς
3148 2765 3437 2835 χρήμασι;
3478 2768 3576 2820 καὶ
3618 2767 3683 2818 οὐ

2095 2854 2254 2907 τοῦτο
2298 2855 2475 2924 μόνον,
2533 2853 2672 2908 ἀλλὰ
2719 2856 2814 2908 καὶ
2867 2856 2964 2926 τῆς
2997 2858 3240 2926 πονηρᾶς
3283 2857 3532 2921 ἐπινοίας
3571 2859 3684 2912 τῶν

2095 2943 2292 3006 τόκων,
2321 2945 2390 3014 ἢν
2425 2945 2588 3015 ἄλλην
2616 2963 2700 3009 τις
2724 2945 2980 3018 λῃστείαν
3017 2948 3111 3000 καὶ
3137 2949 3449 3016 μιαιφονίαν
3479 2951 3682 3020 ὀνομά-

2099 3050 2218 3097 σας,
2241 3035 2340 3087 οὐκ
2363 3035 2429 3088 ἂν
2459 3036 2694 3106 ἁμάρτοι
2721 3034 2813 3087 τοῦ
2847 3035 3076 3100 δέοντος.
3112 3038 3180 3089 Ἢ
3217 3037 3268 3089 τί
3295 3037 3405 3105 γὰρ
3429 3038 3682 3110 διαφέρει

2090 3124 2361 3196 λαθραίως
2385 3128 2450 3178 ὲκ
2475 3127 2836 3198 τοιχωρυχίας
2860 3127 3115 3196 ἀλλότρια
3147 3128 3480 3199 ληϊσάμενον
3507 3130 3679 3201 ἔχειν,

2087 3219 2181 3270 καὶ
2208 3218 2285 3289 τῷ
2316 3219 2462 3289 φόνῳ
2485 3218 2580 3272 τοῦ
2616 3219 3027 3290 παροδεύοντος,
3057 3220 3324 3290 δεσπότην
3354 3223 3549 3275 ἑαυτὸν
3573 3224 3680 3276 τῶν

2087 3307 2294 3360 ἐκείνου
2326 3307 2569 3378 ποιεῖν,ἢ
2601 3307 2690 3360 διὰ
2705 3309 2804 3378 τῆς
2831 3309 2941 3362 τῶν
2966 3309 3142 3363 τόκων
3163 3310 3416 3379 ἀνάγκης
3439 3313 3681 3366 κτᾶσθαι

2085 3399 2152 3452 τὰ
2193 3401 2268 3470 μὴ
2322 3401 2701 3472 προσήκοντα;
2751 3403 2815 3453 Ὢ
2838 3401 3014 3471 κακῆς
3065 3404 3476 3473 προσηγορίαςῑ
3513 3406 3681 3469 τόκος

2084 3491 2254 3560 ὃνομα
2271 3492 2370 3562 τῆς
2393 3492 2645 3566 λῃστείας
2665 3492 2893 3561 γίνεται.
2920 3495 2982 3546 Ὦ
3001 3493 3212 3564 πικρῶν
3228 3495 3424 3564 γάμων
3446 3497 3459 3547 !
3487 3497 3554 3548 Ὠ
3576 3513 3681 3549 πο-

2084 3583 2254 3652 νηρᾶς
2270 3584 2544 3652 συζυγίας,
2557 3585 2624 3655 ἢν
2643 3586 2676 3655 ὴ
2697 3584 2856 3653 φύσις
2875 3585 2973 3655 μὲν
2988 3585 3086 3638 οὐκ
3103 3584 3419 3656 ἐγνώρισεν,
3437 3587 3470 3656 ἡ
3487 3588 3545 3639 δὲ
3566 3588 3682 3640 τῶν

2084 3674 2628 3746 φιλοχρηματούντων
2650 3675 2803 3739 νόσος
2826 3679 2884 3730 ὲν
2909 3679 3022 3740 τοῖς
3053 3676 3280 3747 ἀψύχοις
3317 3679 3681 3750 ἐκαινοτόμη-

2086 3766 2209 3819 aevi
2245 3766 2308 3823 Ὢ
2345 3765 2599 3836 χαλεπιῖιν
2625 3768 2942 3839 κυημάτων,
2970 3768 3064 3836 ἀφ’
3091 3761 3167 3822 ὧν
3200 3770 3230 3822 ό
3250 3769 3490 3832 τοιοῦτος
3511 3771 3680 3834 τόκος

2082 3853 2362 3924 ἐκφύεται.
2407 3856 2583 3910 Μόνον
2615 3858 2673 3911 ὲν
2717 3861 2832 3922 τοῖς
2867 3854 2988 3911 οὖσι
3029 3859 3091 3911 τὸ
3125 3859 3368 3930 ἔμψυχον
3413 3864 3479 3931 τῇ
3528 3863 3680 3914 κατὰ

2081 3944 2141 3995 τὸ
2168 3944 2333 4015 ἄρρεν
2356 3945 2450 3999 καὶ
2473 3946 2606 4016 θῆλυ
2643 3947 2875 4019 διαφορᾷ
2896 3948 3162 4021 διεκρίθη.
3195 3950 3421 4013 Τούτοις
3456 3947 3620 4004 εἶπεν
3647 3955 3680 4006 ὁ

2083 4034 2295 4098 πλάσας
2311 4033 2462 4098 Θεὸς,
2491 4051 2510 4084 ί
2534 4036 2836 4103 Αὐξάνεσθε
2870 4041 2964 4093 καὶ
2990 4041 3345 4110 πληθύνεσθε,
3403 4041 3551 4095 ὥστε
3583 4044 3679 4097 διὰ

2081 4127 2182 4196 τῆς
2211 4126 2270 4193 ἐξ
2299 4126 2541 4198 ἀλλήλων
2570 4130 2836 4198 γενέσεως
2867 4132 2947 4194 είς
2965 4131 3169 4202 πλῆθος
3196 4132 3257 4184 τὸ
3287 4134 3678 4204 ζωογονούμε-

2079 4235 2170 4272 νον
2201 4218 2481 4284 αὕξεσθαι.
2521 4222 2578 4274 'U
2610 4223 2667 4276 δὲ
2708 4223 2801 4276 τοῦ
2833 4224 3058 4294 χρυσίου
3093 4226 3250 4288 τόκος
3281 4227 3348 4278 ἐκ
3377 4228 3552 4280 ποίων
3578 4230 3678 4296 yd-

2083 4328 2198 4380 μων
2227 4311 2582 4379 συνίσταται;
2631 4315 2730 4367 Ἐκ
2751 4315 2909 4379 ποίας
2937 4316 3344 4388 τελεσφορεῖται
3375 4324 3674 4388 κυήσεως;

2009 4445 2052 4499 D
2093 4402 2231 4454 Ἀλλ’
2285 4398 2402 4456 οἶδα
2448 4405 2548 4474 τὴν
2575 4405 2742 4458 ὠδῖνα
2781 4407 2875 4459 τοῦ
2901 4406 3144 4459 τοιούτου
3181 4407 3344 4460 τόκου
3383 4409 3540 4478 παρὰ
3571 4411 3676 4464 τοῦ

2083 4493 2369 4563 Προφήτω
2417 4492 2818 4564 μαθὼν,ιΊδοὺ
2864 4495 3056 4549 ὤδινεν
3107 4497 3346 4561 ἀδικίαν,
3400 4498 3674 4553 συνέλαϐε

2082 4582 2262 4643 πόνον,
2301 4583 2391 4636 καὶ
2411 4583 2593 4636 ἔτεκεν
2611 4582 2890 4653 ἀνομίαν.»
2916 4580 3087 4651 Οὗτος
3108 4588 3315 4652 ἐκεῖνός
3347 4589 3498 4641 ἐστιν
3525 4592 3559 4642 ὁ
3581 4591 3675 4642 τό-

2080 4691 2194 4738 κος,
2220 4674 2280 4726 ὃν
2313 4675 2540 4746 ὠδίνησε
2557 4677 2657 4747 μὲν
2685 4680 2718 4748 ἡ
2752 4679 3053 4743 πλεονεξία,
3086 4681 3264 4733 τίκτει
3290 4680 3348 4733 δὲ
3374 4683 3407 4751 ἡ
3439 4683 3669 4750 ἀνομία,

2078 4767 2226 4836 καὶὴ
2262 4768 2649 4839 μισανθρωπία
2687 4770 2992 4839 μαιεύεται.
3041 4773 3099 4824 '0
3137 4771 3247 4843 γὰρ
3279 4774 3369 4825 ἀεὶ
3397 4772 3670 4843 κρύπτων

2075 4855 2174 4926 τὴν
2221 4858 2500 4928 εὐπορίαν,
2537 4861 2630 4913 καὶ
2690 4861 2840 4932 ὅρκῳ
2881 4862 2943 4914 τὸ
2983 4863 3057 4934 μὴ
3091 4863 3236 4932 ἔχειν
3276 4864 3667 4934 πιστούμενος,

2072 4948 2292 5002 ἐπειδάν
2324 4965 2446 5003 τινα
2464 4949 2549 5023 ἴδῃ
2577 4952 2794 5025 ἀνάγκῃ
2819 4955 3309 5024 καταπνιγόμενον,
3339 4955 3464 5007 τότε
3493 4955 3667 5022 ἐγκύ-

2075 5055 2192 5109 μων
2216 5039 2292 5109 τῷ
2319 5040 2588 5111 βαλαντίῳ
2631 5043 2992 5113 προφαίνεται
3017 5060 3031 5075 ο
3066 5045 3188 5096 τότε
3218 5045 3310 5097 τὸν
3330 5046 3574 5117 πονηρὸν
3597 5052 3665 5118 τῇ

2072 5129 2386 5200 φιλοκερδίᾳ
2415 5131 2593 5185 ὠδίνει
2621 5134 2800 5196 τόκον,
2831 5135 3025 5188 mea:
3057 5134 3152 5188 τοῦ
3192 5137 3559 5206 δανείσματος
3586 5141 3669 5208 τῷ

2070 5220 2420 5290 δυστυχοῦντι
2444 5223 2844 5293 προδείκνυσιν,
2881 5229 2948 5295 ἣν
2983 5227 3264 5280 ἐπιϐάλλει
3292 5225 3428 5298 ὓλην
3459 5230 3539 5299 τῷ
3571 5232 3668 5284 δυ-

2073 5313 2398 5383 στυχήματι,
2458 5314 2644 5387 ὥσπερ
2685 5317 2716 5367 ὁ
2765 5317 2842 5386 τῷ
2891 5317 3057 5386 ἐλαίῳ
3100 5319 3524 5374 κατασΰεννύων
3563 5325 3668 5394 τὴν

2069 5400 2262 5468 φλόγα.
2298 5403 2374 5455 Οὐ
2402 5404 2511 5475 γὰρ
2547 5404 2884 5476 ἐθεράπευσε
2938 5407 3017 5478 τῷ
3062 5409 3260 5478 δανείῳ
3292 5411 3394 5482 τὴν
3425 5411 3660 5482 ζημίαν,

2067 5490 2181 5544 ἀλλ’
2200 5493 2475 5548 ἐπέτεινεν
2495 5512 2509 5526 ο
2540 5497 2636 5550 καὶ
2654 5496 2843 5569 ὥσπερ
2865 5500 3051 5561 ἐντοῖς
3073 5501 3308 5571 αὐχμοῖς
3333 5503 3665 5572 αὐτομάτως

2065 5582 2529 5656 ἁκανθοφοροῦσιν
2568 5589 2624 5641 at
2662 5587 2914 5660 ἄρουραι,
2948 5589 3093 5644 οὔτω
3134 5593 3230 5646 καὶ
3271 5595 3332 5646 ιν
3367 5598 3488 5658 ταῖς
3520 5607 3664 5665 συμ-
