3870 6220
173 297 287 356 673

1262 301 1330 356 IN
1366 294 1898 358 ECCLESMSTEN.
1941 294 2220 354 HOMIUA
2252 295 2341 352 IV.

3309 299 3434 357 ~67!

180 425 382 494 φοραῖς
433 424 546 480 τῶν
579 422 1081 494 στενοχορουμένων
1097 463 1114 489 ,
1165 424 1215 476 οἱ
1260 422 1369 482 τῶν
1417 419 1754 478 πλεονεκτῶν

1861 434 1976 487 quae
2008 416 2312 474 infortunio
2345 417 2544 488 ingerit
2569 418 2856 473 materiam
2881 461 2896 484 ,
2926 417 3208 490 quomodo
3245 419 3296 480 is
3333 421 3428 491 qui

180 512 510 584 ὕλομανοῦσι
563 514 732 567 τόκοι.
772 507 909 577 Εἶτα
965 511 1237 583 προτείνει
1297 512 1394 582 τὴν
1425 514 1584 582 χεῖρα
1619 509 1757 582 μετὰ

177 603 276 662 τοῦ
307 609 606 677 χρήματος,
639 604 826 676 ὥσπερ
857 609 891 676 ἠ
924 604 1092 675 ὁρμιά
1110 604 1172 656 τὸ
1194 603 1572 676 κεκρυμμένον
1601 602 1758 670 ἀγκι-

179 710 342 764 στρον
387 693 466 764 τῷ
518 693 868 764 δελεάσματι.
913 692 1227 763 Περιχανὼν
1264 692 1321 746 δὲ
1351 693 1380 744 ό
1425 691 1654 755 δείλαιος
1687 693 1755 762 τῇ

177 786 321 856 πρὸς
348 787 408 838 τὸ
441 787 613 858 παρὸν
638 786 888 857 εὐπορίᾳ,
919 787 1012 840 καὶ
1041 785 1093 837 εί
1116 802 1169 836 τι
1202 783 1444 856 κρυπτὸν
1479 783 1538 836 ἐν
1559 781 1758 836 ἀποθέ-

177 893 293 941 τοις
316 872 450 947 εἶχε,
471 881 540 949 τῇ
562 878 656 932 τοῦ
685 878 980 948 ἀγκίστρου
1001 877 1132 947 ὀλκῇ
1151 875 1496 946 συνεξέμεσε.
1524 873 1757 929 Τοιαῦτα

178 967 252 1020 τὰ
279 969 386 1022 τῶν
414 969 587 1024 τόκων
616 969 876 1040 εύεργετή
888 986 1050 1038 ματα.
1085 967 1202 1028 Κᾶν
1221 967 1320 1038 μέν
1349 984 1432 1029 τις
1461 966 1596 1037 πρὸς
1636 965 1758 1035 βίαν

178 1059 448 1130 ἀφέληταί
468 1077 615 1124 τινος
632 1061 693 1113 τὸ
713 1060 942 1130 ἐφόδιον,
972 1060 1006 1131 ἢ
1045 1059 1223 1116 λαθὼν
1257 1057 1558 1128 ὑποκλέψῃ,
1585 1057 1759 1126 βίαιος

180 1149 277 1201 καὶ
327 1149 662 1219 λωποδύτης,
716 1151 810 1203 κα)⁸
860 1149 932 1202 τὰ
957 1149 1182 1204 τοιαῦτα
1225 1147 1478 1216 λέγεται·
1510 1147 1538 1198 ὁ
1573 1145 1626 1198 δὲ
1657 1144 1756 1216 τὴν

179 1240 400 1294 ἀδικίαν
426 1243 779 1313 ὲμμάρτυρον
797 1241 892 1296 καὶ
915 1240 1015 1311 τὴν
1047 1242 1271 1312 πικρίαν
1299 1238 1641 1308 ποιούμενος,
1665 1239 1759 1291 κατ⁹

184 1331 480 1400 συνθήκαις
527 1333 628 1402 τὴν
656 1333 1004 1402 παρανομίαν
1040 1331 1348 1402 κρατύνων,
1380 1332 1758 1404 φιλάνθρωπος

182 1423 282 1475 καὶ
310 1423 624 1493 εὐεργέτης,
647 1425 741 1477 καλ⁹
770 1424 972 1496 σωτὴρ,
995 1425 1090 1478 καὶ
1123 1423 1300 1478 πάντα
1323 1424 1392 1478 τά
1420 1423 1632 1495 χρηστὰ
1651 1423 1758 1478 τῶν

177 1512 460 1583 ὀνομάτων
488 1515 985 1586 προσαγορεύεται·
1011 1516 1104 1569 καὶ
1122 1517 1183 1570 τὸ
1216 1517 1314 1587 μὲν
1333 1517 1393 1582 ἐξ
1423 1517 1760 1588 ὑφαιρέσεως

179 1604 395 1675 κέρδος,
432 1605 654 1677 κλέμμα
681 1607 924 1676 λέγεται,
948 1609 1046 1662 ὀδὲ
1074 1608 1163 1664 διὰ
1193 1609 1295 1679 τῆς
1322 1608 1577 1680 τοιαύτης
1600 1611 1762 1679 ἀνάγ-

178 1711 287 1766 κης
338 1697 667 1768 ἀπογυμνῶν
691 1699 781 1752 τὸν
826 1700 1080 1771 Χριστὸν,
1113 1699 1491 1772 φιλανθρωπίᾳ
1524 1699 1622 1771 τὴν
1665 1719 1758 1754 πι-

1859 507 1981 562 oleo
2007 509 2307 577 exstinguit
2346 507 2642 561 ﬂammam.
2685 507 2801 570 Non
2832 510 2978 565 enim
3013 512 3315 570 calamitati
3354 512 3430 566 fe—

1857 614 1991 654 nore
2035 598 2190 659 aﬂ‘ert
2236 599 2576 662 remedium,
2611 599 2704 654 sed
2746 614 2865 654 eam
2909 601 3084 671 magis
3131 609 3330 668 auget.
3374 609 3429 654 ut

1855 691 2133 760 quomodo
2157 691 2212 744 in
2235 691 2376 746 locis
2405 691 2576 746 aridis
2601 699 2656 746 et
2682 692 2908 748 incultis
2931 699 3076 746 terra
3106 707 3205 746 sua
3235 700 3435 762 sponte

1857 781 2116 852 producit
2147 785 2370 853 spinas:
2405 781 2483 835 ita
2514 783 2680 836 etiam
2715 783 2770 836 in
2803 782 3204 856 calamitatibus
3235 799 3433 848 eorum

1857 875 1950 940 qui
1993 883 2320 941 premuntur
2359 871 2664 940 angustiis,
2707 885 2998 926 avarorum
3042 871 3230 928 fenora
3270 873 3434 930 luxu-

1855 964 2021 1017 riant.
2055 962 2259 1018 Deinde
2289 978 2511 1018 manum
2552 962 2793 1032 porrigit
2830 977 2954 1016 cum
2985 965 3246 1033 pecunia,
3284 968 3438 1020 sicut

1855 1055 2070 1110 arundo
2097 1054 2318 1114 hamum
2343 1069 2472 1110 esca
2498 1063 2728 1109 uectum.
2777 1053 2947 1110 Hians
2977 1063 3156 1110 autem
3193 1056 3298 1113 iste
3326 1057 3432 1111 mi-

1855 1146 2024 1202 sellus
2057 1147 2125 1200 ad
2160 1153 2493 1217 praesentem
2528 1145 2787 1215 copiam,
2821 1147 3037 1201 etiamsi
3071 1147 3206 1216 quid
3241 1149 3431 1202 occul-

1857 1245 1971 1292 tum
2008 1237 2246 1294 habebat
2275 1239 2578 1308 repositum
2601 1275 2618 1299 ,
2647 1251 2772 1292 cum
2803 1245 3038 1292 attracto
3074 1239 3233 1293 hamo
3263 1239 3433 1294 simul

1855 1327 2078 1384 evomit.
2107 1326 2336 1384 Fcnoris
2358 1326 2630 1394 ejusmodi
2652 1335 2781 1382 sunt
2805 1327 3088 1382 beneﬁcia.
3119 1328 3184 1382 Et
3211 1330 3257 1385 si
3280 1331 3434 1401 quis-

1860 1419 2003 1487 piam
2042 1419 2278 1489 alicujus
2317 1419 2542 1490 quidem
2581 1419 2846 1472 viaticum
2889 1421 2940 1473 vi
2976 1420 3299 1485 abstulerit,
3337 1429 3432 1480 aut

1857 1512 1997 1566 clam
2030 1511 2389 1582 subripuerit,
2422 1518 2631 1580 raptor,
2659 1519 2713 1566 et
2743 1510 2832 1566 t‘nr
2851 1553 2866 1576 ,
2898 1519 2955 1565 et
2982 1528 3101 1580 quae
3127 1521 3256 1567 sunt
3285 1513 3433 1582 ejus-

1858 1601 2004 1657 modi
2035 1602 2261 1658 dicitur.
2291 1603 2398 1670 Qui
2425 1612 2610 1658 autem
2639 1603 2802 1658 etiam
2830 1602 3092 1659 adhibitis
3117 1605 3349 1662 testibus
3370 1619 3432 1662 se

1861 1695 2065 1764 injuste
2100 1702 2155 1750 et
2192 1697 2389 1754 acerbe
2428 1695 2570 1766 gerit
2593 1736 2608 1760 ,
2645 1703 2700 1750 et
2739 1696 2915 1766 pactis
2955 1698 3242 1753 conventis
3273 1713 3432 1758 suam

179 1787 346 1856 κρίαν
402 1788 820 1860 ὑποκορίζεται·
853 1770 996 1844 οὕτω
1028 1790 1137 1862 γὰρ
1173 1791 1272 1855 τὰς
1303 1770 1504 1863 ζημίας
1529 1770 1637 1848 τῶν
1659 1794 1759 1848 δει⁶

1861 1787 2154 1841 conﬁrmat
2189 1788 2532 1857 iniquitatem
2558 1826 2574 1851 ,
2610 1787 2885 1857 benignus
2921 1788 3122 1844 dicitur
3151 1797 3206 1846 et
3234 1791 3434 1846 beneﬂ-

175 1877 350 1932 λαίων
401 1880 855 1950 κατονομάξουσι.
891 1901 914 1934 ι
950 1883 1270 1953 Συνήγαγόν
1304 1901 1395 1954 μοι
1431 1884 1524 1937 καί
1565 1901 1632 1952 γε
1661 1886 1760 1956 ἀρ-

177 1968 372 2040 γύριον
405 1970 498 2024 καί
524 1987 588 2039 γε
606 1972 850 2046 χρυσίον.
881 1992 903 2026 ι
935 1973 1103 2028 Ἀλλά
1133 1975 1322 2028 τούτου
1358 1976 1516 2046 χάριν
1539 1977 1568 2028 ό
1601 1977 1761 2045 σοφὸς

179 2061 454 2115 παιδεύων
481 2062 572 2116 τὸν
611 2063 746 2132 βίον,
777 2067 837 2118 ἐν
858 2063 936 2134 τῷ
974 2066 1259 2137 καταλόγῳ
1293 2067 1404 2120 τῶν
1439 2067 1761 2138 ἐξαγορευο-

181 2151 366 2220 μένων
447 2155 540 2206 καὶ
585 2155 758 2209 ταῦτα
786 2156 1260 2228 κατηριθμήσατο,
1294 2159 1380 2212 ἵνα
1411 2159 1674 2230 μαθόντες
1710 2161 1760 2214 oi

176 2241 458 2312 ἅνθρωποι
512 2245 662 2314 παρά
683 2246 778 2299 τοῦ
807 2249 872 2318 τῇ
907 2248 1073 2319 πείρᾳ
1101 2249 1532 2318 κατεγνωκότος,
1573 2251 1656 2304 ὅτι
1702 2250 1760 2304 ἓν

174 2333 288 2387 τῶν
319 2333 406 2386 ἐπ’
463 2336 664 2408 ἀτοπία
723 2339 1186 2409 κατεγνωσμένων
1229 2339 1387 2394 τοῦτό
1421 2343 1561 2407 ἐστι,
1590 2341 1758 2411 φυλά-

178 2425 380 2490 ξωνται
422 2426 529 2498 πρὸ
572 2428 674 2500 τῆς
725 2430 919 2502 πείρας
946 2432 1047 2501 τὴν
1086 2431 1183 2485 τοῦ
1209 2431 1381 2485 κακοῦ
1416 2433 1719 2504 προσϐολήν
1743 2451 1758 2466 ο

176 2518 436 2590 καθάπερ
468 2520 583 2574 ἐστι
624 2522 717 2575 καὶ
767 2525 893 2588 τοὺς
915 2523 1240 2596 λῃστρικούς
1277 2542 1334 2578 τε
1359 2526 1451 2578 καλ⁵
1478 2526 1760 2598 θηριώδεις

174 2609 386 2673 τόπους
437 2609 664 2674 ἀπαθῶς
701 2611 951 2678 διελθεῖν,
1002 2613 1092 2666 διὰ
1121 2613 1182 2666 τὸ
1215 2614 1501 2685 προελθεῖν
1537 2617 1665 2679 τοὺς
1701 2619 1761 2670 ὲν

173 2701 393 2766 τούτοις
429 2702 1006 2772 προκινδυνεύσαντας.
1053 2703 1245 2769 Καλῶς
1271 2705 1330 2758 δὲ
1362 2708 1390 2758 ὁ
1426 2706 1566 2769 θεῖος
1605 2707 1762 2759 ⁹Από-

177 2793 389 2857 στολος,
424 2792 602 2857 καλῶς
635 2793 698 2848 τὸ
734 2794 903 2857 πάθος
953 2794 1055 2864 τῆς
1095 2795 1459 2868 φιλαργυρίας
1496 2797 1758 2868 ὁρίζεται,

177 2884 345 2954 ῥίζαν
359 2883 528 2953 αὐτὴν
551 2883 768 2942 πάντων
782 2884 890 2938 τῶν
908 2885 1094 2942 κακῶν
1111 2887 1762 2958 ἀποφηνάμενος.”οσπερ

174 2977 287 3047 γὰρ
309 2975 365 3029 εί
381 2992 488 3030 τινι
510 2976 666 3048 μέρει
689 2975 987 3047 διεφθορὼς
1009 2979 1104 3030 καὶ
1135 2979 1506 3048 σηπεδονώδης
1529 2980 1761 3051 ἐπιρρυῇ

173 3064 377 3134 χυμὸς,
405 3066 499 3118 καί
528 3064 806 3136 φλεγμονὴ
845 3063 927 3134 τῷ
971 3067 1123 3136 τόπῳ
1161 3067 1475 3136 ἐγγένηται,
1547 3068 1758 3138 ἀνάγκη

174 3156 335 3208 πᾶσα
362 3155 444 3218 είς
467 3156 771 3210 ἀπόστασίν
809 3173 932 3218 τινα
958 3158 1053 3217 καὶ
1080 3157 1377 3229 διαφθοράν
1405 3158 1464 3210 τὸ
1485 3157 1759 3228 ἐνσκῆψαν

175 3244 352 3317 ὑγρὸν
379 3246 782 3318 ἀπορραγῆναι,
813 3247 1169 3318 διαφυγόντος
1207 3248 1302 3302 τοῦ
1336 3248 1491 3302 ποιοῦ
1514 3250 1613 3319 τὴν
1641 3253 1760 3302 ὲπι-

175 3337 441 3406 φάνειαν·
471 3339 642 3402 οὕτως
659 3334 740 3404 οἷς
770 3341 932 3412 ἐνρυῇ
953 3342 1051 3411 τῆς
1067 3341 1499 3413 φιλοχρηματίας
1525 3343 1558 3414 ἠ
1588 3343 1758 3409 νόσος,

175 3433 256 3494 είς
282 3429 582 3483 ἀκολασίαν
607 3431 682 3494 ὡς
714 3430 783 3484 τὰ
822 3431 992 3486 πολλά
1040 3432 1101 3485 τὸ
1135 3432 1305 3496 πάθος
1334 3433 1630 3504 ἐπέσκηψε.
1663 3434 1761 3487 Διά

173 3522 349 3575 τοῦτο’
370 3522 695 3593 προστίθησι
738 3525 805 3594 τῇ
853 3523 1144 3595 περιουσίᾳ
1177 3522 1276 3577 τοῦ
1322 3525 1545 3594 χρυσίου
1579 3541 1637 3577 τε
1666 3525 1761 3579 καὶ

175 3610 450 3681 ἀργυρίου
468 3611 566 3682 τὴν
595 3610 903 3676 ἀκολούθως
930 3612 1008 3682 τῷ
1039 3613 1474 3684 προκατασχόντι
1493 3617 1760 3686 νοσήματι

176 3699 654 3754 ἐπακολουθοῦσαν
713 3701 1120 3773 ἀσχημοσύνην.
1159 3721 1178 3754 ε
1240 3703 1500 3773 Ἐποίησα
1552 3706 1682 3776 γὰρ,
1731 3725 1756 3759 ι

178 3790 373 3859 φησὶν,
409 3807 431 3840 ε
476 3788 701 3860 ᾄδοντας
746 3789 842 3842 καὶ
877 3789 1126 3859 ᾀδούσας,
1154 3809 1174 3844 ›
1211 3792 1323 3846 τῶν
1351 3795 1664 3865 συμποσίων
1691 3795 1761 3856 τά

1859 1896 1989 1945 cus,
2030 1887 2086 1934 et
2124 1891 2395 1943 servator,
2427 1889 2483 1935 et
2517 1881 2831 1937 nominibus
2851 1921 2865 1944 ,
2896 1897 3258 1954 quaecumque
3289 1885 3432 1939 bona

1858 1978 2025 2034 sunt,
2077 1970 2427 2040 appellatur:
2473 1978 2532 2024 et
2561 1971 2712 2041 quod
2757 1986 2826 2026 ex
2877 1971 3160 2030 ablatione
3209 1973 3431 2044 quidem

1859 2071 2083 2130 paratur
2115 2062 2325 2116 lucrum
2350 2099 2366 2124 ,
2399 2059 2601 2116 dicitur
2630 2061 2871 2127 furtum,
2901 2064 2996 2132 qui
3031 2071 3210 2118 autem
3239 2065 3434 2133 hujus-

1860 2153 2006 2208 modi
2037 2153 2371 2208 necessitate
2405 2153 2752 2222 compulsum
2788 2155 2988 2223 spoliat
3013 2153 3388 2211 Christianum
3411 2194 3431 2220 ,

1859 2243 2064 2297 blando
2121 2243 2480 2312 benignitatis
2531 2243 2802 2298 vocabulo
2847 2244 2981 2298 lenit
3028 2246 3433 2300 acerbitatem:

1859 2335 2186 2390 miserorum
2223 2336 2367 2389 enim
2417 2334 2702 2390 hominum
2743 2336 2944 2392 damna
2998 2336 3070 2390 ita
3121 2337 3429 2394 nominant.

1867 2443 1886 2476 ι
1909 2425 2146 2496 Collegi.
2173 2445 2191 2476 ι
2219 2426 2432 2496 inquit,
2463 2444 2482 2476 ι
2517 2425 2650 2479 mihi
2680 2435 2734 2481 et
2760 2435 3044 2496 argentum
3077 2436 3132 2482 et
3161 2444 3374 2484 aurum.
3401 2449 3428 2482 ο

1863 2514 1969 2571 Sed
2000 2516 2102 2570 hac
2133 2515 2200 2570 de
2228 2531 2397 2571 causa
2426 2516 2646 2586 sapiens
2676 2518 2843 2570 vitam
2875 2515 3165 2582 erudiens,
3199 2517 3253 2570 in
3274 2527 3436 2595 ,ωιλ-

1861 2607 1985 2677 logo
2011 2622 2204 2661 eorum
2235 2623 2356 2676 qua:
2385 2608 2586 2670 rel'ert,
2619 2607 2734 2662 hac
2763 2622 2983 2677 quoque
3011 2611 3436 2673 annumeravit,

1865 2709 1927 2753 ut
1957 2712 2083 2752 cum
2118 2699 2371 2753 homines
2397 2698 2465 2752 ab
2492 2713 2559 2752 eo
2589 2698 2885 2753 didicerint
2909 2701 3001 2768 qui
3032 2700 3150 2769 ipsa
3181 2703 3441 2770 cognovit

1869 2790 2206 2859 experientia
2226 2829 2242 2855 ,
2273 2789 2378 2842 hoc
2411 2805 2535 2844 esse
2563 2805 2730 2844 unum
2764 2805 2827 2844 ex
2866 2791 2933 2846 iis
2960 2806 3080 2860 qua:
3111 2802 3167 2844 ut
3193 2792 3434 2847 absurda

1859 2891 1916 2937 et
1937 2881 2114 2934 aliena
2145 2888 2274 2936 sunt
2297 2879 2658 2934 condemnata
2681 2919 2697 2944 ,
2725 2890 2954 2935 caveant
2976 2883 3102 2936 mali
3137 2883 3442 2953 impetum,

1862 2971 2183 3041 priusquam
2212 2971 2332 3040 ejus
2360 2970 2564 3026 faciant
2593 2972 2898 3041 periculum
2925 2990 2938 3028 ;
2962 2973 3106 3027 sicut
3127 2973 3289 3028 etiam
3317 2981 3436 3032 tutuo

1871 3062 2170 3119 transmitti
2208 3071 2438 3133 possunt
2473 3063 2590 3116 loca
2623 3077 2652 3116 a
2689 3063 2998 3120 latronibus
3031 3075 3085 3120 et
3121 3065 3312 3120 bestiis
3346 3067 3434 3119 in-

1867 3153 2025 3219 l'esta,
2053 3161 2361 3224 propterea,
2386 3153 2534 3222 quod
2566 3157 2958 3224 prteccsserint
2980 3157 3070 3226 qui
3106 3157 3160 3211 in
3184 3157 3252 3212 iis
3276 3167 3444 3218 antea:

1862 3246 2114 3304 adierunt
2153 3246 2484 3314 periculum.
2528 3245 2765 3302 Pulchre
2804 3256 2982 3302 autem
3029 3248 3248 3303 divinus
3289 3251 3436 3320 Apoc

1859 3338 2037 3399 stolus
2061 3379 2075 3400 .
2114 3337 2377 3406 pulchre,
2413 3337 2669 3406 inquam,
2703 3337 2894 3392 deﬁnit
2926 3338 3121 3392 vitium
3154 3342 3400 3396 avaritiae
3417 3381 3446 3408 ,.

1862 3431 2226 3500 pronuntians
2242 3429 2414 3498 ipsam
2430 3444 2552 3488 esse
2566 3431 2809 3485 omnium
2828 3431 3094 3486 malorum
3115 3429 3351 3488 radicem
3366 3436 3443 3489 "°..

1861 3523 1982 3588 Quo
2012 3521 2172 3576 modo
2203 3523 2348 3584 enim
2379 3521 2424 3576 si
2457 3522 2512 3575 in
2539 3523 2786 3592 aliquam
2823 3533 3028 3593 partem
3061 3533 3356 3594 corruptus
3382 3537 3438 3581 et

1863 3614 2121 3685 putridus
2149 3614 2347 3670 humor
2376 3613 2679 3680 amuxerit,
2701 3625 2756 3668 et
2786 3614 2841 3670 in
2879 3615 2999 3669 loco
3031 3616 3193 3670 fuerit
3223 3617 3438 3671 inﬂam-

1863 3706 2037 3760 matio
2059 3743 2074 3769 ,
2108 3719 2336 3762 necesse
2365 3710 2451 3756 est
2498 3703 2722 3766 omnino
2759 3710 2820 3758 ut
2865 3704 2919 3758 in
2952 3705 3186 3774 aliquem
3217 3707 3437 3762 absces-

1855 3813 1984 3856 sum
2015 3805 2070 3854 et
2105 3795 2513 3864 corruptionem
2551 3795 2748 3848 humor
2777 3795 2868 3850 ille
2894 3805 3177 3865 erumpat,
3211 3813 3334 3851 cum
3367 3801 3446 3854 ad.

177 3882 596 3952 ἐντρυφήματα,
646 3881 917 3952 οἰνοχόους
973 3883 1069 3936 καὶ
1102 3884 1363 3954 οἰνοχόας.
1406 3887 1677 3956 Ἤρκεσεν
1720 3889 1755 3958 ὴ

1868 3886 2209 3959 superficiem
2249 3900 2390 3955 opus
2430 3886 2775 3954 pervaserit:
2814 3885 2891 3946 ita
2930 3886 3136 3955 quibus
3185 3891 3448 3958 pecunia:

181 3973 376 4042 μνήμη
410 3971 520 4024 τῶν
557 3971 836 4042 ὀνομάτων
868 3972 1214 4043 στηλιτεῦσαι
1248 3975 1309 4028 τὸ
1335 3975 1528 4042 πάθος,
1557 3979 1694 4050 ὅπερ
1722 3980 1756 4051 ἡ

1870 3978 2183 4048 cupiditatis
2214 3977 2439 4032 morbus
2497 3976 2803 4046 amuxerit,
2850 3975 2918 4032 ad
2961 3978 3446 4047 intemperantiam.

178 4065 310 4132 περὶ
331 4062 400 4116 τὰ
429 4063 687 4134 χρήματα
712 4064 866 4128 νόσος
890 4065 1417 4136 προωδοποίησεν.Ὢ
1431 4069 1529 4139 τῆς
1555 4069 1755 4128 ἀτόπου

1870 4083 2069 4138 magna
2098 4083 2162 4122 ex
2196 4075 2350 4138 parte
2377 4067 2606 4122 inclinat
2643 4067 2860 4123 vitium.
2901 4065 3197 4140 Proliterea
3231 4072 3351 4126 auri
3382 4083 3448 4126 et.

176 4155 389 4227 ταύτης
420 4155 780 4227 φιλοτεχνίαςί
806 4156 883 4222 ὡς
905 4156 1099 4227 ἀθρόον
1121 4159 1399 4214 ἐπιϐάλλει
1427 4161 1535 4216 τῶν
1557 4163 1758 4232 ἡδονῶν

1868 4161 2076 4231 argenti
2115 4161 2286 4230 copiae
2319 4159 2470 4215 addit
2507 4159 2907 4228 turpitudinem
2937 4198 2952 4223 ,
2985 4175 3110 4230 quae
3147 4163 3393 4216 morbum
3417 4202 3435 4226 ,

179 4249 240 4300 τὸ
271 4246 478 4319 ῥεῦμα,
511 4241 623 4300 οἷόν
646 4265 756 4300 τισι
783 4249 1106 4320 χειμάρροις
1141 4250 1352 4315 διπλοῖς
1396 4252 1465 4307 δι’
1500 4254 1668 4324 ἀκοῆς
1697 4272 1759 4309 τε

1865 4254 1956 4324 qui
1995 4253 2150 4323 prius
2190 4252 2500 4316 invaserat,
2538 4253 2678 4306 solet
2709 4249 2908 4305 deinde
2941 4253 3232 4320 consequi.
3263 4272 3280 4304 ι
3311 4252 3436 4310 Feci

177 4340 278 4394 καὶ
293 4339 471 4408 ὅψεως
491 4339 590 4403 τὰς
605 4338 781 4410 ψυχάς
797 4340 1107 4405 ὲπικλύζον,
1123 4341 1210 4394 ἴνα
1234 4341 1496 4413 βλέπηται
1519 4346 1580 4398 τὸ
1595 4347 1759 4400 κακὸν

1864 4343 2007 4399 enim
2029 4382 2044 4408 ,
2081 4361 2102 4395 ›
2134 4341 2343 4411 inquit,
2382 4359 2400 4392 ι
2431 4351 2688 4397 cantores
2744 4348 2799 4394 et
2858 4343 3228 4408 cantatrices,
3263 4361 3282 4394 ι
3317 4360 3436 4413 qua:

178 4433 277 4486 καὶ
323 4431 622 4503 ἀκούηταιί
661 4433 724 4485 Ἦ
751 4432 863 4505 ᾠδὴ
906 4433 1004 4504 τὴν
1032 4434 1200 4505 ἀκοὴν
1240 4435 1692 4508 καταστρέφεται,
1726 4439 1759 4510 ἡ

1868 4432 2247 4487 conviviorum
2282 4437 2413 4485 sunt
2439 4430 2682 4494 delicia,
2733 4431 3088 4501 pocillatores
3123 4439 3176 4484 et
3208 4433 3436 4500 pocilla-

175 4519 302 4588 ὄψις
367 4518 468 4590 τὴν
527 4518 642 4588 litim
711 4522 1165 4591 καταγωνίζεται.
1229 4525 1467 4582 Ἐκεῖθεν
1519 4528 1548 4580 ὁ
1597 4526 1764 4597 θῆλυς

177 4611 423 4680 φθόγγος
451 4611 538 4664 διά
560 4611 658 4683 τῆς
684 4611 983 4685 λελυμένης
1005 4614 1114 4668 τῶν
1147 4615 1300 4687 ᾠδῶν
1328 4619 1610 4688 ἁρμονίας,
1638 4638 1761 4674 συν⁴

177 4705 396 4772 εισάγει
429 4703 608 4775 ἑαυτῷ
647 4706 740 4758 ἐπὶ
771 4707 872 4776 τὴν
904 4707 1132 4778 καρδίαν
1163 4707 1224 4761 τὸ
1256 4708 1448 4774 πάθος.
1485 4711 1762 4765 Ἐντεῦθεν

175 4801 210 4864 ἡ
231 4797 360 4866 ὄψις
375 4791 484 4850 οἷόν
496 4814 548 4851 τι
575 4799 878 4869 μηχάνημα
903 4799 1197 4870 πολεμικὸν
1216 4802 1328 4864 τοῖς
1340 4801 1638 4872 ὀφθαλμοῖς
1665 4802 1758 4856 τοῦ

177 4889 299 4948 ταῖς
324 4885 492 4955 ᾠδαῖς
507 4888 892 4952 ὲπιπίπτοντος
913 4889 1378 4960 προδιαλυθέντος,
1391 4893 1758 4961 ἐμπίπτουσα,

176 4975 276 5047 τὴν
298 4975 481 5046 ψυχὴν
505 4977 961 5048 καταστρέφεται.
989 4979 1298 5051 Στρατηγδς
1315 4980 1371 5032 δὲ
1395 4981 1492 5051 τῆς
1512 4983 1762 5052 παρατά-

180 5067 318 5130 ξεως
339 5067 545 5136 ταύτης
569 5071 598 5121 ὁ
624 5063 765 5132 οἶνος
789 5070 1017 5139 γίνεται,
1040 5069 1232 5141 ῶσπερ
1253 5087 1337 5134 τις
1361 5073 1594 5144 πονηρὸς
1616 5075 1764 5142 τοξό-

177 5175 278 5227 της
301 5158 512 5220 διπλοῖς
543 5159 725 5229 βέλεσι
771 5160 1148 5225 κατατοξεύων
1198 5162 1290 5217 τὸν
1335 5161 1640 5234 ἄνθρωπον,
1670 5167 1762 5220 ἐπί

159 5243 238 5297 ’τε
270 5245 374 5316 τὴν
409 5247 579 5319 ἀκοὴν
605 5250 699 5302 καὶ
729 5249 826 5321 τὴν
847 5250 968 5320 ὄψιν
984 5249 1222 5308 εὐθύνων
1247 5250 1346 5315 τὰς
1363 5252 1552 5320 ἀκίδας
1572 5271 1586 5284 ο
1611 5255 1764 5325 βέλος

178 5339 288 5410 γὰρ
308 5339 522 5404 γίνεται
557 5341 658 5410 τῆς
690 5341 788 5412 μὲν
820 5342 1012 5412 ἀκοῆς.
1041 5341 1206 5414 ήῴδή
1231 5359 1244 5372 ·
1269 5343 1368 5413 τῆς
1396 5343 1452 5397 δὲ
1478 5344 1672 5414 ὅψεως,
1701 5348 1762 5400 τὸ

179 5430 529 5501 φαινόμενον.
565 5432 640 5484 Ob
678 5431 788 5502 γὰρ
810 5432 964 5504 ψιλὸν
985 5432 1152 5504 ὖνομα
1181 5431 1290 5485 τῶν
1321 5433 1573 5504 οἰνοχόων
1589 5436 1758 5489 ἐστίν·

177 5523 296 5574 ἀλλ’
323 5525 388 5575 ὲκ
417 5523 510 5576 τοῦ
549 5523 708 5596 ἔργου
739 5527 953 5590 πάντως
980 5527 1014 5596 ἠ
1035 5525 1321 5595 ἐπωνυμία
1341 5524 1567 5590 γίνεται.
1594 5527 1762 5582 Ὅταν

249 5693 301 5726 ’⁸
335 5691 360 5747 ι
398 5693 539 5749 Tim.
564 5711 638 5762 vr,
677 5694 761 5750 10.

1867 4524 2052 4578 trices.
2087 4520 2297 4575 Sulﬁcit
2330 4521 2539 4574 mentio
2566 4522 2851 4576 nominum
2895 4521 2962 4576 ad
3009 4521 3434 4576 describendum

1866 4613 2060 4667 vitium
2085 4651 2100 4678 ,
2131 4612 2196 4665 ad
2228 4612 2374 4682 quod
2407 4613 2550 4665 viam
2591 4611 2770 4665 munit
2813 4613 3039 4667 morbus
3064 4651 3079 4678 ,
3129 4613 3222 4682 qui
3263 4616 3435 4668 oritur

1866 4720 1933 4759 ex
1964 4702 2120 4773 copia
2156 4702 2422 4772 pecuniae.
2453 4701 2497 4758 Ο
2528 4703 2838 4772 improbum
2872 4712 2925 4758 et
2955 4705 3328 4773 importunum
3357 4721 3420 4760 ar

1866 4795 2094 4848 tilicium
2107 4809 2270 4864 quam
2288 4793 2515 4849 densum
2533 4795 2827 4848 acervatim
2848 4797 3084 4850 immittit
3100 4797 3434 4866 voluptatum

1866 4885 2164 4950 ﬂuentum,
2206 4883 2354 4954 quod
2399 4885 2570 4939 veluti
2617 4885 2943 4954 quihusdam
2976 4885 3290 4954 duplicibus
3326 4897 3427 4942 tor-

1865 4977 2117 5032 rentibus
2147 4992 2242 5047 per
2271 4975 2518 5030 auditum
2549 4985 2604 5030 et
2633 4979 2810 5030 visum
2843 4976 3072 5030 inundat
3099 4978 3311 5034 animas
3331 5018 3344 5040 ,
3379 4988 3429 5033 ut

1867 5069 2139 5130 videatur,
2189 5074 2242 5122 et
2287 5068 2545 5122 audiatur
2580 5068 2824 5122 malum!
2858 5067 3067 5122 Cantus
3104 5069 3301 5124 evertit
3339 5084 3429 5122 au-

1869 5161 2083 5224 ditum,
2142 5167 2402 5228 aspectus
2451 5169 2675 5228 supcrat
2731 5168 2784 5214 et
2835 5164 3134 5230 prosternit
3186 5159 3431 5214 oculum.

1873 5250 2012 5305 llinc
2047 5251 2332 5304 mulichris
2357 5266 2528 5305 sonus
2555 5266 2651 5320 per
2677 5250 2902 5305 fractam
2931 5261 3191 5307 cantuum
3225 5253 3428 5306 harmo

1869 5343 2015 5396 niam
2048 5355 2234 5394 secum
2271 5343 2437 5394 sumit
2472 5341 2538 5398 ad
2572 5356 2667 5396 cor
2696 5351 2751 5396 et
2782 5341 3003 5396 deducit
3031 5342 3246 5396 vitium.
3281 5342 3430 5398 Illinc

1867 5432 2021 5485 visus
2043 5437 2301 5500 tanquam
2330 5432 2512 5500 aliqua
2541 5431 2795 5486 machina
2821 5431 3016 5486 bellica
3043 5433 3095 5486 in
3119 5433 3340 5497 oculos,
3369 5448 3431 5492 et

1870 5523 2014 5595 quod
2045 5522 2099 5577 in
2131 5538 2292 5580 aures
2324 5523 2580 5580 cantibus
2617 5525 2928 5581 incurrerat
2957 5524 3070 5597 jam
3105 5527 3314 5591 fracto,
3351 5525 3418 5582 in
