3870 6220
214 315 325 370 677

1271 320 1336 376 IN
1376 320 1914 381 ECCLESIASTEN.
1949 321 2230 378 HOMILIA
2269 321 2336 377 IV

3359 325 3469 382 678

215 433 430 497 πάντας
451 435 576 498 τοὺς
605 436 929 507 γενομένους
958 437 1269 510 ἔμπροσθέν
1297 460 1398 513 μου
1430 445 1489 497 ὲν
1534 444 1791 515 Ἰερουσα-

1902 451 2327 514 praecesserunt.
2376 441 2519 497 Dicit
2552 442 2699 498 enim
2730 458 2745 495 :
2788 462 2807 496 ι
2833 442 3213 515 Magniﬁcatus
3265 460 3409 507 smn.
3442 467 3462 501 ι

215 524 352 596 ὶὴμ,
366 547 385 578 ο
406 529 499 581 καὶ
519 529 640 582 ὅτου
660 529 818 600 χάριν
850 531 1270 601 προπαιδευθεὶς
1303 534 1450 606 πάσῃ
1479 535 1639 607 σοφίᾳ
1661 537 1796 606 πρὸς

214 619 322 688 τὴν
351 619 458 672 τῶν
508 622 764 676 τοιούτων
796 623 1030 695 κατῆλθε
1063 626 1291 695 πεῖραν,
1327 626 1421 679 νῦν
1459 627 1551 680 τὸν
1597 628 1796 681 σκοπὸν

216 707 541 779 ἐξεκάλυψε.
592 730 610 763 ι
640 712 807 781 Σοφία
839 714 948 784 γάρ
998 733 1127 785 μου,
1157 717 1343 786 φησιν,
1378 716 1579 787 ἐστάθη
1628 734 1737 786 μοι.
1770 736 1789 769 ι

214 800 483 870 Σημαίνει
509 802 566 856 δὲ
595 802 682 857 διὰ
722 804 833 857 τῶν
876 806 1199 876 εἰρημένων,
1241 807 1323 859 ὃτι
1352 806 1446 860 Διά
1477 810 1572 878 τῆς
1606 808 1795 876 σοφίας

212 893 673 965 ἀνηρευνησάμην
719 897 899 950 πᾶσαν
940 898 1344 968 ἀπολαυστικὴν
1389 900 1653 963 ἐπίνοιαν,
1702 901 1797 954 καὶ

214 983 336 1037 ἐστι
364 1002 465 1055 μου
489 988 523 1056 ὴ
557 986 764 1040 διάνοια
793 990 886 1043 ἐπὶ
912 989 1004 1043 τοῦ
1033 992 1334 1062 ἀκροτάτου
1366 992 1474 1044 τῶν
1499 994 1557 1044 ὲν
1588 991 1797 1057 τούτοις

214 1078 644 1147 εὑρισκομένων.
679 1082 751 1135 Ἤ
778 1098 835 1135 τε
883 1080 1003 1150 ὄψις
1044 1086 1110 1153 τῇ
1160 1083 1423 1155 ἐπιθυμίᾳ
1468 1085 1794 1154 συνήργησε,

212 1170 312 1222 καὶ
343 1172 375 1238 ἡ
422 1170 738 1240 προαίρεσις
782 1172 870 1225 διά
914 1174 1014 1243 τῆς
1061 1176 1171 1228 τῶν
1220 1175 1394 1244 ὄψεων
1443 1176 1638 1246 ἡδονῆς
1690 1177 1798 1230 τῶν

214 1260 572 1329 καταθυμίων
607 1262 907 1334 ὲνεφορήθη
930 1280 943 1295 °
984 1265 1060 1328 ὡς
1093 1267 1256 1337 μηδὲν
1283 1266 1660 1339 ὲπιλειφθῆναι
1690 1269 1798 1321 τῶν

213 1352 297 1411 είς
330 1350 629 1404 ἀπόλαυσιν
657 1354 1090 1426 ἑπινοουμένων·
1141 1358 1276 1412 ἀλλά
1298 1377 1389 1428 μοι
1414 1357 1668 1425 γενέσθαι
1702 1377 1797 1429 με-

214 1440 342 1510 ρίδα
374 1444 616 1512 κτήσεως
648 1445 747 1514 τὴν
769 1447 878 1498 τῶν
908 1447 1027 1500 καθ’
1051 1448 1245 1519 ἡδονὴν
1282 1451 1572 1520 μετουσίαν
1597 1468 1611 1481 ο
1657 1451 1797 1522 ὅπερ

207 1532 369 1584 οὐδὲν
407 1533 534 1587 ἄλλο
581 1536 868 1605 σημαίνειν
896 1556 985 1608 μοι
1016 1541 1285 1608 φαίνεται,
1320 1543 1353 1614 ἢ
1386 1544 1468 1596 ὅτι
1504 1543 1796 1614 Περιέσχον

208 1626 272 1678 ἐν
305 1626 527 1695 ἐμαυτῷ
556 1629 734 1681 πᾶσαν
782 1630 1188 1703 ἀπολαυστικὴν
1232 1634 1499 1699 ἐπίνοιαν,
1542 1630 1652 1688 οἷον
1689 1636 1796 1689 ἀπό

206 1731 361 1779 τινος
398 1720 675 1788 κτήματος
721 1721 821 1793 τὴν
859 1722 1197 1793 εὐφροσύνην
1223 1725 1331 1778 ἀπὸ
1358 1725 1465 1779 τῶν
1496 1728 1793 1797 γινομένων

206 1812 622 1881 καρπούμενος.

1897 546 1952 592 et
1980 536 2227 605 adjecit:
2268 555 2285 587 ι
2312 536 2513 589 Praeter
2556 551 2748 593 omnes
2803 540 2896 606 qui
2956 538 3178 593 fuerunt
3210 550 3337 595 ante
3382 558 3470 596 me

1896 626 1951 678 in
1978 623 2341 688 Hierusalem,
2362 642 2380 675 ι
2418 633 2472 677 et
2505 639 2745 693 quanam
2776 626 2842 680 de
2869 642 3035 679 causa
3081 628 3236 695 prius
3280 631 3471 682 erudi-

1894 724 1985 773 tus
2009 717 2157 770 omni
2193 716 2486 785 sapientia,
2511 718 2809 771 accesserit
2837 718 2903 771 ad
2933 717 3246 773 faciendum
3277 735 3468 773 earum

1894 823 2078 862 rerum
2110 808 2438 877 periculum,
2472 808 2783 861 institutum
2809 818 2862 862 et
2892 825 3119 879 scopum
3156 826 3305 865 nunc
3333 826 3467 881 ape-

1896 900 2027 954 ruit.
2064 919 2081 952 ι
2108 898 2392 970 Sapientia
2432 901 2579 954 enim
2622 916 2740 954 mea
2795 902 2975 955 astitit
3023 902 3179 955 mihi.
3211 921 3231 955 ι
3282 902 3471 973 Signi-

1898 993 2217 1047 ﬁcatautem
2243 1008 2339 1063 per
2374 1008 2436 1046 ea
2467 1008 2588 1062 quae
2629 993 2774 1046 dicta
2803 1001 2951 1058 sunt,
2993 994 3136 1063 quod
3175 994 3471 1065 [nvestiga-

1895 1083 1947 1136 vi
2002 1081 2272 1152 quidquid
2330 1097 2427 1150 per
2462 1082 2789 1152 sapientiam
2827 1081 2893 1135 ad
2950 1081 3237 1137 fruendum
3289 1092 3471 1153 potest

1895 1175 2223 1243 excogitari,
2283 1183 2337 1227 et
2388 1188 2507 1227 mea
2543 1182 2796 1228 versatur
2826 1174 3090 1242 cogitatio
3138 1176 3192 1228 in
3244 1191 3465 1229 summo

1895 1280 2086 1319 eorum
2156 1280 2276 1334 quae
2316 1264 2373 1318 in
2420 1265 2506 1318 his
2551 1264 2927 1319 inveniuntur.
2981 1266 3170 1334 Itaque
3216 1273 3272 1319 et
3315 1268 3471 1321 visus

1896 1372 2053 1427 opem
2117 1358 2241 1411 tulit
2287 1358 2601 1427 cupiditati,
2646 1367 2701 1413 et
2753 1358 2982 1412 liberum
3043 1359 3330 1414 arbitrium
3377 1374 3472 1429 per

1896 1450 2231 1519 voluptatem
2268 1465 2459 1504 eorum
2506 1466 2627 1520 qua;
2669 1461 2999 1514 cernuntur,
3037 1453 3305 1524 repletum
3367 1454 3473 1507 fuit

1897 1540 1966 1593 iis
1991 1556 2111 1609 quae
2133 1540 2549 1609 erantjucunda
2580 1551 2633 1596 et
2674 1541 3018 1597 delectabilia
3051 1562 3066 1599 :
3124 1546 3261 1599 adeo
3299 1552 3358 1599 ut
3394 1547 3472 1599 ni-

1896 1632 1975 1685 hil
2036 1640 2181 1687 esset
2235 1633 2503 1701 reliquum
2557 1649 2625 1687 ex
2679 1634 2747 1687 iis
2789 1650 2910 1703 qua:
2965 1637 3345 1706 excogitantur
3403 1637 3472 1691 ad

1899 1720 2211 1787 fruendum,
2254 1722 2349 1775 sed
2399 1739 2529 1793 pars
2566 1727 2939 1793 possessionis
2978 1734 3127 1781 esset
3164 1728 3294 1781 mihi
3348 1743 3473 1798 par-

1820 1806 2141 1884 Bticipatio
2215 1830 2409 1869 eorum
2460 1832 2581 1886 quze
2636 1826 2889 1886 spectant
2950 1819 3018 1872 ad
3084 1821 3466 1889 voluptatem:

204 1902 361 1973 quod
404 1901 625 1971 quidem
662 1901 804 1956 nihil
832 1902 985 1957 aliud
1018 1904 1237 1960 videtur
1282 1906 1417 1960 mihi
1484 1906 1818 1976 signiﬁcare,
1860 1918 2028 1973 quam
2090 1905 2153 1959 ln
2196 1905 2411 1975 meipso
2440 1908 2838 1976 comprehendi
2866 1910 3137 1979 quidquid
3181 1909 3249 1963 ad
3294 1909 3474 1964 fruen-

205 1998 345 2055 dum
377 2005 558 2069 potest
590 2000 913 2070 excogitari,
951 2010 1009 2054 ut
1036 2009 1295 2071 tanquam
1331 2003 1769 2074 exfpos'sessione
1808 2002 1991 2072 aliqua
2021 2014 2086 2054 ex
2116 2000 2184 2055 iis
2206 2016 2325 2069 quae
2354 2010 2475 2055 orta
2523 2012 2655 2057 sunt
2717 2005 2961 2059 laetitiam
3036 2006 3375 2077 colligerem.

287 2112 310 2145 ι
339 2092 454 2145 Οὐκ
477 2089 805 2146 ἀπεκώλυσα
832 2092 940 2164 γὰρ
968 2095 1066 2165 τὴν
1094 2095 1321 2166 καρδίαν
1344 2113 1444 2166 μου
1472 2097 1578 2149 ἀπὸ
1608 2097 1790 2159 πάσης

203 2182 551 2256 εὐφροσύνης
583 2198 597 2212 ⁸
652 2185 746 2236 καὶ
779 2186 812 2255 ὴ
858 2185 1053 2256 καρδία
1086 2203 1186 2257 μου
1221 2187 1497 2259 εὐφράνθη
1540 2190 1596 2242 ὲν
1629 2189 1789 2241 παντὶ

208 2274 404 2345 μόχθῳ
434 2291 537 2343 μου
556 2290 570 2304 ο
603 2273 699 2327 καὶ
724 2273 881 2327 τοῦτο
908 2274 1126 2342 ἐγένετο
1155 2277 1313 2348 μερίς
1348 2294 1449 2347 μου
1479 2279 1571 2332 ἐπὶ
1593 2278 1789 2340 παντὸς

207 2367 419 2438 μόχθου
449 2383 549 2437 μου
569 2382 584 2397 ο
621 2386 639 2418 ι
698 2368 890 2439 μερίδα
924 2368 1023 2439 τὴν
1062 2369 1258 2440 κτῆσιν
1285 2371 1478 2440 λέγων.
1523 2372 1674 2424 Ἐπεὶ
1698 2367 1790 2424 οὖν

202 2460 457 2530 διεξῆλθε
481 2459 579 2529 τὴν
602 2460 694 2511 ὲπὶ
725 2460 923 2530 μέρους
952 2461 1179 2532 τρυφὴν,
1212 2463 1307 2515 ἀπ’
1334 2462 1508 2532 ἀρχῆς
1534 2464 1612 2524 είς
1641 2461 1791 2525 τέλος

206 2550 555 2622 ἐπιδραμὼν,
606 2552 699 2605 καὶ
740 2552 916 2605 πάντα
959 2552 1039 2622 τῷ
1086 2552 1227 2623 λόγῳ
1273 2552 1573 2618 διεξελθὼν,
1608 2553 1672 2605 δι’
1716 2545 1790 2604 ὧν

205 2647 327 2709 τοῖς
378 2644 741 2697 ἀπολαύουσιν
782 2644 841 2695 αἱ
882 2644 1063 2713 ἡδοναὶ
1109 2644 1545 2716 συνεγείρονται,
1586 2644 1656 2697 τὰ
1685 2644 1791 2697 τῶν

206 2735 664 2807 οἰκοδομημάτων
682 2734 875 2804 κάλλη,
896 2735 1020 2798 τοὺς
1044 2736 1395 2806 ἀμπελῶνας,
1415 2737 1539 2800 τοὺς
1562 2738 1790 2806 κήπους,

208 2828 318 2892 τὰς
345 2826 751 2899 κολυμϐήθρας,
784 2828 912 2891 τοὺς
965 2828 1342 2898 παραδείσους,
1380 2830 1479 2898 τὴν
1514 2828 1654 2881 κατὰ
1684 2828 1791 2881 τῶν

207 2916 505 2988 ὁμοφύλων
529 2917 723 2989 ἀρχὴν,
752 2917 849 2988 τὴν
875 2917 983 2971 τῶν
1015 2920 1312 2989 χρημάτων
1335 2919 1671 2989 περισσείαν,
1693 2920 1792 2989 τὴν

208 3012 274 3064 ὲν
302 3014 420 3074 τοῖς
448 3012 765 3081 συμποσίοις
809 3011 946 3082 πρὸς
982 3012 1079 3075 τὰς
1113 3012 1380 3083 θυμηδίας
1414 3014 1787 3084 παρασκευὴν,

206 3104 420 3166 πάντα,
472 3101 653 3167 καθὼς
695 3104 985 3176 ὀνομάζει,
1032 3105 1101 3158 τὰ
1142 3106 1553 3176 ὲντρυφήματα,
1603 3108 1660 3158 ὲν
1711 3100 1792 3169 οἷς

204 3194 571 3267 ἀπησχολήθη
595 3196 761 3249 αὑτοῦ
791 3200 825 3267 ὴ
855 3197 1037 3264 σοφία,
1064 3196 1133 3250 τὰ
1152 3198 1375 3249 τοιαῦτα
1397 3197 1791 3268 διερευνωμένη

206 3287 311 3340 καὶ
364 3290 443 3350 είς
481 3288 723 3341 ἐπίνοιαν
770 3290 1017 3357 ἄγουσα,
1060 3282 1135 3342 ὧν
1168 3289 1592 3343 ἀπολελαυκέναι
1636 3290 1788 3360 φησὶ,

1967 2090 2123 2147 «Non
2150 2094 2405 2163 prohibui
2434 2096 2579 2149 enim
2611 2110 2710 2150 cor
2733 2112 2914 2151 meum
2958 2097 3029 2151 ab
3064 2099 3215 2152 omni
3251 2097 3468 2160 laetitia,

1890 2193 1944 2241 et
1973 2200 2070 2241 cor
2106 2202 2287 2241 meum
2321 2188 2560 2241 laetatum
2605 2196 2690 2242 est
2718 2189 2771 2242 in
2804 2189 2954 2243 omni
2994 2190 3181 2245 labore
3226 2206 3386 2245 meo:
3416 2201 3473 2245 et

1888 2278 1995 2332 hoc
2022 2278 2130 2332 fuit
2157 2292 2286 2347 pars
2314 2293 2433 2333 mea
2484 2278 2539 2331 in
2571 2280 2721 2333 omni
2774 2280 2962 2339 labore
3003 2296 3124 2335 meo
3156 2301 3168 2334 :
3201 2300 3219 2331 ι
3259 2291 3467 2350 partem

1891 2368 2084 2423 dicens
2120 2360 2519 2438 possesionem.
2565 2368 2866 2440 Postquam
2892 2386 3025 2440 ergo
3052 2371 3329 2426 recensuit
3363 2388 3458 2426 eas

1891 2474 2011 2529 quae
2049 2467 2177 2514 sunt
2205 2460 2260 2513 in
2302 2470 2454 2529 parte
2482 2460 2903 2527 delectationes,
2926 2462 2995 2516 ab
3031 2463 3190 2516 initio
3219 2463 3287 2516 ad
3306 2463 3468 2516 linem

1890 2567 2071 2622 usque
2104 2568 2465 2622 persequens,
2507 2561 2561 2607 et
2590 2554 2839 2609 oratione
2860 2555 3047 2616 omnia
3070 2555 3467 2624 complectens.

1890 2658 1988 2712 per
2009 2659 2171 2713 quem
2205 2645 2272 2698 ab
2298 2646 2367 2699 iis
2393 2645 2485 2715 qui
2521 2645 2800 2711 fruuntur,
2846 2646 3185 2716 colliguntur
3210 2648 3467 2716 volupta—

1902 2744 2005 2799 tes,
2055 2735 2411 2790 aediﬁciorum
2465 2735 2956 2806 pulchritudinem,
3002 2737 3205 2797 vineta,
3256 2736 3466 2797 hortos,

1891 2830 2156 2899 piscinas.
2200 2829 2466 2901 pomaria,
2515 2830 2807 2900 imperium
2853 2828 2906 2882 in
2941 2843 3041 2882 eos
3076 2829 3170 2898 qui
3221 2836 3350 2882 sunt
3383 2830 3470 2883 sui

1893 2917 2130 2987 generis,
2163 2917 2409 2986 pecuniae
2442 2925 2496 2972 et
2528 2918 2846 2971 facultatum
2884 2918 3118 2987 copiam,
3146 2926 3469 2987 apparatum

1893 3009 1947 3062 in
1974 3008 2243 3064 conviviis
2267 3008 2334 3063 ad
2363 3025 2428 3063 ea
2460 3026 2584 3079 quae
2621 3019 2748 3063 sunt
2776 3010 3045 3079 jucunda,
3076 3026 3290 3076 omnes,
3326 3012 3471 3066 sicut

1893 3100 2010 3169 ipse
2034 3099 2301 3164 nominat,
2330 3101 2581 3165 delicias,
2623 3101 2679 3154 in
2720 3103 2922 3170 quibus
2950 3109 3169 3157 versata
3208 3102 3312 3156 fuit
3343 3103 3468 3172 ejus

1892 3190 2187 3258 sapientia,
2212 3206 2275 3245 ea
2306 3202 2663 3260 perscrutans
2702 3200 2756 3245 et
2779 3194 3121 3262 exeogitaus,
3169 3210 3232 3248 ex
3269 3195 3471 3263 quibus

1895 3296 1993 3351 per
2026 3297 2245 3336 onmem
2287 3298 2508 3337 sensum
2542 3282 2679 3336 dicit
2700 3298 2761 3337 se
2800 3286 3083 3353 accepisse
3107 3286 3467 3355 voluptatem,

205 3378 306 3431 διὰ
352 3379 531 3451 πάσης
583 3378 921 3449 αἰσθήσεως,
968 3380 1077 3433 τῶν
1114 3397 1172 3434 τε
1217 3380 1508 3450 ὀφθαλμῶν
1548 3380 1616 3433 τὰ
1654 3381 1789 3451 πρὸς

1897 3381 1943 3426 et
1964 3374 2139 3429 oculis
2161 3389 2222 3428 ea
2251 3374 2656 3429 invenientibus
2681 3390 2801 3445 quae
2832 3373 3041 3429 faciunt
3070 3377 3135 3431 ad
3155 3378 3473 3433 delectatio-

207 3468 925 3541 ἡδονὴν·εὑρισκόντων,τῆς
942 3488 1000 3523 τε
1017 3471 1191 3541 ψυχῆς
1212 3470 1437 3541 ἐχούσης
1464 3473 1570 3523 πᾶν
1591 3471 1650 3523 τὸ
1673 3472 1791 3523 κατ’

206 3558 515 3627 ἐπιθυμίαν
562 3559 869 3623 ἀκώλυτον,
916 3559 1035 3612 τότε
1085 3560 1183 3631 τὴν
1231 3558 1451 3630 πρώτην
1503 3559 1791 3631 ὲρμηνεύει

209 3647 425 3719 φωνὴν,
450 3650 516 3719 ἢν
536 3652 593 3702 ἐν
617 3652 922 3722 προοιμίοις
948 3649 1042 3703 τοῦ
1066 3651 1224 3719 λόγου
1248 3652 1560 3721 πεποίηται,
1588 3653 1792 3723 μάταια

209 3737 360 3793 εἶναι
385 3741 454 3793 τά
478 3742 654 3796 πάντα
678 3744 1116 3813 ἀποφηνάμενος.
1154 3744 1291 3813 Φησὶ
1318 3742 1424 3813 γὰρ
1456 3745 1592 3814 πρὸς
1616 3745 1788 3799 ταῦτα

212 3832 457 3901 βλέπων,
505 3835 633 3903 περὶ
679 3834 777 3904 τῆς
825 3833 1169 3905 ἀνθρωπίνης
1200 3833 1347 3903 ζωῆς
1384 3834 1786 3905 ἀποφήνασθαι,

207 3923 299 3976 ὅτι
329 3925 509 3977 πάντα
539 3924 834 3994 ματαιότης
866 3924 1034 3987 ἐστὶν,
1058 3923 1207 3995 ὅσαῆ
1223 3939 1281 3977 τε
1301 3923 1550 3995 αἴσθησις
1578 3925 1784 3995 βλέπει,

208 4014 309 4068 καὶ
365 4016 517 4084 παρά
565 4014 673 4068 τῶν
729 4014 1030 4086 ἀνθρώπων
1085 4018 1167 4080 είς
1210 4016 1548 4088 εὐφροσύνην
1598 4020 1787 4089 ἐπιτη-

207 4104 451 4159 δεύεται.

289 4215 311 4248 ι
366 4195 669 4265 Ἐπέὸλεψα
700 4195 808 4269 γὰρ
846 4198 903 4250 ὲν
938 4199 1069 4251 πᾶσι
1110 4200 1222 4262 τοῖς
1262 4199 1527 4270 ποιήμασί
1562 4216 1683 4269 μου,
1714 4192 1796 4262 οἷς

208 4287 482 4357 ἐποίησαν
513 4289 571 4340 αἱ
616 4288 794 4360 χεῖρές
835 4306 957 4359 μου,
1002 4289 1096 4342 καὶ
1127 4290 1183 4342 ὲν
1214 4290 1375 4343 παντὶ
1404 4290 1587 4360 μόχθῳ
1627 4308 1727 4360 μου
1751 4283 1797 4357 ᾧ

206 4376 497 4447 ἐμόχθησα
542 4378 640 4431 τοῦ
686 4380 877 4438 ποιεῖν,
908 4379 1001 4431 καὶ
1043 4379 1149 4434 ίδοὺ
1179 4380 1248 4434 τά
1278 4380 1453 4434 πάντα
1479 4381 1792 4452 ματαιότης,

207 4472 310 4525 καὶ
341 4469 658 4541 προαίρεσις
703 4470 1030 4540 πνεύματος,
1070 4470 1164 4523 καὶ
1202 4471 1301 4524 οὑκ
1347 4471 1460 4523 ἐστι
1511 4472 1795 4541 περισσεία

206 4560 320 4615 ὑπὸ
350 4562 443 4614 τὸν
474 4561 644 4631 ἥλιον.
679 4579 699 4613 ι
728 4562 884 4614 Πᾶσα
912 4562 1020 4632 γὰρ
1048 4563 1082 4632 ἡ
1110 4562 1218 4615 τῶν
1243 4563 1545 4633 αἰσθήσεων
1568 4563 1793 4634 δύναμίς

206 4673 271 4709 τε
307 4653 408 4707 καὶ
440 4652 710 4723 ἐνέργεια,
742 4653 865 4725 ὅρον
893 4653 1006 4724 ἔχει
1047 4653 1143 4725 τὴν
1170 4655 1257 4723 ὑφ’
1286 4654 1421 4725 ἡλίῳ
1453 4655 1623 4727 ζωήνο
1653 4656 1714 4709 τὺ
1737 4655 1793 4708 δὲ

206 4745 475 4798 ἐπέκεινα
510 4742 788 4813 διαϐῆναι.
836 4744 929 4796 καὶ
973 4742 1081 4795 τῶν
1125 4744 1531 4815 ὑπερκειμένων
1574 4745 1792 4813 ἀγαθῶν

1898 3481 2045 3528 nem,
2095 3474 2148 3520 et
2179 3467 2418 3521 habente
2449 3467 2631 3521 anima
2667 3468 2878 3537 absque
2899 3469 3278 3537 prohibitione
3309 3472 3473 3541 quid-

1896 3556 2028 3626 quid
2061 3558 2493 3627 concupiscitur,
2514 3568 2644 3612 tunc
2678 3558 3073 3628 interpretatur
3114 3562 3347 3631 primam
3377 3579 3471 3615 vo-

1896 3663 2038 3711 cem,
2071 3664 2180 3718 qua
2229 3666 2364 3703 usus
2408 3658 2495 3704 est
2526 3650 2581 3704 in
2625 3650 2855 3705 exordio
2904 3652 3049 3716 libri,
3077 3654 3303 3722 quando
3329 3656 3471 3709 dixit

1895 3754 2038 3792 vana
2069 3755 2195 3795 esse
2219 3742 2425 3794 omnia.
2468 3741 2612 3795 Dicit
2652 3743 2799 3796 enim
2832 3743 2899 3797 ad
2948 3744 3065 3798 haec
3110 3746 3357 3811 intuens,
3410 3764 3471 3802 se

1894 3829 1962 3884 de
1988 3832 2229 3885 humana
2274 3833 2386 3886 vita
2433 3834 2845 3903 pronuntiasse,
2887 3837 3073 3890 omnia
3106 3852 3225 3891 esse
3255 3838 3468 3891 vanita-

1894 3930 2026 3987 tem,
2071 3932 2124 3978 et
2158 3940 2280 3993 qua:
2312 3940 2510 3979 sensus
2542 3927 2764 3996 aspicit,
2804 3935 2860 3982 et
2888 3943 3011 3998 qua:
3043 3929 3113 3983 ab
3140 3928 3461 3984 hominibus

1893 4024 2221 4070 exercentur
2258 4016 2326 4069 ad
2363 4016 2628 4071 laetitiam.

1968 4194 2055 4248 ll.
2130 4194 2400 4265 «Aspexi,
2432 4214 2451 4247 ι
2498 4195 2696 4267 inquit,
2731 4216 2749 4248 ι
2777 4198 2834 4252 in
2891 4198 3151 4254 omnibus
3199 4200 3461 4269 operibus

1896 4288 2055 4353 meis,
2084 4303 2207 4356 qua:
2235 4287 2485 4343 fecerunt
2514 4305 2709 4345 manus
2734 4306 2887 4353 meae,
2915 4302 2970 4346 et
3006 4294 3061 4345 in
3088 4293 3235 4347 omni
3258 4292 3465 4356 labore,

1895 4394 2056 4449 quem
2083 4379 2327 4434 laboravi
2363 4389 2423 4434 ut
2448 4381 2705 4446 facerem,
2752 4392 2809 4437 et
2832 4398 2964 4438 ecce
2992 4385 3177 4438 omnia
3222 4385 3464 4450 vanitas,

1894 4478 1947 4522 et
1967 4470 2275 4525 voluntaria
2302 4470 2519 4526 aﬂ‘ectio
2550 4472 2803 4541 spiritus,
2847 4483 2900 4529 et
2931 4491 3038 4528 non
3067 4484 3153 4531 est
3200 4477 3304 4531 sub
3345 4484 3464 4533 sole

1896 4560 2288 4617 redundantia.
2316 4582 2335 4614 ι
2364 4562 2556 4619 Omnis
2588 4565 2735 4619 enim
2777 4580 3040 4621 sensuum
3076 4568 3160 4621 vis
3188 4575 3244 4621 et
3269 4584 3465 4637 opera-

1896 4652 1972 4705 tio
2002 4666 2163 4706 suum
2188 4654 2349 4709 habet
2375 4655 2698 4720 terminum,
2719 4657 2885 4710 vitam
2921 4672 3043 4727 qua;
3071 4665 3157 4712 est
3180 4658 3284 4713 sub
3310 4660 3462 4714 sole:

1896 4741 2131 4797 ulterius
2159 4753 2340 4799 autem
2387 4747 2645 4807 transire.
2698 4755 2752 4800 et
2786 4762 2908 4813 qua:
2947 4763 3112 4819 supra
3158 4758 3286 4803 sunt
3325 4750 3465 4804 bona

206 4838 269 4889 ἑν
298 4833 547 4905 περινοίᾳ
572 4833 844 4901 γενέσθαι,
876 4836 909 4903 ὴ
943 4833 1230 4905 αἰσθητικὴ
1261 4834 1419 4901 φύσις
1446 4835 1508 4887 οὑ
1542 4834 1783 4888 δύναται.

1897 4835 2228 4903 cogitatione
2249 4837 2564 4905 complecti,
2600 4852 2708 4892 non
2745 4845 2930 4906 potest
2956 4839 3204 4893 sentiens
3242 4846 3462 4895 natura.

205 4926 402 4979 Ταῦτα
442 4920 535 4978 οὖν
578 4925 753 4978 πάντα
798 4926 891 4977 καὶ
924 4923 993 4978 τὰ
1028 4924 1250 4978 τοιαῦτα
1292 4924 1788 4995 κατασκεψάμενος,

204 5013 459 5067 παιδεύει
486 5012 578 5065 τὸν
608 5012 742 5082 βίον,
769 5012 831 5065 τὸ
858 5014 994 5083 πρὸς
1027 5013 1191 5083 μηδὲν
1218 5013 1325 5067 τῶν
1356 5007 1456 5066 ὧδε
1487 5013 1789 5084 θαυμαστι-

206 5104 326 5166 κῶς
360 5102 707 5165 διατίθεσθαι,
745 5102 989 5166 πλοῦτον,
1021 5103 1346 5173 φιλοτιμίαν,
1382 5104 1479 5173 τὴν
1511 5105 1649 5157 κατὰ
1679 5104 1789 5157 τῶν

207 5194 542 5264 ὑποχειρίων
570 5192 761 5265 ἀρχὴν,
784 5194 1075 5265 θυμηδείας
1096 5212 1153 5248 τε
1169 5196 1262 5248 καὶ
1286 5197 1514 5265 τρυφὰς,
1538 5198 1630 5249 καὶ
1652 5214 1789 5266 συμ-

204 5288 397 5348 πόσια,
428 5285 521 5338 καὶ
548 5284 602 5336 ετ
635 5302 688 5336 τι
727 5284 853 5338 ἀλλο
894 5285 1001 5338 τῶν
1046 5286 1242 5355 τιμίων
1274 5282 1409 5337 εἶναι
1448 5286 1783 5357 νενόμισται·

204 5377 327 5430 ἀλλ’
355 5379 484 5447 δρᾷν
518 5377 598 5429 ὅτι
627 5376 684 5429 ἓν
715 5376 866 5439 τέλος
905 5376 1014 5429 τῶν
1039 5375 1293 5430 τοιούτων
1320 5376 1569 5430 ἁπάντων
1614 5379 1647 5447 ὴ
1684 5395 1788 5447 μα-

203 5469 433 5538 ταιότης
462 5470 627 5535 ἐστὶν,
658 5463 726 5539 ἦς
757 5468 1044 5539 περισσεία
1072 5469 1152 5531 είς
1191 5467 1252 5520 τὸ
1289 5466 1484 5537 ἐφεξῆς
1510 5468 1607 5537 οὑχ
1640 5468 1788 5539 εὑρί-

207 5577 423 5615 σκεται.
459 5560 722 5631 Καθάπερ
750 5558 860 5629 γὰρ
889 5560 938 5611 οἱ
982 5558 1103 5611 καθ’
1130 5557 1318 5621 ὓδατος
1348 5559 1668 5627 γράφοντες,
1704 5560 1788 5610 έν-

204 5650 438 5723 εργοῦσι
469 5651 565 5720 μὲν
593 5650 681 5704 διὰ
710 5650 811 5720 τῆς
834 5649 1013 5720 χειρὸς
1039 5650 1137 5720 τὴν
1162 5648 1395 5721 γραφὴν,
1429 5650 1554 5714 τοὺς
1586 5649 1787 5715 τύπους

203 5742 321 5798 τῶν
348 5743 709 5816 χαρακτήρων
746 5745 804 5797 ὲν
838 5740 916 5813 τῷ
960 5740 1111 5813 ὑγρῷ
1143 5741 1606 5813 ὲνδιαγράφοντες,
1637 5741 1788 5814 μένει

1894 4924 2032 4977 Cum
2070 4925 2184 4980 haec
2212 4942 2342 4996 ergo
2369 4929 2575 4991 omnia,
2613 4936 2669 4982 et
2698 4944 2822 4997 quae
2856 4939 2985 4984 sunt
3027 4929 3295 4997 ejusmodi
3334 4945 3468 4983 con-

1893 5013 2217 5080 siderasset,
2247 5019 2413 5071 vitam
2450 5017 2658 5081 erudit,
2703 5026 2763 5072 ut
2802 5018 2938 5072 nihil
2984 5034 3174 5072 eorum
3212 5035 3335 5088 qua:
3376 5020 3465 5072 hic

1891 5114 2042 5171 sunt,
2076 5108 2399 5173 admiretur,
2433 5125 2542 5163 non
2584 5126 2739 5180 opes,
2776 5125 2887 5163 non
2919 5109 3179 5170 honores,
3227 5124 3339 5163 non
3368 5110 3468 5163 im-

1893 5196 2107 5262 perium
2141 5197 2194 5250 in
2220 5197 2523 5265 subjectos.
2563 5215 2674 5252 non
2704 5200 2921 5266 epulas.
2960 5197 3218 5251 convivia
3259 5205 3314 5251 et
3360 5199 3460 5252 de-

1893 5287 2075 5352 licias,
2109 5297 2164 5343 et
2196 5290 2241 5343 si
2274 5291 2406 5359 quid
2438 5290 2584 5343 aliud
2603 5291 2956 5345 existimatur
2974 5305 3098 5344 esse
3120 5290 3461 5359 pretiosum:

1893 5378 1990 5435 sed
2022 5380 2204 5434 videat
2235 5381 2382 5451 quod
2416 5381 2609 5435 horum
2634 5383 2879 5436 omnium
2908 5398 3053 5435 unus
3089 5381 3212 5435 linis
3247 5391 3331 5435 est
3363 5397 3463 5433 va-

1891 5472 2061 5535 nitas,
2093 5471 2254 5539 cujus
2274 5473 2544 5541 reliquum
2568 5473 2828 5542 deinceps
2852 5489 2962 5527 non
2999 5473 3303 5526 invenitur.
3341 5470 3464 5537 Quo

1894 5564 2061 5617 modo
2105 5564 2252 5617 enim
2288 5564 2381 5632 qui
2430 5564 2683 5617 scribunt
2732 5565 2787 5617 in
2832 5580 2995 5633 aqua,
3041 5580 3205 5617 manu
3238 5562 3460 5632 quidem

1893 5651 2137 5706 elliciunt
2184 5652 2556 5721 scripturam,
2610 5661 2773 5721 typos
2818 5652 3207 5707 characterum
3249 5650 3463 5705 descri-

1892 5742 2087 5802 bentes
2120 5744 2177 5801 in
2221 5744 2490 5813 humido;
2540 5760 2605 5801 ex
2634 5746 3060 5802 cnaracteribus
3098 5752 3284 5801 autem
3320 5742 3457 5798 nihil
