3870 6220
424 284 532 344 679

1627 288 1683 343 s.
1720 286 2046 346 GREGORH
2085 286 2378 355 Mssa-Ni

3581 284 3695 342 680

415 405 604 453 manet
635 397 690 451 in
722 397 894 468 ﬁgura
925 418 937 452 :
973 398 1068 454 sed
1101 401 1381 458 scribendi
1435 418 1602 474 opera
1635 413 1722 458 est
1771 410 1986 460 tantum

2121 401 2146 454 ὲ
2186 401 2295 456 τῶν
2339 399 2710 472 χαραγμάτων
2751 397 2902 452 οὐδὲν
2957 397 3050 450 ἐπὶ
3106 398 3415 468 σχήματος)
3472 396 3596 452 ἀλλ’
3651 399 3690 470 ἡ

416 493 548 546 dum
582 491 1133 546 scribiturzmauum
1179 494 1328 547 enim
1371 510 1590 564 semper
1633 494 1885 565 sequitur
1930 507 1992 544 a-

417 598 541 651 qua!
571 581 919 652 superlicies,
956 582 1008 636 id
1039 584 1185 652 quod
1218 592 1302 638 est
1333 587 1665 653 impressum
1698 585 1946 654 levigans
1973 599 1987 635 :

418 673 492 726 ita
528 687 694 726 omne
726 672 968 726 studium
985 681 1042 727 et
1068 674 1320 743 operatio
1337 691 1460 745 qua:
1489 676 1782 746 poniturin
1804 675 1994 729 fruen-

419 765 488 818 da
513 765 819 834 voluptate,
851 775 1080 835 apparet
1133 767 1186 820 in
1223 767 1292 823 iis
1334 783 1457 840 qua:
1490 769 1645 823 ﬁunt.
1689 766 1828 824 Nam
1865 783 1992 822 cum

418 858 723 912 cessaverit
753 857 1026 926 operatio,
1060 858 1276 912 deletur
1305 860 1473 914 etiam
1510 876 1710 915 sensus
1738 861 1994 931 volupta-

420 951 513 1014 tis,
547 966 723 1021 neque
753 951 874 1019 ejus
901 952 1204 1021 quidquam
1233 954 1472 1023 amplius
1517 955 1862 1017 reconditur,
1897 968 1998 1008 ne—

419 1059 529 1112 que
572 1042 663 1105 iis,
701 1045 793 1113 qui
847 1044 1130 1105 laetantur,
1186 1056 1434 1100 remanet
1491 1047 1660 1100 ullum
1701 1046 1994 1116 vestigium

421 1142 516 1186 aut
550 1135 799 1204 reliquim
831 1137 1195 1205 operationis,
1249 1154 1372 1207 quae
1417 1149 1541 1193 erat
1582 1154 1648 1193 ex
1688 1139 1992 1208 voluptate.

423 1223 541 1278 lloc
585 1234 670 1280 est
705 1227 851 1296 quod
906 1227 1180 1297 signiﬁcat
1219 1230 1270 1284 id
1321 1231 1472 1300 quod
1507 1230 1643 1285 dicit
1683 1248 1696 1284 :
1731 1229 1852 1284 Non
1911 1237 1998 1284 est

424 1316 696 1385 reliquum
721 1317 824 1370 sub
857 1319 973 1372 sole
1007 1319 1074 1373 iis
1111 1319 1205 1386 qui
1247 1321 1300 1372 in
1337 1321 1407 1375 iis
1442 1321 1724 1384 laborant,
1753 1335 1995 1390 quorum

421 1407 694 1460 terminus
720 1417 805 1461 est
833 1407 1070 1460 vanitas.
1103 1406 1269 1462 Extra
1296 1424 1416 1478 quae
1431 1425 1532 1465 nos
1553 1425 1776 1480 quoque
1796 1410 1996 1472 siu‘ius,

425 1497 601 1565 gratia
634 1493 847 1550 Domini
879 1499 1051 1551 nostri
1077 1496 1209 1552 Jesu
1239 1498 1470 1562 Christi.
1497 1501 1584 1555 cui
1619 1501 1793 1571 gloria
1820 1502 1873 1554 in
1907 1517 2002 1556 sae-

422 1587 550 1642 cula
583 1588 933 1642 saeculorum.
965 1589 1162 1644 Amen.

1012 1767 1300 1824 HOMILIA
1341 1769 1407 1825 ν.

500 1929 653 1985 Nunc
687 1945 916 2000 magnus
951 1931 1058 1986 dux
1101 1931 1362 1988 Ecclesiae
1389 1948 1492 1987 nos
1519 1934 1753 2004 mystice
1775 1931 2006 1988 deducit

427 2023 495 2076 ad
535 2023 862 2092 disciplinas
889 2024 1263 2079 sublimiores.
1292 2023 1428 2079 Nam
1461 2041 1586 2080 cum
1616 2026 1684 2080 iis
1706 2042 1828 2096 quae
1850 2027 2006 2096 prius

428 2113 572 2167 dicta
605 2121 753 2176 sunt,
781 2122 1002 2169 nostras
1032 2124 1321 2186 purgasset
1360 2117 1601 2178 animas,
1643 2128 1698 2172 et
1736 2117 2006 2172 abduxis-

428 2215 515 2258 set
549 2205 617 2258 ab
657 2207 806 2260 omni
862 2208 1162 2276 cupiditate
1202 2223 1325 2278 quae
1382 2209 1705 2266 hominibus
1755 2210 1902 2266 inest
1940 2226 2008 2264 ex

429 2297 696 2359 vanitate,
721 2298 795 2351 ita
825 2297 1044 2351 demum
1087 2307 1326 2354 mentem
1378 2301 1534 2355 ducit
1571 2302 1636 2356 ad
1689 2304 2006 2364 veritatem,

433 2404 616 2442 rerum
653 2404 922 2441 vanarutn
958 2389 1167 2455 dolore,
1226 2391 1397 2446 veluti
1433 2392 1672 2462 quodam
1719 2407 1888 2446 onere
1911 2409 2007 2446 ex-

429 2495 598 2534 cusso
631 2495 698 2533 ex
729 2480 993 2535 humeris.
1032 2479 1110 2534 Ita
1138 2490 1320 2537 autem
1350 2490 1613 2553 tauquam
1661 2483 1718 2537 in
1754 2484 2011 2553 dogmate

431 2561 718 2625 erud:atur
773 2571 1044 2636 Ecclesia,
1099 2573 1298 2627 edocta
1354 2589 1384 2628 a
1434 2576 1692 2644 pra‘scnti
1734 2576 2008 2644 doctrina,

433 2664 578 2732 quod
612 2663 756 2727 vitaz,
782 2677 905 2733 qua:
945 2678 1010 2718 ex
1045 2664 1248 2720 virtute
1293 2665 1496 2734 agitur,
1545 2674 1628 2721 est
1677 2669 2010 2737 principium

433 2770 558 2807 esse
586 2764 741 2807 extra
774 2755 992 2807 vitium.
1032 2753 1262 2824 Magnus
1296 2759 1445 2811 enim
1481 2758 1648 2814 David
1681 2762 1736 2814 in
1783 2763 2013 2829 psalmis

434 2846 728 2916 quamdam
769 2846 978 2900 faciens
1009 2847 1419 2902 institutionem
1468 2851 1595 2905 vita:
1622 2854 1858 2906 rationis
1891 2868 2013 2923 qua:

434 2953 572 3009 pure
602 2946 685 2992 est
720 2937 953 3007 agenda,
989 2954 1098 2990 non
1131 2938 1328 3008 incipit
1377 2957 1406 2994 a
1447 2942 1792 3010 perfectione
1817 2961 2011 2998 eorum

436 3038 712 3101 quaasuut
745 3033 799 3084 in
837 3029 1202 3084 beatitudine.
1223 3029 1348 3084 ‘Non
1381 3033 1529 3086 enim
1554 3033 1695 3087 divit
1735 3051 1858 3090 eum
1889 3052 2014 3092 esse

436 3125 681 3185 beatum,
713 3124 798 3176 cui
829 3121 1013 3176 omnia
1064 3129 1214 3176 recte
1255 3123 1587 3188 succedunt,
1641 3125 1734 3195 qui
1786 3127 2012 3181 assimi—

438 3218 581 3271 latns
611 3225 696 3270 est
721 3215 886 3284 ligno,
918 3213 1064 3282 quod
1103 3215 1404 3282 plantatum
1435 3224 1520 3269 est
1553 3231 1717 3271 secus
1736 3217 2014 3274 decursus

437 3323 728 3378 aquarum,
783 3307 874 3376 qui
931 3315 1191 3376 perpetuo
1234 3305 1434 3361 ﬁorens
1490 3317 1676 3362 manet
1734 3311 1788 3363 in
1829 3310 2024 3374 bonis,

439 3401 530 3470 qui
561 3400 899 3468 temporibus
945 3399 1401 3453 convenientibus
1439 3398 1653 3454 fructus
1693 3402 1820 3455 vitae
1862 3403 2016 3456 colli-

439 3495 578 3563 git"
618 3512 630 3547 :
666 3495 759 3547 sed
790 3493 1146 3547 beatitudinis
1185 3493 1516 3564 principium
1545 3496 1835 3550 constituit
1862 3496 2016 3551 desi-

440 3605 571 3644 nere
592 3605 619 3641 a
645 3589 804 3643 malis
821 3590 889 3651 ",
919 3597 1109 3657 utpote
1133 3588 1276 3657 quod
1301 3604 1411 3642 non
1434 3589 1538 3642 alia
1561 3591 1775 3645 ratione
1812 3592 2014 3646 bonum

441 3697 564 3736 esse
596 3682 903 3751 contingat,
934 3682 1263 3750 priusquam
1289 3681 1409 3734 vitii
1443 3681 1638 3737 sordes
1684 3684 1908 3738 eluerit.
1938 3685 2016 3739 Ita

442 3789 575 3843 ergo
607 3777 660 3826 in
699 3773 873 3844 signis
899 3788 1122 3844 quoque
1164 3774 1255 3828 hic
1303 3773 1676 3832 Ecclesiastes
1707 3792 1846 3831 vana
1905 3779 2021 3847 pri-

445 3879 594 3916 mum
629 3863 810 3918 autem
834 3864 1040 3927 verbis,
1083 3873 1140 3917 ut
1167 3865 1448 3935 quomodo
1495 3866 1548 3920 in
1595 3883 1826 3937 corpore
1864 3869 2022 3924 labo-

441 3964 602 4009 rante
633 3970 693 4010 ea
725 3971 833 4024 qua
878 3971 976 4024 par
1000 3965 1085 4010 est
1133 3971 1265 4009 cura
1309 3967 1616 4027 expurgato
1661 3960 1876 4022 morbo,
1919 3976 2021 4015 sua

446 4055 645 4116 sponte
673 4045 830 4102 adest
849 4047 1054 4101 bonum
1083 4049 1362 4103 sanitatis.
1402 4051 1703 4118 Pi-Opterea
1719 4053 2020 4107 vanitatem

445 4149 531 4193 est
553 4138 804 4193 oratione
831 4148 1157 4207 persecutus
1189 4182 1203 4203 ,
1261 4140 1456 4196 dicens
1491 4157 1718 4197 sensum
1758 4159 1868 4198 non
1899 4160 2024 4202 esse

446 4239 624 4284 tulum
645 4229 771 4283 boni
788 4237 842 4282 et
859 4229 1073 4284 honesti
1088 4229 1328 4297 judicem
1352 4250 1365 4285 :
1385 4232 1621 4300 subjecit
1635 4234 1814 4288 oculis
1835 4250 1898 4289 ea
1915 4252 2024 4292 non

447 4335 614 4391 posce
659 4320 986 4382 consistere,
1023 4337 1259 4390 quorum
1307 4323 1492 4377 studio
1536 4331 1808 4380 tenemur.
1851 4326 2024 4398 Sepa-

448 4412 590 4464 ravit
620 4420 866 4463 nostram
909 4410 1232 4479 cupiditatis
1280 4411 1620 4467 aﬁectionem
1671 4431 1700 4468 ιι
1741 4416 2023 4487 voluptate
2056 4433 2100 4487 ι)

448 4501 696 4569 corporis
726 4517 738 4553 :
770 4509 824 4554 et
857 4500 929 4554 ita
976 4502 1218 4555 ostendit
1251 4501 1304 4555 id
1347 4504 1491 4572 quod
1534 4521 1659 4560 vere
1687 4514 1772 4562 est
1817 4509 2022 4578 eligen-

448 4591 604 4654 dum,
646 4591 794 4660 quod
847 4607 975 4646 vere
1027 4594 1390 4664 expetendum
1437 4610 1502 4648 ac
1551 4596 2025 4655 desiderandum:

451 4683 612 4751 cujus
641 4682 882 4736 studium
916 4697 1004 4736 res
1054 4681 1344 4737 esteﬁicax
1395 4691 1451 4737 et
1495 4684 1637 4740 bene
1690 4688 2024 4752 consistens,

453 4791 670 4846 semper
698 4793 1024 4847 permanens
1053 4777 1193 4847 apud
1222 4793 1318 4831 eos
1348 4777 1442 4847 qui
1485 4778 1664 4848 ipsum
1696 4790 2024 4851 sequuntur,

456 4876 769 4937 separatum
809 4882 838 4920 a
881 4867 1141 4922 vanitatis
1166 4869 1318 4921 omni
1347 4869 1702 4938 cogitatione.

526 5016 659 5072 CAP.
691 5033 752 5079 ιι,
801 5034 854 5070 v.
886 5017 973 5073 12.
1011 5047 1081 5058 --
1121 5036 1138 5067 ι
1164 5015 1428 5086 Aspexi,»
1466 5018 1665 5088 inquit,
1711 5039 1729 5070 ι
1757 5029 1816 5074 ιιι
1873 5023 2025 5078 ride-

459 5123 575 5164 rem
621 5109 972 5179 sapientiam.
1001 5128 1019 5160 ι
1063 5106 1134 5162 Ut
1178 5117 1360 5162 autem
1398 5120 1657 5166 accurate
1698 5113 1941 5168 viderem
1974 5115 2029 5168 id

460 5199 605 5268 quod
641 5199 1004 5265 desideratur,
1050 5199 1160 5254 vidi
1197 5202 1352 5271 prius
1379 5211 1432 5255 et
1488 5203 1782 5257 amentiam
1815 5212 1870 5258 et
1899 5205 2036 5261 insi-

462 5293 748 5364 pientiam.
803 5291 936 5344 Nam
1001 5308 1066 5344 ex
1133 5293 1542 5360 comparatione
1591 5308 1717 5347 cum
1767 5309 1834 5349 eo
1886 5297 2034 5366 quod

464 5384 804 5446 adversatur,
858 5383 1172 5436 accuratior
1218 5391 1302 5436 est
1365 5385 1760 5453 contemplatio
1817 5402 2035 5452 eorum,

463 5490 697 5544 quorum
723 5483 976 5529 tenemur
997 5476 1198 5529 studio.
1225 5473 1562 5544 Sapientiam
1587 5484 1766 5530 autem
1789 5481 2037 5534 nominat

463 5564 629 5622 etiam
675 5566 991 5633 consilium,
1042 5567 1276 5622 dicens:
1318 5586 1336 5618 ι
1385 5567 1520 5622 θυῖε
1562 5579 1645 5622 est
1692 5568 1878 5635 homo,
1933 5573 2028 5629 aui

537 5744 585 5782 τί
623 5745 768 5802 Psal.
807 5763 844 5811 ι,
887 5747 920 5802 5
952 5764 1072 5818 sqq.
1149 5749 1192 5779 "
1233 5746 1378 5804 Psal.
1440 5765 1632 5816 xxxiii,
1679 5749 1757 5805 l5.

2091 492 2186 546 τοῦ
2214 493 2444 564 γράφειν
2492 492 2694 562 σπουδὴ
2717 531 2733 556 ,
2787 493 2846 546 ὲν
2907 491 3052 562 μόνῳ
3101 489 3181 560 τῷ
3225 491 3454 561 γράφειν
3505 491 3683 543 ἐστίν’

2099 583 2291 639 ἕπεται
2321 583 2430 654 γὰρ
2463 583 2550 637 ἀεὶ
2582 585 2644 654 τῇ
2692 582 2834 652 χειρὶ
2860 584 2894 653 ὴ
2921 580 3016 634 τοῦ
3051 579 3241 642 ὓδατος
3278 577 3595 647 ἐπιφάνεια,
3633 580 3700 632 τὸ

2096 675 2507 746 κεχαραγμένον
2550 674 2957 728 ὲπιλεαίνουσαο
3001 672 3174 734 οὑτως
3209 672 3356 728 πᾶσα
3381 672 3414 740 ἡ
3453 670 3698 722 ἀπολαυ-

2101 767 2260 839 στικὴ
2303 766 2504 838 σπουδὴ
2541 767 2635 821 καὶ
2673 767 2923 836 ἐνέργεια
2978 767 3089 828 τοῖς
3130 762 3431 832 γινομένοις
3461 761 3701 831 ἐμφανί-

2100 857 2272 921 ζεται.
2305 858 2672 928 Παυσαμένης
2700 857 2807 926 γὰρ
2830 856 2930 924 τῆς
2953 854 3252 924 ἐνεργείας,
3274 852 3566 923 ἐξηλείφθη
3601 852 3703 910 καὶ

2097 951 2132 1020 ή
2180 950 2494 1013 ἀπόλαυσις,
2541 949 2636 1004 καὶ
2684 948 2835 1002 οὐδὲν
2885 949 2965 1010 εἰς
2999 947 3062 1000 τὸ
3105 943 3304 1016 ἐφεξῆς
3345 943 3700 1014 ταμιεύεται,

2103 1041 2226 1094 οὑδὲ
2262 1040 2563 1110 ὑπελείφθη
2606 1057 2658 1091 τι
2691 1040 2803 1101 τοῖς
2838 1037 3120 1107 ἡδομένοις
3150 1036 3292 1106 ῐχνος
3330 1033 3701 1103 εὐφροσύνης,

2099 1129 2135 1200 ἢ
2176 1129 2428 1199 λείψανον
2458 1126 2836 1201 παρελθούσης
2869 1128 2966 1198 τῆς
3011 1126 3155 1186 κατὰ
3188 1127 3288 1196 τὴν
3318 1125 3507 1194 ἡδονὴν
3540 1125 3707 1194 ὲνερ·

2099 1223 2276 1292 γείας.
2308 1220 2478 1274 Τοῦτό
2507 1222 2653 1273 ἐστιν
2679 1219 2706 1272 ὃ
2734 1217 2985 1288 σημαίνει
3009 1219 3038 1270 ὁ
3068 1217 3225 1284 λόγος
3261 1215 3446 1278 εἰπὼν,
3481 1215 3566 1268 ὅτι
3596 1215 3709 1266 οὑκ

2102 1316 2218 1370 ἐστι
2250 1312 2536 1384 περισσεία
2565 1310 2670 1364 ὑπὸ
2712 1310 2803 1364 τὸν
2838 1309 2990 1379 ἣλιον
3017 1310 3128 1371 τοῖς
3159 1309 3227 1362 τὰ
3252 1305 3474 1364 τοιαῦτα
3498 1304 3710 1362 πονοῦ-

2105 1423 2212 1468 σιν,
2243 1397 2316 1460 ῶν
2358 1404 2420 1456 τὸ
2465 1402 2664 1473 τέρμα,
2712 1401 3009 1471 ματαιότης
3051 1399 3232 1454 ἐστίν·
3271 1391 3346 1452 ὧν
3394 1396 3488 1450 καὶ
3528 1397 3710 1465 ἡμεῖς

2104 1497 2208 1561 ἔξω
2229 1492 2539 1564 γενοίμεθα,
2571 1493 2753 1563 χάριτι
2789 1492 2880 1547 τοῦ
2923 1491 3128 1563 Κυρίου
3155 1491 3310 1562 ἡμῶν
3347 1487 3518 1558 Ἰησοῦ
3551 1489 3706 1560 Χρι-

2107 1585 2254 1649 στοῦ,
2281 1579 2383 1656 ᾧὴ
2423 1584 2551 1649 δόξα
2593 1586 2688 1642 καὶ
2726 1583 2788 1637 τὸ
2829 1582 3030 1654 κράτος
3070 1583 3153 1646 εἰς
3193 1581 3319 1645 τοὺς
3351 1581 3550 1643 αἰῶνας
3585 1579 3710 1634 τῶν

2105 1679 2337 1733 αἰώνων.
2380 1678 2572 1750 Ἀμήν.

2720 1767 2963 1822 ΟΜΙΛΙΑ
3003 1761 3079 1818 Ε’.

2179 1928 2293 1982 Νῦν
2323 1929 2453 1998 ἡμῖν
2483 1925 2636 1997 παρὰ
2663 1923 2757 1978 τοῦ
2797 1924 3032 1996 μεγάλου
3064 1923 3166 1993 τῆς
3209 1921 3527 1991 Ἐκκλησίας
3556 1923 3709 1976 καθ-

2107 2020 2394 2090 ηγεμόνος,
2434 2020 2466 2087 ἡ
2514 2018 2606 2070 ἐπὶ
2653 2018 2721 2070 τά
2774 2017 3080 2086 ὑῂλότερα
3109 2015 3219 2070 τῶν
3252 2014 3588 2084 μαθημάτων
3616 2013 3707 2082 γίς⁵

2109 2126 2257 2163 νεται
2304 2106 2680 2178 μυσταγωγία.
2715 2105 3075 2175 Προκαθήρας
3111 2102 3220 2174 γὰρ
3265 2101 3364 2164 τὰς
3397 2101 3577 2170 ψυχάς
3611 2102 3709 2154 διὰ

2109 2203 2218 2256 τῶν
2245 2199 2622 2272 προλαϐόντων
2671 2199 2867 2266 λόγων,
2918 2198 3012 2250 καὶ
3051 2197 3231 2266 πάσης
3257 2196 3571 2264 ἀποστήσας
3601 2195 3708 2264 τῆς

2111 2284 2252 2339 κατὰ
2299 2285 2360 2336 τὸ
2404 2281 2632 2352 μάταιον
2677 2285 2789 2344 τοῖς
2830 2279 3137 2352 ἀνθρώποις
3181 2280 3531 2349 ἐγγινομένης
3575 2279 3707 2330 ἑπι-

2113 2377 2332 2448 θυμίας,
2358 2376 2500 2429 οὑτω
2535 2376 2806 2448 προσάγει
2830 2377 2894 2445 τῇ
2939 2373 3169 2443 ἀληθείᾳ.
3209 2372 3300 2425 τὸν
3331 2370 3477 2433 νοῦν,
3501 2365 3618 2424 οἶόν
3648 2388 3707 2422 τι

2113 2466 2331 2536 φορτίον
2369 2465 2428 2530 ἐξ
2475 2463 2640 2534 ὤμων
2684 2464 2782 2534 τὴν
2826 2465 3095 2535 ἀχθηδόνα
3135 2464 3240 2515 τῶν
3280 2462 3522 2532 ματαίων
3563 2463 3708 2515 ἀπο-

2115 2556 2450 2627 σεισάμενον.
2473 2557 2546 2609 Τὸ
2569 2556 2626 2608 δὲ
2648 2553 2906 2618 τοιοῦτον,
2933 2555 3009 2618 ὡς
3034 2555 3091 2607 ὲν
3111 2553 3339 2623 δόγματι
3361 2550 3710 2605 παιδευέσθω

2114 2647 2147 2714 ή
2177 2644 2491 2715 Ἐκκλησία,
2519 2643 2764 2714 μαθοῦσα
2789 2644 2877 2697 διὰ
2895 2643 2996 2712 τῆς
3024 2641 3308 2713 παρούσης
3329 2640 3702 2703 διδασκαλίας,

2115 2736 2193 2788 ὅτι
2235 2735 2374 2808 ἀρχὴ
2413 2734 2509 2789 τοῦ
2549 2737 2670 2789 κατ’
2699 2735 2899 2806 ἀρετὴν
2946 2734 3059 2804 βίου
3099 2735 3216 2786 ἐστὶ
3269 2733 3330 2786 τὸ
3360 2733 3462 2802 τῆς
3502 2733 3706 2794 κακίας

2116 2827 2269 2890 ἐκτὸς
2302 2825 2573 2894 γενέσθαι.
2601 2827 2710 2880 Καὶ
2741 2827 2851 2897 γὰρ
2875 2827 2905 2878 ό
2937 2825 3109 2895 μέγας
3143 2825 3306 2878 Δαδὶδ
3339 2823 3706 2892 είσαγωγικόν

2117 2935 2236 2970 τινα
2273 2917 2410 2987 πρὸς
2448 2919 2546 2989 τὴν
2591 2919 2837 2988 καθαρὰν
2878 2917 3151 2970 πολιτείαν
3182 2916 3455 2986 ὑφήγησιν
3493 2917 3550 2967 ἐν
3584 2919 3707 2977 ταξς

2118 3008 2458 3078 ψαλμῳδίαις
2480 3009 2949 3079 ποιούμενος,“οὑκ
2975 3009 3084 3062 ἀπὸ
3109 3009 3207 3078 τῆς
3231 3007 3566 3078 τελειότητος
3596 3007 3708 3060 τῶν

2046 3100 2086 3154 C
2120 3099 2177 3149 ἐν
2204 3097 2282 3167 τῷ
2334 3099 2667 3170 μακαρισμῷ
2719 3096 3108 3170 θεωρουμένων
3153 3095 3295 3166 λόγῳ
3328 3097 3577 3166 ἄρχεται.
3631 3096 3705 3146 Οὐ

2117 3190 2224 3260 γὰρ
2249 3189 2400 3244 εἶπεν
2426 3191 2485 3243 ὲν
2513 3189 2752 3261 πρώτοις
2799 3186 3135 3259 μακαριστὸν
3175 3183 3314 3240 εἶναι
3350 3186 3442 3239 τὸν
3479 3188 3537 3244 ὲν
3572 3188 3707 3238 πᾶσι

2118 3281 2407 3336 κατευοδού
2417 3299 2595 3352 μενον,
2620 3281 2710 3334 τὸν
2739 3281 3086 3353 ὡμοιωμένον
3105 3281 3181 3352 τῷ
3203 3281 3362 3351 ξύλῳ,
3380 3281 3475 3334 τὸν
3503 3282 3563 3332 ἐν
3588 3281 3708 3341 ταῖς

2116 3373 2370 3439 διεξόδοις
2411 3373 2521 3426 τῶν
2571 3372 2780 3427 ὑδάτων
2813 3373 3199 3444 ἐρῤιζωμένον,
3244 3373 3337 3426 τὸν
3382 3371 3612 3440 ἀειθαλῆ
3651 3373 3713 3423 ὲν

2116 3466 2229 3526 τοῖς
2263 3463 2484 3530 ἀγαθοῖς
2519 3464 2862 3536 διαμένοντα,
2895 3464 2986 3520 τὸν
3019 3466 3076 3518 ὲν
3107 3467 3219 3528 τοῖς
3250 3463 3553 3534 καθήκουσι
3582 3462 3714 3532 χρό-

2119 3569 2231 3616 νοις
2272 3553 2382 3605 τῶν
2422 3555 2650 3626 καρπῶν
2690 3554 2784 3608 τοῦ
2825 3555 2941 3626 βίου
2989 3556 3350 3627 δρεπόμενον·
3383 3556 3498 3609 ἀλλ’
3535 3554 3713 3627 ἀρχὴν

2125 3644 2474 3715 μακαρισμοῦ
2502 3647 2598 3718 τὴν
2623 3647 2925 3699 ἀπόστασιν
2950 3647 3057 3699 τῶν
3078 3648 3263 3700 κακῶν
3293 3648 3610 3718 ἐποιήσατο,
3635 3647 3716 3708 ὠς

2120 3735 2220 3788 οὑκ
2263 3735 2629 3805 ἐνδεχόμενον,
2675 3736 2791 3788 ἀλλ’
2833 3737 3034 3806 ἀγαθὸν
3080 3737 3352 3805 γενέσθαι,
3395 3739 3526 3808 πρὶν
3568 3739 3711 3789 ἀπο-

2122 3827 2422 3882 κλύσασθαι
2450 3829 2552 3898 τῆς
2589 3830 2785 3891 κακίας
2817 3829 2907 3882 τὸν
2934 3829 3122 3901 ῥύπον.
3164 3829 3322 3884 Οὕτω
3351 3831 3529 3883 τοίνυν
3563 3830 3659 3882 καὶ
3683 3829 3714 3882 ὖ

2124 3918 2288 3980 πολὺς
2345 3913 2495 3980 οὗτος
2535 3919 2964 3990 Ἐκκλησιαστὴς
3020 3921 3302 3991 ὑπεξαίρει
3355 3922 3568 3990 πρῶτον
3633 3919 3716 3987 τῷ

2123 4007 2266 4078 λόγῳ
2291 4008 2357 4060 τά
2391 4008 2610 4078 μάταια,
2645 4011 2732 4063 ἵνα
2762 4009 3010 4076 καθάπερ
3055 4012 3149 4062 ἐπὶ
3178 4009 3427 4080 σώματος
3469 4011 3714 4079 κάμνον-

2123 4115 2213 4161 τος
2243 4099 2306 4150 τὸ
2341 4099 2544 4166 ἀγαθὸν
2576 4100 2673 4171 τῆς
2713 4099 2900 4168 ὑγείας
2937 4102 3230 4170 ἐγγίνεται.
3270 4101 3366 4153 Διὰ
3394 4101 3553 4154 τοῦτο
3581 4117 3721 4154 κατ-

2125 4187 2328 4259 έδραμε
2354 4189 2432 4259 τῷ
2453 4188 2596 4259 λόγῳ
2614 4191 2710 4260 τῆς
2736 4192 3092 4262 ματαιότητος
3121 4191 3308 4252 εἰπὼν,
3331 4193 3432 4244 οὑκ
3467 4193 3718 4260 ἀσφαλὲς

2124 4279 2220 4333 τοῦ
2267 4279 2430 4333 καλοῦ
2469 4283 2750 4354 κριτήριον
2799 4277 2944 4337 εἶναι
2994 4283 3093 4353 τὴν
3141 4283 3412 4353 αἴσθησιν,
3455 4285 3547 4336 ὑπ’
3588 4285 3718 4352 ὄψιν

2125 4371 2302 4441 ἧγαγε
2347 4372 2408 4425 τὸ
2458 4375 2516 4425 ὲν
2543 4376 2654 4436 τοῖς
2682 4373 3132 4444 σπουδαζομένοις
3165 4375 3529 4446 ἀνύπαρκτον,
3575 4373 3721 4445 ὲχώ-

2137 4477 2251 4530 ρισε
2277 4461 2374 4532 τὴν
2420 4462 2817 4535 ὲπιθυμητικὴν
2849 4466 3005 4536 ἡμῶν
3039 4465 3280 4519 διάθεσιν
3317 4467 3416 4536 τῆς
3473 4483 3720 4536 σωματι-

2134 4551 2232 4618 κῆς
2286 4550 2657 4614 ἀπολαύσεως,
2710 4553 2804 4606 καὶ
2853 4553 3027 4618 οὕτως
3066 4555 3402 4609 ὑποδεικνύει
3441 4557 3503 4607 τὸ
3542 4557 3720 4619 ὅντως

2135 4640 2371 4710 αἱρετὸν,
2418 4641 2478 4694 τὸ
2517 4643 2731 4714 ἀληθῶς
2771 4643 3124 4717 ἐπιθυμητὸν,
3155 4641 3216 4700 οὗ
3243 4649 3279 4718 ή
3311 4647 3537 4717 σπουδὴ,
3569 4649 3723 4717 πρᾶο

2134 4732 2250 4802 γμά
2279 4733 2426 4786 ἐστιν
2447 4735 2669 4806 ἐνεργόν
2693 4752 2753 4788 τε
2785 4737 2878 4789 καὶ
2906 4739 3287 4799 ἐνυπόστατον,
3317 4740 3396 4801 εἰς
3419 4739 3510 4792 ἀεὶ
3539 4755 3723 4808 παρα-

2137 4823 2296 4892 μένον
2341 4827 2453 4888 τοῖς
2508 4825 2770 4895 μετιοῦσι,
2814 4827 2996 4898 πάσης
3045 4829 3147 4899 τῆς
3187 4828 3328 4883 κατὰ
3369 4829 3432 4880 τὸ
3488 4829 3722 4898 μάταιον

2141 4913 2348 4975 ἐννοίας
2373 4915 2794 4987 κεχωρισμένον.

2208 5027 2350 5096 Κεφ.
2378 5025 2442 5095 β’,
2475 5029 2613 5098 στίχ.
2647 5030 2821 5100 ιβ’.-
2855 5050 2874 5080 ι
2909 5031 3150 5101 Ἕϐλεψα
3188 5031 3297 5100 γὰρ
3333 5030 3466 5099 ἐγὼ,
3506 5051 3523 5082 ι
3560 5032 3720 5100 φησι,

2145 5135 2163 5167 ι
2204 5117 2295 5170 τοῦ
2349 5119 2477 5172 ἰδεῖν
2515 5119 2725 5188 σοφίαν.
2769 5139 2788 5173 ι
2827 5122 2914 5184 Ὠς
2957 5123 3001 5176 δ’
3036 5124 3101 5175 ἂν
3155 5122 3398 5194 ἀκριϐῶς
3449 5122 3616 5192 ἴδοιμι
3659 5121 3724 5172 τδ

2141 5208 2492 5278 ποθούμενον,
2527 5206 2665 5272 εἶδον
2702 5212 2967 5284 πρότερον
3012 5214 3106 5267 καὶ
3142 5213 3241 5285 τὴν
3279 5214 3585 5285 περιφορὰν
3629 5212 3723 5266 καὶ

2141 5301 2238 5371 τὴν
2267 5301 2594 5372 ἀφροσύνην.
2643 5304 2738 5358 Ἐκ
2774 5305 2883 5375 γὰρ
2931 5306 3031 5375 τῆς
3057 5304 3192 5377 πρὸς
3238 5307 3301 5358 τὸ
3347 5306 3723 5373 ἀντικείμενον

2140 5393 2493 5463 παραθέσεως
2515 5396 2878 5466 ἁκριῦεστέρα
2904 5397 3112 5464 γίνεται
3135 5397 3244 5452 τῶν
3271 5396 3722 5467 σπουδαζομένων

2139 5485 2173 5554 ἡ
2204 5484 2422 5556 θεωρία.
2456 5485 2564 5556 Τὴν
2577 5486 2633 5537 δὲ
2651 5487 2841 5554 σοφίαν
2865 5488 2959 5538 καὶ
2991 5488 3185 5559 βουλὴν
3217 5488 3496 5558 ὀνομάζει,
3521 5488 3717 5556 λέγων,

2136 5576 2218 5630 ὅτι
2258 5594 2277 5626 ι
2323 5577 2419 5637 Τίς
2466 5576 2750 5649 ἄνθρωπος
2801 5579 2948 5643 ὅστις
3000 5580 3346 5642 ἐπελεύσεται
3393 5582 3573 5640 όπίσω
3625 5578 3720 5650 τῆς
