3870 6220
241 294 342 352 63!

1322 291 1391 349 IN
1429 286 1961 350 ECCLESIASTEN.
2001 290 2284 348 HOMILIA
2321 291 2386 348 Υ.

3368 295 3478 357 631

241 410 458 482 βουλῆς,
489 410 557 463 τά
587 408 686 465 ὅσα
710 409 961 479 ἐποίησεν
985 409 1123 481 αὕτη
1146 435 1159 482 ς
1185 431 1203 463 ι
1240 412 1484 465 Διδάσκει
1520 409 1694 463 τοίνυν
1735 409 1809 471 τίς

1920 409 2254 480 ingredietur
2281 419 2407 480 post
2454 409 2766 474 consilium,
2795 427 2858 467 ea
2902 428 3242 484 quaecunque
3292 417 3475 488 ipsum

237 498 390 550 ἐστιν
415 496 447 567 ή
477 496 789 566 ἀνθρωπίνη
833 497 1014 567 σοφία,
1057 501 1139 554 ὅτι
1182 499 1241 554 τδ
1281 499 1713 569 ἐπακολουθῆσαι
1747 500 1812 568 τῇ

236 587 407 651 ὅντως
440 588 622 660 σοφίᾳ.
654 589 719 660 ἢν
749 591 842 643 καὶ
875 590 1070 663 βουλὴν
1092 592 1364 663 ὀνομάζει,
1399 593 1683 668 ποιητικὴν
1709 591 1817 645 τῶν

238 679 457 748 ἀληθῶς
483 679 651 734 όντων
673 699 734 734 τε
767 682 863 736 καὶ
902 681 1245 752 ὑφεστώτων,
1270 683 1363 739 καὶ
1403 683 1478 755 μὴ
1506 684 1564 736 ὲν
1592 681 1817 754 ματαιόο

236 787 364 843 τητι
397 772 803 846 θεωρουμένων.
845 773 1016 829 Τοῦτο
1059 776 1158 846 τῆς
1204 774 1547 848 ἀνθρωπίνης
1577 774 1693 826 ἐστὶ
1725 790 1815 826 σο-

238 862 369 934 φίας
412 865 472 918 τὸ
515 865 829 932 κεφάλαιονο
883 868 917 937 ὴ
965 866 1022 920 δὲ
1069 866 1235 932 ὅντως
1277 867 1436 936 σοφία
1484 865 1579 920 xui.
1630 864 1812 935 βουλὴ,

235 956 391 1012 οὐδὲν
416 959 562 1024 ἄλλο,
593 961 735 1014 κατά
759 977 822 1029 γε
843 959 934 1014 τδν
949 959 1077 1032 ἐμὸν
1098 960 1428 1030 λόγον,ἐστὶ,
1453 960 1594 1033 πλὴν
1606 961 1702 1031 τῆς
1718 957 1812 1011 τοῦ

235 1051 442 1114 παντὸς
490 1051 982 1124 προεπινοουμένης
1023 1054 1228 1124 σοφίας.
1269 1053 1416 1126 Αὑτη
1460 1053 1518 1106 δέ
1561 1053 1728 1113 ἐστιν,
1757 1052 1815 1104 ἐν

235 1136 271 1218 ᾖ
303 1143 374 1197 τά
402 1143 576 1196 πάντα
606 1143 859 1214 ἐποίησεν
888 1147 916 1197 ὁ
947 1143 1095 1208 Θεὸς,
1155 1146 1337 1214 καθώς
1360 1162 1522 1217 φησιν
1543 1149 1571 1200 ὁ
1593 1144 1814 1212 Προφή-

233 1248 360 1304 της,
385 1235 467 1287 ὅτι
491 1253 509 1285 ι
533 1235 715 1290 Πάντα
730 1235 788 1287 ὲν
805 1233 967 1306 σοφίᾳ
989 1235 1266 1306 ἐποίησας.
1303 1256 1322 1288 ι
1353 1231 1587 1306 Χριστὸς
1605 1233 1660 1288 δὲ
1676 1227 1812 1288 Θεοῦ

232 1322 483 1397 δύναμις,
517 1326 609 1379 καὶ
635 1326 770 1379 Θεοῦ
802 1326 983 1394 σοφία,
1013 1329 1071 1380 ὲν
1166 1327 1235 1380 τὰ
1276 1327 1452 1382 πάντα
1476 1326 1692 1394 ἐγένετο
1718 1323 1814 1378 καὶ

233 1416 587 1487 διεκοτμήθη.
621 1414 684 1469 ΕΞ
708 1413 799 1470 οὖν
818 1415 974 1470 τοῦτό
997 1418 1144 1470 ἐστιν
1169 1417 1202 1489 ὴ
1225 1413 1536 1488 ἀνθρωπίνη
1561 1410 1814 1478 σοφία,τδ

234 1509 296 1565 ὲν
324 1510 571 1581 περινοίᾳ
597 1509 706 1564 τῶν
731 1511 994 1582 ἀληθινῶν
1021 1511 1198 1584 ἔργων
1224 1513 1321 1582 τῆς
1351 1510 1520 1574 ὅντως
1548 1511 1736 1580 σοφίας
1754 1525 1814 1564 τε

235 1606 333 1657 καὶ
376 1602 568 1674 βουλῆς
609 1603 890 1671 γενέσθαιο
922 1604 1080 1674 ἔργον
1115 1602 1170 1657 δὲ
1212 1602 1310 1674 τῆς
1354 1602 1546 1675 βουλῆς
1577 1601 1814 1674 ἐκείνης.

230 1694 359 1763 ἦτοι
379 1695 478 1764 τῆς
512 1696 722 1762 σοφίας,
750 1695 891 1747 κατά
912 1712 974 1762 γε
1001 1691 1091 1747 τὸν
1121 1693 1251 1763 ἐμὸν
1276 1693 1451 1762 λόγον,
1473 1697 1506 1764 ἡ
1541 1693 1814 1764 ἀφθαρσια
1847 1733 1891 1790 Β

232 1785 406 1849 ἐστὶν,
432 1787 466 1856 ἦ
485 1803 543 1838 τε
572 1785 669 1854 τῆς
695 1787 870 1855 ψυχῆς
897 1787 1252 1858 μακαριότης,
1276 1786 1368 1840 καὶ
1395 1787 1429 1856 ἡ
1461 1784 1700 1857 ἀνδρεία,
1720 1785 1812 1838 καὶ

230 1877 264 1946 ή
304 1873 641 1944 δικαιοσύνη,
673 1876 768 1928 καὶ
806 1877 840 1946 ἡ
867 1873 1143 1947 φρόνησις,
1179 1876 1274 1929 καὶ
1301 1877 1410 1930 πᾶν
1438 1875 1498 1929 τὸ
1538 1876 1654 1928 κατ’
1687 1875 1815 1947 ἀρε-

229 1966 335 2037 τὴν
361 1966 646 2036 νοούμενον
672 1965 840 2037 δνομά
864 1985 922 2020 τε
948 1967 1044 2020 καὶ
1068 1967 1265 2038 νόημα,
1282 1967 1419 2037 τάχα
1437 1967 1501 2020 δι’
1522 1964 1812 2020 ἀκολούθου

228 2062 300 2129 τῇ
322 2057 518 2127 γνώσει
553 2059 658 2111 τῶν
682 2057 899 2126 ἀγαθῶν
926 2059 1327 2130 προσαγόμεθα.
1359 2058 1573 2130 Ἐπειδὴ
1592 2057 1700 2129 γὰρ
1738 2053 1814 2112 εἴ·

227 2147 346 2212 δον,
377 2150 526 2220 φησὶ,
553 2149 747 2215 ταῦτα,
779 2151 872 2202 καὶ
904 2149 1089 2220 ὥσπερ
1118 2151 1174 2202 ἐν
1207 2147 1356 2221 ζυγῷ
1382 2149 1622 2220 διέκρινα
1654 2149 1715 2202 τδ
1753 2146 1813 2202 ὃν

228 2241 330 2294 hii
356 2243 430 2313 μὴ
452 2239 623 2304 ὄντος,
649 2239 742 2294 τοῦ
774 2240 950 2310 εὑρεῖν
972 2243 1072 2311 τὴν
1100 2241 1358 2313 διαφορὰν
1382 2241 1478 2311 τῆς
1503 2241 1691 2309 σοφίας
1717 2243 1812 2294 καὶ

227 2335 333 2405 τῆς
355 2332 683 2405 ἀφροσύνης,
703 2333 791 2387 οἶα
808 2351 914 2404 περ
931 2333 997 2387 ἂν
1017 2333 1262 2404 εὑρεθείη
1277 2333 1451 2402 φωτὸς
1467 2331 1812 2397 ἀντεξεταζο-

227 2427 400 2497 μένου
423 2425 556 2497 πρὸς
578 2423 756 2494 ζόφον.
777 2425 886 2478 Καί
907 2441 995 2494 μοι
1015 2425 1160 2478 δοκεῖ
1181 2424 1560 2495 προσηκόντως
1578 2421 1655 2494 τῷ
1670 2425 1810 2478 κατὰ

222 2519 289 2571 τὸ
318 2517 437 2587 φῶς
467 2515 823 2586 ὑποδείγματι
867 2517 1003 2586 πρὸς
1040 2515 1136 2587 τὴν
1173 2515 1266 2568 τοῦ
1314 2515 1478 2568 καλοῦ
1508 2515 1809 2588 χρήσασθαι

224 2611 451 2681 χρῆσιν.
482 2609 698 2680 Ἐπειδὴ
732 2609 836 2680 γάρ
860 2608 921 2662 τὺ
951 2610 1136 2672 σκότος
1175 2611 1241 2679 τῇ
1283 2608 1474 2662 ἑαυτοῦ
1520 2608 1672 2678 φύσει
1719 2610 1810 2662 ἀν-

228 2700 597 2771 ύπαρκτον(εἰ
617 2701 727 2772 γὰρ
758 2699 832 2772 μὴ
860 2700 946 2771 εἴη
981 2699 1040 2753 τὸ
1069 2700 1428 2772 ἀντιφράσσον
1457 2717 1509 2752 τι
1536 2699 1630 2770 τὴν
1656 2701 1810 2771 ἡλια-

222 2796 333 2864 κὴν
369 2795 582 2858 ἀκτῖνα,
619 2791 807 2855 σκότος
848 2791 947 2846 οὑκ
979 2791 1260 2861 ἔσται),τδ
1301 2792 1356 2844 δὲ
1389 2790 1502 2861 φῶς
1553 2793 1683 2846 αὑτὸ
1724 2793 1809 2862 ἐφ’

223 2883 425 2938 ἑαυτοῦ
450 2885 594 2938 ἐστιν
615 2885 672 2937 ὲν
701 2884 808 2956 ἰδίᾳ
826 2884 981 2953 οὐσίᾳ
1001 2883 1443 2953 κατανοούμενον·
1473 2883 1706 2938 δείκνυσι
1733 2885 1809 2956 τῷ

221 2975 614 3046 ὑποδείγματι.
645 2977 727 3029 ὅτι
749 2977 782 3046 ἡ
813 2974 978 3029 κακία
1005 2974 1125 3047 καθ’
1154 2973 1347 3046 ἑαυτὴν
1369 2973 1469 3046 οὑχ
1495 2975 1804 3043 ὑφίσταται,

220 3066 369 3122 ἀλλά
400 3069 466 3138 τῇ
505 3067 757 3138 στερήσει
801 3066 895 3119 τοῦ
935 3065 1140 3135 ἀγαθοῦ
1190 3067 1627 3136 παρυφίσταταιο
1655 3068 1716 3120 τὸ
1753 3067 1808 3121 δὲ
1837 3078 1879 3135 c

220 3155 433 3224 ἀγαθὸν
467 3156 552 3209 ἀεὶ
582 3155 842 3220 ὡσαύτως
869 3155 978 3226 ἔχει
1011 3153 1237 3226 μόνιμόν
1268 3173 1325 3208 τε
1352 3157 1445 3210 καὶ
1479 3157 1694 3225 πάγιον,
1718 3159 1812 3212 καὶ

217 3246 457 3318 οὐδεμιᾷ
495 3264 640 3310 τινος
679 3248 1063 3319 προηγουμένη
1113 3250 1363 3320 στερήσει
1408 3252 1814 3322 παρυφιστάμε-

216 3357 338 3396 ν’›ν.
368 3339 443 3392 Τὸ
481 3338 538 3392 δὲ
579 3341 643 3392 ἐκ
671 3335 763 3392 τοῦ
787 3339 1024 3392 ἐναντίου
1055 3339 1131 3410 τῷ
1153 3339 1342 3410 ἀγαθῷ
1381 3340 1666 3413 νοούμενον
1690 3345 1812 3395 κατ’

217 3427 417 3481 οὒσίαν
451 3425 550 3480 οὑκ
587 3425 732 3480 ἐστιν
750 3442 762 3454 ·
789 3427 818 3479 ὃ
855 3427 964 3498 γὰρ
1006 3427 1091 3497 ἐφ’
1118 3428 1312 3483 ἑαυτοῦ
1345 3429 1444 3484 οὑκ
1471 3430 1636 3497 ἔστιν,
1659 3431 1812 3486 οὐδέν

221 3520 380 3570 ἐστιν
408 3517 575 3580 ὄλωςο
606 3519 859 3588 στέρησις
888 3519 997 3591 γάρ
1041 3519 1134 3573 τοῦ
1177 3522 1330 3586 ὄντος
1370 3524 1518 3577 ἐστὶν
1549 3525 1582 3594 ἡ
1620 3525 1808 3590 κακία,

218 3610 318 3662 καὶ
360 3608 480 3679 οὐχὶ
521 3607 774 3681 ὑπαρξις.
821 3612 941 3681 Ἷση
978 3612 1153 3666 τοίνυν
1184 3614 1216 3684 ἡ
1243 3613 1469 3685 διαφορὰ
1511 3614 1604 3668 τοῦ
1635 3616 1810 3685 φωτὸς

217 3701 368 3766 πρὸς
392 3698 450 3755 τδ
473 3701 682 3764 σκότος,
702 3702 913 3772 καὶτῆς
937 3703 1127 3772 σοφίας
1152 3705 1288 3776 πρὸς
1313 3704 1622 3778 ἀφροσύνην
1640 3708 1807 3762 ἐστίν.

230 3789 373 3844 Ἀπὸ
399 3791 599 3861 μέρους
639 3792 745 3862 γὰρ
784 3791 930 3845 ἆπαν
967 3792 1028 3846 τὸ
1069 3795 1268 3871 ἀγαθὸν
1311 3795 1701 3866 περιλαμϐάνει
1731 3798 1810 3868 τῷ

217 3883 322 3951 τῆς
358 3882 548 3952 σοφίας
590 3884 835 3953 ὀνόματι,
867 3884 961 3938 καὶ
1003 3888 1067 3956 τῇ
1111 3886 1388 3958 ἀφροσύνη
1420 3889 1599 3942 πᾶσαν
1637 3890 1808 3944 κακοῦ

219 3975 390 4042 φύσιν
437 3973 847 4045 συνερμηνεύει.
887 3973 1047 4029 Ἀλλὰ
1087 3975 1141 4028 τί
1190 3975 1378 4048 κέρδος
1418 3979 1549 4049 ἡμῖν
1604 3981 1670 4034 ἐκ
1713 3981 1808 4034 τοῦ

216 4057 505 4128 θαυμάσαι
535 4058 596 4111 τὸ
622 4058 843 4127 ἀγαθὸν,
894 4061 941 4112 εί
989 4061 1062 4130 μή
1105 4077 1190 4123 τις
1238 4063 1331 4114 καὶ
1375 4062 1492 4127 ὁδὸς
1528 4064 1678 4134 παρὰ
1715 4065 1808 4119 τοῦ

213 4147 542 4236 δῶασκάλου
601 4149 737 4220 πρὸς
797 4151 895 4221 τὴν
945 4151 1134 4204 τούτου
1189 4154 1377 4224 κτῆσιν
1430 4155 1808 4236 ὑποδειχθείης

216 4239 350 4302 Πῶς
381 4234 473 4294 οὗν
504 4239 619 4293 ἔστι
672 4241 766 4294 καὶ
807 4244 955 4312 ἡμᾶς
998 4245 1054 4294 ὲν
1097 4245 1162 4312 τῇ
1204 4243 1298 4298 τοῦ
1340 4243 1506 4298 καλοῦ
1553 4234 1809 4320 μετουσία

214 4329 502 4398 γενέσθαι,
542 4328 864 4400 ἀκούσωμεν
888 4330 980 4384 τοῦ
1004 4330 1365 4397 διδάσκοντος.

1920 499 2083 554 fecit?
2109 520 2128 552 ι
2170 500 2336 556 Docet
2368 516 2498 571 ergo
2522 516 2770 572 quaenam
2805 506 2875 559 sit
2912 505 3148 561 humana
3180 509 3473 579 sapientia,

1915 607 2111 662 nempe
2145 593 2299 663 sequi
2346 607 2464 646 eam
2505 609 2625 664 qua:
2674 603 2755 649 εει
2787 610 2912 650 vere
2960 598 3244 667 sapientia.
3301 603 3475 670 Quam

1914 688 2080 739 etiam
2133 689 2376 740 nominat
2433 688 2748 748 consilium.
2797 689 3034 746 elﬁciens
3065 708 3128 747 ea
3184 711 3305 765 qua:
3350 714 3478 758 vero

1916 784 2045 830 sunt
2076 784 2131 830 et
2161 777 2490 840 consistunt,
2521 785 2576 833 et
2613 780 2666 832 in
2695 781 2930 836 vanitate
2963 784 3186 840 minime
3223 790 3477 846 conside—

1915 875 2128 922 rantur.
2158 866 2284 923 Haec
2327 878 2412 924 est
2460 884 2669 923 summa
2713 871 2963 929 humanae
2995 878 3290 946 sapientiae.
3336 879 3478 938 Vera

1917 969 2098 1014 autem
2117 959 2380 1029 sapientia
2398 969 2452 1015 et
2471 962 2784 1027 consilium,
2804 980 2922 1019 mea
2943 968 3161 1038 quidem
3183 974 3477 1039 sententia,

1915 1051 2056 1104 nihil
2099 1059 2187 1106 est
2245 1051 2394 1106 aliud
2445 1068 2606 1122 quam
2666 1057 2978 1124 sapientia,
3045 1075 3166 1128 quae
3227 1065 3480 1132 providet

1917 1143 2196 1198 universo.
2236 1142 2308 1197 Ea
2341 1153 2520 1198 autem
2551 1153 2656 1207 est.
2697 1147 2749 1200 in
2785 1163 2890 1216 qua
2919 1144 3062 1205 Deus
3099 1151 3224 1207 fecit
3270 1156 3477 1223 omnia,

1916 1233 2058 1289 sicut
2085 1233 2220 1289 dicit
2256 1231 2572 1304 Propheta:
2621 1255 2640 1288 ι
2677 1237 2868 1293 Omnia
2930 1240 3106 1298 fecisti
3156 1245 3212 1299 in
3257 1249 3480 1318 sapien-

1915 1325 1990 1378 tia
2019 1326 2084 1380 ⁷³.
2127 1345 2146 1378 ι
2194 1325 2444 1382 Christus
2505 1335 2686 1382 autem
2747 1338 2832 1385 est
2891 1330 2988 1386 Dei
3044 1333 3220 1391 virtus
3269 1345 3325 1393 et
3384 1338 3478 1396 Dci

1916 1413 2209 1482 sapientia,
2259 1415 2315 1470 in
2361 1431 2468 1486 qua
2503 1418 2686 1471 omnia
2724 1417 2869 1472 facta
2921 1430 3048 1476 sunt
3096 1432 3150 1478 et
3203 1428 3478 1486 ordinata.

1918 1500 1977 1556 Si
2011 1517 2143 1573 ergo
2174 1503 2279 1558 hoc
2304 1515 2389 1560 est
2422 1504 2661 1560 humana
2703 1508 2992 1576 sapientia,
3025 1525 3166 1566 veras
3199 1515 3484 1583 sapientia:

1916 1605 1972 1649 et
2001 1595 2219 1650 consilii
2262 1611 2390 1650 vcra
2420 1611 2586 1667 opera
2637 1601 3040 1669 contemplari:
3093 1603 3243 1660 illius
3296 1615 3480 1663 autem

1917 1684 2134 1738 consilii
2166 1699 2309 1755 opus
2333 1701 2428 1741 seu
2458 1688 2758 1756 sapientiae,
2791 1705 2912 1744 mea
2941 1691 3157 1760 quidem
3188 1701 3482 1766 sententia,

1919 1783 2004 1830 est
2037 1777 2400 1853 incorruptio,
2433 1788 2487 1832 et
2519 1779 2714 1834 animae.
2757 1780 3063 1855 beatitudo,
3096 1795 3149 1840 et
3194 1786 3478 1855 fortitudo.

1918 1879 1973 1926 et
2006 1871 2240 1941 justitia,
2271 1849 2328 1926 et
2367 1873 2674 1943 prudentia.
2702 1882 2756 1928 et
2787 1848 3151 1949 quoddunque
3180 1897 3400 1948 nomen,
3426 1848 3484 1940 et

1917 1975 2261 2030 quaecunque
2312 1963 2514 2018 mentis
2567 1964 2717 2017 notio
2768 1980 2832 2020 ex
2882 1966 3086 2022 virtute
3136 1972 3482 2043 intelligitur,

1918 2061 2320 2122 consequenter
2349 2051 2487 2108 forte
2503 2052 2830 2109 adducimur
2849 2057 2916 2110 ad
2941 2057 3068 2112 boni
3087 2062 3477 2130 cognitionem.

1919 2141 2051 2196 Nam
2117 2152 2429 2213 postquam,
2479 2145 2676 2215 inquit,
2726 2147 2842 2202 haec
2910 2150 3058 2217 vidi,
3105 2160 3365 2224 tanquam
3423 2158 3481 2215 in

1917 2237 2122 2290 trutina
2164 2237 2216 2290 id
2249 2239 2392 2307 quod
2443 2247 2528 2293 est
2561 2239 2796 2294 discrevi
2839 2242 2906 2297 ab
2939 2258 3006 2297 eo
3033 2247 3178 2314 quod
3231 2264 3339 2302 non
3368 2259 3479 2316 est,

1917 2331 1978 2377 ut
2005 2323 2306 2381 invenirem
2335 2325 2693 2382 differentiam
2731 2332 3010 2401 sapientiae
3047 2343 3100 2389 et
3130 2336 3478 2408 insipientia;

1916 2415 2228 2485 cujusmodi
2279 2417 2509 2474 inveniri
2570 2427 2751 2490 potest
2801 2423 2846 2478 si
2907 2425 2999 2479 lux
3063 2427 3372 2485 adducatur
3425 2438 3483 2488 et

1916 2515 2189 2562 statuatur
2247 2523 2313 2563 ex
2376 2510 2608 2565 adverso
2664 2513 3036 2570 tenebrarum.
3105 2517 3232 2573 Mihi
3296 2531 3478 2578 autem

1913 2599 2132 2654 videtur
2161 2609 2286 2671 apte
2315 2617 2451 2658 usus
2479 2618 2602 2658 esse
2645 2606 2896 2675 exemplo
2947 2607 3013 2661 ad
3059 2609 3478 2682 signiﬁcandum

1917 2705 2076 2745 usum
2109 2691 2250 2759 ejus,
2301 2693 2446 2763 quod
2499 2695 2702 2750 bonum
2735 2705 2820 2752 est
2865 2705 2918 2752 et
2973 2699 3289 2758 honestum.
3341 2703 3478 2760 Nam

1916 2783 2172 2851 quoniam
2219 2784 2457 2841 tenebrae
2486 2802 2582 2843 sua
2630 2797 2824 2842 natura
2855 2790 3080 2847 minime
3128 2797 3478 2866 consistunt;

1916 2871 1962 2926 si
1989 2873 2135 2927 enim
2185 2887 2294 2928 non
2329 2884 2476 2930 esset
2521 2877 2725 2947 aliquid
2780 2880 2925 2948 quod
2985 2881 3118 2938 solis
3168 2886 3352 2942 radios
3377 2889 3480 2943 ob-

1917 2971 2186 3025 strueret,
2218 2980 2327 3020 non
2362 2975 2548 3022 essent
2579 2970 2851 3038 tenebrae;
2897 2973 2990 3028 lux
3035 2984 3218 3031 autem
3271 2977 3388 3048 ipsa
3421 2979 3479 3035 il

1916 3067 1976 3107 se
2003 3061 2110 3115 est,
2141 3062 2196 3108 ct
2227 3055 2281 3108 in
2315 3057 2534 3126 propria
2561 3058 2885 3131 intelligitur
2911 3067 3149 3120 essentia
3181 3087 3194 3122 :
3227 3071 3480 3141 exempla

1912 3145 2155 3198 ostendit
2203 3145 2352 3213 quod
2399 3162 2496 3216 per
2547 3164 2606 3204 sc
2655 3165 2761 3203 non
2825 3155 3082 3210 consistit
3114 3158 3330 3226 vitium,
3381 3160 3478 3218 sed

1912 3234 2171 3289 consistit
2191 3249 2258 3289 ex
2294 3237 2601 3305 privatione
2632 3239 2780 3294 boni.
2808 3239 3018 3299 Bonum
3049 3257 3230 3304 autem
3262 3265 3482 3322 semper

1913 3325 2164 3380 similiter
2193 3342 2252 3382 se
2282 3328 2464 3392 habet,
2508 3328 2836 3402 ﬁrmumque
2885 3344 2968 3390 est
3009 3352 3074 3392 ac
3124 3341 3343 3404 stabile,
3378 3359 3480 3398 nec

1911 3417 2166 3473 consistit
2224 3434 2291 3473 ex
2325 3420 2434 3472 ulla
2476 3435 2600 3490 qua:
2634 3425 2907 3492 praecedat
2949 3428 3284 3496 privatione.
3320 3430 3478 3499 Quod

1912 3520 2092 3565 autem
2113 3509 2436 3579 intelligitur
2459 3526 2525 3567 ex
2557 3528 2622 3568 eo
2655 3515 2798 3584 quod
2821 3527 2908 3572 est
2937 3517 3085 3574 bono
3111 3525 3478 3590 contrarium,

1910 3617 2023 3656 non
2057 3611 2139 3658 est
2177 3618 2242 3658 ex
2272 3604 2532 3658 essentia.
2561 3604 2717 3670 Quod
2752 3608 2898 3662 enim
2934 3625 3041 3665 nou
3079 3620 3164 3667 est
3197 3614 3250 3669 in
3293 3631 3374 3683 se,
3409 3631 3481 3674 ne

1910 3693 2139 3748 omnino.
2161 3691 2380 3764 quidem
2401 3703 2506 3749 est.
2538 3693 2743 3750 Vitium
2769 3699 2915 3752 enim
2950 3709 3034 3755 est
3060 3702 3180 3772 ejus
3209 3706 3354 3774 quod
3390 3715 3480 3764 est

1908 3786 2170 3856 privatio,
2201 3793 2256 3842 et
2294 3802 2405 3842 non
2434 3787 2768 3842 substantia.
2799 3787 2905 3844 Par
2931 3801 3014 3846 est
3041 3795 3188 3848 enim
3222 3795 3478 3854 differen-

1911 3877 1986 3932 tia
2019 3877 2162 3934 lucis
2185 3877 2252 3932 ad
2283 3877 2559 3943 tenebras,
2593 3887 2648 3934 et
2672 3880 2956 3950 sapientiae
2979 3884 3045 3938 ad
3077 3872 3478 3956 insipientiam.

1910 3970 1990 4025 Ex
2044 3975 2201 4039 parte
2257 3969 2403 4024 enim
2460 3971 2778 4028 universum
2846 3976 3230 4046 complectitur
3270 3980 3476 4037 bonum

1910 4061 2134 4116 nomine
2163 4059 2466 4130 sapientiae,
2501 4069 2556 4116 et
2587 4061 2752 4116 simul
2783 4077 2907 4118 cum
2941 4065 3253 4137 insipientia
3301 4070 3478 4125 inter-

1909 4160 2158 4224 pretatur
2189 4159 2244 4206 et
2297 4151 2536 4222 explicat
2588 4167 2804 4209 omnem
2855 4156 2983 4210 mali
3040 4169 3317 4217 naturam.
3367 4162 3474 4218 Sed

1908 4244 2040 4314 quid
2071 4242 2231 4299 nobis
2260 4241 2470 4298 accedit
2497 4243 2636 4297 lucri
2671 4259 2737 4300 ex
2770 4261 2837 4300 eo
2861 4247 3007 4316 quod
3051 4249 3255 4304 bonum
3302 4253 3479 4308 admi-

1911 4348 2118 4397 remur,
2179 4331 2286 4387 nisi
2347 4331 2612 4402 magister
2673 4334 2834 4390 nobis
2893 4337 3149 4394 ostendat
3200 4340 3345 4395 viam
3411 4358 3476 4400 ac

216 4426 493 4481 rationem
525 4441 632 4495 qua
670 4427 721 4480 id
775 4427 1128 4498 acquiramus
1153 4428 1177 4481 ?
1213 4427 1498 4493 Quomodo
1526 4444 1655 4500 ergo
1679 4427 1797 4486 ﬁeri
1871 4437 2051 4500 potest
2077 4437 2137 4482 ut
2166 4442 2267 4482 nos
2297 4441 2518 4497 quoque
2545 4427 2719 4484 simus
2751 4429 2878 4483 boni
2907 4432 3230 4502 participes,
3286 4434 3476 4491 audia-

212 4534 344 4573 mus
381 4518 682 4573 ductorem.

293 4629 314 4658 ι
341 4608 450 4661 Τοῦ
477 4609 663 4676 σοφοῦ,
697 4629 715 4660 ι
750 4611 931 4680 φησὶν,
961 4631 980 4661 ι
1011 4613 1058 4665 οἱ
1093 4611 1376 4682 ὀφθαλμοὶ,
1409 4613 1465 4665 ὲν
1495 4613 1562 4686 τῇ
1599 4613 1806 4685 κεφαλῇ

1986 4625 2006 4659 σ
2051 4605 2349 4676 Sapientis,
2396 4623 2416 4656 ι
2455 4604 2654 4674 inquit,
2687 4622 2706 4654 ι
2747 4605 2890 4659 oculi
2947 4605 3000 4659 in
3057 4607 3238 4676 capite
3269 4607 3408 4675 ejus.
3448 4627 3473 4661 ν

211 4697 409 4752 αὑτοῦ.
440 4717 458 4750 ι
489 4699 554 4751 Τί
583 4699 756 4753 ταῦτα
793 4700 974 4768 λέγεις
1005 4700 1150 4753 ἔστιν
1183 4700 1292 4772 ἀρα
1324 4699 1462 4764 ζῶον
1495 4702 1631 4766 ὅλως
1651 4703 1802 4767 δέξω

204 4790 316 4860 *τῆς
341 4788 581 4859 κεφαλῆς
605 4788 716 4859 ἔχει
747 4789 815 4842 τὰ
845 4791 952 4842 τῶν
981 4789 1271 4860 ὀφθαλμῶν
1303 4790 1662 4860 αἰσθητήριας
1696 4791 1801 4844 κᾶν

212 4878 440 4947 ἔνυδρον
471 4877 631 4948 εἴπης
649 4918 664 4942 ,
691 4878 793 4932 κᾶν
819 4881 1071 4949 χερσαῖον
1096 4879 1199 4932 κᾶν
1231 4879 1502 4950 ἐναέριον;
1543 4881 1630 4933 Ἐν
1665 4881 1799 4934 πᾶσι

213 4970 332 5039 γὰρ
371 4967 647 5038 ὀφθαλμὸς
671 4970 764 5022 τοῦ
790 4969 978 5024 λοιποῦ
1009 4970 1374 5042 προϐέϐληται
1404 4973 1674 5042 σώματος,
1704 4971 1800 5026 καὶ

213 5063 282 5131 τῇ
317 5059 528 5129 κεφαλῇ
554 5059 661 5112 τῶν
699 5058 930 5129 ἐχόντων
960 5060 1202 5131 κεφαλὴν
1239 5061 1640 5133 ὲγκαθίδρυται.
1677 5062 1801 5123 Πῶς

212 5146 314 5204 οὖν
361 5148 593 5202 ἐνταῦθα
640 5150 802 5214 μόνου
853 5149 1001 5218 λέγει
1051 5151 1146 5204 τοῦ
1205 5151 1368 5220 σοφοῦ
1415 5151 1512 5223 τὴν
1561 5151 1800 5222 κεφαλὴν

211 5240 600 5311 ὠμματῶσθαι
621 5257 635 5306 ;
658 5242 730 5293 Ἣ
746 5241 904 5294 τοῦτο
924 5242 1138 5304 πάντως
1159 5241 1516 5313 ὑποσημαίνει
1537 5243 1615 5313 τῷ
1631 5242 1794 5312 λόγῳ,

1907 4699 2020 4754 Cur
2062 4699 2176 4751 haec
2203 4696 2380 4750 dicit?
2423 4693 2591 4747 Estne
2641 4695 2809 4747 ullum
2838 4695 3061 4748 omnino
3094 4696 3294 4750 animal
3323 4697 3474 4767 quod

1908 4791 2107 4844 habeat
2151 4786 2342 4842 ocuios
2394 4794 2547 4838 extra
2591 4793 2780 4854 caput,
2828 4800 2924 4839 seu
2959 4785 3470 4857 dixeris‘aquatilc,

1907 4896 2003 4936 seu
2035 4887 2311 4941 terrestre,
2344 4891 2440 4930 seu
2481 4890 2700 4930 aereum
2721 4876 2746 4927 ?
2792 4875 2848 4929 lu
2883 4875 3140 4930 omnibus
3166 4877 3310 4931 enim
3339 4893 3477 4933 ocu-

1905 4971 1995 5025 lus
2023 4969 2233 5038 reliquo
2264 4966 2482 5036 corpori
2508 4975 2593 5020 est
2619 4967 2947 5036 pra-positus
2975 4974 3031 5021 et
3057 4968 3363 5025 collocatus
3385 4976 3476 5024 est

1907 5063 1962 5115 in
1997 5060 2176 5129 capite
2208 5073 2400 5113 eorum
2436 5072 2560 5127 quae
2589 5056 2790 5110 habent
2819 5065 3002 5125 caput.
3032 5057 3315 5123 Quomodo
3339 5074 3475 5130 ergo

1904 5152 1995 5205 hic
2050 5149 2184 5205 dicit
2241 5148 2414 5204 solius
2465 5147 2729 5216 sapientis
2779 5153 2942 5216 caput
3003 5147 3286 5216 praeditum
3345 5163 3475 5206 esse

1905 5241 2124 5296 oculis?
2165 5241 2249 5293 An
2305 5239 2411 5293 hoc
2464 5237 2688 5292 omnino
2751 5240 2914 5292 tacite
2972 5238 3266 5310 signiﬁcat,
3317 5240 3469 5310 quod

211 5335 298 5387 ὅτι
349 5332 609 5400 ἀναλογία
637 5333 719 5396 τίς
747 5333 862 5384 ἐστι
891 5332 1000 5386 τῶν
1032 5333 1090 5385 ὲν
1125 5336 1190 5404 τῇ
1228 5333 1374 5405 ψυχῇ
1409 5332 1794 5404 θεωρουμένων

1913 5347 2090 5387 eorum
2125 5345 2246 5400 quae
2277 5327 2702 5384 considerantur
2746 5328 2800 5382 in
2835 5329 3038 5392 anima,
3089 5336 3172 5382 est
3221 5331 3469 5398 quaedam

216 5424 361 5496 πρὸς
387 5423 456 5476 τὰ
484 5421 580 5478 τοῦ
609 5422 859 5492 σώματος
890 5424 1066 5495 μέρη;
1095 5425 1204 5477 Καὶ
1226 5423 1415 5495 ὥσπερ
1443 5424 1536 5476 ἐπὶ
1561 5425 1662 5494 τῆς
1693 5441 1796 5478 σω-

1913 5423 2182 5494 proportio
2209 5429 2261 5475 et
2309 5420 2689 5476 convenientia
2723 5435 2846 5474 cum
2888 5421 3134 5490 partibus
3167 5423 3414 5491 corporis
3444 5420 3473 5474 τ

219 5515 464 5588 ματικῆς
500 5516 841 5579 διαπλάσεως
887 5515 948 5569 τὸ
981 5517 1209 5587 προέχον
1257 5517 1352 5570 τοῦ
1411 5517 1530 5570 ὅλου
1583 5515 1794 5588 κεφαλὴ

1913 5526 1955 5573 ιι
2003 5515 2149 5571 sicut
2195 5513 2249 5568 in
2305 5513 2474 5584 ﬁgura
2522 5511 2768 5583 corporis
2813 5511 2866 5567 id
2912 5512 3056 5583 quod
3107 5513 3203 5568 toti
3253 5517 3474 5585 praeut,

291 5696 338 5728 ’³
377 5692 519 5749 Psal.
551 5709 671 5755 cm,
701 5693 790 5746 24.

547 5787 823 5846 Pyram.
865 5787 985 5847 Gn.
1021 5789 1071 5848 Χ
1087 5787 1234 5850 LIV.

3123 5782 3204 5836 Β
