3870 6220
417 245 520 300 683

1640 241 1696 294 S.
1739 239 2062 296 CREGOHII
2098 239 2396 297 NYSSENI

3551 246 3667 302 οτι

415 369 579 430 caput
638 358 972 422 nominatur,
1025 357 1099 412 ita
1144 357 1308 413 etiam
1374 357 1428 410 in
1488 357 1668 410 anima
1723 357 1774 410 id
1832 357 1972 427 quod

2080 359 2425 428 ὀνομάζεται,
2459 357 2601 410 οῦτω
2639 358 2731 410 καὶ
2768 359 2860 410 ἐπὶ
2879 357 2977 428 τῆς
3015 357 3192 428 ψυχῆς
3232 358 3293 411 τὸ
3322 360 3671 430 ἡγεμονικόν

414 451 779 522 principatum
811 449 1042 512 obtinet,
1089 457 1143 504 et
1174 450 1407 520 primum
1436 459 1582 504 tenet
1633 449 1835 510 locum,
1882 463 1981 518 pro

385 543 594 632 λιιιιρίιε
623 542 945 612 intelligitur
970 558 985 607 ;
1011 549 1064 595 et
1086 556 1195 611 quo
1223 540 1386 596 modo
1415 541 1575 632 pedis,
1593 539 1768 594 basim
1795 539 1981 632 appel-

413 645 589 692 lamus
631 635 950 690 calcaneum
975 673 995 702 ,
1030 633 1103 687 ita
1149 633 1312 688 etiam
1365 632 1528 687 fuerit
1565 631 1715 686 basis
1763 631 1976 694 animm,

413 744 511 800 per
553 743 718 798 quam
769 727 988 796 attingit
1033 726 1283 797 corporis
1330 726 1786 789 coalescentiam,
1836 724 1979 779 unde

414 819 661 873 immittit
680 819 734 872 in
766 817 1069 887 subjectum
1099 815 1366 872 sentiendi
1384 819 1490 870 vim
1509 825 1562 872 et
1585 815 1976 887 operationem.

409 908 642 976 Quando
669 923 798 979 ergo
828 907 1194 978 perspiciendi
1229 914 1282 961 et
1328 905 1736 976 contemplandi
1781 905 1865 960 vis
1922 905 1979 958 in

410 1002 593 1056 anima
622 1012 922 1070 occupatur
946 1001 998 1055 in
1029 1000 1194 1056 rebus
1219 999 1540 1061 sensilibus,
1569 1001 1624 1053 in
1653 999 1772 1069 ejus
1798 997 1978 1052 ealca-

409 1108 543 1149 neos
561 1093 842 1148 oculorum
869 1091 1071 1146 transit
1101 1100 1317 1154 natura,
1340 1106 1436 1160 per
1463 1105 1602 1160 quos
1633 1090 1832 1160 aspicit
1855 1105 1977 1160 qute

409 1190 536 1237 sunt
570 1181 856 1243 inferiora,
888 1181 1204 1236 sublimium
1255 1180 1691 1250 speculationum
1726 1189 1976 1235 contem-

408 1274 668 1345 plationis
696 1287 892 1343 expers
923 1285 1150 1324 manens
1185 1271 1419 1340 penitus.
1455 1269 1550 1324 Sin
1578 1278 1758 1325 autem
1792 1287 1974 1325 rerum

410 1365 777 1436 subjectarum
817 1364 1034 1434 cognita
1070 1363 1332 1426 vanitate,
1362 1363 1647 1418 sustulerit
1677 1363 1872 1418 oculos
1907 1363 1974 1418 ad

409 1471 571 1511 suum
600 1461 787 1525 caput,
823 1453 968 1524 quod
997 1461 1082 1508 est
1110 1452 1386 1517 Christus,
1414 1454 1559 1508 sicut
1589 1456 1976 1524 interpretatur

409 1545 631 1607 Paulus,
654 1544 813 1598 beata
836 1543 1110 1598 censenda
1135 1541 1302 1597 fuerit
1329 1549 1552 1612 propter
1581 1557 1760 1596 aerem
1790 1543 1975 1597 oculo-

408 1649 530 1688 rum
564 1635 757 1696 aciem,
811 1640 873 1687 ut
910 1648 1030 1703 quae
1059 1633 1173 1686 illic
1205 1631 1402 1686 habeat
1450 1631 1666 1697 oculos,
1700 1632 1795 1686 ubi
1845 1631 1972 1686 mali

2078 465 2137 501 τε
2170 450 2263 502 καὶ
2291 449 2723 520 προτεταγμένον
2760 449 2880 502 ἀντὶ
2928 449 3171 519 κεφαλῆς
3209 451 3427 502 νοεῖται·
3461 453 3564 503 καὶ
3601 451 3670 503 ὃν

2076 540 2275 610 τρόπον
2297 540 2534 610 πτέρναν
2556 540 2655 610 τὴν
2674 538 2769 592 τοῦ
2792 540 2949 603 ποδὸς
2973 540 3129 609 βάσιν
3153 541 3668 612 προσαγορεύομεν,

2076 626 2248 690 οὕτως
2279 627 2346 680 ἀν
2377 628 2462 697 είη
2497 628 2592 681 καὶ
2629 627 2730 697 τῆς
2772 615 2947 698 ψυχῆς
2980 629 3135 698 βάσις
3160 629 3227 682 δι’
3255 627 3322 700 ἧς
3350 630 3671 699 ἐφάπτεται

2077 719 2176 788 τῆς
2210 718 2484 788 συμφυΐας
2509 717 2603 771 τοῦ
2635 718 2906 789 σώματος,
2933 719 3054 773 ὅθεν
3090 721 3189 792 τὴν
3213 721 3531 792 αἰσθητικὴν
3565 722 3671 774 δύο

2076 809 2237 880 ναμίν
2262 826 2322 862 τε
2346 810 2441 863 καὶ
2461 810 2740 882 ἐνέργειαν
2764 810 2840 880 τῷ
2866 811 3207 882 ὑποκειμένῳ
3227 813 3446 882 ἐνίησιν.
3474 814 3671 866 Ὅταν

2075 900 2256 954 τοίνυν
2289 902 2322 972 ἡ
2360 901 2638 972 διορατική
2677 919 2737 955 τε
2768 903 2860 956 καὶ
2893 901 3197 974 θεωρητικὴ
3223 905 3323 974 τῆς
3348 905 3526 975 ψυχῆς
3557 906 3670 958 δύ-

2076 1011 2238 1064 ναμις
2266 994 2402 1065 πρὸς
2443 995 2512 1047 τά
2546 994 2778 1065 αίσθητά
2821 995 2920 1064 τὴν
2967 996 3219 1064 ἀσχολίαν
3255 996 3362 1066 ἔχει
3385 1037 3398 1059 ,
3433 1000 3513 1060 εἰς
3553 997 3672 1060 τὰς

2077 1087 2313 1156 πτέρνας
2346 1087 2517 1158 αὐτῆς
2549 1088 2582 1157 ἡ
2613 1087 2721 1140 τῶν
2757 1086 3050 1157 ὀφθαλμῶν
3075 1087 3236 1155 φύσις
3266 1088 3671 1158 ἀντιμεθίσταο

2075 1196 2185 1240 ται,
2219 1178 2286 1231 δι’
2321 1171 2396 1232 ὧν
2432 1179 2502 1233 τά
2529 1180 2678 1232 κάτω
2713 1178 2896 1248 βλέπει
2916 1219 2930 1244 ,
2972 1179 3082 1232 τῶν
3109 1179 3324 1248 ὑψηλῶν
3357 1180 3676 1250 θεαμάτων

2073 1269 2301 1334 ἀθέατος
2338 1269 2595 1340 μένουσα.
2629 1269 2692 1323 Εί
2723 1269 2779 1323 δὲ
2805 1269 3119 1340 γνωρίσασα
3140 1270 3246 1323 τῶν
3273 1271 3670 1340 ὑποκειμένων

2074 1362 2135 1416 τὸ
2171 1363 2418 1432 μάταιον,
2458 1361 2723 1431 ἀναγάγοι
2759 1361 2857 1424 τὰς
2894 1361 3044 1430 ὄψεις
3081 1363 3173 1414 ἐπὶ
3201 1363 3298 1434 τὴν
3323 1364 3519 1432 ἑαυτῆς
3555 1381 3670 1417 κε-

2075 1451 2270 1522 φαλὴν,
2316 1452 2442 1521 ἥτις
2478 1452 2626 1504 ἐστὶν
2669 1454 2697 1506 ὁ
2737 1450 3001 1522 Χριστὸς,
3045 1449 3224 1512 καθὼς
3247 1452 3602 1522 διερμηνεύει
3633 1455 3669 1505 ὁ

2074 1543 2324 1608 Παῦλος,
2376 1544 2684 1614 μακαριστὴ
2728 1543 2795 1596 ἀν
2831 1541 3041 1610 γένοιτο
3083 1543 3180 1612 τῆς
3203 1543 3488 1608 όξυωπίας,
3529 1546 3696 1607 ἐκεῖ,

2075 1635 2268 1706 ἔχουσα
2299 1636 2424 1700 τοὺς
2461 1635 2766 1705 ὀφθαλμοὺς
2785 1675 2799 1697 ,
2828 1633 2960 1686 ὅπου
2983 1635 3084 1686 οῦκ
3107 1633 3254 1687 ἔστιν
3280 1636 3312 1705 ἡ
3345 1635 3434 1687 τοῦ
3468 1637 3664 1689 κακοῦ

409 1742 518 1781 non
549 1733 632 1781 est
662 1725 996 1780 obscuritas.
1031 1723 1255 1795 Magnus
1302 1723 1394 1778 ille
1425 1722 1654 1788 Paulus,
1696 1732 1751 1778 et
1797 1723 1842 1778 si
1879 1724 1972 1794 qui

2077 1728 2445 1799 ἐπισκότησις.
2475 1727 2685 1791 Παῦλος
2709 1729 2737 1781 ὁ
2761 1728 2932 1799 μέγας
2967 1729 3059 1781 καῖ
3096 1727 3150 1778 εί
3173 1744 3315 1790 τινες
3344 1726 3489 1780 ἄλλοι
3518 1729 3667 1780 κατ’

410 1817 500 1871 alii
529 1824 656 1871 sunt
680 1818 822 1870 sicut
841 1815 931 1870 ille
956 1818 1158 1886 magni,
1182 1814 1453 1870 habebant
1475 1815 1664 1870 oculos
1694 1815 1748 1869 in
1771 1816 1970 1884 capite,

408 1917 460 1964 et
482 1925 672 1964 omnes
693 1908 787 1978 qui
811 1909 1000 1962 vivunt
1020 1915 1076 1962 et
1102 1917 1410 1971 moventur,
1433 1915 1487 1962 et
1505 1915 1634 1962 sunt
1662 1908 1712 1960 in
1731 1907 1969 1961 Christo.

409 1985 543 2055 Nam
577 2001 718 2056 sicut
749 1999 863 2053 lieri
888 2014 995 2052 non
1022 2005 1226 2067 potest,
1248 2007 1306 2051 ut
1328 1999 1422 2068 qui
1451 1998 1522 2052 sit
1554 1999 1609 2051 in
1642 1997 1762 2051 luce
1790 1997 1973 2051 videat

409 2095 705 2151 tenebras;
740 2095 813 2147 ita
851 2107 960 2146 non
994 2099 1173 2161 potest
1227 2089 1364 2155 fieri,
1406 2096 1465 2143 ut
1495 2089 1589 2158 qui
1637 2089 1693 2142 in
1745 2088 1972 2144 Christo

409 2189 570 2242 habet
596 2187 837 2250 oculum,
871 2184 938 2238 ad
969 2181 1174 2252 aliquid
1208 2197 1409 2236 vanum
1437 2197 1560 2235 eum
1601 2181 1820 2252 deligat.
1865 2181 1970 2247 Qui

407 2295 537 2350 ergo
565 2279 729 2333 habet
759 2277 952 2331 oculos
979 2275 1036 2330 in
1062 2274 1258 2344 capite,
1298 2280 1464 2344 caput
1501 2284 1680 2329 autem
1716 2274 1972 2343 intelligi—

407 2389 530 2428 mus
574 2369 950 2425 universitatis
1005 2365 1381 2438 principium,
1441 2365 1604 2420 habet
1667 2365 1857 2419 oculos
1916 2365 1970 2417 in

408 2462 556 2516 omni
617 2461 817 2515 virtute
878 2457 1157 2527 (Christus
1219 2463 1401 2508 autem
1459 2463 1544 2509 est
1608 2455 1782 2508 virtus
1847 2469 1973 2523 per-

407 2556 588 2616 lecta,
663 2559 720 2604 et
787 2549 938 2603 omni
1011 2564 1076 2602 ex
1148 2556 1303 2616 parte
1396 2545 1809 2615 absoluta),in
1879 2560 1973 2598 ve-

407 2647 590 2709 ritate,
637 2642 692 2695 in
735 2640 969 2710 justitia,
1025 2639 1080 2692 in
1132 2636 1670 2706 incorruptibilitate,
1723 2636 1778 2689 in
1821 2633 1969 2688 omni

407 2737 572 2790 bono.
615 2752 632 2784 t
671 2731 944 2801 Sapientis
991 2744 1120 2799 ergo
1152 2729 1293 2783 oculi
1341 2735 1469 2783 sunt
1509 2728 1562 2780 in
1600 2727 1774 2796 capite
1810 2728 1968 2795 ejus:

407 2829 608 2884 stultus
637 2831 818 2879 autem
853 2822 906 2876 itt
935 2820 1175 2876 tenebris
1204 2819 1463 2872 ambulat.
1500 2840 1517 2868 ι
1552 2817 1653 2882 Qui
1683 2817 1824 2871 enim
1861 2832 1970 2870 non

408 2917 561 2989 ponit
593 2929 746 2972 suam
783 2914 1250 2979 lucernam'super
1282 2905 1690 2970 candelabrum,
1725 2903 1818 2958 sed
1851 2919 1969 2958 eam

409 3017 562 3080 pontt
593 3006 698 3062 sub
733 3006 860 3060 base
887 3004 1030 3070 lecti,
1060 3001 1220 3057 eﬂlcit
1248 3011 1305 3054 ut
1335 3001 1421 3053 lux
1445 3001 1546 3056 sibi
1576 3002 1683 3053 sint
1713 2999 1968 3064 tenebrm,

407 3109 468 3153 ιιι
501 3097 593 3169 qui
636 3095 873 3151 evaserit
910 3091 1092 3162 opifex
1141 3092 1261 3160 ejus
1287 3091 1434 3160 quod
1470 3106 1578 3144 non
1622 3099 1800 3158 potest
1839 3105 1970 3144 eon-

409 3191 624 3245 sistere.
658 3186 871 3239 Vanum
910 3192 994 3237 est
1036 3191 1218 3236 autem
1253 3183 1307 3236 id
1347 3182 1492 3250 quod
1531 3182 1832 3236 consistere
1861 3197 1970 3236 non

409 3289 606 3352 potest.
649 3277 910 3332 Tenebrae
943 3290 1074 3345 ergo
1109 3275 1164 3327 in
1207 3273 1598 3343 signiﬁcatione
1641 3281 1849 3327 tantum
1881 3289 1972 3327 va-

410 3375 546 3435 lent,
571 3382 834 3442 quantum
869 3383 1091 3421 vanum.
1127 3364 1293 3420 Stulti
1331 3380 1463 3435 ergo
1490 3366 1668 3418 anima
1698 3381 1817 3436 quae
1851 3381 1973 3421 cor-

411 3482 512 3537 pus
564 3464 776 3533 diligit,
835 3469 890 3516 et
939 3466 1024 3515 est
1071 3458 1347 3522 carnalis,
1401 3457 1531 3511 dum
1579 3458 1694 3512 haec
1745 3459 1970 3527 aspicit,

409 3557 543 3612 nihil
574 3557 737 3610 videt.
771 3552 924 3607 Vera:
959 3552 1104 3606 enim
1136 3558 1266 3606 sunt
1295 3550 1531 3605 tenebrae
1569 3565 1696 3605 acer
1731 3551 1884 3606 visus
1918 3552 1972 3605 in

409 3650 726 3706 sensilibus.
761 3646 925 3702 Vides
957 3647 1092 3702 istos
1120 3659 1275 3700 acres
1305 3652 1360 3698 et
1398 3644 1452 3698 in
1486 3643 1588 3698 hac
1620 3643 1732 3698 vita
1777 3659 1974 3699 versu-

410 3755 494 3798 tos
531 3758 594 3796 ac
636 3740 938 3802 versatiles,
979 3753 1117 3807 quos
1151 3752 1253 3791 nos
1300 3751 1565 3792 vocamus
1603 3734 1972 3804 jurisperitos,

407 3850 570 3906 quam
607 3833 764 3886 facile
805 3830 1037 3886 eﬂiciant
1069 3839 1127 3883 ut
1169 3828 1333 3882 liceat
1373 3827 1552 3882 facere
1581 3827 1863 3896 injuriam,
1891 3837 1972 3882 te-

408 3927 608 3989 stibus,
652 3923 918 3994 patronis,
953 3921 1172 3984 libellis,
1219 3919 1464 3989 judicum
1495 3919 1866 3982 observantia,
1915 3927 1974 3972 ut

405 4026 461 4072 et
495 4017 691 4070 malum
732 4014 938 4067 faciant
973 4021 1028 4066 et
1060 4019 1279 4067 sumant
1309 4011 1674 4082 supplicium?
1699 4010 1837 4077 Quis
1866 4027 1973 4064 non

405 4120 592 4160 eorum
623 4105 853 4158 miretur
884 4101 1243 4156 subtilitatem
1277 4108 1331 4155 et
1371 4100 1626 4154 versatile
1655 4099 1975 4168 ingenium?

409 4199 549 4252 Sunt
601 4205 784 4250 tamen
834 4194 924 4248 isti
977 4193 1131 4256 caeci,
1187 4193 1235 4247 si
1292 4191 1650 4246 conferantur
1695 4206 1819 4244 eum
1881 4192 1974 4245 illo

404 4288 587 4352 oculo,
624 4287 718 4355 qui
753 4299 816 4339 ea
849 4298 970 4354 qua:
1009 4296 1176 4351 supra
1201 4289 1354 4344 sunt,
1388 4281 1610 4349 aspicit,
1659 4281 1751 4350 qui
1789 4288 1873 4332 est
1917 4281 1971 4333 in

1997 3061 2044 3118 C

2077 1822 2281 1874 ἐκεῖνον
2320 1819 2544 1890 μεγάλοι
2570 1821 2628 1872 ἐν
2655 1821 2722 1890 τῇ
2751 1819 2964 1889 κεφαλῇ
2991 1819 3114 1881 τοὺς
3141 1817 3447 1888 ὀφθαλμοὺς
3473 1813 3661 1890 εἶχον,

2073 1913 2167 1965 καὶ
2196 1911 2392 1974 πάντες
2425 1913 2474 1964 oi
2506 1912 2563 1962 ἐν
2596 1909 2816 1981 Χριστῷ
2855 1909 3054 1975 ζῶντες
3086 1910 3179 1961 καὶ
3212 1910 3516 1979 κινούμενοι
3551 1911 3662 1964 καῖ

2071 2000 2241 2064 ὄντες.
2278 2002 2365 2065 Ὠς
2398 2001 2462 2055 ἂν
2488 2003 2586 2055 οὐκ
2611 2001 2726 2055 ἐστι
2750 2002 2840 2053 τὸν
2870 2003 2927 2054 ἐν
2954 2002 3092 2069 φωτὶ
3114 2001 3242 2054 ὄντα
3268 2001 3454 2064 σκότος
3486 2002 3658 2064 ἰδεῖν,

2071 2091 2241 2156 οὕτως
2261 2093 2361 2146 οὐκ
2380 2092 2496 2145 ἔστι
2513 2093 2601 2146 τὸν
2623 2095 2682 2146 ἐν
2704 2092 2781 2162 τῷ
2811 2092 3026 2164 Χριστῷ
3045 2092 3132 2145 τὸν
3152 2091 3422 2163 ὀφθαλμὸν
3448 2093 3665 2163 ἔχοντα

2073 2186 2208 2258 πρός
2243 2203 2296 2238 τι
2338 2186 2445 2238 τῶν
2479 2187 2722 2257 ματαίων
2761 2187 3086 2239 ἐνατενίσαι.
3138 2187 3198 2238 'U
3228 2181 3320 2238 οῦν
3351 2188 3406 2238 ἐν
3435 2188 3499 2256 τῇ
3548 2203 3657 2239 κε-

2073 2276 2216 2348 φαλῇ
2248 2277 2373 2339 τοὺς
2402 2276 2712 2347 ὀφθαλμοὺς
2738 2275 2896 2345 ἔχων,
2944 2276 3184 2346 κεφαλὴν
3216 2276 3272 2328 δὲ
3314 2277 3413 2345 τὴν
3441 2277 3658 2339 παντὸς

2071 2369 2242 2440 ἀρχὴν
2284 2370 2606 2440 ἐνοήσαμεν,
2661 2370 2718 2421 ὲν
2751 2372 2904 2442 πάσῃ
2944 2369 3113 2439 ἀρετῇ
3160 2369 3285 2431 τοῦς
3329 2367 3658 2436 ὀφθαλμοὺς

2071 2459 2183 2529 ἔχει
2241 2458 2504 2530 (Χριστὸς
2557 2459 2663 2528 γάρ
2727 2461 2874 2512 ἐστιν
2915 2461 2948 2529 ἠ
2999 2459 3265 2528 παντελὴς
3308 2459 3538 2530 ἀρετὴ),
3590 2461 3662 2510 ἐν

2071 2549 2317 2622 ἀληθείᾳ,
2343 2543 2399 2602 ἐν
2419 2550 2749 2622 δικαιοσύνῃ,
2769 2553 2826 2603 ἐν
2849 2550 3144 2622 ἀφθαρσίᾳ,
3169 2553 3226 2604 ἐν
3248 2554 3408 2604 παντὶ
3431 2551 3654 2623 ἀγαθῷ.

2078 2660 2096 2694 ι
2121 2641 2225 2695 Τοῦ
2249 2661 2267 2694 ι
2289 2637 2380 2694 οῦν
2403 2663 2420 2694 ι
2447 2642 2607 2712 σοφοῦ
2629 2641 2680 2692 οί
2703 2641 2992 2713 ὀφθαλμοὶ,
3022 2645 3079 2695 ἐν
3104 2641 3310 2714 κεφαλῇ
3334 2643 3516 2696 αὑτοῦ·
3544 2647 3576 2696 ὀ
3595 2644 3657 2696 δὲ

2071 2732 2277 2804 ἄφρων,
2307 2735 2365 2788 ἐν
2389 2734 2568 2786 σκότει
2597 2734 2905 2804 πορεύεται.
2933 2753 2952 2786 ›
2985 2734 3042 2786 '0
3071 2734 3179 2805 γάρ
3209 2735 3282 2804 μὴ
3306 2737 3397 2787 ἐπὶ
3428 2735 3524 2805 τὴν
3557 2736 3659 2788 λυ-

2073 2827 2223 2896 χνίαν
2254 2826 2345 2879 τὸν
2378 2825 2570 2879 ἐαυτοῦ
2599 2825 2789 2896 λύχνον
2823 2826 3108 2897 προτείνας
3128 2865 3143 2885 .
3173 2825 3288 2879 ἀλλ’
3325 2827 3657 2880 ῦποΰάλλων

2071 2920 2136 2988 τῇ
2173 2917 2326 2986 βάσει
2353 2918 2455 2988 τῆς
2479 2918 2688 2986 κλίνης,
2714 2918 2775 2970 τὸ
2801 2918 3002 2985 φέγγος
3028 2917 3208 2987 ἐαυτῷ
3240 2919 3431 2980 σκότος
3457 2920 3655 2990 ἐποίη-

2075 3025 2186 3074 σεν,
2209 3008 2539 3080 δημιουργὸς
2560 3006 2653 3059 τοῦ
2678 3006 3026 3076 ἀνυπάρκτου
3057 3008 3366 3076 γενόμενος.
3399 3009 3560 3061 Mira
3572 3025 3658 3060 ιον

2071 3101 2127 3154 δὲ
2165 3101 2224 3153 τὸ
2263 3099 2625 3170 ἀνύπαρκτον.
2661 3095 2808 3152 Ἷσον
2844 3094 2935 3152 οὖν
2969 3101 3085 3151 ἐστι
3118 3098 3259 3152 κατά
3297 3099 3358 3151 τὸ
3388 3100 3654 3168 σημαινό-

2076 3209 2232 3264 μενον
2259 3191 2336 3262 τῷ
2373 3192 2582 3262 ματαίῳ
2625 3192 2684 3244 τὸ
2727 3193 2936 3255 σκότος.
2983 3191 3090 3243 Τοῦ
3121 3191 3296 3243 τοίνυν
3347 3189 3586 3260 ἄφρονος
3615 3189 3657 3259 ἧ

2071 3284 2216 3354 ψυχὴ
2253 3282 2627 3352 φιλοσώματός
2654 3300 2740 3344 τις
2769 3286 2862 3335 καὶ
2889 3282 3172 3352 σαρκώδης
3210 3281 3558 3350 γεγενημένη
3594 3283 3652 3332 ἐν

2072 3375 2149 3446 τῷ
2194 3373 2366 3426 ταῦτα
2413 3373 2647 3442 βλέπειν,
2693 3371 2876 3442 βλέπει
2921 3373 3095 3424 οὐδέν’
3127 3372 3315 3434 σκότος
3355 3373 3466 3442 γάρ
3500 3373 3656 3423 ἐστιν

2073 3465 2288 3536 ἀληθῶς
2325 3466 2358 3535 ἠ
2404 3467 2461 3517 ἐν
2502 3465 2710 3526 τούτοις
2746 3463 3010 3528 ὀξυωπία.
3067 3464 3229 3534 Ὁρᾷς
3263 3465 3389 3525 τοὺς
3434 3464 3657 3532 δριμεῖς

2073 3560 2292 3621 τούτους
2325 3559 2418 3611 καῖ
2445 3557 2775 3627 εὐστρόφους
2821 3558 2962 3609 κατὰ
3008 3557 3096 3610 τδν
3147 3557 3279 3626 βίον,
3305 3556 3397 3619 οὓς
3433 3557 3654 3610 δικανι-

2074 3651 2201 3714 κοὺς
2225 3649 2579 3719 ὀνομάζομεν,
2615 3649 2762 3710 ὅπως
2791 3649 3002 3710 ἑαυτοῖς
3039 3647 3134 3718 τὴν
3166 3647 3377 3700 ἀδικίαν
3412 3647 3657 3716 ἐξευμα-

2076 3742 2302 3813 ρίζουσι,
2339 3741 2596 3811 μάρτυσι,
2627 3740 2965 3808 συνηγόροις,
2990 3741 3250 3809 γραφαῖς,
3278 3742 3343 3808 τῇ
3370 3739 3478 3790 τῶν
3506 3739 3660 3791 81x1.-

2077 3832 2215 3886 στῶν
2258 3831 2543 3902 θεραπείᾳ,
2577 3831 2715 3883 ὥστε
2761 3831 2855 3882 καὶ
2892 3831 2953 3882 τὸ
3001 3830 3173 3882 κακὸν
3210 3827 3657 3898 κατεργάζεσθαι

2075 3926 2167 3978 καὶ
2192 3924 2435 3978 ἐκδοῦναι
2461 3929 2560 3994 τὴν
2583 3925 2859 3994 τιμωρίαν
2874 3940 2894 3986 ;.
2915 3923 3009 3985 Τίς
3031 3923 3090 3974 οὺ
3114 3923 3382 3992 θαυμάζει
3411 3923 3472 3975 τὸ
3499 3923 3659 3992 ἀγχίο

2075 4033 2196 4068 νουν
2222 4015 2328 4067 τῶν
2362 4016 2614 4068 τοιούτων
2656 4016 2750 4067 καὶ
2784 4013 3246 4084 εῦπερίτρεπτον;
3307 4014 3447 4066 Ἀλλ’
3497 4016 3663 4083 ὅμως,

2072 4107 2259 4176 τυφλοί
2300 4109 2432 4159 εἰσιν
2459 4109 2507 4159 οί
2539 4107 2791 4167 τοιοῦτοι,
2821 4107 2868 4158 εί
2917 4107 3052 4177 πρὸς
3081 4109 3282 4159 ἐκεῖνον
3320 4107 3410 4159 τὸν
3449 4107 3660 4174 ὀφθαλ-

2078 4199 2175 4269 μὺν
2194 4199 2550 4263 ἐξετάζοιντο,
2579 4197 2670 4250 τὸν
2692 4197 2759 4250 τὰ
2781 4199 2892 4251 ἄνω
2914 4197 3197 4266 βλέποντα,
3224 4198 3314 4249 τὸν
3341 4200 3406 4267 τῇ
3436 4199 3662 4269 κεφαλῇ

2073 4287 2180 4339 τῶν
2205 4288 2372 4340 ὄντων
2401 4289 2737 4358 ἐγκείμενον,
2773 4289 2964 4357 τυφλοί
2997 4290 3132 4340 εἰσιν
3166 4289 3444 4358 ἄντικρυς,
3472 4290 3521 4341 οἱ
3554 4291 3659 4361 τὴν

405 4380 584 4448 capite
613 4392 805 4433 eorum
834 4391 956 4448 qua:
983 4389 1111 4429 vere
1142 4385 1302 4445 sunt;
1326 4373 1485 4441 plane
1527 4381 1659 4426 sunt
1695 4373 1850 4434 caeci,
1879 4372 1970 4440 qui

2074 4378 2307 4448 πτέρναν
2340 4379 2544 4431 ἑαυτῶν
2574 4379 3026 4442 καλλωπίζοντες,
3052 4380 3152 4451 τὴν
3187 4382 3658 4450 σπαρασσομὲνην

405 4486 564 4526 suum
591 4475 791 4522 ornant
819 4465 1158 4526 ealcaneum,
1189 4462 1332 4533 quod
1359 4463 1632 4517 laceratur
1651 4478 1683 4516 a
1711 4463 1970 4518 dentibus

406 4558 698 4630 serpentis.
751 4555 1044 4625 Propterea
1096 4555 1241 4608 enim
1287 4553 1430 4623 quod
1482 4569 1546 4607 ea
1598 4569 1719 4623 qua:
1757 4554 1968 4610 inferne

405 4657 559 4712 sunt,
582 4647 881 4717 aspiciunt,
915 4645 1022 4700 sibi
1047 4645 1181 4714 ipsis
1213 4645 1530 4714 imprimunt
1557 4643 1810 4713 dogmata
1844 4659 1971 4714 pec-

402 4741 534 4794 cati.
575 4758 592 4790 t
629 4737 734 4804 Qui
765 4737 912 4790 enim
953 4735 1130 4804 diligit
1179 4735 1540 4803 iniquitatem,
1575 4732 1688 4787 odit
1730 4733 1970 4786 animam

402 4847 558 4887 suam
581 4831 646 4892 ⁷⁸,
685 4850 704 4881 ›
755 4837 810 4882 et
850 4827 996 4897 quod
1041 4843 1108 4882 ex
1149 4827 1216 4881 iis
1261 4826 1403 4878 inter
1436 4825 1682 4880 homines
1714 4833 1972 4879 censetur

401 4926 647 4987 beatum,
681 4930 768 4977 est
815 4920 1105 4990 quibusvis
1157 4919 1323 4974 rebus
1373 4918 1620 4973 adversis
1676 4919 1966 4972 miserabi-

401 5019 531 5072 lius.
575 5015 749 5082 Quam
782 5015 940 5068 multi
987 5021 1168 5067 autem
1207 5027 1400 5066 rursus
1446 5020 1636 5065 contra
1679 5020 1829 5074 sunt,
1875 5010 1969 5080 qui

403 5112 683 5180 replentur
739 5106 807 5160 iis
839 5121 960 5176 quae
1014 5113 1144 5160 sunt
1188 5103 1242 5157 in
1294 5104 1403 5157 alto
1451 5106 1863 5169 certaminibus,
1915 5112 1970 5158 et

402 5208 691 5257 versantur
719 5199 775 5253 in
807 5212 1000 5252 eorum
1030 5211 1151 5267 qua:
1179 5209 1305 5250 vere
1331 5204 1457 5250 sunt
1487 5197 1964 5266 contemplatione,

400 5292 790 5347 existimantur
824 5295 1005 5342 autem
1062 5285 1190 5341 caeci
1227 5294 1282 5340 et
1316 5286 1537 5340 inutiles
1567 5287 1618 5340 in
1655 5288 1822 5342 rebus
1851 5303 1967 5340 ma-

399 5381 709 5443 terialibus,
738 5378 956 5450 qualem
989 5391 1049 5432 se
1070 5375 1338 5448 gloriatur
1368 5393 1491 5433 esse
1519 5376 1747 5440 Paulus,
1776 5377 1966 5434 dicens

401 5485 460 5523 se
487 5487 608 5526 esse
644 5471 873 5525 stultum
902 5477 1126 5541 propter
1154 5467 1455 5526 Christum.
1488 5467 1622 5540 Ejus
1650 5470 1796 5526 enim
1830 5485 1964 5540 pru-

479 5645 518 5674 “
554 5643 702 5699 Psal.
747 5661 809 5712 ι,
845 5645 903 5700 6.

2075 4471 2188 4531 τοῖς
2215 4468 2391 4521 ὀδοῦσι
2417 4468 2511 4521 τοῦ
2542 4469 2735 4537 ὄφεως.
2765 4473 2842 4521 Δι’
2869 4463 2944 4523 ὧν
2964 4470 3073 4540 γὰρ
3096 4470 3163 4522 τὰ
3191 4471 3340 4524 κάτω
3370 4471 3656 4540 βλέπουσι,

2073 4560 2142 4612 τὰ
2188 4560 2430 4630 δόγματα
2475 4561 2574 4630 τῆς
2631 4563 2904 4632 ἁμαρτίας
2945 4564 3154 4626 ἑαυτοῖς
3197 4565 3656 4634 ἐγχαράσσουσιν.

2081 4665 2099 4696 t
2149 4647 2207 4698 '0
2237 4647 2346 4716 γάρ
2373 4646 2604 4713 ἀγαπῶν
2629 4647 2864 4710 ἀδικίαν,
2883 4653 3030 4719 μισεί
3046 4651 3143 4721 τὴν
3167 4652 3361 4704 ἐαυτοῦ
3378 4653 3602 4726 ψυχὴν,
3632 4675 3652 4707 ι

2074 4737 2168 4790 καὶ
2200 4736 2260 4788 τὸ
2303 4735 2737 4807 μακαριζόμενον
2783 4738 2962 4792 αὐτῶν
2991 4741 3049 4790 ἐν
3091 4739 3420 4811 ἀνθρώποις,
3460 4742 3651 4812 πάσης

2071 4828 2407 4898 δυσπραγίας
2427 4828 2801 4900 ἐλεεινότερον.
2837 4830 2999 4883 Πόσοι
3037 4830 3092 4883 δὲ
3119 4831 3276 4884 πάλιν
3301 4834 3363 4884 ἐκ
3386 4832 3480 4884 τοῦ
3504 4835 3660 4886 ἐναν-

2070 4919 2185 4972 τίου
2213 4918 2321 4972 τῶν
2350 4919 2502 4990 ἐντῷ
2546 4918 2670 4988 ὕψει
2709 4921 2934 4988 ἀγώνων
2980 4923 3381 4993 ἐμφορούμενοι
3403 4963 3417 4982 ,
3450 4925 3548 4976 καὶ
3586 4929 3660 4996 τῇ,

2077 5010 2279 5082 θεωρίᾳ
2305 5010 2412 5062 τῶν
2434 5011 2600 5073 ὅντως
2625 5012 2791 5064 ὄντων
2821 5013 3309 5082 ἀπασχολόιζοντες,
3343 5015 3532 5082 τυφλοί
3571 5035 3657 5068 τι-

2075 5116 2165 5163 νες
2204 5103 2262 5152 ἐν
2308 5103 2419 5162 τοῖς
2459 5101 2661 5165 ὑλικοῖς
2687 5105 3007 5173 πράγμασιν
3034 5101 3173 5158 εἶναι
3207 5107 3520 5174 νομίζονται
3558 5111 3658 5160 καὶ

2073 5191 2320 5260 ἀνόνητοι
2340 5233 2354 5255 ,
2394 5185 2504 5244 οἷον
2531 5194 2626 5247 καὶ
2657 5197 2685 5247 ὁ
2712 5195 2921 5259 Παῦλος
2965 5192 3104 5248 εἶναι
3135 5200 3430 5266 καυχᾶται,
3467 5202 3657 5268 μιοιῴν

2074 5282 2261 5334 ἑαυτὸν
2283 5282 2368 5336 διὰ
2390 5284 2480 5336 τὸν
2510 5282 2735 5356 Χριστὸν
2759 5282 2896 5340 εἶναι
2921 5287 3114 5355 λέγων.
3168 5289 3234 5340 Ἡ
3257 5290 3364 5358 γὰρ
3391 5291 3660 5359 φρόνησις

2065 5373 2229 5428 αὑτοῦ
2271 5375 2365 5428 καὶ
2396 5377 2430 5446 ἡ
2461 5376 2621 5446 σοφία
2652 5377 2788 5448 πρὸς
2816 5379 2967 5431 οὐδὲν
2996 5379 3104 5432 τῶν
3131 5373 3232 5433 ὧδε
3277 5381 3659 5450 σπουδαζομέ-

2066 5481 2170 5519 νων
2197 5463 2493 5534 ὴσχολεῖτο.
2515 5467 2606 5522 Διὸ
2630 5466 2797 5536 λέγει,
2830 5486 2848 5519 t
2873 5468 3062 5541 Ἡμεῖς
3092 5469 3267 5541 μωροὶ
3291 5471 3380 5525 διὰ
3405 5470 3496 5524 τὸν
3519 5467 3660 5540 Χριο
