3870 6220
234 314 352 375 635

1294 319 1360 374 ΙΝ
1391 313 1925 377 ECCLESIASTEN.
1958 312 2246 373 HOMILIA
2280 314 2345 372 ν.

3360 265 3472 368 ω

230 435 383 488 στόνυ
399 455 416 487 ι
441 430 516 498 ὡς
541 434 606 489 ἂν
626 436 673 489 εί
697 435 898 505 ἔλεγεν·
927 429 1116 507 Ἡμεῖς
1134 431 1319 504 τυφλοὶ⁵
1335 437 1410 507 τῷ
1431 436 1578 490 κάτω
1593 435 1712 508 βίῳ,
1730 435 1803 489 διὸ

1919 430 2104 486 dentia
2152 438 2206 487 et
2269 425 2534 500 sapientia
2592 428 2921 486 versabatur
2972 422 3045 484 in.
3080 425 3233 482 nullo
3283 437 3477 482 eorum

229 528 296 580 τὸ
327 525 438 580 ἄνω
477 526 717 596 βλέπειν,
765 527 860 581 καὶ⁵
893 527 1019 590 τοὺς
1049 523 1358 596 ὀφθαλμοὺς
1399 527 1456 579 ὲν
1493 530 1558 598 τῇ
1599 527 1807 598 κεφαλῇ

231 613 402 690 ἔχειν.
421 614 622 673 Τούτου
647 619 804 688 χάριν
823 619 1050 686 ἄστεγος
1073 613 1140 689 ἦν
1159 619 1253 674 καὶ
1273 617 1596 690 ἀτράπεζος,
1618 619 1806 686 πένης,

232 708 698 782 ἀλήτης,γυμνὸς,
719 710 862 780 λιμῷ
880 709 972 764 καὶ
986 709 1128 779 δίψει
1155 710 1648 782 κατατρυχόμενος.
1668 711 1806 766 Ἀλλ’

227 800 260 857 ὁ
285 794 438 858 κάτω
465 799 722 865 τοιοῦτος,
753 803 810 854 ὲν
832 805 945 863 τοῖς
971 801 1083 856 ἀνω
1104 802 1379 873 σκόπησον
1403 795 1513 864 οἷος
1538 797 1625 874 ἦν.
1662 803 1807 867 Ἕως

227 896 345 968 γάρ
371 897 554 966 τρίτου
585 893 812 967 ούρανοῦ
844 890 1078 964 ὑψωθεὶς
1099 936 1114 958 ,
1157 895 1289 950 ὅπου
1328 891 1362 967 ἡ
1397 896 1609 966 κεφαλὴ
1644 897 1804 950 αὑτοῦ

225 978 324 1057 ἦν,
349 989 468 1041 ἐκεῖ
487 989 613 1050 τοὺς
651 985 966 1057 ὀφθαλμοὺς
1011 986 1188 1058 ἔσχεν,
1223 989 1333 1050 τοῖς
1355 984 1685 1060 ἀπορρἠοις
1711 984 1806 1042 τοῦ

228 1072 561 1149 παραδείσου
589 1078 905 1148 μυστηρίοις
935 1078 1376 1149 ὲναγαλλόμενος,
1401 1081 1493 1133 καὶ
1519 1078 1586 1134 τὰ
1604 1079 1808 1133 ἀθέατα

229 1169 472 1240 βλέπων,
521 1167 614 1222 καὶ
647 1168 930 1238 ἐντρυφῶν
959 1169 1189 1232 ἐκείνοις
1235 1169 1335 1222 ὅσα
1373 1167 1510 1238 ὑπὲρ
1556 1164 1808 1239 αἴσθησίν

227 1261 351 1312 ἐστι
402 1259 496 1313 καὶ
535 1255 790 1312 διάνοιαν,
844 1255 955 1312 Καὶ
1003 1256 1088 1322 τίς
1132 1254 1230 1312 ούκ
1264 1258 1330 1312 ἂν
1380 1254 1608 1312 ἐλεεινὸν
1647 1255 1808 1313 αὐτδν

226 1345 392 1420 ᾠήθη
414 1391 428 1406 .
458 1347 738 1419 δεσμώτην
770 1343 1000 1416 βλέπων,
1042 1347 1134 1401 καὶ
1165 1347 1398 1415 πληγαῖς
1441 1346 1804 1417 αἰκιζόμενον,

227 1442 330 1495 καὶ
386 1440 566 1510 βύθιον
610 1436 668 1492 ὲν
715 1438 958 1510 ναυαγίῳ
1003 1432 1091 1492 διά
1141 1437 1410 1506 πελάγους
1447 1439 1558 1502 τοῖς
1601 1436 1807 1509 κύμασι

229 1531 374 1601 μετὲι
404 1530 510 1584 τῶν
541 1529 754 1599 δεσμῶν
788 1529 1195 1599 συμφερόμενον
1219 1546 1235 1595 ;
1290 1527 1429 1582 Ἀλλ’
1471 1527 1620 1599 ὅμως
1658 1532 1707 1583 εί
1738 1528 1807 1584 τά

226 1623 287 1673 ἐν
325 1617 631 1689 ἀνθρώποις
656 1615 897 1678 τοιαῦτα,
931 1616 1022 1672 τοῦ
1051 1618 1233 1689 μέντοι
1261 1620 1317 1672 ὲν
1346 1619 1553 1691 κεφαλῇ
1583 1617 1808 1674 διαπαν-

225 1709 322 1775 τδς
351 1713 478 1775 τοὺς
507 1710 814 1780 ὀφθαλμοὺς
837 1710 978 1779 ἔχειν
1006 1710 1104 1763 οὐκ
1129 1711 1419 1781 ἀπετράπη
1437 1709 1629 1780 λέγων·
1666 1731 1686 1762 t
1710 1712 1806 1776 Τίς

227 1800 378 1872 ἡμᾶς
410 1801 633 1871 χωρίσει
663 1797 772 1854 ἀπὸ
807 1799 905 1868 τῆς
953 1800 1173 1868 ἀγάπης
1211 1797 1304 1852 τοῦ
1349 1799 1582 1870 Χριστοῦ
1617 1801 1714 1871 τῆς
1745 1802 1804 1854 ἐν
1836 1783 1880 1843 Β

227 1891 455 1962 Χριστῷ
499 1891 706 1960 ’1ησοῦ;
740 1888 949 1958 Θλίψις,
992 1887 1024 1957 ἦ
1075 1889 1428 1960 στενοχωρία,
1462 1890 1495 1961 ἢ
1529 1890 1798 1962 διωγμὸς,

225 1981 258 2052 ἢ
291 1981 471 2051 λιμὸς,
502 1979 536 2051 ἢ
563 1979 858 2050 γυμνότης,
947 1977 1258 2055 κίνδυνος,ἣ
1283 1977 1555 2047 μάχαιρα;
1586 1996 1604 2028 ι
1626 1979 1801 2049 Ὅπερ

224 2071 345 2128 ἶσόν
390 2077 504 2128 ἐστι
538 2072 632 2126 τοῦ
671 2071 868 2140 λέγειν·
900 2069 996 2132 Τίς
1044 2085 1145 2139 μου
1183 2068 1307 2132 τοὺς
1345 2069 1652 2138 ὀφθαλμοὺς
1699 2071 1808 2124 ἀπὸ

226 2170 333 2236 τῆς
359 2165 600 2235 κεφαλῆς
650 2162 913 2234 ἐξορύξει,
959 2161 1051 2214 καὶ
1090 2159 1226 2229 πρὸς
1262 2160 1322 2213 τὸ
1371 2161 1708 2230 πατούμενόν
1748 2179 1807 2214 τε

227 2257 328 2311 καὶ
353 2257 539 2324 γήϊνον
577 2254 903 2324 μεταστήσει
928 2269 941 2315 ;
970 2251 1138 2303 Τοῦτο
1166 2250 1220 2302 δὲ
1252 2252 1345 2304 καὶ
1373 2252 1505 2321 ἡμῖν
1531 2251 1808 2318 ἐγκελεύε-

225 2362 318 2400 ται
351 2345 413 2398 τὸ
438 2340 556 2397 ἴσον
580 2347 772 2403 ποιεῖν,
802 2343 860 2394 ὲν
884 2341 962 2411 τῷ
992 2340 1408 2411 παραγγέλλειν,
1436 2340 1506 2394 τὰ
1539 2341 1650 2394 ἄνω
1680 2356 1807 2414 φρο-

225 2439 359 2497 νεῖν,
394 2436 532 2505 ὅπερ
575 2433 756 2502 ὅμοιόν
803 2433 918 2484 ἐστι
966 2430 1056 2483 τοῦ
1088 2431 1284 2498 λέγειν,
1329 2432 1386 2482 ἐν
1430 2432 1636 2502 κεφαλῇ
1684 2433 1808 2496 τοὺς

224 2526 542 2596 ὀφθαλμοὺς
571 2525 734 2595 ἔχειν.

1911 536 2144 592 quorum
2183 521 2366 575 studio
2407 519 2498 573 hic
2546 527 2817 576 tenemur.
2860 517 3003 574 Dicit
3045 518 3246 588 itaque.
3302 536 3321 570 t
3363 517 3479 573 Nos

1911 615 2066 669 stulti
2097 621 2318 682 propter
2346 610 2627 668 Christum
2651 612 2722 676 ⁷⁸,
2759 630 2778 663 ι
2813 610 3043 681 perinde
3069 624 3134 665 ac
3166 609 3215 664 si
3243 608 3476 675 diceret,

1912 704 2023 759 Nos
2048 704 2176 760 caeci
2206 705 2262 758 in
2296 703 2365 758 iis
2404 717 2526 772 quae
2557 703 2829 772 pertinent
2869 701 2939 756 ad
2972 701 3136 766 hanc,
3165 715 3286 770 quas
3315 701 3478 754 deoro

1912 810 2032 850 sum
2059 793 2260 863 agitur,
2290 794 2481 855 vitam,
2512 799 2800 862 pr0pterea
2839 791 2984 862 quod
3018 806 3237 846 sursum
3273 791 3478 861 aspici-

1911 903 2056 949 mus,
2087 893 2141 939 et
2171 885 2361 940 oculos
2395 885 2660 940 habemus
2702 885 2756 938 in
2795 885 2993 955 capite.
3042 883 3155 938 Hac
3201 882 3269 938 de
3310 895 3478 937 causa

1909 987 2025 1032 erat
2069 979 2187 1034 sine
2230 986 2377 1032 tecto
2420 983 2475 1030 et
2509 992 2718 1037 mensa,
2755 991 2979 1047 pauper,
3011 991 3224 1038 errans,
3267 976 3473 1041 nudus,

1910 1069 2052 1124 fame
2093 1078 2150 1124 et
2188 1069 2278 1125 siti
2315 1069 2590 1124 laborans.
2637 1067 2743 1122 Sed
2794 1068 2888 1138 qui
2919 1068 2974 1120 in
3001 1067 3164 1122 rebus
3196 1080 3318 1136 qua:
3344 1071 3476 1122 sunt

1911 1159 2052 1214 infra
2100 1169 2218 1214 erat
2255 1160 2403 1222 talis,
2452 1159 2739 1215 considera
2783 1158 2961 1228 qualis
2999 1165 3118 1213 erat
3164 1158 3221 1213 in
3279 1173 3474 1227 super-

1909 1252 1996 1308 nis
2016 1253 2085 1308 ⁷⁸.
2138 1251 2220 1306 Ad
2261 1253 2482 1307 tertium
2534 1252 2680 1307 enim
2733 1267 2909 1322 usque
2953 1251 3151 1306 cmlum
3200 1251 3470 1316 sublatus,

1911 1343 2005 1397 ubi
2027 1351 2146 1398 erat
2172 1343 2295 1413 ejus
2329 1351 2514 1413 caput,
2549 1341 2662 1397 illic
2684 1342 2920 1397 habebat
2945 1342 3156 1406 oculos,
3187 1341 3472 1396 exsultans

1907 1435 1963 1488 in
2011 1436 2228 1490 arcanis
2275 1434 2400 1488 coeli
2441 1433 2742 1506 mysteriis,
2794 1441 2847 1488 et
2899 1448 2964 1488 ea
3011 1431 3308 1502 aspiciens,
3351 1445 3475 1502 qua:

1908 1525 2060 1580 cerni
2110 1541 2219 1580 non
2264 1522 2518 1595 poSsunt,
2547 1532 2601 1579 et
2631 1524 2740 1579 illis
2769 1538 2828 1579 se
2855 1524 3159 1585 oblectans,
3194 1538 3316 1592 quae
3345 1539 3472 1578 sene

1907 1630 2026 1670 sum
2071 1624 2331 1686 superant
2381 1623 2440 1670 et
2493 1615 2900 1685 c0gitationem.
2945 1613 3082 1679 Quis
3129 1620 3312 1668 autem
3360 1625 3473 1668 non

1907 1706 2282 1762 exlstimasset
2335 1718 2460 1762 etim
2501 1722 2623 1762 esse
2667 1705 3057 1770 miserabilem,
3105 1721 3228 1760 eum
3275 1705 3473 1759 videns

1907 1798 1962 1853 in
1995 1799 2250 1863 vinculis,
2288 1808 2342 1854 et
2380 1799 2551 1869 plagis
2586 1814 2682 1868 per
2723 1798 2986 1868 probrum
3018 1795 3182 1860 affici,
3232 1806 3287 1852 et
3333 1810 3472 1851 nave

1906 1887 2076 1942 fracta
2107 1903 2230 1944 esse
2286 1889 2340 1942 in
2381 1886 2666 1958 profundis
2711 1887 2970 1942 fluctibus
3016 1888 3210 1950 maris,
3249 1897 3304 1941 et
3343 1901 3470 1940 cum

1905 1977 2142 2034 vinculis
2194 1977 2578 2034 circumferri?
2620 1979 2726 2034 Sed
2767 1987 2948 2034 tamen
3002 1979 3103 2034 etsi
3155 1978 3279 2032 talis
3323 1986 3472 2033 esset

1907 2068 2051 2124 inter
2085 2069 2362 2135 homines,
2393 2084 2504 2124 non
2551 2069 2750 2124 avertit
2787 2075 2969 2122 tamen
3013 2067 3224 2131 oculos,
3258 2068 3472 2136 quomic

1904 2176 2010 2216 nus
2041 2175 2135 2215 eos
2177 2175 2393 2229 semper
2432 2161 2656 2215 haberet
2687 2160 2744 2214 in
2778 2159 2978 2229 capite,
3011 2158 3201 2214 dicens
3229 2177 3242 2212 :
3284 2175 3303 2208 ι
3334 2157 3469 2223 Qui:

1904 2266 2006 2305 nos
2037 2252 2314 2320 separabit
2344 2266 2372 2305 a
2408 2252 2679 2305 charitate
2702 2250 2933 2314 Christi,
2959 2265 3080 2320 quae
3107 2255 3193 2305 est
3227 2248 3282 2303 in
3309 2247 3470 2302 Chri-

1904 2354 1990 2418 sto
2017 2345 2178 2402 Jesu?
2209 2345 2449 2408 afflictio,
2479 2361 2546 2400 an
2588 2345 2883 2415 angustia?
2903 2359 2974 2399 an
3013 2341 3361 2414 persecutio?
3397 2356 3469 2396 an

1909 2436 2116 2490 fames?
2144 2453 2212 2492 an
2248 2436 2489 2502 nuditas,
2519 2452 2587 2491 an
2627 2436 2950 2507 periculum,
2988 2449 3058 2489 an
3088 2432 3406 2504 gladius"?
3443 2450 3465 2482 ν

1905 2526 2060 2592 Quod
2085 2527 2309 2597 perinde
2336 2535 2420 2582 est
2462 2542 2526 2581 ac
2557 2527 2604 2581 si
2636 2527 2844 2582 diceret
2873 2544 2886 2580 :
2921 2525 3054 2591 Quis
3089 2537 3246 2594 meos
3279 2523 3470 2578 oculos

223 2615 452 2672 eil'odiet
499 2631 530 2670 a
577 2617 779 2685 capite,
818 2619 874 2668 et
924 2611 1218 2666 transferet
1258 2611 1324 2666 ad
1376 2613 1428 2667 id
1479 2613 1624 2683 quod
1671 2617 2028 2671 conculcatur
2054 2627 2108 2672 et
2146 2630 2230 2673 est
2262 2619 2564 2674 terrestre?
2625 2615 2796 2672 Nobis
2864 2631 3083 2686 quoque
3145 2615 3251 2671 hoc
3310 2613 3470 2684 jubet

226 2711 489 2767 similiter
530 2710 707 2765 facere
748 2709 876 2764 dum
925 2708 1194 2778 praecipit,
1243 2724 1363 2779 qua:
1395 2725 1613 2764 sursum
1662 2721 1790 2766 sunt
1828 2710 2103 2783 sapere",
2146 2715 2295 2783 quod
2336 2714 2561 2785 perinde
2619 2721 2707 2768 est
2748 2727 2812 2768 ac
2879 2713 2926 2769 si
2979 2711 3210 2775 diceret,
3256 2709 3461 2765 habere

224 2810 420 2864 oculos
449 2807 502 2861 in
527 2807 720 2877 capite.

310 2899 450 2952 Ἀλλ’
469 2899 516 2951 εί
540 2898 935 2969 μεμαθήκαμεν
957 2899 1072 2963 πῶς
1095 2903 1200 2954 εἰσι
1218 2898 1311 2954 τοῦ
1337 2900 1500 2968 σοφοῦ
1523 2901 1570 2953 οἱ
1601 2901 1798 2970 ὀφθαλ-

1976 2895 2084 2952 Sed
2126 2896 2172 2952 si
2201 2896 2492 2952 didicimus
2524 2895 2984 2966 quemadmodum
3035 2904 3163 2950 sunt
3194 2895 3470 2968 sapientis

228 2993 323 3062 μοὶ
343 2993 400 3044 ὲν
429 2989 637 3060 κεφαλῇ
674 2989 859 3054 αὑτοῦ,
891 2985 1149 3061 φύγωμεν
1185 2990 1283 3061 τὴν
1315 2988 1644 3062 ἀφροσύνην,
1678 2993 1801 3063 ἥτις

1907 2987 2049 3041 oculi
2097 2987 2151 3040 in
2193 2987 2314 3056 ejus
2356 2988 2557 3057 capite,
2601 2987 2878 3058 fugiamus
2907 2987 3302 3057 insipientiam,
3344 3003 3472 3060 qua

226 3083 419 3146 σκότος
439 3083 548 3144 τοῖς
571 3082 625 3133 ὲν
645 3079 722 3150 τῷ
745 3080 843 3150 βίῳ
864 3079 1036 3151 τούτῳ
1053 3085 1436 3152 πορευομένοις
1453 3082 1677 3150 γίνεται.
1701 3101 1719 3134 t
1745 3083 1801 3135 '0

223 3172 336 3244 γάρ
361 3171 571 3242 ἄφρων,
599 3187 616 3222 ι
647 3171 832 3238 φησὶν,
860 3188 878 3220 ι
911 3171 969 3222 ἐν
990 3169 1170 3223 σκότει
1196 3170 1502 3242 πορεύεται.
1535 3190 1552 3223 ³
1581 3173 1802 3244 Ἀφρων

223 3263 282 3315 δέ
306 3264 444 3325 ἐστι,
481 3260 660 3322 καθὼς
695 3261 727 3330 ἡ
776 3260 1077 3332 προφητεία
1107 3261 1293 3331 φησὶν,
1326 3265 1354 3314 ὁ
1401 3265 1459 3314 ἐν
1491 3265 1557 3334 τῇ
1607 3260 1802 3336 καρδίᾳ

221 3351 399 3421 λέγων
430 3351 504 3422 μὴ
533 3347 668 3404 εἶναι
712 3349 864 3411 Θεὸν,
898 3349 955 3414 ὃς
994 3350 1257 3420 διεφθάρη
1287 3351 1380 3404 καὶ
1421 3350 1711 3422 ἐϐδελύχθη
1745 3355 1802 3405 ἐν

224 3440 674 3512 ἐπιτηδεύμασιν.
715 3437 780 3491 Ἡ
799 3439 853 3491 δὲ
880 3437 1169 3492 ἀκολουθία
1196 3439 1288 3493 τοῦ
1309 3439 1466 3508 λόγου
1491 3440 1799 3512 θεραπεύει,

222 3532 312 3586 διὰ
360 3532 468 3585 τῶν
519 3529 715 3599 ἐφεξῆς
748 3530 1072 3599 εἴρημένων,
1109 3532 1234 3592 τοὺς
1275 3529 1620 3601 μικροψύχως
1673 3533 1802 3604 περὶ

224 3620 322 3689 τὴν
353 3616 497 3688 ζωὴν
522 3615 724 3686 ταύτην
746 3615 1133 3686 διακειμένους·
1173 3611 1253 3681 οἷς
1280 3618 1512 3687 χαλεπόν
1541 3634 1592 3674 τι
1623 3621 1683 3674 τὸ
1708 3621 1800 3675 τοῦ

226 3710 466 3762 θανάτου
498 3707 775 3773 νομίζεται
806 3748 817 3767 .
852 3708 947 3760 καὶ
980 3707 1068 3760 διὰ
1096 3707 1250 3762 τοῦτο
1296 3710 1483 3781 κέρδος
1535 3713 1684 3766 οὐδὲν
1707 3713 1800 3766 τοῦ

225 3802 348 3856 κατ’
381 3801 582 3874 ἀρετὴν
613 3799 727 3869 βίου
760 3802 869 3862 τοῖς
895 3798 992 3868 τὴν
1019 3800 1352 3873 ὑψηλοτέραν
1389 3803 1629 3872 μετιοῦσι
1658 3804 1800 3876 ζωὴν

226 3890 367 3949 εἶναι
398 3894 778 3947 πεπίστευται’
829 3892 912 3944 ὅτι
941 3893 1270 3963 ἀμφοτέροις
1297 3895 1432 3965 πρὸς
1471 3895 1529 3949 τὸ
1549 3898 1678 3950 αὐτὸ
1703 3899 1801 3951 πέ-

232 4003 332 4056 ρας
353 3987 387 4056 ὴ
420 3984 533 4054 ζωὴ
563 3982 881 4050 καταλήγει·
911 3983 1004 4035 καὶ
1034 3983 1134 4035 οὐκ
1181 3984 1328 4038 ἐστιν
1369 3987 1671 4054 ἀποφυγεῖν
1706 3987 1798 4042 τοῦ

225 4077 459 4130 θανάτου
482 4115 497 4138 ,
533 4076 581 4124 εἰ
626 4073 701 4143 μὴ
739 4071 828 4124 διὰ
871 4073 968 4141 τῆς
1005 4073 1352 4144 ἀπειοτέρας
1396 4075 1800 4149 κατορθωθῆναι

226 4167 392 4237 ἰωῆς.
436 4165 548 4226 Τάς
566 4161 658 4217 οὖν
683 4163 936 4226 τοιαύτας
957 4164 1255 4228 ἀντιθέσεις
1282 4164 1356 4230 ὡς
1385 4166 1444 4231 ἐξ
1476 4168 1603 4221 ἰδίου
1631 4187 1802 4240 προσ-

223 4266 376 4312 ωπου
405 4255 743 4326 ποιούμενος,
770 4255 928 4308 πάλιν
952 4254 1287 4310 καθάπτεται
1313 4257 1412 4326 τῆς
1437 4259 1665 4324 ἀτοπίας
1691 4262 1801 4315 τῶν

1907 3087 1992 3132 est
2027 3079 2264 3134 tenebrae
2295 3079 2386 3142 iis,
2413 3079 2506 3148 qui
2552 3079 2606 3133 in
2641 3081 2742 3132 hac
2780 3078 2890 3132 vita
2925 3076 3225 3134 ambulant.
3261 3098 3280 3130 t
3319 3080 3472 3136 Stul-

1911 3177 2000 3226 tus
2035 3171 2200 3234 enim,
2242 3190 2260 3222 ι
2297 3171 2494 3241 inquit,
2539 3189 2558 3223 ι
2589 3173 2834 3226 ambulat
2869 3171 2924 3226 in
2969 3173 3233 3229 tenebris.
3270 3191 3290 3226 ι
3328 3173 3469 3230 Ιηεία

1905 3260 2062 3329 piens
2089 3267 2266 3315 autem
2297 3268 2401 3324 est,
2435 3267 2495 3315 ut
2521 3259 2654 3315 dicit
2681 3261 2965 3331 prophetia
2987 3257 3054 3324 τ’,
3082 3261 3178 3330 qui
3211 3261 3268 3315 in
3303 3262 3468 3319 corde

1906 3364 2007 3406 suo
2039 3349 2172 3405 dicit
2201 3364 2311 3405 non
2356 3364 2479 3406 esse
2511 3350 2702 3413 Deum,
2729 3351 2821 3420 qui
2856 3359 3150 3420 corruptus
3182 3360 3237 3407 et
3262 3352 3470 3406 abomi-

1905 3441 2120 3496 nandus
2149 3442 2322 3497 evasit
2353 3441 2407 3494 in
2436 3442 2552 3496 suis
2575 3442 2793 3499 studiis.
2821 3441 2977 3508 Quod
3010 3450 3192 3498 autem
3217 3443 3470 3513 sequitur

1906 3532 1960 3585 in
2019 3541 2276 3587 contextu
2326 3531 2617 3595 orationis,
2668 3532 2735 3587 iis
2786 3531 3035 3587 medetur
3076 3548 3172 3602 per
3232 3548 3296 3589 ea
3345 3549 3471 3604 qum

1905 3620 2162 3690 deinceps
2208 3621 2353 3674 dicta
2393 3628 2542 3686 sunt,
2569 3621 2661 3690 qui
2699 3620 2767 3675 ad
2814 3621 2956 3676 hanc
2988 3621 3155 3675 vitam
3202 3629 3334 3678 sunt
3365 3638 3468 3693 pu-

1907 3713 2013 3766 silli
2043 3721 2095 3766 et
2125 3712 2321 3782 abjecti
2369 3713 2559 3776 animi,
2587 3713 2679 3782 qui
2707 3721 2938 3768 mortem
2985 3727 3149 3784 grave
3179 3714 3383 3784 aliquid
3411 3725 3468 3769 et

1906 3804 2150 3858 terribile
2196 3805 2540 3866 existimant,
2574 3812 2629 3859 et
2661 3805 2787 3859 ideo
2821 3805 2889 3860 iis
2916 3805 3011 3876 qui
3040 3821 3108 3860 ex
3142 3807 3346 3861 virtute
3391 3808 3473 3860 vi-

1904 3897 2080 3951 vendo
2104 3899 2268 3950 vitam
2302 3905 2707 3966 persequuntur
2733 3897 3130 3962 sublimiorem,
3159 3898 3298 3953 nihil
3327 3899 3467 3954 lucri

1904 3987 2133 4042 credunt
2159 3987 2444 4057 accedere,
2463 3989 2727 4058 quoniam
2760 3989 2813 4042 in
2837 3989 3086 4044 eumdem
3110 3988 3271 4044 finem
3295 3991 3468 4045 utris-

1902 4096 2009 4150 que
2046 4081 2160 4135 vita
2199 4080 2441 4148 desinit,
2473 4097 2650 4151 neque
2687 4091 2917 4136 mortem
2954 4081 3112 4137 nobis
3141 4097 3205 4136 ex
3250 4097 3315 4137 eo
3342 4083 3475 4137 licet

1904 4169 2159 4241 effugere,
2191 4171 2336 4240 quod
2368 4171 2529 4224 vitam
2557 4185 2782 4240 agamus
2811 4172 3113 4226 meliorem.
3151 4171 3311 4229 Tales
3334 4188 3476 4243 ergo

1909 4261 2118 4316 faciens
2151 4262 2516 4330 objectiones,
2559 4268 2822 4331 tanquam
2863 4274 2930 4316 ex
2959 4263 3176 4332 propria
3202 4279 3470 4332 persona,

224 4351 610 4421 προφερόντων
653 4354 854 4413 ἐκεῖνα,
890 4352 965 4412 ὡς
997 4353 1408 4417 ἀνεπισκέπτως
1449 4355 1678 4425 ἐχόντων
1701 4357 1802 4426 τῆς

1907 4367 2097 4408 rursus
2154 4355 2455 4407 insectatur
2506 4352 2903 4407 absurditatem
2969 4368 3156 4407 eorum
3220 4353 3315 4423 qui
3370 4354 3470 4408 illa

223 4440 336 4492 τῶν
359 4440 526 4492 ὄντων
555 4439 788 4510 φύσεως,
808 4440 902 4492 καὶ
917 4439 1156 4494 διδάσκει
1186 4441 1284 4511 τὴν
1305 4442 1587 4514 διαφορὰν,
1613 4446 1673 4498 ἐν
1696 4446 1802 4500 τίνι

223 4531 286 4583 τὸ
313 4531 478 4584 πλέον
513 4531 625 4602 ἔχει
672 4534 706 4603 ἡ
740 4533 908 4605 ἀρετὴ
941 4535 1039 4604 τῆς
1077 4535 1292 4599 κακίας·
1333 4536 1408 4600 ὡς
1441 4539 1562 4608 οὐχὶ
1590 4539 1676 4593 διὰ
1707 4541 1806 4611 τῆς

223 4619 322 4674 τοῦ
371 4620 604 4674 θανάτου
657 4625 966 4695 κοινότητος
1005 4625 1294 4695 ὁμοτιμίας
1340 4628 1484 4692 τινὸς
1520 4630 1578 4681 ἐν
1623 4632 1805 4695 αὐτοῖς

225 4709 611 4780 ἐλπιζομένης,
648 4710 781 4764 ἀλλά
817 4711 904 4763 διὰ
931 4712 1037 4764 τῶν
1065 4713 1145 4774 είς
1176 4712 1398 4785 ὕστερον
1431 4715 1804 4786 ἀναμενόντων

223 4796 410 4848 καλῶν
451 4797 484 4866 ἢ
522 4796 706 4849 κακῶν
753 4798 850 4868 τῆς
891 4796 1152 4868 διαφορᾶς
1192 4801 1612 4874 εὑρισκομένης.
1639 4804 1792 4875 Ἔχει

221 4884 281 4938 δὲ
303 4885 340 4955 ὴ
368 4884 512 4949 λέξις
535 4885 634 4955 τῆς
659 4885 983 4948 ἀντιθέσεως
1007 4884 1179 4948 οὕτως
1199 4903 1212 4915 ⁸
1245 4905 1262 4937 t
1307 4888 1518 4957 Ἐγνων
1564 4891 1674 4960 ἐγὼ
1713 4895 1794 4947 ὅτι

227 4975 547 5044 συνάντημα
583 4969 641 5026 ἓν
667 4975 1056 5044 συναντήσεται
1103 4977 1216 5039 τοῖς
1255 4978 1417 5031 πᾶσιν
1453 4980 1654 5046 αὐτοῖς.
1693 4983 1797 5038 Καὶ

226 5059 363 5119 εἶπα
403 5064 516 5133 ἐγὼ
552 5066 610 5118 ὲν
647 5067 715 5136 τῇ
747 5065 942 5136 καρδίᾳ
984 5084 1085 5138 μου
1111 5107 1124 5131 ,
1155 5069 1232 5133 ὡς
1273 5071 1594 5145 Συνάντημα
1637 5077 1800 5149 ἀφρο.

224 5171 318 5218 νος
347 5155 440 5208 καί
460 5172 523 5224 γε
545 5155 669 5225 ἐμοὶ
695 5156 1098 5226 συναντήσεται.
1127 5158 1234 5211 Καὶ
1263 5160 1350 5213 ἵνα
1375 5160 1429 5215 τί
1460 5163 1799 5238 ὲσοφισάμην

223 5246 341 5314 ἐγὼ
386 5246 674 5316 περισσόν;
727 5245 964 5317 ἐλάλησα
1008 5248 1066 5299 ἐν
1094 5251 1160 5318 τῇ
1207 5251 1404 5322 καρδίᾳ
1445 5271 1567 5323 μου,
1615 5256 1746 5312 διότι
1777 5261 1806 5312 δ

224 5339 418 5407 ἄφρων
463 5339 528 5390 ὲκ
577 5336 1015 5408 περισσεύματος
1061 5338 1244 5403 λαλεῖ,
1290 5341 1372 5394 ὃτι
1433 5345 1528 5399 καί
1556 5363 1618 5415 γε
1651 5348 1806 5403 τοῦτο

228 5425 546 5497 ματαιότης.
578 5426 702 5479 Ὅτι
735 5427 834 5479 οὐκ
874 5427 1021 5480 ἔστιν
1050 5429 1082 5497 ἡ
1123 5430 1308 5500 μνήμη
1348 5432 1443 5484 τοῦ
1478 5435 1640 5503 σοφοῦ
1669 5439 1805 5508 μετά

223 5517 322 5571 τοῦ
363 5516 595 5588 ἄφρονος
639 5519 720 5580 είς
752 5517 944 5571 αἰῶνα·
993 5517 1116 5572 καθ’
1147 5520 1228 5574 ὅτι
1280 5521 1380 5592 ἤδη
1420 5523 1478 5576 αἱ
1511 5527 1714 5600 ἡμέραι
1747 5532 1804 5585 αἱ

225 5697 256 5757 ί
289 5714 412 5768 sqq.

1900 4443 2186 4514 objiciunt,
2237 4453 2298 4496 ut
2328 4444 2420 4514 qui
2461 4444 2685 4498 minime
2713 4444 3064 4500 considerent
3094 4459 3306 4511 eorum,
3343 4461 3465 4515 qua:

1901 4545 2050 4600 sunt,
2097 4543 2348 4589 naturam
2387 4545 2486 4590 :et
2518 4535 2679 4590 docet
2729 4537 3112 4601 differentiam,
3144 4545 3199 4592 et
3230 4539 3284 4592 in
3328 4555 3467 4608 quo-

1902 4641 2026 4680 nam
2056 4626 2129 4680 sit
2149 4627 2323 4680 virtus
2351 4627 2484 4682 vitio
2515 4629 2765 4698 superior
2795 4647 2808 4682 :
2845 4644 3038 4698 nempe
3056 4629 3203 4699 quod
3229 4646 3336 4685 non
3367 4645 3466 4701 per

1905 4721 2100 4777 mortis
2149 4723 2598 4776 communitatem
2660 4723 2904 4794 quaedam
2963 4725 3018 4778 in
3069 4724 3152 4779 eis
3213 4732 3476 4794 speretur

1901 4809 2190 4878 aequalitas
2226 4827 2239 4863 :
2279 4808 2373 4863 sed
2421 4823 2517 4879 per
2576 4811 2716 4865 bona
2775 4811 2859 4865 vel
2915 4811 3059 4864 mala
3101 4826 3223 4880 quae
3272 4821 3468 4880 postea

1901 4908 2328 4970 exspectantur,
2383 4901 2693 4955 inveniatur
2743 4901 3067 4956 differentia.
3131 4901 3222 4956 Sic
3280 4913 3470 4957 autem

1904 4993 2067 5048 habet
2097 5001 2387 5049 contextus
2411 4989 2763 5063 ohjeétionis:
2795 5012 2813 5044 ι
2841 4991 2978 5048 Novi
3015 5009 3115 5066 ego
3146 4994 3292 5064 quod
3316 5011 3470 5050 unus

1902 5093 2132 5140 eventus
2155 5091 2408 5139 occurret
2435 5085 2708 5140 omnibus.
2745 5085 2832 5140 14.
2861 5085 2927 5140 Et
2953 5086 3064 5141 dixi
3086 5102 3186 5158 ego
3217 5087 3271 5140 in
3296 5087 3468 5141 corde

1905 5191 2027 5232 meo
2071 5194 2084 5230 :
2127 5177 2286 5232 Stulti
2340 5187 2570 5238 eventus
2621 5179 2753 5234 mihi
2803 5195 3018 5250 quoque
3059 5182 3294 5237 eveniet.
3349 5183 3466 5237 Cur

1903 5279 2035 5334 ergo
2071 5262 2334 5335 majorem
2359 5278 2582 5335 Operam
2599 5263 2721 5320 dedi
2744 5267 3060 5337 sapientiai?
3077 5269 3162 5326 i5.
3213 5271 3465 5330 Locutus

1904 5367 2024 5407 sum
2084 5353 2138 5407 in
2193 5351 2358 5409 corde
2413 5370 2558 5420 meo,
2601 5366 2884 5428 propterea
2938 5361 3082 5429 quod
3141 5363 3343 5419 stultus
3389 5377 3462 5419 ex

1902 5442 2239 5498 abundantia
2304 5444 2583 5515 loquitur:
2642 5446 2756 5504 Hoc
2806 5463 3024 5521 quoque
3079 5460 3165 5506 est
3217 5455 3455 5509 vanitas.

1903 5534 1992 5589 16.
2026 5533 2142 5589 Non
2169 5545 2253 5590 est
2272 5538 2532 5591 memoria
2563 5540 2828 5610 sapientis
2863 5556 2985 5596 cum
3015 5544 3180 5599 stulto
3220 5544 3274 5599 in
3295 5552 3467 5599 teter-

299 5627 411 5742 :ml
476 5629 602 5684 Cor.
663 5644 737 5697 tv,
788 5628 875 5684 10.
946 5631 1001 5742 1‘
1039 5628 1078 5684 ll
1135 5629 1261 5687 Cor.
1326 5648 1421 5702 xu,
1471 5637 1506 5691 2
1558 5655 1678 5712 sqq.
1757 5643 1800 5676 ⁷⁷
1842 5642 1999 5699 Rom.
2066 5661 2184 5713 vm,
2248 5647 2335 5703 ‘55,
2412 5649 2457 5681 τε
2494 5649 2708 5708 οοιοεδ.
2763 5669 2846 5720 m’
2908 5653 2958 5706 L
3034 5654 3262 5709 "1,531.
3329 5668 3462 5724 xm,
