3846 6220
404 270 506 324 687

1610 264 1668 318 S.
1709 260 2043 320 GREGORII
2080 261 2371 320 NYSSENI

3559 261 3675 316 688

405 400 534 438 num
571 403 584 439 :
619 380 1063 454 quandoquidem
1111 381 1222 450 jam
1263 380 1387 441 dies
1422 381 1709 434 venientes
1750 376 1974 432 :omnia

2081 381 2389 452 ὲρχὸμεναυ
2419 382 2486 435 τὰ
2515 381 2690 435 πάντα
2720 377 3017 452 ὲπελήσθη,
3043 382 3136 433 καὶ
3163 380 3277 442 πῶς
3308 378 3675 433 ἀποθανεῖται

402 477 667 531 oblivioni
718 475 976 530 mandata
1007 482 1160 541 sunt,
1211 483 1266 529 et
1293 489 1530 544 quonam
1576 471 1738 526 modo
1773 472 1969 526 morie-

402 577 493 623 tur
517 569 737 638 sapiens
763 581 888 621 cum
926 566 1257 636 insipiente?
1285 584 1304 618 ι
1349 564 1562 632 Quibus
1600 562 1884 633 subjungit
1914 577 1974 617 se

401 659 530 714 odio
559 659 724 728 digna
757 655 1111 712 existimasse
1155 656 1363 719 omnia.
1395 671 1631 727 quorum
1673 655 1827 724 prius
1874 668 1972 708 ve-

401 747 642 805 hementi
665 745 851 802 studio
873 745 1200 806 tenebatur;
1227 759 1430 797 vanum
1461 752 1724 811 tanquam
1764 740 1971 794 bonum

401 841 759 911 amplectens.
791 835 859 890 Et
896 836 1080 890 omnia
1111 851 1170 891 se
1204 835 1340 890 dicit
1370 833 1499 889 odio
1529 833 1809 892 habuisse.
1851 845 1974 899 quae.

401 932 670 988 laboravit
697 930 765 986 ad
793 931 938 984 hanc
983 930 1150 985 vitam
1184 929 1408 983 intuens
1443 945 1458 981 :
1488 926 1632 997 quod
1675 924 1809 979 nihil
1843 923 1972 987 sibi,

400 1025 497 1082 sed
522 1025 571 1080 ei
604 1024 696 1095 qui
727 1032 852 1094 post
876 1023 1056 1094 ipsum
1084 1020 1305 1076 futurus
1327 1028 1430 1085 est,
1457 1019 1638 1073 omnia
1680 1015 1972 1079 laboravit,

401 1118 495 1188 qui
554 1113 1017 1187 quemadmodum
1074 1122 1259 1168 utetur
1290 1113 1358 1168 iis
1400 1127 1521 1182 quae
1585 1110 1771 1165 labore
1816 1117 1970 1180 parta

402 1216 551 1274 sunt,
599 1215 824 1278 propter
871 1205 1040 1262 futuri
1081 1205 1528 1260 incertitudinem
1562 1204 1820 1274 praescire
1865 1217 1973 1256 non

401 1301 600 1373 potuit.
651 1300 744 1355 Sic
785 1308 968 1356 autem
999 1299 1135 1353 dicit
1168 1297 1236 1351 ad
1273 1298 1500 1351 verbum
1525 1313 1539 1349 :
1567 1296 1654 1349 l7.
1693 1313 1710 1346 ι
1747 1293 1813 1348 Et
1843 1292 1975 1348 odio

403 1394 567 1449 habui
606 1394 798 1455 vitam,
850 1390 1111 1461 quoniam
1162 1387 1500 1443 laboriosum
1543 1386 1834 1440 adversum
1889 1401 1976 1440 me

351 1495 374 1571 χ
403 1497 488 1543 est
517 1485 664 1554 quod
697 1483 903 1538 factum
940 1493 1024 1539 est
1052 1482 1157 1538 sub
1179 1482 1314 1547 sole,
1343 1479 1603 1549 quoniam
1632 1478 1814 1532 omnia
1847 1486 1976 1532 sunt

402 1578 616 1632 vanitas
669 1584 724 1630 et
775 1575 971 1629 electio
1024 1573 1272 1643 spiritus.
1333 1572 1423 1626 18.
1474 1571 1540 1624 Et
1618 1571 1746 1625 odio
1807 1570 1973 1624 habui

401 1683 502 1738 ego
566 1667 883 1722 universum
938 1666 1179 1720 laborem
1237 1680 1416 1718 meum
1475 1680 1584 1734 quo
1637 1664 1824 1718 laboro
1873 1664 1977 1718 sub

403 1761 540 1823 sole,
577 1759 837 1828 quoniam
889 1757 1104 1810 dimitto
1132 1757 1313 1826 ipsum
1354 1755 1563 1809 homini
1597 1755 1689 1824 qui
1726 1763 1849 1824 post
1890 1769 1977 1808 me

403 1856 567 1902 natus
596 1854 701 1902 est.
751 1845 837 1900 l9.
874 1844 940 1898 Et
969 1845 1096 1915 quis
1133 1845 1259 1911 scit,
1307 1846 1454 1901 sitne
1501 1845 1723 1914 sapiens
1759 1844 1978 1899 futurus

403 1954 474 1994 an
511 1939 740 2001 stultus,
789 1948 843 1992 et
878 1953 946 1991 an
984 1938 1288 1992 insolenter
1317 1937 1697 1993 dominabitur
1733 1937 1784 1992 in
1827 1937 1977 1991 omni

405 2031 590 2086 labore
619 2047 779 2100 quem
817 2029 1085 2094 laboravi,
1136 2038 1192 2085 et
1241 2045 1338 2100 per
1393 2030 1720 2084 industriam
1761 2029 1976 2100 excogi-

405 2124 514 2177 tavi
567 2124 670 2178 sub
711 2123 871 2178 sole?
897 2130 950 2178 et
991 2122 1095 2177 hoc
1140 2137 1360 2192 quoque
1409 2131 1492 2176 est
1520 2122 1757 2177 vanitas.
1792 2139 1811 2172 ι
1852 2121 1978 2176 Haec

401 2232 526 2271 cum
554 2216 802 2279 dixisset,
829 2230 970 2286 aegre
1001 2229 1220 2284 quoque
1249 2214 1381 2268 dicit
1407 2230 1465 2268 se
1495 2215 1561 2268 ad
1596 2214 1698 2268 hoc
1724 2213 1974 2268 allectum

406 2311 577 2365 fuisse
604 2309 809 2373 animo,
859 2325 1056 2378 nempe
1089 2308 1233 2378 quod
1274 2324 1440 2362 unam
1481 2316 1535 2363 et
1571 2309 1818 2363 eamdem
1861 2310 1974 2362 exi-

403 2399 638 2454 stimarit
685 2413 809 2453 esse
861 2409 1067 2467 partem
1123 2399 1172 2451 ei
1223 2398 1314 2467 qui
1363 2413 1426 2451 ex
1475 2397 1679 2452 virtute
1721 2398 1880 2462 vixit,
1923 2407 1977 2452 et

401 2492 450 2546 ei
483 2491 576 2561 qui
621 2490 688 2544 ad
727 2491 868 2544 hanc
899 2505 1013 2544 rem
1048 2489 1182 2543 nihil
1214 2489 1447 2542 contulit
1493 2489 1680 2544 studii.
1714 2489 1848 2544 Nam
1892 2490 1975 2543 al-

402 2583 500 2638 teri
535 2581 755 2652 quidem
789 2581 922 2635 dicit
955 2596 1077 2636 esse
1113 2580 1353 2634 laborem
1405 2580 1459 2633 in
1495 2580 1786 2648 sapientia,
1833 2588 1887 2634 et
1919 2581 1976 2634 in

409 2671 744 2741 cognitione.
789 2676 843 2724 et
889 2669 1055 2723 animi
1101 2668 1511 2739 magnitudine;
1543 2669 1701 2723 alteri
1751 2685 1880 2725 vero
1919 2671 1974 2725 in

2076 471 2236 539 σοφὸς
2269 471 2406 542 μετά
2436 471 2531 525 τοῦ
2561 473 2829 543 ἀφρονος;
2856 491 2873 523 ι
2901 469 2996 534 Οἷς
3019 472 3214 539 ὲπάγει
3235 470 3296 524 τὸ
3328 471 3512 540 μίσους
3535 469 3674 534 ἄξια

2075 565 2294 634 νομίσαι
2315 564 2383 617 τὰ
2411 565 2608 628 πάντα,
2643 566 2772 636 περὶ
2792 563 2829 618 ἃ
2857 567 3118 635 πρότερον
3147 563 3410 634 ἐμπαθῶς
3435 559 3576 633 εἶχε,
3606 563 3674 616 τὸ

2088 656 2318 726 μάταιον
2343 655 2418 719 ώς
2447 655 2650 724 ἀγαθὸν
2693 655 3088 727 ἀσπαζόμενος.
3123 657 3233 708 Καὶ
3277 656 3453 708 πάντα
3491 671 3673 725 μεμι-

2077 749 2310 820 σηκέναι
2350 750 2535 820 φησὶν,
2575 751 2674 803 ὃσα
2711 749 2848 821 πρὸς
2894 751 2992 819 τὴν
3026 749 3171 819 ζωὴν
3217 749 3416 819 ταύτην
3445 747 3672 818 βλέπων

2075 841 2326 912 ἐπόνησε·
2349 841 2480 894 διότι
2497 841 2647 894 οὐδὲν
2671 841 2869 910 ἑαυτῷ,
2894 840 3029 894 ἀλλά
3054 841 3132 910 τῷ
3159 842 3274 910 μετ’
3296 839 3455 893 αὐτὸν
3476 839 3676 892 πάντα

2075 934 2360 1004 ὲπόνησεν·
2391 935 2448 999 ὃς
2489 935 2543 989 τί
2570 937 2828 1006 χρήσεται
2856 938 2968 998 τοῖς
2993 934 3388 1004 πεπονημένοις
3412 933 3676 1004 προγνῶ-

2075 1042 2161 1078 ναι
2195 1024 2283 1079 διὰ
2311 1025 2415 1096 τὴν
2438 1024 2530 1078 τοῦ
2559 1025 2648 1096 μέ)
2660 1025 2840 1090 λοντος
2873 1025 3096 1096 ἀδηλίαν
3123 1027 3219 1096 οὐχ
3247 1018 3356 1088 οἷός
3380 1041 3455 1078 τε.
3487 1023 3675 1092 Λέγει

2074 1116 2131 1170 δὲ
2153 1117 2293 1171 κατά
2319 1115 2462 1183 λέξιν
2483 1117 2681 1180 οὕτως’
2708 1138 2725 1168 ι
2751 1119 2860 1171 Καὶ
2891 1119 3133 1188 ἐμίσησα
3148 1117 3246 1186 τὴν
3263 1116 3422 1187 ζωὴν,
3449 1118 3535 1170 ὅτι
3568 1134 3676 1170 πο-

2075 1208 2238 1278 νηρὸν
2284 1210 2369 1261 ἐπ’
2415 1209 2516 1280 ἐμὲ
2560 1209 2620 1262 τὸ
2669 1210 3033 1280 πεποιημένον
3067 1210 3170 1262 ὑπὸ
3214 1209 3305 1261 τὸν
3344 1209 3515 1278 ἥλιον,
3576 1209 3673 1262 ὅτι

2076 1300 2254 1353 πάντα
2299 1300 2628 1370 ματαιότης,
2667 1300 2762 1354 καὶ
2802 1301 3120 1370 προαίρεσις
3168 1299 3490 1371 πνεύματος.
3547 1299 3678 1352 Καὶ.

2075 1390 2311 1460 ἐμίσησα
2357 1391 2468 1458 ἐγὼ
2518 1391 2807 1460 σύμπαντα
2853 1391 2944 1444 τὸν
2997 1391 3191 1462 μόχθον
3247 1408 3367 1462 μου,
3428 1390 3483 1443 ὂν
3547 1391 3679 1458 ἐγὼ

2079 1480 2264 1551 μοχθῶ
2295 1481 2398 1534 ὑπὸ
2433 1482 2521 1536 τὸν
2550 1482 2725 1552 ἥλιον,
2760 1483 2842 1536 ὅτι
2875 1482 3019 1550 ἀφίω
3051 1481 3214 1536 αὐτὸν
3260 1480 3336 1552 τῷ
3380 1480 3676 1551 ἀνθρώπῳ

2075 1572 2153 1642 τῷ
2183 1573 2460 1644 γενομένῳ
2493 1575 2610 1644 μετ’
2642 1574 2766 1645 ὲμέ.
2799 1573 2905 1628 Καὶ
2931 1575 3015 1637 τίς
3050 1569 3210 1634 οἶδεν,
3241 1575 3289 1626 εἰ
3320 1573 3474 1641 σοφὸς
3495 1573 3678 1626 ἔσται

2076 1663 2110 1734 ἢ
2138 1665 2344 1734 ἄφρων,
2375 1667 2466 1718 καὶ
2490 1666 2537 1718 εί
2571 1665 2939 1730 ὲξουσιᾶσεται
2965 1667 3021 1718 ἐν
3049 1663 3209 1718 παντὶ
3237 1663 3418 1735 μόχθῳ
3452 1657 3494 1732 ᾧ
3521 1665 3675 1735 ἐμό-

2079 1752 2275 1823 χθησα,
2312 1756 2404 1808 καὶ
2433 1755 2772 1825 ἐσοφισάμην
2802 1754 2906 1807 ὑπὸ
2931 1755 3020 1807 τὸν
3052 1753 3201 1824 ἥλιον
3228 1771 3243 1820 ;
3279 1754 3382 1807 Καί
3407 1771 3468 1822 γε
3491 1755 3686 1808 τοῦτο

2082 1847 2399 1917 ματαιότης.
2433 1867 2450 1898 ι
2485 1847 2668 1900 Ταῦτα
2697 1845 2887 1910 είπὼν,
2919 1845 3211 1915 ἀλλοτρίως
3234 1846 3364 1915 φησι
3392 1846 3483 1898 καὶ
3515 1846 3676 1916 πρὸς

2078 1937 2236 1991 τοῦτο
2266 1941 2332 2010 τῇ
2363 1937 2509 2010 ψυχῇ
2556 1938 2883 2009 διατεθῆναι,
2913 1936 2991 2007 τῷ
3019 1936 3235 2002 νομίσαι
3272 1937 3394 2007 μίαν
3415 1933 3556 1990 εἶναι
3585 1937 3682 2007 τῷ

2077 2042 2136 2078 τε
2190 2029 2307 2080 κατ’
2355 2029 2555 2099 ἀρετὴν
2604 2026 2930 2097 βεϐιωκότι,
2966 2027 3061 2080 καὶ
3096 2024 3171 2094 τῷ
3207 2026 3470 2096 μηδεμίαν
3514 2026 3680 2097 πρὸς

2077 2119 2237 2172 τοῦτο
2265 2119 2618 2190 πεποιημένῳ
2644 2117 2899 2188 σπουδὴν,
2930 2118 3028 2188 τὴν
3059 2118 3273 2190 μερίδα.
3306 2117 3395 2188 Τῷ
3423 2117 3522 2186 μὲν
3551 2118 3673 2190 γὰρ

2076 2214 2168 2267 τὸν
2216 2211 2413 2282 μόχθον
2457 2204 2599 2262 εἷναί
2650 2227 2813 2281 φησιν
2857 2210 2914 2261 ὲν
2959 2209 3140 2281 σοφίᾳ,
3179 2209 3274 2262 καὶ
3306 2208 3520 2276 γνώσει,
3566 2209 3670 2262 καὶ

2076 2306 2316 2377 ἀνδρείᾳ·
2369 2303 2446 2373 τῷ
2493 2302 2549 2356 δὲ
2606 2303 2776 2373 ἑτέρῳ
2814 2304 2871 2354 ὲν
2928 2301 3085 2372 θυμῷ
3137 2303 3230 2355 καὶ
3267 2303 3326 2353 ὲν
3375 2301 3674 2371 ἀλγήμασι

2075 2401 2187 2461 τοῖς
2235 2396 2322 2450 διὰ
2351 2397 2446 2466 τὴν
2487 2396 2613 2466 περ)¹
2634 2396 2725 2447 τὸν
2759 2394 2871 2464 βίον
2923 2393 3159 2464 σπουδὴν
3186 2393 3665 2464 προσγινομένοις.

2077 2489 2152 2542 Τὸ
2201 2485 2294 2542 οὖν
2349 2489 2431 2550 εἰς
2477 2488 2590 2540 ῐσον
2638 2487 2888 2557 ἀλλήλοις
2929 2487 3083 2553 ἄγειν
3131 2485 3388 2548 τούτους,
3434 2485 3495 2538 οὗ
3553 2504 3669 2557 μα-

2076 2579 2358 2650 ταιότητος
2408 2579 2587 2649 μόνον,
2645 2578 2781 2631 ἀλλά
2830 2577 2924 2630 καὶ
2968 2575 3231 2646 πονηρίας
3272 2573 3411 2629 εἷναί
3468 2594 3666 2646 φησιν.

2080 2671 2232 2738 Ἔχει
2253 2669 2308 2721 δὲ
2331 2669 2423 2721 καὶ
2442 2667 2579 2740 αὕτη
2597 2671 2629 2739 ὴ
2646 2668 2792 2735 λέξις
2813 2666 3005 2729 οὕτως’
3033 2684 3051 2716 ι
3077 2668 3187 2720 Καὶ
3212 2667 3520 2737 ἐπέστρεψα
3551 2667 3676 2734 ἐγὼ

405 2762 484 2816 ira
525 2769 580 2816 et
607 2761 662 2815 in
696 2761 999 2823 doloribus,
1034 2760 1128 2829 qui
1162 2759 1438 2814 accedunt
1472 2769 1695 2830 prapter
1730 2761 1972 2815 studium

2081 2760 2175 2814 τοῦ
2207 2761 2580 2824 ἀποτάξασθαι
2601 2763 2664 2831 τῇ
2693 2760 2892 2831 καρδίᾳ
2919 2777 3041 2829 μου,
3072 2761 3130 2812 ὲν
3160 2760 3322 2812 παντὶ
3354 2760 3536 2830 μόχθῳ
3560 2779 3668 2830 μου

400 2853 547 2916 quod
586 2853 809 2922 ponitur
852 2850 906 2904 in
953 2851 1056 2904 hac
1090 2849 1221 2904 vita.
1257 2849 1364 2904 Eos
1414 2866 1544 2918 ergo
1591 2852 1694 2906 sibi
1741 2853 1971 2908 invicem

2081 2847 2118 2922 ᾧ
2149 2852 2426 2923 ὲμὸχθησα
2454 2851 2558 2905 ὑπὸ
2585 2851 2675 2905 τὸν
2699 2852 2874 2921 ἥλιονν
2904 2853 2984 2905 ὅτι
3017 2853 3202 2906 Ἔστιν
3231 2852 3545 2921 ἄνθρωπος,
3583 2853 3671 2906 ὅτι

402 2957 562 3012 pares
591 2957 714 2997 esse
745 2942 970 3004 ducere,
1005 2955 1113 2994 non
1149 2939 1326 2994 solum
1364 2943 1640 3004 vanitatis,
1679 2943 1774 2996 sed
1808 2944 1974 2998 etiam

2081 2944 2275 3014 μόχθος
2306 2941 2470 2995 αὐτοῦ
2496 2944 2553 2995 ὲν
2585 2943 2748 3014 σοφίᾳ
2769 2944 2864 2996 καὶ
2883 2944 2941 2996 ὲν
2969 2944 3186 3011 γνώσει.
3214 2943 3305 2995 καὶ
3332 2944 3388 2993 ὲν
3412 2941 3663 3013 ἀνδρεία.

402 3033 767 3104 improbitatis
807 3032 942 3087 dicit
971 3047 1095 3086 esse
1146 3031 1384 3102 signum.
1436 3031 1530 3085 Sic
1587 3040 1765 3087 autem
1810 3033 1973 3090 habet

2081 3037 2173 3089 καὶ
2207 3035 2490 3106 ἄνθρωπος
2510 3034 2568 3097 ὃς
2593 3035 2694 3088 οὐκ
2721 3035 3023 3105 ὲμόχθησεν
3052 3036 3110 3086 ὲν
3138 3034 3301 3104 αὐτῷ,
3328 3033 3488 3086 δώσει
3515 3033 3670 3102 αὐτῷ

401 3133 694 3181 contextus
737 3121 890 3180 :20.¢
946 3121 1011 3176 Et
1052 3123 1297 3177 converti
1341 3137 1442 3192 ego
1494 3131 1553 3176 ut
1601 3125 1970 3179 renuntiarem

2082 3127 2271 3201 μερίδα
2309 3125 2494 3180 αὑτοῦ.
2529 3127 2644 3180 Καί
2676 3144 2738 3195 γε
2768 3127 2925 3180 τοῦτο
2951 3127 3269 3197 ματαιότης,
3303 3126 3396 3178 καὶ
3429 3127 3671 3196 πονηρία

401 3216 557 3271 eordi
598 3231 720 3270 meo
750 3217 805 3269 in
848 3215 1000 3270 omni
1030 3215 1217 3270 labore
1267 3229 1390 3269 meo
1421 3230 1531 3283 quo
1571 3215 1815 3270 laboravi
1867 3219 1970 3271 sub
2079 3218 2309 3290 μεγάλη.
2342 3239 2361 3270 ι

402 3309 544 3364 sole.
573 3307 663 3361 21.
693 3307 787 3361 Est
827 3307 991 3361 homo
1024 3306 1185 3374 cujus
1225 3305 1378 3360 labor
1409 3308 1462 3360 in
1506 3307 1798 3376 sapientia,
1868 3317 1924 3364 et
1990 3311 2044 3364 in
2086 3312 2423 3381 cognitione,
2469 3321 2524 3366 et
2579 3311 2633 3365 in
2685 3311 2851 3364 animi
2903 3309 3298 3381 magnitudine,
3355 3309 3401 3362 is
3453 3309 3666 3363 homini

401 3402 495 3472 qui
531 3415 639 3454 non
683 3399 954 3453 laboravit
991 3399 1046 3452 in
1083 3400 1224 3468 ipso,
1269 3398 1420 3452 dabit
1453 3407 1661 3466 partem
1692 3415 1870 3454 suam.
1910 3400 1976 3454 Et
2009 3401 2114 3456 hoc
2142 3403 2362 3471 quidem
2395 3410 2480 3456 est
2507 3403 2739 3460 vanitas.
2775 3411 2829 3455 et
2864 3401 3187 3471 improbitas
3223 3415 3446 3467 magna.
3481 3419 3499 3450 ι

470 3490 562 3544 22.
606 3509 625 3542 ι
657 3489 812 3555 Quod
837 3489 909 3542 sit
930 3488 1136 3542 homini
1178 3491 1232 3542 in
1267 3488 1416 3541 omni
1451 3489 1637 3544 labore
1674 3507 1796 3550 suo.
1827 3501 1882 3544 et
1914 3493 1970 3546 in

401 3581 687 3637 voluntate
733 3577 917 3633 cordis
971 3578 1079 3643 sui,
1121 3594 1231 3647 quo
1262 3579 1380 3648 ipse
1426 3577 1639 3632 laborat
1692 3580 1802 3633 sub
1837 3581 1974 3634 sole.

402 3675 493 3728 9.3.
535 3671 742 3726 Omnes
769 3670 890 3725 dies
921 3669 1044 3740 ejus
1083 3679 1214 3724 sunt
1241 3669 1518 3734 dolorum,
1566 3678 1621 3725 et
1654 3671 1776 3740 ejus
1807 3672 1980 3725 animi

403 3765 655 3829 vexatio,
712 3773 767 3817 et
800 3771 952 3817 certe
988 3771 1156 3818 noctu
1202 3778 1312 3816 non
1365 3762 1564 3817 dormit
1600 3777 1696 3815 cor
1741 3763 1883 3831 ejus,
1924 3773 1978 3818 et

404 3857 508 3910 hoc
524 3870 744 3925 quoque
769 3863 856 3908 est
885 3853 1116 3908 vanitas.
1145 3872 1163 3905 ι
1197 3853 1316 3921 Ipse
1333 3867 1527 3908 rursus
1555 3853 1659 3907 sibi
1686 3853 1788 3923 ipsi
1812 3855 1976 3908 aliam

404 3947 772 4015 objectionem
835 3945 1092 4016 proponit
1149 3959 1338 4000 eorum
1381 3945 1475 4014 qui
1513 3946 1680 3999 vitam
1727 3946 1978 4015 volupta-

401 4041 540 4095 riam
602 4039 855 4109 judicant
904 4041 1363 4109 praestantiorem,
1412 4055 1573 4110 quam
1622 4039 1694 4094 sit
1738 4042 1846 4095 vita
1877 4057 1977 4096 su-

402 4131 644 4196 blimior,
693 4139 748 4185 et
780 4131 979 4184 evertit
1019 4131 1164 4201 quod
1197 4130 1479 4200 objicitur,
1527 4140 1821 4200 utrumque
1854 4149 1976 4202 per-

2159 3513 2177 3544 ι
2208 3493 2330 3545 Ὅτι
2365 3493 2570 3561 γίνεται
2604 3492 2681 3564 τῷ
2717 3493 2986 3564 ἀνθρώπῳ
3011 3493 3068 3545 ὲν
3091 3491 3253 3543 παντὶ
3285 3491 3470 3560 μόχθῳ
3499 3489 3670 3542 αὐτοῦ

2082 3585 2176 3638 καὶ
2204 3585 2261 3636 ἐν
2298 3585 2362 3652 τῇ
2387 3584 2699 3653 προαιρέσει
2737 3584 2964 3654 καρδίας
2993 3583 3155 3636 αὐτοῦ
3176 3624 3191 3648 ,
3213 3576 3257 3649 ᾧ
3283 3582 3444 3644 αὑτδς
3474 3583 3671 3651 μοχθεί

2082 3677 2186 3731 ὑπὸ
2232 3677 2322 3728 τὸν
2357 3676 2507 3745 ἦλιον
2529 3693 2541 3706 ·
2573 3677 2653 3729 ὅτι
2684 3677 2860 3729 Πᾶσαι
2891 3679 2945 3729 αἱ
2967 3677 3169 3747 ἡμέραι
3206 3674 3372 3728 αὑτοῦ
3406 3676 3666 3744 ἀλγημά-

2080 3787 2210 3832 των,
2229 3770 2322 3822 καὶ
2343 3769 2515 3838 θυμοῦ
2544 3769 2924 3840 περισπασμὸς
2946 3767 3131 3831 αὐτοῦ,
3153 3767 3246 3821 καί
3262 3784 3324 3835 γε
3349 3769 3403 3819 ἐν
3425 3767 3586 3819 νυκτὶ
3601 3767 3664 3820 οὐ

2082 3863 2391 3932 κοιμᾶταιή
2417 3861 2614 3931 καρδία
2641 3860 2825 3915 αὐτοῦ.
2864 3861 2972 3914 Καί
3005 3877 3067 3928 γε
3093 3859 3250 3912 τοῦτο
3275 3859 3597 3928 ματαιότης.
3639 3879 3659 3910 ι

2083 3951 2250 4004 Πάλιν
2277 3951 2468 4022 ἑτέραν
2490 3949 2870 4021 ἀνθυποφοράν
2889 3949 2998 4002 τῶν
3019 3948 3108 4001 τὸν
3126 3945 3522 4002 ἀπολαυστικὸν
3545 3947 3668 4016 βίον

2080 4043 2469 4114 προτιμότερον
2497 4043 2792 4112 κρινόντων
2819 4042 2919 4111 τῆς
2953 4040 3283 4110 ὑψηλοτέρας
3319 4039 3483 4108 ζωῆς,
3519 4053 3665 4109 προ-

2079 4135 2301 4207 φέρεται
2329 4135 2490 4198 αὐτὸς
2508 4135 2707 4204 ἑαυτῷ,
2731 4133 2824 4187 καὶ
2847 4133 3142 4202 ἀνατρέπει
3163 4132 3224 4184 τὸ
3249 4130 3667 4201 προφερόμενον

403 4238 640 4293 sequens
670 4223 725 4276 in
759 4223 978 4292 propria
1008 4237 1267 4292 persona,
1301 4238 1500 4292 nempe
1537 4231 1593 4277 et
1640 4224 1973 4279 solutionem

2081 4229 2135 4280 ὲν
2156 4227 2234 4298 τῷ
2265 4227 2379 4296 ίδίῳ
2408 4225 2685 4297 προσώπῳ
2721 4225 2929 4291 διεξιὼν
2961 4225 3215 4293 ἑκάτερα,
3249 4223 3341 4276 καὶ
3368 4223 3470 4292 τὴν
3504 4221 3664 4276 λύσιν

401 4321 455 4369 et
511 4312 894 4381 objectionem.
955 4310 1052 4367 Est
1108 4313 1253 4366 enim
1305 4312 1452 4382 quod
1509 4311 1612 4366 fuit
1670 4313 1972 4382 objectum,

2081 4319 2175 4372 καὶ
2206 4319 2302 4391 τὴν
2331 4320 2625 4374 ἀντίθεσιν.
2669 4318 2741 4370 Τὸ
2774 4317 2883 4388 γὰρ
2911 4314 3187 4370 ἀντιτεθὲν
3216 4316 3355 4375 ἐστι,
3388 4315 3448 4367 τὸ
3491 4315 3664 4383 μηδὲν

399 4402 537 4457 nihil
571 4400 718 4456 aliud
747 4416 870 4455 esse
902 4400 1108 4456 bonum
1147 4402 1598 4465 existimandum,
1621 4419 1785 4473 quam
1819 4405 1968 4475 quod

2081 4411 2278 4479 ἀγαθὸν
2329 4411 2533 4465 οἴεσθαι
2578 4411 2687 4465 δεῖν
2728 4410 2874 4474 ἀλλο,
2904 4410 2937 4480 ἢ
2972 4409 3108 4479 ὅπερ
3151 4407 3214 4461 ἄν
3240 4425 3322 4470 τις
3353 4409 3433 4469 εἰς
3467 4408 3664 4460 ἑαυτὸν

399 4495 456 4547 in
493 4493 731 4564 seipsum
767 4494 1039 4564 quispiam
1066 4493 1370 4548 admiserit.
1418 4495 1534 4549 Hoc
1557 4504 1740 4550 autem
1785 4506 1870 4552 est
1903 4499 1978 4552 ci-

398 4585 504 4642 bus
539 4593 592 4640 et
623 4594 803 4656 potus.
825 4584 885 4638 Ei
914 4593 1094 4638 autem
1130 4585 1435 4654 objectioni
1457 4585 1562 4640 hoc
1592 4587 1759 4641 modo
1780 4602 1978 4642 occur-

399 4677 562 4738 ritur,
598 4691 661 4729 ea
693 4691 802 4729 non
831 4691 956 4729 esse
989 4676 1188 4746 quibus
1231 4676 1394 4730 homo
1429 4677 1596 4730 alitur
1631 4685 1687 4732 et
1735 4678 1974 4747 laztatur,

401 4769 498 4825 sed
528 4769 849 4836 sapientiam
888 4776 945 4822 et
975 4769 1368 4837 cognitionem.
1417 4768 1538 4834 Quo
1570 4769 1630 4823 ﬁt
1659 4777 1719 4825 ut
1770 4771 1974 4827 bonum

398 4862 621 4932 quidem
665 4863 738 4916 sit
773 4863 828 4915 in
881 4861 968 4915 his
1021 4877 1224 4930 ponere
1269 4861 1534 4916 studium.
1587 4861 1741 4928 Quod
1790 4872 1972 4918 autem

398 4971 497 5026 per
523 4969 744 5009 carnem
795 4955 1099 5023 suscipitur
1131 4953 1374 5008 studium
1427 4961 1481 5008 et
1529 4955 1838 5026 diligentia,
1891 4964 1976 5011 est

399 5045 568 5097 animi
602 5043 825 5098 afﬂictio
848 5051 902 5098 et
931 5043 1171 5097 vanitas.
1205 5040 1465 5098 Sublimis
1500 5054 1682 5099 autem
1707 5045 1973 5100 doctrinae

398 5135 563 5189 verba
601 5133 706 5189 hoc
740 5134 902 5188 modo
943 5149 1002 5189 se
1033 5133 1258 5188 habent.
1304 5134 1410 5188 24:
1447 5153 1464 5187 ι
1491 5135 1610 5189 Non
1638 5145 1723 5190 est
1765 5137 1969 5191 bonum

399 5225 612 5281 homini
643 5225 737 5296 qui
769 5224 1020 5281 comedet
1053 5232 1105 5277 et
1152 5225 1300 5278 bibet
1330 5266 1345 5290 ,
1392 5234 1448 5280 et
1480 5228 1732 5281 ostendet
1773 5229 1972 5281 animm

403 5333 516 5374 sua:
577 5315 780 5370 bonum
831 5311 885 5366 in
933 5311 1116 5366 labore
1162 5324 1283 5364 suo.
1328 5311 1416 5367 25.
1512 5314 1826 5382 Quinetiam
1869 5318 1971 5372 hoc

402 5409 658 5478 vidiego.
695 5407 769 5461 De
795 5421 961 5459 manu
995 5405 1086 5458 Dei
1117 5414 1224 5466 est,
1271 5403 1419 5474 quod
1458 5407 1585 5477 quis
1627 5409 1877 5464 comedet
1916 5417 1972 5464 et

403 5497 556 5552 bibet
603 5494 812 5565 absque
839 5494 977 5563 ipso.
1001 5493 1091 5550 26.
1127 5493 1345 5551 Homini
1378 5497 1521 5553 hono
1557 5498 1611 5553 in
1669 5509 1971 5569 conspectu

409 5603 514 5643 suo
541 5588 692 5642 dedit
722 5589 1048 5656 sapientiam
1067 5595 1122 5642 et
1141 5589 1510 5659 cognitionem
1547 5597 1602 5645 et
1631 5589 1898 5656 laetitiam,
1917 5600 1971 5645 et

408 5680 688 5747 peccatori
725 5679 869 5736 dedit
905 5679 1126 5735 anxiam
1161 5680 1590 5738 sollicitudinem
1624 5689 1686 5737 ut
1713 5681 1876 5738 addat
1917 5690 1971 5737 et

2081 4501 2460 4572 καταδέξηται.
2501 4501 2671 4554 Τοῦτο
2690 4501 2746 4554 δέ
2781 4501 2898 4552 ἐστι
2933 4500 3133 4570 βρῶσις
3168 4499 3258 4551 καὶ
3285 4497 3462 4560 πόσις.
3499 4498 3566 4549 'H
3605 4496 3663 4549 δὲ

2081 4592 2216 4662 πρὸς
2254 4593 2411 4644 τοῦτο
2452 4593 2774 4663 ἀπάντησις,
2813 4591 2874 4644 τὸ
2910 4590 2984 4662 μὴ
3004 4590 3177 4644 ταῦτα
3221 4585 3357 4642 εἶναι
3389 4584 3472 4652 οἷς
3501 4591 3530 4642 ό
3569 4589 3663 4642 ἄν·

2081 4683 2294 4753 θρωπος
2322 4685 2579 4754 τρέφεται
2609 4686 2702 4737 καὶ
2741 4684 3124 4754 εὐφραίνεται,
3153 4681 3287 4735 ἀλλά
3320 4682 3514 4750 σοφίαν
3566 4683 3664 4734 καὶ

2078 4775 2294 4843 γνῶσιν.
2337 4777 2422 4839 Ὡς
2449 4777 2608 4829 τοῦτο
2633 4776 2732 4844 μὲν
2759 4775 2960 4843 ἀγαθὸν
2985 4770 3126 4827 εἶναι
3153 4775 3211 4827 τὸ
3235 4775 3292 4826 ὲν
3318 4773 3528 4834 τούτοις
3559 4772 3664 4843 τὴν

2081 4868 2314 4937 σπουδὴν
2334 4866 2480 4937 ἔχειν
2504 4885 2516 4898 ·
2539 4867 2600 4920 τὸ
2617 4868 2672 4920 δὲ
2701 4867 2789 4919 διὰ
2809 4866 3008 4937 σαρκὸς
3027 4864 3478 4932 σπουδαζόμενον,
3498 4881 3660 4934 περι-

2081 4956 2330 5024 σπασμὸν
2346 4956 2525 5026 ψυχῆς
2549 4952 2683 5009 εἶναι
2715 4959 2809 5009 καὶ
2842 4954 3198 5025 ματαιότητα.
3237 4953 3317 5004 Τὰ
3346 4952 3401 5004 δὲ
3436 4953 3662 5021 ῥήματα

2076 5049 2172 5119 τῆς
2202 5049 2408 5119 ὑψηλῆς
2432 5049 2776 5111 διδασκαλίας
2805 5047 2989 5101 τοῦτον
3012 5044 3126 5115 ἔχει
3144 5044 3234 5098 τὸν
3263 5045 3519 5115 τρόπον’(
3546 5044 3662 5097 Οὐκ

2076 5139 2224 5192 ἐστιν
2253 5139 2453 5206 ἀγαθὸν
2499 5137 2768 5208 ἀνθρώπῳ
2799 5137 2858 5199 ὃς
2901 5137 3134 5203 φάγεται
3173 5133 3268 5186 καὶ
3319 5133 3521 5195 πίεται,
3569 5133 3662 5186 καὶ

2075 5229 2235 5292 δείξει
2275 5232 2341 5300 τῇ
2381 5227 2524 5299 ψυχῇ
2573 5227 2735 5281 αὑτοῦ
2786 5227 2988 5295 ἀγαθὸν
3015 5227 3071 5279 ἐν
3108 5224 3292 5296 μόχθῳ
3331 5221 3516 5278 αὑτοῦ.
3550 5224 3660 5274 Καί

2076 5337 2138 5388 γε
2161 5320 2315 5374 τοῦτο
2344 5316 2480 5373 εἶδον
2503 5319 2612 5387 ἐγὼ
2633 5359 2646 5384 ,
2676 5319 2755 5371 ὅτι
2810 5318 2922 5371 ἀπὸ
2963 5317 3145 5388 χειρὸς
3179 5315 3274 5368 τοῦ
3307 5313 3442 5367 Θεοῦ
3487 5316 3659 5373 ὲστιν,

2073 5412 2103 5464 ὅ
2127 5412 2177 5464 τί
2199 5429 2280 5476 τις
2304 5413 2535 5480 φάγεται
2562 5412 2656 5464 καὶ
2685 5411 2865 5463 πίεται
2891 5409 3064 5479 παρὲξ
3091 5408 3374 5461 αὐτοῦ’ὃτι
3417 5403 3659 5477 Ἀνθρώ-

2074 5515 2161 5565 πῳ
2188 5499 2267 5569 τῷ
2296 5499 2516 5570 ἀγαθῷ,
2552 5498 2658 5571 πρὸ
2700 5497 2996 5572 προσώπου
3025 5496 3211 5559 αὑτοῦ,
3251 5496 3418 5549 ἔδωκε
3465 5495 3658 5563 σοφίαν

2074 5592 2168 5644 καὶ
2213 5591 2412 5659 γνῶσιν
2443 5593 2536 5644 καὶ
2583 5591 2958 5663 εὐφροσύνην,
3013 5591 3107 5646 καὶ
3161 5589 3239 5660 τῷ
3293 5589 3656 5660 ἁμαρτάνοντι

2075 5681 2239 5734 ἔδωκε
2271 5683 2653 5755 περισπασμὸν
2695 5683 2787 5737 τοῦ
2823 5683 3142 5755 προσθεῖναι
3184 5683 3279 5738 καὶ
3303 5682 3656 5751 συναγαγεῖν,
