3846 6220
191 333 304 392 689

1231 347 1295 402 IN
1335 349 1868 411 ECCLESIASTEN.
1913 355 2198 416 HOMILIA
2232 361 2290 416 V.

3332 371 3439 430 690

186 451 287 508 τῐιῦ
314 449 495 508 δοῦναι
539 453 616 526 τῷ
655 456 846 528 ἀγαθῷ
872 459 978 532 πρὸ
1017 461 1307 532 προσώπω
1351 465 1447 535 τοῦ
1494 466 1666 521 Θεοῦ⁴
1692 469 1763 523 ὅτι

1875 484 2194 546 congreget,
2227 485 2288 531 ut
2314 476 2404 533 det
2443 477 2493 534 ei
2540 480 2633 549 qui
2681 488 2766 537 est
2801 481 2983 538 bonus
3033 483 3089 538 in
3137 497 3436 556 conspectu

190 541 308 596 Καί
324 559 388 611 γε
420 542 578 598 τοῦτο
602 548 896 618 ματαιότης
928 549 1021 603 καὶ
1049 553 1366 626 προαίρεσις
1391 557 1717 629 πνεύματος.
1747 579 1768 612 ι

203 633 272 686 Ἦ
299 634 398 704 μὲν
429 632 524 689 οὖν
563 637 770 692 διάνοια
799 640 907 694 τῶν
946 643 1145 714 ἑφεξῆς
1173 648 1593 719 γεγραμμένων,
1620 652 1770 725 καὶὴ

189 724 334 778 κατά
359 725 420 778 τὸ
436 727 726 783 ἀκόλουθον
754 732 1084 804 προθεωρία,
1109 735 1250 808 αὕτη
1284 738 1431 794 ἐστίν
1473 741 1539 812 ήν
1569 741 1635 795 δι’
1663 724 1773 796 ὀλίιὲ

190 831 309 882 γων
338 816 434 870 νῦν
463 819 840 892 παρεθέμεθα.
866 824 1072 895 Καιρὸς
1101 827 1145 880 δ’
1165 826 1232 882 ἂν
1258 827 1343 901 εῖη
1378 831 1540 886 πάλὶν
1570 834 1772 890 ἐπανα-

188 907 376 961 λαϐεῖν
392 909 491 981 τὴν
518 912 683 979 λέξιν,
723 914 820 969 καὶ
843 919 1224 990 προσαρμόσαι
1245 921 1311 974 δι’
1344 925 1627 994 ἀκριϐείας
1658 931 1772 991 τοῖς

193 1002 378 1069 ῥητοῖς
403 1003 469 1056 τά
497 1005 764 1075 νοήματα.
811 1008 923 1060 Καὶ
955 1009 1126 1076 ἔγνων
1155 1012 1248 1065 καί
1279 1030 1343 1082 γε
1375 1014 1504 1083 ἐγὼ,
1527 1017 1608 1070 ὅτι
1645 1035 1772 1074 συν-

187 1093 326 1162 άντη
335 1111 414 1157 μα
453 1093 513 1147 ἓν
543 1099 934 1169 συναντήσεται
964 1104 1075 1166 τοῖς
1100 1106 1267 1160 πᾶσιν
1302 1109 1502 1174 αὐτοῖς,
1525 1111 1618 1164 καὶ
1642 1109 1770 1167 εἶπα

186 1183 304 1250 ἐγὼ
327 1185 404 1249 ὡς
428 1189 659 1260 συνάντη
669 1207 744 1260 μα
773 1190 869 1245 τοῦ
901 1192 1133 1266 ἄφρονος
1152 1198 1245 1251 καί
1274 1217 1337 1270 γε
1359 1202 1483 1272 ἐμοὶ
1509 1208 1770 1277 συναντή-

189 1291 366 1339 astat,
392 1279 486 1332 καὶ
527 1279 615 1332 ἵνα
643 1281 697 1334 τί
730 1284 1111 1357 ὲσοφισάμηνς
1148 1289 1318 1344 Τοῦτο
1347 1292 1408 1345 δέ
1443 1295 1587 1347 ἐστιν
1618 1297 1757 1366 ήάνυ

185 1366 393 1432 τίθεσις
437 1369 505 1441 ἢν
550 1372 712 1438 αὐτὸς
759 1375 937 1447 ἑαυτῷ
979 1379 1319 1452 ἀντιτίθησι,
1361 1383 1569 1452 λέγων’
1599 1387 1660 1440 Εἰ
1707 1390 1768 1444 ἓν

187 1459 340 1548 ἐστιν
385 1461 472 1513 ἐπ’
502 1462 824 1535 ἀμφοτέρων
852 1467 1007 1522 τοῦτο
1047 1470 1277 1526 Θανάτου
1309 1476 1640 1548 συνάντημα,
1673 1479 1768 1532 καὶ

182 1546 292 1599 οὐκ
329 1548 624 1620 ἐξαιρεῖται
667 1554 770 1623 τῆς
799 1555 896 1610 τοῦ
946 1558 1176 1615 θανάτου
1229 1546 1569 1638 μετουσίαςνή
1599 1569 1766 1641 ἀρετὴ

184 1639 280 1733 τδν
302 1642 361 1692 ὲν
386 1643 548 1715 σοφίᾳ
580 1646 894 1717 γενόμενον,
909 1652 988 1714 εἰς
1020 1653 1195 1725 μάτην
1220 1673 1310 1726 μοι
1338 1659 1560 1728 γέγονεν
1582 1665 1613 1732 ἡ
1640 1639 1768 1733 περί

184 1730 290 1800 τὴν
315 1733 506 1802 σοφίαν
531 1736 756 1808 σπουδή.
787 1738 848 1792 'H
871 1741 931 1794 δὲ
960 1744 1095 1815 πρὸς
1116 1745 1181 1798 τά
1202 1748 1466 1819 εἰρημένα
1494 1751 1586 1804 τοῦ
1605 1730 1764 1822 ’λόγου

1875 563 1992 620 Dei.
2026 565 2092 620 Et
2115 568 2220 622 hoc
2243 583 2462 639 quoque
2503 579 2588 626 cst
2624 572 2840 629 vanitas
2880 583 2937 629 et
2971 575 3282 632 voluntaria
3325 579 3438 634 ele-

1872 659 1982 713 ctio
2015 659 2265 728 spiritus.
2297 680 2316 712 ο
2349 660 2445 717 Est
2487 676 2617 733 ergo
2663 663 2756 720 hic
2806 678 3004 721 sensus
3059 680 3256 722 eorum
3316 684 3451 737 quae-

1872 745 2132 819 deinceps
2161 750 2369 820 scripta
2400 761 2554 819 sunt,
2584 761 2638 808 et
2663 753 2779 810 haec
2802 764 2890 812 est
2924 772 3044 823 qua:
3081 765 3167 812 est
3196 773 3263 812 ex
3302 773 3438 814 con-

1872 839 2157 906 sequentia
2194 839 2570 909 praemittenda
2601 845 3012 914 contemplatio,
3043 862 3210 918 quam
3245 849 3438 918 paucis

1871 940 2018 980 nunc
2067 927 2421 985 adduximus.
2461 928 2706 1001 Tempus
2739 939 2926 988 autem
2979 945 3063 990 est
3098 951 3246 992 nunc
3281 953 3438 1007 repe-

1869 1017 2023 1072 tendi
2068 1026 2412 1081 contextum,
2474 1029 2530 1075 et
2555 1021 2739 1079 verbis
2785 1026 3235 1081 accommodandi
3267 1042 3433 1083 accu-

1868 1115 1988 1161 rate
2026 1109 2381 1164 sententiam.
2409 1109 2546 1166 Novi
2575 1126 2677 1182 ego
2710 1115 2858 1184 quod
2905 1131 3050 1172 unus
3084 1125 3315 1173 eventus
3340 1133 3438 1174 oc-

1869 1204 2056 1252 curret
2086 1199 2367 1266 omnibus,
2428 1207 2482 1256 et
2521 1203 2636 1256 dixi
2681 1218 2783 1275 ego
2813 1204 2962 1276 quod
3012 1206 3167 1262 stulti
3209 1216 3438 1264 eventus

1868 1287 2003 1340 mihi
2033 1303 2254 1358 quoque
2293 1299 2570 1347 occurret.
2611 1293 2725 1348 Cur
2760 1295 2952 1366 itaque
2992 1295 3258 1364 majorem
3303 1312 3437 1367 ope-

1868 1393 1986 1432 ram
2011 1379 2135 1434 dedi
2167 1382 2486 1450 sapientiae?
2515 1383 2642 1440 Haec
2661 1394 2744 1441 est
2780 1392 2963 1442 autem
2997 1387 3240 1458 olijectio
3271 1404 3438 1460 quam

1868 1468 1987 1540 ipse
2017 1471 2119 1526 sibi
2154 1473 2366 1542 objicit,
2397 1475 2590 1532 dicens
2616 1497 2629 1532 :
2652 1476 2710 1530 Si
2745 1478 2892 1533 inest
2916 1479 2970 1533 in
2997 1479 3246 1550 utrisque
3270 1495 3436 1537 even-

1868 1569 1957 1616 tus
1987 1565 2203 1629 mortis,
2251 1581 2359 1621 nec
2383 1567 2554 1624 virtus
2584 1582 2708 1623 eum
2740 1569 2834 1638 qui
2885 1571 3062 1627 evasit
3108 1577 3348 1642 sapiens,
3407 1589 3440 1628 a

1869 1659 2046 1708 morte
2069 1655 2277 1720 eximit,
2325 1655 2532 1713 frustra
2588 1674 2763 1714 meam
2801 1661 3066 1716 collocavi
3121 1677 3343 1732 operam
3384 1663 3436 1716 in

1869 1743 2052 1798 studio
2112 1747 2414 1816 sapientiae.
2469 1749 2936 1816 Quemadmodum
2984 1759 3172 1807 autem
3219 1752 3290 1808 iis
3318 1768 3440 1822 quae

194 1822 506 1915 ἀπάντησις
552 1828 710 1894 mla;
753 1829 925 1899 Ἐγὼ,
955 1835 1089 1904 φησὶ
1110 1876 1124 1900 ,
1151 1837 1309 1890 τοῦτο
1343 1842 1598 1911 περισσὸν
1638 1844 1763 1897 ἑλά-

1869 1833 2014 1890 dicta
2045 1845 2193 1905 sunt,
2244 1842 2487 1895 occurrit
2514 1843 2731 1897 oratio?
2762 1842 2900 1915 Ego,
2929 1844 3134 1914 inquit,
3188 1844 3294 1899 hoc
3344 1859 3438 1900 sn-

182 1909 329 2002 λησα
366 1913 424 1965 ἒν
447 1916 512 1986 τῇ
539 1917 738 1989 καρδίᾳ
767 1935 890 1988 μου,
922 1921 1002 1973 ὅτι
1025 1922 1212 1993 ἄφρων
1245 1928 1309 1980 ἐκ
1331 1909 1764 2002 περισσεύματος

181 1998 360 2060 λαλεῖ.
396 2010 507 2062 Kal
549 2011 632 2065 ὃτι
679 2030 742 2082 γε
777 2016 936 2070 τοῦτο
969 2021 1287 2090 ματαιότης.
1338 2025 1459 2078 Ὅτι
1498 2027 1600 2080 οὐκ
1646 2028 1762 2082 ἔστι

183 2099 380 2169 μνήμη
406 2101 499 2153 τοῦ
534 2103 700 2172 σοφοῦ
731 2106 868 2175 μετὰ
893 2109 986 2161 τοῦ
1014 2110 1245 2181 ἄφρονος
1264 2116 1343 2176 εἰς
1365 2117 1553 2173 αἰῶνα,
1576 2121 1761 2173 Κατα-

182 2188 444 2254 γινώσκει
486 2193 596 2264 γὰρ
627 2195 702 2259 ὼς
756 2201 1025 2270 περιττῶς
1069 2221 1129 2256 τε
1178 2209 1272 2258 καὶ
1317 2208 1622 2273 ἀκολούθως
1664 2215 1761 2281 τῆς

178 2277 509 2372 ἀντιθέσεως
543 2284 746 2356 ταύτης
776 2289 1176 2363 ὲπενεχθείσης,
1212 2296 1305 2348 καὶ
1334 2297 1541 2368 ἄφρονα
1566 2277 1763 2372 ὀνομά-

180 2365 268 2431 ζει
308 2369 398 2422 τὸν
422 2371 596 2440 λόγον,
635 2375 695 2439 ὃς
721 2378 843 2448 οὐχὶ
883 2379 993 2433 τῶν
1041 2382 1318 2437 ἀποθέτων
1346 2365 1511 2449 ἐστὶν.
1534 2365 1763 2442 οὐδὲ-έν-

174 2460 338 2551 δοθεν
379 2465 444 2516 ἐκ
472 2466 586 2519 τῶν
612 2471 854 2539 ταμείων
882 2472 981 2543 τῆς
1013 2477 1204 2543 σοφίας
1240 2479 1627 2551 προσφέρεται,
1648 2482 1762 2535 ἀλλ’

177 2548 374 2621 ὥσπερ
390 2570 443 2605 τι
462 2555 782 2628 περίττωμα
810 2561 907 2632 τῆς
935 2563 1170 2629 διανοίας
1197 2567 1365 2631 ἐστὶν,
1400 2548 1574 2640 ἀφροῦ
1607 2571 1763 2642 δίκην

179 2642 611 2714 ἀποπτυόμενος.
642 2650 864 2720 Ἀφρων
888 2653 996 2726 γὰρ
1023 2656 1087 2708 ὲκ
1124 2658 1560 2730 περισσεύματος
1593 2661 1762 2717 λαλεῖ.

178 2732 258 2784 Τὸ
299 2733 357 2786 δὲ
389 2735 558 2803 οὕτως
599 2742 835 2811 χρῆσθαι
870 2743 950 2814 τῷ
993 2744 1154 2817 λόγῳ,
1189 2749 1415 2817 μάταιόν
1447 2767 1507 2804 τε
1542 2754 1634 2806 καὶ
1682 2756 1762 2819 εἰς

174 2823 337 2877 οὐδὲν
381 2827 540 2882 πλέον
583 2832 701 2884 ἐστὶ
722 2875 736 2899 ,
773 2834 910 2904 πρὸς
946 2837 1096 2890 οὐδὲν
1129 2839 1314 2911 ἕτερον
1357 2842 1453 2894 τοῦ
1481 2843 1638 2912 λόγου
1665 2845 1762 2916 τὴν

179 2918 422 2990 σπουδὴν
442 2920 675 2990 ἔχοντος,
713 2926 746 2996 ἢ
772 2929 959 2981 πεῖσαι
995 2929 1069 3001 μὴ
1095 2931 1162 2985 τὰ
1201 2935 1497 3004 φαινόμενα
1520 2935 1759 3006 βλέπειν.

192 3009 294 3062 Ἐκ
320 3012 428 3064 τῶν
455 3015 746 3086 ὁρωμένων
777 3019 886 3090 γὰρ
906 3025 1138 3076 ποιεῖται
1170 3025 1199 3076 6
1217 3026 1512 3094 ἀντιλέγων
1535 3027 1631 3099 τὴν
1657 3029 1761 3099 μά-

176 3117 288 3172 χην
311 3118 326 3131 ο
349 3103 439 3155 καὶ
470 3105 578 3176 γὰρ
609 3110 638 3160 6
690 3107 915 3175 θάνατος
953 3113 1064 3167 τῶν
1107 3118 1446 3187 φαινομένων
1489 3120 1654 3172 ἐστίν.
1697 3121 1762 3173 Τί

174 3192 382 3263 δήποτε
402 3195 606 3265 λέγωνς
630 3201 744 3254 Οὐκ
769 3203 829 3255 ὲν
847 3204 1024 3277 τούτῳ
1059 3207 1154 3261 τοῦ
1183 3210 1437 3280 ἐναρέτου
1462 3229 1521 3264 τε
1553 3215 1644 3267 ml.
1667 3212 1762 3267 τοῦ

179 3290 428 3360 πονηροῦ
459 3293 575 3363 βίου
612 3297 646 3367 ἡ
691 3297 873 3368 κρίσις
908 3299 1150 3367 γίνεται,
1183 3301 1259 3366 ὡς
1309 3303 1425 3356 δέον
1475 3303 1632 3372 μόνον
1672 3304 1764 3357 τὸν

179 3383 424 3452 πονηρὸν
449 3385 700 3440 τεθνάναι
731 3389 810 3460 τῷ
842 3390 1086 3462 σώματι·
1118 3393 1208 3446 τὸν
1249 3394 1307 3446 δὲ
1349 3394 1548 3463 ἀγαθὸν
1583 3395 1764 3466 μένειν

177 3473 278 3526 τοῦ
310 3479 622 3545 σωματικοῦ
643 3479 870 3536 θανάτου
891 3485 1242 3556 ἀπείραστον,
1265 3487 1365 3540 οὐκ
1392 3487 1547 3552 εἰδὼς
1575 3491 1632 3541 ἐν
1659 3489 1764 3542 τίνι

178 3565 302 3618 ἐστὶ
329 3567 432 3636 τῆς
468 3569 673 3640 ἀρετῆς
690 3572 750 3626 τὸ
773 3574 1061 3638 ἀθάνατον,
1094 3578 1188 3630 καὶ
1225 3578 1308 3642 τίς
1352 3579 1461 3632 τῶν
1498 3583 1556 3632 ἐν
1595 3585 1764 3651 κακίᾳ

177 3654 406 3724 ζώντων
433 3661 461 3711 6
506 3658 754 3726 θάνατος.
785 3665 978 3734 ΣοφΟὖ.
1011 3667 1195 3737 φησὶν,
1229 3669 1263 3739 ἡ
1309 3674 1495 3741 μνήμη
1541 3670 1766 3724 διαπαν·

177 3747 275 3810 τὸς
298 3746 388 3818 ζῇ,
421 3752 517 3804 καὶ
551 3754 715 3806 παντὶ
747 3754 826 3826 τῷ
863 3756 1020 3811 αίῶνι
1064 3761 1574 3830 συμπαρατείνεται·
1613 3763 1689 3834 τῷ
1709 3765 1765 3818 δὲ

177 3840 380 3910 ἄφρονι
424 3842 797 3918 ὲναπεσὸέσθη
839 3849 1023 3902 καὶτὸ
1071 3851 1429 3921 μνημόσυνον.
1477 3854 1612 3925 Περὶ
1656 3855 1766 3926 γὰρ

180 3930 292 3983 τῶν
325 3933 583 3988 τοιούτων
663 3938 797 4008 φησὶ⁸
814 3940 906 3993 καὶ
932 3939 1246 4009 Προφήτης,
1276 3939 1357 3990 ὅτι
1390 3941 1663 3997 Ἀπώλετο
1705 3946 1766 3999 τὸ

184 4023 535 4091 μνημόσυνον
578 4027 756 4082 αὐτῶν
807 4030 1121 4101 περιφανῶς
1160 4032 1256 4084 καὶ
1301 4033 1556 4105 εὐδήλως.
1594 4034 1766 4090 Τοῦτο

179 4111 296 4182 γὰρ
329 4115 362 4184 ή
390 4116 524 4184 ἦχου
570 4120 857 4192 προσθήκη
908 4122 1259 4178 ἐνδείκνυται.
1303 4125 1416 4178 Οὐκ
1460 4125 1606 4180 ἐστιν
1648 4123 1764 4191 οὖν,

181 4202 341 4270 φησὶ,
368 4205 556 4276 μνήμη
583 4207 678 4260 τοῦ
707 4210 870 4279 σοφοῦ
893 4210 1030 4280 μετά
1060 4211 1155 4264 τοῦ
1183 4212 1416 4284 ἄφρονος
1448 4216 1527 4277 εἰς
1557 4215 1728 4270 αἰῶνα
1746 4233 1761 4246 ·

179 4286 324 4339 ἀλλά
347 4289 440 4342 τοῦ
466 4291 566 4360 μὲν
597 4295 758 4362 σοφοῦ
790 4297 824 4367 ή
852 4297 963 4368 ζωὴ
979 4296 1272 4361 διαιωνίζει
1301 4299 1388 4353 διὰ
1403 4300 1500 4370 τῆς
1525 4304 1762 4372 μνήμηςο

177 4375 276 4427 τὸν
303 4375 360 4429 δὲ
399 4378 610 4450 ἄφρονα
657 4382 959 4454 διαδέχεται
999 4385 1156 4457 λήθη.
1197 4388 1285 4440 Ἐν
1318 4389 1427 4458 γὰρ
1456 4392 1576 4452 ταῖς
1614 4391 1768 4460 ἐρχο-

181 4464 377 4532 μέναις
402 4467 645 4538 ἡμέραις
669 4468 739 4522 τά
767 4471 947 4525 πάντα
973 4473 1066 4526 τοῦ
1103 4473 1334 4544 ἄφρονος
1367 4478 1426 4528 ὲν
1462 4475 1598 4548 λήθῃ
1620 4476 1763 4544 γίνε-

175 4566 272 4602 ται
298 4566 313 4580 ·
340 4550 512 4617 οὕτως
534 4555 622 4608 ἀεὶ
646 4555 821 4625 λέγων
841 4561 919 4625 τῷ
936 4561 1141 4634 ῥήματι
1170 4561 1291 4614 καθ’
1318 4561 1400 4614 ὃτι
1422 4562 1522 4633 ἤδη
1545 4565 1599 4616 αἱ
1623 4563 1761 4634 ὴμέ-

183 4656 274 4708 ραι
298 4642 608 4714 ἐρχόμεναι,
646 4647 717 4700 τὰ
745 4648 925 4704 πάντα
946 4651 1240 4725 ὲπελήσθη.

253 4820 321 4873 Εἰ
351 4816 444 4875 οὖν
472 4825 501 4876 ό
533 4825 632 4895 μὲν
660 4827 821 4896 σοφὸς
853 4828 1008 4899 ζητεῖ
1038 4831 1249 4900 σοφίαν,
1293 4835 1324 4887 6
1363 4835 1424 4889 δὲ
1464 4835 1654 4908 ἄφρων
1679 4836 1758 4908 τῷ

175 4909 400 4980 θανάτῳ
432 4914 530 4984 τῆς
555 4914 726 4986 λήθης
752 4918 1105 4990 ἐνηφανίσθη,
1131 4923 1268 4987 πῶς,
1295 4925 1449 4994 φησὶ,
1475 4926 1655 4996 λέγεις
1674 4929 1756 4982 ὅτι

173 5001 536 5056 ἀποθανεῖται
566 5009 594 5060 6
631 5008 794 5075 σοφὸς
835 5010 972 5079 μετά
1004 5011 1098 5065 τοῦ
1129 5015 1361 5086 ἄφρονος
1391 5033 1406 5082 ;
1460 5018 1560 5071 Διά
1605 5020 1761 5074 τοῦτο

174 5097 296 5158 τοῖς
344 5097 486 5150 κατά
530 5100 631 5168 τὴν
666 5101 810 5172 ζωὴν
852 5104 1055 5175 ταύτην
1104 5107 1561 5180 ἐσπουδασμένοις
1610 5112 1759 5183 αὐτῷ

173 5184 472 5253 ἀλγύνεται
504 5190 600 5241 καὶ
631 5191 1036 5262 ἐπαισχύνεται,
1068 5197 1162 5249 καὶ
1194 5200 1371 5267 μισεῖν
1403 5198 1548 5268 λέγει
1582 5202 1760 5257 πάντα

173 5277 282 5330 ὅσα
310 5276 460 5348 αὐτῷ
484 5278 620 5348 πρὸς
646 5281 746 5354 τὴν
767 5282 910 5353 ζωὴν
935 5285 1138 5356 ταύτην
1169 5289 1553 5358 ὲσπούδασται,
1577 5295 1764 5364 ὅμοιον

175 5369 410 5437 πάσχων
440 5367 628 5441 ὥσπερ
661 5371 728 5426 ἂν
758 5373 813 5426 εἴ
837 5393 920 5440 τις
955 5381 1396 5450 φαρμακωμένου
1423 5383 1638 5454 μέλιτος
1664 5389 1760 5442 ἀν-

172 5457 348 5522 αιδῶς
370 5461 702 5532 ἐμφορηθεὶς
730 5467 795 5519 ἐκ
821 5465 1175 5541 λαιμαργίας,
1202 5465 1322 5528 εἶτα
1354 5475 1434 5538 είς
1458 5467 1630 5548 χυμὸν
1657 5481 1758 5534 αύ-

170 5549 521 5644 τῷᾼπονηρδν
541 5555 639 5625 τῆς
668 5555 903 5627 λιχνείας
928 5561 1382 5636 μεταϐληθείσης,
1405 5569 1464 5621 ὲν
1481 5568 1561 5640 τῷ
1584 5571 1766 5644 ἐμέτῳ

168 5642 339 5698 λάϐοι
384 5643 480 5699 τοῦ
526 5646 973 5720 ἀνακεκραμένον
1028 5655 1321 5726 φαρμάκου
1363 5659 1462 5730 τὴν
1512 5642 1764 5734 αἴσθησιν

171 5734 276 5791 τοῦ
311 5740 780 5813 συνεκπτυομένου
811 5746 948 5815 μετά
977 5748 1070 5802 τοῦ
1095 5749 1333 5820 μέλιτος·
1380 5755 1471 5808 καὶ
1497 5755 1585 5810 διὰ
1605 5757 1758 5813 τοῦτο

1865 1940 2264 1994 pervacaneum
2304 1930 2414 1984 dixi
2454 1932 2508 1986 in
2543 1933 2709 1990 corde
2744 1949 2866 1990 meo
2895 1954 2909 1990 :
2943 1937 3147 1992 stultus
3172 1951 3240 1991 ex
3255 1950 3439 2004 super-

1865 2017 2204 2072 abundantia
2240 2021 2503 2091 loquitur.
2548 2022 2660 2079 Hoc
2697 2040 2915 2096 quoque
2945 2033 3031 2081 est
3057 2025 3290 2080 vanitas.
3319 2023 3435 2080 Non

1863 2113 1947 2160 est
2004 2108 2266 2162 memoria
2317 2111 2592 2179 sapientis
2645 2129 2770 2168 cum
2829 2115 2997 2170 stulto
3048 2115 3104 2169 in
3149 2125 3431 2171 aeternum.

1865 2193 2098 2250 Damnat
2130 2199 2273 2252 enim
2299 2199 2440 2254 hanc
2471 2201 2864 2271 objectionem,
2923 2213 2981 2259 ut
3027 2219 3435 2274 supervacanee

1863 2293 1918 2340 et
1941 2303 2050 2340 non
2088 2299 2496 2360 consequenter
2527 2293 2762 2360 illatam,
2819 2303 2874 2350 et
2918 2311 3242 2351 sermonem
3274 2307 3434 2352 vocat

1864 2377 2233 2446 insipientem,
2269 2382 2363 2451 qui
2396 2398 2508 2437 non
2538 2392 2623 2438 cst
2646 2401 2714 2440 ex
2758 2386 3084 2454 reconditis,
3121 2401 3300 2456 neque
3339 2402 3436 2442 ex-

1863 2471 2133 2539 promitur
2159 2474 2478 2531 exinteruis
2519 2477 2807 2547 sapientiae
2845 2479 3148 2548 penuariis,
3190 2480 3286 2534 sed
3344 2488 3430 2535 est

1863 2566 2066 2620 mentis
2096 2566 2270 2621 veluti
2311 2568 2592 2637 quoddam
2634 2579 3074 2635 excrementum,
3116 2579 3176 2625 ut
3205 2574 3301 2642 qui
3351 2572 3434 2626 in-

1863 2664 1978 2714 star
2007 2673 2214 2727 spumae
2241 2670 2532 2730 expuatur.
2580 2660 2804 2718 Stultus
2830 2662 2978 2718 enim
2997 2678 3064 2717 ex
3093 2663 3437 2734 superabun-

1863 2749 2052 2803 d'antia
2078 2749 2340 2819 loquitur.
2365 2749 2459 2807 Sic
2477 2759 2662 2808 autem
2686 2752 2764 2808 uti
2792 2769 3071 2821 sermone,
3097 2770 3298 2809 vanum
3322 2763 3428 2818 est,

1863 2849 1917 2896 et
1942 2841 2077 2895 nihil
2102 2841 2256 2898 aﬂ‘crt
2289 2844 2588 2909 commodi,
2615 2860 2741 2899 cum
2775 2846 2896 2915 ejus
2927 2860 3037 2900 non
3063 2847 3135 2902 sit
3159 2846 3310 2902 aliud
3345 2849 3433 2901 in-

1864 2933 2120 2986 stitutum
2181 2933 2237 2986 in
2279 2933 2382 2989 hoc
2421 2935 2586 3000 libro,
2627 2951 2792 3005 quam
2841 2945 2903 2990 ut
2941 2937 3273 3007 persuadeat
3322 2953 3433 2993 non

1864 3025 2066 3079 intueri
2094 3040 2159 3080 ea
2193 3041 2315 3095 qua.
2337 3035 2622 3096 apparent.
2654 3027 2793 3082 Nam
2816 3031 2912 3098 qui
2942 3029 3292 3095 contradicit,
3307 3045 3436 3084 con-

1869 3115 2040 3170 tendit
2065 3131 2132 3170 ex
2161 3116 2229 3172 iis
2255 3131 2377 3186 quae
2407 3117 2659 3172 videntur
2688 3137 2704 3173 :
2741 3135 2809 3172 ex
2842 3119 2910 3174 iis
2937 3121 3083 3174 enim
3102 3136 3224 3190 quae
3247 3119 3435 3176 viden-

1794 3176 1835 3233 θ
1869 3213 1958 3260 tur
1983 3213 2067 3260 est
2100 3176 2569 3273 mors-Quidnam
2593 3217 2778 3264 autem
2808 3209 2987 3264 dicit?
3031 3176 3196 3267 Bona:
3219 3220 3274 3267 et
3313 3225 3434 3268 sce-

1864 3295 2045 3352 leratae
2089 3301 2211 3352 vita:
2244 3314 2354 3352 non
2384 3299 2439 3352 in
2480 3300 2584 3354 hoc
2620 3307 2706 3354 est
2742 3299 3034 3368 judicium,
3077 3303 3239 3373 quasi
3271 3318 3435 3372 opor—

1864 3395 2004 3442 teret
2039 3389 2332 3444 scelestum
2366 3388 2542 3444 solum
2577 3393 2713 3444 mori
2738 3392 3229 3461 corporezbonum
3254 3400 3437 3448 autem

1863 3494 2093 3534 manere
2119 3491 2396 3548 expertem
2428 3481 2622 3536 mortis
2650 3484 2902 3553 corporis
2922 3524 2939 3550 ,
2991 3492 3052 3538 ut
3089 3483 3183 3554 qui
3221 3485 3437 3540 nesciat

1866 3570 1923 3624 in
1960 3585 2196 3640 quonam
2229 3571 2305 3625 sit
2348 3571 2572 3626 virtutis
2623 3573 3040 3638 immortalitas,
3094 3585 3148 3630 ct
3191 3591 3440 3646 quaenam

1865 3661 1939 3718 sit
1968 3676 2121 3716 mors
2146 3677 2335 3716 eorum
2359 3662 2457 3733 qui
2489 3663 2686 3717 vivunt
2711 3663 2766 3718 in
2797 3665 2946 3720 vitio.
2993 3665 3129 3720 Nam
3175 3669 3440 3738 sapientis

1865 3753 2109 3823 quidem,
2148 3753 2352 3823 inquit,
2388 3737 2668 3809 memoria.
2705 3756 2842 3810 vivit
2887 3755 2942 3810 in
2989 3737 3337 3827 perpetuum,
3383 3766 3441 3814 et

1866 3843 2028 3898 simul
2050 3857 2173 3898 cum
2214 3857 2330 3897 aevo
2358 3843 2616 3900 universo
2670 3845 2987 3902 extenditur
3036 3868 3050 3903 :
3092 3865 3216 3904 cum
3269 3852 3440 3905 stulto

1866 3943 2050 3990 autem
2109 3936 2484 4007 exstinguitur
2533 3938 2655 4008 ejus
2704 3941 2990 3995 memoria.
3053 3941 3129 3996 De
3169 3941 3440 4011 ejusmodi

1865 4026 2012 4081 enim
2061 4026 2374 4083 hominibus
2410 4031 2487 4081 ait
2539 4030 2704 4084 etiam
2757 4029 3034 4100 Propheta
3066 4051 3079 4086 :
3117 4031 3288 4089 Periit
3323 4050 3439 4089 me-

1866 4117 2040 4172 moria
2067 4133 2258 4172 eorum
2294 4119 2444 4174 clare
2475 4134 2540 4174 ac
2593 4119 2907 4178 manifeste.
2955 4124 3091 4178 Soni
3145 4125 3292 4180 enim
3335 4123 3440 4180 hoc

1865 4207 2078 4264 indicat
2105 4209 2367 4280 adjectio.
2420 4209 2543 4266 Non
2572 4221 2657 4267 est
2693 4229 2868 4285 ergo,
2908 4214 3106 4285 inquit,
3177 4217 3440 4271 memoria

1867 4299 2135 4369 sapientis
2193 4317 2320 4356 cum
2360 4303 2534 4357 stulto
2584 4304 2642 4358 in
2684 4283 2950 4360 aeternum
2982 4283 3000 4360 ξ
3031 4307 3126 4362 sed
3172 4307 3438 4378 sapientis

1867 4389 2086 4459 quidem
2136 4390 2248 4446 vita
2305 4392 2362 4446 in
2405 4400 2674 4448 aeternum
2717 4404 2903 4451 manet
2939 4410 3038 4465 per
3080 4398 3434 4452 memoriam:

1792 4509 1836 4564 ο
1870 4481 2095 4536 stultum
2124 4489 2305 4535 autem
2330 4482 2536 4552 excipit
2556 4481 2776 4540 oblivio.
2805 4483 2862 4540 In
2888 4487 3230 4544 venientibus
3283 4486 3431 4540 enim

1867 4568 2065 4622 diebus
2078 4584 2416 4639 quaecunque
2435 4578 2567 4625 sunt
2583 4572 2759 4636 stulti,
2776 4574 3104 4629 mandantur
3123 4575 3388 4629 oblivioni
3418 4595 3431 4631 :

1874 4659 1983 4714 hoc
2011 4660 2182 4715 verbo
2223 4661 2389 4715 veluti
2422 4659 2637 4730 dicens,
2670 4663 2816 4733 quod
2843 4672 2901 4718 ut
2929 4665 3048 4735 jam
3077 4665 3196 4720 dies
3215 4667 3436 4722 venien-

1864 4763 1970 4820 tes.
2007 4755 2262 4809 mandata
2289 4766 2420 4811 sunt
2451 4759 2636 4812 omnia
2667 4760 2952 4815 oblivioni.

1940 4842 1998 4896 Si
2037 4858 2170 4913 ergo
2209 4845 2434 4913 sapiens
2464 4846 2684 4916 quidem
2711 4851 2915 4917 quaerit
2943 4851 3438 4920 sapientiam,stul—

1866 4940 1957 4987 tus
1981 4940 2164 4986 autem
2201 4933 2413 4989 deletur
2439 4943 2615 4991 morte
2663 4937 2978 5003 oblivionis,
3015 4939 3311 5009 quomodo,
3353 4943 3440 4996 in-

1868 5022 2010 5092 quit,
2039 5023 2180 5077 dicis
2206 5026 2538 5078 moriturum
2566 5040 2688 5081 esse
2718 5028 3021 5097 sapientem
3065 5043 3191 5083 cum
3226 5030 3394 5085 stulto
3413 5035 3438 5083 ?

1867 5115 1935 5169 Et
1963 5116 2088 5170 ideo
2112 5116 2243 5169 dicit
2273 5132 2332 5170 se
2374 5116 2558 5172 dolere
2589 5125 2645 5172 et
2664 5119 2992 5175 erubescere
3019 5130 3248 5192 propter
3289 5137 3351 5176 ea
3379 5123 3438 5178 in

1865 5223 1987 5278 quat
2012 5223 2170 5262 suum
2203 5208 2449 5262 studium
2477 5214 2663 5278 posuit
2697 5211 2754 5264 in
2789 5211 2893 5265 hac
2917 5212 3052 5279 vita,
3114 5223 3171 5269 et
3201 5213 3335 5268 dicit
3373 5230 3436 5270 se

1867 5299 2054 5355 odisse
2089 5299 2275 5353 omnia
2306 5314 2541 5368 quorum
2562 5299 2679 5370 ipse
2707 5299 2768 5355 in
2788 5301 2893 5356 hac
2921 5302 3031 5356 vita
3062 5303 3246 5358 studio
3280 5310 3434 5357 tene-

1866 5391 2053 5454 batur,
2113 5398 2174 5446 ut
2227 5390 2315 5446 cui
2361 5393 2682 5448 usuveniret
2728 5392 2973 5462 perinde,
3022 5401 3185 5464 atque
3229 5394 3281 5449 ei
3338 5394 3437 5465 qui

1865 5481 2266 5536 medicamento
2292 5481 2450 5536 melle
2475 5480 2698 5552 perfuso
2724 5498 2833 5551 prae
2851 5484 3091 5553 ingluvie
3111 5482 3432 5555 impruden-

1870 5581 1956 5628 ter
1981 5573 2261 5643 impletus,
2281 5572 2477 5628 deinde
2517 5573 2574 5627 in
2601 5574 2804 5627 malum
2842 5589 3094 5644 saporem
3132 5575 3183 5628 ei
3221 5583 3434 5629 mutata

1870 5665 2180 5727 dulcedine,
2229 5665 2286 5718 in
2311 5665 2582 5720 vomendo
2631 5666 2864 5736 accipiat
2906 5680 3132 5721 sensum
3186 5664 3438 5735 permisti

1871 5758 2275 5826 medicamenti,
2302 5757 2451 5829 quod
2482 5755 2648 5815 simul
2673 5775 2799 5814 cum
2837 5759 2997 5815 melle
3036 5760 3294 5828 expuitur
3324 5776 3336 5812 :
3377 5769 3434 5816 et
