3846 6220
451 347 544 408 σξη

1642 353 1700 408 S.
1741 351 2068 408 GREGORII
2103 347 2438 406 NYSSSENI

3583 349 3690 404 63

449 463 572 517 ideo
591 468 812 532 propter
827 461 1095 517 amaroris
1127 463 1444 518 memoriam
1466 463 1572 518 mel
1611 463 1792 518 oderit
1827 481 1841 518 :
1870 479 1997 534 quo-

2114 463 2180 531 τῇ
2215 462 2402 533 μνήμῃ
2431 460 2531 530 τῆς
2559 455 2751 531 ἀηδίας
2780 459 2952 529 μισῶν
2983 460 3044 512 τὸ
3078 459 3241 529 μέλι·
3283 459 3362 511 ὅτι
3392 458 3690 528 πλησμονὴ

446 556 598 608 niam
626 553 853 609 satietas
889 567 986 622 per
1017 553 1477 608 medicamentum
1510 555 1778 611 subvertit
1809 563 2015 610 stoma-

447 647 632 696 chum.
663 642 775 697 llac
804 643 871 698 de
905 658 1095 707 causa,
1125 658 1248 698 cum
1270 660 1378 698 non
1409 659 1584 715 usque
1617 645 1684 700 ad
1708 646 2012 700 satietatem

449 751 507 789 se
539 736 593 787 in
626 734 692 788 iis
711 733 1006 804 implesset,
1033 750 1155 804 quae
1171 731 1381 790 faciunt
1410 736 1479 790 ad
1508 735 1758 802 delicias,
1781 753 2012 807 quarum

446 824 634 880 studio
663 824 954 880 tenebatur
990 825 1046 878 in
1085 825 1292 880 vomitu
1332 824 1724 889 confessionis,
1751 834 2009 895 tanquam

447 918 687 985 aliquam
735 920 929 972 veneni
982 917 1370 981 calamitatem,
1419 933 1610 973 eorum
1664 934 1784 988 qua:
1829 927 2013 989 egerat

444 1010 707 1077 probrum
742 1024 808 1065 ac
838 1009 1076 1064 dedecus
1122 1008 1250 1063 odio
1295 1009 1506 1065 habens
1553 1019 1606 1064 et
1647 1010 2007 1073 abominaris,

441 1103 646 1153 clamat
689 1115 749 1154 se
803 1099 948 1153 illam
979 1100 1164 1155 odisse
1206 1100 1396 1163 vitam,
1441 1099 1522 1154 sic
1556 1099 1745 1154 dicens
1775 1099 1843 1152 ad
1885 1115 2009 1155 ver-

442 1192 570 1244 bum
606 1210 618 1244 :
654 1209 673 1242 ι
711 1193 776 1246 Ει
829 1191 956 1245 odio
995 1191 1158 1246 habui
1189 1193 1377 1262 vitam,
1409 1192 1536 1261 quia
1580 1193 1781 1245 malum
1819 1191 2011 1246 adver-

443 1297 564 1336 sum
591 1297 676 1338 me
703 1290 808 1347 est,
832 1298 970 1352 opus
993 1284 1140 1353 quod
1178 1282 1380 1337 factum
1417 1291 1502 1337 est
1532 1285 1637 1338 sub
1671 1284 1803 1339 sole.
1830 1303 1848 1334 ι
1891 1283 2010 1340 Νοη

443 1373 614 1437 enim,
637 1375 831 1443 inquit,
863 1374 956 1428 ulli
984 1375 1096 1437 alii,
1127 1375 1224 1430 sed
1252 1375 1501 1444 mihiipsi
1522 1374 1794 1430 fuimalus
1813 1378 2010 1446 iisqua:

440 1466 545 1519 feci
580 1466 684 1520 sub
709 1467 844 1521 sole.
875 1465 1003 1518 Mihi
1031 1465 1176 1520 enim
1197 1465 1333 1519 nihil
1361 1473 1472 1518 stat
1501 1481 1692 1520 eorum
1715 1481 1837 1534 qua:
1863 1466 2006 1521 facta

440 1565 569 1611 sunt
597 1573 612 1609 :
643 1556 739 1610 sed
764 1557 949 1624 opinio
976 1564 1132 1610 erant
1155 1555 1339 1609 omnia
1369 1556 1422 1609 in
1451 1571 1572 1626 quae
1600 1557 1840 1611 studium
1874 1573 2010 1610 cnn-

439 1648 702 1712 ferebam,
747 1656 803 1701 et
831 1649 1062 1716 impetus
1118 1647 1274 1701 liberi
1328 1648 1543 1701 arbitrii
1592 1656 1648 1702 et
1696 1648 2004 1702 electionis.

434 1737 634 1792 Omnia
660 1733 806 1792 enim
825 1723 1039 1792 vanitas
1075 1747 1131 1794 et
1177 1738 1490 1794 voluntaria
1519 1738 1716 1793 electio
1752 1739 2001 1807 Spiritus.

2113 550 2201 604 διὰ
2250 550 2346 603 τοῦ
2397 551 2687 622 φαρμάκου
2744 553 2842 622 τὴν
2891 549 3200 622 ἀνατροπὴν
3258 551 3689 620 κατειργάσατο.

2113 642 2313 696 Τούτου
2369 642 2527 713 χάριν
2553 681 2569 707 ,
2615 643 2675 695 οὺ
2739 641 2898 712 μέχρι
2952 641 3113 712 κόρου
3148 640 3256 692 τῶν
3301 640 3434 710 πρὸς
3461 640 3688 709 τρυφὴν

2115 731 2561 804 σπουδαζομένων
2581 732 2770 786 ἑαυτὸν
2793 732 3078 803 ἐμπλήσας
3100 733 3160 784 ὲν
3178 730 3255 802 τῷ
3276 731 3373 801 τῆς
3395 729 3690 798 ἐξαγορεύ-

2114 842 2251 888 σεως
2280 823 2483 895 ἐμέτῳ,
2515 823 2764 896 καθάπερ
2789 824 2931 887 τινὸς
2949 824 3270 895 δηλητηρίου
3300 822 3562 892 ποιότητα.
3584 826 3690 896 τὴν

2113 915 2206 969 ἐπὶ
2260 917 2372 979 τοῖς
2413 914 2818 984 πεπραγμένοις
2853 913 3113 983 αἰσχύνην
3142 911 3444 984 σικχανθείς
3471 930 3538 964 τε
3592 915 3692 965 καὶ

2114 1005 2499 1078 βδελυξάμενος
2521 1044 2537 1069 ,
2584 1006 2759 1074 μισεῖν
2805 1002 2905 1073 βοᾷ
2935 1003 3034 1074 τὴν
3078 1000 3220 1072 ζωὴν
3241 1003 3449 1074 ἐκείνην
3493 1003 3692 1070 λέγων

2109 1103 2310 1156 οὑτωσὶ
2334 1101 2475 1156 κατὰ
2506 1101 2605 1172 τὴν
2635 1099 2799 1164 λέξιν,
2821 1099 2903 1151 ὅτι
2933 1116 2951 1150 ι
2975 1097 3085 1151 Καὶ
3109 1097 3345 1168 ἐμίσησα
3373 1098 3470 1167 τὴν
3498 1097 3691 1168 ζωὴν,

2111 1196 2193 1248 ὅτι
2229 1193 2461 1265 πονηρὸν
2490 1193 2576 1246 ἐπ’
2611 1191 2711 1262 ἐμὲ
2737 1191 2798 1244 τὸ
2835 1191 3047 1262 ποίημα
3075 1191 3136 1244 τὺ
3172 1191 3536 1259 πεποιημένον
3577 1192 3694 1243 ὑπὸ

2108 1285 2201 1339 τὸν
2242 1284 2412 1354 ἥλιον.
2454 1301 2472 1334 ι
2511 1283 2585 1336 Οὐ
2620 1282 2728 1353 γὰρ
2771 1281 2914 1352 ἄλλῳ
2945 1283 3073 1344 τινὶ,
3109 1282 3290 1352 φησὶν,
3319 1282 3428 1334 ἀλλ’
3450 1283 3694 1353 ἐμαυτῷ

2109 1378 2307 1446 γέγονα
2333 1375 2584 1446 πονηρὸς,
2609 1369 2690 1436 οἷς
2719 1372 2949 1442 ἐποίησα
2978 1372 3083 1424 ὑπὸ
3113 1371 3202 1425 τὸν
3233 1373 3401 1441 ἥλιον.
3435 1373 3695 1443 Ἕστηκε

2109 1468 2218 1538 γάρ
2251 1483 2340 1537 μοι
2371 1465 2479 1518 τῶν
2509 1463 2814 1534 γενομένων
2839 1462 2992 1515 οὐδέν
3011 1481 3025 1493 ο
3061 1461 3176 1516 ἀλλ’
3202 1464 3372 1532 οῐησις
3395 1457 3460 1534 ἦν
3491 1463 3696 1516 πάντα

2106 1559 2177 1613 τὰ
2221 1555 2628 1625 σπουδαζόμενα
2653 1596 2666 1619 ,
2718 1555 2812 1607 καὶ
2840 1554 2985 1625 ὁρμὴ
3023 1554 3410 1624 προαιρέσεως.
3444 1553 3526 1606 Τά
3572 1555 3697 1624 γὰρ

2108 1653 2283 1706 πάντα
2317 1650 2644 1722 ματαιότης,
2691 1647 2785 1700 καὶ
2819 1648 3135 1718 προαίρεσις
3165 1646 3482 1715 πνεύματος,
3515 1649 3693 1716 φησί.

2106 1745 2217 1798 Καὶ
2249 1742 2405 1806 ἄλλος
2433 1741 2580 1809 λέγει
2615 1740 2804 1810 μίσους
2848 1739 3004 1803 ἀξίαν
3042 1735 3179 1791 εἶναι
3211 1738 3307 1808 τὴν
3357 1731 3456 1790 ὧδε
3489 1753 3696 1789 σπου-ο

436 1829 635 1897 inquit.
663 1828 726 1881 Et
753 1829 890 1883 alter
917 1830 1050 1883 dicit
1083 1827 1211 1884 odio
1239 1844 1361 1884 esse
1385 1829 1610 1899 dignum
1633 1829 1778 1899 quod
1805 1830 1859 1884 in
1888 1830 1997 1885 haec

2107 1833 2222 1904 δὴν,
2260 1833 2341 1886 ὃτι
2373 1832 2448 1902 μὴ
2481 1829 2656 1898 ἑαυτῷ
2695 1846 2800 1893 τις,
2838 1828 2972 1880 ἀλλὰ
3016 1827 3094 1897 τῷ
3137 1828 3252 1898 μεθ’
3282 1829 3466 1880 ἑαυτὸν
3494 1829 3694 1891 πονεῖ,

433 1919 716 1975 confertur
738 1922 1000 1987 studium,
1042 1923 1186 1992 quod
1226 1922 1496 1991 quispiam
1532 1936 1638 1974 non
1675 1919 1803 1986 sibi,
1833 1920 1927 1976 sed
1952 1923 2002 1976 ei

433 2012 530 2079 qui
556 2025 679 2080 post
702 2028 761 2066 se
793 2011 1014 2067 futurus
1034 2020 1138 2074 est,
1168 2013 1378 2066 laborat
1413 2010 1781 2080 quodcunque
1815 2011 1868 2065 in
1901 2012 2004 2066 hac

434 2115 547 2156 Vlla
578 2105 689 2163 acri
720 2105 903 2159 studio
935 2103 1194 2169 eﬂecerit,
1220 2105 1458 2169 navalia,
1505 2113 1718 2175 portus,
1771 2105 2001 2173 praecla-

433 2212 524 2251 ras
545 2213 608 2250 ac
639 2197 954 2268 magnificas
984 2199 1519 2268 propugnaculorum
1546 2206 1600 2252 et
1637 2197 1998 2252 aediﬁciorum

430 2295 766 2352 structuras,
790 2289 1082 2355 vestibula,
1112 2289 1250 2354 atria
1277 2297 1330 2345 et
1359 2299 1558 2358 turres,
1584 2290 1841 2361 pulchras
1875 2303 2002 2360 por-

430 2379 594 2443 ticus,
630 2380 803 2434 moles
831 2388 1205 2450 assurgentes,
1243 2389 1300 2437 et
1334 2383 1428 2451 qui
1463 2382 1520 2436 in
1564 2381 1794 2436 colenda
1854 2389 2001 2436 terra

430 2470 815 2540 suscipiuntur
839 2472 1074 2536 labores,
1118 2487 1281 2528 omne
1312 2489 1486 2544 genus
1523 2487 1770 2538 nemora,
1805 2480 1996 2544 prata-

436 2577 545 2631 que
575 2565 973 2629 amoenissima,
1022 2573 1077 2620 et
1111 2566 1314 2628 vineta,
1357 2582 1478 2636 qua:
1526 2564 1813 2620 latitudine
1874 2570 2002 2620 sunt

430 2658 610 2712 instar
648 2658 838 2720 maris,
897 2667 951 2712 et
988 2658 1035 2711 si
1087 2658 1218 2728 quid
1252 2658 1402 2713 aliud
1457 2658 1730 2726 ejusmodi
1787 2656 2002 2711 laborat

428 2745 746 2814 quicunque
786 2745 1136 2811 laboraverit,
1184 2746 1389 2801 fruitur
1419 2755 1598 2801 autem
1649 2745 1744 2816 qui
1779 2754 1904 2816 post
1933 2744 2000 2798 il-

429 2836 542 2894 lum
569 2837 737 2891 vitam
766 2837 900 2908 agit.

501 2925 773 2980 Incertum
807 2933 892 2981 est
920 2934 1105 2980 autem
1147 2940 1278 2982 nnm
1315 2925 1431 2978 vitii
1478 2923 1766 2978 materiam
1805 2922 1997 2994 copias

427 3024 485 3071 et
511 3031 644 3085 opes
679 3017 752 3071 sit
782 3015 1097 3072 eli'ecturus.
1149 3017 1273 3071 Non
1301 3028 1386 3072 est
1417 3018 1564 3072 enim
1603 3015 1996 3088 quorumlibet,

2110 1923 2243 1994 ὅπερ
2276 1922 2342 1977 ἂν
2367 1924 2425 1974 ὲν
2453 1923 2519 1992 τῇ
2565 1919 2676 1990 ζωῇ
2706 1919 2880 1991 ταύτῃ
2927 1919 3071 1972 κατὰ
3110 1919 3344 1988 σπουδὴν
3371 1919 3693 1987 ἐνεργήσας

2109 2014 2282 2084 τύχοι,
2319 2012 2537 2083 νεώρια,
2574 2012 2817 2081 λιμένας,
2848 2013 2947 2073 τὰς
2991 2011 3247 2082 λαμπράς
3285 2027 3344 2062 τε
3384 2010 3473 2063 καὶ
3501 2011 3692 2063 πολυ-

2110 2105 2280 2167 τελεῖς
2319 2104 2425 2156 τῶν
2471 2102 2744 2169 ὲπάλξεών
2781 2119 2843 2154 τε
2890 2103 2982 2155 καὶ
3022 2102 3463 2172 οἰκοδομημάτων
3504 2119 3693 2156 κατα-

2111 2197 2328 2258 σκευὰς,
2360 2193 2667 2264 προπύλαιά
2688 2210 2748 2245 τε
2775 2193 2869 2245 καὶ
2889 2192 3149 2263 πύργους,
3171 2194 3265 2245 καὶ
3288 2193 3455 2262 κάλλη
3479 2194 3688 2258 στοῶν,

2109 2283 2465 2356 ἀναστήματά
2492 2301 2583 2349 τε,
2617 2283 2713 2346 τάς
2746 2300 2806 2335 τε
2851 2284 2990 2337 κατὰ
3017 2284 3120 2353 γῆν
3165 2284 3442 2355 φιλεργίας
3463 2322 3478 2347 ,
3534 2284 3686 2353 ἄλση

2113 2373 2427 2428 παντοδαπὰ
2453 2413 2470 2440 ,
2523 2373 2617 2426 καὶ
2656 2371 2934 2442 λειμώνων
2968 2373 3136 2443 κάλλη
3161 2413 3176 2436 ,
3228 2375 3321 2426 καὶ
3347 2372 3688 2442 ἀμπελῶνας

2114 2467 2478 2536 μιμουμένους
2504 2465 2574 2517 τὰ
2610 2463 2820 2534 πελάγη
2849 2468 2960 2528 τοῖς
2987 2465 3230 2530 πλάτεσι,
3263 2467 3357 2518 καὶ
3388 2467 3514 2518 εἴτι
3546 2465 3684 2518 ἄλλο

2107 2554 2344 2610 τοιοῦτον
2375 2557 2526 2608 πονεῖ
2565 2555 2662 2626 μὲν
2691 2556 2861 2625 ὅσπερ
2898 2555 2964 2607 ἂν
3000 2554 3139 2626 τύχῃ
3171 2557 3428 2626 πονήσας,
3461 2556 3683 2626 μετέχει

2105 2645 2165 2700 δὲ
2193 2649 2222 2699 ὀ
2255 2645 2371 2717 μετ’
2402 2647 2608 2700 ἐκεῖνον
2639 2643 2922 2714 ἐπιδημῶν
2952 2644 3030 2715 τῷ
3062 2645 3178 2715 βίῳ.

2175 2919 2400 2991 ’Ἄδηλον
2442 2921 2500 2972 δὲ
2548 2920 2597 2971 εί
2653 2919 2726 2990 μὴ
2770 2920 2968 2983 κακίας
3021 2919 3154 2989 ὓλην
3203 2919 3301 2990 τὴν
3357 2919 3676 2989 περιουσίαν

2101 3010 2414 3079 ποιήσηται.
2465 3009 2539 3062 Οὐ
2572 3009 2680 3080 γὰρ
2723 3010 2941 3063 πάντων
2973 3011 3090 3061 ἐστὶ
3116 3010 3176 3062 τὸ
3210 3008 3463 3077 γνώσεως
3490 3010 3675 3062 ἕνεκεν

429 3107 767 3177 cognitionis
795 3121 961 3162 causa
991 3107 1283 3163 demittere
1326 3123 1546 3164 sensum
1577 3109 1644 3163 ad
1685 3106 1994 3162 faciendum

2101 3102 2180 3163 είς
2207 3099 2304 3170 τὴν
2333 3100 2442 3157 τῶν
2476 3100 2731 3153 τοιούτων
2779 3103 2974 3172 πεῖραν
3006 3102 3247 3155 καθεῖναι
3273 3102 3373 3172 τὴν
3400 3101 3669 3170 αἴσθησιν.

430 3157 625 3249 θεῖ-ιω]
660 3210 842 3250 rerum
864 3197 1190 3264 periculum.
1220 3197 1377 3262 Quod
1405 3197 1624 3267 quidem
1643 3212 1764 3267 ego,
1789 3195 1993 3266 inquit,

2102 3157 2279 3260 ’ὅπερ
2321 3189 2451 3257 ἐγὼ,
2481 3191 2665 3262 φησὶν,
2697 3191 2802 3246 ὑπὸ
2835 3157 3028 3260 σοφίας
3060 3157 3355 3260 πεποίηκα.
3407 3157 3564 3243 Κατ’.
3588 3190 3677 3256 ἐξ-

428 3285 536 3338 feci
599 3285 672 3338 ob
732 3284 1079 3355 sapientiam.
1137 3284 1277 3340 Cum
1330 3286 1580 3340 sivissem
1633 3287 1779 3340 enim
1827 3285 1998 3341 veluti

427 3373 718 3443 quemdam
757 3375 985 3444 pullum,
1041 3385 1252 3430 naturae
1303 3376 1688 3446 appetitionem
1732 3376 1901 3431 libere
1940 3375 1997 3429 in

425 3465 781 3522 inferioribus
836 3481 1132 3536 parumper
1187 3468 1463 3523 exsultare
1499 3467 1668 3521 animi
1731 3467 1994 3532 motibus,

425 3569 548 3609 eam
579 3569 774 3610 rursus
804 3556 1046 3624 repressi
1077 3555 1305 3610 habenis
1352 3555 1606 3618 rationis,
1641 3563 1695 3610 et
1725 3555 1848 3624 ejus
1868 3555 1997 3611 sub-

422 3644 530 3717 jeci
568 3645 842 3715 potestati.
904 3644 1059 3712 Quis,
1111 3647 1314 3716 inquit,
1363 3635 1468 3701 Scit
1517 3662 1586 3700 an
1643 3647 1734 3702 ille
1773 3662 1996 3718 quoque

424 3738 521 3807 qui
551 3749 675 3809 post
710 3754 812 3795 nos
845 3739 900 3793 in
933 3739 1020 3793 his
1055 3739 1238 3808 fuerit,
1284 3741 1553 3810 voluptati
1589 3741 1901 3810 imperabit,
1940 3749 1995 3796 et

426 3845 536 3883 non
580 3831 698 3898 ipse
731 3832 914 3898 potius
954 3832 1176 3894 serviet,
1239 3832 1404 3886 veluti
1451 3832 1728 3901 quoddam
1783 3831 1994 3886 manci-

426 3923 600 3990 pium,
637 3922 930 3990 voluptatis
951 3923 1208 3991 potestati
1243 3939 1303 3977 se
1330 3923 1694 3978 submittens?
1731 3921 1994 3992 Propter-

422 4029 510 4075 ea,
551 4013 752 4083 inquit,
786 4029 888 4083 ego
915 4014 1232 4068 universum
1269 4015 1514 4070 laborem
1541 4031 1718 4070 meum
1739 4015 1868 4069 odio
1895 4013 1994 4068 ha-

423 4105 540 4170 bui,
579 4121 740 4175 quem
769 4106 956 4161 laboro
986 4107 1089 4160 sub
1121 4107 1239 4161 sole
1277 4125 1289 4160 :
1315 4107 1572 4176 quoniam
1619 4122 1743 4161 eum
1772 4105 1991 4160 dimitto

423 4195 631 4251 homini
663 4197 755 4267 qui
806 4206 928 4267 post
971 4213 1059 4253 me
1099 4206 1263 4254 natus
1299 4207 1402 4253 est.
1469 4196 1602 4263 Quis
1645 4207 1827 4252 autem
1887 4197 1992 4253 scit

425 4287 716 4354 sapiensne
749 4287 854 4340 erit
880 4301 949 4340 an
998 4286 1222 4352 stultus,
1265 4294 1320 4341 et
1354 4301 1420 4341 an
1470 4294 1793 4356 potestatem
1829 4300 1990 4340 exer-

421 4377 570 4432 cei‘it
591 4377 646 4430 in
681 4377 832 4432 omni
871 4377 1060 4432 labore
1096 4393 1216 4430 meo
1248 4392 1410 4446 quem
1453 4377 1720 4439 laboravi,
1771 4385 1826 4431 et
1868 4391 1988 4431 mea

2098 3283 2303 3346 ουσίαν,
2335 3277 2445 3336 οἶόν
2471 3300 2592 3335 τινα
2637 3282 2836 3347 πῶλον,
2877 3284 2978 3353 τὴν
3005 3285 3103 3354 τῆς
3131 3282 3346 3351 φύσεως
3373 3284 3552 3353 ὁρμὴν
3587 3300 3676 3351 μι-

2099 3373 2228 3443 κρὸν
2275 3374 2431 3442 ἀφεὶς
2479 3374 2864 3444 ὲπισκιρτῆσαι
2913 3378 3025 3438 τοῖς
3068 3375 3218 3427 κάτω
3258 3374 3478 3432 πάθεσι,
3510 3374 3675 3427 πάλιν

2095 3464 2452 3536 άνεστόμωσα
2502 3468 2568 3538 τῇ
2621 3467 2712 3519 τοῦ
2763 3467 3026 3538 λογισμοῦ
3075 3467 3222 3537 ἡνίᾳ,
3257 3466 3351 3520 καὶ
3383 3469 3450 3537 τῇ
3481 3467 3675 3519 τούτου

2097 3554 2316 3627 ἐξουσίᾳ
2366 3557 2666 3628 ὑπήγαγον.
2698 3558 2794 3620 Τίς
2839 3554 2968 3623 οἶδε,
3006 3558 3189 3628 φησὶν,
3221 3558 3270 3609 εί
3298 3558 3550 3620 κάκεῖνος
3583 3558 3679 3610 ὃσ-

2093 3665 2178 3713 τις
2202 3649 2330 3702 ποτὲ
2365 3649 2483 3720 μεθ’
2507 3651 2652 3722 ἡμᾶς
2686 3653 2743 3704 ἐν
2775 3651 2984 3714 τούτοις
3015 3651 3325 3721 γενόμενος,
3366 3650 3681 3714 ὲξουσιάσει

2093 3739 2194 3810 τῆς
2244 3740 2614 3805 ἀπολαύσεως,
2667 3742 2761 3796 καὶ
2801 3743 2904 3796 οὐκ
2967 3744 3147 3806 αὐτοῖς
3203 3743 3403 3812 μᾶλλον
3452 3759 3682 3812 κυριευο

2094 3831 2339 3902 θήσεται,
2365 3827 2475 3888 οἷόν
2513 3851 2566 3886 τι
2595 3833 2922 3904 ἀνδράποδον
2949 3838 3012 3904 τῇ
3045 3834 3330 3904 δυναστείᾳ
3355 3835 3454 3903 τῆς
3477 3835 3682 3904 ἡδονῆς

2095 3922 2408 3995 ὑποκύψαςς
2442 3928 2542 3981 Διὰ
2561 3924 2738 3989 τοῦτο,
2767 3926 2950 3996 φησὶν,
2974 3926 3214 3996 ἐμίσησα
3240 3924 3351 3994 ἐγὼ
3375 3926 3684 3996 σύμπαντα

2091 4014 2181 4067 τὸν
2215 4015 2410 4086 μόχθον
2447 4033 2547 4086 μου
2594 4017 2653 4069 ὃν
2704 4016 2816 4084 ἐγὼ
2861 4017 3046 4092 μοχθῶ
3095 4018 3199 4070 ὑπὸ
3237 4019 3327 4071 τὸν
3354 4018 3539 4087 ἥλιον·
3592 4020 3681 4072 ὃτι

2091 4109 2237 4177 ἀφίω
2265 4111 2427 4162 αὑτὸν
2452 4110 2528 4180 τῷ
2555 4110 2826 4183 ἀνθρώπῳ
2843 4112 2921 4182 τῷ
2950 4113 3226 4183 γενομένῳ
3255 4115 3371 4164 κατ’
3405 4112 3532 4181 ἐμέ.
3559 4115 3683 4169 Καὶ

2089 4199 2173 4263 τίς
2201 4195 2360 4263 οἶδεν,
2405 4203 2454 4254 εἰ
2485 4201 2647 4270 σοφὸς
2677 4203 2829 4256 ἕσται
2867 4204 2902 4272 ἢ
2948 4205 3166 4276 ἄφρων,
3212 4206 3306 4257 καὶ
3335 4206 3382 4257 εἰ
3413 4206 3672 4270 ἐξουσιά-

2091 4305 2244 4344 σεται
2272 4291 2330 4343 ἐν
2359 4292 2522 4344 παντὶ
2549 4291 2732 4363 μόχθῳ
2762 4310 2865 4362 μου
2893 4286 2938 4361 ᾦ
2965 4294 3245 4364 ἐμόχθησα
3282 4293 3376 4347 καὶ
3405 4296 3675 4362 έσοφισά-

2093 4397 2201 4454 μην
2225 4381 2332 4436 ὑπὸ
2353 4382 2446 4436 τὸν
2473 4381 2654 4453 ἧλιον;
2685 4383 2900 4456 Ταύτην
2923 4388 3032 4456 γὰρ
3053 4383 3204 4456 οἶμαι
3227 4385 3320 4438 τοῦ
3351 4385 3518 4457 ῥητοῦ
3545 4388 3679 4441 τού-

422 4469 694 4524 industria
724 4467 1032 4538 excogitavi
1062 4468 1166 4522 sub
1189 4468 1338 4521 sole?
1388 4466 1653 4521 Existimo
1691 4468 1836 4521 enim
1866 4482 1988 4522 esse

2101 4490 2183 4525 του
2215 4470 2354 4532 εἶναι
2395 4473 2494 4546 τὴν
2524 4474 2752 4542 ἔννοιαν,
2796 4477 2858 4529 τὸ
2889 4477 2963 4547 μὴ
3004 4477 3164 4530 πάθει
3205 4477 3365 4530 αὐτὸν
3403 4478 3546 4548 πρὸς
3581 4480 3678 4532 τὸν

420 4561 570 4614 hunc
606 4575 830 4615 sensum
863 4559 1030 4628 hujus
1063 4559 1216 4623 dicti,
1267 4562 1414 4628 quod
1456 4575 1565 4613 non
1602 4560 1787 4629 aliqua
1819 4558 1989 4612 animi

418 4653 832 4722 perturbatione
853 4651 1113 4720 delapsus
1140 4650 1211 4705 sit
1259 4650 1328 4704 ad
1356 4651 1495 4704 hanc
1527 4649 1693 4704 vitam
1741 4651 1990 4720 volupta-

419 4746 582 4810 riam,
644 4743 742 4800 sed
773 4742 841 4798 ad
867 4757 987 4798 eam
1017 4742 1230 4796 venerit
1257 4742 1493 4811 quadam
1530 4742 1744 4796 ratione
1782 4743 1991 4811 sapien-

417 4839 526 4900 tiae,
587 4843 648 4889 ut
697 4833 793 4905 qui
855 4836 905 4888 ei
950 4834 1231 4902 imperans
1279 4832 1402 4901 ejus
1463 4832 1630 4888 fuerit
1685 4834 1984 4904 particeps,

417 4942 527 4982 non
557 4935 739 4981 autem
775 4939 972 4995 parens
998 4924 1117 4993 ejus
1140 4924 1385 4992 imperio.
1417 4922 1552 4988 Quis
1579 4938 1710 4994 ergo
1740 4925 1866 4985 scit,
1903 4923 1990 4976 in-

413 5020 558 5091 quit,
591 5033 660 5073 an
685 5018 782 5089 qui
821 5023 947 5088 post
967 5030 1053 5071 me
1085 5023 1169 5071 est
1200 5015 1442 5084 futurus,
1473 5031 1660 5071 eorum
1692 5032 1798 5070 non
1835 5030 1991 5086 pare-

414 5115 494 5168 bit
532 5111 789 5181 iinperio,
839 5125 960 5179 quae
1007 5124 1108 5180 ego
1159 5109 1400 5164 laboravi
1441 5124 1552 5163 non
1599 5124 1694 5179 per
1743 5108 1986 5178 aliquam

414 5204 583 5260 animi
609 5201 1094 5273 perturbationem,
1121 5201 1214 5255 sed
1240 5216 1334 5270 per
1361 5200 1680 5270 sapientiam
1704 5200 1727 5253 ?
1753 5201 1857 5253 Per
1884 5199 1986 5254 hoc

411 5297 561 5352 enim
605 5295 754 5366 quod
785 5295 1027 5349 laborem
1073 5293 1643 5358 nominavit,delicias
1689 5290 1982 5362 significat,

410 5389 562 5458 quod
602 5405 696 5458 per
727 5388 862 5452 vim,
903 5386 1070 5442 veluti
1105 5386 1378 5456 quoddam
1419 5384 1636 5438 diﬂicile
1684 5393 1982 5448 certamen,

416 5478 635 5537 admisit
659 5479 955 5549 voluptatis
975 5477 1469 5547 participationem.
1498 5475 1565 5528 Et
1589 5475 1693 5529 hoc
1721 5489 1871 5545 ergo.
1907 5475 1985 5528 in-

413 5570 555 5639 quit,
586 5571 642 5624 in
678 5571 834 5627 vanis
861 5579 1200 5626 numeretur.
1229 5569 1399 5625 Porro
1427 5578 1607 5623 autem
1651 5569 1814 5622 alicui
1847 5582 1985 5637 quo-

410 5675 524 5734 que
552 5661 643 5714 alii
673 5676 742 5715 ex
784 5662 871 5718 his
901 5678 1020 5732 quae
1068 5661 1156 5716 hic
1183 5669 1332 5724 sunt,
1379 5659 1512 5714 dicit
1556 5659 1793 5714 animam
1824 5674 1980 5714 suam

413 5754 791 5819 renunciasse,
822 5762 872 5812 et
897 5755 1144 5812 oratione
1170 5755 1219 5810 id
1245 5753 1390 5828 quod
1418 5753 1522 5810 sibi
1545 5754 1661 5809 vult
1676 5751 1971 5828 signiﬁcat.

1491 5874 1552 5887 α--ς

2091 4564 2490 4618 ἀπολαυστικὸν
2521 4565 2632 4636 βίον
2663 4568 3073 4638 κατολισθῆσαι,
3107 4567 3245 4621 ἀλλὰ
3272 4584 3378 4620 τινι
3404 4567 3554 4639 λόγῳ
3584 4587 3679 4623 σο-

2091 4655 2219 4724 φίας
2264 4657 2359 4710 έπὶ
2395 4656 2553 4710 τοῦτο
2601 4658 2793 4724 ἐλθεῖν,
2835 4660 2894 4713 ἐν
2940 4660 3157 4731 ἐξουσίᾳ
3202 4661 3525 4730 ποιούμενον
3570 4663 3677 4734 τὴν

2094 4747 2402 4816 μετουσίαν,
2428 4749 2520 4802 καὶ
2547 4750 2647 4802 οὐκ
2679 4750 2838 4805 αὑτὸν
2870 4751 2975 4804 ὑπὸ
3001 4752 3099 4821 τῆς
3122 4753 3436 4816 δυναστείας
3458 4754 3676 4827 ταύτης

2091 4839 2618 4910 κατακρατούμενον.
2667 4841 2763 4904 Τίς
2813 4839 2904 4896 οὖν
2951 4839 3080 4909 οἶδε,
3113 4847 3298 4914 φησιν,
3333 4847 3381 4897 εἰ
3415 4846 3488 4916 μὴ
3516 4847 3677 4912 ἐξου-

2091 4928 2445 4998 σιασθήσεται
2499 4931 2604 4983 ὑπὸ
2650 4931 2856 4985 τούτων
2897 4936 2926 4987 ὀ
2962 4935 3080 5005 μετ’
3115 4937 3250 5006 ἐμὲ,
3293 4937 3437 5007 άπερ
3466 4938 3533 4991 οὐ
3582 4941 3676 4996 διὰ

2089 5019 2296 5082 πάθους
2330 5020 2460 5089 ἐγὼ,
2491 5022 2626 5076 ἀλλὰ
2654 5023 2756 5078 ὑπὸ
2790 5025 2981 5093 σοφίας
3011 5027 3320 5100 ἐμόχθησας
3366 5029 3531 5099 Δηλοῖ
3559 5032 3674 5103 γὰρ

2086 5111 2172 5164 διὰ
2194 5111 2287 5165 τοῦ
2315 5113 2512 5183 μόχθου
2532 5115 2795 5184 ὀνομάσαι
2817 5117 2916 5189 τὴν
2937 5119 3165 5195 τρυφὴν,
3189 5121 3269 5177 ὅτι
3289 5120 3673 5190 βεϐιασμένως

2087 5197 2198 5255 οἶόν
2247 5220 2368 5257 τινα
2412 5204 2915 5273 δυσκαταγώνιστον
2965 5205 3132 5262 ἆθλον
3175 5211 3276 5281 τῆς
3322 5211 3512 5283 ἡδονῆς
3565 5217 3672 5286 τὴν

2089 5295 2379 5365 μετουσίαν
2403 5298 2736 5368 προσήκατο.
2767 5299 2875 5350 Καὶ
2902 5299 3059 5352 τοῦτο
3089 5296 3203 5364 οὖν,
3240 5303 3422 5372 φησὶν,
3459 5304 3520 5354 ὲν
3551 5308 3671 5368 τοῖς

2089 5387 2338 5457 ματαίοις
2371 5389 2836 5459 καταριθμεῖσθω.
2865 5392 2975 5444 Καὶ
2997 5392 3140 5463 ἄλλῳ
3160 5393 3219 5445 δέ
3242 5411 3346 5447 τινι
3378 5394 3530 5465 λέγει
3554 5398 3669 5450 τῶν

2083 5471 2206 5541 ὧδε,
2240 5477 2337 5548 τὴν
2370 5477 2564 5531 ἑαυτοῦ
2588 5479 2763 5550 ψυχὴν
2793 5481 3177 5552 ἁποτετὰχθαι,
3205 5485 3299 5536 καὶ
3329 5489 3563 5552 φανεροῖ
3587 5485 3666 5555 τῷ

2083 5571 2225 5640 λογῳ
2240 5569 2268 5622 ὃ
2287 5569 2551 5638 βούλεται.
2571 5571 2929 5642 Διαὸέεληται
2949 5573 3058 5646 γὰρ
3081 5574 3216 5645 πρὸς
3245 5574 3337 5628 τὸν
3361 5576 3461 5645 τῆς
3492 5577 3664 5647 ὀρθῆς

2084 5658 2312 5728 κρίσεως
2345 5659 2741 5730 ἁμαρτάνοντα,
2775 5661 2856 5713 ὃτι
2885 5661 3096 5732 βλέπων
3125 5664 3329 5735 ἐναργῆ
3357 5664 3468 5717 τῶν
3497 5667 3659 5719 ὲνανς

2081 5749 2209 5804 τίων
2239 5749 2367 5820 βίων
2398 5751 2492 5823 τὴν
2523 5752 2806 5824 διαφορὰν,
2833 5753 2889 5820 ἐξ
2928 5747 3002 5811 ὧν
3028 5757 3054 5808 ὁ
3091 5756 3188 5826 μὲν
3222 5757 3348 5828 περὶ
3381 5755 3477 5827 τὴν
3522 5761 3656 5828 ἀρε.
