3846 6220
297 256 406 311 69$

1396 268 1461 321 ΙΝ
1498 270 2039 331 ECCLESIASTEN.
2083 275 2362 331 IIOMILLA
2388 277 2450 332 V.
2522 283 2530 289 ’

3439 283 3546 342 69‘

298 370 396 441 τὴν
425 370 595 432 πονεῖ,
625 370 717 423 καὶ
745 371 878 442 πρὸς
901 373 1054 426 οὐδὲν
1085 374 1423 445 ἀνθρώπινον
1453 377 1550 449 τὴν
1579 379 1873 450 ἐπιθυμίαν

1976 384 2327 440 lnsimulatus
2355 386 2499 439 enim
2536 385 2638 440 fuit
2671 388 2812 457 apud
2841 405 2966 444 eum
2999 392 3093 461 qui
3137 406 3166 446 a
3200 401 3349 448 recto
3385 395 3549 450 aber-

297 462 548 528 κατάγει,
595 463 624 514 6
671 461 726 514 δὲ
755 463 961 534 ἕτερος,
1002 466 1142 520 κατά
1184 469 1246 519 τὸ
1285 467 1542 538 ἔμπαλιν,
1580 471 1742 524 πόνον
1777 472 1876 542 μέν

295 568 421 605 τινα
447 551 556 604 τῶν
583 552 852 624 ὲναρέτων
877 556 976 625 οὐχ
1009 557 1302 628 ὑπομένει,
1341 558 1520 628 μόνοις
1547 559 1603 612 δὲ
1634 564 1751 625 τοῖς
1777 580 1880 615 σω-

298 646 551 714 ματικοῖς
572 645 789 715 μόχθοις
813 648 1281 720 ὲγκατατρίόεται.
1320 651 1487 705 Ὅταν
1515 649 1609 705 οὖν
1633 671 1717 718 τις
1739 655 1877 725 πρὸς

294 735 486 789 τοῦτον
519 737 674 808 φέρει
698 737 790 790 τοῦ
823 739 989 792 καλοῦ
1036 740 1134 812 τὴν
1181 741 1378 812 ψῆφον.
1419 745 1674 816 παρορῶν
1697 745 1787 799 τὸν
1818 747 1878 799 ἑν

293 830 365 897 τῇ
406 827 570 900 σοφίᾳ
600 830 920 900 προέχοντα,
971 832 1032 886 ού
1089 834 1248 903 μόνον
1300 835 1554 905 ματαίαν,
1599 837 1734 892 ἀλλά
1783 838 1877 891 καὶ

296 919 546 990 πονηρὰν
580 923 679 992 τὴν
703 922 890 978 ἄδικον
917 924 1120 996 ταύτην
1151 927 1504 995 ἀποφαίνεται
1561 929 1760 999 κρίσιν.
1783 930 1878 983 Λέ-

295 1026 387 1078 γει
409 1011 468 1064 δὲ
491 1015 606 1076 τοῖς
635 1015 874 1084 ῥήμασιν
891 1014 1083 1080 οὕτως·
1107 1035 1125 1068 ι
1150 1018 1258 1070 Καὶ
1283 1019 1612 1090 ἐπέστρεψα,
1645 1041 1663 1071 ι
1691 1023 1873 1091 φησὶν,

300 1121 322 1153 ι
345 1102 459 1170 ἐγὼ
487 1104 580 1157 τοῦ
597 1105 967 1173 ἀποτάξασθαι
993 1107 1090 1178 τὴν
1107 1109 1330 1180 καρδίαν
1353 1128 1453 1181 μου
1485 1111 1617 1182 πρὸς
1642 1112 1718 1183 τῷ
1731 1113 1877 1186 ἄλλῳ

296 1195 507 1265 μόχθῳ.
536 1189 580 1264 ᾧ
617 1199 897 1268 ὲμόχθησα
939 1199 1044 1252 ὑπὸ
1075 1201 1166 1253 τὸν
1194 1200 1366 1272 ἥλιον.
1403 1222 1420 1254 ι
1454 1204 1519 1255 Τί
1554 1199 1645 1256 οὖν
1673 1205 1820 1258 ἐστιν
1846 1206 1875 1258 ὃ

295 1287 694 1359 ἁπεταξάμην;
727 1292 848 1344 Ὅτι
876 1291 1023 1346 ἔστιν
1052 1293 1354 1363 ἄνθρωπος,
1380 1296 1464 1349 ὅτι
1491 1297 1686 1367 μόχθος
1709 1298 1872 1352 αὐτοῦ

293 1381 359 1433 ἐν
385 1381 546 1452 σοφίᾳ
569 1383 661 1436 καὶ
691 1385 751 1437 ὲν
773 1385 973 1453 γνώσει
1001 1387 1095 1440 καὶ
1122 1389 1180 1441 ὲν
1206 1388 1446 1461 ἀνδρείᾳ,
1481 1391 1573 1444 καὶ
1597 1391 1753 1455 ἄλλος
1777 1393 1872 1446 ἄν·

292 1473 514 1545 θρωπος
542 1475 696 1529 οὐδὲν
723 1479 781 1530 ὲν
805 1480 918 1542 τοῖς
947 1479 1204 1544 τοιούτοις
1237 1483 1494 1553 πονήσας.
1521 1483 1648 1546 Πῶς
1676 1480 1769 1536 οὖν
1791 1502 1875 1548 τις

294 1565 398 1633 τὴν
432 1566 623 1635 μερίδα
646 1569 746 1639 τῆς
772 1571 1154 1640 προτιμήσεως
1181 1571 1258 1641 τῷ
1285 1573 1509 1644 τοιούτῳ
1542 1573 1870 1644 προσθήσει;

294 1655 410 1706 Καὶ
452 1655 735 1727 ἄνθρωπος
773 1659 902 1730 γὰρ,
949 1660 1136 1730 φησὶν,
1184 1655 1230 1729 ᾧ
1273 1662 1572 1733 ὲμόχθησεν
1611 1665 1668 1716 ὲν
1702 1663 1871 1734 αὐτῷ,

1981 483 2067 529 rat
2088 476 2320 546 judicio,
2347 477 2491 546 quod
2519 491 2642 532 cum
2676 479 2881 535 videret
2903 481 3208 538 evidentem
3242 487 3544 541 contrario-

1979 583 2100 621 rum
2140 568 2266 623 vitae
2297 583 2552 638 generum
2580 569 2960 640 diﬂ‘erentiam,
2994 589 3059 629 ex
3091 576 3291 646 quibus
3313 579 3541 633 alterum

1979 661 2198 731 quidem
2235 667 2483 716 versatur
2508 661 2566 715 in
2598 662 2816 732 virtute,
2867 671 2924 720 et
2953 665 3020 719 ad
3052 667 3254 721 nullam
3287 684 3398 723 rem
3439 670 3544 723 hu-

1979 767 2194 806 manam
2236 752 2456 806 adducit
2487 753 2881 823 cupiditatem:
2918 756 3148 810 alterum
3195 773 3325 812 vero
3354 769 3542 812 contra

1979 857 2089 895 non
2138 845 2372 897 sustinet
2405 841 2622 912 quidem
2672 843 2840 897 ullum
2895 845 3132 899 laborem
3183 861 3373 900 eorum
3422 863 3542 918 qua:

1977 941 2243 1004 geruntur
2275 949 2339 989 ex
2373 934 2610 989 virtute:
2648 941 2902 988 versatur
2925 943 3108 990 autem
3141 936 3195 990 in
3232 937 3364 992 solis
3393 939 3542 991 labo-

1978 1023 2132 1077 ribus
2161 1023 2229 1076 ad
2255 1038 2457 1093 corpus
2488 1023 2904 1094 pertinentibus.
2939 1025 3074 1080 Cum
3107 1027 3380 1096 quispiam
3411 1042 3542 1097 ergo

1977 1112 2026 1167 ei
2072 1113 2200 1167 boni
2252 1121 2307 1168 et
2353 1113 2568 1167 honesti
2597 1113 2690 1167 dat
2725 1114 3021 1180 calculum,
3071 1131 3196 1171 eum
3236 1118 3542 1188 despiciens

1976 1204 2070 1273 qui
2127 1205 2406 1259 antecellit
2454 1205 2745 1274 sapientia,
2805 1221 2913 1260 non
2964 1208 3140 1262 solum
3174 1223 3388 1272 vanam,
3444 1211 3541 1263 sed

1976 1296 2138 1348 etiam
2174 1295 2474 1364 improbam
2511 1297 2648 1350 hanc
2677 1297 2936 1367 injustam
2970 1300 3284 1368 pronuntiat
3319 1307 3541 1354 senten-

1977 1387 2128 1439 tiam.
2179 1385 2318 1440 Dicit
2368 1394 2546 1441 autem
2602 1389 2687 1443 his
2729 1389 2910 1444 verbis
2940 1407 2953 1442 :
2987 1408 3006 1440 ι
3030 1389 3092 1444 Et
3113 1391 3379 1454 converti,
3403 1409 3421 1441 ι
3455 1391 3540 1445 in-

1975 1477 2111 1546 quit,
2151 1495 2168 1527 ι
2213 1493 2314 1547 ego
2349 1492 2445 1532 cor
2489 1494 2691 1542 meum,
2731 1490 2792 1532 ut
2831 1481 3172 1535 renuntiaret
3218 1481 3310 1534 alii
3343 1482 3539 1540 labori.
3603 1493 3606 1496 ‘

1974 1584 2132 1637 quem
2178 1569 2422 1623 laboravi
2493 1571 2596 1626 sub
2652 1574 2785 1627 sole.
2835 1592 2853 1623 ι
2907 1572 3045 1638 Quid
3095 1582 3178 1628 est
3225 1590 3354 1644 ergo
3397 1575 3540 1643 quod

1975 1661 2323 1714 renuntiavi?
2384 1661 2478 1715 Est
2522 1664 2716 1728 homo,
2776 1665 2935 1733 cujus
2987 1665 3142 1720 labor
3196 1677 3281 1720 est
3335 1666 3390 1718 in
3453 1681 3543 1721 sa.-

291 1745 560 1809 τουτέστι,
612 1745 692 1816 τῷ
735 1746 848 1816 βίον
890 1749 1218 1820 μοχθήσαντι
1267 1752 1325 1803 ὲν
1371 1750 1449 1820 τῷ
1480 1751 1691 1822 ἀγαθῷ,
1713 1751 1872 1804 δώσει

1975 1753 2174 1822 pientia
2219 1763 2274 1808 et
2318 1756 2631 1824 cognitione
2671 1765 2726 1811 et
2776 1757 2979 1812 excelsi
3018 1759 3184 1812 animi
3221 1758 3444 1827 virtute,
3486 1767 3550 1813 et»

289 1835 447 1904 αὐτῷ
492 1837 686 1907 μερίδα
714 1839 900 1907 αὑτοῦ,
946 1840 1074 1893 ἀντὶ
1106 1840 1222 1904 τοῦ,
1250 1843 1308 1894 ὲν
1353 1841 1557 1911 ἀγαθοῦ
1591 1842 1751 1914 μοίρᾳ
1781 1844 1872 1898 τὸν

289 1927 537 1980 τοιοῦτον
619 1928 732 1998 βίον
783 1930 1050 2001 ὁρίσεται.
1107 1932 1269 1985 Ἀλλά
1338 1933 1633 2004 ματαιότης
1659 1977 1674 2000 ,
1717 1935 1871 2005 φησὶ,

295 2015 456 2070 τοῦτο
486 2018 580 2072 καὶ
606 2021 837 2090 πονηρία
861 2021 1101 2092 μεγάλη..
1123 2023 1248 2086 Πῶς
1273 2024 1380 2094 γὰρ
1412 2025 1511 2076 οὐκ
1535 2024 1680 2077 ἔστιν
1709 2043 1876 2096 πονη-

299 2111 393 2180 ρία
430 2111 636 2182 μεγάλη
658 2152 672 2176 ,
707 2113 835 2166 ὅταν
871 2113 1114 2186 γινώσκῃ
1157 2115 1255 2184 τὴν
1298 2115 1622 2186 ὲγκειμένην
1665 2115 1744 2186 τῷ
1777 2117 1872 2170 ἀν·-

300 2201 508 2272 θρὼπῳ
535 2206 663 2275 περὶ
696 2207 822 2269 τοὺς
851 2205 1079 2276 μόχθους
1117 2207 1349 2278 σπουδὴν
1379 2209 1472 2261 καὶ
1513 2207 1870 2278 προαίρεσιν;

300 2294 474 2347 Τοῦτο
504 2296 613 2364 γάρ
640 2299 786 2353 ἐστιν
821 2301 878 2351 ἐν
906 2294 994 2362 οἷς·
1014 2317 1193 2370 φησιν,
1226 2301 1308 2353 ὅτι
1351 2300 1608 2354 Γινώσκει
1655 2303 1731 2373 τῷ
1778 2305 1872 2356 ἀν-

295 2385 528 2458 θρώπῳ,
554 2390 617 2441 ἐν.
643 2389 804 2442 παντὶ
829 2390 1012 2461 μόχθῳ
1036 2392 1223 2456 αὑτοῦ,
1256 2394 1349 2446 καὶ
1377 2395 1434 2446 ὲν
1461 2397 1528 2465 τῇ
1559 2395 1872 2465 προαιρέσει

290 2478 523 2548 καρδίας
557 2480 745 2545 αὑτοῦ,
771 2473 816 2547 ᾧ
846 2482 1006 2544 αὐτὸς
1035 2483 1223 2552 μοχθεί
1245 2483 1348 2535 ὑπὸ
1378 2483 1468 2537 τὸν
1495 2484 1664 2554 ἥλιον.
1695 2485 1760 2538 Τί
1779 2483 1871 2538 οὖν

292 2569 444 2623 ἐστιν
472 2569 502 2622 ὃ
531 2571 820 2639 γινώσκει;
863 2575 985 2627 ’Ὁτι
1018 2576 1209 2641 πᾶσαι,
1240 2577 1424 2646 φησὶν,
1455 2577 1511 2629 αἱ
1536 2577 1736 2647 ἡμέραι
1772 2578 1872 2630 αύ-

292 2660 390 2714 τοῦ
417 2662 768 2733 ἀλγημάτων,
795 2666 887 2718 καὶ
921 2666 1096 2734 θυμοῦ
1126 2667 1507 2738 περισπασμὸς
1532 2668 1718 2722 αὑτοῦ.
1763 2669 1872 2721 Καί

294 2771 361 2822 γε
390 2757 448 2808 ὲν
475 2757 630 2809 νυκτὶ
651 2758 712 2810 ού
737 2761 995 2829 κοιμᾶται
1019 2761 1053 2830 ἡ
1076 2759 1271 2829 καρδία
1293 2762 1476 2814 αὐτοῦ.
1514 2761 1604 2832 Τῷ
1631 2761 1744 2814 ὄντι
1765 2761 1873 2832 γάρ

293 2849 408 2912 τοίς
437 2849 516 2912 εἰς
542 2849 632 2902 τὸν
661 2850 964 2921 πειρασμὸν
987 2851 1174 2905 τοῦτον
1206 2852 1304 2923 τὴν
1332 2851 1507 2922 ψυχὴν
1534 2851 1869 2922 ἀσχολοῦσιν,

294 2939 542 3010 ὲπαλγὴς
590 2941 688 3011 μὲν
729 2943 763 3012 ἡ
805 2942 950 3012 ζωὴ,
995 2937 1106 2995 οἷόν
1154 2959 1267 2994 τισι
1311 2941 1556 3013 κέντροις
1603 2945 1721 3006 ταῖς
1763 2942 1872 2994 τῶν

295 3029 560 3083 πλειόνων
587 3031 904 3103 ἐπιθυμίαις
942 3033 1040 3104 τὴν
1096 3033 1321 3104 καρδίαν
1365 3034 1694 3104 μαστίζουσα
1717 3052 1731 3065 ο
1766 3036 1866 3088 ὲπ-

293 3117 498 3182 ὠδυνος
517 3120 574 3174 δὲ
607 3122 641 3191 ή
672 3123 802 3194 περὶ
828 3123 927 3192 τὴν
959 3123 1268 3187 πλεονεξίαν
1298 3124 1521 3193 σπουδὴ,
1540 3125 1600 3177 οὐ
1624 3124 1871 3178 τοσοῦτον

291 3204 380 3274 οἷς
406 3210 520 3282 ἔχει
565 3213 967 3285 εὐφραινομένη
988 3255 1004 3275 ,
1054 3215 1177 3268 ὅσον
1227 3214 1564 3286 ἀλγυνομένη
1607 3219 1718 3279 τοῖς
1758 3216 1864 3269 λεί-

293 3319 524 3369 πουσιν,
574 3299 654 3368 οἷς
706 3305 985 3377 μερίζει-αι
1037 3307 1194 3360 νυκτὶ
1244 3308 1338 3360 καὶ
1382 3307 1564 3378 ἡμέρᾳ
1610 3308 1638 3359 6
1689 3307 1868 3371 πόνος,

293 3394 646 3464 καταλλήλως
687 3397 753 3449 δι’
797 3399 1063 3469 ἑκατέρας
1098 3398 1278 3451 αὐτῶν
1323 3397 1730 3468 ὲνεργούμενος,
1773 3398 1873 3467 τῆς

297 3487 399 3555 μὲν
428 3489 640 3560 ἡμέρας
671 3491 1065 3564 δαπανωμένης
1094 3494 1153 3546 ἐν
1183 3491 1399 3563 μόχθοις
1419 3509 1432 3522 ·
1473 3493 1570 3563 τῆς
1598 3493 1654 3545 δὲ
1678 3493 1871 3556 νυκτὸς

291 3583 733 3652 ἀποπξμπούσης
757 3584 866 3638 τῶν
893 3585 1158 3655 ὀμμάτων
1200 3585 1290 3638 τὸν
1318 3584 1502 3638 ὕπνον.
1549 3585 1615 3636 Δί
1645 3583 1755 3654 γὰρ
1778 3583 1872 3637 τοῦ

292 3670 522 3739 κέρδους
570 3673 846 3743 φροντίδες
898 3674 990 3728 τὸν
1034 3673 1201 3729 ὕπνον
1246 3675 1616 3744 ἐκκρούουσιν.
1675 3677 1734 3729 '0
1781 3671 1874 3728 οῦν

293 3761 436 3830 πρὸς
475 3762 650 3816 ταῦτα
717 3763 929 3834 βλέπων
955 3806 971 3830 ,
1025 3765 1143 3829 πῶς
1187 3766 1248 3818 ού
1295 3765 1730 3836 καταψηφίζεται
1777 3767 1876 3836 τῆς

294 3849 536 3920 σπουδῆς
567 3851 771 3924 ταύτης
791 3853 891 3925 τὴν
923 3856 1291 3926 ματαιότητα;
1343 3855 1440 3909 Διά
1468 3855 1630 3909 τοῦτο
1655 3857 1878 3928 προστί-

294 3941 424 4012 θησι
453 3945 565 4006 τοῖς
593 3946 1033 4016 προειρημένοις,
1061 3947 1140 3999 ὃτι
1169 3947 1261 3999 καί
1289 3963 1352 4016 γε
1371 3948 1528 4000 τοῦτο
1559 3948 1870 4018 ματαιότηςο

293 4032 459 4086 πάλιν
485 4033 652 4104 ἄλλης
681 4036 1009 4100 ἀντιθέσεως
1030 4037 1398 4102 καθάπτεται·
1429 4037 1491 4091 τὸ
1516 4038 1573 4091 δὲ
1600 4037 1872 4092 ἀντιτιθέ-

298 4138 462 4190 μενον
492 4123 653 4177 τοῦτό
688 4126 857 4180 ἐστιν’

1974 1845 2116 1901 alius
2141 1845 2308 1900 homo
2328 1847 2419 1917 qui
2449 1847 2501 1900 in
2525 1849 2612 1904 his
2634 1849 2767 1902 nihil
2790 1849 3079 1904 laboravit.
3110 1851 3392 1917 Quomodo
3413 1867 3542 1921 ergo

1973 1937 2262 2007 quisquam
2306 1940 2509 2008 primas
2540 1940 2763 1996 honoris
2803 1950 2985 2012 partes
3009 1943 3056 1997 ei
3093 1943 3336 1998 tribuet?
3367 1941 3542 1996 Homo

1972 2027 2140 2088 enim,
2184 2027 2383 2097 inquit,
2426 2031 2520 2098 qui
2559 2046 2668 2084 non
2705 2032 2974 2086 laboravit
3021 2034 3075 2086 in
3109 2033 3250 2103 ipso,
3293 2033 3397 2094 hoc
3434 2039 3539 2096 est,

1973 2120 2021 2173 ei
2055 2119 2145 2188 qui
2175 2136 2282 2174 non
2308 2121 2575 2176 laboravit
2603 2124 2658 2177 in
2693 2124 2853 2189 bono,
2884 2123 3034 2179 dabit
3058 2125 3104 2178 ei
3129 2133 3335 2194 partem
3357 2139 3540 2190 suam,

1973 2225 2073 2280 pro
2101 2226 2166 2265 eo
2195 2212 2340 2280 quod
2366 2220 2474 2276 est,
2503 2213 2643 2267 hanc
2671 2213 2838 2267 vitam
2866 2214 2919 2268 in
2946 2215 3075 2269 boni
3107 2216 3288 2269 locum
3317 2213 3537 2270 referet.

1977 2299 2083 2355 Sed
2116 2301 2218 2356 hoc
2244 2311 2350 2367 est,
2385 2303 2584 2373 inquit,
2611 2305 2847 2368 vanitas,
2875 2313 2928 2358 et
2963 2321 3160 2376 magna
3193 2305 3537 2376 improbitas.

1973 2392 2258 2458 Quomodo
2286 2395 2430 2448 enim
2465 2412 2568 2449 non
2596 2403 2681 2449 est
2721 2411 2912 2466 magna
2944 2397 3285 2466 improbitas,
3317 2397 3545 2467 quando

1973 2486 2255 2554 cognoscit
2281 2486 2519 2540 studium
2550 2495 2604 2540 et
2632 2487 2858 2541 liberam
2891 2488 3214 2543 electionem
3249 2505 3368 2559 quae
3399 2490 3558 2549 inest.

1972 2574 2185 2628 homini
2214 2576 2277 2630 ad
2314 2577 2566 2631 labores?
2589 2576 2702 2630 Hoc
2735 2579 2882 2631 enim
2909 2588 2993 2632 est
3025 2579 3116 2632 ubi
3142 2579 3298 2633 dicit:
3321 2578 3540 2650 Cognor

1974 2665 2079 2720 scit
2117 2665 2323 2720 homini
2353 2667 2406 2720 in
2435 2668 2580 2721 omni
2608 2668 2793 2722 labore
2821 2683 2942 2735 suo,
2970 2679 3023 2722 et
3046 2669 3100 2722 in
3124 2669 3293 2723 libera
3320 2669 3542 2724 electio-

1975 2771 2044 2811 ne
2075 2757 2257 2812 cordis
2287 2759 2393 2823 sui,
2442 2773 2550 2828 qua
2585 2759 2698 2827 ipse
2731 2759 2942 2812 laborat
2975 2759 3077 2814 sub
3119 2760 3252 2814 sole.
3285 2759 3424 2825 Quid
3458 2767 3544 2814 est

1973 2863 2103 2920 ergo
2148 2850 2292 2919 quod
2341 2850 2661 2919 cognoscit?
2715 2849 2869 2915 Quod
2905 2866 3117 2915 omnes,
3174 2852 3374 2921 inquit,
3424 2851 3563 2920 ejus-

1974 2940 2091 2996 dies
2122 2948 2251 2994 sunt
2273 2939 2547 3004 dolorum,
2582 2949 2636 2994 ct
2668 2941 2790 3011 ejus
2820 2942 2986 2995 animi
3014 2942 3232 2996 vexatio
3260 2951 3314 2996 et
3337 2943 3543 2997 distra-

1973 3032 2103 3086 ctio.
2135 3033 2443 3098 Quinetiam
2481 3041 2646 3086 noctu
2675 3046 2782 3086 non
2812 3031 3012 3086 dormit
3040 3047 3138 3086 cor
3161 3033 3301 3102 ejus.
3334 3032 3563 3088 Revera.

1975 3121 2120 3176 enim
2151 3122 2218 3176 iis
2241 3137 2474 3192 quorum
2499 3121 2714 3176 animus
2738 3130 2990 3176 versatur
3013 3121 3065 3174 in
3093 3122 3195 3177 hac
3221 3123 3543 3187 tentatioue,

1975 3209 2085 3264 vita
2119 3211 2339 3280 quidem
2366 3219 2449 3266 est
2476 3211 2772 3277 laboriosa,
2800 3212 2965 3266 veluti
2989 3213 3319 3282 quibusdam
3349 3214 3545 3268 stimu—

1976 3303 2065 3366 lis,
2122 3305 2276 3372 plura
2335 3305 3018 3376 habendicupiditatibus
3075 3321 3173 3361 cor
3221 3307 3541 3377 ﬂagellans:

1977 3393 2163 3448 dolore
2191 3403 2370 3448 autem
2400 3402 2454 3449 et
2483 3395 2730 3450 molestia
2760 3396 2980 3464 plenum
3009 3405 3094 3452 est
3122 3397 3279 3466 plura
3309 3396 3544 3451 habendi

1976 3484 2240 3548 studium,
2278 3499 2382 3538 non
2411 3486 2895 3555 tantum'gaudens
2918 3487 2987 3543 iis
3015 3503 3137 3558 quae
3161 3487 3342 3550 habet,
3368 3503 3544 3556 quan-

1976 3585 2089 3631 tum
2112 3576 2267 3631 triSte
2293 3576 2364 3630 ob
2389 3590 2452 3631 ea
2481 3591 2600 3646 quae
2626 3576 2853 3646 desunt,
2878 3579 3080 3648 quibus
3105 3583 3270 3632 noctu
3302 3584 3356 3631 et
3378 3577 3548 3630 inter-

1976 3667 2072 3722 diu
2108 3667 2260 3721 labor
2289 3666 2573 3733 dividitur,
2599 3675 2667 3728 Aut
2697 3669 2791 3738 qui
2824 3683 2920 3738 per
2947 3675 3244 3738 utrumque
3274 3682 3464 3721 eorum
3488 3667 3558 3721 in~

1979 3774 2036 3814 se
2064 3759 2298 3813 invicem
2322 3765 2662 3822 exerceatur,
2695 3774 2818 3814 cum
2852 3760 2970 3814 dies
3001 3758 3218 3828 quidem
3251 3772 3546 3813 consuma-

1979 3858 2068 3905 tur
2098 3850 2155 3905 in
2189 3850 2512 3906 laboribus:
2543 3851 2656 3905 nox’
2683 3857 2864 3905 autem
2901 3865 3152 3904 somnum
3185 3849 3441 3904 amandet
3479 3849 3554 3903 ab

1979 3943 2176 3999 oculis.
2203 3941 2465 3996 Somnum
2491 3943 2656 3996 enim.
2680 3941 2957 4011 expellunt
2983 3940 3052 3996 de
3089 3941 3244 3995 lucro
3281 3940 3549 3995 sollicitu-

1979 4033 2158 4088 dines.
2183 4033 2285 4098 Qui
2314 4048 2445 4103 ergo
2469 4033 2535 4087 ad
2563 4032 2678 4087 haec
2706 4032 2928 4108 aspicit,
2956 4031 3412 4101 quemadmodum
3437 4047 3565 4087 nom

1979 4121 2308 4179 condemnat
2335 4124 2628 4179 vanitatem
2660 4109 2780 4192 ejus
2804 4122 3018 4177 studii?
3054 4121 3120 4176 Et
3149 4123 3269 4177 ideo
3299 4121 3451 4177 addit
3479 4123 3568 4176 iis.

291 4233 422 4291 quae
460 4219 614 4289 prius
668 4219 816 4276 dicta
865 4229 1014 4291 sunt,
1049 4223 1196 4295 quod
1219 4222 1325 4279 hoc
1353 4237 1576 4294 quoque
1603 4223 1675 4278 sit
1703 4221 1940 4277 vanitas.
1979 4219 2218 4276 Rursum
2255 4218 2416 4273 aliam
2452 4218 2628 4289 tangit
2657 4218 3044 4288 objectionem.
3094 4216 3209 4272 Hoc
3246 4227 3332 4272 est
3365 4224 3558 4272 autem.

294 4309 445 4381 quod
467 4310 759 4380 objicitur:

367 4399 432 4452 Εί
459 4399 522 4452 τὸ
560 4398 668 4464 ἔξω
693 4398 852 4470 ἡμῶν
893 4401 951 4454 ὲν
997 4403 1112 4466 τοῖς
1141 4401 1390 4473 ματαίοις
1417 4401 1690 4473 ἀριθμεῖς,
1721 4392 1767 4453 ὦ
1794 4399 1871 4452 δι-

2051 4396 2108 4451 Si
2143 4396 2289 4468 quod
2319 4404 2475 4451 extra
2508 4411 2608 4452 nos
2639 4406 2744 4462 est,
2774 4399 2830 4452 in
2857 4397 3012 4452 vanis
3040 4411 3319 4462 numeras,
3347 4412 3380 4451 ο
3409 4411 3550 4468 pra:-

291 4490 530 4545 δάσκαλε
557 4506 572 4520 ⁸
623 4492 759 4563 ὅπερ
795 4492 861 4546 ἂν
901 4493 982 4556 εἱς
1011 4493 1236 4556 ἑαυτοὺς
1263 4493 1643 4564 ἀναλάϐωμεν,
1676 4493 1776 4546 οὐκ
1807 4489 1874 4544 ἂν

293 4581 522 4644 είκότως
556 4580 910 4651 καταγνωσθῇ
939 4581 1015 4645 ὡς
1041 4582 1288 4652 μάταιον.
1334 4581 1494 4635 Ἀλλά
1526 4583 1634 4654 μὴν
1660 4583 1693 4649 ἡ
1732 4581 1876 4654 βρῶ-

292 4671 382 4733 σίς
406 4687 467 4722 τε
511 4670 606 4722 καὶ
649 4671 682 4740 ἡ
729 4671 884 4734 πόσις
930 4672 988 4723 ὲν
1034 4672 1164 4741 ⁴ἡμῖν
1195 4671 1376 4733 αὐτοῖς
1404 4670 1631 4739 γίνεται.
1664 4671 1740 4724 Ού
1765 4670 1876 4725 τῶν

293 4761 619 4832 ἀποϐλήτων
645 4761 753 4833 ἀρα
774 4763 836 4814 τὸ
863 4760 1103 4815 τοιοῦτόν
1133 4764 1301 4829 ἐστιν,
1333 4759 1468 4816 ἀλλὰ
1499 4763 1646 4816 θείαν
1675 4779 1760 4827 τις
1785 4762 1878 4815 εύ-

294 4853 548 4926 εργεσίαν
598 4853 699 4923 τὴν
745 4853 1000 4925 τοιαύτην
1046 4855 1203 4925 χάριν
1249 4857 1511 4926 ὁρίσαιτο.
1575 4854 1722 4926 After;
1775 4856 1874 4926 τῆς

292 4945 620 5006 ἀντιθέσεως
646 4947 679 5016 ή
709 4945 915 5000 διάνοια
935 4963 950 4977 ο
986 4948 1055 4999 τὰ
1085 4947 1143 5001 δὲ
1179 4949 1398 5018 ῥήματα
1430 4948 1616 5001 τοῦτον
1645 4948 1758 5018 ἔχει
1783 4947 1875 5000 τὸν

292 5035 514 5104 τρόπον·
561 5052 581 5085 ι
613 5033 725 5087 Ούκ
749 5033 897 5088 ἐστιν
914 5034 1136 5102 ἀγαθὸν,
1165 5053 1182 5085 ι
1213 5037 1397 5105 φησὶν,
1431 5054 1450 5087 ι
1489 5037 1547 5088 ἐν
1579 5033 1870 5105 ἀνθρώπῳ,

292 5126 328 5196 ἢ
359 5125 389 5178 ὃ
416 5125 650 5194 φάγεται
691 5125 786 5177 καὶ
833 5125 1048 5190 πίεται,
1092 5125 1186 5181 καὶ
1230 5125 1392 5190 δείξει
1423 5129 1489 5198 τῇ
1521 5125 1673 5197 ψυχῇ
1707 5125 1872 5182 αὐτοῦ

292 5215 501 5284 ἀγαθὸν
526 5217 585 5269 ὲν
609 5215 1010 5286 μόχθῳαύτοῦ.
1034 5215 1141 5269 Καί
1168 5233 1230 5285 γε
1259 5216 1417 5273 τοῦτο
1450 5213 1590 5270 είδον
1623 5217 1756 5286 ἐγὼ,
1791 5217 1874 5270 ῗτι

294 5306 406 5362 ἀπὸ
438 5307 619 5377 χειρὸς
665 5305 758 5360 τοῦ
808 5303 951 5359 Θεοῦ.
993 5309 1171 5370 ἐστιν,
1214 5307 1295 5359 ὅτι
1343 5324 1428 5370 τις
1471 5307 1654 5360 πίεται
1700 5305 1875 5378 πάρεξ

294 5395 482 5449 αὐτοῦ.
516 5415 535 5448 ι
579 5395 762 5450 Ταῦτα
786 5396 815 5449 6
839 5396 941 5466 τῆς
970 5395 1302 5466 λαιμαργίας
1325 5397 1622 5468 συνήγορος
1641 5397 1875 5452 ἀνθυπο-

295 5486 454 5559 φέρει
489 5485 568 5558 τῷ
605 5487 911 5559 διδασκάλῳ
944 5504 959 5519 ο
1010 5489 1093 5541 ὅτι
1136 5487 1194 5540 δὲ
1233 5486 1371 5558 πρὸς
1395 5487 1570 5542 ταῦτα
1599 5488 1627 5541 6
1655 5490 1753 5559 τῆς
1783 5504 1876 5541 σο-

295 5578 427 5646 φίας
451 5577 738 5649 ύφηγητὴς
770 5575 848 5647 τῷ
885 5575 1155 5649 ἀνθρώπῳ
1187 5577 1321 5650 φησὶ
1353 5576 1431 5647 τῷ
1468 5574 1657 5646 ἀγαθῷ
1687 5592 1702 5608 ·
1748 5579 1781 5647 ἡ
1819 5577 1876 5631 δὲ

294 5668 392 5724 τοῦ
419 5669 627 5740 ἀγαθοῦ
658 5669 943 5740 προσθήκη
983 5669 1198 5733 πάντως
1224 5668 1320 5724 καὶ
1345 5669 1444 5738 τὴν
1475 5667 1758 5740 διαστολὴν
1791 5669 1876 5722 ὲν-

1975 4498 2198 4558 ceptor:
2235 4486 2378 4556 quod
2418 4488 2470 4540 in
2505 4487 2790 4556 nosipsos
2837 4487 3232 4556 acceperimus,
3279 4501 3387 4540 non
3425 4485 3550 4555 jure

1976 4576 2329 4631 damnabitur
2357 4585 2416 4630 ut
2453 4591 2678 4631 vanum.
2713 4578 2876 4646 Atqui
2910 4578 2964 4631 in
2997 4576 3156 4631 nobis
3181 4583 3268 4631 est
3295 4575 3453 4630 cibus
3491 4582 3549 4630 et

1975 4677 2159 4740 potus.
2187 4667 2305 4722 Non
2342 4675 2429 4723 est
2465 4682 2596 4738 ergo
2622 4668 2725 4722 hoc
2750 4668 3134 4737 rejiciendum,
3163 4667 3258 4722 sed
3293 4667 3540 4721 divinum

1975 4762 2080 4816 hoc
2109 4777 2235 4816 esse
2260 4760 2579 4816 beneficium
2606 4769 2690 4816 est
2718 4759 3090 4817 statuendum.
3123 4758 3220 4814 Hic
3242 4766 3327 4814 est
3347 4775 3546 4815 sensus

1974 4850 2321 4920 objectionis.
2357 4847 2534 4904 Verba
2569 4858 2748 4903 autem
2784 4849 2885 4902 hoc
2920 4846 3080 4902 modo
3117 4847 3349 4902 habent:
3380 4863 3398 4896 ι
3419 4843 3544 4898 Non

1975 4948 2062 4994 est
2089 4939 2347 5002 bonum,»
2383 4938 2581 5007 inquit,
2621 4939 2716 4992 (in
2739 4938 2978 5000 homine,
3012 4936 3117 4991 nisi
3141 4937 3287 5006 quod
3317 4935 3466 4990 bibet
3491 4944 3548 4989 et

1975 5029 2246 5093 comedet,
2275 5039 2331 5085 et
2360 5030 2614 5086 ostendet
2644 5031 2841 5084 anima:
2887 5044 3002 5083 suae
3031 5029 3230 5082 bonum
3268 5028 3324 5080 in
3361 5027 3548 5081 labore

1976 5137 2100 5177 suo.
2141 5121 2207 5176 Et
2234 5121 2338 5178 hoc
2365 5130 2515 5178 certe
2540 5122 2650 5179 vidi
2683 5138 2806 5193 ego,
2842 5121 2988 5193 quod
3023 5122 3095 5176 sit
3135 5135 3166 5174 a
3209 5134 3375 5173 manu
3425 5117 3550 5186 Dei,

1975 5211 2122 5282 quod
2147 5213 2419 5283 quispiam
2463 5212 2700 5268 comedit
2742 5222 2795 5266 et
2834 5211 2969 5266 bibit
3005 5211 3125 5266 sine
3171 5209 3344 5280 ipso.»
3379 5208 3547 5275 Quis-

1976 5306 2121 5376 piam
2158 5314 2340 5360 autem
2373 5312 2636 5375 patronus
2669 5305 2806 5375 gulae
2840 5305 2954 5358 haec
2986 5303 3175 5373 objicit
3201 5303 3542 5373 praeceptori.

1977 5397 2058 5452 Ad
2087 5397 2200 5452 haec
2225 5405 2403 5450 autem
2428 5397 2561 5451 dicit
2591 5396 2786 5450 doctor
2818 5395 3118 5464 sapientiai,
3147 5393 3355 5447 homini
3379 5395 3543 5447 bono.

1977 5489 2109 5544 Boni
2143 5498 2323 5543 autem
2360 5489 2593 5558 adjectio
2625 5487 2794 5541 efﬁcit
2836 5488 3066 5541 omnino
3111 5486 3544 5547 distinctionem,

1977 5587 2038 5634 ut
2068 5579 2139 5634 sit
2179 5579 2550 5644 manifestum,
2593 5578 2742 5649 quod
2774 5579 3002 5632 bonitati
3043 5579 3369 5648 intelligitur
3418 5593 3556 5631 esse-

1979 5673 2334 5728 contrarium.
2365 5669 2579 5725 llmuini
2608 5686 2755 5742 ergo,
2789 5685 2895 5725 non
2919 5669 3135 5741 pecudi,
3170 5684 3344 5739 neque
3374 5667 3421 5722 ei
3451 5669 3559 5737 qui.
