  <div class='ocr_page' id='page_1' title='image "/cluster/home/n/w/nwhite01/storage/ocr_20150623/44/nnc1.0037127462/359.png"; bbox 0 0 3846 6220; ppageno 0'>
   <div class='ocr_carea' id='block_1_1' title="bbox 1682 272 2434 347">
    <p class='ocr_par' dir='ltr' id='par_1_1' title="bbox 1682 272 2434 347">
     <span class='ocr_line' id='line_1_1' title="bbox 1682 272 2434 347; baseline 0.031 -22"><span class='ocrx_word' id='word_1_1' title='bbox 1682 272 1739 327; x_wconf 86' lang='lat' dir='ltr'><strong>S.</strong></span> <span class='ocrx_word' id='word_1_2' title='bbox 1779 273 2106 335; x_wconf 73' lang='lat' dir='ltr'><strong>GREGORII</strong></span> <span class='ocrx_word' id='word_1_3' title='bbox 2143 282 2434 347; x_wconf 80' lang='lat' dir='ltr'><strong>NYSSENI</strong></span> 
     </span>
    </p>
   </div>
   <div class='ocr_carea' id='block_1_2' title="bbox 3559 313 3672 371">
    <p class='ocr_par' dir='ltr' id='par_1_2' title="bbox 3559 313 3672 371">
     <span class='ocr_line' id='line_1_2' title="bbox 3559 313 3672 371; baseline 0.018 -1"><span class='ocrx_word' id='word_1_4' title='bbox 3559 313 3672 371; x_wconf 69' lang='grc' dir='ltr'><strong>σω</strong></span> 
     </span>
    </p>
   </div>
   <div class='ocr_carea' id='block_1_3' title="bbox 419 363 1945 492">
    <p class='ocr_par' dir='ltr' id='par_1_3' title="bbox 419 363 1945 492">
     <span class='ocr_line' id='line_1_3' title="bbox 419 363 1945 456; baseline 0.017 -44"><span class='ocrx_word' id='word_1_5' title='bbox 419 372 626 432; x_wconf 90' lang='lat' dir='ltr'><strong>pronus</strong></span> <span class='ocrx_word' id='word_1_6' title='bbox 655 372 740 420; x_wconf 88' lang='lat' dir='ltr'><strong>est</strong></span> <span class='ocrx_word' id='word_1_7' title='bbox 786 363 844 420; x_wconf 88' lang='lat' dir='ltr'><strong>in</strong></span> <span class='ocrx_word' id='word_1_8' title='bbox 878 378 1146 437; x_wconf 84' lang='lat' dir='ltr'><strong>ventrem,</strong></span> <span class='ocrx_word' id='word_1_9' title='bbox 1187 377 1283 445; x_wconf 88' lang='lat' dir='ltr'><strong>qui</strong></span> <span class='ocrx_word' id='word_1_10' title='bbox 1328 387 1519 450; x_wconf 76' lang='lat' dir='ltr'><strong>guttur</strong></span> <span class='ocrx_word' id='word_1_11' title='bbox 1556 382 1719 440; x_wconf 84' lang='lat' dir='ltr'><strong>habet</strong></span> <span class='ocrx_word' id='word_1_12' title='bbox 1752 401 1852 456; x_wconf 92' lang='lat' dir='ltr'><strong>pro</strong></span> <span class='ocrx_word' id='word_1_13' title='bbox 1898 405 1945 443; x_wconf 77' lang='lat' dir='ltr'><strong>ra</strong></span> 
     </span>
     <span class='ocr_line' id='line_1_4' title="bbox 419 449 1831 492; baseline 0 0"><span class='ocrx_word' id='word_1_14' title='bbox 419 449 565 492; x_wconf 73' lang='lat' dir='ltr'><strong>linnn</strong></span> <span class='ocrx_word' id='word_1_15' title='bbox 590 471 601 482; x_wconf 89' lang='lat'><strong>-</strong></span> <span class='ocrx_word' id='word_1_16' title='bbox 635 455 726 492; x_wconf 70' lang='lat' dir='ltr'><strong>and</strong></span> <span class='ocrx_word' id='word_1_17' title='bbox 753 456 894 492; x_wconf 75' lang='lat' dir='ltr'><strong>lmnn</strong></span> <span class='ocrx_word' id='word_1_18' title='bbox 939 463 1032 492; x_wconf 75' lang='lat' dir='ltr'><strong>nn:</strong></span> <span class='ocrx_word' id='word_1_19' title='bbox 1063 463 1188 492; x_wconf 65' lang='grc' dir='ltr'><strong>..ξ-,ει</strong></span> <span class='ocrx_word' id='word_1_20' title='bbox 1223 467 1288 492; x_wconf 66' lang='grc' dir='ltr'>...ι</span> <span class='ocrx_word' id='word_1_21' title='bbox 1319 469 1442 492; x_wconf 69' lang='lat' dir='ltr'><strong>L---:</strong></span> <span class='ocrx_word' id='word_1_22' title='bbox 1481 474 1591 492; x_wconf 50' lang='grc' dir='ltr'><strong>--ιι</strong></span> <span class='ocrx_word' id='word_1_23' title='bbox 1673 476 1685 488; x_wconf 78' lang='grc' dir='ltr'><strong>ο</strong></span> <span class='ocrx_word' id='word_1_24' title='bbox 1819 479 1831 490; x_wconf 89' lang='grc'><strong>.</strong></span> 
     </span>
    </p>
   </div>
   <div class='ocr_carea' id='block_1_4' title="bbox 2051 363 3666 492">
    <p class='ocr_par' dir='ltr' id='par_1_4' title="bbox 2051 395 3666 492">
     <span class='ocr_line' id='line_1_5' title="bbox 2051 395 3666 492; baseline 0.02 -45"><span class='ocrx_word' id='word_1_25' title='bbox 2051 395 2343 469; x_wconf 52' lang='grc' dir='ltr'>,εδείξατᾳ</span> <span class='ocrx_word' id='word_1_26' title='bbox 2375 404 2514 460; x_wconf 83' lang='grc' dir='ltr'>ὥστε</span> <span class='ocrx_word' id='word_1_27' title='bbox 2557 408 2714 480; x_wconf 83' lang='grc' dir='ltr'>δῆλον</span> <span class='ocrx_word' id='word_1_28' title='bbox 2756 409 2895 469; x_wconf 76' lang='grc' dir='ltr'>εἶναι</span> <span class='ocrx_word' id='word_1_29' title='bbox 2925 418 2987 471; x_wconf 78' lang='grc' dir='ltr'>τὸ</span> <span class='ocrx_word' id='word_1_30' title='bbox 3021 423 3088 490; x_wconf 78' lang='grc' dir='ltr'><strong>τῇ</strong></span> <span class='ocrx_word' id='word_1_31' title='bbox 3137 422 3434 492; x_wconf 80' lang='grc' dir='ltr'>ἀγαθότητι</span> <span class='ocrx_word' id='word_1_32' title='bbox 3457 423 3536 476; x_wconf 79' lang='grc' dir='ltr'>ὲκ</span> <span class='ocrx_word' id='word_1_33' title='bbox 3569 429 3666 480; x_wconf 72' lang='grc' dir='ltr'><strong>τοῦ</strong></span> 
     </span>
    </p>
   </div>
   <div class='ocr_carea' id='block_1_5' title="bbox 416 449 1980 550">
    <p class='ocr_par' dir='ltr' id='par_1_5' title="bbox 416 449 1980 550">
     <span class='ocr_line' id='line_1_6' title="bbox 416 449 1980 550; baseline 0.019 -44"><span class='ocrx_word' id='word_1_34' title='bbox 416 449 565 506; x_wconf 91' lang='lat' dir='ltr'><strong>tione</strong></span> <span class='ocrx_word' id='word_1_35' title='bbox 589 471 603 520; x_wconf 91' lang='lat'><strong>;</strong></span> <span class='ocrx_word' id='word_1_36' title='bbox 633 455 727 510; x_wconf 88' lang='lat' dir='ltr'><strong>sed</strong></span> <span class='ocrx_word' id='word_1_37' title='bbox 752 456 915 524; x_wconf 92' lang='lat' dir='ltr'><strong>bono,</strong></span> <span class='ocrx_word' id='word_1_38' title='bbox 939 463 1034 532; x_wconf 88' lang='lat' dir='ltr'><strong>qui</strong></span> <span class='ocrx_word' id='word_1_39' title='bbox 1063 463 1196 518; x_wconf 89' lang='lat' dir='ltr'><strong>vivit</strong></span> <span class='ocrx_word' id='word_1_40' title='bbox 1223 467 1290 522; x_wconf 92' lang='lat' dir='ltr'><strong>ad</strong></span> <span class='ocrx_word' id='word_1_41' title='bbox 1319 449 1445 525; x_wconf 82' lang='lat' dir='ltr'><strong>boni</strong></span> <span class='ocrx_word' id='word_1_42' title='bbox 1475 474 1648 532; x_wconf 84' lang='lat' dir='ltr'><strong>solius</strong></span> <span class='ocrx_word' id='word_1_43' title='bbox 1672 449 1980 550; x_wconf 73' lang='lat' dir='ltr'><strong>imaginem.</strong></span> 
     </span>
    </p>
   </div>
   <div class='ocr_carea' id='block_1_6' title="bbox 413 538 1982 638">
    <p class='ocr_par' dir='ltr' id='par_1_6' title="bbox 413 538 1982 638">
     <span class='ocr_line' id='line_1_7' title="bbox 413 538 1982 638; baseline 0.019 -41"><span class='ocrx_word' id='word_1_44' title='bbox 413 538 536 597; x_wconf 81' lang='lat' dir='ltr'><strong>Non</strong></span> <span class='ocrx_word' id='word_1_45' title='bbox 572 545 640 600; x_wconf 93' lang='lat' dir='ltr'><strong>de</strong></span> <span class='ocrx_word' id='word_1_46' title='bbox 681 547 748 601; x_wconf 89' lang='lat' dir='ltr'><strong>iis</strong></span> <span class='ocrx_word' id='word_1_47' title='bbox 781 547 924 606; x_wconf 88' lang='lat' dir='ltr'><strong>Deus</strong></span> <span class='ocrx_word' id='word_1_48' title='bbox 962 553 1134 625; x_wconf 74' lang='lat' dir='ltr'><strong>legem</strong></span> <span class='ocrx_word' id='word_1_49' title='bbox 1180 561 1362 614; x_wconf 80' lang='lat' dir='ltr'><strong>sanxit</strong></span> <span class='ocrx_word' id='word_1_50' title='bbox 1399 561 1633 630; x_wconf 83' lang='lat' dir='ltr'><strong>deliciis,</strong></span> <span class='ocrx_word' id='word_1_51' title='bbox 1664 538 1864 638; x_wconf 53' lang='lat' dir='ltr'><strong>quib&#39;us</strong></span> <span class='ocrx_word' id='word_1_52' title='bbox 1893 572 1982 626; x_wconf 83' lang='lat' dir='ltr'><strong>in-</strong></span> 
     </span>
    </p>
   </div>
   <div class='ocr_carea' id='block_1_7' title="bbox 414 630 1980 720">
    <p class='ocr_par' dir='ltr' id='par_1_7' title="bbox 414 630 1980 720">
     <span class='ocr_line' id='line_1_8' title="bbox 414 630 1980 720; baseline 0.02 -32"><span class='ocrx_word' id='word_1_53' title='bbox 414 630 532 688; x_wconf 84' lang='lat' dir='ltr'><strong>hiat</strong></span> <span class='ocrx_word' id='word_1_54' title='bbox 559 635 795 693; x_wconf 89' lang='lat' dir='ltr'><strong>belluina</strong></span> <span class='ocrx_word' id='word_1_55' title='bbox 825 651 1018 700; x_wconf 91' lang='lat' dir='ltr'><strong>natura</strong></span> <span class='ocrx_word' id='word_1_56' title='bbox 1043 664 1057 700; x_wconf 91' lang='lat'><strong>:</strong></span> <span class='ocrx_word' id='word_1_57' title='bbox 1089 649 1184 703; x_wconf 91' lang='lat' dir='ltr'><strong>sed</strong></span> <span class='ocrx_word' id='word_1_58' title='bbox 1223 665 1322 720; x_wconf 89' lang='lat' dir='ltr'><strong>pro</strong></span> <span class='ocrx_word' id='word_1_59' title='bbox 1347 653 1608 712; x_wconf 87' lang='lat' dir='ltr'><strong>alimento</strong></span> <span class='ocrx_word' id='word_1_60' title='bbox 1637 630 1785 715; x_wconf 76' lang='lat' dir='ltr'><strong>dedit</strong></span> <span class='ocrx_word' id='word_1_61' title='bbox 1809 662 1859 716; x_wconf 89' lang='lat' dir='ltr'><strong>ei</strong></span> <span class='ocrx_word' id='word_1_62' title='bbox 1891 679 1980 718; x_wconf 87' lang='lat' dir='ltr'><strong>sa-</strong></span> 
     </span>
    </p>
   </div>
   <div class='ocr_carea' id='block_1_8' title="bbox 411 721 1978 813">
    <p class='ocr_par' dir='ltr' id='par_1_8' title="bbox 411 721 1978 813">
     <span class='ocr_line' id='line_1_9' title="bbox 411 721 1978 813; baseline 0.024 -43"><span class='ocrx_word' id='word_1_63' title='bbox 411 721 674 789; x_wconf 87' lang='lat' dir='ltr'><strong>pienliam</strong></span> <span class='ocrx_word' id='word_1_64' title='bbox 705 736 760 781; x_wconf 93' lang='lat' dir='ltr'><strong>et</strong></span> <span class='ocrx_word' id='word_1_65' title='bbox 779 732 1144 801; x_wconf 77' lang='lat' dir='ltr'><strong>cognitionem</strong></span> <span class='ocrx_word' id='word_1_66' title='bbox 1167 745 1222 793; x_wconf 91' lang='lat' dir='ltr'><strong>et</strong></span> <span class='ocrx_word' id='word_1_67' title='bbox 1248 739 1510 798; x_wconf 69' lang='lat' dir='ltr'><strong>lmtitiam.</strong></span> <span class='ocrx_word' id='word_1_68' title='bbox 1535 745 1818 813; x_wconf 87' lang='lat' dir='ltr'><strong>Quomodo</strong></span> <span class='ocrx_word' id='word_1_69' title='bbox 1832 753 1978 808; x_wconf 90' lang='lat' dir='ltr'><strong>enim</strong></span> 
     </span>
    </p>
   </div>
   <div class='ocr_carea' id='block_1_9' title="bbox 409 815 1980 902">
    <p class='ocr_par' dir='ltr' id='par_1_9' title="bbox 409 815 1980 902">
     <span class='ocr_line' id='line_1_10' title="bbox 409 815 1980 902; baseline 0.022 -34"><span class='ocrx_word' id='word_1_70' title='bbox 409 815 636 870; x_wconf 81' lang='lat' dir='ltr'><strong>auxeris</strong></span> <span class='ocrx_word' id='word_1_71' title='bbox 656 818 955 879; x_wconf 85' lang='lat' dir='ltr'><strong>bonitatem</strong></span> <span class='ocrx_word' id='word_1_72' title='bbox 975 843 1071 898; x_wconf 87' lang='lat' dir='ltr'><strong>per</strong></span> <span class='ocrx_word' id='word_1_73' title='bbox 1090 845 1154 885; x_wconf 90' lang='lat' dir='ltr'><strong>ea</strong></span> <span class='ocrx_word' id='word_1_74' title='bbox 1179 849 1298 902; x_wconf 63' lang='lat' dir='ltr'><strong>qua:</strong></span> <span class='ocrx_word' id='word_1_75' title='bbox 1323 839 1498 892; x_wconf 81' lang='lat' dir='ltr'><strong>ventri</strong></span> <span class='ocrx_word' id='word_1_76' title='bbox 1519 853 1647 896; x_wconf 89' lang='lat' dir='ltr'><strong>sunt</strong></span> <span class='ocrx_word' id='word_1_77' title='bbox 1666 845 1980 902; x_wconf 77' lang='lat' dir='ltr'><strong>esculenta?</strong></span> 
     </span>
    </p>
   </div>
   <div class='ocr_carea' id='block_1_10' title="bbox 417 902 1975 995">
    <p class='ocr_par' dir='ltr' id='par_1_10' title="bbox 417 902 1975 995">
     <span class='ocr_line' id='line_1_11' title="bbox 417 902 1975 995; baseline 0.026 -40"><span class='ocrx_word' id='word_1_78' title='bbox 417 919 436 953; x_wconf 85' lang='grc' dir='ltr'><strong>ι</strong></span> <span class='ocrx_word' id='word_1_79' title='bbox 455 902 574 960; x_wconf 82' lang='lat' dir='ltr'><strong>Non</strong></span> <span class='ocrx_word' id='word_1_80' title='bbox 607 908 662 963; x_wconf 92' lang='lat' dir='ltr'><strong>in</strong></span> <span class='ocrx_word' id='word_1_81' title='bbox 704 913 821 969; x_wconf 90' lang='lat' dir='ltr'><strong>solo</strong></span> <span class='ocrx_word' id='word_1_82' title='bbox 851 931 990 986; x_wconf 90' lang='lat' dir='ltr'><strong>pane</strong></span> <span class='ocrx_word' id='word_1_83' title='bbox 1019 921 1163 978; x_wconf 81' lang='lat' dir='ltr'><strong>vivet</strong></span> <span class='ocrx_word' id='word_1_84' title='bbox 1192 924 1356 984; x_wconf 90' lang='lat' dir='ltr'><strong>homo</strong></span> <span class='ocrx_word' id='word_1_85' title='bbox 1376 929 1478 985; x_wconf 76' lang='grc'><strong>⁸⁸.»</strong></span> <span class='ocrx_word' id='word_1_86' title='bbox 1516 932 1628 988; x_wconf 83' lang='lat' dir='ltr'><strong>Hoc</strong></span> <span class='ocrx_word' id='word_1_87' title='bbox 1657 937 1771 992; x_wconf 91' lang='lat' dir='ltr'><strong>veri</strong></span> <span class='ocrx_word' id='word_1_88' title='bbox 1812 935 1975 995; x_wconf 81' lang='lat' dir='ltr'><strong>Verbi</strong></span> 
     </span>
    </p>
   </div>
   <div class='ocr_carea' id='block_1_11' title="bbox 405 1000 1973 1091">
    <p class='ocr_par' dir='ltr' id='par_1_11' title="bbox 405 1000 1973 1091">
     <span class='ocr_line' id='line_1_12' title="bbox 405 1000 1973 1091; baseline 0.026 -43"><span class='ocrx_word' id='word_1_89' title='bbox 405 1004 493 1050; x_wconf 85' lang='lat' dir='ltr'><strong>est</strong></span> <span class='ocrx_word' id='word_1_90' title='bbox 521 1000 769 1057; x_wconf 87' lang='lat' dir='ltr'><strong>verbum.</strong></span> <span class='ocrx_word' id='word_1_91' title='bbox 815 1005 960 1065; x_wconf 88' lang='lat' dir='ltr'><strong>Pane</strong></span> <span class='ocrx_word' id='word_1_92' title='bbox 988 1027 1099 1069; x_wconf 94' lang='lat' dir='ltr'><strong>non</strong></span> <span class='ocrx_word' id='word_1_93' title='bbox 1130 1017 1300 1072; x_wconf 85' lang='lat' dir='ltr'><strong>alitur</strong></span> <span class='ocrx_word' id='word_1_94' title='bbox 1326 1021 1526 1091; x_wconf 88' lang='lat' dir='ltr'><strong>virtus,</strong></span> <span class='ocrx_word' id='word_1_95' title='bbox 1558 1040 1667 1083; x_wconf 93' lang='lat' dir='ltr'><strong>non</strong></span> <span class='ocrx_word' id='word_1_96' title='bbox 1715 1031 1973 1088; x_wconf 88' lang='lat' dir='ltr'><strong>carnibus</strong></span> 
     </span>
    </p>
   </div>
   <div class='ocr_carea' id='block_1_12' title="bbox 407 1087 1966 1194">
    <p class='ocr_par' dir='ltr' id='par_1_12' title="bbox 407 1087 1966 1194">
     <span class='ocr_line' id='line_1_13' title="bbox 407 1087 1966 1194; baseline 0.029 -55"><span class='ocrx_word' id='word_1_97' title='bbox 407 1087 490 1143; x_wconf 87' lang='lat' dir='ltr'><strong>vis</strong></span> <span class='ocrx_word' id='word_1_98' title='bbox 543 1092 742 1150; x_wconf 70' lang='lat' dir='ltr'><strong>animae</strong></span> <span class='ocrx_word' id='word_1_99' title='bbox 797 1097 857 1152; x_wconf 83' lang='lat' dir='ltr'><strong>ﬁt</strong></span> <span class='ocrx_word' id='word_1_100' title='bbox 908 1100 1064 1159; x_wconf 66' lang='lat' dir='ltr'><strong>bona:</strong></span> <span class='ocrx_word' id='word_1_101' title='bbox 1117 1108 1474 1182; x_wconf 87' lang='lat' dir='ltr'><strong>habitudiuis,</strong></span> <span class='ocrx_word' id='word_1_102' title='bbox 1510 1087 1590 1174; x_wconf 23' lang='lat' dir='ltr'><strong>iet</strong></span> <span class='ocrx_word' id='word_1_103' title='bbox 1641 1123 1966 1194; x_wconf 70' lang='lat' dir='ltr'><strong>pinguescit.</strong></span> 
     </span>
    </p>
   </div>
   <div class='ocr_carea' id='block_1_13' title="bbox 401 1180 1972 1283">
    <p class='ocr_par' dir='ltr' id='par_1_13' title="bbox 401 1180 1972 1283">
     <span class='ocr_line' id='line_1_14' title="bbox 401 1180 1972 1283; baseline 0.027 -50"><span class='ocrx_word' id='word_1_104' title='bbox 401 1180 540 1237; x_wconf 78' lang='lat' dir='ltr'><strong>Aliis</strong></span> <span class='ocrx_word' id='word_1_105' title='bbox 572 1185 711 1243; x_wconf 86' lang='lat' dir='ltr'><strong>cibis</strong></span> <span class='ocrx_word' id='word_1_106' title='bbox 751 1191 1000 1252; x_wconf 80' lang='lat' dir='ltr'><strong>sublimis</strong></span> <span class='ocrx_word' id='word_1_107' title='bbox 1031 1198 1141 1254; x_wconf 86' lang='lat' dir='ltr'><strong>vita</strong></span> <span class='ocrx_word' id='word_1_108' title='bbox 1171 1203 1356 1270; x_wconf 88' lang='lat' dir='ltr'><strong>alitur,</strong></span> <span class='ocrx_word' id='word_1_109' title='bbox 1408 1180 1676 1283; x_wconf 73' lang='lat' dir='ltr'><strong>plenaque</strong></span> 
     </span>
    </p>
   </div>
   <div class='ocr_carea' id='block_1_14' title="bbox 401 1280 1969 1379">
    <p class='ocr_par' dir='ltr' id='par_1_14' title="bbox 401 1280 1969 1379">
     <span class='ocr_line' id='line_1_15' title="bbox 401 1280 1969 1379; baseline 0.027 -53"><span class='ocrx_word' id='word_1_110' title='bbox 401 1283 455 1328; x_wconf 89' lang='lat' dir='ltr'><strong>ct</strong></span> <span class='ocrx_word' id='word_1_111' title='bbox 492 1280 835 1337; x_wconf 78' lang='lat' dir='ltr'><strong>succulenta.</strong></span> <span class='ocrx_word' id='word_1_112' title='bbox 863 1283 996 1341; x_wconf 81' lang='lat' dir='ltr'><strong>Boni</strong></span> <span class='ocrx_word' id='word_1_113' title='bbox 1026 1291 1170 1346; x_wconf 91' lang='lat' dir='ltr'><strong>enim</strong></span> <span class='ocrx_word' id='word_1_114' title='bbox 1197 1295 1516 1356; x_wconf 84' lang='lat' dir='ltr'><strong>alimentum</strong></span> <span class='ocrx_word' id='word_1_115' title='bbox 1543 1280 1630 1361; x_wconf 75' lang='lat' dir='ltr'><strong>est</strong></span> <span class='ocrx_word' id='word_1_116' title='bbox 1659 1314 1969 1379; x_wconf 86' lang='lat' dir='ltr'><strong>temperan-</strong></span> 
     </span>
    </p>
   </div>
   <div class='ocr_carea' id='block_1_15' title="bbox 399 1366 1965 1469">
    <p class='ocr_par' dir='ltr' id='par_1_15' title="bbox 399 1366 1965 1469">
     <span class='ocr_line' id='line_1_16' title="bbox 399 1366 1965 1469; baseline 0.027 -51"><span class='ocrx_word' id='word_1_117' title='bbox 399 1366 498 1425; x_wconf 87' lang='lat' dir='ltr'><strong>tia.</strong></span> <span class='ocrx_word' id='word_1_118' title='bbox 528 1372 687 1437; x_wconf 84' lang='lat' dir='ltr'><strong>panis</strong></span> <span class='ocrx_word' id='word_1_119' title='bbox 723 1375 1013 1444; x_wconf 81' lang='lat' dir='ltr'><strong>sapientia,</strong></span> <span class='ocrx_word' id='word_1_120' title='bbox 1062 1388 1351 1453; x_wconf 82' lang='lat' dir='ltr'><strong>opsonium</strong></span> <span class='ocrx_word' id='word_1_121' title='bbox 1394 1391 1632 1464; x_wconf 81' lang='lat' dir='ltr'><strong>justitia,</strong></span> <span class='ocrx_word' id='word_1_122' title='bbox 1668 1366 1830 1469; x_wconf 72' lang='lat' dir='ltr'><strong>potus</strong></span> <span class='ocrx_word' id='word_1_123' title='bbox 1861 1403 1965 1458; x_wconf 86' lang='lat' dir='ltr'><strong>im-</strong></span> 
     </span>
    </p>
   </div>
   <div class='ocr_carea' id='block_1_16' title="bbox 388 1725 1959 1840">
    <p class='ocr_par' dir='ltr' id='par_1_16' title="bbox 388 1725 1959 1840">
     <span class='ocr_line' id='line_1_17' title="bbox 388 1725 1959 1840; baseline 0.031 -58"><span class='ocrx_word' id='word_1_124' title='bbox 388 1745 514 1840; x_wconf 49' lang='grc' dir='ltr'>ηυδε</span> <span class='ocrx_word' id='word_1_125' title='bbox 549 1734 755 1794; x_wconf 80' lang='lat' dir='ltr'><strong>dicitur</strong></span> <span class='ocrx_word' id='word_1_126' title='bbox 802 1743 1138 1822; x_wconf 74' lang='grc' dir='ltr'>εὐφροσύνης</span> <span class='ocrx_word' id='word_1_127' title='bbox 1171 1769 1452 1827; x_wconf 89' lang='lat' dir='ltr'><strong>propterea</strong></span> <span class='ocrx_word' id='word_1_128' title='bbox 1485 1725 1959 1840; x_wconf 48' lang='lat' dir='ltr'><strong>enim—appellavit</strong></span> 
     </span>
    </p>
   </div>
   <div class='ocr_carea' id='block_1_17' title="bbox 391 1821 1960 1924">
    <p class='ocr_par' dir='ltr' id='par_1_17' title="bbox 391 1821 1960 1924">
     <span class='ocr_line' id='line_1_18' title="bbox 391 1821 1960 1924; baseline 0.032 -49"><span class='ocrx_word' id='word_1_129' title='bbox 391 1821 497 1878; x_wconf 82' lang='lat' dir='ltr'><strong>hoc</strong></span> <span class='ocrx_word' id='word_1_130' title='bbox 530 1830 752 1887; x_wconf 89' lang='lat' dir='ltr'><strong>nomine</strong></span> <span class='ocrx_word' id='word_1_131' title='bbox 801 1849 943 1902; x_wconf 90' lang='lat' dir='ltr'><strong>eam,</strong></span> <span class='ocrx_word' id='word_1_132' title='bbox 994 1857 1118 1911; x_wconf 65' lang='lat' dir='ltr'><strong>quae</strong></span> <span class='ocrx_word' id='word_1_133' title='bbox 1145 1855 1230 1901; x_wconf 86' lang='lat' dir='ltr'><strong>cst</strong></span> <span class='ocrx_word' id='word_1_134' title='bbox 1278 1849 1333 1905; x_wconf 93' lang='lat' dir='ltr'><strong>in</strong></span> <span class='ocrx_word' id='word_1_135' title='bbox 1362 1853 1543 1911; x_wconf 85' lang='lat' dir='ltr'><strong>anima</strong></span> <span class='ocrx_word' id='word_1_136' title='bbox 1571 1859 1642 1913; x_wconf 88' lang='lat' dir='ltr'><strong>ad</strong></span> <span class='ocrx_word' id='word_1_137' title='bbox 1672 1861 1875 1922; x_wconf 90' lang='lat' dir='ltr'><strong>bonum</strong></span> <span class='ocrx_word' id='word_1_138' title='bbox 1905 1876 1960 1924; x_wconf 89' lang='lat' dir='ltr'><strong>et</strong></span> 
     </span>
    </p>
   </div>
   <div class='ocr_carea' id='block_1_18' title="bbox 389 1913 1958 2030">
    <p class='ocr_par' dir='ltr' id='par_1_18' title="bbox 389 1913 1958 2030">
     <span class='ocr_line' id='line_1_19' title="bbox 389 1913 1958 2030; baseline 0.033 -62"><span class='ocrx_word' id='word_1_139' title='bbox 389 1913 679 1976; x_wconf 82' lang='lat' dir='ltr'><strong>honestum</strong></span> <span class='ocrx_word' id='word_1_140' title='bbox 706 1924 1068 1999; x_wconf 83' lang='lat' dir='ltr'><strong>aﬂ‘ectionem,</strong></span> <span class='ocrx_word' id='word_1_141' title='bbox 1102 1942 1362 2008; x_wconf 85' lang='lat' dir='ltr'><strong>quoniam</strong></span> <span class='ocrx_word' id='word_1_142' title='bbox 1389 1962 1456 2003; x_wconf 79' lang='lat' dir='ltr'><strong>ex</strong></span> <span class='ocrx_word' id='word_1_143' title='bbox 1484 1913 1958 2030; x_wconf 44' lang='grc' dir='ltr'>εὐφρονείνῗᾳυόιί</span> 
     </span>
    </p>
   </div>
   <div class='ocr_carea' id='block_1_19' title="bbox 387 2021 1958 2122">
    <p class='ocr_par' dir='ltr' id='par_1_19' title="bbox 387 2021 1958 2122">
     <span class='ocr_line' id='line_1_20' title="bbox 387 2021 1958 2122; baseline 0.03 -59"><span class='ocrx_word' id='word_1_144' title='bbox 387 2022 473 2066; x_wconf 87' lang='lat' dir='ltr'><strong>est</strong></span> <span class='ocrx_word' id='word_1_145' title='bbox 505 2021 653 2071; x_wconf 84' lang='lat' dir='ltr'><strong>recte</strong></span> <span class='ocrx_word' id='word_1_146' title='bbox 696 2033 909 2090; x_wconf 85' lang='lat' dir='ltr'><strong>sapere,</strong></span> <span class='ocrx_word' id='word_1_147' title='bbox 956 2025 1017 2082; x_wconf 80' lang='lat' dir='ltr'><strong>ﬁt</strong></span> <span class='ocrx_word' id='word_1_148' title='bbox 1047 2029 1316 2099; x_wconf 82' lang='lat' dir='ltr'><strong>ejusmodi</strong></span> <span class='ocrx_word' id='word_1_149' title='bbox 1357 2021 1700 2104; x_wconf 78' lang='lat' dir='ltr'><strong>constitutio.</strong></span> <span class='ocrx_word' id='word_1_150' title='bbox 1732 2021 1958 2122; x_wconf 78' lang='lat' dir='ltr'><strong>Oportet</strong></span> 
     </span>
    </p>
   </div>
   <div class='ocr_carea' id='block_1_20' title="bbox 385 2104 1956 2203">
    <p class='ocr_par' dir='ltr' id='par_1_20' title="bbox 385 2104 1956 2203">
     <span class='ocr_line' id='line_1_21' title="bbox 385 2104 1956 2203; baseline 0.032 -51"><span class='ocrx_word' id='word_1_151' title='bbox 385 2115 516 2203; x_wconf 69' lang='lat' dir='ltr'><strong>ergo</strong></span> <span class='ocrx_word' id='word_1_152' title='bbox 537 2104 627 2162; x_wconf 85' lang='lat' dir='ltr'><strong>hic</strong></span> <span class='ocrx_word' id='word_1_153' title='bbox 652 2125 872 2184; x_wconf 89' lang='lat' dir='ltr'><strong>quoque</strong></span> <span class='ocrx_word' id='word_1_154' title='bbox 895 2117 1110 2178; x_wconf 89' lang='lat' dir='ltr'><strong>discere</strong></span> <span class='ocrx_word' id='word_1_155' title='bbox 1135 2139 1199 2180; x_wconf 87' lang='lat' dir='ltr'><strong>ea</strong></span> <span class='ocrx_word' id='word_1_156' title='bbox 1233 2143 1354 2198; x_wconf 64' lang='lat' dir='ltr'><strong>qua:</strong></span> <span class='ocrx_word' id='word_1_157' title='bbox 1380 2133 1545 2190; x_wconf 85' lang='lat' dir='ltr'><strong>etiam</strong></span> <span class='ocrx_word' id='word_1_158' title='bbox 1577 2104 1868 2200; x_wconf 63' lang='lat' dir='ltr'><strong>didicimus</strong></span> 
     </span>
    </p>
   </div>
   <div class='ocr_carea' id='block_1_21' title="bbox 383 2193 1952 2305">
    <p class='ocr_par' dir='ltr' id='par_1_21' title="bbox 383 2193 1952 2305">
     <span class='ocr_line' id='line_1_22' title="bbox 383 2193 1952 2305; baseline 0.031 -58"><span class='ocrx_word' id='word_1_159' title='bbox 383 2193 758 2305; x_wconf 35' lang='lat' dir='ltr'><strong>Apostolot&quot;,</strong></span> <span class='ocrx_word' id='word_1_160' title='bbox 775 2208 916 2304; x_wconf 75' lang='lat' dir='ltr'><strong>quod</strong></span> <span class='ocrx_word' id='word_1_161' title='bbox 933 2193 1268 2305; x_wconf 35' lang='lat' dir='ltr'><strong>Dei-regnum</strong></span> <span class='ocrx_word' id='word_1_162' title='bbox 1289 2237 1398 2277; x_wconf 93' lang='lat' dir='ltr'><strong>non</strong></span> <span class='ocrx_word' id='word_1_163' title='bbox 1418 2236 1503 2282; x_wconf 78' lang='lat' dir='ltr'><strong>est</strong></span> <span class='ocrx_word' id='word_1_164' title='bbox 1525 2193 1681 2288; x_wconf 84' lang='lat' dir='ltr'><strong>cibus</strong></span> <span class='ocrx_word' id='word_1_165' title='bbox 1699 2193 1952 2305; x_wconf 28' lang='lat' dir='ltr'><strong>cit—potu:</strong></span> 
     </span>
    </p>
   </div>
   <div class='ocr_carea' id='block_1_22' title="bbox 382 2283 1953 2383">
    <p class='ocr_par' dir='ltr' id='par_1_22' title="bbox 382 2283 1953 2383">
     <span class='ocr_line' id='line_1_23' title="bbox 382 2283 1953 2383; baseline 0.031 -48"><span class='ocrx_word' id='word_1_166' title='bbox 382 2283 478 2336; x_wconf 86' lang='lat' dir='ltr'><strong>sed</strong></span> <span class='ocrx_word' id='word_1_167' title='bbox 502 2283 720 2353; x_wconf 83' lang='lat' dir='ltr'><strong>justitia</strong></span> <span class='ocrx_word' id='word_1_168' title='bbox 747 2301 800 2346; x_wconf 89' lang='lat' dir='ltr'><strong>et</strong></span> <span class='ocrx_word' id='word_1_169' title='bbox 830 2283 1205 2366; x_wconf 88' lang='lat' dir='ltr'><strong>impatibilitas</strong></span> <span class='ocrx_word' id='word_1_170' title='bbox 1225 2313 1279 2360; x_wconf 92' lang='lat' dir='ltr'><strong>et</strong></span> <span class='ocrx_word' id='word_1_171' title='bbox 1302 2283 1603 2369; x_wconf 57' lang='lat' dir='ltr'><strong>beatitudo:</strong></span> <span class='ocrx_word' id='word_1_172' title='bbox 1621 2283 1753 2383; x_wconf 50' lang='lat' dir='ltr'><strong>an;</strong></span> <span class='ocrx_word' id='word_1_173' title='bbox 1769 2283 1953 2383; x_wconf 60' lang='lat' dir='ltr'><strong>auten;</strong></span> 
     </span>
    </p>
   </div>
   <div class='ocr_carea' id='block_1_23' title="bbox 383 2381 1954 2472">
    <p class='ocr_par' dir='ltr' id='par_1_23' title="bbox 383 2381 1954 2472">
     <span class='ocr_line' id='line_1_24' title="bbox 383 2381 1954 2472; baseline 0.031 -48"><span class='ocrx_word' id='word_1_174' title='bbox 383 2386 607 2444; x_wconf 85' lang='lat' dir='ltr'><strong>propter</strong></span> <span class='ocrx_word' id='word_1_175' title='bbox 633 2381 966 2453; x_wconf 84' lang='lat' dir='ltr'><strong>voluptatem</strong></span> <span class='ocrx_word' id='word_1_176' title='bbox 995 2395 1247 2462; x_wconf 88' lang='lat' dir='ltr'><strong>corporis</strong></span> <span class='ocrx_word' id='word_1_177' title='bbox 1274 2398 1576 2459; x_wconf 85' lang='lat' dir='ltr'><strong>vehementi</strong></span> <span class='ocrx_word' id='word_1_178' title='bbox 1615 2381 1796 2469; x_wconf 76' lang='lat' dir='ltr'><strong>studio</strong></span> <span class='ocrx_word' id='word_1_179' title='bbox 1817 2381 1954 2472; x_wconf 72' lang='lat' dir='ltr'><strong>ﬁunt</strong></span> 
     </span>
    </p>
   </div>
   <div class='ocr_carea' id='block_1_24' title="bbox 380 2463 1951 2568">
    <p class='ocr_par' dir='ltr' id='par_1_24' title="bbox 380 2463 1951 2568">
     <span class='ocr_line' id='line_1_25' title="bbox 380 2463 1951 2568; baseline 0.031 -51"><span class='ocrx_word' id='word_1_180' title='bbox 380 2463 450 2518; x_wconf 84' lang='lat' dir='ltr'><strong>ab</strong></span> <span class='ocrx_word' id='word_1_181' title='bbox 465 2466 798 2539; x_wconf 85' lang='lat' dir='ltr'><strong>hominibus,</strong></span> <span class='ocrx_word' id='word_1_182' title='bbox 817 2492 881 2532; x_wconf 85' lang='lat' dir='ltr'><strong>ea</strong></span> <span class='ocrx_word' id='word_1_183' title='bbox 899 2491 1028 2535; x_wconf 90' lang='lat' dir='ltr'><strong>sunt</strong></span> <span class='ocrx_word' id='word_1_184' title='bbox 1044 2486 1282 2541; x_wconf 90' lang='lat' dir='ltr'><strong>studium</strong></span> <span class='ocrx_word' id='word_1_185' title='bbox 1303 2504 1673 2568; x_wconf 76' lang='lat' dir='ltr'><strong>peccatorum,</strong></span> <span class='ocrx_word' id='word_1_186' title='bbox 1687 2512 1741 2558; x_wconf 84' lang='lat' dir='ltr'><strong>et</strong></span> <span class='ocrx_word' id='word_1_187' title='bbox 1756 2508 1951 2566; x_wconf 66' lang='lat' dir='ltr'><strong>animm</strong></span> 
     </span>
    </p>
   </div>
   <div class='ocr_carea' id='block_1_25' title="bbox 379 2551 1945 2661">
    <p class='ocr_par' dir='ltr' id='par_1_25' title="bbox 379 2551 1945 2661">
     <span class='ocr_line' id='line_1_26' title="bbox 379 2551 1945 2661; baseline 0.029 -57"><span class='ocrx_word' id='word_1_188' title='bbox 379 2551 686 2624; x_wconf 84' lang='lat' dir='ltr'><strong>distractio,</strong></span> <span class='ocrx_word' id='word_1_189' title='bbox 711 2579 833 2632; x_wconf 68' lang='lat' dir='ltr'><strong>quae</strong></span> <span class='ocrx_word' id='word_1_190' title='bbox 854 2565 923 2621; x_wconf 91' lang='lat' dir='ltr'><strong>ad</strong></span> <span class='ocrx_word' id='word_1_191' title='bbox 946 2567 1208 2628; x_wconf 81' lang='lat' dir='ltr'><strong>inferiora</strong></span> <span class='ocrx_word' id='word_1_192' title='bbox 1235 2551 1575 2639; x_wconf 74' lang='lat' dir='ltr'><strong>abstrahitur</strong></span> <span class='ocrx_word' id='word_1_193' title='bbox 1601 2602 1631 2641; x_wconf 89' lang='lat' dir='ltr'><strong>a</strong></span> <span class='ocrx_word' id='word_1_194' title='bbox 1655 2551 1912 2661; x_wconf 74' lang='lat' dir='ltr'><strong>supernis</strong></span> <span class='ocrx_word' id='word_1_195' title='bbox 1933 2614 1945 2651; x_wconf 89' lang='lat'><strong><em>:</em></strong></span> 
     </span>
    </p>
   </div>
   <div class='ocr_carea' id='block_1_26' title="bbox 376 2648 1945 2753">
    <p class='ocr_par' dir='ltr' id='par_1_26' title="bbox 376 2648 1945 2753">
     <span class='ocr_line' id='line_1_27' title="bbox 376 2648 1945 2753; baseline 0.028 -54"><span class='ocrx_word' id='word_1_196' title='bbox 376 2648 535 2716; x_wconf 81' lang='lat' dir='ltr'><strong>cujus</strong></span> <span class='ocrx_word' id='word_1_197' title='bbox 587 2666 750 2710; x_wconf 88' lang='lat' dir='ltr'><strong>omne</strong></span> <span class='ocrx_word' id='word_1_198' title='bbox 795 2657 1139 2718; x_wconf 87' lang='lat' dir='ltr'><strong>intervallum</strong></span> <span class='ocrx_word' id='word_1_199' title='bbox 1191 2668 1245 2722; x_wconf 91' lang='lat' dir='ltr'><strong>in</strong></span> <span class='ocrx_word' id='word_1_200' title='bbox 1292 2671 1393 2728; x_wconf 86' lang='lat' dir='ltr'><strong>hac</strong></span> <span class='ocrx_word' id='word_1_201' title='bbox 1435 2677 1542 2732; x_wconf 88' lang='lat' dir='ltr'><strong>vita</strong></span> <span class='ocrx_word' id='word_1_202' title='bbox 1591 2683 1945 2753; x_wconf 85' lang='lat' dir='ltr'><strong>traducenda,</strong></span> 
     </span>
    </p>
   </div>
   <div class='ocr_carea' id='block_1_27' title="bbox 373 2743 1945 2844">
    <p class='ocr_par' dir='ltr' id='par_1_27' title="bbox 373 2743 1945 2844">
     <span class='ocr_line' id='line_1_28' title="bbox 373 2743 1945 2844; baseline 0.029 -55"><span class='ocrx_word' id='word_1_203' title='bbox 373 2743 719 2798; x_wconf 88' lang='lat' dir='ltr'><strong>consumitur</strong></span> <span class='ocrx_word' id='word_1_204' title='bbox 748 2746 803 2801; x_wconf 91' lang='lat' dir='ltr'><strong>in</strong></span> <span class='ocrx_word' id='word_1_205' title='bbox 850 2751 1036 2808; x_wconf 91' lang='lat' dir='ltr'><strong>studio</strong></span> <span class='ocrx_word' id='word_1_206' title='bbox 1061 2757 1297 2815; x_wconf 84' lang='lat' dir='ltr'><strong>addendi</strong></span> <span class='ocrx_word' id='word_1_207' title='bbox 1331 2772 1386 2818; x_wconf 91' lang='lat' dir='ltr'><strong>et</strong></span> <span class='ocrx_word' id='word_1_208' title='bbox 1414 2775 1807 2842; x_wconf 77' lang='lat' dir='ltr'><strong>congregandi.</strong></span> <span class='ocrx_word' id='word_1_209' title='bbox 1842 2743 1945 2844; x_wconf 82' lang='lat' dir='ltr'><strong>Qui</strong></span> 
     </span>
    </p>
   </div>
   <div class='ocr_carea' id='block_1_28' title="bbox 372 2831 1947 2940">
    <p class='ocr_par' dir='ltr' id='par_1_28' title="bbox 372 2831 1947 2940">
     <span class='ocr_line' id='line_1_29' title="bbox 372 2831 1947 2940; baseline 0.03 -59"><span class='ocrx_word' id='word_1_210' title='bbox 372 2845 502 2900; x_wconf 79' lang='lat' dir='ltr'><strong>ergo</strong></span> <span class='ocrx_word' id='word_1_211' title='bbox 523 2831 625 2888; x_wconf 92' lang='lat' dir='ltr'><strong>hoc</strong></span> <span class='ocrx_word' id='word_1_212' title='bbox 645 2850 768 2892; x_wconf 87' lang='lat' dir='ltr'><strong>esse</strong></span> <span class='ocrx_word' id='word_1_213' title='bbox 793 2838 996 2897; x_wconf 89' lang='lat' dir='ltr'><strong>bonum</strong></span> <span class='ocrx_word' id='word_1_214' title='bbox 1017 2846 1227 2914; x_wconf 89' lang='lat' dir='ltr'><strong>judicat</strong></span> <span class='ocrx_word' id='word_1_215' title='bbox 1249 2853 1302 2907; x_wconf 89' lang='lat' dir='ltr'><strong>in</strong></span> <span class='ocrx_word' id='word_1_216' title='bbox 1333 2854 1422 2911; x_wconf 88' lang='lat' dir='ltr'><strong>Dei</strong></span> <span class='ocrx_word' id='word_1_217' title='bbox 1447 2831 1769 2933; x_wconf 66' lang='lat' dir='ltr'><strong>conspectu,</strong></span> <span class='ocrx_word' id='word_1_218' title='bbox 1794 2831 1947 2940; x_wconf 64' lang='lat' dir='ltr'><strong>igno-</strong></span> 
     </span>
    </p>
   </div>
   <div class='ocr_carea' id='block_1_29' title="bbox 371 2925 1946 3020">
    <p class='ocr_par' dir='ltr' id='par_1_29' title="bbox 371 2925 1946 3020">
     <span class='ocr_line' id='line_1_30' title="bbox 371 2925 1946 3020; baseline 0.03 -48"><span class='ocrx_word' id='word_1_219' title='bbox 371 2930 456 2973; x_wconf 88' lang='lat' dir='ltr'><strong>rat</strong></span> <span class='ocrx_word' id='word_1_220' title='bbox 491 2939 551 2978; x_wconf 85' lang='lat' dir='ltr'><strong>se</strong></span> <span class='ocrx_word' id='word_1_221' title='bbox 597 2925 800 2984; x_wconf 92' lang='lat' dir='ltr'><strong>bonum</strong></span> <span class='ocrx_word' id='word_1_222' title='bbox 831 2932 1058 2993; x_wconf 85' lang='lat' dir='ltr'><strong>delinire</strong></span> <span class='ocrx_word' id='word_1_223' title='bbox 1086 2940 1141 2994; x_wconf 92' lang='lat' dir='ltr'><strong>in</strong></span> <span class='ocrx_word' id='word_1_224' title='bbox 1171 2958 1238 2998; x_wconf 92' lang='lat' dir='ltr'><strong>eo</strong></span> <span class='ocrx_word' id='word_1_225' title='bbox 1267 2949 1411 3016; x_wconf 91' lang='lat' dir='ltr'><strong>quod</strong></span> <span class='ocrx_word' id='word_1_226' title='bbox 1441 2925 1639 3010; x_wconf 69' lang='lat' dir='ltr'><strong>vanum</strong></span> <span class='ocrx_word' id='word_1_227' title='bbox 1677 2967 1781 3016; x_wconf 86' lang='lat' dir='ltr'><strong>est.</strong></span> <span class='ocrx_word' id='word_1_228' title='bbox 1813 2925 1946 3020; x_wconf 65' lang='grc' dir='ltr'>ἷίτεσ</span> 
     </span>
    </p>
   </div>
   <div class='ocr_carea' id='block_1_30' title="bbox 368 3015 1943 3124">
    <p class='ocr_par' dir='ltr' id='par_1_30' title="bbox 368 3015 1943 3124">
     <span class='ocr_line' id='line_1_31' title="bbox 368 3015 1943 3124; baseline 0.03 -60"><span class='ocrx_word' id='word_1_229' title='bbox 368 3027 470 3080; x_wconf 81' lang='lat' dir='ltr'><strong>ego</strong></span> <span class='ocrx_word' id='word_1_230' title='bbox 496 3015 606 3071; x_wconf 81' lang='lat' dir='ltr'><strong>dixi</strong></span> <span class='ocrx_word' id='word_1_231' title='bbox 648 3035 778 3076; x_wconf 89' lang='lat' dir='ltr'><strong>voce</strong></span> <span class='ocrx_word' id='word_1_232' title='bbox 813 3040 955 3081; x_wconf 89' lang='lat' dir='ltr'><strong>mea.</strong></span> <span class='ocrx_word' id='word_1_233' title='bbox 1009 3027 1164 3088; x_wconf 81' lang='lat' dir='ltr'><strong>Hunc</strong></span> <span class='ocrx_word' id='word_1_234' title='bbox 1210 3046 1390 3094; x_wconf 86' lang='lat' dir='ltr'><strong>autem</strong></span> <span class='ocrx_word' id='word_1_235' title='bbox 1427 3059 1647 3102; x_wconf 82' lang='lat' dir='ltr'><strong>sensum</strong></span> <span class='ocrx_word' id='word_1_236' title='bbox 1687 3051 1943 3124; x_wconf 79' lang='lat' dir='ltr'><strong>obsigna-</strong></span> 
     </span>
    </p>
   </div>
   <div class='ocr_carea' id='block_1_31' title="bbox 366 3101 1940 3201">
    <p class='ocr_par' dir='ltr' id='par_1_31' title="bbox 366 3101 1940 3201">
     <span class='ocr_line' id='line_1_32' title="bbox 366 3101 1940 3201; baseline 0.031 -47"><span class='ocrx_word' id='word_1_237' title='bbox 366 3101 506 3156; x_wconf 82' lang='lat' dir='ltr'><strong>bunt</strong></span> <span class='ocrx_word' id='word_1_238' title='bbox 537 3108 770 3166; x_wconf 89' lang='lat' dir='ltr'><strong>adducta</strong></span> <span class='ocrx_word' id='word_1_239' title='bbox 809 3115 974 3171; x_wconf 85' lang='lat' dir='ltr'><strong>verba</strong></span> <span class='ocrx_word' id='word_1_240' title='bbox 1011 3120 1216 3178; x_wconf 84' lang='lat' dir='ltr'><strong>divina.</strong></span> <span class='ocrx_word' id='word_1_241' title='bbox 1253 3125 1392 3184; x_wconf 86' lang='lat' dir='ltr'><strong>Dicit</strong></span> <span class='ocrx_word' id='word_1_242' title='bbox 1434 3101 1940 3201; x_wconf 47' lang='lat' dir='ltr'><strong>enim:26.—:l:-ec-</strong></span> 
     </span>
    </p>
   </div>
   <div class='ocr_carea' id='block_1_32' title="bbox 367 3197 1935 3302">
    <p class='ocr_par' dir='ltr' id='par_1_32' title="bbox 367 3197 1935 3302">
     <span class='ocr_line' id='line_1_33' title="bbox 367 3197 1935 3302; baseline 0.029 -55"><span class='ocrx_word' id='word_1_243' title='bbox 367 3197 539 3250; x_wconf 87' lang='lat' dir='ltr'><strong>catori</strong></span> <span class='ocrx_word' id='word_1_244' title='bbox 569 3198 720 3256; x_wconf 87' lang='lat' dir='ltr'><strong>dedit</strong></span> <span class='ocrx_word' id='word_1_245' title='bbox 742 3211 1176 3277; x_wconf 87' lang='lat' dir='ltr'><strong>occupationem,</strong></span> <span class='ocrx_word' id='word_1_246' title='bbox 1194 3225 1252 3270; x_wconf 95' lang='lat' dir='ltr'><strong>ut</strong></span> <span class='ocrx_word' id='word_1_247' title='bbox 1275 3220 1440 3276; x_wconf 86' lang='lat' dir='ltr'><strong>addat</strong></span> <span class='ocrx_word' id='word_1_248' title='bbox 1453 3233 1510 3279; x_wconf 90' lang='lat' dir='ltr'><strong>et</strong></span> <span class='ocrx_word' id='word_1_249' title='bbox 1529 3241 1842 3302; x_wconf 80' lang='lat' dir='ltr'><strong>congreget,</strong></span> <span class='ocrx_word' id='word_1_250' title='bbox 1876 3248 1935 3293; x_wconf 88' lang='lat' dir='ltr'><strong>ut</strong></span> 
     </span>
    </p>
   </div>
   <div class='ocr_carea' id='block_1_33' title="bbox 367 3288 1935 3388">
    <p class='ocr_par' dir='ltr' id='par_1_33' title="bbox 367 3288 1935 3388">
     <span class='ocr_line' id='line_1_34' title="bbox 367 3288 1935 3388; baseline 0.028 -49"><span class='ocrx_word' id='word_1_251' title='bbox 367 3288 547 3344; x_wconf 89' lang='lat' dir='ltr'><strong>tradat</strong></span> <span class='ocrx_word' id='word_1_252' title='bbox 579 3291 724 3348; x_wconf 91' lang='lat' dir='ltr'><strong>bono</strong></span> <span class='ocrx_word' id='word_1_253' title='bbox 759 3296 814 3350; x_wconf 90' lang='lat' dir='ltr'><strong>in</strong></span> <span class='ocrx_word' id='word_1_254' title='bbox 848 3313 1146 3372; x_wconf 84' lang='lat' dir='ltr'><strong>conspectu</strong></span> <span class='ocrx_word' id='word_1_255' title='bbox 1174 3307 1287 3364; x_wconf 87' lang='lat' dir='ltr'><strong>Dei.</strong></span> <span class='ocrx_word' id='word_1_256' title='bbox 1328 3311 1444 3368; x_wconf 88' lang='lat' dir='ltr'><strong>Hoc</strong></span> <span class='ocrx_word' id='word_1_257' title='bbox 1469 3288 1687 3388; x_wconf 56' lang='lat' dir='ltr'><strong>quoqile</strong></span> <span class='ocrx_word' id='word_1_258' title='bbox 1721 3288 1806 3379; x_wconf 55' lang='lat' dir='ltr'><strong>est</strong></span> <span class='ocrx_word' id='word_1_259' title='bbox 1829 3288 1935 3382; x_wconf 48' lang='grc' dir='ltr'>’νει-</span> 
     </span>
    </p>
   </div>
   <div class='ocr_carea' id='block_1_34' title="bbox 364 3380 1934 3480">
    <p class='ocr_par' dir='ltr' id='par_1_34' title="bbox 364 3380 1934 3480">
     <span class='ocr_line' id='line_1_35' title="bbox 364 3380 1934 3480; baseline 0.027 -45"><span class='ocrx_word' id='word_1_260' title='bbox 364 3380 512 3438; x_wconf 86' lang='lat' dir='ltr'><strong>nitas</strong></span> <span class='ocrx_word' id='word_1_261' title='bbox 539 3393 592 3438; x_wconf 89' lang='lat' dir='ltr'><strong>et</strong></span> <span class='ocrx_word' id='word_1_262' title='bbox 617 3393 969 3460; x_wconf 67' lang='lat' dir='ltr'><strong>praesumptio</strong></span> <span class='ocrx_word' id='word_1_263' title='bbox 999 3398 1278 3468; x_wconf 66' lang='lat' dir='ltr'><strong>spiritus.»</strong></span> <span class='ocrx_word' id='word_1_264' title='bbox 1327 3403 1458 3469; x_wconf 62' lang='lat' dir='ltr'><strong>Qua</strong></span> <span class='ocrx_word' id='word_1_265' title='bbox 1485 3380 1615 3480; x_wconf 74' lang='lat' dir='ltr'><strong>ergo</strong></span> <span class='ocrx_word' id='word_1_266' title='bbox 1643 3380 1934 3479; x_wconf 85' lang='lat' dir='ltr'><strong>didicimus</strong></span> 
     </span>
    </p>
   </div>
   <div class='ocr_carea' id='block_1_35' title="bbox 362 3473 1934 3576">
    <p class='ocr_par' dir='ltr' id='par_1_35' title="bbox 362 3473 1934 3576">
     <span class='ocr_line' id='line_1_36' title="bbox 362 3473 1934 3576; baseline 0.029 -54"><span class='ocrx_word' id='word_1_267' title='bbox 362 3485 429 3525; x_wconf 79' lang='lat' dir='ltr'><strong>ex</strong></span> <span class='ocrx_word' id='word_1_268' title='bbox 454 3473 557 3526; x_wconf 84' lang='lat' dir='ltr'><strong>hac</strong></span> <span class='ocrx_word' id='word_1_269' title='bbox 583 3475 816 3533; x_wconf 87' lang='lat' dir='ltr'><strong>invicem</strong></span> <span class='ocrx_word' id='word_1_270' title='bbox 837 3491 1247 3554; x_wconf 84' lang='lat' dir='ltr'><strong>comparatione</strong></span> <span class='ocrx_word' id='word_1_271' title='bbox 1277 3495 1404 3550; x_wconf 86' lang='lat' dir='ltr'><strong>boni</strong></span> <span class='ocrx_word' id='word_1_272' title='bbox 1431 3509 1486 3554; x_wconf 90' lang='lat' dir='ltr'><strong>et</strong></span> <span class='ocrx_word' id='word_1_273' title='bbox 1516 3505 1644 3558; x_wconf 90' lang='lat' dir='ltr'><strong>mali</strong></span> <span class='ocrx_word' id='word_1_274' title='bbox 1667 3522 1764 3576; x_wconf 89' lang='lat' dir='ltr'><strong>per</strong></span> <span class='ocrx_word' id='word_1_275' title='bbox 1792 3511 1934 3569; x_wconf 85' lang='lat' dir='ltr'><strong>hanc</strong></span> 
     </span>
    </p>
   </div>
   <div class='ocr_carea' id='block_1_36' title="bbox 362 3562 2210 3668">
    <p class='ocr_par' dir='ltr' id='par_1_36' title="bbox 362 3562 2210 3668">
     <span class='ocr_line' id='line_1_37' title="bbox 362 3562 2210 3668; baseline 0.022 -52"><span class='ocrx_word' id='word_1_276' title='bbox 362 3562 676 3634; x_wconf 82' lang='lat' dir='ltr'><strong>lectionem,</strong></span> <span class='ocrx_word' id='word_1_277' title='bbox 708 3569 840 3626; x_wconf 88' lang='lat' dir='ltr'><strong>dent</strong></span> <span class='ocrx_word' id='word_1_278' title='bbox 873 3577 1034 3632; x_wconf 86' lang='lat' dir='ltr'><strong>nobis</strong></span> <span class='ocrx_word' id='word_1_279' title='bbox 1063 3584 1325 3639; x_wconf 73' lang='lat' dir='ltr'><strong>auxilium</strong></span> <span class='ocrx_word' id='word_1_280' title='bbox 1357 3591 1427 3643; x_wconf 83' lang='lat' dir='ltr'><strong>ad</strong></span> <span class='ocrx_word' id='word_1_281' title='bbox 1461 3562 1682 3650; x_wconf 69' lang='lat' dir='ltr'><strong>vitanda</strong></span> <span class='ocrx_word' id='word_1_282' title='bbox 1709 3603 1930 3668; x_wconf 84' lang='lat' dir='ltr'><strong>quidem</strong></span> <span class='ocrx_word' id='word_1_283' title='bbox 2029 3562 2210 3658; x_wconf 56' lang='grc' dir='ltr'>δοῦΓναι</span> 
     </span>
    </p>
   </div>
   <div class='ocr_carea' id='block_1_37' title="bbox 360 3663 1932 3764">
    <p class='ocr_par' dir='ltr' id='par_1_37' title="bbox 360 3663 1932 3764">
     <span class='ocr_line' id='line_1_38' title="bbox 360 3663 1932 3764; baseline 0.031 -61"><span class='ocrx_word' id='word_1_284' title='bbox 360 3667 426 3706; x_wconf 85' lang='lat' dir='ltr'><strong>ca</strong></span> <span class='ocrx_word' id='word_1_285' title='bbox 465 3669 586 3722; x_wconf 70' lang='lat' dir='ltr'><strong>quae</strong></span> <span class='ocrx_word' id='word_1_286' title='bbox 616 3669 746 3714; x_wconf 90' lang='lat' dir='ltr'><strong>sunt</strong></span> <span class='ocrx_word' id='word_1_287' title='bbox 775 3663 1055 3734; x_wconf 88' lang='lat' dir='ltr'><strong>damnata,</strong></span> <span class='ocrx_word' id='word_1_288' title='bbox 1090 3682 1464 3747; x_wconf 85' lang='lat' dir='ltr'><strong>persequenda</strong></span> <span class='ocrx_word' id='word_1_289' title='bbox 1496 3695 1674 3742; x_wconf 89' lang='lat' dir='ltr'><strong>autem</strong></span> <span class='ocrx_word' id='word_1_290' title='bbox 1713 3663 1776 3746; x_wconf 76' lang='lat' dir='ltr'><strong>ea</strong></span> <span class='ocrx_word' id='word_1_291' title='bbox 1809 3709 1932 3764; x_wconf 74' lang='lat' dir='ltr'><strong>qua:</strong></span> 
     </span>
    </p>
   </div>
   <div class='ocr_carea' id='block_1_38' title="bbox 355 3747 690 3804">
    <p class='ocr_par' dir='ltr' id='par_1_38' title="bbox 355 3747 690 3804">
     <span class='ocr_line' id='line_1_39' title="bbox 355 3747 690 3804; baseline 0.027 -8"><span class='ocrx_word' id='word_1_292' title='bbox 355 3754 489 3800; x_wconf 78' lang='lat' dir='ltr'><strong>sunt</strong></span> <span class='ocrx_word' id='word_1_293' title='bbox 526 3747 690 3804; x_wconf 87' lang='lat' dir='ltr'><strong>bona.</strong></span> 
     </span>
    </p>
   </div>
   <div class='ocr_carea' id='block_1_39' title="bbox 2084 486 3668 586">
    <p class='ocr_par' dir='ltr' id='par_1_39' title="bbox 2084 486 3668 586">
     <span class='ocr_line' id='line_1_40' title="bbox 2084 486 3668 586; baseline 0.025 -49"><span class='ocrx_word' id='word_1_294' title='bbox 2084 486 2326 544; x_wconf 72' lang='grc' dir='ltr'>ἐναντίου</span> <span class='ocrx_word' id='word_1_295' title='bbox 2363 495 2668 567; x_wconf 76' lang='grc' dir='ltr'><strong>νοούμενον.</strong></span> <span class='ocrx_word' id='word_1_296' title='bbox 2693 503 2782 574; x_wconf 84' lang='grc' dir='ltr'>Τῷ</span> <span class='ocrx_word' id='word_1_297' title='bbox 2809 500 2902 560; x_wconf 83' lang='grc' dir='ltr'>οὖν</span> <span class='ocrx_word' id='word_1_298' title='bbox 2932 486 3317 582; x_wconf 24' lang='lat' dir='ltr'><strong>basianda.</strong></span> <span class='ocrx_word' id='word_1_299' title='bbox 3453 516 3668 586; x_wconf 74' lang='grc' dir='ltr'>βοσκήο</span> 
     </span>
    </p>
   </div>
   <div class='ocr_carea' id='block_1_40' title="bbox 2084 584 3668 678">
    <p class='ocr_par' dir='ltr' id='par_1_40' title="bbox 2084 584 3668 678">
     <span class='ocr_line' id='line_1_41' title="bbox 2084 584 3668 678; baseline 0.024 -49"><span class='ocrx_word' id='word_1_300' title='bbox 2084 593 2253 648; x_wconf 86' lang='grc' dir='ltr'>ματι,</span> <span class='ocrx_word' id='word_1_301' title='bbox 2305 584 2425 641; x_wconf 80' lang='grc' dir='ltr'>οὐδὲ</span> <span class='ocrx_word' id='word_1_302' title='bbox 2455 589 2534 659; x_wconf 84' lang='grc' dir='ltr'><strong>τῷ</strong></span> <span class='ocrx_word' id='word_1_303' title='bbox 2575 594 2642 664; x_wconf 80' lang='grc' dir='ltr'><strong>τῇ</strong></span> <span class='ocrx_word' id='word_1_304' title='bbox 2685 599 2882 668; x_wconf 75' lang='grc' dir='ltr'>γαστρὶ</span> <span class='ocrx_word' id='word_1_305' title='bbox 2929 600 3120 654; x_wconf 81' lang='grc' dir='ltr'>ἑαυτοῦ</span> <span class='ocrx_word' id='word_1_306' title='bbox 3152 605 3535 674; x_wconf 74' lang='grc' dir='ltr'>ἐπικεκυφότι,</span> 
     </span>
    </p>
   </div>
   <div class='ocr_carea' id='block_1_41' title="bbox 2079 668 3667 770">
    <p class='ocr_par' dir='ltr' id='par_1_41' title="bbox 2079 668 3667 770">
     <span class='ocr_line' id='line_1_42' title="bbox 2079 668 3667 770; baseline 0.031 -48"><span class='ocrx_word' id='word_1_307' title='bbox 2079 668 2274 742; x_wconf 82' lang='grc' dir='ltr'>λαιμὸν</span> <span class='ocrx_word' id='word_1_308' title='bbox 2300 677 2420 732; x_wconf 84' lang='grc' dir='ltr'>ἀντὶ</span> <span class='ocrx_word' id='word_1_309' title='bbox 2441 679 2700 753; x_wconf 89' lang='grc' dir='ltr'>λογισμοῦ</span> <span class='ocrx_word' id='word_1_310' title='bbox 2726 693 3044 762; x_wconf 82' lang='grc' dir='ltr'><strong>κεκτημένῳ</strong></span> <span class='ocrx_word' id='word_1_311' title='bbox 3063 710 3076 723; x_wconf 73' lang='grc'><strong><em>⁸</em></strong></span> <span class='ocrx_word' id='word_1_312' title='bbox 3103 695 3238 747; x_wconf 80' lang='grc' dir='ltr'>ἀλλὰ</span> <span class='ocrx_word' id='word_1_313' title='bbox 3261 696 3339 765; x_wconf 82' lang='grc' dir='ltr'><strong>τῷ</strong></span> <span class='ocrx_word' id='word_1_314' title='bbox 3363 668 3563 768; x_wconf 63' lang='grc' dir='ltr'><strong>ἆταθῷ</strong></span> 
     </span>
    </p>
   </div>
   <div class='ocr_carea' id='block_1_42' title="bbox 2079 764 3669 861">
    <p class='ocr_par' dir='ltr' id='par_1_42' title="bbox 2079 764 3669 861">
     <span class='ocr_line' id='line_1_43' title="bbox 2079 764 3669 861; baseline 0.019 -45"><span class='ocrx_word' id='word_1_315' title='bbox 2079 764 2201 819; x_wconf 78' lang='grc' dir='ltr'>κατ’</span> <span class='ocrx_word' id='word_1_316' title='bbox 2217 768 2397 822; x_wconf 85' lang='grc' dir='ltr'>είκόνα</span> <span class='ocrx_word' id='word_1_317' title='bbox 2421 773 2580 842; x_wconf 83' lang='grc' dir='ltr'>μόνου</span> <span class='ocrx_word' id='word_1_318' title='bbox 2599 776 2693 830; x_wconf 91' lang='grc' dir='ltr'><strong>τοῦ</strong></span> <span class='ocrx_word' id='word_1_319' title='bbox 2715 779 2919 848; x_wconf 80' lang='grc' dir='ltr'><strong>ἀγαθοῦ</strong></span> <span class='ocrx_word' id='word_1_320' title='bbox 2945 780 3129 846; x_wconf 73' lang='grc' dir='ltr'>ζῶντν</span> <span class='ocrx_word' id='word_1_321' title='bbox 3153 788 3216 840; x_wconf 85' lang='grc' dir='ltr'>οὐ</span> <span class='ocrx_word' id='word_1_322' title='bbox 3242 789 3442 860; x_wconf 86' lang='grc' dir='ltr'>ταύτην</span> <span class='ocrx_word' id='word_1_323' title='bbox 3455 764 3669 861; x_wconf 42' lang='lat' dir='ltr'><strong>horto-</strong></span> 
     </span>
    </p>
   </div>
   <div class='ocr_carea' id='block_1_43' title="bbox 2078 853 3667 954">
    <p class='ocr_par' dir='ltr' id='par_1_43' title="bbox 2078 853 3667 954">
     <span class='ocr_line' id='line_1_44' title="bbox 2078 853 3667 954; baseline 0.02 -46"><span class='ocrx_word' id='word_1_324' title='bbox 2078 853 2303 928; x_wconf 86' lang='grc' dir='ltr'>θέτησεν</span> <span class='ocrx_word' id='word_1_325' title='bbox 2316 863 2345 914; x_wconf 89' lang='lat'><strong>6</strong></span> <span class='ocrx_word' id='word_1_326' title='bbox 2359 861 2491 928; x_wconf 82' lang='grc' dir='ltr'><strong>Θεὸς</strong></span> <span class='ocrx_word' id='word_1_327' title='bbox 2505 868 2606 936; x_wconf 77' lang='grc' dir='ltr'>τὴν</span> <span class='ocrx_word' id='word_1_328' title='bbox 2625 870 2854 942; x_wconf 76' lang='grc' dir='ltr'>τρυφὴν,</span> <span class='ocrx_word' id='word_1_329' title='bbox 2867 875 2992 945; x_wconf 80' lang='grc' dir='ltr'>περὶ</span> <span class='ocrx_word' id='word_1_330' title='bbox 3012 876 3128 948; x_wconf 72' lang='grc' dir='ltr'><strong>ἢνὴ</strong></span> <span class='ocrx_word' id='word_1_331' title='bbox 3151 853 3424 950; x_wconf 70' lang='grc' dir='ltr'>κτηνὼδης</span> <span class='ocrx_word' id='word_1_332' title='bbox 3443 853 3667 954; x_wconf 67' lang='grc' dir='ltr'>κέχηνα</span> 
     </span>
    </p>
   </div>
   <div class='ocr_carea' id='block_1_44' title="bbox 2076 947 3667 1043">
    <p class='ocr_par' dir='ltr' id='par_1_44' title="bbox 2076 947 3667 1043">
     <span class='ocr_line' id='line_1_45' title="bbox 2076 947 3667 1043; baseline 0.018 -42"><span class='ocrx_word' id='word_1_333' title='bbox 2076 947 2266 1016; x_wconf 76' lang='grc' dir='ltr'>φύσιςο</span> <span class='ocrx_word' id='word_1_334' title='bbox 2303 953 2419 1008; x_wconf 83' lang='grc' dir='ltr'>ἀλλ’</span> <span class='ocrx_word' id='word_1_335' title='bbox 2441 956 2636 1014; x_wconf 71' lang='grc' dir='ltr'>ἔδωκεν</span> <span class='ocrx_word' id='word_1_336' title='bbox 2665 963 2833 1034; x_wconf 84' lang='grc' dir='ltr'>αὐτῷ,</span> <span class='ocrx_word' id='word_1_337' title='bbox 2861 966 3047 1037; x_wconf 74' lang='grc' dir='ltr'>φησὶν,</span> <span class='ocrx_word' id='word_1_338' title='bbox 3070 947 3192 1022; x_wconf 85' lang='grc' dir='ltr'>ἀντὶ</span> <span class='ocrx_word' id='word_1_339' title='bbox 3445 947 3667 1043; x_wconf 61' lang='grc' dir='ltr'>σοφίαν</span> 
     </span>
    </p>
   </div>
   <div class='ocr_carea' id='block_1_45' title="bbox 2074 1041 3666 1134">
    <p class='ocr_par' dir='ltr' id='par_1_45' title="bbox 2074 1041 3666 1134">
     <span class='ocr_line' id='line_1_46' title="bbox 2074 1041 3666 1134; baseline 0.018 -42"><span class='ocrx_word' id='word_1_340' title='bbox 2074 1041 2167 1094; x_wconf 81' lang='grc' dir='ltr'>καὶ</span> <span class='ocrx_word' id='word_1_341' title='bbox 2199 1043 2398 1111; x_wconf 85' lang='grc' dir='ltr'>γνῶσιν</span> <span class='ocrx_word' id='word_1_342' title='bbox 2429 1048 2519 1102; x_wconf 74' lang='grc' dir='ltr'>καὶ</span> <span class='ocrx_word' id='word_1_343' title='bbox 2553 1051 2910 1126; x_wconf 81' lang='grc' dir='ltr'>εὐφροσύνην.</span> <span class='ocrx_word' id='word_1_344' title='bbox 2955 1058 3082 1122; x_wconf 82' lang='grc' dir='ltr'><strong>Πῶς</strong></span> <span class='ocrx_word' id='word_1_345' title='bbox 3109 1061 3219 1132; x_wconf 82' lang='grc' dir='ltr'>γάρ</span> <span class='ocrx_word' id='word_1_346' title='bbox 3249 1063 3331 1127; x_wconf 89' lang='grc' dir='ltr'><strong>τίς</strong></span> <span class='ocrx_word' id='word_1_347' title='bbox 3363 1041 3666 1134; x_wconf 70' lang='grc' dir='ltr'>πάγάθό-</span> 
     </span>
    </p>
   </div>
   <div class='ocr_carea' id='block_1_46' title="bbox 2070 1135 3669 1223">
    <p class='ocr_par' dir='ltr' id='par_1_46' title="bbox 2070 1135 3669 1223">
     <span class='ocr_line' id='line_1_47' title="bbox 2070 1135 3669 1223; baseline 0.017 -38"><span class='ocrx_word' id='word_1_348' title='bbox 2070 1149 2230 1205; x_wconf 84' lang='grc' dir='ltr'>τητος</span> <span class='ocrx_word' id='word_1_349' title='bbox 2249 1135 2336 1190; x_wconf 88' lang='grc' dir='ltr'><strong>διά</strong></span> <span class='ocrx_word' id='word_1_350' title='bbox 2349 1138 2457 1193; x_wconf 84' lang='grc' dir='ltr'>τῶν</span> <span class='ocrx_word' id='word_1_351' title='bbox 2483 1141 2583 1212; x_wconf 84' lang='grc' dir='ltr'>τῆς</span> <span class='ocrx_word' id='word_1_352' title='bbox 2600 1146 2834 1217; x_wconf 82' lang='grc' dir='ltr'>γαστρὸς</span> <span class='ocrx_word' id='word_1_353' title='bbox 2854 1147 3129 1219; x_wconf 78' lang='grc' dir='ltr'><strong>ἐδωδίμων</strong></span> <span class='ocrx_word' id='word_1_354' title='bbox 3147 1151 3458 1223; x_wconf 75' lang='grc' dir='ltr'>αὐξήσειενς</span> <span class='ocrx_word' id='word_1_355' title='bbox 3479 1175 3506 1208; x_wconf 74' lang='grc' dir='ltr'><strong>σ</strong></span> <span class='ocrx_word' id='word_1_356' title='bbox 3532 1159 3669 1212; x_wconf 77' lang='grc' dir='ltr'><strong>οὐκ</strong></span> 
     </span>
    </p>
   </div>
   <div class='ocr_carea' id='block_1_47' title="bbox 2070 1227 3667 1320">
    <p class='ocr_par' dir='ltr' id='par_1_47' title="bbox 2070 1227 3667 1320">
     <span class='ocr_line' id='line_1_48' title="bbox 2070 1227 3667 1320; baseline 0.016 -42"><span class='ocrx_word' id='word_1_357' title='bbox 2070 1227 2158 1280; x_wconf 76' lang='grc' dir='ltr'><strong>ἐπ’</strong></span> <span class='ocrx_word' id='word_1_358' title='bbox 2179 1228 2329 1300; x_wconf 79' lang='grc' dir='ltr'>ἄρτῳ</span> <span class='ocrx_word' id='word_1_359' title='bbox 2351 1233 2500 1303; x_wconf 84' lang='grc' dir='ltr'>μόνῳ</span> <span class='ocrx_word' id='word_1_360' title='bbox 2518 1235 2740 1306; x_wconf 81' lang='grc' dir='ltr'><strong>ζήσεται</strong></span> <span class='ocrx_word' id='word_1_361' title='bbox 2767 1240 2796 1292; x_wconf 85' lang='grc' dir='ltr'>ὁ</span> <span class='ocrx_word' id='word_1_362' title='bbox 2822 1239 3125 1311; x_wconf 78' lang='grc' dir='ltr'>ἄνθρωπος.</span> <span class='ocrx_word' id='word_1_363' title='bbox 3157 1263 3175 1294; x_wconf 75' lang='grc' dir='ltr'><strong>ι</strong></span> <span class='ocrx_word' id='word_1_364' title='bbox 3204 1240 3368 1309; x_wconf 74' lang='grc' dir='ltr'>Οὗτος</span> <span class='ocrx_word' id='word_1_365' title='bbox 3388 1247 3478 1300; x_wconf 88' lang='grc' dir='ltr'><strong>τοῦ</strong></span> <span class='ocrx_word' id='word_1_366' title='bbox 3508 1249 3667 1320; x_wconf 78' lang='grc' dir='ltr'>ἀλη-</span> 
     </span>
    </p>
   </div>
   <div class='ocr_carea' id='block_1_48' title="bbox 2069 1318 3667 1410">
    <p class='ocr_par' dir='ltr' id='par_1_48' title="bbox 2069 1318 3667 1410">
     <span class='ocr_line' id='line_1_49' title="bbox 2069 1318 3667 1410; baseline 0.016 -39"><span class='ocrx_word' id='word_1_367' title='bbox 2069 1318 2218 1374; x_wconf 88' lang='grc' dir='ltr'>θινοῦ</span> <span class='ocrx_word' id='word_1_368' title='bbox 2235 1323 2406 1392; x_wconf 86' lang='grc' dir='ltr'>Λόγου</span> <span class='ocrx_word' id='word_1_369' title='bbox 2427 1327 2457 1380; x_wconf 89' lang='lat'><strong>6</strong></span> <span class='ocrx_word' id='word_1_370' title='bbox 2476 1327 2744 1396; x_wconf 82' lang='grc' dir='ltr'>λόγος.οὒ</span> <span class='ocrx_word' id='word_1_371' title='bbox 2765 1333 3022 1405; x_wconf 81' lang='grc' dir='ltr'>τρέφεται</span> <span class='ocrx_word' id='word_1_372' title='bbox 3043 1337 3192 1408; x_wconf 83' lang='grc' dir='ltr'>ἄρτῳ</span> <span class='ocrx_word' id='word_1_373' title='bbox 3209 1339 3242 1409; x_wconf 79' lang='grc' dir='ltr'><strong>η</strong></span> <span class='ocrx_word' id='word_1_374' title='bbox 3262 1339 3444 1410; x_wconf 74' lang='grc' dir='ltr'>ἀρετὴ,</span> <span class='ocrx_word' id='word_1_375' title='bbox 3462 1341 3537 1394; x_wconf 83' lang='grc' dir='ltr'>οὐ</span> <span class='ocrx_word' id='word_1_376' title='bbox 3561 1318 3667 1398; x_wconf 70' lang='grc' dir='ltr'>διὰ</span> 
     </span>
    </p>
   </div>
   <div class='ocr_carea' id='block_1_49' title="bbox 2067 1413 3661 1495">
    <p class='ocr_par' dir='ltr' id='par_1_49' title="bbox 2067 1413 3661 1495">
     <span class='ocr_line' id='line_1_50' title="bbox 2067 1413 3661 1495; baseline 0.014 -29"><span class='ocrx_word' id='word_1_377' title='bbox 2067 1413 2244 1483; x_wconf 85' lang='grc' dir='ltr'>κρεῶν</span> <span class='ocrx_word' id='word_1_378' title='bbox 2281 1417 2314 1487; x_wconf 80' lang='grc' dir='ltr'>ὴ</span> <span class='ocrx_word' id='word_1_379' title='bbox 2354 1417 2456 1488; x_wconf 85' lang='grc' dir='ltr'>τῆς</span> <span class='ocrx_word' id='word_1_380' title='bbox 2491 1417 2667 1490; x_wconf 68' lang='grc' dir='ltr'>ψυχῆς</span> <span class='ocrx_word' id='word_1_381' title='bbox 2704 1421 2932 1495; x_wconf 88' lang='grc' dir='ltr'>δύναμις</span> <span class='ocrx_word' id='word_1_382' title='bbox 2966 1427 3181 1482; x_wconf 81' lang='grc' dir='ltr'>εὐεκτεῖ</span> <span class='ocrx_word' id='word_1_383' title='bbox 3215 1431 3308 1484; x_wconf 83' lang='grc' dir='ltr'>καὶ</span> <span class='ocrx_word' id='word_1_384' title='bbox 3337 1432 3661 1489; x_wconf 76' lang='grc' dir='ltr'>πιαίνεται.</span> 
     </span>
    </p>
   </div>
   <div class='ocr_carea' id='block_1_50' title="bbox 1849 1497 3664 1596">
    <p class='ocr_par' dir='ltr' id='par_1_50' title="bbox 1849 1497 3664 1596">
     <span class='ocr_line' id='line_1_51' title="bbox 1849 1497 3664 1596; baseline 0.014 -43"><span class='ocrx_word' id='word_1_385' title='bbox 1849 1497 1964 1566; x_wconf 84' lang='lat' dir='ltr'><strong>ius-</strong></span> <span class='ocrx_word' id='word_1_386' title='bbox 2069 1505 2280 1571; x_wconf 81' lang='grc' dir='ltr'>Ἀλλοις</span> <span class='ocrx_word' id='word_1_387' title='bbox 2301 1507 2638 1579; x_wconf 77' lang='grc' dir='ltr'>ἑδέσμασινό</span> <span class='ocrx_word' id='word_1_388' title='bbox 2667 1513 2867 1583; x_wconf 75' lang='grc' dir='ltr'>ὑψηλὸς</span> <span class='ocrx_word' id='word_1_389' title='bbox 2897 1516 3010 1586; x_wconf 87' lang='grc' dir='ltr'>βίος</span> <span class='ocrx_word' id='word_1_390' title='bbox 3038 1520 3297 1590; x_wconf 82' lang='grc' dir='ltr'>τρέφεται</span> <span class='ocrx_word' id='word_1_391' title='bbox 3337 1524 3427 1576; x_wconf 69' lang='grc' dir='ltr'>καὶ</span> <span class='ocrx_word' id='word_1_392' title='bbox 3465 1523 3664 1596; x_wconf 65' lang='grc' dir='ltr'>ἁδρός</span> 
     </span>
    </p>
   </div>
   <div class='ocr_carea' id='block_1_51' title="bbox 2063 1601 3656 1685">
    <p class='ocr_par' dir='ltr' id='par_1_51' title="bbox 2063 1601 3656 1685">
     <span class='ocr_line' id='line_1_52' title="bbox 2063 1601 3656 1685; baseline 0.013 -35"><span class='ocrx_word' id='word_1_393' title='bbox 2063 1615 2232 1652; x_wconf 88' lang='grc' dir='ltr'>νεται.</span> <span class='ocrx_word' id='word_1_394' title='bbox 2265 1601 2450 1672; x_wconf 81' lang='grc' dir='ltr'>Τροφὴ</span> <span class='ocrx_word' id='word_1_395' title='bbox 2483 1603 2577 1656; x_wconf 91' lang='grc' dir='ltr'><strong>τοῦ</strong></span> <span class='ocrx_word' id='word_1_396' title='bbox 2606 1605 2812 1673; x_wconf 82' lang='grc' dir='ltr'>ἀγαθοῦ</span> <span class='ocrx_word' id='word_1_397' title='bbox 2846 1609 2878 1678; x_wconf 81' lang='grc' dir='ltr'>ἡ</span> <span class='ocrx_word' id='word_1_398' title='bbox 2905 1611 3247 1681; x_wconf 77' lang='grc' dir='ltr'>σωφροσύνη,</span> <span class='ocrx_word' id='word_1_399' title='bbox 3273 1612 3431 1683; x_wconf 78' lang='grc' dir='ltr'>ἄρτος</span> <span class='ocrx_word' id='word_1_400' title='bbox 3466 1618 3506 1685; x_wconf 82' lang='grc' dir='ltr'><strong>ἡ</strong></span> <span class='ocrx_word' id='word_1_401' title='bbox 3553 1634 3656 1670; x_wconf 84' lang='grc' dir='ltr'>σο-</span> 
     </span>
    </p>
   </div>
   <div class='ocr_carea' id='block_1_52' title="bbox 2063 1691 3660 1777">
    <p class='ocr_par' dir='ltr' id='par_1_52' title="bbox 2063 1691 3660 1777">
     <span class='ocr_line' id='line_1_53' title="bbox 2063 1691 3660 1777; baseline 0.013 -35"><span class='ocrx_word' id='word_1_402' title='bbox 2063 1691 2192 1758; x_wconf 86' lang='grc' dir='ltr'>φία,</span> <span class='ocrx_word' id='word_1_403' title='bbox 2247 1692 2376 1761; x_wconf 75' lang='grc' dir='ltr'>ὄψον</span> <span class='ocrx_word' id='word_1_404' title='bbox 2422 1695 2454 1766; x_wconf 78' lang='grc' dir='ltr'>ἡ</span> <span class='ocrx_word' id='word_1_405' title='bbox 2497 1695 2831 1769; x_wconf 79' lang='grc' dir='ltr'>δικαιοσύνη,</span> <span class='ocrx_word' id='word_1_406' title='bbox 2888 1701 3050 1755; x_wconf 79' lang='grc' dir='ltr'>ποτὸν</span> <span class='ocrx_word' id='word_1_407' title='bbox 3109 1705 3142 1775; x_wconf 79' lang='grc' dir='ltr'><strong>η</strong></span> <span class='ocrx_word' id='word_1_408' title='bbox 3189 1705 3452 1770; x_wconf 73' lang='grc' dir='ltr'>ἀπάθεια,</span> <span class='ocrx_word' id='word_1_409' title='bbox 3514 1709 3660 1777; x_wconf 75' lang='grc' dir='ltr'>ἠδο-</span> 
     </span>
    </p>
   </div>
   <div class='ocr_carea' id='block_1_53' title="bbox 2062 1781 3655 1866">
    <p class='ocr_par' dir='ltr' id='par_1_53' title="bbox 2062 1781 3655 1866">
     <span class='ocr_line' id='line_1_54' title="bbox 2062 1781 3655 1866; baseline 0.013 -33"><span class='ocrx_word' id='word_1_410' title='bbox 2062 1781 2125 1852; x_wconf 82' lang='grc' dir='ltr'>νὴ</span> <span class='ocrx_word' id='word_1_411' title='bbox 2164 1783 2315 1855; x_wconf 81' lang='grc' dir='ltr'>ούχή</span> <span class='ocrx_word' id='word_1_412' title='bbox 2345 1785 2439 1838; x_wconf 91' lang='grc' dir='ltr'><strong>τοῦ</strong></span> <span class='ocrx_word' id='word_1_413' title='bbox 2461 1785 2730 1856; x_wconf 78' lang='grc' dir='ltr'>σώματος,</span> <span class='ocrx_word' id='word_1_414' title='bbox 2771 1789 2930 1843; x_wconf 80' lang='grc' dir='ltr'>ὁποία</span> <span class='ocrx_word' id='word_1_415' title='bbox 2957 1793 3022 1864; x_wconf 81' lang='grc' dir='ltr'>δὴ</span> <span class='ocrx_word' id='word_1_416' title='bbox 3060 1797 3094 1865; x_wconf 76' lang='grc' dir='ltr'>ἡ</span> <span class='ocrx_word' id='word_1_417' title='bbox 3137 1796 3265 1866; x_wconf 76' lang='grc' dir='ltr'>περὶ</span> <span class='ocrx_word' id='word_1_418' title='bbox 3299 1797 3356 1849; x_wconf 82' lang='grc' dir='ltr'>τὸ</span> <span class='ocrx_word' id='word_1_419' title='bbox 3387 1799 3655 1852; x_wconf 81' lang='grc' dir='ltr'>καταθύ-</span> 
     </span>
    </p>
   </div>
   <div class='ocr_carea' id='block_1_54' title="bbox 2061 1875 3650 1963">
    <p class='ocr_par' dir='ltr' id='par_1_54' title="bbox 2061 1875 3650 1963">
     <span class='ocr_line' id='line_1_55' title="bbox 2061 1875 3650 1963; baseline 0.013 -39"><span class='ocrx_word' id='word_1_420' title='bbox 2061 1889 2182 1942; x_wconf 89' lang='grc' dir='ltr'>μιον</span> <span class='ocrx_word' id='word_1_421' title='bbox 2207 1875 2390 1944; x_wconf 81' lang='grc' dir='ltr'>σχέσις</span> <span class='ocrx_word' id='word_1_422' title='bbox 2409 1894 2421 1906; x_wconf 86' lang='grc'><strong>·</strong></span> <span class='ocrx_word' id='word_1_423' title='bbox 2441 1877 2555 1933; x_wconf 85' lang='grc' dir='ltr'>ἀλλ’</span> <span class='ocrx_word' id='word_1_424' title='bbox 2583 1875 2650 1951; x_wconf 79' lang='grc' dir='ltr'>ἦς</span> <span class='ocrx_word' id='word_1_425' title='bbox 2669 1880 2842 1952; x_wconf 77' lang='grc' dir='ltr'>ὄνομά</span> <span class='ocrx_word' id='word_1_426' title='bbox 2866 1901 2925 1935; x_wconf 88' lang='grc' dir='ltr'><strong>τε</strong></span> <span class='ocrx_word' id='word_1_427' title='bbox 2949 1885 3043 1937; x_wconf 80' lang='grc' dir='ltr'>καὶ</span> <span class='ocrx_word' id='word_1_428' title='bbox 3076 1885 3235 1956; x_wconf 84' lang='grc' dir='ltr'>ἔργον</span> <span class='ocrx_word' id='word_1_429' title='bbox 3260 1889 3293 1958; x_wconf 80' lang='grc' dir='ltr'>ὴ</span> <span class='ocrx_word' id='word_1_430' title='bbox 3322 1890 3650 1963; x_wconf 76' lang='grc' dir='ltr'>εὐφροσύνη</span> 
     </span>
    </p>
   </div>
   <div class='ocr_carea' id='block_1_55' title="bbox 2057 1963 3652 2054">
    <p class='ocr_par' dir='ltr' id='par_1_55' title="bbox 2057 1963 3652 2054">
     <span class='ocr_line' id='line_1_56' title="bbox 2057 1963 3652 2054; baseline 0.013 -39"><span class='ocrx_word' id='word_1_431' title='bbox 2057 1963 2222 2017; x_wconf 78' lang='grc' dir='ltr'>ἐστίν·</span> <span class='ocrx_word' id='word_1_432' title='bbox 2271 1965 2359 2020; x_wconf 84' lang='grc' dir='ltr'><strong>διά</strong></span> <span class='ocrx_word' id='word_1_433' title='bbox 2404 1967 2560 2021; x_wconf 80' lang='grc' dir='ltr'>τοῦτο</span> <span class='ocrx_word' id='word_1_434' title='bbox 2601 1974 2707 2042; x_wconf 90' lang='grc' dir='ltr'><strong>γάρ</strong></span> <span class='ocrx_word' id='word_1_435' title='bbox 2759 1974 2853 2026; x_wconf 78' lang='grc' dir='ltr'>καὶ</span> <span class='ocrx_word' id='word_1_436' title='bbox 2901 1975 3152 2046; x_wconf 78' lang='grc' dir='ltr'>ὠνόμασε</span> <span class='ocrx_word' id='word_1_437' title='bbox 3192 1980 3259 2048; x_wconf 73' lang='grc' dir='ltr'>τῇ</span> <span class='ocrx_word' id='word_1_438' title='bbox 3289 1984 3652 2054; x_wconf 75' lang='grc' dir='ltr'>προσηγορίᾳ</span> 
     </span>
    </p>
   </div>
   <div class='ocr_carea' id='block_1_56' title="bbox 2054 2053 3652 2141">
    <p class='ocr_par' dir='ltr' id='par_1_56' title="bbox 2054 2053 3652 2141">
     <span class='ocr_line' id='line_1_57' title="bbox 2054 2053 3652 2141; baseline 0.014 -36"><span class='ocrx_word' id='word_1_439' title='bbox 2054 2053 2224 2126; x_wconf 81' lang='grc' dir='ltr'>ταύτῃ</span> <span class='ocrx_word' id='word_1_440' title='bbox 2247 2055 2343 2128; x_wconf 83' lang='grc' dir='ltr'>τὴν</span> <span class='ocrx_word' id='word_1_441' title='bbox 2375 2059 2433 2111; x_wconf 85' lang='grc' dir='ltr'>ὲν</span> <span class='ocrx_word' id='word_1_442' title='bbox 2475 2061 2538 2131; x_wconf 82' lang='grc' dir='ltr'><strong>τῇ</strong></span> <span class='ocrx_word' id='word_1_443' title='bbox 2581 2060 2724 2133; x_wconf 72' lang='grc' dir='ltr'>ψυχῇ</span> <span class='ocrx_word' id='word_1_444' title='bbox 2757 2064 2892 2135; x_wconf 83' lang='grc' dir='ltr'>πρὸς</span> <span class='ocrx_word' id='word_1_445' title='bbox 2912 2065 2970 2118; x_wconf 84' lang='grc' dir='ltr'>τὸ</span> <span class='ocrx_word' id='word_1_446' title='bbox 3007 2068 3169 2122; x_wconf 83' lang='grc' dir='ltr'>καλὸν</span> <span class='ocrx_word' id='word_1_447' title='bbox 3197 2071 3488 2141; x_wconf 78' lang='grc' dir='ltr'>γινομένην</span> <span class='ocrx_word' id='word_1_448' title='bbox 3515 2053 3652 2128; x_wconf 52' lang='grc' dir='ltr'>διάέ</span> 
     </span>
    </p>
   </div>
   <div class='ocr_carea' id='block_1_57' title="bbox 2055 2144 3648 2232">
    <p class='ocr_par' dir='ltr' id='par_1_57' title="bbox 2055 2144 3648 2232">
     <span class='ocr_line' id='line_1_58' title="bbox 2055 2144 3648 2232; baseline 0.014 -35"><span class='ocrx_word' id='word_1_449' title='bbox 2055 2144 2221 2212; x_wconf 82' lang='grc' dir='ltr'>θεσιν,</span> <span class='ocrx_word' id='word_1_450' title='bbox 2243 2147 2325 2202; x_wconf 83' lang='grc' dir='ltr'>ὅτι</span> <span class='ocrx_word' id='word_1_451' title='bbox 2355 2151 2420 2202; x_wconf 78' lang='grc' dir='ltr'>ἐκ</span> <span class='ocrx_word' id='word_1_452' title='bbox 2457 2151 2551 2203; x_wconf 89' lang='grc' dir='ltr'><strong>τοῦ</strong></span> <span class='ocrx_word' id='word_1_453' title='bbox 2585 2153 2885 2223; x_wconf 86' lang='grc' dir='ltr'>εὑφρονεῖν,</span> <span class='ocrx_word' id='word_1_454' title='bbox 2917 2159 2949 2227; x_wconf 77' lang='grc' dir='ltr'>ἡ</span> <span class='ocrx_word' id='word_1_455' title='bbox 2986 2159 3210 2230; x_wconf 84' lang='grc' dir='ltr'>τοιαύτη</span> <span class='ocrx_word' id='word_1_456' title='bbox 3265 2164 3648 2232; x_wconf 80' lang='grc' dir='ltr'>παραγίνεται</span> 
     </span>
    </p>
   </div>
   <div class='ocr_carea' id='block_1_58' title="bbox 2053 2240 3645 2329">
    <p class='ocr_par' dir='ltr' id='par_1_58' title="bbox 2053 2240 3645 2329">
     <span class='ocr_line' id='line_1_59' title="bbox 2053 2240 3645 2329; baseline 0.012 -38"><span class='ocrx_word' id='word_1_457' title='bbox 2053 2240 2415 2305; x_wconf 83' lang='grc' dir='ltr'>κατάστασις.</span> <span class='ocrx_word' id='word_1_458' title='bbox 2449 2243 2568 2315; x_wconf 80' lang='grc' dir='ltr'><strong>Χρὴ</strong></span> <span class='ocrx_word' id='word_1_459' title='bbox 2595 2245 2774 2299; x_wconf 78' lang='grc' dir='ltr'>τοίνυν</span> <span class='ocrx_word' id='word_1_460' title='bbox 2825 2249 2918 2300; x_wconf 81' lang='grc' dir='ltr'><strong>καὶ</strong></span> <span class='ocrx_word' id='word_1_461' title='bbox 2966 2251 3200 2304; x_wconf 80' lang='grc' dir='ltr'>ἐνταῦθα</span> <span class='ocrx_word' id='word_1_462' title='bbox 3243 2255 3454 2323; x_wconf 79' lang='grc' dir='ltr'>μαθεῖν,</span> <span class='ocrx_word' id='word_1_463' title='bbox 3480 2256 3645 2329; x_wconf 76' lang='grc' dir='ltr'>ἅπερ</span> 
     </span>
    </p>
   </div>
   <div class='ocr_carea' id='block_1_59' title="bbox 2052 2329 3644 2411">
    <p class='ocr_par' dir='ltr' id='par_1_59' title="bbox 2052 2329 3644 2411">
     <span class='ocr_line' id='line_1_60' title="bbox 2052 2329 3644 2411; baseline 0.012 -29"><span class='ocrx_word' id='word_1_464' title='bbox 2052 2329 2140 2382; x_wconf 66' lang='grc' dir='ltr'>καὶ</span> <span class='ocrx_word' id='word_1_465' title='bbox 2188 2331 2339 2400; x_wconf 82' lang='grc' dir='ltr'><strong>παρά</strong></span> <span class='ocrx_word' id='word_1_466' title='bbox 2362 2333 2457 2388; x_wconf 83' lang='grc' dir='ltr'><strong>τοῦ</strong></span> <span class='ocrx_word' id='word_1_467' title='bbox 2508 2335 2829 2391; x_wconf 80' lang='grc' dir='ltr'>Ἀποστόλου</span> <span class='ocrx_word' id='word_1_468' title='bbox 2864 2340 3202 2411; x_wconf 71' lang='grc' dir='ltr'>ἠκούσαμεν,</span> <span class='ocrx_word' id='word_1_469' title='bbox 3240 2345 3321 2397; x_wconf 84' lang='grc' dir='ltr'>ὅτι</span> <span class='ocrx_word' id='word_1_470' title='bbox 3355 2348 3453 2399; x_wconf 81' lang='grc' dir='ltr'>οὐκ</span> <span class='ocrx_word' id='word_1_471' title='bbox 3477 2347 3644 2402; x_wconf 79' lang='grc' dir='ltr'>ἔστιν</span> 
     </span>
    </p>
   </div>
   <div class='ocr_carea' id='block_1_60' title="bbox 2049 2414 3640 2502">
    <p class='ocr_par' dir='ltr' id='par_1_60' title="bbox 2049 2414 3640 2502">
     <span class='ocr_line' id='line_1_61' title="bbox 2049 2414 3640 2502; baseline 0.014 -32"><span class='ocrx_word' id='word_1_472' title='bbox 2049 2419 2084 2489; x_wconf 75' lang='grc' dir='ltr'><strong>ὴ</strong></span> <span class='ocrx_word' id='word_1_473' title='bbox 2111 2414 2354 2486; x_wconf 83' lang='grc' dir='ltr'>βασιλεία</span> <span class='ocrx_word' id='word_1_474' title='bbox 2369 2423 2466 2478; x_wconf 90' lang='grc' dir='ltr'><strong>τοῦ</strong></span> <span class='ocrx_word' id='word_1_475' title='bbox 2486 2425 2622 2480; x_wconf 83' lang='grc' dir='ltr'>Θεοῦ</span> <span class='ocrx_word' id='word_1_476' title='bbox 2648 2431 2847 2502; x_wconf 77' lang='grc' dir='ltr'>βρῶσις</span> <span class='ocrx_word' id='word_1_477' title='bbox 2871 2433 2961 2484; x_wconf 79' lang='grc' dir='ltr'>καὶ</span> <span class='ocrx_word' id='word_1_478' title='bbox 2988 2432 3164 2497; x_wconf 84' lang='grc' dir='ltr'>πόσις,</span> <span class='ocrx_word' id='word_1_479' title='bbox 3188 2434 3324 2488; x_wconf 83' lang='grc' dir='ltr'><strong>ἀλλά</strong></span> <span class='ocrx_word' id='word_1_480' title='bbox 3351 2437 3640 2492; x_wconf 79' lang='grc' dir='ltr'>δικαιοσύ-</span> 
     </span>
    </p>
   </div>
   <div class='ocr_carea' id='block_1_61' title="bbox 2051 2509 3640 2597">
    <p class='ocr_par' dir='ltr' id='par_1_61' title="bbox 2051 2509 3640 2597">
     <span class='ocr_line' id='line_1_62' title="bbox 2051 2509 3640 2597; baseline 0.016 -38"><span class='ocrx_word' id='word_1_481' title='bbox 2051 2524 2116 2578; x_wconf 87' lang='grc' dir='ltr'><strong>νη</strong></span> <span class='ocrx_word' id='word_1_482' title='bbox 2154 2509 2248 2563; x_wconf 81' lang='grc' dir='ltr'>καὶ</span> <span class='ocrx_word' id='word_1_483' title='bbox 2275 2509 2534 2579; x_wconf 85' lang='grc' dir='ltr'>ἀπάθεια,</span> <span class='ocrx_word' id='word_1_484' title='bbox 2552 2515 2646 2570; x_wconf 78' lang='grc' dir='ltr'>καὶ</span> <span class='ocrx_word' id='word_1_485' title='bbox 2675 2520 3032 2591; x_wconf 83' lang='grc' dir='ltr'>μακαριότης.</span> <span class='ocrx_word' id='word_1_486' title='bbox 3067 2525 3133 2574; x_wconf 84' lang='lat' dir='ltr'><strong>&quot;A</strong></span> <span class='ocrx_word' id='word_1_487' title='bbox 3157 2523 3214 2576; x_wconf 84' lang='grc' dir='ltr'>δὲ</span> <span class='ocrx_word' id='word_1_488' title='bbox 3241 2525 3338 2595; x_wconf 86' lang='grc' dir='ltr'><strong>τῆς</strong></span> <span class='ocrx_word' id='word_1_489' title='bbox 3384 2544 3640 2597; x_wconf 73' lang='grc' dir='ltr'>σωματι-</span> 
     </span>
    </p>
   </div>
   <div class='ocr_carea' id='block_1_62' title="bbox 2050 2595 3636 2683">
    <p class='ocr_par' dir='ltr' id='par_1_62' title="bbox 2050 2595 3636 2683">
     <span class='ocr_line' id='line_1_63' title="bbox 2050 2595 3636 2683; baseline 0.015 -34"><span class='ocrx_word' id='word_1_490' title='bbox 2050 2595 2154 2666; x_wconf 80' lang='grc' dir='ltr'>κῆς</span> <span class='ocrx_word' id='word_1_491' title='bbox 2184 2597 2538 2666; x_wconf 80' lang='grc' dir='ltr'>ἀπολαύσεως</span> <span class='ocrx_word' id='word_1_492' title='bbox 2559 2605 2745 2658; x_wconf 71' lang='grc' dir='ltr'>ἕνεκεν</span> <span class='ocrx_word' id='word_1_493' title='bbox 2785 2608 2936 2679; x_wconf 85' lang='grc' dir='ltr'><strong>παρά</strong></span> <span class='ocrx_word' id='word_1_494' title='bbox 2967 2609 3076 2663; x_wconf 84' lang='grc' dir='ltr'>τῶν</span> <span class='ocrx_word' id='word_1_495' title='bbox 3118 2612 3424 2683; x_wconf 83' lang='grc' dir='ltr'>ἀνθρώπων</span> <span class='ocrx_word' id='word_1_496' title='bbox 3459 2595 3636 2672; x_wconf 73' lang='grc' dir='ltr'>σπω-</span> 
     </span>
    </p>
   </div>
   <div class='ocr_carea' id='block_1_63' title="bbox 2046 2685 3632 2776">
    <p class='ocr_par' dir='ltr' id='par_1_63' title="bbox 2046 2685 3632 2776">
     <span class='ocr_line' id='line_1_64' title="bbox 2046 2685 3632 2776; baseline 0.015 -38"><span class='ocrx_word' id='word_1_497' title='bbox 2046 2685 2289 2755; x_wconf 81' lang='grc' dir='ltr'>δάζεται,</span> <span class='ocrx_word' id='word_1_498' title='bbox 2332 2691 2670 2763; x_wconf 81' lang='grc' dir='ltr'>ἁμαρτωλῶν</span> <span class='ocrx_word' id='word_1_499' title='bbox 2699 2697 2818 2750; x_wconf 86' lang='grc' dir='ltr'>ὲστι</span> <span class='ocrx_word' id='word_1_500' title='bbox 2869 2700 3072 2772; x_wconf 80' lang='grc' dir='ltr'>σπουδὴ</span> <span class='ocrx_word' id='word_1_501' title='bbox 3111 2703 3206 2756; x_wconf 79' lang='grc' dir='ltr'>καὶ</span> <span class='ocrx_word' id='word_1_502' title='bbox 3238 2708 3632 2776; x_wconf 72' lang='grc' dir='ltr'>περισπασμὸς</span> 
     </span>
    </p>
   </div>
   <div class='ocr_carea' id='block_1_64' title="bbox 2045 2779 3628 2869">
    <p class='ocr_par' dir='ltr' id='par_1_64' title="bbox 2045 2779 3628 2869">
     <span class='ocr_line' id='line_1_65' title="bbox 2045 2779 3628 2869; baseline 0.015 -39"><span class='ocrx_word' id='word_1_503' title='bbox 2045 2779 2241 2851; x_wconf 79' lang='grc' dir='ltr'>ψυχῆς,</span> <span class='ocrx_word' id='word_1_504' title='bbox 2270 2783 2377 2835; x_wconf 81' lang='grc' dir='ltr'><strong>ἀπὸ</strong></span> <span class='ocrx_word' id='word_1_505' title='bbox 2401 2785 2510 2838; x_wconf 85' lang='grc' dir='ltr'>τῶν</span> <span class='ocrx_word' id='word_1_506' title='bbox 2549 2786 2662 2840; x_wconf 79' lang='grc' dir='ltr'><strong>ἀνω</strong></span> <span class='ocrx_word' id='word_1_507' title='bbox 2693 2789 2830 2857; x_wconf 84' lang='grc' dir='ltr'>πρὸς</span> <span class='ocrx_word' id='word_1_508' title='bbox 2861 2791 2930 2844; x_wconf 88' lang='grc' dir='ltr'><strong>τά</strong></span> <span class='ocrx_word' id='word_1_509' title='bbox 2981 2792 3132 2848; x_wconf 79' lang='grc' dir='ltr'>κάτω</span> <span class='ocrx_word' id='word_1_510' title='bbox 3157 2798 3628 2869; x_wconf 82' lang='grc' dir='ltr'>κατασπωμένης,</span> 
     </span>
    </p>
   </div>
   <div class='ocr_carea' id='block_1_65' title="bbox 2045 2864 3630 2959">
    <p class='ocr_par' dir='ltr' id='par_1_65' title="bbox 2045 2864 3630 2959">
     <span class='ocr_line' id='line_1_66' title="bbox 2045 2864 3630 2959; baseline 0.016 -39"><span class='ocrx_word' id='word_1_511' title='bbox 2045 2864 2112 2942; x_wconf 85' lang='grc' dir='ltr'>ἦς</span> <span class='ocrx_word' id='word_1_512' title='bbox 2143 2874 2250 2924; x_wconf 82' lang='grc' dir='ltr'>πᾶν</span> <span class='ocrx_word' id='word_1_513' title='bbox 2286 2873 2347 2926; x_wconf 85' lang='grc' dir='ltr'>τὸ</span> <span class='ocrx_word' id='word_1_514' title='bbox 2369 2873 2642 2947; x_wconf 82' lang='grc' dir='ltr'>διάστημα</span> <span class='ocrx_word' id='word_1_515' title='bbox 2676 2879 2774 2948; x_wconf 84' lang='grc' dir='ltr'>τῆς</span> <span class='ocrx_word' id='word_1_516' title='bbox 2803 2883 2861 2933; x_wconf 85' lang='grc' dir='ltr'>ὲν</span> <span class='ocrx_word' id='word_1_517' title='bbox 2881 2881 2960 2950; x_wconf 83' lang='grc' dir='ltr'>τῷ</span> <span class='ocrx_word' id='word_1_518' title='bbox 3005 2883 3106 2954; x_wconf 83' lang='grc' dir='ltr'>βίῳ</span> <span class='ocrx_word' id='word_1_519' title='bbox 3139 2885 3314 2957; x_wconf 85' lang='grc' dir='ltr'>τούτῳ</span> <span class='ocrx_word' id='word_1_520' title='bbox 3339 2864 3630 2959; x_wconf 63' lang='grc' dir='ltr'>διαγωγῆς</span> 
     </span>
    </p>
   </div>
   <div class='ocr_carea' id='block_1_66' title="bbox 2044 2963 3627 3053">
    <p class='ocr_par' dir='ltr' id='par_1_66' title="bbox 2044 2963 3627 3053">
     <span class='ocr_line' id='line_1_67' title="bbox 2044 2963 3627 3053; baseline 0.014 -39"><span class='ocrx_word' id='word_1_521' title='bbox 2044 2965 2124 3025; x_wconf 77' lang='grc' dir='ltr'>εἰς</span> <span class='ocrx_word' id='word_1_522' title='bbox 2149 2963 2245 3035; x_wconf 83' lang='grc' dir='ltr'>τὴν</span> <span class='ocrx_word' id='word_1_523' title='bbox 2274 2967 2401 3035; x_wconf 76' lang='grc' dir='ltr'>περὶ</span> <span class='ocrx_word' id='word_1_524' title='bbox 2425 2966 2518 3020; x_wconf 88' lang='grc' dir='ltr'><strong>τοῦ</strong></span> <span class='ocrx_word' id='word_1_525' title='bbox 2543 2969 2857 3039; x_wconf 85' lang='grc' dir='ltr'>προσθεῖναι</span> <span class='ocrx_word' id='word_1_526' title='bbox 2889 2977 2986 3027; x_wconf 82' lang='grc' dir='ltr'>καὶ</span> <span class='ocrx_word' id='word_1_527' title='bbox 3024 2982 3356 3046; x_wconf 83' lang='grc' dir='ltr'>συναγαγεῖν</span> <span class='ocrx_word' id='word_1_528' title='bbox 3383 2983 3627 3053; x_wconf 81' lang='grc' dir='ltr'>σπουδὴν</span> 
     </span>
    </p>
   </div>
   <div class='ocr_carea' id='block_1_67' title="bbox 1969 3054 3627 3147">
    <p class='ocr_par' dir='ltr' id='par_1_67' title="bbox 1969 3054 3627 3147">
     <span class='ocr_line' id='line_1_68' title="bbox 1969 3054 3627 3147; baseline 0.013 -40"><span class='ocrx_word' id='word_1_529' title='bbox 1969 3079 2012 3137; x_wconf 79' lang='lat' dir='ltr'><strong>c</strong></span> <span class='ocrx_word' id='word_1_530' title='bbox 2045 3054 2415 3110; x_wconf 78' lang='grc' dir='ltr'>ἀναλίσκεται.</span> <span class='ocrx_word' id='word_1_531' title='bbox 2455 3058 2513 3112; x_wconf 86' lang='grc' dir='ltr'>Ὀ</span> <span class='ocrx_word' id='word_1_532' title='bbox 2551 3055 2646 3114; x_wconf 76' lang='grc' dir='ltr'>οὖν</span> <span class='ocrx_word' id='word_1_533' title='bbox 2671 3061 2830 3116; x_wconf 90' lang='grc' dir='ltr'>τοῦτο</span> <span class='ocrx_word' id='word_1_534' title='bbox 2880 3065 3085 3133; x_wconf 76' lang='grc' dir='ltr'>ἀγαθὸν</span> <span class='ocrx_word' id='word_1_535' title='bbox 3131 3070 3190 3122; x_wconf 68' lang='grc' dir='ltr'>ἓν</span> <span class='ocrx_word' id='word_1_536' title='bbox 3229 3070 3308 3141; x_wconf 84' lang='grc' dir='ltr'>τῷ</span> <span class='ocrx_word' id='word_1_537' title='bbox 3339 3074 3627 3147; x_wconf 84' lang='grc' dir='ltr'>προσώπῳ</span> 
     </span>
    </p>
   </div>
   <div class='ocr_carea' id='block_1_68' title="bbox 2043 3145 3626 3233">
    <p class='ocr_par' dir='ltr' id='par_1_68' title="bbox 2043 3145 3626 3233">
     <span class='ocr_line' id='line_1_69' title="bbox 2043 3145 3626 3233; baseline 0.015 -36"><span class='ocrx_word' id='word_1_538' title='bbox 2043 3145 2137 3200; x_wconf 87' lang='grc' dir='ltr'><strong>τοῦ</strong></span> <span class='ocrx_word' id='word_1_539' title='bbox 2183 3145 2319 3200; x_wconf 83' lang='grc' dir='ltr'>Θεοῦ</span> <span class='ocrx_word' id='word_1_540' title='bbox 2358 3149 2579 3219; x_wconf 84' lang='grc' dir='ltr'>κρίνων,</span> <span class='ocrx_word' id='word_1_541' title='bbox 2627 3153 2814 3220; x_wconf 84' lang='grc' dir='ltr'>ἀγνοεῖ</span> <span class='ocrx_word' id='word_1_542' title='bbox 2850 3157 2912 3208; x_wconf 83' lang='grc' dir='ltr'>ὲν</span> <span class='ocrx_word' id='word_1_543' title='bbox 2941 3159 3019 3230; x_wconf 82' lang='grc' dir='ltr'>τῷ</span> <span class='ocrx_word' id='word_1_544' title='bbox 3050 3163 3268 3233; x_wconf 75' lang='grc' dir='ltr'>ματαίῳ</span> <span class='ocrx_word' id='word_1_545' title='bbox 3295 3163 3358 3215; x_wconf 87' lang='grc' dir='ltr'><strong>τὺ</strong></span> <span class='ocrx_word' id='word_1_546' title='bbox 3411 3145 3626 3233; x_wconf 80' lang='grc' dir='ltr'>ἀγαθὸν</span> 
     </span>
    </p>
   </div>
   <div class='ocr_carea' id='block_1_69' title="bbox 2042 3239 3621 3330">
    <p class='ocr_par' dir='ltr' id='par_1_69' title="bbox 2042 3239 3621 3330">
     <span class='ocr_line' id='line_1_70' title="bbox 2042 3239 3621 3330; baseline 0.014 -40"><span class='ocrx_word' id='word_1_547' title='bbox 2042 3239 2378 3310; x_wconf 74' lang='grc' dir='ltr'>ὁριζόμενος.</span> <span class='ocrx_word' id='word_1_548' title='bbox 2435 3242 2619 3298; x_wconf 86' lang='grc' dir='ltr'>Ταῦτα</span> <span class='ocrx_word' id='word_1_549' title='bbox 2670 3242 2824 3301; x_wconf 83' lang='grc' dir='ltr'>εἷπον</span> <span class='ocrx_word' id='word_1_550' title='bbox 2870 3250 3000 3318; x_wconf 80' lang='grc' dir='ltr'>ἐγὼ,</span> <span class='ocrx_word' id='word_1_551' title='bbox 3027 3257 3097 3324; x_wconf 84' lang='grc' dir='ltr'>τῇ</span> <span class='ocrx_word' id='word_1_552' title='bbox 3151 3255 3392 3325; x_wconf 76' lang='grc' dir='ltr'>ἐμαυτοῦ</span> <span class='ocrx_word' id='word_1_553' title='bbox 3441 3263 3621 3330; x_wconf 74' lang='grc' dir='ltr'>φωνῇ.</span> 
     </span>
    </p>
   </div>
   <div class='ocr_carea' id='block_1_70' title="bbox 2055 3331 3627 3418">
    <p class='ocr_par' dir='ltr' id='par_1_70' title="bbox 2055 3331 3627 3418">
     <span class='ocr_line' id='line_1_71' title="bbox 2055 3331 3627 3418; baseline 0.013 -36"><span class='ocrx_word' id='word_1_554' title='bbox 2055 3331 2469 3402; x_wconf 85' lang='grc' dir='ltr'>Ἐπισφραγίσει</span> <span class='ocrx_word' id='word_1_555' title='bbox 2499 3335 2558 3388; x_wconf 80' lang='grc' dir='ltr'>δὲ</span> <span class='ocrx_word' id='word_1_556' title='bbox 2585 3336 2683 3407; x_wconf 80' lang='grc' dir='ltr'>τὴν</span> <span class='ocrx_word' id='word_1_557' title='bbox 2735 3339 2974 3394; x_wconf 81' lang='grc' dir='ltr'>διάνοιαν</span> <span class='ocrx_word' id='word_1_558' title='bbox 3003 3344 3206 3414; x_wconf 87' lang='grc' dir='ltr'>ταύτην</span> <span class='ocrx_word' id='word_1_559' title='bbox 3235 3347 3269 3418; x_wconf 77' lang='grc' dir='ltr'><strong>ἡ</strong></span> <span class='ocrx_word' id='word_1_560' title='bbox 3307 3349 3418 3401; x_wconf 84' lang='grc' dir='ltr'><strong>τῶν</strong></span> <span class='ocrx_word' id='word_1_561' title='bbox 3459 3349 3627 3403; x_wconf 82' lang='grc' dir='ltr'>θείων</span> 
     </span>
    </p>
   </div>
   <div class='ocr_carea' id='block_1_71' title="bbox 2033 3423 3625 3510">
    <p class='ocr_par' dir='ltr' id='par_1_71' title="bbox 2033 3423 3625 3510">
     <span class='ocr_line' id='line_1_72' title="bbox 2033 3423 3625 3510; baseline 0.016 -36"><span class='ocrx_word' id='word_1_562' title='bbox 2033 3423 2292 3493; x_wconf 77' lang='grc' dir='ltr'>ῥημάτων</span> <span class='ocrx_word' id='word_1_563' title='bbox 2313 3425 2633 3494; x_wconf 86' lang='grc' dir='ltr'>παράθεσις.</span> <span class='ocrx_word' id='word_1_564' title='bbox 2647 3430 2784 3500; x_wconf 72' lang='grc' dir='ltr'>Φησὶ</span> <span class='ocrx_word' id='word_1_565' title='bbox 2801 3431 2932 3504; x_wconf 82' lang='grc' dir='ltr'>γὰρ,</span> <span class='ocrx_word' id='word_1_566' title='bbox 2956 3453 2976 3484; x_wconf 84' lang='grc'><strong><em>‹</em></strong></span> <span class='ocrx_word' id='word_1_567' title='bbox 3001 3435 3090 3505; x_wconf 81' lang='grc' dir='ltr'>Τῷ</span> <span class='ocrx_word' id='word_1_568' title='bbox 3112 3437 3427 3510; x_wconf 82' lang='grc' dir='ltr'>ἁμαρτωλῷ</span> <span class='ocrx_word' id='word_1_569' title='bbox 3448 3441 3625 3500; x_wconf 71' lang='grc' dir='ltr'>ἔδωκε</span> 
     </span>
    </p>
   </div>
   <div class='ocr_carea' id='block_1_72' title="bbox 2031 3517 3618 3599">
    <p class='ocr_par' dir='ltr' id='par_1_72' title="bbox 2031 3517 3618 3599">
     <span class='ocr_line' id='line_1_73' title="bbox 2031 3517 3618 3599; baseline 0.014 -34"><span class='ocrx_word' id='word_1_570' title='bbox 2031 3517 2414 3585; x_wconf 81' lang='grc' dir='ltr'>περισπασμὸν</span> <span class='ocrx_word' id='word_1_571' title='bbox 2462 3517 2557 3571; x_wconf 90' lang='grc' dir='ltr'><strong>τοῦ</strong></span> <span class='ocrx_word' id='word_1_572' title='bbox 2601 3521 2916 3591; x_wconf 81' lang='grc' dir='ltr'>προσθεῖναι</span> <span class='ocrx_word' id='word_1_573' title='bbox 2965 3526 3060 3579; x_wconf 73' lang='grc' dir='ltr'>καὶ</span> <span class='ocrx_word' id='word_1_574' title='bbox 3113 3536 3484 3599; x_wconf 76' lang='grc' dir='ltr'>συναγαγεῖν,</span> <span class='ocrx_word' id='word_1_575' title='bbox 3512 3534 3618 3588; x_wconf 87' lang='grc' dir='ltr'><strong>τοῦ</strong></span> 
     </span>
    </p>
   </div>
   <div class='ocr_carea' id='block_1_73' title="bbox 2255 3607 3624 3696">
    <p class='ocr_par' dir='ltr' id='par_1_73' title="bbox 2255 3607 3624 3696">
     <span class='ocr_line' id='line_1_74' title="bbox 2255 3607 3624 3696; baseline 0.012 -36"><span class='ocrx_word' id='word_1_576' title='bbox 2255 3608 2333 3677; x_wconf 80' lang='grc' dir='ltr'>τῷ</span> <span class='ocrx_word' id='word_1_577' title='bbox 2373 3607 2564 3680; x_wconf 83' lang='grc' dir='ltr'>ἀγαθῷ</span> <span class='ocrx_word' id='word_1_578' title='bbox 2598 3612 2704 3681; x_wconf 83' lang='grc' dir='ltr'>πρὸ</span> <span class='ocrx_word' id='word_1_579' title='bbox 2750 3614 3046 3684; x_wconf 78' lang='grc' dir='ltr'>προσώπου</span> <span class='ocrx_word' id='word_1_580' title='bbox 3092 3617 3192 3671; x_wconf 84' lang='grc' dir='ltr'><strong>τοῦ</strong></span> <span class='ocrx_word' id='word_1_581' title='bbox 3235 3619 3425 3696; x_wconf 50' lang='grc' dir='ltr'>Θεοῦ..</span> <span class='ocrx_word' id='word_1_582' title='bbox 3487 3623 3624 3676; x_wconf 81' lang='grc' dir='ltr'>Ὅτι</span> 
     </span>
    </p>
   </div>
   <div class='ocr_carea' id='block_1_74' title="bbox 2033 3695 3618 3780">
    <p class='ocr_par' dir='ltr' id='par_1_74' title="bbox 2033 3695 3618 3780">
     <span class='ocr_line' id='line_1_75' title="bbox 2033 3695 3618 3780; baseline 0.008 -30"><span class='ocrx_word' id='word_1_583' title='bbox 2033 3695 2127 3750; x_wconf 83' lang='grc' dir='ltr'><strong>καί</strong></span> <span class='ocrx_word' id='word_1_584' title='bbox 2159 3713 2222 3765; x_wconf 88' lang='grc' dir='ltr'><strong>γε</strong></span> <span class='ocrx_word' id='word_1_585' title='bbox 2250 3697 2408 3751; x_wconf 85' lang='grc' dir='ltr'>τοῦτο</span> <span class='ocrx_word' id='word_1_586' title='bbox 2460 3702 2757 3773; x_wconf 86' lang='grc' dir='ltr'>ματαιότης</span> <span class='ocrx_word' id='word_1_587' title='bbox 2789 3711 2886 3760; x_wconf 78' lang='grc' dir='ltr'>καὶ</span> <span class='ocrx_word' id='word_1_588' title='bbox 2909 3711 3226 3780; x_wconf 83' lang='grc' dir='ltr'>προαίρεσις</span> <span class='ocrx_word' id='word_1_589' title='bbox 3241 3695 3618 3780; x_wconf 64' lang='grc' dir='ltr'>πνεύματος.»</span> 
     </span>
    </p>
   </div>
   <div class='ocr_carea' id='block_1_75' title="bbox 2039 3789 3626 3868">
    <p class='ocr_par' dir='ltr' id='par_1_75' title="bbox 2039 3789 3626 3868">
     <span class='ocr_line' id='line_1_76' title="bbox 2039 3789 3626 3868; baseline 0.008 -27"><span class='ocrx_word' id='word_1_590' title='bbox 2039 3789 2175 3842; x_wconf 84' lang='grc' dir='ltr'>Ὅσα</span> <span class='ocrx_word' id='word_1_591' title='bbox 2197 3789 2376 3842; x_wconf 77' lang='grc' dir='ltr'>τοίνυν</span> <span class='ocrx_word' id='word_1_592' title='bbox 2401 3791 2465 3844; x_wconf 86' lang='grc' dir='ltr'>ὲκ</span> <span class='ocrx_word' id='word_1_593' title='bbox 2491 3791 2590 3860; x_wconf 83' lang='grc' dir='ltr'>τῆς</span> <span class='ocrx_word' id='word_1_594' title='bbox 2617 3793 2958 3864; x_wconf 85' lang='grc' dir='ltr'>παραλλήλου</span> <span class='ocrx_word' id='word_1_595' title='bbox 2981 3796 3186 3868; x_wconf 84' lang='grc' dir='ltr'>ταύτης</span> <span class='ocrx_word' id='word_1_596' title='bbox 3211 3799 3626 3866; x_wconf 72' lang='grc' dir='ltr'>ωνεξετάσεως</span> 
     </span>
    </p>
   </div>
   <div class='ocr_carea' id='block_1_76' title="bbox 357 3842 3626 3964">
    <p class='ocr_par' dir='ltr' id='par_1_76' title="bbox 357 3842 3626 3964">
     <span class='ocr_line' id='line_1_77' title="bbox 2456 3842 3623 3868; baseline 0.007 -10"><span class='ocrx_word' id='word_1_597' title='bbox 2456 3842 2462 3844; x_wconf 66' lang='lat'>~</span> <span class='ocrx_word' id='word_1_598' title='bbox 2545 3842 2586 3860; x_wconf 83' lang='grc'>.-</span> <span class='ocrx_word' id='word_1_599' title='bbox 2993 3842 3183 3868; x_wconf 69' lang='grc' dir='ltr'><strong>’ν’-’Ἰν</strong></span> <span class='ocrx_word' id='word_1_600' title='bbox 3215 3842 3623 3866; x_wconf 61' lang='grc' dir='ltr'><strong>*ν’-πινν-ννων</strong></span> 
     </span>
     <span class='ocr_line' id='line_1_78' title="bbox 357 3842 3626 3964; baseline 0.009 -55"><span class='ocrx_word' id='word_1_601' title='bbox 357 3842 457 3909; x_wconf 68' lang='grc' dir='ltr'><strong>τῆς</strong></span> <span class='ocrx_word' id='word_1_602' title='bbox 482 3842 576 3896; x_wconf 71' lang='grc' dir='ltr'><strong>τοῦ</strong></span> <span class='ocrx_word' id='word_1_603' title='bbox 607 3845 770 3903; x_wconf 72' lang='grc' dir='ltr'><strong>καλοῦ</strong></span> <span class='ocrx_word' id='word_1_604' title='bbox 798 3853 893 3906; x_wconf 57' lang='grc' dir='ltr'><strong>καὶ</strong></span> <span class='ocrx_word' id='word_1_605' title='bbox 919 3857 1181 3928; x_wconf 71' lang='grc' dir='ltr'>χείρονος.</span> <span class='ocrx_word' id='word_1_606' title='bbox 1206 3863 1293 3920; x_wconf 69' lang='grc' dir='ltr'><strong>διὰ</strong></span> <span class='ocrx_word' id='word_1_607' title='bbox 1343 3868 1440 3937; x_wconf 74' lang='grc' dir='ltr'><strong>τῆς</strong></span> <span class='ocrx_word' id='word_1_608' title='bbox 1482 3871 1578 3925; x_wconf 75' lang='grc' dir='ltr'><strong>νῦν</strong></span> <span class='ocrx_word' id='word_1_609' title='bbox 1609 3881 2016 3955; x_wconf 83' lang='grc' dir='ltr'>μεμαθήκαμεν·</span> <span class='ocrx_word' id='word_1_610' title='bbox 2039 3884 2415 3953; x_wconf 82' lang='grc' dir='ltr'>ἀναγνώσεως,</span> <span class='ocrx_word' id='word_1_611' title='bbox 2445 3887 2654 3952; x_wconf 86' lang='grc' dir='ltr'>γένοιτο</span> <span class='ocrx_word' id='word_1_612' title='bbox 2721 3889 2854 3958; x_wconf 81' lang='grc' dir='ltr'>ἡμῖν</span> <span class='ocrx_word' id='word_1_613' title='bbox 2917 3889 3140 3962; x_wconf 84' lang='grc' dir='ltr'>βοήθεια</span> <span class='ocrx_word' id='word_1_614' title='bbox 3195 3893 3332 3963; x_wconf 83' lang='grc' dir='ltr'>πρὸς</span> <span class='ocrx_word' id='word_1_615' title='bbox 3397 3897 3626 3964; x_wconf 50' lang='lat' dir='ltr'><strong>dmi)-</strong></span> 
     </span>
     <span class='ocr_line' id='line_1_79' title="bbox 357 3935 1376 3964; baseline 0 0"><span class='ocrx_word' id='word_1_616' title='bbox 357 3935 459 3964; x_wconf 67' lang='grc' dir='ltr'>υιὶι..</span> <span class='ocrx_word' id='word_1_617' title='bbox 493 3937 590 3964; x_wconf 68' lang='grc' dir='ltr'>..ιη</span> <span class='ocrx_word' id='word_1_618' title='bbox 623 3940 730 3964; x_wconf 70' lang='grc'>-.·⁹.-.</span> <span class='ocrx_word' id='word_1_619' title='bbox 766 3961 793 3964; x_wconf 85' lang='lat'>__</span> <span class='ocrx_word' id='word_1_620' title='bbox 1106 3954 1118 3964; x_wconf 86' lang='lat'><strong><em>.</em></strong></span> <span class='ocrx_word' id='word_1_621' title='bbox 1286 3961 1298 3964; x_wconf 86' lang='lat'>_</span> <span class='ocrx_word' id='word_1_622' title='bbox 1369 3963 1376 3964; x_wconf 59' lang='lat'><strong><em>,</em></strong></span> 
     </span>
    </p>
   </div>
   <div class='ocr_carea' id='block_1_77' title="bbox 356 3935 2736 4053">
    <p class='ocr_par' dir='ltr' id='par_1_77' title="bbox 356 3935 2736 4053">
     <span class='ocr_line' id='line_1_80' title="bbox 356 3935 2736 4053; baseline 0.025 -68"><span class='ocrx_word' id='word_1_623' title='bbox 356 3935 459 4004; x_wconf 71' lang='grc' dir='ltr'>γὴν</span> <span class='ocrx_word' id='word_1_624' title='bbox 491 3937 590 4007; x_wconf 74' lang='grc' dir='ltr'>μὲν</span> <span class='ocrx_word' id='word_1_625' title='bbox 621 3940 734 3996; x_wconf 84' lang='grc' dir='ltr'><strong>τῶν</strong></span> <span class='ocrx_word' id='word_1_626' title='bbox 763 3954 1249 4024; x_wconf 81' lang='grc' dir='ltr'>κατεγνωσμένων,</span> <span class='ocrx_word' id='word_1_627' title='bbox 1281 3935 1491 4029; x_wconf 62' lang='grc' dir='ltr'>ἐφόδιον</span> <span class='ocrx_word' id='word_1_628' title='bbox 1507 3967 1563 4024; x_wconf 82' lang='grc' dir='ltr'>δὲ</span> <span class='ocrx_word' id='word_1_629' title='bbox 1727 3935 1975 4047; x_wconf 39' lang='grc' dir='ltr'><strong>πρός-οἶδ⁷</strong></span> <span class='ocrx_word' id='word_1_630' title='bbox 1989 3935 2237 4053; x_wconf 62' lang='grc' dir='ltr'>κρεῖττον</span> <span class='ocrx_word' id='word_1_631' title='bbox 2268 3981 2736 4052; x_wconf 73' lang='grc' dir='ltr'>κατορθουμένωνσ</span> 
     </span>
    </p>
   </div>
   <div class='ocr_carea' id='block_1_78' title="bbox 932 4105 1344 4174">
    <p class='ocr_par' dir='ltr' id='par_1_78' title="bbox 932 4105 1344 4174">
     <span class='ocr_line' id='line_1_81' title="bbox 932 4105 1344 4174; baseline 0.029 -11"><span class='ocrx_word' id='word_1_632' title='bbox 932 4105 1217 4168; x_wconf 50' lang='grc' dir='ltr'><strong>ΗΟΜΙΙΑΙΑ</strong></span> <span class='ocrx_word' id='word_1_633' title='bbox 1258 4118 1344 4174; x_wconf 81' lang='lat' dir='ltr'><strong>Vl.</strong></span> 
     </span>
    </p>
   </div>
   <div class='ocr_carea' id='block_1_79' title="bbox 425 4204 1926 4302">
    <p class='ocr_par' dir='ltr' id='par_1_79' title="bbox 425 4204 1926 4302">
     <span class='ocr_line' id='line_1_82' title="bbox 425 4204 1926 4302; baseline 0.028 -43"><span class='ocrx_word' id='word_1_634' title='bbox 425 4204 696 4266; x_wconf 86' lang='lat' dir='ltr'><strong>Omnibus</strong></span> <span class='ocrx_word' id='word_1_635' title='bbox 741 4224 830 4270; x_wconf 90' lang='lat' dir='ltr'><strong>est</strong></span> <span class='ocrx_word' id='word_1_636' title='bbox 872 4227 1110 4291; x_wconf 89' lang='lat' dir='ltr'><strong>tempus,</strong></span> <span class='ocrx_word' id='word_1_637' title='bbox 1144 4238 1199 4282; x_wconf 93' lang='lat' dir='ltr'><strong>et</strong></span> <span class='ocrx_word' id='word_1_638' title='bbox 1241 4238 1624 4301; x_wconf 86' lang='lat' dir='ltr'><strong>opportunitas</strong></span> <span class='ocrx_word' id='word_1_639' title='bbox 1659 4243 1926 4302; x_wconf 70' lang='lat' dir='ltr'><strong>universa:</strong></span> 
     </span>
    </p>
   </div>
   <div class='ocr_carea' id='block_1_80' title="bbox 353 4299 1925 4402">
    <p class='ocr_par' dir='ltr' id='par_1_80' title="bbox 353 4299 1925 4402">
     <span class='ocr_line' id='line_1_83' title="bbox 353 4299 1925 4402; baseline 0.027 -53"><span class='ocrx_word' id='word_1_640' title='bbox 353 4299 431 4350; x_wconf 92' lang='lat' dir='ltr'><strong>rei</strong></span> <span class='ocrx_word' id='word_1_641' title='bbox 455 4301 562 4354; x_wconf 88' lang='lat' dir='ltr'><strong>sub</strong></span> <span class='ocrx_word' id='word_1_642' title='bbox 591 4304 752 4360; x_wconf 67' lang='lat' dir='ltr'><strong>coelo.</strong></span> <span class='ocrx_word' id='word_1_643' title='bbox 787 4306 900 4363; x_wconf 83' lang='lat' dir='ltr'><strong>Hoc</strong></span> <span class='ocrx_word' id='word_1_644' title='bbox 927 4322 1012 4367; x_wconf 88' lang='lat' dir='ltr'><strong>est</strong></span> <span class='ocrx_word' id='word_1_645' title='bbox 1045 4315 1258 4374; x_wconf 83' lang='lat' dir='ltr'><strong>initium</strong></span> <span class='ocrx_word' id='word_1_646' title='bbox 1289 4324 1633 4394; x_wconf 90' lang='lat' dir='ltr'><strong>eloquiorum</strong></span> <span class='ocrx_word' id='word_1_647' title='bbox 1660 4347 1782 4402; x_wconf 74' lang='lat' dir='ltr'><strong>qua:</strong></span> <span class='ocrx_word' id='word_1_648' title='bbox 1800 4350 1925 4391; x_wconf 83' lang='lat' dir='ltr'><strong>con-</strong></span> 
     </span>
    </p>
   </div>
   <div class='ocr_carea' id='block_1_81' title="bbox 350 4393 1919 4484">
    <p class='ocr_par' dir='ltr' id='par_1_81' title="bbox 350 4393 1919 4484">
     <span class='ocr_line' id='line_1_84' title="bbox 350 4393 1919 4484; baseline 0.026 -40"><span class='ocrx_word' id='word_1_649' title='bbox 350 4393 664 4460; x_wconf 90' lang='lat' dir='ltr'><strong>templanda</strong></span> <span class='ocrx_word' id='word_1_650' title='bbox 697 4398 858 4454; x_wconf 92' lang='lat' dir='ltr'><strong>nobis</strong></span> <span class='ocrx_word' id='word_1_651' title='bbox 889 4412 1020 4458; x_wconf 88' lang='lat' dir='ltr'><strong>sunt</strong></span> <span class='ocrx_word' id='word_1_652' title='bbox 1054 4414 1352 4479; x_wconf 85' lang='lat' dir='ltr'><strong>proposita.</strong></span> <span class='ocrx_word' id='word_1_653' title='bbox 1391 4393 1485 4472; x_wconf 67' lang='lat' dir='ltr'><strong>Est</strong></span> <span class='ocrx_word' id='word_1_654' title='bbox 1519 4393 1698 4478; x_wconf 78' lang='lat' dir='ltr'><strong>autem</strong></span> <span class='ocrx_word' id='word_1_655' title='bbox 1727 4435 1782 4480; x_wconf 90' lang='lat' dir='ltr'><strong>et</strong></span> <span class='ocrx_word' id='word_1_656' title='bbox 1812 4444 1919 4484; x_wconf 92' lang='lat' dir='ltr'><strong>non</strong></span> 
     </span>
    </p>
   </div>
   <div class='ocr_carea' id='block_1_82' title="bbox 2629 4141 2993 4207">
    <p class='ocr_par' dir='ltr' id='par_1_82' title="bbox 2629 4141 2993 4207">
     <span class='ocr_line' id='line_1_85' title="bbox 2629 4141 2993 4207; baseline 0.005 -15"><span class='ocrx_word' id='word_1_657' title='bbox 2629 4141 2872 4193; x_wconf 82' lang='lat' dir='ltr'><strong>OMIAIA</strong></span> <span class='ocrx_word' id='word_1_658' title='bbox 2904 4143 2993 4207; x_wconf 73' lang='grc' dir='ltr'>ς’.</span> 
     </span>
    </p>
   </div>
   <div class='ocr_carea' id='block_1_83' title="bbox 2097 4250 3623 4330">
    <p class='ocr_par' dir='ltr' id='par_1_83' title="bbox 2097 4250 3623 4330">
     <span class='ocr_line' id='line_1_86' title="bbox 2097 4250 3623 4330; baseline 0.006 -28"><span class='ocrx_word' id='word_1_659' title='bbox 2097 4250 2224 4313; x_wconf 85' lang='grc' dir='ltr'>Τοῖς</span> <span class='ocrx_word' id='word_1_660' title='bbox 2263 4251 2428 4304; x_wconf 82' lang='grc' dir='ltr'>πᾶσιν</span> <span class='ocrx_word' id='word_1_661' title='bbox 2453 4254 2480 4305; x_wconf 84' lang='grc'>6</span> <span class='ocrx_word' id='word_1_662' title='bbox 2523 4253 2734 4323; x_wconf 86' lang='grc' dir='ltr'>χρόνος,</span> <span class='ocrx_word' id='word_1_663' title='bbox 2773 4254 2868 4305; x_wconf 76' lang='grc' dir='ltr'>καὶ</span> <span class='ocrx_word' id='word_1_664' title='bbox 2901 4256 3094 4325; x_wconf 85' lang='grc' dir='ltr'>καιρὸς</span> <span class='ocrx_word' id='word_1_665' title='bbox 3140 4256 3220 4326; x_wconf 82' lang='grc' dir='ltr'>τῷ</span> <span class='ocrx_word' id='word_1_666' title='bbox 3264 4260 3428 4310; x_wconf 77' lang='grc' dir='ltr'>παντὶ</span> <span class='ocrx_word' id='word_1_667' title='bbox 3467 4263 3623 4330; x_wconf 72' lang='grc' dir='ltr'>πρά-</span> 
     </span>
    </p>
   </div>
   <div class='ocr_carea' id='block_1_84' title="bbox 2025 4343 3622 4422">
    <p class='ocr_par' dir='ltr' id='par_1_84' title="bbox 2025 4343 3622 4422">
     <span class='ocr_line' id='line_1_87' title="bbox 2025 4343 3622 4422; baseline 0.008 -27"><span class='ocrx_word' id='word_1_668' title='bbox 2025 4359 2194 4414; x_wconf 89' lang='grc' dir='ltr'>γματι</span> <span class='ocrx_word' id='word_1_669' title='bbox 2220 4343 2325 4397; x_wconf 85' lang='grc' dir='ltr'><strong>ὑπὸ</strong></span> <span class='ocrx_word' id='word_1_670' title='bbox 2342 4345 2440 4396; x_wconf 79' lang='grc' dir='ltr'>τὸν</span> <span class='ocrx_word' id='word_1_671' title='bbox 2466 4346 2696 4415; x_wconf 83' lang='grc' dir='ltr'>οὐρανόν</span> <span class='ocrx_word' id='word_1_672' title='bbox 2718 4364 2730 4376; x_wconf 92' lang='grc'>·</span> <span class='ocrx_word' id='word_1_673' title='bbox 2761 4346 2900 4416; x_wconf 81' lang='grc' dir='ltr'>αῦτη</span> <span class='ocrx_word' id='word_1_674' title='bbox 2930 4347 3039 4400; x_wconf 83' lang='grc' dir='ltr'><strong>τῶν</strong></span> <span class='ocrx_word' id='word_1_675' title='bbox 3067 4351 3449 4421; x_wconf 83' lang='grc' dir='ltr'>προκειμένων</span> <span class='ocrx_word' id='word_1_676' title='bbox 3472 4355 3622 4422; x_wconf 80' lang='grc' dir='ltr'>ἡμῖν</span> 
     </span>
    </p>
   </div>
   <div class='ocr_carea' id='block_1_85' title="bbox 2023 4431 3621 4516">
    <p class='ocr_par' dir='ltr' id='par_1_85' title="bbox 2023 4431 3621 4516">
     <span class='ocr_line' id='line_1_88' title="bbox 2023 4431 3621 4516; baseline 0.009 -33"><span class='ocrx_word' id='word_1_677' title='bbox 2023 4431 2218 4500; x_wconf 87' lang='grc' dir='ltr'>λογίων</span> <span class='ocrx_word' id='word_1_678' title='bbox 2249 4436 2328 4496; x_wconf 80' lang='grc' dir='ltr'>εἰς</span> <span class='ocrx_word' id='word_1_679' title='bbox 2363 4435 2597 4508; x_wconf 84' lang='grc' dir='ltr'>θεωρίαν</span> <span class='ocrx_word' id='word_1_680' title='bbox 2624 4439 2792 4507; x_wconf 82' lang='grc' dir='ltr'>ἀρχή.</span> <span class='ocrx_word' id='word_1_681' title='bbox 2831 4440 2988 4493; x_wconf 88' lang='grc' dir='ltr'>Ἔστι</span> <span class='ocrx_word' id='word_1_682' title='bbox 3014 4441 3070 4492; x_wconf 81' lang='grc' dir='ltr'>δὲ</span> <span class='ocrx_word' id='word_1_683' title='bbox 3100 4441 3196 4494; x_wconf 74' lang='grc' dir='ltr'>καὶ</span> <span class='ocrx_word' id='word_1_684' title='bbox 3233 4444 3264 4495; x_wconf 89' lang='lat'><strong>6</strong></span> <span class='ocrx_word' id='word_1_685' title='bbox 3307 4444 3470 4506; x_wconf 85' lang='grc' dir='ltr'>πόνος</span> <span class='ocrx_word' id='word_1_686' title='bbox 3504 4446 3621 4516; x_wconf 82' lang='grc' dir='ltr'>τῆς</span> 
     </span>
    </p>
   </div>
   <div class='ocr_carea' id='block_1_86' title="bbox 348 4484 1945 4608">
    <p class='ocr_par' dir='ltr' id='par_1_86' title="bbox 348 4484 1945 4608">
     <span class='ocr_line' id='line_1_89' title="bbox 348 4484 1945 4594; baseline 0.024 -58"><span class='ocrx_word' id='word_1_687' title='bbox 348 4484 602 4540; x_wconf 77' lang='lat' dir='ltr'><strong>modicus</strong></span> <span class='ocrx_word' id='word_1_688' title='bbox 632 4487 789 4543; x_wconf 87' lang='lat' dir='ltr'><strong>labor</strong></span> <span class='ocrx_word' id='word_1_689' title='bbox 838 4497 1285 4566; x_wconf 78' lang='lat' dir='ltr'><strong>examinationis,</strong></span> <span class='ocrx_word' id='word_1_690' title='bbox 1334 4515 1387 4560; x_wconf 91' lang='lat' dir='ltr'><strong>et</strong></span> <span class='ocrx_word' id='word_1_691' title='bbox 1419 4511 1565 4578; x_wconf 90' lang='lat' dir='ltr'><strong>quod</strong></span> <span class='ocrx_word' id='word_1_692' title='bbox 1613 4529 1679 4568; x_wconf 81' lang='lat' dir='ltr'><strong>ex</strong></span> <span class='ocrx_word' id='word_1_693' title='bbox 1727 4517 1945 4594; x_wconf 55' lang='lat' dir='ltr'><strong>labore;</strong></span> 
     </span>
     <span class='ocr_line' id='line_1_90' title="bbox 348 4574 1597 4608; baseline 0 0"><span class='ocrx_word' id='word_1_694' title='bbox 348 4574 566 4608; x_wconf 70' lang='lat' dir='ltr'><strong>nonin-uo</strong></span> <span class='ocrx_word' id='word_1_695' title='bbox 620 4577 833 4608; x_wconf 65' lang='lat' dir='ltr'><strong>Iun—nm</strong></span> <span class='ocrx_word' id='word_1_696' title='bbox 920 4594 999 4608; x_wconf 73' lang='grc' dir='ltr'>..-ι</span> <span class='ocrx_word' id='word_1_697' title='bbox 1066 4603 1187 4608; x_wconf 48' lang='grc' dir='ltr'><strong>--η</strong></span> <span class='ocrx_word' id='word_1_698' title='bbox 1369 4599 1402 4608; x_wconf 30' lang='grc' dir='ltr'>Α.</span> <span class='ocrx_word' id='word_1_699' title='bbox 1555 4601 1597 4608; x_wconf 80' lang='grc'>.-</span> 
     </span>
    </p>
   </div>
   <div class='ocr_carea' id='block_1_87' title="bbox 2051 4484 3616 4608">
    <p class='ocr_par' dir='ltr' id='par_1_87' title="bbox 2051 4484 3616 4608">
     <span class='ocr_line' id='line_1_91' title="bbox 2096 4484 3616 4516; baseline 0.009 -22"><span class='ocrx_word' id='word_1_700' title='bbox 2096 4484 2107 4500; x_wconf 90' lang='grc'><strong>.</strong></span> <span class='ocrx_word' id='word_1_701' title='bbox 2155 4484 2158 4485; x_wconf 53' lang='grc' dir='ltr'><strong>ν</strong></span> <span class='ocrx_word' id='word_1_702' title='bbox 2256 4484 2325 4496; x_wconf 63' lang='grc' dir='ltr'>ην</span> <span class='ocrx_word' id='word_1_703' title='bbox 2371 4484 2464 4488; x_wconf 64' lang='grc' dir='ltr'><strong>--ν-</strong></span> <span class='ocrx_word' id='word_1_704' title='bbox 2514 4484 2587 4488; x_wconf 68' lang='grc' dir='ltr'><strong>ην-</strong></span> <span class='ocrx_word' id='word_1_705' title='bbox 2626 4484 2792 4507; x_wconf 69' lang='grc' dir='ltr'><strong>ν-ι-Α-ι-</strong></span> <span class='ocrx_word' id='word_1_706' title='bbox 2858 4484 2988 4493; x_wconf 72' lang='grc' dir='ltr'><strong>-νν-</strong></span> <span class='ocrx_word' id='word_1_707' title='bbox 3017 4484 3070 4492; x_wconf 71' lang='grc' dir='ltr'>ν-</span> <span class='ocrx_word' id='word_1_708' title='bbox 3102 4484 3196 4494; x_wconf 70' lang='grc' dir='ltr'>--νν-</span> <span class='ocrx_word' id='word_1_709' title='bbox 3236 4484 3262 4495; x_wconf 74' lang='grc' dir='ltr'><strong>ν</strong></span> <span class='ocrx_word' id='word_1_710' title='bbox 3314 4484 3468 4506; x_wconf 64' lang='grc' dir='ltr'><strong>’π’-’ν</strong></span> <span class='ocrx_word' id='word_1_711' title='bbox 3513 4484 3616 4516; x_wconf 70' lang='grc' dir='ltr'><strong>ἰν,</strong></span> 
     </span>
     <span class='ocr_line' id='line_1_92' title="bbox 2051 4484 3616 4608; baseline 0.011 -34"><span class='ocrx_word' id='word_1_712' title='bbox 2051 4521 2322 4588; x_wconf 81' lang='grc' dir='ltr'>ξετάσεως</span> <span class='ocrx_word' id='word_1_713' title='bbox 2363 4526 2424 4578; x_wconf 87' lang='grc' dir='ltr'>οὑ</span> <span class='ocrx_word' id='word_1_714' title='bbox 2476 4484 2698 4597; x_wconf 71' lang='grc' dir='ltr'><strong>⁸μικρὸς,</strong></span> <span class='ocrx_word' id='word_1_715' title='bbox 2725 4531 2816 4582; x_wconf 51' lang='grc' dir='ltr'><strong>καί¹</strong></span> <span class='ocrx_word' id='word_1_716' title='bbox 2848 4531 2909 4583; x_wconf 84' lang='grc' dir='ltr'>τὸ</span> <span class='ocrx_word' id='word_1_717' title='bbox 2937 4535 3002 4585; x_wconf 87' lang='grc' dir='ltr'>ὲκ</span> <span class='ocrx_word' id='word_1_718' title='bbox 3046 4533 3141 4586; x_wconf 85' lang='grc' dir='ltr'><strong>τοῦ</strong></span> <span class='ocrx_word' id='word_1_719' title='bbox 3190 4536 3350 4588; x_wconf 87' lang='grc' dir='ltr'>πόνου</span> <span class='ocrx_word' id='word_1_720' title='bbox 3385 4538 3616 4608; x_wconf 82' lang='grc' dir='ltr'>κέρδος,</span> 
     </span>
    </p>
   </div>
   <div class='ocr_carea' id='block_1_88' title="bbox 346 4574 1945 4699">
    <p class='ocr_par' dir='ltr' id='par_1_88' title="bbox 346 4574 1945 4664">
     <span class='ocr_line' id='line_1_93' title="bbox 346 4574 1945 4664; baseline 0.023 -36"><span class='ocrx_word' id='word_1_721' title='bbox 346 4574 566 4644; x_wconf 89' lang='lat' dir='ltr'><strong>capitur</strong></span> <span class='ocrx_word' id='word_1_722' title='bbox 619 4577 859 4646; x_wconf 90' lang='lat' dir='ltr'><strong>lucrum,</strong></span> <span class='ocrx_word' id='word_1_723' title='bbox 917 4594 1002 4641; x_wconf 89' lang='lat' dir='ltr'><strong>est</strong></span> <span class='ocrx_word' id='word_1_724' title='bbox 1059 4603 1239 4658; x_wconf 62' lang='lat' dir='ltr'><strong>opera;</strong></span> <span class='ocrx_word' id='word_1_725' title='bbox 1264 4574 1525 4664; x_wconf 79' lang='lat' dir='ltr'><strong>pretium.</strong></span> <span class='ocrx_word' id='word_1_726' title='bbox 1555 4601 1722 4659; x_wconf 83' lang='lat' dir='ltr'><strong>Forte</strong></span> <span class='ocrx_word' id='word_1_727' title='bbox 1767 4586 1945 4663; x_wconf 33' lang='lat' dir='ltr'><strong>enim&#39;</strong></span> 
     </span>
    </p>
   </div>
   <div class='ocr_carea' id='block_1_89' title="bbox 2051 4574 3620 4699">
    <p class='ocr_par' dir='ltr' id='par_1_89' title="bbox 2051 4574 3620 4699">
     <span class='ocr_line' id='line_1_94' title="bbox 2155 4574 3616 4603; baseline 0 -11"><span class='ocrx_word' id='word_1_728' title='bbox 2371 4574 2418 4578; x_wconf 71' lang='grc' dir='ltr'>η</span> <span class='ocrx_word' id='word_1_729' title='bbox 2505 4574 2698 4597; x_wconf 62' lang='grc' dir='ltr'>-νν-ι--νν</span> <span class='ocrx_word' id='word_1_730' title='bbox 2726 4574 2816 4582; x_wconf 80' lang='lat'><strong>----</strong></span> <span class='ocrx_word' id='word_1_731' title='bbox 2859 4574 2908 4583; x_wconf 70' lang='grc' dir='ltr'>-ν</span> <span class='ocrx_word' id='word_1_732' title='bbox 2937 4574 3002 4585; x_wconf 75' lang='grc' dir='ltr'><strong>-η</strong></span> <span class='ocrx_word' id='word_1_733' title='bbox 3058 4574 3141 4586; x_wconf 70' lang='grc' dir='ltr'><strong><em>-η</em></strong></span> <span class='ocrx_word' id='word_1_734' title='bbox 3197 4574 3350 4588; x_wconf 70' lang='grc' dir='ltr'>..νων</span> <span class='ocrx_word' id='word_1_735' title='bbox 3387 4574 3449 4589; x_wconf 71' lang='grc' dir='ltr'><strong>ης</strong></span> <span class='ocrx_word' id='word_1_736' title='bbox 3563 4574 3616 4603; x_wconf 58' lang='grc' dir='ltr'><strong>δ..</strong></span> 
     </span>
     <span class='ocr_line' id='line_1_95' title="bbox 2051 4574 3620 4699; baseline 0.011 -32"><span class='ocrx_word' id='word_1_737' title='bbox 2051 4574 2116 4667; x_wconf 54' lang='grc' dir='ltr'><strong>λοῦ</strong></span> <span class='ocrx_word' id='word_1_738' title='bbox 2150 4574 2320 4668; x_wconf 62' lang='grc' dir='ltr'>πόνου</span> <span class='ocrx_word' id='word_1_739' title='bbox 2339 4574 2508 4682; x_wconf 47' lang='grc' dir='ltr'>ἄξιονῗ</span> <span class='ocrx_word' id='word_1_740' title='bbox 2526 4619 2677 4690; x_wconf 78' lang='grc' dir='ltr'>Τάχα</span> <span class='ocrx_word' id='word_1_741' title='bbox 2699 4622 2806 4694; x_wconf 87' lang='grc' dir='ltr'><strong>γάρ</strong></span> <span class='ocrx_word' id='word_1_742' title='bbox 2827 4626 2855 4676; x_wconf 91' lang='lat'><strong>6</strong></span> <span class='ocrx_word' id='word_1_743' title='bbox 2883 4626 3084 4688; x_wconf 81' lang='grc' dir='ltr'>σκοπὸς</span> <span class='ocrx_word' id='word_1_744' title='bbox 3106 4627 3218 4681; x_wconf 85' lang='grc' dir='ltr'><strong>τῶν</strong></span> <span class='ocrx_word' id='word_1_745' title='bbox 3243 4630 3302 4680; x_wconf 83' lang='grc' dir='ltr'>ὲν</span> <span class='ocrx_word' id='word_1_746' title='bbox 3319 4631 3434 4692; x_wconf 86' lang='grc' dir='ltr'>τοῖς</span> 
     </span>
    </p>
   </div>
   <div class='ocr_carea' id='block_1_90' title="bbox 345 4681 1916 4756">
    <p class='ocr_par' dir='ltr' id='par_1_90' title="bbox 345 4681 1916 4756">
     <span class='ocr_line' id='line_1_96' title="bbox 345 4681 1916 4756; baseline 0.021 -34"><span class='ocrx_word' id='word_1_747' title='bbox 345 4681 548 4736; x_wconf 78' lang='lat' dir='ltr'><strong>sc0pus</strong></span> <span class='ocrx_word' id='word_1_748' title='bbox 583 4684 775 4728; x_wconf 88' lang='lat' dir='ltr'><strong>eorum</strong></span> <span class='ocrx_word' id='word_1_749' title='bbox 822 4689 944 4743; x_wconf 68' lang='lat' dir='ltr'><strong>quae</strong></span> <span class='ocrx_word' id='word_1_750' title='bbox 992 4687 1122 4732; x_wconf 90' lang='lat' dir='ltr'><strong>sunt</strong></span> <span class='ocrx_word' id='word_1_751' title='bbox 1171 4697 1202 4734; x_wconf 85' lang='lat' dir='ltr'><strong>a</strong></span> <span class='ocrx_word' id='word_1_752' title='bbox 1249 4687 1409 4743; x_wconf 90' lang='lat' dir='ltr'><strong>nobis</strong></span> <span class='ocrx_word' id='word_1_753' title='bbox 1458 4694 1804 4752; x_wconf 85' lang='lat' dir='ltr'><strong>considerata</strong></span> <span class='ocrx_word' id='word_1_754' title='bbox 1859 4700 1916 4756; x_wconf 80' lang='lat' dir='ltr'><strong>in</strong></span> 
     </span>
    </p>
   </div>
   <div class='ocr_carea' id='block_1_91' title="bbox 344 4757 1917 4856">
    <p class='ocr_par' dir='ltr' id='par_1_91' title="bbox 344 4757 1917 4856">
     <span class='ocr_line' id='line_1_97' title="bbox 344 4757 1917 4856; baseline 0.024 -48"><span class='ocrx_word' id='word_1_755' title='bbox 344 4757 616 4828; x_wconf 91' lang='lat' dir='ltr'><strong>principio</strong></span> <span class='ocrx_word' id='word_1_756' title='bbox 651 4761 799 4827; x_wconf 88' lang='lat' dir='ltr'><strong>libri,</strong></span> <span class='ocrx_word' id='word_1_757' title='bbox 834 4767 1074 4825; x_wconf 81' lang='lat' dir='ltr'><strong>maxime</strong></span> <span class='ocrx_word' id='word_1_758' title='bbox 1113 4784 1346 4842; x_wconf 88' lang='lat' dir='ltr'><strong>apparet</strong></span> <span class='ocrx_word' id='word_1_759' title='bbox 1383 4779 1440 4834; x_wconf 91' lang='lat' dir='ltr'><strong>in</strong></span> <span class='ocrx_word' id='word_1_760' title='bbox 1495 4782 1599 4839; x_wconf 84' lang='lat' dir='ltr'><strong>hac</strong></span> <span class='ocrx_word' id='word_1_761' title='bbox 1644 4796 1820 4856; x_wconf 86' lang='lat' dir='ltr'><strong>parte,</strong></span> <span class='ocrx_word' id='word_1_762' title='bbox 1857 4801 1917 4846; x_wconf 90' lang='lat' dir='ltr'><strong>ut</strong></span> 
     </span>
    </p>
   </div>
   <div class='ocr_carea' id='block_1_92' title="bbox 340 4850 1913 4940">
    <p class='ocr_par' dir='ltr' id='par_1_92' title="bbox 340 4850 1913 4940">
     <span class='ocr_line' id='line_1_98' title="bbox 340 4850 1913 4940; baseline 0.025 -40"><span class='ocrx_word' id='word_1_763' title='bbox 340 4850 649 4918; x_wconf 87' lang='lat' dir='ltr'><strong>procedens</strong></span> <span class='ocrx_word' id='word_1_764' title='bbox 679 4869 777 4923; x_wconf 90' lang='lat' dir='ltr'><strong>per</strong></span> <span class='ocrx_word' id='word_1_765' title='bbox 814 4865 1270 4930; x_wconf 87' lang='lat' dir='ltr'><strong>consequentiam</strong></span> <span class='ocrx_word' id='word_1_766' title='bbox 1309 4875 1565 4930; x_wconf 87' lang='lat' dir='ltr'><strong>ostendet</strong></span> <span class='ocrx_word' id='word_1_767' title='bbox 1609 4881 1808 4936; x_wconf 89' lang='lat' dir='ltr'><strong>oratio.</strong></span> <span class='ocrx_word' id='word_1_768' title='bbox 1858 4884 1913 4940; x_wconf 85' lang='lat' dir='ltr'><strong>In</strong></span> 
     </span>
    </p>
   </div>
   <div class='ocr_carea' id='block_1_93' title="bbox 340 4941 1913 5031">
    <p class='ocr_par' dir='ltr' id='par_1_93' title="bbox 340 4941 1913 5031">
     <span class='ocr_line' id='line_1_99' title="bbox 340 4941 1913 5031; baseline 0.024 -37"><span class='ocrx_word' id='word_1_769' title='bbox 340 4941 413 4996; x_wconf 83' lang='lat' dir='ltr'><strong>iis</strong></span> <span class='ocrx_word' id='word_1_770' title='bbox 453 4959 577 5012; x_wconf 80' lang='lat' dir='ltr'><strong>quae</strong></span> <span class='ocrx_word' id='word_1_771' title='bbox 621 4960 1050 5020; x_wconf 64' lang='lat' dir='ltr'><strong>praecesserunt,</strong></span> <span class='ocrx_word' id='word_1_772' title='bbox 1095 4956 1353 5015; x_wconf 86' lang='lat' dir='ltr'><strong>damnata</strong></span> <span class='ocrx_word' id='word_1_773' title='bbox 1398 4974 1529 5020; x_wconf 90' lang='lat' dir='ltr'><strong>sunt</strong></span> <span class='ocrx_word' id='word_1_774' title='bbox 1573 4973 1755 5028; x_wconf 89' lang='lat' dir='ltr'><strong>omnia</strong></span> <span class='ocrx_word' id='word_1_775' title='bbox 1791 4986 1913 5031; x_wconf 83' lang='lat' dir='ltr'><strong>tan-</strong></span> 
     </span>
    </p>
   </div>
   <div class='ocr_carea' id='block_1_94' title="bbox 340 5044 1908 5125">
    <p class='ocr_par' dir='ltr' id='par_1_94' title="bbox 340 5044 1908 5125">
     <span class='ocr_line' id='line_1_100' title="bbox 340 5044 1908 5125; baseline 0.023 -35"><span class='ocrx_word' id='word_1_776' title='bbox 340 5053 506 5106; x_wconf 87' lang='lat' dir='ltr'><strong>quam</strong></span> <span class='ocrx_word' id='word_1_777' title='bbox 541 5056 699 5109; x_wconf 89' lang='lat' dir='ltr'><strong>vana,</strong></span> <span class='ocrx_word' id='word_1_778' title='bbox 741 5044 798 5099; x_wconf 92' lang='lat' dir='ltr'><strong>in</strong></span> <span class='ocrx_word' id='word_1_779' title='bbox 831 5063 954 5116; x_wconf 72' lang='lat' dir='ltr'><strong>qua:</strong></span> <span class='ocrx_word' id='word_1_780' title='bbox 979 5050 1050 5106; x_wconf 87' lang='lat' dir='ltr'><strong>ab</strong></span> <span class='ocrx_word' id='word_1_781' title='bbox 1083 5052 1307 5110; x_wconf 89' lang='lat' dir='ltr'><strong>homine</strong></span> <span class='ocrx_word' id='word_1_782' title='bbox 1347 5062 1633 5119; x_wconf 84' lang='lat' dir='ltr'><strong>confertur</strong></span> <span class='ocrx_word' id='word_1_783' title='bbox 1665 5071 1908 5125; x_wconf 87' lang='lat' dir='ltr'><strong>studium</strong></span> 
     </span>
    </p>
   </div>
   <div class='ocr_carea' id='block_1_95' title="bbox 338 5130 1913 5215">
    <p class='ocr_par' dir='ltr' id='par_1_95' title="bbox 338 5130 1913 5215">
     <span class='ocr_line' id='line_1_101' title="bbox 338 5130 1913 5215; baseline 0.022 -33"><span class='ocrx_word' id='word_1_784' title='bbox 338 5130 413 5184; x_wconf 92' lang='lat' dir='ltr'><strong>ob</strong></span> <span class='ocrx_word' id='word_1_785' title='bbox 441 5132 652 5188; x_wconf 90' lang='lat' dir='ltr'><strong>nullum</strong></span> <span class='ocrx_word' id='word_1_786' title='bbox 687 5135 902 5192; x_wconf 88' lang='lat' dir='ltr'><strong>lucrum</strong></span> <span class='ocrx_word' id='word_1_787' title='bbox 943 5141 1160 5197; x_wconf 66' lang='lat' dir='ltr'><strong>animat.</strong></span> <span class='ocrx_word' id='word_1_788' title='bbox 1189 5142 1485 5206; x_wconf 86' lang='lat' dir='ltr'><strong>Ostensum</strong></span> <span class='ocrx_word' id='word_1_789' title='bbox 1519 5162 1603 5208; x_wconf 88' lang='lat' dir='ltr'><strong>est</strong></span> <span class='ocrx_word' id='word_1_790' title='bbox 1637 5159 1782 5212; x_wconf 90' lang='lat' dir='ltr'><strong>enim</strong></span> <span class='ocrx_word' id='word_1_791' title='bbox 1816 5161 1913 5215; x_wconf 83' lang='lat' dir='ltr'><strong>bo-</strong></span> 
     </span>
    </p>
   </div>
   <div class='ocr_carea' id='block_1_96' title="bbox 339 5226 1911 5324">
    <p class='ocr_par' dir='ltr' id='par_1_96' title="bbox 339 5226 1911 5324">
     <span class='ocr_line' id='line_1_102' title="bbox 339 5226 1911 5324; baseline 0.02 -46"><span class='ocrx_word' id='word_1_792' title='bbox 339 5237 494 5288; x_wconf 84' lang='lat' dir='ltr'><strong>num,</strong></span> <span class='ocrx_word' id='word_1_793' title='bbox 528 5226 596 5280; x_wconf 91' lang='lat' dir='ltr'><strong>ad</strong></span> <span class='ocrx_word' id='word_1_794' title='bbox 629 5227 777 5296; x_wconf 93' lang='lat' dir='ltr'><strong>quod</strong></span> <span class='ocrx_word' id='word_1_795' title='bbox 817 5238 902 5286; x_wconf 87' lang='lat' dir='ltr'><strong>est</strong></span> <span class='ocrx_word' id='word_1_796' title='bbox 936 5233 1257 5292; x_wconf 90' lang='lat' dir='ltr'><strong>intuendum</strong></span> <span class='ocrx_word' id='word_1_797' title='bbox 1298 5256 1395 5310; x_wconf 86' lang='lat' dir='ltr'><strong>per</strong></span> <span class='ocrx_word' id='word_1_798' title='bbox 1426 5258 1489 5298; x_wconf 88' lang='lat' dir='ltr'><strong>ea</strong></span> <span class='ocrx_word' id='word_1_799' title='bbox 1531 5251 1727 5307; x_wconf 88' lang='lat' dir='ltr'><strong>mentis</strong></span> <span class='ocrx_word' id='word_1_800' title='bbox 1757 5256 1911 5324; x_wconf 81' lang='lat' dir='ltr'><strong>cogi-</strong></span> 
     </span>
    </p>
   </div>
   <div class='ocr_carea' id='block_1_97' title="bbox 337 5320 1915 5414">
    <p class='ocr_par' dir='ltr' id='par_1_97' title="bbox 337 5320 1915 5414">
     <span class='ocr_line' id='line_1_103' title="bbox 337 5320 1915 5414; baseline 0.022 -49"><span class='ocrx_word' id='word_1_801' title='bbox 337 5321 474 5378; x_wconf 88' lang='lat' dir='ltr'><strong>tata,</strong></span> <span class='ocrx_word' id='word_1_802' title='bbox 499 5332 622 5386; x_wconf 64' lang='lat' dir='ltr'><strong>quae</strong></span> <span class='ocrx_word' id='word_1_803' title='bbox 653 5320 759 5376; x_wconf 87' lang='lat' dir='ltr'><strong>sita</strong></span> <span class='ocrx_word' id='word_1_804' title='bbox 789 5331 919 5378; x_wconf 89' lang='lat' dir='ltr'><strong>sunt</strong></span> <span class='ocrx_word' id='word_1_805' title='bbox 953 5325 1009 5380; x_wconf 93' lang='lat' dir='ltr'><strong>in</strong></span> <span class='ocrx_word' id='word_1_806' title='bbox 1041 5329 1241 5398; x_wconf 87' lang='lat' dir='ltr'><strong>capite.</strong></span> <span class='ocrx_word' id='word_1_807' title='bbox 1273 5331 1344 5388; x_wconf 90' lang='lat' dir='ltr'><strong>lis</strong></span> <span class='ocrx_word' id='word_1_808' title='bbox 1375 5343 1558 5392; x_wconf 90' lang='lat' dir='ltr'><strong>autem</strong></span> <span class='ocrx_word' id='word_1_809' title='bbox 1587 5342 1678 5409; x_wconf 89' lang='lat' dir='ltr'><strong>qui</strong></span> <span class='ocrx_word' id='word_1_810' title='bbox 1726 5320 1915 5414; x_wconf 77' lang='lat' dir='ltr'><strong>corpo-</strong></span> 
     </span>
    </p>
   </div>
   <div class='ocr_carea' id='block_1_98' title="bbox 339 5412 1913 5496">
    <p class='ocr_par' dir='ltr' id='par_1_98' title="bbox 339 5412 1913 5496">
     <span class='ocr_line' id='line_1_104' title="bbox 339 5412 1913 5496; baseline 0.02 -37"><span class='ocrx_word' id='word_1_811' title='bbox 339 5418 488 5459; x_wconf 84' lang='lat' dir='ltr'><strong>ream</strong></span> <span class='ocrx_word' id='word_1_812' title='bbox 522 5412 867 5475; x_wconf 75' lang='lat' dir='ltr'><strong>praetendunt</strong></span> <span class='ocrx_word' id='word_1_813' title='bbox 897 5418 1260 5488; x_wconf 90' lang='lat' dir='ltr'><strong>voluptatem,</strong></span> <span class='ocrx_word' id='word_1_814' title='bbox 1301 5428 1567 5496; x_wconf 71' lang='lat' dir='ltr'><strong>opposita:</strong></span> <span class='ocrx_word' id='word_1_815' title='bbox 1602 5443 1732 5486; x_wconf 87' lang='lat' dir='ltr'><strong>sunt</strong></span> <span class='ocrx_word' id='word_1_816' title='bbox 1773 5412 1913 5491; x_wconf 63' lang='grc' dir='ltr'>δέη-</span> 
     </span>
    </p>
   </div>
   <div class='ocr_carea' id='block_1_99' title="bbox 2022 4705 3618 4791">
    <p class='ocr_par' dir='ltr' id='par_1_99' title="bbox 2022 4705 3618 4791">
     <span class='ocr_line' id='line_1_105' title="bbox 2022 4705 3618 4791; baseline 0.013 -36"><span class='ocrx_word' id='word_1_817' title='bbox 2022 4722 2134 4768; x_wconf 85' lang='grc' dir='ltr'>τοις</span> <span class='ocrx_word' id='word_1_818' title='bbox 2162 4706 2258 4758; x_wconf 85' lang='grc' dir='ltr'><strong>τοῦ</strong></span> <span class='ocrx_word' id='word_1_819' title='bbox 2297 4705 2506 4775; x_wconf 77' lang='grc' dir='ltr'>βιϐλίου</span> <span class='ocrx_word' id='word_1_820' title='bbox 2549 4707 2935 4779; x_wconf 81' lang='grc' dir='ltr'>θεωρηθέντων</span> <span class='ocrx_word' id='word_1_821' title='bbox 2966 4717 3118 4784; x_wconf 75' lang='grc' dir='ltr'>ἡμῖν,</span> <span class='ocrx_word' id='word_1_822' title='bbox 3151 4717 3210 4769; x_wconf 85' lang='grc' dir='ltr'>ὲν</span> <span class='ocrx_word' id='word_1_823' title='bbox 3237 4719 3415 4790; x_wconf 80' lang='grc' dir='ltr'>τούτῳ</span> <span class='ocrx_word' id='word_1_824' title='bbox 3445 4723 3618 4791; x_wconf 78' lang='grc' dir='ltr'>μάλι-</span> 
     </span>
    </p>
   </div>
   <div class='ocr_carea' id='block_1_100' title="bbox 2024 4797 3617 4878">
    <p class='ocr_par' dir='ltr' id='par_1_100' title="bbox 2024 4797 3617 4878">
     <span class='ocr_line' id='line_1_106' title="bbox 2024 4797 3617 4878; baseline 0.013 -31"><span class='ocrx_word' id='word_1_825' title='bbox 2024 4813 2124 4848; x_wconf 82' lang='grc' dir='ltr'><strong>στα</strong></span> <span class='ocrx_word' id='word_1_826' title='bbox 2174 4797 2500 4867; x_wconf 84' lang='grc' dir='ltr'>φανεροῦται</span> <span class='ocrx_word' id='word_1_827' title='bbox 2542 4800 2621 4869; x_wconf 83' lang='grc' dir='ltr'><strong>τῷ</strong></span> <span class='ocrx_word' id='word_1_828' title='bbox 2657 4803 2832 4872; x_wconf 86' lang='grc' dir='ltr'>μέρει,</span> <span class='ocrx_word' id='word_1_829' title='bbox 2867 4806 2943 4867; x_wconf 85' lang='grc' dir='ltr'>ὡς</span> <span class='ocrx_word' id='word_1_830' title='bbox 2976 4807 3182 4878; x_wconf 85' lang='grc' dir='ltr'>προῖὼν</span> <span class='ocrx_word' id='word_1_831' title='bbox 3225 4811 3486 4876; x_wconf 75' lang='grc' dir='ltr'>ἐπιδείξει</span> <span class='ocrx_word' id='word_1_832' title='bbox 3515 4814 3617 4870; x_wconf 71' lang='grc' dir='ltr'>διὰ</span> 
     </span>
    </p>
   </div>
   <div class='ocr_carea' id='block_1_101' title="bbox 2023 4888 3616 4970">
    <p class='ocr_par' dir='ltr' id='par_1_101' title="bbox 2023 4888 3616 4970">
     <span class='ocr_line' id='line_1_107' title="bbox 2023 4888 3616 4970; baseline 0.016 -31"><span class='ocrx_word' id='word_1_833' title='bbox 2023 4888 2120 4956; x_wconf 84' lang='grc' dir='ltr'><strong>τῆς</strong></span> <span class='ocrx_word' id='word_1_834' title='bbox 2151 4889 2474 4955; x_wconf 86' lang='grc' dir='ltr'>ἀκολουθίας</span> <span class='ocrx_word' id='word_1_835' title='bbox 2512 4894 2540 4946; x_wconf 89' lang='lat'><strong>6</strong></span> <span class='ocrx_word' id='word_1_836' title='bbox 2580 4894 2756 4961; x_wconf 84' lang='grc' dir='ltr'>λόγος.</span> <span class='ocrx_word' id='word_1_837' title='bbox 2805 4899 3172 4970; x_wconf 82' lang='grc' dir='ltr'>Κατεγνώσθη</span> <span class='ocrx_word' id='word_1_838' title='bbox 3220 4903 3289 4956; x_wconf 90' lang='grc' dir='ltr'><strong>τά</strong></span> <span class='ocrx_word' id='word_1_839' title='bbox 3335 4906 3516 4960; x_wconf 82' lang='grc' dir='ltr'>πάντα</span> <span class='ocrx_word' id='word_1_840' title='bbox 3548 4911 3616 4964; x_wconf 77' lang='grc' dir='ltr'>ἐν</span> 
     </span>
    </p>
   </div>
   <div class='ocr_carea' id='block_1_102' title="bbox 2021 4980 3616 5058">
    <p class='ocr_par' dir='ltr' id='par_1_102' title="bbox 2021 4980 3616 5058">
     <span class='ocr_line' id='line_1_108' title="bbox 2021 4980 3616 5058; baseline 0.013 -26"><span class='ocrx_word' id='word_1_841' title='bbox 2021 4981 2132 5041; x_wconf 82' lang='grc' dir='ltr'>τοῖς</span> <span class='ocrx_word' id='word_1_842' title='bbox 2173 4980 2504 5049; x_wconf 81' lang='grc' dir='ltr'>προλαϐοῦσι</span> <span class='ocrx_word' id='word_1_843' title='bbox 2558 4984 2735 5053; x_wconf 90' lang='grc' dir='ltr'>λόγοις</span> <span class='ocrx_word' id='word_1_844' title='bbox 2779 4987 2856 5050; x_wconf 80' lang='grc' dir='ltr'>ὡς</span> <span class='ocrx_word' id='word_1_845' title='bbox 2895 4992 3101 5058; x_wconf 80' lang='grc' dir='ltr'>μάταια</span> <span class='ocrx_word' id='word_1_846' title='bbox 3128 5033 3143 5057; x_wconf 89' lang='grc'><strong>,</strong></span> <span class='ocrx_word' id='word_1_847' title='bbox 3177 4994 3278 5048; x_wconf 82' lang='grc' dir='ltr'>ὅσα</span> <span class='ocrx_word' id='word_1_848' title='bbox 3321 4997 3464 5051; x_wconf 81' lang='grc' dir='ltr'>κατὰ</span> <span class='ocrx_word' id='word_1_849' title='bbox 3508 5001 3616 5053; x_wconf 80' lang='grc' dir='ltr'>τὸν</span> 
     </span>
    </p>
   </div>
   <div class='ocr_carea' id='block_1_103' title="bbox 2021 5072 3614 5153">
    <p class='ocr_par' dir='ltr' id='par_1_103' title="bbox 2021 5072 3614 5153">
     <span class='ocr_line' id='line_1_109' title="bbox 2021 5072 3614 5153; baseline 0.011 -26"><span class='ocrx_word' id='word_1_850' title='bbox 2021 5072 2305 5144; x_wconf 80' lang='grc' dir='ltr'>ἄνθρωπον</span> <span class='ocrx_word' id='word_1_851' title='bbox 2351 5076 2439 5127; x_wconf 82' lang='grc' dir='ltr'><strong>ἐπ’</strong></span> <span class='ocrx_word' id='word_1_852' title='bbox 2489 5077 2665 5130; x_wconf 74' lang='grc' dir='ltr'>οὐδενὶ</span> <span class='ocrx_word' id='word_1_853' title='bbox 2715 5077 2934 5150; x_wconf 82' lang='grc' dir='ltr'>ψυχικῷ</span> <span class='ocrx_word' id='word_1_854' title='bbox 2983 5083 3166 5153; x_wconf 81' lang='grc' dir='ltr'>κέρδει</span> <span class='ocrx_word' id='word_1_855' title='bbox 3213 5087 3614 5152; x_wconf 78' lang='grc' dir='ltr'>σπουδάζεται.</span> 
     </span>
    </p>
   </div>
   <div class='ocr_carea' id='block_1_104' title="bbox 2033 5165 3611 5255">
    <p class='ocr_par' dir='ltr' id='par_1_104' title="bbox 2033 5165 3611 5255">
     <span class='ocr_line' id='line_1_110' title="bbox 2033 5165 3611 5255; baseline 0.012 -39"><span class='ocrx_word' id='word_1_856' title='bbox 2033 5165 2352 5236; x_wconf 83' lang='grc' dir='ltr'>Ὑπεδείχθη</span> <span class='ocrx_word' id='word_1_857' title='bbox 2380 5167 2488 5238; x_wconf 79' lang='grc' dir='ltr'><strong>γὰρ</strong></span> <span class='ocrx_word' id='word_1_858' title='bbox 2530 5167 2592 5220; x_wconf 85' lang='grc' dir='ltr'>τὸ</span> <span class='ocrx_word' id='word_1_859' title='bbox 2625 5169 2861 5237; x_wconf 87' lang='grc' dir='ltr'>ἀγαθὸν,</span> <span class='ocrx_word' id='word_1_860' title='bbox 2887 5172 3026 5244; x_wconf 85' lang='grc' dir='ltr'>πρὸς</span> <span class='ocrx_word' id='word_1_861' title='bbox 3053 5174 3082 5226; x_wconf 82' lang='grc' dir='ltr'><strong>ὃ</strong></span> <span class='ocrx_word' id='word_1_862' title='bbox 3110 5177 3218 5246; x_wconf 86' lang='grc' dir='ltr'><strong>χρὴ</strong></span> <span class='ocrx_word' id='word_1_863' title='bbox 3259 5177 3351 5231; x_wconf 73' lang='grc' dir='ltr'>διὰ</span> <span class='ocrx_word' id='word_1_864' title='bbox 3392 5179 3504 5233; x_wconf 85' lang='grc' dir='ltr'><strong>τῶν</strong></span> <span class='ocrx_word' id='word_1_865' title='bbox 3534 5187 3611 5255; x_wconf 77' lang='grc' dir='ltr'>τῇ</span> 
     </span>
    </p>
   </div>
   <div class='ocr_carea' id='block_1_105' title="bbox 2021 5259 3613 5344">
    <p class='ocr_par' dir='ltr' id='par_1_105' title="bbox 2021 5259 3613 5344">
     <span class='ocr_line' id='line_1_111' title="bbox 2021 5259 3613 5344; baseline 0.01 -34"><span class='ocrx_word' id='word_1_866' title='bbox 2021 5259 2229 5329; x_wconf 81' lang='grc' dir='ltr'>κεφαλῇ</span> <span class='ocrx_word' id='word_1_867' title='bbox 2278 5260 2612 5328; x_wconf 77' lang='grc' dir='ltr'>ἐγκειμένων</span> <span class='ocrx_word' id='word_1_868' title='bbox 2658 5263 2953 5333; x_wconf 83' lang='grc' dir='ltr'>νοημάτων</span> <span class='ocrx_word' id='word_1_869' title='bbox 2997 5265 3384 5335; x_wconf 79' lang='grc' dir='ltr'>βλέπεινοτοῖς</span> <span class='ocrx_word' id='word_1_870' title='bbox 3415 5271 3476 5324; x_wconf 83' lang='grc' dir='ltr'>δὲ</span> <span class='ocrx_word' id='word_1_871' title='bbox 3498 5271 3613 5344; x_wconf 77' lang='grc' dir='ltr'>τὴν</span> 
     </span>
    </p>
   </div>
   <div class='ocr_carea' id='block_1_106' title="bbox 2022 5348 3612 5432">
    <p class='ocr_par' dir='ltr' id='par_1_106' title="bbox 2022 5348 3612 5432">
     <span class='ocr_line' id='line_1_112' title="bbox 2022 5348 3612 5432; baseline 0.009 -30"><span class='ocrx_word' id='word_1_872' title='bbox 2022 5348 2337 5419; x_wconf 84' lang='grc' dir='ltr'>σωματικὴν</span> <span class='ocrx_word' id='word_1_873' title='bbox 2357 5349 2769 5422; x_wconf 87' lang='grc' dir='ltr'>προῖσχομένοις</span> <span class='ocrx_word' id='word_1_874' title='bbox 2794 5354 3098 5411; x_wconf 86' lang='grc' dir='ltr'>ἀπόλαυσιν</span> <span class='ocrx_word' id='word_1_875' title='bbox 3117 5359 3428 5432; x_wconf 76' lang='grc' dir='ltr'>ἀντετέθηὴ</span> <span class='ocrx_word' id='word_1_876' title='bbox 3457 5366 3612 5419; x_wconf 83' lang='grc' dir='ltr'>κατὰ</span> 
     </span>
    </p>
   </div>
   <div class='ocr_carea' id='block_1_107' title="bbox 2011 5439 3610 5516">
    <p class='ocr_par' dir='ltr' id='par_1_107' title="bbox 2011 5439 3610 5516">
     <span class='ocr_line' id='line_1_113' title="bbox 2011 5439 3610 5516; baseline 0.009 -26"><span class='ocrx_word' id='word_1_877' title='bbox 2011 5439 2112 5508; x_wconf 82' lang='grc' dir='ltr'>τὴν</span> <span class='ocrx_word' id='word_1_878' title='bbox 2163 5439 2356 5507; x_wconf 85' lang='grc' dir='ltr'>σοφίαν</span> <span class='ocrx_word' id='word_1_879' title='bbox 2404 5442 2604 5511; x_wconf 80' lang='grc' dir='ltr'>τρυφή.</span> <span class='ocrx_word' id='word_1_880' title='bbox 2641 5441 2832 5494; x_wconf 83' lang='grc' dir='ltr'>Λείπει</span> <span class='ocrx_word' id='word_1_881' title='bbox 2885 5444 2946 5497; x_wconf 85' lang='grc' dir='ltr'>τὸ</span> <span class='ocrx_word' id='word_1_882' title='bbox 2994 5447 3197 5516; x_wconf 78' lang='grc' dir='ltr'>γνῶναι</span> <span class='ocrx_word' id='word_1_883' title='bbox 3245 5449 3363 5512; x_wconf 85' lang='grc' dir='ltr'>πῶς</span> <span class='ocrx_word' id='word_1_884' title='bbox 3405 5453 3474 5504; x_wconf 74' lang='grc' dir='ltr'>ἄν</span> <span class='ocrx_word' id='word_1_885' title='bbox 3513 5469 3610 5516; x_wconf 86' lang='grc' dir='ltr'><strong>τις</strong></span> 
     </span>
    </p>
   </div>
   <div class='ocr_carea' id='block_1_108' title="bbox 339 5493 1945 5616">
    <p class='ocr_par' dir='ltr' id='par_1_108' title="bbox 339 5493 1914 5595">
     <span class='ocr_line' id='line_1_114' title="bbox 339 5493 1914 5595; baseline 0.021 -47"><span class='ocrx_word' id='word_1_886' title='bbox 339 5493 439 5551; x_wconf 64' lang='lat' dir='ltr'><strong>cia</strong></span> <span class='ocrx_word' id='word_1_887' title='bbox 463 5511 584 5564; x_wconf 67' lang='lat' dir='ltr'><strong>qua</strong></span> <span class='ocrx_word' id='word_1_888' title='bbox 609 5509 739 5556; x_wconf 92' lang='lat' dir='ltr'><strong>sunt</strong></span> <span class='ocrx_word' id='word_1_889' title='bbox 770 5519 839 5559; x_wconf 81' lang='lat' dir='ltr'><strong>ex</strong></span> <span class='ocrx_word' id='word_1_890' title='bbox 863 5493 1435 5582; x_wconf 77' lang='lat' dir='ltr'><strong>sapientia.Restat,ut</strong></span> <span class='ocrx_word' id='word_1_891' title='bbox 1462 5520 1700 5578; x_wconf 87' lang='lat' dir='ltr'><strong>sciamus</strong></span> <span class='ocrx_word' id='word_1_892' title='bbox 1723 5540 1914 5595; x_wconf 70' lang='lat' dir='ltr'><strong>quem~</strong></span> 
     </span>
    </p>
   </div>
   <div class='ocr_carea' id='block_1_109' title="bbox 2051 5493 3608 5616">
    <p class='ocr_par' dir='ltr' id='par_1_109' title="bbox 2051 5493 3608 5616">
     <span class='ocr_line' id='line_1_115' title="bbox 2051 5493 3608 5616; baseline 0.011 -34"><span class='ocrx_word' id='word_1_893' title='bbox 2051 5493 2130 5585; x_wconf 59' lang='lat' dir='ltr'><strong>ait”</strong></span> <span class='ocrx_word' id='word_1_894' title='bbox 2166 5493 2368 5603; x_wconf 69' lang='grc' dir='ltr'>ἀρετὴν</span> <span class='ocrx_word' id='word_1_895' title='bbox 2389 5493 2594 5602; x_wconf 64' lang='grc' dir='ltr'><strong>βιὶδσὲὶ,</strong></span> <span class='ocrx_word' id='word_1_896' title='bbox 2617 5533 2871 5608; x_wconf 81' lang='grc' dir='ltr'>καθάπερ</span> <span class='ocrx_word' id='word_1_897' title='bbox 2897 5493 3024 5594; x_wconf 75' lang='grc' dir='ltr'><strong>τινά</strong></span> <span class='ocrx_word' id='word_1_898' title='bbox 3057 5539 3254 5612; x_wconf 75' lang='grc' dir='ltr'>τέχνην</span> <span class='ocrx_word' id='word_1_899' title='bbox 3277 5493 3372 5595; x_wconf 57' lang='grc' dir='ltr'><strong>κοῖὶ</strong></span> <span class='ocrx_word' id='word_1_900' title='bbox 3405 5542 3608 5616; x_wconf 73' lang='grc' dir='ltr'>ἔφοδον</span> 
     </span>
    </p>
   </div>
   <div class='ocr_carea' id='block_1_110' title="bbox 409 5674 1465 5768">
    <p class='ocr_par' dir='ltr' id='par_1_110' title="bbox 409 5674 1465 5768">
     <span class='ocr_line' id='line_1_116' title="bbox 409 5674 1465 5768; baseline 0.023 -37"><span class='ocrx_word' id='word_1_901' title='bbox 409 5674 462 5711; x_wconf 78' lang='grc'><strong>⁸⁹</strong></span> <span class='ocrx_word' id='word_1_902' title='bbox 482 5674 670 5739; x_wconf 66' lang='lat' dir='ltr'><strong>Matth.</strong></span> <span class='ocrx_word' id='word_1_903' title='bbox 697 5698 772 5753; x_wconf 82' lang='lat' dir='ltr'><strong>tv,</strong></span> <span class='ocrx_word' id='word_1_904' title='bbox 810 5685 861 5742; x_wconf 74' lang='grc' dir='ltr'><strong>ι.</strong></span> <span class='ocrx_word' id='word_1_905' title='bbox 942 5694 985 5727; x_wconf 80' lang='grc'><strong>⁸⁸</strong></span> <span class='ocrx_word' id='word_1_906' title='bbox 1024 5693 1045 5748; x_wconf 89' lang='lat' dir='ltr'><strong>l</strong></span> <span class='ocrx_word' id='word_1_907' title='bbox 1098 5696 1221 5754; x_wconf 88' lang='lat' dir='ltr'><strong>Cor.</strong></span> <span class='ocrx_word' id='word_1_908' title='bbox 1257 5715 1345 5768; x_wconf 76' lang='lat' dir='ltr'><strong>xv,</strong></span> <span class='ocrx_word' id='word_1_909' title='bbox 1376 5700 1465 5755; x_wconf 77' lang='lat'><strong>31.</strong></span> 
     </span>
    </p>
   </div>
  </div>
