3846 6220
125 300 236 355 69⁸1

1229 304 1293 359 ΙΝ
1330 299 1865 359 ΕίίΟιΕΞΙΑΞΤΕΝ,
1909 296 2193 354 HOMILIA
2226 294 2306 352 Vl.

3293 284 3399 343 698

133 423 277 494 πρὸς
299 424 400 495 τὴν
432 423 527 477 τοῦ
553 423 669 494 βίου
692 423 1029 497 κατόρθωσιν
1053 425 1140 479 διὰ
1182 425 1276 478 τοῦ
1308 425 1468 493 λόγου
1515 422 1716 478 λαϐών.

1842 419 2117 475 tdmodum
2172 416 2241 470 sit
2278 430 2345 469 ex
2396 411 2600 465 virtute
2631 406 2944 470 vivendum,
2974 402 3208 476 quadam
3232 403 3399 456 veluti

132 514 329 568 Ταῦτα
346 510 440 567 οὖν
476 516 625 567 ἐστιν
651 514 688 568 ἀ
716 515 1107 585 ἐπαγγέλλεται
1134 517 1264 586 ἡμῖν
1283 516 1340 568 ἐν
1357 514 1662 587 προοιμίοις
1687 516 1722 585 ἡ

134 604 481 675 προκειμένη
510 604 618 657 τῶν
652 604 825 673 λόγων
852 605 1124 672 ἐξέτασις,
1156 606 1215 658 ἐν
1252 599 1334 668 οἷς
1361 604 1724 673 ἀποφαίνεται

134 696 225 748 ὅτι
249 698 363 759 τοίς
395 697 561 749 πᾶσιν
589 697 619 750 ὁ
646 696 839 766 χρόνος
895 697 991 751 καὶ
1041 697 1232 768 καιρὸς
1264 696 1342 767 τῷ
1373 696 1537 750 παντὶ⁵
1578 695 1724 766 πρά-

137 804 315 857 γματι
349 788 454 841 ὑπὸ
486 787 581 840 τὸν
602 789 859 862 οὑρανόν.
878 789 940 843 Εἰ
963 789 1072 858 γάρ
1090 807 1174 853 τις
1200 788 1279 860 τῷ
1307 789 1461 859 βάθει
1481 790 1581 859 τῆς
1610 790 1727 843 δια-

140 877 298 940 νοίας
339 876 635 947 ἐγκύψειε,
677 877 879 948 πολλὴν
914 877 980 932 ἂν
1021 877 1233 950 εὕροιτο
1265 879 1581 950 φιλοσοφίαν
1621 881 1724 950 ἐμο

136 968 616 1042 περιειλημμένην
641 973 753 1034 τοῖς
778 971 1007 1041 ῥήμασι,
1029 970 1369 1042 θεωρητικήν
1395 989 1455 1025 τε
1476 973 1570 1025 καὶ
1590 989 1653 1024 συ
1661 989 1727 1041 μ-

139 1058 503 1129 βουλευτικὴν
552 1060 661 1113 τῶν
700 1061 1106 1132 συμφερόντων.
1144 1063 1254 1116 Καὶ
1300 1063 1377 1127 ὡς
1407 1063 1474 1117 ἂν
1517 1064 1728 1131 γένοιτό

137 1167 227 1214 τις
270 1152 406 1223 ἡμῖν
435 1151 501 1205 δι’
535 1151 731 1220 ὀλίγων
759 1151 949 1219 ἔφοδος
973 1153 1110 1224 πρὸς
1138 1153 1234 1224 τὴν
1260 1153 1353 1207 τοῦ
1396 1154 1559 1225 ῥητοῦ
1589 1155 1726 1208 θεω-

141 1242 298 1311 ρίαν,
328 1242 530 1296 οὑτωσὶ
560 1242 651 1298 τὸν
678 1244 833 1313 λόγον
863 1244 1265 1315 διαληψόμεθα·
1297 1245 1418 1301 Τῶν
1447 1246 1635 1309 ὄντων,
1667 1247 1729 1300 τὸ

144 1334 251 1403 μέν
294 1336 444 1389 ἐστιν
479 1336 665 1390 ὑλικόν
702 1355 763 1390 τε
798 1339 895 1392 καὶ
924 1338 1183 1410 αἰσθητόν
1209 1354 1220 1366 ’
1249 1338 1311 1391 τὸ
1344 1338 1401 1392 δὲ
1447 1340 1635 1410 νοητόν
1668 1357 1728 1393 τε

141 1427 242 1478 καὶ
269 1426 453 1481 άῦλον.
488 1426 705 1481 Τούτων
741 1428 803 1481 τὸ
831 1430 929 1499 μὲν
955 1428 1247 1500 ἀσώματον
1273 1430 1595 1500 ὑπέρκειται
1630 1431 1729 1501 τῆς

139 1516 419 1586 αἰσθητῆς
449 1517 831 1589 καταλήψεως,
935 1520 1057 1573 τότε
1096 1520 1441 1591 γνωσόμεθα,
1469 1522 1598 1575 ὅταν
1628 1522 1730 1585 τὰς

140 1604 434 1673 αἰσθήσεις
478 1604 895 1676 ἀποδυσώμεθα.
950 1607 1062 1677 Τῆς
1092 1607 1150 1660 δὲ
1201 1608 1390 1679 ὑλικῆς
1448 1608 1726 1680 φύσεωςή

138 1692 401 1763 αἴσθησις
433 1693 532 1764 τὴν
563 1694 849 1764 ἀντίληψιν
879 1694 1101 1765 ἔχουσα,
1134 1696 1385 1766 διαϐῆναι
1418 1696 1478 1750 τὸ
1508 1699 1729 1771 οὐρανι-

1824 522 1943 568 arte
1992 520 2047 566 et
2090 507 2349 564 methodo
2390 521 2483 575 per
2531 504 2799 558 rationem
2845 506 3069 569 accepta
3118 495 3185 549 ad
3233 496 3397 550 vitam

1826 610 1976 659 recte
2004 600 2326 673 degendam.
2364 595 2491 649 Haec
2521 601 2650 648 sunt
2675 605 2807 662 ergo
2836 603 2958 659 qua:
2985 587 3143 642 nobis
3175 586 3400 656 pollice-

1825 703 1918 749 tur
1944 696 2000 749 in
2031 693 2299 764 prommio
2326 690 2608 761 proposita
2640 687 2930 740 verborum
2956 678 3311 740 examinatio,
3348 679 3400 731 in

1824 787 2027 860 quibus
2063 784 2384 854 pronuntiat
2421 798 2545 837 esse
2584 790 2800 849 tempus
2843 788 2898 832 et
2936 774 3401 847 opportunitatem

1826 880 2101 941 universa“:
2127 877 2205 930 rei
2232 877 2335 930 sub
2368 875 2529 929 cmlo.
2566 871 2625 925 Si
2651 870 2775 941 quis
2807 871 2952 924 enim
2980 865 3403 937 profunditatem

1828 985 2033 1027 sensus
2068 967 2482 1037 introspexerit,
2525 965 2768 1019 inveniet
2798 962 2853 1015 in
2890 961 3071 1015 verbis
3098 973 3225 1015 esse
3252 970 3405 1011 com-

1826 1064 2163 1134 prehensum
2217 1060 2448 1113 multum
2493 1054 2878 1129 philosophiae,
2920 1062 3029 1107 tam
3071 1049 3406 1119 contempla-

1828 1156 1975 1218 tivze,
2010 1168 2176 1223 quam
2216 1151 2336 1220 ejus
2365 1166 2489 1220 quae
2525 1148 2767 1205 consulit
2796 1162 2859 1203 ea
2907 1160 3029 1216 qua
3061 1152 3188 1200 sunt
3228 1143 3403 1198 utilia.

1822 1246 1901 1303 -Ut
1931 1254 2111 1302 autem
2136 1246 2207 1300 sit
2230 1244 2391 1299 nobis
2414 1243 2606 1312 paucis
2636 1251 2787 1297 certa
2809 1240 2894 1293 via
2918 1255 2981 1293 ac
3003 1238 3145 1293 ratio
3176 1235 3243 1291 ad
3276 1250 3407 1289 con-

1830 1345 2037 1394 textnm
2077 1334 2515 1405 intelligendum,
2550 1333 2618 1387 de
2656 1347 2723 1386 eo
2751 1338 2991 1385 tractare
3016 1329 3093 1382 ita
3126 1325 3407 1396 aggredie-

1804 1442 1956 1483 'mur
1978 1441 1991 1477 :
2011 1427 2087 1481 Ex
2113 1428 2181 1482 iis
2207 1441 2328 1495 quae
2351 1433 2501 1487 sunt,
2529 1422 2676 1478 aliud
2695 1421 2915 1491 quidem
2942 1429 3025 1474 est
3052 1418 3333 1473 materiale
3353 1424 3407 1471 et

1829 1520 2066 1577 sensile:
2099 1519 2244 1573 aliud
2265 1527 2445 1572 autem
2481 1516 2627 1586 quod
2665 1514 2815 1569 cadit
2839 1512 2943 1567 sub
2970 1510 3404 1580 intelligentiam,

1828 1616 1884 1663 et
1925 1614 2014 1664 est
2055 1621 2253 1676 expers
2288 1606 2551 1659 materiae.
2589 1605 2664 1657 Ex
2700 1602 2789 1670 iis,
2820 1602 2873 1656 id
2903 1599 3122 1670 quidem
3153 1600 3298 1669 quod
3325 1608 3410 1653 est

1830 1698 2242 1768 incorporeum,
2272 1704 2569 1766 exsuperat
2602 1710 2801 1750 sensus
2838 1692 3407 1763 comprehensionem,

141 1782 244 1834 κὸν
268 1781 450 1851 σῶμα,
482 1783 577 1835 καὶ
609 1785 689 1847 είς
725 1785 797 1835 τὰ
826 1783 1082 1837 ἐπέκεινα
1108 1784 1216 1837 τῶν
1248 1785 1583 1856 φαινομένων
1615 1786 1729 1839 δια-

1842 1798 2102 1861 ιιιειιοηυε
2129 1799 2261 1844 tunc
2292 1802 2711 1859 cognoscemus,
2752 1786 2976 1857 quando
3013 1800 3214 1841 sensus
3245 1799 3411 1838 exue—

138 1872 305 1927 δῦναι
333 1872 494 1942 φύσιν
522 1873 622 1927 οὑκ
660 1873 794 1944 ἔχει.
823 1870 896 1929 Οὗ
929 1875 1090 1946 χάριν
1120 1874 1190 1928 τά
1220 1876 1348 1943 περὶ
1383 1876 1493 1929 τῶν
1523 1876 1727 1946 γηΐνων

142 1966 245 2017 καὶ
298 1966 635 2037 ἐπουρανίων
675 1967 704 2019 0
736 1967 893 2035 λόγος
936 1970 1066 2038 ἡμῖν
1114 1968 1440 2035 διαλέγεται,
1472 1971 1619 2033 ὅπως
1663 1969 1729 2024 ἂν

140 2055 467 2121 ἀπταίστως
492 2059 549 2111 ἐν
571 2058 745 2129 τούτῳ
774 2059 1092 2129 διαϐιῶμεν.
1121 2060 1333 2125 ’Υλικὺς
1350 2053 1505 2124 οὗτος
1531 2064 1561 2114 0
1594 2060 1728 2131 βίος,

140 2148 237 2201 διὰ
294 2148 496 2218 σαρκὸς
537 2151 573 2221 ή
604 2150 737 2221 ζωή.
788 2150 1188 2205 Ἐπισκοτεῖται
1232 2152 1290 2206 δέ
1332 2170 1448 2215 πως
1488 2152 1593 2205 ὑπὸ
1620 2153 1731 2206 τῶν

143 2245 275 2296 κατ’
323 2240 576 2314 αἴσθησιν
629 2247 1041 2316 ἐμφαινομένων
1094 2249 1128 2318 ἡ
1158 2244 1252 2300 τοῦ
1288 2247 1454 2301 καλοῦ
1507 2246 1729 2319 θεωρία.

157 2336 389 2406 Ἐπιστή
400 2353 507 2405 μης
529 2331 620 2389 οὖν
641 2353 784 2400 τινος
806 2338 942 2410 πρὸς
970 2337 1068 2409 τὴν
1097 2338 1192 2393 τοῦ
1212 2338 1379 2392 καλοῦ
1402 2338 1581 2410 κρίσιν
1607 2340 1730 2391 ἐπι-

141 2424 385 2494 δεόμεθα
411 2465 428 2490 ,
465 2427 553 2479 ἵνα
599 2428 850 2501 καθάπερ
894 2430 988 2482 ἐπὶ
1034 2429 1142 2483 τῶν
1191 2429 1732 2499 κατασκευασμάτων

145 2515 332 2569 κανών
359 2533 445 2580 τις
476 2518 509 2587 ἢ
550 2520 861 2592 ἐπιστάθμη
909 2520 1164 2592 διευθὺνῃ
1196 2523 1305 2575 πᾶν
1340 2522 1400 2574 τὸ
1427 2521 1729 2590 γινόμενον.

144 2607 326 2661 Τοῦτο
365 2607 460 2662 οὖν
504 2612 637 2681 ἡμῖν
671 2612 776 2664 ὑπὸ
811 2610 907 2664 τοῦ
954 2612 1112 2680 λόγου
1146 2613 1548 2685 προδείκνυται,
1572 2612 1640 2665 δι’
1672 2605 1734 2665 οὗ

147 2701 293 2770 πρὸς
324 2701 385 2754 τὸ
411 2702 526 2755 δέον
551 2703 583 2772 ἡ
618 2703 730 2774 ζωῆ
759 2705 1165 2758 κατευθύνεται.

1833 1882 2030 1937 rimus.
2056 1880 2388 1936 Materialem
2411 1889 2592 1935 autem
2619 1887 2872 1933 naturam
2898 1892 3096 1933 sensus
3118 1876 3413 1946 apprehen-

1832 1973 1991 2039 dens,
2026 1988 2136 2027 non
2182 1981 2267 2028 est
2307 1973 2429 2042 ejus
2465 1978 2678 2025 natura:
2716 1977 2776 2024 ut
2808 1970 2982 2040 possit
3029 1968 3266 2023 transire
3299 1981 3412 2021 cm-

1833 2063 1970 2118 leste
2005 2077 2233 2131 corpus,
2262 2071 2316 2116 et
2344 2060 2641 2130 pervadere
2672 2060 2817 2114 ultra
2849 2072 2913 2114 ea
2948 2071 3056 2128 que
3087 2064 3411 2112 cernuntur.

1831 2155 2199 2221 Quamobrem
2233 2154 2392 2209 nobis
2418 2153 2662 2223 loquitur
2682 2167 2866 2209 sermo
2892 2151 2961 2206 de
2986 2149 3154 2205 rebus
3178 2149 3416 2204 terrenis

1832 2255 1887 2301 et
1915 2245 2256 2307 coelestibus,
2304 2251 2365 2297 ut
2399 2244 2540 2297 citra
2580 2258 2826 2298 errorem
2876 2242 2932 2295 in
2979 2242 3085 2295 hac
3114 2240 3226 2294 vita
3265 2239 3418 2293 viva-

1835 2353 1978 2392 mus.
2015 2336 2313 2393 Materialis
2349 2336 2465 2391 haec
2499 2336 2610 2391 vita
2640 2344 2726 2391 est
2748 2336 2862 2389 vita
2900 2349 2999 2405 per
3043 2348 3284 2388 carnem.
3336 2331 3417 2385 Ab

1836 2429 1907 2484 iis
1950 2437 2135 2484 autem
2165 2445 2289 2498 quae
2334 2443 2433 2499 per
2482 2443 2709 2484 sensum
2749 2433 3037 2497 apparent,
3085 2426 3417 2481 obscuratur

1837 2522 2242 2591 quodammodo
2274 2522 2667 2592 contemplatio
2696 2521 2817 2590 ejus
2841 2520 2988 2589 quod
3015 2526 3099 2574 est
3130 2518 3335 2573 bonum
3365 2522 3419 2570 et

1839 2612 2152 2666 honestum.
2202 2611 2354 2682 Opus
2399 2620 2485 2667 est
2529 2628 2662 2683 ergo
2691 2613 2875 2682 aliqua
2909 2611 3141 2667 scientia
3180 2608 3246 2663 ad
3272 2607 3421 2677 judi-

1838 2703 2076 2757 candum
2114 2703 2165 2756 id
2194 2704 2341 2773 quod
2383 2711 2468 2759 est
2510 2704 2711 2759 bonum
2761 2712 2816 2757 et
2862 2704 3170 2765 honestum,
3210 2709 3271 2755 ut
3301 2709 3422 2754 tan—

147 2805 320 2859 quam
367 2791 423 2844 in
467 2791 717 2849 aediﬁciis
753 2795 942 2865 regula
983 2796 1165 2864 aliqua
1209 2803 1303 2849 aut
1351 2795 1611 2859 amussis,
1652 2794 1706 2848 id
1746 2801 1922 2848 totum
1958 2794 2102 2864 quod
2158 2794 2218 2849 ﬁt
2258 2794 2480 2865 dirigat.
2528 2796 2610 2851 Ab
2643 2795 2892 2872 oratione
2936 2809 3067 2864 ergo
3112 2795 3215 2847 hoc
3264 2791 3423 2846 nobis

148 2881 312 2951 prius
338 2881 669 2946 ostenditur,
702 2901 798 2954 per
827 2885 975 2955 quod
1003 2888 1112 2940 vita
1142 2887 1403 2959 dirigitur
1431 2889 1499 2942 ad
1540 2888 1592 2941 id
1630 2886 1778 2956 quod
1817 2894 2056 2956 oportet.

223 2975 331 3028 Δύο
384 2976 493 3047 γὰρ
546 2974 687 3033 εἷναί
739 2997 871 3050 φησι
920 2979 1012 3033 τοῦ
1074 2980 1240 3039 καλοῦ
1280 2982 1543 3052 κριτήρια
1587 2980 1738 3051 παρὰ

144 3067 244 3119 τὸν
298 3067 434 3136 βίον,
474 3070 558 3139 ἐφ’
607 3071 826 3141 ἑκάστῳ
857 3069 968 3123 τῶν
1010 3073 1147 3142 ἐντῇ
1192 3070 1304 3142 ζωῇ
1348 3071 1521 3142 ταύτῃ
1569 3087 1736 3123 σπου-

144 3159 508 3229 δαζομένων,
545 3160 607 3213 τὸ
663 3161 977 3231 σύμμετρον
1035 3163 1129 3215 καὶ
1185 3162 1247 3215 τὸ
1299 3160 1574 3231 εὔκαιρον.
1629 3161 1739 3213 Καὶ

145 3250 315 3304 τοῦτο
376 3251 690 3323 δογματίζει
743 3253 838 3307 νῦν
897 3252 1254 3321 λέγων-Τοῖς
1308 3254 1473 3307 πᾶσιν
1524 3255 1552 3306 0
1608 3252 1736 3323 χρό-

146 3360 244 3405 νος
270 3382 287 3404 ,
328 3344 422 3395 καὶ
484 3344 675 3414 καιρὸς
705 3344 782 3416 τῷ
840 3346 1002 3399 παντὶ
1054 3347 1359 3417 πράγματι.
1401 3345 1639 3414 Νοητέον
1683 3344 1741 3398 δὲ

147 3435 281 3489 ἀντὶ
321 3435 417 3488 τοῦ
466 3436 658 3506 χρόνου
712 3438 774 3491 τὸ
824 3438 1046 3509 μέτρον,
1090 3438 1223 3492 διότι
1279 3439 1442 3491 παντὶ
1494 3438 1602 3491 τῶν
1652 3456 1740 3507 για

146 3526 398 3595 νομένων
439 3528 932 3597 συμπαρατείνεται
960 3529 1167 3600 χρόνος.
1206 3528 1391 3582 Ταῦτα
1422 3529 1600 3583 τοίνυν
1646 3529 1739 3583 τοῦ

151 3613 327 3667 καλοῦ
361 3614 429 3667 τά
468 3617 750 3687 κριτήρια,
783 3621 833 3670 εἰ
869 3619 942 3688 μὴ
975 3617 1199 3672 καθόλου
1230 3618 1366 3689 πρὸς
1404 3620 1583 3671 πᾶσαν
1611 3619 1741 3688 ἀρε-

150 3706 259 3774 τῆς
302 3706 639 3777 κατόρθωσιν
693 3708 1010 3779 ἐπιτηδείως
1046 3709 1178 3779 ἔχει,
1218 3707 1370 3761 οὔπω
1416 3708 1742 3777 διισχυρίζο-

157 3814 280 3867 μαι,
314 3797 419 3859 ἓως
456 3796 520 3849 ἂν
545 3799 573 3850 0
599 3796 755 3865 λόγος
783 3797 987 3868 προῖὼν
1019 3798 1276 3870 ἐπιδείξῃ.
1310 3799 1429 3852 Ὅτι
1466 3800 1651 3869 μέντοι
1684 3799 1744 3851 τὸ

154 3888 344 3940 πλεῖον
380 3889 482 3958 τῆς
519 3889 854 3960 τεταγμένης
890 3888 1033 3960 ζωῆς
1078 3892 1147 3961 τῇ
1183 3890 1402 3961 τοιαύτη
1452 3891 1744 3959 κατορθοῦ-

155 3997 250 4033 ται
302 3982 704 4052 παρατηρήσει,
758 3981 956 4044 παντὸς
998 3982 1062 4035 ἂν
1109 3982 1197 4051 εἴη
1250 3983 1599 4052 κατανοῆσαι.
1650 3982 1745 4046 Τίς

158 4072 274 4141 γὰρ
303 4073 406 4125 οὑκ
432 4066 571 4124 οἶδεν
600 4073 681 4124 ὅτι
720 4074 813 4125 καὶ
856 4074 888 4141 ἡ
931 4073 1100 4143 ἀρετὴ
1129 4072 1323 4144 μέτρον
1346 4074 1462 4125 ἐστὶ
1488 4075 1552 4143 τῇ
1588 4073 1746 4142 μεσό-

155 4178 284 4230 τητι
332 4159 440 4213 τῶν
482 4161 1023 4231 παραθεωρουμένων
1070 4161 1464 4235 μετρούμενον;
1527 4163 1602 4215 Οὐ
1638 4162 1746 4234 γὰρ

154 4253 227 4308 ἂν
256 4252 468 4321 γένοιτο
501 4254 670 4325 ἀρετὴ
703 4256 735 4324 ἡ
770 4254 993 4326 ἐλλιπὴς
1018 4254 1111 4307 τοῦ
1144 4254 1473 4325 καθήκοντος
1522 4256 1746 4327 μέτρου,

154 4344 191 4414 ἦ
233 4344 675 4414 ὑπερπίπτουσα,
714 4339 823 4397 οἷον
870 4346 964 4396 ἐπὶ
1000 4345 1100 4413 τῆς
1141 4345 1412 4416 ἀνδρείας,
1449 4338 1514 4416 ἧς
1554 4345 1615 4399 τὸ
1651 4347 1747 4415 μὲν

154 4434 431 4499 ἐλλεῖπον,
472 4435 660 4499 δειλία,
688 4436 749 4489 τὸ
782 4435 840 4489 δὲ
880 4434 1248 4507 ὑπερϐάλλον,
1283 4435 1481 4505 θράσος
1518 4436 1745 4502 γίνεται.

1916 2978 2060 3033 Dicit
2108 2979 2254 3033 enim
2295 2978 2406 3033 duo
2440 2994 2585 3041 esse,
2633 2995 2733 3050 per
2765 2995 2890 3049 qua:
2932 2977 3080 3049 quod
3116 2978 3320 3033 bonum
3373 2986 3428 3031 et

1844 3070 2139 3125 honestum
2170 3078 2253 3125 est
2294 3070 2579 3138 judicatur
2612 3071 2664 3124 in
2714 3071 2843 3135 vita,
2882 3069 2939 3124 in
2969 3084 3302 3140 unoquoque
3332 3083 3429 3123 eo-

1766 3196 1808 3252 C
1841 3178 1961 3214 rum
1985 3161 2040 3216 in
2058 3177 2179 3231 qua:
2200 3161 2443 3215 studium
2464 3162 2518 3217 in
2546 3176 2607 3215 ea
2626 3162 2911 3216 confertur
2936 3179 2950 3215 :
2978 3176 3173 3230 nempe
3201 3174 3430 3230 symme-

1844 3255 1950 3307 tria
1976 3262 2031 3307 et
2067 3253 2471 3322 opportunitas.
2511 3253 2590 3309 De
2630 3269 2696 3308 eo
2741 3263 2923 3309 autem
2956 3268 3104 3307 nunc
3146 3250 3429 3306 decretum

1843 3343 2060 3406 statuit,
2098 3342 2329 3396 dicens:
2371 3340 2641 3397 Omnibus
2672 3352 2758 3398 est
2800 3350 3036 3412 tempus,
3082 3349 3137 3396 et
3164 3349 3430 3411 opportu-

1844 3435 1992 3489 nitas
2032 3436 2303 3490 uuiversa:
2348 3435 2449 3491 rei.
2497 3435 2602 3491 Pro
2629 3443 2875 3506 tempore
2908 3442 3089 3490 autem
3128 3433 3432 3505 intelligere

1845 3536 2063 3599 oportet
2129 3529 2353 3583 modum
2420 3544 2518 3584 seu
2567 3544 2901 3592 mensuram,
2945 3535 3232 3598 propterea
3283 3524 3431 3596 quod

1845 3635 1971 3673 cum
1998 3618 2244 3688 quolibet
2285 3635 2475 3674 eorum
2508 3635 2628 3689 qua:
2665 3619 2801 3673 ﬁunt
2842 3628 3057 3688 tempus
3112 3618 3276 3673 simul
3332 3632 3431 3672 ex-

1845 3711 2123 3764 tendatur.
2161 3712 2289 3765 Hzec
2343 3727 2475 3781 ergo
2528 3712 2730 3781 quibus
2790 3712 2994 3765 bonum
3045 3719 3099 3765 et
3141 3710 3432 3763 honestum

1842 3803 2183 3873 judicantur,
2216 3819 2283 3857 an
2320 3804 2432 3858 sint
2460 3804 2688 3858 omnino
2717 3811 2846 3873 opta
2877 3803 2944 3855 ad
2977 3816 3195 3856 omnem
3224 3809 3432 3855 rectam

1845 3912 1911 3950 ex
1941 3896 2146 3950 virtute
2189 3896 2489 3961 actionem,
2535 3895 2780 3949 nondum
2815 3896 3114 3958 constituo,
3158 3893 3335 3948 donec
3379 3889 3434 3946 id

1846 3985 2153 4054 procedens
2200 3985 2459 4039 ostendat
2504 3985 2706 4039 oratio.
2766 3983 2922 4050 Quod
2970 3994 3149 4039 autem
3198 3981 3435 4036 maxima

1848 4090 1976 4145 pars
2005 4075 2128 4129 vitae
2153 4090 2279 4129 vere
2309 4076 2576 4129 institutae
2604 4091 2663 4130 se
2699 4082 2847 4130 re.-te
2873 4082 3048 4143 gerat,
3078 4088 3145 4129 ea
3175 4073 3435 4129 observa-

1851 4167 1995 4219 tione
2028 4174 2206 4234 potest
2244 4166 2473 4234 quilibet
2503 4167 2839 4235 perspicere.
2874 4165 3013 4231 Quis
3056 4165 3203 4220 enim
3256 4164 3436 4219 nescit

1850 4255 2113 4310 virtutem
2172 4270 2296 4309 esse
2344 4270 2685 4321 mensuram,
2727 4270 2893 4323 quam
2935 4255 3159 4309 metitur
3197 4253 3435 4309 n'edium

1849 4362 2042 4401 eorum
2071 4362 2193 4416 quas
2229 4346 2388 4416 juxta
2436 4361 2557 4401 eam
2606 4346 3070 4401 considerantur?
3112 4343 3232 4401 Non
3289 4346 3437 4400 enim

1856 4445 2040 4508 potest
2084 4452 2211 4492 esse
2237 4438 2434 4498 virtus.
2486 4438 2577 4491 cui
2615 4440 2698 4492 vel
2744 4438 2919 4501 deest,
2964 4438 3049 4491 vel
3095 4438 3184 4492 cui
3220 4436 3438 4493 excedit

154 4522 235 4579 Οὑ
260 4527 423 4598 χάριν
449 4530 541 4581 καί
579 4545 720 4591 τινες
745 4527 845 4597 τῆς
872 4527 976 4592 ἔξω
1004 4524 1213 4594 σοφίας,
1234 4524 1462 4580 κλέπται
1482 4528 1622 4598 τάχα
1647 4526 1735 4579 τῶι

1858 4527 2202 4582 conveniens
2232 4541 2519 4591 mensura,
2560 4534 2617 4579 ut
2648 4527 2704 4579 in
2739 4529 2920 4596 magni
2956 4536 3010 4582 et
3034 4526 3241 4581 excelsi
3266 4527 3436 4580 animi

155 4617 447 4687 ἡμετέρων
473 4616 773 4685 γενόμενοι,
798 4615 1092 4684 διελόμενοι
1123 4615 1221 4685 τὴν
1255 4612 1661 4684 σημαινομένην
1692 4613 1749 4665 ἐν

154 4706 237 4778 τῷ
266 4706 421 4779 ρητῷ
457 4707 632 4778 τούτῳ
664 4707 926 4766 διάνοιαν,
965 4707 994 4757 0
1032 4706 1129 4775 μὲν
1164 4704 1225 4756 τὸ
1260 4704 1424 4774 μηδὲν
1462 4702 1749 4765 ἐλλείπειν,

155 4800 216 4850 ἐν
260 4796 648 4867 ἀποφθέγματι
684 4796 1119 4863 συνεϐούλευσεν,
1152 4797 1181 4849 ὁ
1217 4795 1273 4848 δὲ
1308 4796 1369 4848 τὸ
1402 4795 1521 4847 λίαν
1550 4793 1753 4848 ἐκώλυ-

157 4906 285 4945 σεν·
319 4890 348 4941 0
382 4891 483 4959 μὲν
514 4888 621 4960 γὰρ
654 4887 713 4941 τὸ
755 4888 950 4959 μέτρον
990 4888 1210 4958 ἄριστον
1250 4889 1598 4958 ἀπεφήνατο,
1638 4889 1667 4939 0
1696 4885 1750 4939 δὲ

153 4981 220 5035 τό
266 4981 437 5052 μηδὲν
482 4980 624 5049 ἄγαν
666 4977 1074 5050 ἐνομοθέτησεν.
1117 4979 1399 5032 Δείκνυται
1433 4978 1488 5031 δὲ
1527 4977 1593 5031 δι’
1629 4980 1752 5030 ἐκαο

154 5074 357 5144 τέρων,
407 5074 488 5126 ὅτι
537 5066 633 5125 καὶ
673 5071 734 5125 τὸ
765 5071 840 5143 μὴ
864 5069 1148 5138 ἐφικέσθαι
1188 5069 1282 5122 τοῦ
1324 5068 1751 5139 ἐπιζητουμένου

156 5165 285 5219 κατ’
318 5164 522 5235 ἀρετὴν
553 5163 779 5234 μέτρου,
822 5162 930 5215 τῶν
975 5162 1435 5231 κατεγνωσμένων
1476 5162 1614 5224 ἐστὶ,
1661 5159 1754 5212 καὶ

158 5257 221 5311 τὸ
288 5254 650 5325 ὑπερϐάλλειν
701 5256 798 5324 τὴν
843 5254 1183 5325 συμμετρίαν
1228 5254 1548 5323 ἀπόϐλητον.
1596 5253 1754 5307 Ἀλλά

158 5352 258 5402 καί
301 5347 430 5419 περὶ
460 5348 554 5400 τοῦ
596 5346 740 5401 κατά
781 5347 877 5417 τὴν
931 5348 1215 5415 εὐκαιρίαν
1273 5348 1472 5418 μέρους
1514 5349 1543 5399 0
1592 5349 1754 5412 αὐτὸς

159 5440 229 5493 ᾶν
269 5439 405 5508 ἡμῖν
433 5438 827 5508 ἀποδοθήσεται
866 5437 1020 5505 λόγος
1038 5457 1050 5470 ·
1074 5439 1156 5491 ὅτι
1183 5436 1308 5491 οὔτε
1334 5439 1395 5491 τὸ
1432 5439 1753 5509 προλαμϐά-

156 5548 253 5584 νον
304 5531 406 5602 τὴν
452 5531 758 5601 εὐκαιρίαν,
794 5530 921 5601 οὔτε
972 5531 1033 5584 τὸ
1083 5530 1431 5603 ὲφυστερίζον
1460 5535 1517 5585 ἐν
1552 5532 1755 5600 ἀγαθοῦ

161 5625 414 5694 κρίνεται
465 5624 648 5694 μοίρᾳ.
703 5623 769 5675 Τί
820 5623 996 5694 ὢνησε
1040 5624 1131 5683 τὸν
1160 5626 1433 5691 γεωπόνον
1467 5625 1759 5695 ἐμπιστεύ-

165 5730 338 5771 cavea
394 5715 493 5787 τὴν
542 5715 645 5769 τῶν
694 5715 977 5787 ἀσταχύων
1018 5715 1209 5788 τομὴν,
1262 5717 1386 5790 πρὶν
1431 5717 1757 5791 ἀδρυνθῆναι

1854 4618 2084 4684 virtute,
2118 4617 2282 4685 cujus
2328 4614 2475 4686 quod
2525 4616 2711 4670 deﬁcit
2742 4616 2986 4686 quidem,
3018 4625 3105 4669 est
3143 4614 3434 4679 timiditas,

1861 4708 2012 4780 quod
2051 4719 2350 4779 exsuperat
2402 4715 2609 4773 autem,
2658 4717 2743 4763 cst
2792 4708 3042 4762 audacia.
3070 4707 3436 4773 Quamobrem

1852 4807 2111 4855 externa:
2142 4798 2429 4867 sapientia:
2462 4799 2740 4863 nonnulli,
2778 4813 2806 4851 a
2842 4799 3051 4853 nostris
3088 4798 3229 4851 forte
3267 4796 3438 4852 suﬁ'u-

1852 4892 1980 4957 rati,
2020 4891 2436 4961 distinguenles
2468 4906 2695 4945 sensum
2732 4891 2825 4959 qui
2863 4896 2917 4943 in
2945 4891 3048 4944 hoc
3073 4897 3223 4943 textu
3266 4887 3439 4958 signi-

1856 4984 2076 5045 ﬁcatur,
2112 4982 2257 5035 alius
2300 4981 2547 5051 quidem,
2599 4989 2660 5035 ut
2703 4983 2839 5035 nihil
2890 4980 3109 5036 deesset
3161 4979 3439 5034 consuluit

1853 5075 1907 5127 in
1938 5072 2368 5142 apophtegmate
2395 5091 2409 5126 :
2434 5072 2578 5127 alius
2600 5088 2731 5127 vero
2753 5072 2899 5140 quod
2927 5072 3157 5125 nimium
3178 5080 3282 5135 est,
3315 5085 3429 5139 pro-

1856 5161 2052 5216 hibuit.
2090 5162 2225 5216 Nam
2273 5162 2364 5217 bic
2398 5164 2619 5233 quidem
2655 5178 2779 5218 esse
2809 5178 3125 5217 mensuram
3174 5162 3438 5231 optimam

1853 5254 2279 5323 pronuntiavit:
2331 5256 2469 5309 alter
2507 5270 2638 5309 vero
2674 5262 2734 5308 ut
2764 5269 2835 5308 ne
2883 5254 3014 5324 quid
3057 5262 3205 5309 esset
3244 5253 3432 5320 nimis,

1856 5351 1976 5421 lege
2006 5353 2212 5406 sanxit.
2245 5350 2352 5407 Per
2374 5359 2675 5421 utrumque
2709 5357 2894 5404 autem
2926 5348 3256 5413 ostenditur,
3290 5348 3437 5417 quod

1855 5458 1966 5497 non
2015 5445 2241 5514 assequi
2278 5434 2598 5499 mensuram
2637 5457 2759 5513 quae
2804 5458 2870 5497 ex
2910 5443 3112 5496 virtute
3153 5442 3437 5511 quazritnr,

1856 5539 1940 5588 est
1975 5548 2043 5589 ex
2094 5533 2162 5588 iis
2198 5550 2320 5604 quae
2354 5542 2484 5590 sunt
2540 5535 2879 5606 rcprobata:
2934 5540 2988 5587 et
3021 5532 3438 5586 convenientem

1856 5638 2191 5694 exsuperare
2239 5626 2499 5687 modum,
2556 5634 2640 5680 est
2699 5624 3079 5695 rejiciendum.
3136 5623 3243 5678 Sed
3287 5625 3441 5677 etde

1857 5726 2013 5787 parte
2046 5716 2482 5789 opportunitatis
2518 5719 2663 5777 idem
2718 5733 2937 5791 quoque
2974 5733 3001 5772 a
3047 5717 3206 5773 nobis
3251 5716 3439 5772 trade-
