3846 6220
461 275 570 334 G99

1738 301 1796 356 S.
1830 303 2156 362 CREGORII
2196 307 2489 366 NYSSE'NI

3638 315 3730 370 7m

465 406 593 502 tur:
630 409 827 468 nempe
858 402 1009 502 quod
1034 419 1211 502 neque
1246 409 1390 477 quod
1426 416 1686 480 prtevenit
1713 423 2036 489 opportuni-

2144 426 2260 479 καθ’
2311 427 2460 499 ὥραν
2499 427 2569 482 τὰ
2611 429 2754 501 λήῖα,
2803 431 2835 501 ἢ
2889 430 3258 502 ύπερθέμενον
3301 430 3403 502 τὴν
3451 430 3601 501 περὶ
3653 433 3730 485 τὶν

464 495 654 551 tatem,
671 503 850 560 neque
865 493 1011 561 quod
1029 495 1087 548 Iit
1103 499 1338 563 tardius,
1354 502 1555 558 bonum
1581 517 1859 564 censetur.
1895 513 2036 578 Quid

462 579 974 652 prodestagrieolae,
991 589 1082 643 cui
1100 593 1350 647 mandata
1369 605 1452 651 est
1465 613 1595 652 cura
1613 603 1862 658 secandze
1878 621 2036 676 sege-

463 671 554 733 tis,
570 672 614 726 si
637 673 954 746 priusquam
976 679 1221 752 sitseges
1243 697 1478 751 matura,
1494 706 1614 744 eam
1631 703 1801 760 secet,
1818 705 1910 750 aut
1927 671 2038 753 me-

461 767 578 815 tere
606 761 846 830 diﬂerat,
864 766 1043 825 donec
1068 787 1136 825 ex
1152 774 1352 831 culmis
1371 777 1682 833 efﬂuxerint
1696 784 1950 838 semina?
1976 785 2037 840 ln

462 861 661 910 neutro
690 858 836 912 enim
868 861 941 914 ita
978 875 1267 920 exercetur
1298 869 1542 923 studium
1576 883 1634 925 nt
1665 874 1738 929 sil.
1776 874 1830 928 in
1867 877 2034 940 bono,

462 952 657 1014 utpote
685 949 831 1017 quod
877 953 1117 1007 secando
1154 957 1467 1026 importune
1494 962 1686 1030 perdat
1714 966 2036 1035 opportuni-

463 1043 631 1092 tatem
673 1042 958 1110 temporis.
999 1044 1159 1110 Quod
1189 1058 1369 1103 autem
1411 1051 1617 1106 dictum
1656 1063 1739 1110 est
1767 1055 1822 1109 in
1864 1065 2036 1125 parte,

460 1128 693 1199 intelligi
735 1143 918 1203 potest
965 1137 1131 1191 etiam
1178 1139 1232 1193 in
1283 1141 1563 1199 universo.
1610 1143 1848 1214 ldipsum
1891 1147 2037 1201 enim

461 1226 718 1279 usuvenit
757 1227 925 1282 etiam
963 1229 1017 1283 in
1056 1233 1426 1304 navigatione,
1455 1236 1571 1292 sive
1599 1238 1868 1308 quispiam
1896 1255 2036 1310 prte-

459 1318 666 1371 venerit
717 1322 1215 1389 opportunitatem,
1286 1327 1402 1382 sive
1453 1328 1668 1384 tardius
1718 1332 2034 1387 accesserit.

459 1405 603 1471 Quid
643 1418 824 1463 autem
846 1409 1140 1467 dicendum
1172 1414 1241 1468 de
1264 1416 1514 1472 medendi
1561 1427 1696 1481 arte,
1729 1433 1853 1472 cum
1879 1419 2036 1475 dam-

462 1513 594 1552 num
647 1499 838 1554 aﬂ'erat
859 1507 1214 1574 exsuperatio
1261 1514 1316 1562 et
1363 1507 1611 1564 defectus
1661 1512 1927 1582 temporis
1983 1521 2038 1568 et

461 1604 755 1676 mensurae,
794 1609 914 1663 qua:
961 1597 1218 1651 convenit
1249 1602 1564 1656 curationi?
1599 1600 1707 1657 Sed
1756 1604 1870 1658 haec
1912 1605 2037 1676 qui-

2143 518 2352 588 άμητον
2404 521 2659 592 σπουδὴν,
2702 522 2806 586 ἓως
2853 516 2913 577 οὗ
2963 526 3230 594 περιρρυῇ
3288 526 3354 594 τῇ
3393 521 3638 594 καλάμῃ
3671 541 3730 574 τε

2146 609 2470 680 σπέρματα;
2517 612 2605 664 Ἐν
2647 611 2912 685 οὐθετέρῳ
2959 614 3070 685 γὰρ
3117 613 3336 685 ἐνεργὸς
3387 613 3481 666 ἐπ’
3546 612 3729 682 ἀγαθῷ

2139 700 2350 768 γίνεται
2385 703 2418 772 ή
2451 703 2674 775 σπουδὴ,
2713 704 2833 758 καθ’
2865 705 3050 777 ἑτέρου
3083 705 3174 758 τοῦ
3207 705 3402 776 καιροῦ
3446 705 3563 776 τὴν
3598 706 3731 774 ὠφέ-

2138 789 2287 844 λειαν
2320 791 2376 844 ὲν
2413 795 2477 863 τῇ
2522 794 2750 866 ἀκαιρία
2795 798 2896 866 τῆς
2939 799 3113 867 τομῆς
3163 797 3539 852 ἀπολλύοντα.
3580 799 3648 849 Ὃ
3681 797 3733 850 δὲ

2139 884 2233 937 ἐπὶ
2263 884 2464 954 μέρους
2490 885 2726 957 εἴρηται,
2753 889 2847 941 καὶ
2873 889 2931 941 έν
2954 891 3117 943 παντὶ
3150 889 3373 944 δυνατόν
3406 890 3538 941 ἐστι
3579 906 3734 940 κατα-

2141 975 2352 1044 νοῆσαι.
2390 971 2514 1030 Οἷδε
2562 978 2671 1046 γὰρ
2721 978 2783 1032 τὸ
2815 976 2934 1032 ἴσον
2975 980 3068 1034 καὶ
3104 982 3138 1051 ή
3178 980 3441 1042 ναυτιλία,
3477 981 3608 1032 εἶτε
3658 996 3737 1040 τις

2145 1067 2406 1139 προλάϐοι
2431 1069 2530 1140 τὴν
2551 1069 2852 1138 εὐκαιρίαν,
2883 1070 2997 1125 είτε
3033 1070 3462 1141 έφυστερίσειεν.
3488 1070 3568 1122 Τί
3601 1069 3650 1120 δ’
3679 1071 3740 1123 ἂν

2143 1171 2230 1218 τις
2275 1155 2344 1207 τὰ
2387 1156 2487 1227 τῆς
2513 1157 2759 1228 ἰατρικῆς
2806 1157 2972 1226 λέγοι,
3004 1159 3132 1229 παρ’
3163 1159 3286 1212 ὅσον
3335 1159 3453 1210 ἐστὶ
3507 1159 3617 1211 καὶ
3669 1161 3738 1220 εἰς

2148 1245 2352 1318 βλάϐην
2386 1248 2656 1320 ὑπερϐολή
2693 1266 2754 1303 τε
2800 1249 2894 1303 καὶ
2938 1249 3170 1317 ἔλλειψις
3213 1248 3305 1302 τοῦ
3345 1252 3415 1319 τῇ
3453 1248 3741 1319 θεραπείᾳ

2145 1336 2476 1408 καθήκοντος
2526 1338 2717 1410 καιροῦ
2763 1341 2855 1393 καὶ
2906 1342 3145 1412 μέτρου;
3186 1340 3342 1393 Ἀλλὰ
3400 1341 3596 1392 ταῦτα
3649 1339 3741 1407 μὲν

2144 1430 2302 1484 ἐάσαι
2329 1432 2456 1503 χρὴ,
2484 1431 2572 1485 διὰ
2606 1431 2701 1485 τοῦ
2739 1431 2936 1502 ἐφεξῆς
2973 1433 3150 1501 λόγου,
3191 1434 3248 1486 έν
3276 1433 3462 1494 αὐταῖς
3489 1434 3628 1494 ταῖς
3651 1429 3738 1482 τοῦ

2157 1516 2579 1588 Ἐκκλησιαποῦ
2605 1522 2808 1588 φωναῖς
2834 1521 3164 1592 σαφέστερον
3192 1521 3622 1592 φανερουμένου
3650 1519 3739 1572 τοῦ

2146 1607 2554 1680 ὑποδείγματος.

459 1675 585 1732 (Ιεω
613 1690 744 1734 sunt
776 1684 1066 1748 mittenda,
1115 1703 1240 1740 cum
1271 1704 1371 1758 per
1399 1689 1457 1744 id
1527 1691 1674 1762 quod
1713 1675 1974 1768 deinceps
2050 1675 2450 1768 sequitur,qin
2500 1704 2641 1772 ipsis
2680 1703 2862 1758 verbis
2909 1701 3252 1757 Eeclesiastae
3279 1703 3612 1772 exemplum
3657 1703 3741 1753 lial

458 1772 685 1828 clarius.

533 1868 640 1922 Sed
677 1884 847 1939 quare
877 1880 1007 1926 sunt
1039 1873 1153 1928 [nec
1183 1874 1343 1931 nobis
1376 1879 1680 1947 praemissa,
1716 1887 1866 1937 utea
1898 1896 2032 1938 con-
2065 1890 2109 1946 Β

459 1961 806 2020 sideremus?
847 1965 1118 2031 Quoniam
1161 1984 1338 2038 neque
1361 1971 1508 2038 quod
1555 1987 1818 2030 mensura
1863 1982 2034 2040 caret,

458 2063 546 2110 est
575 2055 801 2121 bonum,
835 2072 1012 2128 neque
1035 2061 1183 2125 quod
1215 2069 1301 2115 est
1337 2060 1748 2131 importunum;
1777 2065 1872 2120 sed
1904 2064 2037 2120 illud

459 2160 548 2206 est
580 2151 782 2206 bonum
809 2163 864 2207 et
890 2169 957 2207 ex
997 2155 1201 2209 virtute
1247 2155 1476 2220 factum,
1505 2158 1652 2227 quod
1695 2175 1789 2228 per
1820 2166 2037 2213 utrum-

459 2259 570 2315 quc
601 2247 816 2315 accepit
865 2245 1278 2315 perfectionem.
1317 2246 1375 2301 Si
1405 2249 1552 2303 enim
1601 2251 1694 2304 uni
1745 2250 1844 2304 soli
1876 2251 2038 2306 exiis

459 2336 860 2402 attenderetur,
913 2337 1184 2407 reliquum
1226 2348 1407 2394 autem
1453 2342 1841 2412 negligeretur,
1891 2351 2039 2398 esset

461 2427 655 2483 inutile
683 2429 849 2483 etiam
882 2430 1028 2499 quod
1079 2437 1229 2486 recte
1259 2440 1474 2502 gestum
1500 2443 1650 2488 esset
1696 2434 1750 2488 in
1801 2435 2034 2505 reliquo.

461 2519 620 2574 Sicut
655 2537 784 2592 ergo
809 2537 932 2576 eum
970 2537 1072 2577 nos
1104 2533 1311 2578 motum
1341 2525 1559 2582 duobus
1592 2542 1916 2597 peragamus
1941 2544 2036 2599 pe-

459 2611 646 2678 dibus,
683 2612 729 2669 si
761 2615 1045 2684 quidpiam
1079 2615 1239 2670 alteri
1271 2618 1592 2682 accidisset,
1641 2620 1849 2674 inutilis
1891 2629 2037 2675 esset

461 2702 531 2756 ad
566 2718 792 2759 cursum
824 2704 873 2760 is
902 2707 1068 2760 etiam
1102 2707 1194 2762 cui
1230 2708 1367 2762 nihil
1398 2709 1618 2772 accidit,
1653 2721 1878 2780 propter
1915 2710 2036 2779 ejus

458 2797 554 2866 qui
601 2797 767 2851 simul
816 2812 940 2852 cum
1013 2799 1190 2854 altero
1218 2809 1514 2869 operatur,
1560 2800 2032 2855 imbecillitatem:

465 2890 540 2944 ita
600 2888 645 2943 si
709 2889 946 2959 tempori
1017 2891 1158 2945 desit
1219 2907 1527 2955 mensura,
1608 2899 1702 2945 aut
1767 2906 2037 2946 mensum

459 2981 880 3050 opportunitas,
963 2997 1089 3035 cum
1171 2996 1239 3037 eo
1306 2981 1452 3052 quod
1536 2992 1744 3048 restat,
1810 2983 2036 3038 omnino

459 3073 624 3126 etiam
696 3071 750 3127 id
816 3073 962 3142 quod
1012 3071 1209 3139 adest,
1277 3081 1361 3129 est
1427 3073 1639 3129 inutile.
1713 3071 1820 3128 Sed
1880 3081 1937 3129 et
1981 3074 2035 3127 in

458 3172 706 3233 tempore
756 3167 1096 3220 conveniens
1149 3166 1503 3237 symmetria,
1563 3173 1619 3218 et
1677 3163 1732 3218 in
1777 3179 2036 3220 mensura

2221 1879 2361 1936 Ἀλλ’
2385 1871 2446 1934 οὖ
2488 1880 2646 1950 χάριν
2687 1877 2861 1933 ταῦτα
2901 1879 3034 1948 ήμῖν
3081 1877 3576 1950 προτεθεώρηται;
3619 1876 3743 1932 Ὅτι

2135 1972 2261 2027 οὔτε
2311 1973 2372 2026 τὸ
2422 1972 2660 2043 ἄμετρον
2704 1970 2906 2040 ἀγαθόν
2962 1974 3130 2033 ἐστιν,
3178 1969 3300 2022 οὔτε
3356 1970 3419 2022 τὸ
3462 1971 3742 2040 ἄκαιρον·

2137 2065 2254 2121 ἀλλ’
2280 2065 2457 2118 έκεῖνο
2495 2065 2659 2118 καλὸν
2695 2081 2754 2117 τε
2795 2066 2889 2118 καὶ
2938 2063 3172 2134 αἱρετὸν,
3217 2063 3245 2115 ὃ
3287 2064 3351 2116 δι’
3392 2063 3745 2134 ἀμφοτέρων

2135 2157 2249 2227 ἔχει
2277 2156 2337 2210 τὸ
2362 2156 2584 2209 τέλειον.
2633 2156 2696 2208 El
2741 2156 2850 2224 γὰρ
2901 2155 3061 2224 μόνον
3090 2154 3150 2206 τὸ
3182 2155 3240 2207 ἓν
3273 2157 3330 2207 ἐν
3361 2155 3523 2225 αὑτῴ
3565 2172 3738 2207 σπευ-

2135 2247 2378 2318 δασθείη,
2400 2246 2706 2320 παροφθείη
2739 2247 2796 2300 δὲ
2827 2247 2888 2299 τὸ
2913 2247 3251 2316 λειπόμενον,
3283 2246 3551 2316 ἀνόνητον
3581 2247 3742 2299 ἔσται

2137 2341 2232 2393 καὶ
2259 2339 2319 2392 τὸ
2348 2339 2691 2412 κατορθωθὲν
2736 2341 2794 2394 έν
2826 2339 2903 2410 τῷ
2941 2340 3203 2392 λείποντι.
3235 2338 3443 2392 Οὐκοῦν
3472 2340 3739 2408 καθάπερ

2136 2426 2231 2480 δύο
2258 2429 2414 2481 ποσὶν
2445 2427 2808 2498 ἐνεργούντων
2838 2427 2993 2500 ήμῶν
3025 2429 3124 2499 τὴν
3149 2429 3383 2498 κίνησιν,
3420 2428 3472 2480 εί
3502 2446 3561 2480 τι
3597 2447 3738 2497 συμ-

2138 2518 2268 2589 ϐαίη
2300 2520 2427 2590 περὶ
2465 2519 2556 2573 τὸν
2587 2519 2792 2592 ἕτερον,
2821 2519 3092 2590 ἄχρηστός
3134 2521 3249 2571 ἐστι
3288 2520 3383 2572 καὶ
3427 2521 3456 2570 ὁ
3505 2519 3735 2588 ἀπιθὴς

2137 2612 2274 2684 πρὸς
2299 2613 2392 2666 τὸν
2419 2612 2635 2684 δρόμον,
2655 2613 2742 2666 διὰ
2771 2612 2867 2683 τὴν
2889 2611 2982 2665 τοῦ
3009 2611 3393 2682 συνεργοῦντος
3415 2611 3728 2663 ἀσθένειαν·

2136 2703 2309 2767 οὕτως
2337 2705 2385 2756 εἰ
2415 2704 2588 2757 λείποι
2627 2703 2703 2774 τῷ
2737 2703 2912 2776 καιρῷ
2943 2704 3005 2756 τὸ
3037 2706 3254 2775 μέτρον,
3282 2704 3316 2772 ἦ
3355 2703 3434 2774 τῷ
3465 2703 3658 2774 μέτρῳ
3696 2704 3731 2771 ή

2135 2797 2414 2869 εὐκαιρία,
2455 2796 2532 2867 τῷ
2577 2796 2813 2850 λείποντι
2860 2796 3075 2860 πάντως
3130 2797 3224 2849 καὶ
3268 2798 3331 2849 τὸ
3377 2797 3555 2864 παρὸν
3601 2813 3728 2848 συν-

2135 2889 2453 2960 ηχρείωται.
2497 2887 2658 2941 Ἀλλὰ
2686 2889 2780 2942 καὶ
2811 2889 2868 2943 έν
2893 2889 2971 2959 τῷ
3003 2890 3180 2961 καιρῷ
3206 2892 3238 2961 ἡ
3268 2889 3606 2958 συμμετρία,
3634 2891 3729 2941 καὶ

2136 2981 2194 3033 έν
2223 2978 2302 3050 τῷ
2335 2981 2518 3051 μέτρῳ
2551 2981 2584 3051 ή
2625 2981 2878 3052 εὐκαιρία
2919 2981 2980 3033 τὸ
3028 2983 3296 3054 χρήσιμον
3333 2982 3467 3052 ἔχει.
3519 2981 3728 3051 Χρόνος

2136 3067 2230 3126 οὖν
2257 3072 2377 3126 ἀντὶ
2401 3071 2495 3124 τοῦ
2524 3071 2723 3142 μέτρου
2757 3075 2890 3144 ἡμῖν
2930 3075 3198 3144 νενόηται,
3228 3074 3361 3126 διότι
3400 3072 3604 3135 παντὸς
3632 3070 3726 3123 τοῦ

2139 3163 2259 3217 καθ’
2292 3163 2519 3217 ἕκαστον
2543 3163 2746 3234 μέτρου
2793 3165 2822 3216 ὁ
2859 3165 3047 3236 χρόνος
3074 3165 3271 3236 μέτρον
3303 3164 3475 3217 ἐστίν.
3511 3164 3596 3217 Τὰ
3617 3164 3735 3232 γὰρ.

463 3255 619 3310 utilis
668 3264 753 3310 est
821 3259 1228 3326 Opportunitas.
1296 3257 1537 3327 Tempus
1593 3272 1728 3327 ergo
1781 3258 2031 3312 intellec-

2144 3254 2392 3324 γινόμενα
2439 3256 2496 3307 ὲν
2545 3254 2722 3326 χρόνῳ
2748 3255 2954 3324 γίνεται
2996 3257 3232 3320 πάντως,
3291 3257 3384 3310 καὶ
3422 3258 3490 3326 τῇ
3549 3272 3730 3325 παρα-

460 3353 576 3400 tu-m
611 3352 693 3400 est
724 3359 754 3398 a
788 3346 950 3401 nobis
983 3363 1082 3416 pro
1117 3350 1398 3410 mensura,
1436 3357 1724 3417 propterea
1759 3347 1907 3418 quod
1934 3363 2028 3403 cu-

455 3435 682 3506 juslibet
727 3453 999 3493 mensurae
1031 3453 1290 3494 mensura
1321 3448 1406 3493 est
1442 3447 1678 3509 tempus.
1725 3439 1856 3504 Quae
1886 3440 2034 3495 enim

461 3527 620 3592 liunt,
646 3528 871 3583 omnino
899 3531 1035 3584 liunt
1081 3531 1134 3584 in
1164 3538 1429 3600 tempore,
1457 3537 1658 3584 etcum
1685 3531 2036 3600 uniuscujus-

459 3634 569 3689 que
606 3634 797 3674 eorum
847 3637 969 3691 qua:
999 3624 1157 3676 ‘ﬁunt
1208 3624 1555 3684 extensione,
1602 3623 1766 3678 simul
1815 3639 2036 3694 quoque

460 3713 700 3783 spatium
721 3713 988 3782 temporis
1014 3714 1348 3779 extenditur,
1377 3713 1649 3768 modicum
1683 3713 1737 3768 in
1758 3713 2036 3780 minori,et

459 3802 517 3857 in
548 3803 802 3874 ampliori
827 3805 949 3873 plus
978 3806 1260 3875 temporis.
1300 3805 1396 3860 Est
1426 3819 1681 3860 mensura
1715 3805 2033 3874 conceptio-

460 3897 565 3958 nis,
597 3911 852 3952 mensura
883 3898 1206 3953 incrementi
1238 3899 1544 3968 spicarum,
1576 3912 1834 3952 mensura
1865 3898 2037 3968 plena).

460 3985 739 4040 fructuum
766 3986 1143 4056 perfectionis,
1178 4001 1436 4044 mensura
1464 3987 1859 4058 navigationis,
1881 4002 2037 4043 men-

459 4091 592 4130 sura
631 4076 1048 4143 ambulationis,
1085 4091 1341 4132 mensura
1373 4076 1812 4147 uniuscujusque
1833 4078 2033 4140 aetatis,

458 4167 726 4235 infantiae,
753 4169 1026 4238 pueritiae,
1061 4168 1469 4229 adolescentiae,
1495 4169 1821 4238 iuventutis,
1857 4168 2036 4224 virilis

458 4265 513 4315 et
540 4260 852 4316 constantis
875 4273 927 4315 et
955 4267 1227 4330 provecta:
1248 4263 1447 4326 aetatis,
1473 4260 1799 4323 senectutis,
1831 4266 1886 4312 et
1905 4264 2037 4312 atta-

459 4353 532 4408 tis
559 4353 874 4422 decrepitae.
910 4352 1186 4420 Quoniam
1215 4367 1346 4422 ergo
1381 4367 1491 4406 non
1518 4358 1604 4408 est
1637 4350 1897 4404 omnibus
1927 4363 2037 4403 una

458 4459 722 4499 mensura
781 4443 1045 4513 temporis
1093 4462 1106 4496 :
1153 4458 1329 4513 neque
1375 4442 1521 4496 enim
1573 4441 1688 4497 ﬁeri
1735 4448 1935 4511 potest,
1978 4446 2038 4493 ut

458 4535 571 4592 sint
593 4534 776 4589 omnia
806 4535 1033 4604 aequalis
1062 4534 1206 4590 inter
1232 4550 1292 4589 se
1321 4549 1615 4600 mensum,
1651 4539 1874 4604 propter
1895 4530 2036 4586 sub-

451 4627 726 4699 jectorum
752 4627 1113 4683 diﬂ'erenliam
1141 4646 1156 4682 :
1188 4628 1435 4682 omnium
1468 4633 1648 4680 autem
1681 4640 1803 4694 quae
1830 4623 2038 4678 cadunt

458 4722 564 4775 sub
593 4736 930 4784 mensuram,
961 4728 1046 4775 est
1077 4718 1406 4784 communis,
1434 4726 1494 4772 ut
1525 4717 1733 4772 dictum
1755 4723 1861 4781 est,
1893 4730 2040 4770 men-

459 4828 589 4868 sura
617 4819 851 4883 tempus,
894 4811 950 4866 in
978 4827 1037 4868 se
1069 4813 1251 4867 omnia
1287 4811 1577 4866 continens
1606 4828 1619 4863 :
1655 4825 1718 4863 ea
1761 4809 1828 4864 de
1869 4821 2038 4863 causa

457 4921 568 4958 non
614 4903 774 4971 dixit,
819 4903 1075 4958 Mensura
1115 4911 1200 4958 est
1250 4903 1530 4967 omnibus,
1579 4911 1861 4971 propterea
1891 4900 2039 4970 quod

455 5011 651 5050 eorum
675 5011 797 5066 qua:
814 4995 1021 5049 eadunt
1050 4995 1153 5049 sub
1179 5009 1516 5056 mensuram,
1542 5007 1736 5062 magna
1764 4993 1835 5048 sit
1856 5006 2040 5062 aequa-

458 5089 584 5142 Iitas
624 5088 681 5142 in
730 5102 796 5142 eo
830 5085 978 5158 quod
1018 5094 1102 5142 est
1147 5086 1270 5156 plus
1307 5093 1363 5140 et
1391 5084 1573 5139 minus
1616 5101 1631 5140 :
1681 5082 1778 5138 sed
1822 5091 2038 5153 tempus

456 5182 596 5238 dixit
640 5181 786 5252 quod
840 5187 928 5235 est
974 5178 1232 5233 omnibus
1281 5189 1537 5232 mensura
1571 5175 1863 5246 generalis,
1916 5187 2040 5244 quae

457 5273 726 5343 quidquid
770 5272 828 5327 ﬁt
858 5279 913 5326 et
950 5270 1149 5334 oritur,
1203 5267 1506 5323 dimetitur.
1556 5263 1843 5332 Quomodo
1890 5263 2038 5318 enim

458 5366 516 5419 in
556 5367 796 5420 humano
828 5379 1050 5436 genere,
1083 5363 1139 5418 id
1175 5361 1321 5434 quod
1352 5361 1530 5415 aetatis
1553 5359 1774 5430 quidem
1802 5364 1888 5414 est
1912 5371 2041 5428 pro-

459 5464 649 5515 vecta),
674 5462 760 5510 est
787 5453 1124 5509 imbecillum
1151 5469 1165 5506 :
1192 5451 1338 5523 quod
1367 5459 1548 5505 autem
1573 5447 1814 5504 nondum
1845 5448 2040 5502 contir-

461 5553 624 5599 matze
655 5555 711 5601 et
739 5547 999 5602 stabilita:
1042 5555 1128 5602 est
1169 5545 1368 5608 artatis,
1400 5550 1485 5599 est
1522 5542 1939 5597 immoderatum
1987 5547 2043 5596 et

465 5633 712 5692 insolens
742 5655 756 5691 :
790 5638 1056 5706 optimum
1081 5645 1266 5692 autem
1293 5645 1377 5692 est
1403 5635 1554 5706 quod
1579 5636 1721 5690 inter
1745 5633 1856 5688 duo
1879 5634 2045 5688 inter-

468 5725 632 5792 cedit,
666 5727 810 5797 quod
839 5727 1060 5798 quidem
1087 5735 1378 5799 utramque
1407 5726 1655 5800 eﬂ‘ngerit
1682 5725 1991 5783 molestiam
2023 5744 2034 5780 :

1665 5855 1730 5863 ...α-ι

2135 3342 2291 3396 τάσει
2316 3345 2546 3397 ἑκάστου
2577 3343 2684 3396 τῶν
2713 3344 3012 3414 γινομένων
3069 3343 3163 3396 καὶ
3209 3343 3270 3396 τὸ
3317 3343 3597 3413 διάστημα
3634 3340 3728 3420 τοῦ

2137 3437 2326 3507 χρόνου
2363 3437 2874 3508 συμπαρατείνεται,
2907 3435 3088 3505 ὀλίγον
3125 3439 3180 3490 ὲν
3209 3435 3287 3506 τῷ
3332 3436 3605 3500 ἐλάττονι,
3636 3436 3735 3488 καὶ

2137 3531 2196 3582 ὲν
2235 3529 2315 3600 τῷ
2359 3531 2564 3584 πλείονι
2610 3530 2792 3584 πλεῖον
2831 3532 3042 3602 χρόνου.
3079 3531 3292 3602 Μέτρον
3323 3533 3600 3601 κυήσεως,
3646 3531 3736 3598 μέ-

2134 3636 2261 3690 τρον
2299 3620 2399 3690 τῆς
2436 3621 2546 3674 τῶν
2585 3619 2868 3692 ἀσταχύων
2907 3621 3210 3692 αὐξήσεως,
3242 3621 3444 3692 μέτρον
3476 3621 3583 3690 τῆς
3625 3620 3735 3672 τῶν

2137 3711 2364 3782 καρπῶν
2403 3713 2750 3779 τελειώσεως,
2794 3712 2991 3784 μέτρον
3033 3712 3328 3775 ναυτιλίας,
3382 3712 3590 3783 μέτρον
3641 3729 3740 3765 πο-

2141 3803 2310 3874 ρείας,
2348 3804 2548 3874 μέτρον
2593 3805 2693 3874 τῆς
2732 3803 2855 3858 καθ’
2903 3804 3132 3857 ἕκαστον
3183 3804 3423 3874 ἡλικίας,
3471 3803 3737 3874 βρέφους,

2137 3895 2371 3962 παιδίου,
2401 3894 2710 3966 μειρακίου,
2747 3896 2958 3962 παιδὸς,
2990 3895 3219 3966 ἐφήϐου,
3256 3896 3473 3968 ἀνδρὸς,
3512 3897 3743 3966 μεσὴλι-

2138 4005 2252 4050 κος,
2272 3987 2500 4053 τελείου,
2519 3986 2843 4058 παρήλικος,
2862 4004 3002 4058 πρεσ
3041 3988 3190 4051 ύτου,
3210 3988 3487 4059 γέροντος.
3503 3988 3740 4060 Ἐπειδὴ

2137 4079 2315 4134 τοίνυν
2355 4078 2457 4148 οὐχ
2503 4077 2560 4132 ἓν
2601 4076 2664 4129 τὺ
2711 4078 2778 4130 ὲκ
2812 4075 2907 4130 τοῦ
2950 4076 3141 4147 χρόνου
3185 4076 3381 4147 μέτρον
3413 4078 3528 4139 τοῖς
3566 4079 3743 4130 πᾶσιν

2137 4170 2309 4223 ἐστίν’
2344 4168 2466 4222 οὐδὲ
2510 4167 2619 4239 γάρ
2655 4169 2772 4221 ἐστι
2812 4167 3038 4222 δυνατὸν
3075 4166 3328 4237 γενέσθαι
3358 4167 3543 4220 πάντα
3567 4167 3743 4237 ἀλλή-

2137 4256 2249 4320 λοις
2287 4256 2547 4327 ίσόμετρα
2591 4255 2678 4309 διὰ
2713 4255 2814 4326 τὴν
2853 4255 2964 4308 τῶν
3009 4255 3382 4326 ὑποκειμένων
3422 4255 3741 4327 διαφοράν·

2138 4351 2315 4406 κοινὸν
2343 4351 2421 4418 δὲ,
2452 4349 2632 4414 καθὼς
2658 4349 2874 4421 εἴρηται
2893 4388 2910 4414 ,
2952 4350 3170 4404 πάντων
3209 4349 3608 4421 μετρουμένων
3646 4349 3744 4420 μέ-

2136 4459 2266 4514 τρον
2307 4443 2335 4495 ὁ
2371 4441 2561 4513 χρόνος
2596 4441 2765 4506 ἐστὶν,
2807 4443 2864 4494 ὲν
2901 4440 3079 4510 ἑαυτῷ
3121 4443 3390 4512 περιέχων
3413 4441 3482 4494 τὰ
3509 4443 3738 4496 πάντα·

2139 4533 2328 4588 τούτου
2381 4535 2539 4605 χάριν
2579 4533 2700 4603 οὐχὶ
2751 4533 2951 4604 μέτρον
3007 4528 3127 4586 εἷπε
3176 4536 3290 4596 τοῖς
3340 4533 3495 4596 πᾶσι,
3549 4533 3649 4588 διὰ
3683 4532 3742 4585 τὺ

2068 4597 2118 4658 D
2143 4626 2343 4695 πολλὴν
2370 4597 2509 4679 έίναι
2545 4597 2676 4678 τῶηῖ
2696 4597 3081 4698 μετρουμένων
3121 4625 3220 4695 τήν
3264 4625 3392 4691 περὶ
3437 4625 3497 4677 τὸ
3531 4625 3742 4678 πλεῖόν

2140 4732 2200 4768 τε
2231 4715 2326 4768 καὶ
2357 4714 2576 4767 ἔλαττον
2607 4714 2854 4784 ἰσότητα·
2899 4713 3034 4767 ἀλλὰ
3064 4713 3254 4784 χρόνον
3284 4709 3405 4765 εἶπε
3437 4716 3559 4777 τοῖς
3604 4717 3744 4769 πᾶσι

2137 4807 2198 4860 τδ
2225 4806 2440 4876 γενικὺν
2478 4806 2696 4878 μέτρον,
2717 4799 2762 4875 ᾧ
2795 4808 2903 4859 πᾶν
2944 4805 3005 4859 τὸ
3031 4806 3314 4877 γινόμενον
3351 4811 3744 4879 παραμετρεῖ-

2107 4905 2110 4908 ’
2137 4915 2250 4952 ται.
2287 4897 2497 4967 Ὥσπερ
2518 4896 2627 4966 γάρ
2654 4895 2746 4948 ἐπὶ
2787 4894 2888 4964 τῆς
2927 4893 3344 4964 ἀνθρωπότητος
3375 4893 3436 4946 τὸ
3460 4893 3574 4963 μὲν
3608 4912 3746 4966 προ-

2139 4989 2371 5060 ϐεϐηκὸς
2404 4988 2650 5042 ἀσθενεῖ·
2693 4987 2753 5040 τὸ
2797 4987 2856 5040 δὲ
2887 4987 3054 5057 μήπω
3091 4985 3428 5058 καθεστηκὸς
3464 4986 3738 5040 ἀτακτεί”

2144 5079 2365 5149 ἄριστον
2399 5077 2455 5130 δὲ
2485 5077 2545 5131 τὸ
2573 5077 2736 5148 μέσον
2765 5076 2874 5129 τῶν
2900 5075 3014 5141 δύο,
3061 5077 3203 5148 ὅπερ
3236 5076 3302 5129 ἂν
3326 5074 3424 5139 τὰς
3449 5077 3743 5148 ἑκατέρων

2142 5167 2331 5238 ἀηδίας
2365 5167 2610 5240 ὲκφεύγῃ
2634 5185 2648 5199 ο
2694 5167 2753 5218 ἐν
2795 5159 2840 5233 ᾦ
2874 5166 3171 5232 δείκνυται,
3210 5166 3311 5236 τῆς
3349 5165 3447 5236 μὲν
3475 5167 3743 5239 νεότητος

2142 5258 2521 5329 κεχωρισμένη
2548 5257 2648 5326 τῆς
2678 5254 2903 5322 ἀταξίας
2935 5258 2970 5326 ή
3005 5255 3268 5326 δύναμις,
3312 5254 3405 5308 τοῦ
3442 5254 3501 5308 δὲ
3544 5259 3740 5330 γήρως

2139 5348 2492 5420 διεζευγμένη
2543 5351 2641 5420 τῆς
2678 5348 2936 5419 ἀδρανίας
2972 5349 3006 5418 ή
3057 5347 3348 5418 φρόνησις·
3393 5346 3545 5400 ὥστε
3599 5344 3740 5401 εἶναι

2141 5440 2368 5510 δύναμιν
2406 5438 2853 5511 συγκεκραμένην
2881 5438 3165 5510 φρονήσει,
3197 5438 3394 5508 ἐπίσης
3421 5436 3739 5507 φεύγουσαν

2141 5539 2240 5608 τήν
2264 5554 2322 5590 τε
2351 5534 2446 5590 τοῦ
2476 5537 2660 5606 γήρως
2696 5533 2976 5606 άδρανίαν,
3023 5535 3120 5586 καὶ
3164 5534 3226 5586 τὸ
3272 5532 3448 5605 θρασὺ
3477 5535 3590 5603 τῆς
3623 5535 3735 5586 νεύ-

2142 5646 2333 5701 τητος·
2369 5626 2542 5691 οὕτως
2569 5628 2598 5679 ὁ
2628 5625 2814 5698 χρόνον
2839 5624 3038 5698 ὁρίζων
3066 5627 3181 5690 τοῖς
3213 5627 3351 5679 πᾶσι
3385 5624 3510 5678 καθ’
3540 5627 3735 5680 ἑκάτε-

2146 5739 2237 5794 ρον
2275 5719 2494 5794 χωρίζει
2522 5718 2600 5792 τῷ
2622 5719 2763 5790 λόγῳ
2818 5717 2915 5789 τήν
2941 5719 2997 5785 ἐξ
3019 5718 3288 5790 ἀμετρίας
3314 5719 3538 5787 κακίαν,
3573 5722 3641 5777 τό
3672 5739 3724 5775 τε
