3846 6220
216 250 319 307 701
1272 252 1339 307 ΙΝ
1379 252 1915 310 ECLLESIASTEN.
1946 253 2229 311 HOMILIA
2272 254 2357 309 Vl.
3367 255 3470 312 70%

215 371 554 444 ὑπέρχρονον
578 370 858 442 ἀτιμάζων
890 374 982 426 καὶ
1028 374 1089 427 τὸ
1130 374 1375 429 ἐλλεῖπον
1407 377 1775 449 ἀποπεμπόμε

1908 379 1965 432 in
1996 394 2106 448 quo
2138 377 2501 434 ostenduntur
2525 378 2670 432 vires
2714 377 2934 446 quidem
2962 376 3268 445 juventutis
3306 392 3465 446 sepa-

206 476 332 523 νος.
380 460 537 513 Ἀλλά
565 462 758 531 καιρὸς
784 463 850 516 ἂν
890 463 972 533 είη
1013 466 1108 517 καὶ¹
1140 466 1310 538 αὐτὴν
1338 467 1469 537 ἡμῖν
1494 468 1560 521 δι’
1579 468 1780 521 ἀκολούι

1910 477 2039 521 ratae
2066 468 2134 520 ab
2160 467 2471 529 insolentia,
2506 482 2535 518 a
2565 467 2861 521 senectutis
2889 474 3070 521 autem
3099 466 3470 523 imbecillitate

207 551 311 604 θου
361 552 722 624 προστεθῆναι
765 553 876 608 τῶν
923 555 1294 612 θεοπνεύστων
1337 558 1511 628 λόγων
1543 560 1642 629 τὴν
1668 558 1780 613 θεω

1904 557 2193 628 prudentia
2244 558 2467 611 minime
2525 568 2816 627 separata:
2862 557 2996 612 adeo
3046 564 3106 611 ut
3163 558 3274 611 sint
3322 558 3468 612 vires

211 643 363 713 ρίαν.
1904 658 2323 718 ιξοιιιθιιιρετειω
2349 664 2472 702 eum
2508 649 2814 718 prudentia,
2839 665 2903 704 ex
2938 664 3094 719 aequo
3118 649 3385 719 fugientes
3412 658 3466 703 et

208 732 511 788 senectutis
550 733 999 800 imbecillitatem,
1034 744 1089 791 et
1122 737 1424 806 juventutis
1459 737 1763 792 audaciam.
1803 736 1881 791 lta
1912 738 2003 807 qui
2029 744 2244 806 tempus
2286 737 2493 804 deﬁnit,
2519 738 2776 794 omnibus
2834 754 2930 808 per
2997 746 3289 808 utrumque
3342 754 3465 793 ver-

207 824 302 879 bis
337 834 575 895 separat,
616 827 765 898 quod
802 843 869 884 ex
907 845 1181 886 mensura:
1208 830 1424 887 defectu
1464 833 1662 897 oritur,
1705 832 1937 886 vitium:
1972 840 2031 885 ut
2083 832 2173 901 qui
2203 841 2257 886 et
2289 832 2436 902 quod
2498 840 2713 903 tempus
2776 833 3009 898 excedit,
3072 833 3364 903 vituperat,
3410 843 3466 888 et

206 913 265 969 id
296 915 443 985 quod
487 915 690 985 deﬁcit,
765 920 1042 974 amandat.
1116 919 1223 976 Sed
1268 931 1486 992 tempus
1532 931 1617 977 est
1656 929 2055 992 consequenter
2111 921 2343 977 addendi
2372 922 2543 991 ipsam
2571 922 2835 977 divinitus
2883 923 3273 992 inspiratorum
3333 937 3459 977 ver-

206 1006 410 1062 borum
436 1011 966 1081 contemplationem.

292 1119 313 1153 ι
336 1103 559 1173 Καιρὸς,
583 1124 601 1155 ι
627 1108 782 1176 φησὶ,
811 1126 829 1158 ι
846 1107 942 1160 τοῦ
960 1110 1156 1172 τεκεῖν,
1171 1110 1264 1163 καὶ
1282 1111 1467 1181 καιρὸς
1483 1110 1576 1164 τοῦ
1592 1111 1789 1164 ἀποθα-

208 1193 350 1246 νεῖν.
373 1211 392 1243 ι
413 1193 609 1259 Καλῶς
631 1198 689 1250 ἐν
708 1196 946 1268 πρώτοις
967 1199 1065 1269 τὴν
1082 1200 1390 1268 ἀναγκαίαν
1406 1201 1606 1271 ταύτην
1629 1200 1787 1264 συζυ-

208 1283 343 1351 γίαν
380 1284 458 1354 τῷ
487 1286 630 1357 λόγῳ
665 1287 950 1353 συνέζευξε
972 1330 987 1355 ,
1027 1291 1314 1345 συνάπτων
1348 1296 1413 1364 τῇ
1446 1293 1657 1361 γενέσει
1697 1292 1788 1347 τὸν

211 1372 468 1429 θάνατον.
491 1377 723 1433 Ἐπεται
753 1378 862 1449 γὰρ
888 1382 1008 1434 κατ’
1032 1382 1277 1453 ἀνάγκην
1304 1382 1380 1453 τῷ
1401 1385 1544 1455 τόκῳ
1564 1385 1594 1437 6
1622 1383 1787 1437 θάνα-

206 1483 329 1531 τος,
364 1469 459 1521 καὶ
484 1471 633 1523 πᾶσα
664 1471 880 1539 γένεσις
910 1474 991 1537 εἰς
1018 1474 1223 1546 φθορὰν
1250 1476 1525 1530 διαλύεται
1548 1494 1561 1507 ·
1588 1477 1673 1531 ἵνα
1701 1478 1789 1531 διὰ

204 1558 311 1611 τοῦ
358 1562 718 1633 συνημμένως
751 1563 1025 1635 δειχθῆναι
1070 1566 1161 1619 τὸν
1197 1566 1425 1621 θάνατόν
1459 1586 1519 1621 τε
1554 1568 1649 1622 καὶ
1690 1569 1788 1640 τὴν

201 1650 448 1717 γένεσιν,
483 1653 644 1705 οἱονεὶ
685 1654 895 1725 κέντρῳ
932 1657 1040 1707 τινί
1075 1659 1140 1727 τῇ
1190 1658 1284 1710 τοῦ
1321 1658 1550 1713 θανάτου
1599 1662 1784 1731 μνήμῃ

1967 1106 2017 1159 1.
2056 1124 2074 1154 ι
2104 1104 2343 1173 Tempus
2380 1114 2485 1168 est,
2524 1126 2542 1159 ι
2578 1106 2776 1175 inquit,
2814 1124 2835 1159 ι
2868 1107 3134 1177 pariendi,
3169 1116 3224 1163 et
3252 1120 3460 1179 tempus

1894 1198 2214 1252 moriendi.»
2248 1196 2480 1252 Pulchre
2520 1200 2573 1251 in
2601 1199 2867 1268 principio
2892 1199 3073 1253 verbis
3099 1200 3239 1255 hanc
3268 1216 3457 1256 neces-

1893 1290 2093 1343 sariam
2136 1289 2422 1357 conjunxit
2464 1290 2925 1358 conjugationem,
2955 1305 3079 1344 cum
3110 1292 3460 1360 generatione

1893 1382 2155 1450 copulatis
2190 1390 2440 1437 mortem.
2473 1380 2696 1436 Partum
2725 1384 2870 1437 enim
2899 1398 3048 1438 mors
3086 1384 3331 1453 sequitur
3360 1401 3457 1440 ne-

1891 1475 2158 1537 cessario,
2190 1482 2245 1529 et
2287 1474 2467 1530 omnis
2506 1474 2783 1543 generatio
2816 1474 3135 1529 dissolvitur
3170 1476 3225 1529 in
3268 1475 3449 1529 interi—

1892 1574 2047 1632 tum;
2096 1574 2157 1619 ut
2192 1573 2481 1634 prepterea
2526 1564 2674 1634 quod
2714 1564 3049 1633 conjunctim
3092 1572 3314 1619 ostensa
3347 1566 3457 1619 sint

1892 1670 2041 1708 mors
2070 1662 2126 1709 et
2158 1656 2459 1725 generatio,
2489 1654 2766 1710 mentione
2796 1656 2990 1709 mortis
3020 1654 3188 1708 veluti
3215 1655 3455 1724 quodam

202 1743 343 1805 τοὺς
367 1741 769 1812 ὲμϐαθύνοντας
806 1750 905 1817 τῆς
947 1748 1087 1801 κατά
1130 1748 1309 1818 σάρκα
1342 1751 1486 1820 ζωῆς
1513 1750 1780 1823 διυπνίσῃ,

1889 1748 2113 1802 stimulo
2169 1763 2265 1803 eos
2319 1746 2739 1817 expergefaciat,
2793 1748 2888 1817 qui
2931 1747 2987 1801 in
3046 1746 3283 1802 carnalis
3334 1750 3458 1803 vita:

204 1839 307 1889 καὶ
339 1837 474 1907 πρὸς
515 1838 614 1908 τὴν
656 1840 911 1909 φροντίδα
943 1842 1051 1894 τῶν
1098 1842 1396 1911 μελλόντων
1433 1843 1784 1917 διαναστήσῃ.

204 1926 400 1981 Ταῦτα
446 1928 726 1999 φιλοσοφεῖ
758 1931 900 1985 κατά
938 1934 999 1985 τὸ
1043 1933 1264 2004 λεληθὸς
1306 1936 1515 1998 ὲνταῖς
1546 1934 1785 2006 πρώταις

198 2020 321 2072 τῶν
358 2020 575 2090 βιϐλίων
613 2025 945 2094 ἐπιγραφαῖς
986 2027 1080 2079 καὶ
1119 2028 1148 2079 6
1181 2028 1333 2096 φίλος
1362 2028 1440 2098 τῷ
1469 2028 1588 2098 Θεῷ
1617 2030 1786 2082 Μωῦ·

203 2113 313 2182 σῆς
342 2112 500 2177 εὐθὺς
540 2118 606 2186 τῇ
652 2116 868 2171 Γενέσει
901 2121 1380 2190 συμπαραγράψας
1402 2123 1502 2191 τὴν
1544 2122 1780 2189 Ἐξοδον·

195 2204 282 2266 ὡς
312 2205 438 2268 τοὺς
459 2206 884 2278 ἐντυγχάνοντας
909 2213 1023 2274 τοῖς
1048 2212 1568 2284 ἐπιγεγραμμένοις,
1601 2214 1694 2267 καὶ
1717 2215 1784 2268 δι’

198 2294 379 2365 αὐτῆς
410 2296 507 2366 τῆς
538 2297 645 2351 τῶν
671 2298 891 2368 βιϐλίων
920 2301 1129 2368 τάξεως
1156 2303 1223 2356 τά
1248 2305 1370 2357 καθ’
1404 2306 1629 2368 ἑαυτοὺς
1654 2323 1783 2359 παι-

194 2385 477 2456 δευθῆναι.
500 2386 638 2442 Οὔτε
663 2390 773 2460 γὰρ
803 2392 920 2445 ἔστι
942 2394 1154 2461 γένεσιν
1178 2395 1486 2449 ἀκούσαντα
1519 2398 1591 2469 μὴ
1628 2397 1785 2464 "E50-

197 2475 293 2528 δον
333 2478 492 2542 εὐθὺς
532 2481 799 2552 ἐννοῆσαι.
847 2485 913 2537 '0
953 2484 1017 2555 δὴ
1050 2486 1145 2539 καὶ
1185 2486 1420 2540 ἐνταῦθα
1451 2488 1719 2559 νενοηκὼς
1756 2490 1785 2541 6

204 2568 387 2637 μέγας
426 2571 852 2646 Ἐκκλησιαστὴς
894 2578 1296 2644 ἐπιδείκνυται,
1340 2582 1407 2651 τῇ
1447 2582 1657 2649 γενέσει
1692 2581 1785 2633 σύ-

202 2675 421 2729 στοιχον
458 2663 746 2730 ἀποδείξας
784 2666 875 2719 τὸν
924 2666 1171 2720 θάνατον.
1212 2669 1418 2739 Καιρδς
1460 2670 1590 2741 γὰρ,
1626 2671 1779 2741 φησὶ,

196 2749 301 2802 τοῦ
327 2754 525 2816 τεκεῖν,
556 2755 650 2807 καὶ
674 2757 865 2826 καιρὸς
901 2757 997 2811 τοῦ
1027 2759 1336 2815 ἀποθανεῖν.
1370 2756 1573 2814 Ἶῐλθεν
1604 2765 1631 2815 6
1665 2781 1785 2816 και-

202 2838 323 2909 ρὸς,
362 2844 515 2910 φησι,
550 2846 643 2899 καὶ
679 2847 935 2919 ἐτέχθην·
966 2850 1085 2920 ἥξει
1131 2852 1160 2904 6
1201 2850 1410 2922 καιρὸς,
1451 2853 1545 2905 καὶ
1588 2853 1781 2923 τεθνή-

195 2926 388 2998 ξομαι.
423 2932 487 2985 Et
524 2934 657 3007 πρὸς
684 2937 842 2991 τοῦτο
870 2938 1069 3003 πάντες
1097 2940 1399 3011 ἐϐλέπομεν
1419 2982 1433 3005 ,
1461 2944 1558 2996 οὐκ
1588 2945 1651 2997 ἂν
1681 2948 1781 3014 τὴν

197 3020 467 3094 σύντομον
506 3028 730 3097 πορείαν
785 3031 1206 3097 καταλιπόντες,
1254 3034 1438 3105 κύκλῳ
1482 3036 1619 3106 μετά
1670 3036 1777 3090 τῶν

194 3111 417 3167 ἀσεϐῶν
447 3117 784 3189 περιῄειμεν,
824 3121 923 3194 τὴν
953 3124 1267 3195 περιοδικὴν
1292 3126 1384 3179 τοῦ
1422 3126 1533 3197 βίου
1568 3129 1775 3200 πλάνην

193 3204 466 3271 ἑκουσίως
491 3208 866 3282 πλανώμενοι,
915 3215 973 3267 ἐν
1019 3215 1354 3281 δυναστείαις
1403 3220 1496 3271 καὶ
1543 3237 1779 3290 περιφα-

193 3294 374 3357 νείαις
402 3299 495 3351 καὶ
530 3302 798 3367 πλούτοις,
833 3305 899 3358 δι’
935 3299 1009 3358 ὧν
1042 3309 1161 3370 ταῖς
1194 3309 1501 3373 πολυοδίαις
1530 3312 1623 3363 τοῦ
1662 3311 1779 3381 βίου

192 3385 392 3439 τούτου
436 3392 936 3463 ὲναμηχανοῦντες,
964 3399 1144 3452 οὐκέτι
1186 3400 1280 3453 τοῦ
1321 3400 1641 3471 λαϐυρίνθου
1681 3405 1780 3472 τῆς

195 3478 349 3549 ζωῆς
375 3480 580 3552 ταύτης
611 3486 709 3555 τὴν
743 3487 919 3553 ἔξοδον
945 3489 1329 3561 ὲξευρίσκομεν
1347 3532 1361 3557 ,
1399 3492 1463 3545 δι’
1495 3489 1567 3546 ὧν
1596 3493 1781 3546 δοκοῦ-

200 3589 303 3641 μεν
346 3574 686 3642 σπουδάζειν,
731 3579 820 3632 διὰ
852 3582 1054 3635 τούτων
1091 3585 1300 3648 ἑαυτοῖς
1335 3584 1403 3637 τά
1448 3588 1645 3655 σημεῖα
1683 3586 1780 3656 τῆς

196 3663 478 3728 ἀπλανοῦς
523 3666 831 3740 ὁδοιπορίας
873 3674 1211 3743 συγχέοντες.
1259 3675 1344 3739 Ὠς
1389 3676 1645 3746 μακάριοί
1678 3692 1777 3743 γε,

196 3755 357 3823 φησι,
384 3756 492 3809 τῶν
528 3757 831 3829 ἀνθρώπιον
860 3765 1079 3823 ἐκεῖνοι,
1118 3765 1168 3817 οἶ
1202 3765 1298 3828 τὰς
1328 3765 1641 3835 περιοδικάς
1680 3767 1779 3836 τῆς

195 3844 349 3916 ζωῆς
389 3848 605 3913 ἀπάτας
646 3852 1065 3919 καταλιπόντες,
1114 3856 1206 3908 ἐπὶ
1245 3856 1344 3925 τὴν
1381 3856 1641 3927 σύντομον
1682 3858 1779 3927 τῆς

194 3935 406 4005 ἀρετῆς
435 3936 552 3989 ὁδὸν
581 3938 805 4003 ἑαυτοὺς
838 3940 1097 4010 ἄγουσινι
1131 3942 1277 4015 Αὕτη
1311 3944 1367 3997 δέ
1401 3948 1517 3998 ἐστι
1554 3946 1615 3998 τὸ
1644 3946 1781 4017 πρὸς

198 4026 371 4097 μηδὲν
394 4029 505 4080 τῶν
543 4031 670 4100 τῇδε
702 4032 801 4101 τὴν
824 4032 1002 4103 ψυχὴν
1030 4034 1402 4105 ἐπιστρέφειν,
1425 4034 1561 4088 ἀλλὰ
1592 4051 1781 4089 συντε-

194 4118 397 4172 τάσθαι
430 4123 497 4191 τῇ
536 4124 738 4194 σπουδῇ
783 4128 918 4195 πρὸς
965 4126 1029 4177 τὸ
1078 4125 1169 4179 διὰ
1215 4126 1451 4191 πίστεως
1495 4129 1551 4180 ὲν
1600 4127 1780 4180 ἐλπίσι

195 4211 584 4281 προκείμενον.
612 4216 779 4270 Πάλιν
804 4217 862 4269 δὲ
886 4218 946 4271 τὸ
975 4220 1135 4289 ῥηθὲν
1159 4220 1521 4290 ἐξετάσωμεν.
1552 4220 1778 4291 Καιρὸς,

194 4304 355 4373 φησι,
408 4305 502 4357 τοῦ
551 4309 732 4360 τεκεῖν
755 4349 767 4373 ε
800 4310 895 4362 καὶ
932 4312 1122 4381 καιρὸς
1172 4311 1266 4364 τοῦ
1308 4312 1616 4366 ἀποθανεῖν.
1654 4311 1779 4365 Εἴθε

194 4393 369 4461 κάμοὶ
418 4394 626 4462 γένοιτο
666 4398 724 4450 ὲν
754 4397 931 4470 καιρῷ
961 4418 1023 4453 τε
1063 4402 1091 4454 ὁ
1121 4400 1297 4463 τόκος,
1330 4402 1423 4455 καὶ
1461 4404 1489 4455 ὁ
1527 4400 1779 4473 εὔκαιρος

195 4485 452 4549 θάνατοςι
487 4487 559 4539 Οὐ
603 4487 712 4559 γὰρ
743 4491 807 4543 ἄν
837 4508 921 4554 τις
951 4491 1092 4545 εἴποι
1141 4493 1242 4562 τὴν
1279 4492 1530 4545 ἀκούσιον
1572 4493 1776 4564 ταύτην

193 4576 386 4639 imm,
430 4576 527 4629 καὶ
574 4579 665 4632 τὸν
706 4581 1010 4651 αὐτόματον
1053 4582 1277 4636 θάνατον
1317 4583 1466 4655 παρά
1507 4584 1600 4638 τοῦ
1652 4585 1776 4637 Ἐκ-

196 4669 533 4737 κλησιαστοῦ
568 4671 665 4726 νῦν
690 4674 765 4735 ὡς
789 4675 849 4727 ἐν
876 4675 1077 4745 ἀρετῆς
1103 4675 1439 4748 κατορθώσει
1468 4678 1779 4749 προδείκνυ-

197 4760 347 4814 σθαι.
386 4762 525 4816 Οὔτε
572 4764 682 4836 γὰρ
726 4766 819 4819 ἐπὶ
852 4766 930 4837 τῷ
982 4756 1244 4839 θελήματι
1294 4771 1392 4840 τῆς
1446 4771 1701 4838 γυναικὸς
1744 4772 1776 4841 ἡ

195 4851 330 4915 ὠδίς
353 4869 365 4882 ’
395 4853 519 4907 οὔτε
549 4856 613 4909 ’ἐν
641 4859 707 4928 τῇ
735 4861 1053 4930 προαιρέσει
1091 4861 1197 4914 τῶν
1225 4861 1597 4916 τελευτώντων
1624 4865 1652 4917 6
1681 4864 1779 4917 θά-

196 4961 381 5007 νατος.
419 4947 485 4999 Ὃ
519 4946 577 5000 δὲ
607 4948 693 5016 ἐφ’
721 4952 854 5020 ἡμῖν
881 4952 980 5005 οὐκ
1003 4952 1170 5017 ἔστιν,
1198 4953 1320 5007 οὔτε
1347 4954 1544 5027 ἀρετὴν
1569 4956 1635 5010 ἀν
1669 4974 1779 5021 τις,

200 5032 327 5086 οὔτε
366 5035 566 5089 κακίαν
615 5039 892 5109 ὁρίσαιτο·
927 5041 1121 5095 οὐκοῦν
1164 5045 1350 5115 νοῆσαι
1389 5047 1654 5117 προσήκει
1687 5047 1780 5100 τὸν

198 5124 364 5182 τόκον
404 5128 496 5180 τὸν
543 5127 833 5201 εὔκαιρον,
884 5134 979 5186 καὶ
1027 5134 1121 5186 τὸν
1169 5135 1228 5187 ἐν
1276 5135 1452 5207 καιρῷ
1496 5137 1776 5206 γινόμενον

202 5218 455 5273 θάνατον.
500 5220 652 5291 Ἐμοὶ
686 5222 833 5276 δοκεῖ
862 5226 1022 5288 τόκος
1060 5225 1267 5297 ὥριμος
1302 5228 1396 5281 καὶ
1426 5228 1525 5281 οὐκ
1558 5229 1779 5298 ἀμϐλωσ

203 5309 392 5382 θρίδης
418 5309 575 5375 εἶναι,
594 5316 741 5379 ὃταν,
766 5315 948 5380 καθώς
966 5335 1129 5388 φησιν
1164 5319 1408 5383 Ἡσαΐας,
1430 5323 1495 5373 ὲκ
1517 5320 1611 5373 τοῦ
1633 5320 1778 5373 θείου

200 5419 288 5467 τις
334 5403 500 5472 φόϐου
534 5408 882 5477 κυοφορήσας
917 5408 1005 5461 διὰ.
1046 5408 1153 5461 τῶν
1194 5411 1294 5480 τῆς
1341 5410 1517 5480 ψυχῆς
1568 5411 1775 5464 ὠδίνων

201 5493 305 5565 τὴν
344 5495 479 5548 ἰδίαν
522 5497 795 5568 σωτηρίαν
833 5500 1090 5574 γεννήσῃ.
1135 5501 1374 5554 Ἐαυτῶν
1420 5503 1528 5571 γὰρ
1576 5502 1775 5573 τρόπον

201 5584 328 5639 τινὰ
348 5584 585 5654 πατέρες
605 5586 885 5655 γινόμεθα,
908 5590 1033 5643 ὅταν
1056 5590 1140 5644 διὰ
1165 5590 1264 5661 τῆς
1287 5591 1495 5661 ἀγαθῆς
1524 5594 1777 5663 προαιρὲ-

206 5692 345 5739 σεως
384 5675 583 5742 αὐτοὺς
619 5676 911 5751 πλάσωμέν
942 5698 997 5734 τε
1042 5684 1129 5736 καὶ
1165 5683 1529 5755 γεννήσωμεν,
1574 5684 1664 5737 καὶ
1698 5685 1776 5748 εἰς

1889 1839 2217 1909 profundum
2252 1851 2381 1895 sunt
2411 1840 2676 1906 immersi,
2707 1847 2762 1894 et
2808 1840 2876 1894 ad
2920 1854 3107 1894 curam
3146 1837 3453 1893 futurorum

1888 1932 2112 1985 excitet.
2148 1930 2275 1985 llaec
2325 1931 2489 1985 tacite
2522 1929 2939 2000 philosophatur
2968 1931 3021 1984 in
3063 1931 3254 2000 primis
3288 1932 3456 1986 libro-

1886 2036 2009 2075 rum
2059 2036 2287 2076 suorum
2348 2021 2802 2092 inscriptionibus
2856 2019 2949 2077 Dei
2990 2038 3206 2093 quoque
3245 2024 3454 2079 amicus

1885 2112 2087 2178 Moses,
2121 2114 2215 2184 qui
2250 2113 2437 2170 statim
2466 2128 2590 2168 cum
2621 2112 2840 2179 Genesi,
2869 2115 3015 2184 quod
3043 2126 3123 2170 est
3148 2116 3450 2184 generatio,

1885 2206 2054 2261 simul
2081 2221 2299 2276 quoque
2334 2206 2560 2276 scripsit
2592 2205 2862 2270 Exodum,
2899 2206 2952 2260 id
2985 2215 3086 2273 est,
3116 2220 3401 2262 excessum
3435 2226 3447 2262 :

1886 2303 1947 2350 ut
1990 2297 2083 2366 qui
2130 2312 2194 2351 ea
2240 2298 2480 2364 legerent
2524 2311 2646 2367 quae
2693 2297 2897 2366 scripta
2934 2306 3081 2362 sunt,
3133 2300 3298 2354 etiam
3355 2312 3453 2368 per

1885 2386 2063 2455 ipsum
2098 2387 2345 2441 ordinem
2392 2388 2662 2442 librorum
2697 2402 2761 2442 ea
2792 2388 3069 2443 discerent
3101 2404 3220 2458 quae
3270 2388 3336 2442 ad
3368 2406 3428 2443 se

1884 2476 2033 2545 ipsos
2081 2479 2372 2546 pertinent.
2426 2478 2613 2549 Neque
2661 2480 2804 2535 enim
2861 2479 2974 2535 ﬁeri
3028 2488 3208 2550 potest
3268 2493 3326 2535 ut
3359 2482 3451 2550 qui

1884 2567 2159 2632 Genesim,
2186 2572 2598 2639 generationem
2629 2571 2874 2641 inquam,
2901 2572 3154 2637 audierit,
3184 2588 3292 2626 non
3318 2572 3453 2628 Exo-

1884 2662 2034 2723 dum,
2071 2664 2123 2716 id
2158 2671 2244 2718 est
2269 2679 2552 2719 excessum
2584 2664 2836 2734 protinus
2870 2664 3089 2734 cogitet.
3142 2665 3298 2731 Quod
3326 2667 3451 2735 qni-

1884 2755 2004 2809 dem
2043 2755 2129 2807 hic
2154 2770 2372 2824 quoque
2409 2770 2671 2824 magnum
2708 2755 3043 2810 intellexisse
3082 2754 3450 2812 Ecclesiasten

1884 2847 2212 2909 ostenditur,
2255 2855 2314 2900 ut
2342 2848 2434 2915 qui
2473 2847 2528 2900 in
2570 2846 2761 2902 eodem
2800 2847 2993 2902 ordine
3026 2851 3270 2918 posuerit
3306 2866 3451 2905 mor-

1883 2946 1990 2995 tem
2022 2954 2132 3008 quo
2176 2939 2596 3008 generationem.
2638 2939 2877 3007 Tempus
2922 2948 3007 2994 est
3038 2940 3206 3003 enim,
3249 2940 3449 3011 inquit,

1885 3032 2148 3103 patiendi,
2167 3041 2219 3087 et
2234 3040 2449 3104 tempus
2478 3031 2765 3087 moriendi.
2798 3031 2979 3097 Venit,
3000 3033 3192 3103 inquit,
3211 3040 3448 3104 tempus,

1883 3132 1937 3178 et
1960 3131 2121 3177 natus
2156 3139 2275 3179 sum
2303 3141 2317 3189 ;
2348 3124 2524 3178 veniet
2553 3132 2787 3192 tempus,
2818 3134 2868 3177 et
2895 3124 3118 3177 moriar.
3157 3122 3213 3177 Si
3248 3125 3314 3178 ad
3349 3126 3451 3180 hoc

1881 3215 2195 3269 universum
2229 3214 2736 3284 aspiceremus,uon
2769 3215 2961 3269 relicto
3003 3214 3102 3268 viae
3128 3216 3451 3285 compendio

1881 3306 1937 3359 in
1967 3306 2199 3359 circuitu
2232 3320 2355 3359 cum
2377 3305 2557 3374 impiis
2577 3305 3005 3369 ambularemus,
3046 3305 3231 3360 mundi
3266 3307 3360 3375 qui
3394 3308 3450 3360 in

1880 3396 2064 3450 orbem
2086 3397 2478 3466 circumagitur
2499 3413 2684 3452 errore
2703 3406 2889 3451 nostra
2911 3407 3103 3467 sponte
3121 3400 3450 3462 errantes,in

1881 3486 2120 3555 potentia
2142 3496 2194 3540 et
2222 3488 2476 3554 superbia
2498 3496 2550 3542 et
2569 3488 2795 3551 divitiis,
2819 3503 2915 3542 oer
2944 3503 3064 3558 quae
3082 3488 3135 3542 in
3163 3488 3449 3558 multiplici

1880 3584 1934 3629 et
1954 3577 2100 3629 varia
2119 3576 2281 3645 hujus
2304 3577 2491 3631 mundi
2509 3577 2593 3631 via
2612 3578 2893 3648 implicati,
2909 3594 2939 3633 e
2956 3578 3265 3649 labyrintho
3289 3579 3451 3645 hujus

1879 3667 2005 3720 vita:
2029 3669 2233 3720 exitum
2267 3669 2488 3722 minime
2522 3668 2851 3733 invenimus,
2869 3683 2934 3722 eo
2964 3669 3082 3738 ipso
3120 3671 3264 3738 quod
3290 3670 3452 3723 vehe-

1880 3771 2093 3815 menter
2112 3760 2441 3823 Iaborare,et
2467 3761 2708 3816 studium
2729 3761 2979 3814 videmur
2994 3760 3270 3821 adhibere.
3291 3768 3453 3815 certae

1880 3861 1933 3905 et
1955 3866 2107 3920 aqua
2133 3850 2376 3905 aberrari
2403 3866 2509 3905 non
2529 3858 2710 3920 potest
2729 3853 2828 3906 viae
2851 3852 3005 3921 signa
3028 3850 3447 3907 confundentes.

1881 3943 2053 4010 Quam
2088 3943 2256 4007 beati,
2294 3943 2494 4013 inquit,
2538 3951 2669 3999 sunt
2702 3944 2780 3997 illi
2816 3943 3086 4009 homines,
3117 3944 3212 4013 qui
3240 3958 3361 4014 quae
3394 3944 3451 3997 in

1880 4034 2068 4089 orbem
2122 4033 2376 4089 feruntur
2423 4033 2720 4090 fraudibus
2753 4035 2917 4104 hujus
2948 4036 3071 4089 vitae
3107 4035 3334 4099 relictis,
3384 4035 3453 4089 ad

1881 4127 2351 4197 compendiariam
2381 4127 2602 4181 virtutis
2626 4127 2770 4181 viam
2805 4142 2864 4181 se
2896 4125 3189 4181 conferunt
3214 4128 3227 4180 ι
3258 4126 3332 4180 Ea
3356 4142 3455 4181 au-

1883 4227 1989 4273 tem
2029 4226 2136 4285 est,
2187 4217 2255 4272 ad
2306 4218 2443 4272 nihil
2478 4233 2670 4273 eorum
2710 4233 2830 4287 qua:
2881 4218 2970 4272 hic
3028 4225 3156 4273 sunt
3210 4217 3454 4270 animum

1881 4320 2227 4376 convertere,
2264 4310 2362 4365 sed
2400 4310 2518 4363 acri
2553 4310 2735 4365 studio
2771 4312 3107 4365 contendere
3134 4309 3202 4364 ad
3228 4309 3282 4364 id
3307 4308 3455 4379 quod

1813 4442 1853 4497 D
1884 4417 1979 4472 per
2005 4402 2166 4455 ﬁdem
2202 4402 2257 4455 in
2291 4415 2386 4470 spe
2421 4408 2506 4456 est
2544 4400 3092 4483 propositum..Quod
3125 4401 3338 4457 dictum
3370 4410 3457 4456 est

1884 4503 2064 4549 autem
2120 4509 2318 4550 rursus
2367 4494 2764 4549 examinemus.
2813 4493 3053 4564 Tempus
3101 4500 3207 4559 est,
3254 4493 3453 4564 inquit,

1884 4585 2156 4658 pariendi,
2187 4596 2243 4641 et
2267 4596 2486 4655 tempus
2508 4586 2797 4641 moriendi.
2834 4586 3051 4641 Utinam
3079 4585 3213 4640 mihi
3239 4600 3455 4655 quoque

1885 4679 2068 4745 detur,
2097 4687 2156 4732 ut
2187 4679 2241 4732 in
2280 4686 2524 4747 tempore
2556 4692 2770 4739 nascar.
2808 4686 2862 4731 et
2896 4687 3199 4748 opportune
3226 4678 3448 4731 moriar!

1887 4768 2056 4823 Nemo
2085 4768 2229 4823 enim
2257 4768 2455 4822 dixerit
2490 4768 2914 4822 involuntariam
2944 4769 3083 4821 hanc
3122 4768 3450 4837 partionem,

1883 4865 1938 4913 et
1970 4865 2325 4926 spontaneam
2374 4866 2604 4910 mortem
2640 4873 2784 4909 nunc
2814 4858 3031 4911 ostendi
3075 4857 3144 4911 ab
3176 4855 3450 4910 Ecclesia-

1882 4957 1987 5011 ste,
2016 4956 2278 5018 tanquam
2310 4962 2377 5001 ex
2406 4961 2472 5001 eo
2505 4947 2578 5000 sit
2611 4957 2764 5001 recta
2810 4948 3029 5002 virtutis
3069 4950 3231 5001 actio.
3268 4946 3454 5016 Neque

1881 5040 2028 5095 enim
2056 5047 2280 5110 propter
2308 5039 2560 5094 mulieris
2588 5039 2928 5094 voluntatem
2972 5039 3189 5094 exsistit
3219 5050 3411 5108 partus
3437 5059 3451 5093 :

1883 5146 2063 5200 neque
2113 5145 2264 5185 mors
2307 5137 2393 5185 est
2437 5131 2494 5184 in
2547 5128 2928 5184 decedentimn
2984 5130 3153 5184 libero
3202 5129 3449 5186 arbitrio.

1885 5221 2045 5289 Quod
2085 5229 2266 5277 autem
2319 5236 2429 5276 non
2478 5229 2563 5277 est
2596 5221 2649 5275 in
2702 5229 2889 5276 nostra
2940 5230 3225 5291 potestate,
3279 5236 3454 5288 neque

1884 5313 2151 5368 virtutem
2191 5327 2371 5382 neque
2410 5312 2601 5366 vitium
2636 5311 2930 5381 quisquam
2963 5312 3256 5365 deﬁnierit.
3292 5310 3454 5365 Inteh

1889 5407 2060 5475 ligere
2094 5419 2226 5475 ergo
2271 5411 2485 5473 oportet
2513 5412 2733 5473 partum
2781 5403 3186 5473 tempestivum,
3218 5412 3272 5458 et
3307 5418 3451 5457 mor-

1883 5506 1994 5554 tem
2022 5512 2143 5568 quae
2184 5502 2270 5551 est
2323 5496 2380 5551 in
2427 5504 2693 5565 tempore.
2746 5493 2878 5549 Mihi
2933 5494 3151 5549 videtur
3202 5503 3451 5550 maturus

1884 5606 2007 5646 esse
2042 5597 2233 5661 partus
2291 5597 2345 5645 et
2397 5604 2504 5643 non
2553 5588 2855 5652 abortivus,
2907 5588 3146 5659 quando,
3200 5596 3259 5641 ut
3317 5588 3448 5641 dicit

1889 5682 2099 5751 Esaias,
2152 5698 2277 5741 cum
2328 5682 2600 5755 quispiam
2632 5697 2696 5739 ex
2743 5680 2839 5740 Dei
2882 5682 3076 5737 timore
3119 5680 3446 5750 conceperit,
