3846 6220
426 256 532 311 703

1669 263 1726 319 s.
1766 231 2094 326 cusconn
2133 267 2426 324 msssm

427 389 525 444 per
557 371 754 427 anima:
785 372 841 428 in
879 382 1040 445 partu
1089 376 1308 432 labores
1338 393 1494 436 suam
1533 378 1766 434 salutem
1799 398 2000 451 genue-

2110 384 2219 452 φῶς
2250 383 2668 456 προαγάγωμεν.
2717 383 2887 438 Τοῦτο
2925 385 2982 438 δὲ
3022 383 3314 454 ποιοῦμεν,
3346 381 3441 435 διὰ
3478 381 3577 433 τοῦ
3607 382 3715 434 δέ-

429 467 517 519 rit.
555 464 726 519 Nobis
757 466 901 520 enim
956 467 1092 537 ipsis
1129 469 1536 538 quodammodo
1563 483 1746 542 patres
1788 489 2001 538 sumus,

415 556 650 626 .quando
687 571 783 626 per
824 556 1028 612 bonum
1074 559 1244 612 animi
1281 559 1615 626 institutum,
1663 564 2005 634 liberumque

430 647 719 702 arbitrium
753 662 856 704 nos
893 649 1042 719 ipsos
1072 647 1493 706 formaverimus
1531 661 1585 708 et
1630 655 2002 723 genuerimus.

429 752 486 794 et
517 739 572 792 in
619 739 795 794 lucem
835 739 1191 794 ediderimns.
1217 738 1330 795 Hoc
1356 751 1536 796 autem
1565 743 1793 798 facimus
1821 760 1885 798 ex
1915 760 2002 809 eo,

430 832 576 901 quod
622 829 790 886 Deum
842 831 899 885 in
945 847 1047 886 nos
1079 832 1228 902 ipsos
1277 833 1652 896 admittamus,
1679 834 1854 889 effecti
1908 834 2003 889 lilii

433 923 529 978 Dei
568 932 621 978 et
654 923 750 978 ﬁlii
786 924 1030 987 virtutis,
1071 932 1126 978 et
1172 924 1270 978 lilii
1304 925 1593 980 Altissimi.
1625 928 1691 981 Et
1730 943 1829 980 nos
1855 928 2004 997 ipsos

433 1034 629 1076 rursus
675 1021 955 1076 abortivos
1009 1021 1248 1085 edimus,
1296 1037 1509 1091 nosque
1559 1022 1909 1092 imperfectos
1950 1031 2004 1077 et

431 1114 837 1170 subventaneos
861 1113 1162 1176 reddimus,
1189 1117 1414 1183 quando
1429 1131 1539 1168 non
1565 1117 1730 1170 fuerit
1759 1117 1811 1169 in
1844 1116 2004 1170 nobis

434 1204 837 1266 forinata,sicut
857 1206 934 1258 ait
960 1205 1519 1274 Apostolus,cCliristi
1548 1206 2004 1278 forma.o0portet

429 1298 577 1352 enim
604 1297 877 1366 integrum
907 1305 962 1350 et
984 1296 1279 1365 perfectum
1299 1313 1422 1352 esse
1436 1299 1711 1353 hominem
1729 1299 1844 1354 Dei.
1869 1299 2005 1354 Inte-

431 1401 527 1456 ger
547 1395 726 1440 autem
759 1387 851 1441 ille
873 1388 1098 1441 omnino
1119 1397 1224 1453 est,
1244 1389 1332 1441 cui
1348 1389 1586 1458 perfecta
1617 1398 1826 1444 natura:
1855 1405 2003 1444 com-

433 1477 578 1545 pleta
608 1475 710 1530 fuit
740 1477 901 1530 ratio.
939 1477 994 1531 Si
1027 1480 1150 1547 quis
1183 1495 1317 1548 ergo
1348 1496 1443 1550 per
1471 1482 1728 1535 virtutem
1761 1483 2002 1552 seipsum

431 1565 527 1621 Dei
567 1566 734 1621 filium
767 1567 981 1632 fecerit,
1012 1571 1260 1638 praeclari
1287 1573 1450 1641 hujus
1475 1581 1630 1626 ortus
1660 1581 1882 1642 accepta
1907 1587 2004 1642 po-

432 1663 651 1721 testate,
702 1657 749 1710 is
796 1657 949 1710 novit
985 1667 1199 1728 tempus
1247 1661 1376 1713 boni
1427 1668 1639 1729 partus,
1697 1667 1751 1715 ct
1807 1663 2002 1716 merito

2105 475 2295 541 ξασθαι
2331 478 2387 530 ὲν
2426 477 2639 539 ἑαυτοῖς
2671 476 2762 528 τὸν
2799 476 2950 539 Θεὸν,
2991 475 3156 528 τέκνα
3201 473 3360 538 Θεοῦ,
3393 475 3498 526 καὶ
3530 473 3717 525 τέκνα.

2101 564 2403 635 δυνάμεως,
2437 565 2535 619 καὶ
2565 566 2674 619 υἰοί
2728 565 2982 636 Ὑψίστου
3023 565 3325 636 γενόμενοι.
3372 563 3497 617 Καὶ
3533 563 3714 616 πάλιν

2101 655 2328 719 ἑαυτοὺς
2370 655 2776 726 ἀμϐλὶσκομεν,
2825 655 2920 709 καὶ
2962 657 3435 726 ἀτελεσφορὴτους
3482 671 3548 707 τε
3602 655 3720 708 καὶ

2102 746 2434 817 ὑπηνεμίους
2487 745 2947 818 ἀπεργαζόμεθα,
2999 748 3127 800 ὅταν
3176 746 3250 816 μὴ
3309 746 3594 816 μορφωθῇ
3642 745 3722 797 ἐν

2101 838 2266 907 ἡμῖν,
2303 836 2482 900 καθώς
2515 853 2684 906 φησιν
2721 840 2750 891 6
2810 838 3158 902 Ἀπόστολος,
3201 839 3277 908 «ἡ
3312 835 3409 888 τοῦ
3447 836 3722 904 Χριστῡῦ

2105 927 2306 996 μορφή.
2331 945 2348 978 ι
2392 930 2484 979 Δεῖ
2510 928 2618 998 γὰρ
2647 925 2807 985 εἶναι.
2852 929 3038 998 φησὶν,
3077 929 3262 999 ἄρτιον
3296 928 3392 980 τὸν
3425 927 3533 979 τοῦ
3558 927 3724 979 Θεοῦ

2101 1015 2400 1087 ἄνθρωπον.
2479 1020 2699 1090 Ἀρτιος
2753 1019 2809 1072 δὲ
2859 1021 3077 1082 πάντως
3143 1020 3351 1082 ἐκεῖνός
3404 1020 3602 1084 ἐστιν,

2101 1106 2320 1170 τελείως
2343 1108 2372 1159 6
2399 1109 2497 1178 τῆς
2526 1109 2740 1176 φύσεως
2765 1109 3232 1180 ωμπεπλὴρωται
3257 1109 3436 1177 λόγος.
3480 1111 3726 1162 Οὐκοῦν

2101 1197 2150 1248 εί
2192 1197 2290 1266 μέν
2325 1215 2409 1260 τις
2449 1199 2516 1252 δι’
2549 1201 2753 1271 ἀρετῆς
2790 1201 2980 1254 τέκνον
3025 1201 3160 1254 Θεοῦ
3193 1200 3386 1254 ἑαυτὸν
3436 1201 3724 1272 ἐποίησε,

2101 1287 2281 1340 λαϐὼν
2315 1289 2562 1353 ἐξουσίαν
2587 1292 2688 1361 τῆς
2713 1293 2987 1360 εὐγενείας
3005 1290 3224 1362 ταύτης,
3251 1290 3394 1359 ἔγνω
3412 1288 3584 1356 οὗτος
3613 1294 3726 1345 τὸν

2101 1379 2289 1450 καιρὸν
2311 1381 2407 1449 τῆς
2446 1381 2654 1452 ἀγαθῆς
2679 1382 2883 1446 ὠδῖνος,
2900 1383 2999 1435 καὶ
3021 1383 3222 1454 χαίρει,
3251 1383 3396 1436 κατά
3420 1382 3490 1435 τὸ
3519 1385 3726 1450 Εὐαγ-

2101 1469 2306 1536 γέλιον,
2347 1473 2607 1539 εἰκότως,
2658 1473 2739 1527 ὅτι
2791 1474 3054 1544 ἐγεννήθη
3114 1473 3398 1544 ἄνθρωπος
3454 1475 3544 1537 είς
3611 1476 3728 1526 τὸν

2102 1561 2323 1630 κόσμον.
2393 1563 2450 1614 '0
2504 1562 2560 1614 δὲ
2613 1563 2901 1632 γενόμενος
2950 1564 3138 1616 τέκνον
3185 1564 3394 1634 ὀργῆς,
3437 1569 3543 1617 καὶ
3586 1564 3725 1627 υἱὸς

2101 1652 2397 1716 ἀπωλείας,
2455 1656 2548 1707 καὶ
2593 1657 2817 1718 σκότους
2855 1656 3104 1724 ἔκγονος,
3155 1659 3402 1726 γέννημα
3449 1657 3722 1727 ἐχίδνης.

433 1747 635 1816 gaudet
660 1745 1046 1802 convenienter
1076 1746 1386 1820 Evangelia,
1421 1751 1569 1821 quod
1609 1759 1773 1806 natus
1803 1753 1875 1806 sit
1914 1751 2004 1805 lio-

2110 1742 2322 1810 ἔκγονον
2351 1744 2536 1812 κακὸν,
2574 1746 2668 1798 καὶ
2700 1747 2767 1799 τὰ
2805 1746 2936 1800 ἄλλα
2970 1751 3143 1802 πάντα
3180 1749 3247 1801 δι’
3282 1744 3359 1803 ὧν
3389 1752 3418 1802 6
3450 1751 3723 1821 πονηρὸς

434 1853 526 1892 mo
571 1839 627 1892 in
661 1839 886 1893 mundo.
937 1840 1043 1905 Qui
1083 1852 1266 1896 autem
1299 1852 1461 1897 natus
1496 1852 1580 1898 est
1625 1842 1770 1898 filius
1802 1844 1915 1908 iraa,
1950 1851 2005 1898 et

434 1931 579 1985 Illius
615 1932 960 2002 perditionis.
997 1942 1052 1987 et
1082 1933 1228 1989 fetus
1255 1935 1633 1999 tenebrarum,
1673 1949 1892 2015 germen
1923 1934 2005 1988 vi-

433 2037 599 2092 perae,
633 2024 812 2080 malus
859 2024 1027 2091 fetus,
1071 2034 1128 2081 et
1173 2027 1281 2080 alia
1328 2027 1535 2089 omnia,
1585 2027 1786 2096 quibus
1831 2026 2007 2080 malus

433 2114 577 2168 male
600 2115 752 2168 audit
786 2125 1000 2185 partus,
1051 2115 1100 2172 is
1138 2132 1250 2171 non
1282 2117 1435 2170 novit
1479 2125 1695 2188 tempus
1729 2116 1874 2188 quod
1919 2117 2004 2188 gi-

434 2206 552 2274 gnit
598 2207 822 2262 vitalia:
876 2215 961 2262 est
1005 2209 1153 2263 enim
1206 2224 1373 2262 unum
1409 2217 1626 2278 tempus
1671 2211 1890 2279 pariens
1936 2209 2005 2264 ad

431 2298 624 2364 vitam,
647 2305 702 2352 et
741 2314 852 2354 non
887 2300 1065 2370 plura.
1105 2300 1210 2367 Qui
1252 2315 1385 2370 ergo
1418 2307 1641 2370 propter
1681 2301 2006 2372 importuni-

431 2396 600 2444 tatem
628 2397 845 2460 partum
885 2406 995 2446 non
1023 2401 1108 2448 est
1139 2398 1446 2455 assecutus,
1475 2393 1713 2462 sei-psum
1752 2393 2008 2462 parturiit

431 2478 706 2548 intcritui,
736 2489 792 2537 et
821 2481 890 2537 ad
923 2492 1156 2538 mortem
1187 2497 1302 2537 sua:
1334 2489 1420 2538 est
1447 2484 1644 2538 animae
1677 2484 2006 2538 obstetrica-

429 2578 541 2626 tus.
578 2571 635 2626 Si
670 2580 756 2628 est
784 2583 965 2630 autem
1008 2573 1357 2644 perspicuum
1408 2573 1867 2643 quemadmodum
1908 2589 2008 2628 na-

429 2664 636 2716 scimur
658 2663 711 2717 in
738 2674 1003 2734 tempore,
1035 2665 1384 2733 perspicuum
1402 2678 1620 2733 quoque
1643 2675 1726 2720 est
1753 2664 2006 2718 omnibus

429 2755 887 2824 quemadmodum
908 2757 1177 2809 morimur
1203 2756 1258 2809 in
1277 2754 2007 2824 tempore,quemadmodum

429 2854 624 2900 sancto
653 2844 823 2902 Paulo
855 2847 923 2900 ad
960 2847 1158 2901 bonam
1196 2852 1425 2900 mortem
1458 2859 1620 2900 omne
1650 2855 1862 2914 tempus
1891 2852 2008 2898 erat

431 2945 821 3006 opportunum.
846 2938 1059 2992 Clamat
1085 2937 1232 2990 enim
1264 2937 1318 2989 in
1353 2937 1468 2991 suis
1489 2935 2012 3004 scriptis,quodam-

2105 1833 2445 1888 διασάλλεται
2469 1837 2645 1900 τόκος,
2667 1839 2769 1891 οὐκ
2795 1838 2935 1906 ἔγνω
2955 1839 3044 1890 τὸν
3072 1841 3442 1908 ζωογονοῦντα
3472 1843 3716 1910 καιρόν·

2104 1921 2183 1988 εἰς
2213 1925 2322 1997 γὰρ
2359 1928 2548 1998 καιρὸς
2572 1928 2772 1982 τίκτων
2804 1932 2883 1993 εἰς
2906 1931 3072 2002 ζωὴν,
3109 1933 3203 1984 καὶ
3229 1933 3290 1985 ού
3317 1933 3533 1986 πολλοί.
3564 1931 3648 1987 Οῦ
3682 1938 3724 1986 ὁ

2102 2015 2417 2087 διαμαρτὼν
2463 2020 2519 2072 ὲν
2567 2022 2636 2090 τῇ
2673 2020 2899 2091 ἀκαιρία
2941 2022 3036 2074 τοῦ
3073 2023 3231 2074 τόκου
3257 2063 3272 2084 ,
3317 2025 3386 2093 τῇ
3438 2025 3718 2097 ἀπωλείᾳ.

2105 2105 2296 2159 ἑαυτὸν
2322 2105 2499 2172 ὥδινε,
2545 2110 2639 2161 καί
2665 2107 2744 2180 τῷ
2773 2109 2986 2181 θανάτῳ
3010 2110 3107 2183 τὴν
3129 2111 3307 2182 ψυχὴν
3328 2114 3712 2182 ὲμαιεύσατο.

2105 2198 2168 2251 Εἰ
2199 2197 2256 2249 δὲ
2297 2200 2530 2270 φανερόν
2566 2200 2683 2253 ἐστι
2722 2201 2839 2264 πῶς
2870 2203 2927 2255 ὲν
2961 2203 3137 2272 καιρῷ
3171 2203 3497 2273 τικτόμεθα,
3534 2205 3713 2274 δῆλον

2105 2289 2240 2340 πᾶσι
2267 2288 2384 2352 πῶς
2405 2291 2463 2342 ὲν
2492 2289 2669 2362 καιρῷ
2693 2293 3132 2364 ἀποθνήσκομεν,
3158 2290 3270 2348 οἷον
3299 2297 3411 2359 πᾶς
3433 2297 3519 2366 τῷ
3553 2299 3714 2369 ἁγίῳ

2105 2379 2303 2451 Παύλῳ
2331 2381 2518 2452 καιρὸς
2537 2383 2631 2435 τοῦ
2655 2383 2862 2452 ἀγαθοῦ
2897 2384 3125 2438 θανάτου
3157 2385 3417 2459 εὔκαιρος
3452 2386 3549 2460 ἦν.
3589 2391 3710 2460 Boii.

2105 2472 2211 2542 γὰρ
2225 2474 2282 2526 ὲν
2319 2476 2428 2535 τοῖς
2451 2473 2598 2538 ἰδίοις
2620 2475 2817 2544 λόγοις,
2854 2476 3073 2548 ἔνορκον
3104 2480 3307 2550 τρόπον
3337 2483 3463 2534 τινά
3504 2483 3701 2535 ποιού-

2110 2578 2292 2632 μενος,
2341 2565 2399 2616 ὲν
2437 2559 2520 2628 οἷς
2549 2582 2732 2636 φησιν,
2755 2566 2836 2618 ὅτι
2881 2587 2902 2620 ι
2926 2569 3063 2620 Καθ’
3092 2569 3303 2640 ἡμέραν
3333 2572 3701 2643 ἀποθνήσκω.

2106 2651 2172 2722 νὴ
2201 2653 2296 2724 τὴν
2331 2653 2602 2726 ὑμετέραν
2635 2655 2900 2726 καύχησιν
2920 2673 2934 2687 ·
2975 2677 2994 2708 ι
3040 2661 3135 2712 καὶ
3176 2660 3258 2727 τὸ,
3292 2679 3311 2711 ι
3341 2661 3555 2716 Ἕνεκα
3597 2664 3700 2716 σοῦ

2107 2742 2480 2814 θανατούμεθα
2535 2747 2715 2800 πᾶσαν
2772 2747 3006 2819 ἡμέραν.
3035 2767 3055 2800 ι
3090 2752 3202 2803 Καὶ
3260 2751 3419 2805 αὐτοὶ
3461 2755 3526 2806 ὲν
3569 2755 3703 2806 ἐαυ-

2105 2837 2218 2898 τοῖς
2261 2836 2318 2889 τὸ
2353 2837 2637 2907 ἀπόκριμα
2674 2837 2769 2890 τοῦ
2815 2839 3046 2893 θανάτου
3084 2841 3425 2913 ἐσχήκαμεν.
3461 2844 3695 2909 Πάντως

2107 2928 2162 2981 δὲ
2193 2928 2293 2979 οὑκ
2327 2927 2520 2994 ἄδηλον
2564 2927 2682 2993 πῶς
2707 2929 3041 3000 ἀποθνήσκει
3075 2932 3194 2986 καθ’
3227 2934 3445 3004 ἡμέραν
3475 2937 3506 2988 6
3543 2937 3696 2990 Παῦ-

433 3023 597 3076 modo
619 3022 1131 3094 adjurans,quando
1147 3023 1283 3077 dicit
1305 3041 1316 3076 :
1347 3041 1364 3073 ι
1397 3022 1655 3088 Quotidie
1672 3025 1898 3087 morior,
1912 3037 2006 3092 per

2110 3017 2219 3082 λος,
2251 3020 2279 3071 6
2311 3018 2578 3088 μηδέποτε
2615 3021 2682 3090 τῇ
2723 3021 2968 3092 ἁμαρτίᾳ
2993 3021 3123 3089 ζῶν,
3152 3024 3181 3075 6
3211 3023 3299 3077 ἀεὶ
3321 3024 3390 3078 τὰ
3425 3027 3570 3097 μέλη
3593 3027 3695 3095 τῆς

432 3121 671 3168 vestram
695 3115 1078 3185 gloriatiouem
1100 3116 1147 3148 ⁸³
1163 3122 1245 3169 iet
1274 3115 1410 3170 illud
1437 3134 1480 3169 ε(
1506 3115 1737 3185 Propter
1759 3124 1810 3170 te
1834 3125 2006 3172 morte

2112 3109 2312 3180 σαρκὸς
2338 3109 2569 3181 νεκρῶν,
2613 3111 2708 3164 καὶ
2744 3113 2841 3182 τὴν
2870 3113 3136 3184 νέκρωσιν
3174 3115 3270 3168 τοῦ
3307 3115 3568 3188 σώματος
3598 3119 3692 3171 τοῦ

432 3201 698 3257 allicimur
731 3203 978 3274 quotidie
1000 3205 1067 3264 ⁸³.
1093 3223 1113 3257 ι
1151 3202 1218 3257 Et
1247 3203 1350 3272 ipsi
1373 3205 1428 3258 in
1453 3204 1610 3258 nobis
1639 3204 1773 3274 ipsis
1792 3218 2011 3273 respon-

433 3308 554 3347 sum
574 3294 766 3349 mortis
789 3292 1347 3349 habuimus.0mnino
1371 3305 1548 3350 autem
1572 3310 1681 3348 non
1707 3303 1790 3350 est
1805 3295 2008 3350 obscu-

432 3399 577 3448 rum,
615 3386 1070 3456 quemadmodum
1109 3385 1314 3441 Paulus
1356 3387 1588 3440 moritur
1618 3383 1883 3454 quotidie,
1911 3383 2005 3454 qui

433 3491 715 3546 nunquam
747 3484 970 3546 peccato
1003 3477 1152 3540 vivit,
1175 3477 1268 3547 qui
1314 3490 1527 3546 semper
1550 3476 1795 3530 membra
1817 3475 2003 3530 carnis

431 3569 750 3633 mortificat,
781 3577 836 3624 et
858 3568 1329 3624 mortificationem
1357 3566 1607 3637 corporis
1633 3565 1840 3621 Christi
1863 3565 1916 3619 in
1946 3581 2006 3620 se

432 3661 752 3718 circumfert
772 3663 840 3730 ⁸⁵,
869 3662 962 3734 qui
986 3676 1203 3732 semper
1229 3676 1352 3715 cum
1388 3661 1606 3715 Christo
1642 3658 2001 3729 cruciﬁgitur,

431 3754 527 3823 qui
562 3769 840 3825 nunquam
882 3753 989 3810 sibi
1021 3754 1179 3818 vivit,
1227 3752 1324 3808 sed
1367 3752 1637 3805 viventem
1684 3751 1740 3804 in
1777 3765 1836 3806 se
1884 3751 2004 3819 ipso

432 3845 595 3900 habet
610 3845 910 3912 Christum,
939 3846 1055 3901 haec
1078 3860 1199 3901 meo
1217 3843 1430 3914 judicio
1460 3841 1626 3897 fuerit
1643 3856 1790 3897 mors
1806 3856 2007 3911 oppor-

432 3945 588 4000 tuna,
613 3953 735 4008 quae
761 3953 900 3992 verae
924 3938 1049 3992 vita
1075 3935 1180 3990 fuit
1203 3935 1570 3992 conciliatrix.
1605 3950 1624 3982 ι
1653 3932 1762 4001 Ego
1787 3951 1806 3982 ι
1835 3933 2004 3994 enim,

432 4027 634 4098 inquit,
655 4047 674 4081 ι
697 4029 969 4097 occidam,
985 4029 1234 4083 etvivere
1249 4027 1442 4081 faciam
1462 4026 1506 4056 ⁸⁵
1529 4043 1542 4078 :
1566 4043 1584 4075 ι
1609 4030 2004 4092 utpersuasum

2107 3200 2345 3272 Χριστοῦ
2371 3201 2430 3254 ὲν
2453 3201 2630 3271 ἑαυτῷ
2658 3204 2990 3274 περιφέρων,
3017 3207 3047 3258 6
3069 3206 3301 3260 πάν-τοτε
3331 3209 3559 3279 Χριστῷ
3598 3229 3696 3264 συ-

2109 3291 2526 3362 σταυρούμενος,
2553 3295 2582 3346 6
2613 3293 2884 3364 μηδέποτε
2927 3295 3104 3367 ἐαυτῷ
3131 3296 3239 3360 ζῶν
3260 3338 3276 3361 ,
3329 3301 3466 3354 ἀλλά
3513 3303 3699 3367 ζῶντα

2106 3381 2245 3452 ἔχων
2284 3385 2340 3435 ὲν
2387 3383 2564 3455 ἑαυτῷ
2607 3385 2700 3437 τὸν
2737 3384 2994 3456 Χριστόν
3015 3382 3171 3450 οὗτος
3213 3389 3280 3442 ἂν
3318 3391 3406 3459 εἴη
3440 3395 3591 3446 κατά
3630 3412 3699 3462 γε

2107 3473 2206 3543 τὴν
2233 3474 2505 3546 ἡμετέραν
2535 3476 2716 3546 κρίσιν
2742 3479 2770 3530 6
2799 3475 3055 3548 εὔκαιρος
3083 3478 3331 3544 θάνατος,
3361 3485 3390 3534 6
3414 3482 3517 3554 τῆς
3557 3486 3704 3555 ἀλη-

2109 3562 2232 3627 θοῦς
2258 3564 2403 3634 ζωῆς
2437 3566 2722 3635 γενόμενος
2754 3567 3030 3638 πρόξενος.
3065 3588 3083 3620 ι
3109 3569 3250 3638 Ἐγὼ
3285 3590 3305 3623 ι
3345 3572 3702 3644 γάρ,φησὶυ,

2115 3682 2133 3713 ι
2159 3663 2442 3715 ἀποκτενῶ
2471 3664 2685 3735 καὶζῆν
2719 3666 2950 3736 ποιήσω’
2981 3685 3000 3719 ι
3035 3666 3111 3730 ὡς
3149 3670 3440 3723 πεπεῖσθαι
3473 3671 3705 3741 ἀληθῶς

2109 3755 2244 3808 Θεοῦ
2277 3756 2448 3827 δῶρον
2487 3753 2626 3812 εἶναι
2662 3760 2724 3812 τὸ
2764 3761 3104 3830 νεκρωθῆναι
3147 3766 3216 3834 τῇ
3263 3765 3516 3837 ἁμαρτίᾳ
3541 3807 3556 3828 ,
3602 3769 3708 3821 καὶ

2109 3845 2513 3917 ζωοποιηθῆναι
2536 3849 2614 3919 τῷ
2642 3851 2934 3920 πνεύματι.
2963 3852 3062 3905 Διὰ
3091 3853 3200 3924 γὰρ
3227 3855 3322 3906 τοῦ
3346 3857 3706 3921 ἀποκτεῖναι,

2109 3933 2391 3996 ζωοποιεῖν
2425 3939 2821 4007 ἐπαγγέλλεται
2849 3944 2882 4014 ἡ
2910 3942 3029 3996 θεία
3061 3946 3213 4016 φωνὴ
3237 3962 3250 3976 ⁸
3278 3946 3466 4016 ὅμοιον
3489 3947 3554 4000 δὲ
3584 3954 3709 4014 τοῖς

2106 4027 2415 4096 εἰρημένοις
2456 4031 2550 4082 καί
2587 4031 2649 4082 τὸ
2689 4033 2974 4102 ἑπόμενον·

433 4122 507 4176 sit
540 4137 669 4178 vere
713 4121 803 4177 Dei
849 4137 972 4178 esse
1009 4122 1238 4185 donum,
1291 4125 1571 4173 mortuum
1641 4130 1765 4171 esse
1799 4124 2046 4185 peccato,
2085 4127 2140 4172 et
2173 4119 2507 4176 vivificatum
2551 4123 2768 4192 spiritu.
2817 4122 3112 4195 Propterea
3169 4128 3318 4182 enim
3361 4129 3512 4199 quod
3545 4134 3710 4187 occi-

430 4214 593 4280 derit,
640 4213 923 4268 viviﬁcare
971 4212 1244 4283 promittit
1293 4226 1396 4264 vox
1450 4209 1655 4262 divina.
1703 4209 1776 4264 lis
1827 4217 2010 4263 autem
2049 4227 2170 4281 quia
2197 4213 2346 4266 dicta
2391 4226 2554 4279 sunt,
2595 4218 2771 4271 simile
2829 4234 3049 4288 quoque
3073 4229 3158 4275 est
3200 4222 3349 4292 quod
3394 4225 3706 4294 sequitur:

499 4307 555 4361 2.
591 4324 611 4357 ι
647 4305 909 4375 Tempus,
953 4325 972 4357 ι
1016 4305 1216 4375 inquit,
1277 4324 1294 4355 ι
1348 4303 1654 4374 plantandi,
1702 4312 1757 4358 et
1783 4311 1998 4372 tempus

2135 4311 2154 4344 ί
2175 4307 2398 4376 Καιρὸς,
2419 4309 2571 4378 φησὶ,
2598 4309 2691 4362 τοῦ
2718 4311 3001 4378 φυτεῦσαι,
3029 4314 3118 4366 καὶ
3151 4316 3342 4387 καιρὸς
3364 4316 3463 4369 τοῦ
3485 4320 3707 4377 ὲκτῖλαι

433 4397 703 4454 evellendi
737 4397 884 4467 quod
935 4397 1246 4466 plantatum
1291 4404 1398 4450 est.
1442 4415 1460 4447 ι
1517 4394 1738 4450 Scimus
1771 4395 1899 4464 quis
1937 4393 2012 4449 sit

434 4498 622 4544 noster
666 4488 928 4557 agricola,
961 4495 1015 4542 et
1054 4501 1181 4548 nos.
1222 4486 1511 4555 cujusnam
1554 4485 1728 4540 simus
1773 4485 2014 4554 agricul-

437 4589 584 4634 tura.
627 4579 764 4634 Nam
807 4579 942 4633 illud
989 4577 1211 4648 quidem
1241 4592 1270 4630 a
1303 4577 1545 4643 Christo,
1583 4577 1689 4632 hoc
1718 4586 1898 4633 autem
1927 4576 2012 4630 di-

434 4671 674 4726 dicimus
707 4685 738 4724 a
777 4686 938 4727 servo
970 4669 1178 4724 Christi
1227 4667 1418 4722 Paulo.
1460 4667 1604 4722 Dicit
1631 4667 1776 4721 enim
1827 4666 2012 4721 Domi-

436 4779 588 4820 nus:
633 4780 653 4815 ι
708 4761 870 4819 Pater
918 4776 1074 4818 meus
1119 4761 1362 4831 agricola
1415 4769 1500 4815 est
1527 4759 1597 4815 ⁸⁸.
1642 4777 1661 4812 ι
1714 4759 2010 4829 Apostolus

435 4863 618 4909 autem
671 4854 833 4909 nobis
880 4854 1058 4909 dicit:
1115 4871 1134 4903 ι
1175 4851 1267 4906 Dei
1313 4851 1652 4921 agricultura
1700 4852 1838 4906 estis
1867 4852 1936 4905 ⁸⁷.
1986 4869 2005 4902 ι

436 4945 666 5015 Magnus
711 4958 844 5014 ergo
894 4943 1136 5013 agricola
1169 4943 1276 4996 scit
1322 4941 1501 4995 solum
1551 4941 1692 4994 bona
1741 4941 2012 5009 plantare.

441 5057 462 5090 ‹
529 5036 807 5092 Plantavit
861 5037 1009 5091 enim
1045 5033 1191 5090 Deus
1243 5033 1560 5104 paradisum
1619 5034 1677 5087 in
1735 5031 1903 5088 Edem
1943 5030 2013 5085 ad

436 5128 717 5184 Orientem
763 5129 810 5160 ⁸⁸
857 5144 874 5182 :
930 5145 954 5178 ι
997 5126 1151 5181 vellit
1202 5133 1384 5181 autem
1416 5140 1480 5180 ea
1503 5139 1626 5194 qua:
1669 5131 1800 5180 sunt
1851 5123 2013 5179 bonis

437 5221 743 5278 contraria.
781 5237 804 5273 ι
833 5217 1028 5274 Omnis
1051 5216 1198 5273 enim
1225 5217 1490 5286 plantatio
1519 5231 1685 5287 quam
1716 5231 1830 5270 non
1851 5215 2010 5286 plan-

438 5313 576 5367 tavit
610 5311 773 5369 Pater
791 5325 944 5366 meus
996 5307 1264 5372 cmlestis,
1308 5307 1682 5362 eradicabitur
1707 5307 1773 5359 ⁸⁸.
1814 5325 1835 5359 ι
1868 5305 2010 5360 Pha-

442 5402 643 5459 risaica
669 5417 800 5472 ergo
823 5400 1026 5454 malitia
1045 5405 1102 5454 et
1123 5397 1500 5462 incredulitas,
1533 5407 1587 5453 et
1612 5397 1810 5468 ingrati
1841 5394 2008 5451 animi

2105 4397 2167 4450 τὸ
2218 4395 2968 4479 πεφυτευμένονδοίδαμὲν
3017 4405 3102 4467 τίς
3148 4407 3312 4477 ἡμῶν
3353 4409 3381 4460 6
3422 4414 3702 4482 γεωργὸς,

2107 4490 2203 4542 καὶ
2242 4490 2404 4560 ἡμεῖς
2447 4490 2592 4554 τίνος
2634 4489 2921 4564 γεώργιον.
2970 4495 3044 4548 Τὸ
3089 4497 3188 4567 μὲν
3219 4498 3332 4570 γὰρ
3363 4501 3522 4573 παρὰ
3562 4502 3708 4575 Χρι-

2109 4577 2272 4644 στοῦ,
2302 4579 2363 4632 τὸ
2395 4579 2452 4632 δὲ
2495 4580 2644 4649 παρά
2686 4582 2781 4635 τοῦ
2815 4583 3002 4637 δούλου
3030 4585 3124 4638 τοῦ
3167 4587 3405 4658 Χριστοῦ
3439 4594 3708 4665 μεμαθὴ-

2107 4685 2285 4739 καμεν
2326 4669 2558 4724 Παύλου.
2603 4672 2660 4724 Ὀ
2710 4673 2809 4743 μὲν
2857 4675 2968 4746 γάρ
2998 4675 3200 4746 Κύριός
3235 4694 3424 4747 φησιν,
3454 4680 3543 4733 ὅτι
3581 4701 3604 4734 ο
3646 4685 3707 4738 '0

2109 4762 2296 4831 Πατήρ
2332 4779 2432 4831 μου
2481 4763 2722 4833 γεωργός
2760 4765 2942 4819 ἐστιν·
2977 4769 3044 4820 »ὁ
3079 4766 3138 4820 δὲ
3189 4767 3513 4834 Ἀπόστολος
3560 4773 3708 4844 πρὸς

2107 4853 2254 4923 ἡμᾶς
2273 4853 2440 4921 λέγει’
2471 4855 2553 4907 ὃτι
2579 4873 2598 4905 ι
2629 4854 2764 4908 Θεοῦ
2791 4855 3061 4927 γεώργιόν
3081 4861 3226 4912 ἐστε.
3249 4878 3268 4912 ι
3307 4861 3370 4914 Ὁ
3397 4857 3494 4915 οῦν
3517 4864 3706 4933 μέγας

2109 4946 2351 5016 γεωργὸς
2379 4947 2446 4998 τὰ
2469 4947 2646 5014 ἀγαθὰ
2674 4947 2925 5016 φυτεύειν
2955 4950 3245 5003 ἐπίσταται
3269 4953 3449 5020 μόνον.
3474 4971 3493 5005 ι
3526 4955 3705 5025 Ἐφύ-

2110 5051 2270 5087 τευσε
2312 5033 2423 5106 γὰρ
2451 5037 2480 5088 6
2523 5037 2655 5098 Θεὸς
2697 5038 3026 5109 παράδεισον
3052 5043 3111 5094 ὲν
3164 5042 3328 5113 Ἐδὲμ
3367 5045 3508 5099 κατά
3555 5047 3709 5101 ἀνα-

2117 5123 2343 5198 τολὰςρ
2371 5124 2439 5178 τὰ
2467 5125 2524 5180 δὲ
2551 5127 2770 5182 ἐναντία
2790 5131 2903 5192 τοῖς
2915 5130 3141 5199 ἀγαθοῖς
3155 5133 3457 5189 ἀποτίλλει.
3487 5153 3509 5186 ε
3535 5138 3707 5194 Πᾶσα

2115 5213 2226 5284 γὰρ
2260 5215 2451 5283 φυτεία
2477 5218 2544 5288 ἢν
2590 5218 2690 5271 οὐκ
2729 5218 3022 5286 ἐφύτευσεν
3075 5224 3105 5276 6
3160 5225 3348 5297 Πατήρ
3408 5243 3511 5298 μου
3550 5230 3584 5282 6
3612 5232 3710 5284 οὐ·

2119 5303 2320 5373 ράνιος,
2346 5304 2794 5377 ὲκριζωθὴσεται.
2829 5326 2850 5360 ι
2886 5308 3097 5363 Οὐκοῦν
3123 5311 3158 5381 ἡ
3197 5313 3502 5385 φαρισαῖκὴ
3527 5316 3706 5371 κακία

2117 5411 2174 5446 τε
2219 5396 2310 5449 καί¹
2340 5396 2595 5462 ἀπιστία,
2627 5399 2783 5469 καὶή
2823 5399 2959 5470 πρὸς
3006 5401 3074 5455 τά
3103 5402 3366 5473 γινόμενα
3411 5403 3569 5477 παρὰ
3606 5405 3704 5460 τοῦ

514 5575 560 5606 ⁸²
593 5575 613 5629 Ι
641 5575 765 5631 Cor.
794 5592 896 5644 av,
923 5576 982 5630 3i
1090 5575 1134 5607 ⁸³
1173 5574 1332 5644 Bon).
1370 5574 1584 5630 vm.56.
1659 5576 1701 5608 θ’·
1744 5577 1783 5632 ll
1835 5579 1960 5632 Cor.
1998 5591 2006 5632 I

2110 5575 2188 5631 l0.
2264 5575 2307 5606 "
2334 5572 2491 5631 Deut.
2532 5588 2703 5640 χχχιι,
2737 5573 2824 5631 59.
2902 5571 3123 5630 "Joan.
3153 5591 3244 5643 xv,
3286 5575 3337 5630 l.
3413 5577 3458 5608 "
3496 5577 3516 5632 Ι
3565 5577 3699 5636 Cor.

446 5656 530 5706 ιιι,
561 5645 614 5697 9.
689 5646 734 5676 ⁸⁸
772 5643 907 5700 Gcn.
945 5659 1006 5708 Ii,
1039 5644 1088 5699 8.
1169 5646 1212 5677 ’⁵ο
1253 5643 1404 5699 Matt.
1442 5660 1530 5712 xv,
1570 5645 1654 5700 15.
