3846 6220
117 290 227 346 705

1194 278 1261 335 IN
1294 275 1834 335 ECCLESIASTEN.
1889 274 2172 331 HOMILIA
2206 275 2290 333 Vl.

3278 278 3380 338 706

114 408 331 483 Κυρίου
359 406 614 477 θαύματα
668 402 1061 474 ἀγνωμοσύνη,
1095 401 1270 456 ταῦτα
1307 400 1376 454 τά
1412 399 1556 469 φυτά
1591 400 1701 453 ἐστι

1809 397 2016 452 crimen
2051 397 2116 450 ad
2149 413 2211 453 ea
2241 411 2362 465 qua:
2394 412 2424 450 a
2466 396 2697 453 Domino
2731 397 2872 452 facta
2914 407 3048 484 sunt
3089 399 3378 468 miracula,

119 503 191 556 τὰ
241 498 619 568 ἐκτιλλόμενα.
669 495 786 566 Χρὴ
831 493 940 564 γάρ
997 493 1363 564 ἐπικρατῆσαι
1416 491 1477 544 τὸ
1526 492 1731 585 κήρυη

112 610 242 664 γμα
271 593 368 662 τῆς
391 589 682 660 σωτηρίας.
718 608 736 640 ι
767 589 888 660 Χρὴ
918 586 1257 657 κηρυχθῆναι
1283 583 1344 638 τὸ
1370 583 1698 651 Εὑαγγέλιον

111 688 181 739 ἐν
209 684 317 754 ὅλῳ
345 683 422 753 τῷ
444 682 652 752 κόσμῳ.
686 701 704 732 ι
742 679 863 750 Χρὴ
890 681 1070 731 πᾶσαν
1091 676 1342 742 γλῶσσαν
1374 675 1698 746 ἐξομολογή-

113 773 324 828 σασθαι
351 773 434 826 ὅτι
471 772 676 842 Κύριος
725 768 932 840 Ἰησοῦς
983 766 1214 836 Χριστὸς
1259 767 1338 830 είς
1378 765 1533 830 δόξαν
1562 763 1697 818 Θεοῦ

114 866 360 937 Πατρός.
407 864 560 916 Ἐπεὶ
604 858 698 916 οὖν
726 861 898 914 ταῦτα
943 859 1197 929 γενέσθαι
1242 857 1347 930 χρὴ
1381 859 1696 930 πάντως,ή

114 957 220 1010 νῦν
250 952 626 1026 ἐπικρατοῦσά
652 969 813 1005 τινων
840 950 1066 1004 ἀπιστία
1091 951 1192 1002 οὐκ
1219 948 1366 1002 ἐστιν
1392 950 1456 1002 ἐκ
1479 949 1577 1018 τῆς
1605 946 1698 1000 τοῦ

113 1049 340 1119 Πατρδς
365 1047 620 1117 φυτείας,
649 1045 783 1099 ἀλλά
809 1043 903 1098 τοῦ
937 1042 1408 1115 παρασπείροντος
1448 1042 1518 1096 τὰ
1543 1041 1700 1106 ζιζά-

115 1158 235 1206 νια,
264 1141 300 1210 ἢ
328 1140 420 1193 τοῦ
451 1135 927 1208 παραφυτεύοντος
961 1136 1038 1206 τῷ
1064 1134 1376 1205 Δεσποτικῷ
1419 1133 1699 1205 ἀμπελῶνι

113 1232 223 1303 τὴν
271 1229 568 1300 Σοδομικῆν
606 1227 939 1298 κληματίδα.
974 1230 1151 1299 Ὅπερ
1180 1223 1272 1281 οὖν
1317 1229 1374 1281 ἐν
1406 1227 1484 1296 τῷ
1523 1228 1697 1293 Εὐαγο

115 1322 291 1393 γελίῳ
326 1321 478 1392 παρά
518 1321 619 1389 τῆς
653 1318 987 1389 Δεσποτικῆς
1043 1319 1225 1388 φωνῆς
1271 1317 1694 1386 ἐπαιδεύθημεν

112 1413 284 1466 τοῦτο
303 1412 400 1466 νῦν
425 1413 520 1466 καὶ
543 1415 600 1464 ἐν
629 1411 706 1481 τῷ
731 1411 1010 1480 αἰνίγματι
1031 1409 1124 1462 τοῦ
1150 1407 1573 1478 Ἑκκλησιαστοῦ
1602 1409 1701 1462 ἐδι-

108 1500 428 1574 δάχθημεν,
453 1505 534 1556 ὅτι
559 1503 723 1567 αὐτὸς
753 1501 941 1570 καιρός
972 1503 1088 1555 ἐστι
1125 1500 1188 1554 τό
1220 1517 1279 1554 τε
1319 1502 1580 1571 σωτήριον
1600 1501 1699 1569 τῆς

113 1597 363 1658 πίστεως
392 1593 555 1662 φυτὸν
583 1590 1018 1664 παραδέξασθαι,
1051 1592 1112 1645 τὸ
1157 1590 1289 1645 αὐτὸ
1317 1592 1416 1662 τῆς
1445 1592 1698 1654 ἀπιστίας

110 1687 379 1742 ἀποτῖλαι
409 1685 665 1750 ζιζάνιον.
707 1688 771 1737 Ὃ
815 1684 872 1736 δὲ
899 1683 990 1736 ἐπὶ
1041 1682 1238 1755 μέρους
1269 1685 1399 1754 περὶ
1430 1682 1525 1736 τοῦ
1558 1682 1700 1736 κατὰ

120 1777 220 1849 τὴν
271 1777 455 1830 πίστιν
505 1772 926 1845 κατορθώματος
973 1773 1220 1845 εἴρηται,
1255 1771 1416 1826 τοῦτο
1465 1773 1559 1827 καὶ
1607 1775 1700 1826 ἐπὶ

115 1869 310 1938 πάσης
334 1865 534 1938 ἀρετῆς
563 1863 871 1927 ἀκολούθως
900 1864 964 1918 ἄν
990 1881 1074 1926 τις
1104 1865 1333 1935 νοήσειε.
1372 1863 1579 1936 Καιρὸς
1606 1863 1698 1918 τοῦ

115 1957 390 2026 φυτεῦσαι
423 1957 521 2026 τὴν
566 1954 922 2024 σωφροσύνην
973 1955 1066 2008 καὶ
1097 1953 1304 2008 ἐκτῖλαι
1332 1954 1394 2008 τὸ
1435 1954 1536 2024 τῆς
1573 1955 1702 2008 ἀκο-

115 2047 314 2110 λασίας
362 2046 547 2115 φυτόν.
591 2044 748 2098 Οὕτω
791 2047 885 2097 καὶ
923 2045 1265 2116 δικαιοσύνης
1309 2045 1698 2115 φυτευθείσης,

115 2139 520 2212 ἀπορῤιζοῦται
552 2138 614 2190 τὸ
641 2137 823 2191 ἄδικον
847 2137 1151 2208 βλάστημα,
1182 2140 1275 2192 καὶ
1303 2139 1366 2192 τὸ
1395 2140 1493 2209 τῆς
1519 2157 1703 2193 ταπει-

118 2231 462 2304 νοφροσύνης
491 2231 678 2300 φυτὸν,
717 2231 810 2284 τὸν
834 2231 1002 2298 τῦφον
1039 2230 1332 2302 ἀνέτρεψε,
1358 2231 1393 2302 ἦ
1419 2247 1477 2284 τε
1512 2233 1699 2302 ἀγάπη

116 2326 476 2396 βλαστήσασα
497 2325 557 2378 τὸ
583 2324 818 2394 πονηρὸν
846 2322 940 2380 τοῦ
969 2323 1159 2394 μίσους
1175 2323 1390 2394 δένδρον
1411 2322 1670 2394 ἐξήρανεν
1685 2339 1700 2352 °

116 2417 314 2488 ὥσπερ
345 2417 440 2468 καὶ
476 2418 539 2469 ὲκ
557 2415 649 2468 τοῦ
679 2416 920 2468 ἐναντίου
945 2415 1180 2486 δένδρουν
1210 2415 1398 2486 μίσους
1429 2416 1648 2487 anna“
1668 2419 1702 2486 ἡ

116 2509 310 2562 ἀδικία
357 2508 740 2579 πληθυνομένη
793 2506 889 2578 τὴν
919 2507 1139 2576 ἀγάπην
1179 2507 1480 2576 κατέψυξε,
1509 2510 1603 2561 καὶ
1634 2508 1703 2560 τὰ

119 2601 264 2653 ἄλλα
299 2599 476 2653 πάντα
508 2597 648 2652 κατὰ
681 2598 773 2650 τὸν
813 2599 973 2651 αὑτὸν
1000 2598 1230 2669 τρόπον,
1257 2598 1344 2650 ἵνα
1378 2599 1454 2668 μὴ
1485 2599 1551 2652 τὰ
1582 2599 1701 2652 καθ’

115 2690 356 2744 ἕκαστον
382 2689 634 2755 λέγοντες
661 2686 1062 2758 διατρίϐοιμεν,
1099 2687 1300 2757 ὁμοίως
1342 2686 1611 2750 νοοῦντες,
1641 2689 1700 2740 ού

116 2779 538 2851 σφσλησόμεθα.
581 2781 751 2834 Πάλιν
789 2783 819 2834 ό
845 2779 1044 2852 ἐφεξῆς
1080 2779 1238 2849 λόγος
1275 2779 1564 2850 σύμφωνος
1590 2785 1702 2845 τοῖς

116 2872 623 2944 προεξητασμένοις
649 2873 785 2926 ἐστί.

202 2985 222 3017 ι
254 2965 460 3036 Καιρὸς
484 2965 611 3035 γάρ,
644 2985 664 3017 ι
693 2966 848 3035 φησὶ,
872 2983 891 3016 ι
925 2964 1021 3017 τοῦ
1040 2965 1376 3027 ἀποκτεῖναι,
1399 2965 1587 3036 καιρὸς
1609 2965 1700 3018 τοῦ

1807 491 1890 546 hae
1938 491 2138 561 plantae
2189 500 2319 546 sunt
2371 505 2493 560 qua:
2544 491 2870 545 evelluntur.
2907 491 3184 546 Dominari
3231 493 3379 548 enim

1805 589 2024 652 oportet
2070 582 2406 652 praeconium
2443 582 2658 638 salutis.
2692 583 2921 652 Oportet
2952 583 3117 637 etiam
3171 583 3378 638 invale-

1805 689 1962 730 scere
2010 674 2457 745 prmdicationem
2510 676 2726 730 salutis.
2763 695 2782 727 ι
2849 674 3076 746 Oportet
3133 675 3384 748 Evange~

1804 767 1937 820 lium
1969 767 2252 837 praedicari
2287 767 2342 822 in
2374 775 2490 822 toto
2516 767 2720 822 mundo
2746 767 2814 820 ’°.
2854 785 2874 820 ν
2907 767 3131 838 Oportet
3160 785 3378 825 onmem

1806 856 2050 926 linguam
2091 857 2364 921 confiteri,
2419 857 2566 928 quod
2617 856 2883 913 Dominus
2927 855 3090 915 Jesus
3123 858 3379 914 Christus

1805 948 1863 1002 in
1901 947 2130 1018 gloriam
2180 947 2274 1002 Dei
2308 946 2490 1003 Patris
2523 949 2587 1000 9'.
2630 947 2903 1013 Quoniam
2947 965 3079 1020 ergo
3114 950 3229 1005 haec
3254 966 3378 1006 om-

1805 1041 1940 1095 nino
1972 1039 2089 1095 fieri
2119 1047 2356 1109 oportet,
2386 1056 2509 1110 qua:
2544 1056 2690 1096 nunc
2729 1041 2785 1096 in
2817 1043 3100 1099 nonnullis
3129 1042 3382 1097 domina-

1807 1141 1896 1187 tur
1927 1133 2308 1197 incredulitas,
2337 1149 2448 1188 non
2493 1146 2578 1193 est
2607 1151 2673 1191 ex
2707 1133 3037 1202 plantatione
3052 1134 3255 1199 Patris,
3280 1137 3377 1192 sed

1805 1224 1925 1294 ejus
1952 1223 2045 1293 qui
2069 1223 2470 1293 superseminat
2493 1225 2725 1289 zizania,
2753 1226 2835 1279 vel
2864 1225 2957 1293 qui
2982 1224 3138 1293 juxta
3163 1226 3376 1280 vineam

1806 1316 2022 1370 Domini
2047 1316 2327 1386 palmitem
2361 1317 2570 1386 plantat
2598 1315 2986 1371 Sodomorum.
3017 1316 3172 1383 Quod
3210 1317 3379 1388 igitur

1805 1410 1862 1463 in
1896 1407 2193 1479 Evangelio
2225 1407 2524 1464 didicimus
2557 1423 2588 1461 a
2621 1423 2754 1464 voce
2788 1407 3026 1475 Domini,
3075 1409 3179 1464 hoc
3230 1424 3378 1465 nunc

1804 1515 2026 1570 quoque
2074 1500 2362 1570 aenigmate
2407 1499 2598 1554 docuit
2646 1515 2748 1556 nos
2797 1499 3179 1567 Ecclesiastes,
3228 1501 3376 1571 quod

1805 1592 1948 1645 idem
1979 1598 2064 1646 est
2089 1598 2305 1660 tempus
2339 1597 2395 1646 et
2430 1589 2727 1645 salutaretur
2766 1588 2890 1644 tidei
2923 1591 3164 1660 plantam
3197 1591 3378 1646 susci-

1807 1682 2014 1752 piendi,
2066 1691 2121 1736 et
2178 1684 2359 1752 ipsum
2403 1681 2808 1736 incredulitatis
2853 1682 3044 1738 lolium
3085 1680 3374 1738 evelleudi.

1731 1764 1772 1819 Β
1802 1775 1958 1842 Quod
1991 1786 2172 1830 autem
2210 1776 2264 1829 in
2301 1783 2456 1846 parte
2487 1774 2694 1830 dictum
2725 1782 2809 1831 est
2847 1775 2916 1830 de
2947 1789 3013 1829 eo
3049 1774 3194 1844 quod
3229 1782 3379 1830 recte

1802 1876 2015 1937 gestum
2039 1876 2124 1922 est
2152 1882 2217 1921 ex
2253 1866 2378 1931 fide,
2407 1867 2510 1921 hoc
2543 1868 2705 1922 etiam
2739 1867 2793 1921 in
2834 1865 2983 1920 omni
3014 1867 3214 1922 virtute
3241 1881 3378 1922 con-

1802 1966 2094 2028 sequenter
2129 1957 2486 2013 intellexeris.
2522 1955 2762 2028 Tempus
2794 1967 2880 2012 est
2916 1957 3199 2027 plantandi
3231 1963 3377 2011 tein-

1802 2049 2125 2119 perantiam,
2147 2053 2212 2104 et
2234 2048 2502 2105 evellendi
2533 2049 2774 2118 plantam
2807 2049 3264 2118 intemperantiae.
3297 2049 3378 2102 lta

1802 2140 1964 2194 etiam
1997 2140 2235 2208 plantata
2272 2139 2514 2208 justitia,
2554 2139 2816 2207 injustum
2846 2154 3068 2209 germen
3114 2137 3384 2194 radicitus

1805 2215 2082 2294 evellitur,
2108 2238 2163 2286 et
2191 2231 2375 2300 planta
2407 2231 2739 2287 humilitatis
2765 2231 2959 2285 evertit
2981 2230 3378 2300 arrogantiam,

1804 2332 1860 2380 et
1893 2339 2014 2395 qua:
2044 2324 2368 2395 germinavit
2402 2323 2670 2393 charitas,
2701 2321 3001 2379 exsiccavit
3043 2323 3238 2376 malam
3287 2335 3382 2374 ar-

1806 2417 1994 2471 borem
2022 2417 2133 2469 odii
2177 2435 2191 2468 :
2229 2415 2508 2484 quomodo
2535 2417 2701 2469 etiam
2741 2430 2806 2470 ex
2841 2414 3118 2470 contraria
3157 2412 3376 2470 arbore.

1807 2523 2002 2577 nempe
2033 2509 2180 2570 odio,
2205 2507 2566 2576 multiplicata
2586 2507 2855 2576 injustitia
2877 2504 3162 2572 refrigerat
3193 2503 3381 2557 chari-

1807 2607 1995 2654 tatem.
2037 2599 2158 2653 Alia
2197 2615 2419 2667 quoque
2445 2599 2651 2661 omnia,
2679 2615 2748 2654 ne
2780 2599 2833 2652 in
2865 2599 3097 2668 singulis
3129 2598 3380 2654 dicendis

1809 2691 2187 2752 immoremur,
2229 2691 2421 2745 eodem
2475 2690 2638 2744 modo
2691 2690 2943 2745 similiter
2988 2690 3381 2760 intelligentes,

1809 2796 1919 2834 non
1949 2781 2346 2835 aberrabimus.
2386 2780 2595 2836 Rursus
2629 2781 2682 2834 id
2716 2781 2862 2850 quod
2892 2781 3150 2852 deinceps
3193 2784 3380 2852 sequi-

1809 2881 1919 2932 tur,
1957 2879 2224 2926 consonat
2255 2871 2322 2925 iis
2354 2887 2475 2940 qua:
2507 2871 2660 2940 prius
2693 2879 2823 2925 sunt
2856 2873 3191 2924 examinata.

1880 2964 1932 3016 5.
1971 2982 1988 3014 ι
2025 2961 2262 3031 Tempus
2289 2971 2373 3017 est
2399 2962 2571 3025 enim,
2621 2981 2639 3013 ι
2683 2962 2880 3032 inquit,
2919 2981 2937 3014 ι
2984 2961 3292 3030 occidendi,
3325 2969 3382 3018 et

120 3056 406 3112 ἰάσασθαι.
420 3075 439 3108 ι
461 3057 630 3110 Τοῦτο
643 3057 699 3110 δὲ
718 3056 903 3126 σαφῶς
918 3057 978 3112 ἐν
992 3056 1070 3127 τῷ
1091 3056 1410 3128 προφητικῷ
1425 3074 1558 3128 προε
1565 3075 1596 3128 ρ
1603 3077 1701 3128 μη-

1811 3059 2026 3120 tempus
2045 3050 2319 3104 medendi.
2360 3069 2379 3100 ι
2414 3048 2526 3104 Hoc
2553 3059 2730 3104 autem
2759 3057 2946 3119 aperte
2981 3051 3286 3120 explicatur
3322 3052 3384 3106 in

117 3149 366 3208 νεύεται.
388 3147 416 3200 ὃ
439 3149 502 3202 ἐκ
523 3147 814 3218 προσώπου
849 3147 944 3201 τοῦ
988 3147 1121 3201 Θεοῦ
1165 3165 1362 3220 φησιν,
1394 3149 1474 3202 ὅτι
1501 3168 1519 3199 ι
1565 3149 1704 3218 Ἐγὼ

117 3238 414 3293 ἀποκτενῶ
431 3239 635 3309 καὶζῆν
652 3241 881 3309 ποιήσω.
897 3257 915 3290 ι
936 3237 1058 3292 Ἐάν
1079 3237 1188 3310 γὰρ
1207 3238 1280 3310 μὴ
1297 3239 1703 3310 ἀποκτείνωμεν

121 3333 187 3382 ἐν
216 3331 433 3393 ἑαυτοῖς
455 3330 554 3400 τὴν
583 3329 803 3400 ἔχθραν,
833 3330 934 3384 οὐκ
957 3325 1216 3400 ἰασόμεθα
1237 3330 1338 3401 τὴν
1355 3331 1702 3401 ἀγαπητικὴν

117 3421 367 3476 διάθεσιν
389 3408 490 3492 τὴν
513 3422 572 3474 ὲν
593 3423 722 3493 ἡμῖν
743 3421 830 3474 διὰ
847 3420 942 3474 τοῦ
971 3421 1162 3492 μίσους
1188 3423 1513 3492 νοσήσασαν.
1548 3421 1705 3475 Οὕτω

121 3511 222 3564 καὶ
247 3510 317 3564 τὰ
335 3510 500 3564 λοιπὰ
521 3511 696 3564 πάντα
711 3511 812 3563 ὅσα
837 3509 930 3562 ἐπὶ
951 3508 1106 3580 κακῷ
1123 3507 1242 3562 καθ’
1261 3507 1416 3580 ἡμῶν
1436 3508 1502 3578 ζῇ
1522 3525 1536 3540 ο
1561 3507 1705 3577 λέγω

120 3601 191 3674 δὴ
219 3601 322 3672 τὴν
349 3599 525 3670 κακὴν
554 3599 661 3652 τῶν
678 3599 1018 3672 παθημάτων
1035 3598 1358 3672 παράταξιν,
1377 3599 1578 3653 καὶτὸν
1600 3599 1702 3668 ἐμ-

123 3692 319 3761 φύλιον
345 3691 536 3745 τοῦτον
570 3691 825 3763 πόλεμον,
860 3692 951 3746 τὸν
979 3692 1100 3746 καθ’
1127 3691 1284 3763 ἡμῶν
1313 3691 1402 3745 διὰ
1428 3691 1534 3745 τῶν
1578 3691 1704 3761 ἡδο-

123 3782 235 3836 νῶν
284 3783 740 3854 στρατευόμενον,
791 3783 886 3836 καὶ
917 3782 1388 3854 αίχμαλωτίζοντα
1436 3784 1584 3853 ἡμᾶς
1624 3782 1704 3851 τῷ

124 3875 280 3945 νόμῳ
308 3878 407 3944 τῆς
437 3875 729 3945 ἁμαρτίας,
781 3874 970 3944 καιρός
1000 3876 1117 3927 ἐστι
1153 3873 1247 3927 τοῦ
1274 3875 1606 3927 ἀποκτεῖναι.
1646 3873 1704 3926 '0

124 3964 236 4035 γὰρ
269 3964 378 4016 τῶν
409 3964 666 4017 τοιούτων
705 3965 865 4034 φόνος
886 4003 900 4027 ,
943 3966 1083 4028 ῐασις
1123 3964 1330 4032 γίνεται
1371 3962 1464 4016 sui}
1491 3962 1580 4016 διὰ
1605 3963 1704 4032 τῆς

125 4056 408 4126 ἁμαρτίαις
427 4054 906 4126 ἐξασθενήσαντος.
933 4057 1098 4108 Φασὶν
1126 4057 1173 4107 οἱ
1204 4055 1377 4125 ἰατροὶ
1405 4053 1504 4116 τάς
1522 4053 1706 4123 ἕλμιν-

124 4143 248 4206 θας,
286 4145 382 4196 καὶ
411 4141 552 4197 ἄλλα
592 4144 713 4197 τινὰ
743 4144 966 4198 τοιαῦτα
1005 4144 1169 4218 θηρία
1210 4145 1410 4197 ἔσωθεν
1442 4146 1506 4197 ὲκ
1540 4161 1706 4198 κακο-

123 4235 333 4305 χυμίας
356 4235 743 4304 ζωογονεῖσθαι
760 4239 873 4298 τοῖς
897 4236 1244 4307 σπλάγχνοις,
1265 4231 1339 4290 ὧν
1362 4239 1396 4308 ὴ
1412 4236 1525 4306 ζωὴ
1549 4236 1704 4300 νόσος

122 4332 206 4400 τῷ
232 4329 448 4401 σώματι
480 4331 723 4398 γίνεται·
757 4332 806 4383 εί
836 4330 889 4384 δὲ
917 4331 1097 4384 ἐκεῖνα
1120 4330 1208 4384 διά
1233 4347 1376 4392 τινος
1419 4345 1706 4400 φαρμακο-

1806 3143 2092 3213 propheta,
2126 3157 2250 3197 cum
2288 3141 2422 3196 dicit
2453 3157 2519 3196 ex
2551 3157 2786 3210 persona
2816 3140 2910 3195 Dei
2939 3159 2952 3195 :
2991 3161 3008 3192 ι
3042 3141 3301 3196 Occidam
3328 3151 3382 3198 et

1804 3237 1988 3290 vivere
2028 3235 2226 3288 faciam
2275 3235 2387 3288 ν’.»
2418 3231 2536 3288 Nisi
2565 3233 2711 3287 enim
2754 3233 2808 3287 in
2857 3233 3018 3288 nobis
3062 3231 3386 3290 occidamus

1805 3325 2156 3390 inimicitias,
2212 3339 2322 3380 non
2381 3323 2722 3380 medebimur
2773 3323 3048 3380 aﬂ‘ectioni
3095 3324 3386 3381 charitatis

1804 3433 1928 3490 quae
1947 3425 2174 3489 aegrotat
2196 3425 2420 3487 propter
2441 3415 2648 3471 odium.
2681 3417 2756 3470 lta
2788 3417 2950 3472 etiam
2976 3425 3170 3472 caetera
3193 3416 3380 3472 omnia

1804 3523 1928 3578 qua:
1962 3508 2112 3562 malo
2134 3515 2326 3564 nostro
2357 3507 2624 3562 adversus
2653 3521 2754 3562 nos
2782 3507 3010 3574 vivunt,
3039 3507 3163 3562 dico
3184 3508 3378 3562 malam

1805 3599 1973 3653 animi
2005 3605 2255 3653 motuum
2307 3597 2513 3660 aciem,
2551 3605 2605 3651 et
2641 3596 2745 3651 hoc
2777 3597 2938 3653 civile
2987 3597 3134 3667 quod
3181 3598 3238 3653 in
3277 3613 3387 3653 nos

1805 3706 1903 3760 per
1930 3690 2237 3759 voluptates
2267 3689 2477 3758 geritur
2506 3688 2732 3752 bellum,
2768 3696 2822 3743 et
2850 3703 2952 3743 nos
2975 3689 3222 3755 captivos
3255 3689 3380 3744 red-

1803 3783 1886 3837 dit
1919 3782 2024 3852 legi
2056 3781 2289 3852 peccati,
2313 3788 2533 3850 tempus
2553 3789 2638 3834 est
2667 3778 2974 3834 occidendi.
3006 3778 3208 3834 Eorum
3233 3781 3382 3838 enim

1805 3875 2010 3939 caedes,
2039 3881 2122 3928 est
2160 3871 2371 3930 medela
2419 3871 2540 3941 ejus
2585 3872 2678 3941 qui
2727 3871 2976 3926 infirmus
3025 3872 3238 3927 exstitit
3285 3886 3386 3941 per

1804 3975 2114 4038 peccatum.
2163 3965 2335 4019 Aiunt
2385 3963 2583 4019 medici
2641 3964 2969 4026 lumbricos,
3025 3971 3080 4017 et
3130 3963 3380 4033 quandam

1803 4059 2075 4128 ejusmodi
2099 4059 2207 4111 alia
2250 4057 2530 4119 animalia,
2563 4071 2631 4112 ex
2663 4056 2823 4110 malis
2862 4056 3187 4110 humoribus
3231 4055 3386 4111 intus

1804 4154 1924 4206 viva
1960 4150 2107 4221 gigni
2148 4149 2204 4204 in
2255 4149 2584 4211 visceribus,
2617 4163 2852 4219 quorum
2891 4149 3000 4202 vita
3035 4156 3120 4203 est
3155 4149 3386 4204 morbus

1805 4244 2045 4314 corpori.
2097 4241 2254 4309 Quod
2301 4241 2347 4296 si
2387 4242 2478 4296 illa
2525 4241 2812 4296 interfecta
2859 4242 2971 4297 sint
3000 4257 3095 4311 per
3138 4241 3379 4311 aliquam

1807 4335 2188 4390 medicamenti
2225 4333 2527 4403 potionem,
2564 4351 2761 4390 rursus
2801 4341 3042 4402 aegrotus
3074 4334 3388 4388 restituitur

124 4423 328 4485 ποσίας
360 4422 690 4493 ἀναιρεθείη,
722 4422 884 4476 πάλιν
905 4425 984 4486 εἰς
1014 4422 1201 4491 ὑγείαν
1233 4423 1260 4474 ό
1289 4422 1510 4492 κάμνων
1539 4422 1701 4494 ἀναῤ-

1809 4428 2056 4496 pristinze
2082 4427 2324 4483 sanitati.
2368 4425 2492 4480 lla‘c
2525 4441 2647 4496 quae
2690 4427 2910 4497 corpori
2974 4426 3248 4491 accidunt,
3286 4426 3382 4480 ba-

126 4514 490 4584 ρωσθήσεται.
526 4514 801 4581 Ἀναλογεί
819 4514 886 4566 τά
905 4514 1128 4567 τοιαῦτα
1146 4511 1238 4565 τοῦ
1263 4512 1511 4583 σώματος
1553 4513 1707 4584 πάθη

126 4606 267 4676 πρὸς
312 4606 382 4658 τά
433 4605 535 4674 τῆς
585 4605 765 4675 ψυχῆς
813 4605 1250 4676 ἀρρωστήματαο
1306 4605 1432 4656 ὅταν
1477 4605 1506 4656 ὁ
1538 4601 1706 4672 θυμὸς

122 4699 341 4752 ἔνδοθεν
384 4696 672 4767 ἐκμύξων,
699 4697 733 4767 ἢ
759 4699 848 4751 διὰ
873 4697 974 4768 τῆς
1002 4697 1365 4769 μνησικακίας
1403 4696 1500 4766 τῆς
1527 4693 1706 4764 ψυχῆς

121 4793 216 4846 τὸν
259 4793 412 4846 τόνον
438 4792 533 4844 καὶ⁸
577 4793 705 4855 τοὺς
734 4792 1024 4861 λογισμοὺς
1051 4789 1379 4860 ἐκνευρίζων
1399 4829 1415 4853 ,
1455 4789 1488 4860 ἢ
1519 4790 1580 4842 τὸ
1610 4786 1704 4841 τοῦ

123 4883 326 4953 φθόνου
357 4883 576 4954 θηρίον,
609 4883 642 4954 ἢ
689 4884 815 4936 εἴτι
860 4884 987 4937 ἄλλο
1021 4882 1275 4935 τοσοῦτον
1301 4881 1469 4935 κακὸν
1495 4882 1528 4951 ἡ
1557 4879 1702 4950 κακὴ

120 4975 310 5028 δίαιτα
355 4973 717 5044 ζωογονήσειο
761 4977 789 5027 ό
824 4974 1142 5042 αἰσθόμενος
1180 4975 1262 5026 ὄτι
1297 4972 1484 5044 θηρίον
1516 4971 1703 5043 τρέφει

122 5062 356 5116 ἔνδοθεν·
381 5064 414 5133 ἡ
448 5063 594 5134 ψυχὴ
623 5061 820 5125 αὑτοῦ,
845 5062 1114 5133 εὐκαίρως
1156 5062 1416 5132 χρήσεται
1445 5059 1521 5130 τῷ
1550 5061 1704 5113 ἀναι-

1805 4519 1934 4574 bent
1954 4519 2246 4588 quamdam
2271 4519 2677 4589 proportionem
2708 4525 2763 4572 et
2793 4518 3226 4573 convenientiam
3252 4533 3384 4574 cum

1803 4611 2010 4666 morbis
2043 4612 2264 4665 animae.
2309 4611 2540 4676 Quando
2584 4611 2662 4664 ira
2709 4610 2859 4666 intus
2908 4609 3099 4674 fervet,
3136 4618 3232 4664 aut
3282 4627 3382 4681 per

1803 4701 2020 4770 injuriae
2049 4712 2286 4772 acceptae
2309 4703 2743 4757 recordationem
2768 4712 2993 4757 enervat
3018 4702 3184 4756 animi
3211 4703 3389 4758 robur

1801 4801 1856 4848 et
1884 4793 2172 4860 rationem,
2203 4803 2298 4848 aut
2328 4794 2544 4848 invidiae
2573 4795 2826 4855 bestiam,
2851 4801 2944 4846 aut
2973 4793 3019 4848 si
3044 4794 3189 4861 quod
3224 4793 3380 4848 aliud-

1797 4884 2067 4955 ejusmodi
2117 4887 2321 4940 malum
2365 4887 2503 4939 mala
2537 4885 2752 4940 vivendi
2799 4886 2940 4939 ratio
2982 4887 3375 4955 procreaverit.

1801 4976 1893 5044 qui
1942 4977 2180 5031 senserit
2210 4975 2357 5045 quod
2392 4978 2541 5032 intus
2587 4977 2820 5031 bestiam
2866 4976 2964 5031 alit
3010 4977 3131 5046 ejus
3172 4977 3384 5036 anima,

1801 5076 2109 5136 opportune
2159 5075 2347 5122 utetur
2399 5067 2796 5125 medicamento
2845 5067 2998 5137 quod
3041 5067 3208 5121 animi
3245 5067 3384 5120 vitia

125 5153 331 5224 ρετικῷ
369 5154 480 5208 τῶν
526 5154 714 5208 παθῶν
757 5157 1050 5228 φαρμάκῳ.
1092 5153 1262 5206 Τοῦτο
1290 5151 1346 5204 δέ
1386 5153 1596 5222 ὲστινή
1641 5151 1701 5204 ἐκ

1807 5158 2092 5212 interimit.
2126 5157 2241 5213 Hoc
2274 5167 2453 5216 autem
2479 5167 2563 5214 est
2581 5157 2829 5215 doctrina
2850 5157 3145 5231 Evangelii,
3187 5166 3246 5212 ut
3271 5158 3389 5212 illis

120 5245 216 5298 τοῦ
247 5245 581 5314 Εὐαγγελίου
607 5247 944 5311 διδασκαλία,
971 5247 1111 5299 ὥστε
1130 5244 1351 5298 ἐκείνων
1386 5260 1701 5314 φονοκτονη-

1807 5250 2070 5314 enecatis,
2111 5252 2161 5306 ei
2188 5251 2283 5320 qui
2309 5250 2413 5306 hoc
2437 5251 2646 5317 fecerit,
2689 5249 2836 5305 adsit
2869 5250 3102 5306 sanitas.

120 5339 329 5392 θέντων
361 5339 708 5408 ἐπιγενέσθαι
731 5339 809 5410 τῷ
842 5337 1164 5409 πεποιηκότι
1196 5337 1296 5407 τὴν
1329 5335 1492 5390 ἴασιν.

195 5450 214 5480 ι
247 5430 455 5499 Καιρδς
475 5428 569 5483 τοῦ
594 5429 862 5494 καθελεῖν,
878 5428 985 5483 ’καὶ
1006 5429 1199 5500 καιρὸς
1221 5428 1314 5482 τοῦ
1343 5425 1700 5498 ἀνοικοδομῆ-

117 5538 232 5576 σαι.
270 5540 288 5572 ι
324 5520 510 5574 Ταῦτα
551 5523 646 5574 καὶ
671 5523 729 5574 ὲν
756 5523 869 5586 τοῖς
893 5520 970 5593 τῷ
995 5523 1249 5594 προφήτῃ
1280 5520 1521 5593 Ἱερεμίᾳ
1549 5518 1699 5590 παρὰ

200 5702 246 5732 ’⁸
279 5697 473 5752 Matth.
517 5713 667 5766 sxw,
718 5696 804 5752 1³5.

1883 5448 1903 5480 ι
1935 5427 2178 5502 Tempus
2219 5440 2304 5488 est
2336 5432 2616 5498 diruendi,
2661 5438 2716 5488 et
2749 5439 2965 5504 tempus
2993 5431 3320 5488 aediﬁcandi.
3357 5449 3383 5482 ρ

1807 5518 1934 5576 Haec
1962 5522 2100 5578 disci
2152 5533 2385 5595 possunt
2426 5527 2592 5582 etiam
2630 5541 2694 5582 ex
2730 5525 2798 5583 iis
2831 5541 2954 5596 quae
2997 5542 3030 5582 a
3076 5523 3192 5583 Deo
3232 5525 3388 5581 dicta

885 5697 929 5730 "
970 5697 1206 5769 Philipp.
1229 5713 1312 5764 ιιι,
1339 5698 1427 5752 Η.
1502 5697 1548 5731 ’³
1587 5697 1749 5755 Deut.
1777 5713 1949 5765 usti,
1974 5696 2064 5754 ὅθ.
