3846 6220
472 291 576 346 707

1701 281 1761 337 S.
1802 276 2135 335 GREGORII
2169 278 2468 337 NYSSENI

3611 285 3713 339 708

469 415 598 463 sum
656 405 938 460 Hieremiae
985 403 1283 473 prophetae,
1332 401 1420 456 cui
1473 399 1735 456 divinitus
1783 399 1910 453 data
1956 411 2018 452 cs

2143 397 2237 451 τοῦ
2264 399 2398 452 Θεοῦ
2445 400 2686 472 ῥηθεῖσιν
2733 401 2846 454 ἐστι
2881 401 3104 472 μαθεῖν,
3147 395 3193 470 ᾧ
3220 402 3424 455 δέδοται
3460 400 3649 456 θεόθεν
3675 405 3709 474 ή

468 504 711 568 potestas
742 495 807 549 ad
835 495 989 564 prius
1017 494 1383 565 purgandum.
1409 501 1464 547 et
1501 491 1764 546 radicitus
1799 489 2035 544 evellen-

465 589 619 652 dum,
643 593 697 642 et
719 586 1127 655 fodiendum,ct
1145 594 1273 639 tunc
1297 584 1666 648 excitandum,
1690 580 2034 638 etaeditlcan.

464 680 594 734 dum
623 686 676 734 et
706 677 1066 748 plantandum
1087 677 1156 730 ”.
1187 674 1416 746 Oportet
1439 676 1586 731 enim
1615 675 1668 728 in
1691 674 1851 729 nobis
1880 674 2034 744 prius

463 770 605 823 dirui
643 769 762 823 vitii
792 767 1043 832 aediﬁcia,
1067 775 1121 820 et
1153 777 1284 820 tunc
1313 765 1559 821 invenire
1592 773 1810 832 tempus
1826 772 1880 818 et
1903 779 2030 833 spa-

465 861 601 916 tium
635 860 698 914 ad
725 859 910 928 templi
934 857 1026 912 Dei
1045 857 1532 919 constructionem,
1559 854 1709 926 quod
1733 854 2036 909 aediﬁcatur

465 953 521 1006 in
553 952 732 1014 nobis,
757 950 918 1018 cujus
943 950 1169 1003 materia
1189 958 1272 1003 est
1297 949 1492 1002 virtus.
1511 945 1569 1000 Si
1591 947 1715 1016 quis
1733 947 1876 1002 enim
1903 945 2034 1001 aedi-

464 1043 591 1096 ﬂcat
622 1056 787 1111 super
815 1038 1234 1094 fundamentum
1267 1038 1371 1092 hoc
1398 1053 1592 1090 aurum
1622 1047 1675 1093 et
1724 1046 2030 1108 argentum.

461 1133 669 1203 lapides
692 1132 1052 1203 pretiosos,ea
1073 1137 1428 1184 nominantur
1446 1129 1620 1183 virtus
1646 1145 1659 1182 :
1685 1129 1828 1199 ligna
1852 1140 2032 1182 autem

460 1233 517 1280 et
563 1225 746 1279 [cuum
784 1230 839 1278 et
861 1221 1064 1291 stipula
1085 1220 1155 1283 “,
1202 1219 1319 1273 vitii
1352 1220 1646 1289 exponitur
1675 1227 1890 1282 natura,
1912 1233 2033 1290 quae

460 1317 683 1387 quidem
704 1331 815 1369 non
838 1321 1062 1384 paratur
1080 1311 1145 1365 ad
1171 1310 1314 1364 aliud
1335 1327 1498 1382 quam
1517 1321 1576 1366 ut
1598 1312 1722 1382 igne
1744 1326 2033 1366 consuma-

462 1407 715 1462 tur.Cum
741 1407 907 1477 igitur
929 1421 992 1460 ex
1017 1404 1140 1459 leno
1159 1413 1213 1459 et
1233 1403 1433 1473 stipula
1452 1403 1910 1465 fuerintaaditicia,
1928 1403 2032 1457 hoc

458 1509 565 1564 est,
587 1515 654 1554 ex
673 1497 1301 1568 injustitia,superbia,et
1322 1495 1533 1550 caeteris
1555 1495 1679 1549 vita:
1705 1496 2030 1565 vitiis,prins

458 1591 611 1660 jubet
643 1590 866 1646 verbum
913 1603 977 1643 ea
1003 1587 1242 1649 abolere,
1267 1595 1322 1640 et
1365 1586 1564 1641 deinde
1589 1601 1784 1640 aurum
1811 1587 2030 1641 virtutis

459 1683 671 1737 eﬂicere
689 1680 971 1735 materiam
1006 1687 1296 1733 structurae
1313 1677 1511 1734 domus
1532 1677 1855 1747 spiritualis.
1885 1675 2029 1732 Fieri

458 1773 605 1828 enim
625 1787 732 1827 non
754 1779 952 1840 potest,
977 1781 1036 1826 ut
1052 1787 1176 1826 cum
1199 1771 1401 1841 stipula
1423 1769 1696 1824 coalescat
1719 1777 2029 1840 argentum,

460 1865 548 1920 vel
575 1864 699 1918 leno
723 1862 1093 1934 agglutinetur
1117 1877 1334 1922 aurum.
1358 1862 1442 1915 vel
1481 1861 1630 1932 ligno
1649 1861 2029 1932 margaritum.

462 1956 570 2012 Sed
610 1956 656 2012 si
696 1956 800 2010 hoc
849 1963 934 2010 est
970 1956 1236 2017 futurum,
1287 1961 1504 2023 oportet
1550 1953 1774 2007 omnino
1824 1952 2031 2006 aboleri

459 2050 711 2104 alterum.
760 2045 891 2113 Quae
932 2054 1017 2100 est
1061 2045 1208 2099 enim
1256 2044 1364 2097 luci
1414 2043 1650 2098 societas
1692 2058 1818 2097 cum
1871 2052 2030 2098 tene-

459 2139 576 2194 bris
601 2138 686 2190 "1’
720 2136 1081 2192 Destruentur
1110 2149 1241 2205 ergo
1277 2136 1431 2204 prius
1460 2149 1622 2204 opera
1651 2135 2028 2198 tenebrarum,

458 2239 514 2285 et
542 2237 672 2284 tunc
694 2234 1086 2283 construentur
1111 2224 1293 2279 lucida
1324 2224 1450 2280 vitae
1477 2225 1727 2278 aediﬁcia.

2096 503 2100 508 ’
2140 492 2386 563 δύναμις,
2413 493 2566 557 εἱςτὺ
2585 494 2848 565 πρότερον
2871 493 3171 565 καθαίρειν,
3202 495 3294 548 καὶ¹
3320 495 3598 565 ὲκριζοῦν,
3621 499 3710 550 καὶ

2090 638 2106 664 ._
2142 588 2580 650 κατασκάπτειν,
2609 588 2702 640 καὶ
2733 588 2852 640 τότε
2892 587 3171 659 ἀνορθοῦν,
3215 588 3308 640 καί
3344 587 3711 657 ἀνοικοδομεῖν

2141 679 2235 732 καὶ
2266 680 2680 748 καταφυτεύειν.
2724 680 2844 750 Χρὴ
2893 681 3002 751 γὰρ
3030 681 3294 751 πρότερον
3321 682 3380 733 ὲν
3403 683 3541 751 ἡμῖν
3571 683 3714 751 ἐρει-

2143 771 2386 842 πωθῆναι
2439 772 2508 825 τὰ
2545 773 2644 842 τῆς
2677 773 2874 835 κακίας
2924 772 3429 843 ἀνοικοδομήματα,
3473 774 3573 826 καὶ
3596 773 3711 826 τότε

2141 863 2328 934 καιρόν
2353 880 2410 916 τε
2449 864 2541 917 καὶ
2582 864 2921 934 εὐρυχωρίαν
2949 865 3126 934 εὑρεῖν
3157 865 3294 934 πρὸς
3321 863 3421 934 τὴν
3453 865 3550 917 τοῦ
3587 863 3716 918 ναοῦ

2140 953 2231 1007 τοῦ
2259 952 2394 1006 Θεοῦ
2425 954 2788 1024 κατασκευὴν,
2820 953 2913 1006 τοῦ
2940 956 2998 1007 ὲν
3026 955 3146 1016 ταῖς
3183 953 3382 1023 ψυχαῖς
3400 954 3721 1024 οἰκοδομου-

2143 1045 2305 1115 μένου
2325 1087 2340 1110 ,
2373 1039 2432 1099 οὐ
2462 1046 2494 1115 ἠ
2527 1044 2625 1116 ῦλη
2655 1045 2822 1117 ἀρετὴ
2867 1045 3096 1112 γίνεται.
3145 1045 3214 1098 Et
3239 1062 3324 1108 τις
3353 1045 3461 1116 γὰρ
3491 1046 3719 1098 ἐποικο-

2137 1137 2293 1207 δομεῖ
2329 1137 2424 1189 ἐπὶ
2451 1137 2542 1189 τὸν
2584 1136 2832 1208 θεμέλιον
2874 1135 3058 1189 τοῦτον
3102 1136 3322 1206 χρυσίον
3361 1136 3715 1207 ἢάργὺριον,

2137 1227 2318 1290 λίθους
2359 1228 2604 1297 τιμίους,
2663 1227 2904 1296 ταῦταή
2956 1226 3123 1298 ἀρετὴ
3158 1225 3514 1298 ὀνομάζεται·
3578 1227 3717 1292 ξύλα

2137 1320 2195 1374 δὲ
2232 1319 2326 1372 καὶ
2371 1320 2562 1389 χόρτος
2609 1319 2700 1372 καὶ
2745 1318 2986 1389 καλάμη,
3037 1320 3070 1389 ή
3106 1319 3204 1384 τῆς
3265 1318 3459 1382 κακίας
3535 1320 3720 1391 ἑρμη-

2138 1409 2350 1465 νεύεται
2389 1410 2579 1480 φύσις,
2608 1411 2730 1480 ἥτις
2769 1413 2848 1473 είς
2886 1408 3037 1463 οὐδὲν
3067 1409 3193 1463 ἄλλο
3213 1449 3227 1473 ,
3255 1410 3288 1480 ἢ
3312 1412 3389 1474 είς
3623 1412 3718 1464 δα-

2139 1498 2314 1567 πάνην
2344 1495 2841 1569 παρασκευάζεται.
2877 1497 3045 1550 Ὅταν
3075 1494 3168 1551 οὖν
3187 1500 3250 1550 ὲκ
3275 1499 3464 1569 χόρτου
3492 1499 3592 1553 καὶ
3615 1518 3717 1553 κα-

2137 1588 2318 1658 λάμης
2356 1587 2425 1641 τά
2449 1588 2850 1659 οἰκοδομήματα
2893 1581 2962 1658 ᾗ,
2990 1588 3292 1653 τουτέστιν,
3324 1588 3384 1652 ἐξ
3407 1589 3626 1653 ἀδικίας
3653 1607 3714 1643 τε

2138 1681 2232 1734 καὶ
2266 1678 2672 1751 ὑπερηφανίας,
2705 1679 2800 1731 καὶ
2831 1679 2929 1749 τῆς
2971 1678 3164 1748 λοιπῆς
3192 1679 3285 1732 τοῦ
3321 1680 3433 1749 βίου
3468 1681 3710 1745 κακίας,

2063 1758 2107 1814 Β
2137 1766 2401 1837 πρότερον
2432 1765 2604 1820 ταῦτα
2633 1767 2731 1830 ,είς
2757 1767 3058 1836 ἀφανισμὸν
3089 1769 3315 1836 ἀγαγεῖν
3342 1772 3371 1822 ὁ
3398 1769 3559 1838 λόγος
3587 1772 3712 1826 δια-

2129 1856 2441 1916 κελεύεταιξ·
2479 1853 2578 1910 εἷθ’
2601 1856 2744 1910 οὕτω
2773 1857 2833 1910 τὸ
2857 1860 3076 1928 χρυσίον
3096 1861 3195 1928 τῆς
3223 1861 3422 1931 ἀρετῆς
3446 1861 3583 1932 ῦλην
3605 1863 3713 1932 τῆς

2128 1949 2475 2019 κατασκευῆς
2511 1948 2606 2002 τοῦ
2637 1949 3006 2019 πνευματικοῦ
3036 1950 3185 2003 οίκου
3224 1951 3574 2021 ποιήσασθαι.
3632 1955 3710 2006 Οὐ

2127 2041 2238 2113 γάρ
2271 2041 2386 2094 ἐστι
2435 2039 2748 2110 ωμφυῆναι
2792 2043 2858 2110 τῇ
2899 2040 3121 2112 καλάμῃ
3148 2041 3238 2093 τὸν
3274 2042 3535 2114 ἄργυρον,
3560 2045 3595 2114 ἢ
3628 2045 3710 2115 τῷ

2129 2133 2303 2204 χόρτῳ
2334 2131 2556 2202 χρυσίον
2600 2131 3104 2202 προσλιπανθῆναι,
3157 2133 3188 2202 ἦ
3236 2134 3327 2187 τὸν
3356 2136 3708 2206 μαργαρίτην

2131 2224 2208 2294 τῷ
2248 2221 2406 2292 ξύλῳ.
2462 2221 2600 2274 Ἀλλ’
2644 2223 2693 2275 εἰ
2728 2221 2910 2292 μέλλει
2935 2222 3093 2276 τοῦτο
3140 2219 3312 2287 εἶναι,
3344 2226 3448 2297 χρὴ
3484 2226 3706 2288 πάντως

458 2321 815 2391 ἀφανισθῆναι
858 2317 920 2370 τὸ
947 2317 1154 2388 ἓτερον.
1192 2315 1288 2379 Τίς
1315 2315 1424 2386 γὰρ
1453 2317 1705 2369 κοινωνία
1733 2316 1871 2384 φωτὶ
1935 2314 2071 2384 πρὸς
2127 2313 2350 2376 σκότοςς
2397 2311 2609 2367 Οὐκοῦν
2659 2310 3116 2382 καθαιρεθήσεται
3159 2313 3422 2385 πρότερον
3475 2315 3547 2369 τὰ
3610 2315 3702 2368 τοῦ

459 2416 713 2480 σκότους,
754 2414 846 2467 καὶ
886 2412 1007 2465 τότε
1052 2410 1629 2481 κατασκευασθήσεται
1670 2411 1738 2465 τά
1785 2410 2022 2478 φωτεινὰ
2059 2408 2153 2462 τοῦ
2178 2408 2291 2478 βίου
2318 2408 2740 2479 οἰκοδομήματα.

527 2512 581 2565 4.
633 2529 652 2561 ι
687 2508 926 2578 Tempus
993 2516 1075 2569 est
1123 2506 1309 2570 ﬂendi,
1359 2513 1412 2560 et
1454 2513 1672 2576 tempus
1726 2506 1960 2560 ridendi.
1999 2525 2018 2556 ι

2197 2524 2214 2557 ι
2257 2505 2464 2577 Καιρὸς
2505 2503 2598 2558 τοῦ
2635 2504 2890 2564 κλαῦσαι,
2925 2507 3018 2558 καλ⁵
3052 2505 3238 2576 καιρὸς
3260 2507 3354 2560 τοῦ
3386 2508 3640 2577 γελάσαι.
3677 2529 3696 2562 ι

455 2601 776 2658 Declaratur
806 2600 896 2654 hic
926 2599 1080 2654 locus
1105 2613 1241 2653 voce
1277 2598 1616 2668 evangelica,
1662 2614 1783 2668 quae
1813 2598 2022 2667 prolata

2125 2595 2483 2667 Σαφηνίζεται
2511 2598 2540 2650 ὁ
2567 2596 2721 2664 λόγος
2769 2592 2924 2660 οὗτος
2959 2600 3025 2668 τῇ
3073 2598 3402 2669 εὐαγγελικῇ
3446 2605 3606 2672 φωνῇ
3637 2604 3698 2673 τῇ

454 2696 556 2751 fuit
583 2710 613 2748 a
644 2708 880 2764 persona
915 2691 1154 2757 Domini,
1205 2705 1326 2760 quae
1358 2691 1576 2761 quidem
1608 2692 1757 2753 dicit,
1809 2711 1827 2743 ι
1878 2691 2022 2746 Beati

2125 2687 2185 2740 ἐκ
2238 2686 2529 2758 προσώπου
2579 2686 2675 2738 τοῦ
2731 2687 2938 2755 Κυρίου
2987 2689 3370 2760 γεγενημένῃ,
3423 2691 3458 2760 ἦ
3503 2709 3698 2762 φησιν,

455 2785 549 2856 qui
567 2782 1039 2855 lugent,quoniam
1064 2781 1166 2852 ipsi
1189 2781 1461 2850 accipient
1483 2781 1984 2836 consolationem".
2001 2799 2018 2831 ι

2125 2780 2201 2832 ὃτι
2243 2796 2262 2829 ι
2286 2780 2562 2848 Μακάριοι
2595 2780 2644 2831 οί
2679 2777 3020 2843 πενθοῦντες,
3047 2781 3129 2834 ὅτι
3162 2780 3314 2834 αὐτοὶ
3343 2784 3702 2856 παρακληθή-

452 2876 612 2931 Nunc
636 2884 721 2931 est
741 2889 870 2945 ergo
894 2882 1110 2943 tempus
1129 2872 1289 2927 ﬂendi
1318 2891 1331 2926 :
1364 2872 1574 2927 ridendi
1601 2883 1779 2926 autem
1809 2881 2022 2943 tempus

452 2971 509 3026 in
542 2984 639 3039 spe
660 2967 964 3038 reponitur.
996 2965 1244 3020 Praesens
1274 2964 1418 3019 enim
1454 2965 1677 3018 tristitia
1709 2963 1798 3018 ﬁet
1848 2974 2022 3020 mater

2129 2883 2334 2920 σονται.
2371 2883 2388 2919 ›
2427 2866 2540 2920 Νῦν
2570 2862 2662 2921 οῦν
2692 2868 2838 2920 ἐστιν
2880 2871 2908 2921 ὁ
2938 2869 3031 2922 τοῦ
3061 2870 3293 2924 κλαῦσαι
3328 2876 3527 2943 καιρός
3547 2893 3560 2904 ·
3595 2879 3624 2928 ὁ
3648 2877 3702 2929 δὲ

2125 2958 2220 3012 τοῦ
2278 2958 2506 3027 γελάσαι
2536 2959 2603 3013 δι’
2637 2960 2846 3022 ἐλπίδος
2873 2961 3188 3016 ἀπόκειται·
3222 2966 3254 3034 ἡ
3307 2965 3418 3036 γὰρ
3450 2967 3702 3037 παροῦσα

450 3061 651 3116 laetitiae
701 3073 823 3128 qua:
863 3066 1134 3128 speratur.
1182 3055 1317 3122 Quis
1347 3064 1525 3109 autem
1549 3071 1656 3109 non
1691 3056 1746 3109 in
1778 3057 1925 3110 luctu
1968 3066 2021 3111 et

2126 3048 2398 3118 κατήφεια
2434 3049 2906 3121 τῆςὲλπιζομένης
2947 3052 3284 3124 εὐφροσύνης
3313 3057 3501 3127 μήτηρ
3536 3061 3696 3129 γενήο

450 3166 685 3207 mcerore
729 3158 896 3204 totam
944 3164 1097 3204 suam
1147 3148 1312 3202 vitam
1363 3147 1792 3216 consumpserit,
1850 3149 2021 3219 siqui-

450 3244 575 3297 dem
612 3241 694 3296 sui
718 3256 936 3296 sensum
968 3239 1262 3308 acceperit,
1308 3245 1364 3293 et
1414 3253 1511 3292 sua
1556 3239 1874 3308 cognoverit
1900 3253 2021 3308 quae

450 3333 640 3387 habuit
671 3339 726 3386 et
764 3329 1020 3400 perdidit,
1062 3337 1117 3383 et
1158 3329 1211 3382 in
1255 3343 1363 3397 quo
1413 3336 1558 3382 statu
1599 3335 1716 3381 erat
1760 3328 1829 3382 ab
1865 3328 2020 3382 initio

449 3435 666 3487 natura,
696 3432 750 3478 et
780 3423 832 3476 in
858 3437 968 3492 quo
999 3431 1081 3476 est
1106 3422 1158 3474 in
1182 3419 1515 3489 praesentia?
1549 3417 1702 3472 Tunc
1732 3434 1881 3474 mors
1909 3434 2015 3472 non

448 3524 587 3579 erat,
630 3514 855 3568 morbus
889 3511 1096 3571 aberat.
1147 3524 1331 3562 mcum
1370 3516 1424 3562 et
1467 3518 1642 3570 tuum,
1691 3509 1853 3562 verba
1903 3509 2018 3562 hare

451 3607 780 3680 perniciosa,
835 3619 865 3657 a
914 3602 1023 3656 vita
1075 3602 1308 3670 primum
1361 3599 1581 3653 fuerunt
1630 3600 2012 3654 exterminata.

448 3698 582 3753 Nam
613 3698 756 3752 sicut
785 3693 1094 3750 communis
1137 3703 1219 3746 est
1245 3691 1349 3754 sol,
1378 3699 1431 3746 ct
1474 3705 1566 3745 aer
1597 3692 1923 3756 communis,
1963 3700 2018 3745 et

448 3798 576 3844 ante
604 3789 786 3842 omnia
819 3785 914 3840 Dei
940 3792 1024 3838 est
1051 3783 1358 3838 communis
1389 3783 1584 3851 gratia,
1615 3793 1671 3836 et
1707 3781 2016 3836 benedictio

446 3879 754 3936 communis
780 3895 794 3943 ;
822 3877 894 3930 ita
928 3877 1088 3931 etiam
1117 3890 1180 3928 ex
1211 3888 1366 3943 aequo
1399 3873 1568 3928 libere
1594 3880 1710 3927 erat
1735 3875 2015 3943 proposita

449 3969 696 4039 cujusvis
741 3966 871 4022 boni
921 3965 1288 4034 participatio,
1334 3974 1388 4018 et
1428 3978 1535 4016 non
1579 3957 2015 4034 cognoscebatur

447 4061 675 4117 morbus
699 4059 959 4121 avaritiae,
988 4071 1090 4110 nec
1126 4073 1192 4110 ex
1235 4071 1301 4111 eo
1331 4055 1475 4126 quod
1519 4055 1790 4125 quispiam
1831 4057 2012 4111 minus

447 4153 705 4216 habebat,
734 4151 860 4205 odio
893 4151 1125 4203 habebat
1159 4165 1283 4202 eum
1327 4149 1420 4218 qui
1463 4147 1777 4218 superabat.
1826 4147 2013 4218 Neque

444 4246 588 4301 enim
616 4252 732 4298 erat
760 4243 983 4296 omnino
1020 4241 1163 4310 quod
1194 4249 1478 4310 superaret
1508 4258 1520 4294 :
1552 4246 1606 4294 et
1649 4241 1755 4293 alia
1784 4250 2010 4309 prater-

443 4351 507 4392 ea
561 4332 1005 4390 innumerabilia.
1041 4346 1161 4399 quae
1190 4345 1291 4384 nec
1325 4329 1508 4384 verbis
1537 4331 1752 4399 quidem
1781 4341 2009 4400 possunt

441 4427 704 4497 explicari
734 4444 746 4480 :
782 4439 904 4493 qua:
933 4425 1151 4494 quidem
1203 4425 1576 4495 magnitudine
1625 4439 1686 4478 ea
1714 4441 1834 4494 qua:
1863 4425 2008 4479 dicta

441 4527 571 4576 sunt
609 4519 900 4589 plurimum
955 4516 1308 4570 antecellunt.
1369 4513 1577 4578 Honor,
1630 4516 1874 4584 inquam,
1918 4531 2014 4585 par

442 4610 672 4680 angelis,
700 4608 839 4678 apud
870 4606 1037 4662 Deum
1068 4605 1419 4670 confidentia,
1446 4606 2010 4675 supermundanorurn

439 4700 711 4754 bonorum
739 4696 1146 4766 contemplatio,
1175 4692 1430 4749 inell‘abili
1462 4697 1631 4749 beatae
1658 4704 1866 4750 naturae
1897 4698 2013 4766 pul-

442 4790 752 4846 chritudine
790 4804 891 4843 nos
928 4803 1148 4858 quoque
1199 4787 1503 4850 honestari,
1553 4787 1607 4840 in
1642 4788 1800 4842 nobis
1828 4800 2012 4843 osten-

441 4883 621 4938 dendo
649 4881 892 4936 divinam
925 4879 1216 4949 imaginem
1246 4878 1300 4931 in
1327 4878 1522 4931 animae
1542 4878 1740 4932 decore
1770 4878 2010 4933 relucen-

440 4986 569 5030 tem.
595 4973 686 5028 llla
718 4981 897 5027 autem
932 4986 1052 5040 quae
1085 4971 1137 5024 in
1165 4983 1351 5024 eorum
1389 4969 1565 5021 locum
1600 4978 2004 5030 successerunt.

2124 3156 2296 3192 σεται.
2337 3139 2433 3203 Τίς
2479 3140 2536 3193 δὲ
2570 3141 2670 3194 οὐκ
2697 3141 2763 3194 ἂν
2797 3143 2855 3195 ἐν
2890 3142 3111 3214 θρήνοις
3149 3146 3242 3198 καὶ
3277 3147 3702 3220 σκυθρωπότητι

2122 3231 2298 3284 πάντα
2337 3230 2429 3283 τὸν
2466 3231 2578 3300 βίον
2623 3233 2815 3287 ἑαυτοῦ
2841 3234 3220 3306 δαπανήσειεν,
3258 3239 3418 3311 εἴπερ
3447 3243 3702 3310 αἴσθησιν

2120 3321 2270 3374 λάϐοι
2289 3322 2448 3385 αὐτὸς
2469 3323 2682 3386 ἑαυτοῦ,
2703 3326 2796 3378 καὶ
2828 3327 2980 3398 γνοίη
3005 3329 3128 3382 καθ’
3153 3331 3342 3383 ἑαυτὸν
3369 3332 3406 3384 ἆ
3435 3349 3496 3385 τε
3532 3331 3699 3404 εἶχεν,

2119 3411 2155 3464 ἆ
2174 3429 2230 3464 τε
2265 3411 2564 3476 ἀπώλεσεν,
2601 3415 2695 3468 καὶ
2718 3417 2776 3468 ὲν
2806 3410 2888 3480 οἷς
2912 3413 2980 3488 ἦν
3009 3419 3070 3472 τὸ
3089 3423 3210 3474 κατ’
3242 3422 3421 3492 ἀρχὰς
3455 3427 3488 3495 ἡ
3517 3428 3698 3492 φύσις,

2119 3504 2212 3555 καὶ
2265 3506 2322 3556 ὲν
2354 3505 2494 3556 τίσιν
2545 3505 2638 3557 ἐπὶ
2665 3506 2758 3560 τοῦ
2795 3509 3061 3579 παρόντος
3094 3513 3272 3578 tactv;
3305 3513 3439 3566 Τότε
3470 3517 3703 3582 θάνατος

2117 3595 2215 3646 οὐκ
2245 3589 2332 3664 ἦν,
2356 3595 2508 3658 νόσος
2541 3597 2708 3666 ἀπῆν,
2741 3598 2802 3652 τὸ
2836 3599 2966 3669 ἐμὸν
2995 3603 3090 3653 καὶ
3126 3606 3186 3654 τὸ
3233 3604 3341 3664 σὺν,
3383 3606 3454 3658 τὰ
3485 3611 3701 3679 πονηρά

2116 3685 2286 3738 ταῦτα
2317 3687 2557 3757 ῥήματα,
2591 3689 2692 3758 τῆς
2721 3689 2866 3760 ζωῆς
2896 3691 3112 3762 πρῶτον
3145 3693 3428 3766 ὲξιῦριστο.
3465 3699 3558 3761 Ὠς
3591 3703 3702 3772 γὰρ

2116 3776 2291 3839 κοινὸς
2347 3780 2375 3830 ὁ
2421 3778 2593 3848 ἥλιος,
2632 3780 2726 3831 καὶ
2765 3783 2794 3832 ὁ
2831 3781 2942 3851 ἀὴρ
2984 3782 3181 3846 κοινὸς,
3213 3786 3306 3837 καὶ
3333 3787 3443 3855 πρὸ
3473 3791 3700 3842 πάντων

2113 3866 2206 3920 τοῦ
2235 3868 2368 3921 Θεοῦ
2390 3872 2422 3940 ὴ
2447 3870 2605 3941 χάρις
2638 3873 2811 3941 κοινὴ,
2834 3873 3054 3940 εὐλογία
3077 3877 3228 3946 κοινή
3254 3893 3268 3906 ·
3303 3876 3477 3942 οῦτως
3513 3883 3572 3932 ἐν
3597 3883 3700 3950 ἴσῳ

2113 3959 2205 4014 καὶ
2240 3961 2439 4024 παντὸς
2463 3963 2668 4029 ἀγαθοῦ
2693 3965 2952 4032 μετουσία
2973 3967 3092 4018 κατ’
3115 3965 3361 4030 ἐξουσίαν
3381 3971 3695 4039 προέκειτο,

2113 4055 2207 4107 καὶ
2237 4055 2270 4124 ἡ
2300 4054 2453 4118 νόσος
2494 4057 2592 4124 τῆς
2647 4055 2952 4122 πλεονεξίας
2981 4058 3082 4110 οὐκ
3133 4061 3477 4130 ὲγνωρίξετο,
3509 4066 3606 4117 καὶ
3637 4065 3700 4116 τὸ

2113 4145 2247 4215 πρὸς
2277 4147 2338 4199 τὸ
2378 4147 2725 4200 ἐλαττοῦσθαι
2789 4151 2944 4218 μῖσος
2985 4148 3127 4201 κατὰ
3167 4151 3273 4202 τῶν
3306 4152 3698 4222 ὑπερεχόντων

2113 4237 2212 4288 οὐκ
2242 4232 2328 4307 ἦν.
2359 4238 2492 4290 Οὐδὲ
2526 4238 2633 4310 γάρ
2681 4238 2820 4301 ὅλως
2863 4240 2923 4292 τὸ
2965 4241 3230 4310 ὑπερέχον
3261 4237 3356 4311 ἦν·
3389 4246 3486 4296 καὶ
3520 4249 3696 4316 μυρία

2113 4329 2206 4380 ἐπὶ
2232 4329 2438 4392 τούτοις
2457 4329 2609 4386 ἄλλα.
2642 4329 2677 4383 ἃ
2698 4331 2807 4383 οὐδ’
2833 4330 2898 4383 ἂν
2919 4333 3266 4400 παραστῆσαί
3308 4349 3393 4396 τις
3428 4335 3691 4408 δυνηθείη

2111 4420 2195 4489 τῷ
2227 4419 2386 4490 λόγῳ,
2413 4421 2736 4490 πάμπληθες
2779 4421 2884 4474 τῶν
2917 4424 3222 4492 εἰρημένων
3259 4425 3398 4478 κατά
3423 4426 3480 4479 τὺ
3517 4442 3690 4496 μεγα-

2109 4513 2249 4566 λεῖον
2277 4512 2594 4582 προέχοντα.
2639 4513 2796 4580 Λέγω
2825 4513 2887 4584 δὴ
2909 4515 3009 4583 τὴν
3045 4515 3181 4586 πρὸς
3214 4515 3476 4584 ἀγγέλους
3504 4519 3690 4588 ὁμοτι-

2113 4603 2263 4672 μίαν,
2287 4604 2384 4672 τὴν
2406 4604 2498 4655 ἐπὶ
2525 4602 2658 4655 Θεοῦ
2688 4605 3022 4674 παρρησίαν,
3044 4606 3142 4676 τὴν
3159 4605 3267 4657 τῶν
3288 4607 3390 4658 ὐπε
3401 4609 3686 4678 ρκοσμίων

2108 4693 2327 4760 ἀγαθῶν
2359 4693 2612 4764 θεωρίαν,
2647 4693 2708 4744 τὸ
2739 4695 2817 4764 τῷ
2859 4695 3123 4766 ἀφράστῳ
3155 4695 3342 4750 κάλλει
3370 4699 3468 4767 τῆς
3503 4718 3688 4768 μακε-ι

2115 4783 2232 4852 ρίας
2295 4781 2507 4851 φύσεως
2555 4782 2647 4834 καὶ
2696 4784 2842 4852 ἡμᾶς
2888 4784 3239 4853 ὡραΐζεσθαι,
3265 4786 3590 4852 δεικνύντας
3628 4794 3688 4844 ἐν

2106 4875 2315 4936 ἑαυτοῖς
2343 4873 2438 4943 τὴν
2471 4873 2617 4926 θείαν
2647 4874 2830 4926 εἰκόνα
2860 4877 2923 4945 τῇ
2945 4874 3063 4948 ὥρᾳ
3087 4877 3188 4945 τῆς
3215 4877 3395 4948 ψυχῆς
3423 4881 3688 4935 axoni}-

2106 4965 2196 5017 6ου
2207 4981 2324 5017 σαν.
2360 4964 2440 5016 Τά
2465 4964 2520 5017 δὲ
2545 4965 2660 5018 ἀντ’
2687 4965 2929 5030 ἐκείνων,
2948 4961 3078 5020 οίαὸ
3098 4970 3331 5040 πονηρὸς
3359 4971 3470 5023 τῶν
3496 4974 3685 5044 παθη-

438 5076 566 5124 sunt
601 5076 862 5135 tanquam
896 5062 1205 5133 improbum
1252 5074 1478 5114 examen
1518 5060 1913 5120 calamitatum,
1953 5066 2007 5114 et

2125 5056 2287 5110 ιάτων
2318 5055 2503 5125 ἑσμὸς,
2559 5057 2593 5127 ἡ
2627 5057 2770 5127 κακὴ
2803 5056 2911 5110 τῶν
2948 5057 3208 5130 λυπηρῶν
3251 5062 3479 5132 σφηκία.
3518 5066 3590 5117 Τί
3618 5067 3686 5120 ἄν

438 5158 814 5215 molestiarum
876 5153 1016 5207 mala
1087 5159 1348 5220 tanquam
1415 5163 1703 5218 vesparum
1761 5159 2000 5204 caterva.

2125 5165 2184 5210 τις
2213 5146 2426 5214 πρῶτον
2443 5145 2572 5218 είπῃ
2603 5147 2708 5200 τῶν
2738 5149 2833 5202 τοῦ
2886 5148 3002 5219 βίου
3031 5151 3254 5218 κακῶν;
3284 5153 3467 5207 Πάντα
3491 5158 3686 5227 ὁμοτί-

435 5251 705 5318 Quidnam
747 5263 813 5302 ex
859 5245 982 5300 vita;
1015 5243 1175 5296 malis
1213 5242 1445 5310 primum
1491 5239 1776 5294 dicemus?
1808 5237 2000 5292 Omnia

2125 5252 2222 5298 ιως
2273 5236 2386 5305 ἔχει
2420 5236 2556 5306 πρὸς
2600 5237 2823 5307 ἄλληλα,
2869 5241 3046 5294 πάντα
3088 5246 3410 5314 πρπερευει
3432 5249 3558 5310 ταῖς
3573 5250 3686 5304 τῶν

433 5342 683 5398 eumdem
728 5336 957 5392 honoris
989 5335 1215 5405 gradum
1252 5331 1393 5385 inter
1436 5345 1496 5385 se
1521 5330 1786 5390 obtinent,
1818 5329 2001 5382 omnia

2125 5325 2286 5378 ιακῶν
2316 5325 2546 5395 ἐξοχαῖς,
2577 5327 2754 5382 πάντα
2788 5329 2899 5382 τῶν
2930 5332 3058 5386 ἴσων
3099 5331 3312 5405 θρήνων
3341 5327 3572 5411 ἀφορμὴ
3597 5341 3685 5410 γίο

435 5436 640 5505 primas
664 5437 849 5486 tenent
877 5428 932 5482 in
958 5425 1224 5479 malorum
1264 5419 1608 5482 excellentia,
1640 5419 1824 5474 omnia
1856 5433 1999 5488 pra:-

2125 5434 2268 5469 ιεται.
2308 5417 2373 5469 Τί
2410 5417 2612 5490 μᾶλλον
2643 5421 2753 5492 γάρ
2784 5438 2872 5484 τις
2898 5423 3160 5494 θρηνήσει
3197 5426 3299 5496 τῆς
3333 5428 3678 5502 ἀθλιότητοςς

437 5526 562 5579 bent
585 5537 768 5593 parem
800 5521 984 5575 luctus
1018 5513 1388 5570 occasionem.
1417 5510 1559 5578 Quid
1585 5510 1729 5566 enim
1762 5509 1998 5567 miseriae

2125 5506 2271 5562 Ιόθεν
2303 5509 2464 5576 πλέον
2496 5511 2594 5582 τὴν
2633 5511 2794 5580 φύσιν
2831 5515 3260 5589 ἀπολοφύρηται,
3288 5519 3353 5574 τδ
3381 5519 3681 5596 ὠκύμορον

508 5707 554 5738 ’⁸
582 5705 729 5759 llier.
766 5717 803 5771 t,
843 5701 927 5755 i0.
1002 5701 1046 5734 ’³
1088 5697 1267 5754 lCor.
1322 5713 1406 5764 ιιι,
1443 5695 1509 5753 10
1564 5711 1684 5768 sqq.
1761 5695 1808 5728 "
1845 5691 1890 5748 ll
1939 5691 2022 5749 Co:

2125 5707 2200 5762 Vl,
2244 5693 2335 5751 Ν.
2407 5694 2677 5768 "_Matth.
2710 5712 2765 5764 v,
2797 5697 2848 5752 5.
