3846 6220
125 275 236 332 709

1223 270 1290 325 IN
1334 257 1868 325 ECCLESIASTEN.
1912 259 2198 320 llOMlLIA
2237 263 2324 318 Vl.

3269 253 3370 313 7l0

125 387 228 454 τῆς
257 382 428 454 ζωῆς,
457 380 518 433 τὺ
551 381 824 442 ἐπίπονον,
854 379 914 432 τὸ
938 377 1044 432 ἀπὸ
1059 377 1306 450 δακρύων
1335 376 1598 447 ἄρχεσθαι
1613 377 1705 430 καὶ

1817 374 1986 444 magis
2017 371 2264 437 deﬂebis,
2297 381 2351 428 et
2399 383 2507 442 qua
2540 385 2604 426 ex
2639 379 2793 442 parte
2821 371 2996 442 magis
3023 371 3270 442 quereris
3305 373 3376 428 de

124 475 462 544 καταλήγειν
482 474 563 535 είς
593 472 846 541 δάκρυον,
876 471 972 540 τὴν
999 470 1234 536 ἐλεεινὴν
1264 469 1584 538 νηπιότητα,
1606 468 1708 538 τὴν

127 565 190 617 ὲν
217 563 302 634 τῷ
327 564 478 633 γήρᾳ
509 561 834 632 παράνοιαν,
878 559 939 610 τὸ
977 556 1245 612 ἀστατοῦν
1291 559 1390 628 τῆς
1431 557 1700 628 νεότητος,

126 654 192 707 τὸ
245 653 590 725 πολύμοχθον
637 652 748 706 τῶν
792 655 858 723 τῇ
911 651 1095 724 ἡλικίᾳ
1147 649 1582 722 καθεστηκότων,
1613 649 1706 703 τοῦ

127 745 318 816 γάμου
364 745 428 798 τὸ
491 743 768 815 φορτικὸν,
806 743 907 812 τῆς
951 742 1198 813 ἀγαμεσις
1231 741 1292 796 τὸ
1336 742 1562 813 ἔρημον,
1607 743 1706 812 τῆς

129 835 393 898 ἀπαιδίας
421 835 482 887 τὸ
500 833 744 906 ἄρριζον,
791 833 886 886 τοῦ
917 831 1145 887 πλούτου
1179 833 1240 886 τὸ
1269 833 1576 902 ἐπίφθονον,
1609 835 1708 902 τῆς

130 925 328 988 πενίας
360 923 423 978 τὸ
469 924 774 980 ἐπώδυνον·
831 925 926 978 καὶ
967 924 1156 977 σιωπῶ
1196 923 1295 988 τὰς
1336 925 1708 994 πολυτρόπους

131 1015 244 1068 τῶν
275 1014 600 1086 νοσημάτων
637 1013 918 1084 διαφορὰς,
947 1013 1046 1077 τὰς
1074 1011 1271 1076 λώϐας,
1297 1015 1425 1076 τοὺς
1455 1015 1706 1084 ἀκρωτη-

134 1103 546 1177 ριασμιεν]οὺς,
565 1103 664 1167 τὰς
679 1103 890 1173 σήψεις,
909 1102 1006 1165 τὰς
1018 1103 1126 1155 τῶν
1143 1103 1509 1173 αἰσθητηρίων
1521 1101 1708 1174 πηρώ-

133 1213 273 1260 σεις,
302 1195 401 1260 τὰς
434 1197 499 1248 ἐκ
533 1194 801 1264 δαιμόνων
840 1193 1186 1264 παραφορὰς,
1220 1193 1396 1246 πάντα
1413 1195 1512 1247 ὅσα
1546 1196 1578 1264 ὴ
1605 1193 1710 1261 φύ-

135 1304 222 1350 σις
249 1289 312 1338 ἐν
335 1288 501 1355 ἐαυτῇ
535 1285 799 1356 περιέχει,
833 1283 869 1338 ὃ.
896 1287 962 1354 τῇ
979 1284 1205 1354 δυνάμει
1231 1283 1462 1347 ἕκαστος
1499 1283 1710 1354 ἀνθρὼ-

131 1397 256 1432 πων
315 1380 462 1432 ἐστὶν
514 1377 652 1449 ἔχων
681 1380 738 1430 ἐν
769 1380 835 1448 τῇ
870 1377 1030 1445 φύσει
1067 1377 1136 1430 τά
1177 1376 1346 1446 πάθη.
1382 1375 1492 1447 Τὴν
1519 1376 1576 1428 δέ
1601 1376 1710 1430 τῶν

131 1469 360 1540 ἐρώτων
420 1470 638 1539 μανίαν,
697 1469 790 1522 καὶ
831 1469 923 1522 τὸν
968 1465 1180 1538 δυσώδη
1221 1467 1498 1538 βόρϐορον,
1539 1467 1618 1530 είς
1651 1466 1710 1518 ὃν

131 1561 574 1632 καταστρέφεται
631 1563 663 1629 ἡ
712 1558 936 1628 τοιαύτη
963 1558 1158 1621 λύσσα,
1193 1558 1447 1628 παρίημι,
1487 1557 1581 1610 καὶ
1611 1555 1709 1626 τὴν

133 1651 572 1722 συνεζευγμένην
595 1653 661 1721 τῇ
687 1652 860 1721 τροφῇ
875 1649 964 1703 διὰ
991 1650 1089 1719 τῆς
1122 1649 1496 1719 ἀποποιήσεως
1517 1646 1707 1716 ἀηδίαν

130 1742 196 1792 οὐ
223 1741 389 1808 λέγω,
422 1740 496 1804 ὡς
540 1742 606 1794 ἂν
642 1740 716 1810 μὴ
752 1739 962 1808 δόξαιμι
1002 1738 1090 1791 διά
1119 1739 1334 1792 πάντων
1379 1736 1706 1807 στηλιτεύειν

129 1829 214 1900 τῷ
247 1831 396 1902 λόγῳ
434 1832 526 1884 τὸν
552 1831 687 1901 βίον,
739 1831 1062 1900 κοπροποιόν
1100 1847 1220 1883 τινα
1240 1829 1338 1899 τὴν
1366 1829 1526 1896 φύσιν
1555 1827 1710 1898 ἡμῶν

133 1913 534 1976 ἀποδεικνύων.
593 1924 772 1976 Πάντα
821 1923 976 1989 ἀφεὶς
1019 1922 1192 1975 ταῦτα
1239 1921 1334 1974 καὶ
1377 1919 1709 1984 τὰτοιαῦτα,

133 2013 320 2066 ἐκεῖνο
351 2012 587 2081 μάλιστά
609 2030 752 2082 φημι
777 2012 1030 2082 δακρύων
1057 2011 1208 2078 ἄξιον
1225 2009 1362 2066 εἶναι
1390 2015 1501 2077 τοῖς
1525 2012 1712 2066 αίσθα-

135 2103 408 2170 νομένοις,
431 2104 494 2156 τὸ
522 2103 720 2156 εἰδέναι
757 2102 966 2166 πάντας
1005 2101 1194 2172 ὅτιτῆς
1210 2101 1716 2172 σκιοειδοῦςταύτης

119 2192 270 2264 ζωῆς
283 2187 760 2262 παραδραμούσης,
777 2191 928 2261 μένει
945 2191 1093 2262 ἡμᾶς
1103 2205 1188 2252 τις
1205 2189 1400 2259 ἐκδοχὴ
1458 2191 1711 2264 κρίσεως,

137 2283 232 2334 καὶ
262 2282 434 2351 πυρὸς
454 2283 614 2352 ζῆλος
637 2283 838 2336 ἐσθίειν
867 2281 1150 2352 μέλλοντος
1180 2283 1306 2347 τοὺς
1340 2285 1708 2347 ὑπεναντίους.

147 2376 211 2427 '0
265 2369 360 2427 οὖν
418 2375 592 2430 ταῦτα
618 2377 713 2428 καὶ
743 2375 811 2428 τὰ
839 2373 1062 2428 τοιαῦτα
1095 2374 1462 2448 λογιζόμενος,
1497 2373 1584 2447 ἆρ’
1613 2378 1716 2430 οὐκ

133 2466 228 2520 ἀεὶ
263 2467 342 2536 τῷ
382 2467 564 2537 θρήνῳ
584 2466 914 2538 συζήσεταις

211 2648 424 2703 Οὐκοῦν
443 2649 633 2720 καιρὸς
661 2649 728 2702 ἂν
760 2647 844 2720 είη
867 2649 959 2702 νῦν
988 2646 1160 2702 ταῦτα
1189 2646 1266 2719 τῷ
1295 2647 1541 2718 λογισμῷ
1574 2647 1714 2718 λαμ-

137 2743 346 2796 ϐάνειν.
391 2743 486 2794 Ἐκ
501 2741 607 2812 γὰρ
634 2741 725 2794 τοῦ
756 2739 1091 2812 σκυθρωπῶς
1121 2740 1256 2812 πρὸς
1293 2740 1392 2809 τὴν
1436 2740 1715 2811 παροῦσαν

136 2833 288 2902 ἔχειν
333 2831 498 2903 ζωὴν,
521 2833 580 2886 τὸ
611 2832 774 2903 μηδὲν
813 2832 1154 2902 πλημμελεῖν
1187 2834 1244 2884 ἐν
1281 2831 1452 2904 ταύτῃ
1481 2832 1620 2886 κατὰ
1653 2830 1716 2884 τὸ

137 2923 292 2986 εἰκὸς
335 2925 790 2993 προσγενήσεται.
843 2923 1044 2978 Τούτου
1087 2923 1142 2975 δὲ
1182 2923 1636 2996 κατορθωθέντος,
1677 2923 1712 2994 ή

1810 465 2040 518 natura?
2081 464 2204 518 vitae
2246 463 2566 518 brevitatem
2595 469 2650 516 et
2684 462 2925 516 laborem
2961 462 3204 530 incipere
3231 477 3260 514 a
3291 461 3376 516 ιιι-ι

1808 557 2052 626 crymis,
2105 564 2162 610 et
2223 553 2474 610 desinere
2533 554 2590 607 in
2655 554 2944 624 laerymas,
3007 554 3375 608 miserabilem

1809 645 2119 710 infantiam,
2151 645 2204 700 in
2236 653 2514 699 senectute
2543 643 2822 706 delirium,
2849 645 3156 714 juventutis
3187 646 3378 700 incon~

1807 737 2090 802 stantiam,
2125 735 2432 790 constantis
2464 735 2908 790 mtatislaborum
2940 739 3374 805 perpessionem,

1810 843 1981 882 onera
2005 829 2363 889 matrimonii,
2407 829 2690 883 caalibatus
2736 828 3110 890 solitudinem,
3153 829 3208 882 in
3243 829 3376 883 libe-

1812 935 1999 975 rorum
2044 921 2276 974 orbitate
2309 919 2542 976 deﬁcere
2579 921 2845 986 radicem,
2888 921 3204 976 divitiarum
3236 922 3378 976 iuvi-

1810 1015 1978 1076 diam,
2022 1013 2368 1083 paupertatis
2413 1014 2744 1069 molestiam.
2805 1011 2984 1068 Taceo
3025 1015 3376 1084 multiplicem

1812 1101 2127 1156 morborum
2156 1101 2546 1166 differentiam,
2587 1102 2810 1166 damna,
2843 1104 3241 1168 mutilationes,
3273 1121 3377 1174 pu—

1811 1192 2185 1254 trefactiones,
2207 1208 2470 1249 sensuum
2487 1194 2774 1258 orbitates,
2807 1211 2836 1248 a
2861 1197 3200 1252 daamonibus
3225 1211 3381 1251 vexa-

1811 1285 2011 1346 tiones,
2051 1297 2412 1354 quaecumque
2473 1287 2530 1340 in
2585 1301 2645 1340 se
2692 1287 2940 1341 continet
2985 1297 3200 1349 natura,
3255 1303 3379 1354 quae

1811 1373 2032 1442 quidem
2089 1374 2252 1428 homo
2305 1376 2535 1446 quilibet
2589 1383 2863 1447 potestate
2913 1378 3097 1440 habet,
3151 1390 3274 1432 cum
3313 1390 3378 1434 ea

1811 1465 2063 1520 accidant
2094 1465 2148 1518 in
2179 1476 2395 1520 natura.
2434 1467 2592 1522 Mitto
2631 1476 2812 1522 autem
2845 1469 3049 1524 amoris
3085 1469 3376 1534 insaniam,

1810 1563 1864 1607 et
1895 1555 2035 1609 male
2084 1556 2242 1609 olens
2269 1569 2488 1609 caenum
2541 1557 2598 1610 in
2631 1571 2742 1626 quo
2782 1558 3062 1610 volutatur
3109 1557 3379 1626 ejusmodi

1813 1645 2017 1707 rabies,
2072 1661 2174 1700 nec
2227 1645 2422 1716 loquor
2467 1645 2536 1702 de
2592 1647 2882 1702 nutritioni
2933 1648 3225 1716 conjuncta
3285 1663 3381 1718 per

1814 1737 2184 1792 excretionem
2225 1737 2496 1803 molestia,
2547 1753 2616 1792 ne
2647 1738 2834 1792 videar
2869 1739 3122 1794 oratione
3159 1739 3380 1793 omnino

1814 1825 1995 1880 invehi
2043 1826 2098 1881 in
2150 1827 2340 1891 vitam,
2397 1828 2660 1883 stercoris
2693 1827 3026 1884 eﬁectricem
3083 1827 3382 1884 ostendens

1812 1933 1950 1998 esse,
1973 1928 2217 1975 nostram
2257 1933 2531 1976 naturam.
2559 1919 2654 1974 llis
2687 1920 2945 1975 omnibus
2973 1921 3378 1989 praetermissis,

1811 2021 1866 2064 et
1895 2027 2017 2080 qua:
2043 2020 2170 2068 sunt
2201 2011 2541 2082 hujusmodi,
2569 2010 2704 2066 illud
2735 2012 2860 2066 dico
2883 2014 3118 2066 maxime
3156 2011 3386 2082 dignum

1813 2115 1938 2156 esse
1966 2102 2228 2173 lacrymis
2255 2103 2324 2158 iis
2358 2104 2452 2172 qui
2484 2103 2752 2168 sentiunt,
2779 2101 2926 2172 quod
2963 2102 3144 2156 sciant
3169 2117 3385 2162 omnes,

1814 2207 1940 2248 eum
1987 2193 2102 2248 haac
2149 2196 2408 2250 umbrosa
2445 2195 2556 2248 vita
2605 2194 2950 2265 praeterierit,
3006 2208 3108 2248 nos
3163 2208 3386 2248 manere

1815 2287 2250 2355 expectationem
2291 2287 2511 2356 judicii,
2561 2294 2616 2341 et
2647 2286 2824 2341 zelum
2875 2285 3018 2354 ignis
3069 2285 3384 2340 devoraturi

1815 2379 2184 2434 adversarios.
2222 2379 2328 2446 Qui
2362 2395 2492 2449 ergo
2524 2379 2638 2434 haec
2667 2389 2720 2434 et
2748 2395 2870 2449 qua:
2907 2387 3038 2432 sunt
3069 2378 3384 2446 hujusmodi

1815 2477 2055 2535 reputat,
2088 2483 2155 2522 an
2189 2485 2299 2522 non
2333 2484 2550 2540 semper
2577 2470 2742 2524 simul
2782 2471 2926 2523 vivet
2957 2483 3082 2524 eum
3135 2470 3288 2525 luctu
3329 2477 3385 2524 et

1815 2558 2206 2614 lamentatione
2226 2561 2249 2613 ί

1891 2649 2128 2720 Tempus
2161 2665 2292 2720 ergo
2321 2659 2405 2705 est
2447 2650 2562 2704 haec
2591 2666 2738 2705 nunc
2777 2658 2959 2704 mente
2990 2649 3268 2706 versandi.
3306 2648 3385 2704 Ex

1818 2756 1884 2797 eo
1913 2743 2058 2798 enim
2087 2743 2230 2810 quod
2253 2784 2270 2808 ,
2299 2752 2566 2813 quantum
2597 2743 2664 2797 ad
2697 2751 3022 2812 praesentem
3057 2743 3222 2796 vitam
3255 2745 3385 2796 altia

1817 2844 1952 2900 net,
1983 2851 2218 2891 mtmore
2241 2845 2294 2890 et
2326 2835 2576 2891 molestia
2609 2835 2788 2890 aﬁ'ebti
2823 2837 3024 2898 simus,
3065 2843 3123 2888 ttt
3161 2835 3293 2888 nihil
3330 2836 3386 2888 in

1818 2941 1882 2983 ea
1935 2943 2256 2997 peccemus,
2291 2936 2351 2980 ut
2393 2935 2480 2982 est
2525 2935 2989 2986 consentaneum.
3031 2927 3222 2981 aderit.
3268 2927 3389 2980 Hoc

135 3016 542 3084 ὲπαγγελθείσα
572 3018 672 3086 τῆς
699 3015 1035 3086 εὐφροσύνης
1061 3014 1222 3085 χάρις
1243 3014 1310 3068 δι’
1344 3015 1555 3078 ἐλπίδος
1581 3015 1712 3086 ἡμῖν

1823 3029 2004 3074 autem
2052 3021 2098 3074 si
2131 3029 2279 3074 recte
2329 3019 2456 3082 ﬁat,
2501 3019 2768 3088 promissa
2821 3019 3022 3072 laetitia?
3067 3018 3240 3088 gratia
3291 3032 3388 3086 per

135 3109 501 3164 ἀποκείσεται
517 3125 529 3137 ·
559 3109 592 3178 ἠ
616 3109 673 3161 δὲ
703 3109 857 3170 ἐλπὶς
872 3109 930 3160 οὐ
949 3108 1317 3178 καταισχύνει,
1348 3105 1532 3170 καθώς
1549 3124 1713 3176 φησιν

134 3205 168 3256 ὁ
214 3201 558 3264 Ἀπόστολος.
595 3201 669 3253 Τὸ
712 3201 770 3254 δέ
822 3202 1180 3270 ἐπαγόμενον,
1231 3197 1340 3253 οἷον
1380 3199 1714 3270 ἐπανάληψις

135 3292 238 3346 τοῦ
267 3291 662 3362 προειρημένου
684 3291 850 3344 ἐστίν.
877 3291 1060 3343 Εἰπὼν
1086 3290 1194 3361 γὰρ
1223 3289 1317 3342 τοῦ
1351 3289 1583 3361 δακρύου
1619 3289 1714 3341 καὶ

137 3383 235 3436 τοῦ
247 3383 482 3450 γέλωτος
498 3382 596 3453 τὴν
616 3382 924 3452 εὐκαιρίαν,
941 3382 1210 3451 ἐπήγαγε·
1240 3399 1258 3432 ι
1285 3380 1491 3450 Καιρὺς
1509 3379 1602 3432 τοῦ
1625 3379 1715 3432 κό-

135 3475 370 3545 ψασθαι,
399 3475 588 3545 καιρὸς
619 3473 712 3526 τοῦ
744 3473 1105 3544 ὀρχήσασθαι,
1126 3492 1143 3522 ι
1176 3474 1314 3542 ὅπερ
1331 3471 1477 3524 οὐδὲν
1501 3471 1646 3533 ἄλλο,
1677 3471 1712 3540 ἢ

137 3567 398 3628 ἐπίτασις
417 3565 676 3633 ἐκατέρου
699 3564 806 3616 τῶν
829 3582 935 3634 μνη
945 3565 1310 3634 μονευθέντων
1329 3563 1496 3616 ἐστίν.
1529 3563 1588 3616 ’0
1606 3562 1714 3630 γὰρ

139 3657 394 3727 εὐπαθὴς
418 3672 478 3709 τε
507 3657 599 3710 καὶ
633 3655 932 3719 ἐνδιάθετος
970 3656 1187 3727 θρῆνος,
1224 3657 1450 3719 κοπετὸς
1483 3655 1590 3708 ὑπὸ
1616 3655 1716 3724 τῆς

139 3752 366 3822 Γραφῆς
389 3749 730 3820 ὀνομάζεται.
775 3749 1044 3813 Ὡσαύτως
1089 3750 1145 3802 δὲ
1171 3750 1264 3802 καὶ
1296 3752 1328 3819 ή
1367 3749 1590 3820 ὄρχησις
1621 3763 1718 3817 ση·

143 3845 331 3914 μαίνει
377 3843 476 3910 τὴν
513 3842 610 3911 τῆς
661 3841 996 3912 εὐφροσύνης
1041 3841 1307 3904 ἐπίτασιν,
1337 3841 1518 3902 καθὼς
1554 3842 1613 3892 ἐν
1636 3838 1716 3910 τῷ

143 3933 464 4004 Εὐαγγελίῳ
487 3933 547 3985 τὸ
569 3930 806 3985 τοιοῦτον
830 3933 1125 4002 ἐμάθομεν,
1155 3935 1210 3984 ἐν
1233 3926 1314 3996 οἷς
1343 3948 1526 4000 φησιν,
1565 3949 1583 3980 ι
1614 3929 1720 3983 Ηύ-

139 4025 392 4096 λήσαμεν
415 4025 560 4093 ὑμῖν,
582 4029 676 4076 καί
692 4024 790 4076 οὑκ
806 4023 1148 4094 ὠρχήσασθεο
1169 4022 1547 4093 ἐθρηνήσαμεν
1564 4021 1717 4090 ὑμῖν,

139 4117 241 4168 καὶ
273 4115 374 4168 οὐκ
414 4112 696 4183 ἐκόψασθε.
731 4131 748 4164 ι
790 4112 946 4168 Οὕτω
973 4115 1136 4183 φησὶν
1167 4117 1198 4183 ἡ
1228 4113 1456 4184 ἱστορία,
1487 4112 1718 4166 κοπετὸν

145 4209 246 4274 μὲν
277 4207 372 4258 ἐπὶ
409 4208 472 4276 τῇ
491 4204 816 4275 μεταστάσει
843 4204 938 4256 τοῦ
967 4205 1210 4267 Μωσέως
1237 4205 1331 4256 ἐπὶ
1361 4206 1474 4266 τοῖς
1504 4204 1718 4275 Ἰσραη-

139 4297 320 4357 λίταις
345 4292 618 4362 γενέσθαι.
663 4291 996 4363 ὀρχήσασθαι
1029 4291 1086 4343 δὲ
1113 4291 1202 4344 τὸν
1236 4291 1396 4343 Δαϐιδ
1424 4291 1522 4360 τῆς
1563 4290 1721 4343 κιϐω-

1818 3127 1968 3180 spem
2011 3113 2170 3168 nobis
2213 3112 2512 3181 reponitur.
2545 3111 2681 3180 Spes
2713 3117 2891 3163 autem
2927 3109 3135 3179 pudore
3165 3125 3272 3162 non
3305 3107 3389 3161 af-

1821 3203 1962 3268 ﬁcit,
1992 3213 2050 3258 ιιι
2083 3204 2218 3259 dicit
2252 3204 2552 3274 Apostolus
2581 3205 2648 3257 ".
2685 3203 2839 3268 Quod
2875 3211 3053 3256 autem
3094 3203 3387 3272 subjungi--

1818 3304 1929 3360 tur,
1955 3303 2040 3352 est
2068 3295 2233 3348 veluti
2267 3294 2516 3364 repetitio
2542 3293 2662 3362 ejus
2689 3292 2834 3363 quod
2867 3293 3020 3362 prius
3049 3291 3252 3347 dictum
3280 3303 3388 3348 eet.-

1819 3383 1953 3438 Nam
1996 3400 2120 3440 cum
2168 3385 2396 3438 dixisset
2441 3384 2805 3453 laeryma-rum
2851 3392 2908 3436 et
2941 3385 3086 3438 risus
3119 3391 3384 3453 opportu-

1821 3477 2067 3540 nitatem,
2125 3473 2450 3544 subjnnxit:
2491 3491 2511 3523 ι
2541 3472 2782 3542 Tempus
2827 3479 2911 3527 est
2954 3473 3280 3544 plangendi,
3331 3483 3386 3527 et

1821 3577 2034 3637 tempus
2077 3567 2346 3628 saltandi,
2384 3585 2401 3616 ι
2429 3565 2576 3635 quod
2621 3566 2840 3635 quidem
2881 3565 3018 3618 nihil
3067 3574 3151 3620 est
3199 3565 3387 3630 aliud,

1820 3673 1981 3727 quam
2025 3657 2376 3728 ampliﬁcatio
2415 3657 2703 3726 utriusque
2743 3671 2932 3712 eorum
2980 3672 3210 3726 quorum
3242 3658 3381 3712 facta

1819 3758 1904 3802 est
1933 3748 2157 3802 mentio.
2189 3747 2324 3800 Nam
2357 3749 2450 3816 qui
2482 3747 2642 3802 facile
2673 3755 2953 3814 movetur,
2984 3758 3038 3802 et
3070 3756 3154 3802 est
3191 3764 3254 3802 ex
3297 3749 3382 3802 iu-

1819 3845 1975 3892 terna
2012 3838 2334 3902 aﬁectione,
2379 3839 2598 3904 luctus,-
2647 3854 2678 3893 a
2727 3840 3012 3908 Scriptura
3066 3840 3383 3892 nominatur

1819 3929 2076 3998 planctus
2127 3931 2194 3983 ⁸³.
2228 3929 2494 3984 Similiter
2525 3937 2706 3984 autem
2752 3937 2806 3983 et
2851 3929 3070 3985 saltatio
3115 3929 3388 4000 signiﬁcat

1821 4020 2085 4074 intensam
2119 4019 2359 4074 laetitiam
2381 4054 2396 4084 ,
2430 4019 2703 4088 quomodo
2738 4019 3030 4074 didicimus
3060 4021 3113 4074 in
3143 4019 3387 4090 Evange-

1823 4111 1922 4172 lio,
1973 4123 2098 4164 cum
2172 4110 2343 4165 dicit:
2371 4129 2389 4160 ι
2421 4103 2578 4166 Tibia
2605 4112 2764 4166 vobis
2807 4112 3144 4176 cecinimus,
3187 4123 3241 4166 et
3277 4129 3392 4166 non.

1825 4203 2110 4266 saltastis;
2155 4202 2438 4256 lamentati
2473 4218 2666 4258 sumus
2701 4203 2892 4268 vobis,
2928 4213 2981 4256 ct
3029 4219 3136 4257 non
3171 4204 3390 4273 planxi-

1827 4291 1927 4346 stis
1954 4289 2021 4343 θ’.
2057 4309 2076 4342 ι
2104 4289 2178 4343 Ita
2209 4290 2344 4346 dicit
2382 4291 2609 4347 historia
2645 4291 2818 4348 fuisse
2850 4293 3066 4362 quidem
3109 4295 3392 4363 planctum

137 4385 238 4439 τοῦ
285 4382 766 4456 προπομπεύοντα,
792 4384 878 4436 ὅτε
934 4381 1102 4452 αὐτὴν
1148 4383 1214 4434 ἐκ
1252 4381 1360 4432 τῶν
1411 4381 1712 4450 ἀλλοφύλων

1826 4381 1966 4452 apud
1997 4381 2298 4446 lsraelitas,
2323 4398 2446 4438 cum
2472 4384 2734 4455 migraret
2763 4387 3004 4450 Moses’,
3037 4387 3267 4441 saltasse
3300 4401 3389 4440 au-

139 4475 534 4546 ἀνεκομίσατο,
559 4473 632 4544 μὴ
662 4475 720 4526 ἐν
739 4473 820 4543 τῷ.
841 4473 1058 4542 συνήθει
1075 4471 1420 4542 δεικνύμενον
1449 4475 1710 4543 σχήματι.

152 4565 626 4634 Ὗποφθέγγεσθαι
687 4565 795 4634 γὰρ
853 4564 1012 4617 αὐτόν
1063 4580 1196 4634 φησι
1237 4562 1344 4616 τῶν
1385 4562 1716 4634 ἐναρμονίων

143 4658 324 4729 μελῶν
348 4657 409 4709 ἐν
427 4655 506 4726 τῷ
529 4656 772 4726 μουσικῷ
797 4655 1010 4726 ὀργάνῳ
1040 4654 1472 4725 ἀνακρουόμενον
1495 4671 1509 4686 ο
1535 4671 1722 4722 συγκι-

139 4748 358 4802 νεῖσθαι
385 4747 440 4800 δέ
461 4747 596 4816 πρὸς
610 4746 704 4799 τὸν
733 4744 937 4816 ῥυθμὸν
959 4744 1036 4816 τῷ
1065 4745 1208 4808 ποδὶ,
1237 4746 1330 4798 καὶ
1361 4747 1432 4816 τῇ
1450 4744 1508 4798 ἐν
1529 4743 1721 4816 ῥυθμῷ

139 4843 358 4911 κινήσει
381 4838 476 4891 τοῦ
504 4837 752 4908 σώματος
786 4838 884 4908 τὴν
927 4836 1072 4890 ἔνδον
1094 4836 1436 4907 δημοσιεύειν
1459 4837 1714 4890 διάθεσιν.

156 4930 378 5000 Ἐπειδὴ
431 4929 608 4982 τοίνυν
641 4927 860 4990 διπλοῦς
915 4927 1013 4997 μὲν
1059 4930 1088 4980 ὁ
1119 4927 1420 4997 ἄνθρωπος,
1448 4929 1512 4980 ἐκ
1538 4927 1718 4998 ψυχῆς

138 5021 284 5088 λέγω
314 5019 411 5072 καὶ
435 5019 706 5088 σώματος,
743 5018 903 5088 διπλῆ
941 5018 996 5070 δὲ
1029 5017 1168 5087 καὶὴ
1202 5017 1335 5090 ζωὴ,
1369 5017 1718 5088 καταλλήλως

137 5115 200 5164 ἐν
241 5111 492 5180 ἐκατέρῳ
513 5110 621 5163 τῶν
644 5111 702 5162 ἐν
726 5112 862 5180 ἡμῖν
891 5110 1312 5180 ἐνεργουμένων,
1353 5109 1517 5178 καλὸν
1543 5109 1614 5162 ἂν
1629 5109 1714 5179 εἴη

137 5205 208 5273 τῇ
235 5204 524 5272 σωματικῇ
555 5200 666 5272 ζωῇ
702 5201 1068 5271 κοπτομένους
1085 5205 1102 5223 ‘
1122 5200 1312 5254 nonat
1334 5202 1427 5254 καὶ
1455 5199 1562 5253 τῶν
1586 5199 1718 5270 θρή-

140 5311 248 5346 νων
276 5293 420 5346 κατά
451 5293 541 5345 τὸν
575 5291 686 5362 βίον
710 5291 894 5345 τοῦτον
919 5293 976 5346 at
1000 5291 1266 5364 ἀφορμαὶ,
1285 5293 1352 5362 τῇ
1373 5292 1518 5362 ψυχῇ
1539 5307 1716 5361 παρα-

141 5384 432 5448 σκευάζειν
465 5385 562 5453 τὴν
593 5383 909 5453 ἐναρμόνιον
937 5382 1184 5454 ὄρχησιν.
1209 5383 1370 5436 Ὅσον
1396 5381 1503 5452 γάρ
1546 5381 1710 5434 πλέον

135 5474 642 5544 καταστυγνάζεται
662 5473 750 5526 διὰ
779 5473 1119 5544 κατηφείαςό
1142 5471 1276 5544 βίος,
1305 5471 1540 5542 τοσούτῳ
1573 5471 1712 5542 μᾶλ-

1825 4483 1931 4527 tem
1963 4472 2219 4528 Davidem
2249 4489 2433 4528 arcam
2463 4473 2518 4528 in
2549 4489 2747 4544 pompa
2772 4476 3191 4544 praecedentem,
3221 4493 3388 4545 quan-

1825 4564 1896 4620 do
1927 4580 2046 4620 eam
2074 4565 2326 4634 repetivit
2351 4566 2420 4620 ab
2451 4566 2790 4636 alienigenis,
2823 4583 2930 4620 non
2963 4583 3029 4624 eo
3061 4569 3243 4622 habitu
3279 4585 3394 4639 quo

1826 4655 2052 4712 solebat.
2087 4655 2438 4712 Dieit’enim
2455 4674 2581 4714 eum
2623 4657 2816 4712 modos
2855 4659 3123 4714 cecinisse
3169 4660 3388 4714 harmo-

1821 4747 2012 4810 nieos,
2054 4748 2361 4817 pulsantem
2403 4747 2670 4800 musicum
2709 4749 3166 4804 instrumentum:
3200 4765 3259 4804 se
3292 4765 3388 4804 au-

1819 4847 1927 4892 tem
1963 4837 2198 4892 movisse
2227 4837 2292 4892 ad
2323 4853 2638 4902 numerum,
2670 4845 2724 4893 et
2753 4853 3044 4893 numeroso
3073 4849 3223 4893 motu
3259 4855 3386 4894 cor-

1821 4928 1971 4998 poris
2001 4927 2056 4981 in
2088 4927 2362 4997 publicum
2396 4927 2663 4982 internam
2695 4929 2988 4998 protulisse
3019 4927 3386 4985 aﬂ‘ectionem.

1821 5017 2090 5084 Quoniam
2121 5019 2288 5088 igitur
2316 5019 2512 5090 duplex
2543 5020 2758 5089 quidem
2789 5031 2868 5075 est
2904 5020 3082 5084 homo,
3113 5029 3171 5074 ut
3197 5021 3286 5090 qui
3317 5038 3388 5076 es

1819 5113 1998 5166 anima
2033 5121 2246 5168 constet
2273 5121 2325 5168 et
2357 5127 2623 5182 corpore,
2663 5119 2716 5167 et
2762 5113 3147 5168 convenienter
3187 5113 3387 5182 duplex

1820 5217 2045 5272 quoque
2064 5210 2148 5258 est
2176 5203 2286 5268 vita
2314 5221 2328 5268 ',
2361 5203 2414 5256 in
2446 5215 2678 5271 utroque
2701 5219 2889 5258 eorum
2920 5218 3038 5272 quze
3065 5203 3198 5256 ﬁunt
3231 5218 3259 5255 a
3293 5219 3383 5255 no-

1819 5291 1928 5353 bis,
1966 5291 2166 5345 bonum
2203 5290 2364 5347 fuerit
2395 5293 2518 5346 vita:
2549 5307 2842 5360 corporeae,
2878 5301 2936 5345 ut
2963 5293 3054 5362 qui
3087 5293 3386 5362 plangunt,

1817 5381 2020 5436 multas
2047 5382 2290 5435 luctuum
2317 5391 2370 5435 et
2397 5381 2846 5434 lamentationum
2873 5381 2929 5435 in
2962 5381 3062 5436 hac
3091 5381 3198 5433 vita
3229 5395 3386 5436 ocea-

1816 5474 1998 5528 siones
2031 5479 2084 5528 et
2115 5471 2448 5527 adminicula
2480 5471 2675 5526 animae
2707 5479 2899 5542 parent
2931 5472 2997 5527 ad
3032 5485 3382 5528 numerosam

209 5657 254 5690 θ’
291 5655 449 5710 Rom.
483 5673 537 5726 v,
571 5656 622 5710 5.
699 5657 744 5689 ’⁸
781 5653 930 5710 Matt.
990 5669 1050 5723 ιι,
1097 5654 1183 5708 18.
1261 5655 1305 5688 ⁸⁸
1346 5652 1479 5710 Luc.
1503 5669 1598 5717 VII,
1622 5651 1712 5708 52.

1845 5652 2001 5712 Deut.
2026 5669 2210 5718 xxxrv,
2243 5655 2296 5709 8.
2373 5655 2393 5686 ²
2427 5651 2469 5706 ll
2497 5649 2624 5721 Reg.
2649 5667 2726 5717 vt,
2757 5649 2846 5704 ‘l-t.
