3846 6220
467 253 564 310 ῚΗ

1671 256 1730 311 5.
1770 253 2099 312 GBEGORII
2143 251 2438 310 NYSSENI

3619 250 3713 304 7i!

465 374 830 430 saltationem.
871 370 1006 426 Nam
1035 388 1143 443 quo
1182 374 1356 445 magis
1394 374 1505 428 vita
1542 389 1779 430 mmrore
1823 377 2040 446 angitur

2148 374 2232 428 λον
2254 377 2310 427 αί
2331 373 2430 441 τῆς
2460 370 2800 441 εὐφροσύνης
2829 369 3073 440 ἀφορμαὶ
3092 370 3156 438 τῇ
3178 367 3323 438 ψυχῇ
3356 366 3715 438 συναθροίζον-

465 473 519 519 et
555 465 924 526 contrahitur,
955 479 1022 518 eo
1055 463 1292 532 majores
1336 464 1537 517 laetitiae
1569 463 1892 518 occasiones
1918 477 2050 516 con-

466 565 761 626 gregantur
794 555 846 608 in
879 557 1084 608 anima.
1124 558 1288 608 Arcta
1318 562 1373 608 et
1406 569 1600 623 aspera
1636 569 1726 610 res
1757 563 1843 609 est
1872 554 2050 609 conti-

467 649 653 702 nentia
675 686 690 710 ,
724 663 813 701 res
842 648 1022 702 tristis
1049 655 1134 702 est
1165 647 1450 700 humilitas
1471 685 1486 709 ,
1521 661 1610 701 res
1649 654 1734 701 est
1780 646 2046 700 lamenta-

467 739 594 794 bilis
638 739 900 792 damnum
944 738 1054 808 pati
1090 757 1101 791 :
1157 737 1338 790 luctus
1367 745 1451 792 est
1479 743 1859 806 argumentum
1884 775 1900 799 ,
1939 750 2046 789 non

465 835 682 881 tantum
727 827 964 890 habere,
1007 835 1274 896 quantum
1324 828 1359 882 ii
1397 828 1494 896 qui
1525 828 1864 882 dominatum
1898 825 2046 880 obti~

465 929 639 975 nent:
674 919 770 975 sed
819 923 912 989 qui
959 921 1201 989 seipsum
1248 919 1534 982 humiliat,
1589 919 1942 981 exaltabitur,
1989 925 2047 973 et

464 1012 560 1080 qui
602 1011 655 1064 in
706 1020 1024 1079 paupertate
1060 1018 1367 1074 exercetur,
1422 1010 1804 1074 coronabitur,
1849 1019 1904 1063 et
1950 1007 2043 1078 qui

467 1105 706 1158 scatebat
742 1102 1056 1165 ulceribus,
1104 1108 1160 1156 et
1203 1101 1259 1154 in
1302 1101 1557 1156 omnibus
1595 1100 1922 1155 ostendebat
1957 1101 2044 1154 vi-

467 1203 576 1247 tam
606 1193 827 1262 dignam
859 1207 980 1262 qua:
1011 1192 1308 1261 lugeretur,
1345 1192 1589 1260 quiescet
1624 1192 1678 1244 in
1714 1192 1838 1246 sinu
1872 1191 2047 1245 Abra-

465 1285 565 1338 hae.
606 1283 662 1337 In
695 1299 804 1353 quo
835 1299 936 1338 nos
980 1297 1201 1352 quoque
1248 1284 1448 1346 simus,
1501 1281 1880 1337 misericordia
1922 1283 2044 1352 ejus

465 1377 558 1444 qui
595 1389 698 1429 nos
729 1383 953 1437 servat,
984 1372 1114 1428 Jesu
1149 1373 1356 1428 Christi
1385 1390 1401 1439 ;
1433 1375 1518 1428 cui
1553 1374 1726 1444 gloria
1762 1375 1816 1429 in
1843 1375 2043 1430 saecula

468 1467 821 1521 saeculorum.
860 1467 1053 1521 Amen.

1030 1554 1312 1610 HOMILIA
1358 1555 1472 1611 VII.

543 1667 563 1700 ο
595 1647 836 1717 Tempus
871 1647 1110 1716 jaciendi
1152 1647 1382 1717 lapides.
1410 1658 1464 1701 et
1493 1655 1711 1718 tempus
1745 1647 2038 1718 colligendi

2151 484 2259 520 ται.
2313 465 2544 533 Στυγνδν
2582 467 2614 534 ὴ
2665 465 2956 533 ἐγκράτεια
2979 479 2993 493 ·
3019 461 3261 531 κατηφὲς
3290 462 3324 531 ἡ
3354 461 3679 524 ταπείνωσις
3699 480 3710 492 ·

2149 559 2343 630 θρῆνος
2389 558 2450 610 τὸ
2478 554 2806 627 ζημιοῦσθαι
2825 569 2838 584 ·
2875 551 3104 616 πένθους
3137 551 3389 614 ὑπόθεσις
3414 551 3478 605 τὸ
3511 551 3588 622 μὴ
3615 553 3715 604 ἴσον

2150 655 2286 725 πρὸς
2314 654 2440 716 τοὺς
2468 649 2800 723 κρατοῦντας
2821 649 2962 719 ΙΙἐχειν
2988 665 3001 678 ο
3029 646 3144 701 ἀλλ’
3163 647 3192 700 ὁ
3209 645 3482 700 ταπεινῶν
3513 645 3715 704 ἑαυτὸν.

2150 745 2513 816 ὑψωθήσεται,
2559 745 2652 798 καὶ
2691 744 2721 796 ὁ
2759 739 2993 794 ἐναθλῶν
3019 743 3084 809 τῇ
3115 738 3276 808 πενίᾳ
3314 736 3717 806 στεφανωθήσε-

2147 853 2256 900 ται,
2280 836 2375 889 καὶ
2402 837 2431 889 ὁ
2451 838 2562 898 τοῖς
2597 835 2780 887 ’ἐλκεσι
2826 832 3004 904 βρύων
3040 831 3132 884 καὶ
3150 829 3237 884 διὰ
3268 829 3486 883 πάντων
3523 828 3716 899 θρήνω

2146 927 2295 992 ἀξιον
2317 927 2408 980 τὸν
2459 926 2649 980 ἑαυτοῦ
2681 925 2794 996 βίον
2815 923 3272 992 ἐπιδεικνύμενος,
3302 921 3381 990 τῷ
3414 920 3602 988 κόλπῳ
3631 919 3718 972 τοῦ

2147 1021 2491 1092 Πατριάρχου
2515 1014 2960 1072 ἐναναπαὺσεται.
2978 1015 3066 1067 Ἑν
3139 1013 3234 1066 καὶ
3250 1015 3411 1083 ἡμεῖς
3429 1010 3722 1079 γενοίμεθα

2144 1111 2222 1181 τῷ
2258 1111 2395 1164 ἐλέει
2435 1110 2529 1164 τοῦ
2582 1110 2842 1172 σώζοντος
2889 1107 3036 1177 ἡμᾶς
3084 1103 3256 1176 Ἰησοῦ
3295 1099 3558 1174 Χριστοῦ⁶
3602 1093 3648 1167 ᾧ
3690 1101 3722 1170 ἢ

2144 1203 2272 1268 δόξα
2327 1205 2419 1258 καὶ
2468 1204 2529 1257 τὸ
2575 1204 2774 1274 κράτος
2813 1203 2894 1266 είς
2936 1201 3062 1263 τοὺς
3106 1198 3305 1260 αἰῶνας
3347 1197 3455 1250 τῶν
3485 1194 3718 1249 αἰώνων.

2155 1297 2352 1370 Ἀμὴν.

2744 1569 2991 1625 ΟΜῙΛῘΑ
3029 1567 3101 1623 Z’.

2217 1682 2236 1716 ι
2264 1663 2466 1736 Καιρδς
2485 1664 2578 1719 τοῦ
2605 1663 2782 1734 βαλεῖν
2801 1660 3002 1725 λίθους,
3024 1662 3119 1714 καὶ
3145 1659 3332 1731 καιρὸς
3357 1652 3455 1712 τοῦ
3485 1672 3716 1726 συναγαο

466 1740 693 1811 lapides.
726 1758 743 1790 ι
771 1738 872 1793 Per
901 1755 964 1794 ea
994 1755 1116 1808 quae
1147 1740 1390 1794 ostendit
1411 1781 1426 1802 ,
1461 1738 1776 1794 auditorum
1807 1741 1921 1808 jam
1959 1741 2039 1794 vi-

2148 1759 2260 1825 γεῖν
2311 1757 2512 1820 λίθους.
2555 1775 2573 1808 ι
2602 1754 2847 1824 Ηὺξησεν
2885 1753 2982 1824 ἥδη
3032 1752 3098 1805 δι’
3153 1743 3228 1804 ὧν
3270 1750 3437 1814 ἔδειξε
3482 1749 3586 1818 τὴν
3615 1749 3716 1802 τῶν

465 1848 555 1888 res
588 1834 740 1886 auxit
769 1832 1270 1886 ecclesiasticarum
1302 1833 1584 1901 copiarum
1627 1831 1946 1901 praefectus,
1979 1843 2039 1887 ut

464 1935 519 1979 et
545 1926 658 1994 jam
686 1925 901 1994 possint
931 1923 1094 1978 ferire
1127 1924 1480 1978 adversarios
1500 1965 1516 1988 ,
1547 1933 1600 1979 et
1629 1942 1691 1979 ea
1720 1939 2038 1993 comparare

463 2034 586 2090 quze
618 2027 748 2074 sunt
781 2017 904 2070 usui
934 2016 1000 2069 ad
1046 2015 1374 2069 feriendum.
1419 2014 1490 2068 Ea
1532 2016 1678 2068 enim
1722 2031 1843 2084 quae
1885 2016 2036 2086 prius

465 2111 794 2171 didicimus,
830 2124 895 2164 ex
927 2123 994 2163 eo
1021 2107 1163 2178 quod
1198 2108 1454 2165 omnibus
1493 2110 1711 2180 adaptet
1753 2125 1873 2165 eam
1917 2127 2050 2182 quae

465 2211 549 2258 est
573 2219 639 2257 ex
669 2211 917 2270 tempore
943 2213 1258 2256 mensuram
1283 2238 1298 2263 ,
1327 2207 1382 2254 et
1409 2214 1530 2254 eam
1563 2215 1684 2269 qua:
1713 2209 1798 2255 est
1826 2200 1880 2255 in
1916 2201 2039 2254 uni-

464 2311 626 2352 verso
657 2296 1120 2366 opportunitatem
1143 2334 1158 2358 ,
1197 2293 1321 2348 boni
1357 2299 1412 2348 et
1449 2292 1664 2348 honesti
1709 2296 2040 2349 constituere

459 2388 702 2457 judicem
730 2389 912 2444 edocti
947 2403 1171 2449 sumus,
1207 2387 1272 2440 ad
1307 2387 1449 2440 hanc
1495 2401 1598 2442 nos
1636 2384 1909 2441 deducunt
1955 2387 2038 2442 la-

465 2482 722 2536 cultatem
740 2521 754 2545 ,
780 2489 839 2535 ut
865 2481 1201 2550 intelligatur
1229 2480 1422 2534 anima:
1448 2489 1650 2533 nostra:
1670 2494 1793 2534 esse
1820 2479 2036 2548 aliquod

465 2574 747 2629 brachium
768 2612 784 2639 ,
815 2585 869 2630 et
900 2581 1047 2628 recta
1074 2573 1360 2628 mittamus
1397 2571 1606 2642 lapides
1650 2571 1742 2640 qui
1785 2570 2040 2626 occidant

465 2667 740 2730 inimicos,
765 2674 821 2721 et
841 2682 1034 2721 rursus
1057 2681 1153 2720 eos
1173 2679 1495 2719 revocemus
1516 2704 1531 2727 ,
1563 2664 1630 2718 ad
1661 2677 2041 2732 quemcunque

469 2758 677 2814 hostem
702 2757 999 2827 jecerimus
1019 2795 1034 2819 ,
1063 2757 1129 2811 ad
1164 2757 1267 2810 hoc
1305 2767 1360 2809 ut
1388 2770 1604 2824 semper
1635 2754 1854 2809 eosdem
1884 2753 2040 2822 jacu-

467 2850 641 2905 lemur
668 2849 724 2904 in
755 2849 1154 2904 adversarium.
1182 2849 1359 2916 Atque
1395 2847 1432 2900 ii
1471 2847 1691 2916 quidem
1733 2845 1827 2914 qui
1865 2845 2038 2898 solam

464 2933 749 2996 intuentur
778 2942 1013 2996 litteram
1039 2979 1054 3003 ,
1081 2949 1134 2995 et
1157 2939 1224 2993 ad
1251 2953 1472 2994 sensum
1501 2938 1591 3006 qui
1619 2945 1702 2992 est
1728 2937 1792 2990 ad
1820 2950 2037 2989 manum

465 3039 680 3085 tantum
697 3031 1014 3092 advertunt,
1032 3029 1528 3084 accommodahunt
1547 3029 1716 3099 legem
1734 3026 1900 3081 Mosis
1914 3042 2040 3096 prte-

2145 1849 2444 1902 ἀκουόντων
2474 1849 2624 1917 ίσχὺν
2655 1847 2683 1899 ὁ
2707 1847 2804 1916 τῆς
2827 1841 3283 1914 ἐκκλησιαστικῆς
3310 1841 3598 1909 δυνάμεως
3625 1857 3716 1890 τα-

2148 1939 2384 2010 ξίαρχος,
2420 1939 2561 1992 ὥστε
2597 1938 2692 1990 καὶ
2741 1937 2920 2006 βαλεῖν
2966 1933 3224 1988 δύνασθαι
3269 1933 3396 1994 τοὺς
3430 1931 3713 1984 ἀντιτετα-

2145 2030 2401 2100 γμένους,
2421 2028 2516 2082 καὶ
2536 2027 2632 2091 τὰς
2659 2028 2738 2090 είς
2761 2027 2822 2079 τὸ
2849 2025 3030 2095 βαλεῖν
3066 2022 3418 2095 παρασκευὰς
3450 2020 3718 2092 συμπορίο

2145 2120 2352 2186 ζεσθαι.
2388 2122 2455 2172 Ἀ
2481 2119 2588 2191 γὰρ
2612 2116 3138 2191 προεπαιδεὺθημεν,
3163 2116 3231 2168 δι’
3269 2105 3345 2168 ὧν
3368 2115 3537 2166 πᾶσιν
3557 2114 3718 2184 ἀφαρ-

2148 2211 2332 2282 μόζειν
2363 2211 2426 2265 τὸ
2461 2212 2524 2264 ἐκ
2555 2212 2648 2265 τοῦ
2700 2212 2889 2281 χρόνου
2936 2211 3156 2282 μέτρον,
3198 2210 3292 2262 καὶ
3319 2210 3420 2279 τὴν
3453 2209 3514 2260 ἐν
3561 2207 3714 2260 παντὶ

2145 2302 2427 2375 εὐκαιρίαν
2454 2303 2722 2356 ποιεῖσθαι
2752 2301 2844 2355 τοῦ
2871 2301 3036 2355 καλοῦ
3066 2301 3346 2372 κριτήριον
3385 2297 3711 2368 μεμαθήκα-

2151 2413 2268 2464 μεν,
2297 2398 2377 2458 εἰς
2398 2393 2601 2466 ταύτην
2624 2395 2771 2466 ἡμᾶς
2801 2396 2921 2462 ἄγει
2941 2394 3041 2463 τὴν
3063 2393 3314 2461 δύναμιν,
3348 2389 3491 2443 ὥστε
3523 2388 3710 2459 νοηθῆ-

2146 2485 2232 2538 ναί
2260 2503 2383 2540 τινα
2407 2485 2562 2556 ἡμῶν
2590 2487 2687 2556 τῆς
2712 2484 2889 2556 ψυχῆς
2918 2481 3198 2555 βραχίονα,
3223 2480 3317 2536 καλ⁸
3348 2482 3492 2535 κατά
3514 2479 3711 2534 σκοποῦ

2147 2578 2386 2648 πέμπειν
2430 2578 2555 2640 τοὺς
2584 2577 2960 2648 ἀναιρετικοὺς
2999 2575 3090 2628 τοῦ
3131 2573 3327 2644 ἐχθροῦ
3366 2572 3588 2635 λίθους,
3625 2571 3712 2624 καὶ

2148 2668 2308 2722 πάλιν
2334 2667 2721 2722 ἀνακαλεῖσθαι
2749 2665 2968 2730 τούτους
2992 2666 3072 2728 είς
3094 2659 3205 2718 οἷον
3241 2663 3308 2717 ἀν
3333 2662 3429 2716 τὸν
3459 2661 3709 2730 πολέμιον

2147 2759 2396 2830 βάλωμεν
2419 2760 2499 2823 είς
2531 2759 2592 2812 τὸ
2616 2759 2701 2812 ἀεὶ
2734 2758 2821 2812 διὰ
2853 2758 2961 2812 τῶν
2993 2757 3170 2810 αὑτῶν
3193 2753 3603 2818 κατακοντίζειν
3626 2750 3709 2805 τὸν

2145 2849 2538 2920 ἀντικείμενον.
2575 2851 2639 2902 Oi
2674 2850 2771 2919 μὲν
2797 2844 2891 2902 οῦν
2919 2848 3054 2919 πρὸς
3080 2846 3140 2900 τὸ
3167 2845 3403 2916 γράμμα
3430 2843 3709 2915 βλέποντες

2150 2943 2327 3012 μόνον,
2361 2942 2454 2995 καὶ
2493 2944 2560 3013 τῇ
2606 2941 2886 3012 προχείρῳ
2927 2940 3325 3011 παριστάμενοι
3357 2937 3570 3008 διανοίᾳ
3604 2936 3708 2988 τῶν

2145 3034 2451 3104 εἰρημένων
2469 3073 2484 3097 ,
2531 3034 2620 3087 τδν
2649 3033 2890 3097 Μωσέως
2915 3033 3077 3102 νόμον
3101 3033 3232 3094 ἴσως
3260 3029 3500 3099 παροῦσι
3535 3031 3711 3100 ῥητοῖς

467 3125 718 3180 sentibus
749 3124 968 3186 verbis,
993 3124 1046 3177 in
1077 3137 1184 3193 qua
1213 3123 1298 3177 lex
1327 3123 1481 3191 jubet
1508 3122 1692 3190 jacere
1719 3120 1961 3189 lapides,
1991 3120 2038 3173 si

2148 3103 2566 3197 ὲραρμόσουσιν,
2611 3125 2698 3194 ἐφ’
2731 3124 2790 3179 ὃν
2841 3126 3174 3197 προστάσσει
3217 3126 3246 3178 ὁ
3287 3123 3456 3192 νόμος
3505 3121 3709 3192 βάλλειν

467 3215 746 3286 quidpiam
782 3216 1135 3270 inveniantur
1165 3216 1331 3282 aliqui
1365 3213 1684 3283 delinquere
1731 3213 1786 3266 in
1835 3212 2038 3283 legem,

467 3307 613 3360 sicut
653 3315 708 3359 et
743 3320 844 3360 nos
885 3320 981 3373 per
1024 3305 1195 3375 ipsam
1230 3303 1523 3358 didicimus
1560 3303 1844 3358 historiam
1868 3341 1884 3366 ,
1929 3311 2038 3356 tam

469 3399 522 3452 in
553 3398 621 3453 iis
645 3397 740 3468 qui
775 3403 1004 3467 peccant
1035 3396 1301 3451 adversus
1331 3395 1629 3450 Sabbatum
1652 3437 1666 3459 ,
1692 3409 1858 3463 quam
1890 3395 1944 3448 in
1975 3409 2040 3448 eo

467 3490 563 3558 qui
598 3503 755 3544 sacra
792 3495 878 3544 est
915 3488 1214 3543 sulluratns
1237 3528 1252 3551 ,
1289 3494 1344 3542 et
1377 3487 1431 3540 in
1465 3487 1589 3542 aliis
1622 3486 1844 3541 delictis
1867 3525 1881 3548 ,
1917 3501 2038 3556 quae

468 3581 557 3636 lex
586 3579 755 3649 jussit
805 3578 990 3649 puniri
1042 3578 1334 3649 lapidibus.
1370 3577 1482 3650 Ego
1515 3586 1728 3643 autem,
1762 3577 1808 3633 si
1843 3592 2040 3648 cogere

469 3671 680 3742 lapides
723 3678 1090 3741 opportunum
1138 3670 1343 3725 faceret
1385 3669 1783 3732 Ecclesiastes,
1815 3668 1884 3723 de
1929 3684 2040 3738 quo

469 3763 554 3817 lex
585 3762 720 3816 nihil
749 3762 939 3831 jubet,
971 3777 1148 3830 neque
1191 3761 1300 3816 ulla
1341 3777 1406 3815 ex
1439 3761 1670 3817 historia
1701 3762 1847 3816 actio
1875 3761 2040 3816 refert

470 3853 650 3909 simile
668 3892 683 3918 ,
715 3854 783 3907 iis
813 3854 1113 3908 assentirer
1138 3854 1231 3922 qui
1258 3853 1423 3907 verba
1449 3867 1546 3922 per
1569 3852 1738 3922 legem
1766 3852 2038 3922 interpre-

467 3953 675 4009 tantur,
708 3944 852 4016 quod
887 3945 1098 4000 scilicet
1130 3952 1263 3998 tttnc
1297 3944 1369 3998 sit
1399 3953 1612 4012 tempus
1638 3944 1876 4013 jaciendi
1900 3945 2038 4014 lapi-

469 4036 592 4101 des,
621 4036 842 4107 quando
875 4035 1144 4106 quispiam
1170 4035 1250 4089 vel
1272 4034 1504 4106 deliquit
1533 4036 1797 4092 adversus
1832 4037 2042 4091 Sabba-

470 4136 587 4182 tum
608 4166 624 4190 ,
653 4128 735 4182 vel
765 4128 990 4182 abstulit
1019 4125 1226 4194 aliquid
1255 4142 1444 4182 eorum
1473 4143 1594 4197 qua:
1617 4137 1744 4183 sunt
1765 4128 2036 4184 dedicata.

470 4215 629 4273 Nunc
675 4227 857 4272 autem
914 4215 1152 4286 adjectio
1202 4216 1324 4283 ejus
1365 4217 1511 4286 quod
1549 4226 1799 4288 oporteat
1847 4233 2040 4272 rursus

471 4325 666 4380 cogere
699 4307 905 4378 lapides
925 4348 940 4369 .
975 4308 1124 4376 quod
1154 4309 1373 4378 quidem
1409 4309 1557 4363 nulla
1586 4310 1702 4379 lege
1734 4317 1816 4364 est
1846 4309 2040 4363 delini-

470 4408 622 4463 tum,
657 4414 759 4453 nos
787 4398 939 4453 ducit
972 4397 1038 4451 ad
1069 4398 1237 4452 alium
1265 4413 1506 4453 sensum.
1547 4397 1830 4453 Discamus
1857 4411 2037 4454 autem
2071 4438 2117 4496 υ

471 4491 777 4561 eujusmodi
808 4493 878 4544 sit
907 4489 1010 4542 hoc
1038 4505 1211 4557 genus
1241 4489 1502 4560 lapidum,
1521 4491 1664 4559 quod
1687 4498 1806 4562 post
1829 4490 2035 4560 jactum

471 4597 666 4638 rursus
699 4590 876 4650 potest
903 4580 1169 4652 possideri
1203 4581 1271 4636 ab
1297 4597 1364 4637 eo
1395 4583 1486 4652 qui
1519 4584 1768 4652 projecit.

541 4670 834 4740 Postquam
889 4670 1038 4724 enim
1085 4669 1292 4739 lapides
1337 4670 1390 4725 in
1431 4681 1673 4741 tempore
1715 4673 2034 4742 jeeerimus,

469 4775 666 4815 rursus
696 4774 792 4814 eos
822 4774 1018 4829 cogere
1050 4759 1311 4815 docemur
1344 4762 1398 4815 in
1450 4773 1711 4832 tempore.
1751 4764 1880 4818 Mihi
1908 4781 2038 4834 ergo

471 4853 690 4906 videtur
713 4866 822 4905 non
859 4852 995 4908 satis
1028 4843 1336 4908 sublimiter
1380 4854 1627 4923 accipere
1671 4855 1852 4925 legem
1889 4857 1942 4910 in
1973 4872 2038 4912 eo

473 4957 637 4997 sensu
670 4943 763 5012 qui
810 4949 897 4998 est
934 4942 1002 4996 ad
1051 4959 1292 4997 manum.
1330 4943 1466 5008 Ouid
1513 4946 1656 4999 enim
1695 4962 1953 5018 magnum
1985 4956 2039 5004 et

472 5034 618 5102 quod
662 5032 832 5088 Deum
875 5032 1084 5096 deceat.
1118 5047 1339 5105 apparet
1373 5037 1426 5090 in
1457 5037 1605 5092 nudo
1649 5053 1812 5093 sensu
1846 5054 2034 5094 eorum

471 5141 592 5194 quae
617 5125 820 5196 scripta
851 5126 1015 5179 sunt?
1049 5123 1106 5179 Si
1155 5127 1281 5196 quis
1330 5127 1701 5199 deprehensus
1733 5141 1879 5186 esset
1921 5145 2040 5184 sar-

470 5223 712 5270 mentum
743 5216 1008 5288 colligens
1035 5214 1299 5280 Sabbato,
1328 5229 1613 5290 propterea
1636 5222 1920 5292 oportebat
1942 5222 2040 5276 ho-

472 5305 672 5360 minem
715 5305 876 5359 obrui
911 5305 1184 5376 lapidibus
1207 5307 1250 5372 ³,
1291 5321 1414 5362 cum
1446 5310 1593 5364 nulla
1629 5311 1826 5380 injuria
1868 5327 2040 5382 appa-

471 5405 589 5450 reat
619 5397 674 5450 in
713 5395 954 5452 delicto?
993 5397 1166 5462 Quam
1199 5401 1344 5454 enim
1387 5399 1590 5456 fecerat
1619 5401 1897 5471 lnjuriam,
1935 5403 2040 5456 ali-

472 5503 612 5556 quas
635 5488 874 5546 festucas
894 5505 1027 5545 casu
1047 5490 1303 5562 disjectas
1323 5509 1418 5566 per
1437 5493 1789 5551 solitudinem
1811 5495 1878 5550 ad
1898 5495 2040 5567 ignis

541 5655 574 5697 ⁸
594 5660 753 5724 Num.
786 5685 871 5742 xv,
894 5673 963 5728 5‘2
981 5689 1079 5744 sqq

2141 3217 2343 3280 λίθους.
2374 3217 2427 3269 εί
2455 3233 2508 3269 τι
2538 3216 2978 3288 παρανομοῦντες
3009 3215 3380 3286 εὑρίσκοιντο,
3407 3209 3498 3265 οἶα
3534 3212 3598 3282 δὴ
3623 3212 3710 3263 καὶ

2141 3307 2206 3360 δι’
2243 3307 2414 3376 αὑτῆς
2449 3307 2845 3378 μεμαθήκαμεν
2869 3307 2969 3376 τῆς
3009 3307 3268 3378 ἱστορίας,
3297 3305 3390 3356 ἐπί
3418 3322 3479 3357 τε
3501 3304 3611 3357 τῶν
3638 3305 3711 3365 εἰς

2141 3398 2200 3450 τὸ
2223 3397 2486 3451 σάϐϐατον
2509 3397 3010 3470 ἐξαμαρτανόντων,
3045 3397 3140 3450 καὶ
3167 3396 3260 3449 τοῦ
3291 3395 3359 3448 τὰ
3387 3394 3512 3465 ἱερά
3535 3393 3714 3448 κεκλο-

2141 3491 2321 3557 φότος,
2350 3488 2443 3542 καὶ
2486 3490 2579 3542 ἐπὶ
2616 3488 2724 3541 τῶν
2761 3488 2936 3543 ἄλλων
2968 3487 3464 3557 πλημμελημάτων
3505 3481 3591 3548 οἷς
3618 3485 3712 3554 τὴν

2139 3581 2227 3635 διὰ
2259 3581 2367 3634 τῶν
2406 3581 2569 3635 λίθων
2600 3580 2870 3652 τιμωρίαν
2899 3583 2927 3634 ὁ
2957 3579 3120 3650 νόμος
3149 3577 3433 3644 ἐπέταξεν.
3490 3575 3636 3645 Ἐγὼ
3658 3575 3713 3630 δὲ

2140 3675 2187 3725 εἰ
2217 3673 2311 3726 καὶ
2340 3672 2400 3725 τὸ
2433 3674 2758 3740 συναγαγεῖν
2795 3672 2976 3735 λίθους
3003 3670 3260 3741 εὔκαιρον
3305 3671 3334 3722 ὁ
3384 3668 3714 3738 Ἐκκλησια-

2143 3765 2274 3834 στὴς
2314 3765 2570 3825 ἐποιεῖτο,
2621 3764 2748 3832 περὶ
2801 3755 2864 3814 οὑ
2897 3762 3062 3829 νόμος
3103 3761 3278 3823 οὐδεὶς
3322 3759 3711 3828 ἐγκελεύεται,

2141 3855 2262 3908 οὑτε
2291 3856 2388 3927 τῆς
2413 3855 2652 3926 ἱστορίας
2696 3855 2893 3925 πρᾶξιν
2927 3854 3215 3924 ὑφηγεῖται
3259 3851 3321 3904 τὸ
3353 3852 3569 3922 ὅμοιον,
3600 3868 3715 3904 συν-

2141 3948 2344 4018 εθέμην
2374 3948 2440 4002 ἀν
2464 3951 2574 4010 τοῖς
2596 3947 2686 4000 διά
2709 3947 2804 4000 τοῦ
2827 3945 2993 4016 νόμου
3021 3945 3084 3997 τὸ
3106 3943 3267 4015 ῥητὸν
3297 3943 3714 4013 ἑρμηνεύουσιν,

2139 4039 2215 4103 ὡς
2239 4040 2358 4093 τότε
2383 4039 2533 4102 ὄντος
2560 4038 2751 4110 καιροῦ
2780 4038 2958 4106 βαλεῖν
2980 4035 3182 4101 λίθους,
3207 4036 3332 4088 ὅταν
3350 4051 3437 4097 τις
3468 4035 3504 4105 ἦ
3541 4046 3716 4104 παρα-

2141 4132 2355 4202 νομήσῃ
2379 4130 2439 4182 τὺ
2465 4129 2750 4195 σάϐϐατον,
2769 4129 2804 4198 ἦ
2826 4145 2879 4180 τι
2901 4126 3010 4180 τῶν
3037 4125 3402 4180 ἀνατεθέντων
3430 4124 3712 4196 ὑφέληται.

2141 4224 2278 4277 Νυνὶ
2306 4224 2414 4293 δὲὴ
2447 4221 2730 4292 προσθήκη
2763 4219 2857 4272 τοῦ
2885 4218 2994 4271 δεῖν
3025 4217 3186 4270 πάλιν
3218 4216 3558 4284 συναγαγεῖν
3598 4217 3717 4277 τοὺς

2141 4318 2342 4379 λίθους,
2371 4317 2505 4386 ὅπερ
2535 4313 2709 4366 οὐδενὶ
2737 4312 2886 4381 νόμῳ
2907 4309 3188 4380 διώρισται
3207 4348 3224 4371 ,
3251 4308 3331 4370 είς
3359 4306 3537 4377 ἀλλην
3572 4303 3717 4377 ἡμᾶς

2143 4408 2266 4476 ἀγει
2321 4405 2560 4459 διάνοιαν
2585 4419 2599 4432 ·
2645 4401 2903 4472 μάθωμεν
2931 4402 3115 4452 ὁποῖον
3153 4396 3310 4451 τοῦτο
3366 4396 3519 4465 (ένος
3560 4396 3716 4451 λίθων

2143 4500 2311 4558 ἐστὶν,
2342 4497 2369 4550 δ
2395 4495 2531 4567 μετά
2558 4495 2654 4566 τὴν
2679 4492 2836 4563 βολὴν
2862 4491 3023 4544 πάλιν
3051 4488 3238 4560 κτῆμα
3262 4487 3358 4542 τοῦ
3389 4487 3716 4559 προῗεμένου

2143 4587 2386 4657 γίνεσθαι
2419 4587 2544 4656 χρή.

2228 4677 2480 4733 Ἐπειδὰν
2506 4677 2614 4745 γὰρ
2647 4675 2898 4745 βάλωμεν
2940 4671 3082 4726 κατὰ
3117 4670 3307 4741 καιρδν
3335 4671 3470 4735 τοὺς
3505 4669 3712 4734 λίθους,

2145 4768 2304 4822 πάλιν
2332 4764 2656 4832 συναγαγεῖν
2671 4763 2866 4825 αὑτοὺς
2889 4763 2947 4815 ἐν
2974 4759 3148 4831 καιρῷ
3166 4759 3555 4830 διδασκόμεθα.
3574 4757 3718 4832 Ἐμοὶ

2147 4857 2248 4929 μὲν
2277 4855 2369 4911 οὖν
2395 4856 2540 4910 δοκεῖ
2562 4854 2694 4926 μηδὲ
2715 4854 2806 4907 τὸν
2829 4853 2991 4922 νόμον
3021 4851 3195 4914 οὑτως
3213 4851 3436 4922 ὑψηλῶς
3464 4853 3610 4906 κατὰ
3627 4851 3718 4922 τὴν

2146 4948 2435 5019 πρόχειρον
2475 4945 2684 5000 ἔννοιαν
2730 4942 3111 5012 ἐκλαμϐάνειν.
3163 4942 3230 4994 Τί
3268 4942 3376 5013 γὰρ
3412 4942 3715 5014 θεοπρεπὲς

2147 5039 2240 5093 καὶ
2285 5040 2428 5108 μέγα
2456 5040 2522 5108 τῇ
2548 5037 2676 5107 ψιλῇ
2709 5033 2915 5106 διανοίᾳ
2941 5034 3051 5087 τῶν
3075 5033 3490 5104 γεγραμμένων
3521 5031 3713 5104 ἐμφαί-

2144 5147 2292 5183 νεται
2324 5144 2338 5194 ;
2367 5130 2431 5182 Ei
2468 5127 2934 5199 φρυγανιζὸμενός
2966 5143 3051 5187 τις
3079 5125 3224 5178 ἑάλω
3251 5123 3480 5178 κατὰτὸ
3518 5124 3714 5178 σάϐϐα-

2142 5239 2254 5284 τον,
2300 5221 2388 5274 διά
2428 5219 2587 5274 τοῦτο
2629 5215 3062 5287 καταλευσθῆναι
3104 5215 3198 5269 τὸν
3244 5214 3541 5286 ἄνθρωπον
3572 5215 3675 5268 ἔδει
3699 5253 3713 5273 .

2146 5313 2415 5384 μηδεμιᾶς
2446 5310 2658 5374 ἀδικίας
2689 5311 2746 5362 ἐν
2777 5309 2856 5380 τῷ
2882 5307 3316 5388 πλημμελήματι
3349 5308 3711 5378 φαινομένηςς

2144 5407 2210 5458 Τί
2249 5406 2359 5478 γὰρ
2389 5404 2564 5474 ἠδίκει
2596 5401 2719 5456 τινὰ
2746 5402 2929 5473 κάρφη
2966 5400 3105 5454 κατά
3132 5397 3196 5452 τὸ
3229 5398 3450 5469 συμϐὰν
3476 5399 3710 5469 διερριμ-

2151 5497 2284 5567 μένα
2326 5495 2467 5550 κατά
2505 5494 2603 5564 τὴν
2643 5492 2848 5564 ἔρημον
2879 5492 3018 5564 πρὸς
3045 5490 3144 5562 τὴν
3174 5489 3270 5544 τοῦ
3310 5490 3490 5561 πυρὸς
3538 5489 3711 5562 χρείαν
