3846 6220
169 340 275 394 ’113

1241 338 1310 394 1N
1341 337 1890 396 ECCLESIASTEN.
1935 339 2219 395 HOMILIA
2262 340 2374 395 V'll.

3339 351 3434 405 7H

169 445 678 518 συγκομιζόμενοςς
719 447 795 501 Οὒ
842 448 954 521 γὰρ
991 449 1054 503 τὸ
1083 449 1367 524 ἀλλότριον
1399 453 1754 523 ἀφαιρεῖσθαι

1873 453 2178 510 tlimentum
2227 458 2568 528 apportans?
2622 459 2741 516 Non
2770 462 2916 518 enim
2963 480 3262 522 accusatur
3292 471 3436 538 quod

169 543 584 611 κατηγορεῖται,
618 539 758 594 ὥστε
785 541 963 596 δοκεῖν
994 542 1234 612 εὐλόγως
1265 545 1364 615 τὴν
1403 545 1618 598 ἀδικίαν
1662 563 1758 598 κο-

169 632 458 696 λάζεσθαι,
489 632 625 684 ἀλλὰ
653 631 716 685 τὸ
742 636 894 703 κοινῇ
929 635 1064 686 πᾶσι
1109 637 1471 706 προκείμενον
1497 635 1646 707 αὐτῷ
1676 635 1760 689 αῖ-

168 743 290 778 τιον
310 725 638 795 γίνεταιτῆς
670 724 779 778 τῶν
811 725 975 778 λίθων
1011 727 1194 798 βολῆς.
1240 729 1380 781 Ἀλλ’
1411 731 1494 782 ὃτι
1528 731 1586 782 ἐν
1617 728 1759 782 Σαδ-

173 818 327 890 6άτῳ
360 818 520 872 τοῦτο
552 818 801 890 ἐποίησε,
826 819 915 872 διὰ
945 819 1104 872 τοῦτο
1138 821 1213 884 ὡς
1239 822 1564 893 κακουργῶν
1592 839 1761 876 κατα-

173 911 441 983 κρίνεται.
483 911 579 974 Τίς
603 912 702 964 ούκ
739 908 902 975 οἶδεν,
935 913 1018 965 ὄτι
1062 913 1172 965 τῶν
1197 914 1498 984 γινομένων
1529 914 1760 967 ’ἑκαστον

168 1008 240 1076 τῇ
269 1003 375 1076 [δίᾳ
406 1004 651 1075 κρίνεται
684 1005 866 1073 φύσει,
893 1006 1005 1058 εἴτε
1033 1005 1224 1070 κακὸν,
1261 1007 1372 1060 εἴτε
1403 1005 1479 1078 μὴ
1520 1007 1762 1060 τοιοῦτόν

171 1099 356 1160 ἐστινς
393 1098 453 1150 '0
478 1097 534 1150 δὲ
561 1096 753 1169 χρόνος
793 1098 912 1151 καθ’
939 1098 999 1151 ὃν
1029 1100 1334 1170 ἐνεργεῖται
1366 1101 1588 1170 πρᾶξις,
1625 1100 1762 1168 ἐξω-

171 1187 268 1240 οεν
315 1188 420 1259 τῆς
464 1188 558 1242 τοῦ
593 1189 877 1258 γινομένου
915 1191 1130 1259 φύσεως
1182 1190 1490 1261 θεωρεῖται.
1547 1193 1612 1245 Τί
1653 1192 1763 1264 γὰρ

169 1280 356 1333 κοινὸν
387 1280 499 1350 ἔχει
539 1280 600 1333 τὸ
635 1281 885 1352 χρονικὸν
919 1282 1218 1352 διάστημα,
1264 1283 1401 1354 πρὸς
1431 1284 1490 1337 τὸ
1529 1286 1595 1337 ἐκ
1627 1302 1763 1355 προ-

171 1375 443 1443 αιρέσεως
468 1374 746 1444 ἡμετέρας
781 1373 1216 1443 ἀποτελούμενον
1243 1391 1257 1439 ;
1303 1376 1426 1428 Ἐὰν
1451 1376 1643 1448 ἔρηταί
1681 1394 1764 1440 τις

168 1467 346 1534 ἡμᾶς,
373 1465 425 1519 τί
471 1465 655 1536 ἡμέρα
693 1466 830 1527 ἐστὶ,
868 1465 926 1518 τὸ
966 1465 1108 1535 ὑπὲρ
1165 1467 1268 1537 γῆς
1308 1463 1447 1521 εἶναι
1477 1468 1569 1520 τὸν
1611 1468 1764 1538 ἥλιον

168 1559 393 1621 πάντως
412 1556 874 1629 ἀποκρινούμεθα,
897 1559 992 1612 καὶ
1041 1558 1239 1628 μέτρον
1259 1559 1428 1630 αὐτῆς
1458 1559 1652 1631 ὄρθρον
1672 1561 1766 1613 καὶ

170 1649 416 1719 ἑσπέραν
439 1649 590 1702 ποιού
601 1649 758 1719 μεθα.
803 1649 862 1702 '0
881 1649 936 1702 δέ
963 1649 1200 1711 τοιοῦτος
1223 1649 1378 1719 λόγος
1408 1651 1508 1720 τῆς
1530 1653 1763 1722 ἡμέρας,

166 1742 233 1794 ού
271 1742 372 1811 μιᾷ
407 1758 512 1793 τινι
543 1740 678 1812 μόνῃ
707 1739 815 1794 τῶν
846 1740 988 1794 κατὰ
1010 1739 1108 1812 τὴν
1128 1740 1492 1813 ἑϐδοματικὴν
1518 1743 1764 1814 περίοδον

169 1833 670 1904 ἀνακυκλουμένων
701 1833 1188 1904 ἐφαρμοσθήσεται
1208 1851 1221 1864 '
1257 1835 1393 1888 ἀλλά
1421 1836 1514 1888 καὶ
1537 1835 1762 1906 πρώτης

171 1926 270 1980 καὶ
310 1925 572 1996 δευτέρας
621 1924 909 1996 καὶμέχρι
941 1925 1042 1995 τῆς
1085 1925 1339 1997 ἑϐδόμης,
1384 1928 1414 1979 ὁ
1443 1928 1602 1991 αὐτός
1646 1929 1762 1982 ἐστι

169 2018 353 2086 λόγος,
394 2017 490 2070 καὶ
539 2017 694 2069 οὐδὲν
730 2019 763 2088 ἡ
803 2017 896 2070 τοῦ
943 2015 1222 2070 Σαϐϐάτου
1259 2019 1443 2090 ἡμέρα
1475 2019 1619 2072 κατὰ
1665 2022 1764 2084 τὰς

170 2110 372 2174 λοιπὰς
395 2109 535 2164 κατὰ
554 2109 614 2162 τὸ
641 2105 778 2164 εἶναι
801 2110 984 2181 ἡμέρα
1013 2111 1412 2183 παρήλλακται.
1450 2113 1574 2166 Ἐὰν
1599 2113 1654 2166 δέ
1679 2131 1762 2178 τις

172 2203 275 2275 τὴν
294 2203 388 2256 τοῦ
411 2203 814 2274 ἁμαρτήματος
844 2203 1078 2276 ἐξετάσῃ
1103 2204 1365 2266 διάνοιαν,
1387 2204 1448 2258 τὸ
1476 2205 1550 2276 μὴ
1577 2205 1687 2258 δεῖν
1711 2224 1763 2260 τι

173 2296 316 2350 κατὰ
357 2295 453 2349 τοῦ
481 2295 653 2359 πέλας
691 2298 887 2360 ποιεῖν,
919 2296 1140 2359 πάντως
1163 2296 1418 2368 ἐροῦμεν,
1451 2291 1562 2351 οἷον
1583 2316 1598 2330 ·
1635 2317 1654 2350 ι
1687 2300 1762 2352 Οὐ

109 2412 112 2414 τ
174 2387 512 2459 μοιχεύσεις,
543 2388 604 2441 οὐ
640 2387 942 2458 φονεύσεις,
973 2389 1034 2440 ού
1061 2388 1301 2458 κλέψεις,
1333 2409 1353 2448 ›
1375 2389 1556 2442 καὶτὰ
1579 2389 1760 2443 λοιπά·

172 2476 250 2535 ὧν
289 2481 506 2551 γενικός
545 2482 663 2534 ἐστι
713 2480 898 2551 νόμος,
930 2480 1002 2533 τὰ
1048 2481 1171 2534 καθ’
1220 2481 1452 2535 ἕκαστον
1494 2485 1551 2536 ἐν
1589 2481 1765 2553 ἐαυτῷ

173 2575 474 2644 περιέχων,
509 2573 604 2626 καὶ
629 2575 768 2642 ὅπερ
790 2575 824 2643 ή
849 2572 943 2626 τοῦ
983 2574 1271 2645 ἀγαπῆσαι
1307 2574 1400 2626 τὸν
1439 2574 1666 2645 πλησίον
1689 2574 1765 2638 ὡς

173 2669 375 2722 ἐαυτόν
399 2685 414 2699 ο
449 2667 626 2722 ταῦτα
649 2669 743 2722 καὶ
772 2667 914 2720 κατά
941 2670 1121 2721 πᾶσαν
1153 2669 1371 2740 ἡμέραν
1400 2669 1592 2740 ἐπίσης
1638 2686 1768 2722 κατ-

171 2761 486 2832 ορθούμενά
522 2777 582 2814 τε
624 2761 719 2814 καὶ
759 2759 1260 2832 παρανομούμενα,
1294 2761 1327 2830 ἢ
1370 2761 1513 2815 καλὰ
1548 2761 1766 2823 πάντως

175 2854 351 2916 ἐστὶν,
385 2853 420 2923 ἢ
451 2855 516 2906 ἐκ
551 2851 646 2905 τοῦ
679 2851 924 2906 ἐναντίου
956 2853 1246 2922 νοούμενα.
1277 2852 1390 2905 Ούκ
1425 2851 1490 2906 ἂν
1517 2851 1574 2904 δέ
1620 2869 1704 2914 τις
1737 2850 1766 2903 ὃ

179 2946 424 3015 σήμερον
474 2943 642 2996 κακὸν
675 2943 870 3014 ἐκρίθη
895 2943 1210 3012 γενόμενον,
1243 2943 1354 2995 εἴτε
1400 2942 1559 3012 φόνος
1593 2942 1676 3012 εἴη
1707 2942 1768 2994 τὸ

174 3032 591 3105 πλημμέλημα,
641 3035 751 3087 εττε
804 3051 858 3088 τι
905 3034 1032 3089 ἄλλο
1088 3033 1197 3086 τῶν
1248 3033 1657 3105 ἀπειρημένων,
1706 3031 1766 3085 τὺ

176 3127 314 3179 αὐτὸ
345 3125 504 3179 τοῦτο
532 3128 598 3197 τῇ
628 3126 829 3197 ἐφεξῆς
867 3125 1033 3180 καλὸν
1074 3121 1216 3220 εἷναι
1256 3123 1554 3194 νομίσειεν.
1583 3124 1645 3176 Εἰ
1671 3119 1765 3177 οὖν
1792 3161 1836 3220 C

174 3221 239 3273 τὸ
272 3219 446 3272 κακὸν
474 3219 563 3272 ἀεὶ
590 3218 832 3272 τοιοῦτόν
865 3220 1034 3282 ἐστιν,
1065 3219 1122 3271 ὲν
1155 3211 1310 3288 ᾧπερ
1340 3217 1405 3270 ἂν
1431 3218 1609 3289 Χρόνῳ
1628 3217 1767 3287 τύχη

175 3311 549 3382 τολμώμενον,
577 3311 673 3364 καὶ
699 3311 758 3364 τὸ
785 3309 1100 3374 ἀνεύθυνον,
1131 3310 1257 3363 οὐδὲ
1284 3309 1351 3363 ἂν
1375 3309 1587 3378 γένοιτο
1618 3308 1769 3379 παρά

175 3406 272 3458 τὸν
294 3404 487 3476 χρόνον
518 3402 839 3456 ὑπεύθυνον.
874 3403 936 3455 Εί
958 3403 1140 3456 τοίνυν
1155 3402 1216 3455 τὸ
1246 3402 1353 3473 πρὸ
1369 3401 1462 3454 τοῦ
1487 3400 1766 3454 Σαδϐάτου

177 3493 616 3568 φρυγανίζεσθαι
653 3495 750 3548 καὶ
779 3493 961 3566 πυρὰν
1004 3495 1220 3554 ἅπτειν,
1254 3493 1359 3557 ἐξω
1397 3492 1610 3555 ἀδικίας
1651 3491 1769 3545 ἐστὶ

185 3588 286 3641 καὶ
333 3587 613 3650 κολάσεως
640 3603 655 3617 ο
708 3587 804 3640 καὶ
861 3585 981 3650 πῶς
1037 3587 1097 3638 τὸ
1148 3586 1281 3638 αὐτὸ
1329 3584 1488 3638 τοῦτο
1540 3584 1768 3654 ἐπιούσῃ

179 3681 370 3752 ἡμέρᾳ
399 3679 780 3750 πλημμέλημα
801 3678 1012 3748 γίνεται
1034 3697 1048 3745 ;
1093 3677 1233 3730 Ἀλλ’
1259 3673 1377 3730 οἶδα
1402 3677 1462 3729 τὸ
1493 3675 1770 3730 Σάϐϐατον

178 3774 286 3844 τῆς
318 3772 704 3836 ἀναπαύσεως,
753 3767 872 3825 οἴδα
913 3770 1005 3823 τὸν
1031 3771 1131 3840 τῆς
1169 3769 1445 3841 ἀπραξίας
1487 3769 1672 3840 νόμον,
1713 3767 1771 3831 ὃς

180 3867 305 3936 οὐχὶ
331 3867 574 3938 πεδήσας
602 3865 694 3918 τὸν
737 3864 1024 3936 ἄνθρωπον
1057 3864 1156 3934 τῆς
1187 3863 1420 3933 φυσικῆς
1465 3861 1767 3932 ἐνεργείας,

179 3959 468 4030 ἄπρακτον
492 3955 630 4012 εἶναι
649 3956 1044 4012 διακελεύεται.
1081 3957 1144 4009 Et
1175 3956 1284 4028 γὰρ
1313 3955 1379 4010 ἂν
1412 3955 1506 4008 καὶ
1535 3955 1772 4008 ἀδύνατα

181 4049 422 4112 κελεύει,
451 4051 754 4122 ἀπρακτεῖν
803 4049 1165 4120 προστάσσων
1207 4050 1362 4119 ἡμῖν,
1404 4043 1485 4111 οἷς
1530 4049 1625 4102 καὶ
1651 4047 1774 4117 δίχα

182 4139 297 4192 τῶν
345 4138 552 4192 λοιπῶν
585 4139 786 4211 ἔργων,
827 4139 960 4193 αὐτὸ
1003 4139 1064 4192 τὸ
1101 4141 1198 4208 τῆς
1236 4138 1382 4209 ζωῆς
1431 4135 1570 4202 εἶδος
1615 4137 1774 4208 ἔργον

181 4231 335 4284 ἐστίν
360 4247 372 4258 ·
408 4230 700 4302 ὀφθαλμῶν
735 4231 833 4302 μὲν
863 4233 896 4302 ἡ
926 4231 1068 4300 ὄψις,
1099 4231 1268 4300 ἀκοῆς
1294 4231 1351 4283 δὲ
1376 4233 1410 4301 ἡ
1439 4231 1579 4284 κατὰ
1615 4231 1774 4299 φύσιν

183 4324 463 4395 ἐθέργεια,
504 4325 800 4394 μυκτήρων
834 4324 890 4376 δὲ
923 4325 956 4392 ἠ
986 4323 1271 4393 ὄσφρησις,
1315 4322 1582 4392 στόματος
1615 4324 1649 4393 ή
1681 4321 1775 4375 τοῦ

182 4419 351 4489 ἀέρος
377 4415 534 4488 ὁλκὴ,
560 4416 814 4487 γλώσσης
843 4420 872 4470 ὁ
899 4416 1076 4485 λόγος,
1107 4416 1320 4470 ὀδοῦσιν
1358 4418 1392 4487 ὴ
1434 4418 1640 4488 τροφῆς
1673 4417 1777 4468 ὐπ-

1860 544 2096 599 alienum
2145 547 2376 612 auferat,
2425 557 2484 603 ut
2525 549 2649 618 jure
2697 552 2946 607 videatur
2983 557 3164 624 puniri
3213 556 3463 636 injuria“

1862 638 1955 693 sed
1991 639 2135 707 quod
2166 650 2252 694 est
2284 643 2649 696 communiter
2679 645 2932 701 omnibus
2961 648 3326 716 propositum,
3359 661 3438 706 est

1861 730 1911 784 ei
1939 746 2126 794 causa,
2157 741 2214 785 ut
2243 735 2294 786 in
2326 749 2449 786 eum
2483 734 2759 802 jaciantur
2790 737 3016 807 lapides.
3053 739 3159 794 Sed
3187 741 3314 810 quia
3339 741 3442 796 hoc

1865 819 1994 874 fecit
2031 823 2082 874 in
2113 819 2375 881 Sahbato.
2408 832 2691 893 propterea
2717 826 3013 880 damnatur
3041 837 3299 898 tanquam
3332 847 3442 884 ma-

1864 914 2075 968 leficus.
2113 914 2249 982 Quis
2280 917 2476 979 nescit,
2520 919 2664 987 quod
2695 935 2882 974 eorum
2913 938 3035 992 qua:
3071 923 3208 978 liunt
3244 941 3442 980 unum-

1863 1008 2140 1078 quodque,
2177 1011 2397 1078 propria
2445 1010 2726 1077 judicatur
2774 1021 2990 1076 natura,
3041 1015 3184 1069 sitne
3236 1015 3440 1070 bonum

1864 1114 1932 1152 an
1961 1101 2206 1154 malum?
2232 1101 2468 1170 Tempus
2491 1111 2671 1156 autem
2700 1102 2755 1157 in
2782 1119 2890 1173 quo
2917 1105 2976 1158 ﬁt
3001 1107 3164 1169 actio,
3192 1105 3444 1162 conside-

1864 1199 2016 1245 ratur
2044 1200 2198 1246 extra
2235 1193 2356 1260 ejus
2383 1193 2527 1262 quod
2557 1193 2617 1247 tit
2640 1203 2914 1249 naturam.
2945 1195 3085 1261 Quid
3115 1199 3260 1252 enim
3289 1214 3441 1252 eom-

1866 1297 2030 1334 mune
2077 1282 2240 1336 habet
2288 1282 2551 1351 temporis
2599 1284 2859 1353 spatium,
2916 1300 3041 1340 cum
3093 1301 3159 1342 eo
3202 1288 3347 1358 quod
3376 1305 3443 1344 ex

1867 1382 2059 1428 nostro
2088 1373 2259 1428 libero
2295 1375 2573 1445 peragitur
2604 1375 2832 1431 arbitrio
2851 1377 2877 1431 ?
2915 1375 2972 1431 Si
3000 1378 3126 1447 quis
3155 1394 3256 1434 nos
3291 1389 3446 1451 roget

1867 1465 1997 1532 quid
2035 1465 2107 1519 sit
2130 1466 2272 1527 dies,
2309 1467 2478 1522 solem
2511 1482 2635 1522 esse
2668 1483 2835 1536 super
2862 1475 3065 1524 terram
3096 1471 3322 1525 omnino
3352 1487 3441 1526 re-

1869 1557 2286 1626 spondebimus,
2330 1566 2384 1613 et
2417 1574 2574 1614 mane
2599 1568 2654 1614 et
2684 1575 2967 1631 vesperam
2998 1569 3302 1619 statuemus
3324 1564 3446 1632 ejus

1867 1662 1991 1702 esse
2020 1664 2352 1705 mensuram.
2386 1650 2510 1706 llaec
2533 1663 2714 1708 autem
2745 1653 2849 1707 diei
2879 1655 3020 1707 ratio
3047 1669 3154 1708 non
3180 1663 3446 1724 congruet

1873 1741 1962 1794 uni
2002 1741 2101 1796 soli
2136 1757 2200 1796 ex
2246 1742 2314 1797 iis
2357 1743 2449 1812 qui
2479 1745 2773 1799 volvuntur
2798 1759 2895 1814 per
2934 1745 3196 1800 ambitum
3234 1747 3444 1802 hebdo-

1865 1830 2058 1893 madae,
2091 1833 2185 1888 sed
2211 1844 2262 1887 et
2291 1835 2452 1904 primi
2498 1844 2553 1890 et
2591 1835 2840 1901 secundi,
2893 1847 2946 1892 et
2976 1853 3152 1908 usque
3174 1839 3240 1892 ad
3272 1839 3446 1908 septi-

1864 1939 2012 1976 mum
2045 1925 2233 1980 eadem
2257 1934 2340 1981 est
2366 1927 2526 1992 ratio,
2557 1943 2736 1998 neque
2758 1929 2877 1984 dies
2894 1927 3118 1984 Sabbati
3142 1930 3443 2002 quidquam

1863 2014 2044 2068 diﬂ‘ert
2071 2031 2102 2069 a
2131 2018 2346 2073 caeteris
2380 2018 2432 2072 in
2461 2033 2528 2074 eo
2551 2019 2696 2090 quod
2729 2019 2802 2074 sit
2828 2020 2966 2074 dies.
3013 2018 3070 2074 Si
3106 2021 3233 2091 quis
3261 2029 3444 2078 autem

1863 2107 2196 2162 examinabit
2224 2110 2367 2179 quod
2401 2110 2505 2165 sibi
2545 2111 2661 2165 vult
2692 2120 2997 2181 peccatum,
3045 2111 3296 2168 dicemus
3325 2127 3445 2168 om-

1863 2200 1996 2254 nino
2031 2200 2164 2254 nihil
2195 2202 2375 2258 lacere
2402 2212 2594 2258 contra
2631 2204 2965 2274 proximum,
3014 2213 3074 2260 ut
3112 2203 3270 2260 «Non
3306 2222 3444 2262 mm-

1864 2292 2138 2359 chaheris,
2178 2311 2282 2348 non
2313 2296 2555 2360 occides,
2593 2311 2702 2350 non
2753 2296 3080 2362 furaberis,»
3119 2305 3176 2353 et
3209 2305 3442 2354 caetera:

1865 2399 2096 2454 quorum
2126 2385 2211 2439 lex
2235 2392 2320 2439 est
2341 2387 2611 2456 generalis
2641 2390 2694 2441 in
2728 2403 2786 2442 se
2807 2387 3018 2457 singula
3047 2388 3444 2459 complectens,

1864 2487 1917 2530 et
1948 2476 2000 2529 id
2041 2477 2188 2546 quod
2233 2476 2422 2532 datum
2453 2486 2537 2534 est
2579 2491 2913 2550 praaceptum
2957 2479 3218 2551 diligendi
3253 2481 3445 2551 proxi-

1866 2584 2013 2622 mum
2043 2568 2399 2638 utseipsum,
2426 2569 2542 2624 haec
2569 2571 2836 2640 quotidie,
2863 2586 2961 2626 seu
2985 2581 3136 2627 recte
3165 2580 3221 2627 et
3242 2587 3307 2628 ex
3334 2573 3449 2628 vir-

1867 2651 2002 2722 t'ute,
2037 2675 2131 2714 seu
2160 2668 2354 2714 contra
2386 2660 2531 2730 leges
2555 2661 2708 2723 ﬁant,
2749 2669 2844 2715 aut
2877 2669 3004 2716 sunt
3031 2663 3256 2718 omnino
3277 2663 3446 2727 bona,

1866 2757 1961 2804 aut
1993 2750 2373 2820 intelliguntur
2394 2765 2518 2806 esse
2545 2753 2846 2806 contraria.
2877 2752 3050 2807 Nemo
3083 2761 3266 2808 autem
3298 2753 3448 2825 quod

1868 2840 2071 2894 malum
2109 2849 2194 2894 est
2235 2840 2402 2896 hodie
2439 2840 2770 2911 judicatum,
2821 2848 2876 2897 et
2907 2857 3006 2913 pro
3051 2842 3254 2898 delicto
3293 2843 3452 2899 habi-

1870 2940 2015 2994 tum,
2058 2947 2156 2985 seu
2183 2931 2384 2995 caedes,
2436 2947 2532 2986 seu
2563 2933 2862 3002 quidquam
2893 2933 3042 2988 aliud
3089 2935 3449 3006 prohibitum,

1868 3023 1970 3076 hoc
2024 3023 2204 3094 ipsum
2247 3024 2337 3079 die
2372 3025 2622 3096 sequenti
2661 3026 2865 3080 bonum
2910 3041 3034 3082 esse
3065 3037 3119 3082 et
3159 3027 3452 3084 honestum

1869 3115 2166 3170 censuerit.
2202 3115 2260 3170 Si
2291 3132 2423 3187 ergo
2449 3117 2652 3170 malum
2700 3124 2786 3172 est
2819 3117 3153 3187 hujusmodi,
3197 3137 3452 3192 quocun-

1870 3222 1976 3276 que
2003 3216 2247 3278 tempore
2271 3207 2628 3263 admittatur:
2665 3218 2720 3264 et
2749 3209 2804 3263 id
2829 3211 2973 3280 quod
2999 3219 3086 3266 est
3109 3212 3245 3267 nulli
3279 3214 3452 3284 culpa:

1870 3300 2048 3366 aliine,
2109 3317 2177 3355 ne
2216 3299 2332 3355 ﬁeri
2367 3301 2587 3372 quidem
2637 3309 2822 3372 potest
2871 3310 2931 3357 ut
2978 3312 3202 3374 propter
3235 3315 3454 3376 tempus

1871 3390 2092 3461 aliquod
2131 3392 2205 3446 sit
2239 3393 2456 3448 crimini
2503 3393 2827 3448 obnoxium.
2866 3393 2924 3448 Si
2958 3410 3088 3465 ergo
3134 3403 3262 3452 ante
3315 3395 3450 3452 Sab-

1872 3487 2058 3542 hatum
2089 3489 2236 3558 ligna
2281 3489 2561 3560 colligere.
2591 3495 2646 3542 et
2672 3503 2864 3560 rogum
2895 3489 3220 3554 accendere,
3254 3498 3341 3546 est
3384 3491 3454 3546 ab

1870 3580 2164 3650 iniquitate
2191 3589 2483 3644 remotum,
2521 3595 2624 3636 nec
2654 3589 2740 3636 est
2768 3581 3106 3652 puniendum
3131 3599 3147 3638 :
3183 3587 3454 3654 quomodo

1875 3674 1978 3728 hoc
2003 3675 2182 3744 ipsum
2213 3675 2444 3729 eliicitur
2474 3674 2734 3731 delictum
2765 3676 2855 3730 die
2878 3678 3165 3746 sequenti?
3185 3677 3454 3734 Caeterum

1874 3768 1999 3822 novi
2037 3765 2338 3823 Sabbatum
2375 3769 2596 3837 quietis,
2649 3771 2775 3825 novi
2826 3771 2998 3840 legem
3046 3771 3183 3826 nihil
3234 3774 3455 3842 agendi,

1875 3873 1996 3925 qua:
2028 3873 2134 3910 non
2173 3859 2389 3929 alligata
2427 3861 2668 3917 hominis
2688 3864 2927 3917 naturali
2959 3864 3298 3934 operatione,
3329 3882 3456 3921 eum

1870 3947 2024 4014 jubet
2051 3947 2185 4002 nihil
2215 3965 2392 4018 agere.
2428 3949 2485 4004 Si
2521 3953 2666 4006 enim
2693 3951 2848 4022 jubet
2882 3970 3004 4023 qua:
3034 3955 3148 4009 fieri
3180 3971 3288 4010 non
3325 3972 3453 4026 pos-

1875 4049 2028 4105 sunt,
2057 4041 2260 4111 jubens
2292 4059 2393 4099 nos
2423 4043 2560 4100 nihil
2592 4059 2775 4116 agere,
2813 4048 3014 4116 quibus
3058 4050 3220 4104 etiam
3251 4051 3459 4121 absque

1878 4133 2096 4187 caeteris
2125 4136 2386 4203 operibus
2419 4137 2600 4208 ipsum
2632 4138 2757 4192 vita
2795 4153 2969 4208 genus
2997 4149 3080 4195 est
3113 4157 3286 4211 opus:
3328 4158 3459 4198 ocu-

1877 4227 2054 4282 lorum
2085 4229 2306 4298 quidem
2337 4231 2512 4292 visus,
2547 4234 2761 4284 aurium
2793 4239 2973 4287 autem
3003 4248 3068 4288 ea
3100 4251 3222 4303 qua:
3248 4243 3332 4290 est
3377 4251 3462 4290 se-

1879 4319 2120 4374 cundum
2162 4331 2418 4374 naturam
2451 4322 2717 4391 operatio,
2751 4325 2966 4378 narium
3005 4341 3135 4379 vero
3176 4326 3460 4388 odoratus,

1879 4411 1993 4464 oris
2024 4412 2165 4466 aeris
2197 4419 2488 4474 attractus,
2524 4412 2724 4481 linguae
2753 4431 2955 4478 sermo,
2987 4415 3244 4471 dentibus
3275 4418 3460 4471 nutri-

183 4509 407 4582 τιρεσία,
445 4509 770 4578 σπλάγχνων
809 4509 843 4578 ὴ
873 4508 1061 4577 πέψις,
1091 4509 1304 4579 ποσὶνή
1331 4509 1564 4578 κίνησις,
1592 4510 1769 4578 χερσὶν

1885 4504 2050 4556 menti
2082 4503 2508 4568 administratio,
2550 4507 2856 4561 visceribus
2879 4510 3189 4571 concoctio,
3234 4510 3462 4578 pedibus

183 4605 374 4657 ἐκεῖνα
401 4602 537 4675 πρὸς
563 4601 600 4655 ὃ.
627 4603 869 4670 πέφυκεν
885 4603 1017 4672 ἡμῖν
1039 4603 1281 4669 ἐνεργεῖν
1306 4600 1480 4655 ταῦτα
1511 4601 1579 4654 τά
1616 4601 1772 4671 μέλη.

186 4694 314 4758 Πῶς
345 4690 444 4747 οὖν
485 4693 600 4747 ἐστι
645 4694 866 4746 δυνατὸν
898 4693 1213 4764 κυρωθῆναι
1242 4693 1335 4745 τὸν
1364 4694 1464 4763 τῆς
1495 4690 1774 4762 ἀπραξίας

185 4786 355 4856 νόμον
400 4785 460 4838 ού
491 4785 962 4856 παραδεχομένοις
993 4786 1092 4855 τὴν
1135 4784 1336 4856 ἀργίαν
1375 4784 1475 4852 τῆς
1522 4784 1777 4852 φύσεως;

186 4877 317 4940 Πῶς
351 4876 528 4930 πείσω
572 4876 664 4929 τὸν
704 4875 984 4946 ὀφθαλμὸν
1021 4877 1094 4946 μὴ
1125 4877 1256 4946 ὁρᾷν
1287 4878 1348 4928 ἐν
1385 4874 1650 4945 Σαεὸάτῳ
1674 4913 1690 4938 ,
1717 4867 1779 4928 οὗ

188 4966 355 5035 φύσις
386 4966 506 5018 ἐστὶ
549 4964 612 5017 τὸ
633 4965 850 5028 πάντως
873 4983 925 5018 τι
960 4965 1178 5034 βλέπειν
1204 4982 1220 5022 :
1253 4964 1375 5027 Πῶς
1399 4965 1496 5035 τὴν
1522 4965 1778 5018 ἀκουστι-

190 5055 294 5122 κὴν
321 5054 536 5125 ἐπίσχω
564 5053 846 5126 ἐνέργειαν
872 5071 886 5118 ;
924 5054 1048 5118 Πῶς
1080 5054 1274 5124 πεισθῇ
1310 5055 1455 5126 μοιή
1507 5054 1775 5122 ὄσφρησις

189 5147 292 5218 τὴν
340 5144 737 5216 ἀντιληπτικὴν
779 5145 1036 5215 αἴσθησιν
1089 5145 1198 5198 τῶν
1243 5144 1433 5214 ἀτμῶν
1479 5142 1779 5196 ἀποθέσθαι

192 5237 340 5290 κατὰ
360 5236 422 5289 τὸ
438 5235 716 5289 Σάϐὃατον
737 5237 892 5298 ςΠῶς
917 5235 974 5288 δὲ
993 5236 1188 5289 οὐκένε
1197 5236 1387 5306 ργὴσει
1409 5233 1475 5287 τὰ
1498 5234 1782 5303 σπλάγχνα

192 5329 294 5399 τὴν
319 5328 454 5381 ἰδίαν
482 5328 781 5399 ἐνέργειαν,
823 5327 902 5397 τῷ
929 5327 1080 5397 νόμῳ
1103 5325 1443 5386 δουλεύοντα,
1471 5323 1612 5377 ὥστε
1645 5325 1783 5378 άπεο

195 5441 330 5477 πτον
373 5422 473 5492 τὴν
510 5421 716 5492 τροφὴν
761 5400 1020 5490 ἐμμεῖναι
1056 5417 1134 5486 τῷ
1183 5417 1418 5488 σώματι,
1471 5417 1560 5471 ἵνα
1605 5418 1782 5488 ἀργὴν

193 5514 348 5589 δείξῃ
371 5515 472 5587 τὴν
501 5513 665 5582 φύσιν
698 5512 842 5566 κατά
871 5513 932 5564 τὸ
971 5511 1287 5577 Σά66ατον;
1326 5513 1388 5564 Et
1429 5511 1494 5582 δὴ
1525 5512 1591 5564 τὰ
1622 5512 1785 5566 λοιπά

195 5607 294 5660 τοῦ
329 5604 582 5676 σώματος
610 5603 767 5675 ἡμῶν
787 5605 848 5657 οὺ
887 5601 1108 5656 δύναται
1135 5602 1390 5666 δέξασθαι
1427 5603 1517 5656 τὸν
1552 5606 1650 5675 τῆς
1684 5605 1785 5675 ἀρ-

197 5699 329 5768 γίας
357 5697 524 5767 νόμον
570 5695 718 5764 (ούδέ
751 5693 859 5764 γάρ
888 5694 1025 5756 ὅλως
1049 5694 1108 5751 ἐν
1140 5696 1206 5764 τῇ
1251 5692 1363 5765 ζωῇ
1395 5693 1548 5747 ἔσται
1595 5692 1666 5745 τὰ
1706 5693 1783 5765 μὴ

196 5786 570 5860 ἰνεργοῦντα),
592 5787 692 5840 οὐκ
716 5786 829 5838 ἔστι
852 5786 1067 5848 πάντως
1082 5784 1141 5837 τὸ
1161 5785 1234 5855 μὴ
1253 5784 1700 5856 παρανομηθῆναι
1724 5787 1785 5839 τὸ

534 5886 806 5944 Parnm.
851 5884 967 5942 (in.
1018 5883 1233 5942 XLIV.

1885 4603 2089 4654 motus.
2127 4596 2381 4651 manibus
2419 4611 2482 4650 ea
2514 4613 2635 4667 qua:
2675 4607 2734 4652 ut
2770 4599 2861 4654 illa
2893 4601 3134 4653 membra
3165 4616 3464 4671 operaren-

1884 4692 1974 4737 tur
1998 4685 2156 4739 nobis
2189 4701 2218 4738 a
2249 4697 2444 4740 natura
2475 4697 2558 4744 est
2603 4690 2849 4744 insitum.
2881 4690 3166 4755 Quomodo
3188 4706 3318 4762 ergo
3347 4692 3465 4747 ﬁeri

1883 4786 2080 4846 potest,
2115 4787 2172 4832 ut
2198 4781 2331 4833 nihil
2357 4780 2554 4850 agendi
2582 4781 2665 4834 lex
2695 4782 3073 4856 confirmetur,
3111 4782 3155 4834 si
3180 4790 3240 4836 ut
3267 4791 3464 4837 natura

1883 4869 1955 4921 sit
1985 4870 2161 4922 otiosa
2202 4869 2426 4924 minime
2462 4870 2844 4926 admittimus?
2893 4871 3178 4938 Quomodo
3232 4888 3466 4942 persua-

1881 4957 2021 5011 debo
2053 4959 2214 5011 oculo
2242 4975 2309 5013 ne
2336 4959 2517 5014 videat
2563 4960 2827 5023 Sabbato,
2862 4961 3022 5028 cujus
3058 4970 3252 5016 natura
3287 4971 3374 5017 est
3406 4971 3466 5016 ut

1883 5065 2100 5120 seraper
2126 5051 2333 5120 aliquid
2368 5052 2633 5121 aspiciat?
2670 5052 2955 5118 Quomodo
2987 5053 3242 5108 audiendi
3273 5055 3466 5109 sistant

1884 5139 2257 5207 operationem
2283 5141 2305 5192 ?
2337 5139 2624 5205 Quomodo
2647 5156 2677 5194 a
2705 5157 2791 5199 me
2817 5143 3237 5211 persuadeliitur
3270 5144 3470 5198 odora-

1887 5232 1988 5292 tui,
2042 5241 2103 5286 ut
2143 5233 2382 5303 deponat
2420 5249 2644 5288 sensum
2676 5234 2770 5303 qui
2800 5235 3163 5304 apprehendit
3197 5236 3470 5305 vapores?

1887 5322 2008 5390 Quo
2035 5333 2196 5394 pacto
2223 5333 2404 5380 autem
2430 5341 2539 5379 non
2558 5326 2894 5381 exercebunt
2917 5328 3128 5382 viscera
3160 5342 3316 5381 suam
3346 5342 3471 5397 ope-

1888 5420 2182 5483 rationem,
2235 5420 2338 5489 legi
2371 5419 2685 5485 servientia,
2729 5419 2802 5473 ita
2843 5428 2900 5473 ut
2949 5423 3222 5474 incoctum
3253 5431 3472 5476 maneat

1891 5511 1946 5563 in
1982 5527 2211 5580 corpore
2257 5511 2676 5574 nutrimentum,
2733 5523 2792 5566 ut
2837 5511 2893 5567 in
2932 5511 3170 5567 Sabbato
3219 5521 3472 5567 naturam

1891 5602 2145 5658 ostendat
2175 5602 2456 5658 otiosam?
2487 5598 2547 5655 Si
2579 5602 2762 5672 itaque
2791 5604 3016 5675 reliqua:
3063 5613 3244 5673 partes
3272 5618 3469 5674 corpo-

1896 5697 1971 5750 ris
1996 5695 2167 5750 nostri
2196 5711 2304 5750 non
2331 5702 2559 5764 possunt
2584 5696 2866 5767 suscipere
2894 5697 3066 5766 legem
3096 5695 3228 5749 nihil
3253 5692 3470 5765 agendi.

1895 5802 2069 5856 neque
2103 5787 2248 5842 enim
2295 5788 2523 5843 omnino
2555 5788 2676 5842 viva
2715 5795 2875 5842 erunt
2909 5802 3029 5857 quae
3079 5801 3186 5838 non
3240 5798 3470 5853 operan—

3075 5879 3151 5936 23
