3846 6220
420 329 525 383 7l5

1654 333 1724 390 S.‘
1741 325 2074 388 GREGOBII
2104 326 2396 386 NYSSENI

3562 337 3659 393 7l6

419 457 545 498 tur:
582 444 698 500 ﬁeri
735 460 842 500 non
880 451 1060 516 potest
1090 454 1150 501 ut
1180 451 1405 504 omnino
1448 463 1558 504 non
1591 452 1826 508 violetur
1859 450 1987 504 Sab-

2102 449 2397 515 Σάϐϐατον,
2414 451 2516 505 κάν
2534 452 2789 524 ἀκίνητος
2810 455 2841 526 ή
2865 454 2983 525 χεὶρ
3006 454 3038 525 ἢ
3063 453 3090 506 ὁ
3112 453 3243 518 ποῦς
3265 455 3356 508 ὲπὶ
3376 455 3471 509 τοῦ
3499 454 3660 514 αὐτοῦ

415 537 624 599 batum,
657 537 872 591 etiamsi
903 552 999 608 pes
1029 548 1122 593 aut
1144 554 1340 597 manus
1364 550 1578 596 maneat
1607 543 1900 598 immobilis
1933 543 1986 595 in

416 632 604 683 eadetn
647 630 815 698 ﬁgura
844 639 897 684 et
927 631 1118 685 eodem
1163 633 1304 687 loco.
1345 634 1480 688 Cum
1510 652 1640 706 ergo
1672 652 1779 689 nun
1826 635 1988 690 alicui

417 721 582 789 parti,
618 721 711 775 sed
758 723 854 776 toti
889 723 1096 778 homini
1127 726 1209 780 lex
1261 728 1370 782 lata
1414 729 1504 791 sit,
1567 746 1670 784 non
1722 745 1788 783 eo
1819 731 1988 798 magis

419 810 552 862 nihil
587 820 808 880 agentes
839 827 935 882 per
964 829 1132 867 unum
1167 831 1231 868 ex
1267 818 1524 872 membris
1553 820 1721 887 legem
1751 818 1992 873 servabi-

419 920 562 967 mus,
601 908 644 958 si
683 907 908 974 reliquis
950 923 1210 962 sensuum
1262 911 1638 966 instrumentis
1689 909 1987 966 secundum

419 1005 669 1050 naturam
705 1007 1016 1066 operantes,
1051 1001 1320 1056 violemus
1350 1003 1495 1070 quod
1517 1002 1735 1072 jussum
1761 1011 1865 1057 est.
1893 1001 1988 1054 At-

417 1090 510 1158 qui
542 1091 624 1144 lex
653 1089 778 1144 data
813 1099 896 1145 est
926 1091 1220 1160 divinitus;
1258 1093 1392 1147 nihil
1430 1101 1608 1169 autem
1645 1109 1834 1147 eorum
1871 1108 1992 1163 qua:

419 1197 450 1234 a
487 1181 598 1236 Deo
625 1183 912 1250 jubentur,
949 1193 1034 1237 est
1075 1185 1369 1254 ejusmodi,
1413 1194 1470 1239 ut
1497 1185 1568 1239 sit
1607 1197 1804 1255 praeter
1829 1193 1991 1239 natu-

419 1289 558 1338 ram,
606 1283 700 1328 aut
751 1276 822 1330 sit
855 1286 1008 1330 extra
1050 1278 1316 1330 rationem
1349 1277 1588 1333 virtutis.
1623 1277 1777 1344 Quod
1809 1285 1990 1332 autem

417 1367 631 1420 ratione
657 1375 806 1420 caret
835 1368 1028 1428 otium,
1055 1383 1162 1422 non
1190 1376 1274 1422 est
1299 1371 1490 1422 virtus.
1521 1368 1883 1435 Quaerendum
1909 1381 1993 1425 est

416 1474 546 1528 ergo
581 1459 707 1529 quid
738 1460 841 1514 sibi
877 1461 991 1514 vult
1031 1469 1357 1530 praeceptum
1385 1462 1479 1515 otii
1514 1461 1758 1518 Sabbati.

488 1551 619 1605 Dico
653 1552 832 1620 itaque
855 1551 1142 1621 cujuslibet
1167 1553 1298 1622 legis
1325 1568 1355 1606 a
1386 1551 1496 1608 Deo
1522 1555 1660 1610 datae
1684 1572 1848 1612 unum
1873 1576 1994 1617 esse

419 1658 670 1712 scopum,
705 1653 763 1696 ut
800 1659 829 1696 a
863 1645 980 1696 vitii
1011 1659 1173 1712 opere
1204 1643 1390 1698 mundi
1423 1645 1533 1699 sint
1572 1649 1666 1718 qui
1701 1649 1873 1720 legem
1901 1667 1994 1706 ac-

418 1743 699 1804 ceperunt,
751 1747 804 1790 et
841 1737 925 1790 lex
965 1737 1144 1790 omnis
1175 1752 1296 1804 qua:
1322 1738 1488 1791 vetita
1535 1739 1807 1808 prohibet,
1837 1742 1990 1812 jubet

419 1801 811 1883 sabbatismum
845 1843 1005 1897 agere
1030 1843 1059 1882 a
1097 1801 1255 1884 malis
1293 1801 1571 1899 operibus.
1614 1829 1726 1885 lloc
1760 1801 1888 1886 sunt
1917 1843 1992 1888 ta-
2018 1801 2062 1858 Β

419 1919 578 1983 bulas,
609 1919 710 1973 hoc
748 1917 985 1973 Levitica
1030 1921 1360 1984 observatio,
1410 1919 1513 1974 hoc
1545 1921 1690 1990 quod
1739 1934 1992 1980 accurate

417 2005 677 2060 traditum
711 2014 796 2060 est
839 2006 892 2060 in
935 2005 1374 2074 Deuterouomio,
1414 2015 1473 2062 ut
1501 2011 1661 2064 otiosi
1693 2011 1887 2076 simus,
1937 2023 1992 2066 et

416 2095 553 2146 nihil
585 2108 810 2164 agamus
855 2094 1089 2159 illorum,
1124 2110 1355 2164 quorum
1387 2109 1525 2166 opus
1570 2107 1654 2152 est
1683 2097 1893 2154 vitium.
1932 2097 1988 2154 Si

417 2200 546 2254 ergo
572 2185 644 2238 ita
682 2187 765 2240 lex
805 2187 1103 2255 accipiatur
1129 2196 1186 2240 ut
1213 2187 1374 2240 homo
1405 2189 1476 2241 sit
1503 2188 1713 2244 otiosus
1748 2189 1802 2244 in
1835 2192 1987 2254 vitio,

417 2293 516 2347 ego
555 2293 772 2347 quoque
815 2280 1088 2333 assentior
1140 2281 1440 2349 sapientem
1478 2279 1842 2336 Ecclesiasten
1891 2281 1991 2335 ad-

416 2387 612 2426 versus
643 2388 766 2426 eum
799 2373 891 2441 qui
921 2388 1019 2426 sua
1062 2373 1205 2437 ligna
1234 2373 1457 2441 colligit,
1501 2375 1834 2430 constituere
1859 2382 1990 2428 tem-

416 2477 518 2530 pus
543 2462 609 2516 ad
633 2461 946 2528 iaciendum
980 2465 1208 2533 lapides,
1246 2473 1470 2535 propter
1501 2464 1645 2535 quod
1670 2467 1992 2535 prohibetur

417 2556 670 2609 collectio
725 2565 1124 2610 sarmentorum
1179 2558 1316 2619 vitii,
1377 2573 1497 2626 qua!
1541 2560 1871 2628 colliguntur
1922 2559 1988 2612 ad

417 2649 701 2702 materiam
734 2648 843 2719 igni
875 2649 1350 2718 suppeditanilam.
1385 2648 1487 2704 Sed
1512 2652 1556 2705 si
1596 2652 1739 2704 nuda
1775 2661 1990 2705 maneat

417 2739 618 2804 littera,
666 2755 774 2795 non
825 2741 986 2797 video
1013 2741 1470 2812 quemadmodum
1502 2743 1557 2796 in
1613 2743 1730 2813 lege
1760 2743 1988 2814 cogitari

415 2835 591 2902 possit
638 2833 781 2902 quod
832 2833 942 2889 Deo
973 2833 1198 2905 dignum
1243 2835 1333 2889 sit.
1372 2833 1676 2889 Videndum
1727 2843 1810 2889 est
1859 2850 1990 2904 ergo

417 2925 640 2993 quinam
671 2925 782 2979 sint
832 2925 1057 2994 lapides,
1099 2927 1190 2996 qui
1223 2926 1488 2981 adversus
1518 2941 1642 2978 eum
1683 2925 1986 2994 jaciuntur,

416 3032 486 3071 ne
506 3015 933 3086 colligendorum
953 3026 1355 3071 sarmentorum
1376 3016 1620 3072 studium
1647 3017 1807 3071 linem
1827 3033 1988 3072 suum

2089 544 2363 613 σχήματός
2378 561 2436 596 τε
2453 544 2548 598 καὶ
2568 545 2731 597 τόπου
2752 545 2905 615 μένῃ.
2934 545 3084 597 Ἐπεὶ
3103 541 3195 598 οὖν
3219 546 3337 616 ούχὶ
3357 547 3517 617 μέρει
3534 551 3656 609 τινὶ,

2089 635 2204 687 ἀλλ’
2227 633 2333 704 ὅλῳ
2354 639 2528 688 κεῖται
2555 635 2631 704 τῷ
2667 634 2936 705 ἀνθρώπῳ
2958 635 3139 701 νόμος,
3161 636 3221 688 ού
3254 637 3455 706 μᾶλλον
3487 638 3661 708 ἀπρα-

2091 725 2343 789 κτοῦντες
2377 727 2446 778 δι’
2470 727 2587 788 ἐνὸς
2613 726 2721 777 τῶν
2749 727 2923 795 μελῶν
2945 726 3104 795 νόμον
3129 726 3454 794 φυλάξομεν,
3482 731 3532 780 εί
3556 731 3663 789 τοῖς

2090 813 2300 877 λοιποῖς
2359 815 2734 886 αἰσθητηρίοις
2774 817 2915 868 κατὰ
2971 815 3130 884 φύσιν
3176 816 3558 886 ἐνεργοῦντες,
3604 817 3666 869 τὸ

2091 907 2432 977 προσταχθὲν
2451 907 2664 978 παραλύ
2674 923 2872 976 σωμεν.
2905 905 3067 958 ’Λλλὰ
3092 907 3198 977 μὴν
3222 905 3406 958 θεόθεν
3426 906 3626 974 ὀνόμος
3644 924 3661 938 ο

2089 998 2243 1051 οὐδὲν
2276 999 2333 1052 δὲ
2378 998 2487 1052 τῶν
2521 1001 2668 1069 παρὰ
2707 999 2842 1052 Θεοῦ
2889 999 3370 1070 προσταττομένων
3398 999 3668 1050 τοιοῦτονο

2090 1090 2253 1142 οἱονεὶ
2285 1090 2437 1158 παρὰ
2475 1089 2636 1158 φύσιν
2661 1086 2823 1151 εἶναι,
2854 1090 2886 1159 ἢ
2913 1089 3018 1153 ἔξω
3039 1089 3130 1142 τοῦ
3158 1091 3276 1142 κατ’
3318 1091 3522 1162 ἀρετὴν
3550 1090 3661 1142 δεί-

2091 1180 2320 1234 κνυσθαι
2352 1179 2612 1248 λόγου.Ἡ
2641 1181 2697 1234 δὲ
2720 1183 2912 1248 άλογος
2951 1181 3137 1248 ἀργία,
3169 1182 3334 1252 ἀρετὴ
3362 1183 3462 1235 ούκ
3494 1181 3662 1234 ἔστιν.

2089 1273 2284 1340 Ζητεῖν
2311 1274 2420 1344 ἄρα
2447 1277 2710 1343 προσήκει
2740 1274 2792 1325 τί
2815 1272 3062 1343 βούλεται
3081 1273 3142 1326 τὸ
3166 1273 3532 1346 παράγγελμα
3562 1275 3666 1345 τῆς

2092 1363 2186 1416 τοῦ
2218 1365 2500 1418 Σαϐϐάτου
2533 1365 2754 1437 ἀργίας.

2160 1551 2306 1621 Φημὶ
2333 1550 2511 1604 τοίνυν
2539 1549 2651 1619 ἐγὼ
2680 1550 2859 1621 πάσης
2888 1549 3206 1620 νομοθεσίας
3235 1550 3335 1619 τῆς
3363 1549 3551 1602 θεόθεν
3574 1565 3672 1616 γει

2093 1642 2399 1712 γενημένης
2440 1643 2535 1696 ἕνα
2581 1641 2781 1695 σκοπὸν
2812 1637 2968 1705 εἶναι,
3001 1640 3062 1695 τὸ
3089 1640 3415 1710 καθαρεύειν
3451 1640 3532 1710 τῷ
3567 1642 3670 1710 τῆς

2096 1733 2294 1795 κακίας
2337 1733 2481 1803 ἔργῳ
2528 1734 2653 1795 τοὺς
2700 1730 3046 1803 δειξαμένους
3083 1731 3175 1783 τὸν
3214 1731 3393 1799 νόμον,
3428 1731 3524 1783 καὶ
3557 1733 3666 1792 πᾶς

2091 1826 2253 1894 νόμος
2281 1825 2310 1877 ὁ
2336 1825 2402 1877 τά
2431 1825 2778 1896 ἀπειρημένα
2805 1823 3025 1877 κωλύων
3048 1821 3390 1886 σαϐϐατίζειν
3421 1823 3533 1874 ἀπὸ
3557 1823 3669 1875 τῶν

2093 1915 2341 1988 πονηρῶν
2361 1915 2536 1985 ἔργων
2564 1915 2952 1970 διακελεύεται.
2976 1914 3146 1967 Τοῦτο
3171 1915 3228 1966 αί
3256 1912 3477 1978 πλάκες,
3507 1913 3670 1966 τοῦτο

2091 2008 2126 2079 ή
2157 2007 2411 2076 Δευῖτικὴ
2447 2007 2844 2076 παρατήρησις,
2875 2003 3031 2057 τοῦτο
3068 2006 3102 2074 ή
3152 2004 3211 2056 ἐν
3237 2001 3315 2074 τῷ
3342 2005 3670 2074 Δευτερονο-

2094 2096 2201 2168 μίῳ
2245 2095 2515 2168 ἀκρίϐεια,
2543 2096 2604 2149 τὸ
2629 2097 2832 2168 ἀργοὺς
2858 2097 3004 2167 ήμᾶς
3032 2096 3127 2148 καὶ
3173 2094 3488 2165 ἀπράκτους
3523 2095 3665 2149 ὲκεί-

2088 2204 2194 2240 νων
2224 2181 2380 2253 εἶναι,
2407 2180 2480 2242 ὧν
2508 2187 2570 2242 τὺ
2595 2187 2753 2260 ἔργον
2779 2187 2948 2243 κακία
2977 2185 3143 2243 ἐστίν.
3174 2187 3238 2241 Εἰ
3271 2186 3369 2258 μὲν
3404 2181 3498 2241 οιῖιν
3526 2186 3670 2242 σῦτω

2089 2296 2172 2341 τις
2208 2279 2541 2351 ἐκλαμϐάνει
2569 2281 2659 2334 τὸν
2698 2282 2879 2351 νόμον,
2915 2279 3084 2351 ἀργὸν
3124 2281 3181 2333 ὲν
3209 2280 3378 2351 κακίιτ⁵
3407 2276 3553 2333 εἶναι
3578 2280 3671 2334 τὸν

2091 2370 2394 2440 ἄνθρωπον,
2431 2372 2582 2441 κάγὼ
2615 2374 2900 2444 συντίθημι
2929 2373 3019 2426 τὸν
3050 2373 3210 2442 σοφὸν
3234 2372 3670 2442 Ἐκκλησιαστὴν

2091 2464 2231 2518 κατὰ
2260 2465 2353 2518 τοῦ
2388 2466 2520 2532 ξύλα
2551 2463 2744 2520 ἑαυτοῦ
2775 2467 3116 2536 συνάγοντος,
3143 2465 3332 2536 καιρὸν
3355 2467 3567 2537 ὁρίζειν
3593 2468 3673 2530 εἰς

2089 2554 2150 2607 τὸ
2185 2555 2399 2626 βάλλειν
2423 2555 2623 2620 λίθους,
2644 2556 2711 2610 δι’
2733 2557 2791 2609 ὃν
2822 2549 3144 2627 κωλύεταίή
3178 2555 3410 2626 συλλογὴ
3437 2557 3547 2609 τῶν
3571 2555 3671 2625 τῆς

2091 2648 2288 2710 κακίας
2321 2648 2633 2719 φρυγάνων,
2659 2649 2766 2702 τῶν
2797 2651 2876 2712 είς
2897 2647 3066 2719 πυρὸς
3100 2647 3230 2718 ὓλην
3262 2645 3667 2717 συναγομένων.

2091 2739 2154 2791 Ei
2201 2739 2256 2793 δὲ
2299 2739 2522 2810 ψιλότης
2566 2740 2871 2812 παραμένει
2914 2739 2992 2809 τῷ
3049 2739 3352 2810 γράμματι,
3407 2741 3511 2792 ούκ
3559 2737 3675 2792 οἶδα

2090 2832 2236 2895 ὅπως
2282 2831 2342 2884 τὸ
2379 2831 2682 2903 θεοπρεπὲς
2727 2835 2783 2884 tv
2820 2830 2897 2902 τῷ
2934 2831 3084 2902 νόμῳ
3117 2831 3410 2898 λογίσαιτο.
3458 2829 3674 2883 Οὐκοῦν

2091 2925 2307 2992 νοητέον
2333 2927 2457 2988 τοὺς
2485 2922 2666 2987 λίθους
2701 2923 2845 2986 τίνες
2878 2923 3016 2975 εἰσὶν
3057 2923 3107 2974 οἱ
3133 2923 3272 2976 κατὰ
3301 2920 3397 2974 τοῦ
3423 2921 3673 2974 τοιούτου

2094 3015 2432 3086 βαλλόμενοι,
2487 3016 2573 3068 ἵνα
2618 3015 2692 3086 μὴ
2741 3017 2820 3078 είς
2862 3013 3012 3078 τέλος
3041 3014 3286 3082 ἀφίκοιτο
3336 3014 3370 3083 ή
3411 3015 3546 3084 περὶ
3585 3015 3676 3066 τὸν

418 3117 761 3178 assequatur.
792 3109 889 3163 Sin
923 3117 1101 3162 autem
1129 3109 1270 3177 ligna
1299 3119 1445 3171 sunt,
1479 3123 1574 3178 per
1599 3124 1718 3178 quae
1739 3110 1880 3178 ignis
1901 3124 1987 3161 ar-

2094 3106 2468 3177 φρυγανισμδν
2518 3106 2743 3177 σπουδή.
2789 3106 2852 3158 El
2895 3105 2952 3159 δὲ
2980 3105 3048 3158 τὰ
3084 3103 3213 3168 ξύλα
3258 3103 3326 3158 δι’
3356 3097 3434 3158 ὧν
3465 3105 3532 3158 τὸ
3565 3104 3676 3176 πῦρ

415 3199 566 3253 debit
590 3200 638 3254 ei
669 3199 760 3269 qui
787 3200 1082 3270 collegerit,
1114 3208 1241 3254 sunt
1270 3209 1449 3254 autem
1484 3215 1548 3253 ea
1603 3201 1826 3254 omnino
1852 3203 1986 3256 satis

416 3293 564 3343 clara
592 3290 639 3343 ei
672 3291 762 3358 qui
797 3297 1071 3359 utcunque
1099 3307 1320 3346 sensum
1360 3292 1636 3348 induxerit
1659 3297 1983 3366 mysticum:

416 3383 643 3450 pulchre
670 3383 814 3436 enim
851 3382 1184 3452 Apostolus‘
1209 3383 1374 3454 ligna,
1407 3385 1664 3453 stipulam
1690 3395 1744 3438 et
1779 3384 1984 3446 fenum,

418 3475 618 3526 malum
665 3477 910 3528 nominat
952 3474 1262 3538 aedilicium,
1323 3484 1613 3546 propterea
1669 3478 1813 3547 quod
1861 3477 1986 3532 talia

415 3565 641 3619 aedilicia
695 3566 829 3620 liunt
880 3567 1017 3636 ignis
1049 3567 1100 3620 in
1155 3575 1397 3635 tempore
1441 3568 1654 3636 judicii,
1710 3578 1764 3622 et
1803 3571 1988 3625 sterile

417 3665 751 3712 sarmentum
808 3657 916 3728 igni
956 3659 1130 3712 solum
1181 3674 1303 3713 esse
1347 3667 1531 3729 aptum
1580 3663 1984 3731 pronuntiavit:

416 3759 469 3803 et
501 3750 674 3819 palea,
721 3750 894 3818 inquit
929 3763 1026 3802 vox
1059 3747 1360 3819 Evangelii,
1409 3761 1634 3821 paratur
1676 3752 1788 3820 igni
1821 3771 1833 3806 :
1867 3768 1988 3820 pcr-

416 3841 661 3910 spicuum
692 3849 797 3907 est,
843 3842 984 3910 quod
1028 3841 1170 3910 ligna
1198 3857 1318 3910 quae
1351 3842 1416 3896 ad
1449 3843 1628 3912 ignem
1664 3845 1984 3898 struendum

415 3933 767 4002 colliguntur,
813 3941 941 3986 sunt
991 3932 1171 3985 inania
1221 3932 1382 4000 hujus
1412 3932 1537 3986 vita:
1572 3933 1774 3993 studia.
1834 3934 1988 4002 isque

413 4029 500 4076 est
531 4023 705 4092 quiin
737 4030 978 4091 tempore
1030 4023 1331 4092 percutitur
1381 4022 1676 4093 lapidibus.
1725 4041 1884 4096 quem
1941 4026 1985 4079 si

415 4116 541 4186 quis
598 4115 924 4168 intellexerit
961 4128 1079 4168 eam
1134 4130 1255 4183 qua:
1300 4114 1366 4168 ad
1400 4117 1541 4168 mala
1591 4131 1859 4186 propensa
1903 4125 1988 4171 est

414 4206 820 4278 cogitationem,
869 4204 916 4259 is
957 4220 988 4258 a
1027 4220 1192 4274 scopo
1232 4207 1454 4260 minime
1501 4207 1857 4261 aberraverit.
1893 4206 1989 4263 Est

415 4306 596 4352 autem
631 4299 853 4351 omnino
881 4295 1312 4365 intelligendum,
1348 4297 1493 4368 quod
1527 4314 1647 4368 qua:
1673 4300 1862 4354 vitium
1897 4317 1990 4370 pe-

414 4389 1026 4452 rimuutcogitationes,
1060 4403 1137 4442 ea:
1168 4397 1296 4442 sunt
1331 4388 1556 4458 lapides,
1587 4391 1677 4460 qui
1707 4393 1774 4444 ab
1802 4390 1981 4446 Eccle-

2091 3198 2489 3270 ἐκκαυθήσεται
2531 3198 2612 3268 τῷ
2652 3197 3000 3267 συνειλοχότι,
3031 3196 3245 3258 πάντως
3279 3195 3335 3248 δὲ
3365 3196 3468 3249 ούκ
3504 3196 3679 3267 ἄδηλα

2089 3291 2281 3352 ταῦτα,
2313 3288 2391 3360 τῷ
2419 3291 2513 3343 καὶ
2538 3288 2783 3343 ὁπωσοῦν
2821 3288 3077 3359 μυστικὸν
3107 3287 3440 3356 ὲπαγαγόντι
3474 3287 3672 3358 λόγον·

2088 3377 2123 3452 ἦ
2145 3381 2252 3452 γὰρ
2283 3379 2461 3442 καλῶς
2488 3383 2517 3434 ὁ
2544 3378 2863 3441 Ἀπόστολος
2887 3377 3039 3442 ξύλα,
3069 3377 3320 3448 καλάμην
3351 3379 3448 3434 καὶ
3477 3379 3674 3449 χόρτον

2087 3476 2185 3540 τὴν
2231 3471 2468 3544 πονηρὰν
2504 3469 2788 3542 οἰκοδομὴν
2833 3469 3107 3540 ὀνομάζει,
3147 3470 3280 3522 διότι
3325 3469 3396 3522 τά
3437 3471 3679 3524 τοιαῦτα

2088 3565 2494 3636 οἰκοδομήματα
2536 3566 2594 3618 tv
2634 3561 2711 3632 τῷ
2752 3562 2850 3633 τῆς
2894 3561 3128 3634 κρίσεως
3181 3560 3357 3632 καιρῷ
3410 3561 3529 3633 πῦρ
3594 3563 3674 3630 γί-

2089 3675 2260 3718 νεται,
2299 3658 2391 3710 καὶ
2447 3655 2508 3709 τὸ
2570 3655 2789 3726 ἄχυρον,
2847 3653 3012 3724 φησὶν
3097 3653 3132 3724 ή
3186 3651 3279 3705 τοῦ
3329 3652 3676 3721 Εύαγγελίου

2089 3750 2261 3820 φωνὴ,
2298 3749 2431 3822 πυρὶ
2481 3748 2850 3819 ὲτοιμάζεται,
2884 3749 2978 3800 καὶ
3027 3745 3126 3818 τὴν
3158 3746 3405 3817 ἄκαρπον
3453 3745 3679 3818 κλημα-

2089 3843 2227 3906 τίδα,
2274 3843 2417 3912 μόνῳ
2468 3839 2682 3894 εὔθετον
2719 3839 2798 3910 τῷ
2837 3839 2972 3910 πυρὶ⁸
3004 3839 3350 3908 ἀπεφήνατο·
3399 3837 3567 3907 δῆλον
3611 3839 3684 3893 ἂν

2089 3935 2193 4001 εἴη,
2225 3933 2306 3984 ὅτι
2350 3930 2482 3995 ξύλα
2509 3931 2657 3983 ἐστὶν
2709 3931 2788 3993 είς
2837 3927 3005 4002 πυρὸς
3038 3926 3395 3999 παρασκευὴν
3441 3929 3683 3997 συναγό-

2092 4042 2246 4096 μενα,
2276 4024 2344 4076 τὰ
2390 4023 2593 4092 μάταια
2637 4019 2731 4073 τοῦ
2778 4019 2892 4090 βίου
2922 4017 3346 4088 ἐπιτηδεύματα,
3377 4034 3474 4071 κα.
3518 4010 3680 4083 οὗτός

2087 4119 2234 4168 ἐστιν
2274 4117 2301 4167 ὁ
2333 4117 2389 4167 tv
2423 4113 2601 4184 καιρῷ
2632 4116 2742 4175 τοῖς
2777 4111 2942 4172 λίθοις
2987 4109 3331 4180 βαλλόμενος,
3365 4111 3542 4180 ὅνπερ
3582 4111 3684 4163 τὸν

2088 4210 2167 4271 εἰς
2197 4207 2264 4260 τὰ
2296 4205 2438 4260 κακὰ
2467 4205 2702 4277 ῥέποντα
2731 4202 2986 4272 λογισμόν
3013 4219 3095 4265 τις
3123 4203 3342 4270 νοήσας,
3371 4201 3472 4269 οὐχ
3497 4201 3686 4272 ἀμάρ-

2088 4316 2169 4353 τοι
2197 4297 2290 4351 τοῦ
2321 4297 2546 4359 δέοντος.
2575 4295 2693 4368 Χρὴ
2725 4295 2780 4347 δὲ
2819 4295 3036 4356 πάντως
3061 4295 3202 4346 νοεῖν
3239 4293 3319 4344 ὅτι
3349 4293 3401 4344 οἱ
3444 4293 3684 4362 ἀναιρε-

2087 4391 2231 4444 τικοὶ
2273 4391 2371 4460 τῆς
2419 4389 2618 4452 κακίας
2655 4387 2926 4458 λογισμοὶ,
2978 4379 3124 4439 οὗτοί
3177 4386 3314 4437 εἰσιν
3345 4385 3399 4436 οί
3434 4384 3580 4437 λίθοι
3627 4385 3684 4438 οἱ

415 4477 584 4533 siaste
639 4476 806 4531 funda
864 4484 1012 4531 recte
1065 4475 1365 4544 iaciuntur,
1416 4493 1554 4547 quos
1600 4495 1815 4549 semper
1845 4482 1982 4533 mitti

2092 4483 2357 4553 εὐστόχως
2407 4481 2512 4535 ὑπὸ
2560 4479 2652 4534 τοῦ
2715 4475 3139 4549 Ἐκκλησιαποῦ
3198 4475 3685 4545 σφενδονούμενοι,

417 4579 632 4640 oportet
660 4580 713 4624 et
733 4569 934 4638 colligi.
969 4567 1104 4622 Mitti
1138 4569 1356 4638 quidem
1390 4570 1456 4622 ad
1482 4585 1604 4625 eum
1631 4571 1984 4627 evertendum

415 4662 510 4732 qui
537 4669 732 4716 contra
758 4662 921 4715 vitam
949 4669 1191 4715 nostram
1217 4661 1480 4729 erigitur;
1511 4663 1690 4733 colligi
1717 4671 1895 4718 autem
1918 4664 1984 4717 ad

415 4755 543 4820 hoc,
569 4760 631 4806 ut
661 4753 854 4806 anima:
883 4759 1086 4806 nostra!
1119 4752 1275 4808 sinus
1299 4755 1490 4822 plenus
1519 4755 1590 4809 sit
1621 4755 1689 4809 iis
1715 4770 1986 4825 praepara-

414 4847 506 4911 tis,
541 4854 600 4898 ut
636 4843 703 4897 ad
734 4858 953 4896 manum
1001 4843 1072 4897 sit
1101 4843 1247 4913 quod
1281 4843 1384 4913 jaci
1423 4844 1592 4913 possit
1639 4845 1693 4898 in
1725 4845 1984 4901 adversa-

414 4937 576 5003 rium,
605 4936 652 4991 si
680 4935 897 5006 quando
923 4936 1078 4989 aliter
1107 4936 1260 4990 nobis
1289 4935 1451 4991 fuerit
1474 4936 1779 4993 insidiatus.
1832 4938 1988 4993 l‘nde

413 5042 547 5098 ergo
561 5026 879 5096 colligemus
896 5024 1104 5092 lapides
1124 5025 1322 5092 quibus
1350 5025 1629 5079 inimicum
1653 5026 1991 5080 obruamus?

413 5117 609 5172 Audivi
636 5116 977 5186 prophetiam
1007 5115 1276 5170 dicentem
1301 5135 1315 5170 :
1361 5134 1379 5166 ι
1400 5115 1632 5188 Lapides
1657 5121 1835 5174 sancti
1870 5122 1988 5175 vol-

415 5219 619 5264 vuntur
641 5223 806 5278 super
852 5215 1054 5260 terram
1077 5208 1120 5260 ⁸.
1157 5226 1176 5260 ι
1215 5206 1253 5260 li
1284 5215 1463 5262 autem
1497 5218 1646 5272 sunt,
1675 5227 1795 5280 qua:
1835 5226 1865 5264 a
1903 5212 1991 5266 di-

415 5301 620 5354 vinitus
638 5299 900 5367 inspirata
921 5297 1203 5368 Scriptura
1231 5297 1296 5352 ad
1322 5313 1422 5354 nos
1443 5301 1604 5353 verba
1629 5301 1983 5368 descendunt,

416 5405 538 5459 quae
574 5389 830 5459 colligere
872 5395 1088 5456 oportet
1128 5390 1182 5442 in
1227 5389 1352 5443 sinu
1385 5389 1598 5454 animm,
1640 5401 1697 5445 ut
1745 5394 1800 5447 in
1847 5402 1985 5448 tem-

418 5495 548 5550 pore
581 5480 652 5535 iis
679 5489 896 5534 utamur
944 5480 1208 5534 adversus
1252 5495 1348 5535 eos
1386 5481 1482 5550 qui
1511 5492 1639 5535 sunt
1669 5484 1828 5539 nobis
1864 5501 1984 5540 mo-

417 5569 575 5624 Iesti:
611 5585 844 5640 quorum
875 5577 958 5624 est
981 5569 1117 5624 adeo
1135 5568 1575 5640 pulcherjactus,
1606 5579 1663 5627 ut
1694 5580 1749 5628 et
1768 5573 1979 5630 hostem

493 5747 556 5797 δι
588 5749 710 5800 Ου’.
736 5765 811 5809 ιιι,
845 5751 922 5800 l2.
1001 5753 1020 5782 ⁸
1055 5751 1218 5804 Zttt-h.
1251 5767 1328 5814 lx,
1365 5753 1449 5808 16.

2093 4575 2186 4638 οὓς
2231 4575 2316 4628 ἀεὶ
2348 4575 2442 4626 καὶ
2474 4571 2787 4642 πέμπεσθαι
2827 4571 2952 4641 χρὴ.
2986 4569 3080 4622 καὶ
3123 4567 3481 4633 συνάγεσθαι·
3528 4567 3685 4638 πέμ-

2094 4667 2289 4719 πεσθαι
2338 4664 2438 4734 μὲν
2480 4664 2560 4726 είς
2605 4661 2922 4732 καθαίρεσιν
2948 4659 3041 4713 τοῦ
3087 4658 3227 4712 κατὰ
3261 4656 3362 4725 τῆς
3395 4659 3689 4730 ἡμετέρας

2093 4760 2238 4829 ζωῆς
2269 4756 2606 4827 ὑψουμένου·
2653 4753 2982 4821 συνάγεσθαι
3013 4751 3092 4815 δὲ,
3126 4751 3205 4812 είς
3243 4749 3302 4802 τὸ
3343 4748 3438 4801 ἀεὶ
3488 4749 3689 4822 πλήρη

2093 4843 2230 4901 εἶναι
2278 4847 2370 4900 τὸν
2424 4846 2520 4916 τῆς
2551 4845 2729 4914 ψυχῆς
2774 4843 2972 4896 κόλπον
3015 4840 3123 4893 τῶν
3178 4836 3437 4892 τοιούτων
3489 4855 3689 4912 παρα-

2095 4939 2323 5004 σκευῶν,
2356 4938 2495 4992 ὦστε
2527 4936 2816 5009 πρόχειρον
2849 4930 2988 4987 εἷναι
3011 4932 3152 4986 κατὰ
3184 4928 3279 4983 τοῦ
3339 4930 3549 5003 ἐχθροῦ
3581 4932 3689 5002 τὴν

2094 5029 2273 5102 βολήν,
2299 5029 2480 5082 είποτε
2499 5026 2673 5088 άλλως
2706 5025 2806 5094 τὴν
2837 5020 3133 5093 καθ’ήμῶν
3162 5017 3454 5088 ἐπιϐουλὴν
3483 5021 3686 5091 ἐννοή-

2093 5139 2258 5175 σειεν.
2290 5120 2459 5174 Πόθεν
2490 5113 2583 5172 οὖν
2614 5116 3007 5184 συναγάγωμεν
3033 5111 3213 5174 λίθους
3239 5104 3321 5173 οἷς
3348 5110 3444 5162 τὸν
3475 5111 3691 5184 ἐχθρὸν

2091 5211 2528 5281 καταχώσωμενς
2563 5210 2808 5260 Ἤκουσα
2857 5205 2957 5273 τῆς
2996 5202 3332 5274 προφητείας
3379 5202 3687 5273 εἰπούσης,

2088 5315 2106 5347 ι
2147 5296 2300 5351 Λιθοι
2339 5295 2484 5364 ᾰγιοι
2523 5292 2793 5348 κυλίονται
2832 5294 2926 5346 ἐπὶ
2953 5293 3054 5364 τῆς
3085 5293 3209 5364 γῆς.
3251 5312 3270 5345 ι
3305 5287 3467 5348 Οὗτοι
3522 5296 3575 5349 δ’
3612 5297 3686 5354 ἂν

2085 5383 2194 5441 εἷεν
2218 5385 2324 5440 ἀπὸ
2350 5388 2446 5457 τῆς
2465 5383 2826 5438 θεοπνεύστου
2858 5385 3081 5455 Γραφῆς
3102 5387 3184 5448 είς
3213 5387 3358 5456 ἡμᾶς
3388 5389 3691 5453 statim;

2085 5479 2255 5548 λόγοι,
2272 5477 2364 5541 οὓς
2389 5477 2494 5549 χρὴ
2521 5479 2846 5545 συναγαγεῖν
2868 5478 2926 5531 tv
2950 5475 3030 5547 τῷ
3055 5480 3153 5549 τῆς
3173 5476 3352 5549 ψυχῆς
3375 5479 3598 5553 κόλπῳ,
3617 5482 3690 5536 ἵν’

2091 5573 2148 5624 ἐν
2171 5567 2346 5641 καιρῷ
2376 5567 2517 5622 κατὰ
2539 5567 2648 5623 τῶν
2671 5566 2982 5623 λυπούντων
3006 5566 3357 5642 χρησώμεθα,
3390 5564 3469 5625 ὧν
3485 5576 3523 5644 ἡ
3549 5573 3688 5645 βολὴ
