3846 6220
183 383 293 441 717

1205 377 1274 433 ιΝ
1314 376 1848 436 ECCLESIASTEN.
1887 377 2173 436 HOMILIA
2215 381 2323 436 ΥΠ.

3329 388 3431 441 ’ῑυτ

184 495 332 550 οὕτω
373 493 536 564 καλὴ,
580 493 674 548 καὶ
703 494 919 564 ἀναιρεῖ
958 492 1047 545 τὸν
1079 491 1358 562 πολέμιον,
1411 492 1506 546 καὶ
1533 491 1632 560 τῆς
1666 490 1761 544 τοῦ

1865 490 2202 557 interimant,
2231 500 2286 548 et
2315 493 2385 548 ab
2410 489 2532 562 ejus
2559 489 2653 562 qui
2679 489 2816 560 jaclt
2847 503 3011 545 manu
3041 501 3151 542 non
3175 499 3410 556 separeh

185 588 473 660 βάλλοντος
503 585 684 656 χειρὸς
712 585 772 638 οὐ
809 583 1112 654 χωρίζεται.
1161 586 1218 638 Ὀ
1251 585 1362 654 γὰρ
1396 582 1474 652 τῷ
1502 582 1635 653 λίθῳ
1665 583 1762 652 τῆς

187 678 544 747 σωφροσύνης
589 674 939 728 καταϐάλλων
998 673 1091 727 τὸν
1139 672 1437 726 ἀκόλαστον
1482 670 1758 740 λογισμὸν,

183 767 278 820 τὸν
305 767 392 820 διὰ
419 765 528 819 τῶν
551 763 755 836 ἡδονῶν
770 765 868 828 τὰς
898 763 992 817 τοῦ
1023 764 1186 834 πυρὸς
1206 763 1336 826 ὔλας
1364 762 1762 834 φρυγανιζόμε-

185 874 298 918 νον,
345 856 600 909 κάκεῖνον
625 855 692 923 τῇ
721 851 849 922 βολῇ
897 850 1328 923 κατηγωνίσατο,
1356 852 1450 905 καὶ
1476 850 1561 903 διά
1583 849 1762 920 χειρὸς

187 949 274 1001 ἀεὶ
307 947 462 1018 φέρει
496 944 560 997 τὸ
602 943 784 997 ὅπλον.
832 941 990 996 Οὕτω
1033 942 1126 995 καὶ
1173 945 1206 1014 ἠ
1253 941 1564 1010 δικαιοσύνη
1614 941 1760 1003 λίθος

182 1035 329 1089 κατὰ
364 1035 462 1104 τῆς
510 1033 720 1096 ἀδικίας
757 1033 984 1101 γίνεται,
1021 1032 1277 1101 κάκείνην
1306 1032 1538 1102 ἀναιρεῖ,
1568 1030 1662 1083 καὶ
1703 1031 1760 1082 ἐν

183 1123 264 1194 τῷ
319 1125 504 1195 κόλπῳ
540 1123 632 1177 τοῦ
687 1122 1022 1195 προσεμένου
1070 1122 1412 1192 φυλάττεται.
1467 1121 1622 1175 Κατὰ
1669 1121 1759 1173 τὸν

181 1217 350 1271 αὑτὸν
380 1215 580 1287 τρόπον
621 1215 800 1269 πάντα
825 1214 960 1285 πρὸς
991 1214 1051 1266 τὸ
1078 1217 1321 1286 κρεῖττον
1354 1213 1634 1283 νοούμενα,
1663 1214 1758 1267 ἀν·

184 1309 441 1380 αιρετικὰ
470 1308 579 1362 τῶν
600 1307 856 1378 χειρόνων
887 1307 1114 1374 γίνεται,
1142 1305 1348 1358 καὶτοῦ
1376 1304 1760 1376 κατορθοῦντος

180 1400 284 1473 τὴν
309 1399 508 1471 ἀρετὴν
535 1399 596 1452 οὐ
629 1396 939 1468 χωρίζεται.
977 1397 1134 1450 Κατά
1163 1413 1220 1448 τε
1258 1395 1349 1447 τὸν
1377 1394 1639 1465 ἡμέτερον
1673 1393 1760 1446 λό-

182 1509 302 1561 γον,
337 1489 506 1554 οὕτως
541 1488 646 1560 χρὴ
672 1491 730 1542 ἐν
760 1487 935 1558 καιρῷ
964 1487 1144 1557 βαλεῖν
1175 1487 1298 1549 τοὺς
1341 1486 1539 1549 λίθους,
1580 1487 1672 1540 καὶ
1700 1487 1758 1538 ἐν

180 1581 364 1652 καιρῷ
419 1581 746 1648 συναγαγεῖν
795 1577 995 1641 λίθους,
1025 1577 1100 1641 ὡς
1134 1577 1229 1630 καὶ
1259 1576 1346 1628 ἀεὶ
1395 1577 1632 1646 πέμπειν
1665 1577 1760 1638 τὰς

180 1670 396 1740 ἀγαθὰς
426 1669 584 1740 βολὰς
627 1669 720 1722 ἐπὶ
756 1667 818 1720 τὸ
847 1665 1132 1719 καταλύειν
1169 1665 1236 1718 τά
1265 1665 1500 1736 χείρονα,
1533 1664 1626 1716 καὶ
1656 1681 1760 1733 μη-

1863 589 1970 638 tur.
2007 583 2113 649 Qui
2143 583 2289 638 enim
2318 583 2501 652 lapide
2534 581 2909 650 temperantiae
2939 577 3267 647 impudicam
3299 590 3424 646 pro-
3457 628 3462 637 ,

1864 676 2062 730 sternit
2102 675 2518 744 cogitationem,
2549 688 2671 742 quae
2707 687 2804 742 per
2833 671 3137 738 voluptates
3169 670 3424 723 sarmenti

1862 766 1972 837 igni
2006 767 2285 822 materiam
2311 765 2640 835 suppeditat,
2671 765 2815 818 illam
2843 763 2992 832 jactu
3022 771 3264 831 superat,
3289 769 3343 814 et
3371 761 3424 814 in

1860 872 2021 911 manu
2057 871 2271 926 semper
2307 855 2411 910 fert
2443 870 2618 909 arma.
2654 854 2734 908 ita
2754 855 2918 906 etiam
2946 852 3158 920 justitia
3194 850 3253 903 lit
3287 849 3426 918 lapis

1861 949 2126 1003 adversus
2165 947 2513 1016 injustitiam,
2545 947 2800 1014 illamque
2830 944 3068 1014 perimit,
3095 951 3148 997 et
3177 949 3428 997 servatur

1860 1040 1915 1093 in
1942 1041 2063 1094 sinu
2091 1040 2211 1108 ejus
2240 1041 2333 1108 qui
2378 1039 2619 1093 admisit.
2654 1038 2851 1092 Eodem
2899 1038 3061 1091 modo
3093 1038 3275 1090 omnia
3306 1052 3428 1106 quae

1859 1131 1927 1185 de
1975 1146 2040 1185 eo
2070 1132 2214 1200 quod
2255 1138 2340 1185 est
2389 1131 2586 1185 melius
2630 1129 3029 1198 intelliguntur,
3065 1136 3121 1182 et
3157 1129 3426 1182 deteriora

1859 1223 2157 1291 perimunt,
2187 1230 2241 1275 et
2264 1238 2372 1275 non
2407 1230 2734 1290 separantur
2757 1220 2826 1273 ab
2853 1235 2918 1272 eo
2939 1219 3030 1286 qui
3054 1235 3120 1272 ex
3149 1219 3347 1273 virtute
3369 1234 3428 1274 se

1859 1307 2015 1374 gerit.
2051 1305 2164 1360 Mea
2191 1306 2410 1376 quidem
2443 1307 2715 1360 sententia
2750 1313 2967 1374 oportet
2989 1304 3062 1357 ita
3098 1305 3150 1357 in
3181 1312 3428 1374 tempore.

1853 1399 2036 1467 jacere
2068 1399 2295 1468 lapides,
2326 1407 2380 1452 et
2406 1398 2459 1451 in
2487 1409 2730 1465 tempore
2757 1396 3012 1465 colligere
3042 1397 3267 1464 lapides,
3293 1405 3352 1450 ut
3374 1407 3429 1452 et

1860 1499 2074 1556 semper
2107 1485 2280 1540 bonos
2307 1487 2589 1540 mittamus
2620 1485 2826 1555 jactus,
2857 1485 2922 1538 ad
2956 1485 3286 1556 proﬂiganda
3308 1503 3429 1556 qua:

1859 1583 1988 1630 sunt
2015 1577 2306 1640 deteriora,
2335 1586 2390 1631 et
2419 1577 2576 1632 nobis
2606 1593 2882 1646 nunquam
2911 1576 3128 1631 deliciat
3159 1577 3427 1646 ejusmodi

1859 1681 2136 1722 armorum
2173 1669 2352 1739 copia.
2389 1669 2496 1735 Qui
2526 1678 2708 1724 autem
2736 1669 2996 1738 deinceps
3020 1669 3270 1738 sequitur
3302 1687 3427 1726 ver-

180 1761 378 1815 δέποτε
429 1762 576 1832 ἡμᾶς
627 1758 926 1811 ἐπιλείπειν
970 1756 1078 1810 τῶν
1123 1755 1376 1808 τοιούτων
1427 1754 1606 1808 ὃπλων
1658 1755 1756 1824 τὴν

1865 1759 2052 1813 borum
2081 1768 2390 1824 contextus,
2420 1760 2606 1816 deﬁnit
2633 1769 2846 1832 tempus
2875 1769 2930 1815 et
2953 1760 3424 1829 importunitatem

181 1821 482 1921 dchoviav:
518 1821 583 1902 Ἦ
629 1848 687 1902 δὲ.
723 1846 918 1916 ἐφεξῆς
971 1845 1112 1899 κατὰ
1152 1843 1213 1897 τὸ
1257 1844 1545 1897 ἀκόλουθον
1577 1821 1757 1911 ἐγκει-

1865 1848 2146 1919 cujusdam
2177 1849 2517 1920 complexus.

181 1945 327 2016 μένη
359 1943 537 2016 ῥῆσις,
579 1939 924 2012 περιλήψεώς
958 1957 1102 2003 τινος
1145 1938 1337 2012 καιρὸν
1369 1939 1464 1992 καὶ
1505 1936 1760 2010 ἀκαιρίαν

179 2036 452 2109 ὁρίζεται.

261 2127 415 2196 Ἔχει
442 2124 500 2178 δὲ
537 2125 570 2195 ἠ
607 2121 753 2186 λέξις
777 2119 951 2183 οὕτως
969 2137 984 2150 ·
1027 2138 1046 2171 t
1077 2119 1282 2192 Καιρδς
1307 2118 1400 2172 τοῦ
1429 2117 1758 2190 περιλαϐεῖν,

181 2220 281 2273 καί
306 2216 496 2288 καιρὸς
521 2214 614 2269 τοῦ
638 2213 1010 2286 μακρυνθῆναι
1038 2213 1145 2266 ἀπὸ
1167 2211 1525 2284 περιλήψεως.
1542 2233 1560 2264 ›
1576 2211 1763 2265 Ταῦτα

178 2309 241 2363 δέ
270 2309 374 2361 οὐκ
397 2307 462 2361 ἂν
492 2305 664 2369 άλλως
689 2305 896 2374 γένοιτο
923 2304 1054 2375 ἡμῖν
1089 2307 1376 2375 καταφανῆ
1401 2303 1468 2357 τά
1493 2306 1759 2374 νοήματα,

184 2399 265 2470 μὴ
297 2398 398 2469 τῆς
433 2396 630 2464 λέξεως
661 2395 922 2467 πρότερον
949 2395 1038 2448 διὰ
1070 2396 1168 2466 τῆς
1197 2396 1417 2468 Γραφῆς
1445 2395 1727 2468 νοηθείσης
1745 2413 1759 2427 ο

179 2489 327 2543 ὥστε
362 2486 612 2556 γενέσθαι
664 2486 822 2556 δῆλον
860 2487 1013 2556 ἡμῖν,
1067 2485 1158 2537 ἐπὶ
1203 2485 1345 2549 τίνος
1387 2479 1526 2538 οἶδεν
1570 2488 1597 2538 ὀ
1647 2485 1764 2538 θεό-

180 2595 450 2642 πνευστος
496 2577 650 2645 λόγος
697 2579 763 2647 τῇ
812 2579 961 2647 φωνῇ
1013 2575 1333 2647 κεχρῆσθαι.
1384 2579 1449 2629 Ὃ
1483 2577 1578 2647 μὲν
1615 2571 1707 2629 οὖν
1735 2577 1763 2628 ὁ

179 2671 364 2741 μέγας
391 2668 551 2722 Δαϐὶδ
581 2667 668 2720 διὰ
693 2666 920 2737 ψαλμῶν
951 2667 1265 2737 διεσήμανε,
1297 2668 1393 2720 καὶ
1422 2667 1519 2738 βοᾷ
1551 2665 1722 2734 λέγων
1744 2684 1759 2698 ·

184 2759 560 2815 «Κυκλώσατε
590 2757 746 2824 Σιὼν,
774 2759 866 2811 καὶ
891 2757 1217 2830 περιλάϐετε
1249 2759 1442 2828 αὐτήνο
1470 2777 1489 2809 ι
1513 2758 1674 2822 αὐτὸς
1706 2757 1763 2810 δὲ

176 2849 341 2917 οὗτος
374 2855 402 2906 ὁ
434 2851 702 2922 Σολομῶν,
750 2853 838 2903 ὅτε
881 2849 978 2921 τὴν
1025 2849 1326 2902 ἐνδιάθετον
1384 2847 1556 2901 ἐποίει
1605 2848 1766 2912 συζυ-

181 2948 313 3017 γίαν
344 2945 438 2999 τοῦ
467 2944 742 3018 ἐρωτικῶς
783 2943 918 3016 πρὸς
953 2943 1052 3015 τὴν
1095 2944 1287 3014 σοφίαν
1314 2943 1665 3005 διατεθέντος,
1696 2944 1766 2998 τά

176 3056 244 3091 τε
295 3037 432 3093 ἄλλα
465 3037 616 3108 φησὶ,
656 3037 722 3088 δι’
744 3029 819 3090 ὧν
865 3036 1070 3104 γίνεται
1102 3037 1231 3106 ἡμῖν
1259 3035 1398 3107 πρὸς
1431 3035 1529 3105 τὴν
1566 3035 1764 3106 ἀρετὴν

1932 2122 2023 2178 Sic
2049 2131 2227 2178 autem
2259 2124 2424 2178 habet
2450 2126 2840 2181 contextus:5.
2881 2145 2899 2177 ι
2919 2124 3158 2196 Tempus
3181 2134 3266 2181 est
3285 2141 3428 2181 como

1861 2214 2156 2286 plectendi,
2213 2223 2268 2269 et
2309 2223 2524 2286 tempus
2575 2225 2660 2272 est
2704 2217 2893 2286 procul
2924 2233 2982 2272 se
3027 2216 3338 2272 removendi
3391 2233 3426 2270 τι

1861 2308 2214 2378 complexu.»
2272 2304 2392 2360 Non
2441 2309 2550 2361 erit
2598 2317 2778 2364 autem
2829 2324 3026 2365 sensus
3069 2310 3229 2365 nobis
3272 2311 3429 2365 aliter

1860 2399 2066 2462 clarus,
2107 2414 2272 2470 quam
2331 2400 2377 2454 si
2411 2409 2702 2456 contextus
2745 2417 2842 2470 per
2892 2401 3231 2472 Scripturam
3266 2401 3431 2458 fuerit

1861 2491 2014 2560 prius
2043 2490 2373 2554 intellectus,
2406 2498 2466 2545 ut
2511 2491 2671 2546 nobis
2699 2491 2792 2546 ﬁat
2821 2493 3168 2562 perspicuum
3207 2493 3260 2546 in
3291 2509 3430 2563 quo-

1864 2596 1987 2633 nam
2030 2581 2295 2636 divinitus
2331 2581 2596 2649 inspirata
2643 2580 2924 2651 Scriptura
2981 2598 3114 2637 voce
3157 2584 3235 2637 uti
3269 2585 3430 2639 sciat.

1861 2670 2038 2739 Atque
2070 2686 2302 2738 magnus
2333 2671 2556 2741 quidem
2586 2669 2754 2724 David
2784 2671 2887 2725 hoc
2911 2673 2966 2726 in
3001 2671 3234 2726 Psalmis
3264 2673 3434 2742 signi-

1865 2763 2062 2816 licavit.
2097 2761 2308 2816 Clamat
2331 2762 2476 2816 enim
2508 2761 2699 2816 dicens
2725 2781 2739 2817 :
2779 2761 3168 2818 «Circumdate
3197 2761 3351 2831 Sion,
3377 2776 3434 2820 et

1863 2852 2288 2922 complectimini
2341 2867 2460 2906 eam
2486 2853 2559 2905 ⁸.»
2605 2851 2703 2906 Hic
2753 2852 2872 2923 ipse
2917 2861 3100 2908 autem
3150 2853 3436 2917 Salomon,

1864 2942 2082 3012 quando
2104 2941 2439 2995 intrinsecus
2465 2941 2696 3010 positam
2730 2939 2964 2995 faciebat
2991 2940 3428 3010 conjunctionem

1863 3034 1984 3104 ejus
2016 3034 2109 3104 qui
2138 3047 2323 3087 amore
2348 3041 2542 3103 captus
2569 3040 2686 3086 erat
2719 3030 3022 3101 sapientiae,
3055 3040 3109 3086 et
3137 3032 3244 3086 alia
3275 3032 3430 3092 dicit.

183 3131 476 3198 συνάφεια,
511 3129 606 3182 καὶ
632 3127 789 3180 τοῦτο
821 3129 1014 3195 ἐπάγει
1036 3143 1049 3156 °
1079 3145 1099 3176 ‹
1121 3126 1361 3198 Τίμησον
1391 3126 1579 3196 αὐτὴν,
1600 3127 1684 3178 ἵνα
1702 3143 1761 3178 σε

1865 3141 1961 3196 per
1987 3141 2108 3196 quae
2146 3124 2203 3179 ﬁt
2233 3125 2395 3180 nobis
2435 3139 2561 3178 cum
2610 3123 2814 3178 virtute
2844 3123 3180 3192 conjunctio,
3228 3132 3282 3179 et
3327 3123 3433 3177 hoc
3489 3177 3494 3182 .

182 3220 482 3294 περιλάϐῃ.
505 3239 524 3272 ι
562 3218 624 3272 Ei
650 3217 742 3274 οὖν
771 3219 935 3272 Δαϐὶδ
950 3217 1045 3288 τὴν
1065 3216 1200 3270 Σιὼν
1229 3219 1375 3288 ἡμᾶς
1393 3216 1762 3288 παρακελεύεο

181 3331 279 3368 ται
332 3313 794 3384 περιλαμϐάνεινο
828 3309 1083 3380 Σολομὼν
1129 3308 1186 3362 δὲ
1234 3310 1360 3372 τοὺς
1406 3309 1766 3378 τετιμηκότας

183 3405 290 3478 τὴν
326 3404 517 3472 σοφίαν
547 3407 676 3476 παρ’
705 3403 876 3474 αὐτῆς
915 3399 1032 3454 εἶπε
1070 3400 1590 3472 περιλαμϐάνεσθαι,
1626 3402 1766 3472 τάχα

182 3496 290 3564 τῆς
314 3493 695 3565 προσηκούσης
723 3493 931 3556 ἐννοίας
952 3492 1048 3562 οὐχ
1076 3491 1481 3563 ἁμαρτάνομεν,
1507 3490 1766 3562 μαθόντες

185 3586 250 3638 τὸ
282 3587 537 3656 πρᾶγμα,
587 3579 646 3639 οὒ
686 3583 941 3653 εὖκαιρός
973 3585 1118 3636 ἐστιν
1151 3584 1184 3652 ἡ
1217 3581 1524 3652 περίληψις.
1561 3583 1634 3634 Τὸ
1661 3583 1764 3653 γὰρ

186 3675 330 3730 Σιὼν
373 3677 498 3747 ὅρος
526 3675 643 3730 ἐστὶ
669 3674 1185 3747 τῆςιΊεροσολύμων
1217 3674 1392 3744 ἄκρας
1437 3675 1766 3745 ὑπερφαινό-

190 3786 376 3840 μενον.
433 3769 491 3822 '0
520 3765 612 3822 οὖν
649 3768 853 3838 ταύτην
889 3785 948 3821 σε
999 3767 1426 3839 περιλαμϐάνειν
1469 3768 1766 3838 προτρεπό-

192 3875 378 3929 μενος,
409 3860 475 3929 τῇ
507 3857 683 3929 ὑψηλῇ
716 3858 958 3928 πολιτείᾳ
986 3858 1206 3928 συμφυῆ
1231 3853 1366 3910 εἶναι
1403 3858 1768 3927 παρακελεύε-

186 3967 283 4003 ται
317 3949 458 4003 ὦστε
491 3951 571 4013 είς
615 3949 782 4018 αὐτὴν
814 3948 1017 4017 φθάσαι
1051 3947 1158 4000 τῶν
1205 3946 1412 4018 ἀρετῶν
1457 3947 1553 4018 τὴν
1600 3949 1766 4018 ἀκρό-

189 4040 369 4105 πολιν,
403 4040 468 4110 ἠν
496 4038 572 4110 τῷ
599 4039 820 4109 ὀνόματι
845 4037 984 4090 Σιὼν
1013 4036 1314 4108 παραδηλοῖ
1330 4036 1396 4089 δι’
1426 4035 1764 4105 αἰνίγματος.

201 4133 264 4185 Ὀ
317 4133 375 4186 δέ
423 4132 526 4202 τῆς
577 4132 767 4200 σοφίας
804 4129 1208 4192 ἑσσυνοικίζων,
1255 4127 1352 4198 τὴν
1386 4128 1514 4197 παρ’
1543 4127 1770 4190 ἐκείνοις

189 4223 472 4293 ἑπομένην
495 4221 786 4293 περίληψίν
813 4238 894 4274 σοι
930 4218 1359 4290 εὐαγγελίζεται.
1401 4218 1610 4272 Οὐκοῦν
1643 4236 1766 4272 και-

191 4315 290 4388 ρός
333 4315 452 4366 ἐστι
493 4311 630 4366 Σιὼν
677 4310 1121 4385 περιλαμϐάνειν,
1159 4311 1251 4363 καὶ
1293 4308 1397 4362 ὑπὸ
1435 4311 1535 4379 τῆς
1579 4309 1770 4377 σοφίας

192 4404 725 4476 περιλαμϐάνεσθαι,
756 4401 850 4457 τοῦ
888 4403 986 4474 μὲν
1018 4402 1283 4472 ὀνόματος
1309 4399 1446 4454 Σιὼν
1479 4400 1537 4454 τὸ
1568 4401 1770 4471 ὑψηλὸν

1864 3219 2163 3288 subjungit,
2208 3216 2428 3272 Honora
2468 3216 2664 3286 ipsam,
2715 3225 2776 3271 ut
2817 3225 2871 3271 te
2917 3218 3338 3286 complectatur.
3373 3215 3432 3270 Si

1864 3322 1993 3377 ergo
2019 3306 2186 3362 David
2213 3307 2370 3377 jubet
2405 3321 2507 3360 nos
2531 3304 2662 3360 Sion
2689 3306 3012 3376 complecti:
3048 3305 3305 3360 Salomon
3337 3321 3436 3360 au-

1865 3410 1972 3456 tem
2026 3401 2160 3456 dicit
2197 3416 2292 3456 eos
2332 3403 2424 3470 qui
2475 3401 2820 3454 bonorarunt
2860 3400 3208 3470 sapientiam,
3259 3400 3433 3470 ipsam

1866 3492 2154 3561 complecti
2179 3492 2222 3555 ",
2256 3507 2286 3544 a
2317 3491 2676 3546 conveniente
2716 3506 2880 3545 sensu
2911 3491 3048 3545 forte
3075 3506 3184 3544 non
3211 3489 3436 3544 aberra-

1867 3600 2009 3648 mus,
2069 3584 2115 3638 si
2168 3599 2279 3638 rem
2332 3582 2688 3638 didicerimus
2739 3583 2900 3650 cujus
2948 3590 3032 3637 est
3077 3581 3436 3651 tempestivus

1867 3675 2201 3743 complexus.
2241 3672 2370 3728 Sion
2419 3673 2564 3727 enim
2611 3688 2768 3727 mons
2797 3683 2882 3729 est
2913 3672 3434 3744 Hierosolymorum,

1865 3767 1958 3836 qui
1985 3781 2148 3835 super
2169 3780 2349 3819 arcem
2379 3767 2599 3819 eminet.
2627 3765 2728 3831 Qui
2747 3780 2877 3836 ergo
2898 3765 3221 3819 adhortatur
3239 3773 3297 3818 ut
3315 3780 3435 3820 eam

1869 3859 2270 3927 complectaris,
2305 3857 2461 3927 jubet
2489 3866 2547 3911 ut
2572 3857 2794 3912 sublimi
2827 3857 2953 3910 vitae
2975 3857 3196 3926 agenda:
3225 3857 3436 3910 ratione

1866 3951 2169 4012 coalescas,
2221 3957 2280 4004 ut
2313 3951 2602 4018 pervenias
2635 3949 2701 4002 ad
2730 3948 2901 4017 ipsam
2930 3962 3109 4002 arcem
3149 3948 3434 4011 virtutum,

1869 4055 2032 4110 quam
2062 4041 2165 4094 sub
2194 4040 2411 4092 nomine
2443 4037 2574 4092 Sion
2605 4037 2879 4107 signiﬁcat
2906 4036 2960 4090 in
2988 4036 3294 4107 aenigmate.
3332 4036 3436 4104 Qui

1868 4146 1999 4199 ergo
2031 4139 2208 4185 tecum
2232 4131 2481 4185 habitare
2507 4129 2622 4182 vult
2652 4129 2999 4198 sapientiam,
3033 4143 3158 4182 eum
3182 4128 3276 4198 qui
3295 4130 3438 4198 apud

1862 4221 1994 4282 illos
2023 4221 2270 4290 sequitur
2299 4221 2590 4274 annuntiat
2627 4220 2728 4274 tibi
2770 4221 3134 4290 complexum.
3179 4221 3275 4276 Est
3308 4236 3438 4292 ergo

1870 4318 2084 4381 tempus
2111 4311 2504 4379 complectendi
2537 4311 2692 4374 Sion,
2728 4319 2783 4366 et
2814 4319 3031 4383 tempus
3058 4321 3118 4365 ut
3155 4328 3255 4368 nos
3288 4328 3439 4367 com-

1869 4403 2141 4472 plectatur
2162 4403 2447 4471 sapientia,
2475 4403 2696 4457 nomine
2709 4403 2933 4472 quidem
2958 4404 3092 4458 Sion
3113 4403 3438 4458 ostendente

188 4501 291 4566 τῆς
328 4496 603 4559 πολιτείας
638 4478 1079 4566 ἐνδεικνυμένου,
1111 4495 1210 4564 τῆς
1255 4493 1310 4545 δὲ
1361 4493 1551 4562 σοφίας
1590 4495 1763 4545 πᾶσαν

1872 4494 2256 4548 sublimitatem
2285 4493 2405 4546 vitae
2421 4492 2645 4562 agenda:
2675 4494 2940 4561 rationis;
2972 4495 3236 4564 sapientia
3258 4506 3436 4549 autem

188 4586 304 4640 ἀπὸ
340 4585 544 4656 μέρους
576 4587 674 4655 τὴν
713 4585 913 4656 ἀρετὴν
941 4585 1008 4636 δι’
1030 4583 1233 4652 ἑαυτῆς
1271 4583 1657 4654 σημαινούσης.
1705 4585 1768 4638 Εί

187 4679 373 4730 τοίνυν
405 4675 726 4746 ἐγνώκαμεν
765 4677 854 4730 διὰ
898 4677 1008 4729 τῶν
1045 4675 1347 4746 εἰρημένων
1377 4674 1438 4727 τὸ
1474 4675 1574 4744 τῆς
1612 4693 1767 4746 περι-

187 4770 411 4842 λήψεως
449 4769 725 4840 εὔκαιρον,
753 4769 838 4822 διὰ
868 4768 974 4822 τῶν
1004 4767 1182 4821 αὐτῶν
1212 4766 1582 4836 ἐδιδάχθημεν,
1610 4768 1770 4820 τίνων

187 4861 218 4912 ὁ
247 4859 531 4930 χωρισμὸς
558 4861 658 4930 τῆς
693 4858 966 4929 συμφυΐας
1010 4858 1128 4910 ἐστὶ
1153 4855 1607 4928 λυσιτελέστερος.
1637 4860 1774 4911 Και-

156 4987 162 4996 ,
192 4950 288 5020 ρὸς
321 4950 453 5020 γὰρ,
495 4949 649 5020 φησὶ,
686 4948 782 5002 τοῦ
824 4948 1201 5020 μακρυνθῆναι
1251 4948 1360 5001 ἀπὸ
1403 4948 1764 5020 περιλήψεως.

203 5039 264 5092 ὐ
299 5039 438 5110 πρὸς
459 5039 560 5108 τὴν
590 5038 789 5111 ἀρετὴν
813 5038 1129 5101 οίκειωθεὶς,
1155 5037 1256 5106 τῆς
1280 5038 1414 5110 πρὸς
1442 5040 1540 5110 τὴν
1569 5045 1767 5092 κακίαν

193 5127 438 5196 σχέσεως
465 5127 842 5199 ἠλλοτρίωται.
876 5148 894 5179 t
922 5128 1018 5191 Τίς
1048 5131 1157 5196 γὰρ
1180 5128 1434 5180 κοινωνία
1463 5129 1602 5195 φωτὶ
1631 5127 1767 5199 πρὸς

191 5217 409 5279 σκότος,
461 5215 494 5285 ἢ
544 5215 764 5287 Χριστῷ
817 5214 952 5287 πρὸς
998 5213 1213 5280 Βελίαλ;
1244 5237 1263 5269 ι
1288 5217 1360 5270 Ἢ
1400 5217 1518 5278 πῶς
1547 5216 1767 5271 δυνατόν

188 5309 309 5360 ἐστι
338 5306 458 5360 δυσὶ
491 5307 700 5379 κυρίοις
733 5307 992 5370 ἐναντίοις
1013 5305 1349 5370 δουλεύοντα,
1381 5306 1567 5361 εὔνουν
1586 5309 1765 5378 άμφο-

186 5399 368 5470 τέροις
408 5398 692 5467 γενέσθαι;
737 5401 804 5452 Ἠ
835 5400 942 5471 γὰρ
967 5397 1064 5452 τοῦ
1093 5399 1210 5462 ἐνὸς
1229 5399 1437 5472 ἀγάπη.
1474 5405 1628 5471 μῖσος
1671 5401 1763 5454 τοῦ

186 5490 378 5561 ἑτέρου
432 5491 708 5562 ἐποίησεν.
743 5491 913 5545 Ὀταν
960 5486 1053 5544 οὖν
1089 5493 1122 5560 ὴ
1167 5492 1482 5561 άγαπητικὴ
1529 5492 1765 5554 διάθεσις

188 5585 448 5654 περιποιῇ
479 5582 541 5634 τδ
585 5583 770 5648 καλὸν,
797 5583 958 5636 τοῦτο
996 5582 1055 5636 δέ
1082 5585 1197 5636 ἐστι
1242 5583 1305 5636 τὸ
1362 5582 1635 5656 εὔκαιρον,
1663 5585 1764 5635 ἐπ-

1867 4599 1932 4640 ex
1982 4595 2132 4653 parte
2163 4598 2379 4637 onmem
2431 4598 2526 4653 per
2570 4599 2629 4638 se
2675 4584 2929 4638 virtutem
2974 4583 3335 4654 signiﬁcante.
3380 4586 3437 4638 Si

1867 4689 1998 4744 ergo
2031 4689 2126 4743 per
2169 4689 2231 4726 ea
2265 4689 2385 4742 qua:
2423 4673 2567 4726 dicta
2599 4680 2727 4727 sunt
2776 4674 3134 4744 cognovimus
3173 4683 3438 4744 opportu-

1869 4767 2091 4818 nitatem
2134 4765 2471 4832 complexus,
2514 4778 2612 4834 per
2644 4778 2708 4817 ea
2750 4764 2866 4833 ipsa
2913 4763 3222 4828 didicimus,
3260 4779 3292 4818 a
3317 4766 3441 4835 qui-

1869 4855 2098 4910 busnam
2139 4853 2414 4922 separatio
2445 4853 2516 4907 sit
2545 4854 2732 4908 utilior
2761 4855 3170 4923 conjunctione.
3200 4853 3440 4925 Tempus

1866 4955 1951 5000 est
1981 4945 2146 5010 enim,
2193 4944 2390 5014 inquit,
2428 4945 2586 5014 longe
2627 4945 2743 5000 ﬁeri
2777 4961 2807 4998 a
2834 4946 3142 5016 complexu.
3193 4944 3298 5013 Qui
3324 4947 3440 5001 vir-

1869 5035 1972 5089 tuti
2004 5043 2088 5089 est
2131 5036 2460 5104 conjunctus
2487 5036 2903 5092 necessitudine
2937 5053 3002 5092 ac
3050 5037 3438 5108 familiaritate,
3487 5088 3492 5092 .

1869 5135 1954 5181 est
1987 5127 2254 5181 alienatus
2293 5128 2362 5180 ah
2396 5142 2460 5181 ea
2494 5142 2616 5196 quae
2647 5142 2772 5181 eum
2805 5129 2938 5183 vitio
2966 5140 3052 5184 est
3100 5131 3436 5187 habitudine.
3482 5108 3489 5144 ³

1875 5217 2043 5285 «Quae
2092 5226 2176 5273 est
2228 5219 2372 5273 enim
2409 5221 2646 5274 societas
2692 5219 2802 5274 luci
2855 5236 2980 5274 cum
3030 5223 3295 5288 tenebris,
3346 5235 3441 5278 aut

1869 5313 2088 5368 Christo
2131 5328 2255 5366 cum
2292 5311 2574 5367 Belial'?»
2611 5313 2720 5367 Aut
2754 5313 3030 5384 quomodo
3078 5315 3195 5371 ﬁeri
3239 5322 3438 5386 potest,

1872 5413 1931 5458 ut
1959 5404 2052 5476 qui
2080 5404 2294 5460 duobus
2315 5405 2554 5461 dominis
2577 5406 2746 5461 servit
2775 5407 3068 5461 contrariis
3095 5407 3168 5461 sit
3199 5409 3442 5478 utrisque

1871 5496 2168 5552 benevolus
2188 5496 2246 5550 ’ἲ
2278 5494 2450 5552 Unius
2471 5497 2618 5552 enim
2659 5495 2879 5552 dilectio
2903 5497 3085 5551 odium
3116 5496 3277 5553 elﬁcit
3310 5500 3442 5553 alte-

1872 5587 2006 5642 rius.
2032 5584 2264 5652 Quando
2303 5602 2432 5657 ergo
2474 5585 2786 5644 dilectionis
2815 5583 3030 5642 affectio
3067 5586 3174 5641 sibi
3205 5585 3444 5641 vindicat

263 5766 286 5801 ⁸
320 5763 468 5820 Psal.
492 5777 627 5821 Lvn.
653 5763 736 5818 13.
813 5761 834 5795 ⁷
869 5760 1032 5818 Prov.
1058 5777 1131 5824 tv,
1155 5762 1208 5816 8.
1284 5763 1307 5796 ⁸
1335 5761 1378 5816 ll
1400 5761 1526 5818 Cor.
1553 5778 1628 5825 vi,
1658 5761 1744 5826 lt,

1938 5763 1961 5794 ⁹
2001 5760 2189 5819 Matth.
2222 5779 2295 5826 v1.
2324 5763 2414 5818 24.
