3846 6220
428 409 527 465 7l9

1663 408 1717 461 S.
1760 405 2088 463 GREGORII
2128 407 2421 463 NYSSENI

3585 405 3683 459 7‘10

425 526 478 578 in
512 518 659 593 quod
691 529 776 576 est
802 519 1003 574 bonum
1030 526 1084 575 et
1107 519 1420 584 honestum,
1448 517 1554 574 hoc
1581 527 1763 573 autem
1796 528 1881 575 est
1909 535 2010 588 op-

2116 519 2481 590 ηκολούθησεν
2511 519 2680 583 ὅντως
2707 519 2742 589 ἠ
2770 517 2903 590 πρὸς
2933 517 2993 570 τὸ
3009 517 3384 587 ἀντικείμενον
3400 517 3683 590 ἀλλοτρίω-

424 623 720 686 pnrtunum
752 624 807 668 et
855 613 1262 682 tempestivum,
1309 627 1437 668 vere
1470 613 1718 683 sequitur
1747 613 2004 668 alienatio

423 707 493 761 ab
524 720 590 760 eo
621 705 767 776 quod
801 705 850 760 ei
889 705 1234 760 adversatur.
1265 701 1322 756 Si
1355 718 1482 757 vere
1528 702 1764 757 dilexisti
1800 710 2000 771 tempe-

425 798 685 860 rantiam,
719 797 771 850 id
794 796 938 866 quod
970 796 1297 850 adversatur
1315 795 1500 850 odisti.
1534 793 1590 848 Si
1616 795 1680 847 ad
1714 795 2003 862 puritatem

423 886 605 939 oculis
627 885 833 955 aspicis
849 882 1152 944 amatoriis,
1173 882 1338 936 odisti
1361 881 1571 937 scilicet
1590 881 1813 936 fetorem
1834 881 2000 935 cteni.

425 974 483 1027 Si
545 975 689 1028 bono
737 971 1034 1035 adluesisti,
1096 971 1257 1039 longe
1301 971 1526 1024 omnino
1567 971 1636 1024 ab
1692 970 2004 1025 adhaesione

426 1068 552 1122 mali
586 1075 640 1121 te
692 1067 995 1122 removisti.
1045 1064 1200 1131 Quod
1243 1065 1287 1120 si
1333 1064 1456 1135 quis
1482 1065 1648 1116 etiam
1684 1063 2004 1131 complexus

426 1161 792 1231 signiﬁcatum
823 1159 1058 1213 deducat
1084 1157 1151 1211 ad
1185 1158 1530 1226 complexum
1563 1155 1900 1216 divitiarum,
1950 1153 2005 1207 id

425 1266 642 1323 quoque
667 1249 928 1313 ostendit,
956 1263 1205 1319 quaenam
1237 1247 1349 1303 sint
1378 1246 1759 1318 amplexanda
1778 1245 2003 1310 divitiae,

425 1356 479 1402 et
513 1361 747 1417 quarunt
792 1345 1109 1398 divitiarum
1157 1344 1442 1414 amplexus
1477 1343 1549 1395 sit
1603 1338 2002 1394 amandandus.

424 1437 560 1492 Novi
587 1437 906 1492 thesaurum
936 1435 1030 1504 qui
1061 1448 1258 1503 magno
1282 1431 1466 1488 studio
1495 1431 1781 1501 qureritur,
1811 1444 2007 1498 nempe

425 1542 551 1585 eum
584 1528 678 1599 qui
701 1534 786 1583 est
819 1527 1124 1581 absconsus
1154 1526 1210 1580 in
1235 1537 1370 1589 agro
1394 1524 1457 1586 ‘°,
1493 1537 1602 1576 non
1633 1536 1756 1576 eum
1793 1522 1884 1590 qui
1911 1534 2004 1589 ap.

427 1629 584 1693 paret
609 1619 886 1674 omnibus.
934 1617 1069 1673 Novi
1102 1633 1293 1674 rursus
1319 1617 1541 1672 divitias
1580 1630 1702 1686 qua:
1735 1614 2007 1668 habentur

425 1712 786 1782 contemptui,
826 1725 936 1764 non
967 1723 1061 1765 eas
1110 1723 1233 1779 quae
1269 1715 1582 1778 sperantur,
1639 1706 1732 1761 sed
1781 1720 1904 1775 quae
1948 1720 2009 1759 se

425 1804 663 1860 offerunt
711 1804 909 1858 oculis.
965 1802 1077 1856 Hoc
1119 1802 1280 1856 docet
1321 1816 1425 1854 vox
1467 1799 1738 1869 Apostoli,
1778 1797 2002 1852 dicens:

2113 629 2217 675 σις.
2243 613 2305 664 Εἰ
2329 610 2545 682 ἀληθῶς
2573 611 2672 679 τὴν
2703 609 3052 680 σωφροσύνην
3078 609 3391 679 ἠγάπησας,
3422 609 3687 680 ἐμίσησας

2110 703 2176 758 ἂν
2204 704 2267 756 τὸ
2298 703 2688 772 ἀντικείμενον.
2716 704 2778 755 Εἰ
2813 702 2949 772 πρὸς
2975 703 3072 771 τὴν
3103 701 3445 771 καθαρότητα
3476 702 3688 770 βλέπεις

2111 797 2411 866 ἐρωτικῶς,
2463 794 2731 860 ἐϐδελύξω
2793 795 2948 864 δῆλον
3008 797 3090 847 ὅτι
3145 795 3241 864 τὴν
3278 793 3373 846 τοῦ
3428 795 3693 866 βορϐόρου

2109 887 2391 940 δυσωδίαν.
2425 887 2486 939 Εί
2523 887 2601 956 τῷ
2633 885 2823 955 ἀγαθῷ
2849 886 3310 957 προσεκολλήθης,
3343 889 3691 959 ὲμακρύνθης

2112 979 2328 1040 πάντως
2361 979 2458 1047 τῆς
2502 978 2594 1030 τοῦ
2627 976 2865 1049 πονηροῦ
2907 976 3372 1046 προσκολλήσεως.
3423 979 3486 1030 Εἰ
3519 978 3572 1031 δὲ
3600 980 3691 1030 καὶ

2111 1071 2248 1141 πρὸς
2297 1071 2397 1139 τὴν
2439 1069 2534 1122 τοῦ
2582 1068 2811 1122 πλούτου
2863 1067 3155 1139 περιϐολὴν
3200 1068 3323 1137 ἄγοι
3366 1085 3450 1131 τις
3485 1067 3548 1120 τὸ
3590 1067 3696 1140 τῆς

2114 1181 2179 1216 πε
2189 1163 2458 1233 ριλήψεως
2491 1163 2907 1232 σημαινόμενον,
2930 1162 3168 1214 δείκνυσι
3194 1163 3290 1214 καὶ
3305 1157 3458 1223 οὗτος
3480 1163 3510 1215 ὁ
3536 1161 3700 1228 λόγος

2112 1256 2261 1306 ποῖον
2291 1253 2518 1306 πλοῦτον
2541 1253 2744 1321 ἀγαθόν
2774 1255 2891 1306 ἐστι
2921 1252 3363 1322 περιϐάλλεσθαι,
3397 1253 3490 1305 καὶ
3523 1253 3697 1304 ποίων

2112 1347 2410 1416 κτημάτων
2450 1345 2744 1417 περιϐολὴν
2777 1345 3218 1416 ἀποπέμπεσθαι.
3255 1342 3385 1398 Οἶδα
3419 1345 3694 1416 θησαυρὸν

2114 1435 2567 1506 σπουδαζόμενον,
2610 1438 2702 1490 τόν
2749 1437 3130 1508 κεκρυμμένον
3165 1439 3220 1489 ὲν
3245 1436 3324 1506 τῷ
3361 1437 3538 1507 ἀγρῷ,
3572 1437 3696 1506 οὐχὶ

2112 1529 2202 1583 τδν
2241 1532 2374 1582 πᾶσι
2424 1531 2766 1600 φαινόμενον.
2805 1528 2934 1584 Οἶδα
2971 1529 3132 1583 πάλιν
3176 1528 3404 1582 πλοῦτον
3433 1530 3691 1598 ἀτιμαζό-

2116 1639 2295 1692 μενον.
2323 1623 2383 1674 οὐ
2413 1621 2502 1675 τὸν
2537 1621 2911 1692 ἐλπιζόμενον,
2946 1622 3080 1675 ἀλλά
3109 1622 3199 1674 τὸν
3226 1621 3527 1690 ὀφθαλμοῖς
3558 1638 3688 1691 προ-

2115 1713 2463 1783 φαινόμενον.
2493 1714 2741 1766 Διδάσκει
2769 1713 2978 1785 τοῦτοή
3011 1712 3103 1766 τοῦ
3155 1714 3475 1766 ’Λποστόλου
3517 1713 3695 1781 φωνὴ,

2114 1802 2378 1870 λέγουσα·
2423 1821 2440 1852 ι
2483 1804 2572 1873 Μὴ
2621 1803 2965 1856 σκοπούντων
3014 1803 3169 1874 ἡμῶν
3227 1803 3293 1856 τά
3362 1803 3694 1874 βλεπόμενα,

431 1916 450 1946 ι
470 1893 589 1950 Non
620 1894 1100 1950 considerantibus
1131 1893 1288 1949 nobis
1313 1907 1435 1963 quae
1461 1892 1734 1950 videntur.
1765 1890 1859 1945 sed
1888 1905 2008 1959 quae.

2116 1895 2245 1948 ἀλλὰ
2295 1894 2362 1947 τὰ
2415 1895 2488 1965 μὴ
2540 1895 2874 1964 βλεπόμενα·
2927 1896 2992 1948 τά
3023 1896 3132 1965 γὰρ
3162 1895 3464 1965 βλεπόμενα
3520 1897 3683 1967 πρόσ-

428 2003 538 2040 non
565 1985 844 2041 videntur:
878 1999 1000 2055 qum
1021 1984 1166 2039 enim
1192 1983 1471 2044 videntur,
1500 1991 1629 2037 sunt
1657 1979 2008 2050 temporalia;

428 2095 550 2149 quae
576 2087 757 2134 autem
788 2093 896 2132 non
920 2077 1195 2142 videntur,
1213 2083 1416 2131 aeterna
1437 2075 1502 2128 η.
1519 2093 1536 2126 ι
1575 2072 1631 2128 Si
1659 2073 1772 2128 haec
1796 2073 2008 2127 intelle-

430 2175 635 2238 ximus,
669 2188 732 2228 ea
758 2174 926 2228 etiam
955 2186 1077 2242 qua
1105 2171 1365 2240 deinceps
1396 2176 1722 2240 sequuntur,
1753 2182 1852 2237 per
1897 2167 2009 2220 haec

430 2266 880 2322 intellexerimus.

503 2357 862 2426 G.¢'I‘t-mpus
910 2355 1187 2417 estenim,
1238 2373 1260 2406 ι
1290 2353 1486 2424 inquit,
1532 2369 1550 2402 ι
1591 2349 1894 2421 qumrendi,
1955 2358 2010 2403 et

432 2459 646 2519 tempus
673 2449 953 2520 perdendi.
999 2467 1018 2500 ι
1049 2447 1151 2514 Qui
1183 2446 1327 2502 enim
1362 2461 1428 2500 ex
1457 2445 1525 2499 iis
1558 2457 1679 2514 quae
1698 2443 2007 2497 examinata

431 2549 584 2604 sunt,
645 2540 975 2594 intellexerit
1018 2553 1049 2592 a
1099 2551 1330 2609 quorum
1380 2535 1667 2605 complexu
1721 2534 2012 2602 sejungere

430 2634 670 2703 seipsum
702 2631 916 2692 debeat,
950 2639 1003 2685 et
1032 2647 1157 2684 cum
1181 2629 1384 2700 quibus
1415 2635 1664 2698 oporteat
1693 2641 1752 2681 se
1786 2625 2011 2694 conjun-

429 2737 592 2792 gere;
628 2729 921 2792 cognoscet
952 2721 1116 2775 etiam
1139 2719 1266 2790 quid
1297 2717 1646 2788 qurerendum
1678 2717 1767 2780 sit,
1801 2726 2010 2784 etquo-

432 2827 552 2866 rum
571 2811 795 2866 amissio
815 2810 886 2866 sit
914 2810 1175 2864 lucrunm
1199 2807 1435 2877 Tempus
1453 2816 1536 2860 est
1565 2807 1732 2868 enim,
1762 2823 1780 2855 ι
1810 2803 2008 2872 inquit,

437 2924 457 2956 e
495 2904 799 2974 quan-endi,
857 2909 910 2956 et
943 2909 1158 2971 tempus
1187 2899 1498 2953 amittendi.
1536 2917 1554 2949 ι
1594 2897 1735 2964 Quid
1768 2905 1852 2951 est
1880 2911 2012 2965 ergo

432 2996 578 3064 quod
605 3010 690 3048 me
716 3007 959 3064 quturere
986 3001 1222 3062 oportet,
1257 2998 1318 3044 ut
1343 3001 1560 3058 tempus
1590 3002 1854 3058 assequar
1885 3002 2014 3040 con-

431 3087 699 3142 veniens?
733 3085 837 3140 Sed
873 3084 1130 3154 quidnam
1169 3082 1385 3153 quidem
1412 3080 1582 3149 qumri
1619 3085 1887 3147 oporteat,
1927 3078 2013 3131 iu-

433 3181 582 3236 dicat
628 3177 932 3250 prophetia,
999 3173 1189 3229 dicens
1230 3193 1244 3228 :
1291 3191 1310 3224 ι
1344 3172 1582 3238 Quaerite
1619 3170 1931 3232 Dominum,
1962 3176 2014 3220 et

435 3271 834 3329 eonﬁrmamiui
860 3270 924 3324 “.
967 3287 986 3320 ι
1019 3264 1088 3320 Et
1117 3280 1310 3320 rursus
1337 3283 1350 3319 :
1389 3283 1406 3315 ι
1436 3262 1673 3329 ριιωιίιε
1698 3260 2010 3321 Dominum,

434 3376 488 3420 ct
519 3367 571 3420 in
593 3361 920 3418 inveniendo
949 3377 1074 3416 eum
1129 3360 1402 3424 invocate,
1427 3364 1481 3413 et
1505 3357 1716 3410 laetetur
1734 3369 1832 3407 cor
1869 3366 2009 3422 quae-

436 3457 668 3509 rentium
716 3450 1086 3504 Duninum".
1128 3468 1147 3500 ι
1191 3444 1436 3516 Cognovi
1485 3458 1616 3512 ergo
1652 3456 1745 3510 per
1789 3453 1850 3494 ea
1896 3449 2018 3507 qua

435 3549 578 3602 dicta
610 3556 755 3610 sunt,
810 3545 862 3597 id
897 3541 1042 3611 quod
1092 3539 1443 3611 quaerendum
1477 3545 1562 3590 est
1603 3555 1618 3589 :
1649 3533 1806 3603 cujus
1829 3536 2018 3586 inven-

437 3640 516 3692 tio
537 3646 619 3693 est
656 3637 833 3706 ipsum
875 3646 1089 3702 semper
1127 3646 1392 3702 quaerere.
1434 3627 1552 3684 Non
1580 3628 1725 3682 enim
1759 3626 1906 3678 aliud
1934 3631 2019 3677 est

437 3746 705 3800 quaerere,
730 3739 784 3782 et
815 3727 957 3780 aliud
986 3726 1234 3778 invenire
1271 3742 1284 3776 :
1324 3722 1420 3776 sed
1450 3719 1771 3789 exquirendi
1807 3719 2016 3770 lucrum

437 3833 524 3874 est
549 3822 724 3891 ipsum
753 3834 1016 3889 quaerere.
1049 3815 1143 3869 Vis
1169 3817 1332 3869 etiam
1367 3815 1509 3869 scire.
1531 3808 2022 3882 opportunitatem?

438 3913 593 3980 Quod
622 3921 705 3967 est
731 3921 945 3981 tempus
977 3907 1252 3978 quaerendi
1278 3906 1564 3959 Dominum
1587 3905 1612 3957 ἲ
1633 3903 1874 3956 Breviter
1899 3900 2021 3953 diro

440 4015 494 4060 et
557 4004 901 4074 compendio,
966 4011 1078 4055 tota
1126 4001 1256 4054 vita.
1307 3997 1496 4052 lnlioc
1524 3998 1670 4051 enim
1713 3997 1830 4049 solo
1853 3992 2020 4048 studii

438 4108 654 4168 tempus
686 4106 770 4151 est
794 4104 964 4150 totum
1010 4093 1276 4150 Studium.
1303 4093 1418 4146 Non
1450 4093 1594 4146 enim
1638 4096 1789 4143 certo
1837 4088 2021 4157 aliquo

441 4207 504 4246 ac
532 4189 754 4246 deﬂuito
785 4197 1026 4258 tempore
1070 4186 1359 4240 Dominum
1395 4199 1640 4254 quazrere
1687 4184 1888 4236 bonum
1915 4187 2019 4244 est,

442 4282 541 4338 sed
563 4297 670 4336 non
699 4294 919 4336 cessare
957 4294 1220 4349 quaerere,
1263 4278 1367 4331 hoc
1409 4285 1495 4330 est
1534 4289 1662 4328 vera
1697 4271 2024 4342 opportuni-

440 4387 546 4431 tas.
573 4395 592 4428 ι
633 4373 788 4430 Oculi
853 4391 873 4425 ›
914 4374 1059 4427 enim
1108 4391 1126 4424 ι
1164 4373 1292 4431 mei,
1332 4389 1351 4421 ›
1403 4369 1602 4438 inquit,
1665 4385 1685 4415 ο
1721 4380 1935 4434 semper
1956 4363 2022 4417 ad

443 4467 733 4522 Dominum
771 4466 832 4520 ιδ.
874 4485 892 4518 ι
957 4464 1121 4519 Vides
1171 4479 1335 4535 quam
1384 4463 1672 4532 diligenter
1743 4468 2024 4516 scrutatur

2109 2003 2311 2058 καιρα·
2363 1988 2435 2040 τὰ
2489 1987 2545 2038 δὲ
2601 1986 2674 2056 μὴ
2711 1984 3048 2056 βλεπόμενα,
3097 1986 3308 2042 αἰώνια.
3348 2007 3370 2039 ›
3403 1989 3466 2040 Ei
3521 1988 3696 2041 ταῦτα

2108 2081 2459 2148 νενοήκαμεν,
2498 2078 2589 2130 καὶ
2639 2081 2731 2130 τὸν
2778 2077 2976 2148 ἐφεξῆς
3017 2079 3172 2146 λόγον
3224 2080 3314 2133 διά
3353 2080 3563 2132 τούτων
3601 2095 3696 2132 νε-

2109 2171 2363 2240 νοηκότες
2396 2169 2654 2240 ἐσόμεθα.

2185 2372 2203 2404 ι
2233 2353 2440 2425 Καιρὸς
2476 2353 2604 2424 γάρ,
2649 2371 2666 2403 ι
2696 2352 2848 2422 φησὶ,
2894 2371 2912 2403 ι
2948 2353 3041 2406 τοῦ
3083 2352 3337 2423 ζητῆσαι,
3369 2355 3464 2407 καὶ
3504 2356 3697 2426 καιρὸς

2109 2442 2204 2496 τοῦ
2235 2443 2516 2496 ἀπολέσαι.
2543 2464 2560 2496 ι
2595 2444 2654 2496 '0
2674 2443 2782 2515 γὰρ
2803 2444 3004 2514 νοήσας
3025 2444 3113 2498 διὰ
3142 2446 3249 2497 τῶν
3269 2445 3696 2510 ὲξετασθέντων,

2108 2537 2270 2588 τίνων
2310 2538 2574 2606 προσήκει
2625 2535 2924 2606 μακρύνειν
2958 2537 3149 2589 ἑαυτὸν
3191 2537 3300 2590 ἀπὸ
3337 2541 3440 2608 τῆς
3473 2539 3702 2609 περιλή-

2111 2626 2257 2696 ψεως
2287 2626 2381 2679 καὶ
2416 2627 2527 2680 τίσι
2557 2626 2944 2681 συνάπτεσθαι·
2966 2624 3112 2698 γνῷη
3144 2628 3229 2692 ἂν,
3258 2629 3312 2681 τί
3336 2646 3398 2681 τε
3428 2634 3702 2701 προσήκει

2112 2715 2317 2786 ζητεῖν,
2353 2718 2449 2770 καὶ
2483 2718 2644 2771 τίνων
2683 2719 2716 2787 ἠ
2740 2717 2984 2770 ἀπώλεια
3017 2719 3205 2790 κέρδος
3231 2721 3398 2773 ἐστίν.
3434 2739 3451 2771 ι
3492 2722 3698 2793 Καιρὸς

2113 2811 2243 2884 γὰρ,
2280 2832 2298 2863 ι
2316 2813 2470 2883 φησὶ,
2495 2831 2513 2863 ι
2545 2812 2639 2866 τοῦ
2663 2811 2914 2884 ζητῆσαι,
2934 2815 3028 2869 καὶ
3050 2814 3237 2885 καιρὸς
3257 2814 3352 2867 τοῦ
3376 2814 3703 2867 ἀπολέσαι.»

2112 2901 2177 2952 Τί
2209 2902 2387 2955 τοίνυν
2443 2904 2589 2955 ἐστὶν
2634 2905 2662 2956 ὅ
2692 2921 2758 2974 με
2795 2903 3028 2975 ζητῆσαι
3067 2906 3171 2975 χρὴ
3193 2945 3207 2972 ,
3235 2904 3377 2957 ὥστε
3423 2907 3700 2974 ἐπιτυχεῖν

2113 2991 2206 3044 τοῦ
2239 2994 2442 3065 ,καιροῦ
2482 2993 2576 3047 τοῦ
2622 2995 2997 3067 καθήκοντος;
3036 2996 3170 3048 ἀλλά
3201 2997 3252 3048 τί
3285 2997 3386 3066 μὲν
3415 2995 3697 3065 ζητεῖσθαι

2113 3082 2229 3136 δέον
2257 3087 2289 3154 ή
2329 3085 2632 3156 προφητεία
2662 3086 2921 3151 δείκνυσι,
2951 3087 3180 3155 λέγουσα
3200 3104 3213 3117 ·
3253 3107 3271 3138 ι
3300 3090 3588 3158 Ζητήσατε
3613 3089 3703 3140 τὸν

2117 3175 2342 3248 Κύριον,
2375 3178 2467 3230 καὶ
2505 3177 2912 3250 κραταιώθητε·
2962 3199 2983 3231 ι
3021 3180 3113 3232 καὶ
3138 3179 3330 3233 πάλιν·
3365 3199 3385 3230 ι
3417 3181 3696 3250 Ζητησατε

2116 3267 2207 3321 τὸν
2229 3269 2462 3343 Κύριον,
2488 3271 2580 3323 καὶ
2609 3273 2667 3324 ὲν
2691 3272 2769 3342 τῷ
2790 3273 3061 3343 εὑρίσκειν
3089 3272 3249 3326 αὐτὸν
3276 3273 3701 3338 ὲπικαλέσασθε,

2115 3361 2210 3413 καὶ
2271 3362 2628 3433 εύφρανθήτω
2677 3363 2875 3434 καρδία
2915 3363 3219 3435 ζητούντων
3269 3365 3363 3417 τὸν
3416 3366 3646 3436 Κύριον.
3678 3385 3703 3416 ι

2120 3455 2333 3516 Ἔγνων
2355 3454 2530 3507 τοίνυν
2557 3454 2645 3507 διὰ
2669 3455 2777 3507 τῶν
2806 3456 3111 3526 εἰρημένων
3138 3457 3275 3526 ὅπερ
3308 3453 3548 3526 ζητῆσαι
3577 3458 3701 3528 χρήο

2117 3543 2178 3602 οὗ
2210 3550 2242 3618 ὴ
2280 3547 2498 3618 εὖρεσίς
2527 3549 2676 3600 ἐστιν
2715 3547 2845 3600 αύτό
2877 3548 2936 3600 τὸ
2962 3549 3047 3601 ἀεὶ
3083 3549 3283 3618 ζητεῖν.
3319 3549 3396 3601 Οὐ
3426 3550 3539 3620 γάρ
3578 3549 3708 3602 ἄλλο

2117 3641 2168 3694 τί
2207 3642 2322 3693 ἐστι
2367 3640 2427 3692 τὸ
2478 3639 2682 3708 ζητεῖν,
2717 3642 2811 3692 καὶ
2860 3639 2988 3694 ἀλλο
3017 3641 3078 3693 τὸ
3115 3641 3426 3710 εὑρίσκεινο
3457 3641 3597 3694 ἀλλά
3646 3641 3717 3693 τὸ

2117 3731 2211 3785 τοῦ
2242 3733 2540 3802 ἐκζητῆσαι
2574 3731 2781 3803 κέρδος,
2815 3732 2947 3784 αὐτὸ
2977 3731 3038 3784 τὸ
3068 3731 3300 3800 ζητῆσαί
3342 3733 3478 3785 ἐστι.
3518 3732 3711 3786 Βούλει

2119 3824 2211 3877 καὶ
2248 3824 2343 3892 τὴν
2373 3821 2654 3893 εὐκαιρίαν
2687 3821 2902 3892 μαθεῖν,
2931 3821 3012 3883 τίς
3056 3821 3245 3892 καιρὸς
3269 3821 3363 3874 τοῦ
3406 3822 3596 3890 ζητεῖν
3617 3823 3714 3876 τὸν

2120 3914 2362 3985 Κύριον;
2401 3915 2680 3982 συντόμως
2710 3913 2870 3980 λέγω,
2912 3913 2970 3964 '0
3009 3913 3123 3982 βίος
3158 3913 3296 3973 ὅλος.
3341 3914 3466 3965 Ἐπὶ
3515 3914 3721 3966 τούτου

2121 4007 2232 4078 γὰρ
2263 4008 2419 4076 μόνον
2438 4002 2503 4077 ἧς
2520 4005 2711 4076 καιρὸς
2735 4007 2833 4074 τῆς
2862 4005 3094 4074 σπουδῆς
3122 4007 3267 4057 ἐστιν
3295 4008 3326 4075 ἡ
3360 4006 3572 4075 σπουδὴ
3598 4011 3714 4059 πᾶ-

2123 4100 2309 4150 σα.ού
2352 4098 2461 4168 γάρ
2513 4097 2938 4166 ἀποτεταγμένῳ
2987 4099 3093 4148 τινί
3147 4097 3325 4166 καιρῷ
3375 4099 3470 4150 καὶ
3530 4100 3726 4171 χρόνῳ

2122 4191 2492 4261 ἀφωρισμένῳ
2534 4189 2594 4242 τὸ
2630 4189 2810 4260 ζητεῖν
2852 4190 2945 4242 τὸν
2983 4189 3221 4260 Κύριον,
3261 4191 3469 4257 ἀγαθόν
3521 4192 3715 4245 ἐστιν’

2122 4283 2264 4336 ἀλλά
2300 4282 2360 4334 τὸ
2392 4283 2528 4352 μήτε
2577 4282 2712 4344 ὅλως
2757 4280 3053 4334 διαλείπειν
3086 4283 3173 4334 ἀεὶ
3222 4282 3514 4352 ζητοῦντα,
3549 4284 3724 4337 τοῦτό

2123 4376 2268 4428 ἐστιν
2297 4373 2501 4445 ἀληθὴς
2538 4373 2812 4444 εὐκαιρία.
2843 4394 2859 4425 ι
2891 4375 2952 4427 Ui
2984 4394 3003 4424 ι
3040 4374 3150 4445 γάρ
3182 4394 3199 4424 ‹
3225 4374 3495 4446 ὀφθαλμοί
3533 4396 3665 4448 μου,
3695 4397 3720 4429 ι

2124 4465 2276 4532 φησὶ,
2303 4485 2320 4515 ι
2349 4464 2639 4526 διαπαντὸς
2663 4464 2798 4534 πρὸς
2825 4463 2916 4516 τὸν
2949 4465 3175 4534 Κύριον.
3203 4484 3221 4515 ›
3257 4465 3417 4536 Ὁρᾷς
3443 4468 3566 4530 πῶς
3588 4471 3722 4540 ἐπιτ-

444 4562 638 4615 oculus
668 4559 812 4629 quod
841 4557 1125 4628 qumritur,
1154 4563 1214 4610 ut
1241 4555 1332 4626 qui
1355 4554 1559 4608 nullam
1583 4555 1686 4606 sibi
1709 4553 1799 4606 det
1827 4551 2013 4606 remis-

2129 4553 2302 4622 μελῶς
2335 4555 2530 4623 ἐρευνᾷ
2559 4555 2586 4606 ὁ
2620 4552 2894 4622 ὀφθαλμὸς
2937 4552 3000 4604 τὸ
3043 4554 3374 4624 ζητούμενον
3394 4594 3409 4617 ,
3449 4557 3729 4626 οὐδεμίαν

447 4660 680 4718 sionem,
717 4670 892 4723 neque
934 4654 1107 4705 ullum
1135 4650 1254 4720 ejus
1287 4648 1432 4719 quod
1459 4648 1722 4718 quaeritur
1758 4646 2018 4699 interval-

452 4754 583 4810 lum,
637 4763 810 4815 neque
859 4745 1021 4796 ullam
1074 4741 1463 4795 relaxationem
1504 4737 1890 4807 cogitationis?
1919 4734 2020 4787 Per

449 4838 809 4908 adjectiouem
858 4837 1002 4888 enim
1050 4832 1170 4900 ejus
1209 4830 1355 4900 quod
1380 4838 1464 4884 est
1516 4842 1750 4898 semper,
1781 4823 2021 4881 ostendit

451 4938 807 5000 perpetuum,
843 4934 898 4978 et
930 4921 1076 4993 quod
1117 4935 1394 4990 nunquam
1452 4916 1854 4976 intermittitur,
1896 4922 2018 4968 stu.-

450 5022 624 5075 d'tum.
660 5019 922 5072 Similiter
954 5022 1136 5068 autem
1175 5013 1543 5080 intelligamus
1571 5023 1624 5062 et
1660 5014 1867 5074 tempus
1901 5020 2022 5074 per-

447 5111 632 5172 dendi.
663 5111 871 5164 lucrum
926 5123 1044 5162 esse
1069 5107 1380 5176 judicantes
1416 5103 1548 5157 illud
1603 5104 1847 5171 perdere.
1876 5097 2020 5168 quod

446 5207 496 5260 si
535 5205 660 5275 quis
692 5203 906 5262 habeat,
942 5200 994 5254 id
1034 5199 1110 5253 illi
1152 5198 1409 5252 damnum
1439 5193 1609 5250 affert.
1648 5192 1784 5246 Mala
1809 5207 2022 5262 pessos-

450 5302 534 5352 sio
563 5305 647 5351 est
681 5295 909 5349 avaritia
940 5307 1097 5358 ;eam
1125 5305 1254 5361 ergo
1278 5289 1584 5359 perdamus.
1622 5285 1821 5339 Malunt
1856 5282 2023 5351 depo-

451 5391 612 5444 situm
642 5397 727 5443 est
755 5393 988 5456 acceptae
1023 5383 1236 5449 injuriae
1260 5381 1588 5436 recordatio.
1629 5379 1680 5432 ld
1706 5392 1835 5446 ergo
1865 5377 2024 5429 amit-

453 5496 650 5534 tamus.
691 5479 828 5533 Mala
885 5478 1160 5548 possessio
1199 5481 1282 5528 est
1319 5473 1578 5528 eﬂ‘renata
1635 5471 1802 5524 libido
1839 5485 1852 5519 :
1902 5470 2021 5536 ejus

454 5572 687 5625 maxime
722 5579 846 5623 ante
888 5569 1025 5622 alios
1058 5574 1432 5636 paupertatem
1480 5573 1784 5623 teneamus,
1825 5570 1883 5615 ut
1928 5575 2022 5627 per

456 5662 720 5731 ejusmodi
749 5667 1117 5730 paupertatem
1145 5673 1370 5727 regnum
1395 5653 1816 5710 lucrifaciamus.
1841 5672 1858 5703 ι
1891 5651 2013 5705 Bea-

531 5839 578 5868 '°‘
613 5840 800 5893 Matth.
835 5850 954 5892 xm.
986 5839 1072 5892 Η.
1151 5841 1186 5869 ¹¹
1233 5839 1274 5891 ll
1308 5839 1431 5893 Cor.
1469 5855 1546 5896 iv.
1580 5837 1663 5891 l8.

1746 5838 1786 5867 η
1827 5835 1968 5892 Psal.
2002 5852 2112 5898 CIV,
2138 5837 2190 5890 4.

2126 4647 2310 4698 ἄνεσιν
2343 4643 2526 4714 ἐαυτῷ
2554 4643 2743 4708 διδοὺς,
2776 4642 2897 4695 οὐδέ
2936 4661 2988 4696 τι
3018 4644 3316 4714 διάλειμμα
3349 4645 3451 4715 τῆς
3481 4647 3580 4699 τοῦ
3615 4648 3724 4718 ζη-

2127 4738 2389 4806 τουμένου
2419 4741 2824 4807 κατανοήσεως;
2855 4738 2933 4808 Τῇ
2966 4737 3073 4808 γὰρ
3097 4736 3190 4790 τοῦ
3220 4737 3516 4801 διαπαντὸς
3545 4757 3726 4812 προσ-

2129 4827 2294 4890 θέσει,
2318 4827 2377 4879 τὸ
2401 4827 2644 4895 διηνεκές
2666 4844 2722 4879 τε
2747 4827 2838 4880 καὶ
2867 4827 3208 4881 ἀδιάλειπτον
3226 4828 3326 4896 τῆς
3356 4829 3602 4900 σπουδῆς
3636 4833 3730 4884 ὲν-

2128 4918 2384 4982 εδείξατο.
2402 4918 2672 4983 Ὡσαύτως
2693 4918 2748 4970 δὲ
2773 4920 3054 4989 νοήσωμεν
3100 4919 3192 4972 καὶ
3215 4919 3304 4971 τὸν
3329 4918 3426 4972 τοῦ
3447 4923 3726 4975 ἀπολέσαι

2129 5009 2348 5080 καιρὸν,
2390 5010 2580 5080 κέρδος
2626 5005 2764 5063 εἶναι
2801 5011 3096 5080 κρίνοντες,
3128 5009 3187 5062 τὸ
3217 5009 3482 5063 ἀπολέσαι
3520 5014 3733 5072 έκεῖνο.

2127 5093 2188 5153 οὗ
2210 5105 2243 5172 ἡ
2272 5101 2520 5172 ὓπαρξις,
2554 5100 2726 5170 ζημία
2749 5099 2826 5169 τῷ
2857 5101 3030 5170 ἔχοντι
3059 5099 3287 5168 γίνεται.
3314 5101 3503 5154 Κακὸν
3533 5104 3731 5173 κτῆμα

2129 5193 2162 5263 ἡ
2186 5193 2537 5264 φιλαργυρία·
2567 5192 2761 5244 οὐκοῦν
2783 5191 3153 5251 ἀπολέσωμεν.
3178 5193 3316 5257 How:
3327 5191 3419 5260 ρον
3447 5194 3730 5247 ἀπόθετον

2129 5291 2162 5357 ὴ
2207 5287 2562 5356 μνησικακίαο
2592 5283 2786 5338 οὐκοῦν
2821 5282 3135 5354 προώμεθα.
3168 5281 3440 5352 Ὀλέθριον
3469 5286 3667 5355 κτῆμα
3695 5288 3734 5354 ἡ

2130 5381 2426 5443 ἀκόλαστος
2454 5379 2737 5447 ἐπιθυμία·
2776 5377 2964 5430 τούτου
2997 5375 3227 5445 μάλιστα
3263 5375 3368 5444 πρὸ
3401 5375 3516 5428 τῶν
3547 5378 3734 5432 ἄλλων

2132 5465 2565 5542 πτωχεύσωμεν,
2602 5471 2687 5524 ἵνα
2722 5469 2811 5523 διὰ
2851 5469 2950 5538 τῆς
2985 5467 3238 5531 τοιαύτης
3275 5469 3596 5537 πτωχείας,
3630 5470 3728 5537 τὴν

2133 5562 2409 5633 βασιλείαν
2439 5563 2810 5636 κερδήσωμεν.
2837 5580 2856 5612 ι
2882 5561 3154 5631 Μακάριοι
3183 5585 3199 5610 ι
3239 5560 3345 5630 γὰρ
3366 5579 3386 5610 ε
3421 5563 3471 5613 οἱ
3515 5561 3731 5630 πτωχοὶ

2131 5653 2212 5724 τῷ
2241 5653 2528 5725 πνεύματι,
2565 5673 2583 5706 ι
2609 5652 2877 5726 δηλαδὴοί
2905 5650 2999 5705 τοῦ
3027 5650 3264 5705 τοιούτου
3300 5652 3539 5706 πλούτου
3564 5655 3726 5706 πλό-

2271 5837 2314 5868 ¹³
2340 5835 2468 5892 ibid.
2498 5835 2552 5890 '5.
2632 5837 2674 5866 “
2717 5833 2861 5890 Psal.
2889 5836 3142 5895 multi.
