3846 6220
242 329 341 382 πει

1239 320 1307 378 1N
1355 315 1882 378 Εςειιειλδτιτᾟ.
1922 310 2204 369 llOMI-LIA
2228 308 2335 365 νη.

3395 295 3498 349 7‘29.

239 461 418 515 μενοι,
442 442 537 496 καὶ
561 441 628 494 τὰ
649 439 782 493 ἄλλα
808 439 984 493 πάντα
1017 437 1110 491 τοῦ
1137 437 1384 491 διαϐόλου
1406 435 1686 506 κειμήλια,
1721 450 1823 501 μα-

1930 431 1967 481 li
2013 449 2029 478 ι
2065 426 2208 480 enim
2251 431 2378 479 sunt
2424 439 2442 471 ι
2499 432 2764 488 pauperes
2806 413 3010 487 spiritu
3033 419 3075 453 ⁸⁸
3115 445 3132 474 ,
3185 430 3201 463 ι
3249 407 3499 462 Vitlclici-l

240 536 576 606 καριώτερον
609 533 726 601 μὲν,
754 531 816 584 τὸ
842 530 977 600 μηδὲ
996 528 1092 599 τήν
1125 529 1301 600 ἀρχήν
1324 545 1447 582 τινα
1492 524 1819 596 κτήσασθαι,

241 629 333 681 ἴνα
387 626 614 680 καθόλου
650 624 958 694 ἀκτήμονες
999 621 1108 675 τῶν
1143 621 1478 692 μολυνόντων
1513 618 1819 689 γενώμεθα.

238 719 424 773 Καλὸν
461 719 518 771 δὲ
545 718 643 786 οὐχ
675 711 836 787 ἦττον
869 714 947 785 τῷ
975 713 1339 786 προληφθέντι
1367 715 1434 783 τῇ
1471 712 1682 782 πονηρᾷ
1707 711 1822 762 κτί-

241 829 328 864 σει
353 811 415 863 τὸ
444 809 707 864 ἀπολέσαι
740 808 809 860 τὰ
837 808 1062 860 τοιαῦτα
1096 808 1373 877 κτήματα,
1404 806 1498 859 καὶ
1522 807 1601 866 εἰς
1625 806 1822 872 ἀφανι-

240 904 384 974 σμὸν
430 903 676 970 ἀγαγεῖν.
718 900 878 953 Ἀλλὰ
921 899 981 952 τὸ
1021 899 1156 970 μηδὲ
1191 899 1324 962 ὅλως
1378 897 1505 950 ποτὲ
1535 897 1678 965 ἔχειν
1717 896 1823 949 τῶν

235 995 502 1048 τοιούτων
535 994 847 1064 μετουσίαν,
877 996 1124 1064 κρεῖττον
1158 993 1190 1063 ἢ
1221 992 1362 1045 κατά
1400 990 1500 1062 τὴν
1547 990 1824 1060 ἀνθρωπί-

241 1104 342 1157 νην
385 1086 548 1155 φύσιν
586 1087 722 1148 ἐστὶ,
748 1085 814 1137 τὸ
846 1085 903 1137 δὲ
947 1084 1180 1138 λαϐόντα
1228 1083 1583 1152 ἐξαφανίσαι,
1631 1080 1822 1133 τούτου

233 1181 338 1231 καὶ
368 1181 400 1249 ή
435 1177 544 1230 τῶν
575 1175 877 1248 ἀνθρώπων
899 1175 1129 1246 δύναμις
1173 1175 1272 1245 τὴν
1301 1175 1454 1244 ἰσχὺν
1481 1173 1614 1244 ἔχει.
1642 1172 1734 1224 Διὸ
1757 1170 1824 1223 τὸ

242 1271 417 1341 μηδὲν
463 1269 754 1340 ἐσχηκέναι
802 1268 911 1321 τῶν
959 1267 1054 1320 τοῦ
1102 1268 1479 1337 ἀντικειμένου
1530 1267 1825 1337 κτημάτων

241 1363 410 1432 μόνου
436 1361 528 1412 τοῦ
568 1360 772 1426 Κυρίου
825 1359 944 1410 sint
967 1396 982 1420 ,
1017 1355 1111 1409 τοῦ
1149 1356 1511 1427 μετασχόντος
1548 1357 1679 1426 ἡμῖν
1717 1354 1824 1408 τῶν

233 1453 424 1507 αὐτῶν
461 1452 800 1523 παθημάτων
819 1451 987 1522 χωρὶς
1008 1449 1302 1521 ἁμαρτίας.
1326 1467 1345 1500 ‹
1361 1449 1619 1519 Ἔρχεται
1641 1446 1770 1520 γὰρ,
1793 1466 1820 1498 .i

242 1547 430 1613 φησὶν,
460 1563 479 1595 ι
517 1546 547 1596 6
577 1545 760 1614 ἄρχων
786 1544 882 1597 τοῦ
918 1545 1124 1614 κόσμου
1146 1542 1357 1604 τούτου,
1380 1542 1476 1595 καὶ
1500 1544 1557 1594 ἐν
1582 1542 1703 1611 ἐμοὶ
1731 1543 1822 1594 εὑ-

237 1636 426 1706 ρίσκει
451 1633 560 1686 τῶν
594 1634 737 1687 ἰδίων
767 1633 940 1687 οὐδέν.
976 1651 1000 1684 ο
1044 1631 1117 1684 Τὸ
1143 1632 1201 1684 δὲ
1225 1631 1290 1684 δι’
1332 1629 1623 1700 ἐπιμελοῦς
1654 1645 1824 1698 μετα-

236 1727 468 1798 μελείας
501 1726 694 1780 ἑαυτὸν
727 1725 1034 1795 ἐκκαθῆραι
1055 1765 1070 1787 ,
1101 1723 1264 1776 τοῦτο
1291 1723 1382 1776 καὶ
1406 1723 1494 1775 ἐπ’
1521 1720 1618 1775 ἀνθ
1622 1719 1823 1791 ρώπων

241 1820 354 1871 τῶν
382 1819 448 1872 δι’
479 1819 680 1888 ἀρετῆς
736 1818 964 1879 ἑαυτοὺς
1009 1815 1436 1887 λαμπρυνόντων
1480 1813 1624 1866 ἔστιν
1674 1813 1820 1866 ἰδεῖν.

254 1911 563 1963 Ἀπώλεσεν
592 1912 621 1962 6
650 1909 862 1972 Παῦλος
889 1909 950 1961 τὸ
968 1908 1203 1980 πονηρὸν
1223 1907 1411 1977 κτῆμα
1437 1907 1823 1977 τῆς-ἀπιστίας,

235 2001 334 2054 διὰ
361 2000 458 2052 τοῦ
481 1998 831 2071 ἐνεργοῦντος
864 2001 922 2052 έν
937 1997 1084 2068 αὐτῷ
1104 1999 1203 2068 τῆς
1230 1997 1562 2068 προφητείας
1598 1996 1696 2066 τὴν
1726 1996 1826 2065 χά-

238 2108 332 2161 ριν
363 2109 378 2121 ο
415 2091 632 2161 πλήρης
673 2089 768 2142 τοῦ
823 2088 1110 2161 θησαυροῦ
1147 2087 1363 2157 ἐγένετο
1386 2128 1401 2150 ,
1432 2086 1491 2139 ὃν
1539 2087 1822 2156 ἐζήτησεν.

258 2182 566 2237 Ἀπώλεσεν
604 2183 830 2245 Ἡσαΐας
875 2183 933 2234 ἐν
981 2180 1058 2251 τῷ
1094 2180 1378 2250 καθαρσίῳ
1419 2177 1512 2231 τοῦ
1557 2179 1701 2231 θείου
1735 2179 1828 2232 ἀν-

241 2275 452 2344 θρακος
507 2276 614 2329 πᾶν
659 2274 904 2346 ῥυπαρὸν
933 2314 947 2339 ,
988 2274 1082 2326 καὶ
1132 2273 1317 2343 ῥῆμα,
1350 2271 1445 2325 καὶ
1502 2271 1826 2341 νόημα-διὰ

241 2365 404 2418 τοῦτο
455 2365 748 2437 ἐπληρώθη
792 2364 887 2418 τοῦ
945 2364 1103 2432 ἁγίου
1138 2362 1480 2432 Πνεῦματος.
1540 2361 1826 2414 ’Δπόλλυσι

240 2460 355 2520 πᾶς
382 2462 440 2509 ἐν
469 2461 534 2528 τῇ
568 2457 867 2527 μεταλήψει
897 2455 992 2509 τοῦ
1036 2456 1344 2526 κρείττονος
1372 2456 1480 2507 πᾶν
1505 2454 1564 2506 τὸ
1600 2455 1734 2524 πρὸς
1769 2455 1828 2506 τὸ

239 2550 490 2601 ἐναντίον
529 2548 834 2619 νοούμενον.
875 2546 1062 2610 Οὕτως
1097 2549 1125 2599 ὁ
1149 2545 1380 2618 σώφρων
1410 2547 1508 2615 τὴν
1532 2547 1826 2600 ἀκολασίαν

239 2641 529 2706 ἀπόλλυσι,
569 2639 666 2710 τὴν
701 2640 914 2693 ἀδικίαν
942 2643 970 2694 6
1011 2640 1238 2704 δίκαιος,
1261 2642 1360 2710 τὴν
1385 2640 1764 2709 ὑπερηφανίαν
1799 2642 1826 2690 6

241 2733 493 2804 μέτριος,
516 2735 544 2784 6
576 2733 765 2795 εὖνους
797 2733 888 2785 τὸν
918 2732 1129 2800 φθόνον,
1165 2736 1193 2786 6
1222 2733 1561 2801 ἀγαπητικὸς
1588 2733 1686 2802 τὴν
1724 2734 1828 2784 ἀπ-

239 2823 702 2895 ἐχθειανίὨσπ-ερ
727 2826 832 2894 γὰρ
858 2826 886 2877 6
914 2826 970 2876 ὲν
992 2823 1070 2894 τῷ
1103 2825 1419 2892 Εὐαγγελίῳ
1444 2823 1639 2891 τυφλὸς
1669 2813 1827 2892 εὗρεν

243 2914 275 2966 ὃ
311 2914 388 2984 μὴ
423 2910 589 2983 εἶχεν,
619 2917 682 2967 ἐκ
715 2914 808 2968 τοῦ
839 2914 1100 2967 ἀπολέσαι
1123 2914 1151 2967 ὃ
1179 2906 1326 2981 sile“
1359 2906 1460 2975 τῆς
1490 2910 1602 2982 τὰρ
1633 2912 1827 2980 τυφλῦ-

243 3021 408 3074 meo;
439 3004 846 3075 ἀφαιρεθείσης,
876 3003 1023 3075 ἡτοῦ
1049 3003 1226 3073 φωτὸς
1257 3001 1604 3071 ἀντεισήλθεν
1642 3003 1782 3072 αὐγή
1809 3017 1821 3030 ’

1926 517 2018 584 qui
2067 520 2196 570 sunt
2253 511 2444 567 talium
2491 507 2648 577 egeni
2695 505 3027 568 divitiarum,
3079 511 3133 554 et
3181 497 3314 552 alias
3368 511 3501 566 epes

1924 617 2116 658 omnes
2176 599 2378 655 diaboli
2440 596 2653 651 beatius
2712 593 2929 663 quidem
2994 599 3081 644 est
3145 602 3213 640 ne
3277 586 3502 639 omnino

1924 690 2144 759 quidem
2207 684 2507 757 possidere,
2561 690 2619 737 ut
2660 697 2848 738 eorum
2891 694 3011 750 qum
3054 691 3152 732 nos
3192 675 3498 743 inquinanl.

1924 790 2210 830 careamus
2266 773 2491 828 omnino
2544 768 2917 842 possessione.
2973 763 3091 819 Non
3157 763 3340 816 minus
3401 775 3500 812 au-

1924 873 2031 918 tem
2085 864 2287 916 bonum
2332 869 2417 917 est
2463 858 2510 914 ei
2561 871 2722 927 quem
2769 855 2910 910 mala
2958 852 3157 907 invasit
3199 848 3499 920 possessio,

1926 966 2014 1004 res
2044 948 2315 1018 ejusmodi
2371 961 2492 1018 quae
2520 945 2587 999 ab
2637 945 2759 1015 ipso
2789 942 3142 1013 possidentur
3173 936 3422 1008 perdere.
3449 944 3503 988 et

1837 1063 1852 1080 ε
1925 1039 2148 1091 omnino
2175 1037 2375 1091 delere.
2401 1034 2508 1089 Sed
2539 1048 2725 1087 eorum
2751 1031 2969 1100 quidem
2997 1043 3103 1082 non
3128 1041 3250 1081 esse
3275 1023 3501 1078 omnino

1920 1125 2239 1195 participes,
2299 1121 2490 1177 melius
2529 1130 2633 1183 est,
2689 1133 2853 1188 quam
2886 1124 2945 1170 ut
2983 1115 3038 1169 id
3067 1114 3288 1169 evenire
3329 1110 3502 1180 possit

1928 1213 2177 1265 humanae
2204 1221 2430 1272 naturae,
2462 1206 2558 1263 sed
2588 1222 2713 1260 cum
2746 1205 3020 1274 acceperit
3056 1217 3119 1256 ea
3169 1199 3413 1263 abolere,
3445 1197 3501 1250 id

1925 1299 2086 1351 situm
2109 1307 2192 1352 est
2217 1297 2272 1351 in
2322 1296 2559 1350 hominis
2619 1301 2905 1363 potestate.
2968 1289 3152 1343 Solius
3208 1288 3390 1356 itaque
3417 1291 3502 1338 est

1929 1383 2139 1436 Domini
2180 1383 2318 1436 nihil
2370 1380 2628 1436 habuisse
2658 1393 2846 1434 eorum
2881 1392 3003 1447 qua:
3037 1375 3280 1446 possidet
3309 1373 3503 1426 adver-

1925 1473 2128 1532 sarius.
2178 1473 2271 1540 qui
2306 1485 2494 1523 earum
2531 1484 2669 1539 quas
2732 1483 2832 1522 nos
2862 1466 3012 1537 passi
3039 1479 3230 1519 sumus
3260 1461 3502 1516 aﬂectio-

1927 1578 2053 1613 unm
2086 1561 2184 1613 fuit
2214 1560 2486 1630 particeps
2505 1566 2699 1629 przeter
2722 1563 3027 1628 peccatum.
3057 1572 3077 1604 α
3108 1552 3270 1607 Venit
3297 1551 3498 1611 enim,»

1925 1649 2120 1716 inquit,
2177 1666 2195 1698 ι
2237 1650 2491 1716 princeps
2543 1644 2713 1715 hujus
2767 1642 2976 1707 mundi,
3015 1651 3070 1696 et
3115 1641 3171 1694 in
3227 1656 3312 1694 me
3367 1637 3504 1692 nihil

1928 1735 2134 1788 invenit
2161 1750 2225 1788 ex
2252 1733 2485 1802 prapriis
2509 1733 2579 1788 ".
2613 1751 2638 1785 ο
2685 1731 2936 1800 Seipsuln
2987 1736 3167 1782 autem
3222 1743 3318 1797 per
3375 1726 3504 1781 dili-

1929 1833 2141 1892 gentem
2173 1837 2478 1890 expurgare
2526 1819 2924 1890 paenitentiam,
2977 1817 3083 1871 hoc
3105 1831 3325 1886 quoque
3375 1814 3505 1870 licet

1928 1910 2111 1964 videre
2140 1911 2194 1964 in
2227 1909 2538 1963 hominibus
2567 1907 2660 1978 qui
2692 1923 2751 1963 se
2780 1907 2930 1976 ipsos
2975 1907 3252 1960 illustrant
3287 1902 3506 1957 virtuti-

1928 1997 2051 2050 bus.
2085 1997 2284 2050 Amisit
2313 1995 2517 2050 Paulus
2549 1995 2743 2049 malam
2785 1994 3182 2048 incredulitatis
3207 1990 3507 2061 posst-ssio-

1923 2100 2048 2137 nem
2084 2099 2180 2154 per
2203 2099 2326 2137 eum
2358 2083 2451 2151 qui
2481 2083 2534 2136 in
2559 2082 2678 2151 ipso
2705 2093 2964 2152 operatur
2991 2081 3222 2150 gratiam
3267 2078 3504 2149 prophe-

1929 2173 2059 2226 tiae:
2129 2173 2321 2241 plenus
2367 2178 2549 2228 autem
2609 2169 2712 2223 l'uit
2759 2169 3019 2226 thesauro
3048 2183 3210 2238 quem
3265 2166 3499 2237 qualisiit.

1929 2267 2167 2320 Perdidit
2190 2265 2363 2321 lsaias
2385 2265 2441 2320 in
2479 2264 2651 2320 divini
2700 2264 2957 2320 carbonis
2987 2262 3310 2333 purgatione
3331 2259 3494 2330 quid-

1926 2359 2054 2427 quid
2085 2359 2138 2412 in
2166 2374 2225 2414 se
2256 2365 2372 2412 erat
2393 2357 2697 2418 sordidum,
2730 2367 2784 2412 et
2809 2357 3060 2418 verbum,
3090 2361 3145 2409 et
3183 2354 3499 2423 cogitatum.

1925 2448 2220 2517 Propterea
2251 2452 2490 2519 repletus
2513 2447 2624 2503 fuit
2655 2455 2849 2503 saneto
2901 2445 3129 2517 Spiritu.
3163 2443 3349 2498 Perdit
3381 2443 3506 2511 qui-

1930 2541 2057 2596 libet
2078 2543 2130 2594 in
2160 2542 2280 2609 ejus
2307 2540 2453 2610 quod
2479 2548 2564 2596 est
2605 2540 2801 2594 melius
2854 2537 3292 2608 participatione,
3339 2534 3505 2604 quid-

1927 2633 2055 2700 quid
2091 2633 2410 2701 intelligitur
2432 2631 2487 2686 ei
2517 2647 2640 2686 esse
2665 2631 3020 2684 contrarium.
3057 2627 3149 2682 Sic
3193 2636 3504 2696 temperans

1922 2723 2105 2792 perdit
2127 2722 2620 2791 intemperantiam,
2678 2721 2862 2790 justus
2913 2719 3266 2788 iujustitiam,
3314 2719 3502 2772 mode-

1928 2822 2046 2868 stus
2066 2814 2397 2882 superbiam,
2434 2811 2732 2867 benevolus
2793 2811 3076 2876 invidiam,
3122 2809 3215 2879 qui
3249 2817 3336 2864 est
3373 2809 3504 2864 cha-

1928 2905 2090 2957 ritate
2112 2903 2377 2972 pmditus
2415 2901 2753 2958 inimicitias.
2785 2901 3068 2967 Quomodo
3088 2900 3231 2955 enim
3265 2900 3357 2971 qui
3387 2911 3506 2954 erat

1927 3010 2105 3050 caecus
2143 2997 2195 3048 in
2257 2994 2568 3063 Evangelio,
2633 2994 2838 3048 invenit
2886 2993 3030 3063 quod
3085 3008 3200 3048 non
3245 2993 3501 3050 habebat:

240 3099 343 3148 καὶ
365 3097 459 3147 ἐπὶ
489 3096 584 3148 τοῦ
620 3095 843 3166 λεπροῦ,
872 3095 966 3148 τοῦ
999 3095 1202 3158 πάθους
1234 3093 1638 3163 ἀφανισθέντος,
1672 3094 1825 3164 ήτῆς

1928 3087 2109 3142 ablata
2157 3086 2302 3141 cnim
2325 3086 2594 3149 caecitate,
2617 3085 2737 3154 ejus
2760 3086 2882 3140 loco
2903 3085 3176 3140 successit
3247 3081 3504 3152 splendor

242 3187 435 3255 ὑγείας
480 3188 836 3258 ἐπανέρχεται
887 3190 1047 3260 χάρις
1073 3205 1088 3218 ο
1115 3189 1208 3240 καὶ
1237 3189 1328 3241 ἐπὶ
1351 3188 1460 3240 τῶν
1501 3191 1564 3240 ἐκ
1597 3187 1825 3240 θανάτου

235 3278 622 3348 ἀνισταμένων
653 3281 686 3348 ἡ
739 3279 1002 3349 νεκρότης
1032 3282 1097 3350 τῇ
1135 3279 1406 3349 παρουσίᾳ
1430 3280 1527 3347 τῆς
1559 3278 1701 3346 ζωῆς
1727 3279 1828 3329 ὑπ-

241 3367 546 3437 εχώρησεν·
566 3368 740 3431 οὕτως
770 3370 863 3421 καὶ
885 3369 978 3420 ἐπὶ
1001 3369 1101 3438 τῆς
1122 3371 1488 3439 προκειμένης
1515 3371 1647 3437 ἡμῖν
1677 3369 1826 3437 φιλο-

243 3461 442 3528 σοφίας
471 3462 571 3514 οὐκ
604 3460 718 3513 ἔστι
753 3478 806 3512 τι
852 3461 960 3513 τῶν
1007 3460 1224 3530 ὑψηλῶν
1261 3459 1584 3528 κτήσασθαι,
1619 3461 1690 3530 μὴ
1729 3461 1825 3529 τὴν

240 3550 375 3618 περὶ
396 3548 466 3599 τὰ
493 3549 656 3619 γήῖνά
681 3565 742 3602 τε
771 3548 866 3601 καὶ
906 3549 1136 3601 ταπεινά
1169 3548 1403 3619 σπουδὴν
1434 3550 1821 3613 ἀπολέσαντας.

257 3640 348 3691 Ἐν
382 3640 490 3708 γὰρ
520 3639 596 3710 τῷ
617 3641 788 3694 ταῦτα
807 3641 1100 3713 εὑρίσκειν,
1119 3640 1416 3694 ἀπόλλυται
1451 3643 1580 3710 ἡμῖν
1601 3641 1668 3694 τά
1694 3659 1826 3712 προ·

239 3729 542 3799 τιμότερα·
583 3732 675 3784 καὶ
717 3731 781 3783 τὸ
825 3731 1082 3801 ἔμπαλιν,
1110 3733 1144 3801 ἦ
1185 3731 1388 3784 τούτων
1429 3731 1691 3794 ἀπώλεια,
1725 3733 1825 3803 τῆς

245 3821 355 3873 τῶν
409 3822 611 3890 τιμίων
662 3823 930 3894 εὑρέσεως
983 3823 1240 3892 πρόξενος
1282 3826 1590 3894 γενήσεται.
1642 3826 1824 3880 Ταῦτα

243 3910 404 3982 παρὰ
428 3912 528 3981 τῆς
565 3912 659 3966 τοῦ
694 3913 893 3986 Κυρίου
938 3914 1122 3983 φωνῆς
1156 3915 1576 3987 μεμαθήκαμεν·
1608 3937 1626 3968 ε
1651 3920 1706 3972 ’0
1733 3920 1822 3971 εὑ-

245 4008 362 4081 ρὼν
390 4009 488 4079 τὴν
529 4007 705 4078 ψυχὴν
733 4004 897 4059 αὐτοῦ
939 4005 1193 4058 ἀπολέσει
1222 4006 1391 4076 αὐτὴν
1409 4047 1423 4069 ,
1456 4009 1549 4061 καὶ
1576 4010 1604 4061 ὁ
1633 4011 1823 4062 ἀπολέ-

243 4117 348 4163 σας
379 4100 478 4171 τὴν
503 4099 682 4169 ψυχὴν
709 4098 874 4151 αὐτοῦ
917 4099 1102 4153 ἕνεκεν
1137 4098 1291 4168 ἐμοῦ,
1335 4099 1556 4168 εὑρήσει
1585 4103 1772 4171 αὐτὴν.
1803 4123 1820 4152 ι

239 4192 321 4244 ’τὸ
347 4191 459 4262 γὰρ
491 4191 548 4244 ἐν
587 4193 698 4252 τοῖς
739 4189 880 4242 κατά
927 4189 1025 4259 τὴν
1077 4189 1208 4259 ὕλην
1250 4189 1704 4260 σπουδαζομένας
1729 4195 1827 4260 τὴν

243 4283 423 4352 ψυχὴν
452 4281 739 4353 εὑρεθῆναι
779 4281 950 4334 αἴτιον
981 4281 1188 4348 γίνεται
1223 4278 1317 4332 τοῦ
1345 4281 1401 4332 ἐν
1421 4284 1532 4343 τοῖς
1555 4282 1828 4351 ἀληθινοῖς

241 4374 475 4442 ἀγαθοῖς
501 4373 671 4444 αὐτὴν
701 4373 775 4444 μὴ
805 4373 1092 4443 εὑρεθῆναι
1113 4391 1124 4403 ·
1150 4376 1244 4427 καὶ
1263 4374 1323 4427 τὸ
1352 4374 1608 4445 ἔμπαλιν,
1639 4379 1670 4445 ἡ
1701 4377 1828 4428 τού-

1932 3177 2106 3241 lueis;
2162 3187 2216 3231 et
2253 3178 2309 3232 in
2340 3177 2576 3246 leproso,
2607 3177 2790 3231 ablato
2824 3176 3016 3232 morbo
3036 3175 3177 3230 redit
3205 3173 3380 3243 gratia
3409 3188 3502 3227 sa-

1931 3276 2152 3338 nitatis;
2183 3282 2236 3327 et
2261 3275 2316 3328 in
2351 3275 2417 3329 iis
2437 3273 2528 3342 qui
2561 3280 2794 3343 surgunt
2828 3287 2857 3325 a
2888 3271 3144 3334 mortuis,
3185 3270 3506 3323 adveniente

1929 3369 2032 3421 vita
2062 3382 2210 3422 mors
2259 3366 2468 3422 recedit
2511 3386 2530 3422 ε
2574 3368 2650 3421 ita
2712 3366 2878 3420 etiam
2932 3364 2989 3418 in
3030 3365 3312 3434 proposita
3346 3363 3503 3416 nobis

1925 3458 2290 3528 pliilosOphia,
2323 3458 2439 3514 ﬁeri
2468 3474 2576 3514 non
2600 3465 2782 3528 potest
2837 3464 2896 3511 ut
2923 3456 3127 3526 aliquid
3159 3455 3505 3524 possideatur

1925 3567 2115 3604 eorum
2189 3566 2313 3620 qua:
2379 3558 2508 3605 sunt
2569 3549 2804 3614 excelsa,
2887 3547 2994 3602 nisi
3073 3563 3254 3602 rerum
3330 3556 3504 3600 terre-

1922 3659 2120 3698 narum
2178 3651 2233 3698 et
2304 3643 2590 3698 humilium
2671 3643 2912 3698 studium
2982 3639 3348 3695 amiserimus.
3429 3637 3504 3690 Ea

1924 3736 2070 3788 enim
2146 3733 2470 3789 inveniendo
2527 3741 2753 3802 pereunt
2813 3732 2973 3788 nobis
3015 3746 3138 3801 quae
3168 3739 3296 3784 sunt
3363 3746 3504 3800 prae-

1927 3826 2216 3881 stantiora.
2272 3824 2340 3878 Et
2384 3833 2576 3880 contra
2640 3839 2831 3878 eorum
2907 3823 3134 3878 amissio
3190 3825 3506 3893 procumbit

1931 3917 2301 3971 inventionem
2351 3930 2532 3970 rerum
2581 3915 2966 3984 pretiosarum.
3000 3913 3128 3970 ﬂare
3159 3914 3450 3970 ἀίιΙίι-ἱιιιιιε
3474 3933 3502 3965 a

1925 4026 2061 4066 voce
2087 4010 2300 4065 Domini
2337 4027 2350 4063 :
2391 4027 2411 4062 ι
2458 4008 2568 4076 Qui
2600 4010 2806 4064 invenit
2839 4009 3076 4064 animam
3103 4023 3280 4072 suam,
3319 4006 3506 4076 perdet

1926 4117 2046 4155 eam
2083 4120 2096 4156 :
2128 4108 2182 4155 et
2233 4099 2329 4170 qui
2377 4099 2616 4171 perdidit
2673 4100 2910 4154 animam
2952 4115 3108 4156 suam
3141 4111 3361 4170 propter
3397 4117 3500 4158 me,

1931 4192 2167 4246 inveniet
2197 4190 2372 4260 ipsam
2413 4191 2476 4245 ".
2517 4210 2536 4243 ι
2571 4190 2725 4258 Quod
2771 4192 2915 4246 enim
2972 4191 3192 4245 inventa
3223 4193 3294 4246 sit
3322 4191 3502 4241 anima

1931 4283 1984 4336 iu
2049 4282 2117 4338 iis
2172 4296 2406 4350 quorum
2453 4281 2697 4336 studium
2755 4281 3059 4336 collocatur
3110 4280 3167 4335 in
3249 4280 3498 4337 materia,

1933 4388 2097 4426 causa
2125 4382 2207 4426 est
2233 4381 2293 4424 ut
2321 4373 2436 4440 ipsa
2468 4386 2577 4424 non
2611 4371 2925 4426 inveniatur
2964 4370 3018 4424 in
3049 4369 3194 4424 veris
3223 4369 3403 4424 bouis.
3439 4367 3504 4419 l£t

245 4484 357 4520 των
381 4466 636 4537 στέρησις
663 4467 757 4518 καὶ
777 4465 1041 4527 ἀπώλεια,
1067 4466 1178 4518 τῶν
1204 4466 1573 4537 ἐλπιζομένων
1593 4467 1825 4539 ὖπαρξις

1933 4469 2146 4526 contra,
2170 4475 2358 4516 eorum
2386 4460 2618 4529 privatio
2644 4468 2700 4515 et
2729 4459 2974 4526 amissio,
2991 4459 3226 4514 edicitur
3246 4459 3504 4512 substan-

246 4554 478 4622 γίνεται.
510 4572 528 4604 ι
551 4555 614 4607 Τί
633 4555 742 4625 γάρ
763 4554 1050 4621 ὠφελεῖται
1079 4556 1362 4626 ἄνθρωπος
1385 4557 1479 4609 ἐὰν
1507 4558 1600 4610 τὸν
1626 4558 1826 4627 κόσμον

246 4642 384 4700 ελον
404 4646 667 4719 κερδήσῃ,
688 4647 790 4719 τὴν
806 4647 1054 4720 δέψυχὴν
1078 4649 1242 4702 αὐτοῦ
1261 4651 1510 4722 ζημιωθῇ
1535 4666 1548 4715 ;
1581 4671 1675 4703 ›-‹
1709 4653 1838 4703 Και-

252 4730 373 4802 ρὸς,
407 4751 426 4782 ι
457 4734 609 4802 φησὶ,
642 4752 660 4784 ι
686 4733 779 4786 τοῦ
800 4733 1054 4804 ζητῆσαι,
1080 4735 1172 4787 καὶ
1203 4735 1390 4806 καιρὸς
1407 4735 1500 4787 τοῦ
1518 4735 1796 4790 ἀπολέσαι.
1813 4756 1830 4788 ι

258 4825 322 4876 Εἰ
345 4825 523 4877 τοίνυν
551 4825 796 4896 ἔγνωμεν
813 4828 866 4880 τί
897 4829 1013 4879 ἐστι
1035 4827 1094 4878 τὸ
1114 4826 1443 4897 ζητούμενον
1470 4827 1680 4899 κέρδος,
1703 4829 1730 4879 ὃ
1754 4829 1840 4882 διὰ

249 4915 342 4967 τοῦ
383 4914 646 4968 ἀπολέσαι
666 4916 737 4970 τὰ
774 4917 960 4980 κακῶς
990 4917 1258 4988 κτηθέντα
1285 4918 1693 4989 εὐρίσκεται,τδ
1729 4923 1825 4994 μὲν

247 5003 596 5073 ζητήσωμεν,
627 5004 687 5057 τὸ
710 5005 768 5057 δὲ
792 5007 1144 5076 ἀπολέσωμεν
1166 5023 1178 5036 ·
1211 5006 1278 5060 τά
1311 5007 1451 5061 καλά
1479 5007 1826 5082 ζητήσωμεν.

249 5096 316 5147 τὰ
356 5095 504 5148 κακὰ
535 5096 909 5168 ἀπολέσωμεν.
936 5099 1130 5162 Καλῶς
1154 5099 1212 5152 δὲ
1248 5102 1342 5153 καὶ
1391 5104 1684 5172 προσφυῶς
1717 5107 1831 5167 τοῖς

250 5185 745 5256 προεξητασμένοις
785 5190 878 5241 καὶ
904 5191 935 5260 ἡ
982 5191 1268 5244 ἀκολουθία
1294 5193 1403 5246 τῶν
1431 5195 1828 5264 γεγραμμένων

249 5277 534 5344 ἐπάγεται.
558 5280 694 5350 Φησὶ
713 5283 838 5351 γάρ’
863 5300 880 5332 ι
906 5283 1108 5353 Καιρὸς
1143 5284 1236 5336 τοῦ
1270 5285 1499 5354 φυλάξαι
1519 5287 1612 5339 καὶ
1643 5287 1830 5358 καιρὸς

250 5366 344 5419 τοῦ
375 5368 676 5425 ἐκϐαλεῖν.»
705 5372 771 5424 Τί
791 5371 1054 5441 φυλάξαι;
1082 5375 1331 5445 Δηλονότι
1359 5377 1420 5428 τὸ
1448 5377 1668 5446 εὑρεθὲν
1696 5379 1827 5448 ἡμῖν

251 5461 316 5511 ὲκ
340 5461 439 5528 τῆς
464 5457 760 5530 ζητήσεως.
781 5462 846 5515 Τί
871 5464 1152 5531 ἐκϐαλεῖν;
1201 5467 1407 5519 Ἐκεῖνο
1430 5467 1670 5531 πάντως,
1703 5463 1762 5519 οὗ
1790 5471 1822 5538 ή

247 5549 497 5604 ἀπώλεια
537 5551 832 5607 λυσιτελεῖν
883 5556 1161 5626 ἐνομίσθη.
1222 5555 1467 5626 Ἐγένετο
1521 5573 1600 5610 σοι
1652 5559 1830 5630 νόημα

323 5735 372 5764 ⁸⁵
416 5734 754 5798 Μιιιιμιιλσῶ.
837 5740 878 5769 ¹⁶
917 5737 1071 5793 Joan.
1099 5742 1318 5802 χιι-,ὂψ

1402 5743 1442 5772 ³⁷
1483 5740 1671 5795 Matth.
1702 5757 1752 5802 Χ,
1779 5738 1867 5794 59.

1932 4553 2005 4607 tia
2032 4567 2223 4607 eorum
2255 4567 2376 4621 qua:
2392 4560 2701 4620 sperantur.
2738 4570 2759 4602 ι
2810 4550 2949 4616 Quid
2970 4549 3119 4606 enim
3147 4551 3369 4620 prodest
3408 4549 3504 4601 hu-

1931 4645 2064 4699 mini
2098 4645 2147 4700 si
2191 4652 2365 4700 totum
2409 4643 2670 4699 mundum
2707 4645 2968 4706 lucretur,
2997 4642 3269 4710 jacturam
3321 4650 3502 4694 autem

1927 4736 2095 4791 faciat
2126 4736 2320 4790 animae
2343 4737 2424 4788 ‘3?
2448 4755 2466 4787 ι
2491 4765 2560 4774 --
2581 4753 2601 4786 ι
2627 4734 2864 4804 Tempus
2893 4742 2996 4799 est,
3031 4752 3050 4784 ι
3079 4733 3275 4803 inquit,
3299 4750 3317 4782 ι
3353 4748 3502 4802 qua:-

1933 4829 2084 4883 rendi
2119 4837 2175 4882 et
2212 4835 2424 4897 tempus
2459 4836 2544 4883 est
2587 4828 2892 4881 amittendi.
2949 4845 2967 4878 ι
3038 4825 3097 4880 Si
3131 4841 3261 4896 ergo
3295 4828 3503 4879 sriinus

1931 4917 2062 4986 quid
2088 4919 2160 4972 sit
2192 4918 2400 4971 lucrum
2431 4919 2576 4988 quod
2603 4920 2885 4987 quaritur,
2916 4918 3060 4986 quod
3091 4917 3308 4985 quidem
3342 4933 3406 4969 ex
3438 4931 3505 4969 eo

1933 5009 2381 5079 invenitur,quod
2404 5011 2666 5080 perierint
2686 5025 2804 5080 qua:
2828 5011 2966 5063 male
2991 5025 3242 5079 possessa
3265 5009 3501 5070 fuerant,

1932 5103 2064 5157 illud
2118 5104 2340 5172 quidem
2395 5117 2742 5172 quaeramus,
2797 5101 2902 5154 hoc
2953 5117 3082 5154 vero
3147 5101 3504 5157 amittamus:

1931 5195 2074 5250 bona
2104 5209 2437 5264 quaeramus,
2487 5195 2627 5246 mala
2681 5194 3019 5248 amittamus.
3059 5195 3225 5249 llecte
3250 5204 3506 5248 autemet

1935 5287 2182 5356 apposite
2215 5285 2284 5340 iis
2306 5301 2428 5355 quae
2450 5285 2602 5354 prius
2629 5294 2757 5338 sunt
2783 5285 3116 5350 examinata,
3152 5285 3505 5356 subiungitur

1935 5378 2326 5446 consequentia
2352 5391 2541 5431 eorum
2573 5391 2694 5445 qua:
2727 5375 2932 5444 scripta
2981 5385 3130 5430 sunt.
3161 5375 3300 5432 Dicit
3328 5379 3500 5442 enim,

1940 5489 1958 5521 ι
1998 5469 2234 5538 Tempus
2265 5475 2352 5523 est
2379 5467 2658 5530 servandi,
2692 5473 2747 5520 et
2794 5473 3006 5536 tempus
3036 5478 3120 5522 est
3168 5468 3445 5538 ejiciendi.
3483 5489 3502 5521 ι

1937 5563 2076 5628 Quid
2111 5561 2402 5616 servandi?
2433 5559 2488 5615 Id
2529 5562 2741 5617 scilicet
2786 5561 2929 5632 quod
2960 5576 2989 5616 a
3022 5563 3183 5620 nobis
3223 5563 3504 5620 inventum

1949 5740 1991 5769 η
2035 5739 2222 5793 Matth.
2253 5755 2362 5802 xw,
2385 5737 2474 5791 2'5.
