3846 6220
407 275 510 329 795

1643 283 1705 340 S.
1738 283 2061 339 GREGOBII
2094 285 2386 344 NYSSENI

3551 302 3655 356 721

401 406 486 448 est
513 409 579 450 ex
603 393 976 463 inquisitione.
1008 394 1148 462 Quid
1167 396 1462 464 ejiciendi?
1490 397 1544 454 Id
1575 400 1787 456 scilicet
1816 400 1960 469 cujus

2077 403 2266 470 δεξιὸν,
2302 407 2548 479 εἰσῆλθεν
2578 408 2838 481 ἐπιθυμία
2876 411 2972 467 τοῦ
3003 413 3129 467 ἰδεῖν
3157 414 3248 469 τὸν
3271 414 3424 484 Θεὸν,
3460 416 3653 488 ἐδίψη·

403 487 755 541 amissionem
777 488 1150 544 existimatum
1173 501 1256 546 est
1285 491 1557 547 conferre.
1597 490 1728 546 Orta
1754 501 1840 548 est
1873 493 1971 546 tibi

400 577 544 631 bona
592 579 878 648 cogitatio,
935 588 988 635 te
1061 581 1288 636 incessit
1358 583 1692 638 desiderium
1753 585 1970 640 videndi

398 667 591 735 Deum,
621 672 792 726 sitivit
823 673 1003 727 anima
1023 683 1111 728 tua
1134 676 1200 730 ad
1235 674 1400 730 Deum
1436 675 1653 739 fortem,
1692 678 1870 732 vivum
1905 679 1969 745 ι’,

397 763 496 818 tibi
539 773 662 818 orta
718 773 803 819 est
847 766 1111 835 appetitio
1146 775 1203 821 ut
1239 783 1390 822 esses
1421 768 1476 822 in
1516 770 1672 824 atriis
1700 768 1915 824 Domini
1953 785 1966 822 :

396 853 536 907 atria
571 862 752 908 autem
786 854 995 910 Domini
1033 865 1192 915 sunt.
1223 873 1344 913 meo
1366 859 1583 928 quidem
1601 859 1832 928 judicio,
1861 861 1972 914 vir-

395 952 547 1000 tutes
572 963 696 1001 cum
748 949 950 1018 quibus
998 950 1208 1005 habitat
1269 953 1436 1017 ratio,
1467 960 1520 1006 et
1549 953 1862 1024 quicunque
1889 967 1970 1008 se-

393 1041 584 1111 quitur
616 1041 908 1096 rationem.
942 1042 1067 1097 llaec
1092 1045 1328 1106 custodi.
1361 1060 1431 1100 ne
1457 1045 1552 1099 tibi
1587 1045 1808 1100 sinuant
1838 1046 1970 1100 divi-

395 1134 486 1189 tiae
538 1133 868 1189 mundarum
923 1138 1123 1190 mentis
1182 1137 1615 1206 possessionum.
1661 1139 1969 1208 Ingreditur

393 1226 663 1297 quaepiam
721 1229 997 1282 contraria
1046 1227 1326 1300 cogitatio,
1381 1239 1645 1300 tanquam
1709 1231 1797 1285 fur
1854 1247 1965 1286 non

392 1319 742 1383 manifestus,
768 1335 888 1392 qua:
921 1321 1154 1376 mundas
1205 1321 1452 1392 proﬂigat
1481 1322 1858 1391 cogitationes,
1902 1340 1966 1380 ea

391 1417 477 1472 est
522 1410 792 1480 ejicienda
810 1422 864 1465 et
891 1426 922 1465 a
945 1422 1123 1467 mente
1139 1412 1501 1468 amandanda.
1529 1413 1587 1468 In
1613 1429 1677 1468 ea
1698 1415 1842 1470 enim
1871 1417 1969 1472 dc—

392 1507 684 1567 turbanda,
739 1513 859 1561 tuto
888 1509 1306 1562 conservabitur
1357 1508 1517 1563 nobis
1551 1507 1817 1562 honorum
1854 1511 1968 1565 the-

391 1587 612 1652 saurus.
641 1597 698 1651 Si
729 1609 912 1651 autem
935 1613 1041 1651 non
1074 1595 1241 1652 fuerit
1262 1596 1436 1666 ejecta
1458 1611 1578 1668 quae
1600 1597 1797 1667 perdit,
1831 1601 1964 1655 nihil

393 1691 530 1745 lucri
563 1691 988 1760 possidebimus,
1033 1690 1308 1745 latronum
1341 1691 1436 1760 qui
1473 1705 1662 1746 muros
1701 1691 1964 1748 eﬂodiunt

393 1780 608 1838 insidiis
633 1781 1000 1837 difﬂuentibus
1021 1779 1399 1837 facultatibus.

462 1873 729 1940 Quoniam
811 1889 943 1941 ergo
1013 1881 1228 1943 tempus
1310 1877 1587 1944 querendi
1647 1877 1962 1942 didicimus,

395 1984 418 2018 ο
451 1967 632 2022 omnis
664 1977 842 2021 autem
873 1965 962 2036 qui
1004 1968 1218 2036 quaerit,
1249 1967 1452 2022 invenit
1487 1971 1536 2002 “
1566 1987 1579 2023 :
1612 1988 1634 2022 ι
1667 1978 1725 2024 ιιι
1748 1986 1964 2041 perma-

392 2067 517 2113 neat
550 2057 698 2129 quod
737 2059 1020 2113 inventum
1066 2067 1170 2124 est,
1199 2059 1458 2114 thesauro
1499 2061 1811 2132 diligentem
1861 2063 1964 2115 ali-

391 2166 556 2220 quam
626 2151 972 2220 imponamus
1015 2149 1341 2204 custodiam.
1412 2170 1431 2202 ι
1475 2151 1656 2215 Omni,
1707 2170 1726 2204 ι
1765 2153 1961 2222 inquit,

396 2259 416 2291 ι
458 2241 710 2294 custodia
755 2255 915 2294 serva
966 2254 1062 2293 cor
1093 2248 1245 2294 tuum
1277 2241 1344 2304 ⁹¹,
1395 2261 1412 2292 ι
1452 2250 1509 2295 ut
1544 2253 1828 2312 postquam
1878 2243 1964 2296 in-

389 2332 626 2396 veneris,
662 2332 942 2386 custodias
975 2331 1250 2386 inventam
1305 2334 1554 2403 gratiam,
1607 2341 1686 2397 ut,
1728 2334 1960 2403 exempli

391 2436 580 2485 causa,
606 2422 700 2490 qui
732 2422 799 2474 ad
836 2421 992 2476 fidem
1020 2423 1278 2487 accessit,
1303 2423 1594 2491 puritatem
1633 2424 1840 2476 invenit
1868 2439 1964 2491 per

388 2511 686 2567 lavacrum.
718 2510 824 2565 Sed
853 2512 1023 2580 major
1056 2520 1137 2566 est
1170 2511 1321 2565 labor
1349 2511 1403 2564 in
1433 2511 1791 2566 custodiendo
1814 2511 1959 2580 quod

388 2600 621 2670 accepit,
693 2615 856 2668 quam
917 2602 971 2654 in
1019 2601 1346 2655 inveniendo
1399 2602 1547 2670 quod
1587 2617 1696 2655 non
1748 2603 1956 2656 habuit.

387 2691 671 2758 Quomodo
700 2707 830 2760 ergo
849 2692 1171 2748 dicebamus
1201 2708 1306 2747 non
1349 2693 1534 2762 aliquo
1572 2702 1818 2763 tempore
1846 2696 1958 2748 cir-

385 2784 680 2839 cumscribi
742 2785 1202 2854 opportunitatem
1263 2785 1594 2849 inveniendi,
1645 2785 1740 2840 sed
1789 2794 1956 2839 totam

385 2879 550 2933 vitam
590 2894 714 2933 esse
739 2895 905 2932 unum
943 2889 1156 2948 tempus
1184 2878 1337 2931 bona:
1359 2879 1504 2932 illius
1536 2879 1907 2948 inquisitionis
1939 2898 1952 2933 :

387 2973 459 3026 ita
488 2973 650 3027 etiam
680 2979 894 3041 tempus
941 2971 1205 3026 custodia
1231 2979 1398 3023 totam
1435 2972 1598 3024 vitam
1631 2973 1807 3026 metiri
1833 2988 1958 3042 pro-

2078 514 2169 551 σεν
2193 501 2227 571 ἡ
2258 500 2402 573 ψυχή
2429 517 2524 555 σου
2545 503 2684 575 πρὸς
2707 505 2799 558 τὸν
2824 504 2957 558 Θεὸν
2973 506 3064 561 τὸν
3089 508 3425 579 ίσχυρὸν,τὺν
3447 509 3653 575 ζῶντα,

2074 589 2236 656 πόθος
2285 593 2496 660 ἐγένετό
2540 611 2621 647 σοι
2661 593 2756 647 τοῦ
2805 596 2862 648 ἐν
2903 598 3024 660 ταῖς
3070 597 3258 662 αὐλαῖς
3305 599 3394 651 τοῦ
3441 599 3655 669 Κυρίου

2072 685 2322 754 γενέσθαι
2343 705 2359 720 ο
2398 688 2556 741 αὑλαὶ
2583 689 2628 741 δ’
2660 690 2726 742 ἂν
2749 685 2856 742 εἶεν
2897 689 2990 742 τοῦ
3024 692 3249 760 Κυρίου,
3280 695 3420 746 κατά
3458 710 3523 761 γε
3553 692 3652 747 τὸν

2071 779 2202 848 ἐμὸν
2238 779 2412 847 λόγον,
2449 781 2506 833 αἱ
2535 781 2746 852 ἀρεταὶ,
2769 775 2858 844 αἷς
2878 782 3251 846 συναυλίςεται
3272 784 3301 835 6
3329 783 3507 851 λόγος,
3533 784 3650 836 ’καὶ

2070 873 2180 934 πᾶς
2221 875 2250 926 6
2281 873 2359 942 τῷ
2409 872 2553 944 λόγῳ
2590 875 2871 944 ἑπόμενος.
2905 875 3090 929 Ταῦτα
3141 873 3408 943 φύλαξον,
3440 875 3520 936 ὼς
3567 874 3649 946 μὴ

2068 960 2391 1032 διαρῤυῆναί
2427 979 2508 1016 σοι
2557 964 2649 1017 τὸν
2676 965 2902 1018 πλοῦτον
2936 965 3050 1019 τῶν
3088 965 3344 1036 καθαρῶν
3385 969 3486 1036 τῆς
3525 967 3647 1019 δια-

2069 1055 2218 1119 νοίας
2247 1055 2966 1127 κτημάτων.Παρεισδύεταί
2988 1073 3072 1119 τις
3098 1056 3354 1126 λογισμὸς
3376 1057 3646 1120 ἐναντίος,

2068 1141 2178 1200 οἷόν
2207 1164 2292 1212 τις
2329 1148 2583 1220 λαθραῖος
2619 1149 2861 1219 κλέπτης
2889 1147 3196 1218 ἀφανισμὸν
3242 1147 3350 1200 τῶν
3383 1147 3651 1218 καθαρῶν

2069 1239 2358 1310 νοημάτων
2385 1240 2724 1311 ποιούμενος,
2758 1240 3048 1310 ἐκϐλητέος
3077 1235 3230 1302 οὗτος
3259 1239 3352 1291 καὶ
3382 1239 3645 1304 ἀποπεμ-

2069 1332 2227 1395 πτέος
2253 1333 2354 1402 τῆς
2383 1332 2639 1398 διανοίας.
2677 1335 2766 1387 ‘Ev
2805 1331 2915 1404 γάρ
2943 1333 3022 1403 τῷ
3050 1333 3258 1386 ἐκεῖνον
3291 1329 3643 1396 ἀπώσασθαι,

2064 1424 2131 1477 δι’
2154 1425 2451 1494 ἀσφαλείας
2478 1428 2609 1496 ἡμῖν
2631 1427 2662 1480 6
2692 1426 2799 1480 τῶν
2830 1425 3048 1494 ἀγαθῶν
3079 1425 3347 1496 θησαυρὸς
3365 1424 3644 1496 φυλαχθη-

2066 1530 2240 1567 σεται.
2280 1515 2343 1566 Εί
2383 1514 2440 1567 δὲ
2479 1515 2554 1586 μὴ
2600 1514 2886 1586 ἐκϐληθείη
2914 1517 2943 1568 6
2989 1513 3376 1584 λυμαινόμενος
3402 1553 3417 1579 ,
3445 1513 3642 1584 κέρδος

2065 1607 2216 1659 οὑδέν
2245 1606 2397 1661 ἔσται
2417 1608 2516 1678 τῆς
2544 1610 2804 1679 κτήσεως,
2828 1610 2886 1660 ἐν
2910 1611 2974 1679 τῇ
3001 1608 3110 1660 τῶν
3131 1605 3484 1677 τοιχωρύχων
3512 1608 3639 1660 ἐπι-

2067 1697 2228 1769 ϐουλῇ
2251 1699 2347 1771 τῆς
2381 1700 2640 1770 εὐπορίας
2662 1699 3059 1772 ὑπορρεούσης.

2147 1882 2362 1948 Ἐπειδὴ
2391 1877 2482 1937 οὖν
2503 1882 2746 1953 ἐδιδάχθη
2756 1900 2853 1953 μεν
2869 1883 2960 1936 τὸν
2969 1881 3160 1953 καιρὸν
3170 1883 3266 1937 τοῦ
3277 1886 3478 1957 ζητεῖν,
3490 1903 3509 1936 ι
3529 1886 3642 1947 πᾶς

2063 1965 2120 2018 δὲ
2141 1967 2173 2020 6
2193 1969 2366 2041 ζητῶν
2381 1968 2644 2040 εὑρσίκει,
2671 1986 2690 2020 i
2713 1969 2862 2028 ὅπως
2886 1968 2953 2022 ἂν
2979 1969 3039 2022 τὸ
3067 1970 3287 2041 εὑρεθὲν
3320 1970 3639 2044 παραμένῃ.

2064 2055 2264 2127 ἀκριϐῆ
2291 2072 2412 2109 τινα
2437 2054 2515 2124 τῷ
2541 2055 2800 2127 θησαυρῷ
2825 2059 2924 2130 τὴν
2952 2063 3194 2132 φρουρὰν
3225 2065 3637 2134 ὲπιστήσωμεν.

2071 2167 2090 2200 ι
2118 2147 2274 2220 Πάσῃ
2304 2148 2569 2219 φυλακῇ,›
2599 2151 2752 2219 φησι,
2771 2171 2789 2204 ι
2812 2157 2963 2222 τήρει
2987 2153 3083 2220 σὴν
3105 2154 3346 2225 καρδίαν,
3372 2173 3391 2206 ι
3413 2154 3554 2225 μετὰ
3577 2154 3646 2207 τὸ

2063 2241 2242 2313 εὑρεῖν
2264 2239 2346 2310 τῷ
2371 2240 2601 2310 φυλάξαι
2619 2241 2717 2312 τὴν
2739 2241 3051 2312 εὑρεθεῖσαν
3067 2242 3227 2312 χάριν
3243 2261 3256 2273 ·
3279 2239 3393 2298 οἷον
3421 2241 3581 2314 εὗρεν
3610 2247 3642 2299 ό

2064 2331 2376 2403 προσελθὼν
2397 2335 2462 2403 τῇ
2491 2333 2667 2384 πίστει
2687 2333 2786 2402 τὴν
2800 2331 2888 2384 διὰ
2907 2331 2998 2384 τοῦ
3014 2333 3238 2402 λουτροῦ
3263 2333 3637 2406 scaeam-ca.

2075 2422 2234 2475 Ἀλλά
2266 2422 2464 2492 μείζων
2495 2424 2524 2474 6
2562 2422 2717 2484 πόνος
2740 2423 2801 2474 ἐν
2837 2422 2915 2492 τῷ
2949 2422 3178 2492 φυλάξαι
3205 2423 3232 2476 6
3265 2425 3479 2486 ἐλαϐεν,
3515 2427 3549 2496 ἢ
3582 2428 3640 2479 ἐν

2059 2513 2138 2582 τῷ
2158 2514 2336 2584 εὑρεῖν
2365 2513 2394 2565 ὃ
2413 2513 2517 2565 οὑκ
2544 2507 2708 2583 εἶχεν.
2733 2513 2941 2586 ’Ὠσπερ
2961 2511 3056 2568 οὗν
3091 2514 3317 2587 εἴπομεν
3351 2517 3426 2586 μὴ
3459 2517 3645 2588 χρόνῳ

2059 2607 2166 2658 τινὶ
2195 2606 2295 2675 τὴν
2322 2603 2414 2658 τοῦ
2471 2603 2652 2674 ζητεῖν
2689 2605 2974 2676 εὐκαιρίαν
3029 2609 3459 2681 περιορίζεσθαι,
3497 2610 3641 2662 ἀλλά

2060 2701 2236 2750 πάντα
2267 2697 2356 2750 τὸν
2391 2696 2502 2767 βίον
2526 2698 2619 2750 ἕνα
2650 2698 2837 2768 καιρὸν
2879 2695 3016 2752 εἶναι
3040 2701 3137 2770 τῆς
3173 2702 3385 2772 ἀγαθῆς
3420 2704 3640 2775 ἐκείνης

2059 2789 2371 2860 ζητήσεως·
2403 2787 2546 2842 οὕτω
2587 2791 2682 2843 καὶ
2725 2791 2816 2844 τὸν
2855 2793 2952 2862 τῆς
2973 2792 3219 2863 φυλακῆς
3256 2793 3448 2862 καιρὸν
3488 2796 3641 2865 πάσῃ

2056 2885 2122 2953 τῇ
2159 2882 2270 2952 ζωῇ
2302 2881 2616 2952 μετρεῖσθαι
2662 2883 3100 2952 ἀποφαινόμεθα·
3131 2884 3228 2954 τὴν
3249 2887 3424 2956 αὑτὴν
3454 2888 3638 2956 φωνὴν

2057 2976 2152 3044 τῆς
2182 2974 2518 3045 προφητείας
2551 2976 2640 3028 καὶ
2664 2975 2760 3028 νῦν
2791 2978 3178 3047 παραθέμενοι,
3205 2981 3306 3051 τὴν
3333 2980 3638 3048 λέγουσαν·

386 3065 725 3130 ιιυιιιὶοιιιυε,
755 3063 944 3119 eadem
968 3079 1099 3117 voce
1136 3065 1430 3132 prophetiae
1454 3080 1598 3118 nunc
1621 3081 1840 3135 quoque
1862 3064 1954 3118 ad-

2065 3083 2082 3116 ι
2115 3066 2178 3118 υί
2207 3064 2473 3134 ὀφθαλμοί
2502 3082 2604 3135 μου
2631 3065 2921 3129 διαπαντὸς
2952 3067 3089 3137 πρὸς
3121 3067 3210 3119 τὸν
3269 3067 3505 3134 Κύριονο
3560 3068 3640 3120 ὅτ.

384 3157 569 3220 ducta,
595 3172 716 3227 qua:
747 3156 913 3210 dicit:
944 3175 961 3206 ι
992 3155 1146 3210 Oculi
1177 3157 1280 3208 mei
1309 3171 1525 3225 semper
1542 3158 1606 3210 ad
1635 3156 1954 3213 Dominum:

385 3251 643 3316 quoniam
682 3249 800 3317 ipse
837 3246 1031 3301 evellet
1069 3261 1134 3299 ex
1181 3247 1374 3315 laqueo
1426 3247 1589 3315 pedes
1633 3263 1783 3303 meos
1822 3250 1888 3302 ²².
1933 3268 1950 3300 ι

385 3339 444 3394 in
469 3339 572 3393 hoc
600 3339 744 3393 enim
776 3338 1077 3407 poterimus
1110 3337 1266 3392 nobis
1309 3339 1574 3408 integram
1610 3347 1664 3392 et
1694 3342 1955 3394 intactam

383 3445 712 3487 conservare
747 3430 944 3484 bonam
998 3431 1424 3499 possessionem,
1471 3431 1616 3501 quod
1649 3430 1816 3485 Deum
1844 3442 1959 3487 sta-

385 3536 605 3579 tuamus
634 3531 946 3578 nostrarum
971 3536 1150 3576 rerum
1181 3524 1487 3577 custodem.
1537 3524 1768 3589 Quando
1809 3527 1953 3578 enim

384 3615 530 3668 oculi
579 3615 682 3668 mei
709 3629 923 3684 semper
971 3612 1176 3667 fuerint
1220 3614 1286 3668 ad
1322 3613 1635 3678 Dominum,
1665 3625 1794 3670 tunc
1821 3617 1958 3670 nihil

386 3713 641 3776 poterunt
695 3705 908 3760 eilicere
962 3705 1139 3774 laquei
1185 3705 1510 3768 adversarii,
1549 3723 1645 3776 per
1673 3724 1815 3771 quos
1867 3710 1958 3764 ille

384 3799 610 3851 molitur
658 3797 886 3852 insidias
966 3798 1034 3853 iis
1091 3815 1211 3868 qua:
1264 3810 1392 3854 sunt
1449 3799 1646 3854 animae
1695 3802 1955 3871 pretiosa.

388 3906 410 3940 ι
465 3887 583 3942 Non
621 3889 735 3952 des,
788 3908 806 3940 ›
849 3889 1045 3959 inquit,
1106 3909 1123 3939 ι
1177 3891 1231 3944 in
1288 3891 1704 3945 commotionem
1767 3892 1955 3962 pedem

383 3992 560 4046 tuum,
611 3989 667 4034 ct
714 3998 820 4035 non
849 3981 1163 4036 dormitahit
1192 3983 1286 4050 qui
1328 3983 1568 4036 custodit
1617 3991 1671 4037 te
1702 3983 1767 4036 ³³.
1811 4002 1829 4034 υ
1864 3982 1959 4038 Est

382 4087 513 4143 ergo
544 4086 782 4141 pmsens
813 4083 1102 4128 contextus
1130 4089 1473 4142 consequens
1501 4075 1548 4128 ei
1592 4075 1685 4144 qui
1725 4090 1958 4143 praeces-

383 4165 472 4222 sit.
508 4165 600 4219 Ille
625 4164 1058 4234 jussitquazrere
1097 4177 1152 4219 ut
1199 4166 1544 4220 inveniamus
1578 4185 1592 4221 :
1647 4168 1736 4221 hic
1767 4167 1960 4222 suadet

382 4256 664 4313 custodire
700 4273 768 4311 ne
796 4258 1105 4326 perdamus.
1161 4256 1353 4312 Modus
1379 4268 1558 4312 autem
1587 4261 1833 4314 servandi
1858 4261 1958 4314 bo-

381 4364 452 4402 na
481 4358 566 4404 est
593 4349 646 4403 in
677 4349 960 4418 ejiciendis
990 4351 1056 4403 iis
1089 4351 1603 4420 quaeintelliguntur
1633 4367 1699 4405 ex
1730 4360 1952 4405 contra-

381 4439 495 4505 rio;
525 4441 797 4510 quomodo
820 4440 1076 4510 oppidum
1109 4440 1251 4508 quod
1287 4441 1590 4506 obsidetur,
1649 4442 1821 4496 tutius
1847 4457 1944 4495 cu-

381 4530 824 4599 stoditurejectis
854 4531 1264 4601 proditoribus:
1312 4533 1553 4602 quandiu
1600 4542 1780 4588 autem
1827 4543 1956 4589 sunt

382 4625 551 4688 intus,
584 4626 758 4694 magis
785 4624 1118 4679 insidiantur
1147 4625 1182 4678 ii
1225 4625 1318 4694 qui
1372 4626 1561 4689 latent,
1593 4640 1757 4696 quam
1790 4627 1826 4680 ii
1862 4628 1956 4696 qui

382 4728 510 4772 sunt
531 4717 702 4786 aperti
732 4717 936 4771 hostes.
961 4716 1199 4786 Tempus
1223 4725 1309 4771 est
1334 4717 1504 4782 enim,
1545 4718 1744 4788 inquit,
1769 4728 1956 4774 custo-

380 4809 587 4871 diendi,
617 4817 671 4863 et
697 4819 908 4877 tempus
939 4809 1252 4876 abiiciendi.

449 4901 606 4968 Quod
681 4912 862 4955 autem
940 4901 1197 4970 deinceps
1257 4902 1523 4972 sequitur,
1573 4904 1810 4958 animam
1885 4903 1954 4959 ad

379 4994 640 5063 majorem
715 4993 782 5046 de
839 4993 1000 5047 rebus
1088 5009 1210 5063 quae
1289 4993 1494 5048 cadunt
1578 4995 1680 5050 sub
1755 4995 1957 5050 intelli-

379 5087 616 5153 gentiam
694 5085 916 5140 deducit
987 5085 1415 5155 philosophiam.
1483 5087 1735 5141 Ostendit
1808 5088 1953 5142 enim

377 5176 526 5247 quod
578 5176 911 5232 universitas
959 5184 1046 5231 est
1125 5175 1228 5230 sibi
1285 5177 1390 5246 ipsi
1447 5178 1782 5239 continens,
1851 5193 1953 5231 nec

377 5284 646 5339 compago
702 5283 892 5324 eorum
941 5284 1064 5337 qua:
1115 5267 1319 5323 cadunt
1363 5268 1466 5322 sub
1513 5269 1952 5338 intelligentiam,

379 5361 549 5414 ullam
585 5362 750 5418 habet
793 5359 1151 5423 solutionem,
1193 5361 1287 5416 sed
1332 5370 1418 5414 est
1463 5361 1714 5430 quaedam
1761 5377 1952 5416 eorum

379 5467 502 5520 qua
528 5461 678 5518 sunt,
706 5453 850 5508 inter
883 5468 942 5509 se
973 5453 1204 5508 invicem
1250 5452 1611 5521 conspiratio.
1637 5451 1824 5522 Neque
1857 5454 1952 5509 ει).

384 5541 624 5598 scissum
656 5553 740 5600 est
768 5545 1086 5601 universum
1120 5544 1192 5600 ab
1220 5559 1284 5599 ea
1311 5558 1436 5613 qua
1469 5552 1554 5600 est
1595 5558 1784 5599 secum
1815 5560 1952 5598 con-

455 5721 499 5754 "
531 5722 676 5779 Psal.
707 5741 818 5795 ιιι,
849 5726 904 5781 2.
983 5728 1026 5760 '°
1067 5726 1256 5782 Matth.
1289 5743 1384 5793 vn,
1416 5726 1469 5782 8.
1546 5727 1588 5759 "
1631 5725 1790 5783 Prov.
1829 5744 1905 5794 tv,
1933 5729 2026 5785 23.

2061 3158 2222 3219 αὐτὸς
2273 3157 2539 3210 ἐκσπάσει
2571 3158 2634 3210 ἐκ
2683 3157 2905 3224 παγίδος
2955 3159 3080 3220 τοὺς
3123 3157 3290 3219 πόδας
3333 3155 3457 3226 μου.
3489 3176 3511 3210 ι
3559 3158 3641 3211 Ἐν

2056 3249 2230 3318 τούτῳ
2272 3249 2382 3318 γάρ
2412 3249 2527 3300 ἐστι
2564 3248 2628 3301 τὸ
2663 3247 2860 3301 ἄσυλον
2891 3246 2990 3318 τὴν
3027 3247 3234 3318 ἀγαθὴν
3268 3251 3465 3318 κτῆσιν
3506 3251 3639 3319 ἡμῖν

2059 3337 2441 3408 φυλάττεσθαι,
2478 3338 2538 3390 ὲν
2581 3337 2662 3408 τῷ
2698 3338 2788 3390 τὸν
2807 3337 2937 3390 Θεὸν
2975 3337 3192 3405 φύλακα
3214 3337 3322 3390 τῶν
3349 3338 3644 3411 ἡμετέρων

2058 3430 2406 3502 ποιήσασθαι.
2444 3429 2616 3484 Ὅταν
2646 3430 2752 3501 γὰρ
2777 3433 2826 3482 οἱ
2851 3429 3117 3500 ὀφθαλμοί
3150 3447 3250 3500 μου
3277 3424 3379 3483 ὦσι
3413 3432 3642 3485 διαπαν-

2055 3523 2146 3585 τὸς
2193 3522 2329 3591 πρὸς
2367 3522 2458 3575 τὸν
2496 3521 2731 3594 Κύριον,
2765 3524 2884 3575 τότε
2929 3523 3198 3593 ἄπρακτοι
3241 3522 3511 3590 γένωνται
3546 3523 3644 3576 τοῦ

2057 3616 2429 3686 ἀντικειμένου
2479 3615 2535 3667 αἱ
2591 3613 2818 3681 παγίδες
2839 3655 2853 3678 ,
2886 3613 2951 3666 δι’
2984 3607 3059 3666 ὧν
3099 3615 3305 3676 ἐκεῖνος
3337 3615 3448 3666 τῶν
3479 3617 3540 3667 ἐν
3574 3618 3642 3686 τῇ

2055 3708 2200 3778 ψυχῇ
2228 3707 2424 3776 τιμίων
2454 3706 2551 3776 τὴν
2580 3706 2866 3776 ἐπιϐουλὴν
2887 3706 3222 3776 τεχνάζεται.
3253 3723 3274 3758 ι
3301 3705 3395 3776 Μὴ
3428 3705 3596 3776 δώῃς.
3616 3723 3641 3758 ι

2060 3801 2242 3869 φησὶν,
2281 3818 2300 3850 ι
2336 3801 2414 3862 είς
2458 3797 2618 3852 σάλον
2642 3797 2734 3851 τὸν
2763 3797 2896 3850 πόδα
2927 3813 3044 3860 σου,
3071 3798 3166 3851 καλ⁵
3213 3797 3272 3850 οὑ
3317 3797 3576 3862 νυστάξει
3611 3799 3648 3852 ὁ

2060 3892 2366 3962 φυλάσσων.
2412 3909 2431 3944 ι
2461 3888 2670 3943 Οὐκοῦν
2698 3887 2989 3952 ἀκόλουθος
3019 3890 3052 3958 ἡ
3088 3887 3336 3959 παροῦσα
3373 3891 3538 3959 ῥῆσις

2059 3983 2352 4054 προάγοντι
2385 3982 2550 4050 λόγῳ.
2587 3981 2823 4043 Ἐκεῖνος
2854 3979 3105 4032 ἐκέλευσε
3134 3979 3315 4050 ζητεῖν
3353 3979 3446 4031 ἶνα
3473 3978 3648 4050 εὔρω-

2063 4092 2190 4145 μεν,
2221 4069 2372 4136 οὗτος
2404 4072 2698 4140 φυλάσσειν
2737 4071 3113 4142 συμϐουλεύει,
3136 4071 3224 4124 ἵνα
3253 4069 3328 4141 μὴ
3361 4071 3649 4125 ἀπολέσω-

2063 4181 2181 4234 μεν.
2221 4163 2278 4216 Ὀ
2305 4162 2360 4215 δέ
2397 4161 2488 4214 τοῦ
2523 4161 2808 4230 φυλάττειν
2829 4162 2896 4212 τὰ.
2937 4159 3117 4228 ἀγαθά
3150 4161 3349 4231 τρόπος
3377 4160 3532 4212 ἐστὶν
3589 4162 3648 4213 ἐν

2060 4257 2136 4327 τῷ
2181 4254 2462 4309 ἐκϐάλλειν
2505 4252 2574 4305 τὰ
2603 4255 2667 4304 ἐκ
2693 4251 2787 4305 τοῦ
2818 4251 3059 4304 ἐναντίου
3098 4250 3364 4319 νοούμενα
3397 4266 3411 4279 °
3449 4248 3650 4321 ὥσπερ

2061 4347 2153 4400 ἐπὶ
2170 4347 2266 4416 τῆς
2287 4341 2696 4412 πολεμουμένης
2723 4340 2926 4402 πόλεως
2953 4339 3333 4409 ἀσφαλεστέρα
3359 4338 3594 4406 γίνεται,
3611 4342 3646 4409 ή

1987 4407 2032 4462 D
2061 4407 2273 4508 φρουρὰ
2309 4407 2711 4503 τῶν-προδοτῶν
2741 4431 3114 4502 ἐκϐληθέντων
3147 4448 3161 4462 ·
3191 4407 3298 4496 ἕως
3321 4431 3365 4484 δ’
3398 4431 3466 4485 ἂν
3492 4407 3648 4494 ἐντος

2059 4523 2181 4589 ὦσι,
2222 4525 2419 4596 μᾶλλον
2465 4522 2869 4576 ἐπιϐουλεύουσι
2906 4521 3014 4574 τῶν
3045 4521 3296 4592 φανερῶν
3328 4521 3546 4592 ἐχθρῶν
3597 4525 3648 4576 oi

2060 4618 2430 4679 λανθάνοντες.
2466 4617 2670 4686 Καιρὸς
2705 4615 2834 4688 γάρ,
2857 4615 3040 4686 φησὶν,
3070 4612 3166 4667 τοῦ
3206 4613 3530 4683 φυλάσσειν,
3553 4615 3650 4668 καὶ

2061 4712 2249 4782 καιρὸς
2278 4709 2372 4763 τοῦ
2403 4708 2704 4761 ἐκϐάλλειν.

2141 4893 2205 4946 'H
2247 4891 2304 4945 δὲ
2350 4891 2546 4961 ἐφεξῆς
2595 4887 2884 4944 ἀκολουθία
2917 4886 3010 4941 τοῦ
3049 4887 3210 4957 λόγου
3282 4889 3362 4951 είς
3416 4888 3646 4958 μείζονά

2060 5009 2183 5047 τινα
2227 4991 2324 5061 τὴν
2371 4992 2498 5058 περὶ
2549 4986 2657 5039 τῶν
2701 4983 2906 5056 νοητῶν
2960 4984 3280 5053 φιλοσοφίαν
3324 4986 3428 5054 τὴν
3461 4985 3643 5056 ψυχὴν

2061 5085 2203 5152 ἄγει.
2257 5081 2503 5135 Δείκνυσι
2545 5078 2654 5148 γὰρ
2687 5077 2768 5130 ὅτι
2814 5077 3035 5145 συνεχές
3063 5077 3180 5128 ἐστι
3213 5075 3273 5127 τὸ
3309 5077 3419 5127 πᾶν
3465 5077 3644 5146 ἐαυτῷ

2060 5178 2154 5232 καὶ
2185 5177 2285 5228 οὑκ
2313 5175 2424 5245 ἔχει
2453 5171 2574 5225 τινὰ
2597 5171 2749 5222 λύσιν
2775 5171 2807 5240 ἠ
2845 5168 3078 5238 ἁρμονία
3105 5167 3213 5220 τῶν
3243 5169 3474 5236 νοητῶν,
3511 5168 3646 5222 ἀλλά

2057 5271 2143 5333 τίς
2184 5269 2300 5320 ἐστι
2338 5265 2611 5335 σύμπνοια
2639 5262 2746 5314 τῶν
2775 5261 2944 5313 ὄντων
2974 5259 3111 5330 πρὸς
3145 5259 3371 5331 ἄλληλα.
3402 5261 3516 5314 Καὶ
3549 5261 3644 5313 οὑκ

2054 5359 2379 5429 ἀπέσχισται
2426 5355 2486 5408 τὸ
2513 5355 2621 5407 πᾶν
2647 5353 2748 5422 τῆς
2778 5353 2916 5424 πρὸς
2943 5352 3134 5404 ἑαυτὸν
3168 5351 3490 5419 συναφείας,
3528 5349 3642 5404 ἀλλ’

2051 5455 2110 5506 ἐν
2151 5451 2230 5522 τῷ
2264 5446 2404 5503 εἶναι
2461 5449 2610 5518 μένει
2650 5445 2720 5498 τά
2771 5445 2950 5498 πάντα
2983 5448 3047 5514 τῇ
3081 5443 3176 5496 τοῦ
3219 5443 3372 5505 ὄντος
3413 5443 3643 5512 δυνάμει

2053 5543 2548 5617 περικρατούμενα.
2579 5539 2652 5592 Τὸ
2690 5538 2748 5591 δὲ
2787 5537 2958 5600 δντως
2994 5535 3076 5599 ὃν,
3113 5535 3146 5608 ἢ
3193 5534 3326 5591 αὑτὸ
3366 5534 3641 5606 ἀγαθότης

2101 5728 2147 5762 ⁸³
2183 5724 2328 5782 Psal.
2361 5739 2504 5788 xxiv,
2551 5721 2635 5776 l3.
2715 5719 2760 5751 "
2795 5717 2943 5775 Psal.
2980 5732 3107 5785 cxx,
3133 5717 3170 5772 ὅ
