3846 6220
221 312 336 370 725

1259 325 1324 379 ΙΝ
1369 326 1912 384 ECCLESIASTEN.
1956 327 2241 384 HOMILIA
2270 326 2377 381 VII.

3361 317 3468 374 726

219 427 397 492 ἐστὶν,
422 429 461 500 ἢ
497 430 552 483 εἴ
565 447 616 484 τι
642 431 780 504 ὑπὲρ
815 433 972 486 τοῦτό
992 451 1074 496 τις
1111 436 1316 489 ἐπινοεῖ
1341 441 1674 508 σημαντικὸν
1705 441 1802 508 τῆς

1913 440 2206 508 iunctione,
2239 438 2334 494 sed
2364 438 2418 490 in
2464 435 2704 491 essentia
2737 443 2958 489 manent
3007 432 3213 493 omnia,
3247 438 3307 484 ut
3343 447 3468 500 qua:

215 520 504 592 ἀφθάρτου
533 523 746 590 φύσεως
767 526 957 596 ὄνομα.
987 527 1109 590 Πῶς
1141 527 1185 579 δ’
1214 529 1279 582 ἄν
1306 546 1390 591 τις
1419 529 1799 600 εῦροινέκείνου

215 611 398 682 ὄνομα
453 615 588 683 ὅπερ
644 615 785 686 ὑπὲρ
842 616 1015 686 ὄνομά
1070 635 1232 689 φησιν
1263 615 1403 672 εἶναι
1445 622 1479 690 ἡ
1530 620 1647 673 θεία
1708 620 1800 673 τοῦ

238 702 571 756 Ἀποστόλου
605 706 787 776 φωνή;
835 705 975 776 πλὴν
1025 707 1214 780 ὅτιπερ
1271 708 1335 762 ἂν
1384 710 1582 782 εὑρεθῇ
1630 711 1801 782 ὄνομα

220 792 625 862 ἑρμηνευτικὸν
677 797 778 866 τῆς
823 799 1207 868 άνεκφωνήτου
1255 799 1537 870 δυνάμεώς
1588 818 1648 854 τε
1707 803 1803 856 καὶ

223 880 466 948 φύσεως,
491 885 693 953 ἀγαθόν
714 889 832 940 ἐστι
861 888 1077 952 πάντως
1100 889 1160 942 τὸ
1183 892 1598 962 σημαινόμενον.
1631 892 1803 946 Τοῦτο

221 972 412 1024 τοίνυν
443 975 504 1028 τὸ
534 975 736 1044 ἀγαθὸν
777 977 898 1048 ἦτοι
931 977 1071 1050 ὑπὲρ
1107 979 1170 1033 τὸ
1206 981 1428 1048 ἀγαθὸν,
1457 983 1588 1035 αὐτό
1621 1000 1680 1036 τε
1727 982 1804 1046 ὡς

221 1062 448 1132 ἀληθῶς
480 1063 630 1133 ἔστι,
664 1068 761 1120 καὶ
801 1069 869 1122 δι’
899 1070 1060 1123 ἑαυτὸ
1085 1074 1198 1134 τοῖς
1233 1068 1353 1126 οὖσι
1394 1073 1591 1126 δέδωκέ
1624 1091 1682 1126 τε
1709 1075 1804 1127 καὶ

221 1153 412 1208 δίδωσι
451 1157 550 1227 τήν
585 1175 645 1211 τε
685 1157 782 1212 τοῦ
811 1161 1062 1228 γενέσθαι
1088 1161 1316 1233 δύναμιν
1357 1165 1452 1218 καὶ
1493 1164 1591 1235 τὴν
1621 1167 1678 1222 ὲν
1723 1165 1804 1236 τῷ

222 1240 374 1298 εἶναι
412 1247 691 1320 διαμονήν.
728 1251 842 1303 Πᾶν
874 1251 930 1304 δὲ
957 1252 1017 1306 τὸ
1052 1253 1158 1320 ἔξω
1190 1256 1354 1309 αὑτοῦ
1395 1257 1801 1330 θεωρούμενον,

224 1334 540 1407 άνυπαρξία
586 1339 719 1391 ἐστί.
767 1340 840 1392 Τὸ
865 1340 974 1411 γάρ
1007 1341 1112 1406 ἔξω
1144 1342 1238 1396 τοῦ
1271 1344 1424 1408 ὄντος
1455 1347 1513 1399 ὲν
1545 1346 1622 1416 τῷ
1663 1342 1804 1401 εἶναι

219 1425 332 1478 οὐκ
367 1426 532 1480 ἐστιν.
578 1427 729 1481 Ἐπεὶ
759 1427 852 1483 οὖν
883 1430 1287 1503 ἀντιθεωρετται
1312 1436 1378 1505 τῇ
1415 1434 1602 1506 ἀγάπῃ
1631 1438 1664 1505 ή
1703 1453 1804 1489 κα-

225 1517 348 1569 κία·
393 1516 526 1581 Θεὸς
567 1519 624 1572 δὲ
668 1521 701 1590 ἡ
737 1521 1008 1594 παντελὴς
1043 1523 1210 1594 ἀρετή
1233 1539 1244 1551 ·
1276 1523 1381 1588 ἔξω
1414 1526 1522 1595 ἀρα
1552 1525 1645 1578 τοῦ
1670 1525 1804 1578 Θεοῦ

220 1612 263 1676 ἠ
293 1609 492 1671 κακία,
513 1605 581 1681 ἦς
609 1612 642 1680 ἡ
673 1610 833 1680 φύσις
850 1654 864 1677 ,
891 1613 990 1666 οὐκ
1017 1614 1076 1666 ὲν
1103 1612 1180 1683 τῷ
1201 1616 1370 1684 αὐτὴν
1395 1611 1552 1679 εἶναι,
1582 1617 1720 1670 ἀλλά
1747 1619 1804 1670 ὲν

223 1696 311 1766 τῷ
361 1698 560 1765 ἀγαθὸν
596 1699 670 1770 μὴ
704 1695 842 1753 εἶναι
888 1700 1384 1771 καταλαμϐάνεται.
1439 1702 1512 1754 Τὸ
1555 1703 1668 1772 γὰρ
1699 1703 1805 1770 ἔξω

227 1785 326 1837 τοῦ
370 1785 574 1852 ἀγαθοῦ
615 1789 894 1858 ,νοήματος
935 1789 1138 1859 ὄνομα,
1168 1790 1266 1859 τὴν
1308 1791 1507 1845 κακίαν
1537 1771 1801 1863 ἐθέμεθα·
1836 1771 1878 1825 Β

224 1876 408 1940 οὕτως
457 1878 864 1950 ἁντιθεωρείται
905 1880 984 1950 τῷ
1017 1881 1207 1952 ἀγαθῷ
1251 1883 1285 1952 ἡ
1323 1883 1512 1944 κακία,
1550 1882 1628 1947 ὡς
1654 1881 1806 1936 ἀντι-

225 1967 520 2038 διαιρεῖται
553 1969 611 2023 τὸ
638 1970 712 2042 μὴ
735 1970 794 2024 ὃν
821 1971 898 2042 τῷ
926 1971 1057 2025 ὄντι.
1097 1973 1246 2025 Ἐπεὶ
1264 1968 1356 2026 οῦν
1378 1972 1454 2043 τῷ
1476 1973 1808 2044 αύτεξουσίῳ

227 2057 336 2126 τῆς
382 2059 559 2130 ὁρμῆς
602 2061 696 2114 τοῦ
737 2061 942 2130 ἀγαθοῦ
989 2063 1376 2135 ἀπερρύημενο
1423 2063 1611 2135 ὥσπερ
1655 2066 1704 2118 οἱ
1749 2066 1808 2118 έν

232 2152 378 2216 φωτὶ
409 2151 483 2222 μὴ
529 2152 680 2217 ὄντες
715 2155 902 2218 σκότος
929 2154 1176 2223 λέγονται
1219 2155 1436 2225 βλέπειν
1457 2173 1471 2187 ⁸
1505 2159 1563 2209 ἐν
1591 2157 1698 2228 γὰρ
1729 2157 1808 2228 τῷ

230 2243 406 2314 μηδὲν
442 2244 659 2314 βλέπειν
705 2247 822 2298 ἐστὶ
858 2247 919 2298 τὸ
956 2247 1145 2311 σκότος
1183 2247 1429 2317 βλέπεινο
1468 2248 1592 2317 τότε
1636 2251 1669 2319 ὴ
1713 2251 1808 2302 ἀν-

233 2331 515 2403 ύπαρκτος
547 2335 646 2404 τῆς
672 2335 870 2398 κακίας
904 2334 1094 2403 φύσις,
1131 2338 1188 2389 ὲν
1220 2340 1334 2400 τοῖς
1363 2339 1681 2409 ἀπορῤυεῖσι
1713 2336 1807 2391 τοῦ

228 2423 440 2490 ἀγαθοῦ
465 2424 699 2494 οὺσιώθη
720 2465 734 2486 ,
784 2425 906 2494 ἥτις
932 2424 1035 2488 ἕως
1073 2425 1193 2478 τότε
1224 2427 1389 2490 ἐστὶν,
1427 2427 1531 2490 ἓως
1559 2427 1625 2481 ἂν
1647 2429 1810 2497 ἡμεῖς

227 2514 341 2579 ἔξω
365 2515 459 2568 τοῦ
490 2515 695 2584 ἀγαθοῦ
724 2510 896 2586 ὦμεν.
942 2517 1004 2569 Εἰ
1031 2516 1087 2569 δὲ
1119 2516 1284 2569 πάλιν
1311 2516 1466 2588 ἡμῶν
1493 2519 1526 2587 ἡ
1552 2516 1808 2582 αὐτεξού-

234 2621 352 2668 σιος
383 2606 478 2658 τοῦ
508 2605 807 2678 θελήματος
840 2605 1051 2678 κίνησις
1075 2608 1416 2679 ἀπορραγείη
1444 2609 1545 2679 τῆς
1576 2609 1711 2681 πρὸς
1749 2611 1812 2663 τὸ

229 2694 580 2765 ἀνύπαρκτον
621 2695 888 2766 σχέσεως,
920 2697 1014 2749 καὶ
1049 2697 1322 2766 συμφυείη
1351 2695 1428 2767 τῷ
1454 2697 1598 2750 ὄντι·
1633 2699 1812 2751 ἐκεῖνο

231 2786 339 2856 μὲν
368 2786 430 2838 τὸ
455 2788 512 2839 ὲν
536 2788 657 2858 ἐμοὶ
696 2789 894 2858 μηκέτι
927 2785 1065 2842 εἶναι
1107 2788 1334 2859 ἔχουσα,
1365 2788 1488 2842 οὐδὲ
1511 2788 1572 2840 τὸ
1605 2790 1663 2840 ὲν
1689 2789 1812 2859 ἐμοὶ

234 2878 376 2941 ὅλως
414 2877 544 2942 ἕξει.
583 2879 766 2932 Κακὺν
797 2881 904 2950 γὰρ
932 2880 1052 2945 ἔξω
1087 2879 1459 2952 προαιρέσεως
1501 2881 1587 2947 ἐφ’
1617 2879 1810 2933 ἑαυτοῦ

232 2969 488 3039 κείμενον
515 2969 613 3021 οὐκ
639 2968 806 3023 ἐστιν.
842 2969 982 3038 Ἐγὼ
1007 2970 1063 3023 δὲ
1091 2969 1169 3038 τῷ
1195 2968 1410 3038 ἀληθῶς
1436 2967 1549 3023 ὄντι
1578 2971 1814 3040 ἐμαυτὸν

235 3058 650 3130 προσκολλήσας
687 3076 748 3111 τε
776 3059 870 3112 καὶ
914 3057 1253 3129 προσράψας,
1287 3059 1344 3110 ὲν
1373 3057 1450 3128 τῷ
1481 3057 1595 3112 ὄντι
1625 3061 1772 3128 μένω
1794 3097 1807 3119 .

231 3151 268 3204 ὃ
297 3151 384 3204 ἀεί
411 3168 473 3203 τε
493 3146 582 3222 οῆν
630 3152 725 3204 καὶ
762 3151 842 3213 εἰς
882 3151 969 3203 ἀεὶ
1011 3149 1184 3214 ἔσται,
1219 3151 1314 3204 καὶ
1339 3150 1432 3202 νῦν
1469 3150 1602 3204 ἔστι.
1631 3151 1816 3205 Ταῦτά

237 3258 336 3312 μοι
367 3241 514 3295 δοκεῖ
539 3241 607 3295 τὰ
648 3241 896 3312 νοήματα
930 3243 958 3294 ὁ
985 3240 1078 3294 τοῦ
1119 3238 1277 3311 ῥῆξαι
1307 3239 1519 3311 καιρὸς,
1545 3239 1638 3293 καὶ
1666 3241 1694 3292 ό
1722 3239 1815 3292 τοῦ

239 3331 414 3403 ῥάψαι
442 3331 636 3401 καιρὸς
663 3331 1044 3395 ὑποτίθεσθαι,
1075 3331 1140 3384 ἵν’
1175 3331 1580 3402 ἀπορραγέντες
1608 3332 1815 3384 ἐκείνου

231 3419 282 3494 ᾧ
327 3425 515 3488 κακῶς
557 3424 934 3496 συνεφύημεν,
972 3423 1463 3495 πῳσκολληθῶμεν
1502 3423 1726 3492 ἐκείνῳ,
1757 3417 1817 3476 οὗ

237 3517 421 3588 ἀγαθὴ
451 3515 915 3587 ἡπροσκόλλησις.
938 3535 956 3568 ι
979 3516 1132 3587 Ἐμοί⁸
1157 3516 1283 3586 γάρ,
1299 3534 1318 3566 ι
1344 3515 1497 3584 φησι,
1524 3533 1541 3564 ι
1566 3515 1624 3565 τὸ
1648 3531 1816 3586 προσ-

239 3606 543 3660 κολλᾶσθαι
578 3605 656 3676 τῷ
689 3605 809 3677 Θεῷ
847 3605 1047 3675 ἀγαθόν
1081 3607 1218 3670 ἐστι,
1247 3603 1490 3656 τίθεσθαι
1519 3604 1576 3655 ὲν
1609 3602 1684 3673 τῷ
1709 3605 1818 3655 Κυ-

236 3699 348 3772 ρίῳ
375 3698 474 3768 τὴν
504 3696 696 3751 ἐλπίδα
727 3714 885 3768 μου.»
930 3698 1088 3750 Εἴποι
1108 3697 1152 3750 δ’
1182 3697 1246 3750 ἄν
1273 3714 1356 3759 τις
1387 3695 1483 3749 καὶ
1517 3695 1650 3767 πρὸς
1683 3696 1817 3750 ἄλλα

239 3787 414 3842 πολλά
427 3787 525 3858 τὴν
550 3785 743 3858 βουλὴν
760 3787 1046 3857 χρησίμως
1073 3784 1232 3856 ἔχων,
1257 3779 1414 3848 οἷον,ι
1440 3785 1699 3856 Ἐξάρατε
1727 3784 1817 3836 τὸν

236 3881 478 3952 πονηρὸν
530 3879 590 3945 ἐξ
644 3879 795 3948 ὑμῶν
827 3877 1026 3931 αὐτῶν.
1059 3896 1077 3928 ι
1123 3875 1306 3928 Ταῦτα
1337 3873 1548 3928 κελεύει
1600 3877 1628 3928 ὁ
1677 3873 1818 3936 θεῖος

253 3971 579 4034 Ἀπόστολος
603 3971 693 4024 τὸν
721 3972 814 4023 ἐπὶ
839 3973 906 4040 τῇ
934 3968 1234 4040 παρανόμῳ
1264 3966 1406 4038 μίξει
1435 3967 1819 4037 κατεγνωσμέ-

232 4081 332 4120 νον
353 4104 369 4127 ,
400 4063 494 4117 τοῦ
528 4061 706 4116 κοινοῦ
755 4061 856 4130 τῆς
894 4060 1222 4130 Ἐκκλησίας
1255 4057 1618 4130 πληρώματος
1645 4059 1816 4129 ἀπορ-

238 4155 482 4227 ραγῆναι
498 4153 755 4217 κελεύων,
785 4171 802 4203 ι
826 4153 912 4215 Ὡς
927 4150 992 4205 ἂν
1006 4151 1082 4222 μὴ
1095 4153 1319 4222 μικρά,›
1343 4150 1496 4220 φησι,
1521 4148 1696 4219 «ζύμη
1718 4148 1819 4218 τῆς

239 4246 338 4298 τοῦ
391 4243 840 4314 κατεγνωσμένου
881 4241 1112 4306 κακίας,
1169 4241 1288 4293 ὅλον
1332 4240 1393 4292 τὸ
1445 4238 1674 4310 φύραμα
1719 4238 1818 4309 τῆς

241 4334 709 4407 ὲκκλησιαστικῆς
737 4335 898 4405 εὐχῆς
917 4332 1286 4404 ἀχρειώσειεν,
1304 4351 1320 4381 ι
1360 4331 1462 4382 Τὸν
1495 4330 1550 4382 δὲ
1577 4331 1820 4400 ἀπορρα-

241 4386 418 4498 ίγένιττιι.⁶
450 4430 541 4482 διὰ
583 4386 1024 4498 ήςιάμέρτίασςζ
1070 4425 1231 4477 πάλιν
1283 4422 1584 4493 προσάπτει
1610 4386 1699 4474 διά
1853 4432 1898 4488 ι)

241 4521 780 4592 μετανοίας,λέγων-ι
796 4519 910 4570 Ἵνα
928 4517 1002 4588 μὴ
1017 4518 1082 4586 τῇ
1102 4513 1461 4586 περισσοτέρᾳ
1475 4512 1618 4584 λύπη
1641 4529 1824 4566 κατα-

241 4614 428 4685 ποθῇό
448 4611 706 4675 τοιοῦτος.
735 4631 753 4664 ι
776 4610 960 4673 Οῦτως
978 4606 1116 4662 οἶδεν
1134 4607 1405 4677 εὐκαίρως
1430 4622 1488 4658 τε
1516 4604 1823 4676 ἀπορρῆξαι

239 4707 306 4761 τὸ
327 4705 596 4759 σπιλωθὲν
621 4704 785 4775 μέρος
816 4701 908 4754 τοῦ
941 4700 1040 4770 τῆς
1091 4695 1414 4767 Ἐκκλησίας
1443 4693 1696 4765 χιτῶνος
1732 4695 1822 4747 καὶ

243 4799 409 4854 πάλιν
439 4797 709 4866 εὖκαίρως
751 4791 1095 4865 προσράψαι,
1119 4791 1244 4843 ὅταν
1286 4789 1374 4841 διὰ
1411 4789 1508 4858 τῆς
1541 4787 1822 4858 μετανοίας

241 4887 490 4958 ὲκπλυθῇ
531 4886 624 4939 τοῦ
663 4883 1023 4957 μολύσματος.
1056 4882 1167 4933 Καὶ
1213 4879 1380 4932 πολλά
1423 4878 1648 4931 τοιαῦτα
1677 4877 1822 4931 ἔστιν

248 4982 398 5043 ίδεῖν,
429 4980 486 5032 ἕν
518 4995 578 5031 τε
610 4980 721 5040 τοῖς
759 4974 1133 5047 ἀρχαιοτέροις
1166 4971 1274 5025 τῶν
1309 4970 1682 5041 διηγημάτων,
1728 4970 1824 5023 καὶ

241 5075 304 5125 ἐν
345 5071 421 5140 τῷ
452 5070 574 5124 καθ’
603 5070 752 5140 ἡμᾶς
783 5069 902 5139 βίῳ,
935 5069 1034 5120 ὅσα
1063 5067 1120 5118 ὲν
1153 5067 1273 5127 ταῖς
1312 5061 1657 5133 Ἐκκλησίαις
1682 5061 1824 5114 οἰκο-

244 5162 488 5233 νομικῶς
530 5162 876 5214 ὲπιτελεῖται.
907 5158 1097 5212 Οἴδατε
1129 5157 1239 5228 γὰρ
1279 5155 1442 5208 τίνων
1475 5151 1824 5226 ἀπορρηγνύ-

247 5255 426 5326 μεθα,
458 5254 552 5306 καὶ
578 5253 716 5305 τίσιν
756 5253 843 5304 ἀεὶ
872 5245 1354 5320 προσραπτόμεθα.
1390 5245 1502 5316 Τῆς
1533 5245 1640 5316 γὰρ
1674 5243 1824 5314 αἱρέ-

246 5361 388 5407 σεως
414 5342 852 5412 ἀποσχιζόμενοι,
879 5343 946 5411 τῇ
970 5338 1220 5410 εὐσεϐείᾳ
1247 5336 1535 5399 διαπαντὸς
1564 5333 1824 5403 ὲνραπτό-

246 5437 422 5508 μεθαο
455 5435 575 5487 τότε
607 5436 880 5506 ἄρρηκτον
913 5431 1198 5496 βλέποντες
1229 5430 1319 5483 τὸν
1347 5429 1444 5500 τῆς
1498 5425 1824 5496 Ἐκκλησίας

244 5525 482 5597 χιτῶνα,
513 5526 636 5578 ὅταν
664 5525 951 5596 ἀπορραγῇ
980 5522 1077 5592 τῆς
1119 5521 1254 5592 πρὸς
1279 5520 1377 5592 τὴν
1401 5521 1610 5591 αἵρεσιν
1635 5535 1824 5571 κοινω-

1902 532 2292 586 contineantur
2326 531 2446 598 ejus
2481 528 2627 597 quod
2676 537 2761 582 est
2814 533 3105 596 potestate.
3182 522 3237 576 Id
3284 531 3467 576 autem

1903 623 2048 692 quod
2069 637 2196 677 vere
2220 629 2325 687 est,
2358 628 2451 673 aut
2485 629 2572 674 est
2598 620 2716 688 ipsa
2748 633 2846 687 per
2887 633 2946 672 se
2990 617 3232 678 bonitas,
3275 621 3370 667 aut
3421 613 3469 667 si

1903 724 2125 768 natura!
2144 713 2199 766 in
2232 725 2393 780 quam
2423 727 2530 764 non
2564 710 2711 763 cadit
2752 709 3009 762 interitus
3041 705 3214 775 magis
3255 703 3470 773 signiﬁ-

1903 807 2142 861 cativum
2161 817 2357 858 nomen
2389 801 2562 871 possit
2582 799 2834 855 inveniri.
2859 795 3332 865 Quemadmodum
3370 808 3470 846 au-

1903 901 2014 947 tem
2040 891 2442 946 illiusinveniri
2481 895 2666 959 posset
2694 903 2917 953 nomen,
2947 886 3105 956 quod.
3127 899 3250 941 esse
3297 897 3470 953 supra

1903 999 2101 1040 nomen
2129 983 2264 1038 dicit
2301 981 2485 1036 divina
2508 996 2610 1034 vox
2635 979 2881 1051 Apostoli
2898 979 2945 1010 "
2961 979 2986 1031 ἲ
3013 977 3281 1032 (Ζιειει-ιιιη
3296 974 3473 1045 quod-

1903 1091 2123 1147 cunque
2148 1076 2428 1130 inventum
2458 1072 2625 1128 fuerit
2665 1086 2866 1126 nomen
2906 1069 3189 1140 explicans
3221 1066 3473 1122 ineﬂ'abi-

1902 1169 2010 1224 lem
2033 1173 2376 1238 potestatem,
2403 1173 2459 1220 et
2485 1171 2759 1228 naturam,
2786 1163 2988 1216 bonum
3022 1168 3106 1216 est
3127 1159 3353 1213 omnino
3376 1159 3457 1213 si-

1903 1259 2238 1330 gniﬁcatum.
2273 1256 2388 1312 Hoc
2412 1270 2542 1325 ergo
2572 1255 2717 1325 quod
2754 1260 2840 1309 est
2880 1268 2976 1322 per
3008 1267 3068 1307 se
3107 1253 3335 1314 bonum,
3373 1265 3472 1306 seu

1902 1350 2050 1422 quod
2077 1358 2161 1406 est
2193 1365 2359 1420 supra
2404 1350 2628 1412 bonum,
2654 1357 2708 1404 et
2745 1349 2922 1418 ipsum
2952 1361 3078 1401 vere
3107 1354 3212 1407 cst,
3273 1359 3368 1413 per
3404 1360 3465 1398 se

1903 1427 2054 1500 dedit
2074 1453 2129 1499 et
2154 1443 2248 1498 dat
2278 1443 2348 1499 iis
2370 1457 2494 1512 quae
2514 1448 2642 1497 sunt
2680 1441 3019 1500 facultatem,
3060 1445 3119 1492 ut
3157 1439 3470 1508 gignantur,

1903 1543 1959 1593 et
1986 1544 2046 1591 ut
2067 1543 2420 1606 permaneant
2441 1535 2496 1588 in
2520 1533 2785 1590 essentia.
2803 1529 3079 1601 Quidquid
3106 1536 3288 1585 autem
3315 1539 3468 1584 extra

1904 1629 2082 1698 ipsum
2105 1626 2506 1690 consideratur,
2537 1641 2602 1680 eo
2627 1625 2891 1695 redigitur
2923 1632 2982 1676 ut
3015 1638 3126 1678 non
3176 1621 3469 1678 consistat.

1905 1717 2062 1784 Quod
2085 1719 2230 1774 enim
2255 1725 2340 1773 est
2373 1725 2526 1772 extra
2561 1716 2616 1771 id
2631 1715 2776 1786 quod
2807 1724 2913 1778 est,
2946 1728 3057 1768 non
3081 1721 3165 1769 est
3197 1712 3462 1768 essentia.

1907 1810 2174 1874 Quoniam
2207 1825 2339 1880 ergo
2374 1817 2434 1863 ut
2458 1808 2711 1864 cbaritati
2744 1807 3038 1861 adversum
3089 1805 3475 1860 consideratur

1907 1901 2147 1955 vitium:
2178 1900 2323 1956 Deus
2350 1908 2532 1956 autem
2573 1908 2658 1956 est
2700 1899 2946 1971 perfecta
2991 1907 3046 1953 et
3085 1899 3244 1968 plane
3306 1898 3474 1951 abso-

1908 1993 2022 2046 luta
2073 1992 2252 2047 virtus
2281 2011 2294 2046 :
2323 2000 2480 2047 extra
2517 1992 2684 2046 Deum
2733 2006 2866 2061 ergo
2907 1999 2993 2046 εει
3046 1990 3256 2054 vitium,
3313 1989 3476 2057 cujus

1909 2093 2111 2141 natura
2136 2099 2247 2139 non
2288 2085 2346 2139 in
2373 2099 2441 2142 eo
2471 2085 2620 2154 quod
2656 2084 2834 2154 ipsum
2866 2085 2960 2147 sit,
2995 2085 3091 2138 sed
3138 2084 3193 2136 in
3223 2097 3289 2137 eo
3325 2083 3473 2152 quod

1907 2179 2112 2233 bonum
2139 2193 2249 2232 non
2276 2177 2369 2244 sit,
2414 2176 2913 2247 comprehenditur.
2962 2175 3094 2229 Nam
3155 2181 3310 2229 extra
3344 2174 3473 2231 boni

1907 2270 2186 2325 notionem
2220 2269 2338 2322 vitii
2365 2284 2562 2324 nomen
2589 2268 2876 2338 posuimus
2912 2267 3024 2323 :ita
3078 2267 3471 2322 consideratur

1907 2361 2100 2416 vitium
2143 2377 2268 2417 esse
2302 2361 2593 2416 adversum
2634 2360 2803 2423 bono,
2855 2369 2916 2416 ut
2943 2361 2996 2414 id
3025 2358 3174 2429 quod
3210 2371 3320 2412 non
3364 2365 3472 2417 est.

1910 2457 1980 2512 ab
2011 2471 2077 2511 eo
2102 2453 2249 2526 quod
2275 2463 2380 2519 est,
2403 2453 2742 2523 tanquam~ei
2767 2449 3076 2513 adversum,
3093 2448 3471 2519 distinguitur.

1909 2545 2204 2617 Postquam
2241 2559 2372 2600 vero
2405 2544 2576 2600 libera
2613 2540 2826 2597 arbitrii
2855 2537 3033 2593 nostri
3075 2537 3407 2608 appetitione
3445 2553 3476 2590 a

1911 2643 2054 2697 bono
2081 2640 2418 2707 excidimus;
2475 2636 2750 2710 quomodo
2777 2637 2871 2706 qui
2907 2651 3018 2689 non
3053 2642 3182 2689 sunt
3229 2632 3285 2685 in
3333 2631 3475 2685 luce.

1911 2736 2170 2790 dicuntur
2210 2734 2397 2789 videre
2455 2731 2752 2787 tenebras:
2781 2731 2925 2785 idem
2963 2728 3109 2783 enim
3160 2725 3305 2780 valet
3341 2723 3479 2778 nihil

1911 2827 2117 2888 videre,
2151 2825 2296 2895 quod
2335 2823 2587 2879 tenebras
2614 2820 2800 2875 videre
2833 2839 2845 2873 :
2879 2826 3011 2872 tunc
3047 2831 3169 2884 qua:
3201 2830 3312 2869 non
3343 2828 3480 2868 con-

1915 2917 2060 2973 sistit
2087 2917 2429 2979 vitiinatura,
2450 2915 2506 2968 in
2536 2915 2603 2969 iis
2627 2928 2747 2982 quae
2767 2929 2797 2966 a
2824 2913 2968 2966 bono
2990 2909 3352 2970 deﬂuxerunt,
3388 2921 3480 2960 uc-

1914 3010 2058 3079 cepit
2089 3007 2408 3068 essentiam,
2444 3021 2566 3076 quae
2603 3003 2793 3058 tandiu
2825 3012 2931 3067 est,
2975 3001 3219 3071 quantliu
3251 3013 3354 3053 nos
3385 3013 3482 3051 ex—

1842 3103 1884 3160 C
1917 3109 2002 3156 tra
2032 3101 2236 3155 bonum
2267 3113 2478 3154 sumus.
2515 3096 2572 3150 Si
2615 3102 2812 3149 autem
2851 3102 3039 3148 noster
3092 3105 3288 3145 rursus
3343 3088 3482 3140 liber

1915 3193 2214 3250 voluntatis
2275 3199 2455 3244 motus
2523 3186 2878 3242 abscindatur
2931 3187 3000 3238 ah
3033 3200 3095 3238 ea
3141 3180 3482 3245 habitudine,

1917 3299 2038 3356 qua:
2067 3292 2150 3338 cst
2191 3283 2269 3336 illi
2317 3296 2439 3334 cum
2490 3293 2556 3332 eo
2587 3278 2736 3348 quod
2771 3292 2880 3330 non
2929 3283 3110 3345 potest
3156 3273 3482 3334 consistere,

1916 3387 1971 3431 et
1996 3391 2119 3431 cum
2169 3389 2232 3429 eo
2267 3371 2411 3443 quod
2438 3380 2543 3435 est,
2589 3369 2958 3438 conjungatur
2988 3377 3042 3421 et
3065 3367 3338 3420 coalescat
3373 3381 3386 3417 :
3417 3363 3486 3416 il-

1918 3468 2007 3522 lud
2038 3465 2257 3538 quidem
2291 3463 2434 3533 quod
2475 3471 2562 3518 est
2594 3462 2649 3514 in
2683 3475 2789 3524 me,
2822 3475 2949 3514 esse
2983 3474 3091 3513 non
3139 3457 3345 3510 habens
3375 3470 3486 3507 am-

1919 3561 2082 3631 plius,
2117 3573 2216 3612 nec
2244 3556 2388 3626 quod
2420 3563 2503 3610 est
2531 3555 2586 3608 in
2617 3567 2702 3607 me
2729 3550 2948 3621 quidem
2979 3549 3198 3603 habebit
3238 3547 3483 3602 omnino.

1918 3650 2118 3704 Malunt
2167 3649 2310 3704 enim
2359 3656 2515 3702 extra
2554 3645 2783 3699 liberum
2836 3641 3148 3705 arbitrium,
3203 3640 3258 3692 in
3305 3639 3486 3707 seipso

1918 3759 2026 3798 non
2057 3749 2140 3797 est
2167 3741 2355 3797 situm.
2412 3737 2525 3808 Ego
2551 3747 2732 3791 autem
2786 3751 2912 3789 cum
2947 3734 2997 3788 ei
3043 3732 3188 3802 quod
3235 3747 3365 3785 vere
3397 3741 3487 3785 est

1918 3833 2261 3896 adhaeserim,
2290 3840 2344 3886 et
2381 3845 2466 3884 me
2497 3829 2548 3883 ei
2591 3827 2886 3888 assuerim,
2921 3838 3113 3878 maneo
3149 3822 3202 3875 in
3243 3837 3308 3877 eo
3337 3822 3484 3892 quod

1917 3936 2022 3990 est,
2057 3923 2205 3994 quod
2235 3931 2291 3977 et
2319 3936 2535 3990 semper
2563 3925 2704 3984 erat,
2743 3925 2797 3972 et
2827 3930 3046 3984 semper
3081 3913 3208 3977 erit,
3241 3923 3296 3966 et
3341 3929 3489 3967 nunc

1915 4027 2021 4074 est.
2059 4017 2156 4071 llic
2179 4016 2313 4070 mihi
2344 4015 2564 4069 videtur
2593 4026 2719 4067 esse
2773 4023 2978 4064 sensus
3031 4006 3152 4074 ejus
3184 4005 3332 4076 quod
3381 4015 3488 4068 est,

1918 4110 2155 4178 Tempus
2209 4114 2292 4162 est
2331 4102 2643 4174 rumpendi,
2702 4109 2757 4156 et
2783 4111 3004 4169 tempus
3046 4097 3376 4160 cunsuendi,
3429 4105 3491 4150 ut

1919 4203 1988 4257 ab
2018 4201 2111 4255 illo
2143 4197 2359 4266 abrupti
2391 4196 2481 4250 cui
2516 4195 2655 4249 male
2694 4193 3048 4252 adhaesimus,
3089 4190 3167 4243 illi
3219 4189 3492 4244 adheren-

1918 4309 2043 4348 mus
2077 4291 2165 4345 cui
2199 4290 2399 4343 bonum
2431 4296 2516 4341 est
2557 4286 2855 4339 adhaerere.
2903 4304 2920 4332 ι
2955 4282 3082 4336 Mihi
3132 4284 3302 4344 enim,
3337 4301 3355 4334 ι
3405 4283 3493 4335 i't-

2095 4382 2236 4436 ιῡεο
2261 4381 2541 4433 adhaerere
2572 4378 2774 4431 bonum
2815 4384 2918 4439 est,
2957 4389 3162 4443 ponere
3184 4372 3493 4428 inDomino

1926 4493 2076 4547 spem
2105 4489 2278 4530 meam
2297 4473 2363 4526 ³⁵.
2393 4491 2411 4523 ι
2477 4471 2589 4523 Dici
2625 4477 2860 4538 possunt
2897 4468 3067 4520 multa
3114 4483 3336 4536 quoque
3383 4468 3489 4518 alia

1923 4567 1990 4621 ad
2022 4565 2314 4620 consilium
2354 4562 2592 4616 dandum
2621 4559 3056 4622 accommodata,
3084 4567 3142 4612 ut
3180 4576 3194 4611 :
3239 4577 3256 4608 ι
3291 4557 3493 4613 Tollite

1925 4660 2126 4714 malum
2155 4673 2184 4710 a
2219 4657 2372 4710 vobis
2415 4654 2550 4724 ipsis
2574 4653 2642 4705 ".
2675 4672 2692 4702 ο
2729 4651 2852 4704 Haec
2873 4651 3030 4719 jubet
3078 4649 3302 4702 divinus
3347 4650 3494 4718 Apo—

1923 4753 2119 4814 stolus,
2146 4747 2347 4818 jubens
2369 4761 2516 4808 eum,
2543 4745 2634 4814 qui
2660 4743 2954 4797 damnatus
2985 4753 3102 4795 erat
3132 4739 3330 4794 nefarii
3353 4754 3492 4793 con-

1923 4841 2168 4905 cubitus,
2192 4837 2444 4906 abrumpi
2493 4850 2524 4888 a
2559 4835 2836 4888 communi
2889 4840 3161 4888 conventu
3213 4829 3492 4894 Ecclesiae,

1931 4954 1950 4990 ι
1975 4949 2044 4987 nc
2071 4945 2322 5002 parvum,
2355 4928 2554 4998 inquit,
2601 4926 2932 4980 renuentum
2967 4923 3217 4992 vitiiejus
3249 4923 3343 4992 qui
3373 4920 3496 4975 fue-

1925 5035 2011 5079 rat
2036 5026 2346 5086 damnatus,
2402 5019 2907 5076 ecclesiasticarum
2958 5031 3179 5087 precum
3230 5029 3496 5084 consper-

1926 5097 2136 5174 sionem
2175 5124 2344 5170 totam
2380 5114 2576 5168 reddat
2610 5111 2944 5166 inutilem".
2972 5131 2990 5162 ι
3013 5107 3149 5162 Eum
3180 5115 3362 5161 autem
3398 5107 3495 5176 qui

1926 5225 2024 5282 per
2055 5218 2336 5280 peccatum
2381 5206 2561 5260 fuerat
2592 5205 2871 5272 abreptus,
2923 5217 3117 5255 rursus
3165 5199 3342 5254 assuit
3395 5211 3492 5266 per

1928 5303 2328 5375 paenitentiam,
2379 5299 2570 5354 dicens
2605 5315 2617 5352 :
2658 5316 2676 5348 ι
2705 5294 2781 5350 Nc
2833 5294 3001 5348 nimia
3036 5291 3261 5346 tristitia
3297 5290 3495 5344 absor-

1929 5398 2120 5453 beatur
2148 5395 2194 5451 is
2227 5395 2319 5464 qui
2352 5400 2437 5448 est
2489 5387 2890 5462 hujusmodi".
2919 5405 2938 5437 ι
2996 5385 3072 5439 Ita
3106 5384 3258 5438 novit
3297 5389 3354 5437 et
3402 5395 3494 5449 op-

1930 5501 2163 5566 portune
2199 5491 2522 5559 abrumpere
2567 5493 2775 5556 partem
2811 5478 3266 5536 commaculatam
3295 5474 3495 5531 tunicae

321 5706 370 5737 "
407 5702 606 5772 Philip.
647 5719 707 5769 ιι,
733 5701 786 5756 9.
863 5702 906 5732 ’⁸
947 5698 1090 5756 Psal.
1122 5715 1312 5766 tum,
1339 5698 1426 5753 '28.
1507 5699 1550 5731 “
1593 5697 1694 5752 lsa.
1729 5711 1766 5760 ι,
1804 5692 1886 5748 ιϐ.
1962 5693 2005 5724 ν
2047 5689 2220 5745 ICor.
2252 5703 2303 5754 v,
2333 5687 2384 5740 6.
2463 5685 2508 5717 ⁸⁸
2547 5684 2592 5739 ll
2627 5682 2753 5738 Cor.
2787 5697 2845 5750 ιι,
2879 5678 2929 5736 ’1.
