3846 6220
371 220 473 275 727

1567 237 1626 292 S.
1657 237 1984 294 GREGORII
2019 241 2107 297 ΝΥ
2121 243 2315 300 58ΕΝῘ

3506 243 3627 301 7⁵28

368 339 717 411 Ecclesiae,et
747 360 941 403 rursus
971 358 1278 418 opportune
1306 364 1553 414 assuere,
1594 355 1818 422 quando
1842 372 1937 424 per

2048 360 2176 424 νίας.
2245 363 2382 415 Ἀλλ’
2431 362 2540 416 εἴτε
2602 362 2745 416 κατά
2789 363 2887 434 τὴν
2938 363 3422 434 προεξετασθεῖσαν
3479 367 3623 434 ἡμῖν

365 434 750 500 penitentiam
779 437 848 492 ab
879 438 1296 508 inquinamento
1327 441 1486 497 fuerit
1523 445 1732 498 abluta.
1765 445 1935 500 Multa

365 534 546 578 autem
583 527 852 593 ejusmodi
887 531 1013 585 licet
1063 532 1248 586 videre
1277 541 1386 588 tam
1431 535 1487 588 in
1515 538 1758 606 antiquis
1810 554 1936 591 nar-

367 617 693 681 rationibus,
730 636 893 689 quam
922 623 974 674 in
1005 623 1105 676 hac
1148 633 1333 680 nostra
1363 628 1494 690 vita,
1539 643 1662 697 qua:
1707 645 1935 702 (Econo-

366 705 505 760 mice
535 707 670 762 ﬁunt
706 712 760 764 in
803 713 1078 768 ecclesiis.
1133 714 1300 770 Scitis
1330 718 1474 772 enim
1510 734 1541 771 a
1597 722 1797 788 quibus
1839 723 1933 776 ab-

369 799 509 866 rupti
549 815 761 866 sumus,
790 812 842 856 et
872 805 1074 874 quibus
1101 809 1397 862 assuimur.
1423 811 1667 867 Abscissi
1699 813 1843 867 enim
1869 814 1938 868 ab

369 888 587 953 haeresi,
619 891 811 960 pietati
844 908 909 948 ac
952 912 1094 950 verae
1140 899 1393 969 religioni
1435 911 1704 972 perpetuo
1755 905 1936 959 insui-

2044 451 2275 521 Θεωρίαν
2306 453 2585 524 φιλοσοφεῖ
2615 455 2743 525 περὶ
2781 455 2887 507 τῶν
2923 455 3090 508 ὅντων
3118 459 3146 508 6
3176 455 3364 523 λόγος,
3405 457 3518 508 εἴτε
3549 459 3624 511 τὰ

2042 540 2264 594 τοιαῦτα
2309 541 2395 594 διὰ
2438 545 2536 613 τῆς
2583 530 2888 614 συμϐουλῆς
2928 543 3130 610 ταύτης
3168 545 3435 607 παιδεύει,
3471 545 3622 598 κατὰ

2044 631 2218 684 πάντα
2239 632 2300 684 τὸ
2321 633 2594 701 ὲπωφελές
2615 651 2673 685 τε
2698 635 2789 686 καὶ
2810 635 3077 704 χρήσιμον
3103 635 3345 706 περιέχει
3369 635 3401 702 ἡ
3430 635 3620 704 ῥῆσις,

2043 721 2102 773 ὲν
2133 722 2310 793 καιρῷ
2355 741 2415 776 τε
2454 724 2846 795 ἀπορρηγνῦσα
2874 718 2950 777 ὦν
2993 727 3204 796 πονηρὰ
3247 729 3280 797 ἠ
3317 726 3624 794 συνάφεια,

2045 816 2138 866 καὶ
2190 815 2329 868 κατὰ
2375 817 2564 888 καιρὸν
2618 818 2774 872 πάλιν
2821 819 3161 872 συνάπτουσα
3203 813 3279 872 ὧν
3325 819 3624 890 ἐπωφελής

2043 906 2190 958 ἐστιν
2223 909 2256 977 ή
2285 908 2494 971 ἓνωσις.

367 996 490 1076 mur
527 1003 540 1038 :
583 992 711 1040 tunc
738 988 1018 1046 intuentes
1050 990 1337 1048 infractam
1381 995 1639 1053 Ecclesiae
1691 999 1966 1066 tunicam,
2011 1001 2230 1069 quando
2280 1019 2310 1056 a
2349 1007 2737 1061 communione
2774 1021 2898 1060 cum
2925 1006 3116 1061 haeresi
3145 1007 3308 1062 fuerit
3337 1005 3618 1076 quispiam

366 1074 654 1144 abl'“P‘us.
696 1076 803 1134 Sed
860 1081 978 1135 sive
1007 1085 1396 1141 convenienter
1447 1091 1924 1160 contemplationi,
1967 1110 2089 1162 quae
2115 1096 2270 1163 prius
2300 1110 2330 1148 a
2393 1098 2554 1152 nobis
2617 1097 2720 1152 fuit
2751 1099 3086 1160 examinata,
3116 1099 3183 1154 de
3219 1099 3288 1152 iis
3316 1074 3438 1168 qua:
3482 1104 3624 1152 sunt

369 1167 421 1221 id
459 1169 604 1238 quod
637 1169 846 1226 dictum
895 1181 980 1228 est
1017 1175 1481 1248 philosophatur:
1515 1182 1629 1236 sive
1667 1185 1796 1240 dato
1851 1188 2085 1242 consilio
2151 1188 2219 1243 de
2282 1189 2368 1245 his
2413 1191 2618 1255 erudit,
2653 1192 2880 1245 omnino
2926 1191 3174 1245 continet
3222 1167 3512 1246 contextus
3561 1192 3620 1244 id

367 1261 512 1329 quod
550 1269 635 1318 est
663 1265 1034 1334 conducibile,
1077 1277 1136 1322 ut
1173 1272 1267 1338 qui
1307 1279 1362 1326 et
1395 1272 1448 1326 in
1498 1282 1744 1345 tempore
1793 1294 1856 1334 ea
1913 1280 2219 1352 abrumpat,
2255 1299 2491 1355 quorum
2524 1285 2665 1338 mala
2703 1292 2789 1340 est
2817 1286 3146 1350 commistio,
3195 1285 3333 1341 etin
3367 1293 3626 1354 tempore

369 1368 562 1408 rursus
593 1355 894 1427 conjvungat
921 1375 988 1414 ea
1024 1375 1259 1430 quorum
1291 1362 1441 1419 utilis
1462 1373 1546 1419 est
1586 1371 1735 1422 unio.

436 1445 549 1501 Nos
576 1457 758 1504 autem
811 1467 1101 1522 pergamus
1156 1455 1225 1508 ad
1269 1471 1334 1511 ea
1372 1473 1494 1526 qua:
1539 1459 1799 1531 deinceps
1837 1479 1928 1518 se-
1965 1471 2007 1526 Β

367 1547 614 1608 quuntur
641 1540 694 1594 in
729 1550 1010 1608 contextu,
1043 1561 1140 1616 per
1173 1562 1294 1615 quas
1349 1549 1480 1602 mihi
1510 1550 1726 1604 videtur
1761 1555 1940 1607 oratio

368 1645 465 1700 per
496 1633 872 1688 sublimiorem
899 1637 1246 1692 considerata
1290 1640 1720 1710 philosOphiam,
1764 1645 1939 1713 majo-

368 1736 483 1777 rem
543 1738 669 1776 cum
726 1726 914 1780 verbis
971 1727 1175 1782 habere
1239 1733 1700 1787 convenientiam.
1761 1731 1942 1787 Priori

367 1814 514 1867 enim
543 1815 666 1870 loco
687 1818 1021 1873 collocatum
1051 1830 1136 1875 est
1171 1829 1388 1892 tempus
1432 1825 1673 1890 tacendi,
1724 1835 1778 1880 et
1819 1835 1941 1895 post

368 1906 652 1961 silentium
683 1908 834 1962 dedit
875 1920 1093 1980 tempus
1124 1912 1403 1982 loquendi.
1451 1914 1683 1980 Quando
1717 1932 1849 1986 ergo
1882 1926 1938 1971 et

366 1998 436 2052 de
469 1999 803 2068 quibusnam
847 2011 933 2055 est
959 2003 1154 2056 melius
1183 2005 1402 2058 tacere?
1427 2003 1634 2060 Dixerit
1667 2009 1941 2076 quispiam

366 2105 434 2144 ex
465 2089 537 2144 iis
567 2090 659 2161 qui
696 2091 763 2144 ad
789 2106 970 2147 mores
995 2093 1302 2162 aspiciunt,
1337 2110 1479 2166 stupe
1515 2097 1790 2153 silentium
1820 2115 1942 2154 esse

367 2181 653 2237 decentius
683 2199 958 2247 sermone,
993 2193 1051 2238 ut
1089 2187 1362 2255 quomodo
1414 2190 1684 2244 discernit
1736 2188 1946 2246 Paulus

367 2279 836 2347 opportunitatem
885 2281 1088 2336 silentii
1143 2291 1198 2337 et
1249 2285 1546 2350 sermonis,
1639 2286 1942 2355 aliquando

367 2369 592 2439 quidem
626 2370 930 2427 decernens
972 2381 1153 2429 tacere
1190 2391 1204 2428 :
1239 2375 1536 2445 aliquando
1579 2385 1763 2431 autem
1820 2395 1943 2448 per-

369 2462 596 2517 mittens
629 2463 798 2532 loqui.
830 2483 848 2516 ι
876 2464 1070 2520 Omnis
1094 2481 1278 2521 sermo
1319 2469 1495 2523 malus
1525 2485 1588 2522 es
1625 2485 1721 2524 ore
1750 2478 1940 2524 vestro

369 2566 478 2606 non
509 2553 738 2623 prodeat
754 2555 819 2606 ”.
847 2574 865 2606 ι
904 2552 1032 2613 Haec
1088 2565 1174 2612 est
1198 2557 1284 2610 lex
1313 2558 1541 2612 silentii.
1595 2559 1703 2613 Sed
1732 2561 1779 2615 si
1816 2562 1942 2624 quis

371 2643 443 2698 sit
463 2645 643 2700 bonus
700 2649 766 2698 ad
820 2646 1241 2702 aediﬁcationem
1284 2647 1429 2713 fidei,
1475 2658 1533 2702 ut
1580 2650 1671 2704 dct
1707 2653 1939 2719 gratiam

372 2736 723 2792 audientibus
753 2755 772 2791 ι
805 2739 912 2792 hoc
945 2747 1029 2794 est
1066 2750 1278 2810 tempus
1313 2741 1594 2811 loquendi.
1637 2762 1655 2794 ι
1683 2742 1939 2798 Mulieres

2117 1465 2308 1536 Ἡμεῖς
2332 1465 2390 1518 δὲ
2421 1464 2557 1533 πρὸς
2582 1463 2652 1517 τά
2682 1462 2884 1533 ἐφεξῆς
2922 1460 3016 1515 τοῦ
3043 1461 3202 1530 λόγου
3237 1458 3619 1530 προέλθωμεν,

2039 1554 2106 1606 δι’
2139 1550 2199 1608 οὗ
2232 1572 2320 1625 μοι
2349 1554 2494 1607 δοκεῖ
2525 1552 2725 1623 μᾶλλον
2751 1553 2778 1603 6
2805 1551 2945 1604 κατὰ
2971 1550 3068 1620 τὴν
3099 1549 3434 1620 ὑψηλοτέραν
3464 1549 3621 1618 φιλο-

2043 1646 2232 1716 σοφίαν
2279 1645 2576 1717 θεωρηθεὶς
2613 1645 2770 1714 λόγος
2813 1641 3138 1706 οίκειώσεως
3177 1640 3313 1712 πρὸς
3347 1641 3408 1693 τὸ
3451 1640 3627 1711 ῥητὸν

2041 1738 2207 1808 ἔχειν.
2236 1737 2607 1807 Προτέτακται
2633 1735 2742 1806 γὰρ
2764 1737 2792 1787 6
2812 1733 2905 1787 τοῦ
2937 1735 3095 1804 σιγᾷν
3115 1732 3321 1802 καιρὸς,
3351 1733 3446 1784 καὶ
3475 1731 3623 1801 μετὰ

2041 1812 2138 1899 τὴν
2179 1828 2334 1898 σιγὴν
2375 1827 2542 1880 ἔδωκε
2575 1827 2666 1878 τὸν
2711 1825 2807 1878 τοῦ
2849 1825 3028 1892 λέγειν
3064 1823 3272 1894 καιρόν.
3310 1821 3451 1875 Πότε
3483 1817 3578 1874 οὖν
3599 1860 3618 1884 ,

2043 1923 2136 1976 καὶ
2183 1923 2310 1991 περὶ
2361 1921 2521 1974 τίνων
2563 1919 2626 1971 τὸ
2659 1920 2816 1988 σιγᾷν
2867 1919 3012 1970 ἐστιν
3050 1916 3302 1986 ἄμεινονς
3343 1915 3486 1967 εἴποι
3531 1929 3618 1976 τις

2038 2015 2148 2068 τῶν
2193 2015 2328 2085 πρὸς
2372 2014 2432 2066 τὸ
2463 2009 2593 2084 ἦθος
2631 2012 2938 2082 βλεπόντων
2980 2008 3222 2088 πολλαχῆ
3251 2007 3350 2078 τὴν
3401 2006 3623 2076 σιωπὴν

2041 2105 2545 2176 εὐσχημονεστέραν
2592 2098 2730 2154 εἶναι
2772 2100 2868 2154 τοῦ
2901 2099 3090 2168 λόγου,
3134 2093 3244 2150 οἷον
3282 2096 3464 2159 καθὼς
3495 2095 3616 2149 δια-

2041 2197 2214 2267 κρίνει
2241 2197 2339 2267 τῆς
2368 2194 2575 2264 σιωπῆς
2605 2209 2665 2245 τε
2697 2192 2791 2246 καὶ
2819 2189 2913 2244 τοῦ
2941 2190 3102 2258 λόγου
3134 2190 3233 2259 τὴν
3265 2187 3554 2259 εὐκαιρίαν
3586 2189 3620 2240 6

2040 2286 2271 2350 Παῦλος,
2316 2286 2445 2339 ποτὲ
2481 2285 2580 2355 μὲν
2609 2282 2914 2354 νομοθετῶν
2942 2283 3004 2334 τὸ
3037 2281 3213 2352 σιγᾷν,
3243 2281 3375 2333 ποτὲ
3405 2281 3462 2332 δὲ
3493 2281 3616 2331 ἑπι-

2039 2377 2252 2446 τρέπων
2281 2375 2342 2428 τὸ
2373 2374 2570 2442 λέγειν’
2610 2392 2628 2424 ι
2660 2374 2774 2435 Πᾶς
2819 2371 2978 2440 λόγος
3009 2371 3215 2442 σαπρὸς
3251 2371 3315 2422 ὲκ
3355 2369 3452 2422 τοῦ
3495 2369 3617 2422 στό-

2043 2485 2210 2540 ματος
2241 2466 2395 2536 ὑμῶν
2435 2467 2507 2536 μὴ
2538 2463 2940 2535 ἐκπορευέσθω,
2968 2482 2987 2513 ι
3027 2456 3194 2524 Οὗτος
3231 2461 3443 2532 σιωπῆς
3470 2463 3500 2514 6
3526 2461 3617 2514 νό-

2043 2577 2141 2630 μος
2157 2573 2170 2586 ⁶
2207 2559 2322 2612 ἀλλ’
2347 2558 2401 2610 εί
2417 2577 2499 2621 τις
2525 2557 2728 2626 ἀγαθὸς
2757 2555 2893 2625 πρὸς
2916 2555 3202 2625 οἰκοδομὴν
3222 2554 3322 2622 τῆς
3351 2553 3616 2617 πίστεως,

2040 2653 2125 2704 ἴνα
2166 2651 2242 2721 δῷ
2275 2652 2432 2721 χάριν
2469 2652 2580 2713 τοῖς
2616 2649 2904 2702 ἀκούουσιν
2926 2687 2938 2708 ,
2967 2641 3122 2709 οὗτος
3143 2645 3236 2699 τοῦ
3274 2646 3455 2714 λέγειν
3488 2663 3612 2698 και-

2043 2745 2150 2818 ρόςο
2190 2764 2208 2794 ‹
2237 2744 2302 2795 Al
2335 2744 2589 2810 γυναῖκες
2624 2743 2680 2793 ὲν
2715 2742 2834 2803 ταῖς
2869 2739 3186 2809 ἐκκλησίαις
3214 2738 3561 2804 σιγάτωσαν·
3589 2753 3615 2788 ι

370 2834 589 2882 taceant
619 2827 672 2880 in
704 2830 957 2884 ecclesiis
977 2831 1044 2882 '°.
1067 2849 1088 2882 ι
1151 2829 1366 2885 Rursus
1422 2833 1574 2886 dedit
1620 2841 1841 2901 tempus
1868 2833 1941 2886 si-

2049 2834 2206 2887 πάλιν
2229 2833 2394 2885 ἔδωκε
2423 2835 2489 2903 τῇ
2525 2833 2649 2901 σιγῇ
2676 2831 2770 2884 τὸν
2795 2829 3004 2902 καιρόν.
3041 2847 3061 2879 ι
3085 2828 3145 2880 Εἰ
3164 2827 3220 2879 δέ
3237 2845 3292 2879 τι
3319 2825 3620 2897 μανθάνειν

372 2917 561 2972 lentio.
601 2937 618 2968 ι
651 2918 708 2973 Si
738 2920 871 2989 quid
914 2931 1093 2974 autent
1146 2921 1336 2975 volunt
1389 2922 1601 2976 discere
1629 2939 1695 2978 ex
1726 2925 1793 2977 iis
1819 2940 1943 2992 quae

371 3007 649 3072 nesciunt,
681 3006 826 3061 domi
861 3010 1087 3063 maritos
1115 3025 1247 3065 suos
1279 3011 1619 3081 interrogent
1647 3013 1714 3064 “.
1744 3032 1762 3064 ι
1797 3010 1942 3066 Rur-

372 3115 468 3154 sus
529 3099 776 3155 ostendit
839 3103 1306 3170 opportunitatom
1358 3105 1656 3159 sermonis.
1715 3103 1943 3160 «Nolite

379 3191 600 3245 mentiri
637 3193 779 3246 inter
809 3209 907 3247 vos
940 3193 1171 3246 invicem
1197 3194 1262 3248 ³¹.
1301 3213 1320 3244 ›
1351 3193 1478 3248 Haec
1505 3211 1726 3265 quoque
1747 3209 1832 3251 est
1867 3198 1944 3251 si-

375 3281 526 3335 lentii
588 3283 993 3350 opportunitas.
1053 3282 1380 3352 «Loquatur
1430 3287 1715 3340 veritatem
1767 3303 1944 3341 unus-

373 3373 604 3440 quisque
635 3387 758 3425 cum
797 3373 1048 3441 proximo
1077 3389 1178 3427 suo
1199 3375 1264 3426 ³³.
1290 3394 1307 3425 ι
1373 3375 1592 3431 Rursus
1648 3376 1810 3432 datur
1849 3394 1944 3447 po-

377 3470 548 3517 testas
605 3462 885 3531 loquendi.
936 3463 1104 3517 lllulta
1155 3465 1320 3520 etiam
1383 3467 1698 3536 hujusmodi
1759 3469 1941 3523 aﬂ'erri

375 3559 608 3621 possunt
646 3568 710 3606 ex
735 3553 902 3608 veteri
929 3551 1230 3624 Scriptura.
1270 3575 1289 3606 ι
1318 3555 1453 3610 Dum
1476 3558 1802 3613 consisteret
1825 3576 1945 3626 pec-

375 3651 532 3696 cator
559 3643 848 3699 adversum
884 3660 990 3711 me,
1037 3646 1325 3710 obsurdui,
1358 3657 1413 3702 et
1446 3649 1767 3704 humiliatus
1796 3667 1940 3713 sum,

375 3744 427 3788 et
463 3735 587 3789 silui
621 3751 650 3788 a
689 3735 846 3791 bonis
866 3736 935 3803 ",
979 3747 1033 3791 et
1066 3746 1325 3808 tanquam
1371 3739 1575 3796 surdus
1613 3757 1720 3794 non
1751 3742 1944 3794 audie-

378 3829 521 3890 bam,
552 3836 606 3883 et
642 3837 901 3898 tanquam
926 3838 1110 3885 mutus
1143 3847 1248 3884 non
1277 3832 1528 3900 aperiens
1547 3848 1610 3886 os
1642 3849 1801 3886 suum
1827 3835 1891 3886 ".
1921 3851 1939 3882 ι

376 3920 560 3976 Mutus
622 3921 678 3974 lit
717 3923 810 3991 qui
863 3923 930 3976 ad
971 3922 1260 3977 referenda
1293 3925 1434 3976 mala
1483 3935 1567 3979 est
1617 3925 1943 3988 immobilis;

375 4013 432 4066 in
461 4013 664 4080 quibus
703 4021 884 4068 autem
921 4015 1184 4067 utendum
1218 4021 1303 4067 est
1345 4029 1617 4076 sermone,
1671 4016 1847 4082 aperit
1889 4016 1945 4068 in

377 4103 656 4173 parabolis
686 4119 750 4158 os
772 4119 956 4170 suum,
989 4106 1232 4174 loquitur
1274 4109 1706 4176 propositiones,
1755 4108 1946 4177 implet

373 4209 440 4250 os
470 4211 630 4251 suum
662 4195 843 4258 laude,
879 4196 1118 4266 linguam
1151 4212 1306 4250 suam
1340 4198 1469 4254 facit
1501 4199 1800 4252 calamum.
1839 4197 1945 4251 Sed

377 4305 505 4343 cum
567 4288 679 4342 sint
735 4288 1160 4342 innumerabilia
1208 4305 1331 4358 qua:
1386 4291 1439 4345 in
1493 4289 1780 4359 Scriptura
1821 4298 1950 4343 sunt

377 4380 648 4450 exempla,
709 4380 838 4450 quid
873 4396 1014 4449 opus
1043 4391 1127 4436 est
1170 4383 1445 4436 subtiliter
1480 4397 1642 4452 agere
1687 4383 1742 4436 in
1774 4383 1843 4436 iis
1883 4382 1950 4436 de

377 4472 582 4542 quibus
605 4471 1030 4537 constat?‘Quod
1064 4481 1244 4527 autem
1275 4481 1400 4526 ante
1419 4473 1523 4528 hoc
1556 4473 1688 4527 mihi
1715 4473 1951 4542 primum

379 4565 435 4618 in
467 4580 530 4620 os
564 4563 732 4626 venit,
769 4572 953 4632 utpote
985 4563 1130 4633 quod
1172 4562 1388 4618 tacendi
1438 4574 1492 4618 et
1543 4564 1801 4635 loquendi
1849 4578 1951 4634 op-

380 4655 692 4724 portunitas
720 4655 1014 4710 conveniat
1047 4655 1519 4723 contemplationi,
1555 4670 1677 4724 qua:
1708 4655 1836 4708 data
1869 4661 1954 4710 est

382 4747 450 4802 de
477 4755 703 4816 ruptura
729 4754 783 4801 et
810 4755 1027 4806 sutura,
1080 4744 1138 4799 id
1190 4743 1314 4798 volo
1366 4759 1558 4800 rursus
1604 4756 1860 4810 sumere,
1901 4749 1957 4798 et

382 4839 574 4908 paucis
605 4839 809 4893 dicere.
839 4836 976 4891 Nam
1011 4843 1065 4891 et
1103 4835 1213 4888 illic
1243 4851 1365 4887 cum
1395 4851 1516 4904 quae
1551 4834 1693 4888 male
1732 4844 1956 4889 contra-

384 4930 468 4984 rio
499 4928 830 4990 adhmserat,
862 4927 1097 4980 animam
1130 4925 1464 4995 abripuisset
1512 4927 1710 4988 oratio,
1738 4927 1802 4979 ad
1835 4927 1956 4994 ejus

381 5022 527 5091 quod
563 5035 689 5075 vere
716 5028 800 5073 est
833 5017 1091 5071 unionem
1131 5032 1252 5071 eam
1283 5017 1508 5071 deduxit
1547 5033 1643 5086 per
1677 5018 1952 5072 adh-assio-

384 5128 530 5175 nem,
581 5107 726 5179 quod
759 5108 980 5174 quidem
1037 5106 1343 5160 orationem
1382 5106 1598 5161 excedit
1629 5124 1646 5159 :.
1675 5122 1797 5175 qua:
1836 5107 1959 5176 qui-

383 5205 506 5258 dem
535 5202 680 5255 dicta
713 5207 842 5255 sunt
871 5200 924 5252 in
959 5199 1046 5252 his
1094 5213 1215 5267 quae
1258 5199 1589 5267 praecedunt.
1642 5197 1740 5251 llic
1776 5208 1956 5252 autem

390 5301 681 5364 propterea
723 5291 856 5346 mihi
888 5290 1109 5345 videtur
1160 5291 1330 5360 priori
1376 5291 1498 5344 loco
1550 5293 1789 5358 positum
1831 5306 1958 5346 esse

390 5395 595 5449 tacere,
638 5384 781 5455 quod
817 5383 951 5437 illud
987 5382 1135 5452 quod
1180 5397 1341 5438 omne
1377 5398 1579 5438 nomen
1630 5393 1856 5454 superat
1904 5391 1958 5438 et

463 5559 508 5592 ¹⁹
551 5559 749 5628 pres.
783 5576 853 5619 Iv,
887 5559 977 5613 29.
1056 5559 1100 5590 ³ο
1141 5557 1315 5613 lCor.
1353 5559 1576 5626 x1v,34.
1652 5559 1693 5590 ³¹
1736 5559 2037 5623 Col.ttt,9.
2112 5558 2152 5590 "
2195 5556 2398 5628 Ephes.
2419 5556 2607 5621 "1,23.

394 5629 716 5694 nutu”.
793 5629 837 5661 ³³
877 5628 1024 5684 Psal.
1060 5630 1378 5694 Lxxvnﬂl.

2045 2925 2283 2978 θέλουσιν
2315 2918 2390 2976 ὧν
2434 2922 2748 2992 ἀγνοοῦσιν,
2797 2923 2854 2975 ὲν
2885 2921 3018 2991 οῐκῳ
3048 2920 3178 2980 τοὺς
3213 2918 3375 2981 ἰδίους
3415 2917 3617 2988 ἄνδρας

2043 3019 2471 3090 ἐπερωτάτωσαν
2489 3031 2502 3044 ‘
2521 3036 2538 3067 ι
2569 3015 2729 3068 πάλιν
2748 3013 2988 3078 ἐπέδειξε
3011 3011 3105 3065 τοῦ
3126 3010 3284 3078 λόγου
3306 3011 3407 3079 τὴν
3431 3009 3618 3062 εὐκαι-

2046 3109 2188 3181 ρίαν,
2212 3105 2338 3175 «Mi;
2361 3104 2621 3174 ψεύδεσθε
2653 3105 2732 3169 εις
2769 3103 3064 3170 ἀλλήλους’
3090 3121 3109 3155 ι
3129 3105 3222 3156 καὶ
3243 3099 3383 3169 αὕτη
3404 3101 3615 3168 σιωπῆς

2043 3199 2288 3269 εὐκαιρία
2323 3217 2340 3248 ι
2366 3197 2609 3250 Λαλείτω
2633 3193 2890 3262 ἀλήθειαν
2923 3193 3152 3255 ἕκαστος
3186 3191 3323 3262 μετά
3349 3190 3446 3244 τοῦ
3479 3191 3614 3261 πλη·

2046 3297 2157 3349 σίον
2191 3293 2376 3348 αὑτοῦ⁸
2409 3313 2427 3344 ι
2467 3291 2627 3344 πάλιν
2652 3292 2685 3360 ἡ
2716 3287 2930 3352 ἐξουσία
2959 3285 3051 3338 τοῦ
3078 3285 3256 3353 λόγου.
3299 3284 3411 3335 Καὶ
3444 3282 3616 3335 πολλὰ

2041 3387 2264 3441 τοιαῦτα
2307 3385 2454 3438 ἐστιν
2495 3385 2668 3436 εἰπεῖν
2704 3381 2797 3434 καὶ
2850 3383 2914 3433 ὲκ
2948 3379 3048 3448 τῆς
3079 3374 3440 3448 ἀρχαιοτέρας
3476 3375 3622 3445 Γρα-

2045 3481 2148 3549 φῆς
2168 3496 2180 3508 ’
2214 3497 2232 3528 ι
2265 3478 2349 3528 Ἐν
2371 3475 2448 3544 τῷ
2467 3473 2725 3541 συστῆναι
2747 3471 2834 3524 τὸν
2858 3468 3180 3539 ἁμαρτωλὸν
3211 3465 3454 3520 ἐναντίον
3491 3481 3616 3534 μου,

2047 3569 2362 3638 ὲκωφώθην,
2389 3568 2483 3620 καὶ
2509 3562 2897 3633 ὲταπεινώθην,
2925 3562 3017 3614 καὶ
3038 3560 3266 3629 ὲσίγησα
3289 3557 3348 3621 ὲξ
3369 3556 3620 3624 ἀγαθῶν,

2048 3665 2134 3715 καὶ
2169 3660 2300 3713 ὡσεὶ
2341 3657 2521 3726 κωφὸς
2568 3656 2667 3708 οὐκ
2715 3655 2941 3725 ἢκουον,
2988 3652 3080 3703 καὶ
3129 3649 3259 3702 ὡσεὶ
3291 3649 3489 3710 ἄλαλος
3519 3649 3625 3700 οὐκ

2045 3755 2275 3820 ἀνοίγων
2298 3751 2358 3803 τὸ
2380 3749 2550 3819 στόμα
2573 3745 2758 3800 αὑτοῦ.
2783 3746 3060 3810 »Ἅφωνος
3080 3742 3285 3811 γίνεται
3303 3741 3332 3792 ὁ
3360 3740 3496 3810 πρὸς
3522 3742 3632 3810 τὴν

2049 3845 2310 3899 ἀντίδοσιν
2336 3841 2429 3893 τοῦ
2457 3837 2627 3892 κακοῦ
2661 3837 2834 3908 μένων
2859 3836 3112 3904 ἀκίνητος
3133 3851 3147 3865 ο
3173 3834 3230 3884 ὲν
3258 3826 3340 3895 οἷς
3359 3831 3419 3883 δὲ
3451 3847 3627 3901 προσ-

2049 3936 2169 4004 ήκει
2194 3932 2269 4002 τῷ
2304 3931 2447 4000 λόγῳ
2480 3927 2814 4000 χρήσασθαι,
2851 3925 3055 3992 ἀνοίγει
3098 3926 3154 3976 ὲν
3192 3921 3537 3994 παραϐολαῖς
3563 3921 3630 3974 τὸ

2051 4028 2257 4093 στόμα,
2293 4005 2587 4091 φθέγγεται
2638 4018 3032 4091 προϐλήματα.
3085 4017 3284 4087 πληροῖ
3334 4014 3395 4067 τὸ
3445 4015 3628 4083 στόμα

2050 4119 2326 4178 αἰνέσεως,
2356 4114 2598 4182 κάλαμον
2634 4112 2777 4162 ποιεῖ
2810 4110 2906 4179 τὴν
2929 4108 3198 4176 γλῶσσαν.
3237 4105 3400 4158 Ἀλλὰ
3428 4105 3482 4156 τί
3518 4104 3637 4176 χρὴ

2054 4207 2258 4278 μυρίων
2317 4205 2484 4257 ὄντων
2529 4205 2586 4254 ὲν
2643 4204 2710 4272 τῇ
2766 4201 2953 4271 Γραφῇ
3003 4197 3113 4250 τῶν
3164 4196 3623 4266 ὑποδειγμάτων,

2051 4298 2399 4367 λεπτουργεῖν
2423 4295 2478 4345 ὲν
2512 4295 2622 4353 τοῖς
2645 4288 3096 4359 ὁμολογουμένοις
3127 4287 3217 4339 τὸν
3239 4286 3430 4354 λόγον;
3463 4288 3534 4338 Ὀ
3572 4285 3631 4338 δέ

2055 4397 2146 4458 μοι
2170 4386 2276 4457 πρὸ
2296 4384 2498 4437 τούτων
2527 4383 2618 4434 ἐπὶ
2637 4382 2758 4434 νοῦν
2792 4377 2972 4449 ἦλθεν,
3007 4378 3084 4441 ὡς
3109 4376 3506 4446 συμφωνούσης
3528 4377 3632 4447 τῆς

2052 4477 2180 4545 περὶ
2211 4473 2303 4526 τοῦ
2337 4474 2493 4540 σιγᾷν
2529 4471 2624 4523 καὶ
2667 4470 2847 4522 λαλεῖν
2878 4467 3161 4536 εὐκαιρίας
3205 4470 3272 4537 τῇ
3301 4465 3639 4537 ἁποδοθείσῃ,

2054 4568 2181 4636 περὶ
2205 4565 2297 4617 τοῦ
2329 4567 2606 4635 ῥήγματος
2626 4563 2720 4613 καὶ
2743 4563 2841 4631 τῆς
2862 4561 3036 4631 ραφῆς
3059 4560 3282 4630 θεωρίᾳ,
3312 4557 3474 4610 τοῦτο
3505 4558 3632 4626 βού-

2053 4658 2216 4728 λομαι
2243 4657 2403 4709 πάλιν
2441 4653 2790 4707 ὲπαναλαόὼν
2811 4694 2828 4718 ,
2851 4654 2918 4707 δι’
2939 4652 3132 4719 ὀλίγων
3156 4653 3349 4704 εἰπεῖν.
3389 4651 3540 4703 Ἐκεῖ
3569 4668 3630 4703 τε

2054 4749 2163 4819 γὰρ
2185 4750 2283 4819 τὴν
2303 4747 2486 4809 κακῶς
2509 4746 2586 4816 τῷ
2613 4745 2837 4815 ἐναντίῳ
2865 4746 3234 4814 προσφυεῖσαν
3257 4742 3436 4812 ψυχὴν
3464 4743 3632 4812 ἀπορ-

2058 4841 2225 4911 ρήξας
2261 4840 2289 4890 6
2317 4839 2470 4906 λόγος
2500 4841 2578 4901 εἰς
2605 4838 2796 4890 ἕνωσιν
2837 4837 3010 4907 ἧγαγε
3044 4835 3139 4888 τοῦ
3165 4834 3336 4898 ὅντως
3359 4834 3517 4898 ὄντος
3545 4837 3641 4890 διὰ,

2055 4934 2153 5001 τῆς
2175 4930 2642 5001 προσκολλήσεως,
2670 4930 2805 4996 ὅπερ
2834 4928 2973 4997 ὑπὲρ
3001 4927 3159 4994 λόγον
3183 4928 3351 4991 ἐστὶν,
3378 4925 3416 4980 ἃ
3439 4929 3469 4980 6
3497 4944 3632 4996 προ-

2056 5020 2232 5074 λαϐὼν
2251 5019 2498 5073 ἀπέδωκε
2527 5019 2701 5087 λόγος.
2721 5017 2983 5071 Ἐνταῦθα
3005 5034 3062 5069 τε
3083 5019 3169 5071 διὰ
3185 5017 3342 5071 τοῦτό
3371 5035 3463 5087 μοι
3483 5018 3636 5070 δοκεῖ

2056 5110 2118 5160 τὸ
2149 5111 2306 5178 σιγᾷν
2339 5106 2728 5180 προτετάχθαι·
2759 5105 2901 5158 τοῦτ’
2932 5105 3049 5157 ἐστι
3085 5104 3221 5157 διότι
3260 5104 3319 5156 τὸ
3349 5103 3491 5172 ὗπὲρ
3524 5105 3631 5156 πᾶν

2058 5201 2232 5252 ἐκεῖνο
2261 5199 2438 5268 νόημά
2473 5212 2532 5249 τε
2565 5198 2659 5250 καὶ
2685 5197 2882 5265 ὄνομα,
2918 5195 2948 5248 ὅ
2993 5197 3023 5265 ἡ
3052 5194 3148 5247 τοῦ
3180 5193 3351 5247 κακοῦ
3380 5195 3632 5264 ἀπορρα-

2057 5290 2214 5356 γεῖσα
2244 5286 2388 5357 eum
2420 5286 2514 5338 καὶ
2547 5283 2700 5355 ζητεῖ
2725 5283 3049 5347 διαπαντὸς,
3092 5280 3189 5336 καὶ
3220 5280 3527 5351 ὲνραφῆναι
3557 5277 3641 5347 τῷ.

2059 5380 2333 5452 εὑρεθέντι
2362 5379 2591 5448 ἐφίεται,
2625 5377 2783 5431 τοῦτο
2809 5377 2989 5446 πάσης
3016 5371 3417 5445 ἑρμηνευτικῆς
3450 5369 3633 5441 φακῆς

2682 5557 2726 5589 ³³
2765 5553 2910 5611 Psai.
2941 5568 3171 5617 xuun,
3208 5553 3322 5608 1-3.
3401 5551 3446 5582 ³⁸
3489 5549 3636 5606 Ρωι.
