  <div class='ocr_page' id='page_1' title='image "/cluster/home/n/w/nwhite01/storage/ocr_20150623/44/nnc1.0037127462/376.png"; bbox 0 0 3846 6220; ppageno 0'>
   <div class='ocr_carea' id='block_1_1' title="bbox 161 319 270 381">
    <p class='ocr_par' dir='ltr' id='par_1_1' title="bbox 161 319 270 381">
     <span class='ocr_line' id='line_1_1' title="bbox 161 319 270 381; baseline 0.037 -4"><span class='ocrx_word' id='word_1_1' title='bbox 161 319 270 381; x_wconf 69' lang='grc' dir='ltr'><strong>7-ὶὺ</strong></span> 
     </span>
    </p>
   </div>
   <div class='ocr_carea' id='block_1_2' title="bbox 1192 309 2329 379">
    <p class='ocr_par' dir='ltr' id='par_1_2' title="bbox 1192 309 2329 379">
     <span class='ocr_line' id='line_1_2' title="bbox 1192 309 2329 379; baseline -0.006 -7"><span class='ocrx_word' id='word_1_2' title='bbox 1192 317 1258 372; x_wconf 83' lang='lat' dir='ltr'><strong>IN</strong></span> <span class='ocrx_word' id='word_1_3' title='bbox 1298 311 1839 373; x_wconf 79' lang='lat' dir='ltr'><strong>ECCLESIASTEN.</strong></span> <span class='ocrx_word' id='word_1_4' title='bbox 1880 309 2162 367; x_wconf 78' lang='lat' dir='ltr'><strong>HOMILIA</strong></span> <span class='ocrx_word' id='word_1_5' title='bbox 2203 309 2329 379; x_wconf 83' lang='lat' dir='ltr'><strong>Vll._</strong></span> 
     </span>
    </p>
   </div>
   <div class='ocr_carea' id='block_1_3' title="bbox 3320 303 3423 361">
    <p class='ocr_par' dir='ltr' id='par_1_3' title="bbox 3320 303 3423 361">
     <span class='ocr_line' id='line_1_3' title="bbox 3320 303 3423 361; baseline 0 -7"><span class='ocrx_word' id='word_1_6' title='bbox 3320 303 3423 361; x_wconf 69' lang='lat'><strong>730</strong></span> 
     </span>
    </p>
   </div>
   <div class='ocr_carea' id='block_1_4' title="bbox 161 418 1758 506">
    <p class='ocr_par' dir='ltr' id='par_1_4' title="bbox 161 430 1746 506">
     <span class='ocr_line' id='line_1_4' title="bbox 161 430 1746 506; baseline -0.004 -16"><span class='ocrx_word' id='word_1_7' title='bbox 161 440 316 491; x_wconf 77' lang='grc' dir='ltr'>ἐστιν</span> <span class='ocrx_word' id='word_1_8' title='bbox 358 434 705 506; x_wconf 75' lang='grc' dir='ltr'><strong>ὑψηλότερον.</strong></span> <span class='ocrx_word' id='word_1_9' title='bbox 757 435 936 506; x_wconf 83' lang='grc' dir='ltr'>Ὅπερ</span> <span class='ocrx_word' id='word_1_10' title='bbox 969 434 999 487; x_wconf 84' lang='grc' dir='ltr'>ὁ</span> <span class='ocrx_word' id='word_1_11' title='bbox 1035 431 1358 503; x_wconf 78' lang='grc' dir='ltr'>φιλονεικῶν</span> <span class='ocrx_word' id='word_1_12' title='bbox 1387 432 1492 486; x_wconf 69' lang='grc' dir='ltr'>ὑπὸ</span> <span class='ocrx_word' id='word_1_13' title='bbox 1525 431 1624 502; x_wconf 81' lang='grc' dir='ltr'>τὴν</span> <span class='ocrx_word' id='word_1_14' title='bbox 1651 430 1746 485; x_wconf 81' lang='grc' dir='ltr'>τοῦ</span> 
     </span>
    </p>
   </div>
   <div class='ocr_carea' id='block_1_5' title="bbox 1862 418 3426 506">
    <p class='ocr_par' dir='ltr' id='par_1_5' title="bbox 1862 418 3426 500">
     <span class='ocr_line' id='line_1_5' title="bbox 1862 418 3426 500; baseline -0.007 -16"><span class='ocrx_word' id='word_1_15' title='bbox 1862 430 2264 500; x_wconf 71' lang='lat' dir='ltr'><strong>cogitationem,</strong></span> <span class='ocrx_word' id='word_1_16' title='bbox 2298 422 2446 496; x_wconf 89' lang='lat' dir='ltr'><strong>quod</strong></span> <span class='ocrx_word' id='word_1_17' title='bbox 2471 437 2500 476; x_wconf 91' lang='lat' dir='ltr'><strong>a</strong></span> <span class='ocrx_word' id='word_1_18' title='bbox 2541 435 2688 476; x_wconf 58' lang='lat' dir='ltr'><strong>malo</strong></span> <span class='ocrx_word' id='word_1_19' title='bbox 2717 420 2953 491; x_wconf 87' lang='lat' dir='ltr'><strong>abrupta</strong></span> <span class='ocrx_word' id='word_1_20' title='bbox 2976 418 3160 473; x_wconf 85' lang='lat' dir='ltr'><strong>anima</strong></span> <span class='ocrx_word' id='word_1_21' title='bbox 3190 424 3246 474; x_wconf 90' lang='lat' dir='ltr'><strong>et</strong></span> <span class='ocrx_word' id='word_1_22' title='bbox 3273 434 3426 488; x_wconf 80' lang='lat' dir='ltr'><strong>qua:-</strong></span> 
     </span>
    </p>
   </div>
   <div class='ocr_carea' id='block_1_6' title="bbox 161 523 1747 596">
    <p class='ocr_par' dir='ltr' id='par_1_6' title="bbox 161 523 1747 596">
     <span class='ocr_line' id='line_1_6' title="bbox 161 523 1747 596; baseline -0.004 -15"><span class='ocrx_word' id='word_1_23' title='bbox 161 528 329 596; x_wconf 76' lang='grc' dir='ltr'>λόγου</span> <span class='ocrx_word' id='word_1_24' title='bbox 380 527 656 596; x_wconf 84' lang='grc' dir='ltr'>σημασίαν</span> <span class='ocrx_word' id='word_1_25' title='bbox 713 524 1022 589; x_wconf 80' lang='grc' dir='ltr'><strong>καθέλκειν,</strong></span> <span class='ocrx_word' id='word_1_26' title='bbox 1101 524 1352 578; x_wconf 77' lang='grc' dir='ltr'>λανθάνει</span> <span class='ocrx_word' id='word_1_27' title='bbox 1410 523 1747 594; x_wconf 82' lang='grc' dir='ltr'>πλημμελῶν</span> 
     </span>
    </p>
   </div>
   <div class='ocr_carea' id='block_1_7' title="bbox 161 610 1746 686">
    <p class='ocr_par' dir='ltr' id='par_1_7' title="bbox 161 610 1746 686">
     <span class='ocr_line' id='line_1_7' title="bbox 161 610 1746 686; baseline -0.003 -16"><span class='ocrx_word' id='word_1_28' title='bbox 161 619 249 682; x_wconf 78' lang='grc' dir='ltr'>εἰς</span> <span class='ocrx_word' id='word_1_29' title='bbox 265 618 330 671; x_wconf 84' lang='grc' dir='ltr'>τὸ</span> <span class='ocrx_word' id='word_1_30' title='bbox 353 617 528 669; x_wconf 87' lang='grc' dir='ltr'>Θεῖον.</span> <span class='ocrx_word' id='word_1_31' title='bbox 570 617 643 669; x_wconf 88' lang='grc' dir='ltr'><strong>Τὸ</strong></span> <span class='ocrx_word' id='word_1_32' title='bbox 669 616 777 686; x_wconf 84' lang='grc' dir='ltr'><strong>γὰρ</strong></span> <span class='ocrx_word' id='word_1_33' title='bbox 809 616 948 686; x_wconf 87' lang='grc' dir='ltr'>ὑπὲρ</span> <span class='ocrx_word' id='word_1_34' title='bbox 982 617 1090 668; x_wconf 81' lang='grc' dir='ltr'><strong>πᾶν</strong></span> <span class='ocrx_word' id='word_1_35' title='bbox 1115 610 1255 670; x_wconf 83' lang='grc' dir='ltr'>εἶναι</span> <span class='ocrx_word' id='word_1_36' title='bbox 1287 614 1746 684; x_wconf 82' lang='grc' dir='ltr'>πεπιστευμένον,</span> 
     </span>
    </p>
   </div>
   <div class='ocr_carea' id='block_1_8' title="bbox 161 708 1749 780">
    <p class='ocr_par' dir='ltr' id='par_1_8' title="bbox 161 708 1749 780">
     <span class='ocr_line' id='line_1_8' title="bbox 161 708 1749 780; baseline -0.003 -16"><span class='ocrx_word' id='word_1_37' title='bbox 161 712 266 764; x_wconf 78' lang='grc' dir='ltr'>καὶ</span> <span class='ocrx_word' id='word_1_38' title='bbox 301 710 443 780; x_wconf 85' lang='grc' dir='ltr'>ὑπὲρ</span> <span class='ocrx_word' id='word_1_39' title='bbox 487 709 644 778; x_wconf 91' lang='grc' dir='ltr'>λόγον</span> <span class='ocrx_word' id='word_1_40' title='bbox 676 710 890 773; x_wconf 84' lang='grc' dir='ltr'>πάντως</span> <span class='ocrx_word' id='word_1_41' title='bbox 937 709 1106 764; x_wconf 89' lang='grc' dir='ltr'>ἐστίν.</span> <span class='ocrx_word' id='word_1_42' title='bbox 1161 710 1220 762; x_wconf 90' lang='lat'><strong>&#39;0</strong></span> <span class='ocrx_word' id='word_1_43' title='bbox 1251 709 1308 762; x_wconf 82' lang='grc' dir='ltr'>δὲ</span> <span class='ocrx_word' id='word_1_44' title='bbox 1354 709 1496 779; x_wconf 81' lang='grc' dir='ltr'>λόγῳ</span> <span class='ocrx_word' id='word_1_45' title='bbox 1525 708 1749 777; x_wconf 74' lang='grc' dir='ltr'>διαλαμ-</span> 
     </span>
    </p>
   </div>
   <div class='ocr_carea' id='block_1_9' title="bbox 164 801 1750 874">
    <p class='ocr_par' dir='ltr' id='par_1_9' title="bbox 164 801 1750 874">
     <span class='ocr_line' id='line_1_9' title="bbox 164 801 1750 874; baseline -0.001 -20"><span class='ocrx_word' id='word_1_46' title='bbox 164 805 360 858; x_wconf 82' lang='grc' dir='ltr'>ϐάνειν</span> <span class='ocrx_word' id='word_1_47' title='bbox 390 803 684 874; x_wconf 82' lang='grc' dir='ltr'>ἐπιχειρῶν</span> <span class='ocrx_word' id='word_1_48' title='bbox 720 803 780 855; x_wconf 82' lang='grc' dir='ltr'>τὸ</span> <span class='ocrx_word' id='word_1_49' title='bbox 803 803 1075 873; x_wconf 84' lang='grc' dir='ltr'>ἀόριστον,</span> <span class='ocrx_word' id='word_1_50' title='bbox 1105 802 1288 855; x_wconf 80' lang='grc' dir='ltr'>οὐκέτι</span> <span class='ocrx_word' id='word_1_51' title='bbox 1315 802 1498 854; x_wconf 88' lang='grc' dir='ltr'>δίδωσι</span> <span class='ocrx_word' id='word_1_52' title='bbox 1527 801 1587 853; x_wconf 79' lang='grc' dir='ltr'><strong>τὸ</strong></span> <span class='ocrx_word' id='word_1_53' title='bbox 1611 802 1750 869; x_wconf 78' lang='grc' dir='ltr'>ὑπὲρ</span> 
     </span>
    </p>
   </div>
   <div class='ocr_carea' id='block_1_10' title="bbox 165 887 1755 958">
    <p class='ocr_par' dir='ltr' id='par_1_10' title="bbox 165 887 1755 958">
     <span class='ocr_line' id='line_1_10' title="bbox 165 887 1755 958; baseline -0.003 -14"><span class='ocrx_word' id='word_1_54' title='bbox 165 893 283 945; x_wconf 83' lang='grc' dir='ltr'><strong>πᾶν</strong></span> <span class='ocrx_word' id='word_1_55' title='bbox 309 887 451 944; x_wconf 72' lang='grc' dir='ltr'>εἶναι</span> <span class='ocrx_word' id='word_1_56' title='bbox 489 894 664 944; x_wconf 86' lang='grc' dir='ltr'>ἐκεῖνο</span> <span class='ocrx_word' id='word_1_57' title='bbox 690 891 719 942; x_wconf 83' lang='grc' dir='ltr'>ὃ</span> <span class='ocrx_word' id='word_1_58' title='bbox 744 891 1048 958; x_wconf 79' lang='grc' dir='ltr'><strong>ἀντεξάγει,</strong></span> <span class='ocrx_word' id='word_1_59' title='bbox 1085 889 1179 942; x_wconf 82' lang='grc' dir='ltr'>τὸν</span> <span class='ocrx_word' id='word_1_60' title='bbox 1221 890 1349 943; x_wconf 78' lang='grc' dir='ltr'>ἴδιον</span> <span class='ocrx_word' id='word_1_61' title='bbox 1386 889 1543 957; x_wconf 79' lang='grc' dir='ltr'>λόγον</span> <span class='ocrx_word' id='word_1_62' title='bbox 1578 888 1755 941; x_wconf 75' lang='grc' dir='ltr'>τοιοῦ-</span> 
     </span>
    </p>
   </div>
   <div class='ocr_carea' id='block_1_11' title="bbox 165 976 1752 1052">
    <p class='ocr_par' dir='ltr' id='par_1_11' title="bbox 165 976 1752 1052">
     <span class='ocr_line' id='line_1_11' title="bbox 165 976 1752 1052; baseline -0.001 -18"><span class='ocrx_word' id='word_1_63' title='bbox 165 984 266 1035; x_wconf 72' lang='grc' dir='ltr'>τόν</span> <span class='ocrx_word' id='word_1_64' title='bbox 314 1000 368 1038; x_wconf 81' lang='grc' dir='ltr'><strong>τι</strong></span> <span class='ocrx_word' id='word_1_65' title='bbox 408 984 503 1036; x_wconf 71' lang='grc' dir='ltr'>καὶ</span> <span class='ocrx_word' id='word_1_66' title='bbox 543 983 794 1036; x_wconf 77' lang='grc' dir='ltr'>τοσοῦτον</span> <span class='ocrx_word' id='word_1_67' title='bbox 832 978 967 1034; x_wconf 81' lang='grc' dir='ltr'>εἶναι</span> <span class='ocrx_word' id='word_1_68' title='bbox 1019 982 1301 1052; x_wconf 76' lang='grc' dir='ltr'>οἰόμενος,</span> <span class='ocrx_word' id='word_1_69' title='bbox 1341 976 1452 1036; x_wconf 73' lang='grc' dir='ltr'>οἷον</span> <span class='ocrx_word' id='word_1_70' title='bbox 1490 983 1586 1035; x_wconf 73' lang='grc' dir='ltr'>καὶ</span> <span class='ocrx_word' id='word_1_71' title='bbox 1631 982 1752 1033; x_wconf 78' lang='grc' dir='ltr'>ὅσον</span> 
     </span>
    </p>
   </div>
   <div class='ocr_carea' id='block_1_12' title="bbox 165 1071 1754 1143">
    <p class='ocr_par' dir='ltr' id='par_1_12' title="bbox 165 1071 1754 1143">
     <span class='ocr_line' id='line_1_12' title="bbox 165 1071 1754 1143; baseline -0.001 -19"><span class='ocrx_word' id='word_1_72' title='bbox 165 1074 351 1125; x_wconf 77' lang='grc' dir='ltr'>εἰπεῖν</span> <span class='ocrx_word' id='word_1_73' title='bbox 382 1075 409 1126; x_wconf 86' lang='grc' dir='ltr'>ὁ</span> <span class='ocrx_word' id='word_1_74' title='bbox 441 1073 594 1142; x_wconf 83' lang='grc' dir='ltr'>λόγος</span> <span class='ocrx_word' id='word_1_75' title='bbox 619 1072 918 1143; x_wconf 86' lang='grc' dir='ltr'>ἐχώρησεν,</span> <span class='ocrx_word' id='word_1_76' title='bbox 956 1073 1057 1125; x_wconf 80' lang='grc' dir='ltr'><strong>οὑκ</strong></span> <span class='ocrx_word' id='word_1_77' title='bbox 1077 1071 1233 1135; x_wconf 85' lang='grc' dir='ltr'>εἰδὼς</span> <span class='ocrx_word' id='word_1_78' title='bbox 1251 1074 1335 1126; x_wconf 87' lang='grc' dir='ltr'>ὃτι</span> <span class='ocrx_word' id='word_1_79' title='bbox 1363 1074 1420 1125; x_wconf 85' lang='grc' dir='ltr'><strong>ἐν</strong></span> <span class='ocrx_word' id='word_1_80' title='bbox 1445 1071 1523 1142; x_wconf 81' lang='grc' dir='ltr'>τῷ</span> <span class='ocrx_word' id='word_1_81' title='bbox 1559 1074 1754 1124; x_wconf 89' lang='grc' dir='ltr'>πεπεῖ-</span> 
     </span>
    </p>
   </div>
   <div class='ocr_carea' id='block_1_13' title="bbox 170 1160 1752 1236">
    <p class='ocr_par' dir='ltr' id='par_1_13' title="bbox 170 1160 1752 1236">
     <span class='ocr_line' id='line_1_13' title="bbox 170 1160 1752 1236; baseline 0 -20"><span class='ocrx_word' id='word_1_82' title='bbox 170 1165 303 1217; x_wconf 89' lang='grc' dir='ltr'>σθαι</span> <span class='ocrx_word' id='word_1_83' title='bbox 331 1166 471 1236; x_wconf 85' lang='grc' dir='ltr'>ὑπὲρ</span> <span class='ocrx_word' id='word_1_84' title='bbox 501 1165 703 1233; x_wconf 87' lang='grc' dir='ltr'>γνῶσιν</span> <span class='ocrx_word' id='word_1_85' title='bbox 727 1160 864 1218; x_wconf 75' lang='grc' dir='ltr'>εἶναι</span> <span class='ocrx_word' id='word_1_86' title='bbox 901 1165 963 1218; x_wconf 83' lang='grc' dir='ltr'>τὸ</span> <span class='ocrx_word' id='word_1_87' title='bbox 994 1165 1166 1229; x_wconf 85' lang='grc' dir='ltr'>Θεῖον,</span> <span class='ocrx_word' id='word_1_88' title='bbox 1185 1167 1242 1230; x_wconf 74' lang='grc' dir='ltr'><strong>ἐν</strong></span> <span class='ocrx_word' id='word_1_89' title='bbox 1269 1164 1442 1234; x_wconf 86' lang='grc' dir='ltr'>τούτῳ</span> <span class='ocrx_word' id='word_1_90' title='bbox 1469 1166 1502 1234; x_wconf 84' lang='grc' dir='ltr'>ή</span> <span class='ocrx_word' id='word_1_91' title='bbox 1526 1165 1752 1234; x_wconf 83' lang='grc' dir='ltr'>θεοπρε-</span> 
     </span>
    </p>
   </div>
   <div class='ocr_carea' id='block_1_14' title="bbox 170 1254 1754 1328">
    <p class='ocr_par' dir='ltr' id='par_1_14' title="bbox 170 1254 1754 1328">
     <span class='ocr_line' id='line_1_14' title="bbox 170 1254 1754 1328; baseline -0.001 -20"><span class='ocrx_word' id='word_1_92' title='bbox 170 1258 290 1325; x_wconf 80' lang='grc' dir='ltr'>πὴς</span> <span class='ocrx_word' id='word_1_93' title='bbox 323 1258 452 1328; x_wconf 74' lang='grc' dir='ltr'>περὶ</span> <span class='ocrx_word' id='word_1_94' title='bbox 485 1256 578 1309; x_wconf 84' lang='grc' dir='ltr'><strong>τοὺ</strong></span> <span class='ocrx_word' id='word_1_95' title='bbox 606 1257 773 1318; x_wconf 78' lang='grc' dir='ltr'>ὅντως</span> <span class='ocrx_word' id='word_1_96' title='bbox 821 1257 970 1318; x_wconf 76' lang='grc' dir='ltr'>ὄντος</span> <span class='ocrx_word' id='word_1_97' title='bbox 1006 1256 1334 1325; x_wconf 82' lang='grc' dir='ltr'>φυλάσσεται</span> <span class='ocrx_word' id='word_1_98' title='bbox 1378 1255 1554 1308; x_wconf 73' lang='grc' dir='ltr'>ἔννοια</span> <span class='ocrx_word' id='word_1_99' title='bbox 1577 1271 1589 1284; x_wconf 89' lang='grc'><strong>·</strong></span> <span class='ocrx_word' id='word_1_100' title='bbox 1624 1254 1754 1308; x_wconf 83' lang='grc' dir='ltr'>διότι</span> 
     </span>
    </p>
   </div>
   <div class='ocr_carea' id='block_1_15' title="bbox 171 1347 1756 1420">
    <p class='ocr_par' dir='ltr' id='par_1_15' title="bbox 171 1347 1756 1420">
     <span class='ocr_line' id='line_1_15' title="bbox 171 1347 1756 1420; baseline -0.002 -19"><span class='ocrx_word' id='word_1_101' title='bbox 171 1351 290 1404; x_wconf 82' lang='grc' dir='ltr'><strong>πᾶν</strong></span> <span class='ocrx_word' id='word_1_102' title='bbox 325 1349 388 1402; x_wconf 82' lang='grc' dir='ltr'>τὸ</span> <span class='ocrx_word' id='word_1_103' title='bbox 411 1353 468 1402; x_wconf 86' lang='grc' dir='ltr'><strong>ἐν</strong></span> <span class='ocrx_word' id='word_1_104' title='bbox 493 1353 558 1420; x_wconf 80' lang='grc' dir='ltr'>τῇ</span> <span class='ocrx_word' id='word_1_105' title='bbox 593 1349 766 1402; x_wconf 81' lang='grc' dir='ltr'>κτίσει</span> <span class='ocrx_word' id='word_1_106' title='bbox 800 1349 880 1412; x_wconf 83' lang='grc' dir='ltr'>ὃν,</span> <span class='ocrx_word' id='word_1_107' title='bbox 913 1350 1047 1420; x_wconf 87' lang='grc' dir='ltr'>πρὸς</span> <span class='ocrx_word' id='word_1_108' title='bbox 1075 1349 1135 1402; x_wconf 81' lang='grc' dir='ltr'>τὸ</span> <span class='ocrx_word' id='word_1_109' title='bbox 1167 1349 1424 1417; x_wconf 79' lang='grc' dir='ltr'>συγγενὲς</span> <span class='ocrx_word' id='word_1_110' title='bbox 1450 1350 1513 1401; x_wconf 87' lang='grc' dir='ltr'><strong>ἐκ</strong></span> <span class='ocrx_word' id='word_1_111' title='bbox 1541 1347 1756 1416; x_wconf 83' lang='grc' dir='ltr'>φύσεως</span> 
     </span>
    </p>
   </div>
   <div class='ocr_carea' id='block_1_16' title="bbox 172 1437 1757 1509">
    <p class='ocr_par' dir='ltr' id='par_1_16' title="bbox 172 1437 1757 1509">
     <span class='ocr_line' id='line_1_16' title="bbox 172 1437 1757 1509; baseline -0.002 -18"><span class='ocrx_word' id='word_1_112' title='bbox 172 1439 390 1509; x_wconf 85' lang='grc' dir='ltr'>βλέπει.</span> <span class='ocrx_word' id='word_1_113' title='bbox 429 1439 537 1491; x_wconf 78' lang='grc' dir='ltr'><strong>Καὶ</strong></span> <span class='ocrx_word' id='word_1_114' title='bbox 563 1438 710 1490; x_wconf 77' lang='grc' dir='ltr'>οὐδὲν</span> <span class='ocrx_word' id='word_1_115' title='bbox 735 1438 844 1490; x_wconf 89' lang='grc' dir='ltr'><strong>τῶν</strong></span> <span class='ocrx_word' id='word_1_116' title='bbox 870 1437 1038 1491; x_wconf 77' lang='grc' dir='ltr'>ὄντων</span> <span class='ocrx_word' id='word_1_117' title='bbox 1063 1437 1122 1501; x_wconf 85' lang='grc' dir='ltr'>ἐξ</span> <span class='ocrx_word' id='word_1_118' title='bbox 1155 1437 1350 1490; x_wconf 75' lang='grc' dir='ltr'>ἑαυτοῦ</span> <span class='ocrx_word' id='word_1_119' title='bbox 1375 1439 1664 1506; x_wconf 87' lang='grc' dir='ltr'>γενόμενον</span> <span class='ocrx_word' id='word_1_120' title='bbox 1700 1439 1757 1488; x_wconf 87' lang='grc' dir='ltr'><strong>ἐν</strong></span> 
     </span>
    </p>
   </div>
   <div class='ocr_carea' id='block_1_17' title="bbox 168 1528 1757 1602">
    <p class='ocr_par' dir='ltr' id='par_1_17' title="bbox 168 1528 1757 1602">
     <span class='ocr_line' id='line_1_17' title="bbox 168 1528 1757 1602; baseline -0.003 -17"><span class='ocrx_word' id='word_1_121' title='bbox 168 1533 255 1602; x_wconf 82' lang='grc' dir='ltr'>τῷ</span> <span class='ocrx_word' id='word_1_122' title='bbox 289 1528 430 1586; x_wconf 77' lang='grc' dir='ltr'>εἶναι</span> <span class='ocrx_word' id='word_1_123' title='bbox 477 1532 648 1602; x_wconf 87' lang='grc' dir='ltr'>μένει.</span> <span class='ocrx_word' id='word_1_124' title='bbox 693 1533 766 1584; x_wconf 85' lang='grc' dir='ltr'><strong>υὺ</strong></span> <span class='ocrx_word' id='word_1_125' title='bbox 813 1531 926 1602; x_wconf 82' lang='grc' dir='ltr'>πῦρ</span> <span class='ocrx_word' id='word_1_126' title='bbox 971 1535 1030 1584; x_wconf 86' lang='grc' dir='ltr'><strong>ἐν</strong></span> <span class='ocrx_word' id='word_1_127' title='bbox 1071 1531 1254 1595; x_wconf 78' lang='grc' dir='ltr'>ὕδατι,</span> <span class='ocrx_word' id='word_1_128' title='bbox 1289 1531 1388 1584; x_wconf 88' lang='grc' dir='ltr'><strong>οὑκ</strong></span> <span class='ocrx_word' id='word_1_129' title='bbox 1426 1532 1483 1583; x_wconf 91' lang='grc' dir='ltr'><strong>ἐν</strong></span> <span class='ocrx_word' id='word_1_130' title='bbox 1516 1530 1648 1600; x_wconf 73' lang='grc' dir='ltr'>πυρὶ</span> <span class='ocrx_word' id='word_1_131' title='bbox 1693 1529 1757 1582; x_wconf 89' lang='grc' dir='ltr'>τὸ</span> 
     </span>
    </p>
   </div>
   <div class='ocr_carea' id='block_1_18' title="bbox 171 1622 1758 1696">
    <p class='ocr_par' dir='ltr' id='par_1_18' title="bbox 171 1622 1758 1696">
     <span class='ocr_line' id='line_1_18' title="bbox 171 1622 1758 1696; baseline -0.002 -20"><span class='ocrx_word' id='word_1_132' title='bbox 171 1625 350 1696; x_wconf 80' lang='grc' dir='ltr'>ὕδωρ,</span> <span class='ocrx_word' id='word_1_133' title='bbox 379 1625 478 1678; x_wconf 89' lang='grc' dir='ltr'><strong>οὑκ</strong></span> <span class='ocrx_word' id='word_1_134' title='bbox 506 1627 565 1679; x_wconf 87' lang='grc' dir='ltr'><strong>ἐν</strong></span> <span class='ocrx_word' id='word_1_135' title='bbox 590 1623 668 1694; x_wconf 83' lang='grc' dir='ltr'>τῷ</span> <span class='ocrx_word' id='word_1_136' title='bbox 695 1622 842 1694; x_wconf 82' lang='grc' dir='ltr'>βυθῷ</span> <span class='ocrx_word' id='word_1_137' title='bbox 869 1625 928 1677; x_wconf 84' lang='grc' dir='ltr'>τὸ</span> <span class='ocrx_word' id='word_1_138' title='bbox 958 1625 1228 1694; x_wconf 84' lang='grc' dir='ltr'>χερσαῖον,</span> <span class='ocrx_word' id='word_1_139' title='bbox 1270 1624 1370 1675; x_wconf 81' lang='grc' dir='ltr'>οὐκ</span> <span class='ocrx_word' id='word_1_140' title='bbox 1397 1625 1455 1676; x_wconf 88' lang='grc' dir='ltr'><strong>ἐν</strong></span> <span class='ocrx_word' id='word_1_141' title='bbox 1480 1625 1546 1692; x_wconf 83' lang='grc' dir='ltr'>τῇ</span> <span class='ocrx_word' id='word_1_142' title='bbox 1581 1624 1758 1693; x_wconf 80' lang='grc' dir='ltr'>χέρσῳ</span> 
     </span>
    </p>
   </div>
   <div class='ocr_carea' id='block_1_19' title="bbox 169 1704 1758 1786">
    <p class='ocr_par' dir='ltr' id='par_1_19' title="bbox 169 1704 1758 1786">
     <span class='ocr_line' id='line_1_19' title="bbox 169 1704 1758 1786; baseline -0.001 -19"><span class='ocrx_word' id='word_1_143' title='bbox 169 1715 238 1768; x_wconf 81' lang='grc' dir='ltr'>τὸ</span> <span class='ocrx_word' id='word_1_144' title='bbox 270 1715 514 1786; x_wconf 75' lang='grc' dir='ltr'>ἔνυδρον,</span> <span class='ocrx_word' id='word_1_145' title='bbox 545 1715 647 1768; x_wconf 88' lang='grc' dir='ltr'><strong>οὑκ</strong></span> <span class='ocrx_word' id='word_1_146' title='bbox 676 1718 734 1767; x_wconf 90' lang='grc' dir='ltr'><strong>ἐν</strong></span> <span class='ocrx_word' id='word_1_147' title='bbox 761 1704 884 1786; x_wconf 81' lang='grc' dir='ltr'>ἀέρι</span> <span class='ocrx_word' id='word_1_148' title='bbox 917 1714 981 1768; x_wconf 83' lang='grc' dir='ltr'>τὸ</span> <span class='ocrx_word' id='word_1_149' title='bbox 1007 1715 1240 1784; x_wconf 76' lang='grc' dir='ltr'>ἔγγειον,</span> <span class='ocrx_word' id='word_1_150' title='bbox 1266 1714 1366 1767; x_wconf 89' lang='grc' dir='ltr'><strong>οὑκ</strong></span> <span class='ocrx_word' id='word_1_151' title='bbox 1396 1715 1455 1766; x_wconf 88' lang='grc' dir='ltr'><strong>ἐν</strong></span> <span class='ocrx_word' id='word_1_152' title='bbox 1487 1716 1558 1785; x_wconf 79' lang='grc' dir='ltr'>γῇ</span> <span class='ocrx_word' id='word_1_153' title='bbox 1596 1713 1758 1766; x_wconf 91' lang='grc' dir='ltr'>πάλιν</span> 
     </span>
    </p>
   </div>
   <div class='ocr_carea' id='block_1_20' title="bbox 171 1790 1832 1878">
    <p class='ocr_par' dir='ltr' id='par_1_20' title="bbox 171 1790 1832 1878">
     <span class='ocr_line' id='line_1_20' title="bbox 171 1790 1832 1878; baseline -0.002 -18"><span class='ocrx_word' id='word_1_154' title='bbox 171 1807 237 1860; x_wconf 82' lang='grc' dir='ltr'><strong>τὺ</strong></span> <span class='ocrx_word' id='word_1_155' title='bbox 265 1806 539 1878; x_wconf 75' lang='grc' dir='ltr'>ἐναέριον·</span> <span class='ocrx_word' id='word_1_156' title='bbox 578 1806 694 1859; x_wconf 85' lang='grc' dir='ltr'>ἀλλ’</span> <span class='ocrx_word' id='word_1_157' title='bbox 725 1807 784 1860; x_wconf 88' lang='grc' dir='ltr'><strong>ἐν</strong></span> <span class='ocrx_word' id='word_1_158' title='bbox 808 1810 920 1868; x_wconf 84' lang='grc' dir='ltr'>τοῖς</span> <span class='ocrx_word' id='word_1_159' title='bbox 950 1806 1102 1869; x_wconf 84' lang='grc' dir='ltr'>ίδίοις</span> <span class='ocrx_word' id='word_1_160' title='bbox 1143 1806 1370 1858; x_wconf 74' lang='grc' dir='ltr'>ἕκαστον</span> <span class='ocrx_word' id='word_1_161' title='bbox 1414 1806 1572 1875; x_wconf 90' lang='grc' dir='ltr'>μένον</span> <span class='ocrx_word' id='word_1_162' title='bbox 1609 1805 1754 1874; x_wconf 83' lang='grc' dir='ltr'>ὅροις</span> <span class='ocrx_word' id='word_1_163' title='bbox 1792 1790 1832 1845; x_wconf 75' lang='grc' dir='ltr'><strong><em>Β</em></strong></span> 
     </span>
    </p>
   </div>
   <div class='ocr_carea' id='block_1_21' title="bbox 170 1896 1754 1969">
    <p class='ocr_par' dir='ltr' id='par_1_21' title="bbox 170 1896 1754 1969">
     <span class='ocr_line' id='line_1_21' title="bbox 170 1896 1754 1969; baseline -0.001 -18"><span class='ocrx_word' id='word_1_164' title='bbox 170 1899 276 1969; x_wconf 86' lang='grc' dir='ltr'>τῆς</span> <span class='ocrx_word' id='word_1_165' title='bbox 305 1897 552 1967; x_wconf 79' lang='grc' dir='ltr'>φύσεως,</span> <span class='ocrx_word' id='word_1_166' title='bbox 589 1899 694 1961; x_wconf 72' lang='grc' dir='ltr'>ἕως</span> <span class='ocrx_word' id='word_1_167' title='bbox 720 1899 842 1950; x_wconf 85' lang='grc' dir='ltr'>τότε</span> <span class='ocrx_word' id='word_1_168' title='bbox 877 1898 1044 1960; x_wconf 80' lang='grc' dir='ltr'>ἐστιν,</span> <span class='ocrx_word' id='word_1_169' title='bbox 1075 1897 1180 1960; x_wconf 74' lang='grc' dir='ltr'>ἕως</span> <span class='ocrx_word' id='word_1_170' title='bbox 1209 1896 1274 1950; x_wconf 83' lang='grc' dir='ltr'>ἂν</span> <span class='ocrx_word' id='word_1_171' title='bbox 1303 1896 1410 1949; x_wconf 89' lang='grc' dir='ltr'><strong>τῶν</strong></span> <span class='ocrx_word' id='word_1_172' title='bbox 1438 1897 1581 1950; x_wconf 81' lang='grc' dir='ltr'><strong>ἰδίων</strong></span> <span class='ocrx_word' id='word_1_173' title='bbox 1613 1898 1754 1967; x_wconf 84' lang='grc' dir='ltr'>ὅρων</span> 
     </span>
    </p>
   </div>
   <div class='ocr_carea' id='block_1_22' title="bbox 171 1987 1754 2059">
    <p class='ocr_par' dir='ltr' id='par_1_22' title="bbox 171 1987 1754 2059">
     <span class='ocr_line' id='line_1_22' title="bbox 171 1987 1754 2059; baseline 0 -18"><span class='ocrx_word' id='word_1_174' title='bbox 171 1990 332 2052; x_wconf 80' lang='grc' dir='ltr'>ἐντὸς</span> <span class='ocrx_word' id='word_1_175' title='bbox 366 1989 521 2059; x_wconf 85' lang='grc' dir='ltr'><strong>μένῃ.</strong></span> <span class='ocrx_word' id='word_1_176' title='bbox 553 1989 614 2042; x_wconf 81' lang='grc' dir='ltr'><strong>ΕΞ</strong></span> <span class='ocrx_word' id='word_1_177' title='bbox 641 1989 698 2041; x_wconf 84' lang='grc' dir='ltr'><strong>δέ</strong></span> <span class='ocrx_word' id='word_1_178' title='bbox 727 1988 832 2053; x_wconf 74' lang='grc' dir='ltr'><strong>ἔξω</strong></span> <span class='ocrx_word' id='word_1_179' title='bbox 861 1987 1054 2041; x_wconf 81' lang='grc' dir='ltr'>ἑαυτοῦ</span> <span class='ocrx_word' id='word_1_180' title='bbox 1085 1987 1316 2056; x_wconf 87' lang='grc' dir='ltr'>γένοιτο,</span> <span class='ocrx_word' id='word_1_181' title='bbox 1352 1988 1507 2051; x_wconf 83' lang='grc' dir='ltr'>ἐκτὸς</span> <span class='ocrx_word' id='word_1_182' title='bbox 1536 1989 1629 2041; x_wconf 82' lang='grc' dir='ltr'>καὶ</span> <span class='ocrx_word' id='word_1_183' title='bbox 1661 1987 1754 2042; x_wconf 78' lang='grc' dir='ltr'>τοῦ</span> 
     </span>
    </p>
   </div>
   <div class='ocr_carea' id='block_1_23' title="bbox 172 2077 1760 2150">
    <p class='ocr_par' dir='ltr' id='par_1_23' title="bbox 172 2077 1760 2150">
     <span class='ocr_line' id='line_1_23' title="bbox 172 2077 1760 2150; baseline -0.001 -17"><span class='ocrx_word' id='word_1_184' title='bbox 172 2077 317 2133; x_wconf 73' lang='grc' dir='ltr'>εῖναι</span> <span class='ocrx_word' id='word_1_185' title='bbox 347 2081 634 2150; x_wconf 81' lang='grc' dir='ltr'>γενήσεται</span> <span class='ocrx_word' id='word_1_186' title='bbox 652 2093 666 2107; x_wconf 88' lang='grc'><strong>·</strong></span> <span class='ocrx_word' id='word_1_187' title='bbox 698 2080 810 2141; x_wconf 74' lang='grc' dir='ltr'>,καὶ</span> <span class='ocrx_word' id='word_1_188' title='bbox 843 2079 1033 2148; x_wconf 84' lang='grc' dir='ltr'>ὥσπερ</span> <span class='ocrx_word' id='word_1_189' title='bbox 1063 2077 1171 2131; x_wconf 90' lang='grc' dir='ltr'><strong>τῶν</strong></span> <span class='ocrx_word' id='word_1_190' title='bbox 1200 2077 1568 2150; x_wconf 76' lang='grc' dir='ltr'>αἰσθητηρίων</span> <span class='ocrx_word' id='word_1_191' title='bbox 1602 2079 1635 2148; x_wconf 83' lang='grc' dir='ltr'>ὴ</span> <span class='ocrx_word' id='word_1_192' title='bbox 1668 2079 1760 2132; x_wconf 72' lang='grc' dir='ltr'>δύο</span> 
     </span>
    </p>
   </div>
   <div class='ocr_carea' id='block_1_24' title="bbox 172 2159 1754 2242">
    <p class='ocr_par' dir='ltr' id='par_1_24' title="bbox 172 2159 1754 2242">
     <span class='ocr_line' id='line_1_24' title="bbox 172 2159 1754 2242; baseline -0.001 -16"><span class='ocrx_word' id='word_1_193' title='bbox 172 2188 376 2242; x_wconf 82' lang='grc' dir='ltr'>ναμις,</span> <span class='ocrx_word' id='word_1_194' title='bbox 423 2173 545 2234; x_wconf 87' lang='grc' dir='ltr'>ταῖς</span> <span class='ocrx_word' id='word_1_195' title='bbox 591 2171 730 2225; x_wconf 80' lang='grc' dir='ltr'>κατὰ</span> <span class='ocrx_word' id='word_1_196' title='bbox 765 2159 926 2240; x_wconf 87' lang='grc' dir='ltr'>φύσιν</span> <span class='ocrx_word' id='word_1_197' title='bbox 973 2172 1275 2241; x_wconf 80' lang='grc' dir='ltr'>ἐνεργείαις</span> <span class='ocrx_word' id='word_1_198' title='bbox 1328 2171 1754 2242; x_wconf 81' lang='grc' dir='ltr'>παραμένουσα,</span> 
     </span>
    </p>
   </div>
   <div class='ocr_carea' id='block_1_25' title="bbox 177 2261 1756 2333">
    <p class='ocr_par' dir='ltr' id='par_1_25' title="bbox 177 2261 1756 2333">
     <span class='ocr_line' id='line_1_25' title="bbox 177 2261 1756 2333; baseline 0.001 -19"><span class='ocrx_word' id='word_1_199' title='bbox 177 2261 485 2332; x_wconf 65' lang='grc' dir='ltr'>μταὸἧναι</span> <span class='ocrx_word' id='word_1_200' title='bbox 523 2261 658 2332; x_wconf 89' lang='grc' dir='ltr'>πρὸς</span> <span class='ocrx_word' id='word_1_201' title='bbox 685 2261 785 2333; x_wconf 79' lang='grc' dir='ltr'>τὴν</span> <span class='ocrx_word' id='word_1_202' title='bbox 814 2262 1220 2332; x_wconf 84' lang='grc' dir='ltr'>παρακειμένην</span> <span class='ocrx_word' id='word_1_203' title='bbox 1240 2263 1301 2315; x_wconf 87' lang='grc' dir='ltr'><strong>οὑ</strong></span> <span class='ocrx_word' id='word_1_204' title='bbox 1332 2261 1574 2316; x_wconf 88' lang='grc' dir='ltr'>δύναται.</span> <span class='ocrx_word' id='word_1_205' title='bbox 1618 2261 1756 2316; x_wconf 75' lang='grc' dir='ltr'>Οὔτε</span> 
     </span>
    </p>
   </div>
   <div class='ocr_carea' id='block_1_26' title="bbox 172 2351 1757 2425">
    <p class='ocr_par' dir='ltr' id='par_1_26' title="bbox 172 2351 1757 2425">
     <span class='ocr_line' id='line_1_26' title="bbox 172 2351 1757 2425; baseline 0.001 -20"><span class='ocrx_word' id='word_1_206' title='bbox 172 2352 289 2422; x_wconf 83' lang='grc' dir='ltr'>γὰρ</span> <span class='ocrx_word' id='word_1_207' title='bbox 318 2351 597 2422; x_wconf 76' lang='grc' dir='ltr'>ὀφθαλμὸς</span> <span class='ocrx_word' id='word_1_208' title='bbox 636 2351 706 2404; x_wconf 85' lang='grc' dir='ltr'>τὰ</span> <span class='ocrx_word' id='word_1_209' title='bbox 737 2353 834 2423; x_wconf 85' lang='grc' dir='ltr'>τῆς</span> <span class='ocrx_word' id='word_1_210' title='bbox 862 2353 1035 2423; x_wconf 80' lang='grc' dir='ltr'>ἀκοῆς</span> <span class='ocrx_word' id='word_1_211' title='bbox 1079 2355 1416 2424; x_wconf 87' lang='grc' dir='ltr'>ἐνεργεῖται,</span> <span class='ocrx_word' id='word_1_212' title='bbox 1461 2352 1587 2406; x_wconf 78' lang='grc' dir='ltr'>οὔτε</span> <span class='ocrx_word' id='word_1_213' title='bbox 1621 2354 1757 2425; x_wconf 84' lang='grc' dir='ltr'>ἀκοὴ</span> 
     </span>
    </p>
   </div>
   <div class='ocr_carea' id='block_1_27' title="bbox 172 2441 1758 2516">
    <p class='ocr_par' dir='ltr' id='par_1_27' title="bbox 172 2441 1758 2516">
     <span class='ocr_line' id='line_1_27' title="bbox 172 2441 1758 2516; baseline 0.002 -21"><span class='ocrx_word' id='word_1_214' title='bbox 172 2444 426 2512; x_wconf 87' lang='grc' dir='ltr'>γεύεται,</span> <span class='ocrx_word' id='word_1_215' title='bbox 454 2441 579 2496; x_wconf 79' lang='grc' dir='ltr'>οὔτε</span> <span class='ocrx_word' id='word_1_216' title='bbox 600 2442 712 2514; x_wconf 79' lang='grc' dir='ltr'><strong>ἁφὴ</strong></span> <span class='ocrx_word' id='word_1_217' title='bbox 739 2443 1065 2512; x_wconf 81' lang='grc' dir='ltr'>διαλέγεται,</span> <span class='ocrx_word' id='word_1_218' title='bbox 1100 2443 1225 2497; x_wconf 77' lang='grc' dir='ltr'>οὔτε</span> <span class='ocrx_word' id='word_1_219' title='bbox 1250 2445 1283 2515; x_wconf 85' lang='grc' dir='ltr'>ἡ</span> <span class='ocrx_word' id='word_1_220' title='bbox 1313 2444 1535 2513; x_wconf 89' lang='grc' dir='ltr'>γλῶσσα</span> <span class='ocrx_word' id='word_1_221' title='bbox 1562 2447 1630 2498; x_wconf 78' lang='grc' dir='ltr'>τὰ</span> <span class='ocrx_word' id='word_1_222' title='bbox 1659 2447 1758 2516; x_wconf 77' lang='grc' dir='ltr'>τῆς</span> 
     </span>
    </p>
   </div>
   <div class='ocr_carea' id='block_1_28' title="bbox 173 2535 1758 2609">
    <p class='ocr_par' dir='ltr' id='par_1_28' title="bbox 173 2535 1758 2609">
     <span class='ocr_line' id='line_1_28' title="bbox 173 2535 1758 2609; baseline 0.003 -21"><span class='ocrx_word' id='word_1_223' title='bbox 173 2536 358 2604; x_wconf 68' lang='grc' dir='ltr'>ὅψεως</span> <span class='ocrx_word' id='word_1_224' title='bbox 402 2535 546 2606; x_wconf 81' lang='grc' dir='ltr'><strong>ἢ.τά</strong></span> <span class='ocrx_word' id='word_1_225' title='bbox 577 2535 679 2605; x_wconf 84' lang='grc' dir='ltr'>τῆς</span> <span class='ocrx_word' id='word_1_226' title='bbox 707 2537 877 2607; x_wconf 84' lang='grc' dir='ltr'>ἀκοῆς</span> <span class='ocrx_word' id='word_1_227' title='bbox 920 2538 1163 2609; x_wconf 86' lang='grc' dir='ltr'>ἐνεργεῖ,</span> <span class='ocrx_word' id='word_1_228' title='bbox 1214 2537 1328 2590; x_wconf 86' lang='grc' dir='ltr'>ἀλλ’</span> <span class='ocrx_word' id='word_1_229' title='bbox 1361 2537 1590 2600; x_wconf 71' lang='grc' dir='ltr'>ἕκαστος</span> <span class='ocrx_word' id='word_1_230' title='bbox 1635 2538 1758 2608; x_wconf 85' lang='grc' dir='ltr'>ὅρον</span> 
     </span>
    </p>
   </div>
   <div class='ocr_carea' id='block_1_29' title="bbox 174 2623 1756 2696">
    <p class='ocr_par' dir='ltr' id='par_1_29' title="bbox 174 2623 1756 2696">
     <span class='ocr_line' id='line_1_29' title="bbox 174 2623 1756 2696; baseline 0.003 -21"><span class='ocrx_word' id='word_1_231' title='bbox 174 2624 293 2694; x_wconf 76' lang='grc' dir='ltr'>ἔχει</span> <span class='ocrx_word' id='word_1_232' title='bbox 321 2623 424 2692; x_wconf 74' lang='grc' dir='ltr'>τῆς</span> <span class='ocrx_word' id='word_1_233' title='bbox 454 2623 586 2685; x_wconf 80' lang='grc' dir='ltr'>ἰδίας</span> <span class='ocrx_word' id='word_1_234' title='bbox 621 2623 902 2693; x_wconf 84' lang='grc' dir='ltr'>δυνάμεως</span> <span class='ocrx_word' id='word_1_235' title='bbox 919 2664 933 2687; x_wconf 91' lang='grc'><strong>,</strong></span> <span class='ocrx_word' id='word_1_236' title='bbox 963 2624 1060 2694; x_wconf 84' lang='grc' dir='ltr'>τὴν</span> <span class='ocrx_word' id='word_1_237' title='bbox 1087 2623 1230 2678; x_wconf 85' lang='grc' dir='ltr'>κατὰ</span> <span class='ocrx_word' id='word_1_238' title='bbox 1255 2624 1414 2694; x_wconf 81' lang='grc' dir='ltr'>φύσιν</span> <span class='ocrx_word' id='word_1_239' title='bbox 1442 2626 1718 2696; x_wconf 82' lang='grc' dir='ltr'>ἐνέργειαν</span> <span class='ocrx_word' id='word_1_240' title='bbox 1742 2642 1756 2653; x_wconf 74' lang='grc'><strong><em>⁸</em></strong></span> 
     </span>
    </p>
   </div>
   <div class='ocr_carea' id='block_1_30' title="bbox 174 2714 1760 2788">
    <p class='ocr_par' dir='ltr' id='par_1_30' title="bbox 174 2714 1760 2788">
     <span class='ocr_line' id='line_1_30' title="bbox 174 2714 1760 2788; baseline 0.001 -21"><span class='ocrx_word' id='word_1_241' title='bbox 174 2715 322 2768; x_wconf 79' lang='grc' dir='ltr'>οὕτω</span> <span class='ocrx_word' id='word_1_242' title='bbox 349 2715 444 2768; x_wconf 74' lang='grc' dir='ltr'>καὶ</span> <span class='ocrx_word' id='word_1_243' title='bbox 472 2716 621 2768; x_wconf 80' lang='grc' dir='ltr'>πᾶσα</span> <span class='ocrx_word' id='word_1_244' title='bbox 649 2716 683 2785; x_wconf 82' lang='grc' dir='ltr'><strong>ἡ</strong></span> <span class='ocrx_word' id='word_1_245' title='bbox 713 2714 888 2778; x_wconf 82' lang='grc' dir='ltr'>κτίσις</span> <span class='ocrx_word' id='word_1_246' title='bbox 919 2714 1025 2781; x_wconf 77' lang='grc' dir='ltr'><strong>ἔξω</strong></span> <span class='ocrx_word' id='word_1_247' title='bbox 1055 2717 1254 2785; x_wconf 75' lang='grc' dir='ltr'>ἑαυτῆς</span> <span class='ocrx_word' id='word_1_248' title='bbox 1273 2715 1523 2784; x_wconf 85' lang='grc' dir='ltr'>γενέσθαι</span> <span class='ocrx_word' id='word_1_249' title='bbox 1557 2717 1644 2771; x_wconf 77' lang='grc' dir='ltr'><strong>διὰ</strong></span> <span class='ocrx_word' id='word_1_250' title='bbox 1662 2719 1760 2788; x_wconf 85' lang='grc' dir='ltr'>τῆς</span> 
     </span>
    </p>
   </div>
   <div class='ocr_carea' id='block_1_31' title="bbox 173 2807 1760 2879">
    <p class='ocr_par' dir='ltr' id='par_1_31' title="bbox 173 2807 1760 2879">
     <span class='ocr_line' id='line_1_31' title="bbox 173 2807 1760 2879; baseline 0.001 -19"><span class='ocrx_word' id='word_1_251' title='bbox 173 2807 596 2879; x_wconf 63' lang='grc' dir='ltr'>καταληπικῆς</span> <span class='ocrx_word' id='word_1_252' title='bbox 616 2807 847 2879; x_wconf 86' lang='grc' dir='ltr'>θεωρίας</span> <span class='ocrx_word' id='word_1_253' title='bbox 869 2807 930 2860; x_wconf 90' lang='grc' dir='ltr'><strong>οὑ</strong></span> <span class='ocrx_word' id='word_1_254' title='bbox 959 2807 1205 2865; x_wconf 84' lang='grc' dir='ltr'>δύναται.</span> <span class='ocrx_word' id='word_1_255' title='bbox 1227 2807 1342 2861; x_wconf 84' lang='grc' dir='ltr'>ἀλλ’</span> <span class='ocrx_word' id='word_1_256' title='bbox 1370 2810 1427 2860; x_wconf 91' lang='grc' dir='ltr'><strong>ἐν</strong></span> <span class='ocrx_word' id='word_1_257' title='bbox 1448 2809 1585 2879; x_wconf 83' lang='grc' dir='ltr'>αὑτῇ</span> <span class='ocrx_word' id='word_1_258' title='bbox 1612 2809 1760 2878; x_wconf 88' lang='grc' dir='ltr'>μένει</span> 
     </span>
    </p>
   </div>
   <div class='ocr_carea' id='block_1_32' title="bbox 175 2900 1758 2973">
    <p class='ocr_par' dir='ltr' id='par_1_32' title="bbox 175 2900 1758 2973">
     <span class='ocr_line' id='line_1_32' title="bbox 175 2900 1758 2973; baseline -0.002 -18"><span class='ocrx_word' id='word_1_259' title='bbox 175 2901 295 2966; x_wconf 76' lang='grc' dir='ltr'>ἀεὶ,</span> <span class='ocrx_word' id='word_1_260' title='bbox 331 2902 428 2954; x_wconf 78' lang='grc' dir='ltr'>καὶ</span> <span class='ocrx_word' id='word_1_261' title='bbox 467 2902 602 2971; x_wconf 85' lang='grc' dir='ltr'>ὅπερ</span> <span class='ocrx_word' id='word_1_262' title='bbox 647 2900 714 2954; x_wconf 81' lang='grc' dir='ltr'>ἂν</span> <span class='ocrx_word' id='word_1_263' title='bbox 749 2900 863 2973; x_wconf 70' lang='grc' dir='ltr'>ἴδῃ,</span> <span class='ocrx_word' id='word_1_264' title='bbox 907 2901 1107 2971; x_wconf 81' lang='grc' dir='ltr'>ἑαυτὴν</span> <span class='ocrx_word' id='word_1_265' title='bbox 1147 2900 1367 2970; x_wconf 82' lang='grc' dir='ltr'>βλέπει,</span> <span class='ocrx_word' id='word_1_266' title='bbox 1404 2901 1505 2954; x_wconf 71' lang='grc' dir='ltr'>κᾶν</span> <span class='ocrx_word' id='word_1_267' title='bbox 1551 2901 1758 2972; x_wconf 86' lang='grc' dir='ltr'>οἰηθείη</span> 
     </span>
    </p>
   </div>
   <div class='ocr_carea' id='block_1_33' title="bbox 173 2991 1762 3063">
    <p class='ocr_par' dir='ltr' id='par_1_33' title="bbox 173 2991 1762 3063">
     <span class='ocr_line' id='line_1_33' title="bbox 173 2991 1762 3063; baseline 0 -17"><span class='ocrx_word' id='word_1_268' title='bbox 173 3010 228 3047; x_wconf 82' lang='grc' dir='ltr'><strong>τι</strong></span> <span class='ocrx_word' id='word_1_269' title='bbox 265 2992 411 3063; x_wconf 87' lang='grc' dir='ltr'>ὑπὲρ</span> <span class='ocrx_word' id='word_1_270' title='bbox 433 2992 630 3063; x_wconf 82' lang='grc' dir='ltr'>ἑαυτὴν</span> <span class='ocrx_word' id='word_1_271' title='bbox 656 2992 894 3062; x_wconf 75' lang='grc' dir='ltr'>βλέπειν,</span> <span class='ocrx_word' id='word_1_272' title='bbox 923 2991 984 3044; x_wconf 83' lang='grc' dir='ltr'>τὸ</span> <span class='ocrx_word' id='word_1_273' title='bbox 1039 2993 1194 3056; x_wconf 83' lang='grc' dir='ltr'>ἐκτὸς</span> <span class='ocrx_word' id='word_1_274' title='bbox 1218 2994 1418 3063; x_wconf 77' lang='grc' dir='ltr'>ἑαυτῆς</span> <span class='ocrx_word' id='word_1_275' title='bbox 1447 2993 1606 3062; x_wconf 79' lang='grc' dir='ltr'>φύσιν</span> <span class='ocrx_word' id='word_1_276' title='bbox 1635 2994 1762 3046; x_wconf 87' lang='grc' dir='ltr'>ίδεῖν</span> 
     </span>
    </p>
   </div>
   <div class='ocr_carea' id='block_1_34' title="bbox 176 3078 1762 3156">
    <p class='ocr_par' dir='ltr' id='par_1_34' title="bbox 176 3078 1762 3156">
     <span class='ocr_line' id='line_1_34' title="bbox 176 3078 1762 3156; baseline 0.001 -19"><span class='ocrx_word' id='word_1_277' title='bbox 176 3085 280 3137; x_wconf 87' lang='grc' dir='ltr'><strong>οὑκ</strong></span> <span class='ocrx_word' id='word_1_278' title='bbox 314 3083 462 3154; x_wconf 79' lang='grc' dir='ltr'>ἔχει’</span> <span class='ocrx_word' id='word_1_279' title='bbox 501 3078 610 3136; x_wconf 76' lang='grc' dir='ltr'>οἷον</span> <span class='ocrx_word' id='word_1_280' title='bbox 652 3084 750 3152; x_wconf 84' lang='grc' dir='ltr'>τὴν</span> <span class='ocrx_word' id='word_1_281' title='bbox 787 3084 1220 3155; x_wconf 86' lang='grc' dir='ltr'>διαστηματικὴν</span> <span class='ocrx_word' id='word_1_282' title='bbox 1243 3083 1450 3138; x_wconf 75' lang='grc' dir='ltr'>ἔννοιαν</span> <span class='ocrx_word' id='word_1_283' title='bbox 1477 3086 1534 3138; x_wconf 83' lang='grc' dir='ltr'><strong>ἐν</strong></span> <span class='ocrx_word' id='word_1_284' title='bbox 1563 3089 1628 3156; x_wconf 83' lang='grc' dir='ltr'><strong>τῇ</strong></span> <span class='ocrx_word' id='word_1_285' title='bbox 1652 3086 1762 3139; x_wconf 88' lang='grc' dir='ltr'><strong>τῶν</strong></span> 
     </span>
    </p>
   </div>
   <div class='ocr_carea' id='block_1_35' title="bbox 173 3174 1762 3247">
    <p class='ocr_par' dir='ltr' id='par_1_35' title="bbox 173 3174 1762 3247">
     <span class='ocr_line' id='line_1_35' title="bbox 173 3174 1762 3247; baseline 0.002 -20"><span class='ocrx_word' id='word_1_286' title='bbox 173 3176 349 3228; x_wconf 77' lang='grc' dir='ltr'>ὄντων</span> <span class='ocrx_word' id='word_1_287' title='bbox 394 3175 598 3246; x_wconf 67' lang='grc' dir='ltr'><strong>θεωρίᾳ⁸</strong></span> <span class='ocrx_word' id='word_1_288' title='bbox 626 3175 917 3245; x_wconf 76' lang='grc' dir='ltr'>παρελθεῖν</span> <span class='ocrx_word' id='word_1_289' title='bbox 958 3174 1223 3245; x_wconf 76' lang='grc' dir='ltr'>βιάζεται,</span> <span class='ocrx_word' id='word_1_290' title='bbox 1251 3175 1365 3229; x_wconf 78' lang='grc' dir='ltr'>ἀλλ’</span> <span class='ocrx_word' id='word_1_291' title='bbox 1398 3177 1458 3229; x_wconf 88' lang='grc' dir='ltr'><strong>οὑ</strong></span> <span class='ocrx_word' id='word_1_292' title='bbox 1495 3177 1762 3247; x_wconf 82' lang='grc' dir='ltr'>παρέρχε-</span> 
     </span>
    </p>
   </div>
   <div class='ocr_carea' id='block_1_36' title="bbox 173 3266 1765 3340">
    <p class='ocr_par' dir='ltr' id='par_1_36' title="bbox 173 3266 1765 3340">
     <span class='ocr_line' id='line_1_36' title="bbox 173 3266 1765 3340; baseline 0.001 -21"><span class='ocrx_word' id='word_1_293' title='bbox 173 3284 290 3321; x_wconf 87' lang='grc' dir='ltr'>ται.</span> <span class='ocrx_word' id='word_1_294' title='bbox 318 3268 495 3321; x_wconf 74' lang='grc' dir='ltr'>Παντὶ</span> <span class='ocrx_word' id='word_1_295' title='bbox 533 3269 643 3338; x_wconf 81' lang='grc' dir='ltr'><strong>γάρ</strong></span> <span class='ocrx_word' id='word_1_296' title='bbox 681 3266 762 3337; x_wconf 85' lang='grc' dir='ltr'><strong>τῷ</strong></span> <span class='ocrx_word' id='word_1_297' title='bbox 804 3268 1180 3339; x_wconf 86' lang='grc' dir='ltr'>εὑρισκομένῳ</span> <span class='ocrx_word' id='word_1_298' title='bbox 1208 3270 1438 3339; x_wconf 87' lang='grc' dir='ltr'>νοήματι</span> <span class='ocrx_word' id='word_1_299' title='bbox 1471 3269 1765 3340; x_wconf 88' lang='grc' dir='ltr'>συνθεωρεί</span> 
     </span>
    </p>
   </div>
   <div class='ocr_carea' id='block_1_37' title="bbox 176 3355 1762 3428">
    <p class='ocr_par' dir='ltr' id='par_1_37' title="bbox 176 3355 1762 3428">
     <span class='ocr_line' id='line_1_37' title="bbox 176 3355 1762 3428; baseline 0 -18"><span class='ocrx_word' id='word_1_300' title='bbox 176 3356 399 3419; x_wconf 85' lang='grc' dir='ltr'>πάντως</span> <span class='ocrx_word' id='word_1_301' title='bbox 426 3356 489 3409; x_wconf 82' lang='grc' dir='ltr'>τὸ</span> <span class='ocrx_word' id='word_1_302' title='bbox 532 3355 1192 3426; x_wconf 80' lang='grc' dir='ltr'>συγκαταλαμὸανὸμενον</span> <span class='ocrx_word' id='word_1_303' title='bbox 1234 3360 1300 3428; x_wconf 83' lang='grc' dir='ltr'><strong>τῇ</strong></span> <span class='ocrx_word' id='word_1_304' title='bbox 1346 3357 1639 3411; x_wconf 79' lang='grc' dir='ltr'>ὑποστάσει</span> <span class='ocrx_word' id='word_1_305' title='bbox 1670 3357 1762 3412; x_wconf 77' lang='grc' dir='ltr'><strong>τοῦ</strong></span> 
     </span>
    </p>
   </div>
   <div class='ocr_carea' id='block_1_38' title="bbox 173 3448 1762 3521">
    <p class='ocr_par' dir='ltr' id='par_1_38' title="bbox 173 3448 1762 3521">
     <span class='ocr_line' id='line_1_38' title="bbox 173 3448 1762 3521; baseline 0 -18"><span class='ocrx_word' id='word_1_306' title='bbox 173 3449 470 3520; x_wconf 81' lang='grc' dir='ltr'>νοουμένου</span> <span class='ocrx_word' id='word_1_307' title='bbox 507 3449 785 3520; x_wconf 85' lang='grc' dir='ltr'>διάστημα</span> <span class='ocrx_word' id='word_1_308' title='bbox 809 3465 822 3480; x_wconf 76' lang='grc'><em>³</em></span> <span class='ocrx_word' id='word_1_309' title='bbox 861 3448 922 3502; x_wconf 84' lang='grc' dir='ltr'>τὸ</span> <span class='ocrx_word' id='word_1_310' title='bbox 958 3449 1016 3501; x_wconf 83' lang='grc' dir='ltr'>δὲ</span> <span class='ocrx_word' id='word_1_311' title='bbox 1045 3448 1319 3520; x_wconf 86' lang='grc' dir='ltr'>διάστημα</span> <span class='ocrx_word' id='word_1_312' title='bbox 1363 3450 1514 3503; x_wconf 74' lang='grc' dir='ltr'>οὐδὲν</span> <span class='ocrx_word' id='word_1_313' title='bbox 1554 3450 1700 3517; x_wconf 84' lang='grc' dir='ltr'>ἀλλο,</span> <span class='ocrx_word' id='word_1_314' title='bbox 1727 3450 1762 3521; x_wconf 75' lang='grc' dir='ltr'>ἢ</span> 
     </span>
    </p>
   </div>
   <div class='ocr_carea' id='block_1_39' title="bbox 173 3539 1764 3611">
    <p class='ocr_par' dir='ltr' id='par_1_39' title="bbox 173 3539 1764 3611">
     <span class='ocr_line' id='line_1_39' title="bbox 173 3539 1764 3611; baseline 0.001 -19"><span class='ocrx_word' id='word_1_315' title='bbox 173 3540 357 3602; x_wconf 84' lang='grc' dir='ltr'>κτίσις</span> <span class='ocrx_word' id='word_1_316' title='bbox 399 3539 566 3592; x_wconf 86' lang='grc' dir='ltr'>ἐστίν.</span> <span class='ocrx_word' id='word_1_317' title='bbox 610 3541 818 3593; x_wconf 85' lang='grc' dir='ltr'>Ἐκεῖνο</span> <span class='ocrx_word' id='word_1_318' title='bbox 862 3540 920 3592; x_wconf 85' lang='grc' dir='ltr'>δὲ</span> <span class='ocrx_word' id='word_1_319' title='bbox 959 3540 1019 3593; x_wconf 83' lang='grc' dir='ltr'>τὸ</span> <span class='ocrx_word' id='word_1_320' title='bbox 1047 3540 1251 3608; x_wconf 83' lang='grc' dir='ltr'>ἀγαθὸν</span> <span class='ocrx_word' id='word_1_321' title='bbox 1272 3581 1285 3602; x_wconf 90' lang='grc'><strong>,</strong></span> <span class='ocrx_word' id='word_1_322' title='bbox 1309 3541 1338 3593; x_wconf 86' lang='grc' dir='ltr'><strong>δ</strong></span> <span class='ocrx_word' id='word_1_323' title='bbox 1360 3541 1544 3611; x_wconf 74' lang='grc' dir='ltr'>ζητεῖν</span> <span class='ocrx_word' id='word_1_324' title='bbox 1581 3559 1641 3594; x_wconf 88' lang='grc' dir='ltr'><strong>τε</strong></span> <span class='ocrx_word' id='word_1_325' title='bbox 1667 3541 1764 3594; x_wconf 74' lang='grc' dir='ltr'>καὶ</span> 
     </span>
    </p>
   </div>
   <div class='ocr_carea' id='block_1_40' title="bbox 174 3629 1763 3702">
    <p class='ocr_par' dir='ltr' id='par_1_40' title="bbox 174 3629 1763 3702">
     <span class='ocr_line' id='line_1_40' title="bbox 174 3629 1763 3702; baseline 0 -18"><span class='ocrx_word' id='word_1_326' title='bbox 174 3632 473 3698; x_wconf 82' lang='grc' dir='ltr'>φυλάσσειν</span> <span class='ocrx_word' id='word_1_327' title='bbox 512 3631 808 3702; x_wconf 83' lang='grc' dir='ltr'>ἐμάθομεν,</span> <span class='ocrx_word' id='word_1_328' title='bbox 839 3632 950 3685; x_wconf 81' lang='grc' dir='ltr'>ἄνω</span> <span class='ocrx_word' id='word_1_329' title='bbox 986 3629 1045 3684; x_wconf 81' lang='grc' dir='ltr'>ὃν</span> <span class='ocrx_word' id='word_1_330' title='bbox 1074 3632 1172 3701; x_wconf 86' lang='grc' dir='ltr'>τῆς</span> <span class='ocrx_word' id='word_1_331' title='bbox 1205 3631 1434 3694; x_wconf 79' lang='grc' dir='ltr'>κτίσεως</span> <span class='ocrx_word' id='word_1_332' title='bbox 1455 3673 1470 3698; x_wconf 88' lang='grc'><strong>,</strong></span> <span class='ocrx_word' id='word_1_333' title='bbox 1502 3631 1614 3686; x_wconf 83' lang='grc' dir='ltr'><strong>άνω</strong></span> <span class='ocrx_word' id='word_1_334' title='bbox 1646 3632 1763 3685; x_wconf 82' lang='grc' dir='ltr'>ἐστὶ</span> 
     </span>
    </p>
   </div>
   <div class='ocr_carea' id='block_1_41' title="bbox 174 3721 1760 3794">
    <p class='ocr_par' dir='ltr' id='par_1_41' title="bbox 174 3721 1760 3794">
     <span class='ocr_line' id='line_1_41' title="bbox 174 3721 1760 3794; baseline 0.003 -20"><span class='ocrx_word' id='word_1_335' title='bbox 174 3722 556 3791; x_wconf 76' lang='grc' dir='ltr'>καταλήψεως.</span> <span class='ocrx_word' id='word_1_336' title='bbox 572 3721 638 3774; x_wconf 82' lang='grc' dir='ltr'><strong><em>Ἥ</em></strong></span> <span class='ocrx_word' id='word_1_337' title='bbox 653 3722 760 3792; x_wconf 83' lang='grc' dir='ltr'>γὰρ</span> <span class='ocrx_word' id='word_1_338' title='bbox 778 3722 1023 3793; x_wconf 80' lang='grc' dir='ltr'>ἡμετέρα</span> <span class='ocrx_word' id='word_1_339' title='bbox 1043 3722 1250 3776; x_wconf 83' lang='grc' dir='ltr'>διάνοια</span> <span class='ocrx_word' id='word_1_340' title='bbox 1266 3725 1332 3792; x_wconf 82' lang='grc' dir='ltr'>τῇ</span> <span class='ocrx_word' id='word_1_341' title='bbox 1361 3723 1551 3793; x_wconf 85' lang='grc' dir='ltr'>διαστη</span> <span class='ocrx_word' id='word_1_342' title='bbox 1559 3725 1760 3794; x_wconf 85' lang='grc' dir='ltr'>ματικῇ</span> 
     </span>
    </p>
   </div>
   <div class='ocr_carea' id='block_1_42' title="bbox 175 3813 1764 3884">
    <p class='ocr_par' dir='ltr' id='par_1_42' title="bbox 175 3813 1764 3884">
     <span class='ocr_line' id='line_1_42' title="bbox 175 3813 1764 3884; baseline 0.001 -18"><span class='ocrx_word' id='word_1_343' title='bbox 175 3813 485 3884; x_wconf 86' lang='grc' dir='ltr'>παρατάσει</span> <span class='ocrx_word' id='word_1_344' title='bbox 521 3813 889 3866; x_wconf 88' lang='grc' dir='ltr'>ἐνδιοδεύουσα</span> <span class='ocrx_word' id='word_1_345' title='bbox 907 3855 922 3878; x_wconf 92' lang='grc'><strong>,</strong></span> <span class='ocrx_word' id='word_1_346' title='bbox 951 3813 1068 3876; x_wconf 89' lang='grc' dir='ltr'><strong>πῶς</strong></span> <span class='ocrx_word' id='word_1_347' title='bbox 1094 3813 1160 3866; x_wconf 80' lang='grc' dir='ltr'>ἂν</span> <span class='ocrx_word' id='word_1_348' title='bbox 1189 3813 1468 3884; x_wconf 77' lang='grc' dir='ltr'>καταλάϐῃ</span> <span class='ocrx_word' id='word_1_349' title='bbox 1489 3814 1590 3883; x_wconf 85' lang='grc' dir='ltr'>τὴν</span> <span class='ocrx_word' id='word_1_350' title='bbox 1613 3813 1764 3868; x_wconf 84' lang='grc' dir='ltr'>ἀδιά-</span> 
     </span>
    </p>
   </div>
   <div class='ocr_carea' id='block_1_43' title="bbox 174 3903 1759 3976">
    <p class='ocr_par' dir='ltr' id='par_1_43' title="bbox 174 3903 1759 3976">
     <span class='ocr_line' id='line_1_43' title="bbox 174 3903 1759 3976; baseline -0.002 -16"><span class='ocrx_word' id='word_1_351' title='bbox 174 3920 376 3960; x_wconf 68' lang='grc' dir='ltr'>πάτον</span> <span class='ocrx_word' id='word_1_352' title='bbox 391 3903 554 3974; x_wconf 80' lang='grc' dir='ltr'>φύσιν</span> <span class='ocrx_word' id='word_1_353' title='bbox 566 3905 652 3958; x_wconf 76' lang='grc' dir='ltr'><strong>διὰ</strong></span> <span class='ocrx_word' id='word_1_354' title='bbox 665 3903 759 3957; x_wconf 81' lang='grc' dir='ltr'><strong>τοῦ</strong></span> <span class='ocrx_word' id='word_1_355' title='bbox 777 3904 971 3975; x_wconf 87' lang='grc' dir='ltr'>χρόνου</span> <span class='ocrx_word' id='word_1_356' title='bbox 989 3905 1247 3958; x_wconf 84' lang='grc' dir='ltr'>ἀνάλυσιν</span> <span class='ocrx_word' id='word_1_357' title='bbox 1262 3905 1348 3957; x_wconf 82' lang='grc' dir='ltr'>ἀεὶ</span> <span class='ocrx_word' id='word_1_358' title='bbox 1360 3904 1439 3957; x_wconf 91' lang='grc' dir='ltr'><strong>διε</strong></span> <span class='ocrx_word' id='word_1_359' title='bbox 1448 3904 1759 3976; x_wconf 88' lang='grc' dir='ltr'>ρευνωμένη</span> 
     </span>
    </p>
   </div>
   <div class='ocr_carea' id='block_1_44' title="bbox 171 3995 1764 4068">
    <p class='ocr_par' dir='ltr' id='par_1_44' title="bbox 171 3995 1764 4068">
     <span class='ocr_line' id='line_1_44' title="bbox 171 3995 1764 4068; baseline -0.002 -17"><span class='ocrx_word' id='word_1_360' title='bbox 171 3997 244 4052; x_wconf 78' lang='grc' dir='ltr'><strong>τά</strong></span> <span class='ocrx_word' id='word_1_361' title='bbox 267 3996 382 4050; x_wconf 87' lang='grc' dir='ltr'><strong>τῶν</strong></span> <span class='ocrx_word' id='word_1_362' title='bbox 415 3997 821 4068; x_wconf 82' lang='grc' dir='ltr'>εὑρισκομένων</span> <span class='ocrx_word' id='word_1_363' title='bbox 845 3995 1188 4068; x_wconf 74' lang='grc' dir='ltr'>πρεσϐύτερα</span> <span class='ocrx_word' id='word_1_364' title='bbox 1211 4013 1226 4062; x_wconf 86' lang='grc'>;</span> <span class='ocrx_word' id='word_1_365' title='bbox 1257 3997 1368 4049; x_wconf 74' lang='grc' dir='ltr'><strong>Καὶ</strong></span> <span class='ocrx_word' id='word_1_366' title='bbox 1386 3995 1456 4049; x_wconf 87' lang='grc' dir='ltr'><strong>τά</strong></span> <span class='ocrx_word' id='word_1_367' title='bbox 1483 3996 1580 4067; x_wconf 79' lang='grc' dir='ltr'>μὲν</span> <span class='ocrx_word' id='word_1_368' title='bbox 1601 4012 1764 4065; x_wconf 86' lang='grc' dir='ltr'>γινω-</span> 
     </span>
    </p>
   </div>
   <div class='ocr_carea' id='block_1_45' title="bbox 174 4088 1758 4161">
    <p class='ocr_par' dir='ltr' id='par_1_45' title="bbox 174 4088 1758 4161">
     <span class='ocr_line' id='line_1_45' title="bbox 174 4088 1758 4161; baseline -0.003 -16"><span class='ocrx_word' id='word_1_369' title='bbox 174 4091 421 4161; x_wconf 76' lang='grc' dir='ltr'>σκόμενα</span> <span class='ocrx_word' id='word_1_370' title='bbox 433 4090 630 4153; x_wconf 82' lang='grc' dir='ltr'>πάντα,</span> <span class='ocrx_word' id='word_1_371' title='bbox 643 4089 732 4143; x_wconf 79' lang='grc' dir='ltr'><strong>διὰ</strong></span> <span class='ocrx_word' id='word_1_372' title='bbox 745 4088 846 4159; x_wconf 85' lang='grc' dir='ltr'>τῆς</span> <span class='ocrx_word' id='word_1_373' title='bbox 865 4088 1396 4160; x_wconf 86' lang='grc' dir='ltr'>πολυπραγμοσύνης</span> <span class='ocrx_word' id='word_1_374' title='bbox 1416 4089 1663 4160; x_wconf 85' lang='grc' dir='ltr'>παρέδρα</span> <span class='ocrx_word' id='word_1_375' title='bbox 1671 4105 1758 4160; x_wconf 88' lang='grc' dir='ltr'><strong>με,</strong></span> 
     </span>
    </p>
   </div>
   <div class='ocr_carea' id='block_1_46' title="bbox 171 4180 1765 4254">
    <p class='ocr_par' dir='ltr' id='par_1_46' title="bbox 171 4180 1765 4254">
     <span class='ocr_line' id='line_1_46' title="bbox 171 4180 1765 4254; baseline -0.003 -18"><span class='ocrx_word' id='word_1_376' title='bbox 171 4184 276 4254; x_wconf 80' lang='grc' dir='ltr'><strong>τὴν</strong></span> <span class='ocrx_word' id='word_1_377' title='bbox 299 4182 360 4236; x_wconf 88' lang='grc' dir='ltr'><strong>δέ</strong></span> <span class='ocrx_word' id='word_1_378' title='bbox 389 4181 485 4234; x_wconf 78' lang='grc' dir='ltr'>τοῦ</span> <span class='ocrx_word' id='word_1_379' title='bbox 506 4180 701 4246; x_wconf 85' lang='grc' dir='ltr'>αἰῶνος</span> <span class='ocrx_word' id='word_1_380' title='bbox 725 4180 928 4235; x_wconf 76' lang='grc' dir='ltr'>ἔννοιαν</span> <span class='ocrx_word' id='word_1_381' title='bbox 957 4180 1356 4252; x_wconf 86' lang='grc' dir='ltr'>παραδραμεῖν,</span> <span class='ocrx_word' id='word_1_382' title='bbox 1382 4180 1638 4250; x_wconf 79' lang='grc' dir='ltr'>οὐδεμίαν</span> <span class='ocrx_word' id='word_1_383' title='bbox 1667 4197 1765 4250; x_wconf 89' lang='grc' dir='ltr'>μη-</span> 
     </span>
    </p>
   </div>
   <div class='ocr_carea' id='block_1_47' title="bbox 173 4271 1762 4346">
    <p class='ocr_par' dir='ltr' id='par_1_47' title="bbox 173 4271 1762 4346">
     <span class='ocr_line' id='line_1_47' title="bbox 173 4271 1762 4346; baseline -0.003 -18"><span class='ocrx_word' id='word_1_384' title='bbox 173 4274 349 4346; x_wconf 79' lang='grc' dir='ltr'>χανὴν</span> <span class='ocrx_word' id='word_1_385' title='bbox 387 4273 718 4344; x_wconf 76' lang='grc' dir='ltr'>ἐξευρίσκει,</span> <span class='ocrx_word' id='word_1_386' title='bbox 744 4274 891 4336; x_wconf 74' lang='grc' dir='ltr'>ὅπως</span> <span class='ocrx_word' id='word_1_387' title='bbox 925 4273 990 4326; x_wconf 86' lang='grc' dir='ltr'>ἂν</span> <span class='ocrx_word' id='word_1_388' title='bbox 1015 4271 1119 4338; x_wconf 77' lang='grc' dir='ltr'><strong>ἔξω</strong></span> <span class='ocrx_word' id='word_1_389' title='bbox 1148 4273 1347 4344; x_wconf 79' lang='grc' dir='ltr'>ἑαυτὴν</span> <span class='ocrx_word' id='word_1_390' title='bbox 1378 4273 1592 4343; x_wconf 86' lang='grc' dir='ltr'>στήσειε</span> <span class='ocrx_word' id='word_1_391' title='bbox 1612 4313 1626 4336; x_wconf 90' lang='grc'><strong>,</strong></span> <span class='ocrx_word' id='word_1_392' title='bbox 1666 4271 1762 4325; x_wconf 79' lang='grc' dir='ltr'>καὶ</span> 
     </span>
    </p>
   </div>
   <div class='ocr_carea' id='block_1_48' title="bbox 173 4362 1760 4438">
    <p class='ocr_par' dir='ltr' id='par_1_48' title="bbox 173 4362 1760 4438">
     <span class='ocr_line' id='line_1_48' title="bbox 173 4362 1760 4438; baseline -0.003 -16"><span class='ocrx_word' id='word_1_393' title='bbox 173 4365 443 4438; x_wconf 75' lang='grc' dir='ltr'>ὑττερθείη</span> <span class='ocrx_word' id='word_1_394' title='bbox 459 4365 553 4418; x_wconf 76' lang='grc' dir='ltr'>τοῦ</span> <span class='ocrx_word' id='word_1_395' title='bbox 571 4364 1051 4436; x_wconf 77' lang='grc' dir='ltr'>προθεωρουμένου</span> <span class='ocrx_word' id='word_1_396' title='bbox 1064 4365 1171 4418; x_wconf 87' lang='grc' dir='ltr'><strong>τῶν</strong></span> <span class='ocrx_word' id='word_1_397' title='bbox 1185 4364 1351 4417; x_wconf 70' lang='grc' dir='ltr'>ὄντων</span> <span class='ocrx_word' id='word_1_398' title='bbox 1364 4365 1459 4416; x_wconf 72' lang='grc' dir='ltr'>καὶ</span> <span class='ocrx_word' id='word_1_399' title='bbox 1481 4362 1646 4417; x_wconf 81' lang='grc' dir='ltr'>αὑτοῦ</span> <span class='ocrx_word' id='word_1_400' title='bbox 1663 4363 1760 4418; x_wconf 80' lang='grc' dir='ltr'>τοῦ</span> 
     </span>
    </p>
   </div>
   <div class='ocr_carea' id='block_1_49' title="bbox 174 4455 1837 4546">
    <p class='ocr_par' dir='ltr' id='par_1_49' title="bbox 174 4455 1837 4546">
     <span class='ocr_line' id='line_1_49' title="bbox 174 4455 1837 4546; baseline -0.002 -32"><span class='ocrx_word' id='word_1_401' title='bbox 174 4460 404 4522; x_wconf 76' lang='grc' dir='ltr'>αἰῶνος·</span> <span class='ocrx_word' id='word_1_402' title='bbox 440 4457 554 4511; x_wconf 84' lang='grc' dir='ltr'>ἀλλ’</span> <span class='ocrx_word' id='word_1_403' title='bbox 583 4455 773 4529; x_wconf 84' lang='grc' dir='ltr'>ῶσπερ</span> <span class='ocrx_word' id='word_1_404' title='bbox 819 4457 912 4510; x_wconf 84' lang='grc' dir='ltr'><strong>ἐπί</strong></span> <span class='ocrx_word' id='word_1_405' title='bbox 956 4473 1104 4519; x_wconf 87' lang='grc' dir='ltr'>τινος</span> <span class='ocrx_word' id='word_1_406' title='bbox 1134 4455 1378 4527; x_wconf 78' lang='grc' dir='ltr'>εὑρεθεὶς</span> <span class='ocrx_word' id='word_1_407' title='bbox 1430 4457 1758 4529; x_wconf 85' lang='grc' dir='ltr'>ἀκρωρείας.</span> <span class='ocrx_word' id='word_1_408' title='bbox 1794 4492 1837 4546; x_wconf 66' lang='grc' dir='ltr'><strong>ι)</strong></span> 
     </span>
    </p>
   </div>
   <div class='ocr_carea' id='block_1_50' title="bbox 185 4545 1760 4622">
    <p class='ocr_par' dir='ltr' id='par_1_50' title="bbox 185 4545 1760 4622">
     <span class='ocr_line' id='line_1_50' title="bbox 185 4545 1760 4622; baseline -0.001 -16"><span class='ocrx_word' id='word_1_409' title='bbox 185 4550 535 4606; x_wconf 82' lang='grc' dir='ltr'>’Υποκείσθω</span> <span class='ocrx_word' id='word_1_410' title='bbox 565 4551 622 4604; x_wconf 83' lang='grc' dir='ltr'>δὲ</span> <span class='ocrx_word' id='word_1_411' title='bbox 649 4550 826 4621; x_wconf 84' lang='grc' dir='ltr'>πέτρα</span> <span class='ocrx_word' id='word_1_412' title='bbox 869 4567 952 4612; x_wconf 86' lang='grc' dir='ltr'><strong>τις</strong></span> <span class='ocrx_word' id='word_1_413' title='bbox 992 4545 1132 4604; x_wconf 81' lang='grc' dir='ltr'>εἶναι</span> <span class='ocrx_word' id='word_1_414' title='bbox 1171 4549 1288 4602; x_wconf 89' lang='grc' dir='ltr'>λεία</span> <span class='ocrx_word' id='word_1_415' title='bbox 1335 4551 1429 4602; x_wconf 78' lang='grc' dir='ltr'>καὶ</span> <span class='ocrx_word' id='word_1_416' title='bbox 1468 4551 1760 4622; x_wconf 72' lang='grc' dir='ltr'>ἀπότομος,</span> 
     </span>
    </p>
   </div>
   <div class='ocr_carea' id='block_1_51' title="bbox 176 4638 1766 4712">
    <p class='ocr_par' dir='ltr' id='par_1_51' title="bbox 176 4638 1766 4712">
     <span class='ocr_line' id='line_1_51' title="bbox 176 4638 1766 4712; baseline -0.001 -17"><span class='ocrx_word' id='word_1_417' title='bbox 176 4639 425 4696; x_wconf 81' lang='grc' dir='ltr'>κάτωθεν</span> <span class='ocrx_word' id='word_1_418' title='bbox 456 4640 517 4691; x_wconf 87' lang='grc' dir='ltr'><strong>ἐν</strong></span> <span class='ocrx_word' id='word_1_419' title='bbox 543 4638 758 4709; x_wconf 86' lang='grc' dir='ltr'>ἐρυθρῷ</span> <span class='ocrx_word' id='word_1_420' title='bbox 800 4638 881 4708; x_wconf 82' lang='grc' dir='ltr'>τῷ</span> <span class='ocrx_word' id='word_1_421' title='bbox 926 4639 1187 4709; x_wconf 84' lang='grc' dir='ltr'>σχήματι,</span> <span class='ocrx_word' id='word_1_422' title='bbox 1223 4640 1304 4700; x_wconf 84' lang='grc' dir='ltr'><strong>εἰς</strong></span> <span class='ocrx_word' id='word_1_423' title='bbox 1337 4640 1561 4712; x_wconf 83' lang='grc' dir='ltr'>ἄπειρον</span> <span class='ocrx_word' id='word_1_424' title='bbox 1593 4641 1766 4712; x_wconf 84' lang='grc' dir='ltr'>μῆκος</span> 
     </span>
    </p>
   </div>
   <div class='ocr_carea' id='block_1_52' title="bbox 176 4729 1766 4803">
    <p class='ocr_par' dir='ltr' id='par_1_52' title="bbox 176 4729 1766 4803">
     <span class='ocr_line' id='line_1_52' title="bbox 176 4729 1766 4803; baseline -0.001 -15"><span class='ocrx_word' id='word_1_425' title='bbox 176 4731 632 4803; x_wconf 84' lang='grc' dir='ltr'>κατατεινομένη,</span> <span class='ocrx_word' id='word_1_426' title='bbox 666 4731 763 4784; x_wconf 76' lang='grc' dir='ltr'>καὶ</span> <span class='ocrx_word' id='word_1_427' title='bbox 791 4730 997 4785; x_wconf 80' lang='grc' dir='ltr'>ἄνωθεν</span> <span class='ocrx_word' id='word_1_428' title='bbox 1038 4731 1132 4783; x_wconf 75' lang='grc' dir='ltr'>ἐπὶ</span> <span class='ocrx_word' id='word_1_429' title='bbox 1164 4729 1226 4782; x_wconf 83' lang='grc' dir='ltr'>τὸ</span> <span class='ocrx_word' id='word_1_430' title='bbox 1267 4729 1401 4800; x_wconf 78' lang='grc' dir='ltr'>ὕψος</span> <span class='ocrx_word' id='word_1_431' title='bbox 1447 4731 1546 4802; x_wconf 80' lang='grc' dir='ltr'>τὴν</span> <span class='ocrx_word' id='word_1_432' title='bbox 1589 4732 1766 4803; x_wconf 81' lang='grc' dir='ltr'>ἄκραν</span> 
     </span>
    </p>
   </div>
   <div class='ocr_carea' id='block_1_53' title="bbox 174 4823 1766 4898">
    <p class='ocr_par' dir='ltr' id='par_1_53' title="bbox 174 4823 1766 4898">
     <span class='ocr_line' id='line_1_53' title="bbox 174 4823 1766 4898; baseline -0.003 -17"><span class='ocrx_word' id='word_1_433' title='bbox 174 4827 397 4897; x_wconf 80' lang='grc' dir='ltr'>ἐκείνην</span> <span class='ocrx_word' id='word_1_434' title='bbox 431 4826 703 4898; x_wconf 86' lang='grc' dir='ltr'>ἀνέχουσα</span> <span class='ocrx_word' id='word_1_435' title='bbox 722 4866 738 4888; x_wconf 86' lang='grc'><strong>,</strong></span> <span class='ocrx_word' id='word_1_436' title='bbox 767 4824 864 4894; x_wconf 81' lang='grc' dir='ltr'>τὴν</span> <span class='ocrx_word' id='word_1_437' title='bbox 891 4825 949 4877; x_wconf 84' lang='grc' dir='ltr'><strong>ἐν</strong></span> <span class='ocrx_word' id='word_1_438' title='bbox 979 4827 1045 4894; x_wconf 83' lang='grc' dir='ltr'><strong>τῇ</strong></span> <span class='ocrx_word' id='word_1_439' title='bbox 1072 4823 1309 4895; x_wconf 75' lang='grc' dir='ltr'>προϐολῇ</span> <span class='ocrx_word' id='word_1_440' title='bbox 1335 4825 1436 4895; x_wconf 84' lang='grc' dir='ltr'>τῆς</span> <span class='ocrx_word' id='word_1_441' title='bbox 1457 4825 1656 4896; x_wconf 84' lang='grc' dir='ltr'>ὀφρύος</span> <span class='ocrx_word' id='word_1_442' title='bbox 1684 4827 1766 4889; x_wconf 81' lang='grc' dir='ltr'><strong>είς</strong></span> 
     </span>
    </p>
   </div>
   <div class='ocr_carea' id='block_1_54' title="bbox 173 4911 1764 4986">
    <p class='ocr_par' dir='ltr' id='par_1_54' title="bbox 173 4911 1764 4986">
     <span class='ocr_line' id='line_1_54' title="bbox 173 4911 1764 4986; baseline -0.001 -14"><span class='ocrx_word' id='word_1_443' title='bbox 173 4936 228 4972; x_wconf 87' lang='grc' dir='ltr'><strong>τι</strong></span> <span class='ocrx_word' id='word_1_444' title='bbox 251 4915 418 4985; x_wconf 85' lang='grc' dir='ltr'>βάθος</span> <span class='ocrx_word' id='word_1_445' title='bbox 435 4915 634 4986; x_wconf 77' lang='grc' dir='ltr'>ἀχανὲς</span> <span class='ocrx_word' id='word_1_446' title='bbox 651 4915 1117 4968; x_wconf 76' lang='grc' dir='ltr'>καταπίπτουσανο</span> <span class='ocrx_word' id='word_1_447' title='bbox 1138 4916 1274 4986; x_wconf 87' lang='grc' dir='ltr'>ὅπερ</span> <span class='ocrx_word' id='word_1_448' title='bbox 1292 4911 1385 4969; x_wconf 85' lang='grc' dir='ltr'>οὖν</span> <span class='ocrx_word' id='word_1_449' title='bbox 1406 4916 1553 4980; x_wconf 75' lang='grc' dir='ltr'>εἰκὸς</span> <span class='ocrx_word' id='word_1_450' title='bbox 1572 4917 1764 4972; x_wconf 85' lang='grc' dir='ltr'>παθεῖν</span> 
     </span>
    </p>
   </div>
   <div class='ocr_carea' id='block_1_55' title="bbox 173 5005 1764 5080">
    <p class='ocr_par' dir='ltr' id='par_1_55' title="bbox 173 5005 1764 5080">
     <span class='ocr_line' id='line_1_55' title="bbox 173 5005 1764 5080; baseline 0 -18"><span class='ocrx_word' id='word_1_451' title='bbox 173 5009 268 5062; x_wconf 77' lang='grc' dir='ltr'>τὸν</span> <span class='ocrx_word' id='word_1_452' title='bbox 299 5007 459 5077; x_wconf 77' lang='grc' dir='ltr'>ἄκρῳ</span> <span class='ocrx_word' id='word_1_453' title='bbox 486 5005 565 5076; x_wconf 83' lang='grc' dir='ltr'><strong>τῷ</strong></span> <span class='ocrx_word' id='word_1_454' title='bbox 593 5006 717 5059; x_wconf 74' lang='grc' dir='ltr'>ποδὶ</span> <span class='ocrx_word' id='word_1_455' title='bbox 741 5006 842 5075; x_wconf 83' lang='grc' dir='ltr'>τῆς</span> <span class='ocrx_word' id='word_1_456' title='bbox 873 5007 1227 5078; x_wconf 87' lang='grc' dir='ltr'>ἐπινευούσης</span> <span class='ocrx_word' id='word_1_457' title='bbox 1259 5007 1336 5078; x_wconf 83' lang='grc' dir='ltr'>τῷ</span> <span class='ocrx_word' id='word_1_458' title='bbox 1377 5007 1528 5077; x_wconf 89' lang='grc' dir='ltr'>βάθει</span> <span class='ocrx_word' id='word_1_459' title='bbox 1570 5010 1764 5080; x_wconf 78' lang='grc' dir='ltr'>ῥαχίας</span> 
     </span>
    </p>
   </div>
   <div class='ocr_carea' id='block_1_56' title="bbox 174 5096 1763 5169">
    <p class='ocr_par' dir='ltr' id='par_1_56' title="bbox 174 5096 1763 5169">
     <span class='ocr_line' id='line_1_56' title="bbox 174 5096 1763 5169; baseline 0.001 -18"><span class='ocrx_word' id='word_1_460' title='bbox 174 5097 534 5167; x_wconf 81' lang='grc' dir='ltr'>ἐπιψαύοντα,</span> <span class='ocrx_word' id='word_1_461' title='bbox 557 5097 653 5151; x_wconf 67' lang='grc' dir='ltr'><strong>καλ⁸</strong></span> <span class='ocrx_word' id='word_1_462' title='bbox 669 5097 923 5168; x_wconf 82' lang='grc' dir='ltr'>οὐδεμίαν</span> <span class='ocrx_word' id='word_1_463' title='bbox 950 5096 1028 5150; x_wconf 78' lang='grc' dir='ltr'>ἔτι</span> <span class='ocrx_word' id='word_1_464' title='bbox 1049 5096 1172 5150; x_wconf 81' lang='grc' dir='ltr'>οὔτε</span> <span class='ocrx_word' id='word_1_465' title='bbox 1192 5097 1270 5166; x_wconf 83' lang='grc' dir='ltr'>τῷ</span> <span class='ocrx_word' id='word_1_466' title='bbox 1291 5099 1414 5151; x_wconf 77' lang='grc' dir='ltr'>ποδὶ</span> <span class='ocrx_word' id='word_1_467' title='bbox 1440 5099 1615 5169; x_wconf 87' lang='grc' dir='ltr'>βάσιν,</span> <span class='ocrx_word' id='word_1_468' title='bbox 1639 5099 1763 5153; x_wconf 67' lang='grc' dir='ltr'>οὔτε</span> 
     </span>
    </p>
   </div>
   <div class='ocr_carea' id='block_1_57' title="bbox 172 5186 1762 5261">
    <p class='ocr_par' dir='ltr' id='par_1_57' title="bbox 172 5186 1762 5261">
     <span class='ocr_line' id='line_1_57' title="bbox 172 5186 1762 5261; baseline 0 -18"><span class='ocrx_word' id='word_1_469' title='bbox 172 5192 242 5261; x_wconf 77' lang='grc' dir='ltr'>τῇ</span> <span class='ocrx_word' id='word_1_470' title='bbox 271 5189 439 5260; x_wconf 67' lang='grc' dir='ltr'>[χειρὶ</span> <span class='ocrx_word' id='word_1_471' title='bbox 484 5187 706 5259; x_wconf 87' lang='grc' dir='ltr'>ἀντίκλη</span> <span class='ocrx_word' id='word_1_472' title='bbox 756 5187 1159 5259; x_wconf 81' lang='grc' dir='ltr'>ἐξευρίσκοντα.</span> <span class='ocrx_word' id='word_1_473' title='bbox 1221 5186 1390 5242; x_wconf 81' lang='grc' dir='ltr'>Τοῦτό</span> <span class='ocrx_word' id='word_1_474' title='bbox 1444 5207 1533 5259; x_wconf 91' lang='grc' dir='ltr'><strong>μοι</strong></span> <span class='ocrx_word' id='word_1_475' title='bbox 1585 5191 1677 5243; x_wconf 72' lang='grc' dir='ltr'>καὶ</span> <span class='ocrx_word' id='word_1_476' title='bbox 1730 5193 1762 5260; x_wconf 79' lang='grc' dir='ltr'>ἡ</span> 
     </span>
    </p>
   </div>
   <div class='ocr_carea' id='block_1_58' title="bbox 171 5276 1761 5349">
    <p class='ocr_par' dir='ltr' id='par_1_58' title="bbox 171 5276 1761 5349">
     <span class='ocr_line' id='line_1_58' title="bbox 171 5276 1761 5349; baseline 0.002 -19"><span class='ocrx_word' id='word_1_477' title='bbox 171 5277 326 5348; x_wconf 79' lang='grc' dir='ltr'>ψυχὴ</span> <span class='ocrx_word' id='word_1_478' title='bbox 357 5276 704 5346; x_wconf 84' lang='grc' dir='ltr'>παρελθοῦσα</span> <span class='ocrx_word' id='word_1_479' title='bbox 728 5276 791 5329; x_wconf 79' lang='grc' dir='ltr'>τὸ</span> <span class='ocrx_word' id='word_1_480' title='bbox 819 5279 878 5329; x_wconf 90' lang='grc' dir='ltr'><strong>ἐν</strong></span> <span class='ocrx_word' id='word_1_481' title='bbox 901 5280 1009 5340; x_wconf 89' lang='grc' dir='ltr'>τοῖς</span> <span class='ocrx_word' id='word_1_482' title='bbox 1037 5277 1483 5349; x_wconf 86' lang='grc' dir='ltr'>διαστηματικοῖς</span> <span class='ocrx_word' id='word_1_483' title='bbox 1510 5277 1761 5349; x_wconf 87' lang='grc' dir='ltr'>βάσιμον,</span> 
     </span>
    </p>
   </div>
   <div class='ocr_carea' id='block_1_59' title="bbox 174 5366 1762 5439">
    <p class='ocr_par' dir='ltr' id='par_1_59' title="bbox 174 5366 1762 5439">
     <span class='ocr_line' id='line_1_59' title="bbox 174 5366 1762 5439; baseline 0.002 -18"><span class='ocrx_word' id='word_1_484' title='bbox 174 5371 236 5421; x_wconf 88' lang='grc' dir='ltr'><strong>ἐν</strong></span> <span class='ocrx_word' id='word_1_485' title='bbox 278 5371 347 5438; x_wconf 84' lang='grc' dir='ltr'><strong>τῇ</strong></span> <span class='ocrx_word' id='word_1_486' title='bbox 382 5366 608 5439; x_wconf 80' lang='grc' dir='ltr'>ζητήσει</span> <span class='ocrx_word' id='word_1_487' title='bbox 653 5367 755 5435; x_wconf 81' lang='grc' dir='ltr'>τῆς</span> <span class='ocrx_word' id='word_1_488' title='bbox 809 5367 1135 5438; x_wconf 84' lang='grc' dir='ltr'>προαιωνίου</span> <span class='ocrx_word' id='word_1_489' title='bbox 1185 5385 1244 5421; x_wconf 89' lang='grc' dir='ltr'><strong>τε</strong></span> <span class='ocrx_word' id='word_1_490' title='bbox 1297 5370 1390 5422; x_wconf 73' lang='grc' dir='ltr'>καὶ</span> <span class='ocrx_word' id='word_1_491' title='bbox 1439 5369 1762 5424; x_wconf 84' lang='grc' dir='ltr'>ἀδιαστάτου</span> 
     </span>
    </p>
   </div>
   <div class='ocr_carea' id='block_1_60' title="bbox 174 5459 1765 5532">
    <p class='ocr_par' dir='ltr' id='par_1_60' title="bbox 174 5459 1765 5532">
     <span class='ocr_line' id='line_1_60' title="bbox 174 5459 1765 5532; baseline 0.001 -18"><span class='ocrx_word' id='word_1_492' title='bbox 174 5461 394 5531; x_wconf 76' lang='grc' dir='ltr'>φύσεως</span> <span class='ocrx_word' id='word_1_493' title='bbox 432 5461 654 5531; x_wconf 87' lang='grc' dir='ltr'>πάσχει,</span> <span class='ocrx_word' id='word_1_494' title='bbox 699 5462 799 5513; x_wconf 82' lang='grc' dir='ltr'>οὐκ</span> <span class='ocrx_word' id='word_1_495' title='bbox 839 5460 1035 5530; x_wconf 78' lang='grc' dir='ltr'>ἔχουσα</span> <span class='ocrx_word' id='word_1_496' title='bbox 1067 5461 1096 5514; x_wconf 85' lang='grc' dir='ltr'><strong>ὃ</strong></span> <span class='ocrx_word' id='word_1_497' title='bbox 1127 5459 1538 5532; x_wconf 83' lang='grc' dir='ltr'>περιδράξηται,</span> <span class='ocrx_word' id='word_1_498' title='bbox 1579 5464 1640 5515; x_wconf 93' lang='grc' dir='ltr'><strong>οὑ</strong></span> <span class='ocrx_word' id='word_1_499' title='bbox 1677 5463 1765 5515; x_wconf 77' lang='grc' dir='ltr'><strong>τό·</strong></span> 
     </span>
    </p>
   </div>
   <div class='ocr_carea' id='block_1_61' title="bbox 173 5550 1762 5623">
    <p class='ocr_par' dir='ltr' id='par_1_61' title="bbox 173 5550 1762 5623">
     <span class='ocr_line' id='line_1_61' title="bbox 173 5550 1762 5623; baseline 0.001 -18"><span class='ocrx_word' id='word_1_500' title='bbox 173 5567 302 5614; x_wconf 83' lang='grc' dir='ltr'>πον,</span> <span class='ocrx_word' id='word_1_501' title='bbox 330 5551 392 5603; x_wconf 87' lang='grc' dir='ltr'><strong>οὑ</strong></span> <span class='ocrx_word' id='word_1_502' title='bbox 429 5551 641 5622; x_wconf 82' lang='grc' dir='ltr'>χρόνον,</span> <span class='ocrx_word' id='word_1_503' title='bbox 669 5552 732 5605; x_wconf 88' lang='grc' dir='ltr'><strong>οὑ</strong></span> <span class='ocrx_word' id='word_1_504' title='bbox 764 5550 982 5623; x_wconf 85' lang='grc' dir='ltr'>μέτρον,</span> <span class='ocrx_word' id='word_1_505' title='bbox 1011 5552 1111 5605; x_wconf 86' lang='grc' dir='ltr'><strong>οὑκ</strong></span> <span class='ocrx_word' id='word_1_506' title='bbox 1143 5552 1270 5605; x_wconf 82' lang='grc' dir='ltr'>ἄλλο</span> <span class='ocrx_word' id='word_1_507' title='bbox 1313 5569 1363 5604; x_wconf 91' lang='grc' dir='ltr'><strong>τι</strong></span> <span class='ocrx_word' id='word_1_508' title='bbox 1401 5553 1640 5606; x_wconf 83' lang='grc' dir='ltr'>τοιοῦτον</span> <span class='ocrx_word' id='word_1_509' title='bbox 1669 5553 1762 5606; x_wconf 89' lang='grc' dir='ltr'>οὑ-</span> 
     </span>
    </p>
   </div>
   <div class='ocr_carea' id='block_1_62' title="bbox 173 5642 1758 5715">
    <p class='ocr_par' dir='ltr' id='par_1_62' title="bbox 173 5642 1758 5715">
     <span class='ocr_line' id='line_1_62' title="bbox 173 5642 1758 5715; baseline 0.001 -18"><span class='ocrx_word' id='word_1_510' title='bbox 173 5644 300 5705; x_wconf 82' lang='grc' dir='ltr'><strong>δέν,</strong></span> <span class='ocrx_word' id='word_1_511' title='bbox 333 5643 396 5696; x_wconf 90' lang='grc' dir='ltr'><strong>οὑ</strong></span> <span class='ocrx_word' id='word_1_512' title='bbox 449 5642 661 5713; x_wconf 87' lang='grc' dir='ltr'>δέχεται</span> <span class='ocrx_word' id='word_1_513' title='bbox 706 5643 806 5712; x_wconf 83' lang='grc' dir='ltr'>τῆς</span> <span class='ocrx_word' id='word_1_514' title='bbox 859 5644 1098 5707; x_wconf 82' lang='grc' dir='ltr'>διανοίας</span> <span class='ocrx_word' id='word_1_515' title='bbox 1127 5643 1283 5715; x_wconf 83' lang='grc' dir='ltr'>ήμῶν</span> <span class='ocrx_word' id='word_1_516' title='bbox 1336 5643 1432 5714; x_wconf 81' lang='grc' dir='ltr'>τὴν</span> <span class='ocrx_word' id='word_1_517' title='bbox 1483 5645 1758 5699; x_wconf 72' lang='grc' dir='ltr'>ἐπίϐασινο</span> 
     </span>
    </p>
   </div>
   <div class='ocr_carea' id='block_1_63' title="bbox 175 5733 1756 5817">
    <p class='ocr_par' dir='ltr' id='par_1_63' title="bbox 175 5733 1756 5817">
     <span class='ocr_line' id='line_1_63' title="bbox 175 5733 1756 5817; baseline 0.001 -29"><span class='ocrx_word' id='word_1_518' title='bbox 175 5733 315 5817; x_wconf 47' lang='grc' dir='ltr'>ἀλλὰ</span> <span class='ocrx_word' id='word_1_519' title='bbox 343 5733 677 5804; x_wconf 75' lang='grc' dir='ltr'>πανταχόθεν</span> <span class='ocrx_word' id='word_1_520' title='bbox 707 5735 814 5789; x_wconf 89' lang='grc' dir='ltr'><strong>τῶν</strong></span> <span class='ocrx_word' id='word_1_521' title='bbox 843 5737 1096 5808; x_wconf 80' lang='grc' dir='ltr'>ἀλήπτων</span> <span class='ocrx_word' id='word_1_522' title='bbox 1123 5735 1598 5805; x_wconf 79' lang='grc' dir='ltr'>ἀπολισθαίνουσα,</span> <span class='ocrx_word' id='word_1_523' title='bbox 1634 5738 1756 5806; x_wconf 68' lang='grc' dir='ltr'>ίλιγη</span> 
     </span>
    </p>
   </div>
   <div class='ocr_carea' id='block_1_64' title="bbox 1853 511 3426 590">
    <p class='ocr_par' dir='ltr' id='par_1_64' title="bbox 1853 511 3426 590">
     <span class='ocr_line' id='line_1_64' title="bbox 1853 511 3426 590; baseline -0.006 -14"><span class='ocrx_word' id='word_1_524' title='bbox 1853 523 1926 576; x_wconf 91' lang='lat' dir='ltr'><strong>rit</strong></span> <span class='ocrx_word' id='word_1_525' title='bbox 1977 527 2268 590; x_wconf 91' lang='lat' dir='ltr'><strong>perpetuo,</strong></span> <span class='ocrx_word' id='word_1_526' title='bbox 2321 525 2376 572; x_wconf 90' lang='lat' dir='ltr'><strong>et</strong></span> <span class='ocrx_word' id='word_1_527' title='bbox 2419 514 2703 570; x_wconf 90' lang='lat' dir='ltr'><strong>desiderat</strong></span> <span class='ocrx_word' id='word_1_528' title='bbox 2739 514 2888 567; x_wconf 84' lang='lat' dir='ltr'><strong>insui</strong></span> <span class='ocrx_word' id='word_1_529' title='bbox 2925 513 2975 568; x_wconf 90' lang='lat' dir='ltr'><strong>ei</strong></span> <span class='ocrx_word' id='word_1_530' title='bbox 3021 511 3167 581; x_wconf 89' lang='lat' dir='ltr'><strong>quod</strong></span> <span class='ocrx_word' id='word_1_531' title='bbox 3203 519 3290 566; x_wconf 90' lang='lat' dir='ltr'><strong>est</strong></span> <span class='ocrx_word' id='word_1_532' title='bbox 3337 511 3426 567; x_wconf 75' lang='lat' dir='ltr'><strong>in-</strong></span> 
     </span>
    </p>
   </div>
   <div class='ocr_carea' id='block_1_65' title="bbox 1850 605 3430 678">
    <p class='ocr_par' dir='ltr' id='par_1_65' title="bbox 1850 605 3430 678">
     <span class='ocr_line' id='line_1_65' title="bbox 1850 605 3430 678; baseline -0.006 -11"><span class='ocrx_word' id='word_1_533' title='bbox 1850 621 2100 676; x_wconf 88' lang='lat' dir='ltr'><strong>ventum,</strong></span> <span class='ocrx_word' id='word_1_534' title='bbox 2141 613 2194 668; x_wconf 91' lang='lat' dir='ltr'><strong>id</strong></span> <span class='ocrx_word' id='word_1_535' title='bbox 2231 619 2318 667; x_wconf 88' lang='lat' dir='ltr'><strong>est</strong></span> <span class='ocrx_word' id='word_1_536' title='bbox 2350 611 2516 663; x_wconf 90' lang='lat' dir='ltr'><strong>altius</strong></span> <span class='ocrx_word' id='word_1_537' title='bbox 2540 623 2705 678; x_wconf 88' lang='lat' dir='ltr'><strong>quam</strong></span> <span class='ocrx_word' id='word_1_538' title='bbox 2763 615 2824 660; x_wconf 93' lang='lat' dir='ltr'><strong>ut</strong></span> <span class='ocrx_word' id='word_1_539' title='bbox 2850 608 2961 661; x_wconf 88' lang='lat' dir='ltr'><strong>ulla</strong></span> <span class='ocrx_word' id='word_1_540' title='bbox 2994 621 3100 660; x_wconf 80' lang='lat' dir='ltr'><strong>vox</strong></span> <span class='ocrx_word' id='word_1_541' title='bbox 3149 605 3202 660; x_wconf 92' lang='lat' dir='ltr'><strong>id</strong></span> <span class='ocrx_word' id='word_1_542' title='bbox 3250 606 3430 676; x_wconf 83' lang='lat' dir='ltr'><strong>possit</strong></span> 
     </span>
    </p>
   </div>
   <div class='ocr_carea' id='block_1_66' title="bbox 1855 696 3428 776">
    <p class='ocr_par' dir='ltr' id='par_1_66' title="bbox 1855 696 3428 776">
     <span class='ocr_line' id='line_1_66' title="bbox 1855 696 3428 776; baseline -0.006 -17"><span class='ocrx_word' id='word_1_543' title='bbox 1855 705 2230 776; x_wconf 89' lang='lat' dir='ltr'><strong>interpretari.</strong></span> <span class='ocrx_word' id='word_1_544' title='bbox 2283 703 2440 769; x_wconf 84' lang='lat' dir='ltr'><strong>Quod</strong></span> <span class='ocrx_word' id='word_1_545' title='bbox 2502 701 2725 771; x_wconf 85' lang='lat' dir='ltr'><strong>quidem</strong></span> <span class='ocrx_word' id='word_1_546' title='bbox 2782 701 2876 770; x_wconf 88' lang='lat' dir='ltr'><strong>qui</strong></span> <span class='ocrx_word' id='word_1_547' title='bbox 2921 696 3212 752; x_wconf 87' lang='lat' dir='ltr'><strong>contendit</strong></span> <span class='ocrx_word' id='word_1_548' title='bbox 3243 696 3428 751; x_wconf 88' lang='lat' dir='ltr'><strong>detra-</strong></span> 
     </span>
    </p>
   </div>
   <div class='ocr_carea' id='block_1_67' title="bbox 1854 788 3428 864">
    <p class='ocr_par' dir='ltr' id='par_1_67' title="bbox 1854 788 3428 864">
     <span class='ocr_line' id='line_1_67' title="bbox 1854 788 3428 864; baseline -0.006 -14"><span class='ocrx_word' id='word_1_549' title='bbox 1854 797 1985 852; x_wconf 83' lang='lat' dir='ltr'><strong>here</strong></span> <span class='ocrx_word' id='word_1_550' title='bbox 2015 797 2082 850; x_wconf 90' lang='lat' dir='ltr'><strong>ad</strong></span> <span class='ocrx_word' id='word_1_551' title='bbox 2113 796 2393 851; x_wconf 86' lang='lat' dir='ltr'><strong>sermonis</strong></span> <span class='ocrx_word' id='word_1_552' title='bbox 2428 791 2916 864; x_wconf 78' lang='lat' dir='ltr'><strong>signiﬁcationem,</strong></span> <span class='ocrx_word' id='word_1_553' title='bbox 2940 788 3270 860; x_wconf 84' lang='lat' dir='ltr'><strong>imprudens</strong></span> <span class='ocrx_word' id='word_1_554' title='bbox 3293 802 3428 857; x_wconf 88' lang='lat' dir='ltr'><strong>pec-</strong></span> 
     </span>
    </p>
   </div>
   <div class='ocr_carea' id='block_1_68' title="bbox 1853 883 3428 952">
    <p class='ocr_par' dir='ltr' id='par_1_68' title="bbox 1853 883 3428 952">
     <span class='ocr_line' id='line_1_68' title="bbox 1853 883 3428 952; baseline -0.007 -9"><span class='ocrx_word' id='word_1_555' title='bbox 1853 898 1943 943; x_wconf 87' lang='lat' dir='ltr'><strong>cat</strong></span> <span class='ocrx_word' id='word_1_556' title='bbox 1967 891 2021 943; x_wconf 90' lang='lat' dir='ltr'><strong>in</strong></span> <span class='ocrx_word' id='word_1_557' title='bbox 2057 888 2247 943; x_wconf 85' lang='lat' dir='ltr'><strong>Deum.</strong></span> <span class='ocrx_word' id='word_1_558' title='bbox 2299 885 2458 952; x_wconf 86' lang='lat' dir='ltr'><strong>Quod</strong></span> <span class='ocrx_word' id='word_1_559' title='bbox 2487 885 2633 939; x_wconf 87' lang='lat' dir='ltr'><strong>enim</strong></span> <span class='ocrx_word' id='word_1_560' title='bbox 2671 883 2947 939; x_wconf 89' lang='lat' dir='ltr'><strong>creditum</strong></span> <span class='ocrx_word' id='word_1_561' title='bbox 2981 889 3070 938; x_wconf 90' lang='lat' dir='ltr'><strong>est</strong></span> <span class='ocrx_word' id='word_1_562' title='bbox 3099 895 3224 936; x_wconf 86' lang='lat' dir='ltr'><strong>esse</strong></span> <span class='ocrx_word' id='word_1_563' title='bbox 3259 893 3428 949; x_wconf 81' lang='lat' dir='ltr'><strong>supra</strong></span> 
     </span>
    </p>
   </div>
   <div class='ocr_carea' id='block_1_69' title="bbox 1856 975 3425 1046">
    <p class='ocr_par' dir='ltr' id='par_1_69' title="bbox 1856 975 3425 1046">
     <span class='ocr_line' id='line_1_69' title="bbox 1856 975 3425 1046; baseline -0.006 -11"><span class='ocrx_word' id='word_1_564' title='bbox 1856 983 2200 1043; x_wconf 87' lang='lat' dir='ltr'><strong>universum,</strong></span> <span class='ocrx_word' id='word_1_565' title='bbox 2265 979 2494 1035; x_wconf 89' lang='lat' dir='ltr'><strong>omnino</strong></span> <span class='ocrx_word' id='word_1_566' title='bbox 2543 985 2632 1033; x_wconf 89' lang='lat' dir='ltr'><strong>est</strong></span> <span class='ocrx_word' id='word_1_567' title='bbox 2676 975 2842 1030; x_wconf 86' lang='lat' dir='ltr'><strong>etiam</strong></span> <span class='ocrx_word' id='word_1_568' title='bbox 2881 990 3053 1046; x_wconf 84' lang='lat' dir='ltr'><strong>supra</strong></span> <span class='ocrx_word' id='word_1_569' title='bbox 3090 975 3425 1029; x_wconf 88' lang='lat' dir='ltr'><strong>orationem.</strong></span> 
     </span>
    </p>
   </div>
   <div class='ocr_carea' id='block_1_70' title="bbox 1855 1063 3427 1139">
    <p class='ocr_par' dir='ltr' id='par_1_70' title="bbox 1855 1063 3427 1139">
     <span class='ocr_line' id='line_1_70' title="bbox 1855 1063 3427 1139; baseline -0.005 -12"><span class='ocrx_word' id='word_1_570' title='bbox 1855 1074 1960 1139; x_wconf 76' lang='lat' dir='ltr'><strong>Qui</strong></span> <span class='ocrx_word' id='word_1_571' title='bbox 2011 1082 2196 1126; x_wconf 90' lang='lat' dir='ltr'><strong>autem</strong></span> <span class='ocrx_word' id='word_1_572' title='bbox 2258 1067 2732 1139; x_wconf 80' lang='lat' dir='ltr'><strong>comprehendere</strong></span> <span class='ocrx_word' id='word_1_573' title='bbox 2777 1075 3018 1122; x_wconf 86' lang='lat' dir='ltr'><strong>conatur</strong></span> <span class='ocrx_word' id='word_1_574' title='bbox 3078 1065 3328 1120; x_wconf 89' lang='lat' dir='ltr'><strong>oratione</strong></span> <span class='ocrx_word' id='word_1_575' title='bbox 3369 1063 3427 1119; x_wconf 84' lang='lat' dir='ltr'><strong>id</strong></span> 
     </span>
    </p>
   </div>
   <div class='ocr_carea' id='block_1_71' title="bbox 1857 1157 3430 1236">
    <p class='ocr_par' dir='ltr' id='par_1_71' title="bbox 1857 1157 3430 1236">
     <span class='ocr_line' id='line_1_71' title="bbox 1857 1157 3430 1236; baseline -0.006 -16"><span class='ocrx_word' id='word_1_576' title='bbox 1857 1165 2006 1236; x_wconf 94' lang='lat' dir='ltr'><strong>quod</strong></span> <span class='ocrx_word' id='word_1_577' title='bbox 2042 1164 2212 1218; x_wconf 87' lang='lat' dir='ltr'><strong>nullis</strong></span> <span class='ocrx_word' id='word_1_578' title='bbox 2255 1163 2456 1236; x_wconf 78' lang='lat' dir='ltr'><strong>ﬁnibus</strong></span> <span class='ocrx_word' id='word_1_579' title='bbox 2501 1168 2683 1230; x_wconf 85' lang='lat' dir='ltr'><strong>potest</strong></span> <span class='ocrx_word' id='word_1_580' title='bbox 2728 1159 3136 1220; x_wconf 88' lang='lat' dir='ltr'><strong>circumscribi,</strong></span> <span class='ocrx_word' id='word_1_581' title='bbox 3183 1174 3292 1213; x_wconf 92' lang='lat' dir='ltr'><strong>non</strong></span> <span class='ocrx_word' id='word_1_582' title='bbox 3318 1157 3430 1211; x_wconf 85' lang='lat' dir='ltr'><strong>uti-</strong></span> 
     </span>
    </p>
   </div>
   <div class='ocr_carea' id='block_1_72' title="bbox 1855 1228 3429 1327">
    <p class='ocr_par' dir='ltr' id='par_1_72' title="bbox 1855 1228 3429 1327">
     <span class='ocr_line' id='line_1_72' title="bbox 1855 1228 3429 1327; baseline -0.006 -15"><span class='ocrx_word' id='word_1_583' title='bbox 1855 1228 1965 1327; x_wconf 82' lang='lat' dir='ltr'><strong>que</strong></span> <span class='ocrx_word' id='word_1_584' title='bbox 2013 1254 2270 1311; x_wconf 90' lang='lat' dir='ltr'><strong>concedit</strong></span> <span class='ocrx_word' id='word_1_585' title='bbox 2332 1228 2502 1327; x_wconf 67' lang='lat' dir='ltr'><strong>supra</strong></span> <span class='ocrx_word' id='word_1_586' title='bbox 2541 1252 2866 1307; x_wconf 87' lang='lat' dir='ltr'><strong>universum</strong></span> <span class='ocrx_word' id='word_1_587' title='bbox 2920 1265 3045 1306; x_wconf 89' lang='lat' dir='ltr'><strong>esse</strong></span> <span class='ocrx_word' id='word_1_588' title='bbox 3100 1250 3236 1305; x_wconf 90' lang='lat' dir='ltr'><strong>illud</strong></span> <span class='ocrx_word' id='word_1_589' title='bbox 3279 1248 3429 1318; x_wconf 88' lang='lat' dir='ltr'><strong>quod</strong></span> 
     </span>
    </p>
   </div>
   <div class='ocr_carea' id='block_1_73' title="bbox 1855 1271 3430 1416">
    <p class='ocr_par' dir='ltr' id='par_1_73' title="bbox 1855 1271 3430 1416">
     <span class='ocr_line' id='line_1_73' title="bbox 1855 1271 3429 1327; baseline -0.006 -15"><span class='ocrx_word' id='word_1_590' title='bbox 1855 1272 1965 1327; x_wconf 90' lang='lat' dir='ltr'><strong>que</strong></span> <span class='ocrx_word' id='word_1_591' title='bbox 2013 1271 2270 1311; x_wconf 73' lang='grc' dir='ltr'>οοιιςεαιι</span> <span class='ocrx_word' id='word_1_592' title='bbox 2363 1271 2502 1322; x_wconf 90' lang='lat' dir='ltr'><strong>upra</strong></span> <span class='ocrx_word' id='word_1_593' title='bbox 2541 1271 2866 1307; x_wconf 82' lang='lat' dir='ltr'><strong>universum</strong></span> <span class='ocrx_word' id='word_1_594' title='bbox 2920 1271 3045 1306; x_wconf 79' lang='lat' dir='ltr'><strong>esse</strong></span> <span class='ocrx_word' id='word_1_595' title='bbox 3100 1271 3236 1305; x_wconf 86' lang='lat' dir='ltr'><strong>muu</strong></span> <span class='ocrx_word' id='word_1_596' title='bbox 3279 1271 3429 1318; x_wconf 83' lang='lat' dir='ltr'><strong>quuu</strong></span> 
     </span>
     <span class='ocr_line' id='line_1_74' title="bbox 1855 1271 3430 1416; baseline -0.004 -14"><span class='ocrx_word' id='word_1_597' title='bbox 1855 1358 2048 1402; x_wconf 86' lang='lat' dir='ltr'><strong>contra</strong></span> <span class='ocrx_word' id='word_1_598' title='bbox 2088 1271 2360 1412; x_wconf 49' lang='lat' dir='ltr'><strong>adduci;</strong></span> <span class='ocrx_word' id='word_1_599' title='bbox 2372 1353 2432 1400; x_wconf 91' lang='lat' dir='ltr'><strong>ut</strong></span> <span class='ocrx_word' id='word_1_600' title='bbox 2473 1346 2568 1416; x_wconf 88' lang='lat' dir='ltr'><strong>qui</strong></span> <span class='ocrx_word' id='word_1_601' title='bbox 2603 1360 2758 1400; x_wconf 89' lang='lat' dir='ltr'><strong>suam</strong></span> <span class='ocrx_word' id='word_1_602' title='bbox 2808 1344 3119 1398; x_wconf 90' lang='lat' dir='ltr'><strong>orationem</strong></span> <span class='ocrx_word' id='word_1_603' title='bbox 3166 1341 3328 1396; x_wconf 83' lang='lat' dir='ltr'><strong>talem</strong></span> <span class='ocrx_word' id='word_1_604' title='bbox 3373 1349 3430 1396; x_wconf 90' lang='lat' dir='ltr'><strong>ct</strong></span> 
     </span>
    </p>
   </div>
   <div class='ocr_carea' id='block_1_74' title="bbox 1857 1435 3433 1508">
    <p class='ocr_par' dir='ltr' id='par_1_74' title="bbox 1857 1435 3433 1508">
     <span class='ocr_line' id='line_1_75' title="bbox 1857 1435 3433 1508; baseline -0.004 -14"><span class='ocrx_word' id='word_1_605' title='bbox 1857 1447 2065 1494; x_wconf 84' lang='lat' dir='ltr'><strong>tantam</strong></span> <span class='ocrx_word' id='word_1_606' title='bbox 2087 1455 2212 1494; x_wconf 90' lang='lat' dir='ltr'><strong>esse</strong></span> <span class='ocrx_word' id='word_1_607' title='bbox 2241 1446 2413 1506; x_wconf 85' lang='lat' dir='ltr'><strong>putet,</strong></span> <span class='ocrx_word' id='word_1_608' title='bbox 2448 1438 2668 1508; x_wconf 89' lang='lat' dir='ltr'><strong>qualem</strong></span> <span class='ocrx_word' id='word_1_609' title='bbox 2693 1444 2748 1492; x_wconf 91' lang='lat' dir='ltr'><strong>et</strong></span> <span class='ocrx_word' id='word_1_610' title='bbox 2769 1441 3032 1507; x_wconf 84' lang='lat' dir='ltr'><strong>quantam</strong></span> <span class='ocrx_word' id='word_1_611' title='bbox 3066 1435 3433 1504; x_wconf 86' lang='lat' dir='ltr'><strong>comprehen-</strong></span> 
     </span>
    </p>
   </div>
   <div class='ocr_carea' id='block_1_75' title="bbox 1858 1525 3431 1600">
    <p class='ocr_par' dir='ltr' id='par_1_75' title="bbox 1858 1525 3431 1600">
     <span class='ocr_line' id='line_1_76' title="bbox 1858 1525 3431 1600; baseline -0.004 -15"><span class='ocrx_word' id='word_1_612' title='bbox 1858 1531 1938 1585; x_wconf 91' lang='lat' dir='ltr'><strong>dit</strong></span> <span class='ocrx_word' id='word_1_613' title='bbox 1967 1531 2164 1594; x_wconf 77' lang='lat' dir='ltr'><strong>oratio.</strong></span> <span class='ocrx_word' id='word_1_614' title='bbox 2197 1530 2453 1584; x_wconf 88' lang='lat' dir='ltr'><strong>nesciens</strong></span> <span class='ocrx_word' id='word_1_615' title='bbox 2485 1530 2633 1600; x_wconf 89' lang='lat' dir='ltr'><strong>quod</strong></span> <span class='ocrx_word' id='word_1_616' title='bbox 2677 1530 2732 1583; x_wconf 93' lang='lat' dir='ltr'><strong>in</strong></span> <span class='ocrx_word' id='word_1_617' title='bbox 2767 1543 2832 1582; x_wconf 89' lang='lat' dir='ltr'><strong>eo</strong></span> <span class='ocrx_word' id='word_1_618' title='bbox 2862 1527 3012 1597; x_wconf 91' lang='lat' dir='ltr'><strong>quod</strong></span> <span class='ocrx_word' id='word_1_619' title='bbox 3043 1525 3431 1588; x_wconf 86' lang='lat' dir='ltr'><strong>sitcreditum,</strong></span> 
     </span>
    </p>
   </div>
   <div class='ocr_carea' id='block_1_76' title="bbox 1859 1616 3433 1692">
    <p class='ocr_par' dir='ltr' id='par_1_76' title="bbox 1859 1616 3433 1692">
     <span class='ocr_line' id='line_1_77' title="bbox 1859 1616 3433 1692; baseline -0.004 -16"><span class='ocrx_word' id='word_1_620' title='bbox 1859 1623 2031 1678; x_wconf 86' lang='lat' dir='ltr'><strong>Deum</strong></span> <span class='ocrx_word' id='word_1_621' title='bbox 2062 1639 2188 1677; x_wconf 86' lang='lat' dir='ltr'><strong>esse</strong></span> <span class='ocrx_word' id='word_1_622' title='bbox 2229 1637 2396 1691; x_wconf 84' lang='lat' dir='ltr'><strong>supra</strong></span> <span class='ocrx_word' id='word_1_623' title='bbox 2444 1622 2842 1692; x_wconf 80' lang='lat' dir='ltr'><strong>cognitionem,</strong></span> <span class='ocrx_word' id='word_1_624' title='bbox 2902 1619 2956 1673; x_wconf 94' lang='lat' dir='ltr'><strong>in</strong></span> <span class='ocrx_word' id='word_1_625' title='bbox 2991 1634 3056 1672; x_wconf 81' lang='lat' dir='ltr'><strong>eo</strong></span> <span class='ocrx_word' id='word_1_626' title='bbox 3098 1634 3222 1688; x_wconf 69' lang='lat' dir='ltr'><strong>qua:</strong></span> <span class='ocrx_word' id='word_1_627' title='bbox 3261 1616 3433 1671; x_wconf 90' lang='lat' dir='ltr'><strong>Deum</strong></span> 
     </span>
    </p>
   </div>
   <div class='ocr_carea' id='block_1_77' title="bbox 1860 1707 3431 1782">
    <p class='ocr_par' dir='ltr' id='par_1_77' title="bbox 1860 1707 3431 1782">
     <span class='ocr_line' id='line_1_78' title="bbox 1860 1707 3431 1782; baseline -0.005 -14"><span class='ocrx_word' id='word_1_628' title='bbox 1860 1714 2037 1775; x_wconf 89' lang='lat' dir='ltr'><strong>decet,</strong></span> <span class='ocrx_word' id='word_1_629' title='bbox 2070 1711 2563 1782; x_wconf 85' lang='lat' dir='ltr'><strong>comprehenditur</strong></span> <span class='ocrx_word' id='word_1_630' title='bbox 2607 1711 2729 1779; x_wconf 86' lang='lat' dir='ltr'><strong>ejus</strong></span> <span class='ocrx_word' id='word_1_631' title='bbox 2767 1709 2916 1780; x_wconf 93' lang='lat' dir='ltr'><strong>quod</strong></span> <span class='ocrx_word' id='word_1_632' title='bbox 2954 1723 3083 1764; x_wconf 87' lang='lat' dir='ltr'><strong>vere</strong></span> <span class='ocrx_word' id='word_1_633' title='bbox 3117 1714 3205 1762; x_wconf 88' lang='lat' dir='ltr'><strong>est</strong></span> <span class='ocrx_word' id='word_1_634' title='bbox 3230 1707 3384 1760; x_wconf 92' lang='lat' dir='ltr'><strong>notio</strong></span> <span class='ocrx_word' id='word_1_635' title='bbox 3415 1724 3431 1760; x_wconf 92' lang='lat'><strong>:</strong></span> 
     </span>
    </p>
   </div>
   <div class='ocr_carea' id='block_1_78' title="bbox 1862 1796 3436 1877">
    <p class='ocr_par' dir='ltr' id='par_1_78' title="bbox 1862 1796 3436 1877">
     <span class='ocr_line' id='line_1_79' title="bbox 1862 1796 3436 1877; baseline -0.006 -17"><span class='ocrx_word' id='word_1_636' title='bbox 1862 1807 2124 1877; x_wconf 88' lang='lat' dir='ltr'><strong>quoniam</strong></span> <span class='ocrx_word' id='word_1_637' title='bbox 2165 1805 2432 1875; x_wconf 80' lang='lat' dir='ltr'><strong>quidquid</strong></span> <span class='ocrx_word' id='word_1_638' title='bbox 2464 1813 2552 1859; x_wconf 87' lang='lat' dir='ltr'><strong>est</strong></span> <span class='ocrx_word' id='word_1_639' title='bbox 2592 1805 2646 1858; x_wconf 93' lang='lat' dir='ltr'><strong>in</strong></span> <span class='ocrx_word' id='word_1_640' title='bbox 2675 1810 2952 1862; x_wconf 86' lang='lat' dir='ltr'><strong>creatura,</strong></span> <span class='ocrx_word' id='word_1_641' title='bbox 2987 1803 3238 1855; x_wconf 88' lang='lat' dir='ltr'><strong>intuetur</strong></span> <span class='ocrx_word' id='word_1_642' title='bbox 3265 1798 3332 1853; x_wconf 90' lang='lat' dir='ltr'><strong>ad</strong></span> <span class='ocrx_word' id='word_1_643' title='bbox 3380 1796 3436 1852; x_wconf 85' lang='lat' dir='ltr'><strong>id</strong></span> 
     </span>
    </p>
   </div>
   <div class='ocr_carea' id='block_1_79' title="bbox 1861 1891 3436 1967">
    <p class='ocr_par' dir='ltr' id='par_1_79' title="bbox 1861 1891 3436 1967">
     <span class='ocr_line' id='line_1_80' title="bbox 1861 1891 3436 1967; baseline -0.004 -20"><span class='ocrx_word' id='word_1_644' title='bbox 1861 1895 2010 1967; x_wconf 85' lang='lat' dir='ltr'><strong>quod</strong></span> <span class='ocrx_word' id='word_1_645' title='bbox 2043 1905 2130 1950; x_wconf 90' lang='lat' dir='ltr'><strong>est</strong></span> <span class='ocrx_word' id='word_1_646' title='bbox 2165 1903 2460 1964; x_wconf 83' lang='lat' dir='ltr'><strong>cognatum</strong></span> <span class='ocrx_word' id='word_1_647' title='bbox 2491 1909 2520 1948; x_wconf 90' lang='lat' dir='ltr'><strong>a</strong></span> <span class='ocrx_word' id='word_1_648' title='bbox 2555 1903 2778 1948; x_wconf 87' lang='lat' dir='ltr'><strong>natura.</strong></span> <span class='ocrx_word' id='word_1_649' title='bbox 2811 1893 3000 1961; x_wconf 79' lang='lat' dir='ltr'><strong>Neque</strong></span> <span class='ocrx_word' id='word_1_650' title='bbox 3032 1891 3335 1961; x_wconf 85' lang='lat' dir='ltr'><strong>quidquam</strong></span> <span class='ocrx_word' id='word_1_651' title='bbox 3368 1902 3436 1942; x_wconf 78' lang='lat' dir='ltr'><strong>ex</strong></span> 
     </span>
    </p>
   </div>
   <div class='ocr_carea' id='block_1_80' title="bbox 1864 1980 3436 2058">
    <p class='ocr_par' dir='ltr' id='par_1_80' title="bbox 1864 1980 3436 2058">
     <span class='ocr_line' id='line_1_81' title="bbox 1864 1980 3436 2058; baseline -0.006 -14"><span class='ocrx_word' id='word_1_652' title='bbox 1864 1991 1932 2045; x_wconf 88' lang='lat' dir='ltr'><strong>iis</strong></span> <span class='ocrx_word' id='word_1_653' title='bbox 1967 2004 2090 2058; x_wconf 70' lang='lat' dir='ltr'><strong>quae</strong></span> <span class='ocrx_word' id='word_1_654' title='bbox 2120 2000 2267 2049; x_wconf 87' lang='lat' dir='ltr'><strong>sunt,</strong></span> <span class='ocrx_word' id='word_1_655' title='bbox 2304 2003 2368 2042; x_wconf 78' lang='lat' dir='ltr'><strong>ex</strong></span> <span class='ocrx_word' id='word_1_656' title='bbox 2402 2003 2462 2042; x_wconf 88' lang='lat' dir='ltr'><strong>se</strong></span> <span class='ocrx_word' id='word_1_657' title='bbox 2496 1993 2898 2052; x_wconf 89' lang='lat' dir='ltr'><strong>ortum,manet</strong></span> <span class='ocrx_word' id='word_1_658' title='bbox 2929 1986 2986 2038; x_wconf 91' lang='lat' dir='ltr'><strong>in</strong></span> <span class='ocrx_word' id='word_1_659' title='bbox 3019 1984 3282 2039; x_wconf 86' lang='lat' dir='ltr'><strong>essentia.</strong></span> <span class='ocrx_word' id='word_1_660' title='bbox 3314 1980 3436 2036; x_wconf 85' lang='lat' dir='ltr'><strong>Non</strong></span> 
     </span>
    </p>
   </div>
   <div class='ocr_carea' id='block_1_81' title="bbox 1864 2075 3442 2151">
    <p class='ocr_par' dir='ltr' id='par_1_81' title="bbox 1864 2075 3442 2151">
     <span class='ocr_line' id='line_1_82' title="bbox 1864 2075 3442 2151; baseline -0.004 -17"><span class='ocrx_word' id='word_1_661' title='bbox 1864 2081 2006 2151; x_wconf 84' lang='lat' dir='ltr'><strong>ignis</strong></span> <span class='ocrx_word' id='word_1_662' title='bbox 2036 2081 2091 2135; x_wconf 90' lang='lat' dir='ltr'><strong>in</strong></span> <span class='ocrx_word' id='word_1_663' title='bbox 2131 2096 2293 2150; x_wconf 83' lang='lat' dir='ltr'><strong>aqua,</strong></span> <span class='ocrx_word' id='word_1_664' title='bbox 2325 2095 2432 2134; x_wconf 93' lang='lat' dir='ltr'><strong>non</strong></span> <span class='ocrx_word' id='word_1_665' title='bbox 2461 2095 2600 2148; x_wconf 85' lang='lat' dir='ltr'><strong>aqua</strong></span> <span class='ocrx_word' id='word_1_666' title='bbox 2632 2079 2687 2132; x_wconf 89' lang='lat' dir='ltr'><strong>in</strong></span> <span class='ocrx_word' id='word_1_667' title='bbox 2716 2079 2863 2147; x_wconf 82' lang='lat' dir='ltr'><strong>igne,</strong></span> <span class='ocrx_word' id='word_1_668' title='bbox 2923 2095 3034 2132; x_wconf 89' lang='lat' dir='ltr'><strong>non</strong></span> <span class='ocrx_word' id='word_1_669' title='bbox 3072 2079 3125 2130; x_wconf 92' lang='lat' dir='ltr'><strong>in</strong></span> <span class='ocrx_word' id='word_1_670' title='bbox 3162 2075 3442 2147; x_wconf 83' lang='lat' dir='ltr'><strong>profundo</strong></span> 
     </span>
    </p>
   </div>
   <div class='ocr_carea' id='block_1_82' title="bbox 1865 2168 3438 2238">
    <p class='ocr_par' dir='ltr' id='par_1_82' title="bbox 1865 2168 3438 2238">
     <span class='ocr_line' id='line_1_83' title="bbox 1865 2168 3438 2238; baseline -0.003 -13"><span class='ocrx_word' id='word_1_671' title='bbox 1865 2181 2169 2237; x_wconf 88' lang='lat' dir='ltr'><strong>terrenum,</strong></span> <span class='ocrx_word' id='word_1_672' title='bbox 2197 2185 2304 2224; x_wconf 89' lang='lat' dir='ltr'><strong>non</strong></span> <span class='ocrx_word' id='word_1_673' title='bbox 2351 2172 2404 2224; x_wconf 90' lang='lat' dir='ltr'><strong>in</strong></span> <span class='ocrx_word' id='word_1_674' title='bbox 2449 2179 2597 2224; x_wconf 87' lang='lat' dir='ltr'><strong>terra</strong></span> <span class='ocrx_word' id='word_1_675' title='bbox 2626 2184 2890 2238; x_wconf 88' lang='lat' dir='ltr'><strong>aqueum,</strong></span> <span class='ocrx_word' id='word_1_676' title='bbox 2925 2184 3034 2222; x_wconf 92' lang='lat' dir='ltr'><strong>non</strong></span> <span class='ocrx_word' id='word_1_677' title='bbox 3070 2168 3124 2221; x_wconf 93' lang='lat' dir='ltr'><strong>in</strong></span> <span class='ocrx_word' id='word_1_678' title='bbox 3156 2182 3285 2222; x_wconf 86' lang='lat' dir='ltr'><strong>aere</strong></span> <span class='ocrx_word' id='word_1_679' title='bbox 3324 2175 3438 2220; x_wconf 88' lang='lat' dir='ltr'><strong>ler-</strong></span> 
     </span>
    </p>
   </div>
   <div class='ocr_carea' id='block_1_83' title="bbox 1869 2261 3439 2325">
    <p class='ocr_par' dir='ltr' id='par_1_83' title="bbox 1869 2261 3439 2325">
     <span class='ocr_line' id='line_1_84' title="bbox 1869 2261 3439 2325; baseline -0.004 -7"><span class='ocrx_word' id='word_1_680' title='bbox 1869 2279 2085 2325; x_wconf 85' lang='lat' dir='ltr'><strong>renum,</strong></span> <span class='ocrx_word' id='word_1_681' title='bbox 2125 2278 2234 2317; x_wconf 91' lang='lat' dir='ltr'><strong>non</strong></span> <span class='ocrx_word' id='word_1_682' title='bbox 2269 2265 2322 2316; x_wconf 91' lang='lat' dir='ltr'><strong>in</strong></span> <span class='ocrx_word' id='word_1_683' title='bbox 2357 2271 2505 2316; x_wconf 89' lang='lat' dir='ltr'><strong>terra</strong></span> <span class='ocrx_word' id='word_1_684' title='bbox 2555 2277 2755 2316; x_wconf 88' lang='lat' dir='ltr'><strong>rursus</strong></span> <span class='ocrx_word' id='word_1_685' title='bbox 2801 2263 3051 2316; x_wconf 87' lang='lat' dir='ltr'><strong>aerium:</strong></span> <span class='ocrx_word' id='word_1_686' title='bbox 3091 2261 3188 2316; x_wconf 87' lang='lat' dir='ltr'><strong>sed</strong></span> <span class='ocrx_word' id='word_1_687' title='bbox 3237 2275 3439 2314; x_wconf 87' lang='lat' dir='ltr'><strong>unum-</strong></span> 
     </span>
    </p>
   </div>
   <div class='ocr_carea' id='block_1_84' title="bbox 1864 2351 3435 2427">
    <p class='ocr_par' dir='ltr' id='par_1_84' title="bbox 1864 2351 3435 2427">
     <span class='ocr_line' id='line_1_85' title="bbox 1864 2351 3435 2427; baseline -0.004 -17"><span class='ocrx_word' id='word_1_688' title='bbox 1864 2361 2122 2427; x_wconf 74' lang='lat' dir='ltr'><strong>quodque</strong></span> <span class='ocrx_word' id='word_1_689' title='bbox 2178 2371 2409 2410; x_wconf 88' lang='lat' dir='ltr'><strong>manens</strong></span> <span class='ocrx_word' id='word_1_690' title='bbox 2469 2355 2522 2408; x_wconf 92' lang='lat' dir='ltr'><strong>in</strong></span> <span class='ocrx_word' id='word_1_691' title='bbox 2593 2355 2834 2426; x_wconf 86' lang='lat' dir='ltr'><strong>propriis</strong></span> <span class='ocrx_word' id='word_1_692' title='bbox 2893 2361 3104 2409; x_wconf 69' lang='lat' dir='ltr'><strong>naturae</strong></span> <span class='ocrx_word' id='word_1_693' title='bbox 3157 2351 3435 2414; x_wconf 78' lang='lat' dir='ltr'><strong>terminis,</strong></span> 
     </span>
    </p>
   </div>
   <div class='ocr_carea' id='block_1_85' title="bbox 1866 2443 3438 2515">
    <p class='ocr_par' dir='ltr' id='par_1_85' title="bbox 1866 2443 3438 2515">
     <span class='ocr_line' id='line_1_86' title="bbox 1866 2443 3438 2515; baseline -0.004 -14"><span class='ocrx_word' id='word_1_694' title='bbox 1866 2447 2058 2501; x_wconf 88' lang='lat' dir='ltr'><strong>tandiu</strong></span> <span class='ocrx_word' id='word_1_695' title='bbox 2082 2455 2190 2507; x_wconf 87' lang='lat' dir='ltr'><strong>est.</strong></span> <span class='ocrx_word' id='word_1_696' title='bbox 2229 2445 2476 2515; x_wconf 89' lang='lat' dir='ltr'><strong>quandiu</strong></span> <span class='ocrx_word' id='word_1_697' title='bbox 2505 2453 2592 2501; x_wconf 91' lang='lat' dir='ltr'><strong>est</strong></span> <span class='ocrx_word' id='word_1_698' title='bbox 2621 2447 2766 2499; x_wconf 87' lang='lat' dir='ltr'><strong>intra</strong></span> <span class='ocrx_word' id='word_1_699' title='bbox 2792 2461 2924 2501; x_wconf 87' lang='lat' dir='ltr'><strong>suos</strong></span> <span class='ocrx_word' id='word_1_700' title='bbox 2955 2444 3246 2500; x_wconf 88' lang='lat' dir='ltr'><strong>terminos.</strong></span> <span class='ocrx_word' id='word_1_701' title='bbox 3277 2443 3438 2508; x_wconf 87' lang='lat' dir='ltr'><strong>Quod</strong></span> 
     </span>
    </p>
   </div>
   <div class='ocr_carea' id='block_1_86' title="bbox 1867 2537 3442 2602">
    <p class='ocr_par' dir='ltr' id='par_1_86' title="bbox 1867 2537 3442 2602">
     <span class='ocr_line' id='line_1_87' title="bbox 1867 2537 3442 2602; baseline -0.005 -7"><span class='ocrx_word' id='word_1_702' title='bbox 1867 2539 1914 2595; x_wconf 91' lang='lat' dir='ltr'><strong>si</strong></span> <span class='ocrx_word' id='word_1_703' title='bbox 1941 2548 2097 2594; x_wconf 80' lang='lat' dir='ltr'><strong>extra</strong></span> <span class='ocrx_word' id='word_1_704' title='bbox 2139 2554 2201 2594; x_wconf 90' lang='lat' dir='ltr'><strong>se</strong></span> <span class='ocrx_word' id='word_1_705' title='bbox 2236 2537 2429 2602; x_wconf 81' lang='lat' dir='ltr'><strong>fuerit,</strong></span> <span class='ocrx_word' id='word_1_706' title='bbox 2454 2540 2558 2593; x_wconf 86' lang='lat' dir='ltr'><strong>erit</strong></span> <span class='ocrx_word' id='word_1_707' title='bbox 2605 2538 2772 2592; x_wconf 89' lang='lat' dir='ltr'><strong>etiam</strong></span> <span class='ocrx_word' id='word_1_708' title='bbox 2819 2545 2974 2592; x_wconf 79' lang='lat' dir='ltr'><strong>extra</strong></span> <span class='ocrx_word' id='word_1_709' title='bbox 3015 2537 3341 2598; x_wconf 85' lang='lat' dir='ltr'><strong>essentiam,</strong></span> <span class='ocrx_word' id='word_1_710' title='bbox 3385 2544 3442 2588; x_wconf 90' lang='lat' dir='ltr'><strong>et</strong></span> 
     </span>
    </p>
   </div>
   <div class='ocr_carea' id='block_1_87' title="bbox 1865 2627 3445 2701">
    <p class='ocr_par' dir='ltr' id='par_1_87' title="bbox 1865 2627 3445 2701">
     <span class='ocr_line' id='line_1_88' title="bbox 1865 2627 3445 2701; baseline -0.003 -17"><span class='ocrx_word' id='word_1_711' title='bbox 1865 2631 2145 2701; x_wconf 90' lang='lat' dir='ltr'><strong>quomodo</strong></span> <span class='ocrx_word' id='word_1_712' title='bbox 2204 2630 2483 2685; x_wconf 84' lang='lat' dir='ltr'><strong>sentiendi</strong></span> <span class='ocrx_word' id='word_1_713' title='bbox 2545 2630 3046 2684; x_wconf 85' lang='lat' dir='ltr'><strong>instrumentorum</strong></span> <span class='ocrx_word' id='word_1_714' title='bbox 3102 2629 3209 2690; x_wconf 87' lang='lat' dir='ltr'><strong>vis,</strong></span> <span class='ocrx_word' id='word_1_715' title='bbox 3265 2627 3322 2682; x_wconf 93' lang='lat' dir='ltr'><strong>in</strong></span> <span class='ocrx_word' id='word_1_716' title='bbox 3369 2627 3445 2681; x_wconf 80' lang='lat' dir='ltr'><strong>iis</strong></span> 
     </span>
    </p>
   </div>
   <div class='ocr_carea' id='block_1_88' title="bbox 1866 2720 3434 2794">
    <p class='ocr_par' dir='ltr' id='par_1_88' title="bbox 1866 2720 3434 2794">
     <span class='ocr_line' id='line_1_89' title="bbox 1866 2720 3434 2794; baseline -0.004 -16"><span class='ocrx_word' id='word_1_717' title='bbox 1866 2739 2098 2779; x_wconf 87' lang='lat' dir='ltr'><strong>manens</strong></span> <span class='ocrx_word' id='word_1_718' title='bbox 2129 2722 2551 2794; x_wconf 79' lang='lat' dir='ltr'><strong>Operationibus</strong></span> <span class='ocrx_word' id='word_1_719' title='bbox 2582 2738 2705 2791; x_wconf 62' lang='lat' dir='ltr'><strong>qua</strong></span> <span class='ocrx_word' id='word_1_720' title='bbox 2740 2730 2871 2776; x_wconf 90' lang='lat' dir='ltr'><strong>sunt</strong></span> <span class='ocrx_word' id='word_1_721' title='bbox 2921 2720 3226 2776; x_wconf 90' lang='lat' dir='ltr'><strong>secundum</strong></span> <span class='ocrx_word' id='word_1_722' title='bbox 3273 2727 3434 2774; x_wconf 84' lang='lat' dir='ltr'><strong>natu-</strong></span> 
     </span>
    </p>
   </div>
   <div class='ocr_carea' id='block_1_89' title="bbox 1866 2814 3450 2885">
    <p class='ocr_par' dir='ltr' id='par_1_89' title="bbox 1866 2814 3450 2885">
     <span class='ocr_line' id='line_1_90' title="bbox 1866 2814 3450 2885; baseline -0.006 -13"><span class='ocrx_word' id='word_1_723' title='bbox 1866 2833 2007 2884; x_wconf 83' lang='lat' dir='ltr'><strong>ram,</strong></span> <span class='ocrx_word' id='word_1_724' title='bbox 2042 2832 2150 2871; x_wconf 90' lang='lat' dir='ltr'><strong>non</strong></span> <span class='ocrx_word' id='word_1_725' title='bbox 2197 2823 2378 2885; x_wconf 86' lang='lat' dir='ltr'><strong>potest</strong></span> <span class='ocrx_word' id='word_1_726' title='bbox 2411 2817 2651 2869; x_wconf 88' lang='lat' dir='ltr'><strong>transire</strong></span> <span class='ocrx_word' id='word_1_727' title='bbox 2705 2814 2770 2867; x_wconf 89' lang='lat' dir='ltr'><strong>ad</strong></span> <span class='ocrx_word' id='word_1_728' title='bbox 2819 2829 2940 2868; x_wconf 86' lang='lat' dir='ltr'><strong>eam</strong></span> <span class='ocrx_word' id='word_1_729' title='bbox 2987 2828 3110 2883; x_wconf 72' lang='lat' dir='ltr'><strong>qua:</strong></span> <span class='ocrx_word' id='word_1_730' title='bbox 3149 2821 3234 2867; x_wconf 91' lang='lat' dir='ltr'><strong>est</strong></span> <span class='ocrx_word' id='word_1_731' title='bbox 3273 2827 3450 2882; x_wconf 85' lang='lat' dir='ltr'><strong>prope</strong></span> 
     </span>
    </p>
   </div>
   <div class='ocr_carea' id='block_1_90' title="bbox 1868 2906 3443 2976">
    <p class='ocr_par' dir='ltr' id='par_1_90' title="bbox 1868 2906 3443 2976">
     <span class='ocr_line' id='line_1_91' title="bbox 1868 2906 3443 2976; baseline -0.005 -12"><span class='ocrx_word' id='word_1_732' title='bbox 1868 2907 1995 2964; x_wconf 85' lang='lat' dir='ltr'><strong>sita.</strong></span> <span class='ocrx_word' id='word_1_733' title='bbox 2059 2906 2249 2976; x_wconf 81' lang='lat' dir='ltr'><strong>Neque</strong></span> <span class='ocrx_word' id='word_1_734' title='bbox 2303 2908 2451 2961; x_wconf 85' lang='lat' dir='ltr'><strong>enim</strong></span> <span class='ocrx_word' id='word_1_735' title='bbox 2487 2907 2685 2961; x_wconf 91' lang='lat' dir='ltr'><strong>oculus</strong></span> <span class='ocrx_word' id='word_1_736' title='bbox 2734 2915 3000 2974; x_wconf 90' lang='lat' dir='ltr'><strong>operatur</strong></span> <span class='ocrx_word' id='word_1_737' title='bbox 3031 2919 3094 2959; x_wconf 91' lang='lat' dir='ltr'><strong>ea</strong></span> <span class='ocrx_word' id='word_1_738' title='bbox 3141 2919 3264 2974; x_wconf 74' lang='lat' dir='ltr'><strong>qua:</strong></span> <span class='ocrx_word' id='word_1_739' title='bbox 3311 2913 3443 2958; x_wconf 89' lang='lat' dir='ltr'><strong>sunt</strong></span> 
     </span>
    </p>
   </div>
   <div class='ocr_carea' id='block_1_91' title="bbox 1868 2995 3444 3068">
    <p class='ocr_par' dir='ltr' id='par_1_91' title="bbox 1868 2995 3444 3068">
     <span class='ocr_line' id='line_1_92' title="bbox 1868 2995 3444 3068; baseline -0.004 -15"><span class='ocrx_word' id='word_1_740' title='bbox 1868 2998 2112 3060; x_wconf 88' lang='lat' dir='ltr'><strong>auditus.</strong></span> <span class='ocrx_word' id='word_1_741' title='bbox 2141 3013 2320 3068; x_wconf 88' lang='lat' dir='ltr'><strong>neque</strong></span> <span class='ocrx_word' id='word_1_742' title='bbox 2347 2998 2500 3052; x_wconf 90' lang='lat' dir='ltr'><strong>auris</strong></span> <span class='ocrx_word' id='word_1_743' title='bbox 2526 3003 2733 3067; x_wconf 89' lang='lat' dir='ltr'><strong>gustat,</strong></span> <span class='ocrx_word' id='word_1_744' title='bbox 2764 3012 2945 3067; x_wconf 89' lang='lat' dir='ltr'><strong>neque</strong></span> <span class='ocrx_word' id='word_1_745' title='bbox 2967 3004 3150 3050; x_wconf 89' lang='lat' dir='ltr'><strong>tactus</strong></span> <span class='ocrx_word' id='word_1_746' title='bbox 3175 2995 3444 3064; x_wconf 88' lang='lat' dir='ltr'><strong>loquitur,</strong></span> 
     </span>
    </p>
   </div>
   <div class='ocr_carea' id='block_1_92' title="bbox 1867 3087 3440 3161">
    <p class='ocr_par' dir='ltr' id='par_1_92' title="bbox 1867 3087 3440 3161">
     <span class='ocr_line' id='line_1_93' title="bbox 1867 3087 3440 3161; baseline -0.002 -16"><span class='ocrx_word' id='word_1_747' title='bbox 1867 3106 2046 3161; x_wconf 89' lang='lat' dir='ltr'><strong>neque</strong></span> <span class='ocrx_word' id='word_1_748' title='bbox 2080 3091 2267 3160; x_wconf 78' lang='lat' dir='ltr'><strong>lingua</strong></span> <span class='ocrx_word' id='word_1_749' title='bbox 2298 3105 2362 3145; x_wconf 86' lang='lat' dir='ltr'><strong>ea</strong></span> <span class='ocrx_word' id='word_1_750' title='bbox 2388 3089 2500 3160; x_wconf 90' lang='lat' dir='ltr'><strong>agit</strong></span> <span class='ocrx_word' id='word_1_751' title='bbox 2527 3105 2652 3158; x_wconf 66' lang='lat' dir='ltr'><strong>qua:</strong></span> <span class='ocrx_word' id='word_1_752' title='bbox 2686 3096 2819 3144; x_wconf 88' lang='lat' dir='ltr'><strong>sunt</strong></span> <span class='ocrx_word' id='word_1_753' title='bbox 2855 3089 3009 3144; x_wconf 86' lang='lat' dir='ltr'><strong>visus</strong></span> <span class='ocrx_word' id='word_1_754' title='bbox 3044 3095 3139 3142; x_wconf 89' lang='lat' dir='ltr'><strong>aut</strong></span> <span class='ocrx_word' id='word_1_755' title='bbox 3189 3087 3440 3148; x_wconf 85' lang='lat' dir='ltr'><strong>auditus.</strong></span> 
     </span>
    </p>
   </div>
   <div class='ocr_carea' id='block_1_93' title="bbox 1865 3177 3438 3249">
    <p class='ocr_par' dir='ltr' id='par_1_93' title="bbox 1865 3177 3438 3249">
     <span class='ocr_line' id='line_1_94' title="bbox 1865 3177 3438 3249; baseline -0.004 -13"><span class='ocrx_word' id='word_1_756' title='bbox 1865 3181 1961 3237; x_wconf 89' lang='lat' dir='ltr'><strong>sed</strong></span> <span class='ocrx_word' id='word_1_757' title='bbox 1998 3179 2432 3249; x_wconf 90' lang='lat' dir='ltr'><strong>unumquodque</strong></span> <span class='ocrx_word' id='word_1_758' title='bbox 2456 3178 2620 3233; x_wconf 86' lang='lat' dir='ltr'><strong>habet</strong></span> <span class='ocrx_word' id='word_1_759' title='bbox 2653 3179 2952 3233; x_wconf 87' lang='lat' dir='ltr'><strong>terminum</strong></span> <span class='ocrx_word' id='word_1_760' title='bbox 2981 3193 3096 3232; x_wconf 72' lang='lat' dir='ltr'><strong>suae</strong></span> <span class='ocrx_word' id='word_1_761' title='bbox 3131 3177 3438 3237; x_wconf 80' lang='lat' dir='ltr'><strong>facultatis.</strong></span> 
     </span>
    </p>
   </div>
   <div class='ocr_carea' id='block_1_94' title="bbox 1862 3269 3444 3340">
    <p class='ocr_par' dir='ltr' id='par_1_94' title="bbox 1862 3269 3444 3340">
     <span class='ocr_line' id='line_1_95' title="bbox 1862 3269 3444 3340; baseline -0.002 -16"><span class='ocrx_word' id='word_1_762' title='bbox 1862 3285 2059 3340; x_wconf 77' lang='lat' dir='ltr'><strong>nempe</strong></span> <span class='ocrx_word' id='word_1_763' title='bbox 2092 3285 2213 3324; x_wconf 90' lang='lat' dir='ltr'><strong>eam</strong></span> <span class='ocrx_word' id='word_1_764' title='bbox 2242 3269 2622 3339; x_wconf 84' lang='lat' dir='ltr'><strong>operationem</strong></span> <span class='ocrx_word' id='word_1_765' title='bbox 2658 3284 2781 3339; x_wconf 72' lang='lat' dir='ltr'><strong>qua:</strong></span> <span class='ocrx_word' id='word_1_766' title='bbox 2814 3279 2899 3326; x_wconf 90' lang='lat' dir='ltr'><strong>est</strong></span> <span class='ocrx_word' id='word_1_767' title='bbox 2933 3269 3239 3324; x_wconf 90' lang='lat' dir='ltr'><strong>secundum</strong></span> <span class='ocrx_word' id='word_1_768' title='bbox 3278 3278 3444 3322; x_wconf 80' lang='lat' dir='ltr'><strong>natu—</strong></span> 
     </span>
    </p>
   </div>
   <div class='ocr_carea' id='block_1_95' title="bbox 1862 3360 3448 3417">
    <p class='ocr_par' dir='ltr' id='par_1_95' title="bbox 1862 3360 3448 3417">
     <span class='ocr_line' id='line_1_96' title="bbox 1862 3360 3448 3417; baseline -0.001 -1"><span class='ocrx_word' id='word_1_769' title='bbox 1862 3377 2005 3416; x_wconf 90' lang='lat' dir='ltr'><strong>ram.</strong></span> <span class='ocrx_word' id='word_1_770' title='bbox 2060 3361 2142 3414; x_wconf 86' lang='lat' dir='ltr'><strong>Ita</strong></span> <span class='ocrx_word' id='word_1_771' title='bbox 2171 3360 2338 3414; x_wconf 89' lang='lat' dir='ltr'><strong>etiam</strong></span> <span class='ocrx_word' id='word_1_772' title='bbox 2375 3361 2558 3416; x_wconf 92' lang='lat' dir='ltr'><strong>omnis</strong></span> <span class='ocrx_word' id='word_1_773' title='bbox 2591 3370 2848 3416; x_wconf 89' lang='lat' dir='ltr'><strong>creatura</strong></span> <span class='ocrx_word' id='word_1_774' title='bbox 2891 3369 3051 3416; x_wconf 81' lang='lat' dir='ltr'><strong>extra</strong></span> <span class='ocrx_word' id='word_1_775' title='bbox 3077 3377 3138 3416; x_wconf 86' lang='lat' dir='ltr'><strong>se</strong></span> <span class='ocrx_word' id='word_1_776' title='bbox 3174 3376 3301 3417; x_wconf 89' lang='lat' dir='ltr'><strong>esse</strong></span> <span class='ocrx_word' id='word_1_777' title='bbox 3331 3376 3448 3415; x_wconf 85' lang='lat' dir='ltr'><strong>non</strong></span> 
     </span>
    </p>
   </div>
   <div class='ocr_carea' id='block_1_96' title="bbox 1863 3453 3444 3523">
    <p class='ocr_par' dir='ltr' id='par_1_96' title="bbox 1863 3453 3444 3523">
     <span class='ocr_line' id='line_1_97' title="bbox 1863 3453 3444 3523; baseline 0.001 -17"><span class='ocrx_word' id='word_1_778' title='bbox 1863 3459 2044 3522; x_wconf 91' lang='lat' dir='ltr'><strong>potest</strong></span> <span class='ocrx_word' id='word_1_779' title='bbox 2085 3467 2181 3521; x_wconf 86' lang='lat' dir='ltr'><strong>per</strong></span> <span class='ocrx_word' id='word_1_780' title='bbox 2226 3453 2722 3522; x_wconf 80' lang='lat' dir='ltr'><strong>comprehendendi</strong></span> <span class='ocrx_word' id='word_1_781' title='bbox 2758 3453 3303 3523; x_wconf 88' lang='lat' dir='ltr'><strong>contemplationem,</strong></span> <span class='ocrx_word' id='word_1_782' title='bbox 3350 3454 3444 3508; x_wconf 91' lang='lat' dir='ltr'><strong>sed</strong></span> 
     </span>
    </p>
   </div>
   <div class='ocr_carea' id='block_1_97' title="bbox 1863 3541 3449 3613">
    <p class='ocr_par' dir='ltr' id='par_1_97' title="bbox 1863 3541 3449 3613">
     <span class='ocr_line' id='line_1_98' title="bbox 1863 3541 3449 3613; baseline 0 -17"><span class='ocrx_word' id='word_1_783' title='bbox 1863 3541 1919 3596; x_wconf 88' lang='lat' dir='ltr'><strong>in</strong></span> <span class='ocrx_word' id='word_1_784' title='bbox 1941 3555 2000 3596; x_wconf 89' lang='lat' dir='ltr'><strong>se</strong></span> <span class='ocrx_word' id='word_1_785' title='bbox 2016 3541 2130 3612; x_wconf 87' lang='lat' dir='ltr'><strong>ipsa</strong></span> <span class='ocrx_word' id='word_1_786' title='bbox 2145 3553 2361 3610; x_wconf 87' lang='lat' dir='ltr'><strong>semper</strong></span> <span class='ocrx_word' id='word_1_787' title='bbox 2376 3553 2579 3606; x_wconf 86' lang='lat' dir='ltr'><strong>manet,</strong></span> <span class='ocrx_word' id='word_1_788' title='bbox 2592 3548 2646 3597; x_wconf 86' lang='lat' dir='ltr'><strong>et</strong></span> <span class='ocrx_word' id='word_1_789' title='bbox 2665 3541 2934 3613; x_wconf 90' lang='lat' dir='ltr'><strong>quidquid</strong></span> <span class='ocrx_word' id='word_1_790' title='bbox 2954 3543 3173 3605; x_wconf 88' lang='lat' dir='ltr'><strong>viderit,</strong></span> <span class='ocrx_word' id='word_1_791' title='bbox 3206 3542 3449 3612; x_wconf 87' lang='lat' dir='ltr'><strong>seipsam</strong></span> 
     </span>
    </p>
   </div>
   <div class='ocr_carea' id='block_1_98' title="bbox 1865 3632 3450 3706">
    <p class='ocr_par' dir='ltr' id='par_1_98' title="bbox 1865 3632 3450 3706">
     <span class='ocr_line' id='line_1_99' title="bbox 1865 3632 3450 3706; baseline 0.001 -20"><span class='ocrx_word' id='word_1_792' title='bbox 1865 3633 2133 3696; x_wconf 88' lang='lat' dir='ltr'><strong>intuetur,</strong></span> <span class='ocrx_word' id='word_1_793' title='bbox 2168 3641 2223 3688; x_wconf 91' lang='lat' dir='ltr'><strong>et</strong></span> <span class='ocrx_word' id='word_1_794' title='bbox 2254 3635 2300 3689; x_wconf 91' lang='lat' dir='ltr'><strong>si</strong></span> <span class='ocrx_word' id='word_1_795' title='bbox 2327 3632 2736 3690; x_wconf 76' lang='lat' dir='ltr'><strong>existimaverit</strong></span> <span class='ocrx_word' id='word_1_796' title='bbox 2759 3650 2819 3690; x_wconf 91' lang='lat' dir='ltr'><strong>se</strong></span> <span class='ocrx_word' id='word_1_797' title='bbox 2849 3635 3060 3704; x_wconf 87' lang='lat' dir='ltr'><strong>aliquid</strong></span> <span class='ocrx_word' id='word_1_798' title='bbox 3089 3635 3278 3690; x_wconf 86' lang='lat' dir='ltr'><strong>videre</strong></span> <span class='ocrx_word' id='word_1_799' title='bbox 3299 3635 3450 3706; x_wconf 80' lang='lat' dir='ltr'><strong>quod</strong></span> 
     </span>
    </p>
   </div>
   <div class='ocr_carea' id='block_1_99' title="bbox 1865 3725 3446 3794">
    <p class='ocr_par' dir='ltr' id='par_1_99' title="bbox 1865 3725 3446 3794">
     <span class='ocr_line' id='line_1_100' title="bbox 1865 3725 3446 3794; baseline 0.001 -13"><span class='ocrx_word' id='word_1_800' title='bbox 1865 3725 1938 3781; x_wconf 86' lang='lat' dir='ltr'><strong>sit</strong></span> <span class='ocrx_word' id='word_1_801' title='bbox 1959 3739 2130 3794; x_wconf 88' lang='lat' dir='ltr'><strong>supra</strong></span> <span class='ocrx_word' id='word_1_802' title='bbox 2168 3741 2251 3792; x_wconf 91' lang='lat' dir='ltr'><strong>se,</strong></span> <span class='ocrx_word' id='word_1_803' title='bbox 2283 3739 2392 3779; x_wconf 91' lang='lat' dir='ltr'><strong>non</strong></span> <span class='ocrx_word' id='word_1_804' title='bbox 2428 3733 2514 3780; x_wconf 89' lang='lat' dir='ltr'><strong>est</strong></span> <span class='ocrx_word' id='word_1_805' title='bbox 2538 3740 2604 3780; x_wconf 83' lang='lat' dir='ltr'><strong>ea</strong></span> <span class='ocrx_word' id='word_1_806' title='bbox 2639 3735 2838 3781; x_wconf 89' lang='lat' dir='ltr'><strong>natura</strong></span> <span class='ocrx_word' id='word_1_807' title='bbox 2865 3735 2924 3780; x_wconf 92' lang='lat' dir='ltr'><strong>ut</strong></span> <span class='ocrx_word' id='word_1_808' title='bbox 2946 3726 3130 3782; x_wconf 84' lang='lat' dir='ltr'><strong>videat</strong></span> <span class='ocrx_word' id='word_1_809' title='bbox 3167 3735 3328 3783; x_wconf 81' lang='lat' dir='ltr'><strong>extra</strong></span> <span class='ocrx_word' id='word_1_810' title='bbox 3359 3742 3446 3790; x_wconf 85' lang='lat' dir='ltr'><strong>se,</strong></span> 
     </span>
    </p>
   </div>
   <div class='ocr_carea' id='block_1_100' title="bbox 1864 3817 3451 3889">
    <p class='ocr_par' dir='ltr' id='par_1_100' title="bbox 1864 3817 3451 3889">
     <span class='ocr_line' id='line_1_101' title="bbox 1864 3817 3451 3889; baseline 0.002 -18"><span class='ocrx_word' id='word_1_811' title='bbox 1864 3825 1925 3872; x_wconf 91' lang='lat' dir='ltr'><strong>ut</strong></span> <span class='ocrx_word' id='word_1_812' title='bbox 1952 3817 2104 3871; x_wconf 87' lang='lat' dir='ltr'><strong>verbi</strong></span> <span class='ocrx_word' id='word_1_813' title='bbox 2141 3832 2328 3881; x_wconf 85' lang='lat' dir='ltr'><strong>causa,</strong></span> <span class='ocrx_word' id='word_1_814' title='bbox 2359 3817 2636 3874; x_wconf 82' lang='lat' dir='ltr'><strong>intervalli</strong></span> <span class='ocrx_word' id='word_1_815' title='bbox 2673 3828 2729 3872; x_wconf 89' lang='lat' dir='ltr'><strong>et</strong></span> <span class='ocrx_word' id='word_1_816' title='bbox 2777 3819 2944 3889; x_wconf 89' lang='lat' dir='ltr'><strong>spatii</strong></span> <span class='ocrx_word' id='word_1_817' title='bbox 2998 3819 3053 3873; x_wconf 87' lang='lat' dir='ltr'><strong>in</strong></span> <span class='ocrx_word' id='word_1_818' title='bbox 3092 3831 3275 3875; x_wconf 90' lang='lat' dir='ltr'><strong>mente</strong></span> <span class='ocrx_word' id='word_1_819' title='bbox 3314 3835 3451 3876; x_wconf 88' lang='lat' dir='ltr'><strong>con-</strong></span> 
     </span>
    </p>
   </div>
   <div class='ocr_carea' id='block_1_101' title="bbox 1864 3907 3450 3981">
    <p class='ocr_par' dir='ltr' id='par_1_101' title="bbox 1864 3907 3450 3981">
     <span class='ocr_line' id='line_1_102' title="bbox 1864 3907 3450 3981; baseline 0.002 -19"><span class='ocrx_word' id='word_1_820' title='bbox 1864 3908 2172 3978; x_wconf 86' lang='lat' dir='ltr'><strong>ceptionem</strong></span> <span class='ocrx_word' id='word_1_821' title='bbox 2207 3907 2264 3961; x_wconf 93' lang='lat' dir='ltr'><strong>in</strong></span> <span class='ocrx_word' id='word_1_822' title='bbox 2314 3923 2510 3963; x_wconf 89' lang='lat' dir='ltr'><strong>eorum</strong></span> <span class='ocrx_word' id='word_1_823' title='bbox 2542 3924 2666 3978; x_wconf 69' lang='lat' dir='ltr'><strong>quae</strong></span> <span class='ocrx_word' id='word_1_824' title='bbox 2715 3917 2848 3965; x_wconf 87' lang='lat' dir='ltr'><strong>sunt</strong></span> <span class='ocrx_word' id='word_1_825' title='bbox 2889 3910 3362 3981; x_wconf 89' lang='lat' dir='ltr'><strong>contemplatione</strong></span> <span class='ocrx_word' id='word_1_826' title='bbox 3393 3911 3450 3965; x_wconf 83' lang='lat' dir='ltr'><strong>vi</strong></span> 
     </span>
    </p>
   </div>
   <div class='ocr_carea' id='block_1_102' title="bbox 1864 3999 3451 4072">
    <p class='ocr_par' dir='ltr' id='par_1_102' title="bbox 1864 3999 3451 4072">
     <span class='ocr_line' id='line_1_103' title="bbox 1864 3999 3451 4072; baseline 0 -18"><span class='ocrx_word' id='word_1_827' title='bbox 1864 4009 2098 4054; x_wconf 89' lang='lat' dir='ltr'><strong>conatur</strong></span> <span class='ocrx_word' id='word_1_828' title='bbox 2124 3999 2458 4070; x_wconf 87' lang='lat' dir='ltr'><strong>transgredi,</strong></span> <span class='ocrx_word' id='word_1_829' title='bbox 2519 4000 2616 4054; x_wconf 89' lang='lat' dir='ltr'><strong>sed</strong></span> <span class='ocrx_word' id='word_1_830' title='bbox 2661 4017 2771 4054; x_wconf 91' lang='lat' dir='ltr'><strong>non</strong></span> <span class='ocrx_word' id='word_1_831' title='bbox 2826 4001 3255 4072; x_wconf 80' lang='lat' dir='ltr'><strong>transgreditur.</strong></span> <span class='ocrx_word' id='word_1_832' title='bbox 3310 4002 3451 4056; x_wconf 79' lang='lat' dir='ltr'><strong>Nam</strong></span> 
     </span>
    </p>
   </div>
   <div class='ocr_carea' id='block_1_103' title="bbox 1865 4091 3452 4163">
    <p class='ocr_par' dir='ltr' id='par_1_103' title="bbox 1865 4091 3452 4163">
     <span class='ocr_line' id='line_1_104' title="bbox 1865 4091 3452 4163; baseline 0.001 -18"><span class='ocrx_word' id='word_1_833' title='bbox 1865 4106 1990 4146; x_wconf 91' lang='lat' dir='ltr'><strong>cum</strong></span> <span class='ocrx_word' id='word_1_834' title='bbox 2019 4091 2169 4146; x_wconf 92' lang='lat' dir='ltr'><strong>omni</strong></span> <span class='ocrx_word' id='word_1_835' title='bbox 2190 4106 2311 4160; x_wconf 66' lang='lat' dir='ltr'><strong>qua:</strong></span> <span class='ocrx_word' id='word_1_836' title='bbox 2335 4091 2613 4145; x_wconf 86' lang='lat' dir='ltr'><strong>invenitur</strong></span> <span class='ocrx_word' id='word_1_837' title='bbox 2638 4093 2844 4147; x_wconf 89' lang='lat' dir='ltr'><strong>mentis</strong></span> <span class='ocrx_word' id='word_1_838' title='bbox 2880 4093 3262 4163; x_wconf 88' lang='lat' dir='ltr'><strong>conceptione,</strong></span> <span class='ocrx_word' id='word_1_839' title='bbox 3284 4094 3452 4147; x_wconf 80' lang='lat' dir='ltr'><strong>simul</strong></span> 
     </span>
    </p>
   </div>
   <div class='ocr_carea' id='block_1_104' title="bbox 1865 4183 3452 4256">
    <p class='ocr_par' dir='ltr' id='par_1_104' title="bbox 1865 4183 3452 4256">
     <span class='ocr_line' id='line_1_105' title="bbox 1865 4183 3452 4256; baseline 0 -18"><span class='ocrx_word' id='word_1_840' title='bbox 1865 4185 2090 4239; x_wconf 87' lang='lat' dir='ltr'><strong>omnino</strong></span> <span class='ocrx_word' id='word_1_841' title='bbox 2117 4184 2436 4240; x_wconf 88' lang='lat' dir='ltr'><strong>considerat</strong></span> <span class='ocrx_word' id='word_1_842' title='bbox 2459 4183 2843 4251; x_wconf 86' lang='lat' dir='ltr'><strong>intervallum,</strong></span> <span class='ocrx_word' id='word_1_843' title='bbox 2885 4186 3032 4256; x_wconf 90' lang='lat' dir='ltr'><strong>quod</strong></span> <span class='ocrx_word' id='word_1_844' title='bbox 3081 4187 3244 4240; x_wconf 90' lang='lat' dir='ltr'><strong>simul</strong></span> <span class='ocrx_word' id='word_1_845' title='bbox 3295 4199 3452 4240; x_wconf 86' lang='lat' dir='ltr'><strong>com-</strong></span> 
     </span>
    </p>
   </div>
   <div class='ocr_carea' id='block_1_105' title="bbox 1866 4275 3449 4348">
    <p class='ocr_par' dir='ltr' id='par_1_105' title="bbox 1866 4275 3449 4348">
     <span class='ocr_line' id='line_1_106' title="bbox 1866 4275 3449 4348; baseline 0.001 -19"><span class='ocrx_word' id='word_1_846' title='bbox 1866 4275 2227 4348; x_wconf 84' lang='lat' dir='ltr'><strong>prehenditur</strong></span> <span class='ocrx_word' id='word_1_847' title='bbox 2249 4292 2376 4329; x_wconf 89' lang='lat' dir='ltr'><strong>cum</strong></span> <span class='ocrx_word' id='word_1_848' title='bbox 2419 4277 2730 4331; x_wconf 88' lang='lat' dir='ltr'><strong>substantia</strong></span> <span class='ocrx_word' id='word_1_849' title='bbox 2761 4276 2886 4347; x_wconf 81' lang='lat' dir='ltr'><strong>eius</strong></span> <span class='ocrx_word' id='word_1_850' title='bbox 2920 4276 3068 4346; x_wconf 91' lang='lat' dir='ltr'><strong>quod</strong></span> <span class='ocrx_word' id='word_1_851' title='bbox 3103 4288 3288 4332; x_wconf 87' lang='lat' dir='ltr'><strong>mente</strong></span> <span class='ocrx_word' id='word_1_852' title='bbox 3307 4292 3449 4332; x_wconf 86' lang='lat' dir='ltr'><strong>con-</strong></span> 
     </span>
    </p>
   </div>
   <div class='ocr_carea' id='block_1_106' title="bbox 1865 4365 3446 4436">
    <p class='ocr_par' dir='ltr' id='par_1_106' title="bbox 1865 4365 3446 4436">
     <span class='ocr_line' id='line_1_107' title="bbox 1865 4365 3446 4436; baseline -0.002 -14"><span class='ocrx_word' id='word_1_853' title='bbox 1865 4367 2090 4436; x_wconf 88' lang='lat' dir='ltr'><strong>cipitur.</strong></span> <span class='ocrx_word' id='word_1_854' title='bbox 2139 4365 2489 4421; x_wconf 83' lang='lat' dir='ltr'><strong>Intervallum</strong></span> <span class='ocrx_word' id='word_1_855' title='bbox 2517 4374 2700 4421; x_wconf 91' lang='lat' dir='ltr'><strong>autem</strong></span> <span class='ocrx_word' id='word_1_856' title='bbox 2756 4368 2894 4421; x_wconf 88' lang='lat' dir='ltr'><strong>nihil</strong></span> <span class='ocrx_word' id='word_1_857' title='bbox 2945 4367 3096 4420; x_wconf 89' lang='lat' dir='ltr'><strong>aliud</strong></span> <span class='ocrx_word' id='word_1_858' title='bbox 3142 4375 3226 4422; x_wconf 90' lang='lat' dir='ltr'><strong>est</strong></span> <span class='ocrx_word' id='word_1_859' title='bbox 3279 4381 3446 4436; x_wconf 88' lang='lat' dir='ltr'><strong>quam</strong></span> 
     </span>
    </p>
   </div>
   <div class='ocr_carea' id='block_1_107' title="bbox 1866 4454 3446 4528">
    <p class='ocr_par' dir='ltr' id='par_1_107' title="bbox 1866 4454 3446 4528">
     <span class='ocr_line' id='line_1_108' title="bbox 1866 4454 3446 4528; baseline 0.002 -19"><span class='ocrx_word' id='word_1_860' title='bbox 1866 4465 2140 4512; x_wconf 79' lang='lat' dir='ltr'><strong>creatura.</strong></span> <span class='ocrx_word' id='word_1_861' title='bbox 2167 4454 2304 4510; x_wconf 91' lang='lat' dir='ltr'><strong>Illud</strong></span> <span class='ocrx_word' id='word_1_862' title='bbox 2329 4465 2514 4511; x_wconf 90' lang='lat' dir='ltr'><strong>autem</strong></span> <span class='ocrx_word' id='word_1_863' title='bbox 2548 4457 2754 4511; x_wconf 91' lang='lat' dir='ltr'><strong>bonum</strong></span> <span class='ocrx_word' id='word_1_864' title='bbox 2780 4457 2928 4527; x_wconf 91' lang='lat' dir='ltr'><strong>quod</strong></span> <span class='ocrx_word' id='word_1_865' title='bbox 2958 4457 3256 4512; x_wconf 86' lang='lat' dir='ltr'><strong>didicimus</strong></span> <span class='ocrx_word' id='word_1_866' title='bbox 3293 4473 3446 4528; x_wconf 71' lang='lat' dir='ltr'><strong>quae-</strong></span> 
     </span>
    </p>
   </div>
   <div class='ocr_carea' id='block_1_108' title="bbox 1865 4547 3449 4618">
    <p class='ocr_par' dir='ltr' id='par_1_108' title="bbox 1865 4547 3449 4618">
     <span class='ocr_line' id='line_1_109' title="bbox 1865 4547 3449 4618; baseline 0.001 -17"><span class='ocrx_word' id='word_1_867' title='bbox 1865 4562 1985 4602; x_wconf 87' lang='lat' dir='ltr'><strong>rere</strong></span> <span class='ocrx_word' id='word_1_868' title='bbox 2023 4554 2076 4602; x_wconf 90' lang='lat' dir='ltr'><strong>et</strong></span> <span class='ocrx_word' id='word_1_869' title='bbox 2115 4547 2415 4612; x_wconf 89' lang='lat' dir='ltr'><strong>custodire,</strong></span> <span class='ocrx_word' id='word_1_870' title='bbox 2469 4563 2594 4602; x_wconf 92' lang='lat' dir='ltr'><strong>cum</strong></span> <span class='ocrx_word' id='word_1_871' title='bbox 2653 4549 2726 4604; x_wconf 89' lang='lat' dir='ltr'><strong>sit</strong></span> <span class='ocrx_word' id='word_1_872' title='bbox 2773 4563 2942 4618; x_wconf 87' lang='lat' dir='ltr'><strong>supra</strong></span> <span class='ocrx_word' id='word_1_873' title='bbox 2989 4557 3318 4614; x_wconf 89' lang='lat' dir='ltr'><strong>creaturam,</strong></span> <span class='ocrx_word' id='word_1_874' title='bbox 3363 4557 3449 4602; x_wconf 87' lang='lat' dir='ltr'><strong>est</strong></span> 
     </span>
    </p>
   </div>
   <div class='ocr_carea' id='block_1_109' title="bbox 1865 4636 3443 4708">
    <p class='ocr_par' dir='ltr' id='par_1_109' title="bbox 1865 4636 3443 4708">
     <span class='ocr_line' id='line_1_110' title="bbox 1865 4636 3443 4708; baseline -0.003 -15"><span class='ocrx_word' id='word_1_875' title='bbox 1865 4652 2031 4708; x_wconf 84' lang='lat' dir='ltr'><strong>supra</strong></span> <span class='ocrx_word' id='word_1_876' title='bbox 2107 4637 2676 4707; x_wconf 88' lang='lat' dir='ltr'><strong>comprehensionem.</strong></span> <span class='ocrx_word' id='word_1_877' title='bbox 2753 4636 2954 4694; x_wconf 84' lang='lat' dir='ltr'><strong>Nostra</strong></span> <span class='ocrx_word' id='word_1_878' title='bbox 3013 4638 3160 4692; x_wconf 90' lang='lat' dir='ltr'><strong>enim</strong></span> <span class='ocrx_word' id='word_1_879' title='bbox 3231 4637 3443 4707; x_wconf 87' lang='lat' dir='ltr'><strong>cogita-</strong></span> 
     </span>
    </p>
   </div>
   <div class='ocr_carea' id='block_1_110' title="bbox 1867 4727 3450 4800">
    <p class='ocr_par' dir='ltr' id='par_1_110' title="bbox 1867 4727 3450 4800">
     <span class='ocr_line' id='line_1_111' title="bbox 1867 4727 3450 4800; baseline -0.003 -15"><span class='ocrx_word' id='word_1_880' title='bbox 1867 4732 1963 4795; x_wconf 89' lang='lat' dir='ltr'><strong>tio,</strong></span> <span class='ocrx_word' id='word_1_881' title='bbox 2007 4745 2130 4800; x_wconf 71' lang='lat' dir='ltr'><strong>quaa</strong></span> <span class='ocrx_word' id='word_1_882' title='bbox 2179 4729 2484 4784; x_wconf 86' lang='lat' dir='ltr'><strong>intervallis</strong></span> <span class='ocrx_word' id='word_1_883' title='bbox 2522 4729 2858 4798; x_wconf 87' lang='lat' dir='ltr'><strong>disjunctam</strong></span> <span class='ocrx_word' id='word_1_884' title='bbox 2912 4727 3218 4798; x_wconf 88' lang='lat' dir='ltr'><strong>ingreditur</strong></span> <span class='ocrx_word' id='word_1_885' title='bbox 3255 4735 3450 4782; x_wconf 82' lang='lat' dir='ltr'><strong>exten-</strong></span> 
     </span>
    </p>
   </div>
   <div class='ocr_carea' id='block_1_111' title="bbox 1865 4813 3455 4888">
    <p class='ocr_par' dir='ltr' id='par_1_111' title="bbox 1865 4813 3455 4888">
     <span class='ocr_line' id='line_1_112' title="bbox 1865 4813 3455 4888; baseline -0.002 -15"><span class='ocrx_word' id='word_1_886' title='bbox 1865 4819 2101 4882; x_wconf 87' lang='lat' dir='ltr'><strong>siooem,</strong></span> <span class='ocrx_word' id='word_1_887' title='bbox 2141 4817 2420 4888; x_wconf 91' lang='lat' dir='ltr'><strong>quomodo</strong></span> <span class='ocrx_word' id='word_1_888' title='bbox 2456 4833 2554 4888; x_wconf 91' lang='lat' dir='ltr'><strong>per</strong></span> <span class='ocrx_word' id='word_1_889' title='bbox 2588 4825 2806 4888; x_wconf 90' lang='lat' dir='ltr'><strong>tempus</strong></span> <span class='ocrx_word' id='word_1_890' title='bbox 2829 4815 3259 4886; x_wconf 86' lang='lat' dir='ltr'><strong>comprehendet</strong></span> <span class='ocrx_word' id='word_1_891' title='bbox 3287 4813 3455 4870; x_wconf 80' lang='lat' dir='ltr'><strong>natu-</strong></span> 
     </span>
    </p>
   </div>
   <div class='ocr_carea' id='block_1_112' title="bbox 1867 4908 3448 4980">
    <p class='ocr_par' dir='ltr' id='par_1_112' title="bbox 1867 4908 3448 4980">
     <span class='ocr_line' id='line_1_113' title="bbox 1867 4908 3448 4980; baseline -0.001 -17"><span class='ocrx_word' id='word_1_892' title='bbox 1867 4923 2184 4980; x_wconf 91' lang='lat' dir='ltr'><strong>ram,quam</strong></span> <span class='ocrx_word' id='word_1_893' title='bbox 2222 4909 2374 4963; x_wconf 87' lang='lat' dir='ltr'><strong>nulla</strong></span> <span class='ocrx_word' id='word_1_894' title='bbox 2398 4908 2764 4963; x_wconf 89' lang='lat' dir='ltr'><strong>dimetiuntur</strong></span> <span class='ocrx_word' id='word_1_895' title='bbox 2804 4908 3114 4972; x_wconf 87' lang='lat' dir='ltr'><strong>intervalla,</strong></span> <span class='ocrx_word' id='word_1_896' title='bbox 3154 4924 3278 4977; x_wconf 67' lang='lat' dir='ltr'><strong>quae</strong></span> <span class='ocrx_word' id='word_1_897' title='bbox 3318 4909 3448 4978; x_wconf 88' lang='lat' dir='ltr'><strong>qui-</strong></span> 
     </span>
    </p>
   </div>
   <div class='ocr_carea' id='block_1_113' title="bbox 1863 4998 3446 5072">
    <p class='ocr_par' dir='ltr' id='par_1_113' title="bbox 1863 4998 3446 5072">
     <span class='ocr_line' id='line_1_114' title="bbox 1863 4998 3446 5072; baseline -0.004 -14"><span class='ocrx_word' id='word_1_898' title='bbox 1863 5005 1987 5058; x_wconf 90' lang='lat' dir='ltr'><strong>dem</strong></span> <span class='ocrx_word' id='word_1_899' title='bbox 2031 5001 2292 5072; x_wconf 89' lang='lat' dir='ltr'><strong>cogitatio</strong></span> <span class='ocrx_word' id='word_1_900' title='bbox 2334 5015 2552 5070; x_wconf 86' lang='lat' dir='ltr'><strong>semper</strong></span> <span class='ocrx_word' id='word_1_901' title='bbox 2607 5007 2890 5055; x_wconf 87' lang='lat' dir='ltr'><strong>scrutatur</strong></span> <span class='ocrx_word' id='word_1_902' title='bbox 2925 5014 3022 5068; x_wconf 90' lang='lat' dir='ltr'><strong>per</strong></span> <span class='ocrx_word' id='word_1_903' title='bbox 3053 4998 3446 5052; x_wconf 90' lang='lat' dir='ltr'><strong>resolutionem</strong></span> 
     </span>
    </p>
   </div>
   <div class='ocr_carea' id='block_1_114' title="bbox 1865 5091 3449 5163">
    <p class='ocr_par' dir='ltr' id='par_1_114' title="bbox 1865 5091 3449 5163">
     <span class='ocr_line' id='line_1_115' title="bbox 1865 5091 3449 5163; baseline -0.003 -16"><span class='ocrx_word' id='word_1_904' title='bbox 1865 5093 2176 5163; x_wconf 90' lang='lat' dir='ltr'><strong>antiquiora</strong></span> <span class='ocrx_word' id='word_1_905' title='bbox 2236 5093 2306 5148; x_wconf 87' lang='lat' dir='ltr'><strong>iis</strong></span> <span class='ocrx_word' id='word_1_906' title='bbox 2356 5107 2478 5161; x_wconf 70' lang='lat' dir='ltr'><strong>qua:</strong></span> <span class='ocrx_word' id='word_1_907' title='bbox 2522 5091 2920 5147; x_wconf 81' lang='lat' dir='ltr'><strong>inveniuntur?</strong></span> <span class='ocrx_word' id='word_1_908' title='bbox 2983 5091 3048 5145; x_wconf 88' lang='lat' dir='ltr'><strong>Et</strong></span> <span class='ocrx_word' id='word_1_909' title='bbox 3095 5093 3278 5146; x_wconf 89' lang='lat' dir='ltr'><strong>omnia</strong></span> <span class='ocrx_word' id='word_1_910' title='bbox 3323 5092 3449 5160; x_wconf 88' lang='lat' dir='ltr'><strong>qui-</strong></span> 
     </span>
    </p>
   </div>
   <div class='ocr_carea' id='block_1_115' title="bbox 1864 5182 3452 5254">
    <p class='ocr_par' dir='ltr' id='par_1_115' title="bbox 1864 5182 3452 5254">
     <span class='ocr_line' id='line_1_116' title="bbox 1864 5182 3452 5254; baseline -0.003 -16"><span class='ocrx_word' id='word_1_911' title='bbox 1864 5184 1988 5240; x_wconf 90' lang='lat' dir='ltr'><strong>dem</strong></span> <span class='ocrx_word' id='word_1_912' title='bbox 2048 5199 2170 5252; x_wconf 65' lang='lat' dir='ltr'><strong>quae</strong></span> <span class='ocrx_word' id='word_1_913' title='bbox 2207 5189 2621 5254; x_wconf 88' lang='lat' dir='ltr'><strong>cognoscuntur</strong></span> <span class='ocrx_word' id='word_1_914' title='bbox 2677 5182 3056 5251; x_wconf 75' lang='lat' dir='ltr'><strong>praztercurrit</strong></span> <span class='ocrx_word' id='word_1_915' title='bbox 3109 5198 3208 5253; x_wconf 91' lang='lat' dir='ltr'><strong>per</strong></span> <span class='ocrx_word' id='word_1_916' title='bbox 3257 5183 3452 5238; x_wconf 79' lang='lat' dir='ltr'><strong>curio-</strong></span> 
     </span>
    </p>
   </div>
   <div class='ocr_carea' id='block_1_116' title="bbox 1864 5273 3446 5343">
    <p class='ocr_par' dir='ltr' id='par_1_116' title="bbox 1864 5273 3446 5343">
     <span class='ocr_line' id='line_1_117' title="bbox 1864 5273 3446 5343; baseline -0.002 -13"><span class='ocrx_word' id='word_1_917' title='bbox 1864 5275 2104 5336; x_wconf 86' lang='lat' dir='ltr'><strong>sitatem,</strong></span> <span class='ocrx_word' id='word_1_918' title='bbox 2139 5274 2347 5327; x_wconf 91' lang='lat' dir='ltr'><strong>nullam</strong></span> <span class='ocrx_word' id='word_1_919' title='bbox 2377 5279 2560 5327; x_wconf 89' lang='lat' dir='ltr'><strong>autem</strong></span> <span class='ocrx_word' id='word_1_920' title='bbox 2599 5273 2870 5326; x_wconf 90' lang='lat' dir='ltr'><strong>rationem</strong></span> <span class='ocrx_word' id='word_1_921' title='bbox 2903 5273 3136 5337; x_wconf 87' lang='lat' dir='ltr'><strong>invenit,</strong></span> <span class='ocrx_word' id='word_1_922' title='bbox 3186 5289 3292 5343; x_wconf 84' lang='lat' dir='ltr'><strong>qua</strong></span> <span class='ocrx_word' id='word_1_923' title='bbox 3318 5287 3446 5342; x_wconf 90' lang='lat' dir='ltr'><strong>pos-</strong></span> 
     </span>
    </p>
   </div>
   <div class='ocr_carea' id='block_1_117' title="bbox 1864 5364 3450 5435">
    <p class='ocr_par' dir='ltr' id='par_1_117' title="bbox 1864 5364 3450 5435">
     <span class='ocr_line' id='line_1_118' title="bbox 1864 5364 3450 5435; baseline 0 -15"><span class='ocrx_word' id='word_1_924' title='bbox 1864 5367 1936 5421; x_wconf 89' lang='lat' dir='ltr'><strong>sit</strong></span> <span class='ocrx_word' id='word_1_925' title='bbox 1963 5375 2388 5435; x_wconf 75' lang='lat' dir='ltr'><strong>praetercurrere</strong></span> <span class='ocrx_word' id='word_1_926' title='bbox 2436 5364 2762 5420; x_wconf 70' lang='lat' dir='ltr'><strong>aeternitatis</strong></span> <span class='ocrx_word' id='word_1_927' title='bbox 2795 5365 3242 5435; x_wconf 88' lang='lat' dir='ltr'><strong>conceptionem,</strong></span> <span class='ocrx_word' id='word_1_928' title='bbox 3290 5373 3351 5420; x_wconf 89' lang='lat' dir='ltr'><strong>ut</strong></span> <span class='ocrx_word' id='word_1_929' title='bbox 3383 5380 3450 5422; x_wconf 83' lang='lat' dir='ltr'><strong>se</strong></span> 
     </span>
    </p>
   </div>
   <div class='ocr_carea' id='block_1_118' title="bbox 1862 5456 3453 5528">
    <p class='ocr_par' dir='ltr' id='par_1_118' title="bbox 1862 5456 3453 5528">
     <span class='ocr_line' id='line_1_119' title="bbox 1862 5456 3453 5528; baseline -0.001 -14"><span class='ocrx_word' id='word_1_930' title='bbox 1862 5469 2018 5514; x_wconf 82' lang='lat' dir='ltr'><strong>extra</strong></span> <span class='ocrx_word' id='word_1_931' title='bbox 2057 5473 2176 5513; x_wconf 89' lang='lat' dir='ltr'><strong>eam</strong></span> <span class='ocrx_word' id='word_1_932' title='bbox 2242 5459 2425 5523; x_wconf 87' lang='lat' dir='ltr'><strong>sistat,</strong></span> <span class='ocrx_word' id='word_1_933' title='bbox 2453 5465 2508 5514; x_wconf 90' lang='lat' dir='ltr'><strong>et</strong></span> <span class='ocrx_word' id='word_1_934' title='bbox 2559 5465 2785 5528; x_wconf 90' lang='lat' dir='ltr'><strong>superet</strong></span> <span class='ocrx_word' id='word_1_935' title='bbox 2824 5456 2880 5511; x_wconf 89' lang='lat' dir='ltr'><strong>id</strong></span> <span class='ocrx_word' id='word_1_936' title='bbox 2920 5458 3068 5527; x_wconf 90' lang='lat' dir='ltr'><strong>quod</strong></span> <span class='ocrx_word' id='word_1_937' title='bbox 3099 5472 3168 5513; x_wconf 79' lang='lat' dir='ltr'><strong>ex</strong></span> <span class='ocrx_word' id='word_1_938' title='bbox 3211 5458 3283 5512; x_wconf 88' lang='lat' dir='ltr'><strong>iis</strong></span> <span class='ocrx_word' id='word_1_939' title='bbox 3323 5472 3453 5527; x_wconf 67' lang='lat' dir='ltr'><strong>quae</strong></span> 
     </span>
    </p>
   </div>
   <div class='ocr_carea' id='block_1_119' title="bbox 1864 5549 3441 5623">
    <p class='ocr_par' dir='ltr' id='par_1_119' title="bbox 1864 5549 3441 5623">
     <span class='ocr_line' id='line_1_120' title="bbox 1864 5549 3441 5623; baseline -0.006 -12"><span class='ocrx_word' id='word_1_940' title='bbox 1864 5567 1993 5611; x_wconf 87' lang='lat' dir='ltr'><strong>sunt</strong></span> <span class='ocrx_word' id='word_1_941' title='bbox 2043 5555 2196 5623; x_wconf 88' lang='lat' dir='ltr'><strong>prius</strong></span> <span class='ocrx_word' id='word_1_942' title='bbox 2248 5552 2657 5616; x_wconf 89' lang='lat' dir='ltr'><strong>consideratur,</strong></span> <span class='ocrx_word' id='word_1_943' title='bbox 2703 5559 2759 5606; x_wconf 91' lang='lat' dir='ltr'><strong>et</strong></span> <span class='ocrx_word' id='word_1_944' title='bbox 2806 5549 2982 5620; x_wconf 85' lang='lat' dir='ltr'><strong>ipsam</strong></span> <span class='ocrx_word' id='word_1_945' title='bbox 3027 5550 3441 5605; x_wconf 68' lang='lat' dir='ltr'><strong>aeternitatem:</strong></span> 
     </span>
    </p>
   </div>
   <div class='ocr_carea' id='block_1_120' title="bbox 1864 5639 3448 5713">
    <p class='ocr_par' dir='ltr' id='par_1_120' title="bbox 1864 5639 3448 5713">
     <span class='ocr_line' id='line_1_121' title="bbox 1864 5639 3448 5713; baseline -0.006 -12"><span class='ocrx_word' id='word_1_946' title='bbox 1864 5647 1958 5701; x_wconf 85' lang='lat' dir='ltr'><strong>sed</strong></span> <span class='ocrx_word' id='word_1_947' title='bbox 1987 5651 2129 5702; x_wconf 88' lang='lat' dir='ltr'><strong>sicut</strong></span> <span class='ocrx_word' id='word_1_948' title='bbox 2158 5647 2412 5700; x_wconf 88' lang='lat' dir='ltr'><strong>inventus</strong></span> <span class='ocrx_word' id='word_1_949' title='bbox 2437 5646 2492 5698; x_wconf 93' lang='lat' dir='ltr'><strong>in</strong></span> <span class='ocrx_word' id='word_1_950' title='bbox 2532 5644 2720 5713; x_wconf 88' lang='lat' dir='ltr'><strong>aliquo</strong></span> <span class='ocrx_word' id='word_1_951' title='bbox 2755 5643 3165 5713; x_wconf 89' lang='lat' dir='ltr'><strong>promontorio.</strong></span> <span class='ocrx_word' id='word_1_952' title='bbox 3193 5639 3448 5696; x_wconf 82' lang='lat' dir='ltr'><strong>Ponatur</strong></span> 
     </span>
    </p>
   </div>
   <div class='ocr_carea' id='block_1_121' title="bbox 1864 5730 3432 5809">
    <p class='ocr_par' dir='ltr' id='par_1_121' title="bbox 1864 5730 3432 5809">
     <span class='ocr_line' id='line_1_122' title="bbox 1864 5730 3432 5809; baseline -0.006 -16"><span class='ocrx_word' id='word_1_953' title='bbox 1864 5749 2043 5796; x_wconf 83' lang='lat' dir='ltr'><strong>autem</strong></span> <span class='ocrx_word' id='word_1_954' title='bbox 2086 5752 2251 5809; x_wconf 84' lang='lat' dir='ltr'><strong>rupes</strong></span> <span class='ocrx_word' id='word_1_955' title='bbox 2287 5737 2472 5807; x_wconf 85' lang='lat' dir='ltr'><strong>aliqua</strong></span> <span class='ocrx_word' id='word_1_956' title='bbox 2506 5736 2658 5792; x_wconf 76' lang='lat' dir='ltr'><strong>laevis</strong></span> <span class='ocrx_word' id='word_1_957' title='bbox 2689 5742 2745 5791; x_wconf 82' lang='lat' dir='ltr'><strong>et</strong></span> <span class='ocrx_word' id='word_1_958' title='bbox 2788 5742 3086 5806; x_wconf 61' lang='lat' dir='ltr'><strong>praerupta,</strong></span> <span class='ocrx_word' id='word_1_959' title='bbox 3120 5730 3334 5789; x_wconf 73' lang='lat' dir='ltr'><strong>inferne</strong></span> <span class='ocrx_word' id='word_1_960' title='bbox 3385 5732 3432 5786; x_wconf 79' lang='lat' dir='ltr'><strong>ir</strong></span> 
     </span>
    </p>
   </div>
  </div>
