3846 6220
430 276 528 334 751

1711 291 1774 346 S.
1813 291 1854 346 (ἰ
1866 291 2144 347 REGORII
2168 292 2209 346 Ν
2221 292 2463 348 YSSENI

3604 301 3713 356 73‘!

429 398 594 455 rubra
627 398 797 472 ﬁgura
822 400 879 456 in
911 399 1183 460 infinitam
1213 413 1442 462 extensa
1492 407 1916 480 longitudinem,
1953 421 2008 466 et

2116 414 2204 482 γιᾷ
2235 429 2290 465 τε
2333 413 2424 466 καὶ
2466 413 2758 484 ἁμηχανεῖ,
2801 412 2897 467 καὶ
2935 413 3095 468 πάλιν
3146 414 3281 486 πρὸς
3327 415 3386 469 τὸ
3438 421 3708 485 συγγενὲς

429 507 670 562 superne
715 492 924 548 habens
966 495 1022 548 in
1053 496 1343 554 altitudine
1380 500 1514 554 illttd
1550 503 2010 571 promontorium,

429 582 576 650 quod
621 583 675 636 in
719 584 962 653 projecto
1016 589 1313 656 supercilio
1351 591 1405 644 in
1434 601 1646 646 vastam
1681 593 1830 647 cadit
1881 610 2012 664 pro-

428 674 780 729 funditatem.
829 677 987 744 Quod
1025 695 1156 750 ergo
1188 695 1622 739 consentaneum
1670 695 1755 740 est
1793 687 2014 742 evenire

428 769 478 822 ei
501 768 592 836 qui
613 783 830 824 summo
858 771 995 840 pede
1027 775 1202 843 tangit
1228 776 1376 828 illam
1401 777 1570 830 veluti
1595 778 1745 832 dorsi
1769 778 2009 848 spinam,

431 874 558 926 qua:
581 859 819 913 declinat
850 861 904 914 in
929 863 1282 930 profundum,
1309 874 1362 921 et
1386 881 1562 936 neque
1592 867 1799 922 invenit
1821 869 1877 922 in
1903 883 2012 938 quo

431 949 558 1019 ﬁgat
590 951 743 1020 pedis
775 968 1052 1023 gressum,
1101 972 1281 1027 neque
1314 959 1460 1028 quod
1497 974 1660 1013 manu
1704 961 2012 1030 apprehen-

429 1039 558 1094 dat:
594 1042 700 1096 hoc
729 1044 986 1098 usuvenit
1009 1045 1226 1108 animae,
1259 1062 1380 1116 qua:
1408 1047 1628 1102 transiit
1658 1046 1710 1100 id
1744 1063 1838 1116 per
1863 1047 2008 1116 quod

430 1131 611 1188 incedi
640 1143 819 1204 potest
849 1135 904 1190 in
932 1136 1002 1192 iis
1021 1153 1144 1208 qua:
1166 1138 1561 1210 disjunguntur
1596 1139 2010 1194 intervallorum

429 1224 652 1295 spatiis,
685 1225 742 1280 in
762 1227 1056 1297 quaerendo
1088 1236 1338 1284 naturam
1363 1244 1484 1300 qua:
1511 1240 1598 1285 est
1628 1237 1754 1284 ante
1784 1231 2008 1294 saecula,

428 1329 484 1373 et
520 1334 684 1388 quam
732 1321 884 1374 nulla
935 1323 1238 1377 metiuntur
1292 1321 1601 1386 intervalla,
1647 1332 1702 1376 ut
1739 1337 1860 1392 qua:
1884 1336 2011 1376 cum

430 1411 571 1466 nihil
605 1411 805 1467 habeat
853 1413 1001 1484 quod
1029 1415 1426 1484 apprehendat,
1475 1430 1587 1469 non
1639 1414 1844 1477 locum,
1899 1428 2010 1468 non

434 1513 672 1573 tempus,
693 1521 802 1560 non
825 1521 1162 1571 mensuram,
1182 1522 1291 1562 non
1313 1507 1520 1577 aliquid
1545 1505 1693 1560 aliud
1715 1504 2009 1575 ejusmodi,

433 1603 640 1650 nostra!
689 1597 1043 1666 cogitationis
1078 1615 1188 1654 non
1244 1599 1476 1668 suscipit
1519 1598 1855 1668 ingressum:
1913 1596 2010 1652 sed

433 1688 678 1758 undique
709 1689 959 1746 dilabens
988 1692 1058 1746 ab
1103 1693 1168 1747 iis
1195 1707 1316 1762 quae
1342 1707 1451 1746 non
1499 1699 1730 1761 possunt
1759 1705 2010 1759 compre-

2113 504 2519 575 ἐπιστρέφεται,
2554 491 3110 572 ἀγαπῶσα-τοσοῦτον
3144 510 3304 575 μόνον
3329 507 3540 574 γνῶναι
3577 511 3706 578 περὶ

2111 598 2206 651 τοῦ
2233 599 2648 670 ὑπερκειμένου,
2674 602 2798 654 ὅσον
2828 601 3136 670 πεισθῆναι,
3171 603 3253 655 ὅτι
3299 604 3427 656 ἄλλο
3467 622 3520 656 τι
3552 609 3704 676 παρά

2111 689 2209 761 τὴν
2241 691 2348 746 τῶν
2378 692 2797 762 γινωσκομένων
2839 693 3000 762 φύσιν
3046 695 3185 747 ἐστί.
3231 694 3329 747 Διὰ
3377 695 3542 748 τοῦτο
3576 699 3704 751 ὃταν

2112 782 2241 855 ἔλθῃ
2268 785 2346 846 είς
2374 784 2442 837 τὰ
2475 784 2616 855 ὑπὲρ
2647 784 2802 852 λόγον
2829 785 2858 837 ὁ
2897 786 3072 854 λόγος,
3107 787 3314 854 γίνεται
3357 789 3476 841 τότε
3509 791 3708 859 καιρὸς

2110 873 2204 926 τοῦ
2241 876 2416 945 σιγᾷν,
2447 877 2540 928 καὶ
2586 875 2685 945 τῆς
2728 876 3008 946 ἁφράστου
3051 877 3261 948 ἐκείνης
3295 879 3583 948 δυνάμεως
3614 881 3710 932 tiv-

2112 968 2444 1036 ερμήνευτον
2470 970 2525 1020 ἐν
2551 966 2628 1038 τῷ
2657 969 2952 1040 ἀπορρήτῳ
2983 970 3082 1040 τῆς
3114 971 3464 1042 συνειδήσεως
3498 973 3620 1041 ἔχει
3644 973 3711 1023 τὸ

2113 1056 2314 1126 θαῦμα,
2341 1057 2519 1111 εἰδότα
2549 1059 2630 1112 ὅτι
2664 1060 2758 1112 καὶ
2789 1060 2837 1113 οί
2873 1061 3095 1130 μεγάλοι
3126 1063 3195 1116 τὰ
3246 1063 3384 1134 ἔργα
3430 1064 3528 1116 τοῦ
3565 1064 3711 1116 Θεοῦ

2111 1150 2205 1202 καὶ
2228 1149 2287 1202 ού
2316 1149 2405 1204 τὸν
2434 1150 2566 1204 Θεὸν
2595 1151 2836 1216 ἐλάλουν,
2866 1152 3139 1220 λέγοντες·
3182 1175 3200 1205 ι
3224 1155 3323 1218 Τίς
3345 1155 3574 1224 λαλήσει
3602 1157 3710 1219 τὰς

2109 1239 2426 1304 δυναστείας
2442 1241 2534 1294 τοῦ
2555 1243 2757 1314 Κυρίου
2779 1259 2794 1308 ;
2828 1262 2848 1294 ι
2883 1245 2995 1308 καὶ,
3027 1263 3046 1296 ι
3065 1247 3399 1317 Διηγήσομαι
3424 1249 3610 1300 πάντα
3637 1251 3714 1298 τὰ

2111 1329 2248 1400 ἔργα
2278 1348 2371 1384 σου
2387 1348 2403 1364 ο
2424 1351 2443 1383 ι
2464 1334 2580 1397 καὶ,
2603 1353 2620 1385 ι
2641 1335 2806 1388 Γενεὰ
2834 1336 3109 1390 ἐπαινέσει
3133 1337 3203 1390 τά
3224 1339 3357 1409 ἔργα
3380 1355 3494 1391 σου.
3511 1358 3530 1388 ι
3559 1340 3712 1391 Aiaci

2110 1420 2325 1476 λαλοῦσι
2360 1424 2455 1477 καὶ
2496 1425 2627 1493 περὶ
2661 1425 2864 1478 τούτων
2902 1427 3284 1499 διεξέρχονται,
3317 1431 3410 1483 καὶ
3446 1429 3550 1501 τὴν
3593 1431 3710 1486 τῶν

2110 1513 2410 1581 γεγονότων
2488 1514 2834 1585 ἐξαγόρευσιν
2903 1519 2968 1587 τῇ
3038 1521 3188 1589 φωνῇ
3261 1520 3654 1589 ἐπιτρέπουσιν
3687 1540 3706 1553 ο

2110 1604 2236 1657 ὃταν
2265 1603 2322 1657 δὲ
2357 1605 2483 1675 περὶ
2527 1606 2690 1659 αὐτοῦ
2731 1605 2825 1660 τοῦ
2865 1607 3236 1678 ύπερεστῶτος
3265 1611 3446 1681 πάσης
3484 1613 3709 1676 ἐννοίας

2110 1696 2140 1748 ό
2172 1694 2348 1764 λόγος,
2397 1696 2609 1766 σιωπὴν
2655 1697 2930 1770 ἄντικρυς,
2973 1699 3039 1752 δι’
3071 1693 3148 1752 ὧν
3189 1699 3426 1769 λέγουσι,
3473 1704 3710 1773 νομοθε-

433 1779 622 1843 bendi,
655 1782 859 1853 caligat
885 1791 941 1838 et
972 1791 1058 1839 est
1090 1759 1352 1854 perplexa
1386 1791 1440 1839 et
1462 1759 1801 1852 perturbata,
1857 1791 1912 1836 et
1955 1797 2014 1836 se

2116 1759 2286 1840 τοῦσι.
2319 1786 2550 1855 Λέγουσι
2565 1759 2682 1860 ’γὰρ
2711 1791 2792 1843 ὅτι
2970 1759 3458 1864 μεγαλοπρεπείας,
3484 1759 3590 1864 της
3619 1796 3710 1848 δύο

432 1885 631 1929 rursus
655 1876 928 1931 convertit
963 1876 1029 1930 ad
1077 1876 1131 1931 id
1162 1877 1308 1948 quod
1339 1887 1426 1932 est
1457 1876 1510 1932 ei
1549 1891 1749 1947 genere
1781 1874 2014 1943 conjun-

431 1970 605 2028 ctum,
641 1964 780 2018 satis
809 1964 1018 2019 habens
1048 1964 1095 2020 si
1133 1965 1202 2020 de
1237 1981 1305 2020 eo
1335 1965 1482 2035 quod
1513 1972 1597 2020 est
1630 1979 1796 2034 super
1828 1965 2014 2020 omnia

429 2051 538 2108 hoc
575 2055 752 2109 solum
790 2066 1110 2126 cognoscat,
1145 2058 1290 2127 quod
1328 2073 1653 2128 persuasum
1698 2059 1916 2124 habeat,
1959 2059 2011 2114 id

429 2145 769 2216 essealiquid
785 2147 985 2204 aliuda
1008 2159 1204 2204 natura
1227 2165 1418 2205 eorum
1441 2166 1563 2222 qua:
1583 2163 2011 2221 cognoscuntur.

428 2233 728 2306 Propterea
751 2237 974 2308 quando
1006 2241 1216 2295 venerit
1242 2242 1384 2296 ratio
1407 2249 1463 2296 et
1494 2243 1671 2297 oratio
1698 2242 1766 2296 ad
1798 2259 1860 2298 ea
1892 2258 2014 2312 quae

429 2327 704 2383 rationein
746 2339 1032 2400 superant,
1085 2348 1186 2387 nec
1216 2334 1400 2388 verbis
1451 2342 1683 2403 possunt
1729 2335 2014 2405 explicari,

429 2425 568 2474 tunc
591 2430 676 2475 est
707 2429 924 2492 tempus
950 2425 1184 2490 tacendi,
1211 2433 1266 2477 et
1297 2423 1586 2481 ineﬂ‘abilis
1629 2426 1776 2481 illius
1807 2435 2018 2481 natum

431 2511 897 2582 inexplicabilitas
949 2515 1116 2568 habet
1169 2515 1497 2570 miraculum
1546 2517 1599 2570 in
1632 2531 1835 2570 arcano
1882 2533 2017 2571 con-

431 2603 699 2666 scientiae,
735 2604 879 2673 apud
911 2620 1036 2660 eum
1071 2605 1162 2676 qui
1199 2605 1324 2670 scit,
1356 2605 1502 2676 quod
1524 2607 1688 2661 etiam
1713 2606 1816 2660 viri
1837 2608 2017 2679 magni

431 2693 501 2748 de
518 2691 612 2748 Dei
631 2696 911 2764 operibus,
926 2704 981 2752 et
1001 2711 1111 2751 non
1124 2696 1191 2752 de
1208 2697 1315 2752 Dco
1335 2697 1719 2768 loquebantur,
1737 2697 2014 2753 dicentes:

437 2782 606 2850 «Quis
639 2785 894 2854 loquetur
926 2786 1202 2855 potentias
1239 2785 1550 2842 Domini"?
1573 2803 1592 2837 ι
1621 2796 1695 2851 ct,
1724 2806 1741 2838 ι
1771 2787 2019 2844 Narrabo

431 2875 618 2929 omnia
641 2892 805 2945 opera
843 2886 936 2930 tua
951 2877 994 2908 ³⁷
1024 2896 1037 2932 :
1072 2895 1091 2929 ι
1111 2885 1187 2940 et,
1224 2897 1242 2929 t
1269 2876 1558 2932 Generatio
1579 2877 1820 2932 laudabit
1852 2893 2018 2948 opera

432 2979 525 3024 tua
540 2968 603 3022 ³⁸.
619 2967 774 3024 »Ηιεο
791 2969 982 3024 dicunt
1010 2976 1065 3025 et
1086 2968 1234 3025 deiis
1251 2969 1554 3033 disserunt,
1572 2977 1627 3024 et
1651 2971 1770 3023 voci
1804 2971 2019 3040 permit-

2116 1871 2232 1941 ξης,
2262 1871 2363 1942 τῆς
2397 1872 2709 1944 ἁγιωσύνης
2741 1873 2928 1941 αὐτοῦ,
2973 1876 3072 1928 οὐκ
3113 1876 3225 1929 ἐστι
3266 1877 3459 1948 πέρας.
3493 1879 3561 1930 Ὢ
3608 1879 3706 1932 τοῦ

2114 1962 2417 2034 θαύματοςί
2451 1965 2568 2027 πῶς
2593 1965 2833 2036 ἐφοϐήθη
2865 1969 2932 2038 τῇ
2955 1965 3048 2020 τοῦ
3076 1967 3219 2021 θείου
3260 1967 3538 2037 θαύματος
3570 1970 3702 2040 δόξῃ

2115 2054 2474 2124 προσεγγίσαι
2523 2057 2552 2108 ό
2590 2053 2764 2122 λόγος,
2813 2055 2954 2109 ὥστε
3000 2056 3120 2109 οὐδὲ
3162 2057 3268 2110 τῶν
3318 2057 3516 2121 ἔξωθέν
3558 2075 3708 2123 τινος

2116 2143 2504 2216 θεωρουμένων
2525 2144 2584 2198 τὸ
2610 2145 2792 2216 θαῦμα
2833 2147 3156 2213 κατέλαϐεν;
3182 2149 3256 2200 Οὐ
3295 2149 3402 2218 γάρ
3438 2145 3596 2202 εἶπεν
3623 2153 3709 2203 ὅτι

2114 2238 2213 2308 τῆς
2239 2236 2425 2300 οὐσίας
2452 2236 2546 2290 τοῦ
2575 2237 2709 2291 Θεοῦ
2751 2238 2925 2309 πέρας
2968 2239 3068 2292 ούκ
3106 2239 3239 2302 ἐστι,
3271 2240 3545 2312 τολμηρὸν
3583 2244 3709 2312 κρί-

2115 2346 2222 2382 νων
2254 2328 2390 2391 ὅλως
2415 2328 2477 2381 τδ
2507 2329 2588 2392 είς
2617 2327 2823 2382 ἔννοιαν
2851 2329 3006 2382 τοῦτο
3039 2329 3242 2393 λαϐεῖν,
3278 2331 3414 2384 ἀλλὰ
3456 2334 3558 2401 τὴν
3589 2334 3712 2385 ἐπι-

2117 2419 2497 2491 θεωρουμένην
2535 2423 2602 2491 τῇ
2639 2420 2764 2492 δόξῃ
2815 2421 3284 2492 μεγαλοπρέπειαν
3328 2423 3604 2492 θαυμάζει
3633 2426 3714 2495 τῷ

2117 2513 2274 2583 λόγῳ.
2307 2513 2476 2566 Πάλιν
2500 2513 2556 2566 δέ
2582 2513 2704 2566 οὐδὲ
2731 2515 2902 2580 αὐτῆς
2934 2514 3032 2584 τῆς
3056 2515 3212 2585 δόξης
3237 2518 3333 2586 τὴν
3355 2517 3546 2569 οὐσίαν
3580 2519 3713 2570 ἰδεῖν

2118 2605 2392 2675 ἠδυνήθηο
2429 2605 2564 2658 ἀλλὰ
2601 2605 2701 2674 τῆς
2736 2607 3047 2675 ἁγιωσύνης
3089 2606 3252 2659 αὑτοῦ
3283 2609 3381 2676 τὴν
3413 2607 3576 2671 δόξαν
3626 2611 3713 2674 ἐξ-

2117 2694 2332 2764 επλάγη
2384 2697 2744 2765 κατανοήσας.
2777 2698 2948 2750 Πόσον
2991 2698 3166 2750 τοίνυν
3214 2699 3416 2769 ἀπέσχε
3465 2701 3563 2754 τοῦ
3612 2703 3712 2772 τὴν

2120 2785 2300 2855 φύσιν,
2330 2787 2453 2856 ἥτις
2486 2789 2624 2848 ἐστὶ,
2656 2789 3139 2859 περιεργάσασθαι,
3180 2790 3237 2853 ὃς
3266 2807 3329 2858 γε
3379 2791 3442 2844 τὸ
3480 2792 3712 2862 ἔσχατον

2118 2878 2226 2931 τῶν
2287 2881 2732 2950 προφαινομένων
2781 2880 3062 2950 θαυμάσαι
3113 2883 3211 2936 οὐκ
3267 2883 3516 2953 ίσχυσεν;
3573 2885 3713 2939 Οὔτε

2119 2970 2228 3041 γὰρ
2270 2970 2367 3042 τὴν
2409 2972 2716 3042 ἁγιωσύνην
2748 2973 2912 3026 αὐτοῦ
2959 2973 3284 3044 ἐθαύμασεν,
3329 2974 3453 3028 οὔτε
3489 2978 3592 3045 τὴν
3629 2976 3715 3030 δό-

433 3065 581 3124 lunt,
603 3065 662 3112 ttt
679 3059 748 3112 ah
763 3074 827 3113 ea
846 3057 1157 3114 referantur
1173 3074 1294 3128 qua:
1323 3060 1464 3112 facta
1497 3065 1647 3113 sunt.
1669 3057 1774 3112 Sed
1801 3062 2014 3128 quando

2124 3059 2219 3124 ξαν
2244 3060 2344 3129 τῆς
2375 3059 2705 3130 ἁγιωσύνης,
2737 3061 2873 3115 ἁλλὰ
2909 3063 3007 3134 τὴν
3040 3063 3516 3134 μεγαλοπρέπειαν
3543 3068 3714 3136 μόνην

433 3147 505 3203 de
535 3162 602 3202 eo
622 3149 808 3217 agitur
831 3147 978 3218 quod
1003 3157 1226 3218 supcrat
1249 3163 1465 3201 omnem
1491 3148 1690 3202 mentis
1713 3149 2014 3217 conceptio-

2120 3147 2220 3216 τῆς
2251 3147 2410 3218 δόξης
2434 3149 2534 3220 τῆς
2567 3149 2874 3222 ἁγιωσύνης
2916 3151 3192 3221 θαυμάσαι
3225 3153 3586 3224 προθέμενος,
3622 3159 3715 3209 καὶ

434 3255 584 3302 nem,
614 3255 710 3308 per
727 3255 790 3295 ea
817 3255 936 3310 qua:
958 3239 1172 3304 dicunt,
1203 3239 1271 3293 de
1291 3238 1509 3294 silentio
1531 3246 1718 3307 aperte
1739 3238 1906 3309 legem
1946 3238 2022 3293 fe-

435 3339 584 3386 rttnt.
611 3329 809 3384 Dicunt
837 3331 982 3386 enim
1001 3348 1013 3384 :
1031 3330 1459 3400 Magniﬁcentim,
1485 3330 1691 3400 glorize,
1712 3333 2018 3388 sant-titatis

433 3426 558 3496 ejus
593 3441 701 3480 non
733 3436 818 3482 est
859 3425 1004 3481 linis.
1038 3425 1082 3481 Ο
1123 3427 1481 3480 miraculum!
1516 3425 1800 3492 Quomodo
1843 3429 2022 3482 timuit

433 3519 611 3574 oratio
643 3523 902 3575 accedere
927 3519 994 3574 ad
1023 3519 1251 3590 gloriam
1287 3519 1455 3574 divini
1489 3520 1759 3582 miraculi,
1797 3521 1932 3576 adeo
1961 3532 2020 3575 ut

436 3626 614 3680 neque
635 3611 870 3680 alicujus
883 3627 1074 3667 eorum
1093 3627 1214 3682 qua:
1234 3612 1655 3667 considerantur
1674 3614 2019 3669 extrinsecus

435 3703 916 3772 comprehenderit
957 3704 1327 3758 miraculum?
1366 3703 1483 3758 Non
1516 3706 1661 3759 enim
1699 3703 1835 3760 dixit
1874 3721 1887 3756 :
1924 3704 2017 3758 Dei

435 3795 693 3850 essentiae
719 3810 826 3849 non
853 3804 940 3851 est
962 3796 1105 3862 linis;
1129 3795 1448 3850 nimiaeesse
1472 3796 1714 3850 audacia:
1742 3796 2016 3865 judicans,

436 3890 524 3945 vel
557 3889 626 3946 de
653 3905 721 3945 eo
748 3891 1012 3960 cogitare;
1047 3889 1144 3946 sed
1175 3905 1298 3960 quae
1326 3889 1380 3943 in
1413 3889 1586 3959 gloria
1609 3891 2015 3954 consideratur,

438 3979 627 4036 verbis
651 3980 885 4034 miratur
915 3979 1404 4050 magniﬁcentiam.
1431 3975 1650 4034 Rursus
1679 3993 1807 4033 vero
1841 3995 2019 4047 neque

439 4070 620 4141 ipsius
652 4071 841 4142 gloria:
865 4069 1056 4126 videre
1094 4069 1272 4139 potuit
1299 4069 1644 4125 essentiam:
1687 4068 1784 4123 scd
1827 4069 2018 4123 obstu-

440 4163 562 4234 puit
590 4178 717 4218 cum
771 4162 1190 4218 considerasset
1234 4162 1464 4231 gloriam
1506 4161 1628 4230 ejus
1679 4161 2013 4216 sanctitatis.

437 4256 717 4322 Quantum
740 4269 871 4326 ergo
903 4252 1080 4308 abluit
1111 4261 1170 4306 ιιι
1197 4253 1418 4308 curiose
1450 4259 1739 4322 quaereret,
1767 4267 2014 4320 quaenam

438 4349 515 4402 sit
541 4355 760 4409 natura,
801 4345 896 4415 qui
935 4345 1189 4399 ultimum
1217 4359 1409 4398 eorum
1438 4357 1561 4413 qua;
1609 4350 1872 4412 apparent
1904 4357 2014 4396 non

2120 3239 2247 3310 περὶ
2271 3239 2330 3292 τὸ
2359 3241 2559 3312 ταύτης
2598 3240 2783 3311 θαῦμα
2829 3244 3110 3314 ὴτόνησεν.
3153 3246 3227 3300 Οὐ
3266 3246 3376 3318 γὰρ
3397 3247 3620 3301 διέλαϐε
3648 3253 3711 3319 τῇ

2117 3327 2325 3400 διανοίᾳ
2351 3330 2445 3384 τοῦ
2475 3331 2891 3403 θαυμαζομένου
2929 3334 2992 3388 τὸ
3036 3336 3228 3407 πέρας.
3270 3339 3364 3391 Διό
3402 3355 3560 3411 φησιν
3602 3341 3715 3409 Τῆς

2117 3419 2292 3490 δόξης,
2343 3421 2442 3489 τῆς
2494 3422 2984 3493 μεγαλοπρεπείας,
3027 3424 3128 3494 τῆς
3182 3427 3496 3496 ἁγιωσύνης
3542 3429 3712 3482 αὐτοῦ

2117 3516 2217 3567 οὐκ
2255 3514 2402 3567 ἐστιν
2453 3515 2642 3586 πέρας.
2673 3515 2879 3569 Οὐκοῦν
2919 3520 2976 3569 ἐν
3010 3520 3122 3582 τοῖς
3163 3520 3293 3589 περὶ
3329 3520 3467 3574 Θεοῦ
3507 3522 3711 3589 λόγοις,

2117 3606 2244 3658 ὅταν
2277 3607 2374 3676 μὲν
2418 3607 2546 3676 περὶ
2597 3607 2697 3677 τῆς
2738 3608 2924 3672 οὐσίας
2947 3611 2980 3678 ἠ
3012 3611 3236 3681 ζήτησις
3274 3607 3363 3682 ἦν,
3392 3613 3590 3682 καιρὸς
3619 3615 3713 3667 τοῦ

2119 3698 2304 3768 σιγᾷν·
2339 3698 2466 3750 ὅταν
2497 3698 2553 3751 δέ
2587 3699 2714 3770 περί
2763 3717 2906 3763 τινος
2954 3701 3164 3772 ἀγαθῆς
3212 3703 3515 3774 ἐνεργείας,
3556 3701 3630 3776 ἧς
3678 3707 3708 3772 ἡ

2117 3789 2318 3857 γνῶσις
2344 3791 2438 3842 καὶ
2473 3791 2664 3861 μέχρις
2690 3792 2847 3862 ἡμῶν
2875 3793 3211 3858 καταϐαίνει,
3247 3796 3366 3848 τότε
3395 3795 3582 3850 λαλεῖν
3614 3799 3714 3861 τὰς

2117 3879 2451 3946 δυναστείας,
2477 3881 2822 3952 ἐξαγγέλλειν
2857 3887 2926 3938 τὰ
2967 3885 3250 3957 θαύματα,
3290 3889 3604 3958 διηγεῖσθαι
3644 3894 3713 3945 τά

2117 3971 2275 4044 ἔργα,
2305 3973 2497 4044 μέχρις
2521 3974 2711 4028 τούτου
2747 3976 3047 4046 κεχρῆσθαι
3076 3978 3153 4048 τῷ
3181 3979 3342 4050 λόγῳ.
3391 3981 3480 4034 Ἐν
3507 3982 3564 4035 δὲ
3598 3988 3713 4046 τοῖς

2117 4065 2259 4135 ὑπὲρ
2278 4064 2535 4118 ἐπέκεινα
2559 4066 2633 4136 μὴ
2663 4067 2868 4134 ἐφιέναι
2891 4070 2955 4137 τῇ
2986 4069 3160 4121 κτίσει
3193 4071 3320 4133 τοὺς
3359 4071 3527 4136 ίδίους
3549 4075 3713 4144 ὄρους

2117 4155 2407 4219 ἐκϐαίνειν,
2436 4155 2549 4210 ἁλλ’
2583 4157 2799 4227 ἀγαπᾷν
2833 4159 2880 4210 εί
2910 4160 3107 4229 ἑαυτὴν
3137 4160 3272 4230 εἰδῇ.
3307 4161 3372 4216 Εἰ
3408 4163 3565 4216 οῦπω
3600 4166 3711 4237 γὰρ

2117 4247 2278 4316 ἔγνω,
2309 4249 2450 4303 κατὰ
2476 4265 2540 4317 γε
2579 4249 2667 4302 τὸν
2702 4249 2967 4322 ἡμέτερον
3005 4251 3182 4319 λόγον,
3220 4253 3418 4324 ἑαυτὴν
3446 4257 3480 4325 ὴ
3509 4256 3711 4320 κτίσις,

2116 4339 2234 4392 οὐδὲ
2267 4341 2562 4394 κατέλαϐεν
2585 4341 2673 4394 οἵα
2702 4343 2800 4412 τῆς
2833 4341 3010 4413 ψυχῆς
3044 4345 3077 4414 ἡ
3117 4344 3292 4408 ούσία,
3329 4345 3425 4398 τοῦ
3457 4349 3714 4417 σώματος

441 4439 620 4509 potuit
645 4436 908 4492 admirari
934 4435 947 4489 ἰ
971 4433 1160 4506 Neque
1183 4434 1332 4490 enim
1375 4433 1496 4504 ejus
1529 4435 1880 4489 sanctitatem
1927 4441 2014 4488 est

2117 4433 2152 4502 ὴ
2183 4431 2364 4500 φύσις,
2395 4432 2558 4486 πόθεν
2584 4433 2651 4486 τά
2684 4433 2832 4496 ὅντα,
2866 4435 3030 4488 πόθεν
3075 4436 3133 4501 ἐξ
3165 4436 3410 4508 ἀλλήλων
3437 4439 3712 4507 γενέσεις,

439 4527 767 4592 admiratus,
823 4541 998 4597 neque
1053 4525 1286 4596 gloriam
1344 4524 1679 4589 sanctitatis,
1735 4522 1830 4578 sed
1886 4539 2013 4577 cum

440 4621 757 4677 sanctitatis
777 4617 950 4672 solam
973 4613 1078 4668 sibi
1092 4617 1464 4683 proposuisset
1483 4614 1739 4670 admirari
1761 4617 2016 4687 magniﬁ-

438 4712 703 4774 centiam,
739 4708 906 4764 etiam
948 4707 1017 4762 ad
1051 4723 1174 4763 eam
1210 4705 1596 4762 admirandam
1620 4708 1766 4764 vires
1797 4707 2019 4764 fuerunt

2117 4521 2234 4586 πῶς
2269 4522 2330 4575 τὸ
2369 4523 2444 4595 μὴ
2480 4522 2538 4576 ὃν
2578 4523 2872 4585 ούσιοῦται,
2915 4525 3036 4588 πῶς
3074 4527 3135 4579 τὸ
3182 4527 3242 4578 ὃν
3284 4529 3363 4590 είς
3403 4527 3467 4579 τὸ
3526 4531 3604 4598 μὴ
3653 4531 3716 4582 ὃν

2117 4613 2428 4677 ἀναλύεται,
2466 4615 2550 4677 τίς
2595 4616 2629 4684 ἡ
2678 4616 2743 4668 ἐκ
2783 4615 2891 4668 τῶν
2922 4617 3176 4670 ἐναντίων
3206 4617 3348 4670 κατὰ
3381 4618 3475 4671 τὸν
3509 4620 3716 4688 κόσμον

2116 4705 2303 4758 τοῦτον
2339 4704 2691 4776 εὐαρμοστίαο
2737 4707 2786 4759 εἰ
2828 4707 3028 4778 ἑαυτὴν
3063 4711 3098 4779 ἡ
3133 4711 3308 4771 κτίσις
3337 4708 3439 4761 οὐκ
3481 4705 3618 4772 οἶδε,
3649 4714 3720 4763 τὰ

439 4801 751 4857 imbecillas.
770 4799 890 4856 Non
910 4800 1056 4855 enim
1073 4797 1492 4868 comprehendit
1507 4798 1838 4868 cogitatione
1855 4799 2014 4855 ﬁnem

2117 4795 2256 4867 ὑπὲρ
2301 4795 2498 4866 ἐαυτὴν
2533 4794 2650 4859 πῶς
2703 4796 3062 4866 διηγήσεται;
3114 4797 3322 4850 Οὐκοῦν
3379 4800 3574 4868 καιρὸς
3621 4801 3716 4853 τοῦ

435 4891 562 4961 ejus
585 4891 731 4962 quod
756 4892 1076 4946 admiratur.
1120 4890 1261 4945 Dicit
1297 4891 1508 4960 itaque:
1526 4890 1746 4954 Gloriae,
1769 4892 2014 4964 magniﬁ-

2120 4886 2294 4941 ταῦτα
2317 4888 2500 4958 σιγᾷνο
2541 4886 2802 4957 κρείττων
2829 4887 2938 4957 γὰρ
2967 4888 3025 4938 ἐν
3050 4887 3256 4950 τούτοις
3283 4889 3315 4959 ἡ
3349 4891 3553 4960 σιωπή.
3578 4890 3717 4942 Και-

435 4986 656 5050 centize,
678 4984 992 5040 sanctitatis
1016 4983 1136 5052 ejus
1164 4998 1270 5037 non
1291 4990 1376 5037 cst
1404 4981 1547 5037 linis.
1567 4983 1625 5036 In
1652 4982 1722 5036 iis
1742 4999 1871 5054 ergo
1896 4999 2014 5053 qua:

2127 4979 2216 5052 ρὸς
2243 4978 2300 5032 δέ
2329 4977 2423 5030 τοῦ
2453 4977 2654 5041 λαλεῖν,
2691 4977 2758 5030 δι’
2799 4971 2872 5031 ὧν
2919 4980 2947 5030 ὁ
2995 4979 3106 5048 βίος
3142 4979 3298 5049 ἡμῶν
3341 4980 3479 5050 πρὸς
3509 4983 3715 5053 ἀρετὴν

439 5077 508 5131 de
541 5075 651 5131 Deo
679 5073 964 5138 dicuntur,
1010 5073 1236 5143 quando
1280 5073 1546 5142 qumritur
1574 5073 1795 5142 quidem
1830 5074 1899 5128 de
1929 5090 2014 5130 es-

2122 5071 2448 5137 ἐπιδίδωσιν,
2485 5071 2542 5124 ἐν
2575 5069 2797 5142 Χριστῷ
2833 5070 3006 5140 Ἰησοῦ
3041 5071 3119 5140 τῷ
3166 5072 3356 5142 Κυρίῳ
3399 5073 3581 5142 ἡμῶν,
3613 5067 3716 5142 ᾧή

438 5167 640 5233 sentia,
671 5176 758 5224 est
787 5177 1004 5238 tempus
1034 5167 1275 5223 tacendi.
1303 5166 1533 5232 Quando
1565 5174 1748 5220 autem
1774 5165 1842 5220 de
1873 5166 2014 5220 bona

2120 5165 2246 5231 δόξα
2263 5164 2359 5218 καὶ
2371 5163 2433 5216 τὸ
2452 5163 2650 5234 κράτος
2670 5165 2748 5226 εἰς
2767 5163 2894 5226 τοὺς
2911 5162 3114 5227 αἰῶνας
3128 5163 3235 5216 τῶν
3259 5163 3496 5218 αἰώνων.
3516 5163 3712 5235 Ἀμήν.

438 5262 623 5332 aliqua
676 5260 1020 5330 operatione,
1059 5259 1224 5328 cujus
1261 5259 1505 5329 cognitio
1549 5257 1618 5312 ad
1661 5273 1762 5314 nos
1817 5275 1991 5330 usque
2024 5257 2330 5320 descendit,
2375 5264 2508 5310 tunc
2565 5261 2784 5325 tempus
2835 5263 2922 5310 est
2969 5255 3224 5325 loquendi
3278 5255 3584 5325 potentias,
3623 5270 3716 5309 an-

439 5349 730 5406 nuntiandi
784 5350 1082 5417 miracula,
1146 5348 1408 5404 narrandi
1468 5361 1667 5418 Opera,
1734 5349 2000 5409 hactenus
2040 5347 2231 5404 utendi
2275 5359 2550 5403 sermone.
2601 5343 2660 5398 In
2728 5343 2798 5399 iis
2856 5356 3040 5400 autem
3110 5361 3234 5416 qua:
3277 5346 3368 5400 illa
3423 5354 3711 5414 superant,

442 5459 554 5499 non
601 5452 688 5501 est
719 5445 1142 5516 permittendum
1177 5451 1448 5499 creatura:
1487 5451 1547 5496 ut
1622 5457 1754 5498 suos
1827 5445 2091 5499 terminos
2129 5450 2374 5512 superet,
2430 5437 2528 5496 sed
2579 5439 2629 5494 ei
2674 5437 2836 5493 debet
2884 5437 3134 5493 suﬂicere
3179 5439 3224 5493 si
3266 5438 3513 5508 seipsam
3545 5438 3709 5509 norit_

443 5531 580 5588 Nam
620 5533 670 5590 si
715 5535 959 5591 nondum
993 5536 1256 5606 seipsam,
1317 5541 1378 5588 ιιι
1424 5544 1612 5590 nostra
1660 5532 1880 5605 quidem
1916 5534 2024 5590 fert
2061 5533 2269 5604 opinio,
2312 5531 2467 5588 novit
2525 5537 2804 5601 creatura,
2876 5544 3054 5600 neque
3083 5528 3510 5601 comprehendit
3539 5527 3714 5602 qualis

517 5714 563 5748 ³⁸
589 5714 736 5772 Psal.
769 5735 854 5787 cv,
887 5720 944 5774 2.
1013 5721 1056 5753 ³⁷
1097 5719 1243 5776 Psal.
1277 5737 1352 5788 Ix,
1385 5720 1440 5775 ‘2.
1519 5721 1563 5753 ³³
1586 5719 1731 5777 Psal.
1760 5736 1936 5786 mur,
1961 5718 2013 5774 4.
