3846 6220
142 281 270 341 733
1203 294 1270 350 IN
1311 292 1845 351 ECCLESIASTEN.
1876 293 2165 353 IIOMILIA
2209 293 2342 348 VIII.
3326 290 3431 346 734

145 396 233 451 sit
287 400 493 455 anima:
524 402 788 468 essentia,
838 405 1017 473 qualis
1064 416 1259 462 natura
1308 410 1579 476 corporis,
1619 408 1763 462 unde
1801 415 1931 463 sunt
1968 423 2031 463 ea
2069 424 2191 479 quae
2256 413 2407 470 sunt,
2459 404 2730 459 undenam
2775 409 2982 457 mutua:
3004 416 3072 457 ex
3102 416 3163 456 se
3197 399 3430 455 invicem

148 486 301 540 [iant
352 492 759 555 generationes,
799 509 907 563 quo
953 507 1116 565 pacto
1162 499 1309 567 quod
1376 514 1487 553 non
1557 506 1642 553 est
1708 497 2080 552 substantiam
2154 496 2409 566 accipiat,
2444 493 2904 564 quemadmodum
2937 493 2989 546 id
3036 491 3316 561 quodest,
3373 487 3433 543 in

145 580 209 633 id
250 585 408 652 quod
448 601 553 639 non
589 597 673 641 est
711 590 1059 646 resolvatur:
1103 609 1353 663 quaenam
1388 595 1464 650 sit
1534 611 1598 649 ex
1651 594 1947 649 contrariis
2016 598 2069 649 in
2142 594 2248 647 hoc
2283 595 2490 647 mundo
2525 594 2790 645 continua
2837 590 3166 660 compositio
3205 606 3219 643 :
3261 588 3308 643 si
3348 601 3437 643 se-

149 675 348 745 ipsam
380 696 489 736 non
522 685 673 738 novit
700 694 974 754 creatura,
1008 705 1129 759 qua:
1162 707 1328 762 supra
1366 694 1599 760 seipsam
1641 702 1769 745 sunt
1807 691 2083 761 quomodo
2115 689 2433 746 enarrabit?
2456 688 2695 757 Tempus
2730 694 2813 742 est
2841 701 2971 755 ergo
3032 685 3147 739 haec
3185 681 3426 738 tacendi.

149 765 218 820 In
258 769 353 824 his
401 773 546 826 enim
591 776 788 831 melius
829 786 913 832 est
960 780 1274 836 silentium:
1316 790 1532 851 tempus
1588 790 1770 836 autem
1806 791 1892 836 est
1947 797 2012 836 ea
2063 781 2342 851 loquendi,
2400 795 2497 849 per
2565 794 2688 848 qua:
2735 779 2839 832 vita
2904 786 3090 830 nostra
3130 776 3187 829 in
3233 775 3436 830 virtute

150 864 377 934 accipit
445 868 884 937 incrementum,
936 872 993 928 in
1053 874 1274 931 Christo
1334 874 1464 933 Jesu
1522 875 1755 933 Domino
1794 883 2008 939 nostro,
2037 876 2127 930 cui
2155 876 2328 947 gloria
2352 884 2406 930 et
2437 874 2678 943 potentia
2740 872 2798 926 in
2858 870 3056 926 saacula
3082 869 3432 925 saeculorum.

149 953 374 1012 Amen.

789 1053 1032 1107 OMIAIA
1078 1055 1163 1108 H'.

234 1138 390 1208 Κεφ.
432 1146 502 1209 γ’,
551 1143 690 1212 στίχ.
726 1143 795 1214 η’.
843 1173 914 1186 —-
969 1164 987 1197 ι
1016 1146 1220 1216 Καιρδς
1246 1147 1338 1200 τοῦ
1375 1148 1621 1219 φιλῆσαι,
1657 1149 1754 1202 καὶ

152 1232 370 1304 καιρὸς
394 1233 487 1285 τοῦ
517 1235 765 1305 μισῆσαι.
783 1254 800 1285 ι
824 1235 920 1298 Τίς
948 1235 1054 1306 ἄρα
1085 1235 1255 1300 οὕτως
1284 1237 1435 1292 ἔσται
1460 1240 1558 1310 τὴν
1585 1240 1755 1310 ἀκοὴν

151 1322 607 1394 κεκαθαρμένος,
642 1324 784 1378 ὥστε
807 1326 1065 1396 καθαρῶς
1090 1327 1342 1394 δέξασθαι
1374 1330 1466 1383 τὸν
1495 1331 1624 1400 περὶ
1658 1329 1753 1383 τοῦ

155 1415 399 1485 φιλῆσαι
445 1416 636 1485 λόγον,
685 1418 850 1488 μηδὲν
894 1419 999 1489 ,τῆς
1048 1420 1299 1490 ῥυπαρᾶς
1353 1420 1533 1489 φιλίας
1576 1421 1755 1492 ἐαυτῷ

157 1509 631 1581 συνεισφέροντα;
657 1512 810 1582 Τάχα
836 1511 929 1565 καὶ
946 1512 1013 1565 τά
1032 1514 1277 1584 ἡμέτερα
1300 1506 1413 1565 ὦτα
1436 1513 1625 1584 χρῄζει
1646 1515 1755 1567 τῶν

154 1591 459 1649 δακτύλων
514 1597 730 1668 Ἰησοῦ,
780 1599 867 1652 ἵνα
917 1600 1004 1654 διά
1048 1600 1148 1669 τῆς
1199 1600 1349 1664 θείας
1394 1603 1609 1672 ἐπαφῆς
1658 1602 1753 1655 τοῦ

156 1684 435 1755 ἀληθινοῦ
464 1686 662 1755 Λόγου,
706 1688 1041 1762 ἐλευθερωθῇ
1074 1691 1275 1755 παντὸς
1305 1692 1501 1763 ῥύπου,
1533 1692 1625 1746 τοῦ
1656 1693 1754 1765 τὴν

157 1775 345 1847 ἀκοὴν
378 1778 805 1848 ἐμφράσσοντος,
850 1782 883 1851 ἡ
929 1781 1225 1853 άκουστικὴ
1251 1783 1351 1852 τῆς
1379 1783 1555 1854 ψυχῆς
1594 1783 1754 1852 ⁴ἡμῶν

155 1865 442 1938 δύναμις’
487 1869 623 1922 ὥστε
670 1873 764 1923 καὶ
809 1872 1049 1926 συνιέναι
1096 1873 1196 1944 τὴν
1241 1874 1526 1946 ἐπαινετὴν
1552 1874 1751 1943 φιλίαν,

160 1958 265 2011 καὶ
286 1962 357 2030 τῇ
382 1960 523 2031 ψυχῇ
557 1963 980 2032 παραδέξασθαι,
1012 1964 1097 2028 τίς
1125 1966 1153 2017 ὁ
1180 1965 1370 2037 καιρὸς
1387 1966 1480 2018 τοῦ
1504 1965 1751 2036 φιλῆσαι,

158 2050 265 2102 καί
297 2050 387 2114 τίς
411 2053 440 2104 ὁ
465 2052 652 2123 καιρὸς
690 2053 784 2106 τοῦ
822 2057 1066 2127 μισῆσαι.
1116 2057 1231 2109 Οὐκ
1259 2054 1412 2127 οἶμαι
1444 2056 1629 2110 τοῦτον
1661 2057 1755 2111 ἄλ-

158 2138 258 2192 λον
282 2136 427 2193 εἶναι
456 2144 644 2212 καιρὸν
674 2144 813 2215 πλὴν
842 2144 936 2198 τοῦ
980 2147 1365 2218 συμφέροντος.
1429 2148 1491 2200 Ἦ
1520 2149 1629 2218 γὰρ
1657 2148 1751 2216 ἀφ’

160 2231 439 2302 ἐκατέρου
473 2234 675 2286 τούτων
705 2234 962 2303 ὠφέλεια,
996 2236 1137 2290 κατά
1166 2253 1227 2305 γε
1261 2238 1361 2307 τὴν
1381 2237 1518 2308 ἐμὴν
1547 2240 1748 2311 κρίσιν,

159 2325 195 2393 ἠ
235 2323 496 2396 εὐκαιρία
539 2326 638 2397 τῆς
676 2328 923 2398 χρήσεως
949 2329 1273 2400 ἀμφοτέρων
1303 2330 1483 2382 ἐστίν·
1528 2330 1603 2393 ὠς
1636 2332 1750 2400 εἴγε

161 2414 275 2479 ἔξω
318 2415 416 2468 τοῦ
446 2416 845 2482 λυσιτελοῦντος
870 2419 1106 2488 γίνοιτο,
1156 2421 1259 2485 ἐξω
1307 2420 1373 2475 ἂν
1406 2422 1489 2492 είη
1536 2423 1749 2477 καὶτοῦ

160 2507 367 2578 καιροῦ
414 2509 477 2561 τὸ
521 2510 804 2581 γινόμενον
832 2527 847 2544 ·
882 2513 1145 2584 πρότερον
1185 2514 1242 2567 δέ
1286 2514 1405 2585 μὲν,
1434 2511 1611 2585 οἶμαι,
1643 2518 1749 2588 χρὴ

161 2599 362 2669 νοῆσαι
409 2600 518 2653 τῶν
549 2600 643 2654 δύο
684 2602 889 2656 τούτων
925 2604 1186 2675 ῥημάτων
1222 2605 1285 2657 τὸ
1330 2607 1747 2678 σημαινόμενον,

160 2689 261 2743 τοῦ
294 2691 519 2762 φιλῆσαι
542 2691 684 2762 λέγω
712 2694 808 2747 καί⁵
838 2694 934 2749 τοῦ
962 2696 1210 2765 μισῆσαι,
1241 2696 1306 2750 ἵν’
1334 2698 1506 2761 οὔτως
1534 2700 1628 2752 καὶ
1648 2700 1749 2770 τὴν

161 2780 426 2853 εὔκαιρον
484 2784 662 2837 αὐτῶν
718 2788 914 2857 χρῆσιν
976 2785 1054 2857 τῷ
1104 2787 1246 2859 λόγῳ
1302 2791 1745 2859 κατανοήσωμεν.

160 2871 396 2944 οίλτρυν
429 2874 576 2927 ἐστὶν
606 2877 639 2946 ὴ
669 2876 971 2939 ἐνδιάθετος
1002 2877 1130 2947 περὶ
1167 2877 1226 2930 τὸ
1256 2878 1590 2949 καταθύμιον
1630 2881 1751 2949 σχέ-

163 2980 254 3027 σις
281 2963 353 3017 δι’
384 2964 582 3036 ἡδονῆς
607 2967 702 3019 καὶ
727 2968 1097 3038 προσπαθείας
1126 2970 1494 3040 ἐνεργουμένη
1528 2987 1542 3000 ’
1592 2975 1749 3041 μῖσος

161 3054 222 3107 δέ
249 3056 284 3125 ἡ
315 3055 455 3127 πρὸς
487 3057 549 3110 τὸ
572 3057 732 3128 ἀηδὲς
756 3058 1105 3131 ἁλλοτρίωσις
1139 3062 1232 3113 καὶ
1257 3063 1289 3133 ή
1324 3061 1418 3115 τοῦ
1453 3062 1749 3127 λυποῦντος

161 3145 508 3218 ἀποστροφή.
560 3150 714 3202 Ἔστι
739 3151 796 3203 δέ
827 3150 1030 3204 τούτων
1058 3152 1294 3224 ἑκατέρᾳ
1321 3153 1430 3206 τῶν
1455 3153 1749 3207 διαθέσεων

164 3237 261 3289 καὶ
286 3234 581 3302 λυσιτελῶς
613 3241 707 3293 καὶ
738 3243 829 3293 ἐπὶ
876 3241 985 3296 τῶν
1011 3243 1267 3296 ἐναντίων
1295 3245 1625 3314 χρήσασθαι,
1656 3247 1751 3299 καὶ

165 3328 363 3401 ὥσπερ
411 3331 518 3393 πᾶς
557 3331 586 3383 ὁ
632 3333 753 3385 κατ’
791 3332 989 3403 ἀρετὴν
1022 3334 1135 3404 βίος
1165 3334 1412 3389 ἐντεῦθεν
1449 3335 1549 3407 τὴν
1576 3336 1749 3408 ἀρχὴν

164 3418 302 3489 εχει.
345 3420 517 3473 Ὅπου
557 3420 665 3492 γὰρ
699 3422 765 3475 ἂν
801 3426 869 3494 τῇ
906 3424 1093 3495 ἀγάπῃ
1127 3426 1400 3496 ῥέψωμεν,
1430 3429 1603 3480 ἐκεῖνο
1630 3430 1751 3491 ταῖς

166 3510 371 3581 ψυχαῖς
411 3513 761 3583 οἰκειούμεθα
784 3555 799 3580 ,
851 3517 944 3569 καὶ
992 3518 1128 3587 πρὸς
1163 3519 1299 3589 ὅπερ
1334 3518 1400 3572 ἂν
1447 3519 1751 3590 μισητικῶς

166 3603 524 3674 διατεθῶμεν,
557 3606 744 3658 τούτου
792 3607 1237 3680 ὰλλοτριούμεθα.
1296 3610 1420 3664 Εἴτε
1466 3611 1576 3683 γὰρ
1613 3612 1749 3684 πρὸς

168 3696 231 3749 τὸ
257 3697 441 3761 καλὸν,
490 3699 601 3750 εἴτε
650 3698 787 3770 πρὸς
818 3699 877 3752 τὸ
920 3702 1088 3755 κακὸν
1120 3704 1152 3773 ἡ
1181 3703 1281 3773 τῆς
1311 3702 1490 3774 ψυχῆς
1528 3704 1750 3775 γένηται

172 3790 376 3859 σχέσις,
404 3766 799 3861 κατακιρνᾶταί
842 3809 958 3856 πως
995 3796 1062 3864 τῇ
1093 3766 1249 3867 ψυχῇ,
1273 3766 1337 3849 τδ
1363 3766 1749 3870 άγαπῶμενον.
1780 3766 1821 3823 C

171 3880 242 3933 ὐ
266 3897 320 3934 τι
348 3880 393 3933 δ’
427 3880 493 3934 ἂν
517 3882 603 3951 είη
631 3884 727 3934 καὶ
755 3886 889 3955 ὅπερ
920 3885 987 3937 ἂν
1016 3887 1349 3960 παρεμπέσῃ
1381 3888 1468 3940 διὰ
1500 3888 1663 3959 μέσου
1692 3889 1754 3941 τὸ

175 3972 353 4041 μῖσος.
382 3972 574 4026 τούτου
609 3973 701 4027 τὸν
746 3977 1025 4048 χωρισμὸν
1059 3980 1482 4049 κατειργάσατο,
1510 3981 1620 4034 είτε
1654 3981 1751 4034 τοῦ

173 4061 361 4129 καλοῦ,
410 4062 521 4116 εἴτε
574 4064 669 4118 τοῦ
718 4069 979 4139 χείρονος.
1032 4068 1242 4122 Οὐκοῦν
1280 4072 1640 4125 ἐπισκεπτέον
1687 4072 1755 4127 ἂν

172 4153 282 4224 εἴη.
314 4154 367 4207 τί
397 4154 498 4225 μὲν
541 4157 845 4227 ἀγαπητὸν,
870 4159 923 4211 τί
958 4158 1013 4212 δὲ
1043 4160 1266 4229 μισητόν
1308 4162 1423 4213 ἐστι
1462 4163 1528 4232 τῇ
1571 4161 1753 4230 φύσει,

173 4245 250 4309 ὡς
279 4246 345 4299 ἂν
376 4248 433 4300 ἐν
465 4248 638 4320 καιρῷ
671 4252 736 4321 τῇ
770 4250 993 4322 τοιαύτῃ
1022 4252 1122 4322 τῆς
1149 4251 1328 4322 ψυχῆς
1351 4252 1590 4306 διαθέσει
1616 4270 1754 4324 χρη-

176 4333 430 4406 σάμενοι,
479 4337 589 4390 τῶν
636 4356 697 4391 τε
743 4339 930 4393 κακῶν
976 4339 1247 4410 ἀλλότριοι
1296 4340 1384 4393 διὰ
1430 4338 1525 4392 τοῦ
1564 4340 1755 4410 μίσους

174 4427 464 4498 γενοίμεθα
496 4430 589 4483 καὶ
618 4434 684 4501 τῇ
716 4431 874 4499 φύσει
900 4431 1010 4486 τῶν
1038 4431 1257 4499 ἀγαθῶν
1285 4430 1749 4502 συγκραθείημεν.

176 4518 285 4571 Καὶ
320 4517 432 4571 εἴθε
476 4519 635 4572 τοῦτο
667 4521 773 4591 πρὸ
800 4521 1016 4574 πάντων
1059 4522 1093 4591 ἡ
1127 4519 1234 4573 τῶν
1258 4518 1561 4592 ἀνθρώπων
1592 4522 1752 4573 ἐπαι-

174 4610 354 4664 δεύετο
381 4609 564 4680 φύσις,
601 4614 681 4675 είς
705 4613 803 4682 τὴν
832 4612 924 4666 τοῦ
960 4611 1125 4666 καλοῦ
1154 4612 1318 4680 λέγω,
1348 4613 1441 4665 καὶ
1475 4610 1549 4682 μὴ
1577 4612 1751 4665 τοιού-

174 4719 267 4755 του
302 4701 608 4774 διάκρισινῑ
640 4703 714 4755 Οὐ
749 4703 857 4773 γάρ
890 4702 955 4755 ἂν
986 4703 1143 4773 ἔσχεν
1186 4701 1418 4773 πάροδον
1466 4700 1612 4753 κατὰ
1652 4700 1753 4771 τῆς

176 4794 317 4865 ζωῆς
345 4792 501 4864 ημῶν
529 4795 597 4847 τὰ
622 4794 790 4864 πάθη,
821 4797 869 4847 εἰ
892 4794 950 4859 ἐξ
978 4795 1149 4865 ἀρχῆς
1178 4792 1239 4846 τὸ
1260 4792 1424 4846 καλὸν
1453 4792 1754 4863 ἐγνωρίσα-

180 4904 293 4957 μεν.
338 4886 474 4939 Νυνὶ
505 4886 563 4939 δὲ
591 4885 687 4957 τὴν
719 4885 912 4954 ἄλογον
941 4886 1193 4954 αἴσθησιν
1224 4884 1319 4937 τοῦ
1349 4883 1516 4937 καλοῦ
1558 4887 1747 4954 κριτή-

182 4996 290 5050 ριον
314 4977 464 5047 παρὰ
500 4980 598 5049 τὴν
624 4980 848 5049 πρώτην
880 4978 1211 5049 ποιούμενοι,
1249 4974 1661 5049 συντρεφόμεθα
1683 4979 1750 5047 τῇ

1783 1063 1832 1121 Δ

2407 1046 2696 1103 ΗΟΜΙΙΑΙΑ
2735 1046 2871 1104 VIII.

1927 1143 2058 1198 CAP.
2093 1140 2181 1206 III,
2212 1157 2266 1195 v.
2290 1142 2343 1194 8.
2393 1159 2410 1192 ι
2448 1140 2689 1210 Tempus
2721 1140 2962 1201 amandi,
2995 1147 3050 1195 et
3070 1146 3285 1209 tempus
3305 1138 3434 1195 odio

1857 1236 2117 1291 habendi.
2156 1255 2175 1288 ι
2240 1235 2377 1301 Quis
2432 1233 2538 1288 erit
2580 1234 2717 1288 adeo
2763 1234 3013 1304 purgatis
3068 1233 3315 1296 auribus,
3372 1240 3434 1285 ut

1856 1345 1993 1400 pure
2023 1329 2258 1397 accipiat
2288 1328 2336 1381 id
2386 1328 2532 1397 quod
2570 1327 2777 1380 dicitur
2814 1325 2880 1380 de
2915 1324 3171 1389 amando,
3204 1324 3433 1380 obsceni

1856 1420 2063 1475 amoris
2095 1419 2234 1473 nihil
2281 1432 2468 1473 secum
2505 1416 2776 1472 afferens?
2810 1415 3068 1470 Fortasse
3110 1422 3290 1469 autem
3332 1430 3434 1470 no-

1856 1520 1984 1568 stra:
2006 1528 2170 1566 aures
2199 1526 2337 1581 Opus
2360 1511 2559 1563 habent
2584 1508 2771 1578 digitis
2799 1507 2951 1572 Jesu,
2987 1516 3045 1560 ut
3070 1523 3167 1579 per
3188 1507 3433 1561 divinum

1858 1601 2020 1658 Verbi
2055 1609 2369 1658 contactum
2399 1600 2469 1654 ab
2500 1601 2647 1653 omni
2680 1598 2861 1664 sorde,
2905 1614 3026 1669 qua:
3061 1600 3301 1653 obstruit
3328 1612 3432 1652 au-

1859 1694 2056 1757 ditum,
2091 1694 2359 1750 liberetur
2385 1694 2469 1747 vis
2499 1692 2757 1746 audiendi
2788 1700 2986 1746 nostra:
3016 1691 3213 1744 animae
3246 1709 3259 1744 :
3295 1700 3352 1744 ut
3380 1699 3435 1745 et

1858 1785 2187 1840 laudabilem
2244 1783 2512 1853 intelligat
2565 1797 2832 1845 amorem,
2879 1789 2935 1837 et
2970 1782 3153 1836 anima
3200 1780 3435 1851 accipiat

1856 1876 2132 1946 quodnam
2166 1875 2237 1930 sit
2281 1883 2497 1945 tempus
2526 1872 2769 1936 amandi,
2817 1880 2871 1927 et
2914 1871 3063 1942 quod
3103 1872 3176 1927 sit
3215 1879 3435 1940 tempus

1855 1969 1981 2023 odio
2005 1968 2258 2023 habendi.
2279 1964 2397 2020 Non
2419 1975 2548 2037 puto
2568 1972 2748 2019 autem
2776 1964 2879 2018 hoc
2903 1962 3047 2017 aliud
3074 1978 3197 2017 esse
3217 1972 3434 2032 tempus

1854 2069 2218 2133 praeterquam
2272 2060 2393 2129 ejus
2434 2059 2583 2127 quod
2639 2056 2920 2112 est'utile.
2980 2056 3113 2122 Quae
3161 2055 3310 2109 enim
3365 2069 3434 2109 ex

1854 2164 2090 2223 utroque
2118 2167 2308 2207 eorum
2353 2150 2573 2220 capitur
2603 2148 2835 2214 utilitas,
2882 2163 3004 2202 meo
3034 2146 3252 2218 quidem
3285 2144 3435 2216 judi-

1852 2248 1960 2309 eio,
1983 2253 2068 2300 est
2121 2246 2406 2298 amborum
2451 2259 2587 2298 usus
2635 2242 3041 2312 Opportunitas.
3092 2238 3229 2292 Nam
3273 2239 3321 2294 si
3360 2238 3436 2292 ita

1854 2337 1971 2403 ﬁat,
2015 2344 2076 2390 ut
2120 2336 2193 2390 sit
2248 2341 2517 2390 remotum
2578 2335 2648 2388 ab
2693 2334 2954 2398 utilitate,
3017 2342 3172 2385 extra
3218 2337 3436 2400 tempus

1854 2428 2019 2481 etiam
2068 2426 2235 2480 luerit
2270 2426 2323 2480 id
2363 2424 2511 2495 quod
2562 2424 2645 2480 ﬁt.
2682 2424 2857 2494 Atque
2908 2422 3064 2492 prius
3091 2421 3336 2490 quidem,
3377 2429 3439 2474 ut

1855 2518 2071 2588 Opinor,
2105 2517 2517 2587 intelligendum
2547 2525 2634 2571 est
2663 2516 3032 2587 signiﬁcatum
3061 2514 3258 2568 horum
3297 2512 3439 2566 duo-

1854 2628 1977 2667 rum
2007 2612 2323 2673 verborum,
2360 2610 2605 2673 amandi,
2640 2610 2953 2679 inquam,et
2984 2606 3230 2664 ndiendi.
3263 2613 3322 2660 ut
3355 2606 3438 2662 sic

1855 2704 2021 2759 etiam
2054 2710 2427 2772 opportunum
2460 2716 2651 2756 eorum
2687 2715 2847 2755 usum
2890 2700 3076 2753 verbis
3115 2698 3434 2753 considere-

1855 2809 2000 2848 mus.
2034 2792 2201 2846 Amor
2224 2800 2311 2847 est
2340 2792 2678 2848 intrinsecus
2704 2790 2872 2845 insita
2905 2789 2958 2844 in
2991 2789 3043 2842 id
3076 2788 3225 2858 quod
3253 2788 3439 2843 animo

1854 2892 1939 2939 est
1955 2884 2284 2953 jucundum,
2319 2882 2606 2945 habitudo,
2630 2896 2867 2952 Operans
2896 2896 2995 2950 per
3015 2881 3353 2949 voluptatem
3384 2886 3441 2933 et

1856 2974 2303 3029 delectationem.
2335 2971 2531 3028 Odium
2582 2980 2764 3027 autem
2820 2980 2906 3027 est
2951 2971 3213 3025 alienatio
3256 2970 3326 3025 ab
3370 2985 3440 3024 eo

1854 3063 2003 3133 quod
2046 3070 2133 3118 est
2172 3062 2557 3131 injucundum,
2587 3071 2641 3116 et
2686 3062 2901 3115 aversio
2936 3060 3007 3114 ab
3035 3074 3101 3115 eo
3131 3060 3277 3129 quod
3322 3074 3441 3113 mo-

1856 3157 2011 3211 lestia
2047 3155 2231 3209 allicit.
2268 3153 2572 3209 Possumus
2606 3162 2787 3207 autem
2826 3162 3059 3219 utraque
3085 3153 3278 3205 harum
3303 3148 3439 3205 alle-

1855 3248 2102 3301 ctionum
2145 3254 2200 3300 et
2256 3246 2467 3299 utiliter
2513 3244 2616 3307 uti,
2665 3253 2720 3298 et
2749 3256 2961 3306 contra,
3022 3255 3076 3298 et
3111 3250 3170 3296 ut
3209 3257 3331 3311 qua}
3370 3255 3439 3296 ex

1854 3339 2061 3395 virtute
2091 3336 2204 3391 vita
2235 3337 2417 3406 agitur
2439 3335 2569 3389 hinc
2603 3335 2767 3390 habet
2789 3335 3146 3405 principium.
3184 3334 3265 3389 Ad
3290 3335 3438 3404 quod

1855 3431 2003 3486 enim
2028 3443 2216 3483 amore
2248 3426 2518 3481 fuerimus
2544 3428 2824 3496 propensi,
2869 3426 2943 3479 illi
2979 3425 3352 3479 familiaritate
3376 3439 3441 3478 ac

1855 3522 2267 3579 necessitudine
2327 3521 2512 3575 animo
2563 3520 2992 3590 conjungimur,
3047 3526 3101 3573 et
3159 3518 3226 3571 ad
3292 3521 3438 3588 quod

1857 3617 1984 3671 odio
2011 3615 2191 3670 allecti
2234 3629 2447 3677 sumus,
2485 3613 2554 3666 ab
2586 3628 2652 3667 eo
2686 3612 3010 3666 alienamur.
3043 3609 3177 3663 Nam
3219 3610 3333 3664 sive
3362 3609 3431 3663 ad

1858 3709 2095 3769 bonum,
2131 3706 2247 3760 sive
2274 3704 2340 3758 ad
2378 3704 2579 3757 malum
2621 3703 2785 3757 fuerit
2818 3702 3013 3755 animae
3049 3700 3333 3762 habitudo,
3366 3702 3422 3753 in

1855 3801 2035 3853 anima
2067 3794 2476 3866 quodammodo
2501 3794 2766 3849 miscetur
2797 3792 2941 3861 quod
2970 3791 3234 3861 diligitur.
3267 3789 3438 3854 Quid-

1853 3888 1986 3958 quid
2037 3897 2222 3941 autem
2277 3885 2464 3948 fuerit,
2501 3892 2556 3938 et
2599 3884 2687 3937 cui
2730 3882 3121 3935 intermedium
3165 3881 3437 3933 interces-

1855 3980 1994 4033 serit
2026 3977 2238 4037 odium.
2272 3976 2394 4042 ejus
2428 3974 2557 4027 facit
2592 3972 3023 4042 separationem,
3050 3985 3149 4023 seu
3181 3968 3308 4023 boni
3341 3986 3438 4023 seu

1854 4070 2007 4124 mali.
2055 4070 2151 4124 list
2204 4083 2334 4137 ergo
2375 4064 2840 4122 considerandum
2893 4062 3026 4132 quid
3079 4063 3153 4117 sit
3212 4061 3439 4129 quidem

1855 4162 2178 4224 amandum,
2209 4160 2340 4231 quid
2370 4174 2501 4214 vero
2532 4160 2603 4213 sit
2638 4172 2668 4211 a
2710 4164 2907 4211 natura
2942 4155 3069 4209 odio
3102 4154 3437 4217 habendum,

1855 4260 1916 4307 ut
1952 4254 2007 4307 in
2037 4260 2285 4322 tempore
2316 4258 2536 4305 utentes
2590 4249 2694 4302 hac
2736 4248 2909 4301 animi
2959 4245 3270 4307 all‘ectione,
3321 4252 3376 4300 et
3408 4261 3439 4299 a

1855 4346 2015 4399 malis
2063 4343 2228 4397 alieni
2278 4343 2583 4397 evadamus
2627 4355 2726 4411 per
2756 4340 2966 4403 odium,
3001 4347 3214 4392 etcum
3262 4337 3440 4391 bono«

1854 4449 1975 4487 rum
2000 4435 2223 4487 ~natura
2276 4440 2777 4499 contemperemur.
2820 4427 2886 4481 Et
2918 4428 3127 4481 utinam
3179 4426 3281 4480 hoc
3313 4435 3442 4481 ante

1852 4526 2037 4578 omnia
2086 4524 2374 4578 hominum
2423 4522 2721 4577 doceretur
2753 4529 2976 4583 natura,
3018 4518 3087 4573 ad
3117 4519 3442 4573 discernen-

1851 4614 2004 4680 dum,
2039 4615 2285 4684 inquam,
2316 4613 2521 4666 bonum
2553 4620 2610 4666 et
2646 4612 2960 4675 honestum,
2984 4618 3037 4663 et
3068 4609 3121 4662 id
3147 4609 3293 4678 quod
3328 4624 3440 4662 non

1849 4712 1935 4760 est
1959 4704 2269 4773 ejusmodi!
2304 4700 2427 4756 Non
2466 4702 2613 4756 enim
2643 4701 2713 4755 ad
2747 4702 2914 4754 vitam
2948 4708 3195 4753 nostram
3230 4698 3439 4753 aditum

1850 4794 2118 4849 haberent
2147 4792 2317 4846 animi
2349 4791 2817 4861 perturbationes,
2853 4790 2899 4844 si
2936 4788 2991 4842 id
3012 4788 3161 4858 quod
3200 4798 3285 4843 est
3318 4788 3425 4842 bo-

1851 4902 1983 4941 num
2035 4901 2329 4941 nossemus
2385 4885 2454 4937 ah
2501 4883 2684 4936 initio.
2757 4880 2915 4935 Nunc
2967 4888 3150 4934 autem
3214 4894 3438 4933 sensum

1851 4985 2133 5048 expertem
2167 4977 2422 5039 rationis,
2450 4974 2692 5041 judicem
2721 4973 2848 5026 boni
2873 4982 2927 5026 et
2954 4972 3167 5027 honesti
3197 4971 3437 5041 primum

178 5071 295 5125 κατ’
325 5071 499 5141 ἀρχὰς
547 5072 870 5144 ἐγγινομένῃ
908 5072 1037 5143 περ)⁸
1068 5070 1175 5123 τῶν
1222 5070 1389 5123 ὄντων
1429 5070 1627 5135 κρίσει,
1658 5068 1750 5122 καὶ

1858 5069 2146 5133 facientes,
2179 5069 2343 5124 simul
2377 5068 2579 5121 alimur
2609 5079 2735 5117 cum
2770 5078 2836 5119 eo
2864 5064 3075 5132 judicio
3110 5063 3179 5116 de
3218 5063 3287 5116 iis
3317 5076 3440 5131 quae

180 5160 365 5215 τούτου
399 5161 560 5231 χάριν
591 5161 1059 5224 δυσαποσπάστως
1096 5160 1293 5231 ἔχομεν
1320 5159 1428 5213 τῶν
1456 5162 1522 5231 τῇ
1559 5159 1753 5230 αἰσθή-

182 5269 262 5305 σει
286 5250 644 5319 νομισθέντων
674 5246 814 5303 εἶναι
836 5250 1038 5313 καλῶν,
1071 5250 1281 5311 ἐαυτοίς
1306 5247 1404 5319 τὴν
1431 5245 1559 5317 περὶ
1578 5243 1752 5299 ταῦτα

182 5344 359 5417 σχέσιν
386 5345 451 5415 τῇ
489 5341 786 5413 συντροφία
819 5343 1164 5412 ποιήσαντες.

250 5614 423 5671 Καλδν
459 5614 704 5683 φαίνεται
744 5616 858 5679 τοῖς
897 5612 1209 5685 ἀνθρώποις
1237 5614 1267 5667 ὃ
1304 5612 1601 5684 ὀφθαλμοῖς
1628 5629 1750 5666 τινα

186 5708 366 5778 ἡδονὴν
394 5706 484 5761 διὰ
509 5709 607 5778 τῆς
636 5706 887 5779 εύχροίας
913 5706 1208 5779 ἐντίθησιν,
1241 5704 1349 5761 εἴτε
1375 5708 1433 5761 ἐν
1468 5709 1532 5776 τῇ
1557 5704 1749 5776 ἀψύχῳ

1859 5170 2010 5222 sunt,
2061 5158 2210 5229 quod
2259 5159 2404 5213 inest
2446 5172 2475 5209 a
2527 5153 2825 5225 principio,
2872 5162 2928 5207 et
2979 5153 3100 5205 ideo
3148 5149 3441 5203 dilIiculter

1860 5252 2150 5308 avellitnur
2195 5251 2263 5305 ab
2302 5251 2371 5305 iis
2407 5265 2530 5319 quae
2578 5248 2719 5301 bona
2759 5261 2882 5300 esse
2925 5258 3123 5298 sensus
3152 5241 3440 5295 existima-

1852 5344 1952 5405 vit.
2002 5351 2063 5397 ut
2109 5343 2203 5410 qui
2263 5343 2473 5395 ﬁrmam
2520 5354 2585 5392 ac
2628 5337 2883 5391 stabilem
2930 5335 3091 5388 nobis
3136 5332 3438 5387 fecerimus

1856 5437 2261 5498 habitudinem,
2323 5451 2389 5490 eo
2442 5432 2590 5504 quod
2633 5446 2759 5486 cum
2814 5429 2884 5483 iis
2934 5427 3098 5482 simul
3147 5425 3335 5481 educti
3383 5432 3440 5481 et

1854 5529 2080 5584 enutriti
2112 5542 2324 5583 sumus.

1927 5619 2223 5674 Pulchrum
2266 5616 2486 5671 videtur
2533 5612 2874 5677 hominibus,
2918 5607 3066 5681 quod
3120 5607 3301 5661 oculis
3338 5620 3437 5677 per

1857 5712 2060 5769 bonum
2096 5710 2335 5765 colorem
2381 5705 2538 5762 alfert
2569 5705 2906 5775 voluptatem
2946 5701 3063 5757 sive
3100 5700 3156 5755 in
3191 5698 3430 5753 inanima
3542 5718 3545 5721 ν
