3846 6220
463 283 570 340 735

1703 299 1765 354 S.
1789 298 2116 356 GliEGOllll
2145 299 2434 357 NYSSENI

3651 295 3755 345 77.6

463 394 718 460 materia,
751 395 868 452 sive
893 397 948 452 in
979 399 1242 458 animatas
1275 406 1628 474 spectaculis.
1664 408 1889 464 Auditui
1927 415 2042 481 pul-

2155 412 2278 486 ῦλη,
2309 416 2417 467 εἴτε
2450 415 2506 465 ἐν
2535 415 2646 476 τοῖς
2681 410 2946 482 ἐμψύχοις
2976 409 3234 481 θεάμασι.
3270 408 3448 463 Καλὸν
3482 410 3558 479 τῇ
3607 410 3748 479 ἀκοῇ

461 488 596 542 chra
645 505 735 546 res
772 501 856 545 est
906 491 1164 548 mclodia.
1207 496 1264 550 In
1314 499 1608 568 saporibus
1646 518 1868 573 quoque
1909 516 1963 559 ct
1997 507 2051 560 in

458 579 727 636 odoribus
777 582 1052 652 ejusmodi
1097 586 1304 641 bonum
1363 605 1427 643 ac
1475 592 1770 660 pulchrum
1819 595 2050 658 definit.

463 669 598 725 illud
631 671 853 742 quidem
896 685 1113 744 gustus,
1152 679 1256 733 boc
1291 695 1422 735 vero
1467 682 1751 740 odoratus.
1793 683 2049 742 Omnium

459 773 644 818 autem
681 767 1097 835 gravissimum,
1133 782 1188 826 et
1219 787 1249 824 a
1278 774 1491 830 ratione
1527 777 1932 834 alienissimum
1967 793 2052 836 est

461 862 666 918 tactus,
702 872 796 925 per
823 874 986 927 quem
1019 860 1396 931 intemperans
1427 865 1702 935 voluptas,
1733 869 1787 922 in
1812 886 1878 924 eo
1901 874 2049 941 quod

461 946 753 1014 pulchrum
793 958 879 1004 est
913 951 1295 1019 dijudicando,
1350 958 1558 1024 primas
1597 961 1743 1030 apud
1788 971 2045 1018 naturam

460 1045 650 1104 partes
675 1048 840 1094 tenet.
867 1040 1139 1106 Quoniam
1163 1060 1293 1114 ergo
1318 1061 1518 1104 sensus
1539 1065 1663 1107 cum
1692 1055 2049 1110 nascentibus

461 1127 624 1184 nobis
661 1131 848 1188 statim
895 1133 1174 1200 oriuntur,
1217 1147 1428 1193 etcum
1477 1142 1558 1196 eis
1607 1143 1663 1198 in
1709 1145 1889 1214 primo
1925 1147 2049 1200 vita:

461 1216 622 1272 initio
672 1221 858 1276 statim
913 1239 1234 1293 versamur;
1267 1229 1321 1284 vi
1367 1239 1548 1287 autem
1600 1237 1872 1292 sentiendi
1919 1256 2044 1294 cum

459 1308 573 1362 vita
609 1325 640 1363 a
683 1314 900 1371 ratione
931 1317 1112 1372 aliena
1145 1335 1342 1391 magna
1383 1331 1470 1378 est
1504 1323 1892 1382 familiaritas:
1917 1345 2044 1384 οιιι-

459 1402 553 1455 nia
599 1405 746 1458 enim
795 1409 1066 1477 ejusmodi
1120 1421 1428 1468 cernuntur
1469 1416 1634 1471 etiam
1692 1419 1748 1474 in
1799 1419 2041 1477 bestiis:

461 1511 619 1549 inens
657 1507 838 1554 autem
874 1502 1280 1571 quodammodo
1303 1505 1598 1576 impeditur
1634 1523 1665 1563 a
1718 1525 1818 1566 sua
1849 1527 2046 1583 opera-

459 1586 635 1647 tione.
674 1596 734 1642 ut
779 1608 946 1661 quam
975 1610 1086 1649 non
1125 1596 1308 1666 capiat
1339 1597 1597 1664 infantia,
1645 1608 1699 1655 et
1729 1604 1914 1674 aliqua
1959 1621 2044 1660 ra-

464 1678 619 1735 tione
643 1684 973 1752 exprimitur
1001 1703 1031 1740 a
1063 1687 1347 1744 dominatu
1383 1707 1583 1748 sensus
1613 1696 1707 1764 qui
1733 1705 1820 1750 est
1846 1714 2043 1768 expers

460 1773 699 1829 rationis
725 1793 738 1830 :
764 1786 1053 1847 propterea
1087 1780 1260 1836 falsus
1296 1793 1350 1837 et
1375 1784 1641 1841 aberrans
1665 1804 1800 1843 usus
1822 1764 2040 1845 amandi
2077 1764 2118 1820 Β

460 1859 788 1926 :ifiectionis,
841 1868 1174 1938 principium
1221 1880 1308 1928 est
1359 1881 1414 1927 et
1461 1873 1880 1932 fundamentum
1924 1881 2048 1936 vitae

460 1969 583 2020 qua:
613 1957 667 2009 in
708 1957 841 2012 vitio
867 1961 1071 2030 agitur.
1108 1961 1243 2017 Nam
1277 1966 1536 2036 quoniam
1587 1969 1787 2039 duplex
1822 1981 1908 2029 est
1950 1989 2047 2028 no-

459 2046 550 2100 bis
594 2057 812 2115 natura,
849 2067 1044 2123 nempe
1085 2063 1140 2110 et
1177 2072 1242 2111 eo
1269 2059 1417 2128 quod
1453 2061 1556 2116 sub
1597 2062 2046 2135 intelligentiam,

459 2143 516 2188 et
543 2151 610 2190 eo
637 2139 781 2207 quod
816 2143 921 2197 sub
953 2160 1176 2201 sensum
1207 2149 1353 2204 cadit
1373 2161 1809 2223 contemperata,
1844 2157 2043 2227 duplex

459 2240 866 2299 consequenter
894 2243 979 2290 est
1006 2238 1168 2294 nobis
1199 2239 1332 2305 vita,
1375 2258 1498 2313 quae
1532 2244 1588 2298 in
1629 2255 1864 2316 utroque
1901 2249 2047 2305 inest

459 2323 908 2380 convenienter:
949 2332 1316 2400 corporaliter
1359 2335 1583 2404 quidem
1632 2342 1770 2407 parti
1827 2344 2043 2398 sensili.

461 2414 624 2467 alteri
689 2425 872 2472 autem
933 2420 1377 2492 incorporaliter.
1427 2427 1694 2484 Similiter
1750 2440 1932 2487 autem
1991 2443 2046 2489 et

458 2505 605 2572 quod
628 2515 715 2560 est
748 2507 978 2575 bonum,
1015 2521 1070 2566 et
1102 2515 1248 2583 quod
1293 2532 1400 2573 non
1433 2528 1519 2574 est
1556 2519 1896 2589 bnjusmodi,
1935 2541 2042 2579 non

458 2594 602 2650 idem
623 2610 710 2653 est
740 2602 961 2672 utrique
988 2607 1110 2660 vita:
1135 2617 1340 2664 nostrae
1363 2614 1574 2680 generi,
1610 2615 1704 2670 sed
1734 2617 1786 2671 id
1819 2619 2041 2688 quidem

458 2689 605 2757 quod
642 2694 947 2764 percipitur
987 2698 1372 2771 intelligentia,
1408 2704 1458 2757 ei
1487 2721 1608 2774 qua:
1642 2709 1792 2763 cadit
1819 2712 1922 2765 sub
1955 2714 2038 2765 in-

458 2783 820 2852 telligentiam
851 2805 863 2840 :
899 2791 1090 2844 sensili
1126 2803 1308 2847 autem
1345 2803 1400 2848 et
1447 2811 1730 2867 corporeae
1760 2803 1905 2870 parti
1938 2805 2044 2858 tale

454 2873 622 2940 quate
670 2877 784 2928 vult
827 2893 1049 2935 sensus.
1099 2880 1370 2947 Quoniam
1409 2900 1541 2956 ergo
1582 2903 1782 2945 sensus
1821 2893 2042 2961 quidem

457 2966 624 3019 simul
654 2969 902 3022 nascitur
926 2986 1052 3025 cum
1086 2974 1264 3042 primo
1288 2985 1436 3040 ortu,
1462 2995 1617 3035 mens
1638 2990 1820 3036 autem
1849 3000 2044 3054 exspe-

455 3065 574 3110 ctat
597 3065 655 3110 ut
680 3069 941 3115 excurrat
968 3071 1102 3119 tetas
1135 3065 1202 3120 ad
1234 3071 1639 3141 symmetriam,
1679 3084 1737 3128 ut
1769 3077 1886 3146 ipsa
1911 3095 2042 3147 pos-
2073 3109 2118 3170 ο

461 3148 534 3202 sit
581 3151 848 3218 paulatim
902 3170 1168 3226 apparere
1216 3159 1270 3213 in
1325 3161 1599 3230 subjecto,
1641 3180 1706 3220 ea
1751 3168 1820 3223 de
1873 3185 2042 3227 causa

457 3254 661 3294 sensus
694 3242 1039 3300 dominatum
1071 3248 1289 3304 obtinet
1324 3251 1380 3304 in
1413 3261 1651 3309 mentem
1679 3271 1802 3326 quae
1836 3262 2041 3314 sensim

458 3332 695 3397 accedit,
733 3343 789 3390 et
834 3351 1054 3408 semper
1102 3343 1373 3397 assuescit
1405 3345 1452 3398 ei
1481 3346 1630 3415 quod
1663 3351 1839 3420 magis
1876 3353 2045 3406 abun-

459 3422 640 3479 datad
675 3427 722 3480 ei
769 3428 1160 3497 obediendum,
1197 3433 1333 3488 illud
1363 3436 1566 3491 bonum
1605 3441 1689 3494 vel
1726 3444 1927 3497 malum
1950 3446 2043 3513 ju-

455 3515 674 3582 dicans,
703 3521 847 3588 quod
899 3523 1265 3590 expetendum
1313 3527 1401 3582 vel
1433 3529 1795 3597 rejieiendum
1841 3552 2042 3592 sensus

461 3610 744 3665 statuerit.
784 3612 904 3676 Quo
942 3615 1020 3676 fit,
1058 3623 1117 3668 ut
1153 3616 1226 3670 sit
1256 3617 1418 3673 nobis
1450 3619 1684 3676 arduum
1725 3635 1782 3678 et
1823 3626 2044 3682 diflicile

458 3713 649 3752 verum
713 3702 915 3757 bonum
981 3714 1162 3761 mente
1216 3713 1721 3783 comprehendere;
1783 3721 2040 3787 quoniam

456 3799 829 3866 praeoccupati
849 3814 1045 3854 sumus
1071 3803 1352 3858 sentiendi
1376 3806 1758 3864 instrumentis
1779 3855 1793 3874 .
1812 3829 1878 3866 eo
1898 3813 2042 3884 quod

455 3885 696 3941 delectat
723 3896 777 3943 et
807 3889 992 3946 laetitia
1019 3893 1218 3958 afficit,
1245 3896 1450 3951 bonum
1488 3908 1544 3953 et
1586 3902 1878 3958 honestum
1930 3906 2042 3959 cir-

454 3981 924 4038 cumscribentes.
975 3985 1267 4050 Quomodo
1316 3989 1464 4044 enim
1509 3991 1624 4046 fieri
1678 4009 1786 4048 non
1841 4006 2039 4065 potest,

456 4073 604 4126 ntad
619 4089 740 4127 eam
772 4092 896 4146 qua:
924 4080 1083 4133 estin
1113 4082 1270 4135 cmlis
1303 4083 1773 4152 pulchritudinem
1807 4090 2045 4159 aspicia-

458 4183 602 4228 mus.
632 4169 678 4221 si
714 4183 895 4225 aerem
919 4173 1012 4242 qui
1047 4183 1134 4229 est
1175 4191 1345 4245 supra
1383 4187 1550 4247 caput
1592 4180 1771 4250 caligo
1808 4183 2044 4239 interce-

454 4260 646 4326 perit:
684 4261 758 4314 ita
786 4278 889 4317 nec
915 4265 1114 4319 oculus
1159 4267 1358 4322 animae
1401 4269 1470 4322 ad
1513 4269 1768 4325 virtutem
1824 4274 2040 4342 aspicit,

453 4351 502 4404 si
542 4367 638 4420 per
667 4354 1028 4423 voluptatem,
1063 4357 1233 4412 veluti
1275 4360 1572 4428 quamdam
1609 4361 1900 4431 caliginem
1923 4364 2044 4433 ejus

2154 507 2214 558 τὸ
2262 505 2559 576 μελῲδημα
2597 522 2612 537 ·
2665 506 2758 558 καὶ
2802 505 2861 558 ἐν
2902 507 3014 567 τοῖς
3059 507 3251 574 χυμοῖς
3295 503 3350 555 δέ
3402 504 3499 555 καὶ
3547 505 3608 554 ὲν
3635 505 3750 564 τοῖς

2151 599 2339 670 ὀσμοτς
2392 600 2555 652 καλὸν
2606 599 2868 670 ὁρίζεται,
2903 598 2964 650 τὺ
3009 596 3108 666 μὲν
3157 597 3189 666 ὴ
3243 594 3452 662 γεῦσις,
3498 593 3568 645 τὸ
3612 594 3671 645 δὲ
3718 594 3748 660 ἡ

2149 691 2435 763 ὄσφρησις.
2483 692 2557 744 Τὸ
2590 691 2647 744 δὲ
2681 693 2897 745 πάντων
2951 688 3254 760 ϐαρύτατόν
3296 703 3354 739 τε
3399 686 3495 738 καὶ
3534 684 3750 753 ἀλογώ-

2151 784 2309 836 τατόν
2340 786 2486 836 ἐστιν
2521 785 2554 854 ἡ
2588 784 2720 853 ἁφὴ,
2767 783 2833 835 δι’
2863 776 2931 853 ἧς
2957 781 2992 852 ἡ
3031 779 3325 840 ἀκόλαστος
3352 776 3521 847 ἡδονὴ
3553 778 3652 829 ἐπὶ
3685 780 3748 845 τῇ

2149 874 2243 928 τοῦ
2274 876 2440 928 καλοῦ
2471 876 2637 945 ψήφῳ
2673 872 2994 946 προτερεύει
3038 874 3106 942 τῇ
3140 870 3318 940 φύσει.
3363 870 3524 922 Ἐπεὶ
3555 864 3656 921 οῦν
3697 872 3753 920 αἱ

2150 967 2431 1038 αἰσθήσεις
2450 970 2580 1039 ἡμῖν
2603 967 2763 1030 εὐθὺς
2794 965 3099 1034 γινομένοις
3126 963 3635 1021 συναποτίκτονται,
3659 964 3756 1013 καί

2149 1056 2425 1130 ταύτα[ις]
2475 1058 2626 1130 παρὰ
2672 1058 2771 1128 τὴν
2817 1056 3044 1127 πρώτην
3094 1055 3238 1126 ζωὴν
3279 1051 3753 1123 σεῦα-τρεφόμεθα·

2150 1148 2317 1220 πολλὴ
2345 1148 2400 1200 δέ
2425 1151 2540 1202 ἐστι
2574 1152 2638 1220 τῇ
2670 1149 2960 1219 αἰσθητικῇ
2991 1147 3217 1217 δυνάμει
3247 1145 3381 1216 πρὸς
3408 1146 3509 1215 τὴν
3546 1145 3756 1212 ἄλογον

2149 1239 2294 1310 ζωὴν
2321 1241 2353 1310 ἡ
2385 1239 2682 1304 οἰκείωσιςο
2715 1240 2894 1293 πάντα
2925 1238 3033 1310 γὰρ
3066 1237 3134 1291 τά
3158 1238 3380 1290 τοιαῦτα
3408 1236 3604 1289 καὶέν
3631 1238 3756 1297 τοῖς

2147 1327 2364 1396 ἀλόγοις
2396 1331 2618 1399 δρᾶται⁶
2648 1329 2676 1379 6
2707 1326 2762 1377 δὲ
2793 1327 2916 1391 νοῦς
2947 1325 3294 1397 ἐμποδίζεταί
3325 1343 3440 1388 πως
3468 1325 3618 1396 πρὸς
3646 1326 3757 1394 τὴν

2145 1417 2350 1470 οἰκείαν
2397 1417 2675 1487 ἐνέργειαν
2724 1415 2830 1469 ὑπὸ
2879 1416 2980 1487 τῆς
3029 1415 3352 1486 νηπιότητος
3398 1414 3473 1487 μὴ
3521 1413 3754 1486 χωροῦ-

2149 1525 2308 1578 μενος
2336 1548 2350 1571 ,
2403 1508 2519 1562 ἀλλ’
2550 1508 2856 1562 ἐκθλίϐεται
2883 1509 3086 1581 τρόπον
3116 1509 3238 1562 τινὰ
3272 1510 3337 1578 τῇ
3370 1509 3754 1580 ἐπικρατήσει

2145 1601 2244 1670 τῆς
2277 1602 2624 1674 ἀλογωτέρας
2663 1602 2993 1676 αἰσθήσεως,
3023 1601 3111 1655 διὰ
3151 1600 3308 1655 τοῦτο
3337 1601 3751 1670 πεπλανημένη

2146 1709 2206 1744 τε
2260 1694 2353 1746 καὶ
2417 1695 2832 1766 διημαρτημένη
2889 1694 2988 1762 τῆς
3039 1695 3387 1766 ἀγαπητικῆς
3439 1694 3753 1756 διαθέσεως

2149 1787 2366 1856 χρῆσις,
2402 1785 2546 1856 ἀρχὴ
2579 1785 2674 1838 καὶ
2703 1785 2960 1848 ὑπόθεσις
3001 1783 3095 1838 τοῦ
3128 1784 3269 1838 κατά
3301 1786 3496 1839 κακίαν
3524 1785 3750 1853 γίνεται

2151 1878 2286 1949 βίου.
2335 1876 2550 1947 Ἐπειδὴ
2579 1876 2688 1947 γὰρ
2716 1876 2879 1947 διπλῆ
2906 1878 2987 1942 τίς
3022 1879 3170 1930 ἐστιν
3194 1879 3323 1948 ⁴ἡμῖν
3363 1879 3398 1947 ἡ
3432 1876 3628 1944 φύσις,
3666 1877 3750 1945 τῷ

2147 1969 2324 2042 νοητῷ
2345 1987 2404 2022 τε
2440 1969 2533 2023 καὶ⁸
2566 1968 2808 2040 αἰσθητῷ
2840 1971 3279 2041 συγκεκραμένη,
3308 1969 3469 2040 διπλῆ
3500 1969 3656 2022 κατά
3685 1970 3752 2022 τὸ

2147 2059 2442 2114 ἀκόλουθόν
2471 2060 2618 2112 ἐστιν
2649 2061 2782 2129 ἡμῖν
2811 2059 2965 2130 καὶὴ
2993 2059 3136 2132 ζωὴ,
3185 2060 3461 2130 ἑκατέρων
3509 2061 3572 2113 ἐν
3608 2062 3752 2130 ἡμῖν

2147 2151 2496 2222 καταλλήλως
2522 2152 2869 2223 ἐγγινομένη,
2902 2151 3224 2222 σωματικῶς
3259 2153 3356 2222 μὲν
3381 2152 3462 2223 τῷ
3489 2153 3749 2224 αἰσθητῷ

2150 2244 2328 2316 μέρει,
2363 2243 2441 2314 τῷ
2482 2243 2538 2295 δέ
2586 2244 2760 2314 ἑτέρῳ
2791 2245 3118 2314 ἀσωμάτως.
3166 2243 3440 2306 Ὡσαύτως
3468 2244 3526 2297 δὲ
3554 2245 3654 2297 καὶ
3679 2243 3748 2296 τὸ

2147 2336 2312 2389 καλόν
2341 2353 2398 2388 τε
2429 2336 2524 2388 καὶ
2567 2335 2643 2405 μὴ
2677 2333 2939 2398 τοιοῦτον,
2974 2334 3033 2388 οὐ
3062 2335 3122 2388 τὸ
3154 2335 3286 2388 αὐτό
3309 2337 3460 2388 ἐστιν
3487 2336 3745 2406 ἐκατέρῳ

2144 2427 2222 2499 τῷ
2250 2429 2346 2498 τῆς
2372 2427 2516 2497 ζωῆς
2538 2427 2696 2498 ἡμῶν
2723 2427 2875 2488 εἴδει,
2903 2427 3039 2480 ἀλλά
3069 2427 3260 2498 νοητὸν
3282 2427 3402 2497 μὲν.
3428 2426 3510 2496 τῷ
3535 2427 3740 2497 νοητῷ·

2145 2520 2222 2590 τῷ
2252 2521 2307 2572 δὲ
2333 2518 2576 2589 αἰσθητῷ
2614 2536 2674 2571 τε
2705 2519 2798 2571 καὶ
2831 2519 3131 2589 σωματικῷ
3162 2520 3317 2590 μέρει
3345 2519 3596 2572 τοιοῦτον
3629 2515 3742 2572 οἷον

2146 2615 2180 2682 ἡ
2215 2612 2468 2683 αἴσθησις
2501 2611 2772 2682 βούλεται.
2821 2609 2973 2664 Ἐπεὶ
3002 2607 3095 2665 οῦν
3124 2614 3157 2681 ἡ
3195 2613 3294 2681 μὲν
3339 2612 3602 2682 αἴσθησις
3628 2613 3744 2681 ἅμα

2145 2709 2213 2776 τῇ
2251 2705 2443 2778 πρώτῃ
2474 2705 2688 2773 γενέσει
2721 2705 3048 2776 συμφύεται,
3073 2709 3100 2759 6
3121 2705 3177 2759 δὲ
3204 2705 3327 2769 νοῦς
3356 2707 3625 2776 ἀναμένει
3643 2707 3742 2776 τὴν

2147 2801 2226 2861 είς
2265 2802 2325 2852 τὸ
2355 2798 2667 2870 σύμμετρον
2705 2799 2804 2869 τῆς
2837 2799 3052 2870 ἡλικίας
3094 2798 3424 2870 ἀναδρομὴν,
3459 2798 3608 2852 ὥστε
3653 2800 3742 2850 δυ-

2147 2890 2374 2961 νηθῆναι
2414 2892 2533 2942 κατ’
2565 2891 2743 2958 ὀλίγον
2774 2891 3080 2962 ἐμφανῆναι
3107 2890 3184 2960 τῷ
3209 2891 3585 2961 ὑποκειμένῳ,
3617 2891 3740 2943 τού-

2147 2999 2241 3034 του
2274 2981 2433 3052 χάριν
2461 2981 2845 3035 δυναστεύεται
2879 2981 2986 3034 ὑπὸ
3022 2981 3120 3052 τῆς
3166 2981 3476 3052 αἰσθήσεως
3501 2982 3531 3033 6
3565 2981 3692 3044 νοῦς
3716 2984 3744 3034 6

2149 3073 2290 3127 κατά
2339 3073 2530 3145 μικρὸν
2564 3073 2943 3143 ἐγγινόμενος,
2981 3073 3074 3126 καὶ
3108 3072 3250 3126 κατά
3295 3073 3503 3144 κράτος
3547 3073 3641 3126 ἀεὶ
3669 3070 3742 3142 τῷ

2148 3163 2496 3228 πλεονάζοντι
2544 3165 2679 3236 πρὸς
2723 3165 2784 3217 τὸ
2833 3165 3129 3218 ὑπακούειν
3175 3164 3324 3234 αὐτῷ
3370 3164 3740 3230 συνεθξζεται,

2147 3259 2322 3310 ἐκεῖνο
2349 3255 2510 3309 καλὸν
2542 3256 2574 3326 ἢ
2613 3255 2814 3325 φαῦλον
2843 3257 3065 3328 κρίνων,
3099 3257 3236 3328 ὅπερ
3271 3256 3338 3309 ἂν
3366 3257 3398 3327 ἢ
3437 3257 3740 3328 προέληται

2145 3349 2178 3419 ἢ
2230 3348 2478 3418 ἀποϐάλῃ
2526 3349 2559 3418 ή
2604 3347 2875 3419 αἴσθησις.
2912 3347 3012 3400 Διά
3059 3347 3216 3400 τοῦτο
3276 3348 3488 3419 χαλεπή
3532 3365 3599 3400 τε
3652 3350 3744 3400 καὶ

2145 3442 2588 3512 δυσκατόρθωτος
2615 3441 2747 3511 ἡμῖν
2781 3443 2814 3510 ή
2849 3440 2943 3493 τοῦ
2979 3440 3194 3511 ἀληθῶς
3225 3440 3432 3507 ἀγαθοῦ
3465 3442 3743 3512 κατανόη-

2147 3552 2229 3597 σις
2260 3535 2502 3602 γίνεταιο
2531 3534 2614 3586 ὅτι
2657 3533 3074 3604 προειλήμμεθα
3104 3537 3216 3596 τοῖς
3251 3532 3600 3604 αἰσθητικοῖς
3627 3553 3745 3605 κρι-

2143 3628 2376 3698 τηρίοις,
2420 3627 2478 3679 ἐν
2525 3625 2604 3696 τῷ
2647 3624 2992 3696 εὑφραίνοντί
3033 3643 3094 3678 τε
3137 3626 3228 3678 καὶ
3268 3626 3452 3696 ἥδοντι
3481 3627 3544 3680 τὸ
3580 3627 3746 3679 καλὸν

2145 3719 2468 3790 ὁριζόμενοι.
2505 3719 2716 3789 Ὥσπερ
2747 3717 2856 3788 γάρ
2887 3717 2987 3770 οῦκ
3019 3717 3133 3770 ἐστι
3171 3717 3307 3786 πρὸς
3334 3718 3403 3770 τά
3431 3719 3495 3770 ἐν
3520 3720 3744 3790 ούρανῴ

2146 3809 2316 3879 κάλλη
2349 3808 2588 3879 βλέπειν,
2624 3809 2857 3880 ὁμίχλης
2887 3809 2976 3861 τὸν
3009 3809 3150 3878 ὑπὲρ
3178 3809 3420 3879 κεφαλῆς
3449 3810 3596 3880 ἀέρα
3627 3811 3744 3864 δια-

2144 3899 2445 3970 λαϐούσηςο
2480 3898 2652 3962 οῦτως
2689 3899 2808 3952 ούδέ
2855 3899 2884 3950 6
2924 3900 3023 3969 τῆς
3076 3898 3255 3968 ψυχῆς
3286 3898 3570 3968 ὀφθαλμὸς
3606 3900 3745 3970 πρὸς

2144 3993 2245 4062 τὴν
2288 3992 2487 4063 ἀρετὴν
2533 3992 2762 4062 καθορᾷ,
2805 3987 2916 4043 οἷον
2963 3989 3122 4060 ἀχλύῖ
3156 3992 3264 4044 τινὶ
3313 3991 3447 4061 πρὸς
3483 3991 3586 4061 τὴν
3623 3993 3747 4060 δψιν

2144 4083 2231 4136 διά
2258 4083 2358 4153 τῆς
2383 4083 2577 4153 ἡδονῆς
2619 4081 3039 4152 ἀναλαϐόμενος.
3091 4082 3246 4134 Ἐπεὶ
3289 4077 3380 4134 οῦν
3421 4085 3455 4152 ὴ
3512 4082 3618 4151 μὲν
3659 4084 3747 4135 af-

2148 4176 2339 4246 σθησις
2380 4175 2517 4246 πρὸς
2562 4176 2662 4245 τὴν
2713 4174 2909 4246 ἡδονὴν
2956 4173 3168 4244 βλέπει,
3201 4176 3230 4227 6
3260 4174 3315 4227 δέ
3357 4174 3484 4238 νοῦς
3517 4175 3611 4228 διὰ
3649 4177 3746 4245 τῆς

2145 4268 2338 4338 ἡδονῆς
2390 4267 2526 4338 πρὸς
2571 4268 2673 4339 τὴν
2719 4267 2921 4337 ἀρετὴν
2973 4267 3106 4335 ὁρᾷν
3157 4265 3546 4337 ἐμποδίζεται,
3603 4266 3748 4337 αὕτη

2145 4359 2354 4429 γίνεται
2381 4361 2414 4430 ἡ
2442 4359 2543 4428 τῆς
2575 4358 2773 4422 κακίας
2796 4357 2958 4430 ἀρχὴ,
2985 4357 3123 4411 διότι
3147 4357 3246 4430 τὴν
3269 4357 3465 4426 ἄλογον
3495 4358 3633 4430 περὶ
3653 4358 3748 4414 τοῦ

449 4443 794 4500 obtundatur
833 4448 1010 4503 visus.
1062 4448 1335 4515 Quoniam
1387 4466 1520 4522 ergo
1577 4467 1778 4508 sensus
1819 4455 2040 4522 quidem

2147 4447 2312 4501 καλοῦ
2343 4448 2524 4519 κρίσιν
2546 4447 2640 4501 καὶ
2665 4449 2693 4500 6
2715 4446 2840 4511 νοῦς
2861 4449 2964 4501 ὑπὸ
2994 4448 3093 4519 τῆς
3123 4446 3430 4519 αἰσθήσεως
3450 4447 3751 4504 δυναστευ-

452 4537 654 4606 aspicit
675 4538 742 4594 ad
764 4541 1116 4610 voluptatem.
1164 4557 1321 4598 mens
1363 4553 1544 4598 autem
1597 4545 1895 4614 impeditur
1945 4562 2040 4616 per

455 4629 789 4699 voluptatem
835 4648 904 4688 ne
923 4635 1107 4689 videat
1131 4634 1419 4697 virtutem,
1457 4635 1562 4690 hoc
1581 4643 1668 4690 est
1706 4636 2038 4706 principium

453 4721 596 4784 vitii,
642 4723 900 4791 quoniam
953 4740 986 4778 a
1032 4725 1247 4779 ratione
1301 4727 1543 4782 alienum
1587 4727 1657 4781 de
1687 4729 1832 4783 bono
1862 4737 1917 4783 et
1939 4729 2041 4783 bo-

454 4814 914 4882 nestojudicium,
945 4833 1099 4873 mens
1128 4834 1370 4889 quoque,
1409 4819 1465 4872 in
1494 4833 1659 4888 quam
1690 4836 1889 4874 sensus
1938 4823 2036 4875 ob-

450 4903 592 4960 tinet
621 4905 988 4972 dominatum,
1027 4925 1131 4964 suo
1186 4911 1513 4981 comprobat
1557 4910 1844 4980 suffragio.
1889 4920 1943 4966 et
1990 4913 2034 4966 si

451 4996 658 5052 dixerit
693 5001 888 5055 oculus
909 5002 1202 5071 pulchrum
1233 5013 1288 5058 et
1324 5003 1612 5058 honestum
1649 5019 1772 5059 esse
1805 5004 1859 5057 in
1891 5005 2037 5058 bono

449 5090 640 5144 colore
661 5091 783 5160 ejus
812 5092 959 5160 quod
983 5094 1258 5157 cernitur,
1286 5111 1354 5150 eo
1388 5109 1610 5165 quoque
1647 5096 1827 5165 vergit
1873 5096 2038 5149 intel-

450 5183 700 5252 ligentia.
731 5183 796 5237 Et
826 5185 1081 5240 similiter
1108 5187 1165 5241 in
1193 5188 1340 5249 aliis.
1374 5187 1424 5242 id
1457 5187 1604 5257 quod
1635 5202 1858 5242 sensum
1889 5188 2041 5242 oble-

450 5283 584 5338 ctat,
644 5275 849 5329 bonum
904 5291 1030 5332 esse
1075 5286 1356 5334 censetur.
1392 5277 1550 5344 Quod
1583 5280 1628 5334 si
1655 5279 1842 5348 aliquo
1875 5279 2039 5332 modo

451 5368 570 5421 fieri
595 5375 800 5436 posset,
840 5377 898 5422 ut
927 5370 1090 5426 nobis
1112 5371 1181 5425 ab
1217 5372 1378 5426 initio
1431 5375 1642 5428 inesset
1685 5372 1753 5425 de
1799 5371 1944 5424 bono
1985 5379 2039 5424 et

452 5457 1000 5528 bonestojudieium,
1032 5472 1216 5518 mente
1250 5463 1304 5516 in
1351 5463 1531 5532 seipsa
1587 5462 1853 5532 probante
1893 5465 2035 5531 quod

451 5548 657 5603 bonum
683 5559 790 5614 est,
829 5567 942 5606 non
974 5553 1207 5611 rationis
1243 5555 1456 5625 experti
1481 5555 1668 5609 sensui
1694 5555 2031 5608 serviremus

453 5649 717 5710 tanquam
761 5644 956 5700 bestiae
995 5645 1052 5701 in
1108 5648 1430 5703 servitutem
1482 5648 1740 5703 redactae.
1789 5646 1856 5701 Ut
1906 5663 2036 5717 ergo

455 5733 583 5788 talis
611 5735 866 5793 confusio
897 5737 1246 5798 discernatur
1283 5741 1338 5797 in
1366 5742 1549 5807 nobis,
1597 5750 1650 5796 et
1688 5743 1738 5797 id
1779 5741 1921 5813 quod
1953 5753 2037 5798 est

2146 4539 2259 4602 θεὶς
2284 4539 2616 4609 ἐπεψήφισε,
2649 4538 2753 4591 κᾶν
2781 4538 2910 4609 εἴπῃ
2955 4539 2984 4590 ὁ
3021 4538 3302 4610 ὀφθαλμὸς
3325 4540 3386 4592 ἐν
3412 4541 3482 4612 τῇ
3519 4541 3750 4613 εὖχροία

2143 4632 2237 4685 τοῦ
2273 4631 2599 4702 φαινομένου
2633 4631 2694 4684 τὸ
2723 4631 2887 4684 καλὸν
2934 4626 3094 4698 εἶναι,
3145 4632 3546 4712 συνεπιρρὲπει
3569 4634 3749 4704 τούτῳ

2143 4726 2240 4778 καὶ
2273 4727 2305 4794 ἡ
2338 4723 2565 4778 διάνοια.
2603 4724 2714 4776 Καὶ
2759 4724 2853 4776 ἐπὶ
2888 4723 2997 4776 τῶν
3025 4722 3231 4804 λοιπῶν
3264 4723 3323 4776 δὲ
3359 4723 3657 4792 ὡσαύτως,
3689 4728 3748 4779 τὸ

2143 4818 2434 4886 εὐφραῖνον
2472 4816 2571 4886 τὴν
2605 4814 2856 4885 αἴσθησιν
2884 4816 2982 4886 τὴν
3023 4815 3118 4869 τοῦ
3151 4809 3325 4870 ’καλοῦ
3359 4816 3546 4888 ψῆφον
3577 4820 3746 4888 ἠνέγ-

2145 4924 2299 4960 κατο.
2332 4908 2395 4960 Et
2419 4906 2475 4960 δέ
2506 4923 2622 4970 πως
2655 4901 2765 4959 οἷόν
2793 4922 2852 4957 τε
2879 4901 2947 4976 ἦν
2979 4906 3037 4972 ἐξ
3071 4907 3247 4979 ἀρχῆς
3278 4909 3412 4980 ἡμῖν
3434 4910 3541 4980 τὴν
3565 4911 3744 4981 ἀληθῆ

2145 5001 2274 5069 περὶ
2296 5000 2391 5052 τοῦ
2418 4999 2584 5053 καλοῦ
2613 5000 2795 5070 κρίσιν
2823 4997 3160 5068 ἐγγίνεσθαι,
3189 5000 3284 5053 τοῦ
3312 5001 3405 5053 νοῦ
3440 5002 3505 5054 τὸ
3538 5004 3745 5070 ἀγαθὸν

2143 5094 2228 5164 ἐφ’
2255 5093 2450 5146 ἐαυτοῦ
2481 5093 2889 5163 δοκιμάζοντος,
2922 5092 3024 5146 οῦκ
3069 5091 3134 5146 ἂν
3161 5095 3229 5163 τῇ
3274 5091 3456 5162 ἀλόγῳ
3485 5095 3742 5166 αἰσθήσει

2141 5185 2530 5257 δεδουλωμένοι
2575 5186 2870 5256 κτηνώδεις
2913 5187 3189 5256 γινόμενοι
3238 5186 3738 5258 κατεδουλούμεθα.

2155 5280 2244 5342 Ὧς
2288 5280 2355 5332 ἂν
2383 5276 2476 5332 οὖν
2507 5281 2540 5350 ἡ
2586 5279 2811 5350 τοιαύτη
2848 5278 3110 5350 σύγχυσις
3152 5279 3212 5331 ἐν
3239 5279 3373 5348 ἡμῖν
3406 5278 3737 5353 διακριθείηι

2141 5373 2234 5425 καὶ
2279 5371 2341 5424 τὸ
2383 5373 2450 5442 τῇ
2501 5369 2659 5441 φύσει
2703 5370 3010 5440 ἀγαπητὸν,
3064 5370 3157 5423 καὶ
3202 5367 3273 5422 τὰ
3314 5369 3526 5442 ἑτέρως
3555 5372 3739 5442 ἔχοντα

2144 5459 2328 5524 πάλιν,
2365 5459 2622 5523 ἀπλανῶς
2654 5459 3041 5530 ἐπιγνωσθείη,
3067 5459 3242 5512 ταῦτά
3267 5477 3404 5530 φησι
3431 5461 3532 5514 νῦν
3560 5465 3590 5516 6
3627 5464 3737 5516 Ἕκ-

2143 5552 2476 5624 κλησιαστὴς
2499 5553 2559 5607 ἐν
2587 5550 2664 5622 τῷ
2692 5551 2858 5622 λόγῳ,
2884 5553 2966 5604 ὅτι
2983 5571 3000 5601 ι
3023 5550 3229 5622 Καιρὸς
3249 5550 3342 5604 τοῦ
3373 5552 3630 5624 φιλῆσαι,
3652 5553 3734 5606 καὶ

2142 5645 2332 5715 καιρὸς
2361 5644 2454 5698 τοῦ
2497 5645 2742 5714 μισῆσαι.
2777 5663 2795 5696 ι
2820 5645 2898 5697 Δι’
2926 5637 3000 5697 ὧν
3032 5642 3300 5713 διακρίνει
3326 5647 3429 5715 τὴν
3452 5645 3568 5698 τῶν
3605 5663 3734 5717 πρα-

2145 5739 2370 5811 γμάτων
2422 5737 2603 5808 φύσιν,
2645 5738 2856 5800 δεικνὺς
2904 5736 2956 5790 τί
3002 5735 3061 5790 τὸ
3105 5736 3506 5808 συμφερόντως
3563 5737 3734 5809 φιλοῦ-
