3846 6220
381 284 485 341 739

1559 281 1622 343 S.
1651 280 1982 339 GREGORII
2021 281 2317 344 NYSSENI

3529 286 3630 342 τω

377 402 455 472 pit
485 399 540 454 in
571 397 807 469 seipsam
837 403 1262 453 transmutante.
1289 395 1587 470 Propterea
1622 399 1782 455 nobis
1813 400 1959 470 seip-

2059 403 2344 473 γινομένου
2375 403 2510 476 πρὸς
2531 403 2733 476 ἑαυτὴν
2762 404 2853 458 τὸν
2884 400 3176 472 δεξάμενον
3205 401 3628 472 μεταποιούσης.

376 508 496 544 sum
524 489 917 544 comedendum
960 489 1218 559 proponit
1252 489 1298 544 is
1340 490 1435 560 qui
1477 505 1692 560 semper
1733 498 1848 554 est,
1895 499 1954 545 ut

375 598 501 636 cum
534 581 710 650 ipsum
736 581 790 633 in
812 577 973 632 nobis
999 577 1136 647 ipsis
1158 579 1533 648 acceperimus
1553 619 1568 643 ,
1597 579 1728 634 illud
1762 579 1953 634 ﬁamus

375 675 525 746 quod
557 674 647 728 ille
679 682 784 727 est.
819 671 964 727 Dicit
1014 672 1160 727 enim
1182 710 1198 736 ,
1229 691 1250 724 ‹
1278 669 1422 726 Caro
1453 687 1571 726 mea
1604 687 1729 726 vere
1756 680 1841 726 est
1872 672 1953 726 ci-

376 768 484 823 bus
504 807 520 833 .
557 773 612 821 et
645 765 870 836 sanguis
898 780 1052 820 meus
1081 778 1208 818 vere
1234 771 1319 818 est
1355 771 1518 834 potus
1547 762 1614 815 “.
1641 781 1660 815 ι
1689 761 1793 829 Qui
1823 778 1954 833 ergo

375 859 520 913 hanc
555 866 703 910 amat
733 871 956 910 carnem
980 897 994 921 ,
1023 871 1134 910 non
1162 863 1248 910 est
1276 855 1488 908 amicus
1519 869 1632 909 sua:
1655 853 1839 909 carnis
1858 896 1873 920 ,
1901 862 1956 908 et

375 951 470 1021 qui
503 951 556 1003 in
589 950 733 1003 hunc
768 949 1092 1018 sanguinem
1120 955 1205 1003 est
1237 945 1464 1001 affectus
1485 987 1500 1012 ,
1530 947 1765 1000 mundus
1791 947 1894 1000 erit
1923 961 1955 1000 a

379 1042 568 1099 sensili
607 1045 893 1112 sanguine.
929 1039 1074 1100 Caro
1107 1039 1252 1093 enim
1283 1036 1486 1106 Verbi,
1514 1047 1569 1092 et
1604 1040 1828 1109 sanguis
1860 1039 1953 1108 qui

378 1145 464 1190 est
487 1135 540 1188 in
571 1133 674 1188 hac
698 1149 884 1196 carne,
899 1147 1006 1186 non
1033 1147 1198 1186 unam
1222 1132 1385 1186 habet
1413 1130 1777 1202 gratiam,sed
1801 1139 1958 1186 estet

381 1227 568 1282 suavis
600 1226 667 1280 iis
699 1226 790 1294 qui
822 1233 1064 1295 gustant,
1095 1232 1150 1279 et
1172 1224 1511 1294 appetendus
1534 1224 1602 1279 iis
1624 1225 1716 1295 qui
1739 1224 1957 1279 deside-

381 1325 529 1380 rant,
549 1317 686 1372 etiis
706 1317 797 1386 qui
817 1314 1414 1386 diliguntamabilis.Si
1445 1316 1570 1385 quis
1599 1325 1780 1370 autem
1808 1330 1958 1368 amo-

380 1426 496 1465 rem
515 1408 846 1464 converterit
863 1407 929 1460 ad
948 1423 1010 1462 ea
1031 1423 1153 1478 qua:
1174 1423 1282 1462 non
1300 1405 1956 1477 consistunt,cujusmodi

383 1509 512 1556 sunt
542 1517 605 1554 ea
641 1510 857 1562 natura,
893 1500 1003 1554 tale
1035 1500 1200 1554 etiam
1247 1499 1320 1554 sit
1356 1514 1584 1555 necesse
1617 1509 1702 1555 est
1731 1509 1785 1554 et
1813 1498 1956 1568 quod

383 1594 447 1648 in
475 1593 583 1647 illis
616 1591 798 1646 fuerit.
823 1590 1094 1658 Quoniam
1121 1605 1252 1660 ergo
1289 1591 1342 1644 in
1376 1591 1441 1646 iis
1483 1606 1603 1660 qua:
1632 1601 1781 1654 sunt,
1810 1589 1957 1644 aliud

381 1681 601 1753 quidem
622 1690 705 1735 est
723 1695 936 1744 verum,
961 1679 1108 1733 aliud
1132 1695 1260 1733 vero
1288 1680 1472 1744 inane,
1494 1681 1746 1735 convenit
1765 1695 1960 1752 cogno-

381 1743 540 1826 scere
570 1769 755 1832 inane,
777 1778 838 1824 ut
868 1743 932 1823 ea
960 1770 1288 1838 opponendo
1317 1777 1371 1822 et
1399 1770 1770 1839 comparando
1799 1743 1959 1824 intel-
1991 1743 2032 1798 Β

382 1863 616 1932 ligamus
648 1869 904 1915 naturam
943 1875 1133 1914 eorum
1166 1876 1290 1930 qua:
1323 1876 1450 1916 vere
1486 1873 1636 1916 sunt.
1683 1860 1773 1916 Sic
1813 1863 1958 1917 enim

381 1955 594 2009 faciunt
629 1967 823 2008 omnes
859 1951 1071 2017 sancti,
1104 1967 1201 2006 eos
1232 1953 1326 2022 qui
1359 1968 1389 2006 a
1421 1960 1570 2007 recta
1607 1955 1693 2007 via
1741 1953 1964 2009 aberra-

385 2053 548 2110 runt,
594 2053 648 2100 et
682 2059 779 2115 per
810 2059 919 2098 non
953 2050 1158 2098 rectam
1196 2044 1606 2114 ingrediuntur,
1640 2045 1960 2101 reducentes

380 2139 450 2193 ad
483 2139 624 2192 viam
651 2151 679 2189 ιι
708 2151 816 2206 qua
847 2135 1188 2190 diverterunt
1209 2174 1223 2197 ,
1250 2137 1437 2206 procul
1471 2136 1960 2206 clamantes,Fuge

379 2229 525 2283 viam
574 2227 630 2281 in
661 2242 769 2297 qua
806 2225 1131 2298 ingrederis.
1179 2225 1239 2278 In
1272 2240 1335 2280 ea
1363 2226 1508 2280 enim
1549 2233 1678 2280 sunt
1718 2225 1960 2280 latrones

378 2327 435 2375 et
490 2319 776 2390 praedones
828 2325 883 2373 et
937 2316 1340 2371 homicidarum
1385 2317 1640 2380 insidia},
1694 2324 1754 2372 ut
1796 2318 1960 2372 simul

379 2412 601 2482 quidem
633 2411 811 2466 viator
844 2409 1150 2482 periculum
1187 2409 1422 2463 declinet
1454 2409 1557 2462 via:
1594 2409 1914 2478 perniciosae
1942 2427 1957 2477 ;

381 2505 452 2558 ab
484 2505 576 2558 illa
617 2511 800 2557 autem
835 2501 924 2556 via
958 2516 1244 2564 recessus,
1305 2499 1365 2554 fit
1395 2501 1481 2554 via
1533 2517 1654 2570 qua:
1699 2502 1848 2555 ducit
1893 2503 1959 2555 ad

381 2611 501 2650 eam
536 2610 656 2665 qua:
692 2601 894 2649 servat.
931 2593 1006 2648 lta
1043 2594 1210 2648 etiam
1263 2607 1494 2662 magnus
1547 2595 1638 2648 ille
1693 2593 1962 2648 Ecclesia-

378 2695 492 2741 stes
527 2685 761 2754 desuper
785 2685 1058 2739 clamabat
1093 2684 1348 2740 humanae
1384 2693 1629 2753 naturae,
1659 2702 1781 2756 qua:
1806 2702 1961 2741 erra-

378 2779 474 2834 bat
523 2779 577 2832 in
627 2777 777 2832 invio
810 2784 864 2832 et
900 2791 1010 2831 non
1045 2777 1099 2831 in
1133 2778 1253 2840 via,
1290 2785 1349 2832 ut
1403 2778 1537 2832 dicit
1587 2774 1857 2848 Propheta
1891 2777 1959 2844 δι,

381 2871 497 2926 haec
548 2879 737 2942 aperte
769 2869 960 2925 dicens
1010 2885 1107 2940 per
1155 2884 1216 2922 ea
1250 2885 1370 2939 quae
1416 2869 1661 2939 loquitur
1690 2869 1836 2924 :Cur
1865 2884 1963 2938 per

381 2970 551 3017 totam
582 2963 746 3014 vitam
779 2961 979 3015 erratis
1004 3003 1018 3026 ,
1052 2977 1086 3014 ο
1112 2959 1408 3015 homines?
1432 2974 1531 3014 cur
1556 2960 1756 3014 amatis
1789 2974 1922 3012 vana
1943 2999 1959 3025 ,

2054 495 2154 548 Διά
2181 493 2338 548 τοῦτο
2363 494 2620 566 ἐδώδιμον
2646 496 2779 566 ήμϊν
2795 494 2983 546 ἑαυτὸν
3016 493 3334 564 προτίθησιν
3358 495 3386 546 ό
3411 494 3507 547 ἀεὶ
3536 493 3630 557 ὢν,

2057 589 2143 642 ἵνα
2195 588 2551 652 ἀναλαϐόντες
2582 588 2744 642 αὐτὸν
2783 588 2840 639 ἐν
2879 588 3082 650 αὐτοῖς,
3131 588 3306 640 ἐκεῖνο
3341 585 3638 656 γενώμεθα

2055 683 2191 753 ὅπερ
2220 681 2423 745 ἐκεῖνός
2450 683 2585 735 ἐστι.
2606 681 2743 750 Φησὶ
2773 680 2900 751 γὰρ.
2935 681 3015 732 ὃτι
3055 699 3072 730 ι
3096 680 3160 732 Ἦ
3197 679 3331 749 σάρξ
3361 696 3467 748 μου
3500 679 3640 749 ἀλη-

2056 773 2162 836 θῶς
2177 775 2292 826 ἐστι
2312 772 2531 844 βρῶσις,
2557 773 2647 825 καὶ
2668 771 2728 824 τὸ
2752 766 2887 841 αἷμά
2914 788 3014 840 μου
3033 769 3244 840 ἀληθῶς
3269 773 3385 823 ἐστι
3413 770 3600 833 πόσις.
3617 790 3636 821 ι

2067 865 2127 918 '0
2175 860 2268 918 οὖν
2315 863 2519 934 ταύτην
2552 863 2779 932 ἀγαπῶν
2811 863 2908 932 τὴν
2939 863 3150 932 σάρκα,
3190 863 3290 914 οὐκ
3325 861 3440 914 ἐστι
3481 861 3644 930 φῦ.ος

2054 956 2154 1024 τῆς
2185 955 2319 1018 ίδίας
2349 955 2566 1024 σαρκὸς,
2585 956 2679 1007 καὶ
2706 955 2734 1006 ό
2764 953 2896 1025 πρὸς
2919 952 3075 1006 τοῦτο
3091 953 3150 1006 τὸ
3175 949 3312 1023 αἷμα
3338 952 3643 1018 διατεθεὶς,

2056 1045 2149 1098 τοῦ
2189 1045 2447 1116 αἰσθητοῦ
2474 1048 2704 1114 αἵματος
2738 1047 3088 1115 καθαρεύσει.
3119 1047 3184 1098 'H
3214 1047 3320 1116 γὰρ
3335 1047 3431 1098 τοῦ
3453 1048 3649 1115 Λόγου

2059 1138 2213 1211 σὰρξ,
2275 1141 2369 1192 καὶ⁷
2419 1139 2482 1192 τὸ
2510 1141 2575 1210 τῇ
2629 1141 2790 1210 σαρκὶ
2813 1139 2986 1209 ταύτῃ
3034 1140 3353 1209 ἐγκείμενον
3379 1136 3551 1210 αἷμα,
3577 1139 3650 1194 οὐ

2060 1230 2188 1300 μίαν
2218 1229 2338 1283 τινὰ
2367 1229 2527 1299 χάριν
2555 1229 2669 1298 ἔχει
2692 1245 2705 1258 ·
2741 1228 2855 1282 ἀλλ’
2887 1227 2982 1297 ἡδύ
3017 1245 3075 1280 τε
3101 1227 3305 1294 γίνεται
3335 1230 3449 1289 τοῖς
3467 1244 3652 1300 γεω)-

2061 1322 2261 1392 μένοις,
2314 1323 2408 1374 καὶ
2451 1320 2676 1392 ὀρεκτὸν
2708 1322 2819 1383 τοῖς
2853 1318 3197 1388 ἐπιθυμοῦσι,
3239 1319 3466 1379 καὶτοῖς
3499 1320 3655 1382 ἀγα-

2057 1411 2232 1464 πῶσιν
2285 1410 2566 1482 ἐράσμιον.
2597 1411 2658 1463 Εἰ
2688 1409 2744 1462 δέ
2775 1425 2858 1471 τις
2889 1406 3107 1477 τρέψειε
3150 1404 3284 1475 πρὸς
3314 1404 3503 1474 τὰ.μὴ
3543 1404 3654 1470 ὑφ-

2057 1503 2266 1556 εστῶτα
2287 1503 2347 1555 τὸ
2371 1503 2610 1572 φίλτρον,
2636 1496 2723 1554 οἷα
2749 1502 2815 1570 τῇ
2837 1497 2995 1568 φύσει
3018 1497 3188 1550 ταῦτά
3212 1498 3381 1552 ἐστιν,
3413 1496 3647 1564 ἀνάγκη

2058 1597 2209 1650 πᾶσα
2245 1593 2481 1648 τοιοῦτον
2513 1592 2765 1662 γενέσθαι
2809 1593 2903 1645 καὶ
2934 1591 3024 1643 τὸν
3061 1590 3120 1643 ἐν
3147 1589 3376 1650 ἐκείνοις
3398 1588 3648 1656 γενόμε-

2059 1704 2167 1742 νον.
2215 1687 2368 1740 Ἐπεὶ
2395 1680 2488 1738 οὖν
2535 1687 2591 1738 ἐν
2621 1687 2731 1747 τοῖς
2757 1678 2874 1737 οὖσι
2908 1682 2968 1736 τδ
3005 1681 3103 1753 μέν
3148 1697 3229 1732 τοι
3263 1678 3464 1748 ἀληθές
3489 1680 3642 1738 ἐστι,

2059 1779 2120 1832 τὸ
2144 1778 2200 1831 δέ
2241 1778 2488 1848 μάταιον,
2530 1775 2615 1828 ἵνα
2646 1774 2734 1828 διὰ
2761 1774 2858 1843 τῆς
2885 1771 3358 1843 ἀντιπαραθέσεως
3386 1771 3489 1840 τὴν
3529 1769 3649 1822 τῶν

2059 1869 2276 1940 ἀληθῶς
2328 1864 2510 1922 ὅντων
2551 1865 2712 1937 φύσιν
2741 1867 3044 1936 νοήσωμεν.
3068 1863 3226 1917 Οὕτω
3266 1862 3373 1932 γὰρ
3420 1859 3648 1914 ποιοῦσι

2059 1961 2258 2024 πάντες
2273 1961 2322 2012 οἱ
2353 1962 2514 2028 ἅγιοι.
2548 1959 2671 2020 τοὺς
2687 1956 3096 2026 ἀποσφαλέντας
3119 1955 3216 2025 τῆς
3245 1953 3462 2016 εὐθείας
3487 1951 3644 2014 ὁδοῦ,

2058 2054 2154 2106 καὶ
2179 2051 2268 2105 διὰ
2311 2051 2412 2121 τῆς
2440 2049 2862 2120 πεπλανημένης
2890 2046 3325 2118 ὁδοιποροῦντας,
3360 2045 3503 2116 πρὸς
3537 2044 3646 2114 τὴν

2057 2147 2175 2201 ὁδὸν
2213 2144 2305 2214 ἀφ’
2342 2139 2410 2214 ἧς
2459 2142 2834 2213 ἐξετράπησαν
2885 2141 3267 2208 ἐπανάγοντες,
3325 2138 3648 2207 ἐμσοῶντες

2058 2237 2360 2310 πόρρωθεν,
2408 2237 2491 2289 ὅτι
2544 2234 2685 2302 Φύγε
2715 2233 2814 2304 τὴν
2841 2232 2960 2286 ὁδὸν
2996 2234 3054 2286 ἐν
3091 2225 3126 2305 ᾖ
3156 2230 3384 2301 πορεύῃ.
3419 2231 3648 2300 Λῃσταὶ

2057 2333 2167 2401 γὰρ
2209 2330 2328 2383 κατ’
2356 2328 2524 2397 αὐτὴν
2551 2325 2644 2380 καὶ
2675 2323 3000 2387 λωποδύται,
3037 2324 3130 2376 καὶ
3159 2323 3364 2392 φονέων
3395 2323 3645 2389 ἐνέδραι,

2057 2425 2090 2494 ἢ
2143 2424 2229 2476 ἵνα
2281 2421 2395 2490 ἅμα
2429 2422 2526 2488 μὲν
2557 2419 2585 2470 ό
2633 2417 2812 2485 ὁδίτης
2849 2416 2940 2468 τὸν
2980 2415 3221 2468 κίνδυνον
3252 2416 3506 2484 ἐκτραπῇ
3541 2415 3650 2486 τῆς

2057 2514 2304 2584 ὀλεθρίας
2328 2511 2447 2564 ὁδοῦ
2471 2526 2485 2540 °
2513 2513 2546 2580 ἡ
2582 2509 2639 2562 δέ
2668 2506 3012 2578 ἀναχώρησις
3047 2506 3280 2576 ἐκείνης,
3309 2505 3506 2576 όδηγία
3542 2507 3648 2574 τῆς

2061 2606 2336 2675 σωζούσης
2357 2604 2582 2671 γίνεται.
2609 2598 2791 2660 Οὕτως
2817 2599 2910 2652 καὶ
2937 2599 2965 2650 ό
2994 2592 3164 2668 μέγας
3182 2597 3644 2667 Ἐκκλησιαστὴς,

2058 2699 2262 2752 ἄνωθεν
2285 2697 2411 2748 ἐϐόα
2443 2696 2508 2765 τῇ
2545 2691 2862 2762 ἀνθρωπίνῃ
2907 2691 3065 2759 φύσει
3097 2693 3164 2760 τῇ
3192 2693 3250 2742 ἐν
3283 2689 3476 2758 ἀὸἁτῳ
3507 2689 3649 2742 πλα-

2059 2789 2272 2860 νωμένῃ
2295 2787 2387 2841 καὶ
2405 2788 2502 2855 οὐχ
2535 2785 2659 2855 ὁδῷ,
2681 2783 2862 2846 καθώς
2886 2800 2959 2852 φη
2969 2799 3050 2834 σιν
3073 2784 3100 2834 ὁ
3122 2781 3437 2851 Προφήτης,
3466 2781 3649 2835 ταῦτα

2059 2882 2316 2951 ἄντικρυς
2365 2877 2430 2930 δι’
2457 2870 2530 2929 ὧν
2570 2875 2867 2945 φθέγγεται
2896 2872 3090 2941 λέγων’
3137 2872 3203 2924 Τί
3238 2872 3525 2926 πλανᾶσθε
3556 2871 3650 2926 διά

2057 2973 2153 3026 τοῦ
2179 2972 2314 3041 βίου,
2355 2963 2399 3022 ὦ
2441 2967 2752 3037 ἄνθρωποις
2801 2964 2866 3018 Τί
2909 2964 3161 3032 ἀγαπᾶτε
3187 2962 3258 3016 τά
3287 2964 3524 3034 μάταια,
3549 2963 3651 3017 καὶ

379 3062 434 3110 ει
465 3053 690 3123 diligitis
718 3068 782 3107 ea
812 3068 934 3121 qua?
961 3068 1069 3106 non
1104 3059 1334 3121 possunt
1363 3051 1668 3106 consistere
1691 3093 1705 3116 ,
1737 3061 1789 3104 et
1824 3050 1958 3105 atie-

2062 3066 2263 3134 φιλεῖτε
2285 3063 2354 3116 τὰ
2388 3061 2753 3122 ἀνυπόστατα,
2803 3056 2896 3110 καὶ
2935 3057 3342 3127 προστετήκατε
3369 3059 3438 3126 τῇ
3462 3055 3649 3110 διαθέ-

383 3146 568 3201 ειίοηε
604 3145 659 3198 in
693 3145 762 3200 iis
799 3143 1190 3198 contabescitis
1231 3159 1464 3214 quorum
1513 3144 1660 3197 nulla
1704 3151 1789 3197 est
1831 3143 1963 3196 sub-

383 3238 622 3294 stantia?
647 3238 766 3290 Alia
795 3244 880 3290 est
906 3236 992 3288 via
1023 3237 1247 3290 minime
1277 3251 1469 3290 errans
1496 3245 1549 3289 et
1580 3236 1869 3297 salutaris,
1899 3236 1964 3288 il-

387 3329 496 3382 lam
527 3326 768 3395 diligite,
800 3325 854 3378 in
886 3325 974 3378 illa
999 3326 1277 3378 ambulate
1305 3341 1400 3395 per
1425 3326 1744 3380 charitatem
1765 3367 1778 3389 ,
1806 3327 1964 3394 cujus

381 3434 580 3474 nomen
611 3427 695 3473 est
724 3418 928 3472 veritas
949 3457 964 3480 ,
993 3426 1046 3471 ει
1074 3417 1186 3470 vita
1206 3457 1220 3478 ,
1250 3426 1304 3471 ει
1336 3418 1680 3486 incorruptio
1701 3458 1715 3482 ,
1745 3426 1798 3471 et
1834 3419 1924 3472 lux
1946 3461 1961 3484 ,

381 3521 438 3567 et
471 3527 593 3582 qua:
628 3517 758 3564 sunt
790 3509 1131 3579 bujusmodi.
1175 3507 1301 3564 Haec
1332 3518 1514 3565 autem
1549 3511 1637 3564 via
1673 3526 1768 3580 per
1799 3528 1962 3580 quam

383 3619 534 3660 nunc
585 3601 847 3665 curritis,
889 3602 1052 3672 digna
1097 3610 1182 3657 est
1223 3617 1387 3672 quam
1437 3600 1563 3655 odio
1611 3600 1858 3656 habeatis
1911 3610 1966 3656 et

383 3694 751 3757 aversemini;
788 3702 937 3748 caret
975 3694 1119 3748 enim
1155 3695 1309 3758 luce,
1347 3704 1398 3748 et
1432 3705 1516 3748 est
1552 3695 1849 3764 intercepta
1886 3704 1966 3748 ιε-

384 3788 608 3852 nebris,
638 3787 903 3856 ducitque
951 3785 1018 3842 ad
1073 3787 1408 3856 przvcipitia,
1458 3795 1514 3838 et
1565 3788 1860 3847 barathra,
1911 3795 1964 3840 et

384 3879 624 3935 ferarum
654 3879 876 3932 latibula
898 3919 912 3941 ,
939 3885 993 3932 et
1023 3880 1088 3930 ad
1119 3879 1392 3932 latronum
1424 3879 1674 3934 insidias.
1703 3880 1804 3944 Qui
1835 3895 1964 3948 ergo

384 3971 525 4026 dixit
550 3990 564 4026 :
590 3989 608 4021 ι
633 3969 872 4041 Tempus
896 3978 981 4024 est
1011 3971 1250 4033 amandi,
1277 3989 1294 4023 ι
1323 3969 1564 4025 ostendit
1586 3970 1638 4024 id
1667 3970 1812 4038 quod
1836 3988 1963 4025 vere

384 4072 469 4120 est
517 4061 750 4115 amabile
799 4069 854 4115 et
901 4061 1277 4130 diligendum:
1339 4069 1393 4115 et
1439 4060 1528 4130 qui
1582 4060 1708 4114 odio
1751 4071 1964 4130 tempus

385 4153 673 4223 ascripsit,
706 4151 867 4205 docet
891 4167 1140 4220 quaenam
1169 4153 1280 4206 sint
1313 4152 1635 4206 aversanda.
1668 4150 1804 4206 Cum
1832 4170 1963 4223 ergo

384 4246 439 4300 id
463 4245 607 4316 quod
638 4253 723 4299 est
756 4252 948 4297 natura
981 4243 1274 4296 amandum
1306 4241 1699 4305 didicerimus,
1736 4243 1789 4297 id
1820 4259 1965 4298 com-

386 4340 689 4408 plectamur
728 4352 823 4404 per
861 4335 1220 4398 charitatem,
1265 4333 1335 4388 ab
1377 4351 1443 4389 eo
1483 4335 1708 4388 minime
1751 4335 1958 4399 aversi,

2064 3169 2145 3205 σει
2175 3149 2401 3211 τούτοις,
2423 3140 2496 3199 ὧν
2517 3146 2662 3198 ἐστιν
2685 3143 2906 3213 οὐδεμία
2927 3143 3223 3206 ὑπόστασις
3248 3160 3263 3208 ;
3295 3144 3472 3216 ’Δλλη
3495 3147 3648 3200 ἐστὶν

2060 3243 2176 3304 ὁδὸς
2211 3240 2456 3309 ἀπλανὴς
2507 3255 2565 3291 τε
2598 3238 2689 3291 καὶ
2735 3238 2999 3308 σωτήριος
3023 3253 3035 3266 ο
3081 3236 3296 3305 ἐκείνην
3348 3236 3644 3308 ιριλήσατε⁹

2063 3337 2120 3387 ἐν
2146 3333 2327 3402 ἐκείνῃ
2349 3330 2436 3383 διὰ
2457 3329 2552 3398 τῆς
2579 3328 2800 3398 ἀγάπης
2818 3327 3230 3398 ὀδοιπορήσατε,
3263 3322 3332 3398 ἦς
3352 3328 3413 3380 τὸ
3446 3329 3644 3399 ὄνομα,

2063 3422 2289 3493 ἀλήθειά
2317 3422 2432 3473 ἐστι
2481 3419 2574 3472 καὶ
2615 3418 2748 3490 ζωὴ,
2783 3418 2875 3471 καὶ
2906 3417 3200 3488 ἀφθαρσία,
3244 3419 3339 3472 καὶ
3373 3419 3515 3487 φῶς,
3549 3421 3647 3475 καὶ

2062 3515 2129 3568 τά
2157 3513 2379 3567 τοιαῦτα
2403 3528 2415 3540 ·
2442 3510 2580 3580 αὕτη
2603 3510 2657 3562 δέ
2681 3512 2713 3580 ή
2741 3509 2857 3570 ὁδὸς
2878 3508 2944 3561 δι’
2961 3502 3028 3579 ἧς
3060 3508 3155 3561 νῦν
3181 3510 3426 3580 τρέχετε,
3453 3512 3646 3580 μίσους

2064 3608 2156 3661 καὶ
2203 3605 2551 3677 ἀποστροφῆς
2591 3602 2748 3667 ἀξία·
2787 3602 3033 3671 ἀφεγγὴς
3058 3602 3165 3673 γάρ
3189 3604 3305 3654 ἐστι
3333 3604 3428 3655 καὶ
3459 3606 3644 3659 σκότει

2061 3696 2439 3766 διειλημμένη,
2471 3696 2550 3756 εἰς
2577 3693 2852 3765 κρημνοὺς
2878 3691 2932 3744 δὲ
2956 3692 3096 3758 ἄγει,
3127 3691 3219 3743 καὶ
3249 3690 3526 3762 βάραθρα,
3550 3693 3644 3746 καὶ

2063 3789 2345 3861 θηριώδεις
2399 3787 2614 3849 τόπους,
2671 3768 2764 3838 καὶ
2821 3781 3034 3852 λῃστῶν
3085 3781 3323 3846 ἐνέδρας.
3369 3783 3426 3835 ὐ
3460 3784 3644 3836 τοίνυν

2064 3880 2253 3942 εἰπὼν,
2286 3900 2302 3930 ι
2322 3878 2526 3948 Καιρδς
2549 3875 2641 3929 τοῦ
2676 3875 2919 3944 φιλῆσαι,
2947 3893 2965 3925 ι
2985 3874 3045 3926 τὸ
3072 3873 3293 3942 φιλητὸν
3323 3872 3402 3935 ὡς
3425 3872 3643 3945 ἀληθῶς

2064 3974 2157 4027 καὶ
2179 3969 2458 4040 ἀγαπητὸν
2504 3967 2802 4030 ἐνεδείξατο
2825 3982 2837 3994 ·
2875 3965 2967 4019 καὶ
3000 3965 3028 4016 ὁ
3063 3964 3141 4034 τῷ
3167 3965 3313 4035 μίσει
3334 3965 3426 4018 τὸν
3447 3965 3642 4036 καιρὸν

2063 4060 2404 4133 προγράψας.
2452 4050 2527 4110 ὧν
2561 4053 2667 4126 χρὴ
2696 4055 2793 4124 τὴν
2837 4053 3188 4124 ἀποστροφήν
3207 4053 3352 4122 ἔχειν
3375 4053 3643 4118 ἐδίδαξεν.

2063 4152 2270 4207 Οὐκοῦν
2321 4149 2578 4220 μαθόντες
2605 4146 2665 4199 τὸ
2691 4145 2972 4215 ἀγαπητὸν
3011 4147 3077 4214 τῇ
3125 4143 3308 4213 φύσει,
3337 4145 3534 4198 τούτου
3553 4145 3644 4199 διὰ

2061 4240 2162 4309 τῆς
2194 4239 2413 4307 ἀγάπης
2465 4233 2867 4306 περιεχώμεθα,
2898 4233 3147 4303 μηδαμοῦ
3183 4234 3645 4306 παρατραπέντες

2065 4333 2171 4386 ὑπὸ
2207 4332 2306 4400 τῆς
2337 4328 2464 4398 περὶ
2495 4327 2554 4379 τὸ
2587 4326 2747 4378 καλὸν
2784 4325 3058 4394 ἀκρισίας,
3100 4325 3158 4378 ἐν
3198 4323 3406 4386 τούτοις
3428 4323 3491 4377 τδ
3523 4325 3646 4394 φίλ-

383 4443 450 4481 ει
510 4439 575 4480 ευ
629 4424 777 4491 quod
832 4425 1034 4481 bonum
1084 4431 1139 4477 et
1207 4423 1494 4478 honestum
1557 4423 1806 4492 judicare
1847 4441 1956 4479 non

2063 4442 2188 4496 τρον
2217 4424 2640 4490 δαπανήσαντες,
2690 4419 2748 4470 ἐν
2790 4411 2869 4477 οἷς
2913 4415 3247 4485 ἀπαγορεύει
3285 4416 3380 4468 καὶ
3414 4419 3443 4468 ό
3466 4417 3644 4486 μέγας

384 4515 690 4585 possimus,
737 4526 978 4566 amorem
1013 4512 1068 4565 in
1117 4511 1186 4564 iis
1225 4517 1642 4574 consumentes,
1676 4511 1729 4564 in
1758 4514 1965 4581 quibus,

385 4605 640 4676 prohibet
675 4619 907 4674 magnus
940 4603 1108 4656 David
1134 4643 1147 4664 ,
1181 4602 1365 4657 dicens
1393 4621 1405 4656 :
1436 4621 1453 4654 ι
1486 4600 1603 4656 Filii
1639 4603 1920 4658 hominum
1941 4645 1956 4665 ,

383 4711 674 4765 quousque
702 4697 852 4766 gravi
880 4694 1044 4748 corde
1070 4694 1093 4746 ?
1131 4709 1231 4746 cur
1258 4693 1485 4762 diligitis
1530 4694 1859 4758 vanitatem,
1905 4703 1960 4748 et

382 4787 632 4857 qureritis
658 4785 1000 4840 mendacium
1025 4784 1068 4816 δ’
1091 4784 1115 4836 ?
1135 4803 1152 4833 ι
1174 4783 1269 4837 Est
1291 4785 1436 4837 enim
1467 4800 1633 4838 unum
1662 4785 1836 4839 solum
1869 4802 1961 4838 lia-

385 4887 508 4931 tura
537 4876 870 4946 diligendum
894 4917 908 4940 ,
956 4875 1007 4928 id
1036 4858 1181 4943 quod
1211 4889 1336 4928 vere
1378 4883 1496 4941 est,
1535 4876 1601 4930 de
1634 4893 1743 4944 quo
1791 4877 1952 4931 etiam

383 4968 517 5022 dicit
551 4967 637 5020 lex
672 4965 922 5034 Decalogi
955 4982 968 5018 :
999 4983 1015 5014 ι
1049 4963 1247 5033 Diliges
1283 4961 1566 5018 Dominum
1601 4965 1764 5020 Deum
1800 4976 1953 5020 tuum

382 5075 445 5114 ex
482 5067 598 5112 toto
628 5059 793 5112 corde
821 5066 946 5122 tuo,
983 5064 1035 5110 et
1066 5072 1132 5110 ex
1163 5065 1275 5110 tota
1307 5067 1489 5112 mente
1516 5069 1604 5111 tua
1629 5098 1643 5121 ,
1672 5067 1725 5112 et
1750 5075 1815 5113 ex
1846 5067 1957 5113 luta

384 5149 564 5202 anima
598 5157 687 5200 tua
712 5147 780 5203 ”.
809 5168 826 5198 ι
859 5145 923 5200 Ει
970 5163 1137 5200 unum
1180 5157 1264 5202 est
1307 5163 1501 5203 rursus
1545 5165 1668 5204 vere
1693 5150 1818 5203 odio
1865 5152 1962 5204 ha-

384 5241 419 5294 b
441 5241 620 5294 -ndum
641 5280 656 5303 ,
685 5255 879 5310 nempe
905 5238 1023 5292 vitii
1055 5238 1331 5306 inventor,
1358 5241 1484 5295 vita:
1514 5251 1714 5295 nostra!
1743 5241 1917 5295 hostis
1943 5260 1957 5308 ;

382 5330 571 5397 dequo
589 5327 869 5392 dieitlex,¢
885 5326 1025 5383 Odio
1044 5327 1271 5404 habebis
1292 5329 1570 5383 inimicum
1584 5338 1733 5383 tuum
1749 5326 1813 5381 “.
1833 5353 1846 5383 1
1864 5329 1956 5383 Dei

381 5420 526 5473 enim
545 5420 790 5485 dilectio,
810 5427 897 5476 est
919 5421 1185 5475 fortitudo
1203 5419 1324 5489 ejus
1336 5421 1429 5490 qui
1448 5421 1646 5491 diligit.
1668 5421 1746 5475 Ad
1763 5421 1954 5476 vitium

384 5519 564 5565 autem
590 5511 806 5567 aﬂectio
827 5513 1054 5567 exitium
1077 5513 1231 5568 aﬂ'ert
1249 5515 1297 5567 ei
1315 5514 1410 5584 qui
1432 5514 1634 5568 malum
1653 5513 1846 5585 diligit.
1865 5514 1957 5570 Sic

454 5703 501 5735 ⁵⁸
538 5701 697 5757 Joau.
736 5719 808 5770 vt,
835 5705 923 5760 56.
1004 5705 1042 5738 δ’
1085 5706 1475 5774 Ρδει.ονι,40.

2066 4515 2247 4575 Δαδὶδν
2281 4513 2484 4581 λέγων·
2515 4531 2530 4562 ⁸
2573 4510 2690 4563 Υἱοὶ
2723 4507 3044 4579 ἀνθρώπων.
3078 4508 3181 4570 ἕως
3203 4508 3327 4560 πότε
3357 4508 3646 4582 βαρυκάρ-

2063 4608 2203 4672 διοι;
2239 4607 2325 4660 ἵνα
2366 4604 2416 4657 τί
2460 4603 2707 4670 ἀγαπᾶτε
2755 4600 3106 4671 ματαιότητα,
3136 4601 3230 4652 καὶ
3261 4600 3480 4668 ζητεῖτε
3510 4601 3649 4671 ψεῦ-

2061 4701 2182 4764 δος;
2217 4697 2344 4752 »Ἓν
2368 4696 2477 4766 γὰρ
2515 4693 2672 4764 μόνον
2696 4693 2974 4762 ἀγαπητὸν
3020 4695 3083 4761 τῇ
3116 4691 3294 4757 φύσει,
3336 4692 3397 4744 τὸ
3425 4692 3646 4764 ἀληθῶς

2061 4786 2141 4847 ὃν,
2176 4782 2304 4853 περὶ
2360 4775 2421 4834 οὗ
2461 4797 2593 4850 φησι
2641 4780 2734 4833 καὶ
2778 4782 2810 4849 ή
2850 4779 3152 4846 Δεκαλόγου
3194 4779 3524 4849 νομοθεσία,
3564 4783 3650 4836 ὅτι

2069 4896 2086 4927 ι
2110 4874 2439 4943 Ἀγαπήσεις
2464 4870 2660 4943 Κύριον
2680 4870 2770 4924 τὸν
2791 4870 2923 4922 Θεόν
2947 4887 3038 4922 σου
3060 4869 3119 4934 ἐξ
3138 4857 3263 4940 ὅλης
3286 4869 3386 4938 τῆς
3403 4871 3648 4939 διανοίας

2063 4981 2174 5017 σου.
2193 4984 2210 5014 ι
2239 4963 2344 5014 Καὶ
2364 4962 2420 5014 ἐν
2451 4961 2612 5013 πάλιν
2645 4960 2868 5030 μισητὸν
2887 4961 2952 5030 τῇ
2982 4960 3227 5032 ἀληθείᾳ,
3260 4962 3290 5016 ὁ
3317 4960 3421 5031 τῆς
3442 4964 3648 5028 κακίας

2062 5053 2308 5123 εὑρετὴς,
2349 5052 2378 5103 ὁ
2430 5049 2529 5119 τῆς
2557 5047 2701 5116 ζωῆς
2731 5047 2887 5118 ήμῶν
2916 5048 3174 5117 πολέμιος
3189 5067 3208 5124 _'
3232 5049 3360 5119 περὶ
3379 5046 3441 5104 οὗ
3477 5039 3644 5122 φησιν

2061 5145 2090 5196 ό
2122 5144 2301 5213 νόμος,
2351 5142 2433 5194 ὅτι
2475 5159 2494 5192 ι
2522 5141 2787 5209 Μισήσεις
2824 5139 2914 5192 τὸν
2928 5135 3120 5208 ἐχθρόν
3135 5157 3250 5196 σου.
3271 5158 3290 5190 ι
3311 5142 3375 5194 Ἡ
3411 5144 3524 5214 γὰρ
3550 5144 3642 5196 τοῦ

2063 5234 2198 5287 Θεοῦ
2229 5233 2439 5302 ἀγάπη,
2467 5231 2618 5300 ἰσχὺς
2639 5229 2732 5284 τοῦ
2772 5229 3090 5298 ἀγαπῶντος
3112 5231 3339 5299 γίνεται’
3365 5235 3398 5302 ή
3431 5233 3488 5286 δὲ
3513 5236 3642 5305 πρὸς

2061 5325 2159 5396 τὴν
2191 5323 2389 5377 κακίαν
2426 5321 2683 5384 διάθεσις,
2731 5320 2950 5392 ὀλεθρον
2985 5322 3140 5393 φέρει
3182 5323 3259 5393 τῷ
3299 5325 3470 5377 κακὸν
3510 5311 3643 5394 ἀγα-

2062 5417 2254 5470 πῶντι.
2295 5413 2452 5469 Οὕτω
2502 5413 2610 5484 γάρ
2649 5430 2812 5484 φησιν
2847 5415 2877 5484 ή
2928 5413 3269 5484 προφητεία·
3302 5434 3321 5467 ι
3346 5416 3640 5487 Ἀγαπήσω

2064 5526 2146 5572 σε,
2181 5507 2373 5580 Κύριε,
2419 5509 2452 5577 ἡ
2478 5505 2629 5576 ἰσχύς
2665 5523 2766 5576 μου
2791 5521 2807 5536 ·
2837 5505 3039 5577 Κύριος
3069 5505 3357 5578 στερέωμά
3391 5526 3517 5579 μου,
3548 5508 3639 5565 καὶ

1554 5711 1597 5741 ⁵³
1639 5706 1887 5780 Psal.1v,
1908 5711 1962 5767 5.
2045 5710 2094 5744 ⁸³
2144 5709 2302 5766 Deut.
2338 5709 2484 5774 “,5.
2561 5708 2605 5741 “
2645 5705 2838 5763 Matth.
2863 5724 2920 5774 ν,
2943 5707 3036 5765 43.
