3846 6220
126 342 227 397 7H

127 452 425 523 καταφυγή
451 465 574 521 μου,
597 446 690 501 καὶ
711 443 912 518 ρύστης
936 457 1089 512 μου.ι
1112 439 1244 509 Περὶ
1264 436 1322 490 δὲ
1350 433 1444 489 106
1469 429 1710 486 ἐναντίου
1739 435 1788 488 Α
1815 423 1958 523 enim
1990 419 2123 475 dicit

127 547 326 616 φησιν,
353 561 372 594 ι
396 521 454 594 Ὀ
488 540 543 593 δὲ
571 537 801 604 ἀγαπῶν
844 535 942 606 τὴν
967 531 1199 595 ἀδικίαν,
1231 529 1377 600 μισεῖ
1397 524 1495 596 τὴν
1515 521 1710 577 ἑαυτοῦ

127 613 336 708 ψυχήν.
370 630 677 703 Ἐπισρέξει
707 629 799 681 ἐπὶ
821 623 1175 696 ἁμαρτωλοὺς
1204 619 1424 689 παγίδα.
1456 636 1475 668 ι
1505 613 1714 683 Καιρὸς

130 705 356 783 οὖν-τοῦ
391 725 527 796 πρὸς
548 721 681 776 Θεὸν
718 721 938 792 φίλτρου
963 721 996 788 ή
1029 717 1142 788 ζωὴ
1179 716 1347 777 πᾶσα,
1377 711 1473 766 καὶ
1495 709 1592 780 τῆς
1619 705 1714 760 τοῦ

132 817 516 889 ἀντικειμένου
547 811 950 884 ἀλλοτριώσεως
975 811 1006 863 ὁ
1035 809 1149 880 βίος
1177 808 1316 871 ὅλος.
1347 806 1406 858 '0
1430 805 1487 858 δὲ
1518 800 1716 889 μικρόν

134 927 189 963 τι
206 908 310 976 τῆς
336 886 484 974 ζωῆς
517 902 620 966 ἔξω
642 901 736 953 τοῦ
766 899 938 967 φιλεῖν
969 896 1064 950 τὸν
1096 893 1229 948 Θεὸν
1266 891 1580 962 γενόμενος,
1609 886 1714 952 ἔξω

137 1000 356 1069 γίνεται
395 997 611 1057 πάντως
647 988 707 1047 οὗ
735 993 834 1062 τῆς
866 989 1086 1058 ἀγάπης
1131 985 1481 1057 κεχώρισται.
1519 981 1625 1034 Τὸν
1658 978 1716 1032 δὲ

139 1090 248 1154 ἔξω
272 1086 368 1140 τοῦ
392 1084 527 1137 Θεοῦ
540 1082 854 1152 γενόμενον,
872 1079 978 1143 ἔξω
1003 1072 1142 1130 εἶναι
1158 1073 1252 1129 τοῦ
1267 1072 1444 1142 φωτὸς
1469 1070 1682 1140 ἀνάγκη
1697 1084 1712 1100 ·

146 1179 278 1231 Ξιότι
330 1176 448 1246 φῶς
498 1176 526 1228 ὁ
569 1173 735 1236 Θεός·
783 1170 889 1237 ἕξω
919 1170 977 1223 δὲ
1007 1168 1099 1222 καὶ
1147 1166 1246 1237 τῆς
1293 1163 1440 1233 ζωῆς
1480 1161 1573 1214 καὶ
1616 1159 1720 1231 τῆς

142 1269 480 1340 ἀφθαρσίας,
505 1267 601 1321 καὶ
622 1264 821 1326 παντὸς
848 1261 945 1316 τοῦ
973 1260 1108 1332 πρὸς
1135 1259 1196 1312 τὸ
1216 1258 1458 1328 κρεῖττον
1486 1254 1722 1323 θεωρου-

147 1361 312 1433 μένου
352 1359 623 1431 νοήματός
673 1375 734 1411 τε
766 1355 861 1409 καὶ
893 1354 1245 1426 πράγματος’
1291 1347 1436 1418 άπερ
1485 1346 1663 1400 πάντα
1690 1342 1720 1394 ὁ

141 1454 279 1517 Θεός
309 1455 484 1506 ἐστιν.
531 1451 590 1503 Ὀ
618 1450 726 1520 γὰρ
757 1451 816 1502 ὲν
857 1447 1064 1509 τούτοις
1108 1443 1183 1514 μὴ
1219 1440 1318 1505 ῶν,
1348 1442 1407 1494 ὲν
1431 1440 1544 1500 τοῖς
1577 1438 1721 1489 ὲναν-

139 1546 280 1608 τίοις
325 1545 540 1605 πάντως
580 1541 747 1594 ἐστίν.
790 1535 1000 1591 υὺκοῦν
1030 1533 1308 1604 ἐκδέχεται
1349 1530 1439 1583 τὸν
1478 1525 1720 1581 τοιοῦτον

143 1637 340 1702 σκότος
390 1637 486 1690 καὶ
514 1631 799 1703 διαφθορὰ,
846 1629 941 1683 καὶ
965 1622 1316 1703 πανωλεθρία
1342 1621 1438 1682 καὶ
1469 1619 1718 1680 Θάνατος.

210 1985 405 2040 Ταῦτα
455 1986 512 2037 ὲν
565 1981 788 2053 βραχείᾳ
843 1981 993 2050 φωνῇ
1056 1979 1084 2031 ὁ
1143 1975 1238 2029 106
1297 1967 1720 2038 Ἐκκλησιαστοῦ

136 2077 303 2146 λόγος
334 2073 547 2139 διελὼν,
584 2071 915 2124 ἐπιδείκνυσι
948 2070 1015 2139 τῇ
1056 2065 1296 2136 εὐκαίρῳ
1319 2061 1490 2131 φιλίᾳ,
1524 2060 1618 2112 καὶ
1645 2058 1723 2128 τῷ

141 2169 290 2223 κατά
320 2165 512 2237 καιρὸν
559 2163 932 2234 ὲνεργουμένῳ
971 2161 1138 2231 μίσει,
1181 2157 1280 2228 τὴν
1321 2153 1581 2226 ἑκατέρου
1615 2153 1724 2204 τῶν

142 2262 291 2315 κατά
344 2258 406 2311 τὸ
468 2256 711 2310 ἐναντίον
780 2252 1086 2322 νοουμένων
1139 2249 1299 2320 φύσιν
1349 2244 1722 2314 ἀποκαλύψας.

143 2348 375 2420 Καιρδς,
402 2346 587 2415 φησιν,
615 2342 708 2397 106
751 2341 973 2412 φιλῆσαι
1028 2338 1090 2391 τὸ
1136 2336 1338 2406 ἀγαθὸν
1361 2374 1377 2395 ,
1412 2335 1506 2387 καὶ
1538 2334 1729 2403 καιρὸς

145 2441 310 2496 πάλιν
357 2438 452 2492 106
499 2437 726 2509 μισῆσαι
759 2434 820 2487 τὸ
861 2432 1122 2486 ἐναντίον.
1151 2431 1310 2499 Λέγει
1336 2430 1413 2496 δὲ,
1440 2431 1522 2483 ὅτι
1556 2430 1650 2495 Σὺ,
1683 2422 1728 2482 ὧ

146 2531 432 2604 ἄνθρωπε,
460 2530 596 2601 πρὸς
627 2527 690 2580 τὸ
724 2525 888 2579 καλὸν
933 2523 1047 2577 οἴου
1083 2521 1296 2592 βλέπειν
1327 2521 1420 2574 τὸν
1452 2521 1630 2590 λόγον.
1664 2521 1728 2573 Ἦ

147 2626 259 2696 γάρ
281 2620 654 2694 ὲνηλλαγμένη
683 2636 743 2694 τε
768 2616 864 2671 καὶ
890 2613 1282 2685 πεπλανημένη
1307 2612 1442 2682 πρὸς
1467 2612 1730 2683 ἑκάτερον

149 2714 360 2768 τούτων
383 2713 484 2784 τῆς
503 2712 681 2782 ψυχῆς
704 2707 860 2780 ἡμῶν
886 2706 1148 2770 διάθεσις,
1189 2705 1310 2776 ῥίζα
1341 2703 1435 2758 καὶ
1468 2703 1609 2775 ἀρχὴ
1634 2704 1732 2773 τῆς

152 2805 431 2876 ἁμαρτίας
447 2801 869 2862 ὲστίν.ιούδεὶςι
885 2797 996 2870 γὰρ
1017 2817 1036 2849 ι
1055 2797 1298 2858 δύναται,
1320 2813 1337 2846 ι
1360 2796 1544 2864 φησιν,
1570 2813 1588 2845 ι
1612 2794 1734 2847 δυσὶ

153 2895 376 2967 κυρίοις⁴
395 2891 687 2947 δουλεύειν
704 2891 740 2962 ἢ
765 2890 874 2959 γάρ
892 2889 982 2942 τὸν
1008 2889 1102 2941 ἕνα
1128 2887 1345 2958 μισήσει
1377 2886 1471 2939 καὶ
1499 2885 1590 2938 τὸν
1617 2885 1735 2937 ἔτε-

159 3006 250 3060 ρον
277 2987 577 3056 ἀγαπήσει.
606 3003 624 3036 ι
644 2983 910 3050 Ἐδίδαξεν
937 2983 970 3052 ὴ
991 2978 1382 3050 ἀντιδιαστολὴ,
1403 2978 1486 3041 τίς
1504 2980 1532 3032 ὁ
1550 2975 1735 3040 κακῶς

1158 321 1222 375 ΙΝ
1267 310 1802 374 ECCLESIASTER.
1844 304 2130 360 HOMILIA
2164 302 2294 355 VIII.

3275 293 3382 347 τις

2165 413 2448 486 prophetia
2477 433 2488 468 :
2519 430 2536 464 ι
2569 409 2800 480 Diligam
2844 414 2900 462 te
2929 448 2944 474 ,
2984 404 3210 462 Domine
3230 445 3248 472 ,
3278 403 3392 460 Ior-

1811 511 1986 568 titudo
2014 525 2130 564 mea
2157 526 2170 562 :
2200 504 2464 560 Dominus
2495 501 2897 556 firmamentum
2925 512 3103 551 meum
3129 536 3144 561 ,
3169 505 3223 551 et
3246 495 3392 550 refu-

1813 605 1959 676 gium
2005 616 2218 662 meum,
2262 606 2316 652 et
2365 595 2623 649 liberator
2666 606 2820 646 meus
2861 589 2927 643 ⁸⁵.
2955 608 2972 640 ι
3002 587 3074 640 De
3108 587 3392 642 contrario

1814 702 1994 751 autem
2026 690 2160 746 dicit
2185 711 2197 745 :
2222 707 2240 740 ι
2264 686 2367 754 Qui
2409 694 2587 739 autem
2633 683 2810 748 diligit
2848 680 3193 749 iniquitatem
3217 717 3233 743 ,
3276 677 3396 732 odit

1815 785 2053 839 animam
2078 779 2428 836 suam.Pluet
2454 790 2619 845 super
2648 780 2968 844 peccatores
2996 769 3245 840 laqueum
3272 768 3342 822 “.
3365 786 3387 820 ι

1815 875 2054 944 Tempus
2082 887 2213 942 ergo
2242 867 2500 940 diligendi
2532 865 2699 921 Deum
2726 873 2810 919 est
2852 870 2961 918 tota
2989 863 3130 925 vita,
3161 867 3212 940 et
3252 868 3395 915 tem-

1815 983 1918 1036 pus
1945 962 2362 1020 abalienationis
2394 960 2463 1014 ab
2491 956 2808 1012 adversario
2845 963 2930 1009 est
2955 961 3126 1006 totum
3172 959 3390 1021 tempus

1816 1058 1960 1112 vitae.
1993 1057 2094 1120 Qui
2139 1062 2321 1108 autem
2361 1066 2531 1122 parvo
2571 1049 2756 1118 aliquo
2796 1047 2922 1100 vita:
2965 1061 3077 1099 sua:
3107 1043 3285 1113 spatio
3310 1050 3396 1097 est

1817 1157 2063 1206 remotus
2108 1163 2137 1202 a
2184 1146 2278 1201 Dei
2307 1145 2602 1200 dilectione
2632 1183 2647 1207 ,
2679 1142 2840 1211 plane
2879 1138 2992 1194 exit
3017 1139 3083 1193 ab
3105 1153 3205 1202 eo,
3236 1136 3396 1206 cujus

1819 1257 1849 1294 a
1895 1241 2164 1294 charitate
2192 1237 2476 1306 sejunctus
2503 1243 2606 1289 est.
2637 1232 2773 1286 Eum
2807 1242 2984 1285 autem
3009 1229 3101 1299 qui
3127 1236 3213 1283 est
3240 1236 3395 1282 extra

1824 1333 2026 1392 Deum,
2079 1337 2232 1384 extra
2284 1327 2462 1382 lucem
2512 1339 2639 1380 esse
2691 1335 2920 1376 necesse
2962 1328 3082 1382 est,
3133 1318 3394 1388 quoniam

1821 1421 1963 1477 Deus
1992 1428 2078 1476 est
2110 1421 2245 1474 lux:
2290 1417 2592 1489 quinetiam
2643 1422 2797 1470 extra
2842 1411 3011 1466 vitam
3056 1418 3112 1466 et
3150 1411 3400 1467 incorru-

1819 1518 2060 1583 ptionem
2082 1553 2096 1577 ,
2129 1521 2182 1565 et
2207 1521 2592 1580 quamcunque
2619 1503 2820 1559 mentis
2846 1500 3264 1571 conceptionem
3287 1539 3302 1565 ,
3343 1507 3400 1554 et

1823 1605 1936 1662 rem
1967 1646 1982 1670 ,
2018 1621 2140 1676 quae
2169 1603 2388 1673 quidem
2419 1600 2603 1655 omnia
2633 1604 2718 1653 est
2746 1596 2914 1652 Deus.
2949 1594 3052 1661 Qui
3098 1593 3243 1649 enim
3288 1607 3398 1646 non

1820 1707 1902 1754 est
1928 1699 1981 1752 in
2008 1697 2115 1760 his,
2151 1704 2236 1750 est
2266 1693 2493 1748 omnino
2522 1691 2576 1744 in
2603 1688 2920 1745 contrariis.
2941 1685 3077 1740 Eum
3102 1686 3284 1754 itaque
3305 1683 3401 1756 qui

1749 1763 1787 1816 Β
1817 1798 1903 1843 εει
1946 1786 2255 1858 ejusmodi,
2302 1783 2584 1854 excipiunt
2628 1781 2869 1836 tenebrae
2912 1787 2967 1834 et
3007 1777 3302 1841 interitus,
3343 1782 3403 1832 et

1817 1881 2044 1936 exitium
2079 1885 2134 1933 et
2165 1891 2335 1932 mors.

1894 1992 2018 2047 llaec
2046 2005 2170 2046 cum
2197 1987 2440 2044 breviter
2465 1983 2809 2041 distinxisset
2825 1992 3012 2038 sermo
3035 1978 3402 2040 Ecclesiasten,

1822 2083 2144 2154 tempestiva
2191 2079 2468 2142 amicitia,
2526 2087 2580 2132 et
2643 2075 2770 2129 odio
2813 2072 2959 2143 quod
3012 2080 3298 2128 exercetur
3346 2069 3402 2124 in

1826 2185 2112 2245 tempore,
2154 2171 2396 2228 ostendit
2441 2168 2727 2238 aperitque
2773 2173 3027 2219 naturam
3065 2177 3252 2218 eorum
3282 2175 3406 2231 qua:

1828 2267 1934 2322 sibi
1980 2264 2262 2321 adversari
2319 2261 2715 2331 intelliguntur.
2779 2256 3022 2324 Tempus
3067 2261 3174 2315 est,
3200 2251 3402 2322 inquit,

1830 2360 2050 2415 amandi
2078 2359 2280 2414 bonum
2306 2374 2320 2410 :
2345 2362 2398 2410 et
2432 2361 2652 2422 tempus
2684 2358 2770 2404 est
2795 2363 2988 2404 rursus
3012 2345 3141 2400 odio
3167 2342 3405 2398 habendi

1826 2451 2190 2507 contrarium.
2233 2447 2374 2502 Dicit
2414 2453 2618 2507 autem,
2648 2439 2752 2502 Tu,
2786 2455 2819 2493 0
2849 2440 3032 2498 homo,
3065 2435 3316 2491 existima
3351 2432 3404 2486 id

1826 2543 1975 2614 quod
2004 2543 2207 2596 dicitur
2237 2539 2483 2609 aspicere
2511 2535 2578 2589 ad
2617 2533 2668 2588 id
2697 2531 2844 2604 quod
2871 2539 2956 2586 est
2984 2529 3188 2583 bonum
3222 2535 3277 2580 et
3305 2525 3409 2580 ho-

1828 2642 2066 2690 nestum.
2090 2632 2224 2686 Nam
2251 2646 2372 2700 qua:
2392 2630 2445 2682 in
2471 2638 2701 2696 utroque
2727 2627 2921 2678 horum
2952 2629 3040 2677 est
3069 2632 3326 2691 perversa
3353 2626 3410 2672 et
3476 2654 3480 2660 .

1831 2727 2090 2780 aberrans
2125 2724 2321 2777 anima:
2347 2720 2584 2781 all‘ectio.
2618 2734 2679 2773 ea
2703 2725 2789 2771 est
2812 2715 2968 2769 radix
2996 2721 3053 2768 et
3080 2709 3408 2781 principium

1831 2817 2061 2887 peccati.
2081 2834 2100 2865 ι
2125 2814 2295 2868 Nemo
2309 2815 2453 2869 enim
2478 2820 2677 2882 potest,
2702 2829 2721 2860 ι
2744 2807 2923 2878 inquit
2941 2804 3254 2869 Dominus,c
3275 2803 3413 2857 duo-

1834 2907 1935 2960 bus
1966 2905 2203 2960 dominis
2236 2905 2440 2958 servire
2468 2921 2482 2968 ;
2520 2910 2614 2956 aut
2639 2900 2784 2955 enim
2817 2911 2986 2953 unum
3015 2896 3141 2950 odio
3167 2893 3408 2958 habebit,

1833 3004 1887 3051 et
1933 2997 2163 3050 alterum
2209 2993 2398 3063 diliget
2428 2992 2494 3045 ".
2532 3011 2550 3043 ι
2589 2989 2759 3045 Docet
2792 2988 2907 3041 hac
2941 2984 3248 3046 distinctio.
3287 2983 3416 3053 quis

154 3079 451 3148 κυριεύων,
480 3070 540 3130 οὗ
568 3075 674 3147 χρὴ
705 3073 795 3126 διὰ
828 3071 923 3126 τοῦ
959 3073 1147 3142 μίσους
1187 3067 1618 3140 ἀλλοτριώσθαι,
1641 3065 1735 3118 καὶ

1840 3089 1911 3142 sit
1940 3087 2031 3157 qui
2062 3086 2202 3140 male
2233 3085 2570 3146 dominetur,
2606 3096 2636 3135 a
2666 3096 2777 3150 quo
2821 3084 3037 3148 Oportet
3059 3075 3285 3130 alienari
3317 3088 3417 3144 per

151 3175 241 3237 τίς
268 3176 298 3226 ὁ
328 3173 415 3225 ἐπ’
441 3170 628 3240 ἀγαθῷ
665 3167 761 3222 106
791 3166 1092 3238 ἀρχομένου
1137 3163 1376 3236 κρατῶν,
1404 3156 1448 3230 ᾧ
1473 3161 1738 3232 προσήκει

153 3267 225 3320 δι’
264 3265 489 3334 ἀγάπης
535 3260 921 3315 συνάπτεσθαι.
963 3260 1026 3312 Εἰ
1063 3258 1120 3311 δέ
1146 3275 1231 3321 τις
1259 3256 1352 3311 τοῦ
1382 3253 1608 3326 μισητοῦ
1643 3253 1740 3323 μὲν

157 3359 465 3427 ἀντέχοιτο,
489 3357 582 3410 τοῦ
603 3357 661 3410 δὲ
685 3353 968 3424 ἀγαπητοῦ
989 3349 1378 3420 καταφρονοίη,
1403 3342 1556 3408 οὗτός
1594 3346 1742 3397 ἐστιν

156 3453 187 3505 ὁ
212 3450 578 3505 ὑπαλλάσσων
601 3448 703 3518 τῆς
749 3447 931 3517 φιλίας
978 3445 1067 3498 καὶ
1096 3443 1190 3496 τοῦ
1215 3442 1405 3513 μίσους
1435 3440 1531 3510 τὴν
1563 3438 1742 3490 εὐκαι-

163 3543 289 3614 ρίαν
339 3541 454 3610 ίδίῳ
499 3538 675 3610 κακῷ.
730 3539 788 3590 '0
824 3535 933 3607 γὰρ
982 3530 1336 3604 καταφρονῶν
1383 3531 1738 3600 πράγματος,

159 3631 650 3702 καταφθαρήσεται
687 3627 777 3680 ὑπ’
825 3625 1026 3680 αὐτοῦ’
1075 3626 1104 3678 ὁ
1149 3624 1206 3676 δὲ
1255 3620 1610 3691 ἀντεχόμενος
1645 3619 1744 3689 τῆς

160 3721 466 3784 ἀπωλείας.
497 3721 914 3792 περιποιήσεται
952 3716 1110 3771 τοῦτο
1151 3714 1328 3785 ἑαυτῷ
1355 3708 1416 3768 οὗ
1446 3711 1740 3782 ἀντείχετο.

163 3816 489 3878 Διαστείλας
536 3815 716 3868 τοίνυν
761 3813 839 3884 τῷ
885 3812 1028 3882 λόγῳ
1060 3811 1129 3864 τά
1171 3810 1291 3863 κατ’
1321 3807 1524 3877 ἀρετήν
1548 3822 1608 3859 τε
1650 3804 1745 3858 καὶ

162 3907 372 3962 κακίαν
403 3907 690 3976 νοούμενα,
719 3903 1010 3973 ἐπιγνώσει
1036 3903 1136 3972 τὴν
1164 3900 1469 3970 εὐκαιρίαν,
1505 3897 1598 3950 106
1629 3897 1744 3959 πῶς

164 3999 277 4070 χρὴ
324 3997 462 4069 πρὸς
512 3997 772 4066 ἑκάτερον
824 3994 1028 4048 τούτων
1074 3991 1238 4062 ἔχειν.
1291 3990 1616 4058 Ἐγκράτεια
1653 3988 1748 4039 καὶ

161 4086 355 4159 ἡδονὴ,
405 4085 724 4156 σωφροσύνη
771 4084 866 4137 καὶ
898 4081 1180 4143 ἀκολασία,
1219 4077 1505 4150 μετριότης
1529 4075 1623 4128 καὶ
1653 4073 1749 4127 16-

164 4195 292 4249 φος,
328 4176 510 4231 εὖνοια
544 4177 636 4230 καὶ
684 4175 962 4239 κακόνοια,
984 4175 1078 4226 καὶ¹
1103 4172 1279 4226 πάντα
1307 4171 1376 4224 τά
1410 4160 1476 4234 ἐξ
1503 4167 1746 4222 ἐναντίου

164 4269 460 4340 νοούμενα,
508 4263 758 4340 φανερῶς
794 4267 898 4320 ὑπὸ
942 4264 1037 4319 106
1077 4261 1502 4335 Ἐκκλησιαστοῦ
1529 4259 1747 4314 ὑποδεί-

163 4362 365 4416 κνυτ-αί
396 4379 478 4414 σοι
507 4362 655 4424 ὅπως
675 4364 739 4432 τῇ
765 4360 910 4430 ψυχῇ
929 4358 1056 4430 περί
1075 4356 1246 4410 ταῦτα
1263 4351 1322 4409 εὖ
1355 4352 1744 4423 διατιθέμενος,

1839 3180 2045 3240 odium,
2081 3185 2135 3232 et
2171 3177 2296 3248 quis
2333 3176 2652 3231 dominetur
2681 3173 2804 3242 ejus
2843 3172 2992 3226 bono
3022 3169 3112 3224 cui
3155 3167 3415 3236 imperat,

1839 3269 1925 3324 cui
1958 3278 2176 3337 oportet
2195 3268 2454 3336 conjungi
2478 3281 2575 3335 per
2595 3265 2942 3320 charitatem.
2983 3261 3041 3316 Si
3079 3261 3204 3329 quis
3233 3265 3416 3314 autem

1841 3359 1894 3413 id
1948 3359 2167 3428 quidem
2211 3359 2356 3427 quod
2388 3364 2474 3411 est
2502 3355 2629 3410 odio
2659 3353 2966 3409 habendum
2998 3351 3416 3420 complectatur,

1841 3458 2159 3506 contemnat
2192 3459 2373 3503 autem
2412 3447 2466 3502 id
2521 3447 2666 3516 quod
2717 3455 2803 3499 est
2849 3444 3208 3513 diligendum,
3246 3443 3294 3496 is
3333 3449 3420 3496 est

1841 3541 1934 3610 qui
1965 3555 2066 3594 suo
2095 3539 2238 3592 malo
2268 3546 2443 3592 mutat
2466 3537 2932 3606 opportunitatem
2963 3533 3163 3588 amoris
3193 3541 3248 3586 et
3282 3532 3416 3586 odii.

1843 3629 1946 3698 Qui
1996 3631 2140 3686 enim
2184 3645 2297 3684 rem
2347 3629 2670 3690 contemnit,
2721 3627 2768 3681 is
2802 3627 2870 3678 ab
2909 3640 2970 3678 ea
3012 3622 3274 3677 interibit.
3315 3621 3418 3688 Qui

1843 3730 2021 3776 autem
2068 3719 2456 3790 complectitur
2507 3716 2890 3786 perditionem,
2938 3712 3185 3782 acquiret
3220 3711 3324 3766 sibi
3366 3711 3420 3765 id

1843 3813 1990 3883 quod
2025 3811 2473 3882 amplectebatur.
2505 3808 2607 3874 Qui
2637 3823 2768 3876 ergo
2801 3805 2984 3860 verbis
3013 3803 3327 3860 distinxerit
3355 3817 3420 3857 ea

1844 3920 1967 3974 qua:
2022 3919 2087 3958 ex
2146 3903 2357 3956 virtute
2399 3908 2454 3956 et
2499 3899 2634 3964 vitio
2685 3898 3080 3966 intelliguntur,
3127 3899 3425 3964 cognoscet

1849 3992 2340 4064 opportunitatem,
2375 3987 2833 4060 quemadmodum
2881 4001 2940 4042 se
2965 4001 3153 4056 gerere
3173 3988 3424 4053 oporteat

1847 4087 1902 4140 in
1952 4085 2217 4154 utrisque.
2271 4081 2621 4136 Continentia
2653 4089 2706 4134 et
2730 4079 2978 4147 voluptas
3009 4117 3026 4142 ,
3061 4073 3423 4145 temperantia

1847 4185 1901 4231 et
1934 4173 2374 4243 intemperantia,
2405 4170 2672 4225 modestia
2715 4177 2769 4224 et
2817 4167 3150 4238 arrogantia,
3183 4167 3424 4220 benevo-

1847 4269 2013 4323 lentia
2058 4275 2113 4320 et
2167 4263 2567 4324 malevolentia,
2609 4270 2664 4317 et
2712 4275 3054 4330 quaecunque
3096 4274 3159 4313 ex
3192 4257 3426 4312 adverso

1849 4359 2249 4428 intelliguntur.
2295 4356 2390 4409 tibi
2423 4355 2491 4408 ab
2532 4353 2864 4407 Ecclesiaste
2905 4358 3093 4419 aperte
3125 4349 3425 4404 ostendun-

164 4453 466 4515 λυσιτελῶς
497 4451 781 4522 βουλεύσῃ.
815 4451 1018 4521 Καιρὸς
1051 4446 1145 4503 οὖν
1171 4445 1262 4501 106
1291 4446 1510 4518 φιλῆσαι
1539 4443 1638 4515 τὴν
1660 4445 1735 4512 ὲγ-

1853 4461 1966 4515 tur,
2004 4459 2064 4503 ut
2111 4451 2165 4503 in
2215 4448 2301 4502 his
2357 4454 2502 4500 recte
2550 4443 2830 4497 consulas.
2890 4440 3127 4511 Tempus
3156 4450 3241 4495 est
3292 4455 3427 4511 ergo

167 4545 460 4617 κράτειαν,
501 4544 594 4597 καὶ
631 4543 726 4596 106
761 4542 988 4614 μισῆσαι
1019 4543 1118 4612 τὴν
1149 4541 1360 4611 ἡδονὴν.
1393 4539 1478 4591 ἵνα
1507 4537 1580 4608 μὴ
1613 4536 1748 4609 γένῃ

169 4634 480 4705 φιλήδονος,
531 4633 729 4704 μᾶλλον
774 4633 830 4686 δὲ
869 4633 1132 4702 φιλόθεος,
1167 4631 1260 4684 καὶ
1291 4629 1358 4684 τά
1397 4629 1534 4683 ἀλλα
1569 4628 1748 4682 πάντα

165 4727 456 4789 ὡσαύτως,
478 4726 538 4779 τὸ
563 4727 882 4795 φιλόνεικον,
907 4726 970 4779 τὸ
1003 4722 1313 4794 φιλοκερδές
1334 4739 1395 4774 τε
1424 4721 1518 4774 καὶ
1542 4719 1750 4790 φιλόδο-

168 4819 288 4885 ξον,
325 4817 418 4870 καὶ
439 4817 615 4870 πάντα
643 4818 709 4887 τῇ
740 4817 830 4868 ἐπὶ
861 4815 930 4869 τά
964 4815 1039 4885 μὴ
1072 4815 1260 4868 δέοντα
1279 4813 1376 4882 τῆς
1402 4809 1580 4880 φιλίας
1616 4809 1752 4881 χρή-

170 4926 284 4970 σει,
316 4908 414 4976 τῆς
443 4906 580 4978 πρὸς
635 4906 696 4959 τὸ
749 4905 952 4974 ἀγαθὸν
980 4904 1214 4974 σχέσεως
1254 4902 1612 4973 ἀφορίζοντα·
1639 4898 1751 4953 οἷον

167 5003 245 5055 ἐκ
265 4999 500 5070 παρόδου
529 4998 706 5067 δόγμα
733 4997 1030 5068 ἐμάθομεν,
1055 4996 1138 5048 ὅτι
1172 4996 1320 5048 πᾶσα
1343 4994 1441 5063 τῆς
1468 4991 1648 5062 ψυχῆς
1671 4989 1756 5043 κί-

166 5109 337 5162 νησις
355 5090 441 5142 ἐπ’
466 5088 656 5159 ἀγαθῷ
681 5089 830 5159 παρά
851 5087 945 5142 τοῦ
964 5087 1460 5159 δημιουργήσαντος
1476 5083 1574 5154 τὴν
1595 5083 1758 5154 φύσιν

164 5185 338 5255 ὴμῶν
377 5183 784 5252 κατεσκευάσθη
806 5198 820 5213 ⁸
893 5181 1008 5234 ἀλλ’
1042 5179 1092 5232 εί
1124 5180 1190 5244 δὴ
1226 5177 1589 5250 ἡμαρτημένη
1649 5175 1758 5230 τῶν

165 5277 436 5329 τοιούτων
461 5275 776 5344 κινημάτων
797 5273 989 5342 χρῆσις
1012 5271 1111 5333 τὰς
1131 5271 1209 5332 είς
1231 5269 1429 5322 κακίαν
1466 5268 1758 5337 ἐγέννησεν

167 5366 437 5438 ἀφορμάς
459 5381 473 5396 ⁸
496 5365 658 5418 καλόν
677 5383 728 5418 τι
760 5360 894 5418 οὖσα
918 5366 952 5433 ἡ
977 5360 1318 5427 αὐτεξούσιος
1335 5359 1561 5430 δύναμις
1575 5357 1756 5429 ἡμῶν,

168 5462 314 5514 ὅταν
354 5459 486 5526 πρὸς
517 5457 578 5509 τὸ
597 5457 763 5510 κακὸν
789 5455 1097 5527 ὲνεργῆται,
1134 5452 1322 5508 κακῶν
1351 5451 1576 5521 ἔσχατον
1609 5451 1754 5518 γίνε-

165 5567 291 5604 ται.
336 5550 448 5602 Καὶ
481 5550 542 5602 τὸ
586 5548 842 5619 ἔμπαλιν,
881 5546 1113 5618 δργανον
1153 5547 1354 5617 ἀρετῆς
1394 5544 1542 5596 ἐστιν
1581 5544 1614 5612 ή
1652 5542 1758 5595 ἀπ-

1853 4541 2071 4598 amandi
2102 4537 2522 4603 continentiam,
2555 4543 2608 4591 et
2636 4533 2764 4588 odio
2804 4532 3036 4587 habendi
3067 4532 3426 4600 voluptatem,

1854 4651 1919 4692 ne
1969 4633 2171 4688 evadas
2210 4630 2560 4689 libidinosus,
2606 4626 2700 4681 sed
2748 4624 2998 4694 protinus
3041 4623 3330 4692 religiosus
3372 4632 3428 4678 et

1857 4721 1948 4776 Dei
1984 4721 2216 4782 amicus,
2250 4725 2304 4772 et
2347 4717 2454 4771 alia
2498 4715 2679 4769 omnia
2710 4713 2982 4774 similiter.
3029 4711 3424 4774 contentionis,

1858 4813 1995 4868 lucri
2029 4818 2084 4864 et
2111 4810 2300 4881 gloria:
2335 4822 2604 4870 amorem,
2643 4813 2698 4860 et
2724 4805 2906 4858 omnia
2936 4819 3057 4872 quae
3083 4818 3182 4857 usu
3223 4803 3428 4857 amoris

1849 4909 1917 4962 ad
1964 4921 2026 4961 ea
2082 4919 2204 4972 qua:
2259 4919 2364 4957 non
2423 4911 2660 4970 oportet,
2696 4905 2952 4968 separant
3000 4899 3068 4952 ab
3116 4911 3177 4950 ea
3210 4911 3332 4966 quae
3361 4895 3428 4950 ad

1850 4999 2054 5052 bonum
2100 5006 2184 5050 est
2233 4993 2577 5055 habitudine,
2611 5000 2669 5044 ut
2711 4989 2862 5046 verbi
2894 5003 3058 5044 causa
3102 4988 3154 5041 in
3191 4986 3429 5042 transitu

1856 5088 1961 5141 hoc
2007 5085 2202 5155 dogma
2237 5084 2556 5144 didicimus,
2598 5081 2744 5150 quod
2788 5079 2969 5134 omnis
3018 5079 3213 5132 animae
3252 5085 3431 5131 motus

1856 5175 1925 5230 ad
1972 5175 2176 5228 bonum
2215 5179 2302 5228 est
2349 5171 2606 5226 conditus
2639 5171 2709 5225 ab
2737 5182 2803 5224 eo
2847 5167 2938 5238 qui
2975 5177 3221 5221 nostram
3254 5165 3428 5219 fabri-

1855 5272 2014 5320 catus
2054 5271 2139 5319 est
2176 5271 2466 5329 naturam;
2519 5261 2615 5316 sed
2643 5261 2690 5316 si
2727 5258 3036 5331 peccaverit
3082 5257 3278 5310 horum
3311 5270 3427 5310 rno-

1853 5366 2008 5411 tuum
2041 5371 2198 5418 usus,
2254 5357 2302 5412 is
2349 5355 2416 5410 ad
2465 5355 2656 5408 vitium
2709 5357 2961 5422 procreat
3014 5349 3334 5403 occasiones
3377 5355 3438 5402 et

1854 5449 2191 5504 adminicula
2231 5467 2242 5502 :
2278 5447 2440 5502 liberi
2492 5445 2711 5502 arbitrii
2764 5444 2998 5499 facultas
3048 5457 3170 5495 cum
3220 5441 3292 5495 sit
3342 5455 3433 5496 res

1853 5538 2017 5602 bona,
2069 5535 2291 5609 quando
2349 5551 2413 5594 ea
2456 5536 2524 5592 ad
2560 5535 2767 5590 malum
2799 5537 3107 5596 exercetur,
3139 5537 3227 5584 est
3257 5527 3431 5583 malo-
3480 5603 3505 5610 Α

253 5723 300 5757 ⁵³
331 5722 479 5779 Psal.
518 5738 653 5787 xm,
688 5719 743 5774 2.
819 5721 864 5752 “
904 5718 1053 5774 Psal.
1090 5735 1142 5783 ιι,
1175 5717 1232 5784 6,
1265 5718 1320 5772 7.
1401 5716 1446 5748 "
1492 5713 1681 5769 Matth.
1718 5728 1790 5780 vr,
1816 5713 1907 5768 24.
