3846 6220
413 291 517 348 7ιῦ

1544 290 1602 346 S.
1639 289 1969 348 GREGORII
2001 290 2299 347 NYSSEM

3582 303 3696 357 7H

410 406 591 461 lorum
637 410 966 457 extremum.
1027 401 1091 456 Et
1139 411 1356 467 contra,
1390 405 1612 493 virtutis
1663 417 1748 463 est
1780 409 1987 462 instrn-

2098 408 2295 479 ωστικὴ
2323 409 2430 462 τῶν
2459 409 2639 479 ἀηδῶν
2669 409 2916 481 δύναμις,
2945 403 3168 484 ᾖδνομα
3203 413 3266 466 τὺ
3307 416 3470 486 μῖσός
3501 418 3696 481 ἐστιν,

413 507 679 560 mentum,
713 495 797 551 vis
829 495 1108 566 expultrix
1127 511 1318 551 eorum
1349 513 1471 567 quae
1493 511 1622 554 sunt
1663 500 1986 568 injucunda,

413 594 502 646 eui
546 605 744 643 nomen
789 595 874 642 est
927 588 1138 652 odium,
1189 589 1410 658 quando
1450 600 1697 644 armatur
1727 593 1990 648 adversus

413 680 776 736 contrarium.
820 678 927 732 Sed
991 689 1124 732 tunc
1181 679 1238 732 lit
1284 694 1434 732 arma
1489 682 1718 748 peccati,
1771 682 1990 750 quando

412 771 560 825 bono
607 769 836 823 resistit.
901 766 1094 822 Omnis
1149 783 1284 838 ergo
1340 767 1434 822 Dei
1481 778 1756 836 creatura,
1808 787 1875 824 ex
1922 772 1989 827 iis

413 878 534 932 qua!
586 873 715 915 sunt
768 862 820 913 in
865 861 1026 914 nobis
1069 869 1406 924 constructa,
1459 863 1601 914 bona
1641 870 1745 926 est,
1779 869 1833 917 et
1876 877 1987 917 non

412 953 733 1022 rejicienda,
797 952 844 1005 si
887 961 1136 1005 sumatur
1187 967 1312 1004 cum
1372 953 1671 1023 gratiarum
1721 955 1984 1009 actione:

413 1047 662 1113 ingratus
711 1054 892 1096 autem
947 1057 1138 1096 eorum
1188 1059 1323 1097 usus
1357 1045 1548 1098 vilium
1578 1046 1743 1098 ellicit
1772 1054 1988 1100 creatu-

409 1154 551 1198 ram,
617 1151 712 1204 per
759 1134 904 1203 quod
963 1134 1170 1188 recedit
1219 1151 1342 1204 quae
1380 1146 1465 1191 est
1518 1137 1677 1192 nobis
1709 1153 1833 1191 cum
1875 1137 1986 1193 Deo

409 1226 750 1294 conjunctio,
785 1225 1150 1294 ingredientia
1192 1235 1374 1280 autem
1408 1229 1704 1293 contraria,
1737 1229 1857 1282 loco
1888 1228 1983 1283 Dei

409 1330 730 1389 ponuntur:
773 1318 908 1392 adeo
957 1328 1016 1371 ut
1062 1335 1159 1388 per
1205 1335 1268 1373 ea
1310 1321 1519 1374 vitiosa:
1563 1321 1885 1377 allectiones
1927 1322 1982 1376 in

407 1414 541 1468 deos
579 1410 906 1466 referantur.
949 1409 1038 1464 Sic
1077 1412 1142 1465 iis
1173 1412 1265 1480 qui
1298 1413 1434 1481 gula:
1459 1422 1586 1466 sunt
1619 1413 1806 1478 dediti,
1848 1412 1984 1470 deus

406 1513 492 1558 est
541 1512 747 1556 venter.
805 1502 896 1554 Sic
949 1502 1100 1556 avari
1140 1505 1243 1556 sibi
1275 1519 1340 1556 ex
1377 1503 1508 1556 vitio
1546 1503 1749 1557 idolum
1776 1504 1984 1557 consti-

407 1605 590 1650 tuunt.
637 1594 729 1649 Sic
767 1596 802 1648 ii
843 1595 936 1664 qui
988 1613 1082 1664 μοι·
1129 1613 1373 1650 errorem
1412 1597 1611 1650 habent
1655 1597 1708 1650 in
1746 1597 1847 1652 hoc
1881 1613 1984 1651 saa-

405 1690 534 1742 culo
574 1689 902 1742 obscuratos
948 1689 1144 1742 animae
1183 1691 1394 1749 oculos.
1431 1689 1590 1743 deum
1638 1689 1740 1742 sibi
1772 1690 1982 1743 faciunt

405 1797 600 1834 vanam
638 1781 889 1851 gloriam.
925 1781 990 1835 Et
1027 1792 1085 1834 ut
1120 1781 1291 1835 semel
1323 1780 1500 1833 dicant
1537 1797 1549 1832 :
1591 1781 1679 1833 cui
1717 1781 1792 1834 rei
1829 1783 1985 1850 quis-

405 1874 552 1943 piam
591 1887 742 1928 suam
792 1872 1056 1926 rationem
1093 1871 1460 1940 solijunxerit,
1491 1879 1544 1926 et
1571 1873 1626 1926 in
1667 1873 1980 1926 servitutem

407 1965 685 2019 redactam
720 1964 1134 2034 mancipaverit,
1169 1979 1290 2017 eam
1320 1979 1422 2018 suo
1451 1964 1583 2018 vitio
1624 1963 1786 2018 deum
1819 1965 1981 2019 fecit:

406 2074 516 2110 non
558 2057 660 2110 hoc
686 2055 954 2119 tacturus,
993 2057 1096 2110 nisi
1129 2071 1225 2126 per
1252 2055 1610 2110 dilectionem
1647 2057 1846 2110 malum
1876 2057 1983 2112 sibi

406 2149 676 2204 familiare
704 2155 759 2202 et
789 2147 1196 2203 necessitudine
1221 2147 1575 2216 conjunctum
1599 2147 1889 2203 effecisset.
1928 2148 1982 2202 Si

2091 501 2220 553 ὅταν
2267 501 2408 554 κατά
2437 502 2529 555 τοῦ
2568 503 2808 556 ἐναντίου
2845 502 3152 575 όπλίζηται.
3195 506 3354 560 Ἀλλά
3390 509 3694 580 ἁμαρτίας

2091 592 2208 644 τότε
2241 591 2448 660 γίνεται
2481 594 2664 659 ὅπλον,
2703 595 2830 646 ὃταν
2861 595 2996 666 πρὸς
3024 596 3083 648 τὸ
3121 597 3320 664 ἀγαθὸν
3350 601 3689 653 ἀντιτακτι-

2091 685 2202 749 κῶς
2251 686 2384 756 ἔχει.
2436 687 2642 743 Οὐκοῦν
2692 689 2801 742 πᾶν
2843 689 3048 759 κτίσμα
3091 691 3226 744 Θεοῦ
3283 693 3393 746 τῶν
3434 697 3506 746 ὲν
3551 696 3694 763 ἡμῖν

2091 781 2611 850 κατεσκευασμένων
2655 781 2838 845 καλὸν,
2874 783 2970 835 καὶ
3005 783 3155 836 οὐδὲν
3193 784 3502 855 ἀπόϐλητον
3542 787 3694 854 μετὰ

2089 873 2438 944 εὐχαριστίας
2491 873 2934 946 λαμϐανόμενονο
2970 878 3003 946 ἡ
3053 877 3110 930 δὲ
3140 879 3430 950 ἀχάριστος
3458 881 3695 934 τούτων

2089 963 2282 1034 χρῆσις
2330 964 2502 1027 πάθος
2551 966 2614 1018 τὸ
2669 967 2874 1037 κτίσμα
2902 967 3146 1036 ἐποίησε,
3184 969 3250 1022 δι’
3275 966 3332 1025 οὕ
3361 973 3615 1025 ἐκϐαίνει
3653 975 3692 1037 ἡ

2087 1015 2225 1126 πρός
2281 1057 2412 1109 Θεὸν
2460 1015 2753 1126 όίκειότης,
2798 1015 3216 1114 ravum-9:06;“
3241 1063 3298 1114 δὲ
3326 1063 3392 1116 τά
3416 1015 3692 1123 ἐναντίας

2085 1147 2164 1206 είς
2198 1146 2288 1197 τὸν
2331 1147 2424 1200 τοῦ
2466 1146 2600 1201 Θεοῦ
2625 1149 2788 1202 τόπον
2815 1150 3291 1206 ἀντικαθίστανται
3312 1170 3327 1186 ο
3366 1155 3508 1208 ὥστε
3550 1159 3694 1219 τοῖς

2085 1237 2344 1300 τοιούτοις
2374 1239 2735 1295 θεοποιεῖσθαι
2763 1241 2832 1294 τὰ
2861 1242 3033 1312 πάθη.
3058 1242 3244 1306 Οὕτως
3269 1241 3360 1299 οὖν
3393 1250 3511 1309 τοῖς
3545 1248 3690 1300 λαε-

2086 1328 2359 1398 μαργοῦσι
2377 1330 2585 1398 γίνεται
2616 1330 2784 1402 θεὸςή
2808 1332 3003 1386 κοιλία.
3022 1332 3208 1397 Οὕτως
3227 1335 3689 1390 είδωλοποιοῦσιν

2083 1418 2295 1483 ἑαυτοῖς
2315 1420 2366 1471 οἱ
2394 1420 2714 1474 πλεονέκται
2745 1423 2845 1493 τὴν
2877 1423 3048 1478 νόσον.
3070 1423 3256 1486 Οὕτως
3283 1429 3331 1478 oi
3354 1427 3418 1478 δι’
3438 1429 3688 1496 ἀπάτης

2084 1508 2458 1572 σκοτισθέντες
2508 1510 2566 1562 ὲν
2599 1509 2677 1580 τῷ
2705 1510 2862 1564 αίῶνι
2887 1512 3060 1584 τούτῳ
3083 1517 3194 1578 τοῖς
3226 1515 3526 1585 ὀφθαλμοῖς
3562 1518 3686 1586 τῆς

2080 1599 2281 1670 ψυχῆς,
2340 1598 2464 1653 θεὸν
2509 1601 2720 1665 ἑαυτοῖς
2765 1604 2864 1675 τὴν
2901 1604 3206 1668 κενοδοξίαν
3235 1607 3516 1677 ἐποίησαν.
3550 1609 3683 1662 Καὶ

2085 1689 2355 1743 συνελόντι
2403 1691 2630 1760 φράσαι,
2677 1687 2830 1766 ᾧπερ
2863 1695 2928 1749 ἄν
2957 1713 3042 1759 τις
3070 1697 3161 1750 τὸν
3182 1699 3374 1750 ἑαυτοῦ
3397 1699 3680 1771 λογισμὸν

2020 1771 2057 1824 Β
2087 1779 2406 1846 ὑποζεύξας,
2445 1781 2629 1835 δοῦλον
2675 1783 2876 1857 ποιήσῃ
2912 1788 3006 1839 καὶ¹
3042 1787 3370 1861 ὑποχείριον,
3400 1791 3567 1845 τοῦτο
3606 1797 3678 1846 ὲν

2086 1872 2164 1942 τῷ
2213 1873 2325 1944 ίδίῳ
2381 1873 2541 1926 πάθει
2573 1874 2916 1946 ὲθεοποίησεν
2941 1893 2954 1906 ·
3003 1880 3103 1932 οὐκ
3135 1880 3200 1934 ἂν
3248 1881 3404 1933 τοῦτο
3443 1882 3672 1947 παθὼν,

2079 1967 2125 2017 εἰ
2162 1964 2235 2034 μὴ
2274 1965 2359 2018 διὰ
2406 1967 2504 2036 τῆς
2544 1967 2765 2038 ἀγάπης
2796 1969 2857 2021 τὸ
2901 1970 3073 2024 κακὸν
3097 1971 3431 2041 ᾠκειώσατο.
3471 1975 3543 2028 Εἰ
3569 1972 3673 2028 οὖν

2081 2058 2392 2126 ἐνοήσαμεν
2416 2061 2513 2129 τῆς
2539 2077 2596 2112 τε
2629 2061 2812 2128 φιλίας
2859 2064 2952 2116 καὶ
2982 2063 3074 2116 τοῦ
3118 2065 3306 2133 μίσους
3334 2067 3432 2136 τὴν
3467 2069 3672 2120 εὐκαι-

2086 2149 2226 2215 ρίαν,
2258 2149 2320 2201 τὸ
2348 2151 2445 2220 μὲν
2468 2151 2861 2222 ἀγαπήσωμεν.
2892 2155 2954 2206 τὸ
2986 2154 3041 2207 δὲ
3077 2157 3497 2226 πολεμήσωμεν.

405 2253 534 2307 ergo
573 2237 777 2292 amoris
805 2246 859 2292 et
895 2237 1006 2291 odii
1052 2237 1422 2292 intelleximus
1477 2241 1967 2308 opportunitatem.
2007 2241 2235 2293 alterum
2268 2243 2486 2311 quidem
2525 2243 2817 2298 diligamus
2845 2261 2992 2298 :cum
3027 2248 3199 2301 altero
3265 2263 3392 2302 vero
3426 2246 3668 2300 bellum

406 2344 680 2399 geramus.

483 2438 502 2471 ι
545 2417 784 2487 Tempus
823 2424 908 2471 est
944 2416 1113 2481 enim,
1159 2434 1178 2468 ι
1217 2417 1415 2486 inquit,
1460 2433 1478 2466 ι
1507 2415 1658 2477 belli,
1685 2423 1740 2468 et
1773 2423 1986 2482 tempus

409 2509 583 2578 pacis.
640 2527 658 2559 ι
710 2506 874 2562 Vides
921 2506 1326 2560 contrariarum
1377 2505 1727 2560 aﬂectionum
1780 2506 1986 2558 instru-

407 2610 551 2654 ctam
612 2599 808 2658 aciem.
865 2600 1036 2668 legero
1086 2598 1271 2653 carnis
1328 2605 1662 2667 pugnantem
1717 2594 1986 2649 adversus

409 2694 580 2763 legem
610 2692 831 2752 mentis,
865 2701 918 2744 et
953 2691 1318 2760 captivantem
1366 2690 1422 2742 in
1467 2689 1638 2756 legem
1677 2687 1883 2756 peccati
1917 2686 1984 2737 ⁸⁸.

408 2782 648 2838 Attende
689 2783 1047 2850 multiplicem
1095 2790 1149 2835 et
1179 2782 1391 2834 varium
1419 2795 1614 2849 pugnae
1641 2787 1986 2848 apparatum,

407 2883 465 2928 et
510 2888 673 2944 quam
721 2873 910 2927 multis
950 2881 1116 2942 atque
1165 2871 1301 2926 adeo
1343 2871 1576 2926 inﬁnitis
1619 2871 1795 2923 modis
1835 2885 1992 2921 exer-

409 2967 556 3021 citus
603 2961 904 3019 adversarii
981 2967 1168 3019 urbem
1255 2971 1403 3016 tuam
1462 2971 1776 3032 oppugnet;
1829 2961 1993 3012 mittit

410 3057 808 3124 exploratores,
853 3053 1117 3107 subornat
1155 3053 1486 3122 proditores,
1524 3054 1576 3105 in
1624 3055 1724 3106 viis
1759 3053 1992 3105 collocat

2163 2441 2180 2472 ί
2205 2423 2411 2496 Καιρὸς
2433 2421 2564 2492 γὰρ,
2581 2427 2734 2493 φησὶ.
2752 2425 3018 2495 πολέμου,
3043 2424 3139 2476 καὶ
3161 2431 3353 2500 καιρὸς
3370 2429 3623 2497 εἰρήνης.
3651 2447 3670 2478 ι

2100 2505 2262 2576 Ὀρᾷς
2284 2506 2394 2558 τών
2433 2507 2826 2578 ἀντικειμένων
2856 2507 3044 2561 παθῶν
3074 2509 3173 2580 τὴν
3204 2508 3537 2579 παράταξιν,
3576 2509 3679 2564 τδν

2088 2598 2251 2667 νόμον
2297 2598 2658 2670 τῆς’σαρκδς,
2690 2597 2782 2652 τὸν
2829 2599 3380 2670 ἀντιστρατευόμενον
3407 2598 3485 2670 τῷ
3511 2598 3672 2668 νόμῳ

2087 2691 2185 2759 τῆς
2236 2689 2529 2760 ἁμαρτίας.
2561 2688 2802 2759 Πρόσχες
2841 2692 2906 2758 τῇ
2935 2689 3155 2761 ποικίλῃ
3199 2689 3300 2759 τῆς
3336 2688 3519 2758 μάχης
3556 2689 3674 2741 δια-

2085 2783 2274 2850 σκευῇ,
2318 2780 2435 2842 πῶς
2468 2779 2799 2850 μυριότοπός
2829 2782 2945 2832 ἐστι
2974 2779 3116 2833 κατὰ
3143 2779 3241 2849 τῆς
3270 2781 3369 2850 σῆς
3391 2779 3605 2843 πόλεως
3635 2782 3670 2850 ἡ

2083 2871 2177 2924 τοῦ
2198 2871 2575 2940 ἀντικειμένου
2636 2870 2938 2941 στρατηγία
2960 2887 2975 2900 ο
3020 2871 3404 2932 κατασκόπους
3431 2871 3672 2942 πέμπει,

2088 2960 2352 3032 προδότας
2399 2961 2760 3020 ὕποποιεῖται,
2793 2961 2914 3021 ταῖς
2957 2959 3100 3021 ὁδοῖς
3143 2957 3451 3032 ἐφεδρεύει,
3479 2959 3676 3030 λόχους

2091 3051 2184 3102 καὶ
2215 3050 2407 3120 ἓνεδρα
2451 3049 2752 3118 συνίστησι,
2800 3050 3122 3119 συμμάχους
3166 3048 3672 3120 προσεταιρίζεται,

412 3122 669 3211 insidias.
718 3147 979 3200 adsciscit
1027 3146 1153 3199 belli
1201 3146 1404 3205 socios.
1450 3155 1504 3199 et
1552 3152 1836 3213 comparat
1870 3159 1985 3196 ina-

2098 3141 2466 3210 μηχανήματα
2496 3135 2917 3202 κατασκευάζει,
2955 3137 3297 3206 σφενδονίτας
3320 3140 3416 3192 καὶ
3445 3139 3676 3202 τοξότας

412 3238 628 3297 cbiuas.
673 3251 769 3306 per
813 3251 954 3304 quas
997 3235 1243 3305 quatitur
1292 3249 1481 3288 murus
1528 3233 1754 3296 animae;
1808 3231 1992 3284 fundi-

414 3336 586 3388 tores.
642 3327 983 3396 sagittarios,
1025 3334 1080 3380 et
1130 3341 1226 3379 eos
1281 3326 1375 3395 qui
1424 3340 1620 3378 manus
1669 3331 1988 3382 conserunt.

413 3425 470 3471 et
498 3416 687 3486 copias
708 3425 1018 3485 equestres,
1050 3424 1103 3468 et
1138 3429 1480 3488 quaecunque
1497 3421 1624 3466 sunt
1655 3412 1990 3480 hujusoiodi,

415 3524 479 3561 ea
540 3505 727 3560 omnia
787 3505 1053 3558 adversus
1093 3511 1145 3558 te
1195 3504 1247 3555 in
1303 3502 1419 3555 acie
1465 3500 1753 3554 dimicant.
1808 3497 1995 3566 Neque

416 3614 545 3652 vero
606 3598 848 3667 ignoras,
907 3595 1033 3664 quis
1098 3595 1171 3647 sit
1215 3609 1410 3648 sensus
1458 3608 1643 3646 eorum
1701 3607 1820 3660 qua:
1849 3591 1992 3642 dicta

417 3698 570 3752 sunt.
627 3690 753 3759 quis
807 3689 878 3744 sit
939 3688 1206 3758 proditor,
1245 3688 1370 3756 quis
1406 3687 1739 3754 speculator,
1771 3683 1863 3751 qui
1913 3683 1995 3735 iii-

418 3782 732 3845 sidiatores,
757 3781 852 3850 qui
886 3779 1213 3837 funditores.
1247 3779 1339 3847 qui
1371 3777 1662 3850 sagittarii,
1687 3786 1740 3829 ct
1775 3773 1865 3842 qui
1905 3788 1991 3840 pu-

417 3881 588 3940 gnant
641 3873 894 3926 cominus
943 3885 1244 3937 manusque
1285 3878 1605 3925 conserunt.
1656 3877 1709 3919 et
1753 3879 1876 3934 qua:
1925 3862 1996 3916 sit

419 3974 601 4017 turma
621 3964 886 4030 equitum.
907 3961 988 4014 Ad
1011 3962 1194 4014 omnia
1218 3976 1347 4030 ergo
1377 3960 1706 4030 aspicientes
1738 3972 1836 4010 nos
1866 3972 1996 4024 quo-

419 4069 526 4123 qne
559 4058 778 4122 oportet
823 4051 1050 4116 armari,
1100 4059 1155 4104 et
1202 4052 1384 4104 socios
1414 4048 1712 4109 adhortari,
1743 4052 1797 4098 et
1853 4045 1994 4097 inter

418 4158 516 4197 eos
545 4141 640 4211 qui
696 4147 825 4195 sunt
883 4140 1042 4194 nobis
1090 4139 1320 4206 subjecti
1367 4136 1690 4206 dijndiearc,
1742 4150 1870 4188 num
1919 4134 1999 4186 fa-

421 4241 586 4290 veant
635 4232 876 4288 hostium
941 4232 1208 4302 partibus,
1249 4239 1304 4283 et
1360 4230 1672 4299 prospicere
1706 4244 1774 4282 ne
1807 4228 1860 4281 in
1911 4226 1996 4279 via

423 4327 554 4379 Iiant
593 4324 830 4378 insidiae.
862 4330 916 4377 et
959 4323 1226 4376 adversus
1269 4321 1500 4374 telorum
1535 4320 1740 4390 jactus.
1793 4333 1999 4387 eosque

2092 3233 2185 3284 καὶ
2241 3230 2366 3293 τοὺς
2413 3230 2684 3300 συστάδην
2720 3228 3225 3300 συμπλεκομένους,
3254 3231 3350 3282 καὶ
3382 3230 3484 3300 τὴν
3513 3231 3677 3282 ἱππι-

2092 3324 2194 3393 κὴν
2214 3322 2459 3392 δύναμιν,
2491 3322 2585 3374 καὶ
2612 3322 2789 3374 πάντα
2811 3321 2879 3374 τὰ
2905 3321 3131 3375 τοιαῦτα
3159 3321 3298 3376 κατὰ
3320 3321 3415 3374 σοῦ
3435 3323 3678 3393 ἐκστρα-

2091 3415 2327 3466 τεύεται.
2361 3413 2586 3476 Πάντως
2610 3412 2667 3466 δὲ
2699 3413 2799 3466 οὐκ
2843 3414 3058 3480 ἀγνοεῖς
3086 3413 3186 3482 τὴν
3222 3412 3332 3465 τῶν
3362 3413 3680 3484 εἰρημένων

2092 3505 2350 3567 διάνοιαν,
2376 3505 2458 3567 τίς
2483 3507 2510 3558 ὁ
2541 3503 2827 3575 προδότης,
2863 3503 2946 3567 τίς
2978 3506 3006 3557 ό
3044 3504 3415 3567 κατάσκοπος.
3455 3503 3607 3568 τίνες
3625 3504 3676 3558 οί

2095 3598 2424 3668 ὲνεδρευταὶ,
2446 3598 2590 3661 τίνες
2604 3600 2650 3650 oi
2684 3597 3042 3666 σφενδονῐται.
3063 3596 3206 3658 τίνες
3237 3597 3286 3648 οἱ
3310 3597 3548 3660 τοξόται,
3580 3597 3679 3650 καὶ

2094 3690 2235 3752 τίνες
2257 3691 2306 3742 oi
2349 3691 2674 3760 ἀγχέμαχοι,
2717 3688 2810 3742 καὶ
2844 3688 2956 3742 τῶν
2985 3688 3196 3740 ίππέων
3229 3687 3340 3758 ίλη.
3365 3688 3556 3741 Πάντα
3583 3684 3679 3742 οὖν

2099 3782 2392 3852 βλέποντας
2443 3782 2548 3851 χρὴ
2596 3781 2689 3834 καὶ
2737 3777 2885 3851 ἡμᾶς
2917 3777 3360 3842 καθοπλίζεσθαι,
3406 3779 3502 3831 καὶ
3547 3781 3678 3842 170');

2099 3873 2420 3943 συμμάχους
2447 3872 2800 3944 παρακαλεῖν,
2832 3871 2926 3924 καὶ
2947 3872 3278 3940 φιλοκρινεῖν
3306 3871 3366 3921 ὲν
3395 3871 3508 3932 τοῖς
3537 3869 3679 3922 ὑπο-

2097 3964 2355 4034 χειρίοις.
2394 3965 2466 4034 μή
2504 3980 2589 4027 τις
2628 3963 2696 4016 τὰ
2728 3962 2838 4014 τῶν
2880 3961 3159 4031 πολεμίων
3191 3961 3398 4031 φρονεῖ,
3442 3959 3680 4030 προελέ-

2099 4073 2220 4108 πειν
2253 4072 2310 4107 τε
2334 4054 2432 4116 τὰς
2458 4053 2749 4124 παροδίους
2766 4052 3008 4122 ἐνέδρας,
3033 4053 3124 4106 καὶ
3151 4053 3359 4122 τυρεοῖς
3382 4051 3479 4113 τάς
3514 4050 3680 4120 βολάς

2098 4133 2514 4214 ἅσφαλίζεσθαι,
2557 4144 2694 4214 πρός
2721 4159 2778 4195 τε
2813 4144 2938 4205 τοὺς
2971 4141 3239 4211 συστάδην
3268 4143 3402 4213 ἡμῖν
3431 4139 3680 4209 συμπλες

2103 4236 2368 4306 κομένους
2399 4235 2626 4296 ἄνωθεν,
2656 4235 2752 4288 καὶ
2775 4232 3178 4302 ἀποταφρεύειν
3212 4235 3325 4294 τοῖς
3368 4231 3491 4284 καθ’
3517 4231 3680 4301 ἡμῶν

2103 4327 2362 4390 ἱππόταις
2393 4326 2491 4397 τὴν
2527 4327 2777 4396 πάροδον.
2811 4325 3057 4394 ’Ήρμοζε
3094 4323 3152 4375 δέ
3177 4339 3287 4374 τισι
3317 4323 3412 4375 καὶ
3437 4321 3677 4392 1190660-

421 4417 516 4486 qni
561 4417 817 4471 cominus
860 4414 1145 4468 nobiscum
1189 4429 1387 4467 manus
1423 4419 1752 4476 conserunt,
1795 4410 1991 4480 clypeis

2101 4423 2219 4485 λαῖς
2248 4421 2317 4474 τὰ
2351 4421 2501 4490 τείχη
2534 4415 3054 4485 κατασφαλίζεσθαι,
3093 4414 3171 4477 ὡς
3208 4415 3275 4467 ἂν
3310 4415 3384 4484 μὴ
3420 4431 3680 4466 κατασει-

423 4525 526 4564 nis
580 4516 886 4576 protegere.
930 4514 983 4558 et
1025 4504 1173 4558 fossa
1218 4504 1287 4558 ab
1335 4504 1486 4558 aditu
1541 4518 1727 4557 arcere
1761 4516 1857 4556 eos
1889 4504 1998 4570 qui

422 4599 479 4654 in
533 4614 636 4654 nos
689 4599 1062 4651 immittuntur
1093 4596 1327 4665 equites.
1359 4597 1850 4686 Convenit,auteni
1882 4594 2004 4663 qui-

425 4689 652 4746 busdam
685 4691 848 4744 etiam
895 4689 1323 4758 propugnaculis
1375 4687 1574 4742 mainia
1625 4687 1841 4740 munire
1870 4726 1883 4747 ,
1937 4701 2005 4740 ne

423 4780 812 4835 concutiantur
863 4779 1153 4833 machinis.
1213 4777 1402 4848 Neque
1442 4795 1575 4832 vero
1625 4795 1764 4847 opus
1808 4785 1891 4831 est
1948 4786 2005 4829 ut

422 4872 607 4928 verbis
653 4871 871 4941 singula
929 4871 1286 4938 explicemus,
1323 4885 1515 4939 nempe
1543 4869 2000 4938 quemadmodum

422 4965 681 5020 inimicus
727 4963 1166 5032 uniuscujusque
1209 4971 1414 5018 nostra:
1465 4963 1725 5022 civitatis,
1771 4978 1893 5032 quae
1923 4969 2006 5015 est

422 5071 454 5110 a
509 5055 618 5110 Deo
665 5053 889 5108 condita
947 5055 1000 5107 in
1049 5056 1265 5116 anima,
1330 5062 1426 5108 aut
1479 5070 1573 5123 per
1630 5055 2007 5122 exploratores

422 5157 738 5202 nostrarum
780 5146 1062 5216 copiarum
1104 5145 1232 5201 facit
1267 5148 1590 5217 periculum,
1641 5155 1694 5200 ct
1737 5161 2005 5215 quosnam

427 5239 589 5293 habet
616 5254 680 5292 ex
723 5239 933 5292 nostris
975 5238 1066 5306 qui
1107 5247 1354 5292 nostrum
1408 5237 1642 5307 prodant
1682 5235 2007 5289 exercitum.

433 5331 501 5385 lit
551 5338 727 5385 autent
786 5345 984 5384 sensus
1027 5329 1306 5399 aperiatur
1356 5328 1703 5393 manifestus,
1755 5329 1881 5382 talis
1913 5337 2002 5383 est

431 5423 643 5493 primus
673 5422 996 5476 tentationis
1031 5421 1292 5485 insultus,
1328 5421 1472 5475 unde
1527 5423 1751 5490 capiunt
1784 5420 2001 5474 initium

427 5513 640 5568 vitiosa:
669 5512 1010 5568 aﬂectiones.
1064 5510 1165 5566 Hic
1196 5521 1282 5568 est
1337 5511 1655 5582 explorator
1685 5519 2002 5565 nostrarum

501 5687 544 5717 “
582 5684 740 5740 Rom.
771 5701 874 5752 vn,
917 5685 1010 5742 23.

2103 4514 2253 4583 σθείη
2297 4515 2410 4574 τοῖς
2455 4512 2828 4581 μηχανήμασι.
2860 4507 3084 4568 Πάντως
3129 4505 3186 4558 δὲ
3231 4505 3406 4558 οὐδενὶ
3435 4505 3581 4575 λόγῳ
3611 4505 3681 4558 τὰ

2102 4603 2224 4656 καθ’
2241 4603 2468 4654 ἕκαστον
2486 4596 2920 4670 ἑρμηνευόμεθα,
2942 4595 3058 4658 πῶς
3071 4597 3098 4647 ό
3113 4595 3302 4664 ἐχθρὸς
3320 4594 3418 4664 τῆς
3445 4596 3679 4648 ἑκάστου

2102 4691 2259 4762 ἡμῶν
2315 4691 2542 4752 πόλεως,
2571 4690 2667 4759 τῆς
2695 4689 2753 4740 ὲν
2778 4689 2842 4757 τῇ
2868 4686 3011 4755 ψυχῇ
3059 4684 3211 4754 παρὰ
3247 4683 3344 4736 τοῦ
3385 4685 3524 4738 Θεοῦ
3558 4703 3682 4738 συν-

2101 4782 2434 4853 ῳκισμέ-ιης,
2481 4780 2513 4850 ἦ
2557 4780 2645 4832 διὰ
2699 4779 3063 4832 κατασκόπων
3097 4777 3472 4846 ἁποπειρᾶται
3525 4777 3683 4845 ἡμῶν

2100 4875 2199 4943 τῆς
2251 4872 2552 4940 δυνάμεως,
2602 4870 2693 4924 καί
2775 4885 2924 4932 τινας
2976 4869 3088 4937 ἔχει
3144 4870 3268 4925 τοὺς
3295 4867 3355 4931 ὲξ
3386 4867 3545 4936 ἡμῶν
3592 4868 3684 4920 αὖα

2101 4959 2209 5012 τών
2239 4957 2503 5028 προδότας
2537 4956 2857 5026 γινομένους
2903 4953 3001 5024 τῆς
3053 4955 3326 5027 ἡμετέρας
3377 4955 3682 5025 δυνάμεως.

2114 5051 2201 5112 Ὠς
2234 5050 2277 5102 δ’
2307 5050 2372 5102 ἂν
2397 5047 2774 5118 φανερώτερον
2797 5047 2858 5100 τὸ
2890 5047 3067 5116 νόημα
3087 5045 3478 5115 ὲκκαλυφθείη,
3509 5046 3684 5099 τοιοῦ-

2103 5141 2194 5193 τόν
2222 5143 2367 5193 ἐστιν
2395 5137 2640 5209 ἡπρώτη
2669 5137 2763 5190 τοῦ
2800 5137 3110 5208 πειρασμοῦ
3147 5129 3596 5207 προσϐολὴ,’ὃθεν
3621 5142 3686 5190 τά

2109 5231 2255 5300 πάθη
2283 5231 2380 5302 τὴν
2402 5229 2574 5302 ἀρχὴν
2601 5229 2887 5298 λαμὸάνει.
2913 5223 3081 5291 Οὗτος
3104 5229 3206 5298 τῆς
3235 5228 3510 5298 ἡμετέρας
3531 5229 3688 5280 δυνά-

2115 5342 2257 5394 μεως
2276 5324 2615 5384 κατάσκοπος
2635 5321 2846 5389 γίνεται
2863 5337 2876 5351 ·
2907 5315 3036 5381 οἷον,
3063 5321 3288 5374 ἐνέπεσε
3317 5321 3396 5390 τῷ
3423 5321 3686 5391 ὀφθαλμῷ

2113 5416 2291 5485 θέαμα
2337 5414 2434 5485 τὴν
2487 5412 2783 5482 ἐπιθυμίαν
2833 5413 3180 5466 ἀνακαινίσαι
3219 5411 3541 5482 δυνάμενον.
3595 5415 3689 5465 Διὰ

2113 5504 2204 5561 οὖν
2238 5506 2425 5560 τούτου
2475 5506 2813 5558 κατασκοπεῖ
2843 5504 2944 5574 τὴν
2983 5505 3041 5557 ἐν
3075 5504 3158 5558 σοὶ⁸
3199 5501 3430 5574 δύναμιν
3461 5505 3494 5556 ὁ
3539 5501 3687 5557 πολέ-
