3846 6220
143 331 265 390 ’ἓδὸ

1213 327 1279 382 ΙΝ
1309 323 1842 384 ECCLESIASTEN.
1878 323 2161 381 IIOMILIA
2205 323 2332 379 VIII.

3285 319 3388 383 746

146 456 295 509 μιος,
326 439 435 493 εῑτε
487 432 662 515 σχυρά
706 458 792 504 τις
819 442 913 494 καὶ
949 441 1356 510 εύπαράσκευός
1396 442 1563 502 ἐστιν,
1615 441 1720 492 εἴτε

1828 437 2148 505 ecpiarum;
2200 445 2258 492 ut
2300 437 2533 508 exempli
2592 452 2782 501 causa,
2845 437 3039 496 incidit
3100 443 3386 498 oculorum

142 532 338 594 ἄτονος
372 533 466 586 καὶ
494 534 782 596 εὐάλωτος.
815 536 876 587 Ei
918 534 1026 605 7&9
1057 535 1156 586 οὐκ
1190 533 1443 596 ὢκλασας
1474 532 1551 603 τῷ
1588 534 1720 603 σχή-

143 639 307 692 ματι,
334 623 455 675 ούδέ
490 639 571 676 σοι
607 624 742 694 πρὸς
767 625 828 676 τὸ
860 624 1025 692 φανὲν
1055 622 1270 694 διελύθη
1297 625 1394 694 τῆς
1419 622 1656 684 διανοίας
1693 623 1722 673 ὁ

138 714 324 779 τόνος,
355 714 468 767 ἀλλ’
501 714 724 778 ἀπαθῶς
756 713 1122 786 παρέπεμψας
1151 717 1250 784 τὴν
1295 714 1602 783 συντυχίαν,
1633 714 1722 766 εύ-

135 804 246 868 θὺς
293 805 570 876 ἐπτόησας
606 806 700 858 τὸν
756 807 1120 870 κατάσκοπον,
1175 802 1286 858 οἷον
1327 805 1564 859 ὁπλιτῶν
1600 822 1720 858 τινα

141 896 407 965 φάλαγγα
433 900 544 960 τοῖς
571 898 757 967 δόρασι
796 898 1152 966 φρίσσουσαν,
1178 897 1276 968 τὴν
1303 897 1414 950 τῶν
1443 897 1719 967 λογισμῶν

140 988 290 1052 λέγω
317 989 666 1060 παρασκευὴν
687 990 766 1059 τῷ
794 989 1126 1059 κατασκόπῳ
1147 989 1344 1053 δείξας.
1376 990 1436 1041 Εἰ
1463 989 1518 1040 δὲ
1548 987 1719 1058 μαλα-

138 1079 302 1150 χθείη
351 1080 418 1133 δι’
445 1081 640 1150 ἡδονῆς
690 1080 827 1150 πρὸς
875 1082 974 1150 τὴν
1009 1080 1138 1134 θέαν
1171 1081 1205 1150 ἡ
1235 1080 1506 1148 αἴσθησις,
1541 1081 1632 1132 καὶ
1659 1078 1720 1132 τὺ

138 1169 239 1222 τοῦ
270 1172 625 1241 χαρακτῆρος
664 1171 882 1224 εἴδωλον
915 1172 1062 1236 ἐντὸς
1096 1171 1194 1242 τῆς
1227 1173 1464 1235 διανοίας
1487 1171 1574 1225 διά
1609 1171 1718 1223 τῶν

127 1261 436 1332 ὀφθαλμῶν
466 1262 681 1335 εἰσδύῃ,
709 1264 830 1316 τότε
856 1264 1315 1332 καταπολεμεῖται
1345 1265 1444 1334 μὲν
1479 1265 1507 1316 ὁ
1553 1280 1718 1336 στρα-

134 1352 313 1420 τηγὸς
352 1351 459 1404 τῶν
494 1351 639 1404 ἔνδον
673 1353 701 1404 ὁ
729 1351 874 1416 νοῦς,
907 1352 982 1416 ὡς
1012 1354 1162 1406 οὐδὲν
1195 1353 1461 1423 ἀνδρῶδες
1493 1354 1526 1424 ἢ
1554 1371 1721 1406 νεανι-

135 1441 237 1492 κὸν
271 1440 430 1510 ἔχων,
473 1441 608 1494 ἀλλὰ
644 1441 926 1513 βλακώδης
969 1459 1056 1506 τις
1099 1443 1192 1496 καὶ
1223 1441 1444 1506 ἐκλυτος
1477 1441 1574 1504 ὢν,
1620 1443 1718 1496 καὶ

134 1532 350 1602 πλῆθος
380 1533 652 1604 προδοτῶν
692 1535 758 1586 ἐκ
786 1533 881 1588 τοῦ
911 1535 1086 1606 δήμου
1132 1536 1242 1588 τῶν
1275 1537 1549 1606 λογισμῶν
1591 1537 1720 1608 περὶ

132 1620 230 1674 τὸν
261 1625 608 1676 κατάσκοπον
643 1628 1046 1694 συγκροτεῖται.
1084 1621 1240 1680 Οὗτοι
1265 1626 1320 1680 δέ
1347 1627 1483 1680 εἰσιν
1510 1629 1558 1680 ot
1588 1644 1719 1697 προ-

125 1715 313 1778 δόται,
345 1718 473 1786 περὶ
503 1710 578 1770 ὧν
608 1735 773 1789 φησιν
799 1719 828 1770 ὁ
858 1718 1080 1790 Κύριος,
1112 1719 1195 1772 ὅτι
1241 1738 1262 1770 ‹
1286 1721 1346 1773 Οί
1395 1718 1580 1789 ἐχθροὶ
1622 1717 1715 1770 τοῦ

1823 531 2196 598 spectaculum
2252 531 2397 601 quod
2456 545 2721 587 renovare
2774 541 2955 602 potest
3009 535 3383 604 cupiditatem.

1821 623 1924 678 Per
1955 625 2058 679 hoc
2078 640 2208 696 ergo
2251 626 2496 696 explorat
2559 627 2730 682 hostis
2762 642 2855 683 eas
2888 643 3010 697 qua
3062 630 3116 682 in
3168 636 3221 684 te
3261 637 3388 685 sunt

1822 714 2034 782 copias,
2061 715 2243 770 sintne
2279 715 2476 770 valida
2518 723 2570 769 et
2607 716 2744 771 bene
2779 717 3084 782 instructa,
3116 733 3184 771 an
3219 719 3388 772 imbe-

1821 805 1961 858 cilla
1999 815 2054 860 et
2106 815 2422 876 expugnatu
2470 805 2680 862 faciles.
2715 805 2772 860 Si
2807 807 2952 860 enim
3005 823 3114 861 non
3141 817 3192 862 te
3226 808 3390 877 fregit

1822 899 2008 969 figura
2039 909 2316 968 aspectus.
2341 913 2440 952 nec
2467 906 2652 967 aperte
2679 899 2914 953 solutum
2965 898 3068 953 fuit
3094 901 3259 954 robur
3279 907 3387 955 tua

1819 991 2189 1062 cogitationis,
2221 989 2316 1044 sed
2347 993 2488 1044 citra
2525 991 2689 1043 ullam
2722 990 2888 1044 animi
2921 990 3386 1060 perturbationem

1822 1081 2176 1136 transmisisti
2212 1082 2264 1134 id
2305 1081 2450 1150 quod
2498 1081 2596 1134 tibi
2641 1080 2908 1142 occurrit,
2961 1079 3386 1149 perterrefccisti

1820 1173 2072 1242 protinus
2105 1173 2525 1240 exploratorem,
2566 1170 2732 1224 veluti
2765 1169 3000 1241 quadam
3051 1177 3384 1224 armatorum

1821 1265 2088 1334 phalange
2149 1264 2324 1319 hastis
2376 1263 2668 1326 horrente,
2725 1264 2950 1333 paratis,
3011 1263 3274 1331 inquam,
3330 1270 3386 1318 et

1819 1355 2104 1408 instructis
2158 1354 2746 1410 rationibus-ostensis
2797 1355 3150 1424 exploratori.
3201 1354 3306 1409 Sed
3337 1355 3384 1408 si

1821 1441 1888 1494 ad
1923 1443 2294 1511 spectaculum
2326 1457 2424 1512 per
2455 1443 2787 1510 voluptatem
2819 1443 3096 1498 emollitus
3130 1442 3233 1497 fuit
3261 1458 3388 1498 seu—

1821 1549 1939 1597 sus,
1965 1543 2022 1588 et
2053 1533 2237 1602 figura
2275 1534 2635 1588 simulacrum
2671 1534 3056 1603 cogitationem
3088 1535 3258 1590 subiit
3292 1551 3389 1605 per

1820 1627 2034 1690 oculos,
2067 1633 2202 1681 tunc
2229 1637 2577 1696 expugnatur
2592 1627 2810 1697 quidem
2841 1643 3018 1692 mens,
3049 1643 3240 1683 eorum
3264 1643 3390 1699 qua

1821 1727 1952 1773 sunt
1980 1719 2129 1776 intus
2165 1720 2504 1790 imperatrix,
2536 1729 2598 1774 ut
2649 1735 2768 1790 qua
2795 1720 2932 1775 nihil
2984 1721 3184 1776 habeat
3230 1722 3389 1776 virile

130 1806 430 1877 ἀνθρώπου
455 1809 504 1862 οί
531 1811 795 1863 οίκειακοὶ
822 1809 986 1863 αὑτοῦ
1007 1826 1021 1841 ·
1055 1830 1073 1862 ι
1102 1811 1153 1864 οἱ
1182 1811 1283 1882 τῆς
1302 1809 1525 1882 καρδίας
1553 1813 1718 1864 ἐκπο-

1823 1819 1917 1865 aut
1945 1811 2208 1881 juvenile,
2269 1813 2362 1867 sed
2398 1813 2470 1867 sit
2501 1810 2811 1867 effeminata
2865 1821 2920 1866 et
2979 1813 3271 1878 dissoluta,
3333 1823 3390 1869 et

135 1899 444 1969 ρευόμενοι,
479 1901 574 1952 καὶ
607 1899 914 1964 κοινοῦντες
941 1901 1034 1955 τὸν
1062 1901 1371 1972 ἄνθρωπον,
1402 1896 1476 1955 ὧν
1504 1900 1574 1953 τά
1601 1899 1719 1954 ὀνό-

135 2009 284 2060 ματα
317 1993 502 2061 σαφῶς
534 1994 679 2047 ἔστιν
716 1995 782 2048 ἐκ
809 1993 903 2047 τοῦ
947 1994 1281 2063 Εύαγγελίου
1318 1993 1528 2065 μαθεῖν.
1562 1993 1634 2046 Τὸ
1659 1993 1718 2047 δὲ

133 2083 246 2135 ἀπὸ
278 2082 490 2144 τούτου,
524 2085 704 2137 οὐκέτι
735 2083 802 2137 ἀν
832 2101 914 2137 σοι
941 2085 1166 2155 γένηται
1192 2084 1470 2154 δυσχερὲς,
1496 2082 1563 2135 δι’
1590 2083 1718 2135 ἀκο-

131 2170 331 2225 λούθου
362 2174 430 2227 τὰ
464 2174 587 2226 καθ’
617 2174 846 2228 ἕκαστον
874 2175 975 2246 τῆς
1013 2175 1317 2244 πολεμικῆς
1357 2173 1572 2243 ἐκείνης
1597 2173 1716 2226 δια-

133 2265 343 2335 σκευῆς
379 2268 711 2336 κατανοῆσαι
745 2267 843 2338 τῆς
868 2269 932 2320 ἐκ
957 2265 1052 2319 τοῦ
1089 2266 1329 2336 ἀφανοῦς
1367 2265 1720 2336 προλοχεύον-

133 2375 260 2422 τος,
293 2354 377 2420 οἷς
409 2359 834 2429 περιπίπτουσιν
875 2361 925 2414 oi
957 2360 1282 2431 ἀπροόπτως
1326 2359 1465 2412 κατὰ
1495 2359 1593 2430 τὴν
1625 2358 1717 2412 τοῦ

135 2450 256 2518 βίου
301 2449 422 2502 ὁδὸν
469 2453 844 2522 πορευόμενοι.
895 2451 958 2506 Oi
997 2451 1105 2525 7&9
1150 2453 1209 2505 ἐν
1254 2452 1494 2522 σχήματι
1538 2451 1720 2521 φιλίας

133 2541 232 2594 καὶ
265 2541 484 2603 εὐνοίας
518 2541 655 2612 πρὸς
685 2543 778 2595 τὸν
819 2542 918 2613 τῆς
947 2543 1224 2613 ἁμαρτίας
1266 2542 1484 2613 ὄλεθρον
1525 2541 1720 2595 καθέλ-

133 2647 331 2693 κοντες
358 2630 450 2683 τὸν
479 2631 822 2701 πειθόμενον,
851 2625 998 2686 οὗτοί
1029 2634 1166 2685 εἰσιν
1187 2634 1235 2685 oi
1269 2632 1412 2686 κατὰ
1439 2632 1538 2696 τὰς
1567 2632 1721 2696 ὁδοὺς

134 2719 517 2791 ἐνεδρεύοντες
538 2763 552 2786 ,
583 2723 636 2774 οἱ
677 2722 776 2790 τῆς
821 2722 1013 2793 ἡδονῆς
1040 2723 1324 2776 ἐπαινέται
1344 2764 1360 2788 ,
1395 2724 1444 2776 οί
1475 2723 1610 2794 πρὸς
1649 2721 1720 2776 τά

126 2811 347 2881 θέατρα
375 2813 865 2883 χειραγωγοῦντες,
903 2814 951 2866 οἱ
984 2813 1078 2866 τοῦ
1119 2812 1290 2866 κακοῦ
1339 2813 1436 2884 τὴν
1468 2813 1720 2867 εὐκολίαν

134 2901 618 2964 ἀποδεικνύοντες,
659 2903 753 2955 καὶ¹
789 2901 856 2954 δι’
902 2895 978 2955 ὧν
1031 2902 1243 2956 ποιοῦσι
1295 2904 1431 2973 πρὸς
1477 2903 1576 2974 τὴν
1612 2902 1722 2957 τῶν

126 2993 343 3062 ὁμοίων
401 2993 628 3063 μίμησιν
691 2994 1134 3065 ἐκκαλούμενοι,
1190 2994 1451 3064 ἀδελφοὺς
1499 2997 1723 3058 ἑαυτοὺς

135 3085 234 3136 atat
263 3084 455 3152 φίλους
492 3085 578 3136 ἐπ’
607 3085 812 3158 ὀλέθρῳ
847 3085 957 3140 τῶν
995 3086 1383 3156 ἀπολλυμένων
1427 3087 1722 3153 κατονομά-

1819 1917 2015 1973 magna
2048 1918 2244 1957 manus
2273 1903 2614 1973 proditorum
2644 1919 2710 1958 ex
2742 1906 2947 1973 populo
2985 1905 3384 1974 cogitationum

1817 1993 2035 2064 cogitur
2063 1994 2214 2048 circa
2247 1995 2672 2064 exploratorem.
2704 1993 2798 2050 Isti
2837 2005 3020 2050 autem
3051 2004 3182 2050 sunt
3205 1997 3388 2066 prodi-

1818 2095 1967 2142 tores
1997 2087 2065 2141 de
2097 2087 2300 2156 quibus
2331 2087 2467 2142 dicit
2499 2087 2764 2144 Dominus
2796 2105 2810 2142 :
2847 2105 2866 2139 ι
2901 2087 3111 2142 lnimici
3146 2089 3388 2146 hominis

1817 2176 2103 2232 domestici
2127 2179 2246 2244 ejus
2265 2177 2332 2241 ⁸⁸,
2362 2197 2380 2229 ι
2402 2178 2496 2248 qui
2521 2193 2588 2233 ex
2611 2178 2776 2234 corde
2795 2189 3016 2242 exeunt,
3038 2185 3092 2234 et
3109 2180 3386 2235 hominem

1819 2266 2115 2336 inquinant
2137 2267 2204 2332 '°,
2236 2281 2472 2336 quorum
2509 2267 2729 2321 nomina
2762 2273 2947 2335 aperte
2982 2266 3120 2320 disci
3157 2273 3388 2335 possunt

1817 2373 1886 2412 ex
1919 2358 2232 2428 Evangelia.
2269 2356 2408 2412 Hinc
2449 2357 2550 2412 tibi
2580 2357 2807 2412 minime
2846 2357 3013 2412 fuerit
3052 2355 3290 2421 difﬁcile,
3318 2372 3383 2411 ex

1817 2450 2181 2520 consequenti
2209 2450 2517 2520 intelligere
2572 2450 2790 2520 singula
2837 2464 2958 2520 qua
3014 2449 3287 2519 pertinent
3317 2447 3383 2504 ad

1820 2542 2077 2597 bellicum
2109 2543 2263 2596 illum
2290 2549 2637 2612 apparatum,
2675 2548 2730 2596 et
2752 2542 2845 2611 qui
2901 2548 3032 2596 sunt
3060 2541 3096 2594 ii
3127 2541 3219 2610 qui
3247 2541 3384 2595 clam

1820 2633 2095 2687 collocant
2124 2631 2377 2696 insidias,
2407 2631 2499 2699 qui
2530 2631 2903 2686 incursionem
2935 2628 3146 2684 faciunt
3176 2629 3231 2682 in
3269 2642 3386 2695 eos,

1819 2723 1914 2794 qui
1943 2739 2010 2777 ex
2038 2723 2340 2792 improviso
2374 2721 2430 2774 in
2457 2721 2600 2776 viam
2654 2721 2780 2774 vita
2831 2721 3231 2790 ingrediuntur.
3280 2720 3386 2786 Qui

1821 2815 1968 2869 enim
2002 2823 2267 2884 pratextu
2296 2813 2550 2867 amicitia
2581 2819 2636 2866 et
2675 2811 3088 2876 benevolentia,
3140 2826 3267 2867 eum
3296 2812 3387 2866 cui

1824 2904 2185 2974 persuadetur
2215 2901 2502 2955 attrahunt
2535 2900 2604 2954 ad
2644 2899 2853 2968 peccati
2882 2898 3134 2962 exitium,
3169 2898 3207 2952 ii
3257 2904 3387 2952 sunt

1822 2995 1914 3064 qui
1951 2995 2004 3048 in
2039 2994 2124 3048 via
2155 2992 2508 3056 insidiantur,
2571 2989 2880 3047 laudatores
2925 2991 3244 3060 voluptatis,
3291 2989 3387 3059 qui

1824 3086 2105 3140 deducunt
2137 3085 2203 3138 ad
2233 3085 2466 3148 theatra,
2489 3083 2582 3153 qui
2610 3083 2736 3136 mali
2767 3081 3012 3137 indicant
3045 3082 3382 3145 facilitatem,

135 3173 349 3238 ζοντες.
371 3176 506 3248 Περὶ
526 3169 600 3228 ὧν
627 3177 956 3248 γέγραπται,
975 3177 1057 3230 ὅτι
1091 3196 1110 3229 t
1136 3179 1249 3242 Πᾶς
1267 3179 1494 3248 ἀδελφὸς
1526 3180 1720 3252 πτέρνῃ

1829 3185 1882 3230 et
1909 3193 2003 3247 per
2025 3192 2087 3232 ea
2115 3192 2236 3247 qua
2265 3175 2495 3240 faciunt,
2548 3183 2846 3244 provocant
2883 3175 2951 3230 ad
3003 3175 3384 3238 imitationem,

138 3269 450 3338 πτερνιεῖ·“
479 3269 572 3322 καὶ
622 3271 728 3332 πᾶς
774 3270 926 3339 φίλος
967 3270 1104 3342 δόλῳ
1137 3271 1483 3342 πορεύσεται.
1518 3285 1538 3318 ν
1575 3273 1637 3326 Et
1662 3273 1718 3326 δὲ

132 3361 480 3428 νενοήκαμεν
516 3360 613 3423 τὰς
649 3361 890 3432 ἐνέδρας,
927 3363 1097 3431 σαφὲς
1137 3362 1203 3416 ἂν
1248 3363 1331 3434 εἴη
1376 3364 1471 3417 καὶ
1508 3364 1568 3416 τὸ
1615 3364 1722 3418 τῶν

135 3450 504 3518 σφενδονιτῶν
531 3469 589 3504 τε
626 3453 721 3504 καὶ
759 3453 991 3518 τοξοτῶν
1035 3455 1130 3508 καὶ
1164 3455 1494 3509 ἀκοντιστῶν
1536 3457 1723 3525 στίφος

127 3540 616 3611 διερευνήσασθαι,
634 3545 696 3595 Oi
729 3541 838 3612 7&9
859 3543 1113 3614 ύϐρισταί
1136 3560 1196 3596 τε
1219 3545 1312 3596 καὶ
1339 3544 1602 3615 θυμώδεις
1629 3547 1722 3598 καὶ

136 3631 371 3703 λοίδοροι
412 3631 490 3703 τῷ
525 3636 927 3706 προκατάρχειν
982 3635 1090 3688 τῶν
1124 3634 1353 3707 ὕϐρεων,
1397 3637 1517 3689 ἀντὶ
1554 3635 1720 3706 βελῶν

135 3723 169 3793 ἢ
199 3723 389 3784 λίθων.
420 3727 546 3788 τοὺς
593 3725 1020 3798 παροξυντικοὺς
1047 3726 1241 3794 λόγους
1278 3726 1718 3794 ἀποτοξεύοντες,

138 3816 235 3869 καὶ
271 3817 706 3883 σφενδονοῦντες,
755 3819 850 3872 καὶ
891 3818 1298 3888 ἀκοντίζοντες,
1328 3819 1500 3890 μέσην
1528 3818 1722 3891 τιτρώ-

141 3923 338 3961 σκουσι
386 3909 486 3980 τὴν
537 3911 763 3982 καρδίαν
809 3910 916 3964 τῶν
959 3911 1348 3981 ἀθωρακίστως
1389 3912 1483 3964 καὶ
1515 3913 1722 3980 ἀφυλά-

137 4014 290 4061 κτως
329 3998 690 4054 διοδευόντων.
723 4002 796 4055 Τδ
835 4001 890 4054 δὲ
918 4000 1012 4054 τοῦ
1039 4001 1210 4069 τύφου
1247 4002 1342 4053 καὶ
1383 4002 1480 4072 τῆς
1514 4003 1720 4074 ὑπερη-

141 4090 342 4157 φανίας
368 4091 556 4155 πάθος,
591 4095 672 4157 είς
702 4093 1071 4165 τδγανρίαμα
1102 4093 1212 4146 τῶν
1239 4095 1423 4146 ἵππων
1451 4111 1714 4164 μετενεγ-

141 4182 335 4246 κόντες
403 4184 502 4236 οὐκ
561 4184 626 4237 ἂν
672 4185 1204 4257 ἀμάρτοιεν.”1πποι
1264 4186 1372 4258 γάρ
1427 4187 1531 4239 εἰσί
1579 4205 1723 4251 τινες

137 4272 383 4343 ἀτεχνῶς
418 4274 804 4346 ὐψαυχενισταὶ
835 4278 928 4330 καὶ
957 4276 1392 4349 ύψηλοκάρηνοι,
1415 4280 1524 4341 τοῖς
1553 4279 1722 4351 ὑπερ-

139 4363 327 4432 όγκοις
357 4367 450 4419 τοῦ
474 4369 643 4436 τύφου
674 4370 740 4440 ρή
752 4386 914 4437 μασιν
959 4364 1072 4422 οἷόν
1108 4387 1252 4423 τισιν
1285 4370 1480 4434 ὁπλαῖς
1511 4371 1719 4436 κοίλαις

139 4457 267 4520 τοὺς
322 4459 575 4528 μετρίους
621 4461 1161 4532 κατακραδαίνοντες.
1206 4462 1342 4531 Περὶ
1373 4455 1450 4515 ὧν
1492 4479 1656 4533 φησιν
1686 4464 1719 4532 ἡ

143 4547 362 4618 Γραφὴ,
391 4548 474 4601 ὃτι
508 4568 526 4599 ι
555 4549 646 4620 Μὴ
671 4550 870 4604 ἐλθέτω
896 4569 984 4622 μοι
1012 4551 1147 4612 ποῦς
1179 4552 1572 4622 ὑπερηφανίας.
1594 4574 1613 4606 ι
1641 4555 1722 4608 Τά

141 4639 199 4692 δὲ
233 4643 608 4712 μηχανήματα
651 4643 718 4696 δι’
744 4637 818 4696 ὧν
862 4643 1046 4699 λύεται
1079 4646 1314 4716 ἀρμονία
1344 4645 1438 4698 τοῦ
1488 4645 1721 4717 τείχους,

145 4731 330 4792 καλῶς
353 4731 421 4784 ἀν
443 4749 526 4794 τις
552 4732 650 4802 τὴν
672 4732 1106 4804 φιλοχρηματίαν
1134 4735 1541 4804 κατανοήσειεν.
1561 4736 1725 4789 Οὐδὲν

143 4821 251 4890 γάρ
278 4819 456 4883 οὕτως
496 4822 612 4874 ἐστὶ
641 4821 778 4892 βαρὺ
809 4823 903 4875 καὶ
934 4824 1263 4893 δυσάντητον
1289 4824 1348 4876 ἐν
1384 4826 1450 4894 τῇ
1483 4823 1591 4877 τῶν
1623 4843 1724 4878 πο-

145 4909 353 4981 λεμίων
404 4915 762 4983 παρασκευῇ,
815 4913 891 4977 ὡς
919 4915 979 4966 τὸ
1017 4915 1117 4983 τῆς
1153 4915 1516 4986 φιλαργυρίας
1545 4917 1721 4987 μηχά-

143 5018 314 5072 νημα.
350 5001 468 5054 Κᾶν
505 5002 586 5054 ὃτι
641 5003 872 5070 μάλιστα
903 5003 1002 5067 τὰς
1047 5003 1212 5067 ἀλλας
1254 5007 1456 5077 ἀρετὰς
1494 5008 1583 5062 διὰ
1626 5009 1726 5078 τῆς

143 5093 467 5163 ἐναρμονίου
499 5093 799 5157 συνθέσεως
839 5099 958 5159 ταῖς
988 5096 1189 5166 ψυχαῖς
1232 5101 1719 5172 περιοικοδομηθῶο

146 5201 251 5248 σιν,
276 5185 431 5239 οὐδὲν
459 5180 621 5257 ἦττον
648 5187 742 5239 καὶ
767 5186 854 5239 διά
883 5187 992 5239 τῶν
1018 5186 1276 5240 τοιούτων
1321 5190 1579 5251 πολλάκις
1612 5195 1723 5247 είσ-

144 5275 326 5328 δύεται
367 5276 430 5330 τὸ
473 5276 791 5347 μηχάνημα.
837 5276 994 5330 Ἔστι
1023 5281 1132 5350 γάρ
1184 5279 1312 5333 ἰδεῖν
1340 5282 1435 5334 καὶ
1479 5283 1566 5336 διὰ
1619 5301 1723 5336 σω-

148 5366 424 5437 φροσύνης
459 5367 558 5437 τὴν
591 5367 1027 5438 φιλοχρηματίαν
1067 5370 1479 5440 εἰσπίπτουσαν,
1508 5374 1599 5426 καὶ
1633 5375 1724 5428 πί-

149 5472 344 5520 στεως,
374 5458 468 5511 καὶ
502 5459 815 5530 μυστηρίων
839 5458 1146 5530 ἀκριϐείας,
1182 5463 1508 5532 ἐγκρατείας
1537 5481 1599 5516 τε
1632 5467 1724 5518 καὶ

146 5547 775 5620 ταπεινοφροσύνης,ικαὶ
793 5547 902 5601 τῶν
934 5549 1190 5604 τοιούτων
1221 5550 1436 5607 πάντων
1467 5553 1616 5616 ἐντὸς
1646 5571 1724 5622 γι-

218 5724 264 5755 “
308 5723 499 5780 Matth.
538 5741 592 5789 κ,
625 5723 714 5780 56.

433 5815 702 5878 ΡΑτιιοι..
746 5817 865 5877 Gn.
911 5819 960 5876 Χ
977 5819 1126 5876 LIV.

1823 3285 1882 3324 se
1908 3269 2108 3324 fratres
2159 3275 2214 3322 et
2264 3269 2468 3322 amicos
2549 3269 2917 3330 nominantes,
2967 3267 3034 3320 ad
3090 3267 3387 3337 perniciem

1822 3375 2012 3414 eorum
2045 3359 2138 3430 qui
2180 3359 2474 3412 intereunt.
2511 3356 2586 3412 De
2631 3359 2831 3428 quibus
2867 3359 3132 3427 scriptum
3183 3367 3268 3412 est
3292 3358 3337 3389 “
3370 3376 3386 3412 :

1829 3451 2048 3509 «Omnis
2074 3449 2241 3503 frater
2293 3451 2558 3504 calcaneo
2621 3450 3032 3519 supplantabit:
3097 3460 3151 3504 et
3207 3451 3388 3504 omnis

1822 3543 2032 3597 amicus
2081 3542 2136 3596 in
2184 3533 2310 3597 dolo
2366 3542 2690 3597 ambulabit.
2730 3563 2748 3592 ι
2803 3540 2862 3596 Si
2921 3549 3106 3598 autem
3160 3543 3390 3597 insidias

1821 3634 2280 3698 intellexerimus,
2313 3635 2617 3704 poterimus
2649 3633 2813 3688 etiam
2861 3632 3104 3687 dilucide
3132 3648 3389 3702 perscru-

1819 3725 1926 3779 tari
1960 3734 2193 3779 turmam
2225 3724 2580 3790 funditorum,
2615 3723 3022 3794 sagittariorum
3085 3732 3140 3778 et
3178 3724 3392 3793 iacula-

1821 3824 2024 3868 torum.
2066 3813 2169 3880 Qui
2197 3815 2340 3868 enim
2370 3821 2498 3869 sunt
2524 3813 2909 3868 contumeliosi
2945 3823 3000 3868 et
3045 3813 3292 3868 iracundi
3335 3824 3391 3869 et

1821 3906 2094 3969 maledici,
2122 3920 2187 3959 eo
2213 3905 2357 3974 quod
2379 3905 2590 3974 priores
2623 3905 2903 3959 lacessunt
2934 3904 3152 3974 probris
3183 3920 3248 3961 ac
3275 3921 3390 3958 ma-

1821 3997 2062 4059 ledictis,
2094 4012 2192 4066 pro
2222 3997 2345 4052 telis
2375 4006 2475 4051 aut
2525 3995 2816 4066 lapidibus,
2841 3997 3004 4051 verba
3021 4011 3142 4066 qua
3173 3997 3392 4051 irritant

1823 4097 2085 4159 tanquam
2105 4105 2172 4143 ex
2195 4103 2325 4142 arcu
2355 4096 2410 4141 et
2433 4087 2619 4149 funda,
2648 4097 2700 4142 et
2723 4088 2900 4142 instar
2915 4087 3082 4156 jaculi
3099 4087 3389 4157 iacientes,

1823 4182 2062 4236 medium
2097 4196 2194 4234 cor
2223 4181 2474 4236 sauciant
2507 4195 2695 4234 eorum
2732 4180 2826 4249 qui
2856 4180 3063 4250 absque
3112 4181 3306 4245 lorica,
3337 4191 3392 4234 et

1823 4274 1928 4329 sibi
1963 4289 2074 4329 non
2110 4282 2366 4329 caventes
2417 4279 2725 4328 transeunt.
2780 4271 3058 4343 Superbia
3109 4282 3289 4328 autem
3337 4287 3392 4329 et

1823 4364 2132 4420 insolentia
2153 4364 2346 4418 vitium
2366 4365 2458 4433 qui
2485 4363 2554 4418 ad
2581 4377 2844 4434 equorum
2868 4364 3252 4420 transtulerint
3279 4365 3392 4420 ela-

1829 4457 2056 4520 tionem,
2079 4456 2304 4510 miuime
2329 4455 2724 4510 aberraveriut.
2754 4453 2892 4509 Sunt
2911 4455 3056 4508 enim
3087 4455 3244 4524 plane
3264 4456 3389 4524 equi

1755 4535 2028 4604 Dcollum
2080 4557 2133 4602 et
2195 4559 2360 4617 caput
2419 4548 2473 4601 iu
2553 4548 2724 4602 altum
2781 4548 3132 4610 attollentes,
3189 4545 3391 4601 inﬂatis

1823 4640 2130 4695 insolentia
2167 4641 2371 4701 verbis,
2401 4640 2568 4695 veluti
2627 4638 2954 4710 quibusdam
3005 4640 3248 4707 ungulis,
3295 4654 3391 4694 eos

1822 4731 1916 4800 qui
1973 4741 2100 4785 sunt
2151 4731 2420 4785 moderati
2491 4733 2791 4801 pulsantes.
2861 4730 2933 4786 De
2990 4731 3196 4801 Quibus
3254 4731 3390 4785 dicit

1825 4823 2142 4892 Scriptura:
2190 4840 2209 4872 ι
2261 4821 2384 4876 Νοη
2433 4826 2617 4877 veniat
2665 4823 2919 4892 mihipes
2953 4823 3224 4892 superbia
3257 4823 3324 4875 δ’.
3365 4841 3385 4874 ι

1824 4913 2106 4968 Machinas
2140 4923 2321 4968 autem
2352 4915 2554 4983 quibus
2597 4915 2828 4968 solvitur
2857 4914 2998 4967 muri
3041 4921 3394 4982 coagmenta~

1824 5006 1924 5065 tio,
1977 5005 2266 5059 avaritiam
2315 5013 2410 5058 aut
2461 5009 2709 5074 pecunia
2733 5005 3090 5074 cupiditatem
3120 5012 3268 5059 recte
3293 5018 3393 5056 no-

1825 5097 2142 5151 minaveris.
2178 5094 2325 5150 Nihil
2354 5095 2500 5150 enim
2517 5107 2600 5150 est
2629 5105 2740 5147 tam
2771 5109 2934 5163 grave
2973 5102 3022 5148 et
3057 5094 3146 5147 cui
3191 5092 3394 5146 diffici-

1825 5189 1932 5245 lius
1960 5189 2176 5243 occurri
2202 5189 2379 5258 possit
2407 5188 2462 5242 in
2485 5197 2748 5258 apparatu
2781 5187 3046 5248 hostium,
3084 5201 3248 5256 quam
3278 5200 3393 5238 ma-

1821 5281 1985 5336 china
2019 5281 2285 5335 avaritia.
2318 5280 2452 5336 Nam
2478 5281 2692 5335 etiamsi
2729 5281 2849 5334 alia
2878 5281 3108 5333 virtutes
3140 5295 3236 5348 per
3262 5292 3396 5332 con-

1821 5371 2042 5424 cinnam
2076 5369 2603 5439 coagmentationem
2640 5369 2750 5422 sint
2786 5367 3062 5436 adiﬁcata
3101 5367 3158 5419 in
3201 5381 3389 5420 eorum

1823 5461 2043 5524 animis,
2081 5460 2442 5515 nihilominus
2471 5460 2636 5514 etiam
2671 5473 2768 5528 per
2791 5474 2884 5514 eas
2918 5472 3062 5528 sape
3089 5459 3259 5511 intrat
3283 5471 3396 5511 ma-

1820 5553 2004 5607 china.
2048 5552 2242 5607 Videre
2279 5555 2424 5607 enim
2473 5553 2603 5608 licet
2632 5553 2795 5607 etiam
2844 5566 2941 5622 per
2981 5552 3391 5621 temperantiam

791 5726 838 5757 5°
879 5724 1072 5778 Matth.
1109 5741 1200 5791 xv,
1238 5725 1319 5780 l8.
1397 5725 1438 5758 "
1480 5723 1594 5782 Jcr.
1647 5742 1723 5795 ις,
1764 5728 1817 5784 ιι.
1895 5729 1938 5760 ¹²
1981 5727 2124 5782 Psal.
2159 5727 2426 5792 xxxv,l%.

2952 5820 3028 5874 23
