3846 6220
472 300 576 356 7η

1752 302 1808 356 S.
1848 297 2175 357 GREGORII
2215 301 2505 360 NYSSENI

3631 308 3736 359 758

473 421 685 475 irruere
725 418 1034 480 avaritiam,
1083 425 1137 473 et
1183 434 1277 488 per
1335 418 1518 480 ﬁdem.
1554 428 1604 473 et
1653 418 2037 490 mysteriorum

2147 419 2378 491 νομένην
2408 423 2504 494 τὴν
2550 421 2770 493 βαρεῖαν
2809 423 3010 493 ταύτην
3056 422 3148 476 καὶ
3174 421 3385 492 ἄμαχον
3416 417 3518 473 τοῦ
3561 426 3734 473 xum)

473 525 785 566 accuratam
827 521 879 565 et
913 511 1230 582 diligentem
1285 512 1719 582 perceptionem,
1755 511 2046 566 continen-

473 607 716 676 tiamque
764 617 817 661 et
857 605 1245 667 humilitatem,
1281 617 1336 660 et
1369 622 1712 676 quaecunque
1743 616 1872 661 sunt
1893 607 2045 676 ejus-

471 695 642 756 nodi,
666 695 809 747 intro
833 694 1135 764 irrumpere
1166 694 1269 747 hoc
1301 696 1502 749 malum
1535 711 1701 764 grave
1724 703 1779 749 et
1809 697 2046 765 inexpu-

471 788 706 858 gnabile.
761 787 880 853 Quo
923 786 1013 849 ﬁt,
1063 795 1130 840 ut.
1176 788 1426 841 nonnulli
1467 789 1814 844 continentes
1846 795 1900 843 et
1930 803 2045 841 mo—

473 880 610 934 desti
665 887 718 932 et
764 878 867 932 ﬁde
926 879 1205 941 ardentes,
1267 879 1622 948 moribusque
1659 880 1955 950 compositi
1991 888 2044 935 et

472 967 762 1032 moderati,
800 967 930 1021 huic
969 968 1067 1021 soli
1107 967 1298 1022 morbo
1336 984 1444 1022 non
1501 969 1715 1040 possint
1761 971 2040 1024 resistere.

473 1060 530 1113 Si
575 1075 705 1128 ergo
769 1060 1045 1114 intellecta
1096 1066 1180 1113 est
1221 1074 1250 1112 a
1290 1060 1452 1114 nobis
1501 1068 1722 1115 caterva
1777 1061 2041 1123 hostium,

471 1159 688 1220 tempus
714 1151 820 1205 erit
861 1150 1242 1220 belligerandi.
1298 1150 1469 1207 Nemo
1498 1159 1679 1206 autem
1709 1152 1950 1207 conﬁdat
1985 1168 2044 1208 se

471 1243 710 1298 hostium
777 1244 957 1314 aciem
1009 1259 1171 1314 posse
1223 1243 1414 1314 fugare
1456 1254 1510 1300 et
1556 1246 1888 1316 proﬂigare,
1933 1246 2042 1300 nisi

468 1334 714 1403 Ipostoli
762 1335 1164 1388 armaturam”
1191 1336 1506 1405 arripuerit.
1565 1334 1803 1389 Omnino
1859 1343 2040 1390 autem

471 1439 632 1475 nemo
661 1423 875 1492 ignorat
897 1423 1206 1492 eujusmodi
1235 1425 1345 1478 sint
1374 1440 1526 1478 arma
1555 1425 1672 1489 illa,
1699 1441 1793 1495 per
1813 1441 1932 1495 quae
1960 1425 2042 1480 ef-

471 1513 584 1565 ﬁcit
631 1520 688 1565 ut
729 1512 977 1568 adversis
1035 1514 1160 1568 telis
1191 1515 1418 1571 minime
1441 1515 1913 1582 sitvulnerabilis,
1947 1517 2040 1585 qui

470 1604 709 1658 hostium
735 1605 940 1659 resistit
969 1606 1248 1677 phalangi.
1282 1605 1417 1661 Nam
1445 1622 1570 1661 eum
1609 1607 1905 1677 Apostolus
1932 1608 2044 1661 vir-

469 1700 614 1747 tutes
663 1693 941 1748 divisisset
989 1695 1042 1748 in
1093 1711 1330 1767 genera,
1385 1698 1814 1769 unumquodque
1868 1714 2041 1770 genus

470 1786 691 1842 virtutis
721 1787 940 1856 propria
958 1803 1109 1841 arma
1132 1789 1332 1852 eﬂ‘ecit,
1367 1791 1671 1862 unicuique
1700 1807 1890 1846 eorum
1921 1807 2043 1862 quae

469 1879 525 1934 in
583 1881 739 1935 nobis
783 1889 912 1935 sunt
962 1890 1271 1950 opportuna
1305 1891 1358 1936 et
1405 1883 1702 1953 praecipua.
1735 1882 1870 1938 Cum
1895 1884 2040 1938 enim

470 1989 592 2026 cum
634 1974 737 2028 ﬁde
787 1975 1179 2029 connexuisset
1225 1983 1280 2029 et
1322 1977 1700 2031 contexuisset
1741 1974 2037 2045 justitiam.

469 2085 566 2138 per
605 2084 667 2121 ea
716 2078 929 2122 armato
967 2069 1146 2122 munit
1190 2069 1494 2134 thoracem,
1545 2079 1696 2124 recte
1724 2077 1778 2124 et
1802 2075 1917 2124 tute
1944 2083 2042 2138 per

470 2171 763 2230 utrumque
795 2162 985 2214 militis
1010 2170 1200 2230 pectus
1232 2161 1507 2216 muniens.
1543 2159 1664 2216 Non
1692 2168 1873 2232 potest
1893 2161 2038 2215 enim

470 2251 606 2315 ﬁeri,
641 2252 956 2306 utalterum
989 2253 1059 2307 ab
1089 2253 1263 2306 altero
1299 2252 1667 2322 disjunctum,
1714 2269 1780 2307 ex
1817 2269 1876 2308 se
1921 2261 2040 2306 tuta

467 2347 707 2416 prmbeat
737 2359 889 2399 arma
921 2346 971 2399 ei
997 2344 1091 2415 qui
1129 2343 1246 2414 ipsa
1274 2352 1493 2398 tractat.
1535 2344 1724 2414 Neque
1779 2346 1928 2400 enim
1980 2346 2041 2398 ﬁ-

467 2441 564 2492 des
600 2438 808 2508 absque
839 2437 1099 2506 operibus
1121 2436 1349 2506 justitia:
1367 2436 1568 2491 sufﬁcit
1601 2436 1668 2490 ad
1687 2437 2036 2492 servandum.

469 2527 652 2600 Neque
690 2541 887 2581 rursus
914 2527 1040 2580 vitae
1076 2525 1288 2595 justiti:
1325 2541 1424 2596 per
1452 2541 1512 2581 se
1547 2533 1666 2579 tuta
1691 2532 1777 2580 est
1803 2526 1868 2581 ad
1893 2527 2041 2581 salu-

467 2629 601 2685 lelll,
663 2618 710 2673 si
766 2618 1017 2687 sejuncta
1088 2618 1160 2672 sit
1215 2617 1368 2672 ﬁdes.
1416 2616 1480 2670 Et
1528 2615 1654 2672 ideo
1711 2633 1836 2671 cum
1871 2618 2037 2672 veluti

466 2710 760 2780 quamdam
788 2697 1074 2764 materiam
1123 2708 1282 2763 ﬁdem
1326 2718 1379 2764 et
1421 2708 1691 2779 justitiam
1739 2709 1826 2764 his
1869 2709 2040 2764 armis

465 2801 859 2867 contexuisset,
893 2799 1089 2854 armati
1135 2800 1329 2856 militis
1379 2801 1559 2854 munit
1609 2799 1930 2870 praecordia.
1980 2797 2039 2852 ln

467 2903 689 2966 pectore
740 2895 888 2949 enim
937 2906 1034 2948 cor
1081 2891 1429 2962 intelligitur.
1480 2890 1664 2947 Fortis
1710 2899 1892 2945 autem
1935 2891 2039 2946 viri

465 2997 633 3058 caput.
663 3002 766 3057 spe
801 2986 1000 3049 munit,
1037 2983 1357 3055 signiﬁcans
1399 2983 1545 3054 quod
1593 2983 1854 3039 convenit
1893 2984 2040 3040 bono

2151 510 2649 581 προσϐολήν.”0οεν
2697 512 2838 575 τινὲς
2869 512 3154 581 ἐγκρατεῖς
3191 526 3250 562 τε
3292 511 3387 562 καὶ
3425 508 3734 577 σώφρονες.

2147 603 2241 654 xu‘t
2273 605 2401 673 περὶ
2429 603 2525 674 τὴν
2550 604 2730 656 πίστιν
2748 603 3030 674 διάπυροι,
3057 602 3152 655 καὶ
3174 600 3618 668 κατεσταλμένοι
3645 598 3736 648 τὸν

2146 696 2367 766 τρόπον,
2397 697 2490 749 καὶ
2509 695 2598 749 διά
2627 697 2733 748 τῶν
2749 695 2894 764 ὴθῶν
2923 693 3327 765 μετριάζοντες,
3352 692 3496 762 πρὸς
3522 689 3735 757 ταύτην

2149 790 2308 860 μόνον
2355 791 2623 860 ἀντισχεῖν
2667 790 2766 858 τὴν
2798 790 2952 842 νόσον
2991 786 3362 841 ἀδυνατοῦσιν.
3408 787 3471 838 EE
3507 779 3612 837 οὖν
3649 799 3739 833 νε·-

2148 882 2333 952 νόηται
2365 884 2494 952 ἡμῖν
2525 881 2632 935 τῶν
2654 880 2924 951 πολεμίων
2951 880 3012 933 τὸ
3046 882 3265 948 στῖφος,
3295 878 3492 948 καιρὸς
3538 877 3611 930 ἂν
3643 877 3734 945 εἴη

2143 973 2237 1027 τοῦ
2265 973 2538 1044 πολεμεῖν.
2577 973 2690 1026 Οὐκ
2721 972 2786 1026 ἂν
2809 972 2864 1025 δέ
2901 989 2983 1034 τις
3013 971 3306 1042 θαρῤήσειε
3333 970 3434 1038 τὴν
3464 969 3739 1022 ἐναντίαν

2145 1063 2447 1136 παράταξιν
2500 1064 2929 1136 τροπώσασθαι,
2979 1064 3054 1134 μὴ
3113 1063 3211 1132 τῆς
3265 1061 3581 1124 πανοπλίας
3638 1058 3739 1112 τοῦ

2156 1156 2478 1210 Ἀποστόλου
2521 1156 2876 1227 δραξάμενος.
2924 1157 3148 1218 Πάντως
3207 1153 3264 1206 δὲ
3312 1151 3490 1213 οὐδεὶς
3542 1151 3743 1218 ἀγνοεῖ

2143 1249 2233 1300 τὸν
2259 1249 2454 1318 τρόπον
2483 1251 2581 1320 τῆς
2613 1249 2762 1310 θείας
2785 1247 2996 1316 ἐκείνης
3025 1246 3310 1308 ὁπλίσεως,
3344 1244 3411 1296 δι’
3439 1240 3511 1314 ἦς
3545 1245 3741 1313 ἄτρω-

2143 1359 2232 1394 τον
2260 1343 2401 1393 ποιεῖ
2427 1343 2538 1404 τοῖς
2565 1339 2826 1402 ἐναντίοις
2855 1338 3033 1408 βέλεσι
3062 1338 3152 1391 τὸν
3174 1337 3309 1408 πρὸς
3334 1336 3434 1406 τὴν
3459 1335 3741 1404 φάλαγγα

2140 1430 2250 1482 τῶν
2283 1428 2555 1499 πολεμίων
2599 1429 2906 1498 ἱστάμενον.
2949 1425 3149 1480 Διελὼν
3179 1429 3287 1498 γὰρ
3331 1428 3409 1488 είς
3453 1425 3580 1493 εῖδη
3627 1425 3739 1485 ’τὰς

2141 1520 2341 1591 ἀρετὰς
2387 1521 2416 1573 6
2459 1519 2796 1584 Ἀπόστολος,
2850 1519 2979 1573 ῐδιον
3025 1517 3188 1570 ὅπλον
3228 1517 3447 1584 ἑκάστῳ
3505 1515 3624 1567 τῶν
3677 1516 3739 1565 ὲν

2143 1614 2275 1681 ἡμῖν
2314 1611 2545 1682 καιρίων
2591 1611 2820 1664 ἕκαστον
2859 1610 3059 1681 ἀρετῆς
3101 1605 3235 1671 εἶδος
3270 1607 3593 1677 πεποίηται.
3647 1605 3735 1674 Τῇ

2145 1707 2323 1758 πίστει
2356 1703 2465 1774 γὰρ
2490 1703 2587 1774 τὴν
2614 1703 2958 1772 δικαιοσύνην
2996 1699 3312 1772 συμπλέξας
3343 1701 3439 1752 καὶ
3476 1699 3738 1766 συνυφά-

2144 1814 2259 1860 νας,
2293 1796 2380 1850 διὰ
2425 1795 2628 1850 τούτων
2671 1793 3072 1858 κατασκευάζει
3103 1792 3180 1863 τῷ
3229 1791 3424 1861 ὁπλίτῃ
3464 1789 3566 1841 τὸν
3615 1787 3736 1840 θώ-

2143 1905 2306 1959 ρακα,
2338 1888 2517 1952 καλῶς
2537 1889 2631 1942 καὶ
2652 1886 2904 1955 ἀσφαλῶς
2927 1886 2994 1938 δι’
3023 1884 3349 1956 ἀμφοτέρων
3383 1879 3737 1950 θωρακίζων

2139 1979 2228 2032 τὸν
2279 1979 2634 2049 στρατιώτην.
2679 1980 2753 2032 Οὺ
2793 1980 2898 2050 γὰρ
2941 1977 3106 2036 ἔστιν.
3137 1976 3324 2046 ἕτερον
3373 1973 3470 2026 τοῦ
3521 1973 3732 2043 ἑτέρου

2139 2071 2534 2142 διεζευγμένον,
2567 2071 2804 2138 ἀσφαλὲς
2831 2068 2990 2123 ὅπλον
3019 2068 3104 2137 ἐφ’
3125 2066 3319 2120 ἑαυτοῦ
3346 2065 3427 2135 τῷ
3464 2080 3732 2133 μεταχει-

2145 2161 2412 2233 ριζομένῳ
2461 2161 2734 2230 γενέσθαι.
2779 2160 2916 2214 Οῦτε
2965 2159 3072 2230 γάρ
3105 2161 3139 2229 ἡ
3171 2158 3352 2220 πίστις
3401 2156 3581 2226 χωρὶς
3617 2153 3732 2206 τῶν

2140 2255 2317 2324 ἔργων
2341 2255 2441 2324 τῆς
2469 2255 2815 2323 δικαιοσύνης
2840 2252 2998 2323 ἱκανὴ
3027 2248 3437 2321 περισώσασθαι
3461 2265 3475 2278 ο
3511 2247 3629 2299 οὐδ’
3657 2241 3726 2298 αὖ

2141 2348 2302 2401 πάλιν
2330 2350 2362 2418 ἡ
2390 2346 2483 2400 τοῦ
2513 2347 2630 2417 βίου
2677 2347 2990 2414 δικαιοσύνη
3031 2341 3279 2412 ἀσφαλής
3307 2343 3455 2393 ἐστιν
3487 2340 3574 2401 εἰς
3622 2355 3728 2390 σω-

2139 2439 2335 2510 τηρίαν
2363 2438 2484 2492 καθ’
2513 2438 2732 2507 ἑαυτὴν,
2779 2434 3166 2504 διεζευγμένης
3198 2431 3297 2500 τῆς
3322 2429 3583 2489 πίστεως.
3627 2427 3727 2478 Διά

2137 2529 2295 2583 τοῦτο
2322 2530 2571 2601 καθάπερ
2600 2529 2729 2592 ὔλας
2751 2527 2901 2590 τινάς
2919 2526 2996 2596 τῷ
3020 2524 3168 2594 ὅπλῳ
3196 2523 3370 2590 τούτῳ
3398 2521 3498 2589 τὴν
3539 2519 3723 2570 πίστιν

2139 2621 2234 2674 καὶ
2262 2621 2360 2692 τὴν
2386 2620 2730 2690 δικαιοσύνην
2767 2618 3101 2690 συμπλέξας.
3132 2615 3192 2668 τὸ
3230 2611 3589 2683 περικάρδιον
3627 2609 3721 2661 τοῦ

2139 2712 2358 2764 ὁπλίτου
2382 2713 2864 2780 κατασφαλίζεται.
2910 2711 2997 2762 Ἐν
3025 2709 3134 2778 γὰρ
3157 2707 3234 2777 τῷ
3260 2705 3494 2774 θώρακι,
3522 2705 3558 2772 ἡ
3586 2717 3722 2768 καρ-

2140 2804 2228 2856 δία
2262 2806 2484 2858 νοεῖται.
2516 2803 2626 2874 Τὴν
2655 2803 2711 2856 δὲ
2747 2802 2988 2873 κεφαλὴν
3016 2800 3110 2853 τοῦ
3138 2798 3404 2870 ἀριστέως
3433 2798 3499 2865 τῇ
3544 2792 3721 2845 ἐλπῐδι

2142 2895 2632 2964 κατασφαλίζεται,
2667 2894 2949 2964 σημαίνων
2988 2893 3069 2945 ὅτι
3123 2890 3390 2961 προσήκει
3437 2885 3517 2955 τῷ
3565 2882 3717 2950 καλῷ

2145 2990 2469 3062 στρατιώτῃ,
2503 2989 2603 3059 τὴν
2624 2987 2811 3041 ἐλπίδα
2837 2985 2946 3040 τῶν
2976 2984 3216 3053 ὑψηλῶν,
3243 2976 3354 3034 οἷόν
3373 2996 3497 3031 τινα
3526 2977 3718 3043 λοςξῐιν

467 3077 624 3131 militi
671 3077 986 3131 sublimium
1035 3089 1218 3128 rerum
1278 3089 1466 3142 spem,
1515 3075 1685 3128 veluti
1741 3059 2037 3145 quamdam

2144 3059 2222 3145 είς
2268 3081 2328 3134 τὸ
2375 3059 2486 3135 ἄνω
2529 3080 2692 3150 ἔχειν.
2753 3079 2812 3132 '0
2862 3077 2920 3132 δὲ
2963 3075 3154 3146 θυρεὸς
3204 3073 3264 3126 τὺ
3311 3069 3719 3138 σκεπαστήριον

466 3170 713 3230 cristam,
757 3168 957 3221 habere
1006 3180 1264 3236 superne.
1307 3166 1545 3236 Clypeus
1591 3176 1774 3221 autem
1813 3166 1905 3235 qui
1953 3173 2039 3220 est

468 3275 618 3312 arma
653 3261 854 3330 quibus
889 3260 1146 3328 tegimur,
1175 3268 1263 3313 est
1297 3259 1432 3314 ﬁdes
1460 3275 1583 3329 quae
1615 3259 1788 3330 frangi
1810 3276 1919 3315 non
1945 3275 2040 3329 po-

467 3360 598 3413 test,
629 3364 793 3420 quam
818 3350 1135 3404 aculeorum
1158 3351 1346 3422 cuspis
1371 3365 1480 3406 non
1509 3352 1688 3422 p‘otest
1717 3352 2036 3421 pervadere.

469 3443 705 3498 Aculeos
725 3452 908 3497 autem
928 3443 1021 3512 qni
1042 3442 1414 3496 immittuntur
1430 3443 1498 3498 ab
1515 3443 1787 3508 hostibus,
1811 3446 2038 3500 omnino

467 3533 830 3602 intelligimus
862 3535 1046 3586 varios
1074 3533 1334 3588 vitiorum
1368 3542 1424 3588 et
1450 3535 1619 3588 animi
1664 3536 2040 3606 perturbatio-

467 3639 596 3677 num
629 3624 888 3693 impetus.
914 3623 1190 3679 Salutaria
1220 3633 1401 3680 autem
1425 3640 1578 3680 arma
1617 3642 1738 3696 qua:
1783 3628 2039 3681 muniunt

463 3721 732 3778 adversus
759 3723 946 3776 hostes
967 3722 1244 3776 dexteram
1271 3736 1482 3785 eorum,
1503 3722 1595 3790 qui
1627 3736 1685 3776 se
1715 3719 1926 3774 fortiter
1950 3734 2040 3790 ge-

463 3821 612 3876 runt,
642 3823 723 3868 est
747 3823 973 3869 sanctus
1006 3811 1267 3882 Spiritus.
1295 3813 1387 3883 qui
1415 3821 1499 3866 cst
1531 3811 1794 3865 terribilis
1818 3808 2038 3880 quidem

464 3905 508 3957 si
527 3905 597 3958 sit
627 3904 1247 3968 contrarius,salutaris
1269 3912 1450 3958 autem
1477 3904 1521 3958 si
1558 3912 1890 3958 assumatur.
1909 3898 2042 3953 Om-

464 3989 552 4040 nis
586 3999 769 4044 autem
791 3992 1042 4046 doctrina
1074 3992 1399 4062 Evangelica
1427 3993 1665 4064 pedibus
1683 3993 1840 4049 affert
1872 4009 2038 4049 secu-

461 4083 700 4146 ritatem,
761 4081 897 4138 adeo
947 4093 1007 4136 ut
1056 4085 1204 4137 nulla
1257 4099 1386 4154 pars
1420 4086 1668 4154 corporis
1725 4087 2037 4141 inveniatur

462 4173 610 4226 nuda
647 4184 700 4228 et
740 4183 866 4246 apta
900 4177 966 4230 ad
1001 4177 1143 4232 ictus
1174 4178 1550 4247 accipiendos.

539 4265 594 4320 Si
624 4267 790 4338 igitur
823 4267 1118 4325 didicimus
1147 4285 1271 4323 cum
1317 4271 1519 4341 quibus
1573 4272 1646 4325 sit
1703 4269 2034 4334 bellandum,

463 4369 625 4430 atque
660 4360 734 4414 ita
763 4376 942 4430 pugna
973 4362 1332 4430 capessenda,
1363 4363 1530 4416 altera
1563 4378 1778 4432 quoque
1803 4379 1930 4432 pars
1952 4373 2036 4419 est

460 4450 723 4507 discenda
744 4494 760 4518 ,
786 4468 979 4521 nempe
1019 4467 1140 4506 cum
1168 4453 1368 4521 quibus
1400 4452 1576 4507 foedus
1607 4453 1746 4506 inire
1773 4461 1825 4507 et
1845 4469 2030 4522 pacem

462 4560 623 4614 agere
645 4551 879 4614 oportet,
905 4543 1222 4596 testiﬁcetur
1249 4543 1336 4596 hic
1356 4543 1508 4597 liber.
1525 4543 1659 4608 Quis
1676 4553 1760 4598 est
1783 4558 1914 4613 ergo
1935 4543 2034 4598 bo-

461 4650 566 4688 nus
594 4634 911 4702 imperator,
943 4633 1030 4685 cui
1065 4647 1162 4700 per
1194 4646 1382 4699 pacem
1421 4648 1504 4686 me
1535 4632 1758 4686 reddam
1781 4633 2032 4701 junctum

461 4725 867 4780 familiaritate?
894 4725 1027 4790 Quis
1057 4733 1140 4778 est
1169 4732 1349 4777 autem
1375 4724 1484 4777 dux
1516 4725 1680 4791 hujus
1712 4725 2035 4779 exercitus?

457 4819 598 4872 Num
641 4830 724 4872 est
754 4817 1101 4886 perspicuum
1137 4817 1282 4886 quod
1319 4823 1612 4886 utrumque
1641 4817 1952 4872 audivimus
2000 4831 2029 4868 a

461 4912 752 4980 Scriptura
782 4910 1043 4963 divinitus
1071 4909 1364 4978 inspirata,
1399 4911 1546 4978 quod
1597 4911 1838 4965 caelestis
1871 4925 2031 4964 exer-

459 5005 602 5057 citus
636 5003 707 5058 sit
737 5004 882 5057 acies
914 5001 1281 5071 angelorum?
1315 5021 1332 5052 ι
1370 5001 1533 5054 Facta
1558 5011 1640 5056 est
1673 5003 1839 5064 enim.
1887 5023 1904 5055 ι
1946 5005 2030 5057 iu-

458 5097 612 5164 quit,
677 5113 695 5145 ι
762 5093 1059 5148 multitudo
1123 5093 1328 5148 militia:
1385 5096 1625 5149 cmlestis
1690 5095 2029 5150 laudantium

457 5186 628 5242 Deum
651 5188 718 5241 “.
755 5205 772 5236 ι
802 5185 865 5240 Et
889 5184 1074 5239 Daniel
1094 5186 1239 5239 videt
1268 5186 1446 5240 decies
1475 5187 1620 5241 mille
1646 5188 1812 5240 millia
1843 5203 2030 5242 eorum

457 5281 550 5348 qui
589 5280 878 5343 assistunt,
901 5277 1163 5332 etmillics
1187 5277 1336 5330 mille
1367 5278 1535 5330 millia
1565 5279 1918 5348 aspicitinter
1934 5295 2029 5335 eos

460 5372 553 5437 qui
593 5372 906 5425 ministrant
929 5371 1000 5424 ⁸³.
1036 5369 1304 5437 Propheta
1356 5384 1575 5438 quoque
1609 5371 1659 5423 id
1695 5372 1993 5425 testiﬁcans
2015 5415 2028 5436 ,

461 5459 750 5513 Dominum
785 5460 1125 5514 exercituum
1155 5469 1207 5512 et
1235 5457 1522 5513 Dominum
1561 5463 1838 5530 copiarum
1872 5471 2030 5516 vocat

469 5548 756 5603 Dominum
789 5551 1163 5604 universitatis
1186 5550 1254 5604 ".
1283 5549 1346 5601 Et
1367 5551 1431 5604 ad
1465 5549 1647 5606 Jesnm
1680 5551 1823 5608 Nave
1846 5555 1889 5585 "
1937 5569 2032 5624 po-

531 5720 575 5750 ”
616 5721 810 5786 Ephes.
837 5739 912 5788 VI,
933 5723 1019 5776 Η.

2139 3174 2322 3238 ὅπλον,
2366 3176 2398 3243 ἡ
2434 3171 2681 3243 ἀρραγὴς
2727 3170 2909 3233 πίστις
2949 3169 3130 3229 ἐστὶν,
3175 3161 3243 3238 ἦς
3281 3166 3315 3234 ἡ
3364 3161 3476 3214 τῶν
3513 3159 3718 3214 ἀκίδων

2139 3265 2293 3338 ἀκμὴ
2346 3264 2624 3334 διαδυῆναι
2693 3264 2754 3316 ού
2812 3262 3058 3316 δύναται.
3100 3256 3319 3318 Ἀκίδας
3372 3254 3433 3307 δὲ
3493 3253 3718 3311 πάντως

2142 3359 2290 3429 παρά
2336 3356 2444 3410 τῶν
2488 3354 2760 3426 πολεμίων
2801 3349 3263 3420 ὲκτοξευομένας,
3313 3345 3412 3409 τὰς
3462 3341 3720 3402 ποικίλας

2141 3448 2443 3522 προσϐολὰς
2483 3446 2591 3500 τῶν
2623 3444 2964 3515 παθημάτων
3003 3443 3306 3510 νοήσωμεν.
3349 3435 3634 3522 Σωτήριον
3666 3431 3722 3483 δὲ

2137 3519 2298 3595 ὅπλον
2341 3541 2370 3593 6
2407 3540 2505 3611 τὴν
2548 3537 2726 3605 δεξιὰν
2774 3534 2983 3598 ὁπλίζει
3020 3533 3127 3585 τῶν
3157 3526 3302 3588 κατά
3336 3526 3450 3579 τῶν
3500 3519 3720 3592 ἐχθρῶν

2137 3632 2548 3706 ἁριστευόντων,
2569 3631 2631 3684 τὸ
2667 3632 2821 3700 ἆγιον
2844 3627 3069 3697 Πνεῦμά
3097 3626 3234 3686 ἐστι,
3255 3619 3488 3690 φοεερὸν
3528 3617 3634 3685 μὲν
3665 3613 3726 3665 τὸ

2139 3726 2477 3788 ὑπεναντίον,
2504 3725 2566 3777 τὸ
2588 3724 2646 3778 δὲ
2691 3717 3204 3793 μεταχειριζόμενον
3231 3713 3524 3780 σωτήριον.
3564 3708 3725 3760 Πᾶσα

2140 3817 2256 3886 δὲὴ
2311 3814 2637 3885 εύαγγελικὴ
2676 3811 3036 3875 διδασκαλία,
3079 3812 3194 3871 τοῖς
3241 3803 3369 3857 ποσὶ
3424 3803 3576 3854 ποιεῖ
3629 3799 3729 3868 τὴν

2137 3909 2454 3978 ἀσφάλειαν,
2488 3907 2563 3970 ὡς
2604 3907 2769 3976 μηδὲν
2789 3904 2881 3957 τοῦ
2913 3905 3161 3973 σώματος
3195 3895 3484 3967 εὑρεθῆναι
3510 3889 3727 3962 γυμνὸν

2138 4000 2231 4054 xui.
2264 4000 2396 4068 πρὸς
2421 3999 2632 4068 πληγὴν
2657 3995 2978 4064 ἐπιτήδειον.

2209 4272 2271 4324 El
2301 4266 2391 4324 οὖν
2424 4267 2824 4340 μεμαθήκαμεν
2847 4259 2929 4331 οἷς
2955 4267 3213 4334 πολεμεῖν
3240 4265 3369 4334 χρὴ,
3411 4263 3509 4314 καὶ
3550 4262 3732 4324 οὕτως

2138 4365 2234 4432 τῆς
2267 4364 2441 4434 μάχης
2469 4361 2989 4432 ἀντιλαμϐάνεσθαι,
3016 4359 3207 4430 μαθεῖν
3237 4357 3508 4427 προσήκει
3547 4357 3644 4408 καὶ
3670 4355 3731 4407 ti)

2137 4454 2320 4526 ἕτερον
2366 4454 2524 4524 μέρος
2545 4492 2562 4516 ,
2606 4449 2688 4515 οἷς
2731 4451 3014 4505 ἔνσπονδον
3055 4445 3194 4503 εἶναι
3233 4449 3336 4502 xui.
3371 4447 3656 4519 εἰρηνικὸν
3705 4449 3731 4499 ὁ

2138 4546 2292 4615 λόγος
2319 4543 2766 4616 διαμαρτύρεται.
2801 4544 2898 4608 Τίς
2925 4538 3017 4596 οὖν
3047 4543 3075 4594 6
3121 4539 3324 4608 ἀγαθὸς
3374 4539 3695 4610 στρατηγὸς
3713 4576 3728 4596 ο

2135 4631 2180 4706 ᾧ
2215 4637 2302 4691 διά
2340 4637 2434 4706 τῆς
2473 4638 2696 4708 εἰρήνης
2726 4636 2962 4708 ἐμαυτὸν
3003 4632 3308 4696 οἰκειὼσως
3353 4632 3453 4694 Τίς
3485 4631 3543 4684 δὲ
3575 4633 3605 4683 6
3635 4630 3730 4682 τοῦ

2137 4730 2379 4783 τοιούτου
2426 4728 2658 4799 στρατοῦ
2708 4728 2992 4799 βασιλεύς;
3043 4727 3114 4778 Ἦ
3152 4725 3313 4794 δῆλόν
3355 4725 3528 4780 ἐστιν,
3561 4725 3730 4792 ἄμφω

2140 4821 2290 4892 παρά
2317 4822 2415 4890 τῆς
2440 4820 2798 4873 θεοπνεύστου
2820 4820 3044 4891 Γραφῆς
3073 4817 3412 4887 ἀκηκόαμεν,
3446 4816 3531 4867 ὅτι
3565 4832 3729 4883 στρα-

2139 4913 2230 4977 τὸς
2257 4912 2523 4984 οὐράνιος,
2542 4914 2575 4982 ἡ
2593 4912 2895 4982 παράταξις
2921 4911 3029 4965 τῶν
3052 4909 3298 4979 ἀγγέλων
3322 4908 3504 4972 ὲστίν;
3533 4927 3553 4958 ι
3578 4908 3728 4974 Ἐγέ-

2140 5021 2261 5056 νετο
2291 5003 2417 5074 γὰρ,
2445 5022 2463 5054 ›
2491 5005 2646 5073 φησὶ,
2673 5022 2692 5054 ι
2721 5003 2923 5074 πλῆθος
2941 5003 3192 5076 οὐρανίου
3224 5002 3488 5072 στρατιᾶς
3515 4998 3727 5052 αἰνούν-

2137 5113 2246 5150 των
2274 5096 2364 5149 τὸν
2395 5095 2547 5148 Θεόν.
2576 5115 2593 5147 ι
2633 5097 2744 5149 Καὶ
2770 5097 2798 5149 ὁ
2818 5097 3016 5166 Δανιὴλ
3053 5096 3250 5167 μυρίας
3290 5095 3564 5166 μυριάδας
3587 5110 3726 5163 παρ·

2140 5189 2387 5241 εστιὶηων
2431 5189 2552 5259 ὁρᾷ.
2593 5189 2688 5240 καὶ
2713 5187 2967 5257 χιλιάδων
2991 5187 3236 5258 χιλιάδας
3261 5188 3319 5238 ὲν
3340 5187 3457 5248 τοῖς
3480 5185 3538 5236 λε
3551 5200 3724 5253 ιτουρ-

2135 5279 2289 5348 γοῦσι
2321 5278 2525 5349 βλέπει.
2553 5277 2657 5331 Καὶ
2680 5281 2706 5330 6
2723 5280 3013 5350 Προφήτης
3037 5279 3097 5331 τὸ
3129 5275 3370 5330 τοιοῦτον
3404 5276 3722 5348 μαρτυρῶν,

2135 5370 2336 5439 Κύριον
2359 5369 2646 5439 στρατιῶν,
2675 5371 2769 5421 καὶ
2800 5369 3005 5439 Κύριον
3029 5370 3314 5439 δυνάμεων
3331 5369 3425 5421 τὸν
3453 5368 3553 5421 τοῦ
3587 5385 3724 5422 παν·-

2135 5463 2223 5524 τὺς
2249 5462 2568 5530 ὀνομάζεται
2585 5461 2808 5531 Κύριον.
2831 5462 2942 5514 Καὶ
2966 5461 3102 5532 πρὸς
3123 5461 3212 5514 τὸν
3236 5461 3399 5526 Ναυῆ
3452 5463 3481 5513 ὁ
3501 5461 3720 5520 δυνατός

2136 5571 2296 5625 φησιν
2350 5555 2406 5606 ὲν
2435 5554 2687 5623 πολέμῳ]
2731 5573 2749 5604 ι
2774 5553 2936 5620 Ἐγὼ,
2966 5575 2982 5605 ι
3020 5555 3205 5624 φησὶν,
3243 5573 3262 5606 ι
3287 5555 3315 5606 6
3349 5554 3718 5624 ἀρχιστράτη-

1096 5725 1140 5756 ⁸⁵
1185 5723 1313 5778 Luc.
1343 5739 1402 5791 ιι,
1476 5727 1557 5780 15.
1637 5729 1679 5760 ⁵⁵
1723 5727 1856 5782 Dan.
1891 5731 2037 5796 τιμῇ

2146 5732 2190 5777 '9
2228 5728 2670 5797 Psal.xxm,10.
2733 5731 2775 5763 ⁸⁷
2811 5729 2925 5786 Jos.
2955 5747 3007 5792 v.
3051 5731 3137 5787 14.
