3846 6220
151 368 270 426 ’149

1193 366 1259 421 IN
1296 362 1835 422 ECCLESIASTEN.
1871 361 2150 418 HOMILIA
2189 361 2325 417 Vill.

3312 361 3415 415 750

149 499 258 556 τος
287 487 402 557 εἰμι
429 485 528 555 τῆς
553 486 858 557 δυνάμεως.
894 487 990 539 »Εἰ
1012 486 1069 540 δὲ
1101 487 1404 558 ἐνοήσαμεν
1428 486 1508 550 τίς
1537 487 1684 538 ἐστιν
1711 485 1744 554 ἡ

1850 491 1972 538 tens
2049 481 2228 551 inquit
2314 481 2370 534 in
2425 479 2589 544 bello,
2630 497 2648 530 ι
2714 478 2846 548 Ego,
2893 497 2910 528 ›
2967 478 3174 548 inquit,
3215 497 3233 529 ι
3299 494 3420 533 sum

155 577 349 649 ἀγαθὴ
377 577 670 649 συμμαχία
689 617 704 639 ,
739 578 834 631 καὶ
860 577 945 642 τίς
985 579 1014 630 6
1041 579 1152 631 τῶν
1202 578 1505 650 συμμάχων
1541 577 1745 632 τούτων

156 670 468 740 ἡγούμενος
489 709 503 733 ,
534 669 768 732 σπονδὰς
799 670 938 738 πρὸς
972 671 1135 724 αὐτὸν
1161 669 1534 742 ποιησώμεθα,
1575 687 1746 742 προσ-

155 759 463 830 δράμωμεν
509 758 674 814 αὑτοῦ
711 761 780 830 τῇ
812 760 1100 832 δυναστείᾳ
1122 802 1136 824 ,
1171 761 1314 829 φίλοι
1353 759 1637 830 γενώμεθα
1668 760 1746 830 τῷ

156 851 436 922 τοσαύτην
483 851 709 922 δύναμιν
736 854 1078 924 κεκτημένῳ.
1121 854 1218 918 Τίς
1259 854 1316 908 δὲ
1345 855 1374 906 6
1404 855 1604 923 τρόπος
1647 855 1745 925 τῆς

159 943 307 1012 πρὸς
349 943 510 996 αὑτὸν
541 942 888 1011 οἰκειώσεως,
918 943 1157 998 διδάσκει
1197 946 1345 1015 ἡμᾶς
1370 945 1399 996 6
1431 945 1529 1015 τῆς
1566 941 1745 1013 φιλίας

157 1033 370 1104 ταύτης
398 1035 768 1103 συναγωγεὺς,
794 1036 822 1086 6
847 1034 1019 1104 μέγας
1052 1033 1391 1098 ’Λπόστολος,
1410 1037 1466 1088 ἐν
1486 1029 1566 1098 οἷς
1589 1052 1742 1104 φησι’

165 1143 188 1176 ε
220 1125 613 1188 Δικαιωθέντες
635 1121 729 1180 οῦν
757 1128 822 1180 ἐκ
850 1128 1108 1191 πίστεως,
1141 1129 1360 1200 εἰρήνην
1390 1128 1585 1199 ἔχομεν
1610 1127 1746 1200 πρὸς

156 1215 257 1268 τὸν
285 1215 436 1269 Θεόν.
454 1233 471 1268 ι
486 1217 606 1270 Καὶ
626 1216 786 1272 πάλιν
804 1234 817 1248 ·
839 1237 858 1268 ‹
880 1217 1052 1288 ’Υπὲρ
1081 1215 1318 1289 Χριστοῦ
1346 1217 1744 1288 πρεσϐεύομεν,

157 1306 241 1370 ὡς
262 1307 358 1359 τοῦ
395 1307 528 1361 Θεοῦ
553 1303 998 1378 παρακαλοῦντος
1025 1309 1092 1362 δι’
1121 1311 1298 1381 ήμῶν,
1343 1310 1575 1380 δεόμεθα
1605 1311 1747 1379 ὑπὲρ

158 1399 210 1451 Χ
221 1397 405 1467 ριστοῦ
425 1416 439 1429 ·
465 1399 858 1472 Καταλλάγητε
869 1392 946 1464 τῷ
959 1392 1096 1466 Θεῷ.
1109 1413 1128 1447 ι
1141 1393 1286 1456 Ἕως
1300 1393 1407 1468 γὰρ
1423 1401 1564 1474 ἦμεν
1581 1403 1746 1457 τέκνα

161 1485 332 1556 φύσει
369 1488 544 1559 ὀργῆς
592 1490 652 1542 ἐν
687 1488 766 1560 τῷ
798 1493 971 1543 ποιεῖν
1017 1490 1086 1544 τά
1124 1489 1198 1562 μὴ
1251 1492 1596 1560 καθήκοντα,
1635 1498 1748 1558 τοῖς

156 1578 529 1649 ἀνθεστηκόσι
565 1583 632 1652 τῇ
671 1581 820 1653 δεξιᾷ
851 1582 946 1636 τοῦ
978 1582 1233 1653 Ὑψίστου
1269 1587 1750 1661 ωνετετάγμεθα,⁹

162 1670 502 1742 ἀποθέμενοι
534 1673 634 1742 τὴν
663 1674 923 1727 ἀσέϐειαν
967 1677 1062 1729 καὶ
1088 1676 1185 1740 τὰς
1236 1677 1508 1748 κοσμικὰς
1557 1676 1748 1730 ἐπιθυ-

171 1760 344 1830 μίας,
383 1764 442 1816 ἐν
485 1763 562 1835 τῷ
599 1765 763 1830 ὁσίως
812 1768 906 1820 καὶ
937 1767 1161 1832 δικαίως
1214 1768 1310 1822 καὶ
1347 1769 1590 1833 εὐσεϐῶς
1623 1771 1742 1840 ζῇν.

1846 576 2103 646 princeps
2137 575 2444 646 c0piarum.
2486 592 2504 625 ι
2545 572 2602 626 Si
2631 579 2811 626 autem
2853 571 3224 626 intelleximus
3270 586 3421 640 quae-

1845 683 1969 721 nam
2005 667 2115 721 sint
2146 666 2287 720 bona
2325 665 2378 718 in
2407 665 2548 718 bello
2588 662 2816 726 auxilia,
2851 670 2906 716 et
2937 662 3192 732 quisnam
3223 661 3294 716 sit
3325 663 3421 731 qui

1844 769 2042 831 praaeSt
2081 759 2208 815 belli
2235 759 2423 825 sociis,
2453 758 2632 814 foedus
2660 773 2784 811 cum
2813 771 2879 812 eo
2904 756 3172 818 ineamus,
3211 755 3278 810 ad
3301 755 3422 824 ejus

1843 850 2142 920 potentiam
2175 848 2578 919 confugiamus,
2608 847 2657 902 ei
2698 847 2872 902 simus
2912 847 3076 901 amici
3113 850 3207 917 qui
3237 853 3422 900 tantas

1845 941 2008 997 habet
2033 942 2244 1012 cupias.
2282 940 2548 1007 Quisnam
2585 941 2657 996 sit
2691 949 2874 995 autem
2925 939 3122 994 modus
3168 938 3422 994 ineunda:

1845 1049 1968 1088 cum
1997 1049 2063 1088 eo
2119 1033 2513 1088 familiaritatis
2547 1041 2601 1088 et
2629 1031 3082 1095 necessitudinis,
3115 1031 3275 1086 docet
3318 1046 3421 1086 nos

1845 1123 1941 1192 qui
1976 1123 2117 1177 hanc
2165 1123 2462 1176 amicitiam
2520 1121 2778 1176 conciliat
2819 1137 3053 1190 magnus
3089 1121 3417 1190 Apostolus,

1847 1227 1972 1268 cum
2006 1213 2178 1268 dicit:
2214 1232 2232 1265 ι
2267 1211 2564 1268 Justificati
2592 1227 2722 1282 ergo
2753 1228 2819 1266 ex
2855 1212 2981 1276 liile,
3018 1226 3206 1282 pacem
3249 1211 3421 1268 habe-

1846 1320 1971 1360 mus
1999 1305 2144 1376 apud
2176 1305 2344 1361 Deum
2375 1306 2418 1338 ⁵⁸
2449 1323 2465 1373 ;
2496 1325 2513 1356 ι
2547 1314 2600 1360 et
2628 1319 2864 1360 rursus:
2903 1323 2922 1355 ι
2955 1304 3060 1359 Pro
3091 1303 3313 1359 Christo
3341 1306 3422 1360 le-

1846 1398 2068 1468 gatione
2099 1397 2400 1467 fungimur,
2426 1406 2686 1467 tanquam
2705 1397 2814 1452 Deo
2838 1413 2937 1468 per
2966 1413 3070 1453 nos
3097 1397 3425 1452 exhortante

1845 1504 2108 1560 rogamus
2121 1506 2220 1560 pro
2235 1488 2460 1546 Christo
2486 1510 2498 1545 :
2527 1489 2983 1544 Reconciliamini
3000 1489 3109 1544 Deo
3123 1489 3192 1544 ⁸⁸.
3206 1509 3223 1540 ι
3245 1489 3425 1554 Quan-

1848 1579 1941 1634 diu
1977 1581 2122 1635 enim
2153 1580 2360 1635 fuimus
2401 1591 2597 1634 natura
2620 1581 2716 1634 filii
2744 1580 2858 1642 irae,
2895 1578 3146 1633 faciendo
3174 1595 3294 1648 qua:
3314 1595 3422 1633 non

1849 1671 2208 1733 conveniunt,
2267 1669 2473 1726 fuimus
2522 1672 2577 1725 in
2634 1671 2704 1726 iis
2740 1672 2831 1740 qui
2903 1671 3308 1738 adversantur;
3356 1672 3425 1726 ad

1850 1761 2132 1816 dexteram
2171 1769 2352 1817 autem
2383 1762 2657 1816 Altissimi
2688 1762 2896 1816 fuimus
2945 1762 3221 1828 collocati,
3257 1762 3428 1832 depo-

161 1854 268 1906 Διὰ
293 1855 396 1924 τῆς
417 1856 640 1928 εἰρήνης
663 1857 869 1930 ταύτης
893 1861 960 1931 τῇ
991 1859 1217 1932 ἀληθινῇ
1248 1861 1440 1936 εἰρήνῃ
1471 1861 1744 1934 συναφθη-

1851 1855 1956 1910 sita
1983 1855 2267 1925 impietate
2316 1862 2371 1910 et
2413 1854 2778 1910 saecularibus
2817 1854 3131 1917 desideriis,
3190 1854 3426 1910 vivendo

165 1945 400 2015 σόμεθα.
434 1946 622 2012 Οὕτως
655 1949 762 2020 γάρ
797 1967 930 2021 φησι
966 1951 1096 2023 περὶ
1133 1953 1297 2006 αὐτοῦ
1340 1954 1369 2006 6
1403 1954 1761 2021 Ἀπόστολος,-

158 2039 250 2091 ὅτι
290 2057 308 2090 ι
339 2039 509 2102 Αὐτός
550 2041 699 2094 ἐστιν
731 2044 764 2111 ή
802 2043 993 2114 εἰρήνη
1033 2043 1210 2115 ήμῶν.
1243 2063 1262 2096 ›
1308 2039 1474 2110 Οὗτος
1517 2047 1546 2098 6
1588 2045 1744 2114 λόγος

161 2131 389 2186 πάντων
421 2133 530 2186 τῶν
575 2133 716 2187 κατά
752 2135 942 2205 καιρὸν
982 2136 1282 2208 γινομένων
1321 2137 1384 2190 τὸ
1423 2137 1593 2208 πέρας
1627 2140 1744 2192 ἐστὶ

159 2225 260 2278 καὶ
293 2224 355 2276 τὸ
384 2225 697 2294 κεφάλαιον.
735 2227 923 2281 Πάντα
946 2226 1054 2298 γὰρ
1080 2229 1138 2280 ἐν
1172 2227 1348 2300 καιρῷ
1373 2232 1546 2282 ποιεῖν
1576 2229 1746 2284 ἐδιδά-

159 2315 396 2384 χθημεν,
417 2315 505 2368 ἵνα
532 2315 690 2369 τοῦτο
713 2317 926 2384 ἑαυτοῖς
952 2309 1409 2388 κατορθώσωμεν,
1427 2318 1490 2372 τὸ
1519 2319 1744 2390 εἰρήνην

157 2405 310 2476 ἔχειν
334 2405 471 2477 πρὸς
508 2406 597 2459 τὸν
622 2407 778 2470 Θεὸν,
819 2407 909 2460 διὰ
940 2407 1036 2461 τοῦ
1076 2407 1348 2479 πολεμίως
1382 2410 1744 2481 προστεθῆναι

157 2497 303 2567 πρὸς
335 2497 428 2550 τὸν
457 2499 768 2552 ἀντίπαλον.
801 2500 1026 2564 Πάντως
1047 2501 1103 2554 δέ
1124 2501 1229 2555 κᾶν
1258 2501 1359 2564 τὰς
1384 2501 1585 2572 ἀρετὰς
1613 2503 1742 2575 εἴπῃ

156 2589 253 2642 τὸν
274 2591 498 2661 εἰρήνης
525 2592 757 2661 στρατὸν
776 2593 913 2662 πρὸς
939 2592 1005 2657 ἃς
1026 2595 1131 2666 χρὴ
1156 2594 1383 2663 φιλικῶς
1401 2596 1545 2668 ἔχειν
1570 2600 1741 2668 ἡμᾶς.

152 2683 262 2735 οὐκ
306 2681 413 2746 ἔξω
453 2685 552 2755 τῆς
596 2685 949 2758 ἀποδοθείσης
980 2686 1218 2752 διανοίας
1257 2689 1368 2754 ἔξει
1409 2691 1501 2744 τὸν
1543 2692 1702 2761 λόγον
1727 2713 1738 2724 ·

154 2771 295 2828 διότι
328 2775 440 2827 πᾶν
471 2775 672 2847 ἀρετῆς
703 2776 875 2847 δνομά
894 2793 954 2829 τε
977 2779 1070 2830 καὶ
1094 2778 1293 2850 νόημα,
1325 2781 1404 2845 εἰς
1423 2779 1515 2834 τὸν
1539 2781 1743 2851 Κύριον

154 2865 270 2918 τῶν
300 2863 514 2936 ἀρετῶν
542 2866 894 2937 ἀναφέρεται.

1847 1956 2056 2010 sancte,
2089 1948 2260 2017 juste,
2291 1955 2344 2002 et
2371 1947 2478 2017 pie.
2524 1945 2628 2002 Per
2669 1947 2812 2001 hanc
2860 1963 3050 2018 pacem
3106 1963 3249 2004 vera:
3303 1950 3425 2018 paci

1846 2037 2243 2106 copulabimur.
2299 2035 2375 2091 De
2418 2051 2485 2092 eo
2542 2037 2691 2091 enim
2752 2037 2832 2092 sic
2890 2037 3027 2092 dicit
3082 2039 3422 2108 Apostolus:

1851 2149 1870 2182 ι
1905 2128 2026 2200 Ipse
2057 2139 2141 2184 est
2169 2144 2275 2198 pax
2318 2137 2508 2183 nostra
2532 2128 2600 2181 ".
2640 2147 2660 2181 ›
2699 2127 2816 2184 Hoc
2855 2129 3066 2184 dictum
3103 2138 3188 2185 est
3212 2129 3336 2185 ﬁnis
3371 2143 3427 2186 et

1843 2235 2058 2277 summa
2085 2236 2276 2276 eorum
2305 2236 2429 2292 qua:
2482 2219 2620 2276 fiunt
2655 2222 2712 2276 in
2773 2231 3044 2292 tempore.
3075 2220 3135 2276 ln
3176 2231 3428 2294 tempore

1843 2315 1990 2370 enim
2033 2316 2220 2369 omnia
2264 2313 2448 2370 facere
2495 2313 2678 2369 edocti
2738 2329 2953 2380 sumus,
2991 2322 3051 2369 ut
3110 2315 3216 2370 hoc
3264 2315 3426 2370 nobis

1843 2392 2101 2462 effectum
2160 2406 2479 2470 reddamus,
2521 2421 2720 2477 nempe
2751 2415 2813 2462 ut
2865 2422 3060 2477 pacem
3119 2407 3424 2464 habeamus

1845 2500 1989 2572 apud
2025 2501 2216 2566 Deum,
2247 2508 2538 2571 propterea
2563 2499 2711 2570 quod
2756 2499 2946 2555 hostili
2979 2509 3033 2555 et
3065 2500 3269 2557 infesto
3298 2501 3424 2554 ani-

1844 2609 1932 2650 mo
1954 2593 2222 2649 fuerimus
2249 2593 2513 2649 adversus
2539 2593 2942 2648 adversarium.
2968 2591 3204 2648 Omnino
3235 2601 3421 2649 autem

1844 2687 1892 2743 si
1930 2688 2056 2758 quis
2085 2685 2288 2741 dixerit
2318 2687 2552 2742 virtutes
2581 2701 2705 2742 esse
2733 2686 3036 2741 exercitum
3079 2687 3252 2756 pacis,
3295 2702 3420 2742 cum

1842 2778 2044 2848 quibus
2069 2784 2284 2848 oportet
2317 2792 2419 2832 nos
2451 2777 2610 2848 jungi
2651 2777 2918 2842 amicitia,
2953 2793 3063 2833 non
3097 2785 3255 2833 extra
3295 2794 3422 2835 eum

1843 2873 1937 2944 qui
1963 2873 2125 2928 datus
2154 2882 2238 2928 est
2266 2885 2488 2929 sensum
2512 2870 2747 2926 deducet
2774 2876 3082 2928 orationem
3113 2891 3126 2926 :
3159 2872 3416 2943 quando-

1843 2968 2065 3037 quidem
2094 2981 2259 3021 omne
2297 2965 2522 3020 virtutis
2542 2980 2742 3020 nomen
2772 2975 2828 3020 et
2855 2965 3154 3036 cogitatum
3187 2964 3426 3022 refertur

1844 3058 1914 3114 ad
1947 3057 2240 3112 Dominum
2271 3057 2559 3112 virtutum.

233 3140 350 3194 Καὶ
373 3139 426 3193 τί
455 3141 521 3195 ἀν
547 3157 634 3204 τις
667 3141 726 3195 ἐν
754 3143 868 3205 τοῖς
906 3143 1170 3206 τοιούτοις
1193 3141 1286 3196 τὸν
1314 3143 1472 3212 λόγον
1503 3145 1738 3218 μηκύνῃ.

1915 3149 2239 3219 Quanquam
2275 3149 2407 3217 quid
2443 3147 2499 3201 in
2540 3146 2627 3202 his
2675 3146 2962 3216 prolixiori
3007 3162 3148 3219 Opus
3180 3155 3265 3204 est
3297 3163 3426 3204 ora-

153 3231 370 3285 ἱκανῶν
419 3231 589 3285 ὅντων
630 3233 726 3286 καὶ
775 3232 885 3286 τῶν
933 3235 1241 3306 εἰρημένων
1289 3235 1594 3307 ἐκκαλύψαι
1643 3240 1742 3308 τὴν

1850 3242 2018 3308 tione,
2053 3255 2178 3295 cum
2215 3239 2490 3295 sulliciant
2520 3253 2642 3308 qua:
2691 3239 2840 3292 dicta
2883 3246 3014 3294 sunt
3062 3239 3130 3294 ad
3165 3241 3424 3311 aperien-

155 3319 497 3391 ὲγκειμένην
535 3323 648 3382 τοῖς
693 3323 876 3393 ῥητοῖς
921 3322 1200 3390 διάνοιαν;
1254 3325 1392 3378 Ἀλλ’
1436 3328 1624 3398 ἐπειδὴ
1659 3329 1746 3383 διὰ

153 3409 390 3470 τούτων.
404 3449 443 3465 ..
461 3411 563 3482 τὴν
581 3411 758 3481 ψυχὴν
780 3409 874 3464 τοῦ
897 3412 1384 3482 προπαιδευθέντος
1402 3414 1462 3467 ἐν
1486 3417 1597 3479 τοῖς
1617 3415 1748 3488 ὕψη-

153 3503 276 3566 λοῖς
315 3502 530 3567 τούτοις
577 3503 884 3576 μαθήμασι,
925 3505 1085 3559 πάλιν
1131 3507 1323 3575 ἀνάγει
1360 3508 1498 3579 πρὸς
1536 3509 1747 3581 ὑψηλήν

153 3615 286 3652 τινα
315 3599 649 3652 κατάστασιν
692 3598 790 3669 τὴν
815 3599 996 3669 ψυχὴν
1024 3599 1120 3654 τοῦ
1157 3601 1425 3672 ἑπομένου
1457 3602 1536 3674 τῷ
1566 3604 1708 3675 λόγῳ
1727 3645 1744 3670 ,

155 3689 260 3743 καί
289 3705 424 3757 φησι
443 3705 458 3718 ο
497 3687 594 3751 Τίς
633 3690 922 3760 περισσεία
952 3690 1045 3743 τοῦ
1084 3691 1361 3757 ποιοῦντος
1393 3696 1450 3748 ἐν
1476 3689 1558 3760 οἷς
1583 3697 1747 3760 αὐτὸς

155 3780 396 3852 μοχθεῖ;
425 3782 601 3852 Ὅπερ
621 3777 738 3834 ἶσόν
758 3783 875 3835 ἐστι
889 3782 966 3854 τῷ
987 3785 1182 3837 εἰπεῖν’
1211 3785 1276 3838 Τί
1305 3786 1370 3839 ὲκ
1392 3787 1500 3840 τῶν
1532 3789 1745 3860 μόχθων

153 3873 274 3928 τῶν
315 3873 677 3944 ἀνθρωπίνων
719 3876 963 3942 πάντων,
992 3876 1052 3941 ἐξ
1084 3870 1160 3931 ὧν
1197 3877 1350 3933 οὐδέν
1382 3882 1498 3935 ἐστι
1545 3882 1742 3948 πλέον;

153 3967 410 4037 Γεωργεί
431 4006 448 4030 ,
487 3965 867 4035 ναυτίλλεται,
917 3972 1327 4040 στρατιωτικοῖς
1376 3973 1748 4041 ἐγκακοπαθεῖ

152 4057 372 4121 πόνοις,
409 4056 776 4127 ἐμπορεύεται
797 4097 812 4118 .
854 4056 1178 4129 ζημιοῦται,
1209 4061 1502 4132 κερδαίνει,
1531 4063 1747 4130 δικάζε-

150 4167 254 4203 ται
282 4187 298 4212 ,
335 4148 598 4218 μάχεται,
631 4148 886 4219 ἡττηθεὶς
920 4149 1154 4222 ἀπῆλθε,
1182 4152 1282 4222 τὴν
1317 4153 1555 4209 νικῶσαν
1584 4155 1746 4228 φέρε-

148 4258 253 4295 ται
309 4241 526 4310 ψῆφον,
587 4241 962 4306 ταλανίξεται,
1015 4245 1405 4316 μακαρίζεται,
1455 4249 1605 4318 μένει
1659 4251 1747 4320 ἐφ⁶

148 4332 364 4394 ἐστιος,
394 4331 452 4382 ἐν
482 4330 783 4402 ἀλλοτρίοις
814 4331 1108 4386 πλανᾶταιο
1140 4336 1320 4390 πάντα
1363 4337 1464 4391 ὅσα
1493 4339 1745 4409 ὁρώμενα

151 4417 311 4478 κατά
337 4423 430 4475 τὸν
465 4422 579 4492 βίον
620 4424 680 4476 ἐν
713 4424 977 4488 ποικίλοις
1011 4427 1458 4498 ἐπιτηδεύμασιν,
1504 4430 1641 4484 ἄλλα
1685 4435 1745 4486 ἐν

1847 3333 1978 3387 dum
2011 3346 2230 3388 sensum
2257 3330 2351 3401 qui
2384 3337 2470 3386 est
2502 3331 2558 3384 in
2585 3329 2814 3386 verbis?
2846 3329 3208 3400 Posteaquam
3240 3342 3423 3388 autem

1848 3442 1945 3498 per
1974 3426 2088 3480 haec
2125 3425 2390 3480 excitavit
2423 3423 2669 3478 animum
2697 3423 2820 3492 ejus
2852 3425 2946 3493 qui
2975 3423 3078 3478 fuit
3105 3425 3261 3496 prius
3294 3441 3426 3480 eru-

1848 3517 1996 3572 ditus
2023 3517 2080 3571 in
2107 3516 2196 3570 his
2225 3515 2352 3572 allis
2391 3515 2762 3580 documentis,
2799 3514 2871 3570 ad
2909 3515 3082 3570 altum
3128 3519 3422 3587 quemdam

1848 3617 2052 3667 statum
2078 3611 2303 3666 sustulit
2326 3610 2562 3666 animam
2595 3608 2718 3679 ejus
2741 3611 2836 3680 qui
2858 3611 3110 3680 sequitur
3133 3611 3424 3678 rationem,

1846 3710 1902 3759 et
1931 3703 2045 3757 ait:
2075 3701 2208 3769 Qua:
2243 3702 2424 3772 major
2455 3702 2796 3757 abundantia
2827 3701 2948 3772 ejus
2981 3703 3078 3773 qui
3106 3702 3238 3758 facit
3265 3704 3324 3758 in
3356 3705 3424 3759 iis

1847 3793 1906 3848 in
1935 3793 2136 3863 quibus
2163 3793 2282 3862 ipse
2306 3793 2563 3848 laborat?
2586 3793 2742 3860 Quod
2775 3792 3002 3864 perinde
3048 3803 3133 3849 est
3162 3809 3227 3849 ac
3259 3795 3306 3850 si
3340 3794 3427 3850 di-

1848 3893 2016 3949 ceret,
2045 3883 2188 3950 Quid
2223 3899 2286 3938 ει
2315 3883 2570 3939 humanis
2597 3884 2852 3940 omnibus
2875 3885 3180 3950 laboribus,
3214 3901 3280 3941 ex
3303 3889 3427 3957 qui-

1847 3978 1951 4034 bus
1968 3977 2192 4033 nihilad
2207 3993 2330 4033 eum
2350 3975 2492 4033 redit
2510 3979 2746 4048 amplius
2766 3979 2789 4032 i
2812 3979 2989 4050 Agros
3007 3979 3158 4043 colit,
3177 3980 3423 4051 navigat.

1846 4068 2178 4124 militaribus
2192 4067 2478 4124 laboribus
2497 4067 2782 4138 afﬂigitur,
2797 4076 3164 4124 mercaturam
3182 4081 3422 4139 exercet,

1846 4159 2106 4214 damnum
2146 4158 2373 4228 patitur,
2410 4157 2678 4225 lucratur,
2718 4157 2933 4229 litigat,
2974 4169 3211 4230 pugnat,
3256 4176 3426 4218 causa

1847 4252 2014 4316 cadit,
2042 4251 2315 4308 sententia
2351 4251 2479 4306 data
2519 4251 2670 4306 litem
2697 4251 2892 4316 vincit,
2922 4250 3111 4308 infelix
3143 4264 3421 4322 censetur,

1850 4345 2045 4401 beatus
2069 4344 2438 4404 existimatur,
2469 4343 2618 4398 domi
2659 4351 2869 4408 manet,
2908 4355 3057 4399 errat
3087 4347 3233 4417 apud
3269 4355 3426 4402 exte-

1846 4451 1981 4493 ros:
2015 4436 2200 4492 omnia
2253 4450 2376 4506 qua:
2410 4436 2464 4490 in
2499 4435 2604 4490 hac
2641 4436 2757 4490 vita
2802 4445 3107 4491 cernuntur
3155 4439 3213 4494 in
3242 4440 3419 4496 variis

149 4514 363 4578 ἄλλοις.
394 4514 461 4566 Τί
493 4515 648 4584 φέρει
679 4516 841 4570 πλέον
867 4515 946 4586 τῷ
969 4517 1057 4571 διὰ
1079 4518 1189 4572 τῶν
1218 4519 1474 4598 τοιούτων
1497 4523 1590 4576 τὸν
1611 4523 1744 4578 ίδιον

1850 4529 2072 4593 studiis,
2108 4529 2214 4583 alia
2251 4529 2308 4583 in
2344 4529 2488 4584 aliis.
2525 4527 2670 4596 Quid
2709 4530 2760 4584 ei
2788 4531 2883 4599 qui
2937 4547 3036 4600 per
3086 4531 3202 4586 haec
3265 4547 3422 4588 suam

148 4604 476 4660 δαπανῶντι
525 4605 640 4675 βίον
683 4608 717 4678 ή
757 4607 886 4679 περί
944 4608 1116 4662 ταῦτα
1164 4596 1402 4682 σπο-υδής
1453 4614 1565 4684 Ούχ
1604 4615 1739 4685 ὁμοῦ

149 4715 220 4750 τε
267 4697 330 4750 τὸ
385 4699 485 4768 ζῇν
542 4697 854 4759 ἐπαύσατο,
913 4699 1010 4752 καὶ
1060 4699 1199 4771 λήθῃ
1252 4703 1609 4775 ἐπεκαλύφθη
1673 4705 1744 4758 τά

150 4791 346 4845 πάντα
365 4805 380 4819 °
431 4791 526 4844 καὶ
575 4789 839 4861 μονωθεὶς
878 4791 987 4844 τῶν
1031 4793 1488 4864 σπουδαζομένων
1534 4799 1746 4868 γυμνὸς

149 4884 390 4953 οῑχεται,
413 4883 754 4953 ἐπαγόμενος
769 4881 887 4952 μεθ’
903 4883 1097 4936 ἐαυτοῦ
1122 4885 1231 4937 τῶν
1251 4887 1380 4958 τῇδε
1403 4890 1747 4960 πραγμάτων

148 4973 338 5038 οὐδὲν,
381 4973 522 5044 πλὴν
554 4974 652 5044 τῆς
684 4975 779 5028 ἐπὶ
810 4977 924 5039 τοῖς
962 4975 1248 5048 πράγμασι
1301 4978 1468 5050 μόνης
1501 4981 1744 5052 συνειδή-

151 5078 336 5126 σεως;
364 5062 494 5132 παρ’
527 5057 592 5134 ἦς
626 5065 824 5137 τρόπον
850 5065 972 5120 τινὰ
999 5065 1138 5137 αῦτη
1173 5068 1312 5138 μετὰ
1345 5068 1502 5124 τοῦτο
1533 5071 1744 5140 γίνεται

148 5157 240 5217 εἰς
265 5153 358 5207 τὸν
388 5155 616 5225 οὐρανὸν
643 5158 677 5227 ή
720 5157 1018 5228 φωνὴ,“τὸν
1050 5159 1138 5212 διὰ
1165 5161 1274 5214 τῶν
1298 5161 1553 5216 τοιούτων
1580 5165 1744 5235 ἀσχο-

149 5245 292 5300 λιῶν
326 5247 784 5320 συμπλανηθέντα
822 5250 899 5320 τῷ
937 5251 1058 5321 βίῳ,
1099 5253 1180 5306 ὅτι
1208 5254 1304 5318 Τίς
1332 5257 1618 5326 περισσεία
1649 5258 1742 5326 γέ-

147 5337 286 5407 γονέ
327 5355 411 5392 σοι
441 5340 549 5392 τῶν
583 5340 793 5394 πολλῶν
823 5343 1044 5398 ἐκείνων
1074 5346 1250 5399 πόνων
1289 5348 1347 5399 ἐν
1385 5343 1468 5412 οἷς
1505 5349 1741 5421 ἐμόχθη-

153 5449 289 5497 σας;
322 5432 436 5485 Ποῦ
481 5435 538 5486 αἰ
572 5433 818 5506 λαμπραὶ
850 5437 1017 5490 οἰκίαι
1043 5454 1058 5502 ;
1090 5438 1199 5492 Ποῦ
1231 5439 1300 5494 τὰ
1339 5444 1738 5514 κατωρυγμένα

153 5522 463 5593 βαλάντια;
494 5524 602 5578 Ποῦ
633 5526 690 5579 αἰ
722 5527 922 5595 χαλκαῖ
947 5528 1154 5594 εἰκόνες
1173 5570 1188 5592 ,
1212 5531 1316 5584 ’καὶ
1343 5534 1398 5584 αἰ
1435 5532 1543 5585 τῶν
1571 5534 1739 5605 εὐφη-

154 5615 411 5686 μούντων
451 5618 653 5684 φωναίς
701 5619 832 5672 Ἰδοὺ
855 5620 951 5672 νῦν
981 5619 1092 5692 πῦρ
1121 5623 1215 5675 καὶ
1249 5624 1508 5694 μάστιγες
1532 5666 1548 5692 ,
1578 5627 1672 5678 καὶ
1700 5629 1734 5698 ή

1845 4621 2120 4678 consumit
2142 4621 2312 4675 vitam
2341 4620 2578 4690 amplius
2621 4621 2798 4686 affert,
2841 4621 2987 4690 quod
3023 4622 3079 4676 in
3141 4623 3210 4678 iis
3271 4625 3426 4693 ponit

1847 4712 2089 4768 studium
2124 4721 2181 4767 et
2214 4711 2592 4766 industriam?
2633 4711 2831 4767 Annon
2865 4713 3031 4768 simul
3058 4721 3226 4784 atque
3259 4716 3424 4770 desiit

1845 4803 2051 4867 vivere,
2083 4803 2266 4856 omnia
2301 4810 2442 4856 tecta
2473 4809 2602 4858 sunt
2635 4799 2948 4858 oblivione:
2978 4813 3034 4860 et
3063 4806 3134 4860 ab
3180 4807 3250 4861 iis
3289 4822 3426 4876 quo-

1849 4911 1969 4949 rum
1999 4895 2184 4949 studio
2221 4896 2510 4950 tenebatur
2541 4895 2817 4961 desertus,
2856 4899 2968 4953 abit
3000 4899 3204 4961 nudus,
3238 4915 3423 4956 rerum

1849 5003 1971 5058 qua:
1997 4987 2087 5042 hic
2129 4995 2260 5042 sunt
2291 4987 2428 5042 nihil
2464 5003 2650 5043 secum
2685 4989 2942 5053 aﬂ'erens,
2997 5000 3195 5059 praeter
3247 4993 3422 5046 solam

1848 5080 2131 5134 actionum
2169 5093 2394 5134 suarum
2428 5081 2875 5136 conscientiam?
2913 5097 2944 5136 a
2989 5099 3096 5151 qua
3147 5085 3263 5140 haec
3316 5100 3424 5140 vox

1846 5170 2253 5240 quodammodo
2286 5178 2411 5241 post
2445 5171 2550 5225 hoc
2587 5171 2644 5225 in
2681 5173 2882 5228 caelum
2919 5176 3175 5239 mittitur,
3202 5176 3270 5230 ad
3296 5190 3421 5231 eum

1845 5264 1939 5335 qui
1978 5278 2073 5333 per
2105 5262 2418 5331 hujusmodi
2451 5263 2848 5333 occupationes
2889 5266 3163 5321 aberravit
3210 5268 3266 5321 in
3321 5268 3425 5323 hac

1846 5357 1957 5411 vita
1983 5355 2152 5421 :Quid
2187 5355 2284 5408 tibi
2318 5355 2558 5426 amplius
2593 5355 2697 5412 fuit
2728 5372 2796 5412 ex
2836 5358 3024 5414 multis
3060 5360 3168 5415 illis
3218 5360 3426 5415 labori-

1846 5447 1951 5502 bus
1981 5461 2122 5516 quos
2150 5447 2442 5515 suscepisti
2466 5448 2489 5501 ?
2516 5446 2619 5502 Ubi
2649 5457 2780 5504 sunt
2801 5452 3080 5520 praeclarae
3109 5451 3296 5507 :edes?
3320 5451 3381 5506 Ul
3405 5453 3425 5506 ἰ

1846 5545 1976 5592 sunt
2006 5535 2239 5592 defossa:
2261 5541 2582 5595 crumenaa?
2611 5540 2713 5596 Ubi
2738 5551 2868 5597 sunt
2900 5558 3065 5598 aenea:
3099 5544 3372 5613 imagines
3402 5583 3419 5607 ,

1847 5640 1898 5684 et
1930 5628 2183 5684 laudibus
2216 5629 2614 5688 celebrantium
2647 5635 2852 5692 voces?
2891 5635 3034 5691 Ecce
3074 5652 3222 5692 nunc
3279 5638 3422 5704 ignis

230 5789 282 5821 ⁸⁸
324 5789 486 5846 Rom.
529 5810 579 5856 τ,
614 5793 664 5848 Ι.
741 5795 786 5826 ⁸9
828 5794 867 5848 ll
901 5796 1026 5852 Cor.
1063 5814 1112 5861 ι’,
1153 5796 1242 5852 20.
1322 5799 1366 5831 ⁸ο
1408 5799 1603 5870 Εριιοε.
1646 5817 1705 5867 n,
1753 5801 1840 5857 14.
