3846 6220
463 357 559 410 7M

1715 360 1770 415 S.
1802 359 2137 418 GREGORII
2167 361 2460 419 NYSSENI
3628 370 3743 425 75"!

456 481 513 525 et
540 469 769 542 ﬂagella,
797 478 849 525 et
874 471 1141 542 judicium
1179 471 1324 542 quod
1348 486 1525 542 neque
1550 473 1892 538 muneribus,
1931 489 2027 530 nec

2133 478 2424 544 ἀδέκαστος
2445 480 2643 552 κρίσις,
2681 481 2773 533 καὶ
2799 483 2832 552 ὴ
2866 482 3302 552 άπαραλόγιστος
3315 481 3428 536 τῶν
3446 482 3739 553 βεϐιωμέ-

457 565 632 633 gratia
665 567 1065 636 corrumpitur,
1107 571 1162 620 et
1189 581 1311 635 quae
1361 565 1472 619 falli
1511 582 1620 621 non
1655 576 1836 636 potest
1882 577 2032 622 ante-

459 664 592 707 actae
624 655 746 709 vitae
775 655 1134 710 examinatio.
1171 655 1303 722 Quae
1347 665 1432 711 est
1461 673 1596 728 ergo
1640 659 1818 726 major
1860 660 2034 713 ahun-

457 746 644 799 dantia
681 747 803 814 ejus
839 748 934 818 qui
967 747 1100 802 facit
1127 749 1183 803 in
1216 749 1284 804 iis
1322 764 1444 819 qua:
1497 750 1616 821 ipse
1673 751 1926 806 laborat?
1971 751 2034 805 Et

457 847 702 907 postea,t
725 839 873 904 Vidi,
929 840 1130 910 inquit,
1189 841 1607 896 distractionem
1663 857 1826 912 quam
1883 843 2035 899 dedit

459 929 601 983 Deus
628 929 752 985 ﬁliis
784 930 1095 995 hominum,
1134 939 1195 986 ut
1244 932 1300 988 in
1357 933 1541 1003 seipso
1587 933 2034 989 distraherentur

457 1024 642 1077 omnia
677 1041 798 1094 qua:
825 1024 954 1080 fecit
994 1026 1136 1080 bona
1169 1027 1225 1080 in
1282 1033 1529 1097 tempore
1560 1042 1684 1084 suo.
1716 1026 2031 1094 Quinetiam

457 1132 630 1171 aevum
667 1117 818 1172 dedit
857 1118 912 1173 in
960 1119 1128 1174 corde
1161 1119 1430 1188 ipsorum,
1467 1135 1535 1174 ne
1571 1120 1817 1176 inveniat
1867 1121 2034 1176 homo

460 1224 595 1278 opus
619 1210 763 1279 quod
798 1209 925 1265 fecit
963 1204 1105 1264 Deus
1127 1209 1195 1263 ah
1215 1210 1369 1266 initio
1391 1224 1562 1280 usque
1582 1207 1648 1263 ad
1676 1207 1892 1261 tinem.»
1921 1211 2034 1267 cur

459 1310 573 1355 haec
605 1300 787 1354 dicit?
817 1300 1053 1372 Agnovi,
1086 1291 1286 1373 inquit,
1321 1302 1594 1358 undenam
1629 1317 1659 1355 a
1692 1303 1801 1356 vita
1834 1302 2034 1357 distra-

456 1400 544 1444 cta
587 1393 658 1444 sit
697 1391 936 1446 humana
967 1400 1187 1457 natura,
1216 1394 1510 1448 occasione
1539 1400 1762 1463 accepta
1793 1409 1861 1448 ex
1894 1393 2033 1447 divi-

456 1483 542 1534 nis
584 1482 885 1538 beneﬂciis.
916 1483 1050 1537 Nam
1087 1483 1230 1539 Deus
1271 1485 1491 1554 quidem
1531 1484 1599 1538 ad
1651 1485 1854 1539 bonum
1905 1484 2032 1539 fecit

456 1577 664 1637 omnia,
695 1585 748 1630 et
775 1578 842 1632 iis
872 1578 965 1648 qui
995 1593 1188 1632 eorum
1221 1593 1342 1649 quze
1369 1587 1498 1632 sunt
1532 1579 1832 1648 participes
1877 1586 2029 1642 sunt,

450 1667 602 1722 dedit
636 1671 906 1723 rationem
947 1685 1056 1740 qua
1092 1671 1415 1725 discernant
1442 1669 1494 1724 id
1525 1670 1670 1740 quod
1695 1680 1782 1726 est
1811 1670 2029 1734 melius,

458 1775 552 1814 uer
589 1775 751 1829 quam
781 1761 966 1828 agnita
1000 1763 1390 1831 opportunitas
1431 1762 1624 1832 judicii
1671 1762 2032 1833 uniuscujus-

455 1868 579 1920 que,
615 1853 742 1906 boni
789 1861 843 1908 et
882 1854 1096 1908 honesti
1141 1870 1365 1909 sensum
1405 1855 1610 1923 prmbet
1644 1855 1712 1910 iis
1743 1856 1836 1924 qui
1871 1863 2029 1908 utun-

451 1955 560 1998 tur.
597 1946 865 2011 Quoniam
905 1958 1088 2001 autem
1135 1947 1323 2017 lapsus
1351 1956 1436 2002 cst
1461 1962 1490 2000 a
1521 1953 1672 2001 recto
1697 1947 1764 2001 de
1794 1946 1861 2002 iis
1905 1962 2027 2017 quae

451 2046 600 2104 sunt,
629 2038 857 2107 judicio,
885 2055 982 2109 per
1017 2039 1222 2094 malum
1254 2040 1546 2094 consilium
1582 2053 1810 2094 aversus
1839 2053 1868 2093 a
1897 2054 2030 2094 con-

447 2133 619 2188 stanti
649 2132 881 2193 ratione,
915 2147 1170 2189 recessus
1201 2148 1232 2186 a
1262 2141 1530 2201 tempore,
1558 2131 1612 2185 id
1640 2131 1787 2201 quod
1829 2141 1914 2186 est
1971 2133 2027 2186 in

449 2239 778 2295 unoquoque
823 2225 980 2289 utile,
1019 2225 1184 2280 vertit
1211 2224 1267 2278 in
1311 2223 1678 2278 contrarium.
1729 2222 1796 2279 Ut
1825 2225 1871 2278 si
1902 2225 2029 2294 quis

449 2317 505 2370 in
532 2331 718 2372 mensa
748 2316 1034 2386 proposito
1058 2315 1206 2369 omni
1231 2323 1496 2384 apparatu
1521 2315 1781 2380 convivii,
1803 2321 1856 2369 et
1881 2315 2030 2370 vasis

445 2408 774 2479 quibusdam
831 2408 975 2478 aptis
1033 2407 1098 2462 ad
1141 2406 1458 2478 apparanda
1515 2407 1813 2471 alimenta,
1864 2408 2029 2463 simul

446 2501 612 2554 etiam
646 2515 709 2554 ea
741 2497 1060 2569 apposuerit
1085 2513 1206 2568 quae
1242 2498 1311 2553 ab
1342 2498 1410 2553 iis
1441 2509 1709 2568 parantur
1747 2496 1844 2568 qui
1875 2496 2026 2552 dele-

445 2599 668 2645 ctantur
703 2588 1019 2658 huiusmodi
1080 2589 1340 2652 artilicio,
1397 2597 1492 2642 aut
1529 2589 1762 2644 subtiles
1794 2588 2026 2660 gladios,

446 2700 542 2754 per
573 2698 713 2754 quos
746 2683 991 2737 convivae
1025 2682 1132 2736 sibi
1165 2682 1418 2737 dividunt
1443 2682 1652 2753 aliquid
1693 2698 1757 2738 ex
1809 2682 1878 2738 iis
1907 2697 2030 2752 qua:

446 2783 576 2830 sunt
604 2774 874 2844 apposita,
915 2781 1010 2827 aut
1039 2786 1299 2843 argentea
1323 2774 1658 2839 cochlearia,
1685 2773 1886 2843 quibus
1908 2789 2030 2843 qua:

445 2871 502 2925 in
529 2872 700 2925 altera
731 2869 852 2938 ejus
886 2876 1043 2938 parte
1078 2879 1159 2924 est
1210 2869 1448 2932 cavitas,
1487 2867 1632 2922 facta
1673 2876 1758 2924 est
1814 2877 1875 2924 ut
1906 2877 2031 2938 apte

443 2971 499 3018 et
533 2961 781 3032 apposite
821 2975 880 3015 se
910 2960 1137 3014 haberet
1161 2959 1227 3013 ad
1261 2960 1582 3029 pollentem.
1634 2957 1840 3014 Deinde
1880 2961 2023 3030 quis-

445 3057 591 3125 piam
627 3070 688 3108 ex
731 3054 798 3108 iis
831 3054 921 3122 qui
956 3060 1087 3106 sunt
1114 3052 1402 3105 convocati
1431 3051 1497 3106 ad
1522 3052 1859 3114 convivium,
1908 3067 2030 3106 mu-

2136 589 2240 624 νων
2266 571 2528 636 ἐξέτασις.
2557 573 2650 636 Τίς
2683 569 2776 626 οὖν
2810 575 3097 645 περισσεία
3124 574 3218 628 τοῦ
3240 573 3529 638 ποιοῦντος
3565 576 3629 627 ἐν
3651 570 3740 636 οἷς

2136 663 2295 728 αὐτὸς
2325 665 2544 734 μοχθεῖ;
2572 665 2682 719 Καὶ
2720 666 2856 736 μετὰ
2877 666 3071 725 ταῦτα,
3095 686 3113 718 ι
3135 663 3304 728 Εἶδον,
3333 686 3351 719 ι
3388 668 3556 737 φησὶ,
3599 687 3620 718 σ
3640 669 3738 720 τὸν

2136 760 2517 830 περισπασμὸν
2543 760 2601 814 ὃν
2641 760 2808 813 ἔδωκε
2841 762 2952 823 τοῖς
2982 762 3117 822 υἱοῖς
3146 760 3251 812 τῶν
3286 759 3605 830 ἀνθρώπων
3633 759 3735 812 τοῦ

2136 851 2509 920 περισπᾶσθαι
2535 853 2593 906 ὲν
2616 851 2792 922 ἐαυτῷ
2823 851 2893 905 τὰ
2921 852 3230 923 σύμπαντα,
3260 852 3295 906 ἃ
3316 853 3553 922 ἐποίησε
3588 852 3735 904 καλὰ

2135 944 2192 996 ὲν
2219 945 2396 1017 καιρῷ
2425 945 2610 998 αὑτοῦ.
2648 945 2756 998 Καί
2786 961 2849 1011 γε
2883 945 2974 997 τὸν
3011 944 3179 998 αἰῶνα
3209 944 3406 998 ἔδωκεν
3431 945 3494 996 ὲν
3527 943 3736 1016 καρδία

2134 1037 2334 1101 αὐτῶν,
2361 1038 2508 1102 ὅπως
2547 1039 2622 1110 μὴ
2654 1038 2787 1110 εὕρῃ
2817 1036 3100 1108 ἄνθρωπος
3136 1038 3196 1091 τὸ
3222 1037 3435 1107 ποίημα
3465 1036 3496 1089 ὃ
3537 1037 3737 1103 ἐποίη-

2136 1146 2229 1182 σεν
2250 1131 2277 1183 ὀ
2303 1129 2434 1195 Θεὸς
2461 1132 2554 1185 ἀπ’
2576 1131 2750 1202 ἀρχῆς
2782 1129 2941 1202 μέχρι
2968 1129 3172 1193 τέλους.
3198 1149 3216 1182 ι
3235 1128 3301 1183 Τί
3331 1128 3512 1182 ταῦτα
3535 1128 3733 1196 λέγεις

2147 1221 2441 1290 Ἐπέγνων,
2478 1223 2661 1293 φησὶν,
2693 1222 2814 1275 ὅθεν
2840 1221 3216 1292 περιεσπάσθη
3248 1221 3347 1291 τῆς
3369 1219 3526 1290 ζωῆς
3558 1221 3595 1290 ή
3628 1222 3732 1273 ἁν-

2134 1311 2378 1384 θρωπίνη
2419 1313 2598 1382 φύσις,
2633 1315 2697 1366 ἐκ
2733 1312 2840 1367 τῶν
2867 1312 3025 1366 θείων
3054 1312 3381 1383 εὐεργεσιῶν
3411 1311 3518 1375 τὰς
3548 1298 3734 1382 άφορ-

2136 1405 2244 1472 μὰς
2262 1404 2521 1458 λαϐοῦσα.
2542 1406 2599 1458 ’0
2620 1407 2715 1476 μὲν
2735 1405 2843 1476 γὰρ
2870 1405 2956 1458 ἐπ’
2978 1405 3167 1475 ἀγαθῷ
3183 1404 3250 1457 τά
3272 1406 3447 1458 πάντα
3464 1404 3731 1475 ἐποίησε,

2133 1497 2228 1549 καὶ
2259 1495 2514 1567 λογισμὸν
2549 1496 2715 1549 ἔδωκε
2750 1498 2860 1559 τοῖς
2897 1494 3004 1548 τῶν
3037 1495 3208 1548 ὄντων
3257 1495 3558 1566 μετέχουσι
3617 1496 3740 1549 διας

2133 1588 2375 1660 κριτικὸν
2396 1586 2488 1640 τοῦ
2513 1586 2802 1657 βελτίονος,
2828 1586 2896 1638 δι’
2923 1577 2986 1638 οῦ
3007 1588 3040 1656 ἡ
3066 1585 3318 1656 εὐκαίρια
3344 1586 3445 1654 τῆς
3478 1586 3736 1640 ἑκάστου

2132 1679 2382 1750 χρήσεως
2414 1679 2812 1748 ὲπιγνωσθεῖσα
2851 1679 2949 1748 τὴν
2983 1677 3075 1731 τοῦ
3117 1677 3283 1730 καλοῦ
3319 1677 3582 1745 αίσθησιν
3615 1679 3737 1740 τοῖς

2133 1772 2494 1844 κεχρημένοις
2542 1772 2844 1842 χαρίζεται.
2909 1769 3127 1840 Ἐπειδὴ
3173 1769 3230 1822 δὲ
3279 1769 3579 1839 ἀπεσφάλη
3627 1770 3737 1838 τῆς

2130 1867 2295 1936 ὀρθῆς
2343 1867 2472 1937 περ)⁵
2521 1864 2630 1918 τῶν
2675 1865 2842 1918 ὄντων
2881 1865 3150 1936 κρίσεως,
3183 1861 3269 1915 διὰ
3299 1864 3549 1933 πονηρᾶς
3586 1879 3738 1931 συμο

2131 1960 2329 2030 ϐουλῆς
2383 1958 2764 2030 παρατραπεὶς
2812 1956 2908 2010 τοῦ
2953 1956 3295 2020 καθεστῶτος
3341 1955 3616 2026 λογισμοῦ
3647 1996 3663 2017 ,
3697 1958 3733 2023 ἡ

2131 2051 2417 2123 ὑπαλλαγὴ
2459 2051 2554 2104 τοῦ
2599 2049 2794 2120 καιροῦ
2832 2051 2892 2103 τὸ
2931 2049 3015 2118 ἐφ’
3049 2053 3280 2103 ἑκάστου
3329 2050 3612 2120 χρήσιμον
3647 2051 3734 2113 εἰς

2132 2147 2384 2200 ἐναντίαν
2409 2144 2605 2216 ἔτρεψε
2631 2145 2846 2214 πεῖραν.
2879 2142 3092 2212 Ὥσπερ
3123 2142 3174 2194 εἴ
3203 2158 3288 2205 τις
3312 2141 3405 2193 ἐπὶ
3437 2139 3734 2210 τραπέζης

2133 2237 2312 2288 πᾶσαν
2343 2235 2567 2305 προθεὶς
2596 2231 2951 2304 παρασκευὴν
2979 2230 3232 2300 εὐωχίας,
3269 2230 3362 2283 καὶ
3397 2229 3573 2299 σκεύη
3602 2230 3731 2280 τινὰ

2131 2329 2268 2400 πρὸς
2312 2329 2411 2398 τὴν
2454 2327 2554 2396 τῆς
2587 2326 2793 2397 τροφῆς
2840 2324 3131 2394 συνεργίαν
3172 2321 3495 2392 ἐπιτηδείως
3527 2321 3732 2391 ἔχοντα

2133 2419 2521 2491 συμπαραθείη
2544 2458 2558 2479 ,
2591 2413 2681 2472 οἷα
2706 2417 2770 2486 δὴ
2811 2413 2964 2487 παρὰ
2995 2415 3105 2467 τῶν
3140 2415 3207 2466 τὰ.
3238 2411 3464 2465 τοιαῦτα
3497 2411 3728 2481 φιλοτε-

2132 2512 2400 2582 χνούντων
2443 2507 2982 2570 κατασκευάζονται,
3013 2506 3046 2574 ἢ
3079 2502 3282 2566 λεπτάς
3332 2502 3619 2572 μαχαίρας
3657 2501 3730 2553 δι’

2131 2597 2206 2656 ὧν
2250 2604 2296 2656 oi
2325 2601 2643 2671 δαιτυμόνες
2682 2601 2894 2660 ἑαυτοῖς
2923 2614 2975 2649 τι
3009 2595 3346 2669 διαιροῦνται
3381 2593 3492 2646 τῶν
3525 2609 3729 2664 προτε-

2133 2694 2354 2757 θέντων,
2389 2694 2421 2763 ἢ
2453 2693 2552 2755 τὰς
2580 2691 2829 2763 ἀργυρᾶς
2851 2689 3104 2759 περόνας,
3145 2683 3232 2749 αἷς
3263 2689 3297 2757 ἡ
3329 2689 3727 2756 συμπεφυκυῖα

2133 2783 2273 2836 κατά
2313 2782 2373 2833 τὸ
2410 2781 2593 2852 ἕτερον
2633 2780 2796 2851 μέρος
2831 2778 3099 2847 κοιλότης,
3139 2777 3274 2846 πρὸς
3303 2776 3363 2829 τὸ
3409 2776 3566 2839 ἔθνος
3605 2780 3725 2829 ἐπι-

2131 2871 2355 2941 τηδείως
2382 2870 2522 2940 ἔχειν
2553 2870 2847 2939 πεποίηται
2873 2884 2884 2896 ·
2932 2867 3123 2920 ἔπειτά
3159 2883 3240 2930 τις
3265 2864 3374 2918 τῶν
3401 2865 3489 2917 ἐπ’
3515 2867 3724 2935 εὐωχίᾳ⁵

2133 2961 2590 3032 συγκεκλημένων
2656 2961 2970 3026 ὑπαλλάξας
3024 2959 3134 3011 τῶν
3178 2957 3564 3028 προκειμένων
3614 2958 3714 3027 τὴν

2132 3056 2349 3126 χρῆσιν,
2392 3054 2606 3124 ἑκάστῳ
2656 3053 2792 3124 πρὸς
2821 3052 2890 3106 τὰ
2929 3053 3001 3124 μὴ
3047 3053 3236 3107 δέοντα
3262 3050 3462 3122 χρῷτο,
3514 3051 3614 3103 καὶ
3645 3053 3714 3120 τῇ

446 3156 561 3202 lato
599 3163 701 3201 usu
740 3145 861 3215 ejus
893 3143 1039 3215 quod
1065 3152 1151 3198 est
1180 3145 1548 3213 propositum,
1600 3153 1846 3198 uteretur
1893 3158 2027 3198 uno—

2136 3145 2380 3217 μαχαίρᾳ
2413 3146 2533 3216 μὲν,
2573 3145 2606 3215 ἢ
2658 3144 2850 3197 ἑαυτὸν
2899 3145 2933 3215 ἥ
2974 3162 3095 3198 τινα
3130 3145 3238 3198 τῶν
3289 3143 3720 3214 παρακειμένων

444 3254 664 3309 quoque
693 3237 758 3292 ad
785 3254 850 3293 ea
881 3253 1002 3308 quae
1048 3252 1157 3291 non
1191 3237 1405 3301 decent,
1438 3244 1492 3290 et
1549 3237 1730 3306 gladio
1780 3235 2022 3306 quidem,

449 3332 527 3386 vel
555 3331 820 3400 selpsum,
855 3329 938 3384 vel
975 3329 1212 3398 aliquant
1247 3344 1314 3382 ex
1352 3329 1419 3382 iis
1472 3329 1564 3398 qui
1597 3342 1768 3398 prope
1803 3343 2028 3383 accum-

449 3424 604 3485 bunt,
642 3429 894 3476 secaret:
942 3419 1219 3475 cochleari
1261 3427 1444 3472 autem
1485 3419 1568 3474 vel
1625 3421 1890 3490 proximi,
1939 3420 2026 3475 vel

444 3529 605 3569 suum
635 3513 860 3567 oculum
887 3510 1544 3583 expungeretzdiceretur
1575 3512 1722 3581 quod
1759 3520 2025 3582 apparatu

445 3605 817 3660 convivatoris
852 3604 969 3672 ipse
992 3601 1060 3656 ad
1098 3601 1300 3655 malum
1335 3602 1542 3657 abusus
1574 3610 1678 3668 est,
1731 3618 1854 3658 cum
1908 3603 2026 3671 ipse

447 3697 664 3766 quidem
692 3696 784 3766 qui
815 3702 1174 3764 apparaverat
1201 3708 1427 3749 causam
1457 3709 1651 3749 eorum
1699 3710 1820 3764 qua:
1853 3709 2024 3749 even-

447 3801 570 3844 tura
600 3797 761 3842 erant
797 3803 905 3840 non
956 3785 1343 3856 disposuisset,
1411 3802 1595 3840 verum
1658 3787 1839 3841 malus
1889 3803 2023 3842 usus

446 3895 636 3936 eorum
670 3895 792 3949 qua:
820 3887 978 3931 erant
1004 3878 1276 3948 apposita,
1319 3878 1385 3930 ad
1416 3878 1522 3932 hoc
1550 3878 1752 3932 malum
1778 3879 2024 3934 deduxe-

447 3974 517 4027 rit
538 3989 662 4026 eum
687 3972 779 4042 qui
807 3971 1114 4025 inconsulte
1145 3985 1278 4025 usus
1295 3970 1462 4024 estiis
1493 3985 1612 4039 quae
1639 3977 1796 4025 erant
1827 3985 2024 4040 propo-

448 4066 574 4120 sita.
607 4063 703 4126 lta,
744 4064 942 4134 inquit,
975 4078 1076 4134 ego
1105 4077 1325 4132 quoque
1355 4062 1503 4125 novi,
1532 4064 1678 4132 quod
1710 4078 1739 4116 a
1765 4063 1872 4117 Deo
1901 4063 2024 4133 qui-

445 4155 567 4208 dem
602 4151 804 4206 factum
836 4161 916 4208 est
946 4151 1374 4220 unumquodque
1415 4151 1480 4204 ad
1521 4168 1683 4207 omne
1714 4154 1940 4214 bonum,
1974 4153 2021 4208 si

447 4246 502 4298 in
535 4252 800 4312 tempore,
833 4251 892 4296 ut
913 4243 1190 4306 convenit,
1220 4256 1286 4296 co
1314 4251 1534 4295 utamur
1559 4261 1570 4296 :
1595 4243 1810 4297 aversio
1840 4251 2021 4298 autem

445 4351 477 4388 a
506 4342 653 4388 recto
683 4335 750 4388 de
777 4333 844 4388 iis
866 4347 988 4403 qum
1020 4341 1168 4395 sunt,
1207 4332 1441 4402 judicio,
1492 4331 1720 4386 deduxit
1752 4334 1891 4388 bona
1955 4334 2022 4388 ad

446 4427 793 4481 occasionem
823 4425 1116 4488 malorum,
1148 4431 1208 4477 ut
1235 4425 1470 4493 exempli
1494 4440 1660 4479 causa
1685 4426 1829 4489 dico,
1862 4427 2022 4496 quid-

2132 3237 2320 3308 τέμοι,
2363 3241 2428 3308 τῇ
2475 3237 2532 3290 δὲ
2581 3238 2784 3308 περόνῃ
2817 3237 2906 3290 τὸν
2947 3235 3283 3306 ὀφθαλμὸνῆ
3340 3234 3434 3286 τοῦ
3467 3234 3639 3295 πέλας
3685 3234 3718 3303 ἢ

2132 3329 2223 3382 τὸν
2258 3328 2453 3382 ἑαυτοῦ
2475 3329 2853 3400 ὲκκεντήσειεν
2872 3347 2885 3360 ·
2917 3329 3062 3381 εἴποι
3100 3347 3182 3391 τις
3213 3327 3300 3394 ἂν,
3328 3329 3409 3380 ὅτι
3437 3329 3502 3397 τῇ
3538 3344 3721 3398 παρα-

2135 3423 2300 3491 σκευῇ
2333 3419 2426 3474 τοῦ
2457 3421 2768 3491 ἑστιάτορος
2796 3421 2825 3471 ὀ
2851 3420 3001 3471 δεῖνα
3035 3420 3116 3481 εἰς
3146 3417 3313 3470 κακὸν
3339 3417 3716 3487 ἀπεχρήσατο,

2131 3512 2293 3566 αὐτοῦ
2317 3512 2836 3584 παρασκευάσαντος
2862 3514 2962 3582 τὴν
2993 3512 3171 3564 αἰτίαν
3193 3511 3300 3563 τῶν
3329 3510 3718 3579 ἐκϐησομένων

2134 3601 2652 3672 προετοιμάσαντος,
2679 3601 2815 3654 ἀλλὰ
2845 3602 2945 3671 τῆς
2979 3601 3158 3670 κακῆς
3189 3601 3301 3652 τῶν
3342 3600 3718 3671 προτεθέντων

2131 3692 2380 3762 χρήσεως
2413 3693 2492 3755 είς
2519 3692 2677 3746 τοῦτο
2704 3692 2764 3745 τὸ
2789 3692 2962 3755 πάθος
2989 3691 3413 3763 προαγαγούσης
3437 3692 3530 3743 τὸν
3556 3692 3717 3744 d605-

2130 3783 2237 3847 λως
2266 3787 2378 3848 τοῖς
2421 3785 2803 3855 προκειμένοις
2845 3787 3222 3856 χρησάμενονδ
3273 3783 3479 3846 οὕτως,
3528 3784 3712 3854 φησὶν,

2131 3871 2183 3940 ἔγ
2197 3889 2303 3925 νων
2327 3873 2421 3927 καὶ
2459 3871 2591 3940 ἐγὼ,
2626 3873 2706 3924 ὅτι
2742 3875 2896 3942 παρὰ
2923 3871 3017 3925 τοῦ
3055 3870 3191 3924 Θεοῦ
3225 3871 3421 3939 γέγονε
3452 3871 3553 3940 μὲν
3587 3873 3721 3923 ἔκαε

2132 3980 2258 4016 στον
2290 3964 2384 4016 ἐπὶ
2412 3964 2574 4016 παντὶ
2599 3963 2677 4035 τῷ
2709 3963 2936 4033 βελτίονι
2954 4003 2969 4027 ,
3003 3965 3161 4034 εἰπερ
3186 3966 3244 4016 ἐν
3272 3963 3452 4034 καιρῷ
3486 3963 3630 4016 κατὰ
3656 3964 3720 4015 τὸ

2130 4057 2406 4128 προσῆκον
2453 4055 2686 4110 ἑκάστου
2717 4055 2924 4124 γένοιτο
2955 4057 3168 4128 χρῆσις·
3214 4059 3246 4126 ὴ
3293 4057 3349 4109 δὲ
3385 4058 3717 4128 παρατροπὴ

2130 4149 2229 4218 τῆς
2249 4147 2414 4219 ὀρθῆς
2444 4149 2574 4219 περὶ
2600 4147 2709 4200 τῶν
2742 4148 2910 4201 ὄντων
2957 4149 3191 4219 κρίσεως
3224 4151 3302 4211 εἰς
3332 4149 3593 4219 ἀφορμὴν
3622 4167 3720 4202 κα-

2132 4241 2244 4294 κῶν
2272 4239 2340 4292 τά
2371 4240 2550 4308 ἀγαθὰ
2590 4239 2927 4310 περιήγαγεν
2947 4256 2960 4269 ·
2995 4232 3106 4291 οἷόν
3133 4256 3186 4291 τι
3217 4238 3390 4306 λέγω·
3420 4239 3487 4291 Τί
3515 4239 3718 4306 γλυκύ-

2130 4346 2287 4401 τερον
2313 4331 2411 4398 τῆς
2439 4329 2548 4380 τῶν
2575 4327 2869 4398 ὀφθαλμῶν
2900 4328 3213 4398 ὲνεργείαςς
3259 4327 3397 4380 Ἀλλ’
3437 4329 3570 4380 ὅταν
3598 4330 3717 4398 ὄψις

2130 4422 2376 4476 παθοῦσα
2393 4422 2672 4492 ὑπηρέτης
2694 4421 2904 4490 γίνεται
2927 4424 3037 4484 τοῖς
3058 4421 3340 4484 τοιούτοις,
3361 4421 3424 4474 τὸ
3455 4423 3541 4474 ἐπ’
3569 4424 3717 4493 εὐερ-

446 4534 572 4572 nam
641 4525 727 4572 est
781 4516 1082 4586 jucundius
1148 4516 1432 4570 oculorum
1499 4517 1858 4586 operatione?
1914 4518 2021 4574 Sed

2130 4515 2289 4586 γεσίᾳ
2314 4515 2604 4585 γενόμενον
2620 4515 2790 4568 αἴτιον
2817 4514 3002 4568 κακῶν
3028 4513 3356 4583 γεγενῆσθαι
3378 4513 3553 4582 λέγει·
3579 4516 3714 4587 ὅπερ

445 4611 668 4681 quando
699 4611 840 4665 male
873 4609 1098 4666 aﬂ'ectus
1135 4611 1286 4664 visus
1320 4617 1406 4663 est
1469 4609 1798 4666 administer
1830 4627 2021 4667 eorum

446 4716 567 4770 quae
597 4707 728 4754 sunt
773 4700 1065 4769 ejusmodi,
1109 4700 1239 4755 dicit
1269 4701 1321 4754 id
1365 4700 1512 4769 quod
1562 4701 1768 4757 factum
1803 4703 1908 4758 fuit
1955 4706 2025 4761 ad

446 4791 794 4854 beneficium,
830 4790 999 4846 fuisse
1033 4806 1255 4846 causam
1293 4793 1596 4846 malorum:
1625 4795 1770 4864 quod
1803 4795 2023 4865 quidem

446 4885 578 4938 nihil
604 4892 688 4939 est
714 4884 881 4946 aliud,
917 4899 1080 4954 quam
1111 4884 1256 4953 quod
1314 4885 1458 4940 bono
1491 4887 1632 4940 male
1679 4896 1838 4942 utens
1871 4887 2026 4956 quis-

446 4977 612 5046 piam,
649 4976 828 5030 elTecit
862 4983 922 5029 ut
962 4991 1094 5030 usus
1146 4982 1295 5030 esset
1327 4977 1541 5032 vitium.
1602 4977 1676 5030 Ita
1716 4978 1881 5032 etiam
1917 4979 2025 5032 alia

447 5066 631 5119 omnia
659 5081 780 5134 qua:
809 5079 838 5116 a
874 5063 982 5119 Deo
1010 5064 1172 5119 habet
1205 5073 1422 5130 natura,
1460 5066 1562 5121 sita
1599 5077 1726 5122 sunt
1755 5069 1810 5122 in
1856 5068 2026 5122 libera

446 5155 718 5211 electione
764 5170 956 5210 eorum
1001 5155 1092 5224 qui
1141 5163 1392 5222 utuntur,
1429 5165 1488 5211 ut
1527 5159 1622 5212 ﬁat
1681 5161 1912 5214 materia
1940 5161 2025 5215 vel

449 5247 714 5302 bonorum
745 5245 828 5303 vel
873 5248 1165 5302 malorum.
1225 5247 1590 5314 Quamobrem
1634 5253 2025 5314 dicit¢0mnia

449 5356 571 5408 quae
595 5339 723 5395 fecit
750 5339 892 5395 bona
930 5340 985 5394 in
1016 5348 1265 5410 tempore
1325 5357 1448 5397 suo.
1475 5341 1815 5408 tQuinetiam
1849 5360 2024 5400 aevum

449 5433 599 5487 dedit
627 5434 684 5488 in
739 5433 904 5490 corde
959 5433 1224 5503 ipsorum.
1267 5432 1467 5488 [Evum
1525 5444 1707 5490 autem
1765 5452 1888 5491 cum
1953 5439 2027 5492 sit

449 5521 723 5589 quoddam
753 5524 958 5578 mentis
982 5526 1289 5593 cogitatum
1317 5525 1508 5594 spatiis
1534 5532 1589 5581 et
1618 5526 1919 5581 intervallis
1949 5527 2029 5581 di-

451 5628 722 5676 mensum,
755 5614 1026 5685 signiﬁcat
1055 5630 1273 5670 omnem
1303 5615 1425 5683 ejus
1459 5625 1769 5670 creaturam
1801 5633 1922 5687 qua-
1972 5619 2026 5672 in

453 5704 572 5772 ipso
603 5704 785 5760 fuerit.
821 5704 898 5759 Ex
937 5721 1003 5761 eo
1034 5723 1162 5777 ergo
1208 5709 1352 5778 quod
1404 5709 1669 5772 continet,
1705 5711 2024 5764 universum

451 5792 597 5863 quod
630 5794 685 5848 in
709 5810 773 5850 eo
801 5797 1130 5862 continetur,
1158 5798 1395 5854 ostendit
1422 5800 1618 5855 oratio.
1643 5798 1838 5856 Omnia
1873 5814 2022 5872 ergo,

2126 4608 2254 4663 ἄλλο
2279 4607 2432 4660 οὐδέν
2461 4609 2631 4670 ἐστιν,
2673 4608 2709 4680 ἢ
2756 4609 2836 4661 ὅτι
2871 4606 3058 4670 κακῶς
3093 4607 3173 4678 τῷ
3208 4606 3358 4676 καλῷ
3390 4625 3477 4670 τις
3505 4611 3714 4679 χρησά-

2129 4720 2324 4774 μενος,
2374 4702 2546 4766 πάθος
2576 4703 2676 4774 τὴν
2729 4703 2923 4774 χρῆσιν
2975 4702 3248 4772 ἐποίησεν.
3297 4701 3457 4754 Οῦτω
3507 4704 3599 4755 καί
3649 4703 3712 4756 τὰ

2125 4792 2261 4846 ἄλλα
2287 4793 2464 4846 πάντα
2491 4793 2592 4846 ὅσα
2630 4792 2783 4864 παρὰ
2814 4792 2904 4845 τοῦ
2935 4791 3070 4844 Θεοῦ
3108 4792 3220 4862 ἔχει
3247 4794 3280 4862 ή
3330 4791 3514 4859 φύσις,
3550 4795 3607 4846 ὲν
3647 4797 3710 4864 τῇ

2130 4886 2445 4958 προαιρέσει
2465 4885 2574 4938 τῶν
2603 4885 2962 4956 κεχρημένων
2993 4885 3237 4955 κεῖται,ἢ
3261 4884 3444 4939 καλῶν
3467 4886 3499 4956 ἦ
3531 4887 3711 4940 κακῶν

2129 4976 2230 5046 ὕλη
2267 4977 2542 5046 γενέσθαι.
2581 4977 2672 5029 Διό
2706 4993 2871 5047 φησι·
2910 4995 2928 5027 ι
2956 4976 3039 5030 Τά
3088 4977 3382 5047 σύμπαντα
3418 4977 3458 5031 ἃ
3492 4979 3709 5047 ἐποίησε

2126 5067 2267 5119 καλὰ
2295 5068 2352 5119 ὲν
2376 5064 2554 5137 καιρῷ
2597 5066 2785 5120 αὑτοῦ.
2813 5086 2832 5118 ι
2868 5066 2977 5121 Καί
3005 5085 3069 5135 γε
3095 5067 3185 5121 τὸν
3220 5068 3393 5122 αἰῶνα
3422 5068 3625 5122 ἔδωκεν
3656 5071 3710 5120 ἐν

2128 5158 2325 5229 καρδίᾳ
2351 5157 2549 5210 αὐτῶν.
2594 5158 2653 5210 '0
2678 5157 2735 5210 δὲ
2781 5157 2915 5212 αἰὼν
2963 5158 3395 5230 διαστηματικόν
3440 5176 3495 5212 τι
3538 5162 3710 5231 νόημα

2126 5249 2206 5312 ὃν,
2261 5251 2441 5304 πᾶσαν
2472 5248 2637 5302 αὐτοῦ
2677 5251 2933 5320 σημαίνει
2965 5251 3066 5322 τὴν
3097 5252 3272 5305 κτίσιν
3321 5253 3421 5322 τὴν
3478 5254 3536 5304 ὲν
3569 5253 3709 5323 αὐτῷ

2128 5341 2446 5412 γενομένην.
2481 5341 2690 5394 Οὐκοῦν
2727 5343 2793 5395 ἐκ
2828 5343 2924 5396 τοῦ
2956 5345 3302 5415 περιέχοντος
3353 5345 3504 5398 ἅπαν
3532 5345 3596 5398 τό
3617 5349 3709 5415 ἐμ-

2128 5435 2512 5506 περιεχόμενον
2541 5434 2812 5489 δείκνυσιν
2834 5438 2862 5489 ὁ
2895 5437 3073 5505 λόγος.
3101 5437 3284 5490 Πάντα
3314 5434 3408 5491 οὖν
3435 5439 3538 5492 ὅσα
3564 5441 3620 5492 ἐν

2128 5525 2284 5580 αἰῶνι
2306 5525 2547 5594 γέγονεν,
2570 5525 2736 5578 ἔδωκε
2760 5531 2825 5598 τῇ
2852 5527 3164 5600 ἀνθρωπίνῃ
3194 5528 3395 5601 καρδίᾳ
3417 5530 3505 5583 ἐπ’
3530 5531 3708 5600 ἀγαθῷ

2127 5620 2156 5670 ό
2181 5618 2310 5680 Θεὸς
2331 5658 2345 5682 ,
2378 5617 2518 5670 ὥστε
2551 5618 2639 5671 διὰ
2669 5619 2932 5690 μεγέθους
2965 5621 3059 5674 καὶ
3100 5620 3367 5691 καλλονῆς
3395 5624 3705 5692 κτισμάτων

2128 5709 2454 5780 ἀναθεωρεῖν
2493 5710 2561 5762 δι’
2601 5711 2780 5764 αὐτῶν
2832 5712 2926 5765 τὸν
2958 5713 3280 5783 ποιήσαντα.
3315 5715 3379 5767 Οἱ
3425 5715 3484 5767 δὲ
3528 5715 3593 5768 δι’
3637 5709 3704 5769 ῶν

2130 5803 2468 5873 εὐηργετήθη
2479 5819 2598 5871 σαν,
2625 5803 2710 5857 διὰ
2735 5804 2941 5860 τούτων
2963 5805 3334 5878 ἐϐλάφθησαν,
3366 5807 3447 5879 τῷ
3476 5810 3552 5882 μὴ
3576 5808 3704 5862 κατὰ
