3846 6220
179 315 292 373 753

1214 327 1284 383 ΙΝ
1320 331 1852 393 ECCLESIASTEN.
1895 337 2183 396 HOMILIA
2223 341 2355 398 Vlll.

3341 349 3446 406 754

172 438 241 487 τὸ
255 435 384 528 δέον
401 433 614 528 ἐξάστῳ
637 439 728 493 καὶ
751 439 963 511 πρὺςξτδ
983 442 1295 500 λυσιτελοῦν
1317 449 1742 522 ἀποχρήσασθαι.

1861 473 1981 528 quae
2006 461 2061 515 in
2103 476 2220 516 τενο
2251 461 2394 516 facta
2440 468 2592 524 sunt.
2625 461 2778 518 dedit
2809 461 2952 521 Deus
3016 465 3169 521 cordi
3201 466 3443 524 humano

172 523 282 577 Διά
295 522 452 617 τοῦτό
472 543 656 598 φησιν’
679 548 696 581 ι
712 531 898 596 Ὅπως
925 535 998 603 μὴ
1020 534 1154 608 εὕρῃ
1172 538 1457 610 ἄνθρωπος
1478 544 1536 596 τὸ
1559 547 1767 617 ποίημα

172 617 206 666 ὁ
237 615 495 707 ἐποίησεν
525 620 554 671 ό
596 619 728 683 Θεὸς
773 622 866 674 ἐπ)¹
908 624 984 695 τῷ
1021 627 1120 697 τῆς
1165 628 1433 698 ὠφελείας
1473 615 1767 707 σκοπῷξέν

176 706 317 757 πᾶσι
349 709 460 770 τοῖς
488 710 767 777 γεγονόσιν
807 713 900 766 ἀπ’
935 715 1110 787 ἀρχῆς
1142 717 1244 795 τῆς
1275 722 1505 787 κτίσεως
1545 706 1640 778 καῖ
1666 727 1765 796 μέ-

178 811 272 867 χρι
303 797 405 867 τῆς
448 799 542 852 τοῦ
571 803 772 866 παντὸς
811 807 1283 878 συμπληρώσεως,
1313 813 1526 878 οὐδενὸς
1560 817 1618 869 ἐν
1652 821 1764 882 τοῖς

173 886 332 942 οὖσιν
362 891 513 955 ὄντος
540 894 733 948 κακοῦ.
769 915 786 946 ι
831 898 966 951 Οὐδὲ
996 899 1104 970 γὰρ
1137 900 1249 972 ἔχει
1279 905 1439 972 φύσιν
1465 906 1525 973 ἐξ
1550 908 1755 976 ἀγαθοῦ

172 977 348 1031 κακόν
383 997 436 1034 τι
464 980 650 1050 φῦναι,
679 985 742 1037 Εἰ
774 985 830 1038 δὲ
859 987 1062 1055 ἀγαθὸς
1087 991 1115 1042 ὁ
1141 990 1250 1045 τῶν
1275 994 1532 1050 ἁπάντων
1560 999 1753 1068 αἴτιος,

167 1072 361 1214 ἔγαθά
413 1076 629 1142 πάντως
671 1079 773 1133 ὅσα
807 1081 871 1134 ἐκ
915 1081 1008 1135 τοῦ
1054 1084 1259 1153 ἀγαθοῦ
1307 1088 1406 1160 τὴν
1455 1091 1754 1149 ὑπόστασιν

207 1180 309 1214 γει.

203 1180 309 1232 χει.

1867 549 1936 602 ad
1973 551 2200 615 bonum,
2226 561 2286 605 ut
2315 566 2412 620 per
2441 552 2871 623 magnitudinem
2893 561 2949 608 et
2981 552 3440 624 pulchritudinem

1864 652 2262 709 creaturarum,
2296 658 2394 714 per
2423 643 2569 714 ipsa:
2595 645 3030 714 contemplemur
3060 661 3186 700 eum
3233 649 3328 716 qui
3364 647 3444 704 fe-

1861 733 1957 788 cit.
1999 734 2080 788 llli
2112 745 2292 790 autem
2329 751 2426 805 per
2454 750 2518 790 ea
2578 751 2700 804 quae
2756 743 3082 806 acceperant
3133 738 3397 793 beneﬁcia
3423 779 3439 804 ,

1863 824 1976 880 laesi
2004 834 2156 890 sunt,
2186 841 2252 881 eo
2286 827 2431 898 quod
2461 842 2570 881 non
2603 842 2938 897 unoquoque
2962 836 3023 882 ut
3052 836 3266 899 oportet
3295 837 3350 885 et
3373 831 3441 885 ad

1864 914 2154 972 utilitatem
2195 919 2281 974 usi
2318 925 2467 973 sunt.
2513 917 2580 971 Et
2624 917 2749 974 ideo
2776 918 2911 974 dicit
2944 937 2957 972 :
2995 937 3015 970 σ
3068 918 3147 974 Ne
3198 920 3444 975 inveniat

1864 1006 2027 1062 homo
2054 1022 2192 1079 opus
2225 1008 2371 1079 quod
2419 1008 2718 1065 fecitDeus
2772 1009 2840 1064 ad
2890 1023 3115 1080 scopum
3163 1010 3439 1074 utilitatis,

1861 1095 1920 1150 in
1945 1097 2201 1153 omnibus
2223 1113 2346 1168 quae
2377 1097 2522 1152 facta
2560 1106 2688 1153 sunt
2721 1097 2790 1152 ab
2828 1097 2985 1153 initio
3022 1099 3339 1163 creationis.
3386 1109 3442 1154 et

1861 1202 2038 1256 usque
2081 1186 2148 1242 ad
2191 1189 2433 1245 universi
2479 1190 3050 1245 consummationem:
3085 1207 3209 1246 cum
3262 1193 3317 1247 in
3370 1191 3439 1248 iis

167 1271 297 1352 qua:
319 1264 466 1318 sunt,
532 1259 668 1314 nihil
705 1262 776 1316 sit
805 1264 954 1317 mali.
991 1283 1010 1317 ι
1079 1265 1266 1337 Neque
1292 1269 1439 1325 enim
1468 1281 1553 1329 est
1582 1273 1685 1331 hoc
1720 1280 1990 1344 naturale,
2019 1289 2079 1335 ut
2105 1295 2175 1336 ex
2208 1280 2357 1336 bono
2389 1281 2592 1352 aliquid
2617 1281 2746 1335 mali
2808 1291 3089 1340 nascatur.
3153 1283 3212 1338 Si
3254 1291 3437 1338 autem

164 1351 353 1449 bonus
381 1360 467 1449 est
527 1356 619 1425 qui
655 1372 838 1414 rerum
907 1363 1150 1416 omnium
1177 1375 1262 1419 est
1292 1376 1484 1423 auctor
1533 1377 1588 1426 et
1617 1373 1808 1442 causa,
1848 1375 1992 1431 bona
2058 1378 2283 1432 omnino
2350 1386 2479 1433 sunt
2515 1393 2876 1449 quaecumque
2913 1395 2980 1434 ex
3028 1380 3179 1438 bono
3233 1382 3437 1436 habent

165 1439 554 1501 substantiam.

242 1533 395 1604 Εἶτα,
428 1541 692 1610 «Ἔγνων,
719 1563 738 1597 ›
767 1547 950 1616 φησὶν,
982 1567 1001 1600 ι
1024 1549 1107 1603 ὅτι
1142 1551 1244 1606 οὐκ
1270 1552 1416 1608 ἔστιν
1447 1557 1652 1626 ἀγαθὸν
1691 1562 1742 1614 ἐν

1923 1557 2154 1624 Deinde,
2186 1555 2273 1612 12.
2316 1575 2334 1610 ι
2381 1554 2542 1622 Novi,
2581 1575 2600 1608 ι
2665 1558 2884 1628 inquit,
2940 1575 2960 1609 ι
3013 1558 3160 1628 quod
3205 1574 3316 1614 non
3353 1571 3438 1616 est

161 1628 375 1717 αὐτοῖς,
392 1632 452 1717 εἰ,
473 1632 548 1704 μὴ
571 1635 632 1688 τὸ
649 1637 1042 1710 εὐφρανθῆναι,
1058 1643 1149 1696 καὶ
1171 1644 1234 1698 τὸ
1260 1650 1436 1700 ποιεῖν
1461 1650 1666 1717 ἀγαθὸν
1694 1654 1752 1706 ἐν

161 1716 284 1814 sum
303 1716 490 1814 αὐτοῦ.
504 1738 523 1772 ι
544 1721 1085 1795 Ἀνακεφαλαιοῦνται
1099 1733 1176 1806 τῷ
1204 1735 1348 1807 λόγῳ
1367 1738 1437 1792 τὰ
1465 1741 1584 1814 είρη
1593 1742 1749 1812 μένα.

161 1809 370 1903 Εἰᾷγάρ
391 1815 450 1867 ἐν
477 1816 652 1888 καιρῷ
680 1818 788 1872 τῶν
835 1821 994 1878 θείων
1031 1829 1355 1898 ποιημάτων
1389 1831 1422 1900 ἡ
1467 1809 1663 1903 χρῆσις
1689 1835 1752 1888 τὸ

159 1901 335 2001 ἰταλὸν
363 1905 544 2001 Δόρίςει
583 1912 648 1980 τῇ
679 1911 994 1989 ἀνθρωπίνῃ
1036 1918 1169 1990 ζωῇ,
1199 1919 1257 1973 ἐν
1279 1920 1346 1975 ἂν
1373 1901 1473 1994 εῐη
1492 1901 1684 1992 iam,
1714 1929 1748 2001 ἡ

158 1989 423 2064 διηνεκὴς
460 1995 555 2050 ἐπὶ
587 2002 699 2062 τοῖς
738 2001 922 2067 καλοῖς
979 1989 1310 2080 εὐφροσύνη,
1364 1989 1488 2081 ἥτις
1531 2013 1598 2068 ἐκ

158 2083 391 2178 ἀγαθῶν
423 2085 600 2160 ἔργων
627 2095 902 2159 γεννᾶται.
946 2097 1010 2149 Ἡ
1040 2097 1146 2170 γὰρ
1180 2099 1288 2152 τῶν
1321 2103 1552 2158 ἐντολῶν
1578 2106 1748 2178 ἐργα-

160 2173 281 2237 σία,
320 2175 415 2229 νῦν
453 2180 551 2249 μὲν
585 2181 675 2235 διὰ
698 2184 795 2254 τῆς
832 2185 1044 2252 ἐλπίδος
1077 2191 1358 2262 εὐφραίνει
1387 2195 1477 2249 τὸν
1514 2173 1624 2251 τῶν
1649 2173 1750 2252 ica.-

157 2267 274 2322 λῶν
305 2274 701 2344 προϊστάμενον
743 2276 939 2348 ἔργων·
969 2282 1106 2351 μετὰ
1147 2285 1315 2339 ταῦτα
1348 2287 1403 2340 δὲ
1448 2291 1749 2348 ἀπόλαυσιν

155 2361 273 2456 των
299 2362 522 2456 ἀγαθῶν
559 2365 786 2423 ἐλπίδων
812 2369 1102 2444 δεξαμένη,
1138 2374 1266 2430 ἴδιον
1294 2380 1408 2442 τοῖς
1444 2380 1615 2446 ἀξίοις
1647 2385 1746 2456 τὴν

157 2452 513 2526 εὐφροσύνην
541 2459 882 2531 προτίθησιν,
929 2464 1017 2518 ὅτε
1047 2468 1211 2537 φησὶν
1239 2469 1268 2520 ὁ
1309 2471 1511 2540 Κύριος
1542 2477 1656 2540 τοῖς
1684 2452 1747 2530 τὸ

152 2544 370 2613 ἀγαθὸν
401 2549 775 2620 πεποιηκόσιν,
795 2553 876 2607 ὅτι
905 2556 1186 2621 «Δεῦτε,οί
1217 2561 1596 2634 εὐλογημένοι,
1614 2568 1748 2640 κλη-

155 2640 501 2708 ρονομήσατε
537 2641 633 2714 τὴν
662 2644 1069 2719 ἡτοιμασμένην
1098 2651 1227 2722 ὑμῖν
1261 2655 1558 2726 βασιλείαν.
1583 2681 1602 2714 ι
1635 2664 1744 2718 Καὶ

150 2732 301 2803 ὅπερ
347 2735 557 2807 ἐστὶ.νὴ
593 2736 795 2808 βρῶσις
823 2741 915 2794 καὶ
955 2743 1114 2807 πόσις
1159 2746 1238 2816 τῷ
1285 2749 1520 2822 σώματι,
1558 2754 1623 2809 δι’
1665 2751 1743 2810 ὧν

153 2831 511 2921 συντηρεῖται
542 2832 574 2900 ἡ
603 2830 784 2900 φύσις,
821 2835 983 2889 τοῦτὸ
1013 2839 1130 2893 ἐστι
1159 2845 1224 2913 τῇ
1252 2844 1398 2918 ψυχῇ
1423 2847 1485 2901 τὸ
1513 2849 1649 2921 πρὸς
1680 2851 1744 2906 τὸ

1854 1651 1912 1707 in
1935 1651 2071 1721 ipsis
2095 1651 2322 1715 bonum,
2349 1650 2456 1706 nisi
2481 1650 2676 1717 laetari,
2699 1661 2753 1704 et
2790 1648 2969 1706 facere
2999 1651 3204 1706 bonum
3239 1653 3293 1708 in
3324 1655 3435 1709 vita

1853 1759 1974 1801 sua.
2008 1763 2026 1796 ι
2047 1741 2143 1798 His
2163 1742 2344 1798 verbis
2367 1741 2424 1796 in
2452 1756 2723 1796 summam
2748 1741 2953 1812 colligit
2977 1757 3099 1812 quae
3117 1743 3264 1798 dicta
3281 1756 3430 1800 sunt.

1853 1834 1912 1890 Si
1952 1834 2100 1890 enim
2136 1832 2449 1887 divinorum
2488 1845 2717 1901 operum
2751 1845 2889 1886 usus
2922 1831 2978 1886 in
3014 1841 3262 1902 tempore
3295 1832 3432 1888 deﬁ-

1851 1929 1935 1985 nit
1979 1928 2186 1983 bonum
2241 1925 2498 1981 humanae
2544 1926 2690 1992 vitae,
2749 1940 2917 1979 unum
2978 1924 3146 1980 fuerit
3200 1926 3428 1993 bonum,

1849 2034 2046 2090 nempe
2078 2025 2347 2089 perpetua
2383 2017 2440 2071 in
2470 2017 2638 2073 rebus
2668 2016 2828 2072 bonis
2855 2027 2909 2072 et
2943 2016 3191 2073 honestis
3218 2018 3429 2087 laetitia,

1848 2127 1974 2184 quae
1997 2110 2252 2167 nascitur
2282 2126 2350 2167 ex
2375 2110 2536 2166 bonis
2565 2111 2845 2181 operibus.
2877 2109 3258 2167 Mandatorum
3280 2114 3430 2168 enim

1850 2204 2189 2266 observatio,
2237 2219 2386 2258 nunc
2422 2204 2646 2274 quidem
2684 2219 2784 2275 per
2834 2219 2986 2274 spem
3031 2205 3217 2259 laetitia
3264 2205 3432 2261 allicit

1847 2313 1974 2354 eum
2020 2297 2116 2366 qui
2170 2295 2314 2350 bona
2352 2295 2485 2350 facit
2536 2310 2746 2367 opera:
2799 2305 2988 2366 postea
3035 2303 3216 2351 autem
3270 2297 3433 2353 bona

1847 2391 1967 2461 spei
2028 2389 2214 2445 fructu
2265 2397 2512 2460 accepto,
2569 2389 2830 2459 proponit
2881 2390 3161 2460 propriam
3209 2390 3276 2446 iis
3330 2392 3430 2460 qui

1846 2484 2001 2556 digni
2032 2492 2165 2539 sunt
2190 2482 2464 2547 laetitiam,
2495 2482 2719 2552 quando
2753 2481 2889 2536 dicit
2917 2481 3185 2538 Dominus
3225 2484 3295 2539 iis
3326 2483 3425 2553 qui

1843 2577 2052 2631 bonum
2096 2573 2395 2630 fecerunt:
2437 2592 2455 2626 ι
2493 2572 2713 2640 Venite,
2758 2573 3031 2629 benedicti
3075 2573 3260 2630 Patris
3295 2575 3424 2640 mei,

1843 2669 2126 2740 possidete
2157 2673 2411 2737 paratum
2441 2665 2596 2721 vobis
2621 2679 2852 2736 regnum
2882 2665 2948 2720 ".
2990 2685 3010 2718 ι
3054 2665 3120 2720 Ει
3157 2668 3304 2736 quod
3341 2675 3429 2723 est

1843 2760 2003 2814 cibus
2039 2767 2093 2812 et
2126 2767 2290 2828 potus
2325 2756 2567 2826 corpori,
2618 2770 2716 2825 per
2759 2770 2882 2825 quae
2926 2764 3288 2812 conservatur
3325 2772 3426 2811 na-

1841 2859 1990 2918 tura,
2023 2850 2128 2904 hoc
2159 2855 2245 2905 est
2274 2849 2471 2903 anima:
2495 2847 2559 2902 ad
2600 2846 2804 2901 bonum
2837 2847 3106 2917 aspicere,
3133 2856 3187 2901 et
3213 2848 3316 2904 hoc
3339 2858 3428 2904 est

149 2920 370 2988 ἀγαθὸν
397 2921 634 2992 βλέπειν,
659 2927 754 2979 καὶ
772 2927 930 2982 τοῦτο
951 2931 1026 2996 ὡς
1049 2933 1265 3005 ἀληθῶς
1294 2938 1435 3010 δόμα
1457 2920 1572 2995 ἐστὶ
1593 2943 1729 2998 Θεοῦ

1847 2965 1964 3006 vere
1993 2948 2199 3004 donum
2227 2945 2346 3009 Dei,
2395 2945 2451 3000 in
2494 2942 2665 3000 Deum
2714 2942 2927 2998 deﬁxos
2970 2942 3177 2998 habere
3205 2943 3424 2998 oculos.

145 3011 219 3066 τὺ
262 3013 588 3079 ἐνατενίζειν
616 3016 755 3088 Θεῷ.
797 3020 968 3074 Τοῦτο
1012 3023 1122 3097 γάρ
1154 3029 1270 3081 ἐστι
1312 3031 1374 3084 τὸ
1398 3032 1590 3104 ὄνομα,
1624 3036 1653 3088 ὃ
1682 3040 1740 3090 ἐν

143 3106 270 3199 τοῖς
297 3105 496 3176 ἐφεξῆς
523 3109 810 3180 εἰρημένον
835 3113 1431 3195 διερμηνεύεται.Ἐχει
1457 3125 1513 3180 δὲ
1534 3130 1568 3199 ἡ
1598 3129 1741 3197 λέξις

141 3193 334 3259 οὕτως
357 3213 372 3227 ο
418 3217 437 3248 ι
468 3200 576 3253 Καί
597 3218 660 3270 γε
689 3204 797 3267 πᾶς
821 3205 1104 3278 ἄνθρωπος
1127 3211 1185 3277 ὃς
1208 3193 1462 3285 φάγεται,
1487 3193 1582 3274 καὶ
1622 3193 1742 3276 πίεέ

139 3471 336 3566 κιὶἧης
364 3474 420 3566 ἐν
444 3475 521 3546 τῷ
551 3483 745 3548 φαγεῖν
786 3484 881 3536 καὶ
913 3489 1057 3540 πιεῖν
1080 3488 1178 3560 τὴν
1213 3492 1368 3562 ἰσχὺν
1397 3471 1530 3566 ἔχει,
1560 3471 1733 3564 οὕτως

137 3566 174 3660 ε
202 3563 347 3660 προς
364 3565 426 3660 τι
446 3568 649 3660 ἀγαθὸν
675 3571 888 3640 βλέπων
929 3576 1154 3646 (ἀγαθὸν
1172 3581 1228 3636 δὲ
1247 3563 1497 3655 ἀληθινόν
1521 3589 1551 3642 ὁ
1574 3591 1732 3660 μόνος

136 3653 362 3751 ἀγαθὸς
387 3655 454 3751 ἀν
482 3658 600 3751 εἴη)
645 3662 786 3732 δόμα
816 3665 951 3719 Θεοῦ
984 3668 1098 3739 ἔχει
1137 3673 1196 3725 ἐν
1226 3653 1391 3729 παντὶ
1419 3653 1605 3751 μόχθῲ
1630 3653 1728 3735 αὐέ

134 3744 269 3809 τοῦ,
302 3745 435 3800 αὐτὸ
473 3749 629 3804 τοῦτο
655 3752 718 3805 τὸ
744 3756 880 3825 πρὸς
923 3759 981 3810 τὸ
1013 3760 1216 3829 ἀγαθὸν
1238 3765 1324 3818 ἀεὶ
1349 3744 1588 3836 βλέπε-ιν..
1632 3772 1732 3826 Διά

134 3837 246 3892 τοῦ
278 3839 482 3909 Κυρίου
515 3844 669 3913 ἡμῶν
717 3847 890 3918 Ἰησοῦ
927 3851 1164 3921 Χριστοῦ
1188 3870 1204 3884 ·
1225 3851 1270 3924 ᾧ
1306 3859 1340 3928 ἡ
1367 3859 1495 3925 δόξα
1536 3861 1632 3918 καὶ
1668 3865 1732 3918 τὸ

134 3929 354 3998 κράτος
383 3932 464 3995 εἰς
497 3935 624 3998 τοὺς
648 3935 850 4003 αἰῶνας
877 3939 986 3996 τῶν
1014 3942 1244 4002 αἰώνων.
1289 3949 1483 4021 Ἀμήν.
1581 3985 1583 3988 ‹

219 4089 268 4122 ⁴¹
312 4089 506 4146 Hatth.
547 4111 673 4162 xxv,
703 4097 797 4157 54.

1835 3040 1953 3095 Hoc
1989 3047 2074 3095 est
2116 3038 2263 3094 enim
2306 3050 2527 3098 nomen,
2569 3033 2718 3104 quod
2769 3033 2828 3087 in
2883 3032 2953 3089 iis
2989 3049 3111 3104 quae
3159 3033 3428 3104 deinceps

1836 3134 1983 3190 dicta
2003 3138 2134 3187 sunt
2153 3130 2569 3200 interpretatur.
2592 3127 2675 3180 lta
2701 3133 2886 3180 autem
2910 3125 3076 3182 habet
3098 3134 3424 3184 contextus:

1839 3226 1929 3280 l3.
1989 3243 2006 3276 ι
2039 3220 2354 3288 Quinetiam
2399 3218 2582 3274 omnis
2627 3217 2795 3273 homo
2838 3217 2934 3288 qui
2986 3217 3312 3286 comederit,
3367 3225 3424 3272 et

1837 3314 2066 3378 biberit,
2105 3320 2161 3370 et
2195 3312 2398 3368 viderit
2434 3310 2642 3366 bonum
2672 3310 2726 3364 in
2758 3308 2912 3365 omni
2941 3309 3128 3365 labore
3158 3323 3282 3374 suo,
3315 3308 3424 3364 hoc

1839 3417 1925 3463 est
1949 3417 2134 3462 autem
2169 3405 2376 3460 donum
2407 3402 2524 3458 Dei.
2563 3421 2581 3454 ι
2633 3400 2770 3456 Nam
2817 3402 2962 3456 sicut
3005 3401 3189 3467 homo,
3221 3401 3427 3473 inquit,

1837 3498 2080 3554 carnalis
2125 3498 2182 3552 iu
2231 3493 2571 3552 comedendo
2607 3505 2663 3550 et
2713 3493 2954 3549 bibendo
3011 3493 3178 3549 habet
3215 3493 3363 3549 vires
3403 3511 3418 3548 :

1838 3591 1914 3644 ita
1941 3588 2034 3659 qui
2076 3587 2147 3642 ad
2193 3586 2402 3642 bonum
2447 3585 2648 3654 aspicit
2723 3584 2953 3652 (bonum
3001 3592 3184 3639 autem
3226 3599 3420 3639 verum

1836 3689 1942 3744 est,
1969 3680 2065 3750 qui
2095 3677 2248 3735 solus
2273 3685 2358 3732 est
2385 3676 2563 3732 bonus
2588 3675 2607 3747 )
2633 3675 2840 3730 donum
2865 3674 2962 3730 Dei
2995 3675 3159 3729 habet
3190 3677 3246 3729 in
3269 3673 3420 3729 omni

1835 3770 2024 3824 labore
2067 3782 2193 3830 suo,
2252 3767 2358 3821 hoc
2411 3765 2592 3836 ipsum
2649 3765 2718 3820 ad
2776 3766 2831 3820 id
2887 3765 3038 3836 quod
3082 3766 3287 3820 bonum
3334 3772 3420 3821 est

1835 3877 2053 3932 semper
2097 3860 2366 3931 aspicere.
2414 3858 2522 3914 Per
2579 3858 2869 3913 Dominum
2924 3868 3173 3914 nostrum
3227 3855 3415 3912 Jesum

1834 3954 2148 4009 Christum:
2185 3953 2275 4008 cui
2306 3951 2480 4023 gloria
2496 3961 2550 4006 et
2587 3951 2829 4021 potentia
2863 3951 2918 4004 in
2951 3949 3154 4006 sateula
3183 3947 3418 4006 saeculo-

1834 4060 1977 4100 rum.
2013 4046 2211 4101 Amen.
