  <div class='ocr_page' id='page_1' title='image "/cluster/home/n/w/nwhite01/storage/ocr_20150623/44/nnc1.0037127462/389.png"; bbox 0 0 3846 6220; ppageno 0'>
   <div class='ocr_carea' id='block_1_1' title="bbox 391 309 487 362">
    <p class='ocr_par' dir='ltr' id='par_1_1' title="bbox 391 309 487 362">
     <span class='ocr_line' id='line_1_1' title="bbox 391 309 487 362; baseline -0.031 0"><span class='ocrx_word' id='word_1_1' title='bbox 391 309 487 362; x_wconf 70' lang='grc'><strong>755</strong></span> 
     </span>
    </p>
   </div>
   <div class='ocr_carea' id='block_1_2' title="bbox 1623 281 2375 349">
    <p class='ocr_par' dir='ltr' id='par_1_2' title="bbox 1623 281 2375 349">
     <span class='ocr_line' id='line_1_2' title="bbox 1623 281 2375 349; baseline -0.017 0"><span class='ocrx_word' id='word_1_2' title='bbox 1623 293 1678 348; x_wconf 86' lang='lat' dir='ltr'><strong>S-</strong></span> <span class='ocrx_word' id='word_1_3' title='bbox 1717 289 2046 349; x_wconf 75' lang='lat' dir='ltr'><strong>GREGORII</strong></span> <span class='ocrx_word' id='word_1_4' title='bbox 2085 281 2375 341; x_wconf 79' lang='lat' dir='ltr'><strong>NYSSENI</strong></span> 
     </span>
    </p>
   </div>
   <div class='ocr_carea' id='block_1_3' title="bbox 3546 259 3668 314">
    <p class='ocr_par' dir='ltr' id='par_1_3' title="bbox 3546 259 3668 314">
     <span class='ocr_line' id='line_1_3' title="bbox 3546 259 3668 314; baseline -0.008 0"><span class='ocrx_word' id='word_1_5' title='bbox 3546 259 3668 314; x_wconf 81' lang='lat'><strong>756</strong></span> 
     </span>
    </p>
   </div>
   <div class='ocr_carea' id='block_1_4' title="bbox 391 413 3646 491">
    <p class='ocr_par' dir='ltr' id='par_1_4' title="bbox 391 413 3646 491">
     <span class='ocr_line' id='line_1_4' title="bbox 391 413 3646 491; baseline -0.016 1"><span class='ocrx_word' id='word_1_6' title='bbox 391 413 3646 491; x_wconf 42' lang='lat' dir='ltr'><strong>Mm</strong></span> 
     </span>
    </p>
   </div>
   <div class='ocr_carea' id='block_1_5' title="bbox 1142 582 2899 692">
    <p class='ocr_par' dir='ltr' id='par_1_5' title="bbox 1142 582 2899 692">
     <span class='ocr_line' id='line_1_5' title="bbox 1142 582 2899 692; baseline -0.016 1"><span class='ocrx_word' id='word_1_7' title='bbox 1142 605 1368 692; x_wconf 90' lang='grc' dir='ltr'><strong>ΤΟΥ</strong></span> <span class='ocrx_word' id='word_1_8' title='bbox 1431 604 1574 690; x_wconf 89' lang='grc' dir='ltr'><strong>ΕΝ</strong></span> <span class='ocrx_word' id='word_1_9' title='bbox 1633 595 1997 685; x_wconf 86' lang='grc' dir='ltr'><strong>ΑΓΙΟΙΣ</strong></span> <span class='ocrx_word' id='word_1_10' title='bbox 2067 587 2501 679; x_wconf 84' lang='grc' dir='ltr'><strong>ΠΑΤΡΟΣ</strong></span> <span class='ocrx_word' id='word_1_11' title='bbox 2574 582 2899 673; x_wconf 82' lang='grc' dir='ltr'><strong>ΗΜΩΝ</strong></span> 
     </span>
    </p>
   </div>
   <div class='ocr_carea' id='block_1_6' title="bbox 1492 809 2542 950">
    <p class='ocr_par' dir='ltr' id='par_1_6' title="bbox 1492 809 2542 950">
     <span class='ocr_line' id='line_1_6' title="bbox 1492 809 2542 950; baseline -0.012 1"><span class='ocrx_word' id='word_1_12' title='bbox 1492 809 2542 950; x_wconf 85' lang='grc' dir='ltr'><strong>ΓΡΗΓΟΡΙΟΥ</strong></span> 
     </span>
    </p>
   </div>
   <div class='ocr_carea' id='block_1_7' title="bbox 1709 1068 2405 1130">
    <p class='ocr_par' dir='ltr' id='par_1_7' title="bbox 1709 1068 2405 1130">
     <span class='ocr_line' id='line_1_7' title="bbox 1709 1068 2405 1130; baseline -0.016 0"><span class='ocrx_word' id='word_1_13' title='bbox 1709 1071 2108 1130; x_wconf 80' lang='grc' dir='ltr'><strong>ΕΠΙΣΚΟΠΟΥ</strong></span> <span class='ocrx_word' id='word_1_14' title='bbox 2135 1068 2405 1124; x_wconf 84' lang='grc' dir='ltr'><strong>ΝΥΣΣΗΣ</strong></span> 
     </span>
    </p>
   </div>
   <div class='ocr_carea' id='block_1_8' title="bbox 1485 1249 2549 1384">
    <p class='ocr_par' dir='ltr' id='par_1_8' title="bbox 1485 1249 2549 1384">
     <span class='ocr_line' id='line_1_8' title="bbox 1485 1249 2549 1384; baseline -0.018 -32"><span class='ocrx_word' id='word_1_15' title='bbox 1485 1253 2049 1384; x_wconf 79' lang='grc' dir='ltr'><strong>ΕΞΗΓΗΣΙΣ</strong></span> <span class='ocrx_word' id='word_1_16' title='bbox 2085 1249 2549 1339; x_wconf 81' lang='grc' dir='ltr'><strong>ΑΚΡΙΒΗΣ</strong></span> 
     </span>
    </p>
   </div>
   <div class='ocr_carea' id='block_1_9' title="bbox 847 1435 3185 1584">
    <p class='ocr_par' dir='ltr' id='par_1_9' title="bbox 847 1435 3185 1584">
     <span class='ocr_line' id='line_1_9' title="bbox 847 1435 3185 1584; baseline -0.015 0"><span class='ocrx_word' id='word_1_17' title='bbox 847 1471 1087 1584; x_wconf 91' lang='grc' dir='ltr'><strong>ΕΙΣ</strong></span> <span class='ocrx_word' id='word_1_18' title='bbox 1138 1465 1338 1580; x_wconf 89' lang='grc' dir='ltr'>ΤΑ</span> <span class='ocrx_word' id='word_1_19' title='bbox 1393 1454 2020 1575; x_wconf 89' lang='grc' dir='ltr'><strong>ΑΣΜΑΤΑ</strong></span> <span class='ocrx_word' id='word_1_20' title='bbox 2089 1447 2386 1562; x_wconf 87' lang='grc' dir='ltr'>ΤΩΝ</span> <span class='ocrx_word' id='word_1_21' title='bbox 2461 1435 3185 1560; x_wconf 85' lang='grc' dir='ltr'><strong>ΑΣΜΑΤΩΝ</strong></span> 
     </span>
    </p>
   </div>
   <div class='ocr_carea' id='block_1_10' title="bbox 1109 1871 2871 2114">
    <p class='ocr_par' dir='ltr' id='par_1_10' title="bbox 1109 1871 2871 2114">
     <span class='ocr_line' id='line_1_10' title="bbox 1109 1871 2871 2114; baseline -0.016 -66"><span class='ocrx_word' id='word_1_22' title='bbox 1109 2107 1112 2114; x_wconf 13' lang='grc' dir='ltr'>ι</span> <span class='ocrx_word' id='word_1_23' title='bbox 1186 1891 1344 2047; x_wconf 89' lang='lat' dir='ltr'><strong>s.</strong></span> <span class='ocrx_word' id='word_1_24' title='bbox 1451 1895 1635 2043; x_wconf 88' lang='lat' dir='ltr'><strong>N.</strong></span> <span class='ocrx_word' id='word_1_25' title='bbox 1705 1893 1877 2042; x_wconf 92' lang='lat' dir='ltr'><strong>P.</strong></span> <span class='ocrx_word' id='word_1_26' title='bbox 1948 1871 2871 2040; x_wconf 80' lang='lat' dir='ltr'><strong>GREGORII</strong></span> 
     </span>
    </p>
   </div>
   <div class='ocr_carea' id='block_1_11' title="bbox 1704 2174 2355 2244">
    <p class='ocr_par' dir='ltr' id='par_1_11' title="bbox 1704 2174 2355 2244">
     <span class='ocr_line' id='line_1_11' title="bbox 1704 2174 2355 2244; baseline -0.02 -1"><span class='ocrx_word' id='word_1_27' title='bbox 1704 2179 2018 2244; x_wconf 85' lang='lat' dir='ltr'><strong>EPISCOPI</strong></span> <span class='ocrx_word' id='word_1_28' title='bbox 2055 2174 2355 2235; x_wconf 83' lang='lat' dir='ltr'><strong>NYSSENI</strong></span> 
     </span>
    </p>
   </div>
   <div class='ocr_carea' id='block_1_12' title="bbox 1559 2374 2506 2480">
    <p class='ocr_par' dir='ltr' id='par_1_12' title="bbox 1559 2374 2506 2480">
     <span class='ocr_line' id='line_1_12' title="bbox 1559 2374 2506 2480; baseline -0.013 -2"><span class='ocrx_word' id='word_1_29' title='bbox 1559 2374 2506 2480; x_wconf 70' lang='lat' dir='ltr'><strong>COMMENTARIUS</strong></span> 
     </span>
    </p>
   </div>
   <div class='ocr_carea' id='block_1_13' title="bbox 983 2573 3565 2723">
    <p class='ocr_par' dir='ltr' id='par_1_13' title="bbox 983 2573 3565 2723">
     <span class='ocr_line' id='line_1_13' title="bbox 983 2573 3565 2723; baseline -0.017 0"><span class='ocrx_word' id='word_1_30' title='bbox 983 2610 1130 2723; x_wconf 88' lang='lat' dir='ltr'><strong>IN</strong></span> <span class='ocrx_word' id='word_1_31' title='bbox 1285 2597 2031 2719; x_wconf 85' lang='lat' dir='ltr'><strong>CANTICUM</strong></span> <span class='ocrx_word' id='word_1_32' title='bbox 2173 2573 3114 2708; x_wconf 81' lang='lat' dir='ltr'><strong>CANTICORUM</strong></span> <span class='ocrx_word' id='word_1_33' title='bbox 3535 2635 3565 2647; x_wconf 66' lang='grc' dir='ltr'><em>ι</em></span> 
     </span>
    </p>
   </div>
   <div class='ocr_carea' id='block_1_14' title="bbox 1655 2807 2447 2882">
    <p class='ocr_par' dir='ltr' id='par_1_14' title="bbox 1655 2807 2447 2882">
     <span class='ocr_line' id='line_1_14' title="bbox 1655 2807 2447 2882; baseline -0.019 -10"><span class='ocrx_word' id='word_1_34' title='bbox 1655 2817 1904 2882; x_wconf 81' lang='lat' dir='ltr'><strong>(Gentiano</strong></span> <span class='ocrx_word' id='word_1_35' title='bbox 1923 2817 2129 2868; x_wconf 82' lang='lat' dir='ltr'><strong>Herveto</strong></span> <span class='ocrx_word' id='word_1_36' title='bbox 2151 2807 2447 2872; x_wconf 72' lang='lat' dir='ltr'><strong>interprete.)</strong></span> 
     </span>
    </p>
   </div>
   <div class='ocr_carea' id='block_1_15' title="bbox 2002 2995 2074 3008">
    <p class='ocr_par' dir='ltr' id='par_1_15' title="bbox 2002 2995 2074 3008">
     <span class='ocr_line' id='line_1_15' title="bbox 2002 2995 2074 3008; baseline -0.014 -2"><span class='ocrx_word' id='word_1_37' title='bbox 2002 2995 2074 3008; x_wconf 71' lang='lat'><strong>—</strong></span> 
     </span>
    </p>
   </div>
   <div class='ocr_carea' id='block_1_16' title="bbox 705 3139 1741 3205">
    <p class='ocr_par' dir='ltr' id='par_1_16' title="bbox 705 3139 1741 3205">
     <span class='ocr_line' id='line_1_16' title="bbox 705 3139 1741 3205; baseline -0.009 -1"><span class='ocrx_word' id='word_1_38' title='bbox 705 3144 1102 3205; x_wconf 67' lang='lat' dir='ltr'><strong>PROGSMIUM</strong></span> <span class='ocrx_word' id='word_1_39' title='bbox 1140 3143 1230 3198; x_wconf 80' lang='lat' dir='ltr'><strong>AD</strong></span> <span class='ocrx_word' id='word_1_40' title='bbox 1267 3139 1741 3199; x_wconf 80' lang='lat' dir='ltr'><strong>OLYMPIADEM.</strong></span> 
     </span>
    </p>
   </div>
   <div class='ocr_carea' id='block_1_17' title="bbox 509 3252 2006 3331">
    <p class='ocr_par' dir='ltr' id='par_1_17' title="bbox 509 3252 2006 3331">
     <span class='ocr_line' id='line_1_17' title="bbox 509 3252 2006 3331; baseline -0.011 -9"><span class='ocrx_word' id='word_1_41' title='bbox 509 3268 734 3322; x_wconf 88' lang='lat' dir='ltr'><strong>Gratum</strong></span> <span class='ocrx_word' id='word_1_42' title='bbox 768 3273 823 3319; x_wconf 89' lang='lat' dir='ltr'><strong>et</strong></span> <span class='ocrx_word' id='word_1_43' title='bbox 854 3267 1136 3331; x_wconf 87' lang='lat' dir='ltr'><strong>acceptum</strong></span> <span class='ocrx_word' id='word_1_44' title='bbox 1169 3257 1269 3312; x_wconf 83' lang='lat' dir='ltr'><strong>fuit</strong></span> <span class='ocrx_word' id='word_1_45' title='bbox 1309 3255 1445 3311; x_wconf 85' lang='lat' dir='ltr'><strong>mihi</strong></span> <span class='ocrx_word' id='word_1_46' title='bbox 1483 3253 1728 3310; x_wconf 88' lang='lat' dir='ltr'><strong>studium</strong></span> <span class='ocrx_word' id='word_1_47' title='bbox 1766 3252 1834 3308; x_wconf 90' lang='lat' dir='ltr'><strong>de</strong></span> <span class='ocrx_word' id='word_1_48' title='bbox 1859 3252 2006 3308; x_wconf 86' lang='lat' dir='ltr'><strong>Can-</strong></span> 
     </span>
    </p>
   </div>
   <div class='ocr_carea' id='block_1_18' title="bbox 2033 3126 2081 3181">
    <p class='ocr_par' dir='ltr' id='par_1_18' title="bbox 2033 3126 2081 3181">
     <span class='ocr_line' id='line_1_18' title="bbox 2033 3126 2081 3181; baseline 0 0"><span class='ocrx_word' id='word_1_49' title='bbox 2033 3126 2081 3181; x_wconf 79' lang='grc' dir='ltr'><strong>Α</strong></span> 
     </span>
    </p>
   </div>
   <div class='ocr_carea' id='block_1_19' title="bbox 2369 3111 3420 3192">
    <p class='ocr_par' dir='ltr' id='par_1_19' title="bbox 2369 3111 3420 3192">
     <span class='ocr_line' id='line_1_19' title="bbox 2369 3111 3420 3192; baseline -0.02 -7"><span class='ocrx_word' id='word_1_50' title='bbox 2369 3123 2743 3184; x_wconf 80' lang='grc' dir='ltr'>ιιΡοοιΜιοΝ</span> <span class='ocrx_word' id='word_1_51' title='bbox 2783 3111 3420 3192; x_wconf 35' lang='grc' dir='ltr'><strong>ΠΡΟΣ-ΟΛΥΜΠΙΛΔΑ.</strong></span> 
     </span>
    </p>
   </div>
   <div class='ocr_carea' id='block_1_20' title="bbox 2190 3217 3696 3313">
    <p class='ocr_par' dir='ltr' id='par_1_20' title="bbox 2190 3217 3696 3313">
     <span class='ocr_line' id='line_1_20' title="bbox 2190 3217 3696 3313; baseline -0.023 -12"><span class='ocrx_word' id='word_1_52' title='bbox 2190 3241 2558 3313; x_wconf 79' lang='grc' dir='ltr'>Ἀπεδεξάμην</span> <span class='ocrx_word' id='word_1_53' title='bbox 2605 3238 2681 3300; x_wconf 85' lang='grc' dir='ltr'>ὡς</span> <span class='ocrx_word' id='word_1_54' title='bbox 2729 3233 3042 3305; x_wconf 84' lang='grc' dir='ltr'>πρέπουσαν</span> <span class='ocrx_word' id='word_1_55' title='bbox 3088 3226 3166 3297; x_wconf 82' lang='grc' dir='ltr'><strong>τῷ</strong></span> <span class='ocrx_word' id='word_1_56' title='bbox 3208 3221 3390 3293; x_wconf 83' lang='grc' dir='ltr'>σεμνῷ</span> <span class='ocrx_word' id='word_1_57' title='bbox 3430 3236 3524 3271; x_wconf 84' lang='grc' dir='ltr'>σου</span> <span class='ocrx_word' id='word_1_58' title='bbox 3561 3217 3696 3287; x_wconf 76' lang='grc' dir='ltr'><strong>βίῳ,</strong></span> 
     </span>
    </p>
   </div>
   <div class='ocr_carea' id='block_1_21' title="bbox 441 3305 2022 3424">
    <p class='ocr_par' dir='ltr' id='par_1_21' title="bbox 441 3305 2006 3424">
     <span class='ocr_line' id='line_1_21' title="bbox 509 3305 1965 3331; baseline -0.012 -9"><span class='ocrx_word' id='word_1_59' title='bbox 509 3305 734 3322; x_wconf 59' lang='grc' dir='ltr'><strong>κυεην...</strong></span> <span class='ocrx_word' id='word_1_60' title='bbox 769 3305 823 3319; x_wconf 77' lang='grc' dir='ltr'><strong>ν.</strong></span> <span class='ocrx_word' id='word_1_61' title='bbox 854 3305 1136 3331; x_wconf 57' lang='grc' dir='ltr'><strong>..νην---.η</strong></span> <span class='ocrx_word' id='word_1_62' title='bbox 1169 3305 1269 3312; x_wconf 84' lang='grc'><strong>----</strong></span> <span class='ocrx_word' id='word_1_63' title='bbox 1483 3305 1656 3310; x_wconf 33' lang='grc' dir='ltr'><strong>,κγ-μ</strong></span> <span class='ocrx_word' id='word_1_64' title='bbox 1773 3305 1828 3308; x_wconf 58' lang='lat'><strong>,_</strong></span> <span class='ocrx_word' id='word_1_65' title='bbox 1872 3305 1888 3308; x_wconf 25' lang='grc' dir='ltr'><em>Ὗ</em></span> <span class='ocrx_word' id='word_1_66' title='bbox 1914 3305 1917 3306; x_wconf 29' lang='grc' dir='ltr'><strong>ν</strong></span> <span class='ocrx_word' id='word_1_67' title='bbox 1945 3305 1965 3306; x_wconf 37' lang='grc' dir='ltr'>η</span> 
     </span>
     <span class='ocr_line' id='line_1_22' title="bbox 441 3347 2006 3424; baseline -0.01 -7"><span class='ocrx_word' id='word_1_68' title='bbox 441 3364 554 3417; x_wconf 92' lang='lat' dir='ltr'><strong>tico</strong></span> <span class='ocrx_word' id='word_1_69' title='bbox 586 3360 947 3420; x_wconf 79' lang='lat' dir='ltr'><strong>canticorum,</strong></span> <span class='ocrx_word' id='word_1_70' title='bbox 1001 3353 1147 3424; x_wconf 92' lang='lat' dir='ltr'><strong>quod</strong></span> <span class='ocrx_word' id='word_1_71' title='bbox 1190 3360 1246 3405; x_wconf 88' lang='lat' dir='ltr'><strong>et</strong></span> <span class='ocrx_word' id='word_1_72' title='bbox 1276 3365 1490 3414; x_wconf 85' lang='lat' dir='ltr'><strong>coram,</strong></span> <span class='ocrx_word' id='word_1_73' title='bbox 1536 3357 1592 3404; x_wconf 90' lang='lat' dir='ltr'><strong>et</strong></span> <span class='ocrx_word' id='word_1_74' title='bbox 1639 3347 1750 3402; x_wconf 88' lang='lat' dir='ltr'><strong>tuis</strong></span> <span class='ocrx_word' id='word_1_75' title='bbox 1798 3347 1866 3400; x_wconf 90' lang='lat' dir='ltr'><strong>ad</strong></span> <span class='ocrx_word' id='word_1_76' title='bbox 1907 3361 2006 3401; x_wconf 91' lang='lat' dir='ltr'><strong>nos</strong></span> 
     </span>
    </p>
   </div>
   <div class='ocr_carea' id='block_1_22' title="bbox 2128 3305 3701 3424">
    <p class='ocr_par' dir='ltr' id='par_1_22' title="bbox 2128 3305 3701 3407">
     <span class='ocr_line' id='line_1_23' title="bbox 2128 3305 3701 3407; baseline -0.022 -15"><span class='ocrx_word' id='word_1_77' title='bbox 2128 3339 2202 3393; x_wconf 74' lang='grc' dir='ltr'>ιαὶ</span> <span class='ocrx_word' id='word_1_78' title='bbox 2227 3337 2296 3407; x_wconf 79' lang='grc' dir='ltr'><strong>τῇ</strong></span> <span class='ocrx_word' id='word_1_79' title='bbox 2325 3305 2539 3401; x_wconf 76' lang='grc' dir='ltr'>καθαρᾷ</span> <span class='ocrx_word' id='word_1_80' title='bbox 2572 3327 2665 3380; x_wconf 83' lang='grc' dir='ltr'>σοῦ</span> <span class='ocrx_word' id='word_1_81' title='bbox 2691 3322 2974 3394; x_wconf 72' lang='grc' dir='ltr'>ψυχῇ,τὴν</span> <span class='ocrx_word' id='word_1_82' title='bbox 2999 3318 3125 3388; x_wconf 81' lang='grc' dir='ltr'>περὶ</span> <span class='ocrx_word' id='word_1_83' title='bbox 3148 3313 3240 3368; x_wconf 79' lang='grc' dir='ltr'><strong>τοῦ</strong></span> <span class='ocrx_word' id='word_1_84' title='bbox 3267 3311 3549 3382; x_wconf 78' lang='grc' dir='ltr'>’ᾼσματος</span> <span class='ocrx_word' id='word_1_85' title='bbox 3576 3305 3701 3359; x_wconf 79' lang='grc' dir='ltr'><strong>τῶν</strong></span> 
     </span>
    </p>
   </div>
   <div class='ocr_carea' id='block_1_23' title="bbox 443 3428 2366 3522">
    <p class='ocr_par' dir='ltr' id='par_1_23' title="bbox 443 3428 2366 3522">
     <span class='ocr_line' id='line_1_24' title="bbox 443 3428 2366 3522; baseline -0.016 -14"><span class='ocrx_word' id='word_1_86' title='bbox 443 3450 750 3522; x_wconf 80' lang='lat' dir='ltr'><strong>exposuisti</strong></span> <span class='ocrx_word' id='word_1_87' title='bbox 797 3444 1020 3508; x_wconf 85' lang='lat' dir='ltr'><strong>litteris,</strong></span> <span class='ocrx_word' id='word_1_88' title='bbox 1071 3450 1132 3496; x_wconf 91' lang='lat' dir='ltr'><strong>ut</strong></span> <span class='ocrx_word' id='word_1_89' title='bbox 1163 3439 1310 3512; x_wconf 90' lang='lat' dir='ltr'><strong>quod</strong></span> <span class='ocrx_word' id='word_1_90' title='bbox 1349 3440 1596 3493; x_wconf 74' lang='lat' dir='ltr'><strong>honestae</strong></span> <span class='ocrx_word' id='word_1_91' title='bbox 1643 3444 1751 3488; x_wconf 73' lang='lat' dir='ltr'><strong>tua:</strong></span> <span class='ocrx_word' id='word_1_92' title='bbox 1804 3433 1926 3487; x_wconf 75' lang='lat' dir='ltr'><strong>vita:</strong></span> <span class='ocrx_word' id='word_1_93' title='bbox 1954 3441 2010 3486; x_wconf 91' lang='lat' dir='ltr'><strong>et</strong></span> <span class='ocrx_word' id='word_1_94' title='bbox 2107 3428 2366 3499; x_wconf 81' lang='grc' dir='ltr'><strong>ᾀσμάτων</strong></span> 
     </span>
    </p>
   </div>
   <div class='ocr_carea' id='block_1_24' title="bbox 2108 3489 3699 3586">
    <p class='ocr_par' dir='ltr' id='par_1_24' title="bbox 2108 3489 3699 3586">
     <span class='ocr_line' id='line_1_25' title="bbox 2108 3489 3699 3586; baseline -0.024 -13"><span class='ocrx_word' id='word_1_95' title='bbox 2108 3489 2448 3586; x_wconf 58' lang='grc' dir='ltr'>γραμμάτων</span> <span class='ocrx_word' id='word_1_96' title='bbox 2474 3489 2840 3578; x_wconf 12' lang='grc' dir='ltr'>ἡμῖνήὲξὲθου,</span> <span class='ocrx_word' id='word_1_97' title='bbox 2889 3499 3028 3553; x_wconf 82' lang='grc' dir='ltr'>ὥστε</span> <span class='ocrx_word' id='word_1_98' title='bbox 3073 3497 3160 3550; x_wconf 87' lang='grc' dir='ltr'>διὰ</span> <span class='ocrx_word' id='word_1_99' title='bbox 3200 3495 3296 3565; x_wconf 82' lang='grc' dir='ltr'>τῆς</span> <span class='ocrx_word' id='word_1_100' title='bbox 3347 3489 3699 3559; x_wconf 71' lang='grc' dir='ltr'>καταλλήλου</span> 
     </span>
    </p>
   </div>
   <div class='ocr_carea' id='block_1_25' title="bbox 444 3527 2011 3615">
    <p class='ocr_par' dir='ltr' id='par_1_25' title="bbox 444 3527 2011 3615">
     <span class='ocr_line' id='line_1_26' title="bbox 444 3527 2011 3615; baseline -0.013 -16"><span class='ocrx_word' id='word_1_101' title='bbox 444 3559 596 3615; x_wconf 65' lang='lat' dir='ltr'><strong>purae</strong></span> <span class='ocrx_word' id='word_1_102' title='bbox 627 3541 822 3594; x_wconf 66' lang='lat' dir='ltr'><strong>animae</strong></span> <span class='ocrx_word' id='word_1_103' title='bbox 855 3535 1165 3596; x_wconf 74' lang='lat' dir='ltr'><strong>conveniat,</strong></span> <span class='ocrx_word' id='word_1_104' title='bbox 1206 3540 1265 3586; x_wconf 94' lang='lat' dir='ltr'><strong>ut</strong></span> <span class='ocrx_word' id='word_1_105' title='bbox 1295 3547 1391 3600; x_wconf 90' lang='lat' dir='ltr'><strong>per</strong></span> <span class='ocrx_word' id='word_1_106' title='bbox 1417 3527 1837 3583; x_wconf 79' lang='lat' dir='ltr'><strong>convenientem</strong></span> <span class='ocrx_word' id='word_1_107' title='bbox 1877 3540 2011 3580; x_wconf 87' lang='lat' dir='ltr'><strong>con-</strong></span> 
     </span>
    </p>
   </div>
   <div class='ocr_carea' id='block_1_26' title="bbox 447 3615 2012 3702">
    <p class='ocr_par' dir='ltr' id='par_1_26' title="bbox 447 3615 2012 3702">
     <span class='ocr_line' id='line_1_27' title="bbox 447 3615 2012 3702; baseline -0.013 -14"><span class='ocrx_word' id='word_1_108' title='bbox 447 3632 852 3702; x_wconf 88' lang='lat' dir='ltr'><strong>templatiouem</strong></span> <span class='ocrx_word' id='word_1_109' title='bbox 884 3627 1164 3696; x_wconf 88' lang='lat' dir='ltr'><strong>aperiatur</strong></span> <span class='ocrx_word' id='word_1_110' title='bbox 1207 3636 1328 3692; x_wconf 72' lang='lat' dir='ltr'><strong>qua:</strong></span> <span class='ocrx_word' id='word_1_111' title='bbox 1360 3627 1444 3675; x_wconf 86' lang='lat' dir='ltr'><strong>est</strong></span> <span class='ocrx_word' id='word_1_112' title='bbox 1493 3620 1547 3673; x_wconf 95' lang='lat' dir='ltr'><strong>in</strong></span> <span class='ocrx_word' id='word_1_113' title='bbox 1582 3617 1767 3673; x_wconf 86' lang='lat' dir='ltr'><strong>verbis</strong></span> <span class='ocrx_word' id='word_1_114' title='bbox 1797 3615 2012 3670; x_wconf 77' lang='lat' dir='ltr'><strong>occulta</strong></span> 
     </span>
    </p>
   </div>
   <div class='ocr_carea' id='block_1_27' title="bbox 445 3707 2011 3797">
    <p class='ocr_par' dir='ltr' id='par_1_27' title="bbox 445 3707 2011 3797">
     <span class='ocr_line' id='line_1_28' title="bbox 445 3707 2011 3797; baseline -0.015 -16"><span class='ocrx_word' id='word_1_115' title='bbox 445 3721 818 3797; x_wconf 80' lang='lat' dir='ltr'><strong>philosophia,</strong></span> <span class='ocrx_word' id='word_1_116' title='bbox 862 3719 931 3772; x_wconf 82' lang='lat' dir='ltr'><strong>ab</strong></span> <span class='ocrx_word' id='word_1_117' title='bbox 975 3733 1038 3772; x_wconf 89' lang='lat' dir='ltr'><strong>ea</strong></span> <span class='ocrx_word' id='word_1_118' title='bbox 1072 3730 1194 3786; x_wconf 68' lang='lat' dir='ltr'><strong>quae</strong></span> <span class='ocrx_word' id='word_1_119' title='bbox 1219 3721 1303 3768; x_wconf 87' lang='lat' dir='ltr'><strong>est</strong></span> <span class='ocrx_word' id='word_1_120' title='bbox 1345 3712 1402 3766; x_wconf 91' lang='lat' dir='ltr'><strong>in</strong></span> <span class='ocrx_word' id='word_1_121' title='bbox 1445 3717 1702 3781; x_wconf 80' lang='lat' dir='ltr'><strong>promptu</strong></span> <span class='ocrx_word' id='word_1_122' title='bbox 1753 3707 2011 3771; x_wconf 84' lang='lat' dir='ltr'><strong>dictione,</strong></span> 
     </span>
    </p>
   </div>
   <div class='ocr_carea' id='block_1_28' title="bbox 449 3798 2015 3886">
    <p class='ocr_par' dir='ltr' id='par_1_28' title="bbox 449 3798 2015 3886">
     <span class='ocr_line' id='line_1_29' title="bbox 449 3798 2015 3886; baseline -0.015 -14"><span class='ocrx_word' id='word_1_123' title='bbox 449 3820 506 3873; x_wconf 91' lang='lat' dir='ltr'><strong>in</strong></span> <span class='ocrx_word' id='word_1_124' title='bbox 555 3815 711 3886; x_wconf 88' lang='lat' dir='ltr'><strong>puris</strong></span> <span class='ocrx_word' id='word_1_125' title='bbox 759 3827 824 3866; x_wconf 86' lang='lat' dir='ltr'><strong>ac</strong></span> <span class='ocrx_word' id='word_1_126' title='bbox 865 3811 1099 3866; x_wconf 82' lang='lat' dir='ltr'><strong>sinceris</strong></span> <span class='ocrx_word' id='word_1_127' title='bbox 1142 3807 1397 3863; x_wconf 90' lang='lat' dir='ltr'><strong>sensibus</strong></span> <span class='ocrx_word' id='word_1_128' title='bbox 1441 3811 1767 3873; x_wconf 80' lang='lat' dir='ltr'><strong>expurgala.</strong></span> <span class='ocrx_word' id='word_1_129' title='bbox 1813 3798 2015 3865; x_wconf 88' lang='lat' dir='ltr'><strong>Quam-</strong></span> 
     </span>
    </p>
   </div>
   <div class='ocr_carea' id='block_1_29' title="bbox 449 3892 2015 3973">
    <p class='ocr_par' dir='ltr' id='par_1_29' title="bbox 449 3892 2015 3973">
     <span class='ocr_line' id='line_1_30' title="bbox 449 3892 2015 3973; baseline -0.014 -11"><span class='ocrx_word' id='word_1_130' title='bbox 449 3908 636 3962; x_wconf 89' lang='lat' dir='ltr'><strong>obrem</strong></span> <span class='ocrx_word' id='word_1_131' title='bbox 693 3909 946 3973; x_wconf 89' lang='lat' dir='ltr'><strong>prompto</strong></span> <span class='ocrx_word' id='word_1_132' title='bbox 979 3911 1033 3954; x_wconf 87' lang='lat' dir='ltr'><strong>et</strong></span> <span class='ocrx_word' id='word_1_133' title='bbox 1063 3898 1232 3953; x_wconf 89' lang='lat' dir='ltr'><strong>alacri</strong></span> <span class='ocrx_word' id='word_1_134' title='bbox 1270 3896 1452 3950; x_wconf 89' lang='lat' dir='ltr'><strong>animo</strong></span> <span class='ocrx_word' id='word_1_135' title='bbox 1484 3893 1553 3948; x_wconf 89' lang='lat' dir='ltr'><strong>de</strong></span> <span class='ocrx_word' id='word_1_136' title='bbox 1603 3892 1708 3946; x_wconf 91' lang='lat' dir='ltr'><strong>bac</strong></span> <span class='ocrx_word' id='word_1_137' title='bbox 1755 3905 1816 3944; x_wconf 90' lang='lat' dir='ltr'><strong>re</strong></span> <span class='ocrx_word' id='word_1_138' title='bbox 1869 3897 2015 3942; x_wconf 88' lang='lat' dir='ltr'><strong>tuam</strong></span> 
     </span>
    </p>
   </div>
   <div class='ocr_carea' id='block_1_30' title="bbox 449 3983 2018 4067">
    <p class='ocr_par' dir='ltr' id='par_1_30' title="bbox 449 3983 2018 4067">
     <span class='ocr_line' id='line_1_31' title="bbox 449 3983 2018 4067; baseline -0.015 -13"><span class='ocrx_word' id='word_1_139' title='bbox 449 3997 638 4067; x_wconf 89' lang='lat' dir='ltr'><strong>accepi</strong></span> <span class='ocrx_word' id='word_1_140' title='bbox 689 3992 1158 4050; x_wconf 84' lang='lat' dir='ltr'><strong>sollicitudinem:</strong></span> <span class='ocrx_word' id='word_1_141' title='bbox 1209 4004 1320 4044; x_wconf 85' lang='lat' dir='ltr'><strong>non</strong></span> <span class='ocrx_word' id='word_1_142' title='bbox 1351 3987 1497 4056; x_wconf 91' lang='lat' dir='ltr'><strong>quod</strong></span> <span class='ocrx_word' id='word_1_143' title='bbox 1548 3983 1615 4039; x_wconf 93' lang='lat' dir='ltr'><strong>ad</strong></span> <span class='ocrx_word' id='word_1_144' title='bbox 1664 3991 1788 4036; x_wconf 92' lang='lat' dir='ltr'><strong>tuos</strong></span> <span class='ocrx_word' id='word_1_145' title='bbox 1836 3992 2018 4033; x_wconf 88' lang='lat' dir='ltr'><strong>mores</strong></span> 
     </span>
    </p>
   </div>
   <div class='ocr_carea' id='block_1_31' title="bbox 449 4072 2020 4146">
    <p class='ocr_par' dir='ltr' id='par_1_31' title="bbox 449 4072 2020 4146">
     <span class='ocr_line' id='line_1_32' title="bbox 449 4072 2020 4146; baseline -0.016 -1"><span class='ocrx_word' id='word_1_146' title='bbox 449 4091 555 4146; x_wconf 86' lang='lat' dir='ltr'><strong>hoc</strong></span> <span class='ocrx_word' id='word_1_147' title='bbox 585 4087 688 4142; x_wconf 90' lang='lat' dir='ltr'><strong>tibi</strong></span> <span class='ocrx_word' id='word_1_148' title='bbox 723 4086 967 4139; x_wconf 84' lang='lat' dir='ltr'><strong>futurum</strong></span> <span class='ocrx_word' id='word_1_149' title='bbox 1003 4082 1076 4139; x_wconf 89' lang='lat' dir='ltr'><strong>sit</strong></span> <span class='ocrx_word' id='word_1_150' title='bbox 1105 4079 1260 4135; x_wconf 89' lang='lat' dir='ltr'><strong>usui:</strong></span> <span class='ocrx_word' id='word_1_151' title='bbox 1293 4085 1383 4133; x_wconf 89' lang='lat' dir='ltr'><strong>est</strong></span> <span class='ocrx_word' id='word_1_152' title='bbox 1407 4076 1553 4132; x_wconf 90' lang='lat' dir='ltr'><strong>enim</strong></span> <span class='ocrx_word' id='word_1_153' title='bbox 1609 4072 1741 4128; x_wconf 87' lang='lat' dir='ltr'><strong>mihi</strong></span> <span class='ocrx_word' id='word_1_154' title='bbox 1791 4083 2020 4140; x_wconf 78' lang='lat' dir='ltr'><strong>persua—</strong></span> 
     </span>
    </p>
   </div>
   <div class='ocr_carea' id='block_1_32' title="bbox 450 4158 2018 4254">
    <p class='ocr_par' dir='ltr' id='par_1_32' title="bbox 450 4158 2018 4254">
     <span class='ocr_line' id='line_1_33' title="bbox 450 4158 2018 4254; baseline -0.015 -19"><span class='ocrx_word' id='word_1_155' title='bbox 450 4195 571 4237; x_wconf 90' lang='lat' dir='ltr'><strong>sum</strong></span> <span class='ocrx_word' id='word_1_156' title='bbox 615 4193 815 4251; x_wconf 91' lang='lat' dir='ltr'><strong>purum</strong></span> <span class='ocrx_word' id='word_1_157' title='bbox 859 4191 984 4254; x_wconf 84' lang='lat' dir='ltr'><strong>esse</strong></span> <span class='ocrx_word' id='word_1_158' title='bbox 1032 4183 1186 4229; x_wconf 89' lang='lat' dir='ltr'><strong>tuum</strong></span> <span class='ocrx_word' id='word_1_159' title='bbox 1230 4172 1426 4226; x_wconf 67' lang='lat' dir='ltr'><strong>animae</strong></span> <span class='ocrx_word' id='word_1_160' title='bbox 1463 4167 1707 4230; x_wconf 91' lang='lat' dir='ltr'><strong>oculum,</strong></span> <span class='ocrx_word' id='word_1_161' title='bbox 1751 4164 1819 4217; x_wconf 89' lang='lat' dir='ltr'><strong>ab</strong></span> <span class='ocrx_word' id='word_1_162' title='bbox 1869 4158 2018 4215; x_wconf 89' lang='lat' dir='ltr'><strong>omni</strong></span> 
     </span>
    </p>
   </div>
   <div class='ocr_carea' id='block_1_33' title="bbox 449 4252 2021 4335">
    <p class='ocr_par' dir='ltr' id='par_1_33' title="bbox 449 4252 2021 4335">
     <span class='ocr_line' id='line_1_34' title="bbox 449 4252 2021 4335; baseline -0.015 -5"><span class='ocrx_word' id='word_1_163' title='bbox 449 4273 673 4330; x_wconf 78' lang='lat' dir='ltr'><strong>sordida</strong></span> <span class='ocrx_word' id='word_1_164' title='bbox 699 4279 753 4326; x_wconf 89' lang='lat' dir='ltr'><strong>et</strong></span> <span class='ocrx_word' id='word_1_165' title='bbox 781 4252 1018 4323; x_wconf 85' lang='lat' dir='ltr'><strong>obscena</strong></span> <span class='ocrx_word' id='word_1_166' title='bbox 1057 4265 1410 4335; x_wconf 84' lang='lat' dir='ltr'><strong>cogitatione,</strong></span> <span class='ocrx_word' id='word_1_167' title='bbox 1443 4270 1498 4316; x_wconf 91' lang='lat' dir='ltr'><strong>et</strong></span> <span class='ocrx_word' id='word_1_168' title='bbox 1530 4274 1652 4329; x_wconf 71' lang='lat' dir='ltr'><strong>quae</strong></span> <span class='ocrx_word' id='word_1_169' title='bbox 1679 4257 1918 4326; x_wconf 72' lang='lat' dir='ltr'><strong>agitatur</strong></span> <span class='ocrx_word' id='word_1_170' title='bbox 1953 4252 2021 4306; x_wconf 88' lang='lat' dir='ltr'><strong>ab</strong></span> 
     </span>
    </p>
   </div>
   <div class='ocr_carea' id='block_1_34' title="bbox 450 4345 2023 4432">
    <p class='ocr_par' dir='ltr' id='par_1_34' title="bbox 450 4345 2023 4432">
     <span class='ocr_line' id='line_1_35' title="bbox 450 4345 2023 4432; baseline -0.013 -12"><span class='ocrx_word' id='word_1_171' title='bbox 450 4365 619 4420; x_wconf 85' lang='lat' dir='ltr'><strong>animi</strong></span> <span class='ocrx_word' id='word_1_172' title='bbox 670 4357 1213 4432; x_wconf 87' lang='lat' dir='ltr'><strong>perturbationibus,</strong></span> <span class='ocrx_word' id='word_1_173' title='bbox 1251 4367 1490 4423; x_wconf 91' lang='lat' dir='ltr'><strong>eumque</strong></span> <span class='ocrx_word' id='word_1_174' title='bbox 1526 4365 1624 4420; x_wconf 86' lang='lat' dir='ltr'><strong>per</strong></span> <span class='ocrx_word' id='word_1_175' title='bbox 1667 4347 1854 4403; x_wconf 88' lang='lat' dir='ltr'><strong>divina</strong></span> <span class='ocrx_word' id='word_1_176' title='bbox 1909 4345 2023 4399; x_wconf 63' lang='lat' dir='ltr'><strong>haec</strong></span> 
     </span>
    </p>
   </div>
   <div class='ocr_carea' id='block_1_35' title="bbox 2417 3400 3702 3491">
    <p class='ocr_par' dir='ltr' id='par_1_35' title="bbox 2417 3400 3702 3491">
     <span class='ocr_line' id='line_1_36' title="bbox 2417 3400 3702 3491; baseline -0.019 -16"><span class='ocrx_word' id='word_1_177' title='bbox 2417 3400 2666 3491; x_wconf 76' lang='grc' dir='ltr'>σπουδὴν,</span> <span class='ocrx_word' id='word_1_178' title='bbox 2699 3418 2764 3487; x_wconf 80' lang='grc' dir='ltr'>ἢν</span> <span class='ocrx_word' id='word_1_179' title='bbox 2791 3415 2882 3469; x_wconf 78' lang='grc' dir='ltr'>καὶ</span> <span class='ocrx_word' id='word_1_180' title='bbox 2933 3411 3072 3465; x_wconf 81' lang='grc' dir='ltr'>κατὰ</span> <span class='ocrx_word' id='word_1_181' title='bbox 3122 3407 3412 3477; x_wconf 79' lang='grc' dir='ltr'>πρόσωπον</span> <span class='ocrx_word' id='word_1_182' title='bbox 3452 3402 3552 3455; x_wconf 72' lang='grc' dir='ltr'>καὶ</span> <span class='ocrx_word' id='word_1_183' title='bbox 3598 3400 3702 3452; x_wconf 76' lang='grc' dir='ltr'><strong>διὰ</strong></span> 
     </span>
    </p>
   </div>
   <div class='ocr_carea' id='block_1_36' title="bbox 2111 3584 3701 3674">
    <p class='ocr_par' dir='ltr' id='par_1_36' title="bbox 2111 3584 3701 3674">
     <span class='ocr_line' id='line_1_37' title="bbox 2111 3584 3701 3674; baseline -0.018 -17"><span class='ocrx_word' id='word_1_184' title='bbox 2111 3584 2340 3674; x_wconf 83' lang='grc' dir='ltr'>θεωρίας</span> <span class='ocrx_word' id='word_1_185' title='bbox 2372 3588 2743 3669; x_wconf 66' lang='grc' dir='ltr'>φανερωθῆναι</span> <span class='ocrx_word' id='word_1_186' title='bbox 2775 3593 2874 3664; x_wconf 77' lang='grc' dir='ltr'><strong>τὴν</strong></span> <span class='ocrx_word' id='word_1_187' title='bbox 2909 3585 3362 3659; x_wconf 81' lang='grc' dir='ltr'>ὲγκεκρυμμένην</span> <span class='ocrx_word' id='word_1_188' title='bbox 3410 3584 3528 3645; x_wconf 84' lang='grc' dir='ltr'>τοῖς</span> <span class='ocrx_word' id='word_1_189' title='bbox 3583 3584 3701 3650; x_wconf 75' lang='grc' dir='ltr'><strong>ρη-</strong></span> 
     </span>
    </p>
   </div>
   <div class='ocr_carea' id='block_1_37' title="bbox 2110 3671 3706 3762">
    <p class='ocr_par' dir='ltr' id='par_1_37' title="bbox 2110 3671 3706 3762">
     <span class='ocr_line' id='line_1_38' title="bbox 2110 3671 3706 3762; baseline -0.018 -14"><span class='ocrx_word' id='word_1_190' title='bbox 2110 3671 2584 3762; x_wconf 27' lang='grc' dir='ltr'>τοῖςνφιλοσοφίαν,</span> <span class='ocrx_word' id='word_1_191' title='bbox 2616 3688 2714 3757; x_wconf 85' lang='grc' dir='ltr'>τῆς</span> <span class='ocrx_word' id='word_1_192' title='bbox 2759 3682 3050 3757; x_wconf 79' lang='grc' dir='ltr'>προχείρου</span> <span class='ocrx_word' id='word_1_193' title='bbox 3088 3676 3230 3731; x_wconf 80' lang='grc' dir='ltr'>κατὰ</span> <span class='ocrx_word' id='word_1_194' title='bbox 3267 3674 3366 3744; x_wconf 84' lang='grc' dir='ltr'><strong>τὴν</strong></span> <span class='ocrx_word' id='word_1_195' title='bbox 3410 3672 3562 3735; x_wconf 80' lang='grc' dir='ltr'><strong>λέξιν</strong></span> <span class='ocrx_word' id='word_1_196' title='bbox 3590 3671 3706 3739; x_wconf 65' lang='grc' dir='ltr'><strong>ἐμ.-</strong></span> 
     </span>
    </p>
   </div>
   <div class='ocr_carea' id='block_1_38' title="bbox 2113 3763 3703 3859">
    <p class='ocr_par' dir='ltr' id='par_1_38' title="bbox 2113 3763 3703 3859">
     <span class='ocr_line' id='line_1_39' title="bbox 2113 3763 3703 3859; baseline -0.016 -17"><span class='ocrx_word' id='word_1_197' title='bbox 2113 3789 2328 3859; x_wconf 81' lang='grc' dir='ltr'><strong>φάσεως</strong></span> <span class='ocrx_word' id='word_1_198' title='bbox 2369 3787 2425 3837; x_wconf 82' lang='grc' dir='ltr'><strong>ἐν</strong></span> <span class='ocrx_word' id='word_1_199' title='bbox 2467 3784 2586 3845; x_wconf 85' lang='grc' dir='ltr'>ταῖς</span> <span class='ocrx_word' id='word_1_200' title='bbox 2629 3779 2925 3850; x_wconf 82' lang='grc' dir='ltr'><strong>ἀκηράτοις</strong></span> <span class='ocrx_word' id='word_1_201' title='bbox 2967 3772 3197 3832; x_wconf 73' lang='grc' dir='ltr'><strong>ἐννοίαις</strong></span> <span class='ocrx_word' id='word_1_202' title='bbox 3242 3763 3703 3835; x_wconf 69' lang='grc' dir='ltr'>κεκαθαρμινην.</span> 
     </span>
    </p>
   </div>
   <div class='ocr_carea' id='block_1_39' title="bbox 2114 3856 3706 3948">
    <p class='ocr_par' dir='ltr' id='par_1_39' title="bbox 2114 3856 3706 3948">
     <span class='ocr_line' id='line_1_40' title="bbox 2114 3856 3706 3948; baseline -0.019 -15"><span class='ocrx_word' id='word_1_203' title='bbox 2114 3856 2205 3932; x_wconf 69' lang='grc' dir='ltr'>Διὸ</span> <span class='ocrx_word' id='word_1_204' title='bbox 2248 3875 2541 3948; x_wconf 79' lang='grc' dir='ltr'><strong>προθύμως</strong></span> <span class='ocrx_word' id='word_1_205' title='bbox 2583 3867 2931 3938; x_wconf 81' lang='grc' dir='ltr'>ἀπεδεξάμην</span> <span class='ocrx_word' id='word_1_206' title='bbox 2977 3865 3076 3934; x_wconf 80' lang='grc' dir='ltr'><strong>τὴν</strong></span> <span class='ocrx_word' id='word_1_207' title='bbox 3127 3860 3255 3930; x_wconf 57' lang='grc' dir='ltr'><strong>περὶ⁸</strong></span> <span class='ocrx_word' id='word_1_208' title='bbox 3301 3856 3492 3910; x_wconf 80' lang='grc' dir='ltr'><strong>τούτου</strong></span> <span class='ocrx_word' id='word_1_209' title='bbox 3525 3870 3706 3923; x_wconf 76' lang='grc' dir='ltr'>φρον-</span> 
     </span>
    </p>
   </div>
   <div class='ocr_carea' id='block_1_40' title="bbox 2115 3941 3710 4037">
    <p class='ocr_par' dir='ltr' id='par_1_40' title="bbox 2115 3941 3710 4037">
     <span class='ocr_line' id='line_1_41' title="bbox 2115 3941 3710 4037; baseline -0.019 -13"><span class='ocrx_word' id='word_1_210' title='bbox 2115 3970 2252 4034; x_wconf 81' lang='grc' dir='ltr'>τίδα,</span> <span class='ocrx_word' id='word_1_211' title='bbox 2293 3941 2402 4037; x_wconf 47' lang='grc' dir='ltr'><strong>ὀὐχ</strong></span> <span class='ocrx_word' id='word_1_212' title='bbox 2429 3941 2527 4028; x_wconf 25' lang='grc' dir='ltr'>Ἷῶς</span> <span class='ocrx_word' id='word_1_213' title='bbox 2573 3961 2654 4015; x_wconf 91' lang='grc' dir='ltr'><strong>σοί</strong></span> <span class='ocrx_word' id='word_1_214' title='bbox 2701 3978 2753 4013; x_wconf 88' lang='grc' dir='ltr'>τι</span> <span class='ocrx_word' id='word_1_215' title='bbox 2800 3957 3126 4028; x_wconf 81' lang='grc' dir='ltr'>χρησιμαῖον</span> <span class='ocrx_word' id='word_1_216' title='bbox 3177 3953 3254 4013; x_wconf 83' lang='grc' dir='ltr'><strong>εἰς</strong></span> <span class='ocrx_word' id='word_1_217' title='bbox 3305 3948 3365 4000; x_wconf 84' lang='grc' dir='ltr'>τὺ</span> <span class='ocrx_word' id='word_1_218' title='bbox 3419 3946 3513 3998; x_wconf 85' lang='grc' dir='ltr'><strong>σὸν</strong></span> <span class='ocrx_word' id='word_1_219' title='bbox 3562 3941 3710 4015; x_wconf 75' lang='grc' dir='ltr'>ἦθος</span> 
     </span>
    </p>
   </div>
   <div class='ocr_carea' id='block_1_41' title="bbox 2116 4032 3710 4132">
    <p class='ocr_par' dir='ltr' id='par_1_41' title="bbox 2116 4032 3710 4132">
     <span class='ocr_line' id='line_1_42' title="bbox 2116 4032 3710 4132; baseline -0.021 -15"><span class='ocrx_word' id='word_1_220' title='bbox 2116 4032 2559 4132; x_wconf 48' lang='grc' dir='ltr'>(πέῄισααιγάρ</span> <span class='ocrx_word' id='word_1_221' title='bbox 2576 4069 2669 4105; x_wconf 83' lang='grc' dir='ltr'><strong>σου</strong></span> <span class='ocrx_word' id='word_1_222' title='bbox 2704 4044 3029 4119; x_wconf 79' lang='grc' dir='ltr'><strong>καθαρεύειν</strong></span> <span class='ocrx_word' id='word_1_223' title='bbox 3051 4044 3142 4095; x_wconf 85' lang='grc' dir='ltr'>τὸν</span> <span class='ocrx_word' id='word_1_224' title='bbox 3172 4040 3270 4110; x_wconf 81' lang='grc' dir='ltr'>τῆς</span> <span class='ocrx_word' id='word_1_225' title='bbox 3296 4037 3472 4107; x_wconf 77' lang='grc' dir='ltr'>ψυχῆς</span> <span class='ocrx_word' id='word_1_226' title='bbox 3503 4032 3710 4102; x_wconf 55' lang='lat' dir='ltr'><strong>690a}-</strong></span> 
     </span>
    </p>
   </div>
   <div class='ocr_carea' id='block_1_42' title="bbox 2123 4126 3705 4223">
    <p class='ocr_par' dir='ltr' id='par_1_42' title="bbox 2123 4126 3705 4223">
     <span class='ocr_line' id='line_1_43' title="bbox 2123 4126 3705 4223; baseline -0.018 -19"><span class='ocrx_word' id='word_1_227' title='bbox 2123 4126 2220 4223; x_wconf 55' lang='grc' dir='ltr'>ξιον</span> <span class='ocrx_word' id='word_1_228' title='bbox 2265 4126 2372 4202; x_wconf 66' lang='grc' dir='ltr'><strong>ἀπο</strong></span> <span class='ocrx_word' id='word_1_229' title='bbox 2404 4126 2584 4215; x_wconf 64' lang='grc' dir='ltr'>πᾶσής</span> <span class='ocrx_word' id='word_1_230' title='bbox 2615 4138 2895 4213; x_wconf 80' lang='grc' dir='ltr'>ὲμπαθοῦς</span> <span class='ocrx_word' id='word_1_231' title='bbox 2943 4154 3000 4189; x_wconf 77' lang='grc' dir='ltr'>τε</span> <span class='ocrx_word' id='word_1_232' title='bbox 3034 4135 3128 4188; x_wconf 73' lang='grc' dir='ltr'><strong>καὶ</strong></span> <span class='ocrx_word' id='word_1_233' title='bbox 3159 4130 3417 4202; x_wconf 82' lang='grc' dir='ltr'>ρυπὼσης</span> <span class='ocrx_word' id='word_1_234' title='bbox 3461 4126 3705 4188; x_wconf 76' lang='grc' dir='ltr'>ἐννοίας,</span> 
     </span>
    </p>
   </div>
   <div class='ocr_carea' id='block_1_43' title="bbox 2120 4217 3711 4312">
    <p class='ocr_par' dir='ltr' id='par_1_43' title="bbox 2120 4217 3711 4312">
     <span class='ocr_line' id='line_1_44' title="bbox 2120 4217 3711 4312; baseline -0.018 -15"><span class='ocrx_word' id='word_1_235' title='bbox 2120 4217 2215 4297; x_wconf 56' lang='grc' dir='ltr'><strong>παὶ</strong></span> <span class='ocrx_word' id='word_1_236' title='bbox 2245 4241 2379 4312; x_wconf 76' lang='grc' dir='ltr'>πρὸς</span> <span class='ocrx_word' id='word_1_237' title='bbox 2405 4239 2503 4308; x_wconf 85' lang='grc' dir='ltr'><strong>τὴν</strong></span> <span class='ocrx_word' id='word_1_238' title='bbox 2538 4235 2813 4304; x_wconf 84' lang='grc' dir='ltr'>ἀκήρατον</span> <span class='ocrx_word' id='word_1_239' title='bbox 2840 4229 2998 4302; x_wconf 82' lang='grc' dir='ltr'>χάριν</span> <span class='ocrx_word' id='word_1_240' title='bbox 3025 4227 3112 4280; x_wconf 86' lang='grc' dir='ltr'>διὰ</span> <span class='ocrx_word' id='word_1_241' title='bbox 3141 4224 3246 4278; x_wconf 82' lang='grc' dir='ltr'>τῶν</span> <span class='ocrx_word' id='word_1_242' title='bbox 3273 4222 3436 4274; x_wconf 81' lang='grc' dir='ltr'>θείων</span> <span class='ocrx_word' id='word_1_243' title='bbox 3488 4217 3711 4312; x_wconf 58' lang='grc' dir='ltr'>ῖούτων</span> 
     </span>
    </p>
   </div>
   <div class='ocr_carea' id='block_1_44' title="bbox 2125 4302 3710 4406">
    <p class='ocr_par' dir='ltr' id='par_1_44' title="bbox 2125 4302 3710 4406">
     <span class='ocr_line' id='line_1_45' title="bbox 2125 4302 3710 4406; baseline -0.018 -18"><span class='ocrx_word' id='word_1_244' title='bbox 2125 4302 2304 4406; x_wconf 72' lang='grc' dir='ltr'>ῥητῶν</span> <span class='ocrx_word' id='word_1_245' title='bbox 2358 4302 2845 4398; x_wconf 63' lang='grc' dir='ltr'>ἀπαρεμποδίστως</span> <span class='ocrx_word' id='word_1_246' title='bbox 2887 4316 3164 4390; x_wconf 82' lang='grc' dir='ltr'>βλέπειν),</span> <span class='ocrx_word' id='word_1_247' title='bbox 3219 4313 3334 4367; x_wconf 80' lang='grc' dir='ltr'>ἀλλ’</span> <span class='ocrx_word' id='word_1_248' title='bbox 3380 4311 3465 4380; x_wconf 77' lang='grc' dir='ltr'><strong>ἐφ’</strong></span> <span class='ocrx_word' id='word_1_249' title='bbox 3493 4302 3541 4376; x_wconf 83' lang='grc' dir='ltr'>ᾧ</span> <span class='ocrx_word' id='word_1_250' title='bbox 3590 4309 3710 4369; x_wconf 80' lang='grc' dir='ltr'>τοίς</span> 
     </span>
    </p>
   </div>
   <div class='ocr_carea' id='block_1_45' title="bbox 449 4400 2022 4517">
    <p class='ocr_par' dir='ltr' id='par_1_45' title="bbox 449 4400 2022 4512">
     <span class='ocr_line' id='line_1_46' title="bbox 450 4400 1749 4432; baseline -0.014 -13"><span class='ocrx_word' id='word_1_251' title='bbox 450 4400 619 4420; x_wconf 74' lang='grc' dir='ltr'><strong>α.......</strong></span> <span class='ocrx_word' id='word_1_252' title='bbox 671 4400 1213 4432; x_wconf 61' lang='grc' dir='ltr'><strong>γυ......,....ν....,..υ,</strong></span> <span class='ocrx_word' id='word_1_253' title='bbox 1254 4400 1488 4423; x_wconf 55' lang='lat'><strong>-_---1_-</strong></span> <span class='ocrx_word' id='word_1_254' title='bbox 1528 4400 1614 4420; x_wconf 49' lang='grc' dir='ltr'><strong>Γ--</strong></span> 
     </span>
     <span class='ocr_line' id='line_1_47' title="bbox 449 4443 2022 4512; baseline -0.015 0"><span class='ocrx_word' id='word_1_255' title='bbox 449 4458 616 4512; x_wconf 86' lang='lat' dir='ltr'><strong>verba</strong></span> <span class='ocrx_word' id='word_1_256' title='bbox 649 4455 718 4509; x_wconf 91' lang='lat' dir='ltr'><strong>ad</strong></span> <span class='ocrx_word' id='word_1_257' title='bbox 753 4453 1030 4509; x_wconf 86' lang='lat' dir='ltr'><strong>sinceram</strong></span> <span class='ocrx_word' id='word_1_258' title='bbox 1061 4459 1115 4504; x_wconf 80' lang='lat' dir='ltr'><strong>et</strong></span> <span class='ocrx_word' id='word_1_259' title='bbox 1136 4448 1205 4503; x_wconf 87' lang='lat' dir='ltr'><strong>ab</strong></span> <span class='ocrx_word' id='word_1_260' title='bbox 1233 4447 1460 4501; x_wconf 88' lang='lat' dir='ltr'><strong>interitu</strong></span> <span class='ocrx_word' id='word_1_261' title='bbox 1493 4443 1726 4498; x_wconf 89' lang='lat' dir='ltr'><strong>alienam</strong></span> <span class='ocrx_word' id='word_1_262' title='bbox 1765 4450 2022 4509; x_wconf 87' lang='lat' dir='ltr'><strong>sponsam</strong></span> 
     </span>
    </p>
   </div>
   <div class='ocr_carea' id='block_1_46' title="bbox 2128 4400 3713 4517">
    <p class='ocr_par' dir='ltr' id='par_1_46' title="bbox 2128 4400 3713 4493">
     <span class='ocr_line' id='line_1_48' title="bbox 2128 4400 3713 4493; baseline -0.017 -16"><span class='ocrx_word' id='word_1_263' title='bbox 2128 4400 2582 4493; x_wconf 78' lang='grc' dir='ltr'>σαρκωδεστέροις</span> <span class='ocrx_word' id='word_1_264' title='bbox 2607 4411 2973 4486; x_wconf 86' lang='grc' dir='ltr'>χειραγωγίαν</span> <span class='ocrx_word' id='word_1_265' title='bbox 3000 4407 3123 4460; x_wconf 78' lang='grc' dir='ltr'>τινὰ</span> <span class='ocrx_word' id='word_1_266' title='bbox 3144 4403 3415 4474; x_wconf 78' lang='grc' dir='ltr'>γενέσθαι.</span> <span class='ocrx_word' id='word_1_267' title='bbox 3435 4401 3576 4470; x_wconf 84' lang='grc' dir='ltr'>πρὸς</span> <span class='ocrx_word' id='word_1_268' title='bbox 3601 4400 3713 4469; x_wconf 73' lang='grc' dir='ltr'><strong>τὴν</strong></span> 
     </span>
    </p>
   </div>
   <div class='ocr_carea' id='block_1_47' title="bbox 451 4533 1811 4611">
    <p class='ocr_par' dir='ltr' id='par_1_47' title="bbox 451 4533 1811 4611">
     <span class='ocr_line' id='line_1_49' title="bbox 451 4533 1811 4611; baseline -0.014 -7"><span class='ocrx_word' id='word_1_269' title='bbox 451 4548 656 4604; x_wconf 89' lang='lat' dir='ltr'><strong>intueri</strong></span> <span class='ocrx_word' id='word_1_270' title='bbox 684 4546 823 4602; x_wconf 89' lang='lat' dir='ltr'><strong>citra</strong></span> <span class='ocrx_word' id='word_1_271' title='bbox 856 4543 1027 4598; x_wconf 93' lang='lat' dir='ltr'><strong>ullum</strong></span> <span class='ocrx_word' id='word_1_272' title='bbox 1059 4539 1506 4611; x_wconf 89' lang='lat' dir='ltr'><strong>impedimentum</strong></span> <span class='ocrx_word' id='word_1_273' title='bbox 1530 4533 1660 4590; x_wconf 74' lang='lat' dir='ltr'><strong>:sed</strong></span> <span class='ocrx_word' id='word_1_274' title='bbox 1689 4541 1749 4586; x_wconf 90' lang='lat' dir='ltr'><strong>ut</strong></span> <span class='ocrx_word' id='word_1_275' title='bbox 1778 4547 1811 4600; x_wconf 93' lang='lat' dir='ltr'><strong>q</strong></span> 
     </span>
    </p>
   </div>
   <div class='ocr_carea' id='block_1_48' title="bbox 452 4615 2023 4708">
    <p class='ocr_par' dir='ltr' id='par_1_48' title="bbox 452 4615 2023 4708">
     <span class='ocr_line' id='line_1_50' title="bbox 452 4615 2023 4708; baseline -0.013 -17"><span class='ocrx_word' id='word_1_276' title='bbox 452 4638 618 4708; x_wconf 88' lang='lat' dir='ltr'><strong>paulo</strong></span> <span class='ocrx_word' id='word_1_277' title='bbox 667 4634 845 4705; x_wconf 74' lang='lat' dir='ltr'><strong>magis</strong></span> <span class='ocrx_word' id='word_1_278' title='bbox 901 4631 1175 4695; x_wconf 86' lang='lat' dir='ltr'><strong>carnales,</strong></span> <span class='ocrx_word' id='word_1_279' title='bbox 1230 4643 1330 4698; x_wconf 90' lang='lat' dir='ltr'><strong>per</strong></span> <span class='ocrx_word' id='word_1_280' title='bbox 1383 4640 1504 4680; x_wconf 89' lang='lat' dir='ltr'><strong>eam</strong></span> <span class='ocrx_word' id='word_1_281' title='bbox 1559 4622 1902 4678; x_wconf 89' lang='lat' dir='ltr'><strong>deducantur</strong></span> <span class='ocrx_word' id='word_1_282' title='bbox 1955 4615 2023 4671; x_wconf 87' lang='lat' dir='ltr'><strong>ad</strong></span> 
     </span>
    </p>
   </div>
   <div class='ocr_carea' id='block_1_49' title="bbox 454 4711 2024 4798">
    <p class='ocr_par' dir='ltr' id='par_1_49' title="bbox 454 4711 2024 4798">
     <span class='ocr_line' id='line_1_51' title="bbox 454 4711 2024 4798; baseline -0.014 -14"><span class='ocrx_word' id='word_1_283' title='bbox 454 4727 797 4798; x_wconf 86' lang='lat' dir='ltr'><strong>spiritualem</strong></span> <span class='ocrx_word' id='word_1_284' title='bbox 854 4731 908 4778; x_wconf 91' lang='lat' dir='ltr'><strong>et</strong></span> <span class='ocrx_word' id='word_1_285' title='bbox 937 4721 1183 4777; x_wconf 66' lang='lat' dir='ltr'><strong>materiae</strong></span> <span class='ocrx_word' id='word_1_286' title='bbox 1236 4726 1514 4787; x_wconf 84' lang='lat' dir='ltr'><strong>expertem</strong></span> <span class='ocrx_word' id='word_1_287' title='bbox 1549 4721 1752 4770; x_wconf 83' lang='lat' dir='ltr'><strong>statum</strong></span> <span class='ocrx_word' id='word_1_288' title='bbox 1807 4711 2024 4774; x_wconf 69' lang='lat' dir='ltr'><strong>animae,</strong></span> 
     </span>
    </p>
   </div>
   <div class='ocr_carea' id='block_1_50' title="bbox 455 4803 2026 4889">
    <p class='ocr_par' dir='ltr' id='par_1_50' title="bbox 455 4803 2026 4889">
     <span class='ocr_line' id='line_1_52' title="bbox 455 4803 2026 4889; baseline -0.013 -14"><span class='ocrx_word' id='word_1_289' title='bbox 455 4821 524 4875; x_wconf 92' lang='lat' dir='ltr'><strong>ad</strong></span> <span class='ocrx_word' id='word_1_290' title='bbox 558 4834 720 4889; x_wconf 90' lang='lat' dir='ltr'><strong>quem</strong></span> <span class='ocrx_word' id='word_1_291' title='bbox 748 4816 900 4872; x_wconf 90' lang='lat' dir='ltr'><strong>ducit</strong></span> <span class='ocrx_word' id='word_1_292' title='bbox 928 4815 1020 4870; x_wconf 84' lang='lat' dir='ltr'><strong>hic</strong></span> <span class='ocrx_word' id='word_1_293' title='bbox 1069 4814 1206 4868; x_wconf 89' lang='lat' dir='ltr'><strong>liber</strong></span> <span class='ocrx_word' id='word_1_294' title='bbox 1234 4826 1330 4880; x_wconf 91' lang='lat' dir='ltr'><strong>per</strong></span> <span class='ocrx_word' id='word_1_295' title='bbox 1358 4807 1680 4878; x_wconf 86' lang='lat' dir='ltr'><strong>sapientiam</strong></span> <span class='ocrx_word' id='word_1_296' title='bbox 1711 4820 1831 4874; x_wconf 73' lang='lat' dir='ltr'><strong>qua:</strong></span> <span class='ocrx_word' id='word_1_297' title='bbox 1863 4803 1919 4857; x_wconf 91' lang='lat' dir='ltr'><strong>in</strong></span> <span class='ocrx_word' id='word_1_298' title='bbox 1960 4815 2026 4855; x_wconf 87' lang='lat' dir='ltr'><strong>eo</strong></span> 
     </span>
    </p>
   </div>
   <div class='ocr_carea' id='block_1_51' title="bbox 456 4894 2028 4976">
    <p class='ocr_par' dir='ltr' id='par_1_51' title="bbox 456 4894 2028 4976">
     <span class='ocr_line' id='line_1_53' title="bbox 456 4894 2028 4976; baseline -0.013 -8"><span class='ocrx_word' id='word_1_299' title='bbox 456 4913 751 4968; x_wconf 89' lang='lat' dir='ltr'><strong>delitescit.</strong></span> <span class='ocrx_word' id='word_1_300' title='bbox 787 4909 1059 4976; x_wconf 77' lang='lat' dir='ltr'><strong>Quoniam</strong></span> <span class='ocrx_word' id='word_1_301' title='bbox 1091 4914 1272 4960; x_wconf 87' lang='lat' dir='ltr'><strong>autem</strong></span> <span class='ocrx_word' id='word_1_302' title='bbox 1298 4901 1578 4956; x_wconf 88' lang='lat' dir='ltr'><strong>nonnullis</strong></span> <span class='ocrx_word' id='word_1_303' title='bbox 1606 4898 1823 4954; x_wconf 90' lang='lat' dir='ltr'><strong>videtur</strong></span> <span class='ocrx_word' id='word_1_304' title='bbox 1847 4894 2028 4949; x_wconf 92' lang='lat' dir='ltr'><strong>eccle-</strong></span> 
     </span>
    </p>
   </div>
   <div class='ocr_carea' id='block_1_52' title="bbox 457 4986 2028 5068">
    <p class='ocr_par' dir='ltr' id='par_1_52' title="bbox 457 4986 2028 5068">
     <span class='ocr_line' id='line_1_54' title="bbox 457 4986 2028 5068; baseline -0.016 -6"><span class='ocrx_word' id='word_1_305' title='bbox 457 5003 726 5068; x_wconf 87' lang='lat' dir='ltr'><strong>siasticis,</strong></span> <span class='ocrx_word' id='word_1_306' title='bbox 775 5014 947 5057; x_wconf 59' lang='lat' dir='ltr'><strong>sacrae</strong></span> <span class='ocrx_word' id='word_1_307' title='bbox 990 4996 1291 5066; x_wconf 70' lang='lat' dir='ltr'><strong>Scriptura:</strong></span> <span class='ocrx_word' id='word_1_308' title='bbox 1340 4992 1579 5047; x_wconf 86' lang='lat' dir='ltr'><strong>litteram</strong></span> <span class='ocrx_word' id='word_1_309' title='bbox 1629 4997 1684 5043; x_wconf 88' lang='lat' dir='ltr'><strong>et</strong></span> <span class='ocrx_word' id='word_1_310' title='bbox 1733 4986 2028 5041; x_wconf 86' lang='lat' dir='ltr'><strong>dictionem</strong></span> 
     </span>
    </p>
   </div>
   <div class='ocr_carea' id='block_1_53' title="bbox 456 5077 2029 5164">
    <p class='ocr_par' dir='ltr' id='par_1_53' title="bbox 456 5077 2029 5164">
     <span class='ocr_line' id='line_1_55' title="bbox 456 5077 2029 5164; baseline -0.015 -15"><span class='ocrx_word' id='word_1_311' title='bbox 456 5101 723 5164; x_wconf 86' lang='lat' dir='ltr'><strong>perpetuo</strong></span> <span class='ocrx_word' id='word_1_312' title='bbox 769 5105 891 5145; x_wconf 90' lang='lat' dir='ltr'><strong>esse</strong></span> <span class='ocrx_word' id='word_1_313' title='bbox 948 5085 1304 5156; x_wconf 89' lang='lat' dir='ltr'><strong>sequendam,</strong></span> <span class='ocrx_word' id='word_1_314' title='bbox 1361 5095 1462 5136; x_wconf 91' lang='lat' dir='ltr'><strong>nec</strong></span> <span class='ocrx_word' id='word_1_315' title='bbox 1514 5077 1894 5134; x_wconf 83' lang='lat' dir='ltr'><strong>assentiuntur</strong></span> <span class='ocrx_word' id='word_1_316' title='bbox 1933 5087 2029 5143; x_wconf 85' lang='lat' dir='ltr'><strong>per</strong></span> 
     </span>
    </p>
   </div>
   <div class='ocr_carea' id='block_1_54' title="bbox 457 5158 2030 5253">
    <p class='ocr_par' dir='ltr' id='par_1_54' title="bbox 457 5158 2030 5253">
     <span class='ocr_line' id='line_1_56' title="bbox 457 5158 2030 5253; baseline -0.016 -16"><span class='ocrx_word' id='word_1_317' title='bbox 457 5158 746 5253; x_wconf 42' lang='lat' dir='ltr'><strong>agni-gmina</strong></span> <span class='ocrx_word' id='word_1_318' title='bbox 791 5176 1193 5247; x_wconf 77' lang='lat' dir='ltr'><strong>allegoriasque</strong></span> <span class='ocrx_word' id='word_1_319' title='bbox 1233 5179 1287 5226; x_wconf 89' lang='lat' dir='ltr'><strong>et</strong></span> <span class='ocrx_word' id='word_1_320' title='bbox 1315 5183 1510 5225; x_wconf 87' lang='lat' dir='ltr'><strong>sensus</strong></span> <span class='ocrx_word' id='word_1_321' title='bbox 1551 5179 1782 5221; x_wconf 85' lang='lat' dir='ltr'><strong>arcanos</strong></span> <span class='ocrx_word' id='word_1_322' title='bbox 1823 5158 2030 5230; x_wconf 89' lang='lat' dir='ltr'><strong>aliquid</strong></span> 
     </span>
    </p>
   </div>
   <div class='ocr_carea' id='block_1_55' title="bbox 458 5253 2030 5330">
    <p class='ocr_par' dir='ltr' id='par_1_55' title="bbox 458 5253 2030 5330">
     <span class='ocr_line' id='line_1_57' title="bbox 458 5253 2030 5330; baseline -0.017 -1"><span class='ocrx_word' id='word_1_323' title='bbox 458 5276 530 5330; x_wconf 89' lang='lat' dir='ltr'><strong>ab</strong></span> <span class='ocrx_word' id='word_1_324' title='bbox 559 5290 622 5327; x_wconf 88' lang='lat' dir='ltr'><strong>ea</strong></span> <span class='ocrx_word' id='word_1_325' title='bbox 650 5272 858 5326; x_wconf 89' lang='lat' dir='ltr'><strong>dictum</strong></span> <span class='ocrx_word' id='word_1_326' title='bbox 881 5283 1004 5324; x_wconf 91' lang='lat' dir='ltr'><strong>esse</strong></span> <span class='ocrx_word' id='word_1_327' title='bbox 1033 5266 1098 5320; x_wconf 87' lang='lat' dir='ltr'><strong>ad</strong></span> <span class='ocrx_word' id='word_1_328' title='bbox 1131 5271 1376 5319; x_wconf 90' lang='lat' dir='ltr'><strong>nostram</strong></span> <span class='ocrx_word' id='word_1_329' title='bbox 1415 5259 1738 5314; x_wconf 87' lang='lat' dir='ltr'><strong>utilitatem:</strong></span> <span class='ocrx_word' id='word_1_330' title='bbox 1774 5253 2030 5309; x_wconf 79' lang='lat' dir='ltr'><strong>existimo</strong></span> 
     </span>
    </p>
   </div>
   <div class='ocr_carea' id='block_1_56' title="bbox 464 5339 2032 5433">
    <p class='ocr_par' dir='ltr' id='par_1_56' title="bbox 464 5339 2032 5433">
     <span class='ocr_line' id='line_1_58' title="bbox 464 5339 2032 5433; baseline -0.015 -16"><span class='ocrx_word' id='word_1_331' title='bbox 464 5365 698 5433; x_wconf 85' lang='lat' dir='ltr'><strong>primum</strong></span> <span class='ocrx_word' id='word_1_332' title='bbox 734 5375 860 5416; x_wconf 89' lang='lat' dir='ltr'><strong>esse</strong></span> <span class='ocrx_word' id='word_1_333' title='bbox 899 5354 1296 5415; x_wconf 89' lang='lat' dir='ltr'><strong>necessarium,</strong></span> <span class='ocrx_word' id='word_1_334' title='bbox 1334 5350 1403 5406; x_wconf 93' lang='lat' dir='ltr'><strong>iis</strong></span> <span class='ocrx_word' id='word_1_335' title='bbox 1444 5346 1780 5418; x_wconf 89' lang='lat' dir='ltr'><strong>respondere</strong></span> <span class='ocrx_word' id='word_1_336' title='bbox 1823 5342 1916 5412; x_wconf 90' lang='lat' dir='ltr'><strong>qui</strong></span> <span class='ocrx_word' id='word_1_337' title='bbox 1964 5339 2032 5394; x_wconf 88' lang='lat' dir='ltr'><strong>de</strong></span> 
     </span>
    </p>
   </div>
   <div class='ocr_carea' id='block_1_57' title="bbox 465 5436 2033 5513">
    <p class='ocr_par' dir='ltr' id='par_1_57' title="bbox 465 5436 2033 5513">
     <span class='ocr_line' id='line_1_59' title="bbox 465 5436 2033 5513; baseline -0.015 -5"><span class='ocrx_word' id='word_1_338' title='bbox 465 5456 534 5510; x_wconf 87' lang='lat' dir='ltr'><strong>iis</strong></span> <span class='ocrx_word' id='word_1_339' title='bbox 561 5471 661 5509; x_wconf 93' lang='lat' dir='ltr'><strong>nos</strong></span> <span class='ocrx_word' id='word_1_340' title='bbox 698 5459 983 5513; x_wconf 85' lang='lat' dir='ltr'><strong>accusant,</strong></span> <span class='ocrx_word' id='word_1_341' title='bbox 1029 5457 1085 5503; x_wconf 87' lang='lat' dir='ltr'><strong>et</strong></span> <span class='ocrx_word' id='word_1_342' title='bbox 1130 5443 1444 5509; x_wconf 87' lang='lat' dir='ltr'><strong>ostendere,</strong></span> <span class='ocrx_word' id='word_1_343' title='bbox 1476 5439 1623 5511; x_wconf 90' lang='lat' dir='ltr'><strong>quod</strong></span> <span class='ocrx_word' id='word_1_344' title='bbox 1656 5437 1790 5493; x_wconf 87' lang='lat' dir='ltr'><strong>nihil</strong></span> <span class='ocrx_word' id='word_1_345' title='bbox 1837 5436 2033 5488; x_wconf 82' lang='lat' dir='ltr'><strong>absur—</strong></span> 
     </span>
    </p>
   </div>
   <div class='ocr_carea' id='block_1_58' title="bbox 465 5524 2035 5599">
    <p class='ocr_par' dir='ltr' id='par_1_58' title="bbox 465 5524 2035 5599">
     <span class='ocr_line' id='line_1_60' title="bbox 465 5524 2035 5599; baseline -0.014 0"><span class='ocrx_word' id='word_1_346' title='bbox 465 5545 596 5599; x_wconf 89' lang='lat' dir='ltr'><strong>dum</strong></span> <span class='ocrx_word' id='word_1_347' title='bbox 646 5552 700 5598; x_wconf 90' lang='lat' dir='ltr'><strong>et</strong></span> <span class='ocrx_word' id='word_1_348' title='bbox 734 5545 972 5598; x_wconf 82' lang='lat' dir='ltr'><strong>alienum</strong></span> <span class='ocrx_word' id='word_1_349' title='bbox 1017 5539 1276 5599; x_wconf 80' lang='lat' dir='ltr'><strong>facimus,</strong></span> <span class='ocrx_word' id='word_1_350' title='bbox 1323 5535 1370 5589; x_wconf 92' lang='lat' dir='ltr'><strong>si</strong></span> <span class='ocrx_word' id='word_1_351' title='bbox 1417 5550 1484 5588; x_wconf 85' lang='lat' dir='ltr'><strong>ex</strong></span> <span class='ocrx_word' id='word_1_352' title='bbox 1524 5531 1706 5586; x_wconf 88' lang='lat' dir='ltr'><strong>divina</strong></span> <span class='ocrx_word' id='word_1_353' title='bbox 1755 5536 1808 5582; x_wconf 90' lang='lat' dir='ltr'><strong>et</strong></span> <span class='ocrx_word' id='word_1_354' title='bbox 1851 5541 1882 5579; x_wconf 91' lang='lat' dir='ltr'><strong>a</strong></span> <span class='ocrx_word' id='word_1_355' title='bbox 1925 5524 2035 5578; x_wconf 88' lang='lat' dir='ltr'><strong>Deo</strong></span> 
     </span>
    </p>
   </div>
   <div class='ocr_carea' id='block_1_59' title="bbox 469 5616 2033 5704">
    <p class='ocr_par' dir='ltr' id='par_1_59' title="bbox 469 5616 2033 5704">
     <span class='ocr_line' id='line_1_61' title="bbox 469 5616 2033 5704; baseline -0.014 -15"><span class='ocrx_word' id='word_1_356' title='bbox 469 5637 738 5704; x_wconf 87' lang='lat' dir='ltr'><strong>inspirata</strong></span> <span class='ocrx_word' id='word_1_357' title='bbox 768 5633 1055 5702; x_wconf 84' lang='lat' dir='ltr'><strong>Scriptura</strong></span> <span class='ocrx_word' id='word_1_358' title='bbox 1093 5629 1241 5684; x_wconf 90' lang='lat' dir='ltr'><strong>omni</strong></span> <span class='ocrx_word' id='word_1_359' title='bbox 1286 5626 1501 5680; x_wconf 70' lang='lat' dir='ltr'><strong>ratione.</strong></span> <span class='ocrx_word' id='word_1_360' title='bbox 1532 5634 1796 5676; x_wconf 88' lang='lat' dir='ltr'><strong>venemur</strong></span> <span class='ocrx_word' id='word_1_361' title='bbox 1825 5616 2033 5671; x_wconf 90' lang='lat' dir='ltr'><strong>utilita-</strong></span> 
     </span>
    </p>
   </div>
   <div class='ocr_carea' id='block_1_60' title="bbox 467 5707 2029 5791">
    <p class='ocr_par' dir='ltr' id='par_1_60' title="bbox 467 5707 2029 5791">
     <span class='ocr_line' id='line_1_62' title="bbox 467 5707 2029 5791; baseline -0.013 -11"><span class='ocrx_word' id='word_1_362' title='bbox 467 5733 577 5780; x_wconf 85' lang='lat' dir='ltr'><strong>tem</strong></span> <span class='ocrx_word' id='word_1_363' title='bbox 606 5744 619 5781; x_wconf 90' lang='lat'><strong>:</strong></span> <span class='ocrx_word' id='word_1_364' title='bbox 647 5733 705 5779; x_wconf 90' lang='lat' dir='ltr'><strong>ut</strong></span> <span class='ocrx_word' id='word_1_365' title='bbox 731 5725 776 5780; x_wconf 90' lang='lat' dir='ltr'><strong>si</strong></span> <span class='ocrx_word' id='word_1_366' title='bbox 805 5723 981 5791; x_wconf 85' lang='lat' dir='ltr'><strong>prosit</strong></span> <span class='ocrx_word' id='word_1_367' title='bbox 1021 5720 1236 5789; x_wconf 86' lang='lat' dir='ltr'><strong>quidem</strong></span> <span class='ocrx_word' id='word_1_368' title='bbox 1270 5716 1439 5774; x_wconf 86' lang='lat' dir='ltr'><strong>dictio</strong></span> <span class='ocrx_word' id='word_1_369' title='bbox 1470 5712 1749 5770; x_wconf 79' lang='lat' dir='ltr'><strong>intellecta</strong></span> <span class='ocrx_word' id='word_1_370' title='bbox 1781 5719 1837 5763; x_wconf 85' lang='lat' dir='ltr'><strong>ut</strong></span> <span class='ocrx_word' id='word_1_371' title='bbox 1881 5707 2029 5762; x_wconf 83' lang='lat' dir='ltr'><strong>dicta</strong></span> 
     </span>
    </p>
   </div>
   <div class='ocr_carea' id='block_1_61' title="bbox 1817 4493 3709 4584">
    <p class='ocr_par' dir='ltr' id='par_1_61' title="bbox 1817 4493 3709 4584">
     <span class='ocr_line' id='line_1_63' title="bbox 1817 4493 3709 4584; baseline -0.018 -11"><span class='ocrx_word' id='word_1_372' title='bbox 1817 4530 1870 4583; x_wconf 82' lang='lat' dir='ltr'><strong>ui</strong></span> <span class='ocrx_word' id='word_1_373' title='bbox 1897 4534 2026 4584; x_wconf 74' lang='lat' dir='ltr'><strong>sum,</strong></span> <span class='ocrx_word' id='word_1_374' title='bbox 2055 4493 2096 4517; x_wconf 66' lang='grc' dir='ltr'><strong><em>υ</em></strong></span> <span class='ocrx_word' id='word_1_375' title='bbox 2130 4509 2502 4580; x_wconf 84' lang='grc' dir='ltr'>πνευματικήν</span> <span class='ocrx_word' id='word_1_376' title='bbox 2535 4523 2595 4560; x_wconf 83' lang='grc' dir='ltr'>τε</span> <span class='ocrx_word' id='word_1_377' title='bbox 2632 4504 2727 4558; x_wconf 80' lang='grc' dir='ltr'><strong>καὶ</strong></span> <span class='ocrx_word' id='word_1_378' title='bbox 2763 4501 2925 4555; x_wconf 81' lang='grc' dir='ltr'>ᾶῦλον</span> <span class='ocrx_word' id='word_1_379' title='bbox 2965 4497 3065 4565; x_wconf 80' lang='grc' dir='ltr'><strong>τῆς</strong></span> <span class='ocrx_word' id='word_1_380' title='bbox 3097 4495 3274 4565; x_wconf 77' lang='grc' dir='ltr'>ψυχῆς</span> <span class='ocrx_word' id='word_1_381' title='bbox 3330 4493 3668 4545; x_wconf 80' lang='grc' dir='ltr'>κατάστασιν</span> <span class='ocrx_word' id='word_1_382' title='bbox 3689 4527 3709 4550; x_wconf 84' lang='grc'><strong><em>,</em></strong></span> 
     </span>
    </p>
   </div>
   <div class='ocr_carea' id='block_1_62' title="bbox 2130 4581 3711 4673">
    <p class='ocr_par' dir='ltr' id='par_1_62' title="bbox 2130 4581 3711 4673">
     <span class='ocr_line' id='line_1_64' title="bbox 2130 4581 3711 4673; baseline -0.016 -17"><span class='ocrx_word' id='word_1_383' title='bbox 2130 4602 2264 4673; x_wconf 76' lang='grc' dir='ltr'>πρὸς</span> <span class='ocrx_word' id='word_1_384' title='bbox 2282 4602 2348 4672; x_wconf 77' lang='grc' dir='ltr'>ἣν</span> <span class='ocrx_word' id='word_1_385' title='bbox 2377 4599 2500 4666; x_wconf 76' lang='grc' dir='ltr'>ἄγει</span> <span class='ocrx_word' id='word_1_386' title='bbox 2521 4596 2583 4650; x_wconf 78' lang='grc' dir='ltr'><strong>τὸ</strong></span> <span class='ocrx_word' id='word_1_387' title='bbox 2604 4594 2802 4666; x_wconf 79' lang='grc' dir='ltr'>βιϐλίον</span> <span class='ocrx_word' id='word_1_388' title='bbox 2830 4591 2986 4644; x_wconf 79' lang='grc' dir='ltr'>τοῦτο</span> <span class='ocrx_word' id='word_1_389' title='bbox 3015 4588 3101 4641; x_wconf 80' lang='grc' dir='ltr'>διὰ</span> <span class='ocrx_word' id='word_1_390' title='bbox 3119 4587 3218 4656; x_wconf 77' lang='grc' dir='ltr'><strong>τῆς</strong></span> <span class='ocrx_word' id='word_1_391' title='bbox 3248 4581 3711 4654; x_wconf 82' lang='grc' dir='ltr'>ὲγκεκρυμμένης</span> 
     </span>
    </p>
   </div>
   <div class='ocr_carea' id='block_1_63' title="bbox 2127 4671 3710 4765">
    <p class='ocr_par' dir='ltr' id='par_1_63' title="bbox 2127 4671 3710 4765">
     <span class='ocr_line' id='line_1_65' title="bbox 2127 4671 3710 4765; baseline -0.018 -15"><span class='ocrx_word' id='word_1_392' title='bbox 2127 4693 2274 4765; x_wconf 82' lang='grc' dir='ltr'>αὐτῷ</span> <span class='ocrx_word' id='word_1_393' title='bbox 2321 4691 2529 4762; x_wconf 82' lang='grc' dir='ltr'>σοφίας.</span> <span class='ocrx_word' id='word_1_394' title='bbox 2578 4685 2795 4754; x_wconf 83' lang='grc' dir='ltr'>Ἐπειδὴ</span> <span class='ocrx_word' id='word_1_395' title='bbox 2841 4683 2898 4736; x_wconf 79' lang='grc' dir='ltr'><strong>δέ</strong></span> <span class='ocrx_word' id='word_1_396' title='bbox 2935 4697 3046 4735; x_wconf 87' lang='grc' dir='ltr'>τισι</span> <span class='ocrx_word' id='word_1_397' title='bbox 3090 4679 3197 4731; x_wconf 82' lang='grc' dir='ltr'>τῶν</span> <span class='ocrx_word' id='word_1_398' title='bbox 3231 4671 3710 4744; x_wconf 67' lang='grc' dir='ltr'>ὲκκλησιαστικιῖνθ</span> 
     </span>
    </p>
   </div>
   <div class='ocr_carea' id='block_1_64' title="bbox 2130 4761 3712 4857">
    <p class='ocr_par' dir='ltr' id='par_1_64' title="bbox 2130 4761 3712 4857">
     <span class='ocr_line' id='line_1_66' title="bbox 2130 4761 3712 4857; baseline -0.018 -17"><span class='ocrx_word' id='word_1_399' title='bbox 2130 4761 2496 4857; x_wconf 83' lang='grc' dir='ltr'>παρίστασθαι</span> <span class='ocrx_word' id='word_1_400' title='bbox 2526 4780 2592 4850; x_wconf 80' lang='grc' dir='ltr'><strong>τῇ</strong></span> <span class='ocrx_word' id='word_1_401' title='bbox 2617 4776 2759 4841; x_wconf 80' lang='grc' dir='ltr'>λέξει</span> <span class='ocrx_word' id='word_1_402' title='bbox 2785 4774 2884 4843; x_wconf 80' lang='grc' dir='ltr'><strong>τῆς</strong></span> <span class='ocrx_word' id='word_1_403' title='bbox 2920 4770 3082 4839; x_wconf 81' lang='grc' dir='ltr'>ἁγίας</span> <span class='ocrx_word' id='word_1_404' title='bbox 3107 4765 3329 4838; x_wconf 78' lang='grc' dir='ltr'>Γραφῆς</span> <span class='ocrx_word' id='word_1_405' title='bbox 3359 4763 3450 4817; x_wconf 75' lang='grc' dir='ltr'><strong>διὰ</strong></span> <span class='ocrx_word' id='word_1_406' title='bbox 3481 4761 3712 4814; x_wconf 78' lang='grc' dir='ltr'>πάντων</span> 
     </span>
    </p>
   </div>
   <div class='ocr_carea' id='block_1_65' title="bbox 2131 4853 3708 4935">
    <p class='ocr_par' dir='ltr' id='par_1_65' title="bbox 2131 4853 3708 4935">
     <span class='ocr_line' id='line_1_67' title="bbox 2131 4853 3708 4935; baseline -0.019 -2"><span class='ocrx_word' id='word_1_407' title='bbox 2131 4880 2266 4933; x_wconf 81' lang='grc' dir='ltr'>ἰέναι</span> <span class='ocrx_word' id='word_1_408' title='bbox 2309 4875 2475 4935; x_wconf 82' lang='grc' dir='ltr'>δοκεῖ,</span> <span class='ocrx_word' id='word_1_409' title='bbox 2515 4871 2609 4925; x_wconf 73' lang='grc' dir='ltr'><strong>καὶ</strong></span> <span class='ocrx_word' id='word_1_410' title='bbox 2638 4868 2698 4920; x_wconf 84' lang='grc' dir='ltr'>τὸ</span> <span class='ocrx_word' id='word_1_411' title='bbox 2731 4865 2797 4919; x_wconf 88' lang='grc' dir='ltr'><strong>δι’</strong></span> <span class='ocrx_word' id='word_1_412' title='bbox 2832 4861 3166 4930; x_wconf 80' lang='grc' dir='ltr'>αἰνιγμάτων</span> <span class='ocrx_word' id='word_1_413' title='bbox 3199 4857 3294 4910; x_wconf 80' lang='grc' dir='ltr'><strong>καὶ</strong></span> <span class='ocrx_word' id='word_1_414' title='bbox 3326 4853 3598 4907; x_wconf 82' lang='grc' dir='ltr'>ὑπονοιῶν</span> <span class='ocrx_word' id='word_1_415' title='bbox 3630 4853 3708 4904; x_wconf 78' lang='grc' dir='ltr'><strong>εἱ-</strong></span> 
     </span>
    </p>
   </div>
   <div class='ocr_carea' id='block_1_66' title="bbox 2132 4942 3712 5044">
    <p class='ocr_par' dir='ltr' id='par_1_66' title="bbox 2132 4942 3712 5044">
     <span class='ocr_line' id='line_1_68' title="bbox 2132 4942 3712 5044; baseline -0.022 -18"><span class='ocrx_word' id='word_1_416' title='bbox 2132 4969 2328 5044; x_wconf 86' lang='grc' dir='ltr'>ρῆσθαί</span> <span class='ocrx_word' id='word_1_417' title='bbox 2371 4985 2423 5021; x_wconf 79' lang='grc' dir='ltr'>τι</span> <span class='ocrx_word' id='word_1_418' title='bbox 2454 4965 2584 5035; x_wconf 88' lang='grc' dir='ltr'>παρ’</span> <span class='ocrx_word' id='word_1_419' title='bbox 2615 4959 2785 5028; x_wconf 82' lang='grc' dir='ltr'>αὐτῆς</span> <span class='ocrx_word' id='word_1_420' title='bbox 2821 4957 2900 5018; x_wconf 86' lang='grc' dir='ltr'><strong>είς</strong></span> <span class='ocrx_word' id='word_1_421' title='bbox 2943 4952 3212 5022; x_wconf 83' lang='grc' dir='ltr'>ὠφέλειαν</span> <span class='ocrx_word' id='word_1_422' title='bbox 3239 4947 3396 5018; x_wconf 82' lang='grc' dir='ltr'>ἡμῶν</span> <span class='ocrx_word' id='word_1_423' title='bbox 3435 4945 3496 4998; x_wconf 84' lang='grc' dir='ltr'>οὐ</span> <span class='ocrx_word' id='word_1_424' title='bbox 3531 4942 3712 4995; x_wconf 79' lang='grc' dir='ltr'>συντί-</span> 
     </span>
    </p>
   </div>
   <div class='ocr_carea' id='block_1_67' title="bbox 2131 5034 3710 5123">
    <p class='ocr_par' dir='ltr' id='par_1_67' title="bbox 2131 5034 3710 5123">
     <span class='ocr_line' id='line_1_69' title="bbox 2131 5034 3710 5123; baseline -0.022 -7"><span class='ocrx_word' id='word_1_425' title='bbox 2131 5062 2312 5115; x_wconf 83' lang='grc' dir='ltr'>θενται</span> <span class='ocrx_word' id='word_1_426' title='bbox 2329 5076 2342 5090; x_wconf 93' lang='grc'><strong>·</strong></span> <span class='ocrx_word' id='word_1_427' title='bbox 2371 5055 2664 5123; x_wconf 82' lang='grc' dir='ltr'>ἀναγκαῖον</span> <span class='ocrx_word' id='word_1_428' title='bbox 2696 5047 2829 5120; x_wconf 80' lang='grc' dir='ltr'>ἡγοῦ</span> <span class='ocrx_word' id='word_1_429' title='bbox 2839 5061 2934 5117; x_wconf 82' lang='grc' dir='ltr'>μαι</span> <span class='ocrx_word' id='word_1_430' title='bbox 2963 5041 3178 5113; x_wconf 85' lang='grc' dir='ltr'>πρῶτον</span> <span class='ocrx_word' id='word_1_431' title='bbox 3206 5034 3568 5108; x_wconf 65' lang='grc' dir='ltr'>περὶτούτων</span> <span class='ocrx_word' id='word_1_432' title='bbox 3597 5034 3710 5093; x_wconf 79' lang='grc' dir='ltr'>τοῖς</span> 
     </span>
    </p>
   </div>
   <div class='ocr_carea' id='block_1_68' title="bbox 2135 5125 3710 5215">
    <p class='ocr_par' dir='ltr' id='par_1_68' title="bbox 2135 5125 3710 5215">
     <span class='ocr_line' id='line_1_70' title="bbox 2135 5125 3710 5215; baseline -0.022 -8"><span class='ocrx_word' id='word_1_433' title='bbox 2135 5153 2205 5206; x_wconf 84' lang='grc' dir='ltr'><strong>τὰ</strong></span> <span class='ocrx_word' id='word_1_434' title='bbox 2253 5147 2476 5203; x_wconf 83' lang='grc' dir='ltr'>τοιαῦτα</span> <span class='ocrx_word' id='word_1_435' title='bbox 2538 5144 2668 5215; x_wconf 79' lang='grc' dir='ltr'>ἡμῖν</span> <span class='ocrx_word' id='word_1_436' title='bbox 2724 5134 3044 5206; x_wconf 74' lang='grc' dir='ltr'>ἐγκαλοῦσιν</span> <span class='ocrx_word' id='word_1_437' title='bbox 3098 5125 3545 5197; x_wconf 77' lang='grc' dir='ltr'>ἀπολογήσασθαι</span> <span class='ocrx_word' id='word_1_438' title='bbox 3565 5165 3582 5188; x_wconf 88' lang='grc'><strong>,</strong></span> <span class='ocrx_word' id='word_1_439' title='bbox 3632 5125 3710 5176; x_wconf 77' lang='grc' dir='ltr'><strong>ὅτι</strong></span> 
     </span>
    </p>
   </div>
   <div class='ocr_carea' id='block_1_69' title="bbox 2135 5214 3712 5307">
    <p class='ocr_par' dir='ltr' id='par_1_69' title="bbox 2135 5214 3712 5307">
     <span class='ocr_line' id='line_1_71' title="bbox 2135 5214 3712 5307; baseline -0.02 -10"><span class='ocrx_word' id='word_1_440' title='bbox 2135 5243 2286 5297; x_wconf 79' lang='grc' dir='ltr'>οὐδὲν</span> <span class='ocrx_word' id='word_1_441' title='bbox 2311 5239 2419 5294; x_wconf 84' lang='grc' dir='ltr'>ἀπὸ</span> <span class='ocrx_word' id='word_1_442' title='bbox 2443 5214 2643 5307; x_wconf 78' lang='grc' dir='ltr'>τρόπον</span> <span class='ocrx_word' id='word_1_443' title='bbox 2674 5231 2883 5301; x_wconf 79' lang='grc' dir='ltr'>γίνεται</span> <span class='ocrx_word' id='word_1_444' title='bbox 2912 5226 3040 5296; x_wconf 90' lang='grc' dir='ltr'>παρ’</span> <span class='ocrx_word' id='word_1_445' title='bbox 3069 5221 3247 5294; x_wconf 82' lang='grc' dir='ltr'>ἡμῶν,</span> <span class='ocrx_word' id='word_1_446' title='bbox 3275 5219 3334 5273; x_wconf 83' lang='grc' dir='ltr'>ὲν</span> <span class='ocrx_word' id='word_1_447' title='bbox 3358 5217 3438 5288; x_wconf 82' lang='grc' dir='ltr'>τῷ</span> <span class='ocrx_word' id='word_1_448' title='bbox 3479 5214 3712 5274; x_wconf 77' lang='grc' dir='ltr'>σπουδά-</span> 
     </span>
    </p>
   </div>
   <div class='ocr_carea' id='block_1_70' title="bbox 2138 5305 3711 5402">
    <p class='ocr_par' dir='ltr' id='par_1_70' title="bbox 2138 5305 3711 5402">
     <span class='ocr_line' id='line_1_72' title="bbox 2138 5305 3711 5402; baseline -0.022 -13"><span class='ocrx_word' id='word_1_449' title='bbox 2138 5336 2251 5399; x_wconf 77' lang='grc' dir='ltr'>ζειν</span> <span class='ocrx_word' id='word_1_450' title='bbox 2283 5331 2431 5402; x_wconf 82' lang='grc' dir='ltr'><strong>ἡμᾶς</strong></span> <span class='ocrx_word' id='word_1_451' title='bbox 2479 5305 2540 5381; x_wconf 48' lang='lat' dir='ltr'><strong>ab</strong></span> <span class='ocrx_word' id='word_1_452' title='bbox 2582 5321 2848 5383; x_wconf 81' lang='grc' dir='ltr'>παντοίως</span> <span class='ocrx_word' id='word_1_453' title='bbox 2892 5315 3145 5387; x_wconf 86' lang='grc' dir='ltr'>θηρεύειν</span> <span class='ocrx_word' id='word_1_454' title='bbox 3187 5313 3254 5364; x_wconf 83' lang='grc' dir='ltr'><strong>ὲκ</strong></span> <span class='ocrx_word' id='word_1_455' title='bbox 3282 5309 3386 5378; x_wconf 78' lang='grc' dir='ltr'><strong>τῆς</strong></span> <span class='ocrx_word' id='word_1_456' title='bbox 3419 5307 3572 5369; x_wconf 85' lang='grc' dir='ltr'>θείας</span> <span class='ocrx_word' id='word_1_457' title='bbox 3623 5305 3711 5357; x_wconf 73' lang='grc' dir='ltr'><strong>καὶ</strong></span> 
     </span>
    </p>
   </div>
   <div class='ocr_carea' id='block_1_71' title="bbox 2139 5398 3710 5486">
    <p class='ocr_par' dir='ltr' id='par_1_71' title="bbox 2139 5398 3710 5486">
     <span class='ocr_line' id='line_1_73' title="bbox 2139 5398 3710 5486; baseline -0.019 -8"><span class='ocrx_word' id='word_1_458' title='bbox 2139 5398 2491 5478; x_wconf 64' lang='grc' dir='ltr'>θεοπνεῦστου</span> <span class='ocrx_word' id='word_1_459' title='bbox 2518 5416 2740 5486; x_wconf 83' lang='grc' dir='ltr'>Γραφῆς</span> <span class='ocrx_word' id='word_1_460' title='bbox 2763 5412 2823 5465; x_wconf 79' lang='grc' dir='ltr'><strong>τὸ</strong></span> <span class='ocrx_word' id='word_1_461' title='bbox 2844 5408 3120 5479; x_wconf 84' lang='grc' dir='ltr'>ὠφέλιμον</span> <span class='ocrx_word' id='word_1_462' title='bbox 3139 5421 3153 5435; x_wconf 86' lang='grc'><strong>·</strong></span> <span class='ocrx_word' id='word_1_463' title='bbox 3185 5402 3312 5456; x_wconf 81' lang='grc' dir='ltr'><strong>ὥστ’</strong></span> <span class='ocrx_word' id='word_1_464' title='bbox 3333 5401 3401 5455; x_wconf 78' lang='grc' dir='ltr'><strong>ἂν</strong></span> <span class='ocrx_word' id='word_1_465' title='bbox 3427 5399 3530 5469; x_wconf 84' lang='grc' dir='ltr'>μὲν</span> <span class='ocrx_word' id='word_1_466' title='bbox 3572 5398 3710 5464; x_wconf 69' lang='grc' dir='ltr'>ὠφεο</span> 
     </span>
    </p>
   </div>
   <div class='ocr_carea' id='block_1_72' title="bbox 2130 5488 3710 5586">
    <p class='ocr_par' dir='ltr' id='par_1_72' title="bbox 2130 5488 3710 5586">
     <span class='ocr_line' id='line_1_74' title="bbox 2130 5488 3710 5586; baseline -0.021 -15"><span class='ocrx_word' id='word_1_467' title='bbox 2130 5516 2247 5586; x_wconf 87' lang='grc' dir='ltr'>λοίη</span> <span class='ocrx_word' id='word_1_468' title='bbox 2294 5532 2346 5566; x_wconf 81' lang='grc' dir='ltr'>τι</span> <span class='ocrx_word' id='word_1_469' title='bbox 2386 5512 2479 5566; x_wconf 77' lang='grc' dir='ltr'>καὶ</span> <span class='ocrx_word' id='word_1_470' title='bbox 2523 5512 2556 5582; x_wconf 85' lang='grc' dir='ltr'>ὴ</span> <span class='ocrx_word' id='word_1_471' title='bbox 2591 5507 2734 5572; x_wconf 81' lang='grc' dir='ltr'>λέξις</span> <span class='ocrx_word' id='word_1_472' title='bbox 2775 5504 2850 5566; x_wconf 83' lang='grc' dir='ltr'>ὡς</span> <span class='ocrx_word' id='word_1_473' title='bbox 2884 5499 3098 5572; x_wconf 80' lang='grc' dir='ltr'>εἴρηται</span> <span class='ocrx_word' id='word_1_474' title='bbox 3130 5493 3422 5563; x_wconf 82' lang='grc' dir='ltr'>νοουμένη,</span> <span class='ocrx_word' id='word_1_475' title='bbox 3471 5491 3617 5560; x_wconf 73' lang='grc' dir='ltr'>ἔχειν</span> <span class='ocrx_word' id='word_1_476' title='bbox 3657 5488 3710 5551; x_wconf 82' lang='grc' dir='ltr'>ἐξ</span> 
     </span>
    </p>
   </div>
   <div class='ocr_carea' id='block_1_73' title="bbox 2134 5581 3710 5676">
    <p class='ocr_par' dir='ltr' id='par_1_73' title="bbox 2134 5581 3710 5676">
     <span class='ocr_line' id='line_1_75' title="bbox 2134 5581 3710 5676; baseline -0.02 -15"><span class='ocrx_word' id='word_1_477' title='bbox 2134 5581 2348 5676; x_wconf 76' lang='grc' dir='ltr'>ἑτοίμου</span> <span class='ocrx_word' id='word_1_478' title='bbox 2374 5605 2434 5657; x_wconf 80' lang='grc' dir='ltr'>τὸ</span> <span class='ocrx_word' id='word_1_479' title='bbox 2463 5597 2912 5667; x_wconf 81' lang='grc' dir='ltr'>σπουδαζόμενον.</span> <span class='ocrx_word' id='word_1_480' title='bbox 2942 5592 3005 5644; x_wconf 85' lang='grc' dir='ltr'><strong>Εἰ</strong></span> <span class='ocrx_word' id='word_1_481' title='bbox 3029 5589 3085 5643; x_wconf 80' lang='grc' dir='ltr'><strong>δέ</strong></span> <span class='ocrx_word' id='word_1_482' title='bbox 3111 5605 3163 5640; x_wconf 88' lang='grc' dir='ltr'>τι</span> <span class='ocrx_word' id='word_1_483' title='bbox 3191 5585 3328 5656; x_wconf 82' lang='grc' dir='ltr'><strong>μετὰ</strong></span> <span class='ocrx_word' id='word_1_484' title='bbox 3354 5581 3710 5652; x_wconf 74' lang='grc' dir='ltr'>ὑποκρύψεως</span> 
     </span>
    </p>
   </div>
   <div class='ocr_carea' id='block_1_74' title="bbox 2137 5672 3711 5758">
    <p class='ocr_par' dir='ltr' id='par_1_74' title="bbox 2137 5672 3711 5758">
     <span class='ocr_line' id='line_1_76' title="bbox 2137 5672 3711 5758; baseline -0.02 -5"><span class='ocrx_word' id='word_1_485' title='bbox 2137 5703 2195 5753; x_wconf 73' lang='grc' dir='ltr'><strong>ἐν</strong></span> <span class='ocrx_word' id='word_1_486' title='bbox 2242 5696 2516 5758; x_wconf 82' lang='grc' dir='ltr'>ὑπονοίαις</span> <span class='ocrx_word' id='word_1_487' title='bbox 2546 5693 2654 5745; x_wconf 72' lang='grc' dir='ltr'>τισὶ</span> <span class='ocrx_word' id='word_1_488' title='bbox 2699 5689 2790 5742; x_wconf 70' lang='grc' dir='ltr'><strong>καὶ</strong></span> <span class='ocrx_word' id='word_1_489' title='bbox 2828 5683 3144 5751; x_wconf 82' lang='grc' dir='ltr'>αἰνίγμασιν</span> <span class='ocrx_word' id='word_1_490' title='bbox 3188 5679 3504 5744; x_wconf 71' lang='grc' dir='ltr'>είρτιμενον,</span> <span class='ocrx_word' id='word_1_491' title='bbox 3549 5672 3711 5736; x_wconf 76' lang='grc' dir='ltr'>ἀογθν</span> 
     </span>
    </p>
   </div>
  </div>
