3846 6220
78 348 82 351 λ
137 310 256 366 757

1314 313 1382 370 ΙΝ
1414 316 1711 376 CANTICA
1753 319 2228 378 CANTICORUM.

3305 285 3413 384 758

133 425 226 486 αἱς
275 422 544 492 ὠφέλειαν
591 423 675 496 εῐη
729 424 871 479 κατὰ
918 426 978 480 τὸ
1023 428 1312 501 πρόχειρον
1365 435 1558 505 νόημα,
1608 437 1719 500 τοὺς

1839 435 1960 502 fuit,
2005 446 2314 508 promptum
2352 445 2405 492 et
2444 445 2694 507 paratum
2739 435 2976 492 habeant
3015 435 3090 500 id,
3141 436 3300 506 cujus
3333 445 3415 492 te-

132 512 418 576 τοιούτους
447 512 638 581 λόγους
663 515 1040 587 ἀναστρέφειν,
1067 518 1250 584 καθὼς
1275 521 1566 590 ὑνρηγεῖται
1591 528 1620 578 ὁ
1647 527 1736 580 διὰ

132 603 254 657 τῶν
301 603 615 676 Παροιμιῶν
637 607 787 676 ἡμᾶς
819 607 1088 662 παιδεύων
1119 610 1277 678 λόγος
1311 615 1392 677 εἱς
1431 617 1493 669 τὸ
1521 617 1730 688 νοῆσαι,

132 696 172 766 ἢ
208 695 288 760 ὡς
317 697 629 769 παραϐολὴν
656 700 714 753 τὸ
741 700 1052 770 λεγόμενον,
1080 703 1112 775 ἢ
1137 703 1214 767 ὡς
1245 709 1520 763 σκοτεινὸν
1554 710 1731 779 λόγον,

133 789 172 857 ἦ
222 789 301 852 ὡς
335 790 493 860 ῥῆσιν
540 791 806 864 σοφῶν.ἥ
855 792 930 856 ὥς
970 813 1023 848 τι
1066 795 1176 849 τῶν
1225 799 1586 869 αἱνιγμάτων.
1634 800 1736 857 Ὧν

133 879 242 945 τὴν
286 878 374 930 διὰ
418 879 515 949 τῆς
565 881 858 950 ἀναγωγῆς
893 880 1148 952 θεωρίαν,
1202 883 1312 938 εἴτε
1349 887 1730 956 τροπολογίαν,

133 969 251 1021 εἴτε
279 969 626 1041 άλληγορίαν,
671 971 782 1024 εἴτε
810 989 862 1024 τι
905 973 1032 1027 ἄλλο
1070 991 1158 1039 τις
1199 977 1485 1049 ὀνομάζειν
1536 981 1728 1046 ἐθέλοι,

134 1059 296 1112 οὐδὲν
347 1060 476 1129 περὶ
523 1060 617 1114 τοῦ
642 1061 906 1132 ὀνόματος
951 1063 1288 1136 διοισόμεθα,
1343 1069 1505 1139 μόνον
1548 1071 1595 1123 εἰ
1624 1072 1731 1124 τῶν

134 1151 440 1220 ἐπωφελῶν
471 1149 694 1226 ἐχοι[το]
723 1155 1032 1224 νοημάτων.
1052 1158 1161 1210 Kal
1190 1157 1299 1230 γὰρ
1318 1160 1347 1210 ὁ
1373 1160 1545 1231 μέγας
1570 1159 1733 1215 Ἀπό-

133 1243 350 1309 στολος,
383 1245 754 1315 πνευματικὸν
792 1241 934 1300 εἶναι
977 1247 1152 1317 λέγων
1194 1251 1288 1304 τὸν
1328 1254 1510 1322 νόμον,
1555 1255 1729 1324 ἐμπε-

137 1334 468 1405 ριλαμϐάνει
510 1335 589 1408 τῷ
616 1337 840 1407 ὀνόματι
891 1338 986 1391 τοῦ
1023 1340 1186 1412 νόμου
1223 1343 1318 1396 καὶ
1370 1343 1440 1397 τὰ
1484 1346 1730 1417 ἱστορικά

129 1426 480 1498 διηγήματα,
527 1428 604 1491 ὡς
652 1430 835 1482 πᾶσαν
869 1430 1228 1486 θεόπνευστον
1271 1435 1516 1508 Γραφὴν,
1565 1439 1728 1510 νόμον

135 1510 284 1570 εἶναι
304 1519 417 1581 τοῖς
457 1519 877 1590 ἐντυγχάνουσιν
897 1561 912 1587 ,
955 1522 1016 1575 ού
1044 1522 1206 1593 μόνον
1229 1524 1317 1578 διὰ
1342 1526 1452 1580 τῶν
1480 1531 1730 1602 φανερῶν

134 1610 506 1680 πραγμάτων,
527 1610 664 1665 ἀλλά
683 1613 776 1666 καὶ
801 1612 889 1666 διὰ
914 1613 1022 1666 τῶν
1040 1615 1330 1687 ἱστορικῶν
1373 1619 1730 1692 διηγημάτων

131 1700 524 1765 παιδεύουσαν,
578 1703 716 1775 πρός
757 1721 820 1757 τε
859 1705 1062 1775 γνῶσιν
1102 1707 1210 1762 τῶν
1256 1713 1588 1784 μυστηρίων,
1632 1717 1727 1770 καὶ

1835 540 2036 584 nentur
2083 533 2285 584 studio.
2324 530 2379 584 Si
2427 530 2561 602 quid
2606 542 2786 586 autem
2833 531 3051 585 occulte
3097 529 3305 584 dictum
3357 533 3412 586 in
3457 585 3468 604 ,

1837 623 2057 678 arcanis
2093 623 2349 677 sensibus
2389 631 2442 676 et
2469 622 2875 692 :enigmatibus,
2908 622 2976 676 ad
3009 622 3308 676 utilitatem
3342 623 3417 678 sit

1836 714 1997 783 plane
2045 714 2307 776 otiosum,
2364 717 2410 771 si
2465 725 2746 786 spectetur
2795 731 2993 771 sensus
3055 717 3151 786 qui
3215 725 3300 770 est
3360 716 3414 770 in

1833 814 2087 876 promptu
2119 815 2176 862 et
2205 807 2275 861 de
2305 823 2371 863 eo
2417 823 2599 863 sermo
2630 807 2740 871 ﬁat,
2788 807 2934 862 sicut
2978 807 3140 861 nobis
3169 805 3416 862 ostendit

1833 899 1927 967 qui
1972 915 2076 955 nos
2120 901 2301 955 erudit
2349 916 2446 970 per
2484 900 2804 964 Proverbia,
2853 900 2923 955 ad
2971 899 3415 970 intelligendum,

1833 992 1917 1045 vel
1966 999 2229 1062 tanquam
2286 992 2603 1064 parabolam
2654 992 2706 1046 id
2759 992 2906 1062 quod
2939 993 3145 1046 dictum
3182 999 3286 1056 est,
3326 991 3414 1044 vel

1833 1089 2097 1152 tanquam
2127 1085 2422 1139 obscuram
2447 1084 2778 1142 orationem,
2807 1084 2891 1139 vel
2916 1091 3170 1154 tanquam
3203 1082 3412 1136 dictum

1833 1174 2161 1243 sapientum,
2192 1175 2275 1228 vel
2310 1184 2568 1243 tanquam
2602 1173 2824 1244 aliquod
2857 1172 3113 1244 aenigma.
3149 1172 3283 1238 Quae
3318 1187 3415 1242 per

1833 1278 2113 1334 anagogen
2143 1272 2323 1319 autem
2347 1265 2567 1320 exsistit
2594 1263 3012 1334 contemplatio,
3045 1278 3141 1318 seu
3167 1263 3413 1332 tropolo-

1830 1355 1999 1424 giam,
2041 1370 2137 1411 seu
2178 1355 2499 1425 allegoriam
2537 1371 2632 1410 seu
2657 1355 2818 1410 aliter
2845 1354 2980 1410 velis
3009 1355 3317 1414 nominare,
3346 1352 3415 1407 de
3514 1406 3520 1412 ,

1829 1445 2054 1500 nomine
2099 1446 2233 1501 nihil
2271 1446 2692 1507 contendemus,
2745 1447 2790 1500 si
2844 1460 2875 1500 a
2915 1461 3079 1501 sensu
3136 1445 3256 1499 utili
3303 1460 3412 1499 non

1830 1536 2070 1592 recedat.
2107 1537 2335 1609 Magnus
2365 1538 2514 1593 enim
2546 1540 2844 1609 Apostolus
2869 1538 3043 1610 icgem
3068 1539 3258 1594 dicens
3281 1526 3416 1616 esse

1831 1630 2174 1699 spiritualem
2199 1635 2244 1664 ⁶¹
2278 1666 2296 1693 ,
2345 1631 2486 1702 legis
2520 1631 2744 1687 nomine
2775 1631 3197 1701 comprehcndit
3246 1632 3412 1686 etiam

1829 1720 2122 1778 historicas
2179 1723 2560 1788 narrationes,
2605 1722 2741 1778 adeo
2796 1731 2854 1777 ut
2909 1723 3166 1778 universa
3215 1737 3244 1775 a
3307 1721 3417 1776 Deo

129 1791 276 1862 πρὸς
313 1793 559 1866 καθαρὰν
606 1796 889 1852 πολιτείαν
935 1800 1064 1863 τοὺς
1108 1801 1474 1870 ἐπιπατικῶς
1509 1807 1719 1862 ἐπαΐον-

1827 1812 2092 1884 inspirata
2122 1809 2408 1886 Scriptura
2440 1816 2512 1870 sit
2537 1816 2621 1870 lex
2647 1815 2716 1872 iis
2743 1816 2836 1886 qui
2861 1816 3042 1885 ipsam
3067 1815 3277 1886 legunt,
3301 1830 3413 1869 non

127 1901 236 1946 τας
259 1900 274 1914 ·
317 1885 581 1957 κέχρηται
632 1890 730 1958 μὲν
772 1891 840 1960 τῇ
893 1889 1154 1962 ἐξηγήσει
1199 1895 1341 1950 κατά
1389 1897 1449 1950 τὸ
1492 1899 1725 1969 ἀρέσκον

127 1976 309 2048 αὐτῷ,
364 1979 502 2050 πρὸς
549 1980 612 2033 τὸ
653 1981 931 2053 ὠφέλιμον
974 1984 1221 2056 βλέπων⁸
1255 1991 1316 2043 οὐ
1352 1993 1622 2064 φροντίζει
1666 1996 1725 2050 δέ

127 2069 228 2122 τοῦ
275 2070 538 2142 ὀνόματος
575 2068 621 2140 ᾧ
671 2075 777 2147 χρὴ
825 2079 1292 2149 κατονομάζεσθαι
1339 2083 1400 2136 τὸ
1444 2081 1584 2151 εἶδος
1624 2088 1724 2159 τῆς

128 2159 470 2232 ἐξηγήσεως.
529 2164 688 2220 Ἀλλὰ
733 2166 826 2222 νῦν
877 2169 1166 2224 ἀλλάσσειν
1201 2173 1337 2244 φησὶ
1365 2175 1464 2246 τήν
1514 2180 1720 2249 φωνὴν,

131 2249 348 2320 μέλλων
380 2253 642 2322 μετάγειν
684 2256 785 2328 τήν
819 2259 1060 2331 ἱστορίαν
1093 2262 1173 2326 είς
1219 2263 1320 2336 τὴν
1353 2264 1578 2334 ἔνδειξιν
1623 2273 1723 2341 τῆς

128 2342 266 2432 περὶ
295 2343 405 2396 τῶν
450 2345 735 2417 Διαθηκῶν
760 2351 1074 2422 οἰκονομίας
1097 2369 1110 2381 ’
1155 2349 1273 2407 εἶτα
1312 2357 1577 2432 μνησθεὶς
1611 2360 1721 2414 τῶν

125 2431 226 2485 δύο
255 2433 350 2486 τοῦ
385 2434 636 2509 Ἀδραὰμ
671 2441 898 2508 τέκνων,
929 2442 1039 2496 τῶν
1069 2444 1136 2498 ἐκ
1165 2447 1267 2518 τῆς
1298 2448 1589 2521 παιδίσκης
1628 2451 1724 2506 καὶ

127 2526 235 2594 τῆς
263 2525 554 2598 ἐλευθέρας
579 2529 728 2601 αὐτῷ
753 2534 1078 2601 γεγονότων,
1109 2537 1438 2608 άλληγορίαν
1464 2541 1721 2612 ὀνομάζει

127 2616 236 2688 τὴν
265 2619 396 2689 περὶ
439 2621 620 2675 αὐτῶν
655 2621 910 2689 θεωρίαν.
957 2626 1127 2680 Πάλιν
1165 2628 1225 2682 δὲ
1256 2630 1560 2704 πράγματά
1601 2652 1722 2690 τινα

123 2708 535 2780 διηγησάμενος
584 2712 686 2783 τῆς
749 2714 992 2787 ἱστορίας
1055 2718 1252 2789 φησὶν,
1311 2721 1393 2775 ὅτι
1447 2721 1722 2794 Τυπικῶς

121 2800 250 2870 μὲν
293 2802 658 2858 συνέϐαινεν
703 2805 981 2875 ἐκείνοις,
1017 2809 1245 2880 ἐγράφη
1283 2811 1354 2866 δὲ
1401 2815 1551 2883 πρὸς
1579 2833 1721 2872 νου-

122 2894 344 2946 θεσίαν
388 2892 577 2962 ἡμῶν.
614 2895 725 2950 Καὶ
774 2897 938 2951 πάλιν
990 2898 1071 2966 τὸ,
1107 2899 1184 2972 μὴ
1245 2902 1354 2957 δεῖν
1412 2905 1722 2976 κημοῦσθαι

120 2984 218 3036 τὸν
249 2982 496 3039 ἀλοῶντα
543 2984 669 3056 βοῦν
711 2986 902 3054 εἱπὼν,
925 2989 1290 3062 προσέθηκεν,
1311 2994 1392 3048 ὅτι
1447 2996 1508 3048 οὐ
1571 2996 1723 3067 μέλει

1827 1905 2003 1960 solum
2036 1919 2132 1974 per
2164 1914 2459 1976 praecepta,
2489 1905 2583 1962 sed
2618 1906 2783 1960 etiam
2821 1921 2917 1975 per
2949 1905 3246 1959 historicas
3281 1916 3416 1956 nar--

1825 1996 2072 2051 rationes
2099 1995 2380 2064 erudiens,
2414 2005 2470 2052 et
2499 1998 2566 2050 ad
2596 1995 2970 2068 c0gnitionem
2999 1999 3414 2068 mysteriorum,

1824 2097 1880 2142 et
1933 2087 2001 2142 ad
2054 2088 2330 2143 sinceram
2386 2089 2514 2148 vitae
2562 2089 2996 2154 institutionem,
3051 2103 3146 2144 eos
3199 2087 3292 2158 qui
3348 2088 3414 2139 ad

1823 2177 2109 2233 scientiam
2175 2178 2610 2246 accommodate;
2641 2181 2912 2247 audiunt;
2963 2181 3139 2234 utitur
3190 2178 3412 2250 quidem

1823 2269 2188 2340 expositione,
2220 2280 2280 2326 ut
2309 2271 2415 2328 sibi
2442 2272 2643 2344 placet,
2669 2273 2948 2344 aspiciens
2975 2272 3042 2328 ad
3074 2271 3128 2327 id
3160 2271 3304 2342 quod
3329 2278 3419 2326 est

1823 2359 1981 2424 utile,
2013 2375 2124 2415 non
2159 2369 2320 2416 curat
2362 2370 2544 2418 autem
2581 2378 2694 2433 quo
2737 2361 2962 2418 nomine
3001 2363 3072 2417 sit
3104 2370 3414 2417 vocandum

1824 2468 1997 2524 genus
2068 2454 2462 2524 expositionis;
2520 2455 2617 2512 sed
2674 2470 2824 2510 nunc
2869 2455 3091 2526 quidem
3149 2453 3286 2509 dicit
3354 2467 3415 2508 se

1823 2552 2040 2600 mutare
2073 2561 2287 2607 vocem,
2335 2547 2696 2603 traducturus
2734 2548 3024 2604 historiam
3059 2547 3126 2601 ad
3164 2545 3416 2602 indican-

1823 2636 1955 2692 dum
1991 2638 2476 2695 Testamentorum
2524 2641 2977 2712 dispositionem.
3009 2639 3220 2696 Deinde
3253 2654 3413 2694 men-

1825 2730 2029 2785 tionem
2074 2729 2282 2788 faciens
2325 2731 2560 2788 duorum
2609 2733 2844 2790 ﬁliorum
2892 2733 3166 2795 Abrahae,
3217 2732 3313 2802 qui
3363 2731 3412 2786 ei

1824 2823 1938 2877 nati
1982 2833 2113 2878 sunt
2140 2839 2206 2879 ex
2256 2826 2460 2880 ancilla
2502 2835 2558 2881 et
2592 2825 2788 2889 libera,
2827 2827 3071 2898 appellat
3094 2825 3413 2896 allegoriam

1823 2915 1893 2970 de
1920 2915 1988 2971 iis
2013 2917 2533 2987 contemplationem
2563 2918 2630 2972 “.
2656 2917 2874 2976 Rursus
2905 2927 3088 2974 autem
3115 2933 3241 2973 cum
3265 2933 3417 2987 quze-

1823 3006 1949 3062 dam
2002 3018 2287 3066 narrasset
2337 3027 2404 3067 ex
2450 3011 2708 3080 historia,
2764 3013 2946 3068 dicit:
2980 3011 3109 3068 Hinc
3143 3013 3199 3066 in
3239 3012 3418 3081 ﬁgura

118 3076 207 3146 τῷ
251 3076 373 3148 Θεῷ
419 3081 545 3151 περὶ
595 3080 703 3136 τῶν
759 3081 916 3153 βοῶν,
950 3085 1066 3139 ἀλλ’
1096 3087 1181 3140 ὃτι
1222 3087 1292 3141 δι’
1320 3091 1466 3160 ἡμᾶς
1501 3093 1719 3157 πάντως

120 3171 342 3197 ιμμὲ.--
397 3173 549 3197 117...
609 3173 662 3197 $3.
718 3175 843 3197 2—-..
887 3175 985 3197 -Ls.
1037 3179 1099 3197 ι--
1147 3178 1171 3197 θ
1223 3196 1226 3197 ,
1283 3179 1296 3197 1
1633 3183 1648 3197 ρ

1825 3100 1938 3154 illis
1986 3103 2338 3157 eveniebant:
2393 3105 2595 3174 scripta
2651 3115 2775 3160 sunt
2826 3115 3002 3160 autem
3051 3107 3118 3158 ad
3172 3113 3415 3158 nostram

119 3171 366 3241 ἐγράφη.
397 3173 554 3226 Ἐστι
604 3173 664 3227 δὲ
714 3175 847 3228 ὅπου
883 3175 986 3248 τὴν
1027 3178 1404 3254 άμυδροτέραν
1449 3183 1717 3255 κατανόη-

119 3278 213 3314 σιν
254 3263 350 3317 καὶ
389 3262 489 3334 τὴν
543 3266 608 3318 ἐκ
643 3265 844 3337 μέρους
875 3268 1113 3336 γνῶσιν,
1147 3269 1414 3344 ἔσοπτρον
1458 3275 1713 3347 ὀνομάζει

119 3354 223 3406 καὶ
251 3355 504 3425 αἴνιγμά..

1823 3193 2240 3251 admonitionem
2286 3198 2350 3251 “.
2390 3196 2457 3251 Et
2510 3213 2734 3253 rursum
2804 3214 2929 3253 cum
2982 3197 3236 3262 dixisset,
3297 3194 3415 3248 Non

1820 3297 1936 3336 esse
1967 3283 2309 3355 alligandum
2363 3304 2421 3342 os
2455 3287 2568 3341 bovi
2601 3289 2968 3352 trituranti“,
3006 3287 3210 3357 adjecit
3257 3284 3414 3346 illud,

1819 3372 1931 3430 Deo
1965 3394 2071 3431 non
2110 3393 2224 3433 esse
2251 3395 2440 3434 curam
2466 3381 2531 3436 de
2561 3381 2749 3444 bobus,
2799 3381 2894 3436 sed
2926 3381 3153 3435 ouinino
3180 3394 3246 3434 ea
3289 3391 3418 3433 esse

119 3445 336 3545 scripta
386 3455 610 3517 prapter
645 3465 770 3505 nos.
821 3452 1038 3508 Alicubi
1087 3463 1272 3511 autem
1329 3457 1713 3516 obscuriorem
1753 3463 2195 3541 intelligentiam,
2281 3484 2335 3529 et
2384 3490 2506 3545 quae
2553 3485 2734 3531 estex
2784 3482 2941 3545 parte
3017 3473 3419 3544 cOgnitionem,

117 3541 418 3608 speculum
451 3546 697 3598 nominat
727 3554 782 3600 et
812 3548 1046 3620 aenigma
1073 3551 1139 3606 ⁸⁸.

193 3636 310 3688 Καὶ
357 3637 521 3692 πάλιν
555 3641 656 3711 τὴν
688 3641 797 3694 ἀπὺ
827 3643 936 3696 τῶν
971 3647 1242 3716 σωμάτων
1285 3649 1422 3719 πρὸς
1451 3650 1522 3705 τὰ
1549 3654 1718 3724 νοητά

121 3727 487 3796 μετάστασιν,
523 3731 661 3803 πρὸς
691 3735 895 3806 Κύριον
924 3737 1262 3810 ἐπιστροφὴν
1293 3741 1465 3811 λέγει,
1494 3745 1590 3798 καὶ
1618 3763 1718 3800 κα·-

115 3817 412 3890 λύμματος
465 3824 828 3896 περιαίρεσιν.
889 3828 979 3881 Ἐν
1036 3832 1171 3885 πᾶσι
1227 3832 1284 3885 δὲ
1338 3833 1551 3900 τούτοις
1601 3840 1716 3902 τοῖς

113 3909 404 3982 διαφόροις
435 3914 657 3985 τρόποις
689 3934 752 3971 τε
775 3919 869 3972 καὶ
896 3921 1121 3992 ὀνόμασι
1153 3923 1253 3995 τῆς
1284 3928 1427 3981 κατὰ
1455 3929 1549 3983 τὸν
1587 3930 1714 3984 νοῦν

117 4003 381 4072 θεωρίας,
430 4003 489 4058 ἓν
539 4007 828 4078 ὑφηγεῖται
864 4010 1214 4080 διδασκαλίας
1262 4013 1402 4082 εἶδος
1447 4021 1599 4090 ἡμῖν,
1651 4021 1712 4075 τὸ

121 4096 205 4165 μὴ
234 4095 347 4150 δεῖν
381 4099 598 4163 πάντως
632 4102 967 4172 παραμένειν
994 4105 1072 4176 τῷ
1119 4095 1426 4180 πράγματι,
1473 4113 1550 4177 ὼς
1588 4113 1714 4185 βλα-

115 4185 371 4258 πτούσης
420 4190 568 4260 ἡμᾶς
597 4192 656 4244 ἐν
690 4193 907 4260 πολλοῖς
942 4197 1035 4250 ἐπὶ
1075 4198 1167 4252 τὸν
1197 4203 1318 4254 κατ’
1349 4203 1551 4275 ἀρετὴν
1598 4205 1714 4276 βίον

110 4279 224 4348 τῆς
265 4280 556 4350 πρόχείρου
603 4282 712 4335 τῶν
743 4285 1054 4357 λεγομένων
1087 4290 1414 4361 ἐμφάσεως·
1447 4294 1586 4349 ἀλλὰ
1620 4314 1716 4367 με-

110 4370 398 4424 ταϐαίνειν
444 4373 581 4445 πρὸς
621 4375 723 4446 τὴν
759 4376 921 4431 άῦλόν
972 4397 1033 4433 τε
1083 4383 1178 4436 καὶ
1224 4384 1422 4456 νοητὴν
1455 4386 1711 4458 θεωρίαν,

1893 3657 1962 3711 Ει
1986 3672 2182 3712 rursus
2208 3655 2508 3711 transitum
2541 3669 2573 3710 a
2604 3655 2772 3710 rebus
2802 3653 3191 3724 corporalibus
3221 3650 3291 3706 ad
3319 3668 3415 3709 eas

1819 3766 1943 3822 quae
1969 3749 2176 3805 cadunt
2221 3733 2326 3806 sub
2370 3749 2810 3820 intelligentiam,
2841 3747 3080 3819 appellat
3110 3747 3416 3802 transitum
3448 3782 3462 3790 -

1819 3843 1888 3898 ad
1917 3844 2228 3911 Dominum,
2253 3849 2308 3899 et
2333 3843 2437 3898 veli
2468 3842 2820 3897 ablationem.
2850 3839 2909 3895 ln
2935 3840 3193 3896 omnibus
3228 3847 3414 3894 autem

1817 3939 1906 3995 his
1960 3937 2195 3992 diversis
2257 3937 2395 3992 locis
2444 3946 2502 3992 et
2550 3936 2870 3992 nominibus
2900 3933 3024 4004 ejus
3055 3949 3176 4005 qua:
3220 3940 3307 3989 est
3355 3933 3426 3987 in.

1817 4039 2003 4087 mente
2033 4030 2542 4100 contemplationis,
2584 4043 2688 4084 nos
2737 4043 2908 4082 unum
2946 4028 3108 4083 docet
3149 4025 3415 4081 doctrina:

1818 4136 2014 4193 genus,
2065 4136 2176 4174 non
2224 4128 2486 4190 oportere
2542 4119 2772 4174 omnino
2824 4133 3051 4172 manere
3102 4118 3158 4170 in
3204 4113 3411 4177 littera,

1823 4220 2015 4284 utpote
2064 4211 2210 4282 quod
2241 4226 2364 4282 qua
2404 4221 2490 4266 est
2539 4213 2595 4264 in
2624 4218 2886 4280 promptu
2937 4224 3130 4264 eorum
3175 4222 3296 4278 quae
3328 4207 3410 4262 di-

1819 4315 2023 4364 cuntur
2052 4304 2406 4376 signiﬁcatio,
2441 4303 2498 4358 in
2541 4303 2732 4358 multis
2767 4318 2869 4358 nos
2899 4301 3060 4357 laedat
3095 4302 3150 4356 in
3185 4300 3256 4356 iis
3289 4315 3413 4370 quae
3458 4363 3460 4366 ν

1820 4401 2097 4471 pertinent
2125 4397 2193 4452 ad
2216 4398 2381 4452 vitam
2401 4406 2550 4452 recte
2579 4405 2634 4450 et
2656 4411 2723 4450 ex
2751 4396 2959 4450 virtute
2980 4393 3411 4463 degendam-,sed

111 4461 263 4558 ὥστε
329 4462 430 4558 τάς
494 4469 961 4558 σωματικωτέρας
1039 4475 1248 4539 ἐννοίας
1307 4478 1712 4551 μεταϐληθῆναι

1825 4461 2054 4545 ίιειιιιείτθ
2090 4489 2156 4543 ad
2188 4489 2432 4544 materiae
2471 4496 2779 4558 expertem,
2814 4495 2869 4542 et
2897 4500 3022 4555 quae
3057 4461 3169 4539 sub
3205 4461 3412 4538 intelli-

111 4554 259 4626 πρὸς
297 4555 423 4608 νοῦν
457 4557 552 4610 καὶ
593 4558 854 4626 διάνοιαν,
889 4562 1090 4628 κόνεως
1121 4565 1279 4638 δίκην
1310 4570 1410 4642 τῆς
1438 4573 1715 4642 σαρκωδε-

113 4645 324 4716 στέρας
396 4648 691 4718 ἐμφάσεως
758 4653 868 4708 τῶν
926 4655 1235 4737 λεγομένων
1282 4663 1716 4737 ἐκτιναχθείσης.

110 4738 232 4792 Καὶ
272 4738 364 4792 διὰ
405 4741 568 4795 τοῦτό
608 4762 808 4815 φησιν,
847 4749 929 4802 ὅτι
966 4725 1308 4822 Τὸΐγρὰμμα
1345 4725 1710 4822 ἀποκτείνει,

113 4830 182 4882 τὸ
207 4828 277 4883 δὲ
300 4831 538 4902 πνεῦμα
553 4832 850 4895 ζωοποιεῖο
891 4839 966 4904 ὡς
1017 4842 1261 4916 πολλαχῆ
1300 4844 1420 4916 [τῆς
1465 4847 1708 4920 Γραφῆς,

110 4921 391 4997 τουτέστι]
437 4923 536 4994 τῆς
584 4927 844 4998 ἱστορίας,
881 4930 1042 5004 εῖπερ
1083 4934 1176 4988 ἐπὶ
1223 4935 1395 5005 ψιλῶν
1444 4941 1711 5011 σταίημεν

109 5011 230 5064 τῶν
268 5017 629 5084 πραγμάτων,
659 5019 762 5073 οὐκ
790 5022 998 5091 ἀγαθοῦ
1028 5025 1142 5095 βίου
1171 5031 1554 5100 παρεχομένης
1579 5035 1710 5104 ἡμῖν

109 5103 189 5156 τὰ
239 5105 635 5178 ὑποδείγματα.
689 5112 754 5164 Τί
800 5113 910 5186 γὰρ
943 5116 1146 5187 ὠφελεῖ
1191 5120 1328 5192 πρὸς
1372 5122 1573 5194 ἀρετὴν
1619 5103 1711 5178 τὸν

111 5196 387 5250 ἀκούοντα
431 5200 588 5270 Ὠσηὲ
615 5205 642 5256 ὁ
673 5209 960 5279 προφήτης
985 5210 1049 5263 ἐκ
1078 5211 1335 5281 πορνείας
1367 5215 1712 5277 παιδοποιού-

113 5303 306 5356 μενος,
345 5290 441 5343 καὶ
499 5290 727 5359 Ἡσαΐας
778 5297 962 5352 εἱσιὼν
1008 5300 1144 5371 πρὸς
1176 5301 1276 5373 τὴν
1329 5306 1618 5377 προφῆτιν,
1657 5309 1707 5361 εἱ

112 5379 284 5452 μέχρι
319 5382 421 5452 τῆς
453 5383 650 5450 λέξεως
701 5389 919 5459 στήσειέ
962 5409 1047 5454 τις
1084 5392 1144 5445 τὸ
1189 5393 1521 5464 λεγόμενον;
1555 5399 1626 5451 Ἦ
1655 5401 1708 5453 τί

117 5471 258 5543 πρὸς
301 5471 394 5527 τὸν
437 5475 691 5548 ἐνάρετον
737 5481 980 5535 συντελεῖ
1007 5483 1120 5537 ϐίον
1160 5485 1228 5539 τὰ
1270 5489 1396 5556 περὶ
1423 5488 1517 5541 τοῦ
1546 5490 1708 5545 Δαϐἱδ

185 5686 248 5772 ⁶λ
278 5686 689 5772 Rom-31:115.
766 5693 810 5724 ιδ
850 5692 967 5772 Gal.
1001 5712 1072 5766 ιν,
1101 5697 1192 5752 2i.
1270 5699 1314 5732 ιιι
1355 5699 1528 5762 lCor.
1561 5719 1614 5772 χ,
1654 5705 1738 5762 11.

111 5756 157 5787 ‘°
203 5754 350 5813 Osee
377 5773 420 5821 ι,
446 5757 502 5815 2.
546 5761 589 5794 θ’
614 5759 858 5841 Ιειιφζιιι,
891 5762 944 5820 5.

1815 4582 2056 4650 gentiam
2085 4580 2234 4636 cadit
2263 4578 2807 4648 contemplationem,
2836 4583 2897 4630 ut
2925 4591 3125 4631 sensus
3151 4577 3244 4645 qui
3278 4583 3412 4629 sunt

1817 4673 1982 4741 paulo
2010 4672 2182 4740 magis
2211 4671 2554 4742 corporales,
2587 4670 2951 4724 traducantur
2985 4667 3053 4720 ad
3082 4674 3322 4722 mentem
3355 4675 3411 4723 et

1814 4761 2255 4832 intelligentiam,
2287 4775 2522 4815 excussa
2563 4759 2806 4828 pulveris
2845 4758 2903 4811 in
2946 4755 3170 4811 modum
3214 4770 3408 4810 eorum

1814 4868 1938 4923 quae
1972 4853 2233 4907 dicuntur
2261 4859 2452 4922 aperta
2484 4850 2911 4921 signiﬁcatione.
2963 4846 3030 4901 Et
3061 4847 3186 4903 ideo
3226 4845 3362 4900 dicit
3394 4864 3406 4899 :

1812 4943 2020 4998 Littera
2066 4943 2280 5008 occidit,
2330 4944 2554 5013 spiritus
2592 4951 2770 4996 autem
2809 4941 3040 5010 viviﬁcat
3077 4939 3122 4971 "
3153 4957 3168 4994 :
3223 4945 3412 5004 utpote

1812 5036 1963 5108 quod
2009 5051 2152 5106 saepe
2194 5035 2426 5092 historia
2466 5035 2514 5091 si
2566 5035 2888 5091 steterimus
2919 5033 2974 5087 in
3021 5029 3186 5086 nudis
3215 5027 3401 5087 rebus.

1813 5128 1976 5183 nobis
2002 5127 2228 5181 minime
2255 5126 2501 5196 prmbeat
2530 5125 2840 5196 exemplum
2881 5126 3039 5180 bonae
3066 5122 3210 5176 vitae.
3250 5119 3403 5186 Quid

1812 5220 1960 5276 enim
1990 5219 2061 5273 ad
2083 5219 2340 5273 virtutem
2365 5217 2608 5272 auditori
2635 5215 2927 5288 profuerit,
2955 5215 3102 5286 quod
3130 5212 3403 5284 propheta

1814 5313 1957 5368 ﬁlios
1988 5321 2242 5382 procreet
2279 5327 2348 5367 ex
2384 5311 2752 5366 fornicatione
2776 5310 2858 5375 5°;
2889 5317 2944 5364 et
2968 5307 3165 5364 Esaias
3211 5307 3401 5376 ingre-

1819 5403 2005 5458 diatur
2048 5403 2115 5459 ad
2164 5402 2570 5474 prophetissam
2620 5403 2688 5465 θ’,
2745 5401 2792 5456 si
2841 5415 2954 5455 non
3006 5400 3148 5453 ultra
3200 5397 3402 5451 litterae

1816 5493 2114 5549 dictionem
2149 5492 2413 5564 procedat
2447 5492 2503 5547 id
2541 5495 2687 5563 quod
2723 5491 2966 5548 dicitur?
3010 5490 3118 5544 Aut
3153 5489 3284 5560 quid
3331 5487 3397 5542 ad

1818 5708 1862 5743 "
1901 5707 1918 5762 Ι
1956 5708 2096 5764 Tim.
2129 5726 2179 5774 ν,
2219 5709 2303 5765 18.
2382 5709 2427 5740 ⁸⁸
2469 5707 2485 5763 Ι
2517 5707 2643 5764 Cor.
2683 5707 2834 5777 1.3,.9.
2913 5705 2954 5738 ⁵⁷
2996 5699 3192 5758 llCor.
3220 5714 3306 5769 ut,
3333 5701 3389 5760 ϐ.
