1923 3110
197 122 250 150 759

813 124 841 151 S.
863 124 1025 153 GREGORII
1045 125 1066 153 Ν
1071 125 1193 153 YSSENI

1778 126 1843 152 τω
1894 43 1911 168 1

196 183 280 210 vitam
290 190 323 210 ex
332 182 432 210 virtute
451 183 599 218 degendam
611 184 756 212 conferunt
769 193 830 220 qua:
841 186 874 213 de
883 186 984 214 Davide

1045 188 1205 223 ῑιηγήματα,
1233 188 1353 222 μοιχείας
1376 188 1423 214 καὶ
1447 188 1527 222 φόνου
1558 187 1627 214 κατὰ
1651 186 1738 214 ταῦτδ
1762 187 1840 221 περὶ

198 227 267 254 ﬁunt
278 228 461 259 narrationes.
478 236 540 255 cum
553 229 717 257 adulterium
738 235 764 257 et
777 231 865 258 caedes
881 231 941 266 ejus
955 233 982 259 in

198 280 284 299 unum
308 274 500 302 concurrerint
524 275 658 302 nefarium
684 276 809 304 facinus?
833 277 861 304 Si
892 283 982 304 autem

200 318 291 353 aliqua
304 317 460 346 inveniatur
476 320 555 352 ratio,
574 328 635 356 quae
655 321 783 349 ostendat
798 322 825 349 id
840 322 914 356 quod
936 330 984 357 per

199 371 231 391 ea
245 364 418 399 dispensatur
442 366 468 392 in
491 367 594 393 nullam
612 367 710 394 cadere
732 368 983 402 reprehensionem,

199 415 264 437 tunc
276 418 369 437 verum
386 419 446 439 esse
467 413 630 440 ostendetur
646 412 673 439 id
692 413 764 447 quod
780 413 847 441 dicit
868 414 985 449 Aposto—

200 456 254 487 lus.
280 464 378 492 nempe
401 457 475 492 quod
500 457 605 485 Littera
624 459 719 485 occidit
737 459 886 494 (malarum
910 459 984 486 enim

200 511 292 531 rerum
311 504 338 530 in
353 512 382 531 se
401 504 483 532 habet
498 505 652 540 exempla),
667 506 776 539 spiritus
791 511 880 533 autem
896 505 984 540 vivi/i-

200 555 261 582 cat;
276 558 387 578 sensum
403 551 476 578 enim
489 552 537 586 qui
552 556 664 587 apparet
676 556 702 579 et
716 553 790 579 cadit
804 552 833 579 in
846 553 985 588 vitupera-

200 595 318 628 tionem,
344 597 377 623 ad
404 597 567 625 diviniorem
598 597 716 625 traducit
745 598 983 633 signiﬁcationem.

202 641 310 670 Scimus
325 647 416 670 autem
432 647 458 670 et
473 644 562 678 ipsum
577 643 707 675 Verbum,
722 644 795 679 quod
811 645 846 671 ab
858 645 985 672 universa

202 687 332 715 adoratur
346 694 483 722 creatura,
499 690 609 724 quando
624 690 650 717 in
674 690 854 718 similitudine
868 691 986 718 hominis

202 736 230 759 et
243 733 327 768 ﬁgura
342 741 389 769 per
406 742 517 762 carnem
534 735 626 762 divina
643 736 766 763 tradebat
783 737 924 771 mysteria,
946 736 986 764 sic

203 778 284 805 nobis
301 779 423 806 revelare
448 779 517 814 legis
542 787 642 808 sensus
660 784 687 807 et
708 781 850 816 mysteria.
871 785 901 808 ut
916 781 985 809 duos

203 822 460 860 hominesquorutn
476 830 518 853 est
533 833 626 853 verum
643 826 842 858 testiinonium,
865 827 985 862 seipsum

203 868 278 896 dicat
298 877 360 898 esse
380 875 408 898 et
428 867 532 898 Patrem
545 872 588 899 "':
605 875 632 899 et
658 877 812 907 serpentem
829 880 933 900 aeneum
959 873 986 899 in

203 916 321 944 sublime
342 917 455 947 elatum.
482 917 528 952 qui
554 918 655 953 populo
677 917 826 945 mortiferis
850 918 988 946 morsibus

204 962 329 988 sauciato
351 969 428 997 opem
450 962 565 995 ferebat,
581 963 728 990 transferat
750 963 784 991 ad
805 963 988 998 dispensatio-

203 1014 266 1033 nem
291 1006 317 1033 in
343 1014 424 1034 cruce
449 1015 499 1042 pro
518 1008 599 1035 nobis
621 1008 720 1035 iactam
736 1008 784 1035 "z
811 1009 988 1043 ipsorumque

203 1057 362 1079 sanctorum
388 1060 501 1080 suorum
523 1052 723 1088 discipulorum
746 1054 848 1088 ingenii
872 1061 988 1081 acumen

203 1104 253 1132 per
267 1101 352 1124 lectos
366 1102 492 1125 exerceat
504 1105 657 1132 sermones,
670 1099 697 1125 in
711 1099 859 1134 parabolis,
873 1099 900 1126 in
915 1099 990 1127 simi-

203 1143 377 1176 litudinibus,
395 1144 423 1170 in
438 1144 529 1172 verbis
546 1145 684 1176 obscuris,
703 1145 731 1172 in
746 1145 828 1173 dictis
844 1153 905 1181 quae
923 1153 988 1180 pro-

192 1188 330 1216 ,feruntur
357 1197 404 1224 per
430 1190 587 1225 tenigmata,
616 1198 732 1225 quorum
757 1198 881 1218 seorsum
907 1191 990 1218 dabat

204 1234 402 1269 expositiones,
417 1242 511 1262 eorum
528 1235 639 1263 solvens
658 1236 852 1263 obscuritatem
865 1236 898 1263 ".
915 1235 990 1263 Non-

203 1288 343 1316 nunquam
357 1286 457 1313 autem,
470 1281 493 1309 si
506 1289 560 1308 non
572 1286 646 1309 esset
658 1282 693 1309 ab
704 1282 758 1310 illis
772 1282 989 1317 comprehensus

203 1335 301 1354 sensus
317 1334 411 1354 eorum
426 1335 488 1362 qua:
512 1327 684 1360 dicebantur,
709 1328 926 1363 reprehendebat
941 1336 989 1356 eo-

204 1380 265 1399 rum
287 1372 388 1406 ingenii
406 1372 575 1406 tarditatem,
598 1377 625 1401 et
647 1374 873 1406 imbecillitatem,
896 1378 926 1401 ut
942 1374 990 1409 qui

203 1422 297 1445 essent
318 1419 444 1446 rudiores
470 1419 503 1445 ad
527 1418 745 1453 intelligendum.
773 1419 889 1451 Quando
917 1419 989 1446 enim

202 1463 315 1497 jubebat
335 1472 382 1492 eos
404 1465 542 1492 abstinere
566 1472 582 1491 a
608 1464 742 1492 fermento
764 1464 923 1492 Pharisaico
938 1464 961 1480 ⁷³
981 1473 988 1491 :

204 1509 245 1537 illi
266 1517 331 1537 vero
353 1510 452 1545 pusillo
473 1514 500 1537 et
525 1510 632 1544 abjccto
655 1510 747 1537 animo
766 1510 935 1545 aspiciebant
956 1509 990 1537 ad

205 1556 302 1583 corbes
317 1556 344 1582 in
365 1556 467 1590 quibus
487 1563 588 1590 panum
609 1561 792 1583 commeatum
814 1563 869 1583 non
892 1556 992 1583 attule-

205 1604 286 1626 runt:
297 1605 363 1627 tunc
375 1609 422 1628 eos
437 1602 599 1633 insectatur,
614 1606 644 1629 ut
659 1603 705 1637 qui
726 1609 781 1629 non
797 1602 990 1637 intelligerent,

206 1645 280 1680 quod
304 1650 377 1674 esset
403 1642 613 1681 dbctriua,qua=.
640 1647 847 1682 signiﬁcabatur
862 1655 910 1682 per
935 1647 991 1674 ferr-

206 1696 338 1719 mentum.
365 1692 398 1718 Et
420 1700 516 1720 rursus
540 1700 602 1719 cum
627 1693 652 1720 ei
677 1700 799 1720 mensam
826 1696 993 1727 apponerent

207 1736 347 1771 discipuli,
369 1737 482 1772 ipseque
504 1738 714 1772 respondisset:
732 1738 788 1773 Ego
803 1737 882 1764 habeo
904 1746 991 1765 come~

208 1782 321 1809 dandum
332 1783 417 1810 cibum
433 1792 508 1818 quem
522 1793 565 1811 vos
580 1784 724 1814 nescitis",
734 1784 992 1819 existimassentque

207 1835 270 1854 eum
285 1827 377 1855 dicere
397 1828 431 1856 de
447 1829 583 1863 corporali
599 1829 661 1856 cibo
678 1834 806 1864 tanquam
825 1830 934 1857 aliunde
959 1830 992 1856 ad

206 1881 269 1901 eum
290 1874 383 1907 allato,
407 1882 487 1902 suum
514 1883 667 1903 sermonem
692 1876 895 1910 interpretatur,
919 1875 993 1910 quod

207 1920 259 1947 sibi
287 1920 453 1948 conveniens
480 1925 553 1948 esset
580 1921 667 1952 cibus,
691 1921 819 1948 salutaris
846 1921 993 1948 voluntatis

207 1965 374 2000 adimpletio.

243 2010 382 2044 Ejusmodi
414 2011 530 2046 plurima
560 2012 623 2039 licet
653 2012 782 2047 colligere
810 2020 844 2039 ex
879 2012 994 2040 vocibus

207 2057 381 2092 evangelicis,
398 2057 425 2084 in
438 2057 537 2092 quibus
554 2062 596 2085 est
608 2058 679 2084 aliud
696 2058 769 2092 quod
784 2057 947 2093 intelligitur
960 2066 994 2085 ex

206 2111 241 2130 eo
255 2103 326 2137 quod
343 2107 385 2130 est
401 2104 428 2130 iu
445 2108 584 2139 promptu,
602 2104 674 2131 aliud
697 2108 786 2131 autem
803 2104 835 2131 ad
858 2104 930 2139 quod
952 2105 994 2131 in-

207 2154 298 2177 tuetur
311 2150 447 2177 sententia
467 2158 561 2177 eorutn
590 2158 650 2184 quae
675 2150 822 2177 dicuntur:
851 2154 878 2177 ut
894 2158 992 2185 aquam

208 2203 289 2229 quam
306 2196 430 2230 promisit
446 2195 612 2227 sitientibus,
630 2203 677 2229 per
700 2203 781 2230 quam
808 2195 875 2221 ﬁunt
903 2195 992 2222 fontes

208 2239 353 2266 ﬂuviorum
374 2240 407 2267 iis
428 2241 474 2274 qui
491 2240 607 2267 credunt
620 2248 626 2272 ;
640 2247 735 2275 pauem
752 2240 798 2274 qui
815 2240 849 2267 de
866 2240 936 2267 caelo
950 2240 997 2267 de.-

208 2285 325 2318 scendit,
341 2285 552 2320 templumquod
566 2286 724 2317 solvitur,et
741 2285 832 2312 triduo
843 2286 996 2321 excitatur;

208 2331 289 2363 viam,
306 2332 425 2363 ostium,
451 2331 568 2365 lapidem
591 2331 638 2365 qui
657 2331 691 2357 ah
715 2330 928 2360 aediﬁcatoribus
954 2336 997 2360 est

210 2377 372 2411 reprobatus
387 2384 420 2403 ac
436 2381 620 2411 contemptus,
635 2380 660 2403 et
679 2377 707 2403 in
721 2377 810 2411 capite
834 2378 926 2412 anguli
948 2378 997 2406 ad—

208 2426 319 2456 aptatur
332 2431 338 2448 :
353 2422 423 2449 duos
439 2422 486 2456 qui
501 2426 565 2449 sunt
580 2421 606 2448 in
620 2429 675 2448 uno
691 2421 771 2451 lecto.
789 2421 973 2449 molendinum
986 2443 993 2455 ,

208 2468 342 2495 molentes
354 2468 482 2494 mulieres
495 2476 502 2500 ;
515 2475 574 2494 eam
595 2474 654 2501 quae
670 2467 830 2499 assumitur,
856 2475 915 2494 eam
936 2476 996 2502 qua:

208 2513 382 2547 relinquitur.
409 2514 535 2545 cadaver,
564 2513 679 2547 aquilas,
706 2513 797 2544 ticum.
817 2521 877 2548 qua:
903 2518 996 2541 tenera

209 2560 300 2586 evadit
318 2565 346 2586 et
360 2567 451 2586 ramos
462 2559 597 2594 producit.
614 2558 681 2591 Quae
695 2559 800 2591 omnia,
817 2563 843 2586 et
870 2567 997 2594 quaecun-

209 2613 262 2640 que
291 2609 355 2632 sunt
382 2605 529 2639 ejusmodi,
551 2612 601 2631 nos
627 2604 806 2632 adhortantur
831 2609 861 2631 ut
889 2605 997 2633 divinas

210 2655 366 2678 scrutemur
388 2650 556 2685 Scripturas,
583 2655 610 2677 et
636 2650 808 2677 attendamus
827 2650 949 2683 lectioni,
969 2656 996 2677 et

211 2697 285 2722 omni
302 2696 409 2723 ratione
424 2696 628 2730 investigemus,
638 2696 727 2723 sicubi
739 2696 828 2730 aliqua
842 2695 996 2723 inveniatur

210 2742 280 2769 ratio
291 2742 433 2769 sublimior
447 2749 477 2769 ea
495 2750 555 2777 qua:
569 2745 611 2768 est
635 2741 662 2768 in
692 2745 830 2776 promptu,
858 2740 996 2768 deducens

244 2831 269 2847 "
280 2830 359 2858 Joan.
374 2838 433 2863 vui,
451 2831 492 2857 Η.
539 2831 559 2847 ⁷¹
573 2830 648 2859 Joan.
665 2839 705 2864 ιιι,
722 2831 764 2859 14.

817 2831 838 2847 ⁷¹
851 2830 943 2858 Matth.
962 2829 1081 2863 xut,15;
1101 2827 1168 2856 Luc.
1182 2835 1239 2861 vui,
1253 2826 1295 2854 i0.

1033 234 1062 260 τὸ
1080 234 1109 260 ἓν
1124 234 1378 268 συνδεδραμηκότων
1391 233 1473 268 ἄγος;
1495 234 1525 260 Εἰ
1537 234 1565 260 δέ
1583 242 1624 265 τις
1638 232 1774 268 εὑρεθείη
1789 232 1838 257 λό-

1033 287 1080 313 γος
1101 280 1116 305 ὁ
1142 279 1172 305 τὸ
1197 278 1241 305 διὰ
1266 279 1367 305 τούτων
1387 280 1613 314 οὶκονομούμενον
1640 277 1840 305 ἐπιδεικνύω

1033 324 1186 356 ἀνεύθυνον,
1209 324 1269 351 τότε
1290 324 1428 359 ἀληθεύων
1443 326 1457 352 ό
1476 325 1522 351 τοῦ
1548 324 1631 352 αὐτοῦ
1653 325 1740 359 λόγος
1767 325 1836 351 ἑπι-

1033 368 1213 403 δειχθήσεται,
1237 369 1278 395 ὅτι
1304 369 1337 396 Τὸ
1363 368 1482 404 γράμμα
1497 370 1667 397 ἀποκτείνει
1683 369 1837 404 (πονηρῶν

1033 414 1088 450 γὰρ
1105 414 1161 449 ἔχει
1174 415 1345 450 πραγμάτων
1362 416 1391 441 ὲν
1413 415 1501 450 ἑαυτῷ
1515 415 1549 442 τὰ
1565 415 1784 450 ὑποδείγματα),
1800 414 1838 440 τὸ

1034 460 1068 486 δὲ
1080 460 1197 495 πνεῦμα
1211 461 1360 491 ζωοποιεῖ·
1379 462 1536 497 μετατίθησι
1552 463 1606 497 γὰρ
1615 461 1664 496 τὴν
1681 462 1738 487 ἀπε
1744 461 1835 495 μφαὲ-

1034 514 1131 533 νουσαν
1150 507 1197 533 καὶ
1211 507 1425 542 διαὸεὸλημένην
1438 507 1540 534 ἔννοιαν
1556 508 1596 539 εἰς
1612 507 1758 542 (λειοτέρας
1781 507 1836 541 ἐμ-

1035 553 1140 586 φάσεις.
1156 552 1272 588 Οἴδαμεν
1294 553 1323 580 δὲ
1347 554 1395 580 καὶ
1410 554 1490 580 αὑτὸν
1506 554 1553 580 τὸν
1574 554 1660 587 Λόγον
1680 553 1730 579 τὸν
1755 552 1841 587 παρὰ

1035 599 1124 632 πάσης
1142 600 1255 630 κτίσεως
1282 600 1527 634 προσκυνούμενον,
1553 599 1595 625 ὅτε
1617 600 1646 625 ὲν
1671 598 1836 633 ὁμοιώματι

1034 645 1176 679 ἀνθρώπου
1195 646 1238 671 καὶ
1252 646 1369 680 σχήματι
1382 645 1424 671 διὰ
1440 645 1539 680 σαρκὸς
1556 645 1699 679 παρεδίδου
1716 644 1755 669 1'1
1771 644 1838 669 θεῖα.

1036 693 1183 728 μυστήρια,
1196 692 1280 722 οὕτως
1295 692 1517 718 ἀνακαλύπτοντα
1530 692 1594 726 ἡμῖν
1616 691 1650 717 τὰ
1670 690 1718 717 τοῦ
1746 690 1837 724 νόμον

1035 739 1165 772 νοήματα,
1183 738 1251 764 ὥστε
1266 739 1327 769 τοὺς
1343 739 1388 764 δύο
1401 738 1568 773 ἀνθρώπους,
1582 735 1618 764 ὧν
1634 737 1743 772 ἀληθὴς
1755 738 1837 763 ἐστιν

1035 784 1052 818 ἡ
1073 784 1218 818 μαρτυρία,
1235 784 1329 810 ἑαυτὸν
1340 784 1387 809 καὶ
1398 784 1442 809 τὸν
1454 784 1562 818 Πατέρα
1576 783 1664 816 λέγειν
1680 781 1755 809 εἶναι
1766 790 1773 795 ·
1787 783 1839 807 καὶ

1035 829 1079 855 dav
1095 829 1210 862 χαλκοῦν
1226 829 1285 862 ὄφιν
1308 829 1353 855 τὸν
1374 830 1420 855 ἐπὶ
1440 829 1486 856 τοῦ
1504 829 1586 863 ὕψους
1603 828 1782 858 ἀνατεθέντα,
1805 828 1838 858 ὃς

1004 866 1025 894 Β
1036 871 1070 908 ἦν
1084 874 1122 908 τῷ
1137 874 1193 908 λαῷ
1207 874 1259 900 τῶν
1274 875 1469 909 θανατηφόρων
1484 875 1630 909 δηγμάτων
1642 873 1837 908 ἀλεξιτήριος,

1038 919 1076 948 είς
1091 919 1137 953 τὴν
1153 919 1197 945 διὰ
1212 919 1257 944 τοῦ
1275 920 1391 954 σταυροῦ
1406 919 1553 954 γενομένην
1576 919 1644 953 ὑπὲρ
1658 918 1739 953 ἡμῶν
1755 920 1837 944 οἰκο-

1038 963 1133 996 νομίαν
1151 963 1409 997 μεταλαμῦἀνοντα“
1429 964 1475 989 καὶ
1497 963 1585 994 αὐτῶν
1610 963 1637 989 δὲ
1657 962 1712 988 τῶν
1736 962 1839 992 ἁπλῶς

1038 1008 1119 1034 αὑτοῦ
1136 1008 1263 1043 μαθητῶν
1274 1009 1322 1043 τὴν
1336 1009 1472 1043 ἀγχίνοιαν
1484 1008 1527 1034 διὰ
1543 1008 1596 1034 τῶν
1610 1008 1839 1042 κεκαλυμμένων

1037 1062 1066 1080 τε
1080 1055 1125 1080 καὶ
1136 1055 1379 1089 ἐπικεκρνμμένων
1397 1054 1482 1087 λόγων
1502 1053 1719 1088 διαγυμνάζοντα
1736 1054 1766 1078 ἐν
1780 1061 1838 1078 πα-

1039 1099 1173 1134 ραϐολαῖς,
1197 1100 1225 1125 ὲν
1249 1100 1428 1134 ὁμοιώματι-ιν,
1451 1100 1480 1125 ὲν
1508 1101 1655 1130 σκοτεινοῖς
1677 1099 1781 1132 λόγοις,
1805 1099 1840 1123 ὲν

1038 1145 1239 1179 ἀποᾳθέγμασι,
1266 1147 1319 1176 τοῖς
1344 1145 1376 1171 δι’
1401 1145 1569 1178 αἰνιγμάτων
1598 1143 1836 1179 προφερομένοις,

1039 1189 1108 1224 ὑπὲρ
1121 1186 1157 1215 ῶν
1176 1190 1329 1223 καταμόνας
1349 1190 1396 1223 μὲν
1411 1191 1527 1215 ἐποιεῖτο
1541 1189 1695 1223 ἐξηγήσεις,
1711 1188 1838 1214 ἐπιλύων

1039 1236 1129 1266 αὐτοῖς
1146 1235 1194 1269 τὴν
1208 1235 1338 1268 ἀσάφειαν
1349 1244 1354 1249 ”
1373 1235 1429 1260 ἔστι
1447 1235 1474 1261 δὲ
1491 1235 1568 1265 ὅπου,
1581 1234 1605 1259 εί
1618 1234 1654 1269 μὴ
1671 1234 1836 1268 κατελήφθη

1039 1282 1103 1315 παρ’
1116 1282 1204 1306 αὐτῶν
1241 1281 1293 1307 τῶν
1303 1281 1455 1315 λεγομένων
1474 1281 1587 1312 διάνοια,
1604 1279 1773 1314 διεμέμεξετο
1784 1279 1837 1304 αὖ·

1038 1327 1092 1352 τῶν
1107 1327 1136 1351 τὸ
1147 1326 1302 1360 βραδύνων,
1317 1327 1362 1352 καὶ
1380 1327 1442 1360 περὶ
1458 1325 1506 1360 τὴν
1525 1325 1628 1351 σύνεσιν
1639 1326 1751 1351 ἄτοπον.
1769 1325 1834 1350 Ὅτε

1040 1372 1093 1406 γὰρ
1103 1372 1268 1406 ἀποσχέσθαι
1276 1370 1495 1406 τοῦΦαρισαῖκοῦ
1506 1371 1595 1402 αὐτοῖς
1605 1370 1778 1396 ὲνεκελεύετο
1787 1370 1836 1401 ζυ-

1042 1417 1104 1452 μοῦ,
1120 1418 1182 1443 ait}:
1204 1417 1378 1451 μικροψύχως
1393 1417 1461 1451 πρὸς
1482 1417 1531 1447 τὰς
1553 1417 1645 1451 πήρας
1664 1416 1834 1446 ἀπέϐλεπον,

1040 1463 1068 1488 ὲν
1084 1460 1127 1493 αἶς
1139 1463 1184 1488 τὸν
1199 1464 1230 1488 ἐκ
1249 1463 1302 1488 τῶν
1320 1464 1408 1497 ἄρτων
1425 1462 1594 1495 ἐπισιτισμὸν
1611 1462 1660 1487 οὐκ
1686 1462 1834 1495 ἐπήγοντο.

1041 1509 1100 1534 τότε
1119 1508 1287 1534 καθάπτεται
1306 1508 1359 1534 τῶν
1380 1508 1415 1542 μὴ
1440 1508 1593 1537 συνιέντων,
1614 1507 1654 1532 ὅτι
1671 1506 1834 1532 διδασκαλία.

1040 1551 1074 1589 ἦν
1091 1554 1120 1579 τὸ
1137 1554 1181 1579 διὰ
1197 1554 1241 1579 τοῦ
1259 1554 1344 1588 ζυμοῦ
1358 1554 1532 1588 δηλούμενον,
1555 1553 1609 1578 Καὶ
1627 1553 1708 1578 πάλιν
1726 1552 1832 1586 τράπε-

1043 1600 1091 1632 ζαν
1108 1601 1180 1634 αὺτῷ
1192 1601 1244 1626 τῶν
1265 1600 1393 1635 μαθητῶν
1411 1598 1831 1634 παραθέντων,ἁποκρινόμενος,

1041 1646 1081 1672 ὅτι
1103 1647 1175 1679 Ἐγὼ
1190 1646 1306 1679 ,ϐρῶσιν
1318 1646 1376 1679 ἔχω
1387 1646 1484 1680 μογεῖι
1497 1666 1502 1676 ,
1516 1645 1555 1679 ἢν
1566 1645 1712 1679 ὑμεῖςοὺκ
1721 1644 1834 1674 οἴδατε,

1043 1692 1248 1726 ὑπονοησάντων
1271 1691 1359 1717 αὐτῶν
1380 1692 1442 1726 περὶ
1462 1691 1620 1725 σωματικῆς
1645 1690 1724 1716 αὐτὸν
1744 1689 1833 1722 λέγειν

1041 1737 1153 1771 τροφῆς,
1162 1737 1198 1767 ὡς
1212 1737 1342 1771 ἑτέρωθεν
1352 1737 1424 1770 αὐτῷ
1435 1736 1670 1771 προσενεχθείσης,
1685 1735 1832 1770 ἑρμηνεῦσι

1041 1784 1086 1809 τὸν
1110 1783 1205 1809 ἑαυτοῦ
1221 1784 1308 1816 λόγον,
1328 1785 1368 1809 ὅτι
1390 1783 1490 1817 βρῶσίς
1508 1784 1581 1809 ἐστιν
1600 1782 1674 1816 αὐτῷ
1689 1781 1832 1815 πρέπουσα

1043 1829 1090 1855 καὶ
1104 1828 1278 1863 κατάλληλος,
1299 1830 1315 1862 ἡ
1331 1828 1377 1854 τοῦ
1391 1829 1524 1863 σωτηρίου
1541 1828 1692 1862 θελήματος
1708 1827 1833 1861 ἀποπλή-

1045 1883 1125 1910 ρωσις
1132 1901 1138 1906 ,

1079 2012 1134 2037 Καὶ
1160 2012 1245 2046 μυρία
1266 2011 1378 2037 τοιαῦτα
1400 2011 1433 2037 ὲκ
1452 2009 1506 2036 τῶν
1530 2008 1714 2043 εὑαγγελικῶν
1737 2009 1834 2042 φωνῶν

1044 2057 1117 2083 ἐστιν
1133 2056 1330 2088 ἀναλέξασθαι,
1353 2056 1396 2090 ἐφ’
1417 2052 1455 2082 ὧν
1470 2054 1534 2081 ἄλλο
1550 2054 1600 2089 μέν
1622 2055 1680 2079 ἐστι.
1694 2053 1725 2079 τὸ
1740 2054 1773 2078 ἐκ
1787 2053 1837 2079 τοῦ

1044 2102 1189 2138 προχείρου
1204 2101 1357 2136 νοούμενον,
1370 2101 1463 2136 ἕτερον
1478 2100 1505 2126 δὲ
1522 2100 1589 2134 πρὸς
1606 2099 1620 2125 ὃ
1635 2099 1730 2133 βλέπει
1748 2099 1766 2133 ἡ
1781 2099 1836 2124 τῶν

1045 2147 1198 2183 λεγομένων
1225 2147 1339 2174 διάνοιαο
1355 2144 1410 2173 οἷον
1428 2146 1460 2172 τὸ
1473 2145 1545 2180 ὕδωρ
1558 2145 1572 2171 ὃ
1587 2146 1642 2175 τοῖς
1657 2144 1756 2178 διψῶσι
1768 2153 1834 2170 κατ-

1007 2205 1032 2234 D
1044 2195 1233 2229 ετιηγγείλατο,
1257 2194 1289 2220 δι’
1306 2190 1338 2219 οὗ
1361 2193 1448 2227 πηγαὶ
1467 2191 1598 2226 ποταμῶν
1620 2191 1741 2224 γίνονται
1754 2191 1778 2216 οἱ
1793 2199 1834 2216 πι-

1046 2241 1194 2272 στεύοντες,
1209 2240 1254 2266 τὸν
1272 2240 1352 2276 ἄρτον
1370 2239 1414 2265 τὸν
1429 2239 1463 2265 ὲκ
1484 2238 1537 2264 τῶν
1557 2236 1680 2272 οὐρανῶν
1690 2235 1832 2268 ,καταϐαί-

1045 2295 1134 2318 νοντα,
1151 2286 1196 2312 τὸν
1211 2285 1274 2312 ναὸν
1290 2285 1335 2312 τὸν
1349 2284 1487 2319 λυόμενον,
1504 2283 1551 2310 καὶ
1569 2283 1614 2309 διὰ
1628 2281 1710 2316 τριῶν
1724 2281 1832 2315 ἡμερῶν

1045 2332 1228 2367 ἐγειρόμενον,
1240 2330 1289 2366 τὴν
1303 2330 1376 2361 ὁδὸν,
1385 2329 1434 2365 τὴν
1447 2328 1543 2364 θύραν,
1557 2328 1601 2354 τὸν
1614 2327 1687 2353 λίθον
1700 2327 1745 2353 τὸν
1759 2326 1830 2362 παρὰ

1045 2378 1098 2404 τῶν
1114 2376 1346 2411 οίκοδομουμένων
1364 2375 1595 2409 ὲξουδενούμενον,
1615 2373 1662 2399 καὶ
1678 2374 1713 2407 τῇ
1733 2373 1830 2405 ὲπιγωρ

1046 2424 1095 2459 νίῳ
1111 2422 1215 2457 κεφαλῇ
1237 2421 1438 2457 ἁρμοζόμενον
1452 2421 1515 2452 τοὺς
1533 2420 1580 2446 δύο
1596 2420 1660 2450 τοὺς
1677 2419 1723 2444 ἐπὶ
1743 2418 1830 2452 κλίνης

1048 2469 1123 2503 μιᾶς,
1137 2468 1183 2494 τὸν
1197 2466 1324 2502 μυλῶνα,
1337 2466 1387 2497 τὰς
1402 2465 1571 2500 ἀληθούσας,
1587 2465 1636 2500 τὴν
1654 2463 1829 2499 παραλαμϐα-

1047 2514 1180 2549 νομένην,
1198 2512 1247 2547 τὴν
1272 2511 1561 2546 καταλιμπανομένην,
1587 2511 1617 2537 τὸ
1634 2510 1750 2545 πτῶμα,
1772 2511 1830 2541 τοὺς

1047 2559 1154 2591 ἀετοὺς,
1168 2558 1215 2593 τὴν
1236 2559 1321 2593 συκῆν
1344 2558 1393 2592 τὴν
1409 2556 1617 2591 ἀπαλυνομένην
1632 2556 1681 2582 καὶ
1695 2555 1756 2586 τοὺς
1772 2555 1830 2581 κλά-

1049 2605 1111 2636 δους
1125 2603 1288 2638 ὲκφύουσαν.
1304 2603 1392 2637 "Amp
1416 2602 1504 2628 πάντα
1521 2601 1569 2627 καὶ
1589 2601 1639 2627 ὅσα
1663 2599 1773 2626 τοιαῦτα
1790 2600 1830 2633 τὲ-

1048 2658 1119 2676 νοιτο
1133 2649 1165 2676 ἂν
1178 2649 1243 2684 ἡμῖν
1259 2648 1287 2679 ἐς
1304 2647 1459 2682 προτροπὴν
1469 2646 1515 2673 τοῦ
1528 2646 1626 2682 χρῆναι
1637 2646 1684 2672 καὶ
1696 2645 1830 2679 διερευνᾷν

1048 2694 1097 2725 τὰς
1115 2693 1188 2724 θείας
1209 2693 1310 2727 φωνὰς,
1327 2692 1374 2719 καὶ
1390 2691 1534 2727 προσέχειν
1554 2692 1588 2725 τῇ
1605 2690 1775 2724 ἀναγνώσει,
1789 2691 1830 2715 xa'v.

1049 2739 1120 2766 κατὰ
1130 2739 1218 2766 πάντα
1228 2738 1327 2773 τρόπον
1339 2737 1489 2773 ἀνιχνεύειν
1501 2738 1527 2763 εἴ
1535 2737 1586 2763 πού
1601 2746 1642 2768 τις
1654 2735 1777 2772 εὑρεθείη
1793 2735 1830 2762 λό-

1335 2827 1357 2843 ⁷³
1370 2826 1466 2854 Matth.
1479 2834 1535 2860 xw,
1557 2826 1583 2853 6.
1600 2826 1623 2841 7‘
1635 2825 1714 2854 Joan.
1730 2833 1766 2859 tv,
1786 2825 1826 2853 ΒΞ.
