3846 6220
131 305 242 359 761

1310 301 1378 358 IN
1406 301 1700 359 CANTICA
1739 296 2208 356 CANTICORUM.

3306 282 3408 336 762

141 441 243 492 τος
276 424 377 494 τῆς
411 422 705 495 προχείρου
743 424 1125 494 κατανοήσεως
1153 423 1502 496 ὑψηλότερος,
1539 424 1630 478 ἐπὶ
1662 423 1732 476 τὰ

1871 423 2223 493 agitationem
2260 416 2327 471 ad
2359 431 2450 471 res
2490 414 2662 485 magis
2692 411 2912 468 divinas
2947 418 3001 465 et
3031 409 3406 478 incorporeas.

138 516 402 587 ὕειότερά
428 531 488 568 τε
515 515 610 568 καὶ
653 513 920 586 ἀσώματα
949 516 1303 585 χειραγωγῶν
1342 516 1443 586 τὴν
1475 515 1733 568 διάνοιαν.

151 608 356 662 Γούτου
379 609 542 679 χάριν
559 607 621 660 τὸ
642 607 1085 678 ἀπηγορευμένον
1107 609 1172 678 τῇ
1197 606 1398 679 βρώσει
1423 605 1516 658 τοῦ
1549 605 1732 672 ξύλου,

143 701 274 771 οὐχὶ
304 702 495 769 συκῆν.
531 698 604 762 ὥς
635 716 777 762 τινες
811 699 1184 768 ἀπεφήναντο,
1232 698 1354 752 οὐδὲ
1385 697 1514 751 ἄλλο
1539 715 1592 750 τι
1629 696 1739 749 τῶν

145 790 471 862 ἀκροδρύων
496 783 634 842 εἶναι
665 786 984 857 πειθόμεθα.
1038 787 1101 839 Εἰ
1135 787 1242 858 γὰρ
1281 787 1400 840 τότε
1439 785 1742 855 θανατηφό-

150 900 249 953 po;
285 877 354 952 ἦν
393 883 429 952 ἡ
474 880 640 951 συκῆ,
671 881 779 933 οὐδ’
826 880 893 933 ἂν
950 879 1046 933 νῦν
1094 881 1312 942 πάντως
1362 877 1619 948 ἐδώδιμος
1649 873 1738 948 ἦν.

149 977 316 1046 ’Ἅμα
349 975 408 1027 δὲ
455 975 548 1028 καὶ
597 972 993 1044 μεμαθήκαμεν
1023 972 1174 1044 παρά
1206 972 1305 1042 τῆς
1332 970 1424 1024 τοῦ
1473 971 1741 1022 Δεσπότου

152 1068 379 1138 φωνῆς,
425 1066 494 1119 δι’
549 1065 874 1134 ἀποφάσεως
923 1063 1084 1116 τοῦτο
1129 1062 1596 1133 δογματιζούσης·
1660 1062 1744 1114 ὃτι

155 1157 359 1211 Οὐδέν
390 1156 521 1210 ἐστι
551 1153 671 1208 τῶν
705 1151 1222 1222 εἰσπορευομένων
1244 1151 1342 1206 διὰ
1373 1153 1670 1220 στόματος
1712 1149 1744 1203 ὃ

155 1247 416 1302 δύναται
436 1243 724 1299 κοινῶσαι
749 1242 856 1296 τὸν
877 1241 1204 1309 ἄνθρωπον.
1244 1240 1382 1292 Ἀλλ’
1409 1241 1598 1312 ἑτέραν
1626 1239 1749 1292 τινὰ

155 1338 433 1410 ζητοῦμεν
462 1337 699 1390 διάνοιαν
737 1335 830 1387 ἐπὶ
863 1333 958 1386 τοῦ
989 1333 1156 1403 νόμου
1178 1373 1194 1397 ,
1226 1332 1382 1398 ἀξίαν
1414 1332 1509 1402 τῆς
1540 1331 1633 1384 τοῦ
1663 1348 1748 1384 νο-

158 1431 393 1500 μοθέτου
435 1428 873 1499 μεγαλειότητος
906 1423 1010 1478 κᾶν
1050 1425 1148 1493 τῆς
1194 1423 1288 1476 τοῦ
1341 1421 1476 1475 Θεοῦ
1525 1421 1750 1492 φυτείας

157 1522 329 1592 ἔργον
358 1520 449 1572 τὸν
499 1518 828 1590 παράδεισον
869 1513 1008 1569 εἶναι
1055 1514 1400 1584 ἀκούσωμεν,
1452 1515 1555 1568 κᾶν
1595 1512 1751 1577 ξύλον

159 1613 311 1684 ζωῆς
339 1614 396 1666 ὲν
432 1615 581 1682 μέσῳ
608 1610 703 1664 τοῦ
735 1610 1064 1680 παραδείσου
1105 1608 1534 1678 πεφυτευμένον,
1578 1605 1752 1676 ζητῶ-

160 1722 268 1777 μεν
299 1703 450 1774 παρὰ
480 1701 574 1756 τοῦ
614 1701 1090 1764 ἀποκαλύπτοντος
1138 1700 1207 1753 τὰ
1239 1698 1598 1770 κεκρυμμένα
1652 1716 1752 1768 μυ-

1836 513 1950 570 llac
1981 514 2050 568 de
2077 527 2245 566 causa
2278 509 2425 580 quod
2477 508 2531 562 in
2565 523 2663 562 esu
2723 503 2856 575 ligni
2915 510 3000 557 est
3053 500 3406 571 prohibitum,

1837 621 2014 675 neque
2047 604 2211 658 ﬁcum
2240 599 2362 656 es'se
2399 600 2694 661 credimus,
2722 605 2781 650 ut
2807 594 3056 649 nonnulli
3091 591 3412 662 pronuntia-

1838 706 1989 762 runt,
2044 709 2222 766 neque
2252 693 2492 761 aliquam
2546 705 2614 743 ex
2667 686 2946 757 frugiferis
3000 684 3311 738 arboribus.
3354 681 3411 736 Si

1837 789 1984 845 enim
2018 795 2149 842 tunc
2181 787 2314 839 licus
2360 783 2553 838 fuisset
2590 779 2820 842 letifera,
2873 793 2972 833 nec
3004 793 3150 832 nunc
3194 777 3420 847 quidem.

1839 888 1984 937 esset
2013 878 2240 933 omnino
2271 876 2574 930 esculenta.
2610 871 2784 926 Simul
2835 870 3000 924 etiam
3039 869 3142 922 hoc
3196 879 3422 935 quoque

1841 970 2134 1026 didicimus
2164 983 2194 1020 a
2224 981 2357 1020 voce
2387 963 2623 1026 Domini,
2653 976 2776 1031 quae
2812 960 2917 1014 hoc
2956 959 3237 1014 decretum
3290 970 3419 1025 pro-

1843 1065 2060 1118 nuntiat
2093 1059 2283 1115 :Nihil
2321 1066 2398 1112 est
2437 1071 2618 1109 eorum
2653 1069 2770 1123 qua:
2809 1067 2901 1119 per
2945 1068 3002 1105 os
3051 1049 3428 1119 ingrediuntur

1844 1153 1982 1225 quod
2035 1152 2268 1221 inquinet
2319 1149 2626 1203 hominem:
2683 1143 2778 1199 sed
2834 1144 2889 1197 in
2945 1143 3050 1196 hac
3101 1142 3218 1211 lege
3253 1140 3425 1194 aliam

1847 1245 2144 1315 quaarimus
2180 1239 2616 1310 intelligentiam,
2650 1252 2772 1306 qua:
2803 1234 3130 1306 legislatoris
3162 1234 3324 1304 digna
3350 1232 3426 1288 sit

1847 1337 2153 1404 majestate.
2189 1333 2253 1385 Et
2290 1333 2336 1387 si
2378 1330 2714 1385 audierimus
2752 1326 3063 1396 paradisum
3115 1340 3241 1380 esse
3284 1339 3432 1393 opus

1849 1427 1944 1488 Dei
1977 1425 2353 1496 plantationis,
2389 1430 2444 1476 et
2499 1421 2547 1476 si
2604 1421 2814 1490 lignum
2849 1418 2972 1471 vitae
3033 1418 3331 1486 plantatnm
3368 1415 3428 1468 in

1851 1520 2034 1574 medio
2071 1516 2336 1588 paradisi,
2365 1528 2675 1585 quaeramus
2708 1527 2773 1566 ex
2803 1526 2868 1565 eo
2893 1509 2985 1579 qui
3019 1509 3233 1562 occulta
3274 1523 3428 1562 reve-

1852 1609 1928 1662 lat
1961 1607 2240 1678 inysteria,
2279 1615 2338 1659 ut
2369 1605 2649 1658 discamus
2687 1616 3056 1670 quorumuam
3088 1599 3326 1669 agricola
3375 1606 3433 1653 et

1853 1701 2127 1771 plantator
2161 1698 2328 1753 fuerit
2371 1695 2550 1758 Pater,
2583 1705 2637 1751 et
2662 1692 3124 1764 quemadmodum
3165 1691 3277 1747 fieri
3310 1707 3434 1761 pos-

162 1795 363 1863 στήρια
392 1791 599 1863 μαθεῖν,
627 1790 793 1844 ποίων
817 1790 998 1859 φυτῶν
1017 1789 1226 1859 γίνεται
1250 1791 1277 1841 6
1295 1789 1482 1860 Πατὴρ
1506 1788 1746 1858 γεωργός

1871 1793 1946 1856 sit,
1977 1799 2038 1845 ut
2066 1791 2120 1844 in
2170 1789 2350 1844 medio
2405 1787 2644 1857 paradisi
2686 1787 2798 1842 sint
2829 1786 2940 1839 duo
2998 1784 3164 1854 ligna,
3195 1783 3432 1836 alterum

162 1901 225 1938 τε
257 1885 352 1938 καὶ
390 1884 728 1952 φυτοκόμος,
773 1883 868 1935 καὶ
916 1882 1034 1945 πῶς
1066 1881 1290 1935 δυνατόν
1339 1883 1454 1933 ἐστι
1507 1878 1648 1932 κατά
1687 1879 1747 1932 τὸ

164 1976 490 2047 μεσαίτατον
527 1975 620 2028 τοῦ
655 1975 984 2046 παραδείσου
1018 1973 1088 2027 τὰ
1117 1973 1210 2026 δύο
1241 1969 1378 2026 εἶναι
1409 1971 1560 2036 ξύλα,
1596 1971 1654 2024 τό
1688 1988 1746 2024 τε

169 2069 263 2138 τῆς
305 2068 575 2138 σωτηρίας
617 2068 709 2120 καὶ
754 2067 852 2137 τῆς
899 2064 1194 2127 ἀπωλείας.
1247 2063 1321 2116 Τὸ
1357 2063 1464 2132 γὰρ
1503 2061 1746 2133 ἀκριϐῶς

168 2160 360 2230 μέσον.
392 2159 640 2230 καθάπερ
671 2159 729 2210 ἐν
762 2157 960 2211 κύκλου
1001 2159 1066 2228 τῇ
1102 2157 1440 2226 περιγραφῇ,
1466 2153 1524 2206 ἐν
1558 2152 1636 2222 τῷ
1667 2153 1750 2204 ἑνὶ

168 2250 381 2321 κέντρῳ
424 2250 640 2313 πάντως
683 2248 851 2300 ἐστίν.
882 2248 944 2299 El
984 2247 1039 2300 δὲ
1073 2245 1403 2317 παρατεθείη
1436 2242 1512 2312 τῷ
1543 2242 1750 2312 κέντρῳ

170 2341 314 2395 κατά
343 2359 394 2394 τι
425 2340 584 2412 μέρος
612 2339 797 2410 ἕτερον
830 2339 1074 2409 κέντρον,
1111 2337 1322 2406 ἀνάγκη
1351 2336 1501 2388 πάσα
1533 2350 1750 2403 συμμε-

173 2433 456 2503 τατεθῆναι
481 2431 558 2502 τῷ
585 2432 794 2502 κέντρῳ
821 2430 915 2483 τὸν
944 2429 1164 2490 κύκλον,
1192 2427 1332 2479 ὥστε
1369 2425 1563 2496 μηκέτι
1588 2425 1753 2494 μέσον

171 2525 310 2581 εἶναι
341 2526 403 2580 τὸ
443 2526 724 2598 πρότερον.
789 2523 933 2576 Ἐκεῖ
959 2531 1135 2574 τοίνυν
1171 2519 1287 2581 ἐνὸς
1319 2517 1470 2580 ὄντος
1500 2515 1594 2568 τοῦ
1645 2532 1752 2567 πα-

171 2617 442 2690 ραδείσω,
478 2615 597 2678 πῶς
628 2632 792 2684 φησιν
821 2617 849 2668 6
877 2613 1035 2682 λόγος
1084 2609 1391 2674 ἰδιαζόντως
1427 2609 1524 2678 μὲν
1558 2606 1752 2660 ἑκάτε-

171 2728 266 2781 ρον
314 2706 635 2779 θεωρεῖσθαι
663 2706 770 2760 τῶν
811 2703 1002 2770 ξύλων⁶
1044 2702 1138 2755 ἐπὶ
1171 2701 1228 2753 δὲ
1274 2697 1368 2752 τοῦ
1406 2697 1568 2765 μέσου
1617 2691 1754 2748 εἶναι

174 2799 333 2855 τοῦτο
379 2800 474 2854 καὶ
520 2798 697 2861 τοῦτο,
749 2791 824 2850 ὧν
857 2796 920 2853 τὸ
948 2793 1322 2864 θανατηφόρον
1349 2792 1446 2860 τῆς
1485 2788 1581 2842 τοῦ
1621 2786 1754 2840 Θεοῦ

173 2893 401 2962 ,ρυτείας
423 2890 701 2958 ἀλλότριον
736 2885 875 2942 εἶναι
911 2887 1150 2940 διδάσκει
1183 2887 1212 2937 ὁ
1251 2885 1431 2937 πάντα
1472 2881 1612 2934 καλά
1638 2880 1759 2933 λίαν

173 2978 316 3036 εἶναι
345 2981 413 3034 τὰ
438 2979 533 3033 τοῦ
576 2978 711 3032 Sed}
741 2977 878 3049 ἔργα
909 2976 1330 3046 ἀποφηνάμενος
1362 2972 1551 3040 λόγος;
1581 2965 1678 3032 Οἷς
1711 2972 1758 3023 εἰ

173 3074 252 3144 μή
306 3088 388 3134 τις
430 3069 521 3124 διὰ
561 3067 872 3138 φιλοσοφίας
917 3065 1270 3135 ὲνθεωρήσειε
1317 3064 1416 3133 τὴν
1478 3061 1756 3129 ἀλήθειαν,

1854 1883 2069 1947 salutis,
2101 1881 2331 1936 alterum
2385 1879 2661 1934 interitus.
2710 1875 2846 1930 Nam
2880 1876 3024 1945 quod
3077 1873 3317 1945 perfecte
3348 1882 3436 1927 est

1855 1976 2117 2039 medium,
2147 1982 2408 2042 tanquam
2458 1972 2516 2025 in
2560 1969 2933 2038 descriptione
2961 1967 3178 2032 circuli,
3209 1965 3440 2019 omnino

1859 2079 2024 2122 unum
2055 2071 2142 2118 est
2173 2077 2283 2116 uno
2314 2069 2527 2116 centro.
2558 2061 2614 2114 Si
2644 2067 2824 2113 autem
2851 2058 2905 2111 in
2930 2064 3122 2112 centro
3145 2065 3440 2110 extensum

1857 2153 2022 2209 fuerit
2072 2169 2139 2209 ex
2178 2153 2351 2206 altera
2387 2159 2542 2219 parte
2593 2149 2832 2202 alterum
2885 2155 3159 2206 centrum,
3214 2157 3445 2197 necesse

1857 2254 1942 2301 est
1968 2245 2218 2308 omnino,
2249 2249 2310 2296 ut
2337 2256 2461 2296 cum
2502 2248 2693 2294 centro
2739 2236 2904 2293 simul
2933 2235 3303 2290 transferatur
3332 2233 3440 2287 cir-

1859 2335 2037 2400 culus,
2067 2334 2203 2389 adeo
2253 2342 2314 2387 ut
2343 2345 2454 2385 non
2514 2331 2588 2386 sit
2625 2328 2863 2398 amplius
2913 2324 3155 2381 medium
3190 2324 3242 2377 id
3294 2323 3442 2393 quod.

1859 2433 1979 2480 erat
2007 2425 2178 2495 prius.
2214 2421 2350 2478 Cum
2381 2435 2512 2491 ergo
2541 2420 2655 2474 illic
2689 2420 2762 2473 sit
2809 2432 2953 2472 unus
2985 2415 3307 2485 paradisus,
3330 2427 3447 2482 quo

1860 2526 2022 2587 pacto
2066 2516 2199 2570 dicit
2227 2514 2514 2582 Scriptura
2550 2525 2801 2566 seorsum
2845 2509 3066 2578 quidem
3103 2503 3444 2559 considerari

1863 2616 2156 2676 utrumque
2179 2606 2409 2677 lignum,
2428 2604 2483 2657 in
2512 2603 2692 2658 medio
2715 2609 2897 2654 autem
2922 2615 3046 2654 esse
3073 2599 3176 2652 hoc
3199 2607 3255 2653 et
3283 2596 3450 2662 illud,

1863 2715 2096 2770 quorum
2133 2698 2185 2752 id
2217 2697 2362 2768 quod
2413 2694 2688 2750 letiferum
2734 2699 2876 2758 erat,
2913 2706 2943 2744 a
2977 2690 3072 2744 Dei
3108 2687 3448 2759 plantatione

1864 2791 2035 2844 fuisse
2065 2788 2304 2842 alienum
2339 2785 2495 2840 docet
2518 2785 2564 2838 is
2596 2782 2902 2852 Scriptura:
2932 2781 3110 2842 locus,
3137 2780 3228 2848 qui
3258 2776 3447 2832 omnia

1868 2881 1962 2937 Dei
1998 2895 2161 2950 opera
2193 2879 2351 2932 valde
2382 2877 2522 2932 bona
2553 2890 2676 2930 esse
2704 2872 2994 2929 declarat?
3018 2870 3072 2924 In
3102 2869 3304 2939 qu.bus
3334 2867 3444 2921 nisi

1865 2990 1962 3045 per
2002 2969 2405 3043 philosophiam
2451 2968 2736 3023 veritatem
2789 2964 2961 3020 lueris
3021 2957 3450 3030 contemplatus,‘

1868 3065 2146 3120 videbitur
2177 3064 2229 3118 id
2268 3060 2413 3132 quod
2443 3059 2667 3121 dicitur,
2691 3073 2816 3112 esse
2847 3055 3182 3116 fabulosum,
3214 3060 3309 3106 aut
3337 3066 3452 3105 non

175 3165 484 3216 ἀσύστατον
527 3161 561 3231 ἢ
627 3158 874 3230 μυθῶδες
925 3153 1066 3210 εἶναι
1105 3158 1218 3218 τοῖς
1249 3154 1666 3216 ἀνεπισκέπτοις
1707 3151 1758 3204 τὲ

1871 3173 2032 3230 posse
2064 3157 2390 3220 consistere,
2425 3152 2743 3208 hominibus
2773 3164 2884 3204 non
2919 3148 3056 3202 satis
3089 3144 3452 3201 consideran-

176 3254 477 3323 ).εγόμενον
503 3252 664 3317 δόξει.

249 3348 365 3402 Καὶ
415 3345 625 3416 μακρὸν
654 3343 720 3397 ἂν
752 3341 838 3414 εἴη
868 3342 940 3396 τὰ
981 3339 1104 3394 καθ’
1137 3339 1364 3392 ἕκαστον
1397 3339 1461 3390 ἐκ
1491 3336 1601 3390 τῶν
1633 3352 1770 3406 προ-

176 3439 372 3512 φητῶν
404 3435 796 3504 ἀναλέγεσθαι·
829 3434 904 3498 ὡς
929 3434 957 3485 ὁ
982 3432 1223 3503 Μιχαίας
1251 3432 1336 3482 ἐπ’
1363 3429 1606 3499 ἐσχάτων
1637 3429 1773 3498 ἡμε-

178 3531 316 3605 ρῶν,
357 3529 596 3601 ἐμφανὲς
627 3529 752 3598 ὅρος
803 3525 951 3594 λέγει
982 3523 1307 3594 γενήσεσθαι
1359 3523 1452 3574 ἐπὶ
1485 3519 1584 3583 τάς
1616 3536 1774 3589 κορυ-

177 3625 294 3694 φὰς
331 3622 442 3675 τῶν
469 3620 661 3692 ὀρέων,
693 3619 752 3673 τὸ
779 3618 875 3672 ἐπὶ
911 3617 1229 3686 καθαιρέσει
1257 3613 1502 3683 γίνεσθαι
1542 3610 1650 3664 τῶν
1683 3611 1776 3663 ἀν-

177 3713 511 3784 τικειμένων
542 3710 844 3780 δυνάμεων,
880 3705 1332 3776 ἀναδεικνύμενον
1367 3705 1468 3773 τῆς
1497 3701 1777 3763 εὐσεσείας

183 3807 490 3878 μυστήριον
532 3803 675 3856 οὓτω
718 3800 1124 3871 κατονομάζωνο
1173 3798 1286 3861 πῶς
1320 3797 1375 3851 δὲ
1414 3795 1606 3866 ῥάϐδον
1646 3796 1779 3848 ἀνα⁹

181 3899 398 3952 τέλλειν
424 3897 558 3968 φησὶ
594 3897 690 3950 καὶ.
715 3895 872 3957 ἄνθος
906 3896 972 3946 ὲκ
997 3893 1099 3963 τῆς
1127 3890 1304 3962 ῥίζης,
1329 3890 1426 3959 τὴν
1453 3888 1543 3941 διὰ
1576 3887 1778 3959 σαρκὸς

183 3989 285 4043 τοῦ
312 3989 516 4059 Κυρίου
541 3987 809 4053 ἀνάδειξιν
833 3989 862 4040 6
883 3984 1084 4056 ὑψηλὸς
1114 3983 1342 4046 Ἡσαΐας
1365 3980 1508 4035 οὓτω
1539 3980 1778 4051 μηνύων,

184 4081 226 4150 ἦ
279 4079 343 4132 τὸ
381 4077 754 4150 τετυρωμένον
802 4077 927 4147 ὅρος
974 4073 1126 4145 παρά
1175 4072 1252 4144 τῷ
1301 4071 1524 4142 μεγάλῳ
1579 4069 1781 4135 Δαϐὶδ,

185 4169 374 4220 ὁποῖον
397 4166 510 4235 ἔχει
546 4164 669 4218 νοῦν
701 4166 759 4217 ὲν
788 4167 858 4234 τῇ
888 4162 1032 4229 λέξει
1070 4161 1414 4232 φαινόμενον,
1443 4161 1476 4230 ἢ
1505 4160 1566 4212 τὸ
1595 4173 1784 4230 μυριο-

190 4262 424 4316 πλάσιον
458 4263 631 4332 ἅρμα,
680 4259 714 4329 ἢ
760 4258 868 4311 τῶν
906 4256 1122 4327 ταύρων
1160 4257 1194 4326 ἡ
1234 4253 1558 4324 συναγωγὴ,
1587 4253 1620 4323 ή
1653 4252 1788 4303 ἐπα-

193 4352 437 4422 φιεμένη
464 4354 582 4414 ταῖς
613 4349 878 4420 δαμάλεσι
919 4346 1024 4400 τῶν
1051 4345 1215 4411 λαῶν,
1239 4346 1272 4416 ἢ
1293 4346 1322 4397 ό
1348 4343 1686 4415 βαπτόμενος
1709 4341 1787 4412 τῷ

191 4446 392 4517 αἵματι
424 4443 580 4508 ποῦς,
607 4443 640 4514 ἢ
667 4443 775 4495 τῶν
812 4439 988 4494 κυνῶν
1024 4441 1075 4494 αἱ
1101 4439 1362 4507 γλῶσσαι·
1395 4437 1428 4508 ἢ
1457 4435 1578 4490 καθ’
1602 4435 1784 4506 ὁμοιό-

191 4556 340 4609 τητα
365 4537 462 4592 τοῦ
492 4537 694 4606 μόσχου
734 4533 1221 4603 διαλεπτυνόμενος
1254 4529 1362 4584 τῶν
1399 4529 1606 4601 κέδρων
1633 4529 1662 4582 ό
1693 4527 1789 4580 Λί-

192 4631 381 4694 ϐανος·
414 4629 511 4683 καὶ
541 4627 711 4698 μυρία
754 4625 892 4697 πρὸς
941 4623 1149 4688 τούτοις
1193 4623 1342 4676 ἔστιν
1369 4624 1435 4675 ἐκ
1460 4622 1561 4690 τῆς
1594 4618 1789 4688 λοιπῆς

194 4721 600 4791 ἀναλεξάμενον
635 4718 992 4790 προφητείας,
1025 4715 1233 4780 διδάξαι
1277 4714 1338 4767 τὸ
1366 4714 1664 4780 ἀναγκαῖον
1688 4711 1790 4781 τῆς

197 4816 346 4869 κατά
364 4815 603 4868 διάνοιαν
624 4813 733 4866 τῶν
758 4812 937 4884 ῥητῶν
961 4808 1216 4880 θεωρίας,
1235 4802 1303 4879 ἧς
1329 4804 1791 4874 ἀποϐαλλόμενος,

198 4905 391 4969 καθὼς
419 4904 642 4976 ἀρέσκει
668 4904 830 4964 τισὶν,
873 4903 1056 4972 ὅμοιον
1095 4894 1231 4951 εἷναί
1261 4914 1350 4967 μοι
1387 4895 1535 4948 δοκεῖ
1560 4893 1622 4946 τὸ
1644 4893 1795 4962 γινό-

205 5013 392 5068 μενον,
426 4995 502 5057 ὡς
531 4994 690 5057 εἴτις
727 4993 1116 5063 ἀκατέργαστα
1147 4987 1377 5058 προθείη
1414 4985 1551 5056 πρὸς
1581 4984 1795 5053 ἀνθρω-

201 5092 372 5160 πίνην
422 5087 624 5159 βρῶσιν
652 5088 752 5156 τῆς
781 5085 1060 5156 τραπέζης
1095 5081 1165 5134 τὰ
1190 5081 1337 5150 λήῐα,
1375 5077 1448 5148 μὴ
1481 5076 1678 5147 τρίψας
1707 5073 1798 5126 τὸν

200 5183 474 5250 ἄσταχυν,
527 5180 602 5250 μὴ
633 5179 713 5249 τῷ
740 5177 994 5248 λικμητῷ
1027 5173 1308 5244 διακρίνας
1340 5174 1405 5224 ὲκ
1436 5168 1544 5222 τῶν
1579 5166 1797 5238 ἀχύρων

199 5274 275 5325 τὰ
299 5271 632 5340 σπέρματα,
673 5270 747 5340 μὴ
791 5268 1058 5330 λεπτύνας
1100 5265 1193 5317 τὸν
1239 5265 1382 5315 σῖτον
1425 5261 1504 5322 εἰς
1551 5257 1797 5325 ἄλευρον,

207 5362 354 5436 μηδὲ
404 5363 820 5422 κατασκευάσας
863 5361 1026 5430 ἄρτον
1049 5355 1127 5427 τῷ
1156 5354 1451 5423 καθήκοντι
1483 5350 1669 5421 τρόπῳ
1699 5349 1799 5417 τῆς

208 5453 540 5515 σιτοποιίας.
568 5453 779 5522 Ὥσπερ
799 5445 891 5503 οὖν
910 5449 970 5502 τὸ
993 5447 1400 5518 ἀκατέργαστον
1423 5442 1668 5510 γέννημα
1694 5437 1800 5492 τῶν

209 5543 433 5616 κτηνῶν
459 5545 576 5596 ἐστι
613 5542 808 5613 τροφὴ,
838 5540 930 5594 καὶ
955 5539 1056 5592 οὐκ
1093 5533 1416 5607 ἀνθρώπων·
1449 5530 1621 5594 οὕτως
1651 5528 1795 5580 εἴποι

289 5720 338 5752 ⁷⁵
359 5717 523 5774 Mich.
561 5717 712 5785 1v,l.
790 5717 964 5770 "lsa.
1003 5730 1083 5781 ιι,
1121 5715 1170 5770 l.

1873 3250 2042 3306 tibus.

1944 3340 2190 3410 Longum
2235 3337 2400 3391 fuerit
2433 3351 2495 3389 ex
2548 3332 2835 3404 prophetis
2901 3329 3116 3400 singula
3173 3327 3452 3398 colligere,

1875 3431 2336 3503 quemadmodum
2382 3427 2636 3482 Michazas
2694 3424 2828 3479 dicit
2874 3423 2927 3477 in
2962 3421 3173 3476 ultimis
3223 3419 3454 3481 diebus,

1875 3523 2232 3579 manifestum
2296 3521 2412 3575 fore
2467 3525 2704 3574 montem
2761 3531 2926 3584 super
2991 3513 3228 3566 vertices
3295 3524 3455 3564 mon-

1879 3618 2105 3679 tium",
2157 3616 2231 3669 ita
2296 3612 2590 3668 nominans
2642 3610 2864 3680 pietatis
2912 3603 3256 3676 mysterium,
3311 3598 3458 3670 quod

1880 3709 2194 3765 ostenditur
2259 3707 2326 3760 ad
2385 3701 2644 3758 delendas
2713 3708 3015 3772 potestates
3069 3693 3458 3752 adversarias,

1881 3799 2345 3873 quemadmodum
2375 3796 2511 3851 dicit
2540 3796 2745 3866 virgam
2777 3803 2831 3848 et
2865 3792 3052 3846 ﬂorem
3089 3789 3219 3842 oriri
3265 3803 3329 3841 ex
3366 3798 3460 3839 ra-

1882 3895 2005 3949 dice
2030 3891 2268 3953 lesse",
2307 3887 2522 3942 Domini
2559 3902 2654 3954 per
2683 3897 2909 3938 carnem
2961 3879 3335 3936 ostensionem
3386 3874 3465 3930 si-

1884 3982 2155 4055 gnificans
2190 3977 2443 4034 sublimis
2467 3975 2655 4039 Isaias,
2687 3981 2782 4028 aut
2821 3987 2985 4026 mons
3025 3977 3284 4023 caseatus
3318 3961 3471 4035 apud,

1886 4089 2143 4145 magnum
2161 4068 2418 4124 Davidem
2434 4069 2503 4132 ⁷⁷,
2521 4081 2681 4137 quem
2699 4065 2864 4119 habet
2885 4076 3110 4118 sensum
3125 4059 3220 4130 qui
3238 4062 3467 4128 apparet

1888 4171 1942 4224 in
1989 4167 2232 4222 dictione
2281 4163 2498 4224 litterae,
2562 4167 2656 4212 aut
2710 4170 2910 4210 currus
2973 4152 3160 4208 decem
3222 4148 3474 4202 millibus

1889 4259 2196 4330 multiplex,
2226 4262 2322 4310 aut
2355 4249 2706 4322 congregatio
2732 4259 3018 4301 taurorum
3050 4257 3172 4312 quae,
3209 4238 3470 4294 immitti-

1891 4363 1978 4407 tur
2005 4353 2059 4405 in
2089 4363 2290 4403 vaccas
2319 4344 2670 4416 populorum,
2708 4347 2802 4394 aut
2835 4353 2930 4408 pes
2959 4337 3053 4406 qui
3086 4333 3319 4404 tingitur
3349 4345 3473 4385 san-

1893 4445 2060 4514 guine
2085 4461 2098 4496 :
2128 4449 2223 4495 aut
2251 4452 2450 4494 canum
2483 4435 2703 4503 linguae,
2743 4439 2837 4485 aut
2877 4428 2972 4499 qui
3007 4428 3184 4480 instar
3218 4422 3374 4475 vituli
3439 4435 3472 4474 a

1892 4513 2072 4592 cedris
2099 4533 2388 4594 dividitur,
2415 4527 2700 4582 Libanus:
2737 4532 2789 4578 et
2843 4521 2948 4574 alia
2979 4526 3179 4589 praeter
3233 4516 3347 4569 haec
3384 4513 3474 4566 in-

1891 4625 2256 4684 numerabilia
2291 4623 2420 4676 licet
2451 4633 2521 4673 ex
2571 4615 2779 4686 reliqtia
2811 4611 3074 4682 colligere
3107 4605 3392 4679 prophetia
3419 4610 3476 4657 et

1892 4724 2090 4778 docere
2107 4733 2230 4774 esse
2249 4714 2617 4771 necessariam
2633 4707 2927 4764 verborum
2952 4699 3474 4770 contemplationem

1894 4829 1959 4868 ex
1987 4809 2278 4865 sententia.
2311 4804 2445 4870 Quae
2477 4802 2526 4858 si
2559 4797 2858 4869 rejieiatur,
2879 4801 2941 4846 ut
2965 4793 3144 4861 placet
3169 4785 3475 4847 nonnullis,

1898 4903 2032 4959 mihi
2056 4901 2276 4956 videtur
2307 4896 2362 4950 id
2394 4891 2620 4964 perinde
2646 4901 2790 4949 esse,
2833 4893 2890 4937 ut
2931 4884 2974 4937 si
3010 4880 3136 4950 quis
3181 4877 3247 4931 ad
3283 4880 3480 4929 huma-

1899 5011 2033 5049 num
2059 4993 2116 5046 in
2143 5004 2332 5044 mensa
2357 5001 2514 5041 esum
2544 4995 2651 5035 non
2681 4976 2957 5032 confectas
2979 4978 3218 5041 apponat
3239 4975 3474 5035 segetes.

1901 5085 2072 5158 spicis
2105 5097 2216 5136 non
2241 5079 2412 5141 tritis,
2440 5073 2628 5144 granis
2659 5066 2965 5124 ventilabro
2999 5076 3108 5116 non
3160 5058 3390 5113 secretis
3446 5069 3480 5107 a

1904 5151 2082 5250 palea,
2115 5172 2390 5227 frumento
2421 5167 2477 5220 in
2506 5162 2738 5218 farinam
2779 5171 2888 5211 non
2946 5151 3285 5208 comminuto
3313 5185 3328 5208 ,
3383 5161 3482 5200 ne-

1905 5239 2011 5341 que
2045 5239 2182 5336 pane
2212 5273 2424 5334 parato,
2459 5271 2524 5310 eo
2553 5267 2663 5324 quo
2686 5266 2786 5322 par
2819 5255 2906 5302 est
2948 5243 3132 5306 modo,
3185 5239 3249 5294 ad
3287 5239 3391 5292 hoc
3424 5245 3484 5290 ut

1907 5328 1978 5416 sit
1999 5328 2339 5414 esculentus.
2375 5343 2660 5415 Quomodo
2687 5354 2818 5410 ergo
2846 5353 2959 5392 non
3014 5332 3324 5388 confectum
3359 5328 3481 5383 fru-

1909 5462 2151 5507 mentum
2179 5453 2265 5502 est
2289 5443 2609 5497 alimentum
2635 5435 3004 5505 iumentorum
3031 5435 3086 5482 et
3127 5441 3237 5480 non
3304 5421 3483 5476 homi-

1908 5558 2061 5609 num,
2086 5541 2162 5596 ita
2191 5536 2298 5592 dici
2329 5541 2510 5606 potest
2537 5530 2819 5585 brutorum
2850 5521 3033 5594 potius
3059 5531 3222 5590 quam
3271 5514 3490 5570 ratione

1255 5713 1298 5747 ⁷⁷
1327 5711 1462 5766 Dan.
1492 5725 1554 5775 ll,
1587 5707 1695 5776 55;
1731 5704 1878 5762 Psal.
1906 5714 2073 5763 uvn,
2109 5696 2191 5750 l6.
