3846 6220
387 253 488 307 765

1609 259 1665 313 S.
1710 256 2034 314 GREGQRH
2066 257 2360 318 NYSSENI

3527 259 3643 314 τοι

383 364 729 435 praeditorum
777 367 1132 428 animantium
1165 384 1288 425 esse
1329 370 1647 425 alimentum
1687 388 1781 442 per
1816 373 1950 427 sub-

2058 393 2136 440 τις
2161 377 2225 430 ἂν
2245 376 2452 445 ἀλόγων
2489 375 2685 447 μᾶλλον
2713 377 2745 448 ἦ
2776 375 3004 445 λογικῶν
3022 367 3158 430 εἶναι
3187 373 3393 446 τροφὴν
3422 372 3500 444 μὴ
3532 392 3644 427 κα-

383 459 613 512 tiliorem
653 475 761 512 non
827 462 1076 514 confecta
1135 464 1650 533 contemplationem
1706 466 1872 519 verba
1922 480 1952 518 a

384 550 495 606 Deo
527 552 818 620 inspirata,
855 568 961 606 non
991 555 1166 608 solum
1204 555 1420 611 Veteris
1455 556 1824 621 Testamenti,
1857 559 1951 613 sed

385 643 555 694 multa
583 642 752 696 etiam
787 644 1055 697 doctrinae
1092 648 1448 716 evangelicae.
1485 657 1676 717 utpote
1727 649 1954 702 ventila-

384 734 542 795 brum
567 735 712 804 quod
773 745 968 805 purgat
1024 753 1231 799 aream,
1293 739 1502 806 paleam
1537 757 1660 809 qua:
1711 757 1740 794 a
1794 751 1956 795 vento

386 835 724 894 asportatur,
744 836 800 880 et
832 829 1074 881 triticum
1106 829 1252 897 quod
1284 839 1529 884 remanet
1556 831 1625 884 ad
1658 831 1820 901 pedes
1838 832 1955 900 ejus

388 918 482 985 qui
514 917 773 980 ventilat,
810 918 990 987 ignem
1037 919 1559 989 inexstinguibilem,
1592 922 1794 976 bonum
1829 923 1958 976 hor-

389 1022 566 1071 reum,
604 1008 852 1062 arborem
889 1026 1010 1078 qua:
1035 1010 1140 1064 fert
1170 1012 1343 1066 malos
1387 1012 1622 1078 fruetus,
1657 1013 1833 1068 minas
1871 1030 1958 1068 se-

389 1099 564 1162 curis,
602 1115 724 1168 quae
754 1101 1022 1154 intentant
1057 1103 1357 1157 terribilem
1401 1105 1658 1158 arborum
1711 1113 1957 1174 amputa-

391 1189 618 1255 tionem,
653 1190 861 1260 lapides
919 1191 1102 1261 quiin
1161 1192 1458 1246 humanam
1514 1202 1959 1249 transmutantur

390 1287 666 1334 naturam.
701 1281 825 1335 llrec
859 1282 925 1335 ad
969 1293 1114 1335 tuam
1150 1281 1494 1351 prudentiam
1527 1283 1714 1338 sedulo
1744 1285 1830 1339 his
1872 1285 1960 1338 lit-

388 1373 522 1426 teris
553 1388 582 1425 a
614 1387 700 1426 me
739 1373 943 1443 scripta
972 1384 1119 1439 sunt,
1148 1385 1208 1428 ut
1239 1375 1350 1428 sint
1379 1376 1626 1445 quaedam
1673 1379 1958 1446 responsio

392 1462 460 1515 ad
491 1477 588 1517 eos
625 1462 718 1532 qui
752 1471 1002 1518 statuunt
1026 1480 1089 1518 ex
1120 1465 1302 1518 verbis
1329 1463 1530 1518 divinis
1555 1464 1690 1518 nihil
1723 1465 1958 1532 amplius

389 1569 512 1608 esse
542 1553 918 1622 quaerendum,
941 1571 1103 1624 quam
1133 1572 1254 1625 quae
1281 1564 1365 1610 est
1400 1557 1452 1610 in
1483 1565 1733 1626 promptu
1768 1558 1958 1610 littera:

389 1653 445 1699 et
477 1644 736 1700 dictionis
767 1645 1242 1716 significationem.
1269 1647 1423 1712 Quod
1449 1649 1518 1710 si,
1553 1664 1676 1702 cum
1697 1646 1958 1721 Origenes

2053 468 2417 538 τεργασθέντα
2457 467 2543 520 διά
2591 468 2688 536 τῆς
2728 465 3055 529 λεπτοτέρας
3101 463 3335 536 θεωρίας
3376 465 3453 517 τά
3508 463 3645 517 θεό-

2054 573 2292 609 πνευστα
2328 559 2576 628 ῥήματα,
2607 557 2667 608 οὒ
2709 556 2865 625 μόνον
2901 553 2998 623 τῆς
3041 553 3281 614 Παλαιᾶς
3323 552 3643 623 Διαθὴκης,

2054 649 2185 702 ἀλλὰ
2218 651 2308 702 καὶ
2339 650 2406 702 τὰ
2436 648 2602 701 πολλὰ
2635 647 2732 718 τῆς
2765 646 3124 714 εύαγγελικῆς
3160 644 3542 704 διδασκαλίας,
3577 644 3647 696 τὸ

2055 739 2222 793 πτύον
2247 740 2306 793 τὸ
2338 739 2685 810 διακαθαῖρον
2714 739 2808 808 τὴν
2841 738 3019 805 ἅλωνα
3039 777 3054 800 ,
3083 737 3144 789 τὸ
3166 735 3648 803 άποφυσιὼμενον

2055 833 2270 903 ἄχυρον,
2301 833 2330 884 ό
2379 832 2709 901 παραμένων
2743 832 2887 892 σῖτος
2919 831 3029 891 τοῖς
3080 829 3237 880 ποσὶν
3275 826 3372 879 τοῦ
3425 825 3647 894 λικμή-

2054 943 2230 995 τορος,
2269 925 2330 978 τὸ
2369 925 2628 977 ἄσϐεστον
2669 921 2799 993 πῦρ,
2829 923 2863 992 ἡ
2893 920 3069 989 ἀγαθὴ
3107 918 3359 987 ἀποθήκη
3384 957 3402 982 ,
3431 915 3498 968 τὺ
3526 915 3649 967 τῶν

2058 1018 2241 1071 κακῶν
2269 1017 2494 1088 εὔφορον
2535 1015 2767 1083 δένδρον,
2807 1015 2840 1082 ἡ
2869 1012 3064 1082 ἀπειλὴ
3097 1012 3195 1081 τῆς
3218 1009 3435 1079 άξίνης,
3468 1011 3506 1078 ἡ
3541 1024 3650 1077 φο-

2057 1108 2232 1180 ϐερῶς
2263 1107 2373 1160 τῶν
2411 1106 2641 1176 δένδρων
2677 1106 2774 1176 τὴν
2810 1102 2988 1173 ἀκμὴν
3039 1099 3558 1172 παραδεικνύωσα,
3592 1097 3650 1151 οἱ

2057 1201 2195 1269 πρὸς
2233 1200 2330 1270 τὴν
2373 1197 2715 1268 ἀνθρωπίνην
2765 1194 2922 1262 φύσιν
2968 1191 3419 1262 μεταποιούμενοι
3472 1187 3644 1242 λίθοι.

2058 1291 2242 1344 Ταῦτά
2270 1307 2360 1360 μοι
2380 1289 2466 1342 διὰ
2495 1288 2602 1341 τῶν
2630 1289 2762 1358 πρὸς
2791 1286 2888 1356 τὴν
2919 1284 3128 1337 σύνεσίν
3167 1299 3260 1335 σου
3289 1281 3443 1336 κατὰ
3469 1297 3652 1334 σπου-

2056 1382 2149 1454 δὴν
2177 1383 2517 1453 γραμμάτων
2553 1379 2815 1447 ἀπολογία
2850 1395 2934 1441 τις
2982 1375 3275 1446 γεγράφθω
3329 1373 3476 1444 πρὸς
3511 1374 3651 1436 τοὺς

2061 1474 2228 1544 μηδὲν
2260 1473 2420 1552 πλέον
2448 1469 2601 1542 παρὰ
2631 1470 2730 1540 τὴν
2764 1468 3054 1538 πρόχειρον
3086 1465 3188 1534 τῆς
3219 1464 3422 1530 λέξεως
3459 1464 3650 1533 ἐμφαο

2060 1581 2142 1617 σιν
2177 1566 2240 1616 ἐκ
2277 1563 2382 1615 τῶν
2411 1562 2569 1615 θείων
2606 1560 2864 1630 ῥημάτων
2888 1555 3176 1627 ἀναζητεῖν
3213 1553 3643 1634 νουθετοῦντα-ς.

2059 1657 2124 1708 Et
2143 1655 2199 1707 δὲ
2231 1653 2322 1708 τοῦ
2358 1654 2661 1723 Ὤριγένους
2682 1649 2980 1719 φιλοπόνως
3003 1645 3128 1717 περὶ
3147 1644 3206 1697 τὺ
3235 1643 3448 1715 βιϐλίον
3477 1641 3652 1694 τοῦτο

390 1738 685 1807 plurimum
718 1739 921 1794 laboris
953 1749 1007 1793 et
1037 1739 1202 1793 studii
1236 1740 1288 1792 in
1321 1741 1467 1794 hunc
1514 1740 1710 1795 librum
1766 1749 1955 1794 contu-

2064 1714 2604 1808 σπουδάσαντόςξκαὶ
2637 1714 2796 1811 ἡμεῖς
2827 1741 3012 1810 γραφῇ
3047 1714 3377 1807 παραδοῦναι
3405 1734 3510 1786 τὸν
3539 1731 3647 1785 πό-

391 1828 536 1893 lerit,
569 1845 669 1882 nos
705 1846 921 1899 quoque
950 1831 1093 1899 quod
1124 1847 1155 1884 a
1187 1831 1346 1886 nobis
1374 1842 1458 1886 est
1487 1832 1826 1886 elaboratum
1873 1833 1960 1886 lit-

391 1921 525 1975 teris
559 1926 818 1976 mandare
845 1923 1093 1977 lubenter
1126 1925 1502 1989 statuerimus,
1548 1940 1708 1979 nemo
1743 1939 1844 1979 nos
1870 1939 1961 1978 ac-

391 2021 567 2076 cuset,
603 2012 669 2067 ad
701 2013 753 2068 id
779 2015 923 2093 quod
960 2015 1092 2069 dicit
1135 2017 1426 2085 Apostolus
1466 2017 1685 2072 intuens
1721 2035 1734 2070 :
1782 2015 1960 2071 Unus-

387 2104 608 2174 quisque
641 2107 913 2173 propriam
935 2107 1225 2162 mercedem
1250 2109 1470 2177 accipiet
1498 2109 1782 2164 secundum
1804 2125 1958 2164 suum

389 2193 708 2250 laborem".
736 2195 854 2252 Non
883 2207 968 2253 est
999 2207 1180 2253 autem
1229 2198 1319 2254 hic
1354 2200 1491 2254 liber
1523 2214 1554 2254 a
1587 2215 1672 2255 me
1719 2201 1958 2270 scriptus

390 2287 461 2342 ad
496 2288 944 2353 ostentationem,
976 2289 1073 2345 sed
1105 2290 1366 2360 quoniam
1411 2292 1582 2345 multa
1615 2307 1680 2346 ex
1715 2292 1783 2349 iis
1837 2308 1958 2362 qua:

387 2377 536 2432 dicta
567 2379 772 2432 suntin
808 2377 1088 2440 Ecclesiis,
1121 2380 1342 2449 quidam
1364 2395 1431 2435 ex
1458 2380 1528 2436 iis
1553 2381 1648 2450 qui
1671 2381 1955 2437 nobiscum

387 2478 699 2532 versantur,
728 2469 942 2524 dicendi
973 2469 1157 2525 studio
1185 2469 1537 2535 adnotarunt,
1573 2471 1696 2525 aliis
1734 2472 1954 2542 quidem

387 2561 462 2616 ab
495 2562 600 2618 illis
629 2564 869 2632 acceptis
911 2579 1034 2633 quae
1087 2574 1485 2633 consequenter
1518 2565 1708 2620 habuit
1765 2580 1954 2619 eorum

391 2653 695 2720 adnotatio,
725 2665 780 2708 et
817 2655 939 2708 aliis
974 2669 1004 2707 a
1044 2669 1130 2708 me
1163 2654 1386 2720 additis,
1417 2669 1649 2724 quorum
1699 2667 1817 2710 erat
1861 2673 1958 2712 ne-

393 2743 636 2798 cessaria
673 2741 930 2812 adjectio,
955 2742 1098 2796 eain
1131 2741 1364 2797 formam
1391 2742 1752 2798 bomiliarum
1796 2760 1958 2800 enar-

391 2834 529 2899 ravi,
561 2832 629 2886 ad
665 2833 858 2887 litterat
894 2832 1188 2887 dictionem
1229 2833 1413 2887 statim
1453 2833 1632 2888 addita
1667 2835 1962 2890 verborum'

392 2924 878 2994 contemplatione,
913 2932 1180 2993 quantum
1213 2924 1348 2977 mihi
1375 2924 1441 2977 ad
1490 2925 1603 2978 haec
1634 2925 1819 2979 datum
1872 2933 1956 2980 est

2059 1853 2147 1889 νον
2183 1833 2337 1905 ήμῶν
2369 1830 2857 1901 προεθυμήθημεν,
2894 1825 3194 1894 ἐγκαλείτω
3246 1821 3466 1892 μηδεὶς,
3501 1819 3646 1891 πρὸς

2059 1926 2120 1978 τὸ
2148 1924 2287 1977 θεῖον
2313 1922 2404 1975 τοῦ
2434 1919 2754 1974 Ἀποστόλου
2776 1918 2952 1986 λόγιον
2975 1915 3205 1986 βλέπων,
3237 1915 3296 1976 ὃς
3319 1928 3524 1983 φησιν,
3557 1911 3646 1963 ὅτι

2063 2018 2352 2080 Ἕκαστος
2371 2014 2480 2067 τὸν
2496 2013 2648 2065 lator
2664 2010 2885 2081 μισθὸν
2900 2008 3155 2076 λήψεται
3174 2004 3324 2058 κατὰ
3343 2003 3459 2057 τὸν
3480 2001 3648 2056 Mter

2059 2111 2268 2164 κόπον.
2286 2107 2436 2176 Ἑμοί
2456 2105 2512 2158 δὲ
2535 2105 2594 2158 οὐ
2618 2102 2754 2173 πρὸς
2775 2099 3026 2166 ἐπίδειξίν
3051 2102 3167 2151 ἐστι
3196 2095 3647 2166 συντεταγμένος

2058 2203 2088 2254 ό
2123 2199 2299 2268 λόγος’
2339 2195 2453 2250 ἀλλ’
2495 2194 2680 2264 ἐπειδὴ
2711 2193 2779 2245 τὰ
2816 2190 2986 2244 πολλὰ
3026 2189 3135 2242 τῶν
3169 2187 3255 2241 ἐπ’
3296 2180 3645 2256 Ἐκὲλησίας

2059 2289 2351 2362 ῥηθέντων,
2373 2286 2516 2349 τινὲς
2532 2283 2640 2337 τῶν
2662 2283 2946 2345 συνόντων,
2979 2281 3111 2351 ἡμῖν
3135 2279 3241 2332 ὑπὸ
3267 2275 3647 2347 φιλομαθείας

2058 2379 2482 2451 ἐσημειώσαντο,
2531 2373 2599 2427 τὰ
2628 2374 2726 2444 μὲν
2768 2373 2897 2442 παρ’
2931 2371 3154 2423 ἐκείνων
3179 2366 3388 2431 λαϐὼν,
3415 2365 3528 2418 ὅσα
3570 2363 3645 2417 δι’

2057 2470 2350 2529 ἀκολούθου
2380 2468 2536 2538 ἔσχεν
2562 2465 2739 2519 αὐτῶν
2771 2465 2804 2534 ἠ
2855 2462 3154 2533 σημείωσις
3171 2499 3187 2524 ,
3216 2458 3285 2511 τὰ
3313 2457 3375 2510 δὲ
3401 2457 3520 2510 ’καὶ
3539 2454 3642 2510 ἀπ’

2057 2562 2294 2636 ἐμαυτοῦ
2330 2559 2614 2632 προσθεὶς,
2643 2550 2718 2610 ὧν
2766 2553 3037 2622 ἀναγκαία
3067 2548 3134 2623 ἧν
3175 2553 3208 2621 ὴ
3243 2547 3547 2620 προσθήκη
3579 2549 3646 2599 ἐν

2056 2654 2280 2726 ὁμιλιῶν
2304 2653 2432 2706 εῖδει
2451 2650 2549 2721 τὴν
2569 2647 2871 2718 ύπηγορίαν
2900 2644 3222 2713 πεποίημαι,
3236 2639 3478 2711 καθεξῆς
3497 2639 3643 2709 πρὸς

2056 2749 2198 2814 λέξιν
2227 2745 2557 2820 προαγαγὼν
2599 2745 2696 2815 τὴν
2729 2741 2836 2795 τῶν
2876 2739 3053 2810 ῥητῶν
3087 2735 3340 2807 θεωρίαν,
3371 2734 3463 2802 ἐφ’
3507 2733 3641 2786 ὅσον

2056 2845 2086 2897 ὁ
2118 2840 2308 2912 καιρός
2337 2855 2398 2891 τε
2440 2837 2534 2890 καὶ
2573 2834 2639 2887 τὰ
2671 2833 2988 2904 πράγματα,
3017 2829 3116 2897 τὴν
3143 2825 3274 2896 περὶ
3301 2823 3501 2877 τούτου
3544 2837 3641 2912 μοι

2060 2911 2252 3002 σχολήν
2297 2925 2528 2980 ἐνεδίδου
2585 2922 2728 2976 κατὰ
2773 2921 2869 2982 τὰς
2919 2919 3133 2990 ἡμέρας
3178 2914 3289 2968 τῶν
3336 2911 3636 2984 νηστειῶν.

392 3015 493 3068 υιὶἰ
523 3017 578 3068 in
619 3014 815 3069 diebus
842 3015 1199 3084 jejuniorum.
1233 3013 1287 3066 In
1322 3015 1404 3070 his
1433 3016 1580 3070 enim
1605 3017 1692 3070 hic
1722 3017 1858 3071 liber
1885 3019 1952 3072 ad

2068 3024 2155 3074 Ἐν
2197 3020 2418 3080 ταύταις
2451 3016 2558 3087 γὰρ
2602 3016 2732 3085 ἡμῖν
2762 3013 2895 3082 πρὸς
2941 3009 3037 3080 τὴν
3084 3003 3570 3094 δημοσίαννάκοὴν

395 3122 559 3160 aures
599 3106 780 3174 populi
803 3121 833 3158 a
867 3106 1023 3159 nobis
1055 3105 1156 3159 fuit
1179 3105 1506 3160 elaboratus.
1543 3106 1698 3171 Quod
1743 3109 1788 3163 si
1822 3116 1958 3163 tem-

393 3199 544 3268 poris
575 3197 810 3267 spatium
844 3197 1006 3252 nobis
1033 3196 1248 3250 dederit
1280 3197 1400 3250 vitae
1429 3206 1632 3250 nostra
1668 3198 1956 3267 dispensa-

395 3300 480 3343 tor
505 3289 668 3353 Deus,
703 3299 1026 3359 tempusque
1053 3298 1309 3358 pacatum
1338 3295 1392 3341 et
1422 3290 1805 3357 tranquillum,
1846 3289 1957 3344 for-

392 3388 542 3432 tasse
573 3386 766 3431 caetera
796 3393 1207 3448 persequemur.
1234 3377 1388 3432 Nunc
1413 3379 1576 3432 etiam
1603 3379 1760 3434 nobis
1786 3395 1958 3448 usque

393 3468 461 3521 ad
492 3469 777 3522 dimidium
819 3470 1088 3538 processit
1111 3470 1249 3524 liber
1265 3476 1314 3523 et
1339 3469 1953 3538 contemplatio.Gratia

393 3558 607 3614 Domini
645 3562 818 3616 nostri
847 3559 976 3616 Jesu
1007 3562 1214 3616 Christi
1246 3562 1313 3617 sit
1369 3562 1658 3618 nobiscum
1697 3565 1954 3622 omnibus

398 3655 455 3708 in
486 3655 685 3710 saecula
717 3656 1064 3710 satculorum.
1099 3659 1288 3711 Amen.

1011 3747 1288 3801 IIOMILIA
1323 3746 1362 3799 1.

464 3831 592 3888 CAP.
611 3835 695 3902 μὶ
717 3835 765 3888 1.
801 3835 1076 3889 Osculetur
1101 3854 1181 3892 me
1197 3839 1373 3893 osculo
1391 3839 1496 3892 oris
1523 3839 1640 3892 sui:
1670 3841 1793 3909 quia
1825 3839 1959 3892 bona

390 3933 514 3976 sunt
550 3925 710 3978 ubera
757 3934 848 3978 tua
881 3942 1035 3995 super
1063 3929 1265 3993 vinum,
1297 3938 1346 3982 et
1397 3927 1527 3981 odor
1575 3938 1959 3997 unguentorum

391 4024 600 4068 tuorum
635 4030 796 4083 supra
834 4020 1012 4071 omnia
1064 4028 1322 4073 aromata.
1355 4018 1409 4072 Ξ.
1449 4017 1780 4090 Unguentum
1817 4019 1954 4086 e/fu-

387 4122 506 4158 sum
543 4123 728 4160 nomen
767 4119 934 4162 tuum.
972 4109 1185 4164 Idcirco
1227 4111 1627 4164 adolescentulo:
1659 4110 1952 4163 dilexerunt

389 4206 456 4261 te,
475 4198 526 4250 5.
558 4207 831 4253 traxerunt
864 4209 931 4254 te.
969 4201 1094 4255 Post
1125 4213 1174 4255 te
1197 4203 1334 4254 enim
1359 4217 1628 4254 curremus
1658 4202 1713 4254 in
1740 4201 1951 4254 adorent

2058 3132 2124 3168 πε
2135 3114 2186 3183 pl
2212 3111 2402 3165 τούτου
2427 3109 2581 3176 λόγος
2603 3100 3014 3170 διεσπουδὰσθη.
3049 3100 3111 3152 Εί
3137 3098 3193 3150 δὲ
3226 3093 3508 3166 παράσχοι
3539 3093 3638 3147 καὶ

2059 3206 2203 3276 ζωῆς
2231 3204 2420 3274 χρόνον
2461 3203 2490 3253 ό
2515 3199 2612 3269 τῆς
2641 3197 2785 3265 ζωῆς
2817 3194 2974 3264 ἡμῶν
3011 3189 3212 3260 ταμίας
3237 3187 3395 3251 Θεὸς,
3437 3187 3538 3240 καὶ
3562 3187 3638 3238 εἰ-

2060 3297 2284 3369 ρηνικὴν
2315 3291 2618 3362 εὐκαιρίαν,
2657 3289 2748 3341 καὶ
2791 3289 2902 3347 τοῖς
2945 3284 3284 3351 λειπομένοις
3322 3278 3456 3342 ἴσως
3505 3279 3634 3330 ἐπι-

2057 3385 2427 3460 δραμούμεθα.
2456 3382 2570 3436 Νῦν
2603 3381 2710 3452 γὰρ
2738 3380 2869 3448 ἡμῖν
2901 3376 3063 3444 μέχρι
3094 3371 3187 3425 τοῦ
3209 3371 3459 3442 ἡμίσεως
3495 3385 3636 3460 προ-

2059 3459 2222 3554 ῆλθεν
2247 3482 2276 3533 ό
2301 3479 2456 3544 λόγος
2496 3473 2592 3527 καὶ
2630 3473 2664 3540 ὴ
2709 3468 2931 3539 θεωρία.
2982 3467 3045 3516 Ἢ
3085 3463 3242 3534 χάρις
3277 3460 3379 3554 τοῦ
3419 3459 3634 3554 μυρίῳ

2061 3551 2218 3644 ἡμῶν
2260 3565 2434 3638 Ἰησοῦ
2481 3561 2716 3634 Χριστοῦ
2749 3557 2887 3628 μετὰ
2921 3555 3139 3609 πάντων
3183 3551 3342 3624 ἡμῶν
3384 3552 3469 3615 είς
3501 3551 3636 3614 τοὺς

2054 3665 2252 3724 αἰῶνας
2279 3658 2388 3713 τῶν
2419 3654 2650 3709 αἰώνων.
2705 3652 2896 3719 Ἀμήν.

2675 3741 2889 3795 ΛΟΓΟΣ
2928 3740 3005 3793 Α’.

2124 3838 2443 3910 Φιλησάτω
2465 3854 2542 3906 με
2565 3834 2682 3888 ἀπὸ
2710 3829 3056 3902 φιλημάτων
3081 3829 3379 3898 στόματος
3402 3827 3630 3882 αὑτοῦ·

2054 3940 2143 3992 ὅτι
2193 3932 2399 4004 ἀγαθοὶ
2442 3927 2664 3998 pacto!
2709 3940 2825 3980 σου
2873 3922 3024 3991 ὑπὲρ
3071 3918 3273 3985 οἶνον,
3315 3919 3417 4005 καὶ
3465 3920 3632 3989 ὀσμὴ

2053 4029 2256 4098 μύρων
2291 4022 2442 4090 ὑπὲρ
2469 4019 2665 4073 πάντα
2695 4017 2766 4070 τὰ
2803 4015 3097 4083 ἀρώματα.
3131 4013 3336 4080 Μῦρον
3368 4011 3631 4064 ἐκκενω-

2057 4120 2163 4174 θὲν
2192 4114 2376 4185 ὄνομά
2400 4129 2536 4167 σου.
2559 4112 2662 4164 Διὰ
2682 4109 2856 4163 τοῦτο
2881 4105 3151 4190 νεάνιδες
3171 4101 3500 4172 ἠγάπησάν
3531 4119 3628 4165 σε,
3695 4181 3698 4183 Δ

2055 4207 2352 4264 εἵλκυσάν
2378 4220 2471 4259 σε.
2525 4203 2746 4255 Ὀπίσω
2777 4216 2892 4253 σου
2922 4201 3008 4262 είς
3035 4194 3235 4265 ὀσμὴν
3257 4195 3467 4263 μύρων
3508 4210 3628 4248 σου

387 4299 771 4359 unguentorum
803 4301 1033 4345 tuorum.
1074 4291 1376 4346 Introduxit
1415 4310 1493 4345 me
1532 4308 1623 4346 rex
1650 4295 1702 4344 in
1735 4309 1833 4345 sua
1857 4309 1950 4362 pe-

2058 4298 2410 4369 δραμοῦμεν.
2452 4291 2781 4361 Είσήνεγκέ
2804 4307 2881 4360 με
2914 4294 2947 4344 ό
2975 4290 3275 4354 ,βασιλεὺς
3305 4291 3392 4353 εις
3423 4288 3490 4342 τὸ
3525 4306 3630 4343 τα·-

389 4382 638 4434 netralia.
697 4381 1039 4437 Exsuttemus
1085 4394 1136 4438 et
1177 4384 1416 4438 lwtemur
1453 4386 1506 4438 in
1551 4395 1617 4438 te.
1653 4384 1950 4455 Diligamus

2058 4367 2222 4460 ιιεῖον
2248 4385 2454 4443 αὐτοῦ.
2513 4383 3034 4455 Ἀγαλλιασώμεθα
3065 4385 3162 4439 καὶ
3199 4381 3632 4452 εὐφρανθῶμεν

388 4471 551 4525 ubera
591 4481 683 4524 tua
715 4488 877 4540 supra
895 4474 1090 4529 vinum.
1125 4473 1191 4527 Te
1218 4473 1404 4528 dilexit
1427 4475 1704 4528 rectitudo.

462 4653 789 4728 Quicunque
815 4667 1179 4727 congruenter
1209 4658 1441 4714 consilio
1486 4657 1665 4722 Pauli,
1710 4665 1950 4711 veterem

392 4755 688 4816 hominem,
744 4758 1003 4819 tanquam
1061 4749 1339 4805 sordidum
1383 4749 1604 4819 aliquod
1655 4749 1952 4804 vestimen-

379 4858 530 4910 tum,
571 4843 803 4900 exuistis
836 4858 960 4897 cum
979 4843 1100 4912 ejus
1132 4843 1438 4899 actionibus
1467 4851 1522 4898 et
1554 4843 1864 4909 desideriis,
1894 4849 1949 4898 et

385 4936 596 4991 lucidas
627 4932 844 4988 Domini
876 4941 1079 4996 vestes,
1125 4932 1312 5002 quales
1350 4931 1592 4986 ostendit
1622 4932 1677 4984 in
1727 4929 1948 4985 transti-

384 5028 671 5097 guratione
713 5041 834 5093 qua:
868 5023 1010 5078 facta
1039 5032 1123 5078 est
1171 5024 1225 5076 in
1277 5032 1482 5085 monte,
1541 5022 1800 5077 induistis
1854 5035 1950 5091 per

385 5120 512 5172 vita:
536 5118 852 5188 puritatem,
883 5115 994 5169 imo
1023 5129 1151 5169 vero
1170 5115 1264 5184 qui
1299 5115 1477 5184 ipsum
1515 5113 1804 5169 Dominum
1851 5127 1950 5166 no-

383 5221 560 5264 strum
616 5207 801 5263 .lesum
858 5207 1136 5262 Christum
1194 5222 1316 5261 cum
1376 5206 1661 5269 charitate,
1704 5221 1824 5276 quis
1866 5213 1950 5259 est

383 5303 504 5365 ejus
535 5301 943 5362 indumentum,
972 5297 1248 5362 induistis,
1282 5305 1335 5353 et
1360 5297 1494 5352 estis
1526 5299 1578 5351 ei
1622 5297 1946 5351 conformati

388 5388 456 5440 ad
483 5389 941 5458 impatibilitatem
969 5398 1022 5446 et
1058 5389 1125 5444 ad
1177 5389 1277 5444 hoc
1335 5396 1393 5443 ut
1442 5388 1564 5445 sitis
1617 5389 1944 5454 diviniorcs,

461 5641 504 5673 ’⁸
527 5643 544 5696 ι
571 5645 696 5700 Cor.
729 5663 812 5714 tn,
843 5649 893 5703 8.

2049 4481 2119 4533 ἐν
2155 4479 2276 4532 σοι,
2321 4474 2748 4546 Ἀγαπήσωμεν
2783 4474 3056 4542 μαστούς
3099 4488 3216 4528 σου
3251 4473 3404 4541 ὑπὲρ
3433 4470 3624 4530 οἶνον.

2045 4570 2317 4635 Εὑθύτης
2339 4566 2657 4636 ἠγάπησέν
2683 4579 2775 4618 σε.

2123 4662 2275 4713 Ὅσοι
2299 4657 2439 4712 κατὰ
2462 4658 2560 4727 τὴν
2581 4655 2885 4728 συμϐουλὴν
2904 4654 2998 4708 τοῦ
3019 4654 3254 4718 Παύλου,
3278 4655 3370 4707 τὸν
3398 4656 3631 4712 παλαιὸν

2052 4750 2356 4821 ἄνθρωπον,
2389 4749 2575 4820 ῶσπερ
2607 4765 2660 4801 τι
2693 4747 3036 4818 περιϐόλαιον
3064 4747 3308 4817 ῥυπαρὸν
3350 4747 3628 4802 ἀπεδύσαο

2052 4841 2145 4895 σθε
2177 4843 2274 4894 σὺν
2301 4844 2422 4902 ταῖς
2455 4839 2683 4911 πράξεσι
2709 4839 2802 4892 καὶ
2826 4839 2943 4902 ταῖς
2977 4837 3289 4907 ἐπιθυμίαις
3314 4839 3503 4903 αὐτοῦ,
3533 4844 3626 4894 καὶ

2049 4934 2117 4986 τὰ
2166 4933 2402 5002 φωτεινὰ
2441 4932 2534 4985 τοῦ
2585 4932 2788 5002 Κυρίου
2841 4931 3063 5000 ἱμάτια,
3107 4925 3196 4983 οἷα
3244 4931 3338 4983 ἐπὶ
3383 4931 3486 5001 τῆς
3528 4935 3625 4986 τοῦ

2049 5023 2208 5093 ὄρους
2241 5021 2712 5094 μεταμορφώσεως
2755 5020 2943 5085 ἔδειξε,
2990 5021 3078 5073 διὰ
3122 5022 3222 5091 τῆς
3255 5021 3628 5094 καθαρότητος

2051 5112 2144 5165 τοῦ
2171 5112 2285 5182 βίου
2312 5112 2716 5184 περιεϐάλεσθε,
2745 5111 2944 5182 μᾶλλον
2970 5112 3025 5164 δὲ
3051 5113 3100 5165 οἱ
3129 5112 3290 5166 αὑτὸν
3310 5113 3402 5166 τὸν
3424 5115 3626 5184 Κύριον

2053 5200 2207 5270 ἡμῶν
2242 5201 2448 5272 Ἰησοῦν
2483 5201 2714 5272 Χριστὸν
2750 5202 2886 5270 μετά
2909 5203 3006 5272 τῆς
3031 5202 3272 5272 ἀγάπης,
3303 5202 3470 5256 αὐτοῦ
3504 5221 3625 5258 στο-

2053 5291 2171 5360 λῆς,
2198 5292 2565 5362 ἐνδυσάμενοι,
2617 5295 2712 5347 καὶ
2759 5293 3254 5365 συμμορφωθέντες
3301 5294 3455 5364 αύτῷ
3491 5299 3626 5367 πρὸς

2053 5383 2112 5436 τὸ
2135 5382 2342 5448 ἀπαθές
2373 5401 2431 5438 τε
2461 5385 2554 5439 καὶ
2580 5384 2850 5453 θειότερον
2868 5402 2881 5417 ο
2916 5385 3072 5455 ὑμεῖς
3098 5385 3369 5439 ἀκούσατε
3393 5385 3493 5440 τοῦ
3519 5405 3624 5460 μυ-
