3846 6220
108 349 228 401 ’165

1194 331 1261 386 IN
1299 327 1598 388 CANTICA
1640 324 1913 382 CANTIC.
1949 321 2240 380 HOMILIA
2274 318 2316 376 1.

3281 304 3386 362 766

111 464 346 537 στηρίου
397 461 492 516 τοῦ
525 461 804 531 ’ᾼσματος
844 456 952 510 τῶν
991 455 1273 528 ᾀσμάτων.
1317 455 1509 525 Ὑμεῖς
1547 452 1699 514 ἐντὸς

1826 461 1902 502 ros
1945 444 2130 499 audite
2181 439 2501 511 mysterium
2545 431 2764 490 Cantici
2819 428 3188 485 canticorum.
3250 423 3386 488 Vos,

2259 532 2291 537 __
2361 530 2372 537 .
2421 529 2485 537 ..
2540 535 2546 537 _
3034 519 3071 537 _.
3132 520 3181 537 ._
3242 515 3383 537 ___-_,

117 555 340 626 γίνεσθε
401 554 494 607 τοῦ
542 549 819 622 ἀκηράτου
867 548 1184 620 νυμφῶνος,
1231 545 1703 617 λευχειμονοῦντες

113 651 235 712 τοῖς
287 647 544 717 καθαροῖς
588 662 649 698 τε
695 643 791 698 καὶ
836 641 1158 713 ἀμολύντοις
1194 641 1445 710 νοήμασι.
1497 638 1589 708 Μή
1620 654 1704 699 τις

115 738 351 811 ἐμπαθῆ
387 739 483 792 καὶ
513 735 767 808 σαρκώδη
794 731 1050 804 λογισμὸν
1078 730 1417 800 ἐπαγόμενος
1436 770 1451 794 ,
1500 727 1595 780 καὶ
1631 725 1704 797 μὴ

118 832 268 901 ἔχων
299 830 509 902 πρέπον
549 827 630 900 τῷ
670 827 800 898 θείῳ
825 827 988 896 γάμῳ
1019 824 1080 877 τὸ
1106 823 1204 892 τῆς
1232 821 1587 890 συνειδήσεως
1619 817 1708 870 έν-

118 926 296 992 δυμα,
333 921 557 993 συνδεθῇ
604 921 716 983 τοῖς
761 918 912 981 ἰδίοις
953 917 1209 986 νοήμασι,
1248 912 1366 976 τὰς’
1394 909 1706 981 ἀκηράτους

117 1017 223 1072 τοῦ
260 1015 494 1086 νυμφίου
540 1031 602 1067 τε
639 1013 734 1066 καὶ
764 1011 864 1080 τῆς
889 1007 1103 1080 νύμφης
1131 1005 1316 1076 φωνὰς
1347 1005 1426 1068 είς
1458 1001 1705 1074 κτηνώδη

119 1108 222 1162 καὶ
251 1107 422 1175 ἄλογα
446 1104 726 1159 καθέλκων
767 1101 938 1171 πάθη,
973 1099 1066 1153 καὶ
1093 1097 1161 1151 δι’
1204 1095 1384 1150 αὐτῶν
1424 1096 1546 1156 ταῖς
1583 1093 1706 1147 αίσ-

121 1204 294 1273 χραῖς
320 1198 557 1261 ὲνδυθεὶς
587 1193 906 1267 φαντασίαις
944 1191 1049 1256 ἔξω
1070 1189 1179 1244 τῶν
1207 1191 1265 1243 ὲν
1286 1188 1364 1258 τῷ
1391 1189 1555 1258 γάμῳ
1583 1202 1709 1254 φαι-

83 1342 90 1346 .
122 1293 476 1364 δρυνομένων
516 1288 815 1360 ἀπορριφῇ,
846 1284 936 1338 τὸν
983 1281 1222 1355 βρυγμὸν
1261 1281 1354 1334 καὶ
1382 1279 1443 1332 τὸ
1474 1278 1708 1345 δάκρυον

125 1385 254 1438 ἀντὶ
283 1384 380 1454 τῆς
409 1385 467 1436 ὲν
497 1379 726 1434 παστάδι
777 1377 951 1449 χαρᾶς
981 1372 1471 1443 ἀνταλλαξάμενος.
1522 1369 1709 1423 Ταῦτα

124 1474 573 1548 διαμαρτύρομαι
602 1471 810 1550 μέλλων
857 1467 1124 1524 ἅπτεσθαι
1147 1466 1246 1536 τῆς
1277 1469 1335 1519 ὲν
1359 1463 1438 1535 τῷ
1471 1464 1711 1534 ’ᾼσματι

123 1567 241 1619 τῶν
289 1567 550 1637 ᾀσμάτων
595 1563 864 1635 μυστικῆς
893 1561 1147 1631 θεωρίας.
1194 1559 1292 1614 Διά
1332 1559 1442 1630 γὰρ
1477 1557 1587 1612 τῶν
1629 1559 1713 1610 ὲν-

125 1657 310 1712 ταῦθα
338 1655 759 1728 γεγραμμένων,
802 1673 864 1709 νυ
875 1653 1251 1725 μφοστολεῖται
1294 1651 1494 1722 τρόπον
1525 1649 1647 1703 τινὰ
1678 1649 1712 1718 ἠ

127 1748 284 1818 ψυχὴ
333 1747 469 1818 πρὸς
509 1746 610 1816 τὴν
655 1743 946 1814 ἀσώματόν
973 1760 1032 1796 τε
1074 1744 1167 1796 καὶ
1210 1739 1586 1810 πνευματικὴν
1623 1739 1715 1791 καὶ

327 1814 421 1889 τοῦ
448 1814 582 1888 Θεοῦ
613 1833 892 1903 συζυγίαν.
931 1835 990 1887 Ὁ
1024 1832 1131 1903 γὰρ
1177 1832 1386 1893 πάντας
1415 1828 1582 1882 θέλων
1610 1845 1714 1880 σω-
1744 1814 1786 1869 Β

131 1927 323 1995 θῆναι,
353 1926 446 1978 καὶ
468 1925 546 1988 είς
575 1925 868 1992 ἐπίγνωσιν
890 1921 1146 1987 ἀληθείας
1170 1919 1366 1986 ἐλθεῖν,
1394 1920 1486 1974 τὸν
1518 1918 1716 1972 τελειό-

131 2034 300 2070 τατον
346 2015 582 2069 ἐνταῦθα
626 2014 720 2069 καὶ
752 2015 1018 2086 μακάριον
1057 2013 1156 2083 τῆς
1205 2012 1478 2081 σωτηρίας
1508 2009 1717 2063 ὑποδεί-

134 2125 298 2162 κνυσι
328 2108 547 2177 τρόπον,
578 2107 669 2161 τδν
700 2106 788 2162 διὰ
830 2107 930 2177 τῆς
971 2104 1193 2175 ἀγάπης
1230 2102 1393 2173 λέγω.
1433 2103 1588 2156 Ἐστι
1620 2102 1719 2172 μὲν

133 2199 250 2271 γὰρ
295 2199 390 2252 καὶ
416 2198 505 2254 διὰ
530 2198 699 2269 φόϐου
740 2198 852 2252 τισὶ
893 2195 1150 2268 γινομένη
1195 2195 1231 2267 ἠ
1281 2193 1544 2267 σωτηρία,
1589 2193 1720 2246 ὅταν

135 2293 279 2364 πρὸς
304 2291 406 2356 τάς
445 2292 674 2356 ἀπειλὰς
717 2291 818 2362 τῆς
848 2292 907 2345 ὲν
948 2291 1015 2360 τῇ
1061 2287 1254 2359 γεέννῃ
1295 2287 1571 2350 κολάσεως
1602 2284 1720 2356 βλέ-

134 2401 334 2448 ποντες
364 2383 460 2437 τοῦ
502 2381 670 2437 κακοῦ
718 2380 1086 2453 χωριζόμεθα.
1129 2379 1252 2433 Eiet
1281 2378 1338 2432 δέ
1367 2396 1513 2443 τινες
1536 2379 1588 2431 οί
1626 2377 1720 2431 καὶ

131 2477 228 2530 διὰ.
271 2478 372 2549 τὴν
427 2475 796 2546 ἀποκειμένην
843 2477 957 2539 τοῖς
1007 2471 1246 2536 εὐσεϐῶς
1292 2471 1579 2542 βεϐιωκόσι
1627 2470 1720 2524 τὸν

139 2570 338 2641 μισθὸν
389 2570 579 2624 ἐλπίδα
609 2569 708 2641 τὴν
736 2569 938 2639 ἀρετὴν
968 2565 1383 2639 κατορθοῦντες,
1406 2565 1505 2619 οὐκ
1532 2565 1723 2639 ἀγάπῃ

136 2663 204 2715 τὸ
228 2661 458 2730 ἀγαθὸν,
485 2660 619 2715 ἀλλὰ
653 2661 720 2732 τῇ
748 2658 1043 2730 προσδοκίᾳ
1067 2657 1168 2727 τῆς
1190 2655 1427 2728 ἀμοιϐῆς
1451 2654 1724 2710 κατακτῶ-

143 2769 320 2823 μενοι.
379 2752 438 2804 Ὀ
489 2750 674 2822 μέντοι
741 2749 877 2820 πρὸς
921 2748 983 2801 τὸ
1037 2747 1241 2800 τέλειον
1283 2745 1611 2816 ἀναδραμὼν
1655 2747 1721 2817 τῇ

139 2844 315 2916 ψυχῇ,
346 2843 646 2897 ἀπωθεῖται
683 2842 780 2913 μὲν
810 2841 900 2893 τὸν
933 2838 1098 2908 φόϐον
1121 2853 1133 2867 ’
1174 2834 1588 2910 ἀνδραποδώδης
1613 2835 1723 2907 γὰρ

141 2937 181 3006 ἠ
208 2935 434 3005 τοιαύτη
459 2933 718 2996 διάθεσις,
746 2932 822 3004 τῷ
851 2933 924 3003 μὴ
953 2931 1018 2986 δι’
1047 2931 1268 3000 ἀγάπης
1292 2929 1626 3001 παραμένειν
1648 2926 1725 2999 τῷ

142 3023 479 3094 κυριεύοντι,
510 3021 646 3077 ἀλλὰ
676 3021 754 3092 τῷ
784 3021 890 3075 τῶν
934 3021 1212 3092 μαστίγων
1245 3019 1394 3090 φόϐῳ
1426 3019 1500 3090 μὴ
1529 3019 1727 3090 δραπε-

141 3114 326 3167 τεύειν
344 3131 359 3144 ο
387 3113 631 3184 ὑπερορᾷ
658 3111 714 3164 δὲ
749 3110 840 3166 καὶ
864 3110 1042 3164 αὐτῶν
1067 3109 1175 3162 τῶν
1207 3107 1432 3180 μισθῶν,
1461 3108 1536 3171 ὡς
1556 3107 1622 3161 ἂν
1651 3107 1726 3179 μὴ

141 3205 332 3275 δοκοίη
360 3205 450 3258 τὸν
478 3203 667 3274 μισθὸν
701 3201 970 3255 ποιεῖσθαι
999 3201 1389 3273 προτιμότερον
1413 3198 1508 3254 τοῦ
1529 3199 1729 3272 δωρου-

147 3296 318 3368 μένου
360 3295 424 3348 τὺ
466 3295 654 3366 κέρδος
681 3309 696 3322 ·
747 3293 937 3364 ἀγαπᾷ
963 3293 1020 3347 δὲ
1048 3293 1106 3359 ἐξ
1133 3292 1261 3363 ὅλης
1287 3275 1514 3362 καρδίᾶς
1542 3308 1603 3344 τε
1633 3290 1729 3344 καὶ

142 3386 327 3456 ψυχῆς
369 3385 466 3439 καὶ
497 3383 797 3455 δυνάμεως,
843 3383 945 3437 οὐκ
992 3381 1123 3437 ἄλλο
1161 3399 1215 3435 τι
1259 3379 1368 3434 τῶν
1401 3381 1529 3450 παρ’
1561 3375 1727 3432 αὐτοῦ

144 3477 474 3548 γινομένων,
499 3477 613 3530 ἀλλ’
639 3475 800 3530 αὐτὸν
830 3476 1033 3528 ἐκεῖνον
1069 3475 1128 3537 ὃς
1165 3475 1282 3527 ἐστι
1308 3472 1415 3526 τῶν
1446 3470 1669 3540 ἀγαθῶν
1695 3472 1729 3541 ἡ

145 3571 328 3640 πηγή.
360 3566 578 3638 Ταύτην
605 3567 782 3619 τοίνυν
808 3567 836 3618 ὁ
862 3564 1042 3623 καλῶν
1068 3565 1222 3634 ἡμᾶς
1250 3563 1387 3634 πρὸς
1417 3563 1516 3632 τὴν
1537 3561 1730 3615 ἑαυτοῦ

152 3661 476 3744 μετουσίαν,
508 3659 791 3736 νομοθετεῖ
813 3660 935 3720 ταῖς
959 3655 1067 3710 τῶν
1091 3655 1395 3709 ἀκουόντων
1418 3655 1617 3725 ψυχαῖς
1634 3654 1732 3724 τὴν

146 3753 413 3806 διάθεσιν.
456 3751 514 3805 '0
543 3751 598 3804 δὲ
620 3749 859 3821 ’βεϐαιῶν
890 3748 988 3819 τὴν
1016 3746 1334 3818 νομοθεσίαν
1365 3746 1589 3817 ταύτην,
1614 3746 1732 3799 ἐστὶ

151 3843 441 3914 Σολομῶν
477 3835 538 3896 οὗ
568 3845 602 3913 ἡ
640 3841 802 3910 σοφία
827 3839 970 3894 κατά
996 3841 1095 3910 τὴν
1124 3839 1275 3894 θείαν
1304 3839 1605 3910 μαρτυρίαν
1639 3838 1732 3909 μέο

147 3953 282 4006 τρον
310 3937 410 3988 οὐκ
439 3934 572 4005 ἔχει,
605 3934 770 3986 πᾶσιν
803 3932 1000 4003 ἐπίσης
1028 3932 1139 3994 τοῖς
1164 3947 1224 3985 τε
1255 3929 1608 4002 προγεγονόσι
1643 3929 1736 3982 καὶ

147 4029 268 4090 τοῖς
300 4025 580 4096 ἐσομένοις
611 4025 940 4094 ἀσύγκριτος
982 4018 1117 4076 οὖσα
1155 4022 1249 4076 καὶ
1277 4020 1644 4092 ἀπαράθετος,
1677 4021 1736 4075 ὃν

149 4116 315 4171 ἔλαθε
359 4116 469 4170 τῶν
512 4116 680 4170 όντων
722 4116 894 4170 οὐδέν.
939 4110 1088 4185 τΑρά
1117 4131 1186 4184 με
1213 4113 1402 4167 τοῦτον
1432 4112 1532 4165 οἴει
1560 4112 1737 4182 λέγειν

147 4209 246 4261 τὸν
287 4211 352 4262 ὲκ
396 4208 498 4277 τῆς
528 4207 810 4279 Βηρσαϐεὲ
843 4205 1183 4277 Σολομῶντα,
1214 4205 1306 4258 τὸν
1335 4204 1428 4257 ἐπὶ
1451 4204 1545 4257 τοῦ
1579 4203 1738 4276 ὅρους

150 4301 519 4370 ἁνενεγκόντα
541 4300 638 4371 τὴν
663 4299 968 4370 χιλιόμϐην,
992 4298 1080 4352 τὸν
1106 4301 1172 4369 τῇ
1200 4297 1427 4368 Σιδωνίᾳ
1450 4296 1738 4367 συμϐούλῳ

153 4396 299 4465 πρὸς
331 4394 432 4463 τὴν
457 4393 733 4464 ἁμαρτίαν
761 4392 1139 4463 χρησάμενονς
1175 4389 1367 4453 Ἀλλος
1394 4389 1642 4461 Σολομῶν
1671 4379 1736 4442 δι’

1805 539 2052 608 inquam,
2083 529 2436 604 ingredimini
2471 529 2620 581 intra
2647 524 2831 580 cubile
2881 519 3098 592 sponsi,
3132 520 3189 572 in
3236 515 3385 588 quod

1804 645 1912 684 ηοιι
1932 629 2080 683 cadit
2106 625 2382 686 interitus,
2414 629 2469 676 et
2516 615 2811 674 induimini
2841 613 3062 669 mundis
3099 621 3154 666 et
3189 608 3389 679 impol-

1804 721 1937 776 lutis
1967 717 2416 790 cogitationibus.
2463 712 2523 767 Si
2559 711 2686 782 quis
2730 719 2910 762 autem
2977 699 3389 776 perturbationi

1806 815 1972 870 animi
2020 811 2314 867 obnoxiam
2364 819 2419 862 et
2467 804 2745 860 carnalem
2803 799 3040 854 induens
3096 794 3390 865 cogitatio-

1807 921 1951 971 nem,
1984 911 2038 960 et
2075 919 2186 958 non
2233 900 2444 955 habens
2493 896 2872 952 indumentum
2905 887 3258 945 conscientiae
3299 885 3388 939 di-

1805 997 1950 1051 vinis
1974 993 2310 1050 conveniens
2333 988 2563 1059 nuptiis,
2595 985 2834 1057 propriis
2888 981 3141 1051 alligetur
3167 977 3383 1048 cogita-

1807 1087 2075 1148 tionibus,
2097 1085 2167 1139 ab
2195 1081 2419 1136 interitu
2447 1079 2655 1132 alienas
2685 1073 2874 1144 sponsi
2901 1082 2954 1128 et
2976 1084 3192 1141 sponsa:
3223 1081 3390 1122 voces

1814 1179 2103 1236 attrahens
2137 1174 2204 1230 ad
2259 1171 2531 1229 belluinas
2556 1178 2612 1224 et
2665 1167 2900 1222 rationis
2938 1169 3189 1233 expertes
3220 1159 3391 1214 animi

1811 1273 2154 1333 affectiones,
2192 1275 2245 1323 et
2262 1281 2360 1336 per
2387 1279 2482 1320 eas
2515 1260 2770 1317 obscenis
2802 1257 3030 1313 indutus
3061 1251 3390 1323 phantasiis,

1810 1365 2064 1436 ejiciatur
2078 1371 2232 1416 extra
2256 1374 2352 1414 eos
2372 1356 2467 1428 qui
2489 1355 2546 1409 in
2575 1351 2787 1422 nuptiis
2809 1350 2920 1404 laeti
2939 1354 3136 1404 suntet
3152 1347 3388 1406 alacres.

1811 1473 1916 1528 pro
1941 1454 2165 1511 thalami
2187 1451 2372 1506 laetitia
2394 1447 2674 1518 accipiens
2687 1443 2978 1500 stridorem
2993 1440 3237 1496 dentium
3251 1446 3305 1494 et
3323 1438 3396 1492 la-

1813 1561 2049 1618 crymas.
2071 1543 2196 1599 Haec
2229 1541 2494 1598 testiﬁcor
2518 1545 2856 1593 tractaturus
2871 1531 3394 1602 contemplationem

1815 1639 2103 1711 mysticam
2131 1633 2342 1690 Cantici
2372 1631 2735 1686 canticorum.
2765 1626 2904 1682 Nam
2943 1639 3041 1694 per
3067 1637 3132 1678 ea
3160 1635 3282 1691 quae
3307 1619 3398 1673 hic

1817 1732 2022 1801 scripta
2051 1735 2203 1789 sunt,
2253 1734 2482 1780 ornatur
2499 1718 2906 1792 quodammodo
2931 1715 3114 1770 anima
3135 1722 3400 1782 tanquam

1815 1839 2038 1896 sponsa,
2070 1820 2136 1875 ad
2172 1821 2549 1886 incorpoream
2580 1821 2634 1867 et
2667 1810 3009 1883 spiritualem
3047 1805 3402 1874 materiaeque

1816 1923 2093 1986 expertem
2125 1911 2221 1966 Dei
2258 1907 2725 1979 conjunctionem.
2755 1901 2892 1956 Nam
2922 1899 3017 1971 qui
3041 1899 3158 1952 vult
3209 1911 3404 1951 omnes

1816 2025 1940 2064 esse
1963 2007 2166 2066 salvos,
2197 2011 2253 2058 et
2281 2002 2470 2058 venire
2498 1998 2567 2053 ad
2595 1996 2929 2068 agnitionem
2963 1989 3284 2052 veritatis",
3311 2001 3404 2042 os-

1819 2100 1992 2156 tendit
2025 2097 2113 2152 hie
2143 2093 2604 2168 perfectissimum
2637 2098 2696 2145 et
2741 2087 2964 2142 beatum
3004 2070 3224 2138 modum
3255 2079 3408 2135 salu-

1819 2193 1912 2256 tis,
1940 2205 2064 2245 eum
2088 2188 2213 2244 dico
2236 2186 2329 2257 qui
2365 2183 2424 2239 ﬁt
2461 2198 2556 2254 per
2583 2179 2933 2236 charitatem.
2959 2173 3097 2228 Nam
3123 2168 3408 2227 nonnullis

1821 2282 1881 2336 ﬁt
1909 2281 2073 2337 etiam
2114 2279 2264 2336 salus
2298 2291 2396 2348 per
2435 2275 2712 2337 timorem,
2751 2267 2974 2341 quando
3021 2266 3298 2320 intuentes
3338 2259 3409 2315 ad

1821 2371 1999 2427 minas
2029 2367 2287 2440 supplicii
2329 2365 2614 2437 gehennae,
2644 2373 2966 2432 separamur
2998 2371 3029 2410 a
3066 2354 3231 2410 malo.
3265 2350 3410 2406 Sunt

1821 2465 1984 2520 etiam
2010 2461 2197 2532 aliqui,
2233 2460 2328 2530 qui
2360 2465 2584 2528 propter
2614 2469 2767 2524 spem
2811 2448 3081 2506 mercedis
3110 2444 3411 2518 repositam

1822 2555 1892 2610 iis
1924 2553 2018 2625 qui
2043 2552 2133 2624 pie
2157 2549 2416 2611 vixerint,
2452 2563 2512 2603 se
2541 2553 2692 2603 recte
2724 2550 2780 2599 et
2807 2557 2876 2598 ex
2919 2540 3125 2595 virtute
3182 2542 3410 2608 gerunt,

1822 2624 2224 2703 nonicharitate
2251 2641 2456 2697 bonum
2489 2635 2858 2710 possidentes,
2895 2631 2990 2687 sed
3013 2624 3415 2699 exspectatione

1825 2734 2308 2792 remunerationis.
2351 2729 2459 2786 Sed
2501 2728 2598 2800 qui
2650 2725 2838 2781 animo
2887 2721 3064 2777 currit
3123 2718 3190 2772 ad
3231 2715 3412 2788 perfe-

1824 2832 2084 2908 ctionem,
2104 2826 2327 2898 expellit
2343 2823 2565 2896 quidem
2611 2820 2868 2874 timorem
2885 2813 2993 2886 (est
3014 2813 3162 2868 enim
3179 2811 3416 2880 ejusmo-

1825 2906 1883 2978 di
1936 2919 2157 2977 servilis
2206 2917 2439 2979 aﬁectio,
2494 2920 2785 2985 propterea
2835 2906 2984 2979 quod
3033 2919 3145 2959 non
3193 2908 3418 2972 propter

1826 3014 2149 3070 charitatem
2181 3017 2497 3082 permaneat
2544 3003 2686 3076 apud
2714 3003 3026 3066 dominum,
3060 3006 3288 3069 propter
3320 2993 3417 3048 ﬁa-

1830 3121 2052 3177 grorum
2083 3111 2267 3159 autem
2297 3108 2500 3156 metum
2531 3114 2639 3153 non
2679 3095 2984 3167 aufugiat);
3031 3090 3264 3161 despicit
3319 3103 3418 3141 auc

1831 3207 1940 3255 tem
1973 3201 2121 3268 ipsas
2149 3209 2370 3265 quoque
2399 3189 2707 3254 mercedes,
2736 3203 2808 3244 ne
2839 3187 3090 3242 videatur
3109 3181 3416 3238 mercedem

1831 3289 2003 3361 pluris
2039 3288 2220 3343 facere
2248 3300 2412 3356 quam
2443 3299 2567 3338 eum
2602 3282 2694 3352 qui
2737 3281 2908 3336 donat
2937 3280 3172 3333 lucrum.
3231 3272 3420 3343 Diligit

1832 3397 2013 3438 autem
2049 3387 2268 3445 eLmto
2294 3377 2460 3434 corde
2487 3385 2542 3432 et
2568 3377 2748 3430 anima
2775 3381 2830 3429 et
2856 3377 3148 3443 potestate,
3179 3383 3288 3423 non
3320 3366 3421 3420 ali-

1833 3475 1963 3545 quid
1992 3471 2139 3528 aliud
2159 3487 2226 3527 ex
2257 3470 2326 3525 iis
2353 3484 2475 3540 quae
2497 3467 2566 3523 ab
2596 3467 2717 3538 ipso
2750 3449 2910 3528 ﬁunt,
2944 3461 3040 3518 sed
3072 3475 3196 3516 eum
3238 3459 3419 3528 ipsum

1833 3566 1925 3638 qui
1953 3575 2036 3620 est
2067 3563 2188 3618 lons
2216 3563 2510 3616 bonorum.
2542 3556 2647 3623 Qui
2680 3556 2864 3626 itaque
2893 3568 2994 3608 nos
3015 3557 3177 3607 vocat
3214 3550 3281 3604 ad
3332 3547 3422 3603 sui

1835 3654 2330 3728 participationem,
2366 3651 2414 3706 is
2442 3649 2586 3704 hanc
2615 3649 2672 3703 in
2726 3645 3036 3701 auditorum
3070 3640 3269 3696 animis
3306 3647 3425 3694 sta-

1834 3744 2320 3802 tuitaﬁectionem.
2354 3741 2461 3807 Qui
2514 3747 2697 3794 autem
2726 3738 2869 3791 hanc
2914 3735 3084 3804 legem
3117 3731 3316 3794 sancit,
3376 3728 3425 3783 is

1835 3850 1920 3896 est
1955 3837 2238 3899 Solomon,
2268 3833 2428 3903 Cujus
2461 3829 2748 3901 sapientia,
2781 3837 2841 3882 ut
2873 3826 3119 3882 divinum
3150 3831 3237 3878 est
3269 3818 3426 3875 testi-

1837 3934 2106 3994 monium,
2140 3944 2251 3985 non
2281 3927 2447 3982 habet
2494 3936 2832 3984 mensuram,
2862 3926 2921 3974 ut
2977 3931 3099 3989 quae
3146 3930 3214 3970 ex
3267 3926 3426 3981 aequo

1839 4023 2074 4080 conferri
2101 4037 2210 4076 non
2243 4018 2417 4091 possit
2444 4031 2568 4071 cum
2597 4013 2854 4069 omnibus
2895 4011 2987 4080 qui
3019 4017 3179 4062 antea
3203 4004 3429 4060 fuerunt

1839 4126 1893 4174 et
1913 4117 2006 4188 qui
2030 4113 2200 4170 futuri
2227 4119 2393 4166 sunt:
2428 4115 2589 4179 quem
2613 4120 2802 4161 eorum
2850 4118 2972 4172 quae
3023 4107 3151 4155 sunt
3201 4095 3429 4151 omnino

1838 4186 1978 4264 nihil
2011 4209 2162 4262 latet.
2194 4202 2337 4259 Num
2371 4217 2458 4256 me
2488 4206 2651 4270 putas
2700 4197 2886 4252 dicere
2935 4193 3283 4247 Solomonem
3333 4186 3428 4257 qui

1841 4311 2007 4359 natus
2035 4307 2119 4356 est
2142 4314 2208 4353 ex
2237 4289 2533 4358 Bersabee,
2584 4290 2678 4362 qui
2711 4290 2768 4344 in
2799 4295 2986 4343 monte
3033 4282 3232 4340 obtulit
3280 4280 3432 4334 mille

1842 4396 2034 4457 boves,
2067 4391 2188 4462 ‘qui
2244 4386 2483 4443 Sidonia:
2517 4382 2764 4438 mulieris
2808 4377 3042 4435 consilio
3070 4390 3205 4430 usus
3243 4380 3329 4428 est
3360 4368 3431 4425 ad

154 4487 327 4541 αὐτοῦ
383 4488 728 4559 σημαίνεται,
768 4489 797 4540 ὁ
839 4489 935 4540 καὶ
979 4485 1141 4548 αὐτὸς
1189 4486 1254 4538 ὲκ
1297 4484 1391 4538 τοῦ
1425 4484 1726 4556 σπέρματος

1844 4482 2164 4558 peccatum?
2186 4479 2290 4535 Sed
2314 4493 2411 4548 per
2427 4477 2574 4531 hunc
2600 4474 2742 4529 alius
2773 4471 3115 4542 signiﬁcatur
3147 4465 3431 4526 Solomon,

154 4581 326 4635 Δαϐὶδ
353 4581 415 4635 τὸ
447 4582 587 4635 κατά
634 4581 812 4653 σάρκα
843 4579 1154 4650 γενόμενος,
1187 4572 1232 4646 ᾧ
1264 4577 1434 4648 ὄνομα
1466 4579 1679 4649 εἰρήνη,
1714 4579 1744 4630 ό

155 4675 418 4746 ἀληθινὸς
448 4675 544 4728 τοῦ
591 4674 804 4746 Ἰσραὴλ
835 4673 1106 4744 βασιλεὺς,
1142 4675 1170 4726 ὁ
1197 4672 1476 4742 οἰκοδόμος
1495 4670 1590 4724 τοῦ
1613 4668 1742 4724 ναοῦ

153 4765 254 4819 τοῦ
279 4766 452 4819 Θεοῦο
505 4768 534 4818 ὁ
561 4766 780 4818 πάντων
808 4763 1246 4835 ἐμπεριειληφὼς
1285 4764 1388 4833 τὴν
1429 4761 1649 4830 γνῶσιν,
1682 4754 1744 4815 οὗ

155 4856 416 4928 ἀόριστος
441 4856 474 4924 ὴ
510 4854 702 4923 σοφία,
738 4853 937 4925 μᾶλλον
969 4854 1026 4906 δὲ
1054 4854 1117 4906 τὸ
1146 4849 1284 4907 εἶναι
1320 4852 1480 4921 σοφία
1511 4853 1627 4905 ἐστὶ
1650 4851 1746 4904 καὶ

154 4948 410 5019 ἀλήθεια,
446 4947 540 5000 καὶ
565 4948 675 5000 πᾶν
707 4945 1008 5017 θεοπρεπὲς
1043 4962 1102 4998 τε
1132 4946 1228 4999 καὶ
1261 4945 1462 5016 ὑψηλὸν
1490 4943 1662 5014 ὄνομά
1686 4958 1747 4994 τε

156 5041 255 5095 καὶ
311 5039 514 5107 νόημα.
595 5031 763 5100 Οὗτος
819 5037 1036 5108 ὀργάνῳ
1086 5037 1164 5107 τῷ
1218 5035 1519 5108 Σολομῶντι
1574 5033 1749 5104 τούτῳ

156 5129 533 5200 χρησάμενος,
576 5129 644 5181 δι’
676 5130 884 5181 ἐκείνου
931 5131 1063 5199 ἡμῖν
1104 5129 1433 5196 διαλέγεται,
1484 5126 1750 5197 πρότερον

160 5223 266 5293 μὲν
311 5223 371 5276 ὲν
407 5221 757 5292 Παροιμίαις,
808 5215 926 5274 εἷτα
958 5222 1016 5274 ἐν
1044 5219 1122 5290 τῷ
1164 5220 1558 5292 Ἐκκλησιαστῇ
1586 5235 1600 5253 ο
1655 5219 1750 5272 καὶ

163 5313 308 5385 μετὰ
357 5311 533 5366 ταῦτα
578 5314 636 5365 ὲν
667 5315 736 5383 τῇ
779 5311 1113 5384 προκειμένῃ
1166 5313 1260 5365 τοῦ
1317 5311 1594 5383 ’ᾼσματος
1641 5311 1751 5363 τῶν

161 5407 431 5480 ᾀσμάτων
466 5406 775 5478 φιλοσοφία,
819 5406 922 5476 ὁδῷ
947 5406 1040 5459 καὶ
1068 5404 1219 5472 τάξει
1252 5405 1351 5478 τὴν
1397 5405 1534 5477 πρὸς
1568 5404 1630 5458 τὸ
1659 5403 1748 5458 τέ-

163 5500 311 5553 λειον
341 5497 529 5554 ἄνοδον
555 5497 928 5552 ὑποδεικνύων
951 5495 1030 5569 τῷ
1060 5497 1220 5570 λόγῳ.

257 5766 520 5823 ’·⁹ὶΤίαι.
563 5783 624 5835 lt,
667 5766 722 5822 4.

1844 4554 1939 4647 qui
1972 4576 2089 4644 ipse
2116 4585 2336 4644 quoque
2363 4574 2526 4622 natus
2559 4572 2643 4621 est
2680 4579 2746 4619 ex
2775 4561 2982 4617 semine
3015 4554 3182 4612 David
3231 4566 3433 4608 secun-

1845 4668 1976 4723 dum
2003 4679 2249 4726 carnem,
2274 4661 2362 4715 cui
2389 4672 2592 4713 nomen
2624 4663 2709 4712 est
2739 4667 2867 4724 pax,
2904 4649 2996 4719 qui
3032 4656 3118 4703 est
3148 4659 3308 4699 verus
3335 4654 3434 4695 rex

1848 4760 2034 4822 Israel,
2067 4756 2162 4828 qui
2191 4761 2277 4810 est
2324 4751 2622 4806 aediﬁcator
2680 4743 2868 4814 templi
2920 4740 3039 4804 Dei,
3095 4737 3189 4808 qui
3249 4747 3432 4790 rerum

1846 4853 2093 4909 omnium
2142 4842 2559 4916 comprehendit
2590 4837 2982 4908 cognitionem,
3011 4831 3170 4902 cujus
3195 4838 3280 4885 est
3306 4825 3432 4881 inﬁ-

1845 4944 1960 4998 nita
1987 4936 2275 5010 sapientia,
2297 4935 2408 4988 imo
2433 4947 2564 4987 vero
2597 4929 2758 4998 cujus
2788 4923 3028 4982 essentia
3078 4927 3162 4976 est
3216 4917 3435 4987 sapien-

1847 5034 1923 5088 tia
1973 5039 2028 5087 et
2054 5009 2299 5094 veritas,
2356 5037 2411 5080 ct
2444 5020 2728 5092 quodlibet
2755 5017 2862 5070 Deo
2895 5011 3224 5068 conveniens
3252 5009 3435 5061 excel-

1848 5138 2077 5192 sumque
2101 5134 2299 5176 nomen
2326 5124 2381 5172 et
2405 5111 2783 5183 intelligentia.
2811 5107 2862 5162 ls
2892 5121 3028 5161 usus
3058 5103 3162 5156 hoc
3191 5100 3435 5154 Solomo-

1849 5232 1918 5272 ne
1953 5190 2214 5286 tanquam
2249 5210 2638 5266 instrumento,
2668 5217 2761 5270 per
2790 5200 2944 5253 illum
2979 5195 3136 5249 nobis
3168 5190 3431 5260 loquitur,

1849 5281 2088 5379 primum
2115 5301 2334 5373 quidem
2370 5300 2424 5352 in
2459 5293 2796 5354 Proverbiis,
2825 5288 3024 5344 deinde
3079 5288 3134 5338 in
3162 5281 3435 5338 Ecclesia-

1851 5374 1954 5463 ste,
1987 5405 2041 5452 et
2071 5401 2259 5464 postea
2298 5391 2355 5445 in
2390 5387 2671 5459 proposita
2705 5379 3048 5454 philosophia
3068 5374 3281 5432 Cantici
3307 5388 3437 5427 can-

1813 5515 1817 5522 ’
1857 5495 2116 5553 ticorum,
2147 5488 2237 5541 via
2266 5493 2322 5540 et
2350 5482 2544 5538 ordine
2571 5478 2769 5533 rationi
2798 5471 3096 5531 ostendens
3142 5477 3436 5522 ascensum

1859 5586 1953 5659 qui
1993 5581 2168 5640 tendit
2193 5577 2260 5635 ad
2295 5573 2706 5648 perfectionem.
