3846 6220
373 251 476 303 767
1642 249 1700 306 S.
1739 248 2068 306 GliEGORIl
2107 247 2401 305 NYSSENI
3577 229 3693 283 763

443 367 730 433 Quomodo
758 368 903 422 enim
937 369 990 423 in
1047 369 1158 424 vita
1189 385 1311 439 qua:
1358 377 1442 423 est
1488 369 1788 423 secundum
1839 384 1963 421 caro
1994 419 1995 424 η

2137 365 2400 436 Καθάπερ
2438 362 2544 433 γὰρ
2572 361 2664 414 ἐπὶ
2690 359 2788 429 τῆς
2815 354 2960 410 κατὰ
2989 352 3168 424 σάρκα
3199 350 3370 420 ζωῆς,
3399 347 3470 400 οὖ
3521 351 3687 401 πᾶσι

377 474 522 522 nem,
558 474 668 513 non
695 459 875 515 omnis
903 469 1036 515 aetas
1067 476 1259 516 omnes
1284 461 1566 514 naturales
1583 459 1965 529 complectitur

2107 458 2248 510 λικία
2271 457 2448 518 πάσας
2480 454 2648 524 χωρεί
2675 451 2774 513 τὰς
2806 445 3039 517 φυσικὰς
3069 442 3375 514 ἐνεργείας,
3407 440 3560 493 οὐδὲ
3596 441 3691 493 διὰ

377 551 746 615 operationes,
775 567 953 621 neque
985 567 1082 622 per
1113 553 1314 608 similia
1354 553 1512 608 nobis
1566 551 1812 620 procedit
1857 551 1966 604 vita

2107 550 2174 603 ῶν
2204 548 2403 620 ὁμοίων
2437 546 2570 616 ἡμῖν
2602 547 2660 598 ὲν
2694 543 2884 604 αὑταῖς
2913 537 3136 607 ἡλικιῶν
3163 536 3459 605 διαφοραῖς
3488 535 3529 586 ὁ
3569 531 3691 601 βίος

380 640 435 694 in
463 640 595 710 ipsis
617 650 836 696 tetatum
869 643 1231 702 dillerentiis:
1264 659 1384 698 nam
1422 659 1520 699 nec
1557 643 1737 697 infans
1762 641 1968 696 adulto-

2107 641 2395 712 εροέρχεται
2422 636 2565 707 (οὔτε
2593 634 2702 706 γὰρ
2725 633 2786 686 τὸ
2807 633 2996 702 νήπιον
3025 629 3094 683 τά
3118 627 3226 681 τῶν
3253 625 3496 678 τελείων
3535 624 3694 693 ἔργα

381 747 502 786 rum
534 740 588 787 et
629 732 992 802 perfectorum
1037 737 1350 808 aggreditur
1383 751 1578 804 opera;
1615 750 1715 790 nec
1748 734 1968 789 adultus

2107 732 2413 802 ετέρχεται,
2447 727 2570 780 οὔτε
2603 728 2632 779 ὁ
2667 725 2870 785 τέλειος
2903 723 2961 774 ὲν
2988 721 3106 781 ταῖς
3134 715 3412 784 ἀγκάλαις
3449 713 3578 808 τῆς
3607 728 3696 808 ξι-

383 839 450 878 ac
476 824 750 894 perfectus
785 835 1030 896 gestator
1057 829 1112 881 in
1148 828 1295 882 ulnis
1331 828 1596 892 nutricis;
1619 827 1713 882 sed
1744 827 1797 880 in
1832 843 1971 882 uno-

2107 827 2240 896 ἠνης
2283 818 2782 892 ἀναλαμϐάνεται),
2833 813 2945 868 ἀλλ’
2987 814 3044 865 ὲν
3087 811 3302 878 ἑκάστῳ
3334 805 3549 875 καιρῷ
3586 804 3695 871 τῆς

383 927 598 983 quoque
631 921 876 982 tempore
904 916 1082 971 aetatis
1102 925 1186 971 est
1222 916 1427 986 aliquid
1459 915 1607 968 aliud
1661 930 1970 984 congruens

2109 915 2283 980 λικίας
2327 913 2455 968 ἄλλο
2516 929 2571 965 τι
2620 907 2932 981 πρόσφορον
2977 907 3094 957 ἐστι
3145 902 3241 956 καὶ
3287 897 3708 987 κατάλληλωῄ-

386 1020 450 1058 ac
479 1007 854 1061 conveniens:
879 1005 950 1061 ita
982 1007 1148 1062 etiam
1185 1009 1314 1063 licet
1339 1009 1528 1064 videre
1559 1008 1614 1062 in
1639 1007 1819 1060 anima
1844 1021 1972 1076 pro-

2107 1005 2245 1069 ΰτως
2307 1003 2456 1056 ἔστιν
2507 1001 2633 1055 ίδεῖν
2677 998 2772 1052 καὶ
2816 999 2872 1049 ὲν
2918 996 2986 1065 τῇ
3025 992 3170 1062 ψυχῇ
3211 987 3530 1056 ἀναλογίαν
3564 985 3700 1076 τινὰ

388 1096 693 1164 portionem
727 1097 1020 1167 quamdam
1058 1113 1122 1154 ac
1153 1100 1594 1154 convenientiam
1622 1114 1747 1153 cum
1779 1112 1975 1168 corpo-

2107 1098 2210 1169 ερὸς
2233 1097 2334 1160 τὰς
2355 1091 2670 1164 σωματικὰς
2696 1088 2932 1161 ἡλικίας,
2958 1086 3024 1139 δι’
3053 1079 3128 1137 ῶν
3161 1080 3497 1152 εὑρίσκεται
3523 1074 3700 1139 τάξις

390 1183 466 1238 ris
489 1185 765 1248 aetatibus,
797 1201 893 1258 per
916 1203 1055 1257 quas
1081 1188 1357 1242 invenitur
1382 1190 1518 1244 ordo
1547 1196 1603 1244 ct
1631 1203 1977 1258 consequen—

2112 1208 2160 1254 ις
2189 1190 2282 1243 xal
2324 1185 2636 1246 ἀκολουθία,
2664 1182 2801 1250 πρὸς
2831 1180 2923 1233 τὸν
2946 1178 3065 1232 κατ’
3090 1176 3293 1246 ἀρετὴν
3326 1172 3453 1242 βίον
3481 1185 3698 1239 χειρα-
3805 1203 3807 1232 ε

392 1275 488 1337 tia,
521 1276 800 1331 deducens
833 1277 1108 1333 hominem
1138 1280 1205 1334 ad
1238 1281 1402 1334 vitam
1441 1280 1742 1349 degendam
1768 1295 1833 1334 ex
1867 1282 1978 1331 viro

2107 1279 2331 1349 ’ωγοῦσα
2363 1278 2454 1331 τὸν
2488 1276 2791 1347 ἄνθρωπον.
2838 1263 2912 1324 Οὗ
2945 1270 3122 1340 χάριν,
3155 1265 3333 1328 ἄλλως
3378 1265 3419 1332 ἡ
3470 1263 3701 1328 Παροι-

394 1374 527 1420 tute.
554 1367 727 1432 Quam
755 1369 824 1421 ob
846 1383 1069 1423 causam
1101 1370 1259 1425 aliter
1279 1370 1536 1424 erudiunt
1562 1370 1853 1424 Proverbia
1876 1387 1890 1423 :
1924 1377 1980 1424 et

2107 1376 2179 1428 ιία
2209 1371 2473 1434 παιδεύει,
2503 1369 2594 1422 καὶ
2619 1367 2796 1428 ἄλλως
2814 1367 2843 1417 ό
2879 1357 3306 1431 Ἐκκλησιαστὴς
3327 1353 3697 1446 διαλέγεται·

392 1458 551 1510 aliter
581 1458 801 1513 disserit
858 1457 1254 1516 Ecclesiastes:
1292 1469 1345 1515 et
1395 1477 1516 1531 qua:
1556 1476 1652 1531 per
1692 1461 1977 1515 Canticum

2107 1465 2175 1519 :al
2211 1467 2244 1538 ἡ
2291 1463 2379 1516 διὰ
2421 1460 2515 1514 τοῦ
2555 1459 2831 1530 ’ᾼσματος
2881 1454 2989 1507 τῶν
3037 1450 3296 1524 ᾀσμάτων
3322 1443 3694 1538 φιλοσοφία,

393 1550 734 1604 canticorum
774 1551 1008 1606 traditur
1042 1552 1406 1622 philosophia,
1447 1561 1732 1622 utramque
1761 1561 1982 1622 superat

2107 1556 2170 1608 ςιά
2218 1535 2324 1608 τῶν
2372 1552 2718 1623 ὑψηλοτέρων
2775 1545 3059 1617 δογμάτων
3117 1537 3464 1612 ἀμφοτέρων
3516 1535 3694 1604 ὑπέρο

391 1641 704 1712 dogmatum
731 1644 1089 1700 sublimitate.
1113 1643 1249 1700 Nam
1281 1663 1401 1715 quae
1431 1661 1525 1715 per
1562 1643 1856 1700 Proverbia
1884 1645 1980 1698 da-

2107 1643 2365 1697 ιειται.Ἡ
2390 1641 2499 1710 γὰρ
2529 1639 2617 1693 διὰ
2663 1638 2771 1691 τῶν
2804 1633 3117 1704 Παροιμιῶν
3158 1627 3517 1692 διδασκαλία,
3551 1624 3694 1696 πρὸς

395 1741 486 1785 tur
508 1733 780 1797 doctrina,
825 1734 893 1788 ad
925 1751 1050 1790 eum
1087 1736 1177 1805 qui
1217 1745 1300 1789 est
1352 1737 1528 1791 adhuc
1593 1735 1774 1792 infans
1811 1736 1978 1790 verba

2107 1738 2170 1789 ’ὸν
2197 1736 2276 1789 ἔτι
2302 1734 2633 1804 νηπιὰζοντα
2662 1732 2804 1784 ποιεῖ
2825 1729 2950 1790 τοὺς
2971 1727 3183 1794 λόγους,
3217 1719 3606 1790 καταλλήλως
3625 1719 3694 1785 τῇ

395 1823 549 1883 facit,
589 1824 976 1878 convenienter
1006 1825 1148 1879 artati
1198 1826 1466 1895 adaptatis
1529 1823 1977 1880 admonitionem.

395 1909 558 1974 Audi,
578 1913 752 1983 inquit
772 1914 841 1978 ”,
870 1915 973 1984 ﬁli,
995 1915 1130 1985 leges
1155 1917 1323 1983 patris
1360 1918 1459 1978 tui,
1490 1926 1538 1971 et
1567 1932 1628 1970 ne
1650 1916 1873 1984 repellas
1906 1916 1983 1969 iu-

2082 1831 2268 1902 ήλικία
2295 1828 2421 1890 τοὺς
2446 1827 2635 1894 λόγους
2673 1822 3006 1895 ἁρμόζουσα.
3055 1820 3283 1879 Ἄκουε,
3329 1813 3538 1885 φησιν,
3576 1810 3696 1902 υἱὲ,

2081 1901 2306 1991 ⁴ἑόμους
2365 1919 2589 1986 πατρός
2645 1933 2799 1976 σου,
2853 1912 2951 1966 καὶ
2997 1911 3083 1980 μὴ
3135 1907 3351 1973 ἀπώσῃ
3407 1901 3697 1972 θεσμοὺς

395 2001 581 2055 stituta
609 2005 795 2057 matris
828 2015 950 2058 tuw.
984 2005 1144 2059 Vides
1171 2021 1237 2059 ex
1269 2006 1335 2060 iis
1360 2020 1483 2074 quae
1514 2005 1794 2069 dicuntur,
1817 2020 1981 2074 quam

2107 2016 2303 2081 ιητρός
2328 2026 2464 2064 σου.
2512 2008 2676 2077 Ὁρᾷς
2703 2007 2766 2057 ἐκ
2790 2004 2896 2056 τῶν
2922 1999 3228 2070 λεγομένων
3255 1995 3318 2050 τδ
3343 1993 3577 2048 ἁπαλὸν
3594 1991 3697 2083 ᾲέτι

395 2092 469 2144 sit
498 2093 678 2150 adhuc
709 2104 894 2151 tenera
939 2104 1072 2151 aetas
1099 2098 1315 2162 animai,
1361 2097 1823 2168 quemadmodum
1873 2111 1984 2150 non

395 2186 570 2256 possit
618 2203 677 2245 se
725 2203 972 2258 pascere,
1025 2197 1080 2243 et
1117 2189 1294 2244 adhuc
1327 2206 1467 2260 opus
1499 2190 1695 2245 habeat
1723 2189 1986 2244 maternis

395 2280 687 2344 institutis,
743 2290 797 2336 et
851 2289 1077 2352 paterna
1131 2281 1522 2338 admonitione.
1579 2281 1644 2336 Et
1695 2293 1753 2336 ut
1803 2281 1985 2337 infans

397 2385 649 2444 prompto
680 2382 733 2428 et
762 2374 931 2428 alacri
967 2377 1152 2430 animo
1179 2376 1424 2431 attendat
1453 2375 1792 2445 parentibus,
1828 2375 1987 2447 polli-

396 2475 552 2520 cetur
583 2481 650 2520 ex
676 2465 984 2536 disciplinis
1007 2467 1056 2520 ei
1091 2476 1413 2521 ornamenta
1447 2468 1564 2522 fore
1592 2468 1842 2537 puerilia.
1893 2466 1989 2522 Est

398 2557 546 2612 enim
579 2565 962 2612 ornamentum
999 2557 1226 2628 puerile,
1257 2558 1473 2629 torquis
1507 2573 1712 2614 aureus
1765 2559 1820 2612 in
1847 2558 1988 2614 collo

399 2649 778 2719 resplendens,
825 2656 880 2705 et
926 2665 1048 2720 qua:
1094 2649 1357 2720 jucundis
1385 2665 1448 2705 ex
1506 2648 1733 2705 ﬂoribus
1785 2665 1990 2705 corona

401 2742 658 2796 nectitur.
688 2738 917 2810 Oportet
947 2747 1130 2794 autem
1165 2740 1390 2794 omnino
1422 2741 1541 2795 haec
1571 2741 1894 2812 intelligere,
1933 2751 1993 2796 ut

403 2849 600 2888 sensus
627 2832 932 2902 aenigmatis
961 2831 1197 2887 deducat
1227 2833 1294 2886 ad
1343 2833 1394 2886 id
1439 2833 1584 2903 quod
1635 2841 1720 2889 est
1772 2834 1988 2888 melius.

405 2925 498 2979 Sic
523 2924 573 2979 ei
605 2923 795 2991 incipit
820 2925 1026 2978 variam
1071 2939 1136 2978 ac
1171 2924 1529 2993 multiplicem
1559 2925 1870 2981 describere
1901 2943 1993 2981 sa-

407 3016 689 3085 pientiam,
739 3023 792 3069 et
826 3013 1116 3069 ineﬂ‘abilis
1168 3014 1594 3083 pulchritudinis
1643 3017 1988 3088 interpretari

405 3107 642 3176 speciem
678 3122 741 3160 ac
765 3108 1042 3170 decorem,
1103 3116 1160 3160 ut
1183 3122 1292 3160 non
1339 3107 1520 3174 aliqua
1567 3109 1894 3164 necessitate
1940 3119 1995 3164 et

405 3207 574 3264 metu,
609 3197 704 3252 sed
730 3198 1030 3267 cupiditate
1055 3207 1111 3251 et
1133 3197 1409 3253 desiderio
1433 3199 1702 3253 excitetur
1724 3202 1790 3255 ad
1828 3202 1995 3256 bono-

407 3303 527 3341 rum
553 3287 1046 3358 participationem.
1085 3287 1222 3340 Nam
1247 3287 1544 3355 descriptio
1571 3289 1994 3357 pulchritudinis

408 3377 636 3432 attrahit
667 3375 1172 3444 omnemjuvenum
1224 3376 1579 3445 cupiditatem
1623 3377 1691 3431 ad
1747 3378 1800 3432 id
1849 3379 1996 3448 quod

408 3469 740 3532 ostenditur,
784 3469 1089 3523 accendens
1136 3467 1470 3523 desiderium
1509 3477 1568 3524 ut
1616 3470 1687 3525 sit
1722 3472 1995 3542 particeps

409 3562 720 3617 venustatis
752 3569 805 3617 et
831 3561 1136 3631 elegantiae.

484 3652 554 3708 Ut
584 3668 714 3724 ergo
768 3653 818 3707 ei
875 3655 1048 3724 magis
1078 3664 1341 3723 augeatur
1367 3654 1641 3724 cupiditas
1670 3670 1701 3708 a
1732 3658 1995 3711 materiali

413 3746 662 3802 traducta
688 3743 973 3799 affectione
1002 3743 1070 3798 ad
1099 3745 1342 3800 materiae
1390 3756 1668 3816 expertem
1723 3749 1999 3804 habitudi-

413 3853 562 3899 nem,
593 3845 752 3890 ornat
781 3833 1037 3888 laudibus
1066 3835 1347 3904 sapientia:
1379 3835 1861 3905 pulchritudinem.
1891 3837 1998 3894 Ne-

414 3942 524 3996 que
552 3925 727 3981 solum
778 3934 938 3978 ornat
987 3925 1168 3978 verbis
1219 3924 1340 3994 ejus
1369 3924 1605 3994 speciem
1635 3933 1690 3980 et
1719 3925 1993 3994 decorem,

416 4020 514 4076 sed
536 4018 700 4074 etiam
730 4017 852 4087 ejus
907 4024 1193 4073 enumerat
1236 4016 1492 4073 divitias:
1531 4033 1765 4088 quarum
1807 4022 1999 4078 evadet

409 4107 666 4165 dominus
741 4107 835 4178 qui
892 4121 1018 4162 cum
1083 4123 1147 4163 ea
1211 4108 1558 4164 habitaverit.
1635 4113 2000 4169 Consideran-

417 4214 507 4257 tur
566 4209 747 4256 autem
811 4199 1018 4254 divitia:
1066 4200 1120 4254 in
1157 4199 1224 4254 iis
1256 4217 1378 4270 qua:
1425 4202 1494 4256 ab
1525 4203 1641 4273 ipsa
1681 4219 2000 4276 proponun-

418 4307 528 4352 tur.
573 4295 707 4348 Nam
755 4292 945 4347 dexter
993 4293 1211 4362 quidem
1267 4303 1352 4348 est
1379 4293 1428 4349 ei
1458 4305 1688 4350 ornatus
1742 4299 1997 4354 universa

2084 2081 2182 2176 τῆς
2211 2104 2352 2157 κατά
2387 2101 2564 2171 ψυχὴν
2607 2097 2824 2168 ἡλικίας
2854 2095 2946 2146 καὶ
2976 2093 3238 2152 ἀπαστον,
3276 2087 3360 2139 ἔτι
3397 2081 3697 2176 μητρῴων

2084 2175 2246 2252 αυτὸν
2269 2193 2485 2265 θεσμῶν
2507 2191 2694 2244 ἐπιδεᾶ
2722 2189 2924 2258 βλέπει,
2951 2185 3047 2238 καὶ
3071 2179 3343 2252 πατρικῆς
3362 2175 3694 2237 νουθεσίας.

2086 2289 2196 2344 Kal
2225 2287 2300 2351 ὼς
2345 2287 2411 2340 ἂν
2457 2283 2864 2356 προθυμότερον
2899 2279 3157 2348 προσέχοι
3204 2273 3318 2334 τοῖς
3351 2267 3594 2338 γονεῦσι
3637 2265 3700 2316 τὸ

2085 2383 2314 2452 νήπιον,
2379 2377 2506 2440 τοὺς
2584 2373 2867 2434 παιδικοὺς
2948 2367 3096 2436 αὐτῷ
3168 2359 3698 2429 κατεπαγγέλλεται

2087 2471 2324 2542 κόσμους
2365 2469 2431 2522 ὲκ
2470 2467 2570 2536 τῆς
2616 2465 2746 2536 περὶ
2776 2463 2844 2516 τά
2890 2461 3189 2531 μαθήματα
3222 2454 3468 2525 σπουδῆς
3518 2468 3693 2522 προσ-

2087 2562 2434 2636 γενήσεσθαι.
2495 2557 2730 2613 Παιδίων
2797 2555 2904 2626 γάρ
2961 2555 3075 2606 ἐστι
3141 2550 3389 2619 κόσμοςν
3451 2544 3693 2636 χρύσεᾳξ

2092 2632 2365 2728 μανιάκης
2411 2649 2490 2721 τῷ
2528 2647 2782 2721 τραχήλῳ
2831 2641 3351 2715 περιλαμπόμενος,
3396 2636 3504 2728 καὶ
3557 2636 3587 2687 ὁ
3632 2632 3692 2695 ἐξ

2088 2727 2266 2802 ἀνθῶν
2288 2761 2446 2797 τινων
2499 2741 2834 2811 ὲπιχαρίτων
2893 2733 3335 2801 ἁναπλεκόμενος
3385 2727 3686 2794 στέφανος.

2091 2840 2249 2892 Νοεῖν
2281 2836 2336 2888 δὲ
2367 2832 2472 2905 χρὴ
2509 2831 2684 2886 ταῦτα.
2719 2829 2932 2891 πάντως
2968 2829 3114 2888 ὅπως
3154 2823 3220 2876 ἂν
3247 2821 3504 2892 ὁδηγήσει
3548 2817 3690 2888 πρὸς

2091 2931 2151 2983 τὸ
2182 2933 2424 3000 κρεῖττον
2450 2930 2483 2998 ἡ
2508 2925 2602 2979 τοῦ
2630 2922 2949 2991 αἰνίγματος
2981 2918 3178 2970 ἔννοια.
3209 2913 3322 2968 Καὶ
3353 2910 3537 2997 οὕτως
3559 2910 3688 2963 ὕπο.

2093 2999 2324 3093 γράφειν
2367 3021 2590 3088 ἄρχεται
2630 3017 2730 3086 τὴν
2773 3012 2961 3080 σοφίαν
2993 3007 3159 3078 αὐτῷ,
3189 3004 3453 3066 ποικίλως
3493 3018 3557 3054 τε
3592 2999 3688 3093 καὶ

2096 3092 2390 3173 πολυειδῶς
2421 3109 2512 3164 τοῦ
2555 3106 2838 3178 ἀφράστου
2885 3101 3114 3162 κάλλους
3164 3093 3546 3168 διερμηνεύων
3587 3092 3688 3160 τὴν

2096 3205 2272 3275 ὥρανο
2306 3203 2380 3274 μὴ
2411 3201 2562 3270 φόϐῳ
2591 3199 2694 3253 τινὶ
2727 3196 2820 3251 καὶ
2853 3194 3090 3263 ἀνάγκῃ,
3125 3189 3261 3243 ἀλλά
3291 3185 3569 3256 ἐπιθυμίᾳ
3591 3183 3687 3237 καὶ

2098 3298 2247 3367 πόθῳ
2276 3295 2412 3366 πρὸς
2440 3294 2539 3364 τὴν
2579 3291 2689 3343 τῶν
2727 3286 2946 3355 ἀγαθῶν
2985 3281 3274 3354 μετουσίαν
3301 3276 3684 3346 διαναστῆναι.

2109 3389 2174 3442 Ἠ
2207 3389 2316 3458 γὰρ
2357 3384 2452 3439 τοῦ
2486 3382 2718 3446 κάλλους
2765 3378 3048 3448 ἐπιγραφὴ
3090 3370 3392 3426 ὲπισπᾶταί
3438 3385 3560 3431 πως
3584 3367 3683 3458 τῂν

2095 3479 2205 3534 τῶν
2253 3479 2388 3532 νέων
2444 3473 2738 3544 ἐπιθυμίαν
2797 3469 2933 3540 πρὸς
2995 3466 3056 3518 τὸ
3103 3462 3456 3531 δεικνύμενον
3482 3498 3500 3520 ,
3549 3455 3684 3525 πρὸς

2099 3569 2382 3626 κοινωνίαν
2407 3568 2509 3636 τῆς
2537 3565 2687 3637 ὥρας
2717 3563 2808 3616 τὸν
2837 3561 2998 3614 πόθον
3030 3551 3487 3627 ἀναρριπίζουσα.

2181 3662 2268 3725 Ὧς
2293 3659 2356 3714 ἂν
2376 3655 2468 3713 οὖν
2496 3658 2696 3728 μᾶλλον
2719 3653 2867 3724 αὑτῴ
2901 3652 2963 3704 τὸ
2984 3643 3384 3718 ἐπιθυμητικὸν
3402 3637 3684 3710 αὐξηθείη,

2104 3751 2398 3825 μετατεθὲν
2441 3749 2550 3804 ἀπὸ
2599 3749 2698 3818 τῆς
2741 3743 2936 3813 ὑλικῆς
2979 3736 3357 3812 προσπαθείας
3410 3732 3549 3802 πρὸς

2099 3823 2262 3900 ἀῡλον
2289 3844 2493 3914 σχέσιν,
2518 3837 2742 3913 ὼραῖζει
2766 3837 2853 3892 διὰ
2880 3834 2989 3888 τῶν
3026 3828 3316 3900 ἐγκωμίων
3347 3825 3452 3896 τῆς
3495 3823 3685 3893 σοφίας

2099 3937 2162 3990 τὸ
2191 3934 2408 3998 κάλλος.
2439 3931 2550 3985 Καὶ
2581 3931 2641 3984 οὺ
2679 3930 2837 4000 μόνον
2859 3927 2921 3979 τὸ
2953 3923 3146 3986 κάλλος
3170 3920 3270 3990 τῆς
3299 3915 3554 3989 ῶραςδιὰ
3571 3914 3684 3968 τῶν

2101 4028 2274 4095 λόγων
2302 4023 2703 4096 προδείκνυσιν,
2727 4018 2868 4073 ἀλλά
2894 4017 2985 4070 καὶ
3014 4015 3106 4067 τὸν
3134 4010 3361 4066 πλοῦτον
3391 4008 3561 4078 αὐτῆς
3585 4007 3686 4060 ἀπ-

2100 4119 2434 4190 αριθμεῖταιο
2456 4110 2516 4170 οὗ
2540 4114 2727 4184 κύριος
2750 4111 2966 4172 πάντως
2987 4109 3016 4160 ὁ
3033 4103 3357 4174 συνοικήσας
3374 4099 3676 4170 γενήσεται.

2114 4211 2171 4264 ’0
2186 4209 2242 4262 δὲ
2263 4207 2489 4269 πλοῦτος
2507 4206 2643 4268 τέως
2662 4205 2720 4257 ὲν
2735 4205 2845 4265 τοῖς
2867 4198 3153 4272 προκοσμή
3163 4211 3328 4267 μασιν
3369 4191 3542 4263 αὐτῆς
3555 4190 3682 4243 θεω-

2108 4305 2300 4374 ρεῖται.
2356 4299 2576 4369 Κόσμος
2641 4297 2740 4366 μὲν
2780 4294 2889 4367 γάρ
2943 4292 3081 4362 αὐτῇ
3139 4285 3442 4358 περιδέξιος
3487 4282 3678 4374 αἰῶνες

420 4389 643 4451 saecula,
678 4403 800 4440 cum
826 4386 902 4440 ita
941 4386 1087 4440 dicat
1125 4383 1504 4456 Scriptura“:
1541 4387 1840 4460 Longitudo
1878 4393 1995 4446 vita

2107 4372 2230 4448 δλοι.
2252 4391 2438 4454 Οὕτως
2468 4389 2714 4452 εἰπόντος
2741 4386 2835 4440 τοῦ
2857 4385 3017 4452 λόγου
3039 4422 3055 4445 ,
3085 4382 3166 4435 ὅτι
3190 4377 3399 4446 Μῆκος
3412 4375 3554 4439 βίου
3576 4372 3674 4426 καί

418 4490 468 4535 et
505 4481 630 4533 anni
657 4478 778 4531 vita:
799 4477 1002 4530 suntin
1031 4475 1248 4529 dextera
1297 4476 1434 4546 ejus.
1473 4475 1530 4532 In
1570 4479 1792 4535 sinistra
1817 4492 1996 4537 autem

421 4587 585 4626 manu
638 4569 799 4624 habet
860 4567 1067 4638 positas
1121 4568 1395 4637 pretiosas
1449 4569 1708 4624 virtutum
1757 4571 1998 4638 divitias,

418 4681 542 4736 qua:
576 4661 740 4721 simul
774 4658 1125 4728 resplendent
1171 4674 1295 4712 cum
1336 4660 1626 4730 splendore
1663 4663 1868 4732 gloriae.
1911 4663 2001 4718 Di-

421 4759 498 4813 cit
531 4756 715 4809 enim;
748 4752 813 4806 In
837 4753 1060 4806 sinistra
1087 4751 1201 4819 ejus
1242 4753 1445 4806 divitiae
1480 4763 1529 4807 et
1557 4754 1751 4824 gloria.
1792 4755 2001 4812 Deinde

421 4851 538 4905 oris
559 4862 778 4918 quoque
799 4843 920 4913 ejus
940 4843 1070 4897 dicit
1092 4843 1447 4898 redolentiam
1472 4845 1769 4914 spirantem
1791 4845 1996 4902 bonum

422 4942 648 4996 odorem
693 4937 943 5008 justitiat,
998 4937 1189 4990 dicens
1234 4953 1251 4990 :
1293 4935 1373 4989 Ea;
1426 4953 1514 4992 ore
1567 4939 1683 5008 ejus
1739 4941 2004 5010 egreditur

419 5033 656 5103 iustitia.
697 5031 754 5083 In
795 5028 916 5098 ejus
946 5035 1126 5081 autem
1166 5027 1355 5092 labris,
1387 5045 1487 5098 pro
1516 5031 1715 5087 rubore
1770 5033 2004 5088 naturali

425 5127 596 5196 legem
630 5122 826 5176 ﬂorere
873 5119 1009 5175 dicit
1053 5127 1107 5173 et
1152 5119 1608 5175 misericordiam.
1640 5121 1706 5175 Et
1749 5131 1810 5178 ut
1843 5124 2006 5193 hujus

428 5228 647 5286 sponsae
689 5212 1002 5266 inveniatur
1035 5209 1184 5264 omni
1209 5225 1275 5264 ex
1303 5218 1455 5279 parte
1483 5212 1721 5281 perfecta
1755 5215 2004 5283 pulchri-

425 5308 578 5372 tudo,
635 5303 889 5358 laudatur
916 5316 1137 5371 quoque
1177 5300 1298 5379 ejus
1344 5301 1618 5357 incessus.
1654 5302 1794 5357 Dicit
1818 5306 2002 5360 enim:

432 5398 494 5450 In
529 5398 624 5450 aiis
652 5396 875 5462 iustitia:
900 5391 1312 5462 ambulat.Ejus
1333 5407 1551 5462 quoque
1580 5394 2006 5463 pulchritudinis

435 5488 686 5544 laudibus
710 5502 810 5542 nec
836 5486 990 5541 deest
1018 5485 1237 5556 quidem
1270 5484 1609 5554 magnitudo,
1627 5501 1753 5541 cum
1783 5487 1905 5556 ejus
1923 5489 2007 5543 in-

531 5665 574 5696 ”
596 5664 756 5721 Prov.
791 5681 830 5734 ι,
858 5665 914 5720 8.
988 5665 1032 5698 ⁸⁸
1057 5662 1220 5720 Prov.
1252 5679 1330 5730 ul,
1367 5663 1435 5721 16
1471 5679 1622 5735 seqq.

2103 4486 2209 4552 ἐτη
2245 4482 2396 4552 ζωῆς
2426 4483 2495 4536 ἐν
2538 4480 2612 4549 τῇ
2643 4477 2813 4546 δεξιᾷ
2843 4475 3056 4544 αὐτῆς.
3106 4474 3196 4526 Ἐν
3235 4471 3293 4524 δὲ
3322 4471 3392 4540 τῇ
3423 4468 3679 4539 ἀριστερᾷ

2104 4574 2276 4648 χειρὶ,
2307 4573 2398 4626 τὸν
2418 4571 2712 4641 πολύτιμον
2742 4569 2850 4622 τῶν
2873 4565 3082 4635 ἀρετῶν
3113 4561 3421 4633 περίκειται
3455 4554 3673 4610 πλοῦτον

2104 4670 2170 4738 τῇ
2199 4664 2503 4735 λαμπηδόνι
2527 4663 2626 4732 τῆς
2649 4661 2808 4732 δόξης
2842 4656 3332 4725 συνδιαλὰμποντα.
3365 4648 3524 4717 Λέγει
3549 4648 3668 4718 γὰρ,

2105 4737 2187 4811 ὅτι
2227 4758 2330 4810 Ἐν
2361 4753 2435 4823 τῇ
2482 4752 2768 4823 ἀριστερᾷ
2810 4748 3002 4816 αὐτῆς
3048 4743 3313 4809 πλοῦτος
3362 4739 3462 4795 καὶ
3511 4737 3668 4804 δόξα.

2107 4845 2239 4904 Εἶτα
2279 4850 2374 4902 καὶ
2422 4846 2517 4900 τοῦ
2559 4845 2827 4914 στόματος
2871 4841 3042 4909 αὐτῆς
3081 4838 3232 4906 λέγει
3285 4834 3388 4904 τὴν
3433 4829 3669 4885 εὖπνοιαν

2101 4941 2195 4994 τοῦ
2231 4938 2396 4994 καλοῦ
2435 4939 2536 5008 τῆς
2569 4935 2919 5004 δικαιοσύνης
2946 4930 3239 5002 ἁρὼματος
3290 4923 3667 4985 ἀποπνέουσαν,

2109 5032 2282 5100 λέγων
2303 5047 2316 5062 ·
2361 5031 2464 5084 Ἐκ
2501 5029 2602 5082 τοῦ
2632 5027 2930 5096 στόματος
2971 5021 3164 5087 αὐτῆς
3195 5017 3565 5086 ἐκπορεύεται
3593 5014 3670 5068 δι-

2112 5123 2430 5189 καιοσύνη.
2479 5121 2604 5183 Τοῖς
2649 5118 2707 5171 δὲ
2755 5117 2986 5188 χείλεσιν
3019 5113 3191 5182 αὐτῆς
3238 5125 3404 5180 φησιν
3445 5106 3556 5161 ἀντὶ
3582 5104 3665 5158 τοῦ

2113 5212 2343 5283 φυσικοῦ
2397 5211 2738 5283 ἐρυθήματος
2797 5208 2888 5260 τὸν
2953 5204 3118 5274 νόμον
3177 5199 3432 5254 ἐπανθεῖν
3471 5202 3556 5251 καὶ
3589 5197 3666 5249 τὸν

2113 5305 2283 5357 ἔλεον.
2333 5302 2443 5356 Καὶ
2484 5302 2560 5365 ὡς
2588 5301 2654 5355 ἂν
2699 5299 2788 5353 διὰ
2819 5299 3040 5352 πάντων
3075 5290 3330 5365 εὑρεθείη
3376 5292 3443 5360 τῇ
3469 5287 3665 5360 τοιαύτῃ

2114 5398 2300 5467 νύμφῃ
2327 5395 2521 5458 κάλλος
2549 5391 2951 5464 ὲρανιζὸμενον,
2981 5388 3286 5442 ἐπαινεῖται
3312 5382 3480 5451 αὐτῆς
3510 5380 3665 5434 καὶτὸ

2119 5491 2376 5560 βάδισμα.
2412 5489 2548 5560 Φησὶ
2579 5487 2686 5557 γάρ
2707 5502 2720 5514 ·
2767 5486 2869 5538 Ἐν
2909 5481 3068 5547 ὁδοῖς
3099 5477 3490 5543 δικαιοσύνης
3524 5486 3661 5542 38p:-
