3846 6220
169 324 281 380 7C9

1258 314 1323 368 IN
1361 309 1652 369 CANTICA
1689 305 1961 363 CANTIC.
1996 304 2281 361 HOMILIA
2311 307 2351 360 l.

3308 294 3410 348 770

167 435 367 490 πατεῖ.
403 434 480 486 Οὐ
505 433 678 486 λείπει
705 435 816 495 τοῖς
853 430 1094 494 ἐπαίνοις
1119 431 1215 498 τῆς
1245 429 1390 501 ὥρας
1419 428 1538 480 οὐδὲ
1565 426 1625 478 τὸ
1649 425 1745 495 μέ-

1866 430 2188 476 trementum
2219 417 2523 474 excurrerit
2551 424 2809 483 tanquam
2843 412 3026 480 planta
3061 408 3242 478 aliqua
3275 408 3412 463 bene

167 527 370 594 γεθος,
412 519 506 577 ἶσα
553 522 704 594 φυτῷ
756 541 860 576 τινι
895 522 1004 576 τῶν
1047 519 1282 592 εύερνῶν
1327 520 1427 588 τῆς
1471 518 1746 588 αὐξήσεως

103 675 129 685 ο
169 613 617 684 ἀναδραμούσης.
668 613 743 666 Τὸ
782 613 840 666 δὲ
880 613 1042 682 φυτὸν
1078 610 1235 664 τοῦτο
1258 604 1302 678 ᾧ
1330 611 1390 662 τὸ
1419 609 1551 678 ὕψος
1579 607 1750 675 αὐτῆς

171 703 828 775 προσεικάζεται,Αὺτὸ,
867 703 1032 773 φησὶ,
1084 703 1150 756 τὸ
1199 701 1310 770 τῆς
1354 699 1504 770 ζωῆς
1559 700 1751 766 ξύλον

155 793 362 850 ἐστιν,
391 790 420 842 ὃ
449 791 623 862 τροφὴ
643 791 740 860 μὲν
767 791 975 859 γίνεται
993 788 1117 855 τοῖς
1145 789 1590 859 ἀντεχομένοις,
1616 786 1747 840 στύ-

156 883 257 944 λος
276 882 333 935 δὲ
352 883 474 948 τοῖς
497 881 973 952 ἐπερειδομένοις
990 881 1277 951 ἀσφαλής
1296 899 1355 934 τε
1373 882 1468 936 καὶ
1482 881 1753 944 ἄσειστος.

156 973 294 1026 Νοῶ
315 975 372 1028 δὲ
393 974 464 1028 δι’
495 975 824 1045 ἀμφοτέρων
853 973 946 1028 τὸν
973 975 1200 1047 Κύριον.
1222 973 1395 1038 Αὐτὸς
1418 974 1528 1046 γάρ
1545 977 1692 1027 ἐστιν
1716 973 1752 1043 ἡ

174 1062 296 1133 ζωὴ
329 1064 423 1116 καί
449 1064 510 1116 τὸ
537 1065 788 1135 ἔρεισμα.
829 1067 977 1136 Ἔχει
1003 1067 1058 1120 δὲ
1084 1069 1117 1137 ἡ
1151 1066 1298 1132 λέξις
1324 1065 1524 1128 οὕτως·
1552 1065 1754 1118 Ξύλον

174 1151 330 1221 ζωῆς
369 1155 498 1208 ἐστι
536 1155 685 1210 πᾶσι
726 1155 849 1222 τοῖς
893 1157 1312 1226 ἀντεχομένοις
1357 1156 1574 1225 αὐτῆς,
1627 1154 1752 1227 [καὶ

171 1245 295 1306 τοῖς
322 1244 751 1315 ὲπερειδομένοις
791 1246 878 1298 ἐπ’
907 1247 1074 1316 αὐτὴν
1111 1247 1187 1310 ὼς
1219 1247 1310 1299 ἐπὶ
1340 1246 1541 1316 Κύριον
1572 1245 1751 1314 ἀσφα-

175 1333 341 1406 λής.]
372 1335 952 1407 Συμπεριλαμϐἀνεται
971 1336 1027 1389 δὲ
1053 1336 1190 1405 μετὰ
1220 1335 1328 1388 τῶν
1355 1334 1559 1388 λοιπῶν
1579 1337 1753 1402 ἐγκω-

178 1427 327 1497 μίων
366 1427 536 1496 αὐτῆς
581 1427 676 1480 καὶ
705 1429 738 1498 ἡ
769 1428 995 1498 δύναμις
1015 1467 1028 1491 ,
1078 1428 1152 1491 ὡς
1180 1426 1245 1481 ἂν
1285 1427 1372 1481 διὰ
1403 1427 1619 1481 πάντων
1645 1426 1753 1480 τῶν

171 1516 401 1584 ἀγαθῶν
439 1517 750 1589 πληρωθείη
802 1518 896 1572 τοῦ
925 1518 1152 1582 κάλλους
1181 1517 1280 1587 τῆς
1319 1517 1510 1586 σοφίας
1535 1519 1564 1571 ὁ
1596 1516 1753 1571 ἐπαι-

175 1624 293 1670 νος.
345 1609 408 1659 Ὀ
458 1608 601 1674 Θεὸς
647 1607 789 1680 γὰρ,
834 1609 997 1679 φησὶ,
1044 1609 1121 1678 τῇ
1178 1613 1363 1678 σοφίᾳ
1402 1608 1756 1678 ἐθεμελίωσε

177 1699 302 1767 τὴν
326 1699 462 1770 γῆν.
511 1701 802 1772 Ἠτοίμασε
834 1703 890 1756 δὲ
939 1703 1064 1766 τοὺς
1095 1702 1358 1773 οὐρανοὺς
1386 1704 1443 1755 sv
1475 1704 1750 1774 φρονήσει,

178 1793 280 1844 καὶ
314 1793 380 1845 τὰ
408 1793 528 1846 καθ’
561 1793 791 1847 ἕκαστον
834 1793 942 1846 τῶν
977 1796 1034 1848 ὲν
1066 1797 1131 1866 τῇ
1169 1793 1340 1847 κτίσει
1368 1792 1751 1864 θεωρουμένων

178 1883 266 1946 εἰς
285 1882 385 1952 τὴν
419 1883 517 1954 τῆς
537 1883 728 1950 σοφίας
744 1884 864 1951 ἄγει
887 1883 1133 1954 δύναμιν,
1167 1883 1547 1936 διαποικίλλων
1584 1883 1752 1952 αὐτὴν

176 1973 299 2032 τοῖς
328 1970 570 2039 ὀνόμασι.
619 1970 729 2041 Τὴν
760 1972 866 2042 γὰρ
897 1970 1063 2041 αὐτὴν
1110 1971 1200 2024 καὶ
1243 1971 1434 2039 σοφίαν
1477 1970 1622 2040 λέγει
1661 1972 1755 2025 καὶ

183 2061 426 2124 σύνεσιν,
467 2061 716 2131 αἴσθησίν
744 2079 803 2114 τε
845 2063 937 2115 καὶ
964 2061 1162 2129 γνῶσιν
1196 2063 1289 2114 καὶ
1318 2061 1529 2114 σύνεσιν
1559 2063 1651 2114 καὶ
1686 2061 1755 2115 τὰ

178 2157 432 2220 τοιαῦτα.
480 2157 638 2213 Μετὰ
677 2157 735 2210 δὲ
776 2156 948 2210 ταῦτα
991 2157 1375 2227 νυμφοστολεῖν
1414 2157 1636 2226 ἄρχεται
1665 2153 1756 2208 τὸν

180 2251 308 2302 νέον
345 2249 483 2320 πρὸς
524 2250 624 2322 τὴν
664 2248 918 2320 τοιαύτην
976 2249 1304 2318 συνοίκησιν,
1352 2249 1450 2319 ἥδη
1487 2248 1620 2318 πρὸς
1665 2247 1757 2300 τὸν

184 2341 336 2394 θεῖον
381 2341 619 2412 θάλαμον
669 2340 884 2410 βλέπειν
935 2340 1371 2410 ἐγκελευόμενος.
1414 2338 1575 2406 Λέγει
1627 2339 1756 2408 γὰρ,

177 2435 269 2487 ὅτι
299 2431 396 2500 Μὴ
439 2434 850 2503 ἐγκαταλίπῃς
899 2432 1093 2499 αὐτὴν
1125 2431 1225 2485 καὶ
1261 2430 1572 2494 ἀνθέξεταί
1605 2445 1720 2483 σου
1741 2445 1755 2460 ⁸

180 2523 474 2592 ἐράσθητι
500 2522 710 2594 αὐτῆς,
741 2525 838 2576 καὶ
860 2522 1107 2590 τηρήσει
1130 2538 1204 2576 σε
1225 2540 1237 2553 ·
1268 2521 1761 2591 περιχαράκωσον

181 2617 389 2682 αὐτὴν
435 2615 534 2669 καὶ
581 2614 813 2684 ὑψώσει
867 2629 973 2668 σε·
1012 2615 1269 2684 τίμησον
1321 2612 1515 2680 αὐτὴν
1555 2613 1656 2665 ἵνα
1686 2626 1760 2666 σε

186 2707 513 2775 περιϐάλῃο
554 2707 653 2760 ἵνα
681 2705 764 2771 δῷ
787 2705 862 2774 τῇ
889 2705 1121 2775 κορυφῇ
1152 2707 1456 2773 στέφανον
1483 2703 1758 2774 χαρίτων,

186 2797 474 2866 στεφάνῳ
521 2797 588 2850 δὲ
621 2794 848 2866 τρυφῆς
884 2798 1292 2866 ὑπερασπίσῃ.
1339 2795 1428 2848 Ἑν
1456 2793 1665 2857 τούτοις
1695 2792 1762 2865 δὴ

189 2891 307 2950 τοῖς
340 2889 619 2955 στεφάνοις
661 2887 760 2958 ἤδη
800 2888 912 2950 τοῖς
954 2889 1209 2957 γαμικοῖς
1256 2886 1472 2956 νύμφην
1527 2901 1762 2938 κατακο-

194 2979 418 3048 σμήσας
442 2977 739 3049 ἀχώριστον
768 2977 933 3048 αὐτῆς
963 2975 1100 3031 εἶναι
1129 2977 1525 3042 διακελεύεται,
1558 2976 1758 3045 λέγων·

1848 513 2179 580 germinans.
2211 510 2277 564 Ut
2302 518 2482 561 autem
2507 506 2776 574 intelligas
2802 502 2888 558 cui
2921 503 3118 570 plantae
3145 499 3413 554 assimile-

1850 611 1938 656 tur
1995 602 2115 670 ejus
2154 603 2406 662 altitudo,
2467 597 2615 666 Ipsa,
2660 596 2856 665 inquit,
2895 603 2973 648 est
3025 594 3224 662 lignum
3273 592 3412 655 vitae,

1849 695 1992 764 quod
2020 703 2102 748 est
2130 694 2347 763 quidem
2369 691 2761 745 nutrimentum
2791 688 2857 740 iis
2879 687 2966 755 qui
2997 702 3113 738 eam
3139 683 3416 752 apprehen-

1849 787 2012 847 dunt;
2046 785 2112 838 iis
2154 792 2333 838 autem
2377 782 2467 852 qui
2500 780 2814 840 innituntur,
2857 779 3105 831 columna
3142 779 3300 849 ﬁrma
3353 789 3416 828 ac

1861 875 2096 939 stabilis,
2130 882 2184 929 et
2209 889 2330 944 quae
2359 886 2468 925 non
2497 876 2674 940 potest
2701 867 2958 924 labeﬁeri.
2996 867 3101 922 Per
3126 873 3417 935 utrumque

1852 974 2034 1020 autem
2086 966 2333 1034 intelligo
2381 964 2691 1019 Dominum.
2745 965 2867 1035 ipse
2913 963 3054 1018 enim
3098 969 3181 1017 est
3209 962 3320 1015 vita
3363 969 3416 1015 et

1851 1053 2086 1108 fulcrum
2123 1069 2186 1108 ac
2215 1053 2637 1108 ﬁrmamentum.
2664 1053 2740 1107 lta
2771 1060 2952 1107 autem
2977 1051 3139 1105 habet
3162 1050 3417 1105 dictionis

1851 1157 2160 1213 contextus,
2205 1146 2427 1218 Lignum
2469 1156 2547 1200 est
2587 1147 2704 1200 vita:
2752 1144 2990 1198 omnibus
3017 1145 3105 1213 qui
3135 1144 3418 1212 apprehen-

1853 1237 1986 1290 dunt
2025 1255 2162 1292 eam.
2195 1237 2691 1308 Comprehenditur
2717 1245 2896 1290 autem
2923 1250 3044 1290 cum
3071 1235 3282 1288 caeteris
3301 1235 3418 1303 ejus

1852 1347 2070 1401 quoque
2108 1331 2360 1386 laudibus
2397 1329 2665 1399 potentia,
2711 1336 2772 1382 ut
2804 1343 2901 1397 per
2931 1327 3112 1381 omnia
3143 1327 3281 1381 bona
3321 1325 3420 1378 im-

1853 1423 2065 1492 pleatur
2102 1422 2223 1476 laus
2263 1419 2692 1490 pulchritudinis
2734 1417 3033 1488 sapientiae.
3073 1415 3214 1470 Deus
3249 1418 3418 1472 θιιὶιιι,

1854 1513 2051 1582 inquit,
2087 1514 2356 1580 sapientia
2393 1511 2634 1580 fundauit
2677 1520 2894 1566 terram.
2917 1509 3136 1565 Paravit
3175 1509 3342 1564 cmlos
3366 1509 3423 1562 in

1853 1605 2160 1673 prudentia,
2188 1611 2243 1660 et
2276 1604 2703 1674 unumquodque
2717 1619 2905 1658 eorum
2929 1619 3050 1673 qua:
3079 1602 3425 1656 consideran-

1858 1704 1946 1750 tur
1976 1695 2030 1749 in
2063 1695 2363 1758 creatione,
2389 1695 2611 1750 deducit
2631 1695 2697 1749 ad
2715 1695 2856 1749 viam
2883 1694 3184 1763 sapientiae,
3202 1708 3319 1747 eam
3342 1707 3426 1747 or-

1856 1806 1995 1846 nans
2013 1791 2180 1845 variis
2207 1791 2521 1846 nominibus
2545 1790 2819 1845 :eamdem
2844 1789 2988 1844 enim
3012 1787 3087 1841 ait
3105 1802 3226 1842 esse
3253 1795 3307 1840 ct
3338 1801 3428 1842 sa-

1855 1883 2116 1952 pientiam
2149 1889 2203 1936 et
2234 1881 2670 1952 intelligentiam,
2705 1896 2925 1936 sensum
2957 1889 3012 1934 et
3061 1879 3425 1948 cognitionem

1854 1983 1909 2028 et
1949 1973 2320 2042 prudentiam,
2365 1981 2420 2028 et
2452 1987 2572 2043 quae
2606 1982 2736 2028 sunt
2765 1971 3099 2042 hujusmodi.
3149 1969 3280 2025 Post
3313 1969 3427 2023 haec

1856 2073 2037 2119 autem
2069 2064 2266 2134 incipit
2304 2073 2566 2134 tanquam
2596 2063 3004 2134 paranymphus
3031 2061 3300 2116 deducere
3338 2061 3429 2130 ju-

1854 2173 2046 2212 venem
2097 2158 2165 2212 ad
2216 2157 2484 2227 ejusmodi
2540 2156 3031 2217 cohabitationem,
3073 2154 3138 2208 ad
3185 2152 3428 2207 divinum

1855 2250 2154 2304 thalamum
2195 2250 2307 2320 jam
2369 2249 2569 2318 jubens
2620 2247 2841 2304 intueri.
2895 2246 3038 2302 Dicit
3097 2246 3242 2302 enim
3285 2265 3299 2300 :
3351 2244 3430 2298 Ne

1857 2343 2096 2396 dimittas
2126 2359 2263 2408 eam,
2313 2353 2363 2396 et
2394 2341 2635 2396 retinebit
2668 2350 2715 2395 te
2735 2355 2755 2394 :
2803 2339 2964 2410 dilige
3010 2356 3148 2402 eam,
3182 2348 3231 2393 et
3262 2348 3430 2392 custo-

1858 2433 1965 2487 diet
2017 2444 2100 2488 te:
2133 2432 2478 2487 circumvalla
2537 2447 2674 2494 eam,
2727 2439 2775 2484 et
2826 2439 2873 2483 te
2912 2432 2968 2482 in
3012 2430 3179 2483 altum
3222 2426 3429 2481 erehet:

1859 2522 2060 2577 honora
2086 2538 2201 2575 eam
2241 2532 2298 2574 ut
2333 2531 2380 2574 te
2407 2521 2792 2589 amplectatur:
2840 2529 2897 2571 ut
2926 2521 3010 2571 det
3037 2528 3126 2570 tuo
3157 2517 3318 2585 capiti
3345 2532 3433 2568 co-

1860 2632 2046 2668 ronam
2087 2615 2406 2684 gratiarum,
2455 2630 2651 2668 corona
2675 2623 2846 2667 autem
2897 2610 3207 2665 deliciarum
3238 2617 3286 2661 te
3311 2622 3433 2675 pro-

1863 2717 2014 2778 teget.
2067 2707 2202 2760 Cum
2239 2706 2324 2761 his
2366 2707 2701 2776 nuptialibus
2735 2705 2952 2759 coronis
2999 2718 3118 2758 eam
3147 2701 3258 2770 jam
3313 2710 3434 2754 tan-

1862 2817 2024 2872 quam
2058 2816 2313 2870 sponsam
2345 2809 2614 2861 ornasset,
2648 2800 2804 2869 jubet
2835 2800 2905 2854 ab
2935 2812 2998 2852 ea
3032 2811 3310 2866 nunquam
3343 2811 3433 2850 sc-

1865 2892 2069 2962 parari,
2119 2891 2348 2946 dicens:
2390 2889 2613 2957 Quando
2647 2889 2914 2951 ambulas,
2955 2887 3057 2940 duc
3097 2903 3236 2948 eam,
3267 2895 3318 2940 et
3364 2887 3436 2940 sit

1867 2993 2057 3044 tecum;
2103 2997 2221 3035 cum
2270 2981 2520 3043 dormies,
2565 2992 2612 3034 te
2643 2979 2925 3041 custodiat,
2967 2987 3023 3031 ut
3059 2987 3225 3031 tecum
3255 2992 3435 3045 exper-

201 3070 409 3123 Ἡνίκα
453 3070 529 3124 ἂν
575 3069 902 3139 περιπατῇς
941 3068 1165 3136 ἐπάγον
1213 3069 1426 3137 αὐτὴν,
1474 3068 1572 3122 καὶ
1614 3068 1762 3139 μετὰ

1869 3085 2006 3128 recto
2036 3073 2386 3142 colloquatur.
2407 3070 2453 3102 ⁸²
2472 3067 2608 3124 Cum
2626 3071 2848 3139 perluec
2889 3077 2944 3124 et
2991 3084 3112 3137 quae
3141 3075 3267 3124 sunt
3291 3069 3439 3138 ejus-

93 3177 95 3180 ‘
189 3161 316 3214 σοῦ
345 3162 500 3214 ἐστω
520 3177 534 3190 °
558 3162 629 3226 ὠς
659 3160 710 3212 δ’
739 3159 816 3214 ἂν
839 3160 1132 3228 καθεύδῃς
1163 3158 1524 3229 φυλασσέτω
1553 3174 1645 3225 σε,
1669 3161 1769 3212 ἵνα

189 3250 548 3318 ἐγειρομένῳ
596 3248 884 3318 συλλαλῇ
941 3264 1060 3302 σοι.
1113 3251 1212 3303 Διά
1260 3249 1464 3304 τούτων
1515 3252 1608 3303 καὶ
1661 3252 1769 3304 τῶν

192 3340 457 3393 τοιούτων
488 3341 582 3393 τοῦ
612 3340 892 3404 νεὰξοντος
921 3339 1001 3392 έτι
1033 3339 1176 3393 κατὰ
1222 3341 1313 3393 τὸν
1355 3341 1462 3394 έσω
1489 3341 1771 3413 ἄνθρωπον

192 3432 260 3484 τὸ
299 3431 689 3502 ἐπιθυμητικὸν
736 3431 1066 3500 ἀναφλέξας,
1112 3432 1206 3484 καὶ
1252 3431 1420 3502 αὐτὴν
1465 3433 1678 3502 ὲκείνην
1703 3434 1772 3486 τὰ

201 3521 334 3591 περ).
363 3521 560 3590 ἑαυτῆς
588 3520 946 3591 διηγουμένην
978 3521 1261 3586 ὑποδείξας
1295 3521 1371 3592 τῷ
1398 3521 1570 3593 λόγῳ,
1594 3522 1658 3576 δι’
1697 3518 1772 3578 ὧν

203 3612 442 3682 μάλιστα
465 3613 560 3682 τὴν
581 3613 927 3682 ἀγαπητικὴν
951 3614 1132 3683 σχέσιν
1159 3615 1267 3669 τῶν
1296 3616 1599 3668 ἀκουόντων
1627 3617 1775 3684 ἐφέλ-

201 3722 392 3769 κεται,
438 3703 595 3756 τοῦτο
639 3703 777 3775 μετά
814 3705 922 3758 τῶν
968 3706 1142 3759 ἄλλων
1178 3706 1437 3770 εἰποῦσα,
1489 3707 1571 3760 ὅτι
1629 3707 1775 3777 Ἐγὼ

199 3795 349 3861 τοὺς
394 3797 498 3864 ἐμὲ
547 3796 873 3864 φιλοῦντας
929 3797 1155 3867 ἀγαπῶ.
1201 3799 1263 3851 Ἢ
1316 3799 1425 3870 γὰρ
1476 3798 1629 3860 ἐλπὶς
1681 3799 1773 3852 τοῦ

198 3885 653 3957 ἁνταγαπηθῆναι
698 3887 1052 3958 σφοδρότερον
1083 3890 1162 3951 είς
1193 3887 1487 3958 ἐπιθυμίαν
1522 3888 1611 3943 τὸν
1649 3890 1776 3961 ὲρα-

199 3978 340 4049 στὴν
371 3979 638 4049 διατίθησι
657 3997 669 4010 ο
696 3981 788 4033 καὶ
818 3981 955 4049 μετά
983 3981 1188 4051 τούτων
1221 3981 1314 4044 τάς
1345 3980 1537 4045 λοιπὰς
1557 3982 1776 4050 ἐπάγων

201 4069 542 4139 συμϐουλίας
574 4071 633 4122 ἐν
671 4071 1058 4139 ἀποφαντικοῖς
1085 4089 1194 4125 τισι
1228 4074 1320 4124 καὶ
1347 4073 1776 4145 ἁπεριγράπτοις

200 4162 322 4222 τοῖς
351 4160 765 4230 ἀποφθέγμασι,
810 4163 903 4214 καὶ
953 4165 1032 4225 είς
1077 4162 1411 4234 τελειοτέραν
1460 4163 1570 4229 ἕξιν
1617 4166 1776 4218 αὑτὸν

203 4250 454 4320 ἀγαγὼν,
500 4246 618 4304 εἶτα
653 4253 785 4322 πρὸς
818 4255 928 4316 τοῖς
958 4253 1284 4317 τελευταίοις
1311 4253 1417 4307 τῶν
1466 4255 1776 4326 Παροιμιῶν

207 4342 529 4412 μακαρίσας
581 4341 783 4413 ταύτην
833 4343 932 4412 τὴν
982 4344 1189 4416 ἀγαθὴν
1243 4343 1536 4414 συζυγίαν,
1587 4349 1644 4398 ἐν
1697 4342 1778 4409 οἷς

1874 3165 2043 3225 modi,
2074 3165 2194 3234 ejus
2215 3166 2306 3235 qui
2330 3172 2415 3220 est
2440 3163 2620 3217 adhuc
2643 3162 2862 3230 juvenis
2890 3161 3187 3217 secundum
3215 3160 3440 3216 interio-

1871 3275 1983 3314 rem
2018 3259 2314 3318 hominem.
2357 3254 2748 3310 inﬂammasset
2775 3251 3147 3323 cupiditatem,
3195 3259 3251 3306 et
3293 3252 3437 3304 illam

1872 3351 2044 3420 ipsam
2077 3364 2174 3404 sua
2209 3354 2523 3402 narrantem
2548 3345 2794 3398 oratione
2821 3342 3169 3405 ostendisset,
3201 3357 3300 3412 per
3320 3357 3440 3411 quae

1873 3440 2106 3493 maxime
2129 3437 2356 3491 attrahit
2379 3435 2690 3490 dilectionis
2707 3434 3019 3488 auditorum
3046 3433 3438 3495 habitudinem,

1873 3528 1977 3582 hoc
2011 3544 2134 3582 cum
2188 3527 2312 3582 aliis
2347 3525 2537 3580 dicens
2581 3543 2596 3578 :
2637 3523 2748 3594 Ego
2770 3524 3042 3594 diligentes
3072 3541 3151 3578 me
3179 3523 3339 3594 diligo
3365 3523 3440 3584 ⁸³;

1873 3635 1999 3689 spes
2030 3620 2174 3673 enim
2220 3632 2327 3686 qua
2361 3624 2617 3686 speratur
2664 3615 2781 3668 lore
2814 3622 2873 3668 ut
2907 3615 3240 3675 redamctur.
3288 3631 3442 3668 ama-

1876 3723 2046 3766 torem
2079 3709 2376 3764 ardentiori
2407 3707 2572 3762 allicit
2616 3707 2920 3762 desiderio:
2958 3718 3159 3761 etcum
3197 3707 3282 3761 his
3317 3708 3443 3762 reli-

1874 3820 1981 3874 qua
2009 3802 2323 3857 adduxisset
2354 3799 2607 3861 consilia,
2647 3799 2701 3853 in
2727 3799 3051 3868 quibusdam
3083 3798 3244 3854 dictis
3269 3815 3443 3854 enun-

1877 3896 2109 3952 tiatoriis
2143 3901 2196 3947 et
2220 3893 2442 3946 minime
2473 3891 2927 3960 circumscriptis,
2957 3899 3012 3946 et
3041 3907 3163 3946 eum
3195 3892 3261 3946 ad
3291 3891 3445 3945 habi-

1877 3995 1991 4040 tum
2023 3983 2340 4038 deduxisset
2367 3983 2768 4052 perfectiorem,
2797 3991 2850 4037 et
2876 3983 3069 4038 deinde
3097 3984 3150 4037 in
3182 3982 3286 4038 line
3313 3982 3445 4036 Pro-

1877 4072 2186 4126 verbiorum
2217 4072 2624 4138 pronuntiasset
2655 4085 2778 4126 esse
2806 4071 3016 4125 beatam
3051 4071 3193 4126 hanc
3215 4073 3444 4141 conjun-

1877 4165 2132 4226 ctionem,
2185 4161 2405 4230 quando
2452 4161 2699 4216 mulieris
2736 4160 2883 4216 illius
2931 4161 3089 4217 fortis
3124 4171 3443 4232 persecutus

1877 4262 1960 4308 est
1989 4251 2259 4312 encomia,
2291 4259 2420 4303 tunc
2454 4249 2701 4319 adjungit
2734 4249 2880 4303 illam
2913 4265 3032 4319 ane
3059 4259 3144 4305 est
3180 4251 3233 4304 in
3255 4249 3443 4306 Eccle-

1880 4344 2047 4398 siaste
2078 4339 2500 4408 philosophiam,
2547 4347 2604 4391 ut
2637 4339 2728 4408 qui
2769 4354 2866 4408 per
2908 4339 3304 4407 proverbialem
3357 4339 3446 4391 in-

201 4433 454 4503 διεξῆλθε
481 4435 550 4486 τὰ.
577 4435 676 4504 τῆς
701 4435 947 4505 ἀνδρείας
980 4437 1232 4504 γυναικὸς
1264 4437 1476 4508 ἐκείνης
1504 4436 1765 4507 ἐγκώμια1

1880 4433 2217 4489 stitutionem
2258 4431 2392 4485 satis
2438 4430 2835 4484 introduxisset
2864 4431 2931 4481 ad
2973 4428 3301 4482 desiderium
3333 4429 3446 4483 vir-

201 4523 332 4574 τότε
359 4521 676 4592 προστίθησι
697 4523 793 4593 τὴν
812 4527 868 4576 ὲν
900 4523 978 4593 τῷ
1012 4525 1407 4597 Ἐκκλησιαστῇ
1441 4525 1777 4595 φιλοσοφίαν,

204 4614 288 4682 τῷ
337 4612 506 4681 ἱκανῷ
542 4612 628 4664 διὰ
656 4613 756 4683 τῆς
800 4613 1198 4685 παροιμιώδους
1226 4615 1448 4684 ἀγωγῆς
1486 4617 1781 4686 εἰσηγησαο

208 4708 362 4778 μένῳ
392 4708 473 4770 είς
519 4706 615 4778 τὴν
642 4707 751 4759 τῶν
793 4708 998 4778 ἀρετῶν
1027 4707 1343 4778 ἐπιθυμίαν.
1377 4707 1487 4760 Καὶ
1514 4708 1782 4760 διαὸαλὼν

204 4803 266 4852 ἐν
302 4799 478 4869 τούτῳ
516 4798 592 4868 τῷ
634 4797 774 4868 λόγῳ
801 4799 899 4868 τὴν
952 4801 1080 4870 περὶ
1117 4799 1187 4852 τὰ
1216 4799 1516 4869 φαινόμενα
1551 4799 1660 4852 τῶν
1689 4800 1783 4852 ἀν-

206 4891 448 4961 θρώπων
497 4893 705 4960 σχέσιν,
762 4893 853 4944 καὶ
895 4893 1120 4962 μάταιον
1171 4891 1340 4945 εἰπὼν
1387 4886 1526 4944 εἶναι
1577 4893 1683 4944 πᾶν
1721 4892 1782 4944 τὸ

204 4981 482 5037 ἀστατοῦν
525 4999 584 5035 τε
624 4984 716 5035 καὶ
746 4983 1184 5053 παρερχόμενον,
1240 4984 1298 5035 ὲν
1342 4977 1422 5045 οἷς
1467 5000 1665 5054 φησιν,
1697 4984 1781 5036 ὅτι

203 5075 329 5127 Πᾶν
360 5073 422 5126 τὸ
459 5073 821 5143 ἐπερχόμενον
856 5069 1178 5142 ματαιότης·
1217 5069 1543 5144 ὑπερτίθησι
1584 5075 1782 5137 παντὸς

205 5162 306 5217 τοῦ
328 5161 396 5212 δι’
424 5162 724 5231 αἰσθήσεως
753 5159 1300 5231 καταλαμϐανομένου
1328 5161 1425 5232 τὴν
1456 5163 1781 5235 ὲπιφυτικὴν

203 5254 312 5322 τῆς
337 5251 511 5320 ψυχῆς
540 5251 694 5320 ἡμῶν
732 5249 942 5320 κίνησιν
976 5251 1066 5303 ἐπὶ
1097 5251 1158 5303 τὸ
1179 5251 1407 5321 ἀόρατον
1432 5251 1652 5315 κάλλος⁸
1690 5255 1782 5305 καὶ

204 5337 383 5400 οὕτως
435 5337 743 5410 ἐκκαθάρας
781 5335 880 5406 τὴν
916 5335 1141 5406 καρδίαν
1188 5335 1287 5406 τῆς
1338 5337 1466 5407 περὶ
1506 5336 1574 5389 τὰ
1601 5337 1782 5406 φαινό-

209 5446 352 5498 μενα
395 5429 650 5498 σχέσεως,
682 5430 802 5482 τότε
824 5428 911 5482 διὰ
940 5429 1034 5482 τοῦ
1064 5429 1340 5500 ¹’ᾼςςματος
1371 5429 1478 5484 τῶν
1519 5431 1778 5502 ᾀσμάτων

288 5715 336 5749 ⁶¹
360 5717 522 5772 Prov.
550 5731 622 5784 tv,
656 5716 711 5783 6,
737 5733 856 5787 sqq.
936 5717 979 5748 ⁸³
1002 5713 1164 5770 Prov.
1201 5731 1319 5785 vin,
1355 5714 1443 5770 l7.

1881 4534 2058 4578 tutum
2081 4541 2093 4576 :
2126 4530 2179 4576 et
2209 4537 2331 4575 cum
2361 4523 2414 4575 in
2442 4536 2507 4576 eo
2535 4521 2672 4574 libro
2700 4520 3138 4590 reprehendisset
3165 4521 3445 4574 hominum

1882 4613 1949 4667 ad
1978 4614 2030 4667 id
2069 4613 2214 4682 quod
2270 4619 2495 4682 apparet
2543 4609 2939 4674 habitudinem,
2995 4620 3050 4664 et
3092 4626 3292 4664 vanum
3327 4625 3450 4664 esse

1882 4706 2112 4761 dixisset
2139 4704 2405 4774 quidquid
2434 4713 2518 4758 est
2547 4704 2800 4759 instabile
2827 4712 2881 4759 et
2911 4704 3208 4769 transiens,
3237 4704 3446 4768 dicens,

1884 4796 2155 4866 Quidquid
2202 4795 2350 4849 venit
2392 4802 2476 4850 est
2518 4796 2768 4849 vanitas:
2822 4795 3045 4849 cuilibet
3094 4795 3236 4865 quod
3286 4810 3450 4850 sensu

1883 4885 2383 4956 comprehenditur,
2425 4883 2642 4954 praefert
2685 4885 2987 4939 naturalem
3024 4886 3218 4940 animae
3249 4895 3450 4940 nostra:

1885 4979 2178 5033 motionem
2221 4975 2290 5029 ad
2341 4975 2803 5044 pulchritudinem
2855 4991 2974 5045 qua:
3004 4991 3112 5029 non
3159 4975 3301 5030 cadit
3347 4979 3452 5030 sub

1883 5075 2186 5137 aspectum.
2239 5064 2452 5119 Etcum
2500 5065 2580 5118 sic
2616 5080 2711 5118 cor
2748 5073 3106 5135 cxpurgasset
3132 5067 3199 5118 ab
3233 5067 3454 5120 habitu-

1883 5159 2012 5211 dine
2044 5170 2165 5226 quaa
2195 5163 2277 5209 est
2315 5153 2380 5207 ad
2411 5153 2463 5207 id
2509 5155 2651 5223 quod
2684 5161 2927 5224 apparet,
2980 5161 3110 5207 tunc
3141 5169 3236 5223 per
3264 5155 3454 5208 Canti-

1887 5262 2010 5303 cum
2045 5248 2388 5301 canticorum
2433 5247 2663 5316 mystice
2718 5245 3024 5299 introduxit
3065 5246 3452 5315 cogitationem

1889 5341 1954 5393 ad
1987 5338 2172 5393 divina
2201 5339 2398 5410 adyta:
2433 5338 2487 5391 in
2518 5337 2718 5408 quibus
2749 5336 2801 5390 id
2833 5335 3052 5406 quidem
3082 5337 3224 5404 quod
3258 5335 3454 5390 inscri-

1886 5431 2058 5495 bitur,
2085 5437 2170 5486 est
2206 5439 2503 5501 apparatus
2542 5429 2838 5503 nuptialis:
2876 5427 2928 5483 id
2973 5434 3150 5481 autem
3189 5428 3332 5496 quod
3370 5430 3457 5484 in-
