3846 6220
373 243 499 314 ’τη

1641 260 1700 316 S.
1741 255 2075 316 GREGORII
2113 257 2407 316 NYSSENI

3569 87 3797 306 ml

399 371 682 442 telligitur,
712 377 797 426 est
841 370 1094 427 humanae
1138 373 1336 428 animae
1368 387 1493 428 cum
1526 373 1637 430 Deo
1668 382 1982 445 contempe-

2089 374 2234 438 ἐντὸς
2260 373 2367 427 τῶν
2389 372 2548 427 θείων
2571 371 2778 426 ἀδύτων
2811 371 3163 441 μυσταγωγεῖ
3184 368 3283 439 τήν
3309 367 3561 422 διάνοιαν
3577 381 3591 392 ·
3616 368 3666 417 ἐν

398 462 561 518 ratio.

468 734 763 802 Propterea
789 751 838 791 ts
865 742 950 791 est
985 750 1225 805 sponsus
1251 739 1345 807 qui
1378 738 1431 791 in
1458 736 1777 796 Proverbiis
1801 745 1984 798 nomi-

398 838 562 882 natur
609 827 775 894 tilius,
826 838 880 882 et
913 829 1180 898 sapientia
1229 829 1408 883 locum
1457 839 1604 886 tenet
1649 848 1887 902 sponsae,
1922 844 1983 890 ut

398 920 512 975 Deo
541 921 705 975 homo
744 921 1112 990 desponsetur
1145 930 1299 975 easta
1347 924 1522 992 virgo,
1564 934 1618 978 et
1654 924 1763 981 Deo
1804 929 1984 998 agglu-

396 1012 604 1067 tinatus
657 1011 750 1066 fiat
799 1027 943 1066 unus
977 1013 1225 1082 spiritus,
1286 1028 1383 1083 per
1416 1018 1979 1086 contemperationem

398 1118 522 1157 cum
553 1118 621 1158 eo
642 1103 789 1173 quod
821 1112 907 1158 est
941 1104 1009 1157 ab
1039 1104 1264 1159 interitu
1301 1105 1540 1160 alienum
1570 1115 1625 1162 et
1657 1109 1979 1178 impatibile,

398 1194 467 1248 de
493 1195 642 1263 gravi
675 1209 842 1248 carne
865 1194 1090 1250 effectus
1121 1211 1259 1266 pura
1283 1197 1662 1268 intelligentia.
1691 1200 1827 1255 Cum
1852 1219 1983 1274 ergo

400 1285 474 1338 sit
521 1299 643 1353 qua:
683 1283 929 1353 loquitur
967 1286 1257 1355 sapientia,
1313 1288 1478 1358 dilige
1523 1298 1788 1360 quantum
1828 1304 1983 1363 potes

397 1392 465 1430 ex
497 1383 612 1431 toto
645 1376 812 1432 corde
845 1386 898 1432 et
927 1379 1057 1433 totis
1089 1378 1322 1443 viribus,
1356 1383 1686 1452 concupisce
1715 1395 1982 1455 quantum

397 1479 554 1538 potes
579 1483 798 1538 capere.
825 1469 982 1523 Addo
1007 1477 1189 1525 autem
1221 1471 1484 1528 audacter
1512 1474 1597 1529 his
1620 1490 1836 1546 quoque
1857 1493 1981 1532 ver-

399 1560 506 1624 bis,
539 1561 697 1614 Ama.
739 1557 927 1628 Neque
954 1560 1100 1613 enim
1133 1561 1550 1630 reprehensioni
1581 1572 1667 1620 est
1693 1565 1892 1631 aliinis,
1929 1575 1984 1621 et

398 1659 485 1706 est
533 1651 853 1722 impatibilis
889 1653 944 1706 in
985 1655 1328 1724 incorporeis
1361 1655 1477 1710 haec
1508 1656 1746 1721 affectio,
1795 1667 1855 1714 ut
1891 1675 1982 1713 sa-

400 1747 606 1817 pientia
655 1746 788 1800 dicit
819 1749 872 1800 in
921 1746 1256 1813 Proverbiis,
1286 1749 1354 1804 de
1397 1765 1584 1806 amore
1621 1750 1823 1807 divina:
1862 1753 1982 1822 pul-

399 1838 734 1894 chritudinis
779 1839 950 1908 legem
983 1837 1186 1894 ferens.
1224 1839 1331 1895 Sed
1362 1841 1563 1895 similia
1594 1858 1816 1913 quoque
1844 1858 1984 1913 prai—

399 1930 542 2000 eepit
569 1930 706 1985 liber
737 1945 884 1984 nunc
916 1931 1256 2000 propositus,
1289 1948 1397 1987 non
1429 1933 1498 1988 de
1522 1935 1627 1989 hoc
1658 1935 1866 1990 nudum
1901 1949 1983 1990 so-

399 2022 680 2077 lummodo
702 2021 936 2078 aﬂ'erens
960 2024 1251 2078 consilium
1278 2042 1291 2077 :
1323 2026 1419 2080 sed
1449 2042 1544 2095 per
1574 2041 1776 2082 arcana
1814 2028 1984 2097 philo-

400 2114 692 2184 sophatur,
719 2114 787 2168 iis
809 2129 932 2182 quae
951 2109 1349 2185 intelliguntur,
1376 2118 1752 2185 conjecturam
1775 2118 1983 2176 faciens

399 2205 686 2275 cujusdam
714 2205 968 2272 imaginis
989 2221 1177 2261 eorum
1200 2223 1322 2277 quae
1347 2209 1582 2275 iucunda
1609 2219 1737 2264 sunt
1765 2211 1819 2265 in
1846 2211 1981 2279 vita,

401 2295 470 2349 ad
495 2296 879 2351 constituenda
907 2297 1184 2368 dogmata.
1227 2298 1410 2370 Imago
1437 2309 1619 2356 autem
1644 2312 1729 2356 est
1756 2303 1980 2373 quidam

401 2396 699 2458 apparatus
735 2391 1014 2460 nuptialis,
1063 2391 1121 2446 in
1159 2407 1270 2462 quo
1305 2395 1598 2449 intercedit
1645 2395 1980 2450 desiderium

399 2479 858 2549 pulchritudinis,
877 2497 987 2536 non
1013 2482 1254 2538 humano
1280 2500 1432 2540 more
1455 2501 1660 2556 sponso
1689 2488 1984 2557 incipiente

402 2574 575 2628 teneri
620 2573 915 2639 desiderio,
959 2576 1054 2631 sed
1095 2591 1357 2645 sponsum
1386 2579 1540 2650 virgo
1574 2581 1835 2648 praevenit
1865 2581 1986 2636 sine

399 2667 624 2730 rubore,
675 2681 834 2721 suum
871 2667 927 2722 in
974 2667 1254 2738 publicum
1309 2668 1596 2740 proferens
1626 2670 1982 2736 desiderium,

399 2764 456 2812 et
478 2757 531 2811 in
555 2759 694 2814 votis
718 2758 925 2815 habens
957 2767 1015 2812 ut
1046 2759 1102 2812 in
1125 2760 1431 2816 osculando
1453 2777 1660 2832 sponso
1691 2761 1986 2832 aliquando

404 2865 463 2904 se
515 2851 770 2906 oblectet.
808 2850 944 2904 Nam
993 2853 1252 2921 quoniam
1291 2853 1419 2908 boni
1469 2869 1685 2924 sponsae
1725 2856 1982 2927 pronubi,

401 2939 750 3009 patriarchae,
774 2947 828 2995 et
852 2941 1150 3010 prophetae,
1171 2950 1226 2997 et
1254 2942 1619 3014 legislatores,
1640 2945 1824 3000 divina
1843 2946 1984 3001 dona

2079 460 2160 530 ὁῖς
2187 466 2246 519 τὸ
2269 465 2366 536 μὲν
2393 465 2861 535 ὑπογραφόμενον,
2889 461 3246 532 ἐπιθαλάμιός
3280 463 3364 524 τίς
3395 463 3521 512 ἐστι
3560 460 3669 512 δια-

2083 558 2269 630 σκευὴ,
2316 559 2378 611 τὸ
2419 558 2464 610 δ’
2505 555 2854 628 ἐννοούμενον
2894 557 2993 626 τῆς
3037 553 3386 626 ἀνθρωπίνης
3425 553 3667 622 ψυχῆςή

2082 652 2218 722 πρὸς
2246 650 2306 702 τὸ
2337 649 2490 703 Θεῖόν
2514 651 2664 702 ἐστιν
2691 649 3010 719 ἀνάκρασις.

2152 743 2250 798 Διά
2274 742 2432 796 τοῦτο
2467 742 2699 812 νυμφίος
2735 741 2764 794 ὁ
2799 741 2857 792 ἐν
2895 741 3013 802 ταῖς
3042 735 3372 808 Παροιμίαις
3409 732 3672 802 ὀνομάζει

2081 854 2173 889 ται
2205 836 2339 899 υίὸς,
2371 835 2465 889 καὶ
2491 836 2524 904 ἡ
2557 833 2717 902 σοφία
2754 833 2833 895 είς
2855 829 3072 900 νύμφης
3097 827 3247 893 τάξιν
3274 825 3672 895 ἀντιμεθίστα-

2083 947 2193 994 ται,
2224 928 2312 982 ἴνα
2357 925 2697 999 μνηστευσθῇ
2731 923 2807 993 τῷ
2839 923 2958 993 Θεῷ
2985 924 3014 975 ὁ
3038 920 3325 991 ἄνθρωπος
3355 919 3502 987 ἀγνῆ
3528 934 3674 986 παρα

2086 1021 2260 1084 θένος,
2287 1022 2381 1074 καὶ
2421 1019 2700 1090 κολληθεὶς
2734 1016 2813 1086 τῷ
2842 1018 3034 1087 Κυρίῳ
3065 1015 3288 1082 γένηται
3324 1011 3557 1080 πνεῦμα
3591 1011 3668 1070 ἒν,

2085 1110 2172 1164 διὰ
2194 1111 2295 1181 τῆς
2316 1111 2453 1181 πρὸς
2479 1109 2539 1163 τὸ
2565 1109 2839 1180 ἀκήρατόν
2867 1125 2918 1158 τι
2946 1105 3041 1160 καὶ
3069 1103 3278 1166 ἀπαθὲς
3308 1102 3675 1172 ἀνακράσεως

2086 1203 2262 1272 νόημα
2330 1199 2570 1270 καθαρὸν
2631 1197 2754 1252 ἀντὶ
2805 1196 3006 1267 σαρκὸς
3072 1193 3293 1264 βαρείας
3351 1192 3670 1261 γενόμενον.

2099 1289 2315 1361 Ἐπειδὴ
2365 1289 2543 1343 τοίνυν
2592 1287 2753 1357 σοφία
2786 1286 2930 1366 ἐςτιν
2977 1286 3012 1354 ὴ
3067 1283 3334 1345 λαλοῦσα,
3382 1282 3674 1350 ἀγάπησον

2086 1384 2208 1436 ὅσον
2232 1382 2452 1435 δύνασαι
2485 1379 2545 1445 ἐξ
2571 1380 2699 1448 ὅλης
2733 1377 2959 1448 καρδίας
2995 1392 3056 1428 τε
3087 1375 3180 1428 καὶ
3206 1374 3521 1442 δυνάμεως,
3558 1373 3674 1423 ἐπι-

2087 1475 2330 1546 θύμησον
2373 1475 2497 1526 ὅσον
2541 1473 2756 1543 χωρεῖς.
2793 1467 3132 1539 Προστίθημι
3171 1466 3227 1518 δὲ
3275 1463 3507 1538 θαρρῶν
3564 1465 3669 1525 τοῖς

2089 1568 2295 1637 ῥήμασι
2342 1564 2569 1628 τούτοις,
2609 1563 2703 1616 καὶ
2745 1557 3538 1630 τὺ,Ἐράσθητι.Ἀνέγκλητον
3566 1555 3669 1624 γὰρ

2086 1659 2244 1713 τοῦτο
2269 1659 2362 1712 καὶ
2373 1656 2580 1720 ἀπαθές
2596 1655 2689 1708 ἐπὶ
2712 1654 2821 1707 τῶν
2843 1652 3150 1722 ἀσωμάτων
3183 1649 3244 1702 τὸ
3267 1648 3466 1711 πάθος,
3491 1647 3670 1709 καθώς

2085 1768 2246 1821 φησιν
2276 1752 2309 1821 ή
2341 1750 2502 1817 σοφία
2537 1749 2595 1801 ἐν
2618 1750 2738 1810 ταῖς
2760 1745 3108 1817 Παροιμίαις,
3139 1742 3232 1796 τοῦ
3261 1741 3410 1794 θείου
3442 1741 3668 1802 κάλλους

2083 1843 2446 1916 νομοθετοῦσα
2467 1842 2556 1894 τὸν
2583 1841 2781 1912 ἔρωτα.
2809 1838 2969 1892 Ἀλλὰ
2995 1838 3090 1891 καὶ
3115 1838 3143 1890 ὁ
3169 1834 3264 1888 νῦν
3303 1835 3670 1903 προκείμενος

2083 1938 2239 2006 λόγος
2261 1937 2329 1990 τά
2351 1931 2445 1989 ἴσα
2467 1933 2878 1999 διακελεύεται,
2907 1932 2970 1984 ού
2997 1929 3208 2000 γυμνὴν
3247 1928 3347 1998 τὴν
3377 1927 3516 1996 περὶ
3547 1925 3672 1978 τού-

2083 2048 2175 2084 του
2205 2028 2512 2100 συμδουλὴν
2538 2026 2856 2099 προσάγων,
2889 2022 3026 2077 ἀλλὰ
3057 2022 3125 2074 δι’
3157 2021 3495 2091 ἀπορρήτων
3529 2019 3674 2088 φιλο-

2086 2123 2270 2189 σοφεῖ,
2305 2123 2419 2183 τοῖς
2461 2121 2729 2190 νοήμασιν
2754 2117 2937 2170 είκόνα
2975 2114 3096 2167 τινὰ
3125 2113 3234 2165 τῶν
3273 2111 3418 2165 κατά
3443 2110 3542 2164 τὸν
3567 2110 3676 2180 βίον

2085 2212 2359 2290 ἡδέωνείς
2379 2211 2477 2282 τὴν
2499 2210 2607 2264 τῶν
2623 2209 2908 2278 δογμάτων
2933 2206 3135 2259 τούτων
3160 2202 3520 2273 κατασκευὴν
3546 2219 3677 2272 προ-

2091 2305 2445 2376 στησάμενος.
2487 2303 2551 2355 'H
2577 2301 2633 2354 δὲ
2663 2299 2826 2354 εἰκὼν
2855 2299 3066 2369 γαμική
3095 2297 3175 2360 τίς
3198 2298 3313 2349 ἐστι
3331 2295 3674 2362 κατασκευὴ,

2089 2397 2146 2448 ἐν
2234 2394 2460 2456 κάλλους
2503 2391 2766 2461 ἐπιθυμία
2810 2387 3077 2460 μεσιτεύει
3109 2386 3186 2456 τῷ
3217 2384 3370 2456 πόθῳ
3391 2425 3406 2447 ,
3431 2385 3499 2437 οὐ
3536 2384 3676 2436 κατὰ

2086 2494 2186 2563 τὴν
2211 2489 2556 2562 ἀνθρωπίνην
2575 2485 2862 2556 συνήθειαν
2880 2482 2973 2536 τοῦ
3001 2482 3232 2552 νυμφίου
3251 2480 3352 2549 τῆς
3375 2478 3674 2553 ἐπιθυμίας

2087 2582 2476 2653 κατάρξαντος,
2510 2579 2645 2634 ἀλλά
2672 2576 3041 2650 προλαμϐάνει
3071 2575 3160 2629 τὸν
3187 2572 3422 2644 νυμφίον
3461 2573 3497 2642 ἡ
3533 2587 3673 2641 παρ-

2087 2675 2237 2738 θένος
2281 2672 2723 2742 ἀνεπαισχύντως
2772 2670 2864 2723 τὸν
2903 2668 3066 2721 πόθον
3099 2664 3546 2737 δημοσιεύουσα,
3581 2663 3674 2714 καὶ

2087 2763 2252 2833 εὐχὴν
2298 2763 2590 2832 ποιουμένη
2633 2759 2726 2812 τοῦ
2769 2756 3041 2830 νυμφικοῦ
3076 2773 3204 2810 ποτε
3249 2753 3672 2823 κατατρυφῆσαι

2088 2857 2409 2927 φιλήματος.
2463 2853 2680 2924 Ἐπειδὴ
2719 2852 2829 2923 γὰρ
2880 2853 2929 2905 οἱ
2989 2849 3183 2919 ἀγαθοὶ
3233 2847 3332 2918 τῆς
3400 2846 3671 2919 παρθένου

2089 2949 2529 3021 προμνήστορες,
2575 2945 2909 3016 πατριάρχαι
2960 2960 3020 2996 τε
3069 2941 3164 2995 καὶ
3208 2941 3527 3011 προφῆται,
3585 2940 3669 2992 καὶ

402 3047 618 3102 sponsae
660 3033 979 3097 attulerunt,
1018 3049 1141 3103 quae
1184 3035 1362 3091 Graeci
1399 3038 1577 3093 solent
1611 3053 1810 3094 vocare
1838 3039 1983 3106 ἓδνα,

2089 3039 2375 3112 νομοθέται
2421 3037 2770 3108 προσήγαγον
2812 3038 2878 3107 τῇ
2930 3031 3383 3105 μεμνηστευμένῃ
3434 3032 3509 3085 τὰ
3555 3031 3672 3085 θεῖα

403 3125 478 3178 ita
501 3125 844 3178 nominantes
872 3125 1201 3182 donationes
1223 3137 1350 3182 ante
1380 3132 1621 3200 nuptias;
1659 3129 1774 3186 haec
1800 3139 1982 3186 autem

401 3223 532 3271 sunt
564 3217 815 3270 remissio
839 3217 1189 3283 delictorum,
1218 3220 1424 3277 oblivio
1450 3223 1744 3285 malorum,
1775 3223 1987 3293 peccati

401 3307 630 3372 ablatio,
673 3316 884 3363 natura:
918 3310 1357 3378 transformatio,
1409 3315 1530 3381 ejus
1575 3315 1631 3369 in
1661 3314 1808 3386 quod
1841 3315 1989 3370 cadit

401 3399 686 3462 interitus,
740 3399 795 3454 in
849 3400 902 3454 id
943 3402 997 3456 in
1039 3402 1188 3472 quod
1219 3419 1328 3458 non
1364 3404 1536 3462 cadit.
1576 3405 1987 3470 transmutatio,

403 3492 615 3548 delicia
659 3493 922 3562 paradisi,
970 3497 1125 3566 regni
1179 3496 1442 3568 dignitas.
1499 3498 1682 3552 laetitia
1729 3515 1851 3569 quae
1879 3499 1988 3558 line

403 3591 575 3640 caret.
609 3584 746 3639 Cum
783 3585 897 3641 haec
935 3603 1071 3658 ergo
1113 3587 1299 3642 divina
1327 3589 1471 3644 dona
1501 3591 1654 3660 virgo
1683 3591 1988 3661 accepisset

404 3689 437 3728 a
471 3676 749 3745 praeclaris
786 3679 1200 3749 paranymphis,
1231 3687 1286 3734 et
1317 3679 1516 3735 fatetur
1544 3681 1900 3744 desiderium,
1932 3693 1987 3738 et

404 3769 629 3825 festinat
683 3772 790 3827 frui
843 3774 1014 3843 gratia
1067 3774 1496 3843 pulchritudinis
1534 3774 1657 3844 ejus
1693 3790 1853 3845 quem
1892 3775 1986 3830 de-

404 3861 629 3916 siderat.
666 3861 796 3916 Eam
844 3865 1157 3920 auscultant
1203 3866 1450 3935 quaedam
1485 3865 1535 3920 ei
1588 3865 1888 3920 familiares
1932 3879 1987 3922 et

403 3960 562 4006 aetate
599 3968 781 4022 pares,
826 3969 1086 4025 sponsam
1122 3955 1416 4012 incitantes
1446 3956 1513 4010 ad
1546 3956 1726 4026 majus
1772 3955 1985 4012 deside-

404 4044 569 4097 rium.
627 4042 853 4100 Accedit
905 4047 1069 4102 etiam
1131 4062 1369 4117 sponsus
1419 4048 1698 4104 adducens
1752 4048 1981 4102 chorum

401 4135 763 4206 quorumdam
809 4137 1111 4192 amicorum
1146 4147 1200 4194 et
1234 4139 1410 4195 eidem
1442 4148 1744 4210 gratorum.
1783 4139 1822 4193 li
1856 4149 1986 4195 sunt

403 4236 586 4281 autem
614 4226 1073 4284 administratorii
1114 4230 1362 4301 spiritus,
1407 4245 1507 4299 per
1531 4247 1671 4302 quos
1695 4239 1984 4286 servantur

403 4316 678 4383 homines,
709 4325 804 4371 aut
837 4320 1013 4374 sancti
1040 4321 1339 4391 prophetae,
1376 4323 1467 4392 qui
1504 4323 1692 4393 sponsi
1725 4338 1858 4377 voce
1886 4338 1984 4376 au-

2089 3132 2422 3204 χαρίσματα,
2453 3127 2597 3200 άπερ
2623 3127 2748 3181 ἕδνα
2781 3126 2936 3180 καλεῖ
2962 3127 2996 3196 ἡ
3028 3123 3304 3192 συνήθεια,
3329 3121 3402 3174 τὰ
3426 3121 3538 3192 πρὸ
3566 3121 3673 3173 τῶν

2088 3223 2279 3293 γάμων
2297 3220 2444 3292 δῶρα
2473 3218 2614 3272 οὕτω
2642 3217 3106 3286 κατονομάζουσα.
3141 3213 3325 3266 Ταῦτα
3351 3211 3409 3265 δὲ
3435 3206 3508 3281 ἦν
3542 3212 3662 3278 ἀφε·

2091 3331 2173 3377 σις
2228 3294 2726 3382 παραπτωμάτων,
2778 3306 3082 3378 ἀμνηστεία
3120 3304 3335 3366 κακῶν,
3392 3302 3670 3372 ἁμαρτίας

2087 3405 2396 3475 ἀναίρεσις,
2450 3400 2929 3473 μεταστοιχείωσις
2985 3397 3232 3466 φύσεως.
3274 3393 3370 3448 τοῦ
3428 3393 3672 3464 φθαρτοῦ

2087 3497 2224 3566 πρὸς
2265 3493 2326 3546 τὺ
2362 3492 2637 3564 ἀφθαρτον
2673 3489 3061 3562 μεταποίησις,
3099 3486 3426 3558 παραδείσου
3450 3484 3672 3556 τρυφὴ,

2089 3584 2366 3655 βασιλείας
2413 3583 2662 3653 ἀξίωμα,
2715 3580 3021 3653 εὐφροσύνη
3090 3578 3240 3641 τέλος
3288 3577 3391 3630 οὐκ
3446 3576 3672 3646 ἔχουσα.

2087 3673 2271 3728 Ταῦτα
2298 3673 2474 3727 τοίνυν
2503 3673 2536 3742 ἠ
2560 3669 2828 3741 παρθένος
2853 3668 3120 3740 δεξαμένη
3144 3667 3212 3720 τὰ
3233 3665 3349 3718 θεῖα
3368 3665 3675 3735 δωρήματα

2086 3765 2238 3836 παρά
2261 3765 2370 3817 τῶν
2398 3763 2577 3816 καλῶν
2604 3761 2922 3832 ἐδνοφόρων,
2956 3759 3063 3812 τῶν
3085 3758 3172 3811 διὰ
3198 3756 3298 3826 τῆς
3321 3755 3675 3828 προφητικῆς

2085 3855 2431 3918 διδασκαλίας
2465 3856 2602 3926 αὐτῇ
2626 3852 3084 3925 προσαγαγόντων
3114 3849 3180 3902 τὰ
3208 3849 3354 3920 δῶρα
3373 3887 3388 3906 ,
3416 3848 3514 3901 καὶ
3539 3849 3676 3917 ὁμο-

2087 3948 2234 4016 λογεῖ
2254 3946 2353 4015 τὴν
2389 3944 2714 4014 ἐπιθυμίαν,
2747 3942 2841 3996 καὶ
2873 3940 3189 3996 ἐπισπεύδει
3222 3939 3321 4010 τὴν
3348 3938 3530 4009 χάριν,
3567 3938 3672 4008 ήδη

2085 4039 2184 4108 τῆς
2198 4037 2346 4107 ὥρας
2365 4035 2455 4088 τοῦ
2471 4034 2804 4104 ποθουμένου
2828 4033 3250 4103 καπατρυφῆσαι
3270 4028 3672 4093 σπουδάζουσα.

2100 4129 2428 4202 Ἀκροῶνται
2459 4127 2630 4195 αὐτῆς
2669 4125 2915 4196 συνήθεις
2943 4125 3086 4186 τινὲς
3117 4124 3212 4176 καὶ
3239 4121 3502 4192 ὁμήλικες
3532 4121 3676 4191 πρὸς

2091 4225 2312 4294 μείζονα
2335 4222 2436 4292 τὴν
2471 4219 2690 4290 νύμφην
2706 4217 3003 4288 ἐπιθυμίαν
3028 4214 3444 4286 διερεθίζουσαι.
3479 4214 3676 4284 Παρα-

2087 4316 2295 4384 γίνεται
2316 4312 2371 4366 δὲ
2395 4312 2489 4365 καὶ
2512 4312 2540 4363 ὁ
2563 4309 2794 4380 νυμφίος
2811 4349 2826 4373 ,
2865 4309 3036 4378 φίλων
3073 4307 3223 4378 αὐτῷ
3249 4324 3413 4360 τινων
3445 4306 3542 4359 καὶ
3569 4324 3673 4359 κα-

402 4407 539 4472 dita,
567 4409 822 4462 laetantur
869 4417 925 4463 et
956 4411 1233 4491 exsultant
1260 4412 1331 4466 ob
1364 4427 1557 4482 puram
1589 4420 1643 4467 et
1667 4413 1735 4466 ab
1762 4412 1983 4465 interitu

2089 4407 2366 4476 ταθυμίων
2389 4404 2547 4476 χορὸν
2567 4403 2926 4471 ἐπαγόμενος.
2954 4393 3117 4454 Οὗτοι
3145 4401 3191 4454 δ’
3218 4400 3282 4454 ἄν
3303 4401 3441 4452 εἰσιν
3460 4400 3530 4451 τά
3556 4399 3672 4452 λει-

404 4497 638 4551 alienam
699 4513 820 4567 quae
871 4513 1287 4584 consummatur
1353 4502 1820 4572 eonjunctionem,
1889 4517 1985 4571 per

402 4603 564 4658 quam
602 4589 780 4642 anima
811 4589 922 4644 Deo
959 4593 1250 4663 conjuncta
1283 4593 1342 4648 fit
1369 4610 1514 4649 unus
1562 4595 1810 4665 spiritus,
1839 4595 1983 4649 sicut

402 4681 534 4735 dicit
558 4683 850 4750 Apostolus
882 4683 948 4736 “.
1009 4703 1012 4706 ’

2088 4498 2353 4569 τουργικά
2379 4495 2688 4565 πνεύματα,
2721 4494 2789 4547 δι’
2815 4487 2889 4546 ὧν
2920 4495 2972 4547 οἱ
3015 4493 3289 4564 ἀνθρωττοι
3321 4491 3605 4555 σώζονται,
3632 4491 3669 4562 ῆ

2088 4595 2136 4646 οἱ
2163 4589 2436 4662 προφῆται
2457 4589 2504 4640 οἱ
2535 4588 2703 4656 ἅγιοι,
2729 4586 2779 4641 οἳ
2805 4587 2900 4657 τῆς
2927 4585 3110 4655 φωνῆς
3135 4583 3228 4637 τοῦ
3249 4583 3482 4655 νυμφίου
3508 4585 3674 4636 ἀκού-

2092 4699 2316 4746 σαντες,
2362 4679 2609 4752 χαίρουσί
2649 4695 2709 4731 τε
2751 4678 2844 4732 καὶ
2881 4677 3203 4746 ἀγάλλονται
3246 4679 3347 4746 τῆς
3385 4677 3668 4746 ἀκηράτου

403 4771 662 4839 συζυγίας
696 4771 1108 4846 ἁρμοζομένης,
1155 4776 1220 4829 δι’
1249 4773 1317 4850 ἧς
1351 4779 1382 4849 ἡ
1413 4779 1728 4850 κολλωμένη
1754 4776 1834 4848 τῷ
1889 4778 2078 4849 Κυρίῳ
2103 4774 2271 4845 ψυχὴ,
2303 4771 2361 4826 ἓν
2392 4769 2610 4841 πνεῦμα
2669 4769 2912 4839 γίνεται,
2980 4767 3165 4832 καθώς
3199 4784 3365 4836 φησιν
3436 4768 3464 4820 ὁ
3501 4768 3669 4822 Ἀπό-

401 4865 605 4928 στολος.

471 4955 686 5011 Rursus
719 4957 904 5026 itaque
937 4957 992 5010 in
1018 4956 1332 5016 Proverbiis
1359 4970 1603 5031 repetam
1631 4964 1936 5017 orationem
1959 4977 2001 5015 :.

400 5046 569 5102 Nemo
598 5062 729 5117 ergo
756 5048 1261 5117 perturbationibus
1279 5052 1448 5105 animi
1477 5053 1755 5108 obnoxius
1779 5061 1834 5108 et
1853 5069 1977 5108 car-

398 5142 562 5203 nalis,
592 5141 791 5196 veteris
829 5141 1069 5197 hominis
1108 5151 1385 5199 mortuum
1419 5145 1602 5200 adhuc
1634 5147 1790 5201 olens
1840 5145 1978 5200 feto-

397 5247 536 5296 rem,
574 5233 639 5286 ad
677 5233 952 5288 belluinas
995 5236 1180 5290 trahat
1212 5236 1449 5305 ineptias
1488 5238 1752 5294 divinitus
1805 5238 1980 5308 inspi-

399 5331 644 5377 ratarum
691 5325 1095 5380 sententiarum
1154 5340 1220 5380 ac
1267 5328 1558 5382 verborum
1617 5327 1980 5396 signiﬁcatio-

2157 4968 2324 5021 Πάλιν
2373 4967 2550 5019 τοίνυν
2587 4960 2650 5017 ἐν
2691 4969 2816 5026 ταῖς
2861 4959 3190 5032 Παροιμίαις
3243 4961 3671 5036 ἐπαναλήψομαι

2084 5061 2176 5114 τὸν
2202 5061 2359 5127 λόγον
2385 5076 2398 5090 ο
2441 5056 2532 5130 Μή
2582 5074 2664 5120 τις
2714 5053 2966 5124 ἐμπαθὴς
2995 5055 3090 5106 καὶ
3119 5053 3430 5125 σαρκώδης,
3465 5054 3548 5108 ἔτι
3571 5060 3674 5128 τῆς

2085 5155 2285 5224 νεκρᾶς
2307 5150 2396 5204 τοῦ
2423 5147 2650 5202 παλαιοῦ
2667 5145 2956 5218 ἀνθρώπου
2980 5145 3241 5208 δυσωδίας
3263 5145 3505 5210 ἀπόζων,
3531 5152 3674 5222 πρὸς

2085 5244 2182 5306 τὰς
2205 5241 2494 5312 κτηνὼδεις
2518 5239 2739 5308 ἀλογίας
2768 5237 3122 5308 κατασυρὲτω
3153 5236 3254 5300 τὰς
3276 5237 3386 5290 τῶν
3412 5239 3674 5295 θεοπνεύο

2084 5352 2226 5388 στων
2289 5334 2575 5405 νοημάτων
2625 5349 2682 5384 τε
2746 5331 2842 5384 καὶ
2895 5329 3155 5400 ῥημάτων
3195 5329 3507 5398 ἐμφάσεις·
3551 5333 3670 5386 ἀλλ’

398 5430 533 5470 nes:
573 5417 667 5471 sed
697 5419 1084 5488 unusquisque
1117 5422 1280 5489 ipsea
1313 5419 1498 5490 seipse
1520 5421 1817 5485 excedens,
1853 5435 1978 5474 cum

2089 5424 2249 5486 ἐκϐὰς
2286 5423 2514 5485 ἕκαστος
2540 5420 2705 5484 αὐτὸς
2736 5419 2953 5482 ἑαυτοῦ,
2990 5418 3085 5471 καὶ
3110 5417 3214 5482 ἔξω
3241 5417 3338 5472 τοῦ
3364 5419 3554 5474 ὑλικοῦ
3580 5426 3673 5477 κὸ-

399 5505 564 5562 fuerit
587 5516 742 5562 extra
766 5511 1032 5565 mundum
1056 5513 1422 5578 materialem,
1464 5522 1517 5568 et
1545 5528 1642 5584 per
1698 5513 1977 5583 impetibi-

475 5685 520 5716 “
543 5685 745 5751 Ephes.
776 5702 850 5749 tv.
881 5687 937 5742 4.

2087 5532 2226 5586 σμου
2253 5515 2562 5585 γενόμενος,
2598 5514 2691 5566 καὶ
2717 5509 3041 5578 ἐπανελθὼν,
3057 5510 3258 5581 τρόπον
3280 5512 3403 5567 τινὰ
3430 5513 3498 5568 δι’
3526 5517 3674 5571 ἁπα-
