3846 6220
171 295 286 350 773

1206 287 1270 343 ΙΝ
1299 282 1595 342 CANTICA
1636 279 1913 338 CANTIC.
1957 281 2244 337 llOMlLlA
2284 282 2324 336 l.

3337 283 3439 339 771

171 415 334 478 θείας
387 414 467 476 εἰς
532 413 623 465 τὸν
679 411 1040 482 παράδεισον,
1108 409 1200 462 καὶ
1245 409 1333 463 διὰ
1381 407 1752 478 καθαρότητος

1882 404 2068 458 itatem
2103 404 2512 474 quodammodo
2542 404 2770 460 redierit
2807 406 2860 460 in
2899 404 3236 475 paradisum,
3267 413 3320 459 et
3347 422 3442 476 per

166 502 465 575 ὁμοιωθεὶς
493 501 568 572 τῷ
595 501 712 571 Θεῷ
732 517 744 529 ·
768 499 941 564 οὕτως
971 501 1062 552 ἐπὶ
1083 501 1142 553 16
1168 500 1358 554 ἄδυτον
1384 499 1490 552 τῶν
1527 515 1758 569 προφαι-

169 594 422 664 νομένων
476 593 607 661 ἡμῖν
658 589 746 643 διὰ
790 590 885 643 τοῦ
947 590 1150 660 βιϐλίου
1192 589 1381 642 τούτου
1446 587 1758 660 μυστηρίων

172 685 447 756 χωρείτω.
477 685 541 737 Εί
581 683 638 737 δέ
685 701 826 737 τισιν
867 682 1360 753 άπαρασκεύαστὸς
1388 682 1535 734 ἐστιν
1563 678 1758 749 ἡψυχὴ

171 777 318 848 πρὸς
347 777 446 847 τὴν
493 775 748 846 τοιαύτην
779 776 1062 846 ἀκρόασιν,
1085 774 1372 828 ἀκουσάτω
1393 773 1487 825 τοῦ
1517 771 1760 833 Μωσέως

172 870 620 939 νομοθετοῦντος,
652 868 726 939 μὴ
757 867 1169 938 κατατολμῆσαι
1205 868 1302 938 τῆς
1335 867 1426 920 ἐπὶ
1446 867 1508 920 τὸ
1541 866 1665 936 ὄρος
1699 865 1760 917 τὸ

174 961 550 1031 πνευματικὸν
599 960 935 1024 ἀναϐάσεως,
981 961 1110 1032 πρὶν
1149 959 1348 1013 πλῦναι
1381 959 1488 1011 τῶν
1522 957 1760 1030 καρδιῶν

172 1053 340 1123 ἡμῶν
385 1053 454 1106 τά
484 1052 717 1123 ’ίμάτια,
760 1054 856 1107 καὶ
883 1055 992 1115 τοῖς
1018 1054 1320 1123 καθήκουσι
1348 1053 1456 1104 τῶν
1484 1050 1761 1122 λογισμῶν

176 1144 670 1216 περιρραντηρίοις
696 1144 795 1208 τὰς
820 1143 997 1216 ψυχὰς
1018 1144 1446 1214 ἀφαγνίσασθαι.
1477 1145 1639 1195 Ὥστε
1665 1141 1762 1197 νῦν

176 1239 240 1290 ἐν
269 1231 316 1306 ᾧ
350 1239 525 1309 χρόνῳ
558 1237 995 1310 προσεδρεύομεν
1037 1240 1104 1308 τῇ
1143 1237 1345 1310 θεωρίᾳ
1373 1236 1564 1308 ταύτῃ,
1590 1235 1763 1307 λήθην

175 1327 291 1381 τῶν
320 1329 571 1398 γαμικῶν
603 1329 890 1399 νοημάτων
921 1328 1270 1399 ποιήσασθαι,
1297 1328 1437 1382 κατᾶ
1466 1329 1526 1380 16
1553 1327 1764 1396 παράγ-

176 1421 362 1492 γελμα
398 1421 491 1474 τοῦ
513 1422 812 1485 Μωῦσέως,
835 1421 929 1474 τοῦ
954 1419 1281 1492 καθαρεύειν
1308 1420 1416 1474 ἀπὸ
1434 1419 1545 1474 τῶν
1569 1420 1764 1490 γάμων

175 1511 312 1573 τοὺς
370 1509 933 1581 μυσταγωγουμένους
987 1510 1489 1582 νομοθετήσαντος·
1539 1511 1634 1563 καὶ
1674 1509 1765 1564 διά

177 1602 404 1656 πάντων
437 1602 729 1657 ἀναλαϐεῖν
756 1598 910 1673 οἶμαι
929 1603 1037 1656 δεῖν
1067 1605 1213 1674 ἡμᾶς
1251 1603 1319 1657 τὰ
1351 1603 1446 1656 τοῦ
1469 1603 1762 1675 νομοθέτου

180 1697 603 1767 προστάγματα,
676 1695 968 1767 μέλλοντας
1024 1696 1370 1768 προσϐαίνειν
1401 1696 1477 1767 τῷ
1516 1715 1761 1766 πνευμα-

177 1789 325 1858 τικῷ
373 1790 472 1858 τῆς
522 1789 849 1857 θεογνωσίας
872 1790 1007 1860 ὄρει,
1049 1791 1107 1842 ἐν
1139 1783 1183 1856 ᾧ
1211 1790 1271 1843 τὸ
1317 1790 1450 1862 θῆλυ
1476 1789 1632 1858 γένος
1656 1789 1766 1843 τῶν

178 1877 462 1948 λογισμῶν
495 1879 630 1948 μετὰ
659 1883 754 1945 τῆς
780 1879 971 1948 ὑλικῆς
987 1880 1297 1951 ἀποσκευῆς
1316 1879 1395 1951 τῷ
1421 1880 1572 1933 κάτω
1593 1897 1766 1934 κατα-

160 1973 432 2032 ¹λείπεται
465 1971 585 2042 βίῳ.
646 1973 760 2026 Πᾶν
784 1973 840 2025 δὲ
878 1973 1071 2041 ἄλογον
1093 1973 1291 2044 νόημα,
1321 1975 1369 2026 εί
1407 1975 1532 2044 περὶ
1567 1973 1628 2026 τὸ
1653 1990 1766 2027 τοι-

183 2064 345 2118 οῦτον
378 2066 504 2136 ὅρος
527 2065 742 2135 ὀφθείη,
770 2069 880 2130 τοῖς
914 2068 1286 2139 στερῥοτέροις
1311 2067 1613 2138 λογισμοῖς,
1657 2064 1768 2121 οἷόν

181 2175 299 2211 τισι
323 2157 490 2222 λίθοις
510 2159 955 2227 καταφονεύεται.
981 2161 1151 2224 Μόλις
1180 2161 1286 2232 γὰρ
1321 2161 1385 2214 ἂν
1418 2160 1562 2214 οὕτω
1587 2160 1772 2231 χωρή-

192 2266 389 2319 σαιμεν
418 2250 516 2319 τὴν
536 2235 717 2319 φωνὴν
741 2250 840 2318 τῆς
870 2249 1168 2322 σάλπιγγος
1183 2249 1408 2319 ταύτης,
1436 2249 1577 2320 μέγα
1597 2267 1650 2303 τι
1677 2251 1772 2303 καὶ

189 2340 432 2405 ἐξαίσιον
465 2341 559 2393 καὶ
585 2341 725 2411 ὑπὲρ
747 2340 846 2412 τὴν
873 2340 1101 2412 δύναμιν
1124 2340 1232 2394 τῶν
1275 2341 1582 2411 δεχομένων
1607 2341 1774 2412 ἠχού-

191 2449 316 2501 σης,
355 2435 421 2503 ἣν
446 2432 606 2496 αὐτὸς
634 2435 663 2486 6
700 2432 897 2502 γνόφος
920 2433 1021 2504 τῆς
1050 2434 1316 2502 ἀσαφείας
1350 2434 1621 2505 προΐεται,
1653 2437 1709 2488 ὲν
1729 2427 1775 2502 ᾧ

188 2527 346 2578 ἐστιν
399 2526 427 2577 6
476 2525 628 2588 Θεὸς,
659 2525 687 2577 ὁ
726 2525 787 2579 16
834 2527 1017 2580 ὑλικὸν
1067 2527 1213 2582 ἅπαν
1265 2528 1359 2580 ἐπὶ
1389 2527 1481 2580 τοῦ
1530 2528 1773 2580 τοιούτου

190 2617 357 2688 ὅρους
402 2616 480 2688 τῷ
539 2619 670 2690 πυρὶ
703 2618 1080 2687 καταερλέγων.
1109 2619 1246 2688 Ἤδη
1297 2620 1479 2672 τοίνυν
1499 2620 1650 2685 ἐντὸς
1681 2620 1774 2674 τοῦ

206 2710 392 2778 Ἀγίου
413 2709 517 2763 τῶν
543 2710 716 2783 άγίων
740 2710 1049 2780 γενώμεθα,
1079 2713 1215 2782 ὅπερ
1238 2714 1356 2765 ἐστὶ
1385 2713 1444 2766 τὸ
1461 2709 1652 2785 τᾼσμα
1669 2713 1776 2768 τῶν

191 2802 480 2872 ᾀσμάτων.
514 2802 600 2866 Ὠς
630 2802 736 2873 γὰρ
761 2809 820 2863 ἐν
835 2804 912 2876 τῷ
932 2803 1094 2875 Ἀγίῳ
1120 2805 1229 2859 τῶν
1249 2805 1420 2867 ἁγίων
1437 2805 1778 2875 πλεονασμόν

193 2910 320 2947 τινα
345 2894 442 2947 καὶ
471 2893 724 2948 ἐπίτασιν
745 2897 842 2965 τῆς
875 2896 1160 2964 ἁγιότητος
1183 2896 1384 2966 διάτῆς
1413 2896 1777 2969 ύπερθετικῆς

193 2985 403 3057 ταύτης
427 2988 608 3057 φωνῆς
639 2986 999 3060 διδασκόμεθα
1019 3005 1033 3018 ·
1057 2987 1201 3042 οὕτω
1221 2991 1316 3044 καὶ
1337 2990 1425 3043 διὰ
1452 2989 1544 3044 τοῦ
1562 2993 1776 3062 ’ᾼσμα-

1863 497 2162 564 puritatem
2223 496 2337 550 Deo
2397 497 2598 552 similis
2655 500 2913 561 evaserit,
2956 499 3028 552 ita
3063 497 3322 566 procedat
3376 497 3445 551 ad

1862 591 2084 660 adytum
2118 591 2536 660 mysteriorum,
2573 605 2697 660 quae
2729 593 2784 644 in
2831 590 2939 644 hoc
2981 596 3245 660 apparent
3278 589 3444 642 libro.

1861 681 2020 747 Quod
2065 683 2111 736 si
2145 683 2212 736 ad
2256 682 2369 736 hac
2407 682 2679 736 audienda
2723 683 2798 738 sit
2836 683 3112 752 aliquibus
3144 683 3447 750 imparatus

1863 776 2104 836 animus,
2139 774 2329 829 audiat
2358 774 2564 829 Mosem
2598 775 2714 845 lege
2742 786 3053 842 caventem,
3091 790 3162 829 ne
3193 774 3262 827 ad
3288 790 3447 827 mon-

1865 873 1972 920 tem
2011 867 2359 936 spiritualem
2389 865 2695 921 audeamus
2741 868 3066 932 ascendere,
3122 866 3447 936 priusquam

1864 957 2116 1014 cordium
2145 966 2464 1014 nostrorum
2505 959 2806 1015 laverimus
2837 953 3190 1022 vestimenta,
3217 967 3272 1014 et
3313 974 3449 1014 con-

1864 1051 2215 1106 venientibus
2283 1051 2684 1121 cogitationum
2759 1052 3178 1123 aspersionibus
3233 1052 3448 1108 animas

1864 1143 2296 1214 expiaverimus.
2329 1143 2696 1209 Quamobrem
2727 1159 2895 1207 nunc,
2942 1144 3072 1198 dum
3104 1145 3158 1198 in
3189 1145 3290 1198 hac
3316 1143 3451 1197 assi-

1865 1236 2059 1291 demus
2103 1235 2590 1305 contemplatione,
2642 1236 2902 1290 existimo
2934 1242 3184 1305 oportere
3230 1233 3452 1304 nuptia-

1864 1327 1998 1381 lium
2028 1326 2278 1382 oblivisci
2299 1328 2720 1398 cogitationum,
2761 1327 3155 1381 convenienter
3176 1332 3450 1396 praecepto

1866 1419 2058 1486 Mosis,
2091 1421 2185 1490 qui
2210 1422 2326 1492 lege
2354 1421 2518 1478 cavit,
2549 1428 2607 1473 ut
2645 1420 2742 1490 qui
2774 1420 3129 1474 initiarentur
3149 1418 3448 1490 mysteriis,

1866 1513 1990 1583 puri
2015 1520 2250 1572 essenta
2276 1513 2481 1583 nuptiis
2501 1531 2515 1565 :
2534 1521 2588 1567 et
2615 1512 2672 1565 in
2704 1511 2964 1574 omnibus
2997 1511 3279 1580 suscipere
3309 1524 3454 1579 prae-

1867 1613 2024 1674 cepta
2050 1599 2384 1674 legislatoris
2413 1619 2510 1659 eos
2531 1604 2625 1673 qui
2657 1610 2787 1656 sunt
2823 1601 3139 1672 processuri
3177 1583 3246 1654 ad
3291 1597 3453 1667 spiri-

1866 1698 2074 1751 tualem
2119 1703 2360 1751 montem
2411 1695 2592 1764 legis,
2652 1695 2706 1748 in
2757 1711 2868 1764 quo
2907 1693 3233 1747 femininum
3277 1704 3453 1760 genus

1868 1787 2262 1858 cogitationum
2319 1801 2444 1840 cum
2485 1794 2752 1855 apparatu
2805 1783 3074 1838 materiali
3123 1781 3455 1850 relinquitur

1869 1884 1925 1939 in
1970 1883 2087 1937 vita
2147 1881 2420 1936 inferiori.
2475 1881 2696 1947 Quaavis
2742 1887 2926 1933 autem
2967 1877 3201 1932 rationis
3253 1890 3455 1944 expers

1869 1975 2072 2031 mentis
2112 1975 2426 2044 conceptio,
2459 1975 2506 2028 si
2540 1974 2594 2026 in
2627 1974 2733 2026 hoc
2768 1979 2955 2026 monte
2983 1971 3099 2025 visa
3140 1969 3333 2031 fuerit,
3379 1967 3451 2020 ri-

1871 2071 2180 2140 gidioribus
2229 2069 2686 2140 cogitationibus,
2722 2067 2891 2121 veluti
2935 2065 3266 2136 quibusdam
3319 2063 3480 2135 lapi-A

1871 2161 2052 2225 dibus,
2094 2159 2407 2215 occidetur.
2435 2157 2574 2212 Nam
2600 2157 2682 2212 sic
2710 2156 2930 2226 quidem
2964 2155 3054 2208 vix
3112 2152 3456 2207 audierimus

1872 2267 2062 2308 vocem
2096 2252 2263 2322 hujus
2290 2251 2452 2314 tubae,
2488 2265 2612 2321 qua:
2641 2264 2899 2320 magnum
2946 2255 3000 2302 et
3042 2246 3202 2300 valde
3246 2245 3456 2298 miran-

1873 2346 2005 2401 dum
2045 2345 2162 2400 edit
2194 2346 2462 2411 sonitum,
2507 2355 2563 2399 et
2594 2358 2762 2414 supra
2797 2344 2948 2398 vires
2978 2357 3168 2397 eorum
3192 2341 3284 2410 qui
3328 2354 3457 2394 sus-

1875 2438 2108 2507 cipiunt,
2159 2453 2324 2506 quam
2363 2436 2571 2492 emittit
2611 2438 2730 2506 ipsa
2774 2436 2956 2505 caligo
3003 2433 3362 2488 obscuritatis
3401 2431 3457 2485 in

1875 2547 1982 2602 qua
2013 2539 2099 2587 est
2130 2529 2298 2594 Deus,
2326 2531 2421 2600 qui
2466 2531 2592 2600 igne
2628 2529 2908 2584 comburit
2953 2527 3218 2599 quidquid
3264 2535 3349 2582 est
3399 2527 3456 2580 in

1877 2623 1983 2677 hoc
2047 2629 2234 2676 monte
2281 2620 2555 2690 particeps
2587 2627 2848 2674 materne.
2869 2617 2986 2672 Jam
3015 2635 3146 2689 ergo
3179 2617 3460 2688 ingredia-

1878 2731 2002 2769 mur
2020 2708 2282 2767 Sanctum
2313 2723 2657 2775 sanctorum,
2707 2711 2856 2781 quod
2886 2711 3107 2780 quidem
3145 2719 3230 2766 est
3271 2711 3461 2765 Canti-

1878 2824 2005 2867 cum
2035 2807 2401 2862 canticorum.
2427 2805 2548 2872 Quo
2573 2803 2738 2860 modo
2769 2805 2916 2859 enim
2951 2804 3005 2857 in
3025 2805 3223 2861 Sancto
3240 2811 3462 2859 sancto-

1879 2918 2002 2960 rum
2031 2901 2297 2957 docemur
2331 2898 2626 2970 quamdam
2666 2897 3058 2953 abundantiam
3104 2907 3157 2953 et
3195 2898 3464 2953 intensio-

1879 3011 2004 3051 nem
2032 2993 2343 3051 sanctitatis
2379 3007 2476 3062 per
2513 2990 2657 3046 hanc
2681 3006 2870 3046 vocem
2913 2991 3303 3060 superlativum
3336 3011 3347 3045 :
3386 2993 3461 3046 ita

193 3099 287 3145 τος
333 3080 443 3133 τῶν
491 3080 772 3152 ᾀσμάτων,
833 3080 1147 3152 μυστηρίων
1192 3083 1466 3153 μυστήρια
1498 3083 1771 3136 διδάσκειν

1882 3088 2044 3144 etiam
2064 3102 2158 3157 per
2177 3084 2466 3141 Canticum
2499 3084 2858 3148 canticorum,
2882 3083 3143 3153 mysteria
3172 3085 3465 3155 mysterio-

193 3176 346 3245 ἡμᾶς
375 3175 405 3226 6
432 3173 633 3245 ὑψηλὸς
683 3173 837 3243 λόγος
869 3175 1390 3242 κατεπαγγέλλεται.
1422 3174 1640 3228 Πολλῶν
1669 3174 1778 3247 γὰρ

193 3268 390 3330 ὄντων,
430 3267 573 3321 κατά
599 3267 700 3336 τὴν
716 3266 1072 3320 θεόπνευστον
1093 3267 1441 3321 διδασκαλίαν
1459 3268 1570 3321 τῶν
1599 3269 1780 3339 ᾀσμά-

193 3379 330 3424 των,
358 3361 426 3414 δι’
462 3354 539 3414 ὧν
591 3360 660 3413 τά
723 3359 933 3429 μεγάλα
977 3359 1222 3429 νοήματα
1263 3357 1624 3430 διδασκόμεθα
1651 3361 1780 3432 περὶ

196 3449 358 3512 Θεού,
384 3452 536 3523 παρά
566 3470 626 3505 τε
660 3452 756 3506 τοῦ
800 3451 1036 3523 μεγάλου
1069 3453 1254 3514 Δαὸὶδ,
1288 3453 1382 3506 καὶ
1415 3453 1658 3514 Ἡσαΐου,
1687 3453 1781 3506 καὶ

198 3546 502 3610 Μωῡσέως,
530 3545 624 3598 καὶ
669 3543 843 3598 ἄλλων
879 3543 1088 3596 πολλῶν
1111 3560 1127 3576 ·
1164 3543 1324 3598 τοῦτο
1345 3544 1500 3615 παρὰ
1532 3544 1634 3613 τῆς
1659 3547 1781 3598 ὲπι-

200 3639 419 3708 γραῳῆς
441 3636 644 3706 ταύτης
678 3635 1040 3706 μανθάνομεν,
1063 3637 1144 3688 ὅτι
1172 3636 1294 3688 ὅσον
1321 3635 1515 3706 ἀπέχει
1543 3635 1653 3688 τῶν
1682 3634 1782 3704 τῆς

200 3732 311 3798 ἔξω
338 3730 528 3798 σοφίας
556 3731 817 3802 ᾀσμάτων
838 3729 945 3782 τῶν
979 3729 1147 3798 ἁγίων
1166 3727 1278 3800 [τὰ]
1294 3726 1790 3800 ᾄσματα,τοσοῦτον

203 3825 532 3894 ὑπέρκειται
587 3822 696 3876 τῶν
731 3822 903 3891 ἀγίων
953 3823 1212 3893 ᾀσμάτων
1260 3821 1321 3874 τὸ
1351 3823 1408 3873 ἐν
1429 3820 1508 3891 τῷ
1543 3821 1781 3892 ’ᾼσματι

201 3917 315 3970 τῶν
343 3917 604 3988 ᾀσμάτων
633 3916 946 3986 μυστήριον.
968 3908 1042 3968 υῦ
1058 3913 1117 3966 1:6
1144 3913 1306 3966 πλέον
1333 3914 1410 3975 εἰς
1434 3913 1781 3982 κατανόησιν,

203 4007 330 4061 οὕτε
387 4010 585 4078 εὑρεῖν,
627 4006 771 4061 οὔτε
810 4006 1059 4077 χωρῆσαι
1113 4006 1146 4075 ἡ
1203 4004 1523 4076 ἀνθρωπίνη
1561 4004 1784 4058 δύναται

204 4101 345 4170 ἀκοὴ
396 4101 493 4154 καὶ
546 4100 728 4168 φύσις.
765 4099 874 4150 Καὶ
917 4097 1107 4150 τούτου
1134 4098 1292 4169 χάριν
1328 4095 1388 4148 16
1428 4096 1784 4166 σφοδρότατον

203 4195 317 4248 τῶν
340 4194 462 4247 καθ’
494 4193 687 4264 ἡδονὴν
722 4191 1127 4261 ἐνεργουμένων
1159 4190 1321 4261 (λέγω
1351 4190 1414 4261 δή
1441 4189 1500 4242 τὸ
1528 4188 1785 4260 ἐρωτικὸν

205 4289 402 4358 πάθος)
432 4288 530 4358 τῆς
553 4287 664 4339 τῶν
687 4283 971 4355 δογμάτων
997 4284 1325 4354 ὑφηγήσεως
1369 4279 1786 4351 αἰνιγματωδῶς

206 4382 586 4453 προεστήσατο
613 4395 625 4408 ⁸
653 4379 740 4431 ἵνα
773 4378 861 4430 διὰ
891 4376 1085 4430 τούτου
1123 4376 1404 4446 μάθωμεν,
1444 4375 1526 4428 ὅτι
1552 4374 1658 4444 χρὴ
1687 4373 1786 4442 τὴν

205 4474 386 4544 ψυχὴν
427 4471 564 4543 πρὸς
594 4471 656 4524 τὸ
706 4471 996 4540 ἀπρόσιτον
1040 4470 1138 4541 τῆς
1181 4469 1330 4532 θείας
1357 4467 1571 4538 φύσεως
1596 4464 1788 4527 κάλλος

207 4564 647 4631 ἐνατενίζουσαν,
695 4562 948 4617 τοσοῦτον
985 4551 1139 4634 Δἐριξίν
1177 4563 1407 4625 ἐκεῖνον,
1437 4563 1560 4614 ὅσον
1594 4561 1706 4631 ἔχει
1729 4559 1790 4612 16

209 4659 375 4726 σῶμα
427 4657 526 4728 τὴν
561 4656 744 4726 σχέσιν
793 4653 931 4726 πρὸς
970 4654 1034 4706 τὸ
1067 4655 1325 4722 συγγενὲς
1362 4654 1458 4707 καὶ
1495 4652 1788 4724 ὁμόφυλον,

211 4749 649 4819 μετενεγκοῦσαν
697 4748 777 4810 είς
822 4746 1090 4801 ἀπάθειαν
1114 4747 1174 4799 16
1214 4746 1402 4810 πάθος,
1433 4746 1572 4800 ὥστε
1610 4747 1791 4816 πάσης

208 4839 682 4910 κατασϐεσθείσης
743 4825 1062 4910 σωματικῆς
1116 4837 1448 4902 διαθέσεως,
1515 4839 1660 4909 μόνῳ
1713 4836 1792 4908 τῷ

208 4933 486 5004 πνεύματι
517 4932 661 4997 ζέειν
717 4931 997 5002 ἐρωτικῶς
1031 4931 1089 4982 ἐν
1119 4932 1252 5000 ἡμῖν
1284 4929 1383 5000 τὴν
1425 4929 1684 4990 διάνοιαν,
1706 4929 1793 4981 διά

207 5025 304 5080 τοῦ
359 5024 532 5095 πυρὸς
563 5024 772 5076 ἐκείνου
823 5022 1281 5095 θερμαινομένην,
1309 5021 1338 5074 ὃ
1367 5021 1546 5088 βαλεῖν
1579 5021 1672 5073 ὲπί
1691 5019 1791 5091 τὴν

210 5115 318 5183 γῆν
354 5108 518 5183 ἦλθεν
541 5112 570 5163 ὁ
600 5111 817 5184 Κύριος.

298 5295 463 5349 Ἀλλά
481 5295 656 5349 ταῦτα
687 5296 804 5366 μὲν,
832 5296 981 5359 ὅπως
1012 5296 1117 5367 χρὴ
1161 5295 1464 5350 διακεῖσθαι
1495 5297 1593 5368 τὴν
1624 5296 1801 5367 ψυχὴν

210 5390 324 5443 τῶν
365 5389 647 5460 μυστικῶν
696 5391 956 5461 ῥημάτων
1005 5391 1330 5453 ἀκουόντων,
1398 5390 1594 5454 ἱκανῶς
1653 5392 1798 5461 ἔχειν

213 5483 398 5553 φημίο
454 5481 646 5553 καιρὸς
705 5482 761 5535 δὲ
811 5481 878 5534 ἂν
917 5481 1000 5553 εἴη
1045 5484 1139 5537 καὶ
1184 5483 1354 5546 αὑτὰς
1379 5485 1475 5548 τὰς
1511 5484 1662 5548 θείας
1701 5485 1796 5538 τοῦ

217 5576 500 5646 ’ᾼσματος
548 5575 656 5629 τῶν
699 5576 961 5646 ᾀσμάτων
1000 5575 1182 5644 φωνὰς
1229 5577 1329 5645 ήδη
1369 5576 1683 5648 προσθεῖναι
1729 5582 1796 5649 τῇ

212 5667 424 5737 θεωρίᾳ
451 5666 545 5721 τοῦ
581 5667 762 5737 λόγου.
797 5669 906 5720 Καὶ
940 5669 1200 5737 πρότερόν
1228 5687 1292 5736 γε
1326 5669 1424 5741 τήν
1451 5670 1550 5740 τῆς
1580 5671 1800 5740 γραφῆς

215 5758 644 5829 κατανοήσωμεν
667 5757 915 5830 δύναμιν.
948 5759 1022 5812 Ού
1052 5760 1160 5832 γάρ
1197 5759 1383 5834 ἀργῶς
1423 5777 1512 5832 μοι
1549 5761 1695 5815 δοκεῖ
1721 5763 1800 5834 τῷ

1393 5953 1454 5987 /

1879 3193 2000 3233 rum
2022 3193 2123 3232 nos
2145 3177 2345 3231 docere
2367 3174 2656 3245 proﬁtetur
2677 3174 2931 3231 sublimis
2960 3176 3158 3230 oratio.
3181 3173 3316 3229 Nam
3337 3191 3463 3230 cutn

1881 3272 2051 3326 multa
2074 3271 2186 3326 sint
2201 3269 2507 3326 secundum
2526 3268 2796 3324 divinitus
2811 3267 3136 3339 inspiratam
3155 3268 3464 3324 doctrinam

1881 3363 2128 3426 Cantica,
2163 3378 2259 3432 per
2284 3377 2406 3431 qua
2442 3376 2472 3414 a
2496 3376 2694 3433 magno
2725 3360 2915 3423 David,
2957 3369 3012 3416 et
3045 3361 3186 3416 Isaia
3207 3370 3262 3417 et
3292 3360 3467 3430 Mose,

1881 3463 1938 3512 et
1968 3455 2157 3510 multis
2186 3455 2330 3516 aliis,
2361 3453 2626 3508 docemur
2655 3467 2886 3522 magnas
2915 3453 2984 3508 de
3017 3451 3128 3508 Deo
3158 3453 3467 3524 intelligen-

1883 3552 1988 3606 tias
2013 3568 2026 3606 :
2051 3550 2157 3604 hoc
2188 3549 2458 3604 discimus
2487 3547 2558 3603 ab
2573 3547 2676 3600 hac
2703 3546 3088 3615 inscriptione,
3120 3547 3269 3617 quod
3299 3561 3472 3614 quan-

1883 3653 2001 3698 tum
2038 3660 2065 3697 a
2098 3641 2343 3697 Canticis
2379 3652 2621 3696 externae
2667 3638 2950 3708 sapientiae
2984 3639 3193 3694 distant
3243 3647 3470 3695 sancto-

1884 3752 2008 3791 rum
2044 3735 2296 3793 Cantica,
2331 3740 2546 3788 tantum
2601 3739 2828 3800 superat
2876 3730 3105 3786 Cantica
3147 3738 3466 3786 sanctorum

1885 3830 2211 3900 mysterium
2258 3827 2404 3896 quod
2439 3833 2526 3882 est
2560 3826 2615 3879 in
2661 3824 2894 3879 Cantico
2937 3825 3300 3879 canticorum.
3345 3825 3469 3891 Quo

1886 3923 2017 3992 quid
2042 3923 2279 3990 amplius
2315 3921 2382 3974 ad
2407 3919 2608 3974 mentis
2630 3918 3202 3986 comprehensionem,
3243 3933 3346 3972 nec
3385 3919 3472 3970 in-

1885 4015 2096 4074 venire,
2123 4027 2222 4067 nec
2247 4027 2444 4081 capere
2469 4017 2653 4080 potest
2696 4010 2851 4063 auris
2901 4009 3166 4074 humana,
3213 4024 3314 4063 nec
3371 4024 3470 4062 ua—

1888 4115 2033 4160 tura.
2069 4105 2134 4158 Et
2165 4104 2268 4159 hac
2304 4103 2371 4158 de
2395 4116 2586 4160 causa,
2623 4100 2674 4154 id
2719 4099 2866 4170 quod
2919 4107 3005 4154 est
3050 4099 3473 4155 vehementissi-

1888 4214 2037 4252 mum
2068 4212 2257 4252 corum
2286 4209 2408 4264 quae
2433 4209 2494 4248 ex
2516 4195 2798 4263 voluptate
2822 4193 2981 4256 ﬁunt,
3009 4192 3360 4252 amatoriam,
3393 4191 3476 4245 in-

1889 4306 2097 4360 quam,
2152 4287 2496 4343 all’ectionem
2544 4286 2612 4340 ad
2664 4285 2980 4354 dogmatum
3051 4284 3472 4354 explicationem

1891 4381 2236 4452 aenigmatice
2284 4379 2559 4449 protulit:
2616 4385 2677 4431 ut
2725 4394 2820 4443 per
2861 4377 2965 4431 hoc
3001 4377 3298 4432 discamus.
3326 4378 3474 4446 quod

1895 4481 2112 4543 oportet
2143 4475 2380 4527 animam
2431 4471 2624 4526 oculos
2675 4471 2999 4543 deﬁgentem
3029 4470 3098 4524 ad
3141 4469 3340 4524 divinae
3379 4485 3476 4523 na-

1896 4577 2032 4622 turae
2071 4564 2559 4636 pulchritudinem,
2587 4562 2653 4616 ad
2687 4578 2849 4632 quam
2879 4578 2990 4616 non
3018 4569 3164 4631 patet
3192 4577 3475 4625 accessus,

1897 4667 2110 4714 tantum
2142 4657 2287 4710 illam
2311 4671 2517 4721 amare,
2551 4665 2812 4725 quantam
2844 4655 3006 4709 habet
3032 4655 3476 4724 corpushabitu-

1897 4752 2079 4806 dinem
2113 4749 2178 4803 ad
2221 4749 2272 4802 id
2291 4747 2437 4818 quod
2465 4759 2550 4803 est
2587 4749 2635 4802 ei
2673 4760 2964 4818 cognatum
3008 4757 3062 4803 et
3101 4749 3348 4816 ejusdem
3387 4766 3482 4817 ge-

1900 4844 2072 4904 neris,
2119 4842 2372 4896 traducta
2423 4842 2588 4895 animi
2643 4843 3058 4911 perturbatione
3101 4843 3166 4896 ad
3201 4844 3480 4912 impatilii-

1901 4936 2128 5000 litatem,
2158 4935 2295 4988 adeo
2317 4942 2378 4987 ιιι
2403 4934 2676 4987 exstincta
2703 4935 2850 4987 omni
2878 4935 3148 5003 corporali
3172 4933 3480 4998 aﬂ'ectione,

1891 5029 2008 5084 solo
2041 5028 2234 5096 spiritu
2267 5028 2535 5081 amatorie
2568 5027 2621 5081 in
2649 5028 2808 5082 nobis
2839 5043 2994 5082 mens
3024 5028 3251 5089 ferveat,
3284 5044 3381 5098 per
3413 5028 3482 5080 il-

1892 5122 2010 5175 lum
2066 5121 2246 5190 ignem
2298 5119 2588 5179 calefacta,
2646 5119 2714 5173 ad
2765 5135 2927 5189 quem
2973 5119 3290 5189 jaciendum
3317 5134 3483 5188 super

1901 5221 2105 5269 terram
2137 5213 2287 5266 venit
2313 5212 2600 5266 Dominus.

1974 5304 2081 5360 Sed
2107 5305 2225 5359 haec
2263 5303 2483 5373 quidem
2515 5305 2652 5358 satis
2679 5317 2802 5358 esse
2824 5303 3044 5373 opinor,
3090 5304 3156 5357 ad
3189 5305 3488 5361 ostenden-

1904 5395 2059 5458 dum,
2090 5394 2556 5465 quemadmodum
2608 5393 2857 5448 aﬁ‘ectam
2903 5404 3152 5464 oporteat
3199 5412 3323 5452 esse
3365 5398 3479 5451 anis

1905 5503 2051 5543 mam
2097 5502 2290 5542 eorum
2334 5486 2425 5557 qui
2484 5488 2648 5542 verba
2682 5487 2909 5558 mystice
2950 5489 3226 5543 audiunt:
3270 5496 3488 5560 tempus

1906 5590 2088 5634 autem
2129 5579 2315 5642 fuerit,
2362 5578 2513 5648 ipsas
2549 5594 2769 5649 quoque
2809 5580 3027 5636 divinas
3072 5597 3238 5637 voces
3271 5581 3490 5638 Cantici

1906 5670 2248 5725 canticorum
2278 5669 2390 5737 jam
2430 5670 2703 5728 deducere
2747 5673 2813 5728 ad
2847 5675 3121 5729 orationis
3153 5677 3489 5746 contempla—

1908 5765 2135 5821 tionem.
2177 5763 2243 5818 Et
2273 5764 2508 5834 primum
2539 5767 2757 5834 quidem
2802 5769 3219 5826 consideremus
3259 5771 3368 5825 vim
3417 5771 3492 5823 in-
