3846 6220
144 315 252 366 777

1209 297 1276 369 lN
1312 295 1608 367 emrtua
1646 301 1918 365 CAN-TIC.
1959 307 2245 365 nouiLtA
2281 310 2324 366 ιε

3291 309 3399 369 778

140 428 290 500 ζωὴν
323 417 710 487 ἐπιδείκνυται,
745 410 1028 496 ἱσάγγέλος
1054 427 1142 482 διὰ
1165 429 1263 499 τῆς
1284 427 1552 491 ἀπαθείας
1570 426 1724 494 γενό-

1841 425 2093 495 ianguine
2127 427 2498 493 commistam,
2541 427 2637 482 sed
2678 425 2918 484 ostendit
2962 433 3282 483 sanctorum
3321 430 3399 481 νὶι

144 537 329 592 μενος.
384 519 474 582 Ὠς
515 521 625 591 γὰρ
675 520 813 590 μετά
857 520 957 590 τὴν
1007 520 1303 574 ἀνάστασιν
1335 521 1396 573 τὸ
1433 521 1529 589 μὲν
1569 517 1728 588 σῶμα

143 609 632 682 μεταστοιχειωθὲν
663 610 799 682 πρὸς
836 611 897 664 τὸ
920 611 1217 682 ἄφθαρτον,
1247 615 1312 682 τῇ
1333 612 1477 683 ψυχῇ
1508 610 1600 664 τοῦ
1631 611 1728 663 ἀν-

140 701 366 775 θρώπου
396 701 798 773 συμπλέκεταιο
823 703 892 755 τὰ
916 703 973 756 δὲ
1003 703 1098 756 νῦν
1130 704 1219 756 διὰ
1256 706 1458 774 σαρκὸς
1493 704 1624 774 ἡμῖν
1646 705 1729 755 ἐν·

139 793 407 864 οχλοῦντα
435 794 605 863 πάθη,
636 795 749 858 τοῖς
776 793 1023 865 σώμασιν
1052 796 1279 859 ἐκείνοις
1308 796 1368 848 οὐ
1407 795 1728 848 συνανίστα-

140 904 236 941 ται
257 903 273 917 ·
305 886 440 941 ἀλλά
483 903 568 950 τις
627 886 878 959 εἰρηνικὴ
909 888 1240 952 κατάστασις
1281 887 1380 959 τὴν
1400 886 1545 958 ζωὴν
1572 886 1727 957 ἡμῶν

139 978 466 1045 διαδέξεται,
498 979 695 1050 μηκέτι
727 978 824 1032 τοῦ
871 981 1217 1052 φρονήματος
1245 983 1344 1052 τῆς
1365 982 1566 1053 σαρκὸς
1593 980 1728 1050 πρὸς

139 1071 245 1142 τὴν
262 1071 437 1142 ψυχὴν
463 1071 865 1138 στασιάζοντος,
895 1073 1030 1143 μηδὲ
1061 1072 1156 1125 τοῦ
1187 1073 1449 1144 ἐμφυλίου
1491 1067 1726 1143 πολέμου

138 1164 234 1218 διὰ
278 1163 388 1216 τῶν
425 1163 687 1234 ἐμπαθῶν
719 1165 1036 1235 κινημάτων
1072 1165 1624 1237 ἀντιστρατευομένου
1651 1164 1729 1234 τῷ

138 1256 298 1326 νόμῳ
326 1252 418 1308 τοῦ
446 1254 584 1319 νοὸς,
615 1256 709 1308 καὶ
729 1255 918 1326 ὥσπερ
942 1253 1286 1326 αἰχμάλωτόν
1312 1271 1430 1309 τινα
1455 1259 1520 1327 τῇ
1546 1257 1723 1327 ἀμαρ-

139 1347 236 1418 τίᾳ
276 1346 638 1415 προσάγοντος
677 1347 775 1418 τὴν
820 1346 1146 1417 ἡττηθεῖσαν
1174 1347 1354 1417 ψυχήν
1379 1364 1393 1377 ·
1423 1347 1560 1400 ἀλλά
1592 1349 1729 1401 πάν-

139 1455 256 1491 των
306 1437 413 1489 τῶν
460 1437 717 1489 τοιούτων
767 1437 1096 1508 καθαρεύσει
1126 1439 1245 1490 τότε
1273 1440 1305 1508 η
1331 1437 1510 1506 φύσις.
1549 1441 1639 1492 καί
1671 1440 1729 1492 ἒν

136 1527 211 1579 δι’
263 1525 586 1595 ἀμφοτέρων
611 1524 763 1578 ἔσται
797 1526 857 1577 τὸ
887 1527 1161 1597 φρόνημα,
1190 1527 1290 1597 τῆς
1327 1530 1524 1599 σαρκός
1563 1545 1728 1600 φημι,

140 1619 242 1670 καὶ
272 1617 366 1671 τοῦ
405 1617 730 1685 πνεύματος,
763 1619 940 1684 πάσης
990 1619 1304 1689 σωματικῆς
1331 1619 1618 1684 διαθέσεως
1643 1622 1729 1685 ἐξ·

137 1711 539 1781 αφανισθείσης
587 1700 694 1764 ἀπὸ
722 1713 820 1780 τῆς
852 1711 1101 1779 φύσεως⁸
1133 1712 1273 1765 οὕτω
1297 1713 1726 1782 παρακελεύεται

141 1806 237 1858 διὰ
274 1805 366 1857 τοῦ
402 1805 605 1874 βιϐλίου
633 1805 824 1858 τούτου
859 1807 886 1858 6
915 1805 1072 1874 λόγος
1110 1807 1222 1869 τοῖς
1248 1808 1518 1870 ἐπαΐουσι,
1542 1805 1646 1860 κᾶν
1671 1808 1727 1859 ἐν
1760 1786 1800 1840 Β

145 1897 318 1967 σαρκὶ
365 1895 568 1966 ζῶμεν.
610 1897 771 1966 μηδὲν
815 1900 926 1960 τοῖς
975 1899 1210 1968 νοήμασι
1241 1899 1376 1968 πρὸς
1406 1899 1574 1968 αὐτὴν
1608 1901 1726 1952 ἐπι-

144 1989 510 2060 στρέφεσθαιο
540 1989 677 2042 ἀλλὰ
704 1991 798 2043 καὶ
821 1991 957 2060 πρὸς
979 1990 1144 2060 μόνην
1173 1991 1269 2060 τὴν
1290 1991 1466 2061 ψυχὴν
1490 1991 1726 2062 βλέπειν,

139 2083 240 2137 καὶ
261 2082 441 2146 πάσας
460 2081 557 2145 τὰς
586 2081 934 2153 ἀγαπητικάς
954 2082 1172 2136 τούτων·
1189 2083 1456 2151 ἐμφάσεις
1484 2082 1730 2154 καθαράς

140 2193 204 2228 τε
238 2177 336 2228 καὶ
365 2176 694 2246 ἀμολύντους
735 2174 1044 2228 ἀνατιθέναι
1090 2174 1170 2245 τῷ
1210 2175 1526 2245 ὑπερέχοντι
1553 2177 1730 2229 πάντα

141 2268 274 2321 νοῦν
304 2267 493 2338 ἀγαθῷ
517 2267 636 2338 Θεῷ
657 2285 670 2298 ο
723 2262 767 2336 ᾧ
805 2269 964 2338 μόνον
1005 2267 1152 2321 ἐστὶν
1193 2268 1269 2330 ὡς
1294 2267 1530 2337 ἀληθῶς,
1561 2267 1730 2336 γλυκύ

141 2378 202 2414 τε
241 2362 338 2414 καὶ⁴
395 2352 726 2430 ἐπιθυμητὸν
761 2362 852 2414 καὶ
894 2360 1154 2431 ἐράσμιον
1180 2378 1194 2391 ·
1216 2346 1277 2414 οὗ
1309 2361 1341 2431 ή
1376 2359 1730 2432 ἀπόλαυσιςή

141 2455 234 2507 ἀεὶ
271 2453 531 2523 γινομένη
561 2453 784 2523 ἀφορμὴ
815 2453 1057 2522 μείζονος
1097 2447 1390 2522 ἐπιθυμίας
1411 2451 1640 2520 γίνεται,
1665 2455 1730 2523 τῇ

141 2545 414 2615 μετουσίᾳ
443 2545 550 2596 τῶν
587 2543 805 2611 ἀγαθῶν
839 2545 929 2596 τὸν
955 2544 1117 2597 πόθον
1142 2544 1602 2597 συνεπιτείνουσα.
1629 2542 1733 2595 Οὖ-

139 2654 256 2697 τως
282 2637 312 2687 6
333 2635 536 2704 Μωσῆς
559 2635 731 2702 ἐφίλει
754 2627 845 2687 τὸν
867 2633 999 2686 Θεὸν
1023 2674 1037 2697 ,
1069 2633 1241 2696 οὕτως
1259 2636 1287 2687 6
1321 2634 1506 2697 Ἠλίας
1523 2649 1537 2662 ⁸
1561 2631 1733 2697 οὕτως

141 2729 172 2780 6
208 2726 466 2795 Ἰωάννης
497 2725 670 2794 ἐφίλει
695 2725 786 2776 τὸν
811 2723 1046 2794 νυμφίον
1078 2723 1252 2791 λέγων
1280 2741 1296 2756 ·
1346 2723 1399 2775 Ὀ
1431 2723 1590 2792 ἔχων
1619 2723 1736 2790 τὴν

141 2821 396 2892 νύμφην
443 2815 700 2886 νυμφίος
724 2816 928 2869 ἐστίν’
959 2818 992 2869 ό
1035 2815 1103 2868 δὲ
1135 2815 1310 2884 φίλος
1337 2815 1444 2869 τοῦ
1473 2818 1734 2885 νυμφίου

143 2909 308 2981 χαρᾷ
344 2909 534 2978 χαίρει
581 2909 677 2962 διὰ
721 2909 837 2975 τὴν
860 2906 1071 2976 φωνὴν
1097 2907 1204 2960 τοῦ
1242 2907 1524 2976 νυμφίου.
1551 2906 1735 2970 Οὕτως

143 3007 174 3057 ὀ
193 3003 403 3072 Πέτρος
434 3001 725 3072 ἐρωτηθεὶς
751 3003 799 3053 εί
818 3001 962 3069 φιλεί
983 3001 1076 3054 καὶ
1099 2997 1305 3069 ἀγαπᾷ,
1335 2999 1582 3070 ὁμολογεῖ
1599 3001 1736 3068 μετά

144 3095 489 3167 παρρησίας,
548 3093 725 3161 λέγων
747 3112 759 3123 ·
793 3093 876 3146 Σὺ
905 3089 1094 3160 οἶδας,
1123 3093 1320 3160 Κύριε,
1350 3087 1438 3144 ὅτι
1465 3091 1619 3160 φιλῶ
1639 3107 1732 3146 σε.
1763 3122 1805 3180 C

145 3187 344 3248 Οὕτως
385 3186 434 3237 oi
465 3183 643 3236 λοιποὶ
681 3183 966 3237 ἀπόστολοι
994 3200 1005 3212 ·
1049 3182 1222 3246 οὕτως
1242 3184 1278 3242 ,ό
1311 3183 1519 3246 Παῦλος
1540 3187 1568 3236 ὁ
1606 3187 1734 3256 πρὶν

143 3274 412 3345 διώκτης,
443 3274 536 3327 καλ⁸
560 3274 852 3344 ἀγαπήσας
871 3273 930 3326 ὃν
947 3274 1045 3344 οὐχ
1072 3267 1217 3344 ἐώρα
1249 3271 1502 3346 Χριστὸν,
1530 3275 1736 3346 ἔγραφε

145 3366 329 3432 λέγων
357 3381 372 3396 ·
419 3364 803 3434 Ἦρμοσάμην
831 3365 985 3436 ὑμᾶς
1012 3367 1311 3434 παρθένον
1333 3364 1527 3435 ἁγνὴν
1562 3383 1738 3438 παρα-

145 3455 384 3524 στῆσαι
409 3453 489 3519 τῷ
506 3454 755 3522 Χριστῷ.
775 3453 962 3518 Οὕτως
985 3456 1018 3524 ἡ
1038 3455 1133 3509 νῦν
1163 3458 1476 3529 Ἐκκλησία,
1499 3461 1532 3530 ἡ
1552 3455 1613 3512 νύ
1622 3477 1736 3530 μφη

147 3547 244 3601 τὸν
275 3545 508 3616 νυμφίον
536 3543 730 3616 ἐφίλει,
760 3545 902 3600 κατὰ
927 3546 1028 3618 τὴν
1058 3549 1114 3600 ἐν
1141 3548 1218 3618 τῷ
1258 3549 1496 3620 ’ᾼσματι
1531 3553 1737 3623 παρθέ..

151 3657 243 3692 νον
297 3637 398 3708 τὴν
453 3635 718 3704 λέγουσαν
737 3653 751 3666 ·
783 3636 1102 3704 Φιλησάτω
1125 3655 1202 3706 με
1229 3639 1349 3692 ἀπὸ
1392 3640 1740 3710 φιλημάτων

151 3731 460 3796 στόματος
485 3725 693 3781 αὑτοῦ.
723 3724 912 3789 Οὕτως
937 3727 966 3777 6
999 3726 1086 3778 διὰ
1113 3725 1213 3796 τῆς
1235 3727 1374 3781 κατὰ
1401 3729 1574 3800 στόμα
1602 3747 1741 3798 γινο·

156 3813 332 3889 μ’ἑνης
355 3817 502 3887 αὐτῷ
521 3816 674 3886 παρά
702 3816 797 3870 τοῦ
828 3816 962 3870 Θεοῦ
995 3816 1230 3887 ὁμιλίας,
1264 3818 1445 3882 καθὼς
1475 3825 1744 3892 μαρτυρεῖ

149 3911 185 3980 ἡ
217 3909 437 3981 Γραφὴ,
460 3908 542 3960 ὅτι
567 3910 626 3960 ὲν
649 3907 912 3978 ἐπιθυμία
940 3906 1143 3977 μείζονι
1165 3907 1274 3960 τῶν
1297 3910 1553 3963 τοιούτων
1583 3913 1742 3983 φιλη-

157 4002 352 4077 μάτων
385 4000 622 4068 ἐγένετο,
648 3999 785 4070 μετά
816 3997 1082 4062 τοσαύτας
1099 3999 1434 4068 θεοφανείας,
1470 4002 1545 4065 ὼς
1576 4005 1742 4075 μήπω

154 4091 487 4162 τεθεαμένος
555 4091 682 4144 ίδεῖν
733 4089 903 4157 ἀξιῶν
936 4089 1026 4142 τὸν
1071 4090 1423 4162 ποθούμενον.
1480 4093 1665 4158 Οὕτως
1693 4099 1743 4149 oi

154 4181 342 4234 λοιποὶ
359 4181 576 4244 πάντες,
601 4176 683 4242 οἷς
708 4183 736 4233 6
761 4179 902 4242 θεῖος
945 4179 1108 4244 πόθος
1129 4181 1218 4234 διὰ
1255 4181 1454 4251 βάθους
1475 4184 1561 4236 ὲνέ
1573 4202 1630 4238 κε
1641 4201 1741 4252 ιτο,

154 4272 398 4344 οὐδαμοῦ
425 4272 522 4342 τῆς
553 4271 849 4342 ἐπιθυμίας
871 4271 1110 4334 ἵσταντο,
1143 4274 1250 4325 πᾶν
1272 4273 1332 4325 τὸ
1353 4273 1533 4328 θεόθεν
1561 4277 1745 4341 αὐτοῖς

156 4367 239 4426 είς
300 4363 602 4416 ἀπόλαυσιν
657 4362 752 4415 τοῦ
785 4361 1115 4433 ποθουμένου
1144 4365 1447 4433 γινόμενον,
1477 4366 1608 4437 ὕλην
1652 4369 1744 4423 καὶ

1832 527 1942 570 tam
1971 532 2095 586 quae
2127 526 2383 588 speratur
2414 519 2468 573 in
2507 519 2933 584 resurrectione,
2976 535 3076 590 per
3114 517 3399 588 impatibi-

1831 606 2036 662 litatem
2077 608 2307 666 effectus
2339 626 2438 681 par
2471 612 2702 682 angelis.
2736 612 3024 680 Quomodo
3061 613 3233 676 enim,
3276 621 3402 680 post

1831 701 2316 768 resurrectionem,
2351 717 2554 773 corpus
2595 703 2816 774 quidem
2867 704 2923 758 in
2971 704 3025 758 id
3069 708 3405 758 transmuta-

1830 797 1946 843 tum
1984 791 2038 844 in
2069 793 2217 862 quod
2248 808 2359 848 non
2392 795 2541 848 cadit
2570 795 2851 859 interitus,
2885 794 3240 866 coniungitur
3282 790 3404 846 ani—

1831 896 1934 936 mae
1963 882 2202 938 hominis
2236 899 2252 938 :
2285 900 2406 955 quae
2447 895 2630 941 autem
2667 900 2812 942 nunc
2845 904 2943 959 per
2971 903 3193 942 carnem
3241 885 3402 939 nobis

1831 973 2140 1029 molestiam
2164 977 2428 1033 exhibent
2447 979 2617 1033 animi
2643 980 3108 1049 perturbationes,
3132 993 3241 1032 non
3265 991 3403 1030 con-

1831 1065 2042 1120 sistunt
2091 1067 2146 1121 in
2195 1069 2306 1124 illis
2338 1071 2687 1140 corporibus.
2736 1071 2832 1126 sed
2878 1070 3139 1141 pacificus
3178 1068 3401 1138 quidam

1831 1165 2009 1214 status
2052 1162 2218 1214 vitam
2271 1173 2519 1216 nostram
2568 1164 2828 1233 excipiet,
2882 1163 3170 1233 prudentia
3213 1160 3400 1215 carnis

1831 1264 1938 1301 non
1975 1251 2210 1319 amplius
2261 1253 2586 1308 seditionem
2633 1262 2924 1309 exercente
2969 1254 3233 1308 adversus
3276 1251 3399 1306 ani-

1830 1357 1973 1395 mam
2011 1359 2233 1413 :neque
2276 1345 2422 1400 bello
2471 1346 2730 1401 intestino
2783 1362 2880 1416 per
2925 1353 3109 1402 motus
3153 1345 3402 1400 affectio-

1830 1447 1960 1486 num
1993 1443 2330 1504 repugnante
2360 1437 2463 1509 legi
2490 1440 2710 1501 mentis,
2745 1448 2799 1493 et
2827 1448 3089 1508 tanquam
3128 1435 3400 1506 captivam

1831 1529 2060 1590 peccato
2096 1525 2294 1578 victam
2334 1526 2639 1582 adducente
2685 1528 2924 1580 animam
2952 1543 2967 1593 ;
2998 1525 3092 1581 sed
3121 1526 3189 1580 ab
3219 1526 3402 1580 omni-

1830 1614 1936 1672 bus
1964 1617 2232 1684 ejusmodi
2267 1627 2397 1674 tunc
2439 1636 2577 1689 pura
2622 1623 2727 1677 erit
2775 1631 2995 1685 natura,
3025 1633 3081 1678 et
3115 1621 3402 1675 amborum

1829 1720 1939 1758 una
1983 1707 2090 1761 erit
2145 1710 2454 1778 prudentia,
2505 1713 2712 1772 carnis,
2765 1713 3008 1782 inquam,
3050 1719 3104 1766 et
3148 1712 3398 1781 spiritus.

1830 1799 1978 1852 omni
2017 1798 2296 1870 corporali
2322 1800 2607 1858 affectione
2633 1803 2809 1858 deleta
2835 1820 2899 1858 ex
2935 1815 3164 1866 natura;
3198 1805 3272 1857 ita
3307 1817 3403 1873 per

1830 1892 1979 1946 hunc
2032 1892 2234 1947 librum
2283 1893 2442 1962 jubet
2500 1896 2678 1949 oratio
2743 1895 2810 1950 iis
2869 1895 2961 1965 qui
3019 1895 3288 1956 audiunt,
3344 1902 3404 1947 ut

1830 1986 2044 2040 etiamsi
2066 1985 2120 2039 in
2142 2000 2310 2041 carne
2332 1987 2602 2049 vivamus,
2638 1988 2844 2041 nostris
2875 1986 3305 2057 cogitationibus
3334 1983 3402 2039 ad

1830 2092 1948 2130 eam
2008 2077 2232 2132 minime
2297 2086 2728 2141 convertamur,
2779 2077 2874 2133 sed
2937 2078 3005 2132 ad
3031 2077 3205 2132 solam
3257 2076 3405 2146 aspi-

1831 2170 2043 2223 ciamus
2110 2169 2347 2223 animam
2381 2210 2396 2230 ,
2457 2177 2511 2223 et
2570 2185 2764 2224 omnes
2821 2170 3136 2225 dilectionis
3193 2168 3405 2238 signiﬁ-

1833 2262 2080 2315 cationes
2156 2277 2322 2331 puras
2382 2272 2436 2316 et
2498 2262 2812 2331 impollutas
2878 2260 3193 2317 dedicemus
3259 2262 3406 2314 bono

1835 2351 1978 2418 Deo,
2026 2352 2118 2422 qui
2178 2366 2395 2408 omnem
2440 2363 2665 2422 superat
2704 2353 3118 2424 intelligentiam
3149 2371 3162 2407 :
3191 2352 3280 2408 cui
3314 2367 3406 2407 so-

1839 2445 1951 2497 lum
1991 2454 2076 2499 est
2106 2459 2296 2499 revera
2339 2445 2486 2514 quod
2529 2445 2692 2499 dulce
2723 2443 3106 2514 etjucundum
3144 2453 3406 2513 expeten-

1834 2535 2074 2604 dumque
2117 2545 2172 2589 et
2215 2535 2452 2589 amabile
2498 2552 2512 2588 :
2560 2535 2717 2604 cujus
2767 2550 2889 2604 qua:
2941 2547 3159 2604 semper
3191 2533 3408 2586 exstitit

1835 2628 2022 2682 fruitio
2043 2667 2058 2693 ,
2106 2626 2164 2681 fit
2187 2627 2417 2682 materia
2470 2635 2526 2680 et
2562 2629 2782 2682 occasio
2810 2627 3035 2696 majoris
3065 2623 3406 2695 cupiditatis.

1834 2720 2102 2773 bonorum
2157 2719 2578 2789 participatione
2610 2719 2900 2774 intendens
2935 2717 3292 2773 desiderium.
3326 2717 3404 2771 ita

1835 2808 2014 2865 Moses
2045 2809 2214 2865 Deum
2244 2811 2504 2880 diligebat
2530 2831 2544 2876 ;
2569 2812 2642 2864 ita
2673 2810 2841 2873 Elias,
2872 2813 2945 2864 ita
2969 2809 3208 2865 Joannes
3240 2823 3408 2879 spon-

1836 2917 1959 2957 sum
2001 2903 2286 2973 diligebat,
2341 2905 2531 2958 dicens
2554 2904 2640 2957 3‘:
2679 2903 2784 2969 Qui
2835 2901 2986 2956 habet
3038 2918 3287 2972 sponsam
3330 2912 3408 2955 est

1837 3012 2104 3064 sponsus;
2166 2998 2370 3050 amicus
2431 3004 2606 3049 autem
2672 2995 2853 3062 sponsi
2917 2995 3106 3047 latitia
3153 2993 3410 3070 ofﬁcitu!

1837 3097 2048 3155 propter
2090 3103 2361 3156 sponsum.
2417 3089 2492 3141 Ita
2549 3088 2744 3142 Petrus
2786 3095 3010 3157 rogatus
3051 3101 3121 3139 an
3162 3093 3305 3139 amet
3345 3099 3414 3141 ac

1838 3179 2067 3250 diligat,
2117 3181 2286 3234 libere
2336 3189 2390 3234 et
2454 3181 2794 3234 confidenter
2835 3179 3057 3239 fatetur,
3109 3177 3298 3232 dicens
3319 3177 3407 3231 "':

1845 3268 2082 3333 Domine,
2116 3279 2173 3322 tu
2199 3271 2302 3323 scis
2329 3271 2469 3340 quod
2499 3287 2619 3323 amo
2667 3279 2735 3323 te.
2795 3268 2871 3322 Ita
2925 3269 3102 3323 caeteri
3153 3271 3410 3338 apostoli.

1838 3361 1918 3414 Ita
1948 3360 2177 3429 Paulus,
2205 3363 2299 3432 qui
2345 3364 2500 3433 prius
2547 3371 2890 3433 persecutor,
2945 3377 3068 3415 cum
3129 3361 3414 3417 dilexisset

1837 3450 2122 3507 Christum
2151 3469 2314 3524 quem
2346 3465 2457 3508 non
2498 3454 2726 3513 viderat.
2778 3452 3002 3522 scripsit
3034 3452 3262 3508 dicens:
3314 3452 3416 3509 De-

1843 3547 2032 3616 spondi
2062 3561 2150 3601 vos
2183 3547 2436 3615 virginem
2465 3555 2668 3598 castam
2713 3544 2952 3598 exhibere
2995 3544 3208 3599 Christo
3236 3545 3302 3601 ⁸⁸.
3333 3545 3416 3602 lta

1838 3652 1959 3709 qua:
1988 3653 2134 3692 nunc
2161 3648 2242 3693 est
2271 3637 2540 3699 Ecclesia,
2579 3651 2779 3707 sponsa
2835 3651 3096 3706 sponsum
3130 3637 3412 3707 diligebat,

1839 3733 2231 3791 convenienter
2254 3731 2303 3786 ei
2327 3730 2525 3801 virgini
2556 3745 2677 3799 quae
2698 3729 2831 3783 dicit
2859 3730 2914 3782 in
2945 3728 3173 3784 Cantico
3200 3747 3213 3783 :
3247 3727 3416 3784 Oscu-

1842 3820 1980 3873 lcmr
2009 3837 2089 3874 me
2114 3821 2293 3875 osculo
2322 3822 2429 3874 oris
2464 3821 2548 3874 sui
2571 3821 2636 3874 “’.
2675 3818 2766 3874 Sic
2809 3819 2903 3874 ille
2951 3820 3044 3889 qui
3093 3820 3292 3891 dignus
3331 3827 3416 3876 est

1841 3912 2065 3970 habitus
2090 3929 2215 3968 cum
2246 3913 2358 3969 Deo
2385 3915 2534 3984 loqui
2573 3913 2712 3969 facie
2738 3913 2802 3968 ad
2835 3911 3052 3979 faciem,
3089 3923 3149 3968 ut
3183 3922 3417 3970 testatur

1845 4007 2130 4077 Scriptura
2155 4006 2222 4070 '°,
2255 4007 2526 4074 ejusmodi
2555 4008 2873 4061 osculorum
2901 4007 3099 4077 majori
3133 4007 3416 4062 tenebatur

1842 4097 2140 4161 desiderio,
2195 4105 2490 4165 postquam
2539 4098 2588 4152 ei
2634 4099 2796 4154 toties
2847 4099 2986 4154 Deus
3047 4101 3413 4170 apparuisset,

1843 4203 2046 4258 rogans
2076 4195 2136 4241 ut
2160 4187 2370 4243 videret
2404 4204 2566 4258 quem
2607 4189 2974 4255 desiderabat,
3025 4191 3252 4261 perinde
3276 4207 3339 4244 ac
3367 4191 3415 4246 si

1845 4295 2126 4349 nunquam
2191 4295 2316 4335 eum
2368 4288 2514 4335 esset
2566 4283 2966 4352 contemplatus
2989 4285 3056 4336 ".
3111 4281 3186 4336 lla
3237 4282 3417 4336 caeteri

1846 4389 2038 4427 omnes
2065 4387 2302 4442 quorum
2352 4372 2597 4426 divinum
2649 4373 2984 4429 desiderium
3042 4374 3312 4429 insidebat
3363 4377 3419 4427 in

157 4454 498 4526 ὑπέκκαυμα
539 4455 636 4524 τῆς
679 4450 1043 4524 σφοδροτέρας
1080 4454 1372 4526 ἐπιθυμίας
1410 4459 1736 4530 ποιούμενοι.

1850 4465 1976 4519 imis
2002 4463 2394 4534 penetralibus,
2442 4479 2724 4533 nunquam
2757 4481 2917 4520 suum
2957 4466 3230 4520 satiarunt
3271 4463 3421 4518 desi-

159 4547 401 4610 derium,
434 4545 700 4616 quidquid
738 4545 820 4600 eis
853 4545 1117 4599 divinitus
1147 4548 1454 4614 eveniebat,
1492 4567 1602 4620 quo
1651 4552 1968 4610 fruerentur
2005 4569 2069 4609 eo
2109 4555 2204 4624 qui
2252 4553 2688 4621 desiderabatur,
2758 4557 3040 4610 materiam
3094 4556 3421 4626 arripientes

159 4651 216 4695 et
245 4640 497 4695 fomitem
534 4638 762 4707 majoris
798 4638 1084 4694 desiderii.

235 4735 453 4803 ηοσπερ
494 4731 558 4802 δὴ
591 4734 686 4784 και
726 4732 818 4786 νῦν
863 4734 896 4803 η
937 4733 1014 4802 τῷ
1194 4739 1570 4809 συναπτομένη
1599 4739 1746 4812 ψυχὴ

161 4826 480 4896 ἀκορέστως
515 4823 627 4894 ἔχει
658 4825 757 4894 τῆς
789 4824 1142 4888 ἀπολαύσεως
1163 4842 1177 4856 ·
1215 4826 1325 4897 ὅσῳ
1366 4828 1748 4901 δαψιλέστερον

164 4915 492 4986 ἐμφορεῖται
527 4913 628 4982 τῆς
666 4914 1050 4977 ἀπολαύσεως,
1099 4917 1348 4969 τοσοῦτον
1397 4919 1750 4990 σφοδρότερον

164 5011 279 5071 τοῖς
309 5006 497 5072 πόθοις
525 5007 867 5076 ἀκμάζουσα.
911 5007 1128 5078 Ἐπειδὴ
1162 5009 1270 5078 γὰρ
1305 5010 1374 5063 τὰ
1410 5013 1631 5082 ῥήματα
1654 5012 1749 5066 τοῦ

167 5105 428 5176 νυμφίου,
464 5103 682 5171 πνεῦμα
719 5103 812 5154 καὶ
845 5100 958 5172 ζωή
993 5103 1138 5155 ἐστι·
1179 5105 1283 5167 πᾶς
1316 5104 1373 5158 δὲ
1413 5106 1442 5157 6
1473 5105 1550 5176 τῷ
1582 5107 1746 5159 πνεύ·

172 5212 305 5265 ματι
340 5191 682 5264 κολλώμενος
715 5192 933 5262 πνεῦμα
959 5193 1192 5262 γίνεται,
1229 5195 1324 5247 καὶ
1347 5196 1375 5247 6
1406 5199 1474 5268 τῇ
1493 5197 1604 5268 ζωῇ
1625 5213 1752 5250 συν⁹

160 5285 478 5355 απτόμενος
529 5280 639 5336 ἀπὸ
710 5282 941 5337 θανάτου
976 5285 1056 5347 είς
1103 5285 1197 5356 τὴν
1229 5283 1374 5356 ζωὴν
1415 5289 1748 5356 μεταϐαίνει,

169 5374 317 5429 κατὰ
344 5373 446 5444 τὴν
477 5373 574 5425 τοῦ
601 5373 806 5442 Κυρίου
846 5374 1030 5443 φωνήν
1051 5386 1063 5399 ·
1100 5372 1188 5427 διὰ
1208 5372 1365 5426 τοῦτο
1394 5375 1552 5429 ποθεῖ
1581 5393 1753 5447 προσ-

171 5467 396 5536 εγγίσαι
424 5464 523 5536 τὴν
569 5463 746 5535 ψυχὴν
787 5465 852 5536 τῇ
878 5467 1026 5534 πηγῇ
1059 5465 1156 5535 τῆς
1203 5467 1582 5537 πνευματικῆς
1608 5467 1752 5540 ζωῆς

245 5671 292 5701 ⁸⁸
313 5667 475 5722 Joan.
506 5682 591 5732 ut,
618 5665 711 5720 29.
805 5665 850 5701 ⁸⁷
879 5664 1038 5719 Joan.
1077 5681 1189 5733 xxi,
1215 5667 1305 5726 15.

175 5754 374 5802 xxxtu,
404 5739 491 5794 l8.
574 5737 620 5768 "
645 5735 804 5792 Joan.
838 5752 891 5801 v,
924 5736 1013 5790 64.

505 5832 772 5892 Pauor.
833 5831 953 5892 Gn.
984 5829 1204 5893 XLIV.

1397 5669 1505 5726 ⁸⁸11
1541 5671 1669 5727 Cor.
1701 5687 1775 5741 ιι,
1801 5671 1855 5726 ει.

1919 4735 2207 4801 Quomodo
2229 4736 2393 4789 etiam
2416 4751 2537 4806 quae
2557 4751 2706 4790 nunc
2744 4751 2963 4806 quoque
2994 4737 3106 4792 Deo
3135 4737 3424 4809 conjungi-

1850 4835 1942 4880 tur
1977 4827 2180 4892 anima,
2213 4828 2404 4882 satiari
2435 4844 2546 4882 non
2584 4837 2766 4898 potest
2795 4829 3076 4893 fruitione,
3101 4846 3210 4898 quo
3242 4832 3423 4900 copio-

1853 4920 1970 4974 sius
2003 4919 2265 4975 fruitione
2296 4920 2573 4990 impletur,
2593 4935 2659 4975 eo
2686 4921 3080 4974 vehementiori
3108 4922 3296 4992 vigens
3324 4923 3424 4976 de-

1853 5015 2075 5071 siderio.
2102 5012 2242 5080 Quia
2289 5015 2434 5068 enim
2480 5013 2645 5067 verba
2697 5011 2883 5081 sponsi
2926 5013 3153 5080 spiritus
3202 5021 3331 5067 sunt
3371 5021 3426 5066 et

1853 5108 1964 5161 vita
1985 5107 2050 5169 ⁹²,
2083 5107 2398 5176 quicunque
2423 5112 2602 5159 autem
2629 5105 3044 5175 conglutinatur
3089 5105 3331 5174 spiritui,
3370 5105 3429 5160 ﬁt

1855 5197 2116 5268 Spiritus;
2143 5206 2198 5252 et
2219 5197 2312 5266 qui
2341 5197 2462 5251 vita:
2481 5197 2857 5268 coniungitur,
2879 5197 3083 5251 transit
3105 5212 3135 5250 a
3160 5207 3337 5253 morte
3362 5200 3427 5251 ad

1853 5288 2043 5350 vitam,
2071 5296 2438 5356 congruenter
2459 5288 2579 5341 voci
2611 5285 2829 5340 Domini
2859 5297 3190 5357 ;propterea
3223 5290 3433 5344 deside-

1855 5386 1940 5432 rat
1956 5377 2396 5449 appropinquare
2417 5379 2654 5432 animam
2670 5379 2804 5435 fonti
2818 5381 2941 5436 vitae
2958 5382 3261 5452 spiritualis
3280 5383 3434 5450 virgo

1855 5470 2056 5524 anima.
2079 5467 2225 5525 Fons
2247 5477 2427 5524 autem
2451 5475 2536 5524 est
2563 5484 2626 5525 os
2653 5471 2866 5540 sponsi,
2909 5472 3052 5526 unde
3075 5472 3431 5526 scaturientia

1933 5673 1978 5705 ⁸⁹
2000 5671 2159 5728 Cant.
2186 5689 2226 5741 ι,
2249 5674 2301 5728 1.
2336 5689 2460 5741 sqo.
2535 5675 2580 5708 ’°
2603 5673 2760 5731 Deut.
2800 5689 2990 5740 xxxiv,
3025 5673 3112 5728 10.
3182 5674 3225 5707 ⁹¹
3258 5674 3427 5730 Exod.

3050 5835 3130 5896 25
