3846 6220
455 231 558 289 ’Πθ

1709 233 1767 288 S.
1804 233 2134 289 GREGORII
2163 236 2453 292 NYSSENI

3587 237 3714 292 780

449 348 614 403 verba
649 346 769 399 vitae
797 352 1011 400 mterna:
1058 345 1281 416 implent
1315 362 1378 402 os
1410 361 1475 400 ea
1505 346 1782 401 attrahens
1804 387 1819 410 ,
1872 346 2006 402 sicut

2115 353 2149 421 ή
2188 351 2451 422 παρθένος
2475 348 2640 420 ψυχή.
2699 350 2763 400 Ἢ
2795 349 2850 402 δὲ
2889 349 3037 419 πηγή
3067 350 3182 400 ἐστι
3221 346 3316 400 τοῦ
3347 348 3589 418 νυμφίου
3634 350 3705 401 -ιδ

448 439 682 495 faciebat
717 437 985 508 Propheta
1024 454 1120 508 per
1147 455 1212 494 os
1250 440 1472 496 trahens
1497 440 1752 510 spiritum
1781 441 1848 495 ”.
1875 439 2016 506 Quia

447 546 578 601 ergo
606 539 819 600 oportet
846 546 910 584 os
965 531 1253 584 admovere
1299 546 1453 600 aqua:
1505 547 1654 594 eum,
1695 531 1788 601 qui
1827 541 2018 600 potum

450 622 680 676 attrahit
697 639 762 675 ex
785 623 934 678 fonte
961 641 973 677 :
1001 622 1124 678 fons
1148 635 1324 677 autem
1351 631 1433 678 est
1458 622 1722 678 Dominus
1744 627 1837 694 qui
1855 626 2014 692 dixit,

451 710 647 781 Siquis
661 711 797 777 sitit,
818 714 986 766 ceuiat
1004 712 1070 766 ad
1102 730 1182 767 me
1201 723 1251 767 et
1275 713 1417 767 bibat
1433 715 1501 778 “,
1520 725 1807 785 propterea
1833 716 2015 770 anima

448 807 564 860 vult
601 808 684 860 ori
748 808 911 862 vitam
947 808 1268 862 scaturienti
1335 823 1398 862 os
1455 823 1616 862 suum
1683 807 2011 870 admovere,

447 897 636 951 dicens
664 917 676 952 :
707 896 989 952 Osculetur
1018 914 1098 952 me
1129 898 1310 952 osculo
1333 900 1438 952 oris
1466 900 1550 952 sui
1575 916 1594 962 ;
1623 906 1676 952 et
1702 899 1795 968 qui
1827 897 2012 951 omni-

449 989 552 1044 bus
585 999 798 1044 scatere
829 988 956 1043 facit
982 989 1170 1052 vitam,
1197 1000 1250 1044 et
1279 993 1390 1044 vult
1420 1006 1611 1044 omnes
1644 1005 1766 1044 esse
1805 989 2012 1052 salvos,

446 1079 718 1134 neminem
741 1080 857 1134 vult
886 1095 1078 1134 eorum
1103 1081 1197 1149 qui
1230 1081 1368 1135 salvi
1398 1080 1556 1144 ﬁunt,
1581 1096 1704 1136 esse
1732 1088 2012 1150 expertem

445 1165 611 1236 hujus
633 1169 807 1222 osculi
838 1178 962 1233 ;est
991 1169 1136 1222 enim
1163 1168 1284 1237 ejus
1311 1171 1561 1223 osculum
1593 1181 2010 1237 purgamentum

449 1259 698 1327 cujusvis
730 1261 929 1314 sordis.
953 1259 1319 1324 Quamobrem
1350 1261 1480 1314 mihi
1505 1259 1719 1314 videtur
1748 1259 2011 1315 Dominus

446 1351 548 1406 hoc
573 1353 906 1421 exprobrare
939 1353 1147 1406 Simoni
1183 1353 1420 1421 leproso,
1457 1351 1711 1406 Osculum
1739 1351 1868 1404 milii
1903 1367 2010 1405 non

443 1444 632 1498 dedisti
663 1445 730 1495 ”.
761 1445 965 1497 ltevera
1003 1444 1146 1497 enim
1194 1441 1385 1497 fuisset
1418 1443 1710 1496 mundatus
1755 1442 1823 1495 ab
1856 1442 2013 1510 :rgri-

444 1535 653 1596 tudine,
679 1535 724 1589 si
751 1550 844 1589 ore
869 1535 1187 1588 attraxisset
1209 1535 1520 1604 puritatem.
1546 1534 1650 1590 Sed
1677 1535 1765 1588 ille
1789 1533 2009 1604 quidem

442 1627 634 1682 merito
675 1627 728 1681 id
755 1644 862 1682 nou
896 1636 981 1682 est
1029 1635 1314 1696 expertus,
1347 1636 1407 1680 ut
1459 1626 1618 1696 cujus
1672 1642 1801 1681 caro
1841 1639 2011 1696 supra

2120 443 2330 512 στόμα,
2390 441 2511 494 ὅθεν
2544 442 2613 494 τὰ
2667 443 2882 510 ῥήματα
2933 440 3034 507 τῆς
3087 439 3302 492 αἰωνίου
3355 439 3504 509 ζωῆς
3561 442 3703 492 ἀνα-

2117 533 2349 606 δρύοντα
2389 534 2585 603 πληροῖ
2633 531 2694 584 τό
2737 531 2910 601 στόμα
2956 531 3017 583 τὸ
3064 529 3450 600 ἐφελκόμενον,
3503 529 3700 588 15.080;

2115 624 2287 677 ἐποίει
2306 624 2637 694 όΠροφήτης
2663 621 2750 674 διὰ
2773 621 2864 674 τοῦ
2890 621 3153 690 στόματος
3180 620 3350 672 ἕλκων
3364 619 3426 672 τὸ
3442 619 3695 688 πνεῦμα.

2128 712 2342 784 Ἐπειδὴ
2374 713 2549 767 τοίνυν
2590 712 2693 783 χρὴ
2741 711 3051 782 προσθεῖναι
3088 711 3148 764 τὸ
3195 710 3367 782 στόμα
3411 709 3494 780 τῷ
3536 710 3705 762 ὕδατι

2113 805 2204 859 τὸν
2231 807 2294 858 ὲκ
2337 805 2438 874 τῆς
2486 808 2665 875 πηγῆς
2712 803 2871 856 ποτὸν
2910 803 3306 872 ἐφελκόμενον,
3356 800 3512 872 πηγὴ
3551 800 3614 853 δὲ
3664 803 3699 852 ὁ

2114 897 2316 967 Κύριος
2345 899 2373 950 6
2401 895 2566 948 είπῶν
2591 912 2604 925 ·
2631 896 2702 947 Et
2721 913 2809 961 τις
2832 893 2999 962 διψᾷ,
3023 894 3286 962 ἐρχέσθω
3308 894 3461 961 πρός
3486 908 3570 960 με
3593 892 3700 945 καὶ

2112 986 2326 1040 πινέτω
2346 1003 2359 1018 ⁸
2393 987 2480 1041 διά
2527 985 2682 1040 τοῦτο
2714 989 2747 1057 ή
2794 985 2939 1056 ψυχὴ
2972 986 3338 1056 προσαγαγεῖν
3371 983 3434 1036 τὸ
3480 983 3698 1052 ἑαυτῆς

2114 1081 2288 1150 στόμα
2333 1079 2407 1150 τῷ
2437 1079 2535 1151 τὴν
2573 1079 2715 1149 ζωήν
2767 1079 3066 1148 πηγάζοντι
3105 1077 3332 1146 στόματι
3391 1074 3698 1144 βούλεται,

2111 1172 2340 1240 λέγουσα
2366 1188 2379 1200 ·
2415 1163 2725 1237 Φιλησάτω
2743 1187 2818 1238 με
2851 1169 2969 1222 ἀπὸ
3009 1167 3127 1221 τῶν
3163 1164 3519 1235 φιλημάτων
3548 1166 3702 1217 στό-

2106 1280 2294 1333 ματος
2341 1262 2525 1316 αὺτοῦ
2551 1281 2563 1291 ·
2621 1263 2714 1314 καὶ
2759 1264 2786 1314 6
2824 1263 2957 1313 πᾶσι
2991 1260 3089 1330 τὴν
3139 1259 3282 1329 ζωήν
3327 1256 3535 1329 βρύων,
3594 1257 3699 1308 καὶ

2111 1355 2316 1417 πάντας
2350 1353 2588 1422 σωθῆναι
2617 1352 2805 1415 θέλων,
2845 1352 3034 1404 οὐδένα
3074 1349 3321 1420 βούλεται
3357 1348 3473 1400 τῶν
3517 1347 3700 1412 σωζο-

2111 1447 2286 1516 μένων
2315 1443 2409 1497 τοῦ
2447 1444 2686 1496 τοιούτου
2735 1443 3035 1512 φιλήματος
3069 1437 3207 1493 εἶναι
3239 1440 3510 1510 ἀμέτοχον
3535 1455 3549 1468 ·
3589 1456 3699 1490 κα-

2110 1536 2330 1607 θάρσιον
2373 1536 2480 1606 γάρ
2507 1537 2622 1588 ἐστι
2667 1534 2836 1604 ῥύπου
2883 1533 3082 1596 παντὸς
3123 1531 3280 1584 τοῦτο
3323 1530 3385 1582 τὸ
3444 1529 3689 1598 φίλημα.

2109 1629 2200 1680 Διό
2233 1645 2323 1697 μοι
2351 1627 2496 1679 δοκεῖ
2525 1627 2602 1697 τῷ
2633 1626 2820 1696 λεπρῷ
2869 1626 3070 1695 Σίμωνι
3099 1624 3163 1677 τὸ
3195 1622 3440 1676 τοιοῦτον
3492 1621 3696 1673 ὀνειδι-

444 1721 667 1773 modum
698 1719 1034 1775 excrevisset
1061 1734 1156 1788 per
1185 1719 1458 1785 morbum,
1505 1719 1576 1772 ob
1603 1733 1758 1776 suam
1795 1717 2006 1787 cupidi-

2111 1719 2308 1781 στικῶς
2350 1718 2642 1790 προφέρειν
2691 1721 2718 1771 6
2765 1717 2994 1787 Κύριος,
3027 1718 3108 1768 ὅτι
3159 1712 3394 1782 Φίλημά
3427 1730 3539 1782 μοι
3570 1714 3694 1765 οὐκ

441 1822 604 1867 tatem
637 1813 709 1866 ita
744 1827 1004 1875 manens,
1037 1820 1098 1865 ut
1126 1812 1397 1866 exinaniri
1434 1827 1539 1866 non
1573 1822 1754 1882 posset
1784 1826 1815 1865 a
1849 1811 2002 1865 vitio.

437 1903 635 1958 Anima
670 1912 850 1957 autem
909 1913 1210 1975 expurgata
1252 1903 1320 1957 ab
1375 1904 1525 1958 omni
1574 1903 1782 1958 carnali
1830 1903 2002 1972 lepra,

438 2011 560 2066 quae
597 1995 898 2050 luminibus
945 1996 1066 2064 ejus
1095 1994 1314 2059 ofﬁciat,
1357 1995 1552 2065 aspicit
1581 1995 1848 2049 bonorum
1883 1994 2003 2047 the-

439 2104 695 2144 saurum:
727 2089 991 2142 thesauro
1021 2096 1202 2142 autem
1231 2102 1428 2141 nomen
1459 2095 1545 2140 est
1590 2100 1705 2140 cor.
1734 2083 2006 2154 Propheta

436 2195 657 2250 quoque
691 2181 916 2249 rogabat
945 2188 1006 2232 ut
1041 2179 1147 2233 sibi
1183 2189 1463 2233 crearetur
1501 2193 1596 2233 cor
1643 2177 1904 2232 mundum
1935 2176 2002 2240 ",

437 2287 467 2324 a
498 2287 609 2340 quo
638 2272 720 2324 lac
745 2271 989 2324 divinum
1018 2270 1400 2340 suppeditatur
1429 2270 1688 2325 uberibus
1713 2311 1727 2335 ,
1768 2287 1878 2340 quo
1904 2286 2006 2323 nu-

439 2363 601 2417 tritur
627 2363 806 2416 anima
829 2401 843 2422 ,
875 2363 1269 2417 convenienter
1301 2362 1642 2432 proportioni
1684 2361 1805 2416 lidei
1833 2369 2006 2416 attra-

439 2458 574 2510 hens
597 2455 848 2525 gratiam.
890 2454 1254 2521 Quamobrem
1277 2454 1452 2509 dicit:
1501 2454 1651 2510 Bona
1679 2465 1801 2509 sunt
1842 2456 2005 2510 ubera

439 2557 530 2600 tua
561 2562 723 2615 supra
752 2547 930 2599 vinum
953 2585 968 2610 ,
1003 2561 1068 2600 ex
1119 2547 1218 2600 loci
1271 2546 1538 2616 positione
1590 2561 1684 2615 per
1715 2546 1879 2600 ubera
1909 2561 2006 2600 cor

435 2638 600 2691 tacite
632 2639 970 2708 signiﬁcans.
1001 2637 1237 2692 Omnino
1282 2645 1462 2691 autem
1498 2637 1592 2705 qui
1640 2652 1735 2691 cor
1780 2637 2002 2706 quidem

435 2730 707 2784 occultam
756 2739 810 2783 et
831 2744 1087 2783 arcanam
1116 2727 1422 2783 divinitatis
1451 2729 1702 2786 virtutem
1730 2728 2001 2798 intelligit,

437 2838 548 2877 non
583 2821 809 2876 errabit.
859 2821 1035 2875 Ubera
1083 2829 1263 2875 autem
1304 2821 1482 2874 bonas
1531 2821 1729 2874 divina:
1783 2821 2003 2874 virtutis

437 2927 537 2980 pro
567 2909 725 2963 nobis
748 2909 1094 2979 operationes
1122 2909 1314 2962 merito
1343 2924 1636 2977 possumus
1665 2909 1998 2970 existimare.

438 3017 532 3070 per
560 3015 698 3069 quas
734 3000 1166 3068 uniuscujusque
1195 3000 1360 3052 vitam
1393 3009 1651 3068 tauquam
1689 3000 1871 3054 nutrix
1904 3000 2001 3053 alit

2105 1811 2350 1876 ἔδωκας,
2382 1806 2459 1862 Ἦ
2486 1811 2594 1880 γάρ
2625 1810 2689 1863 ἂν
2719 1807 3055 1878 ἐκαθαρίσθη
3083 1804 3175 1859 τοῦ
3206 1805 3415 1866 πάθους
3446 1803 3531 1873 τῷ
3563 1802 3694 1854 στό-

2108 1918 2239 1971 ματι
2271 1899 2484 1963 σπάσας
2527 1900 2624 1969 τὴν
2655 1899 3017 1967 καθαρότητα.
3063 1895 3198 1948 Ἀλλ’
3229 1897 3437 1955 ἐκεῖνος
3470 1892 3573 1962 μὲν
3610 1893 3698 1943 εί-

2104 1993 2276 2054 κότως
2323 1990 2618 2060 ἀνέραστος
2654 1985 2742 2060 ἦν,
2789 1986 3211 2058 ὑπερσαρκήσας
3253 1985 3341 2037 διὰ
3372 1983 3477 2053 τῆς
3521 1983 3689 2034 νόσου

2104 2083 2240 2155 πρὸς
2268 2083 2366 2152 τὴν
2397 2081 2600 2136 οἰκείαν
2645 2080 2959 2150 ἐπιθυμίαν,
2995 2078 3170 2148 μένων
3198 2076 3302 2129 ὐπὸ
3338 2074 3435 2128 τοῦ
3473 2072 3692 2134 πάθους

2103 2175 2393 2236 ἀκένωτος.
2467 2173 2530 2225 Ἦ
2589 2171 2645 2223 δὲ
2703 2169 3088 2239 κεκαθαρμένη
3140 2166 3330 2236 ψυχὴ,
3402 2163 3695 2234 μηδεμιᾶς

2105 2262 2413 2335 σαρκώδους
2444 2261 2648 2332 λέπρας
2697 2258 3162 2329 ἐπιπροσθούσης,
3202 2255 3392 2324 βλέπει
3431 2254 3529 2306 τὸν
3575 2254 3693 2306 τῶν

2103 2354 2322 2422 ἀγαθῶν
2342 2352 2610 2423 θησαυρόν
2630 2371 2642 2380 ·
2671 2351 2839 2420 ὄνομα
2857 2350 2911 2402 δέ
2943 2352 3059 2400 ἐστι
3084 2348 3160 2418 τῷ
3190 2345 3456 2417 θησαυρῷ
3481 2347 3518 2416 ἡ
3543 2361 3690 2414 tap-

2103 2446 2210 2498 δία.
2266 2446 2376 2499 Καὶ
2417 2447 2445 2496 ὁ
2493 2443 2780 2512 Προφήτης
2822 2441 3066 2510 καθαράν
3121 2438 3408 2507 κτισθῆναι
3449 2435 3690 2506 καρδίαν

2104 2533 2423 2605 παρεκάλει,
2454 2530 2545 2600 ἀφ’
2577 2527 2642 2602 ᾖς
2673 2533 2787 2582 ἐστι
2833 2533 2942 2591 τοῖς
2994 2529 3181 2598 μαζοῖς
3217 2529 3251 2596 ἡ
3301 2526 3547 2597 χορηγία
3590 2525 3688 2577 τοῦ

2104 2625 2244 2678 θείου
2272 2623 2537 2692 γάλακτος
2559 2661 2573 2684 ,
2601 2615 2646 2690 ᾧ
2672 2622 2929 2692 τρέφεται
2962 2624 2994 2689 ὴ
3029 2617 3172 2688 ψυχὴ
3190 2660 3204 2682 ,
3241 2617 3384 2669 κατά
3412 2616 3518 2687 τὴν
3551 2617 3686 2668 ἀνα-

2102 2717 2284 2785 λογίαν
2308 2717 2404 2784 τῆς
2432 2715 2666 2776 πίστεως
2696 2712 3033 2782 ἐφελκομένη
3063 2711 3158 2779 τὴν
3189 2710 3369 2780 χάριν.
3397 2708 3503 2761 Διά
3527 2704 3690 2760 τοῦτό

2103 2827 2264 2878 φησιν
2287 2850 2302 2872 ,
2334 2809 2413 2860 ὅτι
2457 2806 2676 2876 Ἀγαθοὶ
2710 2809 2760 2858 οἱ
2789 2804 3014 2872 μασθοί
3041 2820 3156 2856 σου
3187 2802 3340 2869 ὑπὲρ
3371 2798 3549 2854 οἶνον
3571 2818 3584 2831 υ
3622 2802 3685 2852 ὲκ

2101 2901 2200 2970 τῆς
2247 2899 2472 2968 τοπικῆς
2521 2897 2720 2958 θέσεως
2775 2897 2861 2948 διὰ
2900 2895 3005 2947 τῶν
3062 2893 3247 2964 μαζῶν
3292 2893 3397 2963 τὴν
3452 2892 3688 2964 καρδίαν

2104 2990 2567 3060 ὑποσημαίνουσα.
2602 2987 2823 3049 Πάντως
2844 2986 2900 3038 δὲ
2923 2985 3149 3055 καρδίαν
3179 2985 3275 3054 μὲν
3301 2983 3406 3055 τὴν
3433 3001 3686 3053 κεκρυμ-

438 3093 580 3146 Deus
606 3131 620 3154 ,
648 3091 948 3160 unicuique
977 3106 1165 3144 eorum
1205 3090 1298 3160 qui
1328 3091 1633 3159 accipiunt,
1669 3094 2001 3147 conveniens

2109 3083 2273 3154 μένην
2301 3099 2359 3134 τε
2395 3080 2488 3132 καὶ
2517 3079 2824 3150 ἀπόρρητον
2853 3078 2953 3146 τῆς
2986 3077 3236 3146 θεότητος
3266 3075 3508 3145 δύναμιν
3549 3075 3685 3128 νοιῖιν

437 3183 672 3252 largiens
701 3181 1121 3233 nutrimentum.

2104 3191 2220 3238 τις,
2261 3173 2359 3243 οὐχ
2389 3172 2797 3242 ἁμαρτήσεται·
2844 3168 3046 3240 μαζοὺς
3078 3169 3134 3222 δὲ
3171 3169 3271 3231 τὰς
3311 3167 3534 3235 ἀγαθάς
3586 3167 3687 3235 τῆς

434 3273 584 3335 θείας
611 3272 890 3342 δυνάμεως
913 3272 1052 3342 ὑπὲρ
1090 3271 1244 3341 ήμῶν
1269 3272 1549 3342 ἐνεργείας
1578 3273 1801 3334 εἰκότως
1831 3271 1895 3324 ἄν
1918 3287 2002 3334 τις
2035 3269 2384 3337 ὑπονοήσειε,
2433 3266 2499 3317 δι’
2550 3259 2623 3318 ῶν
2671 3265 2967 3336 τιθηνεῖται
3009 3263 3109 3333 τήν
3175 3263 3412 3317 ἑκάστου
3449 3261 3597 3334 ζωὴν
3655 3261 3690 3312 6

433 3365 584 3427 Θεὸς,
613 3363 942 3432 κατάλληλον
971 3365 1184 3433 ἑκάστῳ
1213 3362 1320 3416 τῶν
1344 3365 1643 3434 δεχομένων
1662 3366 1759 3435 τὴν
1788 3365 1990 3435 τροφὴν
2028 3361 2412 3435 χαριζόμενος.

503 3460 785 3526 Quoddam
816 3459 982 3512 etiam
1013 3458 1160 3513 aliud
1181 3458 1378 3529 dogma
1411 3459 1679 3515 discimus
1706 3459 1882 3514 obiter
1906 3475 2003 3530 per

2168 3455 2527 3524 Μανθάνομεν
2556 3454 2612 3506 δέ
2649 3471 2700 3506 τι
2731 3451 2874 3505 κατά
2895 3451 3130 3523 πάροδον
3158 3451 3253 3504 καὶ
3287 3451 3481 3522 ἕτερον
3512 3453 3688 3521 δόγμα

433 3552 597 3622 hujus
639 3553 762 3606 libri
811 3551 1209 3621 philosophiam
1232 3591 1246 3612 ,
1284 3567 1478 3622 nempe
1509 3551 1656 3621 quod
1689 3553 1885 3622 duplex
1918 3560 2003 3606 est

2109 3547 2182 3601 5ιά
2209 3549 2306 3617 τῆς
2335 3546 2428 3599 τοῦ
2462 3545 2664 3615 βιϐλίου
2697 3545 2887 3598 τούτου
2917 3543 3233 3613 φιλοσοφίας
3251 3583 3270 3602 .
3301 3546 3386 3597 ὅτι
3411 3544 3585 3614 διπλῆ
3609 3547 3688 3607 τίς

434 3645 490 3698 in
526 3644 684 3698 nobis
735 3657 934 3697 sensus
963 3684 977 3706 ,
1029 3642 1170 3696 alius
1220 3641 1439 3712 quidem
1487 3644 1819 3711 corporalis,
1859 3643 2000 3697 alius

2109 3645 2241 3695 ἐστιν
2270 3643 2328 3697 ἐν
2354 3642 2482 3710 ήμίν
2505 3639 2786 3708 αἴσθησις,
2819 3639 2852 3707 ὴ
2889 3638 2985 3708 μὲν
3021 3637 3331 3708 σωματικὴ,
3363 3640 3397 3706 ή
3442 3637 3504 3690 δὲ
3544 3639 3686 3691 θειο-

436 3751 564 3789 vero
601 3735 858 3794 divinus.
901 3735 1042 3789 sicut
1091 3735 1291 3789 alicubi
1348 3734 1549 3789 dicitur
1583 3737 1636 3789 in
1667 3736 1997 3799 Proverbiis,

2109 3733 2264 3803 τέρα,
2299 3732 2481 3794 καθώς
2515 3731 2646 3802 φησί
2679 3747 2781 3782 που
2811 3731 2908 3800 τῆς
2953 3731 3262 3801 Παροιμίας
3293 3733 3320 3783 ό
3364 3731 3533 3798 λόγος
3562 3747 3576 3760 ·
3609 3734 3686 3784 ὅτι

434 3823 657 3879 Sensum
695 3824 926 3877 divinum
976 3825 1222 3879 invenies.
1268 3823 1364 3880 Est
1393 3827 1540 3879 enim
1571 3825 1816 3895 quasdam
1871 3841 1996 3895 pro-

2109 3824 2392 3889 Ατσθησιν
2434 3823 2602 3877 θείαν
2643 3821 2941 3889 εὑρήσεις.
2987 3821 3269 3889 Ἀναλογία
3297 3821 3411 3892 γάρ
3451 3823 3542 3886 τίς
3573 3826 3689 3877 ἐστι

434 3913 616 3981 portio
647 3919 702 3965 et
733 3915 1113 3965 convenientia
1141 3913 1472 3968 animalibus
1509 3917 1746 3971 motibus
1773 3924 1827 3970 et
1863 3931 1998 3985 ope-

2109 3915 2205 3976 ιοῖς
2235 3913 2484 3983 ψυχικοῖς
2513 3916 2776 3984 κινήμασι
2809 3914 2902 3966 καὶ
2933 3914 3300 3983 ὲνεργήμασιν
3324 3915 3467 3986 πρὸς
3494 3915 3567 3966 τὰ
3593 3915 3686 3967 τοῦ

435 4004 739 4058 rationibus
790 4018 912 4056 cum
969 4004 1353 4057 instrumentis
1415 4019 1675 4058 sensuum
1728 4005 1998 4073 corporis,

2109 4003 2344 4075 πώματος
2387 4004 2750 4076 αἰσθητήρια,
2787 4005 2880 4058 κα)¹
2925 4004 3086 4058 τοῦτο
3116 4006 3178 4056 ἐκ
3224 4004 3336 4056 τῶν
3391 4007 3687 4074 παρόντων

431 4103 487 4149 et
521 4095 625 4148 hoc
663 4093 930 4148 discimus
973 4109 1037 4146 ex
1075 4095 1434 4162 przesentibus
1470 4094 1708 4164 eloquiis
1735 4095 1994 4164 Spiritus.

430 4183 629 4242 Vinum
652 4187 794 4241 enim
849 4194 903 4240 et
933 4187 1014 4239 lac
1045 4193 1202 4254 gustu
1237 4183 1636 4253 dijudicantnr:
1662 4201 1784 4239 cum
1813 4193 1994 4238 autem

431 4279 520 4332 illa
554 4279 666 4332 sint
709 4277 1020 4345 ejusmodi,
1072 4285 1131 4328 ut
1178 4276 1283 4331 sub
1327 4277 1738 4344 intelligentiam
1773 4277 1992 4340 cadant,

430 4370 650 4423 omnino
676 4384 797 4437 qua:
830 4383 892 4421 ea
924 4367 1176 4437 intelligit
1205 4377 1258 4420 et
1285 4367 1664 4436 apprehendit,
1702 4375 1786 4420 est
1815 4369 1991 4422 virtus

2099 4096 2440 4166 μανθάνομεν
2468 4097 2665 4165 λογίων
2693 4097 2784 4150 τοῦ
2837 4095 3174 4166 Πνεύματος.
3215 4096 3272 4148 Ὁ
3297 4095 3410 4164 γὰρ
3443 4092 3594 4160 οϊνός
3627 4115 3686 4150 τε

2101 4185 2196 4237 καὶ
2227 4185 2366 4252 γάλα
2402 4188 2466 4256 τῇ
2493 4186 2678 4253 γεύσει
2706 4186 2950 4257 κρίνεται
2970 4203 2985 4217 °
3018 4186 3227 4257 νοητῶν
3259 4185 3315 4237 δὲ
3345 4186 3522 4240 ὄντων
3547 4190 3687 4241 ἐκεί·

2102 4289 2228 4335 νων,
2270 4275 2434 4344 νοητὴ
2473 4275 2691 4339 πάντως
2732 4277 2887 4346 καὶή
2924 4275 3286 4347 ἀντιληπτικὴ
3327 4277 3544 4330 τούτων
3587 4281 3686 4348 τῆς

2097 4364 2272 4437 ψυχῆς
2309 4367 2424 4419 ἐστι
2463 4367 2709 4439 δύναμις.
2738 4369 2811 4422 Τὸ
2853 4369 2918 4423 δὲ
2953 4367 3164 4437 φίλημα
3188 4368 3279 4421 διὰ
3304 4368 3407 4437 τῆς
3437 4371 3684 4440 ἀπτικῆς

429 4461 641 4512 animze.
679 4457 758 4510 Ad
789 4456 1162 4525 operationem
1199 4464 1378 4509 autem
1425 4455 1714 4510 deducitur
1743 4457 1992 4510 osculum

2109 4455 2401 4527 ιίσθήσεως
2446 4459 2768 4530 ἐνεργεῖται.
2825 4460 3160 4527 Ἐφάπτεται
3189 4460 3300 4530 γὰρ
3331 4460 3588 4530 ἀλλήλων
3615 4465 3683 4515 τά

429 4566 523 4615 per
561 4563 784 4603 sensum
827 4556 1024 4601 tactus.
1060 4545 1194 4599 Nam
1223 4561 1283 4601 se
1313 4547 1542 4602 invicem
1578 4555 1808 4616 tangunt
1841 4547 1992 4600 labra

2109 4548 2242 4618 (είλη
2294 4550 2352 4600 ὲν
2400 4548 2475 4618 τῷ
2517 4550 2803 4620 φιλήματι.
2844 4552 3000 4604 Ἔστι
3051 4551 3108 4604 δέ
3154 4567 3236 4613 τις
3293 4554 3391 4603 καὶ
3431 4553 3550 4623 ἀφὴ
3582 4555 3680 4624 τῆς

428 4638 482 4690 in
526 4638 737 4693 osculo.
769 4636 863 4692 Est
898 4647 1076 4691 autem
1115 4637 1280 4691 etiam
1329 4637 1548 4706 quidam
1587 4646 1768 4692 tactus
1799 4639 1994 4692 animae

2109 4637 2287 4709 ίυχῆς,
2339 4642 2679 4712 ήὰπτομένη
2727 4642 2821 4695 τοῦ
2857 4642 3039 4710 λόγου,
3074 4643 3164 4696 διά
3194 4659 3340 4706 τινος
3377 4642 3679 4714 ἀσωμάτῳ

425 4728 519 4798 qui
565 4727 789 4781 verbum
839 4729 1044 4798 tangit;
1075 4727 1366 4784 deducitur
1406 4737 1586 4783 autem
1619 4728 1685 4782 ad
1721 4730 1996 4798 operatio-

2109 4731 2184 4782 cui.
2211 4733 2404 4804 νοητῆς
2444 4735 2660 4803 ἐπαφῆς
2702 4735 3088 4804 ἐνεργουμένη,
3123 4734 3307 4798 καθὼς
3346 4730 3506 4787 εἶπεν
3536 4739 3564 4788 6
3600 4741 3679 4788 είο

427 4833 549 4873 uem
584 4833 679 4888 per
710 4817 1000 4887 quemdam
1049 4833 1372 4886 corporeum
1430 4827 1779 4882 contactum,
1811 4826 1864 4872 et
1901 4818 1994 4887 qui

2109 4820 2228 4885 τὼν,
2273 4823 2354 4876 ὅτι
2401 4827 2470 4877 Al
2514 4824 2706 4892 χεῖρες
2747 4823 2916 4892 ἡμῶν
2956 4825 3372 4894 ἐψηλάφησαν
3407 4828 3547 4894 περὶ
3580 4830 3678 4881 τσῦ

425 4907 570 4962 cadit
615 4910 717 4962 sub
763 4908 1174 4978 intelligentiam
1204 4946 1219 4968 ,
1276 4915 1334 4961 ut
1367 4907 1584 4962 dicebat
1618 4912 1663 4963 is
1698 4910 1792 4978 qui
1830 4909 1989 4972 dixit,

2109 4913 2276 4980 ῑόγου
2303 4912 2410 4980 τῆς
2442 4913 2608 4982 ζωῆς.
2650 4917 2922 4978 Ὡσαύτως
2945 4915 3002 4969 δὲ
3047 4915 3142 4969 καὶ
3170 4917 3204 4984 ή
3228 4915 3340 4968 τῶν
3375 4915 3546 4971 θείων
3586 4921 3677 4990 μέν

427 4997 621 5052 Manus
652 5007 846 5052 nostra:
872 5008 1320 5052 contrectavemnt
1361 5001 1424 5052 de
1453 5001 1601 5053 verbo
1655 5003 1775 5054 vita:
1799 5002 1864 5054 ⁸⁷.
1905 5000 1993 5053 Si-

2109 5019 2202 5054 >ων
2231 5004 2391 5074 ὀσμή,
2414 5005 2475 5056 οὐ
2507 5007 2796 5076 μυκτήρων
2832 5009 2979 5060 ἐστὶν
3003 5007 3166 5078 ὀσμὴ,
3201 5007 3342 5061 ἀλλά
3373 5027 3523 5072 τινος
3561 5030 3678 5080 νοη-

425 5090 628 5145 militer
671 5098 850 5145 autem
897 5091 1032 5144 odor
1079 5107 1296 5160 quoque
1338 5091 1650 5145 divinorum
1685 5104 1994 5160 unguento-

2109 5093 2192 5163 τῆς
2225 5095 2319 5147 καὶ
2343 5095 2506 5148 ἀΰλου
2532 5095 2832 5166 δυνάμεως,
2859 5101 2924 5168 τῇ
2960 5098 3054 5151 τοῦ
3079 5098 3388 5168 πνεύματος
3412 5100 3556 5172 ὀλκῇ
3588 5104 3674 5172 τὴν

425 5197 570 5246 rum,
614 5199 722 5237 non
755 5193 840 5238 est
877 5184 1015 5238 odor
1043 5183 1280 5248 narium,
1321 5185 1414 5240 sed
1449 5186 1736 5253 cujusdam
1769 5186 1995 5240 virtutis

2109 5183 2187 5236 τοῦ
2250 5184 2484 5255 Χριστοῦ
2536 5185 3006 5257 συνεφελκομένης
3043 5187 3293 5240 εὐωδίαν.
3353 5186 3519 5240 Οὕτω
3575 5192 3673 5261 γάρ

425 5275 670 5347 materiae
713 5275 975 5345 expertis,
1011 5283 1064 5328 et
1109 5291 1229 5344 qua:
1269 5277 1569 5346 percipitur
1605 5277 1988 5344 intelligentia,

2109 5276 2130 5346 ἡ
2149 5275 2434 5328 ἀκολουθία
2453 5276 2553 5345 τῆς
2570 5277 2904 5348 παρθενικῆς
2926 5279 3091 5348 εὐχῆς
3114 5281 3170 5330 ἐν
3200 5279 3517 5348 προοιμίοις
3541 5281 3669 5350 ἔχει’

424 5381 546 5419 cum
578 5373 754 5418 tractu
791 5367 1018 5434 spiritus
1041 5366 1203 5420 simul
1240 5367 1521 5422 attraheus
1543 5368 1742 5421 Christi
1786 5369 1987 5422 bonmn

2109 5367 2174 5418 ὅτι
2240 5366 2460 5436 Ἀππαθοὶ
2485 5370 2709 5436 μασθοί
2773 5385 2890 5424 σου
2930 5370 3082 5437 ὑπὲρ
3116 5365 3305 5433 οἶνον,
3356 5374 3457 5427 καί
3518 5374 3667 5439 ὀσμή

421 5453 667 5508 odorem.
702 5453 792 5509 Sic
819 5456 962 5509 enim
996 5457 1106 5511 voti
1140 5457 1424 5526 virginalis
1449 5457 1504 5510 in
1529 5458 1794 5527 proauuio
1827 5457 1989 5511 habet

2109 5457 2293 5524 κύρων
2323 5473 2438 5510 σου
2459 5458 2614 5526 ὑπὲρ
2643 5459 2840 5516 πάντα
2872 5459 2945 5513 τὰ
2982 5460 3282 5530 ἀρώματα.
3316 5462 3591 5534 Δηλοῦται
3623 5463 3667 5515 δὲ

496 5625 547 5659 ’³
567 5625 710 5681 Psal.
737 5643 928 5693 cxvm,
961 5629 1081 5683 151.
1157 5629 1203 5661 ⁹⁵
1224 5629 1376 5683 Joan.
1405 5630 1620 5693 vu,'57.
1717 5632 1761 5662 ’³⁵
1787 5630 1917 5684 Luc.
1948 5642 2044 5693 vu,

1157 5629 1203 5661 "
1224 5629 1376 5683 Joan.
1405 5630 1620 5694 vu,'57.
1717 5632 1761 5662 ’³⁵
1787 5630 1917 5684 Luc.
1948 5642 1998 5683 Vt

2109 5627 2174 5683 l5.
2251 5630 2297 5663 ’°
2322 5628 2469 5685 Psal.
2504 5646 2555 5696 ι..
2591 5631 2678 5686 12.
2756 5632 2846 5686 οτι
2885 5631 3042 5689 Joan.
3071 5651 3110 5700 ι.
3159 5633 3210 5689 ί.
