3846 6220
151 346 255 401 781

1224 330 1288 401 IN
1324 346 1616 403 cannea
1653 342 1920 401 canna.
1976 346 2261 401 llOMlLIA
2297 349 2339 403 l.

3281 346 3389 405 782

151 464 245 516 διὰ
276 459 503 526 τούτων,
528 460 710 524 καθὼς
738 461 897 532 ἡμεῖς
924 461 1313 532 ὑπειλήφαμεν,
1344 464 1403 516 οὐ
1431 462 1622 533 μικρόν
1651 479 1724 526 τι,

1829 461 2218 532 consequentia
2249 485 2259 515 ;
2292 461 2436 513 Bana
2456 460 2617 513 ubera
2651 465 2740 515 tua‘
2768 477 2926 530 supra
2958 463 3151 522 vinum.
3184 473 3231 516 et
3261 465 3386 517 odor

151 553 281 606 οὐδὲ
309 552 780 625 εὐκαταφρόνητον
821 553 1019 623 νόημα.
1054 552 1207 622 Τάχα
1228 554 1337 621 γάρ
1364 556 1421 606 ὲν
1455 554 1532 624 τῷ
1559 554 1726 624 ὐπερ-

152 645 330 697 θεῖναι
358 643 450 697 διὰ
467 644 810 715 συγκρίσεως
835 645 897 698 τὸ
928 648 992 698 ἐκ
1015 645 1123 699 τῶν
1153 646 1312 699 θείων
1343 646 1560 716 μασθῶν
1585 646 1727 714 γάλα

150 737 256 805 τῆς
288 736 354 787 ὲκ
390 735 485 788 τοῦ
511 734 655 789 οἴνου
693 737 993 808 γενομένης
1028 739 1158 809 ἡμῖν
1193 738 1551 809 εὐφροσύνης,
1595 754 1726 808 μανι

152 826 393 895 θάνομεν
427 825 517 878 διά
557 825 666 878 τῶν
720 827 1043 898 εἰρημένων,
1100 829 1181 881 ὅτι
1217 830 1365 882 πᾶσα
1409 829 1725 899 ἀνθρωπίνη

155 917 324 984 σοφία
372 916 469 968 καὶ
504 918 782 987 ἐπιστήμη
829 917 939 969 τῶν
975 918 1143 971 ὄντων
1187 919 1281 971 καὶ
1306 920 1456 971 πᾶσα
1499 918 1727 988 δύναμις

154 1008 469 1081 θεωρητικὴ
498 1011 590 1062 καὶ
618 1010 980 1082 κατανοητικὴ
1013 1014 1279 1080 φαντασία
1311 1012 1585 1078 ἀδυνάτως
1615 1013 1727 1083 ἔχει

151 1100 535 1171 παρισωθῆναι
578 1100 665 1153 διὰ
714 1102 1050 1173 συγκρίσεως
1103 1105 1166 1175 τῇ
1236 1103 1571 1175 ἁπλουστέρά
1619 1104 1728 1157 τῶν

150 1190 319 1243 θείων
350 1191 685 1262 μαθημάτων
729 1196 922 1263 τροφῇ.
972 1194 1065 1246 Ἐκ
1114 1194 1221 1264 γὰρ
1263 1194 1371 1247 τῶν
1422 1194 1641 1264 μασθῶν
1668 1196 1729 1247 τὸ

152 1283 303 1351 γάλα
331 1283 555 1354 φέρεται
581 1300 595 1315 °
632 1285 839 1355 νηπίων
870 1285 914 1337 δ’
946 1286 1063 1338 ἐστὶ
1090 1285 1150 1338 τὸ
1182 1286 1320 1353 γάλα
1346 1289 1541 1358 τροφή.
1583 1288 1643 1341 '0
1671 1288 1728 1340 δὲ

150 1371 298 1437 οἶνος
325 1374 391 1427 δι’
415 1375 657 1427 εὐτονίαν
689 1392 749 1427 τε
782 1377 875 1428 καὶ
897 1376 1226 1448 θερμότητα,
1248 1378 1356 1430 τῶν
1383 1379 1730 1451 τελειοτέρων

147 1464 454 1527 ἀπόλαυσις
484 1464 731 1533 γίνεται·
764 1467 877 1520 ἀλλ’
918 1468 1066 1536 ὅμως
1111 1468 1171 1521 τὸ
1213 1471 1270 1522 ἐν
1311 1470 1375 1541 τῇ
1417 1469 1521 1535 ἔξω
1567 1472 1727 1541 σοφίᾳ

150 1556 360 1610 τέλειον
403 1558 501 1628 τῆς
532 1558 832 1629 νηπιώδους
864 1558 957 1612 τοῦ
1000 1558 1145 1612 θείου
1186 1559 1345 1629 λόγου
1384 1562 1728 1625 διδασκαλίας

150 1648 275 1700 ἐστὶ
304 1648 645 1719 μικρότερον.
677 1650 776 1702 Διά
799 1648 955 1702 τοῦτο
978 1650 1254 1719 κρείττους
1277 1654 1326 1704 οἱ
1349 1650 1480 1705 θεῖοι
1509 1651 1723 1723 μασθοὶ,

152 1736 248 1789 τοῦ
284 1735 624 1807 ἀνθρωπίνου
652 1735 819 1790 οἴνου.
861 1738 922 1790 Ἥ
946 1738 1001 1791 δὲ
1026 1738 1169 1808 ὀσμὴ
1195 1738 1306 1792 τῶν
1331 1739 1490 1793 θείων
1516 1740 1723 1812 μύρων,

1827 565 2211 625 unguentorum
2251 565 2459 609 tuorum
2519 571 2679 624 supra
2738 558 2913 610 omnia
2968 568 3229 611 aromata.
3289 559 3388 610 Per

1825 645 1945 700 haec
1984 656 2187 711 autem,
2222 655 2283 699 ut
2326 660 2430 699 nos
2477 645 2873 707 existimamus,
2906 648 3246 718 signiﬁcatur
3279 664 3385 702 nun

1825 751 1996 808 parva
2051 737 2265 807 aliqua,
2330 753 2509 807 neque
2563 740 2958 791 contemnenda
3006 740 3383 808 intelligentia.

1826 829 1992 884 Forte
2014 830 2161 883 enim
2193 829 2249 883 in
2283 844 2350 883 eo
2391 828 2538 899 quod
2570 828 2875 897 praetulerit
2899 844 2997 898 per
3019 832 3388 900 comparatinv

1826 935 1949 974 nem
1986 921 2068 975 lac
2103 921 2249 990 quod
2295 938 2359 975 ex
2394 920 2597 975 divinis
2629 929 2815 974 manat
2856 922 3141 985 uberibus,
3189 925 3388 997 laetitia:

1826 1024 1947 1080 qua:
1992 1010 2149 1065 nobis
2193 1010 2370 1065 oritur
2402 1025 2469 1064 ex
2508 1009 2658 1075 vino,
2698 1024 2793 1078 per
2820 1024 2882 1064 ea
2908 1026 3027 1080 quae
3057 1012 3200 1065 dicta
3234 1024 3384 1076 sunt,

1825 1102 2116 1165 discimus,
2151 1102 2297 1171 quod
2325 1102 2504 1156 omnis
2528 1100 2770 1154 humana
2795 1101 3083 1171 sapientia,
3120 1112 3173 1158 et
3196 1118 3383 1159 eorum

1825 1208 1948 1263 qua
1991 1200 2121 1249 sunt
2159 1193 2412 1255 scientia;
2445 1201 2499 1246 et
2532 1193 2713 1247 omnis
2743 1193 2918 1248 virtus
2944 1196 3384 1265 contemplativa.

1826 1292 1882 1338 et
1920 1290 2102 1338 mente
2135 1281 2606 1351 coniprehendens
2633 1282 2946 1351 phantasia,
2980 1298 3076 1353 per
3100 1299 3387 1355 compara-

1825 1375 2029 1429 tionem
2073 1390 2181 1428 non
2226 1382 2406 1443 potest
2448 1377 2721 1444 exaequari
2768 1376 3004 1446 simplici
3051 1377 3389 1433 nutrimento

1824 1466 2134 1520 divinarum
2173 1464 2608 1534 disciplinarum.
2641 1464 2747 1520 Lac
2774 1466 2920 1520 enim
2948 1465 3068 1521 ﬂuit
3095 1483 3163 1522 ex
3199 1469 3386 1524 uberi-

1823 1557 1962 1623 bus;
1995 1564 2079 1611 est
2127 1564 2307 1610 autem
2354 1556 2438 1609 lac
2498 1556 2897 1611 nutrimentum
2941 1558 3257 1615 infantium.
3288 1560 3384 1614 Vi-

1824 1662 1955 1701 num
1987 1655 2167 1701 autem
2216 1652 2441 1714 propter
2470 1645 2580 1699 vim
2622 1653 2678 1699 et
2718 1645 2957 1700 calorem
3001 1646 3167 1701 datur
3195 1645 3385 1702 fruen-

1825 1738 1955 1793 dum
1983 1736 2431 1807 pertectioribus,
2467 1735 2563 1791 sed
2597 1743 2780 1790 tamen
2802 1737 2946 1807 quod
2974 1747 3060 1792 est
3085 1738 3385 1807 perfectum

152 1826 392 1880 καλλίων
420 1827 535 1880 ἐστὶ
556 1829 737 1898 πάσης
765 1830 864 1898 τῆς
893 1829 950 1881 ἐν
978 1828 1262 1900 ἀρώμασιν
1286 1829 1529 1893 εὐωδίας.
1567 1831 1726 1885 Ὅθεν

1830 1830 1885 1883 in
1910 1837 2141 1884 externa
2183 1828 2472 1897 sapientia,
2503 1828 2687 1883 minus
2726 1836 2811 1883 est
2845 1843 3009 1897 quam
3039 1828 3210 1883 divini
3239 1833 3387 1883 verlii

149 1919 304 1973 δοκεῖ
358 1919 599 1972 τοιοῦτον
649 1919 739 1972 τὸν
797 1920 920 1973 νοῦν
974 1920 1377 1974 ἀποδεικνύειν
1434 1920 1725 1993 Ἀρώματα

152 2011 384 2083 νοοῦμεν
428 2013 527 2076 τάς
590 2012 819 2082 ἀρετὰς,
871 2006 1012 2076 οἷον,
1069 2013 1285 2081 σοφίαν.
1349 2014 1721 2085 σωφροσύνην,

148 2106 427 2177 ἀνδρείαν,
464 2105 725 2176 φρόνησιν
745 2145 760 2169 ,
792 2105 887 2157 καὶ
916 2104 984 2157 τὰ
1015 2104 1260 2169 τοιαῦτα,
1303 2099 1381 2167 οἷς
1417 2122 1726 2175 προσχρων·

154 2197 389 2269 νύμενος
438 2197 581 2250 κατά
630 2196 727 2266 τὴν
768 2194 961 2250 ἑαυτοῦ
1000 2195 1226 2265 δύναμιν
1269 2196 1363 2249 καὶ
1408 2196 1724 2268 προαίρεσιν

149 2289 417 2353 ἕκαστος,
467 2287 626 2351 ἄλλος
672 2287 848 2351 ἄλλως
891 2290 949 2341 ὲν
997 2287 1193 2357 εὐωδία
1229 2285 1524 2356 γινόμεθα·
1557 2289 1585 2340 ό
1627 2287 1725 2356 μὲν

147 2381 218 2433 ιχ
252 2379 607 2452 σωφροσύνης
638 2379 670 2449 ἢ
701 2380 923 2447 σοφίας*
955 2381 985 2433 ὁ
1010 2379 1067 2432 δὲ
1098 2380 1161 2431 ἐκ
1183 2377 1543 2448 δικαιοσύνης,
1577 2378 1724 2448 ἢάνο

148 2469 371 2541 δρείας,
397 2472 431 2541 ἢ
461 2470 619 2525 ἄλλου
652 2471 795 2534 τινὸς
816 2470 922 2522 τῶν
946 2472 1065 2524 κατ’
1095 2469 1294 2541 ἀρετὴν
1327 2470 1629 2539 νοουμένων
1653 2488 1665 2499 ·
1694 2471 1724 2522 ὁ

148 2562 211 2615 δὲ
258 2563 423 2633 τυχὸν
470 2564 565 2615 καὶ
602 2564 667 2616 ἐκ
720 2564 937 2616 πάντων
974 2563 1081 2616 τῶν
1113 2561 1366 2615 τοιούτων
1416 2563 1722 2633 ἀρωμάτων

152 2654 609 2724 συγκεκραμένην
655 2653 768 2723 ἔχει
818 2654 875 2706 ὲν
910 2653 1087 2723 ἑαυτῷ
1141 2653 1238 2723 τὴν
1280 2652 1519 2705 εὐωδίαν.
1587 2653 1722 2704 Ἀλλ’

147 2746 308 2815 ὅμως
351 2744 523 2797 ταῦτα
562 2743 739 2797 πάντα
765 2744 865 2797 οὐκ
910 2745 977 2797 ἂν
1019 2749 1098 2807 είς
1130 2744 1413 2813 σύγκρισιν
1454 2741 1595 2795 ἔλθοι
1627 2744 1725 2813 τῆς

150 2835 458 2898 παντελοῦς
484 2835 687 2907 ἀρετῆς
724 2837 958 2906 ἐκείνης,
992 2837 1059 2906 ἣν
1086 2836 1213 2898 τούς
1234 2836 1492 2907 οὐρανοὺς
1523 2833 1722 2903 διειλη-

150 2925 316 2993 φέναι
356 2925 521 2994 φησὶν
576 2924 887 2993 Ἀὁϐακοὺμ
918 2926 947 2978 ό
978 2926 1262 2995 προφήτης
1308 2922 1475 2976 είπών
1500 2941 1512 2952 ·
1566 2922 1727 2975 Ἐκά-

145 3010 358 3077 λυψεν
391 3005 686 3076 οἰιρανοὺς
729 3007 769 3076 ἠ
816 3007 997 3077 ἁρετὴ
1030 3008 1239 3072 αὑτοῦ,
1284 3008 1409 3078 ἥτις
1441 3011 1586 3062 ἐστὶν
1637 3010 1736 3062 αὐ-

146 3094 407 3171 τοσοφία,
458 3103 554 3155 καὶ
596 3101 1043 3173 αὐτοδικαιοσύνη
1077 3105 1171 3156 καὶ
1212 3103 1597 3173 αὐτοαλήθεια,
1643 3104 1737 3157 καὶ

1826 1920 2101 1975 infantilis
2146 1918 2422 1973 doctrina.
2468 1917 2762 1988 Propterea
2812 1919 2942 1973 vino
2988 1918 3228 1974 humano
3274 1936 3390 1974 me-

1826 2013 1965 2066 liora
2018 2020 2148 2067 sunt
2188 2011 2357 2066 ubera
2407 2012 2618 2065 divina.
2664 2009 2815 2066 Odor
2850 2020 3035 2067 autem
3074 2013 3387 2067 divinorum

1827 2112 2230 2174 unguentorum
2272 2112 2356 2158 est
2404 2103 2595 2158 melior
2636 2102 2789 2157 omni
2825 2102 3127 2173 fragrantia
3175 2118 3392 2159 aroma~

1830 2206 1968 2252 tum.
2007 2194 2160 2253 Unde
2210 2198 2371 2253 nobis
2416 2196 2633 2251 videtur
2683 2196 2827 2249 hanc
2872 2196 3121 2252 indicare
3168 2207 3389 2252 senten-

1825 2290 1954 2342 tiain
1982 2289 2279 2343 :Aromata
2321 2287 2679 2359 intelligimus
2712 2289 2969 2353 virtutes,
3007 2288 3261 2343 videlicet
3297 2304 3390 2344 sa-

1824 2377 2119 2451 pientiam,
2191 2380 2649 2448 temperantiam,
2697 2378 3106 2445 fortitudinem,
3154 2379 3393 2450 pruden-

1827 2470 1977 2533 tiam,
2003 2476 2057 2524 et
2095 2485 2218 2539 qua:
2248 2479 2378 2525 sunt
2415 2470 2754 2539 huiusmodi,
2789 2472 2990 2541 quibus
3029 2472 3234 2528 oblitus
3268 2488 3393 2528 con-

1828 2561 2116 2615 venienter
2152 2576 2265 2616 suae
2294 2561 2554 2631 potestati
2596 2569 2653 2615 et
2700 2562 2876 2616 libero
2904 2564 3075 2617 animi
3104 2565 3189 2618 sui
3233 2567 3394 2620 insti-

1828 2660 1983 2716 tuto,
2036 2654 2436 2723 unusquisque,
2484 2654 2624 2709 alius
2679 2654 2840 2709 aliter
2895 2671 3089 2712 sumus
3138 2658 3195 2712 in
3249 2657 3392 2713 bono

1825 2743 2027 2811 odore;
2069 2746 2213 2799 alius
2244 2745 2467 2814 quidem
2510 2762 2575 2799 ex
2623 2747 2987 2816 temperantia
3039 2756 3135 2802 aut
3167 2750 3389 2819 sapien-

1825 2835 1932 2899 tia;
1972 2835 2111 2889 alius
2153 2844 2332 2887 autem
2368 2850 2435 2889 ex
2463 2834 2683 2902 justitia
2714 2846 2809 2889 aut
2856 2837 3040 2906 magni
3078 2838 3247 2891 animi
3275 2840 3390 2893 vir-

1829 2932 1967 2985 tute,
2000 2931 2095 2976 aut
2143 2924 2329 2993 aliquo
2360 2924 2467 2979 alio
2506 2940 2573 2979 ex
2624 2925 2694 2981 iis
2738 2942 2861 2996 quae
2904 2927 3285 2999 intelliguntur
3325 2946 3393 2987 ex

1826 3014 2064 3079 virtute;
2102 3016 2243 3070 alius
2283 3024 2465 3071 autem
2519 3017 2659 3072 forte
2707 3018 2872 3074 habet
2900 3020 3062 3074 etiam
3112 3023 3164 3075 in
3206 3038 3266 3078 se
3306 3022 3393 3078 bo-

1828 3121 1962 3159 num
1988 3107 2211 3161 odorem
2253 3118 2716 3179 contemperatum
2746 3128 2809 3166 ex
2838 3115 3096 3170 omnibus
3117 3117 3393 3185 ejusmodi

143 3194 220 3247 τὰ
262 3194 388 3248 καθ’
437 3194 667 3247 ἕκαστον
711 3195 906 3248 πάντα.
964 3194 1086 3247 Τῶν
1138 3194 1406 3265 οὐρανίων
1462 3194 1648 3267 μύρων
1700 3198 1726 3266 ἦ

1834 3200 2193 3256 aromatibus.
2243 3198 2351 3255 Sed
2394 3174 2574 3258 tamen
2610 3206 2725 3257 lucc
2769 3208 2954 3261 omnia
2996 3174 3297 3265 nihil-sunt
3345 3212 3392 3266 si

143 3285 321 3356 ὀσμὴ,
348 3287 533 3357 φησιν,
568 3285 912 3355 ἀπαράθετον
948 3284 1061 3355 ἔχει
1090 3284 1188 3355 τὴν
1210 3285 1370 3355 χάριν
1401 3285 1537 3356 πρὸς
1560 3283 1726 3337 ταῦτα

1833 3290 2187 3344 conferantur
2224 3307 2347 3346 cum
2398 3294 2491 3347 illa
2530 3295 2770 3365 perfecta
2826 3306 2881 3353 et
2928 3302 3079 3355 omni
3117 3317 3184 3356 ex
3240 3314 3395 3373 parte

144 3380 222 3431 τὰ
254 3378 524 3449 ἀρώματα
551 3379 619 3431 τά
652 3379 785 3448 παρ’
816 3376 975 3447 ἡμῶν
1003 3378 1401 3447 γινωσκόμενα.

1831 3377 2078 3432 absoluta
2109 3380 2333 3442 virtute,
2361 3396 2524 3451 quam
2546 3382 2799 3441 Habacuc
2824 3390 3089 3458 propheta
3115 3392 3249 3447 dicit
3282 3409 3396 3449 cce-

150 3458 240 3521 los
268 3467 773 3536 comprehendisse,
817 3469 1005 3525 dicens
1044 3487 1057 3522 :
1094 3470 1309 3539 Operuit
1356 3469 1510 3523 caelos
1556 3470 1723 3523 virtus
1760 3469 1875 3539 ejus
1892 3468 1960 3533 “,
1998 3486 2119 3541 quae
2154 3480 2241 3527 est
2271 3474 2387 3544 ipsa
2417 3490 2515 3544 per
2544 3491 2604 3532 se
2645 3480 2949 3549 sapientia,
3020 3491 3076 3538 et
3145 3486 3260 3555 ipsa
3301 3502 3396 3556 per

147 3574 214 3615 se
237 3560 457 3628 justitia
490 3601 506 3626 ,
541 3570 597 3616 et
628 3563 743 3632 ipsa
772 3563 975 3618 veritas
998 3603 1013 3628 ,
1059 3576 1114 3619 et
1166 3564 1379 3635 singula
1417 3563 1723 3634 ejusmodi,
1760 3579 1829 3619 ne
1869 3564 2047 3619 dicam
2086 3567 2287 3622 omnia.
2324 3566 2644 3625 leestium
2696 3584 3100 3644 unguentorum
3126 3619 3140 3639 .
3198 3581 3393 3651 inquit,

148 3651 299 3707 odor
331 3653 577 3707 laetitiam
604 3654 769 3708 habet
800 3655 1309 3726 incomparabilem,
1333 3658 1379 3711 si
1406 3655 1728 3711 conferatur
1765 3670 1889 3710 cum
1917 3657 1984 3712 iis
2014 3659 2353 3714 aromatibus
2388 3676 2509 3730 qua:
2541 3677 2571 3717 a
2599 3663 2761 3720 nobis
2783 3677 3218 3737 cognoscuntur.

232 3744 405 3797 Πάλιν
418 3746 476 3798 ὲν
498 3749 607 3809 τοῖς
622 3744 818 3816 ἑφεξῆς
830 3747 1165 3818 ὑψηλοτέρας
1176 3749 1405 3802 ἅπτεται
1418 3749 1732 3818 φιλοσοφίας

148 3838 188 3907 ὴ
217 3835 366 3907 ψυχὴ
412 3838 447 3907 ἡ
494 3837 709 3909 νύμφη,
744 3839 806 3891 τὸ
844 3839 1141 3911 ἀπρόσιτόν
1191 3858 1251 3894 τε
1304 3842 1399 3895 καὶ
1450 3840 1730 3912 ἀχὼρητον

148 3928 436 3998 λογισμοῖς
470 3929 831 4001 ἀνθρωπίνοις
855 3932 952 4002 τῆς
980 3930 1130 3995 θείας
1158 3931 1441 4003 δυνάμεως
1463 3934 1731 3986 ἐνδεικνυ-

152 4021 320 4092 μένη,
346 4024 405 4075 ὲν
437 4016 518 4085 οἷς
551 4037 705 4093 φησι·
739 4025 945 4091 Μύρον
990 4024 1322 4079 ἐκκενωθὲν
1358 4024 1548 4094 ὄνομά
1574 4040 1725 4078 σουο

147 4113 402 4167 τοιοῦτον
425 4115 534 4185 γάρ
566 4133 648 4168 τοι
678 4115 824 4169 δοκεῖ
852 4132 943 4187 μοι
976 4116 1065 4170 διὰ
1098 4116 1193 4170 τοῦ
1222 4116 1380 4186 λόγου
1413 4118 1604 4172 τούτου
1636 4136 1730 4187 ση-

150 4203 449 4275 μαίνεσθαι
471 4244 485 4267 ,
514 4206 597 4259 ὅτι
630 4206 730 4259 οὐκ
758 4206 903 4260 ἔστιν
934 4208 1268 4279 ὀνομαστικῇ
1310 4211 1555 4281 σημασίᾳ
1582 4228 1732 4280 περι-

145 4296 425 4367 ληφθῆναι
471 4297 538 4350 δι’
584 4298 869 4368 ἀκριϐείας
906 4299 1005 4370 τὴν
1052 4301 1303 4371 ἀόριστον
1352 4300 1545 4369 φύσιν
1592 4301 1729 4355 ἀλλά

149 4389 311 4441 πᾶσα
339 4388 627 4459 νοημάτων
663 4389 911 4459 δύναμις,
944 4391 1036 4443 καὶ
1070 4393 1220 4445 πᾶσα
1260 4392 1519 4462 ῥημάτων
1546 4410 1605 4445 τε
1636 4396 1733 4446 καὶ

145 4481 445 4550 νοημάτων
474 4480 732 4549 ἔμφασις,
764 4483 866 4535 κάν
894 4499 946 4535 τι
973 4482 1113 4553 μέγα
1142 4484 1235 4536 καὶ
1261 4482 1561 4553 θεοπρεπὲς
1582 4483 1725 4554 ἔχειν

143 4560 304 4641 δόξῃ,
340 4568 503 4621 αὐτοῦ
536 4560 625 4622 τού
651 4570 889 4640 ῥήματος
918 4570 1084 4633 ὅντως
1111 4572 1417 4641 ἐφάψασθαι
1438 4573 1599 4641 φύσιν
1626 4573 1725 4626 οὐκ

144 4659 269 4729 ἔχει
294 4676 309 4691 ’
340 4658 456 4713 ἀλλ’
482 4658 672 4728 ὥσπερ
707 4657 766 4721 ἐξ
800 4657 960 4728 ἰχνῶν
988 4674 1147 4711 τινων
1190 4659 1285 4711 καὶ
1318 4659 1669 4729 ὲναυσμάτων
1697 4658 1727 4710 ό

145 4741 314 4817 λόγος
348 4748 504 4819 ἡμῶν
530 4747 622 4800 τοῦ
657 4747 827 4815 Λόγου
854 4746 1310 4817 καταστοχάζεται
1332 4790 1347 4813 ,
1376 4748 1465 4802 διὰ
1494 4749 1601 4801 τῶν
1628 4765 1728 4801 κα-

144 4838 656 4911 ταλαμϐανομένων
682 4837 916 4902 εἰκάζων
946 4840 1009 4892 ἐκ
1030 4857 1172 4903 τινος
1196 4840 1484 4907 ἀναλογίας
1512 4840 1573 4893 τὸ
1591 4841 1726 4893 ἀκα-

141 4934 451 5003 τάληπτον.
477 4931 547 4985 "0
574 4947 626 4983 τι
654 4930 763 4999 γὰρ
800 4931 867 4984 ἂν
905 4933 1300 5002 ἐπινοήσωμεν,
1338 4932 1520 5002 φησὶν.
1554 4932 1724 5001 ὄνομα

143 5020 516 5094 γνωριστικὸν
546 5020 641 5073 τοῦ
677 5022 777 5091 τῆς
818 5022 917 5092 σῆς
949 5021 1199 5092 θεότητος
1240 5022 1431 5093 μύρου,
1463 5010 1563 5076 οὐκ
1592 5022 1724 5076 αὐτὸ

143 5114 218 5169 τὸ
251 5114 425 5184 μύρον
461 5112 548 5166 διὰ
574 5112 673 5182 τῆς
719 5114 1006 5183 ἐμφάσεως
1043 5114 1152 5167 τῶν
1180 5106 1483 5185 λεγομένων
1518 5116 1725 5185 σημαί-

143 5220 340 5275 νομεν,
372 5203 510 5257 ἀλλὰ
544 5204 717 5275 βραχύ
746 5222 798 5257 τι
829 5204 1077 5275 λείψανον
1105 5205 1279 5276 ἀτμοῦ
1319 5206 1419 5275 τῆς
1449 5205 1597 5269 θείας
1640 5194 1727 5258 εὐ-

142 5296 321 5359 ωδίας
362 5296 474 5357 τοῖς
523 5294 851 5361 θεολογικοῖς
901 5296 1159 5366 ὀνόμασιν
1190 5296 1595 5367 ἑνδεικνύμεθα.
1641 5288 1727 5359 Ὠς

144 5388 248 5441 ἐπὶ
280 5385 392 5439 τῶν
430 5386 697 5454 ἀγγείων,
728 5378 804 5439 ὧν
847 5388 913 5440 ἂν
945 5387 1219 5457 ἐκκενωθῇ
1255 5386 1315 5439 τὸ
1371 5386 1560 5457 μύρον,
1595 5388 1726 5440 αὐτὸ

150 5479 251 5549 μὲν
280 5479 348 5547 τῇ
377 5476 570 5530 ἑαυτοῦ
600 5477 757 5545 φύσει
781 5479 1049 5547 ἀγνοεῖται
1074 5477 1135 5530 τὸ
1158 5477 1326 5547 μύρον
1349 5478 1409 5529 τὸ
1427 5476 1725 5530 ἐκκενωθὲν

144 5570 253 5626 τῶν
309 5569 565 5636 ἀγγείων,
612 5565 723 5622 οἷόν
762 5572 927 5623 ἐστιν·
983 5568 1041 5633 ἐξ
1082 5568 1326 5640 ἀμυδρᾶς
1365 5568 1421 5621 δέ
1452 5586 1593 5633 τινος
1626 5569 1725 5638 τῆς

230 5744 279 5778 ’λ
300 5742 507 5802 Hahae.
548 5760 632 5809 ιιι,
661 5746 716 5798 5.

1904 3748 2119 3805 Rursus
2151 3751 2204 3803 in
2240 3752 2309 3806 iis
2349 3768 2469 3821 quae
2514 3753 2775 3826 deinceps
2828 3768 3171 3827 sequuntur,
3221 3762 3394 3817 subli-

1829 3839 2058 3894 miorem
2092 3842 2269 3911 tangit
2298 3842 2700 3914 philosophiam
2734 3849 2915 3902 anima
2950 3865 3174 3920 sponsa,
3209 3864 3394 3909 osten-

1829 3929 1965 3985 dens
2016 3930 2272 3986 humanis
2319 3935 2832 3993 ratiocinationibus
2876 3955 2983 3994 non
3032 3942 3149 3997 dari
3186 3944 3394 3999 aditum

1830 4022 1895 4073 ad
1938 4021 2184 4076 divinam
2222 4025 2508 4088 virtutem,
2540 4042 2640 4081 nec
2667 4028 2815 4083 illam
2852 4031 2920 4085 ab
2960 4033 3031 4087 iis
3057 4049 3218 4103 posse
3241 4052 3395 4090 cmu-

1831 4110 2118 4179 prehendi,
2164 4128 2289 4167 cum
2346 4115 2518 4169 dicit:
2555 4114 2889 4186 Unguentum
2930 4121 3157 4189 effusum
3209 4139 3401 4179 nomen

1835 4208 2003 4254 tuum.
2038 4201 2172 4257 Nam
2204 4219 2300 4273 per
2327 4204 2442 4259 haec
2471 4207 2636 4261 verba
2677 4210 2809 4263 mihi
2839 4211 3054 4265 videtur
3085 4214 3187 4267 lioc
3223 4217 3395 4284 signi-

1834 4297 2021 4357 ﬁcare,
2061 4294 2207 4365 quod
2241 4295 2505 4351 immensa
2558 4307 2757 4353 natura
2796 4303 3117 4357 nominatim
3154 4307 3393 4375 perfecte

1832 4387 2224 4457 comprehendi
2265 4403 2375 4442 non
2408 4390 2603 4458 possit,
2634 4391 2730 4444 sed
2762 4393 2944 4448 omnis
2976 4394 3061 4451 vis
3099 4398 3390 4461 cogitatio-

1835 4494 1962 4530 num
1987 4518 2001 4542 ,
2029 4487 2082 4531 et
2112 4477 2292 4533 omnis
2326 4478 2655 4547 signiﬁcatio
2680 4484 2969 4537 verborum
2995 4499 3059 4539 ac
3084 4488 3389 4552 nominum.

1829 4569 2047 4623 etiamsi
2114 4569 2365 4623 videatur
2416 4571 2617 4626 habere
2682 4589 2940 4643 magnum
3000 4578 3281 4647 quidpiam
3338 4588 3395 4633 et

1828 4664 1973 4728 quod
2031 4661 2198 4713 Deum
2249 4659 2464 4724 deceat,
2508 4676 2617 4715 non
2668 4677 2789 4717 eam
2832 4664 2995 4719 habet
3035 4680 3283 4722 naturam
3333 4680 3393 4724 ut

1831 4758 2018 4821 tangat
2056 4751 2108 4805 id
2149 4750 2293 4821 quod
2341 4760 2425 4807 est
2456 4767 2581 4807 vere
2625 4754 2858 4809 Verbum
2889 4773 2902 4808 :
2936 4755 3030 4811 sed
3062 4760 3222 4813 veluti
3260 4763 3389 4830 qui-

1829 4841 2057 4896 busdam
2099 4839 2341 4907 vestigiis
2387 4849 2444 4895 et
2498 4842 2959 4899 illustrationibus
3014 4849 3156 4899 ratio
3200 4860 3388 4904 nostra

1830 4932 2069 4988 Verbum
2105 4931 2350 5000 coniicit.
2405 4948 2499 5001 per
2548 4948 2612 4987 ea
2659 4949 2780 5003 qua:
2824 4939 3388 5006 compreliemlnntnr.

1826 5039 1895 5077 ex
1935 5020 2169 5091 quadam
2192 5023 2549 5091 proportione
2573 5035 2626 5077 ct
2657 5028 3039 5081 convenientia
3070 5032 3389 5097 conjectans

1827 5110 1883 5166 id
1931 5111 2076 5183 quod
2138 5128 2247 5165 non
2306 5121 2483 5181 potest
2544 5115 2957 5184 comprehendi.
3011 5117 3392 5189 Qllndl‘ttlltlllu

1827 5204 1998 5265 enim,
2069 5204 2269 5272 inquit,
2323 5220 2521 5258 nomen
2573 5208 3093 5276 excogitaverimus.
3149 5229 3258 5280 qun
3304 5231 3390 5266 eo.

1828 5300 2126 5363 gnoscatur
2168 5304 2504 5361 unguentum
2557 5305 2661 5349 tua)
2704 5298 3031 5365 divinitatis,
3066 5318 3160 5370 per
3200 5321 3390 5358 eorum

1830 5401 1951 5455 quae
1982 5384 2239 5438 dicuntur
2268 5385 2724 5455 signiﬁcationem
2766 5405 2874 5444 non
2908 5392 3082 5461 ipsum
3116 5396 3393 5464 signiﬁca-

1831 5492 1955 5531 mus
2017 5486 2396 5545 unguentum,
2454 5479 2548 5533 sed
2610 5495 2809 5548 parvas
2857 5483 3071 5552 aliquas
3134 5486 3393 5554 reliquias

1832 5569 2051 5638 vaporis
2087 5568 2217 5622 boni
2270 5568 2441 5623 divini
2481 5571 2667 5627 odoris
2718 5573 3040 5646 tlieologicis
3082 5577 3393 5633 nominibus
