3846 6220
460 351 568 405 785

1695 350 1752 403 S.
1791 345 2118 403 GREGORII
2146 347 2434 407 NYSSENI

3607 361 3704 416 τοι

463 456 791 519 indica‘mus.
827 456 898 512 Ut
941 458 995 512 in
1017 456 1166 512 vasis
1186 470 1419 527 quorum
1449 456 1680 512 effusum
1723 456 1889 512 fuerit
1927 473 2032 511 un-

2139 461 2542 535 ὑπολειφθείσης
2574 465 2638 518 ἐκ
2690 465 2797 518 τῶν
2825 465 3015 538 ἀτμῶν
3043 468 3119 538 τῷ
3147 468 3352 540 ἀγγείῳ
3393 473 3705 544 ποιότητος,

463 567 744 629 guentum,
801 554 980 622 ipsum
1039 549 1263 620 quidem
1315 563 1575 604 vasorum
1637 548 1869 604 effusum
1924 565 2029 602 un-

463 660 724 722 guentum
762 661 862 702 sua
895 652 1091 698 natura
1140 645 1429 710 ignoratur
1458 641 1620 711 quale
1663 642 1758 706 sit,
1791 656 1859 695 ex
1893 654 2032 710 qua-

464 741 588 796 dam
622 747 803 794 autem
841 735 968 792 exili
1005 744 1061 789 et
1087 734 1325 788 obscura
1369 748 1438 787 ex
1469 733 1768 802 vaporibus
1813 734 1867 786 in
1900 747 2032 788 vase

468 834 660 888 relicta
689 829 976 899 qualitate,
1000 826 1069 880 de
1105 823 1279 880 effuso
1312 831 1594 894 unguento
1624 823 1862 893 aliquam
1896 823 2036 876 faci-

466 941 590 980 mus
621 923 1012 992 conjecturam.
1048 917 1161 972 Hoc
1189 928 1275 971 est
1299 931 1433 988 ergo
1455 917 1602 986 quod
1644 917 1910 972 discimus
1936 931 2033 986 per

465 1034 528 1075 ea
559 1033 680 1088 quae
705 1017 851 1071 dicta
881 1023 1027 1076 sunt,
1051 1011 1198 1080 quod
1232 1011 1410 1081 ipsum
1432 1009 1655 1080 quidem
1690 1018 2031 1081 unguentum

465 1105 795 1169 divinitatis,
869 1102 1237 1174 quodcunque
1289 1102 1360 1155 sit
1407 1101 1668 1165 essentia,
1735 1112 2033 1172 exsuperat

464 1214 626 1253 omne
661 1210 860 1251 nomen
888 1205 942 1248 et
972 1191 1410 1261 intelligentiam.
1443 1189 1574 1256 Quae
1607 1199 1790 1247 autem
1820 1193 1874 1246 in
1903 1192 2032 1246 uni-

464 1307 624 1348 verso
675 1296 978 1345 cernuntur
1035 1285 1322 1344 miracula.
1377 1283 1810 1353 theologicorum
1855 1286 2035 1340 nomi-ei

465 1399 594 1437 num
641 1381 773 1435 dant
817 1377 1121 1439 materiam,
1168 1391 1264 1446 per
1307 1389 1428 1444 quae
1471 1373 1636 1429 Deum
1685 1376 2032 1432 nominamus

467 1480 788 1549 sapientem,
825 1483 1128 1545 potentem,
1180 1471 1407 1533 bonum,
1469 1478 1746 1535 sanctum,
1791 1470 2030 1535 beatum,

466 1579 519 1626 et
563 1577 852 1627 aeternum,
904 1563 1250 1634 etjudicem,
1303 1571 1357 1616 et
1411 1570 1767 1626 servatorem,
1816 1571 1870 1617 et
1913 1579 2033 1631 qua:

467 1670 596 1718 sunt
637 1657 950 1728 hujusmodi
983 1676 995 1710 :
1026 1670 1147 1725 qua:
1189 1655 1408 1724 quidem
1447 1654 1695 1708 indicant
1735 1654 2032 1724 quamdam

468 1756 736 1810 modicam
788 1750 956 1804 divini
1010 1749 1273 1818 unguenti
1320 1747 1659 1817 qualitatem,
1699 1761 1862 1816 quam
1913 1745 2036 1798 uni-

467 1862 627 1903 versa
670 1851 924 1898 creatura
959 1857 1053 1912 per
1101 1855 1164 1894 ea
1216 1855 1338 1908 qme
1391 1846 1694 1895 cernuntur
1744 1836 2029 1898 miracula,

468 1941 643 1993 instar
678 1933 1024 2005 unguentarii
1064 1931 1349 2001 cujusdam
1393 1931 1564 1994 vasis,
1601 1929 1656 1982 in
1707 1943 1768 1983 se
1812 1928 2036 1996 impres-

467 2032 558 2086 sit.
619 2027 848 2090 ldcirco,
896 2025 1096 2094 inquit,
1146 2024 1552 2077 adolescentulw
1607 2021 1902 2075 dilexerunt
1963 2029 2032 2082 te,

471 2127 747 2175 traxerunt
792 2129 859 2172 te.
895 2115 1043 2168 Dixit
1088 2130 1311 2169 causam
1365 2114 1658 2168 laudabilis
1690 2111 2031 2183 cupiditatis,

466 2223 520 2269 et
553 2211 832 2266 amatoriae
882 2207 1211 2261 aﬂ'ectionis.
1249 2207 1385 2272 Quis
1437 2216 1521 2259 est
1566 2205 1710 2259 enim
1745 2201 1840 2272 qui
1890 2201 2034 2254 hanc

468 2322 577 2361 non
627 2311 771 2358 amet
824 2298 1306 2371 pulchritudinem,
1359 2297 1407 2352 si
1455 2295 1798 2351 solummodo
1840 2295 2036 2348 habeat

467 2399 686 2454 oculum
744 2408 906 2464 quem
959 2391 1135 2462 possit
1187 2389 1422 2458 deﬁgere
1484 2389 1538 2443 in
1588 2394 1927 2443 venustatem
1980 2395 2035 2438 et

466 2487 760 2545 decorem?
807 2483 923 2538 Non
983 2492 1067 2536 est
1111 2482 1333 2551 quidem
1387 2493 1580 2550 magna
1627 2493 1747 2548 quae
1795 2491 2036 2546 compre-

471 2581 729 2638 henditur
771 2577 1148 2649 pulchritudo.
1179 2583 1262 2629 est
1293 2583 1473 2628 autem
1518 2571 1750 2626 infinitis
1784 2569 2035 2639 partibus

468 2674 645 2742 major
678 2687 763 2729 ea.
805 2671 966 2738 cujus
996 2685 1090 2739 per
1126 2667 1177 2721 id
1210 2667 1354 2737 quod
1383 2673 1608 2736 apparet
1641 2665 1874 2718 facimus
1903 2677 2038 2715 con-

465 2767 761 2837 jecturam.
787 2763 891 2818 Sed
919 2762 1193 2831 quomodo
1219 2774 1374 2813 amor
1403 2758 1698 2812 materialis
1730 2771 1839 2810 non
1869 2755 2039 2807 attin-

470 2865 548 2929 git
599 2873 695 2913 eos
742 2857 834 2926 qui
890 2866 1019 2910 sunt
1054 2855 1234 2908 adhuc
1277 2851 1515 2907 infantes
1559 2847 1837 2902 :infantia
1893 2847 2038 2901 enim

471 2967 578 3005 non
626 2949 771 3018 capit
823 2946 1165 3000 affectionem
1202 2943 1339 2999 :sed
1385 2956 1485 2996 nec
1529 2955 1624 2996 eos
1657 2941 1749 3008 qui
1797 2948 2040 2992 extrema

469 3040 707 3097 confecti
759 3047 887 3094 sunt
933 3047 1238 3102 senectute,
1264 3035 1451 3090 videre
1493 3033 1624 3088 licet
1662 3031 1735 3085 ita
1767 3029 2036 3085 allectos:

2133 555 2431 624 στοχασμόν
2461 573 2584 610 τινα
2611 560 2741 629 περὶ
2767 559 2860 612 τοῦ
2889 561 3282 626 ὲκκενωθέντος
3310 563 3483 634 μύρου
3518 569 3705 620 ποιοξὶ-

2133 647 2293 715 μεθα.
2329 647 2500 700 Τοῦτο
2525 643 2618 702 οὖν
2651 651 2800 703 ἐστιν
2833 651 2862 703 ὃ
2889 651 2977 705 διὰ
3014 653 3123 708 τῶν
3148 656 3456 725 εἰρημένων
3496 661 3706 728 μανθάο

2131 756 2316 810 νομεν,
2342 741 2425 793 ὅτι
2455 740 2585 794 αὑτό
2616 743 2715 813 μέν
2739 743 2799 796 τὸ
2821 743 2922 814 τῆς
2952 744 3205 816 θεότητος
3245 749 3415 820 μύρον
3446 751 3476 803 ὃ
3496 753 3556 804 τί
3579 771 3706 806 ποτε

2133 831 2252 884 κατ’
2266 832 2454 885 οὐσίαν
2468 833 2635 895 ἐστὶν,
2662 835 2800 902 ὑπὲρ
2820 838 2926 888 πᾶν
2945 837 3094 889 ἐστιν
3115 837 3283 909 ὕνομά
3297 858 3354 894 τε
3377 842 3474 894 καὶ
3505 843 3606 914 νόη
3618 863 3705 914 μα.

2133 923 2213 977 Τά
2248 924 2304 977 δὲ
2345 923 2424 994 τῷ
2461 926 2623 978 παντὶ
2653 927 3061 998 ἐνθεωρούμενα
3094 929 3346 1001 θαύματα
3367 973 3382 996 ,
3442 935 3558 987 τῶν
3591 936 3707 988 Oso-

2133 1016 2363 1084 λογικῶν
2410 1019 2689 1089 ὀνομάτων
2719 1019 2818 1090 τὴν
2852 1019 2984 1090 ὓλην
3029 1021 3247 1086 δίδωσι,
3297 1023 3365 1076 δι’
3400 1018 3479 1076 ὧν
3518 1027 3708 1092 σοφὸν,

2131 1107 2374 1174 δυνατὸν,
2402 1110 2623 1177 ἀγαθὸν,
2657 1111 2829 1179 ἅγιον,
2874 1113 3140 1183 μακάριόν
3173 1131 3231 1165 τε
3262 1115 3357 1167 καὶ
3386 1115 3590 1177 ἀΐδιον,
3617 1119 3712 1169 καὶ

2133 1199 2345 1270 κριτὴν,
2376 1202 2468 1254 καὶ
2491 1202 2730 1273 σωτῆρα,
2765 1203 2945 1257 καὶτὰ
2983 1205 3202 1257 τοιαῦτα
3237 1209 3708 1279 κατονομάζομεν·

2135 1291 2279 1363 άπερ
2308 1293 2483 1346 πάντα
2510 1295 2767 1366 ποιότητά
2790 1312 2908 1348 τινα
2943 1295 3193 1367 βραχεῖαν
3221 1297 3314 1350 τοῦ
3347 1298 3494 1352 θείου
3533 1301 3710 1372 μύρου

2130 1384 2463 1438 ἐνδείκνυται
2490 1425 2504 1447 ,
2539 1386 2606 1457 ἢν
2638 1388 2839 1457 πᾶσαή
2868 1389 3046 1450 κτίσις
3081 1389 3168 1441 διά
3193 1389 3302 1441 τῶν
3333 1390 3710 1462 ὲνθεωρουμέ-

2133 1493 2238 1528 νων
2269 1475 2584 1546 θαυμάτων,
2621 1478 2847 1541 σκεύους
2890 1479 3035 1542 τινὸς
3073 1480 3372 1550 μυρεψικοῦ
3404 1482 3596 1552 δίκην,
3652 1486 3713 1535 ἐν

2133 1571 2296 1641 ἑαυτῇ
2332 1571 2667 1640 ἀπεμάξατο.
2699 1573 2800 1625 Διὰ
2827 1572 3022 1636 τοῦτο,
3051 1574 3232 1644 φησὶν,
3261 1575 3539 1642 νεάνιδες
3565 1579 3706 1646 ἠτά-

2134 1655 2342 1723 πησάν
2363 1673 2455 1718 σε,
2479 1657 2780 1710 εἵλκυσάν·
2815 1673 2906 1711 σε.
2936 1654 3069 1711 Εἷπε
3103 1661 3201 1730 τὴν
3228 1661 3407 1714 αίτίαν
3429 1663 3531 1732 τῆς
3559 1663 3709 1716 ἐπαι-

2134 1747 2294 1817 νετῆς
2341 1747 2676 1818 ἐπιθυμίας,
2729 1751 2822 1802 καὶ
2867 1751 2964 1820 τῆς
3005 1752 3350 1820 ἀγαπητικῆς
3386 1751 3703 1814 διαθέσεως.

2136 1840 2232 1903 Τίς
2259 1841 2366 1912 γὰρ
2394 1843 2640 1893 τοιούτου
2673 1840 2902 1904 κάλλους
2932 1843 3224 1911 ἀνέραστος
3249 1845 3493 1910 γίνεται,
3522 1847 3572 1896 εἰ
3619 1842 3708 1913 prf-

2134 1951 2224 1986 vov
2247 1933 2520 2004 ὀφθαλμὸν
2550 1934 2662 2003 ἔχοι
2683 1935 2772 1987 τὸν
2806 1936 3108 1989 ὲνατενίσαι
3137 1939 3200 2008 τῇ
3232 1937 3354 2006 ῶρᾳ,
3373 1937 3705 2005 δυνάμενο·.ι;

2135 2027 2210 2079 Οὐ
2244 2026 2376 2080 πολὺ
2409 2026 2507 2096 μὲν
2539 2027 2600 2079 τὸ
2645 2027 3191 2097 καταλαμϐανόμενον
3221 2028 3449 2092 κάλλος,
3487 2031 3707 2099 ἀπειρο-

2136 2118 2357 2171 πλάσιον
2393 2119 2448 2172 δὲ
2477 2119 2536 2171 τὸ
2556 2120 2642 2172 διὰ
2677 2121 2770 2173 τοῦ
2806 2122 3128 2191 φαινομένου
3159 2123 3532 2190 ποχαστικῶς
3557 2125 3712 2174 εἰκαο

2135 2210 2377 2280 ζόμενον.
2422 2212 2559 2264 Ἀλλ’
2578 2213 2766 2285 ὥσπερ
2791 2214 2972 2277 ύλικὸς
2999 2214 3139 2285 ἔρως
3163 2214 3271 2266 τῶν
3307 2215 3388 2266 ἐτι
3414 2215 3708 2284 νηπιαζόν-

2133 2318 2240 2355 των
2257 2306 2353 2374 οὐχ
2373 2305 2599 2358 ἅπτεται
2627 2307 2709 2374 (οὐ
2733 2306 2842 2377 γάρ
2862 2309 3029 2375 χωρεῖ
3053 2306 3113 2358 τὸ
3140 2305 3308 2368 πάθος
3335 2309 3371 2376 ή
3400 2308 3708 2377 νηπιότης).

2134 2396 2255 2450 οὔτε
2297 2397 2401 2467 μὴν
2430 2399 2554 2459 τοὺς
2587 2399 2644 2450 ἐν
2675 2398 2887 2468 ἐσχάτῳ
2917 2400 3064 2469 γήρᾳ.
3095 2399 3475 2469 πεπονηκότας
3507 2401 3572 2452 ἐν
3604 2403 3712 2462 τοῖς

2133 2489 2392 2552 τοιούτοις
2431 2489 2577 2541 ἔστιν
2611 2490 2737 2542 ίδεῖν
2766 2506 2779 2518 ·
2825 2487 2966 2541 οὕτω
3009 2490 3103 2542 καὶ
3148 2490 3240 2542 ἐπὶ
3275 2489 3370 2542 τοῦ
3403 2490 3558 2544 θείου
3589 2492 3712 2544 κάλ-

2136 2579 2292 2642 λους,
2332 2580 2360 2631 ὃ
2388 2595 2448 2630 τε
2475 2580 2664 2647 νήπιος
2696 2579 2775 2632 ἔτι
2807 2579 2898 2632 καὶ
2939 2580 3399 2649 κλυδωνιζόμενος
3429 2582 3532 2634 καὶ
3565 2599 3712 2650 περι-

2139 2673 2433 2741 φερόμενος
2465 2673 2628 2725 παντὶ
2663 2672 2849 2742 ἀνέμῳ
2879 2672 2981 2740 τῆς
3025 2673 3403 2737 διδασκαλίας,
3435 2677 3538 2727 καὶ
3563 2676 3592 2726 ὸ
3615 2691 3716 2727 πα-

2137 2761 2286 2824 λαιὸς
2314 2761 2408 2812 καὶ
2443 2760 2690 2832 γηράσας
2709 2801 2723 2822 ,
2752 2762 2846 2813 καὶ
2870 2760 2948 2830 τῷ
2983 2760 3277 2830 ἀφανισμῷ
3297 2763 3672 2832 προσεγγίσας
3695 2801 3709 2820 .

2139 2851 2384 2922 ἀκίνητοι
2407 2851 2541 2922 πρὸς
2563 2852 2661 2922 τὴν
2685 2851 2978 2921 ἐπιθυμίαν
3009 2851 3213 2921 ταύτην
3241 2851 3614 2920 εὑρίσκονται.
3639 2853 3714 2905 Ου

2139 2944 2248 3012 γὰρ
2271 2941 2500 2995 ἅπτεται
2539 2943 2647 2995 τῶν
2677 2941 2930 2994 τοιούτων
2954 2941 3015 2994 τὸ
3041 2943 3270 3013 ἀόρατον
3300 2942 3504 3006 κάλλος
3527 2961 3541 2972 ·
3582 2945 3706 3015 μόνη

2139 3033 2244 3104 δὲή
2266 3033 2489 3102 τοιαύτη
2508 3033 2699 3103 ψυχὴή
2723 3033 2954 3086 διαϐᾶσα
2976 3033 3072 3102 τὴν
3088 3031 3328 3103 νηπιώδη
3353 3033 3716 3096 κατάστασιν,

468 3137 543 3188 ita
589 3135 750 3187 etiam
803 3133 855 3184 in
895 3131 1079 3183 divina
1127 3126 1554 3198 pulchritudine.
1587 3125 1678 3194 qui
1729 3129 1813 3177 est
1862 3121 2037 3176 adhuc

2141 3127 2233 3179 καὶ
2247 3125 2332 3178 διὰ
2343 3126 2440 3195 τῆς
2465 3125 2837 3195 πνευματικῆς
2861 3123 3075 3193 ἡλικίας
3092 3125 3412 3194 ἀκμάσασα,
3443 3125 3526 3196 μὴ
3551 3143 3710 3197 «poo-

471 3226 654 3280 infans
686 3233 740 3278 et
771 3222 1020 3283 fluctuat,
1055 3230 1109 3275 et
1141 3220 1290 3273 omni
1321 3226 1486 3272 vento
1518 3217 1780 3270 doctrina:
1803 3215 2040 3268 circum-

471 3319 678 3382 fertur,
733 3327 786 3370 et
839 3316 930 3385 qui
974 3323 1059 3369 est
1112 3322 1268 3366 vetus
1319 3318 1373 3364 et
1418 3309 1572 3365 senio
1619 3307 1938 3369 confectus,
1986 3313 2042 3361 et

368 3468 376 3476 _,
471 3427 578 3466 non
659 3410 848 3480 procul
904 3408 970 3461 ab
1034 3405 1289 3467 interitu,
1349 3403 1415 3457 ad
1476 3401 1619 3456 hanc
1691 3400 2040 3470 cupiditatem

470 3503 826 3557 inveniuntur
853 3498 1179 3552 immobiles.
1231 3495 1348 3550 Non
1395 3495 1542 3549 enim
1585 3508 1679 3547 eos
1719 3493 1890 3558 tangit
1922 3491 2043 3560 pul-

472 3595 728 3649 chritudo
765 3607 886 3662 quae
925 3604 1032 3644 non
1080 3588 1228 3643 cadit
1273 3587 1378 3642 sub
1425 3594 1727 3650 aspectum.
1777 3583 1903 3636 Sola
1955 3599 2044 3636 au-

471 3695 580 3741 tem
634 3700 696 3740 ea
715 3665 956 3745 ‘anima,
1002 3695 1123 3750 qua:
1170 3687 1372 3734 statum
1417 3677 1637 3731 transiit
1688 3676 2040 3738 infantilem,

472 3790 524 3833 et
555 3777 619 3831 ad
647 3774 948 3845 spiritualis
978 3771 1153 3826 astatis
1181 3769 1368 3825 ﬂorem
1393 3771 1638 3838 pervenit
1679 3783 1742 3822 ac
1770 3768 2040 3838 vigorem,

473 3885 572 3925 nec
598 3867 867 3922 maculam
892 3864 1102 3933 accepit
1132 3869 1225 3916 aut
1250 3877 1465 3931 rugam,
1503 3871 1595 3913 aut
1625 3857 1830 3929 aliquid
1856 3859 2045 3927 hujus-

473 3960 643 4024 modi,
676 3969 730 4013 et
757 3971 932 4026 neque
978 3960 1200 4024 propter
1236 3953 1521 4006 infantiam
1553 3957 1703 4004 caret
1735 3964 1921 4010 sensu,
1945 3964 2044 4001 ne-

473 4068 579 4123 que
609 4050 678 4105 ob
706 4055 1026 4103 vetustatem
1057 4053 1143 4099 est
1173 4042 1464 4098 imbecilla.
1515 4056 1678 4110 quam
1720 4040 2044 4094 adolescen-

474 4143 642 4198 tulam
669 4140 757 4194 hic
791 4139 925 4193 liber
958 4136 1224 4196 nominat,
1264 4149 1327 4187 ea
1360 4141 1513 4203 paret
1537 4148 1738 4201 magno
1774 4141 1828 4185 et
1864 4133 2042 4201 primo

476 4239 744 4305 praecepto
793 4229 949 4299 legis,
1000 4233 1117 4279 toto
1163 4223 1332 4278 corde
1389 4235 1443 4278 et
1489 4224 1621 4277 totis
1666 4224 1875 4277 viribus
1919 4221 2043 4276 dili-

473 4341 607 4396 gens
651 4323 798 4377 illam
839 4316 1326 4390 pulchritudinem,
1384 4316 1547 4385 cujus
1592 4315 2038 4384 descriptionem,

473 4415 890 4484 exemplumque
923 4418 976 4462 et
1012 4407 1510 4475 interpretationem
1557 4406 1792 4459 humana
1825 4420 1932 4458 non
1958 4405 2042 4458 in-

471 4507 620 4561 venit
636 4480 913 4574 cogitatio.
930 4499 1020 4553 Hae
1041 4513 1168 4569 ergo
1187 4497 1608 4553 adolescentulae
1625 4513 1743 4567 qua:
1755 4505 2044 4551 creverunt
2074 4480 2119 4535 ι)

473 4600 529 4653 in
578 4595 888 4654 virtutibus,
941 4599 996 4646 et
1049 4605 1145 4660 per
1197 4596 1409 4642 aetatem
1453 4589 1570 4657 jam
1611 4589 1870 4659 ingressae
1914 4597 2041 4644 sunt

473 4693 770 4747 thalamum
804 4687 1110 4738 divinorum
1154 4683 1557 4752 mysteriorum,
1591 4681 1824 4750 diligunt
1853 4681 2041 4751 sponsi

475 4777 956 4854 pulchritudinem,
989 4780 1043 4827 et
1069 4787 1164 4841 per
1197 4769 1540 4824 dilectionem
1571 4784 1694 4824 eum
1731 4769 1795 4822 ad
1826 4785 1884 4822 se
1909 4783 2042 4821 cou-

473 4881 711 4929 vertunt.
726 4869 876 4923 Talis
893 4865 1037 4920 enim
1059 4872 1142 4918 est
1158 4878 1414 4931 sponsus,
1445 4863 1537 4932 qui
1561 4862 1868 4917 amantibus
1887 4861 2044 4915 vicis-

474 4968 577 5021 sim
601 4962 789 5018 reddat
814 4970 1071 5022 amorem,
1092 4956 1163 5008 ita
1181 4956 1369 5009 dicens
1386 4955 1439 5010 in
1459 4970 1690 5025 persona
1709 4954 1997 5024 Sapientia:
2025 4973 2038 5007 :

477 5055 584 5126 Ego
619 5054 899 5121 diliqentes
942 5065 1022 5103 me
1052 5050 1214 5119 diligo
1237 5089 1251 5109 ,
1304 5054 1358 5101 et
1394 5063 1408 5097 :
1452 5045 1700 5099 Dividam
1732 5045 1802 5098 iis
1841 5045 1927 5115 qui
1962 5061 2043 5096 me

472 5150 725 5218 diligunt,
768 5144 1146 5199 substantiam.
1195 5138 1315 5210 Ipse
1358 5147 1538 5191 autem
1589 5146 1674 5191 est
1714 5137 2040 5192 substantia.

475 5239 543 5293 Et
576 5238 846 5291 thesauros
882 5250 1060 5288 earum
1089 5231 1310 5300 implebo
1332 5228 1548 5282 bonis”.
1574 5227 1654 5281 Ad
1681 5243 1738 5281 se
1763 5243 1893 5298 ergo
1927 5237 2040 5280 tra-

474 5330 612 5383 hunt
639 5327 834 5380 animae
867 5324 1198 5380 desiderium
1241 5323 1428 5391 sponsi
1467 5321 1519 5373 in
1559 5335 1719 5388 quem
1753 5335 1862 5375 non
1895 5321 2043 5375 cadit

472 5417 751 5481 interitus,
779 5423 901 5486 post
926 5414 1214 5468 Dominum
1246 5409 1596 5475 Deum,sicut
1647 5409 1910 5479 scriptum
1937 5422 2038 5471 est,

474 5508 872 5563 ambulantes‘.
935 5505 1252 5560 Dilectiouis
1287 5513 1469 5558 autem
1508 5517 1698 5557 eorum
1749 5519 1915 5559 causa
1958 5513 2042 5559 est

473 5601 649 5656 bonus
696 5597 830 5653 odor
881 5600 1166 5667 unguenti,
1215 5594 1280 5648 ad
1312 5610 1472 5664 quem
1511 5610 1724 5664 semper
1751 5607 2041 5652 currentes

545 5776 590 5806 ’θ
613 5776 770 5828 Prov.
803 5791 921 5839 vm,
964 5775 1031 5828 17
1065 5790 1183 5844 sqq.
1269 5777 1282 5804 ¹
1309 5774 1466 5828 Osee.
1512 5789 1586 5839 ιι,
1630 5774 1715 5827 10.

2141 3215 2381 3270 λαϐοῦσα
2426 3217 2634 3282 σπῖλον,
2672 3217 2706 3287 ἢ
2758 3216 2967 3286 ῥυτίδα,
3013 3217 3047 3286 ἦ
3093 3232 3146 3268 τι
3189 3216 3297 3268 τῶν
3327 3216 3621 3278 τοιούτων,
3679 3219 3714 3286 ἡ

2145 3312 2279 3382 μήτε
2320 3311 2425 3363 ὑπὸ
2457 3309 2778 3379 νηπιότητος
2811 3307 3239 3376 ἀναισθητοὼα,
3275 3308 3418 3376 μήτε
3471 3307 3584 3361 ὑπὸ
3623 3325 3714 3360 πα-

2143 3402 2424 3473 λαιότητος
2461 3401 2764 3472 ἀδρανοῦσα
2787 3441 2800 3463 ,
2847 3403 2913 3470 ἢν
2955 3401 3134 3452 νεᾶνιν
3180 3398 3435 3468 ὀνομάζει
3469 3401 3500 3452 6
3532 3399 3716 3468 λόγος·

2142 3493 2281 3565 αὕτη
2311 3494 2553 3547 πείθεται
2582 3496 2647 3564 τῇ
2688 3493 2900 3564 μεγάλῃ
2928 3492 3023 3545 καὶ
3049 3491 3238 3562 πρώτῃ
3276 3490 3465 3561 ἐντολῇ
3505 3491 3606 3544 τοῦ
3635 3493 3720 3544 νόο

2146 3603 2266 3656 μου,
2309 3585 2365 3652 ἐξ
2395 3586 2522 3656 ὅλης
2557 3584 2779 3654 καρδίας
2811 3602 2870 3637 τε
2913 3585 3006 3637 καὶ
3033 3583 3314 3652 δυνάμεως
3343 3583 3626 3650 ἀγαπῶσα
3665 3583 3725 3635 τῆ

2144 3675 2336 3738 κάλλος
2385 3677 2580 3738 ἐκεῖνο,
2633 3668 2694 3726 οὗ
2743 3672 3064 3744 ὑπογραφὴν
3123 3671 3216 3723 καὶ
3268 3669 3578 3738 ὑπόδειγμα
3629 3672 3719 3721 κατ

2143 3765 2436 3837 ἑρμηνείαν
2491 3766 2590 3834 οὐχ
2641 3764 2883 3834 εὑρίσκει
2922 3765 2954 3832 ἡ
3001 3761 3314 3833 ἀνθρωπίνη
3360 3761 3598 3815 διάνοια.
3660 3765 3723 3815 Al

2141 3857 2384 3912 τοιαῦται
2412 3857 2590 3910 τοίνυν
2621 3855 2856 3917 νεάνιδες
2880 3855 2967 3908 διὰ
2994 3853 3102 3908 τῶν
3131 3853 3340 3924 ἀρετῶν
3367 3853 3723 3923 αὐξηθεῖσαι,

2143 3951 2237 4004 καὶ
2270 3950 2390 4004 καθ’
2425 3949 2574 4020 ὥραν
2613 3948 2714 4019 ἤδη
2749 3947 2859 4000 τῶν
2903 3947 3063 3999 θείων
3097 3946 3410 4017 μυστηρίων
3438 3945 3538 3998 τοῦ
3573 3946 3726 3999 θείου

2143 4043 2386 4113 θαλάμου
2432 4043 2582 4104 ἐντὸς
2621 4041 2932 4110 γενόμεναι,
2963 4039 3218 4108 ἀγαπῶσι
3254 4035 3348 4090 τοῦ
3389 4038 3634 4107 νυμφίου
3666 4040 3723 4089 τὶ

2142 4134 2357 4201 κάλλος,
2387 4135 2480 4188 καὶ
2527 4134 2614 4189 διὰ
2644 4133 2745 4202 τῆς
2782 4133 3001 4200 ἀγάπης
3043 4131 3178 4200 πρὸς
3219 4129 3420 4192 ἐαυτὰς
3464 4132 3724 4198 ἐπιστρέ-

2143 4250 2322 4302 φουσι.
2371 4230 2624 4294 Τοιοῦτος
2662 4230 2773 4300 γὰρ
2798 4232 2826 4284 ὁ
2859 4228 3087 4298 νυμφίος
3110 4268 3124 4292 ,
3152 4227 3226 4290 ὡς
3255 4227 3581 4280 ἀντιδιδόναι
3608 4229 3723 4288 τοῖς

2143 4324 2398 4392 ἀγαπῶσι
2450 4325 2540 4377 τὸν
2579 4322 2776 4386 πόθον,
2824 4322 2852 4373 ὁ
2887 4319 3058 4381 οὕτως
3107 4318 3275 4372 εἰπὼν
3320 4319 3385 4370 ἐκ
3422 4319 3722 4386 προσώπου

2142 4417 2243 4486 τῆς
2276 4415 2486 4485 σοφίας,
2511 4417 2592 4467 ὅτι
2631 4413 2772 4483 Ἐγὼ
2803 4412 2942 4478 τοὺς
2976 4411 3083 4480 ἐμὲ
3108 4410 3436 4478 φιλοῦντας
3465 4407 3684 4477 ἀγαπῶ
3709 4425 3723 4438 °

2145 4509 2260 4569 καὶ,
2288 4507 2369 4560 ὅτι
2398 4505 2588 4574 Μεριῶ
2645 4506 2769 4571 τοῖς
2808 4504 2912 4573 ἐμὲ
2939 4503 3253 4572 ἀγαπῶσιν
3287 4500 3560 4569 ὓπαρξιν
3599 4500 3721 4566 (αὖ⁹

2144 4597 2235 4659 τὺς
2272 4595 2331 4649 δέ
2357 4599 2503 4649 ἐστιν
2533 4598 2566 4666 ἠ
2598 4594 2883 4664 ὓπαρξις)·
2916 4593 3014 4646 καὶ
3055 4592 3200 4656 τοὺς
3227 4589 3576 4658 θησαυροὺς
3613 4593 3720 4643 σύ-

2145 4688 2263 4743 τῶν
2307 4689 2595 4758 ἐμπλήσω
2629 4685 2887 4756 ἀγαθῶν.
2935 4685 3191 4738 Ἔλκουσι
3235 4683 3414 4736 τοίνυν
3457 4683 3517 4734 αἱ
3553 4682 3721 4752 ψυχαὶ

2146 4781 2282 4852 πρὸς
2301 4780 2503 4843 ἑαυτάς
2527 4778 2621 4832 τοῦ
2647 4777 2921 4848 ἀφθάρτου
2945 4778 3178 4844 νυμφίου
3200 4775 3292 4828 τὸν
3315 4773 3499 4838 πόθον,
3520 4773 3722 4835 ὀπίσω,

2147 4872 2328 4936 καθὼς
2373 4872 2718 4941 γέγραπται,
2766 4870 2970 4941 Κυρίου
3018 4867 3113 4922 τοῦ
3151 4867 3287 4921 Θεοῦ
3330 4867 3723 4938 πορευόμεναι.

2145 4965 2256 5036 Τῆς
2285 4964 2341 5017 δὲ
2373 4963 2591 5032 ἀγάπης
2624 4962 2802 5015 αὐτῶν
2835 4960 2981 5014 αἰτία
3011 4962 3044 5031 ή
3080 4959 3176 5012 τοῦ
3210 4959 3383 5030 μύρου
3415 4957 3620 5013 εὐωδία
3644 4960 3729 5026 γί-

2145 5072 2314 5117 νεται,
2351 5055 2485 5124 πρὸς
2517 5054 2582 5124 ἣν
2612 5053 2700 5106 ἀεὶ
2731 5053 3021 5122 τρέχουσαι
3055 5053 3168 5115 τοῖς
3205 5046 3519 5122 ἔμπροσθεν
3559 5051 3728 5104 ἐπεκ-

2146 5145 2432 5208 τείνονται,
2475 5144 2567 5195 τοῦ
2601 5143 2832 5194 κατόπιν
2874 5139 3044 5212 λήθην
3096 5137 3440 5207 ποιούμεναι.
3499 5136 3729 5189 Ὀπίσω

2147 5233 2258 5305 γάρ
2312 5247 2448 5296 σου,
2490 5232 2675 5302 φησιν,
2710 5235 2796 5296 εἱς
2829 5227 3031 5298 ὀσμὴν
3065 5228 3272 5296 μύρων
3313 5239 3434 5278 σου
3465 5222 3727 5292 6mm?-

2141 5331 2313 5398 μεθα.
2373 5324 2532 5378 Ἀλλά
2579 5326 2636 5378 αἱ
2682 5324 2780 5394 μὲν
2829 5321 2982 5375 οὔπω
3029 5321 3130 5390 τῆς
3169 5317 3373 5390 ἀρετῆς
3407 5316 3470 5369 τδ
3517 5315 3730 5369 τέλειον

2147 5420 2388 5490 ἔχουσαι,
2421 5419 2516 5471 καὶ
2549 5415 2670 5469 καθ’
2702 5414 2919 5487 ἡλικίαν
2951 5413 3030 5465 ἐτι
3060 5411 3368 5475 νεάζουσαι,
3397 5405 3727 5478 δραμεῖσθαι

2147 5511 2284 5582 πρὸς
2304 5511 2395 5564 τὸν
2422 5507 2642 5569 σκοπὸν,
2667 5507 2724 5559 ὂν
2751 5504 3126 5558 ὑποδείκνυσιν
3150 5502 3183 5571 ἡ
3207 5498 3352 5570 ὀσμὴ
3374 5497 3488 5551 τῶν
3517 5496 3724 5569 μύρων,

2148 5601 2695 5670 κατεπαγγέλλονται.
2731 5598 2963 5666 Λέγουσι
2986 5593 3115 5665 γὰρ,
3143 5594 3226 5647 ὅτι
3252 5595 3357 5658 Εἰς
3383 5590 3597 5660 ὀσμὴν
3621 5590 3725 5660 μύ-
