3846 6220
151 325 281 382 785

1207 325 1271 379 ΙΝ
1311 327 1612 382 CAN'I'ICA
1649 326 1924 383 CANTIC.
1965 329 2249 384 HOMILIA
2291 329 2352 384 11.

3335 333 3440 392 786

151 459 286 520 porr
311 456 438 499 σου
453 439 847 510 δραμούμεθα.
867 440 927 493 Ἦ
954 441 1009 494 δὲ
1033 441 1340 514 τελεωτέρα
1362 443 1508 514 ψυχὴ
1535 445 1757 515 σφοδρὸ-

1886 462 2051 500 :orum
2083 462 2205 517 quae
2237 455 2383 500 retro
2409 456 2536 500 sunt
2558 446 2740 501 oblita:
2759 491 2771 512 ,
2821 447 2886 500 ad
2923 464 2985 503 ea
3011 465 3132 519 qum
3154 459 3285 504 sunt
3312 462 3440 508 autc

160 550 330 605 τερον
361 532 726 586 ὲπεκτσθείσα
756 534 870 593 τοῖς
900 531 1234 602 ἔμπροσθεν,
1269 533 1365 602 Ιήδη
1394 534 1651 602 τυγχάνει
1675 533 1767 587 τοῦ

163 607 386 676 ’σκοποῦ
409 663 424 688 ,
478 622 546 675 δι’
575 622 635 674 ὃν
668 623 697 674 ὁ
745 621 941 692 δρόμος
980 620 1240 688 ἀνύεται,
1287 623 1384 674 καὶ
1423 621 1532 673 τῶν
1563 622 1620 674 ὲν
1658 624 1770 684 τοῖς

167 714 428 784 ταμείοις
469 713 762 784 θησαυρῶν
806 713 1074 779 ἀξιοῦται.
1117 712 1256 784 Φησὶ
1307 712 1450 782 γάρ,
1500 713 1580 765 ὅτι
1627 715 1767 766 Εἰσ-

169 805 398 876 ήνετηιέ
417 823 493 875 με
523 809 555 860 ὀ
586 805 887 870 ,ϐασιλεὺς
928 808 1015 871 εὶς
1041 805 1284 875 ταμεῖον
1317 804 1525 859 αὑτοῦ.
1569 804 1633 857 Ἣ
1662 804 1771 874 γὰρ

176 898 380 967 ἄκροις
409 896 648 966 χείλεσιν
674 896 880 965 ἀγαθοῦ
902 895 1107 965 ψαῦσαι
1135 896 1442 967 ποθήσασα,
1469 898 1561 949 καὶ
1585 895 1773 949 τοσοῦ-

170 1005 274 1061 ςτον
308 987 470 1057 μόνον
493 987 818 1058 ἐφαψαμένη
848 987 940 1040 τοῦ
972 987 1224 1050 κάλλους,
1250 987 1380 1040 ὅσον
1411 989 1444 1058 ἡ
1473 987 1574 1056 τῆς
1602 987 1772 1057 εὐχῆς

170 1081 520 1152 ’ἐνδείκνυται
547 1079 774 1148 δύναμις
795 1117 810 1141 ,
836 1078 1042 1148 ηῦξατο
1071 1079 1127 1132 δὲ
1155 1073 1264 1132 οἶόν
1294 1096 1440 1142 τινος
1467 1077 1772 1148 φιλήματος

182 1169 484 1240 ἀξιωθῆναι
519 1169 606 1223 διὰ
639 1170 738 1240 τῆς
775 1169 868 1222 τοῦ
909 1169 1079 1237 Λόγου
1119 1168 1456 1238 ἐλλάμψεως.
1501 1168 1651 1240 Αὕτη
1703 1170 1773 1222 δι’

179 1255 260 1312 ὧν
294 1259 452 1331 ἔτυχε
473 1300 488 1323 ,
520 1259 614 1312 καὶ
649 1259 743 1312 ἐπὶ
778 1259 838 1312 τὸ
869 1258 1142 1329 ἐνδότερον
1184 1257 1293 1311 τῶν
1336 1259 1668 1329 ἀπορρήτων
1696 1256 1774 1327 τῷ

186 1349 436 1421 λογισμῷ
468 1350 766 1412 διαδυεῖσα,
803 1348 903 1418 βοᾷ
939 1348 1013 1418 μὴ
1051 1348 1209 1418 μόνον
1246 1349 1304 1401 ὲν
1339 1347 1633 1418 προθύροις
1666 1346 1774 1399 τῶν

190 1442 412 1508 ἀγαθῶν
437 1439 578 1496 εἶναι
603 1441 694 1495 τὸν
722 1441 942 1514 δρόμον,
979 1440 1116 1494 ἀλλά
1137 1443 1203 1512 τῇ
1231 1441 1454 1511 ἀπαρχῇ
1485 1439 1578 1492 τοῦ
1607 1439 1775 1492 Πνεύ-

195 1551 386 1604 ματος,
419 1525 482 1586 οὗ
514 1534 601 1586 διά
629 1534 731 1604 τῆς
761 1534 1003 1605 χάριτος,
1036 1529 1147 1586 οἷον
1177 1533 1266 1585 διά
1295 1550 1440 1596 τινος
1475 1532 1776 1602 φιλήματος

185 1616 402 1698 ’ἠξιώθη
453 1626 736 1697 διερευνᾷν
777 1625 871 1679 τοῦ
921 1624 1058 1678 Θεοῦ
1094 1625 1160 1677 τά
1215 1623 1354 1693 βάθη
1382 1663 1396 1685 ,
1439 1624 1532 1676 καὶ
1577 1625 1634 1675 ἐν
1667 1625 1776 1685 τοῖς

195 1717 404 1780 ἀδύτοις
451 1716 546 1770 τοῦ
597 1717 951 1788 παραδείσου,
994 1717 1137 1768 κατά
1187 1715 1277 1768 τὸν
1327 1715 1501 1784 μέγαν
1541 1713 1773 1776 Παῦλον,

1873 552 1936 591 se
1963 539 2283 591 extendunt.
2346 536 2477 590 Post
2523 547 2570 590 te
2602 539 2764 602 enim,
2814 539 3012 606 inquit,
3065 557 3332 596 curremus
3387 546 3440 596 in

1877 627 2088 682 odorem
2128 638 2511 698 unguentorum
2545 640 2755 684 tuorum
2771 632 2811 683 ³.
2841 629 2946 684 Sed
2972 647 3050 686 ea:
3069 633 3287 701 quidem
3317 651 3440 704 qua:

1872 720 2090 774 virtutis
2125 719 2368 774 nondum
2409 720 2612 774 habent
2642 721 3052 790 perfectionem,
3099 731 3153 777 et
3181 731 3310 778 sunt
3339 726 3440 779 ad-

1876 810 1983 863 huc
2015 819 2176 866 aetate
2208 813 2461 880 juvenes,
2499 813 2824 881 proﬁtentur
2853 829 2912 868 se
2941 831 3063 870 esse
3091 831 3352 872 cursuras
3375 818 3441 872 ad

1873 916 2101 972 scopum
2158 920 2319 973 quem
2376 905 2456 960 eis
2517 907 2754 960 ostendit
2807 907 2943 960 odor
3018 917 3440 978 unguentorum.

1850 993 2229 1049 .l)icuntenim
2258 1015 2270 1050 :
2301 995 2589 1050 Curremus
2614 999 2669 1050 in
2691 998 2899 1052 odorem
2914 1009 3295 1068 unguentorum
3319 1011 3431 1054 (uo-

1879 1100 2019 1140 rum.
2051 1085 2350 1141 Pcri‘ectior
2399 1095 2582 1143 autem
2625 1087 2811 1142 anima
2849 1089 3227 1145 vehementius
3268 1091 3336 1143 ad
3379 1106 3443 1146 ea

1883 1193 2004 1246 qua:
2029 1186 2158 1232 sunt
2204 1187 2330 1234 ante
2381 1187 2630 1244 extensa,
2663 1180 2776 1249 jam
2829 1195 3055 1250 scopum
3106 1182 3444 1251 assequitur,

1877 1277 2097 1338 propter
2130 1284 2290 1338 quem
2343 1285 2538 1324 cursus
2569 1272 2870 1338 perﬁcitur,
2910 1281 2964 1325 et
2992 1271 3155 1342 digna
3194 1281 3447 1326 censetur

1877 1361 2150 1415 thesauris
2200 1365 2290 1430 qui
2339 1370 2468 1416 sunt
2522 1363 2576 1416 in
2611 1363 3007 1432 penetralibus.
3066 1363 3206 1418 Dicit
3252 1364 3442 1418 enim:

1875 1450 2188 1505 Introduxit
2223 1470 2303 1506 me
2344 1468 2434 1506 rea:
2463 1454 2520 1508 in
2548 1471 2647 1508 sua
2679 1455 2992 1523 penetralia.
3032 1453 3165 1508 Nam
3209 1455 3298 1508 illa
3328 1455 3448 1524 qui—

1876 1539 1997 1594 dem
2033 1556 2155 1595 cum
2194 1545 2425 1598 summis
2455 1544 2624 1598 labris
2653 1543 2854 1598 bonum
2888 1553 3111 1614 tangere
3133 1542 3448 1597 desideras—

1877 1639 1981 1696 set,
2013 1642 2068 1687 et
2108 1635 2572 1702 pulchritudinem
2621 1635 2968 1690 solummodo
2998 1642 3205 1688 tantum
3234 1633 3448 1702 attigis-

1880 1730 1983 1787 set,
2009 1734 2274 1794 quantum
2308 1727 2515 1780 indicat
2547 1726 2629 1781 vis
2665 1726 2913 1797 optandi,
2962 1726 3107 1780 votis
3139 1727 3294 1795 petiit
3315 1741 3450 1795 quo-

194 1811 325 1880 όρᾷν
346 1809 406 1862 τέ
434 1826 567 1879 φησι
585 1808 658 1862 τά
685 1809 912 1873 ἀθέατα,
941 1808 1035 1862 καὶ
1054 1806 1163 1860 τῶν
1182 1806 1465 1878 ἀλαλήτων
1494 1807 1766 1877 ἐπακροᾶ-

1886 1809 1994 1865 lam
2054 1813 2219 1868 veluti
2251 1815 2444 1869 osculo
2489 1814 2654 1884 digna
2703 1794 2921 1869 censeri
2964 1830 3059 1884 per
3107 1794 3272 1868 Verbi
3325 1794 3450 1867 illu-

197 1902 320 1956 σθαι
360 1902 640 1972 ῥημάτων.

1872 1903 2247 1959 minationem.
2276 1905 2399 1960 Haec
2423 1916 2605 1960 autem
2657 1916 2933 1970 assecuta,
2993 1913 3047 1960 et
3077 1907 3144 1962 ad
3208 1906 3442 1960 interius

195 2008 453 2050 arcanum
483 1995 810 2066 cogitatione
836 1994 1319 2064 ingressa,clamat
1343 2009 1454 2048 non
1510 1994 1685 2050 solum
1709 2009 1832 2050 esse
1869 2012 2093 2051 cursum
2144 1999 2197 2052 in
2253 1999 2537 2054 vestibulis
2593 2002 2884 2064 bonorum,
2942 1998 3037 2054 sed
3080 1999 3136 2053 in
3189 1997 3451 2068 primitiis

195 2094 455 2165 Spiritus,
482 2107 580 2160 per
629 2091 792 2160 cujus
828 2091 1084 2162 gratiam,
1124 2090 1291 2145 veluti
1350 2106 1448 2160 per
1500 2090 1774 2160 quoddam
1827 2093 2099 2156 osculum,
2149 2093 2312 2163 digna
2383 2093 2568 2148 habita
2622 2102 2708 2149 est
2754 2109 2875 2164 quat
2920 2101 3256 2148 scrutaretur
3323 2105 3452 2160 pro-

200 2187 366 2242 funda
422 2187 540 2251 Dei,
589 2194 646 2244 et
687 2203 814 2244 cum
847 2199 993 2245 esset
1061 2189 1118 2242 in
1178 2187 1357 2258 adytis
1407 2186 1669 2257 paradisi,
1718 2197 1779 2240 ut
1855 2201 2085 2257 magnus
2154 2189 2288 2243 dicit
2345 2187 2568 2252 Paulus,
2639 2188 2843 2243 videret
2895 2201 3016 2257 quae
3078 2187 3182 2240 sub
3232 2187 3450 2240 oculum

196 2299 309 2338 non
372 2283 598 2350 cadunt,
675 2293 732 2338 et
781 2283 996 2340 audiret
1059 2283 1226 2339 verba
1283 2297 1407 2353 quae
1461 2297 1573 2336 non
1639 2282 1767 2336 licet
1804 2281 2006 2351 eloqui.

277 2376 342 2428 Ἠ
381 2377 440 2430 δὲ
474 2376 672 2448 ἐφεξῆς
723 2379 882 2449 ῥῆσις
913 2379 1012 2448 τὴν
1061 2377 1519 2451 ὲκκλησιαστικὴν
1563 2379 1773 2430 οἰκονο·

199 2466 329 2536 μίαν
357 2466 690 2522 ὲκκαλύπτει
722 2467 802 2538 τῷ
830 2468 991 2539 λόγῳ.
1024 2470 1087 2521 Οἱ
1122 2469 1230 2538 γὰρ
1260 2466 1466 2538 πρῶτοι
1505 2466 1775 2536 μαθητευ-

192 2561 380 2624 θέντες
401 2562 468 2631 τῇ
495 2561 700 2633 χάριτι,
727 2562 820 2615 καὶ
847 2562 1114 2615 αὐτόπται
1134 2562 1228 2615 καὶ¹
1255 2561 1523 2632 ὑπηρέται
1549 2561 1774 2630 γενόμε-

192 2670 298 2715 νοι,
327 2653 426 2705 οὐκ
455 2655 512 2706 ὲν
539 2654 751 2716 ἑαυτοῖς
783 2653 843 2706 τὸ
873 2653 1072 2722 ἀγαθὸν
1106 2653 1442 2725 περιώρισαν
1461 2695 1476 2715 ,
1518 2652 1653 2706 ἁλλά
1682 2653 1774 2705 καὶ

191 2745 310 2806 τοῖς
340 2744 457 2814 μετ’
485 2744 727 2807 ἐκείνους
757 2747 822 2798 ὲκ
858 2744 1146 2807 διαδόσεως
1165 2745 1262 2815 τὴν
1304 2745 1474 2814 αὐτὴν
1513 2744 1772 2814 ἐποίησαν

193 2837 379 2908 χὰριν.
407 2835 506 2888 Διά
525 2833 683 2888 τοῦτο
713 2835 849 2907 πρὸς
873 2835 971 2906 τήν
987 2835 1062 2904 ⁴νύ
1073 2854 1222 2906 μφην
1245 2837 1406 2906 φασὶν
1434 2836 1488 2888 αί
1511 2835 1770 2899 νεάνιδες,

194 2927 298 2995 τὴν
328 2924 573 2998 πρώτην,
593 2927 682 2981 sta;
707 2928 802 2981 τοῦ
833 2928 976 2982 κατά
1001 2929 1176 3000 στόμα
1199 2928 1449 2999 γενέσθαι
1467 2928 1559 2982 τοῦ
1577 2929 1770 2996 Λόγου,

197 3018 313 3073 τῶν
355 3019 578 3087 ἀγαθῶν
620 3020 1038 3092 πληρωθεῖσαν,
1087 3023 1184 3076 καὶ
1228 3022 1337 3075 τῶν
1380 3022 1776 3093 κεκρυμμένων

203 3112 521 3184 μυστηρίων
566 3113 926 3179 ἀξιωθεῖσαν,
964 3115 1047 3168 ὅτι
1113 3113 1635 3183 Ἀγαλλιασώμεθα
1681 3114 1779 3166 καὶ

195 3203 629 3273 εὐφρανθῶμεν
649 3205 718 3260 ὲν
738 3205 858 3259 σοί.
892 3203 1059 3275 Κοινὴ
1081 3205 1190 3274 γὰρ
1218 3204 1374 3275 ἡμῶν
1403 3206 1517 3256 ἐστι
1546 3203 1693 3275 χαρὰ
1719 3205 1782 3257 τὸ

202 3296 300 3349 σὺν
338 3295 690 3366 ἀγαλλίαμα,
720 3298 804 3351 ὅτι
835 3295 912 3359 ὼς
954 3297 1018 3350 σὺ
1053 3297 1148 3350 καὶ
1185 3296 1404 3366 ἀγαπᾷς
1455 3297 1594 3368 ὑπὲρ
1641 3293 1781 3349 οἶνον

196 3387 330 3450 τοὺς
372 3387 575 3455 μαζοὺς
610 3387 706 3441 τοῦ
737 3389 934 3457 Λόγου,
962 3387 1105 3440 οὕτω
1149 3389 1243 3441 καὶ
1288 3390 1448 3459 ἡμεῖς
1481 3389 1562 3443 σέ.
1597 3389 1783 3459 Μιμη-

202 3476 430 3546 σώμεθα
461 3480 588 3541 σοὺς
623 3478 850 3548 μαζοὺς,
875 3478 941 3531 δι’
971 3472 1046 3532 ὧν
1074 3480 1201 3542 τοὺς
1224 3478 1448 3548 νηπίους
1475 3480 1532 3531 ὲν
1563 3477 1784 3550 Χριστῷ

200 3570 346 3637 γάλα
398 3569 656 3634 ποτίζεις.
717 3571 892 3642 Ὑπὲρ
932 3571 1024 3624 τὸν
1073 3569 1360 3641 ἄνθρωπον
1407 3573 1785 3642 ἀγαπήσωμεν

199 3658 367 3714 οἶνον.
405 3664 514 3716 Καὶ
546 3661 624 3726 ὡς
661 3664 726 3717 ἄν
763 3680 847 3726 τις
885 3664 978 3716 ἐπὶ
1013 3664 1076 3717 τὺ
1109 3661 1443 3734 σαφέστερον
1478 3664 1783 3734 προαγάγοι

203 3755 268 3806 τὸ
319 3754 525 3824 νόημα,
578 3755 818 3809 τοιοῦτόν
858 3758 974 3809 ἐστι
1021 3755 1084 3808 τὸ
1131 3756 1452 3827 λεγόμενον·
1503 3757 1786 3826 Ἥγάπησε

203 3845 336 3906 τοὺς
367 3845 573 3914 μαζοὺς
605 3845 700 3899 τοῦ
729 3846 928 3914 Λόγου,
957 3847 986 3898 ὁ
1019 3847 1112 3900 ἐπὶ
1138 3847 1200 3899 τὸ
1225 3848 1418 3917 στῆθος
1451 3848 1546 3902 τοῦ
1584 3849 1785 3919 Κυρίου

157 3981 174 3987 -
203 3934 500 3990 ἀναπεσὼν
535 3935 810 4006 Ἰωάννης,
840 3937 936 3990 καὶ
958 3932 1068 3990 οἷόν
1093 3955 1215 3990 τινα
1241 3940 1510 4007 σπογγιάν
1533 3942 1631 4008 τὴν
1657 3942 1786 3992 έαυ--

203 4026 307 4080 τοῦ
345 4027 573 4098 καρδίαν
609 4029 874 4098 παραθεὶς
906 4032 974 4099 τῇ
1003 4032 1156 4100 πηγῇ
1193 4030 1293 4100 τῆς
1325 4028 1491 4100 ζωῆς,
1525 4031 1620 4084 καὶ
1648 4032 1788 4102 πλή-

205 4137 316 4190 ρης
340 4119 404 4172 ἐκ
435 4137 581 4183 τινος
611 4121 850 4192 ἀρρήτου
886 4121 1177 4186 διαδόσεως
1206 4121 1315 4176 τῶν
1335 4123 1676 4192 ἐγκειμένων
1690 4126 1788 4194 τῇ⁹

205 4210 307 4263 τοῦ
339 4210 574 4281 Χριστοῦ
614 4211 926 4282 μυστηρίων
961 4215 1283 4283 γενόμενος,
1317 4214 1411 4266 καὶ
1443 4214 1574 4282 ἡμῖν
1604 4211 1787 4282 ἐπέχει

1952 2377 2084 2444 Quae
2112 2387 2292 2434 autem
2325 2379 2588 2449 deinceps
2617 2379 2864 2450 sequitur
2893 2377 3085 2442 dictio,
3115 2373 3452 2431 ecclesiasti-

1879 2472 2389 2523 cammconomiam
2454 2469 2634 2525 verbis
2657 2470 2854 2539 aperit.
2904 2466 3040 2521 Nam
3071 2468 3162 2537 qui
3215 2468 3450 2537 primum

1879 2561 2101 2613 l‘uerunt
2129 2563 2306 2632 gratia
2330 2562 2555 2624 eruditi,
2607 2571 2662 2616 et
2701 2562 2793 2632 qui
2821 2561 3055 2616 Verbum
3097 2559 3330 2629 primum
3369 2559 3451 2611 vi-

1881 2654 2103 2715 derunt,
2149 2655 2276 2710 etei
2314 2655 2724 2718 ministrarunt,
2757 2668 2866 2708 non
2911 2653 2967 2706 in
3015 2652 3212 2720 seipsis
3247 2651 3452 2704 bonum

1879 2750 2462 2818 circumscripserunt,
2522 2747 2617 2804 sed
2657 2748 2823 2802 etiam
2896 2745 3136 2816 posteris
3206 2743 3454 2799 eamdem

1845 2865 1847 2868 t
1880 2847 2211 2909 paraverunt
2241 2840 2470 2908 gratiam
2495 2838 2536 2893 ³.
2566 2836 2862 2907 Propterea
2896 2834 3088 2888 dicunt
3125 2834 3447 2888 adolescen-

1879 2932 2006 2986 tulaa
2034 2931 2101 2985 ad
2136 2946 2416 3000 sponsam,
2463 2946 2586 3000 qua:
2607 2930 2781 2998 prima
2805 2927 2965 2982 bonis
2993 2926 3094 2980 fuit
3126 2925 3350 2994 repleta,
3395 2933 3451 2978 et

1879 3027 2112 3081 occultis
2161 3025 2440 3097 mysteriis
2485 3025 2590 3080 fuit
2630 3025 2794 3093 digna
2825 3041 2840 3079 :
2872 3031 3162 3093 propterea
3196 3018 3344 3089 quod
3384 3033 3453 3072 ex

1880 3135 1976 3174 ore
2001 3119 2166 3174 verba
2201 3133 2265 3172 ea
2297 3118 2576 3172 hauserit:
2607 3116 2943 3170 Exsultemus
2976 3122 3027 3167 et
3053 3112 3290 3166 lwtemur
3313 3111 3453 3162 inte.

1882 3211 2202 3266 Communis
2252 3211 2398 3265 enim
2438 3216 2628 3264 nostra
2665 3207 2850 3261 laetitia
2893 3214 2978 3260 est
3015 3212 3106 3258 tua
3141 3201 3455 3265 exsultatio,

1882 3301 2140 3370 quoniam
2183 3300 2326 3353 sicut
2365 3308 2422 3352 tu
2455 3314 2607 3351 amas
2644 3313 2807 3366 supra
2849 3297 3032 3350 vinum
3075 3294 3244 3347 ubera
3269 3292 3457 3356 Verbi,

1883 3391 1957 3445 ita
1991 3406 2091 3444 nos
2113 3406 2332 3460 quoque
2362 3399 2430 3442 te.
2463 3388 2744 3442 Imitemur
2773 3387 2940 3440 ubera
2976 3393 3068 3438 tua
3111 3399 3210 3454 per
3255 3398 3377 3451 qua:
3402 3391 3458 3434 tu

1883 3483 2024 3536 lacte
2063 3491 2220 3550 potas
2241 3495 2338 3535 eos
2369 3478 2462 3549 qui
2486 3488 2613 3532 sunt
2658 3477 2898 3531 infantes
2920 3475 2974 3528 in
2999 3475 3246 3529 Christo.
3281 3469 3460 3539 Supra

1885 3572 2160 3626 hominem
2196 3585 2444 3626 amemus
2475 3569 2689 3622 vinum.
2724 3569 2790 3622 Et
2829 3575 2886 3620 ut
2913 3580 3110 3621 sensus
3143 3565 3233 3616 tiat
3267 3561 3464 3616 diluci-

1888 3661 2029 3725 dior,
2067 3662 2175 3716 tale
2218 3671 2303 3717 est
2335 3661 2390 3715 id
2414 3659 2561 3730 quod
2585 3658 2789 3712 dicitur
2819 3678 2832 3712 :
2866 3655 3028 3713 Verbi
3063 3655 3265 3708 amavit
3292 3653 3462 3707 ubera

1887 3755 1979 3823 qui
2011 3769 2173 3824 supra
2200 3761 2394 3822 pectus
2425 3751 2640 3806 Domini
2673 3751 2727 3804 in
2757 3765 2915 3807 cmna
2945 3749 3220 3812 recubuit,
3261 3755 3316 3802 et
3359 3746 3466 3801 vel-

1888 3849 1966 3901 uti
2009 3847 2300 3916 quamdam
2349 3846 2633 3916 spongiam
2680 3859 2773 3898 cor
2825 3859 2986 3898 suum
3032 3842 3289 3912 apposuit
3327 3839 3465 3894 fonti

1888 3943 2031 4001 vitae,
2068 3949 2122 3994 et
2166 3955 2233 3994 ex
2283 3937 2544 3992 ineﬂ‘abili
2599 3935 2834 4006 quadam
2881 3935 3181 3989 traditione
3222 3933 3464 4003 repletus

1887 4032 2090 4086 Christi
2115 4031 2411 4101 mysteriis,
2459 4029 2618 4083 nobis
2657 4044 2876 4098 quoque
2909 4027 3129 4084 exhibet
3165 4027 3464 4080 mamillam

1894 4123 2122 4178 aVerbo
2156 4122 2456 4191 impletam,
2502 4136 2715 4190 nosque
2763 4119 2951 4188 implet
2996 4119 3156 4174 bonis
3197 4132 3316 4186 qua:
3361 4116 3408 4169 ei
3435 4130 3464 4167 a

1893 4215 2043 4270 fonte
2085 4221 2214 4270 sunt
2280 4213 2472 4274 indita,
2533 4227 2727 4281 magna
2778 4227 2913 4264 voce
2972 4209 3275 4278 prmdicans
3323 4207 3465 4275 quod

205 4306 314 4374 τὴν
346 4303 725 4373 πληρωθεῖσαν
755 4304 859 4359 ὑπὸ
884 4305 978 4358 τοῦ
1007 4305 1181 4373 Λόγου
1215 4304 1402 4376 θηλὴν,
1433 4305 1528 4356 καὶ
1567 4304 1785 4375 πλήρεις

1899 4322 2117 4378 semper
2143 4314 2230 4360 est
2259 4305 2520 4361 Verbum.
2557 4301 2710 4357 Unde
2752 4320 2851 4357 nos
2898 4317 3116 4372 quoque
3166 4302 3357 4355 merito
3389 4299 3465 4352 illi

209 4399 361 4450 ποιεῖ
386 4396 498 4449 τῶν
523 4396 846 4450 ἑντεθέντων
865 4396 1016 4466 αὐτῷ
1044 4397 1194 4465 παρὰ
1217 4398 1325 4467 τῆς.
1339 4397 1523 4466 πηγῆς
1544 4397 1790 4464 ἀγαθῶν,

207 4488 505 4559 κηρύσσων
534 4490 592 4543 ὲν
633 4489 1015 4560 μεγαλοφωνίᾳ
1041 4488 1130 4543 τὸν
1164 4489 1251 4542 ἀεὶ
1282 4488 1412 4542 ὄντα
1442 4488 1634 4556 Λόγον·
1671 4489 1793 4541 ὅθεν

205 4579 443 4660 εἰκότως
481 4581 576 4633 καὶ
621 4582 782 4652 ἡμεῖς
814 4581 952 4651 πρὸς
983 4581 1144 4634 αὑτὸν
1182 4581 1416 4652 ἐροῦμεν
1438 4621 1453 4644 ,
1485 4581 1565 4633 ὅτι
1622 4581 1792 4649 Ἀτα-

208 4671 507 4741 πήσωμεν
520 4673 798 4741 μασθούς
816 4687 934 4726 σου
953 4671 1106 4741 ὑπὲρ
1132 4667 1320 4726 οἶνον.
1343 4672 1516 4741 Εἴπερ
1537 4671 1601 4742 δὴ
1629 4671 1799 4723 τοιοῦ-

207 4781 300 4817 τοι
355 4765 694 4834 γεγόναμεν,
741 4765 818 4828 ὡς
853 4765 1092 4828 νεάνιδες
1139 4759 1301 4830 εῖναι,
1349 4765 1442 4818 καὶ
1493 4767 1632 4836 μήτε
1677 4766 1797 4826 ταῖς

209 4857 382 4928 φρεσὶ
411 4857 698 4927 νηπιάζειν
727 4858 833 4912 ὑπὸ
857 4859 958 4929 τῆς
983 4860 1051 4930 τῇ
1087 4858 1407 4928 ματαιότητι
1438 4858 1797 4928 συνεζευγμέ-

210 4967 316 5019 νης
347 4949 618 5020 νεότητος,
657 4952 793 5022 μήτε
823 4949 1164 5022 ρυτιδοῦσθαι
1189 4950 1257 5002 δι’
1287 4951 1562 5021 ἁμαρτίας
1589 4952 1646 5003 ὲν
1690 4966 1796 5001 παι

212 5039 464 5111 λαιότητι
496 5044 566 5112 τῇ
597 5043 677 5106 εἰς
715 5042 1023 5112 ἀφανισμὸν
1061 5042 1445 5114 καταληγούσῃ
1465 5059 1478 5072 ·
1520 5041 1610 5095 διὰ
1641 5041 1800 5094 τοῦτο

206 5133 276 5186 δὲ
318 5134 622 5205 ἀγαπῶμεν
667 5135 768 5206 τὴν
817 5134 930 5188 τῶν
978 5135 1088 5189 σῶν
1131 5135 1476 5206 διδαγμάτων
1511 5133 1798 5205 ἐπιρροήν,

215 5226 307 5277 ὅτι
343 5224 420 5277 Σὲ
447 5226 487 5294 ἠ
525 5225 780 5293 εὐθύτης
806 5225 1155 5296 ἠγάπησεν
1176 5218 1333 5290 οὗτος
1359 5226 1469 5298 γὰρ
1497 5229 1525 5280 ὁ
1551 5225 1801 5296 μαθητὴς

214 5315 282 5368 ὃν
327 5316 518 5385 ἠγάπα
552 5319 582 5371 ὁ
639 5316 884 5387 Ἰησοῦς’
928 5317 1136 5389 Ἰησοῦς
1178 5317 1236 5370 δέ
1270 5319 1416 5371 ἐστιν
1467 5321 1501 5388 ή
1548 5316 1798 5388 εὐθύτης.

219 5406 458 5460 Κάλλιον
483 5408 540 5462 δὲ
570 5408 664 5461 καὶ
701 5408 1167 5480 θεοπρεπέστερον
1203 5411 1232 5462 ὁ
1270 5408 1426 5478 λόγος
1461 5404 1615 5472 οὗτος
1651 5409 1802 5480 παρά

217 5499 317 5551 τὸν
359 5501 646 5571 προφήτην
693 5499 857 5553 Δαϐὶδ
893 5499 1147 5570 ὀνομάζει
1186 5501 1278 5554 τὸν
1316 5500 1541 5572 Κύριον.
1593 5501 1652 5553 '0
1707 5499 1804 5571 μὲν

224 5586 335 5657 γάρ
363 5604 550 5659 φησιν,
585 5589 668 5642 ὅτι
705 5589 903 5655 Εὐθὺς
930 5593 1144 5656 Κύριος
1182 5593 1214 5644 ό
1245 5591 1416 5657 Θεός·
1448 5586 1600 5655 οὗτος
1629 5591 1683 5644 δὲ
1715 5593 1804 5644 εὐ-

298 5764 482 5820 ιιιιιιι.
521 5783 604 5832 ιιι,
641 5768 722 5823 l5.
801 5770 882 5824 ³11
920 5771 1045 5827 Cur.
1083 5787 1179 5836 xu,
1223 5771 1242 5826 l
1289 5788 1409 5843 sqq.

1521 5773 1538 5803 "
1561 5769 1720 5827 Joan.
1758 5788 1869 5840 xxi,
1897 5773 1949 5826 7.

1895 4399 2177 4452 dicemus:
2218 4393 2516 4463 Diligamus
2566 4394 2731 4457 ubera
2811 4403 2902 4445 tua
2963 4407 3125 4459 supra
3177 4391 3377 4444 vinum.
3411 4388 3467 4443 Si

1895 4493 2080 4561 itaque
2113 4503 2306 4544 sutnus
2353 4486 2647 4555 ejusmodi,
2691 4495 2752 4539 ut
2807 4487 2981 4540 simus
3030 4483 3464 4545 adulescentula,

1895 4595 1948 4640 et
1976 4598 2154 4653 neque
2212 4591 2396 4635 mente
2434 4580 2611 4633 simus
2655 4577 2894 4631 infantes
2951 4577 3020 4629 ob
3055 4575 3282 4628 vanitati
3333 4590 3468 4628 con-

1891 4677 2138 4746 junctam
2160 4675 2528 4743 juventutem,
2569 4685 2744 4740 neque
2773 4668 2923 4738 rugis
2952 4665 3322 4721 del‘ormemur
3353 4682 3470 4736 pro-

1898 4778 2016 4840 pter
2048 4773 2358 4838 peccatum,
2391 4762 2536 4834 quod
2563 4763 2616 4815 in
2659 4768 2935 4816 vetustate
2965 4759 3166 4812 desinit
3197 4759 3250 4812 in
3282 4758 3471 4813 interi-

1898 4867 2046 4923 tum;
2083 4863 2371 4928 propterea
2402 4862 2586 4908 autem
2620 4851 2899 4921 diligimus
2931 4860 3149 4916 tuorum
3170 4847 3471 4902 documen-

1897 4959 2078 5005 torum
2107 4948 2398 5010 inﬂuxum,
2452 4945 2595 5012 Quia
2622 4953 2669 4997 te
2691 4943 2885 4996 dilexit
2931 4940 3213 4996 rectitude.
3256 4941 3355 4996 llic
3387 4949 3472 4997 est

1900 5043 2046 5097 enim
2081 5039 2406 5109 discipulus,
2439 5052 2602 5106 quem
2639 5034 2899 5104 diligebat
2927 5031 3152 5089 Jesus‘:
3177 5031 3338 5088 Jesus
3382 5049 3475 5086 au-

1900 5143 2009 5189 tem
2040 5141 2124 5188 est
2154 5129 2448 5185 rectitudo.
2481 5125 2777 5180 Pulchrius
2817 5133 3001 5179 autem
3037 5132 3091 5178 ct
3122 5123 3234 5178 Deo
3272 5140 3474 5179 conve-

1903 5225 2144 5280 nientius
2170 5225 2257 5276 hic
2290 5223 2430 5280 liber
2476 5218 2723 5274 nominat
2784 5217 3072 5271 Dominum
3130 5232 3294 5287 quam
3342 5233 3469 5287 pro-

1905 5317 2065 5388 pheta
2103 5314 2292 5369 David.
2324 5312 2493 5365 David
2529 5311 2676 5366 enim
2728 5309 2860 5362 dicit
2891 5327 2904 5361 :
2935 5306 3122 5362 Rectus
3160 5318 3236 5362 est
3292 5308 3476 5362 Domi-

1905 5426 2003 5463 nus
2026 5409 2068 5462 '.
2104 5407 2204 5462 Hic
2235 5413 2419 5460 autem
2434 5419 2558 5458 eum
2590 5408 2746 5456 vocat
2764 5399 3172 5462 rectitudinem,
3192 5415 3301 5470 quo
3322 5402 3454 5470 quid

1905 5501 2036 5572 quid
2071 5510 2158 5556 est
2195 5499 2477 5567 obliquum
2503 5495 2797 5564 corrigitur
2826 5502 2881 5548 et
2907 5491 3194 5547 deducitur
3221 5494 3286 5548 ad
3323 5493 3456 5547 recti

1908 5593 2174 5648 tudinem.
2201 5590 2306 5646 Sed
2332 5597 2384 5648 in
2415 5589 2573 5644 nobis
2600 5602 2814 5657 quoque
2849 5586 2962 5654 liat,
3005 5593 3062 5640 ut
3088 5585 3354 5656 quidquid
3390 5592 3478 5642 est

2051 5770 2236 5826 'Psul.
2275 5787 2380 5835 XCI,
2427 5772 2510 5826 lli.

3493 5465 3502 5496 i
