3846 6220
395 279 493 335 737

1622 275 1679 331 S.
1713 271 2042 332 GREGORII
2077 272 2363 329 NYSSENI

3527 261 3661 316 τεα

396 395 678 463 ηιιιίηιιιηη
709 397 904 451 evadat
937 405 1167 462 rectum,
1195 403 1250 452 et
1276 412 1469 468 aspera
1508 397 1850 452 deducantur
1882 395 1950 449 ad

2091 396 2256 465 ότητα
2293 395 2567 466 ὀνομάζει,
2603 387 2647 461 ᾧ
2687 395 2794 447 πᾶν
2837 392 2898 445 τὸ
2936 389 3147 444 σκολιὸν
3185 387 3319 457 πρὸς
3367 384 3428 438 τὸ
3465 384 3658 455 ὀρθὸν

398 485 512 536 λίπε
541 485 750 552 planas.
781 484 963 540 Gratia
981 487 1191 541 Domini
1209 490 1379 543 nostri
1418 485 1547 542 Jesu
1597 486 1824 550 Christi,
1865 486 1953 541 cui

399 574 570 640 gloria
608 573 662 628 in
687 575 888 632 saacula
928 576 1274 632 saeculorum.
1323 577 1508 634 Amen.

989 843 1270 899 HOMILIA
1309 844 1371 899 ll.

469 932 598 988 Car.
624 951 662 997 ι,
685 935 739 1004 Ῡ.
775 937 828 989 4.
875 933 1045 1006 Nigra
1067 952 1182 990 sum
1209 946 1258 990 et
1288 936 1540 1006 formosa,
1560 938 1688 1006 lilia:
1707 938 1960 995 Hierusa—

403 1026 525 1090 lem,
555 1028 688 1080 sicut
723 1027 1061 1084 tabernacula
1082 1027 1273 1096 Cedar,
1291 1029 1425 1082 sicut
1451 1030 1610 1097 pelles
1635 1029 1958 1086 Salomonis.

405 1115 456 1172 5.
486 1115 566 1170 Ne
585 1135 664 1172 me
691 1119 978 1185 aspiciatis,
997 1120 1122 1187 quia
1152 1136 1267 1176 sum
1296 1118 1592 1189 denigrata,
1619 1121 1862 1190 quoniam
1880 1121 1963 1174 sol

405 1224 485 1261 me
528 1211 750 1278 aspexit.
804 1207 933 1262 Filii
973 1211 1159 1262 matris
1216 1226 1341 1264 mea:
1377 1221 1733 1278 pugnaverunt
1764 1212 1817 1264 in
1850 1226 1962 1273 me;

406 1311 680 1367 posuerunt
722 1318 800 1355 me
826 1300 1089 1359 custodem
1129 1303 1181 1354 in
1214 1302 1394 1362 vineis,
1428 1302 1631 1355 vineam
1663 1319 1829 1357 meam
1863 1320 1966 1357 non

406 1390 679 1459 custodivi.
709 1392 760 1446 6.
794 1392 1053 1446 Renuntia
1080 1393 1227 1454 mihi,
1250 1410 1399 1463 quem
1421 1393 1595 1463 diligit
1625 1397 1804 1448 anima
1829 1411 1965 1456 mea,

407 1481 496 1541 ubi
524 1498 732 1549 pascas,
775 1483 866 1536 ubi
907 1485 1060 1538 cubes
1091 1485 1144 1538 in
1185 1484 1422 1538 meridie.
1471 1484 1553 1538 Ne
1597 1486 1804 1554 quando
1839 1485 1966 1552 ﬁam

409 1582 656 1642 tanquam
689 1576 882 1628 amicta
908 1577 961 1628 in
992 1575 1229 1646 gregibus
1261 1575 1527 1629 sodalium
1561 1585 1790 1630 tuorum.
1825 1575 1875 1629 7.
1909 1573 1968 1628 Si

409 1680 511 1723 non
555 1679 835 1733 cognoscas
883 1667 1133 1732 teipsam,
1168 1683 1198 1720 ο
1232 1665 1450 1734 pulchra
1501 1667 1637 1720 inler
1686 1667 1966 1728 mulieres,

2058 486 2439 540 ἀπευθύνεται.
2485 485 2642 538 Ἀλλά
2673 485 2880 553 γένοιτο
2907 482 3000 536 καὶ
3025 482 3156 551 ἡμῖν
3192 480 3300 532 πᾶν
3321 477 3382 530 τὸ
3413 475 3660 529 σκολιὸν

2059 579 2139 640 είς
2178 577 2411 639 εὐθεῖαν,
2445 577 2539 629 καὶ
2573 579 2643 629 τὰ
2677 574 2884 645 τραχέα
2930 575 3010 635 εἰς
3046 571 3199 633 ὁδοὺς
3232 569 3405 632 λείας,
3442 567 3662 637 χάριτι

2061 667 2155 722 τοῦ
2190 668 2395 739 Κυρίου
2418 669 2450 733 ή
2461 666 2575 737 μῶν
2609 665 2780 736 Ἰησοῦ
2806 661 3064 735 Χριστοῦ,
3085 655 3128 730 ᾧ
3168 663 3202 730 ἠ
3241 658 3368 724 δόξα
3395 659 3480 722 εἰς
3505 655 3663 719 τοὺς

2061 759 2266 822 αἰῶνας
2290 757 2398 812 τῶν
2425 757 2658 814 αἰώνων.
2701 756 2891 827 Ἀμήν.

2669 848 2910 901 ΟΜΙΔΙΑ
2943 845 3018 898 Β’.

2137 940 2404 996 Μέλαινα
2446 943 2563 1010 ειμι
2608 939 2707 992 καὶ
2745 936 2903 1003 καλὴ
2921 977 2937 1002 ,
2983 933 3296 1005 θυγατέρες
3337 933 3662 1001 Ἰερουσα-

2065 1033 2212 1102 λὴμ,
2259 1033 2340 1099 ὡς
2387 1029 2748 1100 σκηνώματα
2794 1025 3023 1095 Κηδὰρ,
3069 1025 3149 1092 ὠς
3182 1023 3410 1092 δέρρεις
3451 1025 3664 1076 Σαλήμ

2059 1124 2208 1194 μὼν.
2239 1123 2334 1191 Μὴ
2372 1121 2648 1190 meum
2685 1137 2795 1190 με,
2850 1119 2940 1172 ὅτι
2975 1116 3089 1187 ἐγώ
3137 1118 3253 1185 ειμι
3286 1118 3662 1184 μεμελανω-

2063 1215 2216 1286 μένη
2235 1256 2251 1281 ,
2279 1215 2368 1268 ὅτι
2417 1211 2756 1282 παρέϐλεψέ
2795 1227 2871 1280 με
2914 1213 2948 1264 d
3000 1208 3189 1276 ἥλιος.
3253 1206 3374 1260 Υίοὶ
3410 1205 3664 1274 μητρός

2065 1326 2184 1377 μου
2215 1306 2587 1376 ἐμαχέσαντο
2611 1304 2681 1357 ἐν
2707 1302 2837 1372 ἐμοί
2859 1317 2872 1332 ·
2907 1298 3115 1356 ἕθεν-τό
3137 1314 3214 1368 με
3238 1294 3668 1366 φυλὰκισσαν

2068 1401 2137 1453 ἐν
2187 1396 2556 1468 ἀμπελῶσιν,
2609 1392 2932 1464 ἀμπελῶνα
2986 1390 3132 1461 ἐμὸν
3182 1391 3292 1444 οὐκ
3338 1385 3658 1458 ἐφύλαξα.

2083 1489 2469 1559 ’Λπὰγγειλόν
2510 1504 2638 1556 μοι,
2689 1486 2761 1539 ὃν
2809 1484 3126 1554 ἠγάπησεν
3162 1482 3202 1548 ἠ
3259 1479 3437 1549 ψυχή
3484 1495 3655 1547 μου.

2072 1581 2189 1636 ποῦ
2233 1580 2562 1650 ποιμαίνεις
2585 1617 2600 1645 ,
2656 1577 2772 1633 ποῦ
2822 1572 3103 1641 κοιτάζεις
3149 1573 3218 1626 ἐν
3265 1569 3655 1640 μεσημϐρίᾳ·

2068 1671 2298 1740 μήποτε
2342 1669 2592 1738 γένωμαι
2639 1668 2719 1733 ὡς
2763 1661 3232 1734 περιϐαλλομένη
3270 1661 3361 1714 ἐπ’
3399 1659 3662 1728 ἀγέλαις

410 1755 653 1822 egredere
683 1765 739 1807 tu
772 1757 825 1809 in
853 1757 1081 1827 vestigiis
1112 1733 1324 1827 gregum
1348 1773 1365 1821 ;
1395 1768 1443 1812 et
1465 1773 1618 1826 pasce
1647 1757 1821 1810 hwdos
1853 1767 1969 1810 tuos

2091 1733 2321 1830 ἑταίρων
2349 1733 2503 1814 ’σουί
2555 1759 2695 1811 Ἐὰν
2728 1756 2812 1826 μὴ
2860 1754 3017 1825 γνῷς
3069 1751 3367 1820 σεαυτὴν,
3403 1750 3444 1816 ἠ
3487 1747 3658 1812 καλὴ

409 1845 465 1912 in
499 1847 850 1905 tabernaculis
875 1856 1164 1913 pastorum.

478 2118 596 2174 Non
631 2129 749 2174 erat
779 2119 1132 2190 pulchritudo
1165 2119 1311 2174 sacri
1357 2117 1692 2174 tabernaculi
1728 2117 1974 2172 testimo-

413 2213 510 2276 nii,
539 2227 662 2282 qua:
698 2212 994 2283 apparebat
1019 2211 1385 2273 extrinsecus,
1413 2226 1511 2280 par
1543 2211 1592 2264 ei
1619 2225 1738 2280 qua:
1761 2210 1976 2264 occulta

410 2311 528 2358 erat
561 2305 732 2359 intus.
753 2305 936 2358 Aulaea
958 2303 1177 2374 quidem
1199 2311 1356 2358 erant
1384 2317 1451 2356 ex
1485 2302 1645 2357 lineis
1677 2301 1974 2362 textilibus,

411 2403 465 2449 et
497 2410 560 2448 ex
592 2395 716 2464 pilis
747 2409 1035 2464 caprarum
1066 2393 1313 2458 cortinae,
1348 2401 1403 2449 et
1433 2408 1500 2448 ex
1531 2393 1714 2448 rubris
1745 2392 1976 2463 pellibus

413 2485 654 2540 ambitus
685 2485 980 2554 implebant
1008 2493 1292 2540 externum
1331 2494 1581 2538 ornatum
1613 2483 1972 2538 tabernaCuli.

414 2579 602 2648 Neque
629 2577 924 2648 quidquam
953 2593 1210 2648 magnum
1237 2587 1292 2634 et
1317 2577 1616 2648 pretiosum
1646 2587 1842 2647 printer
1864 2576 1978 2630 haec

414 2664 710 2734 apparebat
769 2665 836 2719 iis
863 2665 956 2735 qui
990 2666 1247 2721 videbant
1284 2665 1648 2720 extrinsecus.
1692 2666 1846 2719 Intus
1881 2680 1979 2718 au-

413 2765 520 2818 tem
549 2771 682 2811 auro
711 2765 765 2811 et
795 2765 1044 2827 argento,
1074 2767 1128 2812 et
1157 2757 1428 2827 lapidibus
1456 2757 1710 2826 pretiosis
1735 2756 1981 2825 resplen-

414 2849 575 2912 debat
617 2857 790 2908 totum
840 2851 1138 2905 testimonii
1178 2850 1633 2904 tabernaculum:
1689 2849 1978 2910 columnaa,

417 2943 600 3004 bases,
632 2941 905 3011 capitella,
929 2941 1291 3003 thuribulum,
1328 2941 1690 3004 altare,arca.
1727 2937 1983 2994 candela-

2076 1855 2145 1906 ἑν
2182 1852 2476 1923 γυναιξὶν,
2505 1850 2713 1914 ἔξελθε
2745 1847 2815 1901 ἐν
2856 1847 3133 1914 πτέρναις
3171 1842 3290 1897 τῶν
3330 1840 3661 1910 ποιμνίων.

2078 1943 2176 1998 καὶ
2212 1943 2488 2012 ποίμαινε
2529 1939 2670 2004 τοὺς
2709 1939 2952 2008 ἐρίφους
2993 1935 3092 1988 ἐπὶ
3136 1932 3493 2001 σκηνώμασι
3535 1926 3664 1983 τῶν

2077 2035 2385 2104 ποιμνίων.

2147 2126 2258 2195 Τὴς
2284 2125 2433 2195 ἱερᾶς
2465 2121 2559 2176 τοῦ
2587 2121 2884 2194 μαρτυρίου
2923 2119 3127 2188 σκηνῆς
3163 2117 3260 2186 οὐχ
3284 2114 3553 2185 ὁμότιμον
3583 2107 3662 2181 ἦν

2075 2217 2154 2289 τῷ
2185 2216 2397 2271 ἔνδοθεν
2435 2213 2799 2286 κεκρυμμένῳ
2843 2213 3028 2266 κάλλει
3061 2212 3122 2263 τὸ
3155 2209 3312 2285 ἐκτὸς
3350 2206 3659 2277 προφαινόο

2082 2327 2259 2380 μενον.
2295 2309 2498 2362 Αὐλαία
2528 2309 2624 2379 μὲν
2651 2309 2757 2378 γὰρ
2785 2308 2849 2359 ὲκ
2875 2304 3036 2358 λινῶν
3065 2299 3422 2371 ὑφασμάτων,
3467 2297 3563 2349 καὶ
3591 2295 3653 2347 αἱ

2077 2402 2164 2455 διὰ
2191 2401 2298 2455 τῶν
2329 2400 2524 2471 τριχῶν
2551 2399 2657 2453 τῶν
2690 2399 2860 2467 αἰγῶν
2889 2397 3100 2468 δέρρεις
3121 2433 3136 2456 ,
3167 2393 3262 2446 καὶ
3290 2393 3350 2443 αἱ
3390 2389 3506 2441 τῶν
3535 2391 3665 2455 ἐρυ-

2080 2493 2224 2564 θρῶν
2267 2494 2548 2564 δερμάτων
2593 2489 2878 2561 περιϐολαὶ
2909 2490 3000 2541 τὸν
3053 2484 3250 2550 ἔξωθεν
3291 2482 3397 2550 τῆς
3449 2478 3662 2549 σκηνῆς

2081 2585 2282 2655 κόσμον
2311 2583 2596 2653 ἐπλήρουν.
2624 2581 2732 2636 Καὶ
2759 2581 2910 2634 οὐδὲν
2934 2575 3002 2649 ἦν
3033 2577 3172 2648 μέγα
3199 2574 3293 2628 καὶ
3313 2574 3506 2642 τίμιον
3546 2571 3660 2631 τοῖς

2079 2677 2147 2728 τὰ
2179 2675 2333 2738 ὲκτὸς
2363 2674 2532 2744 ὁρῶσι
2557 2671 2707 2743 παρὰ
2737 2670 2910 2723 ταῦτα
2945 2668 3282 2737 φαινόμενον.
3316 2660 3571 2714 Ἔσωθεν
3600 2658 3662 2710 δὲ

2081 2763 2265 2836 χρυσῷ
2289 2764 2383 2818 καὶ
2411 2763 2657 2835 ἀργυρίῳ
2687 2763 2780 2816 καὶ
2802 2763 2915 2824 τοῖς
2942 2759 3143 2830 τιμίοις
3169 2757 3277 2809 τῶν
3299 2753 3472 2806 λίθων
3512 2751 3664 2804 πᾶσα

2083 2855 2234 2926 ήτοῦ
2270 2855 2564 2928 μαρτυρίου
2601 2853 2774 2926 σκηνὴ
2815 2851 3221 2920 κατελάμπετο·
3257 2848 3307 2900 οί
3349 2845 3537 2898 στύλοι
3559 2883 3574 2904 ,
3601 2843 3660 2896 αἱ

2086 2951 2289 3021 βάσεις,
2327 2952 2383 3005 αἱ
2425 2949 2728 3018 κεφαλίδες,
2770 2947 2832 3001 τὸ
2856 2945 3227 3016 θυμιατήριον,
3253 2941 3312 2994 τὸ
3355 2939 3658 3006 Θυσιαστή-

416 3033 596 3102 brum,
625 3035 1088 3104 propitiatorium,
1140 3035 1377 3098 lavacra,
1419 3034 1473 3088 in
1522 3035 1749 3088 introitu
1779 3034 1893 3086 vela
1929 3039 1982 3086 et

2091 3060 2220 3112 ριον,
2243 3045 2276 3113 ὴ
2301 3042 2549 3105 κιϐωτὸς,
2569 3043 2602 3112 ή
2623 3039 2834 3111 λυχνία,
2859 3039 2920 3092 τὸ
2941 3038 3272 3107 ἱλαστήριον,
3295 3035 3346 3086 οἱ
3369 3032 3659 3101 λουτῆρες,

417 3125 608 3187 aulaea,
655 3127 855 3195 quibus
906 3125 1254 3196 pulchritudo
1299 3134 1418 3179 erat
1463 3132 1867 3194 contemperata
1916 3138 1980 3176 ex

416 3217 609 3284 quovis
661 3232 858 3286 genere
895 3217 1036 3272 bene
1076 3217 1332 3271 colorata:
1373 3216 1643 3276 tiucturaa,
1695 3216 1842 3268 tilum
1893 3229 1986 3267 au-

419 3323 569 3366 reum
612 3307 926 3378 hyacintho,
957 3320 1218 3376 purpura,
1258 3305 1445 3375 bysso,
1485 3311 1539 3358 et
1583 3319 1772 3367 cocco,
1816 3301 1985 3356 artili-

419 3398 571 3451 cioso
609 3394 844 3466 quodam
873 3395 1129 3462 sutilique
1159 3409 1322 3463 opere
1346 3394 1621 3464 eleganter
1646 3401 1982 3454 contextum,

419 3497 473 3542 et
529 3503 595 3542 ex
649 3486 904 3554 omnibus
965 3493 1470 3554 contemperatum,
1521 3483 1753 3538 faciebat
1809 3484 1984 3538 instar

423 3581 576 3635 iridis
602 3580 784 3636 lucere
812 3577 1156 3650 splendorem
1179 3579 1300 3647 ejus
1323 3577 1468 3648 quod
1497 3585 1616 3643 erat
1646 3584 1983 3631 contextum.

420 3672 694 3738 Quorsum
740 3679 918 3725 autem
965 3670 1242 3739 aspiciens
1291 3670 1416 3723 hinc
1470 3667 1768 3738 exordior,
1826 3667 1986 3728 nobis

422 3765 583 3832 plaue
635 3763 725 3817 lict
759 3760 1106 3828 manifestum
1155 3777 1221 3814 ex
1271 3761 1338 3814 iis
1387 3775 1508 3829 quae
1563 3767 1692 3814 sunt
1733 3759 1983 3812 dicenda.

423 3854 636 3910 Rursus
669 3852 826 3908 nobis
857 3851 1178 3928 proponitur
1208 3849 1498 3904 Canticum
1527 3849 1893 3907 canticorum,
1921 3845 1987 3900 ad

422 3946 814 4016 expositionem
853 3945 1121 3998 universae
1151 3942 1530 4013 phiIOSOphiaa,
1578 3949 1632 3996 et
1673 3939 1764 3994 Dei
1797 3941 1986 4010 cegui-

423 4038 610 4092 tionis.
662 4035 778 4091 lloc
827 4043 914 4091 est
955 4048 1145 4097 verum
1209 4033 1506 4098 testimonii
1550 4030 1985 4096 tabernaculum,

423 4131 582 4200 cujus
614 4129 870 4200 opercula
903 4127 1121 4199 quidem
1169 4135 1224 4186 et
1267 4125 1409 4187 vela,
1462 4132 1517 4180 et
1565 4123 1690 4177 atrii
1732 4121 1988 4184 ambitus,

423 4231 553 4280 sunt
580 4222 828 4291 amatorii
874 4221 1092 4291 quidam
1141 4233 1420 4284 sermones
1454 4223 1508 4275 et
1555 4216 1743 4278 verba,
1779 4213 1989 4284 signiti-

425 4315 607 4378 cautia
637 4311 1010 4367 habitudinem
1054 4313 1121 4365 ad
1150 4311 1203 4364 id
1234 4308 1379 4379 quod
1411 4305 1777 4370 desideratur,
1805 4313 1858 4358 et
1888 4307 1985 4359 de-

2086 3132 2155 3186 τὰ
2198 3133 2306 3186 τῶν
2339 3132 2556 3186 εἰσόδων
2590 3129 3084 3199 καταπετάσματα,
3129 3123 3212 3188 οἷς
3252 3123 3313 3177 τὸ
3358 3123 3561 3185 κάλλος
3596 3123 3663 3172 ὲκ

2085 3223 2281 3286 παντὸς
2309 3222 2481 3285 εἴδους
2519 3220 2849 3292 εὐχροούσης
2887 3219 3065 3289 βαφῆς
3104 3215 3479 3286 συνεκίρνατο,
3511 3212 3665 3281 νῆμα

2084 3313 2346 3386 χρύσεον,
2382 3313 2653 3383 ὑακίνθῳ,
2701 3312 2796 3365 καὶ
2849 3308 3148 3381 πορφύρα,
3193 3308 3287 3360 καὶ¹
3326 3304 3539 3375 βύσσῳ,
3570 3305 3667 3355 καὶ

2084 3405 2301 3475 κόκκῳ,
2349 3403 2436 3456 διά
2485 3420 2629 3466 τινος
2670 3401 2923 3473 τεχνικῆς
2966 3397 3329 3466 λεπτουργίας
3374 3395 3669 3464 εὐκόσμως

2086 3495 2513 3565 συνυφασμένον,
2551 3494 2855 3564 σύγκρατον
2899 3493 2964 3546 ὲκ
3006 3490 3255 3551 πάντων,
3299 3485 3560 3556 καθάπερ
3606 3487 3668 3536 ὲν

2089 3587 2256 3658 ῐριδος
2283 3586 2477 3653 αὐγαῖς
2501 3584 2847 3638 ἀποστίλϐειν
2880 3581 3054 3634 ἐποίει
3076 3580 3172 3650 τὴν
3197 3579 3373 3647 αὐγὴν
3400 3576 3496 3628 τοῦ
3523 3577 3668 3642 ὑφά-

2089 3693 2312 3750 σματος.
2351 3678 2494 3749 Πρὸς
2527 3677 2554 3731 ὅ
2583 3695 2636 3730 τι
2675 3676 2731 3730 δὲ
2763 3674 2977 3745 βλέπων
3020 3672 3266 3726 ἐντεῦθεν
3298 3668 3669 3740 προοιμιάξο-

2091 3785 2217 3838 μαι,
2256 3764 2518 3837 πρόδηλον
2551 3768 2683 3836 ἡμῖν
2729 3763 2946 3826 πάντως
2996 3763 3062 3814 ὲκ
3104 3759 3212 3812 τῶν
3265 3759 3671 3829 ῥηθησομένων

2088 3861 2391 3930 γενήσεται.
2453 3858 2619 3912 Πάλιν
2674 3856 2961 3929 πρόκειται
3011 3855 3143 3922 ἡμῖν
3191 3851 3253 3904 τὸ
3299 3846 3499 3919 τᾼσμα
3556 3848 3672 3900 τῶν

2088 3951 2382 4024 ᾀσμάτων,
2433 3952 2510 4012 εἰς
2559 3951 2739 4004 πᾶσαν
2819 3945 3148 4014 Θεογνωσίας
3196 3943 3291 3996 καὶ
3340 3941 3674 4011 φιλοσοφίας

2090 4044 2379 4112 ὑφήγησιν.
2437 4041 2584 4111 Αὕτη
2637 4039 2786 4092 ἐστὶν
2838 4039 2872 4108 ὴ
2922 4035 3150 4106 ἀληθινὴ
3205 4034 3299 4088 τοῦ
3353 4033 3675 4104 μαρτυρίου

2091 4133 2285 4202 σκηνὴ,
2311 4127 2379 4204 ἦς
2407 4129 2847 4202 προκαλύμματα
2874 4126 2971 4196 μὲν
2997 4125 3090 4178 καὶ
3115 4123 3347 4194 δέρρεις,
3379 4121 3475 4173 καὶ
3505 4123 3539 4189 ἡ
3567 4119 3674 4188 τῆς

2090 4221 2319 4284 αὐλαίας
2349 4217 2630 4290 περιϐολὴ,
2666 4216 2921 4292 ἐρωτικοί
2957 4229 3100 4276 τινες
3135 4211 3282 4279 λόγοι
3315 4209 3411 4262 καί
3441 4209 3675 4277 ῥήματα

2092 4312 2348 4380 γίνονται,
2375 4310 2474 4379 τὴν
2503 4309 2638 4380 πρὸς
2662 4308 2722 4360 τὸ
2749 4306 3078 4375 ποθούμενον
3101 4303 3282 4374 σχέσιν
3306 4297 3669 4368 ἐμφαίνοντα,

426 4405 653 4476 scriptio
680 4401 1125 4474 pulchritudinis,
1157 4407 1213 4470 et
1243 4399 1447 4454 mentio
1475 4397 1840 4459 membrorum
1873 4411 1982 4450 cor-

2093 4400 2189 4453 καὶ
2211 4399 2437 4462 κάλλους
2468 4396 2794 4468 ὑπογραφὴ,
2829 4396 2922 4448 καὶ
2969 4394 3156 4464 μνήμη
3202 4385 3531 4459 σωματικῶν
3573 4401 3673 4454 με-

428 4497 599 4568 poris,
639 4503 749 4548 tam
789 4507 909 4563 qua:
947 4493 1001 4562 in
1035 4491 1174 4545 facie
1199 4496 1485 4559 apparent,
1530 4500 1692 4556 quam
1737 4501 1858 4556 qua:
1895 4486 1997 4540 sub

428 4573 598 4643 uestis
624 4585 828 4639 amictu
859 4581 1228 4651 occultantur.
1263 4579 1394 4643 Quae
1431 4586 1610 4630 autem
1654 4583 1784 4629 sunt
1826 4573 1992 4636 intus,

428 4687 558 4737 sunt
598 4689 784 4732 revera
817 4673 1088 4744 quoddam
1141 4669 1473 4739 lumiuosum
1503 4665 1913 4733 candelabrum,
1942 4673 1997 4717 et

429 4782 554 4836 arca
585 4767 740 4836 plena
769 4763 1063 4832 mysteriis,
1090 4768 1144 4814 et
1173 4759 1301 4814 boni
1332 4759 1518 4812 odoris
1551 4755 1913 4826 thuribulum,
1945 4763 1998 4810 et

430 4859 640 4932 peccati
668 4855 926 4925 expiatio,
960 4851 1092 4919 illud
1128 4866 1352 4919 aureum
1398 4863 1538 4910 verae
1576 4847 1792 4918 pictatis
1824 4848 1998 4912 thuri-

431 4953 651 5020 bulum;
678 4950 927 5002 velorum
957 4946 1360 5012 aulicorumque
1397 4939 1746 5012 pulchritudo
1785 4951 1903 5016 apte
1943 4948 1998 4993 et

428 5043 704 5108 vleqaiiter
735 5043 990 5101 contexta
1040 5050 1133 5106 per
1169 5033 1370 5086 bonum
1427 5031 1664 5094 colorem
1711 5031 1994 5092 virtutum,

431 5139 705 5206 liruucque
743 5137 798 5184 et
839 5127 1140 5182 immobiles
1187 5125 1455 5178 columna:
1476 5123 1770 5187 rationum,
1804 5122 1996 5175 bases-

431 5241 536 5292 quc
586 5225 902 5292 dogmatutn
949 5234 1071 5288 qua:
1119 5234 1225 5283 nou
1257 5221 1487 5285 possunt
1532 5214 1915 5276 transmoveri,
1947 5221 2000 5267 et

432 5313 782 5388 pulchritudo
817 5311 1220 5380 capitellorum,
1265 5323 1360 5376 per
1385 5321 1506 5377 quas
1534 5306 1838 5376 explicatur
1877 5320 2002 5386 gra-

436 5381 516 5459 tia.
535 5405 807 5474 animam
827 5418 889 5465 ea
915 5402 1174 5456 facultate
1196 5415 1316 5467 qua:
1331 5397 1694 5469 principatum
1713 5381 2000 5464 obtinet,et

437 5497 742 5564 animarum
768 5495 1002 5561 lavacra,
1033 5500 1086 5546 et
1115 5507 1456 5563 quaecunque
1489 5490 1762 5559 aspiciunt
1781 5489 1846 5555 ad
1878 5489 2000 5542 vita:

441 5586 967 5642 administrationem
1026 5584 1303 5635 cmlestcm
1350 5591 1405 5633 et
1437 5581 1837 5650 incorporeum,
1878 5595 2000 5648 uitae

439 5691 535 5755 per
559 5681 840 5747 aenigmata
859 5677 940 5729 lex
965 5671 1383 5743 pr:ci-ipit.Licet
1407 5680 1585 5739 autem
1604 5687 1666 5728 ca
1689 5672 1999 5726 inrcuirein

2091 4490 2221 4558 λῶν,
2253 4489 2360 4542 τῶν
2386 4505 2446 4541 τε
2473 4487 2919 4560 προφαινομένων
2941 4488 2998 4539 ἐν
3025 4485 3102 4555 τῷ
3125 4480 3424 4554 προσώπῳ,
3441 4479 3539 4534 καὶ
3558 4477 3671 4530 τῶν

2093 4579 2597 4652 ὐποκεκρυμμένων
2640 4582 2708 4651 τῇ
2754 4578 2854 4648 τῆς
2897 4577 3126 4647 ἐσθῆτος
3166 4573 3444 4645 περιϐολῇ.
3485 4570 3572 4623 Τὰ
3609 4569 3670 4621 δὲ

2093 4673 2243 4736 ὲντὺς
2281 4671 2595 4741 πολύφωτός
2635 4671 2719 4734 τίς
2771 4672 2920 4724 ἐστιν
2966 4668 3041 4732 ὼς
3085 4665 3300 4736 ἀληθῶς
3336 4662 3527 4733 λυχνία
3575 4662 3672 4714 καὶ

2094 4764 2324 4828 κιϐωτὸς
2359 4764 2669 4834 μυστηρίων
2707 4763 2939 4833 πλήρης,
2970 4761 3064 4813 καὶ
3090 4760 3152 4812 τὸ
3181 4760 3280 4829 τῆς
3309 4757 3541 4817 εὐωδίας
3575 4754 3672 4807 θυι

2104 4856 2412 4926 μιατήριον,
2457 4857 2550 4905 καὶ
2572 4851 2632 4904 τὸ
2658 4851 2948 4920 καθάρσιον
2973 4850 3074 4920 τῆς
3103 4848 3375 4919 ἁμαρτίας
3396 4865 3412 4878 ο
3436 4845 3498 4897 τὸ
3524 4844 3674 4909 πάγ-

2101 4961 2297 5014 χρυσον
2332 4945 2504 4996 ὲκεῖνο
2528 4942 2627 5012 τῆς
2656 4941 2935 5003 εὐσεϐείας
2961 4939 3315 5010 θυμιατήριον
3334 4975 3350 4999 ,
3377 4934 3440 4987 τό
3463 4950 3524 4986 τε
3561 4932 3672 4984 τῶν

2102 5035 2605 5102 καταπετασμάτων
2631 5032 2843 5096 κάλλος,
2878 5032 2938 5084 τὸ
2971 5030 3059 5084 διά
3089 5031 3184 5099 τῆς
3214 5027 3324 5080 τῶν
3353 5024 3566 5096 ἀρετῶν
3591 5024 3675 5076 εὑ-

2101 5128 2288 5198 χροίας
2323 5126 2674 5196 εὐσχημόνως
2714 5123 3158 5194 ὲξυφαινόμενον,
3208 5120 3303 5173 καὶ
3344 5120 3391 5170 oi
3431 5115 3675 5178 ἁκλινείς

2101 5218 2210 5270 τῶν
2233 5217 2508 5287 λογισμῶν
2538 5216 2738 5277 στύλοι,
2766 5215 2860 5267 καὶ
2893 5215 2950 5266 αἱ
2979 5211 3302 5282 ἁμετάϐετοι
3329 5206 3440 5260 τῶν
3470 5205 3678 5275 δογμάι

2103 5325 2210 5360 των
2250 5305 2435 5375 βάσεις
2457 5347 2472 5370 ,
2506 5305 2567 5357 τό
2594 5303 2801 5359 τε.τῶν
2841 5301 3142 5372 κεφαλίδων
3175 5298 3390 5360 κάλλος,
3421 5295 3490 5348 δι’
3530 5288 3610 5346 ῶν
3641 5295 3676 5362 ἡ

2105 5396 2232 5467 περὶ
2279 5396 2341 5448 τὸ
2379 5394 2700 5466 ἡγεμονικὸν
2743 5393 2845 5462 τῆς
2881 5392 3056 5462 ψυχῆς
3094 5388 3457 5461 ἑρμηνεύεται
3489 5385 3678 5454 χάρις,

2105 5490 2198 5543 καὶ
2230 5489 2279 5541 οἱ
2305 5488 2413 5541 τῶν
2439 5487 2624 5557 ψυχῶν
2655 5487 2932 5556 λουτῆρες,
2959 5484 3053 5537 καὶ
3085 5483 3260 5536 πάντα
3285 5481 3387 5533 ὃσα
3415 5477 3556 5548 πρὸς
3581 5479 3682 5545 τὴν

2107 5580 2354 5650 οὐράνιόν
2406 5596 2463 5631 τε
2505 5579 2596 5630 καὶ
2635 5576 2927 5646 ἀσώματον
2969 5574 3242 5628 πολιτείαν
3281 5572 3506 5641 βλέπει,
3538 5567 3578 5620 ἃ
3614 5567 3684 5620 δι’

2110 5671 2446 5743 αἰνιγμάτων
2473 5673 2500 5724 ὁ
2523 5669 2684 5740 νόμος
2707 5666 3091 5734 διακελεύεται,
3116 5667 3172 5720 ἐν
3197 5666 3304 5728 τοῖς
3331 5664 3687 5731 ὑποκεκρυμ,
