3846 6220
155 369 282 429 τεο

1246 370 1312 425 IN
1353 370 1646 426 CANTICA
1685 365 2245 427 CANTICJIOMILIA
2283 373 2348 429 11.

3309 374 3413 430 790

167 490 362 558 μένοις
384 489 452 560 τῇ
477 487 620 554 λέξει
644 487 909 556 νοήμασιν
939 487 1112 552 ἐστιν,
1143 488 1191 539 εἰ
1225 487 1384 556 μόνον
1410 486 1747 556 ἐπιτηδείους

1869 490 2134 544 sententiis
2158 504 2277 559 qua:
2304 491 2470 543 latent
2491 491 2542 543 iu
2572 489 2884 553 dietionc,si
2909 489 3069 544 modo
3087 490 3206 543 vitae
3223 505 3411 544 curam

169 581 313 651 πρὸς
344 579 442 651 τὴν
471 581 550 643 εἰς
581 580 650 632 τὰ
675 581 840 648 Ἀγια
866 579 973 632 τῶν
1003 578 1171 647 ἁγίων
1201 578 1402 632 εἴσοδον
1430 579 1655 641 ἑαυτοὺς
1685 577 1752 631 δι’

171 670 502 739 ἐπιμελείας
530 669 624 722 τοῦ
662 669 776 740 βίου
802 673 1148 740 ποιήσαιμεν,
1174 669 1253 739 τῷ
1281 670 1498 740 λουτῆρι
1531 669 1625 722 τοῦ
1652 669 1754 723 Λό-

172 777 280 826 γου
323 759 504 813 πάντα
552 759 722 829 ῥύπον
768 760 998 831 αἰσχρᾶς
1045 759 1252 822 ἐννοίας
1295 760 1751 830 ἀποκλυσάμενοι,

180 852 398 921 μήποτε
431 851 754 922 θνήσκοντες
786 850 940 922 παρά
975 851 1037 903 τὸ
1065 850 1429 922 παράγγελμα
1450 851 1543 904 τοῦ
1567 851 1752 922 νόμου,

178 943 508 1013 θνησιμαὶου
549 944 851 1012 νοήματος,
891 942 924 1011 ἧ
971 959 1115 1005 τινος
1150 941 1262 995 τῶν
1313 940 1634 1013 ἀκαθάρτων
1672 943 1757 994 ἐν-

179 1034 398 1104 θυμίων
443 1034 737 1105 ἁψάμενοι,
799 1033 1018 1088 ἀθέατοι
1061 1034 1172 1086 τῶν
1220 1034 1368 1098 ἐντὸς
1404 1033 1506 1102 τῆς
1552 1034 1756 1104 σκηνῆς

180 1125 483 1196 θαυμάτων
512 1125 978 1194 ἀποκλεισθῶμεν.
1005 1125 1078 1178 Οὐ
1100 1124 1208 1196 γὰρ
1248 1125 1610 1197 παραδέχεται
1647 1126 1757 1179 τῶν

181 1222 442 1276 τοιούτων
478 1223 580 1294 τὴν
629 1221 831 1276 εἴσοδον
869 1223 897 1274 ὁ
939 1221 1034 1274 τοῦ
1081 1220 1390 1291 πνεύματος
1436 1221 1630 1291 νόμος,
1664 1222 1756 1275 ἐὰν

186 1315 263 1386 μή
302 1332 389 1378 τις
434 1314 609 1387 πλύνῃ
651 1315 712 1368 τὸ
739 1315 840 1386 τῆς
877 1313 1230 1385 συνειδήσεως
1279 1313 1471 1366 ἑαυτοῦ
1519 1313 1754 1384 ἱμάτιον,

185 1407 330 1460 κατὰ
367 1407 428 1460 τὺ
469 1407 745 1470 Μωῦσέως
773 1407 1158 1477 παράγγελμα,
1187 1408 1216 1459 ὁ
1249 1408 1449 1479 νεκρᾶς
1481 1425 1622 1472 τινος
1665 1410 1760 1462 καὶ⁹

189 1495 484 1566 βδελυκτῆς
514 1496 724 1558 ἐννοίας
756 1495 1053 1566 ἁψάμενος.

263 1589 421 1654 Ἀγει
459 1586 517 1640 δέ
561 1588 654 1641 τὸν
710 1587 865 1655 λόγον
920 1590 953 1658 ἡ
991 1586 1279 1641 ἀκολουθία
1318 1588 1427 1642 τῶν
1459 1587 1759 1660 προεξητα-

191 1679 406 1747 ομένων
431 1680 566 1751 πρὸς
589 1681 689 1750 τὴν
709 1680 939 1751 θεωρίαν
961 1681 1068 1734 τῶν
1094 1680 1246 1752 παρὰ
1268 1679 1367 1751 τῆς
1385 1682 1603 1754 νύμφης
1624 1682 1761 1752 πρὸς

189 1771 287 1832 τάς
315 1770 561 1834 νεάνιδας
607 1773 931 1842 εἰρημένων.
972 1775 1126 1827 Ἐστι
1165 1775 1222 1827 δέ
1247 1772 1423 1827 ταῦτα
1445 1790 1460 1803 ·
1488 1771 1760 1826 Μέλαινά

1853 589 2122 650 gerentes,
2163 596 2264 635 nos
2299 590 2454 650 aptos
2499 583 2894 636 reddiderimus
2934 591 2992 635 ut
3044 582 3415 651 ingrediantur

1854 673 1908 725 in
1936 671 2132 726 Sancta
2160 683 2495 734 sanctorum,
2528 674 2742 726 lavacro
2777 671 2935 727 Verbi
2956 672 3124 727 abluti
3157 671 3415 726 sordibus

1855 762 2126 817 obscaena:
2149 763 2512 833 cegitationis,
2534 779 2601 817 ne
2634 763 2678 817 si
2707 774 2898 833 prmter
2927 763 3060 832 legis
3083 770 3413 832 praeceptum

1856 857 2198 909 morticinam
2244 856 2443 910 mentis
2475 856 2905 923 conceptionem,
2954 863 3048 908 aut
3079 853 3413 907 immundam

1856 947 2093 1017 aliquam
2151 947 2490 1015 attigerimus
2557 947 2977 1016 cogitationem,
3037 944 3412 1008 excludamur,

1857 1052 1958 1090 nec
1989 1037 2416 1106 contemplemur
2441 1036 2703 1089 miracula
2744 1051 2864 1104 quae
2897 1045 3022 1089 sunt
3057 1035 3196 1089 intra
3237 1034 3419 1089 taber-

1856 1130 2135 1183 naculum.
2178 1127 2285 1182 Lex
2315 1128 2458 1182 enim
2502 1129 2729 1198 spiritus
2770 1143 2876 1181 non
2915 1129 3176 1196 permittit
3219 1135 3277 1180 ut
3322 1125 3416 1195 qui

1858 1231 2126 1275 mortuam
2172 1232 2224 1275 et
2261 1220 2677 1276 abominandam
2724 1221 2962 1286 tetigerit
3010 1219 3416 1288 cogitationem,

1859 1314 2213 1383 ingrediatur,
2269 1314 2395 1376 nisi,
2468 1322 2526 1364 ut
2573 1311 2818 1382 praecipit
2892 1311 3067 1365 Moses
3091 1310 3136 1373 ⁸,
3187 1308 3425 1373 ablucrit

1857 1417 2064 1463 vestem
2091 1423 2203 1462 suae
2235 1405 2602 1461 conscientiae.

1928 1588 2238 1644 Orationem
2299 1595 2477 1641 autem
2510 1584 2729 1639 deducit
2780 1579 3166 1651 consequentia
3231 1596 3418 1634 eorum

1859 1697 1979 1752 qua:
2026 1680 2178 1750 prius
2235 1685 2365 1733 sunt
2407 1675 2752 1738 examinata,
2801 1673 2866 1727 ad
2909 1671 3418 1740 contemplationem

1861 1789 2045 1829 eorum
2090 1786 2209 1841 quae
2258 1785 2287 1822 a
2343 1782 2542 1840 sponsa
2591 1767 2737 1820 dicta
2794 1773 2923 1820 sunt
2973 1762 3417 1816 adolescentulis.

189 1864 304 1929 εἰμι
329 1862 427 1916 καὶ
453 1831 631 1931 καλὴ,
657 1831 972 1933 θύγατέρες
1006 1864 1410 1934 Ἰερουσαλὴμ,
1437 1865 1516 1931 ὡς
1536 1863 1761 1930 σκηνώ-

1869 1864 1987 1918 llaec
2032 1831 2206 1916 autem
2239 1831 2420 1915 sunt':
2461 1857 2628 1928 Nigra
2657 1873 2774 1911 sum
2803 1865 2850 1907 et
2880 1855 3146 1924 formosa,
3175 1851 3302 1920 ﬁlia:
3331 1849 3421 1904 Je-

185 1971 345 2021 ματα
376 1954 574 2023 Κηδὰρ
598 1995 613 2019 ,
638 1955 717 2020 ὡς
751 1955 978 2024 δέρῤεις
1010 1955 1309 2026 Σολομὼν.
1335 1956 1527 2019 Καλῶς
1557 1958 1590 2027 ἡ
1619 1956 1762 2010 διδά-

194 2045 389 2108 σκαλος
413 2047 504 2114 ἀφ’
526 2039 602 2100 ὧν
627 2046 734 2100 ἔδει
753 2051 874 2112 ταῖς
901 2048 1364 2120 μαθητευομέναις
1386 2049 1579 2118 ψυχαῖς
1599 2049 1762 2119 ἄρχε-

191 2155 278 2189 ται
305 2138 576 2193 ποιεῖσθαι
597 2140 705 2193 τῶν
731 2141 953 2208 ἀγαθῶν
977 2142 1075 2212 τήν
1109 2142 1383 2212 ὑφήγησιν
1402 2156 1416 2169 ·
1448 2141 1504 2192 αἱ
1536 2140 1632 2211 μέν
1653 2138 1761 2210 γὰρ

193 2227 491 2298 προθύμως
522 2230 726 2300 ἔχουσι,
755 2232 821 2284 δι’
845 2225 919 2285 ὧν
956 2231 1408 2300 ἐπαγγέλλονται,
1436 2231 1632 2293 παντὸς
1665 2231 1760 2283 ἀν-

193 2318 464 2386 θρωπίνου
525 2319 682 2389 λόγου
707 2362 722 2384 ,
785 2322 842 2375 ὃν
898 2317 1040 2376 οἶνον
1091 2322 1367 2394 τροπικῶς
1416 2322 1760 2393 ὀνομάζουσι,

193 2411 593 2482 προτιμοτέραν
621 2412 890 2466 ποιεῖσθαι
934 2412 1032 2484 τήν
1076 2415 1142 2466 ἐκ
1177 2413 1288 2465 τῶν
1334 2411 1565 2481 λογικῶν
1593 2413 1763 2482 αὐτῆς

196 2497 384 2566 μαζῶν
412 2499 784 2570 ἀπορρέουσαν
835 2501 993 2573 χάριν
1018 2541 1032 2564 ,
1066 2501 1237 2565 οὕτως
1272 2501 1521 2555 εἰποῦσαι
1551 2502 1625 2572 τῷ
1667 2505 1764 2574 ρή-

197 2606 324 2656 ματι
343 2628 360 2652 ,
391 2590 472 2642 ὅτι
507 2591 922 2660 Ἀγαπήσομεν
947 2595 1224 2661 μασθούς
1251 2610 1367 2648 σου
1398 2594 1549 2662 ὑπὲρ
1574 2591 1760 2660 οἶνον,

191 2680 400 2745 ἐπειδή
430 2695 504 2733 σε
536 2683 574 2749 ἡ
603 2685 858 2750 εὐθύτης
886 2684 1224 2754 ἠγάπησεν.
1262 2687 1326 2739 Ἦ
1358 2685 1414 2739 δέ
1446 2686 1763 2758 προσθήκην

195 2773 338 2823 ποιεῖ
367 2774 490 2834 ταῖς
530 2773 995 2844 μαθητευομέναις
1030 2775 1124 2828 τοῦ
1172 2779 1302 2847 περὶ
1337 2776 1506 2848 αὐτὴν
1553 2778 1762 2848 θαύμα-

194 2877 284 2923 τος
305 2874 320 2889 ⁸
339 2861 414 2924 ὡς
434 2861 500 2916 ἂν
521 2863 718 2932 μᾶλλον
748 2864 1011 2935 μάθοιμεν
1039 2865 1138 2937 τὴν
1166 2867 1473 2938 ἀμέτρητον
1502 2867 1594 2920 τοῦ
1623 2886 1764 2940 νυμ-

196 2952 318 3020 φίου
371 2953 818 3024 φιλανθρωπίαν,
873 2954 966 3009 τοῦ
1018 2956 1106 3010 διὰ
1144 2958 1244 3028 τῆς
1288 2959 1511 3030 ἀγάπης
1538 2961 1765 3014 ἐπιϐάλ-

197 3043 378 3107 λοντος
397 3045 463 3113 τῇ
486 3046 835 3117 ἁγαπηθείσῃ
858 3047 918 3100 τὸ
948 3047 1160 3113 κάλλος.
1183 3049 1269 3120 Μὴ
1294 3050 1610 3123 θαυμάσητε
1633 3053 1761 3122 γὰρ,

1860 1956 2113 2016 rusalem,
2145 1954 2277 2007 sicut
2314 1946 2652 2003 tabernacula
2683 1944 2878 2011 Cedar,
2910 1945 3046 1998 sicut
3081 1942 3238 2011 pelles
3265 1940 3423 1996 Salo-

1859 2047 2049 2102 monis.
2095 2045 2260 2100 Recte
2299 2052 2478 2097 autem
2529 2039 2720 2109 incipit
2757 2037 3019 2108 magistra
3067 2051 3132 2090 ex
3187 2034 3254 2088 iis
3302 2048 3424 2102 quae

1857 2140 2101 2211 oportuit
2140 2136 2424 2192 animabus
2461 2151 2582 2206 qum
2619 2134 2834 2187 discunt
2874 2132 3140 2186 bonorum
3182 2127 3424 2197 praebere

1858 2231 2300 2301 explicationem.
2330 2227 2464 2282 Nam
2491 2228 2596 2281 illa:
2621 2223 2863 2296 quidem,
2885 2239 2980 2292 per
3017 2236 3078 2276 ea
3106 2236 3225 2290 quae
3259 2218 3422 2289 profi-

1860 2333 2062 2385 tentur,
2096 2328 2223 2376 sunt
2249 2326 2499 2390 prompto
2522 2326 2575 2373 et
2606 2315 2772 2370 alacri
2805 2315 3013 2377 animo,
3041 2320 3100 2366 ut
3125 2311 3298 2366 cuivis
3325 2310 3424 2363 hu-

1860 2430 2035 2468 manae
2062 2412 2282 2474 rationi,
2312 2425 2476 2480 quam
2521 2409 2727 2478 tropice
2755 2406 2940 2460 vinum
2962 2403 3264 2463 nominant,
3291 2417 3425 2472 praes

1861 2505 2036 2559 ferant
2055 2518 2174 2573 quae
2190 2519 2255 2557 ex
2277 2503 2486 2555 ratione
2509 2490 2750 2569 praeditis
2775 2496 2894 2564 eius
2920 2495 3180 2549 uberibus
3207 2493 3424 2562 profluit

1862 2599 2113 2668 gratiam,
2141 2595 2228 2650 his
2273 2593 2453 2648 verbis
2497 2592 2740 2644 dicentes
2772 2605 2785 2641 :
2824 2587 3113 2656 Diligemus
3142 2584 3300 2638 ubera
3331 2593 3424 2637 tua

1863 2704 2024 2756 supra
2052 2687 2256 2749 vinum,
2289 2684 2413 2753 quia
2452 2691 2500 2736 te
2550 2680 2739 2734 dilexit
2778 2677 3059 2732 rectitudo.
3095 2676 3213 2745 Ipsa
3242 2681 3420 2729 autem

1861 2778 2197 2834 discentibus
2242 2776 2388 2829 addit
2436 2774 2790 2834 miraculum,
2838 2769 2983 2841 quod
3031 2770 3085 2821 in
3119 2783 3178 2822 se
3220 2767 3420 2820 factum

1861 2881 1962 2936 est,
1993 2877 2050 2923 ut
2079 2869 2250 2937 magis
2275 2867 2552 2920 discamus
2587 2864 2906 2917 immensam
2943 2860 3127 2930 sponsi
3165 2859 3419 2928 benigni-

1862 2971 2048 3022 tatem,
2079 2960 2171 3029 qui
2201 2959 2409 3012 dilectze
2441 2971 2536 3026 per
2567 2955 2912 3010 dilectionem
2949 2952 3146 3007 indidit
3183 2951 3414 3021 pulchri-

1865 3053 2128 3106 tudinem.
2170 3049 2364 3111 Nolite,
2401 3047 2597 3118 inquit,
2633 3046 2839 3108 mirari,
2877 3043 3022 3114 quod
3058 3059 3142 3098 me
3171 3042 3426 3096 dilexerit

199 3136 380 3224 φησὶν,
411 3137 494 3190 ὅτι
534 3138 602 3207 μὲ
636 3138 864 3212 εὐθύτης
899 3143 1204 3212 ἠγάπησεν,
1246 3143 1362 3196 ἀλλ’
1389 3145 1470 3197 ὅτι
1507 3145 1765 3214 μέλαιναν

1871 3143 2173 3209 rectitude;
2208 3140 2301 3196 sed
2336 3139 2478 3208 quod
2499 3177 2515 3204 ,
2543 3154 2665 3194 cum
2693 3138 2845 3208 nigra
2876 3151 3054 3191 essem
3088 3144 3310 3205 peccato
3329 3173 3342 3196 ,
3371 3143 3427 3188 et

195 3223 362 3280 οὖσαν
396 3227 456 3292 ἐξ
507 3229 816 3300 ἁμαρτίας,
851 3232 946 3285 καὶ
983 3233 1474 3305 προσῳκειωμένην
1505 3233 1584 3305 τῷ
1615 3235 1763 3305 ζόφῳ

195 3320 289 3373 διὰ
318 3321 428 3372 τῶν
451 3321 629 3392 ἔργων
647 3363 662 3387 ,
701 3323 871 3394 καλὴν
903 3323 991 3377 διὰ
1019 3324 1119 3394 τῆς
1145 3325 1365 3397 ἀγάπης
1386 3325 1670 3397 ἐποίησεν,
1704 3327 1764 3379 τὸ

195 3411 328 3464 ἴδιον
355 3410 548 3474 κάλλος
594 3412 730 3482 πρὸς
773 3413 834 3466 τὸ
879 3413 1010 3482 ἐμὸν
1043 3411 1228 3485 αἶσχος
1277 3416 1761 3487 ἀνταλλαξάμενος.

195 3501 469 3564 Μεταθεὶς
496 3500 604 3571 γὰρ
632 3501 768 3572 πρὸς
799 3503 989 3557 ἐαυτὸν
1018 3505 1109 3558 τὸν
1152 3505 1261 3558 τῶν
1292 3505 1442 3577 ἐμῶν
1483 3508 1766 3579 ἁμαρτιῶν

201 3592 392 3662 ῥύπον,
431 3592 700 3661 μετέδωκέ
730 3611 818 3663 μοι
850 3594 948 3663 τῆς
979 3594 1170 3648 ἐαυτοῦ
1208 3597 1577 3669 καθαρότητος
1598 3639 1613 3664 ,
1649 3615 1765 3652 κοι-

195 3683 368 3735 νωνόν
408 3700 474 3752 με
526 3684 618 3735 τοῦ
670 3683 863 3736 ἐαυτοῦ
914 3684 1142 3748 κάλλους
1190 3687 1670 3758 ἀπεργασάμενος·
1709 3688 1768 3752 ὃς

199 3773 417 3842 πρῶτον
443 3773 694 3842 ἐποίησεν
723 3773 781 3839 ἐξ
811 3772 1081 3842 εἰδεχθοῦς
1128 3775 1396 3844 ἐρασμίαν
1416 3817 1430 3841 ,
1461 3776 1556 3828 καὶ
1599 3775 1770 3838 οὕτως

197 3864 510 3934 ἠγάπησεν.
543 3864 698 3918 Μετὰ
751 3864 922 3918 ταῦτα
972 3865 1337 3935 προτρέπεται
1383 3865 1484 3929 τὰς
1528 3867 1771 3932 νεάνιδας

199 3957 297 4015 καὶ
327 3951 498 4018 αὐτὰς
549 3956 800 4024 γενέσθαι
842 3956 1040 4021 καλὰς,
1079 3959 1139 4010 τὸ
1183 3957 1304 4010 καθ’
1350 3957 1547 4029 ἑαυτὴν
1581 3959 1773 4022 κάλλος

200 4047 648 4118 προδεικνύουσα,
683 4048 803 4101 καθ’
836 4048 1126 4118 ὁμοιότητα
1152 4048 1246 4101 τοῦ
1292 4049 1528 4118 μεγάλου
1561 4049 1772 4104 Παύλου

199 4142 486 4208 λέγοντοςο
516 4141 770 4194 Γίνεσθε
800 4140 880 4205 ὡς
923 4138 1038 4208 ἐγὼ
1062 4180 1080 4207 ,
1109 4139 1199 4193 ὅτι
1441 4141 1523 4206 ὡς
1567 4140 1735 4209 ὑμεῖς
1754 4156 1771 4172 ⁶

203 4233 321 4296 καὶ,
355 4233 613 4302 Mummi
641 4250 760 4301 μου
791 4233 1050 4301 γίνεσθε,
1081 4231 1273 4298 καθὼς
1308 4231 1466 4301 κάγὼ
1493 4233 1770 4300 Χριστοῦ.

203 4326 306 4380 Διὰ
332 4324 491 4377 τοῦτο
516 4324 625 4394 γὰρ
655 4325 756 4377 οὐκ
783 4326 849 4395 ἐᾷ
881 4324 978 4387 τὰς
1025 4324 1466 4395 μαθητευομένας
1504 4325 1639 4395 αὐτῇ
1672 4324 1776 4394 ψυ-

199 4419 308 4489 χὰς
337 4417 475 4488 πρὸς
500 4417 561 4470 τὸ
589 4417 916 4488 παρῳχηκὸς
940 4415 1033 4470 τοῦ
1065 4415 1180 4485 βίου
1217 4415 1516 4486 βλεπούσας
1543 4417 1775 4469 ἀπελπί-

1863 3251 1960 3311 per
1987 3248 2151 3304 Opera
2199 3230 2373 3284 afﬁnis
2401 3244 2577 3284 essem
2623 3235 2678 3282 et
2705 3227 3001 3295 conjuncta
3042 3224 3304 3288 tenebris,
3339 3239 3427 3278 me

1865 3325 2145 3398 pulchram
2184 3321 2372 3375 fecerit
2413 3335 2506 3390 per
2554 3319 2932 3380 dilectionem,
2985 3332 3082 3371 sua
3118 3315 3426 3387 pulchritu-

1866 3418 1992 3471 dine
2020 3422 2348 3469 commutata
2395 3426 2518 3466 cum
2552 3424 2668 3465 mea
2713 3408 3068 3478 turpitudine.
3100 3407 3156 3461 in
3186 3422 3245 3463 se
3275 3405 3422 3462 enim

1865 3507 2145 3564 translatis
2195 3505 2447 3560 sordibus
2486 3518 2729 3557 meorum
2769 3512 3149 3572 peccatorum,
3191 3515 3278 3554 me
3327 3513 3426 3553 sua

1867 3597 2106 3669 puritate
2154 3593 2449 3662 impertiit,
2503 3592 2739 3646 elllciens
2789 3590 3105 3660 participem
3157 3603 3272 3644 suae
3308 3589 3430 3658 pul-

1870 3683 2230 3747 chritudinis,
2278 3681 2370 3752 qui
2411 3697 2475 3736 ex
2516 3680 2745 3735 deformi
2791 3679 3024 3749 primum
3067 3677 3195 3732 fecit
3226 3679 3431 3732 amabi-

1870 3777 1997 3838 lem,
2031 3785 2084 3830 et
2117 3775 2197 3829 sie
2226 3773 2430 3827 dilexit.
2463 3771 2654 3825 Postea
2681 3770 3002 3824 adhortatur
3033 3769 3181 3838 ipsas
3213 3782 3431 3838 quoque

1872 3865 2305 3922 adolescentulas
2326 3903 2340 3926 ,
2376 3871 2436 3916 ut
2459 3863 2567 3917 sint
2596 3862 2851 3931 pulchrae,
2880 3861 3031 3930 prius
3061 3876 3214 3916 suam
3246 3868 3432 3915 osten-

1873 3963 2010 4016 dens
2062 3957 2550 4031 pulchritudinem,
2613 3971 2719 4008 non
2773 3970 2932 4009 secus
2978 3962 3141 4024 atque
3199 3967 3432 4022 magnus

1872 4049 2075 4106 Paulus
2131 4049 2225 4119 qui
2269 4045 2450 4101 dicit"
2488 4065 2500 4100 :
2539 4044 2723 4098 Estote
2768 4046 2902 4098 sicut
2946 4060 3058 4114 ego,
3105 4060 3228 4097 nam
3261 4051 3310 4096 et
3339 4058 3432 4111 ego

1875 4141 2010 4194 sicut
2053 4154 2175 4203 vos;
2213 4144 2307 4192 et:
2343 4135 2525 4189 Estote
2563 4134 2662 4188 mei
2717 4134 3009 4186 imitatores
3031 4171 3044 4194 ,
3093 4132 3228 4185 sicut
3264 4139 3315 4186 et
3341 4145 3433 4201 ego

1876 4228 2131 4284 Christi“.
2172 4227 2273 4282 Per
2299 4225 2413 4280 htec
2446 4225 2589 4278 enim
2615 4239 2730 4278 non
2769 4224 2897 4278 sinit
2930 4232 2988 4276 ut
3017 4237 3136 4292 quae
3167 4237 3196 4275 a
3247 4238 3305 4277 se
3332 4221 3433 4276 do-

1875 4325 2068 4372 centur
2097 4316 2322 4379 animae,
2371 4313 2438 4367 ad
2478 4315 2645 4368 vitam
2691 4313 3020 4382 aspicientes
3068 4313 3431 4382 praeteritam,

1876 4407 2166 4477 desperent
2192 4421 2259 4460 ne
2302 4405 2544 4475 pulchra:
2575 4404 2707 4458 [lant
2739 4421 2754 4458 :
2783 4403 2878 4459 sed
2915 4402 2980 4457 ad
3013 4403 3186 4471 ipsam
3223 4403 3438 4455 intuen-

199 4510 324 4573 ζειν
369 4508 463 4561 1:06
509 4508 752 4575 γίνεσθαι
782 4508 953 4572 καλάς
973 4524 988 4539 ο
1019 4507 1154 4562 ἀλλά
1182 4508 1316 4577 πρὸς
1347 4507 1514 4578 αὐτὴν
1563 4508 1767 4579 ὁρώσας

1879 4511 1960 4556 tes
2006 4499 2109 4553 hoc
2154 4497 2399 4566 exemplo
2442 4494 2684 4558 discant,
2727 4495 2869 4564 quod
2902 4509 3140 4564 praesens
3193 4493 3263 4548 sit
3299 4507 3439 4562 pra:-

197 4600 362 4654 τοῦτο
397 4599 687 4671 μανθάνειν
713 4598 802 4652 διὰ
821 4597 916 4652 τοῦ
956 4599 1376 4669 ύποδείγματος,
1403 4599 1485 4651 ὅτι
1516 4598 1576 4650 τὸ
1602 4600 1778 4670 παρὸν

198 4691 415 4759 γίνεται
449 4688 544 4741 τοῦ
576 4689 962 4759 παρῳχηκὸτος
987 4689 1394 4760 προκάλυμμα,
1429 4688 1522 4741 ἐάν
1550 4689 1778 4759 ἄμωμον

200 4780 262 4855 ᾖ.
300 4781 464 4850 Λέγει
488 4780 628 4851 γὰρ,
661 4781 744 4833 ὃτι
765 4780 886 4833 Κᾶν
917 4778 1013 4833 νῦν
1042 4797 1143 4850 μου
1170 4778 1458 4850 ἐπιλάμπῃ
1475 4778 1536 4831 τὸ
1561 4778 1774 4844 κάλλος,

202 4877 232 4928 ὃ
261 4890 354 4945 μοι
397 4872 488 4925 διὰ
523 4871 617 4924 τού
653 4869 1004 4941 ἀγαπηθῆναι
1036 4869 1187 4942 παρά
1223 4871 1323 4940 τῆς
1363 4869 1653 4942 εὐθύτητος
1683 4871 1780 4923 ἐπ-

204 4962 527 5037 εμορφώθη,
558 4961 673 5015 ἀλλ’
703 4956 818 5015 οῖδα
853 4961 1094 5033 ἐμαυτὴν
1125 4962 1187 5014 ού
1221 4960 1479 5031 λαμπρὰν
1517 4955 1682 5013 οὖσαν
1719 4961 1783 5013 τὸ

205 5056 492 5126 καταρχὰς
510 5093 527 5116 ,
559 5053 694 5108 ἀλλά
727 5053 1003 5123 μέλαιναν.
1031 5053 1104 5105 Τὸ
1131 5053 1189 5106 δὲ
1215 5050 1455 5105 τοιοῦτον
1488 5047 1628 5113 εἶδος
1658 5053 1784 5120 περὶ

203 5147 334 5215 ἐμὲ,
365 5144 427 5197 τὸ
477 5143 749 5196 σκοτεινὸν
793 5141 890 5194 καὶ
944 5139 1214 5210 ζοφῶδες,
1260 5142 1290 5192 ὁ
1341 5139 1625 5210 προλαϐὼν
1672 5138 1784 5206 βίος

205 5237 489 5306 ἐποὲησεν.
530 5234 670 5287 Ἀλλ’
695 5235 845 5303 ὅμως
873 5234 1048 5285 ἐκεῖνο
1071 5226 1204 5284 οὖσα
1228 5269 1243 5292 ,
1268 5229 1426 5283 τοῦτὸ
1462 5233 1600 5301 εἰμι.
1638 5231 1786 5284 Μετ-

207 5326 517 5397 εσκευάσθη
550 5325 659 5396 γὰρ
684 5325 746 5378 τὸ
772 5325 1022 5394 ὁμοίωμα
1051 5323 1145 5377 τοῦ
1178 5323 1399 5392 αἴσχους
1431 5324 1512 5386 εἰς
1557 5321 1785 5382 κάλλους

212 5421 451 5490 μορφήν.
475 5419 584 5472 Καὶ
608 5419 765 5488 ὑμεῖς
785 5417 984 5481 τοίνυν,
1008 5409 1054 5468 ὦ
1074 5413 1374 5484 θυγατέρες
1411 5413 1782 5485 Ἰερουσαλὴμ,

207 5511 552 5580 ἁναὸλέψατε
585 5510 720 5580 πρὸς
748 5509 847 5578 τήν
879 5508 1091 5580 μητέρα
1130 5506 1282 5578 ὑμῶν
1315 5506 1412 5577 τὴν
1444 5505 1558 5559 ἄνω
1595 5506 1787 5575 Ἰερου-

212 5599 418 5670 σαλήμ.
453 5600 518 5653 Εἰ
563 5599 660 5652 καὶ
697 5597 1028 5673 σκηνώματα
1077 5597 1170 5651 τοῦ
1209 5595 1400 5666 Κηδάρ
1441 5591 1570 5666 ἦτε,
1605 5593 1694 5648 διά
1725 5593 1786 5646 τὸ

288 5781 307 5810 ί
334 5778 492 5834 Nam.
527 5778 692 5840 “3,2
717 5795 834 5848 sqq.
913 5780 933 5808 ⁷
976 5776 1144 5834 lCor.
1174 5793 1268 5842 vn,
1294 5776 1344 5830 7.

1423 5775 1442 5805 ⁸
1468 5775 1483 5830 Ι
1513 5775 1638 5829 Cur.
1675 5789 1746 5838 tv,
1795 5772 1876 5826 16.

1877 4590 2025 4647 teriti
2073 4589 2425 4658 operculum,
2481 4586 2528 4640 si
2577 4585 2629 4640 id
2660 4586 2794 4639 nulli
2839 4587 2912 4638 sit
2958 4583 3114 4638 aliine
3148 4584 3441 4653 reprehen-

1879 4680 2042 4737 sioni.
2090 4678 2232 4733 Dicit
2265 4677 2408 4731 enim
2440 4687 2454 4728 ε
2485 4675 2635 4730 Licet
2673 4690 2788 4729 mea
2834 4691 2980 4729 nunc
3010 4674 3289 4743 splendeat
3323 4675 3444 4743 pul-

1881 4771 2135 4826 chritudo
2154 4811 2168 4834 ,
2197 4784 2315 4838 quae
2349 4767 2481 4822 mihi
2510 4767 2611 4822 fuit
2645 4767 2958 4829 informata,
2983 4775 3265 4835 propterea
3295 4765 3441 4835 quod

1880 4863 2076 4916 dilecta
2110 4859 2304 4914 fuerim
2334 4874 2364 4912 a
2400 4858 2746 4922 rectitudine,
2778 4858 2894 4912 scio
2923 4867 3098 4911 tamen
3125 4872 3209 4911 me
3237 4872 3267 4909 a
3291 4856 3446 4926 prin-

1882 4955 2027 5023 cipio
2054 4969 2161 5008 non
2195 4952 2365 5006 fuisse
2391 4951 2690 5022 elegantem
2717 4965 2781 5004 ac
2809 4949 3057 5014 nitidam,
3083 4947 3177 5003 sed
3209 4949 3441 5018 nigram.

1883 5044 2033 5098 lianc
2072 5052 2252 5097 autem
2299 5049 2473 5095 atram
2521 5057 2584 5095 ac
2634 5041 3061 5106 tenebricosam,
3105 5054 3226 5109 quae
3274 5040 3329 5093 in
3360 5053 3445 5093 me

1882 5147 2020 5198 erat,
2055 5134 2283 5189 formam
2321 5150 2437 5188 mea
2474 5133 2601 5187 fecit
2638 5133 2766 5185 vita.
2803 5131 2906 5187 Sed
2943 5139 3124 5184 tamen
3152 5144 3275 5184 cum
3311 5129 3444 5182 illud

1885 5243 2082 5289 essem,
2121 5226 2221 5278 hoc
2262 5240 2404 5278 sum.
2445 5224 2534 5276 Illa
2565 5222 2708 5276 enim
2744 5229 2931 5276 nostra
2968 5220 3314 5274 tenebrarum
3369 5219 3447 5273 si-

1893 5318 2142 5372 militudo
2169 5322 2531 5370 transmutata
2563 5321 2646 5368 est
2667 5315 2720 5366 in
2741 5311 2967 5366 formam
2995 5309 3442 5380 pulchritudinis.

1889 5407 1956 5460 Et
1983 5423 2080 5461 vos
2106 5420 2256 5474 ergo,
2289 5419 2322 5458 o
2352 5403 2472 5456 filia:
2497 5400 2816 5464 Jerusalem,
2853 5401 3079 5468 aspicite
3108 5398 3175 5452 ad
3207 5407 3445 5453 vestram

1890 5507 2122 5554 matrem
2174 5511 2466 5566 supernam
2496 5493 2816 5549 Jerusalem.
2861 5487 3088 5546 Etiamsi
3135 5490 3328 5546 essetis
3363 5501 3446 5542 ta-

1893 5590 2186 5646 bernacula
2213 5588 2406 5653 Cedar,
2453 5598 2736 5657 propterea
2773 5583 2917 5656 quod
2951 5586 3003 5638 in
3053 5583 3206 5638 vobis
3237 5581 3454 5638 inhabi-
