3846 6220
168 322 284 386 795

1240 324 1308 379 IN
1336 324 1634 382 CANTICA
1671 327 1944 384 CANTIC.
1985 326 2270 383 llOMlLlA
2301 327 2362 383 ll.

3327 324 3433 379 796

161 437 241 511 ἦν
264 439 382 504 ταῖς
405 441 693 506 φωτειναῖς
724 437 817 492 τοῦ
839 437 974 492 Θεοῦ
1008 439 1166 510 χερσὶ
1191 439 1590 510 πλασσομένην,
1631 458 1754 494 σκο-
1785 488 1792 504 ι

1896 441 2024 501 nim,
2059 441 2254 510 inquit,
2296 446 2413 494 erat
2439 446 2893 497 consentaneum,
2920 441 2980 489 ut
3011 433 3060 488 ei
3103 448 3223 503 quae
3251 433 3436 488 lucida.

165 528 337 599 τεινῷ
383 547 489 583 τινι
527 531 622 582 καὶ
660 530 857 598 μέλανι
888 530 1326 602 περιχρωσθῆναι
1356 534 1431 600 τῷ
1461 533 1607 584 εἴδει.
1646 533 1758 584 Οὐκ

167 619 325 691 ήμην
357 620 580 692 τοιαύτη
603 661 618 684 ,
651 623 814 692 φησὶν
834 661 850 684 ,
885 622 1020 676 ἀλλά
1047 623 1267 691 γέγονα.
1298 625 1372 676 Οὐ
1406 624 1514 693 γὰρ
1564 627 1629 676 ἐκ
1657 624 1756 694 φύε

173 709 320 774 σεώς
365 713 504 783 εἰμι·
537 712 968 784 μεμελανωμένη
993 731 1006 744 ·
1039 713 1152 768 ἀλλ’
1193 716 1513 768 ὲπείσακτόν
1561 733 1648 785 μοι
1702 716 1761 768 τὸ

169 804 420 858 τοιοῦτον
458 801 643 874 αἶσχος
670 807 902 874 ἐγένετο,
933 806 1026 860 τοῦ
1051 807 1202 877 ἡλίου
1240 808 1371 877 πρὸς
1409 808 1470 860 τὸ
1506 808 1672 876 μέλαν
1698 809 1763 861 ὲκ

174 897 440 967 λαμπροῦ
504 897 602 968 τὴν
665 899 878 968 μορφὴν
947 899 1416 969 μεταχρώσαντος.
1479 900 1541 952 '0
1593 900 1765 967 ἥλιος

176 991 327 1057 γὰρ,
362 989 496 1057 φησὶ
521 1028 536 1053 ,
573 989 954 1058 προοέϐλεψέ
995 1008 1092 1060 με.
1135 991 1199 1042 Τί
1231 987 1322 1044 οὖν
1355 992 1384 1045 ὃ
1432 991 1520 1044 διὰ
1560 991 1766 1044 τούτων

187 1082 570 1152 μανθάνομεν;
594 1083 758 1150 Λέγει
791 1083 879 1135 διὰ
910 1083 1223 1153 παραϐολῆς
1254 1087 1366 1146 τοῖς
1396 1084 1574 1153 ὄχλοις
1601 1087 1630 1138 6
1655 1085 1768 1138 Κύ-

187 1189 338 1242 ριος,
365 1174 448 1227 ὅτι
477 1175 505 1226 6
534 1174 772 1244 σπείρων
801 1175 892 1227 τὸν
924 1174 1079 1242 λόγον
1099 1215 1112 1238 ,
1140 1175 1200 1226 οὐ
1230 1175 1326 1245 τὴν
1358 1176 1566 1247 ἀγαθὴν
1607 1177 1768 1246 μόνον

184 1263 548 1334 κατασπείρει
581 1263 806 1334 καρδίαν
825 1305 839 1326 ,
866 1263 1000 1316 ἀλλά
1031 1263 1132 1316 κᾶν
1157 1263 1385 1334 λιθώδης
1415 1281 1496 1328 τις
1526 1262 1593 1336 ἦν
1617 1305 1631 1328 ,
1667 1265 1768 1319 κᾶν

186 1357 312 1417 ταῖς
337 1353 599 1417 ἀκάνθαις
633 1355 1006 1426 ὑλομανοῦσα,
1045 1355 1150 1408 κᾶν
1189 1357 1441 1427 παρόδιὸς
1463 1374 1522 1408 τε
1551 1357 1642 1410 καὶ
1673 1376 1770 1410 πε-

187 1444 520 1515 πατημένη,
558 1447 723 1498 πᾶσιν
759 1447 850 1498 ἐπὶ
888 1445 1297 1516 φιλανθρωπίας
1347 1447 1625 1500 ἐπιϐάλλει
1676 1448 1771 1501 τοῦ

186 1536 355 1605 λόγου
389 1539 458 1590 τὰ
504 1539 812 1608 σπέρματα.
862 1540 972 1592 Καὶ
1023 1539 1252 1592 ἑκάστου
1286 1540 1352 1592 τὰ
1387 1540 1649 1610 ἰδιώματα
1683 1543 1774 1612 έρ-

193 1629 452 1700 μηνεύων
477 1629 556 1700 τῷ
604 1630 786 1710 λόγῳ,
825 1631 982 1683 τοῦτό
1015 1648 1178 1700 φησιν
1229 1632 1320 1683 ἐπὶ
1368 1631 1468 1700 τῆς
1522 1631 1775 1696 λιθώδους

192 1721 516 1791 συμϐαίνειν
571 1722 786 1792 ψυχῆς,
843 1724 927 1774 ὅτι
967 1723 1066 1776 οὐκ
1115 1724 1174 1775 ὲν
1209 1721 1362 1793 βάθει
1421 1721 1662 1793 ριζοῦται
1715 1725 1776 1777 τὸ

1865 534 1956 589 Dei
1992 536 2242 590 manibus
2292 533 2608 603 lingcbalur,
2657 533 2961 586 illineretur
3017 528 3191 583 forma
3253 529 3436 598 aliqua

1863 627 2207 681 tenebricosa
2237 634 2291 680 et
2321 628 2498 693 nigra.
2533 623 2648 677 Non
2679 638 2826 677 erant
2860 637 3010 692 ergo,
3055 619 3254 688 inquit,
3289 620 3434 683 talis,

1865 718 1960 773 Sed
1993 717 2133 772 facta
2167 734 2307 772 sum.
2329 715 2448 770 Non
2480 718 2624 771 enim
2655 714 2795 768 facta
2825 729 2945 768 sum
2972 713 3125 781 nigra
3156 727 3186 764 a
3219 719 3437 766 natura.

1866 810 1959 864 sed
1989 809 2286 863 adventitia
2317 809 2371 861 in
2405 823 2490 862 me
2534 807 2634 860 fuit
2682 807 2798 860 haec
2833 803 3142 874 turpitudo,
3186 817 3309 856 cum
3355 802 3440 855 sol

1866 913 2041 952 meam
2075 898 2305 950 formam
2337 913 2404 950 ex
2440 896 2729 966 splendido
2759 896 2944 950 colore
2991 893 3322 948 mutavit‘in
3353 893 3440 946 ni-

1867 1005 2044 1059 grum.
2075 986 2169 1042 Sol
2198 989 2358 1051 enim,
2399 988 2597 1057 inquit,
2631 987 2838 1054 aspexit
2865 1003 2964 1039 me.
2997 986 3139 1052 Quid
3174 1000 3310 1054 ergo
3357 992 3443 1039 est

1868 1081 2012 1151 quod
2050 1097 2144 1149 per
2175 1081 2279 1134 hoc
2310 1081 2619 1135 discimus?
2643 1080 2780 1133 Dicit
2810 1079 3072 1134 Dominus
3121 1079 3298 1133 turbis
3349 1092 3446 1147 per

1871 1173 2209 1242 parabolam,
2245 1173 2388 1240 quod
2425 1172 2518 1241 qui
2557 1172 2780 1225 verbum
2827 1172 3083 1236 seminat,
3117 1186 3225 1225 non
3269 1170 3444 1225 solum

1873 1265 1928 1318 in
1967 1266 2106 1317 bono
2133 1265 2301 1318 corde
2338 1268 2592 1326 seminat,
2627 1263 2720 1317 sed
2775 1264 2941 1317 etiam
2978 1263 3023 1316 si
3061 1263 3132 1315 sit
3170 1261 3444 1331 quispiam

1873 1358 2177 1428 lapidosus,
2206 1364 2261 1409 et
2291 1357 2336 1411 si
2367 1356 2542 1425 spinis
2571 1354 2831 1417 luxuriet,
2859 1362 2914 1408 et
2945 1355 2988 1408 si
3018 1355 3087 1408 sit
3109 1355 3268 1424 juxta
3302 1353 3447 1404 viam

1873 1457 1927 1502 et
1983 1449 2378 1512 conculcatus,
2440 1447 2696 1501 omnibus
2748 1446 2819 1500 ob
2885 1446 3272 1515 benignitatem
3315 1442 3450 1512 jacit

1873 1542 2024 1596 verbi
2085 1543 2293 1596 semina
2321 1543 2385 1595 ι’.
2437 1540 2501 1593 Et
2562 1540 2998 1608 uniuscujusque
3065 1537 3448 1606 proprietatem

1877 1649 2133 1688 sermone
2189 1633 2498 1703 explicans,
2555 1633 2682 1693 hoc,
2730 1631 2930 1701 inquit,
2963 1630 3163 1684 accidit
3196 1631 3248 1682 in
3307 1639 3450 1681 terra

1879 1726 2146 1794 lapidosa,
2164 1721 2310 1792 quod
2333 1742 2440 1780 non
2468 1727 2521 1780 in
2549 1725 2821 1795 profundo
2848 1723 3060 1778 radices
3085 1722 3197 1793 agit
3232 1719 3285 1774 id
3307 1718 3453 1788 quod

191 1788 596 1886 ἐσπαρμένον,
816 1815 1152 1885 παραχρῆμα
1204 1788 1302 1884 μὲν
1350 1788 1431 1868 δι’⁷
1455 1816 1773 1868 ἐπιπολαίου

1896 1825 1967 1870 est
1995 1816 2346 1878 seminatum,
2377 1816 2474 1870 sed
2504 1816 2757 1886 protinus
2782 1814 3001 1884 quidem
3051 1827 3149 1884 per
3183 1811 3457 1883 germina-

194 1905 442 1974 βλάστης
471 1903 563 1956 τὸν
602 1904 803 1973 στάχυν
844 1905 1345 1974 κατεπαγγέλλεται
1378 1923 1391 1936 ο
1446 1905 1774 1978 θερμότερον

189 1996 252 2049 δὲ
285 1995 381 2050 τοῦ
413 1995 566 2066 ήλίου
587 1996 650 2048 τὸ
677 1996 1036 2067 ὑποκείμενον
1061 1996 1392 2068 θάλψαντος,
1421 1997 1498 2068 τῷ
1543 1998 1616 2068 μὴ
1645 1999 1777 2050 ὑπο-

192 2087 414 2146 κεῖσθαι
443 2089 564 2149 ταῖς
610 2086 786 2157 ῥίζαις
818 2087 1050 2157 ἰκμάδα,
1078 2087 1554 2159 καταξηραίνεται.
1580 2091 1779 2158 Πειρα-

194 2178 339 2248 σμὺν
363 2178 420 2230 δὲ
449 2178 536 2232 διά
558 2179 656 2248 τῆς
679 2178 973 2250 ἑρμηνείας
995 2178 1249 2249 ὀνομάζει
1266 2181 1358 2232 τὸν
1384 2179 1553 2250 ἥλιον.
1569 2179 1779 2233 Οὐκοῦν

192 2268 361 2322 τοῦτο
391 2269 541 2340 παρὰ
582 2269 681 2339 τῆς
722 2268 1042 2322 διδασκάλου
1092 2269 1153 2321 τὸ
1188 2270 1362 2340 δόγμα
1416 2270 1776 2340 μανθάνομεν,

193 2361 285 2424 δτι
311 2359 500 2428 γέγονε
532 2360 630 2430 μὲν
656 2361 690 2431 ἡ
734 2359 1048 2430 ἀνθρωπίνη
1078 2359 1238 2428 φύσις
1265 2359 1359 2413 τοῦ
1393 2360 1645 2431 ἀληθινοῦ
1671 2378 1781 2429 φω-

194 2451 295 2516 τὸς
320 2453 709 2521 ἀπεικόνισμα,
725 2451 914 2524 πόρρω
942 2451 1052 2504 τῶν
1086 2451 1374 2505 σκοτεινῶν
1395 2453 1779 2523 χαρακτήρων,

193 2545 268 2614 τῇ
306 2541 400 2596 τοῦ
435 2543 746 2613 ἀρχετύπου
797 2543 1026 2606 κάλλους
1075 2543 1352 2614 ὁμοιότητι
1385 2543 1674 2597 στίλϐουσα
1696 2563 1708 2574 ·
1754 2546 1784 2598 6

195 2634 260 2688 δὲ
289 2635 596 2705 πειρασμὸς
621 2634 712 2687 τὸν
744 2633 992 2703 φλογώδη
1040 2633 1294 2688 καύσωνα
1327 2635 1390 2688 δι’
1419 2635 1633 2705 ἀπάτης
1667 2639 1785 2689 ἐπι-

196 2723 386 2778 ϐαλὼν
407 2765 422 2787 ,
462 2724 672 2796 ἁπαλὴν
712 2725 791 2778 ἔτι
821 2726 917 2778 καὶ
964 2726 1149 2798 ἄριζον
1173 2727 1272 2796 τὴν
1298 2725 1519 2798 πρώτην
1552 2727 1784 2797 βλάστην

199 2815 474 2870 κατέϐαλε
495 2832 510 2847 ο
536 2817 627 2868 καὶ
653 2817 782 2886 πρὶν
813 2817 927 2883 ἕξιν
953 2819 1074 2870 τινα
1107 2817 1200 2870 τοῦ
1227 2819 1430 2886 ἀγαθοῦ
1459 2819 1782 2890 κτήσασθαι,

200 2909 302 2962 καὶ
325 2907 415 2960 δια
447 2907 545 2978 τῆς
571 2908 678 2960 τῶν
710 2908 986 2979 λογισμῶν
1029 2910 1302 2980 γεωργίας
1332 2909 1514 2964 δοῦναι
1560 2913 1679 2973 ταῖς
1708 2913 1789 2982 ῥί-

202 2999 332 3064 ζαις
362 2999 526 3053 πότον
577 2999 668 3052 ἐπὶ
697 2999 758 3052 τὸ
807 2999 967 3069 βάθος
991 3041 1005 3063 ,
1040 3001 1198 3063 εὐθὺς
1234 3000 1320 3054 διὰ
1357 3001 1458 3069 τῆς
1505 3005 1785 3073 παρακοῆς

1880 1906 2105 1970 tionem,
2135 1921 2258 1975 quae
2283 1907 2461 1960 oritur
2491 1908 2543 1960 in
2573 1906 2886 1976 superﬁcie,
2919 1921 3154 1961 messem
3191 1902 3460 1974 promittit

1878 2007 1933 2053 et
1961 1999 2190 2068 spicam,
2221 1999 2314 2054 sed
2346 2015 2472 2053 cum
2495 2001 2577 2053 sol
2609 2001 2843 2055 calidius
2871 2000 3048 2055 solum
3084 1997 3300 2061 foverit,
3337 2010 3460 2066 pro-

1881 2096 2064 2157 pterea
2099 2089 2243 2157 quod
2275 2090 2457 2144 nullus
2494 2089 2691 2144 humor
2724 2090 2899 2145 subsit
2925 2090 2981 2143 in
3012 2088 3318 2152 radicibus,
3343 2101 3459 2140 ἐι-

1883 2180 2147 2234 siccatur.
2180 2179 2563 2235 Tentationem
2605 2189 2787 2236 autem
2837 2180 3253 2249 interpretando
3285 2178 3462 2232 nomi-

1882 2281 1976 2326 nat
2005 2273 2196 2328 solcm.
2229 2272 2343 2328 Hoc
2372 2288 2504 2344 ergo
2552 2273 2751 2344 dogma
2783 2289 2814 2326 a
2867 2273 3126 2343 magistra
3172 2271 3458 2332 discimus,

1883 2363 2026 2432 quod
2061 2361 2203 2416 facta
2235 2362 2456 2431 quidem
2487 2375 2571 2418 est
2605 2363 2846 2417 humana
2877 2371 3076 2418 natura
3104 2362 3462 2416 simulacrum

1883 2470 2026 2508 verte
2067 2454 2233 2520 lucis,
2263 2455 2452 2524 procul
2483 2470 2512 2508 a
2543 2455 2853 2510 tenebrosis
2901 2453 3091 2524 ﬁguris
3140 2452 3352 2522 fulgens
3385 2451 3463 2505 si-

1883 2546 2200 2601 militudine
2232 2547 2564 2616 exemplaris
2594 2547 3025 2618 pulchritudinis
3052 2562 3069 2614 ;
3101 2546 3332 2600 tentatio
3366 2557 3467 2596 auc

1885 2649 1993 2695 tem
2022 2639 2301 2695 ardentem
2329 2649 2520 2695 aestum
2552 2656 2648 2709 per
2683 2638 2932 2693 fraudem
2961 2638 3236 2708 injiciens,
3265 2633 3465 2704 dejecit

1886 2734 2123 2804 prinnnn
2159 2748 2382 2804 germen
2417 2731 2595 2786 adhuc
2627 2731 3006 2800 imperfectum
3059 2737 3113 2784 et
3140 2743 3335 2782 carens
3371 2740 3465 2779 ra-

1886 2825 2103 2878 dicibus
2132 2842 2144 2876 :
2183 2833 2237 2878 et
2269 2823 2589 2892 priusquam
2622 2823 2866 2892 aliquem
2908 2820 3256 2890 arquisiisset
3306 2815 3466 2870 habi-

1887 2921 2026 2977 tum,
2059 2921 2116 2967 et
2167 2927 2262 2981 per
2305 2911 2698 2982 agriculturam
2755 2912 3054 2974 rationum,
3089 2910 3140 2961 in
3186 2903 3465 2977 profundo

1889 3019 2075 3077 potum
2106 3004 2349 3058 dedisset
2377 3003 2676 3060 radicibus.
2706 3004 2888 3057 statim
2913 3017 3008 3071 per
3037 2998 3467 3054 inobcdientiam

203 3091 560 3162 ἀποξηράνας
584 3091 644 3144 τὸ
676 3091 881 3162 χλωρόν
903 3109 964 3145 τε
1003 3094 1094 3144 καὶ
1128 3091 1350 3155 εὐθαλὲς
1383 3089 1519 3156 εἶδος
1540 3135 1554 3158 ,
1582 3094 1669 3148 διὰ
1690 3097 1789 3165 τῆς

1896 3098 2054 3152 viridi
2101 3107 2154 3151 et
2184 3096 2412 3150 ﬂorente
2447 3094 2621 3148 forma
2653 3094 2950 3158 exsiccata,
3000 3108 3097 3162 per
3139 3098 3330 3145 aestum
3384 3086 3474 3141 ni-

205 3183 464 3247 καύσεως
501 3184 665 3254 μέλαν
706 3185 980 3254 ἐποίησεν.
1017 3185 1078 3236 Εἰ
1117 3183 1170 3235 δὲ
1198 3185 1350 3253 ἥλιος
1382 3185 1414 3254 ἡ
1445 3186 1791 3257 ἀντικειμένη

207 3277 310 3335 τοῦ
361 3276 668 3348 πειρασμοῦ
705 3275 980 3347 προσϐολὴ
1019 3274 1376 3345 ὀνομάζεται,
1415 3277 1604 3347 μηδεὶς
1664 3276 1796 3340 ξενι-

209 3368 394 3435 ζὲσθω
414 3367 522 3422 τῶν
555 3369 892 3432 ἀκουόντων,
927 3370 985 3421 ὲν
1020 3369 1231 3430 πολλοῖς
1265 3369 1328 3421 τὸ
1367 3369 1606 3422 τοιοῦτον
1646 3371 1796 3440 παρά

207 3463 314 3530 τῆς
361 3461 716 3515 θεοπνεύστου
746 3460 974 3532 Γραφῆς
1007 3460 1410 3530 διδασκόμενος.
1445 3463 1554 3513 Καὶ
1602 3461 1710 3532 γὰρ
1740 3464 1798 3512 ὲν

212 3553 449 3624 δευτέρᾳ
483 3552 592 3606 τῶν
623 3551 979 3620 ἀναϐαθμῶν
1006 3551 1173 3621 ’ῼδῇ,
1202 3551 1406 3622 ταύτην
1435 3554 1668 3605 ποιεῖται
1700 3552 1799 3623 τὴν

215 3644 476 3712 εὐλογίαν
499 3643 578 3713 τῷ
607 3643 707 3713 τὴν
737 3642 990 3713 βοήθειαν
1022 3641 1196 3711 ἔχοντι
1234 3641 1328 3696 τοῦ
1365 3644 1686 3713 ποιήσαντος
1709 3643 1802 3694 τὸν

213 3735 452 3806 οὐρανὸν
480 3735 572 3787 καὶ
597 3735 694 3804 τὴν
721 3733 826 3804 γῆν
847 3773 863 3798 ,
901 3733 962 3786 τὺ
999 3733 1076 3804 μὴ
1122 3733 1476 3801 συγκαίεσθαι
1506 3735 1666 3788 αὑτὸν
1696 3734 1801 3786 ὑπὸ

216 3828 317 3886 τοῦ
348 3827 503 3898 ἡλίου
529 3825 620 3879 διά
642 3826 745 3895 τῆς
777 3825 1009 3896 ἡμέρας.
1041 3826 1149 3877 Καὶ
1186 3827 1215 3878 6
1251 3826 1538 3896 προφήτης
1581 3822 1804 3888 Ἡσαΐας

217 3921 325 3992 τὴν
351 3920 450 3991 τῆς
488 3918 810 3988 Ἐκκλησίας
833 3918 1169 3971 κατάστασιν
1208 3917 1584 3989 προφητεύων,
1617 3917 1806 3988 ὥσπερ

223 4015 351 4076 τινὰ
376 4012 600 4082 πομπὴν
634 4011 940 4084 ὑπογράφει
976 4013 1044 4082 τῇ
1081 4009 1342 4080 πολιτεία,
1376 4009 1680 4080 φαιδρύνων
1728 4010 1807 4080 τῷ

222 4105 391 4175 Λόγῳ
451 4105 530 4174 τῷ
594 4104 910 4174 διηγήματι.
968 4104 1129 4169 Λέγει
1175 4103 1284 4172 γὰρ
1353 4101 1656 4171 θυγατέρας
1721 4100 1806 4153 ἐπ’

223 4197 399 4269 ὤμων
448 4196 774 4268 αἱρομὲνας,
810 4195 903 4247 καὶ
947 4196 1138 4256 παῖδας
1185 4196 1243 4246 ὲν
1291 4193 1601 4264 λαμπήναις
1648 4211 1810 4263 κομι-

226 4289 529 4360 ζομένους,
583 4290 678 4342 καὶ
732 4287 991 4350 σκιαδίοις
1047 4287 1138 4338 τὸν
1202 4287 1480 4356 φωτισμὸν
1536 4285 1810 4356 ἀποκρού-

230 4395 454 4441 σαντας.
491 4377 566 4430 Δι’
592 4371 666 4430 ὧν
709 4377 766 4429 ἐν
797 4377 1080 4445 αἰνίγμασι
1107 4375 1196 4428 τὸν
1231 4377 1289 4428 ὲν
1327 4377 1492 4446 ἀρετῇ
1525 4376 1811 4446 διαγράφει

1899 3206 2057 3260 grum
2087 3189 2286 3246 ellecit.
2320 3189 2378 3243 Si
2413 3198 2592 3243 autem
2626 3187 2706 3241 sol
2735 3187 3057 3240 nominatur
3089 3184 3330 3238 adversa
3364 3187 3476 3234 ten-

1903 3281 2127 3336 tationis
2167 3281 2422 3349 irruptio,
2458 3279 2590 3333 nulli
2631 3277 2944 3331 auditorum
2981 3275 3036 3331 id
3084 3274 3335 3328 videatur
3372 3286 3478 3325 no»

1902 3389 2053 3435 Vlllll,
2087 3388 2212 3426 cum
2246 3372 2300 3424 in
2339 3371 2526 3423 inultis
2565 3369 2671 3422 tale
2699 3366 2981 3438 quidpiam
3012 3379 3115 3420 nos
3157 3365 3349 3417 doceat
3394 3360 3480 3414 di-

1904 3465 2110 3518 vinilus
2172 3463 2438 3531 inspirata
2485 3459 2790 3530 Scriptura.
2843 3457 3057 3511 Etenim
3120 3457 3173 3509 in
3233 3451 3480 3509 secundo

1906 3561 2114 3612 cantico
2149 3557 2442 3629 graduum,
2486 3555 2629 3608 hanc
2664 3552 2791 3606 facit
2814 3551 3276 3610 benedictionem,
3307 3546 3356 3601 ei
3387 3544 3481 3615 qui

1907 3651 2070 3703 habet
2095 3650 2359 3702 auxilium
2393 3663 2423 3700 a
2457 3646 2688 3700 Domino
2723 3644 2815 3714 qui
2855 3643 2984 3697 fecit
3025 3642 3224 3696 caelum
3270 3645 3325 3692 ct
3373 3645 3484 3692 ter-

1908 3759 2059 3804 ram,
2114 3757 2182 3795 ne
2210 3742 2327 3811 ipse
2380 3756 2410 3793 a
2445 3739 2561 3793 sole
2595 3738 2951 3792 comburalur
3011 3750 3105 3804 per
3143 3733 3308 3786 diem.
3345 3727 3485 3782 Pro-

1912 3835 2072 3905 pheta
2103 3849 2323 3902 quoque
2351 3831 2524 3886 lsaias
2583 3830 2888 3898 praedicens
2941 3835 3142 3882 statum
3202 3821 3484 3885 Ecclesia},

1911 3924 2176 3979 describit
2207 3922 2374 3976 veluti
2427 3918 2720 3989 quamdam
2760 3931 3039 3987 pompam,
3073 3911 3239 3967 Verbi
3300 3925 3488 3964 narra-

1913 4017 2081 4070 tione.
2125 4013 2267 4067 Dicit
2299 4011 2476 4074 enim,
2510 4009 2648 4065 filias
2683 4017 2920 4078 gestatas
2953 4004 3193 4058 humeris
3217 4043 3231 4062 ,
3262 4007 3317 4054 et
3347 3999 3490 4052 lilios

1913 4117 2099 4164 vectos
2151 4106 2380 4168 lecticis,
2420 4112 2475 4157 et
2526 4109 2775 4154 arcentes
2817 4107 3012 4152 testum
3065 4093 3334 4148 umbellis.
3387 4088 3492 4143 Per

1915 4215 2038 4270 quae
2069 4198 2333 4254 describit
2366 4196 2420 4248 in
2473 4195 2764 4260 aenigmate
2797 4191 2962 4244 vitam
3006 4202 3130 4256 quae
3165 4187 3380 4256 degitur
3436 4183 3494 4235 in

1919 4295 2139 4353 virtute,
2173 4305 2268 4359 per
2299 4288 2564 4357 puerilem
2594 4285 2814 4354 quidem
2858 4289 3072 4336 aetatem
3112 4278 3409 4333 ostendens
3439 4275 3492 4328 id

1917 4386 2062 4456 quod
2078 4391 2161 4438 est
2178 4396 2350 4450 nuper
2376 4387 2586 4440 natum,
2610 4376 2950 4444 simplexque
2964 4380 3019 4426 et
3039 4385 3236 4425 carens
3262 4367 3492 4429 malitia,

233 4471 352 4542 βίον
380 4509 395 4532 ,
419 4469 507 4522 διὰ
538 4469 637 4539 μὲν
669 4471 767 4532 τῆς
794 4467 1094 4537 νηπιώδους
1121 4466 1334 4537 ἡλικίας
1367 4467 1728 4520 ὑποδεικνύων
1752 4467 1792 4520 τί

1896 4491 2018 4546 per
2046 4471 2314 4528 umbellas
2348 4477 2553 4529 autem,
2590 4466 2846 4522 solatium
2883 4469 3073 4525 aestus,
3107 4457 3255 4530 quod
3284 4455 3498 4511 accedit

231 4559 521 4635 ἀρτιγενές
551 4576 613 4612 τε
642 4562 736 4611 καὶ
761 4557 963 4616 ἄκακον
989 4573 1003 4587 ο
1031 4557 1120 4618 διὰ
1155 4557 1262 4609 τῶν
1298 4557 1554 4610 σκιαδίων
1577 4597 1591 4620 ,
1626 4557 1723 4628 τὴν
1763 4557 1822 4622 ἐξ

235 4654 572 4726 ὶγκρατείας
604 4670 665 4706 τε
706 4653 799 4706 καὶ
833 4651 1204 4724 καθαρότητος
1240 4653 1672 4723 προσγινομένην
1703 4655 1824 4716 ταῖς

233 4749 438 4821 ψυχαῖς
480 4746 831 4818 παραμυθίαν
858 4745 952 4799 τοῦ
992 4745 1289 4808 καύσωνος.
1325 4745 1402 4798 Δι’
1446 4743 1521 4798 ὧν
1553 4745 1822 4815 μανθάνο-

240 4859 368 4916 μεν,
401 4840 486 4892 ὅτι
504 4837 611 4910 χρὴ
630 4839 717 4890 ἐπ’
737 4835 904 4906 ὤμων
923 4837 1173 4912 αἴρεσθαι
1197 4837 1295 4907 τὴν
1323 4836 1418 4898 τοῦ
1451 4836 1586 4889 Θεοῦ
1612 4854 1824 4907 νυμφο-

239 4930 608 5000 στολουμένην
627 4929 805 5002 ψυχὴν
823 4968 840 4992 ,
877 4929 938 4987 οὐ
965 4928 1310 4999 πατουμένην
1339 4928 1443 4981 ὑπὸ
1471 4929 1569 4996 τῆς
1600 4930 1822 5002 σαρκὸς,

239 5023 358 5084 ἀλλ’
389 5021 805 5092 ἐπικαθημένην
832 5019 912 5090 τῷ
955 5020 1104 5089 ὄγκῳ
1141 5017 1235 5072 τοῦ
1289 5018 1562 5090 σώματος,
1592 5021 1827 5091 Λαμπή-

242 5135 344 5188 νην
384 5116 443 5169 δὲ
471 5115 834 5178 ἀκούσαντες,
867 5112 964 5183 τὴν
989 5111 1366 5182 ἐκλαμπτικὴν
1399 5110 1494 5165 τοῦ
1521 5112 1830 5182 βαπτίσμα-

243 5227 336 5274 τος
361 5208 523 5279 χάριν
550 5206 911 5278 μανθάνομεν,
939 5205 1005 5257 δι’
1031 5201 1099 5278 ἧς
1124 5205 1310 5268 παῖδες
1336 5204 1618 5273 γινόμεθα,
1643 5203 1829 5257 οὐκέτι

244 5305 314 5374 τῇ
349 5303 422 5371 γῇ
451 5299 514 5352 τὸ
545 5301 692 5369 ῐχνος
717 5297 1014 5369 ἐρείδοντες
1033 5335 1049 5359 ,
1077 5296 1190 5349 ἀλλ’
1218 5298 1304 5349 ἐπ’
1335 5298 1549 5368 ἐκείνης
1579 5296 1712 5367 πρὸς
1733 5294 1832 5367 τὴν

244 5389 500 5461 οὐράνιον
529 5387 674 5457 ζωὴν
706 5385 1076 5458 κομιζόμενοι.
1108 5387 1331 5456 Σκιερὸς
1359 5386 1416 5438 δὲ
1457 5386 1665 5453 γίνεται
1699 5386 1830 5454 ἡμῖν

250 5482 342 5537 καὶ
369 5480 642 5553 δροσώδης
679 5481 710 5533 6
747 5479 889 5550 βίος,
935 5479 1022 5533 διὰ
1051 5479 1158 5534 τῶν
1190 5480 1287 5551 τῆς
1329 5477 1531 5552 ἀρετῆς
1576 5475 1832 5530 σκιαδίων

334 5757 381 5791 ⁸³
400 5759 569 5816 Math.
601 5776 726 5826 xui,
768 5759 832 5813 l8
865 5775 987 5829 sqq.

1923 4567 2122 4622 animis
2145 4579 2211 4619 ex
2235 4561 2572 4618 continentia
2592 4568 2647 4614 et
2676 4558 2934 4628 puritate.
2951 4553 3056 4608 Per
3083 4567 3205 4622 qum
3227 4549 3496 4605 discimus

1925 4657 2168 4713 humeris
2201 4655 2404 4725 gestari
2453 4655 2694 4706 animam
2721 4649 2830 4704 Deo
2858 4645 3271 4717 desponsatam,
3304 4656 3413 4695 non
3464 4653 3497 4692 a

1923 4764 2095 4805 carne
2127 4749 2536 4808 conculcatam,
2566 4741 2659 4798 sed
2695 4740 2820 4794 moli
2856 4735 3107 4806 corporis
3141 4734 3496 4789 insidentem.

1926 4839 2230 4893 Audientes
2250 4846 2432 4889 autem
2458 4833 2644 4887 Graece
2663 4830 2955 4900 λαμπήνην
2975 4825 3269 4880 didicimus
3297 4821 3500 4874 illumi-

1925 4931 2190 4986 natricem
2249 4925 2506 4997 baptismi
2565 4922 2834 4992 gratiam,
2892 4934 2987 4989 per
3026 4932 3188 4987 quam
3239 4912 3505 4966 elIicimur

1926 5022 2106 5094 pueri,
2139 5035 2250 5075 non
2281 5019 2519 5087 amplius
2548 5016 2601 5068 in
2638 5023 2782 5068 terra
2815 5011 3043 5081 ligentes
3074 5007 3385 5074 vestigium.
3405 5002 3503 5056 sed

1924 5090 2090 5181 super
2117 5111 2263 5164 illam
2302 5107 2505 5177 portati
2547 5105 2614 5157 ad
2656 5105 2824 5155 vitam
2873 5099 3178 5153 caslestem.
3232 5090 3505 5146 Umbrosa

1927 5211 2108 5260 autem
2145 5201 2202 5254 lit
2231 5199 2393 5253 nobis
2435 5197 2544 5250 vita
2575 5203 2628 5248 et
2661 5190 2900 5252 roscida,
2929 5187 3205 5242 exstincto
3242 5189 3378 5236 aestu
3409 5193 3508 5248 per

1934 5293 2200 5349 umbellas
2228 5288 2470 5343 virtutis.
2506 5284 2606 5340 Hic
2633 5293 2718 5338 est
2745 5282 2828 5337 sol
2859 5279 3084 5340 laedens,
3113 5273 3336 5345 quando
3383 5269 3510 5340 ejus

1936 5398 2105 5440 azstus
2130 5398 2236 5436 non
2265 5388 2484 5435 arcetur
2530 5393 2560 5431 a
2613 5375 2758 5430 nube
2774 5371 3040 5442 Spiritus,
3074 5382 3239 5438 quam
3301 5364 3382 5420 eis
3412 5377 3512 5416 ex-

1941 5475 2132 5549 pandit
2163 5473 2428 5527 Dominus
2459 5469 2525 5524 ad
2555 5471 2954 5539 tegumentum.
2976 5457 3077 5513 llic
3101 5457 3248 5512 enim
3280 5453 3362 5508 sol
3399 5459 3508 5519 est,
