3846 6220
349 225 454 284 795

1575 237 1634 293 S.
1664 237 1996 298 GREGORII
2035 243 2325 302 NYSSENI

3484 251 3594 312 τεο

346 339 440 404 qui
489 339 713 394 nitidam
749 346 998 414 corporis
1038 348 1387 418 superﬁciem
1418 352 1666 408 accendit
1701 354 1910 409 insulto

2031 362 2516 433 ιατασϐεννυμένου
2546 364 2640 418 τοῦ
2683 365 2975 430 καύσωνος.
3006 360 3172 432 Οὗτος
3219 364 3311 423 οὖν
3360 371 3517 425 ἐστιν
3567 375 3596 428 6

347 433 732 495 tentationum,
756 445 810 490 et
843 437 1042 493 format
1065 443 1275 512 nigram
1304 444 1670 500 deformitate.

2017 450 2426 519 παραϐλάπτων
2476 455 2646 524 ἥλιος,
2677 455 2804 508 ὅταν
2839 456 2913 526 μὴ
2961 453 3355 530 διατειχίζηται
3391 464 3420 515 6
3454 467 3594 534 παρ’

347 520 510 573 αὐτοῦ
539 523 777 594 φλογμὸς
806 530 870 597 τῇ
903 530 1097 600 νεφέλῃ
1129 532 1223 585 τοῦ
1248 532 1554 602 Πνεύματος
1573 573 1588 597 ,
1620 535 1687 605 ἢν
1729 534 2044 588 διεπέτασεν
2072 538 2252 603 αὐτοῖς
2276 544 2304 594 6
2333 520 2532 614 Κύριος
2592 547 2672 608 είς
2704 520 2912 616 σκέπην
2977 520 3182 612 αὐτοῖς.
3204 520 3219 524 ⁷
3245 520 3413 616 Θῦτος
3483 520 3599 625 γάρ

345 613 494 664 ἐστιν
541 616 569 666 ὀ
600 615 750 684 ἥλιος
775 653 792 678 ,
835 619 865 670 6
903 619 1001 690 τὴν
1070 621 1326 694 λαμπρὰν
1353 624 1446 678 τοῦ
1513 624 1761 696 σώματος
1829 624 2146 693 ἐπιφάνειαν
2193 634 2258 702 τῇ
2307 635 2577 708 προσϐολῇ
2621 637 2728 690 τῶν
2775 613 3094 710 πειρασμῶν
3158 613 3420 698 ἐπικαίων
3495 613 3599 699 ὶωὶι

349 704 615 773 μελαίνων
647 711 704 764 ἐν
729 711 1038 786 δυσμορφίᾳ
1061 717 1121 769 τὸ
1157 713 1316 782 εἶδος.

426 798 629 855 Deinde
653 814 838 857 narrat
865 807 1008 860 unde
1032 811 1358 878 principium
1389 814 1610 870 duxerit
1655 815 1785 870 boni
1819 829 1914 869 co-

352 888 486 943 loris
523 891 589 942 ad
634 893 848 963 nigrum
884 903 1296 958 transmutatio.
1328 903 1460 960 Filii
1485 917 1682 971 autem,
1721 908 1914 978 inquit,

2095 809 2226 866 Εἶτα
2270 814 2532 887 διηγεῖται
2559 857 2573 882 ,
2604 818 2724 872 ὅθεν
2765 819 2863 892 τὴν
2898 821 3069 893 ἀρχὴν
3099 822 3253 893 ἔσχεν
3281 824 3313 894 ἡ
3361 825 3506 888 πρὸς
3533 829 3598 879 τὸ

2027 903 2194 972 μέλαν
2228 906 2326 976 τῆς
2349 908 2595 980 εὐχροίας
2617 911 2776 981 ἡμῶν
2805 913 3178 983 μεταποίησις.
3217 915 3333 968 Υἱοὶ
3361 919 3600 984 μητρός

351 982 540 1034 matris
565 999 691 1037 mere
721 1000 1082 1054 pugnaverunt
1112 993 1166 1045 in
1198 1010 1309 1048 me:
1374 1008 1661 1062 posuerunt
1707 1015 1788 1052 me
1824 1016 1916 1051 cu-

2031 1012 2158 1059 μου,
2191 997 2354 1066 φησὶν
2377 1036 2394 1062 ,
2431 999 2802 1068 ἐμαχέσαντο
2835 1001 2903 1055 ἐν
2929 982 3088 1070 ἐμοί’
3129 1003 3334 1058 ἕθεν-τό
3357 982 3443 1074 ipsi
3475 982 3594 1075 έρυξ

347 1072 552 1126 slodem
579 1074 630 1126 in
659 1076 839 1139 vineis,
868 1079 1070 1134 vineam
1099 1094 1273 1138 autem
1307 1103 1475 1140 meam
1498 1105 1599 1142 non
1633 1090 1912 1145 custodivi.

351 1163 409 1215 In
437 1163 538 1218 hoc
567 1166 696 1220 mihi
717 1177 937 1224 attenta:
963 1175 1304 1239 praebeantur
1325 1194 1508 1242 aures,
1541 1195 1648 1234 non
1679 1181 1730 1234 in
1749 1196 1916 1235 accu-

2023 1086 2333 1143 λάκισσαν
2386 1091 2456 1146 ἐν
2492 1092 2876 1161 ἀμπελῶσιν,
2918 1094 3236 1162 ἀμπελῶνα
3286 1096 3432 1164 ἐμὸν
3478 1100 3596 1152 οὐκ

2023 1181 2316 1249 ἐφύλαξα.
2357 1182 2465 1235 Καί
2513 1199 2602 1252 μοι
2646 1183 2803 1236 τοῦτο
2854 1184 3218 1255 παρασχέσθω
3266 1188 3300 1258 ἠ
3334 1188 3476 1259 ἀκοὴ
3517 1189 3595 1259 μὴ

351 1262 468 1306 rate
492 1254 836 1311 discutienda
894 1261 1151 1319 dictionis
1216 1271 1651 1332 constructione,
1711 1273 1806 1324 sed
1863 1273 1917 1325 in

2031 1273 2137 1325 λίαν
2163 1273 2632 1344 ἀκριϐολογεῖσθαι
2657 1274 2794 1346 πρὸς
2822 1275 2919 1346 τὴν
2939 1254 3058 1346 τῆς
3090 1254 3590 1345 λέξεωςῠσύνταξιν,

349 1346 752 1401 consideranda
799 1366 998 1407 sensus
1042 1359 1402 1414 connexione.
1432 1360 1586 1425 Quod
1616 1362 1661 1416 si
1715 1363 1761 1416 is
1810 1378 1917 1416 non

2031 1365 2153 1424 Ξιλλὰ
2198 1367 2337 1437 πρὸς
2368 1367 2460 1420 τὸν
2508 1366 2698 1437 εἱρμὸν
2727 1366 2819 1420 τοῦ
2861 1368 3130 1438 νοήματος
3169 1368 3405 1437 βλέπειν.
3443 1371 3509 1424 Ei
3533 1371 3593 1424 δέ

353 1437 426 1489 sit
461 1451 722 1496 accurate
759 1458 1062 1512 connexus,
1096 1449 1150 1503 id
1200 1450 1502 1520 imputetur
1561 1454 1919 1508 imbecillitati

2031 1475 2068 1510 ιι
2107 1457 2181 1529 μὴ
2213 1457 2455 1528 ἀκριϐῶς
2489 1459 2914 1530 συνηρτημένον,
2947 1459 3400 1531 συμφράσεωςτῇ
3433 1460 3597 1514 ἀσθες

353 1529 819 1600 interpretationis
875 1551 1065 1591 eorum
1130 1542 1225 1609 qui
1285 1542 1525 1612 linguam
1596 1543 1916 1600 llebraieam

2031 1547 2137 1618 νείᾳ
2163 1548 2470 1616 λογισάσθω
2495 1548 2602 1602 τῶν
2632 1548 2728 1618 τὴν
2760 1548 3023 1618 Ἑϐραίων
3049 1549 3296 1616 γλῶτταν
3322 1529 3597 1620 μεταϐαλ-

352 1619 690 1674 transl‘ernnt
714 1623 768 1676 in
813 1639 1000 1681 vocem
1023 1628 1287 1686 Graecam.
1317 1631 1355 1686 li
1384 1649 1528 1687 ennu
1553 1636 1644 1704 qui
1676 1635 1915 1689 studium

2031 1639 2220 1693 λόντων
2247 1640 2327 1703 είς
2353 1639 2451 1708 τὴν
2480 1637 2705 1692 Ἐλλάδα
2737 1639 2939 1708 φωνήν.
2965 1633 3062 1702 Οἷς
3081 1637 3189 1709 γὰρ
3214 1637 3277 1692 ἂν
3300 1619 3596 1709 ἐπιμέλεια

353 1720 652 1778 posuerunt
675 1723 733 1768 ut
758 1718 1107 1774 erudirentur
1137 1723 1191 1776 in
1222 1739 1478 1780 sermone
1500 1725 1749 1791 Hebrum,
1779 1729 1916 1782 nihil

2031 1735 2215 1802 γέγονε
2265 1731 2616 1802 παιδευθῆναι
2647 1731 2744 1801 τὴν
2791 1730 3048 1800 Ἑϐραίαν
3088 1731 3397 1796 διάλεκτον,
3439 1731 3597 1785 οὐδὲν

353 1806 636 1859 inveniunt
671 1808 1021 1875 ejusmodi,ut
1051 1814 1305 1870 videatur
1338 1834 1446 1872 non
1475 1821 1753 1876 cohaerere
1793 1837 1857 1876 ac
1885 1837 1917 1876 a

351 1907 410 1946 se
439 1894 668 1949 invicem
698 1897 1024 1966 dependere.
1076 1901 1299 1974 Linguae
1333 1916 1515 1962 autem
1553 1923 1753 1966 nostrae
1781 1913 1918 1982 ﬁgu-

353 1993 469 2038 rata
495 1987 718 2054 locutio,
743 2006 851 2044 non
883 1997 1218 2052 conveniens
1253 2000 1537 2069 elegantia:
1583 2004 1779 2073 lingua!
1807 2004 1917 2060 lle-

352 2075 714 2140 liraee,ail‘et‘t
775 2084 1060 2150 quamdam
1129 2088 1508 2146 confusionem
1573 2094 1640 2148 iis
1691 2098 1782 2164 qui
1833 2113 1919 2152 se-

350 2177 598 2237 quuntur
624 2171 677 2225 in
709 2176 998 2242 superﬁcie
1023 2179 1478 2249 signiﬁcationem
1514 2186 1790 2241 dictionis.
1823 2189 1922 2241 At-

351 2274 458 2328 que
489 2262 576 2316 hic
610 2272 694 2318 est
721 2267 942 2331 quidem
963 2283 1159 2325 sensus
1187 2273 1473 2327 verborum
1497 2292 1620 2344 quae
1651 2285 1778 2330 sunt
1803 2293 1921 2346 pro-

351 2355 554 2419 posita,
586 2367 853 2424 quantum
890 2375 992 2414 nos
1026 2365 1542 2430 comprehendimus
1572 2386 1584 2419 :
1623 2365 1816 2421 Factus
1837 2379 1920 2422 est

353 2444 516 2497 homo
553 2447 623 2500 ab
653 2448 807 2501 initio
840 2452 1042 2507 nullius
1081 2452 1251 2506 divini
1320 2456 1446 2509 boni
1483 2457 1750 2527 indigens.
1789 2458 1919 2528 Ejus

349 2545 471 2590 erat
504 2540 680 2592 solum
716 2558 916 2598 munus
957 2545 1098 2598 bona
1155 2563 1398 2612 servare,
1453 2567 1562 2604 non
1614 2553 1916 2622 acquirere.

353 2626 700 2685 lnitnicoruut
744 2645 921 2688 autem
959 2636 1169 2692 insidia:
1201 2657 1324 2694 eum
1385 2642 1452 2696 iis
1507 2660 1628 2712 quae
1690 2646 1922 2701 habebat

354 2720 650 2787 nudarunt,
692 2727 859 2793 utqui
901 2743 1006 2781 non
1053 2732 1378 2787 custodierit
1421 2743 1672 2789 naturam
1718 2753 1839 2805 quae
1870 2738 1920 2792 ei

352 2811 477 2864 data
503 2812 679 2868 fuerat
705 2831 734 2869 a
773 2816 866 2872 Dei
909 2820 1263 2890 benignitate.
1309 2823 1408 2877 Hic
1429 2835 1515 2881 est
1556 2843 1686 2897 ergo
1721 2845 1917 2884 sensus

2024 1821 2333 1892 εὑρίσκεται
2359 1821 2597 1874 τοιοῦτον
2616 1862 2631 1885 ,
2662 1815 2776 1874 οἷον
2803 1821 2979 1874 δοκεῖν
3008 1822 3395 1892 ἀσυναρτήτως
3426 1822 3593 1890 ἔχειν.

2033 1913 2093 1966 '0
2125 1914 2179 1966 δὲ
2203 1913 2578 1984 σχηματισμὸς
2604 1913 2704 1982 τῆς
2741 1912 3016 1983 ἡμετέρας
3040 1912 3312 1982 γλώττης,
3346 1913 3424 1982 μὴ
3455 1930 3597 1980 συμ-

2026 2006 2225 2060 ϐαίνων
2247 2005 2327 2076 τῷ
2371 2003 2734 2076 σχηματισμῷ
2761 2004 2861 2072 τῆς
2901 2003 3198 2074 Ἐϐραῖκῆς
3226 2004 3560 2070 εὐγλωττίας
3581 2047 3595 2066 ,

2027 2097 2285 2168 σύγχυσίν
2328 2114 2450 2150 τινα
2497 2098 2608 2158 τοῖς
2659 2095 3100 2164 ἐπιπολαιότερον
3149 2093 3504 2146 ἀκολουθοῦσι
3529 2097 3596 2165 τῇ

2027 2188 2272 2262 σημασίᾳ
2315 2189 2414 2257 τῆς
2455 2186 2648 2251 λέξεως
2681 2185 3071 2254 ἀπεργάζεται.
3115 2185 3179 2237 Ἦ
3224 2185 3325 2254 μὲν
3362 2180 3458 2238 οὖν
3492 2185 3600 2238 διά-

2025 2298 2144 2334 νοια
2169 2279 2277 2331 τῶν
2301 2277 2714 2350 προειρημένων
2740 2276 3001 2346 ῥημάτων
3019 2316 3032 2335 .
3082 2274 3217 2345 αῦτη
3249 2276 3396 2329 ἐστὶν
3415 2315 3432 2338 ,
3471 2275 3601 2328 ὅσον

2025 2375 2185 2441 ἡμεῖς
2215 2371 2623 2440 κατειλήφαμεν
2652 2385 2666 2401 ·
2708 2370 2789 2421 ὅτι
2823 2367 3013 2435 Γέγονε
3051 2366 3111 2421 τὸ
3140 2365 3425 2436 καταρχὰς
3449 2368 3479 2419 ὁ
3505 2366 3601 2418 ἀνι

2027 2464 2243 2533 θρωπος
2270 2461 2481 2523 οὐδενὸς
2506 2459 2615 2512 τῶν
2640 2459 2798 2512 θείων
2830 2457 3051 2526 ἀγαθῶν
3088 2457 3290 2527 ἐνδεής.
3323 2451 3392 2528 ᾯ
3437 2458 3600 2526 ἔργον

2023 2549 2092 2622 ἦν
2123 2551 2354 2621 φυλάξαι
2393 2550 2552 2621 μόνον
2581 2548 2648 2601 τὰ
2682 2548 2889 2616 ἀγαθὰ,
2917 2549 3036 2618 οὐχὶ
3075 2547 3397 2616 κτήσασθαι.
3445 2549 3510 2600 'H
3543 2548 3600 2600 δέ

2024 2643 2132 2697 τῶν
2163 2641 2370 2714 ἐχθρῶν
2418 2640 2676 2712 ἐπιϐουλὴ
2708 2641 2911 2711 γυμνὸν
2953 2641 3112 2693 αὐτὸν
3142 2639 3251 2692 τῶν
3283 2639 3600 2708 προσόντων

2026 2734 2286 2803 ἐποίησε,
2329 2732 2402 2802 μὴ
2449 2731 2758 2800 φυλάξαντα
2805 2732 2904 2803 τὴν
2951 2729 3196 2783 δοθεῖσαν
3244 2728 3394 2799 αὑτῷ
3435 2729 3598 2798 φύσει

2029 2822 2180 2894 παρὰ
2211 2821 2305 2875 τοῦ
2355 2821 2490 2874 Θεοῦ
2535 2820 2846 2891 εὐκληρίαν.
2901 2819 3049 2888 Αὕτη
3098 2818 3194 2889 μὲν
3242 2817 3337 2871 οὖν
3381 2821 3533 2871 ἐστιν
3563 2820 3600 2888 ὴ

355 2907 664 2962 verborum.
696 2908 828 2974 Quae
844 2919 1022 2966 autem
1065 2930 1161 2983 per
1193 2916 1356 2970 verba
1380 2919 1722 2986 :enigmatica
1759 2920 1919 2990 hujus

2031 2913 2136 2966 τῶν
2168 2913 2426 2985 ῥημάτων
2446 2912 2672 2966 διάνοια.
2724 2912 2786 2964 Ἥ
2835 2911 2891 2964 δέ
2918 2911 3006 2965 διὰ
3042 2911 3150 2963 τῶν
3178 2909 3601 2980 αἰνιγματωδῶν

355 3014 551 3054 sensus
580 3001 652 3055 sit
685 3002 928 3070 traditio,
986 3020 1044 3060 se
1073 3007 1235 3062 habet
1257 3009 1358 3063 hoc
1383 3011 1574 3065 modo:

429 3179 579 3243 Filii,
619 3182 816 3250 inquit,
853 3186 1038 3240 matris
1060 3203 1186 3241 mea?
1215 3202 1572 3258 pugnaverunt
1602 3195 1656 3247 in
1683 3211 1793 3249 me:
1825 3211 1921 3265 po-

353 3283 571 3326 suerunt
621 3291 700 3326 me
741 3279 1008 3331 custodem
1044 3283 1096 3331 in
1143 3281 1325 3346 vineis,
1370 3285 1571 3338 vineam
1607 3302 1774 3340 meam
1818 3305 1922 3342 non

355 3364 631 3418 custodivi.
669 3364 832 3421 Multa
866 3371 1052 3436 paucis
1086 3371 1393 3440 dogmatice
1429 3391 1530 3430 nos
1551 3377 1708 3432 docet
1725 3383 1918 3434 oratio.

357 3453 595 3509 Primum
627 3457 844 3526 quidem
883 3461 934 3514 id
965 3463 1110 3530 quod
1154 3480 1382 3535 magnus
1412 3472 1659 3524 enuntiat
1699 3471 1920 3539 Paulus,

352 3547 502 3613 quod
533 3549 717 3602 omnia
747 3562 873 3604 sunt
901 3567 962 3605 ex
993 3552 1119 3616 Deo,
1142 3563 1196 3609 et
1219 3573 1362 3612 unus
1392 3568 1476 3614 est
1502 3561 1640 3616 Dens
1668 3561 1826 3618 Pater
1857 3581 1922 3619 ex

355 3653 466 3706 quo
502 3642 705 3704 omnia,
737 3650 792 3697 et
831 3643 965 3697 nihil
993 3655 1076 3699 est
1104 3663 1169 3700 ex
1212 3649 1277 3701 iis
1303 3665 1424 3718 qua:
1459 3662 1607 3718 sunt,
1637 3655 1779 3722 quod
1811 3671 1922 3708 non

356 3737 583 3798 propter
625 3731 777 3786 illum
814 3742 869 3788 et
891 3750 955 3788 ex
988 3736 1081 3788 illo
1103 3737 1300 3792 habeat
1321 3745 1614 3795 essentiam
1638 3743 1702 3794 ⁸³.
1732 3743 1925 3799 Omnia

354 3821 523 3887 enim,
556 3824 751 3892 inquit,
785 3839 876 3890 per
903 3827 1071 3894 ipsum
1100 3830 1243 3894 facta
1267 3843 1404 3895 sunt,
1440 3841 1488 3886 et
1511 3835 1624 3887 sine
1642 3850 1700 3888 eo
1724 3835 1924 3902 factum

353 3923 434 3966 est
488 3914 708 3968 nihil".
764 3917 867 3971 Sed
923 3921 1181 3987 quoniam
1222 3938 1563 3994 quaecunque
1617 3924 1759 3981 Deus
1795 3925 1925 3981 facit

357 4002 517 4058 valde
570 4004 712 4058 bona
747 4018 877 4060 sunt
915 4010 1128 4073 (omnia
1168 4016 1313 4065 enim
1349 4013 1477 4068 fecit
1517 4014 1568 4068 in
1604 4017 1923 4086 sapientia),

358 4095 510 4150 dedit
547 4107 754 4152 natura:
804 4099 1034 4155 rationis
1081 4103 1330 4172 participi
1374 4105 1602 4173 gratiam
1652 4116 1710 4159 ut
1737 4108 1808 4160 sit
1840 4110 1926 4162 sui

355 4189 521 4257 juris,
549 4197 602 4244 et
630 4189 838 4244 addidit
863 4191 1172 4248 facultatem
1213 4195 1520 4252 inveniendi
1551 4213 1615 4252 ea
1638 4216 1758 4269 quae
1798 4212 1927 4256 sunt

1949 2971 1993 3030 ο
2023 2971 2194 3072 λόγων
2225 2971 2334 3056 ’τοῦ
2377 3004 2646 3073 νοήματος
2683 3001 2869 3054 τούτου
2911 3001 3209 3072 παράδοσις
3249 2971 3442 3053 τοῦτον
3488 3000 3604 3070 ἔχει

2020 3097 2112 3150 τὸν
2136 3096 2358 3150 τρόπον·

2100 3114 2470 3258 λ’ἷὲῗίοτῖτρός
2503 3203 2644 3254 μου,
2691 3182 2884 3254 φησὶν,
2911 3181 3288 3251 ,ἐμαχέσαντο
3317 3179 3390 3233 ἐν
3436 3179 3598 3248 ἐμοί·

2022 3283 2228 3338 ἕθεντό
2253 3298 2329 3349 με
2365 3277 2757 3348 φυλὰκισσαν
2795 3275 2866 3329 ἐν
2905 3273 3205 3344 ἀμπελῶνι
3224 3315 3240 3339 ,
3273 3271 3605 3341 ἀμπελῶνα

2021 3375 2167 3444 ἐμὸν
2207 3375 2317 3427 οὐκ
2357 3370 2649 3440 ἐφύλαξα.
2701 3367 2876 3421 Πολλὰ
2919 3367 2984 3419 δι’
3023 3366 3214 3434 ὀλίγων
3257 3364 3606 3434 δογματικῶς

2024 3463 2334 3520 ἐκπαιδεύει
2379 3463 2407 3513 6
2436 3459 2609 3526 λόγος.
2648 3455 2868 3528 Πρῶτον
2921 3455 3016 3526 μὲν
3038 3455 3172 3525 ὅπερ
3203 3455 3298 3506 καὶ
3341 3453 3547 3522 ὁμοίως
3574 3454 3608 3504 6

2023 3555 2234 3618 Παῦλος
2258 3553 2588 3622 ἀπεφήνατο,
2609 3549 2689 3601 ὅτι
2718 3547 2784 3600 τὰ
2814 3546 2990 3599 πάντα
3018 3547 3081 3597 ἐκ
3113 3543 3205 3596 τοῦ
3227 3543 3362 3596 Θεοῦ
3388 3544 3486 3595 καί⁵
3521 3539 3605 3606 εἷς

2024 3648 2156 3711 Θεὸς
2180 3647 2271 3700 καὶ
2293 3643 2478 3713 Πατὴρ
2506 3641 2565 3707 ἐξ
2592 3633 2654 3694 οὗ
2677 3639 2744 3692 τὰ
2769 3637 2967 3696 πάντα,
2985 3637 3080 3689 καὶ
3110 3633 3262 3687 οὐδὲν
3295 3635 3405 3687 τῶν
3432 3634 3608 3686 ὄντων

2027 3737 2194 3800 ἐστὶν,
2211 3735 2254 3788 δ’
2278 3731 2352 3804 μὴ
2380 3733 2447 3784 δι’
2477 3729 2683 3784 ἐκεῖνόν
2707 3745 2764 3781 τε
2785 3728 2876 3780 καὶ
2899 3726 2958 3790 ἐξ
2987 3725 3192 3778 ἐκείνου
3213 3725 3274 3779 τὸ
3297 3719 3438 3778 εἶναι
3464 3724 3606 3794 ἔχει.

1975 3857 1979 3861 -
2023 3827 2228 3882 Πάντα
2253 3826 2382 3895 γὰρ,
2403 3825 2557 3894 φησὶ,
2579 3821 2652 3874 δι’
2677 3820 2862 3876 αὐτοῦ
2883 3819 3140 3887 ἐγένετο,
3161 3817 3259 3871 καὶ
3297 3817 3480 3887 χωρὶς
3494 3819 3607 3870 αὺ-

2023 3920 2131 3974 τοῦ
2181 3917 2416 3987 ἐγένετο
2469 3913 2611 3970 οὐδὲ
2669 3913 2761 3966 ἓν.
2835 3911 2972 3963 Ἀλλ’
3021 3909 3207 3978 ἐπειδὴ
3263 3909 3447 3962 πάντα
3504 3909 3614 3960 ὃτα.

2025 4011 2277 4084 ἐποίησεν
2325 4011 2354 4062 6
2385 4008 2542 4072 Θεὸς,
2578 4006 2716 4060 καλά
2752 4004 2872 4057 λίαν
2906 4003 3024 4055 ἐστὶ
3051 4001 3251 4071 (πάντα
3289 3998 3400 4068 γὰρ
3435 3999 3494 4049 ἐν
3527 4014 3606 4049 σο-

2027 4105 2126 4176 φίᾳ
2148 4101 2443 4172 ἐποίησεν),
2461 4099 2627 4154 ἔδωκε
2649 4099 2714 4168 τῇ
2737 4095 2928 4164 λογικῇ
2947 4094 3104 4162 φύσει
3128 4093 3226 4160 τὴν
3254 4089 3611 4154 αὐτεξούσιον

2027 4197 2218 4268 χάριν,
2250 4193 2345 4248 καὶ
2377 4188 2683 4261 προσέθηκε
2710 4186 2936 4256 δύναμιν
2965 4182 3249 4254 εὑρετικὴν
3283 4180 3391 4233 τῶν
3433 4195 3610 4232 κατα-

361 4283 465 4334 sibi
494 4293 667 4351 grata,
714 4291 773 4337 ut
813 4285 989 4342 locum
1023 4287 1246 4344 haberet
1279 4291 1332 4344 id
1362 4292 1504 4360 quod
1534 4302 1617 4349 est
1655 4297 1708 4348 in
1741 4308 1924 4352 nostra

2031 4283 2351 4357 θυμίων,ὼς
2371 4280 2435 4334 ἂν
2468 4279 2528 4335 τὸ
2553 4278 2639 4346 ἐφ’
2672 4278 2805 4346 ἡμῖν
2845 4273 3027 4344 χώραν
3063 4273 3208 4370 ἔχοι,
3235 4270 3344 4370 καὶ.
3479 4287 3616 4370 κατ-

363 4380 653 4440 potestate,
687 4381 740 4426 et
775 4389 881 4426 non
907 4385 1053 4429 esset
1086 4375 1288 4430 bonum
1317 4390 1564 4433 coactum
1593 4389 1646 4435 et
1683 4383 1932 4438 involun-

359 4465 584 4528 larium,
620 4465 713 4520 sed
762 4478 909 4520 recte
963 4466 1164 4522 factum
1198 4478 1343 4524 esset
1371 4471 1651 4527 electionis
1681 4485 1735 4528 et
1780 4475 1933 4530 liberi

359 4555 770 4610 arbitriinCum
822 4557 912 4611 hic
951 4570 1132 4612 autem
1185 4559 1339 4614 liberi
1371 4563 1579 4616 arbitrii
1608 4573 1786 4621 motus
1830 4567 1934 4620 im-

361 4649 516 4716 perio
567 4657 622 4703 et
673 4649 926 4704 absoluta
984 4659 1252 4720 potestate
1291 4669 1392 4708 nos
1437 4654 1728 4711 deduceret
1761 4658 1830 4712 ad
1880 4658 1932 4713 id

361 4740 510 4809 quod
542 4734 847 4807 videbatur,
890 4743 1143 4798 inventus
1169 4753 1253 4800 est
1286 4746 1506 4816 quidam
1538 4749 1591 4803 in
1623 4766 1800 4804 rerum
1834 4767 1932 4805 na-

362 4841 509 4896 tura,
549 4833 642 4902 qui
676 4833 816 4887 male
845 4849 976 4888 usus
1004 4843 1088 4890 est
1113 4844 1378 4905 potestate
1406 4847 1460 4891 et
1487 4839 1658 4895 libero
1684 4843 1932 4908 arbitrio,

360 4936 417 4980 et
449 4934 820 4995 congruenter
847 4927 895 4980 ei
937 4926 1081 4994 quod
1126 4926 1259 4980 dicit
1287 4928 1606 4997 Apostolus,
1649 4928 1823 4986 factus
1852 4940 1936 4987 est

363 5019 616 5074 inventor
641 5021 932 5074 malorum.
975 5018 1077 5085 Qui
1113 5019 1355 5088 quidem,
1395 5021 1538 5090 quod
1569 5023 1636 5077 ad
1661 5023 1713 5076 id
1743 5024 1936 5079 attinet

361 5111 511 5181 quod
551 5121 635 5167 est
663 5126 695 5164 a
730 5111 860 5171 Deo,
909 5121 994 5167 est
1022 5111 1192 5166 frater
1222 5122 1441 5179 noster;
1485 5129 1550 5168 co
1579 5127 1757 5169 autem
1789 5117 1935 5185 quod

365 5218 464 5256 sua
496 5209 693 5272 sponte
728 5201 956 5256 deﬂuxit
990 5218 1020 5255 a
1049 5202 1179 5256 boni
1217 5203 1654 5274 participatione,
1685 5214 1740 5261 ct
1768 5208 1940 5261 malo-

369 5309 490 5345 rum
525 5294 834 5363 ingressum
873 5292 1176 5359 innovavit,
1201 5306 1256 5348 et
1285 5293 1462 5350 factus
1491 5304 1576 5351 est
1605 5308 1756 5366 pater
1785 5315 1937 5353 men-

369 5384 537 5447 dacii,
571 5399 670 5454 pro
701 5384 857 5440 hoste
891 5387 1132 5456 scipsum
1172 5387 1461 5441 constituit
1486 5390 1540 5443 in
1571 5390 1846 5454 omnibus,
1885 5391 1938 5444 in

368 5475 572 5545 quibus
597 5491 798 5544 scopus
821 5476 976 5532 liberi
1011 5477 1221 5533 arbitrii
1250 5478 1425 5533 tendit
1452 5481 1516 5534 ad
1548 5483 1769 5537 bonum.
1808 5482 1940 5538 Pro-

443 5649 534 5707 ¹³1
568 5653 696 5711 Cor.
739 5669 859 5721 vut,
896 5656 948 5709 6.
1065 5654 1289 5711 “Joan.
1320 5672 1356 5719 t,
1386 5657 1440 5712 3.

2029 4375 2440 4448 ηναγκασμένον
2456 4373 2539 4439 εἴη
2553 4369 2615 4423 τὸ
2633 4368 2835 4437 ἀγαθὸν
2860 4367 2952 4420 καὶ
2969 4364 3240 4426 ἀκούσιον,
3262 4361 3400 4416 ἀλλὰ
3422 4362 3618 4433 κατόρι

2029 4473 2187 4542 θωμα
2226 4465 2587 4539 προαιρέσεως
2616 4465 2870 4532 γίγνοιτο,
2912 4459 3112 4512 Τούτου
3141 4458 3199 4511 δὲ
3231 4456 3324 4512 τοῦ
3354 4457 3620 4522 αὐτεξουο

2030 4563 2145 4616 σίου
2178 4561 2474 4628 κινήματος
2503 4551 2976 4625 αὐτοκρατορικῶς
3009 4550 3145 4620 πρὸς
3167 4549 3229 4601 τὸ
3247 4547 3442 4601 δοκοῦν
3463 4549 3619 4619 ἡμᾶς

2029 4653 2343 4721 ἀγαγόντος,
2367 4647 2562 4718 εὑρέθη
2597 4663 2679 4709 τις
2712 4647 2771 4701 ἐν
2818 4646 2884 4714 τῇ
2919 4643 3077 4711 φύσει
3119 4641 3226 4694 τῶν
3263 4641 3436 4695 ὄντων
3461 4643 3490 4693 6
3519 4660 3621 4694 κα-

2033 4744 2144 4805 κῶς
2180 4745 2246 4814 τῇ
2275 4740 2491 4811 ἐξουσίᾳ
2518 4737 2881 4809 χρησάμενος,
2911 4735 3008 4788 καὶ
3037 4734 3181 4787 κατὰ
3207 4734 3306 4803 τὴν
3326 4733 3423 4786 τοῦ
3454 4734 3622 4786 Ἀπιοέ

2036 4835 2221 4889 στόλου
2272 4832 2486 4902 φωνὴν,
2514 4829 2700 4884 κακῶν
2742 4827 3039 4898 ἐφευρετὴς
3065 4827 3370 4896 γενόμενος.
3406 4829 3507 4889 Ὃς
3540 4826 3622 4897 τῷ

2041 4925 2138 4996 μὲν
2157 4927 2220 4976 ἐκ
2239 4922 2374 4975 Θεοῦ
2402 4920 2494 4974 καὶ
2517 4919 2677 4977 αὑτὸν
2707 4913 2866 4982 εἶναι,
2887 4917 3112 4985 ἀδελφός
3137 4919 3283 4970 ἐστιν
3303 4917 3582 4988 ἡμέτερος
3603 4933 3620 4948 ·

2035 5017 2112 5087 τῷ
2132 5016 2188 5068 δὲ
2221 5015 2321 5084 τῆς
2349 5013 2443 5066 τοῦ
2477 5009 2680 5078 ἀγαθοῦ
2717 5009 3004 5080 μετουσίας
3034 5008 3296 5070 ἑκουσίως
3332 5006 3623 5078 ἀπορρυῆ-

2037 5129 2143 5174 ναι,
2171 5109 2268 5180 τὴν
2294 5107 2404 5160 τῶν
2445 5104 2630 5158 κακῶν
2676 5101 2878 5155 εἴσοδον
2924 5101 3342 5170 καινοτομήσας,
3372 5101 3469 5152 καὶ
3507 5117 3615 5151 πα-

2035 5205 2138 5274 τὴρ
2198 5200 2424 5271 ψεύδους
2456 5197 2763 5266 γενόμενος,
2789 5195 2868 5256 είς
2903 5192 3162 5262 πολεμίου
3218 5191 3370 5255 τάξιν
3425 5192 3622 5244 ἐαυτὸν

2036 5296 2396 5366 κατέστησεν,
2420 5292 2479 5344 ἐν
2511 5291 2674 5343 πᾶσιν
2704 5283 2784 5350 οἷς
2809 5287 2838 5339 6
2878 5285 3076 5348 σκοπὸς
3109 5284 3208 5353 τῆς
3240 5285 3626 5355 προαιρέσεως

2036 5390 2112 5452 ὡς
2136 5385 2272 5458 πρὸς
2308 5383 2370 5436 τὸ
2406 5383 2653 5452 κρεῖττον
2693 5377 2898 5448 βλέπει.
2931 5374 3032 5430 Διὰ
3072 5373 3265 5428 τούτου
3307 5375 3488 5428 τοίνυν
3521 5376 3628 5435 καὶ

2036 5483 2146 5545 τοῖς
2171 5478 2374 5540 λοιποῖς
2409 5475 2506 5544 τῆς
2528 5471 2637 5527 τῶν
2669 5467 2888 5539 ἀγαθῶν
2921 5467 3280 5539 ἀποπτήσεως
3308 5467 3407 5536 τῆς
3445 5467 3627 5541 ἀφορ-
