3846 6220
198 269 315 328 797

1230 269 1296 324 IN
1334 267 1636 325 CANTICA
1672 265 1944 323 CANTIC.
1979 264 2259 322 HOMILIA
2294 265 2358 323 ll.

3352 268 3458 326 798

203 394 320 460 ετῆς
353 390 729 464 ἐγγινομένης.
765 390 794 445 6
821 393 884 462 δη
933 393 1027 446 καὶ
1061 396 1128 464 τῇ
1157 393 1314 462 φύσει
1344 392 1453 446 τῶν
1479 390 1780 463 ἀνθρώπων

1892 395 2065 458 ptcrea
2102 403 2236 458 ergo
2263 403 2388 443 cum
2434 386 2644 457 reliqua
2673 388 2834 443 etiam
2871 390 3108 448 accessit
3148 389 3366 447 occasio
3397 400 3452 446 et

200 478 446 544 ἐγένετο,
481 479 662 542 καλῶς
690 480 725 550 ἥ
754 497 883 534 ποτε
921 481 1166 552 μέλαινα,
1199 481 1293 534 νῦν
1319 481 1374 536 δέ
1399 481 1557 552 καλὴ,
1583 482 1681 552 τὴν
1704 482 1788 535 αἰ-

201 564 332 617 τίαν
365 566 466 634 τῆς
501 563 772 634 ζοφῶδους
797 567 972 639 ὄψεως
999 570 1079 632 εἰς
1108 569 1234 633 τοὺς
1260 569 1532 632 τοιούτους
1558 570 1656 638 τῆς
1687 587 1789 639 μη·

203 654 339 724 τρὸς
365 655 514 718 υἱοὺς
551 656 857 728 ἀνατίθησι,
883 657 1211 712 παιδεύουσα
1235 657 1323 712 διὰ
1350 657 1456 711 τῶν
1481 657 1787 729 λεγομένων

205 747 381 816 ἡμᾶς,
407 747 490 800 ὅτι
527 748 626 818 μία
655 748 756 818 μὲν
789 751 920 802 πᾶσι
948 752 1058 813 τοῖς
1085 745 1233 803 οὖσιν
1253 752 1420 815 ἐστιν,
1439 745 1548 804 οἷόν
1571 767 1654 814 τις
1685 767 1789 804 πα-

205 837 338 907 τὴρ,
370 839 404 908 ή
426 838 534 892 τῶν
561 838 732 893 ὅντων
759 840 923 893 αἰτία.
960 842 1066 894 Καὶ
1085 841 1172 895 διά
1197 840 1356 894 τοῦτο
1381 840 1583 909 ἀδελφά
1611 842 1790 895 πάντα

208 927 363 978 ἐστὶν
393 927 653 998 ἀλλήλων,
680 929 748 981 τά
796 929 854 981 ὲν
900 932 1011 992 τοῖς
1061 924 1179 982 οὖσι
1224 927 1563 998 νοούμενα³ή
1599 928 1656 981 δὲ
1687 927 1789 997 τῆς

207 1018 588 1088 προαιρέσεως
618 1019 846 1090 διαφορά
867 1058 880 1082 ,
919 1020 1051 1090 πρὸς
1074 1020 1134 1072 τὸ
1183 1019 1356 1088 φίλιόν
1385 1037 1442 1071 τε
1497 1021 1591 1072 καὶ
1631 1019 1789 1071 πολέ-

215 1126 343 1181 μιον
379 1110 477 1181 τὴν
531 1110 692 1179 φύσιν
727 1111 1015 1182 διέσχισεν.
1063 1114 1126 1165 Ol
1171 1110 1279 1182 γὰρ
1334 1111 1644 1180 ἀφεστῶτες
1689 1111 1789 1180 τῆς

212 1203 354 1272 πρὸς
389 1203 449 1256 τὸ
474 1203 676 1272 ἀγαθὸν
709 1203 967 1274 σχέσεως,
996 1205 1088 1257 καὶ
1106 1203 1192 1257 διά
1213 1203 1314 1274 τῆς
1339 1203 1433 1256 τοῦ
1485 1204 1789 1276 κρείττονος

211 1295 569 1358 ἀποστάσεως
600 1295 661 1348 τὸ
698 1295 866 1349 κακὸν
896 1295 1300 1367 ὑποστήσαντες
1327 1295 1468 1365 (ούδέ
1499 1296 1611 1366 γάρ
1639 1296 1787 1348 ἐστιν

210 1385 349 1455 ἄλλη
400 1403 485 1449 τις
535 1386 705 1441 κακοῦ
753 1385 1068 1449 ὑπόστασις,
1117 1387 1167 1439 εί
1203 1386 1278 1458 μὴ
1311 1388 1340 1440 6
1379 1387 1658 1457 χωρισμὸς
1690 1387 1786 1441 τοῦ

214 1476 543 1545 βελτίονος),
584 1477 764 1530 πᾶσαν
804 1477 1080 1531 ποιοῦνται
1129 1477 1226 1547 τὴν
1269 1478 1504 1549 σπουδὴν
1544 1481 1638 1534 καὶ
1671 1479 1789 1533 ἐπί-

211 1581 366 1619 νοιαν
393 1564 488 1617 τοῦ
527 1565 624 1619 καὶ
647 1565 840 1629 ἄλλους
865 1567 1003 1636 πρὸς
1025 1567 1125 1636 τὴν
1160 1567 1269 1622 τῶν
1296 1568 1480 1622 κακῶν
1504 1570 1788 1624 κοινωνίαν

213 1653 755 1724 προσεταιρίσασθαι.
811 1654 923 1708 Καὶ
973 1655 1063 1708 διὰ
1103 1655 1260 1710 τοῦτό
1306 1673 1490 1729 φησιν,
1540 1659 1620 1712 ὅτι
1668 1657 1786 1713 Υίοὶ

210 1752 313 1820 τῆς
344 1747 551 1820 μητρός
577 1765 682 1818 μου
744 1745 830 1822 (τῇ
859 1746 967 1818 γὰρ
996 1747 1326 1822 πληθυντικῇ
1352 1750 1594 1822 σημασίᾳ
1612 1751 1672 1804 τὸ
1692 1768 1788 1804 πο-

212 1832 465 1905 λυσχιδές
516 1837 614 1906 τῆς
644 1837 841 1902 κακίας
883 1838 1258 1909 ἐνδείκνυται),
1297 1841 1531 1912 πόλεμον
1575 1844 1633 1896 ἐν
1665 1842 1789 1912 ἐμοὶ

218 1927 636 1998 συνεστήσαντο,
658 1929 758 1983 οὐκ
789 1929 987 1996 ἔξωθεν
1008 1931 1068 1996 ἐξ
1089 1932 1388 2004 ἐπιδρομῆς
1409 1933 1786 2003 πολεμοῦντες,

216 2016 335 2068 ἀλλ’
356 2017 526 2089 αὐτὴν
552 2018 650 2090 τὴν
683 2018 860 2092 ψυχὴν
899 2022 1256 2093 ποιησάμενοι
1287 2022 1381 2077 τοῦ
1413 2025 1471 2076 ἐν
1511 2025 1650 2094 αὐτῇ
1694 2041 1792 2076 πο-

214 2108 384 2178 λέμου
410 2111 746 2182 μεταίχμιον.
779 2113 866 2165 Ἐν
898 2113 1112 2185 ἑκάστῳ
1139 2116 1247 2185 γὰρ
1277 2116 1307 2168 6
1329 2114 1582 2185 πόλεμος,
1605 2115 1790 2179 καθὼς

215 2199 508 2270 ἑρμηνεύει
533 2205 562 2255 6
599 2203 739 2266 θεῖος
773 2203 1288 2274 Ἀπόστολος,λέγων
1307 2221 1321 2235 ·
1343 2205 1554 2260 Βλέπω
1582 2205 1650 2259 δὲ
1666 2206 1789 2260 ἐτε-

207 2307 326 2363 ρον
347 2291 536 2359 νόμον
553 2293 623 2346 ἐν
656 2293 776 2358 τοῖς
794 2294 1012 2362 μέλεσί
1043 2313 1162 2364 μου
1185 2296 1793 2366 ἀντιστρατευόμενον

215 2377 300 2443 τῷ
329 2383 492 2448 νόμῳ
538 2380 643 2434 τοῦ
688 2382 830 2447 νοός
861 2400 1000 2450 μου,
1038 2382 1136 2436 καὶ
1189 2383 1691 2454 αἰχμαλωτίζοντά
1713 2403 1791 2454 με

215 2469 299 2535 τῷ
346 2473 508 2539 νόμῳ
552 2471 661 2540 τῆς
697 2473 985 2543 ἁμαρτίας
1036 2473 1117 2539 τῷ
1165 2475 1289 2529 ὄντι
1326 2476 1396 2528 ἐν
1435 2477 1555 2543 τοῖς
1576 2480 1793 2546 μέλεσι

211 2578 354 2634 μου.
390 2562 603 2634 Ταύτης
637 2566 814 2618 τοίνυν
851 2565 952 2635 τῆς
980 2566 1237 2637 ἐμφυλίου
1268 2568 1446 2637 μάχης
1467 2571 1525 2622 ἐν
1546 2569 1668 2639 ἐμοὶ
1693 2587 1789 2622 συ·-

219 2653 425 2723 στάσης
452 2653 602 2724 παρά
629 2654 735 2707 τῶν
759 2655 1002 2724 ἀδελφῶν
1041 2673 1164 2726 μου,
1204 2657 1416 2728 ἐχθρῶν
1447 2658 1502 2711 δὲ
1526 2658 1626 2727 τῆς
1653 2661 1792 2730 ἐμῆς

219 2745 516 2816 σωτηρίας,
551 2745 777 2814 μέλαινα
799 2747 1085 2817 ἐγενόμην,
1116 2747 1413 2819 ἡττηθεῖσα
1437 2749 1541 2801 ὑπὸ
1565 2750 1670 2803 τῶν
1701 2768 1793 2804 που

218 2836 424 2906 λεμίων
465 2840 558 2892 καὶ
592 2839 682 2892 τὸν
725 2839 1026 2909 ἀμπελῶνα
1065 2840 1155 2894 τὸν
1200 2841 1331 2911 ἐμὸν
1373 2841 1473 2893 οὐκ
1527 2840 1789 2911 ἐφύλαξα.

217 2929 428 2982 Ταύτὸν
457 2931 562 3002 χρὴ
595 2934 736 2985 νοεῖν
759 2930 837 3002 τῷ
878 2931 1188 3003 παραδείσῳ
1215 2931 1306 2985 τὸν
1337 2932 1652 3001 ἀμπελῶνα.
1680 2934 1790 2986 Καὶ

217 3020 329 3091 γὰρ
359 3022 520 3074 κάκεῖ
554 3022 846 3092 φυλάσσειν
880 3022 1079 3093 ἐτάχθη
1107 3025 1135 3076 6
1171 3023 1454 3094 ἅνθρωπος
1491 3023 1581 3076 τὸν
1615 3027 1790 3094 παρά-
1819 3055 1865 3118 C

215 3114 393 3167 δεισον
412 3130 428 3144 ν
449 3115 484 3183 ἡ
503 3115 560 3168 δὲ
578 3115 678 3186 τῆς
701 3115 948 3184 φυλακῆς
971 3115 1198 3185 ἀμέλεια
1221 3115 1470 3168 ἐκϐάλλει
1495 3115 1588 3168 τοῦ
1613 3132 1792 3186 παρα-

217 3207 397 3260 δείσου
426 3207 518 3259 τὸν
546 3207 852 3278 ἄνθρωπον,
877 3209 972 3261 καὶ
995 3209 1252 3278 οἰκήτορα
1277 3207 1382 3260 τῶν
1414 3207 1632 3277 δυσμῶν
1655 3210 1796 3262 ποιεῖ

217 3297 322 3367 τῆς
352 3297 614 3368 ἀνατολῆς
650 3299 1024 3370 ἀποστήσασα.
1058 3298 1154 3350 Διά
1183 3297 1393 3370 τοῦτοή
1421 3298 1649 3370 ἀνατολὴ
1677 3300 1794 3362 ταῖς

215 3390 450 3460 δυσμαῖς
488 3390 846 3458 ἐπιφαίνεται.
888 3390 1159 3444 Ψάλλετε
1201 3391 1328 3462 γὰρ,
1361 3391 1512 3460 φησὶ,
1549 3390 1628 3456 τῷ
1680 3395 1794 3445 Κυ-

210 3480 326 3548 ρίῳ
352 3479 432 3544 τῷ
459 3480 828 3547 ἐπιϐεϐηκότι
863 3480 960 3533 ἐπὶ
995 3477 1262 3546 δυσμῶν,
1292 3479 1379 3532 ἴνα
1411 3478 1503 3530 τοῦ
1534 3477 1708 3546 φωτὸς
1736 3479 1793 3530 ἐν

217 3573 288 3640 τῇ
341 3571 532 3640 σκοτίᾳ
563 3570 884 3641 λάμποντος,
924 3569 1259 3640 μεταποιηθῇ
1295 3569 1431 3639 πρὸς
1475 3569 1576 3640 τὴν
1604 3569 1795 3621 ἀκτῖνα

219 3663 283 3714 τὸ
316 3662 526 3723 σκότος,
559 3662 654 3716 καὶ
683 3662 908 3732 γένηται
932 3662 1072 3732 καλὴ
1105 3661 1265 3716 πάλιν
1298 3662 1330 3731 ἡ
1361 3660 1605 3730 μέλαινα.
1640 3659 1713 3710 Τὸ
1737 3658 1793 3710 δὲ

220 3751 412 3805 δοκοῦν
438 3753 808 3824 ἀσυνάρτητον
837 3753 936 3821 τῆς
961 3751 1157 3817 λέξεως
1173 3751 1310 3823 πρὸς
1344 3752 1441 3822 τὴν
1480 3749 1792 3822 εὑρεθεῖσαν

218 3845 481 3906 διάνοιαν,
503 3843 674 3914 τούτῳ
701 3842 777 3914 τῷ
801 3844 986 3914 τρόπῳ
1007 3842 1228 3896 δυνατόν
1250 3845 1364 3894 ἐστι
1395 3839 1794 3912 παραμυθήσα-

221 3936 365 3988 σθαι”
400 3936 648 3990 Ἓθεντό
670 3952 766 4003 με,
802 3935 956 4005 φησὶ,
995 3933 1388 4002 φυλάκισσιιν
1417 3933 1486 3985 ἐν
1522 3929 1793 4000 apt-zelo").

218 4044 344 4081 σιν.
378 4028 554 4098 Ὅπερ
586 4027 698 4080 ἴσον
729 4027 846 4080 ἐστὶ
871 4025 968 4091 τῷ,
1001 4026 1241 4079 Ἕθεντο
1282 4021 1678 4092 Ἰερουσαλὴμ
1705 4022 1792 4086 εις

222 4119 740 4190 ὀπωροφυλὰκιον.
772 4119 845 4172 Οὐ
871 4117 980 4188 γὰρ
1023 4119 1219 4170 ἐκεῖνοι
1247 4116 1585 4184 κατέστησαν
1623 4113 1790 4183 αὐτὴν

219 4213 441 4281 φύλακα
460 4212 553 4266 τοῦ
584 4212 726 4266 θείου
764 4211 1098 4281 ἀμπελῶνος,
1137 4209 1212 4272 ὡς
1245 4210 1308 4264 ἄν
1333 4226 1417 4271 τις
1441 4209 1505 4260 ἐκ
1531 4205 1624 4260 τοῦ
1655 4223 1790 4276 προ-

220 4305 406 4374 χείρου
439 4304 703 4374 νοήσειεν·
723 4303 836 4355 ἀλλ’
859 4303 888 4354 6
911 4302 1260 4372 καταστήσας
1292 4301 1392 4369 μέν
1422 4301 1566 4352 ἐστιν
1587 4299 1614 4350 6
1636 4297 1787 4361 Θεὸς,

1889 478 2167 548 impulsio,
2223 485 2284 532 ut
2334 493 2365 531 a
2407 478 2566 532 bonis
2604 479 3002 548 excideremus,
3061 479 3205 550 quod
3238 481 3456 550 quidem

1887 571 2050 625 etiam
2082 571 2137 624 in
2171 576 2367 623 natura
2402 569 2506 623 fuit
2531 571 2792 635 humana,
2832 579 2980 627 recte
3009 588 3131 642 qua:
3167 572 3460 642 aliquando

1887 662 2106 732 quidem
2149 661 2255 715 fuit
2299 661 2477 732 nigra,
2529 677 2676 716 nunc
2714 672 2894 717 autem
2939 663 3189 733 pulchra,
3233 678 3457 718 causam

1888 752 2036 824 quod
2067 759 2325 822 appareat
2358 753 2536 822 nigra,
2577 753 2770 806 tribuit
2798 753 3064 822 ejusmodi
3103 753 3228 808 [iliis
3266 753 3460 807 matris

1889 857 2024 907 suae,
2049 856 2146 911 per
2168 857 2232 896 ea
2269 857 2392 911 quae
2427 842 2686 896 dicuntur
2716 857 2820 898 nos
2851 843 3130 906 erudiens,
3171 843 3314 914 quod
3341 858 3461 897 om-

1888 933 2055 988 nibus
2098 931 2319 1002 quidem
2363 948 2486 1002 qua:
2527 942 2680 996 sunt,
2709 941 2795 988 est
2828 933 2998 988 veluti
3026 934 3248 1004 quidam
3278 943 3459 1005 pater,

1887 1040 2075 1078 eorum
2121 1040 2243 1094 qua:
2267 1033 2396 1078 sunt
2423 1039 2618 1079 causa:
2650 1033 2704 1078 et
2746 1032 3034 1094 propterea
3077 1035 3205 1081 sunt
3231 1027 3373 1080 inter
3403 1041 3464 1081 se

1889 1114 2121 1167 invicem
2144 1113 2406 1179 fraterna,
2430 1128 2493 1167 ea
2517 1129 2637 1186 qua:
2661 1115 2714 1167 in
2745 1114 2814 1169 iis
2833 1129 2956 1184 quae
2986 1123 3118 1170 sunt
3138 1117 3463 1186 intelligun-

1891 1213 2013 1271 Iur;
2042 1204 2277 1259 instituti
2311 1213 2493 1260 autem
2529 1215 2582 1260 et
2616 1205 2801 1261 liberae
2833 1207 3120 1262 electionis
3155 1207 3464 1264 diﬂ'erentia

1887 1294 2074 1351 divisit
2100 1307 2376 1364 naturam,
2401 1305 2459 1351 ut
2479 1297 2531 1351 in
2549 1312 2612 1352 ea
2633 1304 2781 1354 esset
2798 1298 3042 1352 amicitia
3061 1306 3114 1354 et
3139 1299 3461 1354 inimicitiae.

1888 1386 1989 1451 Qui
2035 1387 2180 1442 enim
2205 1389 2593 1444 abscesserunt
2616 1388 2684 1442 ab
2707 1388 3028 1444 habitudine
3051 1390 3118 1444 ad
3147 1391 3374 1454 bonum,
3409 1398 3465 1445 et

1888 1489 1987 1545 per
2019 1491 2298 1532 recessum
2327 1491 2356 1529 a
2388 1480 2533 1531 bono
2571 1479 2772 1532 malum
2821 1479 3226 1534 constituerunt
3259 1479 3470 1551 (neque

1887 1566 2030 1621 enim
2054 1574 2138 1621 est
2159 1566 2264 1620 alia
2278 1567 2404 1620 mali
2418 1567 2725 1623 substantia
2746 1583 2908 1637 quam
2923 1584 2953 1622 a
2971 1568 3117 1624 bono
3134 1569 3466 1641 separatio),

1888 1654 2148 1710 adhibent
2176 1670 2335 1712 omne
2357 1656 2596 1711 studium
2618 1666 2671 1712 et
2695 1658 3046 1723 industriam,
3081 1666 3142 1711 ut
3165 1660 3305 1714 alios
3328 1675 3467 1729 quo-
3558 1646 3562 1651 ’

1893 1761 1999 1814 que
2033 1747 2136 1802 sibi
2159 1748 2456 1802 concilient
2485 1748 2552 1802 ad
2581 1748 2852 1802 malorum
2880 1749 3218 1803 societatem.
3252 1749 3319 1802 Et
3343 1750 3470 1806 ideo

1893 1837 2045 1902 dicit,
2066 1835 2189 1892 Filii
2220 1838 2412 1892 matris
2446 1854 2580 1894 mea
2611 1838 2731 1909 (per
2766 1841 3031 1910 pluralem
3065 1841 3210 1895 enim
3258 1841 3464 1910 signiﬁ-

1893 1930 2187 1992 cationem,
2227 1918 2467 1986 ostendit
2490 1931 2772 2001 multiplex
2807 1929 3022 2004 vitium)
3060 1932 3115 1985 in
3149 1948 3234 1986 me
3267 1933 3465 1986 bellum

1895 2021 2223 2087 conﬂarunt,
2259 2037 2367 2077 non
2398 2024 2640 2078 externis
2673 2024 3084 2078 incursionibus
3143 2023 3470 2092 belligeran-

1896 2121 2000 2178 tes,
2055 2111 2152 2168 sed
2183 2113 2238 2166 in
2283 2115 2404 2182 ipsa
2452 2113 2631 2166 anima
2673 2113 2800 2168 belli
2847 2115 3035 2169 sedem
3089 2114 3336 2184 ﬁgentes.
3368 2113 3469 2168 Est

1894 2206 2038 2259 enim
2068 2203 2124 2257 in
2169 2218 2502 2274 unoquoque
2551 2204 2775 2267 bellum,
2824 2213 2882 2258 ut
2923 2204 3142 2260 divinus
3173 2205 3469 2274 Apostolus

1894 2295 2188 2366 signiﬁcat,
2226 2295 2452 2350 dicens:
2513 2292 2673 2348 Video
2719 2295 2885 2348 aliam
2929 2296 3091 2366 legem
3132 2296 3186 2348 in
3223 2297 3470 2350 membris

1895 2386 2022 2438 meis
2063 2393 2434 2455 repugnantem
2467 2383 2571 2453 legi
2597 2385 2784 2437 mentis
2823 2399 2970 2448 mete,
3034 2391 3085 2437 et
3119 2384 3469 2452 captivantem

1896 2493 1976 2529 me
2019 2477 2074 2529 in
2118 2476 2277 2546 legem
2323 2474 2545 2544 peccati,
2596 2491 2713 2544 qua:
2747 2483 2825 2528 est
2870 2477 2924 2528 in
2967 2474 3213 2528 membris
3244 2474 3372 2527 meis
3397 2473 3467 2528 ¹⁸.

1895 2567 2032 2622 Cum
2068 2567 2172 2620 hoc
2208 2581 2339 2636 ergo
2380 2566 2580 2619 bellum
2613 2565 2959 2631 intestinum,
3017 2581 3048 2620 a
3077 2570 3215 2620 meis
3247 2565 3468 2636 quidem

1896 2658 2180 2722 fratribus,
2214 2658 2453 2713 inimicis
2485 2664 2667 2712 autem
2698 2673 2832 2713 meae
2866 2659 3076 2722 salutis,
3118 2659 3172 2712 in
3207 2674 3293 2713 me
3323 2663 3473 2714 esset

1897 2749 2216 2815 conﬂatum,
2273 2749 2415 2804 facta
2451 2764 2572 2804 sum
2621 2749 2779 2818 nigra
2826 2749 2970 2803 victa
3016 2751 3084 2805 ab
3116 2750 3378 2816 inimicis,
3413 2758 3472 2806 et

1894 2844 2110 2898 vineam
2142 2858 2316 2897 meam
2346 2858 2452 2897 non
2479 2841 2772 2897 cusnodivi.
2803 2841 3157 2912 lntelligenda
3183 2851 3474 2901 autemest

1895 2936 2052 2989 vinea
2086 2935 2226 2989 idem
2262 2933 2410 3004 quod
2444 2933 2758 3003 paradisus.
2786 2931 2921 2986 Nam
2951 2935 3063 2988 illic
3091 2949 3312 3006 quoque
3342 2935 3469 3004 jus-

1894 3041 1989 3080 sus
2011 3035 2097 3079 est
2130 3026 2294 3078 homo
2329 3025 2608 3079 custodire
2631 3025 2970 3094 paradisum.
3009 3024 3066 3079 In
3101 3027 3472 3082 custodiendo

1895 3130 2072 3172 autem
2108 3117 2435 3187 negligentia
2473 3117 2750 3171 hominem
2781 3117 3015 3172 exclusit
3037 3132 3067 3170 a
3099 3118 3378 3187 paradiso,
3408 3123 3466 3173 et

1893 3209 2074 3266 eﬂ‘ecit
2093 3218 2152 3262 ut
2175 3209 2382 3263 habitet
2403 3207 2468 3262 ad
2495 3207 2838 3262 occidentem
2861 3209 3132 3263 abductus
3150 3209 3216 3263 ab
3232 3210 3467 3265 oriente.

1893 3301 2188 3371 Propterea
2239 3297 2458 3353 occasui
2508 3305 2732 3367 apparet
2775 3298 2982 3354 oriens.
3027 3296 3253 3353 Cantate
3297 3299 3470 3364 enim.

1894 3393 2092 3462 inquit,
2135 3390 2383 3453 Domino,
2437 3391 2528 3460 qui
2572 3390 2807 3444 ascendit
2841 3406 2992 3458 super
3021 3407 3266 3444 occasum
3291 3392 3358 3458 ’⁸,
3402 3397 3466 3445 ut

1893 3502 2016 3541 cum
2049 3486 2142 3539 lui
2186 3485 2428 3540 tenebris
2465 3485 2728 3549 illuxerit,
2769 3499 2799 3537 a
2848 3484 3001 3538 radio
3035 3491 3472 3539 transmutentur

1893 3575 2151 3637 tenebrae,
2203 3581 2258 3628 et
2312 3572 2405 3626 ﬁat
2455 3587 2651 3626 rursus
2694 3571 2922 3641 pulchra
2967 3587 3090 3640 quae
3131 3578 3249 3626 erat
3287 3570 3472 3638 nigra.

1893 3663 2046 3731 Quod
2080 3671 2260 3718 autem
2300 3661 2354 3715 in
2387 3663 2624 3716 dictione
2669 3677 2794 3714 cum
2844 3676 3008 3716 sensu
3045 3662 3266 3714 invento
3317 3660 3470 3715 vide-

1893 3762 1983 3808 tur
2009 3767 2116 3807 non
2158 3751 2452 3813 cohaerere,
2478 3752 2529 3805 id
2565 3751 2668 3804 hoc
2709 3751 2870 3805 modo
2913 3753 3108 3820 poterit
3135 3748 3418 3802 conciliari
3451 3766 3466 3802 :

1891 3845 1998 3906 Me,
2033 3839 2231 3914 inquit,
2270 3851 2556 3910 posuerunt
2608 3841 2877 3896 custodem
2923 3841 3106 3895 uineis.
3155 3834 3309 3900 Quod
3343 3835 3468 3905 qui-

1893 3934 2013 3986 dem
2045 3929 2267 4002 perinde
2289 3938 2392 3996 est,
2424 3937 2485 3983 ut
2520 3927 2664 4000 quod
2692 3927 2896 3982 dicitur
2922 3944 2935 3980 :
2981 3926 3278 3981 Posue'rnnt
3303 3925 3466 3979 Jeru-

1891 4025 2057 4078 salem
2087 4025 2140 4076 in
2175 4038 2449 4092 pomorum
2476 4022 2774 4076 custodiam
2801 4021 2868 4076 ³⁷.
2904 4017 3023 4072 Non
3059 4019 3202 4072 enim
3235 4019 3308 4071 illi
3347 4033 3468 4072 eam

1892 4113 2590 4170 constitueruntcustodem
2613 4111 2811 4166 divina:
2841 4110 3036 4171 vinea},
3072 4115 3133 4162 ut
3162 4123 3227 4163 ex
3257 4106 3466 4169 verbis,

1891 4223 2013 4277 quae
2039 4213 2168 4262 sunt
2221 4205 2274 4258 in
2311 4211 2590 4274 promptu,
2640 4209 2824 4272 posset
2872 4200 3138 4270 intelligi;
3197 4199 3292 4253 sed
3323 4196 3471 4252 Deus

1890 4298 2110 4368 quidem
2151 4303 2237 4351 est
2271 4295 2363 4370 qui
2411 4293 2715 4357 constituit,
2767 4291 2844 4346 illi
2885 4299 3064 4346 autem
3105 4289 3281 4344 solmn
3318 4288 3372 4342 in
3402 4302 3469 4342 ea

220 4400 418 4450 ἐκεῖνοι
445 4396 501 4449 δὲ
526 4397 862 4466 ἐμαχέσαντο
896 4394 1056 4464 μόνον
1077 4395 1135 4445 ὲν
1164 4393 1323 4461 αὐτῇ,
1356 4391 1449 4444 καὶ
1475 4390 1656 4442 ἔθεντο
1692 4389 1784 4441 αὐ·

1897 4397 2296 4461 pugnaverunt,
2330 4395 2385 4442 et
2425 4392 2724 4456 posuerunt
2757 4399 2876 4440 eam
2919 4391 3178 4451 tanquam
3210 4381 3469 4434 taberna-

219 4487 318 4557 τὴν
354 4485 429 4548 ὼς
468 4485 670 4556 σκηνὴν
697 4488 753 4536 ἐν
789 4482 1090 4553 ἀμπελῶνι,
1115 4481 1210 4533 καὶ
1244 4480 1318 4543 ὡς
1347 4477 1794 4548 ὀπωροφυλάκιον

220 4583 279 4632 ἐν
320 4579 648 4648 σικυηλάτῳ.
679 4577 790 4646 Τῆς
837 4575 946 4646 γὰρ
993 4573 1404 4643 φυλασσομένης
1447 4570 1668 4642 ὀπώρας
1708 4569 1798 4622 διὰ

219 4669 320 4738 τὴν
358 4669 643 4738 παρακοήν
683 4665 1034 4737 στερηθεῖσα,
1063 4664 1332 4734 ἄχρηστον
1360 4662 1538 4732 θέαμα
1565 4660 1800 4714 κατελεί-

222 4759 460 4829 φθη,τοῦ
484 4758 888 4829 φυλασσομένου
915 4758 972 4809 ἐν
999 4756 1134 4826 αὐτῇ
1166 4755 1240 4825 μὴ
1269 4755 1440 4817 ὄντος.
1471 4755 1580 4806 Καὶ
1609 4752 1796 4822 ἐπειδὴ

222 4854 374 4907 ἔθετο
405 4853 434 4904 6
463 4852 594 4914 Θεὸς
628 4850 910 4921 ἄνθρωπον
937 4847 1227 4920 ἐργάζεθαι
1259 4849 1353 4900 καὶ
1383 4847 1675 4915 φυλάσσειν
1702 4845 1793 4898 τὸν

222 4946 568 5016 παράδεισον,
593 4943 749 4996 τοῦτό
775 4959 935 5012 φησιν
956 4942 989 5011 ἡ
1009 4939 1218 5011 νύμφη,
1245 4940 1326 4992 ὃτι
1355 4937 1462 4992 Τοῦ
1486 4937 1620 4990 Θεοῦ
1655 4934 1792 5008 [τοῦ]

225 5036 453 5105 θεμένου
482 5035 580 5104 τὴν
612 5034 790 5103 ψυχήν
822 5051 921 5102 μου
947 5034 1027 5094 εἰς
1054 5031 1196 5100 ζωὴν
1227 5030 1364 5101 (ζωὴ
1395 5031 1504 5100 γάρ
1539 5025 1607 5100 ἦν
1641 5030 1674 5099 ή
1699 5027 1793 5081 τοῦ

227 5126 556 5198 παραδείσου
575 5125 775 5195 τρυφὴ,
791 5125 848 5175 ἐν
863 5117 907 5190 ᾧ
928 5123 1075 5176 ἔθετο
1094 5124 1122 5175 6
1137 5121 1266 5184 Θεὸς
1291 5123 1380 5173 τὸν
1401 5121 1682 5191 ἄνθρωπον
1704 5123 1794 5191 ἐρ-

226 5217 486 5289 γάζεσθαι
516 5217 610 5270 καὶ
640 5215 930 5284 φυλάσσειν
961 5214 1229 5284 αὐτὸν),οἱ
1253 5213 1437 5282 ἐχθροὶ
1459 5211 1792 5282 μετέστησαν

224 5310 391 5379 αὖτὴν
406 5310 469 5361 ἐκ
479 5308 577 5376 τῆς
599 5307 692 5359 τοῦ
712 5306 1040 5376 παραδείσου
1060 5303 1289 5375 τρυφῆς,
1305 5305 1384 5364 εἰς
1403 5302 1462 5354 τὸ
1476 5301 1796 5364 σπουδάζειν

226 5403 350 5472 περὶ
371 5401 461 5452 τὸν
481 5399 660 5453 αὐτῶν
679 5397 994 5467 ἀμπελῶνα,
1008 5388 1068 5448 οὗ
1088 5399 1116 5450 ὁ
1134 5396 1322 5466 βότρυς
1339 5395 1574 5464 γεωργεῖ
1589 5392 1688 5462 τὴν
1711 5411 1798 5445 πι-

225 5495 385 5566 κρίαν
398 5493 489 5545 καὶ
506 5494 539 5562 ἡ
556 5491 798 5560 σταφυλὴ
819 5490 918 5560 τὴν
944 5488 1127 5560 χολή-ν.
1158 5485 1406 5548 Τοιοῦτος
1419 5483 1675 5554 ἀμπελὼν
1701 5480 1800 5535 Σό·

307 5667 522 5726 Il’liom.
555 5683 652 5732 vn,
683 5667 754 5723 25
851 5665 893 5696 ⁸⁸
917 5663 1058 5724 Psal.
1099 5677 1265 5728 van,
1303 5661 1352 5712 5'.

1890 4485 2073 4538 culum
2121 4481 2177 4535 in
2215 4481 2395 4542 vinea,
2445 4487 2499 4533 et
2531 4485 2788 4547 tanquam
2839 4474 3114 4528 fructuum
3157 4470 3465 4526 custodiam

1891 4573 1945 4627 in
1966 4570 2371 4640 cucumerario.
2396 4567 2686 4622 Fructibus
2710 4565 2854 4620 enim
2888 4563 2981 4633 qui
3015 4559 3470 4616 custodiebantur

1892 4665 2102 4734 privata
2155 4669 2378 4731 propter
2420 4657 2867 4720 inobedientiam,
2925 4653 3114 4708 relicta
3149 4659 3232 4705 est
3277 4649 3471 4704 inutile

1893 4754 2288 4825 spectaculum,
2320 4766 2445 4804 cum
2488 4752 2542 4803 in
2574 4763 2638 4803 ca
2686 4763 2795 4801 non
2830 4751 2976 4800 esset
3019 4743 3071 4796 id
3111 4740 3254 4811 quod
3285 4750 3471 4794 custo-

1899 4847 2170 4902 diebatur.
2227 4842 2294 4896 Et
2327 4841 2582 4911 quoniam
2641 4838 2786 4893 "eus
2833 4835 3016 4907 posuit
3068 4832 3344 4886 hominem
3399 4829 3469 4883 ad

1898 4937 2234 5008 operandum
2268 4941 2321 4989 et
2349 4929 2766 4987 custodiendum
2802 4925 3142 4997 paradisum,
3198 4922 3301 4976 hoc
3328 4919 3465 4974 dixit

1897 5041 2130 5099 sponsa:
2165 5023 2300 5079 Cum
2332 5022 2474 5076 Deus
2504 5021 2737 5074 animam
2770 5032 2943 5072 meam
2989 5013 3260 5084 posuisset
3295 5009 3359 5062 ad
3386 5009 3467 5063 vi-

1900 5129 2047 5174 tam:
2083 5114 2290 5170 deliciae
2315 5113 2458 5168 enim
2504 5109 2741 5180 paradisi
2779 5107 2888 5160 vita
2919 5113 3056 5168 erat,
3097 5104 3149 5156 in
3179 5116 3290 5171 quo
3320 5103 3462 5154 Deus

1901 5207 2082 5279 posuit
2097 5204 2369 5258 hominem
2385 5200 2450 5254 ad
2469 5196 2802 5268 operandum
2821 5204 3006 5249 etcum
3021 5189 3462 5246 custodiendum:

1898 5297 2104 5355 inimici
2118 5311 2203 5350 me
2219 5294 2575 5348 traduxerunt
2589 5286 2875 5343 acustodia
2893 5285 3129 5356 paradisi
3147 5283 3212 5336 ad
3228 5281 3468 5338 studium

1899 5386 2208 5461 ponendum
2239 5384 2292 5438 in
2320 5385 2558 5446 vineam,
2589 5379 2748 5448 cujus
2781 5377 2972 5431 botrus
2993 5379 3216 5444 generat
3242 5385 3463 5461 amaro-

1901 5459 2037 5542 rem,
2063 5485 2117 5533 et
2138 5492 2237 5532 uva
2259 5476 2442 5532 bilem.
2463 5469 2739 5544 Ejusmodi
2754 5469 2912 5525 vinea
2925 5475 3040 5523 erat
3055 5463 3312 5522 Sodoma.
3331 5459 3466 5516 Tale

1441 5661 1478 5690 ¹⁷
1517 5659 1656 5712 Psal.
1690 5669 1918 5720 LXXVIII,
1954 5655 1998 5706 ι.
