3846 6220
341 204 449 263 799

1594 194 1655 251 S.
1679 186 2011 251 GREGORII
2040 182 2342 242 NYSSENI

3519 154 3639 212 εοο

343 325 684 376 sarmentum
724 315 1029 374 Gomorrba
1049 355 1065 379 ,
1099 329 1222 386 qua:
1248 313 1505 370 damnata
1534 320 1618 369 est
1644 324 1769 367 cum
1804 307 1910 363 So-
1939 344 1947 365 Α

2068 316 2150 371 μα
2175 294 2246 369 ἦν
2300 292 2523 363 τοιαύτη
2556 288 2825 386 κληματίς
2851 283 3129 386 Γόμορρα,
3214 273 3644 386 συγκαξαδξκα..

342 416 525 471 domis
550 454 567 480 ,
616 428 713 487 per
745 427 885 483 quas
924 412 1002 465 ira
1038 410 1340 465 draconum
1382 406 1805 464 immedicabilis
1848 404 1932 461 ef-

345 505 467 559 fusa
506 512 594 561 est
624 505 679 558 in
720 503 880 557 malis
908 501 1281 556 torcularibus
1314 497 1744 553 Sodomitarum.
1778 494 1932 550 Licet

343 606 527 653 autem
579 598 635 651 in
691 594 1022 650 hodiernum
1076 607 1252 662 usque
1298 590 1441 645 diem
1492 588 1678 644 videre
1729 589 1931 643 multos

347 685 606 741 homines
633 693 924 742 curatores
952 692 1007 739 et
1032 682 1291 739 custodes
1317 680 1591 763 ejusmodi
1620 682 1929 744 vinearum,

344 779 442 849 qui
481 778 779 849 diligenter
809 778 865 832 in
905 793 965 833 se
1005 792 1106 832 sua
1143 776 1273 829 vitia
1313 773 1671 837 custodiunt,
1707 775 1931 847 perinde

344 885 413 925 ac
439 870 487 925 si
520 870 750 924 timeant
789 884 857 923 ne
895 869 1101 925 malum
1141 866 1398 939 perdant.
1436 864 1607 920 Vides
1648 866 1932 935 improbos

346 960 611 1017 custodes
665 959 1024 1025 idololatrias,
1065 973 1187 1029 qua
1224 964 1517 1013 exercetur
1557 956 1613 1011 in
1652 955 1933 1026 impietate

346 1064 403 1111 et
433 1055 490 1112 in
520 1055 752 1110 avaritia
773 1096 791 1120 ,
825 1051 1289 1124 quemadmodum
1316 1051 1544 1121 vigilant
1573 1049 1629 1105 in
1659 1050 1931 1103 malorum

347 1147 633 1210 custodia,
684 1148 950 1203 damnum
994 1161 1119 1202 esse
1162 1145 1545 1201 existimantes
1584 1142 1791 1214 privari
1829 1143 1933 1196 ini-

346 1239 583 1312 quitate.
625 1237 686 1294 ln
726 1238 854 1293 aliis
882 1252 1105 1309 quoque
1131 1236 1260 1293 licet
1290 1236 1482 1291 videre
1511 1250 1609 1291 eos
1638 1234 1734 1305 qui
1774 1233 1931 1305 peni—

347 1365 442 1414 tus
480 1364 849 1426 susceperunt
887 1355 1220 1424 voluptatem
1250 1393 1266 1419 ,
1312 1360 1409 1408 aut
1445 1351 1797 1422 superbiam,
1838 1360 1935 1407 aut

351 1448 556 1504 fastum
575 1487 590 1510 ,
615 1457 709 1501 aut
735 1447 943 1517 aliquid
967 1446 1236 1516 ejusmodi
1260 1485 1274 1506 ,
1299 1444 1760 1515 quemadmodum
1782 1443 1934 1499 omni

350 1540 539 1596 studio
573 1555 638 1595 ea
704 1541 848 1593 mala
908 1541 1342 1608 amplectantur,
1387 1539 1599 1592 lucrum
1652 1552 1776 1591 esse
1828 1536 1935 1592 du-

2032 365 2221 446 σθεῖσα
2270 386 2557 456 Σοδόμοις,
2583 380 2652 434 δι’
2681 373 2757 432 ὧν
2798 379 2827 429 ό
2878 375 2987 428 τῶν
3031 370 3338 443 δρακόντων
3381 365 3565 435 θυμὸς
3604 366 3639 416 ὁ

2031 481 2247 545 ἀνίατος
2268 481 2327 532 ὲν
2346 480 2468 540 ταῖς
2489 474 2750 544 πονηραῖς
2770 470 2951 539 ληνοῖς
2973 466 3081 521 τῶν
3106 460 3413 534 Σοδομιτῶν
3451 458 3637 528 ὑπερ-

2032 571 2215 642 εχέθη.
2274 570 2431 622 Ἔστι
2476 565 2533 619 δὲ
2581 563 2675 617 καὶ
2712 561 2874 632 μέχρι
2916 556 3012 610 τοῦ
3057 554 3152 608 νῦν
3202 553 3312 605 τῶν
3357 548 3639 642 τοιούτων

2033 640 2373 735 ἀμπελώνων
2401 655 2736 729 ἐπιμελητάς
2757 671 2818 707 τε
2848 652 2944 705 καὶ
2972 647 3215 718 φύλακας
3233 645 3363 706 τοὺς

2031 734 2140 810 τῶν
2171 752 2471 823 ἀνθρώπων
2518 748 2667 809 ἰδεῖν,
2713 746 2764 798 οἳ
2808 740 3010 811 σπουδῇ
3041 738 3109 791 τὰ
3136 736 3282 807 πάθη
3320 736 3460 805 παρ’
3490 734 3631 823 εαυ-

2031 850 2143 910 τοῖς
2172 844 2452 915 τηροῦσιν.
2488 839 2677 907 ὥσπερ
2721 832 3019 894 δεδοικότες
3052 828 3127 899 μὴ
3168 826 3229 879 τὺ
3485 822 3639 915 ἀπε)⁸

2032 910 2280 992 λέσωσιν.
2339 933 2503 1002 Ὁρᾷς
2552 931 2676 989 τοὺς
2725 924 2996 995 πονηροὺς
3043 919 3143 989 τῆς
3173 910 3638 1002 εἰδωλολατρείιις

2036 1028 2302 1098 φύλακας,
2339 999 2535 1095 τῆς-τε
2569 1018 2711 1074 κατὰ
2757 1016 2856 1087 τὴν
2907 1011 3159 1065 ἀσέϐειαν
3185 1007 3280 1060 καὶ
3326 999 3638 1098 τῆς-κατά

2032 1092 2133 1191 τὴν
2163 1092 2482 1182 πλεονεξίαν
2515 1108 2932 1182 ἐνεργουμένης,
2964 1102 3080 1166 πῶς
3112 1092 3533 1191 ἐπαγρυπνξῦσξ
3557 1095 3637 1162 τῇ

2036 1184 2248 1282 φυλακῇ
2277 1207 2386 1262 τῶν
2424 1205 2630 1262 κακῶν,
2661 1200 2863 1272 ζημίαν
2897 1195 2957 1250 τὸ
2991 1191 3316 1282 στερηθῆναι
3359 1184 3638 1282 τῆς-ἀνο-

2038 1274 2164 1376 μίας
2201 1274 2529 1372 νομίζοντες.
2565 1294 2674 1349 Καὶ
2703 1292 2793 1344 ἐπὶ
2822 1290 2930 1341 τῶν
2958 1286 3131 1340 ἄλλων
3161 1278 3429 1376 ὡσαύτως
3455 1274 3642 1376 ἐστιν

2038 1366 2166 1450 ίδεῖν
2210 1366 2336 1456 τοὺς
2388 1392 2445 1443 ὲν
2492 1388 2643 1458 βάθει
2677 1379 3155 1455 παραδεξαμένους
3190 1373 3290 1444 τὴν
3317 1368 3547 1442 ἡδονὴν,
3593 1366 3639 1438 ἢ

2036 1482 2433 1555 ὑπερηφανίαν,
2486 1480 2518 1550 ἢ
2577 1477 2767 1545 τῦφον,
2815 1474 2849 1545 ἢ
2898 1470 3026 1525 ἀλλο
3083 1484 3137 1519 τι
3182 1464 3293 1555 τῶν
3335 1459 3639 1555 τοιούτων,

2037 1549 2161 1640 πῶς
2187 1549 2530 1645 περιέχονται
2563 1568 2652 1621 διά
2695 1567 2876 1633 πάσης
2908 1558 3151 1631 φυλακῆς
3195 1554 3303 1607 τῶν
3341 1549 3637 1645 meum,

348 1642 574 1698 centes,
605 1633 675 1688 ab
713 1632 1029 1702 hujusmodi
1066 1632 1213 1686 vitiis
1254 1645 1538 1701 nunquam
1581 1645 1774 1700 puram
1811 1644 1936 1684 esse

2068 1632 2230 1740 εέρδος
2261 1632 2585 1733 ’ποῖούμενοι
2632 1660 2694 1711 τὸ
2747 1656 3018 1728 μηδέποτε
3045 1650 3141 1721 τὴν
3377 1642 3495 1697 τῶν
3524 1657 3643 1740 παι

349 1727 618 1782 snimam.
648 1725 776 1782 Haec
802 1741 935 1797 ergo
965 1724 1129 1781 deﬂet
1158 1739 1387 1795 sponsa.
1419 1724 1647 1779 dicens:
1675 1722 1935 1793 Propter-

350 1834 417 1876 ea
477 1818 624 1874 facta
673 1835 796 1876 sum
858 1821 1055 1891 nigra,
1115 1819 1263 1890 quod
1325 1817 1534 1873 inimici
1588 1818 1834 1881 zizania,
1881 1824 1937 1872 et

362 1912 507 1967 mala
536 1920 727 1969 nostra
766 1925 1048 1969 sarmenta
1079 1911 1399 1967 custodiens
1430 1922 1483 1967 et
1525 1919 1722 1976 tuens,
1758 1925 1934 1964 meam

351 2006 570 2060 vineam
601 2020 713 2061 non
743 2006 1005 2062 custodii.
1035 2004 1081 2061 Ο
1114 2011 1353 2075 quantos
1382 2006 1586 2060 excitat
1617 2002 1847 2059 aﬂ‘ectus
1881 2004 1936 2057 in

354 2096 425 2151 iis
461 2097 556 2167 qui
584 2098 700 2152 acri
748 2113 915 2154 sensu
966 2098 1073 2154 ista
1111 2097 1464 2168 percipiunt:
1514 2094 1731 2150 Vineam
1767 2111 1939 2149 meum

353 2205 462 2243 non
518 2189 781 2245 custodivi
811 2191 832 2243 .'
859 2189 984 2245 “asc
1046 2205 1153 2244 vox
1200 2197 1285 2244 est
1337 2195 1527 2259 aperte
1572 2188 1934 2242 lamentatio:

355 2280 716 2347 lamentatio,
760 2297 885 2351 quae
915 2284 1310 2353 prophetarum
1345 2281 1583 2351 gemitus
1616 2288 1671 2334 ct
1700 2281 1939 2351 ejulatus

361 2382 545 2430 movet
592 2375 659 2430 ad
707 2375 1273 2430 commiserationem.
1329 2373 1617 2441 Quomodo
1664 2372 1807 2426 facta
1855 2380 1940 2425 est

356 2469 621 2525 meretrix
656 2468 854 2524 civitas
887 2468 1065 2525 ﬁdelis
1115 2468 1247 2523 Sion
1301 2469 1460 2537 plena
1492 2466 1753 2536 judicio?
1786 2464 1939 2532 Quo-

361 2560 524 2613 modo
558 2559 747 2615 relicta
777 2568 861 2615 est
900 2558 1005 2612 lilia
1048 2558 1177 2612 Sion
1216 2566 1478 2629 tanquam
1520 2557 1939 2612 tabernaculum

362 2650 416 2704 in
446 2650 643 2705 vinea?
665 2648 953 2717 Quomodo
980 2649 1122 2705 sedit
1144 2650 1261 2703 sola
1292 2650 1488 2703 civitas
1514 2650 1670 2719 plena
1707 2649 1938 2718 populo,

361 2742 654 2797 dominans
705 2742 759 2797 in
819 2742 1171 2813 regionibus,
1231 2740 1371 2795 facta
1409 2753 1493 2797 est
1544 2744 1648 2798 sub
1694 2742 1945 2797 tributo?

358 2834 651 2903 Quomodo
700 2836 1059 2890 obscuratum
1108 2846 1194 2890 est
1242 2850 1468 2898 aurum,
1515 2837 1805 2891 alteratum
1860 2842 1944 2890 est

362 2938 651 2999 argentum
710 2931 916 2985 bonum
954 2930 1044 2982 ἐἳ
1088 2928 1375 2995 Quomodo
1428 2928 1574 2983 facta
1626 2936 1711 2982 est
1745 2928 1939 2998 nigra,

2038 1732 2147 1814 θῶν
2186 1732 2545 1827 καθαρεῦσαι.
2595 1751 2778 1803 Ταῦτα
2810 1743 2901 1801 οὖν
2926 1747 2960 1816 ἡ
3006 1745 3194 1811 νύμφη
3225 1737 3519 1827 ὀδύρεται,
3540 1732 3637 1827 λέῗ

2036 1868 2209 1922 γουσα
2229 1889 2244 1913 ,
2279 1824 2361 1903 δτί
2414 1846 2513 1899 Διά
2542 1843 2702 1897 τοῦτο
2746 1839 3011 1908 ἐγενόμην
3046 1832 3295 1906 μέλαινα,
3336 1825 3539 1922 ἐπειδὴ
3563 1824 3643 1883 τὰ

2038 1919 2254 2011 ζιζάνια
2282 1939 2375 1994 τοῦ
2423 1935 2641 2008 ἐχθροῦ,
2688 1933 2782 1987 καὶ
2813 1930 2910 1991 τὰς
2941 1926 3182 1997 πονηρὰς
3209 1921 3392 1977 αὐτῶν
3419 1919 3641 2011 κλημα-

2037 2006 2185 2098 τίδας
2215 2006 2563 2102 φυλάσσουσα
2603 2041 2665 2078 τε
2694 2024 2789 2076 καὶ
2821 2018 3178 2090 περιέπουσα,
3207 2006 3638 2081 τὸνάμπελῶνι

2036 2126 2129 2179 τδν
2152 2101 2282 2196 ὲμδν
2314 2122 2413 2177 οὐκ
2439 2116 2701 2189 ἐφύλαξα.
2740 2112 2807 2167 Ὦ
2845 2109 3010 2163 πόσον
3042 2106 3183 2160 κινεῖ
3417 2101 3480 2154 ὲν
3502 2101 3640 2196 Δτοῖς

2038 2191 2370 2291 αἰσθητικῶς
2404 2212 2710 2273 ἐπαΐουσιν,
2757 2199 3109 2275 Ἀμπελῶνα
3156 2194 3308 2291 ἐμόν
3488 2191 3641 2291 ἐρξ-

2038 2282 2230 2377 λαξαέ
2279 2307 2484 2380 Θρῆνος
2538 2298 2796 2364 ἀντικρύς
2848 2298 2996 2349 ἐστιν
3041 2294 3075 2363 ὴ
3127 2288 3303 2385 quivi}:
3351 2286 3486 2349 τοὺς
3506 2282 3641 2385 ἑῶν

2040 2376 2338 2475 προφητῶν
2382 2376 2725 2462 στεναγμοὺς
2774 2386 2941 2441 κινῶν
2980 2385 3060 2448 είς
3088 2379 3457 2475 συμπάθειανΪ
3506 2376 3641 2436 Πῶς

2040 2472 2257 2564 ἐγένετο
2291 2490 2465 2560 πόρνη
2489 2489 2523 2558 ἡ
2557 2485 2711 2547 πόλις
2740 2480 2907 2551 πιστὴ
2940 2476 3078 2530 Σιὼν
3110 2473 3325 2545 πλήρης
3344 2472 3637 2564 κρίσεωςς

2041 2559 2166 2649 Πῶς
2194 2559 2523 2649 κατελείφθη
2561 2578 2594 2646 ἡ
2641 2574 2887 2641 θυγάτηρ
2918 2566 3055 2621 Σιὼν
3082 2566 3159 2629 ὡς
3197 2562 3375 2635 σκηνὴ
3422 2562 3485 2613 ἐν
3516 2559 3629 2649 ἀμ·-

2043 2647 2279 2737 πελῶνι;
2309 2647 2435 2732 Πῶς
2468 2647 2689 2720 ἐκάθισε
2723 2662 2859 2732 μόνη
2885 2661 2920 2729 ἡ
2962 2656 3137 2720 πόλις,
3171 2655 3206 2725 ἠ
3236 2647 3639 2722 πεπληθυμένη

2042 2768 2222 2835 λαῶν;
2271 2766 2513 2836 ἄρχουσα
2568 2757 2660 2810 ἐπὶ
2722 2751 2949 2825 χώραις,
3002 2747 3239 2818 ἐγενήθη
3296 2745 3380 2808 εἰς
3433 2742 3638 2836 φόρον

2046 2862 2170 2924 Πῶς
2195 2833 2500 2930 ἧμαυρώθη
2531 2851 2593 2904 τὸ
2622 2846 2866 2919 χρυσίον,
2896 2841 3163 2914 ἠλλοιώθη
3193 2835 3550 2930 τὸάργύριον
3580 2833 3645 2930 τδ

2045 2926 2285 3020 ἀγαθόν;
2320 2926 2446 3008 Πῶς
2476 2942 2690 3011 ἐγένετο
2722 2937 2971 3009 μέλαινα,
3024 2935 3059 3005 ὴ
3105 2932 3182 3002 τῷ
3223 2928 3470 2999 ἀληθινῷ
3500 2926 3642 3020 φωτι

361 3036 487 3097 quae
514 3036 640 3077 vera
674 3022 795 3075 luce
835 3023 1075 3092 primum
1129 3021 1409 3092 fulgebat?
1444 3020 1567 3075 Haec
1599 3022 1783 3074 omnia
1809 3060 1823 3083 ,
1858 3020 1941 3073 in—

2068 2997 2907 3116 συναναλὰμπουσας
2960 2997 3166 3081 Πάντα-
3192 2997 3384 3116 ταῦτα-

360 3113 521 3183 quit,
568 3113 701 3167 inibi
748 3114 891 3169 facta
943 3123 1106 3178 sunt,
1163 3115 1293 3184 quia
1339 3113 1557 3167 vineam
1607 3127 1784 3166 meam
1832 3129 1941 3166 non

362 3203 628 3259 custodii.
662 3203 836 3260 Vinea
870 3217 956 3260 est
994 3205 1417 3269 immortalitas,
1445 3205 1606 3259 vinea
1641 3215 1725 3259 est
1772 3206 1945 3274 impa-

363 3298 634 3363 tibilitas,
696 3308 750 3353 et
807 3297 916 3353 Deo
971 3299 1337 3361 assimilatio,
1384 3306 1439 3352 et
1489 3298 1560 3352 ab
1608 3298 1756 3351 omni
1804 3299 1949 3352 malo

368 3389 651 3443 alienatio.
690 3388 867 3459 Hujus
902 3389 1074 3443 vineae
1106 3387 1322 3442 fructus
1352 3396 1437 3443 est
1470 3388 1700 3458 puritas.
1741 3387 1839 3441 llic
1866 3397 1952 3443 est

368 3481 698 3553 Splendidus
736 3480 1078 3550 pulcherque
1106 3488 1161 3535 et
1195 3488 1446 3536 maturus
1478 3480 1568 3533 ille
1604 3481 1823 3543 botrus,
1856 3480 1949 3551 qui

371 3574 709 3646 peculiarem
753 3582 800 3628 el
849 3573 1108 3629 eximiam
1164 3572 1396 3628 formam
1448 3589 1558 3642 prie
1606 3590 1664 3629 se
1718 3574 1852 3639 fert,
1899 3585 1954 3629 et

372 3664 629 3719 castitate
679 3662 873 3718 dulces
922 3662 1104 3717 reddit
1153 3679 1353 3719 sensus
1393 3666 1610 3719 animae.
1652 3664 1953 3735 Capro-olus

372 3755 547 3809 vinea:
572 3761 656 3809 est
684 3768 809 3807 cum
844 3753 954 3806 vita
989 3760 1190 3808 aeterna
1227 3754 1542 3822 conjunctio
1576 3766 1629 3810 et
1657 3760 1953 3815 connexio.

375 3843 773 3901 Excresceutes
805 3844 1055 3915 palmites
1078 3885 1093 3909 ,
1128 3855 1256 3902 sunt
1291 3848 1549 3905 virtutum
1578 3850 1954 3914 celsitudines,

373 3954 500 4008 qua:
538 3937 852 3993 ascendunt
905 3953 1081 4008 usque
1132 3939 1197 3992 ad
1244 3940 1564 3996 altitudines
1613 3944 1952 4011 angelorum.

376 4029 529 4085 Folia
569 4039 748 4087 autem
784 4046 905 4100 qua:
932 4030 1312 4100 germinaruut
1337 4073 1351 4093 ,
1384 4040 1439 4086 et
1468 4048 1588 4103 quae
1621 4034 1807 4102 quieto
1845 4035 1960 4103 spi-

377 4124 490 4178 ritu
528 4123 758 4193 pulchre
796 4123 853 4177 in
894 4124 1066 4178 ramis
1107 4126 1450 4194 quatiuntur,
1500 4135 1631 4182 sunt
1672 4128 1958 4197 multiplex

378 4214 691 4268 divinarum
717 4214 983 4268 virtutum
1012 4224 1273 4277 ornatus,
1307 4232 1430 4283 quae
1459 4216 1623 4270 simul
1650 4212 1961 4287 germinant

379 4319 506 4358 cum
540 4306 757 4375 spiritu.
794 4303 918 4360 llaec
946 4305 1131 4359 omnia
1163 4307 1452 4376 possidens
1472 4347 1488 4372 ,
1525 4319 1581 4363 et
1609 4324 1733 4362 cum
1765 4324 1956 4365 eorum

384 4395 647 4454 fruitioue
688 4399 977 4469 gloriarer,
1025 4408 1313 4469 propterea
1364 4401 1514 4469 quod
1568 4402 1785 4457 vineam
1847 4417 1958 4457 non

377 4491 695 4554 custodivi,
745 4490 893 4546 facta
948 4507 1069 4547 sum
1126 4493 1320 4563 nigra,
1358 4502 1415 4548 et
1452 4493 1588 4547 vitio
1633 4509 1664 4548 a
1720 4495 1960 4564 puritate

383 4588 536 4658 lapsa
557 4625 574 4651 ,
612 4587 843 4641 formam
875 4587 1031 4641 indui
1067 4597 1242 4642 atram
1269 4596 1324 4642 et
1349 4589 1775 4646 tenebricosam.
1813 4591 1962 4650 Talis

380 4675 528 4732 enim
553 4677 742 4731 forma:
762 4684 848 4731 est
866 4678 1052 4731 tunica
1076 4666 1323 4747 pellicea.
1344 4677 1503 4735 Nunc
1527 4689 1710 4737 autem
1738 4693 1963 4755 propter

384 4767 774 4824 rectitudinem
796 4783 918 4838 quae
945 4784 1031 4824 me
1059 4785 1253 4826 rursus
1274 4770 1484 4834 dilexit,
1510 4771 1703 4828 eﬂ‘ecta
1734 4775 1963 4844 pulchra

383 4867 439 4914 et
478 4859 790 4925 luminosa,
828 4868 1140 4931 suspectam
1189 4861 1364 4917 balteo
1413 4879 1588 4919 meam
1628 4867 1966 4936 prosperita-

387 4961 521 5015 tem,
551 4968 621 5008 ne
651 4967 847 5009 rursus
875 4953 1101 5024 perdam
1131 4954 1622 5024 pulchritudinem,
1664 4973 1762 5028 per
1801 4959 1964 5030 igno-

387 5045 623 5101 rantiam
643 5060 753 5101 non
772 5056 1024 5102 assecuta
1041 5047 1262 5102 modum
1278 5049 1402 5119 ejus
1425 5055 1545 5105 tuto
1561 5050 1959 5108 custodiendae.

459 5138 757 5210 Propterea
814 5154 1043 5197 cessans
1099 5140 1249 5211 loqui
1308 5156 1433 5196 cum
1499 5141 1968 5207 adolescentulis,

389 5231 535 5286 votis
591 5238 816 5286 revocat
855 5247 1156 5303 sponsum,
1191 5233 1241 5288 ei
1281 5249 1443 5303 quem
1484 5234 1833 5291 desiderabat
1870 5251 1973 5291 no-

390 5321 540 5378 mine
566 5321 739 5379 indito
766 5339 833 5379 ex
866 5339 967 5379 sua
999 5325 1055 5379 in
1086 5324 1267 5398 ipsum
1304 5325 1616 5385 allectione.
1650 5327 1793 5395 Quid
1824 5328 1972 5385 enim

390 5411 574 5471 dicit?
630 5413 896 5471 Renuntia
946 5418 1098 5482 mihi.
1148 5435 1302 5490 quem
1336 5418 1516 5491 diligit
1582 5423 1764 5476 anima
1813 5438 1966 5488 mea,

389 5502 485 5559 sibi
516 5521 728 5575 pascas,
781 5508 871 5563 ubi
901 5509 1058 5565 cubes
1105 5510 1161 5565 in
1212 5512 1471 5567 meridie:
1503 5530 1565 5568 ne
1588 5513 1798 5585 quando
1845 5515 1974 5585 [iam

479 5687 526 5720 ¹⁶
546 5685 752 5769 Thren.
778 5702 844 5755 ιι,
877 5688 902 5743 1
937 5702 1060 5758 sqq.

2050 3154 2161 3210 μοι,
2190 3108 2378 3205 φησιν,
2407 3130 2488 3182 ὅτι
2517 3127 2607 3179 τὸν
2638 3120 2935 3194 ἀμπελῶνα
2967 3119 3060 3172 τὸν
3088 3115 3220 3210 ὲμδν
3238 3115 3343 3210 ούκ

2060 3204 2343 3299 Ἃμπελών
2388 3224 2535 3275 ἐστιν
2569 3221 2603 3289 ἡ
2650 3214 2950 3270 ἀθανασία·
2986 3209 3247 3285 ἀμπελὼν
3282 3209 3318 3279 ἠ
3373 3204 3645 3299 ἀπάθεια,

2048 3296 2145 3377 και
2169 3323 2202 3392 ἡ
2253 3318 2389 3390 πρὸς
2435 3315 2495 3367 τὸ
2516 3314 2668 3369 Θεῖον
2694 3308 2952 3381 ὁμοίωσις
2972 3347 2986 3370 ,
3019 3304 3114 3359 καὶ
3157 3303 3195 3374 ἠ
3469 3296 3647 3392 κακῶ

2049 3386 2418 3479 ἀλλοτρίωσις.
2451 3400 2653 3455 Τούτου
2681 3396 2775 3450 τοῦ
2804 3393 3128 3467 ἀμπελῶνος
3154 3388 3369 3479 καρπὸς
3398 3386 3651 3479 ﬁscina--

2055 3475 2235 3572 96mg,
2284 3498 2312 3550 ὁ
2346 3490 2598 3564 λαμπρὸς
2648 3479 2804 3550 οὗτος
2834 3486 2927 3541 καὶ
2955 3482 3164 3554 ὥριμος
3193 3478 3412 3572 ﬁdem“,
3436 3475 3485 3572 6Δ
3508 3475 3650 3572 ιδιξ-

2053 3566 2266 3659 ξων-τῷ
2310 3585 2440 3639 εἴδει
2469 3583 2563 3636 καὶ
2594 3575 3040 3646 καταγλυκαίνων
3084 3574 3142 3626 ὲν
3185 3568 3379 3641 ἁγνείᾳ
3422 3566 3500 3622 τά
3543 3567 3651 3638 τῆς

2053 3681 2230 3753 ψυχῆς
2262 3676 2612 3747 αἰσθητήρια.
2657 3669 2810 3733 Ἔλιξ
2838 3668 2895 3721 δὲ
2931 3663 3026 3720 τοῦ
3054 3661 3398 3753 ἀμπελῶνος,
3429 3661 3469 3734 ἡ
3510 3659 3655 3753 apo;

2188 3750 2368 3825 ἀΐδιον
2407 3767 2551 3837 ζωὴν
2602 3760 2905 3833 περιπλοκὴ
2949 3774 3012 3812 τε
3062 3755 3159 3810 καί⁵
3191 3751 3480 3825 συμφυῒαο
3516 3750 3656 3822 κλή-

2060 3845 2205 3939 ματα
2258 3862 2316 3917 δὲ
2359 3859 2698 3928 αὐξανόμενα
2722 3896 2736 3919 ,
2790 3854 2858 3907 τὰ
2892 3852 3000 3906 τῶν
3043 3848 3256 3923 ἀρετῶν
3297 3850 3461 3939 ἔστιν
3498 3845 3657 3917 Matii-

2061 3938 2209 4033 ματα
2240 3955 2376 4027 πρὸς
2418 3953 2478 4005 τὸ
2527 3949 2658 4020 ὕψος
2700 3947 2806 4001 τῶν
2850 3943 3100 4012 ἀγγέλων
3143 3938 3622 4033 ἀναδενδρού
3639 3956 3652 3975 ο

2061 4029 2235 4122 φύλλα
2263 4047 2319 4101 δὲ
2346 4045 2606 4115 τεθηλότα
2650 4041 2744 4094 καὶ
2789 4036 2868 4108 τῷ
2915 4034 3167 4107 ἠρεμαίῳ
3214 4029 3490 4122 πνεύματι
3517 4029 3655 4100 γλαο

2062 4121 2248 4215 φυρῶς
2293 4143 2405 4201 τοῖς
2441 4135 2657 4196 κλάδοις
2709 4128 3082 4199 ὲπισειόμενα,
3130 4126 3161 4179 ό
3207 4121 3501 4215 πολυειδὴς

2062 4213 2222 4292 θείων
2248 4231 2458 4304 ἀρετῶν
2494 4228 2696 4297 κόσμος
2730 4223 2867 4287 ἐστὶ,
2895 4220 3003 4274 τῶν
3042 4214 3557 4273 συναναθαλλόντων
3579 4213 3657 4285 τῷ

1989 4356 2039 4418 D
2065 4325 2363 4395 πνεύματι.
2393 4320 2580 4373 Ταῦτα
2614 4317 2792 4370 πάντα
2822 4306 3474 4418 κεκτημένη,ςφησὶ,ὶκαὶ
3496 4306 3655 4418 :1

2060 4415 2358 4475 ἀπολαύσει
2386 4412 2589 4466 τούτων
2617 4403 3070 4479 λαμπρυνομένη,
3102 4399 3191 4454 διὰ
3218 4399 3280 4454 τὸ
3312 4397 3391 4471 μὴ
3419 4396 3658 4469 φυλάξαι

2056 4513 2146 4566 τδν
2201 4505 2519 4580 ἀμπελῶνα,
2554 4496 2964 4569 κατεμελὰνθην
3005 4493 3084 4564 τῷ
3149 4490 3339 4580 πένθει
3359 4507 3377 4522 ο
3411 4490 3519 4562 τῆς
3546 4489 3658 4561 γὰρ

2058 4578 2426 4670 καθαρότητος
2478 4591 2811 4655 ἐκπεσοῦσα,
2845 4588 2907 4642 τὸ
2943 4583 3181 4655 ζοφῶδες
3224 4578 3368 4647 εἶδος
3398 4580 3660 4639 amamus-

2063 4668 2481 4767 pnv._TOtOC‘=O;
2528 4686 2639 4757 γὰρ
2682 4683 2762 4753 τῷ
2803 4679 2933 4733 εῐδει
2979 4677 3010 4730 ό
3055 4673 3281 4767 χιτὼνό
3303 4668 3656 4767 δερμάτινος,

2069 4760 2187 4839 Νύν
2206 4781 2265 4836 δὲ
2288 4780 2378 4834 διὰ
2403 4779 2501 4849 τὴν
2530 4770 2895 4850 ἀγαπήσασάν
2920 4785 2988 4841 με
3008 4765 3171 4823 πάλιν
3195 4763 3497 4845 εύθύτηιιιαζ
3512 4760 3658 4851 καλή

2069 4891 2132 4929 τε
2177 4872 2273 4926 καὶ
2303 4865 2593 4939 φωτοειδὴς
2620 4863 2909 4934 γενομένη,
2962 4854 3255 4912 ὑποπτεύω
3300 4852 3406 4927 τὴν
3452 4852 3658 4933 stium;-

2074 4966 2197 5038 ρίαν
2216 5004 2232 5030 ,
2260 4962 2334 5033 μὴ
2357 4960 2519 5013 πάλιν
2544 4955 2795 5010 ἀπολέσω
2818 4951 2880 5006 τὸ
2902 4949 3099 5012 κάλλος
3113 4988 3130 5009 ,
3372 4942 3489 5038 τος,
3513 4945 3661 5005 κατά

2073 5036 2171 5131 τὴν
2196 5052 2495 5123 ἀσφάλειαν
2516 5046 2740 5120 τρόπον,
2765 5043 2894 5117 περὶ
2915 5041 3013 5113 τὴν
3034 5036 3284 5111 φυλακὴν

2137 5147 2238 5201 Διὰ
2270 5144 2428 5198 τοῦτο
2453 5135 2828 5195 καταλιποῦσα
2853 5134 2945 5188 τὸν
2984 5132 3123 5205 πρὸς
3148 5131 3255 5195 τὰς
3277 5129 3531 5195 νεάνιδας
3558 5129 3661 5211 λβ-

2068 5256 2183 5309 γον.
2221 5236 2384 5291 πάλιν
2427 5233 2494 5286 δι’
2539 5229 2703 5301 εὐχῆς
2746 5224 3006 5281 ἀνακαλεῖ
3052 5222 3144 5278 τὸν
3175 5221 3433 5307 νυμφίον,
3479 5214 3660 5303 59011.6

2071 5308 2412 5399 ποιησαμένη
2443 5322 2537 5377 τοῦ
2573 5316 2910 5390 ποθουμένου
2943 5316 3044 5388 τὴν
3092 5312 3231 5385 πρὸς
3273 5308 3662 5397 αὖὼνιέᾔιά.

2072 5422 2225 5477 θετον
2256 5418 2460 5491 σχέσιν.
2493 5414 2560 5468 Τί
2606 5406 2718 5483 γάρ
2747 5424 2949 5481 φησινς
3008 5403 3404 5476 Ἀπάγτειηῑόν
3416 5418 3545 5472 μοι,
3587 5400 3662 5457 ὃν

2079 5514 2397 5588 ’ἠγάπησεν
2434 5511 2472 5578 ἡ
2520 5502 2693 5576 ψυχή
2720 5518 2863 5573 μου,
2898 5497 3018 5553 ποῦ
3051 5497 3405 5566 ποιμαίνεις,
3453 5492 3491 5562 ἢ
3540 5493 3659 5548 κοῦ
