  <div class='ocr_page' id='page_1' title='image "/cluster/home/n/w/nwhite01/storage/ocr_20150623/44/nnc1.0037127462/412.png"; bbox 0 0 3846 6220; ppageno 0'>
   <div class='ocr_carea' id='block_1_1' title="bbox 173 339 275 392">
    <p class='ocr_par' dir='ltr' id='par_1_1' title="bbox 173 339 275 392">
     <span class='ocr_line' id='line_1_1' title="bbox 173 339 275 392; baseline 0.02 -2"><span class='ocrx_word' id='word_1_1' title='bbox 173 339 275 392; x_wconf 78' lang='lat' dir='ltr'>8M</span> 
     </span>
    </p>
   </div>
   <div class='ocr_carea' id='block_1_2' title="bbox 1241 317 2367 385">
    <p class='ocr_par' dir='ltr' id='par_1_2' title="bbox 1241 317 2367 385">
     <span class='ocr_line' id='line_1_2' title="bbox 1241 317 2367 385; baseline 0.003 -3"><span class='ocrx_word' id='word_1_2' title='bbox 1241 322 1626 384; x_wconf 73' lang='lat' dir='ltr'><strong>INCANTICA</strong></span> <span class='ocrx_word' id='word_1_3' title='bbox 1657 317 1926 382; x_wconf 67' lang='lat' dir='ltr'><strong>CANTIC.</strong></span> <span class='ocrx_word' id='word_1_4' title='bbox 1973 320 2258 383; x_wconf 71' lang='lat' dir='ltr'><strong>HOMILIA</strong></span> <span class='ocrx_word' id='word_1_5' title='bbox 2303 328 2367 385; x_wconf 88' lang='lat' dir='ltr'><strong>ll.</strong></span> 
     </span>
    </p>
   </div>
   <div class='ocr_carea' id='block_1_3' title="bbox 3338 324 3448 392">
    <p class='ocr_par' dir='ltr' id='par_1_3' title="bbox 3338 324 3448 392">
     <span class='ocr_line' id='line_1_3' title="bbox 3338 324 3448 392; baseline 0.018 -2"><span class='ocrx_word' id='word_1_6' title='bbox 3338 324 3448 392; x_wconf 61' lang='lat'><strong>8&#39;09</strong></span> 
     </span>
    </p>
   </div>
   <div class='ocr_carea' id='block_1_4' title="bbox 173 445 1755 518">
    <p class='ocr_par' dir='ltr' id='par_1_4' title="bbox 173 445 1755 518">
     <span class='ocr_line' id='line_1_4' title="bbox 173 445 1755 518; baseline -0.004 -16"><span class='ocrx_word' id='word_1_7' title='bbox 173 448 462 514; x_wconf 70' lang='grc' dir='ltr'>κοιτὰᾰεις</span> <span class='ocrx_word' id='word_1_8' title='bbox 521 449 592 501; x_wconf 77' lang='grc' dir='ltr'><strong>ἐν</strong></span> <span class='ocrx_word' id='word_1_9' title='bbox 645 447 1020 518; x_wconf 75' lang='grc' dir='ltr'>μεσημϐρίᾳο</span> <span class='ocrx_word' id='word_1_10' title='bbox 1079 445 1315 516; x_wconf 77' lang='grc' dir='ltr'>μήποτε</span> <span class='ocrx_word' id='word_1_11' title='bbox 1371 445 1626 516; x_wconf 79' lang='grc' dir='ltr'><strong>γένωμαι</strong></span> <span class='ocrx_word' id='word_1_12' title='bbox 1679 445 1755 510; x_wconf 88' lang='grc' dir='ltr'>ὠς</span> 
     </span>
    </p>
   </div>
   <div class='ocr_carea' id='block_1_5' title="bbox 1859 445 3444 518">
    <p class='ocr_par' dir='ltr' id='par_1_5' title="bbox 1863 445 3444 515">
     <span class='ocr_line' id='line_1_5' title="bbox 1863 445 3444 515; baseline 0.003 -19"><span class='ocrx_word' id='word_1_13' title='bbox 1863 452 2119 513; x_wconf 86' lang='lat' dir='ltr'><strong>tanquam</strong></span> <span class='ocrx_word' id='word_1_14' title='bbox 2179 445 2376 498; x_wconf 83' lang='lat' dir='ltr'><strong>amicta</strong></span> <span class='ocrx_word' id='word_1_15' title='bbox 2441 445 2496 498; x_wconf 78' lang='lat' dir='ltr'><strong>in</strong></span> <span class='ocrx_word' id='word_1_16' title='bbox 2559 445 2801 515; x_wconf 73' lang='lat' dir='ltr'><strong>gregibus</strong></span> <span class='ocrx_word' id='word_1_17' title='bbox 2869 454 3135 501; x_wconf 73' lang='lat' dir='ltr'><strong>sationum</strong></span> <span class='ocrx_word' id='word_1_18' title='bbox 3209 453 3444 501; x_wconf 81' lang='lat' dir='ltr'><strong>tuorum.</strong></span> 
     </span>
    </p>
   </div>
   <div class='ocr_carea' id='block_1_6' title="bbox 174 537 1757 610">
    <p class='ocr_par' dir='ltr' id='par_1_6' title="bbox 174 537 1757 610">
     <span class='ocr_line' id='line_1_6' title="bbox 174 537 1757 610; baseline -0.002 -17"><span class='ocrx_word' id='word_1_19' title='bbox 174 542 660 610; x_wconf 70' lang='grc' dir='ltr'>..περιϐαλλομένη</span> <span class='ocrx_word' id='word_1_20' title='bbox 707 541 800 593; x_wconf 83' lang='grc' dir='ltr'><strong>ἐπ’</strong></span> <span class='ocrx_word' id='word_1_21' title='bbox 856 539 1104 610; x_wconf 78' lang='grc' dir='ltr'><strong>ἀγέλαις</strong></span> <span class='ocrx_word' id='word_1_22' title='bbox 1158 537 1278 592; x_wconf 74' lang='grc' dir='ltr'><strong>τῶν</strong></span> <span class='ocrx_word' id='word_1_23' title='bbox 1319 538 1568 606; x_wconf 81' lang='grc' dir='ltr'>ἑταίρων</span> <span class='ocrx_word' id='word_1_24' title='bbox 1620 553 1757 590; x_wconf 88' lang='grc' dir='ltr'>σου.</span> 
     </span>
    </p>
   </div>
   <div class='ocr_carea' id='block_1_7' title="bbox 174 627 1760 705">
    <p class='ocr_par' dir='ltr' id='par_1_7' title="bbox 174 627 1760 705">
     <span class='ocr_line' id='line_1_7' title="bbox 174 627 1760 705; baseline -0.005 -18"><span class='ocrx_word' id='word_1_25' title='bbox 174 633 287 687; x_wconf 86' lang='grc' dir='ltr'>Ποῦ</span> <span class='ocrx_word' id='word_1_26' title='bbox 318 634 650 705; x_wconf 87' lang='grc' dir='ltr'>ποιμαίνεις,</span> <span class='ocrx_word' id='word_1_27' title='bbox 684 634 713 686; x_wconf 86' lang='grc' dir='ltr'>ὁ</span> <span class='ocrx_word' id='word_1_28' title='bbox 756 633 962 704; x_wconf 81' lang='grc' dir='ltr'>ποιμὴν</span> <span class='ocrx_word' id='word_1_29' title='bbox 988 633 1017 686; x_wconf 89' lang='grc' dir='ltr'><strong>ό</strong></span> <span class='ocrx_word' id='word_1_30' title='bbox 1049 629 1232 696; x_wconf 84' lang='grc' dir='ltr'>καλὸς,</span> <span class='ocrx_word' id='word_1_31' title='bbox 1262 631 1292 683; x_wconf 87' lang='grc' dir='ltr'><strong>ό</strong></span> <span class='ocrx_word' id='word_1_32' title='bbox 1323 631 1490 700; x_wconf 87' lang='grc' dir='ltr'>αίρων</span> <span class='ocrx_word' id='word_1_33' title='bbox 1517 628 1610 681; x_wconf 80' lang='grc' dir='ltr'><strong>ἐπὶ</strong></span> <span class='ocrx_word' id='word_1_34' title='bbox 1652 627 1760 680; x_wconf 86' lang='grc' dir='ltr'>τῶν</span> 
     </span>
    </p>
   </div>
   <div class='ocr_carea' id='block_1_8' title="bbox 174 720 1761 796">
    <p class='ocr_par' dir='ltr' id='par_1_8' title="bbox 174 720 1761 796">
     <span class='ocr_line' id='line_1_8' title="bbox 174 720 1761 796; baseline -0.002 -20"><span class='ocrx_word' id='word_1_35' title='bbox 174 725 344 794; x_wconf 81' lang='grc' dir='ltr'>ὤμων</span> <span class='ocrx_word' id='word_1_36' title='bbox 377 725 496 779; x_wconf 80' lang='grc' dir='ltr'>ὅλον</span> <span class='ocrx_word' id='word_1_37' title='bbox 529 724 592 778; x_wconf 82' lang='grc' dir='ltr'>τὸ</span> <span class='ocrx_word' id='word_1_38' title='bbox 631 725 912 796; x_wconf 89' lang='grc' dir='ltr'>ποίμνιον;</span> <span class='ocrx_word' id='word_1_39' title='bbox 943 723 1002 776; x_wconf 85' lang='grc' dir='ltr'><strong>ἓν</strong></span> <span class='ocrx_word' id='word_1_40' title='bbox 1027 723 1136 794; x_wconf 89' lang='grc' dir='ltr'><strong>γάρ</strong></span> <span class='ocrx_word' id='word_1_41' title='bbox 1174 723 1290 775; x_wconf 77' lang='grc' dir='ltr'>ἐστι</span> <span class='ocrx_word' id='word_1_42' title='bbox 1319 721 1590 792; x_wconf 91' lang='grc' dir='ltr'>πρόϐατον</span> <span class='ocrx_word' id='word_1_43' title='bbox 1612 720 1761 774; x_wconf 77' lang='grc' dir='ltr'>πᾶσα</span> 
     </span>
    </p>
   </div>
   <div class='ocr_carea' id='block_1_9' title="bbox 173 810 1757 887">
    <p class='ocr_par' dir='ltr' id='par_1_9' title="bbox 173 810 1757 887">
     <span class='ocr_line' id='line_1_9' title="bbox 173 810 1757 887; baseline -0.003 -18"><span class='ocrx_word' id='word_1_44' title='bbox 173 817 207 886; x_wconf 85' lang='grc' dir='ltr'><strong>ἠ</strong></span> <span class='ocrx_word' id='word_1_45' title='bbox 260 815 582 886; x_wconf 79' lang='grc' dir='ltr'><strong>ἀνθρωπίνη</strong></span> <span class='ocrx_word' id='word_1_46' title='bbox 637 815 819 885; x_wconf 81' lang='grc' dir='ltr'><strong>φύσις,</strong></span> <span class='ocrx_word' id='word_1_47' title='bbox 872 816 940 887; x_wconf 84' lang='grc' dir='ltr'><strong>ἢν</strong></span> <span class='ocrx_word' id='word_1_48' title='bbox 984 814 1078 868; x_wconf 73' lang='grc' dir='ltr'><strong>ἐπὶ</strong></span> <span class='ocrx_word' id='word_1_49' title='bbox 1128 813 1238 867; x_wconf 84' lang='grc' dir='ltr'>τῶν</span> <span class='ocrx_word' id='word_1_50' title='bbox 1279 812 1444 883; x_wconf 80' lang='grc' dir='ltr'>ὤμων</span> <span class='ocrx_word' id='word_1_51' title='bbox 1481 810 1757 874; x_wconf 85' lang='grc' dir='ltr'>ἀνέλαϐες.</span> 
     </span>
    </p>
   </div>
   <div class='ocr_carea' id='block_1_10' title="bbox 175 902 1761 978">
    <p class='ocr_par' dir='ltr' id='par_1_10' title="bbox 175 902 1761 978">
     <span class='ocr_line' id='line_1_10' title="bbox 175 902 1761 978; baseline -0.003 -18"><span class='ocrx_word' id='word_1_52' title='bbox 175 907 367 972; x_wconf 80' lang='grc' dir='ltr'>Δείξόν</span> <span class='ocrx_word' id='word_1_53' title='bbox 423 925 511 978; x_wconf 87' lang='grc' dir='ltr'><strong>μοι</strong></span> <span class='ocrx_word' id='word_1_54' title='bbox 563 907 655 960; x_wconf 80' lang='grc' dir='ltr'><strong>τὸν</strong></span> <span class='ocrx_word' id='word_1_55' title='bbox 685 907 850 960; x_wconf 87' lang='grc' dir='ltr'>τόπον</span> <span class='ocrx_word' id='word_1_56' title='bbox 900 907 999 978; x_wconf 78' lang='grc' dir='ltr'>τῆς</span> <span class='ocrx_word' id='word_1_57' title='bbox 1044 905 1226 976; x_wconf 85' lang='grc' dir='ltr'><strong>χλόης,</strong></span> <span class='ocrx_word' id='word_1_58' title='bbox 1258 903 1524 975; x_wconf 87' lang='grc' dir='ltr'>γνὼρισόν</span> <span class='ocrx_word' id='word_1_59' title='bbox 1563 921 1652 974; x_wconf 90' lang='grc' dir='ltr'><strong>μοι</strong></span> <span class='ocrx_word' id='word_1_60' title='bbox 1701 902 1761 956; x_wconf 85' lang='grc' dir='ltr'><strong>τὸ</strong></span> 
     </span>
    </p>
   </div>
   <div class='ocr_carea' id='block_1_11' title="bbox 177 997 1762 1072">
    <p class='ocr_par' dir='ltr' id='par_1_11' title="bbox 177 997 1762 1072">
     <span class='ocr_line' id='line_1_11' title="bbox 177 997 1762 1072; baseline -0.003 -20"><span class='ocrx_word' id='word_1_61' title='bbox 177 999 324 1072; x_wconf 74' lang='grc' dir='ltr'>ὕδωρ</span> <span class='ocrx_word' id='word_1_62' title='bbox 351 1001 452 1072; x_wconf 84' lang='grc' dir='ltr'>τῆς</span> <span class='ocrx_word' id='word_1_63' title='bbox 485 999 864 1063; x_wconf 85' lang='grc' dir='ltr'>ἀναπαύσεως,</span> <span class='ocrx_word' id='word_1_64' title='bbox 895 998 1128 1068; x_wconf 79' lang='grc' dir='ltr'>ἐξάγαγὲ</span> <span class='ocrx_word' id='word_1_65' title='bbox 1159 1015 1228 1069; x_wconf 89' lang='grc' dir='ltr'><strong>με</strong></span> <span class='ocrx_word' id='word_1_66' title='bbox 1271 997 1408 1068; x_wconf 76' lang='grc' dir='ltr'>πρὸς</span> <span class='ocrx_word' id='word_1_67' title='bbox 1449 997 1546 1068; x_wconf 79' lang='grc' dir='ltr'>τὴν</span> <span class='ocrx_word' id='word_1_68' title='bbox 1573 997 1762 1066; x_wconf 84' lang='grc' dir='ltr'>τρόφι-</span> 
     </span>
    </p>
   </div>
   <div class='ocr_carea' id='block_1_12' title="bbox 179 1089 1761 1162">
    <p class='ocr_par' dir='ltr' id='par_1_12' title="bbox 179 1089 1761 1162">
     <span class='ocr_line' id='line_1_12' title="bbox 179 1089 1761 1162; baseline -0.001 -18"><span class='ocrx_word' id='word_1_69' title='bbox 179 1110 278 1162; x_wconf 85' lang='grc' dir='ltr'>μον</span> <span class='ocrx_word' id='word_1_70' title='bbox 320 1092 483 1158; x_wconf 87' lang='grc' dir='ltr'>πόαν,</span> <span class='ocrx_word' id='word_1_71' title='bbox 515 1089 742 1145; x_wconf 86' lang='grc' dir='ltr'>κάλεσόν</span> <span class='ocrx_word' id='word_1_72' title='bbox 773 1109 841 1162; x_wconf 93' lang='grc' dir='ltr'><strong>με</strong></span> <span class='ocrx_word' id='word_1_73' title='bbox 882 1092 947 1144; x_wconf 83' lang='grc' dir='ltr'>ὲκ</span> <span class='ocrx_word' id='word_1_74' title='bbox 972 1090 1065 1144; x_wconf 88' lang='grc' dir='ltr'>τοῦ</span> <span class='ocrx_word' id='word_1_75' title='bbox 1098 1091 1380 1160; x_wconf 83' lang='grc' dir='ltr'>ὀνόματος,</span> <span class='ocrx_word' id='word_1_76' title='bbox 1417 1089 1502 1142; x_wconf 79' lang='grc' dir='ltr'>ἵνα</span> <span class='ocrx_word' id='word_1_77' title='bbox 1544 1089 1761 1143; x_wconf 79' lang='grc' dir='ltr'><strong>ἀκούσω</strong></span> 
     </span>
    </p>
   </div>
   <div class='ocr_carea' id='block_1_13' title="bbox 173 1181 1760 1252">
    <p class='ocr_par' dir='ltr' id='par_1_13' title="bbox 173 1181 1760 1252">
     <span class='ocr_line' id='line_1_13' title="bbox 173 1181 1760 1252; baseline 0.001 -17"><span class='ocrx_word' id='word_1_78' title='bbox 173 1181 276 1252; x_wconf 81' lang='grc' dir='ltr'>τῆς</span> <span class='ocrx_word' id='word_1_79' title='bbox 309 1181 495 1252; x_wconf 78' lang='grc' dir='ltr'>φωνῆς</span> <span class='ocrx_word' id='word_1_80' title='bbox 526 1200 642 1247; x_wconf 90' lang='grc' dir='ltr'>σου,</span> <span class='ocrx_word' id='word_1_81' title='bbox 687 1181 798 1250; x_wconf 82' lang='grc' dir='ltr'>ἐγὼ</span> <span class='ocrx_word' id='word_1_82' title='bbox 839 1181 902 1235; x_wconf 77' lang='grc' dir='ltr'>τὸ</span> <span class='ocrx_word' id='word_1_83' title='bbox 933 1183 1025 1235; x_wconf 85' lang='grc' dir='ltr'>σὸν</span> <span class='ocrx_word' id='word_1_84' title='bbox 1053 1183 1326 1252; x_wconf 88' lang='grc' dir='ltr'>πρόϐατον</span> <span class='ocrx_word' id='word_1_85' title='bbox 1351 1199 1364 1213; x_wconf 87' lang='grc'><strong>·</strong></span> <span class='ocrx_word' id='word_1_86' title='bbox 1419 1182 1513 1234; x_wconf 74' lang='grc' dir='ltr'>καὶ</span> <span class='ocrx_word' id='word_1_87' title='bbox 1541 1182 1630 1245; x_wconf 89' lang='grc' dir='ltr'><strong>δός</strong></span> <span class='ocrx_word' id='word_1_88' title='bbox 1671 1200 1760 1252; x_wconf 88' lang='grc' dir='ltr'><strong>μοι</strong></span> 
     </span>
    </p>
   </div>
   <div class='ocr_carea' id='block_1_14' title="bbox 174 1273 1759 1346">
    <p class='ocr_par' dir='ltr' id='par_1_14' title="bbox 174 1273 1759 1346">
     <span class='ocr_line' id='line_1_14' title="bbox 174 1273 1759 1346; baseline 0.001 -20"><span class='ocrx_word' id='word_1_89' title='bbox 174 1274 261 1328; x_wconf 79' lang='grc' dir='ltr'><strong>διὰ</strong></span> <span class='ocrx_word' id='word_1_90' title='bbox 296 1278 400 1345; x_wconf 87' lang='grc' dir='ltr'><strong>τῆς</strong></span> <span class='ocrx_word' id='word_1_91' title='bbox 433 1275 620 1344; x_wconf 83' lang='grc' dir='ltr'><strong>φωνῆς</strong></span> <span class='ocrx_word' id='word_1_92' title='bbox 653 1291 745 1326; x_wconf 88' lang='grc' dir='ltr'><strong>σου</strong></span> <span class='ocrx_word' id='word_1_93' title='bbox 785 1273 882 1345; x_wconf 75' lang='grc' dir='ltr'>τὴν</span> <span class='ocrx_word' id='word_1_94' title='bbox 921 1274 1066 1346; x_wconf 82' lang='grc' dir='ltr'>ζωὴν</span> <span class='ocrx_word' id='word_1_95' title='bbox 1110 1273 1208 1345; x_wconf 83' lang='grc' dir='ltr'><strong>τὴν</strong></span> <span class='ocrx_word' id='word_1_96' title='bbox 1252 1274 1488 1328; x_wconf 86' lang='grc' dir='ltr'><strong>αἰώνιον.</strong></span> <span class='ocrx_word' id='word_1_97' title='bbox 1553 1275 1759 1342; x_wconf 62' lang='lat' dir='ltr'><strong>14:th-</strong></span> 
     </span>
    </p>
   </div>
   <div class='ocr_carea' id='block_1_15' title="bbox 173 1365 1760 1440">
    <p class='ocr_par' dir='ltr' id='par_1_15' title="bbox 173 1365 1760 1440">
     <span class='ocr_line' id='line_1_15' title="bbox 173 1365 1760 1440; baseline 0.003 -22"><span class='ocrx_word' id='word_1_98' title='bbox 173 1367 382 1434; x_wconf 74' lang='grc' dir='ltr'>γειλόν</span> <span class='ocrx_word' id='word_1_99' title='bbox 407 1384 530 1435; x_wconf 79' lang='grc' dir='ltr'>μοι,</span> <span class='ocrx_word' id='word_1_100' title='bbox 553 1365 625 1418; x_wconf 81' lang='grc' dir='ltr'><strong>ὃν</strong></span> <span class='ocrx_word' id='word_1_101' title='bbox 651 1365 970 1434; x_wconf 74' lang='grc' dir='ltr'>ἠγάπησεν</span> <span class='ocrx_word' id='word_1_102' title='bbox 1001 1367 1040 1434; x_wconf 81' lang='grc' dir='ltr'><em>ἠ</em></span> <span class='ocrx_word' id='word_1_103' title='bbox 1068 1365 1238 1436; x_wconf 68' lang='grc' dir='ltr'>ψυχή</span> <span class='ocrx_word' id='word_1_104' title='bbox 1280 1386 1421 1436; x_wconf 78' lang='grc' dir='ltr'>μου.</span> <span class='ocrx_word' id='word_1_105' title='bbox 1459 1367 1617 1421; x_wconf 77' lang='grc' dir='ltr'>Οὕτω</span> <span class='ocrx_word' id='word_1_106' title='bbox 1653 1369 1760 1440; x_wconf 90' lang='grc' dir='ltr'><strong>γάρ</strong></span> 
     </span>
    </p>
   </div>
   <div class='ocr_carea' id='block_1_16' title="bbox 177 1456 1761 1530">
    <p class='ocr_par' dir='ltr' id='par_1_16' title="bbox 177 1456 1761 1530">
     <span class='ocr_line' id='line_1_16' title="bbox 177 1456 1761 1530; baseline 0.004 -22"><span class='ocrx_word' id='word_1_107' title='bbox 177 1474 234 1509; x_wconf 89' lang='grc' dir='ltr'><strong>σε</strong></span> <span class='ocrx_word' id='word_1_108' title='bbox 260 1456 639 1526; x_wconf 77' lang='grc' dir='ltr'>κατονομάζω,</span> <span class='ocrx_word' id='word_1_109' title='bbox 671 1458 855 1528; x_wconf 77' lang='grc' dir='ltr'>ἐπειδὴ</span> <span class='ocrx_word' id='word_1_110' title='bbox 883 1459 944 1512; x_wconf 83' lang='grc' dir='ltr'>τὸ</span> <span class='ocrx_word' id='word_1_111' title='bbox 968 1458 1140 1529; x_wconf 73' lang='grc' dir='ltr'>ὄνομά</span> <span class='ocrx_word' id='word_1_112' title='bbox 1189 1476 1280 1511; x_wconf 89' lang='grc' dir='ltr'><strong>σου</strong></span> <span class='ocrx_word' id='word_1_113' title='bbox 1311 1460 1451 1530; x_wconf 83' lang='grc' dir='ltr'>ὑπὲρ</span> <span class='ocrx_word' id='word_1_114' title='bbox 1480 1462 1587 1513; x_wconf 81' lang='grc' dir='ltr'>πᾶν</span> <span class='ocrx_word' id='word_1_115' title='bbox 1613 1461 1761 1514; x_wconf 79' lang='grc' dir='ltr'>ἐστιν</span> 
     </span>
    </p>
   </div>
   <div class='ocr_carea' id='block_1_17' title="bbox 173 1547 1762 1622">
    <p class='ocr_par' dir='ltr' id='par_1_17' title="bbox 173 1547 1762 1622">
     <span class='ocr_line' id='line_1_17' title="bbox 173 1547 1762 1622; baseline 0.003 -23"><span class='ocrx_word' id='word_1_116' title='bbox 173 1547 367 1618; x_wconf 76' lang='grc' dir='ltr'>ὄνομα,</span> <span class='ocrx_word' id='word_1_117' title='bbox 400 1549 496 1600; x_wconf 80' lang='grc' dir='ltr'><strong>καὶ</strong></span> <span class='ocrx_word' id='word_1_118' title='bbox 525 1549 674 1620; x_wconf 83' lang='grc' dir='ltr'>πάσῃ</span> <span class='ocrx_word' id='word_1_119' title='bbox 696 1548 886 1621; x_wconf 83' lang='grc' dir='ltr'>λογικῇ</span> <span class='ocrx_word' id='word_1_120' title='bbox 912 1550 1070 1618; x_wconf 80' lang='grc' dir='ltr'>φύσει</span> <span class='ocrx_word' id='word_1_121' title='bbox 1095 1550 1368 1621; x_wconf 82' lang='grc' dir='ltr'>ἄφραστόν</span> <span class='ocrx_word' id='word_1_122' title='bbox 1399 1569 1457 1604; x_wconf 90' lang='grc' dir='ltr'>τε</span> <span class='ocrx_word' id='word_1_123' title='bbox 1487 1553 1580 1605; x_wconf 78' lang='grc' dir='ltr'><strong>καὶ</strong></span> <span class='ocrx_word' id='word_1_124' title='bbox 1619 1553 1762 1622; x_wconf 82' lang='grc' dir='ltr'>ἀχώ-</span> 
     </span>
    </p>
   </div>
   <div class='ocr_carea' id='block_1_18' title="bbox 178 1639 1762 1712">
    <p class='ocr_par' dir='ltr' id='par_1_18' title="bbox 178 1639 1762 1712">
     <span class='ocr_line' id='line_1_18' title="bbox 178 1639 1762 1712; baseline 0.017 -23"><span class='ocrx_word' id='word_1_125' title='bbox 178 1655 356 1709; x_wconf 84' lang='grc' dir='ltr'>ρητον.</span> <span class='ocrx_word' id='word_1_126' title='bbox 419 1641 630 1693; x_wconf 80' lang='grc' dir='ltr'>Οὐκοῦν</span> <span class='ocrx_word' id='word_1_127' title='bbox 685 1639 858 1710; x_wconf 78' lang='grc' dir='ltr'>ὄνομά</span> <span class='ocrx_word' id='word_1_128' title='bbox 909 1641 1026 1693; x_wconf 74' lang='grc' dir='ltr'><strong>ἐστι</strong></span> <span class='ocrx_word' id='word_1_129' title='bbox 1090 1641 1447 1711; x_wconf 81' lang='grc' dir='ltr'>γνωριστικὺν</span> <span class='ocrx_word' id='word_1_130' title='bbox 1507 1643 1604 1712; x_wconf 69' lang='grc' dir='ltr'><strong>τῆς</strong></span> <span class='ocrx_word' id='word_1_131' title='bbox 1662 1643 1762 1712; x_wconf 47' lang='lat' dir='ltr'><strong>“il;</strong></span> 
     </span>
    </p>
   </div>
   <div class='ocr_carea' id='block_1_19' title="bbox 175 1727 1760 1802">
    <p class='ocr_par' dir='ltr' id='par_1_19' title="bbox 175 1727 1760 1802">
     <span class='ocr_line' id='line_1_19' title="bbox 175 1727 1760 1802; baseline 0.003 -22"><span class='ocrx_word' id='word_1_132' title='bbox 175 1727 529 1798; x_wconf 81' lang='grc' dir='ltr'>ἀγαθὸτητος,</span> <span class='ocrx_word' id='word_1_133' title='bbox 559 1732 592 1800; x_wconf 84' lang='grc' dir='ltr'><strong>ή</strong></span> <span class='ocrx_word' id='word_1_134' title='bbox 625 1731 721 1800; x_wconf 81' lang='grc' dir='ltr'><strong>τῆς</strong></span> <span class='ocrx_word' id='word_1_135' title='bbox 753 1730 930 1800; x_wconf 79' lang='grc' dir='ltr'>ψυχῆς</span> <span class='ocrx_word' id='word_1_136' title='bbox 963 1749 1063 1800; x_wconf 88' lang='grc' dir='ltr'><strong>μου</strong></span> <span class='ocrx_word' id='word_1_137' title='bbox 1097 1731 1225 1801; x_wconf 73' lang='grc' dir='ltr'>περὶ</span> <span class='ocrx_word' id='word_1_138' title='bbox 1274 1732 1334 1784; x_wconf 82' lang='grc' dir='ltr'><strong>σὲ</strong></span> <span class='ocrx_word' id='word_1_139' title='bbox 1380 1732 1581 1802; x_wconf 80' lang='grc' dir='ltr'><strong>σχέσις.</strong></span> <span class='ocrx_word' id='word_1_140' title='bbox 1635 1732 1760 1794; x_wconf 81' lang='grc' dir='ltr'><strong>Πῶς</strong></span> 
     </span>
    </p>
   </div>
   <div class='ocr_carea' id='block_1_20' title="bbox 175 1817 1758 1894">
    <p class='ocr_par' dir='ltr' id='par_1_20' title="bbox 175 1817 1758 1894">
     <span class='ocr_line' id='line_1_20' title="bbox 175 1817 1758 1894; baseline 0.004 -24"><span class='ocrx_word' id='word_1_141' title='bbox 175 1817 282 1887; x_wconf 88' lang='grc' dir='ltr'><strong>γάρ</strong></span> <span class='ocrx_word' id='word_1_142' title='bbox 317 1835 377 1870; x_wconf 90' lang='grc' dir='ltr'><strong>σε</strong></span> <span class='ocrx_word' id='word_1_143' title='bbox 410 1820 485 1888; x_wconf 82' lang='grc' dir='ltr'><strong>μὴ</strong></span> <span class='ocrx_word' id='word_1_144' title='bbox 514 1821 804 1889; x_wconf 83' lang='grc' dir='ltr'>ἀγαπήσω,</span> <span class='ocrx_word' id='word_1_145' title='bbox 849 1821 939 1874; x_wconf 81' lang='grc' dir='ltr'><strong>τὸν</strong></span> <span class='ocrx_word' id='word_1_146' title='bbox 972 1821 1114 1875; x_wconf 77' lang='grc' dir='ltr'>οὕτω</span> <span class='ocrx_word' id='word_1_147' title='bbox 1155 1839 1222 1891; x_wconf 89' lang='grc' dir='ltr'><strong>με</strong></span> <span class='ocrx_word' id='word_1_148' title='bbox 1253 1823 1635 1894; x_wconf 84' lang='grc' dir='ltr'><strong>ἀγαπήσαντα,</strong></span> <span class='ocrx_word' id='word_1_149' title='bbox 1666 1826 1758 1878; x_wconf 80' lang='grc' dir='ltr'><strong>καὶ</strong></span> 
     </span>
    </p>
   </div>
   <div class='ocr_carea' id='block_1_21' title="bbox 175 1908 1758 1988">
    <p class='ocr_par' dir='ltr' id='par_1_21' title="bbox 175 1908 1758 1988">
     <span class='ocr_line' id='line_1_21' title="bbox 175 1908 1758 1988; baseline 0.006 -28"><span class='ocrx_word' id='word_1_150' title='bbox 175 1908 345 1961; x_wconf 87' lang='grc' dir='ltr'>ταῦτα</span> <span class='ocrx_word' id='word_1_151' title='bbox 395 1910 659 1979; x_wconf 82' lang='grc' dir='ltr'>μέλαιναν</span> <span class='ocrx_word' id='word_1_152' title='bbox 701 1908 890 1976; x_wconf 78' lang='grc' dir='ltr'>οὖσαν,</span> <span class='ocrx_word' id='word_1_153' title='bbox 938 1911 1079 1966; x_wconf 83' lang='grc' dir='ltr'>ὥστε</span> <span class='ocrx_word' id='word_1_154' title='bbox 1125 1913 1222 1985; x_wconf 84' lang='grc' dir='ltr'><strong>τὴν</strong></span> <span class='ocrx_word' id='word_1_155' title='bbox 1259 1915 1435 1986; x_wconf 72' lang='grc' dir='ltr'>ψυχήν</span> <span class='ocrx_word' id='word_1_156' title='bbox 1473 1932 1566 1968; x_wconf 90' lang='grc' dir='ltr'><strong>σου</strong></span> <span class='ocrx_word' id='word_1_157' title='bbox 1618 1916 1758 1988; x_wconf 84' lang='grc' dir='ltr'>ὑπὲρ</span> 
     </span>
    </p>
   </div>
   <div class='ocr_carea' id='block_1_22' title="bbox 175 1999 1759 2078">
    <p class='ocr_par' dir='ltr' id='par_1_22' title="bbox 175 1999 1759 2078">
     <span class='ocr_line' id='line_1_22' title="bbox 175 1999 1759 2078; baseline 0.006 -26"><span class='ocrx_word' id='word_1_158' title='bbox 175 1999 280 2052; x_wconf 80' lang='grc' dir='ltr'>τῶν</span> <span class='ocrx_word' id='word_1_159' title='bbox 306 2002 596 2072; x_wconf 87' lang='grc' dir='ltr'>προϐάτων</span> <span class='ocrx_word' id='word_1_160' title='bbox 619 2003 810 2066; x_wconf 83' lang='grc' dir='ltr'>θεῖναι,</span> <span class='ocrx_word' id='word_1_161' title='bbox 843 2005 879 2058; x_wconf 77' lang='grc' dir='ltr'><strong>ἃ</strong></span> <span class='ocrx_word' id='word_1_162' title='bbox 907 2007 970 2059; x_wconf 82' lang='grc' dir='ltr'><strong>σὺ</strong></span> <span class='ocrx_word' id='word_1_163' title='bbox 999 2008 1306 2078; x_wconf 89' lang='grc' dir='ltr'>ποιμαίνεις</span> <span class='ocrx_word' id='word_1_164' title='bbox 1331 2027 1345 2076; x_wconf 86' lang='grc'><strong>;</strong></span> <span class='ocrx_word' id='word_1_165' title='bbox 1373 2007 1608 2072; x_wconf 77' lang='grc' dir='ltr'><strong>Μείζονα</strong></span> <span class='ocrx_word' id='word_1_166' title='bbox 1628 2008 1759 2063; x_wconf 85' lang='grc' dir='ltr'><strong>ταύ-</strong></span> 
     </span>
    </p>
   </div>
   <div class='ocr_carea' id='block_1_23' title="bbox 175 2095 1754 2172">
    <p class='ocr_par' dir='ltr' id='par_1_23' title="bbox 175 2095 1754 2172">
     <span class='ocr_line' id='line_1_23' title="bbox 175 2095 1754 2172; baseline 0.005 -27"><span class='ocrx_word' id='word_1_167' title='bbox 175 2108 270 2164; x_wconf 89' lang='grc' dir='ltr'><strong>της</strong></span> <span class='ocrx_word' id='word_1_168' title='bbox 316 2095 542 2166; x_wconf 82' lang='grc' dir='ltr'>ἀγάπην</span> <span class='ocrx_word' id='word_1_169' title='bbox 587 2097 688 2150; x_wconf 80' lang='grc' dir='ltr'><strong>οὐκ</strong></span> <span class='ocrx_word' id='word_1_170' title='bbox 731 2097 882 2151; x_wconf 82' lang='grc' dir='ltr'>ἔστιν</span> <span class='ocrx_word' id='word_1_171' title='bbox 911 2099 1278 2170; x_wconf 78' lang='grc' dir='ltr'>ἐπινοῆσαι,ἢ</span> <span class='ocrx_word' id='word_1_172' title='bbox 1320 2100 1381 2152; x_wconf 85' lang='grc' dir='ltr'><strong>τὸ</strong></span> <span class='ocrx_word' id='word_1_173' title='bbox 1409 2101 1474 2171; x_wconf 85' lang='grc' dir='ltr'>τῇ</span> <span class='ocrx_word' id='word_1_174' title='bbox 1519 2103 1583 2171; x_wconf 80' lang='grc' dir='ltr'><strong>σῇ</strong></span> <span class='ocrx_word' id='word_1_175' title='bbox 1611 2099 1754 2172; x_wconf 76' lang='grc' dir='ltr'>ψυχῇ</span> 
     </span>
    </p>
   </div>
   <div class='ocr_carea' id='block_1_24' title="bbox 174 2185 1756 2261">
    <p class='ocr_par' dir='ltr' id='par_1_24' title="bbox 174 2185 1756 2261">
     <span class='ocr_line' id='line_1_24' title="bbox 174 2185 1756 2261; baseline 0.008 -25"><span class='ocrx_word' id='word_1_176' title='bbox 174 2185 270 2256; x_wconf 81' lang='grc' dir='ltr'><strong>τὴν</strong></span> <span class='ocrx_word' id='word_1_177' title='bbox 312 2186 589 2256; x_wconf 77' lang='grc' dir='ltr'><strong>σωτηρίαν</strong></span> <span class='ocrx_word' id='word_1_178' title='bbox 615 2189 715 2258; x_wconf 78' lang='grc' dir='ltr'><strong>τὴν</strong></span> <span class='ocrx_word' id='word_1_179' title='bbox 746 2189 884 2259; x_wconf 76' lang='grc' dir='ltr'>ἐμὴν</span> <span class='ocrx_word' id='word_1_180' title='bbox 931 2191 1386 2256; x_wconf 82' lang='grc' dir='ltr'>ἀνταλλάξασθαι.</span> <span class='ocrx_word' id='word_1_181' title='bbox 1439 2194 1620 2261; x_wconf 79' lang='grc' dir='ltr'><strong>Δεῖξον</strong></span> <span class='ocrx_word' id='word_1_182' title='bbox 1664 2193 1756 2249; x_wconf 82' lang='grc' dir='ltr'>οῦν</span> 
     </span>
    </p>
   </div>
   <div class='ocr_carea' id='block_1_25' title="bbox 179 2273 1760 2355">
    <p class='ocr_par' dir='ltr' id='par_1_25' title="bbox 179 2273 1760 2355">
     <span class='ocr_line' id='line_1_25' title="bbox 179 2273 1760 2355; baseline 0.011 -34"><span class='ocrx_word' id='word_1_183' title='bbox 179 2288 284 2339; x_wconf 88' lang='grc' dir='ltr'>μοι,</span> <span class='ocrx_word' id='word_1_184' title='bbox 323 2273 480 2341; x_wconf 80' lang='grc' dir='ltr'>φησὶ,</span> <span class='ocrx_word' id='word_1_185' title='bbox 515 2273 618 2326; x_wconf 86' lang='grc' dir='ltr'><strong>ποῦ</strong></span> <span class='ocrx_word' id='word_1_186' title='bbox 666 2275 992 2344; x_wconf 88' lang='grc' dir='ltr'>ποιμαίνεις,</span> <span class='ocrx_word' id='word_1_187' title='bbox 1025 2278 1110 2332; x_wconf 83' lang='grc' dir='ltr'>ἵνα</span> <span class='ocrx_word' id='word_1_188' title='bbox 1160 2281 1396 2353; x_wconf 81' lang='grc' dir='ltr'>εὑροῦσα</span> <span class='ocrx_word' id='word_1_189' title='bbox 1436 2285 1534 2355; x_wconf 82' lang='grc' dir='ltr'><strong>τὴν</strong></span> <span class='ocrx_word' id='word_1_190' title='bbox 1586 2287 1760 2355; x_wconf 82' lang='grc' dir='ltr'>σωτή-</span> 
     </span>
    </p>
   </div>
   <div class='ocr_carea' id='block_1_26' title="bbox 176 2364 1753 2450">
    <p class='ocr_par' dir='ltr' id='par_1_26' title="bbox 176 2364 1753 2450">
     <span class='ocr_line' id='line_1_26' title="bbox 176 2364 1753 2450; baseline 0.012 -38"><span class='ocrx_word' id='word_1_191' title='bbox 176 2378 288 2432; x_wconf 89' lang='grc' dir='ltr'>ριον</span> <span class='ocrx_word' id='word_1_192' title='bbox 312 2364 508 2434; x_wconf 81' lang='grc' dir='ltr'>νομὴν,</span> <span class='ocrx_word' id='word_1_193' title='bbox 537 2366 838 2438; x_wconf 73' lang='grc' dir='ltr'>ἐμφορηθῶ</span> <span class='ocrx_word' id='word_1_194' title='bbox 863 2368 963 2440; x_wconf 86' lang='grc' dir='ltr'>τῆς</span> <span class='ocrx_word' id='word_1_195' title='bbox 987 2370 1244 2442; x_wconf 81' lang='grc' dir='ltr'><strong>οὐρανίας</strong></span> <span class='ocrx_word' id='word_1_196' title='bbox 1269 2374 1494 2444; x_wconf 83' lang='grc' dir='ltr'>τροφῆς,</span> <span class='ocrx_word' id='word_1_197' title='bbox 1520 2370 1588 2446; x_wconf 78' lang='grc' dir='ltr'>ἧς</span> <span class='ocrx_word' id='word_1_198' title='bbox 1619 2379 1647 2430; x_wconf 89' lang='grc' dir='ltr'><strong>ό</strong></span> <span class='ocrx_word' id='word_1_199' title='bbox 1683 2378 1753 2450; x_wconf 79' lang='grc' dir='ltr'>μὴ</span> 
     </span>
    </p>
   </div>
   <div class='ocr_carea' id='block_1_27' title="bbox 175 2454 1755 2539">
    <p class='ocr_par' dir='ltr' id='par_1_27' title="bbox 175 2454 1755 2539">
     <span class='ocr_line' id='line_1_27' title="bbox 175 2454 1755 2539; baseline 0.011 -34"><span class='ocrx_word' id='word_1_200' title='bbox 175 2454 382 2522; x_wconf 85' lang='grc' dir='ltr'>φαγὼν,</span> <span class='ocrx_word' id='word_1_201' title='bbox 414 2457 478 2509; x_wconf 81' lang='grc' dir='ltr'>οὐ</span> <span class='ocrx_word' id='word_1_202' title='bbox 504 2456 725 2512; x_wconf 77' lang='grc' dir='ltr'>δύναται</span> <span class='ocrx_word' id='word_1_203' title='bbox 769 2461 848 2525; x_wconf 82' lang='grc' dir='ltr'><strong>είς</strong></span> <span class='ocrx_word' id='word_1_204' title='bbox 874 2461 973 2532; x_wconf 83' lang='grc' dir='ltr'>τὴν</span> <span class='ocrx_word' id='word_1_205' title='bbox 1004 2462 1148 2534; x_wconf 75' lang='grc' dir='ltr'>ζωὴν</span> <span class='ocrx_word' id='word_1_206' title='bbox 1178 2465 1437 2518; x_wconf 80' lang='grc' dir='ltr'>εἰσελθεῖν</span> <span class='ocrx_word' id='word_1_207' title='bbox 1458 2485 1470 2497; x_wconf 90' lang='grc'><strong>·</strong></span> <span class='ocrx_word' id='word_1_208' title='bbox 1510 2469 1603 2520; x_wconf 85' lang='grc' dir='ltr'><strong>καὶ</strong></span> <span class='ocrx_word' id='word_1_209' title='bbox 1625 2469 1755 2539; x_wconf 85' lang='grc' dir='ltr'>δρα-</span> 
     </span>
    </p>
   </div>
   <div class='ocr_carea' id='block_1_28' title="bbox 180 2545 1756 2629">
    <p class='ocr_par' dir='ltr' id='par_1_28' title="bbox 180 2545 1756 2629">
     <span class='ocr_line' id='line_1_28' title="bbox 180 2545 1756 2629; baseline 0.011 -32"><span class='ocrx_word' id='word_1_210' title='bbox 180 2545 348 2613; x_wconf 90' lang='grc' dir='ltr'>μοῦσα</span> <span class='ocrx_word' id='word_1_211' title='bbox 382 2547 522 2620; x_wconf 77' lang='grc' dir='ltr'>πρὸς</span> <span class='ocrx_word' id='word_1_212' title='bbox 551 2549 610 2602; x_wconf 84' lang='grc' dir='ltr'>σὲ</span> <span class='ocrx_word' id='word_1_213' title='bbox 635 2549 736 2620; x_wconf 84' lang='grc' dir='ltr'>τὴν</span> <span class='ocrx_word' id='word_1_214' title='bbox 786 2549 986 2623; x_wconf 77' lang='grc' dir='ltr'>πηγὴν,</span> <span class='ocrx_word' id='word_1_215' title='bbox 1019 2555 1212 2609; x_wconf 86' lang='grc' dir='ltr'>σπάσω</span> <span class='ocrx_word' id='word_1_216' title='bbox 1252 2555 1346 2610; x_wconf 87' lang='grc' dir='ltr'>τοῦ</span> <span class='ocrx_word' id='word_1_217' title='bbox 1399 2557 1543 2612; x_wconf 84' lang='grc' dir='ltr'>θείου</span> <span class='ocrx_word' id='word_1_218' title='bbox 1577 2561 1756 2629; x_wconf 86' lang='grc' dir='ltr'>πόμα-</span> 
     </span>
    </p>
   </div>
   <div class='ocr_carea' id='block_1_29' title="bbox 176 2634 1754 2721">
    <p class='ocr_par' dir='ltr' id='par_1_29' title="bbox 176 2634 1754 2721">
     <span class='ocr_line' id='line_1_29' title="bbox 176 2634 1754 2721; baseline 0.013 -38"><span class='ocrx_word' id='word_1_219' title='bbox 176 2647 283 2697; x_wconf 86' lang='grc' dir='ltr'><strong>τος,</strong></span> <span class='ocrx_word' id='word_1_220' title='bbox 311 2634 340 2686; x_wconf 81' lang='grc' dir='ltr'><em>ὂ</em></span> <span class='ocrx_word' id='word_1_221' title='bbox 387 2635 456 2687; x_wconf 84' lang='grc' dir='ltr'><strong>σὺ</strong></span> <span class='ocrx_word' id='word_1_222' title='bbox 487 2639 600 2700; x_wconf 86' lang='grc' dir='ltr'>τοῖς</span> <span class='ocrx_word' id='word_1_223' title='bbox 630 2637 824 2707; x_wconf 73' lang='grc' dir='ltr'>διψῶσι</span> <span class='ocrx_word' id='word_1_224' title='bbox 859 2640 1148 2712; x_wconf 79' lang='grc' dir='ltr'>πηγάζεις,</span> <span class='ocrx_word' id='word_1_225' title='bbox 1196 2647 1476 2716; x_wconf 86' lang='grc' dir='ltr'>προσχέων</span> <span class='ocrx_word' id='word_1_226' title='bbox 1506 2649 1566 2701; x_wconf 85' lang='grc' dir='ltr'>τὸ</span> <span class='ocrx_word' id='word_1_227' title='bbox 1613 2649 1754 2721; x_wconf 79' lang='grc' dir='ltr'>ὕδωρ</span> 
     </span>
    </p>
   </div>
   <div class='ocr_carea' id='block_1_30' title="bbox 175 2725 1754 2813">
    <p class='ocr_par' dir='ltr' id='par_1_30' title="bbox 175 2725 1754 2813">
     <span class='ocr_line' id='line_1_30' title="bbox 175 2725 1754 2813; baseline 0.012 -36"><span class='ocrx_word' id='word_1_228' title='bbox 175 2725 236 2778; x_wconf 87' lang='grc' dir='ltr'>ὲκ</span> <span class='ocrx_word' id='word_1_229' title='bbox 262 2725 363 2796; x_wconf 81' lang='grc' dir='ltr'><strong>τῆς</strong></span> <span class='ocrx_word' id='word_1_230' title='bbox 401 2726 669 2800; x_wconf 77' lang='grc' dir='ltr'>πλευρᾶς,</span> <span class='ocrx_word' id='word_1_231' title='bbox 699 2729 795 2784; x_wconf 79' lang='grc' dir='ltr'><strong>τοῦ</strong></span> <span class='ocrx_word' id='word_1_232' title='bbox 830 2732 1046 2805; x_wconf 83' lang='grc' dir='ltr'>σιδήρου</span> <span class='ocrx_word' id='word_1_233' title='bbox 1075 2735 1172 2806; x_wconf 79' lang='grc' dir='ltr'>τὴν</span> <span class='ocrx_word' id='word_1_234' title='bbox 1202 2737 1372 2805; x_wconf 81' lang='grc' dir='ltr'>φλέϐα</span> <span class='ocrx_word' id='word_1_235' title='bbox 1397 2740 1598 2813; x_wconf 85' lang='grc' dir='ltr'>ταύτην</span> <span class='ocrx_word' id='word_1_236' title='bbox 1622 2743 1754 2795; x_wconf 88' lang='grc' dir='ltr'>ἀνα-</span> 
     </span>
    </p>
   </div>
   <div class='ocr_carea' id='block_1_31' title="bbox 180 2814 1754 2902">
    <p class='ocr_par' dir='ltr' id='par_1_31' title="bbox 180 2814 1754 2902">
     <span class='ocr_line' id='line_1_31' title="bbox 180 2814 1754 2902; baseline 0.014 -34"><span class='ocrx_word' id='word_1_237' title='bbox 180 2818 590 2888; x_wconf 66' lang='grc' dir='ltr'>στομώσαντος·</span> <span class='ocrx_word' id='word_1_238' title='bbox 630 2814 691 2874; x_wconf 81' lang='grc' dir='ltr'><strong>οῦ</strong></span> <span class='ocrx_word' id='word_1_239' title='bbox 723 2825 751 2876; x_wconf 83' lang='grc' dir='ltr'><strong>ό</strong></span> <span class='ocrx_word' id='word_1_240' title='bbox 779 2826 1116 2896; x_wconf 82' lang='grc' dir='ltr'>γευσάμενος</span> <span class='ocrx_word' id='word_1_241' title='bbox 1157 2831 1308 2902; x_wconf 82' lang='grc' dir='ltr'>πηγὴ</span> <span class='ocrx_word' id='word_1_242' title='bbox 1352 2833 1561 2900; x_wconf 86' lang='grc' dir='ltr'>γίνεται</span> <span class='ocrx_word' id='word_1_243' title='bbox 1600 2836 1754 2889; x_wconf 85' lang='grc' dir='ltr'>ἁλλο-</span> 
     </span>
    </p>
   </div>
   <div class='ocr_carea' id='block_1_32' title="bbox 181 2909 1755 2997">
    <p class='ocr_par' dir='ltr' id='par_1_32' title="bbox 181 2909 1755 2997">
     <span class='ocr_line' id='line_1_32' title="bbox 181 2909 1755 2997; baseline 0.014 -37"><span class='ocrx_word' id='word_1_244' title='bbox 181 2909 621 2997; x_wconf 74' lang='grc' dir='ltr'>μένου⁴είςζωὴν</span> <span class='ocrx_word' id='word_1_245' title='bbox 658 2913 893 2969; x_wconf 77' lang='grc' dir='ltr'>αἰώνιον.</span> <span class='ocrx_word' id='word_1_246' title='bbox 925 2919 1026 2972; x_wconf 73' lang='grc' dir='ltr'><strong>’Ἂν</strong></span> <span class='ocrx_word' id='word_1_247' title='bbox 1052 2920 1160 2991; x_wconf 80' lang='grc' dir='ltr'><strong>γάρ</strong></span> <span class='ocrx_word' id='word_1_248' title='bbox 1190 2924 1247 2974; x_wconf 82' lang='grc' dir='ltr'><strong>ὲν</strong></span> <span class='ocrx_word' id='word_1_249' title='bbox 1293 2924 1502 2990; x_wconf 82' lang='grc' dir='ltr'>τούτοις</span> <span class='ocrx_word' id='word_1_250' title='bbox 1543 2945 1610 2997; x_wconf 89' lang='grc' dir='ltr'><strong>με</strong></span> <span class='ocrx_word' id='word_1_251' title='bbox 1638 2946 1755 2982; x_wconf 87' lang='grc' dir='ltr'>ποι-</span> 
     </span>
    </p>
   </div>
   <div class='ocr_carea' id='block_1_33' title="bbox 181 2993 1754 3086">
    <p class='ocr_par' dir='ltr' id='par_1_33' title="bbox 181 2993 1754 3086">
     <span class='ocr_line' id='line_1_33' title="bbox 181 2993 1754 3086; baseline 0.015 -39"><span class='ocrx_word' id='word_1_252' title='bbox 181 2997 370 3069; x_wconf 83' lang='grc' dir='ltr'>μάνῃς,</span> <span class='ocrx_word' id='word_1_253' title='bbox 397 2993 677 3066; x_wconf 79' lang='grc' dir='ltr'><strong>⁴κοιτάσεις</strong></span> <span class='ocrx_word' id='word_1_254' title='bbox 710 3003 776 3072; x_wconf 87' lang='grc' dir='ltr'>μὲ</span> <span class='ocrx_word' id='word_1_255' title='bbox 807 3004 1022 3070; x_wconf 87' lang='grc' dir='ltr'>πάντως</span> <span class='ocrx_word' id='word_1_256' title='bbox 1062 3009 1120 3060; x_wconf 84' lang='grc' dir='ltr'>ὲν</span> <span class='ocrx_word' id='word_1_257' title='bbox 1165 3013 1502 3086; x_wconf 75' lang='grc' dir='ltr'>μεσημϐρίᾳ,</span> <span class='ocrx_word' id='word_1_258' title='bbox 1527 2993 1654 3070; x_wconf 77' lang='grc' dir='ltr'>όταν</span> <span class='ocrx_word' id='word_1_259' title='bbox 1695 3021 1754 3072; x_wconf 82' lang='grc' dir='ltr'><strong>ἐν</strong></span> 
     </span>
    </p>
   </div>
   <div class='ocr_carea' id='block_1_34' title="bbox 178 3090 1824 3195">
    <p class='ocr_par' dir='ltr' id='par_1_34' title="bbox 178 3090 1824 3195">
     <span class='ocr_line' id='line_1_34' title="bbox 178 3090 1824 3195; baseline 0.015 -55"><span class='ocrx_word' id='word_1_260' title='bbox 178 3090 360 3195; x_wconf 61' lang='grc' dir='ltr'>εἰρήνῃ</span> <span class='ocrx_word' id='word_1_261' title='bbox 405 3091 500 3144; x_wconf 78' lang='grc' dir='ltr'><strong>ἐπὶ</strong></span> <span class='ocrx_word' id='word_1_262' title='bbox 536 3092 598 3144; x_wconf 79' lang='grc' dir='ltr'><strong>τὸ</strong></span> <span class='ocrx_word' id='word_1_263' title='bbox 635 3093 766 3148; x_wconf 82' lang='grc' dir='ltr'>αὐτὸ</span> <span class='ocrx_word' id='word_1_264' title='bbox 812 3098 1154 3169; x_wconf 80' lang='grc' dir='ltr'>κοιμηθεῖσα,</span> <span class='ocrx_word' id='word_1_265' title='bbox 1188 3103 1244 3153; x_wconf 82' lang='grc' dir='ltr'><strong>ἐν</strong></span> <span class='ocrx_word' id='word_1_266' title='bbox 1284 3103 1360 3172; x_wconf 84' lang='grc' dir='ltr'>τῷ</span> <span class='ocrx_word' id='word_1_267' title='bbox 1399 3106 1575 3178; x_wconf 83' lang='grc' dir='ltr'>ἀσκίῳ</span> <span class='ocrx_word' id='word_1_268' title='bbox 1615 3111 1756 3177; x_wconf 67' lang='grc' dir='ltr'>φωτὶ</span> <span class='ocrx_word' id='word_1_269' title='bbox 1782 3139 1824 3195; x_wconf 77' lang='lat' dir='ltr'>c</span> 
     </span>
    </p>
   </div>
   <div class='ocr_carea' id='block_1_35' title="bbox 179 3178 1752 3271">
    <p class='ocr_par' dir='ltr' id='par_1_35' title="bbox 179 3178 1752 3271">
     <span class='ocr_line' id='line_1_35' title="bbox 179 3178 1752 3271; baseline 0.017 -43"><span class='ocrx_word' id='word_1_270' title='bbox 179 3178 559 3271; x_wconf 70' lang='grc' dir='ltr'>ἀναπαύσομαι</span> <span class='ocrx_word' id='word_1_271' title='bbox 579 3198 594 3216; x_wconf 86' lang='grc'><strong>·</strong></span> <span class='ocrx_word' id='word_1_272' title='bbox 629 3184 817 3250; x_wconf 76' lang='grc' dir='ltr'>ἀσκιος</span> <span class='ocrx_word' id='word_1_273' title='bbox 843 3189 950 3258; x_wconf 84' lang='grc' dir='ltr'><strong>γὰρ</strong></span> <span class='ocrx_word' id='word_1_274' title='bbox 982 3193 1319 3262; x_wconf 86' lang='grc' dir='ltr'>πανταχόθεν</span> <span class='ocrx_word' id='word_1_275' title='bbox 1349 3197 1382 3268; x_wconf 81' lang='grc' dir='ltr'>ή</span> <span class='ocrx_word' id='word_1_276' title='bbox 1415 3201 1752 3271; x_wconf 84' lang='grc' dir='ltr'>μεσημϐρία,</span> 
     </span>
    </p>
   </div>
   <div class='ocr_carea' id='block_1_36' title="bbox 178 3266 1758 3364">
    <p class='ocr_par' dir='ltr' id='par_1_36' title="bbox 178 3266 1758 3364">
     <span class='ocr_line' id='line_1_36' title="bbox 178 3266 1758 3364; baseline 0.018 -45"><span class='ocrx_word' id='word_1_277' title='bbox 178 3266 266 3364; x_wconf 80' lang='grc' dir='ltr'><strong>τοῦ</strong></span> <span class='ocrx_word' id='word_1_278' title='bbox 293 3270 448 3340; x_wconf 63' lang='grc' dir='ltr'>ι’λίου</span> <span class='ocrx_word' id='word_1_279' title='bbox 476 3270 573 3344; x_wconf 81' lang='grc' dir='ltr'>τῆς</span> <span class='ocrx_word' id='word_1_280' title='bbox 612 3279 854 3349; x_wconf 83' lang='grc' dir='ltr'>κορυφῆς</span> <span class='ocrx_word' id='word_1_281' title='bbox 886 3281 1352 3353; x_wconf 81' lang='grc' dir='ltr'>ὑπερλάμποντος,</span> <span class='ocrx_word' id='word_1_282' title='bbox 1371 3266 1453 3343; x_wconf 14' lang='grc' dir='ltr'><strong>ήὲν</strong></span> <span class='ocrx_word' id='word_1_283' title='bbox 1489 3266 1616 3364; x_wconf 72' lang='grc' dir='ltr'>ᾖσὺ</span> <span class='ocrx_word' id='word_1_284' title='bbox 1645 3266 1758 3347; x_wconf 34' lang='lat' dir='ltr'><strong>icon;</strong></span> 
     </span>
    </p>
   </div>
   <div class='ocr_carea' id='block_1_37' title="bbox 178 3360 1757 3441">
    <p class='ocr_par' dir='ltr' id='par_1_37' title="bbox 178 3360 1757 3441">
     <span class='ocr_line' id='line_1_37' title="bbox 178 3360 1757 3441; baseline 0.018 -30"><span class='ocrx_word' id='word_1_285' title='bbox 178 3360 355 3425; x_wconf 74' lang='grc' dir='ltr'>τάξεις</span> <span class='ocrx_word' id='word_1_286' title='bbox 400 3364 530 3428; x_wconf 81' lang='grc' dir='ltr'>τοὺς</span> <span class='ocrx_word' id='word_1_287' title='bbox 560 3365 664 3419; x_wconf 83' lang='grc' dir='ltr'>ὑπὸ</span> <span class='ocrx_word' id='word_1_288' title='bbox 707 3367 801 3420; x_wconf 90' lang='grc' dir='ltr'><strong>σοῦ</strong></span> <span class='ocrx_word' id='word_1_289' title='bbox 837 3372 1256 3441; x_wconf 86' lang='grc' dir='ltr'>ποιμανθέντας,</span> <span class='ocrx_word' id='word_1_290' title='bbox 1292 3378 1419 3433; x_wconf 79' lang='grc' dir='ltr'>ὅταν</span> <span class='ocrx_word' id='word_1_291' title='bbox 1458 3360 1525 3435; x_wconf 74' lang='grc' dir='ltr'><strong>τά</strong></span> <span class='ocrx_word' id='word_1_292' title='bbox 1568 3385 1757 3439; x_wconf 89' lang='grc' dir='ltr'>παιδία</span> 
     </span>
    </p>
   </div>
   <div class='ocr_carea' id='block_1_38' title="bbox 180 3452 1753 3546">
    <p class='ocr_par' dir='ltr' id='par_1_38' title="bbox 180 3452 1753 3546">
     <span class='ocr_line' id='line_1_38' title="bbox 180 3452 1753 3546; baseline 0.019 -45"><span class='ocrx_word' id='word_1_293' title='bbox 180 3467 267 3546; x_wconf 79' lang='grc' dir='ltr'><strong>σου</strong></span> <span class='ocrx_word' id='word_1_294' title='bbox 295 3452 422 3546; x_wconf 65' lang='grc' dir='ltr'><strong>δέξῃ</strong></span> <span class='ocrx_word' id='word_1_295' title='bbox 455 3456 846 3546; x_wconf 27' lang='grc' dir='ltr'>μετὰῌσεαυτοῦ</span> <span class='ocrx_word' id='word_1_296' title='bbox 873 3461 952 3525; x_wconf 84' lang='grc' dir='ltr'><strong>είς</strong></span> <span class='ocrx_word' id='word_1_297' title='bbox 981 3462 1080 3534; x_wconf 85' lang='grc' dir='ltr'><strong>τὴν</strong></span> <span class='ocrx_word' id='word_1_298' title='bbox 1117 3465 1322 3538; x_wconf 85' lang='grc' dir='ltr'><strong>κοίτην.</strong></span> <span class='ocrx_word' id='word_1_299' title='bbox 1361 3472 1548 3536; x_wconf 81' lang='grc' dir='ltr'><strong>Οὐδεὶς</strong></span> <span class='ocrx_word' id='word_1_300' title='bbox 1572 3475 1628 3528; x_wconf 84' lang='grc' dir='ltr'><strong>δὲ</strong></span> <span class='ocrx_word' id='word_1_301' title='bbox 1657 3477 1753 3546; x_wconf 83' lang='grc' dir='ltr'>τῆς</span> 
     </span>
    </p>
   </div>
   <div class='ocr_carea' id='block_1_39' title="bbox 177 3539 1758 3635">
    <p class='ocr_par' dir='ltr' id='par_1_39' title="bbox 177 3539 1758 3635">
     <span class='ocr_line' id='line_1_39' title="bbox 177 3539 1758 3635; baseline 0.021 -47"><span class='ocrx_word' id='word_1_302' title='bbox 177 3539 529 3635; x_wconf 42' lang='grc' dir='ltr'>ἀξιαπαῦσεως</span> <span class='ocrx_word' id='word_1_303' title='bbox 555 3543 656 3614; x_wconf 81' lang='grc' dir='ltr'><strong>τῆς</strong></span> <span class='ocrx_word' id='word_1_304' title='bbox 685 3549 1062 3622; x_wconf 82' lang='grc' dir='ltr'>μεσημϐρινῆς</span> <span class='ocrx_word' id='word_1_305' title='bbox 1092 3553 1358 3622; x_wconf 84' lang='grc' dir='ltr'>ἀξιοῦται,</span> <span class='ocrx_word' id='word_1_306' title='bbox 1391 3561 1464 3634; x_wconf 80' lang='grc' dir='ltr'>μὴ</span> <span class='ocrx_word' id='word_1_307' title='bbox 1493 3564 1607 3628; x_wconf 77' lang='grc' dir='ltr'>υίὸς</span> <span class='ocrx_word' id='word_1_308' title='bbox 1643 3539 1758 3635; x_wconf 80' lang='grc' dir='ltr'>φω-</span> 
     </span>
    </p>
   </div>
   <div class='ocr_carea' id='block_1_40' title="bbox 177 3620 1755 3722">
    <p class='ocr_par' dir='ltr' id='par_1_40' title="bbox 177 3620 1755 3722">
     <span class='ocr_line' id='line_1_40' title="bbox 177 3620 1755 3722; baseline 0.025 -50"><span class='ocrx_word' id='word_1_309' title='bbox 177 3620 263 3722; x_wconf 70' lang='grc' dir='ltr'><strong>τὸς</strong></span> <span class='ocrx_word' id='word_1_310' title='bbox 288 3627 434 3722; x_wconf 26' lang='grc' dir='ltr'>καὶᾼή</span> <span class='ocrx_word' id='word_1_311' title='bbox 446 3630 617 3699; x_wconf 82' lang='grc' dir='ltr'>μέρας</span> <span class='ocrx_word' id='word_1_312' title='bbox 644 3620 949 3722; x_wconf 63' lang='grc' dir='ltr'>γενόμενος</span> <span class='ocrx_word' id='word_1_313' title='bbox 969 3657 984 3671; x_wconf 76' lang='grc' dir='ltr'><strong><em>ο</em></strong></span> <span class='ocrx_word' id='word_1_314' title='bbox 1081 3643 1137 3696; x_wconf 88' lang='grc' dir='ltr'><strong>δὲ</strong></span> <span class='ocrx_word' id='word_1_315' title='bbox 1172 3647 1311 3701; x_wconf 85' lang='grc' dir='ltr'>κατὰ</span> <span class='ocrx_word' id='word_1_316' title='bbox 1334 3620 1402 3703; x_wconf 32' lang='grc' dir='ltr'><strong>τὸν</strong></span> <span class='ocrx_word' id='word_1_317' title='bbox 1424 3620 1537 3706; x_wconf 76' lang='grc' dir='ltr'>ἴσον</span> <span class='ocrx_word' id='word_1_318' title='bbox 1565 3620 1755 3710; x_wconf 46' lang='lat' dir='ltr'><strong>eadem</strong></span> 
     </span>
    </p>
   </div>
   <div class='ocr_carea' id='block_1_41' title="bbox 177 3717 1753 3814">
    <p class='ocr_par' dir='ltr' id='par_1_41' title="bbox 177 3717 1753 3814">
     <span class='ocr_line' id='line_1_41' title="bbox 177 3717 1753 3814; baseline 0.025 -52"><span class='ocrx_word' id='word_1_319' title='bbox 177 3717 266 3764; x_wconf 81' lang='grc' dir='ltr'>τοῦ</span> <span class='ocrx_word' id='word_1_320' title='bbox 293 3731 350 3814; x_wconf 74' lang='grc' dir='ltr'><strong>τε</strong></span> <span class='ocrx_word' id='word_1_321' title='bbox 379 3717 670 3814; x_wconf 67' lang='grc' dir='ltr'>ἑσπερινοῦ</span> <span class='ocrx_word' id='word_1_322' title='bbox 701 3726 795 3778; x_wconf 78' lang='grc' dir='ltr'><strong>καὶ</strong></span> <span class='ocrx_word' id='word_1_323' title='bbox 825 3727 917 3781; x_wconf 90' lang='grc' dir='ltr'>τοῦ</span> <span class='ocrx_word' id='word_1_324' title='bbox 949 3730 1198 3802; x_wconf 87' lang='grc' dir='ltr'>όρθρινοῦ</span> <span class='ocrx_word' id='word_1_325' title='bbox 1226 3738 1448 3804; x_wconf 87' lang='grc' dir='ltr'>σκότους</span> <span class='ocrx_word' id='word_1_326' title='bbox 1491 3746 1753 3814; x_wconf 81' lang='grc' dir='ltr'>χωρίσας,</span> 
     </span>
    </p>
   </div>
   <div class='ocr_carea' id='block_1_42' title="bbox 179 3804 1753 3910">
    <p class='ocr_par' dir='ltr' id='par_1_42' title="bbox 179 3804 1753 3910">
     <span class='ocr_line' id='line_1_42' title="bbox 179 3804 1753 3910; baseline 0.025 -56"><span class='ocrx_word' id='word_1_327' title='bbox 179 3804 448 3910; x_wconf 62' lang='grc' dir='ltr'>τρυτέστιν</span> <span class='ocrx_word' id='word_1_328' title='bbox 472 3810 607 3910; x_wconf 51' lang='grc' dir='ltr'>ὄρθου</span> <span class='ocrx_word' id='word_1_329' title='bbox 632 3815 857 3886; x_wconf 76' lang='grc' dir='ltr'>ἄρχεται</span> <span class='ocrx_word' id='word_1_330' title='bbox 882 3821 942 3874; x_wconf 87' lang='grc' dir='ltr'><strong>τὸ</strong></span> <span class='ocrx_word' id='word_1_331' title='bbox 963 3825 1128 3880; x_wconf 83' lang='grc' dir='ltr'>κακὸν</span> <span class='ocrx_word' id='word_1_332' title='bbox 1152 3829 1244 3882; x_wconf 78' lang='grc' dir='ltr'><strong>καὶ</strong></span> <span class='ocrx_word' id='word_1_333' title='bbox 1270 3831 1352 3893; x_wconf 86' lang='grc' dir='ltr'><strong>είς</strong></span> <span class='ocrx_word' id='word_1_334' title='bbox 1374 3832 1402 3884; x_wconf 82' lang='grc' dir='ltr'><strong>ὃ</strong></span> <span class='ocrx_word' id='word_1_335' title='bbox 1432 3804 1753 3908; x_wconf 67' lang='grc' dir='ltr'>καταλήγει,</span> 
     </span>
    </p>
   </div>
   <div class='ocr_carea' id='block_1_43' title="bbox 179 3900 1755 3994">
    <p class='ocr_par' dir='ltr' id='par_1_43' title="bbox 179 3900 1755 3994">
     <span class='ocr_line' id='line_1_43' title="bbox 179 3900 1755 3994; baseline 0.025 -50"><span class='ocrx_word' id='word_1_336' title='bbox 179 3900 343 3994; x_wconf 61' lang='grc' dir='ltr'>ουτος,</span> <span class='ocrx_word' id='word_1_337' title='bbox 372 3900 433 3951; x_wconf 79' lang='grc' dir='ltr'><strong>ὲν</strong></span> <span class='ocrx_word' id='word_1_338' title='bbox 460 3903 539 3994; x_wconf 49' lang='grc' dir='ltr'><strong>’τῇῄ</strong></span> <span class='ocrx_word' id='word_1_339' title='bbox 559 3907 894 3994; x_wconf 72' lang='grc' dir='ltr'>μεσημϐρίᾳ</span> <span class='ocrx_word' id='word_1_340' title='bbox 919 3914 1070 3984; x_wconf 88' lang='grc' dir='ltr'><strong>παρά</strong></span> <span class='ocrx_word' id='word_1_341' title='bbox 1106 3917 1200 3971; x_wconf 87' lang='grc' dir='ltr'><strong>τοῦ</strong></span> <span class='ocrx_word' id='word_1_342' title='bbox 1233 3920 1384 3990; x_wconf 81' lang='grc' dir='ltr'>ἡλίου</span> <span class='ocrx_word' id='word_1_343' title='bbox 1426 3925 1526 3994; x_wconf 82' lang='grc' dir='ltr'>τῆς</span> <span class='ocrx_word' id='word_1_344' title='bbox 1551 3900 1755 3984; x_wconf 42' lang='grc' dir='ltr'>δικαιοξ</span> 
     </span>
    </p>
   </div>
   <div class='ocr_carea' id='block_1_44' title="bbox 182 3983 1754 4086">
    <p class='ocr_par' dir='ltr' id='par_1_44' title="bbox 182 3983 1754 4086">
     <span class='ocr_line' id='line_1_44' title="bbox 182 3983 1754 4086; baseline 0.025 -51"><span class='ocrx_word' id='word_1_345' title='bbox 182 3983 338 4056; x_wconf 79' lang='grc' dir='ltr'>σύνης</span> <span class='ocrx_word' id='word_1_346' title='bbox 387 3991 720 4056; x_wconf 78' lang='grc' dir='ltr'>κοιτάζεται.</span> <span class='ocrx_word' id='word_1_347' title='bbox 779 3999 1050 4072; x_wconf 85' lang='grc' dir='ltr'>Γνώρισον</span> <span class='ocrx_word' id='word_1_348' title='bbox 1095 4002 1188 4060; x_wconf 79' lang='grc' dir='ltr'>οὖν</span> <span class='ocrx_word' id='word_1_349' title='bbox 1242 4027 1366 4078; x_wconf 89' lang='grc' dir='ltr'>μοι,</span> <span class='ocrx_word' id='word_1_350' title='bbox 1413 3983 1580 4086; x_wconf 75' lang='grc' dir='ltr'>φησὶ,</span> <span class='ocrx_word' id='word_1_351' title='bbox 1638 4019 1754 4086; x_wconf 84' lang='grc' dir='ltr'><strong>πῶς</strong></span> 
     </span>
    </p>
   </div>
   <div class='ocr_carea' id='block_1_45' title="bbox 179 4075 1755 4182">
    <p class='ocr_par' dir='ltr' id='par_1_45' title="bbox 179 4075 1755 4182">
     <span class='ocr_line' id='line_1_45' title="bbox 179 4075 1755 4182; baseline 0.023 -53"><span class='ocrx_word' id='word_1_352' title='bbox 179 4075 276 4182; x_wconf 71' lang='grc' dir='ltr'><strong>χρὴ</strong></span> <span class='ocrx_word' id='word_1_353' title='bbox 319 4081 692 4182; x_wconf 72' lang='grc' dir='ltr'>κοιτάζεσθαι,</span> <span class='ocrx_word' id='word_1_354' title='bbox 727 4090 827 4182; x_wconf 28' lang='grc' dir='ltr'>καὶ.</span> <span class='ocrx_word' id='word_1_355' title='bbox 866 4093 952 4157; x_wconf 88' lang='grc' dir='ltr'><strong>τίς</strong></span> <span class='ocrx_word' id='word_1_356' title='bbox 998 4098 1030 4166; x_wconf 80' lang='grc' dir='ltr'><strong>ἡ</strong></span> <span class='ocrx_word' id='word_1_357' title='bbox 1081 4099 1204 4161; x_wconf 77' lang='grc' dir='ltr'>ὁδὸς</span> <span class='ocrx_word' id='word_1_358' title='bbox 1233 4075 1755 4182; x_wconf 15' lang='grc' dir='ltr'>τῆςνμεσημϐρινῆς</span> 
     </span>
    </p>
   </div>
   <div class='ocr_carea' id='block_1_46' title="bbox 179 4166 1755 4268">
    <p class='ocr_par' dir='ltr' id='par_1_46' title="bbox 179 4166 1755 4268">
     <span class='ocr_line' id='line_1_46' title="bbox 179 4166 1755 4268; baseline 0.028 -50"><span class='ocrx_word' id='word_1_359' title='bbox 179 4166 564 4268; x_wconf 72' lang='grc' dir='ltr'>ἀναπαύσεωςο</span> <span class='ocrx_word' id='word_1_360' title='bbox 618 4179 829 4248; x_wconf 83' lang='grc' dir='ltr'>μήποτέ</span> <span class='ocrx_word' id='word_1_361' title='bbox 880 4199 948 4252; x_wconf 89' lang='grc' dir='ltr'><strong>με</strong></span> <span class='ocrx_word' id='word_1_362' title='bbox 992 4186 1091 4256; x_wconf 86' lang='grc' dir='ltr'><strong>τῆς</strong></span> <span class='ocrx_word' id='word_1_363' title='bbox 1136 4166 1346 4261; x_wconf 64' lang='grc' dir='ltr'>ἀγαθῆς</span> <span class='ocrx_word' id='word_1_364' title='bbox 1376 4166 1755 4268; x_wconf 24' lang='lat' dir='ltr'><strong>removendo;</strong></span> 
     </span>
    </p>
   </div>
   <div class='ocr_carea' id='block_1_47' title="bbox 179 4256 1752 4359">
    <p class='ocr_par' dir='ltr' id='par_1_47' title="bbox 179 4256 1752 4359">
     <span class='ocr_line' id='line_1_47' title="bbox 179 4256 1752 4359; baseline 0.023 -50"><span class='ocrx_word' id='word_1_365' title='bbox 179 4256 576 4330; x_wconf 82' lang='grc' dir='ltr'>ἁποσφαλείσαν</span> <span class='ocrx_word' id='word_1_366' title='bbox 626 4271 747 4333; x_wconf 88' lang='grc' dir='ltr'>ταῖς</span> <span class='ocrx_word' id='word_1_367' title='bbox 793 4271 1103 4346; x_wconf 82' lang='grc' dir='ltr'>ἀλλοτρίαις</span> <span class='ocrx_word' id='word_1_368' title='bbox 1148 4279 1256 4334; x_wconf 85' lang='grc' dir='ltr'>τῶν</span> <span class='ocrx_word' id='word_1_369' title='bbox 1320 4284 1431 4338; x_wconf 84' lang='grc' dir='ltr'><strong>σῶν</strong></span> <span class='ocrx_word' id='word_1_370' title='bbox 1479 4256 1752 4359; x_wconf 54' lang='grc' dir='ltr'>’ποιμνίων</span> 
     </span>
    </p>
   </div>
   <div class='ocr_carea' id='block_1_48' title="bbox 181 4347 1754 4448">
    <p class='ocr_par' dir='ltr' id='par_1_48' title="bbox 181 4347 1754 4448">
     <span class='ocr_line' id='line_1_48' title="bbox 181 4347 1754 4448; baseline 0.024 -49"><span class='ocrx_word' id='word_1_371' title='bbox 181 4347 390 4448; x_wconf 62' lang='grc' dir='ltr'>ἀγέλαις</span> <span class='ocrx_word' id='word_1_372' title='bbox 423 4357 586 4448; x_wconf 70' lang='grc' dir='ltr'>ητῆς</span> <span class='ocrx_word' id='word_1_373' title='bbox 627 4359 885 4430; x_wconf 82' lang='grc' dir='ltr'>ἀληθείας</span> <span class='ocrx_word' id='word_1_374' title='bbox 933 4365 1125 4433; x_wconf 76' lang='grc' dir='ltr'>ἄγνοια</span> <span class='ocrx_word' id='word_1_375' title='bbox 1156 4375 1517 4448; x_wconf 81' lang='grc' dir='ltr'>συναγελάσῃ.</span> <span class='ocrx_word' id='word_1_376' title='bbox 1567 4347 1754 4437; x_wconf 52' lang='grc' dir='ltr'>’Ῠαῦτα</span> 
     </span>
    </p>
   </div>
   <div class='ocr_carea' id='block_1_49' title="bbox 180 4435 1824 4547">
    <p class='ocr_par' dir='ltr' id='par_1_49' title="bbox 180 4435 1824 4547">
     <span class='ocr_line' id='line_1_49' title="bbox 180 4435 1824 4547; baseline 0.023 -56"><span class='ocrx_word' id='word_1_377' title='bbox 180 4435 290 4546; x_wconf 72' lang='grc' dir='ltr'>εἷπε</span> <span class='ocrx_word' id='word_1_378' title='bbox 316 4446 448 4516; x_wconf 73' lang='grc' dir='ltr'>περὶ</span> <span class='ocrx_word' id='word_1_379' title='bbox 474 4447 578 4547; x_wconf 31' lang='grc' dir='ltr'>’τοῌῦ</span> <span class='ocrx_word' id='word_1_380' title='bbox 613 4454 909 4547; x_wconf 74' lang='grc' dir='ltr'>γενομένου</span> <span class='ocrx_word' id='word_1_381' title='bbox 945 4457 1178 4525; x_wconf 84' lang='grc' dir='ltr'>κάλλους</span> <span class='ocrx_word' id='word_1_382' title='bbox 1205 4435 1374 4535; x_wconf 62' lang='grc' dir='ltr'>αὐτῆς</span> <span class='ocrx_word' id='word_1_383' title='bbox 1399 4435 1584 4524; x_wconf 74' lang='grc' dir='ltr'>θεόθεν</span> <span class='ocrx_word' id='word_1_384' title='bbox 1608 4435 1751 4541; x_wconf 60' lang='grc' dir='ltr'>ἀγω-</span> <span class='ocrx_word' id='word_1_385' title='bbox 1779 4493 1824 4547; x_wconf 80' lang='grc' dir='ltr'><strong>ι)</strong></span> 
     </span>
    </p>
   </div>
   <div class='ocr_carea' id='block_1_50' title="bbox 180 4533 1752 4638">
    <p class='ocr_par' dir='ltr' id='par_1_50' title="bbox 180 4533 1752 4638">
     <span class='ocr_line' id='line_1_50' title="bbox 180 4533 1752 4638; baseline 0.023 -54"><span class='ocrx_word' id='word_1_386' title='bbox 180 4533 360 4638; x_wconf 71' lang='grc' dir='ltr'>νιῶσα,</span> <span class='ocrx_word' id='word_1_387' title='bbox 400 4539 497 4592; x_wconf 74' lang='grc' dir='ltr'><strong>καὶ</strong></span> <span class='ocrx_word' id='word_1_388' title='bbox 531 4541 681 4606; x_wconf 82' lang='grc' dir='ltr'>ὅπως</span> <span class='ocrx_word' id='word_1_389' title='bbox 721 4545 788 4598; x_wconf 81' lang='grc' dir='ltr'>ἂν</span> <span class='ocrx_word' id='word_1_390' title='bbox 817 4547 898 4611; x_wconf 81' lang='grc' dir='ltr'><strong>είς</strong></span> <span class='ocrx_word' id='word_1_391' title='bbox 925 4549 986 4602; x_wconf 85' lang='grc' dir='ltr'>τὸ</span> <span class='ocrx_word' id='word_1_392' title='bbox 1014 4551 1259 4622; x_wconf 82' lang='grc' dir='ltr'>διηνεκὲς</span> <span class='ocrx_word' id='word_1_393' title='bbox 1281 4533 1588 4631; x_wconf 82' lang='grc' dir='ltr'>παραμένοι</span> <span class='ocrx_word' id='word_1_394' title='bbox 1615 4533 1752 4638; x_wconf 70' lang='grc' dir='ltr'>αῦτῇ</span> 
     </span>
    </p>
   </div>
   <div class='ocr_carea' id='block_1_51' title="bbox 179 4627 1758 4720">
    <p class='ocr_par' dir='ltr' id='par_1_51' title="bbox 179 4627 1758 4720">
     <span class='ocr_line' id='line_1_51' title="bbox 179 4627 1758 4720; baseline 0.02 -41"><span class='ocrx_word' id='word_1_395' title='bbox 179 4627 210 4694; x_wconf 82' lang='grc' dir='ltr'><strong>ή</strong></span> <span class='ocrx_word' id='word_1_396' title='bbox 240 4629 528 4703; x_wconf 81' lang='grc' dir='ltr'>εὐμορφία,</span> <span class='ocrx_word' id='word_1_397' title='bbox 566 4637 756 4706; x_wconf 85' lang='grc' dir='ltr'>μαθεῖν</span> <span class='ocrx_word' id='word_1_398' title='bbox 801 4638 1046 4706; x_wconf 81' lang='grc' dir='ltr'>ἀξιοῦσα.</span> <span class='ocrx_word' id='word_1_399' title='bbox 1099 4645 1238 4698; x_wconf 82' lang='grc' dir='ltr'>Ἀλλ’</span> <span class='ocrx_word' id='word_1_400' title='bbox 1267 4627 1758 4720; x_wconf 28' lang='grc' dir='ltr'><strong>οίνιτωνκαταίξιοῦζ</strong></span> 
     </span>
    </p>
   </div>
   <div class='ocr_carea' id='block_1_52' title="bbox 178 4721 1757 4821">
    <p class='ocr_par' dir='ltr' id='par_1_52' title="bbox 178 4721 1757 4821">
     <span class='ocr_line' id='line_1_52' title="bbox 178 4721 1757 4821; baseline 0.022 -53"><span class='ocrx_word' id='word_1_401' title='bbox 178 4721 390 4821; x_wconf 49' lang='grc' dir='ltr'>ται-τῆς</span> <span class='ocrx_word' id='word_1_402' title='bbox 438 4723 532 4776; x_wconf 89' lang='grc' dir='ltr'>τοῦ</span> <span class='ocrx_word' id='word_1_403' title='bbox 583 4729 818 4797; x_wconf 84' lang='grc' dir='ltr'>νυμφίου</span> <span class='ocrx_word' id='word_1_404' title='bbox 851 4733 1056 4803; x_wconf 83' lang='grc' dir='ltr'>φωνῆς,</span> <span class='ocrx_word' id='word_1_405' title='bbox 1085 4734 1180 4788; x_wconf 89' lang='grc' dir='ltr'><strong>τοῦ</strong></span> <span class='ocrx_word' id='word_1_406' title='bbox 1237 4737 1371 4792; x_wconf 89' lang='grc' dir='ltr'>Θεοῦ</span> <span class='ocrx_word' id='word_1_407' title='bbox 1417 4745 1544 4814; x_wconf 81' lang='grc' dir='ltr'>περὶ</span> <span class='ocrx_word' id='word_1_408' title='bbox 1586 4748 1757 4821; x_wconf 74' lang='grc' dir='ltr'>αὐτῆς</span> 
     </span>
    </p>
   </div>
   <div class='ocr_carea' id='block_1_53' title="bbox 177 4812 1758 4902">
    <p class='ocr_par' dir='ltr' id='par_1_53' title="bbox 177 4812 1758 4902">
     <span class='ocr_line' id='line_1_53' title="bbox 177 4812 1758 4902; baseline 0.021 -41"><span class='ocrx_word' id='word_1_409' title='bbox 177 4812 408 4902; x_wconf 69' lang='grc' dir='ltr'>κρεῖττόν</span> <span class='ocrx_word' id='word_1_410' title='bbox 453 4832 505 4867; x_wconf 90' lang='grc' dir='ltr'>τι</span> <span class='ocrx_word' id='word_1_411' title='bbox 552 4819 995 4892; x_wconf 80' lang='grc' dir='ltr'>προϐλεψαμένου</span> <span class='ocrx_word' id='word_1_412' title='bbox 1023 4842 1035 4854; x_wconf 93' lang='grc'><strong>·</strong></span> <span class='ocrx_word' id='word_1_413' title='bbox 1085 4825 1161 4889; x_wconf 83' lang='grc' dir='ltr'>ὡς</span> <span class='ocrx_word' id='word_1_414' title='bbox 1195 4827 1263 4882; x_wconf 87' lang='grc' dir='ltr'><strong>ἂν</strong></span> <span class='ocrx_word' id='word_1_415' title='bbox 1296 4833 1376 4894; x_wconf 87' lang='grc' dir='ltr'><strong>είς</strong></span> <span class='ocrx_word' id='word_1_416' title='bbox 1410 4812 1632 4902; x_wconf 82' lang='grc' dir='ltr'>μείζονα</span> 
     </span>
    </p>
   </div>
   <div class='ocr_carea' id='block_1_54' title="bbox 178 4899 1749 5004">
    <p class='ocr_par' dir='ltr' id='par_1_54' title="bbox 178 4899 1749 5004">
     <span class='ocr_line' id='line_1_54' title="bbox 178 4899 1749 5004; baseline 0.022 -53"><span class='ocrx_word' id='word_1_417' title='bbox 178 4899 261 5004; x_wconf 71' lang='grc' dir='ltr'>θον</span> <span class='ocrx_word' id='word_1_418' title='bbox 425 4908 723 5004; x_wconf 70' lang='grc' dir='ltr'>ἐπιθυμίαν</span> <span class='ocrx_word' id='word_1_419' title='bbox 751 4914 924 4985; x_wconf 74' lang='grc' dir='ltr'>αὐτῆς</span> <span class='ocrx_word' id='word_1_420' title='bbox 953 4917 1304 4987; x_wconf 80' lang='grc' dir='ltr'>ἀναφλέξειεν</span> <span class='ocrx_word' id='word_1_421' title='bbox 1325 4925 1358 4993; x_wconf 77' lang='grc' dir='ltr'>ἡ</span> <span class='ocrx_word' id='word_1_422' title='bbox 1389 4899 1628 5003; x_wconf 78' lang='grc' dir='ltr'>ἀναϐολὴ</span> <span class='ocrx_word' id='word_1_423' title='bbox 1648 4935 1749 5004; x_wconf 82' lang='grc' dir='ltr'><strong>τῆς</strong></span> 
     </span>
    </p>
   </div>
   <div class='ocr_carea' id='block_1_55' title="bbox 179 4990 1746 5093">
    <p class='ocr_par' dir='ltr' id='par_1_55' title="bbox 179 4990 1746 5093">
     <span class='ocr_line' id='line_1_55' title="bbox 179 4990 1746 5093; baseline 0.025 -52"><span class='ocrx_word' id='word_1_424' title='bbox 179 4990 715 5093; x_wconf 78' lang='grc' dir='ltr'>ἀπολαύσεως,ὦστε</span> <span class='ocrx_word' id='word_1_425' title='bbox 748 5007 1148 5080; x_wconf 67' lang='grc' dir='ltr'>πναυξηθῆναι</span> <span class='ocrx_word' id='word_1_426' title='bbox 1188 5013 1267 5084; x_wconf 84' lang='grc' dir='ltr'>τῷ</span> <span class='ocrx_word' id='word_1_427' title='bbox 1317 4990 1468 5088; x_wconf 82' lang='grc' dir='ltr'>πόθῳ</span> <span class='ocrx_word' id='word_1_428' title='bbox 1509 4990 1628 5093; x_wconf 47' lang='grc' dir='ltr'><strong>τὴν.</strong></span> 
     </span>
    </p>
   </div>
   <div class='ocr_carea' id='block_1_56' title="bbox 181 5087 1746 5184">
    <p class='ocr_par' dir='ltr' id='par_1_56' title="bbox 181 5087 1746 5184">
     <span class='ocr_line' id='line_1_56' title="bbox 181 5087 1746 5184; baseline 0.024 -49"><span class='ocrx_word' id='word_1_429' title='bbox 181 5087 440 5184; x_wconf 67' lang='grc' dir='ltr'>φροσύνην</span> <span class='ocrx_word' id='word_1_430' title='bbox 458 5106 472 5120; x_wconf 76' lang='grc' dir='ltr'><strong><em>ο</em></strong></span> <span class='ocrx_word' id='word_1_431' title='bbox 509 5092 625 5184; x_wconf 77' lang='grc' dir='ltr'>ἀλλ’</span> <span class='ocrx_word' id='word_1_432' title='bbox 649 5095 700 5147; x_wconf 84' lang='grc' dir='ltr'><strong>οἱ</strong></span> <span class='ocrx_word' id='word_1_433' title='bbox 720 5097 864 5165; x_wconf 85' lang='grc' dir='ltr'>φίλοι</span> <span class='ocrx_word' id='word_1_434' title='bbox 894 5101 989 5154; x_wconf 88' lang='grc' dir='ltr'>τοῦ</span> <span class='ocrx_word' id='word_1_435' title='bbox 1021 5104 1254 5174; x_wconf 85' lang='grc' dir='ltr'>νυμφίου</span> <span class='ocrx_word' id='word_1_436' title='bbox 1282 5109 1417 5179; x_wconf 85' lang='grc' dir='ltr'>πρὸς</span> <span class='ocrx_word' id='word_1_437' title='bbox 1439 5087 1609 5184; x_wconf 63' lang='grc' dir='ltr'>αὐτην</span> <span class='ocrx_word' id='word_1_438' title='bbox 1631 5118 1746 5174; x_wconf 90' lang='grc' dir='ltr'>δια-</span> 
     </span>
    </p>
   </div>
   <div class='ocr_carea' id='block_1_57' title="bbox 179 5171 1742 5273">
    <p class='ocr_par' dir='ltr' id='par_1_57' title="bbox 179 5171 1742 5273">
     <span class='ocr_line' id='line_1_57' title="bbox 179 5171 1742 5273; baseline 0.023 -48"><span class='ocrx_word' id='word_1_439' title='bbox 179 5171 431 5273; x_wconf 66' lang='grc' dir='ltr'>λέγονται,</span> <span class='ocrx_word' id='word_1_440' title='bbox 471 5183 565 5236; x_wconf 84' lang='grc' dir='ltr'>τὸν</span> <span class='ocrx_word' id='word_1_441' title='bbox 605 5185 806 5257; x_wconf 89' lang='grc' dir='ltr'>τρόπον</span> <span class='ocrx_word' id='word_1_442' title='bbox 858 5193 958 5262; x_wconf 80' lang='grc' dir='ltr'><strong>τῆς</strong></span> <span class='ocrx_word' id='word_1_443' title='bbox 1009 5171 1119 5245; x_wconf 85' lang='grc' dir='ltr'>τῶν</span> <span class='ocrx_word' id='word_1_444' title='bbox 1146 5171 1480 5265; x_wconf 77' lang='grc' dir='ltr'>προσόντων</span> <span class='ocrx_word' id='word_1_445' title='bbox 1522 5171 1742 5273; x_wconf 65' lang='grc' dir='ltr'>ἀγαθων</span> 
     </span>
    </p>
   </div>
   <div class='ocr_carea' id='block_1_58' title="bbox 177 5263 1380 5360">
    <p class='ocr_par' dir='ltr' id='par_1_58' title="bbox 177 5263 1380 5360">
     <span class='ocr_line' id='line_1_58' title="bbox 177 5263 1380 5360; baseline 0.024 -41"><span class='ocrx_word' id='word_1_446' title='bbox 177 5263 461 5360; x_wconf 55' lang='grc' dir='ltr'>ἀσφαλείας</span> <span class='ocrx_word' id='word_1_447' title='bbox 500 5275 588 5330; x_wconf 82' lang='grc' dir='ltr'><strong>διὰ</strong></span> <span class='ocrx_word' id='word_1_448' title='bbox 638 5281 948 5356; x_wconf 78' lang='grc' dir='ltr'>συμϐουλῆς</span> <span class='ocrx_word' id='word_1_449' title='bbox 989 5263 1380 5360; x_wconf 79' lang='grc' dir='ltr'>ὑφηγούμενοι.</span> 
     </span>
    </p>
   </div>
   <div class='ocr_carea' id='block_1_59' title="bbox 183 5352 908 5441">
    <p class='ocr_par' dir='ltr' id='par_1_59' title="bbox 183 5352 908 5441">
     <span class='ocr_line' id='line_1_59' title="bbox 183 5352 908 5441; baseline 0.015 -26"><span class='ocrx_word' id='word_1_450' title='bbox 183 5352 323 5426; x_wconf 83' lang='grc' dir='ltr'>Ἔχει</span> <span class='ocrx_word' id='word_1_451' title='bbox 350 5363 457 5433; x_wconf 80' lang='grc' dir='ltr'><strong>γὰρ</strong></span> <span class='ocrx_word' id='word_1_452' title='bbox 485 5365 659 5432; x_wconf 75' lang='grc' dir='ltr'>οὕτως</span> <span class='ocrx_word' id='word_1_453' title='bbox 681 5372 714 5441; x_wconf 80' lang='grc' dir='ltr'><strong>η</strong></span> <span class='ocrx_word' id='word_1_454' title='bbox 745 5352 908 5438; x_wconf 58' lang='grc' dir='ltr'>λέξιςέ</span> 
     </span>
    </p>
   </div>
   <div class='ocr_carea' id='block_1_60' title="bbox 253 5447 1736 5548">
    <p class='ocr_par' dir='ltr' id='par_1_60' title="bbox 253 5447 1736 5548">
     <span class='ocr_line' id='line_1_60' title="bbox 253 5447 1736 5548; baseline 0.024 -45"><span class='ocrx_word' id='word_1_455' title='bbox 253 5447 381 5548; x_wconf 51' lang='grc' dir='ltr'><strong>’ϐὰν</strong></span> <span class='ocrx_word' id='word_1_456' title='bbox 407 5455 492 5525; x_wconf 78' lang='grc' dir='ltr'>μὴ</span> <span class='ocrx_word' id='word_1_457' title='bbox 531 5459 690 5528; x_wconf 75' lang='grc' dir='ltr'>γνῷς</span> <span class='ocrx_word' id='word_1_458' title='bbox 719 5465 1009 5535; x_wconf 79' lang='grc' dir='ltr'>σεαυτὴν,</span> <span class='ocrx_word' id='word_1_459' title='bbox 1040 5471 1080 5538; x_wconf 76' lang='grc' dir='ltr'>ἡ</span> <span class='ocrx_word' id='word_1_460' title='bbox 1121 5473 1279 5540; x_wconf 68' lang='grc' dir='ltr'>καλὴ</span> <span class='ocrx_word' id='word_1_461' title='bbox 1326 5474 1396 5528; x_wconf 84' lang='grc' dir='ltr'><strong>ἐν</strong></span> <span class='ocrx_word' id='word_1_462' title='bbox 1439 5482 1736 5548; x_wconf 69' lang='grc' dir='ltr'>γυναιξὶν,</span> 
     </span>
    </p>
   </div>
   <div class='ocr_carea' id='block_1_61' title="bbox 179 5535 1740 5638">
    <p class='ocr_par' dir='ltr' id='par_1_61' title="bbox 179 5535 1740 5638">
     <span class='ocr_line' id='line_1_61' title="bbox 179 5535 1740 5638; baseline 0.026 -48"><span class='ocrx_word' id='word_1_463' title='bbox 179 5535 372 5600; x_wconf 67' lang='grc' dir='ltr'>ἔξελθε</span> <span class='ocrx_word' id='word_1_464' title='bbox 411 5548 494 5602; x_wconf 87' lang='grc' dir='ltr'>σὺ</span> <span class='ocrx_word' id='word_1_465' title='bbox 534 5551 607 5605; x_wconf 79' lang='grc' dir='ltr'><strong>ἐν</strong></span> <span class='ocrx_word' id='word_1_466' title='bbox 649 5555 930 5626; x_wconf 78' lang='grc' dir='ltr'>πτέρναις</span> <span class='ocrx_word' id='word_1_467' title='bbox 964 5535 1085 5616; x_wconf 65' lang='grc' dir='ltr'>τῶκ</span> <span class='ocrx_word' id='word_1_468' title='bbox 1122 5535 1414 5635; x_wconf 50' lang='lat' dir='ltr'><strong>recurritur</strong></span> <span class='ocrx_word' id='word_1_469' title='bbox 1445 5535 1597 5638; x_wconf 48' lang='lat' dir='ltr'><strong>&#39;trov,</strong></span> 
     </span>
    </p>
   </div>
   <div class='ocr_carea' id='block_1_62' title="bbox 249 5707 756 5780">
    <p class='ocr_par' dir='ltr' id='par_1_62' title="bbox 249 5707 756 5780">
     <span class='ocr_line' id='line_1_62' title="bbox 249 5707 756 5780; baseline 0.026 -16"><span class='ocrx_word' id='word_1_470' title='bbox 249 5707 291 5741; x_wconf 79' lang='lat'>“</span> <span class='ocrx_word' id='word_1_471' title='bbox 312 5712 636 5780; x_wconf 71' lang='lat' dir='ltr'><strong>Matluvm.</strong></span> <span class='ocrx_word' id='word_1_472' title='bbox 671 5720 756 5777; x_wconf 77' lang='grc'><strong>12.</strong></span> 
     </span>
    </p>
   </div>
   <div class='ocr_carea' id='block_1_63' title="bbox 1866 534 3449 610">
    <p class='ocr_par' dir='ltr' id='par_1_63' title="bbox 1866 534 3449 610">
     <span class='ocr_line' id='line_1_63' title="bbox 1866 534 3449 610; baseline 0.003 -20"><span class='ocrx_word' id='word_1_473' title='bbox 1866 534 1963 590; x_wconf 86' lang='lat' dir='ltr'><strong>Ubi</strong></span> <span class='ocrx_word' id='word_1_474' title='bbox 2017 539 2234 606; x_wconf 87' lang='lat' dir='ltr'><strong>pascis,</strong></span> <span class='ocrx_word' id='word_1_475' title='bbox 2295 554 2328 592; x_wconf 95' lang='lat' dir='ltr'><strong>o</strong></span> <span class='ocrx_word' id='word_1_476' title='bbox 2382 545 2568 608; x_wconf 97' lang='lat' dir='ltr'><strong>pastor</strong></span> <span class='ocrx_word' id='word_1_477' title='bbox 2617 540 2792 604; x_wconf 89' lang='lat' dir='ltr'><strong>bone,</strong></span> <span class='ocrx_word' id='word_1_478' title='bbox 2828 541 2921 610; x_wconf 88' lang='lat' dir='ltr'><strong>qui</strong></span> <span class='ocrx_word' id='word_1_479' title='bbox 2971 555 3138 606; x_wconf 80' lang='lat' dir='ltr'><strong>super</strong></span> <span class='ocrx_word' id='word_1_480' title='bbox 3181 539 3449 595; x_wconf 76' lang='lat' dir='ltr'><strong>humeros</strong></span> 
     </span>
    </p>
   </div>
   <div class='ocr_carea' id='block_1_64' title="bbox 1859 629 3442 700">
    <p class='ocr_par' dir='ltr' id='par_1_64' title="bbox 1859 629 3442 700">
     <span class='ocr_line' id='line_1_64' title="bbox 1859 629 3442 700; baseline 0 -18"><span class='ocrx_word' id='word_1_481' title='bbox 1859 629 2009 684; x_wconf 90' lang='lat' dir='ltr'><strong>tollis</strong></span> <span class='ocrx_word' id='word_1_482' title='bbox 2056 637 2232 683; x_wconf 89' lang='lat' dir='ltr'><strong>totum</strong></span> <span class='ocrx_word' id='word_1_483' title='bbox 2282 646 2499 700; x_wconf 77' lang='lat' dir='ltr'><strong>gregem</strong></span> <span class='ocrx_word' id='word_1_484' title='bbox 2552 629 2596 662; x_wconf 80' lang='lat'>&quot;</span> <span class='ocrx_word' id='word_1_485' title='bbox 2645 632 2787 697; x_wconf 90' lang='lat' dir='ltr'><strong>(una</strong></span> <span class='ocrx_word' id='word_1_486' title='bbox 2836 630 2980 685; x_wconf 90' lang='lat' dir='ltr'><strong>enim</strong></span> <span class='ocrx_word' id='word_1_487' title='bbox 3025 641 3108 686; x_wconf 90' lang='lat' dir='ltr'><strong>est</strong></span> <span class='ocrx_word' id='word_1_488' title='bbox 3149 629 3270 686; x_wconf 92' lang='lat' dir='ltr'><strong>ovis</strong></span> <span class='ocrx_word' id='word_1_489' title='bbox 3313 630 3442 684; x_wconf 90' lang='lat' dir='ltr'><strong>uni-</strong></span> 
     </span>
    </p>
   </div>
   <div class='ocr_carea' id='block_1_65' title="bbox 1859 720 3443 792">
    <p class='ocr_par' dir='ltr' id='par_1_65' title="bbox 1859 720 3443 792">
     <span class='ocr_line' id='line_1_65' title="bbox 1859 720 3443 792; baseline 0 -18"><span class='ocrx_word' id='word_1_490' title='bbox 1859 735 2018 776; x_wconf 89' lang='lat' dir='ltr'><strong>versa</strong></span> <span class='ocrx_word' id='word_1_491' title='bbox 2056 720 2294 774; x_wconf 89' lang='lat' dir='ltr'><strong>humana</strong></span> <span class='ocrx_word' id='word_1_492' title='bbox 2336 731 2529 776; x_wconf 89' lang='lat' dir='ltr'><strong>natura</strong></span> <span class='ocrx_word' id='word_1_493' title='bbox 2556 761 2572 784; x_wconf 93' lang='lat'><strong>,</strong></span> <span class='ocrx_word' id='word_1_494' title='bbox 2605 736 2768 790; x_wconf 86' lang='lat' dir='ltr'><strong>quam</strong></span> <span class='ocrx_word' id='word_1_495' title='bbox 2805 721 3096 792; x_wconf 74' lang='lat' dir='ltr'><strong>suscepisti</strong></span> <span class='ocrx_word' id='word_1_496' title='bbox 3143 737 3306 792; x_wconf 83' lang='lat' dir='ltr'><strong>super</strong></span> <span class='ocrx_word' id='word_1_497' title='bbox 3339 721 3443 774; x_wconf 87' lang='lat' dir='ltr'><strong>hu-</strong></span> 
     </span>
    </p>
   </div>
   <div class='ocr_carea' id='block_1_66' title="bbox 1859 811 3441 883">
    <p class='ocr_par' dir='ltr' id='par_1_66' title="bbox 1859 811 3441 883">
     <span class='ocr_line' id='line_1_66' title="bbox 1859 811 3441 883; baseline -0.001 -17"><span class='ocrx_word' id='word_1_498' title='bbox 1859 811 2111 883; x_wconf 77' lang='lat' dir='ltr'><strong>meros)?</strong></span> <span class='ocrx_word' id='word_1_499' title='bbox 2133 813 2363 868; x_wconf 77' lang='lat' dir='ltr'><strong>ostende</strong></span> <span class='ocrx_word' id='word_1_500' title='bbox 2402 813 2536 867; x_wconf 92' lang='lat' dir='ltr'><strong>mihi</strong></span> <span class='ocrx_word' id='word_1_501' title='bbox 2568 813 2748 866; x_wconf 91' lang='lat' dir='ltr'><strong>locum</strong></span> <span class='ocrx_word' id='word_1_502' title='bbox 2783 813 3026 883; x_wconf 77' lang='lat' dir='ltr'><strong>quietis,</strong></span> <span class='ocrx_word' id='word_1_503' title='bbox 3062 813 3202 868; x_wconf 87' lang='lat' dir='ltr'><strong>educ</strong></span> <span class='ocrx_word' id='word_1_504' title='bbox 3247 827 3334 868; x_wconf 89' lang='lat' dir='ltr'><strong>me</strong></span> <span class='ocrx_word' id='word_1_505' title='bbox 3372 811 3441 865; x_wconf 87' lang='lat' dir='ltr'><strong>ad</strong></span> 
     </span>
    </p>
   </div>
   <div class='ocr_carea' id='block_1_67' title="bbox 1859 903 3443 970">
    <p class='ocr_par' dir='ltr' id='par_1_67' title="bbox 1859 903 3443 970">
     <span class='ocr_line' id='line_1_67' title="bbox 1859 903 3443 970; baseline -0.001 -12"><span class='ocrx_word' id='word_1_506' title='bbox 1859 905 2085 959; x_wconf 88' lang='lat' dir='ltr'><strong>herbam</strong></span> <span class='ocrx_word' id='word_1_507' title='bbox 2119 905 2318 959; x_wconf 81' lang='lat' dir='ltr'><strong>bonam</strong></span> <span class='ocrx_word' id='word_1_508' title='bbox 2354 905 2420 959; x_wconf 88' lang='lat' dir='ltr'><strong>ad</strong></span> <span class='ocrx_word' id='word_1_509' title='bbox 2449 903 2840 970; x_wconf 87' lang='lat' dir='ltr'><strong>nutriendum,</strong></span> <span class='ocrx_word' id='word_1_510' title='bbox 2872 917 3007 959; x_wconf 88' lang='lat' dir='ltr'><strong>voca</strong></span> <span class='ocrx_word' id='word_1_511' title='bbox 3045 921 3131 960; x_wconf 91' lang='lat' dir='ltr'><strong>me</strong></span> <span class='ocrx_word' id='word_1_512' title='bbox 3159 920 3225 960; x_wconf 74' lang='lat' dir='ltr'><strong>ex</strong></span> <span class='ocrx_word' id='word_1_513' title='bbox 3259 903 3443 958; x_wconf 84' lang='lat' dir='ltr'><strong>nomi-</strong></span> 
     </span>
    </p>
   </div>
   <div class='ocr_carea' id='block_1_68' title="bbox 1859 998 3442 1069">
    <p class='ocr_par' dir='ltr' id='par_1_68' title="bbox 1859 998 3442 1069">
     <span class='ocr_line' id='line_1_68' title="bbox 1859 998 3442 1069; baseline 0.001 -17"><span class='ocrx_word' id='word_1_514' title='bbox 1859 1014 1962 1064; x_wconf 88' lang='lat' dir='ltr'><strong>ne,</strong></span> <span class='ocrx_word' id='word_1_515' title='bbox 1995 1003 2056 1052; x_wconf 89' lang='lat' dir='ltr'><strong>ut</strong></span> <span class='ocrx_word' id='word_1_516' title='bbox 2079 1013 2182 1069; x_wconf 82' lang='lat' dir='ltr'><strong>ego</strong></span> <span class='ocrx_word' id='word_1_517' title='bbox 2209 998 2304 1068; x_wconf 88' lang='lat' dir='ltr'><strong>qui</strong></span> <span class='ocrx_word' id='word_1_518' title='bbox 2337 1014 2458 1053; x_wconf 89' lang='lat' dir='ltr'><strong>sum</strong></span> <span class='ocrx_word' id='word_1_519' title='bbox 2493 999 2612 1053; x_wconf 85' lang='lat' dir='ltr'><strong>ovis</strong></span> <span class='ocrx_word' id='word_1_520' title='bbox 2635 1039 2650 1062; x_wconf 90' lang='lat'><strong>,</strong></span> <span class='ocrx_word' id='word_1_521' title='bbox 2683 998 2900 1052; x_wconf 81' lang='lat' dir='ltr'><strong>audiam</strong></span> <span class='ocrx_word' id='word_1_522' title='bbox 2929 1006 3079 1052; x_wconf 92' lang='lat' dir='ltr'><strong>tuam</strong></span> <span class='ocrx_word' id='word_1_523' title='bbox 3116 1013 3305 1052; x_wconf 82' lang='lat' dir='ltr'><strong>vocem</strong></span> <span class='ocrx_word' id='word_1_524' title='bbox 3334 1017 3347 1050; x_wconf 89' lang='lat'>:</span> <span class='ocrx_word' id='word_1_525' title='bbox 3385 1007 3442 1053; x_wconf 92' lang='lat' dir='ltr'><strong>et</strong></span> 
     </span>
    </p>
   </div>
   <div class='ocr_carea' id='block_1_69' title="bbox 1859 1091 3436 1161">
    <p class='ocr_par' dir='ltr' id='par_1_69' title="bbox 1859 1091 3436 1161">
     <span class='ocr_line' id='line_1_69' title="bbox 1859 1091 3436 1161; baseline 0 -17"><span class='ocrx_word' id='word_1_526' title='bbox 1859 1099 2085 1161; x_wconf 85' lang='lat' dir='ltr'><strong>prepter</strong></span> <span class='ocrx_word' id='word_1_527' title='bbox 2153 1098 2304 1145; x_wconf 91' lang='lat' dir='ltr'><strong>tuam</strong></span> <span class='ocrx_word' id='word_1_528' title='bbox 2357 1105 2545 1146; x_wconf 90' lang='lat' dir='ltr'><strong>vocem</strong></span> <span class='ocrx_word' id='word_1_529' title='bbox 2602 1091 2669 1145; x_wconf 92' lang='lat' dir='ltr'><strong>da</strong></span> <span class='ocrx_word' id='word_1_530' title='bbox 2721 1091 2855 1144; x_wconf 88' lang='lat' dir='ltr'><strong>mihi</strong></span> <span class='ocrx_word' id='word_1_531' title='bbox 2905 1092 3071 1144; x_wconf 87' lang='lat' dir='ltr'><strong>vitam</strong></span> <span class='ocrx_word' id='word_1_532' title='bbox 3123 1099 3436 1145; x_wconf 59' lang='lat' dir='ltr'><strong>aeternam:</strong></span> 
     </span>
    </p>
   </div>
   <div class='ocr_carea' id='block_1_70' title="bbox 1859 1181 3440 1254">
    <p class='ocr_par' dir='ltr' id='par_1_70' title="bbox 1859 1181 3440 1254">
     <span class='ocr_line' id='line_1_70' title="bbox 1859 1181 3440 1254; baseline -0.001 -19"><span class='ocrx_word' id='word_1_533' title='bbox 1859 1181 2120 1236; x_wconf 84' lang='lat' dir='ltr'><strong>Renuntia</strong></span> <span class='ocrx_word' id='word_1_534' title='bbox 2171 1181 2482 1253; x_wconf 73' lang='lat' dir='ltr'><strong>mihi,quem</strong></span> <span class='ocrx_word' id='word_1_535' title='bbox 2511 1183 2688 1254; x_wconf 81' lang='lat' dir='ltr'><strong>diligit</strong></span> <span class='ocrx_word' id='word_1_536' title='bbox 2729 1183 2910 1236; x_wconf 84' lang='lat' dir='ltr'><strong>anima</strong></span> <span class='ocrx_word' id='word_1_537' title='bbox 2973 1200 3112 1238; x_wconf 87' lang='lat' dir='ltr'><strong>mea.</strong></span> <span class='ocrx_word' id='word_1_538' title='bbox 3168 1183 3246 1236; x_wconf 87' lang='lat' dir='ltr'><strong>Ita</strong></span> <span class='ocrx_word' id='word_1_539' title='bbox 3291 1183 3440 1237; x_wconf 89' lang='lat' dir='ltr'><strong>enim</strong></span> 
     </span>
    </p>
   </div>
   <div class='ocr_carea' id='block_1_71' title="bbox 1859 1275 3441 1344">
    <p class='ocr_par' dir='ltr' id='par_1_71' title="bbox 1859 1275 3441 1344">
     <span class='ocr_line' id='line_1_71' title="bbox 1859 1275 3441 1344; baseline 0.002 -18"><span class='ocrx_word' id='word_1_540' title='bbox 1859 1282 1913 1329; x_wconf 90' lang='lat' dir='ltr'><strong>te</strong></span> <span class='ocrx_word' id='word_1_541' title='bbox 1943 1275 2202 1338; x_wconf 90' lang='lat' dir='ltr'><strong>nomino,</strong></span> <span class='ocrx_word' id='word_1_542' title='bbox 2249 1275 2509 1344; x_wconf 91' lang='lat' dir='ltr'><strong>quoniam</strong></span> <span class='ocrx_word' id='word_1_543' title='bbox 2555 1291 2755 1329; x_wconf 88' lang='lat' dir='ltr'><strong>nomen</strong></span> <span class='ocrx_word' id='word_1_544' title='bbox 2804 1284 2959 1329; x_wconf 89' lang='lat' dir='ltr'><strong>tuum</strong></span> <span class='ocrx_word' id='word_1_545' title='bbox 3003 1285 3229 1344; x_wconf 85' lang='lat' dir='ltr'><strong>superat</strong></span> <span class='ocrx_word' id='word_1_546' title='bbox 3278 1291 3441 1329; x_wconf 79' lang='lat' dir='ltr'><strong>Omtte</strong></span> 
     </span>
    </p>
   </div>
   <div class='ocr_carea' id='block_1_72' title="bbox 1860 1363 3442 1435">
    <p class='ocr_par' dir='ltr' id='par_1_72' title="bbox 1860 1363 3442 1435">
     <span class='ocr_line' id='line_1_72' title="bbox 1860 1363 3442 1435; baseline -0.003 -17"><span class='ocrx_word' id='word_1_547' title='bbox 1860 1380 2057 1418; x_wconf 87' lang='lat' dir='ltr'><strong>nomen</strong></span> <span class='ocrx_word' id='word_1_548' title='bbox 2085 1379 2416 1432; x_wconf 91' lang='lat' dir='ltr'><strong>omnemque</strong></span> <span class='ocrx_word' id='word_1_549' title='bbox 2446 1363 2866 1435; x_wconf 82' lang='lat' dir='ltr'><strong>intelligentiam</strong></span> <span class='ocrx_word' id='word_1_550' title='bbox 2890 1403 2904 1427; x_wconf 92' lang='lat'><strong>,</strong></span> <span class='ocrx_word' id='word_1_551' title='bbox 2932 1381 3031 1418; x_wconf 83' lang='lat' dir='ltr'><strong>nec</strong></span> <span class='ocrx_word' id='word_1_552' title='bbox 3063 1368 3320 1418; x_wconf 88' lang='lat' dir='ltr'><strong>universa</strong></span> <span class='ocrx_word' id='word_1_553' title='bbox 3345 1381 3442 1416; x_wconf 80' lang='lat' dir='ltr'><strong>tta-</strong></span> 
     </span>
    </p>
   </div>
   <div class='ocr_carea' id='block_1_73' title="bbox 1859 1455 3446 1525">
    <p class='ocr_par' dir='ltr' id='par_1_73' title="bbox 1859 1455 3446 1525">
     <span class='ocr_line' id='line_1_73' title="bbox 1859 1455 3446 1525; baseline 0.001 -17"><span class='ocrx_word' id='word_1_554' title='bbox 1859 1463 1983 1510; x_wconf 92' lang='lat' dir='ltr'><strong>tura</strong></span> <span class='ocrx_word' id='word_1_555' title='bbox 2015 1457 2291 1525; x_wconf 88' lang='lat' dir='ltr'><strong>particeps</strong></span> <span class='ocrx_word' id='word_1_556' title='bbox 2321 1456 2553 1511; x_wconf 85' lang='lat' dir='ltr'><strong>rationis</strong></span> <span class='ocrx_word' id='word_1_557' title='bbox 2582 1455 2635 1509; x_wconf 87' lang='lat' dir='ltr'><strong>id</strong></span> <span class='ocrx_word' id='word_1_558' title='bbox 2672 1457 2826 1511; x_wconf 82' lang='lat' dir='ltr'><strong>eli&#39;ari</strong></span> <span class='ocrx_word' id='word_1_559' title='bbox 2857 1463 3034 1525; x_wconf 86' lang='lat' dir='ltr'><strong>potest</strong></span> <span class='ocrx_word' id='word_1_560' title='bbox 3068 1464 3162 1508; x_wconf 89' lang='lat' dir='ltr'><strong>aut</strong></span> <span class='ocrx_word' id='word_1_561' title='bbox 3197 1471 3446 1525; x_wconf 75' lang='lat' dir='ltr'><strong>compre-</strong></span> 
     </span>
    </p>
   </div>
   <div class='ocr_carea' id='block_1_74' title="bbox 1861 1545 3444 1618">
    <p class='ocr_par' dir='ltr' id='par_1_74' title="bbox 1861 1545 3444 1618">
     <span class='ocr_line' id='line_1_74' title="bbox 1861 1545 3444 1618; baseline -0.001 -18"><span class='ocrx_word' id='word_1_562' title='bbox 1861 1547 2119 1601; x_wconf 82' lang='lat' dir='ltr'><strong>hendere.</strong></span> <span class='ocrx_word' id='word_1_563' title='bbox 2165 1545 2372 1602; x_wconf 87' lang='lat' dir='ltr'><strong>Nomen</strong></span> <span class='ocrx_word' id='word_1_564' title='bbox 2423 1563 2556 1618; x_wconf 84' lang='lat' dir='ltr'><strong>ergo</strong></span> <span class='ocrx_word' id='word_1_565' title='bbox 2591 1556 2747 1600; x_wconf 87' lang='lat' dir='ltr'><strong>tuutn</strong></span> <span class='ocrx_word' id='word_1_566' title='bbox 2775 1588 2788 1610; x_wconf 97' lang='lat'><strong>,</strong></span> <span class='ocrx_word' id='word_1_567' title='bbox 2816 1563 2926 1617; x_wconf 86' lang='lat' dir='ltr'><strong>quo</strong></span> <span class='ocrx_word' id='word_1_568' title='bbox 2957 1556 3049 1600; x_wconf 88' lang='lat' dir='ltr'><strong>tua</strong></span> <span class='ocrx_word' id='word_1_569' title='bbox 3087 1555 3444 1618; x_wconf 69' lang='lat' dir='ltr'><strong>cognoscutur</strong></span> 
     </span>
    </p>
   </div>
   <div class='ocr_carea' id='block_1_75' title="bbox 1861 1639 3440 1710">
    <p class='ocr_par' dir='ltr' id='par_1_75' title="bbox 1861 1639 3440 1710">
     <span class='ocr_line' id='line_1_75' title="bbox 1861 1639 3440 1710; baseline -0.002 -15"><span class='ocrx_word' id='word_1_570' title='bbox 1861 1642 2114 1707; x_wconf 84' lang='lat' dir='ltr'><strong>bonitas,</strong></span> <span class='ocrx_word' id='word_1_571' title='bbox 2174 1649 2260 1695; x_wconf 84' lang='lat' dir='ltr'><strong>est.</strong></span> <span class='ocrx_word' id='word_1_572' title='bbox 2315 1655 2448 1694; x_wconf 75' lang='lat' dir='ltr'><strong>mea:</strong></span> <span class='ocrx_word' id='word_1_573' title='bbox 2498 1641 2694 1693; x_wconf 67' lang='lat' dir='ltr'><strong>anim-.1:</strong></span> <span class='ocrx_word' id='word_1_574' title='bbox 2743 1655 2874 1710; x_wconf 81' lang='lat' dir='ltr'><strong>erga</strong></span> <span class='ocrx_word' id='word_1_575' title='bbox 2929 1650 2980 1694; x_wconf 90' lang='lat' dir='ltr'><strong>te</strong></span> <span class='ocrx_word' id='word_1_576' title='bbox 3040 1639 3440 1694; x_wconf 77' lang='lat' dir='ltr'><strong>benevolentia.</strong></span> 
     </span>
    </p>
   </div>
   <div class='ocr_carea' id='block_1_76' title="bbox 1862 1731 3443 1801">
    <p class='ocr_par' dir='ltr' id='par_1_76' title="bbox 1862 1731 3443 1801">
     <span class='ocr_line' id='line_1_76' title="bbox 1862 1731 3443 1801; baseline 0.001 -16"><span class='ocrx_word' id='word_1_577' title='bbox 1862 1732 2149 1798; x_wconf 85' lang='lat' dir='ltr'><strong>Quomodo</strong></span> <span class='ocrx_word' id='word_1_578' title='bbox 2186 1732 2330 1786; x_wconf 89' lang='lat' dir='ltr'><strong>enim</strong></span> <span class='ocrx_word' id='word_1_579' title='bbox 2364 1739 2418 1785; x_wconf 88' lang='lat' dir='ltr'><strong>te</strong></span> <span class='ocrx_word' id='word_1_580' title='bbox 2450 1747 2558 1785; x_wconf 87' lang='lat' dir='ltr'><strong>non</strong></span> <span class='ocrx_word' id='word_1_581' title='bbox 2586 1731 2843 1800; x_wconf 83' lang='lat' dir='ltr'><strong>diligam,</strong></span> <span class='ocrx_word' id='word_1_582' title='bbox 2898 1733 2992 1801; x_wconf 89' lang='lat' dir='ltr'><strong>qui</strong></span> <span class='ocrx_word' id='word_1_583' title='bbox 3041 1748 3125 1786; x_wconf 85' lang='lat' dir='ltr'><strong>me</strong></span> <span class='ocrx_word' id='word_1_584' title='bbox 3173 1733 3252 1786; x_wconf 90' lang='lat' dir='ltr'><strong>sic</strong></span> <span class='ocrx_word' id='word_1_585' title='bbox 3301 1731 3443 1786; x_wconf 89' lang='lat' dir='ltr'><strong>dile-</strong></span> 
     </span>
    </p>
   </div>
   <div class='ocr_carea' id='block_1_77' title="bbox 1866 1821 3443 1892">
    <p class='ocr_par' dir='ltr' id='par_1_77' title="bbox 1866 1821 3443 1892">
     <span class='ocr_line' id='line_1_77' title="bbox 1866 1821 3443 1892; baseline -0.001 -16"><span class='ocrx_word' id='word_1_586' title='bbox 1866 1825 1993 1877; x_wconf 84' lang='lat' dir='ltr'><strong>xisti</strong></span> <span class='ocrx_word' id='word_1_587' title='bbox 2020 1862 2034 1886; x_wconf 94' lang='lat'><strong>,</strong></span> <span class='ocrx_word' id='word_1_588' title='bbox 2070 1821 2290 1877; x_wconf 90' lang='lat' dir='ltr'><strong>etiamsi</strong></span> <span class='ocrx_word' id='word_1_589' title='bbox 2323 1821 2460 1876; x_wconf 90' lang='lat' dir='ltr'><strong>adeo</strong></span> <span class='ocrx_word' id='word_1_590' title='bbox 2493 1823 2649 1892; x_wconf 84' lang='lat' dir='ltr'><strong>nigra</strong></span> <span class='ocrx_word' id='word_1_591' title='bbox 2680 1837 2896 1884; x_wconf 88' lang='lat' dir='ltr'><strong>essem,</strong></span> <span class='ocrx_word' id='word_1_592' title='bbox 2925 1829 2985 1874; x_wconf 87' lang='lat' dir='ltr'><strong>nt</strong></span> <span class='ocrx_word' id='word_1_593' title='bbox 3018 1821 3255 1874; x_wconf 91' lang='lat' dir='ltr'><strong>animam</strong></span> <span class='ocrx_word' id='word_1_594' title='bbox 3293 1832 3443 1874; x_wconf 89' lang='lat' dir='ltr'><strong>tuam</strong></span> 
     </span>
    </p>
   </div>
   <div class='ocr_carea' id='block_1_78' title="bbox 1863 1911 3445 1988">
    <p class='ocr_par' dir='ltr' id='par_1_78' title="bbox 1863 1911 3445 1988">
     <span class='ocr_line' id='line_1_78' title="bbox 1863 1911 3445 1988; baseline -0.004 -18"><span class='ocrx_word' id='word_1_595' title='bbox 1863 1916 2115 1988; x_wconf 87' lang='lat' dir='ltr'><strong>posueris</strong></span> <span class='ocrx_word' id='word_1_596' title='bbox 2152 1931 2252 1985; x_wconf 91' lang='lat' dir='ltr'><strong>pro</strong></span> <span class='ocrx_word' id='word_1_597' title='bbox 2300 1915 2498 1969; x_wconf 88' lang='lat' dir='ltr'><strong>ovibus</strong></span> <span class='ocrx_word' id='word_1_598' title='bbox 2547 1930 2686 1984; x_wconf 85' lang='lat' dir='ltr'><strong>quas</strong></span> <span class='ocrx_word' id='word_1_599' title='bbox 2730 1923 2787 1968; x_wconf 92' lang='lat' dir='ltr'><strong>tu</strong></span> <span class='ocrx_word' id='word_1_600' title='bbox 2839 1911 3063 1984; x_wconf 83' lang='lat' dir='ltr'><strong>pascis?</strong></span> <span class='ocrx_word' id='word_1_601' title='bbox 3092 1911 3210 1967; x_wconf 86' lang='lat' dir='ltr'><strong>Non</strong></span> <span class='ocrx_word' id='word_1_602' title='bbox 3265 1921 3445 1982; x_wconf 82' lang='lat' dir='ltr'><strong>potest</strong></span> 
     </span>
    </p>
   </div>
   <div class='ocr_carea' id='block_1_79' title="bbox 1864 2007 3443 2078">
    <p class='ocr_par' dir='ltr' id='par_1_79' title="bbox 1864 2007 3443 2078">
     <span class='ocr_line' id='line_1_79' title="bbox 1864 2007 3443 2078; baseline -0.002 -17"><span class='ocrx_word' id='word_1_603' title='bbox 1864 2008 2092 2077; x_wconf 81' lang='lat' dir='ltr'><strong>cogitari</strong></span> <span class='ocrx_word' id='word_1_604' title='bbox 2152 2009 2254 2062; x_wconf 89' lang='lat' dir='ltr'><strong>hac</strong></span> <span class='ocrx_word' id='word_1_605' title='bbox 2317 2007 2494 2078; x_wconf 86' lang='lat' dir='ltr'><strong>major</strong></span> <span class='ocrx_word' id='word_1_606' title='bbox 2561 2007 2829 2070; x_wconf 87' lang='lat' dir='ltr'><strong>dilectio,</strong></span> <span class='ocrx_word' id='word_1_607' title='bbox 2893 2020 3056 2075; x_wconf 82' lang='lat' dir='ltr'><strong>quant</strong></span> <span class='ocrx_word' id='word_1_608' title='bbox 3110 2013 3202 2058; x_wconf 89' lang='lat' dir='ltr'><strong>tua</strong></span> <span class='ocrx_word' id='word_1_609' title='bbox 3259 2009 3443 2059; x_wconf 85' lang='lat' dir='ltr'><strong>anima</strong></span> 
     </span>
    </p>
   </div>
   <div class='ocr_carea' id='block_1_80' title="bbox 1864 2094 3442 2167">
    <p class='ocr_par' dir='ltr' id='par_1_80' title="bbox 1864 2094 3442 2167">
     <span class='ocr_line' id='line_1_80' title="bbox 1864 2094 3442 2167; baseline -0.003 -17"><span class='ocrx_word' id='word_1_610' title='bbox 1864 2112 2038 2151; x_wconf 90' lang='lat' dir='ltr'><strong>meam</strong></span> <span class='ocrx_word' id='word_1_611' title='bbox 2075 2105 2388 2167; x_wconf 84' lang='lat' dir='ltr'><strong>permutare</strong></span> <span class='ocrx_word' id='word_1_612' title='bbox 2424 2097 2682 2152; x_wconf 87' lang='lat' dir='ltr'><strong>salutem.</strong></span> <span class='ocrx_word' id='word_1_613' title='bbox 2713 2095 2855 2150; x_wconf 87' lang='lat' dir='ltr'><strong>Doce</strong></span> <span class='ocrx_word' id='word_1_614' title='bbox 2890 2110 2975 2148; x_wconf 90' lang='lat' dir='ltr'><strong>me</strong></span> <span class='ocrx_word' id='word_1_615' title='bbox 3003 2094 3190 2163; x_wconf 82' lang='lat' dir='ltr'><strong>igitur,</strong></span> <span class='ocrx_word' id='word_1_616' title='bbox 3225 2094 3442 2163; x_wconf 89' lang='lat' dir='ltr'><strong>inquit,</strong></span> 
     </span>
    </p>
   </div>
   <div class='ocr_carea' id='block_1_81' title="bbox 1862 2185 3442 2257">
    <p class='ocr_par' dir='ltr' id='par_1_81' title="bbox 1862 2185 3442 2257">
     <span class='ocr_line' id='line_1_81' title="bbox 1862 2185 3442 2257; baseline -0.003 -16"><span class='ocrx_word' id='word_1_617' title='bbox 1862 2188 1956 2241; x_wconf 92' lang='lat' dir='ltr'><strong>ubi</strong></span> <span class='ocrx_word' id='word_1_618' title='bbox 1996 2203 2228 2257; x_wconf 85' lang='lat' dir='ltr'><strong>pascas,</strong></span> <span class='ocrx_word' id='word_1_619' title='bbox 2262 2196 2321 2240; x_wconf 93' lang='lat' dir='ltr'><strong>ut</strong></span> <span class='ocrx_word' id='word_1_620' title='bbox 2373 2188 2603 2241; x_wconf 85' lang='lat' dir='ltr'><strong>salutari</strong></span> <span class='ocrx_word' id='word_1_621' title='bbox 2657 2188 2877 2240; x_wconf 84' lang='lat' dir='ltr'><strong>inventa</strong></span> <span class='ocrx_word' id='word_1_622' title='bbox 2933 2188 3184 2257; x_wconf 86' lang='lat' dir='ltr'><strong>pastione</strong></span> <span class='ocrx_word' id='word_1_623' title='bbox 3229 2185 3442 2240; x_wconf 70' lang='lat' dir='ltr'><strong>emlesti</strong></span> 
     </span>
    </p>
   </div>
   <div class='ocr_carea' id='block_1_82' title="bbox 1861 2275 3445 2349">
    <p class='ocr_par' dir='ltr' id='par_1_82' title="bbox 1861 2275 3445 2349">
     <span class='ocr_line' id='line_1_82' title="bbox 1861 2275 3445 2349; baseline -0.003 -15"><span class='ocrx_word' id='word_1_624' title='bbox 1861 2280 2091 2349; x_wconf 83' lang='lat' dir='ltr'><strong>implear</strong></span> <span class='ocrx_word' id='word_1_625' title='bbox 2125 2275 2503 2345; x_wconf 87' lang='lat' dir='ltr'><strong>nutrimento,</strong></span> <span class='ocrx_word' id='word_1_626' title='bbox 2548 2278 2695 2348; x_wconf 84' lang='lat' dir='ltr'><strong>quod</strong></span> <span class='ocrx_word' id='word_1_627' title='bbox 2737 2280 2829 2348; x_wconf 93' lang='lat' dir='ltr'><strong>qui</strong></span> <span class='ocrx_word' id='word_1_628' title='bbox 2866 2294 2975 2333; x_wconf 89' lang='lat' dir='ltr'><strong>non</strong></span> <span class='ocrx_word' id='word_1_629' title='bbox 3018 2278 3284 2340; x_wconf 81' lang='lat' dir='ltr'><strong>comedit,</strong></span> <span class='ocrx_word' id='word_1_630' title='bbox 3333 2293 3445 2331; x_wconf 85' lang='lat' dir='ltr'><strong>non</strong></span> 
     </span>
    </p>
   </div>
   <div class='ocr_carea' id='block_1_83' title="bbox 1861 2369 3445 2440">
    <p class='ocr_par' dir='ltr' id='par_1_83' title="bbox 1861 2369 3445 2440">
     <span class='ocr_line' id='line_1_83' title="bbox 1861 2369 3445 2440; baseline 0.001 -18"><span class='ocrx_word' id='word_1_631' title='bbox 1861 2379 2042 2438; x_wconf 84' lang='lat' dir='ltr'><strong>potest</strong></span> <span class='ocrx_word' id='word_1_632' title='bbox 2073 2371 2282 2440; x_wconf 79' lang='lat' dir='ltr'><strong>ingredi</strong></span> <span class='ocrx_word' id='word_1_633' title='bbox 2311 2370 2364 2422; x_wconf 90' lang='lat' dir='ltr'><strong>in</strong></span> <span class='ocrx_word' id='word_1_634' title='bbox 2399 2370 2564 2422; x_wconf 89' lang='lat' dir='ltr'><strong>vitam</strong></span> <span class='ocrx_word' id='word_1_635' title='bbox 2607 2378 2867 2423; x_wconf 66' lang='lat' dir='ltr'><strong>aeternam</strong></span> <span class='ocrx_word' id='word_1_636' title='bbox 2897 2385 2911 2434; x_wconf 90' lang='lat'>;</span> <span class='ocrx_word' id='word_1_637' title='bbox 2944 2380 2999 2425; x_wconf 92' lang='lat' dir='ltr'><strong>et</strong></span> <span class='ocrx_word' id='word_1_638' title='bbox 3043 2387 3343 2426; x_wconf 87' lang='lat' dir='ltr'><strong>accurrens</strong></span> <span class='ocrx_word' id='word_1_639' title='bbox 3376 2369 3445 2424; x_wconf 87' lang='lat' dir='ltr'><strong>ad</strong></span> 
     </span>
    </p>
   </div>
   <div class='ocr_carea' id='block_1_84' title="bbox 1861 2461 3443 2534">
    <p class='ocr_par' dir='ltr' id='par_1_84' title="bbox 1861 2461 3443 2534">
     <span class='ocr_line' id='line_1_84' title="bbox 1861 2461 3443 2534; baseline 0.001 -20"><span class='ocrx_word' id='word_1_640' title='bbox 1861 2463 2064 2515; x_wconf 72' lang='lat' dir='ltr'><strong>fontem</strong></span> <span class='ocrx_word' id='word_1_641' title='bbox 2093 2502 2108 2526; x_wconf 92' lang='lat'><strong>,</strong></span> <span class='ocrx_word' id='word_1_642' title='bbox 2160 2461 2405 2516; x_wconf 90' lang='lat' dir='ltr'><strong>divinum</strong></span> <span class='ocrx_word' id='word_1_643' title='bbox 2451 2469 2640 2531; x_wconf 91' lang='lat' dir='ltr'><strong>potum</strong></span> <span class='ocrx_word' id='word_1_644' title='bbox 2681 2463 2964 2527; x_wconf 84' lang='lat' dir='ltr'><strong>hauriam,</strong></span> <span class='ocrx_word' id='word_1_645' title='bbox 3009 2479 3170 2534; x_wconf 90' lang='lat' dir='ltr'><strong>quem</strong></span> <span class='ocrx_word' id='word_1_646' title='bbox 3221 2473 3275 2517; x_wconf 92' lang='lat' dir='ltr'><strong>tu</strong></span> <span class='ocrx_word' id='word_1_647' title='bbox 3320 2471 3443 2517; x_wconf 86' lang='lat' dir='ltr'><strong>tan-</strong></span> 
     </span>
    </p>
   </div>
   <div class='ocr_carea' id='block_1_85' title="bbox 1861 2549 3444 2624">
    <p class='ocr_par' dir='ltr' id='par_1_85' title="bbox 1861 2549 3444 2624">
     <span class='ocr_line' id='line_1_85' title="bbox 1861 2549 3444 2624; baseline 0.003 -21"><span class='ocrx_word' id='word_1_648' title='bbox 1861 2566 2026 2618; x_wconf 88' lang='lat' dir='ltr'><strong>quam</strong></span> <span class='ocrx_word' id='word_1_649' title='bbox 2052 2567 2118 2606; x_wconf 76' lang='lat' dir='ltr'><strong>ex</strong></span> <span class='ocrx_word' id='word_1_650' title='bbox 2135 2549 2284 2605; x_wconf 82' lang='lat' dir='ltr'><strong>fonte</strong></span> <span class='ocrx_word' id='word_1_651' title='bbox 2307 2551 2518 2620; x_wconf 64' lang='lat' dir='ltr'><strong>praebes</strong></span> <span class='ocrx_word' id='word_1_652' title='bbox 2539 2552 2872 2617; x_wconf 89' lang='lat' dir='ltr'><strong>sitientibus,</strong></span> <span class='ocrx_word' id='word_1_653' title='bbox 2889 2567 3087 2623; x_wconf 89' lang='lat' dir='ltr'><strong>aquam</strong></span> <span class='ocrx_word' id='word_1_654' title='bbox 3104 2551 3444 2624; x_wconf 80' lang='lat' dir='ltr'><strong>profundens</strong></span> 
     </span>
    </p>
   </div>
   <div class='ocr_carea' id='block_1_86' title="bbox 1859 2641 3442 2715">
    <p class='ocr_par' dir='ltr' id='par_1_86' title="bbox 1859 2641 3442 2715">
     <span class='ocr_line' id='line_1_86' title="bbox 1859 2641 3442 2715; baseline 0.003 -19"><span class='ocrx_word' id='word_1_655' title='bbox 1859 2657 1924 2696; x_wconf 82' lang='lat' dir='ltr'><strong>ex</strong></span> <span class='ocrx_word' id='word_1_656' title='bbox 1979 2652 2074 2695; x_wconf 89' lang='lat' dir='ltr'><strong>tuo</strong></span> <span class='ocrx_word' id='word_1_657' title='bbox 2105 2641 2274 2696; x_wconf 87' lang='lat' dir='ltr'><strong>latere</strong></span> <span class='ocrx_word' id='word_1_658' title='bbox 2299 2682 2314 2708; x_wconf 95' lang='lat'><strong>,</strong></span> <span class='ocrx_word' id='word_1_659' title='bbox 2365 2641 2511 2695; x_wconf 81' lang='lat' dir='ltr'><strong>ferro</strong></span> <span class='ocrx_word' id='word_1_660' title='bbox 2547 2641 2648 2696; x_wconf 88' lang='lat' dir='ltr'><strong>hac</strong></span> <span class='ocrx_word' id='word_1_661' title='bbox 2689 2659 2826 2697; x_wconf 89' lang='lat' dir='ltr'><strong>vena</strong></span> <span class='ocrx_word' id='word_1_662' title='bbox 2864 2653 3051 2714; x_wconf 89' lang='lat' dir='ltr'><strong>aperta</strong></span> <span class='ocrx_word' id='word_1_663' title='bbox 3081 2687 3094 2709; x_wconf 93' lang='lat'><strong>,</strong></span> <span class='ocrx_word' id='word_1_664' title='bbox 3130 2660 3294 2715; x_wconf 91' lang='lat' dir='ltr'><strong>quam</strong></span> <span class='ocrx_word' id='word_1_665' title='bbox 3347 2646 3442 2715; x_wconf 90' lang='lat' dir='ltr'><strong>qui</strong></span> 
     </span>
    </p>
   </div>
   <div class='ocr_carea' id='block_1_87' title="bbox 1858 2732 3440 2801">
    <p class='ocr_par' dir='ltr' id='par_1_87' title="bbox 1858 2732 3440 2801">
     <span class='ocr_line' id='line_1_87' title="bbox 1858 2732 3440 2801; baseline 0.005 -17"><span class='ocrx_word' id='word_1_666' title='bbox 1858 2733 2182 2801; x_wconf 81' lang='lat' dir='ltr'><strong>gustaverit,</strong></span> <span class='ocrx_word' id='word_1_667' title='bbox 2201 2733 2258 2784; x_wconf 87' lang='lat' dir='ltr'><strong>tit</strong></span> <span class='ocrx_word' id='word_1_668' title='bbox 2278 2732 2399 2787; x_wconf 76' lang='lat' dir='ltr'><strong>fons</strong></span> <span class='ocrx_word' id='word_1_669' title='bbox 2418 2748 2574 2801; x_wconf 68' lang='lat' dir='ltr'><strong>aqua:</strong></span> <span class='ocrx_word' id='word_1_670' title='bbox 2594 2735 2843 2791; x_wconf 85' lang='lat' dir='ltr'><strong>salientis</strong></span> <span class='ocrx_word' id='word_1_671' title='bbox 2866 2736 2932 2789; x_wconf 87' lang='lat' dir='ltr'><strong>ad</strong></span> <span class='ocrx_word' id='word_1_672' title='bbox 2962 2737 3130 2789; x_wconf 87' lang='lat' dir='ltr'><strong>vitam</strong></span> <span class='ocrx_word' id='word_1_673' title='bbox 3158 2743 3440 2792; x_wconf 58' lang='lat' dir='ltr'><strong>aeternam.</strong></span> 
     </span>
    </p>
   </div>
   <div class='ocr_carea' id='block_1_88' title="bbox 1861 2825 3446 2895">
    <p class='ocr_par' dir='ltr' id='par_1_88' title="bbox 1861 2825 3446 2895">
     <span class='ocr_line' id='line_1_88' title="bbox 1861 2825 3446 2895; baseline 0.004 -17"><span class='ocrx_word' id='word_1_674' title='bbox 1861 2825 1917 2878; x_wconf 91' lang='lat' dir='ltr'><strong>Si</strong></span> <span class='ocrx_word' id='word_1_675' title='bbox 1948 2826 2092 2879; x_wconf 87' lang='lat' dir='ltr'><strong>enim</strong></span> <span class='ocrx_word' id='word_1_676' title='bbox 2123 2825 2178 2878; x_wconf 91' lang='lat' dir='ltr'><strong>in</strong></span> <span class='ocrx_word' id='word_1_677' title='bbox 2209 2825 2295 2878; x_wconf 89' lang='lat' dir='ltr'><strong>bis</strong></span> <span class='ocrx_word' id='word_1_678' title='bbox 2320 2841 2407 2879; x_wconf 92' lang='lat' dir='ltr'><strong>me</strong></span> <span class='ocrx_word' id='word_1_679' title='bbox 2430 2840 2650 2895; x_wconf 90' lang='lat' dir='ltr'><strong>pascas,</strong></span> <span class='ocrx_word' id='word_1_680' title='bbox 2683 2843 2769 2881; x_wconf 90' lang='lat' dir='ltr'><strong>me</strong></span> <span class='ocrx_word' id='word_1_681' title='bbox 2797 2829 3022 2882; x_wconf 86' lang='lat' dir='ltr'><strong>omnino</strong></span> <span class='ocrx_word' id='word_1_682' title='bbox 3049 2828 3220 2882; x_wconf 78' lang='lat' dir='ltr'><strong>iacies</strong></span> <span class='ocrx_word' id='word_1_683' title='bbox 3239 2829 3446 2884; x_wconf 80' lang='lat' dir='ltr'><strong>cubare</strong></span> 
     </span>
    </p>
   </div>
   <div class='ocr_carea' id='block_1_89' title="bbox 1859 2917 3444 2987">
    <p class='ocr_par' dir='ltr' id='par_1_89' title="bbox 1859 2917 3444 2987">
     <span class='ocr_line' id='line_1_89' title="bbox 1859 2917 3444 2987; baseline 0.003 -17"><span class='ocrx_word' id='word_1_684' title='bbox 1859 2917 1914 2970; x_wconf 90' lang='lat' dir='ltr'><strong>in</strong></span> <span class='ocrx_word' id='word_1_685' title='bbox 1951 2917 2212 2979; x_wconf 90' lang='lat' dir='ltr'><strong>meridie,</strong></span> <span class='ocrx_word' id='word_1_686' title='bbox 2246 2918 2468 2984; x_wconf 91' lang='lat' dir='ltr'><strong>quando</strong></span> <span class='ocrx_word' id='word_1_687' title='bbox 2505 2923 2558 2970; x_wconf 84' lang='lat' dir='ltr'><strong>in</strong></span> <span class='ocrx_word' id='word_1_688' title='bbox 2596 2931 2780 2987; x_wconf 88' lang='lat' dir='ltr'><strong>pacem</strong></span> <span class='ocrx_word' id='word_1_689' title='bbox 2814 2919 2978 2974; x_wconf 89' lang='lat' dir='ltr'><strong>simul</strong></span> <span class='ocrx_word' id='word_1_690' title='bbox 3010 2919 3326 2983; x_wconf 88' lang='lat' dir='ltr'><strong>dormiens,</strong></span> <span class='ocrx_word' id='word_1_691' title='bbox 3357 2935 3444 2975; x_wconf 89' lang='lat' dir='ltr'><strong>re-</strong></span> 
     </span>
    </p>
   </div>
   <div class='ocr_carea' id='block_1_90' title="bbox 1859 3008 3446 3080">
    <p class='ocr_par' dir='ltr' id='par_1_90' title="bbox 1859 3008 3446 3080">
     <span class='ocr_line' id='line_1_90' title="bbox 1859 3008 3446 3080; baseline 0.002 -20"><span class='ocrx_word' id='word_1_692' title='bbox 1859 3009 2138 3077; x_wconf 89' lang='lat' dir='ltr'><strong>quiescam</strong></span> <span class='ocrx_word' id='word_1_693' title='bbox 2163 3008 2215 3060; x_wconf 93' lang='lat' dir='ltr'><strong>in</strong></span> <span class='ocrx_word' id='word_1_694' title='bbox 2247 3008 2365 3060; x_wconf 90' lang='lat' dir='ltr'><strong>luce</strong></span> <span class='ocrx_word' id='word_1_695' title='bbox 2395 3023 2517 3076; x_wconf 84' lang='lat' dir='ltr'><strong>quae</strong></span> <span class='ocrx_word' id='word_1_696' title='bbox 2540 3017 2690 3062; x_wconf 87' lang='lat' dir='ltr'><strong>caret</strong></span> <span class='ocrx_word' id='word_1_697' title='bbox 2714 3010 2945 3075; x_wconf 87' lang='lat' dir='ltr'><strong>umbra;</strong></span> <span class='ocrx_word' id='word_1_698' title='bbox 2980 3010 3251 3080; x_wconf 91' lang='lat' dir='ltr'><strong>siquidem</strong></span> <span class='ocrx_word' id='word_1_699' title='bbox 3284 3010 3446 3065; x_wconf 84' lang='lat' dir='ltr'><strong>meri-</strong></span> 
     </span>
    </p>
   </div>
   <div class='ocr_carea' id='block_1_91' title="bbox 1859 3098 3443 3173">
    <p class='ocr_par' dir='ltr' id='par_1_91' title="bbox 1859 3098 3443 3173">
     <span class='ocr_line' id='line_1_91' title="bbox 1859 3098 3443 3173; baseline 0.004 -22"><span class='ocrx_word' id='word_1_700' title='bbox 1859 3099 1978 3152; x_wconf 85' lang='lat' dir='ltr'><strong>uies</strong></span> <span class='ocrx_word' id='word_1_701' title='bbox 2001 3098 2192 3152; x_wconf 90' lang='lat' dir='ltr'><strong>umbra</strong></span> <span class='ocrx_word' id='word_1_702' title='bbox 2219 3107 2390 3160; x_wconf 84' lang='lat' dir='ltr'><strong>caret,</strong></span> <span class='ocrx_word' id='word_1_703' title='bbox 2410 3099 2523 3153; x_wconf 85' lang='lat' dir='ltr'><strong>Sole</strong></span> <span class='ocrx_word' id='word_1_704' title='bbox 2549 3100 2762 3154; x_wconf 86' lang='lat' dir='ltr'><strong>lucente</strong></span> <span class='ocrx_word' id='word_1_705' title='bbox 2787 3113 2951 3170; x_wconf 90' lang='lat' dir='ltr'><strong>super</strong></span> <span class='ocrx_word' id='word_1_706' title='bbox 2966 3104 3252 3166; x_wconf 85' lang='lat' dir='ltr'><strong>verticem,</strong></span> <span class='ocrx_word' id='word_1_707' title='bbox 3268 3102 3443 3173; x_wconf 84' lang='lat' dir='ltr'><strong>inqua</strong></span> 
     </span>
    </p>
   </div>
   <div class='ocr_carea' id='block_1_92' title="bbox 1858 3189 3444 3264">
    <p class='ocr_par' dir='ltr' id='par_1_92' title="bbox 1858 3189 3444 3264">
     <span class='ocr_line' id='line_1_92' title="bbox 1858 3189 3444 3264; baseline 0.006 -23"><span class='ocrx_word' id='word_1_708' title='bbox 1858 3199 1915 3242; x_wconf 91' lang='lat' dir='ltr'><strong>tu</strong></span> <span class='ocrx_word' id='word_1_709' title='bbox 1953 3191 2156 3242; x_wconf 89' lang='lat' dir='ltr'><strong>cubare</strong></span> <span class='ocrx_word' id='word_1_710' title='bbox 2181 3189 2316 3243; x_wconf 80' lang='lat' dir='ltr'><strong>facis</strong></span> <span class='ocrx_word' id='word_1_711' title='bbox 2345 3205 2443 3244; x_wconf 91' lang='lat' dir='ltr'><strong>eos</strong></span> <span class='ocrx_word' id='word_1_712' title='bbox 2472 3207 2612 3260; x_wconf 75' lang='lat' dir='ltr'><strong>quos</strong></span> <span class='ocrx_word' id='word_1_713' title='bbox 2640 3200 2696 3244; x_wconf 92' lang='lat' dir='ltr'><strong>tu</strong></span> <span class='ocrx_word' id='word_1_714' title='bbox 2735 3193 3191 3264; x_wconf 85' lang='lat' dir='ltr'><strong>pavisti,quando</strong></span> <span class='ocrx_word' id='word_1_715' title='bbox 3219 3203 3277 3248; x_wconf 92' lang='lat' dir='ltr'><strong>tu</strong></span> <span class='ocrx_word' id='word_1_716' title='bbox 3312 3210 3444 3264; x_wconf 83' lang='lat' dir='ltr'><strong>pue-</strong></span> 
     </span>
    </p>
   </div>
   <div class='ocr_carea' id='block_1_93' title="bbox 1857 3280 3443 3349">
    <p class='ocr_par' dir='ltr' id='par_1_93' title="bbox 1857 3280 3443 3349">
     <span class='ocr_line' id='line_1_93' title="bbox 1857 3280 3443 3349; baseline 0.006 -17"><span class='ocrx_word' id='word_1_717' title='bbox 1857 3293 1948 3334; x_wconf 89' lang='lat' dir='ltr'><strong>ros</strong></span> <span class='ocrx_word' id='word_1_718' title='bbox 1977 3290 2100 3333; x_wconf 92' lang='lat' dir='ltr'><strong>tuos</strong></span> <span class='ocrx_word' id='word_1_719' title='bbox 2123 3280 2366 3349; x_wconf 79' lang='lat' dir='ltr'><strong>excipies</strong></span> <span class='ocrx_word' id='word_1_720' title='bbox 2403 3289 2585 3336; x_wconf 88' lang='lat' dir='ltr'><strong>tecum</strong></span> <span class='ocrx_word' id='word_1_721' title='bbox 2619 3283 2675 3336; x_wconf 89' lang='lat' dir='ltr'><strong>in</strong></span> <span class='ocrx_word' id='word_1_722' title='bbox 2708 3284 2913 3339; x_wconf 88' lang='lat' dir='ltr'><strong>cubile.</strong></span> <span class='ocrx_word' id='word_1_723' title='bbox 2937 3283 3108 3340; x_wconf 86' lang='lat' dir='ltr'><strong>Nemo</strong></span> <span class='ocrx_word' id='word_1_724' title='bbox 3134 3298 3314 3342; x_wconf 87' lang='lat' dir='ltr'><strong>autem</strong></span> <span class='ocrx_word' id='word_1_725' title='bbox 3341 3287 3443 3342; x_wconf 90' lang='lat' dir='ltr'><strong>hac</strong></span> 
     </span>
    </p>
   </div>
   <div class='ocr_carea' id='block_1_94' title="bbox 1859 3372 3444 3448">
    <p class='ocr_par' dir='ltr' id='par_1_94' title="bbox 1859 3372 3444 3448">
     <span class='ocr_line' id='line_1_94' title="bbox 1859 3372 3444 3448; baseline 0.005 -24"><span class='ocrx_word' id='word_1_726' title='bbox 1859 3372 2160 3425; x_wconf 87' lang='lat' dir='ltr'><strong>meridiana</strong></span> <span class='ocrx_word' id='word_1_727' title='bbox 2199 3374 2392 3438; x_wconf 87' lang='lat' dir='ltr'><strong>requie</strong></span> <span class='ocrx_word' id='word_1_728' title='bbox 2428 3373 2627 3444; x_wconf 82' lang='lat' dir='ltr'><strong>dignus</strong></span> <span class='ocrx_word' id='word_1_729' title='bbox 2682 3385 2960 3443; x_wconf 89' lang='lat' dir='ltr'><strong>censetur,</strong></span> <span class='ocrx_word' id='word_1_730' title='bbox 3005 3380 3098 3448; x_wconf 90' lang='lat' dir='ltr'><strong>qui</strong></span> <span class='ocrx_word' id='word_1_731' title='bbox 3135 3393 3244 3433; x_wconf 91' lang='lat' dir='ltr'><strong>non</strong></span> <span class='ocrx_word' id='word_1_732' title='bbox 3277 3377 3444 3434; x_wconf 79' lang='lat' dir='ltr'><strong>fuerit</strong></span> 
     </span>
    </p>
   </div>
   <div class='ocr_carea' id='block_1_95' title="bbox 1857 3466 3443 3540">
    <p class='ocr_par' dir='ltr' id='par_1_95' title="bbox 1857 3466 3443 3540">
     <span class='ocr_line' id='line_1_95' title="bbox 1857 3466 3443 3540; baseline 0.006 -20"><span class='ocrx_word' id='word_1_733' title='bbox 1857 3466 2003 3520; x_wconf 82' lang='lat' dir='ltr'><strong>ﬁlius</strong></span> <span class='ocrx_word' id='word_1_734' title='bbox 2034 3467 2195 3531; x_wconf 88' lang='lat' dir='ltr'><strong>lucis,</strong></span> <span class='ocrx_word' id='word_1_735' title='bbox 2228 3477 2282 3522; x_wconf 92' lang='lat' dir='ltr'><strong>et</strong></span> <span class='ocrx_word' id='word_1_736' title='bbox 2319 3469 2465 3524; x_wconf 88' lang='lat' dir='ltr'><strong>Illius</strong></span> <span class='ocrx_word' id='word_1_737' title='bbox 2506 3467 2636 3528; x_wconf 88' lang='lat' dir='ltr'><strong>diei.</strong></span> <span class='ocrx_word' id='word_1_738' title='bbox 2655 3469 2758 3536; x_wconf 84' lang='lat' dir='ltr'><strong>Qui</strong></span> <span class='ocrx_word' id='word_1_739' title='bbox 2788 3479 2969 3527; x_wconf 89' lang='lat' dir='ltr'><strong>autem</strong></span> <span class='ocrx_word' id='word_1_740' title='bbox 2990 3487 3049 3527; x_wconf 91' lang='lat' dir='ltr'><strong>se</strong></span> <span class='ocrx_word' id='word_1_741' title='bbox 3081 3487 3143 3526; x_wconf 78' lang='lat' dir='ltr'><strong>ex</strong></span> <span class='ocrx_word' id='word_1_742' title='bbox 3166 3486 3323 3540; x_wconf 62' lang='lat' dir='ltr'><strong>aequo</strong></span> <span class='ocrx_word' id='word_1_743' title='bbox 3355 3487 3443 3528; x_wconf 82' lang='lat' dir='ltr'><strong>se-</strong></span> 
     </span>
    </p>
   </div>
   <div class='ocr_carea' id='block_1_96' title="bbox 1857 3558 3442 3631">
    <p class='ocr_par' dir='ltr' id='par_1_96' title="bbox 1857 3558 3442 3631">
     <span class='ocr_line' id='line_1_96' title="bbox 1857 3558 3442 3631; baseline 0.006 -22"><span class='ocrx_word' id='word_1_744' title='bbox 1857 3558 2075 3626; x_wconf 86' lang='lat' dir='ltr'><strong>paravit</strong></span> <span class='ocrx_word' id='word_1_745' title='bbox 2137 3573 2166 3611; x_wconf 92' lang='lat' dir='ltr'><strong>a</strong></span> <span class='ocrx_word' id='word_1_746' title='bbox 2218 3559 2550 3628; x_wconf 88' lang='lat' dir='ltr'><strong>vespertinis</strong></span> <span class='ocrx_word' id='word_1_747' title='bbox 2597 3569 2649 3615; x_wconf 87' lang='lat' dir='ltr'><strong>et</strong></span> <span class='ocrx_word' id='word_1_748' title='bbox 2688 3562 2978 3618; x_wconf 90' lang='lat' dir='ltr'><strong>matutinis</strong></span> <span class='ocrx_word' id='word_1_749' title='bbox 3029 3565 3294 3631; x_wconf 90' lang='lat' dir='ltr'><strong>tenebris,</strong></span> <span class='ocrx_word' id='word_1_750' title='bbox 3338 3566 3442 3620; x_wconf 85' lang='lat' dir='ltr'><strong>hoc</strong></span> 
     </span>
    </p>
   </div>
   <div class='ocr_carea' id='block_1_97' title="bbox 1855 3649 3438 3723">
    <p class='ocr_par' dir='ltr' id='par_1_97' title="bbox 1855 3649 3438 3723">
     <span class='ocr_line' id='line_1_97' title="bbox 1855 3649 3438 3723; baseline 0.006 -19"><span class='ocrx_word' id='word_1_751' title='bbox 1855 3660 1964 3712; x_wconf 89' lang='lat' dir='ltr'><strong>est,</strong></span> <span class='ocrx_word' id='word_1_752' title='bbox 2001 3649 2092 3703; x_wconf 91' lang='lat' dir='ltr'><strong>ubi</strong></span> <span class='ocrx_word' id='word_1_753' title='bbox 2121 3651 2312 3720; x_wconf 89' lang='lat' dir='ltr'><strong>incipit</strong></span> <span class='ocrx_word' id='word_1_754' title='bbox 2340 3652 2542 3705; x_wconf 90' lang='lat' dir='ltr'><strong>malum</strong></span> <span class='ocrx_word' id='word_1_755' title='bbox 2559 3660 2612 3706; x_wconf 82' lang='lat' dir='ltr'><strong>et</strong></span> <span class='ocrx_word' id='word_1_756' title='bbox 2643 3653 2698 3706; x_wconf 91' lang='lat' dir='ltr'><strong>in</strong></span> <span class='ocrx_word' id='word_1_757' title='bbox 2727 3653 2875 3722; x_wconf 88' lang='lat' dir='ltr'><strong>quod</strong></span> <span class='ocrx_word' id='word_1_758' title='bbox 2905 3655 3133 3723; x_wconf 90' lang='lat' dir='ltr'><strong>desinit,</strong></span> <span class='ocrx_word' id='word_1_759' title='bbox 3157 3657 3201 3711; x_wconf 88' lang='lat' dir='ltr'><strong>is</strong></span> <span class='ocrx_word' id='word_1_760' title='bbox 3234 3657 3286 3711; x_wconf 91' lang='lat' dir='ltr'><strong>in</strong></span> <span class='ocrx_word' id='word_1_761' title='bbox 3323 3674 3438 3713; x_wconf 87' lang='lat' dir='ltr'><strong>me-</strong></span> 
     </span>
    </p>
   </div>
   <div class='ocr_carea' id='block_1_98' title="bbox 1857 3745 3435 3820">
    <p class='ocr_par' dir='ltr' id='par_1_98' title="bbox 1857 3745 3435 3820">
     <span class='ocr_line' id='line_1_98' title="bbox 1857 3745 3435 3820; baseline 0.004 -23"><span class='ocrx_word' id='word_1_762' title='bbox 1857 3745 2016 3805; x_wconf 91' lang='lat' dir='ltr'><strong>ridie,</strong></span> <span class='ocrx_word' id='word_1_763' title='bbox 2062 3753 2121 3798; x_wconf 92' lang='lat' dir='ltr'><strong>ut</strong></span> <span class='ocrx_word' id='word_1_764' title='bbox 2149 3745 2204 3798; x_wconf 91' lang='lat' dir='ltr'><strong>in</strong></span> <span class='ocrx_word' id='word_1_765' title='bbox 2251 3759 2318 3799; x_wconf 90' lang='lat' dir='ltr'><strong>eo</strong></span> <span class='ocrx_word' id='word_1_766' title='bbox 2348 3746 2534 3809; x_wconf 90' lang='lat' dir='ltr'><strong>cubet,</strong></span> <span class='ocrx_word' id='word_1_767' title='bbox 2580 3748 2887 3802; x_wconf 89' lang='lat' dir='ltr'><strong>collocatur</strong></span> <span class='ocrx_word' id='word_1_768' title='bbox 2940 3764 2968 3802; x_wconf 96' lang='lat' dir='ltr'><strong>a</strong></span> <span class='ocrx_word' id='word_1_769' title='bbox 3021 3751 3138 3804; x_wconf 89' lang='lat' dir='ltr'><strong>sole</strong></span> <span class='ocrx_word' id='word_1_770' title='bbox 3183 3751 3435 3820; x_wconf 71' lang='lat' dir='ltr'><strong>justitiae,</strong></span> 
     </span>
    </p>
   </div>
   <div class='ocr_carea' id='block_1_99' title="bbox 1859 3835 3440 3911">
    <p class='ocr_par' dir='ltr' id='par_1_99' title="bbox 1859 3835 3440 3911">
     <span class='ocr_line' id='line_1_99' title="bbox 1859 3835 3440 3911; baseline 0.004 -21"><span class='ocrx_word' id='word_1_771' title='bbox 1859 3835 2117 3907; x_wconf 80' lang='lat' dir='ltr'><strong>Signilica</strong></span> <span class='ocrx_word' id='word_1_772' title='bbox 2151 3851 2282 3906; x_wconf 80' lang='lat' dir='ltr'><strong>ergo</strong></span> <span class='ocrx_word' id='word_1_773' title='bbox 2314 3837 2473 3901; x_wconf 92' lang='lat' dir='ltr'><strong>mihi,</strong></span> <span class='ocrx_word' id='word_1_774' title='bbox 2506 3837 2706 3907; x_wconf 88' lang='lat' dir='ltr'><strong>inquit,</strong></span> <span class='ocrx_word' id='word_1_775' title='bbox 2751 3839 3030 3908; x_wconf 88' lang='lat' dir='ltr'><strong>quomodo</strong></span> <span class='ocrx_word' id='word_1_776' title='bbox 3058 3851 3306 3911; x_wconf 87' lang='lat' dir='ltr'><strong>oporteat</strong></span> <span class='ocrx_word' id='word_1_777' title='bbox 3335 3859 3440 3897; x_wconf 90' lang='lat' dir='ltr'><strong>cu-</strong></span> 
     </span>
    </p>
   </div>
   <div class='ocr_carea' id='block_1_100' title="bbox 1858 3930 3440 4004">
    <p class='ocr_par' dir='ltr' id='par_1_100' title="bbox 1858 3930 3440 4004">
     <span class='ocr_line' id='line_1_100' title="bbox 1858 3930 3440 4004; baseline 0.003 -21"><span class='ocrx_word' id='word_1_778' title='bbox 1858 3930 1989 3984; x_wconf 89' lang='lat' dir='ltr'><strong>bare</strong></span> <span class='ocrx_word' id='word_1_779' title='bbox 2032 3939 2088 3983; x_wconf 90' lang='lat' dir='ltr'><strong>et</strong></span> <span class='ocrx_word' id='word_1_780' title='bbox 2142 3943 2391 3999; x_wconf 88' lang='lat' dir='ltr'><strong>pascere,</strong></span> <span class='ocrx_word' id='word_1_781' title='bbox 2422 3939 2475 3982; x_wconf 90' lang='lat' dir='ltr'><strong>et</strong></span> <span class='ocrx_word' id='word_1_782' title='bbox 2509 3945 2761 3999; x_wconf 65' lang='lat' dir='ltr'><strong>quaenam</strong></span> <span class='ocrx_word' id='word_1_783' title='bbox 2815 3932 2888 3986; x_wconf 89' lang='lat' dir='ltr'><strong>sit</strong></span> <span class='ocrx_word' id='word_1_784' title='bbox 2919 3933 3003 3986; x_wconf 84' lang='lat' dir='ltr'><strong>via</strong></span> <span class='ocrx_word' id='word_1_785' title='bbox 3040 3935 3244 4004; x_wconf 89' lang='lat' dir='ltr'><strong>quietis</strong></span> <span class='ocrx_word' id='word_1_786' title='bbox 3282 3937 3440 3990; x_wconf 88' lang='lat' dir='ltr'><strong>meri-</strong></span> 
     </span>
    </p>
   </div>
   <div class='ocr_carea' id='block_1_101' title="bbox 1854 4020 3436 4095">
    <p class='ocr_par' dir='ltr' id='par_1_101' title="bbox 1854 4020 3436 4095">
     <span class='ocr_line' id='line_1_101' title="bbox 1854 4020 3436 4095; baseline 0.004 -22"><span class='ocrx_word' id='word_1_787' title='bbox 1854 4021 2064 4086; x_wconf 67' lang='lat' dir='ltr'><strong>dianae;</strong></span> <span class='ocrx_word' id='word_1_788' title='bbox 2112 4036 2179 4074; x_wconf 89' lang='lat' dir='ltr'><strong>ne</strong></span> <span class='ocrx_word' id='word_1_789' title='bbox 2213 4020 2351 4076; x_wconf 81' lang='lat' dir='ltr'><strong>forte</strong></span> <span class='ocrx_word' id='word_1_790' title='bbox 2393 4036 2422 4075; x_wconf 91' lang='lat' dir='ltr'><strong>a</strong></span> <span class='ocrx_word' id='word_1_791' title='bbox 2467 4037 2666 4078; x_wconf 89' lang='lat' dir='ltr'><strong>manus</strong></span> <span class='ocrx_word' id='word_1_792' title='bbox 2716 4034 2822 4078; x_wconf 68' lang='lat' dir='ltr'><strong>tua:</strong></span> <span class='ocrx_word' id='word_1_793' title='bbox 2851 4023 3179 4080; x_wconf 87' lang='lat' dir='ltr'><strong>deductione</strong></span> <span class='ocrx_word' id='word_1_794' title='bbox 3214 4027 3436 4095; x_wconf 84' lang='lat' dir='ltr'><strong>delapsa</strong></span> 
     </span>
    </p>
   </div>
   <div class='ocr_carea' id='block_1_102' title="bbox 1853 4111 3439 4189">
    <p class='ocr_par' dir='ltr' id='par_1_102' title="bbox 1853 4111 3439 4189">
     <span class='ocr_line' id='line_1_102' title="bbox 1853 4111 3439 4189; baseline 0.004 -24"><span class='ocrx_word' id='word_1_795' title='bbox 1853 4111 2106 4166; x_wconf 84' lang='lat' dir='ltr'><strong>veritatis</strong></span> <span class='ocrx_word' id='word_1_796' title='bbox 2168 4112 2499 4182; x_wconf 80' lang='lat' dir='ltr'><strong>ignorantia,</strong></span> <span class='ocrx_word' id='word_1_797' title='bbox 2553 4114 2715 4168; x_wconf 90' lang='lat' dir='ltr'><strong>simul</strong></span> <span class='ocrx_word' id='word_1_798' title='bbox 2757 4130 3060 4184; x_wconf 80' lang='lat' dir='ltr'><strong>congreger</strong></span> <span class='ocrx_word' id='word_1_799' title='bbox 3101 4133 3223 4170; x_wconf 89' lang='lat' dir='ltr'><strong>cum</strong></span> <span class='ocrx_word' id='word_1_800' title='bbox 3267 4119 3439 4189; x_wconf 78' lang='lat' dir='ltr'><strong>gregi-</strong></span> 
     </span>
    </p>
   </div>
   <div class='ocr_carea' id='block_1_103' title="bbox 1854 4203 3432 4279">
    <p class='ocr_par' dir='ltr' id='par_1_103' title="bbox 1854 4203 3432 4279">
     <span class='ocr_line' id='line_1_103' title="bbox 1854 4203 3432 4279; baseline 0.005 -21"><span class='ocrx_word' id='word_1_801' title='bbox 1854 4205 1958 4259; x_wconf 89' lang='lat' dir='ltr'><strong>bus</strong></span> <span class='ocrx_word' id='word_1_802' title='bbox 1992 4203 2186 4259; x_wconf 84' lang='lat' dir='ltr'><strong>alienis</strong></span> <span class='ocrx_word' id='word_1_803' title='bbox 2215 4220 2244 4258; x_wconf 93' lang='lat' dir='ltr'><strong>a</strong></span> <span class='ocrx_word' id='word_1_804' title='bbox 2288 4206 2399 4260; x_wconf 88' lang='lat' dir='ltr'><strong>tuis</strong></span> <span class='ocrx_word' id='word_1_805' title='bbox 2434 4207 2649 4262; x_wconf 83' lang='lat' dir='ltr'><strong>ovibus.</strong></span> <span class='ocrx_word' id='word_1_806' title='bbox 2683 4207 2808 4262; x_wconf 68' lang='lat' dir='ltr'><strong>Haec</strong></span> <span class='ocrx_word' id='word_1_807' title='bbox 2841 4207 2996 4272; x_wconf 79' lang='lat' dir='ltr'><strong>dixit,</strong></span> <span class='ocrx_word' id='word_1_808' title='bbox 3024 4209 3092 4263; x_wconf 88' lang='lat' dir='ltr'><strong>de</strong></span> <span class='ocrx_word' id='word_1_809' title='bbox 3120 4212 3432 4279; x_wconf 84' lang='lat' dir='ltr'><strong>pulchritu-</strong></span> 
     </span>
    </p>
   </div>
   <div class='ocr_carea' id='block_1_104' title="bbox 1855 4295 3437 4366">
    <p class='ocr_par' dir='ltr' id='par_1_104' title="bbox 1855 4295 3437 4366">
     <span class='ocr_line' id='line_1_104' title="bbox 1855 4295 3437 4366; baseline 0.005 -16"><span class='ocrx_word' id='word_1_810' title='bbox 1855 4295 1986 4350; x_wconf 88' lang='lat' dir='ltr'><strong>dine</strong></span> <span class='ocrx_word' id='word_1_811' title='bbox 2021 4312 2143 4366; x_wconf 72' lang='lat' dir='ltr'><strong>qua:</strong></span> <span class='ocrx_word' id='word_1_812' title='bbox 2175 4296 2224 4350; x_wconf 90' lang='lat' dir='ltr'><strong>ei</strong></span> <span class='ocrx_word' id='word_1_813' title='bbox 2249 4297 2450 4351; x_wconf 90' lang='lat' dir='ltr'><strong>accidit</strong></span> <span class='ocrx_word' id='word_1_814' title='bbox 2481 4299 2747 4355; x_wconf 90' lang='lat' dir='ltr'><strong>divinitus</strong></span> <span class='ocrx_word' id='word_1_815' title='bbox 2779 4301 3036 4365; x_wconf 88' lang='lat' dir='ltr'><strong>sollicita,</strong></span> <span class='ocrx_word' id='word_1_816' title='bbox 3057 4311 3110 4356; x_wconf 93' lang='lat' dir='ltr'><strong>et</strong></span> <span class='ocrx_word' id='word_1_817' title='bbox 3142 4304 3329 4358; x_wconf 81' lang='lat' dir='ltr'><strong>volens</strong></span> <span class='ocrx_word' id='word_1_818' title='bbox 3355 4305 3437 4358; x_wconf 82' lang='lat' dir='ltr'><strong>in-</strong></span> 
     </span>
    </p>
   </div>
   <div class='ocr_carea' id='block_1_105' title="bbox 1857 4390 3436 4469">
    <p class='ocr_par' dir='ltr' id='par_1_105' title="bbox 1857 4390 3436 4469">
     <span class='ocr_line' id='line_1_105' title="bbox 1857 4390 3436 4469; baseline 0.006 -27"><span class='ocrx_word' id='word_1_819' title='bbox 1857 4390 2102 4460; x_wconf 81' lang='lat' dir='ltr'><strong>telligere</strong></span> <span class='ocrx_word' id='word_1_820' title='bbox 2125 4405 2236 4460; x_wconf 90' lang='lat' dir='ltr'><strong>quo</strong></span> <span class='ocrx_word' id='word_1_821' title='bbox 2269 4399 2432 4461; x_wconf 89' lang='lat' dir='ltr'><strong>pacto</strong></span> <span class='ocrx_word' id='word_1_822' title='bbox 2480 4394 2528 4448; x_wconf 92' lang='lat' dir='ltr'><strong>ei</strong></span> <span class='ocrx_word' id='word_1_823' title='bbox 2589 4395 2643 4448; x_wconf 92' lang='lat' dir='ltr'><strong>in</strong></span> <span class='ocrx_word' id='word_1_824' title='bbox 2683 4403 3006 4466; x_wconf 89' lang='lat' dir='ltr'><strong>perpetuum</strong></span> <span class='ocrx_word' id='word_1_825' title='bbox 3056 4411 3270 4452; x_wconf 87' lang='lat' dir='ltr'><strong>maneat</strong></span> <span class='ocrx_word' id='word_1_826' title='bbox 3309 4415 3436 4469; x_wconf 87' lang='lat' dir='ltr'><strong>pro-</strong></span> 
     </span>
    </p>
   </div>
   <div class='ocr_carea' id='block_1_106' title="bbox 1857 4481 3431 4561">
    <p class='ocr_par' dir='ltr' id='par_1_106' title="bbox 1857 4481 3431 4561">
     <span class='ocr_line' id='line_1_106' title="bbox 1857 4481 3431 4561; baseline 0.007 -27"><span class='ocrx_word' id='word_1_827' title='bbox 1857 4483 2112 4550; x_wconf 87' lang='lat' dir='ltr'><strong>speritas.</strong></span> <span class='ocrx_word' id='word_1_828' title='bbox 2183 4481 2289 4537; x_wconf 89' lang='lat' dir='ltr'><strong>Sed</strong></span> <span class='ocrx_word' id='word_1_829' title='bbox 2345 4499 2480 4539; x_wconf 89' lang='lat' dir='ltr'><strong>voce</strong></span> <span class='ocrx_word' id='word_1_830' title='bbox 2527 4489 2714 4556; x_wconf 92' lang='lat' dir='ltr'><strong>sponsi</strong></span> <span class='ocrx_word' id='word_1_831' title='bbox 2763 4487 3005 4542; x_wconf 90' lang='lat' dir='ltr'><strong>nondum</strong></span> <span class='ocrx_word' id='word_1_832' title='bbox 3055 4496 3140 4542; x_wconf 92' lang='lat' dir='ltr'><strong>est</strong></span> <span class='ocrx_word' id='word_1_833' title='bbox 3186 4489 3431 4561; x_wconf 75' lang='lat' dir='ltr'><strong>dignata,</strong></span> 
     </span>
    </p>
   </div>
   <div class='ocr_carea' id='block_1_107' title="bbox 1853 4572 3433 4652">
    <p class='ocr_par' dir='ltr' id='par_1_107' title="bbox 1853 4572 3433 4652">
     <span class='ocr_line' id='line_1_107' title="bbox 1853 4572 3433 4652; baseline 0.008 -27"><span class='ocrx_word' id='word_1_834' title='bbox 1853 4589 1976 4626; x_wconf 87' lang='lat' dir='ltr'><strong>eum</strong></span> <span class='ocrx_word' id='word_1_835' title='bbox 2013 4572 2159 4629; x_wconf 89' lang='lat' dir='ltr'><strong>Deus</strong></span> <span class='ocrx_word' id='word_1_836' title='bbox 2193 4575 2261 4630; x_wconf 90' lang='lat' dir='ltr'><strong>de</strong></span> <span class='ocrx_word' id='word_1_837' title='bbox 2296 4590 2359 4630; x_wconf 93' lang='lat' dir='ltr'><strong>ea</strong></span> <span class='ocrx_word' id='word_1_838' title='bbox 2392 4578 2589 4634; x_wconf 92' lang='lat' dir='ltr'><strong>melius</strong></span> <span class='ocrx_word' id='word_1_839' title='bbox 2637 4579 2969 4648; x_wconf 87' lang='lat' dir='ltr'><strong>provideret,</strong></span> <span class='ocrx_word' id='word_1_840' title='bbox 3038 4589 3094 4634; x_wconf 93' lang='lat' dir='ltr'><strong>ut</strong></span> <span class='ocrx_word' id='word_1_841' title='bbox 3123 4583 3191 4636; x_wconf 87' lang='lat' dir='ltr'><strong>ad</strong></span> <span class='ocrx_word' id='word_1_842' title='bbox 3254 4584 3433 4652; x_wconf 85' lang='lat' dir='ltr'><strong>majus</strong></span> 
     </span>
    </p>
   </div>
   <div class='ocr_carea' id='block_1_108' title="bbox 1854 4663 3434 4740">
    <p class='ocr_par' dir='ltr' id='par_1_108' title="bbox 1854 4663 3434 4740">
     <span class='ocr_line' id='line_1_108' title="bbox 1854 4663 3434 4740; baseline 0.006 -22"><span class='ocrx_word' id='word_1_843' title='bbox 1854 4663 2190 4719; x_wconf 88' lang='lat' dir='ltr'><strong>desiderium</strong></span> <span class='ocrx_word' id='word_1_844' title='bbox 2250 4667 2372 4733; x_wconf 85' lang='lat' dir='ltr'><strong>ejus</strong></span> <span class='ocrx_word' id='word_1_845' title='bbox 2434 4673 2762 4725; x_wconf 85' lang='lat' dir='ltr'><strong>accenderet</strong></span> <span class='ocrx_word' id='word_1_846' title='bbox 2829 4671 3186 4740; x_wconf 89' lang='lat' dir='ltr'><strong>cupiditatem</strong></span> <span class='ocrx_word' id='word_1_847' title='bbox 3242 4673 3434 4728; x_wconf 81' lang='lat' dir='ltr'><strong>dilatio</strong></span> 
     </span>
    </p>
   </div>
   <div class='ocr_carea' id='block_1_109' title="bbox 1855 4754 3433 4832">
    <p class='ocr_par' dir='ltr' id='par_1_109' title="bbox 1855 4754 3433 4832">
     <span class='ocr_line' id='line_1_109' title="bbox 1855 4754 3433 4832; baseline 0.006 -22"><span class='ocrx_word' id='word_1_848' title='bbox 1855 4756 2103 4812; x_wconf 75' lang='lat' dir='ltr'><strong>fruenda:</strong></span> <span class='ocrx_word' id='word_1_849' title='bbox 2125 4758 2444 4830; x_wconf 86' lang='lat' dir='ltr'><strong>voluptatis,</strong></span> <span class='ocrx_word' id='word_1_850' title='bbox 2480 4769 2540 4815; x_wconf 91' lang='lat' dir='ltr'><strong>ut</strong></span> <span class='ocrx_word' id='word_1_851' title='bbox 2564 4754 2689 4816; x_wconf 84' lang='lat' dir='ltr'><strong>cum</strong></span> <span class='ocrx_word' id='word_1_852' title='bbox 2729 4763 3008 4819; x_wconf 88' lang='lat' dir='ltr'><strong>desiderio</strong></span> <span class='ocrx_word' id='word_1_853' title='bbox 3059 4763 3222 4819; x_wconf 89' lang='lat' dir='ltr'><strong>simul</strong></span> <span class='ocrx_word' id='word_1_854' title='bbox 3267 4783 3433 4832; x_wconf 63' lang='lat' dir='ltr'><strong>auge-</strong></span> 
     </span>
    </p>
   </div>
   <div class='ocr_carea' id='block_1_110' title="bbox 1855 4849 3431 4927">
    <p class='ocr_par' dir='ltr' id='par_1_110' title="bbox 1855 4849 3431 4927">
     <span class='ocr_line' id='line_1_110' title="bbox 1855 4849 3431 4927; baseline 0.004 -25"><span class='ocrx_word' id='word_1_855' title='bbox 1855 4856 2008 4903; x_wconf 88' lang='lat' dir='ltr'><strong>retur</strong></span> <span class='ocrx_word' id='word_1_856' title='bbox 2033 4849 2259 4916; x_wconf 87' lang='lat' dir='ltr'><strong>laetitia;</strong></span> <span class='ocrx_word' id='word_1_857' title='bbox 2299 4853 2396 4906; x_wconf 92' lang='lat' dir='ltr'><strong>sed</strong></span> <span class='ocrx_word' id='word_1_858' title='bbox 2432 4853 2595 4907; x_wconf 88' lang='lat' dir='ltr'><strong>amici</strong></span> <span class='ocrx_word' id='word_1_859' title='bbox 2645 4855 2835 4924; x_wconf 87' lang='lat' dir='ltr'><strong>sponsi</strong></span> <span class='ocrx_word' id='word_1_860' title='bbox 2878 4871 2998 4910; x_wconf 91' lang='lat' dir='ltr'><strong>eam</strong></span> <span class='ocrx_word' id='word_1_861' title='bbox 3051 4857 3431 4927; x_wconf 87' lang='lat' dir='ltr'><strong>alloquuntur,</strong></span> 
     </span>
    </p>
   </div>
   <div class='ocr_carea' id='block_1_111' title="bbox 1855 4942 3432 5018">
    <p class='ocr_par' dir='ltr' id='par_1_111' title="bbox 1855 4942 3432 5018">
     <span class='ocr_line' id='line_1_111' title="bbox 1855 4942 3432 5018; baseline 0.007 -28"><span class='ocrx_word' id='word_1_862' title='bbox 1855 4942 2136 5010; x_wconf 86' lang='lat' dir='ltr'><strong>quomodo</strong></span> <span class='ocrx_word' id='word_1_863' title='bbox 2164 4942 2274 4997; x_wconf 90' lang='lat' dir='ltr'><strong>sint</strong></span> <span class='ocrx_word' id='word_1_864' title='bbox 2303 4943 2355 4996; x_wconf 93' lang='lat' dir='ltr'><strong>in</strong></span> <span class='ocrx_word' id='word_1_865' title='bbox 2382 4951 2502 4998; x_wconf 88' lang='lat' dir='ltr'><strong>tuto</strong></span> <span class='ocrx_word' id='word_1_866' title='bbox 2533 4945 2742 5010; x_wconf 74' lang='lat' dir='ltr'><strong>futura,</strong></span> <span class='ocrx_word' id='word_1_867' title='bbox 2784 4963 2907 5018; x_wconf 68' lang='lat' dir='ltr'><strong>qua:</strong></span> <span class='ocrx_word' id='word_1_868' title='bbox 2933 4949 2982 5002; x_wconf 88' lang='lat' dir='ltr'><strong>ei</strong></span> <span class='ocrx_word' id='word_1_869' title='bbox 3015 4949 3220 5013; x_wconf 87' lang='lat' dir='ltr'><strong>adsunt</strong></span> <span class='ocrx_word' id='word_1_870' title='bbox 3266 4949 3432 5013; x_wconf 85' lang='lat' dir='ltr'><strong>bona,</strong></span> 
     </span>
    </p>
   </div>
   <div class='ocr_carea' id='block_1_112' title="bbox 1854 5033 3430 5110">
    <p class='ocr_par' dir='ltr' id='par_1_112' title="bbox 1854 5033 3430 5110">
     <span class='ocr_line' id='line_1_112' title="bbox 1854 5033 3430 5110; baseline 0.005 -24"><span class='ocrx_word' id='word_1_871' title='bbox 1854 5033 2200 5087; x_wconf 90' lang='lat' dir='ltr'><strong>consulendo</strong></span> <span class='ocrx_word' id='word_1_872' title='bbox 2247 5043 2606 5104; x_wconf 73' lang='lat' dir='ltr'><strong>exponentes.</strong></span> <span class='ocrx_word' id='word_1_873' title='bbox 2643 5036 2738 5092; x_wconf 91' lang='lat' dir='ltr'><strong>Est</strong></span> <span class='ocrx_word' id='word_1_874' title='bbox 2790 5047 2971 5093; x_wconf 91' lang='lat' dir='ltr'><strong>autem</strong></span> <span class='ocrx_word' id='word_1_875' title='bbox 3018 5047 3160 5094; x_wconf 87' lang='lat' dir='ltr'><strong>tecta</strong></span> <span class='ocrx_word' id='word_1_876' title='bbox 3211 5056 3430 5110; x_wconf 80' lang='lat' dir='ltr'><strong>quoque</strong></span> 
     </span>
    </p>
   </div>
   <div class='ocr_carea' id='block_1_113' title="bbox 1850 5124 3428 5197">
    <p class='ocr_par' dir='ltr' id='par_1_113' title="bbox 1850 5124 3428 5197">
     <span class='ocr_line' id='line_1_113' title="bbox 1850 5124 3428 5197; baseline 0.006 -20"><span class='ocrx_word' id='word_1_877' title='bbox 1850 5137 2041 5177; x_wconf 89' lang='lat' dir='ltr'><strong>eorum</strong></span> <span class='ocrx_word' id='word_1_878' title='bbox 2074 5124 2256 5179; x_wconf 87' lang='lat' dir='ltr'><strong>oratio</strong></span> <span class='ocrx_word' id='word_1_879' title='bbox 2287 5135 2516 5197; x_wconf 86' lang='lat' dir='ltr'><strong>propter</strong></span> <span class='ocrx_word' id='word_1_880' title='bbox 2548 5127 2968 5185; x_wconf 87' lang='lat' dir='ltr'><strong>obscuritatem.</strong></span> <span class='ocrx_word' id='word_1_881' title='bbox 3019 5128 3112 5186; x_wconf 90' lang='lat' dir='ltr'><strong>Sic</strong></span> <span class='ocrx_word' id='word_1_882' title='bbox 3155 5133 3300 5186; x_wconf 86' lang='lat' dir='ltr'><strong>enim</strong></span> <span class='ocrx_word' id='word_1_883' title='bbox 3337 5132 3428 5186; x_wconf 85' lang='lat' dir='ltr'><strong>ba-</strong></span> 
     </span>
    </p>
   </div>
   <div class='ocr_carea' id='block_1_114' title="bbox 1852 5213 2188 5268">
    <p class='ocr_par' dir='ltr' id='par_1_114' title="bbox 1852 5213 2188 5268">
     <span class='ocr_line' id='line_1_114' title="bbox 1852 5213 2188 5268; baseline 0.006 -2"><span class='ocrx_word' id='word_1_884' title='bbox 1852 5213 1944 5268; x_wconf 90' lang='lat' dir='ltr'><strong>bet</strong></span> <span class='ocrx_word' id='word_1_885' title='bbox 1975 5213 2149 5268; x_wconf 88' lang='lat' dir='ltr'><strong>dictio</strong></span> <span class='ocrx_word' id='word_1_886' title='bbox 2177 5234 2188 5268; x_wconf 89' lang='lat'>:</span> 
     </span>
    </p>
   </div>
   <div class='ocr_carea' id='block_1_115' title="bbox 1440 5297 3426 5388">
    <p class='ocr_par' dir='ltr' id='par_1_115' title="bbox 1440 5297 3426 5388">
     <span class='ocr_line' id='line_1_115' title="bbox 1440 5297 3426 5388; baseline 0.012 -38"><span class='ocrx_word' id='word_1_887' title='bbox 1440 5297 1594 5353; x_wconf 88' lang='grc' dir='ltr'>Ἔστι</span> <span class='ocrx_word' id='word_1_888' title='bbox 1641 5302 1697 5354; x_wconf 81' lang='grc' dir='ltr'><strong>δὲ</strong></span> <span class='ocrx_word' id='word_1_889' title='bbox 1749 5307 2161 5379; x_wconf 85' lang='grc' dir='ltr'>κεκαλυμμένος</span> <span class='ocrx_word' id='word_1_890' title='bbox 2192 5309 2260 5363; x_wconf 79' lang='grc' dir='ltr'><strong>δι’</strong></span> <span class='ocrx_word' id='word_1_891' title='bbox 2303 5309 2574 5381; x_wconf 78' lang='grc' dir='ltr'>ἀσαφείας</span> <span class='ocrx_word' id='word_1_892' title='bbox 2626 5315 2721 5369; x_wconf 75' lang='grc' dir='ltr'><strong>καὶ</strong></span> <span class='ocrx_word' id='word_1_893' title='bbox 2761 5315 2791 5369; x_wconf 84' lang='grc' dir='ltr'><strong>ὁ</strong></span> <span class='ocrx_word' id='word_1_894' title='bbox 2820 5317 2949 5388; x_wconf 86' lang='grc' dir='ltr'>παρ’</span> <span class='ocrx_word' id='word_1_895' title='bbox 2991 5317 3216 5372; x_wconf 79' lang='grc' dir='ltr'>ἐκείνων</span> <span class='ocrx_word' id='word_1_896' title='bbox 3249 5317 3426 5387; x_wconf 86' lang='grc' dir='ltr'>λόγος.</span> 
     </span>
    </p>
   </div>
   <div class='ocr_carea' id='block_1_116' title="bbox 1921 5489 3424 5570">
    <p class='ocr_par' dir='ltr' id='par_1_116' title="bbox 1921 5489 3424 5570">
     <span class='ocr_line' id='line_1_116' title="bbox 1921 5489 3424 5570; baseline 0.009 -26"><span class='ocrx_word' id='word_1_897' title='bbox 1921 5489 1980 5544; x_wconf 85' lang='lat' dir='ltr'><strong>Si</strong></span> <span class='ocrx_word' id='word_1_898' title='bbox 2054 5509 2157 5546; x_wconf 83' lang='lat' dir='ltr'><strong>non</strong></span> <span class='ocrx_word' id='word_1_899' title='bbox 2227 5510 2512 5562; x_wconf 77' lang='lat' dir='ltr'><strong>cognoscas</strong></span> <span class='ocrx_word' id='word_1_900' title='bbox 2597 5497 2852 5566; x_wconf 78' lang='lat' dir='ltr'><strong>teipsam,</strong></span> <span class='ocrx_word' id='word_1_901' title='bbox 2920 5516 2949 5554; x_wconf 88' lang='grc' dir='ltr'>ο</span> <span class='ocrx_word' id='word_1_902' title='bbox 3007 5499 3229 5570; x_wconf 77' lang='lat' dir='ltr'><strong>pulchra</strong></span> <span class='ocrx_word' id='word_1_903' title='bbox 3289 5503 3424 5559; x_wconf 70' lang='lat' dir='ltr'><strong>inter</strong></span> 
     </span>
    </p>
   </div>
   <div class='ocr_carea' id='block_1_117' title="bbox 1849 5581 3424 5663">
    <p class='ocr_par' dir='ltr' id='par_1_117' title="bbox 1849 5581 3424 5663">
     <span class='ocr_line' id='line_1_117' title="bbox 1849 5581 3424 5663; baseline 0.013 -33"><span class='ocrx_word' id='word_1_904' title='bbox 1849 5581 2113 5644; x_wconf 76' lang='lat' dir='ltr'><strong>mulieres,</strong></span> <span class='ocrx_word' id='word_1_905' title='bbox 2156 5585 2397 5654; x_wconf 82' lang='lat' dir='ltr'><strong>egredere</strong></span> <span class='ocrx_word' id='word_1_906' title='bbox 2444 5597 2498 5640; x_wconf 87' lang='lat' dir='ltr'><strong>tu</strong></span> <span class='ocrx_word' id='word_1_907' title='bbox 2535 5587 2592 5642; x_wconf 81' lang='lat' dir='ltr'><strong>in</strong></span> <span class='ocrx_word' id='word_1_908' title='bbox 2633 5589 2864 5660; x_wconf 76' lang='lat' dir='ltr'><strong>vestigiis</strong></span> <span class='ocrx_word' id='word_1_909' title='bbox 2914 5608 3131 5663; x_wconf 74' lang='lat' dir='ltr'><strong>gregum</strong></span> <span class='ocrx_word' id='word_1_910' title='bbox 3187 5605 3424 5658; x_wconf 82' lang='lat' dir='ltr'><strong>tuarum,</strong></span> 
     </span>
    </p>
   </div>
  </div>
