1923 3110
183 102 236 133 803

182 169 207 191 et
236 171 315 198 pasce
346 162 436 191 Ita‘dos
460 160 488 189 t'u
516 162 695 190 tabernaculis
728 168 878 197 pastorum.
908 162 976 190 Sen-

183 217 231 238 sus
246 212 336 237 autem
351 206 448 237 horum
463 209 611 237 verborum
628 214 669 238 est
679 209 842 237 manifestus
860 217 894 237 ex
908 217 975 236 con-

183 257 326 291 sequentia
344 263 440 284 eorum
451 263 514 291 qua:
526 260 591 283 sunt
604 257 774 284 examinata.
790 257 973 284 Constructio

183 304 273 329 autem
293 301 411 334 videtur,
442 302 536 330 nescio
560 303 711 338 quomodo,
733 310 795 330 esse
815 303 906 330 minus
931 303 974 330 |u~-

182 347 256 374 cida.
272 346 405 380 Quisnam
415 352 458 375 est
473 355 538 383 ergo
551 348 672 375 sensus?
682 347 835 376 Tutissima
851 356 901 376 nos
911 356 974 375 con-

182 393 312 420 ﬁervandi
333 393 416 426 ratio,
443 398 485 421 est
501 393 624 428 seipsum
647 401 702 421 non
724 394 864 429 ignorare,
885 402 974 429 neque

182 438 287 474 aliquid
303 438 378 466 aliud
393 446 476 475 quant
500 440 574 475 quod
595 440 622 466 in
639 448 669 468 se
682 442 725 468 est
744 440 894 474 videntem,
916 440 974 468 exi-

185 484 301 512 stimare
324 485 446 520 seipsum
474 485 597 521 aspicere
613 495 620 513 :
638 486 710 521 quod
731 483 839 521 quidem
853 486 888 514 iis
901 486 975 513 acci-

183 528 223 556 dit
234 530 280 564 qui
298 530 405 565 seipsos
418 538 472 558 non
496 531 716 564 considerantes,
745 532 830 564 vires,
856 536 902 559 aut
913 533 974 567 pul-

181 577 375 609 chritudinem.
392 583 440 604 aut
454 578 581 613 gloriam,
603 583 650 605 aut
669 579 832 613 potentiam,
859 582 906 606 aut
923 579 971 605 ali-

181 631 251 658 quas
270 624 338 651 alias
351 623 508 655 facultates,
524 627 572 651 aut
590 623 704 655 fastum,
716 628 764 651 aut
776 625 901 660 corporis
917 632 975 651 mo-

183 669 235 697 lem
255 677 287 696 ac
301 669 530 704 magnitudinem,
546 673 593 696 aut
610 669 707 696 formae
726 670 903 705 elegantiam,
927 675 975 698 aut

182 715 286 751 aliquid
304 715 379 742 aliud
391 715 419 742 in
435 715 536 750 seipsis
553 715 692 747 videntes,
707 723 737 743 se
755 716 824 743 tales
839 723 902 744 esse
918 717 976 743 exi-

182 761 306 789 stimant.
338 761 488 796 Propterea
519 765 586 788 sunt
614 761 657 788 sui
678 768 733 788 non
754 761 805 788 tuti
828 762 972 793 custodes,

182 815 232 843 per
249 806 436 835 habitudinem
449 807 484 834 ad
499 807 632 839 alienum,
644 807 786 843 proprium
805 808 975 844 negligentes

182 853 392 881 incustoditum.
424 853 663 885 Quemadmodum
699 854 774 881 enim
811 855 976 882 custodierit

182 900 318 935 quispiam
337 898 363 925 id
374 899 447 934 quod
465 899 573 926 nescit?
585 899 685 927 Eorum
702 907 769 934 ergo
783 907 845 935 quae
866 905 931 928 sunt
948 901 975 928 in

183 946 261 973 nobis
278 945 411 972 bonorum
428 945 676 973 custodiendorum
694 950 737 974 est
761 946 899 974 tutissima
930 955 976 974 ra-

182 991 232 1021 tio,
246 990 366 1024 seipsunt
385 997 440 1016 non
463 989 602 1024 ignorare,
629 994 780 1025 exacteque
796 994 824 1018 et
846 997 976 1020 accurate

181 1043 212 1063 se
224 1036 297 1063 scire
310 1041 534 1071 unumquemque
547 1035 613 1071 quid
630 1036 677 1068 sit,
690 1041 717 1064 et
731 1036 851 1072 seipsum
869 1038 974 1066 discer-

182 1090 247 1110 nere
264 1082 298 1109 ab
314 1082 347 1110 iis
364 1090 425 1117 qua:
438 1087 503 1110 sunt
518 1083 593 1111 circa
606 1091 647 1114 se,
671 1091 705 1111 ne
731 1084 892 1119 imprudens
909 1086 976 1113 alie-

182 1136 248 1155 num
268 1135 318 1163 pro
332 1128 425 1162 seipso
446 1128 594 1155 custodiat.
612 1128 664 1163 Qui
680 1130 754 1157 enim
767 1131 866 1165 aspicit
886 1131 920 1158 ad
935 1132 976 1159 vi-

182 1178 238 1201 tam
254 1181 315 1208 quae
343 1174 434 1208 agitur
462 1174 489 1201 in
509 1174 559 1201 hoc
586 1175 700 1207 mundo,
722 1180 749 1203 et
771 1184 832 1211 quae
848 1177 892 1205 hic
912 1181 977 1205 sunt

181 1221 303 1256 pretiosa
318 1220 460 1248 existimat
476 1220 559 1255 digna
577 1229 638 1256 qua:
661 1220 865 1256 custodiantur,
885 1225 975 1252 nescit

182 1267 340 1294 discernere
358 1266 499 1301 proprium
521 1267 556 1294 ab
572 1267 841 1296 alieno.Nihilenim
863 1274 905 1297 est
927 1278 974 1297 no-

182 1318 269 1340 strum
287 1320 381 1340 eorum
393 1321 453 1348 quae
471 1316 626 1340 transeunt.
639 1313 785 1346 Quomodo
803 1315 876 1342 enim
886 1316 975 1343 domi-

182 1362 275 1386 natum
291 1358 443 1386 obtinueris
459 1359 487 1385 in
508 1357 534 1385 id
548 1358 621 1393 quod
640 1359 741 1387 transit
756 1365 783 1387 et
800 1359 881 1388 ﬂuit?
903 1361 972 1388 Cum

181 1412 249 1440 ergo
261 1412 293 1432 ea
309 1413 370 1440 quae
384 1404 565 1439 intelligentia
580 1405 732 1440 percipitur
752 1410 780 1433 et
794 1411 837 1434 est
853 1407 976 1435 materia:

181 1458 281 1485 expers
295 1455 404 1483 natura,
417 1450 527 1478 stabilis
555 1450 602 1484 sit,
622 1454 648 1478 et
666 1459 777 1486 semper
798 1454 927 1480 similiter
948 1458 976 1482 et

181 1496 279 1522 eodem
303 1494 385 1522 modo
410 1503 440 1523 se
465 1495 584 1530 habeat;
603 1500 729 1524 transeat
746 1502 837 1526 autem
860 1501 974 1528 materia
988 1517 1010 1547 α

182 1549 231 1577 per
245 1541 349 1569 ﬂuxum
360 1542 541 1577 quemdamet
556 1547 661 1570 motum
676 1551 786 1580 semper
800 1551 920 1574 mutata:
931 1555 979 1575 ne-

181 1597 260 1616 cesse
275 1593 316 1616 est
333 1593 362 1615 ut
374 1590 421 1624 qui
438 1590 473 1616 ab
488 1597 522 1617 eo
533 1589 605 1624 quod
621 1594 975 1626 stat,separatur,omnino

180 1634 396 1662 circumferatur
415 1642 478 1662 cum
500 1643 533 1662 eo
555 1636 630 1671 quod
649 1641 692 1664 est
719 1637 865 1671 instabile;
879 1644 907 1667 et
926 1642 974 1676 qui

181 1681 355 1715 persequitur
368 1679 395 1708 id
409 1681 482 1715 quod
502 1682 613 1713 transit,
640 1686 667 1709 et
685 1683 817 1719 relinquit
841 1685 869 1712 id
896 1686 972 1721 quod

182 1730 227 1754 est
248 1726 357 1758 stabile,
376 1731 494 1762 utroque
507 1727 707 1759 frustratur,ut
724 1729 895 1763 quialterum
910 1731 974 1766 qui-

182 1772 244 1799 dem
260 1772 392 1804 dimittat,
419 1772 537 1800 alterum
559 1780 624 1800 vero
644 1780 699 1800 non
727 1775 816 1809 possit
845 1775 972 1803 retinere.

182 1816 328 1852 Propterea
344 1817 496 1845 amicormn
514 1819 607 1853 sponsi
623 1819 770 1846 consilium
784 1820 854 1847 dicit
866 1828 897 1848 ea
912 1829 974 1856 quae

181 1858 256 1889 dicta
282 1866 357 1894 sunt,
387 1870 485 1898 nempe
502 1861 551 1890 :Si
575 1871 627 1890 non
646 1871 791 1899 cognoscas
816 1865 939 1900 teipsam,
959 1874 974 1892 ο

181 1908 372 1943 pulchraintor
396 1909 531 1942 mulieres,
543 1911 665 1945 egredere
681 1911 751 1937 tuin
777 1913 892 1947 vestigiis
914 1920 974 1948 gre-

182 1962 261 1990 gum:
273 1959 298 1981 et
313 1962 390 1988 pasce
408 1955 497 1982 haedos
514 1960 573 1983 tuo:
591 1956 618 1982 in
634 1956 814 1984 tabernaculis
825 1962 975 1992 pastorum.

182 2001 240 2028 Iloc
259 2005 351 2029 autem
376 2006 430 2033 est,
455 2002 528 2037 quod
553 2002 600 2037 qui
631 2002 753 2037 seipsum
780 2003 928 2039 ignoravit,
961 2012 977 2032 a

183 2054 267 2082 grege
282 2046 393 2082 quidem
409 2048 534 2074 omnium
546 2046 661 2080 excidit,
676 2048 759 2076 simul
772 2053 864 2077 autem
883 2050 977 2085 pasci-

182 2098 228 2120 tur
242 2100 304 2119 cum
317 2092 414 2124 haedis,
431 2100 549 2127 quorum
563 2094 647 2121 statio
669 2094 774 2129 rejecta
791 2100 834 2123 est
854 2095 889 2123 ad
906 2097 977 2124 sini-

182 2145 278 2171 stram.
296 2147 358 2166 cum
371 2139 460 2166 bonus
485 2143 580 2174 pastor
596 2147 662 2168 oves
676 2141 806 2168 statuerit
823 2149 838 2169 a
859 2142 977 2177 dextris,

825 104 854 132 S.
870 103 1037 133 GREGORII
1055 103 1203 132 NYSSENI

1773 102 1834 131 80‘

990 165 1011 193 Α
1029 163 1168 197 rio/pane
1182 162 1251 196 τοὺς
1264 162 1441 197 ἐρίφουςὲπὶ
1455 159 1628 198 σκννώμασι
1639 160 1700 188 τῶν
1719 167 1828 195 ποιμε-

1026 217 1097 235 νων.
1118 208 1226 234 Τούτων
1245 208 1273 234 δὲ
1287 208 1341 235 τῶν
1357 208 1486 244 ῥημάτων
1537 208 1586 242 μὲν
1598 207 1702 234 διάνοια
1717 206 1830 242 πράξη-

1025 254 1071 287 λος
1090 255 1123 281 ὲκ
1138 255 1188 290 τῆς
1201 254 1257 281 τῶν
1279 254 1478 287 ὲξετασθέντων
1500 253 1660 285 ἀκολουθίας
1683 254 1785 286 ἐστὶν,
1810 255 1828 287 ἡ

1025 301 1054 328 δὲ
1069 300 1194 333 σύνταξις
1212 300 1285 327 δοκεῖ
1304 308 1362 331 πως
1380 299 1430 335 τὴν
1444 298 1578 334 ἀσάφειαν
1599 298 1683 334 ἔχειν.
1700 299 1757 330 Τίς
1778 296 1829 325 οὖν

1025 347 1042 382 ἡ
1057 346 1160 374 διάνοια
1172 353 1180 378 ;
1199 345 1414 381 Ἀσφαλέστατόν
1427 346 1484 372 ἐστι
1499 345 1682 380 φυλακτήριον
1694 345 1783 380 ἡμῶν
1794 345 1829 371 τὸ

1026 392 1121 419 ἑαυτὸν
1151 391 1188 428 μὴ
1210 392 1354 427 ἀγνοῆσαι,
1370 391 1437 427 μηδὲ
1456 398 1482 417 τι
1501 390 1564 417 ἄλλο
1581 390 1635 417 τῶν
1651 391 1719 426 περὶ
1739 389 1828 417 αὑτέν

1026 437 1170 472 βλέποντα,
1190 436 1285 463 ἑαυτὸν
1302 436 1406 463 οἴεσθαι
1422 435 1530 471 βλέπειν
1540 443 1547 450 ·
1563 435 1630 471 ὅπερ
1647 435 1680 471 δὴ
1694 435 1827 469 πᾶα-χονδ-

1026 491 1068 509 σιν
1081 483 1106 509 οἱ
1117 482 1220 508 ἑαυτῶν
1235 482 1439 513 ἁνεπίσκεπτοι,
1456 481 1531 516 ἰσχὺν
1543 481 1560 516 ἦ
1575 480 1683 513 κάλλος,
1695 481 1712 516 ἢ
1728 481 1825 514 δόξαν,

1025 528 1042 564 ἦ
1059 528 1228 561 δυναστείαν,
1243 528 1261 563 ἦ
1282 536 1342 555 τινα
1359 528 1474 555 πλούτου
1499 528 1666 564 περιουσίαν,
1687 527 1704 562 ἢ
1721 524 1826 560 τῦφον,

1025 574 1042 609 ἢ
1056 573 1147 608 ὄγκον,
1163 573 1180 609 ἢ
1195 573 1320 609 σώματος
1337 573 1459 608 μέγεθος,
1476 574 1492 609 ἢ
1512 575 1618 609 μορφῆς
1634 572 1792 608 εὐμοιρίαν,
1802 568 1826 608 ἦ

1025 619 1090 646 ἄλλο
1104 629 1130 646 τι
1144 619 1262 646 τοιοῦτον
1283 620 1312 646 ἐν
1329 620 1433 652 ἑαυτοῖς
1450 619 1576 655 ὁρῶντες,
1598 619 1737 650 τοιούτους
1758 619 1826 645 ἑαν-

1026 666 1089 697 τοὺς
1108 663 1177 692 εἶναι
1196 665 1348 700 νομίζουσι.
1369 666 1419 692 Διὰ
1440 666 1520 693 τοῦτο
1542 666 1671 702 σφαλεροὶ
1695 665 1827 699 φύλακές

1026 714 1095 739 εἰσιν
1108 713 1224 745 ἑαυτῶν,
1248 714 1282 748 τῇ
1307 713 1371 749 περὶ
1386 713 1417 739 τὺ
1433 713 1573 748 ἀλλότριον
1589 713 1691 748 σχέσει,
1710 712 1826 746 ἀφύλα-

1027 768 1090 787 κτον
1104 758 1286 795 περιορῶντες
1299 759 1329 785 τὸ
1343 759 1418 786 ῐδιον.
1436 758 1499 790 Πῶς
1510 759 1565 795 γὰρ
1578 759 1610 786 ἄν
1622 767 1663 790 τις
1673 757 1828 792 φυλάξειεν

1026 806 1040 832 ὃ
1058 806 1095 841 μὴ
1117 805 1275 837 ﬁnierant;
1302 804 1407 831 Οὐκοῦν
1430 804 1619 838 ἀσφαλεστάτη
1640 804 1750 839 φρουρά
1768 804 1827 829 τῶν

991 842 1056 879 Βὲν
1083 853 1150 886 ἡμῖν
1171 852 1290 884 ἀγαθῶν,
1317 851 1347 876 τὸ
1372 852 1483 882 ἑαυτοὺς
1510 851 1546 885 μὴ
1570 852 1686 884 ἀγνοεῖν,
1712 850 1764 876 καὶ
1793 850 1825 875 τὸ

1026 898 1127 933 γνῶναι
1156 898 1270 924 ἕκαστον
1298 897 1393 923 ἑαυτὸν
1424 898 1490 932 ὅπερ
1520 898 1586 927 ἐστὶ.
1616 898 1661 923 καὶ
1695 896 1825 930 ἀκριϐῶς

1027 945 1122 972 ἑαυτὸν
1145 945 1198 970 ἀπὸ
1220 944 1273 969 τῶν
1301 944 1365 979 περὶ
1383 943 1462 969 αὑτὸν
1484 943 1641 977 διακρίνειν,
1660 942 1699 974 ὡς
1723 943 1760 968 ἂν
1786 942 1824 977 μὴ

1026 991 1100 1020 λάθοι
1121 992 1263 1025 φυλάσσων
1282 990 1339 1016 ἀνθ’
1362 989 1458 1016 ἑαυτοῦ
1484 990 1514 1015 τὸ
1536 989 1681 1023 ἀλλότριον.
1708 989 1738 1015 '0
1766 989 1822 1022 γὰρ

1027 1038 1095 1074 πρὸς
1110 1038 1157 1071 τὴν
1181 1038 1208 1063 ἐν
1230 1037 1268 1071 τῷ
1288 1037 1382 1071 κόσμῳ
1397 1035 1484 1070 τούτῳ
1500 1036 1604 1070 βλέπων
1618 1035 1700 1070 ζωὴν,
1716 1034 1767 1060 καὶ
1787 1035 1822 1059 1'1

1026 1084 1143 1110 ἐνταῦθα
1167 1083 1244 1117 τίμια
1268 1082 1392 1116 φυλακῆς
1417 1081 1480 1114 ἄξια
1504 1081 1613 1116 κρίνων,
1639 1080 1689 1106 οὐκ
1712 1078 1770 1125 οἶδε
1793 1080 1822 1105 :a

1027 1131 1090 1158 ἴδιον
1108 1131 1243 1164 διακρῖναι
1255 1130 1300 1155 τοῦ
1315 1129 1465 1164 ἀλλοτρίου.
1482 1129 1563 1155 Οὐδὲν
1577 1128 1631 1163 γὰρ
1646 1128 1700 1153 τῶν
1718 1136 1823 1162 παρερ-

1026 1177 1148 1212 χομένων
1173 1177 1245 1202 ἐστὶν
1268 1176 1411 1210 ἡμέτερον.
1430 1173 1490 1206 Πῶς
1502 1175 1555 1209 γὰρ
1570 1175 1601 1201 ἄν
1613 1182 1655 1205 τις
1670 1174 1822 1208 κρατήσειε

1025 1223 1073 1250 τοῦ
1100 1222 1246 1257 παροδικοῦ
1270 1231 1299 1248 τε
1322 1223 1366 1248 καὶ
1392 1222 1516 1256 ρέοντοςς
1541 1220 1616 1246 Ἐπεὶ
1631 1218 1676 1246 οὖν
1701 1220 1824 1254 ἔμμονον

1026 1268 1074 1295 καὶ
1086 1267 1217 1298 ὡσαύτως
1232 1267 1288 1302 ἔχει
1308 1267 1323 1301 ὴ
1344 1267 1424 1301 νοητή
1439 1275 1467 1292 τε
1482 1267 1529 1292 καὶ
1544 1265 1625 1296 ἇῧλος
1641 1264 1740 1299 φύσις,
1759 1265 1778 1299 ἡ
1795 1265 1822 1290 δὲ

1028 1315 1078 1349 ὕλη
1093 1315 1259 1349 παρέρχεται
1271 1313 1314 1339 διὰ
1332 1313 1395 1347 ῥοῆς
1408 1321 1480 1343 τινος
1497 1313 1542 1338 καὶ
1558 1312 1691 1346 κινήσεως
1702 1312 1821 1337 πὰντοτε

1026 1360 1214 1394 ἀλλοιουμένη·
1231 1359 1387 1392 ἀναγκαίως
1402 1360 1415 1384 ὁ
1430 1358 1476 1384 τοῦ
1492 1358 1608 1389 ἑστῶτος
1624 1357 1822 1392 χωριζόμενος,

1026 1405 1065 1441 τῷ
1079 1405 1239 1433 ἀστατοῦντι
1263 1405 1371 1435 πάντως
1397 1404 1657 1439 συμπαραφέρεται·
1685 1403 1733 1428 καὶ
1754 1403 1781 1428 ὁ.
1794 1403 1823 1427 τὸ

1027 1454 1231 1490 παρερχόμενον
1255 1453 1300 1478 καὶ
1319 1452 1347 1477 τὸ
1368 1451 1444 1482 ἑστὸς
1467 1450 1633 1481 καταλιπὼν,
1657 1449 1823 1484 ἀμφοτέρων

1026 1500 1214 1535 διαμαρτάνει,
1229 1498 1258 1524 τὸ
1272 1499 1320 1532 μὲν
1336 1498 1436 1531 dictat;
1453 1497 1482 1522 τὸ
1498 1497 1526 1523 δὲ
1541 1496 1665 1531 κατέχειν
1680 1496 1719 1531 μὴ
1741 1495 1823 1522 δυνά-

1032 1553 1122 1581 μενος.
1142 1544 1190 1569 Διὰ
1209 1543 1285 1569 τοῦτό
1309 1551 1391 1576 φησιν
1413 1543 1429 1576 ἡ
1452 1542 1504 1567 τῶν
1532 1541 1615 1575 φίλων
1637 1540 1685 1567 τοῦ
1703 1540 1824 1575 νυμφίου

1031 1591 1170 1627 συμϐουλὴ
1191 1590 1225 1616 τὰ
1247 1590 1380 1624 εἰρημένα
1412 1589 1452 1614 ὅτι
1472 1588 1542 1613 Ἐὰν
1566 1587 1609 1622 μὴ
1628 1586 1709 1621 γνῷς
1730 1594 1825 1613 σεαυ-

1028 1637 1095 1672 τὴν,
1110 1638 1128 1668 ή
1147 1636 1224 1669 καλὴ
1240 1636 1273 1661 ἐν
1286 1635 1433 1669 γυναιξίν,
1454 1634 1558 1665 ἔξελθε
1574 1632 1614 1659 σὺ
1631 1633 1666 1659 ὲν
1680 1632 1825 1665 πτέρναις

1027 1686 1087 1713 τῶν
1110 1685 1273 1718 ποιμνίων·
1297 1683 1345 1709 καὶ
1372 1684 1509 1717 ποίμαη-ε
1532 1683 1602 1714 τοὺς
1623 1681 1750 1716 ἐρίφους
1773 1682 1822 1708 ἐντί

1027 1732 1204 1765 σκηνώμασι
1224 1730 1284 1756 τῶν
1298 1730 1452 1763 ποιμνίων.
1472 1728 1556 1755 Τοῦτο
1575 1728 1604 1754 δέ
1624 1730 1682 1754 ἔστι
1701 1729 1743 1761 τί;
1762 1728 1826 1754 Ὀτι

1027 1779 1042 1805 ὁ
1058 1777 1152 1804 ἑαυτὸν
1168 1776 1304 1810 ἀγνοήσας
1320 1775 1447 1801 ἐκπίπτει
1466 1774 1514 1809 μὲν
1534 1774 1583 1809 τῆς
1601 1773 1656 1800 τῶν
1674 1774 1825 1808 προϐάτων

1028 1823 1138 1858 ἀγέλης,
1164 1823 1294 1855 σύννομος
1310 1822 1336 1847 δὲ
1353 1821 1457 1854 γίνεται
1472 1821 1528 1851 τοῖς
1543 1820 1659 1854 ἐρίφοις,
1673 1817 1712 1846 ὧν
1727 1821 1743 1855 ἡ
1758 1821 1827 1846 στά-

1029 1878 1071 1901 σις
1087 1870 1133 1896 ἐπὶ
1149 1869 1178 1894 τὸ
1196 1868 1287 1894 σκαιὸν
1306 1866 1452 1900 ἁπεώσοη”
1472 1866 1543 1893 οὕτω
1559 1866 1606 1892 τοῦ
1625 1865 1710 1892 καλοῦ
1723 1867 1826 1901 ποιμέ-

1030 1925 1084 1949 νος,
1099 1918 1131 1942 ἐκ
1155 1914 1249 1946 δεξιῶν
1266 1914 1315 1948 μὲν
1332 1913 1364 1939 τὰ
1385 1913 1509 1947 πρόϐατα
1534 1913 1698 1947 στήσαντος,
1723 1912 1826 1947 ἀφορξ-

1028 1970 1123 1992 σαντος
1144 1961 1171 1986 δὲ
1191 1962 1238 1995 τῆς
1260 1960 1412 1994 κρείττονος
1433 1958 1534 1993 λήξεως
1557 1958 1602 1984 ἐπὶ
1624 1958 1655 1984 τὺ
1677 1958 1826 1993 ἀριστερὸν

1025 2008 1061 2035 τὰ
1074 2007 1176 2042 ὲρίςαια.
1192 2006 1277 2032 Τοῦτο
1297 2005 1386 2031 τοίνυν
1404 2006 1436 2031 ὲκ
1451 2006 1499 2039 τῆς
1514 2004 1568 2030 τῶν
1585 2004 1668 2039 φίλων
1682 2004 1732 2030 τοῦ
1753 2014 1827 2039 νυμέ

1026 2053 1088 2089 φίου
1104 2052 1257 2088 συμϐουλῆς
1274 2051 1467 2086 παιδευόμεθα,
1478 2051 1508 2076 τὸ
1527 2051 1583 2077 δεῖν
1605 2052 1645 2082 είς
1660 2051 1748 2086 αὐτὴν
1764 2051 1827 2086 βλέ-

1028 2108 1089 2127 πειν
1105 2099 1153 2134 τὴν
1175 2099 1229 2124 τῶν
1253 2098 1423 2133 πραγμάτων
1448 2098 1540 2132 φύσιν,
1562 2097 1658 2133 καὶμὴ
1680 2099 1825 2132 πεπλανη-

1029 2145 1120 2181 μένοις
1135 2145 1219 2179 ἴχνεσι
1236 2145 1285 2178 τῆς
1298 2143 1427 2177 ἀληθείας
1444 2143 1713 2178 παραστοχάζεσθαι.

183 2184 276 2211 haedos
291 2187 382 2211 autem
401 2192 415 2211 a
435 2183 540 2212 meliori
558 2188 633 2212 sorte
648 2187 835 2222 segregaverit
858 2188 892 2215 ad
908 2188 1062 2218 sinistram.
1078 2190 1116 2216 Ex
1133 2190 1283 2216 amicorum
1302 2197 1368 2224 ergo
1401 2190 1495 2223 sponsi
1527 2189 1644 2216 consilio
1673 2189 1826 2220 discimus,

182 2235 312 2265 oportere
325 2230 448 2265 aspicere
461 2229 495 2257 ad
509 2230 596 2265 ipsam
612 2234 703 2258 rerum
719 2236 857 2266 naturam,
876 2238 904 2261 et
922 2242 978 2262 non

220 2275 291 2303 Sunt
301 2279 394 2302 autem
412 2275 470 2302 haec
485 2276 569 2303 verba
586 2275 689 2304 clarius
703 2278 878 2312 explicanda.
896 2278 975 2306 Multi
990 2285 1013 2313 ι)

183 2322 310 2350 homines
336 2329 392 2348 non
411 2321 539 2356 judicent
556 2321 609 2357 ipsi
631 2323 862 2358 quemadmodum
883 2332 914 2352 se
934 2325 980 2352 ba-

184 2369 266 2396 beant
278 2375 322 2395 res
339 2372 454 2398 naturae.
479 2364 528 2395 sed
547 2375 644 2395 eorum
661 2369 709 2403 qui
725 2369 853 2397 vixerunt
870 2370 980 2398 intuen-

183 2418 225 2443 tes
236 2414 476 2446 consuetudinem,
488 2414 619 2441 aberrant
632 2422 648 2442 a
665 2422 733 2442 sano
748 2423 841 2443 rerum
857 2415 976 2451 judicio,

184 2468 237 2488 non
258 2460 421 2496 prudentem
448 2457 569 2495 aliquam
591 2460 845 2492 ratiocinationem,
863 2462 912 2489 sed
933 2469 980 2489 ra-

183 2506 269 2534 tionis
305 2510 446 2541 expertem
476 2506 706 2534 consuetudinem
731 2507 796 2534 boni
815 2511 843 2535 et
871 2507 980 2535 honesti

182 2552 387 2580 constituentes
400 2552 534 2587 judicem,
557 2547 630 2580 unde
647 2553 754 2588 seipsos
777 2554 932 2588 provehunt
945 2553 980 2581 ad

183 2598 299 2633 imperia
317 2602 345 2626 et
370 2599 563 2634 magistratus,
574 2599 752 2635 honoresque
766 2604 794 2627 et
817 2600 980 2635 splendores

183 2644 231 2679 qui
250 2649 313 2671 sunt
329 2645 357 2671 in
369 2644 421 2672 hoc
437 2645 588 2677 mundo,et
601 2645 980 2681 magnifaciuntmundanam

184 2691 333 2725 potentiam
350 2695 378 2718 et
394 2691 627 2726 magnitudinem,
640 2700 701 2719 cum
718 2692 754 2720 sit
770 2692 907 2719 incertum
922 2700 978 2727 quo

186 2736 223 2763 sit
235 2738 452 2773 unumquodque
464 2746 559 2767 eorum
576 2738 731 2766 rediturum
756 2742 819 2773 post
844 2738 915 2765 hanc
936 2739 978 2765 vi-

185 2777 253 2806 tam.
268 2778 328 2807 Non
342 2782 415 2808 enim
433 2782 467 2809 de
480 2782 580 2811 futuris
600 2783 667 2813 satis
681 2787 740 2810 tuto
764 2782 896 2818 ﬁdejubet
910 2791 979 2810 con-

187 2824 315 2858 suetudo,
346 2826 426 2861 cujus
447 2827 510 2856 ﬁnis
536 2836 727 2864 Srpenumero
752 2829 891 2857 invenitur
910 2838 977 2866 grex

995 2235 1120 2270 vestigiis
1132 2236 1289 2262 errantibus
1312 2243 1326 2261 a
1346 2235 1461 2262 veritate
1482 2235 1623 2262 aberrare.

1074 2281 1244 2315 Σαφέστερον
1269 2280 1297 2306 δὲ
1325 2280 1377 2315 χρὴ
1404 2280 1450 2306 τὸν
1472 2280 1538 2315 περὶ
1560 2280 1663 2307 τούτων
1693 2280 1826 2308 ἐκθέσθαι

1028 2324 1116 2359 λόγον,
1136 2324 1232 2351 Πολλοὶ
1259 2324 1313 2350 τῶν
1336 2324 1487 2360 ἀνθρώπων
1510 2325 1561 2350 οὐκ
1582 2325 1658 2351 αὐτοὶ
1683 2326 1827 2360 κρίνουσιν

1027 2370 1101 2401 ὅπως
1129 2371 1184 2404 ἔχει
1212 2370 1246 2396 τὰ
1271 2370 1422 2405 πράγματα
1440 2369 1559 2403 φύσεως,
1584 2369 1651 2396 ἀλλὰ
1679 2371 1755 2405 πρὸς,
1777 2372 1827 2407 τὴν

1029 2416 1172 2451 συνήθειαν
1192 2416 1244 2441 τῶν
1269 2416 1480 2450 προϐεϐηκότων
1506 2415 1638 2450 ὁρῶντες,
1665 2418 1715 2451 τῆς
1731 2418 1828 2452 ὑγιοῦς

1028 2462 1082 2488 τῶν
1092 2462 1175 2488 livth
1189 2462 1308 2497 κρίσεως
1318 2462 1534 2497 ἁμαρτάνουσιν,
1551 2463 1601 2489 οὐκ
1621 2462 1751 2499 ἔμφρονά
1764 2473 1826 2491 τινα

1028 2507 1169 2543 λογισμὸν,
1186 2508 1253 2534 ἀλλά
1277 2508 1421 2543 συνήθειαν
1434 2508 1542 2542 ἄλογον,
1555 2508 1602 2535 τοῦ
1620 2510 1706 2536 καλοῦ
1727 2512 1826 2547 κριτή-

1029 2561 1087 2588 ριον
1106 2553 1337 2589 προϐαλλόμενοι·
1362 2553 1425 2580 ὅθεν
1442 2555 1481 2585 εἰς
1503 2555 1591 2590 ἀρχάς
1614 2563 1644 2581 τε
1673 2557 1720 2582 καὶ
1747 2557 1827 2583 δυνα-

1029 2598 1119 2629 στείας
1133 2599 1244 2630 ἑαυτοὺς
1257 2598 1410 2630 είσωθοῦσι,
1423 2600 1469 2625 καὶ
1481 2600 1531 2631 τὰς
1544 2602 1573 2626 ἐν
1584 2599 1623 2635 τῷ
1637 2600 1736 2636 κόσμῳ
1748 2610 1827 2637 περι-

1029 2645 1159 2678 φανείας,
1191 2641 1236 2671 xi".
1268 2646 1330 2676 τοὺς
1358 2645 1467 2677 ὑλικοὺς
1496 2646 1596 2680 ὄγκους
1625 2647 1693 2682 περὶ
1727 2648 1826 2675 πολλοῦ

1030 2691 1180 2723 ποιοῦνται,
1199 2692 1295 2725 ἄδηλον
1310 2691 1339 2717 ὃν
1354 2693 1393 2723 εἰς
1411 2692 1424 2718 ὅ
1449 2701 1475 2718 τι
1492 2693 1595 2720 τούτων
1609 2693 1727 2720 ἕκαστον
1741 2703 1828 2721 κατα-

1031 2737 1105 2773 λήξει
1124 2739 1192 2772 μετὰ
1210 2739 1254 2765 τὸν
1269 2740 1331 2774 τῇδε
1346 2740 1411 2774 βίον.
1429 2740 1467 2766 Οὐ
1480 2740 1534 2775 γὰρ
1549 2740 1674 2777 ἀσφαλὴς
1689 2741 1745 2768 τῶν
1763 2743 1826 2777 μίλ-

1031 2784 1131 2811 λόντων
1151 2785 1287 2821 ἐγγυητὴς
1307 2786 1323 2821 ἡ
1342 2786 1480 2820 συνήθεια,
1495 2784 1529 2821 ἦς
1554 2787 1585 2813 τὸ
1611 2787 1700 2823 πέρας
1723 2788 1827 2823 spicum

1032 2831 1189 2865 εὑρίσκεται
1204 2831 1344 2864 πολλάκις,
1360 2832 1421 2867 οὐχὶ
1434 2832 1578 2867 προϐάτων
1592 2832 1688 2868 ἀγέλη.
1708 2834 1790 2867 Νοείς
1800 2835 1826 2862 δὲ
