3846 6220
155 291 288 350 305

1249 298 1318 354 IN
1345 298 1645 356 CANTICA
1675 297 1948 356 CANTIC.
1997 300 2280 359 HOMILIA
2321 303 2386 359 il.

3337 299 3440 359 806

159 412 399 475 πάντως
425 411 517 467 τὸν
555 412 714 482 λόγον
744 417 809 469 ἐκ
832 418 932 487 τῆς
969 417 1064 471 τοῦ
1095 419 1428 488 Εὐαγγελίου
1460 422 1662 490 φωνῆς.
1700 421 1751 474 Ὃ

1865 417 2171 487 haedorum,
2205 439 2313 479 non
2339 424 2548 478 ovium.
2581 423 2741 491 Quod
2771 431 2954 480 autem
2994 423 3120 480 dico
3148 423 3309 495 plane
3353 427 3442 480 iu-

160 497 234 553 δὲ
285 501 423 572 πρὸς
453 502 517 556 τὸ
561 503 690 558 ἴδιον
731 508 830 577 τῆς
870 507 1218 580 ἀνθρωπίνης
1260 509 1475 580 φύσεως
1525 511 1760 581 βλέπων,

157 595 336 648 τοῦτο
373 597 431 650 δέ
476 599 624 652 ἐστιν
660 601 688 652 6
719 599 895 670 λόγος,
943 607 1343 676 καταφρονήσει
1376 607 1478 677 μὲν
1511 608 1614 678 τῆς
1640 607 1764 660 ἀλό-

157 705 274 755 γου
309 690 620 760 συνηθείας,
653 693 806 746 οὐδὲν
846 694 903 747 δέ
952 694 1026 759 ὡς
1068 697 1232 751 καλὸν
1279 699 1581 770 αἱρήσεται,
1614 701 1643 753 ὃ
1685 702 1760 774 μὴ

159 783 240 850 τῇ
275 781 421 852 ψυχῇ
458 783 613 854 φέρει
644 785 705 837 τὸ
751 785 962 857 κέρδος.
999 791 1208 844 Οὐκοῦν
1251 793 1312 845 οὐ
1360 793 1465 865 χρὴ
1517 796 1655 866 πρὸς
1692 797 1763 851 τὰ

162 872 298 944 ἴχνη
335 874 443 926 τῶν
478 874 838 947 βοσκημάτων
877 879 1113 949 βλέπειν,
1144 881 1180 936 ἃ
1220 885 1299 954 τῷ
1331 885 1521 954 γεώδει
1549 887 1648 957 βίῳ
1674 888 1763 942 διὰ

158 963 282 1015 τῶν
313 967 558 1036 πτερνῶν
577 969 704 1038 ὲνση
715 969 989 1038 μαίνονται
1011 974 1059 1025 οἱ
1086 976 1488 1045 προωδευκότες
1511 979 1601 1032 τὸν
1627 981 1758 1050 βίον·

164 1056 391 1145 ἀφανὴς
407 1057 531 1145 λγάρ
563 1061 626 1112 ἐκ
649 1060 758 1114 τῶν
791 1064 1131 1134 φαινομένων
1171 1069 1203 1138 ἡ
1236 1069 1330 1122 τοῦ
1366 1073 1760 1145 προτιμοτέρου

163 1139 378 1211 κρίσις,
403 1142 508 1207 ἕως
538 1145 606 1198 ἃν
628 1145 732 1212 ἐξω
752 1150 847 1202 τοῦ
879 1151 994 1220 βίου
1021 1151 1325 1225 γενώμεθα,
1349 1139 1510 1212 κάκεῖ
1534 1139 1762 1232 γνῶμεν

163 1231 322 1284 τίσιν
369 1234 831 1309 ἠκολουθήσαμέν.
873 1242 933 1294 '0
982 1245 1162 1298 τοίνυν
1216 1246 1290 1318 μὴ
1323 1249 1380 1316 ἐξ
1427 1251 1605 1305 αὐτῶν
1652 1231 1760 1307 τῶν

163 1325 519 1394 πραγμάτων
541 1327 832 1401 διακρίνων
855 1332 915 1386 τὸ
945 1333 1105 1388 καλὸν
1127 1338 1192 1390 ἐκ
1222 1338 1318 1391 τοῦ
1339 1342 1599 1411 χείρονος,
1625 1343 1762 1397 ἀλλὰ

161 1417 290 1477 τοῖς
325 1416 492 1486 ἴχνεσι
520 1420 628 1473 τῶν
655 1423 1078 1493 προωδευκότων
1120 1430 1403 1500 ἐπόμενος,
1426 1434 1524 1504 τὴν
1556 1437 1758 1506 παρελ-

165 1505 378 1561 θοῦσαν
408 1512 502 1562 τοῦ
527 1511 640 1582 βίου
670 1515 955 1587 συνήθειαν
996 1518 1312 1576 διδάσκαλον
1333 1529 1434 1597 τῆς
1454 1527 1591 1590 ἰδίας
1617 1528 1760 1600 ζωῆς

163 1596 633 1669 προϐαλλόμενος,
675 1602 924 1659 λανθάνει
957 1607 1234 1674 πολλάκις,
1272 1604 1419 1668 κατά
1441 1615 1531 1667 τὸν
1571 1596 1760 1689 καιρόν

161 1688 274 1759 τῆς
296 1691 511 1756 δικαίας
531 1695 786 1765 κρίσεως,
803 1697 988 1768 ἔριφος
1009 1702 1131 1756 ἀντὶ
1148 1705 1421 1774 προϐάτου
1446 1688 1754 1779 γενόμενος.

165 1781 387 1836 Οὐκοῦν
432 1785 605 1839 ταῦτα
654 1787 918 1858 λεγόντων
967 1792 1114 1847 ἔστιν
1158 1796 1376 1851 ἀκούειν
1412 1799 1518 1852 τῶν
1557 1801 1754 1868 φίλων,

161 1872 255 1928 ὅτι
285 1875 391 1940 Σὺ,
423 1870 469 1929 ὦ
505 1877 668 1950 ψυχὴ,
713 1882 747 1952 ὴ
792 1883 856 1936 ἐκ
899 1884 1158 1956 μελαίνης
1199 1891 1460 1963 γενομένη
1505 1893 1664 1964 καλὴ,
1707 1893 1763 1948 εῐ

164 1983 260 2019 σοι
292 1968 442 2037 μέλει
479 1969 574 2023 τοῦ
627 1974 1046 2041 συνδιαιωνίζειν
1091 1996 1172 2034 σοι
1203 1981 1302 2051 τῆς
1327 1983 1625 2055 εὐμορφίας
1656 1987 1756 2060 τὴν

163 2058 357 2129 χάριν,
397 2060 472 2132 μὴ
505 2065 615 2127 τοῖς
649 2065 847 2135 ἴχνεσιν
880 2068 1162 2124 ἐπιπλανῶ
1199 2073 1305 2126 τῶν
1339 2076 1756 2144 προωδευκότων

161 2153 264 2206 τὸν
297 2153 446 2223 βίον’
494 2156 688 2227 ἄδηλον
723 2159 831 2232 γὰρ
870 2163 918 2213 εξ
967 2163 1040 2234 μὴ
1079 2165 1264 2235 τρίϐος
1309 2167 1512 2237 ἐρίφων
1553 2171 1670 2224 ἐστὶ
1694 2171 1754 2225 τὸ

164 2247 520 2317 φαινόμενον,
550 2245 632 2314 οἷς
679 2254 742 2305 σὺ
790 2254 1016 2308 κατόπιν
1050 2257 1432 2324 ἀκολουθοῦσα,
1460 2262 1548 2316 διὰ
1583 2263 1645 2316 τὸ
1679 2266 1754 2337 μὴ

166 2337 460 2406 φαίνεσθαί
505 2357 589 2392 σοι
638 2343 764 2404 τοὺς
787 2342 872 2397 διὰ
897 2345 1005 2398 τῶν
1053 2346 1213 2416 ίχνων
1233 2349 1332 2420 τὴν
1364 2351 1606 2422 ἀτραπὸν
1628 2341 1753 2424 ’τρί-

163 2425 400 2494 ψαντας,
433 2430 649 2485 ἐπειδὰν
701 2433 976 2504 παρῆλθες
1009 2436 1098 2489 τὸν
1134 2437 1265 2508 βίον,
1294 2441 1386 2493 καὶ
1431 2442 1755 2515 κατολίσθῃς

165 2522 230 2572 ἐν
269 2523 338 2592 τῇ
390 2521 481 2575 τοῦ
527 2522 755 2578 θανάτου
798 2527 1036 2600 μάνδρᾳ,
1101 2533 1307 2602 μήποτε
1349 2535 1649 2607 προστεθῇς
1684 2540 1749 2609 τῇ

163 2612 282 2666 τῶν
324 2614 528 2684 ἐρίφων
571 2617 762 2688 ἀγέλῃ,
793 2614 872 2682 οἷς
903 2622 1172 2689 ἀγνοοῦσα
1203 2624 1292 2679 διὰ
1326 2626 1433 2680 τῶν
1467 2628 1624 2698 ἰχνῶν
1655 2629 1750 2684 τοῦ

165 2702 292 2775 βίου
320 2706 550 2760 κατόπιν
578 2709 1044 2784 ἐπηκολούθησας.

246 2983 361 3034 “Ar
392 2985 501 3052 γὰρ
527 2985 614 3053 μὴ
659 2987 818 3054 γνῷς
840 2989 1129 3058 σεαυτὴν,
1156 2994 1316 3063 καλὴ
1349 2996 1418 3048 ἐν
1452 2999 1747 3067 γυναιξὶν,

1863 509 2063 578 telligis
2125 527 2192 566 ex
2254 528 2388 568 voce
2450 515 2785 583 evangelica.
2863 514 2968 581 Qui
3051 525 3233 571 autem
3298 517 3441 587 aspi-

1863 601 1938 655 cit
1966 602 2034 655 ad
2077 602 2130 657 id
2170 605 2316 672 quod
2357 612 2443 660 est
2485 607 2768 676 proprium
2791 607 3044 663 humanae
3071 619 3302 669 natura),
3335 610 3440 663 hoc

1863 702 2042 750 autem
2065 702 2150 750 est
2196 697 2358 762 ratio,
2391 697 2657 767 despiciet
2696 699 2918 770 quidem
2965 703 3198 756 rationis
3241 716 3440 771 exper-

1863 793 1969 840 tem
2020 791 2499 854 consuetudinem,
2552 793 2761 846 nullum
2811 801 2993 849 autem
3043 793 3246 850 bonum
3273 795 3440 865 eliget

1861 884 2007 954 quod
2046 900 2153 938 non
2186 885 2375 941 aﬁ'erat
2410 889 2621 943 lucrum
2659 890 2874 944 animae.
2912 888 3031 944 Non
3064 898 3280 959 Oportet
3309 905 3440 960 ergo

1862 992 1958 1031 eos
1991 979 2056 1032 ad
2087 981 2353 1048 pecudum
2409 980 2657 1051 aspicere
2687 983 2935 1052 vestigia,
2968 998 3088 1052 qua:
3134 999 3231 1052 per
3257 985 3438 1038 calces

1861 1085 1956 1125 eos
1987 1072 2296 1143 signiﬁcant
2339 1073 2434 1142 qui
2479 1074 2602 1127 vitae
2655 1081 2884 1129 terrena:
2916 1082 3048 1128 sunt
3094 1074 3236 1129 aﬂixi
3271 1093 3285 1143 ;
3315 1077 3439 1144 ejus

1861 1162 2004 1216 enim
2037 1163 2179 1232 quod
2211 1172 2293 1218 est
2323 1165 2774 1235 praestantius,ex
2804 1166 2872 1220 iis
2903 1181 3022 1236 qua:
3043 1179 3306 1237 apparent
3328 1184 3438 1222 non

1862 1261 1946 1307 est
1974 1255 2633 1326 manifestumjudicium,
2671 1258 2845 1314 donec
2871 1274 2936 1313 ex
2980 1262 3080 1314 hac
3111 1261 3219 1314 vita
3249 1276 3440 1315 exces-

1861 1348 2118 1414 serimus,
2149 1356 2204 1403 et
2236 1347 2347 1402 illic
2376 1351 2794 1419 cognoverimus
2822 1369 3089 1422 quosnam
3128 1355 3302 1408 simus
3350 1371 3441 1408 se-

1860 1438 1995 1497 cuti.
2031 1438 2134 1505 Qui
2163 1456 2293 1511 ergo
2319 1456 2428 1496 non
2451 1457 2518 1496 ex
2543 1443 2678 1512 ipsis
2713 1445 2877 1500 rebus
2908 1445 3174 1500 discernit
3204 1447 3260 1502 id
3291 1447 3439 1517 quod

1860 1531 2060 1586 bonum
2087 1542 2171 1587 est
2195 1542 2249 1586 et
2271 1536 2557 1590 honestum
2589 1535 2657 1590 ab
2682 1551 2747 1591 eo
2789 1537 2937 1606 quod
2968 1547 3053 1593 est
3080 1540 3306 1604 malum,
3342 1542 3440 1594 sed

1861 1639 2096 1692 sequens
2159 1627 2386 1696 vestigia
2444 1645 2634 1682 eorum
2698 1632 2793 1702 qui
2850 1641 3272 1701 praecesserunt,
3303 1651 3437 1705 pra!-

1865 1716 2078 1770 teritant
2125 1718 2250 1772 vitae
2305 1723 2757 1778 consuetudinem
2795 1727 3018 1780 asciscit
3048 1727 3153 1781 sibi
3185 1744 3282 1798 pro
3315 1730 3442 1783 vitze

1865 1802 2146 1871 magistra,
2179 1820 2321 1874 sape
2356 1807 2828 1880 l’ulliturtempore
2861 1814 3235 1880 discretionis,
3259 1825 3312 1871 et
3337 1818 3440 1870 im-

1866 1893 2106 1960 prudens
2135 1895 2321 1951 haedus
2353 1914 2451 1967 pro
2481 1915 2579 1955 ove
2616 1901 2877 1956 efﬁcitur.
2901 1903 3054 1959 Licet
3074 1922 3205 1976 ergo
3247 1907 3440 1962 audire

1863 1980 1978 2036 inec
2003 1982 2248 2040 dicentes
2270 1987 2475 2043 amicos
2507 2005 2520 2041 :
2547 1988 2628 2045 Tu
2657 1993 2860 2058 anima,
2884 2011 3005 2064 quae
3045 2012 3111 2051 ex
3152 1998 3304 2067 nigra
3354 2000 3440 2053 fa-

1863 2081 1948 2126 cta
1997 2089 2058 2129 es
2111 2077 2356 2144 pulchra,
2390 2079 2437 2134 si
2468 2089 2552 2136 est
2581 2082 2678 2137 tibi
2728 2099 2874 2139 cura:
2902 2094 2961 2139 ut
2993 2088 3152 2158 longo
3192 2100 3446 2160 tempore

1862 2165 2023 2221 duret
2056 2169 2228 2236 gratia
2256 2179 2310 2225 et
2341 2172 2507 2227 decor
2532 2181 2638 2229 tuae
2684 2176 2892 2241 formae,
2934 2195 3002 2234 ne
3050 2183 3270 2239 aberres
3315 2197 3441 2256 post

1863 2259 2086 2328 vestigia
2137 2275 2325 2314 eorum
2360 2265 2453 2332 qui
2503 2279 2899 2335 prtecesserunt
2937 2288 3091 2336 ;non
3147 2284 3231 2329 est
3292 2279 3437 2332 enim

1861 2357 2126 2417 apertum,
2154 2365 2222 2404 an
2273 2353 2346 2406 sit
2398 2354 2674 2409 haedorum
2723 2361 2916 2414 semita
2947 2377 3009 2417 ea
3048 2380 3170 2434 qua:
3213 2379 3439 2438 apparet

1859 2455 2021 2509 quam
2054 2448 2111 2494 tu
2167 2444 2418 2512 sequeris
2453 2463 2466 2509 ;
2497 2456 2781 2517 pr0pterea
2816 2453 2960 2521 quod
2991 2470 3020 2506 a
3059 2463 3111 2510 te
3157 2473 3266 2512 non
3313 2476 3437 2516 cer-

1859 2542 2059 2587 nantur
2089 2534 2179 2604 qui
2215 2536 2460 2605 vestigiis
2503 2539 2620 2594 suis
2651 2541 2792 2594 viam
2825 2545 3112 2608 triverunt,
3145 2557 3435 2619 postquam

1857 2623 2024 2677 vitam
2081 2627 2547 2689 transmiseris,et
2588 2631 2640 2683 in
2674 2633 2867 2688 mortis
2907 2635 3182 2690 stabulum
3221 2640 3440 2694 inclusa

1859 2716 2371 2782 fueris,timenduni
2402 2729 2488 2775 est
2519 2738 2588 2776 ne
2617 2725 2671 2777 in
2703 2741 2917 2795 gregem
2951 2728 3231 2784 haedorum
3270 2735 3438 2787 ascri-

1857 2809 2025 2873 baris,
2055 2826 2195 2880 quos
2235 2812 2492 2883 ignorans
2524 2830 2712 2870 eorum
2764 2821 3008 2891 vestigiis
3038 2822 3317 2888 insistens,
3346 2843 3434 2881 se-

1857 2907 1980 2954 cuta
2013 2917 2073 2958 es
2115 2945 2128 2956 .

1928 2991 1987 3046 Si
2030 2995 2169 3046 enim
2223 3011 2327 3048 non
2385 3012 2671 3065 cognoscas
2731 3002 2974 3068 teipsam,
3011 3020 3041 3055 υ
3091 3003 3313 3072 pulchra
3360 3007 3441 3058 in-

161 3073 384 3139 ἐξελθε
426 3075 508 3128 σὺ
554 3078 622 3130 ἐν
664 3081 942 3149 πτέρναις
984 3084 1103 3138 τῶν
1133 3089 1438 3155 ποιμνίων,
1480 3092 1578 3145 καὶ
1619 3094 1750 3146 ποί-

1860 3093 1936 3137 ter
1997 3087 2260 3150 mulieres,
2305 3089 2546 3158 egredere
2599 3100 2655 3144 tu
2718 3092 2771 3144 in
2837 3094 3063 3163 vestigiis
3119 3113 3333 3167 gregum
3385 3108 3436 3151 ct

156 3181 346 3234 μαινε
373 3167 512 3233 τοὺς
531 3168 774 3237 ἐρίφους
799 3173 895 3225 ἐπὶ
920 3175 1279 3246 σκηνώμασι
1304 3179 1422 3233 τῶν
1448 3187 1756 3251 ποιμνίων.

166 3261 356 3330 Ὅπερ
391 3258 456 3312 δι’
485 3261 673 3332 ἐτέρου
718 3265 863 3329 τινὸς
903 3267 1235 3338 ἀντιγράφου
1269 3273 1598 3347 σαφέστερον
1646 3278 1759 3335 ἔστι

163 3352 524 3422 κατανοῆσαι,
549 3353 624 3417 ὡς
671 3355 728 3407 δὲ
775 3357 849 3428 μὴ
904 3359 1002 3430 τὴν
1059 3359 1307 3427 σύνταξιν
1348 3364 1458 3418 τῶν
1501 3369 1760 3439 ῥημάτων

162 3447 350 3500 δοκεῖν
386 3448 771 3521 ἀσυναρτήτως
810 3451 974 3524 ἔχειν.
1026 3457 1164 3527 Φησὶ
1193 3459 1322 3530 γὰρ,
1369 3461 1451 3514 ὅτι
1505 3463 1646 3518 Ἐὰν
1671 3469 1758 3537 μὴ

163 3537 332 3607 γνῷς
375 3542 664 3610 σεαυτὴν,
699 3544 738 3611 ἠ
803 3547 962 3615 καλὴ
1021 3549 1092 3602 ἐν
1150 3553 1448 3620 γυναιξὶν,
1505 3555 1758 3626 ἐξῆλθες

161 3629 238 3683 ἐκ
283 3629 407 3684 τῶν
445 3633 716 3701 πτερνῶν
763 3636 872 3690 τοῦ
925 3641 1226 3709 ποιμνίου,
1276 3645 1375 3697 καὶ
1427 3649 1760 3717 ποιμαίνεις

161 3719 418 3788 ἐρίφους
475 3723 608 3776 ἀντὶ
666 3727 1074 3796 σκηνωμάτων
1129 3734 1448 3802 ποιμνίων·
1501 3736 1640 3791 ὥστε
1689 3740 1758 3793 δι’

165 3812 461 3884 ἀκριϐείας
510 3815 828 3885 συμϐαίνειν
877 3819 976 3891 τὴν
1024 3823 1083 3875 ἐν
1136 3828 1248 3887 τοῖς
1295 3827 1500 3898 ῥήμασι
1547 3828 1758 3892 τούτοις

165 3902 578 3977 ἐμφαινομένην
603 3908 840 3964 διάνοιαν
877 3915 943 3982 τῇ
974 3916 1403 3989 προαποδοθείσῃ
1433 3919 1633 3993 θεωρίᾳ
1658 3922 1753 3976 τοῦ

163 3993 354 4061 λόγου.
382 3995 592 4050 Οὐκοῦν
622 3999 708 4052 ἵνα
737 3999 811 4071 μὴ
839 3999 1012 4055 ταῦτα
1042 4004 1238 4078 πάθῃς,
1270 4008 1501 4079 πρόσεχε
1529 4013 1748 4084 σεαυτῇ,

165 4087 339 4156 φησιν
370 4087 398 4140 6
436 4089 610 4157 λόγος.
640 4091 809 4144 Τοῦτο
829 4093 937 4164 γάρ
965 4095 1112 4149 ἐστιν
1141 4097 1379 4166 ἀσφαλὲς
1399 4101 1508 4155 τῶν
1532 4103 1750 4171 ἀγαθῶν

164 4177 567 4250 φυλακτήριον·
599 4183 766 4250 γνῶθι
815 4185 981 4240 πόσον
1034 4188 1173 4260 ὑπὲρ
1209 4190 1308 4260 τὴν
1347 4191 1538 4264 λοιπὴν
1579 4197 1754 4249 κτίσιν

166 4271 325 4340 παρά
356 4271 449 4324 τοῦ
480 4276 840 4344 πεποιηκότος
869 4279 1177 4350 τετίμησαι.
1213 4283 1325 4335 Οὐκ
1349 4283 1573 4356 οὐρανὸς
1596 4288 1756 4356 γέγο-

162 4379 260 4416 νεν
290 4363 454 4419 εἰκὼν
477 4365 571 4418 τοῦ
605 4367 761 4432 Θεοῦ,
796 4370 857 4422 οὐ
895 4371 1110 4444 σελήνη,
1143 4374 1240 4445 οὐχ
1268 4375 1435 4446 ἥλιος,
1469 4378 1531 4431 οὐ
1557 4379 1618 4432 τὸ
1646 4379 1755 4434 τῶν

1862 3193 2015 3246 pasce
2043 3177 2216 3233 hwdos
2259 3180 2313 3234 in
2371 3181 2720 3236 tabernaculis
2774 3195 3068 3252 pastorum.
3105 3175 3293 3254 Quod'
3315 3192 3438 3260 qui-

1861 3269 1984 3323 dem
2016 3269 2231 3327 facilius
2262 3272 2386 3326 licet
2413 3273 2720 3344 intelligere.
2761 3292 2855 3345 per
2883 3278 3110 3332 alterum
3138 3284 3436 3352 exemplar,

1829 3353 1921 3412 ἰιι
1953 3375 2022 3415 ne
2051 3361 2340 3417 verborum
2398 3365 2618 3434 quidem
2667 3368 3012 3423 constructio
3041 3370 3289 3426 videatur
3329 3389 3438 3428 non

1861 3452 2159 3507 cohaerere.
2213 3454 2354 3509 Dicit
2383 3456 2528 3511 enim
2565 3477 2580 3512 :
2614 3457 2674 3513 Si
2705 3477 2806 3514 non
2843 3477 3123 3530 cognoscas
3153 3472 3202 3518 te
3243 3465 3434 3532 ipsum,

1861 3557 1891 3593 0
1927 3542 2148 3606 pulchra
2175 3545 2311 3598 inter
2339 3545 2606 3611 mulieres,
2629 3565 2839 3618 egressa
2870 3568 2923 3604 es
2974 3551 3030 3604 in
3061 3554 3290 3624 vestigiis
3314 3572 3435 3624 gre-

1859 3649 2022 3704 gum,
2069 3645 2118 3688 et
2169 3636 2347 3705 pascis
2398 3638 2574 3692 ha'dos
2622 3657 2715 3709 pro
2753 3641 3109 3697 tabernaculis
3136 3655 3435 3712 pastorum,

1860 3726 1998 3781 adeo
2025 3734 2083 3780 ut
2112 3743 2234 3797 qua;
2258 3729 2311 3783 in
2344 3729 2429 3785 his
2456 3730 2620 3787 dictis
2657 3741 2881 3803 apparet
2928 3737 3221 3801 sententia,
3248 3751 3437 3796 exacte

1861 3821 2150 3875 conveniat
2198 3821 2246 3875 ei
2275 3837 2435 3890 quam
2468 3824 2621 3892 prius
2665 3824 2946 3893 posuimus
2981 3837 3268 3883 contextus
3302 3845 3437 3884 con-

1862 3913 2222 3982 templationi.
2247 3912 2324 3968 Ne
2357 3929 2487 3984 ergo
2518 3915 2633 3968 haec
2660 3916 2754 3970 tibi
2789 3917 3061 3982 accidant,
3095 3921 3313 3977 attende
3337 3923 3434 3978 tibi

1861 4005 2002 4075 ipsi,
2033 4005 2166 4060 dicit
2215 4005 2495 4075 Scriptura
2524 4024 2536 4059 :
2570 4006 2685 4062 haec
2723 4017 2805 4064 est
2837 4011 2979 4064 enim
3023 4013 3298 4068 tutissima
3334 4016 3434 4069 ho-

1858 4112 2055 4151 norum
2104 4099 2606 4154 conservandorum
2651 4101 2812 4156 ratio.
2845 4101 3125 4172 Cognosce
3169 4115 3433 4175 quantum

1859 4188 1938 4242 sis
1960 4187 2223 4242 honorata
2249 4204 2277 4242 a
2303 4188 2563 4244 Creatore
2587 4191 2708 4260 plus
2733 4206 2896 4260 quam
2925 4193 3131 4263 reliqua
3153 4205 3430 4252 creatura.

1856 4277 1974 4334 Non
2006 4278 2206 4334 factum
2239 4279 2338 4334 fuit
2374 4281 2573 4336 caelum
2615 4282 2793 4354 imago
2829 4283 2920 4338 Dei
2952 4303 2966 4351 ;
2999 4301 3106 4340 non
3138 4287 3287 4351 luna,
3322 4305 3431 4344 non

1857 4372 1981 4434 sol,
2016 4386 2123 4441 non
2179 4372 2420 4426 siderum
2472 4373 2841 4442 pulchritudo,
2903 4392 3078 4447 neque
3133 4381 3432 4449 quidquam

160 4455 385 4526 ἄστρων
421 4457 640 4524 κάλλος,
668 4461 768 4514 οὐκ
820 4461 946 4515 ἄλλο
994 4481 1045 4516 τι
1096 4465 1207 4518 τῶν
1254 4467 1394 4520 κατὰ
1434 4468 1534 4540 τὴν
1579 4472 1751 4526 κτίσιν

1860 4465 2000 4519 aliud
2025 4480 2090 4519 ex
2131 4465 2198 4519 iis
2231 4479 2351 4534 qua:
2384 4473 2687 4520 cernuntur
2718 4468 3018 4522 secundum
3051 4480 3323 4526 naturam.
3348 4472 3430 4530 Tu

163 4549 510 4621 φαινομένων
555 4553 726 4607 οὐδέν.
762 4555 912 4628 Μόνη
951 4558 1014 4610 σὺ
1051 4559 1280 4627 γέγονας
1319 4560 1418 4630 τῆς
1456 4562 1753 4634 ὑπερεχού-

164 4659 272 4711 σης
319 4640 496 4696 πάντα
533 4645 656 4698 νοῦν
685 4646 898 4714 φύσεως
939 4651 1320 4722 ἀπεικόνισμα,
1349 4651 1442 4706 τοῦ
1477 4653 1752 4726 ἀφθάρτου

162 4733 401 4797 κάλλους
437 4733 708 4804 ὁμοίωμα,
733 4738 830 4807 τῆς
867 4738 1125 4811 ἀληθινῆς
1170 4741 1420 4812 θεότητος
1463 4745 1753 4800 ἀποτύπω-

164 4842 269 4896 μα,
300 4823 403 4895 τῆς
435 4827 709 4898 μακαρίας
731 4828 876 4899 ζωῆς
903 4830 1123 4902 δοχεῖον,
1159 4831 1253 4886 τοῦ
1291 4833 1540 4906 ἀληθινοῦ
1579 4838 1757 4906 φωτὸς

162 4917 484 4988 ἐκμαγεῖον,
507 4919 642 4990 πρὸς
660 4919 688 4972 ὃ
708 4920 995 4990 βλέπουσα,
1023 4924 1197 4976 ἐκεῖνο
1218 4924 1363 4999 γίνῃ,
1389 4928 1524 4999 ὅπερ
1547 4927 1750 4993 ἐκεῖνός

161 5013 305 5074 ἐστι,
354 5011 662 5084 μιμουμένη
698 5014 790 5066 τὸν
823 5016 882 5067 ἐν
918 5015 1000 5068 σοὶ
1043 5015 1323 5086 λάμποντα
1355 5018 1441 5072 διὰ
1477 5020 1574 5089 τῆς
1602 5023 1750 5074 ἀντιο

161 5100 490 5176 λαμπούσης
508 5107 682 5176 αὐγῆς
701 5108 764 5160 ἐκ
783 5108 881 5177 τῆς
903 5107 1001 5178 σῆς
1021 5109 1406 5180 καθαρότητος.
1423 5111 1587 5166 Οὐδὲν
1607 5111 1748 5166 οὕτω

161 5198 274 5250 τῶν
298 5195 469 5251 ὄντων
500 5198 661 5268 μέγα,
687 5197 763 5261 ὡς
790 5198 867 5268 τῷ
896 5199 973 5269 σῷ
1009 5200 1224 5271 μεγέθει
1259 5202 1742 5272 παραμετρεῖσθαι.

174 5289 235 5340 ’0
260 5286 490 5356 οὐρανὸς
510 5285 629 5351 ὅλος
662 5288 730 5359 τῇ
767 5287 860 5341 τοῦ
897 5289 1030 5342 Θεοῦ
1067 5289 1310 5362 σπιθαμῇ
1344 5291 1746 5362 περιλαμϐάνε-

161 5395 288 5443 ται,
319 5375 394 5445 γῆ
432 5377 489 5430 δέ
529 5379 624 5432 καὶ
660 5376 900 5432 θάλασσα
927 5383 992 5452 τῇ
1019 5381 1179 5451 δρακὶ
1214 5383 1314 5452 τῆς
1345 5383 1525 5454 χειρὸς
1556 5385 1719 5439 αὑτοῦ

163 5470 561 5540 περιείργεται.
597 5469 736 5524 Ἀλλ’
758 5470 907 5542 ὅμως
941 5474 970 5526 6
1008 5473 1247 5539 τοιοῦτος
1287 5475 1380 5528 καὶ
1414 5476 1685 5540 τοσοῦτος,
1719 5478 1748 5531 ό

162 5563 348 5614 πᾶσαν
374 5561 440 5631 τῇ
481 5559 708 5634 παλάμῃ
731 5565 1105 5634 περισφίγγων
1131 5565 1229 5636 τὴν
1268 5565 1464 5630 κτίσιν,
1499 5566 1618 5630 ὅλος
1666 5584 1748 5622 σοι

163 5651 413 5724 χωρητδς
436 5652 662 5720 γίνεται,
684 5653 780 5708 καὶ
805 5656 862 5707 ἐν
885 5655 968 5708 σοι
988 5659 1248 5720 κατοικεῖ,
1271 5657 1366 5712 καὶ
1392 5659 1492 5713 οὐκ
1512 5660 1748 5712 ἐνστενο-

166 5747 335 5816 χωρεῖ
353 5745 503 5817 πάσῃ
525 5746 590 5816 τῇ
616 5744 774 5814 φύσει
798 5746 1123 5818 ἐνδιοδεύων,
1143 5751 1171 5803 ό
1193 5749 1358 5805 εἰπών
1372 5768 1385 5780 ·
1417 5750 1746 5818 Ἐνοικήσω

1851 4558 1966 4611 Sola
2013 4556 2154 4610 facta
2210 4572 2269 4612 es
2308 4555 2508 4627 effigies
2549 4556 2757 4613 naturae
2784 4576 2905 4627 qua!
2959 4575 3175 4617 omnem
3209 4574 3432 4634 superat

1854 4647 2297 4717 intelligentiam,
2331 4647 2630 4701 similitudo
2677 4649 3099 4717 pulchritudinis
3163 4654 3215 4707 in
3263 4673 3427 4725 quam

1853 4755 1964 4794 non
1999 4740 2145 4794 cadit
2201 4740 2478 4803 interitus,
2509 4756 2770 4810 expressa
2813 4741 2986 4812 ﬁgura
3025 4761 3165 4800 verte
3224 4749 3430 4803 divini-

1855 4835 2005 4896 tatis,
2031 4834 2155 4887 vitae
2185 4833 2355 4886 beatae
2388 4833 2818 4902 receptaculum,
2853 4836 2963 4889 veri
2991 4836 3212 4893 luminis
3250 4840 3428 4895 infor-

1856 4935 2060 4980 matum
2103 4926 2476 4990 simulacrum,
2512 4925 2578 4979 ad
2605 4925 2747 4995 quod
2772 4927 3044 4996 aspiciens
3074 4929 3126 4983 id
3159 4932 3303 5000 quod
3340 4934 3430 4988 ille

1855 5027 1939 5072 εει
1961 5016 2211 5080 elﬁceris,
2243 5016 2466 5072 imitans
2502 5033 2624 5071 eum
2659 5018 2749 5087 qui
2787 5019 2840 5071 in
2879 5026 2931 5072 te
2968 5021 3302 5090 resplendet,
3332 5021 3463 5093 per'

1854 5109 2206 5179 splendorem
2231 5124 2298 5164 ex
2319 5109 2551 5163 adverso
2571 5109 2922 5176 refulgentem
2949 5127 3016 5165 ex
3049 5121 3139 5165 tua
3168 5115 3422 5181 puritate.

1855 5198 2056 5254 Eorum
2087 5215 2208 5270 quae
2238 5210 2366 5255 sunt
2395 5200 2531 5254 nihil
2560 5208 2644 5255 est
2664 5199 2800 5254 adeo
2830 5215 3108 5270 magnum,
3140 5213 3199 5258 ut
3247 5206 3425 5259 susci-

1854 5295 1966 5366 piat
1995 5293 2390 5348 dimensionem
2422 5303 2525 5347 tuae
2555 5294 2966 5362 magnitudinis.
2988 5292 3182 5349 Totum
3223 5301 3422 5352 (mltum

1851 5387 1945 5442 Dei
1978 5386 2154 5456 palma
2203 5385 2518 5439 continetur
2545 5402 2561 5450 ;
2586 5391 2731 5440 terra
2779 5396 2832 5439 et
2873 5401 3021 5440 mare
3063 5388 3264 5456 pugillo
3305 5393 3426 5458 ejus

1851 5492 2046 5532 manus
2078 5476 2578 5546 comprehenditur.
2625 5475 2730 5532 Sed
2765 5484 2945 5532 tamen
2973 5479 3066 5548 qui
3102 5489 3186 5533 cst
3237 5488 3425 5538 tantus

1850 5577 1904 5624 ct
1929 5569 2075 5635 talis,
2103 5570 2196 5639 qui
2235 5570 2546 5625 universam
2587 5578 2890 5626 creaturam
2927 5573 3103 5642 palma
3157 5574 3424 5636 continet,

1853 5668 2000 5716 totus
2029 5675 2059 5714 a
2090 5668 2142 5717 te
2173 5663 2409 5732 capitur,
2433 5670 2487 5718 et
2512 5664 2566 5717 in
2591 5670 2641 5718 te
2672 5663 2900 5726 habitat,
2918 5671 2972 5720 et
2995 5680 3100 5720 non
3133 5665 3186 5718 in
3212 5672 3426 5719 arctum

1857 5751 2072 5823 cogitur
2102 5751 2158 5806 in
2188 5759 2284 5808 tua
2313 5768 2536 5812 versans
2563 5762 2780 5821 natura,
2812 5754 2905 5826 qui
2927 5754 3103 5811 dixit:
3138 5753 3200 5809 In
3225 5756 3297 5809 eis
3329 5755 3426 5809 he-
