3846 6220
425 287 532 344 807
1704 278 1763 338 S.
1802 272 2130 339 GREGORII
2165 266 2460 336 NYSSENI
3587 271 3700 328 sos
3770 87 3806 363 ‘

429 398 609 456 titubo
634 407 686 454 et
711 385 1062 453 deambulabo
1097 390 1166 451 '°.
1210 395 1268 454 Si
1295 397 1410 454 haec
1438 397 1698 469 aspicias,
1730 397 1783 452 in
1809 396 2012 452 nullam

2123 397 2185 449 ὲν
2218 394 2424 460 αὐτοῖς
2460 394 2557 448 καὶ
2587 391 3060 464 ἐμπεριπατήσω.
3092 389 3215 444 Ἐὰν
3256 386 3426 441 ταῦτα
3458 384 3697 459 βλέπῃς.

431 507 548 547 rem
604 497 881 546 terrenam
929 485 1133 561 deliges
1187 499 1343 545 tuum
1391 491 1634 545 oculum.
1664 489 1806 556 Quid
1843 488 2006 544 dico?

2123 492 2189 553 είς
2231 489 2380 542 οὐδὲν
2426 485 2533 540 τῶν
2569 478 2859 555 περιγείων
2891 484 2993 551 τὸν,
3017 481 3289 553 ὀφθαλμὸν
3338 477 3695 549 ἀσχαλήσεις.

429 584 547 639 lmo
570 598 639 638 ne
669 583 869 637 coelum
891 583 1112 654 quidem
1136 581 1234 638 tibi
1255 582 1571 638 censebitur
1602 581 2003 636 admirandum.

2123 579 2175 632 [ί
2196 577 2351 632 τοῦτο
2376 574 2557 644 λέγως
2597 574 2734 628 Ἀλλ’
2763 570 2914 626 οὐδὲν
2943 574 2973 625 ὁ
2999 569 3222 640 οὐρανός
3258 584 3339 620 σοι
3373 560 3698 633 θαυμαστὸς

430 673 900 742 Quemadmodum
942 674 1111 740 enim,
1141 688 1174 729 ο
1213 673 1397 735 homo.
1418 675 1588 729 conos
1622 672 2006 734 admiraberis,

2123 669 2509 741 νομισθήσεται.
2552 665 2677 729 Πῶς
2728 666 2835 737 γὰρ
2886 660 3181 734 θαυμάζεις
3222 659 3346 722 τοὺς
3399 654 3729 742 οὐρανοὺς,;

430 769 666 839 teipsum
704 765 976 838 aspiciens
1022 767 1181 821 cmlis
1233 767 1572 821 stabiliorem
1614 774 1668 820 et
1704 764 2010 821 durabilio-

2123 722 2453 832 {direptarum
2484 722 2674 812 ἑαυτὸν
2702 722 2912 828 βλέπων
2947 722 3057 808 τῶν
3080 722 3335 825 οὐρανῶν
3377 722 3727 839 pautptirte-l

430 835 547 913 rem
582 857 606 911 ἲ
642 835 785 910 Nam
818 858 1017 910 cmlum
1072 855 1289 926 quidem
1339 855 1559 922 transit,
1593 863 1651 909 tu
1673 862 1854 910 autem
1884 870 2010 909 cum

2123 870 2243 927 90v;
2292 853 2343 905 οἱ
2392 852 2490 923 μὲν
2530 850 2638 921 γὰρ
2682 848 3078 921 παρέρχονται,
3119 846 3183 895 σὺ
3230 840 3287 894 δὲ
3327 837 3410 909 τῷ
3450 835 3701 928 deibus

431 965 499 1006 eo
523 949 668 1020 quod
703 963 918 1018 semper
948 959 1058 1013 est,
1078 947 1243 1003 simul
1290 962 1478 1003 manes
1508 948 1575 1002 ad
1626 947 2006 1002 aitet-nitatem.

433 1042 552 1097 Non
589 1041 877 1096 admireris
900 1049 1058 1094 terra:
1085 1039 1453 1103 latitudinem,
1479 1054 1655 1109 neque
1688 1053 1835 1093 mare
1864 1037 2012 1108 quod

433 1132 692 1205 panditur
739 1132 792 1185 in
829 1130 1120 1195 inﬁnitum,
1148 1130 1347 1201 quibus
1382 1139 1441 1183 ut
1488 1144 1749 1200 praesses
1782 1144 1842 1185 es
1873 1144 2010 1183 con-

436 1225 699 1285 stitutus,
741 1231 1000 1291 tanquam
1065 1221 1226 1276 alicui
1281 1237 1547 1291 equorum
1589 1221 1799 1284 currui,
1853 1219 1920 1274 ad
1960 1220 2012 1275 id

433 1316 581 1385 quod
611 1314 710 1368 tibi
735 1315 969 1379 videtur,
996 1314 1308 1369 obedientia
1339 1324 1393 1370 et
1418 1316 1471 1369 in
1505 1323 1596 1369 tua
1625 1321 1891 1385 potestate
1908 1312 2014 1368 sita

436 1408 645 1463 habens
697 1407 814 1461 haec
862 1408 1152 1461 elementa.
1210 1406 1342 1460 Nam
1397 1414 1451 1462 et
1486 1416 1632 1462 terra
1669 1406 1765 1461 tibi
1814 1420 2016 1475 suppe-

434 1501 569 1555 ditat
619 1514 682 1554 ea
715 1514 836 1569 quae
886 1509 1009 1554 sunt
1043 1497 1166 1552 usui
1214 1498 1279 1551 ad
1311 1498 1500 1558 vitam.
1527 1506 1582 1552 et
1605 1512 1755 1551 mare
1786 1510 1892 1549 non
1927 1510 2015 1549 se-

2112 925 2480 1015 συνδιαμένεις
2525 940 2662 1013 πρὸς
2707 934 2770 993 τὺ
2817 937 3004 991 ἀῖδιον.
3038 932 3111 988 οὐ
3155 925 3701 1015 θαυμάσεις-πλάτη

2110 1034 2234 1105 γῆς.
2264 1011 2385 1086 οῦδὲ
2411 1011 2619 1102 πελάγη
2648 1027 2782 1101 πρὸς
2818 1026 3042 1098 ἄπειρον
3081 1019 3436 1091 ἐκτεταμένα,
3465 1011 3550 1069 ῶν
3578 1016 3705 1067 ἑπι-

2113 1127 2325 1180 στατεϊν
2387 1120 2639 1193 ἐτάχθης,
2699 1116 2885 1189 ῶσπερ
2936 1115 3083 1180 τινὸς
3139 1109 3425 1182 ξυνωρίδος
3496 1106 3704 1160 πώλων

2111 1219 2323 1289 ἡνίοχος
2371 1214 2596 1285 εὐπειθῆ
2647 1212 2783 1285 πρὸς
2830 1210 2890 1263 τὸ
2936 1205 3123 1263 δοκοῦν
3166 1204 3301 1275 ἔχων
3331 1202 3401 1256 τά
3451 1200 3706 1269 στοιχεῖα

2111 1288 2282 1365 ταῦτα
2312 1309 2404 1362 καὶ
2427 1304 2737 1371 ὐπεξούσια.
2760 1303 2833 1355 Ἥ
2865 1318 2924 1355 τε
2950 1300 3060 1371 7&9
3089 1298 3161 1367 γῆ
3187 1314 3267 1350 σοι
3300 1294 3439 1365 πρὸς
3468 1292 3576 1354 τὰς
3602 1288 3705 1342 τοῦ

2115 1401 2228 1473 βίου
2255 1400 2444 1472 χρείας
2473 1397 2844 1467 ὑπηρετεῖται,
2872 1391 2968 1445 καὶ
2991 1392 3026 1461 ἡ
3067 1388 3307 1477 θάλασσα
3327 1383 3588 1477 καθάπερ
3617 1397 3705 1443 τις

2114 1494 2291 1559 πῶλος
2316 1493 2529 1563 εὐήνιος
2554 1491 2741 1559 ὑπέχει
2769 1504 2851 1540 σοι
2874 1485 2941 1539 τά
2969 1484 3131 1547 νῶτα,
3154 1475 3245 1534 καί⁸
3269 1477 3539 1546 ἐπιϐάτην
3565 1475 3704 1527 ἐαυ-

435 1609 535 1648 cus
581 1567 747 1661 atque
785 1605 959 1660 equus
987 1590 1079 1659 qui
1119 1584 1351 1643 habenis
1385 1588 1615 1659 regitur,
1644 1586 1740 1641 tibi
1791 1585 2013 1641 dorsum

2123 1588 2210 1658 τῆς
2237 1586 2326 1639 τὸν
2354 1585 2636 1656 ἄνθρωπον
2675 1580 2907 1649 δέχεται.
2951 1576 3077 1629 Ἐὰν
3122 1567 3214 1627 οὖν
3245 1570 3390 1641 γνῷς
3435 1568 3704 1661 σεαυτὴν,

436 1658 673 1753 praebet,—
688 1691 742 1736 et
778 1658 933 1736 suum
965 1658 1236 1735 sessorem
1261 1658 1469 1750 accipit,
1490 1678 1787 1733 hominem.
1812 1676 1868 1731 Si
1886 1688 2013 1745 ergo

2123 1681 2148 1751 ἡ
2184 1678 2321 1750 καλὴ
2354 1680 2409 1731 ὲν
2448 1672 2709 1745 γυηιῇν,
2759 1669 3190 1761 ὑπερφρονησεις
3225 1662 3428 1761 παντὸς
3466 1660 3595 1761 τοῦ.⁸
3618 1658 3706 1712 κό-

436 1784 491 1829 te
523 1788 900 1845 cognoscas,o
930 1772 1319 1842 pulchraiuter
1342 1771 1620 1836 mulieres,
1643 1777 1815 1825 totum
1854 1784 2013 1823 mun-

2123 1749 2274 1841 σμου,
2304 1749 2396 1821 καὶ
2446 1766 2582 1836 πρὸς
2620 1762 2679 1815 τὸ
2724 1761 2883 1816 ἀῦλον
2922 1756 3122 1827 ἀγαθὸν
3166 1749 3457 1845 διαπαντός

436 1865 566 1919 dum
594 1841 887 1933 despicies,
920 1841 973 1918 et
1000 1863 1065 1916 ad
1099 1862 1342 1916 materia:
1369 1877 1565 1932 expers
1589 1862 1789 1916 bonum
1825 1875 2013 1930 perpe-

2123 1861 2356 1933 ηεριόψει
2386 1858 2492 1912 τῶν
2517 1855 2658 1910 κατά
2680 1855 2771 1908 τὸν
2796 1853 2907 1923 βίον
2936 1851 3121 1904 τοῦτον
3146 1845 3304 1917 ἰχνῶν
3332 1842 3434 1914 τὴν
3461 1841 3701 1907 πλάνην.

436 1962 531 2009 tuo
565 1954 803 2018 intuens,
830 1961 1149 2007 contemnes
1176 1966 1423 2006 errorem
1452 1966 1641 2006 eorum
1672 1966 1795 2021 quae
1825 1952 1879 2005 in
1912 1951 2013 2005 hac

2123 1931 2318 2008 Οὐκοῦν
2350 1954 2437 2005 ἀεὶ
2476 1950 2706 2022 πρόσεχε
2746 1947 2968 2015 σεαυτῇ,
3014 1943 3109 1996 καὶ
3146 1939 3208 1993 οὐ
3247 1937 3324 2008 μὴ
3368 1931 3707 2004 πλανηθήσῃ

438 2053 566 2101 sunt
621 2046 731 2098 vita
770 2045 1144 2113 vestigiorum.
1197 2043 1431 2098 Attende
1486 2059 1617 2113 ergo
1674 2059 1888 2114 semper
1917 2043 2013 2098 tibi

2123 2046 2240 2116 περὶ
2265 2044 2362 2115 τὴν
2382 2042 2489 2095 τῶν
2523 2041 2724 2111 ἐρίφων
2756 2035 2958 2105 ἀγέλην
2976 2050 2992 2066 ο
3033 2031 3152 2085 οὐδὲ
3194 2028 3376 2101 ἔριφος
3403 2024 3706 2116 atpo-

438 2137 566 2206 ipsi,
593 2144 646 2190 et
679 2150 787 2190 non
816 2136 1026 2189 errabis
1066 2134 1213 2189 circa
1242 2151 1456 2205 gregem
1499 2135 1802 2199 haedorum,
1842 2149 2018 2205 neque

438 2228 696 2284 elllcieris
737 2227 925 2281 hmdus
961 2242 1059 2296 pro
1090 2241 1192 2282 ove
1224 2227 1279 2281 in
1312 2235 1557 2297 tempore
1576 2227 1770 2297 judicii
1794 2243 1810 2293 ;
1836 2242 2014 2296 neque

440 2320 812 2392 scgregaberis
855 2335 885 2373 a
922 2319 1161 2374 statione
1204 2318 1268 2373 ad
1320 2317 1599 2374 dexteram
1634 2338 1647 2373 :
1679 2319 1776 2375 sed
1824 2319 2013 2376 audies

433 2412 736 2480 jucundam
767 2426 977 2472 vocem,
1008 2426 1129 2481 quae
1165 2409 1298 2466 dicit
1331 2411 1589 2481 lanigeris
1615 2418 1669 2467 et
1711 2414 2013 2468 mansuetis

438 2503 634 2557 ovibus
669 2521 681 2556 :
727 2501 928 2565 Venite,
950 2501 1205 2557 benedicti
1223 2504 1406 2558 Patris
1428 2505 1550 2569 mei,
1583 2514 1747 2559 estote
1784 2505 2013 2561 hwredes

438 2595 584 2665 regni
615 2594 755 2649 vobis
778 2595 955 2664 parati
981 2604 1103 2649 ante
1132 2596 1555 2650 constitutionem
1584 2596 1771 2650 mundi
1802 2598 1867 2650 ²¹.
1891 2596 2010 2664 Quo

439 2702 543 2744 nos
575 2704 793 2759 quoque
838 2689 986 2757 digni
1039 2697 1374 2758 reputemur,
1404 2689 1460 2742 in
1513 2687 1736 2745 Christo
1781 2690 2011 2746 Domino

439 2788 631 2836 nostro
660 2781 749 2836 cui
781 2780 955 2851 gloria
1006 2779 1061 2833 in
1119 2781 1319 2836 saecula
1361 2781 1711 2839 saeculorum.
1746 2782 1941 2838 Amen.

1034 2940 1318 2998 HOMILIA
1354 2941 1443 3000 Ill.

509 3035 635 3090 CAP.
670 3033 855 3103 t,i.9.
892 3032 1173 3102 Equitatui
1193 3051 1305 3089 meo
1342 3035 1396 3089 in
1433 3037 1678 3092 curribus
1716 3036 2020 3096 Pharaonis

440 3126 735 3205 assiptilavi
754 3135 818 3188 te,
841 3126 1136 3196 propinqua
1158 3142 1291 3181 mea.
1317 3127 1404 3182 10.
1423 3128 1597 3193 Quam
1613 3129 1846 3196 pulchra:
1865 3131 2024 3200 factm

442 3228 564 3272 sunt
590 3233 734 3286 gena:
761 3228 865 3271 tua:
884 3218 1021 3271 sicut
1044 3222 1288 3281 turturis,
1306 3220 1501 3274 collum
1530 3224 1822 3277 tuumsicut
1850 3227 2023 3280 moni-

443 3308 537 3362 lia.
562 3307 648 3362 ll.
670 3307 1062 3363 Similitudines
1085 3311 1206 3364 auri
1224 3311 1479 3379 faciemus
1501 3313 1597 3367 tibi
1621 3330 1739 3368 cum
1763 3318 1902 3371 notis
1935 3334 2025 3371 ar-

448 3401 610 3471 genti.
655 3400 744 3453 12.
777 3396 954 3455 Donec
984 3416 1077 3455 rex
1130 3403 1185 3456 in
1214 3404 1458 3458 accubitu
1496 3421 1614 3471 suo,
1666 3413 1866 3463 nardns
1907 3426 2024 3464 mea

442 3491 587 3545 dedit
618 3492 829 3547 odorem
862 3510 1037 3547 suum.
1061 3495 1147 3549 l3.
1175 3493 1491 3552 Fasciculus
1509 3499 1738 3569 myrrhae
1766 3501 2023 3570 patruelis

446 3602 590 3640 meus
618 3586 746 3639 mihi
777 3588 831 3640 in
864 3586 1035 3641 medio
1064 3588 1284 3643 uberum
1318 3606 1553 3645 meorum
1583 3595 2016 3652 commorabitur.

445 3674 642 3730 Botrus
675 3675 839 3747 Cypri
864 3678 1120 3746 patruelis
1153 3696 1296 3735 meus
1329 3681 1385 3735 in
1416 3683 1581 3738 uineis
1622 3683 1893 3756 Engaddi.

519 3858 868 3928 Quaecunque
899 3869 1024 3914 ante
1049 3875 1113 3917 ea
1145 3878 1267 3932 qua:
1299 3880 1446 3918 nunc
1479 3864 1618 3920 lecta
1652 3876 1781 3920 sunt
1811 3867 1865 3921 in
1896 3884 2025 3939 pro-

448 3950 629 4002 mmiis
696 3948 905 4004 Cantici
956 3952 1334 4017 canticorum,
1399 3953 1653 4009 similiter
1713 3971 1773 4011 se
1822 3957 2024 4013 habent

449 4050 612 4108 atque
635 4040 895 4110 splendor
920 4041 1013 4112 qui
1042 4058 1200 4097 mane
1230 4045 1408 4098 oritur
1439 4055 1560 4115 post
1592 4047 2024 4119 noctem.Neque

444 4134 589 4187 enim
630 4133 719 4188 ille
755 4140 841 4188 est
878 4133 971 4187 lux
1002 4149 1161 4204 pura,
1207 4135 1303 4191 sed
1350 4138 1491 4192 lucis
1530 4142 1856 4207 prooemium
1894 4161 1907 4195 :
1959 4158 2022 4197 ca

2112 2111 2276 2190 ϐάτου
2300 2111 2358 2186 ὲνν
2384 2131 2462 2203 τῷ
2489 2129 2665 2200 καιρῷ
2687 2129 2783 2198 τῆς
2806 2126 3039 2197 κρίσεως
3057 2119 3425 2189 ἐπιδειχθήσῃ,
3448 2113 3574 2169 οὐδὲ
3600 2111 3704 2183 τῆς

2110 2230 2175 2281 ὲκ
2218 2224 2404 2292 δεξιῶν
2436 2202 2708 2291 καθέδρας
2751 2214 3121 2288 ἀφορισθήσῃ·
3168 2210 3277 2264 ἀλλ’
3334 2206 3547 2277 ἀκούσῃ
3598 2202 3704 2273 τῆς

2109 2313 2365 2387 γλυκείας
2410 2312 2614 2383 φωνῆς,
2649 2310 2685 2381 ἦ
2731 2325 2861 2380 φησι
2906 2302 3042 2377 πρὸς
3082 2302 3149 2357 τὰ
3195 2298 3455 2372 ὲριοφόρα
3492 2312 3555 2387 τε
3605 2293 3706 2345 καὶ

2110 2384 2292 2481 ἥμερα
2316 2404 2581 2476 πρόϐατα,
2613 2403 2695 2455 ὅτι
2727 2399 2923 2463 Δεῦτε,
2943 2401 2997 2451 οί
3021 2391 3411 2463 εὐλογημένοι
3445 2384 3707 2481 τσῦ-Πα-

2315 2516 2464 2566 μου,
2521 2494 3019 2562 κληρονομήσατε
3075 2485 3188 2553 τὴν
3241 2477 3707 2572 ἡτοιμασμένην⁹

2114 2564 2258 2665 ύμῖν·
2278 2564 2603 2658 βασιλείαν
2644 2583 2761 2640 ἀπὸ
2800 2577 3137 2646 καταϐολῆς
3175 2574 3438 2671 xdapov:
3456 2565 3571 2671 '11;
3610 2564 3705 2671 καὶ

2115 2660 2278 2757 ἡμεῖς
2327 2680 2715 2750 ἀξιωθείημεν·
2764 2678 2822 2728 ἐν
2869 2670 3087 2745 Χριστῷ
3140 2665 3313 2764 Ἰησοῦ
3505 2660 3706 2764 Eripit?

2122 2753 2298 2850 ἡμῶν,
2327 2769 2372 2843 ᾧ
2395 2775 2590 2844 πρέπει
2629 2772 2662 2840 ἠ
2696 2768 2822 2833 δόξα
2851 2768 2929 2829 εἰς
2956 2763 3080 2827 τοὺς
3107 2754 3305 2821 αίῶνσς
3325 2753 3435 2808 τῶν
3463 2753 3701 2806 αἰώνων.

2036 2877 2079 2936 c
2124 2870 2318 2941 Ἀμήν-

2731 2955 2973 3010 UMIAIA
3008 2951 3084 3008 Γ.

2218 3053 2297 3122 Τῇ
2348 3054 2508 3116 ἵππῳ
2558 3049 2628 3103 ἐν
2676 3047 2896 3116 ἅρμασι
2949 3043 3156 3110 Φαραὼ
3211 3033 3493 3108 ὠμοίωσά
3536 3048 3637 3096 σε,
3663 3029 3703 3096 ἡ

2123 3147 2390 3215 πλησίον
2410 3162 2547 3213 μου.
2586 3143 2645 3196 Τί
2670 3139 3055 3209 ὠραιὼθησαν
3081 3136 3139 3186 αἱ
3164 3131 3447 3200 maror-ec
3473 3142 3596 3181 σου
3626 3126 3707 3190 ὡς

2123 3237 2425 3307 τρυγόνες,
2446 3232 2746 3303 τράχηλός
2767 3246 2883 3284 σου
2908 3228 2989 3293 ὡς
3011 3225 3303 3294 όρμίσκοι.
3334 3217 3710 3289 Ὀμοιώματα

2123 3328 2230 3382 τοῦ
2266 3325 2523 3397 χρυσίου
2559 3320 2889 3391 ποιήσομέν
2911 3334 3011 3373 σοι
3038 3315 3187 3386 μετὰ
3218 3311 3570 3384 στιγμάτων
3601 3310 3710 3364 τοῦ

2123 3421 2427 3489 ἀργυρίου.
2453 3418 2601 3482 Ἕως
2628 3410 2700 3469 οὗ
2742 3416 2775 3468 ό
2806 3408 3109 3477 ,ϐασιλεὺς
3144 3407 3212 3460 ἐν
3240 3405 3570 3461 ἀνακλίσει
3604 3404 3710 3456 αὐ-

2125 3512 2252 3576 τοῦ,
2272 3508 2491 3578 νάρδος
2500 3526 2618 3577 μου
2637 3504 2856 3559 ἔδωκεν
2872 3501 3072 3571 ὀσμὴν
3089 3496 3293 3554 αὐτοῦ.
3331 3497 3712 3565 Ἀπόδεσμος

2125 3598 2390 3669 στακτῆς
2427 3597 2746 3666 ἀδελφιδός
2774 3613 2893 3663 μου
2920 3591 3049 3662 ἐμοὶ
3090 3592 3205 3646 ἀνὰ
3232 3589 3427 3660 μέσον
3451 3584 3713 3656 μαστῶν·

2118 3712 2237 3763 μου
2269 3690 2723 3758 αὑλισθήσεται.
2772 3687 2997 3753 Βότρυς
3030 3683 3140 3751 τῆς
3178 3683 3422 3748 Κύπρου
3457 3680 3713 3748 ἀδελφι-

2123 3784 2230 3850 δός
2249 3801 2369 3852 μου
2391 3780 2541 3851 ἐμοὶ,
2567 3780 2636 3833 ἐν
2670 3775 3020 3847 ἀμπελῶσιν
3060 3770 3386 3843 Ἐγγαδδεί.

2196 3877 2336 3929 Ὅσα
2364 3874 2469 3946 πρὸ
2492 3873 2590 3943 τῆς
2622 3864 2900 3943 παρούσης
2931 3866 3291 3935 ἀναγνώσεως
3335 3863 3395 3915 ἐν
3422 3864 3548 3925 τοῖς
3574 3876 3712 3931 προ-

2124 3965 2321 4036 οιμίοις
2351 3964 2445 4018 τοῦ
2478 3964 2753 4036 1’ᾼσματος
2791 3961 2897 4014 τῶν
2950 3956 3204 4031 ᾀσμάτων
3246 3952 3377 4025 ἡμῖν
3410 3954 3714 4027 1505691;—

2124 4075 2232 4122 ται,
2262 4058 2460 4128 ὁμοίως
2490 4056 2603 4126 ἔχει
2631 4056 2701 4126 τῇ
2728 4051 2987 4124 γινομένῃ
3033 4050 3172 4123 μετά
3218 4049 3317 4120 τὴν
3366 4048 3551 4102 νύκτα
3580 4048 3713 4118 περὶ

2126 4148 2214 4201 τὸν
2255 4148 2448 4220 ὄρθρον
2494 4149 2657 4219 αὐγῇ.
2706 4144 2842 4200 Οὔτε
2875 4145 2982 4217 γὰρ
3035 4144 3216 4213 ἐκείνη
3266 4140 3517 4212 καθαρὸν
3571 4143 3710 4211 φῶς,

443 4239 662 4293 quoque
685 4239 809 4294 quae
837 4225 980 4279 diota
1012 4233 1162 4291 sunt,
1204 4235 1332 4280 sunt
1380 4228 1718 4297 hujusmodi,
1755 4240 1810 4285 ut
1860 4232 2013 4289 nobis

2123 4237 2256 4291 ἀλλά
2290 4236 2467 4306 φωτός
2494 4239 2610 4290 ἐστι
2645 4234 2927 4307 προοίμιον
2946 4275 2961 4297 ,
2990 4235 3084 4288 καὶ
3112 4234 3181 4287 τά
3208 4233 3484 4305 εἰρημένα
3519 4232 3710 4287 τοιαῦ·

444 4315 752 4386 signiﬁcent
788 4327 1037 4371 exortum
1093 4332 1240 4371 vera:
1289 4318 1449 4381 lucis,
1485 4335 1594 4374 non
1645 4328 1826 4375 tamen
1873 4323 1927 4377 in
1962 4339 2024 4380 se

444 4406 683 4460 habeant
707 4405 885 4475 ipsum
915 4405 1102 4460 orbem
1130 4406 1263 4460 solis
1294 4408 1442 4461 clare
1472 4421 1846 4478 apparentem.
1884 4412 2020 4467 Nam

445 4498 500 4551 in
535 4497 644 4552 illis
674 4497 893 4567 quidem
923 4497 1166 4567 loquitur
1195 4513 1419 4568 sponsa,
1445 4508 1499 4554 et
1530 4502 1716 4566 amici,
1745 4511 1798 4557 et
1834 4503 2022 4557 adule-

445 4590 706 4643 scentula:
733 4604 746 4641 :
789 4602 936 4641 nunc
964 4597 1145 4641 autem
1184 4603 1285 4641 vox
1318 4588 1489 4658 ipsius
1520 4592 1734 4659 sponsi,
1761 4599 2021 4663 tanquam

444 4678 595 4735 orbis
670 4679 804 4735 solis
884 4679 1106 4740 oritur,
1182 4679 1461 4734 radiorum
1531 4681 1823 4751 splendore
1896 4685 2024 4740 abs-

444 4769 692 4824 condens
729 4782 946 4822 omnem
1016 4767 1362 4837 splendorem
1398 4775 1672 4825 astrorum
1716 4786 1838 4842 qua:
1858 4776 2022 4843 prius

445 4862 799 4934 apparebant,
831 4867 886 4914 et
928 4859 1182 4913 matutini
1213 4860 1358 4928 quod
1392 4861 1668 4916 illuxerat.
1708 4864 1800 4917 llla
1839 4875 2021 4919 autem

443 4955 630 5009 omnia
659 4952 771 5006 vim
801 4950 1092 5021 quamdam
1121 4950 1323 5004 habent
1355 4953 1741 5022 purgationum
1765 4962 1819 5009 et
1842 4971 2024 5025 aSper-

446 5050 688 5113 sianum,
750 5064 848 5119 per
897 5064 1037 5119 quas
1077 5049 1290 5118 etpiata
1325 5050 1507 5104 anima
1544 5061 1770 5120 paratur
1815 5052 1881 5107 ad
1934 5068 2021 5108 res

444 5139 664 5194 divinas
694 5139 1049 5208 excipiendas
1078 5157 1091 5190 :
1124 5138 1269 5208 quod
1303 5148 1483 5195 autem
1511 5154 1660 5195 nunc
1689 5141 1911 5205 dicitur,
1936 5150 2022 5198 est

447 5233 802 5301 participatio
838 5230 1013 5301 ipsius
1042 5230 1367 5295 divinitatis,
1396 5231 1518 5302 ipso
1565 5230 1678 5288 Deo
1704 5231 1885 5289 Verbo
1924 5248 2021 5303 per

445 5323 722 5393 propriam
745 5337 933 5377 vocem
959 5322 1299 5391 impertiente
1335 5322 1574 5377 auditori
1606 5331 1931 5394 potestatem
1964 5325 2017 5380 in

445 5429 608 5483 quam
625 5429 733 5468 non
755 5413 902 5468 cadit
925 5415 1201 5469 interitus.
1228 5414 1294 5469 Et
1316 5417 1592 5485 quomodo
1609 5417 1660 5470 in
1689 5425 1872 5473 monte
1890 5415 2021 5472 Sina

444 5503 861 5572 ptrgationibus
891 5505 1044 5575 prius
1079 5514 1305 5576 paratus
1332 5504 1501 5563 Israel
1551 5507 1765 5564 duobus
1803 5508 2017 5575 diebus,

521 5677 566 5709 ⁸³
592 5677 766 5734 Lerit.
794 5694 946 5748 snt,
982 5680 1068 5737 12.
1142 5684 1185 5716 ⁸⁸
1212 5680 1401 5739 Matth.
1439 5699 1566 5744 xxv.
1598 5684 1687 5739 3t}.

2122 4344 2210 4392 τα,
2258 4328 2332 4391 ὡς
2370 4326 2469 4399 τὴν
2493 4325 2755 4397 ἀνατολὴν
2801 4325 2900 4394 μὲν
2946 4326 3075 4395 ἡμῖν
3107 4323 3200 4378 τοῦ
3232 4324 3495 4396 ἀληθινοῦ
3542 4346 3711 4381 κατα-

2127 4419 2349 4489 μηνύειν
2397 4417 2573 4486 φωτὸς
2593 4457 2609 4483 ,
2657 4419 2715 4471 οὐ
2759 4420 2866 4489 μὴν
2911 4420 2968 4471 ἐν
2998 4418 3209 4481 ἑαυτοῖς
3236 4417 3382 4488 ἔχειν
3410 4419 3585 4473 αὐτὸν
3613 4421 3709 4476 τοῦ

2122 4510 2273 4581 ἡλίου
2302 4508 2393 4561 τὸν
2425 4507 2623 4561 κύκλον
2650 4507 2936 4579 τηλαυγῶς
2969 4507 3423 4578 προφαινόμενον.
3455 4511 3552 4564 Ἑν
3569 4510 3712 4564 ὲκεί-

2122 4594 2233 4664 νοις
2268 4600 2364 4669 μὲν
2396 4599 2503 4669 γὰρ
2532 4600 2565 4669 ἡ
2595 4598 2781 4669 νύμφη
2815 4598 3134 4668 φθέγγεται,
3186 4600 3281 4652 καὶ
3310 4600 3362 4652 οἱ
3396 4598 3569 4668 φίλοι.
3618 4603 3711 4656 καὶ

2123 4692 2178 4744 αἱ
2210 4689 2446 4753 νεάνιδες
2468 4706 2482 4720 ·
2516 4687 2613 4740 νῦν
2650 4688 2705 4741 δὲ
2736 4687 2901 4742 αὐτοῦ
2936 4686 3030 4741 τοῦ
3060 4686 3292 4760 νυμφίου
3323 4690 3506 4761 φωνὴ,
3539 4691 3710 4745 καθά-

2122 4796 2229 4849 περ
2256 4797 2338 4843 τις
2371 4779 2568 4843 κύκλος
2597 4779 2818 4850 ὴλιακὸς
2849 4781 3149 4845 ἀνατέλλει,
3179 4782 3562 4853 ἀποκρύπτων
3591 4790 3710 4849 ταῖς

2121 4871 2229 4925 τῶν
2274 4872 2505 4925 ἀκτίνων
2549 4873 2744 4941 αὐγαῖς
2793 4873 2971 4925 πᾶσαν
3016 4872 3127 4926 τῶν
3188 4890 3250 4926 τε
3311 4878 3709 4946 προφανέντων

2121 4962 2387 5033 ἀστέρων,
2423 4963 2517 5015 καὶ
2548 4962 2642 5016 τοῦ
2681 4963 3093 5030 ὑπαυγάσαντος
3119 4964 3318 5036 δρθρου
3348 4966 3448 5037 τὴν
3485 4969 3710 5039 λαμπηο

2121 5053 2266 5107 δόνα.
2319 5054 2563 5107 Κάκεῖνα
2595 5054 2693 5125 μὲν
2719 5055 2897 5108 πάντα
2927 5056 3237 5127 καθαρσίων
3278 5058 3445 5113 τινῶν
3486 5063 3586 5115 καὶ
3617 5078 3710 5113 πε-

2126 5145 2521 5218 ριρραντηρίων
2566 5145 2795 5215 δύναμιν
2828 5146 2969 5216 ἔχει,
3018 5148 3086 5200 δι’
3116 5140 3191 5201 ὧν
3225 5150 3632 5219 ἁφαγνισθεῖσα
3676 5155 3707 5224 ἡ

2121 5238 2264 5310 ψυχὴ
2294 5239 2429 5310 πρὸς
2458 5238 2556 5310 τὴν
2585 5240 2850 5311 ὑποδοχὴν
2873 5240 2979 5294 τῶν
2999 5240 3159 5295 θείων
3185 5244 3707 5313 παρασκευάζεται*

2121 5330 2149 5381 ὁ
2178 5329 2235 5382 δὲ
2262 5329 2357 5382 νῦν
2385 5329 2562 5397 λόγος,
2605 5331 2776 5401 αὐτῆς
2816 5332 2919 5402 τῆς
2968 5332 3219 5403 θεότητός
3251 5336 3369 5389 ἐστι
3421 5339 3703 5407 μετουσία.

2121 5420 2214 5474 τοῦ
2242 5420 2377 5475 Θεοῦ
2406 5421 2578 5491 Λόγου
2599 5422 2688 5476 διὰ
2717 5423 2817 5492 τῆς
2850 5422 2984 5488 ιδίας
3012 5425 3194 5496 φωνῆς
3225 5427 3608 5497 μεταδιδόντος
3636 5428 3706 5497 τῷ

2123 5513 2371 5569 ἀκούοντι
2390 5517 2492 5587 τῆς
2523 5514 2804 5588 ἀκηράτου
2823 5516 3107 5588 δυνάμεως
3129 5516 3230 5589 τήν
3250 5521 3567 5577 κοινωνίαν.
3604 5522 3644 5574 Κ
3658 5523 3701 5575 :1
